  <div class='ocr_page' id='page_1' title='image "/cluster/home/n/w/nwhite01/storage/ocr_20150623/129/mdp.39015061528470/199.png"; bbox 0 0 4206 6310; ppageno 0'>
   <div class='ocr_carea' id='block_1_1' title="bbox 511 318 617 377">
    <p class='ocr_par' dir='ltr' id='par_1_1' title="bbox 511 318 617 377">
     <span class='ocr_line' id='line_1_1' title="bbox 511 318 617 377; baseline 0.009 -1"><span class='ocrx_word' id='word_1_1' title='bbox 511 318 617 377; x_wconf 83' lang='grc'>379</span> 
     </span>
    </p>
   </div>
   <div class='ocr_carea' id='block_1_2' title="bbox 1814 315 2537 375">
    <p class='ocr_par' dir='ltr' id='par_1_2' title="bbox 1814 315 2537 375">
     <span class='ocr_line' id='line_1_2' title="bbox 1814 315 2537 375; baseline 0.006 -4"><span class='ocrx_word' id='word_1_2' title='bbox 1814 315 2166 372; x_wconf 87' lang='lat' dir='ltr'>EUTYHMII</span> <span class='ocrx_word' id='word_1_3' title='bbox 2204 315 2537 375; x_wconf 83' lang='lat' dir='ltr'>ZIGABENI</span> 
     </span>
    </p>
   </div>
   <div class='ocr_carea' id='block_1_3' title="bbox 3766 331 3918 387">
    <p class='ocr_par' dir='ltr' id='par_1_3' title="bbox 3766 331 3918 387">
     <span class='ocr_line' id='line_1_3' title="bbox 3766 331 3918 387; baseline 0 0"><span class='ocrx_word' id='word_1_4' title='bbox 3766 331 3918 387; x_wconf 88' lang='lat'>380</span> 
     </span>
    </p>
   </div>
   <div class='ocr_carea' id='block_1_4' title="bbox 511 441 2170 531">
    <p class='ocr_par' dir='ltr' id='par_1_4' title="bbox 511 441 2160 518">
     <span class='ocr_line' id='line_1_4' title="bbox 511 441 2160 518; baseline -0.002 -17"><span class='ocrx_word' id='word_1_5' title='bbox 511 462 630 518; x_wconf 90' lang='lat' dir='ltr'>que</span> <span class='ocrx_word' id='word_1_6' title='bbox 647 446 1200 518; x_wconf 66' lang='lat' dir='ltr'>daemoniaejiciunt</span> <span class='ocrx_word' id='word_1_7' title='bbox 1217 461 1326 502; x_wconf 90' lang='lat' dir='ltr'>nec</span> <span class='ocrx_word' id='word_1_8' title='bbox 1347 445 1703 501; x_wconf 85' lang='lat' dir='ltr'>accusantur</span> <span class='ocrx_word' id='word_1_9' title='bbox 1740 458 1772 498; x_wconf 87' lang='lat' dir='ltr'>a</span> <span class='ocrx_word' id='word_1_10' title='bbox 1800 441 1990 507; x_wconf 84' lang='lat' dir='ltr'>vobis,</span> <span class='ocrx_word' id='word_1_11' title='bbox 2024 457 2160 514; x_wconf 90' lang='lat' dir='ltr'>pro-</span> 
     </span>
    </p>
   </div>
   <div class='ocr_carea' id='block_1_5' title="bbox 2278 441 3920 531">
    <p class='ocr_par' dir='ltr' id='par_1_5' title="bbox 2278 442 3920 531">
     <span class='ocr_line' id='line_1_5' title="bbox 2278 442 3920 531; baseline 0.01 -37"><span class='ocrx_word' id='word_1_12' title='bbox 2278 448 2358 495; x_wconf 72' lang='lat' dir='ltr'>mi.</span> <span class='ocrx_word' id='word_1_13' title='bbox 2403 444 2552 497; x_wconf 81' lang='grc' dir='ltr'>αὐτοὶ</span> <span class='ocrx_word' id='word_1_14' title='bbox 2591 442 2860 519; x_wconf 87' lang='grc' dir='ltr'>δαιμόνια,</span> <span class='ocrx_word' id='word_1_15' title='bbox 2911 456 3000 504; x_wconf 84' lang='grc' dir='ltr'>καὶ</span> <span class='ocrx_word' id='word_1_16' title='bbox 3046 451 3158 525; x_wconf 80' lang='grc'>(81)</span> <span class='ocrx_word' id='word_1_17' title='bbox 3211 453 3303 506; x_wconf 78' lang='grc' dir='ltr'>οὐκ</span> <span class='ocrx_word' id='word_1_18' title='bbox 3357 454 3694 526; x_wconf 77' lang='grc' dir='ltr'>ἐγκαλοῦνται</span> <span class='ocrx_word' id='word_1_19' title='bbox 3748 456 3920 531; x_wconf 76' lang='grc' dir='ltr'>παρ’</span> 
     </span>
    </p>
   </div>
   <div class='ocr_carea' id='block_1_6' title="bbox 515 531 2158 607">
    <p class='ocr_par' dir='ltr' id='par_1_6' title="bbox 515 531 2158 607">
     <span class='ocr_line' id='line_1_6' title="bbox 515 531 2158 607; baseline -0.001 -17"><span class='ocrx_word' id='word_1_20' title='bbox 515 541 719 606; x_wconf 89' lang='lat' dir='ltr'>pterea</span> <span class='ocrx_word' id='word_1_21' title='bbox 763 535 875 603; x_wconf 85' lang='lat' dir='ltr'>ipsi</span> <span class='ocrx_word' id='word_1_22' title='bbox 930 536 1161 607; x_wconf 91' lang='lat' dir='ltr'>judices</span> <span class='ocrx_word' id='word_1_23' title='bbox 1191 534 1368 591; x_wconf 80' lang='lat' dir='ltr'>vestri</span> <span class='ocrx_word' id='word_1_24' title='bbox 1419 535 1635 590; x_wconf 87' lang='lat' dir='ltr'>erunt:</span> <span class='ocrx_word' id='word_1_25' title='bbox 1689 535 1745 588; x_wconf 91' lang='lat' dir='ltr'>et</span> <span class='ocrx_word' id='word_1_26' title='bbox 1801 531 2158 589; x_wconf 87' lang='lat' dir='ltr'>condemna-</span> 
     </span>
    </p>
   </div>
   <div class='ocr_carea' id='block_1_7' title="bbox 513 620 2158 695">
    <p class='ocr_par' dir='ltr' id='par_1_7' title="bbox 513 620 2158 695">
     <span class='ocr_line' id='line_1_7' title="bbox 513 620 2158 695; baseline -0.001 -17"><span class='ocrx_word' id='word_1_27' title='bbox 513 624 665 680; x_wconf 90' lang='lat' dir='ltr'>bunt</span> <span class='ocrx_word' id='word_1_28' title='bbox 695 640 803 680; x_wconf 88' lang='lat' dir='ltr'>vos</span> <span class='ocrx_word' id='word_1_29' title='bbox 837 641 851 691; x_wconf 89' lang='lat'><strong>;</strong></span> <span class='ocrx_word' id='word_1_30' title='bbox 900 640 1023 682; x_wconf 92' lang='lat' dir='ltr'>non</span> <span class='ocrx_word' id='word_1_31' title='bbox 1075 625 1150 680; x_wconf 92' lang='lat' dir='ltr'>de</span> <span class='ocrx_word' id='word_1_32' title='bbox 1183 623 1476 690; x_wconf 88' lang='lat' dir='ltr'>omnibus,</span> <span class='ocrx_word' id='word_1_33' title='bbox 1521 637 1656 695; x_wconf 74' lang='lat' dir='ltr'>quae</span> <span class='ocrx_word' id='word_1_34' title='bbox 1713 620 1774 676; x_wconf 91' lang='lat' dir='ltr'>in</span> <span class='ocrx_word' id='word_1_35' title='bbox 1799 621 1920 678; x_wconf 86' lang='lat' dir='ltr'>vita</span> <span class='ocrx_word' id='word_1_36' title='bbox 1949 635 2158 694; x_wconf 89' lang='lat' dir='ltr'>perpe-</span> 
     </span>
    </p>
   </div>
   <div class='ocr_carea' id='block_1_8' title="bbox 517 710 2162 780">
    <p class='ocr_par' dir='ltr' id='par_1_8' title="bbox 517 710 2162 780">
     <span class='ocr_line' id='line_1_8' title="bbox 517 710 2162 780; baseline -0.001 -12"><span class='ocrx_word' id='word_1_37' title='bbox 517 713 708 768; x_wconf 87' lang='lat' dir='ltr'>trastis</span> <span class='ocrx_word' id='word_1_38' title='bbox 769 730 782 780; x_wconf 90' lang='lat'>;</span> <span class='ocrx_word' id='word_1_39' title='bbox 867 729 1002 771; x_wconf 86' lang='lat' dir='ltr'>nam</span> <span class='ocrx_word' id='word_1_40' title='bbox 1055 714 1117 769; x_wconf 89' lang='lat' dir='ltr'>id</span> <span class='ocrx_word' id='word_1_41' title='bbox 1165 713 1348 769; x_wconf 91' lang='lat' dir='ltr'>solius</span> <span class='ocrx_word' id='word_1_42' title='bbox 1429 711 1530 768; x_wconf 85' lang='lat' dir='ltr'>Dei</span> <span class='ocrx_word' id='word_1_43' title='bbox 1613 716 1720 778; x_wconf 89' lang='lat' dir='ltr'>est,</span> <span class='ocrx_word' id='word_1_44' title='bbox 1769 711 1873 766; x_wconf 91' lang='lat' dir='ltr'>sed</span> <span class='ocrx_word' id='word_1_45' title='bbox 1921 711 1996 766; x_wconf 93' lang='lat' dir='ltr'>de</span> <span class='ocrx_word' id='word_1_46' title='bbox 2046 710 2162 767; x_wconf 89' lang='lat' dir='ltr'>hac</span> 
     </span>
    </p>
   </div>
   <div class='ocr_carea' id='block_1_9' title="bbox 514 798 2159 875">
    <p class='ocr_par' dir='ltr' id='par_1_9' title="bbox 514 798 2159 875">
     <span class='ocr_line' id='line_1_9' title="bbox 514 798 2159 875; baseline 0.001 -20"><span class='ocrx_word' id='word_1_47' title='bbox 514 801 914 875; x_wconf 83' lang='lat' dir='ltr'>blasphemia,</span> <span class='ocrx_word' id='word_1_48' title='bbox 962 803 1266 874; x_wconf 89' lang='lat' dir='ltr'>quoniam,</span> <span class='ocrx_word' id='word_1_49' title='bbox 1309 801 1423 857; x_wconf 88' lang='lat' dir='ltr'>illis</span> <span class='ocrx_word' id='word_1_50' title='bbox 1451 799 1687 864; x_wconf 80' lang='lat' dir='ltr'>relictis,</span> <span class='ocrx_word' id='word_1_51' title='bbox 1738 799 1882 855; x_wconf 89' lang='lat' dir='ltr'>moti</span> <span class='ocrx_word' id='word_1_52' title='bbox 1914 798 2159 867; x_wconf 83' lang='lat' dir='ltr'>invidia,</span> 
     </span>
    </p>
   </div>
   <div class='ocr_carea' id='block_1_10' title="bbox 515 887 2161 962">
    <p class='ocr_par' dir='ltr' id='par_1_10' title="bbox 515 887 2161 962">
     <span class='ocr_line' id='line_1_10' title="bbox 515 887 2161 962; baseline -0.002 -16"><span class='ocrx_word' id='word_1_53' title='bbox 515 907 612 946; x_wconf 89' lang='lat' dir='ltr'>me</span> <span class='ocrx_word' id='word_1_54' title='bbox 663 891 858 947; x_wconf 89' lang='lat' dir='ltr'>solum</span> <span class='ocrx_word' id='word_1_55' title='bbox 903 891 1217 947; x_wconf 79' lang='lat' dir='ltr'>accusatis.</span> <span class='ocrx_word' id='word_1_56' title='bbox 1251 890 1352 944; x_wconf 88' lang='lat' dir='ltr'>Vel</span> <span class='ocrx_word' id='word_1_57' title='bbox 1403 894 1644 962; x_wconf 76' lang='lat' dir='ltr'>propter</span> <span class='ocrx_word' id='word_1_58' title='bbox 1687 889 1821 953; x_wconf 89' lang='lat' dir='ltr'>hoc,</span> <span class='ocrx_word' id='word_1_59' title='bbox 1852 887 1996 960; x_wconf 85' lang='lat' dir='ltr'>quia</span> <span class='ocrx_word' id='word_1_60' title='bbox 2024 903 2161 943; x_wconf 88' lang='lat' dir='ltr'>eum</span> 
     </span>
    </p>
   </div>
   <div class='ocr_carea' id='block_1_11' title="bbox 517 975 2162 1046">
    <p class='ocr_par' dir='ltr' id='par_1_11' title="bbox 517 975 2162 1046">
     <span class='ocr_line' id='line_1_11' title="bbox 517 975 2162 1046; baseline -0.001 -14"><span class='ocrx_word' id='word_1_61' title='bbox 517 979 632 1035; x_wconf 90' lang='lat' dir='ltr'>sint</span> <span class='ocrx_word' id='word_1_62' title='bbox 661 979 767 1036; x_wconf 83' lang='lat' dir='ltr'>ﬁlii</span> <span class='ocrx_word' id='word_1_63' title='bbox 793 980 984 1043; x_wconf 89' lang='lat' dir='ltr'>vestri,</span> <span class='ocrx_word' id='word_1_64' title='bbox 1023 983 1079 1034; x_wconf 92' lang='lat' dir='ltr'>et</span> <span class='ocrx_word' id='word_1_65' title='bbox 1104 979 1456 1046; x_wconf 84' lang='lat' dir='ltr'>agnoverint</span> <span class='ocrx_word' id='word_1_66' title='bbox 1511 979 1832 1042; x_wconf 84' lang='lat' dir='ltr'>veritatem,</span> <span class='ocrx_word' id='word_1_67' title='bbox 1883 975 2162 1032; x_wconf 89' lang='lat' dir='ltr'>condem-</span> 
     </span>
    </p>
   </div>
   <div class='ocr_carea' id='block_1_12' title="bbox 518 1066 2163 1140">
    <p class='ocr_par' dir='ltr' id='par_1_12' title="bbox 518 1066 2163 1140">
     <span class='ocr_line' id='line_1_12' title="bbox 518 1066 2163 1140; baseline -0.001 -18"><span class='ocrx_word' id='word_1_68' title='bbox 518 1068 751 1124; x_wconf 89' lang='lat' dir='ltr'>nabunt</span> <span class='ocrx_word' id='word_1_69' title='bbox 824 1083 934 1124; x_wconf 90' lang='lat' dir='ltr'>vos</span> <span class='ocrx_word' id='word_1_70' title='bbox 992 1072 1190 1140; x_wconf 81' lang='lat' dir='ltr'>patres</span> <span class='ocrx_word' id='word_1_71' title='bbox 1240 1083 1402 1136; x_wconf 89' lang='lat' dir='ltr'>suos,</span> <span class='ocrx_word' id='word_1_72' title='bbox 1466 1067 1569 1139; x_wconf 86' lang='lat' dir='ltr'>qui</span> <span class='ocrx_word' id='word_1_73' title='bbox 1618 1066 1775 1123; x_wconf 90' lang='lat' dir='ltr'>hanc</span> <span class='ocrx_word' id='word_1_74' title='bbox 1835 1079 2163 1137; x_wconf 87' lang='lat' dir='ltr'>cognocere</span> 
     </span>
    </p>
   </div>
   <div class='ocr_carea' id='block_1_13' title="bbox 517 1155 806 1212">
    <p class='ocr_par' dir='ltr' id='par_1_13' title="bbox 517 1155 806 1212">
     <span class='ocr_line' id='line_1_13' title="bbox 517 1155 806 1212; baseline 0 -2"><span class='ocrx_word' id='word_1_75' title='bbox 517 1155 806 1212; x_wconf 88' lang='lat' dir='ltr'>noluistis.</span> 
     </span>
    </p>
   </div>
   <div class='ocr_carea' id='block_1_14' title="bbox 586 1243 2165 1315">
    <p class='ocr_par' dir='ltr' id='par_1_14' title="bbox 586 1243 2165 1315">
     <span class='ocr_line' id='line_1_14' title="bbox 586 1243 2165 1315; baseline 0.001 -16"><span class='ocrx_word' id='word_1_76' title='bbox 586 1247 745 1300; x_wconf 82' lang='lat' dir='ltr'>Vers.</span> <span class='ocrx_word' id='word_1_77' title='bbox 779 1247 870 1302; x_wconf 89' lang='lat'>28.</span> <span class='ocrx_word' id='word_1_78' title='bbox 912 1245 977 1302; x_wconf 82' lang='lat' dir='ltr'>Si</span> <span class='ocrx_word' id='word_1_79' title='bbox 1019 1274 1086 1286; x_wconf 96' lang='lat'>—</span> <span class='ocrx_word' id='word_1_80' title='bbox 1142 1261 1385 1315; x_wconf 81' lang='lat' dir='ltr'>regnum</span> <span class='ocrx_word' id='word_1_81' title='bbox 1425 1245 1548 1300; x_wconf 79' lang='lat' dir='ltr'>Dei.</span> <span class='ocrx_word' id='word_1_82' title='bbox 1581 1246 1622 1314; x_wconf 85' lang='grc' dir='ltr'>-ι-</span> <span class='ocrx_word' id='word_1_83' title='bbox 1669 1243 1896 1315; x_wconf 88' lang='lat' dir='ltr'>Digitus</span> <span class='ocrx_word' id='word_1_84' title='bbox 1944 1243 2043 1300; x_wconf 89' lang='lat' dir='ltr'>Dei</span> <span class='ocrx_word' id='word_1_85' title='bbox 2068 1243 2165 1300; x_wconf 88' lang='lat' dir='ltr'>hic</span> 
     </span>
    </p>
   </div>
   <div class='ocr_carea' id='block_1_15' title="bbox 516 1331 2165 1404">
    <p class='ocr_par' dir='ltr' id='par_1_15' title="bbox 516 1331 2165 1404">
     <span class='ocr_line' id='line_1_15' title="bbox 516 1331 2165 1404; baseline 0.001 -18"><span class='ocrx_word' id='word_1_86' title='bbox 516 1331 632 1387; x_wconf 92' lang='lat' dir='ltr'>dici</span> <span class='ocrx_word' id='word_1_87' title='bbox 683 1337 874 1404; x_wconf 83' lang='lat' dir='ltr'>potest</span> <span class='ocrx_word' id='word_1_88' title='bbox 931 1333 1173 1404; x_wconf 86' lang='lat' dir='ltr'>Spiritus</span> <span class='ocrx_word' id='word_1_89' title='bbox 1237 1337 1501 1388; x_wconf 89' lang='lat' dir='ltr'>sanctus.</span> <span class='ocrx_word' id='word_1_90' title='bbox 1558 1333 1704 1388; x_wconf 91' lang='lat' dir='ltr'>Cum</span> <span class='ocrx_word' id='word_1_91' title='bbox 1760 1331 1920 1387; x_wconf 90' lang='lat' dir='ltr'>enim</span> <span class='ocrx_word' id='word_1_92' title='bbox 1977 1331 2165 1388; x_wconf 83' lang='lat' dir='ltr'>caeteri</span> 
     </span>
    </p>
   </div>
   <div class='ocr_carea' id='block_1_16' title="bbox 518 1420 2166 1493">
    <p class='ocr_par' dir='ltr' id='par_1_16' title="bbox 518 1420 2166 1493">
     <span class='ocr_line' id='line_1_16' title="bbox 518 1420 2166 1493; baseline 0.001 -17"><span class='ocrx_word' id='word_1_93' title='bbox 518 1421 901 1491; x_wconf 56' lang='lat' dir='ltr'>evangelista;</span> <span class='ocrx_word' id='word_1_94' title='bbox 923 1421 1223 1478; x_wconf 92' lang='lat' dir='ltr'>dixerunt:</span> <span class='ocrx_word' id='word_1_95' title='bbox 1249 1422 1314 1477; x_wconf 90' lang='lat' dir='ltr'>Si</span> <span class='ocrx_word' id='word_1_96' title='bbox 1333 1437 1428 1493; x_wconf 88' lang='lat' dir='ltr'>ego</span> <span class='ocrx_word' id='word_1_97' title='bbox 1438 1437 1549 1491; x_wconf 82' lang='lat' dir='ltr'>per</span> <span class='ocrx_word' id='word_1_98' title='bbox 1565 1421 1860 1490; x_wconf 82' lang='lat' dir='ltr'>Spir-itum</span> <span class='ocrx_word' id='word_1_99' title='bbox 1885 1420 1986 1476; x_wconf 89' lang='lat' dir='ltr'>Dei</span> <span class='ocrx_word' id='word_1_100' title='bbox 2001 1421 2166 1490; x_wconf 85' lang='lat' dir='ltr'>ejicio</span> 
     </span>
    </p>
   </div>
   <div class='ocr_carea' id='block_1_17' title="bbox 514 1510 2164 1582">
    <p class='ocr_par' dir='ltr' id='par_1_17' title="bbox 514 1510 2164 1582">
     <span class='ocr_line' id='line_1_17' title="bbox 514 1510 2164 1582; baseline 0.002 -18"><span class='ocrx_word' id='word_1_101' title='bbox 514 1510 827 1579; x_wconf 75' lang='lat' dir='ltr'>daemonia,</span> <span class='ocrx_word' id='word_1_102' title='bbox 849 1513 1034 1568; x_wconf 88' lang='lat' dir='ltr'>Lucas</span> <span class='ocrx_word' id='word_1_103' title='bbox 1063 1511 1211 1567; x_wconf 89' lang='lat' dir='ltr'>dixit</span> <span class='ocrx_word' id='word_1_104' title='bbox 1238 1511 1325 1567; x_wconf 82' lang='lat' dir='ltr'>:Si</span> <span class='ocrx_word' id='word_1_105' title='bbox 1335 1527 1436 1582; x_wconf 84' lang='lat' dir='ltr'>ego</span> <span class='ocrx_word' id='word_1_106' title='bbox 1463 1526 1572 1582; x_wconf 78' lang='lat' dir='ltr'>per</span> <span class='ocrx_word' id='word_1_107' title='bbox 1594 1511 1842 1582; x_wconf 77' lang='lat' dir='ltr'>digitum</span> <span class='ocrx_word' id='word_1_108' title='bbox 1871 1510 1978 1567; x_wconf 82' lang='lat' dir='ltr'>Dei</span> <span class='ocrx_word' id='word_1_109' title='bbox 2000 1512 2164 1581; x_wconf 58' lang='lat' dir='ltr'>ejicio</span> 
     </span>
    </p>
   </div>
   <div class='ocr_carea' id='block_1_18' title="bbox 515 1599 904 1657">
    <p class='ocr_par' dir='ltr' id='par_1_18' title="bbox 515 1599 904 1657">
     <span class='ocr_line' id='line_1_18' title="bbox 515 1599 904 1657; baseline 0.01 -4"><span class='ocrx_word' id='word_1_110' title='bbox 515 1599 802 1655; x_wconf 75' lang='lat' dir='ltr'>daemonia</span> <span class='ocrx_word' id='word_1_111' title='bbox 834 1601 904 1657; x_wconf 73' lang='grc' dir='ltr'>τ’.</span> 
     </span>
    </p>
   </div>
   <div class='ocr_carea' id='block_1_19' title="bbox 585 1688 2167 1761">
    <p class='ocr_par' dir='ltr' id='par_1_19' title="bbox 585 1688 2167 1761">
     <span class='ocr_line' id='line_1_19' title="bbox 585 1688 2167 1761; baseline 0.003 -19"><span class='ocrx_word' id='word_1_112' title='bbox 585 1689 906 1760; x_wconf 85' lang='lat' dir='ltr'>Postquam</span> <span class='ocrx_word' id='word_1_113' title='bbox 959 1688 1412 1752; x_wconf 82' lang='lat' dir='ltr'>demonstravit,</span> <span class='ocrx_word' id='word_1_114' title='bbox 1463 1689 1627 1761; x_wconf 90' lang='lat' dir='ltr'>quod</span> <span class='ocrx_word' id='word_1_115' title='bbox 1692 1705 1815 1745; x_wconf 90' lang='lat' dir='ltr'>non</span> <span class='ocrx_word' id='word_1_116' title='bbox 1865 1704 1969 1760; x_wconf 92' lang='lat' dir='ltr'>per</span> <span class='ocrx_word' id='word_1_117' title='bbox 2015 1689 2167 1746; x_wconf 92' lang='lat' dir='ltr'>Beel-</span> 
     </span>
    </p>
   </div>
   <div class='ocr_carea' id='block_1_20' title="bbox 516 1775 2166 1848">
    <p class='ocr_par' dir='ltr' id='par_1_20' title="bbox 516 1775 2166 1848">
     <span class='ocr_line' id='line_1_20' title="bbox 516 1775 2166 1848; baseline 0.002 -18"><span class='ocrx_word' id='word_1_118' title='bbox 516 1775 686 1832; x_wconf 88' lang='lat' dir='ltr'>zebul</span> <span class='ocrx_word' id='word_1_119' title='bbox 736 1777 971 1848; x_wconf 88' lang='lat' dir='ltr'>ejiceret</span> <span class='ocrx_word' id='word_1_120' title='bbox 1025 1777 1342 1842; x_wconf 85' lang='lat' dir='ltr'>daemonia,</span> <span class='ocrx_word' id='word_1_121' title='bbox 1391 1777 1568 1833; x_wconf 92' lang='lat' dir='ltr'>simul</span> <span class='ocrx_word' id='word_1_122' title='bbox 1620 1778 1796 1833; x_wconf 81' lang='lat' dir='ltr'>etiam</span> <span class='ocrx_word' id='word_1_123' title='bbox 1835 1794 1907 1834; x_wconf 91' lang='lat' dir='ltr'>ex</span> <span class='ocrx_word' id='word_1_124' title='bbox 1960 1793 2166 1834; x_wconf 83' lang='lat' dir='ltr'>conse—</span> 
     </span>
    </p>
   </div>
   <div class='ocr_carea' id='block_1_21' title="bbox 515 1865 2170 1938">
    <p class='ocr_par' dir='ltr' id='par_1_21' title="bbox 515 1865 2170 1938">
     <span class='ocr_line' id='line_1_21' title="bbox 515 1865 2170 1938; baseline 0.001 -19"><span class='ocrx_word' id='word_1_125' title='bbox 515 1865 724 1935; x_wconf 89' lang='lat' dir='ltr'>quenti</span> <span class='ocrx_word' id='word_1_126' title='bbox 773 1866 1055 1936; x_wconf 81' lang='lat' dir='ltr'>ostendit,</span> <span class='ocrx_word' id='word_1_127' title='bbox 1108 1866 1277 1938; x_wconf 91' lang='lat' dir='ltr'>quod</span> <span class='ocrx_word' id='word_1_128' title='bbox 1320 1881 1392 1922; x_wconf 88' lang='lat' dir='ltr'>ea</span> <span class='ocrx_word' id='word_1_129' title='bbox 1432 1882 1538 1937; x_wconf 91' lang='lat' dir='ltr'>per</span> <span class='ocrx_word' id='word_1_130' title='bbox 1579 1865 1870 1936; x_wconf 87' lang='lat' dir='ltr'>Spiritum</span> <span class='ocrx_word' id='word_1_131' title='bbox 1924 1866 2026 1921; x_wconf 92' lang='lat' dir='ltr'>Dei</span> <span class='ocrx_word' id='word_1_132' title='bbox 2075 1867 2170 1936; x_wconf 90' lang='lat' dir='ltr'>eji-</span> 
     </span>
    </p>
   </div>
   <div class='ocr_carea' id='block_1_22' title="bbox 518 1953 2169 2026">
    <p class='ocr_par' dir='ltr' id='par_1_22' title="bbox 518 1953 2169 2026">
     <span class='ocr_line' id='line_1_22' title="bbox 518 1953 2169 2026; baseline 0.002 -20"><span class='ocrx_word' id='word_1_133' title='bbox 518 1957 699 2008; x_wconf 91' lang='lat' dir='ltr'>ceret.</span> <span class='ocrx_word' id='word_1_134' title='bbox 742 1954 1028 2025; x_wconf 83' lang='lat' dir='ltr'>Spiritum</span> <span class='ocrx_word' id='word_1_135' title='bbox 1061 1961 1258 2010; x_wconf 88' lang='lat' dir='ltr'>autem</span> <span class='ocrx_word' id='word_1_136' title='bbox 1282 1953 1382 2009; x_wconf 91' lang='lat' dir='ltr'>Dei</span> <span class='ocrx_word' id='word_1_137' title='bbox 1422 1969 1582 2009; x_wconf 90' lang='lat' dir='ltr'>nunc</span> <span class='ocrx_word' id='word_1_138' title='bbox 1615 1953 1945 2026; x_wconf 84' lang='lat' dir='ltr'>potentiam</span> <span class='ocrx_word' id='word_1_139' title='bbox 1974 1959 2169 2010; x_wconf 88' lang='lat' dir='ltr'>vocat.</span> 
     </span>
    </p>
   </div>
   <div class='ocr_carea' id='block_1_23' title="bbox 518 2041 2172 2112">
    <p class='ocr_par' dir='ltr' id='par_1_23' title="bbox 518 2041 2172 2112">
     <span class='ocr_line' id='line_1_23' title="bbox 518 2041 2172 2112; baseline 0.001 -16"><span class='ocrx_word' id='word_1_140' title='bbox 518 2043 667 2098; x_wconf 87' lang='lat' dir='ltr'>Nam</span> <span class='ocrx_word' id='word_1_141' title='bbox 697 2045 754 2098; x_wconf 91' lang='lat' dir='ltr'>et</span> <span class='ocrx_word' id='word_1_142' title='bbox 791 2043 1021 2098; x_wconf 89' lang='lat' dir='ltr'>Lucas:</span> <span class='ocrx_word' id='word_1_143' title='bbox 1049 2043 1166 2099; x_wconf 88' lang='lat' dir='ltr'>Per</span> <span class='ocrx_word' id='word_1_144' title='bbox 1194 2043 1454 2112; x_wconf 67' lang='lat' dir='ltr'>digitum</span> <span class='ocrx_word' id='word_1_145' title='bbox 1494 2043 1603 2098; x_wconf 81' lang='lat' dir='ltr'>Dei</span> <span class='ocrx_word' id='word_1_146' title='bbox 1633 2041 1784 2098; x_wconf 85' lang='lat' dir='ltr'>dixit</span> <span class='ocrx_word' id='word_1_147' title='bbox 1817 2043 1884 2108; x_wconf 76' lang='grc' dir='ltr'>⁸ο,</span> <span class='ocrx_word' id='word_1_148' title='bbox 1917 2041 2032 2097; x_wconf 93' lang='lat' dir='ltr'>hoc</span> <span class='ocrx_word' id='word_1_149' title='bbox 2062 2045 2172 2098; x_wconf 60' lang='lat' dir='ltr'>est:</span> 
     </span>
    </p>
   </div>
   <div class='ocr_carea' id='block_1_24' title="bbox 519 2127 2176 2203">
    <p class='ocr_par' dir='ltr' id='par_1_24' title="bbox 519 2127 2176 2203">
     <span class='ocr_line' id='line_1_24' title="bbox 519 2127 2176 2203; baseline 0 -17"><span class='ocrx_word' id='word_1_150' title='bbox 519 2146 626 2202; x_wconf 90' lang='lat' dir='ltr'>per</span> <span class='ocrx_word' id='word_1_151' title='bbox 647 2147 898 2186; x_wconf 89' lang='lat' dir='ltr'>manum</span> <span class='ocrx_word' id='word_1_152' title='bbox 922 2150 935 2199; x_wconf 90' lang='lat'>;</span> <span class='ocrx_word' id='word_1_153' title='bbox 957 2147 1203 2186; x_wconf 85' lang='lat' dir='ltr'>manum</span> <span class='ocrx_word' id='word_1_154' title='bbox 1231 2146 1371 2186; x_wconf 87' lang='lat' dir='ltr'>vero</span> <span class='ocrx_word' id='word_1_155' title='bbox 1400 2131 1519 2195; x_wconf 90' lang='lat' dir='ltr'>Dei,</span> <span class='ocrx_word' id='word_1_156' title='bbox 1553 2131 1880 2203; x_wconf 89' lang='lat' dir='ltr'>potentiam</span> <span class='ocrx_word' id='word_1_157' title='bbox 1914 2129 2012 2185; x_wconf 89' lang='lat' dir='ltr'>Dei</span> <span class='ocrx_word' id='word_1_158' title='bbox 2039 2127 2176 2186; x_wconf 75' lang='lat' dir='ltr'>dici&#39;</span> 
     </span>
    </p>
   </div>
   <div class='ocr_carea' id='block_1_25' title="bbox 520 2219 2172 2293">
    <p class='ocr_par' dir='ltr' id='par_1_25' title="bbox 520 2219 2172 2293">
     <span class='ocr_line' id='line_1_25' title="bbox 520 2219 2172 2293; baseline 0.001 -18"><span class='ocrx_word' id='word_1_159' title='bbox 520 2236 682 2276; x_wconf 89' lang='lat' dir='ltr'>mus.</span> <span class='ocrx_word' id='word_1_160' title='bbox 723 2221 778 2277; x_wconf 91' lang='lat' dir='ltr'>Si</span> <span class='ocrx_word' id='word_1_161' title='bbox 818 2237 960 2276; x_wconf 88' lang='lat' dir='ltr'>vero</span> <span class='ocrx_word' id='word_1_162' title='bbox 987 2236 1099 2291; x_wconf 85' lang='lat' dir='ltr'>ego</span> <span class='ocrx_word' id='word_1_163' title='bbox 1138 2236 1244 2293; x_wconf 91' lang='lat' dir='ltr'>per</span> <span class='ocrx_word' id='word_1_164' title='bbox 1275 2221 1621 2292; x_wconf 84' lang='lat' dir='ltr'>potentiam,</span> <span class='ocrx_word' id='word_1_165' title='bbox 1661 2220 1871 2292; x_wconf 89' lang='lat' dir='ltr'>inquit,</span> <span class='ocrx_word' id='word_1_166' title='bbox 1906 2219 2172 2276; x_wconf 87' lang='lat' dir='ltr'>divinam</span> 
     </span>
    </p>
   </div>
   <div class='ocr_carea' id='block_1_26' title="bbox 518 2307 2174 2382">
    <p class='ocr_par' dir='ltr' id='par_1_26' title="bbox 518 2307 2174 2382">
     <span class='ocr_line' id='line_1_26' title="bbox 518 2307 2174 2382; baseline 0 -18"><span class='ocrx_word' id='word_1_167' title='bbox 518 2308 690 2380; x_wconf 88' lang='lat' dir='ltr'>ejicio</span> <span class='ocrx_word' id='word_1_168' title='bbox 769 2311 1094 2374; x_wconf 61' lang='lat' dir='ltr'>daemonia,</span> <span class='ocrx_word' id='word_1_169' title='bbox 1148 2325 1272 2366; x_wconf 92' lang='lat' dir='ltr'>non</span> <span class='ocrx_word' id='word_1_170' title='bbox 1325 2309 1503 2382; x_wconf 91' lang='lat' dir='ltr'>quasi</span> <span class='ocrx_word' id='word_1_171' title='bbox 1554 2308 1758 2366; x_wconf 91' lang='lat' dir='ltr'>nudus</span> <span class='ocrx_word' id='word_1_172' title='bbox 1809 2309 2013 2379; x_wconf 91' lang='lat' dir='ltr'>homo,</span> <span class='ocrx_word' id='word_1_173' title='bbox 2068 2307 2174 2365; x_wconf 90' lang='lat' dir='ltr'>sed</span> 
     </span>
    </p>
   </div>
   <div class='ocr_carea' id='block_1_27' title="bbox 525 2397 2174 2472">
    <p class='ocr_par' dir='ltr' id='par_1_27' title="bbox 525 2397 2174 2472">
     <span class='ocr_line' id='line_1_27' title="bbox 525 2397 2174 2472; baseline 0 -18"><span class='ocrx_word' id='word_1_174' title='bbox 525 2399 700 2471; x_wconf 88' lang='lat' dir='ltr'>quasi</span> <span class='ocrx_word' id='word_1_175' title='bbox 733 2399 838 2455; x_wconf 91' lang='lat' dir='ltr'>Dei</span> <span class='ocrx_word' id='word_1_176' title='bbox 885 2398 1092 2470; x_wconf 92' lang='lat' dir='ltr'>Filius,</span> <span class='ocrx_word' id='word_1_177' title='bbox 1152 2399 1418 2472; x_wconf 85' lang='lat' dir='ltr'>profecto</span> <span class='ocrx_word' id='word_1_178' title='bbox 1472 2397 1741 2472; x_wconf 88' lang='lat' dir='ltr'>pervenit</span> <span class='ocrx_word' id='word_1_179' title='bbox 1795 2398 1874 2455; x_wconf 94' lang='lat' dir='ltr'>od</span> <span class='ocrx_word' id='word_1_180' title='bbox 1925 2413 2028 2455; x_wconf 91' lang='lat' dir='ltr'>vos</span> <span class='ocrx_word' id='word_1_181' title='bbox 2085 2413 2174 2454; x_wconf 91' lang='lat' dir='ltr'>re-</span> 
     </span>
    </p>
   </div>
   <div class='ocr_carea' id='block_1_28' title="bbox 521 2485 2173 2559">
    <p class='ocr_par' dir='ltr' id='par_1_28' title="bbox 521 2485 2173 2559">
     <span class='ocr_line' id='line_1_28' title="bbox 521 2485 2173 2559; baseline 0 -17"><span class='ocrx_word' id='word_1_182' title='bbox 521 2501 710 2557; x_wconf 86' lang='lat' dir='ltr'>gnum</span> <span class='ocrx_word' id='word_1_183' title='bbox 768 2488 894 2544; x_wconf 91' lang='lat' dir='ltr'>Dei.</span> <span class='ocrx_word' id='word_1_184' title='bbox 964 2489 1149 2546; x_wconf 90' lang='lat' dir='ltr'>Suum</span> <span class='ocrx_word' id='word_1_185' title='bbox 1243 2493 1444 2545; x_wconf 90' lang='lat' dir='ltr'>autem</span> <span class='ocrx_word' id='word_1_186' title='bbox 1503 2487 1646 2543; x_wconf 90' lang='lat' dir='ltr'>dicit</span> <span class='ocrx_word' id='word_1_187' title='bbox 1683 2502 1954 2558; x_wconf 84' lang='lat' dir='ltr'>regnum,</span> <span class='ocrx_word' id='word_1_188' title='bbox 2007 2485 2173 2559; x_wconf 91' lang='lat' dir='ltr'>quod</span> 
     </span>
    </p>
   </div>
   <div class='ocr_carea' id='block_1_29' title="bbox 520 2575 2171 2648">
    <p class='ocr_par' dir='ltr' id='par_1_29' title="bbox 520 2575 2171 2648">
     <span class='ocr_line' id='line_1_29' title="bbox 520 2575 2171 2648; baseline 0 -18"><span class='ocrx_word' id='word_1_189' title='bbox 520 2575 787 2632; x_wconf 89' lang='lat' dir='ltr'>videlicet</span> <span class='ocrx_word' id='word_1_190' title='bbox 811 2592 913 2647; x_wconf 90' lang='lat' dir='ltr'>per</span> <span class='ocrx_word' id='word_1_191' title='bbox 961 2576 1261 2633; x_wconf 91' lang='lat' dir='ltr'>Christum</span> <span class='ocrx_word' id='word_1_192' title='bbox 1315 2594 1443 2634; x_wconf 90' lang='lat' dir='ltr'>esse</span> <span class='ocrx_word' id='word_1_193' title='bbox 1482 2582 1822 2641; x_wconf 89' lang='lat' dir='ltr'>venturum,</span> <span class='ocrx_word' id='word_1_194' title='bbox 1866 2576 2171 2648; x_wconf 73' lang='lat' dir='ltr'>prophetas</span> 
     </span>
    </p>
   </div>
   <div class='ocr_carea' id='block_1_30' title="bbox 519 2665 2171 2737">
    <p class='ocr_par' dir='ltr' id='par_1_30' title="bbox 519 2665 2171 2737">
     <span class='ocr_line' id='line_1_30' title="bbox 519 2665 2171 2737; baseline 0 -18"><span class='ocrx_word' id='word_1_195' title='bbox 519 2667 1094 2734; x_wconf 67' lang='lat' dir='ltr'>praenuntiaverunt.</span> <span class='ocrx_word' id='word_1_196' title='bbox 1119 2667 1268 2722; x_wconf 89' lang='lat' dir='ltr'>Nam</span> <span class='ocrx_word' id='word_1_197' title='bbox 1289 2666 1472 2722; x_wconf 90' lang='lat' dir='ltr'>solius</span> <span class='ocrx_word' id='word_1_198' title='bbox 1489 2666 1590 2721; x_wconf 91' lang='lat' dir='ltr'>Dei</span> <span class='ocrx_word' id='word_1_199' title='bbox 1607 2673 1814 2737; x_wconf 90' lang='lat' dir='ltr'>estper</span> <span class='ocrx_word' id='word_1_200' title='bbox 1842 2665 2171 2736; x_wconf 89' lang='lat' dir='ltr'>potentiam</span> 
     </span>
    </p>
   </div>
   <div class='ocr_carea' id='block_1_31' title="bbox 520 2751 2170 2826">
    <p class='ocr_par' dir='ltr' id='par_1_31' title="bbox 520 2751 2170 2826">
     <span class='ocr_line' id='line_1_31' title="bbox 520 2751 2170 2826; baseline 0.001 -20"><span class='ocrx_word' id='word_1_201' title='bbox 520 2751 786 2806; x_wconf 86' lang='lat' dir='ltr'>divinam</span> <span class='ocrx_word' id='word_1_202' title='bbox 825 2753 1128 2809; x_wconf 83' lang='lat' dir='ltr'>daemones</span> <span class='ocrx_word' id='word_1_203' title='bbox 1160 2755 1394 2823; x_wconf 86' lang='lat' dir='ltr'>ejicere.</span> <span class='ocrx_word' id='word_1_204' title='bbox 1451 2754 1716 2826; x_wconf 84' lang='lat' dir='ltr'>Apostoli</span> <span class='ocrx_word' id='word_1_205' title='bbox 1757 2768 2016 2824; x_wconf 84' lang='lat' dir='ltr'>namque</span> <span class='ocrx_word' id='word_1_206' title='bbox 2048 2767 2170 2808; x_wconf 93' lang='lat' dir='ltr'>non</span> 
     </span>
    </p>
   </div>
   <div class='ocr_carea' id='block_1_32' title="bbox 521 2838 2165 2912">
    <p class='ocr_par' dir='ltr' id='par_1_32' title="bbox 521 2838 2165 2912">
     <span class='ocr_line' id='line_1_32' title="bbox 521 2838 2165 2912; baseline 0.001 -20"><span class='ocrx_word' id='word_1_207' title='bbox 521 2838 767 2910; x_wconf 90' lang='lat' dir='ltr'>propria</span> <span class='ocrx_word' id='word_1_208' title='bbox 793 2839 1076 2910; x_wconf 88' lang='lat' dir='ltr'>potentia,</span> <span class='ocrx_word' id='word_1_209' title='bbox 1119 2841 1224 2895; x_wconf 89' lang='lat' dir='ltr'>sed</span> <span class='ocrx_word' id='word_1_210' title='bbox 1277 2857 1383 2912; x_wconf 91' lang='lat' dir='ltr'>per</span> <span class='ocrx_word' id='word_1_211' title='bbox 1439 2841 1708 2896; x_wconf 91' lang='lat' dir='ltr'>divinam</span> <span class='ocrx_word' id='word_1_212' title='bbox 1747 2841 2000 2910; x_wconf 86' lang='lat' dir='ltr'>gratiam</span> <span class='ocrx_word' id='word_1_213' title='bbox 2031 2838 2165 2895; x_wconf 91' lang='lat' dir='ltr'>illos</span> 
     </span>
    </p>
   </div>
   <div class='ocr_carea' id='block_1_33' title="bbox 521 2926 2165 3001">
    <p class='ocr_par' dir='ltr' id='par_1_33' title="bbox 521 2926 2165 3001">
     <span class='ocr_line' id='line_1_33' title="bbox 521 2926 2165 3001; baseline 0 -19"><span class='ocrx_word' id='word_1_214' title='bbox 521 2926 857 2997; x_wconf 87' lang='lat' dir='ltr'>ejiciebant.</span> <span class='ocrx_word' id='word_1_215' title='bbox 897 2929 1098 2999; x_wconf 90' lang='lat' dir='ltr'>Neque</span> <span class='ocrx_word' id='word_1_216' title='bbox 1137 2929 1295 2984; x_wconf 90' lang='lat' dir='ltr'>enim</span> <span class='ocrx_word' id='word_1_217' title='bbox 1323 2932 1643 3001; x_wconf 90' lang='lat' dir='ltr'>potuerunt</span> <span class='ocrx_word' id='word_1_218' title='bbox 1664 2933 1954 3000; x_wconf 89' lang='lat' dir='ltr'>tanquam</span> <span class='ocrx_word' id='word_1_219' title='bbox 1991 2929 2165 2993; x_wconf 88' lang='lat' dir='ltr'>Deus,</span> 
     </span>
    </p>
   </div>
   <div class='ocr_carea' id='block_1_34' title="bbox 522 3015 2164 3089">
    <p class='ocr_par' dir='ltr' id='par_1_34' title="bbox 522 3015 2164 3089">
     <span class='ocr_line' id='line_1_34' title="bbox 522 3015 2164 3089; baseline 0.001 -19"><span class='ocrx_word' id='word_1_220' title='bbox 522 3015 628 3070; x_wconf 90' lang='lat' dir='ltr'>sed</span> <span class='ocrx_word' id='word_1_221' title='bbox 655 3016 907 3085; x_wconf 85' lang='lat' dir='ltr'>gratiam</span> <span class='ocrx_word' id='word_1_222' title='bbox 935 3032 964 3072; x_wconf 77' lang='grc' dir='ltr'><strong>θ</strong></span> <span class='ocrx_word' id='word_1_223' title='bbox 1018 3018 1137 3072; x_wconf 92' lang='lat' dir='ltr'>Deo</span> <span class='ocrx_word' id='word_1_224' title='bbox 1175 3016 1502 3075; x_wconf 88' lang='lat' dir='ltr'>habebant.</span> <span class='ocrx_word' id='word_1_225' title='bbox 1562 3017 1824 3074; x_wconf 85' lang='lat' dir='ltr'>Christus</span> <span class='ocrx_word' id='word_1_226' title='bbox 1869 3017 2164 3089; x_wconf 90' lang='lat' dir='ltr'>siquidem</span> 
     </span>
    </p>
   </div>
   <div class='ocr_carea' id='block_1_35' title="bbox 519 3103 2167 3178">
    <p class='ocr_par' dir='ltr' id='par_1_35' title="bbox 519 3103 2167 3178">
     <span class='ocr_line' id='line_1_35' title="bbox 519 3103 2167 3178; baseline 0.002 -19"><span class='ocrx_word' id='word_1_227' title='bbox 519 3103 646 3160; x_wconf 86' lang='lat' dir='ltr'>solo</span> <span class='ocrx_word' id='word_1_228' title='bbox 671 3105 849 3174; x_wconf 85' lang='lat' dir='ltr'>jussu</span> <span class='ocrx_word' id='word_1_229' title='bbox 886 3105 1192 3162; x_wconf 66' lang='lat' dir='ltr'>daemones</span> <span class='ocrx_word' id='word_1_230' title='bbox 1222 3106 1512 3175; x_wconf 84' lang='lat' dir='ltr'>fugabat:</span> <span class='ocrx_word' id='word_1_231' title='bbox 1583 3106 1666 3162; x_wconf 88' lang='lat' dir='ltr'>illi</span> <span class='ocrx_word' id='word_1_232' title='bbox 1720 3122 1860 3162; x_wconf 90' lang='lat' dir='ltr'>vero</span> <span class='ocrx_word' id='word_1_233' title='bbox 1911 3122 2017 3178; x_wconf 91' lang='lat' dir='ltr'>per</span> <span class='ocrx_word' id='word_1_234' title='bbox 2069 3121 2167 3162; x_wconf 87' lang='lat' dir='ltr'>no-</span> 
     </span>
    </p>
   </div>
   <div class='ocr_carea' id='block_1_36' title="bbox 522 3194 2168 3267">
    <p class='ocr_par' dir='ltr' id='par_1_36' title="bbox 522 3194 2168 3267">
     <span class='ocr_line' id='line_1_36' title="bbox 522 3194 2168 3267; baseline 0 -18"><span class='ocrx_word' id='word_1_235' title='bbox 522 3209 658 3249; x_wconf 88' lang='lat' dir='ltr'>men</span> <span class='ocrx_word' id='word_1_236' title='bbox 707 3194 838 3264; x_wconf 90' lang='lat' dir='ltr'>ejus</span> <span class='ocrx_word' id='word_1_237' title='bbox 877 3194 1040 3266; x_wconf 91' lang='lat' dir='ltr'>ipsos</span> <span class='ocrx_word' id='word_1_238' title='bbox 1087 3195 1406 3267; x_wconf 83' lang='lat' dir='ltr'>expellant.</span> <span class='ocrx_word' id='word_1_239' title='bbox 1468 3195 1525 3252; x_wconf 91' lang='lat' dir='ltr'>Si</span> <span class='ocrx_word' id='word_1_240' title='bbox 1576 3211 1716 3253; x_wconf 86' lang='lat' dir='ltr'>vero</span> <span class='ocrx_word' id='word_1_241' title='bbox 1776 3195 2044 3267; x_wconf 89' lang='lat' dir='ltr'>pervenit</span> <span class='ocrx_word' id='word_1_242' title='bbox 2094 3195 2168 3251; x_wconf 89' lang='lat' dir='ltr'>ad</span> 
     </span>
    </p>
   </div>
   <div class='ocr_carea' id='block_1_37' title="bbox 521 3282 2168 3355">
    <p class='ocr_par' dir='ltr' id='par_1_37' title="bbox 521 3282 2168 3355">
     <span class='ocr_line' id='line_1_37' title="bbox 521 3282 2168 3355; baseline 0.001 -18"><span class='ocrx_word' id='word_1_243' title='bbox 521 3297 630 3338; x_wconf 89' lang='lat' dir='ltr'>vos</span> <span class='ocrx_word' id='word_1_244' title='bbox 681 3297 935 3354; x_wconf 89' lang='lat' dir='ltr'>regnum</span> <span class='ocrx_word' id='word_1_245' title='bbox 987 3283 1107 3352; x_wconf 90' lang='lat' dir='ltr'>Dei,</span> <span class='ocrx_word' id='word_1_246' title='bbox 1158 3299 1345 3355; x_wconf 88' lang='lat' dir='ltr'>quare</span> <span class='ocrx_word' id='word_1_247' title='bbox 1406 3283 1553 3338; x_wconf 92' lang='lat' dir='ltr'>illud</span> <span class='ocrx_word' id='word_1_248' title='bbox 1598 3282 1918 3355; x_wconf 88' lang='lat' dir='ltr'>repellitis?</span> <span class='ocrx_word' id='word_1_249' title='bbox 1975 3285 2168 3349; x_wconf 88' lang='lat' dir='ltr'>Quare</span> 
     </span>
    </p>
   </div>
   <div class='ocr_carea' id='block_1_38' title="bbox 525 3370 2168 3445">
    <p class='ocr_par' dir='ltr' id='par_1_38' title="bbox 525 3370 2168 3445">
     <span class='ocr_line' id='line_1_38' title="bbox 525 3370 2168 3445; baseline 0 -18"><span class='ocrx_word' id='word_1_250' title='bbox 525 3374 732 3427; x_wconf 91' lang='lat' dir='ltr'>contra</span> <span class='ocrx_word' id='word_1_251' title='bbox 747 3371 1112 3428; x_wconf 88' lang='lat' dir='ltr'>vestrabona</span> <span class='ocrx_word' id='word_1_252' title='bbox 1137 3372 1419 3444; x_wconf 86' lang='lat' dir='ltr'>pugnatis</span> <span class='ocrx_word' id='word_1_253' title='bbox 1438 3370 1606 3430; x_wconf 85' lang='lat' dir='ltr'>?Hoc</span> <span class='ocrx_word' id='word_1_254' title='bbox 1636 3387 1902 3445; x_wconf 88' lang='lat' dir='ltr'>namque</span> <span class='ocrx_word' id='word_1_255' title='bbox 1931 3377 2168 3444; x_wconf 90' lang='lat' dir='ltr'>tempus</span> 
     </span>
    </p>
   </div>
   <div class='ocr_carea' id='block_1_39' title="bbox 525 3459 2166 3532">
    <p class='ocr_par' dir='ltr' id='par_1_39' title="bbox 525 3459 2166 3532">
     <span class='ocr_line' id='line_1_39' title="bbox 525 3459 2166 3532; baseline 0.001 -18"><span class='ocrx_word' id='word_1_256' title='bbox 525 3466 610 3516; x_wconf 89' lang='lat' dir='ltr'>est</span> <span class='ocrx_word' id='word_1_257' title='bbox 635 3465 841 3516; x_wconf 77' lang='lat' dir='ltr'>vestrae</span> <span class='ocrx_word' id='word_1_258' title='bbox 854 3459 1080 3524; x_wconf 91' lang='lat' dir='ltr'>salutis,</span> <span class='ocrx_word' id='word_1_259' title='bbox 1094 3461 1257 3532; x_wconf 91' lang='lat' dir='ltr'>quod</span> <span class='ocrx_word' id='word_1_260' title='bbox 1269 3461 1411 3517; x_wconf 89' lang='lat' dir='ltr'>olim</span> <span class='ocrx_word' id='word_1_261' title='bbox 1425 3461 1822 3532; x_wconf 61' lang='lat' dir='ltr'>praedixerunt</span> <span class='ocrx_word' id='word_1_262' title='bbox 1842 3461 2166 3532; x_wconf 71' lang='lat' dir='ltr'>prophetae,</span> 
     </span>
    </p>
   </div>
   <div class='ocr_carea' id='block_1_40' title="bbox 596 3547 2170 3621">
    <p class='ocr_par' dir='ltr' id='par_1_40' title="bbox 596 3547 2170 3621">
     <span class='ocr_line' id='line_1_40' title="bbox 596 3547 2170 3621; baseline 0.001 -18"><span class='ocrx_word' id='word_1_263' title='bbox 596 3549 755 3604; x_wconf 86' lang='lat' dir='ltr'>Vers.</span> <span class='ocrx_word' id='word_1_264' title='bbox 803 3549 890 3603; x_wconf 85' lang='lat'>29.</span> <span class='ocrx_word' id='word_1_265' title='bbox 924 3549 1161 3621; x_wconf 84' lang='lat' dir='ltr'>Alioqui</span> <span class='ocrx_word' id='word_1_266' title='bbox 1199 3549 1486 3620; x_wconf 81' lang='lat' dir='ltr'>quomodo</span> <span class='ocrx_word' id='word_1_267' title='bbox 1533 3579 1602 3588; x_wconf 94' lang='lat'><strong>—</strong></span> <span class='ocrx_word' id='word_1_268' title='bbox 1632 3547 1914 3620; x_wconf 82' lang='lat' dir='ltr'>diripiet?</span> <span class='ocrx_word' id='word_1_269' title='bbox 1955 3548 2043 3603; x_wconf 90' lang='lat' dir='ltr'>Ab</span> <span class='ocrx_word' id='word_1_270' title='bbox 2075 3564 2170 3604; x_wconf 51' lang='lat' dir='ltr'>ex.</span> 
     </span>
    </p>
   </div>
   <div class='ocr_carea' id='block_1_41' title="bbox 525 3635 2168 3709">
    <p class='ocr_par' dir='ltr' id='par_1_41' title="bbox 525 3635 2168 3709">
     <span class='ocr_line' id='line_1_41' title="bbox 525 3635 2168 3709; baseline 0.001 -17"><span class='ocrx_word' id='word_1_271' title='bbox 525 3635 718 3709; x_wconf 89' lang='lat' dir='ltr'>emplo</span> <span class='ocrx_word' id='word_1_272' title='bbox 773 3651 1111 3692; x_wconf 89' lang='lat' dir='ltr'>sermonem</span> <span class='ocrx_word' id='word_1_273' title='bbox 1163 3637 1458 3708; x_wconf 87' lang='lat' dir='ltr'>producit.</span> <span class='ocrx_word' id='word_1_274' title='bbox 1510 3636 1618 3692; x_wconf 92' lang='lat' dir='ltr'>Per</span> <span class='ocrx_word' id='word_1_275' title='bbox 1673 3637 1885 3694; x_wconf 83' lang='lat' dir='ltr'>fortem</span> <span class='ocrx_word' id='word_1_276' title='bbox 1948 3642 2168 3704; x_wconf 88' lang='lat' dir='ltr'>autem,</span> 
     </span>
    </p>
   </div>
   <div class='ocr_carea' id='block_1_42' title="bbox 525 3725 2174 3799">
    <p class='ocr_par' dir='ltr' id='par_1_42' title="bbox 525 3725 2174 3799">
     <span class='ocr_line' id='line_1_42' title="bbox 525 3725 2174 3799; baseline 0.001 -18"><span class='ocrx_word' id='word_1_277' title='bbox 525 3725 856 3798; x_wconf 90' lang='lat' dir='ltr'>principem</span> <span class='ocrx_word' id='word_1_278' title='bbox 912 3725 1352 3782; x_wconf 67' lang='lat' dir='ltr'>daemoniorum</span> <span class='ocrx_word' id='word_1_279' title='bbox 1392 3725 1776 3784; x_wconf 89' lang='lat' dir='ltr'>subindicat:</span> <span class='ocrx_word' id='word_1_280' title='bbox 1836 3742 1957 3782; x_wconf 91' lang='lat' dir='ltr'>non</span> <span class='ocrx_word' id='word_1_281' title='bbox 2010 3726 2174 3799; x_wconf 91' lang='lat' dir='ltr'>quod</span> 
     </span>
    </p>
   </div>
   <div class='ocr_carea' id='block_1_43' title="bbox 525 3814 2175 3889">
    <p class='ocr_par' dir='ltr' id='par_1_43' title="bbox 525 3814 2175 3889">
     <span class='ocr_line' id='line_1_43' title="bbox 525 3814 2175 3889; baseline -0.001 -18"><span class='ocrx_word' id='word_1_282' title='bbox 525 3819 741 3872; x_wconf 90' lang='lat' dir='ltr'>natura</span> <span class='ocrx_word' id='word_1_283' title='bbox 767 3814 931 3872; x_wconf 82' lang='lat' dir='ltr'>fortis</span> <span class='ocrx_word' id='word_1_284' title='bbox 961 3815 1056 3882; x_wconf 89' lang='lat' dir='ltr'>sit,</span> <span class='ocrx_word' id='word_1_285' title='bbox 1104 3814 1208 3872; x_wconf 92' lang='lat' dir='ltr'>sed</span> <span class='ocrx_word' id='word_1_286' title='bbox 1258 3815 1424 3888; x_wconf 91' lang='lat' dir='ltr'>quod</span> <span class='ocrx_word' id='word_1_287' title='bbox 1456 3831 1642 3889; x_wconf 90' lang='lat' dir='ltr'>usque</span> <span class='ocrx_word' id='word_1_288' title='bbox 1683 3819 1824 3871; x_wconf 87' lang='lat' dir='ltr'>tunc</span> <span class='ocrx_word' id='word_1_289' title='bbox 1871 3815 2175 3888; x_wconf 79' lang='lat' dir='ltr'>tyrannice</span> 
     </span>
    </p>
   </div>
   <div class='ocr_carea' id='block_1_44' title="bbox 521 3903 2173 3977">
    <p class='ocr_par' dir='ltr' id='par_1_44' title="bbox 521 3903 2173 3977">
     <span class='ocr_line' id='line_1_44' title="bbox 521 3903 2173 3977; baseline 0 -17"><span class='ocrx_word' id='word_1_290' title='bbox 521 3905 879 3976; x_wconf 84' lang='lat' dir='ltr'>regnaverit,</span> <span class='ocrx_word' id='word_1_291' title='bbox 935 3919 1156 3977; x_wconf 89' lang='lat' dir='ltr'>eosque</span> <span class='ocrx_word' id='word_1_292' title='bbox 1215 3903 1312 3976; x_wconf 91' lang='lat' dir='ltr'>qui</span> <span class='ocrx_word' id='word_1_293' title='bbox 1375 3920 1493 3976; x_wconf 83' lang='lat' dir='ltr'>prae</span> <span class='ocrx_word' id='word_1_294' title='bbox 1551 3904 1795 3976; x_wconf 85' lang='lat' dir='ltr'>segnitie</span> <span class='ocrx_word' id='word_1_295' title='bbox 1848 3903 2173 3962; x_wconf 87' lang='lat' dir='ltr'>imbecilles</span> 
     </span>
    </p>
   </div>
   <div class='ocr_carea' id='block_1_45' title="bbox 525 3991 2177 4065">
    <p class='ocr_par' dir='ltr' id='par_1_45' title="bbox 525 3991 2177 4065">
     <span class='ocr_line' id='line_1_45' title="bbox 525 3991 2177 4065; baseline -0.001 -15"><span class='ocrx_word' id='word_1_296' title='bbox 525 3998 710 4058; x_wconf 89' lang='lat' dir='ltr'>erant,</span> <span class='ocrx_word' id='word_1_297' title='bbox 759 3993 1091 4064; x_wconf 90' lang='lat' dir='ltr'>opresserit.</span> <span class='ocrx_word' id='word_1_298' title='bbox 1149 3992 1308 4048; x_wconf 89' lang='lat' dir='ltr'>Vasa</span> <span class='ocrx_word' id='word_1_299' title='bbox 1364 4008 1501 4049; x_wconf 90' lang='lat' dir='ltr'>vero</span> <span class='ocrx_word' id='word_1_300' title='bbox 1559 3993 1688 4062; x_wconf 92' lang='lat' dir='ltr'>ejus</span> <span class='ocrx_word' id='word_1_301' title='bbox 1747 3993 2013 4065; x_wconf 85' lang='lat' dir='ltr'>subjecta</span> <span class='ocrx_word' id='word_1_302' title='bbox 2058 3991 2177 4048; x_wconf 74' lang='lat' dir='ltr'>das-</span> 
     </span>
    </p>
   </div>
   <div class='ocr_carea' id='block_1_46' title="bbox 525 4080 2172 4152">
    <p class='ocr_par' dir='ltr' id='par_1_46' title="bbox 525 4080 2172 4152">
     <span class='ocr_line' id='line_1_46' title="bbox 525 4080 2172 4152; baseline -0.002 -14"><span class='ocrx_word' id='word_1_303' title='bbox 525 4081 728 4138; x_wconf 86' lang='lat' dir='ltr'>monia</span> <span class='ocrx_word' id='word_1_304' title='bbox 769 4089 957 4147; x_wconf 85' lang='lat' dir='ltr'>erant,</span> <span class='ocrx_word' id='word_1_305' title='bbox 1001 4097 1131 4150; x_wconf 84' lang='lat' dir='ltr'>quae</span> <span class='ocrx_word' id='word_1_306' title='bbox 1177 4087 1232 4136; x_wconf 90' lang='lat' dir='ltr'>et</span> <span class='ocrx_word' id='word_1_307' title='bbox 1279 4094 1449 4135; x_wconf 90' lang='lat' dir='ltr'>arma</span> <span class='ocrx_word' id='word_1_308' title='bbox 1505 4080 1636 4150; x_wconf 89' lang='lat' dir='ltr'>ejus</span> <span class='ocrx_word' id='word_1_309' title='bbox 1694 4080 1811 4135; x_wconf 90' lang='lat' dir='ltr'>dici</span> <span class='ocrx_word' id='word_1_310' title='bbox 1875 4083 2172 4152; x_wconf 85' lang='lat' dir='ltr'>possunt:</span> 
     </span>
    </p>
   </div>
   <div class='ocr_carea' id='block_1_47' title="bbox 525 4165 2175 4240">
    <p class='ocr_par' dir='ltr' id='par_1_47' title="bbox 525 4165 2175 4240">
     <span class='ocr_line' id='line_1_47' title="bbox 525 4165 2175 4240; baseline -0.001 -14"><span class='ocrx_word' id='word_1_311' title='bbox 525 4185 670 4226; x_wconf 87' lang='lat' dir='ltr'>nam</span> <span class='ocrx_word' id='word_1_312' title='bbox 700 4170 766 4221; x_wconf 82' lang='grc' dir='ltr'>τὰ</span> <span class='ocrx_word' id='word_1_313' title='bbox 791 4171 948 4226; x_wconf 84' lang='grc' dir='ltr'>σκεύη</span> <span class='ocrx_word' id='word_1_314' title='bbox 990 4167 1168 4223; x_wconf 89' lang='lat' dir='ltr'>etiam</span> <span class='ocrx_word' id='word_1_315' title='bbox 1227 4181 1398 4223; x_wconf 89' lang='lat' dir='ltr'>arma</span> <span class='ocrx_word' id='word_1_316' title='bbox 1422 4167 1539 4222; x_wconf 91' lang='lat' dir='ltr'>dici</span> <span class='ocrx_word' id='word_1_317' title='bbox 1586 4165 1796 4223; x_wconf 90' lang='lat' dir='ltr'>solent.</span> <span class='ocrx_word' id='word_1_318' title='bbox 1851 4168 1989 4224; x_wconf 90' lang='lat' dir='ltr'>Ideo</span> <span class='ocrx_word' id='word_1_319' title='bbox 2028 4183 2175 4240; x_wconf 87' lang='lat' dir='ltr'>quo-</span> 
     </span>
    </p>
   </div>
   <div class='ocr_carea' id='block_1_48' title="bbox 525 4255 2178 4330">
    <p class='ocr_par' dir='ltr' id='par_1_48' title="bbox 525 4255 2178 4330">
     <span class='ocr_line' id='line_1_48' title="bbox 525 4255 2178 4330; baseline -0.001 -16"><span class='ocrx_word' id='word_1_320' title='bbox 525 4273 644 4330; x_wconf 89' lang='lat' dir='ltr'>que</span> <span class='ocrx_word' id='word_1_321' title='bbox 683 4259 870 4313; x_wconf 90' lang='lat' dir='ltr'>Lucas</span> <span class='ocrx_word' id='word_1_322' title='bbox 920 4271 1090 4312; x_wconf 89' lang='lat' dir='ltr'>arma</span> <span class='ocrx_word' id='word_1_323' title='bbox 1143 4257 1272 4327; x_wconf 88' lang='lat' dir='ltr'>ejus</span> <span class='ocrx_word' id='word_1_324' title='bbox 1319 4255 1451 4326; x_wconf 90' lang='lat' dir='ltr'>ipsa</span> <span class='ocrx_word' id='word_1_325' title='bbox 1507 4256 1741 4312; x_wconf 89' lang='lat' dir='ltr'>vocavit</span> <span class='ocrx_word' id='word_1_326' title='bbox 1771 4257 1861 4312; x_wconf 68' lang='grc' dir='ltr'>δίε</span> <span class='ocrx_word' id='word_1_327' title='bbox 1909 4271 2014 4328; x_wconf 90' lang='lat' dir='ltr'>per</span> <span class='ocrx_word' id='word_1_328' title='bbox 2045 4272 2178 4329; x_wconf 84' lang='lat' dir='ltr'>quae</span> 
     </span>
    </p>
   </div>
   <div class='ocr_carea' id='block_1_49' title="bbox 529 4342 2178 4415">
    <p class='ocr_par' dir='ltr' id='par_1_49' title="bbox 529 4342 2178 4415">
     <span class='ocr_line' id='line_1_49' title="bbox 529 4342 2178 4415; baseline 0 -14"><span class='ocrx_word' id='word_1_329' title='bbox 529 4345 779 4401; x_wconf 89' lang='lat' dir='ltr'>miseros</span> <span class='ocrx_word' id='word_1_330' title='bbox 819 4343 1094 4399; x_wconf 91' lang='lat' dir='ltr'>homines</span> <span class='ocrx_word' id='word_1_331' title='bbox 1147 4344 1210 4399; x_wconf 93' lang='lat' dir='ltr'>in</span> <span class='ocrx_word' id='word_1_332' title='bbox 1259 4342 1619 4399; x_wconf 85' lang='lat' dir='ltr'>servitudem</span> <span class='ocrx_word' id='word_1_333' title='bbox 1677 4343 2003 4415; x_wconf 87' lang='lat' dir='ltr'>redigebat.</span> <span class='ocrx_word' id='word_1_334' title='bbox 2064 4347 2178 4401; x_wconf 87' lang='lat' dir='ltr'>Hoc</span> 
     </span>
    </p>
   </div>
   <div class='ocr_carea' id='block_1_50' title="bbox 529 4432 2179 4507">
    <p class='ocr_par' dir='ltr' id='par_1_50' title="bbox 529 4432 2179 4507">
     <span class='ocr_line' id='line_1_50' title="bbox 529 4432 2179 4507; baseline 0 -17"><span class='ocrx_word' id='word_1_335' title='bbox 529 4448 671 4503; x_wconf 84' lang='lat' dir='ltr'>ergo</span> <span class='ocrx_word' id='word_1_336' title='bbox 697 4433 970 4504; x_wconf 90' lang='lat' dir='ltr'>exemplo</span> <span class='ocrx_word' id='word_1_337' title='bbox 989 4432 1530 4489; x_wconf 90' lang='lat' dir='ltr'>considerationem</span> <span class='ocrx_word' id='word_1_338' title='bbox 1558 4432 1804 4499; x_wconf 88' lang='lat' dir='ltr'>inducit,</span> <span class='ocrx_word' id='word_1_339' title='bbox 1819 4449 1954 4507; x_wconf 68' lang='lat' dir='ltr'>quas</span> <span class='ocrx_word' id='word_1_340' title='bbox 1980 4439 2179 4490; x_wconf 90' lang='lat' dir='ltr'>osten—</span> 
     </span>
    </p>
   </div>
   <div class='ocr_carea' id='block_1_51' title="bbox 530 4521 2175 4594">
    <p class='ocr_par' dir='ltr' id='par_1_51' title="bbox 530 4521 2175 4594">
     <span class='ocr_line' id='line_1_51' title="bbox 530 4521 2175 4594; baseline -0.001 -14"><span class='ocrx_word' id='word_1_341' title='bbox 530 4523 634 4580; x_wconf 88' lang='lat' dir='ltr'>dat</span> <span class='ocrx_word' id='word_1_342' title='bbox 655 4537 775 4578; x_wconf 92' lang='lat' dir='ltr'>non</span> <span class='ocrx_word' id='word_1_343' title='bbox 801 4521 989 4577; x_wconf 92' lang='lat' dir='ltr'>solum</span> <span class='ocrx_word' id='word_1_344' title='bbox 1011 4521 1176 4594; x_wconf 93' lang='lat' dir='ltr'>quod</span> <span class='ocrx_word' id='word_1_345' title='bbox 1193 4521 1525 4594; x_wconf 89' lang='lat' dir='ltr'>principem</span> <span class='ocrx_word' id='word_1_346' title='bbox 1547 4522 1984 4579; x_wconf 81' lang='lat' dir='ltr'>daemoniorum</span> <span class='ocrx_word' id='word_1_347' title='bbox 2032 4523 2175 4580; x_wconf 90' lang='lat' dir='ltr'>ami-</span> 
     </span>
    </p>
   </div>
   <div class='ocr_carea' id='block_1_52' title="bbox 531 4610 2174 4684">
    <p class='ocr_par' dir='ltr' id='par_1_52' title="bbox 531 4610 2174 4684">
     <span class='ocr_line' id='line_1_52' title="bbox 531 4610 2174 4684; baseline 0 -15"><span class='ocrx_word' id='word_1_348' title='bbox 531 4627 671 4669; x_wconf 89' lang='lat' dir='ltr'>cum</span> <span class='ocrx_word' id='word_1_349' title='bbox 707 4626 828 4668; x_wconf 92' lang='lat' dir='ltr'>non</span> <span class='ocrx_word' id='word_1_350' title='bbox 859 4610 1094 4675; x_wconf 89' lang='lat' dir='ltr'>habeat,</span> <span class='ocrx_word' id='word_1_351' title='bbox 1132 4613 1232 4668; x_wconf 91' lang='lat' dir='ltr'>sed</span> <span class='ocrx_word' id='word_1_352' title='bbox 1280 4610 1479 4684; x_wconf 90' lang='lat' dir='ltr'>potius</span> <span class='ocrx_word' id='word_1_353' title='bbox 1537 4611 1704 4683; x_wconf 89' lang='lat' dir='ltr'>quod</span> <span class='ocrx_word' id='word_1_354' title='bbox 1768 4612 2174 4669; x_wconf 86' lang='lat' dir='ltr'>fortitudinem</span> 
     </span>
    </p>
   </div>
   <div class='ocr_carea' id='block_1_53' title="bbox 531 4700 2174 4774">
    <p class='ocr_par' dir='ltr' id='par_1_53' title="bbox 531 4700 2174 4774">
     <span class='ocr_line' id='line_1_53' title="bbox 531 4700 2174 4774; baseline -0.001 -15"><span class='ocrx_word' id='word_1_355' title='bbox 531 4702 660 4774; x_wconf 91' lang='lat' dir='ltr'>ejus</span> <span class='ocrx_word' id='word_1_356' title='bbox 690 4705 980 4773; x_wconf 85' lang='lat' dir='ltr'>tanquam</span> <span class='ocrx_word' id='word_1_357' title='bbox 1006 4701 1397 4756; x_wconf 89' lang='lat' dir='ltr'>inimicissimi</span> <span class='ocrx_word' id='word_1_358' title='bbox 1433 4700 1787 4771; x_wconf 87' lang='lat' dir='ltr'>alligaverit.</span> <span class='ocrx_word' id='word_1_359' title='bbox 1839 4704 1935 4759; x_wconf 87' lang='lat' dir='ltr'>Est</span> <span class='ocrx_word' id='word_1_360' title='bbox 1975 4708 2174 4758; x_wconf 90' lang='lat' dir='ltr'>autem</span> 
     </span>
    </p>
   </div>
   <div class='ocr_carea' id='block_1_54' title="bbox 531 4790 2175 4862">
    <p class='ocr_par' dir='ltr' id='par_1_54' title="bbox 531 4790 2175 4862">
     <span class='ocr_line' id='line_1_54' title="bbox 531 4790 2175 4862; baseline -0.001 -14"><span class='ocrx_word' id='word_1_361' title='bbox 531 4790 1023 4849; x_wconf 85' lang='lat' dir='ltr'>considerationis</span> <span class='ocrx_word' id='word_1_362' title='bbox 1076 4805 1319 4862; x_wconf 90' lang='lat' dir='ltr'>scopus,</span> <span class='ocrx_word' id='word_1_363' title='bbox 1369 4790 1535 4862; x_wconf 91' lang='lat' dir='ltr'>quod</span> <span class='ocrx_word' id='word_1_364' title='bbox 1599 4791 1750 4847; x_wconf 90' lang='lat' dir='ltr'>sicut</span> <span class='ocrx_word' id='word_1_365' title='bbox 1804 4805 1926 4846; x_wconf 91' lang='lat' dir='ltr'>non</span> <span class='ocrx_word' id='word_1_366' title='bbox 1983 4796 2175 4862; x_wconf 88' lang='lat' dir='ltr'>potest</span> 
     </span>
    </p>
   </div>
   <div class='ocr_carea' id='block_1_55' title="bbox 531 4879 2172 4953">
    <p class='ocr_par' dir='ltr' id='par_1_55' title="bbox 531 4879 2172 4953">
     <span class='ocr_line' id='line_1_55' title="bbox 531 4879 2172 4953; baseline -0.001 -17"><span class='ocrx_word' id='word_1_367' title='bbox 531 4881 851 4953; x_wconf 89' lang='lat' dir='ltr'>quisquam</span> <span class='ocrx_word' id='word_1_368' title='bbox 903 4879 1142 4935; x_wconf 90' lang='lat' dir='ltr'>domum</span> <span class='ocrx_word' id='word_1_369' title='bbox 1197 4879 1365 4936; x_wconf 90' lang='lat' dir='ltr'>fortis</span> <span class='ocrx_word' id='word_1_370' title='bbox 1411 4879 1662 4950; x_wconf 88' lang='lat' dir='ltr'>ingredi,</span> <span class='ocrx_word' id='word_1_371' title='bbox 1728 4893 1995 4950; x_wconf 89' lang='lat' dir='ltr'>vasaque</span> <span class='ocrx_word' id='word_1_372' title='bbox 2047 4879 2172 4951; x_wconf 90' lang='lat' dir='ltr'>ejus</span> 
     </span>
    </p>
   </div>
   <div class='ocr_carea' id='block_1_56' title="bbox 569 4966 2196 5040">
    <p class='ocr_par' dir='ltr' id='par_1_56' title="bbox 569 4966 2196 5040">
     <span class='ocr_line' id='line_1_56' title="bbox 569 4966 2196 5040; baseline -0.001 -16"><span class='ocrx_word' id='word_1_373' title='bbox 569 4969 815 5040; x_wconf 82' lang='lat' dir='ltr'>dirpere</span> <span class='ocrx_word' id='word_1_374' title='bbox 870 4968 948 5024; x_wconf 90' lang='lat' dir='ltr'>ab</span> <span class='ocrx_word' id='word_1_375' title='bbox 974 4968 1075 5024; x_wconf 90' lang='lat' dir='ltr'>illo</span> <span class='ocrx_word' id='word_1_376' title='bbox 1106 4974 1479 5033; x_wconf 89' lang='lat' dir='ltr'>conservata,</span> <span class='ocrx_word' id='word_1_377' title='bbox 1514 4967 1625 5024; x_wconf 89' lang='lat' dir='ltr'>nisi</span> <span class='ocrx_word' id='word_1_378' title='bbox 1668 4968 1929 5039; x_wconf 89' lang='lat' dir='ltr'>primum</span> <span class='ocrx_word' id='word_1_379' title='bbox 1980 4966 2196 5029; x_wconf 87' lang='lat' dir='ltr'>fortem</span> 
     </span>
    </p>
   </div>
   <div class='ocr_carea' id='block_1_57' title="bbox 624 5089 1867 5156">
    <p class='ocr_par' dir='ltr' id='par_1_57' title="bbox 624 5089 1867 5156">
     <span class='ocr_line' id='line_1_57' title="bbox 624 5089 1867 5156; baseline -0.004 -7"><span class='ocrx_word' id='word_1_380' title='bbox 624 5094 672 5127; x_wconf 78' lang='lat'><strong><em>&quot;9</em></strong></span> <span class='ocrx_word' id='word_1_381' title='bbox 707 5095 842 5149; x_wconf 86' lang='lat' dir='ltr'>Luc.</span> <span class='ocrx_word' id='word_1_382' title='bbox 874 5107 954 5156; x_wconf 79' lang='lat' dir='ltr'>xi,</span> <span class='ocrx_word' id='word_1_383' title='bbox 985 5093 1074 5146; x_wconf 85' lang='lat'>20.</span> <span class='ocrx_word' id='word_1_384' title='bbox 1189 5091 1237 5126; x_wconf 81' lang='grc' dir='ltr'>⁸ο</span> <span class='ocrx_word' id='word_1_385' title='bbox 1267 5091 1411 5147; x_wconf 90' lang='lat' dir='ltr'>ibid.</span> <span class='ocrx_word' id='word_1_386' title='bbox 1526 5092 1569 5127; x_wconf 73' lang='grc' dir='ltr'>ει</span> <span class='ocrx_word' id='word_1_387' title='bbox 1602 5090 1746 5146; x_wconf 91' lang='lat' dir='ltr'>ibid.</span> <span class='ocrx_word' id='word_1_388' title='bbox 1780 5089 1867 5144; x_wconf 77' lang='grc'>21.</span> 
     </span>
    </p>
   </div>
   <div class='ocr_carea' id='block_1_58' title="bbox 2205 1771 3000 1848">
    <p class='ocr_par' dir='ltr' id='par_1_58' title="bbox 2205 1771 3000 1848">
     <span class='ocr_line' id='line_1_58' title="bbox 2205 1771 3000 1848; baseline 0.006 -23"><span class='ocrx_word' id='word_1_389' title='bbox 2205 1789 2246 1843; x_wconf 84' lang='grc' dir='ltr'><strong>Β</strong></span> <span class='ocrx_word' id='word_1_390' title='bbox 2279 1771 2546 1844; x_wconf 84' lang='grc' dir='ltr'>δαιμόνια,</span> <span class='ocrx_word' id='word_1_391' title='bbox 2620 1774 3000 1848; x_wconf 85' lang='grc' dir='ltr'>συναπέδειξεν,</span> 
     </span>
    </p>
   </div>
   <div class='ocr_carea' id='block_1_59' title="bbox 2269 529 3919 618">
    <p class='ocr_par' dir='ltr' id='par_1_59' title="bbox 2269 529 3919 618">
     <span class='ocr_line' id='line_1_59' title="bbox 2269 529 3919 618; baseline 0.01 -37"><span class='ocrx_word' id='word_1_392' title='bbox 2269 533 2430 603; x_wconf 81' lang='grc' dir='ltr'>ὑμῶν,</span> <span class='ocrx_word' id='word_1_393' title='bbox 2492 529 2586 585; x_wconf 83' lang='grc' dir='ltr'>διὰ</span> <span class='ocrx_word' id='word_1_394' title='bbox 2639 544 2791 588; x_wconf 89' lang='grc' dir='ltr'>τοῦτο</span> <span class='ocrx_word' id='word_1_395' title='bbox 2840 539 2988 591; x_wconf 77' lang='grc' dir='ltr'>αὐτοὶ</span> <span class='ocrx_word' id='word_1_396' title='bbox 3050 543 3190 612; x_wconf 81' lang='grc' dir='ltr'>ὑμῶν</span> <span class='ocrx_word' id='word_1_397' title='bbox 3245 545 3451 594; x_wconf 84' lang='grc' dir='ltr'>ἔσονται</span> <span class='ocrx_word' id='word_1_398' title='bbox 3515 549 3714 618; x_wconf 84' lang='grc' dir='ltr'>κριταὶ,</span> <span class='ocrx_word' id='word_1_399' title='bbox 3789 550 3919 597; x_wconf 76' lang='grc' dir='ltr'>καὶ</span> 
     </span>
    </p>
   </div>
   <div class='ocr_carea' id='block_1_60' title="bbox 2269 627 3912 704">
    <p class='ocr_par' dir='ltr' id='par_1_60' title="bbox 2269 627 3912 704">
     <span class='ocr_line' id='line_1_60' title="bbox 2269 627 3912 704; baseline 0.009 -33"><span class='ocrx_word' id='word_1_400' title='bbox 2269 629 2670 694; x_wconf 88' lang='grc' dir='ltr'>κατακρινοῦσιν</span> <span class='ocrx_word' id='word_1_401' title='bbox 2750 627 2883 696; x_wconf 76' lang='grc' dir='ltr'>ὑμᾶς</span> <span class='ocrx_word' id='word_1_402' title='bbox 2923 645 2934 656; x_wconf 83' lang='lat'><strong><em>°</em></strong></span> <span class='ocrx_word' id='word_1_403' title='bbox 2987 629 3081 680; x_wconf 81' lang='grc' dir='ltr'>οῦκ</span> <span class='ocrx_word' id='word_1_404' title='bbox 3151 629 3235 682; x_wconf 85' lang='grc' dir='ltr'>ἐπὶ</span> <span class='ocrx_word' id='word_1_405' title='bbox 3303 639 3410 692; x_wconf 86' lang='grc' dir='ltr'>τοῖς</span> <span class='ocrx_word' id='word_1_406' title='bbox 3472 631 3825 704; x_wconf 84' lang='grc' dir='ltr'>βεϐιωμένοις</span> <span class='ocrx_word' id='word_1_407' title='bbox 3894 651 3912 662; x_wconf 87' lang='grc'>⁶</span> 
     </span>
    </p>
   </div>
   <div class='ocr_carea' id='block_1_61' title="bbox 2270 713 3919 794">
    <p class='ocr_par' dir='ltr' id='par_1_61' title="bbox 2270 713 3919 794">
     <span class='ocr_line' id='line_1_61' title="bbox 2270 713 3919 794; baseline 0.007 -34"><span class='ocrx_word' id='word_1_408' title='bbox 2270 716 2420 761; x_wconf 90' lang='grc' dir='ltr'>τοῦτο</span> <span class='ocrx_word' id='word_1_409' title='bbox 2489 713 2590 785; x_wconf 81' lang='grc' dir='ltr'>γὰρ</span> <span class='ocrx_word' id='word_1_410' title='bbox 2666 718 2822 784; x_wconf 88' lang='grc' dir='ltr'>μόνου</span> <span class='ocrx_word' id='word_1_411' title='bbox 2882 723 3050 769; x_wconf 90' lang='grc' dir='ltr'>Θεοῦ·</span> <span class='ocrx_word' id='word_1_412' title='bbox 3098 717 3205 770; x_wconf 79' lang='grc' dir='ltr'>ἀλλ’</span> <span class='ocrx_word' id='word_1_413' title='bbox 3273 718 3356 772; x_wconf 79' lang='grc' dir='ltr'>ἐπὶ</span> <span class='ocrx_word' id='word_1_414' title='bbox 3430 728 3490 792; x_wconf 75' lang='grc' dir='ltr'>τῇ</span> <span class='ocrx_word' id='word_1_415' title='bbox 3555 719 3919 794; x_wconf 67' lang='grc' dir='ltr'>βλασφημίᾳ</span> 
     </span>
    </p>
   </div>
   <div class='ocr_carea' id='block_1_62' title="bbox 2270 797 3918 880">
    <p class='ocr_par' dir='ltr' id='par_1_62' title="bbox 2270 797 3918 880">
     <span class='ocr_line' id='line_1_62' title="bbox 2270 797 3918 880; baseline 0.008 -32"><span class='ocrx_word' id='word_1_416' title='bbox 2270 802 2456 870; x_wconf 70' lang='grc' dir='ltr'>ταύτῃ,</span> <span class='ocrx_word' id='word_1_417' title='bbox 2490 801 2569 851; x_wconf 84' lang='grc' dir='ltr'>ὃτι</span> <span class='ocrx_word' id='word_1_418' title='bbox 2614 797 2707 853; x_wconf 85' lang='grc' dir='ltr'>διά</span> <span class='ocrx_word' id='word_1_419' title='bbox 2758 805 2938 874; x_wconf 78' lang='grc' dir='ltr'>φθόνον</span> <span class='ocrx_word' id='word_1_420' title='bbox 2984 805 3243 876; x_wconf 76' lang='grc' dir='ltr'>ἐγκαλεῖτε</span> <span class='ocrx_word' id='word_1_421' title='bbox 3284 812 3427 880; x_wconf 83' lang='grc' dir='ltr'>μόνῳ</span> <span class='ocrx_word' id='word_1_422' title='bbox 3471 808 3605 880; x_wconf 80' lang='grc' dir='ltr'>ἐμοὶ,</span> <span class='ocrx_word' id='word_1_423' title='bbox 3654 808 3918 871; x_wconf 76' lang='grc' dir='ltr'>ἐκείνους</span> 
     </span>
    </p>
   </div>
   <div class='ocr_carea' id='block_1_63' title="bbox 2270 884 3918 969">
    <p class='ocr_par' dir='ltr' id='par_1_63' title="bbox 2270 884 3918 969">
     <span class='ocr_line' id='line_1_63' title="bbox 2270 884 3918 969; baseline 0.008 -32"><span class='ocrx_word' id='word_1_424' title='bbox 2270 884 2474 957; x_wconf 76' lang='grc' dir='ltr'>ἀφέντες</span> <span class='ocrx_word' id='word_1_425' title='bbox 2503 904 2515 916; x_wconf 87' lang='lat'>&#39;</span> <span class='ocrx_word' id='word_1_426' title='bbox 2564 889 2594 947; x_wconf 81' lang='grc' dir='ltr'><strong>ἣ</strong></span> <span class='ocrx_word' id='word_1_427' title='bbox 2645 885 2739 942; x_wconf 84' lang='grc' dir='ltr'>διὰ</span> <span class='ocrx_word' id='word_1_428' title='bbox 2798 899 2970 959; x_wconf 88' lang='grc' dir='ltr'>τοῦτο,</span> <span class='ocrx_word' id='word_1_429' title='bbox 3015 891 3155 948; x_wconf 83' lang='grc' dir='ltr'>διότι</span> <span class='ocrx_word' id='word_1_430' title='bbox 3206 898 3311 948; x_wconf 84' lang='grc' dir='ltr'>υἱοὶ</span> <span class='ocrx_word' id='word_1_431' title='bbox 3367 898 3508 969; x_wconf 81' lang='grc' dir='ltr'>ὑμῶν</span> <span class='ocrx_word' id='word_1_432' title='bbox 3554 901 3707 961; x_wconf 83' lang='grc' dir='ltr'>ὄντες,</span> <span class='ocrx_word' id='word_1_433' title='bbox 3765 897 3918 950; x_wconf 81' lang='grc' dir='ltr'>ἐπέ-</span> 
     </span>
    </p>
   </div>
   <div class='ocr_carea' id='block_1_64' title="bbox 2270 978 3671 1057">
    <p class='ocr_par' dir='ltr' id='par_1_64' title="bbox 2270 978 3671 1057">
     <span class='ocr_line' id='line_1_64' title="bbox 2270 978 3671 1057; baseline 0.009 -32"><span class='ocrx_word' id='word_1_434' title='bbox 2270 994 2472 1045; x_wconf 76' lang='grc' dir='ltr'>γνωσαν</span> <span class='ocrx_word' id='word_1_435' title='bbox 2542 980 2634 1035; x_wconf 81' lang='grc' dir='ltr'>τὴν</span> <span class='ocrx_word' id='word_1_436' title='bbox 2717 978 2979 1046; x_wconf 75' lang='grc' dir='ltr'>ἀλήθειαν,</span> <span class='ocrx_word' id='word_1_437' title='bbox 3050 992 3450 1057; x_wconf 87' lang='grc' dir='ltr'>κατακρινοῦσιν</span> <span class='ocrx_word' id='word_1_438' title='bbox 3521 987 3671 1056; x_wconf 77' lang='grc' dir='ltr'>ὑμᾶς,</span> 
     </span>
    </p>
   </div>
   <div class='ocr_carea' id='block_1_65' title="bbox 2270 1066 3908 1146">
    <p class='ocr_par' dir='ltr' id='par_1_65' title="bbox 2270 1066 3908 1146">
     <span class='ocr_line' id='line_1_65' title="bbox 2270 1066 3908 1146; baseline 0.005 -31"><span class='ocrx_word' id='word_1_439' title='bbox 2270 1069 2493 1137; x_wconf 83' lang='grc' dir='ltr'>πατέρας</span> <span class='ocrx_word' id='word_1_440' title='bbox 2549 1066 2734 1135; x_wconf 73' lang='grc' dir='ltr'>αὐτῶν,</span> <span class='ocrx_word' id='word_1_441' title='bbox 2805 1073 2876 1141; x_wconf 82' lang='grc' dir='ltr'>μὴ</span> <span class='ocrx_word' id='word_1_442' title='bbox 2950 1070 3264 1134; x_wconf 79' lang='grc' dir='ltr'>θελήσαντάς</span> <span class='ocrx_word' id='word_1_443' title='bbox 3329 1073 3606 1146; x_wconf 76' lang='grc' dir='ltr'>ἐπιγνῶναι</span> <span class='ocrx_word' id='word_1_444' title='bbox 3651 1077 3908 1133; x_wconf 75' lang='grc' dir='ltr'>ταύτην.</span> 
     </span>
    </p>
   </div>
   <div class='ocr_carea' id='block_1_66' title="bbox 3763 989 3915 1046">
    <p class='ocr_par' dir='ltr' id='par_1_66' title="bbox 3763 989 3915 1046">
     <span class='ocr_line' id='line_1_66' title="bbox 3763 989 3915 1046; baseline -0.007 -9"><span class='ocrx_word' id='word_1_445' title='bbox 3763 989 3915 1046; x_wconf 71' lang='grc' dir='ltr'>τοὺς</span> 
     </span>
    </p>
   </div>
   <div class='ocr_carea' id='block_1_67' title="bbox 2345 1242 3914 1325">
    <p class='ocr_par' dir='ltr' id='par_1_67' title="bbox 2345 1242 3914 1325">
     <span class='ocr_line' id='line_1_67' title="bbox 2345 1242 3914 1325; baseline 0.006 -31"><span class='ocrx_word' id='word_1_446' title='bbox 2345 1242 2406 1294; x_wconf 87' lang='grc' dir='ltr'>Εἰ</span> <span class='ocrx_word' id='word_1_447' title='bbox 2434 1275 2502 1283; x_wconf 90' lang='lat'>-—</span> <span class='ocrx_word' id='word_1_448' title='bbox 2546 1252 2636 1297; x_wconf 91' lang='grc' dir='ltr'>τοῦ</span> <span class='ocrx_word' id='word_1_449' title='bbox 2673 1253 2831 1301; x_wconf 87' lang='grc' dir='ltr'>Θεοῦ.</span> <span class='ocrx_word' id='word_1_450' title='bbox 2875 1248 3170 1319; x_wconf 85' lang='grc' dir='ltr'>[Δάκτυλος</span> <span class='ocrx_word' id='word_1_451' title='bbox 3213 1249 3323 1323; x_wconf 71' lang='lat'>(82)</span> <span class='ocrx_word' id='word_1_452' title='bbox 3369 1259 3523 1320; x_wconf 84' lang='grc' dir='ltr'>Θεοῦ,</span> <span class='ocrx_word' id='word_1_453' title='bbox 3563 1255 3622 1305; x_wconf 86' lang='grc' dir='ltr'>τὸ</span> <span class='ocrx_word' id='word_1_454' title='bbox 3667 1259 3914 1325; x_wconf 82' lang='grc' dir='ltr'>Πνεῦμα</span> 
     </span>
    </p>
   </div>
   <div class='ocr_carea' id='block_1_68' title="bbox 2272 1333 3903 1410">
    <p class='ocr_par' dir='ltr' id='par_1_68' title="bbox 2272 1333 3903 1410">
     <span class='ocr_line' id='line_1_68' title="bbox 2272 1333 3903 1410; baseline 0.007 -30"><span class='ocrx_word' id='word_1_455' title='bbox 2272 1333 2331 1381; x_wconf 85' lang='grc' dir='ltr'>τὸ</span> <span class='ocrx_word' id='word_1_456' title='bbox 2388 1333 2558 1402; x_wconf 79' lang='grc' dir='ltr'>ἅγιον.</span> <span class='ocrx_word' id='word_1_457' title='bbox 2607 1341 2716 1386; x_wconf 88' lang='grc' dir='ltr'>Τῶν</span> <span class='ocrx_word' id='word_1_458' title='bbox 2759 1337 2860 1408; x_wconf 74' lang='grc' dir='ltr'>γὰρ</span> <span class='ocrx_word' id='word_1_459' title='bbox 2909 1336 3072 1389; x_wconf 78' lang='grc' dir='ltr'>ἄλλων</span> <span class='ocrx_word' id='word_1_460' title='bbox 3135 1339 3515 1410; x_wconf 74' lang='grc' dir='ltr'>εῦαγγελιστῶν</span> <span class='ocrx_word' id='word_1_461' title='bbox 3573 1341 3836 1393; x_wconf 73' lang='grc' dir='ltr'>εἰπόντων</span> <span class='ocrx_word' id='word_1_462' title='bbox 3884 1359 3903 1370; x_wconf 72' lang='grc' dir='ltr'><strong>ο</strong></span> 
     </span>
    </p>
   </div>
   <div class='ocr_carea' id='block_1_69' title="bbox 2273 1416 3905 1502">
    <p class='ocr_par' dir='ltr' id='par_1_69' title="bbox 2273 1416 3905 1502">
     <span class='ocr_line' id='line_1_69' title="bbox 2273 1416 3905 1502; baseline 0.006 -30"><span class='ocrx_word' id='word_1_463' title='bbox 2273 1419 2332 1472; x_wconf 83' lang='grc' dir='ltr'>Εἰ</span> <span class='ocrx_word' id='word_1_464' title='bbox 2399 1416 2457 1472; x_wconf 73' lang='grc' dir='ltr'>δὲ</span> <span class='ocrx_word' id='word_1_465' title='bbox 2509 1420 2610 1492; x_wconf 72' lang='grc' dir='ltr'>ἐγὼ</span> <span class='ocrx_word' id='word_1_466' title='bbox 2655 1421 2702 1473; x_wconf 78' lang='grc' dir='ltr'>ἐν</span> <span class='ocrx_word' id='word_1_467' title='bbox 2759 1427 3020 1496; x_wconf 85' lang='grc' dir='ltr'>Πνεύματι</span> <span class='ocrx_word' id='word_1_468' title='bbox 3077 1433 3211 1480; x_wconf 87' lang='grc' dir='ltr'>Θεοῦ</span> <span class='ocrx_word' id='word_1_469' title='bbox 3270 1427 3496 1480; x_wconf 81' lang='grc' dir='ltr'>ἐκϐάλλω</span> <span class='ocrx_word' id='word_1_470' title='bbox 3560 1432 3623 1481; x_wconf 83' lang='grc' dir='ltr'>τὰ</span> <span class='ocrx_word' id='word_1_471' title='bbox 3679 1426 3905 1502; x_wconf 75' lang='grc' dir='ltr'>δαιμό-</span> 
     </span>
    </p>
   </div>
   <div class='ocr_carea' id='block_1_70' title="bbox 2272 1508 3904 1588">
    <p class='ocr_par' dir='ltr' id='par_1_70' title="bbox 2272 1508 3904 1588">
     <span class='ocr_line' id='line_1_70' title="bbox 2272 1508 3904 1588; baseline 0.008 -31"><span class='ocrx_word' id='word_1_472' title='bbox 2272 1527 2376 1575; x_wconf 90' lang='grc' dir='ltr'>νια,</span> <span class='ocrx_word' id='word_1_473' title='bbox 2428 1510 2452 1560; x_wconf 86' lang='grc' dir='ltr'>ὁ</span> <span class='ocrx_word' id='word_1_474' title='bbox 2501 1515 2705 1570; x_wconf 79' lang='grc' dir='ltr'>Λουκᾶς</span> <span class='ocrx_word' id='word_1_475' title='bbox 2758 1508 2933 1565; x_wconf 82' lang='grc' dir='ltr'>εἶπεν·</span> <span class='ocrx_word' id='word_1_476' title='bbox 2987 1515 3047 1568; x_wconf 86' lang='grc' dir='ltr'><strong>Εἰ</strong></span> <span class='ocrx_word' id='word_1_477' title='bbox 3103 1510 3162 1568; x_wconf 71' lang='grc' dir='ltr'>δε</span> <span class='ocrx_word' id='word_1_478' title='bbox 3215 1515 3315 1587; x_wconf 74' lang='grc' dir='ltr'>ἐγὼ</span> <span class='ocrx_word' id='word_1_479' title='bbox 3359 1515 3406 1568; x_wconf 74' lang='grc' dir='ltr'>ἄν</span> <span class='ocrx_word' id='word_1_480' title='bbox 3449 1513 3689 1588; x_wconf 79' lang='grc' dir='ltr'>δακτύλῳ</span> <span class='ocrx_word' id='word_1_481' title='bbox 3743 1525 3904 1570; x_wconf 85' lang='grc' dir='ltr'>Θεοῦ</span> 
     </span>
    </p>
   </div>
   <div class='ocr_carea' id='block_1_71' title="bbox 2275 1595 2950 1672">
    <p class='ocr_par' dir='ltr' id='par_1_71' title="bbox 2275 1595 2950 1672">
     <span class='ocr_line' id='line_1_71' title="bbox 2275 1595 2950 1672; baseline 0.013 -25"><span class='ocrx_word' id='word_1_482' title='bbox 2275 1595 2502 1649; x_wconf 82' lang='grc' dir='ltr'>ἐκϐάλλω</span> <span class='ocrx_word' id='word_1_483' title='bbox 2535 1601 2600 1650; x_wconf 81' lang='grc' dir='ltr'>τὰ</span> <span class='ocrx_word' id='word_1_484' title='bbox 2641 1596 2950 1672; x_wconf 85' lang='grc' dir='ltr'>δαιμόνια.]</span> 
     </span>
    </p>
   </div>
   <div class='ocr_carea' id='block_1_72' title="bbox 2347 1683 3899 1756">
    <p class='ocr_par' dir='ltr' id='par_1_72' title="bbox 2347 1683 3899 1756">
     <span class='ocr_line' id='line_1_72' title="bbox 2347 1683 3899 1756; baseline 0.007 -19"><span class='ocrx_word' id='word_1_485' title='bbox 2347 1683 2672 1756; x_wconf 68' lang='grc' dir='ltr'>Ἀποδείξεις,</span> <span class='ocrx_word' id='word_1_486' title='bbox 2752 1689 2828 1740; x_wconf 84' lang='grc' dir='ltr'>ὅτι</span> <span class='ocrx_word' id='word_1_487' title='bbox 2893 1691 2988 1742; x_wconf 71' lang='grc' dir='ltr'>οὐκ</span> <span class='ocrx_word' id='word_1_488' title='bbox 3045 1689 3092 1743; x_wconf 81' lang='grc' dir='ltr'>ἐν</span> <span class='ocrx_word' id='word_1_489' title='bbox 3162 1691 3466 1755; x_wconf 80' lang='grc' dir='ltr'>Βεελζεϐοὑλ</span> <span class='ocrx_word' id='word_1_490' title='bbox 3531 1693 3761 1748; x_wconf 80' lang='grc' dir='ltr'>ἐκϐάλλει</span> <span class='ocrx_word' id='word_1_491' title='bbox 3819 1698 3899 1748; x_wconf 82' lang='grc' dir='ltr'>τὰ</span> 
     </span>
    </p>
   </div>
   <div class='ocr_carea' id='block_1_73' title="bbox 3083 1780 3904 1857">
    <p class='ocr_par' dir='ltr' id='par_1_73' title="bbox 3083 1780 3904 1857">
     <span class='ocr_line' id='line_1_73' title="bbox 3083 1780 3904 1857; baseline 0.006 -25"><span class='ocrx_word' id='word_1_492' title='bbox 3083 1781 3162 1833; x_wconf 82' lang='grc' dir='ltr'>ὅτι</span> <span class='ocrx_word' id='word_1_493' title='bbox 3235 1780 3412 1834; x_wconf 87' lang='grc' dir='ltr'>λοιπόν</span> <span class='ocrx_word' id='word_1_494' title='bbox 3498 1782 3546 1835; x_wconf 85' lang='grc' dir='ltr'>ἐν</span> <span class='ocrx_word' id='word_1_495' title='bbox 3617 1788 3904 1857; x_wconf 77' lang='grc' dir='ltr'>Πνεῦματι</span> 
     </span>
    </p>
   </div>
   <div class='ocr_carea' id='block_1_74' title="bbox 2281 1863 3901 1941">
    <p class='ocr_par' dir='ltr' id='par_1_74' title="bbox 2281 1863 3901 1941">
     <span class='ocr_line' id='line_1_74' title="bbox 2281 1863 3901 1941; baseline 0.006 -27"><span class='ocrx_word' id='word_1_496' title='bbox 2281 1870 2412 1915; x_wconf 82' lang='grc' dir='ltr'>Θεοῦ</span> <span class='ocrx_word' id='word_1_497' title='bbox 2472 1870 2638 1916; x_wconf 89' lang='grc' dir='ltr'>ταῦτα</span> <span class='ocrx_word' id='word_1_498' title='bbox 2689 1863 2982 1922; x_wconf 82' lang='grc' dir='ltr'>ἀπελαύνει.</span> <span class='ocrx_word' id='word_1_499' title='bbox 3051 1874 3260 1941; x_wconf 82' lang='grc' dir='ltr'>Πνεῦμα</span> <span class='ocrx_word' id='word_1_500' title='bbox 3320 1867 3380 1922; x_wconf 67' lang='grc' dir='ltr'>δὲ</span> <span class='ocrx_word' id='word_1_501' title='bbox 3433 1878 3566 1923; x_wconf 90' lang='grc' dir='ltr'>Θεοῦ</span> <span class='ocrx_word' id='word_1_502' title='bbox 3620 1879 3729 1940; x_wconf 86' lang='grc' dir='ltr'>νῦν,</span> <span class='ocrx_word' id='word_1_503' title='bbox 3794 1878 3901 1930; x_wconf 67' lang='grc' dir='ltr'>τήν</span> 
     </span>
    </p>
   </div>
   <div class='ocr_carea' id='block_1_75' title="bbox 2281 1948 3901 2027">
    <p class='ocr_par' dir='ltr' id='par_1_75' title="bbox 2281 1948 3901 2027">
     <span class='ocr_line' id='line_1_75' title="bbox 2281 1948 3901 2027; baseline 0.006 -23"><span class='ocrx_word' id='word_1_504' title='bbox 2281 1948 2503 2024; x_wconf 85' lang='grc' dir='ltr'>δύναμιν</span> <span class='ocrx_word' id='word_1_505' title='bbox 2531 1961 2623 2005; x_wconf 83' lang='grc' dir='ltr'>τοῦ</span> <span class='ocrx_word' id='word_1_506' title='bbox 2656 1962 2787 2006; x_wconf 91' lang='grc' dir='ltr'>Θεοῦ</span> <span class='ocrx_word' id='word_1_507' title='bbox 2828 1974 2978 2027; x_wconf 76' lang='grc' dir='ltr'>φησι.</span> <span class='ocrx_word' id='word_1_508' title='bbox 3025 1959 3112 2009; x_wconf 90' lang='grc' dir='ltr'>Διὸ</span> <span class='ocrx_word' id='word_1_509' title='bbox 3141 1962 3232 2010; x_wconf 83' lang='grc' dir='ltr'>καὶ</span> <span class='ocrx_word' id='word_1_510' title='bbox 3279 1959 3304 2010; x_wconf 92' lang='grc' dir='ltr'>ό</span> <span class='ocrx_word' id='word_1_511' title='bbox 3336 1965 3563 2026; x_wconf 83' lang='grc' dir='ltr'>Λουκᾶς,</span> <span class='ocrx_word' id='word_1_512' title='bbox 3620 1961 3700 2014; x_wconf 86' lang='grc' dir='ltr'>Ἐν</span> <span class='ocrx_word' id='word_1_513' title='bbox 3755 1958 3901 2014; x_wconf 81' lang='grc' dir='ltr'>δακ-</span> 
     </span>
    </p>
   </div>
   <div class='ocr_carea' id='block_1_76' title="bbox 2278 2039 3900 2123">
    <p class='ocr_par' dir='ltr' id='par_1_76' title="bbox 2278 2039 3900 2123">
     <span class='ocr_line' id='line_1_76' title="bbox 2278 2039 3900 2123; baseline 0.007 -31"><span class='ocrx_word' id='word_1_514' title='bbox 2278 2039 2411 2111; x_wconf 79' lang='grc' dir='ltr'>τύλῳ</span> <span class='ocrx_word' id='word_1_515' title='bbox 2464 2048 2597 2094; x_wconf 87' lang='grc' dir='ltr'>Θεοῦ</span> <span class='ocrx_word' id='word_1_516' title='bbox 2653 2040 2777 2113; x_wconf 85' lang='grc' dir='ltr'>εἶπε,</span> <span class='ocrx_word' id='word_1_517' title='bbox 2865 2049 3152 2113; x_wconf 79' lang='grc' dir='ltr'>τουτέστιν,</span> <span class='ocrx_word' id='word_1_518' title='bbox 3226 2045 3274 2099; x_wconf 77' lang='grc' dir='ltr'>ἐν</span> <span class='ocrx_word' id='word_1_519' title='bbox 3350 2052 3514 2123; x_wconf 83' lang='grc' dir='ltr'>χειρί.</span> <span class='ocrx_word' id='word_1_520' title='bbox 3593 2056 3763 2121; x_wconf 82' lang='grc' dir='ltr'>Χεῖρα</span> <span class='ocrx_word' id='word_1_521' title='bbox 3831 2048 3900 2104; x_wconf 78' lang='grc' dir='ltr'>δὲ</span> 
     </span>
    </p>
   </div>
   <div class='ocr_carea' id='block_1_77' title="bbox 2283 2126 3900 2210">
    <p class='ocr_par' dir='ltr' id='par_1_77' title="bbox 2283 2126 3900 2210">
     <span class='ocr_line' id='line_1_77' title="bbox 2283 2126 3900 2210; baseline 0.007 -31"><span class='ocrx_word' id='word_1_522' title='bbox 2283 2136 2435 2194; x_wconf 84' lang='grc' dir='ltr'>Θεοῦ,</span> <span class='ocrx_word' id='word_1_523' title='bbox 2467 2134 2561 2187; x_wconf 80' lang='grc' dir='ltr'>τὴν</span> <span class='ocrx_word' id='word_1_524' title='bbox 2610 2126 2831 2203; x_wconf 83' lang='grc' dir='ltr'>δύναμιν</span> <span class='ocrx_word' id='word_1_525' title='bbox 2862 2133 3023 2185; x_wconf 76' lang='grc' dir='ltr'>αὐτοῦ</span> <span class='ocrx_word' id='word_1_526' title='bbox 3065 2134 3297 2207; x_wconf 69' lang='grc' dir='ltr'>λέγομεν.</span> <span class='ocrx_word' id='word_1_527' title='bbox 3345 2137 3403 2188; x_wconf 82' lang='grc' dir='ltr'><strong>Εἰ</strong></span> <span class='ocrx_word' id='word_1_528' title='bbox 3461 2133 3521 2190; x_wconf 73' lang='grc' dir='ltr'>δὲ</span> <span class='ocrx_word' id='word_1_529' title='bbox 3551 2135 3600 2189; x_wconf 80' lang='grc' dir='ltr'>ἐν</span> <span class='ocrx_word' id='word_1_530' title='bbox 3660 2135 3900 2210; x_wconf 81' lang='grc' dir='ltr'>δυνάμει</span> 
     </span>
    </p>
   </div>
   <div class='ocr_carea' id='block_1_78' title="bbox 2283 2218 3901 2297">
    <p class='ocr_par' dir='ltr' id='par_1_78' title="bbox 2283 2218 3901 2297">
     <span class='ocr_line' id='line_1_78' title="bbox 2283 2218 3901 2297; baseline 0.008 -29"><span class='ocrx_word' id='word_1_531' title='bbox 2283 2219 2412 2289; x_wconf 82' lang='grc' dir='ltr'>θείᾳ,</span> <span class='ocrx_word' id='word_1_532' title='bbox 2450 2223 2628 2290; x_wconf 85' lang='grc' dir='ltr'>φησὶν,</span> <span class='ocrx_word' id='word_1_533' title='bbox 2680 2218 2778 2290; x_wconf 72' lang='grc' dir='ltr'>ἐγὼ</span> <span class='ocrx_word' id='word_1_534' title='bbox 2826 2219 3052 2273; x_wconf 84' lang='grc' dir='ltr'>ἐκϐάλλω</span> <span class='ocrx_word' id='word_1_535' title='bbox 3094 2226 3157 2275; x_wconf 81' lang='grc' dir='ltr'>τὰ</span> <span class='ocrx_word' id='word_1_536' title='bbox 3208 2219 3475 2296; x_wconf 89' lang='grc' dir='ltr'>δαιμόνια,</span> <span class='ocrx_word' id='word_1_537' title='bbox 3519 2227 3590 2286; x_wconf 86' lang='grc' dir='ltr'>ὡς</span> <span class='ocrx_word' id='word_1_538' title='bbox 3617 2231 3689 2297; x_wconf 80' lang='grc' dir='ltr'>μή</span> <span class='ocrx_word' id='word_1_539' title='bbox 3732 2227 3901 2297; x_wconf 74' lang='grc' dir='ltr'>ψιλὸς</span> 
     </span>
    </p>
   </div>
   <div class='ocr_carea' id='block_1_79' title="bbox 2281 2307 3899 2388">
    <p class='ocr_par' dir='ltr' id='par_1_79' title="bbox 2281 2307 3899 2388">
     <span class='ocr_line' id='line_1_79' title="bbox 2281 2307 3899 2388; baseline 0.007 -31"><span class='ocrx_word' id='word_1_540' title='bbox 2281 2307 2551 2380; x_wconf 78' lang='grc' dir='ltr'>ἄνθρωπος</span> <span class='ocrx_word' id='word_1_541' title='bbox 2605 2309 2734 2378; x_wconf 88' lang='grc'>(83),</span> <span class='ocrx_word' id='word_1_542' title='bbox 2795 2307 2922 2361; x_wconf 82' lang='grc' dir='ltr'>ἀλλὰ</span> <span class='ocrx_word' id='word_1_543' title='bbox 2988 2315 3078 2363; x_wconf 84' lang='grc' dir='ltr'>καὶ</span> <span class='ocrx_word' id='word_1_544' title='bbox 3124 2313 3240 2372; x_wconf 85' lang='grc' dir='ltr'>Υἱὸς</span> <span class='ocrx_word' id='word_1_545' title='bbox 3291 2320 3445 2379; x_wconf 88' lang='grc' dir='ltr'>Θεοῦ,</span> <span class='ocrx_word' id='word_1_546' title='bbox 3508 2315 3613 2388; x_wconf 80' lang='grc' dir='ltr'>ἄρα</span> <span class='ocrx_word' id='word_1_547' title='bbox 3664 2317 3899 2387; x_wconf 79' lang='grc' dir='ltr'>ἔφθασεν</span> 
     </span>
    </p>
   </div>
   <div class='ocr_carea' id='block_1_80' title="bbox 2281 2394 3896 2472">
    <p class='ocr_par' dir='ltr' id='par_1_80' title="bbox 2281 2394 3896 2472">
     <span class='ocr_line' id='line_1_80' title="bbox 2281 2394 3896 2472; baseline 0.007 -26"><span class='ocrx_word' id='word_1_548' title='bbox 2281 2394 2353 2466; x_wconf 87' lang='grc' dir='ltr'>ἐφ’</span> <span class='ocrx_word' id='word_1_549' title='bbox 2391 2396 2524 2467; x_wconf 81' lang='grc' dir='ltr'>ὑμᾶς</span> <span class='ocrx_word' id='word_1_550' title='bbox 2557 2398 2586 2455; x_wconf 84' lang='grc' dir='ltr'><strong>ἠ</strong></span> <span class='ocrx_word' id='word_1_551' title='bbox 2620 2395 2865 2468; x_wconf 84' lang='grc' dir='ltr'>βασιλεία</span> <span class='ocrx_word' id='word_1_552' title='bbox 2891 2405 2983 2450; x_wconf 92' lang='grc' dir='ltr'>τοῦ</span> <span class='ocrx_word' id='word_1_553' title='bbox 3011 2406 3145 2452; x_wconf 87' lang='grc' dir='ltr'>Θεοῦ</span> <span class='ocrx_word' id='word_1_554' title='bbox 3177 2413 3191 2430; x_wconf 80' lang='grc'><strong><em>⁸</em></strong></span> <span class='ocrx_word' id='word_1_555' title='bbox 3242 2400 3378 2472; x_wconf 78' lang='grc' dir='ltr'>λέγει</span> <span class='ocrx_word' id='word_1_556' title='bbox 3427 2399 3486 2454; x_wconf 76' lang='grc' dir='ltr'>δε</span> <span class='ocrx_word' id='word_1_557' title='bbox 3530 2407 3624 2460; x_wconf 80' lang='grc' dir='ltr'>τὴν</span> <span class='ocrx_word' id='word_1_558' title='bbox 3677 2404 3896 2471; x_wconf 80' lang='grc' dir='ltr'>ἑαυτοῦ,</span> 
     </span>
    </p>
   </div>
   <div class='ocr_carea' id='block_1_81' title="bbox 2280 2480 3893 2566">
    <p class='ocr_par' dir='ltr' id='par_1_81' title="bbox 2280 2480 3893 2566">
     <span class='ocr_line' id='line_1_81' title="bbox 2280 2480 3893 2566; baseline 0.009 -35"><span class='ocrx_word' id='word_1_559' title='bbox 2280 2485 2460 2542; x_wconf 80' lang='grc' dir='ltr'>ἧντινα</span> <span class='ocrx_word' id='word_1_560' title='bbox 2490 2480 2584 2535; x_wconf 81' lang='grc' dir='ltr'>διὰ</span> <span class='ocrx_word' id='word_1_561' title='bbox 2611 2492 2704 2536; x_wconf 93' lang='grc' dir='ltr'>τοῦ</span> <span class='ocrx_word' id='word_1_562' title='bbox 2752 2493 2987 2558; x_wconf 79' lang='grc' dir='ltr'>Χριστοῦ</span> <span class='ocrx_word' id='word_1_563' title='bbox 3033 2489 3288 2559; x_wconf 81' lang='grc' dir='ltr'>ἔρχεσθαι</span> <span class='ocrx_word' id='word_1_564' title='bbox 3328 2487 3404 2542; x_wconf 74' lang='grc' dir='ltr'>ἐπ’</span> <span class='ocrx_word' id='word_1_565' title='bbox 3433 2491 3616 2551; x_wconf 77' lang='grc' dir='ltr'>αὐτοὺς</span> <span class='ocrx_word' id='word_1_566' title='bbox 3657 2511 3893 2566; x_wconf 75' lang='grc' dir='ltr'>προκατο</span> 
     </span>
    </p>
   </div>
   <div class='ocr_carea' id='block_1_82' title="bbox 2279 2571 3892 2650">
    <p class='ocr_par' dir='ltr' id='par_1_82' title="bbox 2279 2571 3892 2650">
     <span class='ocr_line' id='line_1_82' title="bbox 2279 2571 3892 2650; baseline 0.006 -27"><span class='ocrx_word' id='word_1_567' title='bbox 2279 2571 2524 2642; x_wconf 74' lang='grc' dir='ltr'>ἡγγειλαν</span> <span class='ocrx_word' id='word_1_568' title='bbox 2592 2575 2640 2624; x_wconf 85' lang='grc' dir='ltr'>οἱ</span> <span class='ocrx_word' id='word_1_569' title='bbox 2696 2582 2979 2646; x_wconf 80' lang='grc' dir='ltr'>προφῆται.</span> <span class='ocrx_word' id='word_1_570' title='bbox 3045 2581 3216 2629; x_wconf 89' lang='grc' dir='ltr'>Μόνου</span> <span class='ocrx_word' id='word_1_571' title='bbox 3287 2580 3388 2650; x_wconf 75' lang='grc' dir='ltr'>γὰρ</span> <span class='ocrx_word' id='word_1_572' title='bbox 3468 2587 3622 2646; x_wconf 87' lang='grc' dir='ltr'>Θεοῦ,</span> <span class='ocrx_word' id='word_1_573' title='bbox 3694 2585 3754 2632; x_wconf 87' lang='grc' dir='ltr'>τὸ</span> <span class='ocrx_word' id='word_1_574' title='bbox 3839 2583 3892 2633; x_wconf 82' lang='grc' dir='ltr'>ἐν</span> 
     </span>
    </p>
   </div>
   <div class='ocr_carea' id='block_1_83' title="bbox 2281 2657 3881 2740">
    <p class='ocr_par' dir='ltr' id='par_1_83' title="bbox 2281 2657 3881 2740">
     <span class='ocr_line' id='line_1_83' title="bbox 2281 2657 3881 2740; baseline 0.006 -28"><span class='ocrx_word' id='word_1_575' title='bbox 2281 2657 2499 2732; x_wconf 76' lang='grc' dir='ltr'>δυνάμει</span> <span class='ocrx_word' id='word_1_576' title='bbox 2545 2663 2658 2733; x_wconf 81' lang='grc' dir='ltr'>θείᾳ</span> <span class='ocrx_word' id='word_1_577' title='bbox 2699 2658 2948 2734; x_wconf 84' lang='grc' dir='ltr'>δαίμονας</span> <span class='ocrx_word' id='word_1_578' title='bbox 2997 2662 3272 2720; x_wconf 84' lang='grc' dir='ltr'>ἐκϐάλλειν.</span> <span class='ocrx_word' id='word_1_579' title='bbox 3309 2669 3374 2718; x_wconf 79' lang='grc' dir='ltr'>Οί</span> <span class='ocrx_word' id='word_1_580' title='bbox 3421 2669 3523 2740; x_wconf 75' lang='grc' dir='ltr'>γὰρ</span> <span class='ocrx_word' id='word_1_581' title='bbox 3579 2669 3881 2735; x_wconf 79' lang='grc' dir='ltr'>ἀπόστολοι,</span> 
     </span>
    </p>
   </div>
   <div class='ocr_carea' id='block_1_84' title="bbox 2279 2746 3871 2829">
    <p class='ocr_par' dir='ltr' id='par_1_84' title="bbox 2279 2746 3871 2829">
     <span class='ocr_line' id='line_1_84' title="bbox 2279 2746 3871 2829; baseline 0.006 -30"><span class='ocrx_word' id='word_1_582' title='bbox 2279 2749 2372 2800; x_wconf 72' lang='grc' dir='ltr'>οὐκ</span> <span class='ocrx_word' id='word_1_583' title='bbox 2433 2747 2480 2800; x_wconf 80' lang='grc' dir='ltr'>ἐν</span> <span class='ocrx_word' id='word_1_584' title='bbox 2536 2746 2756 2822; x_wconf 87' lang='grc' dir='ltr'>δυνάμει</span> <span class='ocrx_word' id='word_1_585' title='bbox 2800 2750 2929 2822; x_wconf 78' lang='grc' dir='ltr'>θείᾳ,</span> <span class='ocrx_word' id='word_1_586' title='bbox 2985 2750 3093 2803; x_wconf 79' lang='grc' dir='ltr'>ἀλλ’</span> <span class='ocrx_word' id='word_1_587' title='bbox 3138 2750 3186 2803; x_wconf 89' lang='grc' dir='ltr'>ἐν</span> <span class='ocrx_word' id='word_1_588' title='bbox 3230 2756 3420 2829; x_wconf 82' lang='grc' dir='ltr'>χάριτι</span> <span class='ocrx_word' id='word_1_589' title='bbox 3487 2758 3598 2827; x_wconf 81' lang='grc' dir='ltr'>θείᾳ</span> <span class='ocrx_word' id='word_1_590' title='bbox 3652 2758 3871 2817; x_wconf 80' lang='grc' dir='ltr'>τούτους</span> 
     </span>
    </p>
   </div>
   <div class='ocr_carea' id='block_1_85' title="bbox 2279 2835 3867 2917">
    <p class='ocr_par' dir='ltr' id='par_1_85' title="bbox 2279 2835 3867 2917">
     <span class='ocr_line' id='line_1_85' title="bbox 2279 2835 3867 2917; baseline 0.006 -30"><span class='ocrx_word' id='word_1_591' title='bbox 2279 2835 2557 2898; x_wconf 83' lang='grc' dir='ltr'>ἐξέϐαλλον.</span> <span class='ocrx_word' id='word_1_592' title='bbox 2593 2838 2667 2890; x_wconf 78' lang='grc' dir='ltr'>Οὐ</span> <span class='ocrx_word' id='word_1_593' title='bbox 2695 2841 2793 2913; x_wconf 60' lang='grc' dir='ltr'>γὰρ</span> <span class='ocrx_word' id='word_1_594' title='bbox 2847 2837 3126 2906; x_wconf 77' lang='grc' dir='ltr'>ἠδύναντο,</span> <span class='ocrx_word' id='word_1_595' title='bbox 3183 2844 3252 2903; x_wconf 86' lang='grc' dir='ltr'>ὡς</span> <span class='ocrx_word' id='word_1_596' title='bbox 3285 2843 3309 2893; x_wconf 87' lang='grc' dir='ltr'><strong><em>ὁ</em></strong></span> <span class='ocrx_word' id='word_1_597' title='bbox 3358 2846 3506 2910; x_wconf 82' lang='grc' dir='ltr'>Θεὸς,</span> <span class='ocrx_word' id='word_1_598' title='bbox 3542 2843 3666 2895; x_wconf 82' lang='grc' dir='ltr'>ἀλλὰ</span> <span class='ocrx_word' id='word_1_599' title='bbox 3710 2846 3867 2917; x_wconf 82' lang='grc' dir='ltr'>χάριν</span> 
     </span>
    </p>
   </div>
   <div class='ocr_carea' id='block_1_86' title="bbox 2278 2923 3879 3004">
    <p class='ocr_par' dir='ltr' id='par_1_86' title="bbox 2278 2923 3879 3004">
     <span class='ocr_line' id='line_1_86' title="bbox 2278 2923 3879 3004; baseline 0.005 -28"><span class='ocrx_word' id='word_1_600' title='bbox 2278 2923 2422 2995; x_wconf 84' lang='grc' dir='ltr'>εἶχον</span> <span class='ocrx_word' id='word_1_601' title='bbox 2469 2926 2527 2978; x_wconf 88' lang='grc' dir='ltr'>ἐκ</span> <span class='ocrx_word' id='word_1_602' title='bbox 2583 2934 2672 2978; x_wconf 86' lang='grc' dir='ltr'>τοῦ</span> <span class='ocrx_word' id='word_1_603' title='bbox 2732 2934 2884 2981; x_wconf 88' lang='grc' dir='ltr'>Θεοῦ.</span> <span class='ocrx_word' id='word_1_604' title='bbox 2929 2927 2986 2979; x_wconf 89' lang='grc' dir='ltr'>Ὁ</span> <span class='ocrx_word' id='word_1_605' title='bbox 3050 2932 3139 3000; x_wconf 68' lang='grc' dir='ltr'>μὲν</span> <span class='ocrx_word' id='word_1_606' title='bbox 3186 2931 3286 3001; x_wconf 72' lang='grc' dir='ltr'>γὰρ</span> <span class='ocrx_word' id='word_1_607' title='bbox 3351 2929 3664 3003; x_wconf 74' lang='grc' dir='ltr'>ἐπιτάγματι</span> <span class='ocrx_word' id='word_1_608' title='bbox 3738 2938 3879 3004; x_wconf 87' lang='grc' dir='ltr'>μόνῳ</span> 
     </span>
    </p>
   </div>
   <div class='ocr_carea' id='block_1_87' title="bbox 2277 3011 3878 3092">
    <p class='ocr_par' dir='ltr' id='par_1_87' title="bbox 2277 3011 3878 3092">
     <span class='ocr_line' id='line_1_87' title="bbox 2277 3011 3878 3092; baseline 0.005 -27"><span class='ocrx_word' id='word_1_609' title='bbox 2277 3018 2396 3076; x_wconf 84' lang='grc' dir='ltr'>τοὺς</span> <span class='ocrx_word' id='word_1_610' title='bbox 2445 3011 2699 3086; x_wconf 88' lang='grc' dir='ltr'>δαίμονας</span> <span class='ocrx_word' id='word_1_611' title='bbox 2738 3012 3051 3087; x_wconf 77' lang='grc' dir='ltr'>ἐφυγάδευεν</span> <span class='ocrx_word' id='word_1_612' title='bbox 3079 3038 3091 3050; x_wconf 79' lang='grc'><em>’</em></span> <span class='ocrx_word' id='word_1_613' title='bbox 3137 3019 3187 3070; x_wconf 81' lang='grc' dir='ltr'>οἱ</span> <span class='ocrx_word' id='word_1_614' title='bbox 3218 3014 3276 3070; x_wconf 79' lang='grc' dir='ltr'>δὲ</span> <span class='ocrx_word' id='word_1_615' title='bbox 3309 3017 3358 3070; x_wconf 81' lang='grc' dir='ltr'>ἐν</span> <span class='ocrx_word' id='word_1_616' title='bbox 3395 3028 3466 3090; x_wconf 89' lang='grc' dir='ltr'>τῷ</span> <span class='ocrx_word' id='word_1_617' title='bbox 3515 3019 3730 3092; x_wconf 81' lang='grc' dir='ltr'>ὀνόματι</span> <span class='ocrx_word' id='word_1_618' title='bbox 3774 3021 3878 3073; x_wconf 79' lang='grc' dir='ltr'>αῦ-</span> 
     </span>
    </p>
   </div>
   <div class='ocr_carea' id='block_1_88' title="bbox 2752 1689 3092 1743">
    <p class='ocr_par' dir='ltr' id='par_1_88' title="bbox 2752 1689 3092 1743">
     <span class='ocr_line' id='line_1_88' title="bbox 2752 1689 3092 1743; baseline 0.009 -3"><span class='ocrx_word' id='word_1_619' title='bbox 2752 1689 2828 1740; x_wconf 86' lang='grc' dir='ltr'>ὄτι</span> <span class='ocrx_word' id='word_1_620' title='bbox 2893 1691 2988 1742; x_wconf 71' lang='grc' dir='ltr'>οὐκ</span> <span class='ocrx_word' id='word_1_621' title='bbox 3045 1689 3092 1743; x_wconf 82' lang='grc' dir='ltr'>ἐν</span> 
     </span>
    </p>
   </div>
   <div class='ocr_carea' id='block_1_89' title="bbox 2207 3102 3872 3200">
    <p class='ocr_par' dir='ltr' id='par_1_89' title="bbox 2207 3102 3872 3200">
     <span class='ocr_line' id='line_1_89' title="bbox 2207 3102 3872 3200; baseline 0.005 -47"><span class='ocrx_word' id='word_1_622' title='bbox 2207 3111 2366 3200; x_wconf 64' lang='lat' dir='ltr'>Crat)</span> <span class='ocrx_word' id='word_1_623' title='bbox 2422 3106 2633 3163; x_wconf 78' lang='grc' dir='ltr'>τούτους</span> <span class='ocrx_word' id='word_1_624' title='bbox 2691 3103 2956 3178; x_wconf 78' lang='grc' dir='ltr'>ἐξωριζον.</span> <span class='ocrx_word' id='word_1_625' title='bbox 3034 3105 3094 3158; x_wconf 84' lang='grc' dir='ltr'><strong>Εἰ</strong></span> <span class='ocrx_word' id='word_1_626' title='bbox 3150 3102 3209 3158; x_wconf 66' lang='grc' dir='ltr'>δὲ</span> <span class='ocrx_word' id='word_1_627' title='bbox 3270 3107 3486 3178; x_wconf 76' lang='grc' dir='ltr'>ἔφθασεν</span> <span class='ocrx_word' id='word_1_628' title='bbox 3534 3107 3608 3180; x_wconf 86' lang='grc' dir='ltr'>ἐφ’</span> <span class='ocrx_word' id='word_1_629' title='bbox 3661 3111 3794 3181; x_wconf 76' lang='grc' dir='ltr'>ὑμᾶς</span> <span class='ocrx_word' id='word_1_630' title='bbox 3840 3112 3872 3168; x_wconf 80' lang='grc' dir='ltr'><strong>ἠ</strong></span> 
     </span>
    </p>
   </div>
   <div class='ocr_carea' id='block_1_90' title="bbox 2281 3189 3885 3264">
    <p class='ocr_par' dir='ltr' id='par_1_90' title="bbox 2281 3189 3885 3264">
     <span class='ocr_line' id='line_1_90' title="bbox 2281 3189 3885 3264; baseline 0.005 -21"><span class='ocrx_word' id='word_1_631' title='bbox 2281 3191 2524 3264; x_wconf 86' lang='grc' dir='ltr'>βασιλεία</span> <span class='ocrx_word' id='word_1_632' title='bbox 2581 3199 2672 3244; x_wconf 89' lang='grc' dir='ltr'>τοῦ</span> <span class='ocrx_word' id='word_1_633' title='bbox 2727 3200 2882 3255; x_wconf 90' lang='grc' dir='ltr'>Θεοῦ,</span> <span class='ocrx_word' id='word_1_634' title='bbox 2939 3189 3085 3245; x_wconf 85' lang='grc' dir='ltr'>διατί</span> <span class='ocrx_word' id='word_1_635' title='bbox 3128 3197 3320 3253; x_wconf 79' lang='grc' dir='ltr'>ταύτην</span> <span class='ocrx_word' id='word_1_636' title='bbox 3370 3195 3678 3262; x_wconf 77' lang='grc' dir='ltr'>ἀπωθεῖσθε,</span> <span class='ocrx_word' id='word_1_637' title='bbox 3731 3195 3885 3251; x_wconf 81' lang='grc' dir='ltr'>διατί</span> 
     </span>
    </p>
   </div>
   <div class='ocr_carea' id='block_1_91' title="bbox 2277 3280 3886 3361">
    <p class='ocr_par' dir='ltr' id='par_1_91' title="bbox 2277 3280 3886 3361">
     <span class='ocr_line' id='line_1_91' title="bbox 2277 3280 3886 3361; baseline 0.004 -29"><span class='ocrx_word' id='word_1_638' title='bbox 2277 3287 2386 3342; x_wconf 82' lang='grc' dir='ltr'>τοῖς</span> <span class='ocrx_word' id='word_1_639' title='bbox 2438 3283 2705 3353; x_wconf 78' lang='grc' dir='ltr'>ὑμετέροις</span> <span class='ocrx_word' id='word_1_640' title='bbox 2765 3280 2979 3352; x_wconf 76' lang='grc' dir='ltr'>ἀγαθοῖς</span> <span class='ocrx_word' id='word_1_641' title='bbox 3031 3282 3334 3356; x_wconf 84' lang='grc' dir='ltr'>πολεμεῖτε;</span> <span class='ocrx_word' id='word_1_642' title='bbox 3388 3280 3555 3346; x_wconf 83' lang='grc' dir='ltr'>Οὗτος</span> <span class='ocrx_word' id='word_1_643' title='bbox 3602 3288 3705 3361; x_wconf 73' lang='grc' dir='ltr'>γὰρ</span> <span class='ocrx_word' id='word_1_644' title='bbox 3759 3286 3886 3340; x_wconf 84' lang='grc' dir='ltr'>ἐκεῖ-</span> 
     </span>
    </p>
   </div>
   <div class='ocr_carea' id='block_1_92' title="bbox 2278 3371 3889 3448">
    <p class='ocr_par' dir='ltr' id='par_1_92' title="bbox 2278 3371 3889 3448">
     <span class='ocr_line' id='line_1_92' title="bbox 2278 3371 3889 3448; baseline 0.004 -27"><span class='ocrx_word' id='word_1_645' title='bbox 2278 3389 2363 3431; x_wconf 90' lang='grc' dir='ltr'>νος</span> <span class='ocrx_word' id='word_1_646' title='bbox 2409 3371 2434 3422; x_wconf 89' lang='grc' dir='ltr'><strong><em>ὁ</em></strong></span> <span class='ocrx_word' id='word_1_647' title='bbox 2481 3373 2663 3442; x_wconf 87' lang='grc' dir='ltr'>καιρὸς</span> <span class='ocrx_word' id='word_1_648' title='bbox 2708 3378 2798 3430; x_wconf 81' lang='grc' dir='ltr'>τῆς</span> <span class='ocrx_word' id='word_1_649' title='bbox 2869 3375 3133 3445; x_wconf 86' lang='grc' dir='ltr'>σωτηρίας</span> <span class='ocrx_word' id='word_1_650' title='bbox 3187 3373 3350 3444; x_wconf 85' lang='grc' dir='ltr'>ὑμῶν,</span> <span class='ocrx_word' id='word_1_651' title='bbox 3408 3372 3462 3425; x_wconf 90' lang='grc' dir='ltr'>ὃν</span> <span class='ocrx_word' id='word_1_652' title='bbox 3517 3373 3678 3426; x_wconf 90' lang='grc' dir='ltr'>πάλαι</span> <span class='ocrx_word' id='word_1_653' title='bbox 3707 3384 3889 3448; x_wconf 73' lang='grc' dir='ltr'>προείο</span> 
     </span>
    </p>
   </div>
   <div class='ocr_carea' id='block_1_93' title="bbox 2280 3460 2764 3530">
    <p class='ocr_par' dir='ltr' id='par_1_93' title="bbox 2280 3460 2764 3530">
     <span class='ocr_line' id='line_1_93' title="bbox 2280 3460 2764 3530; baseline 0.002 -19"><span class='ocrx_word' id='word_1_654' title='bbox 2280 3479 2374 3511; x_wconf 86' lang='grc' dir='ltr'>πον</span> <span class='ocrx_word' id='word_1_655' title='bbox 2406 3460 2454 3510; x_wconf 81' lang='grc' dir='ltr'>οἱ</span> <span class='ocrx_word' id='word_1_656' title='bbox 2482 3467 2764 3530; x_wconf 78' lang='grc' dir='ltr'>προφῆται.</span> 
     </span>
    </p>
   </div>
   <div class='ocr_carea' id='block_1_94' title="bbox 2351 3545 3886 3624">
    <p class='ocr_par' dir='ltr' id='par_1_94' title="bbox 2351 3545 3886 3624">
     <span class='ocr_line' id='line_1_94' title="bbox 2351 3545 3886 3624; baseline 0.001 -22"><span class='ocrx_word' id='word_1_657' title='bbox 2351 3547 2421 3602; x_wconf 82' lang='grc' dir='ltr'>’Ἡ</span> <span class='ocrx_word' id='word_1_658' title='bbox 2465 3555 2575 3608; x_wconf 84' lang='grc' dir='ltr'>πῶς</span> <span class='ocrx_word' id='word_1_659' title='bbox 2623 3577 2686 3587; x_wconf 83' lang='grc'><strong>-</strong></span> <span class='ocrx_word' id='word_1_660' title='bbox 2731 3545 3004 3620; x_wconf 78' lang='grc' dir='ltr'>διαρπάσῃ</span> <span class='ocrx_word' id='word_1_661' title='bbox 3043 3547 3198 3620; x_wconf 72' lang='grc'>(84);</span> <span class='ocrx_word' id='word_1_662' title='bbox 3258 3547 3765 3623; x_wconf 81' lang='grc' dir='ltr'>Παραδειγματικῶς</span> <span class='ocrx_word' id='word_1_663' title='bbox 3795 3557 3886 3624; x_wconf 65' lang='grc' dir='ltr'>μὲν</span> 
     </span>
    </p>
   </div>
   <div class='ocr_carea' id='block_1_95' title="bbox 2283 3631 3884 3715">
    <p class='ocr_par' dir='ltr' id='par_1_95' title="bbox 2283 3631 3884 3715">
     <span class='ocr_line' id='line_1_95' title="bbox 2283 3631 3884 3715; baseline 0.002 -27"><span class='ocrx_word' id='word_1_664' title='bbox 2283 3636 2452 3708; x_wconf 75' lang='grc' dir='ltr'>ἐξάγει</span> <span class='ocrx_word' id='word_1_665' title='bbox 2490 3638 2575 3688; x_wconf 86' lang='grc' dir='ltr'>τὸν</span> <span class='ocrx_word' id='word_1_666' title='bbox 2617 3635 2786 3707; x_wconf 74' lang='grc' dir='ltr'>λόγον,</span> <span class='ocrx_word' id='word_1_667' title='bbox 2821 3631 3078 3694; x_wconf 80' lang='grc' dir='ltr'>ὑποδηλοῖ</span> <span class='ocrx_word' id='word_1_668' title='bbox 3118 3634 3176 3689; x_wconf 76' lang='grc' dir='ltr'>δὲ</span> <span class='ocrx_word' id='word_1_669' title='bbox 3227 3637 3451 3712; x_wconf 81' lang='grc' dir='ltr'>ἰσχυρὸν</span> <span class='ocrx_word' id='word_1_670' title='bbox 3495 3642 3605 3711; x_wconf 74' lang='grc' dir='ltr'>μὲν,</span> <span class='ocrx_word' id='word_1_671' title='bbox 3655 3643 3764 3712; x_wconf 57' lang='grc' dir='ltr'>τὸνξ</span> <span class='ocrx_word' id='word_1_672' title='bbox 3793 3644 3884 3715; x_wconf 78' lang='grc' dir='ltr'>ἆρ-</span> 
     </span>
    </p>
   </div>
   <div class='ocr_carea' id='block_1_96' title="bbox 2282 3721 3880 3802">
    <p class='ocr_par' dir='ltr' id='par_1_96' title="bbox 2282 3721 3880 3802">
     <span class='ocr_line' id='line_1_96' title="bbox 2282 3721 3880 3802; baseline 0.003 -25"><span class='ocrx_word' id='word_1_673' title='bbox 2282 3745 2449 3798; x_wconf 87' lang='grc' dir='ltr'>χοντα</span> <span class='ocrx_word' id='word_1_674' title='bbox 2495 3733 2593 3776; x_wconf 86' lang='grc' dir='ltr'>τῶν</span> <span class='ocrx_word' id='word_1_675' title='bbox 2649 3721 2952 3796; x_wconf 84' lang='grc' dir='ltr'>δαιμονίων,</span> <span class='ocrx_word' id='word_1_676' title='bbox 3011 3725 3116 3797; x_wconf 70' lang='grc' dir='ltr'>οὐχ</span> <span class='ocrx_word' id='word_1_677' title='bbox 3183 3727 3251 3787; x_wconf 84' lang='grc' dir='ltr'>ὡς</span> <span class='ocrx_word' id='word_1_678' title='bbox 3309 3727 3532 3802; x_wconf 85' lang='grc' dir='ltr'>ἰσχυρὸν</span> <span class='ocrx_word' id='word_1_679' title='bbox 3585 3735 3647 3799; x_wconf 76' lang='grc' dir='ltr'>τῇ</span> <span class='ocrx_word' id='word_1_680' title='bbox 3704 3731 3880 3800; x_wconf 79' lang='grc' dir='ltr'>φύσει,</span> 
     </span>
    </p>
   </div>
   <div class='ocr_carea' id='block_1_97' title="bbox 2285 3813 3887 3888">
    <p class='ocr_par' dir='ltr' id='par_1_97' title="bbox 2285 3813 3887 3888">
     <span class='ocr_line' id='line_1_97' title="bbox 2285 3813 3887 3888; baseline 0.002 -23"><span class='ocrx_word' id='word_1_681' title='bbox 2285 3813 2389 3866; x_wconf 85' lang='grc' dir='ltr'>ἀλλ’</span> <span class='ocrx_word' id='word_1_682' title='bbox 2449 3815 2514 3874; x_wconf 83' lang='grc' dir='ltr'>ὡς</span> <span class='ocrx_word' id='word_1_683' title='bbox 2560 3821 2909 3886; x_wconf 86' lang='grc' dir='ltr'>τυραννοῦντα</span> <span class='ocrx_word' id='word_1_684' title='bbox 2961 3817 3123 3885; x_wconf 84' lang='grc' dir='ltr'>μέχρι</span> <span class='ocrx_word' id='word_1_685' title='bbox 3169 3817 3303 3884; x_wconf 85' lang='grc' dir='ltr'>τότε,</span> <span class='ocrx_word' id='word_1_686' title='bbox 3354 3820 3442 3867; x_wconf 86' lang='grc' dir='ltr'>καὶ</span> <span class='ocrx_word' id='word_1_687' title='bbox 3492 3816 3606 3888; x_wconf 83' lang='grc'>(85)</span> <span class='ocrx_word' id='word_1_688' title='bbox 3654 3813 3887 3869; x_wconf 87' lang='grc' dir='ltr'>καταδυ-</span> 
     </span>
    </p>
   </div>
   <div class='ocr_carea' id='block_1_98' title="bbox 2283 3900 3880 3978">
    <p class='ocr_par' dir='ltr' id='par_1_98' title="bbox 2283 3900 3880 3978">
     <span class='ocr_line' id='line_1_98' title="bbox 2283 3900 3880 3978; baseline 0.003 -25"><span class='ocrx_word' id='word_1_689' title='bbox 2283 3905 2596 3955; x_wconf 80' lang='grc' dir='ltr'>ναστεύοντα</span> <span class='ocrx_word' id='word_1_690' title='bbox 2641 3910 2741 3953; x_wconf 88' lang='grc' dir='ltr'>τῶν</span> <span class='ocrx_word' id='word_1_691' title='bbox 2819 3900 3168 3954; x_wconf 78' lang='grc' dir='ltr'>ἀσθενούντων</span> <span class='ocrx_word' id='word_1_692' title='bbox 3242 3903 3300 3954; x_wconf 80' lang='grc' dir='ltr'>ἐκ</span> <span class='ocrx_word' id='word_1_693' title='bbox 3368 3903 3657 3978; x_wconf 79' lang='grc' dir='ltr'>ῥᾳθυμίας.</span> <span class='ocrx_word' id='word_1_694' title='bbox 3721 3908 3880 3965; x_wconf 79' lang='grc' dir='ltr'>Σκεύη</span> 
     </span>
    </p>
   </div>
   <div class='ocr_carea' id='block_1_99' title="bbox 2287 3988 3886 4064">
    <p class='ocr_par' dir='ltr' id='par_1_99' title="bbox 2287 3988 3886 4064">
     <span class='ocr_line' id='line_1_99' title="bbox 2287 3988 3886 4064; baseline 0.003 -21"><span class='ocrx_word' id='word_1_695' title='bbox 2287 3989 2346 4043; x_wconf 72' lang='grc' dir='ltr'>δὲ</span> <span class='ocrx_word' id='word_1_696' title='bbox 2383 3991 2564 4054; x_wconf 78' lang='grc' dir='ltr'>αὐτοῦ,</span> <span class='ocrx_word' id='word_1_697' title='bbox 2604 3993 2671 4042; x_wconf 79' lang='grc' dir='ltr'>τὰ</span> <span class='ocrx_word' id='word_1_698' title='bbox 2711 3992 3098 4062; x_wconf 74' lang='grc' dir='ltr'>ὑποτεταγμένα</span> <span class='ocrx_word' id='word_1_699' title='bbox 3142 3991 3284 4062; x_wconf 80' lang='grc' dir='ltr'>αὐτῷ</span> <span class='ocrx_word' id='word_1_700' title='bbox 3326 3988 3594 4064; x_wconf 88' lang='grc' dir='ltr'>δαιμόνια,</span> <span class='ocrx_word' id='word_1_701' title='bbox 3639 3995 3707 4052; x_wconf 83' lang='grc' dir='ltr'>ὡς</span> <span class='ocrx_word' id='word_1_702' title='bbox 3753 3993 3886 4048; x_wconf 82' lang='grc' dir='ltr'>ὅπλα</span> 
     </span>
    </p>
   </div>
   <div class='ocr_carea' id='block_1_100' title="bbox 2287 4078 3881 4150">
    <p class='ocr_par' dir='ltr' id='par_1_100' title="bbox 2287 4078 3881 4150">
     <span class='ocr_line' id='line_1_100' title="bbox 2287 4078 3881 4150; baseline 0.003 -19"><span class='ocrx_word' id='word_1_703' title='bbox 2287 4079 2442 4131; x_wconf 73' lang='grc' dir='ltr'>αὑτοῦ</span> <span class='ocrx_word' id='word_1_704' title='bbox 2471 4095 2484 4109; x_wconf 84' lang='grc'>⁶</span> <span class='ocrx_word' id='word_1_705' title='bbox 2534 4081 2691 4136; x_wconf 77' lang='grc' dir='ltr'>σκεύη</span> <span class='ocrx_word' id='word_1_706' title='bbox 2747 4080 2845 4149; x_wconf 76' lang='grc' dir='ltr'>γὰρ</span> <span class='ocrx_word' id='word_1_707' title='bbox 2911 4078 3276 4150; x_wconf 85' lang='grc' dir='ltr'>ὀνομάζονται,</span> <span class='ocrx_word' id='word_1_708' title='bbox 3337 4083 3427 4132; x_wconf 83' lang='grc' dir='ltr'>καὶ</span> <span class='ocrx_word' id='word_1_709' title='bbox 3482 4082 3550 4132; x_wconf 80' lang='grc' dir='ltr'>τὰ</span> <span class='ocrx_word' id='word_1_710' title='bbox 3591 4080 3740 4133; x_wconf 84' lang='grc' dir='ltr'>ὅπλα.</span> <span class='ocrx_word' id='word_1_711' title='bbox 3796 4087 3881 4135; x_wconf 89' lang='grc' dir='ltr'><strong>Διό</strong></span> 
     </span>
    </p>
   </div>
   <div class='ocr_carea' id='block_1_101' title="bbox 2287 4166 3882 4240">
    <p class='ocr_par' dir='ltr' id='par_1_101' title="bbox 2287 4166 3882 4240">
     <span class='ocr_line' id='line_1_101' title="bbox 2287 4166 3882 4240; baseline 0.003 -21"><span class='ocrx_word' id='word_1_712' title='bbox 2287 4172 2376 4219; x_wconf 86' lang='grc' dir='ltr'>καὶ</span> <span class='ocrx_word' id='word_1_713' title='bbox 2413 4167 2438 4218; x_wconf 87' lang='grc' dir='ltr'><strong>ὁ</strong></span> <span class='ocrx_word' id='word_1_714' title='bbox 2489 4171 2718 4232; x_wconf 84' lang='grc' dir='ltr'>Λουκᾶς,</span> <span class='ocrx_word' id='word_1_715' title='bbox 2765 4166 3052 4219; x_wconf 84' lang='grc' dir='ltr'>πανοπλίαν</span> <span class='ocrx_word' id='word_1_716' title='bbox 3100 4168 3257 4220; x_wconf 73' lang='grc' dir='ltr'>αὐτοῦ</span> <span class='ocrx_word' id='word_1_717' title='bbox 3300 4175 3465 4220; x_wconf 90' lang='grc' dir='ltr'>ταῦτα</span> <span class='ocrx_word' id='word_1_718' title='bbox 3503 4169 3756 4240; x_wconf 81' lang='grc' dir='ltr'>ὠνόμασε,</span> <span class='ocrx_word' id='word_1_719' title='bbox 3813 4167 3882 4223; x_wconf 88' lang='grc' dir='ltr'>δι’</span> 
     </span>
    </p>
   </div>
   <div class='ocr_carea' id='block_1_102' title="bbox 2289 4250 3880 4330">
    <p class='ocr_par' dir='ltr' id='par_1_102' title="bbox 2289 4250 3880 4330">
     <span class='ocr_line' id='line_1_102' title="bbox 2289 4250 3880 4330; baseline 0.004 -25"><span class='ocrx_word' id='word_1_720' title='bbox 2289 4257 2355 4306; x_wconf 84' lang='grc' dir='ltr'>ὧν</span> <span class='ocrx_word' id='word_1_721' title='bbox 2406 4250 2782 4307; x_wconf 87' lang='grc' dir='ltr'>κατεδουλοῦτο</span> <span class='ocrx_word' id='word_1_722' title='bbox 2841 4259 2961 4315; x_wconf 84' lang='grc' dir='ltr'>τοὺς</span> <span class='ocrx_word' id='word_1_723' title='bbox 3013 4253 3223 4316; x_wconf 81' lang='grc' dir='ltr'>ἀθλίους</span> <span class='ocrx_word' id='word_1_724' title='bbox 3294 4254 3614 4330; x_wconf 81' lang='grc' dir='ltr'>ἀνθρώπους.</span> <span class='ocrx_word' id='word_1_725' title='bbox 3675 4257 3880 4330; x_wconf 70' lang='grc' dir='ltr'>Εἰσάγει</span> 
     </span>
    </p>
   </div>
   <div class='ocr_carea' id='block_1_103' title="bbox 2291 4339 3879 4418">
    <p class='ocr_par' dir='ltr' id='par_1_103' title="bbox 2291 4339 3879 4418">
     <span class='ocr_line' id='line_1_103' title="bbox 2291 4339 3879 4418; baseline 0.001 -21"><span class='ocrx_word' id='word_1_726' title='bbox 2291 4341 2349 4397; x_wconf 81' lang='grc' dir='ltr'>δε</span> <span class='ocrx_word' id='word_1_727' title='bbox 2414 4343 2685 4415; x_wconf 73' lang='grc' dir='ltr'>λογισμὸν,</span> <span class='ocrx_word' id='word_1_728' title='bbox 2755 4339 2846 4394; x_wconf 75' lang='grc' dir='ltr'>διὰ</span> <span class='ocrx_word' id='word_1_729' title='bbox 2901 4349 2992 4394; x_wconf 91' lang='grc' dir='ltr'>τοῦ</span> <span class='ocrx_word' id='word_1_730' title='bbox 3066 4346 3304 4396; x_wconf 81' lang='grc' dir='ltr'>τοιούτου</span> <span class='ocrx_word' id='word_1_731' title='bbox 3376 4342 3802 4418; x_wconf 72' lang='grc' dir='ltr'>παραδείγματος</span> <span class='ocrx_word' id='word_1_732' title='bbox 3855 4348 3879 4398; x_wconf 88' lang='grc' dir='ltr'>ό</span> 
     </span>
    </p>
   </div>
   <div class='ocr_carea' id='block_1_104' title="bbox 2288 4428 3878 4506">
    <p class='ocr_par' dir='ltr' id='par_1_104' title="bbox 2288 4428 3878 4506">
     <span class='ocr_line' id='line_1_104' title="bbox 2288 4428 3878 4506; baseline 0.001 -21"><span class='ocrx_word' id='word_1_733' title='bbox 2288 4436 2535 4506; x_wconf 76' lang='grc' dir='ltr'>Χριστὸς,</span> <span class='ocrx_word' id='word_1_734' title='bbox 2606 4428 2926 4496; x_wconf 78' lang='grc' dir='ltr'>δεικνύοντα,</span> <span class='ocrx_word' id='word_1_735' title='bbox 2978 4432 3056 4484; x_wconf 89' lang='grc' dir='ltr'>ὃτι</span> <span class='ocrx_word' id='word_1_736' title='bbox 3118 4431 3175 4483; x_wconf 79' lang='grc' dir='ltr'>οῦ</span> <span class='ocrx_word' id='word_1_737' title='bbox 3230 4437 3383 4504; x_wconf 87' lang='grc' dir='ltr'>μόνον</span> <span class='ocrx_word' id='word_1_738' title='bbox 3444 4433 3538 4485; x_wconf 82' lang='grc' dir='ltr'>οῦκ</span> <span class='ocrx_word' id='word_1_739' title='bbox 3595 4437 3708 4505; x_wconf 81' lang='grc' dir='ltr'>ἔχει</span> <span class='ocrx_word' id='word_1_740' title='bbox 3747 4434 3878 4506; x_wconf 86' lang='grc' dir='ltr'>φίλον</span> 
     </span>
    </p>
   </div>
   <div class='ocr_carea' id='block_1_105' title="bbox 2289 4516 3876 4595">
    <p class='ocr_par' dir='ltr' id='par_1_105' title="bbox 2289 4516 3876 4595">
     <span class='ocr_line' id='line_1_105' title="bbox 2289 4516 3876 4595; baseline 0.001 -22"><span class='ocrx_word' id='word_1_741' title='bbox 2289 4525 2373 4573; x_wconf 90' lang='grc' dir='ltr'>τὸν</span> <span class='ocrx_word' id='word_1_742' title='bbox 2418 4522 2655 4595; x_wconf 81' lang='grc' dir='ltr'>ἄρχοντα</span> <span class='ocrx_word' id='word_1_743' title='bbox 2698 4528 2798 4572; x_wconf 83' lang='grc' dir='ltr'>τῶν</span> <span class='ocrx_word' id='word_1_744' title='bbox 2844 4516 3147 4592; x_wconf 81' lang='grc' dir='ltr'>δαιμονίων,</span> <span class='ocrx_word' id='word_1_745' title='bbox 3199 4519 3327 4572; x_wconf 80' lang='grc' dir='ltr'>ἀλλὰ</span> <span class='ocrx_word' id='word_1_746' title='bbox 3375 4525 3462 4574; x_wconf 82' lang='grc' dir='ltr'>καὶ</span> <span class='ocrx_word' id='word_1_747' title='bbox 3515 4522 3704 4594; x_wconf 83' lang='grc' dir='ltr'>μᾶλλον</span> <span class='ocrx_word' id='word_1_748' title='bbox 3747 4519 3876 4574; x_wconf 79' lang='grc' dir='ltr'>ἐδέσ-</span> 
     </span>
    </p>
   </div>
   <div class='ocr_carea' id='block_1_106' title="bbox 2286 4607 3868 4683">
    <p class='ocr_par' dir='ltr' id='par_1_106' title="bbox 2286 4607 3868 4683">
     <span class='ocr_line' id='line_1_106' title="bbox 2286 4607 3868 4683; baseline -0.001 -21"><span class='ocrx_word' id='word_1_749' title='bbox 2286 4630 2450 4682; x_wconf 80' lang='grc' dir='ltr'>μησεν</span> <span class='ocrx_word' id='word_1_750' title='bbox 2506 4609 2664 4661; x_wconf 72' lang='grc' dir='ltr'>αὑτοῦ</span> <span class='ocrx_word' id='word_1_751' title='bbox 2718 4612 2811 4667; x_wconf 78' lang='grc' dir='ltr'>τὴν</span> <span class='ocrx_word' id='word_1_752' title='bbox 2854 4607 3034 4680; x_wconf 87' lang='grc' dir='ltr'>ἰσχὺν,</span> <span class='ocrx_word' id='word_1_753' title='bbox 3088 4611 3159 4669; x_wconf 87' lang='grc' dir='ltr'>ὡς</span> <span class='ocrx_word' id='word_1_754' title='bbox 3187 4607 3460 4681; x_wconf 81' lang='grc' dir='ltr'>ἐχθίστου.</span> <span class='ocrx_word' id='word_1_755' title='bbox 3516 4609 3668 4663; x_wconf 85' lang='grc' dir='ltr'>Ἐστι</span> <span class='ocrx_word' id='word_1_756' title='bbox 3715 4614 3802 4683; x_wconf 71' lang='grc' dir='ltr'>’γὰρ</span> <span class='ocrx_word' id='word_1_757' title='bbox 3846 4611 3868 4660; x_wconf 90' lang='grc' dir='ltr'><strong><em>ὁ</em></strong></span> 
     </span>
    </p>
   </div>
   <div class='ocr_carea' id='block_1_107' title="bbox 2284 4695 3875 4772">
    <p class='ocr_par' dir='ltr' id='par_1_107' title="bbox 2284 4695 3875 4772">
     <span class='ocr_line' id='line_1_107' title="bbox 2284 4695 3875 4772; baseline -0.002 -21"><span class='ocrx_word' id='word_1_758' title='bbox 2284 4708 2374 4752; x_wconf 89' lang='grc' dir='ltr'>τοῦ</span> <span class='ocrx_word' id='word_1_759' title='bbox 2435 4699 2691 4770; x_wconf 73' lang='grc' dir='ltr'>λογισμοῦ</span> <span class='ocrx_word' id='word_1_760' title='bbox 2767 4700 2976 4761; x_wconf 79' lang='grc' dir='ltr'>σκοπός,</span> <span class='ocrx_word' id='word_1_761' title='bbox 3036 4697 3117 4747; x_wconf 88' lang='grc' dir='ltr'>ὅτι</span> <span class='ocrx_word' id='word_1_762' title='bbox 3184 4698 3360 4772; x_wconf 84' lang='grc' dir='ltr'>ὥσπερ</span> <span class='ocrx_word' id='word_1_763' title='bbox 3431 4698 3489 4750; x_wconf 77' lang='grc' dir='ltr'>οὐ</span> <span class='ocrx_word' id='word_1_764' title='bbox 3544 4695 3764 4750; x_wconf 82' lang='grc' dir='ltr'>δύναταί</span> <span class='ocrx_word' id='word_1_765' title='bbox 3804 4717 3875 4759; x_wconf 91' lang='grc' dir='ltr'>τις</span> 
     </span>
    </p>
   </div>
   <div class='ocr_carea' id='block_1_108' title="bbox 2284 4783 3877 4859">
    <p class='ocr_par' dir='ltr' id='par_1_108' title="bbox 2284 4783 3877 4859">
     <span class='ocr_line' id='line_1_108' title="bbox 2284 4783 3877 4859; baseline -0.003 -18"><span class='ocrx_word' id='word_1_766' title='bbox 2284 4788 2524 4859; x_wconf 78' lang='grc' dir='ltr'>εἰσελθεῖν</span> <span class='ocrx_word' id='word_1_767' title='bbox 2565 4786 2634 4846; x_wconf 85' lang='grc' dir='ltr'>εἰς</span> <span class='ocrx_word' id='word_1_768' title='bbox 2689 4789 2783 4842; x_wconf 82' lang='grc' dir='ltr'>τὴν</span> <span class='ocrx_word' id='word_1_769' title='bbox 2832 4783 2999 4836; x_wconf 84' lang='grc' dir='ltr'>οἰκίαν</span> <span class='ocrx_word' id='word_1_770' title='bbox 3032 4791 3124 4836; x_wconf 87' lang='grc' dir='ltr'>τοῦ</span> <span class='ocrx_word' id='word_1_771' title='bbox 3179 4785 3431 4857; x_wconf 83' lang='grc' dir='ltr'>ἰσχυροῦ,</span> <span class='ocrx_word' id='word_1_772' title='bbox 3490 4786 3579 4838; x_wconf 83' lang='grc' dir='ltr'>καὶ</span> <span class='ocrx_word' id='word_1_773' title='bbox 3626 4789 3692 4838; x_wconf 82' lang='grc' dir='ltr'>τὰ</span> <span class='ocrx_word' id='word_1_774' title='bbox 3731 4789 3877 4844; x_wconf 77' lang='grc' dir='ltr'>σκεύη</span> 
     </span>
    </p>
   </div>
   <div class='ocr_carea' id='block_1_109' title="bbox 2283 4872 3878 4949">
    <p class='ocr_par' dir='ltr' id='par_1_109' title="bbox 2283 4872 3878 4949">
     <span class='ocr_line' id='line_1_109' title="bbox 2283 4872 3878 4949; baseline -0.003 -19"><span class='ocrx_word' id='word_1_775' title='bbox 2283 4878 2442 4931; x_wconf 75' lang='grc' dir='ltr'>αὐτοῦ</span> <span class='ocrx_word' id='word_1_776' title='bbox 2495 4872 2818 4947; x_wconf 77' lang='grc' dir='ltr'>διαρπάσαι,</span> <span class='ocrx_word' id='word_1_777' title='bbox 2874 4872 3230 4945; x_wconf 88' lang='grc' dir='ltr'>φυλαττόμενα</span> <span class='ocrx_word' id='word_1_778' title='bbox 3281 4875 3404 4949; x_wconf 87' lang='grc' dir='ltr'>παρ’</span> <span class='ocrx_word' id='word_1_779' title='bbox 3459 4875 3640 4940; x_wconf 70' lang='grc' dir='ltr'>αὐτοῦ,</span> <span class='ocrx_word' id='word_1_780' title='bbox 3687 4875 3769 4927; x_wconf 80' lang='grc' dir='ltr'>ἐὰν</span> <span class='ocrx_word' id='word_1_781' title='bbox 3812 4880 3878 4946; x_wconf 69' lang='grc' dir='ltr'>μὴ</span> 
     </span>
    </p>
   </div>
   <div class='ocr_carea' id='block_1_110' title="bbox 2281 4959 3880 5038">
    <p class='ocr_par' dir='ltr' id='par_1_110' title="bbox 2281 4959 3880 5038">
     <span class='ocr_line' id='line_1_110' title="bbox 2281 4959 3880 5038; baseline -0.002 -19"><span class='ocrx_word' id='word_1_782' title='bbox 2281 4974 2490 5038; x_wconf 77' lang='grc' dir='ltr'>πρῶτον</span> <span class='ocrx_word' id='word_1_783' title='bbox 2524 4959 2665 5034; x_wconf 78' lang='grc' dir='ltr'>δήσῃ</span> <span class='ocrx_word' id='word_1_784' title='bbox 2700 4965 2787 5014; x_wconf 87' lang='grc' dir='ltr'>τὸν</span> <span class='ocrx_word' id='word_1_785' title='bbox 2818 4961 3043 5036; x_wconf 86' lang='grc' dir='ltr'>ἰσχυρόν</span> <span class='ocrx_word' id='word_1_786' title='bbox 3080 4977 3092 4991; x_wconf 92' lang='grc'><strong>·</strong></span> <span class='ocrx_word' id='word_1_787' title='bbox 3127 4962 3291 5025; x_wconf 81' lang='grc' dir='ltr'>οὕτως</span> <span class='ocrx_word' id='word_1_788' title='bbox 3317 4960 3431 5016; x_wconf 78' lang='grc' dir='ltr'>οὐδ’</span> <span class='ocrx_word' id='word_1_789' title='bbox 3464 4963 3619 5026; x_wconf 75' lang='grc' dir='ltr'>αὐτὸς</span> <span class='ocrx_word' id='word_1_790' title='bbox 3659 4960 3880 5037; x_wconf 76' lang='grc' dir='ltr'>διήρπα-</span> 
     </span>
    </p>
   </div>
   <div class='ocr_carea' id='block_1_111' title="bbox 1757 5214 2685 5284">
    <p class='ocr_par' dir='ltr' id='par_1_111' title="bbox 1757 5214 2685 5284">
     <span class='ocr_line' id='line_1_111' title="bbox 1757 5214 2685 5284; baseline -0.012 0"><span class='ocrx_word' id='word_1_791' title='bbox 1757 5215 1981 5284; x_wconf 77' lang='lat' dir='ltr'>Varias</span> <span class='ocrx_word' id='word_1_792' title='bbox 2012 5214 2342 5284; x_wconf 87' lang='lat' dir='ltr'>lectiones</span> <span class='ocrx_word' id='word_1_793' title='bbox 2385 5219 2450 5278; x_wconf 91' lang='lat' dir='ltr'>et</span> <span class='ocrx_word' id='word_1_794' title='bbox 2483 5216 2685 5276; x_wconf 69' lang='lat' dir='ltr'>notae.</span> 
     </span>
    </p>
   </div>
   <div class='ocr_carea' id='block_1_112' title="bbox 629 5356 1154 5423">
    <p class='ocr_par' dir='ltr' id='par_1_112' title="bbox 629 5356 1154 5423">
     <span class='ocr_line' id='line_1_112' title="bbox 629 5356 1154 5423; baseline -0.002 -9"><span class='ocrx_word' id='word_1_795' title='bbox 629 5358 717 5423; x_wconf 75' lang='lat'>81)</span> <span class='ocrx_word' id='word_1_796' title='bbox 749 5362 860 5423; x_wconf 82' lang='grc' dir='ltr'>καί,</span> <span class='ocrx_word' id='word_1_797' title='bbox 885 5356 1053 5413; x_wconf 89' lang='lat' dir='ltr'>abest</span> <span class='ocrx_word' id='word_1_798' title='bbox 1083 5360 1154 5413; x_wconf 83' lang='lat' dir='ltr'>A.</span> 
     </span>
    </p>
   </div>
   <div class='ocr_carea' id='block_1_113' title="bbox 607 5358 2192 5500">
    <p class='ocr_par' dir='ltr' id='par_1_113' title="bbox 607 5358 2192 5500">
     <span class='ocr_line' id='line_1_113' title="bbox 629 5358 1154 5423; baseline -0.002 -9"><span class='ocrx_word' id='word_1_799' title='bbox 629 5359 684 5414; x_wconf 73' lang='lat'>81</span> <span class='ocrx_word' id='word_1_800' title='bbox 749 5362 860 5423; x_wconf 82' lang='grc' dir='ltr'>καί,</span> <span class='ocrx_word' id='word_1_801' title='bbox 885 5358 1053 5413; x_wconf 89' lang='lat' dir='ltr'>abest</span> <span class='ocrx_word' id='word_1_802' title='bbox 1083 5360 1154 5413; x_wconf 83' lang='lat' dir='ltr'>A.</span> 
     </span>
     <span class='ocr_line' id='line_1_114' title="bbox 607 5358 2192 5500; baseline -0.001 -16"><span class='ocrx_word' id='word_1_803' title='bbox 607 5358 718 5500; x_wconf 47' lang='lat'>282;</span> <span class='ocrx_word' id='word_1_804' title='bbox 743 5429 975 5484; x_wconf 87' lang='lat' dir='ltr'>Inclusa</span> <span class='ocrx_word' id='word_1_805' title='bbox 995 5428 1184 5500; x_wconf 81' lang='lat' dir='ltr'>codex</span> <span class='ocrx_word' id='word_1_806' title='bbox 1200 5433 1450 5500; x_wconf 86' lang='lat' dir='ltr'>uterque</span> <span class='ocrx_word' id='word_1_807' title='bbox 1474 5428 1533 5483; x_wconf 92' lang='lat' dir='ltr'>in</span> <span class='ocrx_word' id='word_1_808' title='bbox 1563 5431 1833 5500; x_wconf 83' lang='lat' dir='ltr'>margine</span> <span class='ocrx_word' id='word_1_809' title='bbox 1849 5429 2049 5487; x_wconf 86' lang='lat' dir='ltr'>habet.</span> <span class='ocrx_word' id='word_1_810' title='bbox 2083 5429 2192 5484; x_wconf 83' lang='lat' dir='ltr'>Be-</span> 
     </span>
    </p>
   </div>
   <div class='ocr_carea' id='block_1_114' title="bbox 548 5498 1721 5563">
    <p class='ocr_par' dir='ltr' id='par_1_114' title="bbox 548 5498 1721 5563">
     <span class='ocr_line' id='line_1_115' title="bbox 548 5498 1721 5563; baseline 0.002 -9"><span class='ocrx_word' id='word_1_811' title='bbox 548 5498 815 5556; x_wconf 85' lang='lat' dir='ltr'>feruntur</span> <span class='ocrx_word' id='word_1_812' title='bbox 849 5504 1049 5555; x_wconf 88' lang='lat' dir='ltr'>autem</span> <span class='ocrx_word' id='word_1_813' title='bbox 1073 5499 1198 5554; x_wconf 64' lang='lat' dir='ltr'>haec</span> <span class='ocrx_word' id='word_1_814' title='bbox 1229 5498 1304 5555; x_wconf 86' lang='lat' dir='ltr'>ad</span> <span class='ocrx_word' id='word_1_815' title='bbox 1342 5498 1482 5554; x_wconf 89' lang='lat' dir='ltr'>Luc.</span> <span class='ocrx_word' id='word_1_816' title='bbox 1525 5514 1599 5563; x_wconf 78' lang='lat' dir='ltr'>xi,</span> <span class='ocrx_word' id='word_1_817' title='bbox 1628 5499 1721 5556; x_wconf 87' lang='lat'>20.</span> 
     </span>
    </p>
   </div>
   <div class='ocr_carea' id='block_1_115' title="bbox 615 5569 1128 5642">
    <p class='ocr_par' dir='ltr' id='par_1_115' title="bbox 615 5569 1128 5642">
     <span class='ocr_line' id='line_1_116' title="bbox 615 5569 1128 5642; baseline -0.002 -17"><span class='ocrx_word' id='word_1_818' title='bbox 615 5571 730 5642; x_wconf 84' lang='lat' dir='ltr'>(s2)</span> <span class='ocrx_word' id='word_1_819' title='bbox 763 5572 829 5622; x_wconf 82' lang='grc' dir='ltr'>ὢν</span> <span class='ocrx_word' id='word_1_820' title='bbox 857 5569 1024 5626; x_wconf 85' lang='lat' dir='ltr'>addit</span> <span class='ocrx_word' id='word_1_821' title='bbox 1063 5577 1128 5626; x_wconf 80' lang='grc' dir='ltr'>Α.</span> 
     </span>
    </p>
   </div>
   <div class='ocr_carea' id='block_1_116' title="bbox 2371 5350 3878 5427">
    <p class='ocr_par' dir='ltr' id='par_1_116' title="bbox 2371 5350 3878 5427">
     <span class='ocr_line' id='line_1_117' title="bbox 2371 5350 3878 5427; baseline 0.001 -19"><span class='ocrx_word' id='word_1_822' title='bbox 2371 5354 2484 5426; x_wconf 78' lang='grc'>(84)</span> <span class='ocrx_word' id='word_1_823' title='bbox 2508 5351 2829 5427; x_wconf 77' lang='lat' dir='ltr'>Hentenius</span> <span class='ocrx_word' id='word_1_824' title='bbox 2846 5350 3080 5427; x_wconf 72' lang='lat' dir='ltr'>videtur</span> <span class='ocrx_word' id='word_1_825' title='bbox 3097 5353 3386 5427; x_wconf 87' lang='lat' dir='ltr'>reperisse</span> <span class='ocrx_word' id='word_1_826' title='bbox 3405 5351 3708 5427; x_wconf 79' lang='grc' dir='ltr'>διαρπάσει.</span> <span class='ocrx_word' id='word_1_827' title='bbox 3740 5356 3878 5410; x_wconf 89' lang='lat' dir='ltr'>Uter-</span> 
     </span>
    </p>
   </div>
   <div class='ocr_carea' id='block_1_117' title="bbox 2299 5420 3332 5499">
    <p class='ocr_par' dir='ltr' id='par_1_117' title="bbox 2299 5420 3332 5499">
     <span class='ocr_line' id='line_1_118' title="bbox 2299 5420 3332 5499; baseline -0.002 -17"><span class='ocrx_word' id='word_1_828' title='bbox 2299 5420 2417 5499; x_wconf 73' lang='lat' dir='ltr'>que</span> <span class='ocrx_word' id='word_1_829' title='bbox 2448 5420 2586 5499; x_wconf 62' lang='lat' dir='ltr'>vero</span> <span class='ocrx_word' id='word_1_830' title='bbox 2613 5439 2782 5499; x_wconf 82' lang='lat' dir='ltr'>meus</span> <span class='ocrx_word' id='word_1_831' title='bbox 2810 5422 2989 5479; x_wconf 89' lang='lat' dir='ltr'>habet</span> <span class='ocrx_word' id='word_1_832' title='bbox 3029 5420 3332 5499; x_wconf 59' lang='lat' dir='ltr'>dtapirdcp.</span> 
     </span>
    </p>
   </div>
   <div class='ocr_carea' id='block_1_118' title="bbox 2373 5491 3040 5568">
    <p class='ocr_par' dir='ltr' id='par_1_118' title="bbox 2373 5491 3040 5568">
     <span class='ocr_line' id='line_1_119' title="bbox 2373 5491 3040 5568; baseline 0.004 -22"><span class='ocrx_word' id='word_1_833' title='bbox 2373 5495 2488 5568; x_wconf 85' lang='lat'>(85)</span> <span class='ocrx_word' id='word_1_834' title='bbox 2526 5491 2932 5550; x_wconf 80' lang='grc' dir='ltr'>δυναστεύοντα.</span> <span class='ocrx_word' id='word_1_835' title='bbox 2975 5499 3040 5549; x_wconf 83' lang='grc' dir='ltr'>Α.</span> 
     </span>
    </p>
   </div>
  </div>
