4206 6310
295 356 403 415 381
1238 361 1610 419 COMMENT.
1663 363 1733 416 IN
1773 361 1956 418 MAT'I

2023 360 2226 417 [EUM-
2268 390 2337 402 -—
2377 358 2544 415 CAP.
2594 359 2775 417 XXII.
3574 352 3679 411 382

305 504 394 538 σεν
448 487 508 537 ἄν
556 487 622 536 τὰ
673 481 951 557 δαιμόνια,
992 490 1249 553 τουτέστι,
1312 484 1698 559 διεσκόρπισεν,
1761 489 1803 540 εἰ
1848 492 1966 560 μήλ

2036 487 2326 543 vinxerit:
2362 486 2441 543 ita
2464 500 2659 557 neque
2704 484 2800 541 hic
2859 484 3167 557 rupuisset
3228 482 3547 551 daemonia,
3580 482 3689 541 hcc

304 583 510 648 πρῶτον
552 569 817 645 ἕδέσμησε
848 577 934 625 τὸν
966 576 1203 649 ἄρχοντα
1240 578 1455 643 τούτων,
1488 580 1574 629 τὸν
1606 575 1922 648 ἐνισχύοντα

2034 582 2121 631 est
2154 574 2551 646 dispersisset,
2586 572 2700 629 nisi
2749 574 3003 645 primum
3054 572 3347 628 vinxisset
3375 572 3686 643 principem

308 662 460 714 αὐτά.
2032 664 2289 730 illorum,
2319 663 2422 735 qui
2453 662 2533 717 eis
2586 662 2988 719 fortitudinem
3030 662 3371 733 praestabat.

382 755 492 824 Χρὴ
529 746 587 803 δὲ
626 756 917 820 γινώσκειν,
954 753 1017 811 ὡς
1045 751 1104 803 οὐ
1144 754 1361 805 πάντοτε
1412 756 1476 804 τά
1514 748 1925 826 παραδείγματα

2107 752 2268 807 Scire
2315 756 2509 807 autem
2565 755 2817 823 oportet,
2876 750 3037 823 quod
3102 765 3226 806 non
3291 749 3684 822 undiquaque

304 842 441 889 κατά
496 840 669 890 πάντα
724 839 874 910 λόγον
928 842 1364 913 προσαρμοζουσι
1426 850 1541 903 ταῖς
1584 844 1917 897 ὑποθέσεσιν,

2032 839 2309 911 exempla
2339 840 2415 896 ad
2447 854 2621 894 omne
2652 839 3021 910 propositum
3066 843 3347 910 aptantur
3398 839 3577 894 rebus
3608 837 3684 893 ad

302 926 375 986 εἰς
434 925 497 987 ἂς
559 927 988 999 ἔκλαμϐάνονται,
1060 929 1169 980 ἀλλ’
1252 933 1313 990 ὡς
1389 929 1467 982 ἐπὶ
1553 935 1611 981 τὸ
1678 929 1920 981 πλεῖστον

2031 945 2180 999 quas
2228 934 2655 984 assumuntur:
2714 928 2816 982 sed
2867 930 2933 981 ut
2996 926 3319 998 plurimum
3377 927 3431 981 in
3490 926 3683 998 magis

300 1014 353 1065 ἐν
418 1020 597 1087 μόνοις
657 1024 765 1077 τοῖς
828 1022 1185 1091 καιριωτέρως
1248 1023 1337 1070 καὶ
1395 1016 1920 1093 κεφαλαιωδεστέροις

1607 1016 1920 1093 ιωδεστέροις
2036 1017 2295 1089 propriis
2333 1032 2399 1073 ac
2436 1015 2957 1089 principalioribus
2987 1014 3268 1087 partibus.

302 1108 512 1178 μέρεσι.

383 1195 522 1253 Τίνες
579 1190 639 1246 δε
695 1197 854 1253 σκεύη
884 1204 982 1247 τῶν
1025 1193 1284 1269 δαιμόνων
1338 1197 1575 1268 λέγουσιν
1627 1193 1776 1261 εἶναι,
1806 1201 1924 1251 τοὺς

2106 1194 2361 1261 Quidam
2390 1210 2527 1251 vero
2560 1192 2764 1251 dicunt
2788 1209 2933 1250 vasa
2955 1193 3296 1250 daemonum
3313 1207 3444 1248 esse
3466 1191 3685 1248 dmmo~

313 1278 793 1355 δαιμονιζομένους,
837 1284 925 1346 οὓς
959 1286 983 1335 6
1018 1290 1248 1359 Χριστὸς
1276 1283 1566 1359 διήρπασεν
1604 1284 1691 1337 ἀπ’
1729 1285 1920 1351 αὐτῶν,

2034 1282 2146 1337 niis
2203 1283 2481 1352 agitatos,
2513 1297 2663 1354 quos
2689 1279 2952 1338 Christus
3000 1282 3079 1337 ab
3135 1280 3251 1336 illis
3299 1279 3518 1352 rapuit,
3561 1278 3683 1335 vin-

315 1367 493 1433 δήσας
521 1373 610 1431 τὰς
638 1368 885 1443 δυνάμεις
916 1373 1101 1427 αὐτῶν.
1134 1375 1242 1427 Εἶεν
1266 1371 1316 1427 δ’
1338 1374 1398 1426 ἆν
1426 1377 1583 1432 σκεύη
1614 1383 1707 1427 τοῦ
1732 1371 1923 1426 διαϐό-

2035 1371 2141 1425 ctis
2171 1386 2377 1426 eorum
2423 1369 2748 1426 virtutibus.
2798 1370 3053 1426 Possunt
3080 1384 3324 1442 quoque
3384 1368 3499 1425 dici
3543 1383 3685 1424 vasa

310 1458 428 1526 λου,
462 1466 549 1513 καὶ
597 1463 779 1521 πάντες
810 1466 859 1513 οἳ
912 1462 1245 1535 ἐργαζόμενοι
1282 1466 1348 1516 τὰ
1397 1472 1489 1516 τοῦ
1521 1461 1793 1534 διαϐόλου,
1835 1451 1925 1513 καὶ

2034 1458 2255 1514 diaboli
2285 1474 2490 1514 omnes
2525 1457 2629 1529 qui
2650 1472 2836 1530 opera
2865 1457 3085 1514 diaboli
3116 1461 3405 1523 exercent,
3439 1457 3684 1531 ejusque

312 1551 686 1622 ὑπηρετοῦντες
716 1558 823 1612 τοῖς
857 1559 1017 1604 αῦτοῦ
1047 1553 1351 1625 θελήμασιν·

1213 1573 1351 1605 ασιν·
2033 1546 2437 1603 voluntatibus
2471 1546 2872 1604 subserviuut.

386 1638 447 1689 Ὀ
486 1670 553 1679 -
585 1640 878 1713 σκορπίζει.
924 1646 1023 1693 Καὶ
1072 1639 1144 1693 δι’
1185 1641 1357 1716 ἑτέρου
1396 1642 1650 1714 λογισμοῦ
1694 1640 1919 1713 βεϐαιοῖ,

2106 1636 2271 1691 Vers.
2298 1636 2386 1691 30.
2416 1634 2528 1703 Qui
2553 1666 2608 1677 —
2634 1636 2883 1705 spargit.
2916 1634 3113 1691 Altera
3141 1649 3384 1706 quoque
3414 1634 3682 1691 conside-

319 1728 401 1777 ὅτι
442 1726 627 1797 μᾶλλον
666 1730 912 1798 ἔχθιστος
948 1729 1088 1799 αὐτῷ
1149 1728 1288 1781 ἐστιν
1348 1732 1373 1781 6
1423 1732 1604 1804 οἰρχων
1662 1740 1759 1781 τῶν
1807 1726 1923 1781 δαι-

2034 1723 2257 1780 ratione
2286 1724 2621 1789 conﬁrmat,
2685 1724 2841 1797 quod
2881 1724 3079 1795 potius
3118 1723 3191 1779 sit
3242 1722 3295 1778 ei
3352 1722 3674 1778 inimicissi-

332 1819 541 1886 μόνίων.
583 1814 699 1867 Ὀτι
756 1819 845 1887 μὲν
891 1820 992 1892 γὰρ
1044 1819 1136 1870 οὐκ
1195 1821 1307 1870 ἔστι
1360 1822 1489 1890 μετὰ
1535 1827 1626 1870 τοῦ
1668 1826 1916 1890 Χριστοῦ»
1961 1823 1993 1876 Ε

2039 1829 2171 1867 mus
2198 1812 2476 1884 princeps
2530 1812 2985 1869 daemoniorum.
3038 1810 3206 1879 Quod
3248 1810 3403 1867 enim
3450 1825 3572 1866 non
3608 1809 3681 1865 sit

322 1900 450 1956 οὐδε
530 1906 740 1975 συνάγει
794 1906 898 1976 μετ’
954 1907 1135 1968 αὐτοῦ,
1200 1904 1379 1973 δῆλον,
1454 1907 1537 1980 ἀφ’
1615 1909 1681 1958 ὧν
1737 1910 1761 1958 6
1833 1910 1920 1979 μὲν

2037 1917 2167 1954 cum
2198 1900 2449 1964 Christo,
2482 1916 2591 1956 nec
2628 1916 2766 1956 cum
2814 1916 2883 1956 eo
2914 1904 3252 1971 congreget,
3294 1900 3678 1954 manifestum

318 1996 550 2067 Χριστὸς
602 2000 773 2046 πᾶσαν
822 2013 874 2046 τε
923 1993 1109 2067 ἀρετὴν
1160 1993 1428 2061 διδάσκει,
1491 2001 1580 2048 καὶ
1635 1996 1923 2069 φιλάνθρω-

2036 1994 2125 2044 est
2178 1989 2255 2044 ab
2312 1989 2607 2060 utriusque
2675 1988 2977 2060 operibus.
3054 1988 3313 2044 Christus
3385 1986 3679 2058 siquidem

314 2101 408 2141 πος
464 2080 550 2143 ὧν,
617 2082 757 2134 ἰᾶται
816 2089 939 2145 τοὺς
998 2093 1276 2146 νοσοῦντας
1332 2107 1343 2118 ·
1410 2087 1434 2137 6
1486 2083 1546 2139 δὲ
1604 2086 1921 2151 τούναντιον,

2035 2093 2279 2132 omnem
2321 2077 2494 2133 docet
2540 2076 2860 2132 virtutem:
2917 2092 3176 2147 cumque
3235 2090 3445 2132 omnes
3498 2079 3678 2141 amet,

312 2172 489 2222 πᾶσάν
537 2189 590 2221 τε
650 2176 836 2223 κακίαν
897 2170 1169 2237 διδάσκει,
1232 2179 1320 2225 καὶ
1391 2177 1763 2246 μισάνθρωπος
1833 2176 1921 2225 ὢν»

2034 2171 2283 2233 aegrotos
2318 2171 2491 2221 sanat
2523 2182 2537 2231 ;
2570 2164 2665 2219 ille
2707 2179 2845 2221 vero
2872 2180 2903 2220 e
2926 2164 3163 2219 diverso
3202 2178 3448 2220 omnem
3508 2162 3682 2218 docet

309 2258 539 2311 λωϐᾶται
592 2267 696 2320 τοῖς
753 2262 1097 2332 ὑγιαίνουσιν.
1170 2264 1227 2316 Εἰ
1282 2260 1339 2314 δὲ
1402 2268 1514 2316 οὔτε
1578 2265 1689 2336 μετ’
1762 2265 1921 2316 αὑτοῦ

2032 2254 2408 2323 pravitatem,
2442 2258 2497 2309 et
2545 2268 2684 2309 cum
2736 2252 3009 2308 homines
3056 2251 3197 2308 odio
3225 2250 3464 2317 habeat,
3498 2265 3677 2306 sanos

304 2347 470 2412 ἐστιν,
527 2351 711 2419 ἤγουν,
771 2350 874 2421 οὐχ
933 2352 1282 2423 ὁμογνωμονεῖ
1324 2353 1485 2421 αὐτῷ,
1540 2355 1713 2413 καθὼς
1788 2351 1917 2404 ἀπο-

2032 2343 2375 2412 corrumpit.
2406 2342 2575 2407 Quod
2603 2340 2652 2396 si
2707 2356 2902 2413 neque
2933 2356 3072 2397 cum
3127 2356 3198 2396 eo
3261 2344 3368 2404 est,
3402 2338 3569 2395 nulla
3601 2339 3679 2395 vi-

306 2432 604 2500 δέδεικται,
664 2442 781 2490 οῦτε
845 2442 1055 2511 συνάγει
1101 2442 1211 2511 μετ’
1288 2441 1446 2493 αὐτοῦ
1534 2445 1656 2513 πρὸς
1711 2446 1913 2505 πίστιν,

2030 2430 2239 2485 delicet
2266 2430 2327 2485 in
2374 2445 2435 2485 re
2487 2429 2540 2484 ei
2592 2428 2938 2493 conformis,
3000 2430 3147 2483 sicut
3199 2427 3674 2483 demonstratum

308 2526 511 2585 πάντως
568 2528 686 2577 κατ’
758 2528 917 2580 αὑτοῦ
1002 2528 1133 2595 ἔστι,
1206 2534 1294 2581 καὶ
1377 2534 1668 2602 σκορπίζει,
1756 2530 1838 2590 οὓς
1892 2532 1916 2581 6

2029 2523 2133 2582 est,
2165 2534 2351 2588 neque
2386 2533 2521 2573 cum
2554 2533 2624 2574 eo
2672 2520 2992 2587 congregat
3041 2516 3117 2573 ad
3168 2516 3387 2571 ﬁdem:
3434 2515 3676 2572 omnino

312 2617 538 2685 Χριστὸς
581 2634 811 2686 συναγει,
874 2620 994 2668 ὅσον
1046 2622 1101 2669 τὸ
1163 2617 1237 2669 ἐπ’
1287 2619 1446 2688 αὐτῷ.
1501 2619 1669 2671 Εἰπὼν
1732 2616 1916 2683 δε,ὅτι

2030 2606 2315 2661 adversus
2355 2622 2493 2661 eum
2548 2609 2652 2672 est,
2694 2611 2750 2661 et
2779 2606 3003 2678 spargit
3046 2621 3198 2676 quos
3239 2603 3504 2661 Christus
3539 2620 3676 2661 con-

312 2703 372 2754 Ὀ
420 2710 491 2774 μὴ
547 2704 614 2754 ὠν
654 2705 761 2775 μετ’
819 2702 961 2775 ἑμοῦ,
1030 2706 1139 2757 κατ’
1207 2706 1328 2778 ἐμον
1399 2708 1531 2775 ἐστι,
1596 2712 1685 2757 καὶ
1755 2705 1915 2770 δόξας

2028 2701 2253 2763 gregat,
2278 2699 2569 2766 quantum
2601 2695 2662 2750 in
2687 2710 2748 2749 se
2801 2698 2911 2751 est.
2978 2696 3116 2749 Cum
3151 2697 3349 2749 autem
3384 2693 3625 2748 dixisset
3660 2710 3672 2747 :

309 2791 528 2862 ἀσαφῶς
594 2793 769 2859 εἰπεῖν,
850 2793 1199 2867 ἐφηρμήνευσε
1263 2800 1349 2847 τὸν
1406 2796 1577 2867 λόγον,
1646 2799 1910 2870 προσθεὶς,

2029 2785 2135 2851 Qui
2159 2799 2279 2838 non
2310 2789 2389 2838 est
2410 2798 2658 2853 mecum,
2690 2783 3001 2839 adversum
3048 2798 3130 2839 me
3157 2788 3260 2845 est,
3325 2798 3393 2837 ac
3419 2781 3675 2837 obscure

303 2884 389 2933 ὅτι
448 2887 547 2934 Καὶ
597 2883 623 2933 6
682 2887 752 2953 μὴ
822 2885 1058 2954 συνάγων
1129 2884 1238 2956 μετ’
1295 2884 1419 2956 ἐμοῦ
1476 2886 1767 2957 σκορπίζει.
1832 2893 1913 2957 Τῷ

2022 2872 2187 2943 loqui
2235 2872 2392 2927 visus
2444 2877 2612 2937 esset,
2674 2886 3015 2926 sermonem
3074 2870 3490 2940 interpretatus
3565 2874 3673 2938 est,

311 2968 547 3039 διαϐόλῳ
587 2966 644 3021 δὲ
676 2970 913 3032 συνέταξε
939 2976 1026 3023 καὶ
1078 2977 1196 3033 τους
1239 2970 1551 3037 Ἰουδαίους,
1601 2976 1712 3024 κατ’
1758 2974 1912 3026 αὑτοῦ

2026 2960 2257 3016 addens
2292 2977 2303 3015 :
2335 2961 2413 3015 Et
2458 2962 2563 3032 qui
2592 2976 2709 3016 non
2739 2966 2822 3017 est
2850 2975 3089 3024 mecum,
3141 2960 3400 3031 spargit:
3435 2958 3676 3016 diabolo

307 3076 360 3109 τε
386 3062 552 3123 ὄντας,
620 3064 708 3110 καὶ
742 3060 1139 3132 σκορπίζοντας,
1170 3061 1203 3113 ἃ
1244 3070 1494 3133 συνῆγεν,
1557 3064 1676 3114 ὅσον
1716 3067 1773 3114 τὸ
1832 3063 1910 3115 ἐπ’

2026 3063 2162 3105 vero
2200 3050 2506 3121 conjunxit
2540 3048 2777 3105 Judaaos
2825 3050 2927 3121 qui
2956 3049 3276 3105 adversum
3308 3064 3369 3103 se
3395 3053 3586 3115 erant,
3620 3051 3677 3105 et

309 3148 509 3207 αὐτοις.
1951 3168 1990 3222 C
2022 3154 2153 3208 quas
2210 3138 2337 3211 ipse
2404 3136 2830 3209 congregabat,
2910 3141 3201 3209 quantum
3260 3136 3320 3192 in
3380 3140 3465 3193 eis
3524 3140 3669 3203 erat,

2027 3226 2409 3298 spargebant.

379 3328 474 3378 Διά
504 3356 571 3365 -
591 3333 769 3383 τοῦτο.
834 3331 974 3379 Διὸτι
998 3336 1237 3396 τοιαῦτα,
1280 3326 1522 3400 κατ’ἐμοῦ
1548 3329 1729 3400 λέγετε.

2093 3316 2252 3371 Vers.
2294 3315 2387 3371 31.
2431 3315 2688 3385 Propter
2712 3313 2841 3370 hoc.
2894 3312 3043 3378 Quia
3067 3312 3209 3371 talia
3236 3312 3557 3369 adversum
3587 3328 3674 3369 me

2021 3403 2231 3459 dicitis.

380 3505 599 3573 Λέγω-
637 3502 834 3564 αὐτοῖς,
893 3504 1014 3575 Οὐχ
1064 3504 1231 3564 ἁπλῶς
1292 3512 1465 3557 πᾶσαν
1516 3505 1776 3578 ἁμαρτίαν
1816 3512 1906 3559 καὶ

2096 3503 2249 3557 Vers.
2300 3502 2363 3556 31
2412 3501 2555 3557 Dico
2595 3530 2666 3541 —
2716 3500 2819 3557 eis.
2880 3502 3004 3557 Non
3084 3498 3428 3570 simpliciter
3494 3514 3674 3555 omne

307 3589 647 3663 βλασφημίαν
688 3592 840 3663 λέγει·
899 3590 992 3644 διὰ
1057 3601 1156 3645 τῶν
1213 3594 1385 3665 ἐφεξῆς
1446 3598 1545 3666 γὰρ
1599 3594 1904 3667 ἐσαφήνισε,

2022 3595 2333 3661 peccatum
2355 3595 2411 3646 et
2454 3604 2697 3645 omnem
2754 3588 3190 3660 blasphemiam
3245 3587 3429 3644 dicit:
3464 3603 3564 3659 per
3602 3602 3674 3644 ea

309 3684 465 3731 ποίαν
496 3686 669 3732 πᾶσαν
698 3680 854 3752 λέγει.
889 3686 1025 3739 Φησὶ
1054 3685 1175 3753 γάρ’

2020 3679 2181 3734 enim
2213 3696 2343 3750 quae
2368 3682 2713 3750 sequuntur,
2738 3676 3143 3734 manifestavit
3193 3692 3375 3749 quam
3430 3692 3671 3733 omnem

2019 3768 2178 3824 dicat
2202 3768 2640 3839 blasphemiam
2669 3771 2726 3823 et
2773 3766 2932 3837 quod
2965 3782 3143 3822 omne
3192 3772 3519 3836 peccatum.
3582 3766 3673 3821 Ait

2019 3858 2181 3913 enim
2219 3874 2231 3911 :

388 3930 484 3977 Καὶ
526 3957 595 3966 -
642 3926 688 3977 ἐν
726 3935 797 3998 τῷ
828 3927 1084 4000 μέλλοντι.
1116 3928 1211 3990 ’ος
1259 3933 1348 4001 μὲν
1414 3930 1474 3982 ἂν
1524 3932 1732 4005 ἁμάρτῃ
1773 3934 1908 3984 κατὰ

2091 3947 2247 4001 Vers.
2325 3948 2415 4001 32.
2476 3943 2554 3999 Et
2610 3974 2678 3984 —
2738 3944 2967 4015 futuro.
3028 3943 3402 4016 Quicunque,
3459 3942 3670 4015 inquit,

308 4022 403 4074 τῆς
459 4014 853 4086 ἀνθρωπότητὸς
912 4037 1032 4090 μου,
1099 4024 1248 4090 φησὶ,
1308 4024 1595 4087 τουτέστιν,
1650 4023 1796 4082 ὅστις
1846 4023 1906 4074 ἄν

2018 4033 2349 4105 peccaverit
2376 4033 2658 4088 adversus
2698 4014 3131 4088 humanitatem
3172 4014 3670 4098 meam,hociest,

310 4107 424 4175 εἴπῃ
472 4102 782 4177 βλασφημον
834 4106 983 4177 λόγον
1027 4107 1138 4159 κατ’
1178 4108 1356 4179 αὐτῆς,
1412 4106 1904 4182 σκανδαλιζομενος,

2017 4102 2497 4193 quisquisdixerit
2516 4120 2933 4191 blasphemum
2944 4121 3195 4176 verbum
3213 4120 3502 4177 adversus
3514 4135 3670 4186 eam,

307 4193 505 4263 ἑφόἶς,
562 4197 625 4254 ὡς
679 4197 975 4269 ἄνθρωπος,
1034 4196 1213 4263 ἐσθίω,
1267 4203 1355 4250 καὶ
1394 4204 1544 4267 πίνω,
1592 4205 1680 4251 καὶ
1742 4203 1902 4268 ὑπνῶ,

2017 4210 2285 4265 offensus
2318 4209 2478 4280 quod
2524 4214 2813 4280 tanquam
2856 4208 3040 4264 homo
3086 4207 3285 4273 edam,
3342 4207 3552 4264 bibam
3600 4223 3670 4264 ac

308 4287 396 4333 καὶ
452 4290 637 4345 κοπιῶ,
680 4289 768 4335 καὶ
808 4283 988 4349 τοῐλλα,
1039 4287 1139 4337 ὅσα
1188 4294 1283 4345 τῆς
1330 4284 1653 4359 ἀνθρωπίνης
1708 4292 1906 4360 φύσεως

2017 4299 2329 4363 dormiam,
2355 4297 2584 4369 aliaque
2610 4312 2746 4369 qum
2776 4297 3059 4352 humana:
3116 4302 3255 4353 sunt
3299 4296 3536 4368 propria
3562 4312 3671 4351 na-

304 4366 445 4437 ἵδια,
496 4370 624 4444 οἷπερ
677 4371 1145 4447 ἀνθρωποπρεπῶς,
1194 4377 1260 4427 τὰ
1306 4378 1395 4446 μὲν
1442 4375 1647 4449 ἐνεργῶ,
1713 4380 1778 4429 τὰ
1846 4375 1905 4431 δὲ

2017 4393 2182 4452 turre,
2218 4390 2279 4442 ut
2302 4366 2527 4441 homini
2554 4366 2936 4451 conveniunt,
2992 4390 3049 4440 et
3078 4366 3392 4441 faciam—et
3412 4366 3425 4368 _
3451 4385 3666 4457 patiar,

297 4462 517 4531 πάσχω,
554 4458 800 4531 βεϐαιῶν,
856 4463 935 4513 ὅτι
974 4465 1107 4515 κατά
1154 4463 1394 4521 ἀλήθειαν
1434 4463 1831 4537 ἑνηνθρώπησα,
1878 4468 1903 4517 6
1939 4514 1958 4567 Ι

2016 4476 2377 4532 conﬁrmans
2416 4474 2579 4546 quod
2608 4488 2741 4529 vere
2790 4473 3118 4530 humanam
3176 4474 3538 4546 susceperim
3570 4489 3670 4528 na-

295 4556 534 4609 τοιοῦτος
576 4553 1044 4620 συγγνωσθήσεται
1082 4555 1299 4617 πάντως,
1357 4555 1426 4613 ὡς
1471 4554 1563 4605 οῦκ
1594 4554 1902 4615 ἐθελοκακή-
1940 4553 1956 4567 ³

2019 4571 2225 4627 turam,
2282 4562 2417 4617 huic
2470 4561 2718 4617 omnino
2774 4564 3131 4632 ignoscetur,
3184 4564 3357 4633 quasi
3406 4577 3524 4616 non
3594 4577 3666 4616 ex

300 4656 419 4706 σας,
462 4636 570 4689 ἀλλ’
612 4636 660 4688 ἐν
719 4637 899 4711 ἀγνοίᾳ
954 4648 1045 4700 τῆς
1090 4640 1331 4703 ἀληθείας
1396 4640 1816 4714 βλασφημήσας’
1878 4648 1902 4698 ὀ

2013 4649 2303 4723 industria
2324 4648 2477 4704 male
2502 4648 2707 4716 egerit,
2735 4648 2835 4703 sed
2853 4663 2955 4719 per
2974 4647 3238 4703 veritatis
3261 4647 3669 4719 ignorantiam

298 4723 358 4779 δε
400 4725 604 4797 βλέπων
653 4730 741 4787 τὰς
798 4729 1109 4800 θεοπρεπεῖς,
1168 4750 1267 4802 μου
1318 4728 1590 4801 ἐνεργείας,
1647 4731 1708 4793 ἃς
1743 4738 1896 4804 μόνος

2014 4736 2497 4810 blaphemaverit.
2535 4735 2646 4800 Qui
2678 4750 2813 4789 vero
2841 4736 2959 4789 Deo
2998 4734 3212 4804 dignas
3278 4735 3489 4790 videns
3522 4749 3668 4804 ope-

305 4809 523 4865 δῦναται
543 4821 707 4866 ποιεῖν
765 4816 790 4867 6
822 4820 967 4881 Θεὸς,
999 4823 1087 4870 καὶ
1126 4827 1196 4889 τῷ
1230 4817 1530 4877 Βεελζεϐουλ
1559 4818 1755 4882 τάύτας
1786 4824 1903 4874 ἐπι-

2013 4809 2295 4891 ratiOnes,
2349 4841 2502 4896 quas
2556 4822 2721 4878 solus
2807 4821 2998 4878 facere
3065 4826 3262 4893 potest
3315 4825 3489 4889 Deus,
3546 4822 3660 4892 ipsi

304 4906 640 4973 γραφόμενος,
681 4905 748 4963 ὡς
794 4910 882 4956 καὶ
927 4909 1073 4975 ὑμεῖς
1119 4914 1227 4972 νῦν,
1281 4912 1370 4959 καὶ
1401 4907 1534 4959 οὕτω
1575 4906 1902 4981 βλασφημῶν

2014 4930 2249 4987 quoque
2308 4910 2608 4969 Beelzebul
2666 4909 2801 4967 illas
2851 4909 3216 4982 ascripserit,
3246 4916 3307 4966 ut
3347 4925 3458 4965 vos
3493 4910 3673 4967 etiam

306 4992 439 5041 κατὰ
457 4998 548 5042 τοῦ
580 4994 872 5064 Πνεύματος
926 5002 1017 5047 τοῦ
1066 4994 1236 5065 ἁγίου,
1291 4999 1430 5062 ἤτοι,
1480 5000 1615 5048 κατὰ
1661 5006 1755 5059 τῆς
1797 5002 1903 5051 θέο-

2014 5018 2173 5058 nunc
2223 5002 2433 5067 facitis,
2500 5004 2557 5055 et
2596 5000 2678 5055 ita
2739 5000 3024 5055 adversus
3070 4998 3351 5069 Spiritum
3399 5001 3670 5056 sanctum

305 5095 459 5139 τητος
487 5096 499 5108 '
531 5082 721 5138 ταύτην
751 5082 852 5153 γὰρ
884 5089 970 5133 νῦν
996 5082 1143 5136 καλεῖ
1188 5090 1396 5156 Πνεῦμα
1434 5084 1580 5155 ἅγιον
1606 5102 1615 5113 ⁸
1652 5104 1796 5147 ουτος
1832 5091 1900 5152 ὡς

2012 5091 2453 5162 blasphemiam
2506 5087 2731 5154 dixerit,
2779 5088 2903 5145 sive
2956 5087 3250 5145 adversus
3291 5088 3660 5147 divinitatem

305 5163 681 5229 ἐθελοκακήσας
709 5165 1006 5243 προδήλως,
1048 5176 1137 5224 καὶ
1158 5170 1206 5223 ἐν
1240 5192 1429 5243 γνωσει
1458 5172 1782 5247 καθυϐρίσας
1814 5181 1899 5229 τὸν

2013 5181 2175 5252 (nam
2198 5180 2354 5237 hanc
2379 5180 2717 5233 vocatnunc
2730 5176 3004 5249 Spiritum
3026 5178 3349 5249 sanctum,)
3378 5177 3472 5233 hic
3493 5179 3670 5250 quasi

304 5258 449 5326 Θεὸν,
483 5262 571 5309 καὶ
595 5256 961 5329 ἀναπολόγητα
999 5260 1398 5332 πλημμελήσας,
1440 5263 1497 5315 οὐ
1541 5267 1896 5339 συγχωρηθη-

2010 5286 2080 5325 ex
2126 5267 2417 5325 industria
2472 5266 2785 5322 manifeste
2834 5282 2904 5323 ac
2964 5266 3218 5323 scienter
3286 5282 3558 5338 peccans,
3616 5273 3671 5324 et

304 5361 462 5399 σεται.
2010 5359 2195 5414 Deum
2242 5356 2460 5425 iniuria
2500 5353 2790 5421 afﬁciens,
2845 5371 2911 5411 ac
2964 5355 3454 5413 inexcusabiliter
3485 5355 3671 5413 delin-

2008 5463 2220 5519 quens,
2264 5445 2497 5501 veniam
2529 5460 2651 5501 non
2682 5450 3098 5518 consequetur.

367 5524 434 5574 T6
477 5518 553 5589 δί,
613 5525 744 5577 Οὔτε
794 5525 845 5577 ἐν
904 5534 975 5595 τῷ
1028 5534 1114 5578 νῦν
1174 5530 1340 5596 αἰῶνι,
1393 5532 1505 5583 οὔτε
1558 5530 1605 5582 ἐν
1650 5538 1723 5601 τῷ
1781 5531 1895 5604 με’λο

2028 5518 2045 5519 ί
2078 5536 2243 5601 Quod
2271 5539 2466 5591 autem
2501 5534 2787 5606 sequitur,
2820 5535 3021 5605 Neque
3035 5534 3097 5589 in
3115 5534 3395 5601 praesenti
3424 5534 3661 5595 sarculo,

297 5609 455 5679 λοντι,
502 5616 812 5685 προσέθηκε,
880 5611 1171 5684 διδάσκων,
1221 5620 1301 5670 ὅτι
1380 5624 1604 5691 μεγίστη
1668 5624 1756 5672 καὶ
1806 5640 1891 5693 φο-

2004 5639 2185 5697 neque
2232 5624 2294 5679 in
2342 5624 2577 5694 futuro,
2614 5622 2863 5687 addidit,
2920 5624 3141 5678 docens
3195 5621 3523 5677 maximam
3598 5634 3665 5675 ac
