  <div class='ocr_page' id='page_1' title='image "/cluster/home/n/w/nwhite01/storage/ocr_20150623/129/mdp.39015061528470/201.png"; bbox 0 0 4206 6310; ppageno 0'>
   <div class='ocr_carea' id='block_1_1' title="bbox 547 252 2193 324">
    <p class='ocr_par' dir='ltr' id='par_1_1' title="bbox 547 252 2193 319">
     <span class='ocr_line' id='line_1_1' title="bbox 547 252 2193 319; baseline 0.005 -10"><span class='ocrx_word' id='word_1_1' title='bbox 547 252 651 310; x_wconf 88' lang='grc'><strong>383</strong></span> <span class='ocrx_word' id='word_1_2' title='bbox 1859 260 2193 319; x_wconf 76' lang='grc' dir='ltr'><strong>ΕΗΤΗΥΜΙῙ</strong></span> 
     </span>
    </p>
   </div>
   <div class='ocr_carea' id='block_1_2' title="bbox 2303 252 2581 324">
    <p class='ocr_par' dir='ltr' id='par_1_2' title="bbox 2303 263 2581 324">
     <span class='ocr_line' id='line_1_2' title="bbox 2303 263 2581 324; baseline 0.011 -6"><span class='ocrx_word' id='word_1_3' title='bbox 2303 263 2553 324; x_wconf 71' lang='grc' dir='ltr'><strong>[ΟΑΒΕΝ</strong></span> <span class='ocrx_word' id='word_1_4' title='bbox 2561 265 2581 321; x_wconf 95' lang='grc' dir='ltr'>Ι</span> 
     </span>
    </p>
   </div>
   <div class='ocr_carea' id='block_1_3' title="bbox 3805 268 3942 325">
    <p class='ocr_par' dir='ltr' id='par_1_3' title="bbox 3805 268 3942 325">
     <span class='ocr_line' id='line_1_3' title="bbox 3805 268 3942 325; baseline -0.007 0"><span class='ocrx_word' id='word_1_5' title='bbox 3805 268 3942 325; x_wconf 68' lang='grc'><strong>384</strong></span> 
     </span>
    </p>
   </div>
   <div class='ocr_carea' id='block_1_4' title="bbox 547 379 2193 467">
    <p class='ocr_par' dir='ltr' id='par_1_4' title="bbox 547 379 2190 458">
     <span class='ocr_line' id='line_1_4' title="bbox 547 379 2190 458; baseline 0.005 -24"><span class='ocrx_word' id='word_1_6' title='bbox 547 379 917 436; x_wconf 82' lang='lat' dir='ltr'><strong>tremendam</strong></span> <span class='ocrx_word' id='word_1_7' title='bbox 944 395 1071 437; x_wconf 88' lang='lat' dir='ltr'><strong>esse</strong></span> <span class='ocrx_word' id='word_1_8' title='bbox 1101 382 1388 439; x_wconf 88' lang='lat' dir='ltr'><strong>adversus</strong></span> <span class='ocrx_word' id='word_1_9' title='bbox 1420 386 1604 442; x_wconf 87' lang='lat' dir='ltr'><strong>Deum</strong></span> <span class='ocrx_word' id='word_1_10' title='bbox 1634 385 2108 458; x_wconf 77' lang='lat' dir='ltr'><strong>blasphemiam:</strong></span> <span class='ocrx_word' id='word_1_11' title='bbox 2133 391 2190 444; x_wconf 87' lang='lat' dir='ltr'><strong>et</strong></span> 
     </span>
    </p>
   </div>
   <div class='ocr_carea' id='block_1_5' title="bbox 2303 379 3945 467">
    <p class='ocr_par' dir='ltr' id='par_1_5' title="bbox 2303 387 3945 467">
     <span class='ocr_line' id='line_1_5' title="bbox 2303 387 3945 467; baseline 0.004 -27"><span class='ocrx_word' id='word_1_12' title='bbox 2303 387 2559 460; x_wconf 79' lang='grc' dir='ltr'>ϐερωτάτη</span> <span class='ocrx_word' id='word_1_13' title='bbox 2608 389 2745 444; x_wconf 74' lang='grc' dir='ltr'>ἔστὶν</span> <span class='ocrx_word' id='word_1_14' title='bbox 2794 394 2823 450; x_wconf 82' lang='grc' dir='ltr'>ἡ</span> <span class='ocrx_word' id='word_1_15' title='bbox 2876 396 3008 445; x_wconf 82' lang='grc' dir='ltr'>κατὰ</span> <span class='ocrx_word' id='word_1_16' title='bbox 3066 401 3150 445; x_wconf 81' lang='grc' dir='ltr'>τοῦ</span> <span class='ocrx_word' id='word_1_17' title='bbox 3205 401 3338 447; x_wconf 84' lang='grc' dir='ltr'>Θεοῦ</span> <span class='ocrx_word' id='word_1_18' title='bbox 3411 394 3745 467; x_wconf 75' lang='grc' dir='ltr'>βλασφημία,</span> <span class='ocrx_word' id='word_1_19' title='bbox 3829 400 3945 447; x_wconf 77' lang='grc' dir='ltr'>καὶ</span> 
     </span>
    </p>
   </div>
   <div class='ocr_carea' id='block_1_6' title="bbox 549 468 2189 543">
    <p class='ocr_par' dir='ltr' id='par_1_6' title="bbox 549 468 2189 543">
     <span class='ocr_line' id='line_1_6' title="bbox 549 468 2189 543; baseline 0.005 -20"><span class='ocrx_word' id='word_1_20' title='bbox 549 468 713 539; x_wconf 90' lang='lat' dir='ltr'><strong>quod</strong></span> <span class='ocrx_word' id='word_1_21' title='bbox 739 469 1050 526; x_wconf 84' lang='lat' dir='ltr'><strong>hominum</strong></span> <span class='ocrx_word' id='word_1_22' title='bbox 1105 472 1356 543; x_wconf 89' lang='lat' dir='ltr'><strong>quidam</strong></span> <span class='ocrx_word' id='word_1_23' title='bbox 1385 473 1481 529; x_wconf 89' lang='lat' dir='ltr'><strong>hic</strong></span> <span class='ocrx_word' id='word_1_24' title='bbox 1537 490 1608 530; x_wconf 87' lang='lat' dir='ltr'><strong>ac</strong></span> <span class='ocrx_word' id='word_1_25' title='bbox 1639 474 1699 530; x_wconf 88' lang='lat' dir='ltr'><strong>in</strong></span> <span class='ocrx_word' id='word_1_26' title='bbox 1739 475 1938 531; x_wconf 90' lang='lat' dir='ltr'><strong>futuro</strong></span> <span class='ocrx_word' id='word_1_27' title='bbox 1969 475 2189 531; x_wconf 65' lang='lat' dir='ltr'><strong>saeculo</strong></span> 
     </span>
    </p>
   </div>
   <div class='ocr_carea' id='block_1_7' title="bbox 548 557 2190 628">
    <p class='ocr_par' dir='ltr' id='par_1_7' title="bbox 548 557 2190 628">
     <span class='ocr_line' id='line_1_7' title="bbox 548 557 2190 628; baseline 0.006 -18"><span class='ocrx_word' id='word_1_28' title='bbox 548 557 841 628; x_wconf 88' lang='lat' dir='ltr'><strong>supplicia</strong></span> <span class='ocrx_word' id='word_1_29' title='bbox 871 559 1178 624; x_wconf 78' lang='lat' dir='ltr'><strong>sustinent,</strong></span> <span class='ocrx_word' id='word_1_30' title='bbox 1219 566 1284 617; x_wconf 94' lang='lat' dir='ltr'><strong>ut</strong></span> <span class='ocrx_word' id='word_1_31' title='bbox 1308 561 1627 618; x_wconf 71' lang='lat' dir='ltr'><strong>Sodomitas</strong></span> <span class='ocrx_word' id='word_1_32' title='bbox 1685 568 1741 620; x_wconf 91' lang='lat' dir='ltr'><strong>et</strong></span> <span class='ocrx_word' id='word_1_33' title='bbox 1769 565 1974 620; x_wconf 76' lang='lat' dir='ltr'><strong>Judaei.</strong></span> <span class='ocrx_word' id='word_1_34' title='bbox 2021 567 2088 620; x_wconf 90' lang='lat' dir='ltr'><strong>Et</strong></span> <span class='ocrx_word' id='word_1_35' title='bbox 2117 564 2190 620; x_wconf 87' lang='lat' dir='ltr'><strong>de</strong></span> 
     </span>
    </p>
   </div>
   <div class='ocr_carea' id='block_1_8' title="bbox 551 645 2186 724">
    <p class='ocr_par' dir='ltr' id='par_1_8' title="bbox 551 645 2186 724">
     <span class='ocr_line' id='line_1_8' title="bbox 551 645 2186 724; baseline 0.004 -23"><span class='ocrx_word' id='word_1_36' title='bbox 551 645 868 703; x_wconf 90' lang='lat' dir='ltr'><strong>Sodomitis</strong></span> <span class='ocrx_word' id='word_1_37' title='bbox 880 649 1114 720; x_wconf 88' lang='lat' dir='ltr'><strong>quidem</strong></span> <span class='ocrx_word' id='word_1_38' title='bbox 1131 651 1516 722; x_wconf 82' lang='lat' dir='ltr'><strong>praediximus</strong></span> <span class='ocrx_word' id='word_1_39' title='bbox 1545 653 1780 710; x_wconf 90' lang='lat' dir='ltr'><strong>decimo</strong></span> <span class='ocrx_word' id='word_1_40' title='bbox 1793 669 1952 710; x_wconf 90' lang='lat' dir='ltr'><strong>nono</strong></span> <span class='ocrx_word' id='word_1_41' title='bbox 1966 651 2186 724; x_wconf 82' lang='lat' dir='ltr'><strong>capite:</strong></span> 
     </span>
    </p>
   </div>
   <div class='ocr_carea' id='block_1_9' title="bbox 547 734 2189 811">
    <p class='ocr_par' dir='ltr' id='par_1_9' title="bbox 547 734 2189 811">
     <span class='ocr_line' id='line_1_9' title="bbox 547 734 2189 811; baseline 0.005 -24"><span class='ocrx_word' id='word_1_42' title='bbox 547 734 735 790; x_wconf 69' lang='lat' dir='ltr'><strong>Judaei</strong></span> <span class='ocrx_word' id='word_1_43' title='bbox 785 752 923 792; x_wconf 89' lang='lat' dir='ltr'><strong>vero</strong></span> <span class='ocrx_word' id='word_1_44' title='bbox 965 745 1020 793; x_wconf 89' lang='lat' dir='ltr'><strong>et</strong></span> <span class='ocrx_word' id='word_1_45' title='bbox 1055 738 1150 793; x_wconf 91' lang='lat' dir='ltr'><strong>hic</strong></span> <span class='ocrx_word' id='word_1_46' title='bbox 1200 755 1410 811; x_wconf 82' lang='lat' dir='ltr'><strong>poenas</strong></span> <span class='ocrx_word' id='word_1_47' title='bbox 1462 741 1765 806; x_wconf 90' lang='lat' dir='ltr'><strong>dederunt,</strong></span> <span class='ocrx_word' id='word_1_48' title='bbox 1820 757 1856 797; x_wconf 89' lang='lat' dir='ltr'><strong>a</strong></span> <span class='ocrx_word' id='word_1_49' title='bbox 1907 740 2189 796; x_wconf 84' lang='lat' dir='ltr'><strong>Romanis</strong></span> 
     </span>
    </p>
   </div>
   <div class='ocr_carea' id='block_1_10' title="bbox 551 823 2192 888">
    <p class='ocr_par' dir='ltr' id='par_1_10' title="bbox 551 823 2192 888">
     <span class='ocr_line' id='line_1_10' title="bbox 551 823 2192 888; baseline 0.004 -10"><span class='ocrx_word' id='word_1_50' title='bbox 551 823 966 883; x_wconf 80' lang='lat' dir='ltr'><strong>miserabiliter</strong></span> <span class='ocrx_word' id='word_1_51' title='bbox 1022 826 1224 883; x_wconf 80' lang='lat' dir='ltr'><strong>afﬂicti</strong></span> <span class='ocrx_word' id='word_1_52' title='bbox 1258 848 1269 888; x_wconf 91' lang='lat'>:</span> <span class='ocrx_word' id='word_1_53' title='bbox 1305 834 1361 885; x_wconf 89' lang='lat' dir='ltr'><strong>et</strong></span> <span class='ocrx_word' id='word_1_54' title='bbox 1378 829 1460 885; x_wconf 91' lang='lat' dir='ltr'><strong>ibi</strong></span> <span class='ocrx_word' id='word_1_55' title='bbox 1510 831 1909 887; x_wconf 82' lang='lat' dir='ltr'><strong>miserabilius</strong></span> <span class='ocrx_word' id='word_1_56' title='bbox 1951 829 2192 886; x_wconf 84' lang='lat' dir='ltr'><strong>cruciati</strong></span> 
     </span>
    </p>
   </div>
   <div class='ocr_carea' id='block_1_11' title="bbox 549 911 2195 991">
    <p class='ocr_par' dir='ltr' id='par_1_11' title="bbox 549 911 2195 991">
     <span class='ocr_line' id='line_1_11' title="bbox 549 911 2195 991; baseline 0.004 -25"><span class='ocrx_word' id='word_1_57' title='bbox 549 911 800 969; x_wconf 87' lang='lat' dir='ltr'><strong>dabunt.</strong></span> <span class='ocrx_word' id='word_1_58' title='bbox 851 915 1107 979; x_wconf 86' lang='lat' dir='ltr'><strong>Quidam</strong></span> <span class='ocrx_word' id='word_1_59' title='bbox 1154 932 1295 973; x_wconf 85' lang='lat' dir='ltr'><strong>vero</strong></span> <span class='ocrx_word' id='word_1_60' title='bbox 1325 917 1417 973; x_wconf 91' lang='lat' dir='ltr'><strong>hic</strong></span> <span class='ocrx_word' id='word_1_61' title='bbox 1478 919 1669 976; x_wconf 90' lang='lat' dir='ltr'><strong>solum</strong></span> <span class='ocrx_word' id='word_1_62' title='bbox 1727 919 2080 991; x_wconf 88' lang='lat' dir='ltr'><strong>puniuntur,</strong></span> <span class='ocrx_word' id='word_1_63' title='bbox 2131 921 2195 973; x_wconf 91' lang='lat' dir='ltr'><strong>ut</strong></span> 
     </span>
    </p>
   </div>
   <div class='ocr_carea' id='block_1_12' title="bbox 549 999 2190 1075">
    <p class='ocr_par' dir='ltr' id='par_1_12' title="bbox 549 999 2190 1075">
     <span class='ocr_line' id='line_1_12' title="bbox 549 999 2190 1075; baseline 0.004 -22"><span class='ocrx_word' id='word_1_64' title='bbox 549 999 895 1056; x_wconf 84' lang='lat' dir='ltr'><strong>fornicarius</strong></span> <span class='ocrx_word' id='word_1_65' title='bbox 929 1002 1022 1058; x_wconf 92' lang='lat' dir='ltr'><strong>ille</strong></span> <span class='ocrx_word' id='word_1_66' title='bbox 1063 1004 1222 1075; x_wconf 89' lang='lat' dir='ltr'><strong>apud</strong></span> <span class='ocrx_word' id='word_1_67' title='bbox 1271 1005 1596 1063; x_wconf 76' lang='lat' dir='ltr'><strong>Corinthios</strong></span> <span class='ocrx_word' id='word_1_68' title='bbox 1647 1009 1880 1064; x_wconf 80' lang='lat' dir='ltr'><strong>Satanae</strong></span> <span class='ocrx_word' id='word_1_69' title='bbox 1917 1005 2190 1064; x_wconf 87' lang='lat' dir='ltr'><strong>traditus.</strong></span> 
     </span>
    </p>
   </div>
   <div class='ocr_carea' id='block_1_13' title="bbox 549 1088 2198 1160">
    <p class='ocr_par' dir='ltr' id='par_1_13' title="bbox 549 1088 2198 1160">
     <span class='ocr_line' id='line_1_13' title="bbox 549 1088 2198 1160; baseline 0.006 -20"><span class='ocrx_word' id='word_1_70' title='bbox 549 1088 768 1160; x_wconf 69' lang='lat' dir='ltr'><strong>Aliqui}</strong></span> <span class='ocrx_word' id='word_1_71' title='bbox 798 1095 998 1148; x_wconf 89' lang='lat' dir='ltr'><strong>autem</strong></span> <span class='ocrx_word' id='word_1_72' title='bbox 1039 1092 1121 1148; x_wconf 89' lang='lat' dir='ltr'><strong>ibi</strong></span> <span class='ocrx_word' id='word_1_73' title='bbox 1153 1097 1404 1160; x_wconf 91' lang='lat' dir='ltr'><strong>tantum,</strong></span> <span class='ocrx_word' id='word_1_74' title='bbox 1439 1099 1498 1151; x_wconf 91' lang='lat' dir='ltr'><strong>ut</strong></span> <span class='ocrx_word' id='word_1_75' title='bbox 1543 1096 1702 1152; x_wconf 85' lang='lat' dir='ltr'><strong>dives</strong></span> <span class='ocrx_word' id='word_1_76' title='bbox 1732 1095 1828 1151; x_wconf 89' lang='lat' dir='ltr'><strong>ille</strong></span> <span class='ocrx_word' id='word_1_77' title='bbox 1858 1095 1916 1150; x_wconf 90' lang='lat' dir='ltr'><strong>iu</strong></span> <span class='ocrx_word' id='word_1_78' title='bbox 1947 1095 2198 1150; x_wconf 87' lang='lat' dir='ltr'><strong>ﬂamma</strong></span> 
     </span>
    </p>
   </div>
   <div class='ocr_carea' id='block_1_14' title="bbox 553 1177 2194 1258">
    <p class='ocr_par' dir='ltr' id='par_1_14' title="bbox 553 1177 2194 1258">
     <span class='ocr_line' id='line_1_14' title="bbox 553 1177 2194 1258; baseline 0.009 -29"><span class='ocrx_word' id='word_1_79' title='bbox 553 1177 869 1234; x_wconf 80' lang='lat' dir='ltr'><strong>cruciatus.</strong></span> <span class='ocrx_word' id='word_1_80' title='bbox 905 1180 1196 1238; x_wconf 59' lang='lat' dir='ltr'><strong>Praeterea</strong></span> <span class='ocrx_word' id='word_1_81' title='bbox 1223 1183 1494 1238; x_wconf 89' lang='lat' dir='ltr'><strong>nonnulli</strong></span> <span class='ocrx_word' id='word_1_82' title='bbox 1542 1199 1737 1258; x_wconf 89' lang='lat' dir='ltr'><strong>neque</strong></span> <span class='ocrx_word' id='word_1_83' title='bbox 1766 1185 1862 1241; x_wconf 92' lang='lat' dir='ltr'><strong>hic</strong></span> <span class='ocrx_word' id='word_1_84' title='bbox 1889 1199 2082 1256; x_wconf 89' lang='lat' dir='ltr'><strong>neque</strong></span> <span class='ocrx_word' id='word_1_85' title='bbox 2098 1181 2194 1244; x_wconf 70' lang='lat' dir='ltr'><strong>ibi.</strong></span> 
     </span>
    </p>
   </div>
   <div class='ocr_carea' id='block_1_15' title="bbox 553 1268 2196 1345">
    <p class='ocr_par' dir='ltr' id='par_1_15' title="bbox 553 1268 2196 1345">
     <span class='ocr_line' id='line_1_15' title="bbox 553 1268 2196 1345; baseline 0.004 -27"><span class='ocrx_word' id='word_1_86' title='bbox 553 1268 614 1318; x_wconf 92' lang='lat' dir='ltr'><strong>ut</strong></span> <span class='ocrx_word' id='word_1_87' title='bbox 664 1268 916 1338; x_wconf 88' lang='lat' dir='ltr'><strong>apostoli</strong></span> <span class='ocrx_word' id='word_1_88' title='bbox 985 1271 1290 1342; x_wconf 60' lang='lat' dir='ltr'><strong>prophetae</strong></span> <span class='ocrx_word' id='word_1_89' title='bbox 1345 1288 1416 1330; x_wconf 85' lang='lat' dir='ltr'><strong>ac</strong></span> <span class='ocrx_word' id='word_1_90' title='bbox 1489 1272 1627 1330; x_wconf 85' lang='lat' dir='ltr'><strong>Job.</strong></span> <span class='ocrx_word' id='word_1_91' title='bbox 1681 1277 1828 1330; x_wconf 89' lang='lat' dir='ltr'><strong>Nam</strong></span> <span class='ocrx_word' id='word_1_92' title='bbox 1893 1288 2029 1345; x_wconf 80' lang='lat' dir='ltr'><strong>quae</strong></span> <span class='ocrx_word' id='word_1_93' title='bbox 2086 1270 2196 1343; x_wconf 84' lang='lat' dir='ltr'><strong>ipsi</strong></span> 
     </span>
    </p>
   </div>
   <div class='ocr_carea' id='block_1_16' title="bbox 550 1355 2194 1424">
    <p class='ocr_par' dir='ltr' id='par_1_16' title="bbox 550 1355 2194 1424">
     <span class='ocr_line' id='line_1_16' title="bbox 550 1355 2194 1424; baseline 0.005 -17"><span class='ocrx_word' id='word_1_94' title='bbox 550 1355 946 1423; x_wconf 88' lang='lat' dir='ltr'><strong>patiebantur,</strong></span> <span class='ocrx_word' id='word_1_95' title='bbox 987 1374 1107 1415; x_wconf 91' lang='lat' dir='ltr'><strong>non</strong></span> <span class='ocrx_word' id='word_1_96' title='bbox 1148 1359 1387 1416; x_wconf 86' lang='lat' dir='ltr'><strong>ultionis</strong></span> <span class='ocrx_word' id='word_1_97' title='bbox 1443 1365 1610 1418; x_wconf 88' lang='lat' dir='ltr'><strong>erant</strong></span> <span class='ocrx_word' id='word_1_98' title='bbox 1638 1379 1670 1417; x_wconf 89' lang='lat' dir='ltr'><strong>a</strong></span> <span class='ocrx_word' id='word_1_99' title='bbox 1709 1363 1828 1418; x_wconf 90' lang='lat' dir='ltr'><strong>Deo</strong></span> <span class='ocrx_word' id='word_1_100' title='bbox 1883 1361 2194 1424; x_wconf 62' lang='lat' dir='ltr'><strong>immissa,</strong></span> 
     </span>
    </p>
   </div>
   <div class='ocr_carea' id='block_1_17' title="bbox 551 1443 2196 1520">
    <p class='ocr_par' dir='ltr' id='par_1_17' title="bbox 551 1443 2196 1520">
     <span class='ocr_line' id='line_1_17' title="bbox 551 1443 2196 1520; baseline 0.005 -23"><span class='ocrx_word' id='word_1_101' title='bbox 551 1443 658 1498; x_wconf 90' lang='lat' dir='ltr'><strong>sed</strong></span> <span class='ocrx_word' id='word_1_102' title='bbox 695 1446 1087 1502; x_wconf 90' lang='lat' dir='ltr'><strong>certaminum</strong></span> <span class='ocrx_word' id='word_1_103' title='bbox 1145 1465 1216 1504; x_wconf 87' lang='lat' dir='ltr'><strong>ac</strong></span> <span class='ocrx_word' id='word_1_104' title='bbox 1267 1449 1582 1506; x_wconf 87' lang='lat' dir='ltr'><strong>luctarum.</strong></span> <span class='ocrx_word' id='word_1_105' title='bbox 1617 1451 1787 1516; x_wconf 87' lang='lat' dir='ltr'><strong>Quod</strong></span> <span class='ocrx_word' id='word_1_106' title='bbox 1841 1464 1983 1520; x_wconf 84' lang='lat' dir='ltr'><strong>ergo</strong></span> <span class='ocrx_word' id='word_1_107' title='bbox 2010 1450 2196 1506; x_wconf 88' lang='lat' dir='ltr'><strong>mina-</strong></span> 
     </span>
    </p>
   </div>
   <div class='ocr_carea' id='block_1_18' title="bbox 549 1532 2188 1610">
    <p class='ocr_par' dir='ltr' id='par_1_18' title="bbox 549 1532 2188 1610">
     <span class='ocr_line' id='line_1_18' title="bbox 549 1532 2188 1610; baseline 0.004 -23"><span class='ocrx_word' id='word_1_108' title='bbox 549 1535 661 1597; x_wconf 89' lang='lat' dir='ltr'><strong>tur,</strong></span> <span class='ocrx_word' id='word_1_109' title='bbox 689 1532 978 1590; x_wconf 89' lang='lat' dir='ltr'><strong>adversus</strong></span> <span class='ocrx_word' id='word_1_110' title='bbox 1004 1535 1136 1591; x_wconf 90' lang='lat' dir='ltr'><strong>illos</strong></span> <span class='ocrx_word' id='word_1_111' title='bbox 1161 1541 1270 1602; x_wconf 90' lang='lat' dir='ltr'><strong>est,</strong></span> <span class='ocrx_word' id='word_1_112' title='bbox 1321 1539 1425 1610; x_wconf 87' lang='lat' dir='ltr'><strong>qui</strong></span> <span class='ocrx_word' id='word_1_113' title='bbox 1480 1539 1929 1595; x_wconf 89' lang='lat' dir='ltr'><strong>immutabiliter</strong></span> <span class='ocrx_word' id='word_1_114' title='bbox 1979 1539 2038 1594; x_wconf 91' lang='lat' dir='ltr'><strong>in</strong></span> <span class='ocrx_word' id='word_1_115' title='bbox 2068 1552 2188 1610; x_wconf 89' lang='lat' dir='ltr'><strong>pec-</strong></span> 
     </span>
    </p>
   </div>
   <div class='ocr_carea' id='block_1_19' title="bbox 548 1625 2196 1699">
    <p class='ocr_par' dir='ltr' id='par_1_19' title="bbox 548 1625 2196 1699">
     <span class='ocr_line' id='line_1_19' title="bbox 548 1625 2196 1699; baseline 0.002 -23"><span class='ocrx_word' id='word_1_116' title='bbox 548 1625 680 1677; x_wconf 91' lang='lat' dir='ltr'><strong>cato</strong></span> <span class='ocrx_word' id='word_1_117' title='bbox 733 1630 1062 1680; x_wconf 88' lang='lat' dir='ltr'><strong>remanent.</strong></span> <span class='ocrx_word' id='word_1_118' title='bbox 1105 1626 1474 1684; x_wconf 81' lang='lat' dir='ltr'><strong>Manifestum</strong></span> <span class='ocrx_word' id='word_1_119' title='bbox 1536 1632 1624 1684; x_wconf 90' lang='lat' dir='ltr'><strong>est</strong></span> <span class='ocrx_word' id='word_1_120' title='bbox 1667 1633 1890 1695; x_wconf 87' lang='lat' dir='ltr'><strong>autem,</strong></span> <span class='ocrx_word' id='word_1_121' title='bbox 1917 1627 2084 1699; x_wconf 90' lang='lat' dir='ltr'><strong>quod</strong></span> <span class='ocrx_word' id='word_1_122' title='bbox 2113 1625 2196 1681; x_wconf 89' lang='lat' dir='ltr'><strong>eis</strong></span> 
     </span>
    </p>
   </div>
   <div class='ocr_carea' id='block_1_20' title="bbox 2300 477 3945 554">
    <p class='ocr_par' dir='ltr' id='par_1_20' title="bbox 2300 477 3945 554">
     <span class='ocr_line' id='line_1_20' title="bbox 2300 477 3945 554; baseline 0.005 -27"><span class='ocrx_word' id='word_1_123' title='bbox 2300 477 2379 528; x_wconf 88' lang='grc' dir='ltr'>ὅτι</span> <span class='ocrx_word' id='word_1_124' title='bbox 2449 487 2546 530; x_wconf 83' lang='grc' dir='ltr'>τῶν</span> <span class='ocrx_word' id='word_1_125' title='bbox 2597 477 2895 551; x_wconf 81' lang='grc' dir='ltr'>ἀνθρώπων,</span> <span class='ocrx_word' id='word_1_126' title='bbox 2969 484 3018 533; x_wconf 85' lang='grc' dir='ltr'>οἱ</span> <span class='ocrx_word' id='word_1_127' title='bbox 3074 485 3162 553; x_wconf 76' lang='grc' dir='ltr'>μὲν</span> <span class='ocrx_word' id='word_1_128' title='bbox 3217 488 3306 534; x_wconf 82' lang='grc' dir='ltr'>καὶ</span> <span class='ocrx_word' id='word_1_129' title='bbox 3367 482 3478 554; x_wconf 83' lang='grc'>(86)</span> <span class='ocrx_word' id='word_1_130' title='bbox 3531 482 3757 536; x_wconf 67' lang='grc' dir='ltr'>ἐνταῦθα</span> <span class='ocrx_word' id='word_1_131' title='bbox 3829 489 3945 535; x_wconf 74' lang='grc' dir='ltr'>καὶ</span> 
     </span>
    </p>
   </div>
   <div class='ocr_carea' id='block_1_21' title="bbox 2300 564 3938 641">
    <p class='ocr_par' dir='ltr' id='par_1_21' title="bbox 2300 564 3938 641">
     <span class='ocr_line' id='line_1_21' title="bbox 2300 564 3938 641; baseline 0.004 -26"><span class='ocrx_word' id='word_1_132' title='bbox 2300 564 2399 616; x_wconf 77' lang='grc' dir='ltr'>ἐκεῖ</span> <span class='ocrx_word' id='word_1_133' title='bbox 2430 566 2754 637; x_wconf 79' lang='grc' dir='ltr'>κολάζονται,</span> <span class='ocrx_word' id='word_1_134' title='bbox 2817 578 2878 628; x_wconf 76' lang='grc' dir='ltr'>ὡς</span> <span class='ocrx_word' id='word_1_135' title='bbox 2911 572 2957 621; x_wconf 86' lang='grc' dir='ltr'>οὶ</span> <span class='ocrx_word' id='word_1_136' title='bbox 2998 566 3278 641; x_wconf 70' lang='grc' dir='ltr'><strong>Σοδομῖται</strong></span> <span class='ocrx_word' id='word_1_137' title='bbox 3323 576 3413 622; x_wconf 80' lang='grc' dir='ltr'>καὶ</span> <span class='ocrx_word' id='word_1_138' title='bbox 3469 572 3536 632; x_wconf 85' lang='grc' dir='ltr'>ὡς</span> <span class='ocrx_word' id='word_1_139' title='bbox 3585 569 3878 624; x_wconf 74' lang='grc' dir='ltr'>Ἰουδαῖοι</span> <span class='ocrx_word' id='word_1_140' title='bbox 3925 590 3938 599; x_wconf 81' lang='grc'><strong>’</strong></span> 
     </span>
    </p>
   </div>
   <div class='ocr_carea' id='block_1_22' title="bbox 2299 654 3945 730">
    <p class='ocr_par' dir='ltr' id='par_1_22' title="bbox 2299 654 3945 730">
     <span class='ocr_line' id='line_1_22' title="bbox 2299 654 3945 730; baseline 0.004 -27"><span class='ocrx_word' id='word_1_141' title='bbox 2299 658 2388 704; x_wconf 86' lang='grc' dir='ltr'><strong>καὶ</strong></span> <span class='ocrx_word' id='word_1_142' title='bbox 2438 660 2554 722; x_wconf 84' lang='grc' dir='ltr'>περὶ</span> <span class='ocrx_word' id='word_1_143' title='bbox 2623 658 2711 726; x_wconf 76' lang='grc' dir='ltr'>μὲν</span> <span class='ocrx_word' id='word_1_144' title='bbox 2765 665 2864 708; x_wconf 84' lang='grc' dir='ltr'>τῶν</span> <span class='ocrx_word' id='word_1_145' title='bbox 2927 654 3220 730; x_wconf 83' lang='grc' dir='ltr'><strong>Σοδομιτῶν</strong></span> <span class='ocrx_word' id='word_1_146' title='bbox 3279 661 3654 730; x_wconf 78' lang='grc' dir='ltr'>προειρῆκαμεν</span> <span class='ocrx_word' id='word_1_147' title='bbox 3727 657 3791 710; x_wconf 70' lang='grc' dir='ltr'>ἐν</span> <span class='ocrx_word' id='word_1_148' title='bbox 3855 666 3945 727; x_wconf 80' lang='grc' dir='ltr'>τῷ</span> 
     </span>
    </p>
   </div>
   <div class='ocr_carea' id='block_1_23' title="bbox 2301 739 3942 816">
    <p class='ocr_par' dir='ltr' id='par_1_23' title="bbox 2301 739 3942 816">
     <span class='ocr_line' id='line_1_23' title="bbox 2301 739 3942 816; baseline 0.004 -24"><span class='ocrx_word' id='word_1_149' title='bbox 2301 739 2733 815; x_wconf 75' lang='grc' dir='ltr'><strong>ἐννεακαιδεκάτῳ</strong></span> <span class='ocrx_word' id='word_1_150' title='bbox 2799 746 3054 816; x_wconf 72' lang='grc' dir='ltr'><strong>κεφαλαίῳ</strong></span> <span class='ocrx_word' id='word_1_151' title='bbox 3113 763 3124 774; x_wconf 85' lang='lat'>&#39;</span> <span class='ocrx_word' id='word_1_152' title='bbox 3191 743 3444 799; x_wconf 82' lang='grc' dir='ltr'>Ἰουδαῖοι</span> <span class='ocrx_word' id='word_1_153' title='bbox 3514 743 3573 799; x_wconf 68' lang='grc' dir='ltr'><strong>δί</strong></span> <span class='ocrx_word' id='word_1_154' title='bbox 3623 752 3713 798; x_wconf 80' lang='grc' dir='ltr'>καὶ</span> <span class='ocrx_word' id='word_1_155' title='bbox 3797 745 3942 816; x_wconf 77' lang='grc'><strong>(87)</strong></span> 
     </span>
    </p>
   </div>
   <div class='ocr_carea' id='block_1_24' title="bbox 2301 828 3942 905">
    <p class='ocr_par' dir='ltr' id='par_1_24' title="bbox 2301 828 3942 905">
     <span class='ocr_line' id='line_1_24' title="bbox 2301 828 3942 905; baseline 0.001 -24"><span class='ocrx_word' id='word_1_156' title='bbox 2301 828 2520 882; x_wconf 76' lang='grc' dir='ltr'>ἐνταῦθα</span> <span class='ocrx_word' id='word_1_157' title='bbox 2595 828 2749 890; x_wconf 90' lang='grc' dir='ltr'>δίκην</span> <span class='ocrx_word' id='word_1_158' title='bbox 2825 831 3035 903; x_wconf 82' lang='grc' dir='ltr'>ἔδοσαν,</span> <span class='ocrx_word' id='word_1_159' title='bbox 3121 833 3340 896; x_wconf 75' lang='grc' dir='ltr'>ἐλεεινῶς</span> <span class='ocrx_word' id='word_1_160' title='bbox 3442 836 3542 887; x_wconf 74' lang='grc' dir='ltr'><strong>ὑπὸ</strong></span> <span class='ocrx_word' id='word_1_161' title='bbox 3629 834 3942 905; x_wconf 78' lang='grc' dir='ltr'>Ῥωμαίων</span> 
     </span>
    </p>
   </div>
   <div class='ocr_carea' id='block_1_25' title="bbox 2301 918 3943 996">
    <p class='ocr_par' dir='ltr' id='par_1_25' title="bbox 2301 918 3943 996">
     <span class='ocr_line' id='line_1_25' title="bbox 2301 918 3943 996; baseline 0.002 -26"><span class='ocrx_word' id='word_1_162' title='bbox 2301 918 2741 992; x_wconf 75' lang='grc' dir='ltr'><strong>πολιορκηθέντες,</strong></span> <span class='ocrx_word' id='word_1_163' title='bbox 2799 927 2887 974; x_wconf 80' lang='grc' dir='ltr'>καὶ</span> <span class='ocrx_word' id='word_1_164' title='bbox 2949 921 3050 975; x_wconf 83' lang='grc' dir='ltr'>ἐκεῖ</span> <span class='ocrx_word' id='word_1_165' title='bbox 3103 925 3564 996; x_wconf 88' lang='grc' dir='ltr'>τιμωρηθησονται</span> <span class='ocrx_word' id='word_1_166' title='bbox 3642 921 3943 993; x_wconf 72' lang='grc' dir='ltr'>χαλεπώ-</span> 
     </span>
    </p>
   </div>
   <div class='ocr_carea' id='block_1_26' title="bbox 2303 1007 3944 1083">
    <p class='ocr_par' dir='ltr' id='par_1_26' title="bbox 2303 1007 3944 1083">
     <span class='ocr_line' id='line_1_26' title="bbox 2303 1007 3944 1083; baseline 0.001 -25"><span class='ocrx_word' id='word_1_167' title='bbox 2303 1026 2446 1079; x_wconf 85' lang='grc' dir='ltr'>τερον</span> <span class='ocrx_word' id='word_1_168' title='bbox 2505 1026 2517 1038; x_wconf 89' lang='grc'><strong>·</strong></span> <span class='ocrx_word' id='word_1_169' title='bbox 2575 1013 2703 1071; x_wconf 74' lang='grc' dir='ltr'>τινες</span> <span class='ocrx_word' id='word_1_170' title='bbox 2749 1007 2807 1062; x_wconf 64' lang='grc' dir='ltr'>δὲ</span> <span class='ocrx_word' id='word_1_171' title='bbox 2859 1009 3078 1063; x_wconf 80' lang='grc' dir='ltr'>ἐνταῦθα</span> <span class='ocrx_word' id='word_1_172' title='bbox 3133 1016 3305 1083; x_wconf 88' lang='grc' dir='ltr'>μόνον,</span> <span class='ocrx_word' id='word_1_173' title='bbox 3367 1011 3694 1078; x_wconf 81' lang='grc' dir='ltr'>κολάζονται,</span> <span class='ocrx_word' id='word_1_174' title='bbox 3771 1013 3867 1071; x_wconf 79' lang='grc' dir='ltr'>ὡς</span> <span class='ocrx_word' id='word_1_175' title='bbox 3914 1011 3944 1060; x_wconf 87' lang='grc' dir='ltr'><strong><em>ὁ</em></strong></span> 
     </span>
    </p>
   </div>
   <div class='ocr_carea' id='block_1_27' title="bbox 2305 1095 3943 1174">
    <p class='ocr_par' dir='ltr' id='par_1_27' title="bbox 2305 1095 3943 1174">
     <span class='ocr_line' id='line_1_27' title="bbox 2305 1095 3943 1174; baseline 0.002 -27"><span class='ocrx_word' id='word_1_176' title='bbox 2305 1101 2660 1168; x_wconf 85' lang='grc' dir='ltr'>πεπορνευκὼς</span> <span class='ocrx_word' id='word_1_177' title='bbox 2727 1101 2868 1170; x_wconf 83' lang='grc' dir='ltr'>παρὰ</span> <span class='ocrx_word' id='word_1_178' title='bbox 2941 1100 3231 1171; x_wconf 76' lang='grc' dir='ltr'><strong>Κορινθίοις</strong></span> <span class='ocrx_word' id='word_1_179' title='bbox 3284 1105 3372 1153; x_wconf 87' lang='grc' dir='ltr'>καὶ</span> <span class='ocrx_word' id='word_1_180' title='bbox 3442 1095 3768 1174; x_wconf 78' lang='grc' dir='ltr'><strong>παραδοθεὶς</strong></span> <span class='ocrx_word' id='word_1_181' title='bbox 3858 1106 3943 1168; x_wconf 80' lang='grc' dir='ltr'>τῷ</span> 
     </span>
    </p>
   </div>
   <div class='ocr_carea' id='block_1_28' title="bbox 2305 1183 3942 1259">
    <p class='ocr_par' dir='ltr' id='par_1_28' title="bbox 2305 1183 3942 1259">
     <span class='ocr_line' id='line_1_28' title="bbox 2305 1183 3942 1259; baseline 0.002 -24"><span class='ocrx_word' id='word_1_182' title='bbox 2305 1191 2528 1255; x_wconf 83' lang='grc' dir='ltr'>Σατανᾷ.</span> <span class='ocrx_word' id='word_1_183' title='bbox 2578 1189 2722 1248; x_wconf 74' lang='grc' dir='ltr'>Τινὲς</span> <span class='ocrx_word' id='word_1_184' title='bbox 2769 1183 2829 1240; x_wconf 67' lang='grc' dir='ltr'><strong>δι</strong></span> <span class='ocrx_word' id='word_1_185' title='bbox 2859 1185 2962 1239; x_wconf 80' lang='grc' dir='ltr'>ἐκεῖ</span> <span class='ocrx_word' id='word_1_186' title='bbox 3009 1192 3182 1259; x_wconf 88' lang='grc' dir='ltr'>μόνον,</span> <span class='ocrx_word' id='word_1_187' title='bbox 3237 1189 3303 1250; x_wconf 82' lang='grc' dir='ltr'><strong>ὡς</strong></span> <span class='ocrx_word' id='word_1_188' title='bbox 3359 1189 3383 1239; x_wconf 89' lang='grc' dir='ltr'><strong>ό</strong></span> <span class='ocrx_word' id='word_1_189' title='bbox 3442 1186 3942 1259; x_wconf 75' lang='grc' dir='ltr'>ἁποτηγανιζόμε-</span> 
     </span>
    </p>
   </div>
   <div class='ocr_carea' id='block_1_29' title="bbox 2305 1273 3941 1347">
    <p class='ocr_par' dir='ltr' id='par_1_29' title="bbox 2305 1273 3941 1347">
     <span class='ocr_line' id='line_1_29' title="bbox 2305 1273 3941 1347; baseline 0.002 -23"><span class='ocrx_word' id='word_1_190' title='bbox 2305 1292 2383 1332; x_wconf 88' lang='grc' dir='ltr'><strong>νος</strong></span> <span class='ocrx_word' id='word_1_191' title='bbox 2435 1273 2482 1324; x_wconf 83' lang='grc' dir='ltr'>ἐν</span> <span class='ocrx_word' id='word_1_192' title='bbox 2534 1281 2595 1347; x_wconf 75' lang='grc' dir='ltr'>τῇ</span> <span class='ocrx_word' id='word_1_193' title='bbox 2651 1275 2801 1347; x_wconf 73' lang='grc' dir='ltr'>φλογὶ</span> <span class='ocrx_word' id='word_1_194' title='bbox 2851 1276 3121 1337; x_wconf 83' lang='grc' dir='ltr'>πλούσιος.</span> <span class='ocrx_word' id='word_1_195' title='bbox 3175 1279 3318 1338; x_wconf 71' lang='grc' dir='ltr'>Τινὲς</span> <span class='ocrx_word' id='word_1_196' title='bbox 3381 1273 3438 1328; x_wconf 74' lang='grc' dir='ltr'>δὲ</span> <span class='ocrx_word' id='word_1_197' title='bbox 3489 1279 3606 1328; x_wconf 74' lang='grc' dir='ltr'>οὔτε</span> <span class='ocrx_word' id='word_1_198' title='bbox 3653 1274 3941 1340; x_wconf 79' lang='grc' dir='ltr'>ἐνταῦθα,</span> 
     </span>
    </p>
   </div>
   <div class='ocr_carea' id='block_1_30' title="bbox 2306 1361 3943 1437">
    <p class='ocr_par' dir='ltr' id='par_1_30' title="bbox 2306 1361 3943 1437">
     <span class='ocr_line' id='line_1_30' title="bbox 2306 1361 3943 1437; baseline 0.001 -24"><span class='ocrx_word' id='word_1_199' title='bbox 2306 1365 2422 1414; x_wconf 81' lang='grc' dir='ltr'>οὔτε</span> <span class='ocrx_word' id='word_1_200' title='bbox 2463 1361 2582 1427; x_wconf 81' lang='grc' dir='ltr'>ἐκεῖ,</span> <span class='ocrx_word' id='word_1_201' title='bbox 2634 1366 2696 1423; x_wconf 83' lang='grc' dir='ltr'>ὡς</span> <span class='ocrx_word' id='word_1_202' title='bbox 2736 1366 2785 1416; x_wconf 84' lang='grc' dir='ltr'>οἱ</span> <span class='ocrx_word' id='word_1_203' title='bbox 2844 1363 3125 1416; x_wconf 74' lang='grc' dir='ltr'>ἀπόστολοι</span> <span class='ocrx_word' id='word_1_204' title='bbox 3169 1369 3258 1416; x_wconf 78' lang='grc' dir='ltr'>καὶ</span> <span class='ocrx_word' id='word_1_205' title='bbox 3301 1365 3350 1416; x_wconf 83' lang='grc' dir='ltr'>οἰ</span> <span class='ocrx_word' id='word_1_206' title='bbox 3389 1372 3670 1437; x_wconf 77' lang='grc' dir='ltr'><strong>προφῆται,</strong></span> <span class='ocrx_word' id='word_1_207' title='bbox 3727 1369 3842 1416; x_wconf 74' lang='grc' dir='ltr'>καὶ</span> <span class='ocrx_word' id='word_1_208' title='bbox 3912 1365 3943 1414; x_wconf 90' lang='grc' dir='ltr'><strong>ό</strong></span> 
     </span>
    </p>
   </div>
   <div class='ocr_carea' id='block_1_31' title="bbox 2306 1449 3944 1527">
    <p class='ocr_par' dir='ltr' id='par_1_31' title="bbox 2306 1449 3944 1527">
     <span class='ocr_line' id='line_1_31' title="bbox 2306 1449 3944 1527; baseline 0.001 -24"><span class='ocrx_word' id='word_1_209' title='bbox 2306 1449 2424 1503; x_wconf 75' lang='grc' dir='ltr'><strong>Ἰὼϐ</strong></span> <span class='ocrx_word' id='word_1_210' title='bbox 2487 1468 2499 1481; x_wconf 88' lang='grc'><strong>·</strong></span> <span class='ocrx_word' id='word_1_211' title='bbox 2555 1451 2590 1503; x_wconf 82' lang='grc' dir='ltr'><em>ἂ</em></span> <span class='ocrx_word' id='word_1_212' title='bbox 2634 1454 2734 1527; x_wconf 86' lang='grc' dir='ltr'><strong>γὰρ</strong></span> <span class='ocrx_word' id='word_1_213' title='bbox 2784 1455 3040 1524; x_wconf 81' lang='grc' dir='ltr'>ἔπασχον,</span> <span class='ocrx_word' id='word_1_214' title='bbox 3101 1452 3158 1505; x_wconf 74' lang='grc' dir='ltr'>οὐ</span> <span class='ocrx_word' id='word_1_215' title='bbox 3210 1460 3304 1514; x_wconf 83' lang='grc' dir='ltr'>τῆς</span> <span class='ocrx_word' id='word_1_216' title='bbox 3359 1452 3414 1504; x_wconf 83' lang='grc' dir='ltr'>ἐκ</span> <span class='ocrx_word' id='word_1_217' title='bbox 3465 1449 3589 1506; x_wconf 72' lang='grc' dir='ltr'>Θεοῦ</span> <span class='ocrx_word' id='word_1_218' title='bbox 3637 1452 3944 1513; x_wconf 76' lang='grc' dir='ltr'><strong>κολάσεως</strong></span> 
     </span>
    </p>
   </div>
   <div class='ocr_carea' id='block_1_32' title="bbox 2308 1536 3940 1613">
    <p class='ocr_par' dir='ltr' id='par_1_32' title="bbox 2308 1536 3940 1613">
     <span class='ocr_line' id='line_1_32' title="bbox 2308 1536 3940 1613; baseline -0.001 -21"><span class='ocrx_word' id='word_1_219' title='bbox 2308 1536 2461 1605; x_wconf 75' lang='grc' dir='ltr'>ἦσαν,</span> <span class='ocrx_word' id='word_1_220' title='bbox 2523 1538 2627 1591; x_wconf 85' lang='grc' dir='ltr'>ἀλλ’</span> <span class='ocrx_word' id='word_1_221' title='bbox 2687 1539 2894 1612; x_wconf 81' lang='grc' dir='ltr'>ἀγώνων</span> <span class='ocrx_word' id='word_1_222' title='bbox 2952 1546 3040 1593; x_wconf 86' lang='grc' dir='ltr'>καὶ</span> <span class='ocrx_word' id='word_1_223' title='bbox 3102 1540 3476 1613; x_wconf 74' lang='grc' dir='ltr'><strong>παλαισμάτων</strong></span> <span class='ocrx_word' id='word_1_224' title='bbox 3533 1557 3544 1568; x_wconf 92' lang='grc'><strong>·</strong></span> <span class='ocrx_word' id='word_1_225' title='bbox 3585 1542 3615 1599; x_wconf 83' lang='grc' dir='ltr'><strong>ἠ</strong></span> <span class='ocrx_word' id='word_1_226' title='bbox 3680 1545 3781 1612; x_wconf 64' lang='grc' dir='ltr'>μὲν</span> <span class='ocrx_word' id='word_1_227' title='bbox 3833 1538 3940 1592; x_wconf 82' lang='grc' dir='ltr'>οὖν</span> 
     </span>
    </p>
   </div>
   <div class='ocr_carea' id='block_1_33' title="bbox 2308 1626 3942 1701">
    <p class='ocr_par' dir='ltr' id='par_1_33' title="bbox 2308 1626 3942 1701">
     <span class='ocr_line' id='line_1_33' title="bbox 2308 1626 3942 1701; baseline -0.001 -22"><span class='ocrx_word' id='word_1_228' title='bbox 2308 1626 2511 1694; x_wconf 79' lang='grc' dir='ltr'>ἀπειλὴ,</span> <span class='ocrx_word' id='word_1_229' title='bbox 2587 1632 2720 1680; x_wconf 81' lang='grc' dir='ltr'>κατὰ</span> <span class='ocrx_word' id='word_1_230' title='bbox 2784 1637 2884 1680; x_wconf 85' lang='grc' dir='ltr'>τῶν</span> <span class='ocrx_word' id='word_1_231' title='bbox 2947 1633 3197 1701; x_wconf 76' lang='grc' dir='ltr'>μενόντων</span> <span class='ocrx_word' id='word_1_232' title='bbox 3258 1627 3673 1700; x_wconf 75' lang='grc' dir='ltr'>ἆμεταμελήτων.</span> <span class='ocrx_word' id='word_1_233' title='bbox 3739 1628 3942 1686; x_wconf 78' lang='grc' dir='ltr'>Δῆλον</span> 
     </span>
    </p>
   </div>
   <div class='ocr_carea' id='block_1_34' title="bbox 547 1711 2193 1789">
    <p class='ocr_par' dir='ltr' id='par_1_34' title="bbox 547 1711 2192 1784">
     <span class='ocr_line' id='line_1_34' title="bbox 547 1711 2192 1784; baseline 0.002 -18"><span class='ocrx_word' id='word_1_234' title='bbox 547 1711 650 1781; x_wconf 90' lang='lat' dir='ltr'><strong>qui</strong></span> <span class='ocrx_word' id='word_1_235' title='bbox 694 1713 1067 1784; x_wconf 89' lang='lat' dir='ltr'><strong>resipiscunt,</strong></span> <span class='ocrx_word' id='word_1_236' title='bbox 1128 1720 1184 1770; x_wconf 91' lang='lat' dir='ltr'><strong>et</strong></span> <span class='ocrx_word' id='word_1_237' title='bbox 1233 1716 1331 1771; x_wconf 88' lang='lat' dir='ltr'><strong>hic</strong></span> <span class='ocrx_word' id='word_1_238' title='bbox 1407 1721 1463 1772; x_wconf 91' lang='lat' dir='ltr'><strong>et</strong></span> <span class='ocrx_word' id='word_1_239' title='bbox 1512 1717 1589 1772; x_wconf 89' lang='lat' dir='ltr'><strong>ibi</strong></span> <span class='ocrx_word' id='word_1_240' title='bbox 1636 1717 1982 1773; x_wconf 88' lang='lat' dir='ltr'><strong>remittetur.</strong></span> <span class='ocrx_word' id='word_1_241' title='bbox 2037 1714 2192 1774; x_wconf 84' lang='lat' dir='ltr'><strong>Multi</strong></span> 
     </span>
    </p>
   </div>
   <div class='ocr_carea' id='block_1_35' title="bbox 2303 1711 3944 1789">
    <p class='ocr_par' dir='ltr' id='par_1_35' title="bbox 2308 1712 3944 1789">
     <span class='ocr_line' id='line_1_35' title="bbox 2308 1712 3944 1789; baseline 0 -21"><span class='ocrx_word' id='word_1_242' title='bbox 2308 1712 2384 1786; x_wconf 74' lang='grc' dir='ltr'>δὲ,</span> <span class='ocrx_word' id='word_1_243' title='bbox 2437 1719 2513 1768; x_wconf 82' lang='grc' dir='ltr'>ὅτι</span> <span class='ocrx_word' id='word_1_244' title='bbox 2562 1723 2671 1777; x_wconf 85' lang='grc' dir='ltr'>τοῖς</span> <span class='ocrx_word' id='word_1_245' title='bbox 2729 1725 3064 1788; x_wconf 79' lang='grc' dir='ltr'>μετανοοῦσιν</span> <span class='ocrx_word' id='word_1_246' title='bbox 3142 1719 3453 1789; x_wconf 72' lang='grc' dir='ltr'>ἀφεθήσεται</span> <span class='ocrx_word' id='word_1_247' title='bbox 3525 1720 3614 1768; x_wconf 82' lang='grc' dir='ltr'>καὶ</span> <span class='ocrx_word' id='word_1_248' title='bbox 3680 1716 3944 1769; x_wconf 74' lang='grc' dir='ltr'>ἐνταῦθα</span> 
     </span>
    </p>
   </div>
   <div class='ocr_carea' id='block_1_36' title="bbox 548 1799 2198 1878">
    <p class='ocr_par' dir='ltr' id='par_1_36' title="bbox 548 1799 2198 1878">
     <span class='ocr_line' id='line_1_36' title="bbox 548 1799 2198 1878; baseline 0.004 -24"><span class='ocrx_word' id='word_1_249' title='bbox 548 1799 704 1855; x_wconf 91' lang='lat' dir='ltr'><strong>enim</strong></span> <span class='ocrx_word' id='word_1_250' title='bbox 738 1803 842 1873; x_wconf 89' lang='lat' dir='ltr'><strong>qui</strong></span> <span class='ocrx_word' id='word_1_251' title='bbox 873 1807 1007 1858; x_wconf 88' lang='lat' dir='ltr'><strong>tunc</strong></span> <span class='ocrx_word' id='word_1_252' title='bbox 1053 1803 1136 1858; x_wconf 88' lang='lat' dir='ltr'><strong>ita</strong></span> <span class='ocrx_word' id='word_1_253' title='bbox 1190 1804 1586 1876; x_wconf 87' lang='lat' dir='ltr'><strong>deliquerant,</strong></span> <span class='ocrx_word' id='word_1_254' title='bbox 1638 1821 1767 1860; x_wconf 90' lang='lat' dir='ltr'><strong>cum</strong></span> <span class='ocrx_word' id='word_1_255' title='bbox 1813 1806 2198 1878; x_wconf 90' lang='lat' dir='ltr'><strong>postmodum</strong></span> 
     </span>
    </p>
   </div>
   <div class='ocr_carea' id='block_1_37' title="bbox 543 1887 1892 1965">
    <p class='ocr_par' dir='ltr' id='par_1_37' title="bbox 543 1887 1892 1965">
     <span class='ocr_line' id='line_1_37' title="bbox 543 1887 1892 1965; baseline 0.005 -22"><span class='ocrx_word' id='word_1_256' title='bbox 543 1887 951 1955; x_wconf 90' lang='lat' dir='ltr'><strong>credidissent,</strong></span> <span class='ocrx_word' id='word_1_257' title='bbox 972 1891 1210 1947; x_wconf 86' lang='lat' dir='ltr'><strong>veniam</strong></span> <span class='ocrx_word' id='word_1_258' title='bbox 1233 1891 1480 1947; x_wconf 90' lang='lat' dir='ltr'><strong>omnino</strong></span> <span class='ocrx_word' id='word_1_259' title='bbox 1511 1897 1648 1950; x_wconf 87' lang='lat' dir='ltr'><strong>sunt</strong></span> <span class='ocrx_word' id='word_1_260' title='bbox 1673 1893 1892 1965; x_wconf 88' lang='lat' dir='ltr'><strong>adepti.</strong></span> 
     </span>
    </p>
   </div>
   <div class='ocr_carea' id='block_1_38' title="bbox 617 2068 2191 2139">
    <p class='ocr_par' dir='ltr' id='par_1_38' title="bbox 617 2068 2191 2139">
     <span class='ocr_line' id='line_1_38' title="bbox 617 2068 2191 2139; baseline 0.003 -16"><span class='ocrx_word' id='word_1_261' title='bbox 617 2074 776 2127; x_wconf 83' lang='lat' dir='ltr'><strong>vers.</strong></span> <span class='ocrx_word' id='word_1_262' title='bbox 819 2071 908 2123; x_wconf 87' lang='lat'><strong>33.</strong></span> <span class='ocrx_word' id='word_1_263' title='bbox 956 2068 1078 2122; x_wconf 82' lang='lat' dir='ltr'><strong>Aut</strong></span> <span class='ocrx_word' id='word_1_264' title='bbox 1125 2099 1194 2108; x_wconf 85' lang='lat'><strong>——</strong></span> <span class='ocrx_word' id='word_1_265' title='bbox 1225 2069 1615 2139; x_wconf 65' lang='lat' dir='ltr'><strong>cognoscitur.</strong></span> <span class='ocrx_word' id='word_1_266' title='bbox 1660 2070 1870 2137; x_wconf 87' lang='lat' dir='ltr'><strong>Facile,</strong></span> <span class='ocrx_word' id='word_1_267' title='bbox 1921 2071 2036 2128; x_wconf 93' lang='lat' dir='ltr'><strong>hoc</strong></span> <span class='ocrx_word' id='word_1_268' title='bbox 2081 2076 2191 2139; x_wconf 93' lang='lat' dir='ltr'><strong>est,</strong></span> 
     </span>
    </p>
   </div>
   <div class='ocr_carea' id='block_1_39' title="bbox 546 2157 2195 2233">
    <p class='ocr_par' dir='ltr' id='par_1_39' title="bbox 546 2157 2195 2233">
     <span class='ocr_line' id='line_1_39' title="bbox 546 2157 2195 2233; baseline 0.001 -19"><span class='ocrx_word' id='word_1_269' title='bbox 546 2158 742 2216; x_wconf 90' lang='lat' dir='ltr'><strong>dicite.</strong></span> <span class='ocrx_word' id='word_1_270' title='bbox 793 2161 1048 2214; x_wconf 84' lang='lat' dir='ltr'><strong>Rursum</strong></span> <span class='ocrx_word' id='word_1_271' title='bbox 1103 2162 1301 2214; x_wconf 87' lang='lat' dir='ltr'><strong>autem</strong></span> <span class='ocrx_word' id='word_1_272' title='bbox 1353 2157 1662 2215; x_wconf 84' lang='lat' dir='ltr'><strong>confundit</strong></span> <span class='ocrx_word' id='word_1_273' title='bbox 1718 2159 1850 2215; x_wconf 92' lang='lat' dir='ltr'><strong>illos</strong></span> <span class='ocrx_word' id='word_1_274' title='bbox 1903 2164 2195 2233; x_wconf 88' lang='lat' dir='ltr'><strong>tanquam</strong></span> 
     </span>
    </p>
   </div>
   <div class='ocr_carea' id='block_1_40' title="bbox 545 2245 2196 2320">
    <p class='ocr_par' dir='ltr' id='par_1_40' title="bbox 545 2245 2196 2320">
     <span class='ocr_line' id='line_1_40' title="bbox 545 2245 2196 2320; baseline 0.002 -18"><span class='ocrx_word' id='word_1_275' title='bbox 545 2262 616 2303; x_wconf 91' lang='lat' dir='ltr'><strong>ea</strong></span> <span class='ocrx_word' id='word_1_276' title='bbox 645 2245 1006 2302; x_wconf 89' lang='lat' dir='ltr'><strong>deducentes</strong></span> <span class='ocrx_word' id='word_1_277' title='bbox 1052 2246 1112 2300; x_wconf 89' lang='lat' dir='ltr'><strong>in</strong></span> <span class='ocrx_word' id='word_1_278' title='bbox 1161 2247 1617 2318; x_wconf 86' lang='lat' dir='ltr'><strong>accusationem,</strong></span> <span class='ocrx_word' id='word_1_279' title='bbox 1651 2264 1782 2320; x_wconf 76' lang='lat' dir='ltr'><strong>quae</strong></span> <span class='ocrx_word' id='word_1_280' title='bbox 1835 2249 1946 2304; x_wconf 88' lang='lat' dir='ltr'><strong>sibi</strong></span> <span class='ocrx_word' id='word_1_281' title='bbox 1985 2254 2196 2306; x_wconf 91' lang='lat' dir='ltr'><strong>mutuo</strong></span> 
     </span>
    </p>
   </div>
   <div class='ocr_carea' id='block_1_41' title="bbox 543 2335 2197 2408">
    <p class='ocr_par' dir='ltr' id='par_1_41' title="bbox 543 2335 2197 2408">
     <span class='ocr_line' id='line_1_41' title="bbox 543 2335 2197 2408; baseline 0.003 -17"><span class='ocrx_word' id='word_1_282' title='bbox 543 2351 666 2392; x_wconf 89' lang='lat' dir='ltr'><strong>non</strong></span> <span class='ocrx_word' id='word_1_283' title='bbox 697 2335 1072 2402; x_wconf 85' lang='lat' dir='ltr'><strong>constabant,</strong></span> <span class='ocrx_word' id='word_1_284' title='bbox 1105 2335 1208 2392; x_wconf 88' lang='lat' dir='ltr'><strong>sed</strong></span> <span class='ocrx_word' id='word_1_285' title='bbox 1243 2340 1450 2408; x_wconf 74' lang='lat' dir='ltr'><strong>praeter</strong></span> <span class='ocrx_word' id='word_1_286' title='bbox 1507 2341 1787 2394; x_wconf 89' lang='lat' dir='ltr'><strong>naturam</strong></span> <span class='ocrx_word' id='word_1_287' title='bbox 1817 2341 2008 2394; x_wconf 89' lang='lat' dir='ltr'><strong>erant.</strong></span> <span class='ocrx_word' id='word_1_288' title='bbox 2051 2341 2197 2396; x_wconf 85' lang='lat' dir='ltr'><strong>Nam</strong></span> 
     </span>
    </p>
   </div>
   <div class='ocr_carea' id='block_1_42' title="bbox 545 2423 2191 2499">
    <p class='ocr_par' dir='ltr' id='par_1_42' title="bbox 545 2423 2191 2499">
     <span class='ocr_line' id='line_1_42' title="bbox 545 2423 2191 2499; baseline 0.002 -19"><span class='ocrx_word' id='word_1_289' title='bbox 545 2424 687 2496; x_wconf 89' lang='lat' dir='ltr'><strong>quia</strong></span> <span class='ocrx_word' id='word_1_290' title='bbox 715 2440 870 2496; x_wconf 91' lang='lat' dir='ltr'><strong>opus</strong></span> <span class='ocrx_word' id='word_1_291' title='bbox 908 2423 1190 2494; x_wconf 86' lang='lat' dir='ltr'><strong>abigendi</strong></span> <span class='ocrx_word' id='word_1_292' title='bbox 1241 2424 1549 2482; x_wconf 78' lang='lat' dir='ltr'><strong>daemones</strong></span> <span class='ocrx_word' id='word_1_293' title='bbox 1577 2441 1700 2483; x_wconf 87' lang='lat' dir='ltr'><strong>non</strong></span> <span class='ocrx_word' id='word_1_294' title='bbox 1751 2426 2191 2499; x_wconf 89' lang='lat' dir='ltr'><strong>improbabant,</strong></span> 
     </span>
    </p>
   </div>
   <div class='ocr_carea' id='block_1_43' title="bbox 543 2513 2196 2586">
    <p class='ocr_par' dir='ltr' id='par_1_43' title="bbox 543 2513 2196 2586">
     <span class='ocr_line' id='line_1_43' title="bbox 543 2513 2196 2586; baseline 0.002 -18"><span class='ocrx_word' id='word_1_295' title='bbox 543 2528 898 2586; x_wconf 87' lang='lat' dir='ltr'><strong>quanquam</strong></span> <span class='ocrx_word' id='word_1_296' title='bbox 910 2513 1623 2584; x_wconf 89' lang='lat' dir='ltr'><strong>admodumimpudentes</strong></span> <span class='ocrx_word' id='word_1_297' title='bbox 1643 2519 1864 2585; x_wconf 87' lang='lat' dir='ltr'><strong>essent,</strong></span> <span class='ocrx_word' id='word_1_298' title='bbox 1886 2531 2023 2572; x_wconf 89' lang='lat' dir='ltr'><strong>eum</strong></span> <span class='ocrx_word' id='word_1_299' title='bbox 2052 2532 2196 2572; x_wconf 88' lang='lat' dir='ltr'><strong>vero</strong></span> 
     </span>
    </p>
   </div>
   <div class='ocr_carea' id='block_1_44' title="bbox 545 2602 2194 2678">
    <p class='ocr_par' dir='ltr' id='par_1_44' title="bbox 545 2602 2194 2678">
     <span class='ocr_line' id='line_1_44' title="bbox 545 2602 2194 2678; baseline 0.003 -22"><span class='ocrx_word' id='word_1_300' title='bbox 545 2602 1069 2658; x_wconf 89' lang='lat' dir='ltr'><strong>calumniabantur</strong></span> <span class='ocrx_word' id='word_1_301' title='bbox 1098 2603 1197 2673; x_wconf 90' lang='lat' dir='ltr'><strong>qui</strong></span> <span class='ocrx_word' id='word_1_302' title='bbox 1235 2602 1367 2658; x_wconf 89' lang='lat' dir='ltr'><strong>illos</strong></span> <span class='ocrx_word' id='word_1_303' title='bbox 1413 2602 1696 2675; x_wconf 83' lang='lat' dir='ltr'><strong>abigebat</strong></span> <span class='ocrx_word' id='word_1_304' title='bbox 1729 2626 1742 2657; x_wconf 90' lang='lat'><strong>:</strong></span> <span class='ocrx_word' id='word_1_305' title='bbox 1796 2605 1870 2660; x_wconf 88' lang='lat' dir='ltr'><strong>ab</strong></span> <span class='ocrx_word' id='word_1_306' title='bbox 1918 2605 2194 2678; x_wconf 89' lang='lat' dir='ltr'><strong>exemplo</strong></span> 
     </span>
    </p>
   </div>
   <div class='ocr_carea' id='block_1_45' title="bbox 547 2690 2193 2763">
    <p class='ocr_par' dir='ltr' id='par_1_45' title="bbox 547 2690 2193 2763">
     <span class='ocr_line' id='line_1_45' title="bbox 547 2690 2193 2763; baseline 0.003 -18"><span class='ocrx_word' id='word_1_307' title='bbox 547 2690 678 2747; x_wconf 91' lang='lat' dir='ltr'><strong>illos</strong></span> <span class='ocrx_word' id='word_1_308' title='bbox 699 2691 1015 2761; x_wconf 82' lang='lat' dir='ltr'><strong>redarguit,</strong></span> <span class='ocrx_word' id='word_1_309' title='bbox 1048 2693 1151 2763; x_wconf 91' lang='lat' dir='ltr'><strong>qui</strong></span> <span class='ocrx_word' id='word_1_310' title='bbox 1178 2707 1330 2762; x_wconf 91' lang='lat' dir='ltr'><strong>opus</strong></span> <span class='ocrx_word' id='word_1_311' title='bbox 1354 2692 1591 2763; x_wconf 91' lang='lat' dir='ltr'><strong>quidem</strong></span> <span class='ocrx_word' id='word_1_312' title='bbox 1601 2693 1938 2763; x_wconf 89' lang='lat' dir='ltr'><strong>judicarent</strong></span> <span class='ocrx_word' id='word_1_313' title='bbox 1961 2694 2193 2750; x_wconf 91' lang='lat' dir='ltr'><strong>bonum</strong></span> 
     </span>
    </p>
   </div>
   <div class='ocr_carea' id='block_1_46' title="bbox 544 2779 2194 2854">
    <p class='ocr_par' dir='ltr' id='par_1_46' title="bbox 544 2779 2194 2854">
     <span class='ocr_line' id='line_1_46' title="bbox 544 2779 2194 2854; baseline 0.002 -20"><span class='ocrx_word' id='word_1_314' title='bbox 544 2793 686 2835; x_wconf 91' lang='lat' dir='ltr'><strong>eum</strong></span> <span class='ocrx_word' id='word_1_315' title='bbox 737 2783 938 2834; x_wconf 87' lang='lat' dir='ltr'><strong>autem</strong></span> <span class='ocrx_word' id='word_1_316' title='bbox 990 2779 1094 2850; x_wconf 89' lang='lat' dir='ltr'><strong>qui</strong></span> <span class='ocrx_word' id='word_1_317' title='bbox 1141 2785 1440 2850; x_wconf 87' lang='lat' dir='ltr'><strong>operatur,</strong></span> <span class='ocrx_word' id='word_1_318' title='bbox 1495 2781 1723 2837; x_wconf 89' lang='lat' dir='ltr'><strong>malum</strong></span> <span class='ocrx_word' id='word_1_319' title='bbox 1756 2797 1769 2836; x_wconf 92' lang='lat'><strong>:</strong></span> <span class='ocrx_word' id='word_1_320' title='bbox 1801 2782 1961 2852; x_wconf 90' lang='lat' dir='ltr'><strong>quod</strong></span> <span class='ocrx_word' id='word_1_321' title='bbox 2009 2781 2194 2854; x_wconf 88' lang='lat' dir='ltr'><strong>impu-</strong></span> 
     </span>
    </p>
   </div>
   <div class='ocr_carea' id='block_1_47' title="bbox 543 2865 1419 2938">
    <p class='ocr_par' dir='ltr' id='par_1_47' title="bbox 543 2865 1419 2938">
     <span class='ocr_line' id='line_1_47' title="bbox 543 2865 1419 2938; baseline 0 -16"><span class='ocrx_word' id='word_1_322' title='bbox 543 2865 757 2922; x_wconf 83' lang='lat' dir='ltr'><strong>dentiae</strong></span> <span class='ocrx_word' id='word_1_323' title='bbox 788 2871 875 2922; x_wconf 87' lang='lat' dir='ltr'><strong>est</strong></span> <span class='ocrx_word' id='word_1_324' title='bbox 897 2881 966 2923; x_wconf 92' lang='lat' dir='ltr'><strong>ac</strong></span> <span class='ocrx_word' id='word_1_325' title='bbox 992 2867 1419 2938; x_wconf 83' lang='lat' dir='ltr'><strong>repugnantias.</strong></span> 
     </span>
    </p>
   </div>
   <div class='ocr_carea' id='block_1_48' title="bbox 615 2954 2191 3029">
    <p class='ocr_par' dir='ltr' id='par_1_48' title="bbox 615 2954 2191 3029">
     <span class='ocr_line' id='line_1_48' title="bbox 615 2954 2191 3029; baseline 0.004 -20"><span class='ocrx_word' id='word_1_326' title='bbox 615 2955 684 3010; x_wconf 87' lang='lat' dir='ltr'><strong>Et</strong></span> <span class='ocrx_word' id='word_1_327' title='bbox 712 2954 984 3012; x_wconf 90' lang='lat' dir='ltr'><strong>arborem</strong></span> <span class='ocrx_word' id='word_1_328' title='bbox 998 2971 1142 3013; x_wconf 86' lang='lat' dir='ltr'><strong>sane</strong></span> <span class='ocrx_word' id='word_1_329' title='bbox 1167 2956 1700 3029; x_wconf 89' lang='lat' dir='ltr'><strong>appellatseipsum</strong></span> <span class='ocrx_word' id='word_1_330' title='bbox 1718 2976 1731 3014; x_wconf 90' lang='lat'><strong>:</strong></span> <span class='ocrx_word' id='word_1_331' title='bbox 1748 2957 2003 3014; x_wconf 87' lang='lat' dir='ltr'><strong>fructum</strong></span> <span class='ocrx_word' id='word_1_332' title='bbox 2033 2973 2191 3025; x_wconf 92' lang='lat' dir='ltr'><strong>vero,</strong></span> 
     </span>
    </p>
   </div>
   <div class='ocr_carea' id='block_1_49' title="bbox 2306 1805 3940 1879">
    <p class='ocr_par' dir='ltr' id='par_1_49' title="bbox 2306 1805 3940 1879">
     <span class='ocr_line' id='line_1_49' title="bbox 2306 1805 3940 1879; baseline 0 -24"><span class='ocrx_word' id='word_1_333' title='bbox 2306 1809 2394 1857; x_wconf 86' lang='grc' dir='ltr'><strong>καὶ</strong></span> <span class='ocrx_word' id='word_1_334' title='bbox 2453 1805 2573 1858; x_wconf 80' lang='grc' dir='ltr'>ἐκεῖ.</span> <span class='ocrx_word' id='word_1_335' title='bbox 2628 1805 2813 1858; x_wconf 81' lang='grc' dir='ltr'>Πολλοὶ</span> <span class='ocrx_word' id='word_1_336' title='bbox 2867 1808 2968 1879; x_wconf 83' lang='grc' dir='ltr'><strong>γὰρ</strong></span> <span class='ocrx_word' id='word_1_337' title='bbox 3019 1814 3118 1856; x_wconf 87' lang='grc' dir='ltr'>τῶν</span> <span class='ocrx_word' id='word_1_338' title='bbox 3172 1805 3304 1857; x_wconf 80' lang='grc' dir='ltr'>οὕτω</span> <span class='ocrx_word' id='word_1_339' title='bbox 3362 1812 3652 1862; x_wconf 81' lang='grc' dir='ltr'>τηνικαῦτα</span> <span class='ocrx_word' id='word_1_340' title='bbox 3722 1805 3940 1876; x_wconf 72' lang='grc' dir='ltr'>πλημ-</span> 
     </span>
    </p>
   </div>
   <div class='ocr_carea' id='block_1_50' title="bbox 2304 1893 3940 1968">
    <p class='ocr_par' dir='ltr' id='par_1_50' title="bbox 2304 1893 3940 1968">
     <span class='ocr_line' id='line_1_50' title="bbox 2304 1893 3940 1968; baseline 0 -24"><span class='ocrx_word' id='word_1_341' title='bbox 2304 1893 2658 1965; x_wconf 84' lang='grc' dir='ltr'>μελησάντων,</span> <span class='ocrx_word' id='word_1_342' title='bbox 2722 1897 3089 1954; x_wconf 79' lang='grc' dir='ltr'>πιστεύσαντες</span> <span class='ocrx_word' id='word_1_343' title='bbox 3149 1894 3382 1968; x_wconf 79' lang='grc' dir='ltr'>ὕστερον,</span> <span class='ocrx_word' id='word_1_344' title='bbox 3440 1895 3610 1945; x_wconf 88' lang='grc' dir='ltr'>πάντα</span> <span class='ocrx_word' id='word_1_345' title='bbox 3666 1912 3940 1964; x_wconf 80' lang='grc' dir='ltr'>συνεχω-</span> 
     </span>
    </p>
   </div>
   <div class='ocr_carea' id='block_1_51' title="bbox 2306 1983 2564 2039">
    <p class='ocr_par' dir='ltr' id='par_1_51' title="bbox 2306 1983 2564 2039">
     <span class='ocr_line' id='line_1_51' title="bbox 2306 1983 2564 2039; baseline 0 -3"><span class='ocrx_word' id='word_1_346' title='bbox 2306 1987 2367 2039; x_wconf 81' lang='grc' dir='ltr'><em>οή</em></span> <span class='ocrx_word' id='word_1_347' title='bbox 2379 1983 2564 2039; x_wconf 87' lang='grc' dir='ltr'>θησαν.</span> 
     </span>
    </p>
   </div>
   <div class='ocr_carea' id='block_1_52' title="bbox 2375 2068 3932 2141">
    <p class='ocr_par' dir='ltr' id='par_1_52' title="bbox 2375 2068 3932 2141">
     <span class='ocr_line' id='line_1_52' title="bbox 2375 2068 3932 2141; baseline 0.003 -20"><span class='ocrx_word' id='word_1_348' title='bbox 2375 2068 2444 2122; x_wconf 84' lang='grc' dir='ltr'><strong>Ἦ</strong></span> <span class='ocrx_word' id='word_1_349' title='bbox 2501 2101 2567 2110; x_wconf 96' lang='grc'><strong><em>-</em></strong></span> <span class='ocrx_word' id='word_1_350' title='bbox 2613 2076 2944 2141; x_wconf 74' lang='grc' dir='ltr'>γινώσκεται.</span> <span class='ocrx_word' id='word_1_351' title='bbox 3012 2076 3293 2140; x_wconf 83' lang='grc' dir='ltr'>Ποιήσατε,</span> <span class='ocrx_word' id='word_1_352' title='bbox 3348 2069 3461 2122; x_wconf 78' lang='grc' dir='ltr'>ἀντὶ</span> <span class='ocrx_word' id='word_1_353' title='bbox 3527 2077 3640 2141; x_wconf 81' lang='grc' dir='ltr'>τοῦ,</span> <span class='ocrx_word' id='word_1_354' title='bbox 3705 2073 3932 2125; x_wconf 81' lang='grc' dir='ltr'>εἰπατε.</span> 
     </span>
    </p>
   </div>
   <div class='ocr_carea' id='block_1_53' title="bbox 2309 2157 3932 2234">
    <p class='ocr_par' dir='ltr' id='par_1_53' title="bbox 2309 2157 3932 2234">
     <span class='ocr_line' id='line_1_53' title="bbox 2309 2157 3932 2234; baseline -0.001 -22"><span class='ocrx_word' id='word_1_355' title='bbox 2309 2162 2665 2230; x_wconf 78' lang='grc' dir='ltr'>Καταισχύνει</span> <span class='ocrx_word' id='word_1_356' title='bbox 2719 2157 2777 2212; x_wconf 71' lang='grc' dir='ltr'>δὲ</span> <span class='ocrx_word' id='word_1_357' title='bbox 2825 2160 2976 2212; x_wconf 87' lang='grc' dir='ltr'>πάλιν</span> <span class='ocrx_word' id='word_1_358' title='bbox 3053 2160 3234 2234; x_wconf 75' lang='grc' dir='ltr'>ἑτέρως</span> <span class='ocrx_word' id='word_1_359' title='bbox 3309 2160 3510 2223; x_wconf 79' lang='grc' dir='ltr'>αὐτοὺς,</span> <span class='ocrx_word' id='word_1_360' title='bbox 3567 2161 3638 2219; x_wconf 84' lang='grc' dir='ltr'>ὡς</span> <span class='ocrx_word' id='word_1_361' title='bbox 3710 2157 3932 2211; x_wconf 79' lang='grc' dir='ltr'>ἀνοικό-</span> 
     </span>
    </p>
   </div>
   <div class='ocr_carea' id='block_1_54' title="bbox 2304 2246 3926 2323">
    <p class='ocr_par' dir='ltr' id='par_1_54' title="bbox 2304 2246 3926 2323">
     <span class='ocr_line' id='line_1_54' title="bbox 2304 2246 3926 2323; baseline -0.001 -23"><span class='ocrx_word' id='word_1_362' title='bbox 2304 2247 2464 2300; x_wconf 86' lang='grc' dir='ltr'>λουθα</span> <span class='ocrx_word' id='word_1_363' title='bbox 2519 2253 2609 2301; x_wconf 87' lang='grc' dir='ltr'>καὶ</span> <span class='ocrx_word' id='word_1_364' title='bbox 2666 2251 2808 2322; x_wconf 82' lang='grc' dir='ltr'>παρὰ</span> <span class='ocrx_word' id='word_1_365' title='bbox 2887 2250 3039 2320; x_wconf 77' lang='grc' dir='ltr'>φύσιν</span> <span class='ocrx_word' id='word_1_366' title='bbox 3111 2255 3546 2319; x_wconf 75' lang='grc' dir='ltr'>κατηγοροῦντας.</span> <span class='ocrx_word' id='word_1_367' title='bbox 3607 2246 3760 2300; x_wconf 82' lang='grc' dir='ltr'>Ἐπεὶ</span> <span class='ocrx_word' id='word_1_368' title='bbox 3807 2253 3926 2323; x_wconf 72' lang='grc' dir='ltr'>γὰρ</span> 
     </span>
    </p>
   </div>
   <div class='ocr_carea' id='block_1_55' title="bbox 2305 2333 3921 2408">
    <p class='ocr_par' dir='ltr' id='par_1_55' title="bbox 2305 2333 3921 2408">
     <span class='ocr_line' id='line_1_55' title="bbox 2305 2333 3921 2408; baseline -0.002 -19"><span class='ocrx_word' id='word_1_369' title='bbox 2305 2341 2362 2389; x_wconf 91' lang='grc' dir='ltr'><strong>τό</strong></span> <span class='ocrx_word' id='word_1_370' title='bbox 2406 2339 2496 2408; x_wconf 74' lang='grc' dir='ltr'>μὲν</span> <span class='ocrx_word' id='word_1_371' title='bbox 2558 2336 2935 2389; x_wconf 80' lang='grc' dir='ltr'>ἀπελαύνεσθαι</span> <span class='ocrx_word' id='word_1_372' title='bbox 2985 2339 3106 2397; x_wconf 82' lang='grc' dir='ltr'>τοὺς</span> <span class='ocrx_word' id='word_1_373' title='bbox 3167 2333 3434 2408; x_wconf 85' lang='grc' dir='ltr'>δαίμονας,</span> <span class='ocrx_word' id='word_1_374' title='bbox 3486 2335 3579 2387; x_wconf 73' lang='grc' dir='ltr'>οὐκ</span> <span class='ocrx_word' id='word_1_375' title='bbox 3638 2335 3921 2399; x_wconf 80' lang='grc' dir='ltr'>ἐκάκιζον,</span> 
     </span>
    </p>
   </div>
   <div class='ocr_carea' id='block_1_56' title="bbox 2307 2421 3923 2498">
    <p class='ocr_par' dir='ltr' id='par_1_56' title="bbox 2307 2421 3923 2498">
     <span class='ocr_line' id='line_1_56' title="bbox 2307 2421 3923 2498; baseline -0.001 -21"><span class='ocrx_word' id='word_1_376' title='bbox 2307 2425 2350 2477; x_wconf 87' lang='grc' dir='ltr'>εὶ</span> <span class='ocrx_word' id='word_1_377' title='bbox 2391 2429 2480 2477; x_wconf 89' lang='grc' dir='ltr'>καὶ</span> <span class='ocrx_word' id='word_1_378' title='bbox 2539 2421 2745 2498; x_wconf 83' lang='grc' dir='ltr'>σφόδρα</span> <span class='ocrx_word' id='word_1_379' title='bbox 2798 2427 3185 2497; x_wconf 79' lang='grc' dir='ltr'>ἠναισχύντουν</span> <span class='ocrx_word' id='word_1_380' title='bbox 3218 2441 3230 2454; x_wconf 83' lang='grc'><em>’</em></span> <span class='ocrx_word' id='word_1_381' title='bbox 3295 2428 3382 2476; x_wconf 88' lang='grc' dir='ltr'><strong>τόν</strong></span> <span class='ocrx_word' id='word_1_382' title='bbox 3441 2421 3500 2477; x_wconf 75' lang='grc' dir='ltr'>δὲ</span> <span class='ocrx_word' id='word_1_383' title='bbox 3553 2422 3923 2476; x_wconf 77' lang='grc' dir='ltr'>ἀπελαύνοντα</span> 
     </span>
    </p>
   </div>
   <div class='ocr_carea' id='block_1_57' title="bbox 2304 2510 3912 2588">
    <p class='ocr_par' dir='ltr' id='par_1_57' title="bbox 2304 2510 3912 2588">
     <span class='ocr_line' id='line_1_57' title="bbox 2304 2510 3912 2588; baseline -0.002 -22"><span class='ocrx_word' id='word_1_384' title='bbox 2304 2517 2519 2574; x_wconf 84' lang='grc' dir='ltr'>τούτους</span> <span class='ocrx_word' id='word_1_385' title='bbox 2572 2511 2858 2580; x_wconf 79' lang='grc' dir='ltr'>διέϐαλλον,</span> <span class='ocrx_word' id='word_1_386' title='bbox 2908 2510 3400 2588; x_wconf 75' lang='grc' dir='ltr'>παραδειγματικῶς</span> <span class='ocrx_word' id='word_1_387' title='bbox 3446 2512 3636 2572; x_wconf 70' lang='grc' dir='ltr'>αὐτοὺς</span> <span class='ocrx_word' id='word_1_388' title='bbox 3674 2511 3912 2583; x_wconf 80' lang='grc' dir='ltr'>ἐλέγχει,</span> 
     </span>
    </p>
   </div>
   <div class='ocr_carea' id='block_1_58' title="bbox 2304 2597 3912 2675">
    <p class='ocr_par' dir='ltr' id='par_1_58' title="bbox 2304 2597 3912 2675">
     <span class='ocr_line' id='line_1_58' title="bbox 2304 2597 3912 2675; baseline -0.002 -21"><span class='ocrx_word' id='word_1_389' title='bbox 2304 2607 2364 2654; x_wconf 80' lang='grc' dir='ltr'>τὺ</span> <span class='ocrx_word' id='word_1_390' title='bbox 2395 2605 2484 2674; x_wconf 72' lang='grc' dir='ltr'>μὲν</span> <span class='ocrx_word' id='word_1_391' title='bbox 2519 2606 2665 2675; x_wconf 81' lang='grc' dir='ltr'>ἔργον</span> <span class='ocrx_word' id='word_1_392' title='bbox 2725 2602 2836 2674; x_wconf 90' lang='grc'>(88)</span> <span class='ocrx_word' id='word_1_393' title='bbox 2888 2601 3044 2654; x_wconf 88' lang='grc' dir='ltr'>καλὸν</span> <span class='ocrx_word' id='word_1_394' title='bbox 3091 2606 3378 2675; x_wconf 80' lang='grc' dir='ltr'>κρίνοντας,</span> <span class='ocrx_word' id='word_1_395' title='bbox 3436 2604 3522 2652; x_wconf 83' lang='grc' dir='ltr'><strong>τόν</strong></span> <span class='ocrx_word' id='word_1_396' title='bbox 3574 2597 3634 2651; x_wconf 64' lang='grc' dir='ltr'><strong>δε</strong></span> <span class='ocrx_word' id='word_1_397' title='bbox 3681 2599 3912 2671; x_wconf 82' lang='grc' dir='ltr'>ἐργαζό-</span> 
     </span>
    </p>
   </div>
   <div class='ocr_carea' id='block_1_59' title="bbox 2302 2686 3905 2766">
    <p class='ocr_par' dir='ltr' id='par_1_59' title="bbox 2302 2686 3905 2766">
     <span class='ocr_line' id='line_1_59' title="bbox 2302 2686 3905 2766; baseline -0.004 -23"><span class='ocrx_word' id='word_1_398' title='bbox 2302 2709 2468 2762; x_wconf 89' lang='grc' dir='ltr'>μενον,</span> <span class='ocrx_word' id='word_1_399' title='bbox 2509 2695 2682 2759; x_wconf 86' lang='grc' dir='ltr'>κακόν,</span> <span class='ocrx_word' id='word_1_400' title='bbox 2727 2692 2846 2766; x_wconf 84' lang='grc' dir='ltr'>ὅπερ</span> <span class='ocrx_word' id='word_1_401' title='bbox 2891 2689 3028 2743; x_wconf 73' lang='grc' dir='ltr'>ἐστὶν</span> <span class='ocrx_word' id='word_1_402' title='bbox 3079 2687 3425 2749; x_wconf 80' lang='grc' dir='ltr'>ἐναντιότητος</span> <span class='ocrx_word' id='word_1_403' title='bbox 3477 2693 3568 2740; x_wconf 82' lang='grc' dir='ltr'>καὶ</span> <span class='ocrx_word' id='word_1_404' title='bbox 3611 2686 3905 2758; x_wconf 79' lang='grc' dir='ltr'>ἀναισχυν-</span> 
     </span>
    </p>
   </div>
   <div class='ocr_carea' id='block_1_60' title="bbox 2302 2785 2432 2839">
    <p class='ocr_par' dir='ltr' id='par_1_60' title="bbox 2302 2785 2432 2839">
     <span class='ocr_line' id='line_1_60' title="bbox 2302 2785 2432 2839; baseline 0.015 -8"><span class='ocrx_word' id='word_1_405' title='bbox 2302 2785 2432 2839; x_wconf 87' lang='grc' dir='ltr'>τίας.</span> 
     </span>
    </p>
   </div>
   <div class='ocr_carea' id='block_1_61' title="bbox 2378 2947 3903 3028">
    <p class='ocr_par' dir='ltr' id='par_1_61' title="bbox 2378 2947 3903 3028">
     <span class='ocr_line' id='line_1_61' title="bbox 2378 2947 3903 3028; baseline -0.003 -20"><span class='ocrx_word' id='word_1_406' title='bbox 2378 2959 2478 3008; x_wconf 80' lang='grc' dir='ltr'><strong>Καὶ</strong></span> <span class='ocrx_word' id='word_1_407' title='bbox 2509 2951 2721 3028; x_wconf 77' lang='grc' dir='ltr'>δένδρον</span> <span class='ocrx_word' id='word_1_408' title='bbox 2752 2959 2860 3026; x_wconf 75' lang='grc' dir='ltr'>μὲν,</span> <span class='ocrx_word' id='word_1_409' title='bbox 2903 2949 3077 3007; x_wconf 70' lang='grc' dir='ltr'>ἔαυτόν</span> <span class='ocrx_word' id='word_1_410' title='bbox 3109 2954 3224 3026; x_wconf 88' lang='grc'><strong>(89)</strong></span> <span class='ocrx_word' id='word_1_411' title='bbox 3265 2957 3551 3026; x_wconf 72' lang='grc' dir='ltr'>ὑποφαίνει·</span> <span class='ocrx_word' id='word_1_412' title='bbox 3587 2955 3784 3026; x_wconf 85' lang='grc' dir='ltr'>καρπὸν</span> <span class='ocrx_word' id='word_1_413' title='bbox 3815 2947 3903 3012; x_wconf 55' lang='grc' dir='ltr'>δῖ,</span> 
     </span>
    </p>
   </div>
   <div class='ocr_carea' id='block_1_62' title="bbox 544 3041 2193 3135">
    <p class='ocr_par' dir='ltr' id='par_1_62' title="bbox 544 3044 2193 3118">
     <span class='ocr_line' id='line_1_62' title="bbox 544 3044 2193 3118; baseline 0.002 -19"><span class='ocrx_word' id='word_1_414' title='bbox 544 3058 701 3116; x_wconf 90' lang='lat' dir='ltr'><strong>opus</strong></span> <span class='ocrx_word' id='word_1_415' title='bbox 757 3057 952 3101; x_wconf 90' lang='lat' dir='ltr'><strong>suum.</strong></span> <span class='ocrx_word' id='word_1_416' title='bbox 1007 3044 1098 3100; x_wconf 82' lang='lat' dir='ltr'><strong>Ait</strong></span> <span class='ocrx_word' id='word_1_417' title='bbox 1153 3059 1340 3114; x_wconf 82' lang='lat' dir='ltr'><strong>ergo:</strong></span> <span class='ocrx_word' id='word_1_418' title='bbox 1419 3049 1532 3102; x_wconf 82' lang='lat' dir='ltr'><strong>Aut</strong></span> <span class='ocrx_word' id='word_1_419' title='bbox 1591 3045 1764 3104; x_wconf 90' lang='lat' dir='ltr'><strong>dicite</strong></span> <span class='ocrx_word' id='word_1_420' title='bbox 1822 3051 2193 3118; x_wconf 87' lang='lat' dir='ltr'><strong>operatorem</strong></span> 
     </span>
    </p>
   </div>
   <div class='ocr_carea' id='block_1_63' title="bbox 2303 3041 3910 3135">
    <p class='ocr_par' dir='ltr' id='par_1_63' title="bbox 2305 3041 3910 3118">
     <span class='ocr_line' id='line_1_63' title="bbox 2305 3041 3910 3118; baseline -0.002 -24"><span class='ocrx_word' id='word_1_421' title='bbox 2305 3046 2362 3095; x_wconf 90' lang='grc' dir='ltr'><strong>τό</strong></span> <span class='ocrx_word' id='word_1_422' title='bbox 2386 3045 2532 3118; x_wconf 78' lang='grc' dir='ltr'>ἔργον</span> <span class='ocrx_word' id='word_1_423' title='bbox 2554 3043 2731 3097; x_wconf 77' lang='grc' dir='ltr'>αὐτοῦ.</span> <span class='ocrx_word' id='word_1_424' title='bbox 2765 3048 2919 3114; x_wconf 83' lang='grc' dir='ltr'>Λέγει</span> <span class='ocrx_word' id='word_1_425' title='bbox 2944 3048 3134 3108; x_wconf 84' lang='grc' dir='ltr'>τοίνυν,</span> <span class='ocrx_word' id='word_1_426' title='bbox 3161 3045 3240 3095; x_wconf 88' lang='grc' dir='ltr'>ὃτι</span> <span class='ocrx_word' id='word_1_427' title='bbox 3264 3041 3331 3095; x_wconf 81' lang='grc' dir='ltr'><em>’Ἠ</em></span> <span class='ocrx_word' id='word_1_428' title='bbox 3362 3045 3536 3094; x_wconf 81' lang='grc' dir='ltr'>εἴπατε</span> <span class='ocrx_word' id='word_1_429' title='bbox 3559 3045 3645 3093; x_wconf 88' lang='grc' dir='ltr'><strong>τόν</strong></span> <span class='ocrx_word' id='word_1_430' title='bbox 3680 3041 3910 3116; x_wconf 77' lang='grc' dir='ltr'>ἐργάτην</span> 
     </span>
    </p>
   </div>
   <div class='ocr_carea' id='block_1_64' title="bbox 543 3131 2196 3208">
    <p class='ocr_par' dir='ltr' id='par_1_64' title="bbox 543 3131 2196 3208">
     <span class='ocr_line' id='line_1_64' title="bbox 543 3131 2196 3208; baseline 0.004 -20"><span class='ocrx_word' id='word_1_431' title='bbox 543 3131 794 3196; x_wconf 90' lang='lat' dir='ltr'><strong>bonum,</strong></span> <span class='ocrx_word' id='word_1_432' title='bbox 849 3137 907 3188; x_wconf 92' lang='lat' dir='ltr'><strong>et</strong></span> <span class='ocrx_word' id='word_1_433' title='bbox 955 3150 1110 3206; x_wconf 91' lang='lat' dir='ltr'><strong>opus</strong></span> <span class='ocrx_word' id='word_1_434' title='bbox 1153 3135 1282 3205; x_wconf 91' lang='lat' dir='ltr'><strong>ejus</strong></span> <span class='ocrx_word' id='word_1_435' title='bbox 1352 3133 1622 3192; x_wconf 91' lang='lat' dir='ltr'><strong>bonum:</strong></span> <span class='ocrx_word' id='word_1_436' title='bbox 1669 3140 1772 3192; x_wconf 90' lang='lat' dir='ltr'><strong>aut</strong></span> <span class='ocrx_word' id='word_1_437' title='bbox 1819 3141 2196 3208; x_wconf 89' lang='lat' dir='ltr'><strong>operatorem</strong></span> 
     </span>
    </p>
   </div>
   <div class='ocr_carea' id='block_1_65' title="bbox 542 3219 2193 3296">
    <p class='ocr_par' dir='ltr' id='par_1_65' title="bbox 542 3219 2193 3296">
     <span class='ocr_line' id='line_1_65' title="bbox 542 3219 2193 3296; baseline 0.003 -20"><span class='ocrx_word' id='word_1_438' title='bbox 542 3219 794 3290; x_wconf 88' lang='lat' dir='ltr'><strong>malum,</strong></span> <span class='ocrx_word' id='word_1_439' title='bbox 825 3224 882 3277; x_wconf 91' lang='lat' dir='ltr'><strong>et</strong></span> <span class='ocrx_word' id='word_1_440' title='bbox 922 3237 1076 3294; x_wconf 88' lang='lat' dir='ltr'><strong>opus</strong></span> <span class='ocrx_word' id='word_1_441' title='bbox 1119 3226 1248 3295; x_wconf 87' lang='lat' dir='ltr'><strong>ejus</strong></span> <span class='ocrx_word' id='word_1_442' title='bbox 1298 3223 1546 3280; x_wconf 89' lang='lat' dir='ltr'><strong>malum.</strong></span> <span class='ocrx_word' id='word_1_443' title='bbox 1595 3224 1746 3280; x_wconf 91' lang='lat' dir='ltr'><strong>Nam</strong></span> <span class='ocrx_word' id='word_1_444' title='bbox 1779 3225 1828 3279; x_wconf 90' lang='lat' dir='ltr'><strong>si</strong></span> <span class='ocrx_word' id='word_1_445' title='bbox 1879 3239 2034 3296; x_wconf 91' lang='lat' dir='ltr'><strong>opus</strong></span> <span class='ocrx_word' id='word_1_446' title='bbox 2084 3224 2193 3281; x_wconf 79' lang='lat' dir='ltr'><strong>bo-</strong></span> 
     </span>
    </p>
   </div>
   <div class='ocr_carea' id='block_1_66' title="bbox 543 3313 2192 3386">
    <p class='ocr_par' dir='ltr' id='par_1_66' title="bbox 543 3313 2192 3386">
     <span class='ocr_line' id='line_1_66' title="bbox 543 3313 2192 3386; baseline 0.004 -22"><span class='ocrx_word' id='word_1_447' title='bbox 543 3323 693 3365; x_wconf 90' lang='lat' dir='ltr'><strong>num</strong></span> <span class='ocrx_word' id='word_1_448' title='bbox 713 3313 820 3376; x_wconf 89' lang='lat' dir='ltr'><strong>est,</strong></span> <span class='ocrx_word' id='word_1_449' title='bbox 876 3315 1154 3382; x_wconf 86' lang='lat' dir='ltr'><strong>operator</strong></span> <span class='ocrx_word' id='word_1_450' title='bbox 1217 3329 1449 3386; x_wconf 90' lang='lat' dir='ltr'><strong>quoque</strong></span> <span class='ocrx_word' id='word_1_451' title='bbox 1502 3313 1634 3384; x_wconf 91' lang='lat' dir='ltr'><strong>ejus</strong></span> <span class='ocrx_word' id='word_1_452' title='bbox 1683 3313 1875 3369; x_wconf 87' lang='lat' dir='ltr'><strong>bonus</strong></span> <span class='ocrx_word' id='word_1_453' title='bbox 1922 3314 2049 3370; x_wconf 91' lang='lat' dir='ltr'><strong>erit.</strong></span> <span class='ocrx_word' id='word_1_454' title='bbox 2108 3314 2192 3370; x_wconf 84' lang='lat' dir='ltr'><strong>Ex</strong></span> 
     </span>
    </p>
   </div>
   <div class='ocr_carea' id='block_1_67' title="bbox 544 3399 2192 3473">
    <p class='ocr_par' dir='ltr' id='par_1_67' title="bbox 544 3399 2192 3473">
     <span class='ocr_line' id='line_1_67' title="bbox 544 3399 2192 3473; baseline 0.003 -21"><span class='ocrx_word' id='word_1_455' title='bbox 544 3412 723 3468; x_wconf 90' lang='lat' dir='ltr'><strong>opere</strong></span> <span class='ocrx_word' id='word_1_456' title='bbox 778 3399 1071 3471; x_wconf 90' lang='lat' dir='ltr'><strong>siquidem</strong></span> <span class='ocrx_word' id='word_1_457' title='bbox 1134 3402 1515 3471; x_wconf 86' lang='lat' dir='ltr'><strong>cognoscitur</strong></span> <span class='ocrx_word' id='word_1_458' title='bbox 1567 3408 1843 3473; x_wconf 89' lang='lat' dir='ltr'><strong>operator</strong></span> <span class='ocrx_word' id='word_1_459' title='bbox 1886 3418 1897 3456; x_wconf 94' lang='lat'>:</span> <span class='ocrx_word' id='word_1_460' title='bbox 1956 3402 2003 3457; x_wconf 89' lang='lat' dir='ltr'><strong>si</strong></span> <span class='ocrx_word' id='word_1_461' title='bbox 2055 3401 2192 3457; x_wconf 91' lang='lat' dir='ltr'><strong>boni</strong></span> 
     </span>
    </p>
   </div>
   <div class='ocr_carea' id='block_1_68' title="bbox 543 3486 2193 3562">
    <p class='ocr_par' dir='ltr' id='par_1_68' title="bbox 543 3486 2193 3562">
     <span class='ocr_line' id='line_1_68' title="bbox 543 3486 2193 3562; baseline 0.004 -21"><span class='ocrx_word' id='word_1_462' title='bbox 543 3487 755 3558; x_wconf 89' lang='lat' dir='ltr'><strong>operis,</strong></span> <span class='ocrx_word' id='word_1_463' title='bbox 797 3486 994 3544; x_wconf 89' lang='lat' dir='ltr'><strong>bonus</strong></span> <span class='ocrx_word' id='word_1_464' title='bbox 1023 3505 1044 3556; x_wconf 85' lang='grc'>,·</span> <span class='ocrx_word' id='word_1_465' title='bbox 1099 3490 1147 3544; x_wconf 91' lang='lat' dir='ltr'><strong>si</strong></span> <span class='ocrx_word' id='word_1_466' title='bbox 1201 3491 1391 3561; x_wconf 85' lang='lat' dir='ltr'><strong>pravi,</strong></span> <span class='ocrx_word' id='word_1_467' title='bbox 1450 3506 1698 3562; x_wconf 89' lang='lat' dir='ltr'><strong>pravus.</strong></span> <span class='ocrx_word' id='word_1_468' title='bbox 1759 3490 1976 3556; x_wconf 86' lang='lat' dir='ltr'><strong>Quinto</strong></span> <span class='ocrx_word' id='word_1_469' title='bbox 2033 3490 2193 3547; x_wconf 89' lang='lat' dir='ltr'><strong>enim</strong></span> 
     </span>
    </p>
   </div>
   <div class='ocr_carea' id='block_1_69' title="bbox 545 3575 2192 3650">
    <p class='ocr_par' dir='ltr' id='par_1_69' title="bbox 545 3575 2192 3650">
     <span class='ocr_line' id='line_1_69' title="bbox 545 3575 2192 3650; baseline 0.004 -21"><span class='ocrx_word' id='word_1_470' title='bbox 545 3575 736 3646; x_wconf 83' lang='lat' dir='ltr'><strong>capite</strong></span> <span class='ocrx_word' id='word_1_471' title='bbox 760 3575 961 3632; x_wconf 90' lang='lat' dir='ltr'><strong>docuit</strong></span> <span class='ocrx_word' id='word_1_472' title='bbox 987 3578 1054 3642; x_wconf 80' lang='grc'><strong>⁸⁸,</strong></span> <span class='ocrx_word' id='word_1_473' title='bbox 1087 3578 1252 3649; x_wconf 93' lang='lat' dir='ltr'><strong>quod</strong></span> <span class='ocrx_word' id='word_1_474' title='bbox 1278 3593 1397 3634; x_wconf 90' lang='lat' dir='ltr'><strong>non</strong></span> <span class='ocrx_word' id='word_1_475' title='bbox 1445 3581 1641 3650; x_wconf 84' lang='lat' dir='ltr'><strong>potest</strong></span> <span class='ocrx_word' id='word_1_476' title='bbox 1679 3578 1854 3635; x_wconf 90' lang='lat' dir='ltr'><strong>arbor</strong></span> <span class='ocrx_word' id='word_1_477' title='bbox 1885 3579 2050 3635; x_wconf 88' lang='lat' dir='ltr'><strong>bona</strong></span> <span class='ocrx_word' id='word_1_478' title='bbox 2077 3579 2192 3635; x_wconf 86' lang='lat' dir='ltr'><strong>fru-</strong></span> 
     </span>
    </p>
   </div>
   <div class='ocr_carea' id='block_1_70' title="bbox 545 3663 2192 3741">
    <p class='ocr_par' dir='ltr' id='par_1_70' title="bbox 545 3663 2192 3741">
     <span class='ocr_line' id='line_1_70' title="bbox 545 3663 2192 3741; baseline 0.003 -23"><span class='ocrx_word' id='word_1_479' title='bbox 545 3666 676 3719; x_wconf 89' lang='lat' dir='ltr'><strong>ctus</strong></span> <span class='ocrx_word' id='word_1_480' title='bbox 705 3663 894 3720; x_wconf 90' lang='lat' dir='ltr'><strong>malos</strong></span> <span class='ocrx_word' id='word_1_481' title='bbox 924 3664 1134 3734; x_wconf 81' lang='lat' dir='ltr'><strong>facere,</strong></span> <span class='ocrx_word' id='word_1_482' title='bbox 1183 3671 1248 3723; x_wconf 90' lang='lat' dir='ltr'><strong>ut</strong></span> <span class='ocrx_word' id='word_1_483' title='bbox 1276 3682 1470 3741; x_wconf 89' lang='lat' dir='ltr'><strong>neque</strong></span> <span class='ocrx_word' id='word_1_484' title='bbox 1517 3667 1692 3726; x_wconf 86' lang='lat' dir='ltr'><strong>arbor</strong></span> <span class='ocrx_word' id='word_1_485' title='bbox 1733 3668 1942 3726; x_wconf 88' lang='lat' dir='ltr'><strong>vitiosa</strong></span> <span class='ocrx_word' id='word_1_486' title='bbox 1970 3667 2192 3724; x_wconf 83' lang='lat' dir='ltr'><strong>fructus</strong></span> 
     </span>
    </p>
   </div>
   <div class='ocr_carea' id='block_1_71' title="bbox 544 3751 976 3810">
    <p class='ocr_par' dir='ltr' id='par_1_71' title="bbox 544 3751 976 3810">
     <span class='ocr_line' id='line_1_71' title="bbox 544 3751 976 3810; baseline 0.005 -2"><span class='ocrx_word' id='word_1_487' title='bbox 544 3751 739 3809; x_wconf 90' lang='lat' dir='ltr'><strong>bonos</strong></span> <span class='ocrx_word' id='word_1_488' title='bbox 764 3753 976 3810; x_wconf 86' lang='lat' dir='ltr'><strong>facere.</strong></span> 
     </span>
    </p>
   </div>
   <div class='ocr_carea' id='block_1_72' title="bbox 615 3842 2195 3916">
    <p class='ocr_par' dir='ltr' id='par_1_72' title="bbox 615 3842 2195 3916">
     <span class='ocr_line' id='line_1_72' title="bbox 615 3842 2195 3916; baseline 0.005 -22"><span class='ocrx_word' id='word_1_489' title='bbox 615 3842 772 3898; x_wconf 88' lang='lat' dir='ltr'><strong>Vers.</strong></span> <span class='ocrx_word' id='word_1_490' title='bbox 805 3844 894 3899; x_wconf 91' lang='grc'><strong>34.</strong></span> <span class='ocrx_word' id='word_1_491' title='bbox 919 3845 1226 3916; x_wconf 79' lang='lat' dir='ltr'><strong>Progenies</strong></span> <span class='ocrx_word' id='word_1_492' title='bbox 1249 3876 1320 3886; x_wconf 90' lang='lat'><strong><em>—</em></strong></span> <span class='ocrx_word' id='word_1_493' title='bbox 1342 3845 1485 3902; x_wconf 74' lang='lat' dir='ltr'><strong>mali</strong></span> <span class='ocrx_word' id='word_1_494' title='bbox 1512 3845 1541 3902; x_wconf 83' lang='lat'><strong>?</strong></span> <span class='ocrx_word' id='word_1_495' title='bbox 1569 3845 1702 3902; x_wconf 90' lang='lat' dir='ltr'><strong>Non</strong></span> <span class='ocrx_word' id='word_1_496' title='bbox 1755 3845 1978 3902; x_wconf 89' lang='lat' dir='ltr'><strong>mirum</strong></span> <span class='ocrx_word' id='word_1_497' title='bbox 2003 3849 2091 3902; x_wconf 89' lang='lat' dir='ltr'><strong>est</strong></span> <span class='ocrx_word' id='word_1_498' title='bbox 2120 3845 2195 3902; x_wconf 92' lang='lat' dir='ltr'><strong>si-</strong></span> 
     </span>
    </p>
   </div>
   <div class='ocr_carea' id='block_1_73' title="bbox 542 3930 2189 4004">
    <p class='ocr_par' dir='ltr' id='par_1_73' title="bbox 542 3930 2189 4004">
     <span class='ocr_line' id='line_1_73' title="bbox 542 3930 2189 4004; baseline 0.001 -17"><span class='ocrx_word' id='word_1_499' title='bbox 542 3930 895 4001; x_wconf 90' lang='lat' dir='ltr'><strong>hujusmodi</strong></span> <span class='ocrx_word' id='word_1_500' title='bbox 963 3935 1220 3991; x_wconf 85' lang='lat' dir='ltr'><strong>convitia</strong></span> <span class='ocrx_word' id='word_1_501' title='bbox 1291 3934 1554 4004; x_wconf 88' lang='lat' dir='ltr'><strong>jactatis.</strong></span> <span class='ocrx_word' id='word_1_502' title='bbox 1646 3937 1793 3990; x_wconf 86' lang='lat' dir='ltr'><strong>Nam</strong></span> <span class='ocrx_word' id='word_1_503' title='bbox 1847 3950 1985 3990; x_wconf 90' lang='lat' dir='ltr'><strong>cum</strong></span> <span class='ocrx_word' id='word_1_504' title='bbox 2044 3934 2189 3991; x_wconf 88' lang='lat' dir='ltr'><strong>mali</strong></span> 
     </span>
    </p>
   </div>
   <div class='ocr_carea' id='block_1_74' title="bbox 547 4018 2193 4092">
    <p class='ocr_par' dir='ltr' id='par_1_74' title="bbox 547 4018 2193 4092">
     <span class='ocr_line' id='line_1_74' title="bbox 547 4018 2193 4092; baseline 0.002 -18"><span class='ocrx_word' id='word_1_505' title='bbox 547 4018 696 4085; x_wconf 82' lang='lat' dir='ltr'><strong>sitis,</strong></span> <span class='ocrx_word' id='word_1_506' title='bbox 773 4034 896 4074; x_wconf 80' lang='lat' dir='ltr'><strong>non</strong></span> <span class='ocrx_word' id='word_1_507' title='bbox 950 4021 1189 4092; x_wconf 84' lang='lat' dir='ltr'><strong>potestis</strong></span> <span class='ocrx_word' id='word_1_508' title='bbox 1248 4021 1407 4075; x_wconf 89' lang='lat' dir='ltr'><strong>bona</strong></span> <span class='ocrx_word' id='word_1_509' title='bbox 1463 4019 1649 4092; x_wconf 92' lang='lat' dir='ltr'><strong>loqui.</strong></span> <span class='ocrx_word' id='word_1_510' title='bbox 1730 4021 1952 4076; x_wconf 89' lang='lat' dir='ltr'><strong>Deinde</strong></span> <span class='ocrx_word' id='word_1_511' title='bbox 2023 4026 2193 4077; x_wconf 90' lang='lat' dir='ltr'><strong>natu-</strong></span> 
     </span>
    </p>
   </div>
   <div class='ocr_carea' id='block_1_75' title="bbox 542 4105 2196 4178">
    <p class='ocr_par' dir='ltr' id='par_1_75' title="bbox 542 4105 2196 4178">
     <span class='ocr_line' id='line_1_75' title="bbox 542 4105 2196 4178; baseline 0.003 -17"><span class='ocrx_word' id='word_1_512' title='bbox 542 4105 651 4162; x_wconf 89' lang='lat' dir='ltr'><strong>rali</strong></span> <span class='ocrx_word' id='word_1_513' title='bbox 698 4121 940 4178; x_wconf 91' lang='lat' dir='ltr'><strong>quoque</strong></span> <span class='ocrx_word' id='word_1_514' title='bbox 985 4108 1214 4163; x_wconf 90' lang='lat' dir='ltr'><strong>ratione</strong></span> <span class='ocrx_word' id='word_1_515' title='bbox 1265 4107 1655 4171; x_wconf 88' lang='lat' dir='ltr'><strong>demonstrat,</strong></span> <span class='ocrx_word' id='word_1_516' title='bbox 1706 4108 1867 4178; x_wconf 92' lang='lat' dir='ltr'><strong>quod</strong></span> <span class='ocrx_word' id='word_1_517' title='bbox 1912 4108 2026 4164; x_wconf 91' lang='lat' dir='ltr'><strong>hoc</strong></span> <span class='ocrx_word' id='word_1_518' title='bbox 2072 4124 2196 4166; x_wconf 89' lang='lat' dir='ltr'><strong>non</strong></span> 
     </span>
    </p>
   </div>
   <div class='ocr_carea' id='block_1_76' title="bbox 547 4193 801 4264">
    <p class='ocr_par' dir='ltr' id='par_1_76' title="bbox 547 4193 801 4264">
     <span class='ocr_line' id='line_1_76' title="bbox 547 4193 801 4264; baseline 0.008 -16"><span class='ocrx_word' id='word_1_519' title='bbox 547 4193 801 4264; x_wconf 86' lang='lat' dir='ltr'><strong>possint.</strong></span> 
     </span>
    </p>
   </div>
   <div class='ocr_carea' id='block_1_77' title="bbox 618 4281 2195 4357">
    <p class='ocr_par' dir='ltr' id='par_1_77' title="bbox 618 4281 2195 4357">
     <span class='ocr_line' id='line_1_77' title="bbox 618 4281 2195 4357; baseline 0.005 -23"><span class='ocrx_word' id='word_1_520' title='bbox 618 4282 774 4335; x_wconf 87' lang='lat' dir='ltr'><strong>Vers.</strong></span> <span class='ocrx_word' id='word_1_521' title='bbox 831 4282 919 4337; x_wconf 72' lang='lat'><strong>34.</strong></span> <span class='ocrx_word' id='word_1_522' title='bbox 968 4283 1066 4339; x_wconf 77' lang='lat' dir='ltr'><strong>Ea:</strong></span> <span class='ocrx_word' id='word_1_523' title='bbox 1114 4313 1183 4322; x_wconf 90' lang='lat'><strong>-—</strong></span> <span class='ocrx_word' id='word_1_524' title='bbox 1240 4283 1516 4354; x_wconf 82' lang='lat' dir='ltr'><strong>loquitur.</strong></span> <span class='ocrx_word' id='word_1_525' title='bbox 1569 4281 1874 4357; x_wconf 91' lang='lat' dir='ltr'><strong>Siquidem</strong></span> <span class='ocrx_word' id='word_1_526' title='bbox 1941 4299 2079 4341; x_wconf 91' lang='lat' dir='ltr'><strong>cum</strong></span> <span class='ocrx_word' id='word_1_527' title='bbox 2133 4286 2195 4342; x_wconf 89' lang='lat' dir='ltr'><strong>in</strong></span> 
     </span>
    </p>
   </div>
   <div class='ocr_carea' id='block_1_78' title="bbox 546 4370 2193 4448">
    <p class='ocr_par' dir='ltr' id='par_1_78' title="bbox 546 4370 2193 4448">
     <span class='ocr_line' id='line_1_78' title="bbox 546 4370 2193 4448; baseline 0.004 -23"><span class='ocrx_word' id='word_1_528' title='bbox 546 4370 724 4426; x_wconf 91' lang='lat' dir='ltr'><strong>corde</strong></span> <span class='ocrx_word' id='word_1_529' title='bbox 771 4370 980 4427; x_wconf 83' lang='lat' dir='ltr'><strong>vitium</strong></span> <span class='ocrx_word' id='word_1_530' title='bbox 1033 4372 1357 4439; x_wconf 89' lang='lat' dir='ltr'><strong>scaturiat,</strong></span> <span class='ocrx_word' id='word_1_531' title='bbox 1407 4374 1744 4431; x_wconf 89' lang='lat' dir='ltr'><strong>necessario</strong></span> <span class='ocrx_word' id='word_1_532' title='bbox 1796 4375 1869 4431; x_wconf 90' lang='lat' dir='ltr'><strong>ab</strong></span> <span class='ocrx_word' id='word_1_533' title='bbox 1916 4391 1988 4432; x_wconf 92' lang='lat' dir='ltr'><strong>eo</strong></span> <span class='ocrx_word' id='word_1_534' title='bbox 2033 4375 2193 4448; x_wconf 89' lang='lat' dir='ltr'><strong>quod</strong></span> 
     </span>
    </p>
   </div>
   <div class='ocr_carea' id='block_1_79' title="bbox 547 4457 2190 4536">
    <p class='ocr_par' dir='ltr' id='par_1_79' title="bbox 547 4457 2190 4536">
     <span class='ocr_line' id='line_1_79' title="bbox 547 4457 2190 4536; baseline 0.005 -22"><span class='ocrx_word' id='word_1_535' title='bbox 547 4457 835 4525; x_wconf 89' lang='lat' dir='ltr'><strong>abundat,</strong></span> <span class='ocrx_word' id='word_1_536' title='bbox 869 4459 1192 4517; x_wconf 80' lang='lat' dir='ltr'><strong>effunditur</strong></span> <span class='ocrx_word' id='word_1_537' title='bbox 1235 4462 1496 4535; x_wconf 87' lang='lat' dir='ltr'><strong>pravitas</strong></span> <span class='ocrx_word' id='word_1_538' title='bbox 1542 4480 1670 4536; x_wconf 88' lang='lat' dir='ltr'><strong>quae</strong></span> <span class='ocrx_word' id='word_1_539' title='bbox 1721 4469 1811 4520; x_wconf 89' lang='lat' dir='ltr'><strong>est</strong></span> <span class='ocrx_word' id='word_1_540' title='bbox 1843 4481 2037 4522; x_wconf 88' lang='lat' dir='ltr'><strong>sermo</strong></span> <span class='ocrx_word' id='word_1_541' title='bbox 2070 4481 2190 4522; x_wconf 79' lang='lat' dir='ltr'><strong>ma~</strong></span> 
     </span>
    </p>
   </div>
   <div class='ocr_carea' id='block_1_80' title="bbox 544 4545 2195 4625">
    <p class='ocr_par' dir='ltr' id='par_1_80' title="bbox 544 4545 2195 4625">
     <span class='ocr_line' id='line_1_80' title="bbox 544 4545 2195 4625; baseline 0.005 -23"><span class='ocrx_word' id='word_1_542' title='bbox 544 4545 657 4602; x_wconf 92' lang='lat' dir='ltr'><strong>lus.</strong></span> <span class='ocrx_word' id='word_1_543' title='bbox 693 4547 757 4604; x_wconf 90' lang='lat' dir='ltr'><strong>Et</strong></span> <span class='ocrx_word' id='word_1_544' title='bbox 783 4549 1292 4620; x_wconf 89' lang='lat' dir='ltr'><strong>quemadmodum</strong></span> <span class='ocrx_word' id='word_1_545' title='bbox 1341 4551 1554 4608; x_wconf 90' lang='lat' dir='ltr'><strong>medici</strong></span> <span class='ocrx_word' id='word_1_546' title='bbox 1584 4553 1648 4622; x_wconf 82' lang='grc' dir='ltr'>(ί)</span> <span class='ocrx_word' id='word_1_547' title='bbox 1698 4553 1856 4609; x_wconf 88' lang='lat' dir='ltr'><strong>circa</strong></span> <span class='ocrx_word' id='word_1_548' title='bbox 1903 4553 2195 4625; x_wconf 89' lang='lat' dir='ltr'><strong>principia</strong></span> 
     </span>
    </p>
   </div>
   <div class='ocr_carea' id='block_1_81' title="bbox 545 4635 2194 4709">
    <p class='ocr_par' dir='ltr' id='par_1_81' title="bbox 545 4635 2194 4709">
     <span class='ocr_line' id='line_1_81' title="bbox 545 4635 2194 4709; baseline 0.005 -18"><span class='ocrx_word' id='word_1_549' title='bbox 545 4635 805 4709; x_wconf 88' lang='lat' dir='ltr'><strong>quidem,</strong></span> <span class='ocrx_word' id='word_1_550' title='bbox 855 4639 1185 4696; x_wconf 81' lang='lat' dir='ltr'><strong>exsilientes</strong></span> <span class='ocrx_word' id='word_1_551' title='bbox 1226 4640 1500 4698; x_wconf 87' lang='lat' dir='ltr'><strong>humores</strong></span> <span class='ocrx_word' id='word_1_552' title='bbox 1562 4642 1724 4699; x_wconf 87' lang='lat' dir='ltr'><strong>intus</strong></span> <span class='ocrx_word' id='word_1_553' title='bbox 1760 4657 2066 4698; x_wconf 88' lang='lat' dir='ltr'><strong>ramanere</strong></span> <span class='ocrx_word' id='word_1_554' title='bbox 2100 4658 2194 4700; x_wconf 89' lang='lat' dir='ltr'><strong>co-</strong></span> 
     </span>
    </p>
   </div>
   <div class='ocr_carea' id='block_1_82' title="bbox 546 4729 2190 4803">
    <p class='ocr_par' dir='ltr' id='par_1_82' title="bbox 546 4729 2190 4803">
     <span class='ocr_line' id='line_1_82' title="bbox 546 4729 2190 4803; baseline 0.002 -20"><span class='ocrx_word' id='word_1_555' title='bbox 546 4731 696 4797; x_wconf 79' lang='lat' dir='ltr'><strong>gunt</strong></span> <span class='ocrx_word' id='word_1_556' title='bbox 727 4744 740 4783; x_wconf 92' lang='lat'><strong>:</strong></span> <span class='ocrx_word' id='word_1_557' title='bbox 772 4744 910 4785; x_wconf 91' lang='lat' dir='ltr'><strong>cum</strong></span> <span class='ocrx_word' id='word_1_558' title='bbox 948 4734 1146 4786; x_wconf 86' lang='lat' dir='ltr'><strong>autem</strong></span> <span class='ocrx_word' id='word_1_559' title='bbox 1175 4729 1254 4786; x_wconf 91' lang='lat' dir='ltr'><strong>illi</strong></span> <span class='ocrx_word' id='word_1_560' title='bbox 1299 4730 1774 4800; x_wconf 87' lang='lat' dir='ltr'><strong>subscaturiunt,</strong></span> <span class='ocrx_word' id='word_1_561' title='bbox 1792 4732 1922 4803; x_wconf 89' lang='lat' dir='ltr'><strong>jam</strong></span> <span class='ocrx_word' id='word_1_562' title='bbox 1947 4731 2190 4787; x_wconf 85' lang='lat' dir='ltr'><strong>vincun-</strong></span> 
     </span>
    </p>
   </div>
   <div class='ocr_carea' id='block_1_83' title="bbox 618 4852 1127 4921">
    <p class='ocr_par' dir='ltr' id='par_1_83' title="bbox 618 4852 1127 4921">
     <span class='ocr_line' id='line_1_83' title="bbox 618 4852 1127 4921; baseline 0.002 -13"><span class='ocrx_word' id='word_1_563' title='bbox 618 4852 666 4886; x_wconf 79' lang='grc'><strong>⁸³</strong></span> <span class='ocrx_word' id='word_1_564' title='bbox 692 4853 887 4908; x_wconf 80' lang='lat' dir='ltr'><strong>Matth.</strong></span> <span class='ocrx_word' id='word_1_565' title='bbox 916 4870 1010 4921; x_wconf 80' lang='lat' dir='ltr'><strong>vn,</strong></span> <span class='ocrx_word' id='word_1_566' title='bbox 1045 4853 1127 4909; x_wconf 79' lang='grc'><strong>18.</strong></span> 
     </span>
    </p>
   </div>
   <div class='ocr_carea' id='block_1_84' title="bbox 2305 3128 3914 3204">
    <p class='ocr_par' dir='ltr' id='par_1_84' title="bbox 2305 3128 3914 3204">
     <span class='ocr_line' id='line_1_84' title="bbox 2305 3128 3914 3204; baseline -0.002 -21"><span class='ocrx_word' id='word_1_567' title='bbox 2305 3131 2480 3199; x_wconf 82' lang='grc' dir='ltr'>καλὸν,</span> <span class='ocrx_word' id='word_1_568' title='bbox 2524 3137 2614 3183; x_wconf 83' lang='grc' dir='ltr'>καὶ</span> <span class='ocrx_word' id='word_1_569' title='bbox 2676 3135 2732 3184; x_wconf 87' lang='grc' dir='ltr'><strong>τό</strong></span> <span class='ocrx_word' id='word_1_570' title='bbox 2787 3134 2933 3204; x_wconf 81' lang='grc' dir='ltr'>ἔργον</span> <span class='ocrx_word' id='word_1_571' title='bbox 2998 3131 3158 3183; x_wconf 78' lang='grc' dir='ltr'>αὐτοῦ</span> <span class='ocrx_word' id='word_1_572' title='bbox 3214 3131 3386 3183; x_wconf 67' lang='grc' dir='ltr'>καλόν</span> <span class='ocrx_word' id='word_1_573' title='bbox 3438 3133 3467 3190; x_wconf 84' lang='grc' dir='ltr'><strong>ἣ</strong></span> <span class='ocrx_word' id='word_1_574' title='bbox 3526 3134 3612 3181; x_wconf 90' lang='grc' dir='ltr'><strong>τόν</strong></span> <span class='ocrx_word' id='word_1_575' title='bbox 3680 3128 3914 3203; x_wconf 77' lang='grc' dir='ltr'>ἐργάτην</span> 
     </span>
    </p>
   </div>
   <div class='ocr_carea' id='block_1_85' title="bbox 2305 3218 3915 3294">
    <p class='ocr_par' dir='ltr' id='par_1_85' title="bbox 2305 3218 3915 3294">
     <span class='ocr_line' id='line_1_85' title="bbox 2305 3218 3915 3294; baseline -0.002 -23"><span class='ocrx_word' id='word_1_576' title='bbox 2305 3220 2464 3272; x_wconf 78' lang='grc' dir='ltr'>αὐτοῦ</span> <span class='ocrx_word' id='word_1_577' title='bbox 2501 3221 2613 3292; x_wconf 86' lang='grc'>(90)</span> <span class='ocrx_word' id='word_1_578' title='bbox 2645 3223 2823 3288; x_wconf 83' lang='grc' dir='ltr'>κακὸν,</span> <span class='ocrx_word' id='word_1_579' title='bbox 2872 3224 2960 3272; x_wconf 87' lang='grc' dir='ltr'><strong>καὶ</strong></span> <span class='ocrx_word' id='word_1_580' title='bbox 2987 3224 3042 3271; x_wconf 90' lang='grc' dir='ltr'><strong>τό</strong></span> <span class='ocrx_word' id='word_1_581' title='bbox 3075 3222 3221 3294; x_wconf 82' lang='grc' dir='ltr'>ἔργον</span> <span class='ocrx_word' id='word_1_582' title='bbox 3252 3220 3408 3271; x_wconf 69' lang='grc' dir='ltr'>αὑτοῦ</span> <span class='ocrx_word' id='word_1_583' title='bbox 3461 3219 3643 3272; x_wconf 84' lang='grc' dir='ltr'>κακόν.</span> <span class='ocrx_word' id='word_1_584' title='bbox 3714 3218 3775 3268; x_wconf 85' lang='grc' dir='ltr'><strong>Εἰ</strong></span> <span class='ocrx_word' id='word_1_585' title='bbox 3806 3220 3915 3290; x_wconf 78' lang='grc' dir='ltr'><strong>γὰρ</strong></span> 
     </span>
    </p>
   </div>
   <div class='ocr_carea' id='block_1_86' title="bbox 2302 3305 3908 3383">
    <p class='ocr_par' dir='ltr' id='par_1_86' title="bbox 2302 3305 3908 3383">
     <span class='ocr_line' id='line_1_86' title="bbox 2302 3305 3908 3383; baseline -0.003 -22"><span class='ocrx_word' id='word_1_586' title='bbox 2302 3315 2358 3363; x_wconf 89' lang='grc' dir='ltr'>τὸ</span> <span class='ocrx_word' id='word_1_587' title='bbox 2406 3313 2550 3383; x_wconf 82' lang='grc' dir='ltr'>ἔργον</span> <span class='ocrx_word' id='word_1_588' title='bbox 2591 3310 2764 3378; x_wconf 79' lang='grc' dir='ltr'>καλὸν,</span> <span class='ocrx_word' id='word_1_589' title='bbox 2829 3308 2931 3383; x_wconf 80' lang='grc' dir='ltr'>ἄρα</span> <span class='ocrx_word' id='word_1_590' title='bbox 2974 3314 3062 3360; x_wconf 82' lang='grc' dir='ltr'>καὶ</span> <span class='ocrx_word' id='word_1_591' title='bbox 3107 3309 3132 3360; x_wconf 83' lang='grc' dir='ltr'><strong><em>ὁ</em></strong></span> <span class='ocrx_word' id='word_1_592' title='bbox 3189 3307 3413 3382; x_wconf 75' lang='grc' dir='ltr'>ἐργάτης</span> <span class='ocrx_word' id='word_1_593' title='bbox 3459 3307 3620 3359; x_wconf 76' lang='grc' dir='ltr'>αὐτοῦ</span> <span class='ocrx_word' id='word_1_594' title='bbox 3685 3305 3846 3366; x_wconf 86' lang='grc' dir='ltr'>καλός</span> <span class='ocrx_word' id='word_1_595' title='bbox 3895 3321 3908 3332; x_wconf 92' lang='grc'><strong>·</strong></span> 
     </span>
    </p>
   </div>
   <div class='ocr_carea' id='block_1_87' title="bbox 2303 3395 3908 3473">
    <p class='ocr_par' dir='ltr' id='par_1_87' title="bbox 2303 3395 3908 3473">
     <span class='ocr_line' id='line_1_87' title="bbox 2303 3395 3908 3473; baseline -0.004 -21"><span class='ocrx_word' id='word_1_596' title='bbox 2303 3399 2357 3452; x_wconf 82' lang='grc' dir='ltr'>ἐκ</span> <span class='ocrx_word' id='word_1_597' title='bbox 2410 3402 2511 3473; x_wconf 83' lang='grc' dir='ltr'><strong>γὰρ</strong></span> <span class='ocrx_word' id='word_1_598' title='bbox 2576 3405 2665 3450; x_wconf 80' lang='grc' dir='ltr'>τοῦ</span> <span class='ocrx_word' id='word_1_599' title='bbox 2725 3398 2875 3470; x_wconf 80' lang='grc' dir='ltr'>ἔργον</span> <span class='ocrx_word' id='word_1_600' title='bbox 2957 3397 2982 3448; x_wconf 89' lang='grc' dir='ltr'><strong>ό</strong></span> <span class='ocrx_word' id='word_1_601' title='bbox 3049 3395 3272 3471; x_wconf 77' lang='grc' dir='ltr'>ἐργάτης</span> <span class='ocrx_word' id='word_1_602' title='bbox 3329 3395 3487 3448; x_wconf 73' lang='grc' dir='ltr'>αὐτοῦ</span> <span class='ocrx_word' id='word_1_603' title='bbox 3551 3401 3908 3464; x_wconf 85' lang='grc' dir='ltr'>γινώσκεται,</span> 
     </span>
    </p>
   </div>
   <div class='ocr_carea' id='block_1_88' title="bbox 2302 3480 3914 3559">
    <p class='ocr_par' dir='ltr' id='par_1_88' title="bbox 2302 3480 3914 3559">
     <span class='ocr_line' id='line_1_88' title="bbox 2302 3480 3914 3559; baseline -0.003 -20"><span class='ocrx_word' id='word_1_604' title='bbox 2302 3487 2364 3539; x_wconf 84' lang='grc' dir='ltr'>Εἰ</span> <span class='ocrx_word' id='word_1_605' title='bbox 2392 3489 2481 3559; x_wconf 67' lang='grc' dir='ltr'>μὲν</span> <span class='ocrx_word' id='word_1_606' title='bbox 2520 3487 2699 3553; x_wconf 86' lang='grc' dir='ltr'>καλοῦ,</span> <span class='ocrx_word' id='word_1_607' title='bbox 2723 3486 2874 3547; x_wconf 87' lang='grc' dir='ltr'>καλός</span> <span class='ocrx_word' id='word_1_608' title='bbox 2902 3503 2913 3515; x_wconf 91' lang='grc'><strong>·</strong></span> <span class='ocrx_word' id='word_1_609' title='bbox 2947 3486 2992 3538; x_wconf 86' lang='grc' dir='ltr'>εἰ</span> <span class='ocrx_word' id='word_1_610' title='bbox 3022 3481 3080 3538; x_wconf 69' lang='grc' dir='ltr'>δὲ</span> <span class='ocrx_word' id='word_1_611' title='bbox 3105 3493 3288 3551; x_wconf 85' lang='grc' dir='ltr'>κακοῦ,</span> <span class='ocrx_word' id='word_1_612' title='bbox 3316 3489 3492 3545; x_wconf 87' lang='grc' dir='ltr'>κακὸς.</span> <span class='ocrx_word' id='word_1_613' title='bbox 3521 3480 3770 3545; x_wconf 84' lang='grc' dir='ltr'>Ἐδίδαξε</span> <span class='ocrx_word' id='word_1_614' title='bbox 3796 3488 3914 3557; x_wconf 79' lang='grc' dir='ltr'><strong>γὰρ</strong></span> 
     </span>
    </p>
   </div>
   <div class='ocr_carea' id='block_1_89' title="bbox 2302 3569 3917 3648">
    <p class='ocr_par' dir='ltr' id='par_1_89' title="bbox 2302 3569 3917 3648">
     <span class='ocr_line' id='line_1_89' title="bbox 2302 3569 3917 3648; baseline -0.003 -20"><span class='ocrx_word' id='word_1_615' title='bbox 2302 3574 2350 3627; x_wconf 77' lang='grc' dir='ltr'>ἓν</span> <span class='ocrx_word' id='word_1_616' title='bbox 2371 3584 2443 3646; x_wconf 84' lang='grc' dir='ltr'>τῷ</span> <span class='ocrx_word' id='word_1_617' title='bbox 2472 3580 2687 3648; x_wconf 84' lang='grc' dir='ltr'>πέμπτῳ</span> <span class='ocrx_word' id='word_1_618' title='bbox 2714 3574 2969 3647; x_wconf 79' lang='grc' dir='ltr'>κεφαλαίῳ</span> <span class='ocrx_word' id='word_1_619' title='bbox 2989 3575 3067 3626; x_wconf 86' lang='grc' dir='ltr'>ὅτι</span> <span class='ocrx_word' id='word_1_620' title='bbox 3094 3573 3151 3626; x_wconf 78' lang='grc' dir='ltr'>οὐ</span> <span class='ocrx_word' id='word_1_621' title='bbox 3194 3570 3414 3626; x_wconf 81' lang='grc' dir='ltr'>δύναται</span> <span class='ocrx_word' id='word_1_622' title='bbox 3445 3569 3659 3645; x_wconf 79' lang='grc' dir='ltr'>δένδρον</span> <span class='ocrx_word' id='word_1_623' title='bbox 3701 3570 3917 3642; x_wconf 77' lang='grc' dir='ltr'>ἀγαθόν</span> 
     </span>
    </p>
   </div>
   <div class='ocr_carea' id='block_1_90' title="bbox 2301 3659 3918 3738">
    <p class='ocr_par' dir='ltr' id='par_1_90' title="bbox 2301 3659 3918 3738">
     <span class='ocr_line' id='line_1_90' title="bbox 2301 3659 3918 3738; baseline -0.001 -23"><span class='ocrx_word' id='word_1_624' title='bbox 2301 3668 2530 3738; x_wconf 82' lang='grc' dir='ltr'>καρποὺς</span> <span class='ocrx_word' id='word_1_625' title='bbox 2559 3667 2811 3737; x_wconf 80' lang='grc' dir='ltr'>πονηροὺς</span> <span class='ocrx_word' id='word_1_626' title='bbox 2832 3670 3017 3732; x_wconf 84' lang='grc' dir='ltr'>ποιεῖν,</span> <span class='ocrx_word' id='word_1_627' title='bbox 3045 3659 3168 3715; x_wconf 74' lang='grc' dir='ltr'>οὐδὲ</span> <span class='ocrx_word' id='word_1_628' title='bbox 3191 3659 3403 3735; x_wconf 80' lang='grc' dir='ltr'>δένδρον</span> <span class='ocrx_word' id='word_1_629' title='bbox 3447 3663 3643 3732; x_wconf 88' lang='grc' dir='ltr'>σαπρόν</span> <span class='ocrx_word' id='word_1_630' title='bbox 3668 3664 3918 3732; x_wconf 79' lang='grc' dir='ltr'>καρποὺς</span> 
     </span>
    </p>
   </div>
   <div class='ocr_carea' id='block_1_91' title="bbox 2301 3753 2705 3813">
    <p class='ocr_par' dir='ltr' id='par_1_91' title="bbox 2301 3753 2705 3813">
     <span class='ocr_line' id='line_1_91' title="bbox 2301 3753 2705 3813; baseline 0.005 -8"><span class='ocrx_word' id='word_1_631' title='bbox 2301 3753 2484 3813; x_wconf 77' lang='grc' dir='ltr'>καλοὺς</span> <span class='ocrx_word' id='word_1_632' title='bbox 2521 3760 2705 3807; x_wconf 82' lang='grc' dir='ltr'>ποιεῖν.</span> 
     </span>
    </p>
   </div>
   <div class='ocr_carea' id='block_1_92' title="bbox 2375 3837 3920 3914">
    <p class='ocr_par' dir='ltr' id='par_1_92' title="bbox 2375 3837 3920 3914">
     <span class='ocr_line' id='line_1_92' title="bbox 2375 3837 3920 3914; baseline -0.003 -18"><span class='ocrx_word' id='word_1_633' title='bbox 2375 3848 2672 3914; x_wconf 80' lang='grc' dir='ltr'>Γεννήματα</span> <span class='ocrx_word' id='word_1_634' title='bbox 2699 3871 2764 3884; x_wconf 83' lang='lat'><strong>——</strong></span> <span class='ocrx_word' id='word_1_635' title='bbox 2793 3844 2930 3903; x_wconf 84' lang='grc' dir='ltr'>ὄντες</span> <span class='ocrx_word' id='word_1_636' title='bbox 2959 3858 2977 3911; x_wconf 65' lang='grc' dir='ltr'><strong>ς,</strong></span> <span class='ocrx_word' id='word_1_637' title='bbox 3001 3839 3110 3891; x_wconf 73' lang='grc' dir='ltr'><strong>Οὐκ</strong></span> <span class='ocrx_word' id='word_1_638' title='bbox 3136 3842 3250 3891; x_wconf 88' lang='grc' dir='ltr'>ἔστι</span> <span class='ocrx_word' id='word_1_639' title='bbox 3278 3840 3598 3911; x_wconf 85' lang='grc' dir='ltr'>θαυμαστόν,</span> <span class='ocrx_word' id='word_1_640' title='bbox 3623 3837 3920 3892; x_wconf 84' lang='grc' dir='ltr'>εἰτοιαῦτα</span> 
     </span>
    </p>
   </div>
   <div class='ocr_carea' id='block_1_93' title="bbox 2307 3924 3918 4003">
    <p class='ocr_par' dir='ltr' id='par_1_93' title="bbox 2307 3924 3918 4003">
     <span class='ocr_line' id='line_1_93' title="bbox 2307 3924 3918 4003; baseline -0.002 -21"><span class='ocrx_word' id='word_1_641' title='bbox 2307 3930 2680 4003; x_wconf 75' lang='grc' dir='ltr'>βλασφημεῖτε.</span> <span class='ocrx_word' id='word_1_642' title='bbox 2709 3934 2932 4001; x_wconf 87' lang='grc' dir='ltr'>Πονηροὶ</span> <span class='ocrx_word' id='word_1_643' title='bbox 2961 3931 3062 4000; x_wconf 80' lang='grc' dir='ltr'>γὰρ</span> <span class='ocrx_word' id='word_1_644' title='bbox 3084 3932 3241 3992; x_wconf 75' lang='grc' dir='ltr'>ὄντες,</span> <span class='ocrx_word' id='word_1_645' title='bbox 3271 3928 3328 3979; x_wconf 76' lang='grc' dir='ltr'>οὐ</span> <span class='ocrx_word' id='word_1_646' title='bbox 3353 3924 3386 3979; x_wconf 86' lang='grc' dir='ltr'><strong>δ</strong></span> <span class='ocrx_word' id='word_1_647' title='bbox 3394 3929 3540 3980; x_wconf 65' lang='lat' dir='ltr'><strong>me:</strong></span> <span class='ocrx_word' id='word_1_648' title='bbox 3573 3925 3784 3996; x_wconf 60' lang='lat' dir='ltr'><strong>aquosa</strong></span> <span class='ocrx_word' id='word_1_649' title='bbox 3805 3925 3918 3979; x_wconf 82' lang='grc' dir='ltr'>λα-</span> 
     </span>
    </p>
   </div>
   <div class='ocr_carea' id='block_1_94' title="bbox 2302 4011 3920 4088">
    <p class='ocr_par' dir='ltr' id='par_1_94' title="bbox 2302 4011 3920 4088">
     <span class='ocr_line' id='line_1_94' title="bbox 2302 4011 3920 4088; baseline -0.002 -18"><span class='ocrx_word' id='word_1_650' title='bbox 2302 4019 2423 4072; x_wconf 84' lang='grc' dir='ltr'>λεῖν.</span> <span class='ocrx_word' id='word_1_651' title='bbox 2463 4017 2590 4070; x_wconf 83' lang='grc' dir='ltr'>Εἶτα</span> <span class='ocrx_word' id='word_1_652' title='bbox 2629 4023 2718 4070; x_wconf 82' lang='grc' dir='ltr'>καὶ</span> <span class='ocrx_word' id='word_1_653' title='bbox 2748 4017 3124 4088; x_wconf 79' lang='grc' dir='ltr'>φυσιολογικῶς</span> <span class='ocrx_word' id='word_1_654' title='bbox 3155 4011 3518 4086; x_wconf 76' lang='grc' dir='ltr'>ἀποδείκνυσι,</span> <span class='ocrx_word' id='word_1_655' title='bbox 3565 4023 3674 4076; x_wconf 86' lang='grc' dir='ltr'>πῶς</span> <span class='ocrx_word' id='word_1_656' title='bbox 3711 4014 3774 4066; x_wconf 77' lang='grc' dir='ltr'>οὐ</span> <span class='ocrx_word' id='word_1_657' title='bbox 3808 4011 3920 4067; x_wconf 83' lang='grc' dir='ltr'><strong>δύ-</strong></span> 
     </span>
    </p>
   </div>
   <div class='ocr_carea' id='block_1_95' title="bbox 2301 4126 2500 4161">
    <p class='ocr_par' dir='ltr' id='par_1_95' title="bbox 2301 4126 2500 4161">
     <span class='ocr_line' id='line_1_95' title="bbox 2301 4126 2500 4161; baseline 0.01 -2"><span class='ocrx_word' id='word_1_658' title='bbox 2301 4126 2500 4161; x_wconf 85' lang='grc' dir='ltr'>νανται.</span> 
     </span>
    </p>
   </div>
   <div class='ocr_carea' id='block_1_96' title="bbox 2372 4280 3910 4356">
    <p class='ocr_par' dir='ltr' id='par_1_96' title="bbox 2372 4280 3910 4356">
     <span class='ocr_line' id='line_1_96' title="bbox 2372 4280 3910 4356; baseline 0.001 -20"><span class='ocrx_word' id='word_1_659' title='bbox 2372 4282 2457 4336; x_wconf 87' lang='grc' dir='ltr'>Ἑκ</span> <span class='ocrx_word' id='word_1_660' title='bbox 2549 4314 2614 4323; x_wconf 95' lang='grc'><strong><em>-</em></strong></span> <span class='ocrx_word' id='word_1_661' title='bbox 2703 4282 2859 4336; x_wconf 85' lang='grc' dir='ltr'>λαλεῖ.</span> <span class='ocrx_word' id='word_1_662' title='bbox 2931 4280 3379 4353; x_wconf 77' lang='grc' dir='ltr'>Ὑπερϐλυζούσης</span> <span class='ocrx_word' id='word_1_663' title='bbox 3444 4282 3541 4354; x_wconf 82' lang='grc' dir='ltr'><strong>γὰρ</strong></span> <span class='ocrx_word' id='word_1_664' title='bbox 3608 4287 3705 4340; x_wconf 78' lang='grc' dir='ltr'>τῆς</span> <span class='ocrx_word' id='word_1_665' title='bbox 3780 4283 3910 4356; x_wconf 78' lang='grc'><strong>(91)</strong></span> 
     </span>
    </p>
   </div>
   <div class='ocr_carea' id='block_1_97' title="bbox 2303 4366 3908 4445">
    <p class='ocr_par' dir='ltr' id='par_1_97' title="bbox 2303 4366 3908 4445">
     <span class='ocr_line' id='line_1_97' title="bbox 2303 4366 3908 4445; baseline -0.001 -21"><span class='ocrx_word' id='word_1_666' title='bbox 2303 4369 2527 4445; x_wconf 84' lang='grc' dir='ltr'>καρδίας</span> <span class='ocrx_word' id='word_1_667' title='bbox 2556 4373 2672 4441; x_wconf 82' lang='grc'><strong>(92)</strong></span> <span class='ocrx_word' id='word_1_668' title='bbox 2717 4371 2764 4424; x_wconf 85' lang='grc' dir='ltr'>ἐν</span> <span class='ocrx_word' id='word_1_669' title='bbox 2791 4380 2850 4442; x_wconf 75' lang='grc' dir='ltr'>τῇ</span> <span class='ocrx_word' id='word_1_670' title='bbox 2908 4366 3126 4442; x_wconf 77' lang='grc' dir='ltr'>καρδίᾳ,</span> <span class='ocrx_word' id='word_1_671' title='bbox 3176 4369 3352 4422; x_wconf 88' lang='grc' dir='ltr'>λοιπόν</span> <span class='ocrx_word' id='word_1_672' title='bbox 3410 4369 3462 4431; x_wconf 85' lang='grc' dir='ltr'><strong>ἐξ</strong></span> <span class='ocrx_word' id='word_1_673' title='bbox 3520 4370 3750 4440; x_wconf 81' lang='grc' dir='ltr'>ἀνάγκης</span> <span class='ocrx_word' id='word_1_674' title='bbox 3801 4369 3908 4422; x_wconf 75' lang='grc' dir='ltr'><strong>ἀπὸ</strong></span> 
     </span>
    </p>
   </div>
   <div class='ocr_carea' id='block_1_98' title="bbox 2304 4456 3906 4534">
    <p class='ocr_par' dir='ltr' id='par_1_98' title="bbox 2304 4456 3906 4534">
     <span class='ocr_line' id='line_1_98' title="bbox 2304 4456 3906 4534; baseline -0.001 -23"><span class='ocrx_word' id='word_1_675' title='bbox 2304 4467 2392 4511; x_wconf 80' lang='grc' dir='ltr'>τοῦ</span> <span class='ocrx_word' id='word_1_676' title='bbox 2429 4463 2812 4534; x_wconf 81' lang='grc' dir='ltr'>περιττεύοντος</span> <span class='ocrx_word' id='word_1_677' title='bbox 2869 4459 3106 4530; x_wconf 74' lang='grc' dir='ltr'>ἐκχεῖται</span> <span class='ocrx_word' id='word_1_678' title='bbox 3159 4462 3342 4525; x_wconf 86' lang='grc' dir='ltr'>κακία,</span> <span class='ocrx_word' id='word_1_679' title='bbox 3411 4460 3527 4517; x_wconf 73' lang='grc' dir='ltr'>ἣτις</span> <span class='ocrx_word' id='word_1_680' title='bbox 3583 4456 3692 4509; x_wconf 76' lang='grc' dir='ltr'>ἐστὶ</span> <span class='ocrx_word' id='word_1_681' title='bbox 3752 4457 3906 4528; x_wconf 84' lang='grc' dir='ltr'>λόγος</span> 
     </span>
    </p>
   </div>
   <div class='ocr_carea' id='block_1_99' title="bbox 2306 4546 3896 4625">
    <p class='ocr_par' dir='ltr' id='par_1_99' title="bbox 2306 4546 3896 4625">
     <span class='ocr_line' id='line_1_99' title="bbox 2306 4546 3896 4625; baseline -0.003 -25"><span class='ocrx_word' id='word_1_682' title='bbox 2306 4554 2540 4625; x_wconf 70' lang='grc' dir='ltr'>πονηρός.</span> <span class='ocrx_word' id='word_1_683' title='bbox 2602 4553 2701 4601; x_wconf 83' lang='grc' dir='ltr'><strong>Καὶ</strong></span> <span class='ocrx_word' id='word_1_684' title='bbox 2753 4549 2984 4620; x_wconf 90' lang='grc' dir='ltr'>καθάπερ</span> <span class='ocrx_word' id='word_1_685' title='bbox 3056 4549 3104 4599; x_wconf 81' lang='grc' dir='ltr'>οἱ</span> <span class='ocrx_word' id='word_1_686' title='bbox 3161 4546 3416 4619; x_wconf 79' lang='grc' dir='ltr'>ἐμούντες,</span> <span class='ocrx_word' id='word_1_687' title='bbox 3472 4548 3614 4619; x_wconf 83' lang='grc' dir='ltr'>παρὰ</span> <span class='ocrx_word' id='word_1_688' title='bbox 3666 4548 3754 4617; x_wconf 71' lang='grc' dir='ltr'><strong>μεν</strong></span> <span class='ocrx_word' id='word_1_689' title='bbox 3802 4552 3896 4603; x_wconf 80' lang='grc' dir='ltr'>τὴν</span> 
     </span>
    </p>
   </div>
   <div class='ocr_carea' id='block_1_100' title="bbox 2305 4631 3888 4712">
    <p class='ocr_par' dir='ltr' id='par_1_100' title="bbox 2305 4631 3888 4712">
     <span class='ocr_line' id='line_1_100' title="bbox 2305 4631 3888 4712; baseline -0.005 -20"><span class='ocrx_word' id='word_1_690' title='bbox 2305 4639 2479 4712; x_wconf 83' lang='grc' dir='ltr'>ἀρχὴν</span> <span class='ocrx_word' id='word_1_691' title='bbox 2537 4637 2811 4699; x_wconf 81' lang='grc' dir='ltr'>ϐιάζονται</span> <span class='ocrx_word' id='word_1_692' title='bbox 2875 4632 3020 4688; x_wconf 82' lang='grc' dir='ltr'>ἔνδον</span> <span class='ocrx_word' id='word_1_693' title='bbox 3073 4640 3314 4707; x_wconf 82' lang='grc' dir='ltr'>κατέχειν</span> <span class='ocrx_word' id='word_1_694' title='bbox 3367 4631 3701 4694; x_wconf 74' lang='grc' dir='ltr'>ἐκπηδῶντας</span> <span class='ocrx_word' id='word_1_695' title='bbox 3767 4637 3888 4695; x_wconf 83' lang='grc' dir='ltr'>τοὺς</span> 
     </span>
    </p>
   </div>
   <div class='ocr_carea' id='block_1_101' title="bbox 2303 4720 3900 4801">
    <p class='ocr_par' dir='ltr' id='par_1_101' title="bbox 2303 4720 3900 4801">
     <span class='ocr_line' id='line_1_101' title="bbox 2303 4720 3900 4801; baseline -0.004 -20"><span class='ocrx_word' id='word_1_696' title='bbox 2303 4731 2532 4801; x_wconf 82' lang='grc' dir='ltr'>χυμοὺς,</span> <span class='ocrx_word' id='word_1_697' title='bbox 2591 4724 3008 4799; x_wconf 78' lang='grc' dir='ltr'>ὑπερϐλυζόντων</span> <span class='ocrx_word' id='word_1_698' title='bbox 3076 4720 3153 4791; x_wconf 70' lang='grc' dir='ltr'>δὲ,</span> <span class='ocrx_word' id='word_1_699' title='bbox 3207 4731 3448 4776; x_wconf 81' lang='grc' dir='ltr'>νικῶνται</span> <span class='ocrx_word' id='word_1_700' title='bbox 3496 4727 3584 4774; x_wconf 90' lang='grc' dir='ltr'>καὶ</span> <span class='ocrx_word' id='word_1_701' title='bbox 3636 4727 3900 4795; x_wconf 81' lang='grc' dir='ltr'>προίενται</span> 
     </span>
    </p>
   </div>
   <div class='ocr_carea' id='block_1_102' title="bbox 1749 4952 2697 5022">
    <p class='ocr_par' dir='ltr' id='par_1_102' title="bbox 1749 4952 2697 5022">
     <span class='ocr_line' id='line_1_102' title="bbox 1749 4952 2697 5022; baseline -0.008 -2"><span class='ocrx_word' id='word_1_702' title='bbox 1749 4952 1964 5020; x_wconf 82' lang='lat' dir='ltr'><strong>Variae</strong></span> <span class='ocrx_word' id='word_1_703' title='bbox 2004 4952 2335 5022; x_wconf 88' lang='lat' dir='ltr'><strong>lectiones</strong></span> <span class='ocrx_word' id='word_1_704' title='bbox 2392 4957 2460 5018; x_wconf 89' lang='lat' dir='ltr'><strong>et</strong></span> <span class='ocrx_word' id='word_1_705' title='bbox 2497 4957 2697 5016; x_wconf 85' lang='lat' dir='ltr'><strong>notae.</strong></span> 
     </span>
    </p>
   </div>
   <div class='ocr_carea' id='block_1_103' title="bbox 618 5145 1180 5217">
    <p class='ocr_par' dir='ltr' id='par_1_103' title="bbox 618 5145 1180 5217">
     <span class='ocr_line' id='line_1_103' title="bbox 618 5145 1180 5217; baseline 0.002 -16"><span class='ocrx_word' id='word_1_706' title='bbox 618 5147 730 5217; x_wconf 82' lang='lat'><strong>{86)</strong></span> <span class='ocrx_word' id='word_1_707' title='bbox 757 5150 846 5197; x_wconf 88' lang='grc' dir='ltr'><strong>καί</strong></span> <span class='ocrx_word' id='word_1_708' title='bbox 871 5145 1086 5202; x_wconf 87' lang='lat' dir='ltr'><strong>omittit</strong></span> <span class='ocrx_word' id='word_1_709' title='bbox 1115 5150 1180 5202; x_wconf 85' lang='lat' dir='ltr'><strong>A.</strong></span> 
     </span>
    </p>
   </div>
   <div class='ocr_carea' id='block_1_104' title="bbox 621 5217 1208 5290">
    <p class='ocr_par' dir='ltr' id='par_1_104' title="bbox 621 5217 1208 5290">
     <span class='ocr_line' id='line_1_104' title="bbox 621 5217 1208 5290; baseline 0.002 -19"><span class='ocrx_word' id='word_1_710' title='bbox 760 5222 866 5290; x_wconf 74' lang='grc' dir='ltr'>καί,</span> <span class='ocrx_word' id='word_1_711' title='bbox 893 5217 1108 5272; x_wconf 88' lang='lat' dir='ltr'><strong>omittit</strong></span> <span class='ocrx_word' id='word_1_712' title='bbox 1143 5221 1208 5272; x_wconf 81' lang='grc' dir='ltr'><strong>Α.</strong></span> 
     </span>
    </p>
   </div>
   <div class='ocr_carea' id='block_1_105' title="bbox 645 5287 1029 5354">
    <p class='ocr_par' dir='ltr' id='par_1_105' title="bbox 645 5287 1029 5354">
     <span class='ocr_line' id='line_1_105' title="bbox 645 5287 1029 5354; baseline 0.003 -13"><span class='ocrx_word' id='word_1_713' title='bbox 645 5288 737 5354; x_wconf 88' lang='grc'><strong>88)</strong></span> <span class='ocrx_word' id='word_1_714' title='bbox 770 5287 938 5349; x_wconf 85' lang='grc' dir='ltr'>καλως</span> <span class='ocrx_word' id='word_1_715' title='bbox 968 5290 1029 5342; x_wconf 88' lang='grc' dir='ltr'><strong>Β.</strong></span> 
     </span>
    </p>
   </div>
   <div class='ocr_carea' id='block_1_106' title="bbox 645 5357 2194 5426">
    <p class='ocr_par' dir='ltr' id='par_1_106' title="bbox 645 5357 2194 5426">
     <span class='ocr_line' id='line_1_106' title="bbox 645 5357 2194 5426; baseline 0.003 -14"><span class='ocrx_word' id='word_1_716' title='bbox 645 5359 734 5426; x_wconf 89' lang='grc'>89)</span> <span class='ocrx_word' id='word_1_717' title='bbox 761 5361 884 5412; x_wconf 82' lang='lat' dir='ltr'><strong>Non</strong></span> <span class='ocrx_word' id='word_1_718' title='bbox 917 5357 1165 5414; x_wconf 90' lang='lat' dir='ltr'><strong>sollicito</strong></span> <span class='ocrx_word' id='word_1_719' title='bbox 1199 5358 1312 5414; x_wconf 92' lang='lat' dir='ltr'><strong>hoc</strong></span> <span class='ocrx_word' id='word_1_720' title='bbox 1362 5359 1740 5418; x_wconf 89' lang='lat' dir='ltr'><strong>vocabulum.</strong></span> <span class='ocrx_word' id='word_1_721' title='bbox 1788 5360 1938 5417; x_wconf 85' lang='lat' dir='ltr'><strong>Alibi</strong></span> <span class='ocrx_word' id='word_1_722' title='bbox 1971 5365 2194 5417; x_wconf 89' lang='lat' dir='ltr'><strong>tamen.</strong></span> 
     </span>
    </p>
   </div>
   <div class='ocr_carea' id='block_1_107' title="bbox 645 5429 1296 5500">
    <p class='ocr_par' dir='ltr' id='par_1_107' title="bbox 645 5429 1296 5500">
     <span class='ocr_line' id='line_1_107' title="bbox 645 5429 1296 5500; baseline 0.002 -18"><span class='ocrx_word' id='word_1_723' title='bbox 645 5429 686 5500; x_wconf 85' lang='grc' dir='ltr'><strong>ί)</strong></span> <span class='ocrx_word' id='word_1_724' title='bbox 717 5429 932 5488; x_wconf 71' lang='lat' dir='ltr'><strong>Medici</strong></span> <span class='ocrx_word' id='word_1_725' title='bbox 961 5432 1296 5486; x_wconf 89' lang='lat' dir='ltr'><strong>Vomentes.</strong></span> 
     </span>
    </p>
   </div>
   <div class='ocr_carea' id='block_1_108' title="bbox 618 5551 1327 5624">
    <p class='ocr_par' dir='ltr' id='par_1_108' title="bbox 618 5551 1327 5624">
     <span class='ocr_line' id='line_1_108' title="bbox 618 5551 1327 5624; baseline 0.004 -17"><span class='ocrx_word' id='word_1_726' title='bbox 618 5552 682 5624; x_wconf 83' lang='grc' dir='ltr'>(ί)</span> <span class='ocrx_word' id='word_1_727' title='bbox 719 5551 948 5610; x_wconf 78' lang='lat' dir='ltr'><strong>Medici.</strong></span> <span class='ocrx_word' id='word_1_728' title='bbox 990 5552 1327 5612; x_wconf 86' lang='lat' dir='ltr'><strong>Vomentes.</strong></span> 
     </span>
    </p>
   </div>
   <div class='ocr_carea' id='block_1_109' title="bbox 2309 5141 3095 5214">
    <p class='ocr_par' dir='ltr' id='par_1_109' title="bbox 2309 5141 3095 5214">
     <span class='ocr_line' id='line_1_109' title="bbox 2309 5141 3095 5214; baseline -0.011 -11"><span class='ocrx_word' id='word_1_729' title='bbox 2309 5144 2524 5202; x_wconf 88' lang='lat' dir='ltr'><strong>dicitur</strong></span> <span class='ocrx_word' id='word_1_730' title='bbox 2553 5141 2735 5214; x_wconf 82' lang='lat' dir='ltr'><strong>etiam</strong></span> <span class='ocrx_word' id='word_1_731' title='bbox 2773 5141 3095 5214; x_wconf 72' lang='grc' dir='ltr'>ὑπεμφαίνει.</span> 
     </span>
    </p>
   </div>
   <div class='ocr_carea' id='block_1_110' title="bbox 2379 5213 3010 5286">
    <p class='ocr_par' dir='ltr' id='par_1_110' title="bbox 2379 5213 3010 5286">
     <span class='ocr_line' id='line_1_110' title="bbox 2379 5213 3010 5286; baseline -0.011 -15"><span class='ocrx_word' id='word_1_732' title='bbox 2379 5215 2490 5286; x_wconf 87' lang='grc'>(90)</span> <span class='ocrx_word' id='word_1_733' title='bbox 2523 5213 2677 5266; x_wconf 71' lang='grc' dir='ltr'>αὐτοῦ</span> <span class='ocrx_word' id='word_1_734' title='bbox 2703 5213 2917 5286; x_wconf 77' lang='lat' dir='ltr'><strong>omittit</strong></span> 
     </span>
    </p>
   </div>
   <div class='ocr_carea' id='block_1_111' title="bbox 2379 5281 3473 5358">
    <p class='ocr_par' dir='ltr' id='par_1_111' title="bbox 2379 5281 3473 5358">
     <span class='ocr_line' id='line_1_111' title="bbox 2379 5281 3473 5358; baseline -0.006 -16"><span class='ocrx_word' id='word_1_735' title='bbox 2379 5281 2493 5358; x_wconf 80' lang='grc'>(91)</span> <span class='ocrx_word' id='word_1_736' title='bbox 2517 5289 2698 5344; x_wconf 82' lang='grc' dir='ltr'>κακίας</span> <span class='ocrx_word' id='word_1_737' title='bbox 2728 5283 2873 5352; x_wconf 73' lang='lat' dir='ltr'><strong>legis</strong></span> <span class='ocrx_word' id='word_1_738' title='bbox 2913 5281 3252 5358; x_wconf 81' lang='lat' dir='ltr'><strong>Hentenius.</strong></span> <span class='ocrx_word' id='word_1_739' title='bbox 3282 5283 3473 5358; x_wconf 73' lang='lat' dir='ltr'><strong>Recte.</strong></span> 
     </span>
    </p>
   </div>
   <div class='ocr_carea' id='block_1_112' title="bbox 2379 5288 3579 5431">
    <p class='ocr_par' dir='ltr' id='par_1_112' title="bbox 2379 5288 3579 5431">
     <span class='ocr_line' id='line_1_112' title="bbox 2379 5288 3473 5358; baseline -0.006 -16"><span class='ocrx_word' id='word_1_740' title='bbox 2379 5288 2466 5358; x_wconf 82' lang='grc'>(91</span> <span class='ocrx_word' id='word_1_741' title='bbox 2517 5289 2698 5344; x_wconf 82' lang='grc' dir='ltr'>κακίας</span> <span class='ocrx_word' id='word_1_742' title='bbox 2729 5288 2873 5352; x_wconf 73' lang='lat' dir='ltr'><strong>legis</strong></span> <span class='ocrx_word' id='word_1_743' title='bbox 2913 5288 3252 5338; x_wconf 87' lang='lat' dir='ltr'><strong>t-lentenius.</strong></span> <span class='ocrx_word' id='word_1_744' title='bbox 3282 5288 3473 5336; x_wconf 84' lang='lat' dir='ltr'><strong>Recte.</strong></span> 
     </span>
     <span class='ocr_line' id='line_1_113' title="bbox 2379 5288 3579 5431; baseline -0.009 -19"><span class='ocrx_word' id='word_1_745' title='bbox 2379 5288 2493 5431; x_wconf 72' lang='grc'><strong>(92)</strong></span> <span class='ocrx_word' id='word_1_746' title='bbox 2521 5362 2574 5409; x_wconf 83' lang='grc' dir='ltr'>ἐκ</span> <span class='ocrx_word' id='word_1_747' title='bbox 2601 5363 2695 5417; x_wconf 81' lang='grc' dir='ltr'>τῆς</span> <span class='ocrx_word' id='word_1_748' title='bbox 2720 5359 2907 5415; x_wconf 83' lang='grc' dir='ltr'>κακίας</span> <span class='ocrx_word' id='word_1_749' title='bbox 2945 5369 3053 5426; x_wconf 85' lang='lat' dir='ltr'><strong>pro</strong></span> <span class='ocrx_word' id='word_1_750' title='bbox 3089 5351 3137 5404; x_wconf 85' lang='grc' dir='ltr'>ἐν</span> <span class='ocrx_word' id='word_1_751' title='bbox 3165 5361 3226 5426; x_wconf 79' lang='grc' dir='ltr'>τῇ</span> <span class='ocrx_word' id='word_1_752' title='bbox 3259 5348 3474 5427; x_wconf 84' lang='grc' dir='ltr'>καρδίᾳ.</span> <span class='ocrx_word' id='word_1_753' title='bbox 3510 5352 3579 5406; x_wconf 82' lang='grc' dir='ltr'><strong>Λ.</strong></span> 
     </span>
    </p>
   </div>
  </div>
