4206 6310
255 322 373 390 385

1228 328 1589 390 COMMENT.
1632 332 1701 387 IN
1741 322 2167 387 MATTH/EUM.
2205 360 2272 368 —
2302 327 2456 383 CAP.
2500 312 2703 383 xxni.

3520 318 3627 379 386

263 464 389 520 τούς
435 460 858 533 περιττεύοντας·
928 459 1061 511 οὕτω
1126 455 1193 517 δὴ
1253 464 1343 512 καὶ
1415 460 1463 510 οἱ
1532 460 1596 509 τὰ
1666 459 1909 530 πονηρὰι

2024 471 2094 525 1r,
2138 456 2194 510 et
2234 454 2316 508 sic
2346 452 2432 510 illi
2463 452 2835 507 abundantes
2876 449 3223 523 prosiliunt;-
3253 456 3334 508 ita
3382 469 3523 509 sane
3572 453 3634 511 et

273 547 606 621 βουλεύματα
657 552 939 622 τρέφοντες,
1006 551 1303 618 Γεννήματα
1358 542 1416 599 δι
1484 542 1708 618 ἐχιδνῶν
1779 546 1866 597 αύ-

272 641 398 699 τούς
448 641 882 708 προσηγόρευσεν,
937 639 1000 696 ὡς
1052 642 1139 687 καὶ
1189 637 1215 687 6
1268 639 1567 696 Βαπτιστης
1633 634 1870 694 ’Ῑωάννης

274 724 327 776 ἐν
374 734 445 794 τῷ
500 730 661 798 τρίτῳ
710 724 987 795 κεφαλαίῳ.
1034 728 1133 777 Καὶ
1177 724 1407 785 ζήτησον
1465 727 1557 781 τὴν
1606 721 1653 774 ἓν
1701 720 1871 793 ἐκείνῳ

273 812 551 883 ἐξήγησιν.

345 901 405 953 Ὀ
462 900 659 972 ἀγαθὸς
712 932 779 943 σ-
836 901 1055 974 πονηρά.
1117 898 1365 954 Διδάσκει
1417 908 1524 966 νῦν,
1588 902 1667 953 ὃτι
1715 902 1772 952 τό
1821 902 1875 951 ἐκ

268 998 368 1041 τοῦ
432 991 844 1062 περισσεύματος
900 997 990 1049 τῆς
1059 986 1281 1063 καρδίας
1331 992 1391 1042 τὸ
1458 992 1625 1061 στόμα
1688 988 1872 1051 λαλεῖν,

268 1078 373 1129 οὐκ
432 1077 516 1129 ἐπὶ
582 1086 682 1129 τῶν
754 1086 988 1150 πονηρῶν
1062 1076 1343 1149 ἀνθρώπων
1425 1082 1621 1147 γίνεται
1705 1082 1877 1148 μόνον,

273 1164 410 1218 ἄλλά
447 1169 539 1217 καὶ
580 1163 663 1216 ἐπὶ
709 1173 808 1216 τῶν
853 1164 1078 1235 ἀγαθῶν.
1129 1171 1229 1218 Καὶ
1278 1168 1541 1241 θησαυρὸν
1579 1169 1668 1237 μὲν
1716 1165 1878 1234 καλεῖ,

278 1259 382 1311 τὴν
417 1253 605 1324 βλύσιν
654 1258 743 1305 καὶ
793 1258 965 1323 πηγὴν
1016 1261 1133 1315 τῆς·
1164 1252 1483 1325 ἀγαθότητος
1523 1259 1610 1305 καὶ
1657 1264 1748 1315 τῆς
1792 1273 1881 1305 πο-

281 1347 488 1413 νηρίας.
533 1341 733 1411 Ἀγαθὰ
773 1338 833 1394 δὲ
880 1345 969 1393 καὶ
1008 1346 1228 1415 πονηρὰ,
1278 1346 1394 1402 τοὺς
1442 1340 1664 1414 ἀγαθοὺς
1700 1343 1883 1413 λόγους

285 1435 379 1480 καὶ
408 1432 682 1502 πονηρούς.

365 1522 511 1588 Λέγω
561 1514 621 1569 δὲ
662 1549 730 1557 -
768 1522 1004 1591 κρίσεως.
1049 1518 1237 1590 Ἀργὸν
1277 1522 1366 1590 μὲν
1419 1518 1572 1590 λέγει,
1620 1524 1677 1571 τὸ
1732 1539 1885 1571 συκο-

289 1608 532 1677 φαντικὸν
581 1610 671 1657 καὶ
714 1607 953 1677 μάταιον,
1006 1607 1034 1664 ἣ
1083 1610 1141 1658 τὸ
1189 1611 1425 1681 περιττὸν
1480 1612 1568 1658 καὶ
1614 1606 1882 1680 βλαϐερόν.

294 1697 464 1764 Λόγον
518 1690 595 1759 δε,
655 1698 748 1751 τὴν
797 1693 1009 1752 εῦθύνην
1062 1701 1150 1747 καὶ
1203 1694 1502 1766 ἀπολογίαν.
1574 1697 1649 1748 Ού
1703 1700 1888 1770 μικρὸν

1977 544 2071 614 qui
2112 559 2300 614 prava
2332 542 2597 597 nutriunt
2644 540 2908 595 consilia.
2934 541 3101 611 Ipsos
3128 557 3266 595 vero
3315 543 3630 613 progenies

1975 633 2301 703 viperarum
2336 628 2663 700 appellavit,
2699 630 2848 684 sicut
2886 630 3064 685 etiam
3094 630 3354 685 Joannes
3383 634 3633 703 Baptista

1977 719 2146 775 tertio
2176 719 2366 789 capite
2393 719 2460 771 ⁸³.
2510 717 2593 772 Ibi
2645 732 2785 788 ergo
2834 720 2890 772 et
2936 715 3115 788 hujus
3163 734 3358 790 quaere
3408 721 3634 793 exposi-

1979 806 2217 862 tionem.

2050 893 2212 948 Vers.
2249 893 2337 949 35.
2392 894 2590 949 Bonus
2622 923 2689 932 —
2718 892 2897 948 mala.
2957 895 3137 949 Docet
3175 910 3334 951 nunc
3364 896 3424 952 id
3477 900 3633 971 quod

1981 982 2208 1039 dictum
2234 987 2341 1050 est,
2375 988 2512 1054 puta
2551 998 2619 1037 os
2664 997 2734 1036 ex
2798 980 3167 1039 abundantia
3222 986 3414 1039 cordis
3453 986 3634 1059 loqui,

1982 1085 2104 1126 non
2185 1071 2243 1125 in
2296 1070 2468 1125 malis
2546 1076 2778 1124 tantum
2826 1070 2951 1124 ﬁeri
3010 1071 3375 1137 hominibus,
3429 1090 3635 1129 verum

1986 1159 2250 1214 etiamin
2280 1158 2480 1216 bonis.
2544 1161 2607 1213 Et
2654 1158 2998 1213 thesaurum
3042 1159 3287 1230 quidem
3346 1167 3517 1217 vocat
3542 1178 3643 1218 sca

1986 1248 2305 1316 turiginem
2335 1247 2679 1319 fontemque
2717 1246 2990 1302 bonitatis
3023 1263 3092 1302 ac
3121 1248 3429 1318 pravitatis
3454 1248 3645 1307 :bona

1990 1340 2185 1391 autem
2216 1340 2272 1391 et
2303 1334 2485 1399 mala,
2511 1336 2703 1390 bonos
2729 1334 3041 1407 malosque
3070 1351 3391 1392 sermones.

2064 1423 2227 1478 Vers.
2262 1424 2349 1479 36.
2376 1422 2483 1479 Sed
2514 1423 2641 1478 dico
2672 1453 2738 1464 —
2766 1424 3007 1493 judicii.
3061 1426 3332 1482 Otiosum
3379 1426 3523 1483 dicit
3553 1445 3647 1485 ca-

1992 1511 2442 1567 lumniatorium
2475 1517 2531 1567 et
2568 1528 2816 1577 vanum,
2868 1512 2959 1567 vel
2996 1514 3370 1584 superﬂuum
3423 1531 3493 1571 ac
3542 1534 3646 1573 no-

1995 1600 2193 1655 civum
2222 1599 2554 1665 ;rationem
2594 1615 2754 1665 vero,
2788 1616 3038 1656 examen
3070 1606 3125 1656 et
3170 1605 3646 1675 responsionem.

1997 1690 2124 1743 Non
2173 1692 2261 1743 est
2318 1693 2517 1742 autem
2562 1688 2801 1743 modica
2857 1691 3238 1745 correctionis
3297 1708 3461 1762 pars,
3528 1709 3649 1748 non

297 1778 360 1833 δε
417 1785 566 1853 μέρος
620 1778 967 1854 διορθώσεως,
1039 1786 1095 1835 τὸ
1150 1788 1221 1854 μὴ
1294 1788 1445 1855 μόνον
1522 1782 1890 1855 ἀπολογεῖσθαι

2024 1776 2192 1830 .olum
2218 1776 2576 1846 respondere
2602 1776 3046 1846 etredarguere,
3072 1778 3177 1833 sed
3197 1786 3253 1835 et
3273 1782 3648 1846 comminari,

296 1874 389 1921 καὶ
460 1868 705 1940 ἕλέγχειν,
767 1868 893 1921 ἀλλά
965 1875 1054 1922 καὶ
1123 1871 1364 1937 ἀπειλεῖν,
1418 1871 1443 1923 ὃ
1503 1869 1570 1931 δὴ
1625 1873 1892 1945 πολλαχοῦ

298 1964 455 2010 ποιεῖ.

370 2046 459 2097 Ἐκ
514 2076 581 2084 -
632 2042 1098 2119 καταδικασθήσῃ.
1176 2048 1262 2101 Ἐκ
1334 2052 1425 2120 μὶν
1495 2058 1593 2101 τῶν
1665 2049 1894 2122 ἀγαθῶν,

300 2130 635 2207 δικαιωθήσῃ
665 2157 676 2167 ·
704 2135 760 2186 ἐκ
793 2132 852 2188 δὲ
878 2144 975 2187 τῶν
1005 2155 1260 2211 πονηρων,
1303 2134 1765 2211 καταδικασθήσῃ.

496 2316 641 2364 ΚΕΦ.
686 2313 811 2368 Kl".
850 2318 975 2385 Περὶ
1005 2322 1103 2364 τῶν
1134 2312 1411 2365 αἰτούντων
1445 2323 1674 2387 σημεῖον.

368 2402 499 2455 Τότε
546 2430 613 2441 -
649 2397 798 2455 ἰδεῖν.
854 2401 975 2454 Ὀτε
1009 2404 1277 2473 θαυμάσαι
1327 2408 1415 2454 καὶ
1450 2404 1713 2475 ύποκύψαι
1774 2400 1899 2469 ἔδει,

294 2492 415 2540 τότε
466 2487 619 2539 πάλιν
676 2487 1110 2561 ἀναισχυντοῦσι,
1158 2497 1245 2543 καὶ
1296 2492 1348 2543 ὃν
1402 2496 1500 2565 πρὸ
1545 2500 1733 2565 μικροῦ
1785 2494 1904 2564 θρα-

309 2581 441 2637 σέως
492 2575 704 2628 ἐκάλουν
759 2574 1103 2649 δαιμονῶντα,
1163 2588 1249 2630 νῦν
1309 2580 1685 2643 κολακευτικῶς
1752 2577 1906 2632 διδά-

312 2665 500 2717 σκαλον
567 2664 903 2738 ὀνομάζουσι,
980 2672 1069 2719 καὶ
1138 2671 1270 2740 μετά
1341 2676 1576 2721 τοσαῦτα
1646 2671 1905 2740 θαύματα,

312 2761 527 2825 σημεῖον
575 2750 703 2819 ἰδεῖν
758 2755 1015 2822 αἰτοῦσιν,
1084 2756 1189 2827 οὐχ
1242 2757 1323 2808 ἵνα
1371 2760 1748 2826 πιστεύσωσιν,
1807 2755 1909 2808 ἀλλ’

305 2847 393 2894 ἵνα
427 2840 772 2894 ἐπιλάϐωνται
825 2843 1004 2899 αὐτοῦ.
1052 2849 1137 2902 Μὴ
1190 2841 1463 2917 δυνάμενοι
1508 2848 1609 2920 γὰρ
1659 2844 1910 2897 ἀντειπεῖν

305 2932 478 3001 αύτῷ,
508 2928 710 3004 ῥᾳδίως
750 2932 934 2991 αύτούς
973 2931 1257 3004 ἐλέγχοντι,
1304 2936 1431 3006 πρὸς
1481 2938 1543 2986 τά
1590 2937 1716 3008 ἔργα
1760 2953 1913 3005 μετα-

314 3019 603 3072 ϐαίνουσιν.
663 3018 723 3071 Ὀ
782 3016 841 3072 δι
902 3025 1109 3081 Λουκᾶς
1158 3027 1334 3093 φησὶν,
1396 3024 1474 3075 ὅτι
1516 3024 1674 3096 ἕτεροι
1730 3024 1914 3097 πειρά-

320 3111 493 3171 ζοντες
568 3115 783 3179 σημεῖον
862 3110 984 3183 παρ’
1063 3110 1222 3162 αὐτοῦ
1294 3110 1504 3171 ἐζήτουν
1566 3111 1619 3174 ἐξ
1676 3112 1914 3186 ούρανοῦ.
1950 3152 1991 3209 C

314 3192 695 3269 Ὑπελάμϐανον
778 3200 896 3269 γὰρ,
959 3200 1039 3250 ὅτι
1102 3202 1169 3250 τὰ
1242 3203 1330 3271 μὶν
1404 3199 1488 3252 ἐπὶ
1562 3208 1663 3272 γῆς
1729 3209 1921 3271 σημεῖα

320 3287 580 3357 γοητεύων
630 3283 887 3337 ἐπιτελεῖ·
948 3285 1001 3349 ἐξ
1060 3287 1277 3362 ούρανοῦ
1336 3285 1394 3340 δί
1447 3289 1541 3341 οῦκ
1597 3290 1656 3341 ἆν
1707 3287 1919 3342 δύναιτο

325 3382 547 3431 ποιῆσαι
587 3381 820 3445 σημεῖον,
862 3379 933 3446 μὴ
972 3376 1038 3426 ὢν
1070 3374 1170 3428 ἀπὸ
1209 3385 1300 3428 τοῦ
1346 3381 1491 3432 Θεοῦ.
1543 3383 1641 3431 Καὶ
1688 3380 1786 3450 γὰρ
1833 3383 1921 3430 καὶ

328 3461 563 3533 ἀλλαχοῦ
628 3462 816 3533 ἔλεγον.
875 3463 1036 3524 Οὗτος
1087 3466 1111 3515 ό
1160 3466 1423 3537 ἅνθρωπος
1477 3467 1569 3517 οῦκ
1625 3469 1764 3519 ἔστιν
1820 3466 1920 3520 ἀπὸ

329 3560 420 3604 τοῦ
458 3559 610 3604 Θεοῦ.

397 3640 457 3692 Ὀ
488 3636 547 3691 δι
581 3669 648 3679 -
674 3638 925 3700 ἔπιζητεῖ.
960 3639 1120 3694 Ὀταν
1168 3645 1256 3714 μὲν
1289 3642 1500 3718 ὕϐριζον
1537 3645 1712 3709 αὐτόν,
1765 3642 1924 3697 διελέ-

328 3748 450 3801 γετο
496 3728 608 3799 (93)
654 3731 1038 3803 μακροθύμως’
1087 3732 1206 3782 ὅταν
1247 3728 1305 3784 δὲ
1355 3732 1673 3800 ἐκολάκευον,
1718 3732 1923 3805 ἀπεκρί-

332 3836 446 3869 νετο
502 3822 755 3888 τραχέως,
799 3820 866 3880 ὡς
905 3824 1036 3891 μήτε
1094 3821 1241 3892 θυμῷ
1290 3826 1581 3893 νικώμενος,
1643 3827 1772 3880 μήτε
1810 3822 1921 3892 (94)

335 3905 577 3975 κολακείᾳ
633 3905 1055 3977 μαλακιζόμενος.
1116 3912 1360 3983 Διασύρει
1413 3904 1471 3962 δε
1530 3913 1763 3978 τούτους,
1824 3909 1923 3962 ἀπὸ

338 4002 435 4053 τῆς
488 4001 583 4044 τῶν
637 3998 899 4068 προγόνων
959 3996 1123 4047 αὐτῶν
1180 4002 1383 4064 κακίας,
1440 4001 1506 4060 ὡς
1556 4000 1678 4061 ἄξια
1727 3998 1925 4051 ἐκείνων

340 4087 651 4153 γεννήματα.
724 4087 825 4135 Καὶ
898 4087 1124 4157 πονηρὰν
1189 4089 1277 4157 μεν
1347 4091 1439 4144 τὴν
1504 4090 1676 4158 γενεὰν
1734 4091 1926 4139 τούτων

341 4172 622 4243 ὠνόμασεν,
682 4174 751 4233 ὡς
810 4172 1029 4224 ἔκπαλαι
1103 4175 1324 4225 ἄπιστον
1396 4181 1484 4227 καὶ
1552 4177 1922 4249 πειράζουσαν.

343 4265 478 4317 (mal.
528 4261 628 4332 γὰρ
678 4261 704 4310 6
757 4257 923 4313 Δαυίδ
969 4282 980 4294 ο
1048 4268 1147 4315 Καὶ
1204 4263 1297 4314 ούκ
1355 4262 1664 4316 ἐπίστευσαν
1722 4264 1769 4316 ἐν
1825 4273 1929 4326 τοῖς

344 4352 651 4420 θαυμασίοις
708 4349 886 4403 αὐτοῦ.
942 4355 1040 4402 Καὶ
1100 4350 1292 4402 πάλιν·
1349 4356 1449 4404 Καὶ
1511 4351 1785 4425 ἐπείρασαν
1839 4358 1929 4406 καὶ

338 4443 725 4512 παρεπίκραναν
790 4442 875 4489 τὸν
956 4442 1081 4492 Θεὸν
1150 4443 1236 4491 τόν
1309 4439 1551 4511 ὕψιστον.
1622 4440 1933 4515 Μοιχαλίδα

337 4524 416 4595 δε,
475 4522 571 4577 διὰ
614 4530 707 4583 τὴν
755 4534 854 4577 τῶν
905 4532 1165 4598 προγόνων
1208 4528 1375 4580 αὐτῶν
1420 4529 1476 4581 ἐκ
1516 4535 1648 4582 Θεοῦ
1701 4529 1931 4585 ἀποστα-

340 4620 480 4680 σίαν,
547 4614 730 4674 οἵτινες
790 4613 1131 4687 ἀποζυγέντες
1184 4616 1343 4669 πάλαι
1413 4625 1503 4678 τῆς
1554 4622 1776 4680 πίστεως
1841 4627 1932 4672 τοῦ

338 4710 497 4768 Θεοῦ,
530 4700 883 4760 ἐκολλήθησαν
914 4711 974 4775 τῇ
1010 4708 1187 4756 πίστει
1225 4712 1323 4756 τῶν
1355 4700 1636 4778 δαιμόνων.
1677 4713 1934 4779 Μοιχείαν

340 4795 440 4862 γὰρ
517 4789 781 4862 ὀνομάζει,
852 4797 940 4843 καὶ
1020 4796 1114 4850 τὴν
1178 4790 1573 4867 εἰδωλολατρίαν
1645 4796 1675 4852 ἡ
1734 4796 1937 4848 Παλαιὰ

346 4883 519 4952 Γραιρὴ
566 4896 577 4906 ·

351 4966 479 5019 ϐλων
505 4970 754 5043 εὑρήσεις.

423 5060 521 5109 Καὶ
572 5064 784 5130 σημεῖον
841 5088 902 5100 -
956 5062 1245 5132 προφήτου.
1315 5059 1390 5112 Οὐ
1450 5057 1735 5119 δοθήσεται
1783 5062 1937 5134 αὐτῇ,

426 5236 469 5275 ⁸³
498 5238 702 5297 Matth.
733 5255 814 5311 ιιι,
845 5238 899 5293 7.
978 5238 1025 5273 ⁸⁸
1056 5238 1195 5297 Luc.
1225 5255 1301 5307 xx,
1337 5240 1426 5295 l6.

636 4883 724 4930 καὶ
786 4888 933 4933 τοῦτο
982 4880 1247 4953 πολλαχοῦ
1304 4890 1402 4933 τῶν
1457 4892 1785 4957 προφητικῶν
1848 4884 1939 4957 βί-

1512 5240 1559 5276 ⁸⁸
1588 5237 1761 5297 Joan.
1792 5256 1873 5307 ιι,
1905 5242 1994 5300 16.

2002 1863 2163 1935 quod
2194 1878 2337 1919 sane
2364 1864 2717 1935 plerumque
2747 1865 2903 1919 facit.

2077 2040 2235 2095 Vers.
2271 2044 2362 2095 37.
2420 2040 2508 2093 Ea:
2538 2072 2599 2081 —
2630 2042 3136 2098 condemnaberis.
3184 2046 3262 2099 Ex
3304 2043 3483 2100 bonis
3529 2046 3659 2116 qui-

2006 2128 2146 2184 dem
2192 2127 2639 2199 justiﬁcaberis,
2681 2146 2749 2184 ex
2806 2129 2980 2185 malis
3042 2143 3181 2187 vero
3212 2133 3654 2191 condemnabe-

2006 2232 2106 2273 ΠΒ.

2225 2307 2378 2361 CAP.
2412 2308 2579 2361 XXIII.
2612 2308 2694 2362 De
2726 2307 3155 2377 requirentibus
3201 2310 3440 2380 signum.

2083 2395 2249 2451 Vers.
2303 2398 2391 2459 38,
2460 2396 2622 2449 Tunc
2669 2426 2737 2433 —
2792 2396 3003 2451 videre.
3056 2400 3201 2451 Cum
3268 2400 3549 2456 admirari
3590 2419 3660 2458 ac

2014 2482 2397 2538 succumbere
2434 2488 2750 2555 oporteret,
2798 2490 2934 2539 tunc
2990 2501 3232 2542 rursum
3284 2487 3661 2560 impudenter

2015 2570 2356 2641 loquuntur,
2384 2578 2436 2625 et
2456 2587 2636 2643 quem
2660 2572 2840 2643 paulo
2866 2578 3001 2629 ante
3026 2574 3462 2632 daemoniacum
3484 2584 3664 2635 teme-

2016 2659 2171 2714 rario
2202 2675 2353 2715 ausu
2386 2660 2677 2716 vocabant
2718 2676 2881 2716 nunc
2925 2661 3253 2718 adulatorie
3306 2666 3663 2736 magistrum

2017 2751 2253 2815 vocant,
2281 2753 2337 2803 et
2367 2754 2503 2819 post
2538 2754 2621 2804 tot
2656 2749 2943 2805 miracula
2996 2751 3239 2819 signum
3282 2753 3479 2809 videre
3507 2772 3668 2827 quae-

2019 2840 2202 2891 runt:
2236 2852 2354 2891 non
2403 2841 2464 2892 ut
2518 2838 2782 2903 credant,
2824 2838 2929 2893 sed
2984 2844 3041 2894 ut
3097 2856 3236 2895 eum
3306 2844 3666 2915 opprimant.

2022 2926 2172 2980 Cum
2212 2926 2372 2980 enim
2403 2941 2525 2981 non
2566 2932 2815 2997 possent
2862 2928 2913 2981 ei
2960 2930 3380 3001 contradicere,
3410 2933 3556 2988 dum
3590 2933 3672 2991 fa-

2024 3013 2133 3068 cile
2189 3013 2321 3069 illos
2384 3013 2717 3070 covinceret
2762 3032 2773 3068 :
2818 3015 2897 3070 ad
2955 3032 3135 3088 Opera
3187 3023 3513 3076 transeunt.
3574 3026 3674 3077 Lu-

2028 3116 2127 3156 cas
2153 3105 2355 3157 autem
2392 3102 2533 3158 dicit
2557 3103 2718 3173 quod
2738 3104 2846 3159 alii
2874 3107 3162 3162 tentantes
3186 3106 3416 3176 signum
3438 3110 3512 3165 de
3541 3112 3674 3167 calo

2029 3190 2356 3260 quaerebant
2386 3193 2463 3248 ab
2506 3208 2569 3248 eo
2592 3194 2661 3247 δι.
2697 3193 3164 3263 Suspicabantur
3185 3196 3473 3267 siquidem
3514 3200 3679 3270 quod

2030 3279 2201 3348 signa
2224 3279 2283 3333 in
2311 3284 2484 3345 terra,
2518 3280 2822 3350 praestigiis
2854 3281 3113 3337 fallendo
3164 3284 3361 3341 ederet
3395 3303 3408 3351 ;
3438 3287 3677 3356 signum

2030 3383 2173 3423 vero
2218 3368 2291 3422 de
2315 3368 2460 3423 coelo
2499 3384 2888 3441 nequaquam
2946 3370 3139 3426 facere
3193 3380 3414 3444 posset,
3476 3392 3612 3431 cum
3644 3393 3681 3433 a

2030 3456 2152 3511 Deo
2184 3471 2307 3512 non
2357 3462 2527 3512 esset.
2589 3461 2814 3514 Etenim
2866 3458 3007 3514 alibi
3071 3476 3314 3532 quoque
3357 3462 3674 3520 dicebant:

2030 3545 2159 3600 Hic.
2191 3545 2361 3601 homo
2390 3562 2506 3601 non
2546 3551 2627 3602 est
2657 3562 2695 3603 a
2727 3549 2835 3603 Deo
2866 3549 2934 3601 ⁸⁵.

2102 3632 2268 3689 Vers.
2301 3635 2389 3691 39.
2422 3638 2499 3690 At
2524 3635 2627 3691 ille
2655 3667 2723 3675 —
2746 3638 2961 3707 quierit.
2992 3639 3138 3693 Cum
3167 3638 3249 3694 illi
3276 3642 3687 3698 contumeliosi

2033 3727 2250 3788 essent,
2295 3726 2585 3795 patienter
2635 3741 2736 3780 eos
2771 3725 3034 3784 ferebat:
3078 3727 3222 3783 dum
3245 3734 3446 3785 autem
3476 3730 3688 3787 adula-

2033 3815 2252 3876 rentur,
2308 3827 2519 3883 aspere
2548 3813 2878 3884 respondit,
2913 3819 3114 3884 utpote
3143 3818 3246 3886 qui
3276 3833 3472 3888 neque
3500 3818 3687 3874 animi

2033 3899 2408 3955 vehementia
2461 3900 2807 3966 vinceretur,
2848 3917 3044 3974 neque
3096 3904 3433 3962 adulatione
3486 3907 3692 3962 molle-

2036 3993 2224 4044 sceret
2258 3988 2407 4045 :hoc
2438 4005 2574 4045 vero
2617 4006 2651 4045 a
2680 3991 3123 4061 progenitorum
3172 3994 3331 4065 capit
3382 3997 3689 4066 pravitate,

2035 4083 2319 4149 tanquam
2338 4078 2581 4149 dignam
2601 4078 2715 4133 illis
2728 4079 3265 4138 sobolem.Pravam
3292 4100 3534 4155 quoque
3547 4083 3697 4140 dixit

2035 4168 2193 4223 hanc
2209 4168 2574 4240 progeniem,
2593 4169 2767 4241 quasi
2781 4170 2899 4240 jam
2919 4169 3059 4225 olim
3086 4171 3456 4228 incredulam
3483 4189 3553 4229 ac
3569 4179 3697 4229 ten-

2036 4261 2281 4314 tantem.
2316 4258 2408 4312 Ait
2463 4258 2621 4313 enim
2678 4258 2859 4314 David
2886 4275 2910 4315 .'
2932 4260 3011 4314 Et
3056 4277 3170 4315 non
3220 4263 3597 4318 crediderunt
3634 4262 3698 4317 in

2039 4347 2404 4403 mirabilibus
2432 4348 2555 4417 ejus
2589 4347 2656 4401 ⁸⁵.
2699 4348 2780 4402 Ac
2811 4363 3050 4403 rursum
3084 4366 3097 4404 :
3131 4350 3206 4405 Et
3238 4355 3611 4408 tentaverunt
3642 4356 3697 4407 et

2041 4443 2544 4493 exacerbaverunt
2560 4436 2742 4493 Deum
2763 4439 3054 4494 excelsum
3084 4439 3157 4495 ⁸⁷.
3193 4440 3533 4497 Adulteram
3555 4456 3699 4496 vero

2042 4529 2282 4596 propter
2307 4525 2811 4595 progenitoruma
2834 4528 2950 4582 Deo
2976 4527 3367 4584 defectionem
3395 4530 3527 4601 ;qui
3556 4529 3702 4585 olim

2040 4612 2158 4668 ﬁde
2188 4630 2223 4669 a
2251 4612 2369 4669 Deo
2400 4614 2509 4684 disj
2522 4614 2698 4678 uncti,
2727 4613 2864 4669 ﬁdei
2903 4615 3251 4670 daemonum
3294 4617 3700 4681 adhaeserunt.

2041 4702 2407 4758 Adulterium
2437 4703 2661 4773 quippe
2704 4703 2881 4757 etiam
2938 4702 3264 4758 nominavit
3306 4704 3705 4762 idololatriam

2044 4792 2268 4847 Veteris
2306 4791 2658 4846 Testamenti
2712 4791 3027 4860 Scriptura,
3058 4791 3240 4863 idque
3269 4792 3604 4863 frequenter
3643 4794 3705 4851 in

2045 4880 2407 4954 propheticis
2439 4880 2628 4936 Libris
2657 4880 2943 4937 invenies.

2050 5060 2206 5115 Vers.
2222 5060 2307 5115 39.
2326 5059 2399 5114 Et
2411 5060 2637 5131 signum
2652 5059 3048 5130 —prophetce.
3065 5062 3193 5118 Non
3206 5059 3442 5118 dabitur
3464 5061 3535 5130 ei,
3562 5062 3706 5135 quia

2070 5242 2119 5277 ⁸⁸
2144 5239 2297 5312 Psal,
2328 5257 2536 5311 Lxxvu,
2568 5245 2654 5298 32.
2734 5242 2780 5277 ³⁷
2811 5239 2957 5297 ibid.
2991 5241 3082 5297 56.

1593 5417 1817 5490 Variae
1844 5417 2169 5488 lectiones
2185 5427 2252 5488 et
2278 5427 2459 5488 notae

428 5618 538 5690 (93)
572 5617 756 5675 lntell.
800 5616 977 5678 αὐτοῖς
990 5660 1002 5673 ,

2129 5618 2238 5691 (94)
2278 5618 2509 5695 μαλακίᾳ
2544 5616 2937 5691 κολακευόμενος
2969 5622 3030 5673 Α.
