4186 6318
489 227 592 288 387
1804 212 2162 276 EUTHYMII
2197 204 2530 275 ZIGABENI

3766 203 3917 265 388

485 375 607 414 non
641 374 712 412 ex
742 354 877 421 ﬁde,
907 347 1012 410 sed
1036 370 1106 408 ex
1132 353 1295 416 dolo,
1346 349 1640 405 tentando
1667 347 1907 416 signum
1943 343 2150 416 quaerit

2261 341 2402 395 διότι
2441 343 2534 394 ούκ
2582 340 2636 392 ἐκ
2679 344 2922 403 πίστεως,
2966 338 3071 391 ἀλλ’
3120 337 3175 390 ἐκ
3209 341 3478 411 πονηρίας,
3535 342 3624 389 καὶ
3677 337 3926 410 πειράο

490 445 643 514 Quid
666 460 805 513 ergo
833 446 994 499 ‘Inon
1022 441 1446 510 fecitdeinceps
1470 438 1710 505 signum
1739 432 1969 489 ullum?
1998 433 2107 487 Fec
2133 431 2144 483 i

488 535 692 607 utique
721 537 814 600 ;at
849 547 971 587 non
1027 534 1271 602 propter
1301 527 1432 582 illos
1465 543 1477 580 :
1519 540 1662 580 nam
1707 523 1819 594 ipsi
1871 520 2148 577 obdurati

482 627 669 692 erant,
729 622 836 676 sed
901 619 977 676 ad
1015 619 1271 674 aliorum
1326 615 1662 671 utilitatem.
1709 612 1960 683 Signum
2009 624 2148 664 vero

485 713 650 769 Jonas
683 709 1013 782 prophetiae,
1046 711 1218 762 vocat
1247 702 1738 759 resurrectionem
1798 714 1970 753 suam
2004 714 2034 753 e
2061 713 2146 752 se-

486 801 694 872 pulcro
717 804 851 871 post
875 803 994 853 tres
1023 796 1149 850 dies
1180 799 1238 849 et
1261 798 1375 848 tres
1397 796 1627 846 noctes.
1655 789 1788 844 Jam
1807 787 1963 842 enim
1994 787 2150 842 hanc

482 888 698 945 Judaais
723 885 988 958 praedicit
1013 889 1076 938 ut
1103 897 1237 937 cum
1262 877 1664 944 resurrexerit,
1685 877 1758 932 ad
1794 873 2149 930 memoriam

481 977 773 1032 reducant
797 972 961 1045 quod
993 972 1149 1026 hanc
1180 969 1306 1040 illis
1331 965 1684 1040 praedixerit,
1720 963 1932 1019 diebus
1971 961 2149 1017 etiam

486 1080 556 1119 ac
594 1063 867 1119 noctibus
898 1058 1152 1131 propriae
1195 1056 1514 1128 sepulturas
1558 1053 1636 1109 ad
1675 1054 1968 1108 minutum
2001 1049 2151 1104 desi—

488 1150 708 1222 gnatis.
740 1152 983 1220 Propter
1010 1147 1125 1202 hoc
1142 1142 1584 1217 siquidemipso
1616 1140 1868 1212 sepulto,
1900 1153 2149 1208 congre-

488 1240 605 1310 gati
633 1242 770 1293 sunt
789 1235 1007 1291 summi
1036 1233 1371 1289 sacerdotes
1399 1235 1454 1287 et
1484 1229 1751 1285 Pharisaei
1783 1228 1860 1283 ad
1893 1226 2149 1282 Pilatum

486 1327 773 1383 dicentes:
798 1322 1350 1386 Domine,recordati
1363 1334 1563 1375 sumus
1579 1317 1726 1388 quod
1745 1317 2029 1385 impostor
2042 1313 2148 1370 ille

486 1416 635 1473 dixit
655 1414 837 1470 adhuc
874 1413 1058 1468 vivens
1093 1410 1258 1465 :Post
1279 1415 1396 1464 tres
1416 1408 1537 1463 dies
1566 1420 1868 1475 resurgam
1900 1404 1967 1458 ⁸⁸.
1991 1403 2148 1458 hanc

491 1519 648 1570 vero,
686 1504 926 1572 signum
957 1501 1123 1555 Jonas
1169 1497 1469 1569 prophetae
1522 1493 1873 1558 nominavit,
1907 1496 2149 1564 propter

494 1591 960 1653 similitudinem,
993 1602 1173 1660 quam
1199 1585 1382 1642 etiam
1411 1582 1753 1640 manifestat
1787 1581 1994 1636 dicens
2021 1596 2038 1633 :

558 1843 715 1896 Vers.
765 1841 860 1895 40.
913 1838 1090 1892 Sicut
1139 1833 1519 1890 —noctibus.
1565 1834 1683 1886 Hoc
1723 1843 1859 1885 vere
1910 1828 2147 1896 signum

487 1935 633 1994 erat,
658 1934 715 1982 et
745 1927 1056 1995 signorum
1089 1923 1363 1979 omnium
1403 1920 1662 1974 maxime
1693 1917 2150 1972 admirandum-

487 2017 710 2074 nullius
727 2015 887 2071 enim
909 2013 1065 2068 facta
1077 2017 1167 2066 est
1183 2024 1451 2080 unquam
1474 2007 1606 2062 talis
1628 2022 1665 2061 a
1684 2006 1934 2060 mortuis
1962 2020 2146 2059 resur:

484 2108 689 2169 rectio.
721 2105 938 2159 Datum
967 2105 1054 2156 est
1085 2104 1285 2156 autem
1300 2095 1649 2166 hujusmodi
1677 2094 1916 2165 signum
1932 2093 2150 2148 Judaei-

486 2191 843 2266 inﬁdelibus,
870 2191 985 2246 hoc
1024 2192 1128 2254 est,
1164 2201 1343 2258 opere
1390 2183 1696 2254 impletum
1716 2186 1805 2238 est
1851 2181 2016 2253 apud
2041 2197 2143 2237 eos

485 2284 600 2339 hoc
633 2279 1010 2344 miraculum,
1035 2292 1158 2348 quo
1186 2275 1458 2331 certiores
1486 2273 1600 2327 sint
1627 2271 1787 2326 hunc
1817 2273 2002 2326 Deum
2016 2285 2140 2324 esss

487 2365 1337 2442 omnipotentem,etdeinceps
1363 2361 1533 2434 quasi
1564 2361 1682 2414 Deo
1713 2364 2154 2430 repugnantese

487 2457 913 2518 conscientiam
949 2453 1213 2511 habeant
1258 2451 1471 2508 acerbe
1503 2449 1633 2505 illos
1661 2453 2062 2518 torquentem,
2099 2465 2148 2508 e,

488 2549 834 2617 futuraqute
854 2559 956 2600 eos
969 2541 1478 2613 comprehensura
1491 2538 1606 2593 sint
1620 2536 1783 2592 mala
1795 2537 2153 2606 praesagient

487 2636 626 2693 tem.
662 2637 770 2690 Cor
798 2647 938 2688 vero
966 2636 1134 2687 terrae
1187 2628 1433 2696 intelligi
1474 2627 1630 2681 illius
1662 2624 2148 2695 profunditatem.

487 2729 637 2782 Nam
660 2723 722 2777 in
752 2718 1155 2792 profunditate
1174 2716 1347 2779 illius,
1375 2714 1677 2784 lapidibus
1724 2713 1984 2768 incisum
2031 2719 2151 2767 erat

491 2809 861 2883 sepulcrum.
888 2807 1028 2860 Tres
1042 2808 1240 2860 autem
1267 2802 1395 2857 dies
1410 2818 1546 2857 cum
1565 2801 1841 2856 noctibus
1863 2799 1970 2855 sub
2001 2804 2152 2856 terra

498 2897 848 2970 permansit,
882 2900 946 2949 ut
975 2890 1310 2948 crederetur
1339 2888 1524 2944 fuisse
1553 2895 1842 2944 mortuus.

559 2989 601 3056 -ιι
628 2988 739 3043 Cor
755 2989 943 3047 teme,
975 2979 1320 3052 sepulcrum
1363 2984 1553 3034 vocat.

560 3077 718 3130 Vers.
746 3073 835 3137 41,
881 3071 1004 3126 νινὶ
1032 3067 1299 3125 Ninivita:
1327 3097 1396 3107 -—
1447 3067 1557 3123 hoc
1587 3065 1735 3122 loco.
1794 3064 1978 3126 Simul
2027 3069 2151 3122 tan-
2186 3059 2224 3112 C

490 3179 674 3236 quam
696 3160 901 3218 omnia
914 3172 1413 3232 prmcognoscens
1443 3160 1500 3211 et
1528 3155 1745 3210 horum
1769 3154 2152 3224 prtedicitim-

488 3250 922 3325 paenitentiam,
977 3263 1116 3320 quae
1162 3245 1341 3302 etiam
1382 3249 1516 3317 post
1570 3258 1742 3299 suam
1793 3243 1994 3299 futura
2028 3247 2152 3300 erat

487 3339 972 3397 resurrectionem
1007 3353 1019 3392 :
1052 3341 1109 3392 et
1153 3333 1332 3390 simul
1383 3335 1546 3404 ipsos
1599 3338 1871 3388 exterret.
1947 3333 2148 3388 Dicere

489 3429 752 3485 solemus
779 3427 940 3482 hunc
971 3429 1071 3481 aut
1097 3424 1265 3480 illum
1295 3424 1357 3478 in
1386 3423 1585 3477 futuro
1604 3421 1830 3492 judicio
1867 3436 1978 3475 nos
2008 3435 2146 3475 con-

488 3517 933 3579 demnaturum,
978 3528 1101 3568 non
1129 3511 1302 3584 quasi
1337 3509 1431 3565 ille
1459 3509 1689 3565 futurus
1715 3509 1791 3564 sit
1829 3507 2040 3575 iudex,
2073 3510 2148 3564 si-

489 3605 733 3678 quidem
747 3604 1016 3658 omnium
1043 3600 1230 3671 judex
1249 3615 1404 3653 unus
1421 3597 1822 3662 eritChristus,
1854 3597 1959 3652 sed
1988 3598 2144 3669 quod

488 3693 645 3750 illius
677 3690 943 3765 operatio
973 3689 1189 3745 nostris
1221 3687 1440 3743 collata
1466 3685 1790 3742 confundet
1816 3701 1945 3743 nos.
1988 3688 2152 3744 Hanc

488 3797 726 3856 quoque
755 3777 1252 3837 consuetudinem
1283 3782 1523 3833 secutus
1555 3781 1646 3831 est
1673 3775 1938 3832 Christus
1971 3792 1983 3831 ε
2013 3776 2152 3832 Plus

491 3877 704 3937 autem,
741 3869 839 3936 ait,
895 3884 1068 3940 quam
1098 3869 1284 3923 Jonas
1340 3871 1422 3921 est
1451 3865 1556 3921 hoc
1590 3865 1732 3921 loco.
1779 3866 1958 3922 Jonas
1989 3865 2150 3921 enim

490 3976 696 4017 servus
751 3962 894 4023 erat,
956 3956 1218 4012 Christus
1269 3969 1410 4009 vero
1453 3951 1780 4008 Dominus:
1813 3952 1908 4008 ille
1961 3969 1992 4009 e
2022 3957 2151 4009 ceto

489 4063 768 4118 egressus
816 4051 920 4109 est,
959 4044 1068 4099 iste
1121 4043 1198 4097 ab
1225 4041 1456 4097 inferno
1499 4039 1637 4104 ;ille
1674 4041 1889 4095 invitus
1942 4041 2152 4111 praedi-

490 4137 666 4205 cavit,
693 4137 803 4190 iste
825 4138 1034 4205 sponte
1069 4147 1083 4196 ;
1110 4130 1206 4186 ille
1236 4129 1587 4200 peregrinus
1619 4135 1765 4195 erat,
1797 4128 1905 4183 iste
1935 4143 2152 4197 cogna-

490 4233 585 4280 tus
597 4222 931 4278 secundum
945 4235 1199 4284 carnem,
1215 4217 1310 4272 ille
1323 4217 1764 4271 subversionem
1780 4216 2149 4286 praedicavit,

490 4319 860 4386 isteregnum
888 4308 1175 4363 caelorum
1204 4328 1215 4370 ;
1246 4305 1340 4361 ille
1357 4303 2012 4375 nullumfecitsignum,
2043 4307 2151 4363 iste

2260 433 2428 492 ζουσα
2491 437 2703 496 σημεῖον
2761 430 2921 489 ζητεῖ.
2975 432 3039 480 Τί
3095 423 3182 479 οὖν
3240 426 3484 484 ἐποίησεν
3540 429 3712 478 ἔκτοτε
3789 443 3932 480 σἠο

2257 527 2436 591 μεῖον;
2479 519 2770 581 Ἐποίησεν,
2826 514 2933 568 ἀλλ’
2983 516 3039 568 ού
3095 513 3169 566 δι’
3223 515 3409 575 αύτούς
3443 533 3454 543 ’
3489 517 3928 587 πεπωρωμένοι

2255 611 2354 682 γάρ
2401 604 2556 671 ἦσαν,
2620 605 2741 657 ἀλλὰ
2799 601 2891 656 διὰ
2941 608 3031 661 τὴν
3081 612 3178 655 τῶν
3237 603 3400 655 ἄλλων
3441 603 3705 674 ὠφέλειαν.
3785 609 3926 656 Ση-

2256 703 2397 767 μεῖον
2478 692 2536 747 δὲ
2607 696 2757 746 Ἰωνᾶ
2827 700 2916 745 τοῦ
2989 696 3257 764 προφήτου
3336 691 3491 762 λέγει,
3556 695 3648 748 τὴν
3737 692 3927 761 μετὰ

2259 791 2393 855 τρεῖς
2468 786 2660 856 ἡμέρας
2735 787 2824 834 καὶ
2913 787 3052 856 τρεῖς
3107 784 3298 841 νύκτας
3381 778 3435 831 ἐκ
3526 787 3617 831 τοῦ
3698 780 3923 849 τάφου

2259 871 2548 923 ἀνάστασιν
2624 871 2798 924 αὐτοῦ.
2889 876 3252 944 Προαναφωνεῖ
3318 870 3417 940 γὰρ
3479 865 3585 925 ἤδη
3664 869 3925 922 ταύτην

2258 967 2366 1020 τοῖς
2419 955 2719 1023 Ἰουδαίοις,
2785 959 2868 1010 ἵνα
2943 956 3256 1018 ἀναστάντος
3313 959 3727 1028 μνημονεύωσιν,
3818 955 3925 1006 ὅτι

2257 1055 2468 1122 προεῖπε
2511 1051 2712 1108 τούτοις
2766 1051 2883 1120 περὶ
2943 1045 3123 1113 αὐτῆς,
3187 1044 3637 1116 ἐπισημηνάμενος
3687 1043 3925 1096 λεπτο-

2257 1145 2422 1210 μερῶς
2469 1141 2556 1188 καὶ
2611 1138 2702 1197 τὰς
2769 1137 2967 1208 ἡμέρας
3031 1138 3120 1186 καὶ
3174 1136 3262 1193 τὰς
3315 1136 3499 1193 νύκτας
3567 1140 3662 1194 τῆς
3727 1128 3920 1191 ἰδίας

2256 1234 2434 1298 ταφῆς,
2489 1228 2582 1277 Διά
2627 1231 2779 1276 τοῦτο
2833 1225 2935 1296 γάρ
2988 1229 3078 1276 καὶ
3139 1222 3354 1296 ὕστερον
3403 1224 3648 1293 ταφέντος
3703 1221 3920 1272 αὐτοῦ

2260 1316 2603 1385 συνήχθησαν
2661 1314 2708 1364 οἱ
2781 1310 3047 1386 ἀρχιερεῖς
3106 1315 3195 1363 καὶ
3274 1313 3322 1362 οἱ
3381 1316 3659 1382 Φαρισαῖοι
3729 1312 3909 1382 πρὸς

2257 1403 2477 1455 Πιλάτον
2575 1389 2806 1472 λέγοντες
2859 1418 2871 1430 ·
2973 1402 3146 1474 Κύριε,
3231 1397 3558 1471 ἐμνήσθημεν
3667 1399 3759 1451 ὅτι
3871 1400 3905 1450 ὁ

2254 1491 2441 1552 πλάνος
2523 1490 2711 1550 ἐκεῖνος
2775 1484 2908 1540 εἶπεν
2971 1491 3046 1540 ἔτι
3108 1491 3205 1550 ζῶν
3237 1505 3249 1517 ·
3311 1489 3456 1541 Μετά
3518 1493 3656 1561 τρεῖς
3738 1489 3908 1558 ἠμέ-

2255 1599 2350 1654 ρας
2413 1581 2692 1651 ἑγείρομαι.
2779 1585 2991 1649 Σημεῖον
3065 1573 3123 1628 δε
3199 1577 3345 1629 Ἰωνᾶ
3417 1583 3511 1628 τοῦ
3585 1581 3903 1649 προφήτου

2255 1669 2448 1725 ταύτην
2497 1666 2750 1738 ὠνόμασε,
2803 1661 2897 1717 διὰ
2947 1669 3040 1723 τὴν
3099 1666 3406 1737 ὁμοιότητα,
3456 1665 3517 1723 ἦν
3562 1668 3650 1716 καὶ
3703 1663 3908 1738 ἑρμη-

2255 1758 2387 1808 νεύει
2418 1754 2599 1826 λέγων.

2326 1843 2524 1916 Ὠσπερ
2560 1874 2623 1884 -—
2649 1846 2853 1901 νύκτας.
2884 1840 3081 1900 ’Ὄντως
3107 1848 3256 1892 τοῦτο
3290 1849 3503 1912 σημεῖον
3532 1838 3612 1905 ἦν,
3645 1845 3737 1892 καὶ
3775 1861 3904 1899 ση-

2258 1941 2399 2004 μεῖον
2441 1934 2642 1982 πάντων
2686 1925 3122 2004 παραδοξότερον.
3179 1925 3406 1992 Οὐδενὸς
3453 1932 3552 2003 γὰρ
3609 1925 3902 1982 οὐδέποτε

2258 2023 2472 2076 τοιαύτη
2504 2023 2706 2090 γέγονεν
2739 2018 2790 2070 ἐκ
2815 2025 3002 2091 νεκρῶν
3035 2017 3341 2079 ἀνάστασις.
3373 2013 3565 2074 Ἐδόθη
3593 2013 3650 2069 δὲ
3677 2021 3737 2069 τὸ
3769 2037 3901 2076 ση-

2261 2115 2400 2180 μεῖον
2431 2114 2580 2159 τουτο
2610 2114 2714 2166 τοῖς
2745 2105 2985 2166 ἀπίστοις
3017 2101 3316 2171 Ἰουδαίοις,
3347 2110 3638 2170 τουτέστιν,
3683 2105 3898 2179 ἐτερα-

2261 2199 2526 2271 τουργήθη
2592 2196 2713 2269 παρ’
2780 2195 2977 2260 αὐτοῖς,
3044 2196 3126 2246 ἴνα
3203 2195 3694 2269 πληροφορηθῶσιν,
3785 2199 3891 2248 ὅτι

2263 2291 2389 2348 Θεὸς
2437 2285 2547 2336 ἐστι
2587 2279 2994 2354 παντοδύναμος.
3051 2286 3151 2336 Καὶ
3195 2282 3392 2345 λοιπὸν,
3447 2286 3516 2345 ὡς
3577 2285 3883 2356 θεομάχοι,

2261 2379 2318 2427 τὸ
2370 2370 2607 2433 συνειδὸς
2637 2372 2839 2434 ἕξουσιν
2872 2373 3062 2423 τύπτον
3110 2375 3199 2423 καί
3241 2379 3439 2445 πικρῶς
3469 2371 3657 2434 αύτούς
3688 2371 3883 2443 βασα-

2259 2464 2400 2524 νίζον
2473 2467 2561 2513 καὶ
2625 2467 3019 2533 προανατυποῦν
3092 2462 3158 2511 τά
3231 2459 3478 2532 μέλλοντα
3549 2460 3878 2514 καταλαϐεῖν

2260 2554 2475 2612 τούτους
2517 2551 2671 2601 κακά.
2731 2545 2964 2620 Καρδίαν
3019 2545 3078 2600 δὲ
3124 2555 3222 2618 γῆς
3274 2552 3395 2617 νόει,
3445 2551 3504 2600 τὸ
3558 2547 3724 2620 βάθος
3765 2552 3872 2603 αύ-

2259 2647 2372 2699 τῆς,
2463 2640 2544 2690 Ἐν
2609 2635 2761 2709 βάθει
2825 2638 2927 2708 γὰρ
3003 2637 3064 2693 ἧν
3139 2635 3546 2709 λελατομημένος
3601 2640 3626 2688 6
3673 2641 3858 2709 τάφος,

2259 2733 2391 2800 Τρία
2431 2723 2487 2778 δὲ
2529 2728 2875 2799 ἡμερονύκτια
2916 2721 3164 2795 διήγαγεν
3208 2726 3308 2777 ὑπὸ
3346 2734 3466 2796 γῆν,
3511 2726 3591 2777 ἱνα
3632 2745 3847 2777 πιστευ-

2263 2817 2346 2887 θῇ,
2382 2817 2460 2865 ὅτι
2491 2812 2754 2867 ἀπέθανεν.

2330 2993 2371 3061 -ι-
2404 2987 2638 3064 Καρδίαν
2669 2990 2783 3060 (95)
2809 2997 2928 3060 γῆς,
2960 2993 3047 3042 τὸν
3089 2991 3243 3061 τάφον
3274 2990 3427 3061 λέγει.

2331 3077 2550 3152 ’Ἄνδρες
2603 3086 2870 3132 Νινευῖται
2923 3109 2992 3119 ——
3039 3075 3160 3132 ὧδε.
3219 3086 3361 3151 Ἀμα
3411 3081 3521 3150 μὲν,
3579 3081 3646 3139 ὡς
3691 3082 3870 3132 πάντα

2263 3165 2431 3233 εἰδὼς,
2482 3168 2717 3240 προλέγει
2762 3171 2840 3232 τὸ,
2889 3172 2972 3218 καὶ
3027 3169 3150 3238 μετά
3181 3170 3273 3224 τὴν
3331 3169 3575 3224 τοιαύτην
3623 3165 3869 3221 ἀνάστα-

2265 3276 2365 3321 σιν,
2427 3255 2770 3329 ἀμετανόητον
2839 3255 3002 3307 αὐτῶν
3034 3272 3044 3284 '
3078 3254 3190 3326 ἅμα
3245 3251 3304 3308 δε
3354 3260 3442 3307 καὶ
3491 3254 3699 3327 ἐκφοϐεῖ
3743 3260 3872 3309 τού-

2262 3363 2401 3405 τους.
2449 3344 2594 3398 Ἐπεὶ
2649 3340 2707 3395 δί
2758 3342 3002 3414 εἰώθαμεν
3055 3342 3238 3412 λέγειν,
3288 3345 3368 3395 ὅτι
3408 3342 3467 3395 Ὀ
3515 3339 3660 3395 δεῖνα
3705 3343 3753 3396 ἐν
3796 3354 3871 3419 τῇ

2262 3432 2515 3504 μελλούσῃ
2583 3435 2755 3504 κρίσει
2815 3438 3112 3504 κατακρινεῖ
3178 3432 3340 3503 ἡμᾶς,
3393 3431 3498 3502 οὐχ
3548 3433 3611 3492 ὡς
3663 3431 3874 3486 ἐκείνου

2262 3525 2556 3594 κρίνοντος·
2597 3518 2668 3580 εἷς
2721 3521 2822 3592 γὰρ
2880 3527 3064 3593 κριτῆς
3120 3520 3379 3571 πάντωνό
3428 3525 3698 3593 Χριστός·
3752 3519 3876 3573 ἀλλ’

2263 3613 2332 3670 ὡς
2376 3617 2472 3669 τῆς
2525 3608 2713 3660 ἐκείνου
2771 3608 3002 3681 πράξεως
3051 3607 3098 3659 ἐν
3128 3616 3199 3678 τῷ
3256 3608 3700 3681 παρεξετάζεσθαι
3738 3618 3874 3674 ταῖς

2262 3700 2535 3772 ἡμετέραις
2635 3700 3096 3768 καταισχυνούσης
3181 3700 3313 3768 ἡμᾶς
3356 3713 3367 3724 ·
3612 3700 3878 3772 συνηθείᾳ

2262 3788 2423 3843 ταύτη
2483 3790 2570 3836 καὶ
2631 3787 2656 3837 ὁ
2721 3789 2946 3859 Χριστὸς
3009 3784 3353 3843 ἠκολούθησε.
3415 3784 3592 3838 Πλεῖον
3655 3783 3713 3838 δὲ
3769 3797 3879 3840 τοῦ

2635 3699 3096 3768 καταισχυνούσης
3181 3697 3209 3754 ἡ
3216 3701 3313 3768 μᾶς
3356 3713 3367 3724 ·

2266 3875 2300 3927 Ἰ
2350 3880 2407 3908 ,ε-
2475 3869 2544 3925 νδ
2771 3878 2780 3891 ι
2875 3873 2900 3925 ὸ
2947 3878 2953 3884 θ
3070 3875 3081 3884 ο
3182 3877 3191 3888 ι
3281 3874 3295 3894 ο
3405 3880 3426 3889 ς
3527 3869 3551 3889 9
3732 3882 3751 3890 ς

2308 3894 2412 3926 ωια
2467 3895 2505 3924 ω
2549 3893 2590 3939 ε,
2659 3893 2807 3946 φησι,
2915 3893 3014 3925 ιοτι
3061 3893 3086 3924 ο
3142 3893 3230 3944 μεν
3300 3879 3455 3935 Ῑωνας
3522 3893 3582 3931 ην
3656 3871 3875 3947 δουλος,

2264 3965 2288 4013 6
2321 3959 2380 4014 δὲ
2419 3966 2649 4034 Χριστὸς
2702 3967 2959 4022 Δεσπότης
2993 3979 3003 3992 ·
3037 3966 3125 4014 καὶ
3164 3961 3189 4012 ὀ
3221 3965 3309 4033 μεν
3367 3960 3422 4013 ἐκ
3477 3966 3670 4023 κήτους
3718 3961 3878 4026 ἐξῆλ-

2265 4053 2368 4113 θεν,
2417 4050 2564 4111 οὗτος
2620 4049 2679 4102 6‘s
2727 4049 2780 4112 ἐξ
2817 4046 2950 4120 ᾅδου
2985 4066 2997 4079 ·
3041 4053 3129 4102 καὶ
3182 4051 3207 4101 6
3257 4053 3344 4122 μὲν
3399 4051 3536 4102 ἄκων
3595 4051 3873 4126 ἐκήρυξεν,

2264 4137 2408 4197 οὗτος
2456 4135 2514 4190 δὲ
2567 4139 2689 4190 ἑκών
2724 4157 2734 4167 ⁸
2765 4143 2854 4191 καὶ
2885 4139 2909 4188 6
2949 4142 3037 4209 μὲν
3087 4138 3227 4200 ξένος
3276 4135 3359 4204 ἧν,
3409 4138 3558 4200 οὗτος
3609 4137 3669 4192 δὲ
3731 4159 3873 4213 συγ-

2262 4230 2414 4297 γενὴς
2461 4230 2594 4278 κατά
2643 4230 2813 4302 σάρκα
2841 4247 2852 4260 ·
2898 4231 2985 4278 καὶ
3031 4228 3055 4278 6
3107 4229 3195 4298 μὲν
3255 4233 3620 4300 καταστροφὴν
3674 4227 3873 4301 ἐκήρυ-

2266 4316 2362 4380 ξεν,
2419 4311 2565 4376 οὗτος
2621 4313 2678 4368 δε
2731 4315 3002 4388 βασιλείαν
3055 4315 3280 4387 οὐρανῶν
3315 4333 3327 4344 ·
3381 4316 3526 4367 καὶὸ
3563 4319 3654 4387 μὲν
3711 4313 3868 4370 οὐδὲν

489 4403 811 4458 innumera
852 4397 972 4453 :de
1021 4394 1120 4451 illo
1171 4394 1371 4450 nullus
1411 4393 1700 4465 praedixit,
1754 4393 1830 4449 de
1879 4395 1992 4451 isto
2023 4412 2150 4453 om-

2267 4412 2479 4475 σημεῖον
2530 4403 2786 4464 ἐποίησεν,
2843 4404 2991 4464 οὗτος
3045 4401 3103 4456 δὲ
3142 4409 3334 4477 μυρία·
3369 4409 3457 4456 καὶ
3495 4409 3612 4478 περὶ
3669 4403 3865 4458 ἐκείνου

489 4505 600 4545 nes
638 4486 967 4560 prophetae.
1012 4483 1303 4539 Praeterea
1355 4482 1621 4538 Ninivitae
1673 4481 1915 4540 barbari
1959 4491 2149 4552 erant,

489 4576 684 4635 Judaei
707 4574 926 4632 divinis
955 4572 1183 4631 enutriti
1225 4571 1562 4644 Scripturis.
1598 4571 1664 4628 Et
1685 4572 1765 4627 illi
1795 4573 2042 4645 quidem
2069 4578 2154 4632 ni-

488 4667 570 4725 hil
603 4683 640 4723 a
665 4668 811 4722 Jona
840 4664 1385 4734 audieruntpraeter
1407 4661 1466 4716 id
1498 4665 1734 4717 tantum
1769 4680 1782 4730 ;
1815 4663 2154 4720 Adhuctres

491 4758 609 4814 dies
625 4761 680 4812 et
695 4753 1297 4811 Ninivcsubvertetur
1309 4752 1378 4817 '9,
1393 4759 1448 4806 et
1461 4751 1656 4805 statim
1671 4750 1723 4805 ei
1737 4749 2117 4809 crediderunt
2139 4770 2151 4809 :

489 4847 584 4903 isti
612 4860 753 4901 vero
779 4843 1010 4900 variam
1038 4857 1076 4899 a
1113 4839 1342 4896 Christo
1380 4855 1450 4895 ac
1483 4838 2018 4909 profundissimam
2050 4857 2154 4897 au-

489 4936 720 4992 dierant
749 4932 1107 4996 doctrinam,
1141 4944 1251 4984 nec
1281 4927 1332 4985 ei
1362 4927 1763 4983 crediderunt.
1799 4926 1975 4986 Multa
2005 4945 2154 5000 quo-

565 5056 1034 5125 "Matth,xxvu,
1069 5057 1154 5117 62,
1186 5053 1279 5108 63.
1364 5053 1410 5089 ⁸ο
1450 5055 1583 5109 Jon.
1620 5068 1698 5125 ιιι,
1727 5052 1779 5109 4.

2263 4495 2352 4565 μὲν
2391 4489 2560 4552 οὐδεὶς
2602 4500 2814 4566 προεῖπε
2837 4511 2849 4522 ·
2883 4498 3000 4566 περὶ
3030 4495 3213 4544 τούτου
3252 4489 3310 4545 δε
3353 4495 3534 4553 πάντες
3578 4495 3626 4544 οἱ
3663 4505 3867 4568 προφῆ-

2262 4599 2389 4632 ται’
2438 4586 2526 4633 καὶ
2578 4583 2625 4633 οἱ
2679 4584 2767 4652 μὲν
2815 4587 3080 4633 Νινευῖται
3138 4579 3398 4654 βάρϐαροι
3450 4580 3753 4653 ἐτύγχανον,
3811 4585 3859 4633 οἱ

2265 4666 2323 4722 δὲ
2373 4667 2644 4734 Ἰουδαῖοι,
2703 4675 2813 4729 ταῖς
2872 4670 3032 4729 θείαις
3085 4665 3218 4727 ἦσαν
3281 4670 3676 4744 ἐντεθραμμένοι
3734 4675 3860 4743 Γρα-

2264 4764 2420 4828 φαῖς·
2477 4755 2704 4808 κάκεῖνοι
2763 4759 2852 4827 μὲν
2909 4753 3058 4808 οὐδὲν
3135 4758 3278 4830 παρὰ
3347 4763 3439 4808 τοῦ
3507 4753 3654 4810 Ἰωνᾶ
3715 4757 3867 4811 πλέον

2263 4849 2515 4912 ἤκουσαν,
2593 4844 2636 4896 εἰ
2717 4848 2787 4916 μὴ
2861 4849 3050 4916 μόνον’
3109 4843 3225 4896 Ἔτι
3294 4852 3427 4918 τρεῖς
3672 4847 3873 4920 ἡμέραι

2264 4937 2354 4986 καὶ
2436 4935 2466 4991 ἡ
2552 4933 2664 5004 (97)
2745 4935 2923 4987 Νινευῖ
2997 4938 3514 5006 καταστραφὴσεται,
3594 4938 3682 4987 καὶ
3785 4935 3873 4987 εύ-

1710 5207 1934 5276 Varize
1965 5207 2292 5277 lectiones
2331 5215 2399 5276 et
2435 5217 2639 5277 notae.

566 5379 684 5458 (95)
710 5381 844 5435 Haec
873 5377 1142 5458 quinque
1172 5373 1469 5458 vocabula
1511 5376 1670 5433 solus
1721 5378 2044 5436 Hentenius
2083 5378 2143 5435 in

493 5449 765 5524 margine
799 5449 1138 5507 sui'codicis
1170 5449 1402 5520 repetit.

2473 5381 2559 5470 ita
2794 5379 2900 5438 sed
2924 5380 2984 5439 in
3007 5379 3297 5440 Hebraico
3324 5386 3414 5441 est
3446 5386 3870 5464 τεσσαράκοντα.

2333 5451 2444 5524 (97)
2471 5453 2503 5511 ἡ
2536 5451 2701 5509 abest
2727 5455 2798 5513 Α.

4101 74 4109 198 ἰ
