4186 6318
196 221 317 284 389
1174 230 1542 299 COMMENT.
1582 241 1654 297 IN
1695 232 2127 301 MATTHASUM.
2161 277 2229 285 —
2259 243 2420 302 CAP.
2459 235 2665 301 xxm.
3460 246 3569 301 390

212 355 311 415 es;
340 354 640 407 ἐπίστευσαν
662 357 823 428 αὐτῷ,
850 364 937 411 καὶ
962 365 1278 432 μετενόησαν
1299 381 1310 392 ·
1332 364 1473 417 οὗτοι
1492 362 1526 418 δ
1530 370 1551 418 ξ
1575 374 1818 422 παντοίαν
1848 380 1865 425 1

1927 386 2043 444 que
2082 374 2137 426 et
2175 370 2289 428 alia
2328 370 2591 426 invenire
2620 370 2970 443 poterimus,
3000 385 3136 444 qua
3168 371 3425 428 Christus
3459 388 3579 427 ma-

210 443 584 501 ἠνωτίσθησαν
616 449 758 518 παρὰ
787 455 878 498 τοῦ
906 455 1140 522 Χριστοῦ
1163 451 1586 524 φιλοσοφωτάτην
1627 454 1818 511 διδασ-
1930 443 2058 532 jora
2094 460 2318 517 habuit.

212 530 424 597 κοιλίαν,
466 537 553 584 καὶ
604 533 697 584 οὐκ
742 533 1057 589 ἐπίστευσαν
1108 539 1271 609 αὐτῷ.
1325 547 1424 594 Καὶ
1474 543 1638 597 πολλά
1675 547 1820 619 ἕτερα

213 628 437 671 τοιαῦτα
470 620 700 692 εὕροιμεν
731 624 809 689 ἀν,
845 626 1036 694 ἔχοντα
1061 629 1118 678 τό
1157 628 1353 698 μεῖζον.

292 707 588 760 Βασίλισσα
628 741 693 750 --
749 707 870 765 ὦδε.
926 718 1090 765 Νότον
1140 714 1295 786 λέγει,
1352 722 1438 775 τὴν
1486 725 1688 794 χώραν,
1735 721 1817 793 ἀφ’

1998 711 2156 765 Vers.
2176 711 2264 765 42.
2292 708 2521 778 Regina
2543 738 2608 747 —
2632 708 2738 764 hoc
2771 710 2911 764 loco.
2935 709 3210 765 Austrum
3237 709 3375 765 dicit
3396 711 3577 779 regio-

208 796 328 856 ἧςὸ
362 800 506 855 νότος
562 802 720 865 πνέει,
772 799 902 869 λέγω
961 798 1027 859 δὴ
1078 807 1171 859 τὴν
1201 804 1500 871 Αἰθιοπίαν,
1568 809 1627 865 ἢν
1684 810 1821 861 Σαϐὰ

1928 813 2063 852 nem
2091 814 2125 853 a
2156 813 2275 869 qua
2300 797 2403 851 ﬂat
2426 804 2641 861 auster,
2671 796 2800 852 dico
2823 814 2961 852 sane
2988 798 3368 868 lEthiopiam,
3396 814 3578 870 quam

202 882 458 941 κέκληκεν
500 886 530 941 ἡ
588 890 737 957 τρίτη
799 886 979 958 βίϐλος
1035 897 1133 941 τῶν
1196 891 1494 947 Βασιλειῶν.
1544 902 1721 948 Κεῖται
1762 895 1820 949 δε

1929 884 2087 942 Saba
2115 886 2345 940 vocavit
2368 886 2567 939 tertius
2594 888 2814 953 Regum
2840 885 3006 941 liber.
3037 888 3105 939 9°.
3136 888 3253 941 Sita
3272 892 3360 942 est
3381 895 3578 942 autem

199 972 230 1028 ἡ
316 975 546 1030 τοιαύτη
614 980 767 1047 χώρα
836 975 883 1026 ἐν
948 986 1018 1047 τῷ
1088 983 1272 1053 πέρατι
1335 990 1428 1043 τῆς
1495 984 1813 1057 οἰκουμένης.

1925 976 2055 1030 hac
2084 976 2247 1044 regio
2279 974 2354 1029 ad
2387 974 2567 1029 ﬁnem
2596 975 2756 1029 orbis
2790 974 3148 1030 habitabilis.
3178 976 3337 1041 Plus,
3369 976 3578 1048 inquit,

200 1059 397 1111 Πλεῐον
489 1058 549 1113 δὲ
622 1062 912 1133 Σολομῶνος
988 1062 1111 1131 ὧδε,
1189 1074 1367 1139 φησὶν,
1451 1072 1531 1123 ὅτι
1592 1073 1818 1145 Σολομὼν

1928 1063 2133 1119 esthoc
2154 1064 2277 1119 loco
2298 1079 2471 1135 quam
2494 1063 2789 1118 Solomon.
2806 1065 2953 1118 Nam
2977 1064 3258 1118 Solomon
3278 1063 3461 1118 solius
3486 1065 3581 1117 Ju-

194 1151 291 1219 μεν
357 1147 617 1219 βασιλεὺς
667 1148 727 1208 ἦν
798 1150 1063 1215 Ἰουδαίας
1116 1161 1277 1227 μόνης
1326 1176 1338 1186 ·
1382 1159 1407 1209 ὁ
1463 1156 1521 1211 δε
1566 1167 1816 1233 Χριστὸς,

1929 1151 2074 1208 daa
2100 1167 2202 1207 rex
2229 1156 2372 1219 erat,
2406 1151 2668 1207 Christus
2702 1167 2843 1207 vero
2868 1167 2970 1207 rex
3001 1150 3131 1207 cali
3165 1156 3218 1206 et
3248 1158 3442 1209 terra.
3483 1152 3582 1207 ille

202 1236 471 1308 βασιλεὺς
524 1238 743 1312 οὐρανοῦ
794 1245 881 1291 xui
918 1249 1037 1312 γῆς.
1090 1249 1190 1296 Καὶ
1237 1245 1262 1295 6
1320 1249 1408 1318 μεν
1451 1253 1569 1321 περὶ
1636 1255 1820 1321 σοφίας

1931 1240 2002 1297 de
2034 1240 2328 1311 sapientia
2354 1241 2623 1296 humana
2651 1240 2768 1312 ipsi
2795 1240 3089 1310 disseruit;
3118 1238 3214 1296 hic
3238 1240 3312 1296 de
3342 1241 3584 1312 sapien-

204 1324 547 1397 ἀνθρωπίνης
602 1327 733 1399 αὐτῇ
788 1325 1041 1401 διελέχθη
1101 1353 1112 1365 ο
1165 1333 1313 1395 οὗτος
1356 1332 1413 1387 δε
1464 1343 1582 1410 περὶ
1636 1344 1821 1409 σοφίας

1929 1329 2007 1384 tia
2046 1330 2250 1385 divina
2291 1345 2598 1385 sermones
2629 1329 2859 1384 habuit.
2903 1329 3222 1401 Postquam
3266 1328 3349 1385 ita
3387 1330 3582 1401 parvi-

209 1415 358 1473 θείας
424 1412 643 1466 ἐποιεῖτο
684 1419 776 1477 τάς
824 1417 1051 1488 ὁμιλίας,
1130 1420 1279 1473 Οὕτω
1325 1430 1669 1495 παραστήσας
1719 1426 1818 1478 ἀπὸ

1929 1417 2061 1472 tatis
2102 1417 2337 1473 illorum
2378 1432 2691 1472 excessum
2732 1433 2767 1472 a
2805 1418 3256 1488 comparatione
3296 1417 3582 1474 demons-

210 1506 544 1575 συγκρίσεως
601 1508 694 1562 τὴν
753 1504 1038 1580 ὑπερϐολην
1066 1517 1158 1569 τῆς
1186 1515 1373 1571 κακίας
1422 1513 1611 1578 αὐτῶν,
1644 1514 1819 1567 λοιπὸν

1931 1506 2124 1573 travit,
2159 1507 2422 1578 pradicit
2453 1506 2733 1576 deinceps
2776 1520 2881 1576 per
2905 1506 3260 1576 parabolam
3306 1522 3441 1579 qua
3484 1521 3584 1563 eos

209 1590 456 1662 προλέγει
481 1589 572 1644 διὰ
612 1591 913 1667 πάραϐολῆς
942 1598 1007 1647 τά
1036 1596 1283 1668 μέλλοντα
1308 1600 1610 1653 καταλαϐεῖν
1632 1604 1822 1665 αὐτοὺς

1219 1619 1283 1650 τα
1308 1600 1610 1653 καταλαϐεῖν
1632 1604 1822 1665 αὐτοὺς
1931 1594 2440 1667 comprehensura
2463 1598 2660 1649 essent
2691 1594 2872 1650 mala.

212 1698 377 1732 κακα.

286 1766 455 1819 Ὀταν
483 1800 549 1808 -
580 1771 826 1842 εὑρίσκει.
868 1770 1150 1847 Ἀνύδρους
1178 1780 1366 1838 τόπους
1395 1777 1548 1849 λέγει,
1582 1782 1675 1834 τὰς
1696 1779 1821 1855 ἔρη-

2004 1774 2144 1827 Vers
2198 1775 2285 1827 43.
2339 1771 2477 1828 Cum
2521 1802 2589 1812 --
2615 1772 2857 1827 invenit.
2892 1772 3128 1827 Arentia
3158 1772 3291 1829 loca
3320 1773 3457 1829 dicit
3487 1773 3584 1828 de-

215 1860 367 1926 μίας.
419 1856 572 1914 Δηλοί
600 1855 657 1910 δὲ
704 1862 798 1921 τὰς
829 1868 926 1912 τῶν
957 1860 1116 1933 ἁγίων
1145 1863 1345 1935 ψυχὰς,
1373 1866 1637 1939 μηδεμίαν
1660 1871 1822 1939 ὑγρό-

1933 1865 2109 1916 serta.
2148 1860 2451 1928 Signiﬁcat
2484 1865 2682 1916 autem
2710 1865 3059 1915 sanctorum
3077 1860 3332 1924 animas,
3352 1861 3583 1917 nullum

214 1963 358 2001 τητα
383 1947 579 2006 πάθους
623 1945 872 2018 ἐχούσας,
926 1949 1148 2022 ἐρήμους
1181 1949 1353 2005 δὲκαὶ
1394 1956 1610 2025 ἀγόνους
1637 1962 1817 2018 κακίας

1932 1948 2265 2005 affectionis
2298 1949 2610 2003 humorem
2644 1947 2947 2011 habentes,
2973 1963 3107 2017 qua
3135 1950 3312 2003 etiam
3344 1948 3584 2004 deserta

216 2034 587 2106 ὑπαρχούσας,
622 2035 693 2097 εἰς
717 2035 778 2097 ἃς
803 2037 893 2088 οὐκ
929 2039 1042 2109 ἔχει
1079 2040 1193 2111 (98)
1233 2039 1484 2113 πάροδον.

1933 2042 2085 2100 sunt,
2119 2051 2229 2091 nec
2262 2036 2435 2091 ullius
2481 2036 2605 2090 vitii
2653 2035 2943 2100 fecunda,
2994 2034 3057 2104 (-l-
3087 2037 3127 2104 κι-
3160 2036 3237 2090 ad
3276 2051 3429 2106 quas
3460 2052 3584 2091 non

1935 2123 2118 2182 habet
2148 2125 2419 2195 aditum.)

284 2212 419 2264 Τότε
451 2241 507 2248 -
534 2209 761 2272 εξῆλθον.
803 2210 955 2264 Οἷκον
1001 2214 1160 2265 αὐτοῦ
1204 2236 1350 2287 φησι,
1408 2222 1493 2269 τόν
1533 2220 1818 2293 ἄνθρωπον,

2003 2216 2159 2269 Vers.
2175 2214 2241 2268 44
2256 2258 2268 2269 .
2296 2213 2454 2268 Tunc
2470 2243 2538 2252 —
2560 2214 2729 2268 exivi.
2752 2212 3004 2267 Domum
3020 2227 3190 2267 suam
3208 2219 3379 2269 vocat
3398 2215 3587 2271 homi-

204 2296 294 2367 ἀφ’
324 2298 391 2348 οὗ
426 2297 650 2363 ἐξῆλθεν,
686 2300 789 2370 οὐχ
831 2302 974 2370 ἑκὼν,
1004 2301 1187 2355 mm
1207 2304 1377 2356 λεύσει
1418 2314 1571 2360 Θεοῦ.

1931 2318 2069 2358 nem
2088 2319 2119 2356 a
2133 2318 2255 2374 quo
2272 2316 2546 2373 egressus
2565 2307 2783 2356 estnon
2803 2303 3034 2364 volens,
3051 2306 3153 2359 sed
3174 2305 3345 2373 jussu
3357 2303 3583 2361 divino.

274 2389 381 2437 Καὶ
431 2415 492 2425 -
524 2393 929 2459 κεκοσμημένον.
963 2397 1125 2443 Τοῦτο
1152 2390 1285 2463 λέγει
1318 2400 1432 2467 περὶ
1460 2404 1556 2445 τῶν
1590 2395 1822 2448 ἀπαλλα-

2005 2392 2166 2445 Vers.
2206 2394 2298 2446 44.
2340 2393 2475 2444 Et—
2508 2396 2798 2445 ornatam.
2834 2391 2911 2446 De
2955 2394 3220 2449 liberatis
3251 2410 3285 2447 a
3316 2394 3588 2448 daemone

197 2476 399 2543 γέντων
430 2476 522 2545 μὲν
565 2483 656 2526 τοῦ
683 2474 948 2548 δαίμονος,
986 2478 1038 2541 ἐξ
1066 2478 1380 2553 ἀπροσεξίας
1399 2479 1558 2535 δὲκαὶ
1589 2483 1824 2555 ἀμελείας

1933 2477 2046 2534 hoc
2074 2478 2239 2543 dixit,
2272 2479 2374 2549 qui
2406 2478 2476 2531 ob
2516 2478 2827 2547 segnitiem
2859 2496 2928 2535 ac
2966 2481 3389 2551 negligentiam
3421 2480 3586 2565 facile

205 2561 629 2634 εὖεπιχειρήτων
663 2563 818 2615 πάλιν
858 2571 945 2618 καὶ
974 2566 1237 2618 εὐαλώτων
1262 2578 1332 2639 τῷ
1372 2566 1603 2642 δαίμονι.
1639 2573 1824 2644 Εὑρίσ-

1932 2582 2138 2621 rursus
2166 2583 2202 2622 a
2231 2566 2504 2621 damone
2532 2565 2888 2623 invaduntur
2905 2575 2960 2625 et
2980 2572 3312 2642 capiuntur.
3340 2562 3584 2633 Invenit,

206 2669 283 2702 κει
318 2652 445 2720 (99)
462 2647 541 2718 δὲ,
576 2658 725 2723 φησὶ,
748 2657 834 2705 τόν
862 2660 1108 2728 πρότερον
1136 2654 1273 2708 οἶκον
1306 2656 1464 2710 αὑτοῦ
1495 2660 1826 2731 σχολάζοντα

1934 2654 2146 2726 inquit,
2169 2654 2420 2724 priorem
2440 2654 2690 2709 domum
2719 2671 2892 2712 suam
2915 2666 3229 2714 vacantem
3252 2674 3316 2712 ac
3331 2673 3585 2713 vacuam

208 2743 297 2789 xui
327 2742 483 2791 κενόν
515 2739 670 2810 ἁγίου
703 2744 995 2814 Πνεύματος
1020 2748 1049 2802 ἤ
1076 2744 1359 2818 ἀρετῆς,ἔτι
1388 2744 1446 2799 δὲ
1466 2754 1824 2821 σεσαρωμένον

1937 2744 2153 2815 Spiritu
2187 2748 2393 2799 sancto
2426 2758 2530 2798 seu
2558 2744 2802 2813 virtute;
2831 2752 3121 2815 praeterea
3151 2747 3348 2817 scopis
3382 2761 3590 2817 purga-

205 2831 292 2878 xui
322 2829 746 2901 κεκαθαρμένον,
785 2836 1073 2897 τουτέστιν,
1134 2834 1537 2907 ηὖτρεπισμένον
1584 2837 1654 2899 εἰς
1684 2840 1821 2890 ὑπο-ν

1938 2838 2055 2888 tam
2093 2838 2149 2887 et
2188 2831 2559 2895 mundatam,
2592 2831 2707 2886 hoc
2737 2837 2826 2887 est
2880 2834 3235 2891 instructam
3275 2835 3352 2889 ad
3408 2834 3591 2904 ipsius

204 2912 386 2986 δοχὴν
416 2915 605 2967 αὐτοῦ’
624 2922 705 2970 ναὶ
734 2924 856 2990 μὴν,
872 2926 961 2972 καὶ
982 2928 1386 2993 κεκοσμημένον,
1410 2928 1592 2996 ἤγουν,
1613 2931 1824 3000 τερπνόν

1935 2922 2372 2993 susceptionem
2394 2936 2406 2975 :
2426 2921 2669 2993 insuper
2685 2926 3023 2979 etornatam
3040 2925 3161 2978 sive
3179 2922 3588 2979 delectabilem

208 3004 375 3055 αὐτῶ.
734 2986 741 2990 ’
1141 2986 1149 2992 ’
1372 2986 1465 2996 ”
1579 2986 1588 2991 ⁷
1667 2986 1676 3000 ³
1857 2986 2071 3065 Csibi.

287 3097 424 3143 Τότε
458 3122 519 3133 -
555 3092 673 3147 ἐκεῖ.
706 3101 1052 3170 Πονηρότερα,
1079 3097 1192 3151 ἀντὶ
1211 3107 1321 3165 τοῦ,
1350 3101 1673 3177 ἰσχυρότερα
1696 3108 1828 3176 πρὸς

2005 3098 2171 3153 Vers.
2195 3099 2284 3152 45.
2316 3098 2652 3153 Tunc—ibi.
2680 3099 3115 3166 Sceleratiores,
3134 3101 3248 3156 hoc
3265 3106 3371 3164 est,
3406 3099 3591 3155 fortio-

219 3180 296 3251 (1)
342 3184 406 3231 τὸ
441 3191 758 3237 κακοποιεῖν.
794 3182 1002 3238 Δέδοικε
1039 3190 1137 3260 γὰρ
1190 3188 1451 3255 εἰσελθεῖν,
1494 3196 1709 3262 μήποτε,
1763 3194 1827 3253 ὡς

1937 3200 2027 3239 res
2045 3185 2120 3241 ad
2142 3185 2670 3241 malefaciendum.
2688 3186 3074 3242 Timuitenim
3090 3187 3339 3259 ingredi,
3361 3202 3432 3241 ne
3446 3187 3590 3242 forte

226 3272 374 3339 μόνον
407 3275 499 3321 καὶ
530 3268 757 3337 ἀσθενὲς,
782 3275 935 3325 πάλιν
967 3273 1216 3348 ἀπελαθῇ.
1251 3278 1413 3330 Ἑπτὰ
1454 3276 1511 3331 δὲ
1534 3279 1725 3343 ἁπλῶς,
1762 3283 1828 3332 τὰ

1937 3279 2217 3343 tanquam
2245 3272 2412 3327 solus
2438 3288 2509 3327 ac
2530 3272 2840 3327 imbecillis
2864 3288 3073 3328 rursus
3098 3275 3424 3342 ejiceretur.
3450 3272 3590 3343 Sep-

229 3356 391 3407 πολλά
422 3378 577 3427 φασιν
608 3362 656 3411 οἱ
678 3359 933 3433 Ἑϐραῖοι.

1937 3366 2076 3426 tem,
2106 3376 2246 3415 vero
2279 3359 2504 3415 Hebrai
2532 3360 2872 3430 simpliciter
2901 3377 3003 3432 pro
3035 3362 3236 3417 multis
3268 3362 3587 3433 accipiunt.

310 3444 421 3514 [Ἦ
575 3452 794 3521 πονηρὸν
841 3458 1063 3522 πνεῦμα,
1118 3456 1512 3526 παραληπτικόν
1552 3463 1651 3506 τῶν
1702 3456 1827 3510 ἑπτὰ

2006 3450 2049 3519 -ι-
2081 3448 2330 3521 Spiritus
2361 3448 2555 3503 malus
2585 3449 2686 3519 qui
2718 3451 2969 3504 assumit
3007 3456 3233 3521 septem
3264 3452 3497 3522 spiritus
3530 3467 3592 3506 se

235 3538 582 3606 πονηροτέρων
627 3537 784 3588 αὑτοῦ
815 3543 1134 3609 πνευμάτων,
1189 3544 1328 3593 ἔστιν
1378 3544 1401 3593 ὁ
1443 3542 1694 3615 λογισμὸς
1732 3554 1825 3607 τῆς

1938 3536 2368 3601 sceleratiores,
2401 3541 2491 3593 est
2511 3537 2789 3607 cogitatio
2816 3537 3243 3608 gastrimargia
3264 3540 3386 3594 sive
3415 3538 3589 3608 gula,

236 3629 677 3696 γαστριμαργίας,
794 3627 970 3679 ἕπεται
1026 3631 1051 3680 6
1105 3638 1195 3689 τῆς
1224 3635 1477 3703 πορνείας,
1529 3637 1617 3683 καὶ
1670 3634 1694 3684 6
1735 3643 1825 3694 τῆς

1937 3642 2122 3698 quam
2155 3632 2483 3697 sequuntur
2522 3626 2799 3695 cogitatio
2841 3626 3269 3693 fornicationis,
3308 3628 3590 3693 avaritia,

241 3708 598 3783 φιλαργυρίας,
627 3716 765 3766 καὶὸ
816 3723 906 3777 τῆς
951 3717 1128 3790 ὀργῆς,
1165 3724 1252 3770 καὶ
1297 3720 1321 3769 6
1348 3727 1437 3779 τῆς
1461 3719 1646 3784 λύπης,
1683 3727 1769 3773 καὶ
1801 3723 1826 3773 ὁ

1943 3714 2193 3781 invidia,
2223 3716 2341 3781 ira,
2375 3714 2619 3770 tristitia
2649 3714 2771 3769 sive
2800 3714 3068 3786 pigritia,
3112 3732 3281 3771 vana
3310 3716 3512 3787 gloria
3541 3722 3596 3773 et

240 3804 331 3857 τῆς
361 3796 602 3867 ἁκηδίας,
637 3807 724 3855 καὶ
755 3805 778 3854 6
812 3813 901 3865 τῆς
930 3803 1246 3871 κενοδοξίας,
1270 3812 1359 3859 καὶ
1393 3810 1416 3859 6
1446 3817 1541 3869 τῆς
1567 3811 1827 3882 ὑπερηφα-
1938 3803 2255 3875 superbia.

240 3906 363 3947 νιας.

316 3906 363 3947 ις.
397 3888 414 3958 ]

316 3981 414 4029 Καὶ
441 4008 505 4017 -
534 3984 767 4052 πρώτων.
807 3985 1059 4055 Πρότερον
1085 3986 1174 4055 μὲν
1203 3987 1304 4059 γὰρ
1336 3986 1421 4057 ὑφ’
1446 3986 1551 4048 ἑνος
1582 3982 1828 4059 δαίμονος

2009 3982 2169 4036 Vers.
2187 3980 2274 4035 45.
2295 3981 2675 4049 Et—primis.
2699 3981 2863 4038 Prius
2886 3982 3045 4038 enim
3070 3982 3147 4039 ab
3174 3998 3293 4039 uno
3320 3983 3595 4039 damone

244 4061 590 4126 ἓϐασανιζετο·
626 4069 839 4142 ὕστερον
864 4067 939 4139 δὲ,
962 4072 1061 4122 ὑπὸ
1083 4072 1303 4129 πολλῶν,

1939 4069 2392 4142 torquebantur,
2422 4070 2813 4141 postmodum
2838 4085 2980 4125 vero
3006 4085 3041 4126 a
3069 4071 3289 4127 multis.

315 4154 489 4214 Οὕτως
548 4187 613 4195 -
667 4164 887 4231 πονηρᾷ.
960 4158 1158 4232 Ὠσπερ
1213 4163 1261 4213 οἱ
1311 4159 1676 4234 δαιμονῶντες,
1738 4185 1831 4236 φη-

2011 4159 2171 4214 Vers.
2210 4159 2298 4215 45.
2338 4158 2437 4215 Sic
2467 4190 2535 4198 —
2566 4173 2872 4227 perversae.
2918 4159 3081 4215 Sicut
3119 4160 3221 4227 qui
3254 4176 3290 4215 a
3318 4160 3596 4217 damone

243 4245 343 4312 σὶν,
373 4242 491 4293 ὁταν
541 4242 883 4316 ἀπαλλαγῶσι
926 4255 1016 4298 τοῦ
1058 4245 1323 4320 δαίμονος,
1373 4250 1454 4302 ἐὰν
1504 4249 1828 4323 ἀμελήσωσι,
1862 4311 1896 4323 ﬁ

1945 4246 2152 4319 inquit,
2181 4246 2580 4317 agitabantur,
2605 4247 2652 4302 si
2678 4253 3001 4320 postquam
3022 4248 3096 4303 ab
3123 4264 3194 4303 eo
3214 4247 3449 4305 liberati
3470 4247 3598 4305 fue-

234 4329 602 4405 χαλεπωτέραν
669 4335 984 4404 ὑφίστανται
1041 4341 1134 4393 τὴν
1193 4337 1455 4410 ἐπήρειαν·
1523 4341 1685 4401 οὕτως
1746 4311 1887 4393 ἕσ-Ι

1944 4336 2077 4401 rint,
2132 4335 2496 4406 negligentes
2555 4334 2691 4402 sint,
2742 4336 2916 4392 facile
2970 4352 3172 4392 rursus
3220 4338 3597 4394 vexationem

232 4435 319 4468 ται
356 4424 446 4471 καὶ
481 4428 539 4491 τῇ
594 4427 742 4492 γενεᾷ
770 4425 931 4481 ταύτη
966 4431 1027 4496 τῇ
1063 4422 1268 4496 ἀπίστῳ
1298 4431 1387 4478 καὶ
1436 4426 1634 4479 ἀπειθεῖ
1683 4446 1694 4458 ’
1747 4432 1835 4481 καὶ

1947 4425 2273 4481 sustinent:
2320 4425 2399 4480 ita
2449 4424 2555 4480 erit
2590 4430 2645 4480 et
2682 4427 3046 4495 generationi
3108 4426 3249 4482 huic
3281 4426 3600 4483 incredula

229 4507 384 4569 ὅντως
446 4507 612 4568 οὕτως
679 4509 809 4582 αὖτῇ
873 4510 1079 4568 συνέϐη.
1149 4517 1401 4588 Πρότερον
1472 4519 1561 4586 μὲν
1623 4519 1721 4589 γὰρ
1790 4518 1838 4568 οἱ

1948 4520 2003 4570 et
2040 4513 2528 4585 impersuadibili.
2580 4516 2644 4569 Et
2690 4529 2828 4568 vere
2872 4514 2948 4569 ita
2988 4514 3068 4569 illi
3108 4515 3374 4584 contigit.
3430 4514 3600 4570 Prius

227 4592 488 4647 Ἰουδαῖοι
518 4601 827 4668 κατείχοντο
882 4595 1153 4671 δαίμοσιν,
1212 4598 1699 4674 εἰδωλολατροῦντες
1750 4598 1839 4656 καὶ

1949 4601 2247 4674 siquidem
2277 4601 2459 4657 Judai
2493 4601 2874 4657 damonibus
2906 4602 3311 4670 agitabantur,
3346 4603 3601 4659 colentes

226 4685 431 4744 θύοντες
482 4685 564 4755 (3)
618 4690 737 4746 τοὺς
808 4690 952 4749 υίους
1002 4688 1168 4740 αὐτῶν
1235 4694 1324 4742 καὶ
1377 4693 1469 4752 τὰς
1530 4693 1836 4765 θυγατέρας.

1950 4690 2131 4754 idola,
2146 4690 2343 4760 eisque
2366 4689 2520 4744 ﬁlios
2545 4705 2687 4743 suos
2709 4704 2777 4744 ac
2798 4688 2949 4745 ﬁlias
2972 4690 3383 4745 immolantes:
3409 4690 3482 4744 ab
3508 4690 3601 4745 his

226 4773 646 4844 Ἀπηλλάγησαν
706 4772 765 4828 δε
812 4778 1027 4846 τούτων,
1078 4773 1171 4829 διὰ
1212 4786 1313 4829 τῶν
1364 4788 1662 4853 προφητῶν.
1702 4779 1841 4833 Ἐπεὶ

1951 4783 2149 4833 autem
2172 4792 2276 4848 per
2306 4776 2631 4848 prophetas
2658 4774 2891 4831 liberati
2904 4779 3060 4830 sunt.
3094 4776 3204 4831 Sed
3228 4775 3373 4846 quia
3394 4774 3602 4831 salutis

235 4855 295 4911 δε
326 4860 595 4931 ἠμέλησαν
627 4871 723 4924 τῆς
773 4864 965 4927 οἰκείας
1016 4870 1295 4941 σωτηρίας,
1352 4872 1440 4919 καὶ
1488 4871 1574 4920 τὸν
1628 4876 1842 4941 Σωτῆρα

1950 4867 2198 4923 domum
2262 4866 2333 4937 (j)
2394 4864 2801 4935 neglexerunt,
2871 4878 3168 4937 suumque
3235 4862 3602 4922 Salvatorem

314 4984 361 5019 νο
401 4984 469 5039 111
507 4987 652 5058 Reg.
686 5004 745 5055 κ,
793 4990 838 5043 1.

1454 5090 1679 5160 Varia
1722 5089 2042 5158 lectiones
2077 5096 2143 5156 et
2188 5095 2389 5156 nota.

319 5222 693 5354 ξὲῗζῃῗιςξῗδον
745 5232 813 5289 Α.
875 5231 958 5288 Ab
1028 5231 1099 5294 εἰς
1150 5231 1229 5290 ad
1277 5230 1507 5306 πάροδον
1565 5234 1845 5291 omiserat

320 5368 432 5441 199)
467 5365 525 5423 δέ
551 5372 770 5429 omittit
799 5373 860 5429 Β.

1320 5230 1507 5306 άροδον
1565 5234 1845 5291 omiserat
2142 5230 2213 5291 εἰς
2240 5244 2351 5356 Pro
2379 5232 2501 5310 πρὸς
2532 5230 2606 5284 Α.
2718 5298 2761 5356 h
2802 5300 2841 5355 b
2879 5302 2973 5355 ,Α

2022 5232 2098 5446 Ξεη
2132 5305 2686 5436 εξοξεξέείξετεο
2764 5314 2800 5357 ε
2844 5314 2877 5357 θ

2045 5371 2098 5443 3)
2132 5373 2307 5436 αὐτοῖς
2337 5371 2505 5430 addit
2532 5373 2598 5430 Α.

327 5491 402 5565 (1)
429 5493 879 5554 Salulisdomum
912 5499 1370 5562 Salutemsuam.
1400 5500 1536 5561 Sine
1562 5502 1792 5561 videtur
1813 5500 2023 5572 legisse
2054 5501 2243 5563 οἰκίας.

247 5295 588 5354 Hentenius.

320 5368 432 5441 199)
467 5365 525 5423 δέ
551 5372 770 5429 omittit
799 5373 860 5429 Β.
