4186 6318
615 246 712 324 Βὸὶ

613 484 869 557 ideoque
891 484 1275 551 insanientes,
1290 487 1606 540 moverunt
1622 483 1906 538 adversus
1928 495 1993 536 se
2009 479 2259 534 invicem

610 574 951 639 seditiones,
1020 574 1408 646 caadibusque
1486 588 1610 628 suae
1679 571 1872 644 gentis
1945 567 2260 625 hominum

610 661 1017 735 Hierosolyma
1038 662 1455 735 impleverunt,
1489 665 1666 733 prout
1691 658 1922 731 scripsit
1943 655 2261 728 Iosephus.

609 751 674 806 Et
722 752 847 823 jam
887 750 1054 807 facta:
1096 756 1234 807 sunt
1270 750 1614 807 novissimae
1649 762 1857 804 eorum
1896 744 2265 803 calamitates

610 841 914 910 graviores
952 838 1273 912 prioribus.
1305 841 1453 894 Nam
1484 852 1622 909 qua;
1661 837 1776 891 sub
1806 834 2171 907 Vespasiano
2210 834 2267 887 et

608 928 733 985 Tito
770 930 933 1000 passi
984 932 1143 992 sunt,
1195 927 1373 997 longe
1411 924 1844 981 miserabiliora
1874 923 2110 979 fuerunt
2150 918 2266 997 his,

609 1032 747 1089 quae
776 1017 854 1073 ab
885 1016 1181 1089 Egyptiis
1211 1022 1268 1071 et
1294 1014 1629 1088 Babyloniis
1669 1029 1739 1070 ac
1768 1010 2054 1068 Antiocho
2097 1009 2267 1065 susti-

608 1111 885 1160 nuerant.

682 1193 821 1250 Ideo
842 1194 1022 1250 etiam
1056 1193 1322 1249 Christus
1351 1193 1615 1249 dicebat:
1638 1191 1774 1247 Erit
1794 1188 2034 1260 afflictio
2067 1200 2270 1258 magna

609 1283 796 1354 qualis
822 1298 1127 1355 nunquam.
1149 1282 1259 1354 fuit
1282 1298 1448 1354 neque
1470 1283 1583 1338 erit
1614 1282 1684 1338 ⁹¹.
1704 1279 1867 1335 Dicta
1892 1278 2069 1350 igitur
2097 1289 2269 1348 para-

608 1371 751 1428 bola
779 1387 890 1427 nos
919 1387 1160 1445 quoque
1194 1372 1498 1438 docemur,
1549 1369 1715 1441 quod
1744 1369 2002 1441 quisque
2044 1382 2079 1420 a
2107 1362 2268 1420 malo

609 1459 894 1516 liberatus
916 1464 1025 1530 est,
1051 1475 1160 1515 nec
1191 1459 1401 1515 melior
1425 1458 1696 1524 efficitur,
1718 1457 1934 1513 duram
1957 1451 2270 1511 sustinebit

609 1547 895 1605 ultionem
934 1566 948 1604 :
983 1555 1040 1604 et
1066 1548 1119 1604 ei
1143 1548 1246 1621 qui
1275 1552 1601 1621 postquam
1627 1561 1663 1602 a
1690 1551 1932 1619 peccato
1962 1541 2270 1616 tyrannica

608 1638 872 1711 primum
902 1638 1242 1709 imperante
1262 1636 1545 1693 liberatus
1573 1639 1666 1692 est
1692 1650 1900 1690 rursus
1923 1632 2004 1688 illi
2030 1646 2159 1688 sese
2179 1644 2276 1686 ac-

609 1744 781 1785 cessu
811 1728 1045 1784 facilem
1090 1726 1328 1799 praebet,
1361 1725 1639 1782 miserior
1668 1724 1774 1780 erit
1811 1722 2102 1796 posterior
2137 1733 2272 1775 con-

610 1816 912 1874 demnatio
938 1817 1154 1887 priore.
1181 1816 1304 1870 Hac
1331 1816 1489 1870 enim
1510 1828 1696 1869 causa
1716 1811 1867 1866 dixit
1887 1811 2149 1867 Christus
2170 1822 2277 1880 pa-

610 1905 860 1976 ralytico
885 1921 898 1958 :
922 1904 1061 1960 Ecce
1085 1913 1263 1959 sanus
1301 1904 1501 1972 factus
1533 1917 1587 1958 es
1616 1916 1735 1956 non
1762 1914 1955 1971 pecces
1982 1897 2272 1966 deinceps,

610 2008 680 2049 ne
704 1992 850 2063 quid
873 1991 1128 2048 deterius
1163 1991 1270 2046 tibi
1300 1989 1603 2060 contingat
1632 1990 1700 2042 θ’.

684 2171 847 2224 Vers.
898 2169 983 2234 46,
1038 2170 1127 2223 47.
1184 2165 1392 2222 Adhuc
1446 2196 1510 2206 —
1565 2165 1743 2237 loqui.
1808 2162 1991 2230 Foris,
2048 2163 2111 2219 id
2160 2166 2267 2228 est,

611 2263 776 2314 extra
821 2255 1071 2312 domum
1098 2256 1158 2312 in
1190 2271 1314 2328 qua
1342 2253 1614 2325 docebat,
1682 2252 1959 2310 stabant:
1996 2267 2067 2308 eo
2109 2251 2269 2325 quod

612 2351 854 2420 propter
890 2345 1130 2401 turbam
1175 2344 1253 2402 ad
1300 2359 1440 2399 eum
1487 2343 1762 2399 accedere
1804 2357 1923 2398 non
1972 2345 2265 2414 poterant,

614 2435 765 2492 sicut
792 2433 941 2490 dixit
970 2434 1157 2490 Lucas
1191 2433 1257 2486 ⁸⁸.
1290 2432 1574 2488 Miserunt
1607 2435 1811 2488 autem
1843 2429 1913 2487 ad
1942 2428 2132 2495 illum,
2166 2430 2270 2502 qui

611 2527 923 2581 evocarent
954 2521 1143 2593 illum,
1173 2526 1241 2578 ut
1277 2521 1358 2578 ait
1388 2521 1617 2577 Marcus
1652 2522 1720 2591 ⁸⁸,
1756 2521 1875 2576 sive
1906 2522 2076 2575 extra
2104 2533 2273 2575 voca-

610 2617 760 2671 rent.
784 2613 1012 2668 Fratres
1033 2616 1235 2668 autem
1261 2610 1391 2681 ejus
1411 2610 1551 2665 dicit
1566 2608 1722 2666 ﬁlios
1741 2607 1982 2681 Ioseph,
2012 2622 2083 2664 eo
2106 2606 2271 2679 quod

610 2702 828 2756 horum
859 2705 1030 2774 pater
1056 2704 1229 2765 esset,
1257 2703 1314 2757 et
1341 2706 1593 2756 matrem
1621 2698 1776 2754 illius
1802 2696 1919 2753 sibi
1946 2697 2274 2769 desponsa‘

613 2794 847 2932 “iis.
889 2876 976 2931 48.
1027 2877 1108 2931 At
1139 2875 1245 2932 ille
1272 2905 1341 2915 —
1391 2876 1510 2931 mei
1543 2874 1572 2929 ?
1603 2874 1724 2931 Hoc
1755 2873 1901 2929 dixit
1928 2888 2047 2929 non
2081 2874 2270 2929 abne-

617 2979 769 3036 gans
808 2965 1047 3020 Matrem
1089 2980 1282 3020 suam.
1334 2963 1445 3029 Qui
1488 2963 1647 3019 enim
1693 2963 1808 3020 hoc
1837 2962 2027 3019 facere
2055 2963 2265 3035 potuit,

616 3053 718 3126 qui
733 3052 907 3108 morti
929 3068 1050 3108 suae
1070 3053 1307 3109 vicinus
1323 3066 1607 3122 magnam
1625 3051 1779 3107 illius
1791 3066 1996 3106 curam
2015 3050 2260 3107 habuit:
2300 3039 2338 3092 Ο

615 3157 810 3215 neque
830 3141 1184 3213 dedignatus
1217 3142 1306 3197 est
1333 3141 1529 3213 ipsam
1552 3139 1768 3196 habere
1796 3142 2036 3196 Matrem
2059 3141 2088 3197 ?
2119 3142 2266 3205 Quo-

613 3231 818 3301 modo,
831 3231 1072 3302 inquam
1083 3272 1096 3296 ,
1115 3229 1226 3286 hoc
1236 3229 1487 3299 fecisset,
1501 3229 1602 3302 qui
1616 3234 1856 3302 propter
1868 3229 2264 3286 reverentiam

613 3336 800 3393 quam
827 3334 969 3389 erga
988 3318 1151 3375 illam
1172 3318 1434 3390 gerebat,
1463 3334 1684 3390 aquam
1709 3318 1771 3374 in
1793 3320 1955 3376 Cana
1979 3317 2266 3375 convertit

615 3409 677 3465 in
715 3408 940 3475 vinum,
973 3412 1030 3463 et
1057 3406 1331 3464 subditus
1359 3412 1485 3464 erat
1513 3423 1633 3463 non
1661 3407 1773 3480 ipsi
1803 3407 2016 3474 solum,
2054 3421 2261 3463 verum

614 3497 790 3554 etiam
821 3497 875 3552 ei
914 3496 1018 3568 qui
1046 3500 1217 3568 pater
1246 3512 1386 3551 suus
1411 3495 1759 3552 dicebatur:
1789 3496 1869 3551 Et
1896 3501 2044 3565 erat,
2070 3494 2265 3568 inquit

611 3585 882 3642 subditus
902 3583 1018 3640 illis
1039 3585 1107 3638 9‘.
1132 3584 1189 3639 Si
1212 3584 1371 3640 enim
1388 3588 1710 3656 negaturus
1730 3583 1894 3640 illam
1914 3584 2139 3652 fuisset,
2161 3588 2265 3640 aut

613 3673 693 3731 ob
709 3690 841 3730 eam
865 3673 1095 3746 pudore
1111 3672 1481 3743 afﬁciendus,
1500 3688 1885 3746 nequaquam
1904 3673 1982 3731 ab
1999 3689 2071 3731 ea
2086 3676 2263 3730 natus

608 3759 844 3820 fuisset.
887 3760 1002 3821 Sed
1029 3761 1175 3836 quia
1202 3766 1344 3818 tunc
1379 3761 1815 3818 multitudinem
1845 3761 2119 3835 docebat,
2152 3776 2263 3818 nec

608 3868 852 3927 aequum
883 3857 1024 3919 erat,
1065 3856 1126 3908 ut
1159 3852 1271 3909 hos
1302 3852 1679 3925 relinqueret,
1712 3855 1768 3908 et
1796 3853 1875 3909 ad
1908 3858 2163 3910 matrem
2192 3869 2264 3910 ac

607 3944 814 3999 fratres
861 3946 1252 4014 procurreret,
1304 3942 1430 3999 ait:
1484 3944 1625 4007 Qum
1658 3942 2028 4014 hujusmodi
2074 3948 2264 4000 mater

609 4047 749 4088 mea
777 4035 883 4093 est,
928 4036 1031 4086 aut
1058 4030 1162 4102 qui
1197 4030 1550 4100 hujusmodi
1588 4030 1796 4087 fratres
1839 4033 1958 4087 mei
2001 4036 2158 4099 sunt,
2199 4037 2264 4087 ut

609 4124 853 4192 propter
866 4117 1106 4172 illorum
1125 4117 1510 4188 obsequium,
1530 4121 1706 4174 tantae
1734 4119 2131 4175 multitudinis
2156 4120 2262 4175 uti-

608 4207 835 4263 litatem
873 4202 1501 4276 parvipendamYNon
1537 4219 1680 4276 ergo
1719 4204 2088 4277 vilipendens
2126 4205 2258 4262 illos

1925 242 2276 321 EUTHYMII
2316 250 2649 324 ZIGABENI

611 397 977 461 occiderunt,
1000 395 1165 452 facile
1203 410 1409 450 rursus
1433 410 1469 450 a
1490 393 1870 450 daemonibus
1891 390 2048 463 capti
2082 392 2218 444 sunt
2245 404 2258 440 :

2375 387 2561 441 ἑαυτῶν
2619 390 2830 457 ἀνεῖλον,
2887 392 3273 466 εὐεπιχείρητοι
3347 396 3597 465 γεγόνασι
3674 399 3779 452 τοῖς
3851 386 3986 442 δαί-

3866 256 3983 321 39⁸2

2369 496 2496 549 μοσι
2534 479 2704 534 πάλιν.
2750 483 2837 532 Διὸ
2888 486 2977 533 xui
3021 487 3260 553 μανέντες
3320 480 3641 534 ἐστασίασαν
3697 481 3817 532 κατ’
3887 477 3988 530 ἆλ-

2370 565 2555 634 λήλων,
2643 573 2732 620 καὶ
2823 568 3076 641 ἐμφυλίων
3158 579 3366 642 σφαγῶν
3463 574 3556 628 τὴν
3632 566 3992 640 Ἰερουσαλὴμ

2862 658 3113 720 Ἰώσηπος
3164 662 3431 732 ἱστόρησε.
3483 664 3581 712 Καὶ
3642 657 3819 709 λοιπὸν
3876 654 3995 727 ἐγέ-

2372 762 2517 795 νοντο
2567 746 2621 796 αἱ
2679 747 2905 817 ἔσχαται
2981 751 3243 821 συμφοραὶ
3295 747 3462 799 αὐτῶν
3526 745 3812 821 βαρύτεραι
3882 753 3995 796 τῶν

2374 831 2752 906 πρεσϐυτέρων.
2798 837 2875 887 Τὰ
2919 838 3021 909 γὰρ
3071 839 3169 889 ὑπὸ
3222 836 3621 889 Οὐεσπασιανοῦ
3667 839 3757 887 καὶ
3816 838 3993 886 Τίτου

2377 918 2714 991 ἐπενεχθέντα
2769 922 2961 994 αὐτοῖς,
3034 924 3200 995 πολλῷ
3256 924 3598 998 χαλεπώτερα
3678 931 3778 974 τῶν
3865 917 3996 974 κατ’

2380 1013 2662 1082 Αἴγυπτον,
2725 1017 2816 1064 καί
2874 1015 3010 1065 κατὰ
3086 1011 3379 1080 Βαϐυλῶνα,
3453 1017 3544 1065 καὶ
3611 1013 3747 1064 κατὰ
3811 1010 3994 1064 ’Δντί-

2379 1118 2506 1171 οχον
2515 1143 2526 1153 .

2450 1192 2537 1241 Διό
2588 1194 2677 1241 καὶ
2745 1191 2770 1241 6
2830 1192 3059 1265 Χριστὸς
3129 1189 3311 1262 ἔλεγεν
3384 1189 3579 1244 Ἔσται
3658 1188 3834 1260 θλῖψις
3908 1189 3990 1259 (ξι)

2378 1277 2599 1350 μεγάλη,
2641 1279 2725 1330 ὄια
2793 1276 3040 1332 οὐδέποτε
3094 1283 3317 1350 γέγονεν,
3374 1274 3490 1331 οὐδ’
3541 1277 3600 1331 οὐ
3652 1281 3723 1350 μὴ
3804 1279 3989 1331 ἔσται.

2379 1369 2475 1419 Διὰ
2524 1375 2621 1428 τῆς
2665 1368 2913 1441 ῥηθείσης
2967 1364 3055 1419 οὖν
3106 1366 3407 1442 παραϐολῆς
3451 1371 3542 1419 καὶ
3586 1369 3731 1440 ἡμεῖς
3784 1368 3997 1438 μανθά-

2378 1476 2546 1528 νομεν,
2581 1457 2657 1508 ὅτι
2686 1462 2784 1516 πᾶς
2813 1457 2839 1507 6
2894 1455 3207 1527 ἀπαλλαγεὶς
3260 1463 3444 1522 κακοῦ,
3502 1460 3591 1508 καὶ
3643 1459 3714 1528 μὴ
3764 1453 3999 1527 βελτιω-

2372 654 2547 712 ἐνέπλη
2559 675 2673 720 σαν,
2727 659 2791 718 ὡς

2383 1546 2507 1610 θεὶς,
2573 1544 2800 1615 μεγάλην
2866 1545 3222 1602 ὑποστήσεται
3273 1549 3542 1620 τιμωρίαν,
3588 1548 3679 1596 καὶ
3718 1551 3794 1614 τῷ
3851 1547 3999 1615 μετὰ

2382 1638 2475 1691 τὴν
2532 1631 2814 1707 ἐλευθερίαν
2892 1641 2985 1694 τῆς
3056 1636 3411 1706 τυραννούσης
3477 1633 3733 1707 ἁμαρτίας
3812 1633 4002 1685 εὐεπί-

2384 1721 2537 1773 ϐατον
2602 1721 2753 1773 πάλιν
2818 1721 2948 1794 αὐτῇ
3018 1722 3196 1774 ἑαυτὸν
3261 1727 3563 1789 ποιήσαντι,
3634 1722 3998 1794 χώεπωτέρα

2383 1819 2476 1872 τῆς
2507 1814 2755 1886 προτέρας
2805 1807 3099 1871 καταδίκης
3141 1813 3171 1868 ἠ
3201 1813 3330 1883 μετὰ
3353 1817 3524 1863 τοῦτο·
3560 1814 3651 1862 Διὰ
3680 1818 3858 1862 ταῦτα
3887 1813 3997 1886 γὰρ

2383 1904 2627 1974 καὶπρὸς
2655 1903 2739 1951 τὸν
2768 1899 3062 1972 παράλυτον
3106 1896 3237 1952 εἶπεν
3291 1900 3317 1951 6
3370 1903 3614 1974 Χριστός·
3662 1896 3795 1963 Ἴδε,
3832 1901 4003 1970 ὑγιὴς

2381 1988 2598 2059 γέγονας
2625 2007 2635 2018 ·
2670 1992 2857 2060 μηκέτι
2886 1988 3167 2063 ἁμάρτανε,
3202 1988 3283 2040 ἵνα
3308 1992 3379 2061 μὴ
3409 1992 3588 2063 χεῖρόν
3634 1991 3687 2040 τί
3721 2007 3810 2041 σοι
3837 1992 3998 2060 γένη-

2382 2096 2488 2131 ται.

2452 2163 2566 2218 ’Ἐτι
2606 2197 2646 2205 --
2690 2164 2935 2223 λαλῆσαι.
2968 2163 3102 2227 Ἐξω
3130 2171 3225 2227 τῆς
3275 2164 3482 2226 οἰκείας,
3533 2162 3582 2215 ἐν
3612 2170 3643 2236 ᾖ
3672 2160 3987 2231 ἐδίδασκεν,

2382 2256 2612 2319 ἵσταντο,
2667 2250 2806 2305 διότι
2834 2253 2929 2305 οὐκ
2958 2250 3215 2312 ἠδύναντο
3247 2259 3523 2325 συντυχεῖν
3566 2253 3706 2324 αὐτῷ
3748 2249 3851 2305 διὰ
3902 2259 3988 2306 τόν

2380 2342 2558 2415 ὄχλον,
2607 2345 2671 2403 ὡς
2709 2343 2734 2393 6
2775 2348 2980 2404 Λουκᾶς
3020 2344 3236 2416 εἴρηκεν.
3273 2341 3604 2397 Ἀπέστειλαν
3636 2337 3697 2394 δὲ
3725 2345 3863 2417 πρὸς
3897 2342 3989 2395 αὖ-

2378 2436 2483 2503 τόν,
2516 2438 2795 2504 φωνοῦντες
2815 2430 2988 2495 αὐτὸν,
3014 2432 3083 2492 ὡς
3109 2431 3354 2503 ὁΜαρκος
3368 2426 3523 2494 εἶπεν,
3550 2434 3731 2502 ἤγουν,
3766 2430 3988 2484 καλοῦν-

2378 2541 2455 2582 τες
2482 2521 2597 2584 ἔξω.
2624 2517 2899 2591 ’Δδελφοὺς
2934 2515 2993 2570 δι
3033 2519 3216 2579 αὐτούς
3246 2538 3396 2592 φησι,
3425 2522 3547 2581 τοὺς
3576 2520 3716 2579 υἱοὺς
3756 2518 3981 2593 Ἰωσὴφ,

2381 2608 2476 2663 διὰ
2520 2614 2577 2662 τὸ
2618 2612 2703 2662 τὸν
2728 2613 2924 2682 πατέρα
2962 2610 3156 2660 τούτων
3182 2610 3616 2681 μνηστεύσασθαι
3653 2613 3749 2667 τὴν
3793 2613 3983 2661 τούτου

2378 2703 2598 2775 μητέρα.

2446 2876 2505 2930 Ὀ
2568 2874 2625 2929 δὲ
2690 2908 2749 2918 —-
2819 2895 2917 2947 μου
2951 2895 2962 2941 ;
2995 2881 3154 2927 Τοῦτο
3214 2869 3367 2941 εἶπεν,
3404 2873 3498 2926 οὐκ
3530 2873 3818 2949 ἀρνούμενος
3868 2877 3967 2932 τὴν

2378 2966 2560 3019 ἑαυτοῦ
2600 2969 2836 3037 Μητέρα,
2895 2971 3011 3025 Πῶς
3062 2965 3160 3038 γάρ

2378 3058 2599 3109 θανάτου
2655 3053 2814 3105 αὐτοῦ
2864 3055 3041 3125 καιρὸν
3095 3050 3281 3109 πολλὴν
3314 3051 3479 3113 αὐτῆς
3507 3047 3762 3125 φροντίδα
3796 3052 3976 3102 ποιοῦ-

3232 2980 3245 3025 ;
3306 2966 3331 3015 6
3397 2968 3482 3015 xui
3544 2965 3676 3015 κατὰ
3731 2965 3814 3014 τὸν
3872 2969 3962 3013 τοῦ

2373 3165 2520 3217 μενος
2575 3161 2588 3173 ·
2653 3139 2765 3194 οὐδ’
2815 3141 3190 3213 αἰσχυνόμενος
3234 3144 3291 3192 τὸ
3338 3143 3478 3212 ἔχειν
3527 3140 3689 3199 αὐτὴν
3748 3143 3974 3212 μητέρα⁹

2372 3242 2476 3294 πῶς
2504 3236 2605 3308 γάρ
2661 3271 2677 3296 ,
2723 3232 2748 3282 6
2798 3225 2891 3282 διὰ
2942 3234 3035 3287 τὴν
3087 3233 3217 3302 πρὸς
3259 3228 3420 3287 αὐτὴν
3476 3225 3613 3280 αἰδῶ
3670 3227 3977 3300 μεταϐαλὼν

2375 3324 2445 3384 εἰς
2493 3319 2625 3374 οἶνον
2680 3322 2739 3372 τὸ
2787 3315 2931 3392 ὕδωρ
2969 3316 3017 3370 ἐν
3068 3324 3230 3387 Κανᾶ,
3288 3323 3379 3370 καὶ
3427 3319 3859 3390 ὑποτασσόμενος
3917 3316 3977 3369 οὐ

2372 3416 2534 3484 ταύτῃ
2595 3415 2767 3486 μόνον,
2825 3408 2950 3461 ἀλλὰ
3003 3411 3091 3459 καὶ
3141 3415 3211 3477 τῷ
3266 3408 3564 3479 νομισθέντι
3592 3410 3757 3481 πατρὶ
3785 3405 3973 3458 αὐτοῦ·

2374 3504 2462 3554 Ἢν
2527 3500 2650 3576 γὰρ,
2718 3505 2895 3573 φησιν,
2973 3498 3393 3568 ὑποτασσόμενος
3466 3494 3662 3554 αὐτοῖς·
3740 3494 3802 3548 Εἰ
3871 3497 3975 3567 γάρ

2373 3589 2568 3662 ἔμελλεν
2626 3588 2895 3661 αρνεῖσθαι
2951 3586 3134 3652 αὐτὴν,
3182 3584 3211 3643 ἡ
3255 3585 3608 3656 αἰσχύνεσθαι
3657 3579 3730 3635 δι’
3784 3582 3975 3653 αὐτὴν,

2373 3679 2466 3732 οὐκ
2521 3680 2582 3731 ἄν
2647 3678 2773 3738 ὅλως
2830 3675 2881 3737 ἐς
2944 3674 3105 3734 αὐτῆς
3161 3673 3403 3744 ἐγεννήθη
3473 3671 3612 3726 Ἀλλ’
3668 3670 3777 3725 ἐπεὶ
3830 3691 3977 3730 τηνι-

2372 3777 2541 3822 καῦτα
2581 3771 2636 3820 τὸ
2668 3765 2860 3826 πλῆθος
2889 3761 3156 3829 ἐδίδασκε,
3220 3765 3310 3814 καὶ
3338 3762 3432 3813 οὐκ
3481 3758 3541 3820 ἧν
3586 3761 3738 3826 εἰκὸς,
3789 3758 3977 3814 ἀπολι-

2372 3855 2483 3912 πεῖν
2514 3857 2696 3917 αὐτοὺς
2726 3859 2814 3906 καὶ
2856 3850 3072 3925 δραμεῖν
3124 3854 3253 3926 πρὸς
3300 3856 3392 3909 τὴν
3445 3853 3661 3924 Μητέρα
3712 3855 3800 3902 καὶ
3848 3853 3977 3912 τοὺς

2374 3943 2649 4018 ἀδελφοὺς,
2694 3944 2829 4015 λέγει
2861 3960 2873 3972 ⁸
2906 3947 2998 4003 Τίς
3036 3940 3321 3999 τηλικαύτη
3349 3939 3491 3992 ἐστιν
3538 3941 3568 3997 ἡ
3618 3944 3793 4012 μήτηρ
3847 3958 3977 4012 μου,

2372 4041 2461 4088 xui
2507 4039 2635 4094 τίνες
2682 4033 2979 4090 τηλικόῦτοί
3031 4029 3160 4082 εἰσιν
3208 4031 3257 4081 οἱ
3309 4023 3523 4100 ἀδελφοί
3568 4046 3691 4100 μου,
3742 4029 3827 4080 ἱνα
3881 4024 3979 4095 διὰ

2370 4128 2464 4182 τὴν
2514 4125 2782 4197 θεραπείαν
2841 4120 3007 4173 αὐτῶν
3037 4115 3248 4193 παρίδω
3305 4121 3397 4174 τὴν
3448 4117 3528 4189 (5)
3582 4123 3673 4168 τοῦ
3712 4119 3974 4169 τοσούτου

2368 4212 2598 4272 πλήθους
2645 4210 2882 4283 ὠφέλειαν
2927 4224 2941 4274 ;
2994 4207 3067 4260 Οὐ
3124 4206 3383 4279 φαυλίζων
3446 4201 3533 4257 οὖν
3590 4204 3805 4274 αὐτοὺς,
3864 4202 3975 4258 εἶπε

2973 3498 3393 3568 ὑποτασσόμενος

608 4295 773 4352 hunc
794 4292 1025 4348 locutus
1050 4295 1135 4347 est
1159 4306 1518 4364 sermonem,
1544 4293 1650 4350 sed
1675 4294 1893 4350 docens
1920 4297 2080 4368 quod
2110 4312 2260 4368 prae-

2375 4305 2451 4353 τὸν
2503 4299 2653 4372 λόγον
2710 4308 2911 4365 τοῦτον,
2954 4295 3080 4348 ἀλλά
3122 4292 3415 4360 διδασκων,
3468 4295 3549 4348 ὅτι
3586 4299 3969 4369 προτιμοτέραν

610 4382 954 4456 ponendam
990 4380 1215 4453 judicet
1241 4382 1610 4454 perditorum
1642 4382 1891 4441 salutem
1943 4392 2257 4458 parentum

609 4488 682 4530 ac
710 4470 1298 4543 consanguineorum
1328 4470 1638 4545 obsequio.
1693 4475 1812 4529 Nec
1860 4474 2080 4532 mirum
2120 4491 2258 4532 cum

606 4564 847 4638 prOpter
874 4560 982 4618 hos
1008 4565 1280 4634 parentes
1309 4577 1379 4619 ac
1408 4563 1890 4634 consanguineos
1918 4565 2138 4625 habere
2167 4582 2262 4623 su—

610 4652 898 4712 stinuerit.

680 4746 840 4799 Vers.
891 4743 980 4799 46.
1022 4741 1100 4799 Et
1127 4770 1187 4785 -—-
1236 4741 1463 4811 fratres
1509 4744 1636 4801 mei.
1670 4747 1909 4801 Matrem
1941 4762 2043 4803 eos
2072 4747 2263 4804 nomi-

605 4834 790 4899 navit,
814 4833 984 4906 quasi
1015 4831 1291 4887 doctrinae
1318 4833 1558 4888 verbum
1583 4834 1644 4889 in
1668 4834 2014 4906 intelligibili
2042 4836 2259 4893 animus

608 4929 778 4980 utero
833 4919 1246 4994 suscipientes,
1305 4925 1361 4976 et
1416 4938 1685 4995 congruo
1742 4927 2008 4995 tempore
2067 4926 2270 4999 ipsum

2369 4395 2529 4465 κρίνει
2562 4397 2651 4451 τῆς
2704 4397 2802 4439 τῶν
2841 4391 3026 4458 γονέων
3074 4390 3163 4437 καὶ
3213 4393 3473 4455 συγγενῶν
3524 4385 3813 4457 θεραπείας,
3872 4388 3967 4443 τὴν

2369 4490 2468 4535 τῶν
2519 4478 2873 4551 ἀπολλυμένων
2942 4480 3223 4547 σωτηρίαν.
3282 4479 3381 4527 Καὶ
3429 4469 3579 4526 οὗδὶν
3638 4475 3960 4546 θαυμαστόν·

2372 4567 2465 4623 διὰ
2493 4571 2685 4626 ταύτην
2721 4569 2822 4641 γὰρ
2860 4570 2950 4618 καὶ
2985 4571 3153 4636 γονεῖς
3195 4568 3285 4614 καί
3339 4570 3599 4635 συγγενεῖς
3642 4563 3783 4634 ἔχειν
3807 4580 3962 4614 κατε-

2373 4656 2577 4722 δέξατο.

2445 4751 2545 4800 Καὶ
2577 4776 2643 4786 -
2679 4747 2728 4797 οἱ
2771 4740 2985 4816 ἀδελφοί
3035 4761 3157 4815 μου.
3209 4744 3424 4815 Μητέρα
3467 4742 3556 4812 μὶν
3598 4739 3783 4799 αὐτοὺς
3831 4735 3954 4789 ὠνό-

2369 4854 2552 4911 μασεν,
2614 4836 2684 4894 ὡς
2749 4828 3143 4904 ὑπδεχομένους
3202 4832 3287 4882 τὸν
3346 4829 3496 4901 λογον
3546 4837 3642 4889 τῆς
3698 4822 3966 4880 διδασκα-

2374 4930 2485 4987 λίας
2533 4922 2580 4975 ἐν
2630 4929 2691 4994 τῇ
2747 4926 2899 4994 νοερᾴ
2951 4924 3147 4993 γαστρί
3198 4927 3294 4980 τῆς
3334 4918 3538 4989 ψυχῆς,
3573 4921 3664 4970 καὶ
3718 4919 3858 4969 κατὰ
3886 4919 3971 4970 τὸν

682 5103 726 5138 ⁰¹
755 5102 970 5158 Matth.
1001 5115 1156 5167 xxxv,
1187 5102 1280 5157 21.
1334 5102 1382 5136 ⁰²
1407 5100 1580 5161 Joan.
1612 5116 1671 5169 ν,
1702 5106 1792 5160 14.
1852 5105 1902 5140 ⁸³
1935 5106 2070 5161 Luc.
2102 5122 2197 5160 vm
2230 5105 2267 5159 t'

2380 5105 2401 5141 ⁴
2425 5104 2599 5162 Marc.
2622 5118 2701 5173 ιη,
2727 5103 2815 5157 3t.
2847 5098 2896 5135 9‘
2925 5099 3070 5156 Luc.
3097 5097 3250 5168 {1,51.

1809 5279 2034 5349 Variae
2062 5279 2389 5349 lectiones
2437 5287 2502 5347 et
2540 5288 2741 5348 notae.

684 5470 757 5547 (4)
778 5474 944 5535 Unde
962 5479 1160 5533 autem
1178 5471 1649 5547 varietastexitus
1670 5475 1780 5533 hoc
1800 5476 1931 5535 loco
1950 5477 1979 5535 ?
2005 5480 2171 5536 Forte
2185 5493 2257 5537 ex

610 5546 918 5609 codicibus
946 5551 1009 5606 N.
1058 5547 1414 5605 Testamenti
1440 5546 1469 5603 7
1499 5546 1651 5605 Non.
1694 5548 1803 5606 Sed
1857 5566 1927 5606 ex
1958 5550 2254 5625 Chrysost.

2363 5481 2407 5537 t.
2437 5477 2545 5551 VII,
2576 5493 2643 5551 p.
2680 5475 2784 5551 462
2814 5478 2880 5534 D.

2531 5548 2628 5604 τοῦ
2656 5549 2830 5607 abest
2864 5555 2929 5605 A.
