4186 6318
206 326 320 386 393

217 460 551 529 προσήκοντα
605 454 784 523 καιρὸν
838 451 1206 513 ἀποτίκτοντας
1227 452 1399 503 αὐτόν’
1435 446 1683 520 ἀδελφοὺς
1731 444 1809 512 δὲ,
1841 447 1890 501 Α

217 546 287 604 ὡς
327 544 711 601 υἱοθετηθέντας
736 550 805 610 τῷ
833 542 1052 612 οὐρανίῳ
1086 545 1271 611 Πατρὶ,
1315 538 1407 590 ὸιά
1433 546 1522 597 τῆς
1548 539 1616 598 εἰς
1648 546 1809 607 Χρισ-

215 636 307 684 τόν
334 637 571 693 πίστεως,
613 635 703 681 καὶ
727 636 1001 700 γεγονότας
1046 628 1489 702 συγκληρονόμους
1528 636 1621 686 τῆς
1651 626 1811 698 βασι-

215 720 357 779 λείας
378 718 556 772 αὐτοῦ.
590 716 710 770 Εἶτα
738 717 1059 791 ἐφερμηνευει
1096 722 1179 768 τόν
1201 717 1376 787 λόγον.

287 809 473 868 Ὀστις
501 839 569 846 -
609 806 770 858 ἐστίν.
814 807 982 866 Αὐτός
1014 826 1112 875 μου
1140 811 1227 856 καὶ
1268 804 1502 875 ἀὸελφὸς,
1544 809 1633 855 καὶ
1664 799 1810 853 ἀδελ-

212 903 307 967 φὴ,
340 902 430 947 καὶ
460 901 657 967 μήτηρ,
714 894 828 945 ἀντὶ
858 902 968 957 τοῦ,
1014 895 1162 955 αὐτός
1200 914 1297 965 μου
1342 898 1593 963 συγγενὴς
1623 897 1708 943 καὶ
1740 894 1810 942 οἰ-

208 994 364 1048 κεῖος,
397 988 462 1044 ὡς
500 987 567 1035 τὰ
621 984 755 1034 αὐτὰ
808 982 919 1054 ἐμοὶ
974 992 1151 1036 ποιῶν.
1191 988 1288 1034 Καὶ
1335 985 1434 1055 γάρ
1467 982 1607 1051 κάγὼ
1647 985 1703 1032 τὸ
1738 983 1811 1032 θέ-

205 1074 354 1144 λημα
410 1082 541 1125 ποιῶ
570 1092 660 1123 του
692 1077 886 1146 Πατρός
914 1091 1033 1142 μου.
1080 1068 1222 1122 Ἀδε)
1236 1081 1328 1141 φῆς
1356 1068 1413 1121 δὲ
1444 1069 1807 1141 ἐμνημόνευσε,

208 1159 358 1214 διότι
388 1167 479 1213 καὶ
512 1164 797 1233 θυγατέρας
836 1156 975 1230 εἶχεν
1024 1162 1049 1210 ό
1104 1159 1313 1230 Ἰωσήφ·
1372 1160 1401 1216 ἦ
1460 1155 1553 1210 διὰ
1603 1162 1696 1219 τὰς
1721 1179 1813 1229 γυ-

207 1259 418 1316 ναῖκας,
477 1252 566 1309 τὰς
612 1252 666 1299 τό
718 1248 914 1320 θέλημα
954 1255 1045 1299 τοῦ
1096 1255 1227 1299 Θεοῦ
1284 1250 1556 1307 ποιούσας.
1601 1246 1814 1318 Θελημα

216 1335 277 1390 δὲ
326 1348 417 1391 τοῦ
449 1338 525 1407 (6)
554 1344 709 1405 Θεοῦ,
749 1340 806 1388 τό
838 1336 1105 1408 φυλάττειν
1158 1338 1251 1397 τὰς
1302 1336 1635 1406 εῦαγγελικὰς
1678 1336 1813 1387 ἐντο-

215 1427 333 1489 λὰς,
382 1432 470 1477 καὶ
512 1427 795 1485 σώζεσθαι.
844 1424 1004 1477 Ὠστε
1051 1421 1172 1476 οὐδὲ
1218 1426 1246 1481 ἡ
1294 1429 1464 1496 μήτηρ
1514 1425 1671 1475 αὐτοῦ
1723 1428 1813 1476 καὶ

218 1519 271 1567 οἳ
303 1512 515 1585 ἀδελφοὶ
568 1515 727 1565 αὐτοῦ
758 1510 891 1570 ἦσαν
932 1515 991 1563 οἶν
1044 1518 1215 1584 μήτηρ
1262 1512 1421 1564 αὑτοῦ
1471 1516 1556 1563 καὶ
1600 1509 1811 1584 ἀδελφοὶ

219 1606 403 1667 αὑτοῦ,
434 1603 477 1654 εἰ
503 1606 572 1674 μή
608 1601 806 1653 ἐποίουν
852 1604 910 1652 1'0
965 1600 1160 1672 θελημα
1211 1610 1300 1652 τοῦ
1352 1608 1506 1655 Θεοῦ.
1534 1601 1646 1652 Θῦκ
1672 1603 1810 1651 ἔστιν

221 1689 312 1744 οὖν
352 1689 463 1743 οὐδ’
498 1693 522 1741 ό
560 1691 707 1762 λόγος
762 1689 909 1750 οὗτος
961 1688 1269 1761 ἀρνουμένου
1317 1695 1410 1747 την
1462 1693 1595 1761 κατὰ
1642 1691 1812 1763 σάρκα

224 1785 523 1850 συγγένειαν
554 1779 772 1830 ἐκείνων·
803 1774 926 1829 οῦδὲ
967 1781 1067 1851 γὰρ
1098 1775 1249 1841 εἶπεν,
1280 1780 1359 1829 ὅτι
1389 1778 1499 1829 Οῦκ
1532 1778 1609 1848 (7)
1638 1778 1765 1829 εἰσίν
1796 1798 1806 1810 ·
1846 1790 1889 1847 Β

225 1868 357 1920 ἀλλὰ
385 1876 727 1943 προτιμῶντος
755 1871 848 1924 τὴν
902 1867 1016 1917 κατ’
1058 1865 1261 1941 ἀρετὴν,
1298 1866 1373 1937 (8)
1406 1872 1493 1918 καὶ
1533 1862 1812 1918 διδάσκον-

220 1976 333 2024 τος,
367 1958 446 2008 ὅτι
476 1952 621 2007 οὐδὲν
664 1951 846 2027 κέρδος
889 1953 1102 2024 ἐκείνης,
1153 1960 1224 2026 μὴ
1271 1958 1542 2028 παρούσης
1573 1960 1661 2007 καὶ
1690 1958 1814 2007 ταύ-

223 2064 345 2106 της.

302 2134 363 2183 Εί
389 2128 481 2183 οὖκ
514 2136 604 2189 τὴν
636 2136 886 2185 Θεοτόκον
916 2131 1009 2183 οὐκ
1040 2131 1214 2202 ὠφέλει
1245 2134 1301 2183 τὸ
1337 2134 1575 2203 γενέσθαι
1604 2135 1818 2205 Μητέρα

222 2225 376 2286 Θεοῦ,
435 2219 477 2271 εἰ
536 2224 607 2291 μὴ
663 2218 893 2293 ἐνάρετος
948 2216 1029 2288 ἧν,
1080 2224 1195 2270 τίνα
1245 2219 1303 2270 ἀν
1361 2220 1527 2293 ἕτερον
1576 2220 1814 2291 ὠφεληση

221 2313 504 2379 συγγένεια
547 2307 716 2379 ἁγίου,
751 2312 821 2378 μὴ
850 2311 1041 2378 ἔχοντα
1072 2306 1253 2381 ἀρετήν
1284 2326 1297 2372 ;
1330 2310 1442 2359 ἔστι
1465 2311 1565 2379 γὰρ
1588 2314 1674 2359 καὶ
1704 2312 1819 2368 τοῦς

214 2403 495 2467 συγγενεῖς
539 2400 610 2468 μὴ
653 2395 957 2467 λογίζεσθαι
1008 2404 1289 2466 συγγενεῖς.
1324 2402 1411 2447 καὶ
1440 2401 1559 2457 τοὺς
1585 2402 1655 2469 μὴ
1698 2417 1819 2468 συγ-

208 2492 377 2555 γενεῖς
406 2484 710 2555 λογίζεσθαι
753 2491 1036 2555 συγγενεῖς.
1067 2483 1257 2535 Ἐκεῖνο
1297 2484 1373 2554 (9)
1428 2488 1538 2556 μὲν,
1591 2482 1661 2536 δι’
1704 2484 1815 2536 ἀνο-

223 2577 483 2644 μοιότητα
540 2570 662 2643 βίου
734 2593 746 2604 ·
802 2580 952 2623 τοῦτο
1030 2568 1108 2637 δὲ,
1180 2568 1251 2623 δι’
1335 2574 1615 2643 ὁμοιότητα
1670 2572 1819 2625 πολι-

228 2664 390 2721 τείας.
449 2664 536 2712 Διὸ
594 2665 682 2711 καὶ
736 2658 992 2732 ἀλλαχοῦ,
1047 2664 1291 2731 γυναικός
1329 2681 1465 2723 τινος
1522 2662 1765 2721 εἰπούσης
1808 2680 1819 2691 ·

229 2754 481 2823 Μακαρία
511 2750 540 2806 ἡ
600 2748 771 2800 κοιλία
816 2750 845 2806 ἡ
883 2748 1204 2819 βαστάσασά
1270 2768 1345 2816 σε,
1401 2755 1490 2801 καὶ
1520 2755 1713 2821 μαστοὶ
1735 2749 1822 2812 οὓς

224 2838 489 2899 ἐθήλασας
522 2856 533 2867 ·
570 2838 664 2889 οῦκ
697 2839 974 2912 ἠρνήσατο,
1032 2837 1138 2889 ἀλλ’
1166 2839 1353 2908 ὁμοίως
1386 2836 1482 2890 εἶτε
1516 2881 1527 2892 .
1562 2842 1823 2911 Μακάριοι

218 2930 271 2980 οἱ
306 2927 586 2986 ἀκούοντες
642 2929 726 2977 τὸν
774 2926 924 2996 λόγον
976 2934 1066 2977 τοῦ
1124 2934 1255 2978 Θεοῦ
1309 2931 1391 2978 καὶ
1460 2926 1821 2998 φνλάσσοντες,

224 3018 411 3071 αὐτόν.
454 3013 616 3066 Βαϐαί
650 3024 744 3075 τῆς
773 3014 979 3087 ἀρετῆς,
1013 3015 1081 3074 εἰς
1131 3016 1257 3071 ὅσην
1296 3019 1449 3085 τιμὴν
1498 3014 1675 3085 ἀνάγει
1704 3018 1826 3075 τοὺς

228 3107 501 3177 μετιόντας
572 3102 753 3171 αὐτὴν,
842 3110 1105 3173 συγγενεῖς
1172 3103 1361 3165 αὐτούς
1422 3110 1514 3155 τοῦ
1589 3109 1824 3177 Χριστοῦ
1857 3134 1900 3192 C

230 3200 460 3245 ποιοῦσα
502 3192 513 3245 l

306 3286 441 3337 Φησὶ
474 3277 530 3332 δὲ
568 3280 683 3351 (10)
732 3281 756 3330 ὁ
804 3283 1190 3353 Χρυσὸστομος,
1251 3283 1318 3342 ὡς
1366 3282 1395 3338 ἡ
1442 3286 1629 3356 Μήτηρ
1666 3281 1824 3332 αὐτοῦ

235 3365 551 3442 ἀνθρώπινόν
613 3388 661 3420 τι
726 3373 815 3420 καί
876 3368 1003 3426 αὐτὴ
1073 3374 1185 3421 τότε
1245 3372 1507 3436 παθοῦσα,
1578 3370 1825 3427 ἠθέλησεν

234 3454 602 3519 ἐπιδείξασθαι
676 3464 786 3518 τοῖς
851 3457 1046 3528 ὄχλοις,
1124 3460 1234 3508 οἵαν
1299 3468 1455 3529 τιμὴν
1516 3460 1628 3529 ἔχει
1698 3463 1826 3532 πρὸς

236 3546 451 3603 αῦτηνὸ
482 3549 727 3620 Χριστός.
765 3549 850 3596 Διό
904 3550 992 3596 καὶ
1050 3542 1398 3607 διδάσκοντος
1457 3548 1613 3599 αὐτοῦ
1662 3567 1827 3621 παρα-

233 3640 432 3706 γέγονε,
511 3639 599 3685 καὶ
668 3633 933 3686 ἀπέστειλε
996 3634 1412 3707 μετακαλουμένη
1477 3644 1655 3687 τοῦτον
1715 3637 1824 3707 (11)

236 3723 332 3786 ἔξω
382 3732 476 3782 τῆς
515 3722 701 3790 οἰκίας,
753 3725 820 3783 ὡς
880 3719 1036 3781 δῆθεν
1101 3729 1218 3797 περὶ
1268 3724 1527 3776 οἰκειακοῦ
1590 3728 1827 3797 πράγμα-

234 3832 321 3873 τος
353 3811 583 3882 ἐντυχεῖν
611 3812 751 3881 αὐτῷ
800 3811 1076 3884 μέλλουσα,
1136 3816 1221 3864 καὶ
1270 3810 1569 3884 προσεδόκα
1624 3833 1828 3886 παραυ-

236 3905 363 3953 τίκα
399 3908 573 3952 τοῦτον
623 3900 834 3963 ἐξελθεῖν
886 3904 1016 3973 πρὸς
1070 3901 1251 3967 αὐτὴν,
1303 3905 1370 3962 ὡς
1407 3907 1535 3976 πρός
1594 3906 1828 3975 Μητέρα,

237 3989 593 4041 καταλιπόντα
619 3991 841 4050 πάντας.
896 3990 954 4041 Ὁ
1009 3987 1068 4042 δὲ
1131 3998 1283 4042 τοῦτο
1330 3994 1501 4062 γνοὺς,
1555 3989 1831 4063 ἀντέπραξε

240 4077 455 4151 μᾶλλον,
495 4082 584 4129 καὶ
636 4078 693 4129 οῦ
740 4081 891 4149 μόνον
930 4078 1023 4129 οῦκ
1079 4078 1255 4140 ἐξῆλθε
1300 4083 1429 4151 πρὸς
1478 4079 1657 4143 αὐτὴν,
1708 4078 1834 4129 ἀλλὰ

239 4170 334 4219 καὶ
364 4165 568 4237 μᾶλλον,
604 4162 675 4217 δι’
713 4164 779 4216 ὧν
820 4162 943 4231 εἶπε,
999 4171 1327 4239 κατῄσχυνεν
1368 4169 1537 4241 ἠρέμα
1569 4171 1655 4219 τὸν
1697 4168 1832 4240 φιλό-

245 4251 398 4316 δοξον
427 4257 617 4306 σκοπὸν
650 4254 777 4312 αῦτῆ
791 4275 831 4321 ς,
853 4260 942 4307 καὶ
971 4258 1027 4307 τὸ
1057 4259 1357 4329 τυραννικὸν
1392 4258 1549 4317 πάθος
1578 4265 1674 4318 τῆς
1700 4276 1835 4310 κενο-

247 4340 427 4405 δοξίας
466 4342 751 4401 ἀπήλασεν.

318 4436 438 4503 Κεφ.
507 4431 607 4485 II’.
673 4431 756 4483 Ἐν
842 4427 900 4485 δὲ
964 4439 1026 4505 τῇ
1099 4433 1267 4506 ἡμέρᾳ
1326 4433 1487 4506 ἐκεινῃ
1546 4435 1913 4529 καθῆσθαι,ῡ

241 4515 299 4571 Ἠ
368 4519 531 4589 οἰκία,
593 4523 725 4579 τινὸς
787 4516 847 4578 ἦν
908 4529 1006 4572 τῶν
1066 4521 1485 4575 πλιστευσάντων
1535 4525 1606 4585 εἰς
1660 4524 1835 4577 αὐτόν.

243 4608 514 4661 Ἐκάθισεν
546 4606 635 4659 οὖν
685 4612 823 4681 παρὰ
860 4613 953 4667 τὴν
996 4610 1282 4681 θάλασσαν,
1325 4608 1416 4663 διὰ
1458 4616 1551 4669 τήν
1599 4612 1839 4685 εὐρυχω-

238 4702 357 4772 ρίαν
398 4705 491 4751 τοῦ
541 4700 723 4753 τόπου.
758 4697 952 4750 Πολλοῦ
999 4696 1058 4751 δὲ
1098 4700 1324 4762 πλήθους
1382 4700 1839 4772 ἐπισυναχθέντος,

324 4874 373 4908 9°
404 4872 546 4929 Luc-
575 4890 657 4943 ιι,
681 4877 771 4930 27.
850 4877 893 4911 ⁹⁷
920 4875 1065 4933 ibid.
1098 4876 1184 4933 ‘28.

1175 322 1547 383 COMMENT.
1592 324 1662 377 IN
1703 317 2148 380 MATTH/EUM.
2190 353 2257 365 —
2296 323 2450 378 CAP.
2493 323 2616 380 XII.

3462 327 3567 384 394

1920 450 2232 520 parientes.
2274 450 2503 507 Fratres
2553 463 2689 504 vero
2727 450 3017 520 tanquam
3057 464 3094 506 a
3142 448 3308 507 Patre
3346 449 3570 508 caelesti

1921 538 2235 608 adoptatos
2262 554 2361 607 per
2389 537 2585 600 ﬁdem,
2622 554 2806 609 quam
2828 538 2889 593 in
2920 539 3212 594 Christum
3242 539 3565 607 habebant,

1920 626 2229 697 tactosque
2248 626 2410 693 regni
2439 627 2587 681 illius
2606 627 2961 683 cohaeredes.
2986 628 3206 685 Deinde
3225 644 3567 685 sermonem

1919 714 2079 769 hunc
2106 716 2536 786 interpretatur.

1992 804 2159 858 Vers.
2192 804 2275 856 530.
2322 804 2661 875 Quicunque
2702 834 2770 845 -—-
2827 810 2929 862 est.
2977 805 3100 875 Ipse
3146 822 3302 861 meus
3347 807 3565 875 frater,

1919 907 2079 945 soror
2106 898 2157 947 et
2198 900 2391 947 mater
2420 901 2497 947 est
2529 910 2540 946 :
2574 894 2687 947 hoc
2720 897 2827 957 est,
2854 894 3226 965 prOpiuquus
3257 910 3326 949 ac
3368 894 3571 950 dome-

1921 979 2101 1035 sticus
2140 997 2333 1045 meus,
2367 987 2563 1052 utpote
2595 984 2805 1037 eadem
2840 983 3057 1037 faciens
3099 999 3229 1053 quin
3261 998 3372 1051 ego
3416 982 3568 1039 facio

1920 1069 2284 1124 voluntatem
2316 1070 2499 1125 Patris
2534 1071 2669 1125 mei.
2715 1072 2939 1126 Sororis
2986 1074 3187 1126 autem
3210 1070 3572 1125 mentionem

1920 1156 2071 1221 fecit,
2096 1158 2238 1229 quia
2266 1158 2414 1214 ﬁlias
2437 1159 2615 1214 etiam
2640 1159 3133 1228 habebatJoseph
3164 1174 3176 1212 :
3210 1162 3314 1213 aut
3338 1162 3573 1228 propter

1920 1261 2130 1300 uxores
2167 1246 2279 1301 hoc
2309 1247 2473 1303 dixit.
2504 1247 2605 1302 Dei
2634 1252 2835 1302 autem
2873 1246 3241 1303 voluntatem
3275 1245 3434 1312 facit,
3466 1243 3575 1317 qui

1921 1334 2263 1404 evangelica
2288 1339 2585 1407 praecepta
2614 1339 2809 1392 servat
2837 1339 2895 1391 et
2923 1334 3179 1391 custodit
3216 1333 3327 1405 (k).
3367 1334 3575 1404 Itaque

1920 1436 2114 1492 neque
2154 1427 2343 1478 mater
2382 1423 2507 1495 ejus
2545 1428 2648 1479 aut
2686 1424 2895 1480 fratres
2931 1424 3060 1494 ejus
3093 1423 3347 1479 fuissent
3382 1424 3576 1478 mater

1919 1510 2067 1580 ejus,
2103 1510 2215 1565 nisi
2259 1512 2353 1567 Dei
2398 1511 2753 1568 voluntatem
2787 1512 3092 1567 fecissent.
3135 1514 3266 1567 Non
3314 1512 3574 1579 estergo

1918 1596 2012 1652 hic
2069 1614 2267 1654 sermo
2296 1600 2644 1669 abnegantis
2702 1599 3287 1671 consanguinitatem
3339 1597 3574 1653 illorum

1916 1686 2081 1755 juxta
2105 1703 2348 1743 carnem
2391 1704 2402 1743 :
2445 1703 2641 1759 neque
2681 1689 2839 1743 enim
2901 1688 3071 1745 dixit.
3113 1690 3241 1742 Non
3291 1689 3429 1741 sunt
3470 1683 3576 1740 sed

1919 1775 2320 1846 praeponentis
2359 1792 2495 1831 eam
2524 1792 2659 1847 quae
2692 1777 3027 1832 secundum
3058 1776 3337 1831 virtutem
3366 1776 3474 1843 est,
3506 1787 3577 1831 ac

1920 1864 2187 1919 docentis
2216 1863 2442 1921 nullam
2482 1864 2637 1921 illius
2671 1879 2801 1921 esse
2839 1864 3173 1932 utilitatem,
3216 1862 3335 1919 nisi
3363 1865 3419 1919 et
3446 1861 3577 1918 hac

1920 1952 2095 2009 adsit.

1996 2127 2168 2194 Quod
2192 2128 2239 2183 si
2259 2142 2367 2183 nec
2391 2128 2491 2184 Dei
2507 2128 2669 2185 Matri
2710 2128 2984 2201 genuisse
3013 2127 3181 2184 illum
3226 2124 3571 2199 profuisset,

1924 2216 2038 2272 nisi
2068 2216 2352 2273 virtutem
2374 2222 2569 2274 secuta
2594 2218 2818 2287 fuisset,
2851 2218 2947 2273 cui
2973 2216 3135 2273 alteri
3160 2215 3436 2289 proderit,
3462 2214 3575 2271 viri

1927 2306 2115 2362 sancti
2160 2321 2289 2360 esse
2343 2310 2686 2375 cognatum,
2740 2307 2787 2361 si
2816 2306 3095 2363 virtutem
3151 2320 3272 2361 non
3333 2304 3572 2360 habeat.

1928 2395 2221 2465 Contingit
2252 2395 2410 2449 enim
2434 2402 2489 2449 et
2513 2398 2797 2463 cognatos
2832 2410 2953 2450 non
2979 2394 3189 2449 haberi
3217 2408 3327 2465 pro
3360 2405 3581 2461 cogna-

1928 2483 1999 2538 tis
2026 2486 2224 2537 etnon
2255 2487 2541 2552 cognatos
2566 2498 2674 2553 pro
2704 2483 2972 2553 cognatis
2998 2482 3206 2538 haberi
3233 2504 3245 2536 :
3276 2480 3419 2536 illud
3447 2479 3581 2552 qui-

1930 2572 2067 2626 dem
2097 2575 2337 2643 propter
2360 2572 2530 2626 vitam
2560 2571 2935 2639 dissimilem,
2968 2571 3082 2627 hoc
3112 2574 3312 2627 autem
3332 2572 3579 2642 propter

1929 2660 2392 2715 conversationis
2434 2659 2900 2714 similitudinem.
2950 2660 3099 2724 Quia
3140 2663 3198 2715 et
3249 2658 3392 2714 alibi
3435 2673 3577 2712 cum

1931 2748 2141 2803 mulier
2156 2748 2433 2818 quaedam
2451 2747 2681 2803 dixisset
2705 2765 2717 2801 :
2740 2749 2964 2803 Beatus
2979 2752 3180 2804 venter
3198 2747 3298 2818 qui
3320 2752 3373 2802 te
3384 2750 3580 2817 porta-

1932 2837 2034 2901 vit,
2068 2844 2123 2892 et
2162 2836 2346 2892 ubera
2374 2851 2503 2906 quae
2538 2836 2754 2891 suxisti
2784 2838 2853 2903 9⁸,
2886 2850 3006 2891 non
3031 2838 3287 2906 negavit,
3321 2834 3420 2890 sed
3449 2832 3582 2904 pari

1934 2926 2115 2980 modo
2142 2924 2287 2980 dixit
2310 2942 2320 2977 :
2343 2926 2523 2981 Beati
2547 2924 2915 2995 quiaudiunt
2938 2924 3176 2979 verbum
3194 2924 3366 2980 Deiet
3388 2927 3582 2979 custo-

1933 3014 2099 3069 diunt
2124 3014 2278 3069 illud
2303 3016 2370 3067 97.
2400 3016 2443 3069 Ο
2470 3013 2892 3069 admirandam
2914 3013 3216 3082 virtutem,
3244 3027 3380 3084 qum
3407 3011 3489 3068 ad
3519 3025 3581 3067 se

1935 3102 2282 3157 accedentes
2332 3101 2409 3158 ad
2448 3106 2681 3158 tantum
2714 3101 2933 3158 extollit
2969 3101 3261 3159 honorem
3302 3103 3368 3155 ut
3412 3098 3580 3170 ipsos

1935 3191 2140 3246 Christi
2170 3190 2344 3245 faciat
2369 3205 2495 3244 esse
2527 3194 2830 3261 cOgnatos.

2006 3279 2465 3349 Chrysostomus
2495 3282 2695 3332 autem
2739 3276 2887 3333 dixit
2922 3277 3086 3347 quod
3114 3279 3290 3332 Mater
3318 3276 3446 3345 ejus
3473 3280 3584 3332 hu-

1935 3382 2186 3423 manum
2223 3365 2511 3436 quiddam
2551 3370 2606 3419 et
2635 3366 2765 3436 ipsa
2804 3369 2945 3419 tunc
2977 3364 3336 3435 patiebatur,
3376 3363 3579 3419 volens

1935 3454 2125 3510 turbis
2148 3454 2531 3508 demonstare
2559 3469 2740 3524 quem
2770 3467 2910 3522 erga
2940 3468 3004 3507 se
3046 3453 3305 3508 Christus
3333 3452 3580 3508 haberet

1934 3543 2225 3599 honorem
2259 3559 2271 3597 :
2304 3542 2437 3597 ideo
2463 3542 2641 3597 etiam
2673 3558 2810 3597 cum
2836 3541 2932 3596 ille
2958 3542 3206 3607 doceret,
3239 3543 3579 3613 importune

1939 3631 2179 3686 accessit
2222 3634 2276 3686 et
2326 3630 2564 3685 mittens
2605 3629 2915 3686 accersivit
2951 3646 3089 3687 eum
3132 3634 3297 3685 extra
3331 3630 3578 3696 domun,

1938 3724 2225 3790 tanquam
2246 3718 2511 3774 videlicet
2527 3734 2635 3775 sua
2655 3720 2964 3775 autoritate
2990 3719 3062 3774 ad
3082 3717 3584 3790 interpellandum

1938 3824 2076 3863 eum
2101 3806 2408 3863 accederet
2436 3806 2504 3876 (ι)
2542 3822 2555 3858 :
2604 3822 2749 3863 nam
2781 3806 3056 3877 sperabat
3094 3806 3263 3861 illum
3302 3806 3583 3862 continuo

1938 3896 2153 3952 relictis
2178 3895 2455 3950 omnibus
2499 3895 2578 3951 ad
2620 3910 2680 3949 se
2723 3910 3101 3965 egressurum
3139 3894 3313 3966 quasi
3354 3894 3433 3951 ad
3452 3894 3568 3950 Ma-

1938 3989 2109 4042 trem.
2138 3987 2207 4038 At
2240 3983 2335 4039 ille
2360 3984 2472 4039 hoc
2510 3982 2747 4053 cognito
2777 3984 3137 4039 contrarium
3165 3982 3370 4054 potius
3403 3981 3541 4039 fecit
3571 3998 3584 4037 :

1940 4078 1996 4129 et
2024 4088 2145 4129 non
2176 4073 2373 4129 soIUm
2403 4072 2481 4129 ad
2504 4072 2663 4127 illam
2692 4087 2813 4127 non
2842 4075 2930 4127 est
2947 4086 3246 4141 egressus,
3270 4070 3375 4126 sed
3396 4072 3590 4142 magis

1942 4163 2131 4218 verbis
2169 4162 2291 4218 suis
2330 4161 2715 4217 intentionem
2754 4160 2928 4230 illius,
2969 4176 3093 4231 qua
3131 4160 3446 4231 gloriolam
3487 4175 3590 4217 ve-

1945 4253 2219 4318 nabatur,
2262 4250 2547 4316 confudit,
2581 4254 2638 4307 et
2661 4250 3037 4323 tyrannicum
3064 4265 3232 4307 vanae
3270 4248 3471 4320 gloriae
3501 4248 3594 4305 af-

1944 4340 2162 4398 fectum
2190 4339 2419 4409 abegit.

2018 4433 2163 4502 Cap.
2204 4431 2343 4484 XIII.
2377 4428 2540 4484 Vers.
2585 4428 2636 4481 1.
2669 4428 2742 4482 In
2771 4427 2861 4483 die
2888 4433 3083 4483 autem
3112 4426 3215 4481 illo
3247 4456 3313 4467 —
3349 4441 3505 4482 vers.
3540 4428 3595 4480 2.

1946 4518 2199 4575 Sederat.
2222 4519 2444 4573 Domus
2473 4520 2597 4571 erat
2628 4515 2877 4587 alicujus
2903 4515 3000 4585 qui
3031 4514 3092 4569 in
3131 4515 3301 4569 illum
3341 4513 3597 4569 credide-

1946 4613 2056 4664 rat.
2092 4606 2343 4663 Sedebat
2370 4620 2509 4675 ergo
2538 4606 2704 4675 juxta
2733 4619 2894 4658 mare
2918 4606 3153 4672 propter
3177 4602 3293 4656 loci
3322 4600 3597 4671 amplitu-

1950 4696 2153 4753 dinem
2169 4710 2391 4768 magna
2408 4709 2546 4751 vero
2566 4690 3004 4748 multitudinem
3022 4689 3169 4745 inibi
3190 4687 3599 4759 aggregata,in

1481 5054 1707 5127 Variae
1744 5054 2073 5123 lectiones
2104 5062 2171 5120 et
2208 5060 2412 5119 notae.

442 5255 550 5317 τοῦ,
580 5249 765 5307 Abest
802 5253 870 5307 Α.

450 5320 632 5394 lntell.
668 5328 954 5394 συγγενεῖς.

451 5392 638 5450 Intell.
662 5392 989 5467 συγγένειαν·

334 5248 356 5465 ἕ

362 5253 392 5305 6

353 5322 388 5374 7

362 5253 392 5305 6

359 5322 388 5374 7

359 5250 413 5464 ϐξ

336 5565 418 5641 (It)
450 5565 609 5623 Dixit
638 5599 701 5609 --
723 5568 979 5624 custodit.
1008 5566 1181 5633 Dixit,
1210 5584 1340 5641 quae
1369 5566 1735 5624 voluntatem
1756 5568 1869 5641 Del

266 5638 507 5695 faciunt.
539 5640 817 5695 Voluntas
858 5648 1057 5695 autem
1098 5638 1494 5708 Deifservare
1520 5639 1867 5709 evangelica.

261 5716 556 5785 praecepta
586 5718 643 5767 et
672 5711 916 5766 salutem
956 5712 1266 5782 consequi.

734 5799 969 5855 PATROL.
1011 5801 1117 5855 Gn.
1161 5799 1406 5857 CXXIX.

2066 5248 2120 5319 9)
2147 5250 2268 5301 εκεῖ.
2303 5249 2361 5301 Β.

2359 5314 2476 5446 XI},
2500 5326 2641 5388 pag.
2667 5312 2791 5371 467.
2820 5311 2885 5367 C.

2069 5387 2157 5446 11)
2187 5390 2339 5443 αὐτόν
2367 5387 2441 5446 Α.

2056 5563 2765 5636 Tanquam-accederet.
2817 5565 3126 5632 Tanquam
3175 5558 3248 5616 de
3301 5574 3363 5615 re
3410 5556 3615 5613 dome-

1981 5639 2129 5695 stica
2157 5634 2295 5693 cum
2327 5652 2395 5693 eo
2423 5652 2599 5707 agere
2636 5634 2829 5691 vellet.

3152 5787 3219 5840 13
