4186 6318
649 345 758 399 395

1985 337 2329 397 EUTHYMII
2367 337 2690 397 ZIGABENI
3927 341 4008 398 396

652 482 891 538 gressus
910 468 1113 526 navim
1139 483 1270 540 quea
1295 467 1356 524 in
1377 471 1618 539 portum
1640 465 1900 524 addtuca
1940 481 2060 532 era,
2081 466 2290 522 sedens

2408 466 2645 518 εἰσελθὼν
2695 465 2762 527 εἰς
2800 465 2974 517 πλοῖον
3015 464 3378 537 όρμιζὸμενον,
3414 464 3655 523 ἐκάθητο
3693 463 3900 518 α’λιεύων
3921 472 4011 529 τοὺς

650 559 987 632 piscabatur
1015 574 1115 614 eos
1144 558 1248 629 qui
1284 561 1448 614 erant
1486 556 1548 612 in
1578 561 1754 611 terra.

1026 646 1188 702 CAP.
1230 648 1452 702 XXXIV.
1485 646 1568 701 De
1591 644 1913 715 parabolis.

719 737 892 794 Vers.
921 737 975 792 2.
1011 736 1326 806 Omnisque
1363 767 1431 774 —
1466 733 1791 802 parabolis.
1826 733 1934 787 Per
1971 731 2295 804 parabolas

649 839 894 882 omnem
930 825 1091 880 hunc
1118 824 1258 880 texit
1288 838 1626 879 sermonem
1660 838 1672 875 :
1705 838 1773 877 eo
1812 821 1978 892 quod
2017 821 2294 874 maximae

647 913 859 980 turbae,
900 912 1150 969 immisti
1182 916 1374 969 essent
1416 910 1617 982 plures
1650 909 1868 966 Scribae
1907 913 1963 964 et
1993 907 2292 976 Pharisaei,

648 1003 866 1074 quibus
904 1001 1145 1058 nolebat
1172 1000 1452 1057 doctrinae
1482 1001 1647 1055 nuda
1674 1013 2008 1070 proponere
2041 1001 2290 1062 secreta,

650 1094 893 1162 propter
919 1089 1256 1146 insanabile
1286 1088 1519 1146 illorum
1545 1088 1774 1144 vitium.

721 1268 885 1322 Vers.
942 1269 992 1322 3.
1043 1265 1255 1324 Dicens
1302 1282 1314 1322 :
1374 1296 1442 1306 —
1488 1265 1564 1322 ad
1613 1265 2044 1321 seminandum.
2109 1265 2294 1318 Lucas

649 1358 850 1413 autem
901 1354 1145 1422 addidit,
1203 1369 1414 1412 samem
1459 1370 1625 1410 suum
1686 1354 1754 1407 98.
1817 1353 1926 1419 Qui
1976 1351 2296 1408 seminabat

647 1447 774 1500 erat
815 1443 1077 1500 Christus
1114 1445 1335 1500 docens
1368 1461 1382 1512 ;
1430 1457 1636 1499 semen
1677 1456 1815 1497 vero
1867 1456 2064 1509 suum,
2099 1454 2295 1496 sermo

647 1531 930 1588 doctrinae
974 1531 1152 1588 illius.
1205 1530 1396 1588 Exivit
1437 1545 1581 1601 ergo
1623 1529 1686 1586 in
1729 1529 1990 1586 civitates
2033 1533 2089 1585 et
2130 1529 2294 1584 vicos

644 1618 859 1675 Judaeae
897 1619 976 1676 ad
1003 1621 1205 1692 ipsum
1233 1619 1653 1676 seminandum
1681 1618 1744 1673 in
1782 1622 2001 1674 terram
2039 1616 2295 1672 intellec-

643 1708 868 1765 tualem
913 1708 1250 1767 animaram
1288 1709 1716 1775 humanarum,
1759 1707 1882 1762 sive
1920 1706 1982 1762 in
2021 1710 2282 1762 mentem

642 1795 900 1854 illorum.

714 1888 874 1941 Vers.
940 1889 994 1942 4.
1064 1887 1138 1941 Et
1198 1887 1336 1942 dum
1388 1915 1459 1929 —
1521 1886 1653 1942 illa.
1718 1885 2134 1955 Interpretatus
2201 1887 2292 1937 est

645 1971 908 2028 Christus
944 1973 1071 2044 ipse
1103 1974 1258 2029 hanc
1294 1973 1669 2046 parabolam,
1710 1977 1766 2028 et
1803 1987 1904 2027 eas
1933 1987 2069 2042 quae
2106 1970 2167 2025 in
2205 1986 2290 2025 se-

643 2060 969 2132 quentibus
993 2067 1298 2132 ponuntur
1338 2080 1352 2129 ;
1406 2062 1674 2117 dicemus
1712 2066 1913 2115 tamen
1963 2063 2019 2114 et
2075 2074 2182 2114 nos
2213 2058 2287 2113 de

640 2148 784 2219 ipsis
807 2149 976 2220 juxta
1013 2151 1183 2206 vires.
1228 2153 1331 2206 Via
1369 2151 1580 2206 dicitur
1609 2151 1712 2222 qui
1752 2149 1948 2220 segnis
1987 2153 2077 2203 est
2117 2166 2130 2202 :
2183 2148 2287 2218 qui

640 2237 893 2293 verbum
931 2237 1214 2295 doctrinae
1254 2239 1462 2295 auditu
1489 2239 1735 2311 quidem
1768 2237 2036 2308 percipit,
2075 2251 2283 2291 verum

639 2324 787 2382 illud
843 2326 905 2382 in
948 2327 1126 2384 corde
1170 2345 1280 2385 suo
1316 2344 1439 2401 prae
1488 2328 1731 2399 segnitie
1778 2342 1895 2382 non
1945 2325 2282 2391 abscondit,

639 2414 747 2471 sed
787 2417 960 2488 quasi
1009 2417 1100 2475 via
1150 2418 1516 2483 conculcata,
1569 2417 1823 2488 ideoque
1870 2414 2042 2485 dura,
2088 2414 2286 2486 ipsum

638 2501 752 2560 fert
788 2503 993 2562 leviter
1026 2505 1393 2578 impositum.
1434 2505 1713 2562 Volucres
1752 2509 1948 2561 autem
1990 2503 2120 2560 coeli
2160 2503 2285 2558 dte-

637 2592 848 2648 monia
873 2597 1012 2650 sunt
1040 2593 1102 2648 in
1131 2609 1260 2651 aere
1299 2594 1628 2650 habitantia
1665 2594 1828 2665 (nam
1855 2597 1912 2649 et
1941 2609 2134 2650 aerem
2168 2607 2282 2647 cce-

638 2678 766 2734 lum
796 2680 1116 2752 appellavit
1149 2681 1471 2754 Scriptura)
1502 2698 1638 2753 quae
1669 2697 1848 2753 super
1884 2682 2085 2751 ipsum
2113 2680 2287 2734 devo-

637 2765 851 2833 lantes,
883 2768 1050 2839 quod
1075 2769 1133 2822 in
1164 2769 1342 2824 corde
1367 2771 1493 2840 ejus
1523 2771 1883 2826 seminatum
1907 2772 2052 2834 erat,
2079 2767 2289 2823 tollunt

637 2855 843 2923 utpote
872 2869 995 2909 non
1024 2855 1387 2912 occultatum
1431 2873 1443 2910 :
1475 2859 1639 2926 quod
1677 2858 1836 2913 enim
1875 2855 2089 2910 dicitur
2130 2871 2142 2906 :
2181 2857 2287 2910 Co-

637 2941 967 3010 mederunt,
1010 2943 1170 3000 idem
1200 2949 1291 3001 est
1343 2960 1413 3002 ac
1443 2944 1493 3001 si
1522 2945 1774 3013 dicatur,
1809 2944 2181 3002 abstulerunt
2230 2948 2286 3000 et

639 3036 1052 3102 corruperunt.

711 3120 869 3176 Vers.
890 3120 953 3210 5.7
969 3120 1111 3210 Alia
1132 3136 1262 3178 vero
1283 3137 1515 3181 —vers.
1546 3126 1598 3178 6.
1626 3126 2010 3180 exaruerunt.
2046 3124 2287 3180 Petrosa
2322 3153 2363 3210 ρ

636 3207 770 3264 loca
807 3209 1206 3280 pusillanimis
1243 3214 1332 3268 est
1375 3215 1477 3268 aut
1527 3211 1694 3284 parvi
1741 3213 1924 3269 homo
1960 3212 2138 3269 animi
2182 3213 2285 3285 qui

639 3313 843 3354 semen
898 3297 1148 3370 quidem
1189 3300 1250 3355 in
1307 3300 1480 3357 corde
1538 3317 1649 3357 suo
1695 3301 2025 3368 abscondit,
2083 3318 2286 3357 verum

637 3402 752 3442 non
781 3387 963 3443 habet
991 3391 1200 3444 terram
1229 3389 1479 3446 multam
1519 3390 1642 3446 sive
1678 3390 2143 3462 profunditatem
2177 3407 2189 3444 :
2225 3391 2285 3446 in

638 3491 758 3546 quo
790 3475 1060 3546 protinus
1100 3482 1303 3533 exorta
1341 3483 1427 3534 est
1456 3479 1620 3544 ﬁdes,
1658 3494 1777 3535 non
1819 3485 2016 3534 tamen
2040 3479 2287 3533 ﬁrmiter

641 3563 914 3630 solidata,
947 3581 1017 3620 eo
1044 3566 1208 3637 quod
1234 3566 1633 3631 stabilitatem,
1671 3573 1730 3622 ut
1760 3568 1983 3622 dictum
2023 3573 2128 3631 est,
2164 3582 2285 3621 non

638 3651 877 3708 habeat.
922 3656 1068 3708 Nam
1117 3669 1250 3725 quae
1284 3654 1527 3711 modica
1577 3661 1729 3710 terra
1770 3654 2130 3721 ocultantur,
2189 3671 2285 3708 ve-

639 3737 838 3796 lociter
865 3741 1226 3809 exoriuntur,
1281 3743 1404 3799 sole
1452 3747 1652 3800 autem
1700 3748 1920 3812 exorto,
1963 3743 2097 3799 dico
2143 3758 2286 3798 sane

638 3830 947 3900 proposita
1001 3831 1342 3888 tentationis
1400 3833 1774 3903 probatione,
1832 3837 2160 3888 exuruntur
2218 3848 2287 3887 ac

639 3917 1082 3975 inﬂammantur
1115 3937 1127 3976 :
1164 3925 1220 3976 et
1265 3920 1411 3993 quia
1449 3922 1708 3977 radicem
1738 3936 1859 3977 non
1893 3921 2130 3986 habent,
2165 3935 2289 3991 qua

638 4005 1059 4076 refrigerentur
1128 4009 1249 4064 sive
1317 4008 1708 4076 stabiliantur,

640 4096 900 4167 demque
934 4095 1211 4168 produnt.

712 4185 869 4238 Vers.
915 4185 968 4238 7.
1009 4183 1156 4238 Alia
1214 4189 1500 4239 autem—
1529 4184 1657 4248 illa,
1713 4183 1909 4253 Spinae
1971 4186 2109 4238 sunt
2156 4183 2288 4238 vitae

643 4270 1000 4340 sollicitudo,
1014 4285 1286 4342 pungens
1303 4270 1572 4326 animam
1588 4287 1657 4327 ac
1670 4271 1952 4342 dejiciens
1973 4292 1984 4335 ;
2006 4274 2290 4343 praeterea

645 4365 701 4415 et
741 4357 1013 4430 deceptio
1053 4358 1410 4424 divitiarum,
1461 4359 1612 4416 sicut
1651 4363 1706 4417 et
1748 4359 1973 4415 deliciae
2022 4376 2093 4416 ac
2134 4375 2291 4416 vana

643 4445 853 4519 gloria,
896 4447 1218 4504 vinolentia
1274 4447 1377 4519 (m)
1431 4448 1666 4521 aliaque
1728 4447 2100 4519 hujusmodi,
2155 4464 2291 4521 quae

644 4536 851 4593 omnia
900 4542 1037 4593 sunt
1073 4552 1238 4593 mera
1273 4537 1538 4610 deceptio
1591 4554 1603 4592 :
1659 4537 1822 4596 bona
1875 4537 2167 4609 siquidem
2209 4538 2292 4594 vi-

644 4624 878 4691 dentur,
905 4640 1114 4682 verum
1150 4631 1425 4699 pungunt
1467 4630 1524 4682 et
1550 4626 1676 4682 haec
1706 4627 1767 4682 in
1797 4627 2049 4682 modum
2080 4626 2288 4698 spinae,

645 4731 716 4772 ac
737 4715 991 4772 molesta
1015 4720 1171 4772 sunt.
1204 4717 1601 4773 Ascenderunt
1625 4719 1846 4782 autem,
1877 4715 1992 4772 hoc
2022 4719 2131 4781 est,
2172 4732 2292 4774 cre-

642 4808 874 4871 verunt,
906 4806 1268 4878 potentiores
1296 4805 1520 4864 effectae
1550 4811 1703 4864 sunt.

1780 4013 2155 4073 exarescunt,
2224 4006 2288 4061 ﬁ-

719 4989 767 5024 "
805 4989 943 5044 Luc.
971 5003 1092 5055 vm,
1123 4991 1173 5044 5.

2408 553 2535 624 ἐντῇ
2569 561 2660 625 γῇ-

2728 647 2870 694 ΚΕΦ.
2907 641 3020 695 ΚΔ’.
3063 646 3182 716 Περὶ
3225 649 3326 712 τῷν
3360 641 3718 717 παραϐολῶν.

2481 733 2578 780 Καὶ
2634 736 2732 788 πᾶς
2779 761 2845 770 —-
2884 729 3229 805 παραϐολαῖς.
3286 734 3391 783 Διὰ
3462 730 3787 804 παραϐολῶν
3843 734 4010 803 ὑφαίνει

2405 820 2597 874 ταύτην
2627 823 2799 869 πᾶσαν
2857 823 2948 876 τὴν
2989 819 3210 890 ὁμιλίαν,
3256 817 3352 872 διὰ
3416 822 3480 871 τὸ
3545 819 3911 892 ἀναμεμίχθαι
3943 832 4009 873 νῦν

2404 904 2623 975 μάλιοτα
2683 914 2791 968 τοῖς
2845 907 3020 978 ὄχλοις
3098 906 3313 967 πολλοὺς
3389 914 3750 982 Γραμματείς
3807 916 3893 961 καὶ
3934 918 4008 962 Φα-

2403 997 2658 1065 ρισαὶους,
2706 992 2783 1055 οἷς
2822 996 2914 1047 οὐκ
2969 995 3199 1048 ἐϐούλετο
3236 994 3424 1067 γυμνᾶ
3496 998 3783 1070 προθεῖναι
3837 1001 3900 1049 τὰ
3941 1008 4006 1060 τῆς

2405 1079 2757 1146 διδασκαλίας
2805 1089 3093 1160 μυστήρια,
3155 1082 3247 1137 διὰ
3292 1090 3393 1144 τὴν
3431 1085 3651 1138 ἀνίατον
3700 1092 3887 1140 κακίαν
3936 1089 4006 1138 αὖ·

2403 1190 2502 1222 των
2511 1213 2523 1226 ,

2477 1263 2652 1330 Λέγων
2696 1293 2762 1302 -
2825 1270 2917 1314 τοῦ
2968 1270 3198 1335 σπεῖραι.
3256 1262 3314 1315 Ὀ
3373 1260 3440 1316 δὲ
3505 1270 3728 1324 Λουκᾶς
3781 1267 4004 1337 προσέθη-

2403 1366 2505 1414 κεν,
2540 1350 2728 1402 ὅτιτόν
2757 1355 2949 1426 σπόρον
2992 1351 3175 1406 αὐτοῦ.
3241 1356 3339 1405 Καὶ
3408 1357 3655 1427 σπείρων
3713 1358 3808 1425 μέν
3867 1353 4002 1421 ἐστιν,

2405 1439 2430 1488 ὁ
2460 1441 2694 1512 Χριστὸς
2741 1436 3032 1492 διδάσκων·
3070 1445 3257 1513 σπόρος
3316 1437 3378 1492 δὲ
3413 1441 3611 1508 αὐτοῦ,
3667 1444 3694 1493 ὁ
3748 1441 3895 1512 λόγος
3929 1450 4003 1502 τῆς

2405 1522 2759 1588 διδασκαλίας
2810 1528 2989 1584 αὐτοῦ.
3052 1534 3151 1582 Καὶ
3212 1527 3392 1592 ἐξῆλθε
3444 1533 3545 1602 μὲν
3609 1530 3683 1592 εἰς
3729 1533 3820 1590 τὰς
3861 1530 4004 1591 πόλεις

2403 1620 2493 1666 καὶ
2520 1620 2695 1686 κώμας
2724 1624 2812 1676 τῆς
2842 1614 3124 1682 Ἰουδαίας,
3175 1614 3267 1670 διὰ
3303 1621 3362 1669 τὸ
3400 1625 3634 1690 σπεῖραι
3668 1627 3851 1670 τοῦτον
3887 1617 3929 1670 ἐν
3951 1625 4000 1674 τῆ

2403 1711 2560 1775 νοητῇ
2616 1724 2682 1776 ’γη
2716 1714 2814 1756 τῶν
2863 1704 3192 1778 ἀνθρωπίνων
3247 1705 3472 1778 ψυχῶν,
3519 1711 3718 1778 ἤγουν,
3763 1706 3812 1758 ἐν
3850 1715 3916 1777 τῷ
3942 1709 4004 1758 νοὶ

2326 1814 2370 1869 Β
2402 1794 2592 1843 τούτων
2607 1836 2619 1847 ,

2475 1885 2577 1932 Καί
2626 1880 2672 1932 ἐν
2736 1913 2802 1922 -
2853 1881 3004 1936 αὐτά.
3061 1883 3382 1957 Ἠρμήνευσε
3431 1886 3532 1956 μὲν
3588 1888 3791 1943 ταύτην
3830 1904 3881 1937 τε
3926 1889 4002 1942 τὴν

2398 1969 2696 2042 παραϐολὴν
2727 1975 2814 2022 καὶ
2853 1974 2940 2031 τὰς
2971 1970 3150 2042 ἐφεξῆς
3180 1973 3205 2022 ὁ
3251 1976 3491 2044 Χριστὸς
3549 1979 3752 2047 προῖὼν
3820 1989 3832 2002 ⁸
3877 1972 3999 2047 ἐροῦ-

2396 2075 2486 2128 μεν
2513 2055 2572 2109 δὲ
2600 2063 2688 2110 καὶ
2739 2060 2907 2130 ἡμεῖς,
2959 2062 3023 2119 ὡς
3073 2057 3308 2113 δυνατόν.
3351 2057 3519 2121 Ὁδὸς
3576 2062 3883 2134 ὠνόμασται
3926 2068 3996 2110 νῦν

2396 2145 2700 2218 ὁρᾴθυμος,
2767 2149 2791 2198 ὁ
2841 2147 3134 2210 ἐνωτισθέὶς
3181 2153 3269 2220 μὲν
3321 2152 3413 2201 τὸν
3475 2149 3638 2221 λόγον
3703 2158 3798 2211 τῆς
3862 2145 3994 2200 διδα-

2397 2233 2634 2297 σκαλίας,
2686 2231 2777 2286 διὰ
2827 2236 3088 2308 ῥᾳθυμίαν
3138 2234 3196 2289 δὲ
3266 2242 3338 2309 μὴ
3373 2238 3740 2311 κατακρύψας
3789 2237 3933 2288 αὐτὸν
3954 2234 3991 2285 ἐν

2394 2331 2455 2394 τῇ
2515 2321 2710 2396 καρδίᾳ
2761 2324 2940 2391 αὐτοῦ,
3001 2323 3128 2376 ἀλλὰ
3182 2328 3417 2400 καθάπερ
3468 2325 3599 2387 ὁδὸς
3648 2344 3988 2380 καταπεπατη-

2395 2415 2541 2482 μένη,
2601 2417 2690 2463 καὶ
2735 2410 2828 2464 διὰ
2873 2420 3024 2464 τοῦτο
3084 2413 3302 2487 σκληρὰ,
3359 2420 3534 2490 φέρων
3593 2416 3749 2468 αὑτὸν
3808 2413 3987 2486 ἀκροθι-

2394 2508 2496 2570 γῶς
2543 2498 2875 2571 ἐπικείμενον.
2923 2504 3132 2553 Πετεινά
3191 2499 3250 2555 δὲ
3284 2511 3377 2554 τοῦ
3440 2505 3677 2578 οὐρανοῦ
3729 2504 3791 2554 τὰ
3842 2503 3886 2552 ἐν
3928 2506 3982 2568 τῷ

2397 2587 2508 2661 ἀέρι
2535 2584 2853 2660 διαιτὼμενα
2891 2586 3139 2662 δαιμόνια
3173 2608 3184 2620 °
3219 2592 3437 2665 οὐρανὸν
3470 2595 3604 2665 γὰρ,
3638 2593 3836 2643 καὶτὸν
3875 2591 3981 2658 ἀέρα

2396 2676 2637 2734 κέκληκεν
2663 2677 2728 2747 γὴ
2764 2682 2936 2749 Γραφή
2955 2678 3131 2730 ’ἅτινα
3160 2677 3769 2750 ἔπίκαταπτοίντααύτῷ,
3789 2680 3968 2750 αζοονσι

2395 2766 2451 2816 τό
2483 2762 2796 2836 ἐσπαρμένον
2836 2766 2884 2815 ἐν
2927 2772 2988 2836 τῇ
3020 2762 3217 2839 καρδίᾳ
3259 2766 3443 2832 αὐτοῦ,
3506 2771 3581 2830 ὡς
3635 2773 3708 2840 μὴ
3747 2781 3969 2833 κατακρυ-

2397 2850 2499 2904 ϐεν.
2552 2855 2817 2924 Κατέφαγε
2857 2854 2980 2925 γὰρ,
3029 2850 3141 2905 ἀντὶ
3169 2861 3280 2923 τοῦ,
3316 2855 3595 2926 Ἀφείλετο
3649 2859 3732 2907 καὶ
3772 2848 3959 2919 διέφθει-

2395 2959 2497 3014 ρεν.

2465 3115 2628 3169 ’Ἃλλα
2677 3113 2735 3169 δὲ
2791 3147 2857 3156 -
2909 3115 3182 3190 ἐξηράνθη.
3244 3117 3503 3192 Πετρὼδη
3561 3125 3695 3192 μέρη
3753 3116 3898 3176 ἐστὶν,
3947 3107 3967 3157 ὁ

2395 3204 2750 3279 μικρόψυχος,
2784 3207 2808 3256 ὁ
2843 3205 3180 3278 κατακρύψας
3237 3209 3326 3279 μὲν
3355 3211 3415 3259 τὸ
3478 3212 3681 3284 σπαρὲν
3708 3208 3756 3258 ἐν
3869 3216 3974 3269 καρ-

2397 3291 2490 3365 δὶᾳ
2519 3294 2696 3359 αὐτοῦ,
2722 3298 2791 3365 μὴ
2818 3296 2952 3365 ἔχων
2984 3290 3043 3345 δὲ
3063 3302 3158 3364 γῆν
3187 3294 3395 3366 πολλὴν,
3428 3300 3573 3369 ἤτοι,
3614 3296 3972 3365 σταθηρότητα,

2395 3383 2518 3454 παρ’
2585 3384 2729 3452 ᾧτινι
2778 3381 3049 3444 ἐξανέτειλε
3097 3385 3185 3454 μὲν
3255 3384 3448 3436 αὐτίκα
3500 3388 3532 3443 ἡ
3595 3386 3795 3446 πίστίς,
3842 3381 3976 3449 μήπω

2394 3473 2680 3545 ῥιζωθεῐσα
2729 3470 2972 3544 βεϐαίως,
3009 3469 3102 3524 διὰ
3138 3477 3195 3524 τὸ
3245 3477 3314 3545 μὴ
3357 3475 3504 3544 ἔχειν
3543 3475 3724 3541 αὐτόν,
3772 3472 3833 3528 ὡς
3862 3468 3975 3537 εἴρη-

2395 3581 2503 3627 ται,
2535 3562 2924 3631 σταθηροτητα.
2955 3556 3188 3612 Τοιαῦτα
3212 3564 3309 3634 γὰρ
3342 3565 3406 3614 τὰ
3438 3566 3489 3614 ἐν
3519 3562 3671 3634 ὀλίγῃ
3705 3569 3978 3627 κατακρυπ-

2394 3653 2584 3720 τόμένα
2607 3657 2698 3720 γῇ,
2729 3653 2934 3719 ταχέως
2964 3649 3399 3711 ἐξανατέλλουσιν
3431 3652 3588 3709 ἡλίου
3632 3647 3691 3702 δὲ
3717 3641 3976 3699 ἀνατειλαν·

2395 3758 2500 3801 τος,
2555 3737 2682 3808 λέγω
2737 3735 2829 3804 δὴ,
2883 3743 3159 3810 πυρώσεως
3211 3748 3514 3811 πειρασμοῦ
3575 3734 3977 3812 προσϐαλούσης,

2396 3825 2753 3898 ἐκαυματίσθη
2802 3831 2888 3878 καὶ
2922 3825 3224 3898 ἐφλογίσθη,
3256 3833 3343 3879 καὶ
3376 3824 3470 3880 διὰ
3498 3833 3557 3881 τὸ
3579 3832 3652 3900 μὴ
3681 3828 3818 3896 ἐχειν
3843 3818 3977 3892 ῥίζαν

2398 3915 2509 3985 (12)
2543 3913 2943 3985 ἀναψύχουσαν,
2987 3918 3173 3982 εἶτουν,
3230 3913 3537 3988 ἐδραίωσιν,
3585 3913 3856 3987 ἐξηράνθη,
3902 3906 3977 3956 καὶ

2396 3999 2698 4076 προδέδωκε
2724 4007 2810 4061 τὴν
2833 4008 3030 4055 πίστιν.

2467 4177 2626 4230 Ἃλλα
2662 4175 2719 4231 δὲ
2751 4211 2817 4220 -
2846 4179 2996 4233 αὐτοὶ.
3040 4179 3295 4232 Ἀκανθαί
3351 4179 3503 4248 εἰσιν,
3574 4183 3604 4239 ἡ
3663 4180 3876 4251 μέριμνα
3897 4171 3974 4220 τοῦ

2402 4265 2537 4337 βίου,
2581 4275 2828 4319 κεντοῦσα
2883 4273 2972 4320 καὶ
3029 4272 3284 4321 νόττουσα
3331 4273 3417 4320 καὶ
3464 4270 3842 4323 κατατείνουσα
3898 4257 3971 4309 τὴν

2398 4354 2604 4426 ψυχήν.
2648 4354 2766 4410 "Eri.
2815 4353 2873 4408 δε
2928 4360 3017 4410 καὶ
3054 4358 3084 4415 ἡ
3146 4355 3318 4415 ἀπάτη
3369 4364 3460 4409 τοῦ
3526 4358 3771 4417 πλούτου,
3829 4341 3968 4400 οἷονδ

2400 4447 2590 4515 τρυφὴ,
2624 4444 2653 4501 ἡ
2696 4441 2984 4514 κενοδοξία,
3034 4446 3064 4504 ἡ
3099 4447 3293 4510 οἴησις,
3356 4450 3445 4498 καὶ
3491 4451 3557 4500 τὰ
3606 4431 3965 4502 τοιαῦταιᾶπερ

2400 4531 2601 4585 ἅπαντα
2630 4535 2801 4592 απάτη
2861 4538 3013 4606 μόνον
3063 4533 3213 4586 εἰσίν.
3257 4539 3476 4586 Δοκοῦσι
3513 4538 3604 4598 μὲν
3652 4534 3750 4603 γὰρ
3801 4518 3963 4592 ἀγαθοῖν

2402 4621 2496 4674 οὐκ
2527 4621 2628 4674 εἰσὶ
2668 4622 2744 4675 ὸὲ.
2782 4628 3029 4676 Κεντοῦσι
3082 4619 3138 4674 δὲ
3175 4627 3264 4675 καὶ
3317 4630 3501 4689 ταῦτα,
3563 4619 3716 4677 δίκην
3747 4608 3954 4666 ἀκάνθης»

2401 4717 2491 4765 καὶ
2519 4711 2840 4784 ἐνοχλοῦσιν.
2875 4710 3161 4770 Ἀνέϐησαν
3205 4707 3283 4779 δὲ,
3339 4709 3452 4764 ἀντὶ
3505 4717 3620 4778 τοῦ,
3673 4701 3952 4767 ηὐξήθησανθ

2402 4805 2670 4878 ὗπερίσχυ
2678 4822 2793 4857 σαν.

1852 5107 2077 5178 Variae
2102 5106 2433 5175 lectiones
2466 5116 2532 5174 et
2559 5114 2764 5174 notae.

720 5297 1177 5374 (i2)_’E6‘paim_¢;
1221 5299 1519 5371 eleganter
1559 5301 1764 5374 dicitur
1809 5301 1883 5358 de
1937 5302 2081 5374 ῥίξᾳ.
2141 5301 2286 5358 item

646 5370 1292 5447 éydxpagig.__"ava3ta_cxaw
1323 5370 1332 5371 “
1364 5377 1563 5427 autem
1625 5372 1840 5447 dicitur
1908 5370 2053 5447 ῥίζας
2143 5389 2285 5447 cum

646 5438 836 5498 eterra
848 5438 1424 5498 collectos'humores
1439 5456 1544 5513 per
1563 5442 1802 5500 canales
1824 5438 2065 5500 sursum
2084 5438 2281 5511 mittit,

2395 5304 2572 5367 atque
2609 5300 2690 5355 ita
2717 5296 3160 5367 inclementiam
3203 5293 3418 5367 caloris
3471 5289 3703 5361 mitigat
3734 5266 3960 5367 etre‘ifi‘

2395 5350 2574 5442 gerat.
2602 5350 2931 5426 iiuiia'éﬁ
2941 5350 3366 5442 éiﬁﬁiapeaea
3383 5350 3954 5439 quoqueusmpatur.

719 5617 820 5690 (m)
847 5617 1055 5674 Vinole
1119 5619 1199 5675 ia.
1243 5620 1416 5678 Forte
1452 5619 1674 5690 legerat
1711 5619 1925 5680 οἴνωσιὶ
1962 5623 2154 5684 Οἴησις
2182 5625 2270 5679 est

2398 5637 2452 5680 ια
2479 5621 2553 5679 de
2578 5635 2638 5680 se
2665 5619 2878 5692 opinio.
