4186 6318
177 360 311 425 397

1167 365 1520 422 COMMENT.
1565 368 1633 421 IN
1674 364 2122 424 ΜΑΤΤΗΑΞΗΜ.
2165 400 2232 407 -
2272 367 2425 423 CAP.
2459 368 2607 423 XIII.

3459 370 3564 425 398

278 494 443 547 Ἀλλα
478 523 541 533 -
589 491 770 548 καλήν.
814 496 881 549 Γῆ
924 489 1052 547 καλή
1102 489 1232 560 ἔστι,
1278 491 1431 561 ψυχὴ
1486 490 1655 562 ἀγαθὴ
1711 513 1799 544 και

1978 493 2148 551 Vers.
2196 496 2253 548 8.
2293 492 2435 548 Alia
2473 523 2541 531 ——
2577 491 2809 548 bonam.
2856 494 3031 550 Terra
3055 492 3216 548 bona
3245 494 3331 549 est
3356 492 3564 550 anima

182 583 445 654 ἐλευθέρα
501 590 598 633 τῶν
668 582 1209 652 προαπηριθμημένων
1280 582 1455 631 παθῶν
1522 586 1611 632 καὶ
1693 581 1799 633 ἐπι-

179 670 397 731 τηδεία
465 674 589 742 πρὸς
662 674 1013 741 καρποφορίαν
1087 668 1287 740 ἀρετῆς.
1359 668 1494 742 Ὅρα
1560 667 1637 733 δὲ,
1696 679 1798 729 πῶς

184 764 403 815 σπάνια
430 763 494 811 τά
523 758 676 825 καλά,
732 763 820 810 καὶ
876 758 1040 828 ὀλίγοι
1070 760 1118 808 οἱ
1173 761 1474 828 σωζόμενοι.
1516 754 1655 809 Ἰὃου
1696 762 1793 830 γὰρ

175 856 355 922 μόνον
416 852 474 899 τό
522 852 764 921 τέταρτον
836 851 987 918 μέρος
1052 854 1141 898 τοῦ
1197 852 1391 917 σπόρου
1458 854 1793 918 καρποφορεῖ,

176 944 257 992 τὰ
294 943 420 1012 τρία
463 934 521 988 δε
572 939 879 1009 φθείρονται.
938 941 1035 987 Καὶ
1067 938 1091 985 ό
1136 940 1223 1007 μὲν
1274 940 1493 1009 σπείρων
1548 935 1629 987 ἐπὶ
1672 938 1795 987 πάν-

168 1049 282 1088 τας
345 1032 567 1101 σπείρει,
628 1030 697 1097 μὴ
764 1021 1041 1098 διακρίνων
1092 1033 1268 1076 τοῦτον
1335 1024 1419 1075 ἀπ’
1490 1023 1700 1078 ἐκείνου.
1737 1024 1795 1075 Ὁ

166 1121 244 1169 σὲ
312 1121 509 1189 σπόρος
554 1114 601 1165 ἐν
661 1113 827 1173 οὒιλοις
884 1116 971 1184 μεν
1027 1112 1274 1177 ἀπώλετο,
1329 1114 1451 1188 παρ’
1504 1114 1675 1174 ἀλλοις
1738 1110 1795 1165 δὲ

164 1204 640 1258 ἐπολυπλασίασε.
690 1209 853 1254 Τοῦτο
905 1198 961 1252 δὲ
1009 1205 1228 1271 γέγονεν,
1290 1202 1347 1253 οὐ
1402 1199 1494 1253 διά
1540 1207 1632 1259 την
1703 1209 1792 1253 τοῦ

165 1299 395 1365 σπόρου
455 1295 611 1364 φύσιν
646 1308 657 1320 °
714 1292 739 1341 ὁ
796 1290 952 1351 αὐτὸς
994 1292 1093 1363 γὰρ
1148 1295 1236 1341 καὶ
1286 1290 1472 1351 ἐπίσης
1544 1295 1630 1342 καὶ
1706 1289 1789 1342 ἐπὶ

161 1384 438 1442 πάντ-οῖς·
490 1380 618 1431 ἀλλά
680 1376 772 1430 ὃιά
831 1380 923 1439 τάς
982 1376 1250 1449 ἀνομοίους
1302 1384 1513 1451 ’γνώμας
1558 1388 1656 1430 τῶν
1698 1378 1788 1430 ἀν-

168 1474 435 1546 θρώπων,
465 1469 532 1529 εἰς
562 1468 647 1528 οὓς
682 1469 706 1520 ό
740 1471 931 1539 σπόρος
951 1465 1263 1524 κατεϐλήθη.

260 1652 369 1702 Καὶ
416 1643 561 1699 dum:
614 1648 841 1717 ἔσπειρεν
872 1641 1192 1718 ἀδιακρίτως
1246 1645 1328 1697 ἐπὶ
1361 1651 1455 1704 τὴν
1508 1644 1650 1718 ὁδὸν,
1698 1652 1786 1699 καὶ

168 1738 273 1791 ἐπὶ
340 1738 403 1787 τά
456 1731 717 1808 πετρώδη,
777 1738 867 1785 καὶ
921 1734 1003 1785 ἐπὶ
1059 1736 1150 1794 τάς
1210 1732 1480 1805 ἀκάνθας,
1535 1738 1629 1787 Διά
1692 1741 1785 1794 τὴν

174 1824 485 1898 ὑπερϐολὴν
535 1826 736 1884 πάντως
786 1829 880 1884 τῆς
952 1822 1141 1882 οἰκείας
1200 1821 1522 1893 ἀγαθότητος
1562 1828 1650 1876 καὶ
1710 1822 1785 1876 δι·
1818 1835 1861 1889 Β

174 1916 502 1976 χαιοσύνης,
566 1916 655 1963 καὶ
704 1913 784 1961 ἱνα
854 1930 924 1981 μη
991 1907 1243 1962 δύνωνται
1288 1910 1450 1981 λέγειν
1516 1911 1563 1962 ἐν
1621 1914 1788 1986 ἡμέρᾳ

178 2007 441 2076 κρίσεως,
496 2002 574 2052 ὅτι
621 2000 664 2051 εἰ
710 2002 913 2072 ἔσπειρε
963 2002 1047 2049 καὶ
1114 1997 1191 2050 ἐπ’
1245 1998 1451 2063 αὐτοὺς,
1503 1999 1790 2072 ἐκαρποφό-

181 2111 374 2167 ρησαν
429 2091 507 2142 οἶν.
568 2089 844 2158 Ἐγίνωσκε
913 2089 1001 2158 μὲν
1076 2088 1176 2158 γὰρ
1244 2087 1433 2149 αὐτοὺς
1500 2088 1786 2161 ἀκάρπους,

183 2183 340 2251 ὅμως
390 2175 448 2230 δὲ
489 2180 545 2229 τὸ
586 2177 769 2228 ἑαυτοῦ
817 2180 1113 2245 πεποίηκεν,
1169 2179 1233 2235 ὡς
1288 2176 1658 2248 φιλάνθρωπος,
1708 2180 1789 2230 ἵνα

179 2272 310 2340 ἔχοι
355 2266 517 2337 λέγειν
552 2284 562 2293 ·
596 2270 658 2322 Τί
688 2284 750 2337 με
772 2261 877 2316 ἔδει
902 2272 1141 2329 ποιῆσαι,
1170 2269 1258 2333 καὶ
1284 2265 1342 2315 οὗ
1382 2271 1641 2323 πεποίηκα
1667 2288 1679 2333 ;

256 2358 472 2413 Ταύτην
544 2351 602 2406 δὲ
671 2359 732 2411 τὴ
807 2352 1104 2425 παραϐολὴν
1186 2351 1310 2419 εἶπε,
1376 2364 1635 2426 παραινῶν
1698 2354 1791 2409 ὃιά

176 2447 385 2505 ταύτης
438 2450 551 2503 τοῖς
622 2444 899 2513 μαθηταῖς,
963 2444 1033 2511 μὴ
1095 2440 1425 2513 ἀποκάμνειν,
1486 2444 1529 2495 εἰ
1586 2445 1791 2507 πλείους

184 2535 505 2607 εὑρίσκουσι
546 2538 646 2581 τῶν
698 2529 1000 2600 σωζομένων
1045 2533 1165 2590 τοὺς
1214 2529 1603 2601 ἀπολλυμένους,
1661 2531 1789 2605 μηδ’

191 2620 524 2692 ἀφίστασθαι
586 2625 677 2669 τοῦ
751 2623 993 2690 σπείρειν,
1066 2620 1282 2687 ἔχοντας
1349 2616 1647 2692 ὑπόδειγμα
1707 2626 1791 2673 τὸν

193 2706 522 2762 διδάσκαλον
570 2706 783 2774 ἑαυτῶν,
831 2705 904 2769 ὃς,
951 2710 1122 2757 καίτοι
1171 2703 1426 2777 προειδὼς
1468 2713 1587 2770 τοὺς
1638 2708 1795 2782 ἀκάρ-

190 2818 343 2860 πους,
388 2798 525 2863 ὅμως
558 2797 760 2867 ἔσπειρε
791 2799 879 2845 καὶ
905 2792 978 2845 ἐπ’
1001 2794 1207 2855 αὐτούς,

264 2891 368 2940 Καὶ
421 2917 491 2924 -
540 2884 654 2955 (l3)
712 2886 1007 2954 τριάκοντα.
1064 2882 1260 2955 ’Ὥσπερ
1316 2880 1651 2958 διαφέρουσιν
1706 2886 1794 2938 ἀλ-

184 2976 362 3034 λήλων
425 2976 475 3025 οἱ
523 2971 881 3043 ἀπολλύμενοι,
937 2972 1069 3023 οὕτω
1119 2972 1270 3023 πάλιν
1325 2970 1659 3046 διαφέρουσιν
1710 2976 1796 3028 ἀλ-

193 3064 368 3120 λήλων
407 3066 496 3113 καὶ
542 3063 589 3112 οἱ
649 3064 951 3131 σωζόμενοι.
1008 3068 1155 3133 Τρεῖς
1199 3064 1287 3131 μεν
1340 3064 1440 3134 γὰρ
1499 3062 1798 3135 ἀπηριθμή-

198 3171 327 3205 τατο
367 3150 531 3212 τάξεις
582 3158 677 3201 τῶν
724 3147 1100 3219 ἀπολλυμένων,
1152 3148 1281 3219 λέγω
1321 3146 1412 3219 δὴ,
1464 3155 1579 3209 τοὺς
1630 3154 1796 3224 meo-
1830 3176 1871 3231 Ο

202 3260 349 3313 μους,
405 3244 521 3299 τοὺς
578 3236 946 3309 μικροψύχους
998 3242 1086 3288 καὶ
1157 3241 1273 3297 τοὺς
1344 3246 1457 3299 ταῖς
1526 3245 1798 3313 μερίμναις

200 3336 295 3382 τθϋ
359 3326 476 3398 βίον
528 3330 678 3397 κοίὶῇ
740 3324 911 3397 ἀπάτῃ
967 3334 1058 3377 τοῦ
1124 3326 1345 3378 πλούτου
1403 3324 1736 3389 δουλεύοντας
1782 3353 1792 3363 -

201 3423 343 3490 τρεῖς
375 3412 433 3467 δὲ
474 3414 623 3466 πάλιν
674 3413 841 3475 τάξεις
896 3418 984 3465 καὶ
1014 3422 1112 3465 τῶν
1165 3416 1487 3485 σωζομένων,
1522 3421 1651 3487 φημὶ
1704 3414 1794 3481 δη,

205 3509 327 3564 τοὺς
374 3511 828 3577 καρποφοροῦντας
897 3503 1010 3573 (14)
1071 3502 1118 3554 ἐν
1175 3503 1372 3574 ἑκατόν,
1438 3510 1527 3556 καὶ
1578 3509 1696 3565 τοὺς
1750 3504 1797 3555 ἐν

204 3593 474 3656 ἑξήκοντα,
522 3596 611 3643 καί
675 3595 796 3651 τοὺς
869 3590 918 3642 ἐν
977 3593 1269 3664 τριάκοντα.
1301 3595 1397 3644 Διά
1459 3602 1557 3644 τῶν
1598 3593 1795 3660 ἑκατὸν,

206 3686 297 3755 μὲν
352 3684 472 3754 γὰρ,
542 3676 773 3737 ἐδήλωσε
852 3683 945 3737 τὴν
1023 3679 1213 3732 τελείαν
1292 3686 1644 3756 καρποφορίάν
1711 3690 1799 3741 τῆς

206 3770 395 3845 ἀρετῆς
426 3786 439 3798 ⁸
477 3765 569 3820 διὰ
611 3777 708 3820 τῶν
749 3768 997 3831 ἐξήκοντα
1049 3765 1128 3835 δὲ,
1174 3774 1267 3827 τήν
1322 3775 1487 3841 μέσην
1519 3792 1529 3802 ·
1566 3767 1660 3822 διὰ
1700 3779 1799 3821 τῶν

210 3860 488 3932 τριάκοντα
539 3853 616 3922 δε,
668 3861 761 3915 τὴν
827 3859 1120 3929 ὑφειμένην.
1178 3864 1287 3910 Τῶν
1341 3862 1441 3932 γὰρ
1500 3862 1796 3931 τριάκοντα,

180 3943 474 4020 ,διπλάσια
520 3947 608 4017 μὲν
652 3948 717 3997 τὰ
768 3945 1034 4009 ἑξήκοντα,
1080 3946 1367 4019 τριπλάσια
1397 3945 1455 3999 δὲ
1508 3951 1574 3999 τά
1602 3949 1793 4014 ἑκατόν,

214 4034 401 4108 μᾶλλον
451 4031 619 4085 δὲκαὶ
646 4035 771 4107 ὑπὲρ
802 4037 866 4085 τά
894 4034 1198 4107 τριπλάσιά,
1249 4032 1340 4087 διὰ
1392 4040 1484 4094 τὴν
1537 4038 1801 4112 ὑπεροχὴν

214 4132 307 4182 τῆς
344 4121 677 4182 τελειότητος,
750 4125 819 4175 Τό
880 4119 937 4174 δὲ
996 4121 1061 4179 Ὃ
1132 4125 1220 4195 μὲν
1269 4123 1467 4191 ἑκατόν,
1526 4123 1635 4177 ἀντὶ
1690 4132 1801 4193 τοῦ,

218 4214 347 4265 Ποτὲ
396 4215 482 4283 μὲν
537 4210 737 4279 ἑκατόν,
792 4209 839 4261 ἓν
906 4213 1071 4282 τούτῳ
1124 4219 1196 4262 τῶ
1260 4211 1530 4285 ἀνθρώπῳ,
1580 4216 1701 4266 ποτε
1747 4210 1805 4265 δὲ

216 4302 281 4351 τά
341 4299 468 4365 ἑξῆς,
530 4299 580 4351 ἐν
642 4298 778 4369 ἄλλῳ
842 4304 931 4351 καὶ
992 4299 1144 4371 ἄλλῳ.
1215 4297 1566 4373 Ἀποδέχεται
1609 4298 1667 4353 δὲ
1716 4307 1805 4353 καὶ

218 4392 328 4448 τοὺς
374 4395 639 4462 πρῶτοως,
703 4392 793 4439 καὶ
865 4392 985 4450 τοὺς
1060 4386 1348 4462 δευτέρους,
1404 4394 1647 4452 καὶτοὺς
1694 4395 1803 4464 τρί-

218 4494 351 4537 τους.

284 4572 365 4625 Μὴ
415 4571 589 4618 τοίνυν
637 4565 691 4617 ἐκ
749 4567 1011 4640 ῥᾳθυμίας
1065 4566 1395 4639 ἀπολέσωμεν
1446 4571 1530 4620 τὸν
1591 4574 1805 4643 σπόρον,

216 4652 350 4729 μηδὲ
406 4655 463 4706 ἐκ
521 4655 882 4728 μικροψυχίας
929 4656 1081 4707 αὐτὸν
1130 4654 1499 4729 προδώσομεν,
1555 4655 1693 4729 μηδὲ
1753 4660 1809 4711 ἐκ

222 4739 500 4815 φροντίδων
547 4742 805 4814 βιωτικῶν
852 4748 939 4795 καὶ
990 4744 1195 4801 ἀπάτης
1233 4753 1324 4797 τοῦ
1377 4746 1603 4797 πλούτου
1632 4755 1810 4799 τοῦτον

224 4830 648 4901 ὖναποττιίξωμεν.
723 4840 807 4884 Δεῖ
891 4835 991 4907 ’γὰρ
1055 4841 1255 4905 πρῶτον
1323 4837 1411 4905 μὲν
1480 4832 1813 4907 ἐγρηγορέναι

221 4924 338 4993 περὶ
368 4922 459 4976 τὴν
504 4916 776 4992 ὑποδοχὴν
827 4918 983 4973 αὐτοῦ
1015 4938 1026 4951 ·
1068 4920 1178 4973 εἶτα
1216 4912 1607 4994 μεγάλοψυχώς
1653 4927 1813 4997 φέρειν

223 5012 343 5070 τοὺς
390 5012 725 5082 πειρασμούς·
819 5012 994 5065 ἔπειτα
1051 5013 1221 5071 πάσης
1274 5010 1614 5082 ἀπηλλάχθαι
1674 5015 1812 5085 μερί-

297 5188 341 5224 ⁹⁰
368 5187 478 5247 Isa.
509 5204 564 5255 γ,
594 5188 649 5245 4.

1840 4520 1887 4574 D

1908 582 2083 647 bona,
2116 589 2171 636 et
2200 581 2495 652 praedictis
2525 580 2834 636 affectibus
2860 581 3064 647 libera,
3101 597 3171 637 ac
3201 582 3562 638 conveniens

1908 669 1985 723 ad
2024 670 2279 723 fructum
2320 669 2548 723 virtutis
2588 668 2919 724 ferendum.
2963 670 3103 725 Vide
3142 676 3339 725 autem
3373 686 3558 742 quam

1907 772 2042 811 rara
2076 758 2189 811 sint
2214 758 2394 823 bona,
2424 773 2729 829 quamque
2760 758 2934 828 pauci
2966 758 3084 813 sint
3106 760 3207 829 qui
3232 760 3554 815 salventur.

1907 846 2049 899 Ecce
2076 844 2235 899 enim
2264 845 2391 900 sola
2417 851 2628 915 quarta
2650 846 2893 900 seminis
2917 862 3055 917 pars
3080 846 3408 911 fructiﬁcat,
3439 853 3556 902 tres

1907 937 2108 989 autem
2139 940 2404 1004 pereunt.
2435 935 2500 987 Et
2524 933 2767 1004 quidem
2795 935 2841 988 is
2867 935 2970 1005 qui
2997 935 3350 999 seminabat,
3378 951 3559 1007 super

1905 1039 2117 1078 omnes
2159 1023 2514 1086 seminabat,
2555 1023 2716 1077 hunc
2753 1022 2830 1077 ab
2871 1022 2971 1078 illo
3001 1038 3124 1078 non
3161 1024 3504 1078 discernens
3538 1039 3551 1077 :

1904 1116 2167 1167 attamen
2219 1128 2421 1167 semen
2449 1112 2507 1167 in
2552 1112 2921 1183 quibusdam
2968 1111 3156 1183 periit,
3201 1112 3366 1183 apud
3408 1111 3555 1167 alios

1902 1216 2040 1255 vero
2058 1200 2381 1271 plurimum
2401 1200 2860 1270 multiplicatum
2884 1204 2988 1255 est.
3016 1201 3211 1255 Ethoc
3227 1199 3450 1255 factum
3468 1202 3555 1255 est

1899 1304 2023 1343 non
2051 1289 2130 1344 ob
2175 1288 2417 1344 seminis
2460 1294 2737 1345 naturam
2772 1306 2786 1355 ;
2826 1305 2971 1345 nam
3015 1289 3216 1360 ipsum
3247 1288 3556 1361 aequaliter

1899 1392 1968 1432 ac
2008 1392 2185 1447 super
2222 1393 2432 1433 omnes
2466 1378 2758 1447 jactatum
2798 1382 2886 1433 est
2919 1394 2930 1433 :
2975 1378 3079 1433 sed
3118 1378 3199 1433 ob
3235 1376 3552 1432 dissimiles

1898 1465 2210 1521 hominum
2254 1470 2499 1530 mentes,
2551 1481 2730 1537 super
2772 1482 2925 1538 quos
2967 1481 3171 1523 semen
3214 1466 3549 1538 projectum

1897 1558 2004 1609 est.

1968 1644 2033 1698 Et
2073 1657 2260 1714 quare
2309 1641 2713 1698 indifferenter
2759 1642 3095 1698 seminabat
3142 1656 3321 1714 super
3361 1641 3545 1711 viam,

1896 1746 2075 1801 super
2116 1734 2356 1802 petrosa
2394 1734 2451 1786 et
2491 1746 2671 1802 super
2714 1731 2965 1802 spinas?
3008 1732 3263 1788 Omnino
3306 1735 3549 1803 propter

1897 1819 2177 1875 bonitatis
2208 1835 2279 1875 ac
2300 1819 2540 1890 justiﬁes
2572 1835 2695 1874 suas
2728 1819 3224 1889 magnitudinem,
3253 1834 3328 1874 ne
3353 1819 3547 1875 dicere

1897 1913 2143 1979 possent
2188 1909 2248 1963 in
2297 1908 2391 1963 die
2435 1907 2663 1977 judicii,
2721 1908 2939 1979 quodsi
2992 1908 3171 1963 etiam
3220 1922 3401 1979 super
3444 1922 3548 1962 eos

1898 1997 2271 2064 seminasset,
2330 1995 2589 2050 fructum
2645 1995 2852 2066 utique
2908 1996 3258 2051 attulissent.
3317 1994 3552 2051 Sciebat

1894 2099 2113 2155 nempe
2138 2083 2268 2139 illos
2293 2082 2669 2151 infrugiferos
2691 2082 2815 2138 fore
2842 2100 2855 2138 :
2886 2087 3152 2139 attamen
3177 2082 3344 2155 quod
3373 2097 3551 2138 suum

1896 2177 2021 2228 erat
2051 2171 2262 2237 etfec1t,
2304 2175 2594 2243 tanquam
2636 2171 2950 2227 hominum
2989 2176 3223 2227 amator
3262 2175 3323 2227 ut
3356 2170 3551 2230 dicere

1895 2266 2098 2333 posset
2122 2277 2134 2315 :
2160 2260 2311 2325 Quid
2334 2275 2429 2315 me
2456 2260 2647 2315 facere
2668 2259 2929 2331 oportuit
2949 2264 3005 2315 et
3024 2276 3146 2315 non
3167 2259 3279 2315 feci
3300 2262 3369 2314 99.

1971 2352 2131 2405 Hanc
2175 2354 2375 2404 autem
2418 2348 2770 2419 parabolam
2818 2348 3050 2403 locutus
3098 2353 3185 2403 est
3226 2347 3552 2419 discipulos

1899 2439 2218 2495 exhortans
2248 2454 2321 2493 ne
2352 2437 2745 2506 defatigentur
2784 2436 2829 2491 si
2869 2436 3071 2508 plures
3110 2436 3419 2493 inveniant
3446 2435 3552 2508 qui

1900 2531 2165 2598 pereant,
2204 2540 2388 2597 quam
2430 2525 2535 2596 qui
2574 2524 2890 2591 salventur,
2927 2539 3119 2595 neque
3158 2526 3237 2581 ob
3275 2524 3338 2579 id
3378 2524 3553 2580 semi-

1902 2631 2045 2671 nare
2072 2616 2345 2671 desinant
2376 2631 2389 2668 :
2433 2619 2860 2685 praeceptorem
2900 2630 3077 2669 suum
3116 2614 3173 2668 in
3208 2614 3552 2686 exemplum

1900 2704 2212 2769 habentes,
2263 2704 2367 2773 qui
2410 2703 2515 2757 etsi
2567 2703 2968 2758 infructuosos
3016 2706 3550 2773 praecognosceret,

1904 2792 2239 2847 seminadat
2267 2798 2467 2845 tamen
2499 2791 2673 2845 etiam
2706 2806 2884 2861 super
2912 2791 3101 2860 ipsos.

1977 2884 2134 2936 V'ers.
2164 2884 2215 2935 8.
2242 2881 2317 2935 Et
2340 2911 2406 2920 —
2425 2880 2837 2949 trigecuplum.
2860 2879 3384 2943 Quemadmodum
3407 2879 3559 2935 inter

1905 2986 1967 3025 se
2011 2969 2292 3024 diﬂerunt
2335 2968 2396 3023 hi
2443 2969 2546 3039 qui
2594 2972 2867 3039 pereunt,
2911 2968 2991 3023 ita
3028 2984 3231 3023 rursus
3278 2967 3560 3024 differunt

1905 3059 1987 3113 illi
2019 3060 2120 3130 qui
2152 3058 2477 3120 salvantur,
2532 3057 2670 3111 Tres
2718 3056 3015 3128 siquidem
3061 3072 3268 3113 eorum
3298 3058 3401 3127 qui
3430 3072 3560 3128 per-

1906 3152 2048 3203 eunt
2089 3146 2460 3202 enumeravit
2508 3145 2796 3211 ordines;
2843 3149 2988 3216 puta
3038 3160 3268 3215 segnes,
3315 3145 3561 3216 pusilla-

1905 3236 2095 3290 nimes
2117 3239 2173 3289 et
2192 3234 2394 3289 saeculi
2412 3233 2568 3289 curis
2588 3238 2931 3304 occupatos,
2955 3233 3131 3289 simul
3149 3238 3203 3288 et
3219 3232 3561 3289 divitiarum

1906 3325 2151 3380 fallaciae
2190 3322 2531 3379 servientes.
2578 3325 2644 3377 Et
2682 3337 2922 3377 rursum
2966 3326 3079 3377 tres
3118 3322 3419 3378 constituit
3465 3338 3559 3378 or-

1905 3414 2072 3469 dines
2105 3429 2312 3469 eorum
2352 3412 2455 3483 qui
2496 3410 2802 3466 salvantur
2836 3427 2847 3464 :
2881 3411 3014 3467 dico
3054 3426 3197 3467 sane
3242 3410 3560 3467 ferentium

1906 3505 2163 3559 fructum
2180 3501 2547 3573 centuplum,
2571 3499 3035 3571 sexagecuplum
3058 3505 3113 3555 et
3130 3499 3553 3571 trigecuplum.

1906 3594 2015 3647 Per
2048 3591 2395 3662 centuplum
2434 3590 2592 3645 enim
2637 3589 2993 3660 signiﬁcavit
3030 3588 3352 3661 perfectam
3383 3589 3563 3645 virtu-

1906 3682 1979 3737 tis
2010 3680 2543 3744 fructiﬁcationem,
2575 3694 2681 3749 per
2706 3677 3166 3749 sexagecuplum
3191 3678 3475 3744 mediam,
3507 3683 3565 3735 et

1907 3786 2013 3841 per
2060 3768 2453 3838 trigecuplum
2503 3768 2815 3822 minorem.
2867 3770 3012 3820 Nam
3057 3767 3133 3823 ad
3179 3766 3415 3835 triginta
3457 3766 3566 3821 du-

1908 3857 2074 3929 plum
2106 3861 2243 3912 sunt
2283 3855 2597 3924 sexaginta
2630 3874 2643 3923 ;
2686 3858 2925 3909 centum
2965 3869 3106 3910 vero
3144 3854 3407 3925 triplum,
3442 3855 3563 3911 imo

1909 3951 1965 4002 et
1987 3961 2170 4018 supra
2193 3944 2431 4016 triplum
2457 3946 2698 4015 propter
2717 3942 3093 4015 perfectionis
3116 3943 3521 4000 excellentiam
3547 3961 3562 4011 ;

1910 4038 1974 4091 ut
2001 4034 2147 4089 illud
2178 4032 2422 4105 quidem
2453 4032 2602 4089 ferat
2641 4036 2900 4097 centum,
2934 4031 3048 4088 hoc
3078 4035 3168 4087 est
3196 4031 3565 4104 quandoque

1911 4124 1973 4180 in
2014 4125 2127 4179 hoc
2170 4122 2412 4178 homine
2456 4126 2696 4178 centum
2732 4136 2744 4175 :
2792 4120 3084 4177 interdum
3125 4135 3267 4177 vero
3304 4136 3440 4192 quae
3480 4137 3568 4177 se-

1911 4216 2194 4285 quuntur,
2224 4212 2284 4267 in
2309 4211 2441 4266 aliis
2467 4216 2523 4267 et
2551 4210 2699 4267 aliis.
2734 4209 2996 4282 Suscipit
3024 4213 3226 4268 tamen
3253 4213 3309 4266 et
3338 4210 3566 4282 primos

1913 4306 1970 4359 et
1998 4302 2296 4358 secundos
2326 4306 2383 4356 et
2411 4299 2630 4356 tertios.

1986 4571 2065 4623 Ne
2097 4581 2237 4635 ergo
2264 4566 2342 4622 ob
2390 4565 2702 4635 segnitiem
2734 4580 2936 4621 semen
2975 4563 3324 4636 perdamus,
3360 4567 3462 4619 aut
3490 4560 3570 4620 ob

1915 4656 2463 4729 pusillanimitatem
2487 4656 2681 4725 ipsum
2704 4653 3033 4723 prodamus
3057 4669 3069 4707 :
3094 4652 3182 4706 vel
3204 4656 3444 4722 propter
3468 4668 3572 4707 ste-

1919 4745 2031 4800 culi
2050 4761 2224 4800 curas
2241 4761 2347 4798 seu
2359 4742 2701 4797 divitiarum
2716 4739 3153 4804 fallacias,illud
3176 4740 3563 4796 suifoccmus.

1922 4838 2162 4905 Oportet
2186 4833 2344 4887 enim
2370 4831 2631 4902 primum
2659 4827 2896 4897 vigilem
2923 4843 3051 4881 esse
3076 4826 3155 4881 ad
3183 4827 3310 4896 ejus
3334 4842 3575 4898 suscep-

1923 4923 2165 4985 tionem,
2202 4921 2417 4975 deinde
2444 4918 2801 4973 tentationes
2842 4915 3258 4984 longanimiter
3283 4915 3455 4981 ferre,
3487 4919 3577 4971 at-

1924 5026 2040 5083 que
2070 5010 2351 5079 deinceps
2397 5006 2474 5065 ab
2520 5004 2685 5063 omni
2724 5002 3117 5064 sollicitudine
3161 5003 3450 5072 saeculari,
3482 5019 3575 5076 ac,

1426 5332 1657 5409 Variae
1685 5337 2012 5409 lectiones
2045 5348 2108 5406 et
2142 5343 2342 5404 notae.

302 5533 403 5609 (l3)
428 5537 764 5598 Hentenius
793 5535 875 5595 ita
927 5540 1369 5609 transposuerat
1406 5536 1773 5603 inZversione
1805 5551 1821 5594 ι

234 5608 397 5665 Aliud
420 5612 656 5682 quidem
677 5608 1275 5682 trigecuplumnliud
1307 5616 1491 5665 autem
1519 5623 1825 5682 sexagecu-

240 5682 363 5747 tum,
378 5679 534 5737 aliud
550 5697 685 5738 vero
704 5679 1057 5751 centuplum.
1085 5684 1433 5751 ltepugnant
1454 5680 1566 5735 mei
1590 5679 1827 5735 codices

1932 5538 1991 5591 et
2021 5534 2374 5604 Euthymius
2406 5533 2464 5587 in
2495 5530 2763 5603 subjecto
2797 5526 3045 5604 scholia.

2005 5607 2115 5673 (lt)
2163 5598 2269 5661 'l‘cr
2313 5598 2835 5676 deinceps'posuit
2879 5602 2949 5669 ἐν,
2997 5599 3304 5673 quomodo
3355 5598 3591 5656 codices

1938 5677 2157 5733 habent
2182 5677 2364 5735 etiam
2391 5680 2563 5734 Marc.
2592 5691 2670 5741 1v,
2706 5679 2760 5733 8.
