4186 6318
639 321 746 377 399

1974 314 2318 372 EUTHYMII
2361 316 2684 378 ZIGABENI

3897 330 3992 388 400

639 445 982 503 divitiarum
1009 442 1269 498 vanitate
1299 440 1558 512 separari
1587 455 1599 495 :
1628 441 1684 496 et
1709 437 1790 494 ita
1819 441 2038 496 terram
2068 441 2277 497 bonan

2402 445 2801 517 μνηςβιωτικῆς
2833 455 2920 502 καὶ
2950 457 3300 522 ματαιότητος
3324 452 3563 520 πλούτου,
3605 461 3694 507 καὶ
3715 455 3831 526 (15)
3864 459 3992 509 οὕτω

637 535 790 599 ﬁeri,
822 533 1200 602 fructumque
1239 529 1411 601 juxta
1450 529 1726 584 virtutem
1775 528 1924 583 ferre
1957 530 2078 584 sive
2109 531 2296 600 perfe-

637 627 816 687 ctum,
853 621 974 677 sive
1000 619 1286 682 medium,
1322 618 1440 674 sive
1469 617 1786 685 minorem,
1821 622 1879 672 et
1908 633 2291 690 nequaquam

635 712 846 785 perire.
888 714 1038 767 Nam
1079 708 1126 764 si
1167 708 1296 763 haec
1346 707 1591 778 quidem
1636 705 2016 775 negligimus,
2055 707 2293 763 illorum

635 805 841 858 autem
891 813 1098 856 curam
1136 795 1454 863 habemus,
1501 795 1748 850 omnino
1792 795 2078 865 perimus.
2130 796 2293 852 Unde

634 891 796 947 enim
826 888 1076 944 oriretur
1116 883 1582 941 dissimilitudo?
1609 884 1771 938 Certe
1813 883 1862 937 si
1908 899 2030 938 non
2073 899 2178 956 per
2209 900 2294 940 se-

634 978 899 1049 gnitiem,
969 979 1235 1032 attamen
1300 988 1406 1044 per
1468 971 2044 1044 pusillanimitatem,
2118 978 2174 1028 et
2246 974 2294 1029 si

631 1082 754 1124 non
770 1081 877 1137 per
893 1062 1466 1136 pusillanimitatem,
1486 1065 1688 1116 tamen
1699 1076 1805 1132 per
1823 1061 2066 1117 anxiam
2085 1077 2288 1118 curam

634 1160 690 1212 et
712 1154 1040 1212 vanitatem
1067 1152 1256 1223 perire
1283 1150 1633 1223 poterimus.

703 1244 864 1298 Vers.
895 1246 946 1297 9.
969 1240 1083 1308 Qui
1101 1239 1397 1296 —audiat.
1423 1239 1542 1294 Hoc
1565 1252 1807 1310 quoque
1838 1237 2115 1295 vicesimo
2145 1237 2293 1296 dixit

631 1331 840 1404 capite,
870 1329 952 1386 ibi
982 1345 1125 1401 ergo
1149 1343 1351 1400 quaere
1376 1331 1432 1382 et
1454 1327 1636 1396 hujus
1665 1326 2118 1397 expositionem.

702 1423 864 1477 Vers.
897 1423 982 1474 10.
1008 1419 1086 1474 Et
1110 1447 1179 1460 —
1205 1416 1346 1474 illis.
1373 1415 1572 1470 Intuiti
1594 1414 1797 1471 turbas
1828 1430 1984 1485 aegre
2009 1415 2283 1488 ferentes,

629 1510 1312 1579 accesserunttanquam
1327 1504 1520 1574 magis
1537 1503 1948 1570 familiares,et
1964 1504 2037 1560 de
2050 1504 2161 1560 illis
2171 1505 2287 1562 hoc

627 1599 924 1656 dixerunt.

697 1689 864 1744 Vers.
897 1691 982 1743 11.
1015 1685 1098 1741 At
1125 1685 1231 1741 ille
1259 1715 1327 1726 -—
1351 1683 1658 1740 cwlomm.
1690 1681 1875 1737 Vobis
1902 1685 2054 1738 recte
2079 1682 2284 1739 viden-

2401 537 2636 604 γίνεσθαι
2662 541 2752 594 τήν
2784 537 2964 605 καλὴν,
3009 545 3096 592 καὶ
3129 537 3340 592 διδόναι
3367 546 3562 612 καρπὸν
3584 547 3717 595 κοιτά
3749 541 3991 618 δύναμιν,

2404 626 2500 674 εἴτε
2522 623 2726 693 τέλειον,
2749 629 2846 678 εἴτε
2867 631 3043 697 μέσον,
3071 633 3166 680 εἴτε
3187 629 3448 698 ἐλάττονα,
3480 637 3569 683 καὶ
3603 630 3789 704 μηδενὶ
3822 642 3995 708 τρόπῳ

2404 709 2744 768 ἀπόλλυσθαι.
2780 714 2893 767 Ἐἀν
2932 720 3029 789 γὰρ
3070 727 3168 768 τῶν
3215 722 3303 790 μὲν
3334 718 3610 792 ἀμελῶμεν,
3662 731 3759 772 τῶν
3788 719 3848 776 δὲ
3885 724 3992 777 ἐπι-

2401 798 2684 871 μελώμεθα,
2740 804 2938 864 πάντως
2977 804 3323 878 ἀπολλύμεθα,
3384 814 3514 860 Ποία
3540 812 3639 882 γὰρ
3674 807 3923 886 διαφορὰ,
3957 815 3997 866 εἰ

2401 891 2471 957 μή
2513 885 2604 939 διά
2627 891 2910 962 ῥᾳθυμίας,
2935 893 3059 946 ἀλλά
3077 891 3169 946 διὰ
3193 896 3581 969 μικροψυχίας,
3609 904 3698 950 καὶ
3729 885 3866 972 εῖμῆ
3903 900 3995 954 διὰ

2401 975 2767 1048 μικροψυχίας
2797 979 2921 1032 ἀ)λά
2950 979 3042 1034 διὰ
3068 989 3316 1056 μερίμνης
3345 989 3433 1037 καὶ
3489 993 3840 1058 ματαιότητος
3873 989 3994 1044 ἀπο-

2400 1062 2648 1136 λούμεθα.

2469 1241 2480 1255 ”
2510 1243 2552 1297 Ο
2587 1273 2648 1282 -
2682 1241 2927 1300 ἀκουέτω.
2960 1251 3121 1297 Τουτο
3153 1244 3260 1299 εἶπε
3289 1253 3378 1300 καὶ
3404 1247 3452 1299 ἐν
3482 1258 3553 1320 τῷ
3586 1250 3804 1323 εἰκοστῷ
3841 1274 3993 1327 κεφα-

2397 1330 2544 1402 λαίῳ,
2568 1336 2656 1384 καὶ
2690 1335 2915 1395 ζήτησον
2947 1333 2995 1385 ἐν
3027 1334 3196 1406 ἐκείνῳ
3229 1341 3321 1394 τὴν
3353 1341 3538 1391 τούτου
3571 1338 3728 1412 ἐξήγη
3742 1363 3844 1398 σιν.

2470 1425 2663 1473 Καὶ-
2710 1421 2925 1489 αὐτοῖς
2969 1420 3189 1486 Ἰδόντες
3232 1429 3354 1488 τοὺς
3395 1427 3590 1498 ὄχλους
3642 1429 3990 1504 ἀχθομένους,

2397 1503 2488 1559 διά
2513 1513 2598 1566 τὴν
2632 1507 2878 1581 ἀσάφειαν
2903 1519 3002 1562 τῶν
3035 1512 3307 1584 εἰρημένων
3337 1514 3520 1586 λόγων,
3564 1503 3886 1592 προσῆλθον,
3928 1527 3995 1586 ὡς

2393 1596 2592 1660 οἰκεῖοι,
2621 1602 2709 1649 καὶ
2738 1599 2863 1672 ὑπὲρ
2892 1597 3090 1651 ἐκείνων
3120 1609 3272 1653 τοῦτο
3299 1603 3559 1674 λέγουσιν.

2460 1683 2518 1735 Ὀ
2570 1681 2627 1737 δὲ
2656 1717 2724 1725 --
2753 1686 3001 1759 οὐρανῶν.
3057 1687 3220 1760 Ὑμῖν,
3275 1699 3382 1753 τοῖς
3427 1693 3558 1765 ὁρθά
3603 1700 3688 1749 καὶ
3730 1696 3995 1769 βλέπουσι

624 1779 788 1837 tibus
807 1782 868 1834 'et
888 1775 1288 1843 audientibus,
1310 1775 1566 1844 ideoque
1589 1773 1987 1829 credentibus.
2013 1772 2277 1844 Mysteria

2391 1778 2481 1825 καὶ
2514 1772 2783 1841 ἀκούουσι,
2834 1782 2923 1828 καὶ
2977 1773 3070 1828 διά
3120 1785 3269 1830 τοῦτο
3319 1785 3630 1835 πιστεύουσι
3661 1802 3674 1813 ⁸
3715 1795 3996 1862 μυστήρια

625 1883 786 1934 vero,
817 1866 933 1922 hoc
965 1869 1052 1922 est
1081 1878 1302 1920 arcana
1331 1868 1384 1918 et
1424 1861 1749 1917 ineffabilia
1779 1876 1914 1932 quae
1949 1866 2087 1916 sunt
2113 1862 2279 1931 regni

627 1956 938 2025 caelorum,
962 1955 1084 2009 sive
1110 1952 1290 2022 Regis
1315 1951 1626 2007 caelorum.
1653 1952 1863 2006 Datum
1893 1954 1983 2006 est
2013 1953 2214 2007 autem
2245 1965 2281 2006 a

628 2045 860 2189 Desers.
913 2135 996 2187 11.
1043 2129 1170 2186 Illis
1214 2156 1279 2170 —-
1323 2129 1551 2185 datum.
1582 2127 1791 2184 Dolose
1836 2127 2172 2184 videntibus
2225 2133 2281 2186 et

627 2221 1028 2287 audientibus,
1062 2224 1118 2276 et
1144 2220 1222 2276 ita
1243 2234 1364 2274 non
1395 2216 1774 2274 credentibus
1803 2234 1814 2270 :
1845 2233 1947 2272 eos
1973 2222 2172 2272 autem
2197 2218 2280 2272 di-

625 2311 724 2378 cit,
757 2309 863 2382 qui
905 2312 1075 2366 erant
1112 2307 1546 2364 immutabiles.
1586 2305 1739 2370 Quid
1782 2305 1944 2360 enim
1975 2305 2282 2376 prodesset

622 2416 801 2459 nosse
832 2402 888 2456 et
915 2413 1040 2455 non
1069 2398 1307 2454 credere
1331 2397 1358 2452 ?
1387 2399 1520 2451 Haec
1549 2395 1748 2466 itaque
1779 2393 2111 2449 conformia
2142 2399 2281 2450 sunt

622 2491 716 2546 his
744 2504 879 2561 quae
904 2488 1070 2559 prius
1095 2486 1245 2542 dixit
1273 2502 1284 2540 :
1323 2486 1613 2553 Conﬁteor
1643 2483 1766 2554 tibi,
1801 2483 2002 2548 Pater,
2032 2481 2283 2539 Domine

627 2579 762 2637 coeli
790 2582 846 2634 et
876 2583 1070 2641 terrae,
1103 2573 1251 2645 quod
1280 2572 1656 2630 absconderis
1687 2572 1816 2627 haec
1840 2570 2205 2640 sapientibus
2226 2577 2281 2626 et

619 2665 1037 2737 prudentibus,
1071 2668 1125 2719 et
1165 2662 1445 2719 revelaris
1476 2675 1546 2717 ea
1572 2661 1848 2730 parvulis
1881 2661 1922 2710 1.

693 2841 858 2896 Vers.
890 2841 973 2894 l2.
1009 2836 1121 2905 Qui
1151 2865 1218 2878 —
1245 2835 1321 2892 ab
1351 2851 1434 2892 eo.
1465 2836 1575 2900 Qui
1601 2835 1786 2891 ﬁdem
1810 2834 2012 2899 habet,
2041 2833 2282 2891 dabitur

622 2928 676 2985 ei
718 2929 1084 2984 secretorum
1121 2923 1382 2995 cognitio
1424 2923 1606 2995 idque
1649 2923 1891 2980 abunde
1943 2943 1956 2982 :
1991 2923 2094 2994 qui
2136 2938 2279 2981 vero

619 3017 806 3074 ﬁdem
835 3030 957 3072 non
989 3014 1190 3079 habet,
1234 3013 1534 3070 auferetur
1576 3012 1654 3070 ab
1704 3027 1775 3069 eo
1813 3012 1993 3068 etiam
2023 3013 2083 3067 id
2114 3013 2279 3085 quod

616 3105 802 3165 habet
831 3121 868 3162 a
897 3107 1015 3161 Deo
1045 3104 1296 3159 donum.
1332 3101 1598 3158 Universi
1641 3102 1807 3190 enim,
1831 3101 2060 3156 donum
2092 3117 2128 3157 a
2160 3103 2278 3157 Deo
2309 3132 2350 3190 ρ

617 3196 846 3253 habent
872 3211 885 3250 :
907 3193 1003 3250 hic
1028 3191 1274 3266 quidem
1299 3191 1435 3260 hoc,
1463 3191 1571 3247 iste
1592 3205 1730 3247 vero
1756 3189 1921 3247 illud.
1945 3190 2054 3255 Qui
2075 3194 2278 3246 autem

619 3300 751 3342 sese
776 3284 955 3354 digne
980 3285 1340 3355 praeparant,
1372 3293 1496 3336 non
1525 3279 1720 3336 solum
1750 3279 2049 3352 accipiunt
2071 3279 2277 3350 hujus-

615 3373 784 3432 modi
829 3372 1122 3435 notitiam,
1180 3385 1384 3426 verum
1431 3367 1612 3424 etiam
1661 3368 1904 3425 abunde
1953 3367 2270 3439 accipiunt.

617 3462 821 3520 Crateri
848 3476 989 3518 vero
1014 3460 1117 3532 qui
1139 3460 1222 3514 ita
1247 3474 1310 3514 se
1335 3474 1457 3514 non
1482 3458 1724 3527 habent,
1754 3473 1876 3513 non
1904 3457 2093 3512 solum
2115 3457 2274 3514 hanc

615 3567 740 3608 non
761 3550 1080 3622 accipiunt,
1117 3547 1224 3603 sed
1253 3547 1330 3603 ab
1361 3547 1472 3602 illis
1499 3561 1737 3618 quoque
1763 3546 2112 3602 auferuntur
2138 3561 2272 3617 gra-

615 3639 720 3698 tiae
750 3654 906 3712 quas
939 3638 1104 3710 prius
1133 3639 1504 3708 acceperant.

691 3731 847 3786 Vers.
880 3733 963 3784 13.
988 3728 1312 3797 Propterea
1339 3756 1406 3766 —
1431 3724 1796 3794 intelligunt.
1825 3724 1972 3788 Quia
2001 3724 2270 3781 videntes

612 3817 910 3891 corporeis
936 3815 1125 3873 oculis
1146 3831 1280 3887 quae
1303 3830 1339 3870 a
1363 3830 1458 3870 me
1478 3813 1630 3869 ﬁunt
1650 3813 1961 3882 miracula,
1983 3812 2270 3868 claudunt

610 3908 828 3963 anima:
859 3905 1064 3961 oculos
1097 3921 1110 3959 :
1142 3907 1202 3958 et
1240 3902 1650 3973 corporalibus
1684 3901 1931 3958 auribus
1964 3917 2130 3956 meos
2161 3917 2267 3956 au-

610 3996 842 4052 dientes
878 4007 1204 4056 sermones,
1237 3989 1522 4045 claudunt
1553 4005 1652 4045 eas
1691 4006 1826 4060 quae
1857 3994 1994 4043 sunt
2023 3991 2265 4058 animae,

608 4084 870 4153 ideoque
917 4079 1166 4136 omnino
1217 4077 1504 4133 increduli
1556 4082 1886 4132 remanent.
1949 4079 2016 4132 Ut
2063 4083 2264 4134 autem

611 4170 766 4225 scias
797 4167 964 4240 quod
995 4166 1208 4222 animae
1255 4165 1577 4220 caecitatem
1629 4179 1698 4220 ac
1729 4164 2075 4219 surditatem
2106 4165 2266 4222 dicat

609 4258 841 4316 addidit
862 4274 874 4312 :
897 4258 1102 4327 Neque
1121 4254 1489 4325 intelligunt.
1509 4253 1834 4324 Intelligere
1856 4253 2157 4324 siquidem
2178 4260 2263 4313 est

608 4346 944 4403 secundum
975 4344 1242 4401 animam
1271 4342 1470 4399 videre
1513 4347 1570 4399 et
1601 4342 1825 4398 audire.
1854 4342 2090 4399 Talibus
2119 4359 2260 4415 ergo

607 4435 838 4508 merito,
873 4450 943 4491 ac
971 4433 1413 4506 dispensatione
1455 4432 1724 4505 quadam
1754 4433 1813 4488 in
1844 4432 2146 4505 parabolis
2177 4433 2263 4492 lo-

2393 1859 2470 1928 δε,
2507 1865 2571 1914 τά
2625 1862 2896 1937 ἀπόρρητα
2947 1883 2957 1893 '
3001 1874 3094 1927 τῆς
3149 1865 3420 1937 βασιλείας
3475 1868 3533 1922 δὲ
3583 1882 3681 1924 τῶν
3735 1859 3990 1950 οὐρανῶν,

2391 1954 2526 2020 ἤτοι,
2542 1959 2637 2003 τοῦ
2679 1950 2936 2024 βασιλέως
2965 1961 3060 2004 τῶν
3087 1954 3332 2028 οὐρανῶν.
3363 1955 3578 2011 Δέδοται
3621 1957 3695 2026 δὲ,
3727 1969 3877 2037 παρά
3903 1977 3992 2020 τοῦ

2389 2043 2534 2090 Θεοῦ.

2459 2125 2696 2187 Ἐκείνοις
2741 2159 2810 2170 --
2873 2125 3108 2182 δέδοται.
3177 2137 3296 2194 Τοῖς
3364 2134 3547 2187 σκολιά
3589 2142 3678 2190 καὶ
3730 2138 3990 2211 βλέπουσι

2389 2219 2477 2267 καὶ
2535 2214 2805 2281 ἀκούουσι,
2865 2222 2954 2269 καὶ
3006 2224 3077 2289 μὴ
3136 2225 3466 2277 πιστεύουσι.
3527 2230 3679 2297 Λέγει
3747 2225 3830 2298 δὲ,
3876 2238 3990 2294 τοὺς

2391 2303 2794 2376 ἀμεταϐλήτους.
2851 2311 2943 2367 Τίς
3011 2309 3111 2380 γάρ
3197 2309 3428 2380 ὠφέλεια,
3499 2322 3692 2383 γνῶναι
3747 2319 3862 2388 μὲν,
3915 2327 3983 2392 μὴ

2389 2396 2650 2445 πιστεύειν
2690 2391 2748 2444 δὲ
2783 2411 2795 2459 ;
2831 2401 3010 2447 Ταῦτα
3057 2393 3125 2454 δὴ
3161 2396 3452 2468 συνᾴδουσι
3504 2407 3592 2454 καὶ
3623 2405 3695 2464 οἷς
3742 2391 3986 2483 πρότερον

2390 2481 2551 2552 ἔλεγεν
2603 2499 2615 2510 ·
2677 2482 3119 2556 Ἐξομολογοῦμαί
3197 2491 3299 2552 σοί,
3381 2491 3571 2563 Πάτερ,
3657 2496 3816 2566 Κύριε
3895 2481 3987 2551 τοῦ

2390 2570 2608 2641 ούρανοῦ
2692 2576 2781 2622 καὶ
2837 2580 2926 2632 τῆς
2981 2580 3100 2643 γῆς,
3175 2576 3256 2626 ὅτι
3308 2574 3607 2650 ἀπέκρυψας
3665 2590 3833 2635 ταῦτα
3887 2585 3984 2638 ἀπὸ

2393 2667 2560 2730 σοφῶν
2627 2663 2716 2710 καὶ
2775 2669 3008 2727 συνετῶν,
3082 2666 3171 2715 καὶ
3255 2663 3590 2736 ἀπεκάλυψας
3675 2670 3813 2723 αύτὰ
3891 2693 3983 2731 νη-

2388 2766 2545 2807 πιοις.

2459 2834 2646 2897 Ὅστις
2688 2865 2756 2877 -
2831 2835 2920 2889 ἀπ’
2972 2834 3151 2892 αὐτού.
3207 2838 3388 2901 Ὀστις
3449 2843 3541 2914 μὲν
3601 2847 3703 2916 ἔχει
3764 2850 3965 2914 πίστιν,

2391 2921 2676 2982 δοθήσεται
2727 2923 2867 2994 αύτῷ
2916 2933 3102 2996 γνῶσις
3159 2935 3258 2978 τῶν
3314 2937 3641 3003 μυστηρίων,
3679 2937 3762 2985 καὶ
3812 2931 3967 3006 δαψι-

2387 3012 2481 3073 λῶς
2517 3028 2528 3039 ⁸
2564 3015 2709 3075 ὅστις
2749 3011 2808 3064 δὲ
2838 3013 2930 3064 οὐκ
2975 3016 3088 3084 ἔχει
3135 3020 3337 3085 πίστιν,
3371 3016 3658 3092 ἀρθήσεται
3697 3020 3781 3074 ἀπ’
3815 3023 3974 3076 αὐτοῦ

2387 3107 2475 3154 καὶ
2526 3106 2557 3154 ὅ
2601 3105 2714 3172 ἔχει
2770 3103 2913 3175 παρὰ
2962 3109 3094 3185 Θεοῦ
3148 3099 3390 3177 δώρημα.
3435 3114 3544 3170 Πᾶς
3592 3111 3692 3182 γὰρ
3759 3107 3984 3185 δώρημα

2387 3193 2498 3262 ἔχει
2556 3198 2710 3256 Θεου,
2748 3191 2772 3242 ὁ
2812 3193 2900 3262 μὲν
2939 3184 3159 3255 τοιόνδε,
3194 3194 3218 3243 ὁ
3252 3190 3311 3245 δὲ
3362 3192 3581 3251 τοιόνδε.
3638 3203 3740 3250 Καὶ
3797 3184 3848 3252 οῖ
3894 3184 3982 3273 μὲν

2384 3282 2871 3354 παρασκευάσαντες
2937 3278 3146 3340 ἑαυτοὺς
3199 3279 3394 3353 ἀξίους,
3455 3285 3512 3336 ού
3575 3289 3728 3357 μόνον
3781 3287 3986 3360 λαμϐά-

2381 3388 2530 3421 νουσι
2561 3373 2652 3426 τὴν
2701 3370 2961 3425 τοσαύτην
2995 3376 3205 3440 γνῶσιν,
3249 3369 3375 3423 ἀλλά
3402 3378 3490 3424 καὶ
3530 3370 3764 3444 δαψιλῶς
3792 3391 3809 3406 ⁸
3846 3380 3896 3429 οἱ
3927 3374 3987 3432 δὲ

2382 3462 2450 3529 μὴ
2498 3456 2652 3515 οὕτως
2715 3459 2939 3527 ἔχοντες,
2989 3457 3047 3508 ού
3093 3461 3244 3530 μόνον
3292 3459 3351 3511 ού
3401 3459 3724 3521 λαμϐάνουσι
3783 3469 3984 3524 ταύτην

2383 3544 2510 3597 ἀλλά
2581 3553 3084 3620 προσαφαιροῦνται,
3175 3551 3264 3600 καὶ
3348 3548 3382 3600 ἃ
3459 3551 3738 3624 προέλαϐον
3814 3561 3985 3628 χαρί-

2383 3654 2417 3686 σ
2419 3654 2580 3706 ματα.

2450 3726 2544 3776 Διὰ
2592 3731 2742 3775 τοῦτο
2807 3752 2878 3762 -
2941 3729 3236 3780 συνιοῦσιν.
3310 3730 3466 3792 Διότι,
3535 3725 3807 3800 βλέποντες
3873 3742 3988 3796 τοῖς

2380 3821 2695 3885 σωματικοῖς
2750 3811 3030 3884 ὀφθαλμοῖς
3081 3816 3147 3864 τὰ
3187 3814 3307 3886 παρ’
3375 3813 3498 3886 ἐμοῦ
3553 3822 3799 3889 γινόμενα
3858 3823 3988 3874 Θαύ-

2375 3921 2534 3974 ματα,
2602 3904 2797 3973 μύουσι
2863 3905 2982 3963 τοὺς
3054 3910 3149 3962 τῆς
3213 3901 3401 3974 ψυχῆς

2567 3996 2881 4060 σωματικοῖς
2977 3990 3076 4042 ὠσὶ
3160 3995 3277 4052 τοὺς
3349 3993 3471 4064 παρ’

3469 3922 3481 3934 ·
3543 3910 3632 3957 καὶ
3701 3905 3986 3974 ἀκούοντες

2374 3999 2478 4051 τοῖς
2567 3996 2881 4060 σωματικοῖς
2977 3993 3076 4042 ὠσὶ
3160 3995 3277 4052 τοὺς
3349 3993 3471 4064 παρ’
3561 3993 3684 4065 ἐμοῦ
3769 3996 3980 4069 λόγους,

2373 4082 2567 4151 μύουσι
2623 4082 2741 4140 τοὺς
2801 4087 2896 4140 τῆς
2958 4078 3166 4150 ψυχῆς,
3233 4086 3322 4132 καὶ

2374 4166 2704 4222 ἀπιστοῦσιν.
2767 4165 2876 4220 Ἰνα
2928 4164 2986 4219 δὲ
3040 4176 3192 4239 γνῷς,
3227 4170 3305 4220 ὅτι
3357 4169 3612 4241 τύφλωσιν
3651 4178 3741 4225 καὶ
3779 4182 3986 4248 κώφευ-

2375 4275 2456 4308 σιν
2494 4260 2584 4314 τὴν
2614 4265 2706 4318 τῆς
2736 4256 2917 4328 ψυχῆς
2963 4256 3117 4326 λέγει,
3165 4256 3418 4329 ἐπήγαγεν
3455 4275 3466 4288 ⁸
3499 4257 3638 4312 Οὐδὲ
3706 4273 3980 4320 συνιοῦσι.

2371 4347 2580 4407 Σύνεσις
2627 4349 2751 4418 γὰρ,
2791 4349 2849 4397 τὸ
2911 4344 3115 4418 βλέπειν
3165 4351 3255 4399 καὶ
3304 4346 3506 4400 ἀκοῦειν
3554 4352 3690 4401 κατά
3745 4351 3970 4424 ψυχήν,

2367 4436 2488 4495 Τοῖς
2513 4437 2767 4496 τοιούτοις
2819 4431 2906 4487 οὖν
2937 4430 3154 4495 δικαίως
3208 4440 3298 4488 καὶ
3329 4437 3668 4508 οἰκονομικῶς
3703 4438 3750 4490 ἐν
3804 4461 3979 4514 παραο

3397 4078 3489 4132 διὰ
3550 4090 3700 4134 τοῦτο
3769 4090 3986 4152 πάντως

604 4499 923 4598 quebatur,
984 4499 1087 4579 ita.
1121 4526 1184 4579 ut
1237 4522 1345 4593 ipsi
1404 4499 1651 4594 quidem
1703 4499 1988 4587 audirent,
2048 4538 2259 4579 verum

2385 4522 2542 4586 ιολαῖς
2581 4522 2762 4588 ἐλάλει,
2823 4524 2955 4575 ὥστε
3013 4522 3200 4584 αύτούς
3265 4522 3468 4576 ἀκούειν
3525 4529 3614 4597 μὲν
3664 4532 3734 4598 μὴ
3800 4534 3971 4582 συνιέο

603 4631 729 4674 non
777 4613 1199 4684 intelligerent;
1249 4611 1459 4668 merito
1511 4610 1777 4684 quidem,
1827 4611 1972 4683 quia
2019 4617 2261 4684 propter

606 4704 1007 4761 voluntariam
1082 4701 1437 4773 pravitatem
1515 4715 1688 4754 suam
1762 4699 1993 4769 indigni
2067 4706 2256 4765 erant,

601 4795 705 4867 qui
731 4794 898 4850 nuda
924 4791 1199 4849 audirent
1223 4789 1531 4860 mysteria,
1559 4789 1824 4860 quadam
1856 4804 1997 4844 vero
2023 4789 2258 4861 dispen-

603 4883 852 4947 satione,
910 4897 986 4936 ne
1043 4883 1409 4936 secretorum
1461 4878 1885 4947 cognitionem,
1943 4877 2258 4937 redderent

601 4969 1086 5027 contradictionis
1134 4969 1445 5022 materiam
1479 4984 1492 5021 :
1547 4969 1604 5022 et
1644 4967 1726 5024 ita.
1763 4967 2099 5037 graviorem
2143 4967 2256 5024 sibi

600 5058 952 5114 inducerent
991 5054 1577 5121 condamnationem,

677 5145 835 5201 Vers.
868 5146 952 5201 14.
978 5143 1058 5198 Et
1087 5174 1156 5184 —
1181 5143 1372 5199 Isaia.
1401 5143 1758 5214 Hujusmodi
1788 5143 2103 5215 prophetia
2123 5144 2252 5215 jam

2365 4632 2449 4664 ναι
2488 4608 2566 4666 δέ.
2620 4616 2715 4664 Καὶ
2767 4608 2986 4673 δικαίως
3035 4614 3146 4684 μὲν,
3224 4615 3292 4672 ὡς
3366 4611 3458 4665 διὰ
3508 4619 3602 4672 τὴν
3642 4613 3972 4668 ἐθελοκακίαν

2366 4701 2532 4754 αὐτῶν
2596 4699 2823 4763 ἀναξίοις
2870 4699 3032 4761 ἀκόῆς
3082 4709 3289 4773 γυμνῶν
3355 4709 3660 4778 μυστηρίων
3701 4719 3711 4733 ³

2364 4798 2528 4863 μικῶς
2569 4786 2648 4853 δὲ,
2704 4791 2786 4842 ἵνα
2838 4793 2907 4861 μὴ
2950 4794 3042 4848 τήν
3096 4798 3288 4860 γνῶσιν
3327 4798 3426 4842 τῶν
3481 4796 3779 4864 μυστηρίων
3825 4790 3976 4846 ἀντι-

3764 4702 3967 4757 οἰκονο-

2362 4879 2538 4950 λογίας
2567 4877 2691 4936 ὕλην
2721 4883 3051 4944 ποιήσαντες,
3084 4877 3376 4954 βαρυτέραν
3395 4878 3790 4935 ἐπισπάσωνται
3807 4902 3975 4937 κατα-

2365 4965 2400 5021 δ
2405 4973 2538 5026 ἰκην,

2434 5148 2534 5197 Καὶ
2592 5144 2829 5199 Ἡσαΐου.
2891 5142 2951 5196 Ἥ
3019 5147 3235 5204 τοιαύτη
3320 5149 3610 5220 προφητεία
3681 5147 3975 5228 ἐπληρώθη

599 5249 672 5291 ex
709 5237 877 5306 parte
923 5231 1220 5304 completa
1260 5235 1387 5291 erat
1428 5232 1492 5288 in
1528 5231 1829 5305 prioribus
1866 5232 2107 5302 Judaais,
2145 5233 2253 5305 qui

2385 5234 2448 5286 t‘sv
2478 5232 2534 5285 ἐκ
2586 5235 2792 5306 μέρους,
2843 5232 2927 5287 ἐπὶ
2977 5241 3075 5288 τῶν
3141 5233 3302 5289 πάλαι
3361 5234 3794 5312 σκληροκαρδίων
3836 5242 3983 5297 Ἰου.

669 5409 716 5445 ⁹⁹
748 5407 947 5466 Matth.
977 5424 1057 5474 xi,
1088 5410 1177 5464 25.

1794 5505 2016 5575 Varia
2054 5505 2383 5575 lectiones
2423 5514 2490 5573 et
2527 5515 2729 5576 notae.

668 5625 779 5698 (15)
811 5625 912 5678 Καὶ
943 5622 990 5676 ἐν
1022 5625 1214 5697 τούτῳ.
