4186 6318
337 332 443 389 401
1305 333 1677 391 COMMENT.
1720 332 1789 388 IN
1823 331 2265 390 MATTHJEUM.
2308 363 2374 373 —
2415 334 2571 389 CAP.
2603 334 2750 389 XIII.
3595 335 3702 391 402

337 455 524 511 δαίων·
560 456 841 529 πληροῦται
890 454 951 510 δὲ
1002 457 1258 521 παντελῶς
1297 466 1406 522 νῦν,
1463 459 1546 511 ἐπὶ
1598 461 1812 511 τούτων.
1846 459 1990 510 Διὰὶ

2048 458 2183 514 duri
2215 458 2415 515 cordis
2448 458 2685 515 fuerant
2717 476 2729 525 ;
2762 474 2923 517 nunc
2976 462 3177 519 autem
3239 460 3495 533 perfecte
3545 476 3701 517 com~

336 568 397 600 το
413 554 491 599 ira
528 549 627 619 γὰρ
650 549 735 597 καὶ
762 547 1178 622 Ἀναπληροῦται
1209 546 1483 613 εἷπεν,ἀντὶ
1532 555 1641 613 τοῦ,
1675 547 1938 608 Παντελῶς

1034 556 1178 599 οῦται
1209 546 1483 613 εἷπεν,ἀντὶ
1532 555 1641 613 τοῦ,
1675 547 1938 608 Παντελῶς
2046 548 2323 617 plebatur
2352 549 2413 602 in
2436 547 2560 602 istis

339 635 649 707 πληροῦται,
680 636 708 694 ἡ
744 635 1162 710 Ἀναπληροῦται
1192 636 1385 705 ἁπλῶς,
1418 636 1531 689 ἀντὶ
1574 644 1662 689 τοῦ
1702 636 1935 712 πληροῦ-

336 744 441 778 ται.

402 812 457 864 Ἡ
496 808 767 871 -ἵδητι
824 813 978 886 Ἀκοῇ
1042 824 1313 887 σωματικῇ
1370 814 1617 867 ἀκούσετε
1672 819 1789 874 τοὺς
1839 814 1930 867 λό-

2113 818 2269 871 Vers.
2304 817 2398 873 14.
2440 815 2947 882 Qum—cernetis,
2987 818 3210 873 Auditu
3267 820 3563 891 corporali
3592 836 3695 879 au-

325 920 467 970 γους,
510 907 603 953 καὶ.
649 903 707 953 ού
738 907 809 973 μή
868 912 1056 962 συνῆτε
1107 909 1200 962 τήν
1268 903 1527 968 ἀλήθειαν,
1580 906 1646 965 ὡς
1694 903 1931 955 ἐθελοκω-

2039 904 2207 960 dietis
2264 920 2587 974 sermones,
2668 908 2724 959 et
2773 919 2896 959 non
2960 905 3295 977 intelligetis
3364 911 3688 976 veritatem,

324 997 537 1062 φοῦντες
605 993 739 1042 κατὰ
798 991 983 1063 ψυχήν
1056 1008 1067 1019 ·
1131 999 1219 1044 καὶ
1259 992 1528 1065 βλέποντες
1596 1002 1926 1064 σωματικῶς,

2038 994 2211 1064 quasi
2256 998 2463 1064 sponte
2496 992 3012 1057 obsurdescentes,
3077 996 3240 1066 quod
3294 996 3371 1051 ad
3422 999 3691 1055 animam

322 1077 549 1151 βλέψετε
575 1080 694 1150 (16)
740 1084 804 1132 τὰ
837 1083 1096 1153 θαύματα,
1131 1088 1218 1134 καὶ
1276 1082 1334 1135 ού
1391 1087 1461 1153 μὴ
1496 1078 1646 1139 ἴδητε
1682 1087 1774 1139 τὴν
1808 1081 1929 1139 ἁλή-

2038 1088 2300 1154 spectat:
2333 1088 2389 1139 et
2426 1082 2810 1154 corporaliter
2862 1081 3134 1139 videntes
3187 1084 3459 1140 videbitis
3512 1088 3688 1144 mira-

326 1170 491 1233 θειαν,
560 1170 748 1239 ὁμοίως
809 1172 878 1230 ὡς
947 1170 1457 1243 ἐθελοτυφλώττοντες
1521 1174 1655 1224 κατὰ
1717 1172 1924 1243 ψυχήν,

2037 1172 2189 1240 cuia,
2248 1188 2358 1227 nec
2415 1178 2616 1228 tamen
2657 1171 2965 1227 veritatem
3017 1173 3291 1237 cernetis,
3342 1174 3472 1244 pari
3507 1174 3690 1231 modo

325 1255 457 1310 Εἶτα
480 1257 619 1328 λέγει
668 1264 757 1311 καὶ
788 1262 882 1317 τὴν
916 1260 1086 1311 αἰτίαν
1109 1262 1134 1312 6
1161 1266 1451 1332 προφήτης,
1481 1257 1553 1312 δι’
1582 1260 1640 1318 ἢν
1662 1268 1811 1313 τοῦτο
1840 1281 1926 1314 πε-

2035 1263 2324 1330 tanquam
2356 1260 2686 1316 voluntarie
2727 1258 2933 1331 quoad
2972 1258 3261 1324 animam,
3294 1261 3688 1318 caecutientes.

324 1349 601 1400 πόνθασιν.
2036 1349 2256 1404 Deinde
2286 1349 2707 1421 additquoque
2731 1346 3026 1418 propheta
3056 1363 3329 1415 causam,
3368 1347 3446 1405 ab
3499 1364 3688 1421 quam

2032 1438 2161 1493 haec
2192 1439 2355 1508 passi
2388 1439 2521 1493 sint.

403 1524 703 1596 Ἐπαχύνθη
765 1557 830 1564 -
878 1528 1082 1579 τούτου.
1128 1557 1191 1567 ‹-
1253 1528 1578 1597 Ἐπαχύνθη,
1637 1534 1749 1579 αντὶ
1807 1535 1917 1595 τοῦ,

2106 1529 2263 1581 Vers.
2300 1528 2384 1581 15.
2429 1528 2823 1584 Incrassatum
2856 1536 2937 1586 est
2961 1560 3031 1569 ——
3058 1528 3246 1599 hujus.
3291 1558 3360 1567 —
3390 1529 3687 1587 Incrassa-

330 1612 682 1685 Ἐσκληρύνθη
710 1614 954 1686 ἐπωρωθῆ
972 1624 1041 1685 τῷ
1060 1618 1224 1688 φθόνῳ
1238 1622 1325 1669 καὶ
1356 1624 1469 1679 ταῖς
1493 1616 1670 1679 ἁλλαις
1689 1622 1916 1679 κακίαις.

2033 1620 2147 1670 tum
2177 1620 2281 1680 est,
2336 1614 2450 1670 hoc
2494 1619 2581 1670 est
2631 1616 2978 1673 Induratum
3021 1621 3125 1686 est,
3182 1620 3547 1672 excaecatum
3598 1620 3686 1673 est

330 1707 433 1753 Καὶ
474 1699 565 1754 διὰ
580 1710 726 1757 τοῦτο
757 1702 1117 1760 ἀσυνετοῦσιν,

2031 1703 2276 1767 invidia,
2317 1702 2565 1775 aliisque
2605 1703 3020 1776 iniquitatibus
3052 1721 3069 1760 :
3100 1708 3157 1761 et
3207 1703 3335 1760 ideo
3389 1703 3682 1762 intellectu

1950 1797 1991 1850 Β
2028 1796 2249 1849 carent.

406 1884 505 1931 Καὶ
535 1879 949 1951 -ἐκάμμυσαν.
993 1879 1127 1933 Ὦτα
1178 1886 1267 1933 καὶ
1308 1882 1617 1953 ὀφθαλμούς,
1669 1903 1790 1944 τους
1822 1893 1917 1947 τῆς

2100 1882 2257 1937 Vers.
2309 1882 2396 1936 15.
2438 1882 2603 1936 Et—
2634 1885 3066 1939 concluserunt.
3113 1882 3299 1936 Aures
3349 1896 3420 1939 ac
3472 1881 3680 1937 oculos

322 1965 509 2038 ψυχῆς
538 1967 668 2039 λέγει
701 1985 711 1997 ·
744 1968 943 2044 βαρέως
980 1967 1037 2022 δὲ
1076 1974 1329 2034 ἤκουσαν,
1386 1970 1498 2023 ἀντὶ
1536 1979 1649 2041 τοῦ,
1700 1971 1914 2044 ἐκὼφευ-

2026 1970 2165 2027 dicit
2215 1972 2451 2027 animae.
2506 1969 2773 2026 Graviter
2824 1976 3023 2028 autem
3059 1969 3392 2036 audierunt,
3445 1970 3561 2027 hoc
3590 1974 3679 2027 est

326 2075 444 2110 σαν.

2023 2059 2482 2115 obsurduerunt.

394 2150 599 2203 Μήποτε
650 2178 715 2185 -
774 2146 978 2207 αύτούς.
1017 2148 1103 2217 [Τὸ
1154 2148 1264 2218 (17)
1304 2153 1538 2212 Μήποτε,
1588 2152 1794 2207 νοηθείη
1828 2150 1907 2216 ἂν,

2094 2150 2259 2205 Vers.
2340 2152 2420 2203 15.
2498 2148 2817 2219 Nequando
2864 2179 2936 2190 —
2990 2162 3104 2204 eos.
3151 2148 3192 2216 -ια
3241 2145 3420 2202 Dictio
3473 2150 3674 2219 μήποτε

316 2239 410 2284 καί
460 2232 571 2285 ἀντὶ
602 2242 714 2299 τοῦ,
749 2233 926 2299 Ἴσως,
960 2237 1137 2288 ὁποῖόν
1159 2239 1270 2288 ἐστι
1300 2241 1387 2288 καὶ
1436 2240 1577 2311 παρὰ
1605 2247 1674 2309 τῷ
1719 2238 1909 2292 Ἀποσ-

2021 2238 2357 2308 nequando,
2392 2236 2635 2307 intelligi
2682 2239 2895 2308 potest,
2938 2240 3002 2292 ut
3044 2234 3420 2292 tantumdem
3470 2235 3674 2292 valeat

308 2322 463 2393 τόλῳ·
486 2324 573 2377 Ἐν
598 2330 880 2397 πραότητι,
906 2331 1054 2397 φησὶ,
1084 2324 1400 2379 παιδεύοντα
1421 2333 1536 2389 τοὺς
1568 2326 1908 2382 ἀντιδιατιθε-

2017 2331 2339 2398 quantum:
2370 2330 2449 2381 Ne
2480 2341 2595 2396 quo
2614 2326 2800 2381 modo
2816 2325 3018 2396 ;quale
3037 2323 3626 2394 estetilludApostoli
3654 2339 3669 2381 :

306 2416 492 2483 μένους
531 2419 729 2484 μήποτε
769 2411 879 2485 δῴη
922 2415 1096 2476 αὐτοῖς
1129 2417 1154 2466 6
1186 2420 1315 2476 Θεὸς
1345 2416 1619 2488 ἐπίγνωσιν
1647 2418 1712 2478 εἰς
1740 2437 1905 2477 σωτη-

2016 2417 2088 2471 In
2100 2415 2545 2471 mansuetudine
2559 2414 2837 2469 instruite
2860 2428 2952 2469 eos
2970 2413 3072 2484 qui
3088 2412 3394 2478 obsistunt,
3410 2427 3668 2482 nequan-

309 2505 447 2573 ρίαν.
473 2507 577 2553 Τοῦ
601 2506 699 2576 γὰρ
733 2508 1019 2575 προφήτου,
1046 2505 1217 2578 ὥσπερ
1258 2504 1612 2577 λογιζομένου,
1640 2508 1809 2577 μάτην
1840 2507 1905 2567 εἰς

2014 2504 2087 2559 do
2118 2504 2212 2560 det
2239 2504 2360 2559 illis
2388 2506 2540 2559 Deus
2568 2504 2936 2558 intellectum
2961 2502 3046 2556 ad
3073 2502 3318 2557 salutem
3347 2502 3391 2556 ³.
3420 2500 3667 2558 adducit

305 2597 538 2641 τοιοῦτον
590 2590 710 2642 λαόν
763 2592 1008 2665 κηρύξαι,
1059 2590 1308 2663 ἐπήγαγεν
1335 2596 1359 2644 6
1391 2598 1519 2655 Θεὸς
1545 2600 1689 2646 τουτὶ
1718 2598 1776 2646 τό
1800 2596 1902 2669 ῥη-

2013 2597 2213 2649 autem
2253 2593 2405 2646 Deus
2425 2591 2539 2646 hoc
2568 2591 2863 2662 prophetis
2889 2590 3116 2646 dictum
3144 2592 3437 2661 tanquam
3472 2589 3666 2646 existi-

307 2682 417 2729 τόν.
446 2677 468 2749 ]
2011 2680 2229 2737 mantis
2265 2680 2484 2736 frustra
2513 2680 2591 2735 ad
2620 2678 2969 2750 hujusmodi
3019 2677 3306 2750 populum
3331 2677 3663 2749 praedicari.

379 2767 454 2818 Δι’
498 2766 780 2840 ὑπερϐολήν
809 2765 868 2820 δὲ
897 2771 1103 2840 φθόνου,
1132 2774 1221 2821 καὶ
1246 2778 1343 2821 τῶν
1374 2770 1554 2835 ἄλλων,
1585 2775 1647 2831 ὡς
1679 2774 1897 2844 εἴρηται,

2083 2768 2319 2825 Invidia:
2349 2768 2781 2838 magnitudine,
2839 2768 3109 2839 aliisque,
3151 2770 3216 2822 ut
3266 2766 3493 2821 dictum
3542 2769 3653 2832 est,

300 2865 518 2923 κακιῶν,
553 2857 903 2929 ἐπωρώθησαν
960 2858 1031 2918 εἰς
1077 2861 1302 2923 σύνεσιν,
1349 2864 1436 2911 καὶ
1477 2860 1770 2931 ἑκὼφευσάν
1809 2864 1898 2933 μὲν

2008 2857 2421 2929 pravitatibus,
2456 2857 2727 2913 excaacati
2774 2859 2909 2911 sunt
2948 2855 3027 2910 ad
3052 2854 3438 2919 intellectum,
3470 2858 3527 2909 et
3554 2854 3660 2910 ob-

297 2948 428 3017 πρὲς
466 2949 585 3005 τοὺς
614 2948 882 3019 ὑπερφυεῖς
902 2946 1099 3017 λόγους,
1126 2946 1430 3019 ἐκάμμυσαν
1463 2945 1521 3000 δὲ
1545 2952 1674 3020 πρὸς
1703 2952 1768 3000 τὰ
1801 2970 1899 3001 πα-

2009 2947 2369 3001 surduerunt
2418 2945 2496 3002 ad
2544 2944 3028 3015 supernaturales
3068 2957 3375 2998 sermones
3408 2942 3659 2999 :oculos

300 3030 510 3107 ράὸοξα
556 3035 700 3106 ἔργα,
754 3037 924 3106 ὥσπερ
982 3031 1282 3106 δειλιῶντες,
1340 3041 1538 3106 μήποτε
1589 3036 1897 3098 ἀκούσαντες

2007 3051 2147 3091 vero
2159 3035 2502 3091 clauserunt
2521 3034 2600 3090 ad
2625 3033 2921 3105 stupenda
2936 3047 3138 3103 opera,
3153 3031 3329 3102 quasi
3354 3045 3473 3101 prae
3498 3030 3660 3101 igna-

298 3128 392 3174 καὶ
428 3119 623 3182 ἰδόντες
656 3126 720 3175 τὰ
764 3124 888 3196 παρ’
938 3123 1081 3195 ἐμοῦ,
1124 3130 1212 3175 καὶ
1257 3128 1456 3195 γνόντες
1504 3130 1561 3177 τὸ
1609 3123 1722 3179 δέον
1755 3126 1896 3179 ἐπισ-
1932 3146 1951 3200 (

2008 3124 2102 3180 via
2133 3124 2426 3189 timentes,
2459 3139 2534 3178 ne
2559 3137 2681 3193 quo
2718 3121 2901 3177 modo
2953 3120 3222 3185 audiant,
3274 3119 3531 3185 videant,
3602 3123 3657 3177 et

293 3210 536 3285 τρέψωσι
584 3215 711 3285 πρὸς
754 3232 836 3282 με,
869 3217 956 3263 καὶ
997 3212 1211 3283 ἰάσομαι
1251 3214 1439 3273 αύτούς
1471 3213 1568 3266 ἀπὸ
1602 3224 1698 3266 τῶν
1728 3215 1896 3287 πλημ-

2005 3213 2332 3283 intelligant
2359 3229 2394 3267 a
2422 3227 2515 3266 me
2536 3210 2700 3283 quod
2742 3225 2892 3280 opus
2942 3212 3051 3273 est,
3112 3207 3271 3262 unde
3315 3210 3655 3262 convertan-

300 3300 609 3370 μελημάτων
662 3300 847 3354 αύτῶν,
895 3301 982 3352 Ἐκ
1012 3306 1310 3373 προσώπου
1349 3305 1449 3375 γὰρ
1488 3310 1581 3354 τοῦ
1608 3312 1838 3375 Χριστοῦ
1870 3306 1895 3355 ό

2005 3306 2098 3357 tur
2122 3306 2175 3355 et
2204 3316 2410 3356 sanem
2430 3314 2555 3354 eos.
2594 3302 2742 3354 Nam
2759 3314 2829 3353 ex
2855 3296 3064 3352 Christi
3088 3309 3345 3367 persona
3374 3294 3651 3351 dicuntur

302 3388 464 3457 λόγος.
484 3396 650 3441 Τοῦτο
680 3386 737 3440 δὲ
749 3391 1057 3461 προσέθηκε,
1084 3386 1349 3463 διασύρων
1366 3391 1549 3451 αύτούς
1570 3392 1639 3452 εἰς
1662 3391 1895 3463 ἐσχάτην

2003 3390 2185 3444 verba
2205 3388 2354 3443 haec.
2398 3385 2635 3441 Addidit
2662 3390 2859 3440 autem
2884 3384 2995 3439 ista
3026 3384 3102 3440 ad
3134 3382 3500 3453 carpendum
3525 3397 3649 3449 eos,

302 3476 495 3531 ἄνοιαν.
2004 3477 2166 3550 quod
2208 3477 2281 3532 ad
2306 3480 2634 3531 extremam
2672 3472 3018 3528 devenerint
3048 3471 3437 3527 dementiam.

373 3564 534 3637 ’Υμῶν
556 3598 625 3607 --
657 3564 855 3623 ἀκούει.
910 3569 1193 3639 Μακάριοι,
1221 3568 1300 3619 ὅτι
1337 3566 1591 3640 βλέπουσι
1620 3573 1709 3621 καὶ
1743 3568 1895 3621 ἀκού-

2074 3567 2236 3622 Vers.
2267 3569 2351 3621 16.
2395 3565 2584 3620 Vestri
2609 3594 2677 3603 —
2715 3562 2987 3618 audiunt.
3040 3559 3286 3626 Felices,
3331 3560 3467 3631 quia
3494 3563 3652 3618 recte

302 3670 448 3703 ουσιν
483 3654 667 3729 ὀρθῶς.

2003 3655 2206 3712 vident
2235 3658 2292 3710 et
2312 3654 2578 3710 audiunt.

374 3739 536 3812 Ἀμήν
584 3773 651 3783 —
700 3747 951 3801 ἤκουσαν.
1005 3744 1209 3811 Πολλοὶ,
1265 3749 1353 3796 καὶ
1409 3744 1466 3797 ού
1514 3748 1696 3806 πάντες
1726 3751 1892 3807 ’τινες

2074 3744 2243 3799 Vers.
2269 3744 2358 3797 17.
2392 3742 2575 3797 Amen
2600 3768 2668 3781 —-
2693 3739 3037 3796 audierunt.
3067 3737 3240 3803 Multi,
3285 3739 3343 3793 et
3370 3751 3493 3793 non
3522 3751 3653 3794 om-

298 3830 403 3899 γάρ
433 3838 596 3883 ταῦτα
651 3838 740 3885 καὶ
793 3829 928 3885 εἶδον
958 3838 1048 3885 καὶ
1080 3834 1312 3892 ήκουσαν
1355 3851 1365 3862 ·
1397 3838 1664 3907 ὑπερφυῶς
1717 3831 1794 3900 δὲ,
1827 3839 1891 3897 ὡς

2000 3849 2110 3889 nes
2149 3851 2162 3899 ;
2193 3832 2441 3904 quidam
2480 3830 2639 3885 enim
2688 3831 2810 3883 haec
2844 3832 2900 3883 et
2929 3827 3205 3883 viderunt
3230 3829 3284 3882 et
3314 3826 3649 3893 audierunt,

300 3918 327 3968 6
379 3917 616 3992 Ἀϐραὰμ
662 3926 749 3973 καὶ
799 3924 846 3972 οἱ
899 3920 1264 3995 ἐπισημότεροι
1307 3939 1318 3951 ·
1381 3921 1447 3974 Ἤ
1516 3922 1719 3986 Πολλοὶ,
1777 3923 1891 3977 ἀντὶ

2000 3936 2345 3994 quanquam
2384 3919 2445 3974 id
2475 3915 3019 3990 supernaturaliter,
3046 3920 3113 3971 ut
3141 3913 3442 3971 Abraham
3472 3917 3528 3969 et
3547 3914 3653 3986 qui

297 4014 412 4071 τοῦ,
472 4010 674 4068 Πάντες.
730 4009 816 4070 Ὠς
873 4015 931 4062 τό
1000 4030 1012 4042 ·
1066 4015 1166 4062 Καὶ
1227 4009 1534 4082 ἐθεράπευσε
1598 4011 1815 4072 πολλούς
1875 4029 1887 4042 ο

1998 4010 2351 4080 insigniores
2398 4008 2654 4065 fuerunt.
2705 4006 2821 4061 Aut
2873 4004 3065 4070 multi,
3119 4004 3235 4059 hoc
3286 4008 3374 4059 est
3419 4018 3649 4059 omnes.

297 4097 498 4156 πάντας
546 4100 646 4168 γὰρ
688 4098 1179 4171 τότεηέθεράπευσε.
1240 4104 1338 4150 Καὶ
1388 4099 1557 4161 πάλιν,
1621 4105 1709 4151 καὶ
1775 4097 1890 4152 δαι-

1999 4099 2184 4155 Veluti
2229 4114 2366 4153 cum
2413 4096 2668 4153 dicitur:
2702 4096 2778 4150 Et
2832 4094 3066 4149 curavit
3112 4093 3364 4148 multos’
3396 4107 3411 4157 ;
3443 4106 3652 4147 omnes

296 4188 455 4254 μόνια
501 4184 661 4237 πολλὰ
710 4184 929 4248 ἐξέϐαλε.
986 4189 1161 4239 Πάντα
1212 4190 1313 4259 γὰρ
1374 4194 1661 4244 τηνικαῦτα
1720 4187 1889 4250 ἐξέϐα-

1999 4202 2257 4259 namque
2285 4191 2427 4242 tunc
2459 4184 2703 4248 curavit,
2741 4185 2807 4238 ut
2859 4180 3046 4237 habet
3096 4180 3246 4236 alius
3292 4178 3652 4251 evangelista

294 4271 784 4344 λεν.Ἐπεθύμησαν
826 4271 883 4325 δὲ
934 4271 1063 4326 ἰδεῖν
1110 4278 1195 4326 τὸν
1243 4278 1368 4327 Θεὸν
1425 4275 1889 4349 ἐνανθρωπήσαντα

1998 4281 2061 4333 Et
2084 4292 2320 4332 rursum
2353 4274 2573 4330 ibidem
2603 4289 2615 4328 :
2649 4274 2727 4327 Et
2753 4269 3245 4327 damoniamulta
3276 4270 3462 4339 ejecit.
3491 4271 3651 4325 Tunc

292 4364 490 4412 καὶτά
536 4370 629 4413 τοῦ
680 4370 911 4431 Χριστοῦ
967 4365 1226 4434 θαύματα,
1286 4369 1374 4415 καὶ
1437 4367 1661 4416 ἀκοῦσαι
1727 4366 1886 4417 αὐτοῦ

1999 4367 2154 4421 enim
2175 4364 2378 4421 omnia
2412 4363 2600 4433 ejecit.
2658 4361 3154 4416 Desideraverunt
3204 4362 3404 4414 autem
3460 4357 3652 4413 Deum

292 4449 661 4513 διδάσκοντος.
718 4458 845 4513 Τοὺς
902 4460 1169 4528 προφήτας
1220 4451 1278 4506 δὲ
1342 4460 1734 4529 προσηγόρευσε
1797 4461 1945 4543 καὶΙ

1998 4455 2193 4509 videre
2232 4453 2629 4507 incarnatum:
2684 4448 3016 4519 Christique
3045 4447 3353 4513 miracula,
3421 4449 3476 4501 et
3522 4445 3651 4516 ejus

286 4538 554 4601 δικαίους.
624 4541 695 4594 ’Ἡ
759 4539 998 4604 δικαίους
1055 4547 1176 4608 νόει,
1256 4547 1377 4605 τοὺς
1436 4543 1620 4604 ἄλλους
1686 4543 1879 4614 ἁγίους,
1916 4533 1939 4543 ⁸

1997 4542 2196 4598 audire
2226 4540 2579 4595 doctrinam.
2609 4537 2929 4608 Prophetas
2960 4551 3101 4591 vero
3133 4534 3452 4606 appellavit
3471 4533 3650 4620 etiam

281 4633 467 4689 οἵτινες
494 4629 812 4692 ἀκούσαντες
838 4630 949 4701 (18)
994 4634 1058 4683 τὰ
1100 4635 1218 4703 περὶ
1238 4639 1327 4683 τοῦ
1360 4638 1590 4703 Χριστοῦ
1614 4634 1755 4701 παρὰ
1783 4640 1880 4683 τῶν

1997 4631 2201 4700 iustos.
2230 4632 2342 4684 Aut
2381 4630 2574 4698 justos
2619 4625 2889 4695 intelligit
2940 4629 2993 4679 et
3022 4624 3166 4679 alios
3229 4627 3489 4687 sanctos,
3544 4626 3650 4693 qul

278 4728 567 4793 προφητῶν
634 4718 966 4791 ἐπεθύμησαν
1031 4717 1158 4772 ἰδεῖν
1219 4724 1308 4772 καὶ
1376 4720 1599 4772 ἀκοῦσαι
1659 4723 1723 4771 τὰ
1777 4717 1879 4777 δη-

1996 4733 2219 4790 eaquae
2275 4717 2349 4773 de
2412 4716 2641 4771 Christo
2698 4718 2865 4769 erant
2925 4729 2962 4769 a
3026 4709 3325 4783 prophetis
3397 4708 3649 4765 audien-

282 4805 530 4861 λωθὲντα.
1990 4812 2097 4873 tes,
2157 4806 2646 4862 desideraverunt
2696 4801 2896 4857 videre
2956 4804 3011 4856 et
3063 4799 3268 4856 audire
3308 4812 3444 4869 quae
3482 4794 3646 4851 dicta

1992 4899 2153 4951 sunt.

366 5046 389 5081 ²
417 5045 632 5106 IITim.
672 5064 727 5113 ιι,
770 5051 861 5105 25.
940 5051 1151 5107 ³Μᾶιιο.
1180 5050 1219 5115 i,
1262 5051 1350 5106 34.

1516 5169 1739 5241 Variae
1767 5167 2093 5238 lectiones
2124 5174 2190 5235 et
2219 5172 2418 5233 notae.

366 5313 480 5457 £16;
513 5317 589 5368 Τὰ
610 5317 899 5397 πράγματα
925 5318 991 5372 Α.
2066 5308 2179 5383 (18)
2209 5307 2506 5369 Ἀκούοντες
2536 5306 2602 5362 Β.

394 5390 453 5440 17
496 5386 728 5443 Inclusa
756 5402 819 5442 1n
849 5402 1038 5457 marg.
1069 5386 1251 5444 habet
1281 5386 1348 5441 A.

394 5386 477 5456 t7)
496 5386 728 5443 Inclusa
756 5386 819 5442 in
849 5402 1038 5458 marg.
1069 5386 1251 5444 habet
1281 5386 1348 5441 A.

357 5562 447 5634 (η)
472 5563 603 5620 Post
622 5566 681 5619 in
706 5564 827 5619 istis
846 5563 1279 5638 hmqaddenda
1300 5566 1599 5638 sunt_,quaj
1630 5560 1880 5638 fortasse
1990 5561 2167 5638 etiam
2194 5555 2581 5638 ἀναπληροῦται
2604 5553 2863 5638 ᾶὶξξιλῇᾱ
2895 5554 3002 5621 est,
3028 5550 3629 5638 prorsus‘completur:

284 5635 344 5692 in
364 5624 479 5692 suo
508 5638 709 5694 codice
747 5635 1068 5692 Hentenius
1094 5624 1466 5706 non‘reperit
1480 5624 1518 5689 ἐ
1565 5636 1881 5706 Propterea
1990 5637 2091 5690 aut
2129 5624 2513 5702 ἀναπληροῦται
2539 5624 2881 5701 simpliCiter
2907 5641 3017 5699 pro
3047 5624 3396 5695 completur.
3421 5643 3451 5679 »
