4186 6318
591 294 699 358 403
1912 290 2243 351 ΕΗΤΗΥΜῙ

2351 290 2639 350 IGABENI
3840 294 3968 352 404

664 427 833 483 Vers.
876 423 962 481 18.
998 421 1106 479 Vos
1150 452 1210 462 —
1252 420 1352 494 qui
1376 420 1723 479 seminabat.
1776 420 1916 485 Vos,
1971 417 2078 491 qui
2125 432 2243 474 cre-

2423 416 2592 489 Ὑμεῖς
2685 444 2756 459 —
2858 419 3172 489 σπείροντος.
3267 416 3454 490 Ὑμεῖς,
3536 420 3586 472 οἱ
3674 422 3969 472 πιστεύον-

638 515 753 558 itis-
2354 524 2457 558 τες.

591 515 944 659 (11:23.19.
979 600 1129 658 Cum
1181 599 1367 672 quivis
1420 599 1588 656 αυάίί
1643 629 1712 638 -
1766 597 1972 669 ίΡ⁸ί²⁴³’
2027 598 2243 653 verum

2354 524 2457 569 τες.

2427 597 2620 654 Παντὸς
2693 593 2967 656 ἀκούοντος
3028 626 3094 635 -
3153 596 3343 648 αὐτοῦ.
3405 600 3572 669 Λόγον
3625 605 3722 658 τῆς
3789 596 3967 671 βασι-

586 693 757 764 regni
785 691 928 747 dicit
954 689 1206 747 verbum
1238 689 1358 755 Dei,
1393 687 1487 745 vel
1507 688 1758 743 verbum
1791 687 1948 742 ﬁdei.
1974 689 2246 757 Regnum

570 782 750 839 enim
808 785 897 838 est
953 784 1010 836 et
1062 778 1231 834 ﬁdes.
1308 780 1456 834 Nam
1516 777 1620 849 qui
1677 777 1879 836 credit.
1935 774 2247 831 affectibus

588 871 862 943 imperat,
925 868 1267 938 Christoque
1336 871 1687 936 conregnat.
1776 869 1903 921 Non
1954 863 2243 935 intelligit,

587 959 705 1017 hoc
735 963 823 1015 est
851 958 912 1013 in
938 957 1127 1012 cordis
1156 955 1519 1028 profundum
1548 970 1670 1011 non
1712 954 1937 1025 recipit.
1959 954 2242 1009 verbum:

590 1047 700 1105 sed
728 1046 875 1103 illud
902 1046 1189 1101 duntaxat
1228 1043 1469 1101 auribus
1499 1043 1772 1115 percipit.
1829 1042 2041 1101 Malum
2085 1058 2244 1110 vero,

590 1135 746 1193 dixit
799 1133 1132 1201 diabolum,
1201 1133 1718 1205 quemadmodum
1790 1131 2000 1204 quinto
2059 1132 2247 1204 capite

589 1225 991 1299 precationem
1004 1223 1458 1295 interpretantes
1474 1222 1851 1279 tradidimus.
1866 1221 2247 1293 Rapitautem

591 1313 761 1388 quod
772 1313 1127 1370 seminatum
1139 1315 1243 1378 est,
1273 1314 1558 1383 tanquam
1577 1311 1638 1367 in
1662 1309 1971 1383 superﬁcie
1992 1310 2247 1381 positum

589 1418 703 1462 nec
730 1402 1114 1462 occultatum.

664 1580 831 1637 Vers.
854 1579 942 1636 19.
971 1577 1077 1634 Hic
1092 1607 1159 1618 —
1186 1578 1511 1634 seminatus
1523 1575 1665 1646 fuit.
1682 1576 2019 1633 Seminatur
2042 1591 2246 1633 semen

590 1667 709 1726 hoc
754 1671 845 1724 est
872 1668 928 1724 in
977 1671 1206 1725 terram
1240 1665 1584 1738 projicitur:
1620 1665 1949 1722 seminatur
1978 1669 2035 1721 et
2072 1668 2243 1731 terra,

2355 683 2491 746 λείας
2537 689 2689 756 φησὶ,
2748 688 2833 736 τὸν
2894 687 3041 757 λόγον
3089 693 3180 737 τοῦ
3230 693 3383 757 Θεοῦ,
3435 688 3465 745 ἢ
3519 688 3605 739 τὸν
3651 686 3803 759 λόγον
3854 696 3971 750 τῆς

2355 778 2599 835 πίστεως.
2671 773 2916 826 Βασιλεία
2999 775 3122 848 γὰρ,
3195 779 3283 827 καὶ
3362 777 3392 834 ἡ
3469 779 3662 836 πίστις.
3723 775 3781 828 Ὀ
3846 779 3965 850 γὰρ

2355 865 2613 915 πιστεύων
2668 861 2932 935 βασιλεύει
2977 866 3067 935 μὲν
3127 866 3262 916 κατὰ
3323 871 3422 916 τῶν
3478 867 3676 932 παθῶν,
3747 866 3969 939 συμϐα-

2359 951 2549 1004 σιλεύει
2599 948 2658 1004 δὲ
2706 961 2778 1023 τῷ
2826 960 3061 1025 Χριστῷ.
3122 958 3208 1011 Μὴ
3241 959 3495 1017 συνιέντος
3536 951 3615 1022 δὲ,
3681 960 3795 1008 αντὶ
3837 964 3963 1023 τοῦ,

2356 1038 2449 1097 Μὴ
2483 1038 2821 1112 ἐμϐάλλοντος
2859 1045 2944 1094 τὸν
2973 1041 3123 1113 λόγον
3168 1043 3240 1105 εἰς
3266 1047 3323 1095 τὸ
3378 1042 3542 1116 βάθος
3571 1053 3661 1105 τῆς
3698 1042 3962 1120 καρδίας,

2359 1127 2466 1180 ἀλλ’
2533 1129 2703 1192 ἁπλῶς
2763 1131 2915 1183 αὐτὸν
2967 1131 3351 1204 ἐνωτιζομένου.
3407 1138 3635 1207 Πονηρόν
3689 1130 3749 1187 δὲ
3789 1134 3960 1207 λέγει,

2357 1219 2444 1269 τὸν
2481 1215 2743 1289 διάϐολον,
2800 1222 2971 1282 καθὼς
3028 1219 3076 1272 ἐν
3132 1230 3204 1292 τῷ
3266 1225 3483 1295 πέμπτῳ
3542 1222 3800 1295 κεφαλαίῳ
3860 1229 3967 1283 τὴν

2357 1307 2521 1380 εύχην
2594 1307 2945 1383 ἑρμηνεύοντες
3018 1306 3485 1384 παραδεδώκαμεν.
3576 1312 3814 1385 Αρπάζει
3900 1309 3969 1366 δὲ

2355 1399 2414 1447 τὸ
2473 1394 2809 1469 ἐσπαρμένον,
2865 1400 2935 1459 ὡς
2998 1396 3304 1461 ἐπιπολαίως
3371 1398 3769 1473 ἁκατάκρυπτον
3845 1406 3969 1454 κεί-

2354 1503 2520 1556 ειενον.

2428 1572 2590 1633 Οὗτος
2630 1603 2696 1612 -
2745 1578 2980 1646 σπαρείς.
3013 1578 3280 1648 Σπείρεται
3307 1580 3397 1629 καὶ
3435 1578 3460 1629 ὁ
3502 1580 3714 1651 σπόρος,
3763 1580 3962 1649 ἤγουν,

2356 1660 2427 1722 εἰς
2451 1668 2549 1733 γῆν
2600 1660 2993 1715 καταϐάλλεται*
3038 1668 3300 1738 σπείρεται
3331 1669 3421 1717 καὶ
3468 1667 3499 1724 ἡ
3531 1675 3622 1737 γῆ,
3654 1670 3959 1735 τουτέστιν,

590 1756 652 1814 id
677 1760 765 1814 est
789 1770 994 1814 semen
1044 1754 1306 1827 suscipit,
1338 1754 1478 1810 Ideo
1524 1754 1690 1826 quod
1717 1754 1813 1810 hic
1861 1753 2108 1810 dicitur:
2138 1754 2243 1821 Qui

2355 1746 2673 1821 ὑποδέχεται
2703 1754 2788 1802 τὸν
2841 1755 3050 1824 σπόρον.
3109 1756 3195 1805 Διὸ
3219 1761 3306 1805 νῦν
3335 1756 3414 1822 τὸ,
3464 1759 3699 1829 Σπαρεὶς,
3729 1755 3826 1807 οὐκ
3867 1754 3962 1809 ἐπὶ

588 1846 898 1905 seminatus
922 1845 1062 1916 fuit,
1112 1858 1235 1900 non
1258 1842 1334 1900 de
1360 1843 1589 1900 semine
1617 1842 2015 1914 intelligimus,
2045 1843 2148 1899 sed
2169 1843 2244 1899 de

589 1938 748 1993 terra
779 1948 888 1990 :ac
925 1933 975 1989 si
1020 1931 1218 1989 dicat:
1253 1931 1354 1987 Hic
1392 1936 1479 1987 est
1524 1931 1698 2002 juxta
1750 1931 1910 1988 viam
1950 1932 2245 1988 seminata

589 2025 767 2089 terra,
799 2026 857 2078 et
886 2021 1047 2077 idem
1076 2020 1137 2077 in
1165 2019 1407 2093 reliquis
1437 2019 1780 2076 dicendum.

661 2114 826 2168 Vers.
856 2113 947 2167 20.
982 2109 1095 2177 Qui
1139 2124 1277 2166 vero
1305 2140 1374 2149 —
1404 2115 1510 2166 est.
1569 2110 1711 2174 Quae
1761 2118 1901 2165 vero
1949 2108 2117 2180 juxta
2144 2124 2245 2180 pe-

589 2203 753 2258 trosa
791 2200 1125 2257 seminatur
1161 2202 1332 2265 terra,
1373 2198 1468 2253 hic
1498 2200 1586 2255 est
1639 2197 1709 2253 de
1760 2197 1927 2269 quod
1973 2197 2242 2254 dicturus

590 2293 697 2347 est.

659 2380 823 2436 Vers.
847 2379 940 2437 20.
969 2377 1083 2447 Qui
1117 2377 1358 2435 verbum
1386 2408 1456 2418 —
1487 2380 1570 2432 est
1621 2375 1808 2433 Antea
1851 2375 2117 2433 radicem
2160 2377 2240 2433 di-

584 2470 788 2528 ximus
829 2483 956 2525 esse
1001 2467 1367 2526 ﬁrmitatem.
1408 2464 1848 2538 Temporarium
1879 2480 2022 2522 vero
2073 2466 2238 2523 dixit.

584 2558 758 2617 facile
809 2557 1180 2614 mutabilem.
1241 2555 1352 2622 Qui
1399 2554 1560 2612 enim
1607 2554 1754 2609 dum
1806 2554 2048 2610 docetur
2102 2555 2245 2612 faci-

583 2648 640 2706 le
693 2646 939 2705 verbum
977 2645 1246 2718 suscipit,
1273 2644 1452 2702 etiam
1477 2658 1607 2700 cum
1645 2646 1902 2700 tentatur
1942 2643 2112 2703 facile
2156 2660 2243 2701 re-

587 2736 729 2792 iicit.

580 2752 819 2878 Jamans.
872 2822 965 2879 21.
1019 2821 1200 2877 Facta
1242 2851 1312 2861 —
1371 2821 1694 2890 offenditur.
1767 2820 2026 2877 Verbum
2080 2836 2243 2878 nunc

584 2909 729 2967 dicit
751 2907 911 2975 illud,
961 2907 1128 2980 quod
1157 2910 1250 2963 est
1293 2906 1369 2963 de
1392 2907 1532 2963 ﬁde.
1566 2908 1788 2965 Luccas
1819 2913 2032 2975 autem,
2090 2909 2239 2967 afﬂi-

585 2998 846 3055 ctionem
871 3011 942 3053 ac
972 2995 1468 3069 persecutionem,
1489 3011 1611 3053 uno
1640 2997 1823 3053 verbo
1854 2998 2240 3055 tentationem

585 3085 912 3160 appellavit
952 3086 975 3121 ⁴
1022 3101 1036 3141 :

582 3176 880 3235 Recedunt

655 3266 818 3321 Vers.
848 3266 935 3320 22.
982 3264 1098 3333 Qui
1117 3267 1306 3321 autem
1335 3293 1402 3305 --
1431 3269 1535 3322 est.
1562 3266 1736 3322 Terra
1763 3280 1899 3339 quae
1924 3265 2081 3324 circa
2127 3266 2241 3340 spi-

582 3368 695 3411 nas
722 3353 1014 3410 seminata
1051 3356 1158 3418 est,
1189 3351 1286 3408 hic
1315 3355 1406 3409 est
1424 3368 1607 3426 quem
1645 3353 1912 3410 dicturus
1951 3358 2059 3411 est.

655 3441 819 3500 Vers.
850 3442 939 3497 22.
958 3441 1071 3508 Qui
1081 3441 1325 3499 verbum
1349 3472 1418 3483 —
1437 3442 1704 3513 efﬁcitur.
1736 3441 1969 3498 Marcus
1990 3458 2131 3499 vero
2143 3443 2241 3500 de-

585 3529 845 3601 ceptioni
872 3529 1100 3586 addidit
1128 3533 1186 3585 et
1240 3535 1587 3586 ceeterarum
1635 3545 1834 3585 rerum
1863 3531 2238 3602 cupiditates,

584 3617 985 3689 complectens
999 3633 1167 3674 omne
1179 3618 1448 3674 nocivum
1461 3618 1824 3675 desiderium
1837 3620 1878 3674 5.
1901 3621 2087 3676 Lucas
2098 3636 2242 3691 quo-

583 3721 702 3779 que
731 3705 998 3763 similiter
1026 3706 1408 3765 sollicitudini
1457 3706 1831 3780 voluptatem
1861 3709 2167 3781 conjunxit
2197 3712 2237 3764 ⁸.

586 3794 797 3853 Saeculi
826 3799 1027 3853 autem
1055 3795 1261 3868 hujus,
1288 3796 1403 3853 hoc
1433 3799 1521 3853 est
1548 3796 1680 3853 vitae
1722 3796 1924 3869 hujus.
1954 3800 2051 3855 Est
2092 3798 2244 3855 enim

584 3892 643 3945 et
670 3885 786 3945 alia
805 3887 947 3953 vita,
982 3885 1181 3946 futura
1208 3887 1352 3955 vita,
1384 3903 1520 3961 quae
1573 3887 1812 3960 proprie
1840 3889 1963 3945 vita
2000 3889 2240 3946 dicitur,

582 3978 789 4049 utpote
812 3992 950 4049 quin
978 3991 1216 4049 semper
1252 3976 1450 4043 durat,
1477 3991 1588 4033 nec
1616 3975 1802 4034 ﬁnem
1823 3976 2023 4035 habet.

653 4150 934 4207 Vers.23.
988 4147 1300 4215 Qui—hic
1359 4152 1463 4213 est,
1514 4147 1692 4203 Terra
1731 4163 1869 4205 vero
1907 4166 2039 4222 quas
2066 4153 2239 4223 juxta

582 4242 805 4294 terram
856 4237 1078 4293 bonam
1146 4232 1435 4293 seminata
1489 4239 1596 4300 est,
1655 4234 1755 4291 hic
1797 4241 1892 4294 est
1925 4237 2031 4309 qui
2057 4239 2235 4310 signi-

581 4323 878 4391 ﬁcabitur,

653 4411 816 4509 γεγε,
877 4410 965 4509 2ς1.
1017 4409 1131 4509 Qui
1175 4410 1418 4509 verbum
1442 4442 1525 4509 n—
1578 4411 1866 4509 intelligit.
1917 4414 2026 4509 Qui
2071 4416 2238 4509 intel-
2267 4454 2312 4509 Β

578 4498 727 4571 ligit,
757 4498 877 4556 sive
908 4499 967 4557 in
997 4499 1293 4573 profundo
1323 4499 1517 4557 cordis
1547 4501 1880 4571 abscondit,
1914 4505 2017 4561 ubi
2040 4506 2236 4564 nullas

579 4588 707 4662 pati
728 4589 1190 4660 possitinsidias.
1207 4590 1347 4646 Ideo
1371 4605 1613 4663 quoque
1637 4592 1867 4649 Marcus
1892 4594 2031 4650 dicit
2063 4613 2076 4651 :
2122 4598 2240 4665 Qui

578 4677 818 4735 uerbum
844 4679 1101 4736 audiunt
1130 4686 1185 4736 ει
1213 4679 1501 4749 recipiunt
1532 4682 1552 4716 ⁷
1582 4683 1835 4738 Rursum
1866 4685 2054 4740 Lucas
2081 4705 2092 4743 :
2125 4687 2236 4753 Qui

578 4767 642 4823 in
671 4766 850 4825 corde
877 4768 1113 4825 honesto
1167 4783 1238 4826 ac
1288 4769 1428 4826 bona
1479 4769 1739 4828 auditum
1790 4786 2111 4830 sermonem
2151 4790 2236 4830 re-

578 4855 767 4913 tinent
791 4857 834 4911 ⁸.
862 4856 975 4914 Cor
997 4872 1134 4913 vero
1160 4858 1427 4917 animam
1458 4864 1521 4915 ut
1558 4859 1885 4932 plurimum
1928 4877 2104 4919 sacra
2131 4878 2234 4936 ap-

574 4943 759 5018 pellat
783 4945 1100 5018 Scriptura.

1082 3087 1138 3143 et
1204 3084 1338 3142 loco
1399 3084 1568 3141 verbi
1616 3085 2014 3143 Oﬂ‘enduntur
2071 3087 2237 3157 dixit,
2271 3110 2314 3168 ρ
2352 3105 2461 3140 σεν.

2353 1846 2444 1891 τοῦ
2473 1844 2669 1911 σπόρου
2690 1847 2920 1913 νοοῦμεν,
2948 1840 3055 1893 ἀλλ’
3081 1840 3164 1894 ἐπὶ
3192 1851 3284 1903 τῆς
3311 1844 3753 1914 γῆς.οἰον,οὗτὸς
3783 1843 3956 1913 ἐστιν,

2353 1928 2383 1986 ἡ
2408 1930 2543 1981 κατὰ
2571 1933 2663 1987 τὴν
2689 1925 2813 1981 ὁδὸν
2855 1937 3115 2004 σπαρεῐσα
3144 1939 3235 2002 γῆ.
3298 1938 3461 1984 Τοῦτο
3525 1929 3583 1985 δὲ
3611 1936 3702 1985 καὶ
3732 1934 3818 1986 ἐπὶ
3848 1942 3958 1987 τῶν

2351 2016 2514 2069 ἄλλων
2528 2063 2540 2074 ,

2420 2105 2480 2160 Ὁ
2511 2102 2571 2160 δὲ
2590 2137 2658 2148 -
2689 2105 2845 2163 ἐστίν.
2876 2106 2935 2160 Ἠ
2964 2104 3023 2161 δὲ
3046 2111 3192 2169 Ϊκατὰ
3215 2111 3282 2162 τὰ
3307 2106 3548 2185 πετρώδη
3592 2119 3861 2188 σπαρεῖσά
3879 2119 3953 2186 γῆ

2350 2194 2524 2265 πάλιν,
2548 2195 2698 2257 οὗτος
2729 2195 2888 2264 ἐστιν,
2917 2202 3035 2271 περὶ
3056 2198 3116 2250 οὗ
3135 2198 3303 2270 μέλλει
3333 2197 3480 2274 ἐρεῖν.

2420 2371 2479 2425 ⁸0
2544 2377 2631 2426 τὸν
2699 2373 2848 2447 λόγον
2923 2406 2989 2415 -
3074 2374 3205 2430 ἐστί.
3276 2376 3620 2450 Προλαϐὀντες
3671 2380 3955 2455 εἰρήκαμεν

2349 2462 2523 2536 ῥίζαν,
2577 2467 2670 2522 τὴν
2702 2464 2814 2536 (19)
2846 2460 3147 2537 ἐδραίωσιν,
3187 2470 3504 2541 πρόσκαιρον
3558 2464 3618 2521 δε
3657 2468 3819 2541 λέγει,
3863 2474 3954 2524 τὸν

2352 2551 2771 2627 εύμετάῖρεπτον,
2832 2555 2972 2615 ὅστις
3008 2559 3098 2608 καὶ
3148 2554 3197 2607 ἐν
3250 2565 3322 2627 τῷ
3374 2552 3753 2625 διδάσκεσθαι,
3797 2560 3954 2623 εὐθὺς

2349 2639 2617 2712 λαμϐάνει,
2680 2646 2768 2694 καὶ
2833 2641 2881 2694 ἐν
2952 2651 3024 2715 τῷ
3070 2644 3431 2719 πειράζεσθαι,
3515 2645 3663 2709 εὐθὺς
3715 2647 3953 2701 άποϐάλ-

2349 2727 2442 2782 λει.

2421 2822 2698 2892 Γενομένης
2783 2850 2852 2861 -
2932 2818 3361 2894 σφανδαλίζεται.
3443 2827 3610 2896 Λόγον
3665 2831 3764 2890 νῦν,
3844 2830 3938 2878 τόν

2351 2915 2445 2969 τῆς
2499 2912 2721 2970 πίστεως
2767 2909 2919 2982 λέγει.
2974 2909 3032 2962 Ὀ
3091 2907 3149 2963 δὲ
3215 2917 3422 2974 Λουκᾶς
3469 2917 3564 2972 τὴν
3633 2912 3795 2984 θλῐψιν
3837 2919 3931 2967 καὶ

2347 2999 2435 3048 τὸν
2485 2993 2738 3070 διωγμὸν,
2805 2997 3186 3071 περιληπτικῶς
3239 3005 3528 3074 πειρασμὸν
3581 3007 3939 3077 προσηγόρευ-

2554 3085 2693 3140 Ἀντὶ
2772 3084 2831 3140 δὲ
2898 3096 2989 3141 τοῦ
3064 3085 3524 3155 Σκανδαλίζονται,
3597 3091 3946 3165 ’Δφίστανται

2350 3171 2478 3230 εἷπε.

2418 3263 2477 3316 ¢0
2504 3260 2563 3317 δὲ
2590 3295 2655 3305 —
2678 3264 2839 3324 ἐστίν.
2860 3264 2919 3319 Ἠ
2952 3262 3011 3319 δὲ
3029 3267 3165 3320 κατὰ
3184 3268 3274 3329 τὰς
3304 3265 3529 3332 ἀκάνθας
3559 3278 3822 3345 σπαρεῖσα
3848 3281 3946 3344 γῆ,

2350 3352 2502 3414 οὗτός
2530 3351 2691 3425 ἐστιν,
2733 3355 2785 3406 ὄν
2816 3352 2935 3429 ἐρεῖ.

2418 3441 2477 3494 Ὀ
2520 3444 2603 3495 τὸν
2650 3442 2800 3515 λόγον
2853 3474 2922 3484 -
2966 3447 3184 3516 γίνεται.
3239 3443 3299 3498 Ὀ
3349 3442 3407 3498 δὲ
3432 3448 3643 3520 Μάρκος
3675 3455 3736 3520 τῇ
3768 3449 3949 3523 ἀπάτη

2349 3532 2689 3605 προσέθηκεν,
2746 3533 2828 3585 ὅτι
2901 3537 2991 3585 καὶ
3042 3535 3252 3609 αἱπερὶ
3316 3537 3379 3587 τὰ
3432 3534 3587 3588 λοιπὰ
3646 3536 3952 3610 ἐπιθυμίαι,

2354 3620 2747 3693 συμπεριλαϐών
2810 3627 2983 3675 πᾶσαν
3066 3621 3322 3696 βλαϐερὰν
3384 3622 3679 3696 ἐπιθυμίαν.
3760 3632 3864 3680 Καὶ
3924 3629 3952 3679 ὁ

2351 3715 2556 3770 Λουκᾶς
2604 3707 2663 3763 δε
2692 3712 2882 3782 ὁμοίως
2933 3719 2995 3783 τῇ
3041 3716 3260 3785 μερίμνῃ
3301 3716 3390 3765 καὶ
3420 3717 3512 3772 τὴν
3540 3710 3735 3772 ἡδονὴν
3795 3721 3953 3770 συνέ-

2352 3799 2499 3861 ζευξε
2696 3807 2798 3852 Τοῦ
2835 3800 3011 3861 αἰῶνος
3042 3796 3101 3852 δε
3138 3803 3345 3867 τούτου,
3374 3799 3485 3855 ἀντὶ
3511 3809 3622 3869 τοῦ,
3653 3810 3760 3866 Τῆς
3804 3804 3953 3870 ζωῆς

2348 3889 2558 3949 ταύτης.
2590 3887 2742 3941 Ἔστι
2783 3890 2885 3964 γὰρ
2919 3893 3009 3941 καὶ
3039 3888 3185 3950 ἄλλος
3209 3888 3356 3960 αἰὼν,
3399 3892 3429 3949 ἡ
3462 3890 3720 3958 μέλλουσα
3752 3896 3888 3960 ζωὴ,
3922 3897 3949 3947 ὁ

2347 3980 2536 4049 κυρίως
2574 3977 2718 4044 αἰὼν,
2771 3980 2840 4039 ὡς
2887 3976 2964 4030 ἀεὶ
3025 3978 3091 4029 ὢν
3156 3982 3245 4031 καὶ
3308 3976 3571 4052 μηδέποτε
3625 3985 3950 4056 περατούμε-

2344 4083 2444 4125 νος.

2415 4152 2473 4205 Ὀ
2533 4184 2602 4193 -
2662 4153 2804 4215 οὗτός
2877 4154 3037 4208 ἔστιν·
3101 4155 3161 4209 Ἠ
3224 4152 3285 4209 δε
3344 4158 3478 4210 κατὰ
3539 4162 3632 4216 τὴν
3690 4166 3790 4231 γῆν
3849 4166 3952 4221 τὴν

2344 4240 2506 4300 καλὴν
2572 4250 2835 4316 σπαρεῖσά
2915 4252 3009 4316 γῆ,
3056 4240 3201 4306 οὗτός
3255 4245 3416 4313 ἔστιν,
3480 4247 3505 4298 ὀ
3569 4246 3945 4323 ὸηλωθησόμεο

2344 4348 2450 4390 νος.

2414 4417 2473 4471 Ὀ
2496 4420 2583 4471 τὸν
2607 4418 2757 4492 λόγον
2781 4451 2850 4460 -
2884 4425 3070 4473 συνιών
3098 4421 3232 4493 (21).
3269 4427 3477 4491 Συνιὼν,
3506 4427 3687 4495 ἤγουν,
3717 4423 3949 4499 ἕγκρύπ-

2343 4528 2443 4559 των
2468 4515 2539 4578 τῷ
2568 4507 2720 4581 βάθει
2766 4517 2858 4571 τῆς
2903 4506 3129 4584 καρδίας
3180 4509 3620 4567 ἀνεπιϐούλευτον.
3664 4517 3751 4566 Διὸ
3794 4520 3887 4568 καὶ
3918 4518 3945 4569 ὁ

2345 4599 2557 4670 Μάρκος
2583 4593 2737 4662 εἶπεν,
2771 4599 2966 4658 Οῖτινες
3006 4597 3255 4651 ἀκούουσι
3300 4604 3386 4653 τὸν
3427 4600 3576 4672 λόγον
3597 4606 3686 4655 καὶ
3701 4600 3941 4677 παραδέ-

2342 4705 2550 4758 χονται.
2606 4690 2705 4738 Καὶ
2756 4687 2782 4738 ὀ
2817 4692 3024 4747 Λουκᾶς
3073 4683 3131 4739 δε
3187 4687 3339 4740 πάλιν
3382 4709 3393 4721 ·
3431 4691 3630 4751 Οῖτινες
3674 4687 3937 4763 ἐνκαρδίᾳ

2342 4774 2471 4848 καλῇ
2496 4779 2584 4827 καὶ
2609 4773 2801 4848 ἀγαθῇ,
2835 4774 3142 4837 ἀκούσαντες
3163 4780 3248 4829 τὸν
3276 4778 3444 4849 λόγον,
3467 4784 3778 4852 κατέχουσι.
3800 4787 3941 4856 Καρ-

2344 4861 2462 4917 δίαν
2495 4860 2574 4929 δὲ,
2606 4868 2699 4922 τὴν
2724 4863 2928 4937 ψυχὴν,
2953 4868 3021 4928 ὡς
3053 4864 3136 4919 ἐπὶ
3165 4870 3224 4919 τὸ
3262 4867 3501 4921 πλεῖστον
3538 4870 3564 4928 ὁ
3606 4870 3716 4922 θεία
3755 4875 3938 4944 Γραιφή

2339 4955 2734 5028 προσαγορεύει.

646 5120 671 5158 ⁴
696 5121 834 5179 Luc.
864 5135 982 5191 xm,
1016 5121 1099 5180 l3.
1175 5122 1197 5160 ⁸
1217 5122 1400 5184 Marc.
1416 5122 1494 5194 iv,
1526 5123 1617 5184 19.
1692 5126 1714 5163 ⁸
1741 5127 1878 5187 Luc.
1916 5130 2040 5197 vui,
2065 5129 2152 5188 44.
2231 5132 2243 5168 τ

2351 5145 2455 5190 ire.
2486 5148 2562 5199 ιν,
2588 5134 2678 5189 20.
2699 5130 2727 5202 ,3
2757 5131 2896 5189 Luc.
2937 5145 3054 5199 vui,
3087 5132 3176 5189 15.

1766 5307 1992 5378 Variae
2032 5308 2363 5378 lectiones
2410 5316 2477 5377 et
2516 5316 2719 5377 notae.

670 5489 738 5548 19
785 5489 929 5548 Vide
953 5490 1496 5567 interpretationem
1547 5514 1618 5557 ca
1674 5543 1686 5557 .
1724 5517 1838 5569 xm,
1870 5517 2024 5560 vers.
2064 5504 2100 5558 6

670 5489 760 5636 28)
794 5562 1085 5636 Συνέσμιξι.
1130 5565 1223 5625 Sic
1283 5570 1449 5628 Forte
1511 5513 1771 5632 sortiere
1842 5573 2034 5634 voluit

668 5562 758 5636 28)
794 5562 1223 5639 Συνέσμιξι.’8ἱο
1283 5570 1449 5628 Forte
1511 5562 1771 5632 scribere
1822 5562 2034 5634 'voluit
2107 5593 2227 5629 συν·

2335 5504 2509 5577 ἔμιξε.
2523 5506 2589 5560 Α.

2410 5575 2522 5650 (21)
2555 5582 2742 5631 Συνιῶν
2766 5579 2832 5635 Δ.
