4186 6318
218 304 342 360 405

1209 302 1567 360 COMMENT.
1610 301 1684 357 IN
1724 301 2163 358 MATTHAZUM.
2205 331 2276 344 —-
2318 302 2477 361 CAP.
2518 303 2661 359 XIII.

3512 306 3619 363 406

222 420 231 426 ’
307 429 409 491 ’ος
430 460 504 470 --
520 430 822 500 τριάκοντα.
850 435 1029 482 Ταῦτα
1046 427 1379 502 προλαϐόντες
1403 429 1607 491 ἐντελῶς
1625 425 1818 503 διηρμη

2033 430 2199 485 Vers.
2233 429 2321 482 25.
2352 428 2465 494 Qui
2492 458 2559 468 —
2591 429 3011 498 trigecuplum.
3044 428 3169 483 Haec
3196 427 3255 483 in
3282 427 3618 500 praeceden-

226 521 318 570 νεύ
327 537 501 589 σαμεν
530 516 764 590 ἀνωτέρω
776 560 786 570 .

306 606 509 664 ⁴Αλλην
576 638 642 647 —
704 606 752 658 ἐν
814 616 885 677 τῷ
942 606 1082 680 ἀγρῷ
1158 608 1339 663 αὐτοῦ.
1411 607 1681 659 Βασιλείαν
1751 618 1845 659 τῶν

223 696 494 766 οὐρανῶν,
560 695 738 747 ἑαυτὸν
798 696 1036 767 ὀνομάζει
1091 704 1197 760 νῦν,
1259 696 1399 756 ὅστις
1452 699 1691 768 ὡμοιώθη
1754 697 1845 746 ἀν-

223 786 450 855 θρώπῳ,
514 783 937 852 ἐνανθρωπὴσας.
1001 786 1081 838 Ἐν
1134 787 1421 857 ὁμοιώματι
1485 788 1607 859 γὰρ,
1664 792 1839 857 φησὶν,

604 878 891 944 γενόμενος.
974 874 1135 926 Καλὸν
1214 870 1270 926 δὲ
1354 878 1576 947 σπέρμα,
1656 879 1841 946 τρόπον

800 967 918 1024 τοὺς
1004 965 1142 1022 υἱοὺς
1224 971 1314 1023 τῆς
1396 962 1686 1034 βασιλείας,
1774 969 1843 1024 ὡς

214 871 517 946 ἀνθρώπου

490 960 714 1030 ἐκάλεσε,

493 1052 826 1123 ἡρμήνευσεν,
918 1050 1191 1125 ἐρωτηθεὶς
1270 1054 1413 1126 παρά
1489 1061 1587 1103 τῶν
1668 1054 1836 1123 μαθη-

1658 1141 1838 1212 Ἀγρὸς

207 1220 276 1275 δὲ
344 1225 523 1278 αὐτοῦ
574 1227 713 1279 ἐστιν
769 1230 794 1279 ό
860 1233 1077 1299 κόσμος,
1143 1231 1211 1290 ὡς
1266 1234 1464 1301 κτὶσμα
1518 1234 1606 1280 καὶ
1662 1237 1838 1300 κτῆμα

206 960 393 1032 ἕτερον

202 1048 382 1110 αὐτὸς

200 1142 341 1203 τῶν,
438 1143 562 1210 περί
649 1140 714 1188 ὧν
795 1137 1003 1212 ἐροῦμεν
1092 1138 1195 1191 ἐκεῖ
1290 1144 1568 1211 γενόμενοι.

200 1312 414 1368 αὐτοῦ.

282 1402 383 1456 Ἐν
440 1399 505 1455 δὲ
542 1412 611 1472 τῷ
663 1400 932 1457 καθεύδειν
976 1436 1043 1447 —
1089 1404 1307 1464 ἀπῆλθε,
1350 1410 1693 1479 Προα-γορεύει
1743 1404 1833 1459 διὰ

194 1496 295 1549 τῆς

193 1584 293 1629 τοῦ
351 1575 638 1633 διαϐόλου.
688 1580 848 1633 Ὀταν
889 1586 988 1654 γὰρ
1020 1579 1109 1654 idin
1153 1588 1245 1640 τὴν
1293 1584 1452 1640 καλὴν
1493 1592 1591 1654 γῆν
1641 1605 1831 1659 καρπο-

388 1491 694 1565 παραϐολῆς
768 1496 982 1559 ταύτης,
1062 1499 1152 1551 τὴν
1234 1491 1477 1569 δευτέραν
1558 1495 1832 1554 ἐπιϐουλὴν

194 1674 491 1739 φοροῦσαν
545 1668 591 1719 ἐν
649 1669 848 1733 ἑκατόν,
900 1676 987 1721 καὶ
1040 1672 1088 1722 ἐν
1139 1671 1403 1735 ἑξήκοντα,
1452 1678 1539 1724 καὶ
1592 1672 1638 1724 ἐν
1688 1677 1831 1746 τριά-

1957 518 2115 575 tibus
2141 518 2393 589 perfecte
2417 533 2628 571 sumus
2657 516 3046 588 interpretati.

2028 607 2190 661 Vers.
2230 606 2317 661 24.
2350 606 2547 661 Aliam
2578 635 2645 644 —
2674 621 2814 675 agro
2857 623 2982 660 suo.
3021 607 3292 677 Regnum
3320 609 3610 666 cmlorum

1954 710 2111 750 nunc
2147 696 2413 767 seipsum
2441 693 2708 749 nominat
2745 694 2847 765 qui
2878 700 3194 766 assumpta
3219 713 3391 753 carne
3420 698 3606 755 homi-

1953 784 2014 837 ni
2072 783 2432 838 assimilatus
2481 787 2595 837 est.
2655 783 2727 836 In
2786 783 3195 848 similitudine,
3246 785 3460 857 inquit,
3510 788 3607 843 ho-

1951 873 2177 927 minum
2204 873 2403 940 factus
2431 873 2473 925 θ.
2510 873 2719 926 Semen
2770 875 2968 925 autem
2994 871 3226 927 bonum
3271 873 3386 930 alio
3418 877 3602 933 modo

1949 960 2101 1015 ﬁlios
2170 960 2337 1030 regni
2397 960 2643 1023 vocavit,
2700 964 2869 1028 prout
2928 960 3054 1030 ipse
3116 960 3510 1033 interrogatus
3566 982 3603 1022 a.

1948 1049 2253 1120 discipulis
2285 1049 2704 1120 interpretatus
2735 1051 2843 1112 est,
2872 1048 3390 1119 quemadmodum
3447 1053 3601 1109 dice~

1948 1155 2103 1205 mus,
2157 1155 2296 1193 cum
2354 1153 2422 1193 eo
2491 1136 2960 1209 pervenerimus.
3014 1139 3168 1208 Ager
3230 1153 3371 1194 vero
3446 1141 3597 1211 ejus,

1945 1227 2211 1282 mundus
2243 1230 2346 1291 est,
2395 1230 2681 1299 tanquam
2710 1229 2978 1282 creatura
3008 1240 3078 1281 ac
3108 1226 3407 1297 possessio
3434 1228 3588 1299 ejus.

2014 1406 2169 1459 Vers.
2195 1406 2282 1457 25.
2316 1403 2754 1458 Dormientibus
2778 1410 2975 1460 autem
3018 1433 3088 1445 —
3117 1404 3285 1461 abiit.
3330 1408 3458 1463 Haec
3487 1422 3595 1477 pa-

1941 1491 2145 1549 rabola
2166 1491 2377 1548 alteras
2399 1490 2617 1546 diaboli
2633 1491 2885 1547 insidias
2908 1492 3235 1549 denuntiat.
3262 1493 3407 1550 Cum
3428 1494 3590 1551 enim

1940 1586 2157 1637 terram
2185 1580 2413 1637 bonam
2448 1580 2656 1635 viderit
2680 1579 2937 1635 fructum
2966 1582 3295 1652 producere
3321 1588 3424 1639 aut
3455 1599 3589 1639 cen~

1940 1670 2172 1741 tuplum
2227 1674 2329 1726 aut
2368 1669 2851 1741 sexagecuplum,
2895 1674 2996 1725 aut
3030 1670 3436 1743 trigecuplum,
3476 1688 3587 1728 nec

192 1774 392 1819 κοντα,
446 1761 525 1827 μὴ
580 1754 864 1830 δυνάμενος
909 1758 1083 1810 λοιπὸν
1128 1764 1155 1817 ἤ
1208 1761 1443 1832 ἁρπάσαι
1490 1765 1575 1813 τὸν
1616 1768 1818 1835 σπόρον,

1940 1775 2110 1831 posse
2150 1775 2211 1814 se
2237 1763 2339 1815 aut
2370 1774 2572 1813 semen
2601 1774 2830 1829 rapere,
2856 1764 2955 1814 aut
2986 1760 3149 1830 quod
3182 1760 3584 1829 germinatum

194 1847 225 1900 ἦ
275 1844 545 1915 φλογίσαι
592 1850 647 1898 τό
680 1845 1010 1917 βλαστῆσαν,
1058 1850 1086 1906 ἡ
1142 1846 1419 1911 ἀποπνίξαι
1465 1851 1609 1914 αὐτὸ,
1644 1848 1824 1904 δευτέ-

192 1951 296 2004 ραν
349 1936 569 2005 μέτεισι
625 1940 892 2006 μηχανὴν,
946 1941 1034 1988 καὶ
1084 1940 1151 1997 ὡς
1198 1936 1389 2009 ἐχθρὸς
1435 1947 1525 1990 τοῦ
1568 1948 1818 2014 γεωργοῦ,

199 2020 520 2083 σπουδάζει
572 2020 871 2098 διαφθεῖραι
918 2029 1005 2077 τὸν
1056 2030 1205 2077 πόνον
1258 2026 1437 2092 αὐτοῦ,
1493 2033 1581 2080 καὶ
1632 2049 1821 2101 κοιμω-

202 2113 373 2179 μένων
472 2119 575 2162 τῶν
664 2111 965 2185 ἀνθρώπων,
1062 2114 1244 2185 ἤγουν,
1347 2115 1819 2189 ἀφροντιστούντων

199 2202 326 2269 περὶ
378 2204 471 2256 τὴν
518 2202 631 2269 (22)
684 2201 915 2273 φυλακήν
957 2210 1047 2254 τοῦ
1098 2202 1278 2277 ἀγροῦ·
1323 2202 1551 2275 ἐμφαίνει
1600 2202 1658 2257 δὲ
1704 2211 1819 2268 τοὺς

199 2282 603 2354 διδασκάλους,
634 2293 754 2350 τοὺς
803 2290 1026 2362 φύλακας
1069 2299 1164 2343 τῶν
1212 2290 1520 2364 ὀρθοδόξων·
1568 2294 1818 2368 ἐνσπείρει

200 2378 445 2441 ζιζάνια,
511 2383 800 2444 τουτέστιν,
859 2382 1169 2451 αἱρετικοὺς,
1241 2382 1431 2452 μεταξὺ
1498 2390 1591 2433 τῶν
1664 2384 1818 2457 ὀρθο-

202 2459 405 2526 ὃόξων.
450 2468 675 2527 Τούτους
703 2470 803 2541 γὰρ
835 2468 1069 2540 ὠνόμασε
1097 2476 1259 2537 σῖτον,
1293 2474 1358 2532 ὡς
1387 2470 1716 2545 εὐχρήστους
1746 2482 1816 2543 τῷ

210 2557 517 2626 σπείραντι.

284 2640 413 2694 “Ore
484 2673 555 2684 —
623 2644 853 2705 ζιζάνια.
908 2644 1106 2718 Ὠσπερ
1166 2646 1253 2698 οὖν
1318 2647 1430 2718 (23)
1496 2650 1559 2700 τά
1608 2649 1819 2709 ζιζάνια

210 2727 424 2783 ἐοίκασι
479 2735 568 2804 μὲν
637 2741 707 2803 τῷ
763 2737 907 2804 σίτῳ,
975 2737 1109 2785 κατὰ
1160 2739 1252 2792 τὴν
1317 2735 1573 2807 καλάμην,
1651 2737 1818 2790 ἀπεοί-

207 2837 341 2871 κασι
374 2816 459 2884 δὲ,
502 2824 637 2873 κατὰ
664 2825 747 2873 τὸν
778 2827 991 2894 καρπόν·
1040 2822 1140 2875 εἰσί
1191 2821 1248 2875 δὲ
1279 2822 1509 2898 βλαϐερὰ
1550 2833 1620 2894 τῷ
1667 2831 1814 2896 σίτῳ⁸

208 2908 352 2959 οὕτω
384 2914 479 2961 καὶ
510 2910 557 2961 οἱ
586 2912 832 2983 αἱρετικοὶ
862 2910 1064 2963 ἐοίκασι
1101 2914 1190 2982 μὲν
1229 2919 1333 2972 τοῖς
1361 2910 1655 2985 ὀρθοδοξοις
1684 2917 1818 2966 κατά

212 2998 275 3045 τὸ
341 3004 557 3068 σχῆμά
623 2996 895 3051 ἀπεοίκασι
963 2996 1020 3051 δὲ
1074 3003 1207 3051 κατὰ
1264 3005 1354 3059 τὴν
1426 3000 1631 3067 ἀρετὴν,
1702 3004 1818 3064 ἣτις

210 3084 330 3135 ἐστὶ
360 3090 580 3158 καρπός.
621 3085 798 3160 Ἀρετὴ
833 3084 891 3140 δὲ
916 3093 1005 3141 καὶ
1034 3092 1245 3161 καρπός,
1274 3092 1373 3164 πρὸ
1403 3093 1625 3159 πάντων,
1653 3094 1683 3149 ἡ
1717 3100 1814 3143 τῶν

209 3167 507 3243 δογμάτων
534 3173 628 3233 ἀλή
640 3178 771 3233 θεια.

281 3266 386 3315 Καὶ
434 3266 666 3339 καθάπερ
713 3267 777 3316 τά
822 3265 1032 3326 ζιζάνια
1078 3270 1240 3338 μέχρι
1287 3269 1375 3338 μὲν
1420 3275 1515 3329 τῆς
1553 3288 1813 3341 καρποφο-

199 3352 321 3421 ρίας
428 3352 747 3404 λανθάνοντα
862 3354 1217 3417 συναύξονται,
1320 3360 1433 3408 τότε
1536 3357 1646 3428 (24)
1755 3356 1813 3409 δὲ

204 3434 677 3510 διαγινώσκονται·
725 3441 883 3502 οὕτως
934 3443 1036 3514 ἄρα
1087 3447 1175 3495 καὶ
1229 3446 1278 3494 οἶ
1331 3446 1600 3516 αἰρετικοὶ,
1651 3449 1813 3520 μέχρι

200 3529 289 3596 μὲν
355 3536 453 3580 τοῦ
534 3526 829 3597 διδάσκειν,
888 3530 1220 3591 λανθάτοντες
1274 3530 1673 3603 συνδιάγουσιν.
1732 3536 1813 3586 ὅτε

428 3351 747 3404 λανθάνοντα
862 3354 1217 3417 συναύξονται,

207 3610 264 3667 δὲ
338 3620 463 3686 (25)
533 3617 723 3676 πολλὴν
780 3618 978 3671 λάϐωσι
1030 3619 1349 3694 παρρησίαν,
1422 3640 1535 3673 τοτε
1590 3627 1674 3673 τόν
1738 3623 1810 3675 ἰόν

210 3701 462 3773 ἐκχέουσι
526 3712 613 3758 καὶ
681 3704 1135 3777 διαγινώσκονται.
1206 3712 1303 3761 Λιό
1378 3715 1466 3761 καὶ
1549 3708 1812 3783 προλαϐὼν

216 3788 366 3857 εἶπεν,
420 3796 511 3847 ὃτι
583 3795 711 3848 Ἀπὸ
797 3805 895 3848 τῶν
965 3804 1173 3869 καρπῶν
1245 3797 1409 3848 αὐτῶν
1466 3796 1813 3869 ἐπιγνώσεσθε

220 3879 417 3942 αὐτούς.
456 3888 563 3935 Καὶ
612 3884 792 3958 ἑτέρως
836 3881 910 3937 δέ·
961 3886 1041 3937 ὅτε
1076 3888 1164 3957 μὲν
1216 3887 1444 3960 ἔσπειρεν
1494 3888 1517 3936 ὁ
1562 3890 1808 3958 Χριστός,

221 3966 311 4018 οὐκ
352 3969 612 4042 ἐφάνησαν
663 3975 931 4045 αἱρετικοί⁹
985 3976 1063 4026 ὅτε
1108 3970 1165 4026 δὲ
1214 3974 1519 4037 ηὐξήθησαν
1569 3977 1617 4025 οὶ
1662 3974 1814 4048 ὀρθό-

225 4051 381 4129 δοξοι,
412 4066 531 4112 τότε
563 4059 780 4133 ἀνεφάνη
790 4081 905 4115 σαν.

292 4150 664 4221 Προσελθόντες
769 4182 837 4190 -
922 4150 1179 4216 Ciﬁciam;
1236 4148 1630 4213 Οἰκοὸεσπότης
1722 4155 1810 4224 μέν

223 4231 352 4286 ἐστιν
398 4239 579 4303 αὐτὸς,
630 4240 698 4299 ὡς
749 4246 839 4291 τοῦ
894 4244 1093 4311 κόσμου
1148 4245 1431 4299 Δεσπότης.
1488 4236 1706 4302 δούλους
1754 4237 1811 4292 δὲ

221 4322 393 4387 αὐτοὺς
421 4335 596 4379 ταῦτα
642 4326 881 4397 λέγοντας
926 4327 1157 4392 πλάττει,
1208 4332 1329 4388 τοὺς
1382 4330 1711 4403 θερμοτέρους
1742 4330 1812 4390 εἰς

1934 1854 2020 1904 est
2052 1863 2217 1904 urere
2244 1846 2337 1903 vel
2377 1846 2689 1911 suffocare,
2727 1847 3023 1901 secundas
3060 1848 3404 1917 aggreditur
3442 1850 3585 1905 insi-

1931 1936 2082 2001 dias,
2105 1942 2161 1992 et
2191 1942 2478 2008 tanquam
2505 1935 2630 2005 erS
2660 1935 2762 2005 qui
2797 1935 3104 1991 seminavit
3142 1936 3435 2002 inimicus,
3491 1938 3585 1993 ni-

1930 2025 2067 2081 titur
2092 2025 2229 2080 ilius
2266 2024 2535 2079 laborem
2566 2022 2853 2094 perdere:
2891 2022 3441 2097 dormientibusque
3479 2025 3584 2081 ho-

1929 2113 2191 2177 minibus,
2224 2113 2347 2167 sive
2375 2127 2582 2167 curam
2630 2111 2786 2166 circa
2811 2110 2942 2180 agri
3000 2112 3337 2168 custodiam
3383 2114 3582 2171 remit-

1927 2203 2184 2259 tentibus
2214 2201 2456 2273 (indicat
2486 2208 2680 2256 autem
2732 2205 3121 2272 praeceptores
3150 2205 3207 2257 et
3234 2202 3577 2273 magistros,

1925 2291 2031 2364 qui
2061 2291 2531 2347 orthodoxorum
2563 2293 2704 2344 sunt
2728 2289 3028 2361 custodes)
3067 2290 3473 2347 interseminat
3500 2294 3581 2348 zi-

1926 2380 2117 2446 zania,
2151 2380 2265 2435 hoc
2311 2383 2403 2434 est
2442 2378 2749 2433 haereticos
2795 2378 2947 2433 inter
2981 2378 3343 2434 orthodoxos
3378 2396 3393 2435 ;
3438 2395 3578 2437 nam

1924 2470 2037 2525 hos
2068 2468 2328 2524 triticum
2356 2466 2700 2531 nominavit,
2734 2470 3022 2538 tanquam
3048 2466 3102 2523 ei
3132 2466 3233 2537 qui
3262 2468 3579 2526 seminavit

1925 2556 2111 2613 utiles.

1997 2647 2159 2699 Vers.
2188 2645 2276 2699 26.
2319 2645 2464 2698 Cum
2494 2672 2562 2682 —
2591 2641 2845 2698 zizania.
2878 2641 3403 2709 Quemadmodum
3433 2644 3574 2701 ziza-

1926 2733 2027 2790 nia
2092 2733 2280 2788 tritico
2336 2731 2552 2787 similia
2626 2734 2757 2786 sunt
2813 2730 2874 2785 in
2931 2732 3235 2799 arundine,
3262 2731 3577 2791 dissimilia

1925 2836 2065 2877 vero
2091 2821 2149 2875 in
2172 2820 2386 2883 fructu,
2434 2819 2607 2890 eique
2637 2818 2845 2873 nociva
2874 2822 3050 2873 sunt:
3111 2819 3193 2874 ita
3220 2823 3277 2874 et
3316 2820 3576 2876 hasretici

1924 2908 2271 2965 orthodoxis
2304 2912 2441 2962 sunt
2488 2907 2710 2961 similes
2746 2906 2979 2973 habitu,
3013 2906 3119 2962 sed
3150 2906 3360 2963 virtute
3396 2907 3576 2963 dissi-

1926 2998 2113 3065 miles,
2136 3013 2270 3069 quae
2288 3000 2375 3052 est
2396 2996 2616 3051 fructus
2645 3014 2658 3063 ;
2678 2994 2867 3050 virtus
2892 2998 3094 3051 autem
3117 2998 3175 3050 et
3190 2996 3421 3067 primus
3447 3010 3574 3053 om-

1853 3112 1897 3173 C
1925 3086 2092 3142 nium
2118 3085 2341 3142 fructus
2371 3089 2476 3151 est,
2513 3084 2865 3154 dogmatum
2888 3083 3123 3139 veritas.

1994 3265 2061 3319 Et
2097 3259 2605 3333 quemadmodum
2655 3259 2878 3316 zizania
2914 3275 3107 3331 usque
3146 3258 3225 3315 ad
3252 3258 3571 3317 fructiﬁca-

1923 3354 2145 3410 tionem
2175 3349 2465 3406 occultata
2500 3353 2789 3412 crescunt,
2815 3352 2955 3404 tunc
2984 3351 3185 3403 autem
3218 3347 3574 3417 dignoscun-

1922 3447 2034 3510 tur,
2091 3440 2173 3494 ita
2234 3452 2373 3493 sane
2416 3440 2473 3491 et
2510 3435 2769 3491 haeretici
2820 3450 3131 3507 quousque
3180 3435 3434 3492 doceant
3468 3436 3565 3508 (0),

1919 3530 2165 3586 latentes
2188 3529 2539 3599 permanent
2570 3542 2585 3580 :
2614 3524 2716 3579 ubi
2744 3540 2878 3580 vero
2909 3539 3198 3593 magnam
3240 3540 3572 3597 assumpse-

1920 3619 2037 3674 rint
2061 3616 2363 3684 ﬁduciam,
2394 3619 2535 3669 tunc
2566 3628 2863 3669 venenum
2889 3612 3204 3669 eﬂundunt
3228 3628 3299 3669 ac
3332 3613 3573 3683 dignos-

1922 3711 2152 3762 cuntur.
2214 3704 2353 3758 Ideo
2412 3718 2653 3773 quoque
2712 3702 2768 3755 in
2819 3701 3286 3772 praecedentibus
3312 3701 3565 3757 dixitzA

1916 3794 2201 3866 fructibus
2218 3808 2411 3848 eorum
2430 3790 2775 3860 cognoscetis
2802 3805 2891 3844 eos
2920 3790 2988 3845 ¹⁰.
3009 3790 3295 3845 Praeterea
3311 3794 3366 3845 et
3382 3789 3567 3853 aliter,

1921 3883 2167 3957 quando
2199 3881 2511 3937 seminavit
2541 3880 2822 3944 Christus,
2852 3883 2992 3934 tunc
3018 3892 3141 3933 non
3162 3881 3573 3948 apparuerunt

1919 3972 2177 4029 haeretici
2202 3989 2220 4041 ;
2272 3986 2409 4025 cum
2454 3972 2655 4024 autem
2700 3966 3018 4022 crevissent
3063 3964 3401 4034 orthodoxi,
3428 3968 3570 4021 tunc

1922 4058 2311 4117 demonstrati
2351 4060 2509 4113 sunt.

1992 4150 2163 4205 Vers.
2201 4152 2288 4201 27.
2320 4145 2663 4203 Accedentes
2691 4174 2759 4185 -—
2800 4142 3019 4199 zizania
3046 4143 3075 4197 ?
3118 4140 3570 4199 Paterfamillias

1921 4240 2046 4311 ipse
2066 4240 2156 4293 est
2187 4235 2454 4291 Christus
2477 4239 2769 4305 tanquam
2786 4231 2993 4287 mundi
3010 4231 3299 4287 Dominus
3328 4246 3340 4284 :
3366 4245 3571 4286 servos

1921 4343 2061 4384 vero
2102 4342 2238 4380 suos
2269 4323 2368 4396 qui
2398 4324 2523 4378 haec
2549 4322 2751 4378 dicant
2776 4319 3001 4390 efﬁngit
3055 4319 3441 4387 orthodoxos,
3465 4319 3571 4391 qui

218 4414 297 4462 τὸν
352 4416 481 4488 ὑπὲρ
556 4415 784 4476 εὐσεϐίας
861 4415 1012 4475 ζῆλον
1071 4414 1399 4489 ὁρθοδόξους,
1465 4419 1513 4468 οἰ
1568 4417 1813 4479 πολλάκις

1940 4416 2333 4473 'erventiorem
2356 4427 2498 4480 erga
2524 4411 2750 4466 cultum
2780 4425 2956 4464 suum
2987 4411 3202 4478 gerunt
3220 4407 3432 4473 zelum,
3464 4407 3571 4479 qui

216 4497 623 4570 ἀγανακτοῦντες
672 4504 1059 4577 ἐξαποροῡνται,
1110 4513 1219 4565 πῶς
1268 4507 1291 4556 ό
1336 4508 1457 4565 Θεὸς
1505 4514 1813 4579 παραχωρεῖ

217 4599 425 4644 τοιαῦτα
460 4595 683 4664 φύεσθαι
708 4593 934 4655 ζιζάνια.

284 4678 339 4730 Ὀ
416 4680 479 4734 δὲ
564 4713 623 4721 -
704 4681 960 4739 ἐποίησεν.
1038 4680 1335 4755 Ἄνθρωπον
1412 4681 1665 4753 ὠνόμασε,
1731 4681 1811 4733 τόν

225 4761 480 4837 διάϐολον,
540 4773 607 4832 ὡς
656 4767 806 4822 οὐδὲν
861 4769 1131 4844 ἀνθρώπου
1185 4766 1515 4844 διαφέροντα,
1569 4772 1702 4822 κατὰ
1754 4773 1811 4821 τὸ

294 4890 535 4967 Philipp.
568 4894 637 4961 ΙΙ,
666 4898 719 4949 7.
799 4893 846 4929 ¹⁰
873 4893 1068 4951 Matth.
1101 4893 1225 4959 VII,
1262 4897 1345 4949 l6.

1921 4505 2258 4575 frequenter
2319 4501 2694 4557 admirantur
2737 4514 2876 4555 cum
2928 4497 3356 4567 indignatione,
3399 4497 3567 4568 quod

1924 4596 2077 4648 Deus
2107 4589 2328 4645 zizania
2358 4588 2523 4645 nasci
2553 4588 2874 4661 permittat.

1992 4683 2149 4735 Vers.
2206 4678 2293 4734 28.
2342 4678 2451 4734 Ille
2501 4685 2694 4734 autem
2752 4707 2820 4716 —
2855 4675 2998 4745 fecit
3058 4673 3367 4729 Hominem
3419 4672 3568 4728 dixit

1922 4768 2230 4825 diabolum
2256 4773 2545 4838 tanquam
2560 4764 2702 4821 nihil
2716 4764 2793 4821 ab
2811 4762 3158 4819 hominibus
3173 4759 3563 4826 ditferentem,

1456 5015 1679 5085 Varia
1708 5015 2030 5084 lectiones
2062 5022 2128 5082 et
2164 5022 2363 5082 notae.

465 5220 572 5275 Τῆς
620 5210 877 5294 φυλακῆς.
929 5212 998 5265 Α.
1053 5207 1813 5294 Αφροχτιστεῖζρὶθῐιιῳςμθ

225 5280 475 5354 jungitur
500 5280 775 5354 genitivo,
803 5284 928 5338 sine
953 5280 1487 5354 praepositioneJta
1512 5280 1675 5353 apud
1706 5282 1813 5336 Xe-

235 5352 401 5489 nth.
438 5352 715 5483 Symap’os,
740 5370 861 5425 vni,
885 5352 974 5411 33'.

323 5423 403 5496 23)
428 5433 527 5479 Ουν
639 5430 727 5483 est
749 5427 815 5480 Α.

1994 5203 2341 5287 (29161831!
2382 5201 2820 5287 διβῖενώφεονταξ
2840 5204 3147 5287 elisurus-
3309 5276 3322 5287 .
3360 5275 3371 5287 .

1920 5272 2111 5403 λ’ἓὲὅ)
2144 5282 2245 5332 Καί
2276 5293 2377 5349 pro
2425 5272 2575 5332 dé‘A.
2626 5276 2755 5333 Mox
2805 5274 2966 5334 idem
3011 5274 3249 5340 λάϐοντες
3303 5275 3431 5348 (sic)
3457 5289 3562 5348 pro

1951 5370 1982 5401 α
2022 5369 2143 5408 ωσι.

308 5569 375 5645 (o)
402 5576 697 5652 Quomque
718 5575 994 5635 doceant.
1032 5573 1336 5633 Sententia
1361 5578 1467 5631 est.
1500 5576 1816 5646 antequam
1846 5572 2119 5630 doceant.
