4186 6318
585 323 693 383 407

1920 324 2256 381 EUTHYMII
2292 322 2624 381 ZIGABENI

3830 319 3960 376 408

584 451 648 508 in
675 465 747 508 eo
766 447 932 524 quod
960 451 1048 507 est
1079 447 1496 508 aﬂ‘ectionibus
1523 462 1594 504 ac
1634 447 2044 521 voluptatibus
2096 464 2228 506 esse

2348 449 2566 521 ἐμπαθὲς
2618 448 2708 500 καί
2775 441 3067 519 φιλήδονον,
3148 449 3238 499 καὶ
3295 448 3359 505 ὡς
3416 444 3527 517 (26)
3593 443 3783 506 ἒπὶσης
3853 443 3958 495 ἆν-

588 539 951 611 subjectum,
984 543 1041 597 et
1080 543 1369 611 tanquam
1403 553 1574 611 aeque
1603 541 1668 593 ut
1695 537 1876 593 homo
1904 554 2000 595 res
2033 554 2231 595 aman-

585 632 707 685 tem
745 644 1082 701 corporeas,
1120 629 1483 698 terrenisque
1504 627 1831 683 admistum
1871 642 2024 684 esse.

656 717 825 773 Vers.
850 717 938 772 28.
965 719 1051 773 At
1075 718 1231 773 servi
1262 746 1332 757 —
1374 730 1440 772 ea
1467 717 1495 771 Ἰ
1538 714 1921 787 Colligamus,
1953 715 2237 772 violenter

588 806 923 875 evellentes,
950 821 1020 862 ac
1051 805 1266 874 gladiis
1295 803 1690 860 demittentes.

656 898 821 951 Vers.
856 897 947 951 29.
975 894 1086 950 Ille
1117 899 1316 950 autem
1341 923 1408 933 —
1441 892 1724 949 triticum.
1786 893 2096 950 Prohihuit
2132 908 2237 949 au-

585 982 720 1038 ferri
761 982 1091 1048 haereticos,
1135 997 1209 1038 ne
1265 981 1445 1037 etiam
1492 980 1715 1052 pariter
1763 981 2080 1037 orthodoxi
2129 998 2237 1038 au-

585 1071 899 1128 ferrentur.
930 1072 1214 1127 Futurum
1244 1070 1405 1127 enim
1443 1075 1568 1127 erat
1593 1074 1654 1127 ut
1680 1071 1840 1128 bella
1870 1071 2127 1127 invicem
2163 1086 2236 1130 ac

586 1159 778 1217 cades
806 1159 1121 1215 orirentur.

656 1247 822 1302 Vers.
850 1246 939 1302 30.
989 1247 1180 1304 Sinite
1207 1277 1275 1291 —-
1317 1262 1573 1304 messem.
1630 1249 1992 1320 Uutrumque
2024 1263 2230 1319 genus.

585 1337 840 1392 Messem
865 1340 1065 1393 autem
1088 1336 1235 1393 dicit
1267 1337 1479 1392 mundi
1510 1336 2112 1392 consummationem.
2138 1337 2236 1391 Ju-

583 1424 687 1481 bet
697 1439 839 1494 ergo
863 1427 931 1479 ut
955 1424 1255 1495 utriusque
1271 1424 1501 1495 generis
1512 1423 1787 1480 homines
1816 1423 2015 1480 sinant
2040 1424 2235 1480 vivere

585 1515 935 1581 crescentes,
974 1516 1306 1585 auctosque
1361 1528 1611 1569 numero
1664 1512 1726 1567 in
1779 1512 2007 1570 mundo
2047 1528 2235 1583 usque

584 1601 665 1660 ad
716 1601 1322 1659 consummationem.
1389 1599 1717 1657 Verisimile
1779 1601 2075 1674 siquidem
2124 1606 2230 1669 est,

586 1692 724 1748 ante
751 1689 814 1746 id
852 1693 1091 1763 tempus
1147 1690 1369 1747 multos
1415 1689 1845 1747 convertendos
1883 1689 2188 1747 haereticos
2217 1709 2231 1745 :

2345 540 2531 610 θρώπῳ
2588 536 3065 609 φιλοσωματοῦντα,
3127 539 3216 587 καὶ
3274 540 3383 596 τοῖς
3419 536 3620 605 γηῖνοις
3684 532 3962 607 ἀναφυρό-

2342 645 2510 699 μενον.

2416 717 2483 766 Οἱ
2537 710 2595 766 δὲ
2646 709 2825 765 δοῦλοι
2886 744 2954 753 -
3002 713 3132 764 αὐτά
3177 728 3191 778 ;
3235 710 3557 784 Συλλέξομεν,
3615 709 3962 773 ἀνασπῶντες

2346 801 2554 875 βιαίως,
2588 805 2677 854 καὶ
2709 800 2907 874 ξίφεσιν
2936 799 3276 874 ἔκθερίζοντες
3307 800 3441 871 (27).

2416 890 2473 943 0'
2528 887 2588 942 δὲ
2659 921 2728 930 -
2815 897 2977 944 σῖτον.
3058 889 3340 943 Ἐκώλυσεν
3414 888 3743 962 ἀναιρεῖσθαι
3827 893 3963 950 τοὺς

2345 981 2657 1053 αἱρετικοὺς,
2725 975 2818 1030 διὰ
2881 981 2939 1029 τὸ
3016 982 3087 1050 μή
3160 980 3583 1053 συναναιρεῖσθαι
3661 983 3752 1030 καὶ
3827 983 3961 1039 τοὺς

2345 1063 2678 1140 ὀρθοδόξους.
2752 1065 3001 1139 ’Έμελλον
3069 1069 3170 1140 γὰρ
3235 1066 3448 1140 πόλεμοι
3516 1068 3756 1139 γίνεσθαι
3824 1086 3954 1120 κατ’

2346 1155 2569 1213 ἀλλήλων
2594 1160 2683 1207 καὶ
2706 1159 2923 1227 σφαγαί.

2412 1242 2600 1316 ’Ἄφετε
2651 1274 2719 1285 -
2776 1246 3046 1318 θερισμοῦ.
3114 1243 3403 1319 Ἀμφότεροι
3457 1247 3523 1296 τὰ
3575 1248 3722 1315 γένη.
3780 1251 3955 1316 Θερε-

2348 1336 2478 1405 σμὸν
2529 1329 2587 1385 δὲ
2636 1332 2791 1403 λέγει,
2846 1338 2939 1390 τὴν
2986 1340 3078 1385 τοῦ
3132 1337 3334 1405 κόσμου
3385 1328 3690 1385 συντελειαν.
3740 1332 3959 1385 Κελεύει

2344 1418 2430 1472 οὖν
2482 1420 2565 1492 ἐᾷν
2623 1419 2884 1494 ἀμφότερα
2934 1425 3000 1473 τὰ
3049 1424 3168 1493 γένη
3232 1425 3345 1494 ζῇν,
3407 1421 3825 1493 συναυξανόμενα
3903 1420 3960 1473 ἐν

2341 1516 2415 1580 τῷ
2484 1513 2685 1581 κόσμῳ,
2745 1513 2909 1582 μέχρι
2974 1509 3282 1572 συντελείας
3342 1510 3478 1572 εἰκός
3544 1512 3668 1584 γὰρ,
3724 1510 3963 1573 πολλοὺς

2342 1605 2441 1649 τῶν
2486 1600 2753 1672 αἰρετικῶν
2805 1599 2938 1672 ἄχρι
2983 1601 3099 1650 τότε
3140 1596 3565 1671 μεταϐληθῆναι’
3599 1598 3658 1649 οὐ
3707 1602 3809 1670 μὴν
3855 1595 3965 1651 διὰ

2342 1694 2495 1739 τοῦτο
2527 1688 2639 1757 (28)
2691 1689 3172 1759 συναναμίγνυσθαι
3219 1694 3325 1747 τοῖς
3366 1689 3661 1760 αἱρετικοῖς.
3696 1687 3964 1761 Εὐρύχω-

582 1794 697 1837 nec
721 1782 920 1836 tamen
949 1778 1029 1837 ob
1057 1779 1171 1835 hoc
1198 1778 1310 1835 illis
1357 1777 1733 1835 commisceri
1772 1782 2003 1849 oportet
2040 1794 2052 1833 :
2078 1778 2232 1849 spati

2348 1794 2427 1849 ρος
2476 1779 2577 1850 γὰρ
2624 1777 2650 1827 ό
2699 1778 2915 1846 κόσμος,
2970 1779 3060 1826 καὶ
3121 1772 3204 1827 δεῖ
3258 1775 3371 1844 (29)
3420 1776 3605 1836 αὐτοὺς
3654 1776 3777 1828 καθ’
3821 1775 3962 1828 ἐαυ-

585 1884 731 1925 osus
767 1868 928 1924 enim
966 1870 1053 1923 est
1081 1867 1177 1922 hic
1207 1866 1473 1922 mundus
1506 1883 1519 1922 :
1554 1871 1612 1923 et
1646 1866 1776 1921 illos
1813 1882 1920 1938 per
1946 1883 2007 1922 se
2036 1867 2234 1924 vivere

586 1958 838 2028 oportet,
870 1970 996 2010 non
1053 1953 1287 2010 ablatos
1309 1954 1389 2025 (p)
1436 1954 1707 2026 quidem,
1763 1954 1869 2010 sed
1906 1960 2231 2027 separatos,

585 2059 663 2101 ne
687 2042 963 2100 docendo
992 2044 1378 2114 corrumpant
1427 2041 1594 2113 quod
1622 2042 1982 2100 seminatum
2019 2048 2107 2101 est
2138 2045 2236 2101 tri-

587 2130 793 2189 ticum.

656 2222 817 2275 Vers.
868 2218 959 2274 30.
1006 2218 1089 2275 Et
1110 2246 1181 2260 -
1204 2216 1558 2274 messoribus
1586 2218 1911 2275 :Messores
1938 2234 2101 2276 nunc
2128 2235 2237 2277 an-

590 2307 753 2380 gelos
782 2306 1071 2364 nominat.

657 2395 823 2453 Vers;
850 2396 938 2452 30.
965 2393 1230 2467 Colligite
1252 2423 1323 2435 —
1360 2394 1613 2453 zizania.
1671 2394 1865 2452 Metite
1895 2395 2046 2453 falce
2083 2412 2238 2453 mor-

586 2487 664 2546 tis
690 2487 935 2543 inventa
962 2487 1105 2541 tunc
1133 2483 1372 2542 zizania.
1417 2486 1611 2551 Quare
1667 2490 1868 2542 autem
1913 2486 2180 2559 primum
2208 2487 2238 2542 ‘I

585 2578 670 2634 Ne
735 2576 915 2633 etiam
965 2577 1107 2630 tunc
1153 2574 1414 2631 viventes
1483 2574 1802 2632 orthodoxi
1857 2576 2036 2631 simul
2100 2591 2238 2633 cum

585 2662 880 2722 haereticis
941 2662 1165 2720 mistim
1234 2662 1515 2729 demessi,
1586 2679 1842 2736 pravam
1894 2666 2240 2738 concipiunt

589 2767 782 2824 spem.

660 2839 821 2894 Vers.
848 2840 938 2893 30.
978 2838 1059 2893 Et
1098 2867 1167 2879 —
1211 2838 1552 2907 fascicutos.
1605 2840 1885 2911 Colligate
1936 2857 2039 2898 eos
2092 2841 2239 2897 invi-

590 2942 739 2984 cem.
772 2925 1043 2983 Ostendit
1067 2928 1267 2983 autem
1298 2941 1494 2982 sermo
1532 2928 1693 3000 quod
1738 2929 1801 2984 hi
1860 2930 1965 3002 qui
2016 2929 2078 2986 in
2138 2945 2237 2986 eo-

590 3016 732 3073 dem
774 3017 1018 3088 peccato
1081 3015 1543 3084 communicant,
1586 3017 1766 3073 etiam
1817 3018 1879 3074 in
1949 3018 2236 3091 supplicio

2342 1868 2463 1925 τοὺς
2534 1864 2651 1936 ζῇν,
2726 1867 2797 1936 μὴ
2876 1862 3275 1937 ἀναιρουμένους
3344 1866 3454 1935 μὲν,
3536 1862 3963 1937 ἀφαιρουμένους

2345 1949 2404 2005 δὲ
2434 1956 2492 2005 τὸ
2525 1950 2800 2006 διδάσκειν
2843 1956 2932 2004 καὶ
2983 1951 3325 2024 λυμαίνεσθαι
3366 1960 3439 2022 τῷ
3489 1957 3617 2026 σίτῳ
3662 1960 3755 2005 τοῦ
3801 1958 3960 2007 σπεί-

2342 2060 2541 2116 ραντος.

2419 2223 2520 2273 Καὶ
2575 2249 2644 2261 -
2693 2220 2972 2292 θερισταῖς.
3038 2220 3297 2293 Θεριστάς
3355 2239 3443 2271 νυν
3501 2218 3745 2292 ὀνομάζει
3827 2225 3956 2283 τοὺς

2347 2306 2610 2380 ἀγγέλους.

2416 2396 2690 2459 Συλλέξατε
2733 2425 2800 2438 -
2844 2396 3074 2457 ζιζάνια.
3128 2400 3384 2469 Θερίσατε
3430 2405 3502 2467 τῷ
3551 2396 3668 2468 (30)
3710 2392 3954 2471 δρεπάνῳ

2345 2491 2436 2537 τοῦ
2484 2486 2704 2537 θανάτου
2750 2487 2816 2537 τὰ
2864 2487 3203 2560 εὑρισκόμενα
3244 2488 3358 2537 τότε
3406 2484 3636 2547 ζιζάνια.
3684 2490 3849 2539 Λιατί
3892 2482 3955 2539 δὲ

2344 2582 2583 2647 πρῶτον;
2614 2572 2725 2626 Ἵνα
2793 2578 2864 2645 μὴ
2932 2577 3022 2626 καὶ
3081 2575 3132 2625 οἱ
3198 2573 3385 2634 ζῶντες
3440 2580 3730 2633 τηνικαῦτα
3797 2575 3951 2650 ὀρθό-

2348 2659 2511 2727 δοξοι,
2558 2665 3031 2737 συνεκθεριζόμενοι
3075 2668 3178 2722 τοῖς
3218 2662 3497 2735 αἱρετικοίς
3541 2661 3748 2735 ἀναμὶξ,
3791 2683 3951 2722 πονη-

2344 2753 2442 2825 ρὰς
2466 2750 2668 2813 ἕξουσιν
2704 2747 2941 2812 ἐλπίδας.

2386 2838 2519 2893 ’Καὶ
2590 2871 2659 2879 —
2735 2835 2956 2911 δεσμάς.
3035 2836 3337 2897 Συνδήσατε
3422 2839 3614 2902 αὐτοὺς
3671 2838 3923 2898 ἀλλήλοις,

2348 2927 2611 2999 Ἐμφαίνει
2669 2924 2728 2980 δε
2782 2929 2808 2979 ό
2870 2927 3040 3001 λόγος,
3092 2929 3173 2980 ὅτι
3221 2931 3270 2980 οἰ
3343 2934 3577 2982 κοινωνοὶ
3625 2935 3714 2989 τῆς
3774 2927 3937 2987 αὐτῆς

2346 3014 2622 3089 ἁμαρτίας,
2653 3021 2884 3069 κοινωνοὶ
2915 3022 3115 3079 καὶτῆς
3146 3016 3309 3079 αὐτῆς
3333 3016 3591 3080 κολάσεως
3619 3022 3943 3090 γενήσονται,

591 3103 1076 3162 communicaturi
1121 3108 1260 3161 sunt
1304 3104 1538 3173 eodem,
1608 3104 1908 3179 simulque
1952 3108 2238 3165 ultionem

2348 3109 2435 3157 καὶ
2462 3106 2593 3177 ὁμοῦ
2623 3108 2716 3163 τὴν
2739 3110 2992 3179 τιμωρίαν
3020 3105 3282 3178 ὑφέξουσι.

593 3192 996 3251 sustinebunt.

662 3284 816 3339 Vere.
864 3281 951 3338 30.
990 3280 1092 3337 Ad
1130 3310 1201 3323 —
1240 3297 1470 3345 ,meum.
1528 3281 1751 3341 Similia
1810 3299 2055 3358 quoque
2092 3287 2241 3359 Bap-

590 3370 727 3428 tista
785 3369 1134 3427 Sadducasis
1179 3386 1249 3427 ac
1329 3370 1639 3428 Pharisaeis
1686 3373 2088 3430 comminatus
2153 3378 2241 3432 est

590 3459 760 3516 tertio
789 3458 1003 3531 capite,
1033 3458 1238 3515 dicens
1279 3459 1354 3516 de
1407 3458 1656 3526 Christo,
1715 3461 1883 3533 quod
1911 3463 2090 3519 etiam
2141 3464 2243 3519 tri-

594 3548 776 3604 ticum
803 3562 973 3603 suum
993 3548 1364 3618 congregabit
1381 3548 1446 3603 in
1468 3548 1745 3605 horreum
1775 3566 1967 3616 suum,
2006 3552 2241 3621 paleam

593 3639 788 3691 autem
840 3635 1132 3691 comburet
1178 3636 1317 3707 igne
1379 3637 1858 3709 inexstinguibili
1912 3640 1980 3695 1°.
2036 3642 2243 3706 Quaere

594 3736 738 3793 ergo
774 3721 877 3788 ibi,
910 3725 969 3779 et
994 3723 1263 3781 invenies
1284 3724 1425 3797 quid
1454 3726 1713 3798 appellet
1742 3727 2241 3794 combustionem,

594 3811 745 3885 quid
793 3811 1098 3869 horreum.
1152 3814 1535 3887 Superﬂuum
1563 3815 1714 3872 enim
1762 3820 1871 3889 est,
1915 3818 2095 3875 semel
2138 3818 2242 3875 de-

594 3900 838 3966 clarata,
872 3917 1113 3960 rursum
1144 3903 1356 3962 eodem
1384 3905 1569 3963 modo
1599 3904 1983 3979 interpretari.

667 4080 830 4135 Vers.
861 4077 948 4134 3i.
980 4078 1185 4134 Aliam
1229 4109 1300 4120 —
1327 4094 1452 4136 suo.
1503 4081 1547 4149 -ια
1577 4080 1776 4137 Grano
1818 4082 2046 4155 sinapis
2095 4100 2246 4157 pras-

596 4166 959 4224 dicationem
1006 4167 1399 4237 comparavit,
1454 4170 1512 4222 et
1540 4168 1619 4223 ob
1671 4184 1920 4240 pravam
1952 4186 2245 4243 apparen-

598 4253 767 4316 tiam,
793 4257 851 4308 et
875 4251 954 4308 ob
984 4251 1266 4309 vilitatem
1318 4252 1598 4310 dictionis
1629 4271 1734 4311 seu
1792 4257 2026 4328 phrasis
2055 4276 2067 4314 :
2109 4276 2243 4332 quae

597 4342 663 4399 in
728 4342 957 4397 tantum
1009 4340 1209 4405 crevit,
1267 4344 1333 4399 ut
1379 4342 1566 4400 Attica
1617 4359 1687 4400 ac
1725 4344 2014 4401 mirabilis
2045 4348 2120 4404 ad
2154 4364 2244 4406 ra-

596 4427 1013 4488 tiocinandum
1046 4430 1378 4488 Graecorum
1416 4431 1815 4506 philosophia,
1851 4435 2143 4493 occultata
2173 4437 2246 4495 sit

597 4515 1008 4586 magnitudine
1032 4519 1348 4593 Evangelii,
1390 4520 1552 4594 quod
1592 4522 1978 4581 rusticitatem
2027 4540 2150 4598 prae
2183 4544 2246 4586 se

598 4603 857 4664 ferebat.

670 4694 943 4765 Regnum
990 4693 1277 4754 ccelorum
1302 4712 1466 4756 nunc
1511 4697 1652 4757 dicit
1698 4713 2036 4758 sermonem
2082 4701 2244 4775 ﬁdei,

672 4818 723 4857 ⁷⁸
753 4820 928 4880 Marc.
958 4824 1041 4893 in,
1070 4822 1164 4880 21.

2420 3283 2558 3356 Πρός
2613 3313 2681 3322 —
2729 3300 2849 3353 μου.
2909 3284 2987 3335 Τὰ
3032 3282 3376 3358 παραπλήσια
3426 3288 3515 3336 καὶ
3566 3284 3592 3335 ό
3650 3288 3957 3347 Βαπτιστὴς

2351 3370 2601 3430 ἠπείλησε
2654 3378 2764 3432 τοῖς
2816 3368 3195 3432 Σαδδουκαίοις
3251 3376 3339 3425 καὶ
3394 3377 3722 3445 Φαρισαίοις,
3779 3373 3829 3425 ἐν
3882 3382 3957 3444 τῷ

2349 3463 2506 3535 τρίτῳ
2583 3458 2861 3531 κεφαλαίῳ,
2928 3459 3082 3512 εἰπὼν
3164 3465 3282 3533 περὶ
3356 3468 3446 3513 τοῦ
3512 3468 3771 3534 Χριστοῦ,
3853 3467 3959 3515 Καὶ

2355 3547 2561 3610 συνάξει
2629 3550 2716 3600 τὸν
2788 3554 2931 3600 σῖτον
3006 3549 3166 3601 αὐτοῦ
3234 3549 3307 3610 εἰς
3360 3553 3454 3608 τὴν
3530 3551 3824 3616 ἀποθήκην,
3896 3553 3958 3602 τὸ

2355 3634 2413 3690 δὲ
2508 3636 2710 3711 ἄχυρον
2803 3640 3122 3689 κατακαύσει
3220 3642 3349 3710 πυρὶ
3490 3636 3748 3709 ἀσϐέστῳ.
3853 3642 3960 3691 Καὶ

2354 3724 2586 3786 ζήτησον
2665 3725 2714 3776 ἐν
2792 3724 2983 3796 ἐκείνῳ,
3057 3729 3145 3777 καὶ
3218 3727 3471 3799 εὑρήσεις,
3541 3731 3592 3779 τί
3657 3730 3746 3798 μὲν
3817 3725 3959 3798 λέγει

2353 3814 2701 3883 κατάκαυσιν,
2798 3819 2850 3865 τί
2960 3810 3018 3866 δὲ
3116 3813 3405 3873 ἀποθήκην.
3513 3818 3753 3887 Περιττόν
3851 3818 3957 3888 γὰρ

2353 3905 2421 3955 τὰ
2504 3902 2645 3965 ἃπαξ
2749 3902 3119 3977 ἑρμηνευθέντα
3201 3903 3352 3955 πάλιν
3442 3905 3635 3977 ὁμοίως
3731 3902 3958 3979 ἐφερμη-

2353 4010 2531 4046 νευειν.

2424 4079 2622 4151 ’Ἃλγην
2673 4111 2742 4119 -
2798 4079 2978 4136 αὐτοῦ.
3033 4079 3241 4153 [Κόκκῳ
3300 4079 3412 4152 (3|)
3471 4100 3720 4142 σιναπεως
3775 4087 3954 4157 παρεί-

2353 4187 2484 4220 κασε
2537 4171 2596 4219 τὸ
2647 4173 2909 4241 κήρυγμα,
2958 4174 3047 4221 καὶ
3100 4165 3195 4222 διὰ
3252 4175 3308 4222 τό
3342 4173 3689 4243 μικροπρεπὲς
3733 4176 3824 4224 καὶ
3877 4172 3956 4225 εὖ-

2355 4254 2487 4316 τελες
2541 4263 2639 4307 τῶν
2703 4256 2897 4322 λέξεων,
2972 4259 2998 4309 ὅ
3066 4264 3313 4310 τοσοῦτον
3379 4257 3607 4323 ηὐξήθη,
3676 4258 3813 4311 ὥστε
3859 4265 3957 4319 τὴν

2355 4343 2726 4404 ἀττικίζουσαν
2782 4350 2870 4398 καὶ
2929 4343 3100 4404 δεινὴν
3155 4345 3556 4418 συλλογίζεσθαι
3614 4352 3799 4419 σοφίαν
3856 4357 3959 4401 τῶν

2352 4431 2599 4490 Ἑλλήνων
2645 4432 3003 4508 ἀποκρυϐῆναι
3040 4440 3112 4503 τῷ
3140 4435 3341 4505 μεγέθει
3384 4442 3474 4486 τοῦ
3524 4432 3958 4510 ἀγροικιζόμενου

2356 4522 2717 4595 Εὐαγγελίου]

2428 4699 2698 4753 Βασιλείαν
2753 4696 2812 4752 δὲ
2867 4707 2965 4751 τῶν
3023 4699 3249 4774 οὐρανῶν
3304 4699 3437 4772 λέγει
3496 4708 3601 4768 νῦν,
3661 4705 3743 4755 τὸν
3799 4699 3950 4771 λόγον

1820 4951 2041 5021 Variae
2077 4952 2408 5021 lectiones
2447 4960 2512 5020 et
2550 4959 2752 5043 notae.

697 5088 788 5149 26)
827 5093 902 5149 Ως
925 5089 1018 5139 καί
1046 5088 1109 5143 Β.

697 5089 765 5141 26
827 5093 902 5149 Ως
925 5089 1018 5139 καί
1046 5088 1109 5143 Β.

697 5085 792 5295 27ξ
817 5158 1199 5233 Καθαρίζοντις
1225 5160 1298 5216 Α.

701 5227 767 5283 28
830 5233 946 5295 Χρή
985 5228 1152 5285 addit
1204 5234 1270 5287 A.

674 5087 696 5298 ἱ

604 5303 838 5380 oportet
854 5299 1055 5380 habet.
1088 5300 1241 5380 Licet
1264 5299 1817 5380 autem'intélligere
1843 5308 2052 5365 κελεύει.

678 5368 790 5441 (29)
816 5375 986 5425 Δείται
1013 5374 1062 5427 Α
1092 5373 1267 5430 male.

701 5227 1152 5311 alliciam
1204 5234 1270 5311 ᾼ-
1315 5232 1400 5311 Ita
1455 5247 1697 5311 quaque
1754 5235 2092 5311 Hentenius.
2142 5238 2247 5311 qui

2427 5096 2541 5168 (30)
2600 5098 2855 5166 Θερίσατε
2901 5101 3108 5169 πρῶτον
3165 5101 3256 5148 τοῦ
3326 5096 3546 5147 θανάτου
3601 5102 3672 5166 τῷ
3717 5091 3962 5169 δρεπάνῳ

2352 5164 2446 5239 τά.
2458 5164 2531 5239 ,Αζ
2562 5164 2771 5238 Πρῶτον
2791 5164 3168 5239 probandum
3193 5169 3251 5239 et
3272 5170 3513 5239 propter
3532 5164 3964 5224 textum'Evan-

2355 5238 2510 5309 gelii,
2535 5242 2590 5292 et
2610 5237 2863 5309 propter
2886 5237 3456 5309 interpretationem.

2426 5308 2539 5380 (3i)
2565 5307 2802 5363 Inclusa
2828 5309 2887 5362 in
2916 5307 3107 5379 marg.
3140 5308 3324 5367 habet
3352 5308 3419 5366 A.

676 5520 922 5617 (ἐιλῇφέ
944 5523 1350 5617 agamnam:
1365 5529 1450 5617 ita
1476 5528 1743 5603 quidem,
1777 5533 1840 5588 ut
1889 5546 2012 5589 non
2054 5531 2500 5617 interﬁciuntur,
2533 5529 2640 5587 sed
2674 5534 2741 5588 ut
2776 5530 3084 5605 priventur
3127 5533 3401 5592 facultate
3456 5532 3712 5591 docendi
3739 5535 3796 5590 et
3825 5547 3960 5590 cor-

605 5594 925 5670 rumpendi
963 5595 1135 5657 tritici
1165 5594 1462 5659 Seminati.
