4186 6318
303 343 409 399 409
1241 344 1612 401 COMMENT.
1662 342 1733 397 IN
1773 342 2221 400 MATTHxEUM.
2263 376 2331 387 —
2368 345 2527 405 CAP.
2576 348 2729 405 XIII.
3559 350 3666 407 410

302 479 394 529 τῆς
448 471 696 535 πίστεως,
802 471 865 529 ὡς
951 468 1224 542 ἇῤῥαϐῶνα
1303 478 1397 531 τῆς
1462 468 1730 541 βασιλείας
1807 472 1955 523 τῶνὶ

2022 473 2300 543 tanquam
2342 471 2508 540 regni
2548 472 2834 528 caelorum
2888 474 3312 539 arrhabonem,
3356 477 3675 547 Comparat

302 558 551 629 οὐρανῶν.
632 558 925 621 Ἀπεικάζει
1010 555 1069 610 δῖε
1149 560 1300 611 αὐτόν
1384 564 1554 629 κόκκῳ
1633 560 1903 626 σινάπεως,

2022 564 2215 614 autem
2252 558 2418 615 illum
2452 574 2640 628 grano
2681 560 2925 633 sinapis,
2958 564 3101 635 quia
3138 563 3332 618 brevis
3378 567 3433 618 et
3468 565 3675 634 paucis

302 644 437 699 διότι
492 645 714 719 βραχύς
767 652 857 719 μεν
932 653 1019 699 καὶ
1071 648 1444 722 εὐπερίγραφος
1502 652 1782 719 σπείρεται,
1833 653 1903 719 μὴ

2022 648 2280 702 inclusus
2334 648 2761 717 seminabatur,
2808 666 2878 705 eo
2919 652 3083 721 quod
3134 668 3254 707 non
3303 657 3543 723 possent
3590 653 3675 708 di-

300 733 603 807 δυναμένων
654 745 753 787 τῶν
808 738 1051 808 μαθητῶν
1108 736 1393 809 βαστάζειν
1447 735 1493 787 ἐν
1536 734 1678 808 ἀρχῇ
1713 735 1903 788 πλεῖον.

2022 737 2239 807 scipuli
2266 737 2327 791 in
2354 737 2641 807 principio
2674 739 2906 807 majora
2931 739 3098 794 ferre.
3128 741 3272 795 Hinc
3304 745 3391 796 est
3429 742 3589 813 quod
3619 745 3675 798 et

298 830 395 876 Καὶ
451 827 563 898 γὰρ
616 829 705 876 καὶ
754 827 778 875 ό
830 831 1096 897 προφήτης
1146 826 1326 896 πάλαι,
1376 824 1524 895 λόγον
1557 827 1907 894 συντετμημέ-

2021 825 2303 895 propheta
2344 841 2685 881 sermonem
2730 826 3132 883 abbreviatum
3175 829 3316 884 olim
3365 830 3532 886 illum
3573 846 3674 902 ap-

287 932 371 964 νον
428 914 597 965 αὐτόν
653 912 908 965 ἐκάλεσεν.
977 913 1138 965 "Orata
1212 912 1269 966 δὲ
1326 915 1640 987 γεωργηθεὶς
1701 912 1905 982 αύξηση

2025 913 2268 984 pellavit
2308 915 2373 967 υ,
2416 916 2627 968 Verum
2675 920 2993 986 postquam
3040 917 3118 971 ab
3156 918 3416 987 agricola
3456 919 3670 974 cultus,

287 1009 403 1061 ταῖς
503 999 743 1074 ἀρδείαις
829 1009 920 1053 τοῦ
1010 1005 1147 1053 θείου
1222 1005 1536 1074 Πνεύματος,
1609 999 1911 1074 ὑπερϐάλλει

2021 1002 2207 1057 divini
2281 1003 2524 1072 Spiritus
2600 1003 3044 1073 irrigationibus
3112 1009 3371 1071 creverit,
3431 1024 3673 1062 omnem

286 1093 468 1141 πάντα
524 1090 699 1160 λόγον,
773 1096 861 1141 καὶ
926 1090 1238 1163 ὑψηλότερος
1316 1091 1440 1142 ὅλων
1476 1090 1588 1161 (32)
1658 1094 1907 1161 φαίνεται.

2023 1092 2209 1148 alium
2248 1093 2477 1149 excedit
2526 1109 2888 1159 sermonem,
2944 1110 3014 1150 ac
3062 1095 3344 1149 omnibus
3394 1097 3676 1150 excelsior

295 1181 394 1230 Διὰ.
482 1176 544 1231 δῖε
595 1188 686 1240 τῆς
761 1178 1058 1253 παραϐολῆς
1134 1184 1322 1239 ταύτης
1405 1185 1759 1251 προαναφωνεῖ
1820 1181 1914 1235 τὴν

2025 1186 2292 1253 apparet.
2334 1183 2440 1238 Per
2469 1182 2626 1237 hanc
2658 1198 2799 1238 vero
2839 1184 3194 1255 parabolam
3237 1184 3677 1255 praedicationis

296 1267 529 1329 αὔξησιν
596 1276 680 1319 τοῦ
757 1272 1108 1341 κηρύγματος.
1197 1274 1319 1341 Περὶ
1403 1266 1460 1321 δὲ
1526 1276 1617 1320 τοῦ
1681 1272 1919 1337 σπείρον-

2027 1276 2414 1340 augmentum
2463 1272 2844 1342 praenuntiat.
2905 1273 2985 1327 De
3034 1274 3277 1328 homine
3332 1278 3529 1328 autem
3575 1273 3678 1344 qui

293 1375 385 1415 τος
445 1354 740 1427 ἀνθρώπου,
801 1363 885 1408 καὶ
956 1364 1047 1408 τοῦ
1108 1357 1291 1431 ἀγροῦ,
1363 1360 1411 1410 ἐν
1466 1366 1525 1428 τῇ
1574 1360 1673 1429 πρὸ
1730 1359 1918 1412 ταύτης

2029 1360 2338 1415 seminavit
2365 1364 2421 1415 et
2458 1361 2531 1415 de
2564 1376 2726 1431 agro,
2764 1363 2822 1416 in
2863 1362 3216 1432 praecedenti
3248 1362 3530 1433 parabola
3562 1362 3682 1418 dis-

288 1443 569 1516 παραϐολῇ
626 1442 1056 1517 προδιελάϐομεν.
1134 1446 1312 1521 Ἀγρὸς
1373 1442 1452 1514 δὲ,
1506 1447 1531 1496 ό
1590 1452 1783 1517 κόσμος
1832 1444 1916 1495 λέ-

2028 1450 2341 1504 seruimus.
2394 1450 2612 1505 Dicitur
2655 1455 2851 1506 autem
2895 1453 3154 1506 mundus
3198 1466 3338 1521 ager
3390 1452 3468 1507 ob
3522 1453 3679 1508 hanc

283 1551 461 1602 γεται,
518 1538 610 1584 καὶ
663 1530 755 1585 διὰ
784 1537 841 1585 τό
872 1537 1218 1605 γεωργεῖσθαι
1271 1534 1319 1586 ἐν
1381 1535 1521 1605 αύτῷ
1568 1537 1655 1585 τόν
1710 1534 1917 1604 λογικόν

2026 1544 2203 1594 etiam
2246 1554 2522 1604 aausam,
2573 1539 2710 1611 quia
2759 1541 3090 1596 seminatur
3142 1555 3212 1596 ac
3250 1539 3461 1597 colitur
3509 1541 3569 1596 in
3610 1557 3677 1596 eo

289 1640 321 1672 σ
335 1628 443 1672 ῐτον
454 1664 465 1675 .

2024 1626 2309 1683 rationale
2338 1627 2727 1683 frumentum.

360 1709 444 1778 [Ἠ
507 1710 635 1780 (33)
702 1709 971 1783 παραϐολὴ
1051 1716 1293 1783 σημαίνει
1363 1717 1451 1763 καὶ
1509 1715 1566 1763 τὸ
1649 1709 1915 1782 διήγημα,

2095 1717 2137 1785 -t-
2190 1718 2321 1770 Haec
2375 1716 2549 1771 dictio
2604 1716 2893 1787 parabola
2951 1716 3254 1786 signiﬁcat
3317 1717 3680 1789 quandoque

293 1799 367 1856 ὡς
423 1802 486 1849 τό
523 1799 727 1870 σἨμᾶς
800 1800 866 1859 εἰς
924 1800 1223 1872 παραϐολὴν
1309 1800 1358 1852 ἐν
1442 1808 1547 1860 τοῖς
1605 1802 1772 1852 ἔθνεσι
1827 1805 1915 1851 καὶ

2025 1805 2447 1870 narrationem,
2479 1810 2542 1857 ut
2573 1820 2709 1859 cum
2737 1804 2951 1860 dicitur
2985 1821 2997 1859 :
3028 1807 3233 1862 Posuit
3273 1822 3377 1861 nos
3406 1807 3468 1861 in
3499 1820 3676 1875 para-

283 1888 373 1935 τὸν
428 1884 801 1959 αἰνιγματώδη
860 1888 1030 1957 λόγον,
1092 1892 1159 1949 ὡς
1206 1892 1262 1940 τό
1292 1907 1303 1918 '
1338 1894 1547 1947 Νοῆσαί
1581 1890 1694 1960 (34)
1733 1908 1788 1940 τε
1820 1909 1917 1940 πα-

2026 1895 2219 1950 bolam
2261 1894 2325 1948 in
2364 1894 2619 1963 gentibus
2667 1896 2731 1949 η.
2792 1894 3093 1948 Interdum
3142 1901 3341 1950 autem
3395 1896 3677 1964 aenigma-

287 1974 522 2046 ραϐολὴν
583 1981 673 2027 καὶ
731 1981 993 2028 σκοτεινόν
1064 1981 1203 2048 λόγον
1261 1997 1273 2009 ο
1328 1983 1416 2030 καὶ
1472 1983 1565 2036 τὴν
1638 1979 1910 2048 ὁμοίωσιν,

2026 1984 2205 2038 ticum
2239 1996 2595 2045 sermonem,
2650 1989 2716 2034 ut
2758 1985 2846 2035 est
2890 1981 3077 2035 illud:
3125 1984 3462 2051 Intelligere
3501 1997 3676 2049 para-

292 2064 361 2124 ὡς
393 2069 458 2115 τα
514 2068 831 2136 προκείμενα
886 2073 1051 2117 ταῦτα
1109 2087 1121 2097 ·
1177 2071 1265 2118 καὶ
1316 2071 1408 2123 τὴν
1438 2066 1795 2139 τροπολογίαν,
1846 2070 1914 2127 ὡς

2025 2071 2209 2126 bolam
2239 2076 2293 2125 et
2318 2070 2631 2123 obscurum
2649 2083 2966 2124 sermonem
2986 2071 3051 2123 ³³.
3077 2069 3376 2138 Signiﬁcat
3393 2074 3676 2140 praeterea

295 2158 353 2203 τό
412 2167 425 2181 '
488 2156 577 2205 Yl'e
634 2153 927 2225 ἀνθρώπου,
1008 2154 1114 2206 εἰπε
1209 2155 1385 2215 αὐτοῖς
1460 2160 1552 2213 την
1616 2154 1912 2228 παραϐολὴν

2024 2159 2494 2223 similitudinem,
2541 2157 2719 2212 veluti
2762 2162 2894 2213 sunt
2934 2158 3083 2228 haec,
3127 2174 3256 2229 quae
3306 2158 3403 2212 hic
3462 2174 3677 2229 propo-

294 2245 488 2298 ταύτην
548 2263 560 2275 ο
623 2241 682 2296 Ὀ
737 2241 879 2302 ἀετός
966 2245 991 2294 ό
1049 2248 1229 2314 μέγας,
1309 2246 1334 2294 ό
1400 2243 1845 2317 μεγαλοπτέρυγος
1897 2263 1908 2272 ·

2021 2253 2264 2312 nuntur,
2288 2246 2376 2301 Ad
2400 2246 2527 2301 haec
2544 2246 2821 2314 designat
2846 2246 3264 2316 tropologiam,
3288 2250 3351 2301 ut
3374 2250 3463 2300 est
3484 2245 3631 2300 illud
3660 2263 3671 2301 :

292 2328 434 2381 ἀετόν
466 2329 655 2401 λέγων,
714 2334 800 2381 τόν
855 2330 1077 2403 βασιλέα
1132 2340 1233 2383 τῶν
1291 2333 1587 2405 Ἀσσυρίων
1620 2353 1630 2363 ·
1670 2339 1912 2405 σημαίνει

2023 2338 2145 2392 Fili
2200 2336 2473 2399 hominis,
2517 2335 2608 2390 dic
2644 2336 2769 2390 illis
2815 2336 3171 2403 parabolam
3231 2335 3385 2390 hanc
3436 2335 3676 2406 :Aquila

290 2415 348 2470 δὲ
403 2424 499 2470 καὶ
550 2423 636 2472 τὸν
693 2422 876 2485 τύπον,
941 2424 1011 2482 ὡς
1066 2422 1185 2472 ὅταν
1239 2421 1355 2493 λέγη
1418 2422 1618 2482 Παῦλος
1678 2428 1913 2495 περὶτοῦ

2023 2441 2229 2496 magna
2250 2434 2606 2494 magnarum
2629 2425 2865 2479 alarum
2907 2426 2975 2489 “,
3015 2439 3238 2478 vocans
3266 2423 3519 2495 aquilam
3546 2440 3676 2493 reg-

292 2506 557 2581 Ἀϐραὰμ,
646 2511 726 2561 ὅτι
804 2513 891 2560 τόν
979 2519 1224 2580 μονογενῆ
1324 2514 1652 2583 προσέφερεν,
1730 2514 1754 2562 ό
1824 2514 1914 2562 τὰς

2023 2530 2167 2569 num
2212 2514 2608 2585 Assyriorum.
2658 2512 2907 2583 Insuper
2946 2512 3240 2579 signiﬁcat
3282 2512 3561 2581 ﬁguram,
3612 2516 3676 2567 ut

295 2594 598 2667 ἐπαγγελίας
678 2595 973 2670 δεξάμενος.
1059 2597 1211 2650 ’Ὅθεν
1282 2599 1331 2650 ἐν
1405 2599 1675 2671 παραϐολῇ
1760 2601 1911 2652 αὑτὸν

2022 2602 2268 2674 quando
2308 2601 2445 2657 dicit
2478 2600 2695 2657 Paulus
2728 2601 2774 2637 ³⁸
2813 2601 2888 2657 de
2916 2600 3221 2657 Abraham
3262 2600 3426 2672 quod
3465 2599 3675 2656 obtulit

308 2682 612 2757 ἐκομίσατο,
645 2690 931 2755 τουτέστιν,
965 2685 1012 2738 ἐν
1043 2689 1211 2758 τύπῳ,
1244 2686 1291 2738 ἐν
1319 2687 1522 2760 εἰκόνι.]

2018 2690 2228 2760 ﬁlium,
2284 2690 2386 2761 qui
2438 2688 2609 2759 juxta
2656 2688 3084 2760 promissiones
3145 2693 3458 2760 susceptus
3525 2693 3669 2746 erat.

2024 2780 2187 2835 Unde
2216 2780 2280 2834 in
2311 2778 2677 2847 parabolam,
2712 2777 2923 2848 inquit,
2954 2777 3173 2847 recepit
3203 2794 3348 2832 eum.

367 2861 436 2914 Ὀ
474 2893 539 2903 -—
593 2862 752 2917 ἐστιν.
808 2861 993 2935 Ὀπερ,
1055 2868 1261 2938 σπέρμα
1314 2862 1577 2929 ὸηλονότι,
1613 2870 1903 2937 σμικρότα-

2088 2870 2248 2923 Vers.
2310 2871 2396 2924 32.
2454 2867 2622 2934 Quod
2658 2903 2719 2912 -
2757 2873 2858 2922 est.
2919 2866 3233 2921 Minimum
3284 2864 3527 2938 quidem
3586 2871 3674 2922 est

300 2968 387 3000 τον
418 2955 507 3020 μέν
538 2951 651 3002 ἐστι
694 2960 755 3023 τῇ
816 2956 1094 3017 ποσότητι,
1150 2956 1396 3024 μέγιστον
1434 2950 1492 3005 δὲ
1537 2962 1597 3024 τῇ
1645 2962 1906 3023 ποιότητι,

2021 2957 2367 3029 quantitate,
2393 2955 2496 3010 sed
2510 2954 2840 3010 maximum
2854 2954 3138 3027 qualitate
3153 2956 3271 3009 sive
3293 2955 3500 3009 virtute
3516 2971 3529 3020 ;
3543 2954 3674 3010 ideo

312 3040 501 3103 είτουν,
554 3047 613 3110 τῇ
677 3036 910 3110 δυνάμει·
968 3044 1053 3092 Διὸ
1102 3046 1189 3093 καὶ
1235 3042 1305 3102 εἰς
1358 3044 1572 3113 μέγεθος
1598 3039 1905 3098 ἐπιδίδωσι.

2019 3062 2254 3118 quoque
2284 3046 2343 3100 in
2362 3044 2828 3113 magnitudinem
2851 3043 3148 3098 excressit.
3182 3042 3269 3097 Ad
3293 3043 3471 3113 hujus
3497 3045 3672 3099 semi—

311 3129 460 3177 Κατὰ
502 3131 592 3184 τὴν
624 3130 905 3199 ὁμοιότητα
947 3136 1071 3199 γοῦν
1120 3137 1211 3181 τοῦ
1258 3134 1547 3204 σπέρματος
1592 3133 1775 3182 τούτου
1821 3136 1909 3182 καὶ
1943 3160 1964 3217 ί

2019 3135 2110 3190 nis
2158 3133 2601 3188 similitudinem
2651 3137 2707 3187 et
2752 3132 3028 3203 discipuli
3078 3148 3212 3186 cum
3258 3146 3475 3201 parvus
3531 3146 3672 3201 grex

304 3214 353 3263 οἱ
410 3218 664 3285 μαθηταὶ,
747 3222 985 3288 ποίμνιον
1071 3222 1209 3277 ὄντες
1287 3218 1479 3289 ὀλίγον,
1562 3219 1626 3278 εἰς
1701 3214 1957 3293 ἄπειρον’

1413 3238 1479 3281 δν,
1562 3219 1626 3278 εἰς
1701 3221 1908 3293 ἄπειρον
1955 3214 1983 3217 Ῠ
2020 3228 2236 3290 essent,
2265 3222 2325 3277 in
2353 3236 2639 3289 magnum
2666 3224 3066 3275 excreverunt.

304 3301 633 3363 ηὐξήθησαν.

2089 3311 2252 3365 Vers.
2300 3310 2393 3366 32.
2432 3310 2511 3364 Et
2564 3311 2632 3377 ﬁt
2688 3339 2757 3349 —
2810 3311 2959 3378 ejus.
2995 3309 3125 3363 Haec
3151 3306 3296 3363 dixit
3321 3307 3396 3361 ad
3428 3307 3674 3363 demon-

373 3396 475 3443 Καὶ
510 3397 708 3463 γίνεται
766 3423 833 3432 -
870 3393 1048 3447 αὐτοῦ.
1108 3401 1286 3445 Ταῦτα
1349 3392 1502 3461 εἶπεν,
1564 3395 1634 3455 εἰς
1686 3399 1906 3467 ἔμφασιν
2020 3419 2026 3455 ε

2020 3399 2362 3455 strationem
2402 3397 2830 3467 magnitudinis
2864 3412 2935 3451 ac
2977 3396 3273 3451 ﬁrmitatis
3335 3396 3487 3466 ejus,
3542 3395 3672 3461 Qui-

300 3486 390 3529 τοῦ
421 3482 696 3550 μεγέθους,
737 3486 827 3532 καὶ
882 3489 977 3542 τῆς
1033 3487 1364 3554 στερεότητος
1431 3484 1608 3537 αὐτοῦ.
1662 3488 1804 3546 Τινὲς
1850 3481 1909 3537 δὲ

2021 3488 2163 3543 dam
2194 3503 2329 3542 vero
2358 3502 2560 3542 ramos
2588 3486 2879 3540 sermonis
2910 3485 3067 3548 ﬁdei,
3095 3485 3373 3540 dixerunt
3399 3484 3670 3540 homines

298 3564 523 3629 κλάδους
555 3577 646 3620 τοῦ
694 3569 848 3640 λόγου
886 3578 975 3629 τῆς
1018 3575 1244 3629 πίστεως
1291 3568 1450 3635 εἷπον,
1497 3577 1613 3632 τοὺς
1642 3575 1907 3625 πιστεύον-

2022 3578 2348 3646 credentes,
2378 3577 2438 3631 in
2468 3574 2685 3647 quibus
2730 3590 2871 3631 aves
2916 3574 3049 3631 cceli
3081 3574 3203 3630 sive
3242 3573 3438 3645 angeli
3479 3572 3675 3629 nidiﬁ-

297 3674 385 3716 τας
417 3656 723 3731 ἀνθρώπους
776 3657 822 3708 ἐν
882 3654 958 3719 οἷς
1005 3667 1404 3716 κατασκηνοῦσι
1451 3663 1516 3711 τὰ
1562 3664 1767 3713 πετεινὰ
1817 3670 1908 3714 τοῦ

1005 3667 1404 3716 κατασκηνοῦσι
1451 3663 1516 3711 τὰ
1562 3664 1767 3713 πετεινὰ
1817 3670 1908 3714 τοῦ
2020 3669 2172 3729 cant,
2199 3669 2499 3721 servantes
2525 3680 2646 3721 eos.

300 3744 546 3817 ούρανοῦ,
590 3747 767 3818 ἤγουν,
798 3749 845 3798 οἱ
871 3747 1083 3818 ἄγγελοι
1110 3749 1446 3818 φυλάττοντες
1467 3750 1675 3810 αύτούς.

365 3832 577 3908 Ἐτεροι
657 3832 716 3887 δέ
790 3855 937 3907 φασι,
1020 3834 1242 3897 κλάδους
1341 3841 1450 3909 μὲν,
1534 3840 1623 3898 τάς
1702 3837 1906 3912 ἀρετὰς,

2089 3841 2200 3899 Alii
2229 3844 2426 3896 autem
2462 3838 2668 3894 dicunt
2694 3853 2896 3893 ramos
2926 3852 3058 3893 esse
3096 3839 3337 3893 virtutes
3367 3852 3519 3909 quas
3548 3852 3674 3907 ger-

298 3920 354 3982 ἂς
404 3922 722 3995 βλαστάνειν
780 3927 947 3976 εἴωθεν
993 3927 1017 3975 ό
1056 3925 1211 3995 λόγος
1265 3933 1355 3986 τῆς
1396 3931 1618 3988 πίστεως
1663 3947 1675 3959 ο
1708 3931 1911 3980 πετεινὰ

2020 3933 2249 3988 minare
2312 3928 2459 3984 solet
2509 3926 2645 3982 ﬁdei
2700 3942 2895 3983 sermo
2946 3944 2959 3982 :
3016 3942 3158 3983 aves
3219 3942 3361 3981 vero
3414 3941 3515 3981 eos
3569 3925 3672 3997 qui

306 4005 381 4076 δὲ,
420 4017 547 4073 τούς
600 4011 995 4086 ὑπερϐαίνοντας
1023 4016 1089 4065 τὰ
1142 4016 1307 4087 γεηρὰ
1353 4016 1654 4089 πράγματα,
1712 4020 1801 4068 καὶ
1840 4025 1910 4087 τῷ

2020 4027 2251 4079 terrena
2276 4016 2825 4089 supergrediuntur,
2859 4021 3038 4088 atque
3068 4016 3165 4072 ala
3191 4016 3407 4071 mentis
3437 4014 3671 4070 elevan-

309 4109 466 4172 πτερῷ
498 4108 596 4153 τοῦ
626 4108 715 4152 νοῦ
764 4102 1168 4174 κουφιζομένους
1218 4103 1286 4165 εἰς
1339 4104 1472 4175 ὕψος
1509 4110 1765 4177 γνώσεως,
1821 4112 1910 4159 καὶ

2020 4117 2115 4183 ων
2157 4109 2237 4165 ad
2269 4106 2620 4178 cognitionis
2663 4104 3036 4162 altitudinem
3080 4106 3187 4177 (Η-
3234 4110 3289 4160 et
3331 4104 3410 4160 ad
3449 4104 3670 4161 ccelum

309 4185 410 4256 (35)
438 4193 572 4263 πρὸς
604 4194 689 4241 τόν
721 4190 933 4265 οὐρανόν
967 4189 1348 4264 ἐπειγομένους.

730 4190 933 4265 νύρανόν
967 4189 1295 4264 ἐπειγομένου
1309 4213 1348 4254 ς.
2020 4197 2383 4273 properant).

375 4275 559 4335 Ἀλλην
592 4310 658 4317 —
692 4278 852 4350 ζύμη.
918 4282 1012 4332 Διά
1067 4284 1157 4352 μὲν
1205 4289 1294 4341 τῆς
1358 4281 1658 4355 παραϐολῆς
1709 4291 1801 4335 τοῦ
1834 4303 1911 4335 σι-

2088 4290 2255 4343 Vers.
2318 4286 2405 4341 33.
2458 4285 2651 4340 Aliam
2681 4314 2748 4324 —
2775 4284 3090 4353 fermento.
3150 4284 3252 4337 Per
3298 4281 3522 4353 sinapis
3565 4295 3674 4352 pa-

306 4364 461 4416 νάπεω
482 4388 522 4432 ς,
567 4372 660 4423 τὴν
711 4367 929 4429 αὔξησιν
980 4377 1074 4429 τῆς
1124 4374 1344 4430 πίστεως
1386 4377 1760 4446 προηγόρευσε,
1817 4378 1910 4432 τὴν

2021 4377 2313 4442 rabolam,
2368 4375 2506 4430 ﬁdei
2565 4377 2932 4429 crementum
3002 4371 3164 4443 prius
3221 4369 3669 4435 demonstravit,

308 4446 393 4503 διὰ
438 4464 549 4515 πῆς
605 4458 913 4528 προσθήκης
969 4467 1067 4509 τῶν
1108 4458 1352 4511 ἑκάστοτε
1391 4465 1734 4513 πιστευόντων
1770 4479 1782 4491 ·
1822 4460 1914 4514 διὰ
1948 4504 1961 4557 Ι

318 4534 348 4557 θ’
422 4552 442 4557 ..
674 4544 700 4557 Δ
733 4544 749 4557 ι
773 4553 793 4557 ...
912 4553 932 4557 ..
1015 4546 1067 4557 ι..
1294 4552 1302 4557 .
1393 4548 1404 4557 ι
1502 4552 1510 4557 .
1645 4551 1655 4557 .

2022 4464 2187 4535 quod
2229 4464 2295 4518 ﬁt
2330 4462 2629 4518 additione
2668 4476 2875 4516 eorum
2916 4459 3019 4531 qui
3069 4458 3332 4530 quotidie
3372 4458 3622 4514 credunt
3659 4473 3669 4510 :

307 4534 361 4591 δὲ
383 4552 488 4606 τῆς
525 4544 828 4616 παραϐολῆς
872 4553 966 4606 τῆς
1010 4546 1196 4618 ζύμης,
1251 4552 1339 4605 τὴν
1391 4548 1549 4619 ἰσχὺν
1596 4551 1758 4611 αὐτῆς
1787 4570 1910 4624 προ·
1948 4534 1960 4557 Ι

2025 4534 2123 4625 per
2158 4551 2512 4624 parabolam
2558 4566 2693 4605 vero
2744 4548 3035 4613 fermenti,
3078 4547 3201 4601 vim
3248 4549 3377 4620 ejus
3428 4546 3668 4618 prodiit.

306 4634 571 4701 κηρύττει.
608 4632 873 4686 Βασιλείαν
898 4637 998 4710 γὰρ
1053 4644 1152 4687 τῶν
1186 4637 1409 4711 οὐρανῶν
1437 4636 1607 4704 πάλιν,
1653 4642 1737 4690 τόν
1764 4639 1913 4711 λόγον

2024 4644 2293 4711 Regnum
2320 4640 2478 4696 enim
2505 4638 2790 4695 caelorum
2820 4652 3060 4692 rursum
3100 4651 3207 4706 pro
3236 4635 3374 4690 ﬁdei
3408 4650 3672 4690 sermone

310 4724 368 4774 τῆ
381 4740 401 4779 ς
420 4725 652 4783 πίστεως
682 4722 1025 4781 ὑποληπτέον,

867 4728 1025 4781 ττέον.
2024 4731 2382 4786 sumendum
2412 4732 2520 4784 est.

376 4805 470 4861 Ἠν
502 4839 571 4850 —
623 4816 764 4885 τρία.
825 4815 981 4865 Σάτον
1021 4817 1109 4885 μέν
1164 4813 1303 4866 ἐστιν
1357 4812 1496 4877 εἶδος
1550 4820 1738 4887 μέτρου
1790 4835 1913 4890 παρ’

2094 4821 2254 4874 Vers.
2290 4817 2374 4873 33.
2432 4813 2929 4883 Quod—tribus.
2987 4812 3193 4865 Satum
3250 4810 3433 4881 (quod
3493 4809 3668 4864 etiam

312 4892 582 4966 Ἑϐραίοις,
644 4905 777 4974 Τρία
844 4898 918 4967 δὲ,
970 4905 1036 4955 τὰ
1086 4902 1249 4955 πολλὰ
1286 4911 1373 4956 νῦν
1426 4908 1646 4977 εἴρηκεν.
1678 4905 1913 4957 Εἰώθασι

2023 4906 2209 4962 Graeci
2261 4908 2415 4957 σάτον
2468 4902 2692 4972 dicunt)
2744 4915 2931 4969 genus
2990 4902 3115 4953 erat
3162 4913 3455 4954 mensurte
3510 4896 3671 4968 apud

315 4984 410 5057 γὰρ
446 4986 697 5051 πολλάκις
743 4986 776 5042 ὃ
784 4992 835 5043 ιὰ
876 4998 967 5043 τοῦ
1022 4989 1245 5066 ἀριθμοῦ
1287 5001 1387 5044 τῶν
1438 4995 1610 5065 θριών,
1652 4996 1716 5046 τὰ
1752 4993 1913 5046 πολλὰ

2026 4994 2326 5050 Hebraeos.
2348 4995 2479 5049 Tria
2510 5007 2646 5047 vero
2675 5006 2837 5046 nunc
2868 4988 3008 5043 dixit
3039 4987 3259 5053 multa;
3294 5002 3432 5043 nam
3454 4985 3671 5058 saepius

380 5162 421 5198 ¹¹
455 5161 571 5220 Isa.
595 5182 655 5232 x,
686 5168 772 5222 23.
852 5169 899 5204 ¹²
926 5168 1079 5226 Psal.
1113 5184 1265 5236 mu,
1305 5168 1390 5223 t5.
1469 5170 1514 5205 1³
1542 5169 1703 5225 Prov.
1744 5186 1777 5236 Ι,
1811 5174 1863 5228 6.
1940 5170 1988 5206 ¹⁴
2022 5172 2033 5225 l

1605 5184 1703 5225 'ov.
1744 5186 1777 5236 Ι,
1811 5174 1863 5228 6.
1940 5170 1988 5206 ¹⁴
2022 5168 2227 5226 Ezech.
2259 5184 2397 5235 xvu,
2432 5170 2484 5223 2.
2516 5168 2568 5222 3.
2646 5168 2693 5203 1⁸
2717 5164 2896 5223 Hebr.
2928 5180 3008 5236 XI,
3049 5164 3140 5235 17,
3170 5166 3258 5224 19.

1522 5347 1745 5417 Variae
1768 5348 2095 5417 lectiones
2136 5355 2201 5414 et
2233 5355 2436 5413 notae.

520 5538 769 5624 Qﬁ'endo
795 5539 853 5595 in
882 5540 1034 5627 ὅλωνἐ
1063 5543 1396 5627 Henteniu‘s,
1428 5544 1714 5627 anguibus.
1745 5547 1907 5602 Forte
2016 5542 2487 5627 betAlj‘eptenius.
2520 5540 2707 5627 liabet
2739 5543 2935 5627 autem
2966 5556 3137 5596 meus
3172 5540 3242 5598 Β.
3282 5540 3344 5595 in
3373 5538 3660 5608 margine.

327 5612 685 5679 θιιεοὶπάντων
717 5612 961 5668 invenit.
997 5615 1157 5670 Certe
1186 5623 1283 5666 τῶν
1315 5614 1440 5669 ὅλων
1472 5616 1647 5672 debet
1686 5633 1833 5672 esse.

386 5678 493 5755 (33)
527 5685 646 5741 Hoc
678 5683 972 5743 scholium
1004 5685 1267 5753 inferius,
1297 5690 1432 5744 ante
1462 5702 1612 5745 vers.
1646 5688 1713 5745 36
1749 5688 1908 5746 exhi-

1472 5616 1647 5672 debet
1686 5633 1833 5672 esse.
2112 5617 2179 5671 34
2223 5615 2378 5670 Loco
2403 5613 2649 5670 laudato
2680 5616 2963 5670 θεινοὴσει
2987 5632 3058 5666 τε.

1471 5702 1612 5745 vers.
1646 5688 1713 5745 36
1749 5688 1908 5746 exhi-
2089 5615 2201 5761 235;
2246 5686 2378 5744 Haec
2409 5685 2659 5745 aberant
2690 5683 2854 5755 apud
2883 5681 3124 5741 Henteni

386 5678 493 5755 (33)
527 5685 646 5741 Hoc
678 5683 972 5743 scholium
1004 5685 1267 5753 inferius,
1297 5690 1432 5744 ante
1462 5702 1612 5745 vers.
1646 5688 1713 5745 36
1749 5688 1908 5746 exhi-
2089 5678 2201 5755 (35)
2246 5686 2378 5744 Haec
2409 5685 2659 5745 aberant
2690 5683 2854 5755 apud
2883 5681 3263 5741 Hentenium.
