4186 6318
526 279 626 335 411
1842 297 2138 354 EUTHYM

2245 298 2540 356 ZIGABEN
2545 301 2565 355 Ι
3779 308 3887 365 412

526 421 628 476 per
671 423 984 469 numerum
1027 417 1227 489 trium,
1264 419 1452 476 mluta
1486 421 1817 490 signiﬁcare
1863 423 2070 478 solent.
2112 429 2138 480 Ε

2245 431 2568 496 ,σημαίνειν.
2632 432 2731 479 Καὶ
2791 434 2920 499 γυνή
2981 432 3070 500 μὲν
3099 436 3305 496 νοεῖται,
3347 433 3377 490 ἡ
3434 437 3610 505 σοφία,
3645 438 3824 505 ἤγουν,
3859 436 3886 486 ό

525 496 736 551 mulier
778 499 1115 572 intelligitur
1164 509 1476 578 sapientia,
1527 511 1645 564 sive
1705 511 1828 582 ipse
1887 512 2138 568 Christus

2278 518 2528 586 Χριστὸς,
2589 512 2680 567 διὰ
2740 519 2795 569 τό
2844 522 3054 589 γόνιμον
3117 525 3205 571 καὶ
3269 524 3537 594 τρόφιμον.
3594 528 3748 593 Γεννᾴ
3777 525 3883 598 γὰρ

524 598 595 638 eo
634 587 794 656 quod
844 588 1046 647 fertilis
1097 595 1265 651 sitae
1319 599 1557 653 nutriat.
1605 599 1834 654 Fideles
1874 601 2170 672 siquidem

523 687 629 742 per
681 673 1062 746 baptismum
1108 691 1351 753 generat
1383 701 1602 758 eosque
1657 688 1792 743 cibo
1813 689 2165 758 dogmatum

519 760 654 815 ﬁdei
681 766 914 822 enutrit.
960 771 1268 828 Fermento
1302 778 1497 830 autem
1545 783 1928 848 comparatur
1971 794 2164 834 sermo

518 847 679 904 ﬁdei.
714 853 874 911 Sicut
930 859 1087 915 enim
1134 861 1491 919 fermentum
1529 847 1774 921 cumisit
1836 867 2162 937 modicum,

517 934 577 990 in
611 939 796 996 multa
825 949 1025 1002 tamen
1056 949 1246 1006 farina
1278 952 1719 1020 absconditum,
1752 970 1858 1026 per
1887 971 2162 1028 consper-

516 1025 746 1083 sionem
789 1031 868 1104 (q)
905 1040 1087 1091 totam
1121 1037 1374 1096 farinam
1411 1043 1466 1096 in
1513 1058 1699 1098 unum
1727 1025 1903 1098 simul
1941 1061 2160 1117 corpus

516 1114 662 1183 unit,
708 1122 763 1173 et
804 1121 865 1175 in
908 1123 1154 1182 alteram
1209 1131 1488 1200 speciem,
1533 1131 1611 1187 ab
1661 1147 1732 1188 ea
1769 1148 1954 1204 quam
2002 1114 2161 1204 prius

509 1201 776 1262 habebat
805 1212 1165 1271 transmutat
1205 1234 1218 1271 :
1251 1234 1506 1291 cumque
1546 1219 1742 1276 farina
1778 1201 1871 1276 res
1905 1221 1976 1277 sit
2004 1201 2158 1279 mor-

510 1292 633 1361 tua,
675 1309 810 1351 eam
858 1301 1312 1369 quodammodo
1351 1307 1636 1378 viviﬁcat,
1663 1325 1733 1364 ac
1772 1310 1890 1364 vim
1926 1310 2158 1367 habens

509 1380 788 1448 activam,
822 1402 1058 1444 sursum
1086 1394 1407 1450 ascendere
1437 1395 1594 1452 facit.
1627 1397 1711 1452 Ita
1741 1414 1981 1470 quoque
2020 1399 2156 1454 ﬁdei

508 1481 724 1538 sermo,
753 1487 891 1529 eum
923 1480 988 1530 ut
1017 1478 1236 1535 dictum
1266 1487 1373 1547 est,
1407 1485 1737 1555 quantitate
1760 1485 1832 1540 sit
1861 1487 2152 1556 modicus,

503 1553 566 1609 in
607 1557 924 1617 multorum
971 1567 1281 1625 hominum
1324 1553 1643 1630 animabus
1683 1575 2010 1630 occultatus
2050 1591 2154 1646 per

505 1642 859 1714 doctrinam,
891 1667 1100 1710 omnes
1132 1656 1193 1712 in
1233 1674 1421 1716 unum
1454 1661 1580 1717 unit
1611 1663 1878 1718 Ecclesiae
1911 1680 2138 1735 corpus,

2259 1660 2398 1725 εἶδος
2474 1664 2736 1728 πολιτείας
2817 1669 3058 1738 μεθιστᾷ,
3140 1673 3228 1720 καὶ
3310 1673 3520 1744 νεκροὺς
3577 1674 3728 1732 ὄντας
3792 1672 3868 1734 εἰς

505 1747 578 1787 ac
630 1735 687 1789 in
739 1739 984 1796 alteram
1035 1749 1500 1805 conversationis
1556 1752 1815 1822 speciem
1860 1757 2138 1809 transmu-

2258 1750 2505 1824 ἐνέργειαν
2573 1753 2774 1825 ἀρετῆς,
2818 1735 2980 1818 γζωοῖ
3024 1735 3151 1830 πρός
3227 1735 3473 1829 ἐργασίαν
3530 1759 3694 1821 αὐτῆς
3767 1765 3861 1812 καὶ

2274 606 2394 664 τοὺς
2433 607 2653 664 πιστοὺς
2693 601 2785 656 δια
2812 613 2905 657 τοῦ
2951 605 3339 680 βαπτίσματος,
3375 614 3462 661 καὶ
3493 615 3657 684 τρέφει
3690 611 3883 674 αὐτούς

3596 699 3734 772 ζύμῃ
3796 697 3880 770 δὲ,

2272 780 2298 830 ό
2340 778 2491 850 λόγος
2520 788 2615 842 τῆς
2652 785 2871 842 πίστεως
2925 784 3316 856 παρεικάξεται,
3377 783 3516 838 διότι
3565 789 3796 860 καθάπερ
3845 790 3878 846 ἡ

2273 868 2433 939 ζύμη,
2469 868 2615 939 ὀλίγη
2656 889 2735 931 τις
2790 867 2941 936 οὖσα,
3004 877 3093 924 xui
3146 873 3217 934 εἰς
3269 874 3395 925 πολὺ
3446 874 3657 949 ἀλευρον
3690 875 3880 950 ἐγκρυ-

2270 955 2440 1022 ϐεῑσα,
2472 954 2564 1008 διὰ
2611 967 2704 1020 τῆς
2747 958 3109 1032 όιναφυράσεως
3163 962 3273 1013 ὅλον
3323 966 3381 1014 τό
3433 963 3647 1034 ἄλευρον
3701 965 3769 1026 εἰς
3832 965 3881 1017 ’ἐν

2272 698 2334 762 τῇ
2397 690 2594 765 βρώσει
2652 701 2745 744 τῶν
2804 691 3080 766 δογμάτων
3118 704 3214 758 τῆς
3256 701 3479 760 πίστεως
3529 739 3540 752 .

2270 1053 2421 1116 σῶμα
2452 1054 2669 1116 συνενοῖ,
2707 1052 2796 1099 καὶ
2854 1048 2924 1109 εἰς
2981 1048 3148 1122 ἕτερον
3206 1046 3363 1120 εἶδος,
3423 1055 3558 1124 παρὸ
3623 1056 3878 1126 πρότερον

2269 1130 2399 1204 εἶχε,
2432 1136 2675 1206 μεθιστᾷ,
2723 1141 2810 1187 καὶ
2857 1139 3030 1209 νεκρὸν
3063 1136 3134 1202 ὃν,
3183 1142 3369 1213 τρόπον
3413 1141 3551 1208 τινὰ,
3603 1141 3750 1207 ζωοῖ,
3784 1147 3878 1194 καὶ

2265 1222 2369 1272 ἄνω
2400 1220 2597 1294 βαίνειν
2650 1226 3062 1298 παρασκευάζει,
3120 1222 3339 1298 δύναμιν
3395 1230 3602 1299 ἔχουσα
3653 1226 3880 1302 δραστι-

2263 1314 2378 1368 κήν.
2436 1311 2588 1362 Ούτω
2618 1316 2708 1364 καὶ
2745 1314 2770 1364 ὁ
2814 1312 2966 1384 λόγος
2995 1322 3086 1375 τῆς
3138 1319 3384 1382 πίστεως,
3439 1315 3610 1387 ὀλίγος
3669 1318 3759 1383 ὡν,
3811 1320 3879 1379 ὡς

2262 1403 2582 1472 προείρηται,
2624 1409 2686 1472 τῇ
2741 1406 3014 1468 ποσότητι,
3071 1408 3160 1454 καὶ
3208 1404 3619 1476 ἐγκρυπτόμενος
3663 1405 3876 1478 ψυχαῖς

2259 1487 2454 1539 πολλῶν
2505 1488 2782 1560 ἀνθρώπων
2823 1487 2917 1542 διὰ
2962 1499 3057 1563 τῇς
3117 1487 3493 1555 διδασκαλίας,
3556 1496 3753 1554 πάντας
3797 1495 3873 1556 εἰς

2259 1573 2307 1626 ἓν
2355 1585 2506 1647 σῶμα
2574 1586 2663 1637 τῆς
2738 1577 3048 1640 Ἐκκλησίας
3129 1588 3346 1646 συνενοί,
3402 1587 3491 1633 καὶ
3570 1587 3638 1642 εὶς
3698 1583 3871 1655 ἕτερον

2259 1660 2398 1725 εἶδος
2474 1664 2736 1728 πολιτείας
2817 1669 3058 1738 μεθιστᾷ,

505 1824 606 1886 tat,
641 1840 898 1897 cumque
946 1835 1161 1889 mortui
1214 1837 1328 1892 sint
1379 1838 1452 1894 ad
1511 1855 1694 1910 opera
1768 1841 2013 1908 virtutis,
2069 1842 2146 1897 vi-

503 1909 701 1967 viﬁcat
731 1915 804 1968 ad
834 1919 884 1988 ej
898 1935 962 1973 us
993 1925 1399 1992 operationem
1435 1945 1448 1982 :
1476 1933 1530 1982 et
1551 1909 1804 1984 sursum
1830 1931 2148 1988 ascendere

502 1996 644 2052 facit
699 2001 777 2056 ad
832 2007 1050 2064 caelum
1105 2014 1425 2086 omniaque
1481 2015 1656 2072 efﬁcit
1710 2033 1816 2073 sua
1861 2018 2148 2075 ineffabili

500 2089 782 2158 potentia.

572 2177 728 2265 Vers.
777 2181 866 2249 33,
909 2185 1101 2244 Donec
1144 2221 1212 2230 ——
1254 2197 1468 2250 totum.
1507 2196 1707 2265 Neque
1755 2195 1919 2252 enim
1949 2196 2010 2251 in
2041 2197 2143 2252 ho-

494 2263 730 2322 minum
763 2272 1081 2332 animabus
1107 2281 1468 2337 occultatum
1492 2263 1776 2354 quiescet,
1799 2285 1985 2341 donec
2013 2301 2146 2342 om-

491 2369 600 2409 nes
629 2355 690 2411 in
746 2374 929 2419 unum
968 2367 1195 2432 unierit,
1241 2386 1392 2442 quos
1453 2372 1744 2443 sapientia
1808 2373 1910 2430 illa
1952 2375 2139 2446 praeﬁ-

493 2443 656 2512 nivit,
735 2463 870 2519 quae
929 2456 1200 2512 omnium
1258 2465 1484 2516 mentes
1529 2464 1944 2532 praecognovit.
1991 2467 2141 2521 Nam

493 2532 606 2588 tria
649 2539 779 2592 sata
822 2556 1177 2614 quanquam
1227 2547 1657 2616 signiﬁcatione
1697 2551 2140 2610 multitudinem

493 2619 920 2693 demonstrent,
1005 2635 1260 2689 attamen
1300 2652 1552 2693 numero
1603 2639 1849 2695 tandem
1902 2640 2142 2698 deﬁnita

495 2713 650 2763 sunt.
684 2714 896 2781 Magna
933 2733 1074 2787 ergo
1093 2729 1179 2773 est
1209 2724 1648 2792 praedicationis
1674 2727 1860 2782 virtus
1897 2745 1909 2782 :
1951 2730 2141 2799 quod-

495 2809 615 2887 que
636 2799 816 2853 semel
853 2801 1272 2863 fermentatum
1305 2817 1410 2874 est,
1449 2828 1688 2867 rursum
1714 2814 1955 2886 reliquae
1987 2819 2138 2887 parti

493 2882 852 2942 fermentum
872 2889 989 2946 ﬁet.
1016 2894 1271 2958 Quidam
1289 2902 1485 2954 autem
1525 2900 1779 2957 farinam
1806 2882 2007 2960 dicunt
2036 2905 2141 2961 ho-

495 2969 691 3025 mines
728 2989 740 3026 :
771 2980 901 3033 sata
931 2995 1067 3035 vero
1085 2982 1191 3038 tria
1221 2985 1342 3041 sive
1365 2990 1478 3042 tres
1504 2991 2134 3063 mensuras,_Judaeos,

495 3059 898 3122 Samaritanos
939 3072 996 3124 et
1027 3069 1282 3129 Graecos.

564 3149 725 3207 Vers.
767 3156 855 3222 34,
887 3157 976 3212 35.
1004 3159 1145 3215 ch
1171 3193 1238 3202 —
1266 3166 1483 3220 sweuli.
1527 3166 1661 3222 Sine
1696 3168 1987 3238 parabola
2012 3185 2134 3226 non

486 3235 839 3310 loquebatur
903 3246 1008 3311 eis,
1063 3251 1329 3322 tempore
1390 3253 1491 3309 illo
1551 3235 1877 3312 videlicet:
1945 3258 2134 3315 multa

485 3326 642 3382 enim
707 3331 927 3401 saepius
977 3334 1092 3390 illis
1163 3339 1395 3395 loeutus
1460 3346 1547 3398 est
1605 3343 1729 3399 sine
1782 3346 2129 3416 parabolis;

483 3415 626 3468 tune
662 3424 880 3505 autem
933 3438 1038 3493 per
1097 3427 1418 3497 parabolas
1483 3415 1839 3503 loquebatur
1899 3435 2003 3505 eis,
2067 3440 2130 3492 ut

480 3503 875 3574 compleretur
909 3514 1067 3582 quod
1100 3514 1324 3572 dictum
1382 3518 1572 3575 fuerat
1603 3536 1706 3591 per
1737 3522 1921 3577 David
1955 3503 2021 3577 ιδ.
2057 3524 2129 3580 At

478 3591 776 3683 translatio
829 3597 1217 3670 Septuaginta
1273 3604 1659 3677 interpretum
1698 3609 1878 3664 habet
1913 3611 2127 3683 φθέγξο-

475 3699 572 3752 μαι
609 3682 954 3756 προϐλήματα
985 3690 1071 3741 ἀπ’
1117 3689 1288 3766 ἀρχῆς
1338 3695 1547 3767 loquar
1597 3697 1962 3766 problemata
2007 3682 2126 3758 eive

473 3772 887 3839 propositiones
922 3776 1195 3836 obscuras
1225 3783 1299 3837 ab
1328 3784 1516 3840 initio.
1551 3785 1658 3850 Qui
1699 3803 1840 3844 vero
1861 3805 2123 3860 praesens

478 3860 864 3928 Evangelium
903 3864 963 3920 in
991 3866 1251 3926 Graecam
1278 3873 1571 3930 transtulit
1607 3875 1899 3946 linguam,
1937 3877 2118 3935 dixit:

471 3948 782 4022 Ἐρεύξομαι
882 3963 1209 4029 κεκρυμμένα
1311 3959 1410 4013 ἀπὸ
1504 3963 1797 4025 καταϐολῆς
1897 3970 2117 4039 κόσμου,

472 4037 777 4096 Eructabo
825 4043 1169 4102 abscondita
1199 4063 1236 4102 a
1271 4051 1680 4106 constitutione
1733 4056 1957 4111 mundi.
1997 4037 2119 4112 iHe-

474 4124 685 4180 braicis
733 4143 995 4198 prassens
1051 4132 1432 4201 dictionibus,
1489 4153 1624 4208 quae
1673 4143 1729 4195 et
1758 4141 1887 4196 haec
1919 4148 1974 4198 et
2019 4144 2121 4203 illa

473 4212 831 4301 signiﬁcant.
878 4216 1036 4271 Sicut
1066 4225 1260 4275 eructo
1296 4221 1592 4291 signiﬁcat
1657 4227 1835 4284 etiam
1878 4231 2114 4301 loquor;

470 4305 527 4356 et
608 4300 692 4355 illi
748 4302 1092 4376 προϐλήματα
1163 4309 1434 4367 dixerunt
1491 4312 1790 4386 αἰνίγματα,
1848 4300 2000 4374 sicut
2063 4327 2118 4379 et

466 4388 676 4460 Aquila
731 4394 976 4447 testatus
1015 4401 1122 4450 est.
1192 4398 1528 4468 Enigmata
1588 4419 1725 4460 vero
1765 4413 1901 4464 sunt
1939 4409 2114 4466 etiam

2173 3118 2214 3175 C

464 4478 823 4547 evangelicae
858 4483 1184 4552 parabolae.
1223 4488 1747 4552 Quemadmodum
1790 4496 1948 4553 enim
1981 4500 2116 4554 aani-
2146 4461 2192 4518 Β

464 4569 670 4635 gmata
698 4567 1104 4628 absconditam
1135 4573 1360 4632 habent
1390 4580 1717 4646 veritatem,
1760 4581 1844 4639 ita
1879 4601 2022 4642 sane
2058 4594 2114 4645 et

460 4652 592 4709 illae.
620 4656 786 4719 Quod
813 4663 1012 4715 autem
1051 4661 1264 4718 dicitur
1296 4683 1308 4719 :
1359 4669 1402 4720 A
1448 4670 1851 4728 constitutione
1887 4677 2107 4741 saeculi,

458 4741 619 4799 idem
677 4745 970 4816 signiﬁcat
1024 4752 1206 4822 quod,
1266 4753 1354 4810 Ab
1406 4756 1574 4814 initio
1626 4761 1839 4815 mundi.
1885 4763 2110 4820 Marcus

457 4846 595 4888 vero
621 4832 769 4891 dixit
789 4856 802 4892 :
822 4835 901 4892 Et
925 4837 1270 4908 hujusmodt'
1285 4847 1584 4912 parabolis
1609 4850 1812 4904 multis
1837 4851 2106 4922 loqueba-

461 4925 562 4976 tur
587 4924 665 4978 eis
698 4939 1023 4984 sermonem
1061 4935 1239 4998 prout
1301 4939 1577 5002 poterant
1635 4937 1838 4995 audire
1887 4940 1954 5006 1⁷,
1994 4941 2110 5000 hoc

531 5097 578 5135 ιθ
608 5097 764 5157 Ρειιιι
804 5116 1017 5170 Lxxvu,
1057 5106 1111 5162 2.
1191 5107 1236 5145 1⁷
1265 5108 1444 5170 Marc.
1474 5128 1551 5182 ιν,
1581 5117 1672 5172 33.

2257 1841 2360 1891 ἄνω
2392 1839 2586 1912 βαίνειν
2647 1846 2770 1917 πρὸς
2818 1843 3030 1916 οὐρανόν
3088 1847 3499 1920 παρασκευάζει,
3539 1853 3630 1900 καὶ
3689 1851 3866 1902 πάντα

2255 1936 2410 1996 ποιεῖ,
2447 1926 2667 2002 δύναμιν
2693 1934 2829 2003 ἔχων
2860 1933 3097 2003 ἄφατον(

2321 2193 2448 2255 Ἐως
2493 2227 2560 2234 -
2621 2197 2753 2248 ὅλον.
2817 2197 2891 2249 Οὐ
2948 2202 3195 2257 στήσεται
3267 2201 3392 2273 γὰρ,
3452 2199 3866 2274 ἐγκρυπτόμενος

2252 2289 2365 2344 ταῖς
2393 2283 2602 2355 ψυχαῖς
2657 2292 2756 2336 τῶν
2811 2284 3108 2360 ἀνθρώπων,
3144 2287 3232 2347 ἕως
3284 2288 3344 2338 οὗ
3397 2287 3654 2341 ἐνωθῶσιν
3683 2291 3752 2351 εἰς
3811 2293 3864 2345 ἓν

2250 2373 2450 2441 πάντες,
2493 2373 2583 2434 οὖς
2627 2378 2910 2446 προώρισεν
2957 2376 2986 2432 ἠ
3039 2377 3242 2427 πάντων
3289 2377 3377 2436 τὰς
3423 2382 3627 2449 γνώμας
3675 2398 3857 2454 προγι-

2249 2465 2526 2512 νώσκουσα
2557 2466 2732 2533 σοφία.
2790 2465 2867 2514 Τὰ
2893 2465 2995 2535 γὰρ
3051 2467 3172 2538 τρία
3226 2466 3382 2532 σάτα,
3433 2465 3477 2517 εἰ
3523 2470 3613 2519 καὶ
3658 2475 3723 2539 τῇ
3759 2468 3860 2541 ἐμ-

2251 2551 2400 2620 φάσει
2453 2549 2646 2612 πλῆθος
2695 2548 2966 2615 δηλοῦσιν,
3002 2550 3128 2603 ἀλλὰ
3180 2561 3253 2623 τῷ
3303 2552 3507 2626 ἀριθμῷ
3550 2574 3858 2628 πεπερατω-

2249 2641 2375 2708 μένα
2399 2641 2518 2698 τέως
2558 2639 2680 2692 εἰσί.
2716 2639 2882 2697 Πολλὴ
2917 2636 3003 2692 οὖν
3035 2647 3125 2692 τοῦ
3153 2645 3493 2714 κηρύγματος
3531 2645 3560 2702 ἡ
3606 2641 3853 2718 δύναμις,

2247 2730 2335 2778 καὶ
2377 2730 2436 2777 τό
2494 2727 2726 2798 ζυμωθεν
2778 2727 2936 2793 ἅπαξ,
2981 2728 3120 2800 ζύμη
3165 2731 3318 2782 πάλιν
3367 2739 3438 2801 τῷ
3493 2731 3655 2804 λοιπῷ
3705 2739 3850 2808 μέρει

2245 2818 2456 2885 γίνεται.
2508 2819 2650 2876 Τινὲς
2703 2812 2762 2868 δε
2811 2815 3018 2889 ἄλευρον
3058 2819 3148 2889 μὲν
3196 2817 3427 2889 λέγουσι,
3480 2825 3597 2881 τοὺς
3643 2818 3842 2893 ἀνθρώ-

2248 2922 2377 2963 πους
2419 2921 2430 2932 ³
2484 2905 2618 2956 σάτα
2671 2901 2749 2968 δὲ,
2795 2905 2931 2970 ἦτοι,
2992 2910 3156 2980 μέτρα
3193 2912 3333 2979 τρία,
3366 2912 3484 2970 τοὺς
3536 2905 3835 2980 Ἰουδαίους,

2246 2996 2367 3054 τοὺς
2396 2998 2733 3067 Σαμαρείτας,
2762 2999 2850 3046 καὶ
2881 2997 2999 3056 τοὺς
3021 2994 3284 3056 Ἕλληνας.

2314 3177 2491 3222 Ταῦτα
2544 3202 2612 3210 -
2663 3175 2885 3242 κόσμου.
2945 3175 3121 3245 Χωρὶς
3183 3172 3487 3245 παραϐολῆς
3540 3174 3633 3227 οὐκ
3682 3175 3850 3230 ἐλάλει

2241 3257 2434 3326 αὐτοῖς,
2487 3261 2618 3310 κατὰ
2663 3262 2749 3310 τὸν
2806 3262 2983 3331 καιρόν
3040 3257 3247 3324 ἐκεῖνον,
3282 3257 3512 3320 δηλαδή.
3549 3262 3718 3316 Πολλὰ
3747 3267 3848 3339 γὰρ

2238 3345 2483 3408 πολλάκις
2531 3345 2771 3404 ἐλάλησεν
2808 3347 3004 3412 αὐτοῖς,
3055 3347 3194 3418 δίχα
3224 3348 3524 3423 παραϐολῆς
3561 3367 3573 3380 ·
3633 3357 3748 3405 τότε
3789 3351 3852 3407 δὲ

2240 3431 2335 3486 διὰ
2389 3433 2692 3508 παραϐολῶν
2758 3434 2920 3487 ἐλάλει
2989 3436 3183 3502 αὐτοῖς,
3283 3439 3365 3488 ἳνα
3439 3439 3685 3512 πληρωθῇ
3755 3447 3849 3495 καὶ

2235 3526 2290 3576 τό
2319 3525 2472 3597 ῥηθὲν
2526 3520 2616 3576 διὰ
2650 3531 2740 3576 τοῦ
2791 3521 2976 3576 Δαυῖδ·
3039 3524 3174 3576 Ἀλλ’
3230 3527 3259 3583 ἡ
3312 3527 3402 3597 μεν
3461 3527 3704 3602 ἑρμηνεία
3743 3539 3845 3582 τῶν

2233 3608 2642 3683 Ἐϐδομὴκοντα,
2726 3612 3012 3685 φθέγξομαι
3092 3612 3439 3686 προϐλήματα
3511 3614 3600 3668 ἀπ’
3662 3614 3845 3689 ἀρχῆς

2233 3700 2452 3775 ἔγραψεν
2487 3717 2503 3733 ⁶
2531 3700 2589 3752 ⁸0
2622 3697 2680 3753 δὲ
2722 3705 2780 3753 τὸ
2828 3705 2990 3777 παρὸν
3025 3701 3332 3773 Εύαγγέλιον
3373 3703 3443 3765 εἰς
3485 3708 3577 3762 τὴν
3614 3701 3842 3758 Ἑλλάδα

2954 3789 3264 3864 Ἐρεύξομαι
3351 3796 3678 3864 κεκρυμμένα
3734 3792 3839 3847 ἀπὸ

2230 3878 2521 3940 καταϐολῆς
2571 3884 2791 3951 κόσμου,
2871 3882 3062 3954 εἴρηκε,
3138 3887 3254 3942 ταῖς
3323 3879 3613 3953 Ἑϐραϊκαῖς
3665 3880 3841 3945 λέξεσι

2228 3973 2502 4039 προσχὼν,
2555 3970 2742 4028 αῖτινες
2768 3972 2857 4020 xui
2914 3976 3076 4020 ταῦτα
3104 3965 3317 4020 κάκεῖνα
3361 3965 3604 4026 δηλοῦσι.
3640 3975 3739 4022 Kui
3776 3975 3838 4024 τὸ

2228 4058 2519 4128 Ερεύγομαι
2569 4058 2689 4130 γὰρ,
2751 4059 2808 4108 τό
2865 4058 3162 4128 Φθέγγομαι
3219 4061 3486 4129 σημαίνει,
3553 4062 3652 4111 Καὶ
3700 4078 3836 4132 προ-

2229 4142 2468 4215 ϐλόματα
2501 4143 2704 4211 ἐκεῖνοι,
2752 4147 2818 4196 τὰ
2865 4145 3149 4217 αἰνίγματα
3203 4142 3364 4212 εἷπον,
3397 4148 3466 4207 ὡς
3518 4151 3607 4198 καὶ
3656 4145 3836 4219 ό(36)

2243 4234 2445 4294 Ακύλας
2500 4231 2874 4306 ἐμαρτύρησεν.
2958 4234 3254 4306 Αἰνίγματα
3313 4231 3372 4286 δέ
3445 4234 3575 4286 εἰσιν
3633 4241 3722 4287 καὶ
3777 4238 3832 4288 αἱ

2227 4320 2556 4392 εὖαγγελικαὶ
2608 4321 2917 4396 παραϐολαί.
2975 4325 3214 4395 Καθάπερ
3273 4325 3374 4396 γὰρ
3428 4325 3492 4375 τα
3545 4323 3833 4395 αἰνίγματα

2225 4413 2578 4483 κεκρυμμένην
2656 4413 2846 4482 ἔχουσι
2925 4414 3017 4468 τὴν
3090 4409 3354 4478 ἀλήθειαν,
3412 4410 3546 4463 οὕτω
3608 4407 3676 4469 δὴ
3740 4416 3830 4464 καὶ

2225 4498 2399 4552 αὗται.
2460 4504 2559 4552 Καὶ
2606 4503 2664 4552 τό
2741 4499 2865 4553 Ἀπὸ
2963 4498 3248 4560 καταϐολῆς
3323 4497 3382 4552 δὲ
3452 4503 3675 4570 κόσμου,
3748 4502 3827 4568 τὸ,

2224 4585 2309 4638 ἀπ’
2341 4586 2515 4660 ἀρχῆς
2571 4593 2793 4660 κόσμου,
2849 4585 3022 4646 δηλοῖ.
3075 4587 3133 4640 Ὀ
3179 4584 3237 4640 δὲ
3277 4589 3491 4662 Μάρκος
3538 4584 3693 4652 εἶπεν,
3751 4589 3826 4638 ὅτι

2224 4681 2323 4728 Καὶ
2385 4680 2652 4739 τοιαύταις
2729 4676 3048 4751 παραϐολαῖς
3105 4675 3320 4737 πολλαὶς
3401 4674 3566 4727 ἐλάλει
3649 4675 3821 4734 αὐτοῖς

3253 4763 3477 4830 ἀκούειν,
3562 4767 3821 4831 τουτέστι,

2230 3789 2474 3860 γλῶσσαν
2551 3789 2869 3862 μεταϐαλὼν,

2219 4768 2305 4816 τὸν
2387 4765 2554 4838 λόγον,
2629 4768 2801 4826 καθὼς
2897 4762 3151 4824 ἠδύναντο

2218 4856 2391 4916 καθὼς
2447 4853 2580 4914 ἦσαν
2637 4854 2774 4918 ἆξιοι
2820 4853 3021 4907 ἀκούειν
3071 4853 3119 4906 oi
3158 4859 3482 4928 Γραμματείς
3533 4857 3623 4906 καὶ
3672 4859 3826 4914 Φαςι-

2221 4950 2382 4999 σαίοι.
2447 4944 2594 4999 Ἐπεὶ
2634 4947 2734 5020 γὰρ
2798 4943 2856 4996 οὐ
2915 4939 3009 4997 διὰ
3057 4946 3116 4996 τὸ
3161 4941 3488 5016 ὠφεληθῆναι
3544 4943 3822 5015 ἠκροῶντο,

1672 5240 1898 5312 Variae
1931 5244 2354 5336 leetionesiet
2384 5255 2586 5313 notae.

522 5417 636 5492 (36)
679 5420 791 5487 Qui
848 5421 1071 5483 scilicet
1129 5430 1182 5485 et
1213 5428 1341 5501 ipse
1385 5431 1518 5490 loco
1581 5435 1760 5494 habet
1825 5442 2130 5513 αἰνίγματα.

530 5597 608 5673 (α)
634 5599 1148 5674 Consperstonem.
1175 5605 1694 5672 Commistionem.
