4186 6318
329 311 445 367 413

1336 320 1704 379 COMMENT.
1745 324 1816 378 IN
1854 324 2302 385 MATTHAEUM.
2334 362 2402 370 —
2428 331 2581 387 CAP.
2613 332 2760 388 XIII.

3586 338 3689 393 414

312 435 455 489 ἀλλά
486 435 579 490 διὰ
608 441 665 491 τό
710 438 1000 511 ἐπηρεάσαι
1036 450 1137 503 τοῖς
1180 442 1339 495 αὐτοῦ
1368 445 1557 517 λόγοις,
1606 447 1655 499 ἐν
1700 448 1881 525 παραϐι

2036 456 2123 508 est
2147 457 2445 525 quatenus
2476 457 2641 526 digni
2679 464 2845 516 erant
2882 460 2959 517 ad
3005 460 3376 519 audiendum
3419 462 3601 518 Sribre
3632 467 3688 519 et

310 523 437 585 λαῐς
469 526 646 588 αὐτοῖς
690 527 952 595 ἐλάλησεν,
990 531 1070 582 ἶνα
1098 536 1186 583 καὶ
1234 533 1388 594 αὐτὸς
1439 540 1496 587 τό
1542 537 1725 589 οἰκεῖον
1777 541 1922 613 ἔργον

312 615 399 670 εἴη
432 615 662 689 πληρῶν,
696 622 784 669 καὶ
829 618 975 671 αὐτοὶ
1023 625 1094 690 μὴ
1134 628 1382 692 νοοῦντες,
1428 624 1461 674 α’
1489 624 1642 696 λέγει,
1680 633 1920 698 μείνωσιν

311 703 606 777 ἄπρακτοι.

386 973 512 1022 Τότε
572 1001 642 1011 -
701 972 931 1035 Ἰησοῦς,
996 975 1082 1035 Εἰς
1139 980 1231 1034 τὴν
1295 978 1481 1049 οἰκίαν,
1544 981 1594 1033 ἐν
1759 982 1912 1047 ἐξενο-

309 1054 552 1130 ὃοχεῖτο.

392 1153 490 1199 Καὶ
517 1148 815 1220 προσῆλθον
861 1183 924 1191 -
956 1151 1138 1224 ἀγροῦ.
1176 1155 1321 1207 Κατά
1350 1162 1506 1229 μόνας
1545 1163 1673 1230 μετὰ
1706 1161 1909 1236 παρρη-

316 1240 441 1295 σίας
484 1234 756 1309 ἐρωτῶσιν,
813 1241 882 1300 ὡς
931 1239 1243 1305 ἀκούσαντες
1289 1250 1555 1321 πρότερον,
1605 1251 1681 1301 ὅτι
1737 1251 1909 1311 αὐτοῖς

312 1320 531 1376 δέδοται
577 1335 764 1396 γνῶναι
815 1331 881 1380 τὰ
911 1337 1200 1405 μυστήρια.
1238 1340 1362 1407 Περὶ
1407 1320 1569 1407 μόνης
1608 1334 1665 1390 δὲ
1709 1342 1905 1403 ταύτης

302 1420 400 1471 τῆς
428 1413 721 1485 παραϐολῆς
772 1417 1051 1491 ἐρωτῶσιν,
1104 1423 1171 1482 ως
1201 1425 1289 1483 τὰς
1319 1423 1474 1486 ἄλλας
1510 1422 1607 1478 δύο
1654 1433 1902 1496 συνέντες,

299 1506 394 1558 τήν
419 1520 473 1553 τε
496 1510 586 1554 τοῦ
620 1506 892 1571 σινάπεως,
935 1513 1022 1559 καὶ
1050 1514 1142 1568 τὴν
1182 1520 1277 1572 τῆς
1313 1516 1500 1584 ζύμης,
1534 1514 1622 1567 ἅτε
1656 1523 1903 1589 σαφεστέ-

297 1607 403 1661 ρας
445 1592 627 1650 οὔσας.
680 1594 821 1651 Αὕτη
873 1591 931 1647 δε
978 1602 1066 1648 καὶ
1118 1598 1333 1672 φοϐερὰν
1381 1598 1520 1672 εἶχεν
1559 1602 1770 1663 ἀπειλὴν
1821 1606 1904 1659 ἐπὶ

298 1676 458 1744 τέλει,
493 1678 815 1752 θορυϐοῡσαν
841 1682 1045 1745 αύτούς.

2034 542 2329 599 Pharisaei.
2363 549 2509 601 Nam
2542 548 2683 618 quia
2721 564 2842 604 non
2882 550 2955 605 ad
2989 553 3349 608 sumendam
3381 552 3678 609 utilitatem

2030 631 2376 703 audiebant,
2432 635 2535 689 sed
2582 636 2660 690 ad
2723 640 3067 696 struendam
3133 642 3504 697 sermonibus
3547 642 3675 712 ejus

2029 719 2392 777 calumniam
2440 740 2452 776 :
2503 722 2565 777 in
2618 725 2919 795 parabolis
2969 728 3202 783 locutus
3246 734 3334 784 est
3368 730 3450 785 eis
3480 739 3575 784 :ut
3619 734 3674 787 et

2026 807 2152 877 ipse
2206 825 2379 865 suum
2438 826 2591 882 opus
2664 813 3034 885 adimpleret,
3090 821 3142 872 et
3197 818 3275 872 illi
3331 834 3450 873 non
3504 819 3668 874 intel-

2023 897 2270 966 ligentes
2308 916 2442 971 quae
2491 902 2727 969 diceret,
2786 920 2890 974 per
2946 904 3046 961 illa
3098 907 3242 961 nihil
3292 910 3665 979 proﬁcerent.

2092 986 2263 1044 Vers.
2302 990 2389 1045 36.
2447 992 2611 1047 Tunc
2660 1024 2728 1031 —
2775 994 2960 1048 Jesus.
3010 996 3074 1050 In
3109 995 3358 1051 domum
3405 998 3509 1053 ubi
3535 999 3670 1054 hos-

2022 1076 2337 1146 pitabatur.

2022 1236 2032 1247 .
2092 1164 2254 1223 Vers.
2279 1170 2371 1222 36.
2403 1169 2484 1223 Et
2513 1177 2894 1225 accesserunt.
2924 1202 2979 1211 —
3021 1175 3174 1241 agri.
3204 1172 3460 1228 Seorsim
3492 1173 3671 1230 libere

2017 1252 2490 1323 lnterrogabant,
2547 1261 2610 1311 ut
2639 1258 2735 1328 qui
2763 1258 2926 1329 prius
2964 1259 3271 1315 audierant
3324 1261 3530 1316 datum
3560 1262 3672 1317 illis

2016 1355 2148 1395 esse
2164 1347 2479 1399 utnossent
2512 1347 2805 1415 mysteria.
2836 1347 2916 1403 De
2935 1348 3061 1403 sola
3078 1364 3218 1402 vero
3236 1348 3349 1404 hac
3381 1347 3669 1418 parobola

2015 1429 2403 1499 interrogant,
2421 1436 2622 1503 utpote
2642 1434 2901 1507 reliquas
2917 1437 3140 1491 duasin
3154 1436 3501 1506 telligentes,
3521 1440 3667 1507 puta

2014 1516 2088 1571 de
2121 1518 2317 1590 sinapi
2347 1524 2403 1576 et
2431 1520 2503 1576 de
2527 1520 2837 1589 fermento,
2872 1529 3158 1596 tanquam
3203 1524 3661 1582 manifestiores.

2013 1607 2145 1661 Haec
2222 1612 2419 1662 autem
2472 1608 2959 1667 formidabiliores
3010 1611 3168 1671 circa
3230 1613 3415 1669 ﬁnem
3465 1614 3659 1670 minas

2010 1694 2290 1761 habebat,
2324 1712 2458 1767 qure
2488 1697 2650 1769 ipsos
2680 1702 3066 1757 exterrebant.

377 1766 436 1816 ⁷0
498 1763 556 1818 δὲ
610 1767 908 1841 ἀποκριθεὶς
959 1804 1024 1813 —-
1084 1773 1368 1848 ἄνθρωπον.
1424 1781 1542 1830 Υἱόν
1608 1779 1878 1854 ἀνθρώπου

2082 1783 2241 1839 Vers.
2269 1763 2365 1838 37:
2403 1763 2761 1854 Respondens
2792 1795 2987 1845 autem
3033 1822 3102 1830 ——
3141 1790 3408 1846 hominis.
3448 1791 3654 1847 Filium

301 1852 490 1906 ἑαυτὸν
558 1855 821 1928 ὀνομάζει,
867 1858 960 1912 διὰ
1021 1866 1113 1920 τὴν
1159 1870 1463 1936 φαινομένην
1514 1866 1900 1943 ἐνανθρώπησιν

297 1942 486 1997 αὐτοῦ.
538 1950 637 1997 Καὶ
685 1955 834 1999 τοῦτο
880 1960 1112 2021 συνεχῶς
1158 1952 1308 2024 λέγει,
1361 1954 1605 2026 βεϐαιῶν,
1648 1960 1727 2010 ὅτι
1766 1965 1901 2013 κατὰ

300 2030 549 2089 ἀλήθειαν
582 2032 963 2110 ἑνηνθρώπησε,
996 2044 1084 2091 καὶ
1127 2043 1258 2093 ἔστω
1306 2062 1388 2094 σοι
1414 2052 1564 2097 τοῦτο
1592 2055 1682 2099 τοῦ
1717 2047 1897 2101 λοιποῦ

299 2126 582 2195 γνώριμον.

372 2208 428 2261 Ὀ
484 2207 541 2262 δε
596 2210 756 2285 ἀγρός
815 2245 883 2253 -
942 2220 1157 2290 κόσμος.
1217 2219 1474 2295 Ἀνωτερω
1534 2227 1644 2298 περὶ
1707 2228 1892 2278 τούτου

291 2303 623 2373 προείρηται.

361 2391 432 2439 Τό
466 2384 525 2440 δὲ
558 2388 710 2441 καλὸν
745 2422 814 2430 —
840 2391 990 2446 εἰσίν.
1021 2398 1165 2457 Τίνες
1197 2396 1310 2469 (37)
1344 2398 1485 2451 οὗτοι
1512 2418 1524 2469 ;

364 2478 432 2528 Οἱ
484 2479 589 2529 υἱοὶ
644 2486 738 2539 τῆς
801 2478 1092 2550 βασιλείας.
1155 2486 1266 2537 Υἱοὶ
1317 2491 1407 2558 μὲν
1469 2497 1559 2549 τῆς
1618 2489 1887 2562 βασιλείας

290 2562 527 2634 λέγονται
568 2568 615 2617 οἱ
658 2564 952 2640 όρθόδοξοι,
985 2574 1052 2631 ὡς
1101 2573 1200 2624 ὑπὸ
1244 2582 1335 2626 τοῦ
1368 2575 1626 2647 βασιλέως
1654 2588 1888 2651 Χριστοῦ

301 2658 578 2725 σπαρέντες
623 2655 692 2717 εἰς
756 2662 1013 2730 γεωργίαν
1076 2658 1280 2735 ἀρετῆς,
1337 2669 1426 2716 καὶ
1473 2666 1583 2738 (38)
1638 2668 1888 2743 κληρονο-

296 2748 409 2810 μεῖν
484 2752 580 2805 τῆς
661 2743 926 2817 βασιλείας
1019 2748 1175 2801 αὐτοῦ
1260 2752 1541 2823 μέλλοντες·
1625 2760 1729 2810 υἱοὶ
1804 2757 1881 2826 δὲ,

292 2838 386 2881 τοῦ
438 2841 685 2907 πονηροῦ,
759 2837 807 2885 οἱ
860 2837 1126 2909 αἱρετικοὶ,
1191 2842 1258 2903 ὡς
1331 2843 1429 2894 ὑπὸ
1486 2852 1577 2896 τοῦ
1636 2843 1885 2900 διαϐόλου

297 2924 577 2991 σπαρέντες
664 2922 732 2983 εἰς
791 2929 1045 2998 γεωργίαν
1113 2934 1319 2995 κακίας,
1400 2937 1489 2984 καὶ
1555 2932 1884 3009 κληρονομεῖν

297 3013 390 3055 τοῦ
456 3008 834 3080 ἡτοιμασμένον
898 3013 1037 3083 αύτῷ
1114 3021 1279 3087 πυρός
1350 3019 1609 3090 μελλοντες
1670 3026 1879 3095 ὁμοίως.

2008 1872 2269 1927 hominis
2300 1873 2563 1945 seipsum
2591 1876 2884 1947 nominat,
2931 1884 3170 1948 propter
3221 1880 3653 1935 humanitatem

2009 1977 2169 2016 suam
2222 1977 2352 2032 quas
2398 1963 2729 2033 apparebat
2782 1982 2794 2018 :
2843 1970 2897 2021 et
2937 1966 3051 2020 hoc
3099 1966 3433 2037 frequenter
3489 1968 3654 2035 dicit,

2007 2050 2372 2105 conﬁrmans
2402 2052 2561 2121 quod
2584 2068 2717 2107 vere
2774 2053 3205 2109 humanitatem
3257 2055 3652 2127 assumpserit.

2007 2140 2121 2193 Erit
2150 2154 2291 2210 ergo
2317 2139 2415 2195 tibi
2437 2140 2552 2195 hoc
2583 2140 2865 2213 deinceps
2893 2142 3299 2199 manifestum.

2076 2230 2233 2283 Vers.
2266 2228 2359 2285 38.
2407 2230 2570 2298 Ager
2598 2245 2820 2286 vero—
2839 2232 3111 2288 mundus.
3132 2233 3414 2304 Superius
3447 2233 3520 2288 de
3538 2233 3653 2289 hoc

2002 2316 2354 2387 praedictum
2377 2321 2481 2372 est.

2070 2404 2230 2461 Vers.
2283 2409 2367 2459 38.
2414 2406 2649 2461 Bonum
2681 2421 2816 2463 vero
2853 2438 2921 2446 —
2950 2414 3095 2463 sunt.
3135 2410 3220 2478 -Ηο
3251 2408 3505 2474 Quinam
3538 2409 3595 2464 hi
3624 2411 3651 2465 ‘I

2071 2494 2227 2547 Vers.
2256 2496 2341 2547 38.
2382 2494 2530 2548 Filii
2580 2495 2768 2564 regni.
2830 2495 2955 2549 Filii
3000 2496 3164 2564 regni
3209 2496 3501 2561 dicuntur,
3544 2498 3651 2568 qui

1996 2583 2219 2636 rectam
2247 2586 2483 2637 servant
2510 2582 2690 2637 ﬁdem
2724 2601 2736 2637 :
2763 2588 2963 2655 utpote
2991 2599 3027 2638 a
3050 2600 3185 2654 rege
3217 2584 3443 2640 Christo
3475 2585 3648 2640 semi-

1996 2669 2119 2725 nati
2170 2670 2247 2725 ad
2294 2669 2589 2726 colendam
2640 2672 2938 2735 virtutem,
2986 2676 3042 2728 et
3097 2673 3174 2729 ad
3210 2673 3644 2745 possidendum

1997 2758 2123 2828 ejus
2150 2773 2417 2828 regnum.
2446 2759 2566 2814 Filii
2598 2775 2737 2815 vero
2790 2761 2930 2816 mali
2962 2760 3137 2827 illius,
3185 2767 3320 2817 sunt
3359 2762 3641 2818 haeretici,

1995 2850 2275 2918 tanquam
2288 2865 2319 2901 a
2332 2848 2575 2904 diabolo
2590 2849 2851 2905 seminati
2864 2849 2937 2905 ad
2950 2850 3256 2905 colendam
3272 2851 3637 2921 pravitatem,

1994 2940 2049 2991 et
2079 2935 2342 2992 similiter
2372 2937 2451 2993 ad
2474 2938 2902 3009 possidendum
2949 2940 3147 3008 ignem
3193 2940 3305 3011 ipsi
3340 2954 3639 3011 prrepara-

1995 3030 2142 3081 tum.

368 3095 443 3145 Τὰ
502 3091 562 3146 δὲ
620 3098 824 3159 ζιζάνια
883 3132 949 3141 -—
1010 3113 1261 3177 πονηροῦ.
1317 3110 1536 3180 Εἴρηται
1600 3110 1706 3170 ἤδη
1765 3120 1881 3186 περὶ

2062 3116 2217 3171 Vers.
2237 3117 2303 3171 38
2326 3116 2568 3173 Zizam'a
2597 3116 2980 3172 vero—mali.
3006 3120 3174 3173 Modo
3188 3117 3261 3172 de
3291 3116 3637 3175 illisdictum

289 3184 509 3238 τούτων.
1829 3184 1837 3186 ὴ
1918 3184 1954 3195 ν
1988 3206 2099 3260 est.

356 3269 413 3320 Ὀ
473 3267 530 3323 δὲ
582 3270 865 3346 ἐχθρός-
920 3277 1069 3335 εἰσίν.
1128 3287 1227 3334 Καὶ
1265 3290 1382 3358 περὶ
1429 3289 1621 3339 τούτων
1673 3286 1880 3362 προδιε-

2056 3290 2220 3345 Vers.
2255 3290 2340 3346 39.
2372 3292 2651 3347 Inimicus
2680 3298 2874 3347 autem
2908 3323 2973 3332 —
2997 3298 3154 3349 sunt.
3212 3293 3400 3349 Etiam
3445 3294 3518 3348 de
3546 3295 3638 3349 his

280 3356 523 3428 λάϐομεν.
574 3366 688 3435 Χρὴ
750 3359 809 3415 δέ
863 3384 919 3417 σε
964 3373 1315 3439 μνημονεύειν,
1378 3374 1457 3425 ὅτι
1510 3374 1557 3426 ἐν
1588 3384 1658 3447 τῷ
1710 3378 1876 3430 ὀκτω-

275 3442 576 3519 καιδεκάτῳ
648 3451 925 3524 κεφαλαίῳ,
991 3457 1232 3528 θερισμόν
1308 3464 1399 3532 μὲν
1466 3462 1691 3532 ἐκάλεσε,
1757 3472 1877 3531 τοὺς

272 3543 560 3588 πιστεῦσαι
615 3538 907 3609 μέλλοντας,
963 3547 1027 3603 ὡς
1080 3545 1315 3618 ἑτοίμους
1379 3550 1446 3611 εἰς
1511 3556 1567 3604 τό
1614 3573 1874 3628 συγκομι-

275 3625 491 3682 σθῆναι·
555 3628 793 3698 θεριστὰς
875 3626 951 3695 δὲ,
1025 3637 1142 3695 τοὺς
1212 3640 1626 3709 συγκομίζοντας
1687 3645 1875 3707 αὐτούς

274 3710 623 3776 ἀποστόλους.
680 3715 759 3769 Ἐν
817 3714 875 3771 δὲ
922 3728 993 3791 τῷ
1041 3727 1278 3797 παρόντι,
1333 3729 1572 3800 θερισμόν
1619 3734 1728 3803 μὲν,
1784 3739 1875 3792 τὴν

272 3801 572 3853 συντέλειαν
632 3812 723 3856 τοῦ
772 3810 992 3879 κόσμου,
1051 3807 1144 3863 διὰ
1191 3818 1284 3872 τὴν
1333 3814 1433 3868 ἀπὸ
1482 3826 1571 3879 τῆς
1620 3819 1871 3895 ἐπικηρου

269 3888 421 3950 ζωῆς
495 3890 715 3963 ἐκτομὴν
776 3904 873 3946 τῶν
936 3897 1233 3972 ἀνθρώπων·
1305 3906 1543 3977 θεριστὰς
1606 3905 1682 3974 δὲ,
1752 3888 1871 3971 τοὺς

266 3975 605 4049 ἐκτέμνοντας
675 3981 861 4045 αὐτούς
930 3984 1016 4038 ἀπ’
1083 3989 1247 4051 αὐτῆς
1312 3990 1576 4063 ἀγγέλους.
1651 3996 1871 4067 Ὁμοίως

269 4062 327 4118 δὲ
382 4070 471 4118 καὶ
532 4072 754 4143 σπέρμα,
812 4071 979 4126 ὀπίσω
1027 4078 1137 4147 μὲν,
1182 4082 1266 4130 τὸν
1313 4079 1461 4151 λόγον
1510 4093 1599 4145 τῆς
1646 4090 1871 4149 πίστεως

267 4154 562 4227 ὠνόμασεν
616 4156 663 4208 ἐν
730 4155 789 4211 δὲ
846 4169 908 4234 τῇ
956 4170 1264 4239 προκειμένῃ
1328 4171 1619 4246 παραϐολῇ,
1689 4175 1870 4239 αύτούς

263 4248 385 4304 τοὺς
438 4247 819 4308 πιστεύσαντας
866 4252 981 4303 κατ’
1028 4252 1185 4313 ἄλλην
1230 4261 1317 4309 καὶ
1358 4258 1514 4318 ἄλλην
1566 4265 1774 4320 ἔννοιαν,
1810 4266 1867 4319 Ὀ

263 4334 364 4406 γὰρ
412 4336 701 4397 πιστεύσας
745 4336 945 4408 λέγεται
972 4343 1061 4411 μὲν
1105 4348 1194 4395 καὶ
1226 4352 1387 4413 σῖτος,
1421 4351 1485 4410 ὡς
1532 4356 1728 4423 καρπὸς
1775 4362 1866 4407 τοῦ

263 4426 479 4493 πρώτου
536 4426 849 4497 σπέρματος,
916 4432 1054 4494 ἤτοι,
1125 4439 1216 4484 τοῦ
1260 4434 1413 4506 λόγου
1476 4446 1569 4500 τῆς
1616 4446 1859 4505 πίστεως.

268 4511 489 4579 Λέγοιτο
541 4507 592 4562 δ’
631 4513 691 4562 ἄν
757 4519 846 4566 καὶ
911 4523 1136 4590 σπέρμα,
1198 4524 1263 4582 ὡς
1318 4537 1655 4601 καρποφορῶν
1712 4532 1863 4583 πάλιν

265 4595 432 4669 ἕτερον
499 4598 572 4660 εἰς
648 4605 846 4658 πίστιν,
909 4606 1029 4677 Οὐχ
1087 4611 1380 4683 ἡρμήνευσε
1438 4612 1517 4684 δὲ,
1589 4624 1715 4679 τίνες
1772 4625 1861 4691 μέν

271 4685 404 4737 εἰσιν
466 4690 513 4738 οἱ
579 4689 917 4755 καθεύδοντες
965 4697 1246 4770 ἄνθρωποι,
1298 4706 1425 4764 τίνες
1473 4701 1532 4757 δὲ
1576 4710 1623 4758 οἱ
1687 4704 1863 4761 δοῦλοι

269 4782 356 4824 τοῦ
400 4775 789 4848 οἰκοδεσπότου,
841 4781 966 4835 ἀλλὰ
1002 4795 1230 4859 παρῆκεν
1270 4790 1472 4858 αὐτούς,
1521 4798 1551 4851 ἤ
1600 4797 1664 4856 ὡς
1709 4795 1862 4849 ἐλνω-

274 4868 507 4931 σμένους,
622 4873 711 4920 καὶ⁹
757 4866 1048 4944 διδάσκων,
1082 4877 1160 4928 ὅτι
1186 4878 1244 4929 ού
1286 4885 1393 4954 χρὴ
1431 4884 1520 4943 τὰς
1571 4884 1865 4956 παραϐολὰς

267 4952 543 5025 κατὰ
597 4956 751 5030 ῥῆσιν
802 4959 1112 5033 ἑρμηνεύειν,
1170 4968 1239 5028 ὥς
1289 4952 1444 5041 φησιν
1492 4973 1517 5023 ό
1564 4952 1864 5046 Χρυσόστο-

265 5057 380 5109 μος,
416 5040 545 5097 ἀλλὰ
576 5048 710 5099 κατὰ
761 5051 893 5120 μόνα
928 5053 994 5105 τὰ
1038 5040 1415 5132 ἀναγκαιότερα
1446 5059 1552 5132 (40)
1589 5040 1741 5137 μέρη,
1790 5060 1825 5116 δ
1830 5063 1862 5115 ι’

1894 4590 1940 4646 D

1987 3378 2390 3449 praediximus.
2424 3382 2497 3435 Te
2546 3384 2743 3435 autem
2792 3380 3128 3435 meminisse
3191 3386 3442 3452 oportet,
3478 3382 3637 3452 quod

1984 3467 2217 3523 decimo
2261 3472 2473 3524 octavo
2530 3468 2716 3540 capite
2772 3484 3030 3523 messem
3074 3471 3366 3525 vocaverit
3404 3486 3504 3525 eos
3533 3470 3637 3542 qui

1984 3556 2259 3611 credituri
2310 3562 2498 3625 erant,
2552 3557 2726 3613 veluti
2764 3561 3005 3629 paratos
3058 3564 3121 3614 ut
3163 3558 3577 3629 colligerentur
3620 3576 3633 3626 ;

1983 3661 2275 3699 messores
2311 3650 2509 3700 autem
2536 3645 2639 3717 qui
2680 3644 2811 3701 illos
2860 3646 3241 3715 colligebant,
3282 3648 3583 3719 apostolos
3615 3665 3628 3714 ;

1982 3733 2043 3787 in
2074 3734 2347 3803 praesenti
2372 3750 2507 3789 vero
2528 3734 2660 3789 loco
2684 3750 2940 3789 messem
2964 3735 3325 3791 dicitsaeculi
3355 3752 3635 3793 consum-

1983 3822 2305 3876 mationem
2364 3828 2604 3893 propter
2669 3822 3028 3877 excisionem
3069 3840 3104 3878 a
3152 3824 3274 3879 vita
3338 3826 3571 3881 mortali
3617 3842 3629 3880 :

1980 3925 2275 3965 messores
2302 3915 2503 3966 autem
2546 3910 2809 3979 angelos,
2841 3911 2943 3982 qui
2978 3911 3055 3967 ab
3090 3928 3160 3969 ea
3190 3917 3327 3969 sunt
3356 3913 3492 3971 illos
3537 3930 3631 3969 ex~

1980 3998 2182 4055 cisuri.
2237 4000 2510 4055 Similiter
2539 4005 2595 4056 et
2626 4015 2830 4055 semen
2850 4001 3122 4070 superius
3141 4017 3475 4057 sermonem
3493 4002 3630 4059 ﬁdei

1978 4088 2347 4159 nuncupavit
2375 4105 2387 4143 :
2419 4089 2477 4143 in
2509 4090 2623 4145 hac
2660 4104 2801 4143 vero
2839 4088 3131 4161 parabola
3182 4106 3283 4146 eos
3316 4092 3419 4162 qui
3447 4093 3630 4147 credi-

1978 4175 2193 4231 derunt
2221 4191 2232 4230 :
2257 4176 2427 4247 juxta
2449 4177 2623 4232 alium
2647 4176 2918 4233 videlicet
2949 4182 3004 4233 et
3037 4177 3221 4234 alium
3246 4178 3625 4237 intellectum.

1978 4265 2088 4330 Qui
2119 4265 2280 4321 enim
2321 4266 2570 4321 credidit
2624 4269 2679 4323 et
2729 4266 2985 4322 triticum
3046 4266 3275 4324 dicitur.
3334 4271 3625 4340 tanquam

1978 4352 2202 4410 fructus
2229 4355 2399 4426 primi
2428 4354 2694 4421 seminis,
2728 4354 2893 4411 verbi
2938 4356 3159 4412 scilicet
3195 4356 3335 4412 ﬁdei
3370 4374 3381 4411 :
3416 4358 3628 4428 poterit

1976 4442 2367 4498 nihilominus
2410 4444 2523 4498 dici
2581 4460 2802 4508 semen,
2871 4448 3073 4515 utpote
3129 4462 3327 4500 rursus
3376 4445 3626 4502 alterum

1975 4532 2053 4587 ad
2084 4532 2263 4587 ﬁdem
2295 4533 2668 4588 fructiﬁcans.
2701 4536 2827 4589 Non
2863 4537 2951 4589 est
2976 4538 3175 4589 autem
3207 4533 3626 4606 interpretatus

1975 4620 2216 4692 quinam
2274 4621 2389 4676 sint
2441 4622 2801 4677 dormientes
2854 4622 3147 4685 homines,
3205 4628 3260 4678 et
3311 4624 3415 4694 qui
3468 4624 3625 4678 servi

1975 4710 2415 4781 patrisfamilias
2453 4712 2589 4776 ;sed
2620 4710 2748 4764 illos
2781 4710 3159 4779 praetermisit
3183 4716 3284 4764 aut
3334 4717 3625 4780 tanquam

1975 4799 2343 4865 manifestos,
2376 4798 2675 4853 autetiam
2729 4797 2953 4851 docens
2984 4798 3146 4867 quod
3196 4814 3315 4852 non
3362 4803 3626 4867 oporteat

1973 4888 2296 4959 parabolas
2322 4888 2399 4942 ab
2427 4886 2673 4946 verbum
2722 4885 3104 4956 interpretari,
3139 4890 3202 4941 ut
3226 4885 3309 4941 ait
3341 4886 3624 4956 Chrysos-

1974 4981 2197 5043 tomus,
2250 4978 2355 5033 sed
2406 4978 2631 5033 tantum
2654 4976 2713 5031 in
2747 4974 2888 5030 locis
2936 4974 3196 5029 maxime
3254 4975 3621 5043 necessariis,

1975 5070 2216 5139 propter
2244 5083 2379 5140 quae
2426 5066 2606 5123 etiam
2650 5068 3054 5123 assumuntur.
3103 5065 3261 5122 Nam
3300 5064 3525 5137 reliqua
3550 5080 3621 5122 eo

1462 5239 1686 5312 Variae
1723 5242 2058 5316 lectiones
2100 5253 2165 5313 et
2207 5253 2407 5314 notae.

328 5442 444 5587 (37;
485 5443 606 5526 Hoc
631 5449 929 5509 exciderat
952 5452 1013 5509 in
1043 5454 1246 5514 codice
1273 5460 1558 5520 Hentenii.

328 5517 413 5587 (378
474 5516 570 5572 BlS
609 5518 723 5576 hoc
768 5521 901 5579 loco
931 5524 1284 5587 κληρονομεῖν.
1335 5549 1442 5587 nro
1484 5535 1558 5587 κλῖ

325 5516 723 5613 £9,592?
740 5521 1284 5613 .1999.3":‘?P€”°F€?”»
1334 5516 1849 5613 ρτδῖέλὶορονομίαν»

268 5581 623 5648 duriuscule.
657 5592 771 5651 Sed
800 5594 946 5652 nihil
980 5581 1351 5660 tentandum:

2066 5469 2157 5539 39)
2179 5472 2343 5527 Tom.
2386 5470 2500 5535 VII,
2534 5485 2593 5541 p.
2634 5469 2842 5526 487.13.

2066 5470 2157 5539 39)
2179 5472 2343 5527 Tom.
2386 5470 2500 5535 VII,
2534 5485 2593 5541 p.
2634 5470 2672 5525 4

2037 5470 2148 5615 ἕκίΟ)
2176 5542 2583 5615 Ἀνάγκαιότατα
2612 5546 2672 5597 Α.
