4186 6318
517 328 621 383 415

1835 325 2185 383 EUTHYMII
2222 325 2555 384 ZIGABENI

3766 319 3874 376 416

515 455 749 507 tantum
780 451 897 506 ﬁne
918 450 1138 522 pariter
1165 449 1482 519 adduntur,
1517 455 1581 507 ut
1622 454 1759 523 apte
1783 451 2160 520 efﬂngantur.

2273 452 2308 504 οἷ
2389 458 2478 504 καὶ
2537 449 3043 524 παραλαμϐάνονται.
3119 449 3292 502 Τὸίλλα
3353 451 3477 520 γὰρ,
3550 444 3645 500 διὰ
3714 450 3872 518 μόνον

515 543 632 595 Nec
655 540 783 610 jam
826 547 992 595 vacat
1030 539 1307 611 periculo,
1341 540 1522 596 etiam
1563 541 1690 596 haec
1748 541 1975 596 curiose
2007 557 2166 597 scru-

514 628 652 684 tari.

586 807 744 859 Vers.
774 808 864 860 40.
891 805 1136 862 Sicut—
1168 805 1364 875 hujus.
1398 807 1484 876 -Η,
1535 806 1753 862 Deinde
1803 805 1964 870 dicit,
2015 821 2170 878 quo-

513 895 698 950 modo
736 894 866 950 erit.

585 984 745 1038 Vers.
777 985 864 1038 41.
898 984 1090 1039 Mittet
1122 1013 1182 1024 -—
1216 983 1608 1054 iniquitatem.
1670 985 1938 1053 Regnum
1991 1000 2168 1040 suum

513 1080 687 1127 vocat
713 1073 1030 1137 mundum,
1092 1072 1287 1143 utqui
1327 1077 1542 1127 natura
1594 1073 1674 1126 illi
1711 1073 1961 1144 imperet
1999 1073 2168 1142 juxta

511 1161 913 1216 divinitatem:
934 1165 1033 1216 aut
1083 1165 1374 1231 tanquam
1405 1160 1545 1217 data
1571 1161 1681 1216 sibi
1708 1162 2168 1231 omnipotestate

511 1251 573 1306 in
600 1250 747 1305 caelo
779 1255 832 1306 et
862 1251 920 1305 in
947 1254 1126 1306 terra.
1165 1249 1536 1306 Offendicula
1561 1265 1717 1320 vero,
1751 1250 1994 1305 eosdem
2025 1250 2168 1307 dicit

509 1342 733 1410 quoset
761 1342 1071 1408 operantes
1099 1338 1490 1408 iniquitatem.
1517 1339 1805 1408 Colligent
1831 1343 2031 1394 autem
2063 1354 2166 1394 eos

510 1443 649 1482 cum
669 1427 747 1482 illi
777 1442 849 1482 ex
890 1427 1136 1482 mortuis
1174 1430 1506 1494 resurgent.
1535 1427 1692 1482 Scire
1723 1427 1882 1482 enim
1913 1431 2163 1498 oportet,

508 1514 668 1586 quod
694 1514 873 1569 simul
910 1530 1048 1569 cum
1073 1514 1164 1568 his
1198 1518 1503 1583 resurgent
1541 1519 1598 1569 et
1622 1515 1785 1584 justi.
1821 1517 2030 1570 Verum
2059 1530 2164 1571 an-

507 1607 748 1675 tequam
779 1602 860 1658 illi
897 1602 1268 1674 colligantur,
1310 1602 1616 1673 rapientur
1644 1603 1704 1657 hi
1748 1604 1808 1658 in
1830 1603 2075 1658 nutibus
2102 1604 2162 1659 in

508 1705 826 1746 occursum
878 1690 1112 1746 Domini
1143 1690 1202 1745 in
1251 1705 1381 1756 aere,
1427 1691 1576 1747 sicut
1619 1690 1761 1746 dixit
1809 1691 2028 1747 Paulus
2068 1693 2161 1760 18;

505 1778 591 1834 illi
617 1794 754 1835 vero
784 1778 1068 1834 deorsum
1093 1778 1278 1834 relicti
1304 1779 1482 1850 quasi
1530 1778 1780 1849 indigni,
1815 1779 2165 1849 colligentur

505 1873 832 1940 pOStquam
854 1867 980 1938 ipse
1034 1867 1429 1924 descenderit.
1487 1866 1555 1923 Et
1602 1869 1866 1938 primum
1917 1868 2164 1939 quidem

507 1956 651 2012 boni
669 1957 764 2026 acj
777 1957 889 2010 usti
903 1955 1476 2027 comprobabuntur,
1493 1955 1710 2011 deinde
1728 1955 1869 2011 mali
1883 1957 2166 2012 condem-

507 2045 833 2100 nabuntur.
875 2047 1010 2099 Post
1037 2045 1149 2100 has
1193 2059 1334 2099 vero
1385 2044 1552 2098 datas
1582 2045 1903 2100 sententias
1966 2046 2163 2116 primo

509 2149 650 2188 sane
667 2137 1004 2204 peccatores
1026 2133 1356 2204 rejicientur
1375 2132 1436 2186 in
1452 2133 1810 2204 supplicium
1828 2138 2116 2188 aeternum
2145 2151 2158 2188 :

511 2220 731 2276 deinde
754 2222 898 2293 justi
929 2223 988 2276 in
1025 2223 1205 2277 vitam
1227 2226 1536 2286 aeternam,
1573 2221 1722 2277 sicut
1748 2221 1895 2278 dixit
1918 2237 2163 2293 sexage-

515 2311 668 2365 simo
701 2311 894 2381 primo
917 2311 1126 2382 capite.

579 2400 740 2456 Vers.
777 2400 871 2455 42.
906 2399 984 2456 Et
1014 2429 1082 2440 —
1120 2400 1295 2470 ignis.
1334 2399 1444 2454 Per
1490 2415 1552 2456 se
1576 2399 1825 2472 quidem
1891 2401 2156 2469 seminat,

505 2490 832 2545 ostendens
862 2489 1026 2561 quod
1055 2488 1165 2544 sibi
1191 2491 1500 2560 proprium
1533 2494 1622 2545 est
1665 2489 1958 2547 beneﬁcia
2011 2506 2160 2562 pras-

511 2583 666 2633 stare
685 2594 698 2632 :
720 2593 824 2649 per
840 2577 987 2632 alios
1002 2592 1139 2632 vero
1154 2577 1508 2648 supplicium
1526 2577 1720 2642 infert,
1736 2579 2156 2635 demonstrans

514 2665 680 2738 quod
711 2665 783 2720 sit
809 2681 845 2720 a
864 2681 923 2720 se
949 2665 1210 2720 alienum
1242 2666 1477 2735 punire.

581 2756 741 2807 Vers.
773 2753 981 2808 112.1bi
1032 2784 1099 2793 —
1128 2754 1412 2809 dentium.
1470 2754 1554 2810 Ibi
1594 2755 1653 2809 in
1700 2755 1938 2810 camino
2003 2756 2158 2825 ignis

513 2841 890 2911 sempiterni:
922 2839 1010 2894 vel
1051 2841 1110 2894 in
1158 2841 1268 2895 illis
1292 2841 1408 2912 ‘qui
1444 2842 1779 2912 punientur.
1818 2844 1925 2897 Per
1945 2842 2154 2900 ﬂetum

510 2934 713 2986 autem
743 2927 1177 3001 stridoremque
1229 2928 1518 2998 dentium,
1551 2930 1966 2987 vehementem
1989 2932 2155 2988 dolo-

506 3033 632 3073 rem
658 3015 1107 3072 demonstravit.

572 3104 732 3161 Vers.
764 3104 851 3200 43..
893 3105 1074 3200 Tuae.
1100 3135 1163 3146 -
1183 3105 1374 3200 patris
1421 3106 1529 3200 sai.
1581 3109 1796 3162 Verum
1827 3123 1968 3165 cum
2005 3113 2145 3165 tunc
2187 3143 2228 3200 Ο

503 3193 768 3250 futurum
795 3193 867 3248 sit
896 3198 958 3249 ut
977 3193 1077 3247 Dei
1107 3193 1391 3266 splendor
1419 3194 1550 3250 illos
1576 3196 1920 3261 circumdet,
1953 3198 2154 3270 utique

497 3282 613 3354 ipsi
651 3281 982 3337 conformes
1005 3286 1177 3337 erunt
1207 3299 1274 3338 ac
1304 3283 1484 3338 divini
1507 3284 1824 3340 reddentur
1855 3302 1868 3352 ;
1912 3289 1970 3340 et
2016 3302 2156 3342 con-

503 3385 761 3443 sequens
785 3374 889 3436 est,
925 3377 986 3424 ut
1009 3370 1129 3425 sole
1159 3371 1592 3441 splendidiores
1619 3372 1970 3429 efﬁciantur.
2001 3377 2157 3439 Quo-

499 3460 682 3515 modo
694 3473 836 3527 ergo
848 3459 1262 3525 dicit,sz‘cutsol
1275 3461 1303 3515 ?
1317 3459 1467 3524 Quia
1482 3465 1626 3515 noto
1639 3462 1800 3532 apud
1812 3462 1944 3517 illos
1959 3478 2157 3518 exem-

498 3546 599 3618 plo
630 3547 915 3602 utendum
937 3551 1061 3603 erat
1091 3563 1104 3602 ε
1138 3563 1247 3602 nec
1273 3547 1608 3619 quidquam
1629 3549 1740 3604 illis
1762 3557 1971 3606 notum
2007 3555 2153 3621 erat,

500 3635 666 3704 quod
702 3638 856 3690 esset
881 3634 1002 3690 sole
1035 3634 1425 3706 splendidius.

567 3725 730 3781 Vers.
758 3724 850 3780 43.
919 3724 1030 3791 Qui
1055 3755 1122 3766 —
1182 3725 1411 3782 audiat.
1455 3725 1576 3782 Hoc
1607 3725 1937 3798 frequenter
1983 3728 2154 3784 dictis

499 3812 681 3878 addit,
746 3813 1012 3870 excitans
1049 3813 1181 3870 illos
1233 3830 1356 3887 quo
1404 3815 1733 3872 reddantur
1767 3817 2158 3890 prespicatio—

498 3917 612 3958 res.

573 3992 730 4047 Vers.
771 3992 1143 4048 44.Rursum
1200 4023 1272 4034 —
1329 3991 1520 4050 illum.
1562 3995 1754 4059 Quare
1821 3994 2003 4050 turbis
2031 4011 2156 4051 non

496 4079 908 4152 praesentibus,
928 4079 988 4134 in
1023 4079 1323 4150 parabolis
1347 4080 1545 4136 adhuc
1575 4081 1928 4152 loquebatur
1984 4083 2156 4139 disci-

497 4167 648 4237 pulis
675 4167 702 4219 ?
720 4166 868 4230 Quia
895 4166 1118 4222 sciebat
1137 4169 1266 4238 jam
1292 4167 1423 4221 illos
1438 4183 1538 4237 per
1558 4184 1629 4223 ea
1654 4185 1790 4238 quas
1821 4169 1976 4224 dicta
2015 4175 2156 4228 sunt

496 4253 885 4322 sapientiores
906 4253 1163 4320 effectos,
1193 4255 1273 4310 ita
1294 4259 1614 4324 utpossent
1638 4255 1983 4325 intelligere.
2016 4259 2154 4314 ldeo

494 4339 674 4395 etiam
705 4346 836 4411 post
864 4340 1044 4396 ﬁnem
1067 4342 1482 4412 parabolarum
1510 4346 1592 4400 ait
1619 4343 1702 4398 eis
1736 4361 1748 4399 :
1777 4345 2155 4403 [περιίδω-ἱειιέ

494 4428 616 4484 hac
639 4431 840 4486 omnia
869 4430 897 4485 7
924 4430 1130 4487 dicunt
1163 4433 1215 4488 ei
1245 4449 1258 4487 :
1290 4432 1508 4497 Etiam,
1539 4433 1774 4489 Domine
1805 4436 1873 4488 19.

566 4517 723 4574 Sicut
744 4524 943 4575 autem
975 4519 1035 4575 in
1055 4520 1295 4576 duabus
1323 4537 1506 4592 supra
1529 4523 1733 4594 positis
1753 4523 2053 4594 parabolis
2079 4526 2155 4582 de

493 4607 694 4680 sinapi
724 4615 780 4666 et
833 4609 906 4666 de
961 4611 1270 4678 fermento,
1305 4627 1557 4681 regnum
1584 4612 1871 4669 caelorum
1923 4615 2156 4673 dicebat

489 4697 631 4752 ﬁdei
658 4714 1016 4768 sermonem,
1047 4701 1128 4758 ita
1174 4716 1417 4774 quoque
1441 4702 1496 4756 in
1553 4703 1682 4758 ista.
1713 4705 2025 4775 Comparat
2055 4722 2152 4760 au-

494 4793 610 4843 tem
640 4787 837 4860 ipsum
873 4789 1151 4846 thesauro
1207 4795 1445 4862 propter
1479 4791 1728 4863 Spiritus
1769 4793 1959 4848 sancti
2007 4793 2156 4849 divi-

496 4876 625 4942 tias,
659 4894 794 4950 quae
819 4879 879 4934 in
911 4879 1014 4936 illo
1050 4882 1207 4935 sunt.
1253 4880 1411 4949 Ager
1439 4887 1633 4936 autem
1660 4883 1750 4936 est
1802 4881 2066 4937 mundus
2093 4887 2156 4940 ut

496 4966 849 5038 praedictum
878 4973 985 5024 est.
1019 4969 1173 5025 Scito
1199 4983 1354 5038 ergo
1384 4969 1446 5024 in
1475 4969 1695 5025 mundo
1735 4969 2154 5029 absconditam

499 5069 630 5110 esse
668 5054 850 5112 ﬁdem
883 5071 896 5110 :
920 5057 982 5112 in
1014 5055 1128 5112 ﬁde
1153 5071 1295 5114 vero
1319 5055 1553 5114 divitias
1579 5057 1840 5130 spiritus.

569 5234 632 5286 Et
674 5236 886 5289 caetera
935 5233 1177 5306 quidem
1217 5234 1542 5308 parabolae,
1594 5240 1766 5308 prout
1802 5237 1961 5294 dicta
2018 5243 2154 5297 sunt

569 5383 615 5418 1⁸
651 5383 674 5436 I
704 5384 903 5440 Thess.
928 5399 1006 5451 1v,
1042 5391 1130 5444 i7.
1254 5389 1297 5422 ’θ
1323 5387 1526 5444 Matth.
1561 5405 1683 5454 xm,
1712 5390 1803 5446 51.

2275 545 2333 594 τό
2376 541 2674 599 πλασθῆναι
2712 543 2904 599 ταύτας
2949 541 3194 608 πιθανῶς,
3247 535 3869 612 συμπαραλαμϐάνονται,

2275 634 2365 682 καὶ
2432 629 2608 682 λοιπὸν
2689 629 2781 680 ούκ
2843 624 3136 696 ἀκίνδυνον,
3202 630 3260 679 τό
3317 631 3406 679 καὶ
3467 634 3633 677 ταῦτα
3705 625 3874 678 πολυ-

2277 725 2612 792 πραγμονείν,

2346 805 2545 880 Ὠσπερ
2579 837 2645 845 -
2676 807 2879 858 τούτου.
2910 801 3037 858 Εἶτα
3069 805 3179 876 (41)
3207 803 3362 875 λέγει,
3400 811 3512 863 πῶς
3536 805 3703 856 ἔσται.

2351 981 2650 1034 Ἀποστελεί
2716 1012 2784 1022 —
2846 981 3078 1054 ἀνομίαν.
3151 980 3418 1034 Βασιλείαν
3490 979 3647 1032 αὑτοῦ
3719 997 3874 1051 φησι,

2278 1074 2362 1122 τόν
2407 1076 2621 1142 κόσμον,
2673 1073 2736 1130 ὡς
2784 1073 2934 1142 φύσει
2994 1069 3284 1142 βασιλεύων
3347 1070 3532 1136 αὐτοῦ,
3580 1070 3715 1120 κατά
3780 1072 3878 1124 τὴν

2280 1162 2498 1217 θεότητα
2531 1163 2561 1217 ἦ
2609 1164 2698 1211 καὶ
2736 1161 2800 1219 ὡς
2846 1156 3088 1218 δοθείσης
3138 1159 3276 1228 αύτῷ
3327 1161 3506 1220 πάσης
3553 1157 3794 1220 ἐξουσίας
3829 1155 3878 1207 ἐν

2277 1249 2474 1322 οὐρανῷ
2507 1253 2595 1300 καὶ
2634 1247 2716 1300 ἐπὶ
2753 1257 2873 1320 γῆς·
2927 1245 3197 1300 σκάνδαλα
3236 1245 3295 1300 δὲ
3336 1253 3425 1300 καὶ
3457 1254 3735 1306 ποιοῦντας
3778 1250 3878 1303 τὴν

2277 1334 2512 1408 ἀνομίαν,
2546 1340 2666 1398 τούς
2711 1337 2900 1397 αὐτοὺς
2927 1336 3186 1408 ὀνομάζει.
3230 1336 3536 1398 Συλλέξουσι
3576 1332 3635 1388 δὲ
3665 1334 3874 1400 αὐτοὺς,

2277 1425 2600 1488 ἀναστὰντας
2651 1425 2704 1478 ἐκ
2747 1435 2934 1500 νεκρῶν
2975 1422 3105 1484 ἤδη.
3152 1431 3265 1497 Χρή
3314 1430 3414 1500 γὰρ
3458 1431 3754 1496 γινώσκειν,
3797 1425 3880 1476 ὅτι

2275 1515 2385 1586 ἅμα
2432 1519 2521 1586 μεν
2561 1517 2766 1576 τούτοις
2809 1513 3193 1572 ἀναστήσονται
3241 1519 3328 1567 καὶ
3392 1517 3440 1566 οἱ
3490 1511 3711 1566 δίκαιοι.
3765 1516 3878 1586 Πρὸ

2276 1600 2334 1655 δὲ
2391 1600 2486 1665 τῆς
2540 1603 2790 1674 συλλογῆς
2842 1606 3036 1655 τούτων
3099 1603 3278 1656 ἐκεῖνοι
3327 1607 3415 1675 μεν
3473 1602 3878 1674 ἁρπαγὴσονται

2275 1691 2322 1744 ἐν
2385 1691 2611 1764 νεφέλαις
2678 1692 2748 1753 εἰς
2811 1691 3100 1750 ἀπάντησιν
3167 1699 3260 1744 τοῦ
3334 1697 3528 1766 Κυρίου
3592 1692 3658 1751 εἰς
3725 1693 3874 1765 ἀέρα,

2202 1798 2242 1851 Β
2273 1783 2446 1842 καθὼς
2503 1779 2610 1833 εἷπε
2664 1780 2883 1842 Παῦλος·
2941 1782 3085 1833 οὗτοι
3138 1777 3217 1847 δε,
3267 1783 3409 1832 κάτω
3465 1780 3876 1852 ἀπολειφθέντες,

2274 1873 2344 1932 ὡς
2387 1869 2604 1934 ἀνάξιοι,
2661 1873 2791 1942 μετὰ
2840 1874 2898 1922 τὸ
2929 1872 3188 1922 κατελθεῖν
3237 1870 3391 1922 αὐτόν
3442 1869 3876 1940 συλλεγήσονται.

2278 1964 2376 2012 Καὶ
2424 1968 2622 2032 πρῶτον
2672 1962 2760 2031 μὲν
2820 1958 3000 2011 ἐκεῖνοι
3061 1955 3527 2024 δικαιωθήσονται,
3577 1955 3688 2010 εἶτα
3731 1956 3880 2009 οὗτοι

2272 2045 2850 2106 καταδικασθὴσονται.
2911 2053 3010 2100 Καὶ
3064 2047 3240 2100 λοιπόν
3300 2049 3430 2120 μετά
3485 2050 3573 2107 τὰς
3632 2050 3880 2108 τοιαύτας

2274 2135 2576 2208 ἀποφάσεις,
2640 2146 2842 2210 πρῶτον
2891 2139 2980 2208 μὲν
3040 2139 3089 2188 οἱ
3159 2137 3454 2209 ἁμαρτω).οὶ
3505 2135 3878 2188 ἀπελεύσονται

2273 2226 2344 2286 εἰς
2394 2225 2607 2278 κόλασιν
2639 2226 2862 2278 αἰώνιον·
2926 2223 3038 2278 εἶτα
3085 2229 3133 2278 οἱ
3191 2223 3392 2278 δίκαιοι
3444 2226 3510 2286 εἰς
3565 2227 3706 2286 ζωὴν
3754 2226 3876 2278 αἰώ-

2271 2334 2398 2381 νιον,
2427 2318 2496 2376 ὡς
2521 2313 2568 2365 ἐν
2599 2323 2670 2384 τῷ
2705 2314 2967 2384 ἑξηκοστῷ
2998 2320 3184 2389 πρώτῳ
3216 2315 3470 2387 κεφαλαίῳ
3506 2320 3652 2379 φησί.

2345 2408 2546 2456 Καὶ-
2595 2407 2776 2475 πυρός.
2830 2403 2902 2455 Δι’
2951 2403 3137 2456 ἑαυτοῦ
3184 2407 3274 2475 μεν
3324 2409 3542 2477 σπείρει.
3595 2400 3871 2469 δεικνύων,

2269 2495 2348 2546 ὅτι
2378 2492 2561 2544 οἰκεῖον
2592 2492 2751 2544 αὐτοῦ
2781 2495 2839 2544 τὸ
2871 2492 3163 2565 εύεργετείνο
3211 2489 3286 2544 δι’
3316 2492 3495 2565 ἑτέρων
3543 2488 3602 2545 δὲ
3634 2492 3869 2562 κολάζει,

2269 2589 2566 2654 παριστῶν,
2595 2582 2675 2633 ὅτι
2705 2579 2968 2653 ἀλλότριον
2995 2581 3154 2634 αὐτοῦ
3183 2584 3244 2633 τό
3273 2581 3529 2642 κολάζειν.

2344 2757 2475 2809 Ἐκεῖ
2513 2787 2582 2796 -
2629 2753 2874 2826 ὀδόντων,
2935 2757 3088 2822 Ἐκεῖ,
3139 2757 3186 2809 ἐν
3241 2765 3302 2828 τῇ
3361 2760 3564 2828 καμίνῳ
3610 2764 3699 2808 τοῦ
3748 2757 3872 2809 αίω-

2271 2851 2381 2898 νίου
2411 2850 2588 2917 πυρός’
2637 2846 2666 2904 ἦ
2713 2844 2761 2896 ἐν
2806 2846 3002 2906 αὐτοῖς.
3052 2848 3146 2898 Διὰ
3190 2842 3249 2898 δε
3302 2853 3393 2897 τοῦ
3450 2846 3711 2916 κλαυθμοῦ
3771 2850 3864 2897 καὶ

2270 2943 2362 2986 τοῦ
2413 2933 2657 3009 βρυγμοῦ
2708 2943 2806 2986 τῶν
2857 2931 3100 3002 ὀδόντων,
3153 2939 3247 2992 τὴν
3297 2937 3487 3007 ἄφατον
3533 2931 3716 2990 ὀδύνην
3764 2931 3860 2986 ἐλθέ-

2270 3041 2412 3095 φηνε.

2337 3117 2463 3165 Τότε
2491 3142 2556 3153 -
2588 3119 2679 3164 τοῦ
2709 3115 2907 3184 πατρὸς
2933 3112 3120 3166 αὐτῶν.
3151 3115 3252 3164 Καὶ
3279 3115 3402 3183 μὴν,
3441 3120 3533 3172 τῆς
3562 3110 3748 3182 αἴγλης
3778 3118 3872 3162 τοῦ

2269 3208 2400 3254 Θεοῦ
2442 3205 2555 3253 τότε
2596 3200 3000 3276 προσϐαλούσης
3052 3200 3244 3266 αὐτοῖς,
3276 3208 3690 3272 μετατυποῡνται
3736 3203 3872 3272 πρὸς

2266 3289 2448 3357 αὐτὴν,
2503 3295 2591 3341 καὶ
2655 3287 2898 3351 θεοειδεῖς
2949 3294 3198 3360 γίνονται,
3255 3294 3345 3340 καὶ
3406 3288 3684 3341 ἀκόλουθόν
3733 3287 3868 3352 ἐστι,

2263 3377 2610 3452 λαμπρότερον
2640 3377 2790 3436 ἡλίου
2820 3377 3038 3449 λάμπειν
3069 3377 3276 3439 αύτούς.
3314 3384 3429 3439 Πῶς
3461 3375 3549 3428 οὖν
3581 3396 3761 3448 φησιν,
3799 3381 3872 3438 ὡς

2265 3468 2290 3518 ό
2323 3467 2500 3532 ἧλιοςς
2534 3472 2673 3518 Διότι
2715 3472 2960 3540 γνωρίμῳ
2998 3470 3124 3541 πρὸς
3171 3466 3357 3526 αὐτοὺς
3400 3462 3506 3518 ἔδει
3549 3468 3872 3538 χρήσασθαι

2264 3553 2673 3629 παραδείγματι.
2711 3555 2821 3607 Οὐκ
2853 3552 2912 3613 ἦν
2947 3552 3003 3607 δὲ
3051 3551 3200 3608 οὐδὲν
3239 3562 3338 3606 τῶν
3368 3558 3640 3628 γνωρίμων
3687 3554 3872 3615 αὐτοῖς

2265 3644 2413 3702 ἡλίου
2441 3643 2816 3717 λαμπρότερον.

2334 3732 2392 3784 Ὀ
2424 3763 2490 3772 —-
2519 3731 2768 3786 ἀκουέτω.
2801 3738 2966 3784 Τοῦτο
2999 3730 3246 3793 πολλάκις
3285 3729 3525 3802 ἐπιλέγει,
3565 3729 3869 3804 παροξύνων

2266 3821 2454 3883 αὐτούς
2480 3821 2546 3881 εἰς
2572 3824 2629 3873 τὸ
2658 3822 2897 3892 γίνεσθαι
2925 3817 3410 3894 διορατικωτερους.

2340 3996 2496 4048 Ηάλιν
2525 4028 2590 4037 -
2622 3994 2826 4050 ἐκεῖνον.
2862 4002 3030 4060 Διατί,
3061 4005 3159 4048 τῶν
3201 3996 3370 4068 ὄχλων
3396 3999 3467 4068 μὴ
3496 3998 3782 4065 παρόντων,
3817 3993 3868 4046 ἒν

2264 4085 2590 4157 παραϐολαῖς
2617 4088 2693 4137 ἔτι
2735 4085 2877 4138 λαλεῖ
2920 4093 3026 4147 τοίς
3071 4087 3362 4157 μαθηταῐς;
3396 4088 3536 4135 Διότι
3588 4084 3715 4154 ἐγνω
3748 4085 3870 4134 τού-

2264 4193 2384 4234 τους
2429 4179 2750 4246 σοφωτέρους
2780 4171 2885 4232 ἤδη
2927 4178 3229 4246 γινομένους
3272 4172 3371 4224 ἀπό
3418 4180 3516 4224 τῶν
3558 4171 3865 4246 εἰρημένων,

2265 4265 2328 4322 ὡς
2358 4267 2447 4314 καὶ
2490 4266 2714 4315 συνιέναι
2747 4260 3025 4315 δύνασθαι.
3069 4266 3155 4314 Διό
3198 4266 3288 4313 καὶ
3317 4263 3447 4330 μετά
3493 4265 3552 4312 τό
3588 4259 3726 4320 τέλος
3761 4269 3865 4311 τῶν

2265 4349 2567 4422 παραϐολῶν
2612 4351 2748 4422 λέγει
2787 4350 2980 4410 αὐτοῖς·
3032 4355 3288 4407 Συνήκατε
3323 4357 3485 4400 ταῦτα
3525 4351 3734 4414 πάντας
3767 4353 3867 4401 Λέ-

2189 4469 2236 4523 D
2264 4459 2449 4511 γουσιν
2472 4439 2630 4510 αὐτῶν
2663 4445 2787 4504 Ναὶ,
2819 4442 2994 4512 Κύριε.

2333 4528 2532 4602 Ὠσπερ
2589 4525 2648 4580 δὲ
2691 4527 2770 4580 ἐπὶ
2822 4536 2921 4578 τῶν
2965 4526 3199 4602 ἀνωτέρω
3245 4529 3484 4598 κειμένων
3544 4522 3639 4577 δύο
3688 4545 3863 4598 παρα-

2267 4617 2445 4683 ϐολῶν,
2509 4625 2602 4669 τοῦ
2644 4635 2698 4668 τε
2765 4617 3019 4677 σινάπεως
3067 4620 3155 4667 καὶ
3209 4623 3298 4675 τῆς
3348 4615 3534 4686 ζύμης,
3590 4613 3864 4686 βασιλείαν

2265 4707 2491 4781 οὐρανῶν
2558 4705 2693 4776 ἔλεγε
2757 4708 2844 4756 τόν
2907 4704 3058 4776 λόγον
3122 4713 3218 4764 τῆς
3274 4707 3517 4762 πίστεως·
3578 4703 3709 4754 οὕτω
3772 4705 3858 4751 καὶ

2265 4795 2348 4848 ἐπὶ
2373 4798 2588 4855 ταύτης.
2626 4793 2921 4853 Ἀπεικάζει
2963 4789 3022 4845 δὲ
3072 4793 3226 4844 αὐτόν
3271 4794 3542 4865 θησαυρῷ,
3580 4788 3672 4844 διὰ
3699 4792 3780 4842 τὸν
3813 4787 3860 4841 ἐν

2265 4885 2404 4955 αὐτῷ
2434 4883 2652 4936 πλοῦτον
2697 4888 2791 4934 τοῦ
2821 4881 2973 4953 ἁγίου
3021 4883 3338 4953 Πνεύματος.
3387 4881 3574 4953 Ἀγρὸς
3618 4876 3677 4932 δέ
3723 4877 3866 4931 ἐστιν

2264 4976 2289 5026 ὁ
2316 4978 2532 5044 κόσμος,
2564 4975 2633 5034 ὡς
2661 4966 3083 5044 προδεδήλωται.
3112 4973 3258 5024 Μάθε
3285 4966 3362 5041 δε,
3395 4970 3474 5022 ὅτι
3503 4967 3551 5020 ἐν
3577 4974 3648 5038 τῷ
3677 4970 3864 5039 κόσμῳ

2263 5066 2352 5137 μεν
2381 5066 2663 5136 κέκρυπται
2692 5061 2722 5118 ἡ
2755 5063 2950 5120 πίστις’
2979 5059 3028 5112 ἐν
3057 5067 3118 5132 τῇ
3150 5063 3326 5112 πίστει
3357 5055 3434 5124 δε,
3464 5059 3490 5109 ὁ
3515 5056 3740 5117 πλοῦτος
3769 5062 3862 5108 τοῦ

2265 5152 2416 5224 ἁγίου
2450 5151 2564 5222 (42)
2594 5152 2912 5222 Πνεύματος.

2338 5243 2436 5292 Καὶ
2464 5241 2530 5291 τὰ
2579 5241 2669 5311 μὲν
2716 5237 2846 5292 ἄλλα
2900 5247 2994 5301 τῆς
3043 5236 3340 5311 παραϐολῆς
3391 5235 3468 5302 ἔα,
3517 5236 3692 5295 καθὼς
3724 5253 3861 5308 προ-

1724 5485 1944 5556 Variae
1969 5488 2299 5557 lectiones
2345 5497 2411 5557 et
2435 5496 2638 5554 notae.

572 5597 683 5669 (41)
711 5598 843 5654 Haec
866 5599 1207 5658 exciderant
1235 5601 1295 5659 in
1327 5602 1593 5660 versione
1627 5603 1910 5659 Hentenii.

2340 5605 2454 5678 (42)
2483 5603 2666 5678 Ἀγίου
2697 5603 2870 5662 abest
2897 5605 2964 5660 Α.
