4186 6318
308 352 415 407 417

1261 344 1633 404 COMMENT.
1674 346 1744 400 IN
1784 340 2233 404 MATTH/EUM.
2272 379 2339 389 —
2371 347 2532 406 CAP.
2574 348 2721 407 XIII.

3554 356 3658 412 418

310 483 536 549 είρηται.
583 478 765 527 Σκόπει
811 470 888 540 δε,
931 480 1041 535 πῶς
1084 475 1108 524 6
1158 474 1315 545 εὑρὼν
1359 480 1534 524 τοῦτον
1574 476 1659 523 τόν
1694 472 1907 524 πλουτί-

2030 472 2301 544 relinque.
2350 473 2673 530 Considera
2705 482 2900 532 autem
2929 478 3236 549 quomodo
3284 479 3333 534 is
3366 481 3469 551 qui
3500 482 3661 537 hunc

308 568 468 627 ζοντα
509 566 794 636 θησαυρόν,
828 566 1017 626 εἳτουν,
1051 564 1073 613 6
1112 561 1347 632 ἐπιγνούς
1382 561 1556 624 αὐτόν,
1596 557 1906 620 σπουδάζειο

306 662 459 706 τοῦτο
521 654 621 724 γὰρ
679 651 911 723 ἐμφαίνει
964 654 1045 715 τό,
1113 649 1342 720 Ὑπάγω,
1411 654 1500 700 καὶ
1557 652 1687 719 μετὰ
1743 655 1912 722 χαρᾶς

307 746 495 807 πάντα,
545 744 644 792 ὅσα
688 742 819 810 ἔχει,
866 738 1042 803 πωλεῖ,
1091 739 1172 789 ἵνα
1222 743 1373 808 μόνον
1420 734 1655 810 κερδήσῃ
1712 744 1910 788 τοῦτον·

307 836 397 883 καὶ
438 833 605 895 σύνες,
649 831 728 881 ὅτι
768 824 1017 879 διδάσκει
1055 826 1249 887 πάντας
1294 827 1322 883 ἡ
1366 828 1578 882 τοιαύτη
1620 824 1910 897 παραϐολὴ,

309 925 379 993 μὴ
422 926 578 993 μόνον
612 923 682 989 μὴ
725 917 1000 968 λυπεῖσθαι
1038 919 1367 989 προϊεμένους
1407 916 1530 987 ὑπὲρ
1567 923 1662 975 τῆς
1697 918 1914 972 πίστεως

310 1013 500 1073 πάντα,
572 1008 672 1059 ὃσα
730 1009 970 1077 ἔχουσιν,
1025 1004 1151 1056 ἀλλὰ
1208 1009 1297 1055 καὶ
1351 1006 1481 1075 μετὰ
1539 1009 1708 1075 χαρᾶς
1763 1011 1913 1053 τοῦτο

311 1106 496 1161 ποιεῖν,
560 1100 649 1147 καὶ
713 1100 807 1152 τὴν
862 1092 1120 1151 ἀποϐολὴν
1188 1096 1378 1149 ταύτην
1435 1088 1615 1163 κέρδος
1671 1093 1915 1162 ἡγεῖσθαι

320 1192 580 1260 μέγιστον’
630 1189 720 1236 καὶ
769 1185 850 1235 ὅτι
894 1184 918 1234 ό
972 1187 1042 1254 μὴ
1095 1180 1391 1233 ἀποϐαλλων
1435 1180 1588 1248 αὐτὰ,
1637 1185 1726 1231 καὶ
1768 1182 1792 1231 6
1844 1184 1911 1235 ιιή

323 1279 452 1348 μετὰ
479 1279 649 1347 χαρᾶς
696 1270 1017 1335 ἀποϐάλλων,
1052 1270 1109 1321 ού
1157 1266 1372 1321 δύναται
1404 1265 1664 1341 κερδῆσαι
1698 1272 1784 1319 τὸν
1822 1276 1916 1328 τῆς

320 1370 543 1423 πίστεως
589 1364 875 1435 θησαυρόν.
921 1361 1094 1411 Πάντα
1128 1355 1208 1427 δὲ,
1254 1361 1353 1409 ὅσα
1394 1377 1468 1416 τις
1499 1360 1631 1428 ἔχει,
1661 1363 1914 1424 νοοῦνται,

316 1458 407 1503 καὶ
462 1453 527 1502 τὰ
582 1452 629 1501 ἐν
684 1452 838 1522 ἔργῳ,
894 1452 984 1499 καὶ
1042 1445 1089 1498 ἐν
1143 1445 1301 1517 λόγῳ,
1361 1452 1447 1497 καὶ
1503 1449 1638 1497 κατα
1683 1441 1916 1497 διάνοιαν

314 1541 689 1613 ἁμαρτήματα,
763 1537 890 1611 άπερ
966 1537 1148 1607 ὁμοίως
1225 1539 1330 1607 χρὴ
1390 1534 1591 1600 πωλεῖν,
1665 1535 1689 1584 6
1756 1532 1912 1601 ἐστιν,

314 1628 677 1681 ἀποκτᾶσθαι.

2020 560 2303 615 ditantem
2336 560 2679 617 thesaurum
2726 566 2961 634 reperit,
3012 567 3130 621 sive
3162 568 3443 637 cognovit
3468 569 3659 637 illum,

2023 648 2279 703 studiose
2306 656 2556 704 conatur
2587 652 2751 720 (nam
2795 652 2907 708 hoc
2937 655 3162 711 indicat
3217 658 3380 726 quod
3432 658 3662 725 dicitur,

2020 736 2204 803 Abit),
2236 752 2373 790 cum
2428 737 2649 805 gaudio
2684 746 2896 795 cuncta
2952 758 3083 812 qua:
3135 743 3315 799 habet
3374 745 3662 813 distrahit,

2022 828 2087 876 ut
2114 823 2273 878 hunc
2304 824 2499 879 solum
2530 825 2873 881 lucrifaciat.
2898 831 2960 884 Et
2988 831 3242 901 intellige
3273 834 3436 904 quod
3460 852 3668 891 omnes

2023 912 2236 966 doceat
2263 912 2606 983 hujusmodi
2632 915 3077 984 parabola,non
3104 920 3296 975 solum
3322 937 3395 976 ne
3457 924 3670 980 contri-

2025 1004 2252 1055 stentur
2263 1000 2509 1071 abjectis
2529 1003 2649 1057 sive
2664 1006 2919 1072 erogatis
2932 1006 3211 1062 omnibus
3225 1026 3354 1079 quae
3368 1014 3672 1082 possident

2026 1104 2153 1159 pro,
2185 1088 2302 1143 ﬁde
2330 1090 2435 1144 sed
2467 1091 2644 1146 etiam
2670 1098 2727 1145 ut
2758 1108 2890 1148 cum
2930 1095 3150 1162 gaudio
3184 1096 3295 1151 hoc
3346 1099 3584 1164 faciant,
3617 1108 3672 1157 et

2023 1177 2179 1232 hanc
2203 1178 2593 1248 abjectionem
2623 1180 2746 1235 sive
2772 1182 3184 1252 amissionem,
3204 1184 3675 1245 lucrumducant

2024 1265 2390 1325 maximum:
2424 1268 2707 1339 quodque
2722 1269 2768 1322 is
2796 1271 2895 1341 qui
2920 1276 3021 1325 aut
3042 1271 3140 1327 illa
3154 1288 3274 1327 non
3302 1276 3541 1346 respuit,
3572 1283 3677 1333 aut

2024 1367 2147 1408 non
2161 1370 2299 1409 cum
2313 1355 2534 1423 gaudio
2548 1357 2798 1428 respuit:
2816 1373 2938 1413 non
2953 1364 3147 1430 potest
3170 1360 3305 1416 ﬁdei
3330 1362 3674 1420 lucrifacere

2025 1443 2392 1498 thesaurum.
2420 1444 2481 1499 In
2514 1445 2794 1500 omnibus
2826 1452 3026 1502 autem
3057 1464 3191 1520 quas
3236 1450 3437 1517 habet,
3471 1453 3673 1508 intelli-

2026 1534 2242 1599 guntur
2281 1548 2409 1600 quae
2460 1532 2521 1586 in
2564 1548 2738 1604 opere
2790 1550 2859 1589 ac
2908 1551 3199 1601 sermone,
3255 1543 3314 1592 et
3361 1540 3423 1595 in
3474 1546 3673 1597 mente

2026 1624 2163 1673 sunt
2185 1628 2425 1690 peccata
2449 1637 2461 1675 :
2492 1622 2691 1677 omnia
2719 1622 2983 1678 similiter
3003 1625 3257 1681 vendere
3280 1634 3531 1699 oportet,
3561 1631 3674 1686 hoc

2026 1710 2137 1773 est,
2179 1707 2530 1780 relinquere.

386 1803 552 1856 Πάλιν
600 1834 667 1842 -
719 1801 892 1855 αὐτόν.
936 1800 1209 1852 Βασιλεὶαν
1247 1806 1343 1851 τῶν
1392 1799 1637 1874 οὐρανῶν,
1694 1797 1915 1873 ἰδιοτρό-

2096 1796 2257 1851 Vers.
2285 1799 2871 1861 45.1terum—ivers.
2889 1802 2976 1854 46.
2998 1802 3184 1859 illam.
3212 1806 3483 1874 Regnum
3498 1807 3673 1863 caelo-

311 1914 426 1955 πως
486 1892 704 1944 ἐνταῦθα
745 1898 977 1962 νοοῦμεν,
1035 1893 1126 1946 τὴν
1178 1888 1451 1959 ἐπιθυμίαν
1502 1896 1595 1948 τῆς
1644 1886 1918 1959 βασιλείας

313 1992 415 2035 τῶν
470 1981 718 2055 οὐρανῶν·
778 1984 866 2031 καὶ
917 1980 1184 2052 ἄνθρωπον
1241 1980 1330 2049 μὲν
1388 1976 1548 2034 αὐτὴν
1599 1976 1710 2047 (43)
1761 1975 1915 2043 εἶπεν,

318 2075 381 2131 ὡς
430 2070 478 2121 ἐν
533 2068 786 2142 ἀνθρώπῳ
840 2067 1164 2140 ἐνεργοῦσαν·
1222 2069 1441 2138 ἔμπορον
1498 2062 1575 2129 δὲ,
1633 2068 1699 2126 ὡς
1757 2085 1918 2137 πραγ-

321 2162 667 2232 ματευομένην
732 2161 824 2214 τὴν
894 2152 1035 2207 ἰδίαν
1099 2159 1379 2224 σωτηρίαν.
1443 2152 1579 2226 Ὀρα
1652 2156 1774 2226 γὰρ,
1839 2156 1916 2205 ὅτι

321 2250 545 2321 εύροῦσα
588 2247 675 2298 ἕνα
707 2244 989 2315 πολύτιμον
1038 2248 1388 2316 μαργαρίτην,
1427 2244 1481 2301 ὃς
1520 2241 1659 2293 ἐστιν
1708 2244 1733 2292 6
1773 2242 1918 2311 λόγος

316 2345 412 2397 τῆς
457 2341 695 2395 πίστεως·
744 2335 769 2384 6
811 2334 883 2393 εἷς
922 2336 1032 2403 μὲν,
1066 2328 1157 2383 διά
1193 2335 1250 2383 τό
1284 2338 1410 2382 εῖναι
1448 2335 1571 2402 μίαν
1611 2335 1703 2387 τὴν
1750 2330 1913 2389 ἀληθῆ

314 2431 520 2493 πίστιν,
552 2429 641 2475 καὶ
688 2419 779 2474 διὰ
822 2424 879 2473 τό
925 2426 995 2492 μή
1043 2417 1172 2471 εἶναι
1218 2428 1447 2471 τοιοῦτον
1495 2419 1669 2471 ἄλλον·
1709 2419 1915 2471 πολύτι-

318 2535 414 2587 μος
462 2510 542 2577 δὲ,
584 2514 651 2573 ὡς
701 2512 835 2562 κατὰ
883 2509 1012 2561 πολὺ
1052 2512 1244 2580 τίμιος,
1300 2510 1408 2578 [καὶ
1441 2508 1549 2579 (44)
1602 2512 1670 2569 ὡς
1714 2508 1921 2570 πολλοῖς

322 2606 388 2652 ὥν
431 2599 650 2672 τίμιος,]
696 2595 905 2656 δηλαδή
950 2605 1059 2658 τοῖς
1100 2594 1296 2649 εἰδόσιν
1346 2596 1516 2649 αύτόνο
1568 2596 1840 2667 Ἀπῆλθεν,
1894 2599 1919 2649 ὃ

324 2686 478 2747 δηλοῖ
530 2693 623 2747 τὴν
679 2683 940 2751 σπουδὴν,
1003 2691 1093 2738 καὶ
1150 2684 1479 2743 ἀπεκτὴσατο
1542 2685 1733 2755 πάντα,
1784 2688 1917 2738 ὅσων

324 2777 555 2837 ἀπήλαυε
584 2780 849 2850 πρότερον,
874 2780 964 2827 καὶ
994 2773 1246 2832 ἐκτήσατο
1274 2782 1454 2827 τοῦτον
1480 2778 1651 2845 μόνον.

400 2956 464 3005 Αἱ
521 2947 618 3004 δύο
666 2948 723 3004 δὲ
778 2952 934 3003 αὗται
988 2951 1282 3024 παραϐολαὶ
1339 2952 1406 3003 τὰ
1464 2950 1618 3002 πλείω
1676 2948 1920 3011 ἀλλήλαις

332 3045 572 3103 ἐοικυῖαι,
630 3037 838 3111 βραχέα
889 3036 1247 3113 διαφέρουσιν,
1297 3040 1378 3091 ὅτι
1420 3040 1450 3095 ἡ
1498 3040 1587 3109 μὲν
1633 3040 1917 3113 θησαυρὸν,

2024 1900 2182 1949 rum,
2212 1885 2448 1955 proprie
2484 1886 2867 1957 intelligimus
2897 1888 3260 1946 desiderium
3303 1895 3469 1963 regni
3502 1895 3673 1950 caelo-

2024 1989 2159 2028 rum
2191 1979 2247 2028 et
2274 1974 2583 2029 hominem
2613 1976 2847 2042 quidem
2888 1976 3033 2031 illud
3063 1978 3357 2048 apellavit,
3403 1998 3472 2036 eo
3510 1982 3677 2054 quod

2025 2061 2085 2115 in
2137 2062 2382 2116 homine
2421 2070 2723 2133 operatur.
2804 2064 3239 2135 Negotiatorem
3310 2084 3469 2133 vero,
3532 2071 3677 2141 quia

2025 2150 2332 2221 propriam
2364 2152 2697 2218 negotiatur
2723 2151 2990 2207 salutem.
3027 2154 3165 2208 Vide
3191 2157 3349 2210 enim
3382 2158 3547 2227 quod
3574 2159 3676 2213 ubi

2025 2237 2251 2293 invenit
2282 2254 2463 2293 unam
2516 2240 2838 2310 pretiosam
2891 2244 3301 2313 margaritam,
3336 2261 3677 2302 sermonem

2025 2326 2297 2382 videlicet
2344 2327 2521 2384 ﬁdei:
2609 2328 2711 2398 qui
2792 2344 2948 2383 unus
3015 2335 3101 2385 est
3182 2337 3423 2403 propter
3491 2350 3676 2390 unam

2025 2414 2503 2479 ﬁdeiveritatem,
2519 2415 2661 2486 quia
2682 2415 2877 2470 nullus
2892 2416 3043 2471 alius
3072 2423 3158 2472 est
3178 2419 3279 2489 huj
3292 2421 3554 2490 usmodi;
3579 2442 3673 2474 πο-

2026 2502 2237 2574 λύτιμος
2260 2508 2478 2567 autem,
2511 2503 2569 2556 id
2601 2509 2703 2567 est,
2736 2505 3056 2574 pretiosus,
3084 2506 3225 2577 quia
3282 2508 3451 2563 multi
3482 2511 3669 2580 pretii,

2027 2594 2081 2647 et
2110 2591 2256 2662 quia
2285 2591 2483 2645 multis
2513 2591 2900 2656 honorabilis,
2933 2594 3036 2665 qui
3084 2595 3359 2651 videlicet
3386 2596 3543 2652 illum
3570 2615 3675 2654 co-

2027 2685 2384 2749 gnoverunt:
2401 2679 2560 2743 Abit,
2575 2680 2739 2751 quod
2760 2680 3130 2751 diligentiam
3151 2699 3219 2738 ac
3232 2684 3673 2742 festinationem

2026 2766 2385 2834 manifestat,
2412 2772 2467 2822 et
2506 2767 2783 2839 relinquit
2814 2770 3021 2825 omnia
3065 2771 3284 2842 quibus
3312 2778 3488 2829 antea
3517 2775 3675 2831 frue-

2025 2856 2217 2920 batur,
2248 2871 2505 2927 eumque
2536 2856 2729 2912 solum
2760 2856 3122 2927 adipiscitur.

2100 2945 2228 3000 Haec
2244 2946 2589 3001 autemduaa
2609 2945 2909 3015 parabolae
2928 2947 2991 3001 in
3018 2947 3219 3003 multis
3249 2948 3504 3006 invicem
3538 2956 3676 3008 sunt

2029 3032 2296 3087 similes:
2348 3039 2404 3089 et
2444 3032 2703 3088 breviter
2730 3034 2789 3088 in
2829 3035 2940 3090 hoc
2992 3036 3121 3091 solo
3179 3037 3478 3104 differunt,
3508 3040 3674 3111 quod

332 3130 361 3185 ἡ
414 3125 473 3179 δὲ
516 3131 845 3201 μαργαρίτην
893 3126 1136 3199 ὀνομάζει
1181 3130 1267 3179 τὸν
1322 3127 1473 3197 λόγον
1520 3135 1614 3186 τῆς
1663 3130 1909 3187 πίστεως.

2030 3120 2280 3176 illaﬁdei
2297 3137 2632 3177 sermonem
2648 3121 2994 3178 thesaurum
3012 3124 3287 3195 vocabat,
3309 3126 3437 3181 haec
3470 3133 3674 3184 autem

325 3215 523 3288 ⁴Ωσπερ
576 3213 678 3289 ἆρα
726 3220 815 3267 καὶ
866 3217 921 3267 αἱ
976 3219 1077 3288 πρὸ
1128 3218 1323 3267 τούτων
1374 3211 1469 3266 δύο
1519 3213 1831 3288 παραϐολαὶ,
1885 3216 1915 3273 ἡ

325 3308 414 3378 μὲν
444 3308 629 3357 κόκκον
672 3306 945 3369 σινάπεως,
989 3306 1019 3361 ἡ
1068 3300 1127 3356 δὲ
1158 3304 1327 3375 ζύμην
1366 3303 1520 3355 αὐτὸν
1552 3302 1776 3358 ἐκάλεσε.
1820 3306 1921 3355 Καὶ

325 3395 557 3465 καθάπερ
616 3388 710 3444 διὰ
766 3400 862 3445 τῶν
908 3388 1005 3444 δύο
1062 3392 1262 3444 ἐκείνων
1314 3388 1571 3449 ἐδήλωσεν
1618 3392 1644 3442 6
1690 3393 1922 3462 Χριστὸς

325 3488 419 3541 τήν
474 3482 694 3543 αὔξησιν
739 3484 826 3532 καὶ
876 3484 970 3539 τὴν
1022 3479 1181 3551 ἰσχύν
1234 3488 1327 3542 τῆς
1366 3484 1604 3539 πίστεως·
1650 3480 1785 3531 οὕτω
1832 3483 1921 3531 καὶ

328 3566 420 3623 διὰ
448 3577 546 3621 τῶν
598 3566 695 3622 δύο
742 3572 935 3621 τούτων
974 3568 1146 3635 πάλιν,
1196 3571 1283 3619 τὸν
1320 3568 1538 3621 πλοῦτον
1566 3572 1655 3620 καὶ
1688 3570 1744 3619 τὸ
1783 3566 1920 3629 ἐξαί-

325 3678 467 3732 ρετον
515 3658 703 3719 αὐτῆς.
768 3658 919 3719 Αὔξει
970 3660 1057 3729 μὲν
1111 3659 1234 3729 γὰρ,
1292 3660 1360 3717 ὡς
1418 3662 1605 3719 κόκκος
1649 3658 1915 3716 σινάπεως

330 3747 509 3819 ἰσχύει
562 3743 642 3811 δὲ,
701 3749 769 3807 ὡς
828 3748 985 3817 ζύμη·
1046 3744 1312 3803 πλουτίζει
1379 3742 1456 3811 δὲ,
1507 3746 1575 3805 ὡς
1635 3747 1915 3816 θησαυρός·

327 3834 581 3907 ἐξαίρετος
648 3830 707 3886 δέ
769 3832 926 3899 ἐστιν,
1001 3836 1066 3893 ὡς
1129 3830 1511 3905 διαφορώτατός
1575 3837 1915 3905 μαργαρίτης.

325 3922 500 3976 Τοὶλλα
563 3924 678 3989 (45)
745 3924 845 3994 γὰρ
912 3929 1005 3982 τῆς
1062 3920 1357 3993 παραϐολῆς
1416 3920 1472 3971 ού
1524 3925 1919 3992 περιεργαστέον

327 4014 475 4082 ἡμῖν.
524 4009 637 4063 Ἵνα
691 4006 750 4061 δὲ
797 4014 866 4079 μὴ
922 4008 1185 4083 θαῤῥῶμεν
1230 4016 1291 4080 τῇ
1350 4013 1526 4060 πίστει
1580 4014 1732 4081 μόνη,
1782 4007 1920 4081 μηδὲ

330 4102 503 4173 άρκεῐν
561 4099 722 4155 αὐτήν
779 4098 847 4159 εὶς
907 4102 1167 4171 σωτηρίαν
1222 4097 1529 4168 νομίζωμεν,
1597 4100 1920 4169 προστίθησι

330 4192 419 4240 καὶ
478 4187 649 4257 ἑτέραν
702 4185 1023 4260 παραϐολήν,
1081 4182 1152 4237 δι’
1216 4185 1279 4246 ἧς
1334 4185 1673 4257 μανθὰνομεν,
1728 4188 1808 4238 ὅτι
1860 4186 1918 4237 ού

326 4277 514 4337 πάντες
559 4277 609 4327 οἱ
656 4277 981 4334 πιστεύοντες
1036 4273 1313 4345 σώζονται,
1357 4273 1483 4326 ἀλλὰ
1516 4273 1693 4327 πολλοὶ
1730 4278 1918 4328 τούτων

328 4362 641 4417 ἀπόλλυνται
668 4364 780 4435 (46)
791 4405 802 4416 .

398 4450 768 4526 [Μαργαρίτης
811 4447 870 4503 δὲ
916 4455 1005 4503 καὶ
1048 4450 1073 4501 6
1119 4452 1307 4524 Κύριος
1355 4450 1619 4520 κέκληται,
1667 4448 1806 4505 διότι
1848 4460 1920 4524 τῷ

329 4540 477 4613 βυθῷ
525 4549 615 4600 τῆς
662 4542 898 4599 θεότητος
945 4541 1156 4607 ἥνωται,
1212 4542 1300 4590 καὶ
1347 4542 1522 4610 μόνοις
1564 4546 1667 4601 τοῖς
1721 4540 1921 4594 ἁλιεῦσι

329 4632 416 4682 καὶ
442 4635 553 4690 τοῖς
576 4628 742 4680 αὐτῶν
773 4628 1029 4699 μαθηταῖς
1054 4625 1405 4698 ἐγνώρισται.]

400 4716 560 4769 Πάλιν
622 4747 690 4755 —
750 4717 1146 4786 συναγαγούσῃ.
1202 4714 1470 4766 Βασιλείαν
1525 4723 1623 4767 τῶν
1690 4715 1918 4790 οὐρανῶν

335 4801 478 4866 αὖθις
529 4805 661 4876 λέγει
717 4806 805 4855 τὸν
855 4801 1005 4874 λόγον
1062 4810 1153 4862 τῆς
1208 4807 1452 4864 πίστεως
1518 4803 1784 4857 θάλασσαν
1838 4802 1918 4875 δὲ,

332 4894 417 4944 τόν
462 4898 674 4965 κόσμον,
726 4889 821 4944 διὰ
874 4896 967 4949 τήν
1032 4894 1243 4963 πικρίαν
1299 4894 1388 4942 καὶ
1444 4893 1510 4943 τὰ
1563 4895 1773 4964 κύματα
1822 4902 1920 4946 τῶν

328 4989 646 5057 πειρασμῶν·
714 4986 935 5033 παντοῖα
1000 4975 1060 5032 δὲ
1124 4981 1243 5051 γένη
1314 4978 1533 5051 ἰχθύων,
1591 4984 1657 5033 τὰ
1709 4982 1922 5035 ποικίλα

2029 3209 2436 3277 margaritam:
2476 3209 2624 3263 sicut
2646 3213 2699 3263 et
2728 3209 2983 3265 duarum
3008 3213 3475 3281 praecedentium
3502 3231 3674 3284 para-

2027 3295 2325 3359 bolarum,
2340 3311 2454 3351 una
2471 3295 2714 3366 quidem
2727 3310 2977 3365 granum
2992 3297 3218 3369 sinapis
3229 3298 3397 3354 illum
3412 3302 3673 3372 appella-

2029 3382 2144 3450 bat,
2177 3383 2360 3439 altera
2382 3398 2523 3438 vero
2549 3382 2927 3439 fermentum.
2948 3386 3013 3440 Et
3040 3386 3189 3440 sicut
3218 3402 3325 3457 per
3356 3388 3509 3444 duas
3541 3389 3673 3446 illas

2032 3470 2387 3540 signiﬁcavit
2410 3470 2843 3525 incrementum
2864 3472 3102 3543 vimque
3128 3473 3288 3537 ﬁdei,
3319 3474 3401 3530 ita
3432 3492 3672 3533 rursum

2028 3575 2133 3631 per
2162 3559 2272 3615 has
2297 3559 2466 3625 duas,
2494 3557 2647 3613 illius
2665 3559 3014 3629 signiﬁcavit
3039 3560 3273 3617 divitias
3306 3569 3361 3617 et
3389 3564 3674 3620 excellen-

2026 3649 2190 3703 tiam.
2221 3647 2436 3705 Crescit
2462 3647 2755 3719 siquidem
2782 3649 2955 3719 quasi
2990 3665 3245 3719 granum
3276 3651 3519 3721 sinapis,
3554 3653 3673 3708 vim

2027 3736 2206 3791 habet
2235 3741 2300 3791 ut
2335 3735 2700 3800 fermentum,
2735 3735 2882 3791 ditat
2908 3737 3087 3791 veluti
3142 3738 3455 3794 thesaurus
3484 3756 3506 3795 .'
3555 3741 3675 3796 exi-

2028 3824 2151 3879 mia
2169 3828 2256 3879 est
2286 3828 2574 3894 tanquam
2600 3824 2923 3892 margarita
2949 3824 3395 3893 pretiosissima.
3432 3828 3677 3899 Reliqua

2030 3928 2162 3968 vero
2199 3928 2335 3983 quae
2364 3912 2425 3967 in
2454 3912 2746 3983 parabola
2800 3912 3116 3978 habentur,
3150 3929 3269 3968 non
3321 3921 3460 3970 sunt
3505 3916 3675 3971 nobis

2027 4016 2394 4071 magnopere
2425 4001 2709 4057 curanda.
2739 4003 2818 4055 Ne
2836 4006 3035 4055 autem
3057 4001 3130 4055 de
3154 4001 3282 4057 sola
3316 4001 3433 4058 ﬁde
3454 4019 3677 4073 praesu-

2028 4106 2287 4155 mamus,
2320 4094 2423 4145 aut
2453 4089 2722 4144 sufﬁcere
2764 4105 2899 4145 eam
2938 4089 3016 4144 ad
3056 4090 3309 4145 salutem
3338 4092 3673 4160 credamus,

2028 4179 2195 4236 addit
2208 4182 2265 4234 et
2288 4178 2469 4235 aliam
2498 4178 2868 4249 parabolam,
2892 4193 3015 4249 qua
3044 4178 3330 4234 discimus
3360 4181 3524 4252 quod
3553 4196 3677 4237 non

2028 4284 2240 4325 omnes
2262 4267 2368 4339 qui
2390 4267 2638 4324 credunt
2662 4266 2807 4324 salvi
2830 4267 3001 4336 ﬁunt,
3028 4267 3132 4323 sed
3164 4268 3331 4325 multi
3355 4284 3562 4326 eorum
3579 4285 3679 4341 pe-

2026 4361 2200 4414 reunt
2226 4377 2238 4425 ;
2272 4356 2351 4414 ait
2372 4357 2534 4412 enim
2570 4373 2583 4410 :

2098 4448 2140 4517 -ι-
2165 4445 2480 4515 Margarita
2508 4445 2686 4501 etiam
2717 4444 3003 4501 Dominus
3033 4444 3360 4515 appellatus
3391 4450 3495 4515 est,
3530 4447 3680 4517 quia

2029 4533 2351 4589 divinitatis
2372 4533 2758 4606 profunditati
2784 4533 3004 4599 unitus,
3028 4537 3084 4587 et
3112 4524 3677 4605 solis’piscatoribus

2030 4624 2271 4694 suisque
2301 4622 2605 4693 discipulis
2632 4622 2902 4690 cognitus
2942 4624 3048 4675 est.

2098 4714 2261 4768 Vers.
2283 4714 2372 4767 47.
2406 4713 2666 4766 Rursum
2687 4740 2754 4748 —
2774 4708 3177 4778 congreganti.
3208 4710 3474 4778 Regnum
3502 4710 3677 4766 coelo-

2027 4817 2161 4857 rum
2225 4802 2433 4856 iterum
2496 4802 2671 4854 vocat
2715 4795 2847 4850 ﬁdei
2898 4810 3271 4860 sermonem;
3326 4812 3490 4850 mare
3533 4813 3675 4854 vero

2028 4891 2581 4960 mundum,propter
2592 4884 3059 4941 amaritudinem
3076 4883 3389 4955 undasque
3408 4886 3676 4942 tentatio-

2031 4997 2198 5038 num.
2225 4976 2586 5037 Omnimoda
2600 4978 2801 5033 autem
2816 4974 3069 5046 piscium
3082 4986 3297 5043 genera
3319 4976 3481 5040 sunt,
3504 4974 3672 5031 variae

1551 5157 1778 5230 Variae
1807 5158 2135 5228 lectiones
2176 5166 2242 5227 et
2280 5166 2483 5226 notae.

492 5358 513 5645 ἓ

420 5358 511 5415 43)
552 5356 716 5412 Αὐτόν
749 5356 809 5413 Β.

420 5424 511 5485 443
551 5428 791 5485 Inclusa
816 5425 1037 5484 absunt
1064 5424 1142 5485 Α.

420 5498 511 5557 453
551 5503 655 5554 Μέν
677 5498 845 5556 addit
865 5501 932 5554 Α.

423 5565 513 5641 46)
550 5570 928 5628 Additcodex
952 5572 1018 5627 A.
1045 5572 1181 5628 Φησὶ
1198 5570 1319 5641 γάρ.
1341 5569 1481 5635 Qum
1504 5570 1701 5627 autem
1723 5567 1819 5624 hic
1840 5565 1924 5625 in-

2033 5352 2199 5409 clusa
2223 5353 2379 5416 sunt,
2425 5364 2497 5406 ea
2524 5346 2711 5422 paulo,
2763 5348 2900 5422 ante
2944 5344 3134 5422 habet
3182 5344 3245 5422 in
3273 5359 3468 5416 marg.
3528 5348 3667 5405 Φησὶ

2030 5425 2133 5499 γάρ
2162 5422 2330 5551 uidit
2364 5417 2546 5480 etiam
2562 5418 2911 5480 Hentenius.
2934 5417 3325 5491 Coniungitur
3354 5432 3496 5489 ergo
3525 5432 3667 5476 cum

2030 5509 2189 5554 vers.
2294 5530 2311 5549 .
