4186 6318
513 355 619 422 419

1831 357 2182 416 EUTHYMII
2221 346 2550 417 ZIGABENI

3758 359 3869 421 420

511 488 922 546 multitudines
947 485 1411 542 inhabitantium
1437 484 1498 539 in
1540 499 1610 540 eo
1631 483 1959 550 hominum,
2002 485 2139 541 virol

2265 485 2436 544 πλήθη
2481 494 2579 538 τῶν
2622 483 3025 559 ἐνδιαιτωμένων
3073 489 3213 559 αὐτῷ
3271 487 3572 562 ἀνθρὼπων,
3627 487 3864 564 ἀνδρῶν,

507 595 663 642 rum,
689 577 1022 640 mulierum,
1058 589 1392 646 puerorum,
1425 589 1658 640 senum,
1685 572 1986 638 ccelibum,
2017 591 2154 629 con-

502 668 873 738 jugatorum,
904 664 1277 733 aliorumque
1309 661 1612 728 similium,
1640 666 1742 717 aut
1771 663 1952 716 etiam
1983 661 2154 718 diﬂ‘e-

504 757 707 812 rentia;
737 753 917 810 varia:
958 752 1246 821 gentium.

573 845 736 901 Vers.
756 844 845 898 48.
864 842 1030 910 Quod
1051 872 1118 879 —
1134 839 1493 908 adjecerunt.
1511 839 1644 893 Cum
1660 837 1973 909 impletum
2010 839 2151 893 fuis-

508 940 614 999 set,
632 933 744 988 hoc
757 937 860 997 est,
877 929 1113 1002 quando
1126 944 1324 983 omnes
1346 927 1719 982 crediderant
1747 943 1759 980 :
1784 927 2033 998 quidam
2057 944 2148 983 vo-

506 1021 764 1087 luntarii,
789 1019 1037 1090 quidam
1071 1023 1270 1072 autem
1290 1031 1410 1070 non
1433 1014 1767 1070 voluntarii.
1804 1015 1984 1070 Littus
2014 1032 2150 1071 vero

506 1111 774 1179 intelligit
797 1109 995 1164 locum
1027 1107 1085 1160 in
1117 1121 1238 1176 quo
1280 1104 1655 1174 judicaturus
1695 1108 1783 1158 est
1823 1104 2146 1158 Dominus:

507 1198 849 1270 colligentes
881 1202 1080 1252 autem
1107 1193 1372 1263 angelos.
1415 1193 1593 1247 Porro
1621 1191 1775 1247 bona
1812 1209 1946 1263 quae
1973 1198 2150 1263 capta

505 1293 645 1343 sunt
655 1288 852 1358 justos
884 1283 1243 1355 signiﬁcant,
1278 1296 1464 1352 prava
1490 1285 1688 1336 autem
1722 1280 1914 1335 malos
1947 1297 1960 1346 ;
2001 1297 2148 1336 vasa

503 1393 646 1434 vero
676 1392 747 1432 ea
771 1391 905 1447 quae
947 1373 1085 1428 solis
1101 1371 1274 1442 justis
1300 1371 1359 1424 in
1388 1369 1790 1425 haereditatem
1823 1374 1955 1424 sunt
1976 1385 2146 1441 repo-

501 1467 634 1523 sita.
668 1465 916 1535 Reliqua
945 1465 1146 1518 autem
1192 1461 1372 1528 hujus
1397 1457 1703 1530 parabolae
1735 1457 2001 1514 similiter
2021 1473 2145 1514 non

499 1558 640 1611 sunt
665 1567 1028 1623 magnopere
1053 1550 1336 1606 curanda.

568 1644 741 1698 Vsus.
773 1643 858 1695 49.
892 1640 990 1696 Sic
1018 1671 1083 1679 —
1112 1637 1332 1694 saeculi.
1389 1635 1502 1700 Sic,
1539 1635 1690 1691 sicut
1737 1634 2004 1690 dicturus
2030 1639 2141 1691 est.

567 1734 844 1787 VERS.49.
881 1728 1150 1784 Eribunt
1174 1757 1238 1766 --
1260 1726 1420 1782 Vers.
1451 1728 1538 1779 50.
1571 1724 1853 1779 dentium.
1880 1724 2065 1796 Atqui
2083 1725 2143 1780 in

2261 584 2540 646 γυναικῶν,
2604 580 2743 640 νέων,
2809 581 3082 649 γερόντων,
3149 576 3382 648 ἀγάμων,
3459 584 3860 651 γεγαμηκότων,

2262 669 2352 715 καὶ
2382 667 2622 715 τοιούτων
2649 664 2833 728 ἀλλων,
2862 666 2891 723 ἡ
2925 670 3012 717 καὶ
3037 668 3101 717 τά
3135 663 3362 739 διάφορα
3392 668 3530 723 ἔθνη.

2330 840 2423 893 Ἦν
2457 872 2516 880 -
2555 840 2750 892 ἔϐαλον.
2791 841 2912 894 Ὀτε
2934 841 3231 916 ἐπληρώθη,
3264 847 3551 909 τουτέστιν,
3575 844 3696 896 ὅταν
3737 845 3854 918 (4-7)

2259 930 2445 990 πάντες
2492 929 2823 997 ἐπίστευσαν,
2884 933 2931 981 οἰ
2988 935 3076 1002 μὲν
3133 931 3349 1001 ἑκόντες,
3408 933 3456 982 οἱ
3509 928 3567 983 δὲ
3624 934 3850 994 ἄκοντες·

2260 1017 2492 1088 αἰγιαλὸν
2561 1014 2619 1070 δὲ
2687 1024 2789 1070 νόει
2859 1021 2942 1070 τὸν
3015 1023 3190 1088 τόπον,
3271 1021 3390 1070 ἔνθα
3453 1018 3623 1091 μέλλει
3678 1029 3856 1094 κρῖναι

2259 1107 2283 1156 6
2353 1109 2560 1179 Κύριος*
2644 1105 2981 1177 συλλέγοντας
3066 1103 3144 1174 δὲ,
3230 1111 3346 1167 τοὺς
3413 1106 3685 1179 ἀγγέλους.
3761 1114 3846 1161 καί

2256 1194 2388 1246 καλά
2429 1198 2518 1267 μὲν
2564 1197 2860 1266 θηράματα,
2914 1199 3036 1256 τοὺς
3080 1192 3334 1256 δικαίους
3383 1199 3561 1270 σαπρὰ
3606 1193 3684 1265 δὲ,
3730 1201 3856 1260 τοὺς

3761 1129 3854 1161 και

2255 1286 2527 1357 πονηρους⁸
2601 1283 2784 1356 ἀγγεῖα
2860 1280 2939 1349 δὲ,
3014 1287 3105 1345 τὰς
3186 1284 3680 1359 ἀποκεκληρωμένας
3742 1293 3856 1347 τοῖς

2257 1369 2482 1434 δικαίοις
2523 1375 2702 1444 μονάς.
2754 1371 2927 1425 Τοῖλλα
2973 1368 3031 1425 δὲ
3078 1380 3170 1434 τῆς
3218 1373 3517 1448 παραϐολῆς
3559 1376 3750 1447 ὁμοίως
3793 1374 3853 1426 οὗ

2253 1460 2657 1534 πολυπραγμονη
2667 1464 2794 1515 τέον.

2325 1637 2505 1698 Οὕτως
2537 1669 2601 1678 -
2633 1637 2835 1700 αἰῶνος.
2869 1637 3069 1705 Οὕτως,
3101 1640 3171 1699 ὡς
3200 1637 3328 1713 ἐρεῖ.

2321 1727 2702 1788 Ἐξενεὺσονται
2755 1758 2822 1768 -
2872 1723 3112 1781 ὀδόντων.
3181 1731 3281 1780 Καὶ
3334 1729 3457 1798 μὴν,
3517 1725 3564 1778 ἐν
3618 1735 3688 1798 τῷ
3739 1729 3846 1791 ἑξη-

497 1819 868 1890 sexagesimo
947 1817 1143 1888 primo
1222 1814 1414 1886 capite
1471 1812 1552 1868 ait
1631 1812 1760 1883 ipse
1843 1813 2139 1883 separabit

2252 1824 2424 1885 κοστῷ
2489 1821 2677 1885 πρώτῳ
2733 1814 2990 1886 κεφαλαίῳ
3067 1820 3244 1886 φησὶν,
3301 1819 3379 1867 ὄτι
3435 1815 3587 1876 αὐτὸς
3651 1817 3855 1891 ἀφοριεῖ

497 1925 600 1965 eos
633 1925 667 1964 a
697 1924 757 1962 se
798 1906 1053 1961 invicem
1110 1907 1182 1958 ²⁰.
1246 1902 1400 1968 Quid
1455 1917 1595 1973 ergo
1627 1901 1944 1956 dicendum
2009 1902 2142 1956 est?

499 1997 810 2067 Quodipse
836 1994 1080 2066 quidem
1108 1990 1407 2064 separabit
1433 2006 1534 2046 eos
1565 2006 1673 2045 suo
1700 2007 1873 2060 JUSSU
1905 2007 1918 2043 ε
1948 1990 2143 2058 angeli

498 2101 641 2141 vero
657 2083 1020 2154 separabunt
1032 2097 1133 2136 eos
1147 2079 1508 2151 operatione,
1525 2084 1883 2150 praeceptum
1912 2078 2142 2132 Domini

501 2181 788 2244 tanquam
810 2170 1063 2226 ministri
1087 2171 1493 2240 exsequentes.
1509 2167 1818 2222 Estautem
1838 2181 2136 2237 separare,

497 2262 782 2318 dividere.
831 2259 979 2324 Quia
1017 2273 1158 2314 vero
1193 2257 1253 2312 in
1295 2256 1414 2310 ﬁne
1455 2254 1759 2327 parabolm
1799 2254 1946 2309 dixit
1974 2254 2140 2325 quod

495 2367 681 2422 prava
710 2349 870 2404 foras
923 2347 1282 2418 abjecerunt,
1317 2360 1391 2399 ne
1441 2344 1575 2415 quis
1624 2342 1958 2413 suspicetur
2015 2343 2138 2398 sine

492 2439 756 2511 periculo
811 2453 939 2493 esse
987 2434 1282 2507 ejusmodi
1314 2433 1690 2503 ejectioncm,
1720 2432 2139 2502 interpretatur

491 2528 712 2593 dicens,
743 2526 898 2597 quod
931 2526 1110 2582 etiam
1131 2523 1360 2579 mittent
1413 2537 1514 2578 eos
1546 2521 1607 2576 in
1634 2521 1937 2576 caminum
1958 2519 2136 2588 ignis,

491 2619 550 2672 et
579 2622 807 2672 caetera.

561 2704 729 2759 Vers.
766 2704 853 2758 51.
877 2701 1032 2757 Dicit
1070 2731 1126 2740 —
1151 2698 1349 2755 omnia
1371 2699 1398 2754 ?
1425 2699 1566 2765 Quae
1589 2696 1939 2753 videlicetin
1969 2711 2138 2767 para-

489 2790 645 2846 bolis
701 2789 1043 2845 necessaria
1095 2789 1286 2842 sunt?
1348 2787 1519 2856 Atqui
1565 2784 1790 2840 sciebat
1846 2789 2135 2853 tanquam

494 2881 650 2934 Deus
669 2877 834 2949 quod
861 2893 930 2931 ea
954 2875 1384 2929 intellexerant.
1433 2873 1740 2943 Reliquum
1771 2877 1858 2927 est
1888 2885 2048 2941 ergo,
2076 2875 2140 2927 ut

491 2966 609 3022 hoc
639 2981 803 3020 more
833 2965 1100 3019 humano
1130 2961 1602 3030 interrogaverit.

572 3057 734 3110 Vers.
767 3054 854 3109 51.
904 3053 1124 3107 Dicunt
1177 3079 1246 3090 —
1275 3052 1432 3104 Vers.
1467 3049 1556 3104 52.
1604 3056 1814 3105 vetera.
1851 3049 1996 3103 Cum
2054 3046 2136 3103 illi

497 3144 848 3202 fassiessent
863 3158 923 3196 se
943 3139 1284 3208 intelligere,
1309 3137 1664 3209 parabolam
1683 3136 1976 3192 subinfert
1998 3153 2134 3208 quae

493 3235 725 3298 doceat,
754 3246 964 3286 omnes
982 3228 1237 3298 legitime
1261 3227 1486 3298 abipso
1517 3226 1782 3290 edoctos,
1811 3225 2137 3294 intelligen-

491 3323 575 3379 tia
605 3322 902 3378 ditescere.
955 3317 1186 3386 Omnis,
1224 3316 1432 3388 inquit,
1465 3314 1662 3370 scriba
1713 3314 1831 3370 sive
1895 3314 2136 3384 sapiens

490 3412 733 3466 edoctus
764 3425 799 3463 a
826 3423 962 3476 rege
1015 3405 1302 3460 caelorum
1341 3403 1438 3476 qui
1471 3407 1558 3458 est
1609 3402 1891 3470 Christus,
1923 3400 2133 3456 intelli-

489 3499 685 3569 gentia
723 3497 887 3550 dives
942 3499 1032 3549 est
1064 3511 1077 3559 ;
1105 3494 1370 3557 edoctus,
1404 3491 1674 3562 inquam,
1736 3491 1813 3545 ab
1840 3505 1911 3545 eo
1950 3489 2134 3559 prius-

489 3602 672 3657 quam
687 3583 910 3638 scilicet
937 3581 1176 3637 fallatur
1209 3596 1222 3646 ;
1251 3584 1306 3634 et
1335 3578 1546 3633 similis
1573 3578 1762 3633 factus
1789 3581 1875 3632 est
1904 3575 2132 3631 homini

2253 1904 2440 1965 αὐτοὺς
2469 1902 2557 1954 ἀπ’
2587 1903 2838 1961 ἀλλήλων,
2881 1907 2944 1956 Τί
2973 1900 3059 1955 οὖν
3105 1907 3244 1956 ἔστιν
3286 1903 3480 1970 similia;
3517 1903 3637 1956 Ὀτι
3681 1903 3822 1959 αὐτδ
3828 1927 3851 1968 ς

2250 1994 2339 2064 μὲν
2390 1991 2592 2065 ἀφοριεῖ
2633 1993 2822 2053 αὐτούς
2868 2000 2940 2062 τῷ
2989 1993 3375 2066 προστάγματι’
3429 1995 3477 2044 οἱ
3529 1990 3589 2045 δέ
3631 1995 3845 2066 ἄγγελοι

2251 2079 2554 2152 ἀφοριοῦσιν
2616 2081 2804 2140 αὐτοὺς
2854 2088 2915 2152 τῇ
2985 2083 3229 2156 ἐνεργείᾳ,
3288 2084 3344 2132 τὸ
3409 2086 3727 2154 πρόσταγμα
3783 2088 3845 2136 τό

3437 2171 3729 2246 Ἀφορίζειν
3787 2170 3848 2226 δέ

2248 2257 2360 2309 ἐστι
2400 2260 2458 2309 τὸ
2503 2253 2866 2329 διαχωρίξειν,
2920 2257 3059 2310 Ἐπεὶ
3110 2255 3168 2310 ὁὲ
3215 2257 3263 2309 ἐν
3311 2266 3382 2328 τῷ
3429 2259 3558 2310 τέλει
3604 2257 3700 2320 τῆς
3748 2281 3849 2313 πα-

2249 2173 2559 2220 Δεσποτικὸν
2615 2175 2678 2229 ὡς
2732 2173 2986 2241 ὑπηρέται
3049 2171 3376 2243 πράττοντες.

2245 2345 2468 2419 ραϐολῆς
2525 2342 2676 2410 εἶπεν,
2738 2347 2817 2398 ὅτι
2873 2348 2936 2397 τὰ
2991 2348 3168 2421 σαπρὰ
3224 2346 3318 2408 ἔξω
3375 2345 3568 2411 ἔϐαλον,
3632 2349 3716 2399 ἵνα
3771 2351 3844 2420 μὴ

2245 2434 2476 2507 ὑπολάϐῃ
2506 2454 2600 2499 τις,
2647 2431 2918 2486 ἀκίνδυνον
2966 2433 3093 2486 εἶναι
3133 2440 3226 2492 τὴν
3264 2438 3507 2492 τοιαύτην
3553 2435 3847 2508 ἐξαγωγὴν,

2245 2525 2540 2596 ἡρμήνευσε
2567 2526 2785 2592 ταύτην,
2819 2523 3055 2596 εἰρηκὼς,
3105 2524 3185 2575 ὅτι
3231 2528 3320 2575 καὶ
3366 2522 3616 2596 βαλοῦσιν
3658 2529 3850 2587 αὐτοὺς

2247 2612 2318 2674 εἰς
2341 2617 2434 2669 τὴν
2471 2614 2683 2685 κάμινον
2713 2618 2805 2664 τοῦ
2831 2615 3015 2686 πυρὸς,
3047 2616 3136 2664 καὶ
3163 2615 3228 2665 τά
3256 2611 3395 2674 ἑξῆς.

2315 2705 2469 2770 Λέγει
2499 2733 2566 2741 -
2609 2703 2816 2768 πάντα;
2862 2702 2939 2752 Τά
2980 2699 3238 2772 ἀναγκαῖα
3281 2697 3490 2759 δηλαδὴ
3537 2710 3635 2753 τῶν
3678 2722 3847 2775 παρα-

2246 2788 2423 2842 ϐολῶν.
2488 2795 2587 2842 Καὶ
2654 2795 2777 2862 μὴν,
2841 2791 2907 2850 ὡς
2966 2791 3094 2848 Θεὸς
3141 2788 3434 2860 ἐγὶνωσκεν,
3489 2790 3569 2842 ὅτι
3613 2799 3836 2847 συνῆκαν

2245 2877 2398 2946 αὐτὰ,
2428 2877 2606 2930 λοιπὸν
2636 2875 2743 2943 οὖν,
2776 2879 2843 2940 ὡς
2870 2878 3134 2950 ἄνθρωπος
3158 2885 3312 2929 τοῦτο
3337 2879 3597 2950 ἠρώτησε.

2317 3057 2573 3124 Λέγουσιν
2646 3085 2714 3093 -
2785 3051 3008 3110 παλαιά,
3090 3052 3552 3124 Ὀμολογησὰντων
3625 3060 3836 3124 γνῶναι,

2173 3172 2212 3227 C
2245 3139 2379 3210 λέγει
2425 3139 2717 3213 παραϐολήν
2765 3137 3154 3208 διδάσκουσαν,
3187 3142 3267 3194 ὅτι
3303 3143 3488 3202 πάντες
3532 3142 3579 3192 οἱ
3607 3146 3840 3211 γνησίως

2247 3229 2386 3280 αὐτῶ
2447 3231 2849 3300 μαθητευθέντες
2910 3229 3191 3282 πλουτοῦσι
3251 3236 3466 3300 γνῶσιν.
3543 3235 3650 3289 Πᾶς
3715 3231 3840 3302 γὰρ,

2247 3321 2396 3389 φησὶ,
2456 3320 2820 3390 Γραμματεύς,
2888 3320 3029 3381 ἤτοι,
3108 3320 3286 3388 σοφὸς,
3355 3318 3701 3388 μαθητευθεὶς
3768 3325 3842 3387 τῷ

2246 3405 2455 3457 Βασιλεί
2498 3413 2598 3457 τῶν
2647 3405 2894 3479 οὐρανῶν,
2945 3405 3000 3465 ὃς
3054 3404 3194 3457 ἐστιν
3247 3407 3272 3456 6
3321 3407 3574 3478 Χριστὸς,
3631 3404 3846 3457 πλουτεῖ

2242 3502 2455 3564 γνῶσιν.
2511 3495 2863 3553 Μαθητευθεὶς
2913 3490 2972 3546 δὲ
3020 3493 3180 3562 αὐτῷ,
3231 3497 3330 3568 πρὸ
3381 3494 3492 3564 (48)
3545 3500 3636 3545 τοῦ
3691 3513 3844 3565 σοφι-

2247 3583 2436 3638 σθῆναι
2487 3579 2748 3639 δηλονότι.
2806 3586 2907 3634 Καὶ
2964 3583 3121 3634 ἔοικεν
3167 3580 3418 3654 ἀνθρώπῳ
3468 3578 3841 3654 οἰκοόεσπότη,

2241 3673 2498 3739 τουτέστι,
2547 3669 2799 3740 πλουσίῳ,
2857 3671 3002 3730 ὅστις
3050 3668 3299 3735 ἐκϐάλλει,
3353 3670 3431 3721 ὅτε
3479 3668 3745 3741 βούλεται,
3787 3669 3842 3722 ἐκ

2241 3765 2332 3810 τοῦ
2394 3759 2661 3831 θησαυροῦ
2727 3757 2882 3810 αὐτοῦ
2952 3761 3106 3810 καινὰ
3177 3763 3266 3810 καὶ
3333 3756 3531 3810 παλαιὰ
3598 3762 3832 3831 χρυσία,

2240 3854 2493 3901 Νοοῦνται
2533 3843 2612 3912 δὲ,
2648 3849 2802 3897 καινὰ
2845 3849 2956 3916 μὲν,
2997 3848 3064 3898 τὰ
3109 3853 3203 3908 τῆς
3240 3849 3376 3908 Νέας
3412 3847 3676 3907 Διαθὴκης
3721 3851 3842 3905 νοή-

2240 3953 2401 4008 ματα·
2448 3935 2647 3988 παλαιὰ
2682 3931 2760 4002 δὲ,
2802 3937 2868 3986 τὰ
2910 3944 3004 3997 τῆς
3037 3934 3286 3995 Παλαιᾶς.
3319 3940 3387 3988 T6
3433 3931 3492 3987 δὲ
3529 3937 3625 3986 Διὰ
3660 3942 3839 4002 τοῦτο,

2240 4023 2335 4075 οὐκ
2391 4025 2503 4075 ἔστι
2559 4029 2644 4074 νῦν
2702 4023 3068 4095 αἰτιολογικὸν,
3123 4023 3251 4076 ἀλλὰ
3309 4022 3669 4096 βεϐαιωτικὸν,
3723 4027 3844 4077 ἀντὶ

2239 4117 2354 4179 τοῦ,
2388 4110 2507 4168 Ἀλη
2519 4113 2642 4172 θῶς,

2312 4203 2413 4252 Καὶ
2451 4229 2519 4241 --
2560 4203 2748 4254 αὐτῶν.
2782 4196 3026 4274 Πατρίδα
3063 4199 3221 4252 αὐτοῦ
3258 4199 3413 4271 λέγει,
3447 4203 3540 4258 τὴν
3574 4199 3841 4275 Ναζαρὲτ,

485 3671 922 3746 patrifamilias,
962 3669 1023 3724 id
1053 3672 1158 3734 est,
1213 3666 1391 3732 diviti,
1421 3666 1526 3737 qui
1563 3665 1858 3738 depromit
1887 3663 2132 3736 quando

484 3762 606 3817 vult
633 3761 708 3816 de
739 3760 1012 3814 thesauro
1039 3772 1148 3812 suo
1173 3771 1377 3821 novas,
1399 3760 1742 3826 veteresque
1769 3770 1864 3809 res
1880 3769 2122 3810 aureas.

481 3848 828 3920 Intelligitur
857 3851 1057 3903 autem
1089 3861 1194 3918 per
1223 3859 1400 3913 nova,
1428 3844 1755 3900 intellectus
1782 3844 2133 3898 NoviTesta—

481 3938 713 4001 menti;
771 3952 874 4008 per
927 3941 1128 3991 vetera
1214 3938 1436 4000 autem,
1489 3933 1738 3989 Veteris.
1773 3931 1945 3997 Quod
1997 3947 2130 3987 vero

482 4026 641 4091 dicit,
671 4026 1002 4092 Propterea,
1044 4037 1164 4078 non
1213 4028 1303 4076 est
1332 4035 1492 4076 nunc
1545 4036 1742 4078 causa";
1773 4019 2131 4075 redditivum

483 4115 589 4170 sed
619 4111 1087 4174 conﬁmativum,
1121 4108 1182 4162 id
1208 4112 1315 4173 est,
1343 4123 1500 4161 vere.

557 4203 718 4256 Vers.
753 4199 837 4252 ‘53.
868 4198 944 4251 Et
976 4227 1043 4236 —-
1070 4197 1229 4249 Vers.
1276 4194 1365 4247 54.
1400 4195 1666 4250 illorum.
1720 4193 1970 4248 Patriam
2001 4196 2128 4264 ejus

480 4291 654 4344 vocat
699 4284 981 4341 Nazareth
1009 4287 1296 4352 tanquam
1334 4281 1592 4353 patriam
1634 4280 1831 4339 Matris
1862 4283 2016 4353 ejus,
2071 4285 2128 4337 et

2245 4289 2302 4348 ὡς
2331 4285 2567 4359 πατρίδα
2608 4296 2700 4348 τῆς
2745 4291 2954 4362 Μητρὸς
3005 4287 3165 4340 αὐτοῦ
3213 4292 3303 4341 καὶ
3352 4295 3443 4340 τοῦ
3501 4289 3843 4360 νομιζομένου

479 4376 636 4432 illius
661 4373 763 4445 qui
786 4372 1108 4444 putabatur
1135 4376 1296 4441 pater
1317 4371 1443 4440 ejus
1477 4387 1490 4425 :
1521 4377 1576 4425 et
1607 4375 1897 4442 tanquam
1923 4370 2126 4426 locum

2245 4379 2428 4449 πατρὸς
2479 4376 2660 4444 αὐτοῦ,
2709 4381 2798 4429 καὶ
2847 4379 2911 4438 ὡς
2951 4381 3160 4451 τραφεὶς
3191 4375 3240 4428 ἐν
3285 4376 3440 4450 αὖτῇ.
3486 4381 3623 4435 Φησὶ
3660 4378 3764 4450 γὰρ
3816 4377 3843 4428 6

478 4462 586 4518 ubi
613 4461 868 4517 nutritus
907 4463 1045 4515 erat.
1087 4459 1233 4514 Dicit
1275 4458 1434 4515 enim
1464 4459 1651 4514 Lucas
1701 4459 1868 4531 quod
1897 4460 2128 4517 venerit

2245 4469 2468 4530 Λουκᾶς,
2501 4466 2580 4516 ὅτι
2607 4469 2696 4516 καὶ
2734 4462 2882 4523 ἦλθεν
2910 4465 2981 4527 εἰς
3008 4469 3102 4523 τὴν
3132 4465 3393 4538 Ναζαρὲτ,
3431 4465 3491 4517 οὗ
3521 4462 3581 4523 ἧν
3621 4467 3842 4538 τεθραμ-

476 4550 766 4610 Nazareth
789 4549 888 4605 ubi
913 4547 1105 4606 fuerat
1127 4547 1376 4604 nutritus
1406 4549 1473 4584 ³1·
1498 4547 1758 4603 Docebat
1785 4552 1985 4604 autem
2000 4566 2121 4606 eos.

2245 4556 2399 4624 μένος.
2435 4549 2722 4604 Ἐδίδασκε
2762 4549 2819 4604 δὲ
2868 4552 3076 4620 αὐτοὺς,
3126 4557 3308 4618 τίνας;
3339 4549 3549 4610 Δηλαδὴ
3591 4556 3708 4613 τοὺς
3745 4560 3841 4614 τῆς

475 4640 637 4709 Quos
659 4638 686 4694 ?
711 4639 822 4694 Eos
852 4637 1121 4694 videlicet
1141 4636 1287 4709 quie
1312 4637 1503 4707 patria
1519 4653 1628 4693 sua
1649 4641 1834 4691 erant.
1864 4638 2119 4696 Causam

2245 4638 2492 4716 πατρίδος
2531 4642 2708 4697 αὐτοῦ.
2746 4645 2850 4700 Τὴν
2883 4641 3053 4693 αἰτίαν
3085 4637 3162 4708 δὲ,
3211 4639 3282 4693 δι’
3325 4643 3385 4700 ἣν
3432 4640 3482 4693 ἐν
3527 4649 3637 4702 ταῖς
3675 4661 3833 4693 συνα-

472 4746 608 4786 vero
637 4734 880 4802 propter
908 4743 1094 4799 quam
1120 4727 1176 4781 in
1206 4741 1518 4798 synagoga
1542 4724 1811 4791 docebat,
1846 4727 2126 4797 praedixi-

2245 4738 2427 4803 γωγαῖς
2478 4727 2745 4796 διδάσκει,
2795 4735 3171 4806 προειρήκαμεν
3211 4729 3258 4781 ἐν
3310 4729 3452 4804 ἀρχῇ
3513 4737 3605 4782 τοῦ
3659 4731 3828 4802 τετάρ-

472 4835 611 4877 mus
639 4818 700 4874 in
730 4817 1021 4890 principio
1051 4815 1484 4888 quarticapitis.

2245 4839 2326 4873 του
2356 4819 2628 4892 κεφαλαίου
2639 4861 2650 4876 .

545 4946 595 4982 ³ο
633 4944 832 5000 Matth.
866 4957 1033 5013 χχιιι,
1065 4942 1158 5001 32.
1242 4943 1286 4978 ²¹
1320 4941 1457 4997 Luc.
1487 4956 1563 5008 iv,
1603 4945 1686 4997 t6.

1687 5092 1900 5162 Variae
1919 5093 2261 5165 lectiones
2303 5104 2369 5162 et
2398 5103 2596 5163 notae.

2225 5309 2345 5352 ποις
2373 5286 2648 5355 δοκοῦντα,
2695 5287 2804 5340 ἀλλ’
2837 5287 2896 5340 οὗ
2944 5294 3077 5359 Θεῷ.
3123 5289 3243 5344 Hoc
3297 5289 3495 5359 autem
3520 5285 3683 5359 mihi
3721 5285 3842 5342 dis-

1785 5375 1873 5418 uae
1915 5363 2118 5434 tamen
2227 5361 2423 5434 plicat.
2448 5360 2645 5434 Malim
2669 5374 2812 5434 ergo
2829 5357 3117 5434 sententia
3139 5357 3641 5434 commodissima
3663 5361 3720 5413 et
3741 5371 3841 5413 ex-

463 5430 709 5489 sensum
748 5447 870 5488 non
901 5436 989 5485 est
1014 5430 1661 5504 assecuta,intelligitur
1691 5430 1919 5504 saltem,
1949 5433 2120 5488 illum

2245 5430 2622 5504 peditissirma,
2663 5433 2791 5504 πρὸς
2827 5433 2886 5482 τὸ
2923 5432 3239 5504 σοφισθῆναι
3274 5431 3433 5504 παρὰ,
3454 5437 3541 5482 νοῦ
3576 5435 3836 5504 Χριστοῦἶ

462 5519 706 5577 quoque
735 5504 796 5584 in
826 5501 1166 5585 suo‘codice
1211 5499 1679 5585 reperissehwpé.
1719 5503 1788 5584 Si_
1830 5499 1974 5584 ergo
2023 5505 2122 5585 πρό

2245 5499 2594 5585 Maeci-tueris
2617 5499 2760 5585 ergo
2785 5515 2908 5557 non
2933 5499 3021 5558 est
3046 5502 3304 5585 edoctus,
3332 5499 3460 5571 Sed,
3490 5499 3595 5575 qui
3626 5499 3839 5557 Christi

457 5571 795 5632 necessario
827 5571 1239 5644 explicandum
1278 5571 1392 5634 'est,
1443 5571 1613 5644 aliter
1669 5573 1856 5644 accipi
1894 5571 2120 5644 nequit,
2235 5572 2442 5629 schola
2471 5578 2528 5630 et
2558 5572 2830 5629 doctrina
2861 5588 3005 5629 usus
3036 5576 3145 5629 est.

460 5661 650 5719 quam
704 5650 824 5719 πρὶν
903 5639 1234 5716 διδαχθῆναι
1284 5644 1405 5719 παρ’
1464 5642 1744 5717 ἀνθρώπων
1800 5639 1868 5696 τὰ
1925 5639 2123 5714 ἀνθρὼ-

470 5331 513 5364 L;
691 5299 790 5418 (ii;
819 5290 1133 5416 Aiientenii
1197 5360 1695 5434 ίηίθτρτβΐβίῖοηθι
