4186 6318
270 294 369 351 421

1213 290 1582 349 COMMENT.
1626 291 1695 346 ΙΝ
1732 286 2165 345 MA'I‘TH/EUM.
2206 319 2274 328 —-
2313 289 2465 344 CAP.
2512 290 2654 343 XIII.

3526 282 3629 350 422

339 419 499 471 Ὠστε
530 449 598 458 -
643 414 906 489 δυνάμεις.
961 416 1019 469 Ἦ
1076 422 1232 489 σοφία
1284 425 1382 469 τῶν
1430 417 1612 487 λόγων,
1667 419 1754 467 καὶ
1814 417 1868 466 αἱ

2045 415 2200 467 Vers.
2232 416 2318 467 54.
2352 414 2445 468 Ita
2474 421 2535 468 ut
2564 445 2630 452 —
2660 413 2926 469 virtutes.
2951 415 3253 487 Sapientia
3282 434 3627 473 sermonum

270 505 515 579 δυνάμεις
559 513 656 557 τῶν
685 504 870 575 λόγων.
922 504 987 557 ’Ἡ
1035 502 1276 577 δυνάμεις
1307 505 1452 557 καλεί
1496 506 1561 555 τὰ
1606 505 1863 574 θαύματα.

266 596 533 655 Βλέποντες
600 596 702 666 γὰρ
764 592 917 645 αὐτὸν
986 593 1276 667 ὀψηλότερα
1339 600 1427 665 μὲν
1483 598 1571 643 καὶ
1635 593 1867 643 πιθανώ-

271 703 393 758 τερα
465 692 563 735 τῶν
634 681 796 733 πάλαι
867 681 1185 755 περιϐοήτων
1254 679 1453 755 ἀνδρῶν
1520 676 1866 743 διδάσκοντα,

268 777 479 845 μείζονα
539 768 598 823 δὲ
652 773 894 841 θαύματα
950 779 1215 836 ποιοῦντα,
1280 774 1367 821 καὶ
1422 768 1740 840 ἀγνοοῦντες,
1791 769 1870 818 ὅτι

270 861 425 921 αὐτὸς
480 857 541 917 ἦν
596 864 755 930 σοφία
806 866 938 911 Θεοῦ
998 864 1086 911 καὶ
1136 856 1377 930 δύναμις·
1442 857 1732 928 ἐθαύμαζον
1781 857 1869 926 μὲν

268 954 355 1001 καὶ
404 952 527 1008 τοὺς
570 947 756 1018 λόγους
808 947 968 998 αὑτοῦ
1022 952 1111 998 καὶ
1164 950 1228 999 τά
1280 949 1540 1019 θαύματα·
1599 946 1670 1005 εἰς
1718 944 1872 995 αὐτὸν

272 1035 348 1103 δὲ,
380 1041 468 1089 τὸν
496 1044 712 1088 τοιαῦτα
735 1032 1062 1088 διδάσκοντα
1086 1040 1173 1087 καὶ
1199 1044 1661 1108 τερατουργοῦντα,
1696 1033 1875 1084 ἐσκαν-

275 1122 569 1191 δαλίζοντο,
604 1121 675 1175 δι’
728 1120 878 1175 οὐδὲν
909 1124 1095 1198 ἕτερον,
1138 1128 1168 1181 ἧ
1223 1121 1362 1176 διότι
1404 1128 1586 1195 γονέων
1632 1120 1693 1181 ἧν
1743 1122 1875 1174 εύτε-

273 1213 391 1268 λῶν.
422 1212 553 1266 Ἀλλ’
584 1212 736 1272 όντως
786 1212 970 1283 τυφλὸν
1020 1217 1108 1264 καὶ
1158 1211 1371 1270 ἀνόητον
1422 1215 1446 1263 ὁ
1503 1214 1703 1284 φθόνος.
1760 1210 1873 1281 Ἀφ’

276 1302 343 1352 ὧν
422 1302 520 1373 γὰρ
593 1297 701 1352 ἔδει
775 1300 964 1372 μᾶλλον
1032 1301 1337 1370 θαυμάζειν,
1409 1305 1499 1352 καὶ
1572 1307 1879 1374 προσκυνεῖν

270 1390 446 1456 αὐτὸν,
505 1390 583 1441 ὅτι
627 1391 874 1440 τοιούτων
918 1392 1106 1459 γονέων
1149 1397 1381 1450 τοιοῦτος
1434 1389 1687 1463 προῆλθεν
1738 1389 1875 1459 υἱὸς,

266 1477 366 1530 ἀπὸ
393 1480 587 1531 τούτων
615 1477 683 1538 εἰς
709 1478 864 1529 αὐτόν
897 1474 1363 1538 σκανδαλίζονται.

331 1653 456 1725 Οὐχ
512 1653 661 1712 οὗτος
718 1683 785 1692 —
839 1652 980 1719 εἰσί;
1026 1657 1191 1704 Ταυτὶ
1258 1654 1429 1705 πάντα
1483 1652 1597 1704 κατ’
1678 1653 1847 1725 ἐρώτη

1977 505 2032 556 et
2064 501 2301 555 virtutes
2335 500 2668 556 verborum.
2703 504 2816 555 Aut
2847 504 3087 559 virtutes
3116 511 3291 561 vocat
3322 507 3628 562 miracula.

1976 590 2253 644 Videntes
2276 590 2432 644 enim
2452 607 2587 644 eum
2609 593 2921 651 docentem
2940 611 3073 666 quae
3095 594 3420 651 excelsiora
3440 600 3629 661 erant,

1980 677 2288 747 magisque
2339 678 2615 748 apposita
2654 681 2731 735 ad
2772 683 3258 753 persuadendum
3288 700 3472 755 quam
3504 702 3633 756 qum

1978 765 2300 820 docuerant
2329 766 2436 819 viri
2461 769 2764 837 quondam
2792 771 3075 840 insignes,
3111 770 3422 828 facientem
3452 774 3631 829 etiam

1980 853 2212 921 majora
2251 853 2553 920 miracula,
2598 860 2653 911 et
2690 856 3026 927 ignorantes
3065 874 3201 913 eum
3244 861 3343 915 Dei
3375 877 3505 917 esse
3544 878 3633 917 sa-

1980 940 2264 1011 pientiam
2294 958 2362 997 ac
2392 942 2682 1009 virtutem,
2712 946 3082 1002 mirabantur
3102 952 3157 1001 et
3178 964 3482 1005 sermones
3505 955 3633 1019 ejus

1982 1035 2037 1083 et
2082 1030 2390 1086 miracula.
2447 1030 2918 1089 Offendebantur
2965 1041 3161 1091 autem
3208 1051 3312 1106 per
3344 1053 3501 1102 eum,
3531 1041 3635 1109 qui

1982 1117 2122 1173 talia
2171 1117 2409 1173 doceret
2456 1136 2525 1175 ac
2558 1122 2846 1178 miracula
2890 1123 3242 1193 hujusmodi
3286 1124 3505 1191 ederet,
3554 1126 3634 1181 ob

1984 1205 2140 1261 aliud
2170 1205 2336 1275 nihil,
2359 1207 2471 1261 nisi
2493 1209 2657 1279 quod
2678 1210 3005 1267 humilibus
3021 1217 3187 1267 ortus
3214 1219 3365 1268 esset
3384 1214 3635 1284 parenti-

1984 1293 2123 1351 bus.
2147 1294 2262 1349 Sed
2274 1311 2407 1350 vere
2420 1311 2572 1351 caeca
2589 1302 2642 1353 et
2663 1298 2968 1355 insensata
2990 1316 3081 1355 res
3104 1305 3192 1355 est
3212 1300 3453 1358 invidia.
3475 1302 3641 1358 Unde

1989 1382 2145 1438 enim
2196 1384 2389 1451 magis
2437 1385 2721 1441 admirari
2758 1403 3019 1460 eumque
3067 1389 3315 1445 adorare
3366 1392 3639 1461 oportuit,

1988 1470 2151 1543 quod
2174 1471 2251 1527 ab
2273 1472 2571 1542 ejusmodi
2593 1475 2938 1545 parentibus
2962 1477 3089 1532 talis
3117 1478 3461 1548 progenitus
3493 1486 3643 1536 esset

1989 1558 2166 1629 ﬁlius,
2199 1559 2337 1614 inde
2366 1577 2466 1631 per
2497 1578 2633 1616 eum
2666 1562 3144 1620 offendebantur.

2059 1649 2223 1704 Vers.
2258 1653 2343 1707 55,
2375 1649 2465 1705 56.
2496 1651 2651 1705 Num
2682 1652 2777 1707 hic
2806 1682 2873 1692 —
2910 1660 3048 1708 sunt
3079 1653 3106 1707 ?
3138 1657 3269 1709 Haec
3301 1656 3507 1712 omnia
3536 1673 3643 1729 per

261 1762 342 1795 σιν
416 1741 789 1812 ἀναγνωστέον.
862 1746 1244 1814 Λιαποροῦντες
1306 1743 1407 1813 γάρ
1475 1741 1644 1811 ἔλεγον
1711 1746 1881 1791 ταῦτα

1994 1735 2513 1805 interrogationem
2546 1738 2796 1807 legenda
2827 1746 2964 1796 sunt
2991 1761 3003 1799 :
3036 1757 3179 1797 nam
3204 1742 3331 1797 haec
3361 1744 3641 1801 haesitan-

257 1834 391 1906 πρὸς
465 1829 735 1901 ἀλλήείους.
807 1833 941 1900 Πρὸς
1012 1832 1146 1900 ἡμᾶς
1219 1826 1296 1896 δὲ,

260 1926 410 1992 ήμῖν.

346 2009 511 2059 Πόθεν
570 2038 623 2047 -
686 2004 1060 2077 πάντα;Ὀρα
1120 2004 1335 2077 βαθεῖαν
1388 2007 1587 2062 οἷνοιαν.
1648 2009 1877 2075 Λέγουσι

272 2098 399 2167 γὰρ,
451 2096 551 2155 ὅτι,
604 2094 748 2146 Ἐπεὶ
817 2098 1003 2164 γονέων
1060 2093 1268 2145 εὐτελῶν
1320 2093 1455 2161 ἐστι,
1514 2095 1665 2145 πόθεν
1722 2093 1873 2144 ἄλλο·

1843 2182 1867 2197 ν

277 2184 356 2235 θεν
410 2186 575 2253 τούτῳ
632 2190 799 2233 ταῦτα
848 2185 1018 2234 πάντα
1064 2187 1469 2255 προσεγένοντος
1515 2187 1614 2234 Καὶ
1662 2186 1783 2253 μήν,
1835 2184 1873 2231 ὧ

1377 1828 1489 1880 ἀντὶ
1562 1836 1674 1895 τοῦ,
1742 1836 1854 1902 Παρ

274 2273 505 2342 μάταιοι,
539 2271 631 2322 οὐκ
674 2270 774 2322 ἀπό
821 2275 1007 2341 γονέων
1051 2271 1305 2341 εύκγείας,
1351 2268 1463 2322 οὐδ’
1513 2269 1614 2321 ἀπὸ
1663 2272 1875 2341 χρημά-

272 2379 369 2411 των
429 2356 726 2430 δαψιλείας,
788 2360 817 2417 ἢ
871 2361 1107 2411 τοιούτου
1158 2363 1317 2424 τινὸς,
1372 2357 1480 2410 ἀλλ’
1537 2358 1589 2420 ἐξ
1638 2362 1872 2431 εναρέτου

273 2448 536 2509 πολιτείας
581 2449 611 2506 ἡ
662 2456 854 2519 γνῶσις
880 2452 969 2499 καὶ
1000 2449 1066 2499 τὰ
1097 2450 1337 2520 θαύματα
1364 2449 1530 2500 θεόθεν
1575 2454 1684 2508 τοῖς
1715 2446 1875 2509 ἀξίοις

277 2535 613 2607 χαρίζονται.

354 2626 450 2674 Καὶ
473 2652 538 2663 -
560 2622 717 2693 αύτῷ.
754 2622 893 2675 Ἀντὶ
919 2629 1031 2689 τοῦ,
1066 2621 1180 2676 Ἐπ’
1213 2621 1373 2691 αὐτῷ.

356 2717 417 2762 -Ο
485 2707 543 2762 δὲ
594 2709 800 2771 Ἰησοῦς
845 2741 914 2750 -
960 2711 1139 2764 αὐτοῦ.
1204 2710 1262 2762 Ὁ
1320 2707 1377 2762 δὲ
1439 2711 1648 2783 Μάρκος
1716 2710 1869 2774 εἶπεν,

279 2798 353 2851 ὃτι
404 2799 467 2853 Εἰ
518 2804 588 2871 μή
640 2798 687 2851 ἐν
734 2806 796 2871 τῇ
852 2795 1071 2872 πατρίδι
1126 2798 1303 2870 αὐτοῦ,
1357 2803 1446 2851 καὶ
1498 2798 1545 2850 ἐν
1598 2805 1708 2859 τοῖς
1753 2818 1875 2869 συγ-

278 2892 470 2959 γενέσι,
524 2892 612 2939 καὶ
668 2887 716 2938 ἐν
782 2896 844 2957 τῇ
908 2890 1047 2959 οἰκίᾳ
1122 2887 1301 2942 αὐτοῦ.
1372 2884 1875 2960 Παραδειγματικῶς

286 2972 346 3027 δὲ
400 2976 580 3027 ἑαυτὸν
627 2973 877 3033 ἐδήλωσεν
923 2978 948 3028 ό
992 2981 1242 3049 Χριστός.
1298 2979 1402 3031 Καὶ
1449 2977 1497 3028 ἐν
1540 2981 1629 3048 μὲν
1684 2985 1745 3049 τῇ
1778 2997 1875 3028 πα-

284 3061 431 3135 τρίδι
489 3067 677 3138 εἴρηκε,
731 3061 823 3117 διὰ
876 3072 1050 3117 πᾶσαν
1106 3070 1200 3123 τήν
1248 3068 1510 3137 Ναζαρέτ’
1565 3064 1612 3116 ἐν
1667 3062 1725 3117 δὲ
1770 3072 1877 3128 τοῖς
1911 3100 1950 3157 C

278 3156 573 3223 συγγενέσι,
632 3151 723 3204 ὸιά
787 3157 904 3213 τοὺς
969 3150 1311 3211 ὁπωσδήποτε
1374 3161 1636 3225 συγγενεῖς
1694 3155 1872 3207 αὐτοῦ·

275 3239 324 3292 ἐν
375 3237 434 3292 δε
486 3248 549 3312 τῇ
605 3241 764 3313 οἰκίᾳ,
823 3238 915 3294 διὰ
970 3246 1156 3313 μόνους
1214 3246 1336 3304 τοὺς
1386 3239 1642 3315 ἀδελφοὺς
1699 3244 1872 3296 αὐτοῦ·

272 3331 457 3389 πάντες
525 3332 625 3404 γὰρ
683 3330 842 3382 αὐτοῦ
894 3335 1260 3402 κατεφρόνουν·
1328 3333 1375 3382 οἱ
1440 3334 1550 3403 μὲν,
1625 3334 1688 3392 ὡς
1749 3353 1879 3404 συμ-

271 3423 595 3491 πατριὼτου,
630 3420 678 3469 οἱ
724 3414 800 3489 δὲ,
850 3421 914 3478 ὡς
950 3426 1249 3489 συγγενοῦς,
1296 3421 1344 3471 οἱ
1394 3416 1471 3489 δὲ,
1518 3422 1588 3480 ὡς
1635 3417 1876 3492 ἀδελφοῦ.

271 3510 368 3560 Διὸ
448 3512 538 3558 καὶ
623 3508 891 3579 ὑπερφυῶς
972 3503 1365 3579 εὐδοκιμοῦντος
1446 3505 1879 3569 ἐσκανδαλίζοντο

268 3594 362 3647 ἐπ’
415 3594 578 3665 αὐτῷ,
634 3599 923 3660 τουτέστιν,
973 3596 1066 3646 ούκ
1115 3593 1373 3653 ἠδύναντο
1430 3599 1689 3649 πιστεύειν
1742 3598 1881 3668 αύτῷ

270 3682 382 3736 διὰ
410 3686 496 3734 τὸν
545 3684 747 3754 φθόνον,
792 3684 835 3735 εἰ
878 3688 969 3735 καὶ
1012 3685 1061 3735 οἱ
1110 3687 1197 3755 μὲν
1244 3683 1431 3748 πλεῖον,
1486 3687 1533 3735 οἱ
1576 3681 1634 3736 δὲ
1678 3686 1881 3737 ἔλαττον

268 3773 546 3845 ἐφθόνουν,
620 3773 729 3822 Οὐκ
795 3774 934 3822 ἔστιν
1010 3773 1114 3837 οὖν,
1204 3776 1353 3842 φησὶ,
1434 3777 1699 3846 προφήτης
1763 3776 1883 3825 οἶτι-

265 3879 402 3933 μος,
436 3859 557 3932 παρ’
593 3859 704 3930 (49)
736 3860 812 3919 οἷς
857 3856 997 3911 δοκεί
1041 3865 1329 3932 προφήτης,
1384 3860 1427 3911 εἰ
1468 3865 1538 3930 μή
1586 3860 1632 3911 ἐν
1678 3869 1737 3933 τῇ
1789 3882 1884 3914 πα-

264 3945 434 4023 τρίδι
508 3947 664 3998 αὐτοῦ
718 3952 807 3999 καὶ
883 3946 929 3998 ἐν
1002 3955 1109 4008 τοῖς
1175 3952 1467 4018 συγγενέσι,
1547 3953 1634 4000 καὶ
1698 3948 1745 4000 ἐν
1821 3959 1881 4023 τῇ

268 4039 429 4108 οἰκίᾳ
499 4035 679 4089 αὐτοῦ.
746 4035 906 4087 Οὗτοι
974 4034 1090 4108 λὰρ,
1148 4040 1320 4087 καίτοι
1391 4041 1660 4108 προφήτην
1733 4039 1885 4090 αὐτὸν

268 4119 503 4188 εἰδότες,
571 4124 709 4194 ὅμως
765 4132 1177 4197 καταφρονοῦσιν
1250 4123 1427 4187 αὐτοῦ,

620 3771 729 3822 Οὐκ
795 3774 934 3822 ἔστιν
1010 3771 1114 3837 οὖν,

1508 4121 1600 4176 διά
1674 4145 1727 4177 τε
1793 4131 1886 4185 τήν

270 4213 537 4289 ῥηθεῖσαν
589 4211 776 4277 αἰτίαν,
840 4216 927 4263 καὶ
986 4209 1124 4263 διότι
1170 4214 1236 4263 τὰ
1298 4215 1517 4277 συνήθη,
1574 4213 1887 4286 εὐκαταφρό-

274 4319 443 4357 νητα.
500 4299 558 4350 ’0
625 4296 684 4351 δε
736 4305 943 4361 Λουκᾶς
998 4296 1153 4364 εἶπεν,
1223 4302 1302 4352 ὅτι
1358 4297 1554 4361 Οὐδεὶς
1622 4306 1891 4374 προφήτης

282 4386 478 4449 δεκτός
527 4386 667 4439 ἐστιν
714 4386 762 4439 ἐν
815 4396 875 4459 τῇ
934 4385 1153 4460 πατρίδι
1205 4388 1386 4457 αὐτοῦ,
1443 4384 1623 4441 δεκτόν
1662 4388 1892 4442 κάκεῖνον

282 4477 477 4546 λέγων,
508 4479 593 4526 τόν
614 4480 804 4546 τίμιον.

373 4563 479 4617 Καὶ
526 4593 592 4603 -
644 4562 829 4617 αὐτῶν.
894 4564 1162 4635 Δυνάμεις,
1210 4565 1274 4615 τὰ
1332 4565 1574 4636 θαύματα
1622 4564 1775 4634 λέγει,
1828 4566 1897 4625 ὡς

299 4648 571 4723 δυνάμεως
627 4652 760 4711 θείας
809 4652 953 4725 ἔργα.
1002 4655 1102 4704 Καὶ
1135 4652 1231 4725 ὅρα
1270 4656 1472 4723 σοφίαν.
1522 4652 1762 4709 Ἐποίησε
1808 4655 1896 4724 μὲν

301 4741 431 4812 γὰρ,
482 4740 561 4792 ἶνα
609 4743 680 4812 μή
729 4736 1003 4806 δύνωνται,
1052 4738 1233 4811 λέγειν,
1292 4741 1371 4792 ὅτι
1425 4747 1607 4793 Μισῶν
1655 4741 1795 4811 ἡμᾶς
1840 4740 1898 4791 ού

308 4829 577 4900 θεραπεύει
632 4832 753 4889 τοὺς
808 4828 856 4880 ἓν
913 4830 1036 4901 ἡμῖν
1102 4833 1190 4881 καὶ
1246 4829 1346 4896 ὅτι,
1416 4828 1477 4880 Εἰ
1532 4827 1740 4886 ἐποίησε
1812 4833 1900 4881 καὶ

299 4917 432 4991 μαρ¹
486 4919 632 4989 ἡμῖν,
677 4916 1051 4989 ἐπιστεύσαμεν
1104 4918 1165 4969 ἄν
1220 4921 1309 4969 καὶ
1358 4919 1526 4989 ἡμεῖς.
1586 4916 1660 4968 Oti
1712 4916 1900 4979 πολλὰς

302 5001 386 5073 δὲ,
460 5001 553 5057 διὰ
619 5010 713 5065 τήν
780 5005 1026 5059 ἀπιστίαν
1100 5005 1290 5077 αὐτῶν,
1349 5007 1431 5058 ὅτι
1481 5009 1569 5058 καὶ
1624 5008 1900 5078 γινομένων

376 5182 419 5218 ι’
442 5183 613 5240 Marc.
642 5199 722 5249 vi,
753 5186 806 5240 4.
839 5186 884 5222 ³³
912 5184 1043 5241 Luc.
1072 5197 1152 5248 1v,
1171 5185 1263 5239 24.

1988 1826 2074 1879 tes
2104 1822 2361 1879 invicem
2392 1825 2696 1883 dicebant.

2055 2001 2217 2056 Vers.
2252 2005 2338 2056 56.
2395 2002 2558 2059 Unde
2589 2033 2656 2044 -
2694 2003 2891 2060 omnia
2930 2003 2958 2060 ‘P
2989 2005 3131 2061 Vide
3163 2010 3495 2066 extremam
3534 2011 3637 2065 de-

1985 2089 2291 2144 mentiam.
2323 2088 2531 2145 Dicunt
2553 2092 2708 2146 enim
2737 2110 2748 2146 :
2774 2092 3125 2149 Parentibus
3147 2101 3311 2151 ortus
3336 2105 3427 2152 est
3456 2100 3639 2154 tenui-

1984 2175 2097 2231 bus
2121 2177 2277 2232 unde
2305 2193 2445 2247 ergo
2468 2180 2603 2233 huic
2626 2180 2827 2235 omnia
2850 2182 2961 2236 ista
2987 2186 3440 2252 provenerunt?
3461 2188 3639 2258 Atqui

1983 2280 2019 2319 o
2051 2267 2201 2330 vani,
2239 2282 2349 2319 non
2377 2267 2454 2321 ob
2482 2273 2795 2337 parentum
2829 2272 3304 2337 generositatem,
3348 2292 3530 2344 neque
3561 2277 3639 2331 ob

1983 2352 2317 2408 divitiarum
2352 2353 2736 2420 afﬂuentiam,
2771 2362 2872 2411 aut
2902 2356 3063 2412 aliud
3098 2359 3405 2430 quippiam
3432 2362 3640 2433 hujus-

1984 2441 2168 2507 modi,
2229 2441 2331 2496 sed
2389 2442 2469 2497 ob
2522 2445 2827 2512 egregiam
2884 2445 3063 2500 vitam
3128 2446 3511 2517 intelligentia
3568 2466 3639 2506 ac

1982 2528 2271 2585 miracula
2300 2530 2583 2585 divinitus
2621 2531 2713 2585 his
2742 2532 2847 2602 qui
2878 2531 3043 2602 digni
3078 2541 3217 2590 sunt
3247 2537 3564 2593 donantur.

2052 2619 2216 2675 Vers.
2258 2623 2344 2673 57.
2377 2619 2453 2672 Et
2486 2649 2550 2658 —
2582 2634 2732 2675 eum.
2768 2619 2889 2676 Hoc
2916 2626 3003 2677 est
3033 2638 3210 2693 super
3235 2622 3359 2680 illo.

2049 2707 2208 2761 Vers.
2266 2706 2352 2760 57.
2410 2707 2573 2762 Jesus
2621 2716 2817 2764 autem
2848 2739 2917 2749 —
2968 2725 3099 2764 sua.
3161 2713 3386 2766 Marcus
3439 2719 3639 2771 autem

1980 2791 2126 2848 dixit
2158 2810 2170 2847 :
2212 2794 2342 2849 Nisi
2380 2795 2439 2848 in
2473 2796 2675 2864 patria
2713 2812 2839 2864 sua,
2880 2801 2930 2851 et
2968 2796 3122 2853 inter
3158 2808 3445 2870 cognatos,
3490 2808 3543 2857 et
3581 2804 3640 2857 in

1980 2881 2143 2937 domo
2170 2897 2300 2937 sua.
2334 2884 2382 2917 ²²
2402 2883 2491 2937 Ab
2518 2884 2791 2955 exemplo
2823 2890 3023 2940 autem
3058 2886 3314 2957 seipsum
3344 2889 3637 2957 signiﬁca-

1982 2971 2061 3027 vit
2081 2972 2361 3037 Christus,
2390 2972 2468 3028 Et
2489 2975 2551 3028 in
2571 2974 2797 3042 patria,
2821 2974 2969 3030 dixit
2992 2981 3235 3047 propter
3256 2983 3438 3034 totam
3460 2982 3640 3036 Naza-

1982 3062 2130 3117 reth.
2151 3062 2314 3118 Inter
2338 3069 2609 3132 cognatos
2632 3079 2771 3119 vero
2794 3069 3035 3135 propter
3062 3081 3163 3120 eos
3181 3067 3282 3136 qui
3300 3069 3639 3137 quomodo-

1983 3165 2218 3220 cunque
2237 3151 2473 3220 cognati
2505 3151 2633 3221 ejus
2650 3157 2815 3207 erant
2842 3168 2855 3216 ;
2881 3156 2939 3206 ln
2964 3152 3145 3207 domo
3164 3160 3381 3217 autem,
3400 3162 3642 3226 propter

1985 3239 2143 3294 solos
2170 3237 2376 3295 fratres
2404 3239 2543 3307 ejus.
2579 3240 2796 3294 Omnes
2824 3240 2982 3294 enim
3014 3240 3421 3309 despiciebant
3452 3260 3590 3300 eum
3624 3262 3638 3312 ;

1984 3326 2065 3381 illi
2094 3326 2335 3397 quidem
2366 3330 2655 3397 tanquam
2687 3327 3026 3398 patriotam,
3060 3329 3152 3383 isti
3184 3345 3325 3385 vero
3358 3331 3520 3386 velut
3548 3350 3642 3389 co-

1987 3420 2258 3484 gnatum,
2290 3414 2349 3469 hi
2380 3419 2578 3469 autem
2609 3413 2782 3486 quasi
2814 3414 3084 3472 fratrem.
3123 3417 3262 3472 Ideo
3294 3419 3471 3474 etiam
3504 3438 3643 3477 cum

1987 3502 2504 3574 supernaturaliter
2536 3503 3037 3571 magniﬁcaretur,
3071 3502 3530 3563 oﬁ'endebantur
3555 3526 3645 3563 su-

1987 3606 2093 3663 per
2110 3606 2199 3655 eo,
2224 3590 2337 3646 hoc
2359 3596 2468 3659 est,
2492 3597 2735 3662 propter
2758 3590 3045 3646 invidiam
3067 3593 3117 3647 ei
3136 3594 3373 3649 credere
3390 3612 3512 3651 non
3537 3614 3645 3667 po-

1988 3683 2178 3735 terant
2212 3695 2226 3744 ;
2253 3679 2361 3734 etsi
2390 3680 2638 3750 quidam
2671 3681 2885 3749 magis,
2916 3680 3165 3751 quidam
3198 3686 3400 3737 autem
3450 3685 3648 3739 minus

1989 3768 2340 3823 inviderent.
2399 3767 2531 3821 Non
2588 3771 2672 3821 est
2714 3783 2876 3836 ergo,
2934 3768 3146 3839 inquit,
3200 3771 3473 3839 propheta
3528 3774 3650 3828 sine

1994 3856 2209 3912 honore
2239 3856 2402 3926 apud
2428 3871 2579 3926 quos
2610 3856 2840 3910 videtur
2872 3857 3185 3927 propheta,
3217 3860 3333 3912 nisi
3360 3861 3423 3914 in
3447 3861 3647 3928 patria

1993 3959 2101 3999 sua
2131 3950 2181 4000 et
2210 3944 2365 3999 inter
2382 3950 2658 4012 cognatos
2680 3950 2733 3999 et
2760 3944 2821 3998 in
2847 3944 3016 3999 domo
3036 3961 3165 4001 sua.
3202 3946 3267 4000 Hi
3284 3948 3443 4001 enim
3465 3963 3652 4019 quan-

1993 4048 2179 4103 quam
2198 4032 2551 4103 prophetam
2574 4046 2711 4087 eum
2734 4047 2859 4087 esse
2878 4038 3192 4099 noverunt,
3220 4040 3420 4090 tamen
3447 4035 3655 4108 despi-

1995 4122 2158 4176 ciunt
2178 4136 2315 4175 eum
2338 4124 2578 4191 propter
2606 4135 2852 4176 causam
2882 4120 3103 4176 dictam
3129 4137 3142 4187 ;
3166 4128 3221 4177 et
3249 4122 3392 4193 quia
3416 4130 3654 4181 assueta

1996 4208 2167 4264 facile
2222 4208 2650 4279 despiciuntur.
2704 4208 2898 4264 Lucas
2950 4214 3152 4265 autem
3190 4210 3379 4266 dixit:
3434 4213 3653 4269 Nullus

1992 4299 2267 4369 prapheta
2298 4300 2570 4366 acceptus
2596 4304 2675 4353 est
2694 4297 2757 4352 in
2787 4298 2981 4366 patria
2998 4315 3107 4355 sua
3140 4300 3209 4369 ³⁸,
3231 4315 3455 4357 vocans
3474 4302 3653 4359 etiam

1998 4387 2131 4457 ipse
2160 4389 2491 4457 acceptum,
2524 4385 2586 4440 id
2611 4385 2777 4457 quod
2803 4386 2865 4441 in
2892 4386 3120 4443 honore
3151 4392 3259 4444 est.

2075 4563 2244 4618 Vers.
2282 4566 2371 4618 58.
2397 4564 2481 4618 Et
2499 4594 2569 4604 —
2595 4562 2849 4618 illorum.
2883 4562 3133 4618 Virtutes
3164 4562 3302 4619 dicit
3328 4566 3615 4624 miracula
3640 4584 3653 4621 :

2006 4654 2301 4723 tanquam
2317 4651 2533 4707 divinae
2555 4650 2784 4705 virtutis
2808 4666 3015 4721 opera.
3044 4651 3255 4705 Etvide
3276 4654 3655 4723 sapientiam.

2006 4740 2164 4795 Fecit
2202 4739 2499 4811 siquidem
2537 4738 2789 4809 aliquas,
2832 4753 2904 4792 ne
2934 4736 3128 4794 dicere
3164 4745 3408 4809 possent
3451 4761 3463 4794 :
3510 4742 3661 4807 Quia

2008 4828 2147 4885 odio
2172 4844 2282 4884 nos
2311 4828 2509 4897 habet,
2540 4843 2664 4883 non
2694 4829 2858 4881 curat
2891 4842 2992 4881 eos
3022 4828 3126 4898 qui
3152 4833 3286 4883 sunt
3316 4829 3477 4900 apud
3507 4845 3617 4885 nos
3643 4848 3657 4887 :

2009 4917 2219 4988 quodsi
2244 4917 2423 4973 etiam
2456 4917 2607 4989 apud
2636 4931 2746 4971 nos
2777 4915 2906 4970 haec
2932 4916 3161 4987 egisset,
3196 4916 3659 4974 credidissemus

2008 5006 2209 5076 utique
2230 5010 2287 5061 et
2309 5021 2447 5065 nos.
2476 5007 2611 5065 Non
2632 5005 2853 5062 multas
2879 5008 3097 5072 autem,
3125 5012 3369 5077 propter
3391 5007 3664 5066 incredu-

1507 5306 1725 5378 Variae
1763 5306 2092 5376 lectiones
2133 5317 2199 5375 et
2246 5313 2449 5375 notae.

378 5497 492 5579 (49)
543 5504 625 5579 ita
655 5503 843 5579 etiam
862 5498 1207 5579 Hentenius.
1261 5502 1373 5559 Sed
1403 5501 1524 5577 παρ’
1553 5504 1630 5566 οἷς
1669 5504 1881 5563 videtui

1994 5519 2065 5561 οι
2112 5501 2415 5579 postulare
2444 5517 2564 5560 non
2599 5499 2641 5557 εἰ
2681 5505 2776 5576 μὴ,
2811 5502 2909 5560 sed
2942 5501 3047 5555 ἀλλ’
3077 5502 3124 5556 ἒν
3156 5509 3242 5579 τῇ.
3281 5503 3476 5563 Malim
3526 5519 3665 5574 ergo

310 5572 433 5651 παρ’
462 5572 511 5645 ὃ,
545 5576 603 5633 id
634 5580 724 5633 est
752 5577 880 5629 καθὸ
914 5572 1061 5630 δοκεῖ
1086 5581 1370 5646 προφήτης.
