4186 6318
546 302 648 356 423

543 514 718 570 bant.
759 515 1076 584 Propterea
1106 515 1327 567 Marcus
1357 527 1595 583 quoque
1627 510 1771 566 dixit
1799 528 1811 565 :
1845 512 1922 566 Et
1952 513 2201 568 miraba-

547 611 647 658 tur
665 608 910 672 propter
932 603 1408 658 incredulitatem
1431 617 1628 655 eorum
1653 603 1707 663 ²⁴,
1737 605 1965 656 tantam
1998 601 2202 655 videli-

540 696 630 747 cet
682 691 1141 762 impudentiam.
1203 689 1314 744 Sed
1357 689 1668 743 Matthmus
1707 688 1952 760 quidem
2012 689 2196 744 dixit:

539 782 673 836 Non
708 781 852 850 fecit
884 780 966 834 ibi
1008 781 1249 834 virtutes
1278 779 1495 832 multas
1531 795 1542 831 :
1578 777 1806 831 Marcus
1836 793 1976 831 vero
2009 795 2021 831 :
2075 779 2200 833 Nec

531 869 725 938 potuit
756 869 838 922 ibi
866 884 936 922 ne
967 882 1146 922 unam
1205 866 1428 938 quidem
1469 866 1746 920 virtutem
1799 867 2049 934 operari.
2088 866 2200 919 nisi

535 958 695 1028 quod
727 973 940 1027 paucos
974 956 1242 1027 infirmos
1265 954 1556 1023 impositis
1588 953 1850 1007 manibus
1881 954 2107 1007 curavit
2139 955 2193 1004 ’5.

535 1045 847 1110 Quomodo
879 1061 1017 1114 ergo
1040 1043 1204 1112 dixit,
1228 1043 1387 1114 quod
1404 1044 1535 1096 Non
1558 1043 1748 1110 potuit
1777 1042 1804 1094 ?
1837 1042 1982 1106 Quia
2008 1042 2200 1113 impo-

531 1134 778 1189 tentiam
795 1149 1010 1188 vocare
1038 1133 1296 1187 solemus
1320 1147 1441 1186 non
1468 1131 1660 1186 solum
1679 1130 1972 1185 defectum
1991 1134 2198 1202 poten-

532 1222 645 1293 tiae,
676 1237 886 1278 verum
926 1222 1106 1277 etiam
1137 1221 1630 1292 impedimentum
1673 1218 1856 1289 hujus
1896 1223 2000 1274 aut
2041 1219 2196 1274 illius

531 1326 753 1380 causae,
788 1310 940 1365 sicut
969 1310 1149 1366 etiam
1183 1325 1364 1365 nunc.
1398 1307 1768 1378 Impediebat
1800 1308 1961 1362 enim
2006 1308 2197 1364 incre-

529 1400 750 1455 dulitas
806 1399 1045 1454 illorum
1087 1399 1307 1470 quibus
1353 1396 1714 1452 beneficium
1777 1395 2192 1466 praestabatur.

529 1492 654 1544 Non
707 1491 933 1558 poterat
970 1503 1130 1557 ergo,
1173 1486 1285 1540 hoc
1316 1490 1421 1548 est,
1453 1483 1891 1555 impediebatur
1929 1501 1942 1550 ;
1975 1488 2032 1539 et
2079 1500 2195 1540 non

528 1577 842 1649 oportebat
870 1592 973 1631 eos
1000 1576 1216 1631 invitos
1249 1573 1542 1630 beneﬁcio
1569 1575 1820 1629 aﬂicere.

599 1665 757 1720 CAP.
815 1667 969 1720 XXV.
1020 1666 1109 1721 De
1155 1665 1386 1720 Herode
1436 1662 1740 1719 tetrarcha
1770 1663 1897 1734 ,qui
1918 1662 2194 1718 Joannem

1196 1751 1524 1809 interemit.

599 1845 742 1913 Cap.
769 1845 896 1897 XIV.
927 1845 1095 1896 Vers.
1123 1843 1166 1895 Ι.
1191 1843 1254 1895 In
1281 1872 1349 1880 —
1380 1842 1441 1893 V.
1475 1842 1527 1893 2.
1555 1840 1684 1895 illo.
1721 1837 1946 1895 Similia
1975 1837 2114 1893 dicit
2141 1841 2195 1893 et

526 1933 753 1987 Marcus
771 1933 842 1986 ’6.
870 1933 1056 1984 Lucas
1083 1944 1221 1983 vero
1253 1929 1334 1983 ait
1366 1947 1378 1982 :
1412 1928 1664 1984 Audiuit
1696 1926 1952 1982 Herodes
1984 1930 2196 1980 tet-rar-

530 2018 639 2072 c/ia
669 2018 940 2072 universa
961 2032 1094 2088 qua:
1117 2017 1334 2082 ﬁebant
1364 2015 1438 2071 ab
1466 2031 1526 2070 eo
1555 2032 1570 2080 ;
1599 2021 1650 2070 et
1679 2015 1941 2070 haerebat
1963 2029 2026 2070 eo
2050 2013 2195 2083 quod

527 2106 824 2162 diceretur
853 2123 886 2158 α
924 2105 1276 2175 quibusdam
1307 2104 1466 2175 quod
1495 2103 1746 2159 Joannes
1769 2103 2125 2158 surrexisset
2155 2117 2193 2158 a

525 2195 769 2250 mortuis
793 2213 806 2253 :
836 2211 869 2248 a
889 2192 1236 2264 quibusdam
1254 2207 1390 2248 vero
1419 2193 1580 2262 quod
1605 2193 1771 2247 Elias
1795 2191 2188 2260 apparuisset;

527 2284 600 2338 ab
617 2284 752 2340 aliis
781 2289 991 2349 autem,
1024 2283 1182 2352 quod
1200 2282 1488 2352 propheta
1520 2280 1802 2351 quispiam
1833 2295 1907 2336 ex
1935 2279 2190 2349 antiquis

527 2372 892 2429 surrexisset.
927 2373 1003 2426 Et
1035 2371 1190 2426 dixit
1221 2371 1500 2433 Herodes,
1533 2370 1823 2425 Joannem
1869 2384 1971 2438 ego
2002 2369 2190 2423 decol-

529 2461 670 2516 lavi:
707 2461 838 2531 quis
868 2466 950 2516 est
983 2466 1173 2514 autem
1207 2461 1315 2515 iste
1343 2459 1413 2514 de
1441 2475 1546 2528 quo
1570 2474 1671 2529 ego
1702 2458 1852 2514 talia
1882 2457 2064 2513 audio
2091 2456 2189 2513 ?et

526 2549 794 2618 cupiebat
819 2549 1012 2604 videre
1041 2564 1171 2604 eum
1199 2550 1264 2613 ’7,

597 2637 916 2700 Quomodo
947 2653 1088 2707 ergo
1122 2636 1435 2691 Matthaaus
1467 2639 1522 2690 et
1551 2637 1775 2691 Marcus
1827 2634 2188 2704 scripserunt

525 2724 691 2795 quod
733 2723 1076 2778 affirmabat
1117 2722 1411 2790 Herodes,
1444 2722 1646 2793 ipsum
1687 2737 1814 2775 esse
1843 2723 2136 2776 Joannem
2171 2738 2184 2786 ;

524 2814 711 2867 Lucas
734 2826 892 2880 vero,
913 2811 1074 2881 quod
1095 2810 1430 2864 dicentibus
1458 2809 1573 2864 hoc
1597 2807 1983 2879 quibusdam,
2010 2809 2188 2863 Hero-

523 2898 630 2953 des
677 2898 873 2968 potius
931 2897 1246 2952 asserebat
1289 2911 1411 2951 non
1471 2911 1600 2950 esse
1637 2895 1827 2950 illum.
1877 2895 2178 2961 Joannem,

520 2986 733 3057 inquit,
769 3002 865 3055 ego
896 2986 1207 3052 decoltavi,
1262 2984 1461 3055 itaque
1517 2998 1892 3054 consequens
1937 2987 2026 3039 est
2059 2999 2184 3039 non

522 3090 651 3131 esse
680 3075 884 3146 ipsum
915 3077 1206 3130 Joannem
1237 3073 1264 3129 ?
1295 3072 1446 3140 Quid
1482 3087 1624 3142 ergo
1658 3071 1925 3128 dicemus
1955 3072 1982 3126 ‘I
2015 3071 2182 3136 Quod

519 3164 854 3236 suspicatus
876 3164 1034 3218 hunc
1060 3179 1096 3219 a
1122 3161 1373 3218 mortuis
1397 3161 1742 3230 surrexisse,
1768 3176 1837 3216 ac
1865 3159 2183 3215 miraculo-

521 3269 656 3307 rum
687 3252 940 3322 gratiam
985 3251 1064 3306 ob
1090 3251 1375 3321 injustam
1424 3249 1514 3305 sui
1555 3249 1781 3305 caedem
1807 3265 1842 3304 a
1873 3251 1990 3304 Deo
2021 3265 2182 3304 acce-

521 3341 682 3413 pisse
713 3360 725 3409 ;
759 3341 843 3396 eis
877 3346 1076 3396 tamen
1111 3339 1217 3412 qui
1247 3339 1360 3394 hoc
1391 3338 1691 3404 dicebant,
1723 3337 2030 3394 asserebat
2057 3351 2181 3392 non

524 3445 652 3484 esse
699 3428 1016 3496 Joannem,
1050 3443 1118 3482 ne
1148 3427 1226 3484 ad
1269 3443 1407 3482 eum
1435 3429 1855 3482 concurrerent
1883 3431 1938 3481 et
1980 3429 2183 3481 contra

525 3533 587 3572 se
635 3517 984 3572 seditionem
1057 3517 1442 3580 concitarent,
1499 3515 1621 3569 suis
1680 3520 1883 3570 autem
1938 3513 2178 3569 famulis

524 3605 891 3660 conﬁdenter
911 3604 1238 3673 detegebat,
1266 3608 1579 3658 secretum.
1604 3602 1754 3657 Nam
1780 3599 1972 3662 παῖδας
1993 3603 2105 3658 hoc
2124 3603 2181 3656 in

522 3692 656 3748 loco
681 3709 789 3764 pro
818 3693 1105 3748 ministris
1131 3692 1334 3764 posuit
1359 3691 1754 3760 Evangelista.
1780 3691 1844 3746 Id
1871 3695 2069 3748 autem
2097 3690 2180 3746 eis

523 3781 787 3846 conﬁdit,
817 3782 982 3853 quod
1011 3781 1172 3837 hunc
1201 3781 1460 3836 maxime
1489 3781 1721 3837 timeret
1746 3785 2035 3853 tanquam
2066 3779 2180 3835 for-

521 3870 729 3926 tiorem
773 3870 901 3941 jam
943 3869 1239 3936 effectum,
1274 3875 1328 3925 et
1376 3869 1551 3942 quasi
1582 3869 1850 3926 futurum
1891 3873 2058 3936 esset,
2117 3872 2180 3925 ut

517 3959 797 4030 deinceps
837 3960 1240 4014 vehementius
1272 3973 1410 4014 eum
1443 3962 1734 4027 argueret.
1776 3961 1841 4012 Et
1877 3958 2013 4013 vide
2051 3972 2180 4013 rem

517 4047 957 4103 admirandam.
974 4048 1028 4099 Is
1040 4047 1143 4117 qui
1157 4047 1537 4101 interemerat
1555 4047 2177 4117 timetinteremptum.

515 4133 671 4189 Talis
689 4137 776 4187 est
796 4133 954 4187 enim
983 4133 1079 4202 qui
1105 4132 1342 4202 iniquus
1368 4137 1473 4196 est,
1501 4137 1566 4188 ut
1585 4137 1642 4188 et
1667 4136 1934 4188 mortuos
1954 4133 2175 4198 timeat,

523 4225 580 4276 et
624 4220 755 4275 talis
797 4225 885 4273 est
922 4219 1024 4291 qui
1058 4219 1330 4274 virtutem
1365 4219 1522 4284 colit,
1555 4225 1620 4276 ut
1670 4234 1954 4292 pavorem
1997 4222 2177 4278 etiam

515 4312 649 4380 post
671 4310 922 4362 mortem
950 4305 1234 4362 immittat
1263 4307 1613 4363 viventibus.
1643 4307 1942 4364 Incidente
1977 4312 2176 4364 autem

516 4394 828 4453 occasione
871 4395 946 4451 de
984 4395 1233 4462 Joanne,
1279 4400 1484 4452 narrat
1528 4399 1958 4470 consequenter
2001 4412 2178 4454 evan-

517 4485 728 4557 gelista
757 4500 878 4556 quo
909 4484 1091 4540 modo
1121 4488 1390 4541 mortuus
1423 4485 1517 4543 sit.

587 4576 630 4644 -ξ-
658 4573 916 4629 Herodes
965 4574 1070 4629 iste
1117 4572 1228 4630 fuit
1275 4573 1432 4628 filius
1479 4574 1608 4646 ejus
1656 4575 1762 4646 qui
1813 4575 2068 4632 infantes
2115 4577 2175 4633 in

520 4663 818 4719 Bethleem
855 4662 1170 4718 interemit.

583 4753 746 4808 Vers.
832 4753 1087 4808 Herodes
1105 4751 1248 4809 enim
1265 4783 1333 4794 —
1346 4753 1511 4808 Vers.
1543 4757 1572 4808 5
1587 4794 1600 4808 .
1623 4751 1929 4808 habebant.
1948 4756 2174 4809 Marcus

517 4846 718 4898 autem
749 4841 899 4897 dixit
936 4841 1094 4914 quod
1150 4841 1434 4897 Herodias
1487 4840 1884 4896 insidiabatur
1937 4843 2007 4909 ei,
2060 4842 2175 4898 hoc

517 4934 622 4997 est,
677 4932 926 4987 molesta
979 4931 1060 4987 illi
1113 4937 1282 4999 erat;
1336 4929 1694 5002 volebatque
1745 4946 1886 4986 eum
1945 4931 2178 4988 occide-

1858 295 2200 354 EUTHYMII
2243 297 2575 355 ZIGABENI

546 427 772 482 litatem
798 440 1014 490 eorum,
1044 425 1186 496 quia
1214 439 1324 479 nec
1353 423 1445 479 his
1473 438 1610 494 quae
1641 423 1809 478 factae
1838 428 1972 479 sunt
2001 423 2189 479 crede-

2310 424 2564 482 ἠπίστουν
2615 428 2708 479 ἔτι.

3807 304 3916 364 424

2785 428 2871 477 Διὸ
2922 431 3010 478 καὶ
3081 429 3106 478 6
3159 428 3370 499 Μάρκος
3435 426 3588 496 εἶπεν,
3661 432 3742 482 ὅτι
3810 438 3916 485 Καὶ

2309 510 2568 583 ἐθαύμαζε
2600 509 2691 564 διὰ
2730 518 2823 571 τὴν
2870 512 3114 565 ἀπιστίαν
3153 515 3343 581 αὐτῶν,
3377 513 3614 574 δηλονότι
3661 527 3916 571 τοσοῦτον

2311 599 2788 671 ἀναισχυντοῡσαν.
2848 601 2984 654 Ἀλλ’
3044 604 3068 654 ὁ
3118 607 3205 674 μὲν
3266 607 3535 667 Ματθαῖός
3591 626 3770 676 φησιν,
3829 610 3916 660 ὃτι

2309 689 2419 740 Οὐκ
2471 688 2708 746 ἐποίησεν
2758 689 2859 742 ἐκεῖ
2913 688 3159 762 δυνάμεις
3211 692 3417 753 πολλάς·
3475 695 3500 744 6
3561 692 3618 745 δὲ
3675 698 3914 769 Μάρκος,

2308 780 2385 828 ὅτι
2437 783 2534 829 Καὶ
2581 778 2674 828 οὐκ
2718 775 2948 835 ἠδυνατο
2979 779 3079 831 ἐκεῖ
3119 777 3365 851 οὐδεμίαν
3415 778 3635 854 δύναμιν
3665 792 3914 853 ποιῆσαι,

3703 879 3911 945 χεῖρας,

2307 953 2640 1027 ἐθεράπευσε.
2673 961 2786 1015 Πῶς
2833 951 2919 1006 οὖν
2961 953 3118 1023 εἶπεν,
3175 957 3253 1008 ὅτι
3301 957 3394 1008 οὐκ
3434 955 3711 1015 ἠδύνατοτ
3765 966 3914 1013 Διότι

2308 866 2350 916 εἰ
2435 871 2505 936 μη
2586 865 2783 936 ὀλίγοις
2868 866 3154 940 ἀρρώστοις
3249 868 3437 930 ἐπιθεὶς
3515 873 3610 930 τὰς

2307 1038 2598 1113 ἀδυναμίαν
2712 1042 2979 1114 ὀνομάζειν
3071 1044 3335 1116 εἰώθαμεν,
3432 1045 3490 1097 οὐ
3583 1052 3736 1118 μόνον
3817 1055 3916 1108 τὴν

2304 1130 2523 1200 ἔλλειψιν
2562 1140 2651 1189 τῆς
2700 1127 2986 1204 δυνάμεως,
3035 1130 3160 1184 ἀλλὰ
3197 1139 3286 1185 καὶ
3328 1137 3414 1186 τὸν
3445 1131 3772 1207 ἐμποδισμόν
3814 1146 3911 1198 τῆς

2304 1220 2415 1279 οἵας
2474 1215 2540 1276 δή
2607 1238 2740 1279 τινος
2798 1221 2989 1289 αἰτίας,
3063 1220 3236 1295 ὥσπερ
3295 1227 3384 1274 καὶ
3438 1230 3544 1276 νῦν.
3609 1221 3913 1285 Ἐνεπὸδιζε

2302 1309 2401 1377 γὰρ
2487 1307 2626 1378 αὐτῷ
2697 1311 2725 1366 ἡ
2807 1307 3028 1361 ἀπιστία
3093 1317 3192 1360 τῶν
3266 1309 3718 1383 εὐεργετουμένων,
3793 1313 3911 1365 Οὐκ

2303 1391 2532 1453 ἠδύνατο
2563 1397 2670 1464 οὖν,
2701 1396 2814 1448 ἀντὶ
2840 1404 2950 1468 τοῦ,
2985 1394 3360 1461 Ἐνεποδίζετο.
3396 1405 3496 1452 Καὶ
3528 1401 3621 1452 οὐκ
3652 1397 3758 1454 ἔδει
3783 1400 3910 1473 (50)

2305 1481 2494 1555 βιαίως
2524 1483 2798 1558 εὐεργετεῖν
2827 1485 2982 1538 αὐτού
2994 1508 3032 1548 ς.

2553 1667 2696 1716 ΚΕΦ.
2729 1660 2843 1716 KE'.
2878 1668 3002 1736 Περὶ
3029 1664 3262 1717 Ἰωάννου
3291 1668 3380 1718 καὶ
3399 1663 3655 1740 Ἡρώδου.

2375 1838 2453 1888 Ἐν
2529 1835 2702 1908 ἐκείνῳ
2772 1869 2839 1877 -
2905 1837 3062 1908 αὐτῷ.
3143 1841 3218 1891 Τὰ
3293 1841 3447 1912 ὅμοια
3509 1841 3646 1913 λέγει
3709 1848 3802 1895 καὶ
3881 1849 3909 1897 ὁ

2298 1928 2529 1998 Μάρκος.
2579 1926 2636 1977 Ὀ
2695 1923 2753 1978 δὲ
2808 1933 3014 1988 Λουκᾶς
3065 1947 3243 1998 φησιν,
3293 1930 3373 1980 ὃτι
3421 1929 3676 1983 Ἤκουσεν
3731 1931 3911 2006 Ἡρώ-

2299 2011 2400 2075 δης
2455 2017 2480 2065 6
2556 2017 2846 2086 τετράρχης
2916 2018 2982 2066 τὰ
3037 2020 3280 2088 γινόμενα
3346 2017 3432 2070 ὑπ’
3490 2019 3645 2071 αὐτοῦ
3702 2024 3900 2091 πάντα,

2296 2108 2385 2154 καὶ
2468 2099 2731 2174 διηπόρει,

2299 2191 2538 2250 Ἰωάννης
2595 2189 2869 2263 ἐγήγερται
2923 2190 2976 2242 ἐκ
3029 2202 3236 2267 νεκρῶν·
3311 2195 3409 2246 ὑπὸ
3476 2215 3625 2247 τινων
3681 2193 3762 2267 δὲ,
3821 2199 3906 2249 ὅτι

2815 2100 2908 2154 διὰ
2970 2108 3027 2156 τὸ
3096 2104 3336 2176 λέγεσθαι
3402 2107 3502 2158 ὑπό
3571 2127 3745 2175 τινων,
3821 2111 3903 2161 ὅτι

2297 2279 2456 2340 Ηλίας
2487 2279 2667 2350 ἐφάνη·
2699 2277 2860 2330 ἄλλων
2889 2275 2966 2343 δὲ,
3009 2281 3088 2331 ὅτι
3119 2286 3390 2352 προφήτης
3419 2283 3486 2342 εἷς
3526 2292 3624 2334 τῶν
3657 2282 3902 2356 ἀρχαίων

2295 2364 2506 2422 ἀνέστη.
2544 2371 2641 2418 Καὶ
2675 2363 2808 2418 εἶπεν
2837 2364 3043 2440 Ἡρώδη
3057 2388 3095 2430 ς·
3130 2368 3364 2427 Ἰωάννην
3397 2369 3490 2441 ἐγὼ
3521 2369 3899 2443 ἀπεκεφάλισαο

2293 2460 2375 2517 τίς
2415 2453 2474 2507 δέ
2513 2454 2652 2508 ἐστιν
2698 2456 2844 2516 οὗτος
2877 2463 2994 2532 περὶ
3044 2457 3103 2509 οὗ
3152 2457 3251 2530 ἐγώ
3300 2457 3472 2511 ἀκούω
3502 2468 3762 2529 τοιαῦτα;
3800 2468 3934 2516 Καὶ·

2293 2543 2460 2604 ἐζήτει
2497 2541 2625 2596 ἰδεῖν
2655 2545 2831 2599 αὐτόν.

2365 2639 2478 2691 Πῶς
2523 2629 2608 2683 οὖν
2657 2635 2923 2695 Ματθαῖος
2979 2638 3068 2706 μὲν
3119 2639 3209 2687 καὶ
3261 2638 3471 2709 Μάρκος
3505 2637 3756 2711 ἔγραψαν,
3812 2642 3898 2692 ὅτι

2294 2716 2643 2772 διεϐεϐαιοῦτο
2715 2718 2977 2796 Ἡρώδης,
3054 2723 3207 2774 αὐτὸν
3288 2721 3414 2776 εἶναι
3489 2730 3575 2777 τὸν
3628 2727 3888 2785 Ἰωάννην·

2292 2809 2316 2859 6
2374 2805 2431 2860 δε
2481 2815 2703 2880 Λουκᾶς,
2754 2812 2834 2862 ὅτι
2881 2811 3126 2882 λεγόντων
3178 2817 3330 2865 τοῦτό
3382 2833 3554 2879 τινων,
3599 2813 3892 2886 ὁἮρώδης

2291 2897 2478 2968 μᾶλλον
2526 2895 2652 2963 εἷπε,
2703 2903 2773 2970 μὴ
2823 2895 2951 2952 εἶναι
2997 2909 3197 2952 τοῦτον·
3241 2902 3481 2960 Ἰωάννην
3533 2907 3651 2978 γὰρ,
3703 2908 3879 2973 φησιν,

2291 2984 2388 3056 ἐγὼ
2448 2985 2816 3058 ἀπεκεφάλισα,
2876 2993 2964 3040 καὶ
3026 2989 3202 3042 λοιπὸν
3269 2991 3361 3042 οὐκ
3419 2994 3558 3044 ἔστιν
3618 2993 3877 3053 Ἰωάννης,

2218 3078 2350 3168 CTi
2426 3070 2511 3125 οὖν
2579 3074 2982 3149 ἐροῦμεν;”οτι
3057 3078 3324 3130 ὑπολαϐὼν
3396 3079 3450 3132 ἐκ
3513 3089 3699 3153 νεκρῶν
3772 3079 3895 3133 ἄνα-

2292 3169 2479 3220 στῆναι
2523 3170 2724 3229 τοῦτον,
2790 3170 3106 3237 χαρίσματα
3157 3169 3430 3239 θαυμάτων
3497 3167 3552 3220 ἐκ
3609 3175 3740 3222 Θεοῦ
3797 3168 3896 3221 λα-

2291 3249 2465 3321 ϐόντα,
2527 3248 2620 3303 διὰ
2680 3257 2772 3311 τὴν
2837 3251 3021 3306 ἄδικον
3075 3254 3258 3308 ἑαυτοῦ
3313 3260 3537 3328 σφαγὴν,
3608 3261 3732 3330 πρὸς
3801 3277 3894 3330 μεν

2288 3343 2411 3401 τοὺς
2460 3348 2613 3392 τοῦτο
2671 3340 2928 3412 λέγοντας,
2994 3340 3119 3409 εἶπε,
3173 3349 3243 3416 μὴ
3306 3341 3432 3396 εἶναι
3488 3348 3573 3396 τὸν
3625 3346 3892 3416 Ἰωάννην,

2289 3427 2374 3478 ἶνα
2424 3433 2494 3500 μὴ
2550 3426 2965 3503 προσδράμωσιν
3020 3431 3178 3502 αὐτῷ,
3235 3437 3324 3484 καὶ
3381 3435 3716 3486 στασιάσωσι
3772 3440 3892 3488 κατ’

2289 3517 2464 3568 αὐτοῦ·
2526 3520 2652 3589 πρὸς
2709 3513 2766 3570 δὲ
2820 3523 2940 3580 τοὺς
2989 3519 3189 3580 οἰκέτας
3240 3521 3398 3572 αὑτοῦ
3455 3521 3632 3596 θαρρεῖ
3681 3525 3738 3574 τὸ
3793 3544 3900 3596 μυ-

2292 3609 2525 3677 στήριον,
2585 3603 2788 3668 Παῖδας
2853 3610 2954 3681 γὰρ
3025 3616 3132 3674 νῦν,
3204 3613 3324 3670 τοὺς
3390 3609 3592 3670 οἰκέτας
3662 3607 3797 3663 εἶπεν
3867 3614 3895 3664 ὁ

2289 3693 2678 3764 εὐαγγελιστης.
2759 3695 2954 3770 Θαρρεῖ
3037 3694 3096 3748 δὲ
3173 3697 3344 3758 αὐτοῖς
3423 3707 3595 3764 τοῦτο,
3683 3697 3899 3773 σφόδρα

2291 3779 2554 3842 δειλιάσας
2601 3790 2800 3849 τοῦτον,
2852 3787 2918 3845 ὡς
2975 3783 3316 3858 ἰσχυρότερον
3371 3782 3476 3845 ἢδη
3531 3792 3894 3860 γεγενημένον,

2287 3875 2377 3923 καὶ
2431 3868 2773 3946 σφοδρότερον
2825 3872 2980 3924 αὐτὸν
3037 3873 3325 3946 ἐλέγξοντα.
3383 3879 3482 3928 Καὶ
3536 3877 3632 3946 ὅρα
3691 3877 3896 3948 θαυμα-

2291 3962 2433 4027 στὸν,
2488 3961 2513 4011 6
2571 3963 2821 4031 φονεύσας
2874 3960 3105 4032 φοϐεῖται
3181 3965 3266 4014 τὸν
3336 3966 3717 4035 πεφονευμένον.
3771 3971 3897 4017 Τοι-

2288 4054 2434 4100 οῦτον
2477 4051 2576 4120 γὰρ
2625 4049 2651 4100 6
2694 4053 2872 4110 κακός
2925 4049 3154 4122 φοϐεῖται
3202 4055 3291 4102 καὶ
3337 4055 3454 4113 τοὺς
3503 4054 3730 4124 νεκρούς.
3786 4058 3890 4107 Καὶ

2287 4143 2518 4187 τοιοῦτον
2576 4137 2601 4187 6
2654 4135 2905 4210 ἐνάρετος,
2961 4137 3112 4210 φόϐον
3165 4138 3390 4210 ἐμποιῶν
3443 4146 3550 4201 τοίς
3604 4140 3742 4200 ζῶσι
3795 4146 3891 4195 καὶ

2287 4225 2415 4294 μετὰ
2476 4224 2712 4279 θάνατόν.
2791 4229 3232 4302 Παρεμπεσούσης
3311 4223 3371 4280 δὲ
3436 4235 3525 4288 τῆς
3589 4231 3726 4282 κατά
3798 4233 3892 4282 τὸν

2285 4309 2521 4370 Ἰωάννην
2595 4314 2907 4384 ὑποθέσεως,
2976 4314 3153 4369 λοιπὸν
3219 4317 3245 4366 6
3312 4316 3684 4389 εὐαγγελιστής
3751 4314 3884 4376 διη-

2285 4407 2476 4472 γεῖται,
2509 4409 2612 4462 πῶς
2639 4401 2908 4460 ἀπέθανεν.

2357 4579 2397 4648 -ι-
2430 4575 2595 4641 Οὗτος
2639 4579 2767 4650 (50⁸)
2813 4581 2838 4631 6
2889 4578 3110 4652 Ηρώδης
3157 4583 3268 4642 υἱὸς
3313 4577 3374 4640 ἧν
3418 4588 3508 4634 τοῦ
3537 4583 3602 4635 τὰ
3635 4581 3801 4657 βρέφη
3834 4581 3884 4634 ἐν

2285 4667 2513 4740 Βηθλεὲμ
2546 4667 2956 4730 ἀποκτείναντος.

2354 4755 2412 4809 '0
2469 4760 2568 4831 γὰρ
2617 4754 2856 4829 Ἡρώδης
2910 4788 2980 4798 -
3026 4757 3190 4829 εἶχον.
3239 4757 3298 4809 Ὀ
3358 4754 3417 4811 δὲ
3475 4761 3682 4833 Μάρκος
3719 4755 3874 4824 εἶπεν,

2286 4845 2366 4898 ὃτι
2411 4846 2441 4903 ἡ
2507 4842 2750 4918 Ηρωδιὰς
2806 4845 2995 4918 ἐνεῖχεν
3069 4847 3228 4918 αὐτῷ,
3303 4852 3591 4917 τοῦτέστιν,
3664 4847 3882 4900 ἑνεκὸτει

2287 4935 2448 5006 αὐτῷ,
2502 4939 2592 4988 καὶ
2648 4934 2730 4988 ὁτι
2783 4934 2957 4995 ἤθελεν
3026 4936 3180 4990 αὐτὸν
3235 4934 3556 5007 ἀποκτεῖναι,
3623 4941 3713 4990 καὶ
3788 4936 3885 4990 οὐκ

589 5055 637 5091 ιι
679 5055 854 5111 Marc.
886 5072 960 5123 Vl,
986 5056 1041 5114 6.
1072 5056 1120 5092 ιι
1151 5054 1304 5114 Ibid.
1329 5056 1385 5111 δ.
1417 5055 1465 5092 ιο
1490 5053 1640 5112 Ibid.
1669 5054 1756 5111 44.
1791 5056 1836 5091 ’τ
1870 5056 2012 5114 Luc.
2041 5073 2120 5128 ιχ,
2145 5058 2202 5125 7,
2241 5058 2298 5115 9.

1719 5231 1945 5302 Variae
1984 5233 2314 5302 lectiones
2354 5241 2420 5300 et
2465 5243 2672 5304 notae.

617 5425 702 5491 50)
732 5427 904 5484 Recte
933 5420 1280 5491 Hentenius,
1312 5423 1557 5481 invitos.

617 5429 680 5483 50
732 5429 904 5484 Recte
933 5429 1280 5491 Hentenius,
1312 5429 1557 5481 invitos.

613 5429 705 5569 5οζ
753 5501 967 5554 Neuter
997 5495 1799 5569 meorumnmchagnoscit.
1853 5497 2176 5554 chtenius

520 5567 724 5637 etiam,
753 5569 837 5625 uti
865 5584 938 5626 ex
962 5568 1134 5638 signo
1159 5567 1348 5623 crucis
1371 5567 1448 5624 ab
1469 5567 1572 5625 illo
1599 5568 1796 5626 addito
1821 5569 2087 5636 discitur.
2117 5571 2178 5625 in

2281 5427 2554 5505 margine
2582 5428 2682 5505 sui
2717 5428 2941 5487 codicis
2964 5432 3203 5505 reperit.
3242 5435 3550 5497 Translata
3582 5441 3724 5498 sunt
3749 5437 3886 5498 haec

2284 5515 2355 5557 ex
2381 5499 2706 5574 Theophyl.
2738 5515 2799 5575 p.
2831 5505 2921 5575 80,
2964 5502 3028 5558 B.
