4186 6318
215 300 335 355 425

1221 294 1591 351 COMMENT.
1630 292 1699 347 IN
1742 289 2175 347 MATTHrEUM.
2208 321 2275 330 —
2307 290 2469 347 CAP.
2508 290 2663 348 XIV.

3498 294 3604 350 426

215 421 482 482 ἠδύνατο.
531 422 659 476 Εἶτα
704 423 994 495 προσέθηκε
1060 425 1149 471 καὶ
1216 424 1308 477 τήν
1377 419 1547 470 αἰτίαν
1611 426 1699 469 τοῦ
1759 422 1828 489 μή

1945 432 2025 479 re,
2074 431 2183 470 nec
2235 419 2484 486 poterat.
2526 414 2748 470 Deinde
2798 431 3047 472 causam
3092 430 3337 487 quoque
3375 417 3607 474 addidit

217 510 495 565 δύνασθαι
553 513 715 569 αὐτήν
763 510 947 563 ἀνελεῖν
1009 509 1183 563 αὐτόν.
1243 516 1430 580 Εἰρηκε
1484 510 1609 578 γὰρ,
1668 509 1746 557 ὅτι
1805 509 1829 557 6

212 598 471 675 (Ηρωδης
520 600 749 671 ἐφοϐεῖτο
792 603 877 651 τόν
932 600 1190 666 Ἰωάννην,
1243 594 1393 656 εἰδὼς
1438 596 1612 661 αὐτόν,
1662 593 1831 667 ἄνδρα

221 688 439 742 δίκαιον
501 695 591 741 xui
660 689 828 760 ἅγιον,
883 693 971 739 καὶ
1039 692 1305 759 συνετήρει
1370 685 1543 750 αὐτόν,
1603 689 1691 735 καὶ
1754 686 1830 735 ὅτι

221 778 431 831 ἀκούων
517 778 677 830 αὐτοῦ
738 776 900 830 πολλὰ
992 775 1169 839 ἐποίει,
1259 778 1348 826 xui
1414 770 1584 833 ἡδέως
1671 772 1830 823 αὑτοῦ

224 873 407 927 ἤκουε.
458 869 638 923 Ταῦτα
696 869 785 937 μὲν
838 861 925 916 οὖν
987 866 1260 934 ἱστόρησεν
1293 864 1317 913 6
1366 864 1598 935 Μάρκος.
1643 861 1703 914 Εἰ
1749 857 1828 928 δὲ,

227 953 386 1017 εἰδὼς
448 955 605 1007 αὐτὸν
659 956 685 1006 6
745 950 984 1028 Ἡρώδης
1041 949 1211 1024 ἄνδρα
1264 948 1467 1003 δίκαιον
1519 956 1608 1002 xui
1659 949 1827 1020 ἅγιον,

232 1050 506 1117 συνετήρει
587 1043 761 1108 αὐτὸν,
845 1050 956 1103 πῶς
1022 1044 1221 1115 εἰρηκεν
1287 1042 1311 1090 6
1388 1041 1676 1101 Ματθαῖος,
1752 1039 1830 1088 ὅτι

227 1134 382 1192 ἤθελε
421 1137 507 1205 μὲν
558 1132 711 1183 αὐτὸν
758 1130 1077 1196 ἀποκτεῖναι,
1110 1128 1336 1200 ἐφοϐεῖτο
1382 1126 1440 1181 δὲ
1496 1131 1581 1180 τόν
1631 1125 1828 1198 ὄχλον;

233 1227 345 1275 Καὶ
388 1223 432 1274 εἰ
475 1221 634 1274 πολλὰ
696 1219 876 1284 ἐποίει,
911 1218 977 1269 ὧν
1040 1220 1066 1269 ό
1128 1217 1364 1276 Ἰωάννης
1436 1217 1673 1288 παρῄνει,
1742 1219 1831 1266 καὶ

239 1312 287 1363 εἰ
349 1308 512 1369 ἡδέως
566 1309 722 1361 αὐτοῦ
777 1309 933 1366 ήκουε
987 1314 1378 1379 παραινοῦντος,
1446 1302 1592 1357 διατί
1645 1300 1830 1360 ἔδησεν

233 1400 397 1451 αὐτὸν
444 1404 530 1450 καὶ
587 1396 897 1463 ἀπέκλεισε;
952 1400 1110 1457 Διότι,
1168 1395 1202 1446 οἰ
1252 1400 1340 1467 μέν
1396 1414 1552 1466 φησιν
1605 1396 1630 1445 6
1683 1396 1828 1465 Μάρ-

1944 520 2048 558 cur
2080 504 2177 558 illa
2208 519 2329 558 non
2365 508 2600 573 poterat
2629 519 2765 558 eum
2797 504 3086 560 occidere.
3125 506 3212 559 Ait
3245 505 3405 560 enim
3438 508 3605 578 quod

1944 594 2200 647 Herodes
2255 591 2557 646 metuebat
2605 593 2916 661 Joannem,
2972 594 3164 648 sciens
3213 609 3351 649 eum
3408 596 3603 652 virum

1937 680 2165 749 justum
2189 685 2243 734 et
2260 684 2551 743 sanctum,
2575 694 2645 734 ac
2663 680 3043 749 observabat,
3063 682 3252 747 illum,
3275 687 3330 738 et
3348 684 3602 739 audiens

1943 783 2080 821 eum
2134 767 2321 823 multa
2367 766 2641 836 faciebat,
2691 767 3060 839 libenterque
3109 785 3249 825 eum
3298 771 3598 828 audiebat.

1942 858 2073 910 Haec
2106 871 2252 910 sane
2281 855 2514 927 scripsit
2557 859 2785 912 Marcus
2834 858 2901 910 ³⁸.
2950 858 3117 922 Quod
3162 859 3209 913 si
3241 859 3433 915 sciens
3464 876 3603 916 eum

1942 944 2129 999 virum
2167 945 2397 1014 justum
2431 949 2487 999 et
2518 950 2790 1001 sanctum
2837 945 3197 1001 obserbavat
3229 946 3415 1012 illum,
3457 965 3605 1020 quo-

1941 1032 2123 1088 modo
2155 1033 2301 1088 dixit
2327 1032 2648 1097 Matthaeus,
2678 1032 2843 1104 quod
2869 1033 3108 1088 volebat
3141 1049 3279 1088 cum
3310 1034 3601 1101 occidere,

1940 1120 2192 1176 timebat
2222 1125 2424 1176 autem
2467 1120 2960 1176 multitudinem?
3003 1121 3289 1177 Praeterea
3331 1122 3381 1177 si
3413 1122 3607 1179 multa

1941 1209 2198 1265 faciebat
2227 1225 2435 1264 eorum
2464 1224 2601 1280 quae
2631 1209 2891 1264 Joannes
2936 1209 3323 1275 admonebat,
3368 1214 3425 1265 et
3454 1210 3501 1264 si
3532 1210 3605 1265 li-

1940 1298 2150 1354 benter
2162 1314 2296 1352 eum
2312 1297 2736 1353 admonentem
2755 1298 3253 1370 audiebat,quare
3267 1298 3455 1353 vinxit
3466 1314 3606 1354 eum

1943 1403 2012 1441 ac
2043 1386 2321 1442 reclusit?
2354 1385 2503 1450 Quia
2532 1401 2664 1457 quae
2696 1386 2836 1441 dicit
2866 1389 3109 1451 Marcus,
3147 1386 3412 1457 primum
3444 1386 3606 1443 facta

228 1508 345 1553 κος,
416 1496 612 1560 πρῶτον
689 1484 933 1557 ἐγένοντοο
1005 1484 1039 1535 οἱ
1100 1481 1158 1536 δέ
1214 1503 1371 1555 φησιν
1438 1485 1463 1535 6
1542 1485 1829 1550 Ματθαῖος,

1945 1475 2174 1529 fuerant
2215 1492 2227 1529 :
2262 1489 2397 1545 quae
2429 1479 2630 1529 autem
2661 1474 2800 1529 dicit
2835 1474 3163 1539 Matthaeus,
3205 1475 3605 1546 postmodum

226 1578 446 1647 ὕστερον
500 1574 810 1644 ἐπεγένοντο.
896 1580 1106 1645 Πρῶτον
1157 1575 1259 1645 γὰρ
1346 1574 1375 1630 ἡ
1438 1575 1526 1643 μὲν
1578 1568 1832 1644 Ἡρωδιὰς

224 1664 544 1736 ἐχαλέπαινε
608 1671 679 1733 τῷ
754 1663 987 1733 Ἰωάννη,
1036 1666 1125 1713 καὶ
1181 1660 1355 1717 ἤθελεν
1424 1660 1609 1713 ἀνελεῖν
1655 1661 1827 1714 αὐτὸν.

224 1756 253 1805 6
311 1750 371 1805 δὲ
409 1748 650 1825 Ἡρώδης
699 1750 757 1802 οὐ
817 1755 1133 1824 παρεχώρει,
1207 1754 1475 1820 γινώσκων
1524 1750 1678 1800 αὐτόν
1747 1745 1831 1800 δί-

222 1860 381 1893 καιον
428 1846 519 1892 xui
560 1840 727 1908 ἅγιον·
781 1836 874 1891 διὰ
919 1846 1070 1890 τοῦτο
1116 1840 1219 1911 γὰρ
1266 1842 1355 1889 καὶ
1408 1836 1604 1889 ἀκούων
1650 1837 1828 1902 αὐτοῦ,

224 1929 400 1981 πολλὰ
456 1928 635 1994 ἐποίει,
701 1932 790 1979 καὶ
858 1924 1023 1986 ἡδέως
1079 1925 1239 1977 αᾶτοῡ
1300 1928 1502 1983 ήκουεν.
1580 1925 1718 1977 Ἐπεὶ
1775 1922 1832 1977 δὲ

226 2019 473 2083 ἐνέκειτο,
550 2013 793 2087 σφοδρῶς
859 2014 1084 2085 ἐλέγχων
1153 2014 1307 2066 αὐτόν
1381 2019 1470 2065 xui
1543 2010 1827 2085 διασύρων,

226 2106 432 2172 λοιπόν,
488 2113 640 2157 τοῦτο
698 2108 788 2176 μὲν
846 2103 1132 2163 ἐκνικηθεὶς
1187 2105 1287 2155 ὑπὸ
1338 2110 1427 2162 τῆς
1456 2102 1617 2162 λύπης
1672 2102 1833 2175 Ἠρώ-

226 2193 357 2259 δης,
426 2202 577 2245 τοῦτο
646 2189 705 2245 δὲ
745 2197 834 2244 xui
904 2194 1047 2264 παρὰ
1110 2201 1200 2251 τῆς
1276 2187 1605 2264 Ἡρωδιάδος
1663 2190 1831 2243 ἐκϐια-

227 2286 398 2351 σθεὶς,
475 2280 717 2354 μετέϐαλε
786 2285 880 2338 τήν
947 2277 1082 2332 αἰδῶ
1156 2283 1281 2353 πρός
1348 2279 1527 2351 ὀργήν,
1599 2286 1687 2331 xui
1762 2284 1830 2350 μή

224 2376 521 2441 παυόμενον
598 2369 745 2433 ὅλως,
823 2368 996 2425 ἤθελεν
1085 2367 1238 2419 αὐτόν
1300 2366 1504 2419 ἀνελεῖν·
1594 2366 1831 2439 φοϐηθεὶς

228 2457 292 2512 δὲ
342 2463 429 2510 τόν
484 2450 661 2528 ὄχλον,
724 2453 885 2514 ἔδησε
957 2459 1046 2526 μὲν
1101 2455 1251 2507 αὐτόν
1317 2454 1651 2526 ἀμυνόμενος,
1712 2456 1831 2508 ἀπε-

224 2547 408 2598 κλεισε
470 2545 545 2612 δὲ,
605 2548 688 2597 ἵνα
751 2550 822 2617 μὴ
888 2549 1281 2617 περιερχόμενος
1349 2541 1577 2615 κωμῳδῇ
1655 2544 1828 2601 αὐτόν,

231 2634 491 2705 Ἐπετίμα
555 2632 612 2686 δὲ
709 2633 847 2703 αὐτῷ
938 2634 964 2683 6
1032 2632 1292 2701 Ἰωάννης,
1369 2635 1438 2692 ὡς
1525 2635 1904 2706 παρανόμωςς⁴

235 2723 417 2790 ἔχοντι
462 2726 553 2779 τὴν
606 2728 826 2793 γυναῖκα
876 2728 968 2773 τοῦ
1024 2716 1251 2791 ἀδελφοῦ
1303 2720 1485 2788 αὐτοῦ,
1534 2723 1670 2771 κατὰ
1735 2717 1831 2772 δύο

709 2633 847 2703 αὐτῷ

241 2809 431 2871 αἰτίας·
486 2819 687 2882 πρῶτον
737 2812 843 2881 μὲν,
891 2811 971 2861 ὅτι
1026 2809 1213 2869 ζῶντος
1264 2815 1355 2860 τοῦ
1398 2805 1621 2880 ἀδέλφου
1672 2809 1831 2861 αὐτοῦ

240 2896 434 2968 βιαίως
502 2896 729 2968 ἀφείλετο
788 2902 877 2949 xui
936 2902 1029 2955 τήν
1082 2904 1305 2967 γυναῖκα
1370 2896 1529 2949 αὐτοῦ
1587 2903 1672 2948 xui
1740 2903 1831 2955 τήν

240 2987 577 3057 τετραρχίαν·
648 2983 839 3051 ἑπειτα,
889 2986 967 3036 ὅτι
1018 2990 1101 3037 xui
1158 2987 1417 3058 θυγατέρα
1482 2985 1710 3056 ἐχουσαν
1778 2985 1832 3048 ἐζ

802 3072 1001 3145 έγημεν,

239 3166 341 3213 Καὶ
386 3162 484 3231 γὰρ
536 3162 561 3211 6
623 3165 776 3232 νόμος
837 3160 1028 3213 ἐκέλευε
1090 3164 1179 3233 μὲν
1239 3170 1407 3232 γῆμαι
1468 3166 1555 3218 τήν
1607 3168 1833 3231 γυναῖκα

231 3256 326 3301 τοῦ
385 3245 628 3321 ἀδελφοῦ,
697 3248 801 3301 ἀλλ’
866 3250 959 3302 οὐκ
1021 3253 1097 3303 ἔτι
1157 3250 1366 3315 ζῶντος,
1434 3246 1556 3301 οὐδὲ
1618 3247 1831 3302 παιδίον

240 3071 458 3138 ἐκείνου,
528 3075 720 3129 ταύτην
802 3072 1001 3145 ἔγημεν,
1082 3074 1116 3124 ά
1179 3077 1269 3124 xui
1326 3074 1477 3144 όὶμφω
1534 3075 1827 3146 παράνομα.

229 3343 489 3410 ἔχουσαν.

1117 3496 1185 3503 -
1269 3464 1571 3523 αἰτήσηται.
1641 3464 1699 3515 Ὀ
1774 3460 1832 3515 δε

229 3554 445 3624 Μάρκος
474 3558 625 3622 φησι,
660 3554 765 3606 Καὶ
811 3551 1139 3623 ὡμολόγησεν
1185 3554 1297 3623 (51)
1346 3554 1498 3625 αὐτῇ,
1535 3554 1613 3604 ὅτι
1641 3552 1707 3604 Ὀ
1746 3553 1830 3604 ἐάν

308 3467 552 3514 Γενεσίων
644 3459 701 3515 δὲ
767 3461 1026 3534 ἀγομένων

232 3660 297 3711 με
356 3640 599 3711 αἰτήσῃς,
651 3637 828 3707 δώσω,
883 3660 966 3692 σοι
1012 3641 1104 3701 ἕως
1147 3643 1375 3713 ἡμίσους
1424 3651 1514 3702 τῆς
1559 3641 1833 3713 βασιλείας

232 3748 356 3799 μου.
413 3733 656 3780 Γενεσίων
716 3725 775 3780 δὲ
837 3728 1117 3799 ἀγομένων,
1186 3729 1298 3781 ἀντὶ
1328 3739 1440 3798 τοῦ,
1502 3730 1827 3802 τελουμένων.
1863 3750 1908 3803 D

232 3817 387 3876 Ἐοος
454 3820 555 3890 γὰρ
614 3814 673 3874 ἦν
742 3824 844 3876 τοῖς
906 3820 1168 3891 ἄρχουσιν
1236 3819 1494 3891 ἑορτάζειν
1556 3823 1621 3870 τὰ
1672 3818 1836 3871 οἰκεῖα

230 3907 490 3977 γενέθλια.
540 3905 886 3976 Ὀμολόγησιν
956 3904 1014 3958 δὲ
1074 3915 1161 3957 νῦν
1210 3912 1302 3965 τήν
1366 3909 1656 3979 ὑπόσχεσιν
1705 3909 1834 3959 ὠνό-

234 4013 422 4065 μασεν,
494 3993 563 4045 ’Ὠ
611 3994 800 4053 πολλῆς
842 3993 1014 4055 ἀνοίας
1058 3995 1068 4047 !
1122 4000 1211 4046 xui
1268 4000 1439 4067 ὤμοσε
1491 3994 1692 4065 δοῦναι,
1747 4002 1835 4049 xui

232 4088 423 4156 κυρίαν
492 4092 588 4143 τῆς
637 4083 888 4143 αἰτήσεως
967 4088 1061 4141 τήν
1116 4090 1272 4157 κόρην
1326 4084 1556 4154 ἐποίησε,
1636 4092 1725 4138 καὶ
1778 4089 1834 4137 τό

237 4174 410 4242 ἣμισυ
474 4180 569 4232 τῆς
648 4170 917 4242 βασελείας
992 4172 1150 4224 αὐτοῦ
1226 4172 1489 4247 βραχείας
1561 4174 1837 4248 ὀρχήσεως

238 4259 347 4317 ἀπή
356 4260 527 4331 μπόλη
538 4279 622 4312 σεν
654 4261 665 4314 !

310 4544 367 4596 Ἠ
443 4542 501 4597 δὲ
562 4576 629 4584 -——
687 4552 999 4598 Βαπτιστοῦ.
1058 4545 1502 4619 Προϐιϐασθεῐσα,
1553 4549 1666 4601 ἀντὶ
1724 4560 1833 4615 τοῦ,

242 4630 593 4705 διδαχθεῖσα.
647 4640 809 4691 Φησὶν
859 4630 965 4685 οὖν·
1013 4640 1105 4696 Δός
1147 4656 1236 4707 μοι
1280 4634 1403 4705 ὦδε,
1460 4644 1723 4692 τουτέστιν
1767 4640 1837 4691 ἐν-

240 4724 429 4791 ταῦθα,
488 4721 536 4773 ἐν
568 4731 640 4791 τῷ
682 4728 983 4794 συμποσίῳ.
1012 4730 1070 4774 Ὀ
1118 4721 1175 4775 δὲ
1222 4727 1435 4799 Μάρκος
1474 4727 1629 4779 εἰπεῖν
1677 4729 1837 4787 αὐτήν

241 4809 402 4880 λέγει,
434 4813 510 4862 ὅτι
561 4811 725 4879 Θέλω,
780 4813 861 4863 ἵνα
906 4832 996 4883 μοι
1040 4809 1145 4882 δῷς
1184 4813 1421 4879 ἐξαυτῆς,
1465 4817 1490 4866 ὃ
1540 4815 1701 4885 ἐστιν,
1749 4818 1837 4868 αὐ-

313 4945 361 4979 ²⁸
385 4945 559 5003 Marc.
593 4961 672 5011 v1,
703 4948 792 5000 20.
942 4947 988 4981 ²⁹
1021 4948 1192 5003 Marc.
1222 4964 1296 5013 v1,
1329 4950 1419 5015 23,
1569 4953 1617 4991 ³ο
1638 4950 1785 5019 Ibid,
1817 4950 1905 5006 25.

1941 1563 2095 1618 facta
2162 1567 2316 1617 sunt.
2384 1564 2644 1617 Primum
2713 1563 2872 1617 enim
2941 1563 3223 1619 Herodias
3288 1564 3601 1633 negotium

1942 1649 2276 1706 facessebat
2328 1650 2563 1720 Joanni,
2620 1649 2976 1721 volebatque
3029 1651 3197 1706 illum
3258 1652 3527 1707 occidere
3585 1667 3598 1706 :

1942 1740 2198 1795 Herodes
2240 1755 2381 1794 vero
2410 1755 2531 1795 non
2562 1739 2961 1810 permittebat,
2998 1740 3191 1795 sciens
3222 1755 3361 1795 eum
3406 1740 3603 1795 virum

1936 1828 2165 1898 justum
2197 1832 2253 1883 et
2282 1832 2577 1890 sanctum,
2624 1826 2757 1882 ideo
2788 1843 3030 1899 quoque
3074 1828 3279 1883 audito
3308 1844 3380 1883 eo
3412 1828 3604 1885 multa

1940 1916 2196 1971 faciebat
2262 1920 2317 1971 et
2381 1915 2632 1970 libenter
2697 1931 2835 1970 eum
2911 1915 3215 1972 audiebat.
3286 1918 3431 1971 Cum
3498 1932 3603 1972 au-

1940 2008 2058 2060 tem
2098 2005 2481 2059 vehementer
2518 2003 2684 2057 illam
2710 2008 2960 2073 urgeret,
3002 2018 3263 2073 arguens
3303 2020 3371 2059 ac
3412 2004 3603 2059 incre-

1940 2109 2091 2164 pans
2122 2108 2279 2157 eum,
2315 2092 2556 2147 tandem
2588 2091 2847 2146 Herodes
2881 2091 3021 2146 hinc
3049 2091 3297 2162 quidem
3330 2091 3605 2147 devictus

1940 2181 2231 2245 molestia,
2265 2180 2404 2235 hinc
2431 2184 2628 2236 autem
2662 2180 2783 2233 vim
2829 2179 3286 2252 quodammodo
3326 2179 3403 2235 ab
3431 2182 3607 2235 Hero-

1939 2270 2115 2326 diade
2146 2286 2483 2342 perpessus,
2512 2270 2638 2339 jam
2671 2270 2963 2341 pudorem
2994 2271 3055 2324 in
3082 2271 3233 2324 iram
3264 2278 3604 2324 commuta-

1939 2359 2053 2414 vit:
2080 2376 2187 2414 nec
2200 2359 2444 2414 omnino
2456 2360 2770 2429 quiescens
2787 2358 2865 2428 (ν)
2884 2358 3123 2413 volebat
3141 2374 3280 2412 eum
3303 2358 3598 2424 occidere,

1939 2448 2154 2503 timens
2195 2464 2334 2502 vero
2374 2447 2813 2501 multitudinem
2868 2447 3053 2501 vinxit
3101 2462 3240 2501 eum
3280 2447 3453 2517 quasi
3492 2463 3608 2518 pu-

1940 2537 2107 2591 niens
2152 2559 2161 2588 :
2204 2538 2280 2591 Et
2322 2536 2526 2606 ligavit
2566 2550 2716 2597 eum,
2758 2550 2831 2589 ne
2868 2535 3036 2589 varia
3075 2534 3206 2589 loca
3246 2533 3602 2590 circumiens

1940 2625 2286 2695 objurgaret
2312 2640 2469 2679 eum.
2497 2622 2798 2692 Arguebat
2819 2628 3020 2678 autem
3039 2622 3202 2678 illum
3227 2624 3506 2689 Joannes,
3536 2638 3603 2689 ut

1942 2714 2043 2783 qui
2074 2719 2280 2768 contra
2309 2714 2501 2781 legem
2527 2712 2772 2767 haberet
2800 2727 3047 2766 uxorem
3082 2709 3272 2766 fratris
3305 2711 3420 2766 sui.
3452 2714 3601 2765 Dua-

1942 2801 2054 2855 bus
2083 2817 2220 2856 vero
2252 2802 2325 2855 de
2354 2800 2549 2855 causis
2576 2814 2711 2853 eum
2760 2798 3143 2869 increpabat;
3176 2798 3441 2868 primum
3472 2797 3602 2869 qui-

1940 2891 2078 2945 dem
2104 2890 2267 2961 quod
2296 2888 2523 2943 vivente
2551 2887 2725 2943 fratre
2752 2904 2861 2941 suo
2885 2886 3207 2942 abstulerat
3232 2886 3520 2943 violenter
3544 2892 3601 2944 et

1941 2979 2094 3034 illius
2135 2994 2380 3033 uxorem
2420 2982 2476 3032 et
2514 2975 2911 3032 tetrarchiam.
2951 2975 3170 3030 Deinde
3207 2975 3598 3047 quodetiam,

1940 3084 2079 3123 cum
2114 3066 2247 3138 ipsa
2276 3066 2460 3120 ﬁliam
2516 3081 2587 3119 ex
2614 3064 2712 3119 illo
2740 3064 3084 3135 peperisset,
3129 3063 3383 3118 duxerat
3412 3079 3545 3119 eam
3581 3082 3594 3119 :

1939 3172 2197 3227 quorum
2223 3159 2541 3224 utrumque
2563 3158 2768 3207 contra
2786 3151 2979 3221 legem
2996 3156 3138 3206 erat.
3162 3151 3418 3206 Jubebat
3436 3151 3598 3205 enim

1939 3244 2035 3298 lex
2061 3243 2252 3298 fratris
2302 3257 2540 3295 uxorem
2600 3241 2837 3307 ducere,
2893 3255 3016 3293 non
3062 3244 3264 3294 tamen
3293 3238 3490 3293 adhuc
3521 3241 3601 3293 vi-

1939 3332 2149 3395 ventis,
2182 3344 2368 3401 neque
2396 3345 2526 3383 eam
2553 3344 2687 3400 quae
2718 3327 2795 3382 ab
2822 3326 2921 3381 illo
2946 3325 3176 3397 prolem
3209 3326 3590 3397 suscepisset.

2012 3449 2169 3501 Vers.
2204 3445 2255 3499 6.
2291 3446 2440 3499 Cum
2471 3446 2667 3499 autem
2696 3446 3020 3511 agerentur
3047 3440 3332 3495 natatitia
3362 3442 3510 3493 ——V.
3543 3445 3596 3496 7.

1939 3542 2180 3604 peteret.
2210 3536 2435 3589 Marcus
2464 3537 2663 3587 autem
2691 3530 2832 3584 dicit
2855 3529 3019 3599 quod
3041 3529 3263 3599 juravit
3293 3528 3344 3583 ei
3374 3544 3385 3581 :
3422 3528 3602 3595 Quid-

1942 3624 2085 3695 quid
2096 3640 2131 3677 a
2148 3638 2236 3678 me
2248 3621 2505 3691 petieris,
2524 3619 2676 3674 dabo
2697 3617 2802 3672 tibi
2820 3633 3000 3687 usque
3016 3617 3094 3672 ad
3110 3616 3415 3672 dimidium
3434 3616 3602 3687 regni

1944 3713 2056 3767 mei
2091 3714 2158 3764 ’9.
2202 3712 2348 3765 Cum
2398 3715 2595 3763 autem
2646 3710 2958 3774 agerentur
3006 3704 3292 3769 natalitia,
3334 3704 3449 3759 hoc
3488 3710 3597 3769 est,

1945 3801 2027 3855 cel
2039 3800 2396 3853 ebrarentur.
2408 3795 2577 3850 Moris
2592 3810 2849 3858 namque
2864 3792 3217 3863 principibus
3233 3797 3358 3847 erat
3370 3792 3603 3862 prOpria

1944 3887 2146 3943 festive
2178 3884 2474 3940 celebrare
2504 3881 2783 3937 natalitia.
2830 3884 2989 3935 Hanc
3019 3885 3218 3934 autem
3249 3879 3603 3950 promissio-

1943 3992 2081 4032 nem
2122 3973 2380 4045 appellat
2431 3971 2527 4026 hic
2581 3969 2917 4041 ὁμολόγησιν,
2970 3968 3134 4039 quod
3183 3972 3385 4023 tamen
3428 3982 3600 4022 voca.

1946 4066 2153 4121 bulum
2175 4062 2392 4134 saepius
2408 4076 2741 4124 assensum,
2761 4063 3024 4130 pactum,
3046 4062 3147 4111 aut
3163 4054 3602 4111 confessionem

1946 4153 2258 4222 signiﬁcat.
2290 4153 2525 4214 Verum,
2548 4164 2585 4203 ο
2613 4162 2897 4215 magnam
2925 4144 3287 4199 dementiam
3317 4143 3329 4197 ι
3357 4148 3412 4198 et
3438 4144 3604 4197 datu-

1945 4260 2078 4298 rum
2130 4259 2191 4297 se
2244 4238 2487 4310 juravit,
2530 4242 2585 4292 et
2636 4236 2981 4307 petitionem
3039 4233 3099 4287 in
3155 4247 3344 4289 manu
3393 4229 3605 4301 puellae

1945 4331 2162 4404 posuit,
2207 4335 2264 4384 et
2302 4327 2618 4383 dimidium
2649 4324 2817 4394 regni
2853 4322 2945 4379 sui
2985 4321 3147 4377 brevi
3187 4319 3608 4376 saltatiuncula

1948 4415 2362 4477 commutavit.

2023 4547 2242 4602 Vers.8.
2256 4543 2371 4597 Illa
2388 4538 2905 4606 vero—Baptistae.
2923 4534 3287 4599 Prtemonita,
3304 4533 3360 4586 id
3375 4534 3610 4587 estedo-

1950 4642 2063 4692 cta.
2100 4634 2243 4689 Dicit
2273 4646 2414 4699 ergo
2448 4646 2458 4682 :
2488 4631 2579 4683 Da
2600 4626 2747 4681 mihi
2770 4626 2885 4687 hic,
2907 4624 2968 4678 id
2995 4629 3104 4683 est,
3136 4637 3296 4675 nunc
3321 4621 3381 4673 in
3413 4620 3612 4675 convi-

1948 4727 2066 4782 vio.
2092 4727 2315 4780 Marcus
2338 4723 2537 4774 autem
2562 4730 2697 4769 eam
2718 4712 2938 4767 dixisse
2961 4710 3071 4765 ait:
3108 4711 3243 4763 Volo
3268 4715 3328 4761 ut
3350 4709 3448 4762 des
3472 4708 3613 4761 mihi

1951 4813 2257 4884 confestim
2289 4810 2357 4873 ³ο,
2388 4808 2503 4862 hoc
2532 4807 2644 4865 est,
2676 4802 2895 4863 statim,
2923 4802 3184 4868 repente.
3214 4799 3394 4851 Nacta
3424 4794 3610 4863 siqui-

1477 5101 1692 5170 Variae
1726 5101 2052 5170 lectiones
2087 5107 2152 5165 et
2182 5104 2386 5162 notae.

313 5284 394 5355 (5t
411 5283 789 5359 )__Hen_tenius
813 5285 1073 5359 juravit,
1098 5286 1248 5359 Ergo
1271 5289 1441 5359 ᾤμοσε
1461 5287 1617 5359 legit.
1644 5291 1830 5344 Recte.

236 5353 355 5413 Nec
382 5355 549 5410 aliter
578 5355 736 5409 hunc
766 5353 965 5409 locum
998 5354 1204 5411 laudat
1231 5353 1701 5429 Cﬁ'rysostftom.
1742 5360 1837 5415 VII
1896 5382 1925 5396 ι’

1945 5303 2005 5358 p.
2040 5284 2141 5358 497
2176 5283 2242 5358 C_._
2264 5281 2540 5358 lmo_nec
2574 5274 2726 5329 infra
2766 5272 2827 5328 in
2870 5273 3148 5327 contextu
3179 5268 3353 5325 Marci
3382 5266 3616 5324 codices

1946 5351 2247 5426 Euthymii
2286 5351 2545 5406 variant.

308 5481 388 5553 (ν)
421 5481 547 5538 Nec
576 5479 813 5536 Omnino
844 5479 1163 5549 quiescens.
1200 5483 1459 5554 Cumque
1488 5501 1734 5557 prorsus
1766 5500 1886 5540 non
1917 5482 2274 5554 quiesceret,
2310 5478 2567 5531 Joannes
2598 5470 2901 5530 nimirum.

528 5606 762 5667 Parnm...
815 5603 917 5661 Gn.
961 5605 1201 5661 CXXIX.

3268 5590 3332 5644 14
