4186 6318
591 295 697 350 427

1903 273 2250 332 EUTYHMII
2289 267 2617 328 ZIGABENI

3855 262 3960 323 49.8

591 421 731 477 dem
776 417 1062 475 Herodias
1099 421 1334 486 tempus
1373 410 1805 481 opportunum,
1843 401 1996 457 sicut
2031 401 2246 455 iterum

2353 403 2493 463 τίκα,
2571 398 2736 457 εὐθύς.
2810 399 2998 468 Καιρὸν
3061 396 3161 468 γὰρ
3227 389 3520 450 ἐπιτήδειον
3585 395 3616 451 ἡ
3693 389 3959 467 Ἡρωδιὰς

592 508 824 577 scripsit
863 509 1107 568 Marcus,
1147 501 1250 574 qui
1288 497 1436 555 dixit
1477 514 1489 552 :
1535 495 1681 550 Cum
1720 492 1840 547 dies
1877 495 2245 559 opportunus

592 597 896 656 accidisset
920 596 962 628 ³¹
991 611 1004 658 ;
1033 609 1168 648 cum
1197 592 1275 646 ad
1301 605 1362 643 se
1387 589 1655 656 ingressa
1681 587 1834 637 esset
1854 580 1970 634 tilia
2000 579 2248 633 interro-

592 703 743 756 gans
774 684 920 756 quid
954 684 1210 754 petitura
1239 683 1412 743 esset,
1446 673 1725 746 praecepit
1753 670 1830 724 illi
1864 674 1928 723 ut
1958 667 2154 723 statim
2186 665 2247 719 in

592 774 865 830 convivio
883 776 1107 843 peteret
1124 770 1250 824 dari
1270 767 1384 821 sibi
1404 768 1586 834 caput
1599 759 1861 822 Joannis,
1883 763 2155 812 metuens
2173 769 2247 807 ne

591 863 639 918 si
674 869 908 933 tempus
938 860 1080 915 illud
1115 855 1644 929 praeterlaberetur,
1679 848 1970 904 Herodem
2001 843 2248 933 omnino

589 932 920 1023 paeniteret,
936 949 1035 1004 ubi
1047 947 1294 1004 decocto
1311 944 1447 1000 vino
1461 941 1540 998 ad
1553 937 1934 995 sobrietatem
1944 932 2242 990 rediisset:

587 1040 682 1096 vel
704 1040 885 1095 etiam
904 1053 978 1095 ne
1001 1035 1332 1094 amicorum
1351 1030 1596 1104 quidam
1614 1024 1934 1100 deprecati,
1953 1023 2248 1079 Joannem

591 1127 934 1184 liberarent.

663 1254 822 1310 Vers.
856 1253 909 1307 9.
940 1251 1022 1306 Et
1048 1280 1116 1290 —-
1142 1264 1269 1306 rex.
1298 1277 1368 1288 -—
1398 1242 1800 1302 Contristatus
1826 1245 1928 1303 est,
1951 1241 2080 1294 tum
2103 1233 2250 1307 quia

595 1358 893 1414 magnum
916 1341 1110 1397 virum
1135 1338 1446 1396 occisurus
1473 1339 1620 1401 erat,
1650 1336 1780 1390 tum
1809 1329 1957 1403 quia
1983 1325 2247 1384 multitu-

589 1433 793 1490 dinem
823 1432 884 1487 in
916 1429 1008 1487 sui
1037 1429 1248 1486 odium
1279 1425 1704 1483 concitaturus.

661 1559 826 1613 Vers.
845 1561 894 1612 9.
918 1557 958 1610 Α
977 1560 1196 1611 Numen
1213 1554 1532 1623 propter—
1545 1549 1701 1604 dari.
1718 1547 1760 1602 Ο
1775 1543 2064 1601 muliebre
2081 1555 2250 1596 man-

587 1646 844 1718 cipium!
876 1645 1117 1716 perjurii
1140 1648 1314 1698 testes
1339 1639 1562 1695 habere
1587 1635 1851 1701 timuisti,
1882 1633 2120 1704 injustte
2148 1645 2249 1685 au-

586 1714 709 1792 tem
741 1714 925 1791 caedis
952 1714 1073 1790 tam
1098 1732 1318 1788 multos
1346 1728 1568 1785 habere
1599 1730 1957 1798 spectatores
1983 1736 2104 1776 non
2136 1719 2247 1774 for-
2276 1714 2320 1768 B

587 1824 872 1880 midasti‘?
933 1825 1009 1877 Te
1057 1821 1217 1877 enim
1265 1826 1482 1875 temere
1515 1817 1749 1886 jurasse
1789 1828 1910 1868 non
1950 1808 2243 1882 oportuit;

588 1913 732 1983 quia
761 1917 957 1967 tamen
990 1910 1482 1976 incircumspecte
1499 1903 1731 1974 jurasti,
1761 1899 1973 1956 melius
1999 1901 2124 1953 erat
2152 1911 2249 1966 pe-

583 2003 773 2070 jerare
802 2016 815 2052 :
847 2015 878 2053 e
905 1997 1144 2052 duobus
1174 2009 1440 2065 namque
1469 1991 1663 2055 malis,
1693 1989 1883 2045 levius
1915 1991 2002 2042 est
2031 1986 2249 2056 eligen-

585 2088 755 2143 dum.

659 2229 818 2285 Vers.
853 2232 931 2282 to.
961 2227 1225 2296 Cumque
1242 2221 1490 2279 misisset
1509 2251 1578 2261 —-
1595 2233 1851 2277 carcere.
1882 2220 2029 2274 Cum
2052 2213 2248 2270 misis-

586 2323 692 2383 set,
734 2315 1006 2373 videlicet
1055 2313 1487 2385 speculatorem
1533 2313 1640 2366 aut
1685 2306 2052 2369 carniﬁcem,
2093 2304 2248 2359 sicut

585 2407 734 2464 dixit
765 2408 992 2463 Marcus
1022 2404 1090 2458 ⁸³.
1126 2403 1290 2459 Clam
1335 2401 1503 2457 illum
1533 2398 1765 2461 occidit,
1799 2413 1874 2453 ne
1903 2393 2242 2452 interfectus

583 2512 828 2570 quoque
867 2491 1201 2567 publicaret
1238 2491 1569 2548 obscenum
1622 2485 2033 2543 concubitum.
2074 2487 2132 2538 et
2167 2497 2242 2537 ne

582 2584 1014 2641 multitudinem
1028 2582 1272 2638 haberet
1283 2579 1495 2636 factum
1507 2579 1623 2634 hoc
1635 2575 2070 2649 prohibentem.
2091 2575 2243 2627 Deus

584 2679 786 2731 autem
798 2673 860 2728 id
875 2671 1185 2728 sustinuit:
1206 2669 1382 2724 simul
1408 2667 1655 2740 quidem
1674 2671 1734 2721 ut
1740 2666 1970 2736 justum
1984 2660 2240 2732 amplius

583 2766 916 2825 coronaret,
947 2759 1128 2813 simul
1148 2758 1328 2813 etiam
1350 2762 1414 2811 ut
1441 2756 1534 2810 his
1562 2755 1666 2826 qui
1685 2753 1904 2823 injuste
1935 2750 2243 2822 patiuntur

584 2847 1008 2907 consolationis
1036 2845 1378 2917 exemplum
1407 2844 1783 2915 relinqueret.

656 2975 814 3028 Vers.
851 2976 935 3028 11.
971 2972 1047 3027 Ει
1077 3001 1146 3009 -
1177 2971 1366 3026 lance.
1401 2970 1444 3024 Ο
1474 2967 1703 3022 foedum
1733 2981 1803 3022 ac
1834 2964 2012 3020 ferale
2042 2961 2242 3018 convi-

585 3063 780 3119 vium!
817 3059 1132 3126 Quomodo
1153 3072 1277 3113 non
1302 3055 1602 3112 vociferati
1634 3059 1774 3110 sunt
1801 3053 1905 3126 qui
1938 3051 2115 3107 simul
2147 3066 2238 3106 ac-
2272 3041 2313 3098 C

585 3149 970 3214 cumbebant,
1025 3146 1460 3218 conspicientes
1511 3142 1770 3200 hominis
1822 3142 2021 3197 adhuc
2067 3137 2240 3196 calidi

585 3243 784 3310 caput,
812 3236 976 3310 quod
1006 3237 1338 3291 etiamnum
1369 3233 1723 3303 sanguinem
1752 3229 2035 3297 stillabat,
2065 3243 2243 3300 super

583 3343 857 3384 mensam
883 3326 1208 3381 adductum
1232 3322 1406 3396 quasi
1425 3321 1716 3378 ferculum
1737 3324 1765 3376 ?
1788 3318 2097 3391 quomodo
2118 3332 2242 3373 non

583 3417 1059 3474 exhorruerunt?

659 3545 817 3597 Vers.
847 3542 934 3594 11.
963 3542 1298 3608 Datumque
1321 3543 1407 3592 est
1428 3534 1659 3602 puella.
1688 3531 2067 3588 Exsecranda
2094 3547 2244 3586 mer-

587 3648 683 3686 ces
706 3629 1074 3700 impudentis
1086 3627 1280 3697 operis
1298 3626 1310 3679 l
1331 3626 1475 3679 Vere
1499 3623 1631 3678 talis
1655 3622 1859 3677 matris
1876 3620 2062 3691 digna
2083 3620 2238 3686 tilia;

585 3735 722 3791 quae
747 3717 842 3773 ubi
868 3716 1052 3772 semel
1075 3716 1291 3786 abjecit
1311 3713 1624 3786 pudorem,
1653 3715 1707 3767 et
1731 3711 1790 3766 in
1812 3716 2135 3781 conspectu
2159 3713 2243 3765 tot

584 3809 854 3864 virorum
880 3808 1140 3879 seipsam
1167 3804 1226 3859 in
1250 3804 1546 3860 theatrum
1567 3801 1859 3872 exposuit,
1883 3816 1954 3856 ac
1976 3801 2134 3856 varie
2156 3802 2242 3855 in-

586 3900 835 3955 decoros
866 3896 1124 3953 exercuit
1149 3901 1366 3959 motus,
1397 3893 1698 3948 crudelem
1725 3890 1836 3946 sibi
1863 3891 2091 3963 paravit
2120 3891 2243 3946 ani-

584 4005 751 4046 mum
762 4029 775 4053 ,
794 3987 1149 4056 lancemque
1166 4000 1314 4040 ausa
1326 3989 1416 4038 est
1430 3982 1628 4038 contin
1636 3997 1772 4050 gere
1785 3980 1947 4036 caede
1961 3980 2202 4052 plenam
2225 3997 2240 4037 :

584 4093 695 4133 nec
726 4076 921 4131 solum
951 4073 1308 4140 contingere,
1360 4087 1566 4126 verum
1595 4070 1776 4124 etiam
1804 4069 1985 4139 quasi
2012 4069 2240 4125 donum

585 4165 825 4234 aliquod
839 4160 1244 4234 gratissimum
1256 4157 1887 4230 perferens,ltetissime
1898 4157 2105 4214 obtulit
2117 4174 2245 4215 ma-

589 4252 676 4308 tri.
707 4251 799 4306 Ait
828 4249 988 4305 enim
1021 4263 1035 4303 :

2354 489 2598 558 ευρουσα,
2648 489 2716 545 ὡς
2766 487 3014 558 ἱστόρησε
3062 483 3212 535 πάλιν
3262 485 3286 533 ὸ
3335 484 3568 554 Μάρκος,
3612 482 3787 534 εἰπών·
3834 481 3959 534 Ὀτι

2357 581 2456 627 Καὶ
2511 575 2784 648 γενομένης
2846 577 3039 646 ἡμέρας
3093 573 3352 644 εὐκαίρου.
3413 571 3554 623 Ἐπεὶ
3617 575 3742 643 πρὸς
3793 571 3959 627 αὐτὴν

2356 665 2586 721 εἰσῆλθεν
2618 667 2646 720 ἡ
2685 667 2916 735 θυγάτηρ
2949 662 3212 736 ἐρωτὼσα,
3244 666 3296 711 τί
3336 660 3628 724 αἰτήσεται»
3661 665 3959 731 παρὴ77ε²’

2353 753 2432 805 λεν
2488 753 2674 804 αὐτίκα
2721 751 2767 803 ἐν
2817 762 2887 822 τῷ
2945 755 3222 823 συμποσίῳ
3271 749 3491 807 αἰτῆσαι
3541 746 3761 806 δοθῆναι
3822 749 3954 820 αὐτῇ

2355 847 2447 901 την
2514 842 2734 913 κεφαλὴν
2803 842 3062 907 Ἰωάννου,
3132 838 3420 911 φοϐηθεῖσα
3487 841 3582 910 μὴ,
3654 845 3743 888 τοῦ
3810 857 3957 894 τηνι-

2355 938 2525 982 καϋτα
2574 937 2759 1004 καιροῦ
2813 924 3266 1004 παραδραμόντος,
3309 925 3636 999 μεταμεληθῇ
3680 927 3882 986 πάντως
3929 927 3956 977 ὁ

2354 1015 2613 1094 Ἡρώδης,
2670 1017 2936 1088 ἀνανήψας
2987 1024 3078 1076 τῆς
3125 1017 3305 1087 μέθης,
3353 1018 3408 1082 ἦ,
3464 1015 3580 1085 (52)
3626 1017 3697 1083 μὴ
3732 1018 3819 1066 καὶ
3851 1022 3954 1065 τῶν

2356 1108 2511 1176 φίλων
2571 1111 2697 1168 τινες
2759 1105 3206 1180 παρακαλέσαντες
3426 1101 3816 1178 ἐλευθερώσωσι
3866 1106 3957 1154 τὸν

2356 1198 2619 1256 Ἰωάννην.

2430 1362 2529 1412 Καὶ
2576 1387 2644 1397 -
2689 1352 2956 1429 βασιλεὺς.
3014 1384 3082 1396 -
3130 1352 3416 1417 Ἐλυπήθη,
3469 1346 3606 1404 διότι
3651 1349 3823 1424 ἔμελλε
3861 1353 3957 1422 μέ-

2354 1468 2448 1521 γαν
2508 1445 2693 1498 ἀνελεῖν
2737 1441 2928 1518 ἄνδρα,
2979 1447 3069 1496 καὶ
3115 1449 3330 1500 κινῆσαι
3374 1442 3507 1514 πρὸς
3554 1447 3713 1512 μῖσος
3765 1439 3957 1491 ἑαυτοῦ

2355 1539 2441 1590 τὸν
2472 1535 2648 1608 ὄχλον.

2428 1696 2523 1747 Διά
2565 1689 2624 1745 δὲ
2673 1722 2741 1734 -
2807 1687 3044 1749 δοθῆναι.
3101 1685 3172 1741 Ὠ
3217 1695 3507 1760 γυναικεῖον
3561 1681 3898 1758 ἀνδράποδον
3942 1683 3956 1737 !

2357 1783 2619 1855 ἐπιορκίας
2657 1785 2746 1854 μὲν
2794 1783 3063 1854 μάρτυρας
3103 1780 3242 1850 ἔχειν
3293 1775 3608 1838 ἐδειλίασας·
3641 1779 3961 1849 παρανόμου

2359 1869 2418 1924 δὲ
2441 1879 2641 1944 σφαγῆς
2671 1873 2854 1929 θεατὰς
2879 1871 3156 1926 τοσούτους
3183 1868 3324 1937 ἔχειν
3352 1866 3448 1917 οὐκ
3479 1863 3740 1936 ἱφοϐἠθης
3763 1879 3777 1929 ;
3805 1859 3965 1915 ’Ἐδει

2354 1963 2452 2035 γάρ
2497 1978 2554 2012 σε
2596 1965 2666 2031 μὴ
2718 1965 2986 2023 προπετῶς
3037 1955 3248 2027 ὀμόσαι·
3299 1954 3407 2007 ἐπεὶ
3456 1950 3516 2006 δὲ
3565 1951 3963 2026 ἀπερισκέπτως

2356 2054 2581 2122 ὤμοσας,
2627 2054 2853 2122 κρεῖττον
2885 2043 2945 2103 ἦν
2994 2048 3326 2117 ἐπιορκῆσαι·
3380 2039 3477 2094 δύο
3527 2044 3629 2116 γὰρ
3673 2049 3848 2093 κακῶν
3896 2043 3962 2092 τὸ

2353 2141 2658 2210 κουφότερον
2681 2137 3031 2208 αἱρετώτερον.

2425 2301 2526 2350 Καὶ
2589 2293 2795 2367 πέμψας
2847 2324 2918 2333 —
2981 2292 3204 2366 φυλακῇ.
3264 2289 3477 2362 Πέμψας
3523 2287 3954 2363 σπεκουλάτωρα,

2351 2389 2465 2445 ἤτοι
2499 2381 2709 2457 δήμιον,
2743 2385 2807 2443 ὡς
2833 2379 2966 2434 εἶπεν
2999 2383 3025 2432 ὸ
3059 2382 3288 2452 Μάρκος,
3320 2378 3488 2453 λάθρα
3516 2385 3700 2430 τοῦτον
3733 2376 3949 2444 ἀνεῖλεν,

2351 2476 2433 2527 ἵνα
2461 2479 2532 2546 μὴ
2578 2479 2668 2525 καὶ
2699 2471 3058 2544 ἀναιρούμενος
3107 2469 3220 2541 (54)
3272 2465 3565 2539 δημοσιεὺη
3611 2470 3705 2524 τὴν
3755 2465 3949 2538 ἀσελγῆ

2348 2563 2488 2636 μὶξιν
2515 2563 2697 2630 αὐτοῦ,
2722 2566 2811 2612 καὶ
2843 2561 2925 2611 ἶνα
2947 2563 3018 2630 μὴ
3046 2561 3132 2610 τὸν
3160 2557 3316 2628 ὄχλον
3347 2556 3446 2618 ἕξει
3475 2555 3757 2608 κωλυοντα.
3795 2554 3855 2606 Ὁ
3891 2551 3954 2607 δε

2350 2657 2475 2712 Θεὸς
2499 2652 2774 2722 ἠνέσχετο,
2820 2650 2949 2720 ὁμοῦ
2981 2649 3070 2718 μεν
3099 2650 3186 2698 τὸν
3219 2641 3424 2697 δίκαιον
3471 2650 3732 2715 στεφανῶν
3759 2644 3946 2714 μειζό-

2347 2760 2459 2805 νως,
2516 2741 2645 2812 ὁμοῦ
2700 2735 2758 2790 δε
2809 2743 2920 2798 τοῖς
2964 2732 3162 2796 ἀδίκως
3213 2736 3493 2805 πάσχουσι
3545 2731 3949 2802 καταλιμπάνων

2349 2830 2705 2904 παραμυθίαν.

2422 2995 2523 3043 Καὶ
2567 3019 2636 3030 -
2681 2991 2884 3042 πίνακι.
2932 2984 3002 3037 Ὦ
3047 2990 3238 3058 μιαροῦ
3284 2985 3583 3054 συμποσίου
3626 2984 3714 3032 καὶ
3748 2979 3939 3053 θηριῶ-

2351 3077 2512 3141 δουςι
2575 3085 2691 3138 Πῶς
2745 3076 2839 3128 οὐκ
2898 3075 3196 3146 ἰλιγγίασαν
3249 3074 3298 3124 οἱ
3360 3073 3778 3140 συνανακείμενοι
3836 3069 3948 3120 θεά-

2352 3170 2549 3222 σασθαι
2574 3165 2794 3238 κεφαλήν
2821 3163 3113 3237 ἀνθρώπου,
3149 3155 3336 3234 θερμοῦ
3375 3160 3673 3219 στάζουσαν
3705 3165 3947 3228 αἳματος,

2350 3257 2433 3310 ἐπὶ
2484 3261 2578 3314 τὴν
2631 3254 2890 3328 τράπεζαν
2948 3254 3114 3305 αὐτῶν
3167 3250 3526 3320 εἰσαγομένην,
3580 3251 3651 3308 ὡς
3709 3243 3914 3317 ἔδεσμα

2351 3355 2462 3407 Πῶς
2488 3345 2582 3397 οὐκ
2610 3343 2835 3417 ἔφριξαν·

2422 3501 2525 3553 Καὶ
2555 3493 2712 3553 ἐδόθη
2763 3501 2834 3564 τῷ
2880 3495 3136 3566 κορασίῳ.
3194 3491 3396 3551 Μισθὸς
3439 3486 3625 3559 ἐναγὴς
3658 3487 3954 3560 ἀναισχύν-

2350 3607 2440 3640 του
2489 3585 2718 3660 πράξεως
2765 3583 2778 3637 i
2828 3581 3022 3643 Ὀντως
3071 3583 3316 3641 τοιαύτης
3366 3581 3554 3651 μητρός
3607 3577 3731 3639 ἀξία
3779 3579 3956 3647 ouo/gi-

2349 3697 2466 3751 τηρ·
2502 3675 2639 3736 ἅπαξ
2668 3676 2768 3746 ’γὰρ
2799 3676 2889 3730 τὴν
2928 3671 3240 3742 παρθενικὴν
3281 3664 3415 3719 αἰδῶ
3450 3670 3826 3740 παρωσαμένη,
3860 3672 3958 3719 καὶ

2351 3767 2397 3818 ἐν
2433 3763 2714 3837 ὀφθαλμοῖς
2744 3780 2985 3812 τοιουτων
3035 3755 3234 3830 ἀνδρῶν
3267 3757 3496 3828 ἀσέμνως
3530 3755 3716 3813 ἑαυτὴν
3753 3757 3959 3828 θεατρι-

2352 3874 2511 3920 σασα,
2544 3857 2634 3904 καὶ
2661 3851 2909 3911 ποικίλως
3083 3847 3535 3919 ἀσχημονησασα,
3565 3844 3750 3916 ψυχὴν
3782 3845 3956 3895 ἀποίν-

2353 3947 2553 4020 θρωπον
2597 3941 2872 4007 ἐκτήσατο,
2914 3943 2998 3990 καὶ
3036 3935 3417 4008 κατετόλμησεν
3461 3933 3702 4004 ἅψασθαι
3731 3937 3959 3996 πίνακος

2352 4037 2503 4106 φόνου
2533 4035 2791 4104 γέμοντος,
2825 4032 2914 4080 καὶ
2944 4026 3050 4098 οὐχ
3079 4024 3321 4096 ἅψασθαι
3349 4028 3520 4096 μόνον,
3554 4021 3683 4074 ἀλλά
3706 4027 3818 4088 καὶ,
3853 4042 3960 4074 κα-

2355 4124 2512 4195 θάπερ
2547 4140 2599 4174 τι
2639 4116 2804 4194 δῶρον
2837 4114 3080 4183 ἣδιστον,
3124 4111 3504 4177 διαϐαστάσαι,
3535 4115 3624 4164 καὶ
3654 4115 3960 4184 χαριέντως

2353 4211 2673 4283 ἀποκομίσαι
2701 4215 2764 4281 τῇ
2797 4209 2978 4281 μητρί.
3016 4204 3129 4276 (56)

657 4377 818 4431 Vers.
850 4373 938 4430 11.
969 4373 1047 4427 Ει
1075 4401 1143 4410 -
1172 4384 1311 4426 suae.
1337 4371 1537 4441 Neque
1567 4368 1726 4424 enim
1759 4368 1898 4425 satis
1928 4373 2052 4426 erat
2082 4385 2242 4428 exse-

2421 4375 2523 4425 Καὶ
2570 4402 2639 4410 -
2681 4369 2860 4429 αὐτῆς.
2912 4366 3022 4418 Οὐκ
3065 4365 3271 4438 ἠρκεῖτο
3299 4365 3401 4435 γὰρ
3431 4364 3461 4420 ἡ
3497 4358 3732 4434 βδελυρά
3768 4364 3952 4434 μήτηρ

586 4462 827 4522 crandae
859 4461 1035 4518 matri
1064 4459 1226 4532 quod
1259 4458 1596 4515 interfectus
1627 4463 1781 4515 esset
1813 4475 1826 4514 ε
1860 4459 1964 4515 sed
1994 4460 2242 4532 optabat

585 4568 827 4627 quoque
853 4552 913 4606 in
931 4566 1146 4606 manus
1163 4564 1399 4604 sumere
1421 4553 1618 4620 caput,
1634 4548 1794 4620 quod
1813 4549 1870 4603 in
1885 4565 2055 4605 suam
2081 4550 2242 4606 inve-

582 4643 838 4698 hebatur
857 4640 1164 4696 lasciviam
1188 4637 1602 4701 aclibidinem,
1628 4643 1691 4694 ut
1711 4638 1858 4694 illud
1879 4640 2243 4698 contumelia

583 4732 859 4797 afﬁceret,
888 4747 958 4786 ac
983 4731 1372 4785 insectaretur
1401 4727 1692 4784 convitiis.
1722 4728 2078 4798 Hujusmodi
2104 4735 2242 4785 sunt

581 4822 860 4879 mulieres
873 4820 949 4876 ad
959 4817 1392 4884 ultera3,omniu
1402 4834 1458 4872 m
1472 4817 1953 4889 improbissimas,
1963 4834 2024 4873 cr
2032 4818 2241 4874 udelis-

584 4913 750 4968 simae
773 4927 842 4968 ac
873 4908 1330 4966 scelestissimee.
1363 4909 1430 4961 Et
1454 4907 1590 4963 vide
1619 4907 1786 4978 quod
1815 4908 2242 4978 perpetraverit

581 5002 764 5058 mala.
808 4999 1077 5072 Seipsam
1119 4997 1410 5054 dedecore
1450 4995 1661 5062 affecit,
1707 5011 2006 5067 suumque
2043 4998 2240 5056 virum

580 5090 918 5162 Philippum
939 5093 994 5145 et
1019 5087 1359 5145 adulterum
1380 5084 1672 5143 Herodem
1693 5100 1764 5142 ac
1784 5084 1992 5144 ﬁliam.
2018 5087 2239 5147 Deinde

653 5217 697 5251 ⁸¹
730 5217 901 5272 Marc.
935 5229 1014 5279 v1,
1046 5212 1134 5268 21.
1285 5213 1332 5248 ⁸²
1362 5211 1512 5268 Ibid.
1547 5211 1633 5268 27.

2350 4461 2718 4536 ἀναιρεθέντος,
2779 4452 3052 4525 ἀλλ’ἐδίψα
3103 4457 3193 4505 καὶ
3257 4451 3427 4504 λαϐεῖν
3488 4451 3558 4512 εἰς
3613 4457 3800 4523 χεῖρας
3853 4455 3952 4508 τὴν

2353 4550 2756 4609 στηλιτεύουσαν
2812 4550 2906 4604 τὴν
2963 4542 3245 4596 ἀκολασίαν
3297 4541 3458 4602 αὐτῆς
3515 4539 3759 4612 κεφαλὴν,
3812 4541 3951 4591 ὥστε

2349 4640 2616 4713 ἐνυϐρίσαι
2673 4637 2800 4708 αὐτῇ
2858 4639 2946 4686 καὶ
2997 4631 3338 4691 ἐπιτωθάσαι.
3393 4634 3645 4683 Τοιαῦταί
3702 4629 3826 4680 εἰσιν
3890 4631 3947 4679 αἱ

2349 4732 2719 4804 μοιχευόμεναι
2811 4730 3066 4796 γυναῖκες,
3149 4721 3383 4774 ἁπάντων
3468 4719 3777 4791 ἰταμώτεραι
3849 4721 3946 4768 καὶ

2349 4821 2603 4894 ὠμότεραι
2658 4820 2747 4868 καὶ
2797 4813 3140 4884 ἀνοσιὸτεραι.
3197 4814 3380 4863 Σκόπει
3432 4805 3491 4860 δὲ
3538 4814 3628 4860 καὶ
3669 4807 3768 4859 ὃσα
3806 4807 3951 4857 κακά

2351 4907 2684 4983 διεπράξατοο
2740 4908 3043 4977 κατῄσχυνε
3088 4904 3176 4952 καὶ
3242 4900 3440 4962 ἑαυτὴν,
3503 4903 3592 4949 καὶ
3640 4899 3725 4948 τὸν
3779 4891 3954 4971 ἄνδρα

2349 5001 2512 5059 αὐτῆς
2564 4995 2833 5062 Φίλιππον,
2887 4996 2977 5043 καὶ
3030 4993 3116 5042 τὸν
3165 4991 3357 5061 μοιχὸν
3405 4982 3665 5060 Ἡρώδην,
3713 4989 3804 5037 καὶ
3855 4989 3954 5043 τὴν

2351 5089 2629 5162 θυγατέρα,
2685 5089 2775 5138 καὶ
2827 5079 2987 5135 ἀνεῖλε
3037 5081 3127 5152 μεν
3174 5081 3261 5131 τὸν
3317 5081 3602 5151 κατήγορον
3657 5083 3748 5136 τῆς
3831 5094 3953 5147 μοι·

1779 5345 2004 5416 Varize
2044 5344 2372 5417 lectiones
2410 5354 2478 5413 et
2521 5353 2724 5411 notae.

651 5496 759 5566 (52)
800 5494 928 5546 Ἀπὸ
959 5501 1131 5566 κοινοῦ
1162 5496 1217 5546 τὸ
1253 5492 1558 5565 φοϐηθεῖσα.

794 5570 891 5618 Τὸν
920 5562 1181 5638 ἹΙρὼδην.

675 5638 762 5709 54)
790 5637 830 5696 i.
865 5652 917 5696 e.
960 5637 1008 5690 ἐν
1036 5646 1108 5709 τῷ
1149 5636 1181 5690 ἀ

745 5634 762 5709 )
790 5637 830 5696 i.
865 5652 917 5696 e.
960 5634 1008 5690 ἐν
1036 5646 1108 5710 τῷ
1149 5636 1473 5712 ἀναιρεῖσθαι
1501 5634 1759 5710 δημοσίᾳ.

2421 5493 2533 5566 (55)
2583 5498 2705 5553 Τοῖς
2758 5499 2851 5566 τῇς
2901 5491 3177 5563 ὀρχήσεως
3232 5494 3502 5560 τρυφεροῖς
3559 5490 3648 5540 καὶ
3699 5484 3955 5558 αἰσχροῖς

2350 5562 2604 5639 σχημασι
2629 5567 2718 5615 καὶ
2749 5562 2969 5639 ἅλμασι.

2419 5631 2532 5710 (56)
2561 5631 2880 5694 Hentenius
2913 5632 3077 5692 addit
3109 5654 3122 5688 :
3154 5637 3284 5705 φησί
3312 5631 3442 5704 γάρ.
