4186 6318
172 308 272 363 429
1142 311 1507 367 COMMENT.
1552 312 1618 365 IN
1658 308 2109 365 MATTH/EUM.
2162 341 2227 349 ———
2267 308 2421 364 CAP.
2463 310 2608 362 XIV.
3452 312 3556 365 430

166 440 343 504 χείας,
406 436 491 486 ἵνα
536 439 889 507 μοιχευομένη
945 436 1169 506 λανθάνῃ
1231 440 1350 496 τους
1402 441 1515 487 τότε
1564 440 1716 507 μόνον
1770 454 1781 467 ·

1894 434 2107 489 occidit
2126 434 2367 504 quidem
2388 432 2657 488 adulterii
2676 434 3183 501 insectatorem,ut
3200 435 3554 493 adulterium

168 521 433 575 ἀνελοῦσα
482 521 539 576 δὲ
596 524 772 593 αὑτὸν,
824 524 882 575 οὗ
942 528 1095 596 μόνον
1170 524 1262 575 οὑκ
1313 524 1484 576 ἔλαθεν
1538 523 1780 591 ἐκείνους,

1893 522 2287 587 committens,
2330 537 2433 577 eos
2461 521 2562 593 qui
2604 525 2742 577 tunc
2781 524 2949 577 erant
2984 521 3227 590 lateret;
3266 525 3371 581 sed
3408 528 3555 599 quia

169 610 301 664 ἀλλά
330 618 425 665 xui
458 620 562 674 τοῖς
604 618 1054 687 μεταγενεστέροις
1083 609 1456 684 ἐδημοσιεὺθη,
1504 619 1592 664 καὶ
1619 618 1782 686 μέχρι

1893 609 2089 681 ipsum
2127 611 2361 676 occidit,
2406 625 2527 665 non
2556 609 2751 665 solum
2784 608 2916 664 illos
2950 627 3068 667 non
3109 612 3300 682 latuit,
3341 631 3552 672 verum

166 705 363 761 παντὸς
395 701 445 752 ἐν
476 702 570 773 ὅλῳ
596 710 667 773 τῷ
696 707 879 774 κόσμῳ
906 699 1296 773 δημοσιεύεταί·

1893 698 2070 753 etiam
2101 700 2350 770 posteris
2379 698 2743 770 publicatum
2775 702 2865 755 est
2899 720 2911 756 :
2946 718 3301 775 semperque
3331 704 3392 761 in
3423 706 3550 762 uni-

1891 802 2059 843 verso
2092 788 2321 843 mundo
2354 787 2711 859 publicatur.

245 900 349 949 Καὶ
381 928 456 937 -
480 897 624 949 αὑτόο
669 896 727 949 Ὁ
776 893 835 949 δὲ
864 897 1076 968 Μάρκος
1104 899 1162 948 τὸ
1193 905 1381 969 πτῶμα
1426 896 1585 949 αὐτοῦ
1626 918 1774 968 φησι,

1960 895 2119 951 Vers.
2164 896 2247 948 12.
2292 896 2365 949 Ει
2421 925 2491 939 --
2546 896 2722 952 illud.
2782 900 3011 955 Marcus
3070 906 3273 956 autem
3312 901 3452 957 dicit
3489 914 3546 969 π,

173 994 367 1058 πτῶμα
399 990 461 1037 τὸ
493 995 642 1057 σῶμα
666 986 904 1050 καλέσας,
940 982 1035 1039 διὰ
1054 989 1111 1037 τὸ
1142 994 1313 1038 πεσεῖν
1340 986 1409 1047 εἰς
1435 984 1625 1057 ἔδαφος
1652 991 1778 1057 μετὰ

1893 982 2054 1053 quod
2092 983 2351 1039 tulerunt
2380 993 2566 1057 πτῶμα
2595 987 2723 1055 ejus
2769 1005 2781 1041 :
2824 989 3057 1045 vocavit
3086 993 3289 1044 autem
3329 1005 3547 1061 corpus

171 1080 266 1133 τὴν
298 1074 531 1146 ἐκτομὴν
560 1084 653 1136 τῆς
691 1075 925 1145 κεφαλῆς.

1893 1075 2017 1142 ejus
2055 1080 2244 1145 πτῶμα
2282 1072 2381 1125 ἀπὸ
2421 1081 2513 1125 τοῦ
2573 1083 2767 1143 πεσεῖν,
2826 1076 2888 1131 id
2951 1081 3057 1141 est,
3098 1093 3135 1132 a
3173 1077 3445 1133 cadendo
3485 1078 3548 1133 in

1890 1161 2301 1232 pavimentum
2332 1170 2464 1234 post
2492 1164 2699 1236 capitis
2728 1165 3224 1237 amputationem.

254 1258 363 1305 Καὶ
430 1283 497 1294 —
558 1253 744 1309 Ἰησοῦ.
807 1256 1000 1305 Λοιπὸν
1073 1250 1446 1326 ἐνδεικνύμενοι
1514 1258 1607 1312 τὴν
1648 1258 1780 1329 πρὸς

1964 1270 2125 1324 Vers.
2168 1271 2255 1324 12.
2294 1274 2384 1327 Ac
2421 1302 2489 1310 —
2526 1272 2685 1328 Jesu.
2730 1274 2865 1329 Jam
2904 1289 3046 1345 erga
3084 1273 3255 1329 illum
3292 1272 3550 1329 benevo-

170 1339 340 1391 αὑτὸν
382 1344 576 1392 εὔνοιαν
616 1358 628 1369 ‘
682 1341 879 1412 ἔκαμψε
928 1345 1027 1412 γάο
1084 1342 1273 1404 αὑτοὺς
1318 1343 1506 1415 μᾶλλον
1560 1346 1589 1401 ἡ
1650 1363 1782 1415 συμ-

1893 1356 2134 1413 lentiam
2151 1358 2663 1417 demonstrantes:
2688 1362 2879 1431 magis
2905 1362 3065 1419 enim
3082 1378 3187 1419 eos
3212 1362 3376 1419 ﬂexit
3392 1362 3548 1419 cala-

169 1447 329 1499 φορα-

1893 1446 2089 1502 mitas.

240 1540 346 1587 Καὶ
400 1566 473 1575 —
520 1533 784 1590 κατιδίαν.
846 1538 1121 1603 Ἀκούσας,
1182 1540 1259 1590 ὅτι
1305 1538 1524 1613 ἀνῃρέθη
1580 1542 1606 1592 6
1666 1541 1779 1593 Ἰω-

1967 1561 2127 1616 Vers.
2164 1563 2245 1616 13.
2280 1564 2539 1634 Cumque
2569 1566 2907 1621 —-seorsim.
2938 1567 3088 1621 Cum
3108 1567 3368 1623 audisset
3394 1568 3547 1622 occi-

166 1626 346 1684 άννης·
397 1628 487 1675 καὶ
534 1627 634 1699 γὰρ
696 1632 805 1691 καὶ,
864 1629 946 1679 ὅτε
993 1632 1233 1695 ἤκουσεν,
1285 1630 1363 1681 ὅτι
1405 1626 1672 1703 παρεδόθη
1714 1631 1781 1689 εἰς

206 1716 213 1723 .
264 1708 287 1723 .
494 1718 502 1723 .
687 1713 698 1723 .
834 1722 839 1723 ,
1053 1713 1112 1723 -.
1169 1721 1186 1723 ,Α
1265 1714 1296 1723 -_
1390 1719 1401 1723 _

1893 1667 2027 1706 sum
2058 1666 2189 1706 esse
2238 1650 2534 1707 Joannem
2575 1652 2904 1723 :siquidem
2935 1653 3118 1709 etiam
3158 1669 3295 1709 cum
3322 1654 3549 1711 audivit

1893 1739 2172 1795 traditum
2204 1755 2332 1795 esse
2369 1739 2431 1795 in
2462 1756 2761 1796 carcerem
2806 1741 3065 1803 secessit.
3089 1742 3262 1811 cujus
3302 1756 3548 1797 causam

1892 1829 2057 1884 tertio
2087 1828 2281 1901 capite
2338 1828 2599 1883 diximus
2625 1845 2638 1883 :
2668 1829 2834 1901 quod
2882 1828 3063 1885 etiam
3102 1829 3326 1886 factum
3346 1835 3455 1897 est,
3483 1835 3548 1885 ut

1894 1917 2159 1989 seipsum
2190 1916 2251 1971 in
2279 1920 2510 1988 tempus
2528 1917 2795 1988 passioni
2819 1918 3177 1973 conveniens
3198 1923 3542 1974 reservaret.

234 2000 375 2058 Τινὲς
460 1995 523 2050 δὲ
576 1997 969 2071 ἑρμηνεύουσιν,
1048 2001 1125 2052 ὃτί
1187 2000 1431 2068 ἀκούσας,
1492 2003 1568 2055 ὃτι
1620 2024 1781 2078 προσ-

1962 2024 2215 2088 Quidam
2262 2026 2453 2078 autem
2505 2022 2964 2093 interpretantur
3010 2041 3023 2078 :
3068 2025 3215 2079 Cum
3282 2025 3547 2080 audisset

169 2083 421 2143 εὸόκησεν
483 2084 730 2161 Ἡρώδης
775 2091 861 2139 τόν
894 2088 1132 2146 Ἰωάννην
1160 2090 1313 2141 αὑτὸν
1363 2089 1509 2145 εἶναι.
1552 2097 1651 2145 Καὶ
1677 2096 1777 2167 γὰρ

1893 2083 2051 2185 quod
2104 2112 2362 2167 Herodes
2401 2083 2783 2168 arbitraretur
2812 2112 2981 2167 illum
3021 2128 3147 2167 esse
3196 2114 3493 2170 Joannem
3526 2130 3540 2167 :

170 2178 265 2232 τήν
322 2178 592 2249 ἀναίρεσιν
648 2178 802 2228 αὑτοῦ
857 2180 990 2229 κατά
1035 2178 1149 2248 (57)
1202 2181 1526 2251 παρενθήκην
1584 2201 1781 2253 μνημο-

1893 2178 2070 2271 liujus
2103 2216 2367 2272 namque
2394 2199 2863 2256 interfectionem
2911 2200 3117 2255 dicunt
3146 2216 3252 2271 per
3280 2201 3546 2273 interpo-

168 2266 412 2322 νευθῆναι
469 2272 580 2330 νυν,
644 2270 729 2316 καὶ
805 2268 1164 2340 περατωθῆναι
1228 2272 1391 2341 μέχρι
1445 2277 1533 2320 τοῦ
1592 2274 1783 2343 παρόν-

296 2354 307 2362 .
430 2361 448 2369 ,,
540 2357 548 2368 ,
638 2350 709 2370 εκ,
970 2354 981 2370 ,
1030 2364 1049 2370 _
1192 2352 1212 2369 τ
1380 2356 1409 2370 ..
1520 2356 1529 2369 .

1893 2291 2163 2345 sitionem
2189 2305 2349 2345 nunc
2377 2289 2450 2345 ad
2481 2290 2835 2344 memoriam
2865 2305 2999 2343 esse
3024 2288 3357 2357 reductam,
3385 2290 3544 2344 illus-

169 2372 254 2414 τος
282 2354 451 2426 ῥητοῦ
492 2357 587 2410 τήν
626 2354 875 2425 διήγησιν
921 2354 1102 2417 αὐτῆς.
1166 2354 1276 2408 εἶτα
1319 2356 1469 2408 πάλιν
1510 2356 1777 2411 ἀποκατα-

1893 2395 2004 2451 que
2030 2379 2431 2435 narrationem
2462 2378 2541 2433 ad
2578 2393 2839 2449 praesens
2862 2394 3045 2448 usque
3066 2377 3319 2432 verbum
3346 2378 3543 2433 termi-

171 2449 360 2498 στῆναι
431 2446 524 2493 τόν
602 2441 748 2513 λόγον
828 2445 897 2504 εἰς
977 2448 1064 2501 τὴν
1148 2450 1397 2519 προτέραν
1476 2445 1780 2500 ἀκολουθίαν

1893 2469 2019 2524 nari
2032 2513 2044 2524 .
2082 2467 2301 2523 Deinde
2315 2467 2911 2538 rursumjsermonem
2927 2466 3004 2521 ad
3016 2466 3278 2536 priorem
3295 2466 3384 2520 sui
3404 2480 3542 2521 con-

170 2537 355 2582 αυτοῦ.

1893 2557 2265 2629 sequentiam
2291 2555 2534 2611 restitui.

164 1716 222 1764 τὸ
253 1708 645 1785 δεσμωτήριον,
680 1713 1006 1789 ἀνεχώρησε.
1042 1713 1112 1767 δι’
1160 1721 1221 1773 ἤν
1254 1714 1311 1769 δε
1351 1719 1539 1783 αἰτίαν,
1570 1723 1780 1791 εἰρήκα-

164 1821 253 1873 μεν
287 1800 336 1853 ἐν
367 1810 443 1872 τῷ
476 1806 637 1875 τρίτῳ
682 1803 964 1875 κεφαλαίῳ.
1018 1809 1107 1856 καὶ⁵
1134 1808 1220 1857 ἵνα
1251 1806 1445 1879 φυλάξῃ
1495 1807 1670 1859 ἑαυτὸν
1716 1808 1781 1868 εἰς
1811 1786 1851 1839 Β

162 1892 249 1940 τόν
278 1894 550 1963 πρέποντα
588 1899 680 1942 τοῦ
718 1900 948 1966 σταυροῦ
976 1898 1173 1966 καιρόν.

247 2635 401 2695 Εἰκὸς
455 2632 512 2687 δὲ
560 2636 710 2689 αὑτὸν
772 2636 995 2691 ἀκοῦσαι
1047 2644 1135 2691 καὶ
1208 2638 1472 2716 ἀμφότερα
1515 2646 1651 2695 κατά
1695 2647 1781 2695 τὸν

247 2732 468 2751 .....μ.“ἶ-..
513 2730 691 2751 --.ρ-Δὶ-.
784 2732 866 2751 --υἱ
943 2730 962 2751 .’
979 2747 1082 2751 ..Α,.
1142 2737 1289 2751 -.Υ-η.
1375 2728 1397 2751 ᾖ
1425 2730 1435 2748 ’
1507 2731 1518 2745 θ
1620 2736 1629 2745 '

1964 2681 2285 2737 Verisimile
2316 2685 2403 2735 est
2442 2684 2644 2736 autem
2676 2684 2994 2750 utrumque
3027 2694 3097 2733 eo
3125 2684 3393 2751 tempore
3425 2694 3542 2734 au-

1892 2772 2069 2836 disse,
2130 2774 2184 2826 et
2231 2772 2470 2841 propter
2518 2774 2836 2839 utramque
2891 2783 3127 2822 causam
3198 2767 3542 2822 secessisse.

1892 2863 2169 2914 Praeterea
2234 2858 2465 2913 tertiam
2520 2872 2761 2929 quoque
2800 2855 2984 2926 hujus
3028 2855 3378 2911 secessionis
3404 2872 3543 2911 cau-

1894 2965 2026 3004 sam
2074 2948 2309 3015 scripsit
2360 2949 2605 3011 Marcus,
2638 2949 2781 3015 puta
2820 2944 2985 3017 quod
3015 2946 3385 3017 requiescere
3426 2945 3545 3001 vel-

1890 3036 1969 3092 let
1994 3036 2313 3107 discipulos
2363 3052 2399 3092 a
2456 3034 2871 3106 praedicatione
2910 3048 3203 3089 reversos.
3249 3035 3333 3089 [ta
3381 3033 3545 3088 enim

1893 3123 2039 3179 dixit
2066 3142 2078 3180 :
2103 3125 2175 3178 Et
2194 3129 2619 3193 congregantur
2634 3123 2875 3191 apostoli
2891 3122 2971 3176 ad
2985 3121 3205 3190 Iesum,
3234 3137 3305 3177 ac
3326 3136 3545 3176 renun-

1896 3213 2152 3268 tiantilli
2172 3212 2370 3267 omnia
2383 3225 2621 3281 quaeque
2638 3211 2921 3278 fecissent,
2940 3224 3173 3280 quaeque
3194 3210 3541 3264 docuissent.

1894 3304 1967 3357 Et
1992 3302 2134 3355 dixit
2155 3301 2233 3355 eis
2264 3316 2275 3353 :
2320 3300 2514 3354 Venite
2538 3314 2632 3353 vos
2657 3299 2769 3353 soli
2798 3298 3031 3352 seorsim
3055 3298 3114 3351 in
3145 3297 3435 3353 desertum
3463 3298 3545 3352 ιο-

1894 3408 2046 3453 cum,
2077 3396 2130 3445 et
2147 3390 2486 3459 requiescite
2501 3386 2827 3456 paulisper.
2851 3387 3037 3440 Erant
3063 3386 3215 3441 enim
3244 3386 3342 3455 qui
3369 3386 3547 3441 venie-

1898 3480 2036 3535 bant
2058 3486 2107 3533 et
2131 3478 2374 3535 abibant
2402 3475 2573 3531 multi
2600 3474 2702 3541 sic,
2737 3481 2800 3528 ut
2827 3490 2930 3530 nec
2956 3474 3244 3529 comedere
3270 3480 3498 3529 vacaret
3522 3492 3538 3528 :

1895 3572 1947 3622 et
1977 3568 2184 3637 egressi
2214 3572 2348 3621 sunt
2376 3566 2443 3637 (δ)
2475 3565 2718 3634 navigio
2762 3565 2824 3619 in
2855 3564 3144 3619 desertum
3175 3564 3360 3619 locum
3393 3579 3546 3618 seor-

1894 3659 2016 3712 sim.
2051 3660 2184 3712 Haec
2209 3671 2353 3712 sane
2384 3655 2630 3709 Marcus.

176 2732 471 2779 τηνικαῦτα
513 2730 714 2798 καιρὸν,
784 2732 870 2777 καὶ
942 2730 1295 2801 ὑποχωρῆσαι
1363 2728 1435 2781 δι’
1498 2731 1777 2806 ἀμφότερα.

178 2817 279 2863 Καὶ
330 2814 435 2885 γὰρ
490 2818 579 2865 καὶ
644 2819 822 2886 τρίτην
884 2816 1049 2867 ετίτίαν
1123 2827 1216 2879 τῆς
1273 2822 1515 2880 τοιαύτης
1578 2820 1783 2892 ἀναχω-

176 2904 378 2971 ρήσεως
412 2902 438 2951 ό
488 2903 697 2973 Μάρκος
749 2903 1015 2975 ἱστόρησε,
1072 2908 1128 2957 τὸ
1179 2905 1464 2978 βούλεσθαι
1496 2905 1782 2961 διαναπαὺ-

182 3007 276 3038 σαι
330 2991 452 3046 τους
507 2990 764 3059 μαθητὰς,
839 2992 1262 3064 ὑποστρέψαντας
1341 2997 1443 3049 ἀπὸ
1528 3007 1619 3050 τοῦ
1693 3010 1858 3065 xn-C

177 3078 475 3147 ρύγματοςο
532 3080 702 3149 εἴρηκε
757 3081 855 3151 γὰρ
932 3081 1067 3133 οὑτω
1138 3103 1149 3115 ·
1211 3089 1310 3137 Καὶ
1373 3089 1684 3158 συνάγονται
1736 3091 1783 3141 οἱ

180 3164 470 3216 ἀπόστολοι
536 3170 665 3239 πρὸς
770 3171 855 3220 τὸν
954 3170 1181 3240 Ἰησοῦν,
1292 3179 1380 3226 καὶ
1468 3174 1782 3247 ἀπήγγειλαν

180 3252 323 3323 αὐτῷ
362 3256 552 3321 πάντα,
625 3260 712 3308 καὶ
791 3259 891 3310 ὅσα
965 3258 1234 3328 ἐποίησαν,
1294 3268 1382 3315 καὶ
1436 3266 1536 3316 ὅσα
1593 3261 1782 3317 ἐδιδα-

178 3342 289 3403 ξαν.
365 3348 469 3395 Καὶ
531 3341 665 3396 εἶπεν
736 3346 931 3408 αὐτοῖς*
998 3355 1169 3417 Δεῦτε,
1232 3353 1375 3423 ὑμεῖς
1447 3353 1590 3406 αὐτοὶ

175 3431 292 3481 κατ’
376 3428 519 3483 ἰδίαν
606 3433 673 3495 εἱς
748 3437 935 3507 ἔρημον
1033 3442 1206 3505 τόπον,
1290 3445 1378 3493 καὶ
1462 3441 1785 3496 ἀναπαύεσθε

178 3518 366 3591 ὀλίγον.
426 3520 596 3573 Ἦσαν
668 3524 768 3595 γὰρ
829 3524 878 3575 οἱ
935 3524 1209 3598 ἐρχόμενοι
1263 3534 1351 3581 xui.
1403 3532 1451 3582 οἱ
1504 3532 1784 3601 ὑπάγοντες

176 3608 356 3661 πολλοί
412 3628 425 3641 ·
484 3615 574 3662 καὶ
664 3608 788 3664 οὑδὲ
894 3622 1071 3685 φαγεῖν
1148 3617 1437 3690 εὐκαίρουν.
1521 3624 1619 3671 Καὶ
1692 3618 1785 3671 ἀπ-

178 3697 325 3755 ἦλθεν
356 3699 430 3760 εἰς
479 3702 691 3773 ἔρημον,
742 3705 896 3753 τόπον
946 3711 1018 3773 τῷ
1062 3704 1225 3777 πλοίῳ
1272 3704 1536 3763 κατιδίαν.
1582 3715 1783 3761 Ταῦτα-

177 3795 264 3856 μεν
295 3795 383 3839 ουν
412 3795 439 3839 6
468 3795 703 3861 Μάρκος.
2125 3851 2135 3862 ,
2311 3849 2321 3859 ,
2772 3846 2781 3855 .
2825 3846 2834 3856 .
3428 3846 3437 3855 .

248 3917 287 3919 _
442 3912 457 3919 -
496 3918 501 3919 γ
672 3910 703 3919 __
758 3914 769 3919 _
804 3918 809 3919 γ
1966 3855 2245 3907 Proxuna
2264 3850 2356 3903 hlS
2388 3851 2682 3919 suntquae
2725 3845 2863 3901 dieit
2894 3848 3081 3900 Lucas
3113 3845 3338 3899 addens
3369 3851 3547 3900 etiam

248 3912 613 3987 Παραπλήσια
660 3910 720 3965 δὲ
758 3914 914 3986 λέγων
966 3922 1055 3969 καὶ
1108 3920 1133 3968 ό
1182 3924 1410 3989 Λουκᾶς,
1463 3924 1786 3993 προστίθησι

1896 3943 2134 4011 signum
2160 3954 2280 4010 quo
2312 3937 2608 3992 desertum
2658 3941 3017 3989 nosceretur.
3065 3933 3156 3987 Ait
3185 3933 3343 3987 enim
3383 3931 3549 4004 quod

177 4004 264 4050 xui.
300 4008 590 4076 γνώρισμα
636 4011 730 4064 τῆς
768 4002 982 4077 ἐρήμου.
1030 4012 1165 4065 Φησὶ
1212 4010 1451 4082 γάρ,ζότι
1488 4015 1588 4062 Καὶ
1618 4031 1783 4085 παρα-

1896 4002 2135 4086 secessit
2159 4002 2408 4083 seorsim
2446 4026 2506 4079 in
2536 4024 2837 4079 desertum
2882 4022 3078 4077 locum
3119 4021 3370 4077 civitatis
3410 4038 3547 4093 quae

178 4085 343 4140 λαϐὼν
439 4094 654 4159 αὐτοὺς,
734 4094 1050 4167 ὑπεχώρησε
1136 4095 1381 4150 κατιδίαν
1469 4100 1539 4161 εἰς
1599 4103 1785 4173 ἔρημον

1894 4085 2137 4175 vocatur
2166 4114 2481 4171 Bethsaida
2506 4113 2573 4167 εδ.
2606 4112 2762 4168 Scire
2789 4112 2967 4167 etiam
2987 4115 3219 4181 oportet
3249 4085 3551 4166 Christum

179 4180 352 4244 τόπον,
430 4180 628 4240 πόλεως
720 4182 1037 4255 καλουμένης
1148 4185 1441 4245 Βηθσαῑδᾶ.
1543 4194 1656 4265 Χρὴ
1728 4187 1786 4242 δὲ

1893 4211 2156 4265 humano
2179 4220 2345 4262 more
2376 4202 2666 4271 etaudire,
2691 4204 2745 4257 et
2766 4200 3059 4267 secedere,
3078 4204 3133 4256 et
3153 4216 3223 4257 ea
3240 4217 3375 4272 quae
3399 4200 3552 4256 circa

181 4273 471 4337 γινώσκειν,
579 4271 658 4321 ὅτι
744 4270 1187 4349 ἀνθρωποπρεπῶς
1286 4280 1311 4329 ό
1390 4284 1621 4351 Χριστός
1694 4285 1785 4333 καὶ

1897 4316 1957 4353 se
1988 4302 2155 4353 erant
2184 4296 2548 4366 dispensare.
2593 4289 2808 4347 Omnia
2858 4290 3019 4345 enim
3048 4294 3344 4361 tanquam
3396 4294 3548 4345 Deus

186 4358 375 4425 ἀκούει,
402 4365 495 4412 καὶ
548 4358 831 4435 ἀναχωρεῖ,
876 4368 965 4415 καὶ
1014 4364 1268 4439 οἰκονομεῖ
1315 4370 1378 4420 τά
1423 4370 1539 4421 καθ’
1585 4370 1782 4428 ἑαυτόν.

1898 4387 2140 4451 sciebat,
2180 4358 2297 4440 nec
2320 4382 2399 4438 illi
2420 4383 2562 4451 fuga
2586 4397 2736 4452 Opus
2768 4384 2913 4435 erat.

183 4441 270 4504 Ὧς
311 4450 412 4521 γὰρ
464 4451 619 4511 Θεὸς,
663 4454 753 4503 καὶ
820 4450 1065 4523 ἐγίνωσκε
1110 4457 1295 4525 πάντα,
1351 4464 1439 4511 καὶ
1486 4460 1579 4511 οὑκ
1624 4458 1787 4514 ἐδεῖτο

191 4544 367 4605 φνΎῆς·
1966 4567 2128 4621 Vers.
2167 4567 2226 4619 t3
2271 4563 2349 4617 Et
2404 4593 2472 4602 —
2502 4558 2762 4614 urbibus.
2798 4558 3032 4612 Marcus
3090 4572 3233 4611 vero
3265 4555 3348 4611 ait
3385 4556 3553 4627 quod

262 4647 358 4694 Καὶ
409 4677 477 4688 —-
530 4644 742 4699 πόλεων.
798 4645 854 4698 Ὀ
936 4645 994 4701 δὲ
1050 4653 1261 4724 Μάρκος
1319 4659 1490 4725 φησὶν,
1569 4658 1647 4707 ὅτι
1701 4662 1791 4708 καὶ

1898 4656 2078 4712 etiam
2116 4652 2384 4708 viderunt
2412 4666 2508 4704 eos
2540 4648 2829 4704 abeuntes
2863 4648 2929 4699 ³⁸.
2966 4644 3223 4708 Quidam
3284 4644 3446 4698 enim
3477 4645 3556 4698 vi-

194 4723 325 4779 εἷδον
395 4735 586 4794 αὐτοὺς
669 4737 978 4808 ὑπάγοντας.
1064 4745 1204 4793 Τινὲν
1302 4747 1390 4815 μὲν
1470 4747 1570 4816 γάρ
1652 4742 1791 4797 εἶδον

1900 4746 2115 4801 derunt
2138 4742 2284 4805 illos,
2326 4738 2568 4811 quidam
2601 4738 2801 4789 autem
2842 4732 3160 4787 audierunt
3202 4731 3317 4784 hoc
3350 4731 3427 4785 ab
3458 4730 3554 4783 his

195 4816 398 4886 αὐτοὺς,
430 4827 563 4883 τινες
613 4820 669 4875 δε
725 4830 957 4883 ἤκουσαν
1012 4836 1165 4882 τοῦτο
1217 4835 1359 4905 παρά
1406 4842 1503 4886 τών
1556 4833 1787 4907 ἰδόντων,

1901 4834 2003 4907 qui
2032 4833 2299 4887 viderant
2328 4848 2340 4887 :
2376 4839 2706 4895 omnesque
2732 4820 2992 4892 pedestri
3018 4820 3201 4874 secuti
3228 4820 3370 4873 sunt
3412 4818 3555 4872 itine

194 4909 282 4957 xui
313 4904 658 4964 ἀκολουθοῦσι
682 4918 813 4987 πεζῇ
842 4918 1043 4978 πάντες.
1075 4926 1313 4974 Τοιοῦτον
1338 4926 1438 4999 γάρ
1472 4922 1585 4976 ἐστι
1612 4926 1787 4987 πόθοςο

1900 4904 1963 4980 re
2004 4940 2017 4978 :
2048 4917 2397 4991 hujusmodi
2424 4908 2957 4971 enimdesiderium
2980 4923 3160 4964 omne
3187 4906 3419 4979 repellit
3448 4906 3555 4961 im-

196 4999 291 5045 πᾶν
314 4995 563 5069 ἐμπόδιον
596 4998 948 5077 διακρούεται.
1410 4995 1419 4999 1

1906 5013 2329 5087 pedimentum.

267 5148 313 5184 ³³
340 5153 515 5211 Marc.
548 5169 624 5220 γι,
650 5155 740 5212 29.
855 5158 902 5193 ³⁸
928 5160 1101 5217 Marc.
1133 5166 1212 5229 vt,
1246 5167 1333 5230 30,
1358 5163 1445 5220 32.
1562 5168 1607 5203 ³⁵
1634 5167 1792 5224 Luc.

1913 5171 1996 5223 to.
2110 5164 2158 5198 ⁸⁸
2201 5160 2381 5216 Marc.
2406 5173 2483 5223 vn,
2512 5156 2603 5210 33.

1425 5317 1648 5387 Variae
1677 5320 2007 5389 lectiones
2038 5327 2104 5384 et
2136 5320 2337 5381 notae.

272 5452 383 5525 (37)
415 5458 650 5515 Scilicet
675 5474 710 5515 a
739 5475 916 5518 versu
943 5467 972 5518 3
1005 5465 1084 5521 ad
1108 5465 1291 5524 ﬁnem
1322 5474 1403 5525 12.

1962 5452 2075 5542 (38')
2110 5462 2286 5534 Αὑτοί,
2324 5461 2498 5517 Abest
2523 5460 2590 5513 A.

279 5585 802 5727 gsqulggrfgglssunt.
858 5598 1091 5655 Videtur
1132 5616 1273 5671 ergo
1331 5604 1544 5675 legisse
1596 5604 1846 5666 ἀπῆλθον.
1890 5607 2075 5676 Atque
2120 5600 2281 5658 dicta
2307 5598 2368 5653 in
2416 5596 2574 5652 textu
2626 5589 2812 5647 habet
2857 5587 3022 5659 apud
3074 5590 3329 5645 Marcum
3379 5584 3566 5642 codex
