4186 6318
602 351 696 410 431

674 477 837 531 Vers.
869 474 939 528 14
981 469 1055 524 Et
1085 476 1351 538 egressus
1376 489 1443 500 ——
1470 455 1738 512 illorum.
1769 446 1979 538 Vidisti
2018 444 2261 501 deside-
2296 444 2335 495 Α

605 580 783 631 rium,
808 559 941 617 vide
966 562 1019 614 et
1041 535 1168 627 ejus
1201 548 1537 624 praemium.
1569 543 1687 596 Nec
1712 538 1785 594 ab
1815 536 1908 591 his
1947 535 2127 590 iidem
2161 549 2262 587 ex-

608 621 893 727 petebat:
971 621 1136 702 illam
1192 621 1346 696 enim
1399 632 1955 690 demonstraverant
2004 621 2261 695 pedestri

608 711 817 798 itinere
847 738 1074 807 absque
1101 727 1394 788 alimentis
1424 723 1742 793 sequentes
1774 715 1835 770 in
1857 714 2157 769 desertum
2181 711 2263 764 lo-

611 846 750 887 cum
784 847 797 884 :
827 800 1052 884 Marcus
1085 834 1221 874 vero
1252 821 1308 870 et
1357 814 1546 868 Lucas
1575 807 1853 863 dixerunt
1880 801 2046 874 quod
2086 800 2261 854 etiam

613 918 793 991 coepit
822 916 1036 971 docere
1064 908 1197 964 illos
1223 902 1433 972 multa,
1461 898 1748 972 quodque
1773 892 2125 964 loquebatur
2148 886 2261 943 illis

614 1007 690 1062 de
719 1018 900 1073 regno
932 999 1034 1055 Dei
1072 998 1139 1052 ³⁷.

687 1108 855 1166 Unde
884 1110 1084 1161 autem
1116 1113 1395 1172 egressus
1415 1092 1674 1151 sanabat
1693 1093 1750 1145 et
1773 1082 2077 1144 docebat?
2103 1084 2265 1138 Certe

615 1198 861 1255 dubium
881 1208 1003 1250 non
1024 1196 1110 1247 est
1135 1189 1275 1261 quin
1302 1203 1339 1242 a
1368 1189 1587 1241 monte.
1617 1179 1710 1236 Ait
1753 1178 1911 1234 enim
1965 1174 2224 1229 Joannes
2248 1190 2263 1225 :

617 1285 776 1341 Abiit
791 1286 952 1339 Jesus
982 1288 1141 1336 trans
1154 1258 1324 1333 mare
1349 1272 1606 1330 Gatilwce
1625 1266 1773 1340 quod
1791 1271 1871 1320 est
1903 1258 2222 1318 Tiberiadis
2249 1276 2262 1313 :

618 1381 669 1430 et
699 1371 1050 1444 sequebatur
1078 1383 1205 1423 eum
1232 1364 1406 1419 turba
1433 1360 1633 1423 multa,
1666 1356 1804 1427 quia
1830 1351 2093 1410 videbant
2142 1350 2269 1417 ejus

617 1436 786 1533 signa
814 1474 948 1532 quae
971 1457 1173 1514 edebat
1201 1455 1261 1509 in
1291 1451 1375 1506 his
1397 1450 1495 1521 qui
1506 1445 1967 1518 inﬁrmabantur.
1992 1436 2268 1494 Ascendit

622 1527 805 1607 autem
822 1527 901 1604 in
926 1553 1178 1604 montem
1209 1544 1392 1610 Jesus,
1427 1543 1483 1594 et
1512 1536 1596 1592 ibi
1619 1532 1840 1590 sedebat
1868 1546 1996 1585 cum
2022 1527 2267 1595 discipu-

625 1641 697 1697 lis
720 1639 854 1694 suis.
885 1639 934 1672 ³⁸
968 1633 1249 1691 Disseruit
1278 1628 1439 1686 enim
1466 1627 1531 1681 in
1560 1622 1695 1680 navi
1751 1637 1887 1676 cum
1918 1614 2223 1688 discipulis
2251 1629 2264 1679 ;

614 1742 873 1799 cumque
911 1722 1317 1782 ascendissent
1366 1719 1427 1772 in
1478 1719 1764 1779 montem,
1820 1708 2260 1781 requieverunt.

623 1798 844 1875 Deinde
863 1829 1134 1886 egressus
1155 1814 1244 1866 est
1258 1813 1317 1865 et
1341 1803 1591 1864 sanabat
1618 1806 1679 1860 et
1695 1798 1973 1856 docebat.

922 2006 1074 2062 CAP.
1106 2004 1287 2061 XXVI.
1328 2002 1402 2057 De
1420 1998 1672 2072 quinque
1704 1992 1972 2066 panibus.

696 2099 855 2153 Vers.
891 2100 975 2151 l5.
1002 2094 1251 2162 Vespera
1281 2121 1349 2132 —
1378 2086 1630 2145 cibaria.
1681 2084 1815 2139 Dies
1834 2079 2132 2138 declinare
2158 2091 2272 2132 cce-

624 2192 813 2259 perat,
844 2184 997 2240 sicut
1047 2181 1192 2238 dixit
1209 2180 1401 2235 Lucas
1429 2178 1477 2212 ³⁹
1512 2192 1526 2242 ;
1558 2174 1674 2247 ipsi
1702 2177 1906 2228 tamen
1925 2166 2115 2240 jejuni
2144 2179 2271 2237 per-

624 2274 971 2338 manebant,
1000 2268 1283 2328 audiendi
1311 2280 1514 2323 amore
1530 2263 1705 2320 famis
1725 2257 2131 2317 necessitatem
2148 2253 2273 2308 vin-

622 2368 817 2420 cente.
860 2360 1123 2418 Christus
1151 2372 1291 2414 vero
1315 2371 1454 2411 cum
1481 2352 1698 2409 idcirco
1726 2365 1829 2406 eos
1849 2346 2049 2403 cibare
2077 2340 2271 2405 vellet,

622 2449 983 2523 exspectavit
1011 2453 1210 2503 tamen
1235 2449 1302 2500 ut
1318 2444 1398 2500 ab
1427 2441 1559 2499 aliis
1579 2438 1956 2497 occasionem
1991 2433 2273 2498 sumeret,

622 2556 698 2597 ne
728 2520 1023 2595 videretur
1048 2535 1126 2591 ad
1150 2531 1423 2590 miraculi
1451 2527 1860 2602 operationem
1890 2520 2111 2578 assilire
2144 2533 2275 2573 :ne—

621 2642 736 2700 que
764 2626 861 2683 hic
883 2625 1100 2688 solum,
1133 2635 1344 2677 verum
1369 2618 1550 2674 etiam
1570 2614 1713 2673 alibi
1739 2613 1900 2668 idem
1938 2609 2277 2679 frequenter

625 2693 925 2772 observat.
949 2712 1240 2766 Praeterea
1252 2712 1314 2763 ut
1334 2706 1514 2762 etiam
1538 2702 1687 2775 quid
1710 2700 2060 2762 esurierant,
2090 2693 2276 2764 majo-

619 2804 668 2858 ri
697 2799 970 2856 miraculi
999 2812 1174 2852 sensu
1203 2798 1601 2850 moverentur.

697 2908 856 2961 Vers.
899 2903 1177 2961 16.1esus
1207 2906 1403 2957 autem
1431 2929 1491 2939 —
1515 2896 1676 2968 quod
1702 2894 1897 2951 edant.
1928 2892 2056 2947 Non
2084 2888 2228 2944 dixit
2261 2905 2275 2940 :

625 2999 747 3065 Ego
761 3008 1007 3066 pascam
1031 2990 1163 3048 illos
1194 3007 1209 3056 ;
1231 2989 1342 3044 hoc
1363 2987 1523 3044 enim
1542 2982 1897 3055 arrogantiae
1926 2979 2235 3037 videbatur
2259 2994 2273 3043 ;

626 3084 732 3140 sed
796 3080 1116 3153 discipulos
1186 3077 1555 3139 adhortatur,
1612 3077 1676 3129 ut
1733 3072 1876 3127 dent
1940 3068 2052 3124 illis
2111 3066 2275 3139 quod

626 3172 824 3241 edant,
860 3174 924 3226 ut
945 3161 1849 3241 ipsiinopiam}obtendentibus,
1864 3160 1986 3231 jam
2014 3163 2140 3214 tum
2165 3154 2278 3227 ipsi

627 3260 976 3318 necessitate
1005 3259 1250 3314 coactus
1273 3253 1490 3311 faceret
1510 3250 1677 3324 quod
1698 3264 1877 3305 suum
1902 3251 2052 3305 erat.

2307 3131 2348 3187 C

698 3453 817 3511 Sed
846 3452 1147 3511 Matthaau‘s
1175 3448 1423 3522 quidem
1439 3450 1496 3503 et
1522 3447 1750 3503 Marcus
1778 3448 1836 3499 et
1858 3444 2049 3498 Lucas
2073 3440 2281 3496 dicunt

628 3541 951 3613 discipulos
989 3537 1357 3610 suggessisse
1381 3535 1610 3591 Christo
1637 3534 1712 3589 de
1741 3532 2054 3588 turbarum
2085 3528 2282 3583 dimis-

630 3631 814 3700 sione,
846 3644 969 3701 quo
1013 3626 1239 3682 cibaria
1290 3627 1556 3681 emerent
1585 3623 1653 3675 ‘0.
1690 3623 1948 3677 Joannes
1978 3632 2118 3674 vero
2150 3618 2227 3672 ait
2264 3636 2276 3675 :

630 3720 774 3776 Cum
802 3717 1117 3775 sustulisset
1146 3713 1337 3771 oculos
1386 3712 1550 3770 Iesus
1571 3718 1624 3768 et
1667 3710 1896 3767 vidisset
1924 3707 2064 3779 quod
2109 3706 2285 3762 turba

628 3808 806 3863 multa
832 3806 1048 3863 veniret
1075 3804 1152 3861 ad
1173 3819 1251 3870 se,
1288 3804 1373 3860 ait
1412 3801 1493 3860 ad
1519 3800 1861 3871 Philippum
1891 3815 1904 3853 :
1944 3796 2103 3854 Unde
2141 3809 2283 3850 eme~

628 3913 749 3953 mus
774 3911 978 3966 panes,
1010 3901 1076 3950 ut
1107 3890 1494 3950 comedanthi
1522 3890 1550 3945 ‘?
1580 3889 1698 3945 Hoc
1717 3895 1897 3944 autem
1918 3886 2144 3941 dicebat
2172 3890 2285 3939 ten-

631 3993 756 4042 tans
782 4000 906 4041 eum
927 3984 1084 4052 :ipse
1098 3983 1244 4038 enim
1256 3980 1471 4036 sciebat
1492 3977 1631 4048 quid
1648 3983 1791 4033 esset
1831 3976 2119 4044 facturus.
2150 3973 2283 4027 Res-

624 4073 821 4147 pondit
852 4073 904 4129 ei
931 4071 1273 4139 Philippus:
1294 4071 1691 4123 Ducentorum
1714 4065 2088 4119 denariorum
2110 4075 2285 4129 panes

630 4176 752 4216 non
790 4159 1093 4228 sufﬁciunt
1115 4157 1215 4221 eis,
1243 4161 1310 4211 ut
1330 4151 1727 4223 unusquisque
1765 4165 1961 4206 eorum
2004 4149 2284 4217 pusillum

632 4247 929 4319 quippiam
954 4243 1209 4313 accipiat
1241 4243 1309 4293 ιι.
1340 4241 1475 4296 Haec
1503 4253 1646 4294 sane
1676 4237 2181 4309 scripsitJoannes.

1927 317 2284 382 EUTHYMII
2325 308 2651 371 ZIGABENI

3868 292 3982 349 432

2445 442 2545 491 Καὶ
2608 434 2817 497 ἐξελθὼν
2876 462 2943 471 --
2998 428 3183 481 αὐτῶν.
3270 421 3420 486 Εἶδες
3500 426 3586 475 τὸν
3644 422 3822 487 πόθον,
3883 421 3982 493 ὃρα

2369 532 2459 579 καὶ
2512 529 2599 578 τόν
2647 524 2836 594 μισθόν
2915 519 3094 571 αὐτοῦ.
3181 520 3282 569 Καὶ
3341 514 3435 565 οὐκ
3514 510 3725 563 ἀπαιτεῖ
3759 512 3983 568 τούτους

2369 620 2567 668 πίστιν·
2649 609 2847 673 ἔδειξαν
2925 612 3026 682 γαρ
3113 608 3304 661 ταύτην
3368 601 3766 660 ἀκολουθοῦντες
3818 598 3979 670 πεζῇ,

2374 701 2512 773 δίχα
2566 708 2777 776 τροφῆς,
2859 697 2931 758 εἰς
3016 698 3203 770 ἔρημον
3260 696 3435 745 τόπον.
3494 692 3707 760 Μάρκος
3771 684 3830 739 δὲ
3890 692 3984 737 καὶ

2374 798 2577 852 Λουκᾶς
2649 790 2808 853 εἶπον,
2864 787 2945 838 ὅτι
3019 788 3102 835 καὶ
3182 780 3375 853 ἤρξατο
3452 774 3731 831 διδάσκειν
3791 775 3984 835 αὐτοὺς

2373 881 2555 947 πολλὰ,
2605 882 2695 930 καὶ
2750 878 2831 928 ὅτι
2887 872 3048 927 ἐλάλει
3109 870 3287 929 αὐτοῖς
3358 872 3477 941 περὶ
3554 873 3643 925 τῆς
3703 862 3982 936 βασιλείας

2372 977 2461 1022 τοῦ
2501 975 2655 1022 Θεοῦ.

2446 1060 2606 1112 Πόθεν
2661 1052 2720 1108 δε
2773 1052 2982 1116 ἐξελθὼν
3040 1049 3224 1102 ἰάσατο
3298 1050 3389 1097 καὶ
3436 1040 3688 1109 ἐδίδαξε;

2376 1148 2477 1201 ἀπὸ
2529 1152 2620 1199 τοῦ
2668 1149 2838 1217 ὅρους.
2898 1144 3034 1198 Φησὶ
3085 1141 3184 1212 γὰρ
3235 1137 3260 1187 ό
3291 1136 3553 1199 Ἰωάννης,
3599 1133 3679 1184 ὅτι
3723 1129 3975 1190 Ἀπῆλθεν

2376 1240 2402 1290 ὀ
2459 1237 2666 1296 Ἰησοῦς
2757 1234 2916 1305 πέραν
3019 1235 3114 1288 τῆς
3191 1224 3462 1284 θαλάσσης
3537 1228 3633 1282 τῆς
3703 1218 3977 1279 Γαλιλαίας

2377 1336 2472 1387 τῆς
2520 1317 2845 1395 Τιϐεριάδος,
2906 1322 2994 1370 καὶ
3052 1315 3320 1374 ἠκολούθει
3372 1311 3513 1382 αὐτῷ
3571 1309 3730 1380 ὄχλος
3799 1308 3975 1372 πολὺς,

2377 1416 2457 1466 ὅτι
2505 1413 2669 1487 ἑώρων
2716 1408 2877 1462 αὐτοῦ
2955 1409 3022 1458 τά
3105 1410 3317 1475 σημεῖα,
3385 1402 3421 1452 ἄ
3476 1399 3633 1451 ἐποίει
3712 1396 3796 1450 ἐπὶ
3878 1405 3982 1448 τῶν

2378 1502 2750 1557 ἀσθενούντων,
2814 1494 3029 1554 Ἀνῆλθε
3103 1489 3162 1546 δὲ
3214 1491 3279 1551 εἰς
3349 1492 3408 1541 τό
3489 1492 3606 1560 ὅρος
3656 1488 3681 1537 ό
3747 1487 3980 1553 Ἰησοῦς,

2377 1596 2467 1644 καὶ
2558 1589 2663 1642 ἐκεῖ
2745 1586 2964 1643 ἐκάθητο
3055 1584 3185 1654 μετὰ
3267 1588 3365 1630 τῶν
3467 1578 3710 1648 μαθητῶν
3786 1574 3977 1627 αὐτοῦ.

2381 1678 2635 1753 Προελαϐε
2689 1679 2790 1750 ’γὰρ
2872 1673 2919 1725 ἐν
2997 1671 3158 1742 πλοίᾠ
3220 1670 3351 1741 μετά
3405 1674 3505 1718 τῶν
3559 1666 3830 1737 μαθητῶν,
3887 1668 3979 1714 καὶ

3766 1043 3980 1103 Πάντως

2308 1750 2669 1844 Βὰνελθόντες
2722 1765 2789 1825 εἰς
2838 1766 2895 1815 τό
2948 1765 3080 1835 ὅρος,
3135 1755 3528 1811 διανεπαύοντο.
3588 1752 3717 1807 Είτα
3774 1750 3974 1818 ἐξῆλθε,

2378 1880 2468 1913 και
2500 1858 2706 1920 ἰάσατο,
2728 1858 2820 1906 καὶ
2844 1847 3103 1912 ἐδίδαξεν.

2682 1949 2828 1998 ΚΕΦ.
2866 1937 2977 1993 ΚΣ’.
3011 1941 3135 2011 Περὶ
3167 1944 3267 1988 τῶν
3304 1937 3451 1987 πέντε
3484 1933 3673 2007 ἄρτων.

2450 2035 2642 2106 Ὀψίας
2668 2061 2739 2074 —-
2787 2027 3064 2102 βρώματα.
3105 2024 3164 2078 Ἠ
3315 2024 3486 2095 ἡμέρα
3524 2019 3710 2071 κλίνειν
3761 2016 3977 2091 ἤρξατο,

2378 2126 2552 2185 καθὼς
2576 2122 2684 2174 εἶπε
2714 2123 2941 2178 Λουκᾶς·
2978 2115 3124 2167 αὐτοὶ
3152 2109 3212 2165 δὲ
3231 2114 3511 2183 παρέμενον
3536 2109 3737 2175 ἄσιτοι,
3764 2113 3856 2158 τοῦ
3885 2114 3978 2165 τῆς

2381 2211 2673 2287 ἀκροάσεως
2710 2210 2898 2280 ἔρωτος
2941 2211 3181 2261 νικῶντος
3227 2205 3319 2258 τὴν
3367 2197 3593 2270 ἀνάγκην
3643 2205 3735 2255 τῆς
3778 2198 3977 2255 πείνης.

2379 2301 2438 2353 Ὀ
2465 2296 2523 2352 δὲ
2550 2300 2793 2371 Χριστός,
2818 2291 2912 2347 διὰ
2930 2300 3085 2345 τοῦτο
3109 2289 3418 2363 βουλόμενος
3446 2285 3630 2358 θρέψαι
3661 2280 3977 2357 παραδαξως

2382 2389 2593 2455 αὐτοὺς,
2637 2385 2771 2457 ὅμως
2801 2381 3024 2454 ἀνέμεινε
3050 2379 3173 2452 παρ’
3205 2377 3383 2451 ἑτέρων
3412 2374 3583 2427 λαϐεῖν
3612 2372 3871 2445 ἀφορμὴν,
3902 2373 3983 2423 ἶνα

2383 2482 2454 2550 μὴ
2481 2473 2515 2529 δ
2519 2475 2608 2548 όξῃ
2631 2480 2739 2534 ταῖς
2757 2472 3200 2544 θαυματουργίαις
3225 2461 3509 2534 ἐπιπηδᾴνο
3534 2467 3623 2514 καὶ
3646 2461 3742 2514 οὐκ
3764 2459 3981 2513 ἐνταῦθα

2383 2549 2555 2638 μόνον,
2590 2562 2715 2615 ἀλλά
2743 2581 2834 2612 και
2861 2558 3132 2629 πολλαχοῦ
3159 2562 3313 2608 τοῦτο
3341 2549 3597 2627 διατηρεῖ.
3625 2555 3729 2604 Ναὶ
3762 2553 3865 2622 μὴν
3895 2552 3981 2600 καὶ

2386 2656 2468 2706 ἵνα
2539 2655 2869 2710 πεινάσαντες
2947 2645 3137 2704 πολλὴν
3214 2644 3465 2700 αἴσθησιν
3547 2647 3640 2692 τοῦ
3725 2640 3982 2711 θαύματος

2383 2741 2634 2794 λάϐωσιν.

2454 2830 2511 2882 Ὀ
2535 2826 2593 2882 δὲ
2610 2828 2811 2886 Ἰησοῦς
2834 2853 2892 2866 -—
2925 2830 3123 2896 φαγεῖν.
3157 2820 3233 2874 Οὐ
3254 2820 3441 2894 χρείαν
3462 2820 3693 2890 ἔχουσιν,
3717 2813 3829 2866 ἀντὶ
3856 2822 3972 2881 τοῦ,

2387 2918 2497 2972 Οὐκ
2527 2916 2836 2989 ὀφείλουσιν.
2881 2912 2990 2964 Οὐκ
3030 2907 3136 2963 εἶπε
3178 2905 3254 2964 δὲ.
3292 2908 3373 2960 ὃτι
3409 2906 3540 2979 Ἐγώ
3577 2904 3738 2979 θρέψω
3766 2901 3971 2969 αὐτοὺς,

2385 3014 2536 3061 τοῦτο
2564 3007 2666 3077 γὰρ
2699 3000 2866 3056 ἐδόκει
2895 3002 3184 3073 κομπηρὸν,
3216 2995 3342 3049 ἆλλὰ
3367 2997 3484 3056 τοὺς
3511 2996 3745 3066 μαθητὰς
3768 2994 3975 3065 προτρέ-

2385 3115 2537 3150 πεται
2580 3090 2764 3146 δοῦναι
2795 3090 2970 3152 αὐτοῖς
3001 3092 3199 3161 φαγεῖν,
3235 3086 3338 3154 ἵνα,
3366 3087 3560 3137 τούτων
3590 3078 3981 3156 προϐαλλομένων

2389 3186 2499 3255 (59)
2532 3182 2771 3256 ἀπορίαν,
2805 3183 2920 3232 τότε
2955 3177 3133 3229 λοιπὸν
3172 3174 3225 3238 ἐξ
3254 3172 3486 3246 ἀνάγκης
3512 3171 3663 3231 αὐτὸς
3692 3172 3890 3240 ποιήσῃ
3926 3170 3985 3219 τὸ

2387 3272 2592 3326 ἑαυτοῦ.

2459 3360 2614 3413 Ἀλλὰ
2681 3358 2950 3416 Ματθαῖος
3019 3356 3109 3425 μὶν
3173 3355 3263 3404 καὶ
3333 3351 3545 3422 Μάρκος
3616 3352 3706 3400 καὶ
3776 3350 3986 3406 Λουκᾶς

2386 3451 2621 3522 λέγουσι,
2691 3447 2836 3520 παρὰ
2911 3451 3011 3496 τῶν
3103 3442 3349 3513 μαθητῶν
3408 3437 3810 3509 ὑπομνησθῆναι
3900 3435 3988 3485 τόν

2390 3541 2620 3614 Χριστόν
2650 3540 2768 3608 περὶ
2790 3540 2879 3586 τοῦ
2907 3530 3167 3584 ἀπολῦσαι
3191 3533 3307 3589 τοὺς
3328 3526 3539 3599 ὄχλους,
3570 3532 3654 3576 ἰνα
3677 3521 3989 3596 ἀγοράσωσι

2389 3611 2600 3704 τροφάς.
2647 3624 2707 3676 Ὀ
2752 3619 2812 3675 δὲ
2850 3621 3088 3681 Ἰωάννης
3130 3622 3278 3690 φησὶ,
3329 3617 3409 3668 ὃτι
3455 3614 3677 3687 Ἐπάρας
3719 3613 3744 3662 ό
3782 3611 3994 3672 Ἰησοῦς

2389 3698 2510 3778 τὸὺέ
2565 3712 2876 3787 ὀφθαλμοὺς’
2936 3713 3027 3761 καὶ
3085 3708 3418 3777 θεασάμενος,
3486 3702 3565 3755 ότι
3619 3700 3779 3762 πολὺς
3832 3698 3996 3770 ὄχλος

2392 3810 2605 3880 ἔρχεται
2639 3805 2768 3874 πρὸς
2811 3799 2986 3864 αὐτὸν,
3026 3795 3161 3866 λέγει
3205 3797 3336 3866 πρὸς
3376 3796 3463 3844 τόν
3507 3790 3782 3844 Φίλιππόν·
3830 3789 3995 3841 Πόθεν

2395 3894 2717 3969 ἀγοράσομεν
2772 3888 2883 3959 (60)
2928 3888 3137 3958 ἄρτους,
3189 3880 3272 3934 ἱνα
3318 3884 3548 3953 φάγωσιν
3600 3878 3785 3942 circi;
3832 3879 3998 3932 Τοῦτο

2395 3964 2454 4037 δὲ
2493 3964 2636 4052 ’ἑλεγε
2663 3977 2923 4051 πειράζων
2971 3974 3145 4027 αὐτόν.
3198 3970 3351 4031 αὐτὸς
3392 3971 3493 4041 γὰρ
3549 3964 3690 4040 ᾔδει,
3734 3970 3785 4018 τί
3826 3964 3999 4038 ἔμελλε

2394 4079 2577 4126 ποιεῖν.
2609 4067 2889 4141 Ἀπεκρίθη
2926 4063 3064 4133 αὐτῷ
3104 4059 3370 4120 Φίλιππος·
3405 4060 3690 4111 Διακοσίων
3731 4050 3998 4129 δηναρίων

2393 4163 2543 4235 ἄρτοι
2599 4157 2693 4210 οὐκ
2758 4154 3007 4229 ἀρκοῦσιν
3090 4149 3288 4219 αὐτοῖς,
3368 4147 3453 4199 ἱνα
3532 4147 3746 4203 ἕκαστος
3825 4141 3996 4195 αὐτῶν

2396 4232 2580 4324 βραχύ
2661 4265 2714 4297 τι
2782 4242 2938 4314 λάϐῃ.
3017 4245 3196 4292 Ταῦτα
3277 4238 3367 4309 μὲν
3449 4234 3535 4288 οὖν
3602 4235 3879 4305 ἱστόρησεν
3970 4232 3996 4282 ὁ

2319 4332 2366 4388 D
2398 4338 2654 4397 Ἰωάννης.

702 4432 1034 4492 Verisimite
1068 4440 1154 4492 est
1182 4439 1385 4493 autem
1416 4434 1679 4505 primum
1704 4432 2025 4505 discipulos
2047 4448 2286 4506 sugges-

635 4527 781 4583 sisse
815 4540 830 4592 ;
871 4522 1086 4582 deinde
1123 4540 1262 4580 eum
1301 4523 1520 4579 dixisse
1568 4521 1683 4579 illis
1715 4540 1727 4578 :
1762 4525 1887 4578 Non
1915 4538 2157 4580 necesse
2200 4528 2288 4579 est

631 4616 747 4674 illis
769 4613 974 4686 egredi
1001 4630 1012 4669 :
1046 4615 1183 4672 date
1211 4630 1316 4670 vos
1345 4613 1457 4670 illis
1482 4613 1647 4685 quod
1669 4612 1864 4670 edant.
1895 4613 2287 4670 Postmodum

632 4705 940 4764 sustulisse
969 4704 1175 4761 oculos
1201 4718 1274 4760 ac
1302 4702 1523 4758 vidisse
1552 4700 1786 4758 turbam
1815 4701 1997 4759 aliam
2035 4701 2286 4759 multam

630 4796 968 4853 venientem
997 4813 1010 4863 ;
1043 4799 1100 4851 et
1128 4801 1265 4849 tunc
1287 4792 1556 4849 humano
1583 4807 1752 4848 more
1778 4795 2033 4849 tentasse
2069 4790 2286 4865 Philip-

631 4901 799 4958 pum,
833 4884 960 4941 sive
990 4882 1282 4955 probasse
1299 4897 1378 4937 an
1400 4880 1858 4953 crederetipsum
1886 4895 2288 4952 posseomnes

631 4988 902 5045 pascere.
942 4970 1228 5029 Tentabat
1245 4975 1442 5027 autem
1472 4969 1641 5026 illum
1675 4974 1960 5040 tanquam
1981 4970 2203 5027 casteria
2215 4986 2286 5028 eo

705 5150 751 5186 ³⁷
794 5152 967 5208 Marc.
989 5164 1073 5217 vi,
1117 5148 1184 5207 34
1217 5166 1232 5218 ;
1263 5149 1401 5205 Luc.
1432 5164 1509 5214 1x,
1545 5152 1628 5204 11.

629 5223 796 5279 Joan.
822 5236 903 5287 vi,
928 5225 1037 5277 5-7.

1745 5148 1792 5184 "
1821 5149 1993 5207 Joan.
2023 5162 2105 5217 vr,
2142 5152 2255 5206 l-3.
2310 5208 2315 5213 _

2472 4434 2619 4495 Εἰκὸς
2667 4428 2727 4484 δε
2778 4429 2890 4503 (61)
2958 4433 3159 4502 πρῶτον
3219 4425 3308 4496 μὲν
3384 4420 3786 4494 ὑπομνησθῆναι
3854 4419 3999 4491 παρὰ

2396 4533 2494 4578 τῶν
2541 4523 2807 4597 μαθητῶν,
2862 4515 2973 4570 εἶτα
3018 4514 3175 4568 εἰπεῖν
3228 4511 3420 4571 αὐτοῖς·
3477 4509 3550 4561 Οὐ
3604 4512 3785 4583 χρείαν
3835 4508 3998 4578 ἔχου-

2397 4635 2481 4668 σιν
2551 4610 2807 4676 ἀπελθεῖν,
2889 4601 3010 4658 δότε
3077 4601 3253 4663 αὐτοῖς
3329 4600 3478 4672 ὑμεῖς
3552 4602 3749 4670 φαγεῖν·
3814 4596 3996 4646 ἔπειτα

2396 4703 2586 4779 ἐπᾶραι
2685 4701 2807 4758 τοὺς
2887 4691 3201 4766 ὀφθαλμοὺς,
3292 4692 3382 4742 καὶ
3465 4686 3750 4739 θεάσασθαι
3827 4680 3993 4733 πολὺν

2397 4793 2555 4866 ὄχλον
2608 4790 2774 4861 ἕτερον
2835 4785 3138 4857 ἐρχόμενον,
3192 4782 3283 4831 καὶ
3335 4781 3451 4830 τότε
3495 4774 3672 4829 λοιπὸν
3726 4770 3997 4844 ἀνθρωπό-

2396 4887 2605 4958 πρεπῶς
2672 4875 2923 4950 πειράσαι
2986 4873 3073 4924 τὸν
3128 4867 3396 4933 Φίλιππον,
3475 4868 3640 4919 εἶτουν
3707 4859 4001 4934 δοκιμάσαι

2399 4976 2601 5036 τοῦτον,
2661 4964 2705 5019 εἰ
2748 4963 2984 5017 πιστεύει
3042 4955 3308 5012 δύνασθαι
3349 4955 3504 5009 αὐτὸν
3550 4950 3835 5025 διαθρέψαι
3875 4949 4004 5002 πάν-

2368 5149 2417 5186 ”
2444 5147 2584 5206 Luc.
2630 5161 2705 5211 χι,
2756 5143 2847 5200 12.
2956 5140 3008 5178 ⁸ο
3037 5139 3220 5197 Marc.
3252 5148 3334 5205 v1,
3362 5134 3433 5190 35
3463 5149 3479 5200 ;
3510 5131 3651 5188 Luc.
3682 5143 3762 5194 ix,
3824 5126 3915 5184 12.
3951 5128 4000 5164 ιι

1846 5398 2075 5470 Variae
2107 5396 2432 5467 lectiones
2462 5405 2526 5464 et
2557 5404 2760 5462 notas.

698 5592 817 5736 ἕ59)
849 5590 1274 5666 Προϐαλλομένων
1298 5598 1355 5650 Β.

722 5664 810 5736 60)
841 5664 1206 5736 Ἀγοράοωμεν
1237 5672 1297 5720 Α.

722 5664 810 5737 60)
841 5664 1206 5740 ’Ᾱγοράοωμεν
1237 5672 1297 5720 Α.

2467 5590 2586 5665 (61)
2620 5594 2743 5657 Καί,
2767 5603 2878 5661 pro
2910 5582 2970 5640 δέ
2998 5591 3061 5641 Α.
