4186 6318
284 300 395 356 433

1291 298 1645 354 COMMENT.
1689 298 1756 353 ΙΝ
1795 298 2229 359 ΜΑΤΤΗᾸΞΗΜ.
2271 334 2339 343 -
2370 305 2525 361 CAP.
2557 305 2699 362 XIV.

3559 309 3663 364 434

284 446 353 477 τα
405 471 416 482 ,
475 424 741 495 Ἐπειραζε
787 420 844 474 δὲ
894 427 1066 489 αὑτὸν,
1122 427 1184 483 ὡς
1233 424 1557 493 ἀτελές-τερον
1602 432 1871 480 τηνικαῦτι

2001 434 2260 500 tempore
2288 429 2785 499 imperfecliorem
2811 448 2822 486 :
2857 435 2959 489 aut
2989 434 3167 491 etiam
3192 448 3300 505 per
3326 434 3502 499 hunc,
3534 451 3656 490 ser-

286 534 389 565 των
439 514 618 565 οὒλων.
666 512 731 563 "ll
785 511 857 563 ὸι¹
892 517 1051 564 αύτού
1093 520 1181 565 καὶ
1229 517 1357 585 πρὸς
1386 518 1500 573 τοὺς
1531 514 1715 574 ἄλλους
1755 512 1887 565 ἀπο-

286 608 525 668 τείνεται,
581 602 840 675 πειράζων
895 605 985 652 καὶ
1050 604 1284 662 τούτους.
1344 601 1500 660 Δῆλον
1562 607 1752 667 τοίνυν,
1809 605 1888 655 ὅτι

286 692 321 743 ά
381 695 470 764 μὲν
527 687 664 742 εἷπον
711 692 760 741 οἱ
817 688 965 740 ἄλλοι
1022 689 1406 762 εύαγγελισταὶ,
1472 689 1801 765 παρέδραμεν
1861 694 1886 743 ὀ

285 781 545 839 Ἰωὰννηςο
606 779 641 830 ά
714 774 773 830 δε
835 774 1169 852 παρέδραμον
1230 777 1430 847 ἐκεῖνοι,
1502 788 1666 834 ταῦτα
1740 781 1889 842 οὗτος

282 867 619 938 ἀπήγγειλεν.

352 975 417 1024 Οἱ
481 970 541 1025 δὲ
603 1005 671 1011 -
742 972 949 1043 ἰχθύας.
1021 973 1260 1035 Ἰωάννης
1323 972 1382 1026 δέ
1442 994 1574 1047 φησι
1633 978 1714 1027 τὸν
1774 975 1885 1026 Ἀν-

279 1060 433 1134 δρέαν
488 1061 671 1128 εἰπεῖν,
724 1063 804 1113 ὄτι
860 1062 1012 1114 Ἔστι
1061 1060 1343 1136 παιδάριον
1402 1064 1449 1115 ἓν
1504 1061 1627 1127 ὧδε,
1688 1065 1713 1115 ὅ
1772 1066 1885 1135 ἔχει

274 1156 423 1203 πέντε
463 1152 651 1222 ἄρτους
690 1153 955 1224 κριθίνους
991 1156 1086 1203 παὶ
1136 1148 1231 1203 δύο
1280 1153 1494 1225 ὀψάρια*
1545 1152 1670 1204 ἀλλά
1718 1160 1884 1205 ταῦτα

276 1244 329 1291 τί
391 1239 532 1291 ἐστιν
590 1239 655 1298 εἰς
713 1245 1031 1310 τοσούτους;
1093 1244 1298 1302 Πάντως
1362 1239 1420 1294 δὲ
1483 1245 1540 1293 τὸ
1602 1238 1882 1314 παιδάριον

280 1327 441 1380 ἐκεῖνο
517 1325 755 1380 διεπώλει
826 1337 992 1380 ταῦτα
1067 1337 1175 1389 τοῖς
1249 1332 1531 1402 μαθηταῖς.

280 1418 349 1477 ὡς
404 1413 510 1475 ἤδη
566 1417 770 1487 ἔχοντες
822 1418 979 1479 αὐτὰ,
1038 1416 1413 1492 ἀπεκρὶθησαν,
1470 1424 1540 1490 μὴ
1593 1422 1729 1490 ἔχειν
1774 1420 1880 1470 ἕτε-

278 1524 367 1578 ρον
412 1506 454 1557 εἰ
492 1510 563 1577 μὴ
608 1514 771 1557 ταῦτα
816 1510 988 1577 μόνον.
1038 1507 1189 1558 Ούτω
1235 1510 1470 1580 πάρεργα
1525 1507 1702 1568 αὐτοῖς
1746 1504 1879 1565 ἦσαν

278 1598 342 1645 τα
384 1598 678 1665 σωματικὰ,
720 1604 817 1645 τῶν
870 1600 1226 1665 πνευματίκῶν
1270 1595 1458 1667 μᾶλλον
1500 1595 1875 1668 ἀντεχομένοις.

279 1684 345 1733 Οἱ
378 1680 589 1734 δώδεκα
620 1686 719 1754 γὰρ
761 1687 904 1734 πέντε
934 1687 1107 1754 μόνοις
1148 1686 1322 1757 οῖρτοις
1362 1684 1562 1757 ἔμελλον
1595 1694 1875 1758 τραφῆναι,

276 1776 369 1822 καὶ
399 1775 606 1833 τούτοις
634 1773 895 1845 κριθίνοις.

348 1877 408 1928 Ὀ
459 1875 517 1929 δε
573 1908 641 1917 --
696 1874 816 1933 ὧδε,
878 1878 1037 1938 Αὐτὸς
1098 1881 1182 1931 μὲν
1237 1879 1552 1950 προσέταξεν
1602 1878 1877 1951 ἐνεχθῆναι

276 1969 410 2026 τσύς
461 1967 648 2038 οῐρτους
704 1970 791 2016 καὶ
845 1970 964 2028 τούς
1014 1967 1226 2037 ἰχθύας,
1283 1963 1576 2030 διδάσκων,
1630 1969 1710 2018 ὅτι
1764 1973 1871 2041 χρὴ

275 2059 365 2105 καὶ
420 2055 553 2105 αὐτὰ
608 2056 672 2106 τὰ
726 2054 876 2125 ὀλίγα
931 2062 1229 2127 παρασχεῖν
1285 2063 1390 2115 τοῖς
1448 2053 1725 2127 δεομένοις,
1786 2062 1875 2107 καὶ

274 2149 534 2215 προτιμᾷν
564 2142 770 2203 αὐτούς·
814 2142 963 2195 αὐτοὶ
1010 2140 1087 2213 δὲ,
1139 2148 1311 2196 καίτοι
1349 2152 1617 2205 πεινῶντες
1660 2146 1868 2215 ὀμοίῶς,

272 2236 365 2282 καί
402 2228 570 2303 μηδὲν
600 2232 765 2306 ἕτερον
810 2233 1038 2302 ἔχοντες,
1084 2232 1218 2303 ὅμως
1250 2231 1631 2305 ἀνωτίρῥὴτως
1670 2234 1873 2284 πείθον-

273 2338 377 2373 ται.

345 2448 445 2495 Καὶ
500 2442 749 2505 κελεύσας
801 2473 869 2483 -—
919 2448 1165 2517 χὸρτους.
1224 2444 1281 2496 Ὀ
1340 2440 1399 2496 δὲ
1448 2447 1654 2518 Μᾶρκος
1711 2442 1866 2509 εἶπεν,

1604 1335 1689 1382 Διὸ
1767 1335 1880 1398 καὶ,

1999 531 2241 571 monem
2260 523 2315 573 et
2332 518 2408 572 ad
2424 517 2571 573 alios
2590 519 2903 590 dirigebat,
2925 525 3159 579 tentans
3173 538 3412 595 quoque
3428 529 3483 580 et
3502 523 3655 582 illos.

1998 604 2370 661 Manifestum
2427 610 2681 675 estergo
2728 609 2892 679 quod
2943 625 3015 666 ea
3058 627 3189 683 quae
3234 612 3334 670 alii
3383 612 3655 669 dixerunt

1997 694 2401 762 evangelistm,
2449 697 2818 766 praetermisit
2858 700 3117 755 Joannes
3153 717 3167 766 ;
3214 717 3349 773 quis
3393 716 3533 758 vero
3575 702 3652 756 illi

1998 783 2514 851 praetermiserunt,
2548 784 2676 839 haec
2703 785 2811 841 iste
2840 788 3125 844 narravit.

2069 993 2230 1047 Vers.
2266 995 2350 1048 17.
2384 996 2461 1049 At
2490 995 2584 1050 illi
2613 1026 2680 1036 —
2708 996 2914 1064 pisces.
2953 998 3210 1053 Joannes
3238 1014 3380 1056 vero
3411 1003 3489 1058 ait
3537 1005 3648 1058 An-

1994 1081 2201 1136 dream
2231 1081 2472 1138 dixisse:
2516 1085 2616 1139 Est
2662 1085 2947 1152 puerulus
2998 1086 3087 1141 hic
3120 1102 3293 1153 unus,
3338 1092 3436 1158 qui
3474 1091 3648 1146 habet

1994 1171 2246 1241 quinque
2274 1187 2459 1240 panes
2495 1173 2843 1229 hordeaceos
2884 1180 2939 1229 et
2971 1174 3115 1230 duos
3136 1175 3340 1245 pisces,
3376 1178 3479 1232 sed
3523 1177 3647 1233 haec

1991 1260 2133 1328 quid
2161 1266 2293 1314 sunt
2320 1263 2476 1317 inter
2503 1268 2620 1318 tam
2646 1263 2859 1317 multos
2882 1268 2918 1299 α
2938 1260 2968 1315 ἳ
2990 1262 3205 1317 Procul
3234 1263 3421 1319 dubio
3444 1269 3643 1321 autem

1989 1348 2275 1418 puerulus
2295 1348 2388 1403 ille
2405 1349 2709 1421 discipulis
2730 1351 2857 1406 haec
2892 1350 3208 1419 vendebat,
3244 1352 3498 1425 ideoque
3519 1359 3645 1409 tan-

1918 1478 1957 1531 Β
1988 1450 2175 1531 quam
2196 1437 2302 1492 illa
2324 1438 2447 1507 jam
2468 1439 2775 1531 habentes,
2794 1439 3234 1509 responderunt
3257 1458 3316 1495 se
3340 1441 3503 1496 aliud
3525 1458 3640 1498 non

1988 1523 2207 1579 habere
2266 1532 2473 1596 praeter
2542 1526 2667 1581 haec
2732 1530 2982 1583 tantum.
3046 1531 3128 1582 Ita
3187 1530 3473 1600 neglectui
3529 1532 3641 1586 illis

1986 1618 2155 1667 erant
2179 1614 2508 1684 corporalia
2534 1616 2678 1669 dum
2702 1615 3003 1670 mordicus
3029 1616 3435 1685 spiritualibus
3459 1619 3641 1674 inhie-

1986 1706 2182 1755 rerent
2214 1702 2570 1765 ;duodec1m
2594 1703 2774 1767 enim,
2804 1703 2944 1757 solis
2963 1703 3229 1775 quinque
3252 1706 3510 1775 panibus
3538 1710 3637 1764 iis-

1986 1804 2099 1860 que
2122 1789 2466 1846 hordeaceis
2493 1791 2735 1847 cibandi
2765 1796 2953 1849 erant.

2057 1895 2218 1949 Vers.
2279 1897 2365 1950 18.
2422 1898 2555 1965 Ipse
2608 1903 2796 1954 autem
2852 1934 2919 1941 —
2974 1904 3101 1960 huc.
3157 1905 3341 1960 Jussit
3390 1904 3635 1975 quidem

1985 1998 2171 2053 panes
2188 1999 2257 2038 ac
2272 1985 2461 2054 pisces
2474 1984 2689 2052 afferri,
2710 1987 2931 2043 docens
2948 1992 3113 2061 quod
3132 1994 3310 2047 etiam
3328 1992 3426 2047 illa
3445 2006 3638 2062 pauca

1982 2076 2247 2142 oporteat
2288 2072 2551 2143 praebere
2589 2074 3017 2144 indigentibus,
3071 2095 3291 2151 eosque
3323 2079 3439 2135 sibi
3488 2080 3637 2151 ipsis

1981 2176 2350 2231 praeponere.
2380 2160 2463 2215 Illi
2490 2176 2625 2217 vero
2645 2177 2996 2236 quanquam
3022 2167 3288 2223 similiter
3312 2168 3469 2223 fame
3508 2182 3637 2223 cru-

1982 2249 2135 2313 ciati,
2182 2249 2326 2303 nihil
2370 2250 2536 2305 aliud
2573 2250 2881 2317 haberent,
2914 2254 3039 2310 sine
3074 2256 3192 2312 ulla
3240 2261 3438 2312 tamen
3487 2271 3636 2311 con-

1981 2336 2329 2392 tradictione
2361 2337 2670 2394 obediunt.

2052 2444 2213 2498 Vers.
2255 2444 2333 2497 19.
2389 2444 2646 2516 Cumque
2661 2448 2927 2514 jussisset
2958 2478 3026 2491 -—
3064 2450 3361 2519 gramina.
3401 2449 3633 2504 Marcus

272 2535 355 2581 ὅτι
407 2536 505 2584 Καὶ
560 2531 795 2594 ἐπέταξεν
855 2534 1031 2593 αὐτοῖς
1080 2532 1421 2592 ἀνακλιθῆναι
1479 2534 1590 2604 (6‘2)
1650 2535 1866 2600 πάντας,

1987 2536 2178 2588 autem
2231 2531 2378 2586 dixit
2422 2532 2585 2604 quod
2627 2534 2803 2603 jussit
2847 2539 2911 2590 ut
2954 2536 3331 2592 discumbere
3376 2536 3635 2593 facerent

275 2624 548 2690 συμπόσια
612 2625 904 2692 συμπόσια,
966 2620 1047 2673 ἐπὶ
1118 2630 1189 2691 τῷ
1254 2621 1445 2695 χλωρῷ
1508 2626 1706 2693 χόρτῳ.
1769 2628 1867 2674 Καὶ

276 2707 517 2760 ἀνέπεσον
582 2715 810 2783 πρασιαὶ
878 2715 1124 2783 πρασιαὶ,
1190 2710 1285 2762 ἀνα
1363 2710 1540 2762 ἑκατὸν
1607 2715 1695 2762 καὶ
1773 2710 1868 2762 ἀνὰ

270 2801 604 2854 πεντήκοντα.
675 2829 744 2839 --
810 2804 1092 2870 Κυμποσια
1157 2802 1429 2870 συμπόσια
1491 2799 1669 2869 λέγων,
1754 2799 1866 2851 ἀντὶ

265 2893 376 2953 τοῦ,
434 2891 708 2952 συμπόσια
766 2884 1080 2959 διῃρημένα,
1136 2891 1391 2954 τουτέστι,
1453 2891 1761 2958 συναγωγὴν
1807 2884 1865 2939 δὲ

267 2974 390 3037 ἐκεῖ,
445 2980 749 3046 συναγωγὴν
799 2971 858 3027 δὲ
901 2975 1156 3047 ἀλλαχοῦ.
1200 2979 1269 3028 Τὸ
1319 2975 1444 3027 αύτό
1482 2972 1541 3027 δὲ
1588 2972 1741 3032 δηλοῖ
1776 2980 1865 3027 καὶ

268 3066 327 3114 τὸ
359 3068 582 3135 πρασιαὶ
609 3068 854 3136 πρασιαὶ.
898 3062 1007 3117 Εἶεν
1054 3060 1103 3116 δ’
1135 3066 1196 3115 ἄν
1239 3069 1328 3117 καὶ
1359 3065 1556 3137 ἑτέρως·
1593 3067 1866 3135 συμπόσια

270 3155 359 3223 μεν
441 3154 493 3203 αἱ
571 3148 885 3213 κυκλοειδεῖς
966 3158 1287 3223 συναγωγαί,
1370 3157 1594 3225 πρασιαὶ
1671 3149 1729 3204 δὲ
1812 3156 1865 3205 αἱ

270 3238 734 3314 τετραγῳνοειδεῖς.
783 3248 1033 3293 Τοιαῦται
1061 3244 1163 3314 γὰρ
1194 3244 1249 3292 αὶ
1277 3249 1372 3292 τῶν
1405 3246 1584 3299 κήπων
1614 3247 1859 3313 πρασιαί.

274 3329 491 3389 κλισίας
538 3326 593 3381 δε
642 3331 667 3380 ὁ
711 3335 914 3389 Λουκᾶς
957 3328 1164 3382 ἐκάλεσε
1211 3332 1275 3381 τὰ
1319 3337 1537 3381 τοιαῦτα
1571 3330 1707 3400 (63),
1760 3329 1863 3382 ἀπὸ

269 3424 363 3468 τοῦ
393 3416 763 3475 κατακλιθῆναι
796 3414 1080 3489 στιχηδόν.

1977 2636 2181 2675 omnes
2225 2621 2553 2675 distributis
2593 2622 2870 2678 conviviis
2900 2624 2959 2678 in
3003 2624 3177 2679 viridi
3211 2625 3525 2693 gramine;
3576 2630 3633 2680 et

1976 2709 2402 2764 discubuerunt
2431 2709 2728 2765 distributi
2760 2711 2816 2764 in
2850 2712 3083 2767 areolas
3113 2713 3342 2768 centeni
3373 2716 3428 2767 et
3458 2713 3628 2785 quin-

1974 2799 2232 2869 quageni
2269 2799 2334 2851 ‘3.
2391 2798 2561 2862 Quod
2608 2804 2803 2854 autem
2856 2800 3085 2869 dicitur,
3138 2801 3463 2856 distributis
3502 2816 3630 2856 con-

1975 2886 2166 2955 viviis,
2219 2886 2280 2940 in
2332 2885 2525 2941 littera
2574 2886 2830 2942 habetur
2857 2893 3131 2959 συμπόσια
3164 2893 3457 2960 συμπόσια,
3518 2889 3629 2943 hoc

1975 2980 2061 3029 est
2104 2990 2208 3047 per
2256 2974 2567 3030 distributa
2613 2976 2928 3040 convivia;
2982 2978 3104 3031 sive
3158 2982 3217 3031 ut
3262 2976 3359 3031 hic
3409 2976 3479 3031 sit
3508 2992 3629 3033 una

1974 3064 2373 3133 congregatio,
2396 3062 2474 3117 ibi
2495 3063 2611 3118 alia
2626 3066 3028 3132 congregatio,
3052 3069 3107 3119 et
3143 3064 3283 3119 alibi
3304 3065 3378 3119 ali
3416 3069 3471 3119 et
3490 3065 3624 3121 alia.

1974 3152 2136 3207 Idem
2163 3166 2398 3222 quoque
2426 3151 2717 3219 signiﬁcat
2743 3152 2906 3222 quod
2930 3152 3168 3206 additur
3192 3170 3204 3206 :
3238 3152 3537 3206 Distributi
3568 3153 3625 3207 in

1974 3240 2223 3303 areolas,
2252 3238 2417 3311 quod
2447 3238 2637 3293 littera
2660 3239 2841 3293 habet
2870 3244 3095 3310 πρασιαὶ
3120 3245 3364 3312 πρασιαὶ,
3395 3240 3509 3294 hoc
3538 3244 3629 3295 est

1972 3344 2073 3401 per
2097 3327 2444 3382 distributas
2466 3326 2715 3382 areolas.
2746 3328 2941 3381 Potest
2961 3342 3197 3398 quoque
3224 3331 3280 3382 et
3307 3327 3422 3382 alio
3445 3328 3627 3382 modo

1973 3418 2091 3473 dici
2112 3416 2276 3487 quod
2303 3420 2577 3468 συμπόσια
2598 3413 2809 3470 fuerint
2832 3414 3326 3483 congregationes
3346 3415 3406 3468 in
3426 3414 3625 3469 circuli

269 3506 529 3575 speciem
569 3506 876 3571 ordinatae,
919 3511 1143 3580 πρασιαὶ
1182 3522 1323 3561 vero
1363 3506 1421 3560 in
1461 3506 1862 3577 quadranguli
1902 3507 2187 3581 speciem.
2238 3502 2593 3572 Hujusmodi
2634 3504 2793 3557 enim
2836 3509 2976 3558 sunt
3012 3503 3320 3558 hortorum
3376 3502 3616 3559 areolae.

264 3594 455 3648 Lucas
489 3609 627 3648 vero
659 3595 796 3650 talia
822 3596 1053 3649 vocavit
1099 3596 1145 3628 “
1189 3592 1513 3648 discubitus
1555 3611 1590 3650 a
1620 3594 2069 3663 discumbendo,
2103 3594 2311 3651 κλισίας
2340 3591 2608 3647 videlicet
2636 3607 2673 3646 a
2703 3591 2964 3656 κλιθῆναι,
2998 3591 3059 3646 id
3091 3596 3179 3647 est
3206 3591 3483 3647 reclinari
3514 3606 3624 3645 suo

266 3698 511 3754 quoque
536 3689 697 3739 certo
726 3682 954 3738 ordine.

340 3770 525 3822 Λαϐὼν
590 3802 659 3813 -
712 3770 1006 3842 εὐλόγησεν.
1074 3769 1364 3840 Ἀνέϐλεψεν
1423 3770 1493 3831 εἰς
1558 3774 1645 3822 τὸν
1713 3772 1865 3845 ούρα-

264 3863 371 3924 νὸν,
424 3868 584 3930 τιμῶν
634 3879 687 3911 τε
751 3864 835 3911 τὸν
882 3863 1103 3933 Πατέρα,
1171 3864 1260 3910 καὶ
1321 3856 1566 3910 δεικνύων
1628 3861 1707 3910 ὅτι
1773 3860 1862 3911 οὐκ

267 3952 412 4000 ἔστιν
468 3947 716 4011 ἀντίθεος,
764 3953 849 4000 καὶ
891 3944 1163 3999 διδάσκων
1202 3951 1272 4018 μὴ
1320 3950 1564 4020 πρότερον
1610 3946 1864 3999 ἅπτεσθαι

267 4037 549 4109 τραπέζης,
619 4038 711 4095 ἕως
778 4038 836 4087 οἶν
911 4036 1379 4109 εύχαριστὴσωμεν
1453 4042 1525 4104 τῷ
1599 4041 1727 4105 Θεῷ,
1794 4045 1864 4106 τῷ

267 4133 492 4198 χορηγῷ
544 4134 634 4185 τῆς
688 4132 891 4196 τροφῆς,
948 4133 1036 4176 καὶ
1088 4128 1182 4181 τὴν
1241 4124 1473 4194 εὐλογίαι
1529 4127 1720 4185 ταύτης
1773 4126 1864 4176 οὗ-

268 4216 480 4289 ρανοθεν
576 4213 885 4285 ἑλκύσωμεν.
976 4218 1381 4286 Θαυματουργεί
1454 4216 1644 4278 τοίνυν,
1744 4218 1866 4266 ποτε

268 4307 359 4375 μὲν
399 4302 510 4354 κατ’
562 4300 817 4366 ἐξουσίαν,
866 4304 934 4362 ὡς
979 4306 1128 4369 Θεὸς,
1172 4304 1294 4353 ποτὲ
1335 4297 1392 4352 δὲ
1428 4300 1720 4372 εὐχόμενος,
1774 4299 1867 4352 διὰ

269 4396 363 4455 τὰς
408 4391 783 4465 προῤῥηθείσας
839 4392 1023 4460 αἰτίας,
1086 4389 1169 4442 ἳνα
1229 4394 1301 4461 μὴ
1365 4387 1691 4461 σκανδαλίσῃ
1752 4393 1867 4450 τούς

267 4484 539 4555 πονηρούς.

337 4575 439 4623 Καὶ
492 4599 558 4609 -
610 4567 811 4639 ὄχλοις.
871 4562 1068 4618 Ἔδωκε
1120 4572 1223 4626 τοῖς
1273 4568 1533 4637 μαθηταῖς
1577 4573 1728 4617 τοῦτο
1774 4570 1863 4637 μεν

261 4666 423 4730 τιμῶν
478 4656 693 4719 αύτούς,
772 4658 839 4717 ὡς
906 4654 1262 4728 οἰκειοτέρους,
1318 4662 1467 4705 τοῦτο
1522 4650 1580 4704 δὲ
1642 4659 1729 4705 καὶ
1784 4657 1867 4705 ἶνα

266 4752 335 4817 μή
392 4745 738 4798 ἐπιλάθωνται
780 4751 870 4796 τοῦ
921 4745 1200 4816 θαύματος,
1250 4743 1321 4805 εἱς
1370 4744 1395 4793 ὃ
1444 4738 1767 4799 διηκόνησαν
1813 4744 1866 4792 αὶ

269 4841 441 4905 χεῖρες
470 4834 637 4885 ὸιύτῶν
651 4874 664 4887 .

343 4926 446 4971 Kac
498 4950 565 4960 -—
622 4919 1040 4994 ἐχορτάσθησαν.
1110 4921 1385 4991 Χορτάσας
1442 4918 1631 4977 αύτούς
1691 4921 1871 4989 πρότε-

271 5027 360 5081 ρον
405 5018 755 5081 πνευματικῆς
805 5010 917 5081 (64)
965 5016 1177 5082 τροφῆς,
1224 5007 1272 5058 ἐν
1325 5014 1400 5077 τῷ
1457 5002 1753 5069 διδάσκειν,
1807 5006 1870 5064 ὡς

274 5100 495 5171 εἴρηται,
559 5102 648 5149 καὶ
702 5098 870 5151 λαλεῖν
926 5103 1044 5171 περὶ
1099 5106 1195 5157 τῆς
1249 5094 1519 5167 βασιλείας
1568 5100 1658 5146 τοῦ
1714 5100 1867 5158 Θεοῦ,

348 5250 394 5283 ⁸³
423 5249 590 5304 Joan.
623 5266 695 5319 vi,
733 5255 783 5304 5-
813 5254 867 5304 7.
901 5250 945 5283 ⁴³
977 5249 1155 5304 Marc.
1187 5261 1265 5313 vn,
1296 5245 1384 5300 39.
1420 5245 1467 5279 “
1500 5245 1636 5299 Luc.
1668 5259 1745 5307 1x,
1782 5242 1867 5296 14.

2046 3774 2202 3826 Vers.
2268 3771 2348 3824 19.
2406 3769 2670 3838 Acceptis
2722 3799 2790 3807 —
2850 3769 3164 3824 benedixit.
3224 3767 3501 3839 Suspexit
3564 3769 3626 3822 in

1972 3861 2181 3915 caelum
2226 3859 2454 3911 Patrem
2497 3856 2823 3923 honorans,
2868 3872 2937 3910 ac
2980 3857 3297 3910 ostendens
3343 3859 3460 3910 Deo
3502 3870 3625 3910 non

1972 3964 2103 4003 esse
2173 3944 2554 4001 contrarium.
2624 3945 2903 3999 Praeterea
2969 3944 3193 3998 docens
3271 3959 3393 3998 non
3462 3944 3627 4014 prius

1975 4051 2246 4091 mensam
2296 4048 2427 4088 esse
2473 4032 2904 4100 attingendam,
2954 4032 3146 4086 donec
3217 4032 3333 4086 Deo
3399 4031 3625 4100 gratias

1973 4139 2251 4194 agamus,
2283 4121 2387 4191 qui
2416 4119 2590 4175 nobis
2621 4119 2971 4174 alimentum
3003 4118 3417 4189 suppeditavit,
3467 4118 3623 4187 ejus-

1974 4228 2087 4283 que
2140 4208 2610 4265 benedictionem
2649 4207 2879 4262 coslitus
2929 4206 3261 4263 trahamus.
3325 4205 3627 4261 Interdum

1975 4316 2114 4369 ergo
2128 4298 2299 4371 quasi
2322 4301 2475 4352 Deus
2494 4296 2735 4367 propria
2752 4295 3099 4351 auctoritate
3115 4292 3470 4350 miraculum
3493 4308 3629 4364 ope-

1974 4394 2181 4443 ratur:
2227 4385 2594 4457 quandoque
2640 4400 2772 4439 vero
2815 4384 3167 4455 deprecatur
3196 4382 3275 4437 ob
3320 4381 3628 4453 praedictas

1975 4493 2208 4539 causas,
2238 4490 2311 4529 ne
2338 4471 2528 4527 malos
2556 4471 2841 4527 offendat.

2050 4565 2211 4617 Vers.
2282 4562 2363 4617 l9.
2417 4562 2497 4615 Et
2544 4592 2610 4600 —
2663 4561 2866 4614 turbis.
2928 4558 3094 4614 Dedit
3146 4558 3443 4627 discipulis
3502 4561 3628 4612 tum

1975 4651 2141 4723 quasi
2171 4650 2363 4719 magis
2387 4648 2797 4711 familiaribus,
2835 4652 2958 4702 tum
2980 4647 3159 4700 etiam
3189 4661 3261 4699 ne
3289 4661 3393 4699 eos
3422 4645 3628 4699 lateret

1977 4740 2355 4801 miraculum,
2391 4737 2469 4792 ad
2498 4736 2663 4806 quod
2686 4734 2807 4787 suis
2835 4733 3116 4788 manibus
3144 4732 3629 4786 subministrave-

2091 4833 2127 4880 l.

1976 4842 2127 4882 rant.

2048 4915 2207 4969 Vers.
2260 4918 2344 4968 :20.
2398 4912 2474 4966 Et
2520 4939 2591 4952 -—
2637 4908 2892 4963 saturati
2938 4912 3096 4962 sunt.
3156 4904 3261 4972 Qui
3313 4904 3475 4976 prius
3526 4919 3629 4959 eos

1978 5001 2262 5072 spirituali
2287 5002 2567 5055 alimento
2590 5002 2975 5059 saturaverat,
2996 4993 3290 5057 docendo,
3321 4998 3382 5047 ut
3406 4992 3629 5046 dictum

1978 5094 2082 5153 est,
2142 5094 2200 5143 et
2256 5088 2556 5159 loquendo
2613 5086 2688 5141 de
2752 5098 2938 5153 regno
2996 5082 3119 5147 Dei,
3178 5096 3333 5137 nunc
3388 5096 3631 5153 quoque

1507 5367 1727 5435 Variae
1758 5365 2082 5433 lectiones
2108 5372 2173 5428 et
2189 5372 2391 5428 nota).

344 5540 456 5613 (62)
504 5542 875 5601 Ἀνακλιθῆναι
905 5554 976 5595 ex
1025 5538 1298 5613 Mattbgso
1330 5535 1672 5613 assumpsit.
1727 5538 1875 5590 Nam

272 5609 422 5668 infra
437 5609 507 5670 in
536 5621 823 5672 contextu
853 5615 1101 5682 uterque
1126 5609 1436 5679 vulgatum
1461 5609 1660 5664 habet.

2194 5538 2376 5607 ’[ᾳῦτα
2403 5546 2511 5602 pro
2540 5530 2605 5582 τά
2636 5536 2869 5607 τοιαῦτα.
2901 5530 2970 5607 Α,
3109 5597 3124 5607 η

2059 5603 2170 5673 (64)
2202 5601 2297 5656 Sic
2331 5601 2501 5658 Marc.
2531 5615 2650 5668 vm,
2684 5604 2716 5655 4
2748 5616 2758 5653 :
2793 5602 3061 5671 χορτάσαι.
3091 5601 3279 5668 ἀρτων.
