4186 6318
613 341 718 394 435

617 464 796 521 satiat
841 459 970 515 illos
997 459 1052 512 et
1103 452 1398 527 corporali
1444 469 1457 507 :

614 553 794 610 etiam
828 549 1015 604 multa
1044 546 1216 600 docet
1245 559 1365 597 eos.
1397 540 1485 595 Ab
1517 536 1788 595 accubitu
1817 531 2062 606 quidem
2092 541 2265 599 super

616 655 885 713 gramen,
912 635 1095 692 animi
1117 631 1486 688 modestiam.
1511 629 1594 684 Ab
1619 642 1689 682 eo
1708 622 1871 696 quod
1892 619 2037 676 nihil
2055 620 2268 690 praeter

615 707 803 803 panes
854 733 910 781 et
938 726 1134 797 pisces
1184 720 1488 793 praeberet,
1539 711 2011 786 temperantiam.
2065 707 2153 762 Ab
2197 721 2268 761 eo

616 797 758 875 vero
833 815 996 888 quod
1074 811 1356 868 omnibus
1428 806 1558 880 pari
1612 802 1797 860 modo
1867 797 2266 861 distribueret,

616 907 968 981 aquitatem.

688 1017 860 1070 Vers.
897 1014 986 1066 20.
1028 1011 1110 1065 Et
1146 1038 1210 1047 —-
1243 1004 1538 1076 cophinos.
1581 1000 1854 1070 Quinque
1891 1010 2082 1069 panes
2112 1007 2271 1066 quos

620 1105 876 1173 fregerat
914 1099 1076 1154 dedit
1129 1116 1141 1149 :
1184 1096 1402 1151 horum
1440 1094 1639 1148 autem
1676 1089 2013 1157 fragmenta
2048 1083 2109 1139 in
2145 1098 2270 1138 ma-

621 1172 801 1249 nibus
836 1187 1266 1260 discipulorum
1299 1199 1456 1239 novo
1486 1178 1776 1236 miraculo
1806 1172 2261 1246 multiplicabat.

623 1285 824 1352 Neque
863 1277 1022 1332 enim
1055 1275 1251 1330 solum
1291 1273 1529 1326 fuerunt
1566 1267 1707 1323 satis
1741 1266 1932 1320 donec
1962 1261 2272 1318 satiaretur

622 1368 903 1442 populus,
938 1365 1039 1421 sed
1066 1368 1120 1419 et
1144 1360 1635 1417 diffundebantur
1663 1357 1854 1411 donec
1893 1354 2227 1423 superesset
2256 1365 2269 1415 ;

625 1440 973 1529 superesset,
1004 1455 1276 1525 inquam,
1296 1449 1370 1505 ad
1397 1446 1713 1502 duodecim
1732 1444 1940 1515 plenos
1959 1440 2270 1512 cophinos,

625 1549 688 1600 ut
736 1545 912 1600 etiam
956 1540 1274 1597 duodecim
1321 1535 1575 1610 apostoli
1621 1549 1760 1588 suos
1806 1530 2134 1603 perferrent
2178 1543 2272 1583 co-

622 1633 864 1704 phinos,
910 1634 965 1685 et
999 1630 1151 1684 sicut
1193 1642 1410 1681 manus
1448 1625 1530 1680 ita
1567 1626 1623 1678 et
1660 1623 1944 1676 humeros
1988 1617 2276 1673 haberent

1928 309 2282 370 EUTHYMII
2316 305 2651 364 ZIGABENI

1510 465 1620 506 nec
1672 446 1737 503 id
1788 443 2004 507 solum,
2055 452 2261 494 verum

2386 441 2460 486 θῦν
2507 431 2760 507 χορτάζει
2813 431 3029 488 ¹ι-ούτους
3071 433 3161 480 καὶ
3209 436 3534 499 σωματικῆς.
3572 432 3672 482 Καὶ
3717 427 3777 481 ού
3815 436 3984 481 ταῦτα

2375 529 2549 596 μόνον,
2615 520 2740 573 ἀλλά
2794 515 3036 572 παιδεύει
3094 517 3282 578 αὐτοὺς
3342 517 3523 570 πολλά⁸
3585 517 3686 570 ἀπό
3745 520 3837 590 μὲν
3892 527 3983 579 τῆς

3878 303 3985 357 436

2378 613 2460 665 ἐπὶ
2569 619 2640 682 τῷ
2747 613 2925 682 χόρτῳ
3023 606 3373 668 κατακλίσεως
3479 610 3981 680 ταπεινοφροσύνην,

2378 701 2478 754 ἀπὸ
2525 697 2584 753 δὲ
2626 705 2718 751 τοῦ
2763 695 2928 771 μηδὲν
2959 696 3106 750 πλέον
3148 697 3310 770 ἄρτου
3339 700 3428 747 καὶ
3463 696 3647 767 ἰχθύος
3677 704 3981 770 παρασχεῖν

2379 790 2700 866 ἐγκράτειαν·
2761 787 2862 840 ἀπὸ
2922 784 2983 839 δὲ
3052 793 3145 838 τοῦ
3193 790 3329 838 πᾶσι
3391 788 3457 837 τὰ
3514 785 3648 837 αύτά
3713 783 3983 858 διανεῖμαι

2382 878 2603 937 ἰσότητα
2615 922 2626 934 .

2451 990 2553 1038 Καὶ
2599 1016 2670 1028 —
2720 983 2934 1060 πλήρεις
2979 981 3114 1055 (65).
3159 984 3292 1044 Τοὺς
3337 985 3486 1034 πέντε
3528 983 3716 1057 ἄρτους
3761 982 3977 1050 κλάσας,

2380 1071 2558 1141 ἔδωκε,
2616 1075 2680 1125 τὰ
2731 1073 3010 1145 κλάσματα
3067 1068 3128 1124 δὲ
3177 1073 3368 1123 τούτων
3413 1070 3460 1122 ἐν
3512 1077 3624 1131 ταῖς
3674 1075 3835 1144 χερσὶ
3882 1081 3978 1124 τῶν

2379 1166 2626 1237 μαθητων
2703 1161 3062 1220 ἓπληθύνοντο’
3123 1164 3212 1211 καὶ
3272 1163 3329 1211 τό
3400 1161 3574 1232 θαῦμα
3640 1159 3801 1222 ξένον.
3861 1160 3978 1232 Ούχ

2381 1259 2564 1306 ἵστατο
2621 1255 2718 1325 γὰρ
2778 1255 2941 1324 μέχρι
2996 1256 3089 1301 τοῦ
3141 1250 3452 1322 κορεσθῆναι
3507 1251 3596 1300 τὸν
3653 1249 3794 1314 λαόν,
3856 1248 3982 1300 ἀλλά

2381 1347 2469 1394 καὶ
2523 1346 2590 1402 εὶς
2637 1345 2694 1393 τό
2740 1342 3068 1414 περισσεύειν
3115 1338 3358 1410 ἐξεχεῖτο,
3401 1342 3488 1390 καὶ
3534 1341 3592 1390 τό
3637 1337 3753 1410 (66)
3798 1357 3979 1410 περισ-

2383 1437 2529 1483 σεῦον
2581 1427 2793 1482 δώδεκα
2844 1432 3044 1500 κόφινοι
3085 1431 3344 1500 γέμοντες,
3397 1428 3478 1479 ἵνα
3527 1431 3617 1479 καὶ
3665 1430 3711 1478 οἱ
3769 1423 3987 1480 δώδεκα

2383 1520 2664 1572 ἀπόστολοι
2721 1517 3128 1570 διαϐαστάσωσι
3197 1516 3308 1587 (67)
3385 1519 3506 1578 τούς
3561 1521 3815 1588 κοφίνους,
3890 1523 3985 1569 καὶ

2383 1618 2554 1683 ὥσπερ
2626 1611 2723 1668 τὰς
2790 1615 2992 1679 χεῖρας,
3053 1609 3186 1658 οὕτω
3250 1609 3340 1658 καὶ
3408 1609 3525 1665 τοὺς
3582 1610 3749 1677 ὤμους
3800 1605 3987 1668 ἕξουσι

624 1721 928 1776 ministros
977 1734 1046 1773 ac
1091 1720 1265 1771 testes
1322 1710 1667 1784 hujusmodi
1708 1707 1996 1764 miraculi.
2047 1708 2273 1761 Marcus

2386 1694 2656 1758 διακόνους
2704 1697 2794 1749 κᾶὶ
2844 1698 3115 1768 μάρτυρας
3165 1701 3257 1746 τοῦ
3300 1696 3538 1746 τοιούτου
3592 1696 3871 1766 θαύματος.
3927 1693 3987 1747 Ὀ

623 1812 763 1865 vero
814 1807 960 1863 dixit
1010 1806 1080 1872 ‘5,
1132 1804 1297 1876 quod
1350 1802 1498 1856 duos
1554 1813 1792 1871 quoque
1838 1797 2032 1868 pisces
2079 1794 2276 1850 divisit

625 1899 730 1967 eis,
799 1901 854 1952 et
914 1895 1072 1966 quod
1144 1893 1322 1948 etiam
1389 1889 1461 1946 ab
1530 1888 1643 1942 illis
1709 1885 2070 1942 sustulerunt
2139 1898 2274 1955 quae

626 1984 1066 2058 superfuerant.

697 2096 857 2147 Vers.
899 2093 986 2145 21.
1025 2089 1132 2156 Qui
1166 2092 1357 2144 autem
1392 2116 1456 2123 —
1491 2097 1719 2154 pueros.
1752 2083 1871 2137 Hoc
1902 2083 1955 2136 et
1986 2094 2277 2150 augmen-

628 2187 756 2239 tum
796 2183 886 2236 est
925 2175 1217 2239 miraculi,
1262 2181 1316 2230 et
1341 2177 1472 2229 laus
1513 2171 1843 2237 turbarum,
1890 2169 2054 2242 quod
2097 2169 2276 2224 etiam

629 2287 768 2326 cum
813 2267 1096 2324 uxoribus
1138 2270 1195 2320 et
1229 2263 1425 2336 pueris
1469 2259 1826 2316 assidebant.
1870 2259 1937 2314 Et
1970 2258 2113 2329 quia
2141 2273 2276 2312 cum

626 2363 752 2415 tota
782 2356 1007 2413 familia
1036 2352 1452 2426 sequebantur,
1485 2365 1624 2404 cum
1655 2351 1779 2404 tota
1808 2348 1987 2404 etiam
2029 2345 2278 2402 famillia

627 2445 907 2504 beneﬁcii
940 2445 1196 2500 fructum
1230 2442 1638 2513 perceperunt.

703 2555 858 2610 CAP.
933 2553 1133 2609 XXVII.
1208 2551 1291 2606 De
1357 2548 1753 2604 ambulatione
1830 2546 2039 2602 Christi
2111 2560 2283 2617 super

1362 2654 1528 2694 mare
1541 2681 1550 2693 .

704 2752 865 2805 Vers.
925 2753 1012 2803 22.
1065 2746 1382 2816 Statimque
1432 2777 1499 2784 —
1554 2746 1766 2800 turbas.
1825 2747 1970 2801 Cum
2023 2745 2101 2800 ab
2156 2745 2282 2816 ipso

633 2837 880 2894 distrahi
917 2835 1141 2891 nollent
1179 2834 1487 2904 ,compulit
1524 2834 1657 2890 illos
1695 2835 1754 2888 in
1792 2833 2099 2902 navigium
2147 2849 2284 2888 con-

634 2926 937 2989 scendere,
980 2928 1036 2979 et
1099 2923 1430 2995 praecedere
1492 2923 1545 2976 in
1609 2922 1947 2978 ulteriorem
2009 2927 2279 2993 partem;

633 3017 750 3072 hoc
787 3014 1032 3086 quidem
1073 3015 1382 3085 praetextu,
1423 3015 1485 3067 ut
1530 3012 1653 3082 ipse
1691 3011 1930 3066 relictus
1969 3011 2286 3068 dimitteret

635 3103 838 3161 turbas
894 3103 1020 3174 ,λὶη
1057 3101 1314 3173 ξνθτὶῑᾶῒθ
1366 3105 1586 3166 autem,
1636 3103 1702 3156 ut
1740 3115 1943 3155 secum
1995 3101 2286 3157 habentes

631 3195 1105 3264 fragmentorum
1149 3191 1459 3264 cophinos,
1500 3205 1606 3263 per
1660 3189 1848 3246 otium
1886 3192 2132 3248 absente
2186 3192 2286 3249 illo

632 3283 864 3339 curiose
894 3281 1230 3350 fragmenta
1258 3279 1718 3345 sciscitarentur,
1751 3295 1819 3336 ac
1858 3281 2284 3338 conﬁrmaren-

632 3377 749 3436 tur,
775 3371 931 3443 quod
948 3385 1071 3426 non
1089 3369 1458 3442 phantastice
1478 3367 1700 3424 factum
1715 3373 1870 3424 esset
1904 3370 2280 3427 miraculum.

633 3463 784 3517 Nam
841 3464 894 3514 et
942 3464 1184 3530 propter
1231 3458 1342 3512 hoc
1392 3457 1824 3526 superfuerant,
1877 3463 1932 3513 et
1979 3459 2287 3530 oportebat

634 3547 961 3618 discipulos
1000 3546 1073 3601 de
1114 3561 1184 3600 ea
1221 3561 1283 3599 re
1323 3544 1594 3599 certiores
1636 3545 1762 3600 fieri
1797 3560 1974 3616 supra
2020 3552 2283 3616 caeteros,

637 3638 840 3705 utpote
879 3635 980 3704 qui
1019 3637 1302 3703 tanquam
1335 3648 1676 3688 communes
1711 3635 1981 3691 omnium
2015 3638 2284 3708 magistri

634 3725 698 3779 in
735 3722 938 3778 orbem
997 3729 1165 3777 erant
1202 3721 1545 3793 ingressuri.
1591 3725 1657 3778 Et
1693 3723 1821 3778 haec
1858 3725 2103 3796 quidem
2163 3743 2286 3785 una

636 3827 819 3869 causa
847 3814 937 3867 est
967 3827 1070 3866 cur
1098 3811 1418 3882 discipulos
1450 3812 1820 3884 praemiserit.

707 3917 901 3974 Altera
925 3933 1086 3983 vero,
1112 3919 1254 3990 quia
1275 3917 1511 3974 volebat
1530 3919 1687 3975 solus
1714 3921 1774 3975 in
1794 3926 2060 3978 montem
2082 3939 2285 3980 ascen-

635 4009 795 4070 dere,
828 4010 1001 4076 prout
1031 4008 1226 4061 statim
1259 4007 1658 4077 subjungitur,
1690 4008 1915 4065 docens
1941 4011 2080 4066 hinc
2119 4013 2282 4084 quod

634 4109 832 4163 neque
879 4097 1150 4162 oporteat
1201 4093 1481 4147 continue
1529 4095 1892 4150 multitudini
1941 4099 2281 4169 immisceri,

637 4195 830 4249 neque
852 4194 1080 4248 semper
1103 4179 1305 4246 fugere
1332 4179 1768 4236 multitudinem
1796 4200 1810 4237 :
1839 4185 1944 4238 sed
1972 4191 2285 4258 utrumque

638 4265 860 4320 utiliter
888 4264 1137 4320 efﬁcere.
1169 4267 1299 4320 lam
1329 4267 1529 4336 itaque
1561 4273 1617 4323 et
1644 4284 1758 4324 nos
1787 4270 2006 4326 relictis
2037 4273 2285 4330 urbibus

637 4368 961 4424 earumque
1001 4353 1504 4420 distractionibus,
1545 4356 1773 4427 pedites
1810 4374 1881 4415 ac
1915 4359 2076 4416 leves
2125 4362 2287 4419 Chri-

640 4446 799 4497 stum
844 4456 1187 4512 sequamur,
1228 4443 1302 4498 ad
1346 4443 1726 4502 solitudinem
1765 4448 1885 4504 sive
1927 4451 2188 4522 quietem
2232 4459 2286 4510 et

637 4529 932 4584 silentium
973 4545 1043 4585 ac
1095 4531 1282 4586 otium
1322 4532 1660 4603 abeuntem,
1720 4537 1892 4608 eique
1931 4541 2286 4598 assistamus

639 4617 918 4674 salutaria
957 4619 1208 4684 docenti,
1245 4625 1310 4676 ut
1339 4619 1721 4680 affectionum
1759 4626 2116 4687 abstinentia
2141 4633 2288 4702 jeju-

637 4713 869 4774 nantes,
899 4708 1104 4765 divina
1130 4709 1322 4779 gratia
1345 4710 1702 4781 repleamur.

705 4870 865 4924 Vers.
923 4873 1011 4926 23.
1072 4871 1325 4941 Cumque
1383 4872 1693 4929 dimisisset
1746 4905 1801 4916 —
1861 4876 1926 4931 V.
1993 4879 2079 4933 24.
2137 4881 2280 4939 illic.

631 4957 820 5027 Aptus
848 4962 934 5012 est
959 4958 1119 5013 enim
1145 4975 1319 5015 mons
1347 4959 1425 5015 ad
1446 4962 1782 5019 orationem
1810 4980 1824 5014 :
1853 4980 1973 5022 nox
1998 4973 2285 5039 praeterea

634 5049 691 5098 et
717 5044 972 5100 solitudo
1003 5047 1298 5104 silentium
1330 5066 1400 5105 ac
1439 5051 1952 5112 indistractionem
1991 5036 2278 5129 praebent,

634 5134 691 5186 et
719 5131 1196 5190 immobilitatem
1226 5138 1286 5192 in
1317 5139 1602 5197 oratione.

706 5230 754 5263 4⁵
784 5232 956 5286 Marc.
987 5247 1064 5296 v1,
1097 5233 1185 5296 41,
1218 5238 1305 5290 43.

2384 1782 2444 1837 δὲ
2494 1787 2707 1859 Μάρκος
2765 1783 2918 1849 εἶπεν,
2967 1786 3047 1835 ὃτι
3096 1787 3183 1835 καὶ
3238 1786 3361 1843 τοὺς
3413 1779 3508 1835 δύο
3573 1783 3768 1854 ἰχθύας
3821 1784 3987 1858 ἐμέρι-

2386 1893 2468 1926 σεν
2517 1873 2711 1939 αὐτοῖς,
2767 1877 2857 1924 καὶ
2915 1874 2996 1924 ὅτι
3046 1877 3136 1929 καὶ
3182 1870 3234 1922 ἐκ
3287 1873 3478 1924 τούτων
3531 1869 3664 1945 ἦραν
3712 1877 3986 1946 περισσεύ-

2384 1982 2544 2034 ματα.

2455 2071 2522 2121 Οἱ
2579 2065 2639 2120 δὲ
2689 2100 2758 2109 -
2809 2064 3057 2121 παιδίων.
3119 2073 3280 2119 Τοῦτο
3327 2071 3412 2118 καὶ
3463 2067 3688 2130 αὔξησίς
3727 2068 3843 2120 ἐστι
3897 2078 3989 2122 τοῦ

2387 2160 2672 2230 θαύματος,
2774 2161 2864 2208 καὶ
2950 2163 3049 2208 τῶν
3140 2155 3311 2228 ὄχλων
3391 2159 3616 2222 ἔπαινος,
3700 2161 3781 2209 ὅτι
3858 2162 3990 2231 μετά

2383 2253 2641 2319 γυναικῶν
2713 2250 2803 2297 καὶ
2879 2241 3108 2297 παιδίων
3184 2241 3566 2318 προσήδρευον.
3625 2251 3728 2298 Καὶ
3804 2246 3985 2307 ἐπειδὴ

2385 2340 2593 2388 πανοικὶ
2657 2338 2987 2407 παρέμειναν,
3067 2339 3278 2386 πανοικὶ
3351 2339 3440 2386 καὶ
3516 2343 3614 2397 τῆς
3690 2336 3989 2410 εὐεργεσίας

2389 2424 2719 2482 ἀπήλαυσαν.

2550 2538 2695 2585 ΚΕΦ.
2729 2530 2846 2584 KZ‘.
2880 2535 3005 2604 Περὶ
3033 2530 3124 2582 τοῦ
3156 2534 3205 2582 ἐν
3248 2529 3487 2604 θαλάσσῃ
3519 2535 3831 2605 περιπάτου.

2465 2696 2564 2745 Καὶ
2621 2691 2802 2753 εὐθέως
2854 2722 2923 2733 -
2993 2690 3200 2763 ὄχλους.
3276 2695 3362 2749 Μὴ
3444 2691 3789 2766 βουλομένους
3862 2717 3992 2751 απο.

2395 2783 2696 2839 σπασθῆναι
2752 2780 2927 2852 αὐτοῦ,
2997 2782 3291 2851 ἠνάγκασεν
3365 2779 3553 2843 αὐτοὺς
3627 2781 3844 2854 ἐμϐῆναι
3917 2788 3996 2849 εἰς

2391 2873 2448 2923 τὸ
2512 2870 2687 2923 πλοῖον
2743 2874 2833 2922 καὶ
2889 2871 3151 2942 προάγειν,
3211 2872 3326 2926 ἤτοι
3397 2869 3767 2944 προλαμϐάνειν
3822 2874 3986 2926 αὐτὸν

2316 2964 2356 3018 C
2394 2959 2462 3019 εἰς
2507 2960 2567 3010 τὸ
2620 2961 2776 3031 πὲραν
2826 2962 2992 3032 μέροςε
3047 2959 3306 3030 προφάσει
3363 2961 3474 3030 μὲν,
3531 2966 3614 3011 ἵνα
3663 2960 3815 3023 αὐτὸς
3860 2964 3985 3016 ὑπο-

2393 3047 2615 3118 λειφθεὶς
2671 3046 2905 3119 ἀπολύσῃ
2959 3050 3074 3108 νους
3128 3046 3336 3119 ὄχλους,
3387 3055 3448 3119 τῇ
3508 3045 3560 3100 δ’
3607 3048 3842 3122 ἀληθείᾳ,
3887 3053 3992 3122 ἱνα,

2395 3138 2507 3207 μεθ’
2553 3135 2741 3188 ἑαυτῶν
2790 3138 2998 3207 ἔχοντες
3049 3139 3168 3197 τοὺς
3216 3140 3458 3207 κοφίνους
3509 3145 3609 3189 τῶν
3661 3138 3996 3211 κλασμάτων,

2395 3227 2530 3277 κατὰ
2598 3224 2820 3295 σχολὴν,
2891 3223 3110 3286 ἀπόντος
3174 3224 3356 3290 αὐτοῦ,
3414 3230 3859 3301 περιεργάσωνται
3931 3233 3999 3283 τὰ

2395 3314 2692 3386 κλάσματα,
2742 3317 2828 3366 καὶ
2881 3312 3263 3385 βεϐαιωθῶσιν,
3315 3313 3394 3366 ὃτι
3441 3315 3500 3366 ού
3546 3319 3681 3368 κατά
3710 3323 4001 3389 φαντασίαν

2395 3405 2453 3454 τό
2508 3405 2682 3473 θαῦμα
2727 3406 2921 3473 γέγονε.
2975 3404 3068 3455 Διά
3114 3409 3266 3454 τοῦτο
3315 3406 3414 3478 γὰρ
3453 3409 3544 3456 καὶ
3593 3404 3999 3480 ἐπερίσσευσαν,

2395 3495 2484 3543 καὶ
2531 3487 2638 3543 ἔδει
2683 3493 2800 3550 τοὺς
2850 3493 3090 3562 μαθητὰς
3141 3491 3301 3543 αὐτοῦ
3348 3491 3811 3567 πληροφορηθῆναι
3865 3497 4002 3568 μᾶλ-

2394 3580 2499 3647 λον,
2572 3578 2662 3632 ἅτε
2730 3583 2934 3640 κοινοὺς
2991 3577 3353 3642 διδασκάλους
3405 3581 3476 3641 εἰς
3537 3587 3630 3640 τὴν
3691 3583 4003 3655 οἰκουμένην

2397 3669 2610 3720 εἰσιέναι
2671 3668 2785 3740 (68)
2850 3668 3137 3740 μέλλοντας.
3199 3675 3310 3722 Μία
3374 3673 3464 3742 μὲν
3517 3671 3646 3729 αὓτη
3701 3672 3847 3724 αἰτία
3907 3682 4003 3726 τοῦ

2394 3757 2700 3832 προπέμψαι
2727 3760 2844 3816 τόὺς
2871 3760 3105 3829 μαθητάς
3118 3802 3130 3814 ,

2467 3884 2686 3954 Δευτέρα
2734 3878 2815 3944 δὲ,
2872 3883 2950 3933 ὅτι
2995 3881 3222 3934 ἐϐούλετο
3270 3885 3418 3954 μόνος
3467 3883 3538 3944 εἰς
3584 3886 3642 3936 τὸ
3696 3887 3813 3957 ὅρος
3860 3885 4002 3938 ἀνελ-

2397 3973 2520 4036 θεῖν,
2577 3973 2641 4031 ὡς
2697 3967 3083 4036 δηλωθήσεται,
3134 3967 3404 4023 διδάσκων
3456 3972 3701 4039 ἐντεῦθεν,
3752 3973 3836 4026 ὃτι
3885 3981 3999 4049 χρὴ

3868 4069 4003 4135 μήτε

3404 4148 3638 4221 ἑκάτερον
3709 4156 4004 4224 χρησίμως

2394 4240 2577 4285 ποιεῖν.
2633 4237 2826 4285 Λοιπὸν
2883 4235 2971 4286 οὖν
3032 4240 3120 4287 καὶ
3177 4238 3346 4309 ἡμεῖς,
3405 4235 3610 4308 ἀφέντες
3667 4240 3762 4299 τὰς
3824 4241 4002 4304 πόλεις

2393 4064 2522 4131 μήτε
2611 4057 2998 4130 ἀναμίγνυσθαι
3089 4055 3335 4121 διηνεκῶς
3419 4068 3489 4130 τῷ
3579 4061 3781 4128 πλήθει,

2395 4149 2591 4218 φεύγειν
2653 4144 2730 4196 ἀεὶ
2808 4149 2866 4197 τὸ
2940 4147 3150 4218 πλῆθος,
3222 4146 3327 4198 ἀλλ’

2396 4326 2483 4374 καὶ
2537 4326 2652 4382 τοὺς
2713 4329 3113 4398 περισπασμοὺς
3185 4325 3373 4391 αὐτῶν,
3450 4330 3597 4389 πεζοὶ
3654 4332 3744 4379 καὶ
3811 4338 4003 4402 κοῦφοι

2393 4418 2464 4482 τῷ
2522 4418 2735 4484 Χριστῷ
2810 4413 3340 4485 κατακολουθήσωμεν
3404 4415 3476 4476 εἰς
3531 4415 3768 4488 ἐρημίαν,
3831 4422 4001 4471 εἵτουν

2395 4500 2611 4571 ἠρεμίαν
2680 4506 2769 4553 καὶ
2845 4503 3080 4573 ἡσυχίαν
3159 4504 3429 4574 ὑπάγοντι,
3502 4510 3591 4556 καὶ
3671 4512 4001 4580 παραμείνωο

2394 4607 2484 4660 μεν
2535 4589 2696 4660 αὐτῷ,
2745 4585 3056 4642 διδάσκοντι
3099 4592 3166 4642 τά
3216 4597 3472 4665 σωτήρια,
3523 4593 3622 4664 ἳνα,
3678 4599 3996 4652 νηστεύσαν-

2394 4696 2474 4738 τες
2530 4685 2592 4750 τῇ
2650 4676 2828 4750 ἀποχῇ
2881 4687 2979 4730 τῶν
3026 4681 3224 4751 παθῶν,
3277 4679 3650 4754 ἐμπλησθῶμεν
3706 4691 3797 4739 τῆς
3851 4683 3993 4742 θείας

2393 4766 2637 4839 χάριτος.

2468 4893 2568 4942 Καὶ
2658 4888 2924 4952 ἀπολύσας
3000 4921 3070 4932 -
3161 4891 3280 4947 ἐκεῖ.
3357 4898 3633 4967 Χρήσιμον
3701 4895 3800 4966 γὰρ
3887 4904 4001 4956 ταῖς

2392 4985 2721 5050 προσευχαῖς
2762 4983 2852 5031 καὶ
2889 4982 2948 5031 τὸ
2991 4983 3150 5052 ὁρος,·
3197 4983 3344 5040 καὶὴ
3394 4983 3507 5052 νὺξ,
3547 4987 3638 5036 καὶ
3671 4985 3697 5041 ὁ
3744 4986 3999 5056 μόνωσις,

2391 5069 2629 5138 ἡσυχίαν
2686 5072 2774 5120 καὶ
2837 5070 2894 5121 τὸ
2962 5067 3349 5140 ἀπερίσπαστον
3403 5077 3492 5125 καὶ
3549 5072 3776 5144 γαλὰνην
3835 5080 4000 5147 παρέ-

2392 5175 2578 5225 χοντα.

1859 5341 2082 5412 Variae
2113 5345 2440 5416 lectiones
2459 5359 2526 5416 et
2545 5361 2747 5418 notae.

631 5442 817 5567 ragﬁiilil)
836 5443 1219 5583 ἔξὶῖρὲιὲᾱῖἓὲ
1246 5452 1526 5520 expressit
1560 5452 1911 5512 Hentenius.
1946 5461 2113 5517 Forte
2146 5462 2284 5519 dee-

633 5582 822 5704 δ,(66)
871 5582 1046 5672 Forte
1104 5589 1423 5646 Hentenius
1479 5593 1637 5663 legit,
1697 5602 1787 5650 καὶ
1842 5602 1900 5650 τό
1957 5607 2282 5674 περισσεύειν

672 5650 843 5704 ωδεκα
877 5675 1112 5704 κοωινουε
1140 5663 1389 5704 ονέαηντασ

672 5650 843 5706 eam
877 5661 1112 5727 κοφίνους
1140 5663 1407 5731 γέμοντας.

2465 5465 2578 5608 ξδ’ῖ)
2610 5469 2968 5536 Διαστάσωσι,
3003 5477 3063 5526 Α.

2491 5539 2579 5607 68)
2619 5539 2704 5596 Ita
2745 5554 2986 5608 quoque
3030 5542 3063 5598 i1

2491 5539 2579 5607 68)
2619 5539 2710 5621 Ita
2745 5554 2986 5613 quoque
3030 5542 3324 5621 interpres
3338 5544 3583 5621 reperit.
3621 5548 3685 5602 In
3730 5551 3998 5606 mentem

2393 5610 2594 5665 tamen
2620 5610 2910 5684 cuiquam
2931 5613 3132 5670 venire
3161 5610 3352 5686 possit
3380 5610 3586 5676 ἐξιέναι.
