4186 6318
332 307 439 362 43⁵7
1281 286 1652 345 COMMENT.
1703 284 1773 338 IN
1816 281 1944 338 MA'l

2081 281 2260 339 EUM-
2302 313 2371 325 —
2409 283 2573 342 CAP.
2620 286 2774 345 XIV.
3598 291 3705 348 433

407 433 480 485 Τὸ
523 426 581 481 δὲ
635 424 805 478 πλοῖον
852 451 921 463 --
966 420 1170 491 ἄνεμος.
1227 415 1389 469 Πάλιν
1430 416 1477 466 οἱ
1533 414 1766 484 μαθηταὶ
1819 408 1941 461 κλυ-

2124 412 2280 466 Vers.
2322 414 2391 466 24
2432 412 2616 469 Navis
2656 420 2855 471 autem
2893 446 2961 456 —
3001 422 3209 474 ventus
3254 418 3421 474 Nunc
3462 432 3702 475 rursnm

339 517 674 584 δωνίζονται,
725 514 892 572 καθὼς
929 515 1018 561 καὶ
1066 512 1122 561 τὸ
1168 510 1432 580 πρότερον.
1486 502 1641 555 Ἀλλὰ
1688 503 1801 551 τότε
1851 501 1940 570 μὲν

2081 499 2325 572 liscipuli
2360 500 2652 557 ﬂuctuant
2688 518 2757 557 ac
2793 504 3199 574 periclitantur
3232 507 3385 562 sicut
3419 512 3474 563 et
3519 509 3698 580 prius.

341 609 686 677 ἀτελεστέροις
734 599 855 655 οὖσι
908 608 1065 657 συνῆν
1114 601 1202 647 καὶ
1248 595 1401 655 αὐτὸς
1461 593 1531 653 εἰς
1581 590 1936 661 παραμυθίαν,

2081 590 2267 644 Verum
2324 593 2462 644 tunc
2502 590 2746 661 quidem
2786 608 2925 648 cum
2966 601 3161 651 essent
3214 598 3701 669 imperfectiores.

341 699 386 751 εἰ
441 701 530 748 καὶ
588 688 853 745 ἐκάθευδε*
901 697 987 740 νῦν
1040 685 1098 739 δὲ
1137 683 1505 759 προκοψάντων
1549 681 1784 744 ἄπεστιν,
1835 678 1936 745 ἱνα,

2081 679 2253 733 .derat
2289 685 2343 733 et
2380 678 2504 749 ipse
2539 679 2615 734 ad
2650 681 3141 751 consolationem,
3183 702 3540 758 quanquam
3570 688 3706 743 dor-

338 783 646 860 μηδαμόθεν
750 783 952 852 ἔχοντες
1056 776 1418 849 παραμυθίαν,
1513 772 1939 843 καρτερικώτεροι

2081 766 2272 822 aiebat
2306 783 2319 832 ;
2352 783 2511 823 nunc
2544 784 2680 823 vero
2711 785 2847 825 cum
2873 769 3000 840 jam
3031 773 3423 843 profecissent
3452 776 3697 844 {aberat

336 857 604 947 ﬁmme
2051 859 2112 911 ut
2158 871 2461 928 nusquam
2507 857 2793 913 habentes
2846 862 3317 918 consolationem
3374 864 3706 920 efﬁciantur

2048 945 2337 1001 fortiores.

404 1070 640 1140 Τετάρτῃ
715 1096 770 1107 -
834 1063 1128 1124 θαλάσσης.
1177 1060 1235 1112 Ὀ
1289 1054 1347 1111 δὲ
1426 1058 1637 1131 Μάρκος
1722 1055 1939 1127 εἴρηκεν,

2122 1056 2281 1108 Vers.
2312 1056 2399 1108 25.
2456 1054 2686 1116 Quarta
2716 1087 2782 1095 —
2825 1072 3008 1113 mare.
3055 1059 3284 1114 Marcus
3317 1064 3515 1114 autem
3564 1059 3707 1114 dixit

337 1161 421 1213 ὅτι
457 1162 548 1210 καὶ
589 1152 724 1209 εἶδεν
774 1154 966 1213 αύτούς
1014 1149 1458 1223 βασανιζομένους
1497 1146 1546 1198 ἐν
1576 1151 1648 1215 τῷ
1698 1142 1940 1195 ἐλαύνειν*

2081 1142 2217 1214 [uod
2260 1142 2435 1197 etiam
2470 1143 2613 1198 vidit
2647 1160 2749 1199 eos
2790 1144 3131 1201 laborantes
3166 1148 3225 1202 in
3256 1147 3601 1216 remigando
3635 1148 3708 1185 “-

342 1250 368 1300 6
424 1244 484 1300 δὲ
550 1245 815 1307 Ἰωάννης,
886 1241 966 1293 ὃτι
1032 1238 1233 1299 ἤλασαν
1297 1240 1361 1297 ὡς
1433 1231 1686 1295 σταδίους
1754 1232 1944 1283 εἰκοσι-

2088 1246 2316 1288 oannes
2356 1247 2492 1288 vero
2522 1233 2683 1304 quod
2711 1234 3151 1305 remigaverant
3180 1235 3364 1291 ferme
3396 1235 3591 1291 stadia
3619 1234 3710 1289 vi-

343 1341 493 1391 πέντε
539 1340 569 1393 ἥ
620 1338 708 1385 καὶ
760 1334 1058 1407 τριάκοντα.
1116 1323 1334 1380 Στάδιον
1393 1322 1452 1377 δὲ
1502 1324 1615 1377 ἐστι
1660 1325 1815 1380 τόπος
1856 1320 1944 1393 ὀρ-

2081 1321 2201 1386 ;inti
2221 1322 2486 1392 quinque
2513 1325 2617 1377 aut
2638 1322 2891 1392 triginta.
2917 1323 3182 1380 Stadium
3205 1328 3405 1381 autem
3427 1325 3599 1379 locus
3622 1326 3710 1378 est

343 1434 505 1498 γυιῶν
582 1423 781 1476 ἑκατόν.
855 1421 1112 1492 Τετάρτην
1187 1414 1245 1468 δὲ
1312 1415 1539 1487 φυλακὴν
1606 1419 1697 1471 τῆς
1760 1413 1944 1471 νυκτὸς

2083 1410 2175 1464 ive
2223 1425 2505 1466 mensura
2543 1416 2781 1467 centum
2812 1412 3114 1481 ulnarum,
3148 1430 3282 1485 quae
3314 1414 3460 1469 ulna
3507 1414 3705 1468 Graece

348 1515 619 1585 ὠνόμασαν
677 1516 723 1564 οἱ
786 1507 999 1562 παλαιοὶ
1049 1505 1425 1578 νυκτοφύλακες
1494 1511 1593 1553 τῶν
1654 1503 1942 1572 στρατοπέ-

2082 1500 2241 1572 ργυιὰ
2288 1498 2584 1565 dicitur,et
2624 1505 2715 1557 est
2757 1517 3050 1556 manuum
3113 1518 3251 1557 cum
3282 1502 3532 1573 pectoris
3581 1501 3709 1556 lati-

349 1601 452 1655 δων
531 1606 590 1653 τὸ
666 1604 906 1673 τέταρτον
996 1600 1152 1670 μέρος
1207 1601 1299 1654 τῆς
1375 1594 1577 1657 νυκτὸς,
1660 1593 1777 1647 ἤτοι
1856 1591 1944 1647 τὰς

2081 1587 2258 1643 udine
2277 1589 2559 1655 extensio,
2578 1590 2885 1645 continens
2911 1607 3010 1645 sex
3034 1591 3235 1661 pedes.
3261 1590 3548 1657 Quartam
3571 1604 3703 1643 vero

348 1692 643 1752 τελευταίας
716 1696 849 1761 τρεῖς
928 1687 1083 1760 ᾦρας.
1157 1684 1344 1754 Ἀφῆκε
1412 1678 1471 1732 δὲ
1521 1683 1643 1740 τοὺς
1706 1679 1943 1749 μαθητὰς

2081 1677 2240 1731 noctis
2270 1677 2529 1747 vigiliam
2555 1678 2953 1734 nominabant
2983 1680 3236 1751 antiqui,
3271 1680 3366 1751 qui
3395 1679 3456 1734 in
3487 1678 3706 1733 exerci—

349 1784 376 1834 ὁ
464 1783 696 1854 Χριστὸς
792 1776 875 1828 ἐπὶ
969 1780 1214 1825 τοσοῦτον
1297 1766 1732 1828 κλυδωνίζεσθαι·
1819 1786 1943 1818 παι-

2081 1765 2209 1821 ibus
2261 1773 2430 1821 nocte
2485 1767 2810 1835 vigilabant
2880 1773 3152 1839 quartam
3202 1768 3391 1823 noctis
3445 1772 3706 1838 partem-

350 1867 515 1922 δεύων
574 1867 891 1940 ἐγκαρτερεῖν
959 1869 1061 1922 τοῖς
1133 1858 1337 1928 δεινοῖς,
1410 1858 1745 1929 οἰκονομικῶς
1824 1855 1944 1905 ἐπα-

2081 1860 2386 1909 )οεῐτθωειε
2420 1855 2688 1910 videlicet
2712 1859 2827 1909 tres
2852 1856 3050 1910 horas.
3082 1856 3346 1911 Permisit
3375 1871 3516 1924 ergo
3548 1854 3709 1910 Chri-

346 1962 598 2030 γομένοις,
686 1960 773 2006 καὶ
864 1957 934 2024 μὴ
1036 1951 1209 2011 ζητεῖν
1308 1955 1528 2019 ταχεῖαν
1620 1944 1940 2016 ἀπαλλαγήν·

2081 1949 2179 1997 tus
2208 1943 2533 2013 discipulos
2565 1943 2642 1997 ad
2673 1943 2735 1997 id
2766 1959 2955 2013 usque
2983 1948 3223 2015 tempus
3257 1943 3566 2007 ﬂuctuare,
3602 1943 3706 1996 do-

347 2050 426 2099 ἕτι
466 2043 526 2098 δὲ
572 2049 680 2109 καὶ,
729 2046 813 2094 ἵνα
854 2044 953 2115 πρό
1003 2040 1275 2112 ὀφθαλμῶν
1320 2039 1405 2088 τὸν
1454 2036 1668 2087 θάνατον
1720 2035 1941 2104 ἔχοντες,

2081 2048 2195 2085 :ens
2217 2036 2280 2085 ut
2303 2031 2480 2085 fortes
2507 2029 2834 2085 efﬁciamur
2855 2031 2931 2085 ad
2955 2031 3220 2102 pericula
3240 2046 3375 2102 quae
3398 2031 3710 2102 dispensa-

350 2133 462 2189 εἶτα
530 2129 837 2207 παραδόξως
918 2130 1207 2204 ῥυσθέντες,
1280 2124 1578 2197 ἐπιγνὼσιν,
1658 2122 1737 2173 ὅτι
1817 2124 1944 2182 Θεός

2081 2120 2201 2175 orie
2241 2119 2607 2174 inducuntur
2639 2136 2650 2173 :
2685 2135 2793 2174 nec
2825 2118 3058 2174 facilem
3092 2123 3191 2175 aut
3230 2120 3495 2174 velocem
3546 2134 3709 2190 quaa-

347 2224 489 2277 ἐστιν
564 2224 589 2273 ὁ
647 2224 860 2281 τούτους
917 2215 1333 2287 ὃιασωσάμενος
1392 2216 1534 2265 οὔπω
1587 2214 1687 2285 γὰρ
1754 2209 1944 2261 τελείαν

2084 2226 2257 2265 amus
2278 2208 2710 2263 liberationem.
2737 2211 3018 2263 Praaterea
3050 2213 3114 2262 ut
3139 2214 3391 2262 mortem
3417 2225 3540 2280 prae
3567 2223 3708 2262 ocu-

345 2311 490 2386 εἷχον
566 2312 939 2385 πληροφορίαν.
1024 2309 1109 2358 Διὸ
1184 2309 1272 2355 καὶ
1342 2304 1470 2375 μετὰ
1536 2304 1629 2358 τὴν
1712 2298 1944 2350 ἀπαλλα-

2081 2298 2124 2351 is
2147 2297 2462 2362 habentes,
2496 2300 2551 2351 et
2576 2296 2653 2351 ab
2676 2311 2745 2350 ea
2771 2295 3119 2351 mirabiliter
3143 2294 3395 2359 liberati,
3426 2312 3710 2365 agnosce-

498 2383 894 2474 προσεκύνησαν
968 2396 1129 2466 αύτῷ,
1185 2392 1441 2464 λέγοντες
1521 2389 1753 2451 Ἀληθῶς
1807 2395 1939 2440 Θεοῦ

2085 2391 2181 2441 ent
2198 2387 2381 2440 Deum
2398 2400 2528 2438 esse
2545 2400 2704 2448 eum,
2720 2385 2821 2454 qui
2838 2401 2897 2438 se
2913 2390 3229 2438 servasset.
3248 2384 3527 2439 Nondum
3545 2383 3708 2439 enim

346 2472 464 2554 Ῠιὸς
494 2472 554 2546 si.
2054 2475 2366 2546 perfectam
2417 2472 2719 2527 habebant
2766 2472 3180 2526 certitudinem
3229 2489 3241 2537 ;
3292 2472 3426 2527 ideo
3471 2488 3709 2543 quoque

2053 2569 2187 2634 post
2240 2561 2649 2616 liberationem
2712 2560 3110 2616 adoraverunt
3167 2576 3306 2615 eum
3386 2560 3704 2616 dicentes:

2065 2651 2206 2707 Vere
2237 2651 2341 2706 Dei
2368 2650 2555 2705 Filius
2580 2665 2657 2705 es.

422 2751 521 2801 Καὶ
581 2774 645 2785 —-
701 2740 943 2814 ἔκραξαν.
1011 2742 1109 2790 Τὸν
1165 2736 1265 2788 ἀπὸ
1330 2741 1420 2787 τοῦ
1476 2729 1734 2792 κλύδωνος
1794 2729 1944 2802 φόϐον

2127 2759 2285 2812 Vers.
2344 2761 2431 2812 26.
2491 2756 2567 2810 Et
2606 2786 2675 2797 —
2714 2755 3132 2811 clamaverunt.
3183 2754 3481 2809 Timorem
3503 2754 3607 2824 qui
3634 2753 3711 2809 ab

345 2841 507 2913 ἔτερος
588 2827 905 2901 διαδέχεται
981 2829 1116 2898 (69),
1195 2830 1282 2876 καὶ
1346 2824 1439 2875 ούκ
1508 2822 1656 2874 ἔλυσε
1742 2828 1942 2883 τοῦτον,

346 2926 365 2941 η
489 2923 595 2941 ΙαΛΧ
662 2919 875 2941 ηομ---ρ
952 2918 1032 2941 9..-.
1083 2915 1422 2941 __.-.-..._n.~.-.
1474 2915 1636 2941 μέλη...
1685 2912 1778 2941 ..ἐμ
1832 2906 1944 2941 ἑκ.-

2081 2855 2234 2909 indis
2286 2859 2409 2909 erat
2447 2854 2661 2925 excipit
2699 2852 2844 2908 alter
2880 2851 3058 2907 timor
3100 2874 3111 2906 :
3156 2867 3265 2906 nec
3320 2850 3481 2906 hunc
3530 2822 3713 2906 solvit

344 2906 437 2984 ἕως
487 2923 599 2994 (70)
655 2919 898 2984 ἐϐόησαν,
952 2918 1033 2968 ἵνα
1082 2915 1422 2988 γυμνασθῶσι
1473 2915 1636 2984 φέρειν
1685 2912 1778 2969 τὰς
1832 2906 1944 2960 δια-

2081 2943 2247 2999 lonec
2286 2943 2714 3010 clamaverunt,
2756 2946 2819 2996 ut
2857 2946 3266 2996 exercerentur
3305 2938 3384 2995 ab
3435 2938 3711 2995 ferendas

350 3010 527 3084 ὃοχὰς
555 3019 654 3063 τῶν
684 3015 1002 3082 πειρασμῶν.

2081 3034 2447 3092 entationum
2476 3029 2903 3087 successiones.

417 3102 623 3161 Εὐθέως
669 3128 737 3139 —-
803 3101 872 3169 μὴ
956 3094 1214 3166 φοϐεῖσθε.
1287 3090 1429 3143 Ἐπεὶ
1512 3089 1606 3141 ούκ
1688 3084 1944 3147 ἠδύναντο

417 3194 602 3235 unici-au
652 3187 805 3235 αὐτὸν
852 3184 952 3235 ἀπὸ
1002 3190 1093 3235 τοῦ
1150 3184 1430 3235 προσώπου
1482 3175 1575 3229 διὰ
1618 3182 1713 3235 τὴν
1764 3180 1944 3235 νύκτα,

2127 3145 2286 3197 Vers.
2312 3142 2397 3194 27.
2426 3140 2507 3193 Ac
2531 3138 2788 3208 protinus
2808 3166 2877 3176 —-
2898 3136 3076 3191 nolite
3101 3136 3334 3191 terreri.
3365 3134 3515 3199 Quia
3538 3137 3711 3189 nocte

344 3201 602 3264 γνωρίσαι
652 3201 805 3239 αυτον
852 3204 952 3237 απο
1002 3202 1093 3235 του
1150 3201 1430 3255 προσωπου
1482 3201 1575 3229 σια
1618 3201 1713 3235 την
1764 3201 1944 3242 νυκτα,

345 3279 525 3307 \-._:..
556 3282 649 3307 ...ιη
696 3280 953 3307 mutuum...
985 3275 1153 3307 ,ηινιμλν
1198 3268 1374 3307 ηςῖτ-ηῗρ
1415 3266 1667 3307 ἒπηηηίγιηο
1721 3264 1944 3307 Minue!“

2082 3230 2436 3302 mpediente,
2453 3242 2753 3297 apersona
2766 3241 2902 3279 eum
2918 3238 3277 3292 cognoscere
3290 3223 3710 3293 nequiverunt.

345 3279 525 3331 λοιπὸν
556 3282 649 3334 τήν
696 3280 953 3347 γνώριμον
985 3275 1153 3343 φωνὴν
1198 3268 1374 3329 αὐτοῖς
1415 3266 1690 3339 ἐπαφίησι,
1721 3264 1944 3317 λύουσαν

358 3367 372 3383 9
536 3370 547 3383 ι
770 3368 779 3381 1
897 3361 1006 3384 ξβ-μ
1027 3381 1039 3384 -

2082 3264 2436 3302 ιμμσυιῡιηυ,
2453 3264 2487 3283 u
2503 3264 2591 3297 [Jul
2608 3264 2753 3281 ουι-ιιι
2766 3264 2902 3279 vum
2918 3264 3234 3292 υνοιινυυνι
3247 3264 3277 3277 υ
3290 3264 3469 3293 μυῚυιι
3486 3264 3500 3277 ν
3516 3264 3569 3277 νδ
3584 3264 3709 3278 μιν...

2081 3321 2154 3375 sui
2190 3334 2351 3374 nunc
2385 3316 2670 3371 indicium
2710 3318 2854 3384 puta
2890 3327 3101 3367 vocem
3142 3312 3226 3366 eis
3263 3310 3510 3375 inducit,
3572 3325 3709 3381 qua

952 3401 1058 3422 ννό

950 3468 1051 3483 *κ’-,ι
1155 3466 1197 3483 ’Δ
1364 3470 1384 3480 ~
1426 3464 1449 3483 Λ
1500 3482 1503 3483 ,
1593 3463 1716 3483 ~-l_
1800 3458 1944 3483 ,μ’-ι-.

2083 3411 2191 3465 llos
2220 3411 2472 3476 utroque
2503 3404 2709 3457 timore
2738 3401 3033 3456 liberaret.

422 3473 742 3547 Ἀποκριθεὶς
804 3501 871 3509 -
943 3468 1070 3519 ἐλθέ.
1155 3464 1510 3536 Ἀφικνείσθαι
1586 3464 1716 3535 πρὸς
1796 3464 1944 3511 αὐτὸν

765 3556 781 3561 -
975 3557 997 3561 -,
1328 3554 1337 3561 .
1510 3553 1517 3561 .
1654 3553 1663 3561 .
1761 3545 1782 3561 ιι
1830 3550 1840 3561 ,

2084 3464 2093 3465 7
2131 3500 2289 3553 Vers.
2449 3491 2824 3560 Respondens
2862 3520 2931 3530 —
2961 3491 3119 3544 Vers.
3165 3491 3253 3543 29.
3302 3488 3461 3543 Veni.
3504 3488 3713 3542 Perve-

348 3561 515 3613 ἐπάνω
562 3569 660 3612 τῶν
717 3556 924 3611 ύὸάτων
970 3557 1134 3620 ζητεῖ,
1203 3554 1422 3626 προάσει
1470 3553 1577 3623 μὲν,
1630 3553 1702 3610 εὶς
1749 3545 1944 3601 διάπει-

562 3657 579 3660 ..
705 3658 724 3660 _.
874 3646 887 3660 3
991 3646 1036 3660 ,Α
1188 3642 1200 3655 ’⁸
1291 3641 1302 3657 9
1355 3645 1362 3651 ’
1460 3638 1530 3660 2,,
1646 3640 1659 3660 ξ
1695 3640 1944 3660 1r4___1_.

2081 3590 2184 3643 iire
2215 3586 2292 3641 ad
2342 3584 2509 3638 illum
2539 3596 2716 3650 super
2744 3594 2935 3650 aquas
2964 3579 3194 3649 quaerit,
3228 3582 3293 3631 ut
3323 3576 3465 3631 hinc
3500 3576 3712 3631 certior

346 3671 440 3727 ραν
490 3657 581 3702 τοῦ
629 3658 820 3721 γνῶναι
868 3646 1113 3708 ἐντεῦθεν,
1161 3645 1203 3694 εἰ
1242 3645 1399 3701 αύτός
1453 3645 1591 3690 ἐστιν
1640 3645 1664 3689 ὁ
1695 3645 1944 3712 Χριστὸς·

482 3736 522 3745 -.
586 3737 624 3745 .-
686 3740 752 3745 --
874 3733 885 3745 .
1264 3736 1271 3745 .
1492 3733 1501 3745 .
1650 3726 1662 3739 .
1742 3733 1759 3741 -
1836 3725 1886 3745 κ,

2081 3676 2405 3737 :tﬁceretur,
2446 3686 2522 3725 an
2567 3645 2694 3739 ipse
2739 3645 2898 3722 esset
2941 3645 3221 3721 Christus.
3263 3664 3465 3719 Potius
3509 3670 3711 3719 tamen

347 3748 407 3811 τῇ
472 3736 522 3790 δ’
577 3737 807 3809 ἀληθεία,
868 3733 1158 3793 ἐνωτισθεὶς
1218 3736 1311 3787 τὴν
1373 3733 1540 3800 φωνὴν
1602 3726 1783 3790 αὐτοῦ,
1836 3725 1944 3777 λίαν

356 3827 367 3829 -
757 3821 774 3829 -
854 3827 863 3829 -
1043 3823 1099 3829 -_
1222 3819 1271 3829 ..
1562 3819 1571 3829 .
1673 3822 1693 3829 η
1800 3813 1867 3829 ..μ

2081 3762 2394 3824 licendum,
2427 3756 2593 3829 quod
2623 3771 2761 3809 cum
2790 3769 2994 3809 vocem
3028 3753 3156 3823 ejus
3188 3752 3570 3823 percepisset,
3618 3768 3711 3805 su—

350 3827 546 3900 ἐχάρη,
604 3830 692 3877 καὶ
747 3821 1134 3897 διαθερμανθεὶς
1186 3819 1431 3890 γλίχεται
1478 3819 1578 3891 πρὸ
1632 3822 1729 3867 τῶν
1785 3813 1944 3865 ἄλλων

2495 3845 2741 3915 gavisus
2770 3846 2857 3899 est
2886 3846 2942 3897 et
2970 3813 3222 3913 optabat
3268 3813 3404 3896 ante
3433 3813 3579 3896 alios
3631 3840 3711 3896 ad

348 3919 590 3987 ἐντυχεῖν
618 3914 757 3982 αύτῷ
768 3955 778 3966 .

2081 3957 2196 3996 :um
2235 3936 2536 3994 accedere.

424 4025 529 4074 Καὶ
600 4018 832 4080 καταϐὰς
902 4049 969 4057 ——
1046 4035 1127 4088 με.
1196 4018 1303 4072 Τὴν
1373 4015 1462 4084 μὲν
1531 4010 1795 4062 θάλασσαν
1853 4010 1944 4058 ούκ

2126 4050 2285 4102 Vers.
2313 4046 2401 4098 29.
2428 4042 2685 4112 Cumque
2713 4036 3093 4095 descendisset
3122 4065 3191 4077 —
3216 4036 3379 4090 Vers.
3408 4039 3496 4092 30.
3525 4036 3711 4091 Serva

350 4108 612 4163 ἐδειλίασε
642 4154 656 4177 ,
735 4112 905 4159 καίτοι
991 4108 1299 4177 μαινομένην
1335 4144 1347 4167 ,
1442 4099 1569 4151 ἀλλὰ
1662 4099 1944 4155 πιστεύσας

390 4203 409 4207 ..
508 4196 529 4207 -
622 4200 631 4207 .
872 4204 890 4207 μ
1024 4194 1040 4207 ι
1091 4196 1103 4207 ι
1425 4190 1450 4207 Λ
1502 4188 1545 4203 νο
1590 4187 1642 4207 \1
1796 4183 1941 4207 2__-4O__

2081 4153 2157 4193 ne.
2189 4136 2344 4189 Mare
2373 4130 2619 4203 quidem
2649 4143 2772 4183 non
2814 4125 3029 4193 timuit,
3063 4139 3418 4196 quanquam
3448 4123 3666 4178 fureret
3692 4140 3707 4187 ;

348 4203 414 4273 τῇ
498 4196 719 4269 δυνάμει
799 4204 893 4248 τοῦ
967 4194 1338 4255 κελεύσαντος,
1424 4187 1709 4262 θαρραλέως
1791 4187 1943 4242 ἐπέϐη

394 4298 413 4304 -
650 4289 663 4304 ι
909 4289 918 4304 ι
1023 4283 1165 4304 Lng,
1240 4276 1449 4304 :EAJLP-
1510 4299 1522 4304 -
1613 4279 1698 4304 -.‘...
1767 4274 1944 4304 ἔκηα-..

2291 4187 2550 4293 jub‘entis
2581 4215 2844 4289 potentia
2875 4187 3154 4277 confisus,
3184 4187 3467 4304 audacter
3498 4212 3708 4266 ambu-

345 4298 449 4341 τῶν
521 4289 785 4360 κυμάτων,
838 4289 927 4336 καὶ
1014 4283 1167 4356 ὀρθὸς
1237 4276 1449 4338 ἐϐάδιζε
1510 4299 1522 4310 ο
1613 4279 1698 4327 τὸν
1766 4276 1944 4346 ἄνεμον

361 4375 380 4381 Α
573 4376 615 4381 --
764 4374 776 4381 ι
858 4373 946 4381 Α.-
1186 4375 1194 4381 .
1601 4364 1641 4381 II
1820 4363 1833 4380 θ
1882 4367 1890 4375 ⁵

2081 4276 2438 4377 abathsuper
2486 4276 2698 4374 aquas,
2746 4304 2803 4354 et
2843 4302 2998 4353 recte
3055 4276 3477 4366 gradiebatur:
3531 4299 3710 4351 vento

349 4375 410 4431 δὲ
496 4376 687 4449 μᾶλλον
758 4373 987 4447 ἐφοϐήθη
1026 4417 1042 4443 ,
1130 4375 1329 4442 μήποτε
1404 4364 1687 4440 περιτρέψῃ
1773 4364 1944 4418 αὐτόν.

349 4474 384 4476 __
487 4467 498 4476 1
715 4468 724 4476 ι
845 4465 858 4476 ο
952 4460 964 4476 9
1011 4463 1034 4476 Λ
1164 4463 1175 4476 1
1362 4458 1434 4476 Ιᾴν
1465 4475 1469 4476 γ
1567 4451 1819 4476 π,ὶἼ-ξ----
1886 4453 1944 4476 __‘.

2081 4403 2255 4455 intem
2306 4364 2500 4463 magis
2549 4390 2783 4446 territus
2836 4391 2942 4452 est,
2974 4401 3049 4440 ne
3079 4385 3226 4440 forte
3257 4383 3711 4454 circumagendo

344 4467 592 4520 Τοιούτον
666 4468 767 4537 γὰρ
836 4465 867 4521 ἡ
943 4460 1235 4532 ἀνθρωπίνη
1315 4458 1489 4527 φύσις.
1567 4451 1819 4510 Πολλάκις
1886 4453 1944 4502 τὰ

470 4556 494 4561 ..
775 4555 793 4561 -
844 4559 858 4561 η
1047 4549 1118 4561 ..ιι
1246 4544 1258 4561 θ
1404 4551 1425 4561 α.
1501 4543 1533 4561 »ἢ
1568 4545 1578 4558 ο
1690 4560 1705 4561 7
1818 4539 1919 4561 2‘1,

2081 4503 2196 4541 eum
2227 4486 2537 4540 everteret.
2581 4474 2935 4548 Hujusmodi
2978 4474 3139 4529 enim
3172 4477 3262 4528 est
3290 4473 3558 4528 humana
3609 4487 3711 4527 na-

342 4556 548 4630 μεγάλα
598 4555 955 4626 κατορθοῦσα,
997 4549 1186 4621 μᾶλλον
1240 4544 1288 4597 ἐν
1342 4551 1447 4604 τοῖς
1493 4543 1758 4594 ἐλάττοσιν
1812 4539 1944 4610 ἐλέγ-

743 4646 749 4648 .
860 4637 883 4648 ι-
976 4638 988 4648 ς
1050 4641 1067 4648 Α
1223 4638 1235 4648 ι
1427 4641 1449 4648 .-
1588 4635 1598 4648 1
1885 4626 1944 4648 -AI

2084 4590 2210 4639 ura,
2276 4576 2339 4627 ut
2399 4570 2751 4642 plerumque
2811 4565 2868 4619 in
2927 4562 3164 4631 magnis
3223 4566 3380 4616 recte
3420 4577 3481 4615 se
3522 4565 3708 4629 gerat,

340 4666 524 4719 χεται.
590 4646 788 4697 Λοιπὸν
829 4637 914 4693 οὖν
968 4638 1340 4695 ἀσθενησάσης
1387 4641 1478 4692 τῆς
1538 4635 1783 4693 πίστεως,
1836 4629 1944 4699 μεθ’

2081 4664 2252 4733 uagis
2273 4629 2472 4718 aute‘m
2496 4656 2882 4713 convincatur
2898 4650 3357 4722 reprehensione
3377 4650 3561 4717 digna
3582 4663 3709 4702 esse

343 4736 374 4793 ἧ
388 4756 409 4795 ς
469 4732 832 4803 κατετόλμησε
909 4736 1006 4779 τῶν
1087 4726 1364 4797 κυμάτων,
1422 4726 1612 4791 ἀφῆκεν
1690 4726 1843 4767 αὐτον
1915 4726 1944 4772 η

640 4822 652 4826 -
842 4820 855 4826 -
1070 4815 1115 4826 ,μ
1372 4807 1393 4826 Ἴ
1638 4811 1647 4824 ι
1751 4825 1756 4826 ,
1782 4823 1921 4826 ,_¥_..

2081 4770 2116 4809 n
2150 4726 2495 4813 minoribus,
2522 4745 2904 4812 Consequens
2935 4740 3133 4809 itaque
3164 4740 3271 4803 est,
3307 4740 3365 4789 ut
3413 4734 3711 4789 debilitata

351 4825 512 4897 χάρις
594 4822 777 4886 αὐτῆς,
832 4820 863 4876 ἡ
925 4815 1253 4888 κουφίζουσα
1307 4811 1508 4876 τοῦτον,
1566 4811 1656 4859 καὶ
1706 4823 1944 4857 κατεπον-

2081 4841 2197 4905 ide,
2227 4854 2331 4912 per
2356 4811 2540 4909 quam
2573 4811 2779 4886 contra
2804 4827 3017 4881 ﬂuctus
3041 4823 3353 4879 audentior
3383 4826 3526 4886 erat,
3554 4820 3710 4875 illius

350 4911 539 4970 τίζετο.
2060 4908 2467 4984 destitueretur
2498 4920 2706 4994 gratia,
2742 4933 2868 4989 quae
2915 4915 3106 4969 levem
3154 4912 3353 4983 ipsum
3401 4908 3707 4975 efﬁciebat,

2060 5017 2118 5067 et
2146 5012 2606 5077 demergeretur.

2131 5117 2294 5181 Vers,
2327 5116 2416 5168 31.
2444 5113 2515 5165 Et
2545 5108 2821 5165 continuo
2851 5134 2920 5145 —
2951 5101 3237 5159 haesitasti
3275 5099 3302 5153 ?
3335 5098 3466 5152 Haec
3495 5097 3711 5168 impro-

2059 5220 2274 5282 perans
2322 5198 2597 5267 ostendit,
2642 5193 2804 5263 quod
2834 5206 3200 5263 nequaquam
3231 5188 3389 5243 venti
3436 5184 3709 5241 violentia

350 3367 673 3440 ἀμφοτέρους
699 3368 818 3424 τοὺς
851 3361 1058 3435 φόϐους.

425 5142 627 5201 Εύθέως
695 5169 763 5179 -
834 5133 1119 5195 ἐδίστασας
1170 5150 1184 5200 ;
1242 5137 1419 5184 Ταῦτα
1466 5123 1730 5185 ὀνειδίσας
1786 5122 1945 5193 αύτῷ,

354 5226 563 5295 ἔδειξεν,
609 5229 688 5279 ὅτι
728 5227 831 5298 οὐχ
881 5228 910 5283 ἡ
945 5231 1037 5276 τοῦ
1080 5222 1267 5295 ἀνέμου
1311 5218 1407 5291 βία
1444 5222 1623 5269 τοῦτον
1654 5211 1944 5275 κατέϐαλεν,

427 5357 472 5391 ⁸⁸
512 5357 690 5411 Marc.
730 5368 811 5419 v1,
853 5351 941 5404 48.

1554 5466 1777 5535 Variae
1824 5461 2154 5531 lectiones
2205 5464 2270 5523 et
2310 5460 2510 5519 notae.

426 5671 537 5742 (69)
563 5670 747 5739 Φόϐος,
770 5665 939 5724 addit
958 5665 1023 5719 A.

2140 5643 2253 5715 (70)
2279 5637 2405 5700 Ἐως
2428 5640 2507 5705 οὗ,
2518 5643 2579 5696 Α.
