  <div class='ocr_page' id='page_1' title='image "/cluster/home/n/w/nwhite01/storage/ocr_20150623/129/mdp.39015061528470/229.png"; bbox 0 0 4186 6318; ppageno 0'>
   <div class='ocr_carea' id='block_1_1' title="bbox 563 280 669 336">
    <p class='ocr_par' dir='ltr' id='par_1_1' title="bbox 563 280 669 336">
     <span class='ocr_line' id='line_1_1' title="bbox 563 280 669 336; baseline -0.019 0"><span class='ocrx_word' id='word_1_1' title='bbox 563 280 669 336; x_wconf 81' lang='grc'><strong>439</strong></span> 
     </span>
    </p>
   </div>
   <div class='ocr_carea' id='block_1_2' title="bbox 561 396 2432 474">
    <p class='ocr_par' dir='ltr' id='par_1_2' title="bbox 561 396 2432 474">
     <span class='ocr_line' id='line_1_2' title="bbox 561 396 2432 474; baseline -0.006 -14"><span class='ocrx_word' id='word_1_2' title='bbox 561 407 731 465; x_wconf 87' lang='lat' dir='ltr'><strong>illum</strong></span> <span class='ocrx_word' id='word_1_3' title='bbox 769 401 1102 474; x_wconf 88' lang='lat' dir='ltr'><strong>dejiciebat,</strong></span> <span class='ocrx_word' id='word_1_4' title='bbox 1142 399 1241 454; x_wconf 91' lang='lat' dir='ltr'><strong>sed</strong></span> <span class='ocrx_word' id='word_1_5' title='bbox 1285 399 1502 469; x_wconf 83' lang='lat' dir='ltr'><strong>exigua</strong></span> <span class='ocrx_word' id='word_1_6' title='bbox 1529 399 1783 463; x_wconf 87' lang='lat' dir='ltr'><strong>ﬁducia,</strong></span> <span class='ocrx_word' id='word_1_7' title='bbox 1825 399 1938 454; x_wconf 91' lang='lat' dir='ltr'><strong>hoc</strong></span> <span class='ocrx_word' id='word_1_8' title='bbox 1979 404 2066 452; x_wconf 91' lang='lat' dir='ltr'><strong>est</strong></span> <span class='ocrx_word' id='word_1_9' title='bbox 2118 398 2211 452; x_wconf 91' lang='lat' dir='ltr'><strong>in-</strong></span> <span class='ocrx_word' id='word_1_10' title='bbox 2245 398 2291 450; x_wconf 87' lang='lat' dir='ltr'><strong>A</strong></span> <span class='ocrx_word' id='word_1_11' title='bbox 2324 396 2432 448; x_wconf 78' lang='grc' dir='ltr'>ἀλλ’</span> 
     </span>
    </p>
   </div>
   <div class='ocr_carea' id='block_1_3' title="bbox 563 487 2209 559">
    <p class='ocr_par' dir='ltr' id='par_1_3' title="bbox 563 487 2209 559">
     <span class='ocr_line' id='line_1_3' title="bbox 563 487 2209 559; baseline -0.007 -9"><span class='ocrx_word' id='word_1_12' title='bbox 563 495 814 550; x_wconf 85' lang='lat' dir='ltr'><strong>ﬁrmitas</strong></span> <span class='ocrx_word' id='word_1_13' title='bbox 855 492 1029 546; x_wconf 78' lang='lat' dir='ltr'><strong>dictae</strong></span> <span class='ocrx_word' id='word_1_14' title='bbox 1066 489 1223 543; x_wconf 97' lang='lat' dir='ltr'><strong>ﬁdei.</strong></span> <span class='ocrx_word' id='word_1_15' title='bbox 1263 488 1503 559; x_wconf 80' lang='lat' dir='ltr'><strong>Exiguae</strong></span> <span class='ocrx_word' id='word_1_16' title='bbox 1544 503 1684 556; x_wconf 86' lang='lat' dir='ltr'><strong>ergo</strong></span> <span class='ocrx_word' id='word_1_17' title='bbox 1723 487 1862 541; x_wconf 90' lang='lat' dir='ltr'><strong>ﬁdei</strong></span> <span class='ocrx_word' id='word_1_18' title='bbox 1901 487 2209 541; x_wconf 87' lang='lat' dir='ltr'><strong>hominem</strong></span> 
     </span>
    </p>
   </div>
   <div class='ocr_carea' id='block_1_4' title="bbox 559 576 2210 651">
    <p class='ocr_par' dir='ltr' id='par_1_4' title="bbox 559 576 2210 651">
     <span class='ocr_line' id='line_1_4' title="bbox 559 576 2210 651; baseline -0.006 -13"><span class='ocrx_word' id='word_1_19' title='bbox 559 583 727 638; x_wconf 89' lang='lat' dir='ltr'><strong>illum</strong></span> <span class='ocrx_word' id='word_1_20' title='bbox 759 579 1088 651; x_wconf 82' lang='lat' dir='ltr'><strong>appellavit,</strong></span> <span class='ocrx_word' id='word_1_21' title='bbox 1146 584 1206 632; x_wconf 91' lang='lat' dir='ltr'><strong>ut</strong></span> <span class='ocrx_word' id='word_1_22' title='bbox 1236 577 1333 648; x_wconf 86' lang='lat' dir='ltr'><strong>qui</strong></span> <span class='ocrx_word' id='word_1_23' title='bbox 1365 581 1604 631; x_wconf 89' lang='lat' dir='ltr'><strong>ventum</strong></span> <span class='ocrx_word' id='word_1_24' title='bbox 1637 576 1873 639; x_wconf 88' lang='lat' dir='ltr'><strong>timens,</strong></span> <span class='ocrx_word' id='word_1_25' title='bbox 1926 590 2210 644; x_wconf 85' lang='lat' dir='ltr'><strong>magnam</strong></span> 
     </span>
    </p>
   </div>
   <div class='ocr_carea' id='block_1_5' title="bbox 556 663 2210 743">
    <p class='ocr_par' dir='ltr' id='par_1_5' title="bbox 556 663 2210 743">
     <span class='ocr_line' id='line_1_5' title="bbox 556 663 2210 743; baseline -0.005 -17"><span class='ocrx_word' id='word_1_26' title='bbox 556 673 683 743; x_wconf 85' lang='lat' dir='ltr'><strong>ejus</strong></span> <span class='ocrx_word' id='word_1_27' title='bbox 711 677 936 741; x_wconf 88' lang='lat' dir='ltr'><strong>partem</strong></span> <span class='ocrx_word' id='word_1_28' title='bbox 967 667 1296 736; x_wconf 83' lang='lat' dir='ltr'><strong>abjecisset.</strong></span> <span class='ocrx_word' id='word_1_29' title='bbox 1336 666 1476 720; x_wconf 90' lang='lat' dir='ltr'><strong>Dicit</strong></span> <span class='ocrx_word' id='word_1_30' title='bbox 1504 666 1702 736; x_wconf 82' lang='lat' dir='ltr'><strong>itaque</strong></span> <span class='ocrx_word' id='word_1_31' title='bbox 1734 665 1819 719; x_wconf 84' lang='lat' dir='ltr'>illi</span> <span class='ocrx_word' id='word_1_32' title='bbox 1849 687 1860 718; x_wconf 94' lang='lat'>:</span> <span class='ocrx_word' id='word_1_33' title='bbox 1895 665 2014 719; x_wconf 85' lang='lat' dir='ltr'><strong>Cur</strong></span> <span class='ocrx_word' id='word_1_34' title='bbox 2045 663 2210 718; x_wconf 64' lang='lat' dir='ltr'><strong>haesi-</strong></span> 
     </span>
    </p>
   </div>
   <div class='ocr_carea' id='block_1_6' title="bbox 559 753 2209 828">
    <p class='ocr_par' dir='ltr' id='par_1_6' title="bbox 559 753 2209 828">
     <span class='ocr_line' id='line_1_6' title="bbox 559 753 2209 828; baseline -0.005 -13"><span class='ocrx_word' id='word_1_35' title='bbox 559 761 696 817; x_wconf 85' lang='lat' dir='ltr'><strong>tasti</strong></span> <span class='ocrx_word' id='word_1_36' title='bbox 724 760 751 812; x_wconf 72' lang='lat'><strong>7</strong></span> <span class='ocrx_word' id='word_1_37' title='bbox 781 760 922 824; x_wconf 86' lang='lat' dir='ltr'><strong>sive,</strong></span> <span class='ocrx_word' id='word_1_38' title='bbox 956 773 1140 828; x_wconf 88' lang='lat' dir='ltr'><strong>quare</strong></span> <span class='ocrx_word' id='word_1_39' title='bbox 1169 756 1426 826; x_wconf 83' lang='lat' dir='ltr'><strong>primum</strong></span> <span class='ocrx_word' id='word_1_40' title='bbox 1454 754 1733 808; x_wconf 89' lang='lat' dir='ltr'><strong>ﬁduciam</strong></span> <span class='ocrx_word' id='word_1_41' title='bbox 1766 753 2016 818; x_wconf 87' lang='lat' dir='ltr'><strong>habens,</strong></span> <span class='ocrx_word' id='word_1_42' title='bbox 2050 757 2209 823; x_wconf 90' lang='lat' dir='ltr'><strong>post-</strong></span> 
     </span>
    </p>
   </div>
   <div class='ocr_carea' id='block_1_7' title="bbox 556 843 2204 914">
    <p class='ocr_par' dir='ltr' id='par_1_7' title="bbox 556 843 2204 914">
     <span class='ocr_line' id='line_1_7' title="bbox 556 843 2204 914; baseline -0.006 -9"><span class='ocrx_word' id='word_1_43' title='bbox 556 848 796 905; x_wconf 90' lang='lat' dir='ltr'><strong>modum</strong></span> <span class='ocrx_word' id='word_1_44' title='bbox 821 846 1109 902; x_wconf 89' lang='lat' dir='ltr'><strong>timuisti?</strong></span> <span class='ocrx_word' id='word_1_45' title='bbox 1133 845 1198 899; x_wconf 94' lang='lat' dir='ltr'>Id</span> <span class='ocrx_word' id='word_1_46' title='bbox 1220 844 1378 899; x_wconf 90' lang='lat' dir='ltr'><strong>enim</strong></span> <span class='ocrx_word' id='word_1_47' title='bbox 1403 843 1720 914; x_wconf 86' lang='lat' dir='ltr'>appellavit</span> <span class='ocrx_word' id='word_1_48' title='bbox 1745 843 2204 897; x_wconf 64' lang='lat' dir='ltr'><strong>haesitationem.</strong></span> 
     </span>
    </p>
   </div>
   <div class='ocr_carea' id='block_1_8' title="bbox 557 931 2207 1008">
    <p class='ocr_par' dir='ltr' id='par_1_8' title="bbox 557 931 2207 1008">
     <span class='ocr_line' id='line_1_8' title="bbox 557 931 2207 1008; baseline -0.006 -14"><span class='ocrx_word' id='word_1_49' title='bbox 557 942 704 994; x_wconf 90' lang='lat' dir='ltr'><strong>Nam</strong></span> <span class='ocrx_word' id='word_1_50' title='bbox 735 937 838 1008; x_wconf 92' lang='lat' dir='ltr'><strong>qui</strong></span> <span class='ocrx_word' id='word_1_51' title='bbox 866 940 1072 991; x_wconf 93' lang='lat' dir='ltr'><strong>contra</strong></span> <span class='ocrx_word' id='word_1_52' title='bbox 1101 933 1317 988; x_wconf 89' lang='lat' dir='ltr'><strong>ﬂuctus</strong></span> <span class='ocrx_word' id='word_1_53' title='bbox 1349 937 1403 987; x_wconf 88' lang='lat' dir='ltr'><strong>te</strong></span> <span class='ocrx_word' id='word_1_54' title='bbox 1429 931 1641 986; x_wconf 84' lang='lat' dir='ltr'><strong>fortem</strong></span> <span class='ocrx_word' id='word_1_55' title='bbox 1670 931 1974 995; x_wconf 84' lang='lat' dir='ltr'><strong>reddebat,</strong></span> <span class='ocrx_word' id='word_1_56' title='bbox 2008 931 2207 1001; x_wconf 85' lang='lat' dir='ltr'><strong>utique</strong></span> 
     </span>
    </p>
   </div>
   <div class='ocr_carea' id='block_1_9' title="bbox 557 1019 1825 1082">
    <p class='ocr_par' dir='ltr' id='par_1_9' title="bbox 557 1019 1825 1082">
     <span class='ocr_line' id='line_1_9' title="bbox 557 1019 1825 1082; baseline -0.007 0"><span class='ocrx_word' id='word_1_57' title='bbox 557 1030 612 1082; x_wconf 86' lang='lat' dir='ltr'><strong>et</strong></span> <span class='ocrx_word' id='word_1_58' title='bbox 637 1030 843 1081; x_wconf 85' lang='lat' dir='ltr'><strong>contra</strong></span> <span class='ocrx_word' id='word_1_59' title='bbox 868 1027 1115 1080; x_wconf 87' lang='lat' dir='ltr'><strong>ventum</strong></span> <span class='ocrx_word' id='word_1_60' title='bbox 1140 1027 1194 1078; x_wconf 89' lang='lat' dir='ltr'><strong>te</strong></span> <span class='ocrx_word' id='word_1_61' title='bbox 1220 1021 1431 1077; x_wconf 78' lang='lat' dir='ltr'><strong>fortem</strong></span> <span class='ocrx_word' id='word_1_62' title='bbox 1458 1019 1825 1078; x_wconf 88' lang='lat' dir='ltr'><strong>reddidisset.</strong></span> 
     </span>
    </p>
   </div>
   <div class='ocr_carea' id='block_1_10' title="bbox 624 1268 2205 1341">
    <p class='ocr_par' dir='ltr' id='par_1_10' title="bbox 624 1268 2205 1341">
     <span class='ocr_line' id='line_1_10' title="bbox 624 1268 2205 1341; baseline -0.004 -13"><span class='ocrx_word' id='word_1_63' title='bbox 624 1275 786 1328; x_wconf 83' lang='lat' dir='ltr'><strong>Vers.</strong></span> <span class='ocrx_word' id='word_1_64' title='bbox 819 1273 906 1328; x_wconf 81' lang='lat'><strong>32.</strong></span> <span class='ocrx_word' id='word_1_65' title='bbox 941 1271 1205 1341; x_wconf 79' lang='lat' dir='ltr'><strong>Cumque</strong></span> <span class='ocrx_word' id='word_1_66' title='bbox 1233 1275 1420 1326; x_wconf 84' lang='lat' dir='ltr'><strong>essent</strong></span> <span class='ocrx_word' id='word_1_67' title='bbox 1447 1268 1692 1339; x_wconf 72' lang='lat' dir='ltr'><strong>ingressi</strong></span> <span class='ocrx_word' id='word_1_68' title='bbox 1716 1299 1785 1307; x_wconf 95' lang='lat'>—</span> <span class='ocrx_word' id='word_1_69' title='bbox 1816 1273 2043 1323; x_wconf 86' lang='lat' dir='ltr'><strong>ventus.</strong></span> <span class='ocrx_word' id='word_1_70' title='bbox 2080 1268 2205 1322; x_wconf 84' lang='lat' dir='ltr'><strong>Non</strong></span> 
     </span>
    </p>
   </div>
   <div class='ocr_carea' id='block_1_11' title="bbox 556 1356 2206 1421">
    <p class='ocr_par' dir='ltr' id='par_1_11' title="bbox 556 1356 2206 1421">
     <span class='ocr_line' id='line_1_11' title="bbox 556 1356 2206 1421; baseline -0.005 -4"><span class='ocrx_word' id='word_1_71' title='bbox 556 1362 758 1417; x_wconf 88' lang='lat' dir='ltr'><strong>statim</strong></span> <span class='ocrx_word' id='word_1_72' title='bbox 796 1361 996 1416; x_wconf 90' lang='lat' dir='ltr'><strong>navim</strong></span> <span class='ocrx_word' id='word_1_73' title='bbox 1027 1359 1446 1421; x_wconf 88' lang='lat' dir='ltr'><strong>ascenderunt,</strong></span> <span class='ocrx_word' id='word_1_74' title='bbox 1483 1357 1589 1412; x_wconf 91' lang='lat' dir='ltr'><strong>sed</strong></span> <span class='ocrx_word' id='word_1_75' title='bbox 1618 1360 1793 1411; x_wconf 89' lang='lat' dir='ltr'><strong>vento</strong></span> <span class='ocrx_word' id='word_1_76' title='bbox 1823 1356 2206 1410; x_wconf 74' lang='lat' dir='ltr'><strong>vehementer</strong></span> 
     </span>
    </p>
   </div>
   <div class='ocr_carea' id='block_1_12' title="bbox 553 1447 2205 1520">
    <p class='ocr_par' dir='ltr' id='par_1_12' title="bbox 553 1447 2205 1520">
     <span class='ocr_line' id='line_1_12' title="bbox 553 1447 2205 1520; baseline -0.005 -14"><span class='ocrx_word' id='word_1_77' title='bbox 553 1455 818 1520; x_wconf 83' lang='lat' dir='ltr'><strong>urgente,</strong></span> <span class='ocrx_word' id='word_1_78' title='bbox 851 1450 1032 1519; x_wconf 91' lang='lat' dir='ltr'><strong>longo</strong></span> <span class='ocrx_word' id='word_1_79' title='bbox 1063 1450 1258 1503; x_wconf 87' lang='lat' dir='ltr'><strong>adhuc</strong></span> <span class='ocrx_word' id='word_1_80' title='bbox 1285 1449 1477 1518; x_wconf 89' lang='lat' dir='ltr'><strong>spatio</strong></span> <span class='ocrx_word' id='word_1_81' title='bbox 1507 1447 1970 1501; x_wconf 86' lang='lat' dir='ltr'><strong>ambulaverunt</strong></span> <span class='ocrx_word' id='word_1_82' title='bbox 2017 1450 2078 1498; x_wconf 91' lang='lat' dir='ltr'><strong>ut</strong></span> <span class='ocrx_word' id='word_1_83' title='bbox 2108 1447 2205 1498; x_wconf 89' lang='lat' dir='ltr'><strong>Pe-</strong></span> 
     </span>
    </p>
   </div>
   <div class='ocr_carea' id='block_1_13' title="bbox 550 1533 2274 1603">
    <p class='ocr_par' dir='ltr' id='par_1_13' title="bbox 550 1533 2274 1603">
     <span class='ocr_line' id='line_1_13' title="bbox 550 1533 2274 1603; baseline -0.006 -8"><span class='ocrx_word' id='word_1_84' title='bbox 550 1543 674 1595; x_wconf 89' lang='lat' dir='ltr'><strong>trus</strong></span> <span class='ocrx_word' id='word_1_85' title='bbox 720 1538 933 1594; x_wconf 88' lang='lat' dir='ltr'><strong>certior</strong></span> <span class='ocrx_word' id='word_1_86' title='bbox 975 1538 1336 1601; x_wconf 89' lang='lat' dir='ltr'><strong>redderetur,</strong></span> <span class='ocrx_word' id='word_1_87' title='bbox 1384 1540 1439 1590; x_wconf 91' lang='lat' dir='ltr'><strong>et</strong></span> <span class='ocrx_word' id='word_1_88' title='bbox 1469 1536 1538 1590; x_wconf 94' lang='lat' dir='ltr'><strong>de</strong></span> <span class='ocrx_word' id='word_1_89' title='bbox 1574 1551 1682 1589; x_wconf 91' lang='lat' dir='ltr'><strong>sua</strong></span> <span class='ocrx_word' id='word_1_90' title='bbox 1725 1535 1938 1603; x_wconf 86' lang='lat' dir='ltr'><strong>exigua</strong></span> <span class='ocrx_word' id='word_1_91' title='bbox 1983 1533 2205 1588; x_wconf 83' lang='lat' dir='ltr'><strong>ﬁducia</strong></span> <span class='ocrx_word' id='word_1_92' title='bbox 2236 1533 2274 1585; x_wconf 89' lang='grc' dir='ltr'><strong>Β</strong></span> 
     </span>
    </p>
   </div>
   <div class='ocr_carea' id='block_1_14' title="bbox 549 1622 2205 1694">
    <p class='ocr_par' dir='ltr' id='par_1_14' title="bbox 549 1622 2205 1694">
     <span class='ocr_line' id='line_1_14' title="bbox 549 1622 2205 1694; baseline -0.004 -12"><span class='ocrx_word' id='word_1_93' title='bbox 549 1627 1017 1683; x_wconf 84' lang='lat' dir='ltr'><strong>convinceretur.</strong></span> <span class='ocrx_word' id='word_1_94' title='bbox 1051 1625 1374 1680; x_wconf 90' lang='lat' dir='ltr'><strong>Dicitenim</strong></span> <span class='ocrx_word' id='word_1_95' title='bbox 1403 1625 1663 1679; x_wconf 90' lang='lat' dir='ltr'><strong>Joannes</strong></span> <span class='ocrx_word' id='word_1_96' title='bbox 1689 1623 1852 1694; x_wconf 91' lang='lat' dir='ltr'><strong>quod</strong></span> <span class='ocrx_word' id='word_1_97' title='bbox 1890 1622 2205 1676; x_wconf 88' lang='lat' dir='ltr'><strong>voluerunt</strong></span> 
     </span>
    </p>
   </div>
   <div class='ocr_carea' id='block_1_15' title="bbox 547 1710 2204 1782">
    <p class='ocr_par' dir='ltr' id='par_1_15' title="bbox 547 1710 2204 1782">
     <span class='ocr_line' id='line_1_15' title="bbox 547 1710 2204 1782; baseline -0.004 -11"><span class='ocrx_word' id='word_1_98' title='bbox 547 1731 686 1772; x_wconf 90' lang='lat' dir='ltr'><strong>eum</strong></span> <span class='ocrx_word' id='word_1_99' title='bbox 717 1731 950 1770; x_wconf 87' lang='lat' dir='ltr'><strong>sumere</strong></span> <span class='ocrx_word' id='word_1_100' title='bbox 979 1715 1038 1769; x_wconf 93' lang='lat' dir='ltr'><strong>in</strong></span> <span class='ocrx_word' id='word_1_101' title='bbox 1071 1715 1291 1776; x_wconf 86' lang='lat' dir='ltr'><strong>navim,</strong></span> <span class='ocrx_word' id='word_1_102' title='bbox 1325 1717 1378 1768; x_wconf 88' lang='lat' dir='ltr'><strong>et</strong></span> <span class='ocrx_word' id='word_1_103' title='bbox 1403 1712 1558 1766; x_wconf 91' lang='lat' dir='ltr'>illico</span> <span class='ocrx_word' id='word_1_104' title='bbox 1583 1711 1756 1766; x_wconf 90' lang='lat' dir='ltr'><strong>navis</strong></span> <span class='ocrx_word' id='word_1_105' title='bbox 1787 1710 2014 1782; x_wconf 86' lang='lat' dir='ltr'>appulit</span> <span class='ocrx_word' id='word_1_106' title='bbox 2039 1715 2204 1764; x_wconf 70' lang='lat' dir='ltr'><strong>terrae</strong></span> 
     </span>
    </p>
   </div>
   <div class='ocr_carea' id='block_1_16' title="bbox 547 1798 2205 1876">
    <p class='ocr_par' dir='ltr' id='par_1_16' title="bbox 547 1798 2205 1876">
     <span class='ocr_line' id='line_1_16' title="bbox 547 1798 2205 1876; baseline -0.005 -16"><span class='ocrx_word' id='word_1_107' title='bbox 547 1805 626 1860; x_wconf 90' lang='lat' dir='ltr'><strong>ad</strong></span> <span class='ocrx_word' id='word_1_108' title='bbox 683 1820 868 1876; x_wconf 91' lang='lat' dir='ltr'><strong>quam</strong></span> <span class='ocrx_word' id='word_1_109' title='bbox 927 1804 1114 1858; x_wconf 91' lang='lat' dir='ltr'><strong>ibant.</strong></span> <span class='ocrx_word' id='word_1_110' title='bbox 1176 1805 1241 1857; x_wconf 92' lang='lat' dir='ltr'><strong>Et</strong></span> <span class='ocrx_word' id='word_1_111' title='bbox 1277 1802 1413 1856; x_wconf 91' lang='lat' dir='ltr'><strong>inde</strong></span> <span class='ocrx_word' id='word_1_112' title='bbox 1468 1799 1856 1855; x_wconf 89' lang='lat' dir='ltr'><strong>manifestum</strong></span> <span class='ocrx_word' id='word_1_113' title='bbox 1915 1803 2001 1853; x_wconf 91' lang='lat' dir='ltr'><strong>est</strong></span> <span class='ocrx_word' id='word_1_114' title='bbox 2039 1798 2205 1870; x_wconf 92' lang='lat' dir='ltr'><strong>quod</strong></span> 
     </span>
    </p>
   </div>
   <div class='ocr_carea' id='block_1_17' title="bbox 546 1886 2204 1961">
    <p class='ocr_par' dir='ltr' id='par_1_17' title="bbox 546 1886 2204 1961">
     <span class='ocr_line' id='line_1_17' title="bbox 546 1886 2204 1961; baseline -0.004 -13"><span class='ocrx_word' id='word_1_115' title='bbox 546 1909 685 1948; x_wconf 90' lang='lat' dir='ltr'><strong>cum</strong></span> <span class='ocrx_word' id='word_1_116' title='bbox 724 1891 896 1946; x_wconf 90' lang='lat' dir='ltr'><strong>navis</strong></span> <span class='ocrx_word' id='word_1_117' title='bbox 937 1894 1102 1945; x_wconf 82' lang='lat' dir='ltr'><strong>terrae</strong></span> <span class='ocrx_word' id='word_1_118' title='bbox 1140 1889 1418 1961; x_wconf 87' lang='lat' dir='ltr'><strong>proxima</strong></span> <span class='ocrx_word' id='word_1_119' title='bbox 1455 1893 1626 1954; x_wconf 90' lang='lat' dir='ltr'><strong>esset,</strong></span> <span class='ocrx_word' id='word_1_120' title='bbox 1685 1891 1812 1942; x_wconf 90' lang='lat' dir='ltr'><strong>tum</strong></span> <span class='ocrx_word' id='word_1_121' title='bbox 1864 1886 2105 1941; x_wconf 91' lang='lat' dir='ltr'><strong>demum</strong></span> <span class='ocrx_word' id='word_1_122' title='bbox 2143 1887 2204 1941; x_wconf 91' lang='lat' dir='ltr'><strong>in</strong></span> 
     </span>
    </p>
   </div>
   <div class='ocr_carea' id='block_1_18' title="bbox 546 1982 1098 2035">
    <p class='ocr_par' dir='ltr' id='par_1_18' title="bbox 546 1982 1098 2035">
     <span class='ocr_line' id='line_1_18' title="bbox 546 1982 1098 2035; baseline -0.005 0"><span class='ocrx_word' id='word_1_123' title='bbox 546 1995 681 2035; x_wconf 86' lang='lat' dir='ltr'><strong>eam</strong></span> <span class='ocrx_word' id='word_1_124' title='bbox 715 1982 1098 2034; x_wconf 87' lang='lat' dir='ltr'><strong>intraverunt.</strong></span> 
     </span>
    </p>
   </div>
   <div class='ocr_carea' id='block_1_19' title="bbox 571 2071 2204 2152">
    <p class='ocr_par' dir='ltr' id='par_1_19' title="bbox 571 2071 2204 2152">
     <span class='ocr_line' id='line_1_19' title="bbox 571 2071 2204 2152; baseline -0.002 -13"><span class='ocrx_word' id='word_1_125' title='bbox 571 2071 573 2074; x_wconf 9' lang='grc' dir='ltr'><strong>ἐ</strong></span> <span class='ocrx_word' id='word_1_126' title='bbox 617 2085 782 2139; x_wconf 81' lang='lat' dir='ltr'><strong>Vers.</strong></span> <span class='ocrx_word' id='word_1_127' title='bbox 826 2085 916 2138; x_wconf 91' lang='lat'><strong>33.</strong></span> <span class='ocrx_word' id='word_1_128' title='bbox 963 2083 1247 2137; x_wconf 63' lang='lat' dir='ltr'><strong>Craterum</strong></span> <span class='ocrx_word' id='word_1_129' title='bbox 1296 2081 1399 2152; x_wconf 84' lang='lat' dir='ltr'><strong>qui</strong></span> <span class='ocrx_word' id='word_1_130' title='bbox 1441 2111 1510 2121; x_wconf 94' lang='lat'>—</span> <span class='ocrx_word' id='word_1_131' title='bbox 1552 2096 1624 2135; x_wconf 79' lang='lat' dir='ltr'><strong>es.</strong></span> <span class='ocrx_word' id='word_1_132' title='bbox 1673 2081 1928 2136; x_wconf 87' lang='lat' dir='ltr'><strong>Miraculi</strong></span> <span class='ocrx_word' id='word_1_133' title='bbox 1977 2081 2204 2150; x_wconf 87' lang='lat' dir='ltr'><strong>magni-</strong></span> 
     </span>
    </p>
   </div>
   <div class='ocr_carea' id='block_1_20' title="bbox 545 2169 2203 2243">
    <p class='ocr_par' dir='ltr' id='par_1_20' title="bbox 545 2169 2203 2243">
     <span class='ocr_line' id='line_1_20' title="bbox 545 2169 2203 2243; baseline -0.002 -15"><span class='ocrx_word' id='word_1_134' title='bbox 545 2174 685 2229; x_wconf 92' lang='lat' dir='ltr'><strong>tudo</strong></span> <span class='ocrx_word' id='word_1_135' title='bbox 705 2172 1112 2243; x_wconf 86' lang='lat' dir='ltr'><strong>perfectiorem</strong></span> <span class='ocrx_word' id='word_1_136' title='bbox 1133 2171 1216 2224; x_wconf 89' lang='lat' dir='ltr'><strong>eis</strong></span> <span class='ocrx_word' id='word_1_137' title='bbox 1255 2169 1484 2224; x_wconf 80' lang='lat' dir='ltr'><strong>induxit</strong></span> <span class='ocrx_word' id='word_1_138' title='bbox 1503 2169 1705 2224; x_wconf 90' lang='lat' dir='ltr'><strong>ﬁdem.</strong></span> <span class='ocrx_word' id='word_1_139' title='bbox 1733 2172 1884 2225; x_wconf 86' lang='lat' dir='ltr'><strong>Mare</strong></span> <span class='ocrx_word' id='word_1_140' title='bbox 1907 2170 2203 2241; x_wconf 87' lang='lat' dir='ltr'><strong>siquidem</strong></span> 
     </span>
    </p>
   </div>
   <div class='ocr_carea' id='block_1_21' title="bbox 544 2257 2199 2333">
    <p class='ocr_par' dir='ltr' id='par_1_21' title="bbox 544 2257 2199 2333">
     <span class='ocr_line' id='line_1_21' title="bbox 544 2257 2199 2333; baseline -0.002 -17"><span class='ocrx_word' id='word_1_141' title='bbox 544 2262 853 2333; x_wconf 88' lang='lat' dir='ltr'><strong>increpare</strong></span> <span class='ocrx_word' id='word_1_142' title='bbox 880 2261 1082 2316; x_wconf 90' lang='lat' dir='ltr'><strong>minus</strong></span> <span class='ocrx_word' id='word_1_143' title='bbox 1107 2265 1215 2323; x_wconf 90' lang='lat' dir='ltr'><strong>est,</strong></span> <span class='ocrx_word' id='word_1_144' title='bbox 1244 2274 1430 2329; x_wconf 91' lang='lat' dir='ltr'><strong>quam</strong></span> <span class='ocrx_word' id='word_1_145' title='bbox 1462 2273 1642 2329; x_wconf 89' lang='lat' dir='ltr'><strong>super</strong></span> <span class='ocrx_word' id='word_1_146' title='bbox 1671 2257 1816 2312; x_wconf 91' lang='lat' dir='ltr'><strong>illud</strong></span> <span class='ocrx_word' id='word_1_147' title='bbox 1847 2257 2158 2313; x_wconf 89' lang='lat' dir='ltr'><strong>ambulare</strong></span> <span class='ocrx_word' id='word_1_148' title='bbox 2187 2278 2199 2318; x_wconf 88' lang='lat'><strong>:</strong></span> 
     </span>
    </p>
   </div>
   <div class='ocr_carea' id='block_1_22' title="bbox 543 2346 2203 2419">
    <p class='ocr_par' dir='ltr' id='par_1_22' title="bbox 543 2346 2203 2419">
     <span class='ocr_line' id='line_1_22' title="bbox 543 2346 2203 2419; baseline -0.002 -13"><span class='ocrx_word' id='word_1_149' title='bbox 543 2366 653 2406; x_wconf 90' lang='lat' dir='ltr'><strong>nec</strong></span> <span class='ocrx_word' id='word_1_150' title='bbox 700 2349 891 2404; x_wconf 89' lang='lat' dir='ltr'><strong>solum</strong></span> <span class='ocrx_word' id='word_1_151' title='bbox 941 2364 1080 2403; x_wconf 92' lang='lat' dir='ltr'><strong>eum</strong></span> <span class='ocrx_word' id='word_1_152' title='bbox 1118 2363 1289 2419; x_wconf 90' lang='lat' dir='ltr'><strong>super</strong></span> <span class='ocrx_word' id='word_1_153' title='bbox 1336 2346 1482 2401; x_wconf 91' lang='lat' dir='ltr'><strong>illud</strong></span> <span class='ocrx_word' id='word_1_154' title='bbox 1513 2346 1841 2412; x_wconf 87' lang='lat' dir='ltr'><strong>ambulare,</strong></span> <span class='ocrx_word' id='word_1_155' title='bbox 1875 2346 1972 2400; x_wconf 90' lang='lat' dir='ltr'><strong>sed</strong></span> <span class='ocrx_word' id='word_1_156' title='bbox 2023 2348 2203 2402; x_wconf 91' lang='lat' dir='ltr'><strong>etiam</strong></span> 
     </span>
    </p>
   </div>
   <div class='ocr_carea' id='block_1_23' title="bbox 542 2435 2205 2506">
    <p class='ocr_par' dir='ltr' id='par_1_23' title="bbox 542 2435 2205 2506">
     <span class='ocr_line' id='line_1_23' title="bbox 542 2435 2205 2506; baseline -0.002 -12"><span class='ocrx_word' id='word_1_157' title='bbox 542 2439 735 2495; x_wconf 87' lang='lat' dir='ltr'><strong>facere</strong></span> <span class='ocrx_word' id='word_1_158' title='bbox 794 2438 934 2493; x_wconf 90' lang='lat' dir='ltr'><strong>illud</strong></span> <span class='ocrx_word' id='word_1_159' title='bbox 999 2453 1138 2492; x_wconf 93' lang='lat' dir='ltr'><strong>cum</strong></span> <span class='ocrx_word' id='word_1_160' title='bbox 1196 2436 1346 2490; x_wconf 89' lang='lat' dir='ltr'><strong>venti</strong></span> <span class='ocrx_word' id='word_1_161' title='bbox 1409 2435 1687 2490; x_wconf 86' lang='lat' dir='ltr'><strong>violentia</strong></span> <span class='ocrx_word' id='word_1_162' title='bbox 1725 2435 2060 2506; x_wconf 89' lang='lat' dir='ltr'><strong>impetuose</strong></span> <span class='ocrx_word' id='word_1_163' title='bbox 2101 2436 2205 2491; x_wconf 88' lang='lat' dir='ltr'><strong>ﬂa-</strong></span> 
     </span>
    </p>
   </div>
   <div class='ocr_carea' id='block_1_24' title="bbox 540 2524 2203 2593">
    <p class='ocr_par' dir='ltr' id='par_1_24' title="bbox 540 2524 2203 2593">
     <span class='ocr_line' id='line_1_24' title="bbox 540 2524 2203 2593; baseline -0.002 -9"><span class='ocrx_word' id='word_1_164' title='bbox 540 2532 648 2593; x_wconf 89' lang='lat' dir='ltr'><strong>ret,</strong></span> <span class='ocrx_word' id='word_1_165' title='bbox 709 2543 780 2584; x_wconf 89' lang='lat' dir='ltr'>ac</span> <span class='ocrx_word' id='word_1_166' title='bbox 846 2543 1007 2582; x_wconf 88' lang='lat' dir='ltr'><strong>mare</strong></span> <span class='ocrx_word' id='word_1_167' title='bbox 1069 2541 1105 2580; x_wconf 93' lang='lat' dir='ltr'><strong>a</strong></span> <span class='ocrx_word' id='word_1_168' title='bbox 1186 2541 1296 2580; x_wconf 89' lang='lat' dir='ltr'><strong>suo</strong></span> <span class='ocrx_word' id='word_1_169' title='bbox 1359 2528 1513 2579; x_wconf 88' lang='lat' dir='ltr'><strong>statu</strong></span> <span class='ocrx_word' id='word_1_170' title='bbox 1591 2524 2014 2591; x_wconf 90' lang='lat' dir='ltr'><strong>submoveret;</strong></span> <span class='ocrx_word' id='word_1_171' title='bbox 2099 2526 2203 2581; x_wconf 90' lang='lat' dir='ltr'><strong>sed</strong></span> 
     </span>
    </p>
   </div>
   <div class='ocr_carea' id='block_1_25' title="bbox 542 2613 2202 2688">
    <p class='ocr_par' dir='ltr' id='par_1_25' title="bbox 542 2613 2202 2688">
     <span class='ocr_line' id='line_1_25' title="bbox 542 2613 2202 2688; baseline -0.001 -17"><span class='ocrx_word' id='word_1_172' title='bbox 542 2633 797 2688; x_wconf 68' lang='lat' dir='ltr'><strong>praesens</strong></span> <span class='ocrx_word' id='word_1_173' title='bbox 834 2617 1079 2688; x_wconf 89' lang='lat' dir='ltr'><strong>quidem</strong></span> <span class='ocrx_word' id='word_1_174' title='bbox 1119 2613 1483 2682; x_wconf 83' lang='lat' dir='ltr'><strong>evangelista</strong></span> <span class='ocrx_word' id='word_1_175' title='bbox 1537 2613 1675 2668; x_wconf 91' lang='lat' dir='ltr'><strong>dicit</strong></span> <span class='ocrx_word' id='word_1_176' title='bbox 1713 2613 1875 2684; x_wconf 91' lang='lat' dir='ltr'><strong>quod</strong></span> <span class='ocrx_word' id='word_1_177' title='bbox 1935 2631 2202 2670; x_wconf 92' lang='lat' dir='ltr'><strong>commu-</strong></span> 
     </span>
    </p>
   </div>
   <div class='ocr_carea' id='block_1_26' title="bbox 541 2702 2202 2772">
    <p class='ocr_par' dir='ltr' id='par_1_26' title="bbox 541 2702 2202 2772">
     <span class='ocr_line' id='line_1_26' title="bbox 541 2702 2202 2772; baseline -0.002 -11"><span class='ocrx_word' id='word_1_178' title='bbox 541 2707 694 2761; x_wconf 86' lang='lat' dir='ltr'><strong>niter</strong></span> <span class='ocrx_word' id='word_1_179' title='bbox 749 2720 960 2760; x_wconf 88' lang='lat' dir='ltr'><strong>omnes</strong></span> <span class='ocrx_word' id='word_1_180' title='bbox 1017 2703 1271 2758; x_wconf 84' lang='lat' dir='ltr'><strong>confessi</strong></span> <span class='ocrx_word' id='word_1_181' title='bbox 1329 2707 1468 2757; x_wconf 92' lang='lat' dir='ltr'><strong>sunt</strong></span> <span class='ocrx_word' id='word_1_182' title='bbox 1507 2717 1635 2757; x_wconf 90' lang='lat' dir='ltr'><strong>esse</strong></span> <span class='ocrx_word' id='word_1_183' title='bbox 1690 2702 1896 2772; x_wconf 90' lang='lat' dir='ltr'><strong>ipsum</strong></span> <span class='ocrx_word' id='word_1_184' title='bbox 1959 2705 2056 2758; x_wconf 87' lang='lat' dir='ltr'><strong>Dei</strong></span> <span class='ocrx_word' id='word_1_185' title='bbox 2122 2704 2202 2760; x_wconf 86' lang='lat' dir='ltr'><strong>Fi-</strong></span> 
     </span>
    </p>
   </div>
   <div class='ocr_carea' id='block_1_27' title="bbox 545 2794 714 2850">
    <p class='ocr_par' dir='ltr' id='par_1_27' title="bbox 545 2794 714 2850">
     <span class='ocr_line' id='line_1_27' title="bbox 545 2794 714 2850; baseline -0.012 0"><span class='ocrx_word' id='word_1_186' title='bbox 545 2794 714 2850; x_wconf 90' lang='lat' dir='ltr'><strong>lium.</strong></span> 
     </span>
    </p>
   </div>
   <div class='ocr_carea' id='block_1_28' title="bbox 617 2894 2202 2965">
    <p class='ocr_par' dir='ltr' id='par_1_28' title="bbox 617 2894 2202 2965">
     <span class='ocr_line' id='line_1_28' title="bbox 617 2894 2202 2965; baseline 0.001 -12"><span class='ocrx_word' id='word_1_187' title='bbox 617 2901 846 2955; x_wconf 87' lang='lat' dir='ltr'><strong>Marcus</strong></span> <span class='ocrx_word' id='word_1_188' title='bbox 878 2899 1076 2952; x_wconf 88' lang='lat' dir='ltr'><strong>autem</strong></span> <span class='ocrx_word' id='word_1_189' title='bbox 1103 2895 1272 2960; x_wconf 82' lang='lat' dir='ltr'><strong>dixit,</strong></span> <span class='ocrx_word' id='word_1_190' title='bbox 1301 2894 1466 2965; x_wconf 90' lang='lat' dir='ltr'><strong>quod</strong></span> <span class='ocrx_word' id='word_1_191' title='bbox 1496 2895 1774 2950; x_wconf 88' lang='lat' dir='ltr'><strong>admirati</strong></span> <span class='ocrx_word' id='word_1_192' title='bbox 1802 2900 1960 2960; x_wconf 91' lang='lat' dir='ltr'><strong>sunt,</strong></span> <span class='ocrx_word' id='word_1_193' title='bbox 1992 2914 2202 2954; x_wconf 90' lang='lat' dir='ltr'><strong>verum</strong></span> 
     </span>
    </p>
   </div>
   <div class='ocr_carea' id='block_1_29' title="bbox 547 2983 2204 3056">
    <p class='ocr_par' dir='ltr' id='par_1_29' title="bbox 547 2983 2204 3056">
     <span class='ocr_line' id='line_1_29' title="bbox 547 2983 2204 3056; baseline 0 -13"><span class='ocrx_word' id='word_1_194' title='bbox 547 3002 671 3043; x_wconf 91' lang='lat' dir='ltr'><strong>non</strong></span> <span class='ocrx_word' id='word_1_195' title='bbox 703 2985 1132 3041; x_wconf 89' lang='lat' dir='ltr'><strong>intellexerunt.</strong></span> <span class='ocrx_word' id='word_1_196' title='bbox 1163 2984 1253 3039; x_wconf 88' lang='lat' dir='ltr'><strong>Ait</strong></span> <span class='ocrx_word' id='word_1_197' title='bbox 1282 2983 1438 3038; x_wconf 89' lang='lat' dir='ltr'><strong>enim</strong></span> <span class='ocrx_word' id='word_1_198' title='bbox 1475 3001 1486 3038; x_wconf 94' lang='lat'>:</span> <span class='ocrx_word' id='word_1_199' title='bbox 1521 2984 1596 3038; x_wconf 88' lang='lat' dir='ltr'><strong>Et</strong></span> <span class='ocrx_word' id='word_1_200' title='bbox 1629 2985 1989 3040; x_wconf 77' lang='lat' dir='ltr'><strong>vehementer</strong></span> <span class='ocrx_word' id='word_1_201' title='bbox 2019 3003 2204 3056; x_wconf 76' lang='lat' dir='ltr'><strong>supra</strong></span> 
     </span>
    </p>
   </div>
   <div class='ocr_carea' id='block_1_30' title="bbox 551 3072 2204 3142">
    <p class='ocr_par' dir='ltr' id='par_1_30' title="bbox 551 3072 2204 3142">
     <span class='ocr_line' id='line_1_30' title="bbox 551 3072 2204 3142; baseline 0.001 -11"><span class='ocrx_word' id='word_1_202' title='bbox 551 3075 788 3131; x_wconf 85' lang='lat' dir='ltr'><strong>modum</strong></span> <span class='ocrx_word' id='word_1_203' title='bbox 820 3075 981 3129; x_wconf 80' lang='lat' dir='ltr'><strong>intra</strong></span> <span class='ocrx_word' id='word_1_204' title='bbox 1013 3087 1131 3128; x_wconf 87' lang='lat' dir='ltr'><strong>sese</strong></span> <span class='ocrx_word' id='word_1_205' title='bbox 1159 3072 1470 3142; x_wconf 82' lang='lat' dir='ltr'><strong>stupebant</strong></span> <span class='ocrx_word' id='word_1_206' title='bbox 1500 3079 1553 3128; x_wconf 86' lang='lat' dir='ltr'><strong>et</strong></span> <span class='ocrx_word' id='word_1_207' title='bbox 1585 3073 2027 3128; x_wconf 82' lang='lat' dir='ltr'><strong>admirabantur</strong></span> <span class='ocrx_word' id='word_1_208' title='bbox 2059 3093 2072 3130; x_wconf 93' lang='lat'><strong>:</strong></span> <span class='ocrx_word' id='word_1_209' title='bbox 2105 3093 2204 3132; x_wconf 87' lang='lat' dir='ltr'><strong>ne-</strong></span> 
     </span>
    </p>
   </div>
   <div class='ocr_carea' id='block_1_31' title="bbox 550 3161 2205 3236">
    <p class='ocr_par' dir='ltr' id='par_1_31' title="bbox 550 3161 2205 3236">
     <span class='ocr_line' id='line_1_31' title="bbox 550 3161 2205 3236; baseline 0.001 -16"><span class='ocrx_word' id='word_1_210' title='bbox 550 3179 663 3236; x_wconf 86' lang='lat' dir='ltr'><strong>que</strong></span> <span class='ocrx_word' id='word_1_211' title='bbox 691 3165 845 3219; x_wconf 85' lang='lat' dir='ltr'><strong>enim</strong></span> <span class='ocrx_word' id='word_1_212' title='bbox 871 3161 1294 3218; x_wconf 72' lang='lat' dir='ltr'><strong>intellexerunt</strong></span> <span class='ocrx_word' id='word_1_213' title='bbox 1319 3161 1392 3215; x_wconf 86' lang='lat' dir='ltr'><strong>de</strong></span> <span class='ocrx_word' id='word_1_214' title='bbox 1417 3161 1662 3228; x_wconf 80' lang='lat' dir='ltr'><strong>panibus</strong></span> <span class='ocrx_word' id='word_1_215' title='bbox 1684 3179 1704 3225; x_wconf 88' lang='lat'><strong><em>;</em></strong></span> <span class='ocrx_word' id='word_1_216' title='bbox 1728 3177 1858 3216; x_wconf 86' lang='lat' dir='ltr'><strong>nam</strong></span> <span class='ocrx_word' id='word_1_217' title='bbox 1883 3179 1980 3218; x_wconf 82' lang='lat' dir='ltr'><strong>cor</strong></span> <span class='ocrx_word' id='word_1_218' title='bbox 2004 3180 2205 3222; x_wconf 87' lang='lat' dir='ltr'><strong>eorum</strong></span> 
     </span>
    </p>
   </div>
   <div class='ocr_carea' id='block_1_32' title="bbox 551 3251 2207 3309">
    <p class='ocr_par' dir='ltr' id='par_1_32' title="bbox 551 3251 2207 3309">
     <span class='ocr_line' id='line_1_32' title="bbox 551 3251 2207 3309; baseline -0.001 0"><span class='ocrx_word' id='word_1_219' title='bbox 551 3253 898 3309; x_wconf 70' lang='lat' dir='ltr'><strong>obcaecatum</strong></span> <span class='ocrx_word' id='word_1_220' title='bbox 918 3256 1042 3306; x_wconf 85' lang='lat' dir='ltr'><strong>erat</strong></span> <span class='ocrx_word' id='word_1_221' title='bbox 1074 3252 1141 3305; x_wconf 74' lang='lat'><strong>‘7.</strong></span> <span class='ocrx_word' id='word_1_222' title='bbox 1176 3252 1273 3305; x_wconf 91' lang='lat' dir='ltr'><strong>Est</strong></span> <span class='ocrx_word' id='word_1_223' title='bbox 1302 3254 1499 3305; x_wconf 91' lang='lat' dir='ltr'><strong>autem</strong></span> <span class='ocrx_word' id='word_1_224' title='bbox 1533 3265 1742 3304; x_wconf 92' lang='lat' dir='ltr'><strong>sensus</strong></span> <span class='ocrx_word' id='word_1_225' title='bbox 1773 3251 2071 3308; x_wconf 90' lang='lat' dir='ltr'><strong>dictorum</strong></span> <span class='ocrx_word' id='word_1_226' title='bbox 2101 3254 2207 3309; x_wconf 89' lang='lat' dir='ltr'><strong>hu-</strong></span> 
     </span>
    </p>
   </div>
   <div class='ocr_carea' id='block_1_33' title="bbox 548 3338 2205 3412">
    <p class='ocr_par' dir='ltr' id='par_1_33' title="bbox 548 3338 2205 3412">
     <span class='ocr_line' id='line_1_33' title="bbox 548 3338 2205 3412; baseline 0.001 -16"><span class='ocrx_word' id='word_1_227' title='bbox 548 3341 836 3412; x_wconf 90' lang='lat' dir='ltr'><strong>jusmodi,</strong></span> <span class='ocrx_word' id='word_1_228' title='bbox 879 3341 1038 3412; x_wconf 90' lang='lat' dir='ltr'><strong>quod</strong></span> <span class='ocrx_word' id='word_1_229' title='bbox 1070 3355 1253 3411; x_wconf 87' lang='lat' dir='ltr'><strong>supra</strong></span> <span class='ocrx_word' id='word_1_230' title='bbox 1283 3339 1536 3394; x_wconf 90' lang='lat' dir='ltr'><strong>modum</strong></span> <span class='ocrx_word' id='word_1_231' title='bbox 1566 3338 2019 3396; x_wconf 88' lang='lat' dir='ltr'><strong>admirabantur</strong></span> <span class='ocrx_word' id='word_1_232' title='bbox 2067 3359 2205 3399; x_wconf 92' lang='lat' dir='ltr'><strong>eum</strong></span> 
     </span>
    </p>
   </div>
   <div class='ocr_carea' id='block_1_34' title="bbox 553 3428 2207 3501">
    <p class='ocr_par' dir='ltr' id='par_1_34' title="bbox 553 3428 2207 3501">
     <span class='ocr_line' id='line_1_34' title="bbox 553 3428 2207 3501; baseline 0.002 -16"><span class='ocrx_word' id='word_1_233' title='bbox 553 3430 732 3486; x_wconf 90' lang='lat' dir='ltr'><strong>veluti</strong></span> <span class='ocrx_word' id='word_1_234' title='bbox 773 3429 1081 3485; x_wconf 89' lang='lat' dir='ltr'><strong>hominem</strong></span> <span class='ocrx_word' id='word_1_235' title='bbox 1125 3429 1223 3501; x_wconf 90' lang='lat' dir='ltr'><strong>qui</strong></span> <span class='ocrx_word' id='word_1_236' title='bbox 1270 3428 1410 3484; x_wconf 86' lang='lat' dir='ltr'><strong>talia</strong></span> <span class='ocrx_word' id='word_1_237' title='bbox 1457 3432 1677 3501; x_wconf 89' lang='lat' dir='ltr'><strong>posset,</strong></span> <span class='ocrx_word' id='word_1_238' title='bbox 1730 3445 1913 3500; x_wconf 90' lang='lat' dir='ltr'><strong>quum</strong></span> <span class='ocrx_word' id='word_1_239' title='bbox 1945 3433 2207 3489; x_wconf 87' lang='lat' dir='ltr'><strong>maxime</strong></span> 
     </span>
    </p>
   </div>
   <div class='ocr_carea' id='block_1_35' title="bbox 553 3518 2208 3590">
    <p class='ocr_par' dir='ltr' id='par_1_35' title="bbox 553 3518 2208 3590">
     <span class='ocr_line' id='line_1_35' title="bbox 553 3518 2208 3590; baseline 0.002 -16"><span class='ocrx_word' id='word_1_240' title='bbox 553 3519 724 3574; x_wconf 91' lang='lat' dir='ltr'><strong>illum</strong></span> <span class='ocrx_word' id='word_1_241' title='bbox 755 3518 1002 3574; x_wconf 87' lang='lat' dir='ltr'><strong>adorare</strong></span> <span class='ocrx_word' id='word_1_242' title='bbox 1058 3519 1432 3590; x_wconf 84' lang='lat' dir='ltr'><strong>oportuisset,</strong></span> <span class='ocrx_word' id='word_1_243' title='bbox 1481 3523 1765 3589; x_wconf 90' lang='lat' dir='ltr'><strong>tanquam</strong></span> <span class='ocrx_word' id='word_1_244' title='bbox 1797 3520 1984 3574; x_wconf 91' lang='lat' dir='ltr'><strong>Deum</strong></span> <span class='ocrx_word' id='word_1_245' title='bbox 2011 3521 2208 3577; x_wconf 90' lang='lat' dir='ltr'><strong>omnia</strong></span> 
     </span>
    </p>
   </div>
   <div class='ocr_carea' id='block_1_36' title="bbox 555 3606 2208 3682">
    <p class='ocr_par' dir='ltr' id='par_1_36' title="bbox 555 3606 2208 3682">
     <span class='ocr_line' id='line_1_36' title="bbox 555 3606 2208 3682; baseline -0.001 -19"><span class='ocrx_word' id='word_1_246' title='bbox 555 3610 879 3680; x_wconf 88' lang='lat' dir='ltr'><strong>potentem.</strong></span> <span class='ocrx_word' id='word_1_247' title='bbox 933 3607 1144 3661; x_wconf 87' lang='lat' dir='ltr'><strong>Volens</strong></span> <span class='ocrx_word' id='word_1_248' title='bbox 1189 3610 1389 3660; x_wconf 80' lang='lat' dir='ltr'><strong>autem</strong></span> <span class='ocrx_word' id='word_1_249' title='bbox 1438 3606 1749 3661; x_wconf 91' lang='lat' dir='ltr'><strong>ostendere</strong></span> <span class='ocrx_word' id='word_1_250' title='bbox 1802 3608 1964 3678; x_wconf 89' lang='lat' dir='ltr'><strong>quod</strong></span> <span class='ocrx_word' id='word_1_251' title='bbox 2013 3625 2208 3682; x_wconf 89' lang='lat' dir='ltr'><strong>neque</strong></span> 
     </span>
    </p>
   </div>
   <div class='ocr_carea' id='block_1_37' title="bbox 557 3693 2208 3767">
    <p class='ocr_par' dir='ltr' id='par_1_37' title="bbox 557 3693 2208 3767">
     <span class='ocr_line' id='line_1_37' title="bbox 557 3693 2208 3767; baseline 0.002 -16"><span class='ocrx_word' id='word_1_252' title='bbox 557 3696 620 3752; x_wconf 92' lang='lat' dir='ltr'><strong>in</strong></span> <span class='ocrx_word' id='word_1_253' title='bbox 651 3694 936 3767; x_wconf 83' lang='lat' dir='ltr'><strong>praedicto</strong></span> <span class='ocrx_word' id='word_1_254' title='bbox 964 3709 1194 3766; x_wconf 89' lang='lat' dir='ltr'><strong>panum</strong></span> <span class='ocrx_word' id='word_1_255' title='bbox 1230 3693 1518 3749; x_wconf 89' lang='lat' dir='ltr'><strong>miraculo</strong></span> <span class='ocrx_word' id='word_1_256' title='bbox 1567 3709 1630 3749; x_wconf 89' lang='lat' dir='ltr'><strong>se</strong></span> <span class='ocrx_word' id='word_1_257' title='bbox 1683 3697 2105 3754; x_wconf 88' lang='lat' dir='ltr'><strong>convertissent</strong></span> <span class='ocrx_word' id='word_1_258' title='bbox 2135 3701 2208 3755; x_wconf 91' lang='lat' dir='ltr'><strong>ad</strong></span> 
     </span>
    </p>
   </div>
   <div class='ocr_carea' id='block_1_38' title="bbox 1860 271 2582 330">
    <p class='ocr_par' dir='ltr' id='par_1_38' title="bbox 1860 271 2582 330">
     <span class='ocr_line' id='line_1_38' title="bbox 1860 271 2582 330; baseline -0.003 -2"><span class='ocrx_word' id='word_1_259' title='bbox 1860 271 2214 330; x_wconf 88' lang='lat' dir='ltr'><strong>EUTHYMII</strong></span> <span class='ocrx_word' id='word_1_260' title='bbox 2254 271 2582 328; x_wconf 83' lang='lat' dir='ltr'><strong>ZIGABENI</strong></span> 
     </span>
    </p>
   </div>
   <div class='ocr_carea' id='block_1_39' title="bbox 3826 271 3947 326">
    <p class='ocr_par' dir='ltr' id='par_1_39' title="bbox 3826 271 3947 326">
     <span class='ocr_line' id='line_1_39' title="bbox 3826 271 3947 326; baseline -0.008 0"><span class='ocrx_word' id='word_1_261' title='bbox 3826 271 3947 326; x_wconf 72' lang='grc'><strong>440</strong></span> 
     </span>
    </p>
   </div>
   <div class='ocr_carea' id='block_1_40' title="bbox 2514 394 3946 467">
    <p class='ocr_par' dir='ltr' id='par_1_40' title="bbox 2514 394 3946 467">
     <span class='ocr_line' id='line_1_40' title="bbox 2514 394 3946 467; baseline 0 -19"><span class='ocrx_word' id='word_1_262' title='bbox 2514 399 2543 454; x_wconf 75' lang='grc' dir='ltr'>ἡ</span> <span class='ocrx_word' id='word_1_263' title='bbox 2627 396 2980 467; x_wconf 79' lang='grc' dir='ltr'>ὀλιγοπιστία,</span> <span class='ocrx_word' id='word_1_264' title='bbox 3039 399 3342 466; x_wconf 73' lang='grc' dir='ltr'><strong>τουτέστιν,</strong></span> <span class='ocrx_word' id='word_1_265' title='bbox 3405 415 3436 454; x_wconf 84' lang='grc' dir='ltr'><strong>η</strong></span> <span class='ocrx_word' id='word_1_266' title='bbox 3533 394 3775 448; x_wconf 79' lang='grc' dir='ltr'>ἀσθένεια</span> <span class='ocrx_word' id='word_1_267' title='bbox 3836 403 3946 456; x_wconf 81' lang='grc' dir='ltr'><strong>τῆς</strong></span> 
     </span>
    </p>
   </div>
   <div class='ocr_carea' id='block_1_41' title="bbox 2320 481 3939 560">
    <p class='ocr_par' dir='ltr' id='par_1_41' title="bbox 2320 481 3939 560">
     <span class='ocr_line' id='line_1_41' title="bbox 2320 481 3939 560; baseline -0.001 -22"><span class='ocrx_word' id='word_1_268' title='bbox 2320 487 2568 560; x_wconf 81' lang='grc' dir='ltr'>ῥηθείσης</span> <span class='ocrx_word' id='word_1_269' title='bbox 2647 490 2888 545; x_wconf 84' lang='grc' dir='ltr'>πίστεως.</span> <span class='ocrx_word' id='word_1_270' title='bbox 2965 484 3330 556; x_wconf 84' lang='grc' dir='ltr'>Ὀλιγόπιστον</span> <span class='ocrx_word' id='word_1_271' title='bbox 3409 481 3496 536; x_wconf 81' lang='grc' dir='ltr'>οὖν</span> <span class='ocrx_word' id='word_1_272' title='bbox 3566 484 3722 536; x_wconf 75' lang='grc' dir='ltr'>αὐτὸν</span> <span class='ocrx_word' id='word_1_273' title='bbox 3815 483 3939 536; x_wconf 84' lang='grc' dir='ltr'>ἐκά-</span> 
     </span>
    </p>
   </div>
   <div class='ocr_carea' id='block_1_42' title="bbox 2321 573 3933 646">
    <p class='ocr_par' dir='ltr' id='par_1_42' title="bbox 2321 573 3933 646">
     <span class='ocr_line' id='line_1_42' title="bbox 2321 573 3933 646; baseline -0.002 -20"><span class='ocrx_word' id='word_1_274' title='bbox 2321 574 2481 641; x_wconf 83' lang='grc' dir='ltr'>λεσεν,</span> <span class='ocrx_word' id='word_1_275' title='bbox 2542 580 2605 634; x_wconf 80' lang='grc' dir='ltr'>ὡς</span> <span class='ocrx_word' id='word_1_276' title='bbox 2662 573 2987 626; x_wconf 75' lang='grc' dir='ltr'>ἀποϐαλόντα</span> <span class='ocrx_word' id='word_1_277' title='bbox 3059 575 3186 625; x_wconf 80' lang='grc' dir='ltr'>πολύ</span> <span class='ocrx_word' id='word_1_278' title='bbox 3239 594 3288 626; x_wconf 90' lang='grc' dir='ltr'><strong>τι</strong></span> <span class='ocrx_word' id='word_1_279' title='bbox 3357 574 3468 644; x_wconf 88' lang='grc'><strong>(71)</strong></span> <span class='ocrx_word' id='word_1_280' title='bbox 3527 578 3681 646; x_wconf 80' lang='grc' dir='ltr'><strong>μέρος</strong></span> <span class='ocrx_word' id='word_1_281' title='bbox 3760 573 3933 635; x_wconf 70' lang='grc' dir='ltr'>αὐτῆς</span> 
     </span>
    </p>
   </div>
   <div class='ocr_carea' id='block_1_43' title="bbox 2320 662 3927 734">
    <p class='ocr_par' dir='ltr' id='par_1_43' title="bbox 2320 662 3927 734">
     <span class='ocr_line' id='line_1_43' title="bbox 2320 662 3927 734; baseline -0.001 -20"><span class='ocrx_word' id='word_1_282' title='bbox 2320 662 2368 714; x_wconf 90' lang='grc' dir='ltr'><strong>ἐν</strong></span> <span class='ocrx_word' id='word_1_283' title='bbox 2426 671 2496 733; x_wconf 84' lang='grc' dir='ltr'>τῷ</span> <span class='ocrx_word' id='word_1_284' title='bbox 2558 663 2845 734; x_wconf 65' lang='grc' dir='ltr'>φοϐηθῆναι</span> <span class='ocrx_word' id='word_1_285' title='bbox 2911 666 2996 714; x_wconf 82' lang='grc' dir='ltr'>τὸν</span> <span class='ocrx_word' id='word_1_286' title='bbox 3051 662 3250 734; x_wconf 81' lang='grc' dir='ltr'>ἆνεμον.</span> <span class='ocrx_word' id='word_1_287' title='bbox 3312 667 3466 731; x_wconf 84' lang='grc' dir='ltr'>Λέγει</span> <span class='ocrx_word' id='word_1_288' title='bbox 3518 668 3686 714; x_wconf 83' lang='grc' dir='ltr'>τοίνυν</span> <span class='ocrx_word' id='word_1_289' title='bbox 3755 663 3927 731; x_wconf 65' lang='grc' dir='ltr'>αὐτῷ’</span> 
     </span>
    </p>
   </div>
   <div class='ocr_carea' id='block_1_44' title="bbox 2320 748 3928 825">
    <p class='ocr_par' dir='ltr' id='par_1_44' title="bbox 2320 748 3928 825">
     <span class='ocr_line' id='line_1_44' title="bbox 2320 748 3928 825; baseline -0.002 -20"><span class='ocrx_word' id='word_1_290' title='bbox 2320 757 2466 805; x_wconf 76' lang='grc' dir='ltr'>Διατί</span> <span class='ocrx_word' id='word_1_291' title='bbox 2547 750 2892 818; x_wconf 63' lang='lat' dir='ltr'><strong>Edictum-ag;</strong></span> <span class='ocrx_word' id='word_1_292' title='bbox 2989 756 3148 823; x_wconf 78' lang='grc' dir='ltr'>ἤγουν</span> <span class='ocrx_word' id='word_1_293' title='bbox 3199 793 3211 816; x_wconf 88' lang='grc'><strong>,</strong></span> <span class='ocrx_word' id='word_1_294' title='bbox 3310 748 3456 804; x_wconf 74' lang='grc' dir='ltr'>ὃιατί</span> <span class='ocrx_word' id='word_1_295' title='bbox 3546 760 3746 825; x_wconf 80' lang='grc' dir='ltr'>πρῶτον</span> <span class='ocrx_word' id='word_1_296' title='bbox 3830 754 3928 823; x_wconf 69' lang='grc' dir='ltr'>μὲν</span> 
     </span>
    </p>
   </div>
   <div class='ocr_carea' id='block_1_45' title="bbox 2319 837 3096 915">
    <p class='ocr_par' dir='ltr' id='par_1_45' title="bbox 2319 837 3096 915">
     <span class='ocr_line' id='line_1_45' title="bbox 2319 837 3096 915; baseline 0 -22"><span class='ocrx_word' id='word_1_297' title='bbox 2319 841 2660 915; x_wconf 77' lang='grc' dir='ltr'>ἐθάρῥησας,</span> <span class='ocrx_word' id='word_1_298' title='bbox 2741 841 2954 912; x_wconf 77' lang='grc' dir='ltr'>ὕστερον</span> <span class='ocrx_word' id='word_1_299' title='bbox 3038 837 3096 893; x_wconf 71' lang='grc' dir='ltr'><strong>δὲ</strong></span> 
     </span>
    </p>
   </div>
   <div class='ocr_carea' id='block_1_46' title="bbox 2317 927 3924 1002">
    <p class='ocr_par' dir='ltr' id='par_1_46' title="bbox 2317 927 3924 1002">
     <span class='ocr_line' id='line_1_46' title="bbox 2317 927 3924 1002; baseline 0 -22"><span class='ocrx_word' id='word_1_300' title='bbox 2317 934 2553 1002; x_wconf 84' lang='grc' dir='ltr'>ὠνόμασε</span> <span class='ocrx_word' id='word_1_301' title='bbox 2611 927 2930 1001; x_wconf 71' lang='grc' dir='ltr'><strong>δισταγμὸν.</strong></span> <span class='ocrx_word' id='word_1_302' title='bbox 3013 929 3072 984; x_wconf 74' lang='grc' dir='ltr'><strong>Ὀ</strong></span> <span class='ocrx_word' id='word_1_303' title='bbox 3143 932 3244 1002; x_wconf 84' lang='grc' dir='ltr'>γὰρ</span> <span class='ocrx_word' id='word_1_304' title='bbox 3319 929 3578 1001; x_wconf 83' lang='grc' dir='ltr'><strong>ἐνισχύων</strong></span> <span class='ocrx_word' id='word_1_305' title='bbox 3649 948 3706 980; x_wconf 90' lang='grc' dir='ltr'><strong>σε</strong></span> <span class='ocrx_word' id='word_1_306' title='bbox 3782 931 3924 980; x_wconf 81' lang='grc' dir='ltr'>κατὰ</span> 
     </span>
    </p>
   </div>
   <div class='ocr_carea' id='block_1_47' title="bbox 3318 1019 3920 1072">
    <p class='ocr_par' dir='ltr' id='par_1_47' title="bbox 3318 1019 3920 1072">
     <span class='ocr_line' id='line_1_47' title="bbox 3318 1019 3920 1072; baseline -0.002 -2"><span class='ocrx_word' id='word_1_307' title='bbox 3318 1038 3375 1072; x_wconf 89' lang='grc' dir='ltr'><strong>σε</strong></span> <span class='ocrx_word' id='word_1_308' title='bbox 3444 1023 3535 1072; x_wconf 84' lang='grc' dir='ltr'><strong>καὶ</strong></span> <span class='ocrx_word' id='word_1_309' title='bbox 3613 1019 3751 1070; x_wconf 81' lang='grc' dir='ltr'>κατὰ</span> <span class='ocrx_word' id='word_1_310' title='bbox 3823 1024 3920 1070; x_wconf 86' lang='grc' dir='ltr'><strong>τοῦ</strong></span> 
     </span>
    </p>
   </div>
   <div class='ocr_carea' id='block_1_48' title="bbox 2989 756 3211 823">
    <p class='ocr_par' dir='ltr' id='par_1_48' title="bbox 2989 756 3211 823">
     <span class='ocr_line' id='line_1_48' title="bbox 2989 756 3211 823; baseline -0.005 -20"><span class='ocrx_word' id='word_1_311' title='bbox 2989 756 3148 823; x_wconf 78' lang='grc' dir='ltr'>ἤγουν</span> <span class='ocrx_word' id='word_1_312' title='bbox 3199 793 3211 816; x_wconf 86' lang='grc'><strong>,</strong></span> 
     </span>
    </p>
   </div>
   <div class='ocr_carea' id='block_1_49' title="bbox 3181 837 3922 911">
    <p class='ocr_par' dir='ltr' id='par_1_49' title="bbox 3181 837 3922 911">
     <span class='ocr_line' id='line_1_49' title="bbox 3181 837 3922 911; baseline -0.003 -19"><span class='ocrx_word' id='word_1_313' title='bbox 3181 837 3472 902; x_wconf 73' lang='grc' dir='ltr'>ἐδειλίασας</span> <span class='ocrx_word' id='word_1_314' title='bbox 3514 857 3527 905; x_wconf 91' lang='grc'><strong>;</strong></span> <span class='ocrx_word' id='word_1_315' title='bbox 3596 846 3760 892; x_wconf 85' lang='grc' dir='ltr'>Τοῦτο</span> <span class='ocrx_word' id='word_1_316' title='bbox 3813 843 3922 911; x_wconf 76' lang='grc' dir='ltr'><strong>γὰρ</strong></span> 
     </span>
    </p>
   </div>
   <div class='ocr_carea' id='block_1_50' title="bbox 2317 1019 3220 1091">
    <p class='ocr_par' dir='ltr' id='par_1_50' title="bbox 2317 1019 3220 1091">
     <span class='ocr_line' id='line_1_50' title="bbox 2317 1019 3220 1091; baseline -0.002 -20"><span class='ocrx_word' id='word_1_317' title='bbox 2317 1027 2415 1071; x_wconf 87' lang='grc' dir='ltr'>τῶν</span> <span class='ocrx_word' id='word_1_318' title='bbox 2491 1021 2734 1091; x_wconf 78' lang='grc' dir='ltr'>κυμάτων</span> <span class='ocrx_word' id='word_1_319' title='bbox 2815 1019 3091 1091; x_wconf 83' lang='grc' dir='ltr'><strong>ἐνίσχυσεν</strong></span> <span class='ocrx_word' id='word_1_320' title='bbox 3159 1020 3220 1070; x_wconf 78' lang='grc' dir='ltr'>ἄν</span> 
     </span>
    </p>
   </div>
   <div class='ocr_carea' id='block_1_51' title="bbox 2317 1106 2524 1180">
    <p class='ocr_par' dir='ltr' id='par_1_51' title="bbox 2317 1106 2524 1180">
     <span class='ocr_line' id='line_1_51' title="bbox 2317 1106 2524 1180; baseline 0 -20"><span class='ocrx_word' id='word_1_321' title='bbox 2317 1106 2524 1180; x_wconf 81' lang='grc' dir='ltr'>ἀνέμου.</span> 
     </span>
    </p>
   </div>
   <div class='ocr_carea' id='block_1_52' title="bbox 2390 1193 3917 1268">
    <p class='ocr_par' dir='ltr' id='par_1_52' title="bbox 2390 1193 3917 1268">
     <span class='ocr_line' id='line_1_52' title="bbox 2390 1193 3917 1268; baseline -0.001 -20"><span class='ocrx_word' id='word_1_322' title='bbox 2390 1200 2490 1248; x_wconf 87' lang='grc' dir='ltr'><strong>Καὶ</strong></span> <span class='ocrx_word' id='word_1_323' title='bbox 2573 1195 2832 1268; x_wconf 87' lang='grc' dir='ltr'>ἐμϐάντων</span> <span class='ocrx_word' id='word_1_324' title='bbox 2885 1225 2955 1236; x_wconf 91' lang='lat'><strong>-—</strong></span> <span class='ocrx_word' id='word_1_325' title='bbox 3019 1196 3217 1268; x_wconf 80' lang='grc' dir='ltr'>ἄνεμος.</span> <span class='ocrx_word' id='word_1_326' title='bbox 3281 1195 3392 1247; x_wconf 79' lang='grc' dir='ltr'><strong>Οῦκ</strong></span> <span class='ocrx_word' id='word_1_327' title='bbox 3449 1195 3598 1257; x_wconf 68' lang='grc' dir='ltr'>εὐθὺς</span> <span class='ocrx_word' id='word_1_328' title='bbox 3670 1193 3917 1253; x_wconf 82' lang='grc' dir='ltr'>ἐνέϐησαν</span> 
     </span>
    </p>
   </div>
   <div class='ocr_carea' id='block_1_53' title="bbox 2316 1281 3912 1357">
    <p class='ocr_par' dir='ltr' id='par_1_53' title="bbox 2316 1281 3912 1357">
     <span class='ocr_line' id='line_1_53' title="bbox 2316 1281 3912 1357; baseline 0 -22"><span class='ocrx_word' id='word_1_329' title='bbox 2316 1283 2389 1344; x_wconf 88' lang='grc' dir='ltr'><strong>εἰς</strong></span> <span class='ocrx_word' id='word_1_330' title='bbox 2429 1287 2486 1335; x_wconf 89' lang='grc' dir='ltr'>τὸ</span> <span class='ocrx_word' id='word_1_331' title='bbox 2535 1283 2730 1349; x_wconf 90' lang='grc' dir='ltr'>πλοῖον,</span> <span class='ocrx_word' id='word_1_332' title='bbox 2759 1282 2889 1335; x_wconf 79' lang='grc' dir='ltr'>ἀλλὰ</span> <span class='ocrx_word' id='word_1_333' title='bbox 2934 1287 3041 1353; x_wconf 81' lang='grc' dir='ltr'>καὶ,</span> <span class='ocrx_word' id='word_1_334' title='bbox 3093 1291 3183 1336; x_wconf 91' lang='grc' dir='ltr'><strong>τοῦ</strong></span> <span class='ocrx_word' id='word_1_335' title='bbox 3227 1282 3413 1353; x_wconf 75' lang='grc' dir='ltr'>ἀνέμου</span> <span class='ocrx_word' id='word_1_336' title='bbox 3469 1281 3712 1357; x_wconf 74' lang='grc' dir='ltr'>σφοδρῶς</span> <span class='ocrx_word' id='word_1_337' title='bbox 3751 1282 3912 1354; x_wconf 83' lang='grc' dir='ltr'>ἐγκει-</span> 
     </span>
    </p>
   </div>
   <div class='ocr_carea' id='block_1_54' title="bbox 2315 1370 3914 1446">
    <p class='ocr_par' dir='ltr' id='par_1_54' title="bbox 2315 1370 3914 1446">
     <span class='ocr_line' id='line_1_54' title="bbox 2315 1370 3914 1446; baseline -0.001 -22"><span class='ocrx_word' id='word_1_338' title='bbox 2315 1377 2488 1445; x_wconf 86' lang='grc' dir='ltr'>μένου,</span> <span class='ocrx_word' id='word_1_339' title='bbox 2567 1373 2696 1424; x_wconf 87' lang='grc' dir='ltr'>πολύ</span> <span class='ocrx_word' id='word_1_340' title='bbox 2784 1370 3060 1444; x_wconf 81' lang='grc' dir='ltr'>διάστημα</span> <span class='ocrx_word' id='word_1_341' title='bbox 3147 1375 3533 1446; x_wconf 83' lang='grc' dir='ltr'>περιεπάτησαν</span> <span class='ocrx_word' id='word_1_342' title='bbox 3619 1375 3715 1436; x_wconf 81' lang='grc' dir='ltr'>ἔτι,</span> <span class='ocrx_word' id='word_1_343' title='bbox 3790 1376 3914 1445; x_wconf 77' lang='grc' dir='ltr'>πρὸς</span> 
     </span>
    </p>
   </div>
   <div class='ocr_carea' id='block_1_55' title="bbox 2314 1461 3912 1534">
    <p class='ocr_par' dir='ltr' id='par_1_55' title="bbox 2314 1461 3912 1534">
     <span class='ocr_line' id='line_1_55' title="bbox 2314 1461 3912 1534; baseline -0.001 -21"><span class='ocrx_word' id='word_1_344' title='bbox 2314 1461 2668 1534; x_wconf 75' lang='grc' dir='ltr'>πληροφορίαν</span> <span class='ocrx_word' id='word_1_345' title='bbox 2727 1469 2817 1512; x_wconf 87' lang='grc' dir='ltr'><strong>τοῦ</strong></span> <span class='ocrx_word' id='word_1_346' title='bbox 2870 1466 3087 1534; x_wconf 86' lang='grc' dir='ltr'>Πέτρου,</span> <span class='ocrx_word' id='word_1_347' title='bbox 3129 1466 3217 1512; x_wconf 91' lang='grc' dir='ltr'><strong>καί</strong></span> <span class='ocrx_word' id='word_1_348' title='bbox 3266 1461 3480 1532; x_wconf 80' lang='grc' dir='ltr'>ἔλεγχον</span> <span class='ocrx_word' id='word_1_349' title='bbox 3538 1469 3632 1520; x_wconf 78' lang='grc' dir='ltr'>τῆς</span> <span class='ocrx_word' id='word_1_350' title='bbox 3684 1461 3912 1531; x_wconf 78' lang='grc' dir='ltr'>ὀλιγοπι-</span> 
     </span>
    </p>
   </div>
   <div class='ocr_carea' id='block_1_56' title="bbox 2317 1549 3904 1623">
    <p class='ocr_par' dir='ltr' id='par_1_56' title="bbox 2317 1549 3904 1623">
     <span class='ocr_line' id='line_1_56' title="bbox 2317 1549 3904 1623; baseline -0.001 -22"><span class='ocrx_word' id='word_1_351' title='bbox 2317 1556 2466 1610; x_wconf 88' lang='grc' dir='ltr'>στίας</span> <span class='ocrx_word' id='word_1_352' title='bbox 2496 1551 2675 1604; x_wconf 72' lang='grc' dir='ltr'>αὐτοῦ.</span> <span class='ocrx_word' id='word_1_353' title='bbox 2720 1555 2856 1608; x_wconf 82' lang='grc' dir='ltr'><strong>Φησὶ</strong></span> <span class='ocrx_word' id='word_1_354' title='bbox 2889 1555 2988 1623; x_wconf 80' lang='grc' dir='ltr'><strong>γὰρ</strong></span> <span class='ocrx_word' id='word_1_355' title='bbox 3022 1553 3045 1601; x_wconf 84' lang='grc' dir='ltr'>ὁ</span> <span class='ocrx_word' id='word_1_356' title='bbox 3096 1552 3353 1618; x_wconf 82' lang='grc' dir='ltr'>Ἰωάννης,</span> <span class='ocrx_word' id='word_1_357' title='bbox 3403 1552 3483 1601; x_wconf 85' lang='grc' dir='ltr'>ὅτί</span> <span class='ocrx_word' id='word_1_358' title='bbox 3520 1549 3690 1608; x_wconf 76' lang='grc' dir='ltr'>ἤθελον</span> <span class='ocrx_word' id='word_1_359' title='bbox 3736 1549 3904 1601; x_wconf 84' lang='grc' dir='ltr'>λαϐεῖν</span> 
     </span>
    </p>
   </div>
   <div class='ocr_carea' id='block_1_57' title="bbox 2315 1636 3906 1708">
    <p class='ocr_par' dir='ltr' id='par_1_57' title="bbox 2315 1636 3906 1708">
     <span class='ocr_line' id='line_1_57' title="bbox 2315 1636 3906 1708; baseline -0.001 -17"><span class='ocrx_word' id='word_1_360' title='bbox 2315 1640 2469 1691; x_wconf 73' lang='grc' dir='ltr'>αὐτὸν</span> <span class='ocrx_word' id='word_1_361' title='bbox 2524 1640 2596 1698; x_wconf 87' lang='grc' dir='ltr'><strong>εἰς</strong></span> <span class='ocrx_word' id='word_1_362' title='bbox 2645 1642 2702 1690; x_wconf 84' lang='grc' dir='ltr'>τὸ</span> <span class='ocrx_word' id='word_1_363' title='bbox 2752 1639 2945 1704; x_wconf 84' lang='grc' dir='ltr'>πλοῖον,</span> <span class='ocrx_word' id='word_1_364' title='bbox 3003 1643 3092 1691; x_wconf 86' lang='grc' dir='ltr'>καὶ</span> <span class='ocrx_word' id='word_1_365' title='bbox 3152 1639 3328 1699; x_wconf 76' lang='grc' dir='ltr'>εὐθέως</span> <span class='ocrx_word' id='word_1_366' title='bbox 3387 1642 3442 1690; x_wconf 81' lang='grc' dir='ltr'>τὸ</span> <span class='ocrx_word' id='word_1_367' title='bbox 3489 1638 3660 1690; x_wconf 86' lang='grc' dir='ltr'>πλοῖον</span> <span class='ocrx_word' id='word_1_368' title='bbox 3715 1636 3906 1708; x_wconf 86' lang='grc' dir='ltr'>ἐγένετο</span> 
     </span>
    </p>
   </div>
   <div class='ocr_carea' id='block_1_58' title="bbox 2314 1725 3907 1801">
    <p class='ocr_par' dir='ltr' id='par_1_58' title="bbox 2314 1725 3907 1801">
     <span class='ocr_line' id='line_1_58' title="bbox 2314 1725 3907 1801; baseline 0 -23"><span class='ocrx_word' id='word_1_369' title='bbox 2314 1727 2397 1779; x_wconf 81' lang='grc' dir='ltr'><strong>ἐπὶ</strong></span> <span class='ocrx_word' id='word_1_370' title='bbox 2441 1732 2534 1785; x_wconf 80' lang='grc' dir='ltr'>τὴν</span> <span class='ocrx_word' id='word_1_371' title='bbox 2573 1736 2671 1798; x_wconf 85' lang='grc' dir='ltr'>γῆν</span> <span class='ocrx_word' id='word_1_372' title='bbox 2716 1727 2850 1799; x_wconf 64' lang='grc'><strong>(7⁸2),</strong></span> <span class='ocrx_word' id='word_1_373' title='bbox 2885 1733 2952 1787; x_wconf 87' lang='grc' dir='ltr'>εὶς</span> <span class='ocrx_word' id='word_1_374' title='bbox 3000 1729 3061 1785; x_wconf 76' lang='grc' dir='ltr'>ἦν</span> <span class='ocrx_word' id='word_1_375' title='bbox 3109 1729 3330 1798; x_wconf 79' lang='grc' dir='ltr'>ὑπῆγον.</span> <span class='ocrx_word' id='word_1_376' title='bbox 3367 1725 3646 1780; x_wconf 78' lang='grc' dir='ltr'>Κάντεῦθεν</span> <span class='ocrx_word' id='word_1_377' title='bbox 3677 1731 3907 1801; x_wconf 81' lang='grc' dir='ltr'>φανερὸν,</span> 
     </span>
    </p>
   </div>
   <div class='ocr_carea' id='block_1_59' title="bbox 2314 1815 3912 1888">
    <p class='ocr_par' dir='ltr' id='par_1_59' title="bbox 2314 1815 3912 1888">
     <span class='ocr_line' id='line_1_59' title="bbox 2314 1815 3912 1888; baseline 0 -19"><span class='ocrx_word' id='word_1_378' title='bbox 2314 1818 2412 1888; x_wconf 85' lang='grc' dir='ltr'>ὅτι,</span> <span class='ocrx_word' id='word_1_379' title='bbox 2469 1816 2690 1874; x_wconf 86' lang='grc' dir='ltr'>πλησίον</span> <span class='ocrx_word' id='word_1_380' title='bbox 2751 1824 2846 1878; x_wconf 83' lang='grc' dir='ltr'>τῆς</span> <span class='ocrx_word' id='word_1_381' title='bbox 2906 1823 3002 1886; x_wconf 87' lang='grc' dir='ltr'>γῆς</span> <span class='ocrx_word' id='word_1_382' title='bbox 3057 1820 3328 1888; x_wconf 77' lang='grc' dir='ltr'>γενομένου</span> <span class='ocrx_word' id='word_1_383' title='bbox 3394 1823 3485 1868; x_wconf 78' lang='grc' dir='ltr'><strong>τοῦ</strong></span> <span class='ocrx_word' id='word_1_384' title='bbox 3546 1815 3752 1885; x_wconf 86' lang='grc' dir='ltr'>πλοίου,</span> <span class='ocrx_word' id='word_1_385' title='bbox 3803 1821 3912 1869; x_wconf 88' lang='grc' dir='ltr'>τότε</span> 
     </span>
    </p>
   </div>
   <div class='ocr_carea' id='block_1_60' title="bbox 2312 1904 3023 1964">
    <p class='ocr_par' dir='ltr' id='par_1_60' title="bbox 2312 1904 3023 1964">
     <span class='ocr_line' id='line_1_60' title="bbox 2312 1904 3023 1964; baseline 0.001 -7"><span class='ocrx_word' id='word_1_386' title='bbox 2312 1905 2487 1957; x_wconf 85' lang='grc' dir='ltr'>λοιπὸν</span> <span class='ocrx_word' id='word_1_387' title='bbox 2510 1904 2756 1961; x_wconf 80' lang='grc' dir='ltr'>ἐνέϐησαν</span> <span class='ocrx_word' id='word_1_388' title='bbox 2784 1905 2851 1964; x_wconf 84' lang='grc' dir='ltr'><strong>εἰς</strong></span> <span class='ocrx_word' id='word_1_389' title='bbox 2878 1905 3023 1959; x_wconf 79' lang='grc' dir='ltr'>αὐτὸ.</span> 
     </span>
    </p>
   </div>
   <div class='ocr_carea' id='block_1_61' title="bbox 2386 1990 3912 2066">
    <p class='ocr_par' dir='ltr' id='par_1_61' title="bbox 2386 1990 3912 2066">
     <span class='ocr_line' id='line_1_61' title="bbox 2386 1990 3912 2066; baseline 0.001 -20"><span class='ocrx_word' id='word_1_390' title='bbox 2386 1997 2451 2046; x_wconf 87' lang='grc' dir='ltr'><strong>Οἱ</strong></span> <span class='ocrx_word' id='word_1_391' title='bbox 2503 1990 2563 2045; x_wconf 76' lang='grc' dir='ltr'><strong>δὲ</strong></span> <span class='ocrx_word' id='word_1_392' title='bbox 2618 2026 2687 2034; x_wconf 86' lang='grc'><strong><em>-</em></strong></span> <span class='ocrx_word' id='word_1_393' title='bbox 2741 1991 2801 2047; x_wconf 85' lang='grc' dir='ltr'><strong>εἴ.</strong></span> <span class='ocrx_word' id='word_1_394' title='bbox 2861 1997 2930 2045; x_wconf 84' lang='grc' dir='ltr'><strong>Τὸ</strong></span> <span class='ocrx_word' id='word_1_395' title='bbox 2997 1995 3212 2066; x_wconf 84' lang='grc' dir='ltr'>μέγεθος</span> <span class='ocrx_word' id='word_1_396' title='bbox 3269 2001 3359 2045; x_wconf 84' lang='grc' dir='ltr'><strong>τοῦ</strong></span> <span class='ocrx_word' id='word_1_397' title='bbox 3419 1995 3678 2065; x_wconf 83' lang='grc' dir='ltr'>θαύματος</span> <span class='ocrx_word' id='word_1_398' title='bbox 3733 1995 3912 2047; x_wconf 87' lang='grc' dir='ltr'>τελειο-</span> 
     </span>
    </p>
   </div>
   <div class='ocr_carea' id='block_1_62' title="bbox 2313 2081 3915 2156">
    <p class='ocr_par' dir='ltr' id='par_1_62' title="bbox 2313 2081 3915 2156">
     <span class='ocr_line' id='line_1_62' title="bbox 2313 2081 3915 2156; baseline 0.001 -23"><span class='ocrx_word' id='word_1_399' title='bbox 2313 2086 2461 2156; x_wconf 84' lang='grc' dir='ltr'>τέραν</span> <span class='ocrx_word' id='word_1_400' title='bbox 2524 2086 2696 2142; x_wconf 79' lang='grc' dir='ltr'>αὐτοῖς</span> <span class='ocrx_word' id='word_1_401' title='bbox 2756 2086 2840 2139; x_wconf 83' lang='grc' dir='ltr'>τὴν</span> <span class='ocrx_word' id='word_1_402' title='bbox 2906 2086 3086 2134; x_wconf 83' lang='grc' dir='ltr'>πίστιν</span> <span class='ocrx_word' id='word_1_403' title='bbox 3150 2081 3373 2139; x_wconf 81' lang='grc' dir='ltr'>ἐνέθηκε.</span> <span class='ocrx_word' id='word_1_404' title='bbox 3445 2088 3547 2133; x_wconf 91' lang='grc' dir='ltr'>Τοῦ</span> <span class='ocrx_word' id='word_1_405' title='bbox 3622 2085 3727 2154; x_wconf 83' lang='grc' dir='ltr'><strong>γὰρ</strong></span> <span class='ocrx_word' id='word_1_406' title='bbox 3811 2084 3915 2135; x_wconf 83' lang='grc' dir='ltr'>ἐπι-</span> 
     </span>
    </p>
   </div>
   <div class='ocr_carea' id='block_1_63' title="bbox 2312 2170 3915 2243">
    <p class='ocr_par' dir='ltr' id='par_1_63' title="bbox 2312 2170 3915 2243">
     <span class='ocr_line' id='line_1_63' title="bbox 2312 2170 3915 2243; baseline 0.001 -21"><span class='ocrx_word' id='word_1_407' title='bbox 2312 2177 2467 2243; x_wconf 79' lang='grc' dir='ltr'>τιμᾷν</span> <span class='ocrx_word' id='word_1_408' title='bbox 2524 2179 2585 2243; x_wconf 78' lang='grc' dir='ltr'>τῇ</span> <span class='ocrx_word' id='word_1_409' title='bbox 2656 2170 2894 2242; x_wconf 74' lang='grc' dir='ltr'>θαλάσση</span> <span class='ocrx_word' id='word_1_410' title='bbox 2954 2171 3130 2243; x_wconf 79' lang='grc' dir='ltr'>μεῖξον</span> <span class='ocrx_word' id='word_1_411' title='bbox 3197 2174 3254 2222; x_wconf 87' lang='grc' dir='ltr'>τὸ</span> <span class='ocrx_word' id='word_1_412' title='bbox 3306 2177 3606 2242; x_wconf 84' lang='grc' dir='ltr'>περιπατεῖν</span> <span class='ocrx_word' id='word_1_413' title='bbox 3674 2171 3750 2222; x_wconf 88' lang='grc' dir='ltr'><strong>επ’</strong></span> <span class='ocrx_word' id='word_1_414' title='bbox 3818 2173 3915 2224; x_wconf 77' lang='grc' dir='ltr'>αῦ-</span> 
     </span>
    </p>
   </div>
   <div class='ocr_carea' id='block_1_64' title="bbox 2312 2258 3914 2332">
    <p class='ocr_par' dir='ltr' id='par_1_64' title="bbox 2312 2258 3914 2332">
     <span class='ocr_line' id='line_1_64' title="bbox 2312 2258 3914 2332; baseline 0.001 -21"><span class='ocrx_word' id='word_1_415' title='bbox 2312 2267 2422 2323; x_wconf 85' lang='grc' dir='ltr'>τῆς,</span> <span class='ocrx_word' id='word_1_416' title='bbox 2475 2264 2564 2312; x_wconf 86' lang='grc' dir='ltr'>καὶ</span> <span class='ocrx_word' id='word_1_417' title='bbox 2634 2265 2706 2332; x_wconf 80' lang='grc' dir='ltr'>μὴ</span> <span class='ocrx_word' id='word_1_418' title='bbox 2795 2264 2947 2332; x_wconf 87' lang='grc' dir='ltr'>μόνον</span> <span class='ocrx_word' id='word_1_419' title='bbox 3004 2260 3156 2312; x_wconf 75' lang='grc' dir='ltr'>αὐτὸν</span> <span class='ocrx_word' id='word_1_420' title='bbox 3219 2267 3537 2332; x_wconf 78' lang='grc' dir='ltr'>περιπατεῖν,</span> <span class='ocrx_word' id='word_1_421' title='bbox 3613 2258 3744 2312; x_wconf 80' lang='grc' dir='ltr'><strong>ἀλλὰ</strong></span> <span class='ocrx_word' id='word_1_422' title='bbox 3828 2265 3914 2312; x_wconf 81' lang='grc' dir='ltr'>καὶ</span> 
     </span>
    </p>
   </div>
   <div class='ocr_carea' id='block_1_65' title="bbox 2314 2348 3909 2420">
    <p class='ocr_par' dir='ltr' id='par_1_65' title="bbox 2314 2348 3909 2420">
     <span class='ocr_line' id='line_1_65' title="bbox 2314 2348 3909 2420; baseline 0 -20"><span class='ocrx_word' id='word_1_423' title='bbox 2314 2348 2466 2420; x_wconf 82' lang='grc' dir='ltr'>ἑτέρῳ</span> <span class='ocrx_word' id='word_1_424' title='bbox 2519 2355 2670 2399; x_wconf 89' lang='grc' dir='ltr'>τοῦτο</span> <span class='ocrx_word' id='word_1_425' title='bbox 2722 2349 3067 2420; x_wconf 80' lang='grc' dir='ltr'>χαρίζεσθαι·</span> <span class='ocrx_word' id='word_1_426' title='bbox 3123 2353 3213 2400; x_wconf 87' lang='grc' dir='ltr'>καὶ</span> <span class='ocrx_word' id='word_1_427' title='bbox 3261 2352 3332 2420; x_wconf 85' lang='grc' dir='ltr'>μὴ</span> <span class='ocrx_word' id='word_1_428' title='bbox 3365 2355 3530 2400; x_wconf 86' lang='grc' dir='ltr'>ταῦτα</span> <span class='ocrx_word' id='word_1_429' title='bbox 3564 2353 3738 2420; x_wconf 87' lang='grc' dir='ltr'>μόνον,</span> <span class='ocrx_word' id='word_1_430' title='bbox 3783 2349 3909 2400; x_wconf 83' lang='grc' dir='ltr'><strong>άλλά</strong></span> 
     </span>
    </p>
   </div>
   <div class='ocr_carea' id='block_1_66' title="bbox 2312 2435 3905 2510">
    <p class='ocr_par' dir='ltr' id='par_1_66' title="bbox 2312 2435 3905 2510">
     <span class='ocr_line' id='line_1_66' title="bbox 2312 2435 3905 2510; baseline 0.002 -23"><span class='ocrx_word' id='word_1_431' title='bbox 2312 2441 2400 2488; x_wconf 83' lang='grc' dir='ltr'>καὶ</span> <span class='ocrx_word' id='word_1_432' title='bbox 2451 2435 2574 2508; x_wconf 81' lang='grc' dir='ltr'>βίας</span> <span class='ocrx_word' id='word_1_433' title='bbox 2618 2437 2805 2507; x_wconf 83' lang='grc' dir='ltr'>ἀνέμου</span> <span class='ocrx_word' id='word_1_434' title='bbox 2850 2437 3286 2508; x_wconf 77' lang='grc' dir='ltr'>καταιγιζούσης,</span> <span class='ocrx_word' id='word_1_435' title='bbox 3319 2442 3407 2489; x_wconf 77' lang='grc' dir='ltr'><strong>καὶ</strong></span> <span class='ocrx_word' id='word_1_436' title='bbox 3440 2436 3905 2510; x_wconf 80' lang='grc' dir='ltr'>ἀναμοχλευούσης</span> 
     </span>
    </p>
   </div>
   <div class='ocr_carea' id='block_1_67' title="bbox 2312 2525 3912 2600">
    <p class='ocr_par' dir='ltr' id='par_1_67' title="bbox 2312 2525 3912 2600">
     <span class='ocr_line' id='line_1_67' title="bbox 2312 2525 3912 2600; baseline 0.002 -24"><span class='ocrx_word' id='word_1_437' title='bbox 2312 2529 2406 2582; x_wconf 82' lang='grc' dir='ltr'>τὴν</span> <span class='ocrx_word' id='word_1_438' title='bbox 2481 2525 2768 2578; x_wconf 88' lang='grc' dir='ltr'>θάλασσαν.</span> <span class='ocrx_word' id='word_1_439' title='bbox 2832 2525 2963 2578; x_wconf 84' lang='grc' dir='ltr'>Ἀλλ’</span> <span class='ocrx_word' id='word_1_440' title='bbox 3023 2528 3048 2577; x_wconf 87' lang='grc' dir='ltr'>ὁ</span> <span class='ocrx_word' id='word_1_441' title='bbox 3117 2531 3207 2598; x_wconf 81' lang='grc' dir='ltr'><strong>μέν</strong></span> <span class='ocrx_word' id='word_1_442' title='bbox 3283 2532 3460 2600; x_wconf 85' lang='grc' dir='ltr'>παρὼν</span> <span class='ocrx_word' id='word_1_443' title='bbox 3542 2527 3912 2598; x_wconf 77' lang='grc' dir='ltr'>εῦαγγελιστὴς</span> 
     </span>
    </p>
   </div>
   <div class='ocr_carea' id='block_1_68' title="bbox 2313 2614 3910 2687">
    <p class='ocr_par' dir='ltr' id='par_1_68' title="bbox 2313 2614 3910 2687">
     <span class='ocr_line' id='line_1_68' title="bbox 2313 2614 3910 2687; baseline 0.002 -22"><span class='ocrx_word' id='word_1_444' title='bbox 2313 2634 2494 2686; x_wconf 78' lang='grc' dir='ltr'>φησιν,</span> <span class='ocrx_word' id='word_1_445' title='bbox 2535 2617 2614 2667; x_wconf 87' lang='grc' dir='ltr'>ὅτι</span> <span class='ocrx_word' id='word_1_446' title='bbox 2651 2622 2795 2687; x_wconf 73' lang='grc' dir='ltr'>κοινῇ</span> <span class='ocrx_word' id='word_1_447' title='bbox 2845 2618 3025 2675; x_wconf 88' lang='grc' dir='ltr'>πάντες</span> <span class='ocrx_word' id='word_1_448' title='bbox 3066 2615 3410 2687; x_wconf 74' lang='grc' dir='ltr'>ὡμολόγησαν</span> <span class='ocrx_word' id='word_1_449' title='bbox 3451 2618 3582 2669; x_wconf 80' lang='grc' dir='ltr'>Θεοῦ</span> <span class='ocrx_word' id='word_1_450' title='bbox 3629 2617 3748 2669; x_wconf 85' lang='grc' dir='ltr'><strong>Υἰὸν</strong></span> <span class='ocrx_word' id='word_1_451' title='bbox 3779 2614 3910 2669; x_wconf 85' lang='grc' dir='ltr'>εἶναι</span> 
     </span>
    </p>
   </div>
   <div class='ocr_carea' id='block_1_69' title="bbox 2313 2702 2487 2756">
    <p class='ocr_par' dir='ltr' id='par_1_69' title="bbox 2313 2702 2487 2756">
     <span class='ocr_line' id='line_1_69' title="bbox 2313 2702 2487 2756; baseline 0.017 -3"><span class='ocrx_word' id='word_1_452' title='bbox 2313 2702 2487 2756; x_wconf 75' lang='grc' dir='ltr'>αὐτόν.</span> 
     </span>
    </p>
   </div>
   <div class='ocr_carea' id='block_1_70' title="bbox 2382 2891 3902 2970">
    <p class='ocr_par' dir='ltr' id='par_1_70' title="bbox 2382 2891 3902 2970">
     <span class='ocr_line' id='line_1_70' title="bbox 2382 2891 3902 2970; baseline 0.002 -23"><span class='ocrx_word' id='word_1_453' title='bbox 2382 2895 2439 2947; x_wconf 75' lang='grc' dir='ltr'><strong>Ὀ</strong></span> <span class='ocrx_word' id='word_1_454' title='bbox 2497 2891 2556 2948; x_wconf 70' lang='grc' dir='ltr'><strong>δὲ</strong></span> <span class='ocrx_word' id='word_1_455' title='bbox 2628 2897 2839 2969; x_wconf 86' lang='grc' dir='ltr'>Μάρκος</span> <span class='ocrx_word' id='word_1_456' title='bbox 2894 2895 3072 2966; x_wconf 85' lang='grc' dir='ltr'>εἶπεν,</span> <span class='ocrx_word' id='word_1_457' title='bbox 3135 2897 3215 2948; x_wconf 88' lang='grc' dir='ltr'>ὅτι</span> <span class='ocrx_word' id='word_1_458' title='bbox 3267 2895 3564 2970; x_wconf 83' lang='grc' dir='ltr'>ἐθαύμασαν</span> <span class='ocrx_word' id='word_1_459' title='bbox 3629 2899 3712 2969; x_wconf 70' lang='grc' dir='ltr'>μὲν</span> <span class='ocrx_word' id='word_1_460' title='bbox 3747 2939 3760 2963; x_wconf 91' lang='grc'><strong>,</strong></span> <span class='ocrx_word' id='word_1_461' title='bbox 3842 2898 3902 2950; x_wconf 79' lang='grc' dir='ltr'><strong>οῦ</strong></span> 
     </span>
    </p>
   </div>
   <div class='ocr_carea' id='block_1_71' title="bbox 2317 2981 3910 3060">
    <p class='ocr_par' dir='ltr' id='par_1_71' title="bbox 2317 2981 3910 3060">
     <span class='ocr_line' id='line_1_71' title="bbox 2317 2981 3910 3060; baseline 0.001 -24"><span class='ocrx_word' id='word_1_462' title='bbox 2317 2993 2544 3042; x_wconf 83' lang='grc' dir='ltr'>συνῆκαν</span> <span class='ocrx_word' id='word_1_463' title='bbox 2615 2981 2692 3036; x_wconf 75' lang='grc' dir='ltr'><strong>δέ·</strong></span> <span class='ocrx_word' id='word_1_464' title='bbox 2747 2985 2880 3056; x_wconf 87' lang='grc' dir='ltr'>λέγει</span> <span class='ocrx_word' id='word_1_465' title='bbox 2931 2988 3054 3059; x_wconf 83' lang='grc' dir='ltr'>γὰρ,</span> <span class='ocrx_word' id='word_1_466' title='bbox 3097 2986 3177 3037; x_wconf 86' lang='grc' dir='ltr'>ὅτι</span> <span class='ocrx_word' id='word_1_467' title='bbox 3225 2991 3327 3038; x_wconf 83' lang='grc' dir='ltr'>Καὶ</span> <span class='ocrx_word' id='word_1_468' title='bbox 3378 2986 3490 3038; x_wconf 84' lang='grc' dir='ltr'>λίαν</span> <span class='ocrx_word' id='word_1_469' title='bbox 3552 2985 3606 3039; x_wconf 87' lang='grc' dir='ltr'><strong>ἐκ</strong></span> <span class='ocrx_word' id='word_1_470' title='bbox 3655 2995 3910 3060; x_wconf 77' lang='grc' dir='ltr'>περισσοῦ</span> 
     </span>
    </p>
   </div>
   <div class='ocr_carea' id='block_1_72' title="bbox 2315 3072 3913 3149">
    <p class='ocr_par' dir='ltr' id='par_1_72' title="bbox 2315 3072 3913 3149">
     <span class='ocr_line' id='line_1_72' title="bbox 2315 3072 3913 3149; baseline 0.003 -25"><span class='ocrx_word' id='word_1_471' title='bbox 2315 3072 2362 3124; x_wconf 88' lang='grc' dir='ltr'><strong>ἐν</strong></span> <span class='ocrx_word' id='word_1_472' title='bbox 2429 3073 2632 3134; x_wconf 84' lang='grc' dir='ltr'>ἑαυτοῖς</span> <span class='ocrx_word' id='word_1_473' title='bbox 2710 3072 3020 3139; x_wconf 85' lang='grc' dir='ltr'>ἐξίσταντο,</span> <span class='ocrx_word' id='word_1_474' title='bbox 3109 3079 3199 3126; x_wconf 87' lang='grc' dir='ltr'>καὶ</span> <span class='ocrx_word' id='word_1_475' title='bbox 3253 3074 3585 3147; x_wconf 80' lang='grc' dir='ltr'>ἐθαύμαζον·</span> <span class='ocrx_word' id='word_1_476' title='bbox 3679 3076 3735 3128; x_wconf 78' lang='grc' dir='ltr'><strong>ού</strong></span> <span class='ocrx_word' id='word_1_477' title='bbox 3811 3079 3913 3149; x_wconf 83' lang='grc' dir='ltr'><strong>γὰρ</strong></span> 
     </span>
    </p>
   </div>
   <div class='ocr_carea' id='block_1_73' title="bbox 2317 3160 3917 3238">
    <p class='ocr_par' dir='ltr' id='par_1_73' title="bbox 2317 3160 3917 3238">
     <span class='ocr_line' id='line_1_73' title="bbox 2317 3160 3917 3238; baseline 0.003 -26"><span class='ocrx_word' id='word_1_478' title='bbox 2317 3169 2545 3219; x_wconf 77' lang='grc' dir='ltr'>συνῆκαν</span> <span class='ocrx_word' id='word_1_479' title='bbox 2599 3160 2682 3213; x_wconf 84' lang='grc' dir='ltr'>ἐπὶ</span> <span class='ocrx_word' id='word_1_480' title='bbox 2733 3170 2838 3222; x_wconf 89' lang='grc' dir='ltr'>τοῖς</span> <span class='ocrx_word' id='word_1_481' title='bbox 2904 3163 3096 3236; x_wconf 81' lang='grc' dir='ltr'>ἄρτοις·</span> <span class='ocrx_word' id='word_1_482' title='bbox 3152 3161 3211 3222; x_wconf 82' lang='grc' dir='ltr'>ἧν</span> <span class='ocrx_word' id='word_1_483' title='bbox 3284 3167 3382 3235; x_wconf 78' lang='grc' dir='ltr'>γὰρ</span> <span class='ocrx_word' id='word_1_484' title='bbox 3440 3163 3608 3216; x_wconf 75' lang='grc' dir='ltr'>αὐτῶν</span> <span class='ocrx_word' id='word_1_485' title='bbox 3676 3166 3704 3222; x_wconf 77' lang='grc' dir='ltr'><strong>ἠ</strong></span> <span class='ocrx_word' id='word_1_486' title='bbox 3789 3185 3917 3238; x_wconf 84' lang='grc' dir='ltr'>καρ-</span> 
     </span>
    </p>
   </div>
   <div class='ocr_carea' id='block_1_74' title="bbox 2317 3247 3918 3329">
    <p class='ocr_par' dir='ltr' id='par_1_74' title="bbox 2317 3247 3918 3329">
     <span class='ocr_line' id='line_1_74' title="bbox 2317 3247 3918 3329; baseline 0.002 -27"><span class='ocrx_word' id='word_1_487' title='bbox 2317 3247 2411 3303; x_wconf 79' lang='grc' dir='ltr'>δία</span> <span class='ocrx_word' id='word_1_488' title='bbox 2479 3254 2847 3323; x_wconf 83' lang='grc' dir='ltr'>πεπωρωμένη.</span> <span class='ocrx_word' id='word_1_489' title='bbox 2923 3249 3078 3304; x_wconf 83' lang='grc' dir='ltr'>Ἔστι</span> <span class='ocrx_word' id='word_1_490' title='bbox 3153 3249 3212 3304; x_wconf 77' lang='grc' dir='ltr'><strong>δὲ</strong></span> <span class='ocrx_word' id='word_1_491' title='bbox 3288 3254 3313 3304; x_wconf 87' lang='grc' dir='ltr'><strong><em>ὁ</em></strong></span> <span class='ocrx_word' id='word_1_492' title='bbox 3386 3261 3504 3315; x_wconf 83' lang='grc' dir='ltr'>νοῦς</span> <span class='ocrx_word' id='word_1_493' title='bbox 3576 3262 3675 3306; x_wconf 83' lang='grc' dir='ltr'>τῶν</span> <span class='ocrx_word' id='word_1_494' title='bbox 3745 3255 3918 3329; x_wconf 81' lang='grc' dir='ltr'>ῥητῶν</span> 
     </span>
    </p>
   </div>
   <div class='ocr_carea' id='block_1_75' title="bbox 2315 3339 3920 3417">
    <p class='ocr_par' dir='ltr' id='par_1_75' title="bbox 2315 3339 3920 3417">
     <span class='ocr_line' id='line_1_75' title="bbox 2315 3339 3920 3417; baseline 0.002 -27"><span class='ocrx_word' id='word_1_495' title='bbox 2315 3347 2567 3404; x_wconf 90' lang='grc' dir='ltr'>τοιοῦτος,</span> <span class='ocrx_word' id='word_1_496' title='bbox 2618 3341 2697 3391; x_wconf 89' lang='grc' dir='ltr'>ὅτι</span> <span class='ocrx_word' id='word_1_497' title='bbox 2744 3339 3238 3412; x_wconf 72' lang='grc' dir='ltr'>ὑπερεξέπληττοντο</span> <span class='ocrx_word' id='word_1_498' title='bbox 3296 3341 3467 3407; x_wconf 76' lang='grc' dir='ltr'>αὐτὸν,</span> <span class='ocrx_word' id='word_1_499' title='bbox 3519 3345 3586 3404; x_wconf 85' lang='grc' dir='ltr'><strong>ὡς</strong></span> <span class='ocrx_word' id='word_1_500' title='bbox 3648 3345 3920 3417; x_wconf 76' lang='grc' dir='ltr'>ἄνθρωπον</span> 
     </span>
    </p>
   </div>
   <div class='ocr_carea' id='block_1_76' title="bbox 2315 3423 3922 3506">
    <p class='ocr_par' dir='ltr' id='par_1_76' title="bbox 2315 3423 3922 3506">
     <span class='ocr_line' id='line_1_76' title="bbox 2315 3423 3922 3506; baseline 0.003 -27"><span class='ocrx_word' id='word_1_501' title='bbox 2315 3435 2533 3480; x_wconf 80' lang='grc' dir='ltr'>τοιαῦτα</span> <span class='ocrx_word' id='word_1_502' title='bbox 2604 3423 2904 3498; x_wconf 76' lang='grc' dir='ltr'>δυνάμενον·</span> <span class='ocrx_word' id='word_1_503' title='bbox 2966 3425 3080 3480; x_wconf 82' lang='grc' dir='ltr'>δέον</span> <span class='ocrx_word' id='word_1_504' title='bbox 3145 3429 3260 3500; x_wconf 87' lang='lat'><strong>(73)</strong></span> <span class='ocrx_word' id='word_1_505' title='bbox 3329 3429 3562 3495; x_wconf 86' lang='grc' dir='ltr'>μάλιστα</span> <span class='ocrx_word' id='word_1_506' title='bbox 3607 3441 3922 3506; x_wconf 81' lang='grc' dir='ltr'>προσκυνεῖν</span> 
     </span>
    </p>
   </div>
   <div class='ocr_carea' id='block_1_77' title="bbox 2316 3514 3919 3592">
    <p class='ocr_par' dir='ltr' id='par_1_77' title="bbox 2316 3514 3919 3592">
     <span class='ocr_line' id='line_1_77' title="bbox 2316 3514 3919 3592; baseline 0.002 -23"><span class='ocrx_word' id='word_1_507' title='bbox 2316 3517 2492 3584; x_wconf 75' lang='grc' dir='ltr'>αὑτὸν,</span> <span class='ocrx_word' id='word_1_508' title='bbox 2525 3518 2590 3578; x_wconf 86' lang='grc' dir='ltr'>ὡς</span> <span class='ocrx_word' id='word_1_509' title='bbox 2617 3520 2744 3568; x_wconf 84' lang='grc' dir='ltr'>Θεὸν</span> <span class='ocrx_word' id='word_1_510' title='bbox 2788 3519 2958 3568; x_wconf 89' lang='grc' dir='ltr'>πάντα</span> <span class='ocrx_word' id='word_1_511' title='bbox 3001 3514 3305 3590; x_wconf 70' lang='grc' dir='ltr'>δυνάμενον.</span> <span class='ocrx_word' id='word_1_512' title='bbox 3339 3518 3594 3592; x_wconf 78' lang='grc' dir='ltr'>Ἐμφῆναι</span> <span class='ocrx_word' id='word_1_513' title='bbox 3635 3517 3694 3573; x_wconf 81' lang='grc' dir='ltr'><strong>δὲ</strong></span> <span class='ocrx_word' id='word_1_514' title='bbox 3741 3521 3919 3591; x_wconf 86' lang='grc' dir='ltr'>θέλων,</span> 
     </span>
    </p>
   </div>
   <div class='ocr_carea' id='block_1_78' title="bbox 2317 3601 3927 3684">
    <p class='ocr_par' dir='ltr' id='par_1_78' title="bbox 2317 3601 3927 3684">
     <span class='ocr_line' id='line_1_78' title="bbox 2317 3601 3927 3684; baseline 0.002 -25"><span class='ocrx_word' id='word_1_515' title='bbox 2317 3608 2396 3659; x_wconf 88' lang='grc' dir='ltr'>ὅτι</span> <span class='ocrx_word' id='word_1_516' title='bbox 2446 3601 2560 3657; x_wconf 77' lang='grc' dir='ltr'><strong>οὐδ’</strong></span> <span class='ocrx_word' id='word_1_517' title='bbox 2604 3605 2690 3657; x_wconf 76' lang='grc' dir='ltr'>ἑτι-ί</span> <span class='ocrx_word' id='word_1_518' title='bbox 2741 3613 2802 3678; x_wconf 77' lang='grc' dir='ltr'><strong>τῇ</strong></span> <span class='ocrx_word' id='word_1_519' title='bbox 2852 3605 3186 3680; x_wconf 77' lang='grc' dir='ltr'>προλαϐούση</span> <span class='ocrx_word' id='word_1_520' title='bbox 3237 3609 3632 3682; x_wconf 78' lang='grc' dir='ltr'>θαυματουργία</span> <span class='ocrx_word' id='word_1_521' title='bbox 3681 3618 3779 3661; x_wconf 84' lang='grc' dir='ltr'>τῶν</span> <span class='ocrx_word' id='word_1_522' title='bbox 3827 3612 3927 3684; x_wconf 79' lang='grc' dir='ltr'><strong>ἄρ-</strong></span> 
     </span>
    </p>
   </div>
   <div class='ocr_carea' id='block_1_79' title="bbox 2318 3692 3925 3769">
    <p class='ocr_par' dir='ltr' id='par_1_79' title="bbox 2318 3692 3925 3769">
     <span class='ocr_line' id='line_1_79' title="bbox 2318 3692 3925 3769; baseline 0.004 -25"><span class='ocrx_word' id='word_1_523' title='bbox 2318 3701 2417 3744; x_wconf 83' lang='grc' dir='ltr'>τῶν</span> <span class='ocrx_word' id='word_1_524' title='bbox 2467 3696 2752 3766; x_wconf 82' lang='grc' dir='ltr'>μετέμαθον</span> <span class='ocrx_word' id='word_1_525' title='bbox 2801 3698 2858 3747; x_wconf 82' lang='grc' dir='ltr'>τὸ</span> <span class='ocrx_word' id='word_1_526' title='bbox 2905 3692 3038 3762; x_wconf 78' lang='grc' dir='ltr'>δέον,</span> <span class='ocrx_word' id='word_1_527' title='bbox 3068 3699 3408 3769; x_wconf 88' lang='grc' dir='ltr'>προσέθηκεν,</span> <span class='ocrx_word' id='word_1_528' title='bbox 3445 3701 3524 3750; x_wconf 86' lang='grc' dir='ltr'>ὅτι</span> <span class='ocrx_word' id='word_1_529' title='bbox 3579 3698 3636 3750; x_wconf 82' lang='grc' dir='ltr'><strong>ού</strong></span> <span class='ocrx_word' id='word_1_530' title='bbox 3687 3707 3925 3757; x_wconf 80' lang='grc' dir='ltr'>συνῆκαν</span> 
     </span>
    </p>
   </div>
   <div class='ocr_carea' id='block_1_80' title="bbox 557 3778 2210 3858">
    <p class='ocr_par' dir='ltr' id='par_1_80' title="bbox 557 3783 2210 3856">
     <span class='ocr_line' id='line_1_80' title="bbox 557 3783 2210 3856; baseline 0.004 -16"><span class='ocrx_word' id='word_1_531' title='bbox 557 3784 619 3840; x_wconf 92' lang='lat' dir='ltr'><strong>id</strong></span> <span class='ocrx_word' id='word_1_532' title='bbox 649 3784 812 3856; x_wconf 88' lang='lat' dir='ltr'><strong>quod</strong></span> <span class='ocrx_word' id='word_1_533' title='bbox 843 3784 1116 3855; x_wconf 86' lang='lat' dir='ltr'><strong>oportuit,</strong></span> <span class='ocrx_word' id='word_1_534' title='bbox 1150 3783 1382 3840; x_wconf 89' lang='lat' dir='ltr'><strong>addidit</strong></span> <span class='ocrx_word' id='word_1_535' title='bbox 1408 3783 1572 3855; x_wconf 92' lang='lat' dir='ltr'><strong>quod</strong></span> <span class='ocrx_word' id='word_1_536' title='bbox 1625 3799 1746 3839; x_wconf 93' lang='lat' dir='ltr'><strong>non</strong></span> <span class='ocrx_word' id='word_1_537' title='bbox 1800 3787 2210 3846; x_wconf 86' lang='lat' dir='ltr'><strong>intellexerunt</strong></span> 
     </span>
    </p>
   </div>
   <div class='ocr_carea' id='block_1_81' title="bbox 2319 3778 3927 3858">
    <p class='ocr_par' dir='ltr' id='par_1_81' title="bbox 2321 3778 3927 3858">
     <span class='ocr_line' id='line_1_81' title="bbox 2321 3778 3927 3858; baseline 0.004 -24"><span class='ocrx_word' id='word_1_538' title='bbox 2321 3778 2444 3834; x_wconf 70' lang='grc' dir='ltr'>οὐδε</span> <span class='ocrx_word' id='word_1_539' title='bbox 2473 3781 2583 3854; x_wconf 75' lang='grc'><strong>(74)</strong></span> <span class='ocrx_word' id='word_1_540' title='bbox 2616 3782 2698 3835; x_wconf 86' lang='grc' dir='ltr'>ἐπὶ</span> <span class='ocrx_word' id='word_1_541' title='bbox 2727 3790 2836 3846; x_wconf 86' lang='grc' dir='ltr'>τοῖς</span> <span class='ocrx_word' id='word_1_542' title='bbox 2886 3785 3085 3858; x_wconf 77' lang='grc' dir='ltr'>ἄρτοιςο</span> <span class='ocrx_word' id='word_1_543' title='bbox 3125 3785 3386 3858; x_wconf 77' lang='grc' dir='ltr'>Ἐπηγαγε</span> <span class='ocrx_word' id='word_1_544' title='bbox 3412 3783 3470 3839; x_wconf 74' lang='grc' dir='ltr'><strong>δὲ</strong></span> <span class='ocrx_word' id='word_1_545' title='bbox 3498 3791 3585 3838; x_wconf 78' lang='grc' dir='ltr'>καὶ</span> <span class='ocrx_word' id='word_1_546' title='bbox 3609 3792 3702 3846; x_wconf 82' lang='grc' dir='ltr'>τὴν</span> <span class='ocrx_word' id='word_1_547' title='bbox 3746 3793 3927 3842; x_wconf 82' lang='grc' dir='ltr'>αἰτίαν</span> 
     </span>
    </p>
   </div>
   <div class='ocr_carea' id='block_1_82' title="bbox 559 3872 2212 3945">
    <p class='ocr_par' dir='ltr' id='par_1_82' title="bbox 559 3872 2212 3945">
     <span class='ocr_line' id='line_1_82' title="bbox 559 3872 2212 3945; baseline 0.002 -14"><span class='ocrx_word' id='word_1_548' title='bbox 559 3889 754 3945; x_wconf 89' lang='lat' dir='ltr'><strong>neque</strong></span> <span class='ocrx_word' id='word_1_549' title='bbox 781 3873 851 3928; x_wconf 90' lang='lat' dir='ltr'><strong>de</strong></span> <span class='ocrx_word' id='word_1_550' title='bbox 876 3873 1159 3944; x_wconf 90' lang='lat' dir='ltr'><strong>panibus.</strong></span> <span class='ocrx_word' id='word_1_551' title='bbox 1191 3872 1449 3928; x_wconf 85' lang='lat' dir='ltr'><strong>Adduxit</strong></span> <span class='ocrx_word' id='word_1_552' title='bbox 1471 3877 1671 3928; x_wconf 89' lang='lat' dir='ltr'><strong>autem</strong></span> <span class='ocrx_word' id='word_1_553' title='bbox 1699 3890 1941 3932; x_wconf 89' lang='lat' dir='ltr'><strong>causam</strong></span> <span class='ocrx_word' id='word_1_554' title='bbox 1968 3895 2072 3934; x_wconf 87' lang='lat' dir='ltr'><strong>cur</strong></span> <span class='ocrx_word' id='word_1_555' title='bbox 2091 3895 2212 3934; x_wconf 89' lang='lat' dir='ltr'><strong>non</strong></span> 
     </span>
    </p>
   </div>
   <div class='ocr_carea' id='block_1_83' title="bbox 1350 3963 2212 4024">
    <p class='ocr_par' dir='ltr' id='par_1_83' title="bbox 1350 3963 2212 4024">
     <span class='ocr_line' id='line_1_83' title="bbox 1350 3963 2212 4024; baseline 0.009 -8"><span class='ocrx_word' id='word_1_556' title='bbox 1350 3963 1502 4017; x_wconf 74' lang='lat' dir='ltr'><strong>Erat</strong></span> <span class='ocrx_word' id='word_1_557' title='bbox 1557 3978 1654 4017; x_wconf 78' lang='lat' dir='ltr'><strong>cor</strong></span> <span class='ocrx_word' id='word_1_558' title='bbox 1700 3978 1897 4022; x_wconf 82' lang='lat' dir='ltr'><strong>eorum</strong></span> <span class='ocrx_word' id='word_1_559' title='bbox 1958 3969 2212 4024; x_wconf 78' lang='lat' dir='ltr'><strong>obcaeca-</strong></span> 
     </span>
    </p>
   </div>
   <div class='ocr_carea' id='block_1_84' title="bbox 561 3961 1296 4027">
    <p class='ocr_par' dir='ltr' id='par_1_84' title="bbox 561 3961 1296 4027">
     <span class='ocr_line' id='line_1_84' title="bbox 561 3961 1296 4027; baseline 0 -10"><span class='ocrx_word' id='word_1_560' title='bbox 561 3961 995 4027; x_wconf 88' lang='lat' dir='ltr'><strong>intellexerunt,</strong></span> <span class='ocrx_word' id='word_1_561' title='bbox 1035 3962 1240 4017; x_wconf 91' lang='lat' dir='ltr'><strong>dicens</strong></span> <span class='ocrx_word' id='word_1_562' title='bbox 1279 3979 1296 4017; x_wconf 92' lang='lat'><strong><em>:</em></strong></span> 
     </span>
    </p>
   </div>
   <div class='ocr_carea' id='block_1_85' title="bbox 564 4057 701 4106">
    <p class='ocr_par' dir='ltr' id='par_1_85' title="bbox 564 4057 701 4106">
     <span class='ocr_line' id='line_1_85' title="bbox 564 4057 701 4106; baseline -0.015 0"><span class='ocrx_word' id='word_1_563' title='bbox 564 4057 701 4106; x_wconf 81' lang='lat' dir='ltr'><strong>tum.</strong></span> 
     </span>
    </p>
   </div>
   <div class='ocr_carea' id='block_1_86' title="bbox 636 4152 2218 4226">
    <p class='ocr_par' dir='ltr' id='par_1_86' title="bbox 636 4152 2218 4226">
     <span class='ocr_line' id='line_1_86' title="bbox 636 4152 2218 4226; baseline 0.006 -18"><span class='ocrx_word' id='word_1_564' title='bbox 636 4156 754 4209; x_wconf 91' lang='lat' dir='ltr'><strong>Nos</strong></span> <span class='ocrx_word' id='word_1_565' title='bbox 803 4158 1004 4208; x_wconf 90' lang='lat' dir='ltr'><strong>tamen</strong></span> <span class='ocrx_word' id='word_1_566' title='bbox 1044 4152 1299 4207; x_wconf 89' lang='lat' dir='ltr'><strong>dicimus</strong></span> <span class='ocrx_word' id='word_1_567' title='bbox 1356 4153 1520 4222; x_wconf 90' lang='lat' dir='ltr'><strong>quod</strong></span> <span class='ocrx_word' id='word_1_568' title='bbox 1587 4155 1764 4209; x_wconf 89' lang='lat' dir='ltr'><strong>simul</strong></span> <span class='ocrx_word' id='word_1_569' title='bbox 1804 4162 1861 4212; x_wconf 88' lang='lat' dir='ltr'><strong>ut</strong></span> <span class='ocrx_word' id='word_1_570' title='bbox 1917 4160 2218 4226; x_wconf 74' lang='lat' dir='ltr'><strong>ingressus</strong></span> 
     </span>
    </p>
   </div>
   <div class='ocr_carea' id='block_1_87' title="bbox 568 4225 2216 4319">
    <p class='ocr_par' dir='ltr' id='par_1_87' title="bbox 568 4225 2216 4319">
     <span class='ocr_line' id='line_1_87' title="bbox 568 4225 2216 4319; baseline 0.006 -24"><span class='ocrx_word' id='word_1_571' title='bbox 568 4247 659 4296; x_wconf 88' lang='lat' dir='ltr'><strong>est</strong></span> <span class='ocrx_word' id='word_1_572' title='bbox 683 4241 885 4295; x_wconf 89' lang='lat' dir='ltr'><strong>navim</strong></span> <span class='ocrx_word' id='word_1_573' title='bbox 905 4239 1100 4304; x_wconf 87' lang='lat' dir='ltr'><strong>Jesus,</strong></span> <span class='ocrx_word' id='word_1_574' title='bbox 1129 4239 1505 4308; x_wconf 90' lang='lat' dir='ltr'><strong>contigerunt</strong></span> <span class='ocrx_word' id='word_1_575' title='bbox 1527 4256 1599 4295; x_wconf 88' lang='lat' dir='ltr'><strong>ea</strong></span> <span class='ocrx_word' id='word_1_576' title='bbox 1624 4258 1758 4314; x_wconf 85' lang='lat' dir='ltr'><strong>quae</strong></span> <span class='ocrx_word' id='word_1_577' title='bbox 1780 4244 1930 4301; x_wconf 84' lang='lat' dir='ltr'><strong>dixit</strong></span> <span class='ocrx_word' id='word_1_578' title='bbox 1956 4225 2176 4306; x_wconf 77' lang='lat' dir='ltr'><strong>Marcus</strong></span> <span class='ocrx_word' id='word_1_579' title='bbox 2203 4271 2216 4319; x_wconf 89' lang='lat'><strong>;</strong></span> 
     </span>
    </p>
   </div>
   <div class='ocr_carea' id='block_1_88' title="bbox 567 4326 2219 4408">
    <p class='ocr_par' dir='ltr' id='par_1_88' title="bbox 567 4326 2219 4408">
     <span class='ocr_line' id='line_1_88' title="bbox 567 4326 2219 4408; baseline 0.007 -25"><span class='ocrx_word' id='word_1_580' title='bbox 567 4328 783 4384; x_wconf 92' lang='lat' dir='ltr'><strong>deinde</strong></span> <span class='ocrx_word' id='word_1_581' title='bbox 835 4326 1128 4384; x_wconf 89' lang='lat' dir='ltr'><strong>dissoluta</strong></span> <span class='ocrx_word' id='word_1_582' title='bbox 1157 4327 1435 4394; x_wconf 74' lang='lat' dir='ltr'><strong>caecitate,</strong></span> <span class='ocrx_word' id='word_1_583' title='bbox 1469 4327 1621 4385; x_wconf 86' lang='lat' dir='ltr'><strong>facta</strong></span> <span class='ocrx_word' id='word_1_584' title='bbox 1649 4337 1786 4389; x_wconf 90' lang='lat' dir='ltr'><strong>sunt</strong></span> <span class='ocrx_word' id='word_1_585' title='bbox 1816 4350 1886 4391; x_wconf 88' lang='lat' dir='ltr'><strong>ea</strong></span> <span class='ocrx_word' id='word_1_586' title='bbox 1914 4353 2049 4408; x_wconf 80' lang='lat' dir='ltr'><strong>quae</strong></span> <span class='ocrx_word' id='word_1_587' title='bbox 2080 4341 2219 4396; x_wconf 88' lang='lat' dir='ltr'><strong>scri-</strong></span> 
     </span>
    </p>
   </div>
   <div class='ocr_carea' id='block_1_89' title="bbox 566 4415 2224 4497">
    <p class='ocr_par' dir='ltr' id='par_1_89' title="bbox 566 4415 2224 4497">
     <span class='ocr_line' id='line_1_89' title="bbox 566 4415 2224 4497; baseline 0.001 -27"><span class='ocrx_word' id='word_1_588' title='bbox 566 4418 685 4490; x_wconf 89' lang='lat' dir='ltr'><strong>psit</strong></span> <span class='ocrx_word' id='word_1_589' title='bbox 735 4415 1061 4471; x_wconf 72' lang='lat' dir='ltr'><strong>Matthaeus.</strong></span> <span class='ocrx_word' id='word_1_590' title='bbox 1119 4416 1275 4472; x_wconf 89' lang='lat' dir='ltr'><strong>Scire</strong></span> <span class='ocrx_word' id='word_1_591' title='bbox 1323 4416 1482 4472; x_wconf 87' lang='lat' dir='ltr'><strong>enim</strong></span> <span class='ocrx_word' id='word_1_592' title='bbox 1526 4425 1774 4491; x_wconf 80' lang='lat' dir='ltr'><strong>oportet,</strong></span> <span class='ocrx_word' id='word_1_593' title='bbox 1827 4427 1989 4497; x_wconf 85' lang='lat' dir='ltr'><strong>quod</strong></span> <span class='ocrx_word' id='word_1_594' title='bbox 2044 4428 2224 4485; x_wconf 64' lang='lat' dir='ltr'><strong>inter.</strong></span> 
     </span>
    </p>
   </div>
   <div class='ocr_carea' id='block_1_90' title="bbox 569 4504 2220 4590">
    <p class='ocr_par' dir='ltr' id='par_1_90' title="bbox 569 4504 2220 4590">
     <span class='ocr_line' id='line_1_90' title="bbox 569 4504 2220 4590; baseline 0.008 -29"><span class='ocrx_word' id='word_1_595' title='bbox 569 4507 718 4562; x_wconf 91' lang='lat' dir='ltr'><strong>dum</strong></span> <span class='ocrx_word' id='word_1_596' title='bbox 748 4504 993 4577; x_wconf 91' lang='lat' dir='ltr'><strong>quidem</strong></span> <span class='ocrx_word' id='word_1_597' title='bbox 1026 4505 1336 4561; x_wconf 88' lang='lat' dir='ltr'><strong>tenebatur</strong></span> <span class='ocrx_word' id='word_1_598' title='bbox 1361 4523 1463 4563; x_wconf 92' lang='lat' dir='ltr'><strong>cor</strong></span> <span class='ocrx_word' id='word_1_599' title='bbox 1490 4509 1943 4582; x_wconf 84' lang='lat' dir='ltr'><strong>discipulorum,</strong></span> <span class='ocrx_word' id='word_1_600' title='bbox 1979 4533 2087 4572; x_wconf 90' lang='lat' dir='ltr'><strong>nec</strong></span> <span class='ocrx_word' id='word_1_601' title='bbox 2118 4534 2220 4590; x_wconf 91' lang='lat' dir='ltr'><strong>po-</strong></span> 
     </span>
    </p>
   </div>
   <div class='ocr_carea' id='block_1_91' title="bbox 570 4592 2223 4669">
    <p class='ocr_par' dir='ltr' id='par_1_91' title="bbox 570 4592 2223 4669">
     <span class='ocr_line' id='line_1_91' title="bbox 570 4592 2223 4669; baseline 0.009 -19"><span class='ocrx_word' id='word_1_602' title='bbox 570 4598 765 4650; x_wconf 90' lang='lat' dir='ltr'><strong>terant</strong></span> <span class='ocrx_word' id='word_1_603' title='bbox 794 4592 1120 4661; x_wconf 82' lang='lat' dir='ltr'><strong>intelligere</strong></span> <span class='ocrx_word' id='word_1_604' title='bbox 1153 4610 1165 4648; x_wconf 92' lang='lat'><strong>:</strong></span> <span class='ocrx_word' id='word_1_605' title='bbox 1199 4597 1564 4669; x_wconf 91' lang='lat' dir='ltr'><strong>quandoque</strong></span> <span class='ocrx_word' id='word_1_606' title='bbox 1597 4616 1735 4655; x_wconf 91' lang='lat' dir='ltr'><strong>vero</strong></span> <span class='ocrx_word' id='word_1_607' title='bbox 1769 4605 2112 4662; x_wconf 86' lang='lat' dir='ltr'><strong>solvebatur</strong></span> <span class='ocrx_word' id='word_1_608' title='bbox 2168 4615 2223 4665; x_wconf 91' lang='lat' dir='ltr'><strong>et</strong></span> 
     </span>
    </p>
   </div>
   <div class='ocr_carea' id='block_1_92' title="bbox 573 4682 2220 4766">
    <p class='ocr_par' dir='ltr' id='par_1_92' title="bbox 573 4682 2220 4766">
     <span class='ocr_line' id='line_1_92' title="bbox 573 4682 2220 4766; baseline 0.009 -28"><span class='ocrx_word' id='word_1_609' title='bbox 573 4682 975 4754; x_wconf 85' lang='lat' dir='ltr'><strong>intelligebant</strong></span> <span class='ocrx_word' id='word_1_610' title='bbox 1015 4699 1028 4748; x_wconf 91' lang='lat'><strong>;</strong></span> <span class='ocrx_word' id='word_1_611' title='bbox 1072 4689 1388 4756; x_wconf 90' lang='lat' dir='ltr'><strong>utrumque</strong></span> <span class='ocrx_word' id='word_1_612' title='bbox 1428 4692 1628 4743; x_wconf 90' lang='lat' dir='ltr'><strong>autem</strong></span> <span class='ocrx_word' id='word_1_613' title='bbox 1668 4689 1871 4748; x_wconf 87' lang='lat' dir='ltr'><strong>divina</strong></span> <span class='ocrx_word' id='word_1_614' title='bbox 1910 4695 2220 4766; x_wconf 88' lang='lat' dir='ltr'><strong>dispensa-</strong></span> 
     </span>
    </p>
   </div>
   <div class='ocr_carea' id='block_1_93' title="bbox 570 4772 2223 4855">
    <p class='ocr_par' dir='ltr' id='par_1_93' title="bbox 570 4772 2223 4855">
     <span class='ocr_line' id='line_1_93' title="bbox 570 4772 2223 4855; baseline 0.007 -27"><span class='ocrx_word' id='word_1_615' title='bbox 570 4772 730 4828; x_wconf 88' lang='lat' dir='ltr'><strong>tione</strong></span> <span class='ocrx_word' id='word_1_616' title='bbox 769 4772 1170 4842; x_wconf 88' lang='lat' dir='ltr'><strong>contingebat.</strong></span> <span class='ocrx_word' id='word_1_617' title='bbox 1205 4773 1271 4828; x_wconf 92' lang='lat' dir='ltr'><strong>Et</strong></span> <span class='ocrx_word' id='word_1_618' title='bbox 1298 4789 1409 4830; x_wconf 91' lang='lat' dir='ltr'><strong>nos</strong></span> <span class='ocrx_word' id='word_1_619' title='bbox 1439 4791 1582 4846; x_wconf 89' lang='lat' dir='ltr'><strong>ergo</strong></span> <span class='ocrx_word' id='word_1_620' title='bbox 1613 4793 1752 4834; x_wconf 91' lang='lat' dir='ltr'><strong>cum</strong></span> <span class='ocrx_word' id='word_1_621' title='bbox 1797 4782 2062 4855; x_wconf 88' lang='lat' dir='ltr'><strong>demergi</strong></span> <span class='ocrx_word' id='word_1_622' title='bbox 2116 4803 2223 4840; x_wconf 83' lang='lat' dir='ltr'><strong>coe-</strong></span> 
     </span>
    </p>
   </div>
   <div class='ocr_carea' id='block_1_94' title="bbox 570 4862 2223 4937">
    <p class='ocr_par' dir='ltr' id='par_1_94' title="bbox 570 4862 2223 4937">
     <span class='ocr_line' id='line_1_94' title="bbox 570 4862 2223 4937; baseline 0.01 -21"><span class='ocrx_word' id='word_1_623' title='bbox 570 4862 836 4934; x_wconf 88' lang='lat' dir='ltr'><strong>perimus</strong></span> <span class='ocrx_word' id='word_1_624' title='bbox 865 4864 1211 4931; x_wconf 88' lang='lat' dir='ltr'><strong>tempestate</strong></span> <span class='ocrx_word' id='word_1_625' title='bbox 1237 4864 1751 4933; x_wconf 90' lang='lat' dir='ltr'><strong>perturbationum</strong></span> <span class='ocrx_word' id='word_1_626' title='bbox 1785 4871 1990 4937; x_wconf 89' lang='lat' dir='ltr'><strong>animi,</strong></span> <span class='ocrx_word' id='word_1_627' title='bbox 2019 4874 2223 4934; x_wconf 87' lang='lat' dir='ltr'><strong>Jesum</strong></span> 
     </span>
    </p>
   </div>
   <div class='ocr_carea' id='block_1_95' title="bbox 647 5011 1127 5074">
    <p class='ocr_par' dir='ltr' id='par_1_95' title="bbox 647 5011 1127 5074">
     <span class='ocr_line' id='line_1_95' title="bbox 647 5011 1127 5074; baseline 0.006 -10"><span class='ocrx_word' id='word_1_628' title='bbox 647 5013 688 5045; x_wconf 70' lang='lat'><strong>‘7</strong></span> <span class='ocrx_word' id='word_1_629' title='bbox 726 5011 905 5065; x_wconf 90' lang='lat' dir='ltr'><strong>Marc.</strong></span> <span class='ocrx_word' id='word_1_630' title='bbox 928 5026 1005 5074; x_wconf 70' lang='lat' dir='ltr'><strong>vn,</strong></span> <span class='ocrx_word' id='word_1_631' title='bbox 1037 5011 1127 5067; x_wconf 86' lang='grc'><strong>51.</strong></span> 
     </span>
    </p>
   </div>
   <div class='ocr_carea' id='block_1_96' title="bbox 2323 3873 3930 3950">
    <p class='ocr_par' dir='ltr' id='par_1_96' title="bbox 2323 3873 3930 3950">
     <span class='ocr_line' id='line_1_96' title="bbox 2323 3873 3930 3950; baseline 0.005 -28"><span class='ocrx_word' id='word_1_632' title='bbox 2323 3879 2414 3923; x_wconf 87' lang='grc' dir='ltr'><strong>τοῦ</strong></span> <span class='ocrx_word' id='word_1_633' title='bbox 2469 3876 2540 3944; x_wconf 82' lang='grc' dir='ltr'>μή</span> <span class='ocrx_word' id='word_1_634' title='bbox 2594 3877 2835 3938; x_wconf 85' lang='grc' dir='ltr'>συνιέναι,</span> <span class='ocrx_word' id='word_1_635' title='bbox 2892 3873 3128 3946; x_wconf 84' lang='grc' dir='ltr'>εἰρηκὼς,</span> <span class='ocrx_word' id='word_1_636' title='bbox 3169 3873 3250 3926; x_wconf 86' lang='grc' dir='ltr'>ὃτι</span> <span class='ocrx_word' id='word_1_637' title='bbox 3295 3874 3389 3928; x_wconf 83' lang='grc' dir='ltr'>Ἦν</span> <span class='ocrx_word' id='word_1_638' title='bbox 3433 3878 3462 3934; x_wconf 81' lang='grc' dir='ltr'>ἡ</span> <span class='ocrx_word' id='word_1_639' title='bbox 3514 3873 3710 3950; x_wconf 83' lang='grc' dir='ltr'>καρδία</span> <span class='ocrx_word' id='word_1_640' title='bbox 3753 3878 3930 3930; x_wconf 72' lang='grc' dir='ltr'>αὐτῶν</span> 
     </span>
    </p>
   </div>
   <div class='ocr_carea' id='block_1_97' title="bbox 2324 3965 2694 4036">
    <p class='ocr_par' dir='ltr' id='par_1_97' title="bbox 2324 3965 2694 4036">
     <span class='ocr_line' id='line_1_97' title="bbox 2324 3965 2694 4036; baseline 0.005 -24"><span class='ocrx_word' id='word_1_641' title='bbox 2324 3965 2694 4036; x_wconf 82' lang='grc' dir='ltr'>πεπωρωμένη.</span> 
     </span>
    </p>
   </div>
   <div class='ocr_carea' id='block_1_98' title="bbox 2402 4169 3935 4252">
    <p class='ocr_par' dir='ltr' id='par_1_98' title="bbox 2402 4169 3935 4252">
     <span class='ocr_line' id='line_1_98' title="bbox 2402 4169 3935 4252; baseline 0.008 -29"><span class='ocrx_word' id='word_1_642' title='bbox 2402 4177 2628 4243; x_wconf 85' lang='grc' dir='ltr'>Λέγομεν</span> <span class='ocrx_word' id='word_1_643' title='bbox 2673 4169 2732 4225; x_wconf 71' lang='grc' dir='ltr'><strong>δὲ</strong></span> <span class='ocrx_word' id='word_1_644' title='bbox 2783 4175 2953 4246; x_wconf 79' lang='grc' dir='ltr'>ἡμεῖς,</span> <span class='ocrx_word' id='word_1_645' title='bbox 2998 4175 3075 4227; x_wconf 86' lang='grc' dir='ltr'>ὅτι</span> <span class='ocrx_word' id='word_1_646' title='bbox 3143 4174 3252 4248; x_wconf 81' lang='grc' dir='ltr'>ἁμα</span> <span class='ocrx_word' id='word_1_647' title='bbox 3317 4178 3406 4249; x_wconf 71' lang='grc' dir='ltr'>μὲν</span> <span class='ocrx_word' id='word_1_648' title='bbox 3452 4185 3523 4248; x_wconf 84' lang='grc' dir='ltr'>τῷ</span> <span class='ocrx_word' id='word_1_649' title='bbox 3582 4177 3803 4252; x_wconf 81' lang='grc' dir='ltr'>ἐμϐῆναι</span> <span class='ocrx_word' id='word_1_650' title='bbox 3860 4184 3935 4245; x_wconf 88' lang='grc' dir='ltr'><strong>εἱς</strong></span> 
     </span>
    </p>
   </div>
   <div class='ocr_carea' id='block_1_99' title="bbox 2330 4259 3936 4341">
    <p class='ocr_par' dir='ltr' id='par_1_99' title="bbox 2330 4259 3936 4341">
     <span class='ocr_line' id='line_1_99' title="bbox 2330 4259 3936 4341; baseline 0.009 -31"><span class='ocrx_word' id='word_1_651' title='bbox 2330 4263 2388 4311; x_wconf 88' lang='grc' dir='ltr'>τό</span> <span class='ocrx_word' id='word_1_652' title='bbox 2459 4259 2634 4312; x_wconf 86' lang='grc' dir='ltr'>πλοῖον</span> <span class='ocrx_word' id='word_1_653' title='bbox 2711 4265 2798 4314; x_wconf 87' lang='grc' dir='ltr'>τὸν</span> <span class='ocrx_word' id='word_1_654' title='bbox 2850 4261 3074 4332; x_wconf 88' lang='grc' dir='ltr'>Ἰησοῦν,</span> <span class='ocrx_word' id='word_1_655' title='bbox 3137 4265 3447 4335; x_wconf 86' lang='grc' dir='ltr'>συνέϐησαν,</span> <span class='ocrx_word' id='word_1_656' title='bbox 3504 4267 3633 4341; x_wconf 80' lang='grc' dir='ltr'>άπερ</span> <span class='ocrx_word' id='word_1_657' title='bbox 3713 4267 3850 4322; x_wconf 81' lang='grc' dir='ltr'>εἶπεν</span> <span class='ocrx_word' id='word_1_658' title='bbox 3908 4275 3936 4324; x_wconf 91' lang='grc' dir='ltr'><strong>ὀ</strong></span> 
     </span>
    </p>
   </div>
   <div class='ocr_carea' id='block_1_100' title="bbox 2330 4347 3932 4428">
    <p class='ocr_par' dir='ltr' id='par_1_100' title="bbox 2330 4347 3932 4428">
     <span class='ocr_line' id='line_1_100' title="bbox 2330 4347 3932 4428; baseline 0.009 -29"><span class='ocrx_word' id='word_1_659' title='bbox 2330 4349 2576 4421; x_wconf 72' lang='grc' dir='ltr'>Μάρκος*</span> <span class='ocrx_word' id='word_1_660' title='bbox 2655 4347 2768 4402; x_wconf 85' lang='grc' dir='ltr'>εἶτα</span> <span class='ocrx_word' id='word_1_661' title='bbox 2843 4350 3090 4414; x_wconf 88' lang='grc' dir='ltr'>λυθείσης</span> <span class='ocrx_word' id='word_1_662' title='bbox 3171 4361 3264 4415; x_wconf 83' lang='grc' dir='ltr'>τῆς</span> <span class='ocrx_word' id='word_1_663' title='bbox 3337 4361 3673 4428; x_wconf 85' lang='grc' dir='ltr'>πωρώσεως,</span> <span class='ocrx_word' id='word_1_664' title='bbox 3749 4358 3932 4412; x_wconf 87' lang='grc' dir='ltr'>λοιπὸν</span> 
     </span>
    </p>
   </div>
   <div class='ocr_carea' id='block_1_101' title="bbox 2329 4437 3930 4523">
    <p class='ocr_par' dir='ltr' id='par_1_101' title="bbox 2329 4437 3930 4523">
     <span class='ocr_line' id='line_1_101' title="bbox 2329 4437 3930 4523; baseline 0.008 -34"><span class='ocrx_word' id='word_1_665' title='bbox 2329 4437 2626 4509; x_wconf 82' lang='grc' dir='ltr'>γεγόνὰσιν,</span> <span class='ocrx_word' id='word_1_666' title='bbox 2671 4439 2800 4511; x_wconf 86' lang='grc' dir='ltr'>οἷπερ</span> <span class='ocrx_word' id='word_1_667' title='bbox 2858 4440 3130 4513; x_wconf 83' lang='grc' dir='ltr'>ἱστόρησεν</span> <span class='ocrx_word' id='word_1_668' title='bbox 3204 4444 3229 4493; x_wconf 88' lang='grc' dir='ltr'><strong><em>ὁ</em></strong></span> <span class='ocrx_word' id='word_1_669' title='bbox 3304 4446 3590 4506; x_wconf 84' lang='grc' dir='ltr'>Ματθαῖος.</span> <span class='ocrx_word' id='word_1_670' title='bbox 3651 4451 3768 4521; x_wconf 80' lang='grc' dir='ltr'>Χρὴ</span> <span class='ocrx_word' id='word_1_671' title='bbox 3825 4452 3930 4523; x_wconf 83' lang='grc' dir='ltr'>γὰρ</span> 
     </span>
    </p>
   </div>
   <div class='ocr_carea' id='block_1_102' title="bbox 2329 4529 3928 4606">
    <p class='ocr_par' dir='ltr' id='par_1_102' title="bbox 2329 4529 3928 4606">
     <span class='ocr_line' id='line_1_102' title="bbox 2329 4529 3928 4606; baseline 0.008 -29"><span class='ocrx_word' id='word_1_672' title='bbox 2329 4546 2623 4598; x_wconf 86' lang='grc' dir='ltr'>γινωσκειν,</span> <span class='ocrx_word' id='word_1_673' title='bbox 2685 4529 2766 4579; x_wconf 88' lang='grc' dir='ltr'>ὅτι</span> <span class='ocrx_word' id='word_1_674' title='bbox 2806 4532 2930 4581; x_wconf 79' lang='grc' dir='ltr'>ποτὲ</span> <span class='ocrx_word' id='word_1_675' title='bbox 2999 4532 3088 4601; x_wconf 74' lang='grc' dir='ltr'>μὲν</span> <span class='ocrx_word' id='word_1_676' title='bbox 3147 4529 3410 4606; x_wconf 85' lang='grc' dir='ltr'>ἐκρατεῖτο</span> <span class='ocrx_word' id='word_1_677' title='bbox 3471 4535 3498 4591; x_wconf 71' lang='grc' dir='ltr'><strong>ὃ</strong></span> <span class='ocrx_word' id='word_1_678' title='bbox 3570 4531 3765 4606; x_wconf 82' lang='grc' dir='ltr'>καρδία</span> <span class='ocrx_word' id='word_1_679' title='bbox 3829 4547 3928 4589; x_wconf 84' lang='grc' dir='ltr'>τῶν</span> 
     </span>
    </p>
   </div>
   <div class='ocr_carea' id='block_1_103' title="bbox 2330 4614 3923 4692">
    <p class='ocr_par' dir='ltr' id='par_1_103' title="bbox 2330 4614 3923 4692">
     <span class='ocr_line' id='line_1_103' title="bbox 2330 4614 3923 4692; baseline 0.004 -23"><span class='ocrx_word' id='word_1_680' title='bbox 2330 4619 2594 4688; x_wconf 84' lang='grc' dir='ltr'>μαθητῶν,</span> <span class='ocrx_word' id='word_1_681' title='bbox 2627 4620 2718 4668; x_wconf 83' lang='grc' dir='ltr'>καὶ</span> <span class='ocrx_word' id='word_1_682' title='bbox 2771 4617 2865 4669; x_wconf 78' lang='grc' dir='ltr'><strong>οῦκ</strong></span> <span class='ocrx_word' id='word_1_683' title='bbox 2913 4614 3170 4675; x_wconf 77' lang='grc' dir='ltr'>ἠδύναντο</span> <span class='ocrx_word' id='word_1_684' title='bbox 3235 4625 3480 4692; x_wconf 77' lang='grc' dir='ltr'>συνιέναι,</span> <span class='ocrx_word' id='word_1_685' title='bbox 3529 4626 3650 4676; x_wconf 78' lang='grc' dir='ltr'>ποτε</span> <span class='ocrx_word' id='word_1_686' title='bbox 3687 4620 3744 4675; x_wconf 76' lang='grc' dir='ltr'><strong>δὲ</strong></span> <span class='ocrx_word' id='word_1_687' title='bbox 3798 4627 3923 4676; x_wconf 81' lang='grc' dir='ltr'>ἁπε-</span> 
     </span>
    </p>
   </div>
   <div class='ocr_carea' id='block_1_104' title="bbox 2331 4705 3923 4783">
    <p class='ocr_par' dir='ltr' id='par_1_104' title="bbox 2331 4705 3923 4783">
     <span class='ocr_line' id='line_1_104' title="bbox 2331 4705 3923 4783; baseline 0.005 -27"><span class='ocrx_word' id='word_1_688' title='bbox 2331 4708 2498 4773; x_wconf 74' lang='grc' dir='ltr'>λύετο,</span> <span class='ocrx_word' id='word_1_689' title='bbox 2552 4709 2643 4755; x_wconf 85' lang='grc' dir='ltr'>καὶ</span> <span class='ocrx_word' id='word_1_690' title='bbox 2721 4710 2983 4758; x_wconf 90' lang='grc' dir='ltr'>συνίεσαν.</span> <span class='ocrx_word' id='word_1_691' title='bbox 3032 4705 3299 4783; x_wconf 82' lang='grc' dir='ltr'>Ἑκάτερον</span> <span class='ocrx_word' id='word_1_692' title='bbox 3360 4705 3419 4761; x_wconf 77' lang='grc' dir='ltr'><strong>δὲ</strong></span> <span class='ocrx_word' id='word_1_693' title='bbox 3482 4711 3736 4764; x_wconf 86' lang='grc' dir='ltr'>συνέϐαινε</span> <span class='ocrx_word' id='word_1_694' title='bbox 3784 4715 3923 4764; x_wconf 78' lang='grc' dir='ltr'>κατὰ.</span> 
     </span>
    </p>
   </div>
   <div class='ocr_carea' id='block_1_105' title="bbox 2335 4795 3928 4870">
    <p class='ocr_par' dir='ltr' id='par_1_105' title="bbox 2335 4795 3928 4870">
     <span class='ocr_line' id='line_1_105' title="bbox 2335 4795 3928 4870; baseline 0.004 -23"><span class='ocrx_word' id='word_1_695' title='bbox 2335 4797 2591 4867; x_wconf 84' lang='grc' dir='ltr'>θειοτέραν</span> <span class='ocrx_word' id='word_1_696' title='bbox 2674 4795 2973 4867; x_wconf 81' lang='grc' dir='ltr'>οἰκονομίαν</span> <span class='ocrx_word' id='word_1_697' title='bbox 3008 4837 3022 4852; x_wconf 84' lang='lat'><em>.</em></span> <span class='ocrx_word' id='word_1_698' title='bbox 3111 4799 3214 4851; x_wconf 86' lang='grc' dir='ltr'><strong>Καὶ</strong></span> <span class='ocrx_word' id='word_1_699' title='bbox 3287 4800 3436 4870; x_wconf 75' lang='grc' dir='ltr'>ἡμεῖς</span> <span class='ocrx_word' id='word_1_700' title='bbox 3506 4804 3720 4864; x_wconf 84' lang='grc' dir='ltr'>τοίνυν,</span> <span class='ocrx_word' id='word_1_701' title='bbox 3803 4801 3928 4853; x_wconf 84' lang='grc' dir='ltr'>ὅταν</span> 
     </span>
    </p>
   </div>
   <div class='ocr_carea' id='block_1_106' title="bbox 2334 4882 3932 4956">
    <p class='ocr_par' dir='ltr' id='par_1_106' title="bbox 2334 4882 3932 4956">
     <span class='ocr_line' id='line_1_106' title="bbox 2334 4882 3932 4956; baseline 0.005 -21"><span class='ocrx_word' id='word_1_702' title='bbox 2334 4882 2620 4956; x_wconf 78' lang='grc' dir='ltr'>ἀρχώμεθα</span> <span class='ocrx_word' id='word_1_703' title='bbox 2674 4885 3146 4944; x_wconf 81' lang='grc' dir='ltr'>καταποντίζεσθαι</span> <span class='ocrx_word' id='word_1_704' title='bbox 3215 4893 3286 4956; x_wconf 85' lang='grc' dir='ltr'>τῷ</span> <span class='ocrx_word' id='word_1_705' title='bbox 3354 4885 3580 4940; x_wconf 82' lang='grc' dir='ltr'>κλύδωνι</span> <span class='ocrx_word' id='word_1_706' title='bbox 3659 4898 3754 4941; x_wconf 83' lang='grc' dir='ltr'>τῶν</span> <span class='ocrx_word' id='word_1_707' title='bbox 3825 4909 3932 4944; x_wconf 85' lang='grc' dir='ltr'>πα-</span> 
     </span>
    </p>
   </div>
   <div class='ocr_carea' id='block_1_107' title="bbox 1770 5174 2729 5255">
    <p class='ocr_par' dir='ltr' id='par_1_107' title="bbox 1770 5174 2729 5255">
     <span class='ocr_line' id='line_1_107' title="bbox 1770 5174 2729 5255; baseline 0.015 -15"><span class='ocrx_word' id='word_1_708' title='bbox 1770 5174 1993 5243; x_wconf 67' lang='lat' dir='ltr'><strong>Varim</strong></span> <span class='ocrx_word' id='word_1_709' title='bbox 2047 5179 2372 5250; x_wconf 89' lang='lat' dir='ltr'><strong>lectiones</strong></span> <span class='ocrx_word' id='word_1_710' title='bbox 2428 5195 2492 5252; x_wconf 91' lang='lat' dir='ltr'><strong>et</strong></span> <span class='ocrx_word' id='word_1_711' title='bbox 2530 5195 2729 5255; x_wconf 70' lang='lat' dir='ltr'><strong>notaa.</strong></span> 
     </span>
    </p>
   </div>
   <div class='ocr_carea' id='block_1_108' title="bbox 647 5301 1766 5442">
    <p class='ocr_par' dir='ltr' id='par_1_108' title="bbox 647 5301 1766 5442">
     <span class='ocr_line' id='line_1_108' title="bbox 647 5301 1766 5442; baseline 0.008 -86"><span class='ocrx_word' id='word_1_712' title='bbox 647 5302 758 5442; x_wconf 40' lang='lat'><strong>£71)</strong></span> <span class='ocrx_word' id='word_1_713' title='bbox 787 5301 898 5356; x_wconf 90' lang='lat' dir='ltr'><strong>Pro</strong></span> <span class='ocrx_word' id='word_1_714' title='bbox 925 5301 1054 5353; x_wconf 87' lang='grc' dir='ltr'>πολύ</span> <span class='ocrx_word' id='word_1_715' title='bbox 1085 5322 1156 5370; x_wconf 84' lang='grc' dir='ltr'><strong>τι,</strong></span> <span class='ocrx_word' id='word_1_716' title='bbox 1189 5306 1232 5359; x_wconf 84' lang='grc' dir='ltr'><strong>Α</strong></span> <span class='ocrx_word' id='word_1_717' title='bbox 1257 5305 1439 5363; x_wconf 86' lang='lat' dir='ltr'><strong>habet</strong></span> <span class='ocrx_word' id='word_1_718' title='bbox 1461 5309 1766 5384; x_wconf 89' lang='grc' dir='ltr'>πολύτιμον.</span> 
     </span>
     <span class='ocr_line' id='line_1_109' title="bbox 670 5373 1766 5442; baseline 0.01 -17"><span class='ocrx_word' id='word_1_719' title='bbox 670 5375 759 5435; x_wconf 78' lang='grc'><strong>72)</strong></span> <span class='ocrx_word' id='word_1_720' title='bbox 790 5373 960 5442; x_wconf 85' lang='lat' dir='ltr'><strong>Apud</strong></span> <span class='ocrx_word' id='word_1_721' title='bbox 990 5376 1277 5431; x_wconf 85' lang='lat' dir='ltr'><strong>Joannem</strong></span> <span class='ocrx_word' id='word_1_722' title='bbox 1332 5384 1438 5442; x_wconf 90' lang='lat' dir='ltr'><strong>est,</strong></span> <span class='ocrx_word' id='word_1_723' title='bbox 1476 5380 1558 5434; x_wconf 86' lang='grc' dir='ltr'>ἐπὶ</span> <span class='ocrx_word' id='word_1_724' title='bbox 1601 5392 1698 5442; x_wconf 82' lang='grc' dir='ltr'>τῆς</span> <span class='ocrx_word' id='word_1_725' title='bbox 1749 5406 1766 5442; x_wconf 66' lang='grc' dir='ltr'><strong><em>η</em></strong></span> 
     </span>
    </p>
   </div>
   <div class='ocr_carea' id='block_1_109' title="bbox 670 5373 2225 5461">
    <p class='ocr_par' dir='ltr' id='par_1_109' title="bbox 670 5373 2225 5461">
     <span class='ocr_line' id='line_1_110' title="bbox 670 5373 2225 5461; baseline 0.018 -39"><span class='ocrx_word' id='word_1_726' title='bbox 790 5373 1279 5461; x_wconf 13' lang='grc' dir='ltr'>ᾼριιςίᾲιιιοδῐιῐιειῃ</span> <span class='ocrx_word' id='word_1_727' title='bbox 1311 5384 1438 5461; x_wconf 55' lang='grc' dir='ltr'>ρει,</span> <span class='ocrx_word' id='word_1_728' title='bbox 1476 5380 1580 5461; x_wconf 40' lang='grc' dir='ltr'><strong>ἐπὶ</strong></span> <span class='ocrx_word' id='word_1_729' title='bbox 1601 5373 1698 5461; x_wconf 61' lang='grc' dir='ltr'>τὴς</span> <span class='ocrx_word' id='word_1_730' title='bbox 1749 5393 1863 5461; x_wconf 83' lang='grc' dir='ltr'>γῆς,</span> <span class='ocrx_word' id='word_1_731' title='bbox 1921 5395 2225 5461; x_wconf 90' lang='lat' dir='ltr'><strong>quomodo</strong></span> 
     </span>
    </p>
   </div>
   <div class='ocr_carea' id='block_1_110' title="bbox 2336 5324 3946 5416">
    <p class='ocr_par' dir='ltr' id='par_1_110' title="bbox 2336 5324 3946 5416">
     <span class='ocr_line' id='line_1_111' title="bbox 2336 5324 3946 5416; baseline 0.012 -37"><span class='ocrx_word' id='word_1_732' title='bbox 2336 5324 2475 5416; x_wconf 74' lang='lat' dir='ltr'><strong>data</strong></span> <span class='ocrx_word' id='word_1_733' title='bbox 2500 5341 2678 5412; x_wconf 84' lang='lat' dir='ltr'><strong>opera</strong></span> <span class='ocrx_word' id='word_1_734' title='bbox 2711 5328 2983 5400; x_wconf 89' lang='lat' dir='ltr'><strong>explicat,</strong></span> <span class='ocrx_word' id='word_1_735' title='bbox 3018 5334 3166 5388; x_wconf 91' lang='lat' dir='ltr'><strong>tom.</strong></span> <span class='ocrx_word' id='word_1_736' title='bbox 3199 5333 3313 5404; x_wconf 86' lang='lat' dir='ltr'><strong>VII,</strong></span> <span class='ocrx_word' id='word_1_737' title='bbox 3339 5349 3398 5406; x_wconf 89' lang='lat' dir='ltr'><strong>p.</strong></span> <span class='ocrx_word' id='word_1_738' title='bbox 3428 5335 3530 5391; x_wconf 81' lang='lat'><strong>255</strong></span> <span class='ocrx_word' id='word_1_739' title='bbox 3561 5333 3624 5390; x_wconf 91' lang='lat' dir='ltr'><strong>C.</strong></span> <span class='ocrx_word' id='word_1_740' title='bbox 3657 5335 3814 5409; x_wconf 74' lang='grc' dir='ltr'>ἐγγὺς</span> <span class='ocrx_word' id='word_1_741' title='bbox 3841 5346 3946 5402; x_wconf 73' lang='grc' dir='ltr'>τῆς</span> 
     </span>
    </p>
   </div>
   <div class='ocr_carea' id='block_1_111' title="bbox 2333 5416 2666 5466">
    <p class='ocr_par' dir='ltr' id='par_1_111' title="bbox 2333 5416 2666 5466">
     <span class='ocr_line' id='line_1_112' title="bbox 2333 5416 2666 5466; baseline 0.006 -18"><span class='ocrx_word' id='word_1_742' title='bbox 2333 5416 2397 5466; x_wconf 79' lang='grc' dir='ltr'><strong>γη</strong></span> <span class='ocrx_word' id='word_1_743' title='bbox 2413 5417 2434 5457; x_wconf 87' lang='grc' dir='ltr'><strong>ς</strong></span> <span class='ocrx_word' id='word_1_744' title='bbox 2454 5416 2666 5466; x_wconf 86' lang='grc' dir='ltr'>εγενετο.</span> 
     </span>
    </p>
   </div>
   <div class='ocr_carea' id='block_1_112' title="bbox 575 5443 2935 5609">
    <p class='ocr_par' dir='ltr' id='par_1_112' title="bbox 575 5443 2935 5609">
     <span class='ocr_line' id='line_1_113' title="bbox 575 5443 2935 5532; baseline 0.013 -36"><span class='ocrx_word' id='word_1_745' title='bbox 575 5443 755 5522; x_wconf 79' lang='lat' dir='ltr'><strong>etiam</strong></span> <span class='ocrx_word' id='word_1_746' title='bbox 801 5444 859 5496; x_wconf 90' lang='lat' dir='ltr'><strong>in</strong></span> <span class='ocrx_word' id='word_1_747' title='bbox 893 5448 1172 5500; x_wconf 85' lang='lat' dir='ltr'><strong>contextu</strong></span> <span class='ocrx_word' id='word_1_748' title='bbox 1202 5443 1494 5532; x_wconf 39' lang='lat' dir='ltr'><strong>ibi.hab;et</strong></span> <span class='ocrx_word' id='word_1_749' title='bbox 1541 5443 1910 5527; x_wconf 71' lang='lat' dir='ltr'><strong>Euthymius.</strong></span> <span class='ocrx_word' id='word_1_750' title='bbox 1941 5443 2248 5530; x_wconf 33' lang='lat' dir='ltr'><strong>’Oﬁendi-tt</strong></span> <span class='ocrx_word' id='word_1_751' title='bbox 2269 5443 2838 5531; x_wconf 35' lang='grc' dir='ltr'><strong>«ἒῑμίτνζίνᾶέναάάἰῐ</strong></span> <span class='ocrx_word' id='word_1_752' title='bbox 2868 5472 2935 5527; x_wconf 87' lang='grc' dir='ltr'><strong>Α.</strong></span> 
     </span>
     <span class='ocr_line' id='line_1_114' title="bbox 575 5470 2908 5609; baseline 0.015 -45"><span class='ocrx_word' id='word_1_753' title='bbox 575 5513 1516 5609; x_wconf 34' lang='lat' dir='ltr'><strong>eligam‘Tglirgsqs‘tpnlusLinL,fni,</strong></span> <span class='ocrx_word' id='word_1_754' title='bbox 1539 5534 1629 5609; x_wconf 70' lang='grc' dir='ltr'>τῆς</span> <span class='ocrx_word' id='word_1_755' title='bbox 1666 5536 1784 5609; x_wconf 70' lang='grc' dir='ltr'>γῆς.</span> <span class='ocrx_word' id='word_1_756' title='bbox 1830 5532 2020 5609; x_wconf 72' lang='lat' dir='ltr'><strong>semel</strong></span> <span class='ocrx_word' id='word_1_757' title='bbox 2039 5604 2052 5609; x_wconf 95' lang='lat'><em>_</em></span> <span class='ocrx_word' id='word_1_758' title='bbox 2081 5551 2221 5609; x_wconf 83' lang='lat' dir='ltr'><strong>ergo</strong></span> <span class='ocrx_word' id='word_1_759' title='bbox 2404 5470 2519 5609; x_wconf 42' lang='lat'><strong>(74;</strong></span> <span class='ocrx_word' id='word_1_760' title='bbox 2548 5510 2708 5606; x_wconf 65' lang='grc' dir='ltr'><strong>Οέδὲ,</strong></span> <span class='ocrx_word' id='word_1_761' title='bbox 2740 5541 2908 5598; x_wconf 86' lang='lat' dir='ltr'><strong>abest</strong></span> 
     </span>
    </p>
   </div>
   <div class='ocr_carea' id='block_1_113' title="bbox 575 5513 2221 5604">
    <p class='ocr_par' dir='ltr' id='par_1_113' title="bbox 575 5513 2221 5604">
     <span class='ocr_line' id='line_1_115' title="bbox 575 5513 2221 5604; baseline 0 0"><span class='ocrx_word' id='word_1_762' title='bbox 575 5513 1374 5604; x_wconf 52' lang='lat' dir='ltr'><strong>9f£§m.,‘.3.&quot;&quot;359.5.‘9&quot;l&quot;5.i9:</strong></span> <span class='ocrx_word' id='word_1_763' title='bbox 1419 5519 1629 5604; x_wconf 63' lang='grc' dir='ltr'><strong>ἐπὶ.τῆς</strong></span> <span class='ocrx_word' id='word_1_764' title='bbox 1666 5513 1784 5598; x_wconf 50' lang='lat'><strong>7379-</strong></span> <span class='ocrx_word' id='word_1_765' title='bbox 1830 5532 2020 5604; x_wconf 65' lang='lat' dir='ltr'><strong>Ssmel</strong></span> <span class='ocrx_word' id='word_1_766' title='bbox 2081 5513 2221 5602; x_wconf 68' lang='grc' dir='ltr'>ενιςό</span> 
     </span>
    </p>
   </div>
   <div class='ocr_carea' id='block_1_114' title="bbox 575 5584 2221 5669">
    <p class='ocr_par' dir='ltr' id='par_1_114' title="bbox 575 5584 2221 5669">
     <span class='ocr_line' id='line_1_116' title="bbox 575 5584 2221 5669; baseline 0.014 -30"><span class='ocrx_word' id='word_1_767' title='bbox 575 5589 720 5640; x_wconf 89' lang='lat' dir='ltr'><strong>tom.</strong></span> <span class='ocrx_word' id='word_1_768' title='bbox 765 5584 874 5649; x_wconf 82' lang='lat' dir='ltr'><strong>VII,</strong></span> <span class='ocrx_word' id='word_1_769' title='bbox 921 5601 976 5655; x_wconf 89' lang='lat' dir='ltr'><strong>p.</strong></span> <span class='ocrx_word' id='word_1_770' title='bbox 1154 5588 1214 5657; x_wconf 88' lang='lat' dir='ltr'><strong>C,</strong></span> <span class='ocrx_word' id='word_1_771' title='bbox 1257 5584 1438 5648; x_wconf 81' lang='lat' dir='ltr'><strong>habet</strong></span> <span class='ocrx_word' id='word_1_772' title='bbox 1475 5594 1546 5656; x_wconf 82' lang='grc' dir='ltr'><strong>εἰς</strong></span> <span class='ocrx_word' id='word_1_773' title='bbox 1575 5584 1822 5669; x_wconf 57' lang='grc' dir='ltr'>τέκν’</span> <span class='ocrx_word' id='word_1_774' title='bbox 1865 5584 2221 5668; x_wconf 33' lang='grc' dir='ltr'><strong>Ξεῶέὶξὶιῖῆ</strong></span> 
     </span>
    </p>
   </div>
   <div class='ocr_carea' id='block_1_115' title="bbox 2404 5536 3007 5610">
    <p class='ocr_par' dir='ltr' id='par_1_115' title="bbox 2404 5536 3007 5610">
     <span class='ocr_line' id='line_1_117' title="bbox 2404 5536 3007 5610; baseline 0.01 -17"><span class='ocrx_word' id='word_1_775' title='bbox 2404 5536 2516 5610; x_wconf 68' lang='grc' dir='ltr'>(τι)</span> <span class='ocrx_word' id='word_1_776' title='bbox 2548 5536 2708 5606; x_wconf 69' lang='grc' dir='ltr'><strong>Οὐδὲ,</strong></span> <span class='ocrx_word' id='word_1_777' title='bbox 2740 5541 2908 5598; x_wconf 88' lang='lat' dir='ltr'><strong>abest</strong></span> <span class='ocrx_word' id='word_1_778' title='bbox 2942 5549 3007 5599; x_wconf 88' lang='lat' dir='ltr'><strong>A.</strong></span> 
     </span>
    </p>
   </div>
  </div>
