4186 6318
336 310 439 365 441

342 434 490 505 θῶν,
572 433 992 504 ἐπικαλεσώμεθα
1075 438 1159 486 τόν
1216 441 1415 493 Ἰησοῦν

340 519 503 575 δώσει
571 527 658 573 καὶ
720 523 844 593 ἡμῖν
928 530 1086 596 χεῖρα

339 613 496 683 ἡμᾶς

413 756 508 805 Καὶ
546 782 616 793 -—-
648 758 988 828 Γεννησαρέτ,
1027 754 1085 807 Ὀ
1116 752 1173 808 δὲ
1215 758 1423 829 Μάρκος
1466 756 1620 822 εἶπεν,
1664 760 1742 811 ὅτι
1782 760 1934 833 ἠνάγ-

335 861 463 893 κασε
505 845 624 901 τοὺς
676 843 913 913 μαθητὰς
952 843 1109 895 αὐτοῦ
1168 843 1385 916 ἐμϐῆναι
1411 847 1483 908 εἰς
1528 850 1586 899 τὸ
1617 848 1809 916 πλοῖον,
1844 854 1933 902 καὶ

332 932 574 1000 προάγειν
606 930 673 990 εἰς
722 934 781 983 τὸ
820 936 977 1003 πέραν
1006 936 1129 1007 πρὸς
1187 931 1487 991 Βηθσαῑδά.
1528 937 1553 986 ὁ
1584 933 1643 988 δὲ
1672 938 1927 1005 Ἰωάννης,

331 1019 406 1069 ὅτι
459 1021 691 1091 ἤρχοντο
748 1023 906 1094 πέραν
966 1029 1056 1081 τῆς
1112 1023 1382 1084 θαλάσσης
1437 1023 1509 1085 εἰς
1566 1029 1926 1100 Καπερναούμ.

329 1105 453 1158 Εἰσὶ
496 1103 556 1159 δὲ
599 1112 689 1160 καὶ
742 1109 772 1166 ἡ
815 1106 1111 1176 Βηθσαϊδὰ,
1167 1117 1255 1163 καὶ
1303 1115 1333 1170 ἡ
1387 1119 1748 1187 Καπερναοὺμ,
1779 1114 1827 1166 ἐν
1862 1124 1924 1187 τῇ

329 1202 397 1266 γῇ
454 1201 788 1271 Γεννησαρέτ.
840 1201 1011 1269 Λίμνη
1064 1195 1121 1251 δὲ
1150 1201 1181 1258 ἡ
1218 1205 1552 1277 Γεννησαρὲτ,
1589 1204 1821 1274 ἡνωμένη
1862 1211 1923 1275 τῇ

327 1280 584 1358 Τιϐεριάδ
590 1305 625 1336 ι.

405 1412 505 1460 Καὶ
572 1407 861 1479 ἐπιγνόντες
890 1440 958 1451 -
1007 1408 1359 1471 διεσώθησαν.
1424 1412 1594 1484 Εἶδες,
1638 1424 1748 1478 πῶς
1794 1420 1928 1469 κατὰ

1304 312 1669 371 COMMENT.
1710 316 1783 371 IN
1822 317 2264 375 MATTH/EUM.
2305 350 2371 363 —
2413 320 2566 377 CAP.
2610 324 2730 377 XV.

3589 328 3696 383 442

1478 481 1490 503 ,
1580 443 1667 490 καὶ
1751 440 1930 501 εὐθέως

2044 443 2389 498 invocemus
2418 461 2430 497 :
2456 449 2509 499 et
2530 446 2809 501 continuo
2842 450 3096 519 porriget
3126 449 3303 505 etiam
3326 450 3497 505 nobis
3526 452 3692 507 auxi-

1167 522 1429 597 βοηθείας,
1494 532 1583 578 καὶ
1671 527 1936 583 ἀνελκύσει

2042 532 2250 589 liarem
2288 548 2557 599 manum,
2593 539 2649 588 et
2678 537 2945 593 extrahet
2977 554 3084 594 nos

2113 798 2275 854 Vers.
2334 800 2418 853 34.
2462 801 2525 854 Et
2564 832 2630 841 —
2670 802 3027 861 Gennesaret.
3093 808 3319 862 Marcus
3362 812 3559 865 autem
3601 809 3692 865 di-

2038 883 2121 939 xit
2148 886 2193 919 ‘3
2244 887 2400 957 quod
2432 889 2717 960 compulit
2746 891 3072 963 discipulos
3105 910 3247 949 suos
3294 901 3691 953 conscendere

2036 974 2243 1030 navim
2273 980 2329 1030 et
2359 978 2683 1047 praecedere
2714 979 2774 1034 in
2804 980 3141 1037 ulteriorem
3170 983 3366 1054 ripam
3397 986 3474 1041 ad
3524 987 3689 1042 Beth-

2039 1061 2289 1118 saidam.
2321 1064 2577 1120 Joannes
2599 1082 2740 1123 vero
2766 1068 2929 1139 quod
2955 1076 3241 1125 venerunt
3268 1073 3509 1140 trajecto
3540 1072 3691 1127 mari

2036 1149 2114 1206 ad
2147 1153 2511 1223 Capernaum
2542 1154 2610 1205 ‘9.
2655 1156 2800 1211 Sunt
2830 1161 3032 1211 autem
3061 1161 3117 1211 et
3145 1157 3458 1214 Bethsaida
3487 1164 3542 1213 et
3591 1160 3693 1214 Ca-

2034 1252 2327 1310 pernaum
2357 1241 2417 1296 in
2448 1247 2601 1298 terra
2631 1242 2992 1301 Gennesaret
3025 1261 3038 1311 ;
3073 1250 3347 1316 stagnum
3376 1262 3518 1302 vero
3550 1249 3693 1303 Gen-

2034 1333 2269 1383 nesaret
2300 1331 2531 1385 unitum
2565 1336 2689 1387 erat
2716 1333 3030 1389 T‘iberiadi.

2108 1436 2261 1489 Vers.
2298 1437 2389 1491 35.
2435 1438 2697 1509 Cumque
2725 1440 3091 1509 agnovissent
3122 1471 3188 1481 —
3221 1443 3376 1496 Vers.
3410 1446 3495 1497 36.
3540 1442 3692 1498 salvi

330 1501 516 1569 μικρὸν
542 1498 591 1548 οἱ
617 1499 849 1568 μαθηταὶ
876 1498 1187 1573 προέκοψαν·
1222 1504 1316 1574 ὅρα
1353 1508 1442 1556 καὶ
1472 1508 1528 1555 τὸ
1563 1505 1772 1567 πλῆθος.
1817 1506 1926 1558 Οὐκ

2041 1523 2187 1587 facti
2215 1530 2367 1579 sunt.
2400 1498 2610 1580 Vidisti
2629 1498 2932 1597 quomodo
2958 1528 3536 1601 discipulipaulatim
3557 1546 3692 1601 pro-

333 1587 408 1636 ἔτι
434 1588 536 1656 γὰρ
570 1586 723 1637 αὑτὸν
764 1587 830 1646 είς
860 1590 953 1649 τὰς
980 1590 1143 1650 οἰκίας
1172 1590 1425 1656 ἕλκουσιν,
1460 1590 1581 1645 οὐδὲ
1609 1602 1791 1669 χεῖρας
1821 1594 1926 1646 ἐπι-

336 1675 498 1724 θεῖναι
525 1678 788 1736 ζητοῦσιν.
819 1673 943 1729 οὐδὲ
962 1682 1280 1751 πρόσταγμα
1301 1678 1392 1732 διὰ
1410 1682 1638 1754 ῥήματος
1668 1684 1921 1750 αἰτοῦσιν,

336 1759 446 1812 ἀλλ’
476 1761 787 1836 ὑψηλότερον
815 1764 983 1835 πολλῷ
1030 1771 1117 1818 καὶ
1151 1770 1576 1845 θεοπρεπέστερον
1605 1770 1927 1823 ἐπισπῶνται

333 1853 429 1906 τὴν
464 1852 751 1923 θεραπείαν.
781 1852 837 1906 Ἠ
864 1856 965 1929 γὰρ
988 1854 1270 1932 αἱμόρρους
1299 1858 1509 1912 πλείονα
1545 1864 1725 1912 πίστιν
1754 1861 1927 1923 αὐτοῖς

333 1935 556 1995 ἐνέθηκε.

475 2227 618 2275 ΚΕΦ.
653 2223 778 2281 KH'.
811 2227 938 2298 Περὶ
967 2232 1060 2290 τῆς
1089 2229 1429 2301 παραϐάσεως
1457 2238 1553 2296 τῆς
1582 2232 1785 2299 ἐντολῆς

985 2322 1077 2367 τοῦ
1115 2321 1263 2376 Θεοῦ.

391 2436 521 2486 Τότε
572 2465 643 2475 -
696 2435 961 2490 ἐσθίωσιν⁸
1027 2441 1111 2492 Ἐν
1162 2444 1354 2503 πάσαις
1420 2447 1511 2516 μὲν
1556 2452 1671 2510 ταίς
1724 2454 1928 2524 χώραις

322 2528 423 2572 τῶν
457 2519 671 2576 δώδεκα
706 2526 872 2597 φυλῶν
929 2524 1062 2586 ἦσαν
1116 2536 1437 2604 Γραμματεῖς
1488 2540 1577 2587 καὶ
1617 2519 1918 2611 Φαρισαῖοι.

328 2615 666 2685 πονηρότεροι
719 2610 778 2666 δὲ
838 2624 937 2666 τῶν
995 2617 1156 2669 ἄλλων
1215 2616 1348 2678 ἦσαν
1406 2625 1454 2674 οἱ
1498 2622 1597 2675 ἀπὸ
1649 2610 1927 2699 Ἱεροσολύ-

327 2719 457 2770 μων,
504 2703 571 2761 ὡς
623 2705 718 2760 τὴν
784 2705 1101 2779 μητρόπολιν
1152 2708 1428 2775 οἰκοῦντες,
1488 2717 1577 2764 καὶ
1631 2710 1724 2766 διὰ
1778 2723 1925 2768 τοῦτο

324 2793 692 2860 τετυφωμένοι.
747 2794 1070 2865 Θεασάμενοι
1112 2798 1214 2869 γὰρ
1266 2802 1351 2855 τὴν
1401 2800 1625 2871 μεγάλην
1662 2809 1754 2855 τοῦ
1800 2803 1925 2857 λαοῦ

321 2880 522 2942 πίστιν,
564 2876 902 2932 ἐσπούδασαν
946 2881 1233 2936 ἕλαττῶσαι
1263 2886 1443 2945 αὐτήν.
1490 2889 1589 2941 Καὶ
1616 2899 1686 2961 τῷ
1711 2900 1926 2965 Χριστῷ

324 2966 414 3033 μεν
492 2963 641 3017 οὐδὲν
696 2987 748 3019 τι
814 2969 1124 3041 μέμψασθαι
1182 2970 1447 3041 δύνανται,
1514 2986 1613 3030 τῶν
1679 2983 1925 3051 μαθητῶν

329 3046 389 3102 δὲ
441 3063 850 3125 κατηγοροῦσιν,
910 3059 969 3110 οὐ
1025 3068 1370 3134 παρανομίαν,
1428 3064 1554 3119 ἀλλά
1618 3068 1924 3142 παράβασιν

324 3136 649 3232 ἀνθρωπίνου
701 3146 1142 3219 παραγγέλματος.
1191 3154 1259 3203 Τὸ
1309 3156 1411 3227 ’γὰρ
1463 3158 1533 3226 μὴ
1595 3136 1783 3209 ἐσθίειν
1823 3162 1924 3232 πρὸ

323 3235 416 3279 τοῦ
490 3230 747 3301 νίψασθαι
801 3238 958 3307 νόμος
1035 3238 1092 3289 οὐ
1145 3242 1426 3312 προσὲταξε
1494 3245 1639 3308 θεῖος,
1714 3244 1822 3297 ἀλλ’
1877 3245 1926 3297 οἰ

328 3317 669 3392 πρεσϐύτεροι
737 3329 830 3373 τοῦ
899 3323 1044 3380 λαοῦ.
1112 3333 1247 3385 Φησὶ
1309 3333 1411 3404 ’γὰρ
1488 3334 1513 3383 ὁ
1565 3336 1793 3407 Μάρκος,
1847 3336 1925 3388 ὅτι

332 3407 398 3456 Οί
470 3412 746 3477 Φαρισαῖοι
811 3417 902 3464 καὶ
983 3416 1168 3477 πάντες
1246 3420 1294 3469 oi
1361 3416 1632 3488 Ἰουδαῖοι,
1700 3422 1782 3475 ἐὰν
1856 3429 1924 3496 μὴ

328 3502 511 3567 πυγμῇ
576 3497 825 3568 νίψωνται
871 3502 962 3562 τὰς
1003 3510 1211 3575 χεῖρας,
1242 3506 1333 3557 οὐκ
1364 3507 1648 3577 ἐσθιουσιν,
1682 3521 1928 3586 κρατοῦν-

327 3600 412 3643 τες
486 3587 581 3642 τὴν
643 3585 943 3661 παράδοσιν
1025 3600 1124 3643 τῶν
1204 3594 1581 3672 πρεσϐυτέρων.
1663 3585 1763 3653 Κοίὶ
1827 3601 1926 3654 ἀπὸ

330 3669 537 3746 ἀγορᾶς,
607 3673 692 3726 ἐὰν
762 3682 834 3745 μὴ
885 3679 1252 3751 ῥαντίσωνται,
1331 3669 1467 3755 (75)⁷
1519 3687 1611 3739 οὐκ
1667 3691 1926 3749 ἐσθίουσι.

333 3764 434 3811 Καὶ
464 3761 594 3813 ἄλλα
631 3763 793 3816 πολλοί
821 3764 980 3837 ἐστιν,
1036 3767 1070 3819 δι
1110 3770 1396 3842 παρέλαϐον
1426 3782 1648 3848 κρατεῖν,
1702 3776 1931 3849 βαπτισ-

330 3850 459 3919 μοὺς
562 3856 821 3924 ποτηρίων
908 3860 994 3908 καὶ
1077 3856 1286 3927 ξεστῶν,
1358 3866 1448 3913 καὶ
1531 3864 1764 3934 χαλκίων
1845 3872 1933 3919 καὶ

331 3936 542 3993 κλινῶν.
628 3944 805 3993 Ταῦτα
877 3948 968 4014 μέν
1038 3965 1195 4017 φησιν
1264 3950 1289 3999 ό
1363 3952 1599 4021 Μάρκος.
1665 3953 1817 4006 ’Ἐστι
1875 3952 1933 4009 δὲ

331 4033 520 4097 πυγμῇ·
580 4031 850 4082 νίπτεσθαι
901 4036 957 4084 τὸ
1010 4037 1285 4088 νίπτεσθαι
1330 4042 1495 4110 μέχρι
1542 4048 1631 4093 τοῦ
1680 4042 1928 4114 ἀγκῶνος.

335 4113 648 4175 Ἐϐοίπτιζον
707 4114 764 4169 δὲ
820 4121 883 4171 τὰ
948 4126 1195 4197 ποτήρια,
1256 4130 1344 4177 καὶ
1409 4132 1530 4189 τοὺς
1582 4113 1780 4201 ξέστας,
1840 4138 1931 4185 καὶ

334 4206 401 4254 τὰ
465 4204 666 4275 χαλκίοι
722 4210 811 4259 καὶ
878 4210 972 4270 τὰς
1042 4210 1237 4281 κλίνας,
1300 4214 1532 4286 ἁγιάζειν
1582 4219 1715 4271 οὕτω
1766 4228 1934 4273 ταῦτα

336 4288 631 4353 δοκοῦντες.
725 4300 826 4348 Καὶ
914 4297 1045 4351 ἄλλα
1142 4301 1303 4354 πολλὰ
1380 4303 1760 4379 ἐκαινοτόμουν,
1846 4314 1931 4362 τὸν

752 4385 1169 4456 παραϐαίνοντες,
1273 4394 1339 4443 τὰ

329 4476 495 4522 ταῦτα
550 4473 1055 4545 παραφυλάττοντες.

332 4384 423 4454 μὲν
502 4386 655 4455 νόμον
752 4385 1169 4456 παραϐαίνοντες,
1273 4394 1339 4443 τὰ
1437 4396 1796 4465 καταγέλαστα
1875 4396 1933 4452 δὲ

1137 4481 1201 4530 Οἱ
1269 4482 1499 4551 μαθηταὶ
1573 4481 1631 4536 δὲ
1693 4486 1934 4548 πολλάκις

329 4556 562 4619 ἀνίπτοις
593 4566 783 4632 χερσὶν
813 4566 1017 4629 ἤσθιον,
1050 4566 1143 4617 οὐκ
1191 4566 1578 4632 ἐπιτηδεύοντες
1606 4581 1779 4626 τοῦτο·
1825 4584 1935 4637 πῶς

325 4650 428 4720 ’γάρ
465 4667 479 4717 ;
528 4651 578 4700 οἱ
606 4646 774 4720 μηδὲν
798 4649 1062 4723 μηδέποτε
1085 4664 1316 4709 τοιοῦτον
1344 4669 1780 4734 παρατηροῦντεβ·
1809 4663 1937 4716 ἀλλὰ

329 4743 489 4809 μόνης
542 4746 635 4799 τῆς
684 4738 872 4811 ἀρετῆς
936 4744 1309 4816 φροντίζοντες,
1363 4750 1429 4799 τὰ
1482 4757 1578 4810 τῆς
1634 4762 1937 4822 σωματικῆς

333 4830 518 4897 χρείας
546 4832 926 4902 περιεφρόνουν,
983 4834 1047 4891 ὡς
1092 4830 1258 4903 μηδὲν
1313 4834 1381 4894 εἰς
1436 4835 1624 4908 ψυχὴν
1677 4835 1937 4913 δυνάμενα

340 4912 591 4985 βλάπτειν
604 4960 616 4971 ,

2038 1610 2331 1666 fecerint?
2361 1614 2490 1667 vide
2528 1620 2584 1669 et
2612 1615 3075 1673 multitudinem.
3116 1622 3241 1673 Non
3269 1618 3395 1689 jam
3426 1620 3589 1690 ipsos
3623 1620 3688 1690 (t)

2036 1699 2095 1753 in
2122 1700 2370 1756 domum
2400 1703 2659 1771 trahunt,
2682 1719 2875 1776 neque
2904 1711 2965 1761 ut
2991 1722 3208 1761 manus
3237 1707 3505 1777 imponat
3529 1722 3691 1779 quae-

2033 1792 2191 1853 runt,
2215 1804 2409 1861 neque
2432 1792 2588 1845 verbi
2608 1792 2843 1861 jussum
2866 1798 3167 1864 expetunt,
3192 1794 3294 1848 sed
3315 1795 3602 1849 excelsius
3620 1810 3690 1849 ac

2033 1875 2211 1944 longe
2253 1877 2508 1931 divinius
2538 1880 2788 1934 salutem
2839 1887 3188 1936 accersunt:
3221 1881 3321 1936 illa
3373 1882 3523 1935 enim
3554 1897 3689 1952 quae

2036 1964 2342 2035 sanguinis
2357 1966 2653 2036 proﬂuvio
2666 1966 3056 2033 laboraverat,
3073 1970 3364 2038 majorem
3382 1968 3495 2022 illis
3509 1968 3691 2023 ﬁdem

2034 2052 2365 2109 induxerat.

2109 2176 2268 2234 CAP.
2329 2176 2563 2234 XXVIII.
2624 2179 2706 2237 De
2754 2179 3213 2253 transgressione
3256 2180 3543 2251 praecepti
3568 2181 3688 2238 Dei.

2107 2461 2256 2517 CAP.
2288 2464 2396 2519 XV.
2432 2466 2590 2519 Vers.
2621 2466 2674 2529 1,
2704 2468 2758 2520 2.
2800 2468 2960 2522 Tunc
2988 2498 3055 2508 —
3078 2468 3267 2522 edunt.
3300 2469 3363 2522 In
3395 2468 3690 2523 universis

2035 2550 2283 2619 quidem
2314 2552 2624 2608 duodecim
2656 2554 2928 2609 tribubus
2962 2560 3130 2610 erant
3188 2556 3404 2610 Scribaa
3464 2560 3520 2610 et
3548 2556 3693 2611 Pha-

1958 2681 1998 2738 C
2036 2637 2192 2693 risaai
2229 2660 2240 2693 :
2273 2641 2466 2695 caeteri
2507 2645 2707 2697 tamen
2737 2643 3062 2714 iniquiores
3100 2649 3267 2697 erant
3317 2644 3419 2714 qui
3451 2645 3527 2699 ab
3569 2644 3693 2699 Hie-

2033 2726 2351 2798 rosolymis
2402 2733 2589 2794 erant,
2624 2734 2823 2800 utpote
2854 2730 3231 2802 metropolim
3269 2732 3689 2798 inhabitantes,

2034 2814 2284 2887 ideoque
2315 2816 2531 2871 fastum
2584 2819 2878 2888 majorem
2922 2835 3039 2889 prae
3082 2835 3143 2874 se
3191 2820 3468 2875 ferentes.
3530 2821 3694 2876 Vide-

2034 2908 2168 2959 rant
2204 2920 2489 2975 magnam
2520 2907 2725 2977 populi
2756 2907 2955 2971 ﬁdem,
2990 2912 3045 2962 et
3073 2907 3238 2963 illam
3270 2909 3538 2963 minuere
3594 2924 3687 2964 co-

2034 2991 2350 3057 nabantur,
2376 3008 2581 3049 verum
2603 2996 2661 3049 in
2691 2993 2922 3050 Christo
2944 2996 3087 3050 nihil
3112 3001 3237 3051 erat
3256 2996 3421 3067 quod
3447 3012 3692 3068 carpere

2033 3086 2277 3151 possent
2318 3097 2331 3135 :
2374 3083 2479 3136 sed
2518 3081 2950 3153 discipulorum
2989 3084 3356 3140 accusabant
3418 3100 3541 3140 non
3580 3085 3695 3140 ini-

2033 3169 2345 3240 quitatem,
2379 3170 2483 3223 sed
2534 3170 2784 3225 humani
2814 3171 3092 3241 praecepti
3120 3173 3684 3241 transgressionem.

2035 3260 2235 3327 Neque
2286 3257 2443 3312 enim
2470 3256 2722 3326 jubebat
2750 3258 2845 3313 lex
2874 3259 3077 3314 divina
3127 3275 3202 3314 ne
3232 3260 3475 3315 ederent
3503 3260 3694 3331 prius-

2035 3360 2219 3416 quam
2287 3344 2572 3406 lavarent,
2617 3346 2723 3400 sed
2762 3346 3018 3401 seniores
3079 3348 3304 3419 populi.
3369 3348 3462 3402 Ait
3528 3348 3689 3403 enim

2036 3435 2291 3488 Marcus:
2321 3433 2618 3490 Pharisaei
2644 3449 2952 3505 omnesque
2977 3435 3175 3491 Judan'
3212 3436 3325 3490 nisi
3353 3437 3558 3492 crebro
3602 3438 3692 3492 la-

2038 3521 2226 3577 verint
2256 3537 2490 3586 manus,
2517 3539 2625 3577 non
2653 3522 2888 3594 capiunt
2920 3522 3127 3591 cibum,
3157 3524 3511 3579 observantes
3539 3538 3694 3579 mor-

2038 3608 2198 3664 dicus
2228 3610 2598 3665 traditionem
2636 3612 2921 3666 seniorum
2954 3629 2967 3679 ;
3006 3611 3061 3669 et
3101 3626 3137 3667 a
3164 3612 3299 3680 foro
3330 3617 3691 3679 revertentes,

2039 3698 2155 3753 nisi
2172 3706 2586 3767 aspergantur,
2612 3716 2726 3753 non
2747 3700 3066 3763 comedunt,
3090 3701 3391 3770 multaque
3416 3705 3553 3754 sunt
3575 3701 3697 3755 alia

1959 3822 2006 3876 D
2041 3787 2471 3856 quaeservanda
2484 3793 2851 3854 acceperunt,
2875 3802 3071 3856 nempe
3091 3788 3326 3842 lationes
3348 3788 3692 3855 poculorum

2042 3879 2095 3928 et
2144 3887 2471 3938 urceorum,
2506 3878 2559 3929 et
2587 3878 3059 3937 mamentorum,
3105 3880 3155 3929 et
3209 3876 3512 3930 tectorum.
3558 3874 3694 3928 Haec

2041 3960 2285 4032 quidem
2331 3962 2410 4016 ait
2438 3964 2662 4016 Marcus
2706 3963 2773 4023 ⁸ο,
2808 3969 2995 4035 Πυγμῇ
3030 3966 3229 4017 autem
3274 3961 3459 4016 lavari
3508 3961 3696 4033 (quod

2040 4048 2225 4105 habet
2269 4050 2523 4121 Marcus)
2554 4055 2641 4104 est
2682 4065 2873 4121 usque
2922 4051 2994 4106 ad
3029 4050 3293 4105 cubitum
3322 4050 3503 4106 lavari
3556 4050 3695 4119 (Ad-

2042 4142 2199 4192 verte
2256 4138 2423 4209 quod
2459 4138 2559 4192 ubi
2620 4138 2681 4192 in
2722 4138 2921 4193 Marco
2958 4154 3097 4193 cum
3135 4140 3360 4194 cmteris
3414 4138 3698 4193 omnibus

2040 4226 2458 4297 interpretibus
2489 4231 2783 4281 vertentes
2817 4226 3070 4281 dicimus
3109 4238 3126 4286 :
3165 4227 3366 4283 crebro
3416 4225 3692 4292 tavarint,

2040 4314 2172 4370 loco
2232 4314 2505 4370 dictionis
2546 4316 2767 4381 crebro,
2811 4315 2991 4371 habet
3032 4314 3233 4370 Graeca
3292 4322 3499 4387 πυγμῇ.
3562 4315 3697 4370 ideo

2042 4403 2183 4458 dicit
2230 4408 2437 4458 auctor
2465 4408 2664 4458 noster
2692 4404 2856 4475 quod
2886 4411 3064 4475 πυγμῇ
3119 4404 3329 4468 lavari,
3370 4409 3459 4458 est
3504 4418 3696 4474 usque

2044 4490 2123 4545 ab
2153 4489 2423 4544 cubitum
2466 4491 2651 4545 lavari
2686 4512 2698 4545 :
2732 4490 2911 4562 idque
2949 4491 3025 4546 ab
3058 4491 3442 4563 etymonogia
3485 4491 3699 4545 deduci

2043 4577 2293 4633 videtur.
2361 4580 2460 4633 Est
2523 4579 2682 4633 enim
2748 4583 2949 4650 πυγμὴ.
3012 4587 3093 4644 ἧς,
3160 4594 3408 4649 pugnus,
3495 4583 3694 4649 πυγὼν,

2046 4673 2172 4727 ῶνος
2201 4665 2463 4723 cubitus.
2507 4667 2810 4722 Lavabant
2854 4672 3048 4721 autem
3078 4667 3312 4736 pocula,
3365 4682 3597 4729 urceos,
3630 4683 3699 4719 ae-

2044 4761 2315 4811 ramenta
2344 4760 2398 4810 et
2426 4755 2627 4817 lectos,
2661 4754 3075 4808 existimantes
3104 4769 3175 4807 ea
3203 4754 3318 4808 hoc
3349 4754 3532 4807 modo
3564 4767 3698 4807 san-

2046 4842 2287 4898 ctiﬁcari
2318 4860 2331 4893 :
2365 4841 2600 4911 aliaque
2650 4840 2836 4895 multa
2864 4840 3212 4910 hnjusmodi
3244 4840 3561 4895 tradebant
3595 4839 3701 4894 ob-

2047 4930 2361 4995 servanda,
2393 4930 2584 4997 legem
2615 4928 2854 4999 quidem
2882 4928 3404 4998 transgredientes,
3438 4928 3565 4983 haec
3595 4945 3700 4984 au-

333 5004 459 5055 tem
490 5002 735 5060 ridicula
764 5005 1175 5065 observantes.
1219 5009 1501 5082 Discipuli
1532 5027 1672 5069 vero
1705 5014 2041 5087 frequenter
2068 5018 2244 5073 illotis
2278 5017 2556 5072 manibus
2588 5016 2867 5083 edebant,
2899 5032 3021 5071 non
3054 5021 3345 5072 sectantes
3378 5018 3506 5073 ista.
3543 5018 3699 5083 Quo-

338 5089 524 5146 modo
546 5092 706 5148 enim
721 5092 915 5149 facere
933 5100 1228 5168 poterant,
1255 5114 1390 5154 cum
1414 5115 1726 5172 nunquam
1752 5105 1864 5160 tale
1886 5107 2199 5178 quippiam
2224 5105 2656 5167 observassent,
2688 5106 2792 5160 sed
2821 5106 3005 5161 solius
3031 5106 3261 5161 virtutis
3282 5121 3488 5162 curam
3513 5106 3699 5162 habe-

336 5182 485 5243 rent,
515 5181 857 5252 corporales
882 5186 1342 5242 consuetudines
1368 5187 1782 5260 despicientes,
1812 5209 1883 5249 eo
1908 5196 2073 5267 quod
2104 5208 2309 5250 earum
2338 5194 2738 5262 transgressio
2766 5194 2997 5250 nullum
3016 5195 3233 5251 animae
3260 5201 3463 5266 posset
3486 5195 3697 5251 afferre

341 5274 773 5326 nocumentum
799 5271 827 5325 γ

413 5356 457 5392 ⁴³
486 5358 660 5413 Marc.
697 5374 766 5414 VI.
798 5361 887 5414 45.
911 5361 958 5396 ‘9
986 5362 1153 5419 Joan.
1182 5378 1260 5428 v1,
1294 5363 1383 5419 i7.
1425 5366 1475 5407 ⁵ο
1503 5367 1681 5424 Marc.
1723 5385 1820 5436 vn,
1857 5374 1910 5435 3,
1941 5372 2001 5427 4.

1581 5465 1801 5535 Variae
1848 5468 2170 5536 lectiones
2194 5478 2258 5535 et
2289 5477 2487 5535 notae.

413 5563 525 5635 (75)
545 5563 899 5619 Ῥαντίσονται
930 5573 990 5621 Α.
1022 5566 1385 5623 Ῥαντίσωνται
1413 5570 1568 5628 infra
1592 5573 1771 5630 etiam
1800 5575 1861 5629 in
1890 5590 1930 5630 ct

2041 5580 2170 5631 extu
2198 5576 2425 5633 habent
2453 5575 2627 5632 codd.
2662 5578 2982 5649 Euthymii.

416 5652 482 5725 (t)
504 5654 636 5711 Non
656 5657 791 5725 jam
814 5655 1022 5726 ipsum.
1055 5659 1136 5713 De
1161 5657 1391 5716 Christo
1420 5674 1617 5717 sermo
1646 5669 1751 5719 est.
1784 5662 2104 5721 Hentenius
2135 5664 2321 5727 αὐτούς
2348 5664 2582 5723 videtur
2608 5664 2844 5736 legisse.
