4186 6318
436 4882 438 4885 -
525 4846 684 4900 ravit
712 4848 876 4918 quod
906 4849 1140 4906 illorum
1173 4867 1292 4906 non
1321 4863 1625 4913 servarent
1657 4859 2043 4930 traditionem,
2077 4867 2181 4938 qui

560 317 659 373 443
1878 319 2222 377 EUTHYMII
2275 321 2608 377 ZiGABENI
3822 337 3936 393 444

628 441 792 497 Vers.
827 443 914 499 13.
941 444 1029 500 Ai
1054 445 1159 500 ille
1185 475 1254 486 —
1283 450 1537 501 vestram
1566 446 1594 499 ἵ
1633 448 1758 501 Non
1784 445 1929 501 dixit
1958 447 2108 502 Bene
2135 446 2208 502 fa-

2395 448 2453 500 'O
2495 447 2554 502 δὲ
2601 479 2669 491 -
2695 451 2836 523 ὑμῶν
2871 470 2884 521 ;
2921 452 3030 505 Ούκ
3061 452 3222 522 εἶπεν,
3274 455 3354 508 ὅτι
3383 457 3554 520 καλῶς
3581 467 3800 514 ποιοῦσι
3827 461 3936 515 πᾶ-

556 530 718 585 ciunt
744 532 1258 600 transgrediendo,
1287 549 1361 589 ne
1387 534 1606 589 Iudaeis
1634 536 2020 591 contentionis
2049 552 2208 591 occa-

2325 537 2670 610 ραϐαίνοντες,
2731 542 2908 612 ἱναμή
2965 538 3041 612 δῷ
3093 550 3205 605 τοῖς
3272 543 3554 608 Ἰουδαίοις
3582 548 3820 624 ἀφορμὴν
3849 573 3937 624 φι-

563 619 791 673 sionem
830 621 1140 691 praeberet.
1183 625 1296 677 Nec
1335 623 1499 687 dixit,
1542 623 1683 679 Male
1725 624 1965 689 faciunt,
2008 641 2083 680 ne
2108 625 2208 680 hu-

2325 627 2593 696 λονεικίας,
2628 626 2743 681 οὐδ’
2787 631 2866 681 ὅτι
2909 639 3078 692 κακῶς
3105 641 3366 704 ποιοῦσιν,
3421 638 3503 688 ἵνα
3550 643 3621 710 μὴ
3653 638 3928 714 βεϐαιώσῃ

557 707 821 778 jusmodi
872 709 1251 765 traditionem
1300 711 1694 767 conﬁrmaret.
1743 713 1943 785 Neque
1971 729 2071 768 eos
2120 729 2208 768 ca-

2324 719 2416 772 τὴν
2448 721 2689 775 τοιαύτην
2740 717 3058 793 παραδοσιν,
3106 719 3230 775 οῦδὲ
3287 720 3555 778 διαϐάλλει
3596 732 3709 788 τούς
3757 750 3930 804 παρα-

560 793 887 852 lumniatur
946 799 1050 870 qui
1106 798 1273 854 illam
1337 799 1722 867 tradiderant,
1785 817 1860 856 ne
1921 806 2208 874 tanquam

2326 801 2510 868 δόντας
2565 807 2748 877 αὐτὴν,
2804 809 2984 881 ἵναμὴ
3018 813 3082 871 ὡς
3137 811 3387 885 ὑϐριστὴν
3443 823 3624 868 τοῦτον
3658 817 3926 894 ἀποστρα-

561 886 1060 943 contumeliorum
1101 905 1238 944 eum
1279 894 1709 946 aversarentur.
1771 890 1883 946 Sed
1945 891 2142 947 statim
2182 907 2208 947 e

2323 902 2505 967 φῶσιν,
2537 895 2648 948 ἀλλ’
2679 897 2828 960 εύθύς
2859 897 3157 970 ἀντεγκαλεί
3182 907 3299 977 περὶ
3329 904 3569 975 μείζονος
3606 886 3922 981 ἁμαρτήμα-

561 973 792 1030 diverso
817 975 891 1031 de
917 977 1130 1048 majori
1155 982 1401 1050 peccato
1427 983 1669 1034 accusat
1697 997 1710 1034 :
1744 979 2064 1035 ostendens
2090 995 2208 1036 non

2322 1003 2428 1052 τος,
2458 981 2492 1036 δ
2495 989 2630 1037 εικνὺ
2641 1007 2680 1052 ς,
2708 987 2788 1038 ὅτι
2811 991 2927 1049 τοὺς
2955 992 3047 1047 τὴν
3074 988 3280 1048 ἐντολὴν
3300 1000 3391 1044 τοῦ
3415 1001 3549 1047 Θεοῦ
3573 996 3922 1069 παραϐαινον-

561 1067 832 1134 oportere
862 1081 964 1121 eos
995 1066 1098 1138 qui
1147 1067 1248 1122 Dei
1284 1072 1644 1140 praeceptum
1676 1069 2208 1138 transgrediuntur,

2321 1092 2415 1134 τας
2457 1074 2514 1126 ού
2552 1078 2660 1149 χρὴ
2690 1078 2983 1148 μέμφεσθαι
3034 1085 3139 1139 τοῖς
3186 1080 3596 1154 παραϐαίνουσιν
3637 1066 3919 1160 ἀνθρώπων

559 1167 840 1208 accusare
871 1154 1021 1224 illos,
1075 1156 1178 1228 qui
1207 1155 1521 1211 hominum
1551 1158 1926 1214 traditionem
1973 1163 2208 1230 praeter-

2320 1159 2642 1235 παράδοσιν.
2694 1161 2823 1219 Εἶτα
2863 1165 3017 1238 λέγει,
3065 1172 3155 1220 καὶ
3205 1174 3358 1222 ποίαν
3404 1169 3603 1231 ἐντολὴν
3651 1182 3743 1228 τοῦ
3791 1180 3920 1228 Θεοῦ

558 1244 719 1297 eunt.
766 1242 984 1299 Deinde
1032 1245 1209 1301 etiam
1249 1245 1412 1311 dicit,
1472 1247 1634 1318 quod
1691 1247 1792 1302 Dei
1843 1251 2208 1320 praeceptum

2320 1251 2721 1324 παραϐαίνουσι,
2763 1259 2851 1306 καὶ
2903 1253 2996 1307 διὰ
3047 1260 3200 1308 ποίαν
3257 1256 3553 1332 παράδοσιν
3601 1262 3789 1335 αὐτῶν,
3832 1267 3916 1317 καὶ

555 1331 1087 1399 transgrediuntur,
1103 1338 1159 1388 et
1170 1338 1604 1406 propterquam
1619 1335 1995 1392 traditionem
2009 1353 2208 1392 suam:

2324 1340 2393 1401 εἰς
2423 1345 2579 1413 μέσον
2627 1346 2764 1418 φέρει
2801 1343 3033 1416 μάλιστα
3080 1349 3173 1404 τὴν
3231 1344 3647 1411 ἐπιπολάζουσαν
3679 1357 3796 1405 τότε
3820 1372 3918 1406 πα-

556 1432 626 1472 ac
657 1418 819 1474 illam
846 1421 1138 1492 praecipue
1167 1421 1226 1476 in
1258 1423 1517 1478 medium
1547 1423 1789 1479 adducit
1817 1424 2208 1498 iniquitatem,
2323 1434 2590 1504 ρανομίαν.

555 1523 691 1579 quae
716 1511 845 1563 tunc
875 1509 1012 1565 inde
1043 1511 1402 1580 emergebat.

627 1613 789 1669 Vers.
821 1618 875 1672 4.
901 1617 1054 1720 Nam
1088 1649 1149 1720 ‘—
1186 1621 1495 1676 moriatur.
1530 1620 1592 1674 In
1623 1619 1774 1676 libro
1815 1621 1998 1677 Exodi
2031 1622 2212 1678 ambo
2243 1667 2284 1720 Β

554 1702 683 1757 haec
708 1713 993 1776 praecepta
1015 1706 1330 1763 habentur.

2389 1705 2446 1757 Ὀ
2474 1708 2574 1779 γὰρ
2607 1738 2675 1747 -
2701 1706 3000 1760 τελευτάτω.
3022 1709 3102 1762 Ἐν
3119 1716 3180 1782 τῇ
3216 1708 3383 1782 βίϐλῳ
3413 1719 3508 1772 τῆς
3528 1716 3771 1774 Γενέσεως
3790 1710 3918 1784 (Ἳϐ)

626 1812 785 1865 Vers.
807 1811 860 1865 5.
896 1813 998 1866 Vos
1024 1844 1089 1852 ——
1112 1815 1174 1868 in
1196 1821 1360 1869 tuum
1379 1816 1630 1870 vertitur
1647 1817 2023 1872 commodum.
2052 1818 2208 1873 Difﬁ-

2318 1798 2406 1846 καὶ
2427 1796 2580 1868 ἄμφω
2609 1796 2764 1847 αὗται
2790 1799 2842 1848 αἱ
2873 1795 3066 1849 ἐντολαὶ
3095 1805 3306 1851 κεῖνται.

2385 1882 2439 1902 (κη
2509 1891 2529 1901 ο
2747 1886 2758 1900 3
2835 1884 2853 1902 Ν
2908 1887 2966 1902 Λ-
3087 1892 3097 1902 ι
3299 1891 3309 1902 ι
3406 1887 3504 1902 Ιηαὶ
3551 1889 3564 1902 ι·
3662 1896 3683 1902 ,ι
3756 1889 3768 1902 ο

557 1897 682 1952 cilis
713 1903 798 1954 est
822 1899 1040 1955 horum
1065 1902 1214 1956 ordo
1259 1902 1599 1968 verborum,
1632 1904 1746 1958 nisi
1773 1905 2033 1976 primum
2079 1922 2207 1964 rem

2385 1882 2554 1955 Ὑμεῖς
2609 1917 2676 1925 -
2733 1884 3013 1957 ὠφεληθῇς.
3073 1891 3349 1960 Δυσχερὴς
3399 1887 3510 1958 (77)
3543 1889 3572 1946 ἡ
3618 1896 3718 1939 τῶν
3742 1889 3918 1964 ῥητῶν

2314 1975 2507 2024 τούτων
2566 1975 2712 2024 ἔσταί
2770 1973 3029 2041 σύνταξις,
3087 1975 3129 2026 εἰ
3189 1980 3261 2047 μὴ
3317 1973 3795 2049 προδιηγησάμεθα
3825 1984 3915 2037 τὴν

553 2001 921 2040 enarremus.
944 1989 1213 2044 Seniores
1227 1990 1570 2046 Judaeorum
1588 1993 1914 2049 docuerant
1932 1994 2201 2064 juvenes,

2315 2062 2579 2114 ὑπόθεσιν.
2615 2064 2680 2113 Οἱ
2728 2061 3069 2134 πρεσϐύτεροι
3115 2072 3215 2114 τῶν
3269 2060 3536 2115 Ἰουδαίων
3593 2063 3917 2119 ἐπαίδευσαν

552 2076 616 2127 ut
649 2077 934 2146 praetextu
978 2076 1157 2130 divini
1209 2077 1400 2132 cultus
1434 2085 1708 2149 parentes
1739 2087 2200 2137 contemnerent.
2315 2076 2579 2166 υπξθυεσξν·
2615 2076 3069 2166 οξπρεσδυῖεροι
3115 2076 3536 2172 ξῶνρ’ξ⁰υδαίων
3593 2076 3738 2172 έπαίξ

553 2160 609 2216 Si
649 2160 782 2232 quis
820 2162 979 2217 enim
1021 2170 1336 2234 parentum
1374 2172 1597 2237 peteret
1634 2184 1670 2222 a
1713 2167 1836 2224 ﬁlio
1875 2185 2049 2224 ovem
2102 2176 2206 2226 aut

2314 2152 2430 2210 τοὺς
2478 2153 2639 2213 νέους,
2687 2151 2735 2201 ἐν
2793 2154 3049 2222 προφάσει
3098 2151 3377 2217 εὐσεϐείας,
3429 2160 3764 2226 καταφρονεῖν
3818 2165 3918 2207 τῶν

548 2248 824 2319 vitulum,
851 2255 951 2305 aut
976 2251 1138 2306 aliud
1164 2255 1498 2325 quippiam,
1526 2256 1941 2328 praecipiebant
1980 2258 2110 2324 illis,
2141 2264 2206 2315 ut

2312 2240 2520 2308 γονέων.
2567 2238 2627 2288 Εἰ
2677 2240 2777 2312 γάρ
2827 2258 2904 2300 τις
2947 2248 3044 2290 τῶν
3095 2244 3278 2310 γονέων
3321 2238 3546 2300 ἐζήτησε
3592 2240 3765 2294 λαϐεῖν
3815 2243 3914 2296 ἀπὸ

2358 2326 2978 2345 -,..m-.-..
3150 2329 3283 2345 ο.
3455 2329 3653 2345 ς...

548 2335 810 2392 dicerent
851 2355 863 2391 :
905 2341 1107 2394 Munus
1168 2347 1258 2396 est
1293 2344 1430 2408 Deo,
1464 2326 1865 2416 quodcunque
1898 2363 1968 2401 ex
2021 2363 2106 2402 me
2143 2348 2203 2402 in

2313 2335 2411 2377 τῶν
2441 2326 2555 2396 (78)
2582 2334 2671 2378 τοῦ
2701 2330 2816 2379 υἱοῦ
2843 2327 3116 2400 πρόϐατον,
3145 2329 3174 2386 ἦ
3223 2332 3428 2400 μόσχον
3450 2330 3480 2387 ἢ
3516 2329 3685 2404 ἕτερόν
3706 2351 3772 2394 τι,
3805 2352 3907 2383 πα-

2323 2413 2552 2436 _,',,_‘\,
2630 2416 2771 2436 ,’,,-
2845 2415 2896 2436 ‘3
2944 2435 2951 2436 κ
3076 2418 3094 2430 ”¹
3190 2422 3247 2436 Δα-
3303 2421 3311 2432 ί
3383 2415 3421 2436 ἓκ
3559 2427 3581 2436 -ο
3625 2427 3720 2436 Α..
3791 2419 3866 2436 ἢ.

548 2427 720 2480 tuum
749 2426 996 2481 vertitur
1026 2429 1436 2492 commodum,
1467 2413 1582 2486 hoc
1613 2437 1720 2500 est,
1748 2413 1865 2488 Deo
1896 2449 2204 2490 consecra-

2311 2413 2590 2487 ρήγγελλον
2621 2416 2796 2477 αὐτοῖς
2845 2415 3027 2486 λέγειν,
3069 2418 3149 2468 ὅτι
3179 2421 3344 2488 Δῶρόν
3375 2415 3490 2469 ἐστι
3515 2427 3588 2488 τῷ
3619 2427 3750 2488 Θεῷ,
3787 2419 3813 2470 ὃ
3845 2419 3902 2470 ἂν

2319 2503 2367 2523 ’Υ
2403 2502 2416 2523 2
2499 2511 2518 2519 κο
2574 2504 2585 2516 ‘
2663 2503 2681 2523 Ν
2735 2506 2793 2523 Λ-
3035 2509 3045 2521 1
3228 2504 3240 2518 ν
3324 2509 3334 2521 ι
3567 2516 3587 2523 -
3633 2515 3667 2523 Α
3711 2515 3730 2523 ι..
3797 2507 3813 2523 Α
3851 2507 3870 2522 1

549 2517 677 2568 tum
716 2518 802 2569 est
841 2516 1246 2589 quodcunque
1286 2535 1320 2574 a
1359 2535 1455 2575 me
1493 2520 1786 2576 lucrifacis
1829 2539 1841 2576 :
1885 2528 1938 2578 et
1976 2523 2059 2580 ita
2097 2525 2203 2579 do-

2312 2503 2367 2565 ἐξ
2397 2502 2519 2575 ἐμοῦ
2559 2503 2845 2576 ὠφεληθῇς,
2897 2509 3184 2570 τουτέστιν,
3218 2504 3496 2579 ἀφιέρωται
3525 2516 3596 2577 τῷ
3626 2515 3761 2578 Θεῷ,
3794 2507 3820 2559 ὃ
3849 2507 3908 2558 ἃν

2319 2592 2363 2612 ,γ
2396 2591 2407 2606 .s
2493 2600 2510 2606 ν
2649 2589 2670 2612 (ς
2764 2601 2781 2610 ι..
2858 2601 2894 2612 υ
2949 2599 2958 2612 ο
3021 2595 3038 2609 ιν
3179 2593 3191 2608 3
3210 2590 3255 2612 δ’
3273 2591 3295 2612 ιι
3539 2595 3551 2612 ›
3629 2600 3639 2612 ι
3731 2599 3742 2611 δ
3873 2599 3884 2612 ρ

549 2601 766 2656 cebant
793 2618 894 2658 eos
919 2604 1217 2676 deSpicere
1245 2612 1510 2678 parentes
1537 2625 1606 2664 ac
1635 2610 1826 2681 legem
1853 2615 2196 2681 transgredi.

2311 2592 2363 2654 ἐξ
2389 2591 2512 2664 ἐμοῦ
2541 2589 2823 2665 κερδανεῖς.
2858 2599 2958 2646 Καί
2983 2595 3142 2654 οὕτως
3171 2590 3459 2646 ἐδίδασκον
3490 2595 3680 2652 αύτούς
3721 2599 3916 2669 ἀτιμά-

2317 2682 2344 2700 ,.
2517 2686 2526 2698 ι
2707 2689 2724 2698 -
2853 2688 2862 2700 .
3180 2689 3201 2700 ..
3295 2683 3334 2700 ..
3459 2688 3468 2700 .
3587 2687 3598 2700 ι
3745 2689 3753 2700 .
3864 2690 3873 2700 .

552 2691 892 2757 Ignominia
953 2693 1237 2764 siquidem
1305 2701 1408 2761 est,
1477 2697 1743 2770 legisque
1797 2703 2197 2772 transgressio,

2311 2682 2417 2742 ζειν
2445 2686 2561 2742 τοὺς
2584 2689 2751 2753 γονεῖς
2782 2688 2870 2735 καὶ
2913 2689 3251 2754 παρανομεῖν.
3294 2683 3504 2755 Ἀτιμία
3542 2687 3664 2758 γὰρ,
3700 2689 3760 2736 τὸ
3788 2690 3912 2748 τοὺς

548 2776 705 2832 ﬁlios
733 2779 1004 2834 resistere
1034 2782 1400 2852 parentibus.
1432 2788 1579 2841 Nam
1610 2767 1665 2841 et
1711 2787 1874 2858 ipsos
1926 2767 2200 2860 parentes

2307 2767 2506 2832 παῖδας
2554 2769 2755 2841 ἀπατᾷν
2785 2775 2904 2832 τοὺς
2961 2778 3142 2842 γονεῖς,
3192 2776 3282 2824 καὶ
3329 2777 3639 2846 παρανομία.
3696 2777 3829 2833 Τούς
3853 2793 3911 2826 τε

2357 2862 2366 2876 η
2559 2866 2580 2876 α.
2642 2859 2654 2874 3
2814 2865 2821 2874 ι
3133 2863 3142 2876 ι
3325 2868 3346 2876 ..
3383 2869 3414 2876 Α
3485 2868 3502 2876 ..
3620 2865 3630 2876 1
3715 2860 3728 2875 θ
3750 2857 3784 2876 ﬁt
3874 2870 3895 2876 _

547 2865 649 2920 Dei
709 2871 998 2936 praetextu
1064 2867 1424 2926 fraudabant
1461 2889 1522 2928 re
1588 2875 1800 2942 debita,
1835 2882 1892 2933 et
1919 2857 2028 2934 nec
2081 2883 2197 2935 Deo

2309 2862 2408 2933 γὰρ
2441 2866 2601 2930 γονεῖς
2633 2859 2944 2934 ἀπεστέρουν
2972 2863 3227 2932 προφάσει
3258 2868 3349 2912 τοῦ
3376 2868 3525 2930 Θεοῦ,
3552 2865 3640 2912 καὶ
3673 2857 3798 2913 οὐδε
3826 2870 3903 2932 τῷ

2315 2957 2350 2965 Α
2397 2956 2415 2964 .-
2618 2953 2628 2964 ι
2846 2949 2903 2965 ν--
2974 2952 2982 2965 η
3110 2946 3132 2964 τ
3228 2945 3250 2965 (ι
3291 2955 3302 2965 ι
3637 2950 3649 2965 Ι
3781 2958 3827 2965 -σ
3881 2955 3891 2965 ι

545 2953 712 3009 illam
743 2953 1091 3011 offerebant.
1124 2960 1256 3014 Haec
1285 2961 1476 3031 itaque
1506 2963 1590 3017 rei
1617 2965 1876 3020 narratio
1897 2972 2000 3022 est.
2034 2972 2200 3024 Nunc

2311 2956 2422 3017 Θεῷ
2466 2953 2799 3022 προσέφερον.
2846 2949 2903 3002 Ἠ
2934 2952 3022 3021 μεν
3076 2946 3161 3000 οὖν
3216 2945 3466 3021 διήγησις
3511 2950 3742 3006 τοιαύτη.
3781 2955 3901 3022 Χρή

2323 3033 2355 3054 “ﬁ
2399 3037 2418 3054 Ν
2531 3041 2539 3053 9
2632 3038 2642 3049 ί·
2819 3047 2838 3054 ν
3052 3043 3061 3054 ι
3163 3041 3172 3054 ι
3231 3040 3242 3052 ι·
3344 3042 3353 3052 σ
3407 3039 3461 3054 τι-
3528 3045 3547 3054 υ
3617 3035 3650 3054 ἢ*
3714 3037 3733 3054 \
3759 3042 3770 3054 ο

543 3057 682 3097 vero
721 3048 954 3114 oportet
999 3051 1054 3102 et
1083 3047 1241 3103 dicta
1269 3048 1662 3121 interpretari.
1709 3054 1812 3109 Vos
1859 3061 2051 3113 autem
2109 3059 2199 3113 di-

2310 3033 2369 3089 δὲ
2399 3037 2575 3090 λοιπόν
2622 3038 2937 3110 ἑρμηνεῦσαι
2981 3043 3070 3090 καὶ
3119 3041 3187 3091 τὰ
3217 3040 3372 3113 ῥητά.
3407 3039 3574 3110 Ὑμεῖς
3605 3035 3665 3090 δε
3714 3037 3908 3111 λέγετε,

2318 3125 2330 3141 ,
2405 3130 2414 3142 .
2544 3133 2564 3142 -
2767 3135 2786 3142 _
2892 3127 2904 3140 ρ
3081 3130 3091 3142 ,
3268 3129 3280 3142 ε
3358 3134 3378 3142 -
3485 3123 3507 3142 ε
3547 3123 3606 3142 εκ,
3861 3133 3870 3142 .

541 3131 684 3197 citis,
742 3133 858 3187 hoc
917 3138 1022 3199 est,
1085 3151 1194 3191 vos
1250 3140 1738 3211 interpretamini,
1799 3159 1910 3198 vos
1976 3145 2199 3202 docetis

2308 3125 2422 3180 ἀντὶ
2473 3133 2589 3191 τοῦ,
2643 3127 2808 3198 Ὑμεῖς
2881 3127 3197 3201 ἑρμηνεύετε,
3259 3129 3406 3198 ὑμεῖς
3473 3123 3758 3180 διδάσκετε
3814 3133 3909 3186 τὴν

541 3219 956 3291 deceptionem
976 3223 1140 3279 illam
1164 3225 1492 3282 humanam
1521 3251 1532 3281 :
1563 3231 1842 3303 Quisquis
1869 3233 2077 3290 dixerit
2098 3251 2196 3306 pa-

2309 3214 2511 3274 ἆπάτην
2553 3219 2639 3268 τὸν
2687 3218 2955 3289 ἄνθρωπον
3007 3215 3216 3285 ἐκεῖνον,
3254 3216 3306 3277 ὃς
3358 3215 3420 3267 ἂν
3471 3218 3588 3288 εἴπῃ
3643 3224 3716 3287 τῷ
3744 3222 3910 3292 πατρὶ

2312 3306 2473 3322 η-
2681 3305 3185 3322 .~._.,
3374 3305 3904 3322 -η,.ι.ι-,.κ

539 3308 614 3363 tri
671 3309 763 3364 vel
801 3312 996 3374 matri,
1038 3315 1258 3370 Munus
1298 3325 1380 3371 est
1415 3320 1534 3373 Deo
1574 3328 1974 3379 consecratum
2029 3325 2196 3395 quid-

2307 3306 2336 3364 ἣ
2413 3313 2474 3377 τῇ
2536 3311 2718 3377 μητρὶ,
2779 3307 2859 3358 ὅτι
2917 3311 3084 3380 Δῶρον
3166 3306 3278 3358 ἐστι
3331 3313 3402 3375 τῷ
3451 3309 3557 3375 Θεῷ
3606 3306 3633 3358 ὃ
3685 3306 3745 3356 ἂν
3795 3306 3909 3378 (ἷ9)

2313 3394 2971 3410 ,ν,-,ςλ-..
3178 3393 3599 3410 ...ςν,-
3763 3392 3819 3410 ι.-

538 3399 682 3468 quid
706 3413 775 3454 ex
799 3415 888 3455 me
911 3401 974 3455 in
1003 3408 1167 3458 tuum
1193 3406 1448 3460 vertitur
1478 3409 1853 3476 commodam,
1885 3412 2006 3468 sive
2031 3392 2196 3483 quid-

2305 3394 2358 3458 ἐξ
2410 3394 2533 3467 ἐμοῦ
2583 3394 2868 3467 ὠφεληθῇς,
2929 3399 3116 3460 ε’ίτουν,
3174 3395 3200 3446 ὃ
3255 3394 3313 3446 ἆν
3373 3393 3429 3456 ἐξ
3476 3393 3600 3466 ἐμοῦ
3657 3392 3910 3468 κερδᾶναι

538 3485 685 3554 quid
715 3501 786 3541 ex
812 3503 908 3542 me
939 3489 1282 3547 lucrifacere
1312 3495 1500 3564 cupis.
2307 3483 2469 3556 θελης·

609 3574 652 3640 -ι-
699 3575 953 3666 Quidam
1002 3583 1201 3666 autem
1250 3597 1350 3651 per
1399 3582 1694 3640 defectum
1735 3586 2194 3660 interpretantur

2377 3589 2540 3662 [Τινὲς
2570 3592 2684 3662 (80)
2727 3587 2786 3642 δὲ
2833 3590 3159 3652 ἐλλειπτικῶς
3212 3593 3270 3642 τὸ
3319 3590 3476 3666 ῥητὸν
3524 3590 3900 3664 ἑρμηνεύοντες,

538 3659 650 3714 hoc
701 3661 924 3718 dictum
977 3665 1240 3723 dicentes
1275 3685 1287 3723 :
1323 3672 1471 3726 Deus
1517 3674 1756 3745 quidem
1790 3659 1918 3732 haec
1949 3679 2040 3734 vel
2095 3679 2193 3736 illa

2301 3684 2477 3752 φασὶν,
2511 3681 2590 3730 ὅτι
2621 3681 2646 3730 ό
2677 3682 2764 3750 μὲν
2819 3682 2943 3740 Θεὸς
2982 3677 3259 3730 ἐνετείλατο
3297 3675 3428 3731 τάδε
3455 3683 3542 3731 καὶ
3569 3674 3715 3730 τάδε⁸
3749 3681 3902 3750 ὑμεῖς

536 3751 821 3822 praacepit
852 3769 866 3820 ;
898 3769 1008 3808 vos
1041 3760 1239 3812 autem
1270 3758 1399 3814 haec
1427 3761 1748 3831 rejicientes
1778 3764 1991 3833 dicitis,
2027 3769 2188 3830 Quis-

2301 3765 2378 3833 δὲ,
2418 3775 2582 3820 ταῦτα
2611 3767 2925 3832 ἀθετοῦντες,
2957 3767 3144 3838 λέγετε,
3191 3771 3270 3818 ὅτι
3300 3767 3355 3829 ὃς
3383 3766 3444 3818 ἂν
3492 3769 3606 3836 ε’ίπῃ
3635 3773 3706 3836 τῷ
3735 3773 3901 3842 πατρὶ

535 3837 674 3908 quis
725 3839 936 3896 dixerit
962 3843 1116 3914 patri
1169 3845 1256 3900 vel
1304 3849 1496 3915 matri,
1547 3851 1777 3908 Corban
1831 3855 1953 3910 sive
1979 3872 2192 3912 manus

2300 3858 2420 3928 ἣτῇ
2473 3861 2633 3930 μητρὶ
2693 3855 2914 3928 Κορϐἁν,
2964 3860 3101 3919 ἤτοι,
3161 3852 3325 3929 δῶρόν
3383 3855 3495 3908 ἐστι
3544 3861 3615 3926 τῷ
3674 3863 3788 3926 Θεῷ
3838 3860 3899 3908 τὸ

534 3930 623 3982 est
669 3928 784 3983 Deo
837 3933 1168 4000 quaesitum,
1207 3937 1610 4009 quodcunque
1663 3957 1734 3995 ex
1771 3958 1867 3998 me
1919 3944 1982 3999 in
2021 3951 2189 4002 tuum

2300 3945 2632 4017 ζητούμενον,
2655 3945 3017 4020 ἠλευθέρωται.
3039 3951 3202 3997 Τοῦτο
3231 3947 3332 4019 γὰρ
3358 3943 3598 4015 λέγουσιν
3629 3943 3893 4016 ἐλλείπειν,

532 4015 775 4071 vertitur
804 4020 1213 4075 commodum.
1267 4023 1546 4081 liberatus
1575 4032 1688 4083 est.
1731 4032 1848 4084 Hoc
1895 4033 2054 4088 enim
2107 4034 2191 4089 di-

2300 4036 2366 4094 ὡς
2421 4015 2526 4094 τοῖς
2586 4015 2843 4095 ὀυδαίοις
2897 4040 3174 4108 γνώριμον,
3248 4036 3375 4108 πρὸς
3433 4031 3522 4092 οῦς
3577 4035 3752 4108 εἴρηκε
3807 4037 3896 4087 τὸν

531 4106 674 4192 cunt
699 4103 966 4168 deﬁcere,
1001 4111 1203 4175 utpote
1223 4109 1440 4166 Judaeis
1469 4117 1678 4168 notum
1701 4116 1778 4169 ad
1800 4131 1953 4188 quos
1982 4121 2187 4190 dirige-
2221 4093 2264 4146 Β
2296 4121 2490 4192 λόφον.]

527 4188 632 4243 bat
661 4204 1018 4246 sermonem.

599 4292 855 4385 Vers.}.
897 4297 976 4351 Et
1018 4329 1084 4336 —
1123 4314 1311 4355 suam.
1354 4303 1418 4358 Et
1457 4305 1584 4360 talis
1622 4305 1795 4363 homo
1829 4309 1956 4380 jam
1998 4312 2190 4385 impu-

529 4380 678 4435 dens
729 4381 989 4450 eﬁ‘ectus,
1043 4385 1323 4460 deinceps
1369 4407 1491 4448 non
1542 4394 1864 4455 honorabit
1914 4380 2186 4471 parentes

529 4483 696 4524 SUOS.

600 4575 763 4632 Vers.
797 4581 828 4633 6
858 4581 934 4635 Et
962 4613 1031 4622 —-
1058 4589 1334 4644 vestram.
1391 4588 1544 4646 Cum
1575 4591 1884 4652 manifeste
1938 4599 2181 4655 demon-

2365 4445 2466 4494 Καὶ
2496 4473 2563 4482 —
2588 4442 2767 4497 αὐτοῦ.
2793 4446 2893 4495 Καὶ
2915 4443 2940 4494 ὁ
2964 4448 3192 4506 τοιοῦτος
3219 4442 3509 4515 ἄνθρωπος,
3543 4439 3891 4514 ἀναίσχυντος

2289 4538 2381 4584 τοῦ
2433 4530 2614 4584 λοιποῦ
2671 4534 2954 4603 γενόμενος,
3011 4531 3104 4586 ούκ
3155 4532 3230 4584 ἔτι
3283 4534 3493 4602 τιμήσει
3550 4533 3672 4593 τοὺς
3725 4541 3885 4602 γονεῖς

2287 4621 2470 4679 αὐτοῦ.

532 4667 804 4723 straverit
830 4668 959 4725 illos
985 4670 1308 4744 iniquitatis
1334 4683 1729 4751 praeceptores
1760 4699 1912 4755 esse,
1943 4702 2012 4741 ex
2044 4704 2180 4742 con-

532 4757 796 4783 ηΑηιιΑ-ιιιε
835 4774 1067 4783 κ.------
1109 4761 1352 4783 .12___‘-_,,I
1849 4774 1878 4783 ,ι
2041 4775 2098 4783 ι..

2361 4667 2470 4764 Καί
2492 4741 2559 4749 -
2601 4713 2764 4783 ἡμῶν.
2799 4705 3080 4781 Προδήλως
3111 4705 3406 4777 ξάποδείξας
3433 4707 3624 4772 αύτούς
3659 4727 3880 4780 παρανο-

529 4757 799 4827 sequenti
832 4774 1073 4831 quoque
1103 4761 1426 4835 discipulos
1458 4785 1592 4823 suos
1623 4774 2000 4829 accusatione
2039 4775 2182 4832 libe-

529 4846 682 4871 -.ι-..ει
715 4848 872 4871 κ.--...1
908 4849 1136 4871 ειι-..--ᾉ-
1173 4867 1284 4871 ..ᾼη
1329 4870 1334 4871 ,
1363 4870 1370 4871 κ
1608 4863 1618 4871 .
1661 4863 1671 4871 .
1769 4859 1848 4871 ιι..
2167 4867 2177 4871 -

2361 4757 2462 4764 --η-
2605 4757 2629 4768 -.
2799 4757 2929 4781 --Γρ
3113 4757 3405 4777 ,τη---τη
3663 4757 3851 4780 ρετ-ρ-

2300 4803 2408 4861 ιίας
2438 4797 2472 4852 δ
2477 4757 2815 4866 ιόασχὲἑλους,
2863 4797 3117 4860 ἀπήλλαξε
3163 4797 3403 4870 μέμψεως
3431 4797 3607 4851 λοιπὸν
3653 4800 3883 4859 καὶτοὺς

2285 4891 2526 4960 μαθητὰς
2551 4890 2729 4953 αὐτοῦ,
2789 4892 2860 4959 μὴ
2893 4895 3173 4958 τηροῦντας
3220 4891 3313 4944 τὴν
3344 4883 3639 4960 ηαράδοσιν
3669 4895 3766 4940 τῶν
3809 4893 3880 4961 μὴ

2283 4980 2572 5051 τηρούντων
2603 4982 2696 5035 τὴν
2727 4975 2931 5034 ἐντολὴν
2962 4984 3052 5028 τοῦ
3085 4983 3238 5030 Θεοῦ.

595 5041 758 5136 Vers.
783 5041 876 5140 .7.‘
913 5045 1246 5112 [lg/poema?
1288 5078 1355 5090 -—
1402 5050 1610 5106 Isaias.
1658 5053 2002 5127 Hypocritas
2045 5060 2176 5118 illos

2354 5071 2640 5140 Υποκριταὶ
2695 5095 2763 5106 —-
2839 5065 3078 5126 Ἠσαίας.
3161 5065 3469 5139 Ὑτοκριτὰς
3551 5067 3736 5128 αὐτούς
3807 5075 3886 5121 εῖ-

523 5126 670 5182 dixit
694 5129 835 5210 quia
865 5129 1053 5201 legem
1082 5149 1317 5192 servare
1346 5139 1716 5213 videbantur,
1747 5126 1942 5216 ipsam
1979 5154 2176 5206 tamen

2300 5174 2389 5221 τεν,
2449 5158 2512 5216 ὡς
2564 5152 2850 5218 δοκοῦντας
3038 5153 3299 5227 ἐννόμους,
3353 5159 3500 5218 ὄντας
3556 5153 3614 5208 δὲ
3657 5162 3885 5233 παρανό-

526 4934 628 4988 Dei
658 4940 1020 5007 praeceptum
1046 4955 1167 4994 non
1190 4943 1521 5000 servabant.

1751 5296 1975 5366 Variae
2003 5300 2337 5392 lectiones
2376 5315 2441 5373 et
2466 5316 2646 5397 nota:

596 5448 896 5541 (791nm,
909 5460 1014 5541 τῆς
1036 5450 1277 5541 A’E‘Edd‘pu.
1315 5456 1542 5541 scilicet
1571 5465 1760 5541 Exod.
1794 5483 1887 5533 xx,
1921 5473 1983 5524 l2
2014 5488 2033 5541 ;
2065 5474 2186 5538 xxi,

2372 5477 2482 5541 (‘78)
2513 5483 2623 5529 Τῶν
2655 5476 2824 5533 abest
2850 5479 2915 5530 A.

527 5523 1106 5614 i72~AqtqpreitatlegAit
1135 5526 1311 5614 etiam
1346 5529 1694 5614 Hentenius.
1733 5607 1743 5614 _
1871 5523 1886 5614 ί
1966 5523 1971 5524 7
2014 5523 2033 5541 ⁷
2065 5523 2186 5538 “ﬂ
2514 5523 2759 5614 ﬂictu“;

596 5591 1200 5692 glig‘i‘ifﬁec‘ﬁ’uetips:
1219 5602 1516 5692 tanquam
1529 5620 1622 5692 ex“
1649 5591 1916 5679 Origenis
1955 5616 2187 5684 catena,
2515 5591 2759 5678 ﬁciis;
2774 5620 2834 5683 in
2864 5618 3133 5692 margine
3162 5617 3345 5688 habet
3372 5622 3437 5677 A.

524 5661 731 5720 laudat
756 5663 835 5719 ad
861 5663 1016 5735 Orig.
1046 5667 1137 5722 IlI.
1165 5684 1224 5741 p.
1256 5661 1380 5726 48§.
1414 5677 1557 5730 nota
1587 5672 1646 5733 δ.
