4186 6318
390 345 501 399 445

1383 344 1749 401 COMMENT.
1796 344 1859 398 IN
1901 341 2342 398 MATTHAEUM.
2389 373 2451 381 —
2493 343 2646 397 CAP.
2690 344 2811 399 XV.

3654 350 3760 405 446

396 491 549 544 μους.
604 469 753 539 Ἀγει
802 465 860 520 δε
894 471 980 520 τόν
1028 475 1299 545 προφήτην
1354 470 1425 530 εἷς
1476 476 1655 543 μέσον,
1688 470 1847 523 πάλαι
1876 489 1999 520 κατ-

2124 466 2719 536 transgrediebantur.
2764 470 3125 542 Prophetam
3163 474 3360 529 autem
3390 473 3450 529 in
3494 472 3761 529 medium

399 566 687 632 ηγοροῦντα
763 558 953 627 αὐτῶν,
1030 559 1063 609 ἂ
1120 568 1229 621 νῦν
1303 559 1454 621 οὗτος
1505 563 1852 632 κατηγόρησε,
1915 562 2001 609 καὶ

400 647 686 718 δείκνυσιν,
758 650 837 699 ὅτι
915 648 1070 709 αύτός
1154 648 1288 701 ἐστιν
1333 652 1358 700 ὁ
1412 650 1622 701 κάκεῖνα
1694 645 1764 700 δι’
1812 646 2000 699 ἐκείνου

398 735 756 809 φθεγξάμενος.

465 970 647 1038 Λέγων
706 998 775 1007 -
828 965 1127 1041 ἀνθρώπων.
1170 967 1357 1035 Εἰπὼν,
1416 968 1492 1018 ὅτι
1540 966 1770 1039 Ἐγγίζει
1813 986 1902 1039 μοι
1933 974 2003 1017 τῶ

397 1059 647 1128 στόματι,
698 1056 1056 1130 ἐφηρμὴνευσε
1106 1064 1279 1125 τοῦτο,
1326 1057 1591 1130 προσθεὶς,
1647 1058 1726 1107 ὅτι
1764 1056 1870 1109 Καὶ
1901 1063 2004 1115 τοῖς

395 1145 602 1217 χείλεσί
632 1165 694 1219 με
746 1152 892 1217 τιμᾶ·
949 1148 1069 1197 Θεὸν
1102 1144 1359 1216 ὁμολογῶν
1409 1165 1471 1218 με
1522 1149 1609 1197 καὶ
1640 1150 1880 1213 ποιητὴν,
1912 1149 2002 1196 καὶ

400 1238 590 1308 Κύριον
611 1242 703 1285 τοῦ
724 1238 933 1296 παντός⁸
966 1236 995 1291 ἡ
1030 1230 1088 1285 δὲ
1113 1231 1311 1303 καρδία
1340 1234 1507 1286 αὐτῶν
1532 1233 1708 1309 πόρῥω
1730 1231 2003 1287 διίσταται

399 1323 489 1376 ἀπ’
550 1324 693 1396 ἐμοῦ,
774 1327 846 1395 μὴ
933 1322 1299 1385 πληςιάζουσα
1375 1330 1477 1383 τοῖς
1534 1322 1670 1396 ἐμοῖς
1726 1324 1999 1396 θελήμασιο

397 1415 567 1485 μάτην
603 1410 662 1464 δὲ
691 1410 930 1464 σέϐονται
954 1432 1035 1484 με,
1082 1416 1153 1484 μὴ
1208 1414 1294 1472 τὰς
1338 1411 1462 1484 ἐμὰς
1494 1412 1837 1484 φυλάσσοντες
1868 1411 2001 1463 ἐντο-

397 1501 510 1565 λὰς,
544 1500 671 1552 ἀλλὰ
702 1498 1046 1561 διδάσκοντες
1097 1497 1470 1572 διδασκαλίας,
1525 1505 1686 1563 οὔσας
1716 1501 2003 1573 ἐντάλματα

400 1589 701 1663 ἀνθρώπων,
767 1594 857 1641 καὶ
917 1589 975 1640 ού
1024 1598 1114 1641 τοῦ
1196 1597 1347 1644 Θεοῦ.
1410 1590 1716 1663 Φοϐηθῶμεν
1768 1588 1853 1641 οὖν
1913 1596 2002 1643 καὶ

402 1682 574 1751 ἡμεῖς,
607 1681 632 1729 ό
662 1685 751 1730 τοῦ
780 1685 1014 1753 Χριστοῦ
1066 1678 1209 1744 λαὸς,
1257 1683 1327 1751 μὴ
1362 1682 1450 1730 καὶ
1497 1681 1612 1731 καθ’
1658 1682 1803 1752 ἡμῶν
1837 1688 2003 1731 ταῦτα

402 1767 613 1840 ῥηθείη.

479 1861 670 1908 Καὶ-
702 1856 893 1918 αὐτοῖς.
923 1856 1175 1917 Ἑκείνους
1214 1859 1303 1929 μὲν
1332 1856 1672 1929 ἐπιστομίσας
1701 1862 1789 1909 καὶ
1819 1858 2000 1909 καται-

409 1948 608 2015 σχύνας
638 1944 847 2016 ἀφῆκεν,
879 1947 942 2005 ὡς
980 1946 1240 2007 ἀνιάτους·
1272 1951 1445 2019 τρέπει
1494 1943 1553 1998 δὲ
1582 1950 1667 1998 τὸν
1698 1946 1847 2017 λόγον
1871 1951 2002 2021 πρὸς

403 2038 492 2086 τὸν
518 2034 694 2106 ὄχλον,
716 2036 782 2096 ὡς
810 2034 1229 2107 ἀξιολογώτερον,

474 2282 711 2334 Ἀκούετε
739 2311 809 2323 -
841 2285 1055 2337 συνίετε.
1082 2280 1378 2346 Ἀκούετε,ὃ
1405 2281 1522 2355 ἐρῶ,
1553 2287 1641 2333 καὶ
1666 2288 1827 2353 γνῶτε
1852 2283 1995 2335 αῦτό.

394 2374 554 2442 Λέγει
586 2367 645 2422 δὲ
673 2377 849 2439 τοῦτο,
880 2378 1043 2442 τιμῶν
1075 2370 1285 2437 αὐτούς,
1321 2371 1403 2422 ἵνα
1434 2367 1814 2442 εύπαράδεκτον
1847 2375 2001 2443 γένη-

392 2479 481 2511 ται
511 2462 571 2512 τὸ
609 2461 971 2535 ῥηθησόμενον
983 2502 997 2517 .

470 2566 545 2619 Οῦ
584 2598 655 2607 -
710 2567 1001 2640 ἄνθρωπον.
1058 2573 1254 2633 Κοινοῖ,
1311 2566 1423 2619 ἀντὶ
1475 2574 1585 2632 τοῦ,
1636 2571 1847 2639 μιαίνει.
1905 2572 2000 2620 Λέ-

398 2675 480 2728 γει
524 2660 719 2727 τοίνυν⁹
765 2658 845 2708 ὅτι
875 2656 980 2728 οῦχ
1005 2658 1030 2708 ὁ
1062 2655 1162 2708 ἀπὸ
1187 2666 1284 2707 τῶν
1323 2655 1548 2708 ἀνίπτων
1586 2662 1778 2729 χείρῶν
1816 2657 1995 2731 ῥύπος,

397 2749 529 2819 μετὰ
577 2754 677 2797 τῶν
754 2745 1046 2819 βρωμάτων
1114 2745 1477 2818 εἰσερχόμενος
1547 2745 1619 2807 εἰς
1670 2749 1729 2796 τό
1808 2750 1997 2818 στόμα,

394 2839 592 2910 μιαίνει
632 2838 718 2887 τὸν
763 2836 1049 2908 ἄνθρωπον·
1099 2832 1223 2887 οὐδὲ
1262 2838 1361 2908 γὰρ
1409 2836 1626 2887 οἶπτεται
1672 2842 1762 2906 τῇς
1790 2834 1996 2906 ψυχῆς

398 2929 551 2998 μόνον
626 2925 724 2998 γὰρ
808 2926 995 2998 μιαρὸν
1070 2926 1099 2981 ἡ
1187 2924 1437 2996 ἁμαρτία,
1515 2923 1825 2996 βλάπτόυσα
1908 2927 1999 2980 τὴν

400 3014 609 3085 ψυχήν.
662 3011 721 3064 Ἠ
787 3015 876 3084 μὲν
938 3008 1025 3064 οὖν
1072 3017 1354 3087 πρόχειρος
1410 3013 1650 3087 ἑρμηνεία
1698 3019 1787 3065 τοῦ
1841 3014 2000 3085 ῥητοῦ

397 3104 614 3160 τοιαύτη
625 3145 637 3157 .

472 3213 609 3263 Φασὶ
663 3205 722 3261 δὲ
766 3212 856 3259 καὶ
902 3207 1061 3265 ἄλλην
1110 3209 1495 3282 ύποκεκρύφθαι
1554 3208 1864 3281 βαθυτέραν,
1922 3209 2001 3258 ὅτι

401 3295 575 3367 οὐδὲν,
601 3298 747 3371 παρὰ
785 3302 919 3349 Θεοῦ
957 3301 1241 3367 γενόμενον,
1292 3299 1443 3368 φύσει
1489 3301 1673 3369 μιαρόν
1704 3295 1834 3349 ἐστι.
1865 3299 2001 3353 Φησὶ

397 3389 500 3461 γὰρ
543 3387 570 3436 ό
628 3392 881 3445 Μωῦσῆς.
943 3388 1044 3437 Καὶ
1099 3381 1232 3437 εἶδεν
1288 3387 1315 3436 ὁ
1369 3388 1495 3444 Θεὸς
1549 3387 1613 3437 τὰ
1662 3386 1852 3451 πάντα,
1903 3386 2003 3435 ὃσα

400 3474 629 3541 ἐποίησε,
682 3478 772 3526 καὶ
822 3470 959 3536 ἰδοῦ,
1036 3472 1170 3525 καλὰ
1245 3472 1378 3527 λίαν.
1459 3478 1560 3525 Καὶ
1638 3472 1845 3544 λέγουσι
1910 3469 2003 3523 διὰ

394 3566 593 3626 ταύτης
633 3571 729 3625 τῆς
760 3562 1052 3636 βαθυτέρας
1082 3565 1176 3619 τὴν
1222 3570 1319 3613 τῶν
1348 3562 1638 3637 βρωμάτων
1667 3560 2003 3613 ἐκϐάλλεσθαι

394 3657 787 3727 παρατήρησιν,
822 3650 883 3709 ἢν
938 3647 1189 3703 Ἰουδαῖοι
1246 3651 1709 3723 παρεφυλάττοντο.
1757 3657 1860 3703 Τοῦ
1903 3652 2003 3723 γὰρ

394 3747 516 3816 περὶ
570 3740 858 3814 βρωμάτων
919 3743 1078 3812 νόμου
1130 3739 1444 3811 συμϐολικὴν
1508 3742 1721 3813 θεωρίαν
1771 3742 2003 3810 ἔχοντος,

398 3832 451 3881 οἱ
534 3826 784 3881 Ἰουδαῖοι
874 3826 1036 3901 μηδὲν
1112 3828 1311 3899 ὑψηλὸν

404 3925 718 3989 σωματικῶς
766 3919 933 3969 πάντα
969 3922 1058 3969 καὶ
1096 3918 1228 3969 κατὰ
1279 3919 1337 3969 τὸ
1392 3920 1690 3989 φαινόμενον
1731 3915 2009 3987 ἐξελαμϐά-

1416 3827 1597 3879 ἐννοεῖν
1706 3825 2002 3893 δυνάμενοι,

400 4026 571 4061 νοντο.

479 4095 634 4149 Ἀλλὰ
664 4126 730 4138 -
773 4097 1057 4171 ἄνθρωπον.
1109 4096 1469 4167 Ἐκπορεύεται
1514 4094 1567 4147 ἐκ
1613 4103 1703 4148 τοῦ
1750 4100 2006 4168 στόματος

403 4191 500 4246 πᾶς
528 4184 701 4256 λόγος·
756 4184 883 4236 ἀλλὰ
928 4190 1045 4260 περὶ
1093 4192 1184 4236 τοῦ
1222 4194 1449 4258 πονηροῦ
1492 4184 1626 4255 λέγει
1655 4193 1762 4250 νῦν,
1810 4186 1858 4245 ὃς
1892 4188 2004 4255 ἔχει

401 4278 575 4344 πηγὴν
602 4277 694 4332 τὴν
723 4269 968 4348 καρδίαν.
1025 4277 1226 4347 Προῑὼν
1276 4270 1335 4324 δὲ
1368 4273 1642 4346 σαφηνίζει
1694 4275 1761 4324 τὰ
1790 4271 2003 4344 ἀσαφῶς

402 4364 625 4416 ἐνταῦθα
651 4364 898 4436 ῥηθέντα.

2112 556 2375 623 adducit,
2423 557 2524 627 qui
2562 558 2690 627 jam
2724 558 2861 613 olim
2894 560 3022 615 illos
3069 564 3393 618 accusabat
3433 561 3507 617 de
3540 561 3653 625 his,
3688 561 3761 616 de

2111 646 2331 717 quibus
2381 646 2508 717 ipse
2550 661 2711 700 nunc
2760 663 2861 701 eos
2910 655 3194 716 accusat;
3230 656 3283 706 et
3328 667 3389 707 se
3443 667 3579 706 eum
3635 666 3762 705 esse

2112 734 2387 798 ostendit,
2443 735 2545 804 qui
2600 734 2776 790 etiam
2836 737 2934 793 illa
2990 754 3096 810 per
3146 742 3506 813 prophetam
3556 740 3765 814 loque-

2110 822 2307 877 batur.

2182 931 2345 984 Vers.
2392 930 2446 982 7.
2493 930 2694 986 Dicens
2732 962 2799 971 —
2844 934 2903 987 ν,
2947 935 3003 989 9.
3055 935 3373 991 hominum.
3425 936 3758 1009 Postquam

2112 1017 2258 1073 dixit
2277 1033 2290 1072 :
2308 1019 2756 1090 Appropinquat
2780 1021 2929 1076 mihi
2948 1038 3063 1089 ore,
3087 1024 3502 1094 interpretatus
3521 1027 3755 1090 esthoc,

2112 1106 2489 1163 addenszEt
2551 1108 2716 1163 labiis
2762 1126 2854 1165 me
2907 1110 3177 1176 honorat,
3233 1114 3418 1167 Deum
3476 1129 3571 1167 me
3626 1130 3757 1169 esse

2112 1195 2402 1252 conﬁtens
2428 1200 2483 1252 et
2510 1200 2847 1254 Creatorem
2886 1215 2955 1255 ac
2986 1200 3303 1255 Dominum
3333 1201 3613 1256 universi.
3646 1202 3757 1257 Cor

2112 1290 2313 1342 autem
2330 1302 2535 1342 eorum
2558 1288 2731 1357 longe
2749 1288 2921 1344 abest
2943 1306 2978 1345 a
2996 1305 3110 1355 me,
3126 1305 3248 1344 non
3262 1289 3759 1362 appropinquans

2111 1375 2259 1430 meis
2324 1375 2747 1433 voluntatibus.
2810 1381 3041 1435 Frustra
3098 1386 3297 1435 autem
3372 1380 3575 1435 colunt
3642 1396 3757 1447 me,

2111 1480 2246 1519 cum
2279 1481 2412 1520 mea
2441 1482 2563 1521 non
2595 1471 2827 1522 servent
2856 1474 3172 1540 praecepta,
3207 1469 3311 1523 sed
3339 1469 3595 1525 doceant
3623 1469 3762 1524 doc-

2111 1554 2291 1608 trinas
2336 1570 2469 1625 quae
2502 1560 2639 1610 sunt
2669 1561 2967 1627 praecepta
3018 1558 3332 1613 hominum
3368 1565 3422 1613 et
3464 1573 3585 1613 non
3627 1557 3750 1613 Dei.

2110 1642 2449 1698 Timeamus
2481 1659 2620 1713 ergo
2651 1650 2707 1699 et
2730 1660 2840 1700 nos
2874 1646 2978 1717 qui
3003 1663 3210 1701 sumus
3241 1646 3447 1702 Christi
3478 1646 3756 1718 populus,

2110 1747 2184 1786 ne
2211 1734 2384 1787 etiam
2418 1732 2739 1787 adversum
2772 1750 2883 1789 nos
2916 1734 3042 1789 haec
3073 1736 3363 1790 dicantur.

2184 1840 2347 1893 Vers.
2384 1840 2467 1893 10.
2514 1840 2594 1894 Et
2642 1872 2707 1880 ——
2747 1841 2847 1896 eis.
2882 1840 3013 1895 Illos
3063 1845 3347 1912 tanquam
3401 1841 3760 1897 incurabiles

2111 1927 2363 1997 reliquit,
2422 1927 2521 1981 ubi
2584 1928 2883 1983 silentium
2941 1929 3023 1983 eis
3078 1929 3476 1999 imposuisset,
3537 1944 3759 2001 eosque

2110 2014 2499 2069 contudisset:
2528 2016 3023 2071 convertitautem
3050 2032 3387 2071 sermonem
3412 2017 3485 2070 ad
3517 2017 3757 2071 turbam

2109 2107 2387 2173 tanquam
2413 2103 2743 2173 digniorem
2772 2120 2901 2175 quae
2931 2104 3158 2160 audiat.

2179 2210 2347 2266 Vers.
2382 2211 2468 2263 11.
2498 2210 2717 2266 Audite
2744 2243 2810 2249 —
2840 2211 3161 2282 intelligite.
3193 2211 3404 2266 Audite
3433 2210 3599 2282 quod
3624 2209 3757 2265 dico

2110 2303 2164 2353 et
2206 2298 2508 2367 intelligite
2536 2298 2701 2353 illud.
2736 2300 2866 2355 Hoc
2911 2304 3110 2355 autem
3141 2302 3222 2355 ait
3250 2299 3556 2355 honorans
3603 2298 3757 2368 illos,

2110 2392 2172 2442 ut
2195 2385 2427 2441 facilius
2456 2386 2813 2457 suscipiatur
2836 2388 3000 2458 quod
3030 2387 3297 2443 dicturus
3328 2392 3438 2443 est.

2179 2496 2336 2549 Vers.
2368 2496 2453 2551 11.
2498 2496 2635 2550 Νοη
2675 2525 2743 2535 —
2792 2496 3105 2551 hominem.
3157 2495 3277 2549 Hoc
3309 2497 3399 2550 est
3431 2512 3443 2549 :
3476 2496 3602 2550 Non
3635 2509 3758 2549 sor-

2109 2583 2215 2638 des
2260 2598 2554 2638 manuum
2599 2583 2895 2639 illotarum
2943 2600 3077 2655 quae
3136 2600 3258 2638 una
3307 2599 3443 2637 cum
3494 2581 3646 2637 escis
3698 2582 3759 2637 in

2110 2689 2176 2727 os
2207 2672 2622 2741 ingrediuntur
2651 2673 3061 2728 contaminant
3093 2677 3195 2728 aut
3231 2675 3633 2742 conspurcant
3654 2670 3761 2726 ho-

2109 2764 2353 2827 minem,
2435 2762 2578 2833 quia
2651 2778 2760 2817 nec
2842 2764 3094 2830 tangunt
3172 2762 3508 2816 animam:
3562 2759 3759 2815 solum

2108 2866 2372 2923 namque
2395 2854 2707 2922 peccatum
2736 2849 2955 2904 foedum
2981 2853 3083 2916 est,
3118 2850 3283 2920 quod
3309 2850 3524 2904 anima:
3550 2852 3750 2905 nocet.

2108 2940 2261 2997 Talis
2305 2944 2500 2995 autem
2534 2939 2671 2995 dicti
2718 2939 2897 3010 hujus
2927 2938 3332 3010 interpretatio
3378 2938 3439 2993 in
3472 2942 3756 3010 promptu

2110 3034 2214 3087 est.

2034 3171 2073 3225 ο
2183 3138 2359 3192 Aiunt
2374 3143 2571 3193 autem
2585 3141 2641 3191 et
2658 3136 2899 3191 alteram
2918 3134 3274 3205 profundius
3288 3149 3417 3189 esse
3434 3133 3752 3196 reclusam,

2110 3230 2255 3299 puta
2294 3226 2457 3297 quod
2488 3225 2635 3279 nihil
2664 3224 2886 3279 factum
2931 3240 2966 3277 a
3018 3226 3154 3287 Deo,
3188 3228 3401 3277 natura
3445 3220 3752 3291 impurum

2110 3318 2218 3368 est.
2266 3312 2358 3365 Ait
2409 3312 2566 3365 enim
2602 3313 2826 3366 Moses:
2860 3311 2935 3363 Et
2976 3310 3127 3364 vidit
3166 3311 3319 3363 Deus
3367 3321 3753 3378 quaecumque

2107 3403 2349 3473 fecerat,
2383 3406 2435 3455 et
2460 3414 2586 3454 ecce
2617 3399 2763 3454 bona
2796 3399 2968 3454 valde
2992 3399 3061 3450 ⁵1.
3090 3398 3297 3451 Dicunt
3326 3411 3466 3464 ergo
3482 3396 3596 3450 hac
3622 3386 3755 3465 pro-

2111 3488 2372 3548 fundiori
2402 3488 2879 3559 interpretatione
2910 3486 3180 3541 ciborum
3210 3484 3370 3555 rejici
3396 3484 3757 3539 observatio-

2111 3594 2273 3641 nem,
2306 3593 2489 3649 quam
2519 3576 2707 3631 Judaei
2738 3575 3079 3631 servabant.
3115 3576 3261 3630 Nam
3294 3589 3431 3628 cum
3476 3572 3587 3638 lex,
3623 3587 3758 3642 quae

2114 3667 2188 3722 de
2202 3666 2347 3721 cibis
2360 3670 2502 3729 erat,
2518 3664 2900 3733 allegoricum
2918 3663 3164 3718 haberet
3180 3662 3558 3725 intellectum,
3572 3660 3761 3715 Judaei

2116 3755 2219 3827 qui
2250 3754 2393 3809 nihil
2419 3754 2721 3810 excelsum
2752 3752 3011 3821 cogitare
3041 3754 3333 3823 poterant,
3379 3747 3762 3819 corporaliter

2116 3850 2172 3900 et
2198 3847 2372 3915 prout
2400 3844 2457 3896 in
2487 3842 2810 3911 conspicuo
2839 3843 3027 3903 erant,
3056 3838 3261 3894 omnia
3291 3837 3685 3907 excipiebant.

2187 4023 2324 4075 Vers
2374 4019 2461 4074 11.
2507 4018 2625 4073 Sed
2678 4048 2746 4056 —
2804 4017 3111 4071 hominem.
3171 4013 3478 4084 Egreditur
3531 4012 3605 4067 de
3658 4027 3759 4067 ore

2114 4108 2310 4165 omnis
2344 4122 2573 4161 sermo:
2603 4105 2703 4160 sed
2737 4120 2899 4160 nunc
2926 4104 2997 4158 de
3031 4102 3185 4159 malo
3214 4101 3498 4173 loquitur,
3528 4100 3631 4173 qui
3662 4115 3762 4155 cor

2112 4213 2221 4269 pro
2238 4195 2395 4251 fonte
2416 4193 2615 4249 habet.
2634 4196 2696 4249 In
2721 4191 3107 4264 sequentibus
3128 4195 3328 4246 autem
3355 4187 3762 4244 manifestiora

2108 4284 2315 4353 reddit,
2345 4299 2469 4355 quae
2494 4283 2590 4337 hic
2621 4282 2869 4337 obscure
2896 4280 3056 4335 dicta
3086 4284 3246 4334 sunt.

2181 4376 2338 4429 Vers.
2369 4374 2456 4426 t2.
2490 4373 2648 4426 Tunc
2676 4371 2923 4440 offensos
2948 4401 3016 4409 —
3050 4368 3253 4437 fuisse.
3283 4368 3408 4432 Quo
3439 4380 3712 4422 sermone
3732 4367 3761 4419 ?

467 4472 594 4522 Τότε
618 4498 690 4510 -
737 4465 1252 4525 ἐσκανδαλίσθησαν.
1286 4474 1440 4520 Ποῖον
1469 4468 1618 4539 λόγον
1667 4465 1877 4527 Δηλαδὴ
1918 4473 2002 4520 τὸν

2124 4466 2190 4517 Eo
2220 4461 2493 4515 videlicet
2523 4475 2643 4530 quo
2692 4458 2929 4513 dicebat
2955 4475 2965 4512 :
3002 4460 3129 4513 Non
3160 4457 3325 4528 quod
3355 4457 3535 4511 intrat
3581 4455 3641 4508 in
3672 4470 3756 4517 os,

394 4560 626 4631 λέγοντα,
682 4559 763 4609 ὅτι
817 4558 876 4609 ού
906 4560 963 4610 τό
1007 4557 1371 4632 εἰσερχόμενον
1412 4558 1479 4617 εἰς
1535 4560 1592 4610 τὸ
1648 4562 1815 4629 στόμα
1842 4565 2005 4609 κοινοῖ

395 4652 483 4700 τὸν
510 4649 804 4721 ἄνθρωπον.
847 4647 1111 4721 Ἀνέτρεπε
1143 4650 1244 4719 γὰρ
1274 4652 1367 4705 τὴν
1397 4642 1695 4718 παράδοσιν
1721 4654 1819 4698 τῶν
1848 4665 2005 4718 πρεσ-

398 4736 642 4811 ϐυτέρων.

470 4842 528 4895 Ὁ
579 4840 636 4894 δὲ
694 4872 763 4883 -
815 4842 1247 4916 ἓκριζωθήσεται.
1296 4848 1512 4895 Φυτιίαν
1586 4842 1723 4913 λέγει
1772 4848 1860 4893 νῦν
1910 4847 2004 4900 τὴν

404 4927 698 5004 παράδοσιν
748 4938 848 4983 τῶν
894 4931 1253 5006 πρεσϐυτέρων
1305 4937 1394 4984 καὶ
1446 4935 1511 4983 τὰ
1564 4930 1855 5002 ἐντάλματα
1903 4940 2004 4982 τῶν

404 5018 682 5093 ἀνθρώπων
694 5063 705 5075 .

470 5125 654 5199 Ἀφετε
682 5158 750 5166 --
782 5126 984 5188 αύτούς.
1030 5127 1118 5190 Ὠς
1148 5127 1411 5190 ἀνιάτους.
1438 5129 1533 5179 Διά
1562 5133 1714 5179 τοῦτο
1749 5128 1848 5201 γὰρ
1881 5125 2004 5179 ουδὲ

394 5215 708 5289 ἐθεράπευσε
762 5219 819 5269 τό
872 5214 1162 5270 σκάνδαλον
1215 5218 1406 5287 αὐτῶν,
1460 5213 1613 5278 εἰδὼς
1645 5216 1827 5279 αύτούς
1854 5214 2003 5269 οὐδὲν

392 5303 560 5375 ὠφελη
570 5306 634 5363 θη
644 5309 888 5377 σομένους
907 5349 920 5361 .

462 5410 687 5485 Ὀδηγοὶ
735 5412 958 5485 τυφλῶν.
1017 5413 1249 5486 Τυφλοὺς
1301 5414 1486 5476 αύτούς
1544 5418 1722 5487 φησιν,
1784 5418 1852 5478 ὡς
1907 5436 2004 5474 πη-

398 5502 645 5570 ρωθέντας
693 5505 780 5555 τὸν
811 5511 906 5565 τῆς
954 5503 1141 5574 ψυχῆς
1175 5502 1433 5575 ὀφθαλμὸν
1464 5506 1562 5557 ὑπὸ
1609 5512 1698 5558 τοῦ
1749 5507 2004 5579 ῥεύματος

395 5596 495 5640 τῶν
541 5593 739 5658 παθῶν,
800 5597 891 5644 καὶ
955 5594 1026 5653 ὡς
1069 5597 1139 5664 μὴ
1193 5589 1504 5665 δυναμένους
1573 5593 1876 5653 ἐνατενίζειν
1933 5601 2004 5643 τῶ

467 5716 508 5751 ⁵³
553 5716 701 5774 Gen.
741 5733 779 5784 ι,
813 5718 905 5774 31.

2112 4552 2415 4621 impurum
2446 4548 2639 4604 reddit
2666 4547 2971 4603 hominem
3000 4565 3013 4614 ;
3044 4544 3424 4600 subvertebat
3454 4544 3614 4598 enim
3647 4546 3764 4598 tra-

2114 4640 2399 4695 ditionem
2426 4638 2742 4693 seniorum.

2186 4748 2352 4802 Vers.
2386 4744 2471 4798 13.
2506 4745 2583 4797 At
2612 4743 2714 4798 ille
2757 4773 2823 4782 —
2853 4740 3276 4798 eradicabitur.
3330 4736 3764 4792 Plantationem

2114 4850 2275 4892 nunc
2317 4832 2457 4889 dicit
2486 4830 2862 4887 traditionem
2893 4827 3193 4883 seniorum
3224 4830 3281 4881 et
3322 4828 3618 4896 praecepta
3658 4823 3764 4880 ho-

2114 4926 2368 4980 minum.

2185 5031 2353 5085 Vers.
2400 5030 2486 5083 14.
2536 5026 2717 5082 Sinite
2744 5056 2812 5064 —
2840 5025 2992 5080 illos.
3025 5025 3335 5094 Tanquam
3379 5019 3761 5087 incurabiles,

2114 5119 2253 5173 Ideo
2279 5118 2437 5173 enim
2465 5131 2652 5188 neque
2685 5115 2812 5185 ipse
2833 5112 3054 5168 curavit
3080 5112 3317 5168 illorum
3340 5110 3757 5179 oﬂ‘ensionem,

2114 5208 2306 5264 sciens
2379 5205 2521 5261 nihil
2607 5203 2718 5259 illis
2793 5202 3174 5275 profuturum
3268 5218 3394 5257 esse
3467 5200 3768 5272 quidquid

2114 5298 2354 5354 diceret.

2187 5416 2341 5468 Vers.
2392 5413 2477 5467 14.
2512 5412 2697 5466 Duces
2743 5440 2813 5450 —
2842 5424 3140 5466 amcorum.
3194 5409 3394 5462 Caecos
3442 5409 3617 5462 vocat
3664 5422 3768 5462 eos

2116 5509 2402 5575 tanquam
2432 5501 2648 5559 anima;
2683 5499 2855 5556 oculo
2888 5515 2924 5554 δ,
2952 5499 3119 5554 ﬂuxu
3149 5496 3535 5553 atfectionum
3584 5510 3768 5550 excae-

2113 5597 2297 5661 catos,
2330 5595 2386 5648 et
2407 5591 2585 5663 quasi
2620 5605 2743 5645 non
2789 5591 3060 5661 potentes
3100 5584 3305 5643 oculos
3353 5583 3656 5637 intendere
3707 5583 3769 5636 in
