4186 6318
449 321 554 376 447
1785 303 2108 362 EUTHYMI

2206 302 2502 358 IIGABENI
3724 301 3828 354 448

452 446 645 500 lucem
701 442 977 497 veritatis.
1038 443 1152 495 Nec
1209 439 1403 494 solum
1464 437 1596 501 hoc,
1658 432 1758 486 sed
1816 435 1871 485 et
1925 430 2103 482 duces

2219 433 2346 498 φωτὶ
2401 425 2780 486 τῆςάληοείας.
2842 429 2938 476 Καὶ
2991 429 3061 496 μὴ
3125 431 3276 475 τοῦτο
3323 428 3494 495 μόνον,
3556 423 3683 475 ἀλλά
3739 431 3830 476 καὶ

453 549 658 587 eorum
691 531 792 601 qui
843 530 918 584 at)
966 528 1302 599 ignorantia
1358 526 1796 597 Scripturarum
1829 517 2103 574 excaecati

2215 513 2440 588 ὁδηγοὺς
2489 519 2637 574 ὄντας
2666 523 2762 565 τῶν
2791 519 3171 587 πεπηρωμένην)
3217 515 3314 564 ὑπό
3363 522 3455 574 τῆς
3487 512 3695 584 ἀγνοίας
3729 522 3826 564 τῶν

455 626 611 675 sunt.
643 599 877 674 Grande
922 616 1221 689 siquidem
1265 614 1493 670 malum
1538 616 1622 668 est
1667 609 1925 681 aliquem
1974 621 2104 661 esse

2216 612 2445 677 Γραφῶν.
2498 609 2644 675 Μέγα
2694 606 2782 675 μὲν
2823 605 2924 676 γὰρ
2973 606 3129 655 κακόν
3175 606 3232 654 τό
3282 601 3470 674 τυφλὸν
3509 599 3637 654 εἶναι
3688 621 3822 655 τινα·

454 725 679 764 caecum
711 724 720 763 :
757 723 892 762 eum
940 688 1076 761 vero
1107 706 1210 777 qui
1243 720 1435 759 caecus
1467 707 1573 765 est,
1607 701 1892 756 ducatum
1939 695 2105 752 alteri

2212 698 2270 746 1'6
2329 691 2386 746 δὲ
2426 697 2514 746 καὶ
2562 693 2748 764 τυφλόν
2798 696 2920 743 ὄντα
2969 688 3178 762 ὁδηγεῖν
3236 693 3402 764 ἕτερον
3455 689 3673 743 διπλοῦν
3721 694 3826 767 ἄρα

454 813 606 852 caeco
637 802 925 867 praestare,
955 795 1171 867 duplex
1201 799 1352 848 certe
1383 791 1604 847 malum
1632 793 1742 871 est.
2212 787 2390 837 κακόν.

529 905 667 958 Vers
699 905 781 958 14.
827 904 1024 958 (.‘wcus
1053 933 1122 940 —
1152 901 1398 956 cadunt.
1432 899 1549 952 Hoc
1581 895 1965 952 manifestum
1997 897 2101 948 est.

2284 923 2479 996 Τυφλὸς
2507 953 2577 964 -
2603 922 2970 996 ἐμπεσοῦνται,
3005 929 3169 975 Τοῦτο
3203 926 3361 994 σαφές
3387 921 3545 974 ἐστιν.

525 1009 682 1061 Vers.
726 1007 812 1060 15.
869 1005 1226 1075 Respondens
1279 1033 1348 1042 —
1407 1002 1577 1057 hanc.
1635 1002 1858 1055 Marcus
1905 1000 2105 1051 autem

2286 1013 2609 1083 Ἀποκριθεὶς
2663 1043 2731 1051 --
2760 1015 2974 1069 ταύτην.
3011 1011 3067 1063 Ὀ
3118 1008 3176 1063 δὲ
3227 1013 3435 1084 Μάρκος
3481 1015 3694 1084 εἴρηκεν,
3737 1014 3813 1064 ὅτι

454 1094 602 1149 dixit
634 1111 646 1147 :
680 1095 920 1148 Etcum
961 1095 1252 1163 ingressus
1297 1096 1442 1146 esset
1488 1090 1726 1144 domum
1774 1089 2020 1141 semotus
2069 1099 2106 1139 (ι

2214 1102 2321 1156 Καὶ
2361 1104 2442 1153 ὅτε
2473 1100 2704 1158 εἰσῆλθεν
2727 1101 2796 1161 εἰς
2822 1098 2959 1152 οἷκον
3001 1100 3100 1152 ἀπὸ
3123 1107 3214 1151 τοῦ
3247 1101 3431 1170 ὄχλου,
3473 1099 3811 1173 ἐπηρώτησαν

456 1183 650 1245 turba,
689 1183 1194 1249 interrogaverunt
1239 1195 1370 1236 eum
1413 1177 1679 1249 discipuli
1726 1175 1969 1263 ejuside
2003 1188 2107 1242 pa-

2215 1191 2370 1242 αὖτόν
2444 1192 2492 1241 οἱ
2565 1192 2798 1262 μαθηταὶ
2869 1189 3028 1241 αὑτοῦ
3136 1193 3254 1263 περὶ
3319 1197 3414 1250 τῆς
3493 1189 3811 1262 παραϐολῆς.

453 1271 738 1327 ναὸοια⁵².
783 1273 928 1325 Cum
973 1270 1133 1324 enim
1177 1272 1378 1324 Petrus
1427 1267 1784 1330 inchoasset,
1833 1262 1930 1318 alii
1963 1277 2108 1333 quo-

2213 1287 2315 1332 Τοῦ
2391 1284 2584 1351 Πέτρου
2640 1282 2739 1350 γὰρ
2824 1278 3338 1351 προκαταρξαμένου,
3406 1282 3496 1329 καὶ
3568 1279 3617 1329 οἱ
3675 1276 3818 1329 ἄλλοι

454 1376 572 1432 que
622 1359 841 1431 pariter
904 1359 1430 1427 interrogaverunt.
1486 1354 1836 1411 Parabolam
1907 1360 2106 1408 autem

2217 1374 2684 1442 συνεπηρώτησαν.
2760 1366 3066 1441 Παραϐολὴν
3123 1363 3182 1418 δὲ
3211 1365 3460 1417 καλοῦσιν
3500 1365 3733 1439 Ἑϐραῖοι
3761 1367 3818 1416 τό

453 1454 672 1503 vocant
701 1448 929 1502 Hebraei
975 1447 1229 1517 aenigma
1285 1452 1340 1500 et
1371 1459 1710 1499 sermonem
1757 1441 2101 1495 obscurum.

2214 1459 2449 1527 αἴνιγμα,
2521 1461 2606 1507 τὸν
2695 1459 2952 1508 σκοτεινόν
3043 1455 3214 1526 λόγον.
3283 1459 3382 1506 Καὶ
3449 1453 3554 1508 ἐπεὶ
3595 1451 3729 1506 εἶπεν
3793 1455 3818 1504 ὁ

454 1540 601 1593 Nam
614 1536 1042 1608 quiasupcrius
1062 1536 1290 1590 dixerat
1309 1534 1593 1597 Christus,
1620 1532 1783 1597 Quod
1811 1530 2107 1600 egreditur

2214 1550 2440 1621 Χριστὸς
2533 1544 2783 1619 ἀνωτέρω,
2867 1547 2946 1596 ὅτι
3027 1547 3096 1596 T6
3152 1547 3542 1616 ἐκπορευόμενον
3599 1542 3654 1594 ἐκ
3724 1549 3817 1594 τοῦ

455 1626 522 1680 de
568 1640 669 1681 ore
715 1626 823 1682 hoc
853 1625 1152 1695 impurum
1202 1623 1393 1678 reddit
1435 1622 1714 1677 hominem
1747 1621 1816 1682 ⁵³,
1867 1619 2101 1682 deinde,

2215 1640 2492 1707 στόματος,
2565 1642 2717 1686 τοῦτο
2785 1641 2950 1685 κοινοῖ
3012 1637 3098 1684 τὸν
3156 1634 3444 1706 ἄνθρωπον·
3502 1627 3629 1694 εἶτα,
3680 1631 3818 1681 καθά

457 1714 608 1769 sicut
657 1713 829 1768 refert
880 1715 1126 1779 Marcus,
1185 1712 1590 1782 subjunxerat,
1648 1711 1714 1764 Si
1756 1710 1887 1778 quis
1936 1707 2104 1762 habet

2213 1743 2342 1796 φησι
2398 1726 2627 1795 Μάρκος,
2689 1721 2964 1793 ἐπήγαγεν,
3033 1723 3109 1772 ὅτι
3150 1721 3207 1772 Ὀ
3257 1723 3392 1792 ἔχων
3453 1717 3560 1771 ὦτα
3614 1717 3817 1769 ἀκούειν

454 1816 624 1857 aures
654 1802 734 1857 ad
763 1801 1124 1857 audiendum
1153 1801 1365 1855 audiat
1393 1801 1461 1864 ω,
1495 1799 1654 1852 visus
1684 1809 1768 1851 est
1799 1797 1880 1850 eis
1913 1811 2105 1850 sermo

2214 1811 2466 1864 ἀκουέτω·
2561 1815 2651 1862 καὶ
2729 1807 2898 1872 ἔδοξεν
2987 1809 3165 1870 αὐτοῖς
3266 1807 3474 1880 ἀσαφὴς
3541 1809 3566 1859 6
3647 1806 3814 1877 λόγος·

455 1891 772 1953 obscurus,
797 1895 852 1945 et
881 1889 1014 1944 ideo
1030 1888 1367 1959 parabolam
1399 1887 1564 1942 illum
1580 1890 1862 1940 vocantes
1881 1883 1953 1938 de
1976 1883 2105 1954 ipso

2212 1900 2511 1974 παραϐολὴν
2616 1906 2795 1951 τοῦτον
2915 1898 3279 1970 ὀνομάσαντες,
3369 1897 3604 1970 ἐρωτῶσι
3700 1899 3819 1969 περὶ

455 1978 843 2047 interrogant.

2213 1992 2398 2042 τούτου
2415 2033 2427 2046 ,

525 2085 692 2140 Vers.
724 2085 811 2138 16.
834 2085 1004 2139 Jesus
1028 2089 1217 2139 autem
1243 2113 1310 2123 —
1337 2082 1404 2136 Υ.
1446 2087 1524 2136 l7.
1557 2081 1864 2138 emittitur.
1894 2079 2107 2136 Omnia

453 2173 582 2231 haec
611 2186 718 2244 per
741 2171 1266 2240 interrogationem
1296 2169 1552 2239 legenda
1581 2172 1740 2224 sunt.

524 2269 758 2325 Marcus
789 2273 988 2324 autem
1017 2272 1343 2339 potsquam
1374 2266 1520 2322 dixit
1553 2283 1566 2322 :
1600 2267 1676 2322 Et
1700 2267 1764 2321 in
1791 2280 2107 2322 successum

454 2359 779 2430 egreditur,
841 2337 1049 2412 addit}
1095 2337 1262 2423 Quod
1314 2361 1539 2426 purgat
1585 2371 1776 2411 omnes
1834 2370 1991 2411 escas
2035 2355 2103 2418 ³⁵,

2288 2346 2446 2396 Οὔπω
2484 2373 2552 2383 -
2618 2341 2914 2394 ἐκϐάλλεται
2955 2358 2968 2407 ;
3009 2341 3068 2397 Ὀ
3137 2337 3196 2392 δὲ
3247 2343 3460 2414 Μάρκος
3505 2339 3678 2405 εἰπὼν,
3739 2343 3820 2394 ὃτι

453 2427 570 2504 hoc
599 2452 686 2502 est
719 2461 896 2517 puras
934 2445 1229 2516 relinquit.
1263 2446 1438 2500 Dictee
1473 2445 1630 2500 enim
1677 2443 1884 2498 sordes
1921 2444 1981 2498 in
2022 2459 2109 2497 se-

2218 2437 2318 2485 Καὶ
2406 2432 2476 2491 εἰς
2548 2434 2630 2482 τὸν
2705 2427 2976 2503 ἀφεδρῶνα
3055 2428 3406 2501 ἐκπορεύεται,
3473 2432 3817 2502 προσέθηκεν,

455 2515 1027 2606 cessum—egressae,
1099 2515 1251 2606 pura
1318 2533 1662 2604 relinquunt
1739 2549 1874 2605 qua;
1949 2532 2107 2586 intus

2212 2527 2331 2572 Ὀτι
2378 2522 2659 2592 καθαρίζον
2712 2520 2827 2590 (82)
2879 2521 3049 2570 πάντα
3095 2520 3162 2569 τά
3223 2515 3496 2590 βρώματα,
3553 2523 3813 2586 τουτέστι,

455 2603 1130 2693 εθωεηθηῐῖειὶωθοΐε,
1205 2637 1340 2694 quae
1411 2603 1682 2677 videlicet
1739 2603 1958 2677 natura
2017 2635 2104 2676 re-

2215 2611 2419 2681 καθαρά
2476 2607 2826 2680 ἀπολιμπάνον
2885 2607 3018 2677 (83).
3074 2611 3174 2659 Καὶ
3220 2608 3321 2678 γὰρ
3369 2607 3394 2658 ό
3446 2603 3699 2669 δηλωθεὶς
3727 2609 3818 2682 ῥύ-

456 2713 652 2768 ιίηιιίι,
1116 2691 1122 2693 ﬂ
1224 2691 1243 2694 —
2141 2698 2304 2758 Επος
2360 2696 2627 2769 ἐξέρχεται
2683 2697 2754 2756 εἰς
2831 2699 2914 2747 τὸν
2992 2691 3282 2767 ἀφεδρῶνα,
3371 2697 3574 2768 καθαρά
3647 2695 3815 2768 ἀφιεὶς

2217 2783 2361 2839 ἔνδον
2390 2789 2560 2838 πάντα
2595 2788 2662 2838 τὰ
2693 2784 2968 2861 βρώματα,
3015 2786 3114 2836 ὅσα
3159 2780 3368 2842 δηλαδὴ
3412 2788 3808 2856 παρακατέσχεν

2282 2121 2340 2174 Ὀ
2381 2118 2440 2174 δὲ
2470 2121 2677 2180 Ἰησοῦς
2708 2150 2773 2162 --
2803 2117 2917 2171 ἔστε
2949 2135 2963 2182 ς
3001 2120 3223 2190 Ἀκμὴν,
3255 2116 3369 2170 ἀντὶ
3411 2124 3504 2169 τοῦ
3536 2120 3632 2173 ἔτι.
3690 2120 3816 2171 Κατ’

2215 2211 2466 2285 ἐρώτησιν
2499 2206 2558 2262 δὲ
2587 2213 2676 2261 καὶ
2700 2214 2852 2260 τοῦτο
2877 2213 2967 2260 καὶ
2993 2209 3059 2260 τὰ
3089 2207 3201 2279 (81)
3234 2206 3318 2269 ἐξῆ
3330 2226 3370 2267 ς.

529 2909 570 2976 1-
613 2903 781 2980 Ἔδρα
815 2906 1061 2976 quidem
1099 2905 1251 2960 inter
1283 2904 1402 2960 alia
1435 2905 1729 2977 signiﬁcat
1765 2904 1941 2960 etiam
1983 2919 2105 2959 cor-

2217 2878 2247 2934 ἠ
2285 2879 2460 2947 φύσις.

457 2995 624 3067 poris
647 2998 878 3065 partem
899 3010 1019 3065 qua
1041 2993 1292 3048 sedetur.
1320 2995 1458 3063 Ejus
1479 2999 1678 3050 autem
1705 2993 2108 3064 compositum

2288 2987 2484 3064 [Ἑδρα
2511 2991 2625 3062 (84)
2649 2993 2738 3063 μὲν
2776 2993 2835 3043 τό
2857 2994 3011 3063 μέρος
3039 2996 3131 3042 τοῦ
3155 2994 3421 3062 σώματος,
3446 2985 3678 3062 ἀφεδρὼν
3706 2984 3808 3041 δὶὸ

459 3077 747 3155 ἀφρεδρὼν,
830 3089 972 3145 ῶνος,
1029 3081 1270 3135 infimus
1337 3086 1441 3144 est,
1509 3079 1597 3135 vel
1644 3084 1890 3147 stercus,
1943 3079 2109 3151 quod

2219 3085 2424 3154 κοπρών
2450 3079 2584 3151 (85).
2618 3078 2640 3151 ]

462 3168 810 3225 secernitur.

531 3275 692 3331 Vers.
741 3277 828 3331 18.
881 3275 1115 3342 Οαειι-
1157 3275 1467 3333 hominem.
1530 3274 1681 3330 Dixit
1722 3274 1881 3330 enim
1933 3274 2109 3328 etiam

2290 3301 2368 3351 Τά
2405 3327 2471 3340 --
2509 3299 2796 3370 ἄνθρωπον.
2855 3301 3044 3373 Εἶρηκε
3093 3299 3192 3371 γὰρ
3245 3300 3332 3350 καὶ
3381 3298 3506 3369 πρός
3555 3303 3626 3365 τῷ
3687 3295 3817 3349 τέλει

459 3365 737 3421 vicesimo
797 3365 1052 3420 secundo
1122 3364 1335 3436 capite,
1394 3363 1558 3436 quod
1623 3380 1693 3418 ex
1747 3363 2109 3419 abundantia

2221 3394 2314 3440 τοῦ
2373 3386 2612 3439 εἰκοστοῦ
2667 3383 2910 3461 δευτέρου
2947 3386 3247 3458 κεφαλαίου,
3317 3387 3397 3438 ὅτι
3463 3385 3517 3437 ἑκ
3567 3392 3658 3437 τοῦ
3722 3404 3817 3437 πε-

459 3452 656 3508 cordis
697 3469 761 3506 os
791 3451 1054 3524 loquitur
1079 3454 1147 3505 ⁵⁸.
1180 3453 1440 3507 Primum
1483 3453 1641 3508 enim
1680 3453 1739 3506 in
1766 3451 1944 3506 corde
1975 3467 2111 3506 con-

459 3540 818 3610 cupiscimus
861 3559 872 3592 :
913 3540 1128 3596 deinde
1180 3541 1344 3612 quod
1406 3540 1804 3595 desideratum
1855 3545 1964 3604 est,
2007 3555 2112 3610 per

459 3643 528 3684 os
557 3628 892 3694 educimus,
927 3635 982 3684 et
1011 3629 1095 3685 ita
1123 3630 1286 3699 quod
1318 3629 1458 3683 foris
1489 3629 1836 3698 ingreditur,
1867 3643 2110 3683 rursum

459 3715 618 3770 foras
705 3715 1014 3787 procedit;
1078 3716 1243 3788 quod
1311 3721 1510 3771 autem
1581 3715 1656 3770 ab
1735 3716 2112 3772 interioribus

459 3803 773 3873 egreditur,
809 3805 1005 3860 adhuc
1025 3805 1183 3860 intus
1207 3809 1413 3861 manet
1435 3809 1492 3862 et
1519 3805 1888 3861 contaminat

2220 3479 2566 3548 ρισσεύματος
2616 3483 2710 3536 τῆς
2757 3471 2979 3550 καρδίας
3051 3478 3109 3526 τό
3173 3478 3340 3546 στόμα
3414 3474 3572 3526 λαλεῖ.
3643 3474 3820 3526 Ἐνθυ-

2219 3566 2457 3637 μούμεθα
2532 3564 2643 3634 (86)
2714 3565 2814 3636 γὰρ
2883 3572 3082 3636 πρῶτον
3157 3565 3205 3614 ἐν
3270 3570 3332 3634 τῇ
3410 3559 3626 3634 καρδίᾳ,
3707 3559 3819 3614 εἶτα

2219 3657 2278 3705 τὸ
2328 3653 2609 3724 ἐνθυμηθεν
2674 3651 2920 3724 ἑξάγομεν
2965 3648 3058 3704 διὰ
3125 3658 3218 3704 τοῦ
3269 3652 3544 3722 στόματος.
3606 3654 3706 3703 Καὶ
3757 3653 3814 3702 τὸ

2221 3745 2310 3813 μεν
2417 3742 2596 3804 ἔξωθεν
2684 3741 3126 3814 εἰσπορευόμενον,
3215 3739 3308 3802 ἐξω
3393 3738 3546 3792 πάλιν
3625 3746 3810 3811 χωρεῖ·

2143 3825 2187 3880 D
2220 3833 2278 3882 1'6
2347 3826 2406 3882 δε
2454 3831 2640 3882 ἔσωθεν
2693 3827 3108 3903 ἐκπορευόμενον,
3158 3831 3262 3881 ἔσω
3316 3827 3469 3880 πάλιν
3526 3833 3683 3900 μένει,
3729 3832 3820 3880 καὶ

2222 3923 2435 3991 μιαίνει.

528 4049 692 4106 Vers.
749 4055 829 4105 t9.
875 4053 924 4104 A
958 4081 1027 4091 —
1067 4052 1451 4120 blasphemiae.
1489 4055 1714 4108 Marcus
1755 4068 1896 4108 vero
1940 4052 2109 4108 latius

2296 4052 2383 4103 Ἐκ
2459 4081 2524 4091 -
2587 4049 2940 4123 βλασφημίαι.
3009 4049 3066 4102 Ὀ
3119 4045 3178 4102 δὲ
3250 4051 3459 4123 Μάρκος
3514 4048 3825 4122 πλατύτερον

459 4143 765 4192 enumerat
793 4144 849 4193 et
874 4138 991 4192 alia
1019 4155 1031 4191 :
1059 4140 1388 4202 avaritiam,
1424 4141 1733 4204 malitiam,
1761 4142 1984 4211 dolum,
2005 4142 2109 4197 im-

2227 4139 2599 4213 ἀπαριθμεῖται
2701 4141 2788 4189 καὶ
2887 4139 3050 4211 ἔτερα·
3151 4136 3463 4200 πλεονεξίαν,
3549 4143 3826 4210 πονηρίαν,

456 4225 832 4294 pudicitiam,
876 4226 1104 4280 oculum
1149 4241 1418 4295 pravum,
1459 4229 1799 4294 superbiam
1837 4231 1890 4283 et
1927 4230 2109 4283 stulti-

2228 4226 2399 4297 δόλον,
2503 4226 2800 4298 ἀσέλγειαν,
2911 4226 3169 4300 ὀφθαλμὸν
3278 4229 3522 4299 πονηρὸν,
3639 4229 3830 4299 ὑπερη-

463 4313 608 4367 tiam
649 4313 718 4363 ⁵⁷.
752 4315 819 4367 Ut
862 4315 1065 4367 autem
1095 4313 1351 4368 breviter
1385 4318 1438 4368 et
1469 4319 1668 4384 aperte
1698 4315 1914 4381 dicam,
1964 4316 2109 4384 cogi-

2228 4321 2408 4390 φανίαν
2467 4321 2556 4368 καὶ
2644 4316 2958 4388 ἀφροσύνην·
3035 4319 3299 4387 συντόμως
3381 4311 3440 4367 δε
3505 4319 3594 4366 καὶ
3659 4315 3830 4375 ἁπλῶς

462 4400 714 4456 tationes
747 4399 921 4454 mala:
962 4407 1100 4457 sunt
1147 4401 1373 4458 nociva;
1418 4403 1921 4474 concupiscentia:
1962 4419 1974 4456 :
2016 4420 2109 4459 cae-

2227 4407 2404 4472 εἰπεῖν,
2464 4401 2800 4476 διαλογισμοὶ
2877 4408 2967 4475 μέν
3029 4404 3133 4456 εἰσι
3198 4407 3417 4475 πονηροὶ
3474 4405 3540 4454 τὰ
3597 4401 3831 4475 βλαϐερά

463 4489 566 4543 des
604 4503 767 4555 vero,
806 4489 1048 4554 furtum,
1096 4490 1316 4546 falsum
1367 4492 1796 4558 testimonium,
1844 4493 2109 4559 avaritia,

2226 4494 2582 4565 ἐνθυμήματα·
2625 4495 2650 4544 ό
2678 4490 2736 4545 δὲ
2766 4497 2929 4564 φόνος,
2981 4497 3069 4544 καὶ
3099 4494 3129 4550 ἠ
3176 4491 3367 4561 κλοπὴ,
3413 4496 3503 4543 καὶ
3554 4493 3584 4549 ἡ
3625 4488 3828 4561 ψευδο-

463 4577 639 4632 dolus
683 4583 739 4634 et
781 4578 1060 4650 superbia
1106 4584 1246 4635 nota
1289 4585 1425 4635 sunt
1467 4597 1480 4645 ;
1525 4580 1880 4636 adulterium
1916 4587 2109 4638 autem

2225 4588 2508 4656 μαρτυρία,
2555 4586 2644 4634 καὶ
2729 4583 2759 4639 ἡ
2815 4581 3080 4643 πλεονεξία
3157 4586 3246 4633 καὶ
3327 4582 3352 4631 ό
3407 4577 3572 4647 δόλος,
3637 4583 3723 4630 καὶ
3787 4580 3817 4634 ἡ

464 4671 570 4731 est,
641 4667 717 4722 ad
770 4668 1034 4723 alienam
1091 4683 1339 4724 uxorem
1397 4668 1680 4725 accedere
1737 4687 1750 4735 ;
1805 4670 2109 4727 fornicatio

2225 4673 2568 4745 ὑπερηφανία,
2626 4675 2882 4744 γνώριμα.
2943 4673 3174 4741 Μοιχεία
3219 4665 3278 4721 δέ
3335 4667 3447 4720 ἐστι
3503 4672 3561 4719 τὸ
3607 4667 3671 4726 εἰς
3727 4669 3819 4722 τὴν

461 4771 605 4810 vero
637 4756 714 4812 ad
744 4772 880 4812 eam
909 4773 1045 4828 qua;
1085 4757 1281 4812 virum
1320 4773 1441 4813 non
1483 4757 1664 4813 habet
1697 4777 1710 4826 ;
1743 4758 2109 4830 blasphemia

2225 4756 2488 4832 ὕπανδρον
2542 4760 2654 4830 (87)
2705 4757 2956 4810 ἀπελθεῖν·
2996 4762 3207 4832 πορνεία
3260 4754 3319 4810 δε
3369 4761 3429 4808 τὸ
3485 4755 3550 4815 εἰς
3595 4758 3686 4812 τὴν
3744 4757 3815 4823 μὴ

535 4855 583 4888 δ’
624 4856 795 4911 Marc.
855 4871 954 4918 vn,
998 4856 1086 4910 17.
1166 4856 1212 4889 ⁵³
1256 4855 1454 4912 Matth.
1492 4872 1591 4922 xu,
1635 4857 1723 4910 34.
1801 4857 1847 4891 ⁵·
1893 4857 2078 4914 Marc.

2207 4901 2220 4927 ,
2268 4858 2355 4912 2'2.
2435 4859 2482 4893 ⁵⁵
2522 4855 2666 4912 ibid.
2711 4857 2798 4912 19.
2878 4857 2931 4890 ⁸⁸
2975 4855 3176 4912 Matth.
3218 4869 3343 4921 xm,
3383 4855 3472 4911 34.
3549 4853 3592 4888 ⁵⁷
3644 4853 3821 4907 Mare.

468 4968 564 5018 vn,
599 4956 690 5009 22.

1696 5051 1912 5120 Variae
1953 5053 2282 5123 lectiones
2316 5059 2383 5121 et
2423 5062 2624 5119 notae.

535 5165 652 5236 (81)
684 5165 1001 5242 Hentenius
1041 5167 1257 5242 omittit
1288 5167 1458 5242 ἀκμὴν
1489 5197 1556 5208 -
1583 5168 1678 5233 ἔτι,
1707 5168 1980 5242 relinqua
2013 5185 2109 5225 au-

2293 5169 2405 5242 (86)
2449 5169 2596 5242 ’γΕνθυ
2603 5170 2700 5240 μού
2705 5186 2875 5240 μενος,
2903 5169 2968 5242 A_.

464 5235 586 5292 tem
603 5251 750 5311 cum
774 5237 1050 5311 proximo
1079 5237 1303 5294 scholio
1326 5235 1648 5309 conjungit.
1877 5235 1895 5242 ’
2299 5235 2410 5310 (87)
2455 5241 2539 5294 Ita
2572 5235 2817 5311 uterque
2847 5238 3056 5311 codex.
3085 5235 3380 5311 Atqueita
3396 5235 3835 5311 etiamvidetur

537 5309 651 5389 ea)
681 5309 1007 5389 Καθοερίξωγν
1043 5311 1108 5361 Α·
1147 5385 1154 5389 Α
1435 5307 1445 5309 ‘
1560 5307 1573 5308 θ

2226 5307 2794 5389 legisseilenteniiis,
2825 5310 3078 5389 n_isi_1rpbc
3105 5307 3236 5363 loco
3252 5307 3318 5367 εἰς
3335 5308 3641 5389 invenerit,
3665 5307 3834 5389 quod

541 5377 652 5452 (892)
683 5377 1096 5452 ἱΑπρλιμπᾴνων,
1133 5385 1192 5452 A-

2227 5377 2353 5452 ipse
2380 5381 2557 5435 etiam
2584 5381 2810 5435 malim.
2845 5380 2961 5434 Sed
2988 5377 3148 5435 idem
3164 5394 3307 5452 mox
3329 5379 3652 5452 reperitur._
3667 5377 3836 5432 Forte

537 5447 654 5524 ($4)
687 5447 914 5504 Inclusa
948 5447 1125 5504 habet
1152 5450 1209 5504 in
1250 5463 1441 5517 marg.
1475 5454 1532 5504 Β.
1704 5523 1715 5524 7
1748 5523 1755 5524 ί
1814 5523 1819 5524 γ
2232 5447 2465 5504 ἀπελθεῖν
2492 5457 2833 5524 corruptum
2862 5457 2975 5524 est,
2999 5449 3184 5524 quod
3210 5465 3328 5504 non
3361 5447 3608 5504 memini
3637 5448 3837 5524 legere

537 5521 651 5590 (85)
697 5525 909 5590 Κοπρών
941 5537 1060 5575 non
1105 5527 1195 5574 est
1229 5526 1467 5585 stercus,
1519 5526 1579 5577 ut
1619 5523 1878 5580 reddidit
1916 5527 2122 5580 Hente-
2232 5525 2342 5579 hoc
2372 5539 2570 5578 sensu.
2609 5519 2827 5576 Deinde
2853 5522 2922 5583 εἰς
2955 5519 3191 5576 videtur
3219 5526 3426 5575 notare
3451 5534 3574 5575 non
3607 5519 3686 5573 ad
3727 5519 3836 5573 sed

465 5589 637 5676 nius.
666 5589 813 5676 Nam
849 5592 1029 5670 id_est
1071 5595 1282 5664 κόπρος.
1333 5592 1683 5674 δθίίοκοςπρών
1733 5601 1822 5651 est
1861 5602 2109 5668 recepta-

2233 5600 2468 5676 eontra,
2501 5598 2564 5650 ut
2588 5601 2852 5676 παροινεῖν
2883 5593 2982 5676 εἰς.¹
3008 5592 3252 5676 Raroria
3277 5605 3699 5676 smpenum‘erq
3721 5591 3840 5676 iiu-

465 5661 666 5716 culum
700 5661 989 5728 stercoris,
1018 5679 1141 5735 quo
1172 5659 1397 5720 stercus
1421 5659 1671 5735 ejicit'ur.
2001 5659 2018 5668 ’
2234 5665 2501 5738 thymius
2527 5659 2776 5722 adhibet
2813 5664 3130 5721 vocabula.
3175 5663 3340 5720 Forte
3361 5659 3603 5733 scripsit
3633 5659 3836 5714 ἀϐελτε-
