4186 6318
409 314 518 376 449

1382 315 1755 375 COMMENT.
1802 305 1871 371 IN
1913 302 2359 372 MATTH/EUM.
2401 345 2468 358 -—
2509 315 2667 371 CAP.
2709 317 2826 373 XV.

3679 311 3784 375 450

415 448 648 517 ἔχουσαν
702 438 890 515 ἄνδραο
935 440 1256 514 βλασφημία
1299 437 1358 493 δέ
1389 445 1446 492 τὸ
1473 440 1703 502 ὑϐρίζειν
1746 445 1832 494 τὸν
1864 445 2013 505 Θεὸν,

2133 446 2330 496 autem
2363 455 2490 496 esse
2524 442 2641 495 Deo
2672 441 3170 498 contumeliosum
3203 441 3290 496 vel
3322 441 3641 511 ingratum,
3677 448 3784 500 aut

416 537 446 593 ἧ
502 533 810 605 ἀχαριστεῖν
855 531 995 601 αύτῴ
1049 533 1077 589 ἡ
1136 533 1428 603 μέμφεσθαι
1481 535 1642 600 αὐτῷ’
1685 536 1908 604 πονηρία
1958 527 2016 582 δὲ

415 628 472 675 τό
529 620 738 692 μελετᾲν
794 619 904 692 (88)
957 622 1092 671 κατὰ
1143 639 1298 683 τινος,
1343 620 1371 677 ἣ
1426 618 1822 691 ὑπολαμϐάνειν,
1855 619 1888 670 ἃ
1941 624 2011 690 μὴ

418 717 527 784 χρὴ
585 716 703 782 περὶ
759 710 938 760 αὖε-ου’
993 707 1234 780 ἀσέλγεια
1288 705 1346 760 δε
1389 711 1417 766 ἡ
1477 707 1860 780 ἁρσενοκοιτία,
1927 715 2014 760 καὶ

417 805 460 853 εἰ
527 819 581 850 τι
664 806 895 851 τοιοῦτον
969 797 1268 850 ἀκόλαστον·

415 888 636 941 ἐνταῦθα
692 888 848 958 λέγει,
905 891 998 945 την
1049 885 1341 958 βασκανίαν
1399 887 1513 956 (89)
1547 908 1559 919 ·
1622 884 1882 960 ἀφροσύνη
1958 883 2017 938 δὲ

413 983 606 1052 κυρίως
657 981 716 1029 τὸ
775 982 846 1049 μη
900 973 1090 1028 εἰδέναι
1135 980 1220 1028 τόν
1271 980 1417 1029 Θεόν.
1474 973 1596 1028 Εἷπε
1659 978 1781 1048 γὰρ,
1834 980 2011 1046 φησὶν,

413 1067 591 1138 ἄφρων
666 1067 714 1118 ἐν
769 1063 970 1141 καρδίᾳ
1029 1066 1205 1118 αὐτοῦ·
1259 1065 1369 1116 Οὐκ
1426 1067 1538 1116 ἔστι
1600 1068 1743 1129 Θεὸς,
1799 1064 1902 1116 εἰσὶ
1957 1061 2016 1116 δέ

1353 797 1611 869 ὀφθαλμὸν
1679 795 1738 850 δὲ
1792 801 2015 871 πονηρὸν

413 1160 507 1208 καὶ
578 1156 748 1228 ἕτεραι
824 1159 1004 1206 κακίαι
1077 1174 1284 1227 μύριαι.
1340 1153 1592 1223 Παρίλιπε
1645 1150 1703 1205 δέ
1753 1161 1841 1204 νῦν
1900 1155 2013 1223 (90)

412 1247 605 1304 ταύτας
653 1244 678 1294 ὁ
729 1247 987 1315 Χριστὸς,
1041 1239 1134 1294 διὰ
1180 1246 1237 1294 τὸ
1290 1241 1460 1314 ἀρκεῖν
1510 1246 1574 1294 τα
1620 1243 1843 1316 ῥηθέντα
1889 1245 2013 1313 πρὸς

410 1339 506 1390 τὴν
560 1331 809 1384 κάκείνων
865 1329 1172 1402 διάγνωσιν.
1215 1338 1392 1383 Ταύτα
1453 1327 1510 1382 δέ
1561 1332 1730 1382 πάντα
1800 1328 1853 1381 ἐκ
1922 1337 2014 1388 τῆς

413 1418 636 1496 καρδίας
667 1417 804 1473 εἶπεν
851 1419 1177 1495 ἐξέρχεσθαι,
1212 1416 1352 1472 διότι
1394 1422 1487 1480 τὰς
1524 1418 1697 1493 ἀρχὰς
1755 1419 1807 1480 εξ
1849 1419 2013 1480 αὐτῆς

413 1514 652 1582 ἔχουσιν,
730 1509 926 1582 Ἀρχαὶ
1004 1511 1105 1583 γὰρ
1187 1511 1377 1560 τούτων
1445 1511 1499 1559 αἱ
1565 1507 1891 1580 ἐνθυμήσεις,
1957 1507 2013 1568 ἃς

413 1602 443 1656 ἡ
496 1596 695 1674 καρδία
766 1598 1024 1669 πηγάζειν
1073 1599 1262 1652 εἰωθεν.
1320 1596 1463 1650 Ἐπεὶ
1521 1593 1579 1649 δὲ
1635 1600 1690 1648 ἐκ
1740 1607 1836 1658 τῆς
1882 1617 2010 1671 καρ-
2043 1589 2086 1643 Β

419 1684 535 1746 δίας
603 1686 942 1759 ἐξέρχονται,
1021 1689 1225 1748 πάντως
1289 1693 1378 1738 καὶ
1445 1685 1499 1736 ἐκ
1565 1693 1657 1737 τού
1736 1691 2010 1758 στὸματος,

419 1777 540 1828 ὅταν
620 1775 1042 1848 ύπερϐλυσὰντων
1098 1775 1250 1846 (91)
1309 1773 1356 1826 ἐν
1430 1782 1490 1846 τῇ
1569 1771 1802 1848 καρδίᾳ,
1861 1771 2014 1832 δίκην

417 1873 646 1937 πονηροῦ
727 1872 904 1937 χυμοῦ
933 1907 946 1930 ,
996 1867 1054 1916 τὸ
1133 1871 1431 1936 περιττεῦον
1494 1863 1828 1936 ἐξεμεσθῆναι
1897 1862 2014 1935 βιά-

421 1973 598 2012 σηται.

487 2067 662 2112 Ταῦτα
731 2091 797 2100 —-
873 2059 1158 2135 ἄνθρωπον,
1218 2056 1476 2120 Μαθὸντες
1546 2057 1653 2118 ἤδη
1719 2064 1808 2111 καὶ
1865 2061 2013 2130 ἡμεῖς

412 2150 478 2200 τὰ
547 2152 820 2219 μιαίνοντα
908 2152 995 2200 τὸν
1070 2150 1338 2223 ἄνθρωπον
1368 2193 1383 2217 ,
1457 2152 1651 2206 ταύτην
1737 2150 1840 2221 οἰρα
1919 2153 2012 2205 τὴν

409 2238 672 2311 ῥυπαρίαν
749 2235 1156 2312 ἀποῤῥὶψωμεν,
1211 2243 1300 2295 τὴν
1364 2233 1688 2294 κηλιδούσαν
1753 2241 1846 2294 τὴν
1913 2236 2012 2306 ψυ-

405 2331 538 2395 χήν.
602 2324 715 2377 Ἐὰν
759 2327 860 2398 γὰρ
921 2324 1053 2386 ὅλοις
1124 2334 1378 2398 ποταμοῖς
1447 2329 1502 2377 τὸ
1581 2335 1732 2397 σῶμα
1799 2324 2008 2396 λούσης,

405 2410 559 2465 οὐδὲν
621 2413 842 2484 ὄφελος,
914 2412 1212 2487 ἀκαθάρτου
1294 2418 1551 2486 μενούσης
1632 2406 1824 2478 αὐτῆς,
1899 2418 2012 2475 ἥτις

408 2499 569 2554 ὕδατι
644 2498 887 2576 δακρύων
968 2508 1058 2555 καὶ
1123 2506 1434 2578 καθαρσίοις
1497 2505 1688 2578 ιὶρετῶν
1774 2501 2014 2554 ἀπολούε-

414 2609 500 2642 ται
509 2633 522 2644 .

737 2791 889 2843 ΚΕΦ.
932 2790 1037 2853 ΚΘ,
1071 2791 1195 2858 Περὶ
1242 2794 1336 2848 τῆς
1366 2791 1682 2846 Χαναναίας.

486 2879 587 2927 Καὶ
637 2905 706 2914 --
758 2871 1000 2935 Σιδῶνος.
1041 2875 1208 2927 Αὖται
1265 2875 1319 2927 αὶ
1365 2875 1534 2936 πόλεις
1564 2884 1662 2926 τῶν
1708 2877 2010 2928 Χαναναίων

417 2959 571 3019 ἦσαν.
653 2970 770 3024 Πῶς
838 2960 945 3029 οὖν,
1013 2971 1118 3023 τοῖς
1177 2965 1438 3035 μαθηταῖς
1523 2963 1883 3036 ἐντειλάμενος,
1945 2962 2013 3022 εἰς

413 3047 536 3103 ὁδὸν
564 3049 716 3103 ἐθνῶν
745 3056 816 3123 μὴ
872 3049 1124 3118 ἀπελθεῖν,
1159 3052 1314 3114 αύτὸς
1353 3054 1561 3104 ἄπεισιν
1581 3071 1598 3123 ς
1652 3052 1762 3104 Ούκ
1818 3051 2014 3110 ἀπῆλθε

409 3139 664 3212 κηρύξων·
750 3140 822 3201 εἰς
887 3148 1042 3193 τοῦτο
1113 3143 1214 3212 γὰρ
1269 3145 1360 3193 καὶ
1410 3145 1531 3202 τοὺς
1591 3143 1827 3213 μαθητὰς
1885 3141 2011 3193 ἐκω-

405 3228 578 3281 λυσεν·
646 3227 774 3281 ἄλλοί
850 3229 1003 3282 θέλων
1078 3226 1328 3282 ἁδειάσαι
1380 3230 1496 3301 (92)
1536 3231 1740 3302 μικρόν.
1789 3234 1874 3283 Διὸ
1922 3236 2012 3283 καὶ

412 3320 538 3388 μετὰ
593 3321 650 3370 τὸ
700 3316 978 3382 ἀπελθεῖν,
1029 3320 1096 3379 ὡς
1155 3320 1180 3370 ὁ
1239 3321 1452 3392 Μάρκος
1526 3318 1658 3370 εἰπεν
1696 3361 1708 3384 ,
1775 3319 2015 3372 εἰσελθὼν

414 3408 485 3466 είς
530 3404 643 3477 (93)
685 3406 876 3474 οἰκίαν,
908 3405 1096 3459 ούὸένα
1118 3406 1264 3464 ἤθελε
1291 3415 1500 3478 γνῶναι,
1537 3411 1625 3459 καὶ
1654 3407 1746 3460 ούκ
1774 3404 2012 3467 ἠδύνὴθη

414 3492 602 3548 λαθεῖν.

485 3605 584 3652 καὶ
615 3630 684 3640 -
737 3601 899 3655 αύτῶ.
941 3599 999 3652 Ὀ
1052 3597 1111 3652 δὲ
1154 3602 1366 3675 Μάρκος
1397 3605 1573 3672 φησίν·
1612 3601 1707 3654 Ἦν
1740 3599 1850 3661 δὲὴ
1883 3609 2014 3674 γυνὴ

408 3687 658 3752 Ἑλληνίς,
735 3692 891 3763 Σύρα,
979 3693 1286 3742 Φοινίκισσα
1353 3697 1426 3740 τῶ
1499 3694 1651 3761 γένει,
1729 3696 2012 3759 τουτέστιν,

412 3775 645 3836 Ἑλληνίς
697 3780 784 3847 μὲν
835 3781 928 3835 τὴν
986 3779 1264 3850 θρησκείαν
1321 3781 1458 3850 Σύρα
1516 3776 1574 3830 δε
1623 3787 1684 3851 τῇ
1739 3776 2014 3853 διαλέκτῳ,

417 3869 728 3917 Φοινίκισσα
778 3861 834 3917 δε
882 3874 953 3936 τῷ
1002 3869 1173 3937 γένει,
1232 3869 1398 3918 εἶτουν
1449 3875 1522 3936 τῷ
1580 3869 1728 3921 ἔθνει.
1791 3875 2015 3932 Φοίνικες

414 3955 518 4025 γὰρ
580 3955 629 4005 οἱ
683 3960 960 4006 Χαναναῖοι
1030 3953 1261 4024 ἐλέγοντο
1293 3993 1307 4016 ,
1386 3951 1478 4007 δια
1555 3960 1611 4006 τὸ
1695 3959 2014 4030 μητρόπολιν

412 4044 556 4113 ἔχειν
628 4046 722 4101 τὴν
776 4048 1033 4102 Φοινίκην.
1092 4042 1395 4098 Ἀκούσασα
1447 4042 1509 4098 δὲ
1558 4045 1721 4099 πάλαι
1773 4052 1864 4121 μὲν
1919 4053 2014 4107 τήν

413 4135 587 4202 φήμην
641 4131 815 4200 αὐτοῦ,
864 4140 951 4184 νῦν
1004 4129 1083 4200 δὲ,
1138 4134 1219 4184 ὅτι
1277 4133 1392 4205 (94)
1441 4131 1850 4209 ἐπιδεδήμηκεν,
1907 4135 2015 4191 ἀνι-

410 4238 628 4290 χνευσεν
660 4220 831 4275 αύτὸν.

477 4342 615 4416 [(95)
663 4346 1098 4420 Συροφοινίκισσα
1151 4346 1266 4419 (96)
1316 4351 1456 4399 ἐστιν
1501 4350 1530 4406 ἡ
1580 4348 1799 4403 ἑκάστου
1829 4351 2008 4423 ψυχὴ,

405 4435 630 4504 ἔχουσα,
689 4437 924 4506 καθάπερ
983 4437 1261 4507 θυγατέρα,
1308 4441 1401 4494 τὴν
1462 4433 1696 4490 διάνοιαν
1756 4459 2011 4512 κεκρατη-

403 4525 557 4592 μένην
611 4529 673 4593 τῇ
729 4522 874 4594 φιλία
919 4531 1010 4583 τῆς
1041 4523 1189 4592 ὕλης,
1239 4529 1328 4576 καὶ
1359 4521 1452 4577 διὰ
1498 4535 1650 4580 τοῦτο
1681 4527 2010 4586 ἐπιληπτευο-

403 4614 555 4681 μίνην
579 4615 670 4663 καὶ
695 4607 1206 4686 διαῤῥησσομένην.]

477 4707 524 4742 ⁵³
559 4707 719 4765 Psal.
750 4724 869 4775 xui,
909 4710 955 4764 1.
1034 4710 1082 4746 ⁵9
1116 4710 1318 4768 Matth.
1345 4726 1403 4777 x,
1437 4716 1488 4767 5.

1567 4713 1614 4748 ⁸ο
1636 4715 1809 4770 Marc.
1840 4731 1934 4783 v11,
1960 4718 2049 4773 24.

2129 529 2296 585 illum
2315 545 2595 584 accusare
2628 546 2640 594 ;
2669 529 2891 585 malitia
2917 536 3004 585 est
3023 531 3281 598 cogitare
3306 531 3464 586 mala
3491 531 3780 588 adversus

2131 618 2409 690 aliquem,
2450 624 2552 672 aut
2591 619 2878 687 suspicari
2919 617 2987 672 de
3029 619 3126 674 illo
3171 635 3306 690 quae
3342 635 3463 674 non
3510 625 3774 691 oportet:

2130 704 2496 775 impudicitia
2540 710 2628 757 est
2674 705 3024 760 concubitus
3064 723 3202 760 cum
3265 708 3551 772 masculo,
3600 713 3701 763 aut
3731 709 3779 762 si

2129 809 2264 862 quae
2289 793 2740 860 esthujusmodi
2775 793 3296 862 lascivia;oculum
3329 802 3528 850 autem
3550 797 3778 852 malum

2131 886 2299 936 vocat
2332 881 2614 936 invidiam
2648 899 2660 947 ;
2695 881 2938 936 stultitia
2968 898 3109 937 vero
3137 884 3373 953 proprie
3392 890 3612 940 estnon
3643 901 3777 941 nos-

2131 984 2191 1023 se
2226 971 2407 1024 Deum
2441 971 2640 1026 :Dz‘xit
2662 971 2897 1035 stultus,
2918 969 3109 1041 inquit
3132 971 3195 1024 in
3220 971 3389 1027 corde
3403 973 3668 1037 suo,Non
3695 979 3776 1030 est

2128 1059 2286 1113 Deus
2315 1060 2383 1112 ⁵⁸.
2419 1060 2566 1113 Sunt
2600 1064 2798 1113 autem
2830 1063 2888 1112 et
2917 1057 3036 1112 alia
3078 1058 3240 1112 mala
3291 1059 3604 1115 innumera
3642 1075 3778 1131 quea

2127 1162 2288 1201 nunc
2333 1146 2713 1216 praetermisit
2743 1145 3030 1212 Christus,
3083 1161 3153 1200 eo
3177 1146 3342 1217 quod
3383 1144 3682 1202 sufﬁciant
3709 1163 3782 1203 ea

2127 1250 2263 1304 quae
2294 1234 2446 1289 dicta
2472 1240 2632 1297 sunt,
2665 1234 2743 1289 ad
2773 1233 3122 1290 habendam
3161 1234 3333 1288 etiam
3367 1233 3604 1289 illorum
3627 1236 3778 1290 noti-

2128 1322 2289 1378 tiam.
2320 1322 2449 1378 Haec
2489 1338 2632 1392 ergo
2664 1339 2698 1377 a
2729 1322 2905 1378 corde
2937 1322 3083 1377 dixit
3107 1323 3329 1392 egredi,
3383 1324 3674 1394 quoniam
3701 1323 3780 1379 ab

2125 1410 2225 1466 illo
2271 1412 2622 1483 principium
2664 1411 2909 1468 habent.
2954 1412 3173 1466 l-lorum
3236 1419 3432 1467 autem
3487 1412 3782 1484 principia

2126 1499 2623 1570 concupiscentia-3
2651 1504 2808 1568 sunt,
2836 1517 2966 1571 quae
2997 1516 3033 1556 a
3055 1502 3230 1555 corde
3253 1501 3444 1556 solent
3474 1516 3777 1556 emanare.

2128 1589 2278 1654 Quia
2308 1605 2449 1644 vero
2484 1605 2518 1644 a
2537 1589 2737 1652 corde,
2757 1589 3005 1644 omnino
3036 1591 3210 1644 etiam
3237 1591 3315 1644 ab
3341 1605 3442 1645 ore
3468 1591 3781 1659 egrediun-

2128 1683 2276 1732 tur:
2346 1678 2590 1750 quando
2639 1679 2704 1733 in
2780 1678 2957 1734 corde
3023 1679 3353 1733 ebulliendo
3409 1678 3468 1732 in
3525 1679 3780 1734 modum

2127 1766 2270 1822 mali
2344 1766 2634 1830 humoris,
2728 1768 2891 1839 quod
2967 1767 3342 1840 superﬂuum
3410 1773 3494 1823 est
3579 1766 3780 1823 evomi

2127 1855 2377 1925 cogitur.

2201 2103 2359 2156 Vers.
2426 2104 2522 2156 20.
2583 2103 2724 2156 Haec
2769 2133 2837 2140 —
2901 2101 3191 2157 hominem.
3245 2101 3506 2158 Scientes
3567 2108 3621 2156 et
3667 2119 3780 2160 nos

2126 2190 2408 2262 deinceps
2441 2206 2579 2262 quae
2611 2190 2728 2245 sint
2753 2206 2824 2245 ea
2855 2207 2990 2262 quas
3019 2191 3328 2246 hominem
3351 2191 3778 2258 contaminant,

2126 2281 2284 2335 hanc
2301 2295 2442 2335 sane
2458 2279 2903 2334 immunditiam
2922 2279 3301 2349 abjiciamus,
3323 2297 3458 2352 quae
3474 2280 3778 2335 sordidam

2125 2368 2319 2423 reddit
2348 2369 2636 2423 animam.
2670 2368 2729 2422 Si
2779 2369 2938 2422 enim
2970 2369 3102 2438 ipsa
3144 2369 3216 2423 sit
3245 2369 3501 2438 impura,
3552 2368 3781 2424 etiamsi

2126 2456 2260 2511 totis
2289 2455 2642 2510 ﬂuminibus
2670 2471 2888 2526 corpus
2919 2455 3158 2519 laveris,
3183 2456 3324 2509 nihil
3349 2455 3450 2510 tibi
3479 2455 3774 2527 proderit;

2125 2545 2227 2601 illa
2254 2561 2414 2608 vero,
2473 2560 2632 2616 aqua
2675 2544 3074 2615 lacrymarum
3107 2550 3162 2598 et
3209 2544 3621 2614 puriﬁcatione
3667 2544 3775 2598 vir-

2124 2637 2321 2688 tutum
2345 2631 2620 2687 abluitur.

2046 2720 2086 2776 C
2193 2736 2354 2795 CAP.
2397 2739 2579 2792 XXIX.
2611 2737 2692 2792 De
2717 2737 3064 2794 Phwnicissa
3092 2740 3202 2791 ,ςιύε
3235 2736 3589 2794 ϐΙιαηιιηιεα.

2195 2845 2353 2900 Vers.
2381 2846 2472 2901 2i.
2501 2845 2575 2898 Et
2601 2875 2668 2884 —
2693 2843 2951 2899 Sidonis.
2997 2843 3095 2897 Hae
3139 2842 3409 2898 civitates
3437 2842 3775 2899 Chananseo

2122 2950 2256 2989 rum
2282 2938 2471 2989 erant.
2505 2931 2818 2996 Quomodo
2848 2947 2990 3001 ergo
3021 2932 3124 3002 qui
3156 2929 3462 3002 discipulis
3493 2931 3778 3003 praecepit

2122 3039 2196 3078 ne
2237 3023 2294 3077 in
2330 3024 2488 3077 viam
2517 3022 2767 3090 gentiam
2797 3020 3026 3076 abirent
3049 3022 3118 3086 ⁵³,
3150 3021 3276 3091 ipse
3309 3019 3476 3075 abit?
3496 3023 3624 3076 Non
3653 3020 3779 3077 abit

2123 3111 2574 3184 praedicaturus,
2611 3109 2717 3164 sed
2753 3115 2815 3163 ut
2844 3107 3156 3179 paululum
3188 3109 3605 3179 requiesceret.
3635 3109 3776 3165 Ideo

2123 3200 2302 3255 etiam
2333 3204 2654 3269 postquam
2682 3196 2941 3259 abiisset,
2970 3198 3280 3265 ingressus
3300 3199 3573 3261 domum,
3600 3200 3780 3266 prout

2125 3290 2352 3342 Marcus
2392 3286 2471 3341 ait
2514 3287 2582 3350 ⁵ο,
2620 3285 2923 3340 neminem
2975 3284 3120 3340 scire
3171 3283 3380 3347 voluit,
3424 3298 3532 3338 nec
3584 3283 3780 3354 potuit

2125 3376 2325 3433 latere.

2201 3606 2356 3660 Vers.
2383 3606 2472 3659 22.
2506 3605 2573 3659 Et
2599 3634 2666 3642 -—
2691 3619 2767 3660 an
2798 3618 2947 3659 eum.
2979 3605 3203 3660 Marcus
3243 3603 3325 3659 ait
3357 3619 3369 3657 :
3416 3603 3569 3657 Erta
3595 3611 3777 3658 autme

2125 3694 2342 3750 mulier
2373 3693 2578 3748 Graeca.
2621 3696 2798 3762 Syra,
2856 3691 3240 3757 Phwnicissa,
3292 3691 3406 3747 hoc
3437 3696 3523 3746 est
3569 3690 3776 3748 Graeca

2124 3782 2368 3854 quidem
2411 3781 2714 3850 religione,
2773 3782 2920 3851 Syra
2957 3797 3096 3836 vero
3133 3779 3362 3849 lingua.
3425 3780 3776 3835 Phoenicissa

2049 3852 2094 3906 D
2127 3852 2266 3926 vero
2289 3885 2504 3938 genere
2535 3869 2656 3923 sive
2683 3874 2875 3938 gente.
2909 3868 3210 3924 Phrenices
3258 3868 3413 3923 enim
3472 3867 3774 3924 Chananse

2122 3959 2485 4021 dicebantur,
2523 3973 2589 4012 eo
2615 3957 2782 4028 quod
2814 3956 3191 4028 metropolim
3216 3956 3557 4011 Phoenicem
3589 3954 3770 4010 habe-

2122 4052 2271 4104 rent.
2315 4048 2442 4101 Haec
2469 4061 2610 4115 ergo
2637 4061 2776 4100 cum
2803 4044 3031 4100 famam
3060 4045 3304 4116 quidem
3328 4044 3456 4114 ejus
3471 4044 3603 4115 jam
3628 4043 3773 4099 olim

2121 4135 2409 4201 audisset,
2455 4149 2618 4190 nunc
2645 4149 2788 4190 vero
2841 4132 3007 4205 quod
3050 4149 3122 4190 eo
3178 4133 3543 4196 accessisset,
3571 4138 3776 4189 secuta.

2122 4228 2212 4282 est
2239 4224 2369 4295 ejus
2397 4223 2665 4292 vestigia.

2193 4351 2234 4420 -ί-
2271 4347 2794 4420 SyraPhcenicissa
2820 4353 2904 4403 est
2935 4347 3232 4418 cujusque
3262 4346 3484 4412 anima,
3512 4351 3773 4401 mentem

2122 4437 2304 4510 quasi
2335 4437 2522 4492 ﬁliam
2551 4437 2807 4499 habens,
2835 4452 2970 4507 quae
2997 4436 3256 4491 materiae
3280 4440 3508 4491 tenetur
3532 4450 3770 4500 amore;

2123 4532 2180 4583 et
2209 4526 2344 4581 ideo
2399 4524 2681 4582 comitiali
2733 4525 2947 4580 morbo
3011 4523 3254 4587 laborat,
3312 4540 3381 4580 ac
3429 4520 3775 4578 discruciari

2125 4615 2358 4672 dicitur.

2130 4718 2151 4752 θ
2181 4713 2325 4771 ibid.
2365 4713 2459 4768 26.

1659 4819 2220 4891 Varieelectiones
2242 4830 2526 4888 etnotae.

402 4937 533 5015 ξεῖν,
564 4930 739 5000 cujus
765 4933 1280 5015 ,tgmen‘exempla
1306 4934 1541 5015 ignoro,
1563 4935 1679 5015 _ets_i
1706 4939 1850 5015 nota
1875 4944 2013 5015 sunt

406 5000 698 5074 ὄιϐέλτερος,
756 5000 1055 5074 ἀϐελτηρία.
1105 5000 1199 5046 --”
1241 5000 1358 5060 Adv
1404 5005 1702 5061 vocabula
1777 5005 2011 5061 ἀπελθεῖν

406 5023 698 5074 αοεΛτερος,
756 5023 939 5062 αοεΑτη
982 5024 1055 5059 ια.
1105 5035 1176 5046 —-—
1241 5023 1330 5060 na
1404 5023 1702 5061 vocabula
1777 5023 2011 5061 απελθεῑν

404 5073 476 5153 εἰς
506 5077 652 5153 noto
683 5077 916 5153 tantum
931 5023 1151 5153 focum
1173 5075 1295 5153 fere
1326 5076 1589 5153 similem
1611 5093 1792 5146 supra
1831 5096 1885 5150 p.
1919 5080 2011 5153 25,

404 5143 616 5221 ibi
654 5148 763 5221 est,
809 5145 1016 5204 εἰσῆλθε
1061 5151 1190 5221 πρὸς
1235 5147 1419 5212 αύτην,
1453 5151 1521 5208 ὡς
1548 5147 1620 5210 εἰς
1668 5143 1879 5221 πόρνην.
1912 5151 2012 5208 Ea:

411 5214 736 5271 Addendis.

478 5285 594 5362 (8_8)
638 5286 990 5362 _Hentenius,
1044 5291 1226 5345 mala.
1283 5289 1523 5346 Videtur
1553 5305 1695 5362 ergo
1720 5292 2010 5349 excidisse

410 5359 562 5428 κακά,
597 5357 674 5411 ob
707 5358 1042 5428 proximum
1079 5363 1231 5414 κατὰ.

624 5427 849 5504 omittit
879 5430 1067 5504 codex
1098 5433 1139 5484 B
1165 5436 1259 5490 τὴν
1291 5430 1606 5504 βασκανίαν.

502 5499 590 5572 90)
622 5505 758 5572 Νῦν,
775 5500 956 5572 abest
976 5503 1040 5555 A.

500 5570 574 5624 91¹
619 5570 804 5625 lntell.
842 5571 1029 5625 αύτων.

500 5573 588 5714 9'2)
613 5638 887 5713 Ἀδιάσαι,
912 5648 976 5699 Α.
1018 5641 1029 5658 ³

474 5638 587 5714 (9'2)
613 5638 887 5713 Ἀδιασαι,
912 5648 976 5699 Α.
1018 5639 1330 5712 Ἀδειάζειν,
1365 5647 1530 5720 quod
1560 5663 1696 5708 raro
1735 5645 2009 5719 occurrit,

2121 4944 2208 4994 est
2252 4953 2324 4992 ex
2355 4932 2545 5004 όίδεια,⁸
2578 4935 2865 5002 notatque
2913 4927 3096 5004 ἄδειαν
3141 4932 3316 5004 ἔχειν,
3348 4929 3396 4982 ἐν
3454 4926 3606 5004 did:ng
3655 4926 3770 5004 ζῇν.

2122 4949 2208 4994 est
2252 4953 2324 4992 ex.
2355 4949 2530 4998 ad‘sm,
2578 4949 2865 5002 n0taique
2913 4949 3096 4983 αοειαν
3156 4949 3178 4982 ε
3226 4949 3316 4997 ειν,
3348 4949 3396 4982 εν
3454 4949 3606 4983 αοεια
3655 4949 3770 5004 ςῃν.

2122 5010 2245 5063 Hoc
2292 5008 2424 5064 loco
2481 5002 2663 5058 ἄδειαν
2716 5003 3058 5075 πραγμάτων,
3121 4949 3303 5056 ἄὸξιαν
3338 5010 3428 5054 τοῦ
3495 4997 3772 5057 διδάσκειν

2123 5082 2283 5151 ἔχειν.

2196 5148 2307 5274 (93)
2349 5145 2479 5228 T362,
2512 5141 2675 5218 quod
2707 5143 2978 5216 vulgares
3009 5144 3301 5202 aditiones
3330 5145 3565 5212 habent,
3601 5146 3773 5202 omit-

2215 5235 2274 5274 ιη
2305 5235 2370 5274 ra
2397 5235 2457 5273 in
2486 5221 2783 5274 contextu.

2123 5221 2187 5278 tit
2208 5219 2370 5274 "infra
2397 5219 2457 5273 in
2486 5221 2783 5274 contextu.

2195 5291 2306 5362 (94)
2338 5288 2454 5342 Ὀτι
2483 5287 2661 5344 habet
2681 5293 2921 5362 uterque
2961 5287 3169 5343 codex.
3199 5292 3278 5344 Ne
3304 5304 3442 5362 ergo
3473 5289 3607 5360 quis
3632 5304 3772 5362 con-

2120 5357 2296 5434 jiciat'
2344 5363 2458 5434 ὅτε,
2489 5377 2562 5416 ex
2606 5357 3010 5434 superioribus
3059 5357 3570 5434 repetendu'mfrb
3621 5358 3771 5411 ἀκού·

2129 5428 2291 5500 σασα,
2329 5437 2391 5488 ut
2416 5432 2507 5501 sit,
2539 5439 2625 5482 νύν
2655 5428 2713 5482 δὲ
2733 5429 3030 5494 ἀκούσασα,
3084 5428 3179 5484 ὅτι.

2198 5507 2287 5571 (95
2335 5505 2480 5569 Quae
2519 5502 2890 5567 inclusimus,
2925 5517 2994 5558 ea
3028 5505 3064 5556 Β
3093 5501 3275 5558 habet
3311 5501 3369 5556 in
3389 5501 3672 5572 margine.

2198 5506 2310 5649 (96)
2341 5579 2426 5633 lta
2463 5575 2564 5633 alii
2591 5574 2815 5646 legunt.

2195 5574 2310 5649 (96)
2341 5579 2426 5633 lta
2463 5575 2564 5633 alii
2591 5574 2815 5646 legunt.
