4186 6318
499 276 597 336 451

568 403 734 459 Vers.
754 404 844 461 22.
865 408 1081 466 Dicens
1102 430 1113 465 :
1134 439 1203 448 —
1223 414 1550 480 torquetur.
1568 407 1707 463 Filia
1723 421 1857 476 quae
1877 405 2008 459 adae
2026 420 2151 458 mo-
2184 404 2230 456 A

492 491 593 548 nio
606 495 994 567 torquebatur
1006 498 1226 563 relicta,
1247 512 1316 552 eo
1329 496 1491 568 quod
1511 493 1765 550 omnino
1790 507 1969 546 sensu
1988 506 2150 545 care—

490 586 596 647 ret,
613 584 875 657 seipsam
890 585 1291 659 profertquasi
1309 584 1567 639 maxime
1580 581 1843 649 indigeat
1858 584 1921 634 ut
1936 579 2027 632 sui
2052 577 2148 630 mi-

494 678 779 744 sereatur,
801 677 943 747 quia
972 676 1245 732 morbum
1272 671 1577 736 sentiebat,
1606 672 1662 723 et
1683 667 2148 723 ideoinnumera

497 762 1231 821 sustinebatincommoda.
1258 759 1465 815 Filium
1480 762 1681 812 autem
1695 756 1880 810 David
1904 772 2030 810 eum
2046 772 2146 811 vo-

498 856 611 916 cat,
631 853 793 924 quod
812 853 1101 908 didicerat
1124 865 1154 904 e
1185 862 1397 919 genere
1424 845 1598 900 David
1626 844 1920 900 Christum
1946 843 2145 899 oriun-

498 941 663 996 dum.
679 941 966 996 Omnibus
977 935 1269 1008 siquidem
1286 932 1801 989 nominatissimus
1814 931 2144 988 eratDavid

494 1027 642 1085 Male
671 1027 877 1097 inquit,
909 1041 947 1082 a
976 1024 1258 1078 damonio
1288 1026 1623 1094 torquetur,
1643 1021 1757 1077 hoc
1787 1025 1880 1077 est
1908 1021 2140 1077 misere.

565 1114 728 1169 Vers.
760 1118 845 1169 23.
874 1114 1024 1180 Ipse.
1054 1142 1121 1150 —
1151 1110 1410 1167 verbum.
1473 1109 1575 1166 Illa
1622 1110 1869 1182 quidem
1899 1109 2014 1166 alte
2041 1126 2143 1167 vo-

493 1201 788 1265 ciferatur,
804 1200 1074 1256 dolorem
1099 1198 1200 1271 qui
1228 1198 1450 1257 latebat
1467 1199 1529 1255 in
1563 1198 1743 1256 corde
1762 1198 2137 1269 signiﬁcans;

489 1290 617 1362 ipse
639 1303 775 1344 vero
790 1287 1031 1360 penitus
1053 1287 1207 1355 silet,
1235 1288 1538 1344 sustinens
1559 1288 1749 1344 donec
1774 1288 1971 1344 omnis
1986 1287 2142 1343 illius

488 1378 657 1444 ﬁdes,
690 1376 866 1433 animi
920 1377 1216 1433 modestia
1260 1378 1580 1449 prudentia
1616 1377 2095 1433 manifestaretur
2124 1393 2137 1432 :

488 1465 649 1539 quod
695 1466 858 1523 vario
897 1466 1080 1522 modo
1131 1465 1325 1523 facere
1379 1466 1526 1522 solet
1568 1467 1630 1521 in
1678 1466 1897 1522 multis.
1955 1463 2142 1522 Simul

489 1555 670 1613 etiam
694 1560 757 1611 ut
777 1571 808 1611 e
840 1555 1081 1611 diverso
1110 1555 1325 1611 Judaeis
1348 1555 1707 1623 ostenderet,
1736 1554 1973 1628 qualem
2001 1569 2142 1624 erga
2172 1540 2214 1594 Β

488 1645 621 1702 illos
646 1649 871 1715 gereret
903 1645 1191 1710 affectum,
1223 1661 1362 1701 cum
1397 1644 1670 1701 inﬁrmos
1701 1660 1908 1701 eorum
1958 1642 2142 1699 semel

492 1737 726 1792 tantum
772 1739 1030 1807 rogatus,
1086 1734 1209 1790 imo
1239 1750 1349 1790 nec
1397 1733 1581 1790 semel
1631 1733 1895 1805 quidem,
1941 1734 2141 1789 statim

493 1823 743 1880 curabat
777 1838 790 1877 :
824 1823 1137 1893 gentilium
1158 1840 1296 1879 vero
1326 1839 1448 1878 non
1471 1825 1570 1878 ita.

563 1912 729 1968 Vers.
761 1916 849 1968 23.
896 1913 967 1966 Et
990 1943 1055 1951 -—
1084 1927 1209 1968 nos.
1238 1911 1408 1977 Quod
1438 1911 1537 1967 Hic
1568 1909 2138 1980 dicitur,Rogabant,

491 2003 685 2058 littera
735 2001 919 2056 habet
970 2002 1200 2073 ἠρώτων,
1236 2000 1401 2071 quod
1456 1998 1697 2054 \erbum
1746 1998 1880 2054 licet
1908 2002 1972 2053 ut
2012 1997 2141 2070 plu-

489 2090 714 2146 rimum
745 2089 1111 2159 interrogare
1137 2088 1450 2157 signiﬁcet,
1504 2087 1801 2143 interdum
1833 2092 2036 2142 tamen
2067 2086 2141 2141 si-

491 2178 736 2249 gniﬁcat
791 2177 1120 2249 deprecari.
1185 2180 1333 2233 Nam
1385 2181 1442 2233 et
1483 2176 1591 2233 hoc
1629 2175 1762 2232 loco
1813 2176 2040 2231 Marcus
2069 2190 2141 2231 eo

493 2268 687 2331 utitur,
721 2282 862 2322 cum
899 2267 970 2321 de
1009 2265 1260 2321 muliere
1296 2264 1556 2337 loquens
1600 2264 1683 2321 ait
1713 2283 1725 2322 :
1751 2264 1976 2339 Ἡρώτα,
2027 2264 2143 2320 hoc

491 2361 597 2423 est,
651 2356 1089 2428 deprecabatur
1126 2370 1257 2410 eum
1296 2360 1360 2410 ut
1388 2354 1799 2410 daamoninum
1833 2353 2068 2425 ejiceret
2108 2368 2146 2408 a

490 2445 614 2502 ﬁlia
643 2461 753 2502 sua
782 2447 852 2500 ⁸³.
884 2445 952 2501 Et
972 2446 1159 2501 Lucas
1202 2445 1433 2501 decimo
1472 2448 1687 2517 quarto
1712 2445 1904 2516 capite
1951 2446 2143 2516 ἐρωτῶ,

492 2535 609 2591 hoc
621 2539 726 2601 est,
747 2535 1037 2603 deprecor
1056 2540 1129 2599 te,
1155 2534 1306 2590 habe
1326 2549 1419 2591 me
1431 2539 1768 2591 excusatum
1782 2535 1851 2586 ⁸³.
1867 2533 2031 2588 Estet
2044 2531 2146 2587 ubi

489 2623 700 2695 jubere
726 2622 1037 2693 signiﬁcat,
1081 2627 1145 2678 ut
1179 2639 1316 2678 cum
1360 2622 1520 2679 circa
1566 2622 1750 2677 ﬁnem
1793 2621 2011 2678 decimi
2053 2636 2150 2677 ca-

499 2711 639 2782 pitis
680 2710 846 2782 apud
890 2712 1113 2767 Lucam
1170 2711 1386 2766 dicitur
1424 2728 1437 2766 :
1490 2711 1783 2781 Ingressus
1848 2717 2037 2767 autem
2083 2710 2147 2765 in

500 2813 679 2854 unam
716 2800 916 2854 navim
964 2814 1098 2869 qua:
1148 2803 1274 2854 erat
1327 2799 1585 2854 Simonis
1637 2800 1926 2872 ἠρώτησεν,
1974 2798 2033 2852 id
2061 2801 2151 2852 est

495 2888 671 2959 jussit
718 2903 840 2942 eum
869 2891 927 2942 ut
958 2901 996 2942 a
1031 2893 1189 2942 terra
1228 2886 1547 2943 abduceret
1591 2887 1865 2956 pusillum
1896 2888 1963 2941 δι’.
1997 2886 2149 2942 Tan-

471 2990 687 3047 quam
716 2977 1049 3045 praeceptor
1098 2973 1260 3029 enim
1284 2974 1483 3045 jussit.
1517 2978 1665 3030 Nam
1696 2978 1751 3031 et
1793 2974 1975 3046 paulo
2017 2977 2151 3046 post

494 3062 672 3136 quasi
706 3062 1118 3120 auctoritatem
1139 3062 1369 3119 habens
1395 3062 1542 3119 dixit
1567 3080 1581 3117 :
1615 3065 1738 3119 Duc
1759 3065 1821 3119 in
1859 3065 2047 3119 altum
2076 3063 2146 3120 ⁵⁵.

564 3152 724 3208 Vers.
761 3154 849 3207 24.
892 3154 971 3207 At
1003 3152 1108 3208 ille
1154 3183 1223 3191 —
1271 3153 1477 3208 Israel.
1513 3150 1854 3208 Suﬂlciebat
1900 3151 2147 3225 quidem

490 3241 789 3298 silentium
820 3244 883 3297 ut
911 3256 1047 3296 eam
1076 3242 1138 3296 in
1177 3240 1653 3313 desperationem
1704 3242 2021 3312 conjiceret
2053 3258 2066 3308 ;
2093 3244 2149 3297 at

488 3330 804 3403 responsio
835 3330 1016 3386 multo
1046 3329 1224 3386 etiam
1255 3329 1510 3401 amplius
1552 3330 2030 3402 desperationem
2061 3330 2147 3385 in-

488 3420 691 3475 tendit.
739 3420 1064 3491 Respondit
1110 3421 1270 3475 enim
1297 3436 1311 3474 :
1342 3421 1477 3476 Non
1522 3437 1649 3475 sum
1681 3421 1890 3476 missus
1920 3419 2036 3476 nisi
2067 3418 2146 3475 ad

486 3509 738 3573 Judaeos,
766 3509 877 3564 hos
906 3508 1056 3563 enim
1088 3508 1405 3580 appellavit
1470 3524 1589 3564 oves
1635 3509 1895 3578 perditas
1941 3509 2144 3564 domus

490 3595 698 3651 Israel.
732 3597 878 3651 Nam
931 3594 1165 3651 decimo
1190 3610 1355 3651 nono
1406 3611 1652 3668 quoque
1684 3597 1876 3668 capite
1904 3612 2144 3652 rursum

492 3685 578 3739 ita
597 3683 744 3739 dixit
790 3683 1117 3756 apostolis:
1158 3685 1235 3740 Ite
1262 3687 1454 3741 autem
1493 3686 1692 3754 potius
1722 3685 1794 3739 ad
1832 3701 1963 3743 oves
2007 3701 2144 3755 per-

493 3772 646 3866 ditas
670 3774 878 3830 domus
900 3773 1094 3866 Israel
1117 3776 1185 3830 ⁸⁸.
1214 3773 1368 3839 Quid
1402 3790 1544 3866 ergo
1565 3774 1775 3866 mulier
1804 3775 1832 3831 ‘2
1849 3775 1997 3866 Cum
2013 3790 2144 3866 sese
2177 3812 2223 3866 D

494 3862 716 3919 videret
744 3877 876 3919 esse
905 3862 1277 3935 despectam,
1308 3863 1657 3935 repudiatos
1684 3864 1853 3921 etiam
1882 3864 2013 3921 illos
2038 3864 2145 3936 qui

495 3967 601 4022 pro
626 3967 701 4008 ea
735 3951 1216 4024 deprecarentur,
1266 3967 1389 4007 non
1435 3952 1773 4025 desperavit
1800 3967 1813 4007 :
1847 3969 1991 4011 nam
2022 3969 2147 4010 ma-

490 4055 678 4110 gnam
717 4040 975 4097 habebat
1018 4040 1198 4096 ﬁdem
1228 4055 1298 4096 ac
1340 4040 1722 4111 prudentiam
1755 4057 1770 4108 ;
1804 4042 1909 4097 sed
1946 4042 2144 4114 impu-

490 4129 996 4185 densesthonesta
1017 4127 1415 4200 impudentia,
1436 4133 1493 4183 et
1498 4129 1630 4199 jam
1649 4128 1853 4185 relicto
1882 4130 2143 4187 clamore

489 4216 592 4289 qui
628 4216 865 4272 eminus
918 4214 1121 4281 ﬁebat,
1171 4215 1421 4287 propius
1460 4216 1730 4272 accessit.
1790 4220 1907 4273 Nos
1939 4223 2140 4275 autem

486 4320 610 4363 non
622 4304 725 4372 ita,
740 4304 964 4375 sedjubi
981 4304 1182 4361 statim
1195 4318 1320 4361 non
1332 4305 1729 4378 assequimur,
1744 4305 2089 4363 desistimus
2124 4323 2138 4375 ;

488 4409 621 4450 cum
650 4393 896 4466 propius
924 4397 1220 4465 oporteret
1249 4392 1552 4459 accedere,
1578 4400 1633 4451 et
1662 4394 1983 4453 ferventius
2012 4412 2142 4455 ora-

487 4482 635 4540 tioni
672 4482 1040 4539 incumbere.

560 4573 725 4628 Vers.
754 4575 842 4629 25.
870 4574 988 4631 Illa
1009 4603 1076 4616 -—-
1098 4588 1205 4631 me.
1236 4575 1427 4645 Usque
1447 4578 1580 4631 tanc
1595 4575 1744 4632 enim
1767 4591 1963 4649 neque
1986 4576 2050 4634 in
2078 4577 2142 4635 il-

489 4663 605 4719 lius
635 4666 1023 4736 conspectum
1069 4679 1220 4721 ausa
1263 4663 1454 4721 fuerat
1483 4665 1784 4731 accedere,
1826 4665 2140 4738 indignam

494 4769 624 4810 sese
652 4756 962 4826 reputans.

562 4846 718 4901 Vers.
740 4844 829 4900 26.
862 4843 969 4900 Ille
1005 4874 1075 4886 —
1126 4844 1375 4901 catellis.
1407 4845 1707 4907 Quantum
1743 4843 1845 4900 illa
1881 4844 2143 4915 augebat

489 4932 857 5006 petitionem,
885 4935 1117 4991 tantum
1167 4932 1299 5004 ipse
1327 4931 1752 5004 repulsionem.
1805 4935 2033 4990 Marcus
2061 4934 2142 4993 ait

558 5087 605 5122 ⁸³
636 5086 816 5143 Marc.
843 5101 941 5151 vn,
963 5088 1052 5143 26.
1129 5086 1177 5122 ⁸³
1204 5087 1338 5143 Luc.
1372 5100 1488 5153 xw,
1512 5085 1600 5140 18.
1679 5086 1726 5122 οι
1756 5085 1896 5143 Luc.
1926 5103 1979 5155 v,
2007 5088 2062 5143 3.

1821 274 2161 341 EUTllYMlI
2212 268 2546 335 ZIGABENI

2139 5091 2187 5128 ⁸⁵
2217 5090 2364 5148 ibid.
2394 5093 2450 5148 4.

3762 268 3866 328 452

2330 403 2577 469 Λέγουσα
2617 426 2685 436 -
2752 392 3127 465 δαιμονίζεται.
3192 398 3295 450 Τὴν
3356 394 3619 466 θυγατέρα
3676 394 3873 469 δαιμο-

2257 487 2526 556 νιζομένην
2567 483 2915 548 ἀπολιποῦσα,
2960 478 3053 534 διὰ
3093 485 3150 533 τὸ
3201 478 3454 539 παντελῶς
3504 479 3861 558 ἀναισθητεῖν,

2255 580 2549 649 πρόσεισιν,
2604 572 2793 630 ἑαυτὴν
2852 571 3123 630 ἐλεηθῆναι
3195 569 3428 639 μάλιστα
3483 566 3724 642 δεομένη,
3761 580 3855 633 τὴν

2254 664 2630 735 αἰσθανομένην
2677 670 2768 722 τῆς
2814 664 2991 729 νόσου,
3043 664 3132 712 καὶ
3207 655 3299 712 διά
3344 666 3498 710 τοῦτο
3549 666 3713 733 μυρία
3761 668 3859 716 ποί-

2257 772 2518 826 σχουσαν.
2551 750 2669 804 Υἰόν
2701 747 2760 803 δὲ
2781 746 2948 802 Δαυὶδ
2976 749 3130 801 αὐτὸν
3161 747 3308 801 καλεῖ
3327 744 3421 800 διὰ
3441 752 3500 800 τό
3530 751 3730 821 μαθεῖν,
3775 753 3857 806 ὅτι

2252 841 2310 894 ἐκ
2336 838 2503 894 Δαυίδ
2531 843 2749 913 κατάγει
2777 842 2836 893 τό
2875 843 3038 912 γένος.
3074 844 3214 892 Πᾶσι
3246 840 3347 913 γάρ
3390 839 3415 890 ό
3465 835 3631 891 Δαυῐδ
3666 841 3851 914 ὀνομα-

2255 936 2503 993 στότατος
2530 927 2609 989 ἦν.
2645 937 2831 991 Κακῶς
2857 925 2936 999 δὲ,
2965 932 3116 1000 φησὶ,
3150 924 3530 1000 δαιμονίζεται,
3571 926 3684 981 ἀντὶ
3733 937 3844 997 τοῦ,

2254 1020 2465 1092 χαλεπῶ
2476 1042 2514 1082 ς.

2318 1117 2382 1162 ⁸0
2436 1094 2505 1149 -Ᾰ
2579 1109 2749 1180 λόγον.
2803 1106 2860 1161 Ἠ
2918 1111 3008 1181 μὲν
3063 1106 3169 1180 βοᾷ
3231 1105 3449 1179 μεγάλα,
3489 1109 3574 1159 τὸν
3633 1103 3849 1180 ἐνδομυ-

2249 1207 2452 1270 χοῡντα
2486 1207 2585 1262 τῆς
2625 1193 2847 1272 καρδίας
2894 1198 3008 1270 (97)
3052 1200 3204 1249 πόνον
3261 1191 3656 1268 ἐνδεικνυμένη·
3696 1197 3852 1257 αὐτὸς

2251 1284 2310 1340 δὲ
2360 1293 2486 1359 σιγᾲ
2558 1285 2837 1354 παντελῶς,
2896 1284 3154 1358 ἀναμένων
3220 1284 3431 1337 ἅπασαν
3502 1284 3856 1359 φανερωθῆναι

2247 1382 2341 1435 τήν
2380 1382 2578 1448 πίστιν,
2621 1381 2710 1428 καὶ
2751 1379 3081 1441 ταπείνωσιν,
3120 1377 3210 1427 καὶ
3262 1376 3470 1426 σύνεσιν
3511 1372 3693 1439 αὐτῆς,
3732 1377 3854 1446 ὅπερ

2250 1463 2507 1539 διαφόρως
2556 1467 2699 1519 εἴωθε
2746 1471 2912 1517 ποιεῖν
2974 1462 3023 1516 ἐν
3065 1462 3290 1524 πολλοῖς·
3341 1462 3451 1536 ἄμα
3477 1458 3537 1515 δὲ
3585 1465 3676 1514 καὶ
3712 1461 3858 1515 ἀντε-

2248 1551 2639 1627 πιδεικνύμενος
2706 1549 3023 1619 Ἰουδαίοις,
3094 1553 3206 1605 οἷαν
3289 1556 3408 1626 περὶ
3478 1550 3670 1613 αὐτοὺς
3740 1552 3857 1623 ἔχει

2250 1641 2506 1711 διάθεσιν,
2557 1647 2785 1703 anno;
2833 1646 2922 1714 μεν
2973 1640 3276 1716 ἀρῥώστους
3319 1639 3487 1692 αὐτῶν
3528 1640 3668 1703 ἅπαξ
3706 1644 3858 1699 αἰτη-

2251 1736 2375 1801 θεὶς,
2430 1734 2459 1792 ἦ
2530 1729 2643 1785 οὐδ’
2690 1730 2867 1799 ἅπαξ,
2927 1730 3078 1792 εὐθὺς
3137 1731 3437 1803 θεραπεύει,
3486 1733 3609 1791 τοὺς
3648 1726 3708 1782 δὲ
3754 1738 3856 1782 τῶν

2249 1822 2405 1875 ἐθνῶν
2445 1821 2551 1894 οὐχ
2578 1818 2760 1882 οὓτως.

2319 1911 2428 1963 Καὶ
2467 1941 2532 1950 -
2560 1911 2726 1982 ἡμῶν.
2771 1938 2824 1949 -
2876 1907 3137 1983 Ἠρὼτων,
3194 1906 3306 1959 ἀντὶ
3345 1914 3458 1973 τοῦ,
3508 1908 3853 1982 παρεκάλουν.

2250 2004 2350 2052 Καὶ
2398 2001 2500 2073 γὰρ
2565 2002 2654 2050 καὶ
2715 1999 2740 2050 ὁ
2788 1997 2999 2070 Μάρκος
3054 2000 3225 2071 εῖρηκε
3273 2000 3391 2069 περὶ
3442 2003 3539 2057 τῆς
3587 1999 3856 2067 γυναικός,

2249 2092 2328 2140 ὅτι
2381 2093 2471 2140 καὶ
2526 2087 2704 2160 ἠρώτα
2745 2085 2921 2155 αύτὸν,
2972 2087 3052 2137 ἱνα
3112 2088 3170 2138 τὸ
3230 2081 3499 2157 δαιμόνιον
3551 2083 3743 2157 ἐκϐάλῃ
3799 2084 3856 2137 ἐκ

2248 2184 2342 2238 τῆς
2410 2178 2667 2249 θυγατρός
2732 2173 2914 2239 αὐτῆς,
2985 2175 3164 2245 ἢγουν,
3238 2172 3533 2246 παρεκάλει.
3608 2175 3678 2226 Τὸ
3749 2176 3852 2246 γὰρ

2250 2265 2421 2338 ἐρωτῶ
2480 2267 2721 2336 σημαίνει
2784 2266 2874 2335 μεν
2928 2264 2997 2324 ὡς
3052 2259 3136 2315 ἐπὶ
3186 2265 3245 2314 τὸ
3300 2261 3542 2314 πλεῖστον
3614 2264 3672 2315 τὸ
3728 2281 3855 2314 πυν-

2254 2354 2519 2406 θάνεσθαι·
2585 2355 2827 2424 σημαίνει
2891 2347 2950 2403 δε
3023 2356 3113 2403 καὶ
3165 2353 3246 2420 τὸ,
3312 2349 3618 2425 παρακαλῶ·
3676 2352 3746 2410 ὡς
3794 2354 3852 2403 τὸ

2250 2442 2452 2516 Ἐρωτῶ
2519 2459 2597 2510 σε,
2678 2443 2770 2512 ἔχε
2857 2457 2920 2512 με
2978 2442 3362 2516 παρῃτημένον.
3428 2438 3579 2493 Ἐστι
3644 2436 3717 2508 δ’,
3769 2440 3853 2492 ὅτε

2255 2527 2411 2589 δηλοῖ
2460 2535 2550 2582 καὶ
2605 2531 2663 2581 τὸ
2713 2530 3057 2602 προστάσσω,
3108 2531 3178 2589 ὡς
3229 2532 3309 2581 τό·
3358 2528 3547 2601 Ἐμϐὰς
3616 2525 3675 2580 δε
3737 2528 3857 2600 (98)

2256 2619 2323 2679 εἰς
2388 2619 2436 2671 ἓν
2492 2626 2591 2670 τῶν
2646 2617 2855 2681 πλοίων,
2914 2617 2941 2668 ὃ
2997 2614 3059 2675 ἧν
3119 2624 3211 2669 τοῦ
3274 2621 3517 2689 Σίμωνος,
3589 2618 3860 2690 ἠρώτησεν

2258 2708 2411 2760 αὐτὸν
2486 2705 2587 2759 ἀπὸ
2667 2714 2761 2767 τῆς
2855 2714 2952 2777 γῆς
3044 2704 3384 2778 ἐπαναγαγεῖν
3456 2705 3625 2777 ὀλίγον
3664 2748 3677 2763 .
3771 2705 3862 2768 Ὠς

2259 2793 2584 2858 διδάσκαλος
2644 2798 2745 2868 γὰρ
2821 2794 3153 2870 προσέταξεν,
3210 2793 3321 2847 ἐπεὶ
3401 2799 3491 2847 καὶ
3550 2797 3678 2867 μετὰ
3760 2815 3855 2865 μι-

2256 2888 2379 2960 κρὸν
2458 2883 2864 2947 ἕξουσιαστικῶς
2940 2881 3074 2936 εἶπεν
3122 2900 3133 2912 ·
3219 2883 3548 2956 Ἐπανάγαγε
3630 2882 3696 2943 εἰς
3791 2885 3852 2935 τὸ

2259 2973 2443 3047 βάθος.

2327 3159 2371 3204 Ο
2422 3183 2490 3192 -
2543 3150 2757 3227 Ἰσραήλ
2791 3193 2805 3207 .
2872 3150 3042 3209 Ἰκανὴ
3110 3153 3200 3222 μὲν
3273 3154 3363 3203 καὶ
3439 3150 3468 3207 ἡ
3548 3153 3720 3207 σιωπὴ
3781 3149 3855 3212 εἰς

2257 3239 2552 3313 ἀπόγνωσιν
2606 3240 2840 3313 ἐμϐαλεῖν
2896 3240 3059 3297 αὐτὴν
3092 3255 3106 3269 ·
3163 3240 3194 3296 ἠ
3253 3235 3303 3291 δ’
3357 3236 3635 3311 ἀπόκρισις
3682 3236 3855 3310 πολλῷ

2255 3330 2401 3383 πλέον
2462 3335 2557 3388 τὴν
2616 3328 2836 3403 ἀπορίαν
2902 3330 3147 3382 ἐπέτεινεν
3177 3369 3189 3383 .
3240 3327 3521 3400 Ἀπεκρίθη
3560 3329 3663 3402 γὰρ
3692 3372 3709 3399 ,
3773 3329 3857 3380 ὅτι

2255 3419 2364 3471 Ούκ
2443 3418 2737 3475 ἀπεστάλην
2807 3417 2880 3478 εἰς
2953 3416 3135 3477 ἄλλους
3181 3415 3225 3468 εἰ
3286 3421 3359 3489 μὴ
3427 3422 3498 3479 εὶς
3550 3417 3674 3477 τούς
3729 3415 3858 3469 Ἰου-

2255 3504 2473 3570 δαίους·
2523 3510 2734 3567 τούτους
2790 3509 2891 3581 γὰρ
2958 3510 3194 3577 ὠνόμασε
3245 3504 3484 3579 πρόϐατα
3553 3504 3858 3557 ἀπολωλότα

2253 3600 2396 3650 οῖκου
2462 3595 2678 3670 Ἰσραήλ
2706 3638 2720 3652 .
2776 3595 2917 3648 Ἐπεί
2988 3599 3079 3647 καὶ
3150 3593 3198 3647 ἐν
3268 3601 3340 3665 τῷ
3417 3591 3855 3665 ἐννεακαιδεκάτῳ

2251 3685 2509 3759 κεφαλαίῳ
2562 3692 2673 3746 τοῖς
2735 3683 3044 3745 ἀποστόλοις
3088 3683 3222 3737 οὕτω
3276 3682 3427 3755 (99)
3479 3682 3633 3736 πάλιν
3701 3685 3810 3735 εἰπε
3836 3699 3851 3713 ⁸

2253 3776 2538 3850 Πορεύεσθε
2605 3771 2665 3827 δὲ
2723 3772 2912 3846 μᾶλλον
2962 3776 3094 3848 πρὸς
3157 3776 3225 3826 τὰ
3290 3771 3531 3847 πρόϐατα
3588 3774 3656 3825 τὰ
3716 3770 3852 3826 ἀπο-

2250 3865 2450 3918 λωλότα
2497 3868 2640 3917 οἴκου
2698 3862 2926 3938 Ἰσραήλ.
2984 3866 3048 3915 Τί
3101 3858 3188 3914 οὖν
3227 3864 3258 3921 ἡ
3305 3868 3434 3934 γυνή
3472 3879 3488 3930 ;
3539 3865 3850 3934 Θεασαμένη

2250 3956 2603 4029 παροφθεῖσαν
2677 3955 2767 4025 μὲν
2843 3950 3054 4022 ἆαυτὴν,
3123 3949 3550 4024 ἀποπεμφθέντας
3631 3952 3691 4005 '3“:
3761 3955 3851 4004 καὶ

2250 4048 2372 4106 τοὺς
2454 4043 2579 4117 ὑπὲρ
2665 4040 2829 4102 αὐτῆς
2891 4038 3357 4114 παρακαλέσαντας
3382 4081 3398 4108 ,
3454 4040 3546 4093 οὐκ
3596 4038 3802 4112 ἀπέγνω
3836 4057 3850 4074 ·

2254 4131 2439 4189 πολλὴν
2489 4133 2591 4206 γὰρ
2654 4127 2769 4202 εἶχε
2823 4134 3002 4182 πὶστιν
3057 4133 3148 4182 καὶ
3223 4131 3428 4182 σύνεσιν
3459 4150 3471 4163 ·
3521 4128 3649 4182 ἀλλά
3705 4128 3855 4183 ἀναι-

2251 4226 2473 4292 σχυντεῖ
2520 4220 2681 4278 καλὴν
2726 4217 3125 4290 ἀναισχυντίαν,
3185 4222 3275 4270 καὶ
3314 4217 3505 4290 ἀφεῖσα
3540 4221 3600 4271 τὸ
3643 4219 3854 4293 κράζειν

2248 4308 2529 4384 πόρρωθεν,
2585 4307 2734 4381 ἔγγὺς
2782 4310 3016 4383 ἔρχεται.
3058 4306 3235 4380 Ἡμεῖς
3283 4303 3343 4358 δε
3381 4309 3488 4380 οὐχ
3523 4308 3703 4379 οὕτως,
3747 4306 3855 4360 ἀλλ’

2249 4400 2370 4452 ὅταν
2418 4402 2489 4471 μὴ
2538 4400 2804 4471 τύχωμεν,
2837 4395 3187 4471 ἀφιστάμεθα,
3235 4392 3349 4449 δέον
3380 4395 3650 4471 ἐγγύτερον
3693 4416 3855 4470 προσ-

2251 4488 2430 4557 ελθεῖν,
2465 4491 2555 4541 καὶ
2596 4489 2899 4561 θερμότερον
2939 4485 3254 4542 ἐπικεῖσθαι.

2319 4577 2379 4630 Ἢ
2431 4608 2498 4618 -
2543 4596 2651 4649 μοι.
2711 4573 2887 4651 Ἀχρι
2943 4578 3045 4651 γὰρ
3103 4578 3218 4629 τότε
3269 4571 3387 4627 οὐδ’
3436 4579 3509 4639 είς
3549 4573 3664 4647 ὄψιν
3689 4572 3846 4625 αὐτοῦ

2249 4666 2556 4740 τετόλμηκεν
2580 4665 2759 4737 ἐλθεῖν,
2794 4663 3009 4727 ἀναξίαν
3036 4665 3226 4726 ἑαυτὴν
3254 4668 3530 4735 κρίνουσα·

2316 4846 2378 4899 ⁸0
2431 4876 2501 4889 --
2546 4849 2834 4920 κυναρίοις.
2891 4843 3058 4898 ’Ὅσον
3110 4843 3356 4897 ἐπέτεινεν
3418 4846 3580 4903 εκείνη
3627 4846 3721 4904 τὴν
3766 4844 3849 4895 αῖ-

2248 4956 2423 5003 τησιν,
2472 4943 2722 4991 τοσοῦτον
2773 4939 2866 4989 καὶ
2918 4935 3078 4999 αὐτὸς
3138 4937 3235 4994 τὴν
3282 4939 3631 5010 παραίτησιν.
3678 4933 3736 4986 εΟ
3794 4930 3853 4987 δὴ

2527 5092 2574 5127 ⁸⁸
2620 5088 2816 5149 Matth.
2849 5105 2912 5158 x,
2942 5092 2995 5146 6.

1730 5262 2299 5336 Variaelectiones
2312 5275 2379 5334 et
2402 5274 2603 5335 notae.

556 5459 674 5534 (97)
733 5459 902 5514 Forte
952 5456 1271 5534 Hentenius
1317 5457 1556 5534 reperit,
1614 5464 1679 5534 τῇ
1736 5456 1939 5534 καρδίᾳ
1980 5461 2139 5517 Eerri

485 5524 675 5604 potest
704 5534 1046 5603 utrumque.
1096 5530 1204 5592 Τῆς
1232 5524 1477 5613 καρδίας,
1526 5524 1740 5603 pendet
1763 5524 1856 5603 e'x,
1914 5524 2004 5585 τόν
2046 5536 2139 5587 πό.

484 5622 598 5663 νον,

2318 5461 2433 5535 (98)
2464 5464 2543 5533 Ai,
2578 5460 2744 5518 abest
2780 5459 2848 5515 A.

2316 5549 2432 5624 (99)
2459 5549 2634 5616 Οὕτω,
2664 5549 2830 5607 abest
2859 5551 2928 5607 Α.
