4186 6318
354 254 462 313 433

1352 266 1720 325 COMMENT.
1773 270 1841 324 IN
1881 254 2322 328 MATTH/EUM.
2364 309 2431 317 —
2469 278 2628 337 CAP.
2680 276 2800 337 xv.

3611 288 3714 349 454

353 387 573 457 Μάρκος
625 392 801 457 φησὶν,
851 390 931 439 ὅτι
984 389 1117 441 εἶπεν
1175 391 1327 462 αὐτῇ
1380 391 1535 464 "Atys;
1574 403 1775 466 πρῶτον
1812 414 1942 467 χορ-

2057 397 2222 467 quod
2248 398 2452 455 dixerit
2473 402 2523 456 ei
2558 420 2569 455 :
2598 404 2740 459 Sine
2762 408 3011 476 primum
3038 414 3313 469 saturari
3336 416 3492 482 filios
3524 419 3591 472 δ”,
3620 420 3710 473 Un

355 476 614 533 τασθῆναι
667 478 731 526 τὰ
772 480 938 528 τέκνα·
990 481 1318 550 πανταχόθεν
1348 484 1445 554 γὰρ
1486 479 1673 540 ἐδήλου
1714 488 1805 541 τὴν
1852 492 1951 534 τῶν

353 562 623 615 Ἰουδαίων
672 571 951 630 οἰκείωσιν,
989 573 1074 619 καὶ
1116 574 1208 625 τὴν
1246 570 1317 631 εἰς
1375 571 1564 631 αὐτοὺς
1609 572 1815 642 ἀγάπην
1863 578 1951 625 καὶ

355 658 512 724 τιμὴν
566 659 651 705 καὶ
700 651 1032 726 κηδεμονίαν.
1092 664 1191 709 Καὶ
1250 663 1399 710 τέκνα
1454 663 1542 730 μὲν
1592 660 1776 721 αὐτοὺς
1830 662 1948 713 ὠνό-

355 761 536 813 μασεν,
622 745 690 802 ως
777 749 1027 813 γνησίους
1096 751 1185 797 καὶ
1246 750 1312 808 ως
1368 749 1726 820 ἠγαπημένους
1784 768 1795 779 ⁸
1864 771 1949 800 κυ-

353 833 506 902 νάρια
557 826 616 882 δὲ
668 834 733 882 τά
793 835 932 899 ἔθνη,
994 837 1061 894 ως
1130 833 1421 908 ἀκάθαρτα,
1493 843 1581 889 καὶ
1640 840 1706 899 ὡς
1767 841 1948 910 μιαρά.

352 917 544 990 Ἀρτον
597 915 656 971 δὲ
709 919 845 990 λέγει
902 926 994 980 τὴν
1047 925 1335 996 θεραπείαν,
1384 925 1442 976 οὗ
1501 930 1593 984 τὴν
1651 932 1951 997 σωματικὴν

347 1011 525 1077 μόνον,
581 1006 712 1059 ἀλλά
757 1014 846 1060 καὶ
886 1014 980 1069 τὴν
1022 1011 1278 1082 ψυχικήν.
1325 1019 1423 1066 Καὶ
1472 1014 1568 1088 ὃρα
1630 1019 1835 1067 σύνεσιν
1859 1035 1953 1086 γυ-

346 1099 547 1157 ναικός·
589 1095 885 1172 δραξαμένη
912 1102 1011 1173 γὰρ
1042 1109 1141 1151 τῶν
1181 1110 1273 1153 τοῦ
1299 1110 1533 1174 Χριστοῦ
1561 1104 1827 1176 ῥημάτων,
1862 1103 1948 1156 ἀπ’

349 1186 519 1237 αὐτῶν
550 1186 725 1239 πλέκει
753 1192 1069 1263 συνηγορίαν
1096 1189 1301 1252 ἑαυτῆς.

420 1273 480 1327 Ἠ
544 1272 603 1327 6“:
652 1306 720 1315 —
762 1276 928 1329 αὐτῶν
968 1322 981 1335 ,
1057 1283 1157 1330 Ναὶ
1210 1282 1405 1352 Κύριε,
1484 1286 1679 1353 φησὶν²
1745 1281 1950 1345 ἀληθῶς

350 1360 515 1424 εἶπας.
560 1368 722 1417 Τέκνα
776 1368 865 1437 μεν
920 1367 1120 1432 ἐκεῖνοι,
1172 1371 1411 1443 κυνάριον
1456 1365 1516 1422 δε
1562 1372 1683 1442 ἐγώ·
1727 1377 1815 1424 καὶ
1856 1370 1950 1424 διὰ

346 1456 499 1504 τοῦτό
551 1472 615 1524 με
670 1458 781 1525 χρὴ
842 1454 1031 1526 μᾶλλον
1063 1455 1351 1515 ἐλεηθῆναι·
1381 1463 1481 1510 Καὶ
1530 1462 1630 1532 γὰρ
1679 1464 1744 1512 τὰ
1789 1465 1946 1513 κυνά-

345 1560 438 1615 ρια
509 1539 610 1592 ἀπὸ
677 1550 776 1593 τῶν
850 1542 1052 1614 ψιχίων
1124 1544 1285 1597 ἐσθίει
1344 1555 1442 1597 τῶν
1496 1552 1784 1600 πιπτόντων
1847 1549 1946 1601 ἀπὸ

347 1637 441 1690 τῆς
517 1630 773 1701 τραπέζης
855 1639 955 1681 τῶν
1035 1638 1225 1706 κυρίων
1296 1635 1463 1686 αὐτῶν
1496 1674 1508 1688 .

1581 1635 1717 1689 Ἐπεὶ
1779 1643 1947 1690 τοίνυν

350 1719 592 1789 κυνάριόν
657 1718 781 1790 εἰμι,
833 1719 925 1770 οὐκ
984 1724 1089 1792 εὶμὶ
1161 1721 1422 1795 ἀλλοτρία,
1478 1722 1601 1776 οὐδὲ
1683 1726 1947 1798 κωλύομαι
1982 1745 2023 1799 Β

350 1814 451 1857 τῶν
526 1806 727 1877 ψιχίων
800 1817 1104 1880 μετασχεῖν,
1161 1814 1333 1886 ὥσπερ
1401 1810 1523 1865 οὐδὲ
1584 1816 1650 1865 τὰ
1704 1818 1942 1888 κυνάρια·

347 1892 553 1966 ψιχίων
609 1901 886 1967 νοουμένων
950 1907 1048 1949 τῶν
1116 1898 1171 1950 ἐκ
1230 1907 1322 1951 τοῦ
1394 1908 1790 1975 παρατυχόντος
1866 1904 1945 1957 ἰά-

353 2002 501 2037 σεων.
560 1987 628 2037 T6
659 1987 748 2057 μεν
816 1982 903 2037 οὖν
955 1992 1026 2058 μὴ
1088 1985 1401 2058 ἀποστῆναι,
1449 1999 1692 2042 τοσοῦτον
1746 1988 1947 2055 ἐξουδε-

348 2073 619 2141 νωθείσαν,
670 2078 896 2136 πίστεως
955 2072 1034 2133 ἦν·
1092 2079 1149 2127 1'6
1204 2073 1262 2128 δὲ
1316 2080 1737 2150 συνομολογῆσαι
1792 2084 1945 2133 κυνά-

344 2179 457 2232 ριον
511 2161 697 2219 ἑαυτὴν
750 2169 1120 2224 ταπεινώσεως·
1167 2166 1225 2216 τὸ
1285 2162 1334 2217 δ’
1369 2165 1468 2218 ἀπὸ
1510 2176 1607 2218 τῶν
1659 2168 1822 2240 λόγῶν
1852 2177 1943 2221 τοῦ

345 2257 580 2321 Χριστοῦ
636 2254 1031 2304 κατασκευάσαι
1104 2260 1414 2321 συνηγορίαν
1475 2260 1763 2319 συνέσεως.
1850 2261 1944 2310 Διά

339 2346 507 2390 ταῦτα
557 2344 724 2391 τοίνυν
770 2339 1039 2394 ἀνεϐάλετο
1080 2343 1155 2413 (1)
1209 2348 1302 2401 τὴν
1350 2347 1492 2396 ἴασιν
1524 2346 1548 2396 ό
1576 2349 1822 2417 Χριστός,
1860 2350 1942 2399 ἵνα

338 2434 507 2479 ταῦτα
557 2431 941 2501 φανερωθῶσιν,
990 2434 1076 2481 ἶνα
1129 2428 1274 2503 δείξῃ
1328 2437 1421 2490 τὴν
1461 2432 1513 2485 ἐν
1547 2438 1748 2497 τούτοις
1800 2435 1938 2506 φιλο-

1104 2260 1414 2326 συνηγορίαν
1475 2260 1725 2319 συνέσεως
1751 2297 1763 2309 .

345 2521 529 2587 σοφίαν
578 2516 763 2586 αὐτῆς⁹
818 2522 905 2571 ἶνα
937 2522 1403 2590 καταισχυνθῶσιν
1450 2521 1720 2583 Ἰουδαῖοι,
1752 2532 1939 2576 τοσοῦ-

343 2624 430 2656 τον
478 2605 542 2665 εἰς
585 2611 766 2659 πίστιν
814 2612 903 2659 καὶ
940 2613 1247 2661 ταπείνωσιν
1290 2614 1376 2661 καὶ
1429 2613 1631 2663 σύνεσιν
1706 2614 1936 2685 ἡττώμε-

342 2712 421 2744 νοι
456 2698 697 2764 γυναικὸς
744 2695 966 2761 ἐθνικῆς,
1020 2699 1119 2762 ἵνα,
1169 2706 1336 2750 ταῦτα
1396 2698 1659 2771 βλέποντες
1709 2704 1758 2753 οἱ
1812 2702 1937 2755 ἀπό-

344 2782 535 2852 στολοι,
617 2782 951 2858 θαρρήσωσιν
1025 2786 1260 2859 ὕστερον,
1326 2785 1752 2861 ἀποστελλόμενοι
1808 2795 1934 2863 πρὸς

336 2872 403 2922 τά
434 2873 578 2929 ἔθνη.
622 2876 818 2926 Λοιπὸν
850 2869 937 2924 οὖν
972 2872 1274 2948 ἀνεκήρυξεν
1305 2875 1467 2934 αὐτὴν
1495 2878 1520 2928 ὁ
1551 2884 1799 2950 Χριστός.

410 3067 537 3117 Τότε
592 3093 659 3105 -
712 3068 847 3138 ὥρας
899 3063 1108 3127 ἐκείνης.
1162 3067 1220 3119 Ὁ
1268 3064 1326 3120 δὲ
1369 3071 1583 3144 Μάρκος
1633 3070 1788 3124 εἰπεῖν
1843 3075 1929 3124 τὸν
1967 3085 2009 3150 c

335 3155 566 3225 Χριστὸν
624 3157 752 3226 πρός
824 3155 985 3213 αὐτήν
1045 3176 1220 3227 φησιν,
1278 3158 1359 3209 ὅτι
1434 3162 1529 3211 Διά
1597 3168 1775 3214 τοῦτον
1845 3166 1930 3213 τόν

332 3241 501 3313 λόγον,
560 3243 744 3314 ὕπαγε,
795 3242 1063 3305 ἐξελήλυθε
1121 3248 1179 3296 1'6
1238 3241 1510 3318 δαιμόνιον
1564 3246 1618 3300 ἐκ
1687 3258 1781 3312 τῆς
1847 3252 1933 3302 θυ-

335 3333 529 3404 γατρός
588 3351 702 3401 σου,
772 3336 1035 3400 τουτέστι,
1091 3329 1185 3385 διὰ
1235 3338 1320 3386 τὸν
1368 3335 1536 3407 λόγον,
1606 3335 1750 3408 ᾧτινι
1803 3343 1933 3412 πρὸς

340 3424 655 3494 συνηγορίαν
700 3418 915 3495 ἐχρήσω
965 3432 1181 3483 συνετῶς
1238 3425 1389 3495 οῖγαν.
1452 3430 1553 3477 Καὶ
1606 3428 1705 3500 γὰρ
1750 3428 1774 3478 ὁ
1822 3434 1931 3480 Σω-

338 3511 436 3581 τήρ
485 3512 569 3558 καὶ
619 3513 711 3565 την
760 3516 939 3561 πίστιν
979 3510 1143 3572 αὐτῆς
1185 3508 1416 3583 ἐπῄνεσε,
1463 3518 1552 3565 καὶ
1582 3519 1675 3571 τὴν
1703 3518 1929 3571 σύνεσιν.

342 3600 436 3648 Καὶ
468 3593 561 3648 διὰ
602 3605 754 3649 τοῦτο
785 3600 1048 3658 Ματθαῖος
1078 3602 1166 3671 μὲν
1212 3604 1298 3651 τόν
1350 3604 1551 3653 ἔπαινον
1592 3612 1681 3664 τῆς
1715 3610 1933 3667 πίστεως

342 3685 504 3745 αὐτῆς
534 3685 749 3757 ἦρα-ᾆδε,
781 3688 988 3759 Μάρκος
1020 3683 1079 3739 δέ
1106 3691 1189 3740 τὸν
1216 3697 1310 3749 τῆς
1342 3696 1611 3754 συνέσεως.

412 3778 480 3825 Συ
532 3771 589 3825 δὲ
641 3779 857 3841 σκόπει,
906 3784 1037 3845 πῶς,
1105 3785 1202 3828 τῶν
1274 3780 1569 3832 ἀποστόλων
1652 3778 1934 3841 δεηθέντων

340 3862 469 3935 ὑπὲρ
533 3862 716 3930 αὐτῆς,
770 3868 857 3916 καὶ
922 3862 1087 3937 μηδὲν
1158 3865 1473 3936 ἀνυσάντων,
1548 3871 1673 3929 αὑτὴ
1747 3873 1935 3945 μᾶλλον

341 3953 522 4010 ἦνυσε.
585 3949 949 4026 Διδασκόμεθα
995 3958 1093 4027 γὰρ
1142 3955 1385 4022 ἐντεῦθεν,
1447 3960 1526 4011 ὅτι
1574 3961 1599 4011 ό
1644 3965 1775 4022 Θεὸς
1805 3961 1934 4034 βού-

337 4041 483 4095 λεται
535 4039 723 4113 μᾶλλον
788 4045 925 4115 ἡμᾶς
979 4044 1169 4106 αὐτοὺς
1224 4047 1349 4121 ὑπὲρ
1406 4047 1597 4101 ἑαυτῶν
1666 4053 1927 4111 ἱκετεύειν,

342 4132 408 4183 Οἱ
460 4133 675 4206 μὲνγὰρ
726 4134 955 4203 μαθηταὶ
1008 4134 1223 4205 μείζονα
1268 4135 1565 4210 παρρησίαν
1607 4136 1771 4211 εἶχον,
1829 4140 1934 4195 ἀλλ’

2060 482 2238 555 dique
2268 488 2425 542 enim
2452 491 2806 548 ostendebat
2859 496 3317 556 familiaritatem
3360 519 3429 557 ac
3460 504 3718 561 dilectio-

2061 588 2197 627 nem
2229 577 2641 647 ergaJudreos,
2665 598 2990 655 eorumque
3019 593 3370 657 procurabat
3399 593 3711 650 honorem.

2064 660 2230 715 Filios
2256 664 2493 733 quidem
2526 683 2627 721 eos
2672 672 2905 726 vocavit
2945 679 3226 745 tanquam
3259 696 3397 734 suos
3433 698 3496 734 ac
3529 683 3711 739 dilec-

2064 754 2149 801 tos
2179 766 2190 813 ;
2222 753 2491 807 ethnicos
2548 772 2684 811 vero
2738 760 2969 815 catellos
3016 769 3294 837 tanquam
3342 770 3605 840 impuros
3641 789 3710 828 ac

2062 836 2363 893 scelestos.
2398 841 2621 898 Panem
2655 850 2851 901 autem
2900 850 3042 905 dicit
3073 836 3381 911 sanitatem
3412 874 3532 913 non
3580 876 3706 917 cor-

2062 940 2276 995 porum
2304 935 2553 996 tantum,
2610 950 2813 989 verum
2875 938 3051 994 etiam
3084 942 3433 1000 animarum.
3484 950 3548 1003 Et
3574 950 3707 1005 vide

2061 1013 2323 1070 mulieris
2343 1020 2717 1089 prudentiam
2742 1039 2753 1075 :
2777 1024 2983 1081 Christi
3006 1030 3167 1084 enim
3186 1032 3381 1087 verbis
3411 1038 3704 1106 perculsa,

2061 1118 2237 1157 suum
2263 1104 2335 1160 ab
2373 1106 2484 1161 illis
2516 1110 2653 1163 texit
2679 1112 3101 1182 patrocinium.

2127 1334 2292 1392 Vers.
2329 1338 2415 1392 27.
2437 1340 2635 1397 Atilla
2671 1373 2731 1381 —
2760 1360 3022 1404 suorum.
3057 1348 3239 1417 Certe,
3274 1352 3532 1426 Domine,
3569 1373 3707 1413 vere

2056 1423 2250 1480 dixisti
2282 1443 2293 1479 :
2323 1426 2403 1481 illi
2443 1428 2689 1500 quidem
2738 1440 2869 1490 sunt
2898 1435 3018 1501 ﬁlii,
3062 1454 3172 1509 ego
3221 1458 3360 1497 vero
3408 1423 3526 1502 una
3550 1463 3581 1502 e
3613 1464 3711 1505 ca-

2055 1513 2206 1567 tellis
2240 1530 2252 1567 :
2298 1514 2542 1587 ideoque
2587 1521 2698 1574 mei
2726 1523 2921 1591 potius
2954 1526 3218 1583 misereri
3250 1538 3506 1602 oportet.
3544 1536 3700 1593 Nam

2057 1607 2108 1655 et
2139 1604 2341 1658 catelli
2368 1604 2624 1662 eduntde
2671 1611 2832 1665 micis
2873 1629 3000 1682 qua:
3037 1618 3258 1673 cadunt
3295 1636 3329 1673 α
3358 1637 3559 1679 mensa
3605 1625 3702 1680 do-

2058 1690 2345 1747 minorum
2402 1709 2655 1762 suorum,
2719 1700 2864 1763 Quia
2918 1718 3056 1772 ergo
3107 1708 3318 1763 catella
3369 1727 3527 1784 surp,
3582 1729 3705 1769 non

2058 1779 2257 1835 aliena
2289 1797 2444 1847 sum,
2478 1799 2666 1856 neque
2688 1787 2761 1842 de
2786 1790 2954 1845 micis
2975 1794 3329 1865 participare
3356 1779 3695 1868 prohibeor,

2058 1867 2210 1922 sicut
2238 1885 2431 1940 neque
2462 1873 2648 1928 catelli
2682 1892 2697 1928 :
2743 1876 2817 1931 de
2848 1878 3014 1933 micis
3064 1883 3147 1952 (α)
3204 1867 3452 1955 inquam
3484 1889 3703 1943 intelle-

2056 1956 2369 2022 ctualibus,
2398 1959 2459 2013 id
2484 1963 2940 2019 estsanitatibus
2963 1968 3190 2024 collatis
3217 1971 3293 2026 ab
3311 1989 3380 2027 eo
3407 1976 3511 2044 qui
3545 1992 3706 2031 nunc

2055 2059 2198 2099 casu
2230 2062 2357 2100 sese
2387 2047 2616 2105 obtulit.
2650 2053 2819 2115 Quod
2842 2069 2981 2124 ergo
3003 2056 3153 2111 adeo
3179 2060 3420 2129 repulsa
3439 2077 3561 2116 non
3590 2064 3706 2118 dis-

2055 2134 2247 2201 cessit,
2279 2134 2551 2192 ﬁdeierat
2580 2154 2592 2191 :
2622 2142 2785 2209 quod
2808 2158 2943 2197 vero
2972 2161 3035 2198 se
3061 2147 3333 2203 catellam
3361 2154 3453 2203 est
3478 2152 3704 2208 confes-

2055 2236 2141 2288 sa,
2170 2222 2519 2281 humilitatis
2558 2243 2573 2279 :
2605 2229 2770 2299 quod
2796 2236 2993 2286 autem
3026 2250 3061 2288 a
3084 2234 3293 2290 Christi
3323 2241 3704 2296 sermonibus

2052 2312 2447 2377 patrocinium
2470 2314 2582 2369 sibi
2637 2320 2941 2387 aptaverit,
3004 2322 3328 2391 prudentiae
3396 2330 3705 2397 PrOpterea

2052 2398 2201 2451 enim
2234 2400 2492 2456 Christus
2518 2404 2830 2460 sanitatem
2861 2407 3111 2473 distulit,
3148 2417 3209 2467 ut
3234 2412 3361 2467 haec
3389 2417 3702 2474 manifesta

2050 2486 2297 2542 ﬁerent:
2358 2496 2535 2561 atque
2566 2509 2671 2563 per
2708 2493 2807 2549 illa
2863 2495 3044 2566 hujus
3096 2499 3542 2572 philosophiam
3602 2506 3701 2562 de-

2052 2582 2425 2643 monstraret,
2498 2584 2678 2651 ntque
2723 2583 3232 2642 confunderentur
3285 2591 3493 2657 Judaei,
3548 2595 3697 2649 adeo

2048 2662 2183 2729 ﬁde,
2215 2665 2543 2723 humilitate
2568 2686 2639 2725 ac
2691 2672 3005 2742 prudentia
3035 2692 3069 2730 a
3094 2678 3298 2747 gentili
3332 2681 3575 2737 muliere
3606 2700 3697 2739 su-

2048 2753 2231 2821 perati
2280 2771 2292 2807 :
2348 2763 2632 2826 prasterea
2676 2764 2741 2813 ut
2786 2759 2914 2815 haec
2970 2762 3233 2819 videntes
3282 2769 3550 2838 apostoli,
3600 2787 3695 2826 su-

2046 2844 2619 2909 merentaudaciam,
2643 2864 2777 2901 cum
2808 2851 3185 2918 postmodum
3204 2854 3279 2907 ad
3310 2863 3512 2924 gentes
3531 2859 3695 2915 emit-

2045 2932 2318 2985 terentur.
2352 2934 2485 2988 Jam
2515 2934 2719 3007 itaque
2742 2937 3008 2994 Christus
3034 2939 3188 2995 illius
3209 2942 3390 2999 ﬁdem
3433 2949 3695 3016 promul-

2044 3023 2165 3087 gat.

2114 3125 2281 3184 Vers.
2321 3126 2408 3181 28.
2448 3130 2609 3185 Tunc
2636 3162 2705 3172 —
2736 3133 2843 3190 illa
2910 3135 3077 3191 hora.
3116 3140 3341 3193 Marcus
3384 3146 3588 3197 autum
3614 3145 3696 3200 ait

2041 3214 2335 3269 Christum
2362 3217 2440 3271 ad
2466 3217 2625 3273 illam
2645 3220 2866 3277 dixisse
2888 3242 2898 3279 :
2918 3223 3333 3292 Propter/tunc
3350 3244 3687 3297 sermonem,

2041 3301 2145 3357 abi
2172 3303 2218 3336 ⁵⁸
2246 3320 2259 3369 ;
2300 3304 2479 3358 exivit
2504 3306 2871 3363 dmmonium
2902 3325 2938 3364 a
2976 3310 3099 3366 ﬁlia
3126 3319 3240 3377 tua,
3266 3315 3377 3369 hoc
3410 3321 3493 3371 est
3520 3334 3692 3389 prop-

2043 3395 2129 3445 ter
2158 3391 2316 3446 hunc
2363 3408 2690 3448 sermonem
2717 3411 2837 3466 quo
2895 3398 3192 3467 sapienter
3225 3402 3550 3459 admodum
3588 3423 3695 3462 usa

2043 3494 2104 3533 es
2134 3479 2210 3533 ad
2252 3482 2670 3551 patrocinium.
2720 3485 2918 3540 Etenin
2954 3488 3223 3543 Salvator
3251 3496 3307 3545 et
3361 3492 3541 3547 ﬁdem
3566 3494 3694 3564 ejus

2040 3566 2303 3624 laudavit
2333 3575 2388 3625 et
2427 3571 2823 3641 prudentiam.
2868 3576 2930 3629 Et
2961 3575 3093 3631 ideo
3124 3579 3427 3635 Matthaeus
3458 3582 3695 3652 quidem

2042 3655 2285 3712 laudem
2312 3658 2445 3714 ﬁdei
2477 3660 2605 3730 ejus
2659 3661 2894 3733 scripsit
2923 3681 2934 3717 :
2967 3666 3193 3721 Marcus
3242 3685 3383 3725 vero
3440 3673 3695 3742 pruden-

2046 3745 2160 3799 tiae.

2115 3852 2199 3907 Tu
2227 3857 2425 3908 autem
2457 3856 2763 3912 considera
2783 3860 3091 3930 quomodo
3138 3879 3269 3918 cum
3311 3866 3564 3936 apostoli
3586 3884 3694 3940 pro

2044 3942 2145 3998 illa
2170 3942 2473 4013 deprecati
2488 3944 2754 4011 fuissent,
2783 3947 3047 4020 nihilque
3061 3951 3410 4020 effecissent,
3434 3956 3560 4025 ipsa
3592 3972 3697 4028 po-

2049 4032 2161 4087 tius
2190 4032 2448 4103 perfecit.
2486 4035 2627 4089 Hinc
2673 4036 2833 4091 enim
2869 4036 3154 4095 docemur
3183 4045 3344 4113 quod
3377 4047 3527 4099 Deus
3574 4064 3697 4103 ma-

2045 4120 2170 4176 vult
2199 4137 2309 4176 nos
2338 4137 2444 4192 pro
2494 4124 2812 4195 nobisipsis
2843 4126 3153 4184 obsecrare
3188 4148 3200 4185 :
3231 4131 3505 4203 discipuli
3533 4135 3693 4190 enim

338 4223 370 4278 ἡ
399 4224 527 4292 γυνὴ
557 4219 746 4278 πολλὴν
770 4226 1043 4295 καρτερίαν
1070 4221 1387 4286 ἐπεδείξατο.
1416 4232 1515 4279 Καὶ
1546 4231 1700 4291 ὅντως
1733 4232 1935 4303 μεγάλα

2055 4210 2258 4281 majori
2282 4210 2547 4269 libertate
2569 4215 2907 4281 utebantur,
2930 4217 3035 4272 sed
3065 4219 3570 4292 muliermagnam
3601 4224 3696 4279 de-

340 4308 560 4363 ὃύναται
586 4307 814 4386 προσεδρ
824 4315 878 4362 ία
905 4311 1141 4385 παρακλὴ
1153 4333 1294 4375 σεως.

409 4402 708 4472 Προετύπου
814 4402 874 4452 δὲ
947 4404 1081 4453 κατὰ
1176 4402 1485 4479 ἀλληγορίαν
1566 4408 1596 4465 ἡ
1666 4416 1935 4464 Χαναναία

337 4490 462 4547 αὕτη
513 4493 643 4560 γυνὴ
693 4492 787 4546 τὴν
848 4488 899 4551 ἐξ
947 4488 1099 4541 ἐθνῶν
1148 4492 1481 4560 Ἐκκλησίαν,
1542 4498 1653 4557 ἣτις
1709 4500 1803 4561 ἕως
1844 4505 1932 4572 μὲν

334 4582 498 4651 ἔμενεν
583 4578 632 4629 ἐν
697 4586 803 4639 τοῖς
861 4580 1022 4652 ὁρίοις
1097 4590 1191 4642 τῆς
1256 4585 1537 4656 θρησκείας
1580 4588 1760 4653 αὐτῆς,
1822 4588 1933 4661 εἶχε

330 4673 417 4726 τὴν
470 4670 734 4742 θυγατέρα
792 4665 1264 4741 δαιμονιζομὲνην,
1314 4678 1476 4744 ἤγουν
1511 4717 1524 4741 ,
1592 4681 1678 4733 τὴν
1747 4679 1931 4751 πρᾶξιν

333 4762 702 4829 κυριευομένην
786 4759 885 4810 ὑπὸ
972 4756 1251 4831 δαιμόνων·
1336 4758 1612 4824 ἐξελθοῦσα
1687 4763 1747 4817 δὲ
1829 4778 1929 4821 τῶν

340 4846 489 4915 ὁρίων
543 4846 722 4908 αὐτῆς⁶
780 4846 861 4919 (2)
912 4846 1186 4901 Ἑπιλάθου
1242 4853 1380 4925 γὰρ,
1432 4857 1593 4923 φησὶ,
1666 4861 1758 4906 τοῦ
1805 4855 1928 4910 λαοῦ

342 4951 470 5001 σου,
519 4938 609 4985 καὶ
663 4942 754 4987 τοῦ
811 4939 954 4988 οἴκου
1020 4945 1112 4990 τοῦ
1167 4943 1358 5014 πατρός
1419 4958 1551 4993 σουο
1617 4942 1771 5015 λόγου
1820 4947 1929 5010 ἠξι-

341 5023 449 5077 ώθη
498 5024 641 5096 παρά
694 5032 948 5099 Χριστοῦ,
1000 5031 1089 5079 καὶ
1142 5026 1415 5102 ἀπηλλάγη
1470 5040 1563 5091 τῆς
1617 5029 1930 5099 δυναστείας

338 5117 439 5181 τῷν
472 5107 748 5183 δαιμόνων.

412 5238 454 5272 ⁸⁷
482 5239 648 5294 Marc.
675 5254 775 5305 vu,
805 5239 892 5295 27.

814 4397 874 4452 δὲ
947 4404 1081 4453 κατὰ

1015 5242 1061 5278 ⁸⁸
1089 5246 1258 5301 Marc.
1292 5259 1393 5311 vn,
1438 5246 1525 5302 29.

2043 4302 2396 4357 monstravit
2425 4304 2820 4360 constantiam
2840 4322 2910 4361 ac
2931 4312 3453 4378 perseverantiam.
3476 4316 3539 4369 Et
3562 4331 3695 4370 vere

2043 4407 2267 4461 magna
2304 4396 2498 4463 potest
2528 4395 2886 4463 precationis
2917 4397 3257 4454 assiduitas.

2115 4499 2540 4568 Prreﬁgurabat
2565 4502 2945 4571 autemjuxta
2978 4504 3317 4574 allegoriam
3350 4508 3691 4566 Chananaaa

2040 4588 2170 4643 haec
2215 4588 2422 4643 mulier
2452 4589 2777 4646 Ecclesiam
2817 4608 2847 4645 e
2878 4594 3153 4661 gentibus
3182 4599 3690 4667 congregandam,

2040 4695 2175 4750 qua:
2204 4678 2349 4733 dum
2379 4680 2439 4734 in
2466 4679 2678 4734 ﬁnibus
2710 4697 2955 4736 suarum
3008 4684 3529 4742 observantiarum
3567 4705 3693 4759 per-

2040 4770 2283 4831 mansit,
2311 4768 2486 4822 ﬁliam
2515 4767 2777 4823 habebat
2807 4785 2842 4823 a
2864 4770 3167 4825 dmmonio
3198 4774 3503 4839 agitatam,
3539 4776 3694 4830 vide-

2039 4858 2171 4913 licet
2194 4859 2596 4929 operationem
2635 4857 3013 4913 daamonibus
3044 4860 3401 4930 subjectam.
3452 4862 3559 4918 Ubi
3589 4880 3694 4920 au—

2040 4952 2158 5004 tem
2207 4963 2444 5018 egressa
2470 4952 2560 5003 est
2616 4965 2649 5004 a
2678 4947 2897 5003 ﬁnibus
2949 4948 3093 5013 suis,
3130 4948 3313 5007 oblita
3341 4951 3562 5010 scilicet
3589 4970 3693 5026 po-

2040 5037 2163 5109 puli
2186 5037 2275 5092 sui
2305 5054 2373 5093 ac
2405 5037 2614 5093 domus
2644 5038 2826 5109 patris
2858 5038 2948 5093 sui
2979 5041 3046 5103 δι’,
3074 5038 3285 5095 Christi
3306 5058 3579 5100 sermone
3610 5045 3694 5100 di-

2041 5142 2158 5196 gna
2186 5124 2397 5183 effecta
2427 5132 2532 5193 est,
2566 5133 2623 5183 et
2646 5144 2681 5184 a
2723 5127 3065 5185 daemonum
3101 5129 3380 5189 violentia
3408 5134 3683 5196 liberata.

1644 5248 1690 5284 59
1724 5250 1874 5307 Psal.
1903 5268 2048 5310 κων.
2080 5254 2166 5307 tt.

1454 5373 1679 5443 Variae
1708 5376 2035 5447 lectiones
2067 5385 2132 5445 et
2158 5384 2361 5445 notae.

511 5476 865 5550 Ἀνεϐάλλετο,
892 5489 952 5541 Β.

401 5480 486 5693 iii

514 5552 661 5610 Haec
688 5551 944 5611 fortasse
973 5559 1178 5615 contra
1200 5558 1462 5617 codicem
1488 5578 1665 5621 suum
1696 5565 1951 5621 mutavit
1974 5565 2316 5622 Hentenius.

428 5621 493 5695 ιι)
516 5625 605 5681 De
633 5625 805 5683 micis
833 5655 903 5670 —
932 5642 1051 5683 sese
1079 5628 1313 5687 obtulit.
1348 5633 1506 5689 Micaa
1536 5640 1738 5692 autem
1767 5621 2175 5709 intelliguntur
2198 5637 2532 5695 curationes
2569 5656 2719 5698 casu
2743 5640 2979 5697 oblatas.
