  <div class='ocr_page' id='page_1' title='image "/cluster/home/n/w/nwhite01/storage/ocr_20150623/129/mdp.39015061528470/237.png"; bbox 0 0 4186 6318; ppageno 0'>
   <div class='ocr_carea' id='block_1_1' title="bbox 554 279 3916 363">
    <p class='ocr_par' dir='ltr' id='par_1_1' title="bbox 554 279 3916 363">
     <span class='ocr_line' id='line_1_1' title="bbox 554 279 3916 363; baseline -0.003 -2"><span class='ocrx_word' id='word_1_1' title='bbox 554 294 659 363; x_wconf 73' lang='lat'>455</span> <span class='ocrx_word' id='word_1_2' title='bbox 1866 290 2202 356; x_wconf 86' lang='lat' dir='ltr'><strong>EUTHYMII</strong></span> <span class='ocrx_word' id='word_1_3' title='bbox 2241 279 2575 351; x_wconf 79' lang='lat' dir='ltr'><strong>ZIGABENI</strong></span> <span class='ocrx_word' id='word_1_4' title='bbox 3805 285 3916 353; x_wconf 73' lang='lat'><strong>4&#39;56</strong></span> 
     </span>
    </p>
   </div>
   <div class='ocr_carea' id='block_1_2' title="bbox 630 417 2283 495">
    <p class='ocr_par' dir='ltr' id='par_1_2' title="bbox 630 417 2282 494">
     <span class='ocr_line' id='line_1_2' title="bbox 630 417 2282 494; baseline -0.009 -9"><span class='ocrx_word' id='word_1_5' title='bbox 630 432 796 486; x_wconf 88' lang='lat' dir='ltr'><strong>Vers.</strong></span> <span class='ocrx_word' id='word_1_6' title='bbox 826 428 913 481; x_wconf 76' lang='grc'><strong>29.</strong></span> <span class='ocrx_word' id='word_1_7' title='bbox 945 428 1024 482; x_wconf 76' lang='lat' dir='ltr'><strong>Et</strong></span> <span class='ocrx_word' id='word_1_8' title='bbox 1053 455 1122 466; x_wconf 74' lang='grc' dir='ltr'><strong>-ο</strong></span> <span class='ocrx_word' id='word_1_9' title='bbox 1156 425 1297 489; x_wconf 82' lang='lat' dir='ltr'><strong>illic,</strong></span> <span class='ocrx_word' id='word_1_10' title='bbox 1332 423 1631 479; x_wconf 83' lang='lat' dir='ltr'><strong>Interdum</strong></span> <span class='ocrx_word' id='word_1_11' title='bbox 1662 422 1900 494; x_wconf 89' lang='lat' dir='ltr'><strong>quidem</strong></span> <span class='ocrx_word' id='word_1_12' title='bbox 1932 421 2059 494; x_wconf 92' lang='lat' dir='ltr'><strong>ipse</strong></span> <span class='ocrx_word' id='word_1_13' title='bbox 2099 421 2205 476; x_wconf 90' lang='lat' dir='ltr'><strong>cir-</strong></span> <span class='ocrx_word' id='word_1_14' title='bbox 2235 417 2282 470; x_wconf 83' lang='lat' dir='ltr'><strong>A</strong></span> 
     </span>
    </p>
   </div>
   <div class='ocr_carea' id='block_1_3' title="bbox 2260 417 3913 495">
    <p class='ocr_par' dir='ltr' id='par_1_3' title="bbox 2260 418 3913 495">
     <span class='ocr_line' id='line_1_3' title="bbox 2260 418 3913 495; baseline 0.002 -25"><span class='ocrx_word' id='word_1_15' title='bbox 2260 419 2282 470; x_wconf 56' lang='grc' dir='ltr'><strong>ι</strong></span> <span class='ocrx_word' id='word_1_16' title='bbox 2387 424 2488 471; x_wconf 81' lang='grc' dir='ltr'><strong>Καὶ</strong></span> <span class='ocrx_word' id='word_1_17' title='bbox 2534 449 2604 458; x_wconf 89' lang='grc'><strong><em>-</em></strong></span> <span class='ocrx_word' id='word_1_18' title='bbox 2649 419 2777 474; x_wconf 84' lang='grc' dir='ltr'><em>ἐκεῖ.</em></span> <span class='ocrx_word' id='word_1_19' title='bbox 2837 422 2967 472; x_wconf 77' lang='grc' dir='ltr'><em>Ποτὲ</em></span> <span class='ocrx_word' id='word_1_20' title='bbox 3019 422 3108 490; x_wconf 72' lang='grc' dir='ltr'><strong>μὲν</strong></span> <span class='ocrx_word' id='word_1_21' title='bbox 3153 418 3307 482; x_wconf 78' lang='grc' dir='ltr'><em>αὐτὸς</em></span> <span class='ocrx_word' id='word_1_22' title='bbox 3363 425 3697 495; x_wconf 82' lang='grc' dir='ltr'><strong>περιέρχεται</strong></span> <span class='ocrx_word' id='word_1_23' title='bbox 3757 423 3913 494; x_wconf 88' lang='grc' dir='ltr'><em>Θερα-</em></span> 
     </span>
    </p>
   </div>
   <div class='ocr_carea' id='block_1_4' title="bbox 555 506 2208 584">
    <p class='ocr_par' dir='ltr' id='par_1_4' title="bbox 555 511 2200 584">
     <span class='ocr_line' id='line_1_4' title="bbox 555 511 2200 584; baseline -0.006 -11"><span class='ocrx_word' id='word_1_24' title='bbox 555 517 763 581; x_wconf 87' lang='lat' dir='ltr'><strong>cumit,</strong></span> <span class='ocrx_word' id='word_1_25' title='bbox 823 531 1044 570; x_wconf 87' lang='lat' dir='ltr'><strong>sanans</strong></span> <span class='ocrx_word' id='word_1_26' title='bbox 1073 530 1173 569; x_wconf 89' lang='lat' dir='ltr'><strong>eos</strong></span> <span class='ocrx_word' id='word_1_27' title='bbox 1203 514 1306 584; x_wconf 89' lang='lat' dir='ltr'><strong>qui</strong></span> <span class='ocrx_word' id='word_1_28' title='bbox 1338 511 1494 567; x_wconf 91' lang='lat' dir='ltr'><strong>male</strong></span> <span class='ocrx_word' id='word_1_29' title='bbox 1536 511 1762 566; x_wconf 81' lang='lat' dir='ltr'><strong>habent</strong></span> <span class='ocrx_word' id='word_1_30' title='bbox 1790 527 1802 565; x_wconf 91' lang='lat'>:</span> <span class='ocrx_word' id='word_1_31' title='bbox 1836 511 2200 583; x_wconf 87' lang='lat' dir='ltr'><strong>quandoque</strong></span> 
     </span>
    </p>
   </div>
   <div class='ocr_carea' id='block_1_5' title="bbox 2262 506 3915 584">
    <p class='ocr_par' dir='ltr' id='par_1_5' title="bbox 2310 506 3915 584">
     <span class='ocr_line' id='line_1_5' title="bbox 2310 506 3915 584; baseline 0.003 -26"><span class='ocrx_word' id='word_1_32' title='bbox 2310 507 2477 559; x_wconf 79' lang='grc' dir='ltr'><em>πεύων</em></span> <span class='ocrx_word' id='word_1_33' title='bbox 2517 512 2636 569; x_wconf 78' lang='grc' dir='ltr'><em>τοὺς</em></span> <span class='ocrx_word' id='word_1_34' title='bbox 2658 517 2830 569; x_wconf 88' lang='grc' dir='ltr'><em>κακῶς</em></span> <span class='ocrx_word' id='word_1_35' title='bbox 2861 510 3098 578; x_wconf 84' lang='grc' dir='ltr'><em>ἔχοντας,</em></span> <span class='ocrx_word' id='word_1_36' title='bbox 3124 511 3246 560; x_wconf 74' lang='grc' dir='ltr'><em>ποτε</em></span> <span class='ocrx_word' id='word_1_37' title='bbox 3275 506 3334 562; x_wconf 80' lang='grc' dir='ltr'><em>δὲ</em></span> <span class='ocrx_word' id='word_1_38' title='bbox 3372 512 3599 568; x_wconf 83' lang='grc' dir='ltr'><em>κάθηται</em></span> <span class='ocrx_word' id='word_1_39' title='bbox 3629 515 3915 584; x_wconf 80' lang='grc' dir='ltr'><strong>περιμένων</strong></span> 
     </span>
    </p>
   </div>
   <div class='ocr_carea' id='block_1_6' title="bbox 554 595 2207 673">
    <p class='ocr_par' dir='ltr' id='par_1_6' title="bbox 554 600 2196 673">
     <span class='ocr_line' id='line_1_6' title="bbox 554 600 2196 673; baseline -0.005 -13"><span class='ocrx_word' id='word_1_40' title='bbox 554 611 752 660; x_wconf 91' lang='lat' dir='ltr'><strong>autem</strong></span> <span class='ocrx_word' id='word_1_41' title='bbox 781 603 946 658; x_wconf 83' lang='lat' dir='ltr'><strong>sedet</strong></span> <span class='ocrx_word' id='word_1_42' title='bbox 973 604 1328 673; x_wconf 86' lang='lat' dir='ltr'><strong>exspectans</strong></span> <span class='ocrx_word' id='word_1_43' title='bbox 1353 616 1454 655; x_wconf 90' lang='lat' dir='ltr'><strong>eos</strong></span> <span class='ocrx_word' id='word_1_44' title='bbox 1478 600 1694 671; x_wconf 89' lang='lat' dir='ltr'><strong>quibus</strong></span> <span class='ocrx_word' id='word_1_45' title='bbox 1724 616 1868 654; x_wconf 91' lang='lat' dir='ltr'><strong>cura</strong></span> <span class='ocrx_word' id='word_1_46' title='bbox 1889 616 2042 670; x_wconf 91' lang='lat' dir='ltr'><strong>opus</strong></span> <span class='ocrx_word' id='word_1_47' title='bbox 2059 603 2149 653; x_wconf 89' lang='lat' dir='ltr'><strong>est</strong></span> <span class='ocrx_word' id='word_1_48' title='bbox 2184 616 2196 664; x_wconf 92' lang='lat'>;</span> 
     </span>
    </p>
   </div>
   <div class='ocr_carea' id='block_1_7' title="bbox 2261 595 3914 673">
    <p class='ocr_par' dir='ltr' id='par_1_7' title="bbox 2311 595 3914 671">
     <span class='ocr_line' id='line_1_7' title="bbox 2311 595 3914 671; baseline 0.003 -25"><span class='ocrx_word' id='word_1_49' title='bbox 2311 599 2436 655; x_wconf 81' lang='grc' dir='ltr'><em>τοὺς</em></span> <span class='ocrx_word' id='word_1_50' title='bbox 2499 596 2796 669; x_wconf 72' lang='grc' dir='ltr'><em>χρῄζοντας</em></span> <span class='ocrx_word' id='word_1_51' title='bbox 2855 600 3169 671; x_wconf 80' lang='grc' dir='ltr'><strong>θεραπείας·</strong></span> <span class='ocrx_word' id='word_1_52' title='bbox 3234 597 3392 650; x_wconf 85' lang='grc' dir='ltr'><em>ἐκεῖνο</em></span> <span class='ocrx_word' id='word_1_53' title='bbox 3439 602 3527 670; x_wconf 76' lang='grc' dir='ltr'><em>μὲν</em></span> <span class='ocrx_word' id='word_1_54' title='bbox 3588 595 3664 651; x_wconf 87' lang='grc' dir='ltr'><em>δι’</em></span> <span class='ocrx_word' id='word_1_55' title='bbox 3719 599 3914 652; x_wconf 81' lang='grc' dir='ltr'>οἰκείαν</span> 
     </span>
    </p>
   </div>
   <div class='ocr_carea' id='block_1_8' title="bbox 555 683 2208 763">
    <p class='ocr_par' dir='ltr' id='par_1_8' title="bbox 555 686 2202 763">
     <span class='ocr_line' id='line_1_8' title="bbox 555 686 2202 763; baseline -0.005 -15"><span class='ocrx_word' id='word_1_56' title='bbox 555 692 700 748; x_wconf 92' lang='lat' dir='ltr'><strong>illud</strong></span> <span class='ocrx_word' id='word_1_57' title='bbox 753 691 998 763; x_wconf 88' lang='lat' dir='ltr'>quidem</span> <span class='ocrx_word' id='word_1_58' title='bbox 1030 705 1140 745; x_wconf 89' lang='lat' dir='ltr'><strong>sua</strong></span> <span class='ocrx_word' id='word_1_59' title='bbox 1177 689 1464 753; x_wconf 81' lang='lat' dir='ltr'><strong>bonitate,</strong></span> <span class='ocrx_word' id='word_1_60' title='bbox 1496 689 1606 743; x_wconf 88' lang='lat' dir='ltr'><strong>hoc</strong></span> <span class='ocrx_word' id='word_1_61' title='bbox 1646 703 1805 752; x_wconf 90' lang='lat' dir='ltr'><strong>vero,</strong></span> <span class='ocrx_word' id='word_1_62' title='bbox 1843 692 1904 742; x_wconf 91' lang='lat' dir='ltr'><strong>ut</strong></span> <span class='ocrx_word' id='word_1_63' title='bbox 1946 688 2019 742; x_wconf 92' lang='lat' dir='ltr'><strong>de</strong></span> <span class='ocrx_word' id='word_1_64' title='bbox 2046 686 2202 741; x_wconf 87' lang='lat' dir='ltr'><strong>inﬁr-</strong></span> 
     </span>
    </p>
   </div>
   <div class='ocr_carea' id='block_1_9' title="bbox 2262 683 3915 763">
    <p class='ocr_par' dir='ltr' id='par_1_9' title="bbox 2313 683 3915 760">
     <span class='ocr_line' id='line_1_9' title="bbox 2313 683 3915 760; baseline 0.002 -24"><span class='ocrx_word' id='word_1_65' title='bbox 2313 683 2637 755; x_wconf 72' lang='grc' dir='ltr'><em>ἀγαθότητα,</em></span> <span class='ocrx_word' id='word_1_66' title='bbox 2661 694 2813 738; x_wconf 86' lang='grc' dir='ltr'><em>τοῦτο</em></span> <span class='ocrx_word' id='word_1_67' title='bbox 2847 683 2905 738; x_wconf 76' lang='grc' dir='ltr'><em>δὲ</em></span> <span class='ocrx_word' id='word_1_68' title='bbox 2935 683 3224 759; x_wconf 77' lang='grc' dir='ltr'><em>δοκιμάζον</em></span> <span class='ocrx_word' id='word_1_69' title='bbox 3241 692 3334 745; x_wconf 77' lang='grc' dir='ltr'><em>τὴν</em></span> <span class='ocrx_word' id='word_1_70' title='bbox 3364 692 3542 739; x_wconf 90' lang='grc' dir='ltr'><em>πίστιν</em></span> <span class='ocrx_word' id='word_1_71' title='bbox 3573 696 3671 738; x_wconf 88' lang='grc' dir='ltr'><strong>τῶν</strong></span> <span class='ocrx_word' id='word_1_72' title='bbox 3694 694 3915 760; x_wconf 85' lang='grc' dir='ltr'><em>καμνόν-</em></span> 
     </span>
    </p>
   </div>
   <div class='ocr_carea' id='block_1_10' title="bbox 557 771 2210 848">
    <p class='ocr_par' dir='ltr' id='par_1_10' title="bbox 557 777 2202 848">
     <span class='ocr_line' id='line_1_10' title="bbox 557 777 2202 848; baseline -0.004 -12"><span class='ocrx_word' id='word_1_73' title='bbox 557 796 792 836; x_wconf 87' lang='lat' dir='ltr'><strong>morum</strong></span> <span class='ocrx_word' id='word_1_74' title='bbox 815 780 934 835; x_wconf 90' lang='lat' dir='ltr'><strong>ﬁde</strong></span> <span class='ocrx_word' id='word_1_75' title='bbox 957 783 1158 834; x_wconf 84' lang='lat' dir='ltr'><strong>sumat</strong></span> <span class='ocrx_word' id='word_1_76' title='bbox 1185 777 1682 848; x_wconf 81' lang='lat' dir='ltr'><strong>experimentum.</strong></span> <span class='ocrx_word' id='word_1_77' title='bbox 1710 779 2068 847; x_wconf 80' lang='lat' dir='ltr'><strong>Frequenter</strong></span> <span class='ocrx_word' id='word_1_78' title='bbox 2100 790 2202 830; x_wconf 92' lang='lat' dir='ltr'><strong>au—</strong></span> 
     </span>
    </p>
   </div>
   <div class='ocr_carea' id='block_1_11' title="bbox 2260 771 3913 848">
    <p class='ocr_par' dir='ltr' id='par_1_11' title="bbox 2311 771 3913 848">
     <span class='ocr_line' id='line_1_11' title="bbox 2311 771 3913 848; baseline 0.002 -24"><span class='ocrx_word' id='word_1_79' title='bbox 2311 793 2430 828; x_wconf 90' lang='grc' dir='ltr'><em>των.</em></span> <span class='ocrx_word' id='word_1_80' title='bbox 2495 781 2731 845; x_wconf 85' lang='grc' dir='ltr'><em>Συνεχῶς</em></span> <span class='ocrx_word' id='word_1_81' title='bbox 2785 771 2844 826; x_wconf 79' lang='grc' dir='ltr'><em>δὲ</em></span> <span class='ocrx_word' id='word_1_82' title='bbox 2896 775 2966 837; x_wconf 84' lang='grc' dir='ltr'><em>εἰς</em></span> <span class='ocrx_word' id='word_1_83' title='bbox 2999 778 3116 848; x_wconf 81' lang='grc' dir='ltr'><em>ὅρος</em></span> <span class='ocrx_word' id='word_1_84' title='bbox 3165 775 3352 841; x_wconf 86' lang='grc' dir='ltr'><em>ἆνεισι,</em></span> <span class='ocrx_word' id='word_1_85' title='bbox 3416 772 3509 828; x_wconf 81' lang='grc' dir='ltr'><em>διὰ</em></span> <span class='ocrx_word' id='word_1_86' title='bbox 3555 780 3614 828; x_wconf 90' lang='grc' dir='ltr'><em>τὸ</em></span> <span class='ocrx_word' id='word_1_87' title='bbox 3645 776 3778 847; x_wconf 78' lang='grc' dir='ltr'><em>ὕψος</em></span> <span class='ocrx_word' id='word_1_88' title='bbox 3822 785 3913 839; x_wconf 78' lang='grc' dir='ltr'><strong>τῆς</strong></span> 
     </span>
    </p>
   </div>
   <div class='ocr_carea' id='block_1_12' title="bbox 555 861 2208 940">
    <p class='ocr_par' dir='ltr' id='par_1_12' title="bbox 555 863 2200 937">
     <span class='ocr_line' id='line_1_12' title="bbox 555 863 2200 937; baseline -0.005 -11"><span class='ocrx_word' id='word_1_89' title='bbox 555 874 678 926; x_wconf 87' lang='lat' dir='ltr'><strong>tem</strong></span> <span class='ocrx_word' id='word_1_90' title='bbox 711 869 772 924; x_wconf 90' lang='lat' dir='ltr'><strong>in</strong></span> <span class='ocrx_word' id='word_1_91' title='bbox 799 874 1062 923; x_wconf 84' lang='lat' dir='ltr'><strong>montem</strong></span> <span class='ocrx_word' id='word_1_92' title='bbox 1095 865 1371 932; x_wconf 79' lang='lat' dir='ltr'><strong>ascendit,</strong></span> <span class='ocrx_word' id='word_1_93' title='bbox 1406 870 1647 937; x_wconf 87' lang='lat' dir='ltr'><strong>propter</strong></span> <span class='ocrx_word' id='word_1_94' title='bbox 1677 881 1802 919; x_wconf 82' lang='lat' dir='ltr'><strong>suae</strong></span> <span class='ocrx_word' id='word_1_95' title='bbox 1829 863 2200 920; x_wconf 82' lang='lat' dir='ltr'><strong>altitudinem</strong></span> 
     </span>
    </p>
   </div>
   <div class='ocr_carea' id='block_1_13' title="bbox 2260 861 3913 940">
    <p class='ocr_par' dir='ltr' id='par_1_13' title="bbox 2312 861 3913 940">
     <span class='ocr_line' id='line_1_13' title="bbox 2312 861 3913 940; baseline 0.004 -28"><span class='ocrx_word' id='word_1_96' title='bbox 2312 861 2496 913; x_wconf 78' lang='grc' dir='ltr'><em>ἑαυτοῦ</em></span> <span class='ocrx_word' id='word_1_97' title='bbox 2517 865 2772 929; x_wconf 82' lang='grc' dir='ltr'><strong>θεότητος,</strong></span> <span class='ocrx_word' id='word_1_98' title='bbox 2793 868 2881 915; x_wconf 85' lang='grc' dir='ltr'><em>καὶ</em></span> <span class='ocrx_word' id='word_1_99' title='bbox 2909 861 3172 916; x_wconf 76' lang='grc' dir='ltr'><strong>παιδεύων</strong></span> <span class='ocrx_word' id='word_1_100' title='bbox 3198 863 3504 940; x_wconf 81' lang='grc' dir='ltr'><strong>ἐπαίρεσθαι</strong></span> <span class='ocrx_word' id='word_1_101' title='bbox 3532 867 3765 937; x_wconf 78' lang='grc' dir='ltr'><strong>χαμόθεν</strong></span> <span class='ocrx_word' id='word_1_102' title='bbox 3794 869 3913 926; x_wconf 86' lang='grc' dir='ltr'><em>τοὺς</em></span> 
     </span>
    </p>
   </div>
   <div class='ocr_carea' id='block_1_14' title="bbox 556 949 2209 1024">
    <p class='ocr_par' dir='ltr' id='par_1_14' title="bbox 556 952 2200 1024">
     <span class='ocr_line' id='line_1_14' title="bbox 556 952 2200 1024; baseline -0.004 -12"><span class='ocrx_word' id='word_1_103' title='bbox 556 957 913 1014; x_wconf 86' lang='lat' dir='ltr'><strong>divinitatis:</strong></span> <span class='ocrx_word' id='word_1_104' title='bbox 956 972 1026 1012; x_wconf 86' lang='lat' dir='ltr'><strong>ac</strong></span> <span class='ocrx_word' id='word_1_105' title='bbox 1067 956 1290 1011; x_wconf 83' lang='lat' dir='ltr'><strong>docens</strong></span> <span class='ocrx_word' id='word_1_106' title='bbox 1337 971 1373 1010; x_wconf 88' lang='lat' dir='ltr'><strong>a</strong></span> <span class='ocrx_word' id='word_1_107' title='bbox 1412 954 1538 1009; x_wconf 93' lang='lat' dir='ltr'><strong>solo</strong></span> <span class='ocrx_word' id='word_1_108' title='bbox 1570 952 1787 1010; x_wconf 83' lang='lat' dir='ltr'><strong>elevari</strong></span> <span class='ocrx_word' id='word_1_109' title='bbox 1814 969 1916 1009; x_wconf 92' lang='lat' dir='ltr'><strong>eos</strong></span> <span class='ocrx_word' id='word_1_110' title='bbox 1948 953 2054 1024; x_wconf 90' lang='lat' dir='ltr'><strong>qui</strong></span> <span class='ocrx_word' id='word_1_111' title='bbox 2084 953 2200 1008; x_wconf 92' lang='lat' dir='ltr'><strong>Deo</strong></span> 
     </span>
    </p>
   </div>
   <div class='ocr_carea' id='block_1_15' title="bbox 1505 949 3158 1024">
    <p class='ocr_par' dir='ltr' id='par_1_15' title="bbox 1505 949 3158 1024">
     <span class='ocr_line' id='line_1_15' title="bbox 1505 949 3158 1024; baseline -0.002 -15"><span class='ocrx_word' id='word_1_112' title='bbox 1505 969 1538 1009; x_wconf 95' lang='lat'>0</span> <span class='ocrx_word' id='word_1_113' title='bbox 1570 952 1787 1010; x_wconf 89' lang='lat' dir='ltr'><strong>elevari</strong></span> <span class='ocrx_word' id='word_1_114' title='bbox 1814 969 1916 1009; x_wconf 91' lang='lat' dir='ltr'><strong>eos</strong></span> <span class='ocrx_word' id='word_1_115' title='bbox 1948 953 2054 1024; x_wconf 92' lang='lat' dir='ltr'>qui</span> <span class='ocrx_word' id='word_1_116' title='bbox 2084 953 2200 1008; x_wconf 93' lang='lat' dir='ltr'><strong>Deo</strong></span> <span class='ocrx_word' id='word_1_117' title='bbox 2309 949 2618 1012; x_wconf 77' lang='grc' dir='ltr'><strong>πλησιάζειν</strong></span> <span class='ocrx_word' id='word_1_118' title='bbox 2657 959 2730 1022; x_wconf 85' lang='grc' dir='ltr'><em>τῷ</em></span> <span class='ocrx_word' id='word_1_119' title='bbox 2763 959 2875 1022; x_wconf 85' lang='grc' dir='ltr'><strong>Θεῷ</strong></span> <span class='ocrx_word' id='word_1_120' title='bbox 2906 951 3158 1014; x_wconf 69' lang='grc' dir='ltr'><em>θελοντας.</em></span> 
     </span>
    </p>
   </div>
   <div class='ocr_carea' id='block_1_16' title="bbox 559 1044 1330 1118">
    <p class='ocr_par' dir='ltr' id='par_1_16' title="bbox 559 1044 1330 1118">
     <span class='ocr_line' id='line_1_16' title="bbox 559 1044 1330 1118; baseline -0.001 -17"><span class='ocrx_word' id='word_1_121' title='bbox 559 1046 1041 1118; x_wconf 82' lang='lat' dir='ltr'><strong>appropinquare</strong></span> <span class='ocrx_word' id='word_1_122' title='bbox 1069 1044 1330 1114; x_wconf 90' lang='lat' dir='ltr'><strong>cupiunt.</strong></span> 
     </span>
    </p>
   </div>
   <div class='ocr_carea' id='block_1_17' title="bbox 917 1150 2570 1231">
    <p class='ocr_par' dir='ltr' id='par_1_17' title="bbox 917 1150 2570 1208">
     <span class='ocr_line' id='line_1_17' title="bbox 917 1150 2570 1208; baseline 0 0"><span class='ocrx_word' id='word_1_123' title='bbox 917 1153 1068 1208; x_wconf 89' lang='lat' dir='ltr'><strong>CAP.</strong></span> <span class='ocrx_word' id='word_1_124' title='bbox 1103 1151 1249 1207; x_wconf 85' lang='lat' dir='ltr'><strong>XXX</strong></span> <span class='ocrx_word' id='word_1_125' title='bbox 1270 1151 1356 1207; x_wconf 89' lang='lat' dir='ltr'><strong>De</strong></span> <span class='ocrx_word' id='word_1_126' title='bbox 1385 1150 1571 1206; x_wconf 80' lang='lat' dir='ltr'><strong>turbis</strong></span> <span class='ocrx_word' id='word_1_127' title='bbox 1598 1150 1846 1206; x_wconf 80' lang='lat' dir='ltr'><strong>sanatis.</strong></span> <span class='ocrx_word' id='word_1_128' title='bbox 2385 1162 2529 1208; x_wconf 83' lang='grc' dir='ltr'><strong>ΚΕΦ.</strong></span> <span class='ocrx_word' id='word_1_129' title='bbox 2564 1199 2570 1208; x_wconf 89' lang='grc'><strong>.</strong></span> 
     </span>
    </p>
   </div>
   <div class='ocr_carea' id='block_1_18' title="bbox 1930 1150 3583 1231">
    <p class='ocr_par' dir='ltr' id='par_1_18' title="bbox 2385 1154 3583 1231">
     <span class='ocr_line' id='line_1_18' title="bbox 2385 1154 3583 1231; baseline 0.004 -24"><span class='ocrx_word' id='word_1_130' title='bbox 2385 1162 2529 1208; x_wconf 83' lang='grc' dir='ltr'><strong>ΚΕΦ.</strong></span> <span class='ocrx_word' id='word_1_131' title='bbox 2564 1154 2646 1209; x_wconf 80' lang='grc' dir='ltr'><strong>Λ’.</strong></span> <span class='ocrx_word' id='word_1_132' title='bbox 2681 1160 2804 1221; x_wconf 85' lang='grc' dir='ltr'><em>Περὶ</em></span> <span class='ocrx_word' id='word_1_133' title='bbox 2825 1164 2923 1208; x_wconf 89' lang='grc' dir='ltr'><strong>τῶν</strong></span> <span class='ocrx_word' id='word_1_134' title='bbox 2953 1158 3359 1231; x_wconf 80' lang='grc' dir='ltr'><strong>θεραπευθέντων</strong></span> <span class='ocrx_word' id='word_1_135' title='bbox 3396 1156 3583 1228; x_wconf 81' lang='grc' dir='ltr'><em>ὄχλων.</em></span> 
     </span>
    </p>
   </div>
   <div class='ocr_carea' id='block_1_19' title="bbox 632 1243 2285 1328">
    <p class='ocr_par' dir='ltr' id='par_1_19' title="bbox 632 1255 2202 1328">
     <span class='ocr_line' id='line_1_19' title="bbox 632 1255 2202 1328; baseline -0.003 -14"><span class='ocrx_word' id='word_1_136' title='bbox 632 1259 797 1314; x_wconf 88' lang='lat' dir='ltr'><strong>Vers.</strong></span> <span class='ocrx_word' id='word_1_137' title='bbox 827 1259 919 1316; x_wconf 93' lang='lat'><strong>30.</strong></span> <span class='ocrx_word' id='word_1_138' title='bbox 959 1259 1036 1313; x_wconf 80' lang='lat' dir='ltr'><strong>Et</strong></span> <span class='ocrx_word' id='word_1_139' title='bbox 1071 1287 1136 1297; x_wconf 90' lang='lat'><strong>-—</strong></span> <span class='ocrx_word' id='word_1_140' title='bbox 1158 1259 1400 1314; x_wconf 81' lang='lat' dir='ltr'><strong>multos.</strong></span> <span class='ocrx_word' id='word_1_141' title='bbox 1443 1256 1624 1310; x_wconf 83' lang='grc' dir='ltr'><em>Κυλλοὶ</em></span> <span class='ocrx_word' id='word_1_142' title='bbox 1656 1256 1785 1328; x_wconf 87' lang='lat' dir='ltr'><strong>(pro</strong></span> <span class='ocrx_word' id='word_1_143' title='bbox 1814 1271 1936 1328; x_wconf 94' lang='lat' dir='ltr'><strong>quo</strong></span> <span class='ocrx_word' id='word_1_144' title='bbox 1972 1255 2202 1310; x_wconf 82' lang='lat' dir='ltr'><strong>mutilos</strong></span> 
     </span>
    </p>
   </div>
   <div class='ocr_carea' id='block_1_20' title="bbox 2254 1243 3907 1328">
    <p class='ocr_par' dir='ltr' id='par_1_20' title="bbox 2385 1243 3907 1320">
     <span class='ocr_line' id='line_1_20' title="bbox 2385 1243 3907 1320; baseline 0.002 -25"><span class='ocrx_word' id='word_1_145' title='bbox 2385 1247 2576 1296; x_wconf 83' lang='grc' dir='ltr'><strong>Καὶ-</strong></span> <span class='ocrx_word' id='word_1_146' title='bbox 2611 1243 2851 1306; x_wconf 86' lang='grc' dir='ltr'><em>πολλούς.</em></span> <span class='ocrx_word' id='word_1_147' title='bbox 2888 1245 3070 1298; x_wconf 80' lang='grc' dir='ltr'><em>Κυλλοὶ</em></span> <span class='ocrx_word' id='word_1_148' title='bbox 3099 1251 3288 1319; x_wconf 80' lang='grc' dir='ltr'><strong>κυρίως</strong></span> <span class='ocrx_word' id='word_1_149' title='bbox 3309 1249 3359 1299; x_wconf 81' lang='grc' dir='ltr'><strong>οἱ</strong></span> <span class='ocrx_word' id='word_1_150' title='bbox 3388 1248 3618 1320; x_wconf 80' lang='grc' dir='ltr'><strong>ἄχειρες,</strong></span> <span class='ocrx_word' id='word_1_151' title='bbox 3653 1248 3722 1308; x_wconf 87' lang='grc' dir='ltr'><em>ὡς</em></span> <span class='ocrx_word' id='word_1_152' title='bbox 3746 1245 3793 1298; x_wconf 78' lang='grc' dir='ltr'><strong>ἐν</strong></span> <span class='ocrx_word' id='word_1_153' title='bbox 3835 1254 3907 1317; x_wconf 83' lang='grc' dir='ltr'><em>τῷ</em></span> 
     </span>
    </p>
   </div>
   <div class='ocr_carea' id='block_1_21' title="bbox 557 1330 2210 1418">
    <p class='ocr_par' dir='ltr' id='par_1_21' title="bbox 557 1344 2202 1418">
     <span class='ocr_line' id='line_1_21' title="bbox 557 1344 2202 1418; baseline -0.004 -14"><span class='ocrx_word' id='word_1_154' title='bbox 557 1348 871 1418; x_wconf 83' lang='lat' dir='ltr'><strong>vertimus)</strong></span> <span class='ocrx_word' id='word_1_155' title='bbox 942 1346 1179 1418; x_wconf 90' lang='lat' dir='ltr'><strong>proprie</strong></span> <span class='ocrx_word' id='word_1_156' title='bbox 1250 1348 1548 1411; x_wconf 89' lang='lat' dir='ltr'><strong>dicuntur,</strong></span> <span class='ocrx_word' id='word_1_157' title='bbox 1634 1346 1738 1416; x_wconf 94' lang='lat' dir='ltr'><strong>qui</strong></span> <span class='ocrx_word' id='word_1_158' title='bbox 1795 1344 2072 1399; x_wconf 89' lang='lat' dir='ltr'><strong>manibus</strong></span> <span class='ocrx_word' id='word_1_159' title='bbox 2103 1359 2202 1399; x_wconf 90' lang='lat' dir='ltr'><strong>ca-</strong></span> 
     </span>
    </p>
   </div>
   <div class='ocr_carea' id='block_1_22' title="bbox 1539 1330 3192 1418">
    <p class='ocr_par' dir='ltr' id='par_1_22' title="bbox 1539 1330 3192 1416">
     <span class='ocr_line' id='line_1_22' title="bbox 1539 1330 3192 1416; baseline -0.002 -26"><span class='ocrx_word' id='word_1_160' title='bbox 1539 1387 1548 1411; x_wconf 66' lang='grc'><strong>,</strong></span> <span class='ocrx_word' id='word_1_161' title='bbox 1634 1346 1738 1416; x_wconf 80' lang='lat' dir='ltr'><strong>qui</strong></span> <span class='ocrx_word' id='word_1_162' title='bbox 1795 1344 2072 1399; x_wconf 75' lang='lat' dir='ltr'><strong>manibus</strong></span> <span class='ocrx_word' id='word_1_163' title='bbox 2103 1359 2202 1399; x_wconf 72' lang='lat' dir='ltr'><strong>ca-</strong></span> <span class='ocrx_word' id='word_1_164' title='bbox 2312 1331 2392 1391; x_wconf 82' lang='grc' dir='ltr'><strong>λζ’</strong></span> <span class='ocrx_word' id='word_1_165' title='bbox 2423 1332 2680 1404; x_wconf 74' lang='grc' dir='ltr'><em>κεφαλαίῳ</em></span> <span class='ocrx_word' id='word_1_166' title='bbox 2712 1330 3192 1404; x_wconf 75' lang='grc' dir='ltr'><em>διαγνωσθησεται.</em></span> 
     </span>
    </p>
   </div>
   <div class='ocr_carea' id='block_1_23' title="bbox 558 1432 2203 1506">
    <p class='ocr_par' dir='ltr' id='par_1_23' title="bbox 558 1432 2203 1506">
     <span class='ocr_line' id='line_1_23' title="bbox 558 1432 2203 1506; baseline -0.002 -14"><span class='ocrx_word' id='word_1_167' title='bbox 558 1441 710 1500; x_wconf 91' lang='lat' dir='ltr'><strong>rent,</strong></span> <span class='ocrx_word' id='word_1_168' title='bbox 744 1437 891 1492; x_wconf 88' lang='lat' dir='ltr'><strong>sicut</strong></span> <span class='ocrx_word' id='word_1_169' title='bbox 909 1435 1206 1492; x_wconf 88' lang='lat' dir='ltr'><strong>tricesimo</strong></span> <span class='ocrx_word' id='word_1_170' title='bbox 1227 1435 1480 1506; x_wconf 88' lang='lat' dir='ltr'><strong>septimo</strong></span> <span class='ocrx_word' id='word_1_171' title='bbox 1494 1433 1686 1504; x_wconf 87' lang='lat' dir='ltr'><strong>capite</strong></span> <span class='ocrx_word' id='word_1_172' title='bbox 1698 1432 2070 1488; x_wconf 90' lang='lat' dir='ltr'><strong>manifestius</strong></span> <span class='ocrx_word' id='word_1_173' title='bbox 2102 1447 2203 1503; x_wconf 84' lang='lat' dir='ltr'><strong>pa-</strong></span> 
     </span>
    </p>
   </div>
   <div class='ocr_carea' id='block_1_24' title="bbox 562 1523 2274 1605">
    <p class='ocr_par' dir='ltr' id='par_1_24' title="bbox 562 1523 2274 1605">
     <span class='ocr_line' id='line_1_24' title="bbox 562 1523 2274 1605; baseline -0.013 -25"><span class='ocrx_word' id='word_1_174' title='bbox 562 1523 728 1580; x_wconf 88' lang='lat' dir='ltr'><strong>tebit.</strong></span> <span class='ocrx_word' id='word_1_175' title='bbox 2232 1551 2274 1605; x_wconf 76' lang='grc' dir='ltr'><strong>Β</strong></span> 
     </span>
    </p>
   </div>
   <div class='ocr_carea' id='block_1_25' title="bbox 628 1598 2281 1680">
    <p class='ocr_par' dir='ltr' id='par_1_25' title="bbox 628 1598 2271 1680">
     <span class='ocr_line' id='line_1_25' title="bbox 628 1598 2271 1680; baseline -0.001 -14"><span class='ocrx_word' id='word_1_176' title='bbox 628 1613 786 1667; x_wconf 89' lang='lat' dir='ltr'><strong>Vers.</strong></span> <span class='ocrx_word' id='word_1_177' title='bbox 815 1612 902 1666; x_wconf 89' lang='lat'><strong>30.</strong></span> <span class='ocrx_word' id='word_1_178' title='bbox 934 1613 1011 1666; x_wconf 82' lang='lat' dir='ltr'><strong>Et</strong></span> <span class='ocrx_word' id='word_1_179' title='bbox 1041 1642 1110 1652; x_wconf 90' lang='lat'><strong>—-</strong></span> <span class='ocrx_word' id='word_1_180' title='bbox 1136 1612 1293 1666; x_wconf 83' lang='lat' dir='ltr'><strong>illos.</strong></span> <span class='ocrx_word' id='word_1_181' title='bbox 1329 1610 1473 1665; x_wconf 89' lang='lat' dir='ltr'><strong>Vide</strong></span> <span class='ocrx_word' id='word_1_182' title='bbox 1530 1609 1934 1680; x_wconf 88' lang='lat' dir='ltr'><strong>proﬁcientem</strong></span> <span class='ocrx_word' id='word_1_183' title='bbox 1964 1607 2201 1665; x_wconf 91' lang='lat' dir='ltr'><strong>illorum</strong></span> <span class='ocrx_word' id='word_1_184' title='bbox 2232 1598 2271 1605; x_wconf 70' lang='grc'><em>”</em></span> 
     </span>
    </p>
   </div>
   <div class='ocr_carea' id='block_1_26' title="bbox 2256 1598 3909 1680">
    <p class='ocr_par' dir='ltr' id='par_1_26' title="bbox 2256 1598 3909 1674">
     <span class='ocr_line' id='line_1_26' title="bbox 2256 1598 3909 1674; baseline 0.002 -24"><span class='ocrx_word' id='word_1_185' title='bbox 2256 1598 2271 1605; x_wconf 66' lang='grc'><strong><em>⁷</em></strong></span> <span class='ocrx_word' id='word_1_186' title='bbox 2388 1603 2510 1651; x_wconf 85' lang='grc' dir='ltr'><strong>’Καὶ</strong></span> <span class='ocrx_word' id='word_1_187' title='bbox 2556 1629 2624 1638; x_wconf 90' lang='grc'><strong>-</strong></span> <span class='ocrx_word' id='word_1_188' title='bbox 2672 1599 2882 1660; x_wconf 81' lang='grc' dir='ltr'><em>αύτούς.</em></span> <span class='ocrx_word' id='word_1_189' title='bbox 2945 1598 3084 1674; x_wconf 78' lang='grc' dir='ltr'><em>’Ὁρα</em></span> <span class='ocrx_word' id='word_1_190' title='bbox 3125 1603 3524 1673; x_wconf 86' lang='grc' dir='ltr'><em>προκόπτουσαν</em></span> <span class='ocrx_word' id='word_1_191' title='bbox 3579 1607 3674 1660; x_wconf 78' lang='grc' dir='ltr'><strong>τὴν</strong></span> <span class='ocrx_word' id='word_1_192' title='bbox 3733 1607 3909 1656; x_wconf 86' lang='grc' dir='ltr'><em>πίστιν</em></span> 
     </span>
    </p>
   </div>
   <div class='ocr_carea' id='block_1_27' title="bbox 553 1686 2206 1771">
    <p class='ocr_par' dir='ltr' id='par_1_27' title="bbox 553 1698 2198 1771">
     <span class='ocr_line' id='line_1_27' title="bbox 553 1698 2198 1771; baseline -0.002 -16"><span class='ocrx_word' id='word_1_193' title='bbox 553 1700 758 1755; x_wconf 89' lang='lat' dir='ltr'><strong>ﬁdem.</strong></span> <span class='ocrx_word' id='word_1_194' title='bbox 788 1703 989 1771; x_wconf 89' lang='lat' dir='ltr'><strong>Neque</strong></span> <span class='ocrx_word' id='word_1_195' title='bbox 1020 1701 1177 1755; x_wconf 89' lang='lat' dir='ltr'><strong>enim</strong></span> <span class='ocrx_word' id='word_1_196' title='bbox 1206 1699 1466 1770; x_wconf 86' lang='lat' dir='ltr'><strong>amplius</strong></span> <span class='ocrx_word' id='word_1_197' title='bbox 1487 1703 1737 1767; x_wconf 86' lang='lat' dir='ltr'><strong>tangunt</strong></span> <span class='ocrx_word' id='word_1_198' title='bbox 1761 1698 2063 1754; x_wconf 89' lang='lat' dir='ltr'><strong>ﬁmbriam</strong></span> <span class='ocrx_word' id='word_1_199' title='bbox 2107 1714 2198 1753; x_wconf 90' lang='lat' dir='ltr'><strong>ve-</strong></span> 
     </span>
    </p>
   </div>
   <div class='ocr_carea' id='block_1_28' title="bbox 2258 1686 3911 1771">
    <p class='ocr_par' dir='ltr' id='par_1_28' title="bbox 2313 1686 3911 1763">
     <span class='ocr_line' id='line_1_28' title="bbox 2313 1686 3911 1763; baseline 0.004 -26"><span class='ocrx_word' id='word_1_200' title='bbox 2313 1686 2499 1740; x_wconf 76' lang='grc' dir='ltr'><em>αὐτῶν.</em></span> <span class='ocrx_word' id='word_1_201' title='bbox 2569 1687 2680 1739; x_wconf 78' lang='grc' dir='ltr'><strong>Οὐκ</strong></span> <span class='ocrx_word' id='word_1_202' title='bbox 2732 1691 2804 1740; x_wconf 84' lang='grc' dir='ltr'><em>ἔτι</em></span> <span class='ocrx_word' id='word_1_203' title='bbox 2860 1689 2960 1763; x_wconf 71' lang='grc' dir='ltr'><strong>’γάρ</strong></span> <span class='ocrx_word' id='word_1_204' title='bbox 3015 1688 3267 1740; x_wconf 74' lang='grc' dir='ltr'><em>ἅπτονται</em></span> <span class='ocrx_word' id='word_1_205' title='bbox 3317 1698 3408 1742; x_wconf 80' lang='grc' dir='ltr'><em>τοῦ</em></span> <span class='ocrx_word' id='word_1_206' title='bbox 3465 1688 3768 1762; x_wconf 76' lang='grc' dir='ltr'><strong>κρασπέδου</strong></span> <span class='ocrx_word' id='word_1_207' title='bbox 3821 1700 3911 1744; x_wconf 86' lang='grc' dir='ltr'><strong>τοῦ</strong></span> 
     </span>
    </p>
   </div>
   <div class='ocr_carea' id='block_1_29' title="bbox 557 1775 2210 1859">
    <p class='ocr_par' dir='ltr' id='par_1_29' title="bbox 557 1787 2198 1859">
     <span class='ocr_line' id='line_1_29' title="bbox 557 1787 2198 1859; baseline -0.002 -16"><span class='ocrx_word' id='word_1_208' title='bbox 557 1789 815 1845; x_wconf 89' lang='lat' dir='ltr'><strong>stimenti</strong></span> <span class='ocrx_word' id='word_1_209' title='bbox 837 1790 986 1858; x_wconf 91' lang='lat' dir='ltr'><strong>ejus,</strong></span> <span class='ocrx_word' id='word_1_210' title='bbox 999 1790 1102 1843; x_wconf 91' lang='lat' dir='ltr'><strong>sed</strong></span> <span class='ocrx_word' id='word_1_211' title='bbox 1119 1788 1443 1859; x_wconf 89' lang='lat' dir='ltr'><strong>projiciunt</strong></span> <span class='ocrx_word' id='word_1_212' title='bbox 1460 1804 1522 1843; x_wconf 91' lang='lat' dir='ltr'><strong>se</strong></span> <span class='ocrx_word' id='word_1_213' title='bbox 1540 1787 1735 1844; x_wconf 92' lang='lat' dir='ltr'><strong>solum</strong></span> <span class='ocrx_word' id='word_1_214' title='bbox 1749 1787 1824 1842; x_wconf 89' lang='lat' dir='ltr'><strong>ad</strong></span> <span class='ocrx_word' id='word_1_215' title='bbox 1850 1787 2028 1858; x_wconf 90' lang='lat' dir='ltr'><strong>pedes</strong></span> <span class='ocrx_word' id='word_1_216' title='bbox 2047 1788 2198 1858; x_wconf 88' lang='lat' dir='ltr'><strong>ejus,</strong></span> 
     </span>
    </p>
   </div>
   <div class='ocr_carea' id='block_1_30' title="bbox 2258 1775 3911 1859">
    <p class='ocr_par' dir='ltr' id='par_1_30' title="bbox 2316 1775 3911 1851">
     <span class='ocr_line' id='line_1_30' title="bbox 2316 1775 3911 1851; baseline 0.002 -25"><span class='ocrx_word' id='word_1_217' title='bbox 2316 1776 2523 1846; x_wconf 82' lang='grc' dir='ltr'><em>ἱματίου</em></span> <span class='ocrx_word' id='word_1_218' title='bbox 2571 1775 2750 1846; x_wconf 72' lang='grc' dir='ltr'><em>αὐτοῦ,</em></span> <span class='ocrx_word' id='word_1_219' title='bbox 2789 1775 2914 1828; x_wconf 79' lang='grc' dir='ltr'><em>ἀλλὰ</em></span> <span class='ocrx_word' id='word_1_220' title='bbox 2949 1777 3222 1850; x_wconf 82' lang='grc' dir='ltr'><em>ῥίπτονταί</em></span> <span class='ocrx_word' id='word_1_221' title='bbox 3265 1782 3416 1850; x_wconf 88' lang='grc' dir='ltr'><em>μόνον</em></span> <span class='ocrx_word' id='word_1_222' title='bbox 3457 1783 3557 1851; x_wconf 89' lang='grc' dir='ltr'><em>πρό</em></span> <span class='ocrx_word' id='word_1_223' title='bbox 3600 1788 3696 1831; x_wconf 89' lang='grc' dir='ltr'><strong>τῶν</strong></span> <span class='ocrx_word' id='word_1_224' title='bbox 3736 1775 3911 1831; x_wconf 85' lang='grc' dir='ltr'><em>ποδῶν</em></span> 
     </span>
    </p>
   </div>
   <div class='ocr_carea' id='block_1_31' title="bbox 558 1863 2211 1949">
    <p class='ocr_par' dir='ltr' id='par_1_31' title="bbox 558 1875 2202 1949">
     <span class='ocr_line' id='line_1_31' title="bbox 558 1875 2202 1949; baseline -0.001 -17"><span class='ocrx_word' id='word_1_225' title='bbox 558 1883 613 1933; x_wconf 88' lang='lat' dir='ltr'><strong>et</strong></span> <span class='ocrx_word' id='word_1_226' title='bbox 637 1882 875 1949; x_wconf 89' lang='lat' dir='ltr'><strong>repente</strong></span> <span class='ocrx_word' id='word_1_227' title='bbox 923 1883 1086 1932; x_wconf 87' lang='lat' dir='ltr'><strong>curat</strong></span> <span class='ocrx_word' id='word_1_228' title='bbox 1115 1876 1248 1932; x_wconf 90' lang='lat' dir='ltr'><strong>illos</strong></span> <span class='ocrx_word' id='word_1_229' title='bbox 1283 1893 1294 1931; x_wconf 92' lang='lat'>:</span> <span class='ocrx_word' id='word_1_230' title='bbox 1327 1892 1449 1931; x_wconf 93' lang='lat' dir='ltr'><strong>non</strong></span> <span class='ocrx_word' id='word_1_231' title='bbox 1469 1876 1636 1946; x_wconf 93' lang='lat' dir='ltr'><strong>quod</strong></span> <span class='ocrx_word' id='word_1_232' title='bbox 1665 1875 1909 1946; x_wconf 88' lang='lat' dir='ltr'><strong>majoris</strong></span> <span class='ocrx_word' id='word_1_233' title='bbox 1931 1876 2051 1931; x_wconf 91' lang='lat' dir='ltr'><strong>sint</strong></span> <span class='ocrx_word' id='word_1_234' title='bbox 2082 1875 2202 1931; x_wconf 90' lang='lat' dir='ltr'><strong>ﬁde</strong></span> 
     </span>
    </p>
   </div>
   <div class='ocr_carea' id='block_1_32' title="bbox 2262 1863 3915 1949">
    <p class='ocr_par' dir='ltr' id='par_1_32' title="bbox 2312 1863 3915 1939">
     <span class='ocr_line' id='line_1_32' title="bbox 2312 1863 3915 1939; baseline 0.002 -25"><span class='ocrx_word' id='word_1_235' title='bbox 2312 1863 2496 1928; x_wconf 74' lang='grc' dir='ltr'><em>αὐτοῦ,</em></span> <span class='ocrx_word' id='word_1_236' title='bbox 2547 1869 2636 1916; x_wconf 83' lang='grc' dir='ltr'><em>καὶ</em></span> <span class='ocrx_word' id='word_1_237' title='bbox 2707 1873 3044 1939; x_wconf 82' lang='grc' dir='ltr'><em>παραχρῆμα</em></span> <span class='ocrx_word' id='word_1_238' title='bbox 3112 1869 3351 1938; x_wconf 86' lang='grc' dir='ltr'><em>θραπεύει</em></span> <span class='ocrx_word' id='word_1_239' title='bbox 3412 1867 3620 1932; x_wconf 79' lang='grc' dir='ltr'><em>αὐτούς,</em></span> <span class='ocrx_word' id='word_1_240' title='bbox 3678 1868 3784 1939; x_wconf 72' lang='grc' dir='ltr'><em>οὐχ</em></span> <span class='ocrx_word' id='word_1_241' title='bbox 3845 1869 3915 1929; x_wconf 84' lang='grc' dir='ltr'><em>ὡς</em></span> 
     </span>
    </p>
   </div>
   <div class='ocr_carea' id='block_1_33' title="bbox 558 1952 2211 2035">
    <p class='ocr_par' dir='ltr' id='par_1_33' title="bbox 558 1963 2200 2035">
     <span class='ocr_line' id='line_1_33' title="bbox 558 1963 2200 2035; baseline 0 -16"><span class='ocrx_word' id='word_1_242' title='bbox 558 1980 742 2035; x_wconf 90' lang='lat' dir='ltr'><strong>quam</strong></span> <span class='ocrx_word' id='word_1_243' title='bbox 777 1965 1134 2032; x_wconf 63' lang='lat' dir='ltr'><strong>Chananea,</strong></span> <span class='ocrx_word' id='word_1_244' title='bbox 1181 1964 1285 2018; x_wconf 92' lang='lat' dir='ltr'><strong>sed</strong></span> <span class='ocrx_word' id='word_1_245' title='bbox 1324 1963 1483 2033; x_wconf 91' lang='lat' dir='ltr'><strong>quod</strong></span> <span class='ocrx_word' id='word_1_246' title='bbox 1512 1963 1678 2018; x_wconf 75' lang='lat' dir='ltr'><strong>Iudae</strong></span> <span class='ocrx_word' id='word_1_247' title='bbox 1737 1964 1874 2031; x_wconf 90' lang='lat' dir='ltr'><strong>sint,</strong></span> <span class='ocrx_word' id='word_1_248' title='bbox 1909 1968 1970 2018; x_wconf 91' lang='lat' dir='ltr'><strong>ut</strong></span> <span class='ocrx_word' id='word_1_249' title='bbox 2004 1963 2200 2032; x_wconf 83' lang='lat' dir='ltr'><strong>ingra-</strong></span> 
     </span>
    </p>
   </div>
   <div class='ocr_carea' id='block_1_34' title="bbox 2258 1952 3911 2035">
    <p class='ocr_par' dir='ltr' id='par_1_34' title="bbox 2311 1952 3911 2029">
     <span class='ocr_line' id='line_1_34' title="bbox 2311 1952 3911 2029; baseline 0.003 -26"><span class='ocrx_word' id='word_1_250' title='bbox 2311 1957 2650 2028; x_wconf 85' lang='grc' dir='ltr'><em>πιστοτέρους</em></span> <span class='ocrx_word' id='word_1_251' title='bbox 2679 1953 2774 2014; x_wconf 86' lang='grc' dir='ltr'><strong>τῆς</strong></span> <span class='ocrx_word' id='word_1_252' title='bbox 2794 1959 3108 2019; x_wconf 79' lang='grc' dir='ltr'><em>Χαναναίας,</em></span> <span class='ocrx_word' id='word_1_253' title='bbox 3136 1954 3246 2006; x_wconf 76' lang='grc' dir='ltr'><em>ἀλλ’</em></span> <span class='ocrx_word' id='word_1_254' title='bbox 3268 1958 3337 2016; x_wconf 84' lang='grc' dir='ltr'><em>ὡς</em></span> <span class='ocrx_word' id='word_1_255' title='bbox 3355 1952 3665 2021; x_wconf 74' lang='grc' dir='ltr'><em>Ἰουδαίους,</em></span> <span class='ocrx_word' id='word_1_256' title='bbox 3687 1955 3911 2029; x_wconf 77' lang='grc' dir='ltr'><em>ἐμφρατ-</em></span> 
     </span>
    </p>
   </div>
   <div class='ocr_carea' id='block_1_35' title="bbox 559 2039 2212 2116">
    <p class='ocr_par' dir='ltr' id='par_1_35' title="bbox 559 2051 2202 2116">
     <span class='ocr_line' id='line_1_35' title="bbox 559 2051 2202 2116; baseline 0.002 -12"><span class='ocrx_word' id='word_1_257' title='bbox 559 2057 756 2108; x_wconf 91' lang='lat' dir='ltr'><strong>torum</strong></span> <span class='ocrx_word' id='word_1_258' title='bbox 801 2051 1038 2107; x_wconf 87' lang='lat' dir='ltr'><strong>obturet</strong></span> <span class='ocrx_word' id='word_1_259' title='bbox 1085 2067 1191 2106; x_wconf 90' lang='lat' dir='ltr'><strong>ora</strong></span> <span class='ocrx_word' id='word_1_260' title='bbox 1233 2051 1591 2116; x_wconf 76' lang='lat' dir='ltr'><strong>Iudaeorum,</strong></span> <span class='ocrx_word' id='word_1_261' title='bbox 1621 2052 2043 2107; x_wconf 88' lang='lat' dir='ltr'><strong>demonstrans</strong></span> <span class='ocrx_word' id='word_1_262' title='bbox 2073 2051 2202 2108; x_wconf 90' lang='lat' dir='ltr'><strong>illos</strong></span> 
     </span>
    </p>
   </div>
   <div class='ocr_carea' id='block_1_36' title="bbox 2264 2039 3917 2116">
    <p class='ocr_par' dir='ltr' id='par_1_36' title="bbox 2310 2039 3917 2116">
     <span class='ocr_line' id='line_1_36' title="bbox 2310 2039 3917 2116; baseline 0.002 -24"><span class='ocrx_word' id='word_1_263' title='bbox 2310 2060 2410 2092; x_wconf 93' lang='grc' dir='ltr'><strong>των</strong></span> <span class='ocrx_word' id='word_1_264' title='bbox 2439 2049 2538 2092; x_wconf 88' lang='grc' dir='ltr'><strong>τῶν</strong></span> <span class='ocrx_word' id='word_1_265' title='bbox 2568 2040 2870 2116; x_wconf 76' lang='grc' dir='ltr'><em>ἀχαρίστων</em></span> <span class='ocrx_word' id='word_1_266' title='bbox 2892 2039 3160 2095; x_wconf 74' lang='grc' dir='ltr'><em>Ἰουδαίων</em></span> <span class='ocrx_word' id='word_1_267' title='bbox 3189 2046 3254 2095; x_wconf 83' lang='grc' dir='ltr'><em>τὰ</em></span> <span class='ocrx_word' id='word_1_268' title='bbox 3285 2048 3544 2115; x_wconf 84' lang='grc' dir='ltr'><em>στόματα,</em></span> <span class='ocrx_word' id='word_1_269' title='bbox 3575 2048 3666 2096; x_wconf 88' lang='grc' dir='ltr'><em>καὶ</em></span> <span class='ocrx_word' id='word_1_270' title='bbox 3699 2042 3917 2116; x_wconf 80' lang='grc' dir='ltr'><em>ἀποφαί-</em></span> 
     </span>
    </p>
   </div>
   <div class='ocr_carea' id='block_1_37' title="bbox 561 2130 2214 2212">
    <p class='ocr_par' dir='ltr' id='par_1_37' title="bbox 561 2140 2203 2212">
     <span class='ocr_line' id='line_1_37' title="bbox 561 2140 2203 2212; baseline 0 -16"><span class='ocrx_word' id='word_1_271' title='bbox 561 2141 778 2210; x_wconf 90' lang='lat' dir='ltr'><strong>majori</strong></span> <span class='ocrx_word' id='word_1_272' title='bbox 829 2141 1044 2211; x_wconf 80' lang='lat' dir='ltr'><strong>dignos</strong></span> <span class='ocrx_word' id='word_1_273' title='bbox 1085 2140 1395 2211; x_wconf 92' lang='lat' dir='ltr'><strong>supplicio.</strong></span> <span class='ocrx_word' id='word_1_274' title='bbox 1456 2140 1728 2209; x_wconf 84' lang='lat' dir='ltr'><strong>Ingratus</strong></span> <span class='ocrx_word' id='word_1_275' title='bbox 1780 2140 1938 2195; x_wconf 92' lang='lat' dir='ltr'><strong>enim</strong></span> <span class='ocrx_word' id='word_1_276' title='bbox 1976 2146 2203 2212; x_wconf 88' lang='lat' dir='ltr'><strong>quanto</strong></span> 
     </span>
    </p>
   </div>
   <div class='ocr_carea' id='block_1_38' title="bbox 2260 2130 3913 2212">
    <p class='ocr_par' dir='ltr' id='par_1_38' title="bbox 2313 2130 3913 2208">
     <span class='ocr_line' id='line_1_38' title="bbox 2313 2130 3913 2208; baseline 0.002 -26"><span class='ocrx_word' id='word_1_277' title='bbox 2313 2140 2408 2182; x_wconf 89' lang='grc' dir='ltr'><strong>νῶν</strong></span> <span class='ocrx_word' id='word_1_278' title='bbox 2440 2130 2626 2190; x_wconf 85' lang='grc' dir='ltr'><em>αύτούς</em></span> <span class='ocrx_word' id='word_1_279' title='bbox 2647 2131 2881 2203; x_wconf 80' lang='grc' dir='ltr'><em>μείζονος</em></span> <span class='ocrx_word' id='word_1_280' title='bbox 2896 2136 3144 2206; x_wconf 90' lang='grc' dir='ltr'><em>τιμωρίας</em></span> <span class='ocrx_word' id='word_1_281' title='bbox 3171 2131 3364 2194; x_wconf 80' lang='grc' dir='ltr'><em>ἀξίους.</em></span> <span class='ocrx_word' id='word_1_282' title='bbox 3393 2132 3450 2184; x_wconf 89' lang='grc' dir='ltr'>Ὁ</span> <span class='ocrx_word' id='word_1_283' title='bbox 3471 2135 3572 2204; x_wconf 74' lang='grc' dir='ltr'><strong>γὰρ</strong></span> <span class='ocrx_word' id='word_1_284' title='bbox 3597 2132 3913 2208; x_wconf 80' lang='grc' dir='ltr'><em>ἀχάριστος,</em></span> 
     </span>
    </p>
   </div>
   <div class='ocr_carea' id='block_1_39' title="bbox 559 2219 2212 2299">
    <p class='ocr_par' dir='ltr' id='par_1_39' title="bbox 559 2227 2206 2299">
     <span class='ocr_line' id='line_1_39' title="bbox 559 2227 2206 2299; baseline 0.001 -15"><span class='ocrx_word' id='word_1_285' title='bbox 559 2228 892 2298; x_wconf 89' lang='lat' dir='ltr'><strong>majoribus</strong></span> <span class='ocrx_word' id='word_1_286' title='bbox 943 2227 1337 2299; x_wconf 90' lang='lat' dir='ltr'><strong>pluribusque</strong></span> <span class='ocrx_word' id='word_1_287' title='bbox 1397 2227 1654 2284; x_wconf 80' lang='lat' dir='ltr'><strong>afﬁcitur</strong></span> <span class='ocrx_word' id='word_1_288' title='bbox 1695 2228 2016 2293; x_wconf 86' lang='lat' dir='ltr'><strong>beneﬁciis,</strong></span> <span class='ocrx_word' id='word_1_289' title='bbox 2040 2233 2206 2286; x_wconf 89' lang='lat' dir='ltr'><strong>tanto</strong></span> 
     </span>
    </p>
   </div>
   <div class='ocr_carea' id='block_1_40' title="bbox 2265 2219 3918 2299">
    <p class='ocr_par' dir='ltr' id='par_1_40' title="bbox 2316 2219 3918 2294">
     <span class='ocr_line' id='line_1_40' title="bbox 2316 2219 3918 2294; baseline 0.001 -23"><span class='ocrx_word' id='word_1_290' title='bbox 2316 2221 2436 2272; x_wconf 86' lang='grc' dir='ltr'><em>ὅσον</em></span> <span class='ocrx_word' id='word_1_291' title='bbox 2507 2219 2845 2293; x_wconf 70' lang='grc' dir='ltr'><em>εύεργετεῐται</em></span> <span class='ocrx_word' id='word_1_292' title='bbox 2914 2221 3110 2292; x_wconf 76' lang='grc' dir='ltr'><em>μεῖζον,</em></span> <span class='ocrx_word' id='word_1_293' title='bbox 3165 2229 3409 2274; x_wconf 84' lang='grc' dir='ltr'><em>τοσοῦτον</em></span> <span class='ocrx_word' id='word_1_294' title='bbox 3466 2227 3662 2294; x_wconf 75' lang='grc' dir='ltr'><em>γίνεται</em></span> <span class='ocrx_word' id='word_1_295' title='bbox 3718 2223 3918 2294; x_wconf 79' lang='grc' dir='ltr'><em>μείζονι</em></span> 
     </span>
    </p>
   </div>
   <div class='ocr_carea' id='block_1_41' title="bbox 562 2307 2215 2387">
    <p class='ocr_par' dir='ltr' id='par_1_41' title="bbox 562 2316 1989 2387">
     <span class='ocr_line' id='line_1_41' title="bbox 562 2316 1989 2387; baseline -0.003 -14"><span class='ocrx_word' id='word_1_296' title='bbox 562 2319 637 2374; x_wconf 88' lang='lat' dir='ltr'><strong>ad</strong></span> <span class='ocrx_word' id='word_1_297' title='bbox 671 2316 960 2387; x_wconf 88' lang='lat' dir='ltr'><strong>majorem</strong></span> <span class='ocrx_word' id='word_1_298' title='bbox 989 2317 1535 2387; x_wconf 77' lang='lat' dir='ltr'><strong>paenamluendam</strong></span> <span class='ocrx_word' id='word_1_299' title='bbox 1564 2322 1649 2373; x_wconf 88' lang='lat' dir='ltr'><strong>est</strong></span> <span class='ocrx_word' id='word_1_300' title='bbox 1677 2317 1989 2372; x_wconf 85' lang='lat' dir='ltr'><strong>obnoxius.</strong></span> 
     </span>
    </p>
   </div>
   <div class='ocr_carea' id='block_1_42' title="bbox 1209 2307 2862 2387">
    <p class='ocr_par' dir='ltr' id='par_1_42' title="bbox 1209 2307 2862 2373">
     <span class='ocr_line' id='line_1_42' title="bbox 1209 2307 2862 2373; baseline -0.001 -2"><span class='ocrx_word' id='word_1_301' title='bbox 1209 2333 1234 2371; x_wconf 78' lang='lat'>1</span> <span class='ocrx_word' id='word_1_302' title='bbox 1250 2317 1535 2372; x_wconf 89' lang='lat' dir='ltr'><strong>luendam</strong></span> <span class='ocrx_word' id='word_1_303' title='bbox 1564 2322 1649 2373; x_wconf 88' lang='lat' dir='ltr'><strong>est</strong></span> <span class='ocrx_word' id='word_1_304' title='bbox 1677 2317 1989 2372; x_wconf 85' lang='lat' dir='ltr'><strong>obnoxius.</strong></span> <span class='ocrx_word' id='word_1_305' title='bbox 2317 2307 2526 2361; x_wconf 83' lang='grc' dir='ltr'><em>κολάσει</em></span> <span class='ocrx_word' id='word_1_306' title='bbox 2565 2310 2862 2370; x_wconf 76' lang='grc' dir='ltr'><em>ὑπεύθυνος-</em></span> 
     </span>
    </p>
   </div>
   <div class='ocr_carea' id='block_1_43' title="bbox 633 2413 2286 2495">
    <p class='ocr_par' dir='ltr' id='par_1_43' title="bbox 633 2422 2209 2495">
     <span class='ocr_line' id='line_1_43' title="bbox 633 2422 2209 2495; baseline 0.002 -19"><span class='ocrx_word' id='word_1_307' title='bbox 633 2423 802 2478; x_wconf 90' lang='lat' dir='ltr'><strong>Vers.</strong></span> <span class='ocrx_word' id='word_1_308' title='bbox 853 2427 944 2478; x_wconf 80' lang='lat' dir='ltr'><strong>3t.</strong></span> <span class='ocrx_word' id='word_1_309' title='bbox 986 2423 1073 2478; x_wconf 84' lang='lat' dir='ltr'><strong>Ila</strong></span> <span class='ocrx_word' id='word_1_310' title='bbox 1120 2426 1182 2477; x_wconf 83' lang='lat' dir='ltr'><strong>ut</strong></span> <span class='ocrx_word' id='word_1_311' title='bbox 1211 2454 1279 2463; x_wconf 93' lang='lat'><strong>—</strong></span> <span class='ocrx_word' id='word_1_312' title='bbox 1309 2422 1520 2478; x_wconf 78' lang='lat' dir='ltr'><strong>videre.</strong></span> <span class='ocrx_word' id='word_1_313' title='bbox 1562 2422 1919 2479; x_wconf 86' lang='lat' dir='ltr'><strong>Mirabantur</strong></span> <span class='ocrx_word' id='word_1_314' title='bbox 1970 2429 2209 2495; x_wconf 85' lang='lat' dir='ltr'><strong>propter</strong></span> 
     </span>
    </p>
   </div>
   <div class='ocr_carea' id='block_1_44' title="bbox 2262 2413 3915 2495">
    <p class='ocr_par' dir='ltr' id='par_1_44' title="bbox 2387 2413 3915 2488">
     <span class='ocr_line' id='line_1_44' title="bbox 2387 2413 3915 2488; baseline 0.001 -22"><span class='ocrx_word' id='word_1_315' title='bbox 2387 2413 2547 2467; x_wconf 85' lang='grc' dir='ltr'><em>Ὢστε</em></span> <span class='ocrx_word' id='word_1_316' title='bbox 2635 2446 2703 2454; x_wconf 87' lang='grc'><strong>-</strong></span> <span class='ocrx_word' id='word_1_317' title='bbox 2785 2414 3068 2486; x_wconf 81' lang='grc' dir='ltr'><em>βλέποντας</em></span> <span class='ocrx_word' id='word_1_318' title='bbox 3101 2453 3112 2465; x_wconf 93' lang='grc'><strong>.</strong></span> <span class='ocrx_word' id='word_1_319' title='bbox 3173 2415 3502 2488; x_wconf 79' lang='grc' dir='ltr'><em>Ἐθαύμαζον</em></span> <span class='ocrx_word' id='word_1_320' title='bbox 3581 2413 3674 2469; x_wconf 74' lang='grc' dir='ltr'><strong>διά</strong></span> <span class='ocrx_word' id='word_1_321' title='bbox 3738 2437 3792 2469; x_wconf 93' lang='grc' dir='ltr'><strong>τε</strong></span> <span class='ocrx_word' id='word_1_322' title='bbox 3858 2421 3915 2468; x_wconf 87' lang='grc' dir='ltr'><em>τὸ</em></span> 
     </span>
    </p>
   </div>
   <div class='ocr_carea' id='block_1_45' title="bbox 562 2501 2215 2584">
    <p class='ocr_par' dir='ltr' id='par_1_45' title="bbox 562 2511 2209 2584">
     <span class='ocr_line' id='line_1_45' title="bbox 562 2511 2209 2584; baseline -0.001 -16"><span class='ocrx_word' id='word_1_323' title='bbox 562 2527 768 2568; x_wconf 87' lang='lat' dir='ltr'><strong>eorum</strong></span> <span class='ocrx_word' id='word_1_324' title='bbox 823 2511 1267 2566; x_wconf 89' lang='lat' dir='ltr'><strong>multitudinem</strong></span> <span class='ocrx_word' id='word_1_325' title='bbox 1299 2511 1403 2584; x_wconf 89' lang='lat' dir='ltr'>qui</span> <span class='ocrx_word' id='word_1_326' title='bbox 1464 2511 1842 2577; x_wconf 90' lang='lat' dir='ltr'><strong>curabantur,</strong></span> <span class='ocrx_word' id='word_1_327' title='bbox 1876 2516 1932 2567; x_wconf 90' lang='lat' dir='ltr'><strong>et</strong></span> <span class='ocrx_word' id='word_1_328' title='bbox 1966 2517 2209 2583; x_wconf 88' lang='lat' dir='ltr'><strong>propter</strong></span> 
     </span>
    </p>
   </div>
   <div class='ocr_carea' id='block_1_46' title="bbox 2264 2501 3917 2584">
    <p class='ocr_par' dir='ltr' id='par_1_46' title="bbox 2317 2501 3917 2577">
     <span class='ocr_line' id='line_1_46' title="bbox 2317 2501 3917 2577; baseline 0 -21"><span class='ocrx_word' id='word_1_329' title='bbox 2317 2503 2509 2563; x_wconf 84' lang='grc' dir='ltr'><em>πλῆθος</em></span> <span class='ocrx_word' id='word_1_330' title='bbox 2554 2512 2651 2555; x_wconf 89' lang='grc' dir='ltr'><strong>τῶν</strong></span> <span class='ocrx_word' id='word_1_331' title='bbox 2711 2505 3139 2576; x_wconf 80' lang='grc' dir='ltr'><em>θεραπευομένων,</em></span> <span class='ocrx_word' id='word_1_332' title='bbox 3198 2508 3289 2556; x_wconf 80' lang='grc' dir='ltr'><em>καὶ</em></span> <span class='ocrx_word' id='word_1_333' title='bbox 3342 2501 3436 2556; x_wconf 83' lang='grc' dir='ltr'><em>διὰ</em></span> <span class='ocrx_word' id='word_1_334' title='bbox 3484 2508 3542 2556; x_wconf 90' lang='grc' dir='ltr'><em>τὸ</em></span> <span class='ocrx_word' id='word_1_335' title='bbox 3605 2504 3771 2577; x_wconf 84' lang='grc' dir='ltr'><em>τὰχος</em></span> <span class='ocrx_word' id='word_1_336' title='bbox 3825 2512 3917 2564; x_wconf 85' lang='grc' dir='ltr'><strong>τῆς</strong></span> 
     </span>
    </p>
   </div>
   <div class='ocr_carea' id='block_1_47' title="bbox 562 2594 2215 2664">
    <p class='ocr_par' dir='ltr' id='par_1_47' title="bbox 562 2599 1306 2656">
     <span class='ocr_line' id='line_1_47' title="bbox 562 2599 1306 2656; baseline -0.001 0"><span class='ocrx_word' id='word_1_337' title='bbox 562 2599 887 2656; x_wconf 89' lang='lat' dir='ltr'><strong>curationis</strong></span> <span class='ocrx_word' id='word_1_338' title='bbox 915 2599 1306 2656; x_wconf 87' lang='lat' dir='ltr'><strong>velocitatem.</strong></span> 
     </span>
    </p>
   </div>
   <div class='ocr_carea' id='block_1_48' title="bbox 959 2594 2612 2664">
    <p class='ocr_par' dir='ltr' id='par_1_48' title="bbox 959 2594 2612 2664">
     <span class='ocr_line' id='line_1_48' title="bbox 959 2594 2612 2664; baseline -0.005 -9"><span class='ocrx_word' id='word_1_339' title='bbox 959 2599 1306 2656; x_wconf 89' lang='lat' dir='ltr'><strong>elocitatem.</strong></span> <span class='ocrx_word' id='word_1_340' title='bbox 2322 2594 2612 2664; x_wconf 86' lang='grc' dir='ltr'><em>θεραπείας.</em></span> 
     </span>
    </p>
   </div>
   <div class='ocr_carea' id='block_1_49' title="bbox 631 2679 2284 2777">
    <p class='ocr_par' dir='ltr' id='par_1_49' title="bbox 631 2679 2276 2777">
     <span class='ocr_line' id='line_1_49' title="bbox 631 2679 2276 2777; baseline 0.002 -17"><span class='ocrx_word' id='word_1_341' title='bbox 631 2707 804 2760; x_wconf 88' lang='lat' dir='ltr'><strong>Vers.</strong></span> <span class='ocrx_word' id='word_1_342' title='bbox 831 2707 917 2762; x_wconf 88' lang='grc'><strong>31.</strong></span> <span class='ocrx_word' id='word_1_343' title='bbox 965 2707 1030 2760; x_wconf 82' lang='lat' dir='ltr'><strong>Et</strong></span> <span class='ocrx_word' id='word_1_344' title='bbox 1059 2737 1127 2745; x_wconf 96' lang='lat'>—</span> <span class='ocrx_word' id='word_1_345' title='bbox 1153 2707 1354 2762; x_wconf 82' lang='lat' dir='ltr'><strong>Israel.</strong></span> <span class='ocrx_word' id='word_1_346' title='bbox 1391 2706 1578 2761; x_wconf 90' lang='lat' dir='ltr'><strong>Deum</strong></span> <span class='ocrx_word' id='word_1_347' title='bbox 1608 2705 1795 2777; x_wconf 89' lang='lat' dir='ltr'><strong>ipsius</strong></span> <span class='ocrx_word' id='word_1_348' title='bbox 1843 2706 2046 2776; x_wconf 87' lang='lat' dir='ltr'><strong>Israel,</strong></span> <span class='ocrx_word' id='word_1_349' title='bbox 2092 2707 2208 2763; x_wconf 90' lang='lat' dir='ltr'><strong>hoc</strong></span> <span class='ocrx_word' id='word_1_350' title='bbox 2236 2679 2276 2736; x_wconf 65' lang='grc' dir='ltr'>α</span> 
     </span>
    </p>
   </div>
   <div class='ocr_carea' id='block_1_50' title="bbox 2260 2679 3913 2777">
    <p class='ocr_par' dir='ltr' id='par_1_50' title="bbox 2260 2679 3913 2774">
     <span class='ocr_line' id='line_1_50' title="bbox 2260 2679 3913 2774; baseline -0.001 -23"><span class='ocrx_word' id='word_1_351' title='bbox 2260 2679 2276 2736; x_wconf 58' lang='grc' dir='ltr'><strong><em>ἶ</em></strong></span> <span class='ocrx_word' id='word_1_352' title='bbox 2391 2703 2492 2751; x_wconf 82' lang='grc' dir='ltr'><strong>Καὶ</strong></span> <span class='ocrx_word' id='word_1_353' title='bbox 2520 2728 2586 2737; x_wconf 94' lang='grc'><strong>-</strong></span> <span class='ocrx_word' id='word_1_354' title='bbox 2618 2697 2849 2770; x_wconf 80' lang='grc' dir='ltr'><em>Ἰσραήλ.</em></span> <span class='ocrx_word' id='word_1_355' title='bbox 2876 2700 2973 2749; x_wconf 85' lang='grc' dir='ltr'><strong>Τὸν</strong></span> <span class='ocrx_word' id='word_1_356' title='bbox 2997 2699 3123 2751; x_wconf 85' lang='grc' dir='ltr'><em>Θεὸν</em></span> <span class='ocrx_word' id='word_1_357' title='bbox 3155 2699 3235 2771; x_wconf 86' lang='grc'><strong>(3)</strong></span> <span class='ocrx_word' id='word_1_358' title='bbox 3277 2697 3507 2774; x_wconf 79' lang='grc' dir='ltr'><em>Ἰσραὴλ,</em></span> <span class='ocrx_word' id='word_1_359' title='bbox 3537 2702 3792 2760; x_wconf 85' lang='grc' dir='ltr'><em>τουτέστι,</em></span> <span class='ocrx_word' id='word_1_360' title='bbox 3825 2701 3913 2750; x_wconf 88' lang='grc' dir='ltr'><em>τὸν</em></span> 
     </span>
    </p>
   </div>
   <div class='ocr_carea' id='block_1_51' title="bbox 562 2785 2215 2865">
    <p class='ocr_par' dir='ltr' id='par_1_51' title="bbox 562 2794 1581 2865">
     <span class='ocr_line' id='line_1_51' title="bbox 562 2794 1581 2865; baseline 0.002 -15"><span class='ocrx_word' id='word_1_361' title='bbox 562 2798 671 2860; x_wconf 90' lang='lat' dir='ltr'><strong>est,</strong></span> <span class='ocrx_word' id='word_1_362' title='bbox 704 2794 808 2865; x_wconf 91' lang='lat' dir='ltr'><strong>qui</strong></span> <span class='ocrx_word' id='word_1_363' title='bbox 838 2794 915 2849; x_wconf 90' lang='lat' dir='ltr'><strong>ab</strong></span> <span class='ocrx_word' id='word_1_364' title='bbox 947 2794 1223 2850; x_wconf 89' lang='lat' dir='ltr'><strong>Israelitis</strong></span> <span class='ocrx_word' id='word_1_365' title='bbox 1256 2794 1581 2852; x_wconf 86' lang='lat' dir='ltr'><strong>colebatur.</strong></span> 
     </span>
    </p>
   </div>
   <div class='ocr_carea' id='block_1_52' title="bbox 1590 2785 3243 2865">
    <p class='ocr_par' dir='ltr' id='par_1_52' title="bbox 2317 2785 3243 2860">
     <span class='ocr_line' id='line_1_52' title="bbox 2317 2785 3243 2860; baseline 0 -22"><span class='ocrx_word' id='word_1_366' title='bbox 2317 2791 2600 2858; x_wconf 84' lang='grc' dir='ltr'><em>τιμώμενον</em></span> <span class='ocrx_word' id='word_1_367' title='bbox 2630 2787 2730 2837; x_wconf 81' lang='grc' dir='ltr'><strong>ὑπό</strong></span> <span class='ocrx_word' id='word_1_368' title='bbox 2759 2793 2860 2837; x_wconf 90' lang='grc' dir='ltr'><strong>τῶν</strong></span> <span class='ocrx_word' id='word_1_369' title='bbox 2890 2785 3243 2860; x_wconf 88' lang='grc' dir='ltr'><em>Ἰσραηλιτῶν.</em></span> 
     </span>
    </p>
   </div>
   <div class='ocr_carea' id='block_1_53' title="bbox 886 2899 2539 2987">
    <p class='ocr_par' dir='ltr' id='par_1_53' title="bbox 886 2917 1892 2987">
     <span class='ocr_line' id='line_1_53' title="bbox 886 2917 1892 2987; baseline -0.001 -14"><span class='ocrx_word' id='word_1_370' title='bbox 886 2917 1041 2973; x_wconf 81' lang='lat' dir='ltr'><strong>CAP.</strong></span> <span class='ocrx_word' id='word_1_371' title='bbox 1071 2917 1236 2973; x_wconf 83' lang='lat' dir='ltr'><strong>XXXI</strong></span> <span class='ocrx_word' id='word_1_372' title='bbox 1266 2918 1354 2973; x_wconf 87' lang='lat' dir='ltr'><strong>De</strong></span> <span class='ocrx_word' id='word_1_373' title='bbox 1377 2924 1593 2986; x_wconf 75' lang='lat' dir='ltr'><strong>septem</strong></span> <span class='ocrx_word' id='word_1_374' title='bbox 1621 2919 1892 2987; x_wconf 77' lang='lat' dir='ltr'><strong>panibus.</strong></span> 
     </span>
    </p>
   </div>
   <div class='ocr_carea' id='block_1_54' title="bbox 1933 2899 3586 2987">
    <p class='ocr_par' dir='ltr' id='par_1_54' title="bbox 2640 2899 3586 2976">
     <span class='ocr_line' id='line_1_54' title="bbox 2640 2899 3586 2976; baseline 0 -22"><span class='ocrx_word' id='word_1_375' title='bbox 2640 2906 2783 2954; x_wconf 78' lang='grc' dir='ltr'><strong>ΚΕΦ.</strong></span> <span class='ocrx_word' id='word_1_376' title='bbox 2819 2899 2946 2954; x_wconf 85' lang='grc' dir='ltr'><strong>ΛΑ’·</strong></span> <span class='ocrx_word' id='word_1_377' title='bbox 2976 2906 3100 2974; x_wconf 79' lang='grc' dir='ltr'><em>Περὶ</em></span> <span class='ocrx_word' id='word_1_378' title='bbox 3124 2909 3222 2954; x_wconf 88' lang='grc' dir='ltr'><strong>τῶν</strong></span> <span class='ocrx_word' id='word_1_379' title='bbox 3253 2901 3380 2954; x_wconf 81' lang='grc' dir='ltr'><em>ἑπτὰ</em></span> <span class='ocrx_word' id='word_1_380' title='bbox 3402 2902 3586 2976; x_wconf 80' lang='grc' dir='ltr'><em>ἄρτων.</em></span> 
     </span>
    </p>
   </div>
   <div class='ocr_carea' id='block_1_55' title="bbox 637 3015 2290 3097">
    <p class='ocr_par' dir='ltr' id='par_1_55' title="bbox 637 3024 2287 3097">
     <span class='ocr_line' id='line_1_55' title="bbox 637 3024 2287 3097; baseline 0.002 -20"><span class='ocrx_word' id='word_1_381' title='bbox 637 3027 792 3079; x_wconf 89' lang='lat' dir='ltr'><strong>Vers.</strong></span> <span class='ocrx_word' id='word_1_382' title='bbox 837 3027 922 3078; x_wconf 83' lang='lat'><strong>32.</strong></span> <span class='ocrx_word' id='word_1_383' title='bbox 977 3024 1145 3079; x_wconf 85' lang='lat' dir='ltr'><strong>Jesus</strong></span> <span class='ocrx_word' id='word_1_384' title='bbox 1200 3029 1394 3080; x_wconf 83' lang='lat' dir='ltr'><strong>autem</strong></span> <span class='ocrx_word' id='word_1_385' title='bbox 1425 3054 1494 3063; x_wconf 89' lang='lat'><strong><em>—</em></strong></span> <span class='ocrx_word' id='word_1_386' title='bbox 1535 3024 1732 3080; x_wconf 84' lang='lat' dir='ltr'><strong>edant.</strong></span> <span class='ocrx_word' id='word_1_387' title='bbox 1762 3025 1894 3080; x_wconf 92' lang='lat' dir='ltr'><strong>Dies</strong></span> <span class='ocrx_word' id='word_1_388' title='bbox 1933 3030 2066 3091; x_wconf 91' lang='lat' dir='ltr'><strong>tres,</strong></span> <span class='ocrx_word' id='word_1_389' title='bbox 2099 3041 2210 3097; x_wconf 91' lang='lat' dir='ltr'><strong>pro</strong></span> <span class='ocrx_word' id='word_1_390' title='bbox 2256 3086 2287 3097; x_wconf 28' lang='grc'><em>,-</em></span> 
     </span>
    </p>
   </div>
   <div class='ocr_carea' id='block_1_56' title="bbox 2259 3015 3912 3097">
    <p class='ocr_par' dir='ltr' id='par_1_56' title="bbox 2259 3015 3912 3097">
     <span class='ocr_line' id='line_1_56' title="bbox 2259 3015 3912 3097; baseline -0.001 -30"><span class='ocrx_word' id='word_1_391' title='bbox 2259 3086 2266 3097; x_wconf 33' lang='grc' dir='ltr'><em>Υ</em></span> <span class='ocrx_word' id='word_1_392' title='bbox 2387 3015 2446 3067; x_wconf 87' lang='grc' dir='ltr'>Ὁ</span> <span class='ocrx_word' id='word_1_393' title='bbox 2479 3046 2548 3056; x_wconf 96' lang='lat'><strong>—</strong></span> <span class='ocrx_word' id='word_1_394' title='bbox 2575 3017 2831 3088; x_wconf 72' lang='grc' dir='ltr'><em>φάγωσιν.</em></span> <span class='ocrx_word' id='word_1_395' title='bbox 2864 3016 3081 3088; x_wconf 85' lang='grc' dir='ltr'><em>Ἠμέραι</em></span> <span class='ocrx_word' id='word_1_396' title='bbox 3109 3017 3184 3087; x_wconf 80' lang='grc'><strong>(4)</strong></span> <span class='ocrx_word' id='word_1_397' title='bbox 3215 3025 3372 3089; x_wconf 83' lang='grc' dir='ltr'><em>τρεῖς,</em></span> <span class='ocrx_word' id='word_1_398' title='bbox 3406 3019 3521 3068; x_wconf 83' lang='grc' dir='ltr'><em>ἀντὶ</em></span> <span class='ocrx_word' id='word_1_399' title='bbox 3555 3022 3667 3084; x_wconf 82' lang='grc' dir='ltr'><em>τοῦ,</em></span> <span class='ocrx_word' id='word_1_400' title='bbox 3697 3016 3912 3088; x_wconf 79' lang='grc' dir='ltr'><em>ἡμέραις</em></span> 
     </span>
    </p>
   </div>
   <div class='ocr_carea' id='block_1_57' title="bbox 561 3086 2214 3185">
    <p class='ocr_par' dir='ltr' id='par_1_57' title="bbox 561 3086 2212 3185">
     <span class='ocr_line' id='line_1_57' title="bbox 561 3086 2212 3185; baseline 0.001 -17"><span class='ocrx_word' id='word_1_401' title='bbox 561 3112 775 3168; x_wconf 89' lang='lat' dir='ltr'><strong>diebus</strong></span> <span class='ocrx_word' id='word_1_402' title='bbox 805 3111 1014 3166; x_wconf 89' lang='lat' dir='ltr'><strong>tribus.</strong></span> <span class='ocrx_word' id='word_1_403' title='bbox 1039 3111 1408 3167; x_wconf 85' lang='lat' dir='ltr'><strong>Admiranda</strong></span> <span class='ocrx_word' id='word_1_404' title='bbox 1431 3115 1558 3167; x_wconf 90' lang='lat' dir='ltr'><strong>erat</strong></span> <span class='ocrx_word' id='word_1_405' title='bbox 1587 3118 1748 3169; x_wconf 90' lang='lat' dir='ltr'><strong>tanta</strong></span> <span class='ocrx_word' id='word_1_406' title='bbox 1801 3113 1985 3169; x_wconf 78' lang='lat' dir='ltr'><strong>turbae</strong></span> <span class='ocrx_word' id='word_1_407' title='bbox 2011 3086 2212 3185; x_wconf 70' lang='lat' dir='ltr'><strong>perse-</strong></span> 
     </span>
    </p>
   </div>
   <div class='ocr_carea' id='block_1_58' title="bbox 2252 3086 3905 3185">
    <p class='ocr_par' dir='ltr' id='par_1_58' title="bbox 2256 3086 3905 3177">
     <span class='ocr_line' id='line_1_58' title="bbox 2256 3086 3905 3177; baseline -0.001 -21"><span class='ocrx_word' id='word_1_408' title='bbox 2256 3086 2290 3134; x_wconf 46' lang='grc' dir='ltr'><strong>ἶν’</strong></span> <span class='ocrx_word' id='word_1_409' title='bbox 2320 3124 2481 3177; x_wconf 87' lang='grc' dir='ltr'><em>τρισι.</em></span> <span class='ocrx_word' id='word_1_410' title='bbox 2533 3108 2826 3175; x_wconf 86' lang='grc' dir='ltr'><em>Θαυμαστὴ</em></span> <span class='ocrx_word' id='word_1_411' title='bbox 2858 3100 2916 3156; x_wconf 73' lang='grc' dir='ltr'><em>δὲ</em></span> <span class='ocrx_word' id='word_1_412' title='bbox 2953 3106 2983 3162; x_wconf 85' lang='grc' dir='ltr'><strong>ἡ</strong></span> <span class='ocrx_word' id='word_1_413' title='bbox 3017 3107 3246 3162; x_wconf 77' lang='grc' dir='ltr'><em>τοσαύτη</em></span> <span class='ocrx_word' id='word_1_414' title='bbox 3289 3112 3380 3156; x_wconf 83' lang='grc' dir='ltr'><strong>τοῦ</strong></span> <span class='ocrx_word' id='word_1_415' title='bbox 3426 3104 3587 3175; x_wconf 63' lang='grc' dir='ltr'><em>ὄχλου</em></span> <span class='ocrx_word' id='word_1_416' title='bbox 3633 3107 3905 3175; x_wconf 78' lang='grc' dir='ltr'><em>καρτερία.</em></span> 
     </span>
    </p>
   </div>
   <div class='ocr_carea' id='block_1_59' title="bbox 561 3189 2214 3270">
    <p class='ocr_par' dir='ltr' id='par_1_59' title="bbox 561 3200 2213 3270">
     <span class='ocr_line' id='line_1_59' title="bbox 561 3200 2213 3270; baseline 0.001 -14"><span class='ocrx_word' id='word_1_417' title='bbox 561 3200 844 3257; x_wconf 88' lang='lat' dir='ltr'><strong>verantia.</strong></span> <span class='ocrx_word' id='word_1_418' title='bbox 868 3201 1058 3264; x_wconf 86' lang='lat' dir='ltr'><strong>Quare</strong></span> <span class='ocrx_word' id='word_1_419' title='bbox 1085 3205 1284 3256; x_wconf 88' lang='lat' dir='ltr'><strong>autem</strong></span> <span class='ocrx_word' id='word_1_420' title='bbox 1324 3205 1517 3255; x_wconf 87' lang='lat' dir='ltr'><strong>tacent</strong></span> <span class='ocrx_word' id='word_1_421' title='bbox 1540 3200 1835 3270; x_wconf 88' lang='lat' dir='ltr'><strong>discipuli.</strong></span> <span class='ocrx_word' id='word_1_422' title='bbox 1868 3218 1977 3256; x_wconf 92' lang='lat' dir='ltr'><strong>nec</strong></span> <span class='ocrx_word' id='word_1_423' title='bbox 2007 3202 2213 3258; x_wconf 87' lang='lat' dir='ltr'><strong>dicunt</strong></span> 
     </span>
    </p>
   </div>
   <div class='ocr_carea' id='block_1_60' title="bbox 2262 3189 3915 3270">
    <p class='ocr_par' dir='ltr' id='par_1_60' title="bbox 2320 3189 3915 3264">
     <span class='ocr_line' id='line_1_60' title="bbox 2320 3189 3915 3264; baseline -0.002 -19"><span class='ocrx_word' id='word_1_424' title='bbox 2320 3197 2468 3246; x_wconf 90' lang='grc' dir='ltr'><em>Διατί</em></span> <span class='ocrx_word' id='word_1_425' title='bbox 2499 3189 2558 3244; x_wconf 80' lang='grc' dir='ltr'><strong>δε</strong></span> <span class='ocrx_word' id='word_1_426' title='bbox 2605 3200 2824 3263; x_wconf 74' lang='grc' dir='ltr'><em>σιγῶσιν</em></span> <span class='ocrx_word' id='word_1_427' title='bbox 2863 3195 2911 3244; x_wconf 89' lang='grc' dir='ltr'>οἱ</span> <span class='ocrx_word' id='word_1_428' title='bbox 2949 3195 3201 3264; x_wconf 85' lang='grc' dir='ltr'><em>μαθηταὶ,</em></span> <span class='ocrx_word' id='word_1_429' title='bbox 3235 3196 3323 3242; x_wconf 84' lang='grc' dir='ltr'><em>καὶ</em></span> <span class='ocrx_word' id='word_1_430' title='bbox 3379 3191 3501 3262; x_wconf 75' lang='grc' dir='ltr'><em>οὐχ,</em></span> <span class='ocrx_word' id='word_1_431' title='bbox 3544 3195 3608 3251; x_wconf 85' lang='grc' dir='ltr'><strong>ως</strong></span> <span class='ocrx_word' id='word_1_432' title='bbox 3645 3196 3915 3264; x_wconf 88' lang='grc' dir='ltr'><em>πρότερον,</em></span> 
     </span>
    </p>
   </div>
   <div class='ocr_carea' id='block_1_61' title="bbox 560 3280 2213 3362">
    <p class='ocr_par' dir='ltr' id='par_1_61' title="bbox 560 3287 2212 3362">
     <span class='ocr_line' id='line_1_61' title="bbox 560 3287 2212 3362; baseline 0.001 -18"><span class='ocrx_word' id='word_1_433' title='bbox 560 3294 625 3344; x_wconf 93' lang='lat' dir='ltr'><strong>ut</strong></span> <span class='ocrx_word' id='word_1_434' title='bbox 653 3288 843 3360; x_wconf 89' lang='lat' dir='ltr'><strong>prius.</strong></span> <span class='ocrx_word' id='word_1_435' title='bbox 871 3288 1107 3344; x_wconf 73' lang='lat' dir='ltr'><strong>Dimitte</strong></span> <span class='ocrx_word' id='word_1_436' title='bbox 1159 3287 1376 3357; x_wconf 83' lang='lat' dir='ltr'><strong>turbas,</strong></span> <span class='ocrx_word' id='word_1_437' title='bbox 1419 3288 1600 3360; x_wconf 89' lang='lat' dir='ltr'><strong>idque</strong></span> <span class='ocrx_word' id='word_1_438' title='bbox 1623 3290 1808 3345; x_wconf 89' lang='lat' dir='ltr'><strong>tribus</strong></span> <span class='ocrx_word' id='word_1_439' title='bbox 1839 3291 1966 3361; x_wconf 91' lang='lat' dir='ltr'><strong>jam</strong></span> <span class='ocrx_word' id='word_1_440' title='bbox 1996 3291 2212 3362; x_wconf 89' lang='lat' dir='ltr'><strong>elapsis</strong></span> 
     </span>
    </p>
   </div>
   <div class='ocr_carea' id='block_1_62' title="bbox 2264 3280 3917 3362">
    <p class='ocr_par' dir='ltr' id='par_1_62' title="bbox 2319 3280 3917 3353">
     <span class='ocr_line' id='line_1_62' title="bbox 2319 3280 3917 3353; baseline -0.001 -21"><span class='ocrx_word' id='word_1_441' title='bbox 2319 3281 2578 3352; x_wconf 68' lang='grc' dir='ltr'><em>λέγουσιν’</em></span> <span class='ocrx_word' id='word_1_442' title='bbox 2614 3280 2900 3333; x_wconf 84' lang='grc' dir='ltr'><em>Ἀπόλυσον</em></span> <span class='ocrx_word' id='word_1_443' title='bbox 2935 3285 3032 3333; x_wconf 79' lang='grc' dir='ltr'><em>’τὸν</em></span> <span class='ocrx_word' id='word_1_444' title='bbox 3063 3280 3238 3352; x_wconf 78' lang='grc' dir='ltr'><em>ὄχλον,</em></span> <span class='ocrx_word' id='word_1_445' title='bbox 3275 3284 3364 3332; x_wconf 87' lang='grc' dir='ltr'><em>καὶ</em></span> <span class='ocrx_word' id='word_1_446' title='bbox 3393 3288 3561 3331; x_wconf 80' lang='grc' dir='ltr'><em>ταῦτα</em></span> <span class='ocrx_word' id='word_1_447' title='bbox 3589 3287 3744 3352; x_wconf 85' lang='grc' dir='ltr'><em>τριῶν</em></span> <span class='ocrx_word' id='word_1_448' title='bbox 3774 3299 3917 3353; x_wconf 88' lang='grc' dir='ltr'><em>παρ-</em></span> 
     </span>
    </p>
   </div>
   <div class='ocr_carea' id='block_1_63' title="bbox 559 3369 2212 3448">
    <p class='ocr_par' dir='ltr' id='par_1_63' title="bbox 559 3375 2212 3448">
     <span class='ocr_line' id='line_1_63' title="bbox 559 3375 2212 3448; baseline 0.002 -16"><span class='ocrx_word' id='word_1_449' title='bbox 559 3377 771 3433; x_wconf 90' lang='lat' dir='ltr'><strong>diebus</strong></span> <span class='ocrx_word' id='word_1_450' title='bbox 801 3377 828 3432; x_wconf 67' lang='grc' dir='ltr'><strong>’ἶ</strong></span> <span class='ocrx_word' id='word_1_451' title='bbox 860 3378 1012 3442; x_wconf 89' lang='lat' dir='ltr'><strong>Quia</strong></span> <span class='ocrx_word' id='word_1_452' title='bbox 1026 3376 1308 3432; x_wconf 87' lang='lat' dir='ltr'><strong>videbant</strong></span> <span class='ocrx_word' id='word_1_453' title='bbox 1329 3375 1463 3431; x_wconf 91' lang='lat' dir='ltr'><strong>illos</strong></span> <span class='ocrx_word' id='word_1_454' title='bbox 1496 3383 1943 3448; x_wconf 76' lang='lat' dir='ltr'><strong>perseverantes</strong></span> <span class='ocrx_word' id='word_1_455' title='bbox 1971 3395 2040 3435; x_wconf 90' lang='lat' dir='ltr'><strong>ac</strong></span> <span class='ocrx_word' id='word_1_456' title='bbox 2071 3395 2212 3448; x_wconf 84' lang='lat' dir='ltr'><strong>gau-</strong></span> 
     </span>
    </p>
   </div>
   <div class='ocr_carea' id='block_1_64' title="bbox 2268 3369 3921 3448">
    <p class='ocr_par' dir='ltr' id='par_1_64' title="bbox 2322 3369 3921 3442">
     <span class='ocr_line' id='line_1_64' title="bbox 2322 3369 3921 3442; baseline -0.001 -21"><span class='ocrx_word' id='word_1_457' title='bbox 2322 3369 2576 3421; x_wconf 86' lang='grc' dir='ltr'><em>ελθουσῶν</em></span> <span class='ocrx_word' id='word_1_458' title='bbox 2593 3371 2794 3442; x_wconf 79' lang='grc' dir='ltr'><em>ἡμερῶν</em></span> <span class='ocrx_word' id='word_1_459' title='bbox 2820 3387 2832 3437; x_wconf 92' lang='grc'>;</span> <span class='ocrx_word' id='word_1_460' title='bbox 2863 3374 3003 3422; x_wconf 84' lang='grc' dir='ltr'><em>Διὸτι</em></span> <span class='ocrx_word' id='word_1_461' title='bbox 3023 3369 3227 3422; x_wconf 81' lang='grc' dir='ltr'><em>ἔϐλεπον</em></span> <span class='ocrx_word' id='word_1_462' title='bbox 3258 3373 3378 3431; x_wconf 84' lang='grc' dir='ltr'><em>τοὺς</em></span> <span class='ocrx_word' id='word_1_463' title='bbox 3405 3375 3921 3442; x_wconf 85' lang='grc' dir='ltr'><em>προσκαρτεροῦντας</em></span> 
     </span>
    </p>
   </div>
   <div class='ocr_carea' id='block_1_65' title="bbox 561 3456 2214 3536">
    <p class='ocr_par' dir='ltr' id='par_1_65' title="bbox 561 3463 2213 3536">
     <span class='ocr_line' id='line_1_65' title="bbox 561 3463 2213 3536; baseline 0.001 -15"><span class='ocrx_word' id='word_1_464' title='bbox 561 3465 768 3521; x_wconf 90' lang='lat' dir='ltr'><strong>dentes</strong></span> <span class='ocrx_word' id='word_1_465' title='bbox 791 3481 969 3536; x_wconf 91' lang='lat' dir='ltr'><strong>super</strong></span> <span class='ocrx_word' id='word_1_466' title='bbox 995 3463 1348 3521; x_wconf 87' lang='lat' dir='ltr'><strong>sanitatibus</strong></span> <span class='ocrx_word' id='word_1_467' title='bbox 1385 3464 1786 3530; x_wconf 87' lang='lat' dir='ltr'><strong>inﬁrmorum,</strong></span> <span class='ocrx_word' id='word_1_468' title='bbox 1841 3482 1951 3523; x_wconf 92' lang='lat' dir='ltr'><strong>nec</strong></span> <span class='ocrx_word' id='word_1_469' title='bbox 1989 3467 2213 3522; x_wconf 89' lang='lat' dir='ltr'><strong>famem</strong></span> 
     </span>
    </p>
   </div>
   <div class='ocr_carea' id='block_1_66' title="bbox 2270 3456 3923 3536">
    <p class='ocr_par' dir='ltr' id='par_1_66' title="bbox 2321 3456 3923 3533">
     <span class='ocr_line' id='line_1_66' title="bbox 2321 3456 3923 3533; baseline 0.001 -25"><span class='ocrx_word' id='word_1_470' title='bbox 2321 3462 2604 3530; x_wconf 88' lang='grc' dir='ltr'><em>χαίροντας</em></span> <span class='ocrx_word' id='word_1_471' title='bbox 2642 3457 2726 3510; x_wconf 78' lang='grc' dir='ltr'><em>ἐπὶ</em></span> <span class='ocrx_word' id='word_1_472' title='bbox 2772 3465 2888 3520; x_wconf 87' lang='grc' dir='ltr'><em>ταῖς</em></span> <span class='ocrx_word' id='word_1_473' title='bbox 2919 3457 3245 3533; x_wconf 78' lang='grc' dir='ltr'><em>ἀναῤῥώσεσι</em></span> <span class='ocrx_word' id='word_1_474' title='bbox 3273 3466 3374 3510; x_wconf 89' lang='grc' dir='ltr'><strong>τῶν</strong></span> <span class='ocrx_word' id='word_1_475' title='bbox 3427 3456 3790 3524; x_wconf 82' lang='grc' dir='ltr'><em>ἀσθενούντων,</em></span> <span class='ocrx_word' id='word_1_476' title='bbox 3832 3477 3923 3511; x_wconf 87' lang='grc' dir='ltr'><strong>και</strong></span> 
     </span>
    </p>
   </div>
   <div class='ocr_carea' id='block_1_67' title="bbox 558 3543 2211 3624">
    <p class='ocr_par' dir='ltr' id='par_1_67' title="bbox 558 3552 1154 3624">
     <span class='ocr_line' id='line_1_67' title="bbox 558 3552 1154 3624; baseline -0.003 -15"><span class='ocrx_word' id='word_1_477' title='bbox 558 3554 790 3624; x_wconf 88' lang='lat' dir='ltr'><strong>penitus</strong></span> <span class='ocrx_word' id='word_1_478' title='bbox 821 3552 1154 3607; x_wconf 89' lang='lat' dir='ltr'><strong>sentientes.</strong></span> 
     </span>
    </p>
   </div>
   <div class='ocr_carea' id='block_1_68' title="bbox 1577 3543 3230 3624">
    <p class='ocr_par' dir='ltr' id='par_1_68' title="bbox 2322 3543 3230 3619">
     <span class='ocr_line' id='line_1_68' title="bbox 2322 3543 3230 3619; baseline 0.002 -22"><span class='ocrx_word' id='word_1_479' title='bbox 2322 3543 2436 3597; x_wconf 69' lang='grc' dir='ltr'><em>οὐδ’</em></span> <span class='ocrx_word' id='word_1_480' title='bbox 2475 3546 2604 3608; x_wconf 82' lang='grc' dir='ltr'><em>ὅλως</em></span> <span class='ocrx_word' id='word_1_481' title='bbox 2633 3547 3032 3618; x_wconf 83' lang='grc' dir='ltr'><em>αἰσθανομένους</em></span> <span class='ocrx_word' id='word_1_482' title='bbox 3058 3546 3230 3619; x_wconf 84' lang='grc' dir='ltr'><em>λιμοῦ.</em></span> 
     </span>
    </p>
   </div>
   <div class='ocr_carea' id='block_1_69' title="bbox 633 3640 2286 3725">
    <p class='ocr_par' dir='ltr' id='par_1_69' title="bbox 633 3640 2214 3713">
     <span class='ocr_line' id='line_1_69' title="bbox 633 3640 2214 3713; baseline 0.003 -18"><span class='ocrx_word' id='word_1_483' title='bbox 633 3640 915 3695; x_wconf 83' lang='lat' dir='ltr'><strong>Fortassis</strong></span> <span class='ocrx_word' id='word_1_484' title='bbox 937 3645 1132 3695; x_wconf 89' lang='lat' dir='ltr'><strong>autem</strong></span> <span class='ocrx_word' id='word_1_485' title='bbox 1165 3645 1221 3696; x_wconf 91' lang='lat' dir='ltr'><strong>et</strong></span> <span class='ocrx_word' id='word_1_486' title='bbox 1246 3641 1323 3696; x_wconf 91' lang='lat' dir='ltr'><strong>ad</strong></span> <span class='ocrx_word' id='word_1_487' title='bbox 1354 3642 1591 3696; x_wconf 86' lang='lat' dir='ltr'><strong>tertium</strong></span> <span class='ocrx_word' id='word_1_488' title='bbox 1632 3659 1818 3713; x_wconf 90' lang='lat' dir='ltr'><strong>usque</strong></span> <span class='ocrx_word' id='word_1_489' title='bbox 1849 3643 2006 3699; x_wconf 89' lang='lat' dir='ltr'><strong>diem</strong></span> <span class='ocrx_word' id='word_1_490' title='bbox 2048 3661 2214 3700; x_wconf 90' lang='lat' dir='ltr'><strong>escas</strong></span> 
     </span>
    </p>
   </div>
   <div class='ocr_carea' id='block_1_70' title="bbox 2265 3640 3918 3725">
    <p class='ocr_par' dir='ltr' id='par_1_70' title="bbox 2394 3648 3918 3725">
     <span class='ocr_line' id='line_1_70' title="bbox 2394 3648 3918 3725; baseline 0 -21"><span class='ocrx_word' id='word_1_491' title='bbox 2394 3651 2550 3713; x_wconf 86' lang='grc' dir='ltr'><em>Ἴσως</em></span> <span class='ocrx_word' id='word_1_492' title='bbox 2599 3648 2658 3704; x_wconf 76' lang='grc' dir='ltr'><em>δὲ</em></span> <span class='ocrx_word' id='word_1_493' title='bbox 2696 3657 2784 3704; x_wconf 86' lang='grc' dir='ltr'><em>καὶ</em></span> <span class='ocrx_word' id='word_1_494' title='bbox 2837 3655 3000 3725; x_wconf 76' lang='grc' dir='ltr'><em>μέχρι</em></span> <span class='ocrx_word' id='word_1_495' title='bbox 3051 3661 3143 3712; x_wconf 86' lang='grc' dir='ltr'><strong>τῆς</strong></span> <span class='ocrx_word' id='word_1_496' title='bbox 3174 3656 3351 3723; x_wconf 87' lang='grc' dir='ltr'><em>τρίτης</em></span> <span class='ocrx_word' id='word_1_497' title='bbox 3393 3653 3589 3724; x_wconf 79' lang='grc' dir='ltr'><em>ἡμέρας</em></span> <span class='ocrx_word' id='word_1_498' title='bbox 3620 3659 3762 3723; x_wconf 82' lang='grc' dir='ltr'><em>εἰχον</em></span> <span class='ocrx_word' id='word_1_499' title='bbox 3807 3651 3918 3724; x_wconf 82' lang='grc' dir='ltr'><strong>ἐφό-</strong></span> 
     </span>
    </p>
   </div>
   <div class='ocr_carea' id='block_1_71' title="bbox 559 3728 2212 3812">
    <p class='ocr_par' dir='ltr' id='par_1_71' title="bbox 559 3728 2212 3790">
     <span class='ocr_line' id='line_1_71' title="bbox 559 3728 2212 3790; baseline 0.004 -6"><span class='ocrx_word' id='word_1_500' title='bbox 559 3728 890 3784; x_wconf 89' lang='lat' dir='ltr'><strong>detulerant</strong></span> <span class='ocrx_word' id='word_1_501' title='bbox 926 3747 938 3784; x_wconf 94' lang='lat'>:</span> <span class='ocrx_word' id='word_1_502' title='bbox 965 3729 1100 3784; x_wconf 90' lang='lat' dir='ltr'><strong>ideo</strong></span> <span class='ocrx_word' id='word_1_503' title='bbox 1129 3733 1269 3785; x_wconf 91' lang='lat' dir='ltr'><strong>tunc</strong></span> <span class='ocrx_word' id='word_1_504' title='bbox 1291 3731 1532 3785; x_wconf 85' lang='lat' dir='ltr'><strong>demum</strong></span> <span class='ocrx_word' id='word_1_505' title='bbox 1561 3732 1638 3786; x_wconf 90' lang='lat' dir='ltr'><strong>ad</strong></span> <span class='ocrx_word' id='word_1_506' title='bbox 1669 3731 2019 3788; x_wconf 83' lang='lat' dir='ltr'><strong>miraculum</strong></span> <span class='ocrx_word' id='word_1_507' title='bbox 2052 3750 2212 3790; x_wconf 89' lang='lat' dir='ltr'><strong>acce-</strong></span> 
     </span>
    </p>
   </div>
   <div class='ocr_carea' id='block_1_72' title="bbox 2270 3728 3923 3812">
    <p class='ocr_par' dir='ltr' id='par_1_72' title="bbox 2270 3737 3923 3812">
     <span class='ocr_line' id='line_1_72' title="bbox 2270 3737 3923 3812; baseline 0 -20"><span class='ocrx_word' id='word_1_508' title='bbox 2270 3808 2281 3812; x_wconf 19' lang='grc' dir='ltr'><strong>μ</strong></span> <span class='ocrx_word' id='word_1_509' title='bbox 2325 3737 2441 3796; x_wconf 85' lang='grc' dir='ltr'><em>δια.</em></span> <span class='ocrx_word' id='word_1_510' title='bbox 2501 3745 2587 3792; x_wconf 87' lang='grc' dir='ltr'><strong>Διὸ</strong></span> <span class='ocrx_word' id='word_1_511' title='bbox 2641 3745 2728 3793; x_wconf 83' lang='grc' dir='ltr'><em>καὶ</em></span> <span class='ocrx_word' id='word_1_512' title='bbox 2776 3745 2887 3792; x_wconf 83' lang='grc' dir='ltr'><em>τότε</em></span> <span class='ocrx_word' id='word_1_513' title='bbox 2926 3739 3102 3791; x_wconf 87' lang='grc' dir='ltr'><em>λοιπὸν</em></span> <span class='ocrx_word' id='word_1_514' title='bbox 3156 3739 3236 3791; x_wconf 80' lang='grc' dir='ltr'><strong>ἐπὶ</strong></span> <span class='ocrx_word' id='word_1_515' title='bbox 3269 3743 3325 3791; x_wconf 87' lang='grc' dir='ltr'><em>τὸ</em></span> <span class='ocrx_word' id='word_1_516' title='bbox 3373 3742 3548 3812; x_wconf 71' lang='grc' dir='ltr'><em>θαῦμα</em></span> <span class='ocrx_word' id='word_1_517' title='bbox 3575 3743 3810 3812; x_wconf 83' lang='grc' dir='ltr'><em>ἔρχεται,</em></span> <span class='ocrx_word' id='word_1_518' title='bbox 3843 3742 3923 3792; x_wconf 87' lang='grc' dir='ltr'><em>ὅτε</em></span> 
     </span>
    </p>
   </div>
   <div class='ocr_carea' id='block_1_73' title="bbox 561 3808 2214 3903">
    <p class='ocr_par' dir='ltr' id='par_1_73' title="bbox 561 3818 2211 3890">
     <span class='ocr_line' id='line_1_73' title="bbox 561 3818 2211 3890; baseline 0.001 -16"><span class='ocrx_word' id='word_1_519' title='bbox 561 3818 665 3884; x_wconf 91' lang='lat' dir='ltr'><strong>dit,</strong></span> <span class='ocrx_word' id='word_1_520' title='bbox 697 3819 944 3890; x_wconf 87' lang='lat' dir='ltr'><strong>quando</strong></span> <span class='ocrx_word' id='word_1_521' title='bbox 976 3819 1035 3873; x_wconf 89' lang='lat' dir='ltr'><strong>in</strong></span> <span class='ocrx_word' id='word_1_522' title='bbox 1067 3820 1333 3875; x_wconf 88' lang='lat' dir='ltr'><strong>ciborum</strong></span> <span class='ocrx_word' id='word_1_523' title='bbox 1369 3820 1692 3889; x_wconf 83' lang='lat' dir='ltr'><strong>indigentia</strong></span> <span class='ocrx_word' id='word_1_524' title='bbox 1720 3824 2021 3877; x_wconf 86' lang='lat' dir='ltr'><strong>constituti</strong></span> <span class='ocrx_word' id='word_1_525' title='bbox 2055 3829 2211 3878; x_wconf 90' lang='lat' dir='ltr'><strong>sunt.</strong></span> 
     </span>
    </p>
   </div>
   <div class='ocr_carea' id='block_1_74' title="bbox 2269 3808 3922 3903">
    <p class='ocr_par' dir='ltr' id='par_1_74' title="bbox 2269 3808 3922 3903">
     <span class='ocr_line' id='line_1_74' title="bbox 2269 3808 3922 3903; baseline -0.002 -22"><span class='ocrx_word' id='word_1_526' title='bbox 2269 3808 2652 3887; x_wconf 72' lang='grc' dir='ltr'><em>)κατεστησαν</em></span> <span class='ocrx_word' id='word_1_527' title='bbox 2703 3831 2751 3881; x_wconf 86' lang='grc' dir='ltr'><strong>ἐν</strong></span> <span class='ocrx_word' id='word_1_528' title='bbox 2805 3834 2960 3903; x_wconf 86' lang='grc' dir='ltr'><em>χρείᾳ</em></span> <span class='ocrx_word' id='word_1_529' title='bbox 3011 3836 3218 3902; x_wconf 78' lang='grc' dir='ltr'><em>τροφῆς.</em></span> <span class='ocrx_word' id='word_1_530' title='bbox 3261 3833 3408 3890; x_wconf 86' lang='grc' dir='ltr'><em>Τίνος</em></span> <span class='ocrx_word' id='word_1_531' title='bbox 3455 3823 3512 3881; x_wconf 75' lang='grc' dir='ltr'><em>δὲ</em></span> <span class='ocrx_word' id='word_1_532' title='bbox 3564 3830 3723 3880; x_wconf 82' lang='grc' dir='ltr'><em>ἕνεκεν</em></span> <span class='ocrx_word' id='word_1_533' title='bbox 3768 3828 3922 3880; x_wconf 77' lang='grc' dir='ltr'><em>πάλιν</em></span> 
     </span>
    </p>
   </div>
   <div class='ocr_carea' id='block_1_75' title="bbox 561 3908 2214 3991">
    <p class='ocr_par' dir='ltr' id='par_1_75' title="bbox 561 3908 2214 3982">
     <span class='ocr_line' id='line_1_75' title="bbox 561 3908 2214 3982; baseline 0.003 -20"><span class='ocrx_word' id='word_1_534' title='bbox 561 3908 751 3972; x_wconf 85' lang='lat' dir='ltr'><strong>Quare</strong></span> <span class='ocrx_word' id='word_1_535' title='bbox 775 3914 975 3963; x_wconf 89' lang='lat' dir='ltr'><strong>autem</strong></span> <span class='ocrx_word' id='word_1_536' title='bbox 1015 3924 1254 3963; x_wconf 87' lang='lat' dir='ltr'><strong>rursum</strong></span> <span class='ocrx_word' id='word_1_537' title='bbox 1285 3909 1412 3964; x_wconf 88' lang='lat' dir='ltr'><strong>illos</strong></span> <span class='ocrx_word' id='word_1_538' title='bbox 1451 3908 1515 3962; x_wconf 87' lang='lat' dir='ltr'><strong>in</strong></span> <span class='ocrx_word' id='word_1_539' title='bbox 1549 3911 1776 3965; x_wconf 89' lang='lat' dir='ltr'><strong>deserto</strong></span> <span class='ocrx_word' id='word_1_540' title='bbox 1810 3913 1997 3982; x_wconf 89' lang='lat' dir='ltr'><strong>pascit</strong></span> <span class='ocrx_word' id='word_1_541' title='bbox 2026 3913 2054 3967; x_wconf 83' lang='lat'><strong>?</strong></span> <span class='ocrx_word' id='word_1_542' title='bbox 2096 3913 2214 3971; x_wconf 87' lang='lat' dir='ltr'><strong>Uti-</strong></span> 
     </span>
    </p>
   </div>
   <div class='ocr_carea' id='block_1_76' title="bbox 2271 3908 3924 3991">
    <p class='ocr_par' dir='ltr' id='par_1_76' title="bbox 2325 3916 3924 3991">
     <span class='ocr_line' id='line_1_76' title="bbox 2325 3916 3924 3991; baseline -0.002 -20"><span class='ocrx_word' id='word_1_543' title='bbox 2325 3919 2515 3979; x_wconf 77' lang='grc' dir='ltr'><em>αύτοὺς</em></span> <span class='ocrx_word' id='word_1_544' title='bbox 2561 3917 2608 3969; x_wconf 87' lang='grc' dir='ltr'><em>ἐν</em></span> <span class='ocrx_word' id='word_1_545' title='bbox 2667 3917 2841 3991; x_wconf 78' lang='grc' dir='ltr'><em>ἐρὴμῳ</em></span> <span class='ocrx_word' id='word_1_546' title='bbox 2890 3922 3058 3990; x_wconf 76' lang='grc' dir='ltr'><em>τρέφει</em></span> <span class='ocrx_word' id='word_1_547' title='bbox 3097 3935 3110 3983; x_wconf 88' lang='grc'>;</span> <span class='ocrx_word' id='word_1_548' title='bbox 3156 3919 3377 3982; x_wconf 78' lang='grc' dir='ltr'><em>Πάντως,</em></span> <span class='ocrx_word' id='word_1_549' title='bbox 3439 3919 3519 3968; x_wconf 82' lang='grc' dir='ltr'><em>ἱνα</em></span> <span class='ocrx_word' id='word_1_550' title='bbox 3575 3922 3646 3988; x_wconf 81' lang='grc' dir='ltr'><em>μὴ</em></span> <span class='ocrx_word' id='word_1_551' title='bbox 3697 3916 3924 3969; x_wconf 81' lang='grc' dir='ltr'><em>ἐκλυθῶ-</em></span> 
     </span>
    </p>
   </div>
   <div class='ocr_carea' id='block_1_77' title="bbox 560 3995 2213 4079">
    <p class='ocr_par' dir='ltr' id='par_1_77' title="bbox 560 3995 2213 4070">
     <span class='ocr_line' id='line_1_77' title="bbox 560 3995 2213 4070; baseline 0.003 -21"><span class='ocrx_word' id='word_1_552' title='bbox 560 4010 672 4067; x_wconf 91' lang='lat' dir='ltr'><strong>que</strong></span> <span class='ocrx_word' id='word_1_553' title='bbox 704 4011 778 4049; x_wconf 89' lang='lat' dir='ltr'><strong>ne</strong></span> <span class='ocrx_word' id='word_1_554' title='bbox 810 3996 871 4049; x_wconf 91' lang='lat' dir='ltr'><strong>in</strong></span> <span class='ocrx_word' id='word_1_555' title='bbox 904 3995 999 4050; x_wconf 89' lang='lat' dir='ltr'><strong>via</strong></span> <span class='ocrx_word' id='word_1_556' title='bbox 1051 3995 1390 4059; x_wconf 88' lang='lat' dir='ltr'><strong>deﬁcerent,</strong></span> <span class='ocrx_word' id='word_1_557' title='bbox 1443 3998 1594 4050; x_wconf 91' lang='lat' dir='ltr'><strong>sicut</strong></span> <span class='ocrx_word' id='word_1_558' title='bbox 1620 3998 1744 4066; x_wconf 89' lang='lat' dir='ltr'><strong>ipse</strong></span> <span class='ocrx_word' id='word_1_559' title='bbox 1782 4005 2213 4070; x_wconf 82' lang='lat' dir='ltr'><strong>consequenter</strong></span> 
     </span>
    </p>
   </div>
   <div class='ocr_carea' id='block_1_78' title="bbox 2275 3995 3928 4079">
    <p class='ocr_par' dir='ltr' id='par_1_78' title="bbox 2329 4002 3928 4079">
     <span class='ocr_line' id='line_1_78' title="bbox 2329 4002 3928 4079; baseline -0.001 -20"><span class='ocrx_word' id='word_1_560' title='bbox 2329 4028 2410 4060; x_wconf 88' lang='grc' dir='ltr'><strong>σιν</strong></span> <span class='ocrx_word' id='word_1_561' title='bbox 2454 4007 2501 4058; x_wconf 87' lang='grc' dir='ltr'><strong>ἐν</strong></span> <span class='ocrx_word' id='word_1_562' title='bbox 2569 4015 2629 4078; x_wconf 72' lang='grc' dir='ltr'><em>τῇ</em></span> <span class='ocrx_word' id='word_1_563' title='bbox 2691 4003 2822 4076; x_wconf 77' lang='grc' dir='ltr'><em>ὁδῷ,</em></span> <span class='ocrx_word' id='word_1_564' title='bbox 2879 4008 3049 4067; x_wconf 82' lang='grc' dir='ltr'><em>καθὼς</em></span> <span class='ocrx_word' id='word_1_565' title='bbox 3103 4006 3256 4067; x_wconf 79' lang='grc' dir='ltr'><em>αύτός</em></span> <span class='ocrx_word' id='word_1_566' title='bbox 3298 4002 3405 4058; x_wconf 84' lang='grc' dir='ltr'><em>εἷπε</em></span> <span class='ocrx_word' id='word_1_567' title='bbox 3459 4011 3672 4079; x_wconf 79' lang='grc' dir='ltr'><em>προιὼν,</em></span> <span class='ocrx_word' id='word_1_568' title='bbox 3707 4011 3796 4057; x_wconf 83' lang='grc' dir='ltr'><em>καὶ</em></span> <span class='ocrx_word' id='word_1_569' title='bbox 3844 4009 3928 4058; x_wconf 78' lang='grc' dir='ltr'><em>ἵνα</em></span> 
     </span>
    </p>
   </div>
   <div class='ocr_carea' id='block_1_79' title="bbox 558 4083 2211 4169">
    <p class='ocr_par' dir='ltr' id='par_1_79' title="bbox 558 4083 2211 4158">
     <span class='ocr_line' id='line_1_79' title="bbox 558 4083 2211 4158; baseline 0.002 -20"><span class='ocrx_word' id='word_1_570' title='bbox 558 4083 720 4147; x_wconf 88' lang='lat' dir='ltr'><strong>dicit,</strong></span> <span class='ocrx_word' id='word_1_571' title='bbox 738 4088 793 4137; x_wconf 91' lang='lat' dir='ltr'><strong>et</strong></span> <span class='ocrx_word' id='word_1_572' title='bbox 812 4091 872 4137; x_wconf 89' lang='lat' dir='ltr'><strong>ut</strong></span> <span class='ocrx_word' id='word_1_573' title='bbox 897 4083 1279 4137; x_wconf 79' lang='lat' dir='ltr'><strong>confirmaret</strong></span> <span class='ocrx_word' id='word_1_574' title='bbox 1298 4084 1536 4151; x_wconf 80' lang='lat' dir='ltr'><strong>signum</strong></span> <span class='ocrx_word' id='word_1_575' title='bbox 1561 4087 2019 4153; x_wconf 66' lang='lat' dir='ltr'><strong>praecedentium</strong></span> <span class='ocrx_word' id='word_1_576' title='bbox 2051 4088 2211 4158; x_wconf 89' lang='lat' dir='ltr'><strong>quin-</strong></span> 
     </span>
    </p>
   </div>
   <div class='ocr_carea' id='block_1_80' title="bbox 2263 4083 3916 4169">
    <p class='ocr_par' dir='ltr' id='par_1_80' title="bbox 2329 4094 3916 4169">
     <span class='ocr_line' id='line_1_80' title="bbox 2329 4094 3916 4169; baseline -0.003 -20"><span class='ocrx_word' id='word_1_577' title='bbox 2329 4095 2595 4169; x_wconf 73' lang='grc' dir='ltr'><em>βεϐαιώσῃ</em></span> <span class='ocrx_word' id='word_1_578' title='bbox 2631 4098 2688 4146; x_wconf 86' lang='grc' dir='ltr'><em>τὸ</em></span> <span class='ocrx_word' id='word_1_579' title='bbox 2723 4103 2934 4167; x_wconf 84' lang='grc' dir='ltr'><em>σημεῖον</em></span> <span class='ocrx_word' id='word_1_580' title='bbox 2975 4104 3073 4146; x_wconf 88' lang='grc' dir='ltr'><strong>τῶν</strong></span> <span class='ocrx_word' id='word_1_581' title='bbox 3125 4094 3482 4168; x_wconf 80' lang='grc' dir='ltr'><em>προλαϐόντων</em></span> <span class='ocrx_word' id='word_1_582' title='bbox 3535 4098 3681 4146; x_wconf 86' lang='grc' dir='ltr'><em>πέντε</em></span> <span class='ocrx_word' id='word_1_583' title='bbox 3719 4095 3916 4168; x_wconf 76' lang='grc' dir='ltr'><em>ἄρτων·</em></span> 
     </span>
    </p>
   </div>
   <div class='ocr_carea' id='block_1_81' title="bbox 559 4169 2212 4257">
    <p class='ocr_par' dir='ltr' id='par_1_81' title="bbox 559 4169 2212 4242">
     <span class='ocr_line' id='line_1_81' title="bbox 559 4169 2212 4242; baseline 0.004 -17"><span class='ocrx_word' id='word_1_584' title='bbox 559 4187 675 4242; x_wconf 91' lang='lat' dir='ltr'><strong>que</strong></span> <span class='ocrx_word' id='word_1_585' title='bbox 734 4186 1004 4241; x_wconf 90' lang='lat' dir='ltr'><strong>panum;</strong></span> <span class='ocrx_word' id='word_1_586' title='bbox 1048 4169 1311 4240; x_wconf 91' lang='lat' dir='ltr'><strong>undique</strong></span> <span class='ocrx_word' id='word_1_587' title='bbox 1359 4171 1520 4225; x_wconf 89' lang='lat' dir='ltr'><strong>enim</strong></span> <span class='ocrx_word' id='word_1_588' title='bbox 1560 4172 1927 4241; x_wconf 85' lang='lat' dir='ltr'><strong>divulgatum</strong></span> <span class='ocrx_word' id='word_1_589' title='bbox 1959 4182 2102 4242; x_wconf 89' lang='lat' dir='ltr'><strong>erat,</strong></span> <span class='ocrx_word' id='word_1_590' title='bbox 2155 4180 2212 4232; x_wconf 84' lang='lat' dir='ltr'><strong>ut</strong></span> 
     </span>
    </p>
   </div>
   <div class='ocr_carea' id='block_1_82' title="bbox 2277 4169 3930 4257">
    <p class='ocr_par' dir='ltr' id='par_1_82' title="bbox 2329 4182 3930 4257">
     <span class='ocr_line' id='line_1_82' title="bbox 2329 4182 3930 4257; baseline -0.001 -20"><span class='ocrx_word' id='word_1_591' title='bbox 2329 4183 2734 4257; x_wconf 76' lang='grc' dir='ltr'><em>διατεθρύλλητο</em></span> <span class='ocrx_word' id='word_1_592' title='bbox 2805 4185 2902 4256; x_wconf 74' lang='grc' dir='ltr'><strong>γὰρ</strong></span> <span class='ocrx_word' id='word_1_593' title='bbox 2982 4185 3125 4256; x_wconf 81' lang='grc' dir='ltr'><em>παρὰ</em></span> <span class='ocrx_word' id='word_1_594' title='bbox 3175 4189 3358 4251; x_wconf 79' lang='grc' dir='ltr'><em>πᾶσιν,</em></span> <span class='ocrx_word' id='word_1_595' title='bbox 3414 4185 3476 4242; x_wconf 84' lang='grc' dir='ltr'><em>ὡς</em></span> <span class='ocrx_word' id='word_1_596' title='bbox 3553 4182 3627 4253; x_wconf 80' lang='grc'><strong>(5)</strong></span> <span class='ocrx_word' id='word_1_597' title='bbox 3683 4203 3930 4256; x_wconf 77' lang='grc' dir='ltr'><em>καινοφα-</em></span> 
     </span>
    </p>
   </div>
   <div class='ocr_carea' id='block_1_83' title="bbox 559 4257 2529 4345">
    <p class='ocr_par' dir='ltr' id='par_1_83' title="bbox 559 4257 2529 4345">
     <span class='ocr_line' id='line_1_83' title="bbox 559 4257 2529 4345; baseline 0.008 -33"><span class='ocrx_word' id='word_1_598' title='bbox 559 4257 721 4331; x_wconf 91' lang='lat' dir='ltr'><strong>quod</strong></span> <span class='ocrx_word' id='word_1_599' title='bbox 755 4257 991 4329; x_wconf 92' lang='lat' dir='ltr'><strong>publice</strong></span> <span class='ocrx_word' id='word_1_600' title='bbox 1020 4257 1243 4312; x_wconf 87' lang='lat' dir='ltr'><strong>factum</strong></span> <span class='ocrx_word' id='word_1_601' title='bbox 1266 4257 1484 4316; x_wconf 82' lang='lat' dir='ltr'><strong>fuerat.</strong></span> <span class='ocrx_word' id='word_1_602' title='bbox 2326 4279 2425 4335; x_wconf 90' lang='grc' dir='ltr'><em>νές.</em></span> <span class='ocrx_word' id='word_1_603' title='bbox 2453 4274 2529 4345; x_wconf 90' lang='lat'><strong>(6)</strong></span> 
     </span>
    </p>
   </div>
   <div class='ocr_carea' id='block_1_84' title="bbox 633 4373 2286 4465">
    <p class='ocr_par' dir='ltr' id='par_1_84' title="bbox 633 4373 2214 4439">
     <span class='ocr_line' id='line_1_84' title="bbox 633 4373 2214 4439; baseline 0.007 -13"><span class='ocrx_word' id='word_1_604' title='bbox 633 4376 791 4428; x_wconf 89' lang='lat' dir='ltr'><strong>Vers.</strong></span> <span class='ocrx_word' id='word_1_605' title='bbox 851 4377 937 4428; x_wconf 81' lang='lat'><strong>32.</strong></span> <span class='ocrx_word' id='word_1_606' title='bbox 993 4375 1073 4428; x_wconf 82' lang='lat' dir='ltr'><strong>Et</strong></span> <span class='ocrx_word' id='word_1_607' title='bbox 1128 4403 1195 4412; x_wconf 91' lang='lat'><strong>—</strong></span> <span class='ocrx_word' id='word_1_608' title='bbox 1254 4373 1353 4431; x_wconf 74' lang='lat' dir='ltr'><strong>via</strong></span> <span class='ocrx_word' id='word_1_609' title='bbox 1401 4375 1632 4430; x_wconf 88' lang='lat' dir='ltr'><strong>Marcus</strong></span> <span class='ocrx_word' id='word_1_610' title='bbox 1681 4382 1876 4435; x_wconf 88' lang='lat' dir='ltr'><strong>autem</strong></span> <span class='ocrx_word' id='word_1_611' title='bbox 1924 4381 2156 4439; x_wconf 87' lang='lat' dir='ltr'><strong>addidit</strong></span> <span class='ocrx_word' id='word_1_612' title='bbox 2202 4399 2214 4437; x_wconf 73' lang='grc' dir='ltr'><strong>ε</strong></span> 
     </span>
    </p>
   </div>
   <div class='ocr_carea' id='block_1_85' title="bbox 2275 4373 3928 4465">
    <p class='ocr_par' dir='ltr' id='par_1_85' title="bbox 2400 4385 3928 4465">
     <span class='ocr_line' id='line_1_85' title="bbox 2400 4385 3928 4465; baseline -0.001 -21"><span class='ocrx_word' id='word_1_613' title='bbox 2400 4395 2501 4444; x_wconf 86' lang='grc' dir='ltr'><strong>Καὶ</strong></span> <span class='ocrx_word' id='word_1_614' title='bbox 2535 4420 2603 4431; x_wconf 92' lang='lat'><strong>——</strong></span> <span class='ocrx_word' id='word_1_615' title='bbox 2659 4386 2787 4459; x_wconf 80' lang='grc' dir='ltr'><strong>ὁδῷ.</strong></span> <span class='ocrx_word' id='word_1_616' title='bbox 2829 4389 2886 4441; x_wconf 85' lang='grc' dir='ltr'>Ὁ</span> <span class='ocrx_word' id='word_1_617' title='bbox 2935 4385 2994 4440; x_wconf 76' lang='grc' dir='ltr'><em>δὲ</em></span> <span class='ocrx_word' id='word_1_618' title='bbox 3040 4391 3252 4458; x_wconf 77' lang='grc' dir='ltr'><em>Μάρκος</em></span> <span class='ocrx_word' id='word_1_619' title='bbox 3292 4390 3603 4460; x_wconf 66' lang='grc' dir='ltr'><em>προσέθηκεν</em></span> <span class='ocrx_word' id='word_1_620' title='bbox 3643 4393 3780 4450; x_wconf 70' lang='grc' dir='ltr'><em>Τινὲς</em></span> <span class='ocrx_word' id='word_1_621' title='bbox 3826 4394 3928 4465; x_wconf 71' lang='grc' dir='ltr'><strong>γὰρ</strong></span> 
     </span>
    </p>
   </div>
   <div class='ocr_carea' id='block_1_86' title="bbox 563 4462 2216 4553">
    <p class='ocr_par' dir='ltr' id='par_1_86' title="bbox 563 4462 2216 4536">
     <span class='ocr_line' id='line_1_86' title="bbox 563 4462 2216 4536; baseline 0.008 -20"><span class='ocrx_word' id='word_1_622' title='bbox 563 4462 808 4527; x_wconf 77' lang='lat' dir='ltr'><strong>Quidam</strong></span> <span class='ocrx_word' id='word_1_623' title='bbox 834 4462 986 4517; x_wconf 80' lang='lat' dir='ltr'><strong>enim</strong></span> <span class='ocrx_word' id='word_1_624' title='bbox 1038 4477 1238 4519; x_wconf 79' lang='lat' dir='ltr'><strong>eorum</strong></span> <span class='ocrx_word' id='word_1_625' title='bbox 1267 4480 1292 4517; x_wconf 89' lang='lat' dir='ltr'><strong>e</strong></span> <span class='ocrx_word' id='word_1_626' title='bbox 1354 4464 1660 4536; x_wconf 79' lang='lat' dir='ltr'><strong>longinquo</strong></span> <span class='ocrx_word' id='word_1_627' title='bbox 1713 4477 2018 4527; x_wconf 81' lang='lat' dir='ltr'><strong>venerunt.</strong></span> <span class='ocrx_word' id='word_1_628' title='bbox 2075 4474 2216 4530; x_wconf 89' lang='lat' dir='ltr'><strong>Vide</strong></span> 
     </span>
    </p>
   </div>
   <div class='ocr_carea' id='block_1_87' title="bbox 2277 4462 3930 4553">
    <p class='ocr_par' dir='ltr' id='par_1_87' title="bbox 2327 4462 3930 4553">
     <span class='ocr_line' id='line_1_87' title="bbox 2327 4462 3930 4553; baseline -0.002 -20"><span class='ocrx_word' id='word_1_629' title='bbox 2327 4481 2382 4543; x_wconf 84' lang='grc' dir='ltr'><strong>ἐξ</strong></span> <span class='ocrx_word' id='word_1_630' title='bbox 2441 4479 2516 4552; x_wconf 85' lang='lat'><strong>(7)</strong></span> <span class='ocrx_word' id='word_1_631' title='bbox 2576 4479 2742 4530; x_wconf 72' lang='grc' dir='ltr'><em>αὐτῶν</em></span> <span class='ocrx_word' id='word_1_632' title='bbox 2786 4480 3040 4553; x_wconf 87' lang='grc' dir='ltr'><em>μακρόθεν</em></span> <span class='ocrx_word' id='word_1_633' title='bbox 3095 4480 3338 4535; x_wconf 78' lang='grc' dir='ltr'><em>ἣκουσιν.</em></span> <span class='ocrx_word' id='word_1_634' title='bbox 3395 4485 3530 4552; x_wconf 88' lang='grc' dir='ltr'><em>Ὅρα</em></span> <span class='ocrx_word' id='word_1_635' title='bbox 3603 4475 3661 4530; x_wconf 68' lang='grc' dir='ltr'><em>δὲ</em></span> <span class='ocrx_word' id='word_1_636' title='bbox 3737 4462 3930 4530; x_wconf 82' lang='grc' dir='ltr'><em>Δεσπό-</em></span> 
     </span>
    </p>
   </div>
   <div class='ocr_carea' id='block_1_88' title="bbox 560 4549 2213 4640">
    <p class='ocr_par' dir='ltr' id='par_1_88' title="bbox 560 4549 2213 4620">
     <span class='ocr_line' id='line_1_88' title="bbox 560 4549 2213 4620; baseline 0.009 -14"><span class='ocrx_word' id='word_1_637' title='bbox 560 4566 704 4620; x_wconf 86' lang='lat' dir='ltr'><strong>ergo</strong></span> <span class='ocrx_word' id='word_1_638' title='bbox 751 4549 986 4606; x_wconf 90' lang='lat' dir='ltr'><strong>Domini</strong></span> <span class='ocrx_word' id='word_1_639' title='bbox 1017 4551 1476 4608; x_wconf 86' lang='lat' dir='ltr'><strong>humanitatem.</strong></span> <span class='ocrx_word' id='word_1_640' title='bbox 1530 4557 1675 4610; x_wconf 77' lang='lat' dir='ltr'><strong>Nam</strong></span> <span class='ocrx_word' id='word_1_641' title='bbox 1708 4557 1898 4614; x_wconf 86' lang='lat' dir='ltr'><strong>sciens</strong></span> <span class='ocrx_word' id='word_1_642' title='bbox 1942 4568 2213 4620; x_wconf 87' lang='lat' dir='ltr'><strong>naturam</strong></span> 
     </span>
    </p>
   </div>
   <div class='ocr_carea' id='block_1_89' title="bbox 2274 4549 3927 4640">
    <p class='ocr_par' dir='ltr' id='par_1_89' title="bbox 2324 4562 3927 4640">
     <span class='ocr_line' id='line_1_89' title="bbox 2324 4562 3927 4640; baseline -0.004 -18"><span class='ocrx_word' id='word_1_643' title='bbox 2324 4589 2412 4622; x_wconf 88' lang='grc' dir='ltr'><strong>του</strong></span> <span class='ocrx_word' id='word_1_644' title='bbox 2491 4566 2873 4640; x_wconf 76' lang='grc' dir='ltr'><em>φιλανθρωπίαν</em></span> <span class='ocrx_word' id='word_1_645' title='bbox 2915 4608 2926 4622; x_wconf 94' lang='grc'><strong>,</strong></span> <span class='ocrx_word' id='word_1_646' title='bbox 3017 4562 3185 4626; x_wconf 82' lang='grc' dir='ltr'><em>Εἰδὼς</em></span> <span class='ocrx_word' id='word_1_647' title='bbox 3261 4568 3360 4639; x_wconf 75' lang='grc' dir='ltr'><strong>γὰρ</strong></span> <span class='ocrx_word' id='word_1_648' title='bbox 3431 4570 3522 4623; x_wconf 79' lang='grc' dir='ltr'><strong>τὴν</strong></span> <span class='ocrx_word' id='word_1_649' title='bbox 3604 4565 3927 4637; x_wconf 81' lang='grc' dir='ltr'><em>ἀνθρωπίνην</em></span> 
     </span>
    </p>
   </div>
   <div class='ocr_carea' id='block_1_90' title="bbox 559 4639 2212 4729">
    <p class='ocr_par' dir='ltr' id='par_1_90' title="bbox 559 4639 2212 4714">
     <span class='ocr_line' id='line_1_90' title="bbox 559 4639 2212 4714; baseline 0.009 -19"><span class='ocrx_word' id='word_1_650' title='bbox 559 4639 892 4696; x_wconf 88' lang='lat' dir='ltr'><strong>humanam</strong></span> <span class='ocrx_word' id='word_1_651' title='bbox 940 4641 1076 4697; x_wconf 90' lang='lat' dir='ltr'><strong>cibo</strong></span> <span class='ocrx_word' id='word_1_652' title='bbox 1115 4639 1401 4710; x_wconf 88' lang='lat' dir='ltr'><strong>indigere,</strong></span> <span class='ocrx_word' id='word_1_653' title='bbox 1445 4644 1718 4714; x_wconf 86' lang='lat' dir='ltr'><strong>providet</strong></span> <span class='ocrx_word' id='word_1_654' title='bbox 1770 4649 1822 4703; x_wconf 90' lang='lat' dir='ltr'><strong>ei</strong></span> <span class='ocrx_word' id='word_1_655' title='bbox 1871 4649 2047 4706; x_wconf 89' lang='lat' dir='ltr'><strong>etiam</strong></span> <span class='ocrx_word' id='word_1_656' title='bbox 2100 4669 2212 4710; x_wconf 90' lang='lat' dir='ltr'><strong>non</strong></span> 
     </span>
    </p>
   </div>
   <div class='ocr_carea' id='block_1_91' title="bbox 2266 4639 3919 4729">
    <p class='ocr_par' dir='ltr' id='par_1_91' title="bbox 2328 4639 3919 4729">
     <span class='ocr_line' id='line_1_91' title="bbox 2328 4639 3919 4729; baseline -0.003 -21"><span class='ocrx_word' id='word_1_657' title='bbox 2328 4659 2480 4729; x_wconf 79' lang='grc' dir='ltr'><em>φύσιν</em></span> <span class='ocrx_word' id='word_1_658' title='bbox 2534 4639 2779 4725; x_wconf 74' lang='grc' dir='ltr'><em>δεομένην</em></span> <span class='ocrx_word' id='word_1_659' title='bbox 2833 4661 3047 4726; x_wconf 77' lang='grc' dir='ltr'><em>τροφῆς,</em></span> <span class='ocrx_word' id='word_1_660' title='bbox 3079 4661 3373 4728; x_wconf 86' lang='grc' dir='ltr'><em>προνοεῖται</em></span> <span class='ocrx_word' id='word_1_661' title='bbox 3425 4657 3655 4719; x_wconf 83' lang='grc' dir='ltr'><em>ταύτης,</em></span> <span class='ocrx_word' id='word_1_662' title='bbox 3709 4659 3796 4704; x_wconf 84' lang='grc' dir='ltr'><em>καὶ</em></span> <span class='ocrx_word' id='word_1_663' title='bbox 3845 4659 3919 4724; x_wconf 78' lang='grc' dir='ltr'><em>μὴ</em></span> 
     </span>
    </p>
   </div>
   <div class='ocr_carea' id='block_1_92' title="bbox 556 4729 2209 4816">
    <p class='ocr_par' dir='ltr' id='par_1_92' title="bbox 556 4729 2209 4803">
     <span class='ocr_line' id='line_1_92' title="bbox 556 4729 2209 4803; baseline 0.007 -17"><span class='ocrx_word' id='word_1_664' title='bbox 556 4729 895 4802; x_wconf 86' lang='lat' dir='ltr'><strong>requisitus,</strong></span> <span class='ocrx_word' id='word_1_665' title='bbox 925 4730 1244 4802; x_wconf 87' lang='lat' dir='ltr'><strong>cibumque</strong></span> <span class='ocrx_word' id='word_1_666' title='bbox 1284 4732 1531 4803; x_wconf 67' lang='lat' dir='ltr'><strong>praebet.</strong></span> <span class='ocrx_word' id='word_1_667' title='bbox 1571 4735 1986 4795; x_wconf 87' lang='lat' dir='ltr'><strong>Communicat</strong></span> <span class='ocrx_word' id='word_1_668' title='bbox 2018 4747 2209 4798; x_wconf 89' lang='lat' dir='ltr'><strong>autem</strong></span> 
     </span>
    </p>
   </div>
   <div class='ocr_carea' id='block_1_93' title="bbox 2271 4729 3924 4816">
    <p class='ocr_par' dir='ltr' id='par_1_93' title="bbox 2328 4736 3924 4816">
     <span class='ocr_line' id='line_1_93' title="bbox 2328 4736 3924 4816; baseline -0.002 -19"><span class='ocrx_word' id='word_1_669' title='bbox 2328 4746 2576 4810; x_wconf 83' lang='grc' dir='ltr'><em>αἰτηθεὶς,</em></span> <span class='ocrx_word' id='word_1_670' title='bbox 2650 4746 2875 4814; x_wconf 85' lang='grc' dir='ltr'><em>παρέχεί</em></span> <span class='ocrx_word' id='word_1_671' title='bbox 2946 4747 3160 4816; x_wconf 75' lang='grc' dir='ltr'><em>τροφήν.</em></span> <span class='ocrx_word' id='word_1_672' title='bbox 3236 4741 3613 4811; x_wconf 72' lang='grc' dir='ltr'><em>Κοινολογεῖται</em></span> <span class='ocrx_word' id='word_1_673' title='bbox 3679 4736 3736 4792; x_wconf 74' lang='grc' dir='ltr'><em>δὲ</em></span> <span class='ocrx_word' id='word_1_674' title='bbox 3792 4745 3924 4816; x_wconf 88' lang='grc' dir='ltr'><em>πρὸς</em></span> 
     </span>
    </p>
   </div>
   <div class='ocr_carea' id='block_1_94' title="bbox 560 4819 2213 4906">
    <p class='ocr_par' dir='ltr' id='par_1_94' title="bbox 560 4819 2213 4900">
     <span class='ocr_line' id='line_1_94' title="bbox 560 4819 2213 4900; baseline 0.008 -26"><span class='ocrx_word' id='word_1_675' title='bbox 560 4819 887 4891; x_wconf 90' lang='lat' dir='ltr'><strong>discipulis,</strong></span> <span class='ocrx_word' id='word_1_676' title='bbox 917 4825 980 4876; x_wconf 91' lang='lat' dir='ltr'><strong>ut</strong></span> <span class='ocrx_word' id='word_1_677' title='bbox 1025 4819 1320 4878; x_wconf 87' lang='lat' dir='ltr'><strong>recordati</strong></span> <span class='ocrx_word' id='word_1_678' title='bbox 1363 4824 1631 4880; x_wconf 85' lang='lat' dir='ltr'><strong>miraculi</strong></span> <span class='ocrx_word' id='word_1_679' title='bbox 1669 4825 1934 4898; x_wconf 89' lang='lat' dir='ltr'><strong>quinque</strong></span> <span class='ocrx_word' id='word_1_680' title='bbox 1965 4845 2213 4900; x_wconf 87' lang='lat' dir='ltr'><strong>panum,</strong></span> 
     </span>
    </p>
   </div>
   <div class='ocr_carea' id='block_1_95' title="bbox 2274 4819 3927 4906">
    <p class='ocr_par' dir='ltr' id='par_1_95' title="bbox 2325 4829 3927 4906">
     <span class='ocr_line' id='line_1_95' title="bbox 2325 4829 3927 4906; baseline -0.003 -19"><span class='ocrx_word' id='word_1_681' title='bbox 2325 4838 2449 4894; x_wconf 85' lang='grc' dir='ltr'><em>τούς</em></span> <span class='ocrx_word' id='word_1_682' title='bbox 2501 4834 2760 4906; x_wconf 81' lang='grc' dir='ltr'><em>μαθητὰς,</em></span> <span class='ocrx_word' id='word_1_683' title='bbox 2797 4833 2879 4883; x_wconf 83' lang='grc' dir='ltr'><em>ἶνα</em></span> <span class='ocrx_word' id='word_1_684' title='bbox 2931 4829 3340 4902; x_wconf 82' lang='grc' dir='ltr'><em>ἀναμνησθέντες</em></span> <span class='ocrx_word' id='word_1_685' title='bbox 3392 4838 3484 4883; x_wconf 86' lang='grc' dir='ltr'><em>τοῦ</em></span> <span class='ocrx_word' id='word_1_686' title='bbox 3535 4833 3793 4903; x_wconf 83' lang='grc' dir='ltr'><em>θαύματος</em></span> <span class='ocrx_word' id='word_1_687' title='bbox 3825 4839 3927 4883; x_wconf 88' lang='grc' dir='ltr'><strong>τῶν</strong></span> 
     </span>
    </p>
   </div>
   <div class='ocr_carea' id='block_1_96' title="bbox 562 4907 2215 4996">
    <p class='ocr_par' dir='ltr' id='par_1_96' title="bbox 562 4907 2215 4982">
     <span class='ocr_line' id='line_1_96' title="bbox 562 4907 2215 4982; baseline 0.008 -18"><span class='ocrx_word' id='word_1_688' title='bbox 562 4907 817 4965; x_wconf 72' lang='grc' dir='ltr'><em>οῙΥθτεωῐ</em></span> <span class='ocrx_word' id='word_1_689' title='bbox 855 4908 903 4964; x_wconf 91' lang='lat' dir='ltr'><strong>ei</strong></span> <span class='ocrx_word' id='word_1_690' title='bbox 964 4924 1151 4980; x_wconf 90' lang='lat' dir='ltr'><strong>panes</strong></span> <span class='ocrx_word' id='word_1_691' title='bbox 1196 4925 1350 4982; x_wconf 91' lang='lat' dir='ltr'><strong>quos</strong></span> <span class='ocrx_word' id='word_1_692' title='bbox 1379 4910 1618 4978; x_wconf 87' lang='lat' dir='ltr'><strong>habent,</strong></span> <span class='ocrx_word' id='word_1_693' title='bbox 1670 4918 1724 4970; x_wconf 92' lang='lat' dir='ltr'><strong>et</strong></span> <span class='ocrx_word' id='word_1_694' title='bbox 1769 4915 2001 4974; x_wconf 89' lang='lat' dir='ltr'><strong>dicant:</strong></span> <span class='ocrx_word' id='word_1_695' title='bbox 2036 4920 2215 4978; x_wconf 85' lang='lat' dir='ltr'><strong>Multi-</strong></span> 
     </span>
    </p>
   </div>
   <div class='ocr_carea' id='block_1_97' title="bbox 2274 4907 3927 4996">
    <p class='ocr_par' dir='ltr' id='par_1_97' title="bbox 2325 4919 3927 4996">
     <span class='ocr_line' id='line_1_97' title="bbox 2325 4919 3927 4996; baseline -0.003 -19"><span class='ocrx_word' id='word_1_696' title='bbox 2325 4927 2472 4978; x_wconf 80' lang='grc' dir='ltr'><em>πέντε</em></span> <span class='ocrx_word' id='word_1_697' title='bbox 2550 4923 2717 4996; x_wconf 80' lang='grc' dir='ltr'><em>ἄρτων</em></span> <span class='ocrx_word' id='word_1_698' title='bbox 2741 4965 2757 4991; x_wconf 87' lang='grc'><strong>,</strong></span> <span class='ocrx_word' id='word_1_699' title='bbox 2825 4923 3240 4993; x_wconf 75' lang='grc' dir='ltr'><em>προσενέγκωσιν</em></span> <span class='ocrx_word' id='word_1_700' title='bbox 3319 4919 3458 4991; x_wconf 79' lang='grc' dir='ltr'><em>αὐτῷ</em></span> <span class='ocrx_word' id='word_1_701' title='bbox 3516 4923 3639 4981; x_wconf 79' lang='grc' dir='ltr'><em>τοὺς</em></span> <span class='ocrx_word' id='word_1_702' title='bbox 3719 4921 3927 4992; x_wconf 84' lang='grc' dir='ltr'><em>ἄρτους,</em></span> 
     </span>
    </p>
   </div>
   <div class='ocr_carea' id='block_1_98' title="bbox 632 5006 1112 5073">
    <p class='ocr_par' dir='ltr' id='par_1_98' title="bbox 632 5006 1112 5073">
     <span class='ocr_line' id='line_1_98' title="bbox 632 5006 1112 5073; baseline 0.01 -14"><span class='ocrx_word' id='word_1_703' title='bbox 632 5006 680 5040; x_wconf 86' lang='grc' dir='ltr'><strong>⁷ο</strong></span> <span class='ocrx_word' id='word_1_704' title='bbox 720 5007 894 5064; x_wconf 86' lang='lat' dir='ltr'><strong>Marc.</strong></span> <span class='ocrx_word' id='word_1_705' title='bbox 924 5021 1026 5073; x_wconf 88' lang='lat' dir='ltr'><strong>vu,</strong></span> <span class='ocrx_word' id='word_1_706' title='bbox 1058 5010 1112 5064; x_wconf 89' lang='lat'><strong>3.</strong></span> 
     </span>
    </p>
   </div>
   <div class='ocr_carea' id='block_1_99' title="bbox 1778 5167 2705 5242">
    <p class='ocr_par' dir='ltr' id='par_1_99' title="bbox 1778 5167 2705 5242">
     <span class='ocr_line' id='line_1_99' title="bbox 1778 5167 2705 5242; baseline 0.001 -5"><span class='ocrx_word' id='word_1_707' title='bbox 1778 5167 1994 5238; x_wconf 66' lang='lat' dir='ltr'><strong>Variae</strong></span> <span class='ocrx_word' id='word_1_708' title='bbox 2029 5171 2359 5242; x_wconf 90' lang='lat' dir='ltr'><strong>lectiones</strong></span> <span class='ocrx_word' id='word_1_709' title='bbox 2390 5183 2456 5241; x_wconf 91' lang='lat' dir='ltr'><strong>et</strong></span> <span class='ocrx_word' id='word_1_710' title='bbox 2497 5181 2705 5239; x_wconf 62' lang='lat' dir='ltr'><strong>notae.</strong></span> 
     </span>
    </p>
   </div>
   <div class='ocr_carea' id='block_1_100' title="bbox 633 5352 3942 5442">
    <p class='ocr_par' dir='ltr' id='par_1_100' title="bbox 633 5352 3942 5442">
     <span class='ocr_line' id='line_1_100' title="bbox 633 5352 3942 5442; baseline 0.001 -18"><span class='ocrx_word' id='word_1_711' title='bbox 738 5361 840 5442; x_wconf 66' lang='grc' dir='ltr'>ῗυ</span> <span class='ocrx_word' id='word_1_712' title='bbox 863 5352 1056 5439; x_wconf 53' lang='lat' dir='ltr'><strong>,adfiit-</strong></span> <span class='ocrx_word' id='word_1_713' title='bbox 1321 5429 1330 5442; x_wconf 47' lang='grc'><strong>,</strong></span> <span class='ocrx_word' id='word_1_714' title='bbox 1491 5427 1500 5438; x_wconf 64' lang='grc'><strong>,</strong></span> <span class='ocrx_word' id='word_1_715' title='bbox 1649 5436 1656 5442; x_wconf 91' lang='lat'>_</span> <span class='ocrx_word' id='word_1_716' title='bbox 1702 5432 1743 5442; x_wconf 58' lang='grc' dir='ltr'>η</span> <span class='ocrx_word' id='word_1_717' title='bbox 1834 5438 1842 5442; x_wconf 26' lang='grc' dir='ltr'><strong>Α</strong></span> <span class='ocrx_word' id='word_1_718' title='bbox 1931 5435 1940 5442; x_wconf 93' lang='lat'>_</span> <span class='ocrx_word' id='word_1_719' title='bbox 2330 5368 2570 5442; x_wconf 86' lang='lat' dir='ltr'><strong>quodin</strong></span> <span class='ocrx_word' id='word_1_720' title='bbox 2594 5371 2744 5424; x_wconf 88' lang='lat' dir='ltr'><strong>meis</strong></span> <span class='ocrx_word' id='word_1_721' title='bbox 2776 5367 2959 5438; x_wconf 87' lang='lat' dir='ltr'><strong>paulo</strong></span> <span class='ocrx_word' id='word_1_722' title='bbox 2980 5366 3226 5424; x_wconf 85' lang='lat' dir='ltr'><strong>inferius</strong></span> <span class='ocrx_word' id='word_1_723' title='bbox 3252 5366 3461 5439; x_wconf 80' lang='lat' dir='ltr'><strong>legitur</strong></span> <span class='ocrx_word' id='word_1_724' title='bbox 3475 5368 3553 5424; x_wconf 90' lang='lat' dir='ltr'><strong>ad</strong></span> <span class='ocrx_word' id='word_1_725' title='bbox 3577 5383 3816 5424; x_wconf 90' lang='lat' dir='ltr'><strong>versum</strong></span> <span class='ocrx_word' id='word_1_726' title='bbox 3845 5373 3942 5427; x_wconf 87' lang='lat' dir='ltr'><strong>tri-</strong></span> 
     </span>
    </p>
   </div>
   <div class='ocr_carea' id='block_1_101' title="bbox 632 5424 2285 5511">
    <p class='ocr_par' dir='ltr' id='par_1_101' title="bbox 632 5424 2036 5511">
     <span class='ocr_line' id='line_1_101' title="bbox 632 5424 2036 5511; baseline 0.013 -37"><span class='ocrx_word' id='word_1_727' title='bbox 854 5426 1044 5511; x_wconf 79' lang='grc' dir='ltr'><em>ἡμέραι</em></span> <span class='ocrx_word' id='word_1_728' title='bbox 1073 5424 1150 5480; x_wconf 78' lang='lat' dir='ltr'><strong>ad</strong></span> <span class='ocrx_word' id='word_1_729' title='bbox 1186 5427 1665 5511; x_wconf 34' lang='lat' dir='ltr'><strong>veraq-omiserat</strong></span> <span class='ocrx_word' id='word_1_730' title='bbox 1700 5432 2036 5492; x_wconf 88' lang='lat' dir='ltr'><strong>Hentenius.</strong></span> 
     </span>
    </p>
   </div>
   <div class='ocr_carea' id='block_1_102' title="bbox 1272 5424 2925 5511">
    <p class='ocr_par' dir='ltr' id='par_1_102' title="bbox 1272 5424 2925 5511">
     <span class='ocr_line' id='line_1_102' title="bbox 1272 5424 2925 5511; baseline 0.011 -34"><span class='ocrx_word' id='word_1_731' title='bbox 1272 5429 1368 5511; x_wconf 39' lang='grc' dir='ltr'><em>σίν·</em></span> <span class='ocrx_word' id='word_1_732' title='bbox 1381 5427 1665 5511; x_wconf 72' lang='lat' dir='ltr'><strong>omiserat</strong></span> <span class='ocrx_word' id='word_1_733' title='bbox 1700 5432 2036 5511; x_wconf 87' lang='lat' dir='ltr'><strong>Hentenius.</strong></span> <span class='ocrx_word' id='word_1_734' title='bbox 2330 5424 2624 5511; x_wconf 71' lang='lat' dir='ltr'><strong>cesimmn</strong></span> <span class='ocrx_word' id='word_1_735' title='bbox 2666 5424 2925 5495; x_wconf 85' lang='lat' dir='ltr'><strong>tertium.</strong></span> 
     </span>
    </p>
   </div>
   <div class='ocr_carea' id='block_1_103' title="bbox 603 5495 3942 5584">
    <p class='ocr_par' dir='ltr' id='par_1_103' title="bbox 603 5495 3942 5584">
     <span class='ocr_line' id='line_1_103' title="bbox 603 5495 3942 5584; baseline 0.006 -35"><span class='ocrx_word' id='word_1_736' title='bbox 603 5495 1417 5584; x_wconf 25' lang='lat' dir='ltr'><strong>!(52&quot;lieut‘enius&#39;reddidit,</strong></span> <span class='ocrx_word' id='word_1_737' title='bbox 1453 5515 1520 5553; x_wconf 92' lang='lat' dir='ltr'><strong>ac</strong></span> <span class='ocrx_word' id='word_1_738' title='bbox 1561 5503 1607 5556; x_wconf 91' lang='lat' dir='ltr'><strong>si</strong></span> <span class='ocrx_word' id='word_1_739' title='bbox 1654 5507 1935 5584; x_wconf 88' lang='lat' dir='ltr'><strong>repererit</strong></span> <span class='ocrx_word' id='word_1_740' title='bbox 1976 5528 2216 5581; x_wconf 75' lang='grc' dir='ltr'><em>κοινοφα-</em></span> <span class='ocrx_word' id='word_1_741' title='bbox 2401 5511 2477 5582; x_wconf 90' lang='lat'><strong>(7)</strong></span> <span class='ocrx_word' id='word_1_742' title='bbox 2509 5510 2599 5572; x_wconf 82' lang='grc' dir='ltr'>Ἐξ</span> <span class='ocrx_word' id='word_1_743' title='bbox 2650 5511 3011 5584; x_wconf 72' lang='lat' dir='ltr'><strong>infraapud</strong></span> <span class='ocrx_word' id='word_1_744' title='bbox 3059 5512 3321 5584; x_wconf 72' lang='lat' dir='ltr'><strong>Marcum</strong></span> <span class='ocrx_word' id='word_1_745' title='bbox 3378 5511 3436 5567; x_wconf 90' lang='lat' dir='ltr'><strong>in</strong></span> <span class='ocrx_word' id='word_1_746' title='bbox 3483 5515 3759 5568; x_wconf 81' lang='lat' dir='ltr'><strong>contextu</strong></span> <span class='ocrx_word' id='word_1_747' title='bbox 3815 5528 3942 5569; x_wconf 89' lang='lat' dir='ltr'><strong>non</strong></span> 
     </span>
    </p>
   </div>
   <div class='ocr_carea' id='block_1_104' title="bbox 561 5566 2214 5654">
    <p class='ocr_par' dir='ltr' id='par_1_104' title="bbox 561 5566 2136 5654">
     <span class='ocr_line' id='line_1_104' title="bbox 561 5566 2136 5654; baseline 0.013 -39"><span class='ocrx_word' id='word_1_748' title='bbox 561 5566 805 5654; x_wconf 35' lang='grc' dir='ltr'><strong>νέω-ξφ</strong></span> <span class='ocrx_word' id='word_1_749' title='bbox 838 5566 1226 5654; x_wconf 43' lang='lat' dir='ltr'><strong>rejtijne‘ndu‘m‘</strong></span> <span class='ocrx_word' id='word_1_750' title='bbox 1248 5568 1496 5654; x_wconf 81' lang='lat' dir='ltr'><strong>videtur,</strong></span> <span class='ocrx_word' id='word_1_751' title='bbox 1522 5566 1843 5654; x_wconf 54' lang='grc' dir='ltr'><em>καινοςράνές.</em></span> <span class='ocrx_word' id='word_1_752' title='bbox 1873 5648 1907 5654; x_wconf 83' lang='lat'>__</span> <span class='ocrx_word' id='word_1_753' title='bbox 2126 5566 2136 5581; x_wconf 79' lang='grc'><strong>’</strong></span> 
     </span>
    </p>
   </div>
   <div class='ocr_carea' id='block_1_105' title="bbox 1620 5566 3273 5654">
    <p class='ocr_par' dir='ltr' id='par_1_105' title="bbox 1620 5566 3273 5654">
     <span class='ocr_line' id='line_1_105' title="bbox 1620 5566 3273 5654; baseline -0.002 -15"><span class='ocrx_word' id='word_1_754' title='bbox 1620 5566 1843 5654; x_wconf 57' lang='grc' dir='ltr'><strong>νοξηάνέςο</strong></span> <span class='ocrx_word' id='word_1_755' title='bbox 1873 5648 1907 5654; x_wconf 85' lang='lat'>__</span> <span class='ocrx_word' id='word_1_756' title='bbox 2066 5653 2070 5654; x_wconf 16' lang='grc' dir='ltr'><em>ν</em></span> <span class='ocrx_word' id='word_1_757' title='bbox 2126 5566 2136 5581; x_wconf 78' lang='grc'><strong>’</strong></span> <span class='ocrx_word' id='word_1_758' title='bbox 2332 5566 2667 5654; x_wconf 74' lang='lat' dir='ltr'><strong>agnoscunt</strong></span> <span class='ocrx_word' id='word_1_759' title='bbox 2693 5566 2924 5640; x_wconf 68' lang='lat' dir='ltr'><strong>codices</strong></span> <span class='ocrx_word' id='word_1_760' title='bbox 2955 5581 3273 5653; x_wconf 87' lang='lat' dir='ltr'><strong>Euthymii.</strong></span> 
     </span>
    </p>
   </div>
   <div class='ocr_carea' id='block_1_106' title="bbox 630 5635 2220 5722">
    <p class='ocr_par' dir='ltr' id='par_1_106' title="bbox 630 5635 2220 5722">
     <span class='ocr_line' id='line_1_106' title="bbox 630 5635 2220 5722; baseline 0.009 -28"><span class='ocrx_word' id='word_1_761' title='bbox 630 5639 708 5710; x_wconf 88' lang='lat'><strong>(6)</strong></span> <span class='ocrx_word' id='word_1_762' title='bbox 725 5637 827 5694; x_wconf 83' lang='lat' dir='ltr'><strong>llic</strong></span> <span class='ocrx_word' id='word_1_763' title='bbox 847 5635 1165 5696; x_wconf 84' lang='lat' dir='ltr'><strong>addiderat</strong></span> <span class='ocrx_word' id='word_1_764' title='bbox 1185 5639 1505 5698; x_wconf 84' lang='lat' dir='ltr'><strong>Hentenius</strong></span> <span class='ocrx_word' id='word_1_765' title='bbox 1525 5635 1820 5704; x_wconf 81' lang='lat' dir='ltr'><strong>scholium</strong></span> <span class='ocrx_word' id='word_1_766' title='bbox 1834 5648 2220 5722; x_wconf 84' lang='lat' dir='ltr'><strong>allegoricum</strong></span> 
     </span>
    </p>
   </div>
  </div>
