4186 6318
264 367 375 427 457

1237 352 1592 415 COMMENT.
1637 355 1706 410 IN
1748 348 2207 411 MATTHJEUM.
2249 383 2316 392 —
2357 352 2510 408 CAP.
2545 351 2662 410 XV.

3536 350 3642 406 458

267 495 364 558 οὓς
404 496 614 567 ἔχουσι,
660 492 750 543 καὶ
797 491 1030 559 εῖπωσιν,
1077 486 1157 538 ὅτι
1207 483 1472 542 Πλήθυνον
1501 485 1609 554 ἐκαὶ
1639 482 1874 541 τούτους.

2003 478 2146 551 ςιιὶοα
2181 476 2360 536 etiam
2389 477 2518 546 hos,
2553 476 2658 533 sed
2686 491 2811 535 non
2837 476 3251 535 intellexerunt
3274 474 3356 533 illi
3392 490 3643 535 causam

273 584 386 638 ἀλλ’
437 583 494 636 ού
547 588 774 640 συνῆκαν
811 576 991 630 ἐκεῖνοι
1039 583 1132 634 τῆν
1181 573 1351 626 αἰτίαν
1403 581 1499 632 τῆς
1555 570 1872 643 ἐρωτήσεως·

276 672 364 730 διὸ
403 677 491 726 καὶ
521 670 674 724 πάλιν
698 669 766 721 τὰ
793 674 889 729 τῆς
919 665 1140 740 ἀπορίας
1169 661 1563 736 προϐάλλονται.

349 766 450 816 Καὶ
509 790 580 801 -
657 764 963 823 τοσοῦτον;
1017 755 1264 827 [Ἐρημία
1339 751 1415 824 (8)
1463 750 1669 808 νοηθείη
1731 747 1791 800 ἆν
1843 749 1873 806 ἡ

275 854 431 925 φύσις
479 857 582 902 τῶν
631 845 932 922 ἀνθρώπων,
965 845 995 903 ἣ
1029 845 1056 896 ό
1102 847 1300 915 κόσμος
1342 839 1508 905 οὗτος,
1546 837 1595 890 ἐν
1629 837 1668 889 ὧ
1706 857 1877 913 προσ-

271 922 488 1013 μένουσι
539 946 613 1008 τῷ
664 936 801 1007 λόγῳ
853 941 944 995 τῆς
1001 931 1187 1006 ἀρετῆς
1242 935 1332 983 καὶ
1391 933 1625 1001 γνώσεως
1671 928 1720 979 οἱ
1786 922 1879 978 διὰ

270 1033 364 1088 τὴν
406 1032 592 1081 πίστιν
639 1030 728 1078 καὶ
783 1029 876 1083 τὴν
924 1017 1114 1075 ἐλπίδα
1171 1028 1269 1073 τῶν
1335 1017 1614 1092 μελλόντων
1670 1014 1876 1087 ἀγαθῶν

267 1118 709 1176 κακοπαθοῦντες.
781 1112 998 1187 Ἡμέραι
1078 1107 1137 1163 δὶς
1205 1115 1339 1182 τρεῖς
1403 1109 1457 1160 αἰ
1537 1114 1627 1167 τῆς
1692 1103 1877 1177 ψυχῆς

270 1212 409 1283 τρεῖς
439 1201 708 1277 δυνάμεις,
757 1201 875 1254 καθ’
922 1199 983 1262 ἃς
1025 1201 1422 1275 προσμένουσιν
1473 1203 1544 1266 τῷ
1584 1197 1674 1268 μὶν
1720 1193 1874 1266 λόγῳ,

275 1296 574 1362 ζητοῦντες,
634 1300 696 1364 τῇ
759 1289 1011 1363 ἐπιθυμίᾳ
1062 1286 1142 1357 δι,
1194 1289 1468 1346 ποθοῦντες
1516 1289 1574 1338 τό
1622 1286 1879 1356 ζητούμε-

275 1404 381 1451 νον,
414 1391 485 1455 τῷ
531 1385 675 1454 θυμῷ
730 1377 808 1447 δὲ,
855 1377 1356 1454 ύπεραγωνιξόμενοι
1402 1382 1494 1428 τοῦ
1522 1375 1867 1446 ποθουμένου,

277 1479 342 1528 Ἦ
372 1474 422 1526 οἱ
470 1478 602 1548 τρεῖς
654 1475 978 1543 γενικώτεροι
1033 1472 1204 1539 νόμοι,
1256 1467 1282 1518 ὁ
1322 1467 1561 1538 φυσικὸς,
1594 1465 1620 1516 ὁ
1651 1470 1876 1516 Μωσαῑ-

277 1566 384 1630 κός,
444 1562 470 1614 ὁ
530 1559 879 1632 εύαγγελικὸς,
933 1560 1234 1630 φωτίζοντος
1295 1551 1450 1612 δίκην
1507 1553 1722 1626 ἡμέρας,
1786 1554 1876 1604 καὶ

279 1655 410 1725 πρὸς
485 1649 734 1726 ἐργασίαν
796 1655 888 1700 τοῦ
965 1649 1310 1721 συμφέροντος
1380 1641 1739 1719 διεγείροντες.
1813 1642 1879 1693 Οἱ

281 1745 453 1793 τοίνυν
482 1743 570 1791 καὶ
627 1739 762 1791 κατὰ
811 1738 1023 1796 τούτους
1073 1737 1194 1796 τοὺς
1250 1739 1388 1808 τρεῖς
1436 1732 1514 1804 (9)
1569 1731 1755 1804 λόγους
1803 1737 1877 1800 τῷ

1985 566 2502 640 interrogationis;
2525 564 2660 623 ideo
2683 582 2889 623 rursus
2911 566 3302 639 indigentiam
3329 565 3641 638 objiciunt.

2057 779 2218 835 Vers.
2262 779 2350 835 33.
2399 779 2477 835 Et
2525 808 2597 821 —
2644 782 2924 838 tantam?
2968 781 3003 848 'l‘
3050 780 3360 836 Desertum
3399 779 3643 851 intelligi

1987 871 2184 941 potest
2219 867 2488 924 humana
2527 872 2764 934 natura,
2804 873 2906 924 aut
2945 868 3212 924 mundus
3251 869 3377 934 iste,
3420 868 3482 924 in
3521 884 3644 942 quo

1987 956 2213 1013 assidui
2254 961 2395 1014 sunt
2432 957 2512 1014 ad
2537 973 2872 1014 sermonem
2898 957 3130 1013 virtutis
3171 960 3227 1013 et
3262 957 3640 1027 cognitionis,

1987 1044 2092 1118 qui
2127 1050 2370 1117 propter
2406 1045 2591 1102 ﬁdem
2631 1061 2702 1102 ac
2757 1062 2928 1118 spem
2967 1045 3307 1101 futurorum
3344 1046 3645 1102 bonorum

1985 1135 2152 1192 mala
2209 1136 2534 1208 patiuntur.
2593 1138 2729 1193 Tres
2786 1140 2989 1192 autem
3046 1135 3192 1202 dies,
3250 1139 3371 1191 tres
3430 1135 3648 1190 animae

1984 1225 2262 1296 potentiae
2301 1241 2408 1297 per
2445 1241 2598 1298 quas
2642 1225 2868 1282 assidui
2907 1229 3047 1280 sunt
3088 1241 3102 1281 :
3145 1239 3255 1297 per
3291 1222 3648 1280 rationalem

1986 1315 2232 1387 quidem
2288 1315 2673 1388 inquirentes,
2733 1331 2840 1388 per
2895 1312 3428 1386 concupiscibilem
3483 1327 3646 1379 vero,

1985 1406 2151 1478 quod
2188 1407 2507 1478 quaesitum
2547 1411 2634 1463 est
2673 1405 3097 1472 desiderantes,
3143 1421 3250 1477 per
3286 1401 3649 1461 irascibilem

1987 1494 2067 1567 (v)
2123 1499 2325 1551 autem
2377 1511 2486 1568 pro
2533 1511 2604 1552 eo
2659 1494 2826 1567 quod
2875 1496 3256 1567 concupitum
3306 1499 3394 1551 est
3449 1494 3650 1550 decer-

1986 1587 2198 1641 tantes.
2241 1586 2354 1640 Aut
2382 1589 2498 1640 tres
2524 1584 2652 1640 dies
2691 1589 2827 1640 sunt
2854 1587 2972 1640 tres
2999 1583 3161 1653 leges
3192 1583 3589 1654 generaliores
3631 1597 3646 1638 :

1987 1673 2295 1740 naturalis,
2337 1672 2558 1746 scripta
2595 1676 2652 1730 et
2706 1671 3066 1743 evangelica,
3125 1672 3204 1729 ad
3241 1675 3492 1729 modum
3531 1670 3650 1727 diei

1986 1762 2412 1829 illuminantes,
2441 1767 2498 1819 et
2521 1762 2599 1819 ad
2619 1762 2750 1832 ejus
2777 1761 2944 1834 quod
2970 1761 3212 1834 expedit
3237 1761 3649 1833 operationem

282 1835 396 1900 Θεῷ
452 1831 607 1900 Λόγῳ
659 1830 1074 1903 προσμείναντες,
1135 1827 1224 1876 καὶ
1291 1826 1410 1885 τοὺς
1467 1823 1592 1895 ὑπὲρ
1655 1820 1876 1874 ἑκάστου

2003 1851 2333 1909 :xcitantes.
2369 1849 2481 1916 Qui
2502 1865 2644 1921 ergo
2670 1820 2999 1906 secundum
3020 1820 3132 1906 tios
3157 1820 3337 1906 etiam
3357 1853 3476 1905 tres
3500 1848 3646 1915 dies,

278 1922 464 1978 πόνους
564 1918 841 1989 προθύμως
923 1916 1302 1987 ὑπομείναντες,
1398 1912 1492 1965 ούκ
1571 1909 1878 1963 ἀπολύονται

274 1995 500 2072 νήστεις,
555 2005 681 2058 ἀλλὰ
743 2001 989 2077 δέχονται
1063 2008 1255 2079 τροφὴν
1314 1999 1512 2073 δαψιλῆ
1581 2005 1672 2053 καὶ
1717 2001 1874 2053 θείαν

278 2098 406 2170 ὑπὲρ
436 2099 525 2165 μεν
567 2102 656 2147 τοῦ
688 2101 913 2165 φυσικοῦ
960 2093 1068 2163 (10)
1108 2096 1266 2165 νόμου
1315 2095 1410 2149 τὴν
1458 2092 1748 2143 ἄπταιστον
1778 2097 1877 2140 τῶν

278 2186 416 2237 κατὰ
476 2186 630 2256 φύσιν
701 2182 977 2256 ἐνέργειαν,
1031 2183 1157 2256 ὑπὲρ
1218 2176 1276 2233 δὲ
1333 2187 1424 2232 τοῦ
1481 2186 1718 2254 γραπτοῦ
1783 2185 1878 2236 τῆν

277 2272 644 2345 ἁνενεργησίαν
704 2280 806 2324 τῶν
861 2272 1006 2346 παρὰ
1057 2272 1212 2342 φύσιν
1259 2271 1458 2336 παθῶν,
1516 2270 1642 2343 ὑπὲρ
1675 2263 1734 2320 δε
1788 2273 1878 2318 τοῦ

275 2361 612 2433 εὐαγγελικοῦ
682 2364 773 2420 τὴν
823 2363 952 2435 πρὸς
1012 2359 1163 2412 αὐτὸν
1210 2361 1296 2411 τὸν
1366 2361 1493 2412 Θεὸν
1548 2355 1730 2411 ἕνωσιν
1789 2360 1880 2409 καὶ

279 2450 512 2522 θίωσιν.]

362 2732 460 2784 Καὶ
486 2732 758 2806 πρότερον,
790 2731 881 2782 καὶ
919 2726 1154 2800 ὕστερον,
1187 2724 1235 2779 ἐν
1264 2725 1472 2800 ἐρημίᾳ,
1497 2724 1673 2801 πόῤῥω
1695 2725 1886 2778 πόλεων

285 2823 374 2872 καὶ
403 2827 610 2893 κωμῶν,
671 2821 728 2871 τό
775 2820 952 2891 θαῦμα
1005 2824 1156 2870 τοῦτο
1186 2824 1343 2885 ποιεῖ,
1385 2816 1466 2868 ἶνα
1507 2819 1578 2888 μή
1619 2811 1746 2888 δόξῃ
1779 2821 1888 2876 τοῖς

283 2909 468 2982 ὄχλοις
512 2909 568 2960 ἐκ
596 2907 1001 2970 πλησιαζούσης
1025 2906 1215 2967 πόλεως
1244 2906 1273 2966 ἣ
1325 2909 1504 2978 κώμης
1533 2906 1601 2958 τὰ
1629 2902 1889 2979 βρώματὰ

284 3001 670 3071 μετακομίζειν.

360 3103 462 3158 καὶ
511 3134 580 3146 -
637 3099 882 3176 ἰχθύδια.
927 3106 1028 3156 Καὶ
1067 3102 1152 3155 ἐπὶ
1210 3109 1309 3154 τῶν
1339 3103 1486 3155 πέντε
1537 3102 1703 3177 ἄρτων
1736 3109 1888 3154 τοῦτο

1987 1940 2066 1997 ad
2101 1940 2203 1997 Dei
2233 1953 2573 1996 sermonem
2604 1942 3016 2010 perseverant,
3050 1942 3105 1993 et
3133 1952 3243 2010 pro
3280 1952 3649 2009 unoquoque

1986 2027 2223 2086 labores
2252 2030 2536 2100 prompto
2569 2027 2866 2083 sustinent
2891 2027 3120 2092 animo,
3149 2040 3540 2098 nequaquam
3567 2025 3652 2094 je-

1982 2118 2115 2190 juni
2151 2117 2586 2188 relinquuntur,
2630 2115 2735 2171 sed
2785 2115 3119 2187 suscipiunt
3157 2113 3542 2186 splendidum
3580 2128 3651 2169 ac

1987 2206 2262 2263 divinum
2301 2206 2676 2278 cibum:pro
2708 2205 2963 2262 naturali
2986 2204 3230 2277 quidem
3257 2203 3407 2274 lege,
3451 2219 3652 2275 prom-

1986 2296 2329 2370 ptissimam
2353 2295 2683 2352 efﬁcaciam
2703 2310 2911 2352 eorum
2931 2310 3068 2366 quae
3090 2293 3344 2350 naturali
3363 2293 3652 2350 instinctu

1989 2385 2141 2443 efﬁci
2180 2387 2432 2458 possunt
2479 2400 2492 2440 :
2546 2399 2656 2457 pro
2715 2384 2933 2456 scripta
2981 2399 3144 2455 vero,
3193 2398 3269 2438 ne
3308 2381 3652 2439 affectiones

1989 2489 2125 2548 qua
2163 2478 2376 2546 praeter
2412 2478 2692 2530 naturam
2747 2473 3066 2542 insurgunt
3121 2474 3449 2544 sequantur
3490 2487 3504 2526 :
3541 2485 3652 2550 pro

1992 2562 2339 2634 evangelica
2391 2565 2610 2629 autem,
2663 2560 2951 2620 unionem
3003 2561 3082 2619 ad
3130 2560 3320 2618 Deum
3372 2575 3443 2618 ac
3489 2559 3653 2616 deifi.

1994 2653 2311 2711 cationem.

2067 2745 2133 2799 Et
2158 2742 2322 2814 prius
2348 2744 2403 2798 et
2431 2741 2644 2814 postea
2667 2739 2730 2796 in
2758 2739 2992 2796 deserto
3020 2739 3153 2796 loco
3185 2738 3362 2809 longe
3393 2757 3426 2795 ιι
3453 2737 3654 2796 civita-

1995 2831 2156 2889 tibus
2178 2846 2247 2887 ac
2266 2830 2411 2886 vicis
2432 2829 2547 2886 hoc
2569 2828 2708 2886 facit
2734 2828 3111 2901 miraculum,
3134 2844 3208 2884 ne
3234 2828 3424 2884 turbis
3447 2828 3654 2885 videa-

1999 2925 2091 2979 tur
2115 2937 2151 2979 a
2180 2919 2522 2993 propinqua
2548 2919 2782 2976 civitate
2806 2934 2877 2977 ac
2905 2919 3038 2976 vico
3069 2917 3232 2976 cibos
3262 2918 3510 2975 deferre.

2067 3116 2233 3175 Vers.
2275 3116 2364 3173 3i.
2405 3117 2480 3173 Et
2512 3147 2582 3157 —
2617 3115 2948 3187 pisciculos.
2987 3115 3052 3172 In
3091 3116 3355 3189 quinque
3393 3115 3657 3188 panibus

287 3194 579 3269 ἠρώτησεν,
639 3194 710 3254 ὡς
761 3189 896 3245 εἶπεν
941 3192 966 3244 ὀ
1013 3196 1242 3253 Λουκᾶς.
1282 3191 1398 3263 (11)
1449 3195 1548 3244 Καὶ
1587 3188 1704 3244 οὐδ’
1756 3190 1885 3244 οὕτω

2003 3205 2113 3263 hoc
2142 3207 2322 3262 etiam
2351 3206 2751 3274 interrogavit,
2785 3205 2934 3261 sicut
2962 3204 3109 3260 dixit
3133 3206 3364 3260 Marcus
3396 3205 3464 3269 Ἠ,
3498 3209 3554 3259 et
3581 3219 3656 3260 ne

290 3282 535 3342 συνῆκαν’
568 3284 634 3335 σὺ
667 3277 745 3354 δὲ,
780 3279 824 3333 εί
865 3285 954 3334 καὶ
1001 3281 1235 3343 κακίζεις
1263 3284 1358 3341 τὴν
1407 3282 1669 3339 τοσαύτην
1710 3285 1891 3354 πιιὶιρω⁴

290 3389 374 3425 σιν
423 3370 608 3436 αὐτῶν,
661 3372 763 3439 ὅτι,
802 3376 985 3446 νεαροῦ
1036 3374 1178 3431 ὄντος
1233 3372 1308 3422 ἔτι
1353 3377 1446 3424 τοῦ
1498 3371 1891 3446 προφθάσαντος

291 3461 573 3532 θαύματος,
616 3459 749 3512 οὕτω
801 3458 916 3533 (12)
971 3463 1178 3532 ταχέως
1231 3458 1554 3512 ἐπελάθοντοο
1603 3459 1729 3511 ἀλλὰ
1761 3461 1891 3513 θαύ-

288 3568 458 3623 μασον
501 3552 558 3602 τὸ
617 3548 892 3622 φιλαληθες
944 3548 1132 3614 αὐτῶν,
1173 3556 1285 3610 πῶς
1329 3551 1611 3623 γράφοντες
1663 3548 1722 3601 ού
1769 3550 1892 3622 κρύ-

289 3657 482 3693 πτουσι
532 3642 592 3692 τὸ
647 3638 834 3692 οἰκεῖον
891 3637 1144 3712 ἔγκλημα.
1208 3639 1479 3697 Ἐννόησον
1539 3634 1598 3692 δι
1644 3642 1733 3691 καὶ
1785 3646 1895 3700 πῶς

291 3726 554 3804 ἐκυρίευον
599 3736 695 3791 τῆς
748 3732 991 3804 γαστρός.
1066 3727 1148 3780 Ἐν
1199 3726 1392 3803 ἐρημία
1439 3729 1541 3802 γὰρ
1610 3731 1764 3794 ὄντες,
1805 3732 1895 3780 καὶ

291 3823 429 3893 τρεῖς
496 3817 690 3892 ἡμέρας
777 3814 1149 3892 διατρίϐοντες,
1229 3815 1359 3871 ἐπτᾶ
1453 3821 1641 3891 μόνους
1713 3817 1896 3892 ἄρτους

293 3906 619 3980 ἐπεφέροντο.

369 4016 473 4066 Καὶ
519 4042 590 4053 —-
635 4009 1064 4086 ἐχορτάσθησαν.
1101 4011 1298 4087 Ὅμοια
1338 4019 1443 4074 τοῖς
1495 4016 1765 4088 προτέρόις
1808 4017 1898 4067 καὶ

291 4103 430 4175 λέγει
475 4105 565 4155 καὶ
611 4109 768 4170 ποιεῖ,
801 4102 884 4156 ἶνα
924 4105 1254 4175 πανταχόθεν
1285 4103 1467 4166 αύτούς
1502 4101 1775 4177 ἀναμνήσῃ
1806 4109 1898 4156 τοῦ

293 4194 551 4266 προτέρου
583 4193 867 4265 θαύματος.

371 4303 472 4351 Καὶ
542 4327 612 4340 -
662 4295 912 4354 παιδίων.
971 4303 1090 4361 Πῶς
1143 4297 1248 4352 ἐκεῖ
1291 4299 1382 4372 μὶν
1444 4294 1654 4354 δώδεκα
1700 4303 1900 4374 κόφινοι

2000 3297 2083 3352 sic
2112 3296 2356 3368 quidem
2385 3293 2816 3350 intellexerunt.
2851 3288 3072 3358 Quodsi
3105 3297 3280 3349 tantae
3307 3308 3515 3348 eorum
3549 3308 3659 3348 caa-

1999 3384 2159 3440 citati
2196 3381 2548 3452 indignaris,
2593 3381 2758 3453 quod
2801 3397 2940 3436 cum
2979 3380 3131 3437 adeo
3169 3396 3375 3436 recens
3413 3383 3660 3451 praeter-

1999 3473 2158 3530 iisset
2186 3472 2334 3528 illud
2365 3470 2744 3540 miraculum,
2777 3469 2929 3527 adeo
2967 3470 3244 3526 velociter
3273 3469 3439 3525 obliti
3470 3475 3610 3526 sunt
3641 3487 3654 3525 :

2001 3562 2299 3621 admirare
2356 3565 2560 3616 tamen
2611 3559 2778 3632 quod
2836 3559 3138 3616 veritatem
3189 3559 3271 3615 ita
3323 3559 3536 3625 colant,
3596 3561 3661 3615 ut

2002 3651 2347 3718 scribentes,
2386 3666 2527 3706 suos
2565 3649 2744 3706 etiam
2796 3648 3060 3705 defectus
3099 3664 3221 3705 non
3260 3647 3658 3704 abscondant.

2002 3739 2255 3797 Adverte
2315 3739 2494 3795 etiam
2559 3743 2858 3810 quantum
2923 3737 3112 3794 ventri
3174 3737 3658 3793 dominabantur.

2004 3831 2153 3886 Cum
2193 3827 2354 3883 enim
2392 3831 2596 3882 essent
2633 3827 2692 3882 in
2740 3826 2997 3892 deserto,
3039 3831 3095 3881 et
3132 3830 3248 3881 tres
3286 3825 3415 3880 dies
3454 3825 3664 3882 demo-

2003 3921 2296 3985 rarentur,
2331 3919 2562 3988 septem
2592 3918 2826 3972 tantum
2855 3930 3045 3988 panes
3076 3914 3412 3972 attulerant.

2077 4027 2239 4081 Vers.
2269 4028 2356 4081 35.
2383 4022 2460 4079 Et
2482 4054 2552 4063 —
2572 4024 2635 4078 V.
2661 4022 2748 4079 37.
2777 4021 3054 4079 Saturati
3070 4027 3228 4078 sunt.
3257 4021 3483 4078 Similia
3502 4020 3664 4092 prio-

2007 4115 2175 4172 ribus
2225 4118 2282 4170 et
2328 4113 2489 4182 dicit,
2546 4115 2600 4169 et
2651 4111 2811 4179 facit,
2871 4115 2939 4166 ut
2987 4112 3154 4184 prius
3201 4109 3558 4168 miraculum
3597 4125 3666 4167 ex

2007 4203 2176 4264 omni
2214 4206 2383 4276 parte
2418 4201 2501 4257 eis
2536 4199 2617 4258 ad
2655 4200 3012 4257 memoriam
3041 4199 3308 4257 reducat.

2084 4311 2240 4369 Vers.
2283 4310 2372 4365 37.
2425 4308 2505 4366 Et
2557 4339 2628 4349 —
2677 4309 2745 4363 V.
2790 4307 2878 4365 38.
2933 4310 3175 4365 Pueros.
3227 4307 3544 4374 Quomodo
3583 4306 3671 4364 ibi

293 4385 694 4464 ἐπερίσσευσαν,
726 4386 950 4442 ἐνταῦθα
988 4385 1048 4441 δι
1088 4385 1342 4463 σπυρίδες
1367 4388 1497 4444 ἔπτὰ
1541 4387 1655 4444 δίον
1682 4389 1885 4444 ἐνταῦθα

2010 4399 2332 4460 duodecim
2362 4397 2604 4470 cophini
2633 4397 3067 4469 superfuerant,
3099 4397 3196 4453 hic
3227 4402 3427 4454 autem
3459 4400 3674 4468 sportas

291 4477 528 4552 μάλιστα
581 4477 756 4531 πλεῖον
811 4484 1179 4553 περισσεῦσαι,
1238 4477 1360 4532 ἕνθᾶ
1394 4483 1485 4533 καὶ
1534 4480 1754 4540 πλείονες
1787 4480 1885 4552 (13]

2016 4495 2264 4562 septem,
2307 4503 2446 4543 cum
2477 4491 2770 4559 oporteret
2796 4486 2896 4542 hic
2926 4487 3118 4557 magis
3151 4484 3504 4556 superesse?
3543 4486 3676 4540 Plu-

291 4569 341 4621 οἱ
383 4568 540 4641 ἄρτοι
587 4571 678 4620 καὶ
747 4567 1002 4628 ἐλάττονες
1054 4568 1102 4620 οἱ
1159 4567 1416 4631 ἐσθίοντες
1463 4583 1478 4637 ;
1536 4573 1699 4629 Φησὶν
1736 4570 1885 4642 (14)‹

2014 4595 2108 4636 res
2135 4578 2294 4636 enim
2327 4582 2494 4633 erant
2512 4576 2608 4632 hic
2629 4591 2841 4648 panes,
2869 4581 2924 4631 et
2949 4576 3263 4648 pauciores
3285 4575 3389 4646 qui
3418 4574 3678 4630 mandu-

294 4661 700 4732 Χρυσόστομος,
742 4658 823 4710 ὅτι
853 4658 909 4711 αἱ
942 4653 1196 4731 σπυρίδες
1227 4658 1356 4721 ἴσως
1379 4659 1593 4732 μείζους
1621 4669 1720 4713 τῶν
1763 4664 1908 4732 κοφί-

2019 4670 2323 4726 caverant.
2386 4665 2534 4722 Dicit
2595 4665 3050 4735 Chrysostomus
3111 4667 3345 4735 sportas
3403 4662 3679 4734 cophinis

292 4766 392 4799 νων
433 4742 594 4817 ἦσαν,
627 4747 654 4806 ἦ
707 4750 797 4799 καὶ
838 4745 1020 4821 ἑτέρως
1071 4745 1378 4821 ᾠκονομήθη
1419 4751 1478 4802 τὸ
1530 4757 1786 4816 τοιοῦτον,
1829 4750 1885 4804 iw

2020 4756 2202 4815 fuisse
2240 4755 2495 4814 fortasse
2538 4753 2820 4824 majores.
2872 4751 2974 4809 Vel
3023 4752 3140 4809 alio
3188 4767 3431 4823 quoque
3470 4749 3675 4807 modo.

372 4844 421 4879 '”
453 4845 630 4900 Marc.
661 4861 734 4912 τι,
767 4845 855 4902 38.

1537 4944 1766 5020 Variae
1795 4951 2123 5024 lectiones
2165 4961 2230 5022 et
2261 4961 2463 5021 nota.

379 5087 457 5162 (8)
499 5087 730 5162 inclusa
747 5087 809 5146 in
835 5087 1317 5162 marginehabet
1341 5089 1481 5147 cod.
1520 5090 1581 5146 Β.

373 5160 467 5238 (9)-
495 5161 813 5238 Hentenius
842 5161 1076 5218 videtur
1119 5160 1337 5232 legisse
1374 5162 1591 5238 ἡμέρας.
1626 5163 1800 5222 Forte
1834 5168 1914 5219 νό.

299 5232 800 5309 1.un_)_;’_leg_e_3ndum2

367 5306 486 5452 ἕω)
529 5305 643 5360 Hoc
669 5303 956 5360 conﬁrmat
976 5304 1339 5385 conjecturam
1362 5304 1522 5360 modo
1545 5307 1915 5380 propositam.

391 5379 482 5450 11)
520 5378 694 5450 Apud
723 5380 855 5434 Luc.
880 5391 961 5445 1x,
989 5376 1078 5442 13,
1109 5375 1258 5433 nihil
1285 5377 1399 5435 tale
1420 5379 1737 5451 reperitur.
1771 5382 1915 5440 Scri-

391 5375 482 5450 11)
520 5378 694 5450 Apud
723 5380 855 5434 Luc.
880 5391 961 5445 1x,
989 5375 1086 5442 l3,
1109 5375 1258 5433 nihil
1285 5377 1399 5435 tale
1420 5375 1737 5451 reperitur.
1771 5382 1918 5440 Scri-

375 5555 455 5630 (u)
482 5553 842 5630 Irascibilem.
870 5554 1007 5630 Tres
1037 5552 1223 5611 animi
1244 5553 1563 5614 facultates
1589 5561 1757 5616 notat
1780 5558 1842 5614 h.
1872 5558 1914 5614 Ῑ.

304 5625 650 5700 τὸ’λογικὸν,
704 5631 764 5680 τὸ
814 5625 1210 5699 ἐπιθυμητικὸν,
1265 5630 1324 5680 τὸ
1371 5630 1606 5700 θυμικόν.
1676 5630 1794 5687 Sed
1858 5634 1917 5683 τὸ

309 5699 529 5774 θυμικόν
550 5699 731 5757 latius
758 5701 938 5772 patet,
962 5713 1147 5771 quam
1177 5702 1239 5756 ut
1260 5713 1381 5756 uno
1402 5699 1689 5759 vbcabulo
1715 5701 1921 5762 irasci-

784 5787 1023 5845 PATROL.
1065 5779 1171 5846 Gn.
1215 5787 1461 5850 CXXIX.

2020 5094 2291 5154 bendum
2328 5110 2470 5165 ergo
2501 5108 2641 5149 cum
2671 5090 2953 5150 Hentenio
2985 5092 3219 5164 Μάρκος.

2121 5169 2208 5236 12)
2249 5173 2427 5231 Οῡπω,
2471 5166 2650 5222 male.
2691 5166 2758 5220 A.

2121 5239 2212 5303 13)
2252 5239 2336 5303 Οἱ,
2375 5238 2565 5293 abest.
2608 5239 2667 5292 Β.

2121 5170 2208 5236 12)
2249 5173 2427 5231 Οῡπω,
2471 5170 2650 5222 male.
2691 5170 2758 5220 A.

2121 5240 2186 5293 13
2252 5239 2336 5303 Οἱ,
2375 5238 2565 5293 abest.
2608 5239 2667 5292 Β.

2096 5170 2212 5382 itii
2249 5312 2411 5366 Tom.
2454 5307 2570 5376 VII,
2611 5321 2751 5381 pag.
2796 5309 2918 5363 539.
2961 5309 3032 5364 D.

2031 5557 2357 5704 gileggeddi
2411 5559 2619 5632 possit.
2675 5556 2820 5615 Vide
2873 5555 3101 5613 scholia
3156 5555 3235 5614 ad
3282 5554 3492 5628 Synes.
3552 5556 3592 5610 t.
3644 5550 3690 5606 Ι.

3220 5785 3288 5837 15
