4186 6318
532 320 641 380 859

1865 312 2212 374 EUTHYMII
2255 305 2580 371 ZIGABENI

3808 304 3928 362 460

535 450 622 506 Ita
658 443 1014 519 dispositum
1052 445 1199 511 erat,
1229 445 1294 501 ut
1329 441 1683 516 hujusmodi
1721 442 2195 513 fragmentorum

2312 442 2341 499 ἡ
2376 441 2590 496 τοιαύτη
2629 457 2728 489 των
2775 434 3206 508 περισσευμάτων
3267 429 3497 505 διαφορὰ
3533 436 3624 484 καὶ
3666 431 3930 484 ἁνοικειό-

531 535 846 594 diversitas
885 550 956 592 ac
1007 533 1408 607 inaequalitas,
1462 532 1846 590 indelebilem
1885 533 2198 604 utriusque

531 623 808 682 miraculi
853 622 1212 681 memoriam
1264 625 1662 679 conservaret.

602 804 893 860 Prmterea
929 806 986 859 et
1022 801 1210 859 aliter.
1242 801 1328 857 Ibi
1359 799 1607 874 quidem
1649 799 1938 873 c0phinos
1977 798 2194 871 aequali

530 905 787 950 numero
825 907 966 948 cum
1013 889 1303 964 apostolis
1355 889 1524 957 fecit;
1572 888 1672 946 hic
1719 893 1922 945 autem
1962 892 2194 960 sportas

532 981 754 1054 aequali
767 995 1020 1038 numero
1051 995 1188 1036 cum
1217 978 1480 1052 panibus
1508 994 1522 1034 :
1555 977 1836 1050 utrinque
1866 976 2090 1033 docens
2105 975 2195 1032 fa-

533 1067 642 1125 cile
680 1067 733 1124 ei
772 1082 902 1125 esse
940 1069 1103 1140 quod
1140 1067 1277 1125 velit
1314 1067 1528 1124 facere.

602 1158 735 1213 Jam
771 1171 917 1213 vero
973 1156 1256 1214 secretius
1313 1156 1492 1213 etiam
1545 1153 1922 1212 considerare
1961 1154 2194 1225 Oportet

534 1244 611 1302 de
645 1243 758 1301 illis
796 1245 1064 1318 quinque
1092 1245 1372 1311 millibus,
1415 1248 1473 1300 et
1500 1243 1575 1299 de
1603 1243 1696 1299 bis
1732 1247 1985 1315 quatuor
2025 1238 2194 1296 milli-

532 1332 671 1390 bus.
714 1333 1045 1406 Quinquies
1083 1334 1242 1390 mille
1291 1337 1432 1389 sunt
1476 1331 1806 1402 imperfecti
1834 1331 1904 1410 in
1943 1330 2188 1385 virtute:

533 1426 746 1496 quater
783 1427 981 1480 autem
1019 1421 1178 1479 mille
1208 1427 1346 1478 sunt
1372 1421 1770 1494 perfectiores.
1811 1419 1969 1476 Multi
2009 1417 2194 1490 siqui-

532 1512 674 1571 dem
696 1516 913 1569 suntet
941 1510 1035 1568 isti
1064 1515 1121 1568 et
1147 1511 1230 1568 illi
1261 1527 1273 1568 :
1310 1526 1546 1583 semper
1570 1514 1773 1567 tamen
1795 1506 2191 1581 imperfectio-

530 1614 628 1658 res
677 1616 931 1657 numero
987 1600 1230 1656 vincunt
1284 1599 1686 1672 perfectiores.
1748 1598 1943 1654 Edunt
1989 1601 2190 1653 autem

527 1687 701 1763 juxta
738 1688 1058 1757 Christum,
1101 1689 1218 1746 hoc
1256 1697 1344 1745 est
1381 1688 1765 1762 spiritualiter
1799 1686 2135 1757 intelligunt
2175 1702 2188 1743 :

531 1776 1004 1851 imperfectiores
1039 1778 1288 1851 quidem
1325 1779 1612 1850 pauciora
1657 1777 2023 1833 documenta
2059 1791 2193 1848 pro-
2228 1800 2268 1854 Β

532 1872 664 1941 pter
685 1866 1173 1934 imbecillitatem,
1199 1866 1569 1938 perfectiores
1588 1881 1730 1922 vero
1755 1866 1930 1937 plura
1954 1869 2194 1937 propter

531 1970 742 2013 eorum
791 1955 1219 2013 fortitudinem.
1269 1957 1596 2027 Supersunt
1640 1958 1845 2010 tamen
1891 1953 2068 2026 plura
2115 1953 2193 2010 ab

529 2042 1086 2116 imperfectioribus,
1117 2059 1188 2100 eo
1217 2044 1386 2116 quod
1410 2044 1701 2115 pauciora
1731 2043 1914 2098 edant
1945 2056 1958 2097 :
2001 2058 2038 2098 a
2065 2056 2196 2114 per-

446 2189 451 2192 .
531 2129 877 2190 fectioribus
934 2135 1136 2191 autem
1200 2131 1509 2205 pauciora,
1562 2147 1634 2188 eo
1689 2131 1856 2205 quod
1921 2129 2196 2204 pluribus

532 2218 794 2281 alantur.

606 2313 741 2367 Haec
779 2324 926 2368 sane
982 2309 1248 2367 diximus
1297 2325 1411 2367 nos
1459 2308 1786 2381 simplicius
1841 2324 1912 2365 ac
1950 2308 2197 2365 manife-

535 2401 714 2473 stius;
755 2397 856 2456 alii
903 2415 1040 2457 vero
1093 2399 1322 2472 seipsos
1371 2399 1434 2455 in
1481 2398 1719 2455 subtiles
1757 2398 2194 2470 disputationes

532 2486 931 2565 demittentes,
971 2488 1228 2546 multam
1271 2492 1329 2545 et
1372 2488 1610 2545 anxiam
1657 2492 2083 2544 contraxerunt
2120 2487 2196 2544 de

532 2577 803 2637 minimis
839 2579 1022 2635 rebus
1049 2577 1546 2651 disceptationem
1585 2593 1656 2634 ac
1687 2578 2046 2646 molestiam,
2086 2593 2196 2634 nec

531 2668 596 2726 id
634 2670 696 2725 in
732 2668 1007 2741 praesenti
1044 2671 1282 2724 tantum
1309 2667 1464 2735 loco,
1499 2683 1709 2724 verum
1746 2667 1926 2723 etiam
1963 2667 2025 2722 in
2064 2667 2196 2723 aliis

533 2757 736 2815 multis
755 2755 1354 2822 considerationibus,
1381 2771 1536 2830 quas
1554 2771 1664 2829 pro
1687 2756 1952 2814 molestis
1973 2755 2197 2813 haben-

533 2849 626 2902 tes
663 2844 1196 2917 praetercurrimus.

606 2935 768 2991 Vers.
808 2931 896 2989 39.
931 2933 1010 2989 Et
1035 2964 1102 2974 —
1128 2933 1195 2990 in
1223 2931 1448 2990 navim.
1479 2935 1608 2989 Non
1636 2933 1781 2990 abiit
1820 2933 2070 3005 pedestri
2110 2933 2198 2990 iti-

535 3039 697 3090 nere,
728 3037 804 3080 ne
834 3026 1151 3097 sequentes
1182 3022 1580 3093 gloriﬁcarent
1609 3038 1769 3079 eum.

609 3111 774 3171 Vers.
813 3113 901 3169 39.
932 3112 1015 3168 Et
1042 3141 1110 3156 --
1139 3112 1451 3183 Magdala.
1484 3112 1719 3168 Marcus
1750 3115 1952 3168 autem
1977 3110 2117 3168 dicit
2145 3113 2194 3147 τ’

535 3202 704 3278 quod
743 3202 948 3259 statim
976 3201 1176 3258 navim
1206 3199 1510 3273 ingressus
1532 3216 1670 3257 cum
1702 3199 2010 3273 discipulis
2050 3201 2192 3272 suis,

535 3291 700 3350 venit
726 3291 788 3348 in
827 3295 1026 3364 partes
1061 3289 1464 3348 Dalmanutha
1506 3311 1518 3344 :
1561 3294 1883 3362 utrumque
1913 3290 2073 3347 enim
2104 3305 2199 3348 co-

536 3396 680 3438 men
706 3379 874 3452 regio
903 3379 1006 3436 illa
1033 3378 1318 3436 habebat.

609 3470 761 3528 CAP.
792 3469 921 3525 XVI.
946 3467 1113 3526 Vers.
1142 3468 1169 3521 1
1187 3511 1201 3526 .
1243 3468 1508 3539 Cumque
1531 3467 1904 3525 accessissent
1931 3499 2000 3508 —
2027 3469 2194 3538 ipsis.

539 3559 641 3616 Hic
678 3573 920 3615 rursum
957 3557 1212 3613 verbum
1241 3555 1476 3632 ἐπερωτῶ
1505 3572 1630 3612 non
1667 3557 2050 3627 interrogare,
2093 3557 2199 3612 sed

539 3645 850 3719 deprecari
888 3644 1204 3716 signiﬁcat,
1245 3653 1308 3701 ut
1347 3645 1756 3718 praediximus.
1797 3646 2043 3716 Signum
2085 3663 2199 3703 au-

541 3739 662 3794 tem
700 3734 776 3792 de
814 3733 964 3792 ccelo
1002 3733 1204 3792 videre
1237 3734 1608 3806 quaerebant,
1651 3735 1816 3807 quod
1853 3736 2198 3808 prodigiose

538 3825 696 3882 circa
731 3823 921 3882 solem
952 3823 1140 3896 ﬁeret,
1170 3823 1472 3891 autciroa
1500 3823 1728 3893 lunam,
1764 3829 1868 3881 aut
1894 3825 1955 3880 in
1995 3825 2196 3881 stellis.

540 3917 661 3972 Hoc
697 3929 841 3972 vero
881 3917 1176 3972 tentantes
1225 3913 1580 3985 quaerebant
1627 3932 1645 3969 :
1695 3929 1890 3986 neque
1938 3915 2097 3970 enim
2136 3919 2200 3971 ut

537 4003 862 4067 crederent,
897 4001 1003 4058 sed
1031 4006 1097 4058 ut
1134 4001 1308 4073 quasi
1337 4015 1630 4070 magnum
1660 4002 2195 4072 apprehenderent.

537 4093 606 4148 Et
633 4090 735 4148 alii
757 4105 1002 4162 quoque
1026 4092 1344 4146 tentatores
1370 4093 1506 4145 ante
1533 4088 1646 4143 hos
1676 4089 1914 4158 signum
1941 4090 2014 4144 de
2047 4091 2198 4146 coelo

540 4179 950 4252 quaesiverunt
986 4178 1065 4234 ab
1111 4191 1203 4243 eo,
1261 4177 1414 4232 sicut
1462 4175 1747 4231 vicesimo
1797 4177 1964 4232 tertio
2004 4179 2196 4249 capite

538 4266 893 4342 praedictum
913 4269 1020 4338 est,
1054 4269 1112 4323 et
1137 4264 1223 4320 ibi
1253 4263 1436 4322 aliam
1465 4264 1644 4321 etiam
1670 4281 1905 4338 quaeras
1927 4283 2193 4323 causam.

615 4357 774 4412 Vers.
805 4355 858 4412 2.
888 4353 1091 4412 Atille
1118 4385 1189 4395 —
1211 4353 1310 4412 eis.
1345 4357 1574 4411 Marcus
1605 4356 1653 4390 ⁷³
1684 4369 1827 4411 vero
1857 4355 2002 4412 dixit
2031 4356 2196 4430 quod

541 4446 722 4505 etiam
759 4445 1051 4518 ingemuit
1087 4444 1295 4518 spiritu
1346 4460 1476 4512 suo,
1533 4445 1649 4502 hoc
1685 4450 1792 4510 est,
1831 4445 2125 4515 ingemuit
2161 4463 2198 4503 a

543 4534 780 4609 spiritu,
817 4535 894 4592 ab
924 4533 1146 4605 animo,
1181 4533 1347 4606 quod
1385 4549 1496 4590 nos
1526 4549 1855 4602 possumus
1885 4535 2080 4592 dicere
2118 4537 2197 4593 ab

540 4623 751 4699 intimo
772 4624 967 4682 cordis
993 4613 1104 4697 (ar).
1129 4626 1278 4680 Nam
1308 4639 1448 4680 cum
1477 4628 1770 4681 tentantes
1795 4624 1959 4697 ipsos
1979 4641 2196 4696 cogno-

539 4714 747 4780 visset,
767 4711 1057 4788 ingemuit
1080 4716 1321 4786 propter
1345 4712 1736 4771 incurabilem
1762 4712 2002 4771 illorum
2024 4714 2199 4772 mali-

537 4804 704 4870 tiam,
747 4807 804 4860 et
840 4802 990 4859 dixit
1026 4803 1110 4859 eis
1149 4818 1164 4858 :

608 4895 774 4951 Vers.
812 4892 869 4949 2.
918 4892 1160 4962 Vespere
1194 4921 1265 4932 —
1310 4891 1376 4949 V.
1414 4895 1469 4950 3.
1510 4892 1807 4950 Potestis?
1844 4893 2195 4966 Hypocritas

536 4981 648 5040 hos
675 4981 1026 5050 nominavit,
1055 4996 1181 5039 non
1209 4980 1405 5039 solum
1434 4983 1728 5055 tanquam
1756 4981 1873 5041 alia
1904 4983 2191 5052 dicentes,

607 5106 658 5145 ⁷³
686 5107 858 5164 Marc.
884 5118 1005 5172 vni,
1037 5109 1124 5162 10.
1199 5105 1246 5142 ⁷³
1272 5103 1424 5163 Ibid.
1453 5107 1540 5163 12.

2308 549 2406 590 της
2469 529 2712 600 ἐκατέρου
2772 528 3036 597 θαύματος
3089 528 3296 596 μνήμην
3356 520 3712 584 ἁνεξάλειπτον
3785 541 3924 574 συν-

2308 622 2543 694 τηρήσῃ.

2380 801 2481 849 Καὶ
2523 796 2712 868 τρόπον
2767 795 2934 865 ἕτερον
2983 791 3156 845 πάλιν·
3194 789 3326 844 Ἐκεῖ
3376 793 3465 862 μὲν
3513 793 3634 850 τοὺς
3671 795 3909 861 κοφίνους

2308 883 2619 957 ἰσαρίθμους
2664 891 2769 944 τοῖς
2799 881 3111 942 ἀποστόλοις
3159 879 3418 937 ἐποίησεν·
3476 879 3693 932 ἐνταῦθα
3727 876 3788 931 δε
3816 881 3908 938 τὰς

2307 971 2568 1046 σπυρίδας
2601 973 2913 1048 ἰσαρίθμους
2951 978 3062 1032 τοῖς
3111 971 3308 1042 ἄρτοις·
3359 965 3626 1022 διδάσκων
3655 967 3896 1037 ἐντεῦθεν,

2302 1064 2382 1115 ὅτι
2404 1063 2528 1136 ῥᾷον
2557 1063 2699 1132 αὐτῷ
2730 1068 2911 1131 ποιεῖν,
2940 1061 3023 1113 οἷα
3054 1057 3318 1133 βούλεται.

2372 1155 2487 1225 Χρὴ
2522 1146 2581 1204 δὲ
2608 1150 2784 1203 λοιπόν
2814 1154 2903 1202 καὶ
2926 1154 3312 1224 μυστικώτερον
3342 1145 3692 1220 ἓπιθεωρῆσαι
3716 1148 3833 1216 περί
3852 1163 3907 1196 τε

2300 1247 2401 1292 τῶν
2425 1239 2867 1312 πεντακισχιλίων
2884 1241 3084 1290 ἓκείνων
3103 1242 3192 1289 καὶ
3213 1241 3330 1310 περὶ
3350 1244 3448 1288 τῶν
3473 1233 3906 1308 τετρακισχιλίων

2301 1330 2514 1385 τούτων.
2551 1328 2982 1399 Πεντακισχίλιοι
3035 1331 3124 1399 μέν
3156 1326 3286 1379 εἰσιν
3318 1327 3366 1377 οἱ
3421 1323 3740 1396 ἁτελέστεροι
3777 1325 3910 1396 πρὸς

2300 1415 2510 1490 ἀρετήν,
2561 1417 2982 1493 τετρακισχίλιοι
3022 1413 3082 1469 δε
3117 1418 3165 1468 οἱ
3217 1414 3544 1486 τελειότεροι.
3595 1411 3778 1464 Πολλοὶ
3818 1415 3910 1483 μέν

2299 1508 2400 1580 ’γὰρ
2459 1511 2548 1560 καὶ
2594 1507 2739 1560 οὗτοι
2776 1505 3022 1558 κάκεῖνοι·
3086 1504 3312 1564 πλείονες
3365 1499 3422 1554 δὲ
3472 1501 3549 1554 ἀεὶ
3598 1503 3646 1553 οἱ
3694 1499 3914 1552 ἀτελέσ-

2299 1613 2438 1669 τεροι
2468 1604 2568 1648 τῶν
2620 1595 2957 1668 τελειοτὲρων.
3014 1594 3286 1646 Ἐσθίουσι
3345 1588 3402 1645 δε
3450 1593 3585 1643 κατὰ
3654 1592 3909 1662 Χριστὸν,

2301 1689 2590 1755 τουτέστιν,
2642 1693 2820 1737 νοοῦσι
2899 1691 3270 1755 πνευματικῶς,
3332 1683 3380 1733 οἱ
3440 1683 3529 1753 μὲν
3589 1679 3914 1752 ἁτελέστερόι

2301 1772 2547 1826 ἐλάττονα
2651 1779 2890 1846 νοήματα
2968 1770 3043 1825 δι’
3119 1771 3381 1825 ἀσθένειαν
3493 1777 3584 1821 τοῦ
3673 1776 3786 1831 νοῦ,
3861 1769 3915 1819 οἱ

2303 1858 2362 1914 6“:
2416 1861 2716 1937 τελειότεροι
2772 1861 2978 1915 πλείονα
3043 1858 3120 1914 δι’
3176 1861 3484 1913 εὐσθένειανο
3542 1859 3914 1930 περιττεύουσι

2304 1947 2363 2003 δε
2413 1949 2514 2003 ἀπὸ
2597 1954 2686 2023 μὲν
2742 1960 2841 2004 τῶν
2913 1949 3250 2024 ἀτελεστέρων
3329 1948 3532 2001 πλείονα
3616 1942 3687 1998 δι’
3739 1945 3914 2017 ὀλιγο-

2301 2044 2530 2112 τροφίαν,
2563 2037 2764 2094 ἆπό’δὲ
2793 2048 2892 2092 τῶν
2943 2039 3254 2112 τελειοτέρων
3301 2037 3555 2090 ἐλάσσονα
3603 2031 3695 2088 διὰ
3746 2035 3915 2088 πολυ-

2303 2133 2544 2201 τροφίαν.

2374 2312 2552 2359 Ταῦτα
2607 2308 2695 2378 μὲν
2735 2301 2822 2358 οὖν
2877 2306 3151 2378 εἰρήκαμεν
3218 2307 3365 2377 ἡμεῖς
3419 2302 3763 2376 ἁπλούστερον
3818 2307 3911 2356 καὶ

2843 2394 3023 2447 ’Ἄλλοι
3099 2391 3176 2458 δὲ,

2302 2483 2658 2557 λεπτολογίαν,
2723 2483 2916 2542 πολλὴν
2991 2486 3306 2557 επεσύραντο
3384 2482 3754 2556 σμικρολογίαν
3822 2487 3913 2534 καὶ

2309 2401 2766 2469 σὺνοπτικὼτερον.
2843 2394 3023 2447 ’Ἄλλοι
3099 2393 3176 2458 δὲ,
3254 2395 3486 2453 καθέντες
3571 2393 3780 2452 ἑαυτοὺς
3839 2393 3913 2456 εἰς

2307 2570 2519 2640 ἀηδίαν,
2570 2572 2664 2625 οὐκ
2712 2574 2796 2626 ἐπὶ
2862 2580 2953 2626 τοῦ
3005 2577 3258 2646 παρόντος
3315 2576 3488 2644 μόνον,
3537 2570 3663 2624 ἀλλὰ
3718 2577 3808 2624 καὶ
3861 2571 3910 2622 ἐν

2303 2662 2510 2723 πολλοῖς
2539 2661 2712 2724 calet;
2753 2664 3106 2736 θεωρήμασιν,
3137 2661 3265 2735 οἷπερ
3321 2661 3539 2725 ἑκόντες,
3584 2663 3652 2722 ὡς
3677 2659 3904 2732 ὀχληρὰ,

2302 2756 2722 2827 παρατρέχομεν.

2378 2951 2478 3000 Καὶ
2508 2977 2576 2987 -
2604 2946 2800 2998 πλοῖον.
2842 2946 2953 2998 Οὐκ
2983 2945 3179 3005 ἀπῆλθε
3209 2946 3455 3012 πεζεύων,
3497 2945 3579 2998 ἵνα
3598 2949 3667 3018 μὴ
3693 2943 3903 2997 ἀκολου-

2307 3038 2512 3095 θοῦντες
2543 3032 2839 3098 δοξάζωσιν
2871 3036 3044 3088 αὗτόν.

2377 3130 2478 3178 Καὶ
2508 3121 2791 3196 Μαγδαλά.
2832 3127 3036 3198 Μάρκος
3069 3122 3127 3176 ὸέ
3154 3143 3331 3196 φησιν,
3364 3126 3444 3178 ὅτι
3473 3129 3557 3176 καὶ
3587 3124 3695 3195 (15)
3719 3123 3904 3186 εὐθέως

2303 3214 2464 3288 ἐμϐὰς
2497 3214 2644 3275 εἰςτό
2675 3215 2850 3266 πλοῖον
2881 3217 3013 3287 μετὰ
3046 3222 3144 3266 τῶν
3170 3216 3416 3287 μαθητῶν
3447 3213 3625 3279 αὐτοῦ,
3665 3210 3812 3271 ἦλθεν
3839 3213 3908 3274 εἰς

2304 3307 2371 3356 τὰ
2395 3308 2524 3377 μέρη
2552 3302 2910 3375 Δαλμανουθά.
2947 3308 3047 3357 Καὶ
3070 3303 3360 3378 ἀμφοτέρας
3376 3304 3477 3376 ’γὰρ
3505 3306 3598 3365 τὰς
3621 3301 3910 3376 ἐπωνυμίας

2304 3391 2444 3465 εἶχεν
2477 3395 2507 3451 ἡ
2542 3397 2697 3465 χώρα
2727 3390 2914 3451 ἐκείνη.

2377 3486 2478 3534 Καὶ
2508 3480 2877 3553 προσελθόντες
2917 3511 2982 3522 -
3023 3481 3214 3539 αὐτοῖς.
3255 3510 3319 3520 -
3353 3481 3751 3552 Ἐπηρώτησαν,
3792 3480 3908 3533 ἀντὶ

2305 3576 2413 3635 τοῦ,
2476 3570 2860 3643 Παρεκάλεσαν,
2917 3572 2982 3630 ὡς
3033 3573 3427 3643 προειρήκαμεν.
3487 3574 3701 3638 Σημεῖόν
3755 3563 3814 3618 δὲ
3852 3567 3910 3628 ἐξ

2303 3657 2523 3733 οὐρανοῦ
2609 3657 2827 3720 ἐζήτουν
2909 3655 3055 3724 ἰδεῖν,
3138 3657 3633 3730 τερατουργούμενον
3694 3658 3724 3712 ἦ
3787 3660 3908 3729 περὶ

2302 3750 2389 3799 τόν
2431 3746 2595 3818 ἥλιον,
2632 3747 2661 3807 ἦ
2708 3751 2827 3822 περὶ
2867 3752 2959 3806 τήν
3014 3746 3246 3816 σελήνην,
3281 3745 3310 3804 ᾗ
3344 3749 3462 3818 περί
3491 3748 3613 3804 τοὺς
3662 3742 3906 3818 ἀστέρας.

2307 3836 2555 3896 Ἐζήτουν
2638 3832 2698 3888 δὲ
2763 3843 2917 3889 τοῦτο
2972 3835 3314 3910 πειράζοντες·
3376 3833 3435 3885 οὐ
3481 3853 3583 3906 ’γαρ
3639 3833 3736 3904 [Eva
3784 3851 3910 3884 πισ-

2303 3927 2582 3991 τεύσωσιν,
2643 3923 2746 3975 ἀλλ’
2810 3926 2892 3976 ἵνα
2945 3923 3284 3977 ἐπιλάϐωνται
3371 3921 3527 3974 αὐτοῦ
3575 3924 3644 3982 ὡς
3693 3925 3907 3992 γόητος.

2306 4017 2408 4066 Καὶ
2459 4012 2605 4064 ἄλλοι
2651 4009 2710 4065 δὲ
2739 4015 2838 4086 πρὸ
2889 4015 3082 4065 τούτων
3112 4016 3392 4087 πειρασταὶ
3424 4017 3636 4083 σημεῖον
3674 4010 3727 4072 ἐξ
3758 4010 3912 4083 οὐρα-

2302 4109 2390 4153 νοῦ
2445 4100 2707 4161 ἐζήτησαν
2761 4100 2846 4153 ἀπ’
2913 4101 3092 4166 αὐτοῦ,
3143 4103 3206 4161 ὡς
3271 4100 3318 4151 ἐν
3379 4107 3449 4169 τῷ
3496 4098 3712 4169 εἰκοστῷ
3751 4102 3912 4171 τρίτῳ

2303 4189 2562 4260 κεφαλαίῳ
2609 4195 3008 4265 προειρήκαμεν.
3059 4194 3160 4243 Καὶ
3209 4190 3439 4249 ζήτησον
3495 4185 3597 4239 ἐκεῖ
3635 4190 3723 4238 καὶ
3753 4185 3911 4243 ἄλλην

2304 4278 2497 4331 αἰτίαν.

2371 4365 2430 4419 Ὀ
2463 4363 2522 4419 δὲ
2543 4398 2610 4406 -
2642 4367 2833 4429 αὐτοῖς.
2865 4367 2922 4420 Ὀ
2955 4364 3014 4420 δε
3042 4368 3253 4442 Μάρκος
3286 4363 3440 4435 εἶπεν⁹
3475 4368 3554 4419 ὃτι
3584 4369 3672 4416 καὶ
3697 4362 3912 4415 ἀναστε-

2303 4455 2454 4518 νάξας
2485 4463 2556 4526 τῷ
2585 4459 2836 4528 πνεύματι
2862 4455 3043 4522 αὐτοῦ,
3071 4456 3227 4528 λέγει,
3252 4458 3516 4507 τουτέστιν
3549 4452 3664 4524 (16)
3689 4450 3910 4503 ἀποστε-

2303 4545 2459 4608 νᾶξας
2489 4543 2588 4596 ἀπὸ
2620 4553 2711 4597 τοῦ
2755 4547 3064 4618 πνεύματος,
3110 4543 3209 4597 ἀπὸ
3240 4552 3334 4606 τῆς
3364 4543 3563 4615 ψυχῆς,
3623 4542 3648 4593 ὃ
3695 4540 3903 4609 λέγομεν

2305 4637 2474 4707 ἡμεῖς,
2504 4632 2605 4685 ἀπὸ
2659 4632 2877 4706 βάθους,
2914 4632 3014 4686 ἀπὸ
3073 4629 3324 4706 καρδίας,
3384 4636 3534 4692 Γνοὺς
3580 4633 3677 4702 γὰρ
3714 4627 3900 4686 αὐτοὺς

2303 4725 2664 4798 πειράζοντας,
2702 4722 3027 4785 ὰνεστέναξεν
3059 4721 3140 4774 ἐπὶ
3161 4728 3222 4794 τῇ
3251 4719 3442 4792 ἁνιάτῳ
3465 4723 3687 4794 πονηρίᾳ
3710 4714 3899 4786 αὐτῶν,

2304 4816 2394 4865 καὶ
2423 4809 2556 4864 εἶπεν
2581 4810 2775 4873 αὐτοῖς’

2374 4899 2568 4971 Ὀψίας
2611 4931 2682 4941 -——
2733 4895 3007 4966 δύνασθε;
3048 4897 3355 4972 ’Υποκριτὰς
3406 4897 3598 4960 αὐτοὺς
3642 4898 3909 4966 ὠνόμασεν

2302 4987 2361 5041 οὐ
2403 4992 2554 5063 μόνον
2611 4991 2676 5054 ὡς
2723 4988 2853 5043 ἄλλα
2903 4991 2993 5065 μὲν
3049 4988 3314 5062 λέγοντας,
3361 4986 3492 5041 ἄλλα
3555 4982 3615 5040 δε
3668 4991 3912 5062 φρονοῦν-

1753 5289 1979 5360 Variaa
1997 5290 2332 5361 lectiones
2376 5302 2442 5362 et
2476 5300 2658 5362 notae

541 5569 548 5576 ‘
607 5477 721 5553 (15)
750 5481 875 5550 Καὶ,
905 5478 1094 5541 abest.
1122 5482 1194 5538 Δ.

2379 5491 2493 5568 (16)
2532 5491 2922 5559 ’Δναστενάεας.
2955 5497 3023 5550 Δ.

604 5656 690 5732 (ω)
719 5657 813 5716 Ab
843 5656 1054 5714 intimo
1083 5657 1297 5718 cordis.
1329 5659 1571 5720 Videtur
1599 5678 1742 5738 ergo
1771 5665 2022 5724 alterum
2054 5665 2156 5723 ἀπό
2208 5668 2272 5728 in
2301 5685 2410 5728 suo
2441 5672 2642 5732 codice
2671 5688 2796 5732 non
2825 5672 3142 5749 reperisse;
