4186 6318
196 370 312 438 461
1170 374 1544 435 COMMENT.
1586 375 1657 431 IN
1698 365 2150 434 MATTHASUM.
2187 407 2255 416 —
2289 372 2452 434 CAP.
2492 375 2639 432 XVI.
3476 379 3583 436 462

199 527 325 576 τας,
385 505 514 558 ἀλλὰ
560 508 648 556 καὶ
711 505 778 566 ὡς
839 501 1120 564 δοκοῦντας
1169 507 1258 576 μὲν
1306 506 1513 576 σοφοὺς,
1564 507 1710 563 ὄντας
1760 499 1794 553 δ

1927 505 1982 558 et
2009 501 2126 558 alia
2149 501 2485 566 sentientes,
2512 515 2716 557 verum
2748 501 2926 559 etiam
2966 504 3261 574 tanquam
3289 503 3582 562 habentes

201 596 463 669 ἀσόφους.
516 597 669 665 Λέγει
726 598 915 660 τοίνυν,
977 595 1057 645 ὅτι
1104 598 1194 652 τὴν
1239 596 1328 665 μεν
1382 592 1674 664 ἐπιφάνειαν
1729 611 1794 643 το·

1930 606 1991 644 se
2023 607 2131 661 pro
2180 589 2568 661 sapientibus,
2624 592 2764 645 eum
2802 596 2997 647 essent
3040 592 3406 664 insipientes.
3433 595 3584 652 Dicit

204 687 434 759 οὐρανοῦ
489 689 770 754 γινώσκετε
830 679 1133 756 διακρίνειν,
1187 687 1307 736 πότε
1359 685 1446 754 μὲν
1497 678 1674 733 εὐδίαν
1725 677 1791 738 δή

1927 695 2066 749 ergo
2103 699 2115 737 :
2144 678 2568 750 Apparentiam
2601 695 2636 734 a
2693 679 2842 734 ccelo
2877 680 2960 751 (ῃ)
2994 682 3180 737 nostis
3225 682 3579 754 dijudicare,

201 775 309 844 λοῐ,
361 778 485 826 πότε
540 769 599 824 δὲ
660 781 916 844 χειμῶνα·
978 775 1044 824 τὰ
1092 769 1150 823 δὲ
1209 779 1401 843 σημεῖα
1462 780 1559 821 τῶν
1627 779 1794 844 καιρῶ

1927 768 2173 839 quando
2199 767 2582 823 serenitatem
2615 766 2858 834 indicat,
2891 773 2948 824 et
2978 770 3227 841 quando
3267 775 3580 844 tempesta-

204 866 266 917 οὐ
327 862 556 916 δύνασθε
617 859 926 934 διακρίνειν.
995 862 1054 913 Εἰ
1105 865 1204 935 γὰρ
1261 862 1350 919 ἧτε
1405 865 1591 931 σοφοὶ,
1645 858 1793 930 ἐγινώ

1927 861 2045 912 tem
2063 873 2075 910 :
2092 857 2265 925 signa
2279 872 2417 911 vero
2435 860 2770 927 temporum
2795 873 2915 912 non
2930 860 3172 928 potestis
3199 860 3283 932 dij
3296 862 3535 918 udicare
3551 863 3578 918 ?

204 971 356 1006 σκετε
416 953 619 1019 ἄν,ὃτι
672 955 824 1002 ταυτὶ
884 953 971 1022 μὲν
1040 953 1104 1001 τὰ
1137 949 1183 1000 ἐν
1241 958 1301 1021 τῇ
1357 958 1422 1022 γῇ
1487 957 1679 1020 σημεῖα
1726 969 1794 1000 τοη

1929 945 2099 1009 Quod
2124 944 2481 1015 sisapientes
2500 946 2727 1012 essetis,
2751 949 3181 1014 cognesceretis
3205 951 3400 1020 utique
3419 951 3581 1021 quod

201 1046 461 1116 παρόντος
542 1041 645 1092 εἰσὶ
715 1047 937 1113 καιροῦ,
997 1042 1063 1090 τὰ
1131 1035 1188 1091 δὲ
1242 1037 1294 1100 ἐξ
1353 1038 1570 1111 οὐρανοῦ
1626 1045 1794 1107 σημεῖ‹

1926 1033 2056 1089 haec
2081 1033 2254 1103 signa
2282 1049 2418 1104 quae
2448 1033 2509 1088 in
2539 1037 2693 1090 terra
2717 1033 2888 1098 ﬁunt,
2945 1036 3248 1105 prmsentis
3279 1043 3411 1092 sunt
3436 1044 3580 1094 tem-

197 1138 297 1182 τοῦ
349 1136 538 1204 καιροῦ
590 1137 684 1190 τῆς
745 1129 1034 1188 συντελείας
1088 1127 1207 1182 εἰσί.
1263 1131 1391 1179 Τότε
1443 1130 1543 1201 γὰρ
1601 1128 1626 1179 ὁ
1678 1126 1788 1184 ὴλιο

1927 1122 2087 1192 poris
2131 1143 2142 1188 ;
2191 1123 2363 1192 signa
2401 1138 2538 1178 vero
2587 1139 2722 1195 quae
2757 1123 2829 1178 de
2867 1123 3017 1178 ccelo
3072 1123 3243 1188 ﬁunt,
3295 1128 3580 1196 temporis

202 1222 643 1283 σκοτισθήσεται,
702 1223 792 1270 καὶ
851 1219 879 1274 ἡ
948 1217 1126 1276 σελήνη
1183 1216 1240 1268 οὗ
1295 1213 1458 1268 δώσει
1519 1220 1576 1268 τὸ
1635 1220 1792 1288 φέγγο

1927 1217 2065 1268 sunt
2088 1212 2624 1269 consummationis
2642 1212 2867 1269 saeculi.
2908 1214 3072 1269 Tunc
3089 1213 3248 1270 enim
3270 1216 3360 1270 sol
3381 1216 3580 1271 obscu-

201 1308 410 1375 αὐτῆς,
468 1312 556 1360 καὶ
653 1309 700 1359 οἱ
773 1305 982 1380 ἀστέρες
1056 1314 1338 1358 πεσοῦνται
1401 1305 1499 1358 ἀπὸ
1565 1314 1653 1358 τοῦ
1731 1307 1787 1358 οὐ

1925 1301 2179 1369 rabitur,
2212 1308 2264 1356 et
2292 1303 2428 1356 luna
2457 1319 2575 1358 non
2598 1301 2751 1359 dabit
2767 1303 3129 1374 splendorem
3149 1319 3341 1369 suum,
3367 1304 3575 1362 stellae-

198 1403 386 1469 ρανοῦ.

1924 1406 2032 1462 que
2064 1392 2269 1447 cadent
2295 1393 2367 1447 de
2387 1391 2528 1448 caelo
2559 1393 2630 1444 ⁷⁸.

281 1491 381 1539 Kui
438 1516 503 1526 —-
564 1489 832 1560 προφήτου
873 1528 886 1542 .
945 1491 1123 1536 Ταῦτα
1193 1483 1326 1536 εἶπεν
1407 1483 1784 1559 ἀπαραλλάκτω

1994 1481 2159 1536 Vers.
2191 1481 2243 1534 4.
2272 1481 2346 1535 Et
2373 1511 2443 1522 —
2468 1481 2789 1551 prophetae.
2814 1482 2949 1536 Haec
2978 1481 3192 1538 eodem
3219 1482 3400 1539 modo
3430 1483 3578 1540 dixit

201 1580 295 1627 xui
354 1574 400 1626 ἐν
454 1583 526 1645 τῷ
592 1575 808 1645 εἰκοστῷ
859 1579 1015 1650 τρίτῳ
1086 1574 1366 1646 κεφαλαίῳ,
1419 1580 1508 1627 καὶ
1563 1577 1794 1648 ὴρμηνεύι

1920 1568 2208 1624 vicesimo
2237 1570 2403 1625 tertio
2431 1570 2642 1640 capite,
2672 1574 2728 1624 et
2757 1570 2816 1623 in
2864 1585 2935 1625 eo
2967 1569 3270 1626 declarata
3301 1577 3459 1626 sunt.
3490 1572 3576 1626 Tu

204 1666 376 1722 θησαν
438 1662 485 1715 ἐν
517 1663 707 1734 ἐκείνῳ.
742 1667 806 1715 Σὺ
840 1660 898 1715 δὲ
948 1663 1115 1714 αὐτῶν
1164 1666 1260 1736 ὅρα
1301 1669 1393 1721 τὴν
1436 1670 1698 1737 πώρωσιν,
1731 1665 1788 1715 ὅτ

1920 1672 2054 1713 vero
2090 1673 2298 1714 eorum
2338 1659 2796 1714 excaacationem
2841 1658 3176 1715 considera.
3234 1661 3404 1724 Quod
3444 1676 3574 1715 cum

204 1757 299 1805 xui
330 1757 416 1804 τόν
460 1753 632 1806 Ἰωνᾱν
672 1749 886 1821 εἰδότες,
918 1757 1006 1804 καὶ
1033 1755 1099 1804 τὰ
1128 1756 1359 1826 παρόντα
1393 1753 1529 1826 ῥητὰ
1561 1757 1651 1805 καὶ
1682 1758 1794 1826 πρό-

1918 1746 2131 1801 Jonam
2178 1750 2445 1810 nossent,
2491 1761 2562 1802 ac
2626 1747 2948 1817 praesentia
3005 1746 3185 1803 verba
3223 1752 3280 1802 et
3321 1747 3488 1818 prius
3517 1753 3574 1804 et

200 1861 352 1915 τερον
385 1847 473 1894 xui
502 1849 589 1893 νῦν
618 1840 947 1910 ἀκούσαντες,
989 1841 1081 1893 οὐκ
1112 1841 1370 1900 ἠθέλησαν
1401 1841 1682 1916 ἐρωτῆσαι,
1723 1863 1788 1894 κα

1919 1850 2075 1890 nunc
2105 1851 2348 1908 quoque
2387 1837 2715 1900 audissent,
2743 1836 3058 1892 noluerunt
3084 1838 3468 1906 interrogare,
3502 1852 3572 1893 ac

206 1933 416 2003 μαθεῖν,
466 1935 515 1983 τί
579 1929 691 1982 ἔστι
740 1937 891 1983 τοῦτο
939 1934 996 1981 τὸ
1039 1938 1251 2002 σημεῖον
1304 1932 1329 1981 ὃ
1377 1930 1531 2002 λέγει.
1586 1937 1794 2003 Πειρασ·

1919 1924 2145 1979 discere
2176 1925 2340 1995 quod
2393 1928 2549 1980 esset
2599 1924 2715 1980 hoc
2765 1924 3012 1993 signum
3069 1925 3235 1996 quod
3290 1925 3568 1992 diceret;

199 2025 293 2072 ταὶ
319 2022 420 2093 γὰρ
453 2016 604 2084 ἦσαν,
637 2021 704 2080 ὡς
736 2021 956 2092 εἴρηται.
987 2023 1074 2071 Διό
1093 2025 1182 2071 xui
1213 2019 1366 2080 αὐτὸς
1407 2017 1570 2090 ἀφεὶς,
1600 2021 1794 2090 αὐτοὺς,

1919 2017 2238 2068 tentatores
2263 2012 2422 2068 enim
2448 2017 2634 2080 erant,
2664 2012 2810 2068 sicut
2836 2012 3063 2068 dictum
3093 2016 3204 2069 est.
3228 2013 3368 2069 Ideo
3391 2013 3572 2070 etiam

208 2107 537 2183 ἀνεχώρησε.

1916 2099 2132 2156 relictis
2162 2100 2274 2155 illis
2300 2101 2606 2158 abscessit.

280 2229 380 2278 Kui
438 2224 548 2296 (17)
589 2255 658 2264 --
709 2224 957 2283 ἀπῆλθεν.
1006 2223 1063 2276 ιΟ
1122 2220 1181 2277 δε
1235 2227 1443 2297 Μάρκος
1491 2231 1668 2297 φησὶν,
1702 2228 1794 2296 ὅτι,

1988 2209 2144 2262 Vers.
2172 2209 2226 2262 4.
2259 2207 2337 2262 Et
2387 2239 2454 2246 —
2483 2207 2641 2264 abiit.
2687 2210 2915 2264 Marcus
2961 2211 3160 2264 autem
3195 2207 3276 2264 ait
3302 2208 3372 2276 τε,
3405 2207 3573 2280 quod

199 2311 361 2384 ἐμϐὰς
386 2313 537 2365 πάλιν
571 2312 643 2374 εἰς
681 2312 878 2378 πλοῖον,
911 2311 1134 2371 ἀπῆλθεν
1157 2313 1226 2375 εἰς
1256 2296 1516 2386 τόγπέραν,

1913 2311 2239 2351 conscensa
2267 2297 2405 2352 navi
2432 2313 2674 2353 rursum
2705 2297 2851 2352 abiit
2879 2298 2938 2352 in
2976 2296 3316 2353 ulteriorem
3347 2297 3568 2368 ripam.

199 2401 352 2455 ΚΕΦ.
406 2401 536 2457 ΛΒ’,
606 2405 728 2474 Περὶ
758 2410 849 2461 τῆς
896 2402 1062 2473 ζύμης
1091 2410 1189 2453 τῶν
1220 2408 1510 2476 Φαρισαίων
1547 2409 1637 2456 καὶ
1667 2401 1794 2457 Σαδ-

1913 2387 2064 2442 CAP.
2097 2387 2325 2441 XXXII.
2361 2389 2443 2444 De
2474 2389 2772 2456 fermento
2801 2387 3231 2444 Pharisaeorum
3261 2391 3315 2444 et
3345 2386 3572 2444 Saddu-

869 2486 1146 2546 δουκαίων.

2598 2509 2870 2550 eteorum.

275 2611 375 2658 Kui
428 2637 495 2647 —
557 2604 731 2658 λαϐεῖν
766 2645 777 2658 .
844 2605 1182 2678 [Ἃρκοῦντας
1236 2607 1349 2681 (18)
1397 2607 1569 2670 αὐτοῖς
1623 2605 1794 2667 δηλον-

1983 2599 2149 2654 Vers.
2180 2601 2235 2653 5.
2274 2600 2354 2656 Et
2382 2631 2450 2641 ——
2473 2616 2721 2657 sumere.
2754 2603 2796 2672 σι-
2828 2601 2939 2666 Qui
2967 2601 3232 2657 videlicet
3270 2601 3356 2657 eis
3407 2600 3567 2657 suﬁi-

205 2693 346 2767 ότι,]

1913 2693 2132 2744 cerent.

273 2783 330 2835 Ὀ
385 2780 444 2836 δε
500 2785 716 2856 Μάρκος
764 2780 919 2850 εἶπεν,
953 2787 1031 2838 ὅτι
1077 2790 1166 2838 καὶ
1209 2785 1252 2838 εἰ
1294 2792 1362 2860 μὴ
1401 2788 1486 2840 ἕνα
1515 2789 1670 2862 οἰρτον
1709 2790 1794 2842 οὐκ

1982 2779 2206 2833 Marcus
2262 2780 2463 2832 autem
2494 2778 2634 2834 dicit
2667 2780 2731 2850 ⁷⁸,
2761 2778 2928 2850 quod
2972 2795 3162 2834 unum
3189 2783 3421 2836 tantum
3460 2795 3564 2852 ρᾶς

201 2869 344 2944 εἶχον
372 2874 484 2944 μεθ’
515 2873 708 2926 ἑαυτῶν
735 2875 782 2925 ἓν
812 2881 883 2944 τῷ
914 2874 1098 2945 πλοίῳ.

1909 2879 2050 2920 nem
2079 2864 2387 2921 habebant
2422 2883 2627 2925 secum
2659 2869 2720 2924 in
2758 2869 2918 2924 navi.

271 2987 331 3031 Ὀ
383 2977 442 3032 δε
478 2981 690 3042 Ἰησοῦς
769 3012 835 3020 -
880 2978 1252 3036 Σαδδουκαίων
1285 3027 1296 3039 .
1351 2983 1408 3038 Ὀ
1475 2983 1534 3039 δε
1589 2989 1794 3059 Μάρκος

1980 2956 2138 3010 Vers.
2183 2956 2237 3009 6.
2303 2956 2468 3010 Jesus
2529 2989 2596 2997 -—
2645 2957 3085 3014 Sadduca'rum.
3135 2959 3361 3013 Marcus
3419 2971 3562 3013 vero

1909 3043 2056 3100 dixit
2084 3046 2152 3111 77,
2189 3043 2354 3116 quod
2389 3045 2567 3102 etiam
2607 3048 2886 3118 praacepit
2919 3047 3003 3102 eis
3063 3046 3268 3101 dicens
3305 3062 3316 3102 :
3363 3046 3557 3103 Videte

1907 3140 1959 3189 et
1973 3139 2159 3189 cavete
2171 3149 2206 3187 a
2223 3135 2505 3202 fermento
2521 3135 2971 3201 Pharisazorum,
2997 3141 3051 3191 et
3067 3136 3358 3204 fermentp
3376 3137 3563 3192 Hero-

1834 3203 1875 3261 Ο
1905 3223 2013 3278 dis.
2069 3221 2332 3276 Verbum
2382 3228 2583 3277 autem
2627 3225 2800 3279 Marci
2872 3220 3187 3275 διεστέλλετο
3235 3223 3366 3294 (pro
3437 3239 3560 3293 quo

1904 3313 2208 3378 vertimus,
2253 3315 2548 3385 praecepit)
2602 3313 2929 3383 improprie
2982 3313 3231 3382 capitur,
3266 3310 3417 3365 sicut
3447 3311 3561 3368 alia.

1904 3400 2162 3472 plurima
2197 3405 2357 3474 apud
2390 3406 2660 3459 Marcum.
2710 3399 3009 3468 Signiﬁcat
3060 3398 3218 3452 enim
3272 3402 3334 3451 ut
3380 3397 3560 3468 pluri-

1901 3506 2071 3545 mum
2102 3490 2484 3562 distinguere,
2514 3491 2820 3560 disputare
2848 3488 2941 3542 vel
2970 3487 3287 3558 explicare.
3323 3485 3424 3542 Illa
3454 3502 3559 3541 au-

1902 3583 2020 3635 tem
2077 3582 2460 3653 reduplicatio
2512 3598 2524 3636 :
2589 3578 3032 3643 Videte,Cavete,
3090 3576 3363 3647 praecepti
3434 3577 3556 3630 sive

1901 3669 2325 3726 admonitionis
2342 3669 2861 3743 exaggerationem
2881 3667 3264 3722 demonstrat.
3284 3667 3557 3720 Fermen-

1901 3766 2027 3812 tum
2051 3775 2191 3814 vero
2214 3759 2669 3822 Pharisaeorum,
2694 3755 3159 3811 Sadducaeorum
3181 3771 3248 3808 ac
3281 3752 3549 3817 Herodis,

1901 3852 2073 3902 vocat
2119 3847 2455 3903 doctrinam
2496 3846 2924 3901 Pharisaeorum
2968 3843 3436 3898 Sadducagorum
3481 3856 3552 3896 ac

1901 3935 2396 3992 Herodianorum.
2425 3939 2503 3992 De
2529 3934 2835 3990 Pharisaeis
2861 3933 3106 4005 quidem
3127 3939 3183 3986 et
3207 3931 3363 3986 Sadd
3375 3931 3553 3985 ucaais

1899 4026 2068 4082 tertio
2107 4027 2296 4098 capite
2341 4026 2726 4098 praediximus
2761 4041 2774 4090 ;
2821 4024 2894 4078 de
2937 4022 3286 4077 Herodianis
3350 4026 3550 4075 autem

1896 4115 2180 4171 vicesimo
2208 4116 2404 4186 primo
2428 4115 2642 4187 capite.
2678 4117 2833 4168 llanc
2854 4127 2994 4168 vero
3017 4111 3354 4166 doctrinam
3376 4124 3550 4166 voca-

1897 4205 1979 4260 vit
1997 4206 2368 4274 fermentum,
2403 4208 2607 4276 utpote
2639 4207 2944 4260 acetosam
2973 4217 3042 4256 ac
3075 4199 3439 4256 marcidam.

266 4295 331 4382 Qi
385 4291 444 4347 δὲ
495 4325 560 4337 -
612 4294 874 4354 ἐλάϐομεν.
928 4299 985 4352 Ὀ
1043 4304 1131 4373 μεν
1184 4309 1413 4379 Χριστὸς
1471 4308 1640 4382 ζύμην
1697 4317 1790 4371 τὴν

1968 4313 2128 4367 Vers.
2153 4312 2206 4367 7.
2233 4311 2311 4366 At
2336 4312 2436 4367 illi
2465 4341 2532 4352 —
2576 4311 2944 4380 sumpsimus.
2999 4306 3265 4362 Ghristus
3297 4305 3545 4376 quidem

195 4379 434 4454 διδαχὴν
479 4393 578 4438 τῶν
651 4389 927 4459 εἰρημένων
974 4390 1232 4462 ὠνόμασε,
1299 4400 1388 4448 καὶ
1443 4401 1640 4463 ταύτης
1697 4400 1792 4453 ἃπ-

1899 4400 2256 4456 fermentum
2287 4399 2625 4471 appellabat
2648 4379 3069 4469 praedictorum
3101 4395 3457 4459 doctrinam,
3491 4401 3549 4450 et

190 4473 409 4560 ἔχεσθαι
465 4475 833 4547 παρήγγειλεν·
898 4479 946 4530 οἱ
1014 4482 1246 4551 μαθηταὶ
1322 4481 1379 4538 δὲ
1437 4489 1604 4560 ζύμην
1673 4494 1790 4551 τοὺς

1901 4490 1978 4545 ab
2005 4490 2118 4545 hac
2145 4489 2439 4545 abstinere
2462 4488 2836 4560 praecipiebat
2870 4509 2880 4540 :
2917 4485 3193 4556 discipuli
3245 4501 3400 4548 vero,
3444 4484 3548 4539 fer-

192 4558 515 4625 ἰουδαίκοὺς
574 4563 762 4636 ἀρτους
815 4571 1128 4640 νοήσαντες,
1191 4577 1280 4626 καὶ
1344 4581 1461 4651 περὶ
1518 4586 1612 4641 τῆς
1665 4579 1789 4632 ἀπο-

1900 4584 2170 4636 mentum
2214 4554 2491 4636 Judaicos
2544 4554 2731 4650 panes
2784 4554 3194 4644 intelligentes,
3225 4579 3279 4628 et
3308 4575 3381 4628 de
3427 4574 3552 4628 illo-

185 4659 288 4721 χῆς
343 4653 541 4704 τούτων
589 4654 1012 4726 παραγγελθῆναι
1068 4665 1390 4731 νομίσαντες,
1438 4661 1787 4738 διελογίζοντο

1897 4685 2033 4725 rum
2073 4671 2424 4726 abstinentia
2475 4668 2833 4739 praecepisse
2874 4669 3166 4735 putantes,
3208 4663 3550 4731 cogitabant

188 4738 235 4789 ἐν
283 4737 516 4806 ἃαυτοίς,
576 4747 873 4812 τουτέστιν,
935 4745 1299 4821 ἐθορυϐοῦντο,
1350 4753 1652 4817 κωλυθέντες
1699 4762 1788 4830 μὲν

1900 4759 2063 4832 apud
2095 4776 2244 4826 sese,
2272 4759 2386 4814 hoc
2407 4737 2509 4821 est,
2541 4757 2953 4820 turbabantur,
2988 4751 3271 4823 prohibiti
3303 4750 3547 4821 quidem

192 4827 292 4878 ἀπὸ
347 4836 448 4878 τῶν
491 4827 798 4884 Ἰουδαϊκῶν
844 4834 1029 4909 τὶρτων,
1083 4839 1153 4900 ὡς
1198 4841 1620 4915 προσεδόκησαν·
1685 4827 1788 4901 έτέ-

1898 4827 2170 4906 Iudaicos
2201 4849 2372 4904 edere
2412 4862 2620 4918 panes,
2647 4849 2707 4898 ut
2733 4840 3154 4913 opinabantur,
3177 4854 3314 4892 cum
3347 4843 3545 4893 tamen

192 4933 314 4990 ρους
392 4913 450 4969 δε
503 4923 572 4991 μὴ
629 4919 1021 4996 ἐπιφερόμενοι.
1069 4913 1297 5001 λέγόντες
1352 4931 1399 4983 ἐν
1443 4935 1786 5009 μεταμελείᾳ,

1901 4939 2051 4995 alios
2089 4955 2211 4995 non
2241 4913 2538 5006 afferrent,
2588 4934 2852 4991 dicentes
2883 4935 3172 5002 tanquam
3200 4928 3547 5002 poenitentia

202 3069 427 3143 εἴρηκεν,
487 3071 566 3121 ὅτι
623 3073 713 3122 καὶ
768 3066 1086 3123 διεστεὪετο
1141 3072 1333 3141 αὐτοῖς,
1374 3073 1551 3147 λέγων·
1593 3074 1796 3149 Ὁρᾶτε,

205 3156 416 3229 βλέπετε
485 3157 587 3210 ἀπὸ
638 3167 734 3220 τῆς
788 3159 956 3230 ζύμης
1021 3169 1119 3212 τῶν
1169 3167 1504 3236 Φαρισαίων,
1557 3169 1646 3217 καὶ
1710 3173 1798 3225 τῆς

207 3249 369 3317 ζύμης
423 3243 685 3319 Ἡρώδου,
765 3248 1086 3301 Διεστέλλετο
1169 3253 1258 3322 μὲν
1338 3249 1444 3318 οὖν,
1520 3251 1632 3305 ἀντὶ
1682 3262 1794 3319 τοῦ,

205 3335 553 3407 ΙῙαρήγγελλε·
605 3339 664 3388 τό
718 3332 814 3400 δε,
863 3335 1079 3411 Ὀρᾶτε,
1141 3338 1385 3410 βλέπετε,
1442 3338 1798 3404 ἁναδίπλωσίς

201 3422 363 3488 ἔστιν,
449 3423 767 3496 ἐμφαίνουσα
824 3424 1062 3479 ἐπίτασιν
1130 3437 1221 3489 τῆς
1276 3431 1644 3504 παραγγελίας
1707 3433 1795 3492 ζύ-

198 3533 302 3586 μην
381 3508 439 3565 δὲ
487 3512 621 3584 λεγει
687 3520 1004 3586 Φαρισαίων,
1072 3521 1160 3569 καὶ
1242 3515 1633 3589 Σαδδουκαίων,
1706 3532 1794 3579 καὶ

195 3598 454 3677 Ἡρώδου,
488 3606 576 3660 τὴν
622 3599 864 3674 διδαχὴν
907 3613 1005 3656 τῶν
1050 3611 1368 3680 Φαρισαίων,
1412 3615 1499 3662 καὶ
1554 3609 1793 3667 Σαδδου-

196 3696 374 3756 καίων,
430 3696 520 3744 καὶ
574 3689 936 3765 Ἡρῳδιανῶν,
994 3701 1379 3771 Προειρήκαμεν
1431 3697 1488 3754 δε
1535 3709 1651 3776 περὶ
1701 3704 1792 3777 μέν

195 3787 296 3831 τῶν
367 3785 663 3851 Φαρισαίων
707 3785 796 3835 καὶ
846 3779 1216 3838 Σαδδουκαίων
1273 3787 1321 3840 ἕν
1366 3797 1439 3860 τῷ
1492 3796 1649 3866 τρίτῳ
1714 3813 1794 3845 κε-

195 3867 418 3940 φαλαίῳ,
451 3874 569 3940 περὶ
596 3865 654 3921 δε
679 3877 774 3921 τῶν
802 3868 1132 3944 Ἢρωδιανῶν
1160 3874 1208 3927 ἐν
1238 3884 1308 3947 τῷ
1358 3865 1576 3951 εἰκοστῷ
1605 3888 1792 3956 πρώτῳ

192 3955 478 4042 κεφαλαίῳ.
512 3959 689 4028 Ζύμην
720 3955 778 4011 δε
823 3964 914 4018 τὴν
960 3957 1200 4034 διδαχὴν
1249 3967 1409 4026 αὐτὴν
1441 3969 1692 4042 ἐκάλεσεν,
1728 3975 1791 4034 ὡς

194 4041 370 4107 ὀξώδη
389 4053 479 4096 xui
510 4048 734 4120 σαπράν.

262 5093 312 5128 ⁷⁸
341 5094 540 5152 Matth.
573 5113 726 5167 xvxv,
759 5101 845 5158 29.
922 5105 971 5140 ⁷⁵
997 5108 1170 5164 Marc.
1201 5124 1320 5176 vm,
1359 5110 1441 5166 12.
1519 5113 1567 5148 ⁷⁸
1592 5114 1744 5187 Ibid,
1775 5118 1794 5174 t

1939 5117 1993 5156 ττ
2013 5118 2154 5173 lbid.
2184 5119 2265 5172 15.

1419 5290 1647 5362 Variae
1673 5293 1998 5368 lectiones
2037 5304 2104 5366 et
2128 5304 2330 5369 notae.

185 5467 1508 5600 οίὲξρνξξξξξίξξῶθξξοξᾘῇ,ξίξξτξξηὶὲτξῇάίί
1538 5489 1598 5547 in
1629 5493 1788 5566 Ρνίη-
1896 5583 1923 5600 ’ν
1953 5512 2082 5600 ,(118)
2121 5513 2357 5600 Inclusa
2385 5510 2618 5570 omittit.
2646 5509 2713 5566 A.
2742 5507 3061 5565 Hentenius
3087 5507 3147 5563 in
3175 5505 3293 5561 ﬁne
3336 5501 3543 5562 scholii

237 5557 333 5617 p10
358 5559 567 5604 versus
595 5565 608 5604 :
637 5553 739 5602 Καὶ
770 5553 1071 5626 ἀποκριθεὶς
1097 5558 1230 5608 είπεν
1257 5557 1449 5622 αὐτοῖς.
1632 5553 1646 5566 ’

1896 5553 2176 5643 ὴέιὲἔϐέίῖ

258 5722 341 5796 (y)
368 5725 802 5796 Apparentiam
835 5747 871 5788 a
899 5734 1067 5791 caelo.
1101 5733 1488 5809 Superficiem
1510 5742 1661 5800 cceli.
