4186 6318
648 327 755 386 463

1969 316 2321 378 EUTHYMII
2356 314 2694 375 ZIGABENI
3916 314 4003 371 ιω

648 451 812 509 ducti
842 466 856 508 :
888 449 1079 507 Panes
1103 462 1226 507 non
1275 446 1646 521 sumpsimus
1672 461 1709 505 a
1736 445 2013 503 ﬁdelibus
2058 446 2163 519 qui
2190 461 2292 503 nos

2411 444 2491 497 ὅτι
2538 448 2759 516 Ἄρτους
2812 439 2906 492 οὐκ
2982 437 3224 512 όλάϐομεν
3298 439 3354 493 ἐκ
3434 446 3536 492 τῶν
3602 436 4001 512 ξενοδοχούντων

646 538 1239 613 excipiunthospitio,
1262 543 1328 597 ut
1348 538 1431 595 eis
1442 552 1766 612 pascamur
1787 537 1836 593 si
1857 552 2092 594 moram
2109 535 2303 594 facere

649 628 978 699 contingat.

720 718 865 783 Quid
892 732 1035 788 ergo
1064 716 1349 785 Christus,
1380 715 1481 790 qui
1509 714 1903 788 cogitationes
1932 714 2169 772 illorum
2198 728 2303 770 no-

644 812 809 865 verat
836 806 865 862 ?
890 806 1096 863 Merito
1125 811 1368 879 propter
1396 810 1713 877 utrumque
1739 803 2120 876 reprehendit
2146 801 2300 869 illos,

646 901 702 954 et
731 897 874 969 quia
903 896 1326 953 existimabant
1351 910 1491 952 eum
1540 894 1896 967 praecepisse
1926 893 2000 949 de
2029 892 2301 949 ciborum

646 986 1080 1053 observatione,
1111 1001 1296 1058 quam
1321 989 1517 1056 utpote
1533 984 1847 1040 Judaicam
1874 983 1998 1055 ipse
2024 987 2198 1038 antea
2216 996 2304 1037 re-

642 1075 885 1148 jecerat,
939 1075 1189 1147 quando
1237 1074 1413 1132 docui
1443 1075 1513 1143 τε,
1566 1073 1734 1146 quod
1766 1089 1890 1129 non
1920 1072 2001 1139 id,
2044 1070 2209 1144 quod
2240 1071 2300 1126 in

644 1179 713 1221 os
742 1164 1094 1233 ingreditur,
1123 1164 1424 1237 impurum
1455 1163 1643 1220 reddit
1680 1162 1988 1219 hominem
2015 1183 2027 1215 :
2061 1165 2120 1217 et
2157 1160 2303 1233 quia

645 1252 716 1310 de
740 1253 875 1311 cibo
893 1252 1125 1311 solliciti
1139 1259 1328 1324 erant,
1349 1270 1489 1311 cum
1506 1269 1708 1311 secum
1728 1253 2019 1310 haberent
2033 1266 2173 1309 eum
2192 1249 2295 1323 qui

644 1340 845 1399 cibum
870 1356 1115 1399 omnem
1154 1342 1657 1400 subministraret.

714 1430 879 1488 Vers.
911 1430 969 1489 8.
995 1431 1114 1500 Quo
1140 1432 1368 1504 cognito
1394 1461 1465 1474 —
1488 1430 1819 1502 sumpsistis
1839 1430 1866 1485 ?
1883 1429 2153 1486 Primum
2183 1426 2301 1485 cibi

643 1518 1102 1577 sollicitudinem
1144 1519 1259 1577 illis
1305 1519 1675 1593 improperat
1704 1518 1911 1575 dicens
1945 1538 1957 1572 :
1988 1515 2143 1584 Quid
2182 1519 2302 1572 tur-

638 1607 871 1664 bamini
922 1608 1089 1681 quod
1130 1623 1321 1681 panes
1372 1608 1652 1667 alicunde
1713 1622 1833 1666 non
1883 1604 2223 1679 sumpsistis
2272 1604 2299 1659 ?

639 1698 868 1754 Rursus
920 1700 1121 1755 autem
1178 1700 1356 1757 vocat
1394 1714 1496 1755 eos
1539 1697 1770 1769 exiguae
1822 1695 1957 1752 ﬁdei
2000 1694 2296 1761 homines,

2411 534 2545 606 ἡμᾶς
2595 536 2817 596 πιστῶν,
2869 529 2951 581 ἱνα
3000 530 3202 591 τούτοις
3257 537 3549 605 τραφῶμεν,
3592 528 3635 581 εἰ
3675 528 3856 602 συμϐῇ
3888 550 4002 604 χρο-

2409 626 2576 675 νίσαι.

2479 715 2543 764 Τί
2599 705 2686 762 οὖν
2735 708 2760 761 ό
2810 709 3062 783 Χριστός,
3104 707 3132 761 ὁ
3175 708 3271 769 τὰς
3326 702 3559 768 διανοίας
3602 705 3773 759 αὐτῶν
3825 704 3998 777 εἰδὼς;

2409 804 2677 873 Μέμφεται
2708 797 2884 859 αὐτοῖς
2916 796 3125 858 εἰκότως
3151 793 3223 849 δι’
3265 796 3549 871 ἀμφότερα,
3583 792 3724 850 διότι
3751 816 3807 850 τε
3832 817 4000 872 προσεο

2412 886 2647 948 δόκησαν
2696 886 3119 963 παραγγελθῆναι
3148 890 3264 959 περὶ
3320 894 3411 947 τῆς
3465 894 3564 939 τῶν
3598 884 3890 960 βρωμάτων
3917 908 4000 940 πα-

2409 984 2761 1053 ρατηρήσεως,
2830 977 2914 1045 ἣν,
2969 972 3267 1034 Ἰουδαῐκὴν
3320 972 3502 1040 οὖσαν,
3558 975 3718 1037 αύτός
3794 975 3997 1040 ἐξέϐαλεν

2412 1067 2663 1141 ἀνωτέρω,
2698 1068 2780 1119 ὅτε
2821 1061 3084 1133 ἕδίδαξεν,
3126 1067 3203 1117 ὅτι
3243 1064 3303 1118 ού
3346 1068 3404 1118 τό
3460 1065 3819 1139 εἰσερχόμενον
3855 1066 3915 1127 εἰς
3940 1069 3994 1118 τό

2414 1164 2585 1230 στόμα
2612 1161 2780 1209 κοινοῖ
2814 1158 2899 1207 τόν
2931 1156 3220 1229 ἄνθρωπον
3255 1159 3344 1207 καὶ
3376 1151 3513 1207 διότι
3542 1159 3660 1229 περὶ
3692 1162 3877 1229 τροφῆς
3900 1154 3998 1227 ἱμε-

2410 1252 2693 1323 ρίμνησαν,
2734 1248 2942 1319 ἔχοντες
2984 1243 3097 1317 μεθ’
3151 1244 3344 1298 ίαυτῶν
3394 1246 3483 1297 τόν
3529 1248 3772 1319 χορηγὸν
3811 1243 3997 1304 ἀπάσης

2410 1343 2634 1410 τροφῆς.

2483 1427 2642 1485 Γνοὺς
2672 1454 2741 1466 -
2767 1421 2969 1477 ίλάϐετε
2997 1438 3011 1491 ;
3046 1429 3257 1498 Πρῶτον
3299 1425 3389 1481 τὴν
3418 1425 3669 1498 μέριμναν
3700 1430 3801 1486 τῆς
3827 1429 3998 1498 τροφῆς

2410 1512 2584 1574 αὐτοῖς
2614 1508 2881 1585 ὀνειδίζει,
2922 1511 3102 1584 λόγων·
3148 1514 3213 1566 Τί
3258 1509 3580 1587 θορυϐεῖσθε,
3637 1507 3786 1565 διότι
3834 1512 3999 1586 ἄρτους

2409 1602 2648 1677 ἑτέρωθεν
2732 1601 2826 1654 οὐκ
2891 1599 3092 1655 ἐλάϐετε
3160 1619 3184 1667 ;
3240 1599 3640 1673 Ὀλιγοπίστους
3730 1596 3791 1654 δί
3865 1600 3997 1653 πάλιν

2408 1690 2593 1753 αὐτοὺς
2644 1690 2905 1765 ὀνομάζει,
2972 1687 3113 1744 διότι
3188 1688 3283 1743 ούκ
3356 1688 3687 1761 ἕπίστευσαν,
3764 1690 3846 1744 ὅτι
3894 1688 3998 1763 παρ’

638 1786 779 1859 quia
806 1801 931 1844 non
958 1786 1284 1844 credebant
1313 1786 1480 1860 quod
1517 1786 1596 1844 ab
1621 1787 1753 1859 ipso
1790 1788 2045 1859 possent
2074 1784 2171 1855 ali,
2197 1782 2292 1839 sed

2409 1779 2570 1833 αὐτοῦ
2623 1784 2980 1856 τραφήσονται
3044 1780 3263 1849 πάντως,
3313 1776 3421 1832 ἀλλ’
3470 1777 3621 1833 αὐτοὶ
3672 1781 3799 1856 περὶ
3830 1778 3997 1832 ἑαυτῶν

637 1875 752 1948 ipsi
784 1876 879 1933 sui
899 1892 1109 1934 curam
1131 1875 1463 1934 habebant.

709 1981 876 2039 Vers.
905 1988 957 2039 6.
988 1983 1265 2041 Nondum
1303 2013 1373 2025 —
1404 1981 1471 2039 V.
1494 1982 1582 2040 10.
1614 1983 1981 2054 Sumpseritis
2012 1982 2041 2038 ἵ
2064 1981 2300 2039 Marcus

636 2083 779 2127 vero
809 2070 1051 2141 gravius
1083 2086 1187 2126 eos
1233 2071 1578 2143 increpasse
1632 2071 1736 2140 ait,
1775 2070 2006 2127 addens
2039 2088 2053 2127 :
2082 2069 2299 2126 Adhuc

639 2166 998 2217 excaecatum
1032 2159 1259 2217 habetis
1317 2175 1414 2216 cor
1442 2167 1693 2217 vestrum
1727 2162 1757 2215 ν
1779 2160 1967 2216 oculos
2025 2158 2299 2215 habentes

640 2267 754 2307 non
778 2249 1000 2319 videtis,
1016 2255 1069 2305 et
1083 2265 1255 2306 aures
1268 2249 1532 2306 habentes
1552 2266 1664 2306 non
1682 2250 1901 2307 auditis
1915 2250 1960 2285 79
1988 2248 2017 2304 (ἱ
2031 2250 2095 2305 Et
2109 2262 2299 2321 quare

638 2354 765 2397 non
787 2343 926 2395 tunc
944 2339 1583 2412 improperavitpotius
1607 2339 1693 2395 eis
1712 2338 1961 2411 quando
1986 2340 2293 2394 dixerunt:

647 2425 809 2485 Unde
850 2427 1017 2484 nobis
1044 2426 1109 2483 in
1163 2427 1386 2485 deserto
1427 2443 1609 2498 panes
1651 2436 1771 2485 tam
1813 2428 1991 2484 multi
2018 2429 2066 2463 ⁸ο
2097 2427 2126 2483 ?
2152 2425 2298 2491 Quia

638 2530 763 2574 non
786 2519 909 2573 erat
924 2531 1168 2589 equum
1198 2520 1265 2572 ut
1290 2516 1404 2574 hos
1416 2532 1622 2574 coram
1638 2515 1840 2573 multis
1870 2514 2291 2582 confunderet;

639 2604 819 2662 simul
844 2605 1025 2662 etiam
1052 2609 1404 2678 exspectans
1430 2605 1619 2662 donec
1657 2605 1816 2662 edito
1846 2604 2068 2678 duplici
2117 2604 2296 2661 mira-

640 2694 799 2760 culo,
840 2694 1078 2766 gravior
1128 2709 1200 2752 ac
1251 2693 1554 2753 efficacior
1580 2694 1929 2752 redderetur
1968 2692 2290 2752 accusatio.

711 2921 874 2981 Vers.
932 2924 1023 2982 11.
1092 2924 1387 2992 Quomodo
1452 2954 1522 2966 ——
1580 2924 2027 2983 Sadducaeorum
2059 2924 2087 2980 ‘2
2148 2927 2293 2981 Ecce

635 3010 765 3087 jam
776 3012 1244 3071 observationem
1256 3029 1499 3088 quoque
1512 3012 2289 3088 ciborumillisimproperat.

711 3101 878 3203 Yers.
921 3104 1012 3203 12.
1063 3104 1229 3205 Tune
1284 3134 1354 3145 —
1390 3104 1865 3205 Sadducazorurn.
1907 3102 2121 3160 Vidisti
2145 3118 2292 3202 praa-
2332 3148 2373 3205 Ο

637 3191 892 3250 missam
920 3192 1391 3265 increpationem
1408 3211 1426 3265 ;
1456 3192 1593 3250 vide
1621 3192 1799 3250 etiam
1819 3192 2078 3249 fructum
2109 3192 2238 3264 ejus
2268 3208 2286 3247 :

638 3280 916 3339 excitavit
945 3280 1105 3338 enim
1124 3285 1384 3338 mentem
1415 3281 1653 3338 illorum
1681 3297 1813 3355 quae
1851 3280 2209 3347 dormiebat,
2234 3283 2291 3338 et

636 3368 1070 3427 intellexerunt.
1098 3370 1405 3443 Siquidem
1426 3375 1662 3443 oportet
1686 3386 1809 3429 non
1835 3371 2059 3444 ubique
2082 3372 2288 3426 mitem

636 3474 766 3515 esse
791 3464 1235 3532 praeceptorem,
1265 3460 1372 3518 sed
1418 3460 1788 3533 quandoque
1820 3476 2103 3532 asperum
2139 3458 2286 3525 ﬁeri,

635 3551 694 3604 et
731 3548 1033 3606 interdum
1052 3549 1299 3621 quidem
1328 3548 1509 3606 libere
1535 3566 1597 3606 se
1623 3550 1849 3606 tradere
1870 3547 2178 3621 discipulis
2210 3548 2289 3605 ad

632 3634 1142 3705 refocillationem,
1181 3637 1479 3695 interdum
1532 3653 1675 3695 vero
1714 3638 2022 3711 increpare
2050 3637 2131 3695 ad
2165 3652 2290 3695 cor-

627 3724 987 3798 reptionem,
1017 3730 1075 3784 et
1101 3725 1216 3785 hac
1240 3727 1527 3786 varietate
1552 3726 1795 3786 illorum
1844 3741 2166 3800 procurare
2197 3742 2288 3784 sa-

629 3812 836 3874 lutem.

701 3913 838 3985 Cap.
884 3914 1112 3973 XXXIII.
1147 3915 1227 3973 De
1251 3915 1713 3989 interrogatione
1737 3915 1886 3987 apud
1931 3916 2283 3975 Caesaream.

699 4002 865 4060 Vers.
902 4008 984 4061 13.
1017 4008 1167 4061 Cum
1202 4012 1396 4063 autem
1426 4006 1665 4065 venisset
1706 4036 1775 4047 -
1804 4005 2053 4063 hominis
2083 4005 2113 4062 φ

703 4094 1036 4149 Caesaream
1065 4092 1224 4149 hanc
1254 4094 1561 4166 Philippus
1586 4095 1647 4150 in
1691 4094 1975 4150 honorem
2033 4095 2283 4152 Caesaris

629 4179 989 4239 construxit.
1040 4182 1173 4236 Erat
1201 4185 1401 4238 autem
1432 4185 1489 4237 et
1515 4182 1634 4240 alia
1681 4181 1946 4239 Caesarea
1974 4182 2279 4239 Stratonis.

628 4271 696 4325 Et
716 4267 925 4340 procul
954 4284 990 4325 a
1012 4267 1227 4326 Iudaeis
1252 4268 1545 4327 abductos
1591 4268 1919 4342 discipulos
1953 4270 2285 4343 interroga-

626 4357 730 4423 vit,
763 4360 827 4414 ut
855 4355 983 4413 sine
1012 4358 1222 4415 timore
1249 4357 1434 4416 libere
1456 4358 1888 4432 responderent
1925 4360 2004 4417 ad
2028 4358 2091 4416 id
2116 4362 2280 4433 quod

626 4445 1169 4518 interrogabantur.
1198 4450 1314 4505 Nec
1333 4447 1408 4505 de
1431 4448 1648 4507 Scribis
1678 4454 1736 4506 et
1772 4450 2084 4508 Pharismis
2106 4466 2279 4524 roga-

627 4534 746 4601 bat,
779 4534 861 4591 illi
886 4537 1045 4594 enim
1070 4534 1273 4610 ipsum
1317 4538 1631 4596 manifeste
1661 4540 2022 4597 contumelia
2064 4538 2276 4597 afﬁcie-

626 4623 812 4693 bant;
846 4625 952 4683 sed
979 4627 1054 4684 de
1102 4626 1382 4701 populari
1428 4629 1625 4697 turba,
1672 4644 1806 4701 quae
1836 4628 1915 4686 ab
1956 4629 2181 4686 invidia
2227 4634 2282 4687 et

624 4714 854 4775 malitia
880 4716 1070 4775 libera
1098 4722 1243 4775 erat.
1275 4718 1417 4775 Nam
1442 4723 1500 4776 et
1531 4720 1717 4776 Lucas
1748 4718 1922 4776 dicit:
1945 4718 2023 4775 Et
2052 4720 2280 4790 factum

624 4809 708 4863 est
736 4822 868 4865 cum
894 4813 1031 4865 esset
1060 4808 1177 4879 ipse
1198 4809 1359 4865 solus
1372 4823 1569 4877 orans,
1596 4814 1765 4866 erant
1794 4824 1927 4867 cum
1948 4824 2007 4865 eo
2041 4814 2091 4865 et
2134 4808 2279 4866 dici-

622 4897 749 4969 quli
789 4914 801 4953 :
832 4905 883 4956 et
912 4898 1306 4969 interragnvit
1339 4898 1460 4955 illos
1474 4898 1660 4955 dicens
1702 4915 1715 4955 :
1754 4898 1933 4967 Quem
1958 4913 2050 4957 me
2074 4899 2280 4956 dicunt

624 5001 744 5044 esse
774 4988 967 5044 turbae
990 4989 1032 5025 ⁸³
1076 4988 1103 5046 τ
1131 4990 1352 5046 Marcus
1374 5004 1515 5047 vero
1536 4991 1604 5055 ⁸³,
1633 4989 1793 5062 quod
1821 4989 1883 5046 in
1904 4989 1999 5047 via
2028 4991 2276 5048 interro-

2335 1866 2345 1881 ⁸
2409 1866 2727 1945 ἐφρόντιζον.

2480 1959 2640 2011 Οὔπω
2669 1988 2738 1999 -
2768 1955 2965 2011 ἐλάϐετε
2996 1974 3010 2025 ;
3047 1959 3257 2034 Μάρκος
3290 1953 3349 2011 δι
3381 1954 3664 2033 βαρύτερον
3703 1954 3996 2032 ἓπιτιμῆσαι

2409 2045 2584 2107 αὐτοῖς
2636 2046 2789 2119 λέγει,
2840 2048 3104 2121 προσθείς·
3151 2045 3271 2099 "Erl.
3313 2050 3691 2121 πεπωρωμένην
3741 2048 3886 2119 ἔχετε
3920 2051 3995 2107 τὴν

2406 2132 2631 2209 καρδίαν
2687 2136 2830 2209 ὑμῶν
2884 2151 2897 2205 ;
2942 2134 3235 2209 ὀφθαλμούς
3290 2137 3497 2208 ἔχοντες
3540 2139 3601 2187 οὺ
3650 2133 3887 2209 βλέπετε,
3924 2141 3996 2188 καὶ

2407 2223 2516 2277 ὦτα
2555 2226 2759 2296 ἔχοντες
2789 2224 2885 2277 ούκ
2923 2223 3131 2278 ἀκούετε
3155 2240 3169 2293 ;
3196 2225 3274 2280 Οὺ
3307 2222 3539 2297 βλέπετε,
3585 2229 3741 2297 φησὶ,
3775 2235 3881 2288 πῶς
3924 2229 3996 2278 καὶ

2405 2318 2602 2375 πόσους
2650 2312 2699 2366 ἕν
2732 2312 2923 2388 ἐρημίᾳ
2973 2317 3136 2390 τρέφω
3168 2332 3180 2383 ;
3214 2318 3303 2367 καὶ
3353 2311 3446 2366 οὐκ
3490 2312 3721 2379 ἀκούετε,
3780 2320 3895 2389 περὶ
3940 2314 3995 2365 ὧν

2408 2399 2443 2456 δ
2448 2399 2656 2456 ιῘάσκω
2688 2419 2704 2472 ;
2739 2408 2840 2457 Καὶ
2870 2399 2905 2456 δ
2910 2408 3011 2456 ιατί
3035 2408 3105 2475 μὴ
3136 2406 3253 2457 τότε
3290 2401 3479 2476 μᾶλλον
3510 2399 3780 2457 ὠνείδισεν
3815 2406 3993 2471 αὐτοῖς,

2405 2492 2488 2545 ὅτε
2516 2488 2675 2545 εἷπον·
2710 2493 2872 2547 Πόθεν
2902 2499 3027 2565 ημῖν
3058 2491 3107 2545 έν
3144 2490 3337 2566 ἕρημίᾳ
3364 2493 3517 2566 ἄρτοι
3546 2498 3791 2546 τοσοῦτοι
3818 2510 3832 2561 ς
3870 2498 3993 2547 sum

2405 2579 2499 2635 οὐκ
2553 2576 2614 2640 ἧν
2670 2581 2805 2643 εἰκός
2850 2583 3212 2654 καταισχύναι
3260 2582 3468 2643 τούτους
3524 2579 3737 2635 ἐνώπιον
3791 2580 3990 2635 πολλῶν

2403 2669 2515 2742 ἅμα
2540 2665 2598 2722 δὲ
2640 2672 2730 2723 καὶ
2760 2667 3013 2743 ἀνέμενεν,
3068 2670 3171 2742 ἵνα,
3216 2666 3407 2724 διπλοῦ
3454 2677 3547 2723 τοῦ
3578 2671 3835 2744 θαύματος
3857 2689 3993 2744 γενο-

2402 2763 2577 2834 μίνου,
2661 2758 2928 2835 βαρυτέρα
2999 2763 3091 2815 καὶ
3166 2755 3566 2836 δραστικωτίρα
3634 2761 3663 2820 ᾖ
3715 2763 3992 2835 κατηγορία

2402 2848 2638 2920 γίνηται.

2475 2943 2593 3000 Πῶς
2644 2970 2714 2979 -
2763 2934 3135 2992 Σαδδουκαίων
3168 2957 3181 3009 ;
3218 2934 3357 2994 Ἰδοὺ
3384 2937 3564 2992 λοιπόν
3593 2942 3680 2993 καὶ
3706 2940 3794 2997 τὴν
3828 2953 3983 3010 παρα-

2402 3030 2627 3102 τήρησιν
2658 3036 2757 3081 τῶν
2790 3027 3082 3103 βρωμάτων
3112 3029 3286 3092 αὐτοῖς
3310 3025 3575 3090 ὀνειδίζει.

2472 3120 2600 3170 Τότε
2660 3148 2718 3159 -
2774 3113 3147 3171 Σαδδουκαίων
3200 3136 3214 3190 ;
3266 3113 3414 3179 Εἶδες
3482 3116 3831 3190 ἀγανάκτησιν
3886 3112 3991 3167 ἔπι-

2398 3209 2697 3279 τεταμὲνην,
2760 3206 2877 3276 (19)
2942 3207 3041 3283 ὅρα
3099 3211 3189 3261 καὶ
3244 3210 3333 3262 τὸν
3392 3208 3585 3280 καρπὸν
3666 3204 3846 3266 αὐτῆς.
3909 3210 3994 3256 Δι-

2399 3298 2574 3369 ἠγειρε
2610 3297 2712 3371 γὰρ
2753 3294 3071 3367 αὖτίκαζτὴν
3121 3291 3356 3350 διάνοιαν
3407 3295 3575 3350 αὐτῶν
3615 3290 3989 3365 καθεύδουσαν,

2398 3388 2489 3437 καὶ
2520 3392 2770 3444 συνῆκαν.
2830 3388 2947 3461 Χρὴ
2979 3388 3077 3461 γὰρ
3131 3390 3203 3459 μή
3259 3392 3535 3459 πανταχοῦ
3573 3392 3731 3459 πρᾶον
3758 3380 3885 3436 εἶναι
3912 3385 3992 3435 τὸν

2400 3468 2743 3543 διδάσκαλον,
2815 3472 2922 3527 ἀλλ’
2977 3476 3115 3527 ἔστιν
3172 3475 3252 3529 ὅτε
3323 3479 3413 3528 καὶ
3481 3474 3857 3551 τραχύνεσθαι,
3910 3476 3991 3524 καὶ

2397 3564 2519 3616 ποτε
2604 3564 2693 3636 μὶν
2783 3559 3130 3637 μεταδιδόναι
3208 3563 3508 3639 παρῥησίας
3568 3571 3677 3627 τοῖς
3741 3564 3991 3636 μαθηταῖς

2396 3653 2527 3726 πρὸς
2574 3649 2880 3721 ἀνάκτησιν,
2935 3654 3059 3706 ποτε
3113 3648 3172 3706 δε
3229 3652 3468 3727 ἐπιτιμᾷν
3525 3656 3652 3727 πρὸς
3717 3650 3986 3720 συστολὴν,

2395 3744 2486 3793 καὶ
2568 3748 2632 3814 τῇ
2715 3740 2931 3816 τοιαύτῃ
3009 3740 3244 3815 ποικιλίᾳ
3310 3746 3406 3802 τὴν
3489 3746 3750 3818 σωτηρίαν
3833 3740 3988 3795 αὐτῶν

2398 3828 2704 3901 οἰκονομεῖν.

2504 3924 2649 3975 ΚΕΦ.
2680 3920 2805 3977 ΛΓ’.
2834 3923 2957 3997 Περὶ
2984 3926 3078 3984 τῆς
3110 3918 3158 3973 ἐν
3190 3924 3484 3996 Καισαρείᾳ
3510 3917 3891 3996 ἐπερωτήσεως.

2465 4006 2655 4061 Ἐλθὼν
2707 4040 2775 4051 -
2842 4006 3114 4083 ἀνθρώπου
3172 4027 3186 4079 ;
3240 4013 3345 4068 Τὴν
3426 4010 3745 4084 Καισάρειαν
3808 4011 3989 4066 ταύτην

2393 4099 2420 4151 ό
2463 4096 2712 4159 Φίλιππος
2767 4095 2844 4151 ἰπὶ
2890 4104 3015 4172 τιμῇ
3078 4106 3169 4152 τοῦ
3222 4103 3490 4173 Καίσαρος
3537 4100 3763 4155 ἔκτισεν.
3814 4098 3908 4153 Ἦν
3937 4094 3989 4150 δι

2393 4190 2482 4240 καὶ
2538 4184 2664 4245 άλλη
2728 4188 3036 4261 Καισάρεια,
3094 4188 3124 4247 ἠ
3181 4195 3272 4240 τοῦ
3330 4187 3645 4262 Στράτωνος.
3698 4187 3883 4265 Πόρῥω
3935 4182 3987 4239 δε

2392 4284 2491 4329 τῶν
2551 4272 2823 4330 Ἰουδαίων
2874 4274 3162 4348 ἀπαγαγὼν
3217 4278 3335 4338 τοὺς
3386 4278 3640 4349 μαθητὰς,
3702 4276 3985 4353 ἠρώτησεν,

2393 4366 2476 4419 ἶνα
2519 4368 2691 4439 χωρὶς
2737 4363 2895 4436 φόϐου
2949 4367 3077 4438 μετὰ
3152 4364 3452 4441 παρῥησίας
3502 4368 3738 4433 εἴπωσιν,
3790 4366 3817 4419 ὃ
3862 4365 3989 4440 ἣρω·

2390 4456 2649 4514 τήθησαν.
2693 4456 2804 4508 Ούκ
2871 4452 3036 4528 ἕρωτᾷ
3079 4450 3138 4507 δε
3186 4459 3305 4529 περὶ
3366 4462 3465 4507 τῶν
3510 4458 3854 4531 Γραμματίων
3906 4456 3987 4505 καὶ

2396 4548 2715 4619 Φαρισαίων.
2781 4540 3057 4619 προδήλως
3111 4545 3209 4619 γὰρ
3259 4542 3440 4597 ἄκεὶνοι
3516 4539 3695 4597 τοῦτον
3759 4542 3983 4616 ὕϐριζον·

2390 4632 2517 4688 ἀλλά
2548 4637 2667 4708 περὶ
2707 4639 2798 4687 τοῦ
2827 4628 3115 4706 δημώδους
3146 4631 3331 4705 ὄχλου,
3362 4641 3452 4686 τοῦ
3482 4637 3650 4707 χωρὶς
3681 4635 3860 4705 φθόνου
3895 4632 3978 4681 καὶ

2388 4726 2661 4798 πονηρίας.
2720 4721 2836 4795 (20)
2874 4725 3030 4794 Λέγει
3081 4723 3182 4794 γὰρ
3228 4722 3255 4774 ὁ
3288 4721 3401 4794 (21)
3453 4722 3715 4788 Ἰωάννης,
3760 4722 3840 4775 ὅτι
3882 4718 3982 4773 Καὶ

2388 4810 2583 4885 ἐγένετο
2643 4810 2717 4883 [ἂν
2789 4818 2862 4881 τῷ
2943 4805 3073 4864 εἶναι
3129 4809 3285 4865 αὐτόν
3376 4816 3799 4887 προσευχόμενον
3858 4804 3988 4861 κατὰ

2388 4906 2563 4976 μόνας,
2650 4908 2882 4961 συνῆσαν
2950 4899 3093 4974 αύτῷ
3166 4900 3215 4954 οἱ
3301 4902 3558 4973 μαθηταὶ,
3647 4905 3739 4954 καὶ
3798 4898 3989 4973 ἑπηρώ·

2386 5010 2544 5052 τησεν
2622 4990 2808 5053 αύτούς
2859 4988 3039 5063 λέγων·
3116 4991 3245 5048 Τίνα
3298 5008 3364 5064 με
3435 4990 3675 5065 λέγουσιν
3744 4992 3796 5045 οἱ
3842 4986 3987 5064 ὄχλοι

694 5163 743 5202 τε
768 5163 950 5223 Matth
972 5180 1064 5236 xv,
1097 5168 1181 5222 Η.
1260 5166 1309 5204 ἠ
1331 5172 1507 5225 Marc.
1538 5182 1658 5237 Vill,
1688 5168 1775 5237 17,
1803 5168 1890 5225 18.
1968 5169 2016 5206 ³ο
2041 5114 2292 5227 Matth?)

2400 5173 2488 5228 33.
2565 5170 2610 5207 ⁸¹
2644 5170 2781 5228 Luc.
2815 5184 2897 5242 ιι,
2930 5168 3017 5230 18.
3095 5166 3334 5230 “Marc.
3372 5186 3491 5243 vni,
3522 5168 3615 5230 2⁸7.

1830 5345 2053 5417 Variae
2095 5347 2422 5417 lectiones
2460 5355 2756 5418 etnotae.

697 5530 810 5623 (19)
859 5538 1355 5623 Ἰξπιιςετραμμένην.
1400 5542 1469 5596 Α.
1521 5541 1689 5598 male.
1752 5543 2024 5600 Hentenii
2086 5545 2297 5623 etiam

619 5605 1028 5683 interpretatio
1053 5605 1342 5683 displicet.

691 5680 805 5753 (20)
852 5680 1287 5741 Desidero'hoc
1341 5684 1472 5743 loco
1524 5683 1793 5753 verbum,
1847 5685 2029 5743 veluti
2078 5692 2278 5762 κρίνον-

2382 5565 2487 5622 τος..
2516 5546 2782 5622 Hentenii
2810 5546 3002 5622 versio
3033 5546 3178 5622 nihil
3209 5546 3476 5622 adjuvat.

2458 5617 2571 5692 (21)
2619 5622 2824 5681 Λουκᾶς
2853 5617 3304 5694 corrigendum,
3328 5626 3392 5680 ut
3440 5620 3621 5680 habet
3650 5621 3981 5680 Hentenius.
