  <div class='ocr_page' id='page_1' title='image "/cluster/home/n/w/nwhite01/storage/ocr_20150623/129/mdp.39015061528470/242.png"; bbox 0 0 4186 6318; ppageno 0'>
   <div class='ocr_carea' id='block_1_1' title="bbox 205 243 1858 321">
    <p class='ocr_par' dir='ltr' id='par_1_1' title="bbox 205 247 1858 308">
     <span class='ocr_line' id='line_1_1' title="bbox 205 247 1858 308; baseline -0.001 -3"><span class='ocrx_word' id='word_1_1' title='bbox 205 249 349 308; x_wconf 75' lang='grc'>465</span> <span class='ocrx_word' id='word_1_2' title='bbox 1206 248 1577 308; x_wconf 89' lang='lat' dir='ltr'>COMMENT.</span> <span class='ocrx_word' id='word_1_3' title='bbox 1620 247 1691 307; x_wconf 89' lang='lat' dir='ltr'><strong>IN</strong></span> <span class='ocrx_word' id='word_1_4' title='bbox 1727 247 1858 306; x_wconf 87' lang='grc' dir='ltr'>ΜΑἸ</span> 
     </span>
    </p>
   </div>
   <div class='ocr_carea' id='block_1_2' title="bbox 1974 243 3627 321">
    <p class='ocr_par' dir='ltr' id='par_1_2' title="bbox 1974 245 3627 321">
     <span class='ocr_line' id='line_1_2' title="bbox 1974 245 3627 321; baseline 0.003 -16"><span class='ocrx_word' id='word_1_5' title='bbox 1974 245 2161 306; x_wconf 74' lang='lat' dir='ltr'>.EUM.</span> <span class='ocrx_word' id='word_1_6' title='bbox 2203 279 2272 293; x_wconf 88' lang='lat'><strong><em>—</em></strong></span> <span class='ocrx_word' id='word_1_7' title='bbox 2310 249 2463 307; x_wconf 85' lang='lat' dir='ltr'>CAP.</span> <span class='ocrx_word' id='word_1_8' title='bbox 2508 250 2649 309; x_wconf 87' lang='lat' dir='ltr'>XVI.</span> <span class='ocrx_word' id='word_1_9' title='bbox 3521 262 3627 321; x_wconf 76' lang='grc'>466</span> 
     </span>
    </p>
   </div>
   <div class='ocr_carea' id='block_1_3' title="bbox 212 373 1865 459">
    <p class='ocr_par' dir='ltr' id='par_1_3' title="bbox 212 373 1851 452">
     <span class='ocr_line' id='line_1_3' title="bbox 212 373 1851 452; baseline -0.001 -22"><span class='ocrx_word' id='word_1_10' title='bbox 212 374 382 431; x_wconf 82' lang='grc' dir='ltr'>εἶναι</span> <span class='ocrx_word' id='word_1_11' title='bbox 419 393 435 447; x_wconf 83' lang='lat'><strong>;</strong></span> <span class='ocrx_word' id='word_1_12' title='bbox 467 376 526 430; x_wconf 89' lang='lat'>&#39;0</span> <span class='ocrx_word' id='word_1_13' title='bbox 557 373 617 431; x_wconf 70' lang='grc' dir='ltr'>δὲ</span> <span class='ocrx_word' id='word_1_14' title='bbox 640 378 848 452; x_wconf 83' lang='grc' dir='ltr'>Μάρκος</span> <span class='ocrx_word' id='word_1_15' title='bbox 878 373 1034 448; x_wconf 83' lang='grc' dir='ltr'>εἶπεν,</span> <span class='ocrx_word' id='word_1_16' title='bbox 1068 377 1148 431; x_wconf 86' lang='grc' dir='ltr'>ὅτι</span> <span class='ocrx_word' id='word_1_17' title='bbox 1187 378 1236 433; x_wconf 68' lang='grc' dir='ltr'>εν</span> <span class='ocrx_word' id='word_1_18' title='bbox 1274 384 1338 451; x_wconf 74' lang='grc' dir='ltr'>τῇ</span> <span class='ocrx_word' id='word_1_19' title='bbox 1373 373 1481 450; x_wconf 80' lang='grc' dir='ltr'>ὁδῷ</span> <span class='ocrx_word' id='word_1_20' title='bbox 1519 375 1851 451; x_wconf 84' lang='grc' dir='ltr'>έπηρώτησεν</span> 
     </span>
    </p>
   </div>
   <div class='ocr_carea' id='block_1_4' title="bbox 1973 373 3626 459">
    <p class='ocr_par' dir='ltr' id='par_1_4' title="bbox 1973 374 3626 459">
     <span class='ocr_line' id='line_1_4' title="bbox 1973 374 3626 459; baseline 0.008 -26"><span class='ocrx_word' id='word_1_21' title='bbox 1973 374 2190 447; x_wconf 73' lang='lat' dir='ltr'>gaverit</span> <span class='ocrx_word' id='word_1_22' title='bbox 2218 391 2339 435; x_wconf 93' lang='lat' dir='ltr'>eos.</span> <span class='ocrx_word' id='word_1_23' title='bbox 2374 375 2473 434; x_wconf 85' lang='lat' dir='ltr'>Est</span> <span class='ocrx_word' id='word_1_24' title='bbox 2500 377 2662 434; x_wconf 89' lang='lat' dir='ltr'>enim</span> <span class='ocrx_word' id='word_1_25' title='bbox 2695 380 3017 441; x_wconf 83' lang='lat' dir='ltr'>verisimile</span> <span class='ocrx_word' id='word_1_26' title='bbox 3061 385 3228 459; x_wconf 90' lang='lat' dir='ltr'>quod</span> <span class='ocrx_word' id='word_1_27' title='bbox 3270 400 3400 444; x_wconf 90' lang='lat' dir='ltr'>cum</span> <span class='ocrx_word' id='word_1_28' title='bbox 3431 390 3626 447; x_wconf 89' lang='lat' dir='ltr'>venis-</span> 
     </span>
    </p>
   </div>
   <div class='ocr_carea' id='block_1_5' title="bbox 215 464 1868 542">
    <p class='ocr_par' dir='ltr' id='par_1_5' title="bbox 215 465 1846 542">
     <span class='ocr_line' id='line_1_5' title="bbox 215 465 1846 542; baseline -0.001 -22"><span class='ocrx_word' id='word_1_29' title='bbox 215 467 460 530; x_wconf 78' lang='grc' dir='ltr'>αὐτούς.</span> <span class='ocrx_word' id='word_1_30' title='bbox 495 468 645 530; x_wconf 83' lang='grc' dir='ltr'><strong>Εἰκὸς</strong></span> <span class='ocrx_word' id='word_1_31' title='bbox 672 467 821 541; x_wconf 57' lang='grc' dir='ltr'>ίγὰρ,</span> <span class='ocrx_word' id='word_1_32' title='bbox 876 465 1086 521; x_wconf 78' lang='grc' dir='ltr'>έλθόντα</span> <span class='ocrx_word' id='word_1_33' title='bbox 1115 466 1182 529; x_wconf 81' lang='grc' dir='ltr'>εἰς</span> <span class='ocrx_word' id='word_1_34' title='bbox 1211 468 1278 521; x_wconf 85' lang='grc' dir='ltr'>τὰ</span> <span class='ocrx_word' id='word_1_35' title='bbox 1322 472 1452 542; x_wconf 85' lang='grc' dir='ltr'>μέρη</span> <span class='ocrx_word' id='word_1_36' title='bbox 1508 471 1846 542; x_wconf 78' lang='grc' dir='ltr'>Καισαρείας,</span> 
     </span>
    </p>
   </div>
   <div class='ocr_carea' id='block_1_6' title="bbox 1970 464 3623 542">
    <p class='ocr_par' dir='ltr' id='par_1_6' title="bbox 1970 464 3623 539">
     <span class='ocr_line' id='line_1_6' title="bbox 1970 464 3623 539; baseline 0.011 -19"><span class='ocrx_word' id='word_1_37' title='bbox 1970 469 2050 522; x_wconf 80' lang='lat' dir='ltr'>set</span> <span class='ocrx_word' id='word_1_38' title='bbox 2079 466 2140 523; x_wconf 91' lang='lat' dir='ltr'>in</span> <span class='ocrx_word' id='word_1_39' title='bbox 2177 468 2378 539; x_wconf 90' lang='lat' dir='ltr'>partes</span> <span class='ocrx_word' id='word_1_40' title='bbox 2430 464 2712 525; x_wconf 82' lang='lat' dir='ltr'>Caesareae</span> <span class='ocrx_word' id='word_1_41' title='bbox 2750 470 2928 529; x_wconf 89' lang='lat' dir='ltr'>simul</span> <span class='ocrx_word' id='word_1_42' title='bbox 2977 473 3193 534; x_wconf 89' lang='lat' dir='ltr'>orabat</span> <span class='ocrx_word' id='word_1_43' title='bbox 3249 479 3305 535; x_wconf 89' lang='lat' dir='ltr'>et</span> <span class='ocrx_word' id='word_1_44' title='bbox 3351 477 3623 538; x_wconf 85' lang='lat' dir='ltr'>ambula-</span> 
     </span>
    </p>
   </div>
   <div class='ocr_carea' id='block_1_7' title="bbox 218 553 2084 630">
    <p class='ocr_par' dir='ltr' id='par_1_7' title="bbox 218 553 2084 630">
     <span class='ocr_line' id='line_1_7' title="bbox 218 553 2084 630; baseline 0.002 -21"><span class='ocrx_word' id='word_1_45' title='bbox 218 557 507 630; x_wconf 74' lang='grc' dir='ltr'>εὔχεσθαι</span> <span class='ocrx_word' id='word_1_46' title='bbox 527 555 638 628; x_wconf 81' lang='grc' dir='ltr'>ἅμα</span> <span class='ocrx_word' id='word_1_47' title='bbox 665 560 756 609; x_wconf 84' lang='grc' dir='ltr'>καὶ</span> <span class='ocrx_word' id='word_1_48' title='bbox 786 553 1005 609; x_wconf 81' lang='grc' dir='ltr'>ὁδεύειν.</span> <span class='ocrx_word' id='word_1_49' title='bbox 1963 554 2084 612; x_wconf 86' lang='lat' dir='ltr'>bat.</span> 
     </span>
    </p>
   </div>
   <div class='ocr_carea' id='block_1_8' title="bbox 308 642 1961 730">
    <p class='ocr_par' dir='ltr' id='par_1_8' title="bbox 308 642 1848 720">
     <span class='ocr_line' id='line_1_8' title="bbox 308 642 1848 720; baseline -0.001 -21"><span class='ocrx_word' id='word_1_50' title='bbox 308 650 416 700; x_wconf 87' lang='grc' dir='ltr'>Τὸν</span> <span class='ocrx_word' id='word_1_51' title='bbox 475 647 592 698; x_wconf 84' lang='grc' dir='ltr'>Υἰὸν</span> <span class='ocrx_word' id='word_1_52' title='bbox 653 642 712 698; x_wconf 76' lang='grc' dir='ltr'>δὲ</span> <span class='ocrx_word' id='word_1_53' title='bbox 767 653 860 698; x_wconf 90' lang='grc' dir='ltr'>τοῦ</span> <span class='ocrx_word' id='word_1_54' title='bbox 908 645 1181 719; x_wconf 81' lang='grc' dir='ltr'>ἀνθρώπου</span> <span class='ocrx_word' id='word_1_55' title='bbox 1231 651 1380 720; x_wconf 79' lang='grc' dir='ltr'>φησὶ,</span> <span class='ocrx_word' id='word_1_56' title='bbox 1450 648 1710 712; x_wconf 82' lang='grc' dir='ltr'>τουτέστι,</span> <span class='ocrx_word' id='word_1_57' title='bbox 1763 648 1848 697; x_wconf 90' lang='grc' dir='ltr'>τὸν</span> 
     </span>
    </p>
   </div>
   <div class='ocr_carea' id='block_1_9' title="bbox 1967 642 3620 730">
    <p class='ocr_par' dir='ltr' id='par_1_9' title="bbox 2031 645 3620 730">
     <span class='ocr_line' id='line_1_9' title="bbox 2031 645 3620 730; baseline 0.011 -31"><span class='ocrx_word' id='word_1_58' title='bbox 2031 645 2230 700; x_wconf 88' lang='lat' dir='ltr'>Filium</span> <span class='ocrx_word' id='word_1_59' title='bbox 2267 661 2410 702; x_wconf 90' lang='lat' dir='ltr'>vero</span> <span class='ocrx_word' id='word_1_60' title='bbox 2441 645 2702 703; x_wconf 87' lang='lat' dir='ltr'>hominis</span> <span class='ocrx_word' id='word_1_61' title='bbox 2733 648 2833 717; x_wconf 85' lang='lat' dir='ltr'>ait,</span> <span class='ocrx_word' id='word_1_62' title='bbox 2879 650 2994 708; x_wconf 90' lang='lat' dir='ltr'>hoc</span> <span class='ocrx_word' id='word_1_63' title='bbox 3020 657 3127 719; x_wconf 89' lang='lat' dir='ltr'>est,</span> <span class='ocrx_word' id='word_1_64' title='bbox 3157 669 3316 723; x_wconf 90' lang='lat' dir='ltr'>eum,</span> <span class='ocrx_word' id='word_1_65' title='bbox 3348 658 3452 730; x_wconf 89' lang='lat' dir='ltr'>qui</span> <span class='ocrx_word' id='word_1_66' title='bbox 3510 657 3620 716; x_wconf 89' lang='lat' dir='ltr'>ho-</span> 
     </span>
    </p>
   </div>
   <div class='ocr_carea' id='block_1_10' title="bbox 218 732 1871 815">
    <p class='ocr_par' dir='ltr' id='par_1_10' title="bbox 218 732 1849 809">
     <span class='ocr_line' id='line_1_10' title="bbox 218 732 1849 809; baseline -0.001 -22"><span class='ocrx_word' id='word_1_67' title='bbox 218 738 545 807; x_wconf 80' lang='grc' dir='ltr'>φαινόμενον</span> <span class='ocrx_word' id='word_1_68' title='bbox 595 735 768 797; x_wconf 80' lang='grc' dir='ltr'>αὐτοῖς</span> <span class='ocrx_word' id='word_1_69' title='bbox 821 735 1107 809; x_wconf 82' lang='grc' dir='ltr'>ἄνθρωπον.</span> <span class='ocrx_word' id='word_1_70' title='bbox 1159 737 1422 808; x_wconf 84' lang='grc' dir='ltr'>Ἠρώτησε</span> <span class='ocrx_word' id='word_1_71' title='bbox 1481 732 1557 806; x_wconf 70' lang='grc' dir='ltr'>δὲ,</span> <span class='ocrx_word' id='word_1_72' title='bbox 1615 736 1718 807; x_wconf 77' lang='grc' dir='ltr'>οὐχ</span> <span class='ocrx_word' id='word_1_73' title='bbox 1780 737 1849 796; x_wconf 78' lang='grc' dir='ltr'>ὡς</span> 
     </span>
    </p>
   </div>
   <div class='ocr_carea' id='block_1_11' title="bbox 1968 732 3621 815">
    <p class='ocr_par' dir='ltr' id='par_1_11' title="bbox 1968 733 3621 815">
     <span class='ocr_line' id='line_1_11' title="bbox 1968 733 3621 815; baseline 0.01 -27"><span class='ocrx_word' id='word_1_74' title='bbox 1968 733 2220 789; x_wconf 88' lang='lat' dir='ltr'>minibus</span> <span class='ocrx_word' id='word_1_75' title='bbox 2269 739 2521 808; x_wconf 83' lang='lat' dir='ltr'>apparet</span> <span class='ocrx_word' id='word_1_76' title='bbox 2576 738 2775 793; x_wconf 90' lang='lat' dir='ltr'>nudus</span> <span class='ocrx_word' id='word_1_77' title='bbox 2824 739 3032 797; x_wconf 87' lang='lat' dir='ltr'>homo.</span> <span class='ocrx_word' id='word_1_78' title='bbox 3079 745 3464 815; x_wconf 83' lang='lat' dir='ltr'>Interrogavit</span> <span class='ocrx_word' id='word_1_79' title='bbox 3517 765 3621 804; x_wconf 86' lang='lat' dir='ltr'>au-</span> 
     </span>
    </p>
   </div>
   <div class='ocr_carea' id='block_1_12' title="bbox 217 822 1870 904">
    <p class='ocr_par' dir='ltr' id='par_1_12' title="bbox 217 822 1845 898">
     <span class='ocr_line' id='line_1_12' title="bbox 217 822 1845 898; baseline 0.001 -24"><span class='ocrx_word' id='word_1_80' title='bbox 217 822 458 894; x_wconf 75' lang='grc' dir='ltr'>ἆγνοῶν,</span> <span class='ocrx_word' id='word_1_81' title='bbox 533 823 645 876; x_wconf 79' lang='grc' dir='ltr'>ἀλλ’</span> <span class='ocrx_word' id='word_1_82' title='bbox 713 825 1066 898; x_wconf 81' lang='grc' dir='ltr'>οἰκονομικῶς,</span> <span class='ocrx_word' id='word_1_83' title='bbox 1141 827 1224 878; x_wconf 80' lang='grc' dir='ltr'>ἵνα</span> <span class='ocrx_word' id='word_1_84' title='bbox 1284 828 1310 878; x_wconf 86' lang='grc' dir='ltr'><em>ὁ</em></span> <span class='ocrx_word' id='word_1_85' title='bbox 1368 829 1555 898; x_wconf 83' lang='grc' dir='ltr'>Πέτρος</span> <span class='ocrx_word' id='word_1_86' title='bbox 1613 828 1727 898; x_wconf 81' lang='grc' dir='ltr'>ε’ίπῃ</span> <span class='ocrx_word' id='word_1_87' title='bbox 1787 827 1845 876; x_wconf 88' lang='grc' dir='ltr'>τὸ</span> 
     </span>
    </p>
   </div>
   <div class='ocr_carea' id='block_1_13' title="bbox 1958 822 3611 904">
    <p class='ocr_par' dir='ltr' id='par_1_13' title="bbox 1958 824 3611 904">
     <span class='ocr_line' id='line_1_13' title="bbox 1958 824 3611 904; baseline 0.011 -27"><span class='ocrx_word' id='word_1_88' title='bbox 1958 828 2074 878; x_wconf 89' lang='lat' dir='ltr'>tem</span> <span class='ocrx_word' id='word_1_89' title='bbox 2102 839 2223 878; x_wconf 92' lang='lat' dir='ltr'>non</span> <span class='ocrx_word' id='word_1_90' title='bbox 2272 824 2446 894; x_wconf 90' lang='lat' dir='ltr'>quasi</span> <span class='ocrx_word' id='word_1_91' title='bbox 2479 825 2782 895; x_wconf 90' lang='lat' dir='ltr'>ignorans,</span> <span class='ocrx_word' id='word_1_92' title='bbox 2818 829 2919 884; x_wconf 92' lang='lat' dir='ltr'>sed</span> <span class='ocrx_word' id='word_1_93' title='bbox 2944 829 3374 901; x_wconf 89' lang='lat' dir='ltr'>dispensatorio</span> <span class='ocrx_word' id='word_1_94' title='bbox 3409 837 3611 904; x_wconf 90' lang='lat' dir='ltr'>modo,</span> 
     </span>
    </p>
   </div>
   <div class='ocr_carea' id='block_1_14' title="bbox 213 910 1866 988">
    <p class='ocr_par' dir='ltr' id='par_1_14' title="bbox 213 910 1844 988">
     <span class='ocr_line' id='line_1_14' title="bbox 213 910 1844 988; baseline 0.002 -25"><span class='ocrx_word' id='word_1_95' title='bbox 213 910 605 986; x_wconf 73' lang='grc' dir='ltr'>ἀποκαλυφθεν</span> <span class='ocrx_word' id='word_1_96' title='bbox 685 915 845 986; x_wconf 74' lang='grc' dir='ltr'>αὐτῷ,</span> <span class='ocrx_word' id='word_1_97' title='bbox 901 919 990 967; x_wconf 83' lang='grc' dir='ltr'>καὶ</span> <span class='ocrx_word' id='word_1_98' title='bbox 1073 912 1574 984; x_wconf 79' lang='grc' dir='ltr'>ἁποδοκιμασθῶσιν</span> <span class='ocrx_word' id='word_1_99' title='bbox 1627 917 1681 966; x_wconf 87' lang='lat' dir='ltr'>ui</span> <span class='ocrx_word' id='word_1_100' title='bbox 1727 918 1844 988; x_wconf 87' lang='grc' dir='ltr'>περὶ</span> 
     </span>
    </p>
   </div>
   <div class='ocr_carea' id='block_1_15' title="bbox 1964 910 3617 988">
    <p class='ocr_par' dir='ltr' id='par_1_15' title="bbox 1964 914 3617 987">
     <span class='ocr_line' id='line_1_15' title="bbox 1964 914 3617 987; baseline 0.01 -19"><span class='ocrx_word' id='word_1_101' title='bbox 1964 921 2017 969; x_wconf 89' lang='lat' dir='ltr'>ut</span> <span class='ocrx_word' id='word_1_102' title='bbox 2040 914 2242 968; x_wconf 83' lang='lat' dir='ltr'>Petrus</span> <span class='ocrx_word' id='word_1_103' title='bbox 2256 914 2477 970; x_wconf 91' lang='lat' dir='ltr'>diceret</span> <span class='ocrx_word' id='word_1_104' title='bbox 2499 915 2661 987; x_wconf 77' lang='lat' dir='ltr'>quod</span> <span class='ocrx_word' id='word_1_105' title='bbox 2682 915 2795 972; x_wconf 88' lang='lat' dir='ltr'>sibi</span> <span class='ocrx_word' id='word_1_106' title='bbox 2815 919 3136 976; x_wconf 89' lang='lat' dir='ltr'>revelatum</span> <span class='ocrx_word' id='word_1_107' title='bbox 3161 928 3353 981; x_wconf 83' lang='lat' dir='ltr'>eratet</span> <span class='ocrx_word' id='word_1_108' title='bbox 3379 930 3617 984; x_wconf 66' lang='lat' dir='ltr'>caetero-</span> 
     </span>
    </p>
   </div>
   <div class='ocr_carea' id='block_1_16' title="bbox 208 1000 1861 1080">
    <p class='ocr_par' dir='ltr' id='par_1_16' title="bbox 208 1000 1845 1075">
     <span class='ocr_line' id='line_1_16' title="bbox 208 1000 1845 1075; baseline 0.001 -23"><span class='ocrx_word' id='word_1_109' title='bbox 208 1000 397 1054; x_wconf 68' lang='grc' dir='ltr'>αὐτοῦ</span> <span class='ocrx_word' id='word_1_110' title='bbox 453 1010 553 1055; x_wconf 89' lang='grc' dir='ltr'>τῶν</span> <span class='ocrx_word' id='word_1_111' title='bbox 603 1002 768 1055; x_wconf 81' lang='grc' dir='ltr'>ἄλλων</span> <span class='ocrx_word' id='word_1_112' title='bbox 829 1005 1031 1056; x_wconf 86' lang='grc' dir='ltr'>πάντων</span> <span class='ocrx_word' id='word_1_113' title='bbox 1103 1003 1406 1075; x_wconf 70' lang='grc' dir='ltr'>ὑπολήψεις,</span> <span class='ocrx_word' id='word_1_114' title='bbox 1458 1006 1521 1064; x_wconf 87' lang='grc' dir='ltr'>ὡς</span> <span class='ocrx_word' id='word_1_115' title='bbox 1591 1003 1845 1061; x_wconf 84' lang='grc' dir='ltr'>πεπλανη-</span> 
     </span>
    </p>
   </div>
   <div class='ocr_carea' id='block_1_17' title="bbox 1965 1000 3618 1080">
    <p class='ocr_par' dir='ltr' id='par_1_17' title="bbox 1965 1004 3618 1080">
     <span class='ocr_line' id='line_1_17' title="bbox 1965 1004 3618 1080; baseline 0.008 -23"><span class='ocrx_word' id='word_1_116' title='bbox 1965 1019 2087 1057; x_wconf 73' lang='lat' dir='ltr'>rum</span> <span class='ocrx_word' id='word_1_117' title='bbox 2107 1004 2411 1075; x_wconf 90' lang='lat' dir='ltr'>opiniones</span> <span class='ocrx_word' id='word_1_118' title='bbox 2423 1019 2559 1075; x_wconf 84' lang='lat' dir='ltr'>quae</span> <span class='ocrx_word' id='word_1_119' title='bbox 2573 1004 2645 1060; x_wconf 92' lang='lat' dir='ltr'>de</span> <span class='ocrx_word' id='word_1_120' title='bbox 2659 1005 2792 1077; x_wconf 91' lang='lat' dir='ltr'>ipso</span> <span class='ocrx_word' id='word_1_121' title='bbox 2806 1012 2994 1077; x_wconf 86' lang='lat' dir='ltr'>erant,</span> <span class='ocrx_word' id='word_1_122' title='bbox 3012 1010 3474 1080; x_wconf 90' lang='lat' dir='ltr'>reprobarentur</span> <span class='ocrx_word' id='word_1_123' title='bbox 3491 1019 3618 1071; x_wconf 87' lang='lat' dir='ltr'>tan-</span> 
     </span>
    </p>
   </div>
   <div class='ocr_carea' id='block_1_18' title="bbox 209 1091 1862 1169">
    <p class='ocr_par' dir='ltr' id='par_1_18' title="bbox 209 1091 1843 1166">
     <span class='ocr_line' id='line_1_18' title="bbox 209 1091 1843 1166; baseline 0.001 -23"><span class='ocrx_word' id='word_1_124' title='bbox 209 1094 408 1162; x_wconf 83' lang='grc' dir='ltr'>μὲναι.</span> <span class='ocrx_word' id='word_1_125' title='bbox 466 1097 569 1145; x_wconf 78' lang='grc' dir='ltr'>Καὶ</span> <span class='ocrx_word' id='word_1_126' title='bbox 613 1095 712 1166; x_wconf 79' lang='grc' dir='ltr'>γὰρ</span> <span class='ocrx_word' id='word_1_127' title='bbox 772 1093 1066 1164; x_wconf 78' lang='grc' dir='ltr'>ἐγίνωσκεν,</span> <span class='ocrx_word' id='word_1_128' title='bbox 1135 1095 1213 1145; x_wconf 86' lang='grc' dir='ltr'>ὅτι</span> <span class='ocrx_word' id='word_1_129' title='bbox 1260 1091 1583 1164; x_wconf 73' lang='grc' dir='ltr'>ἀπεκάλυψεν</span> <span class='ocrx_word' id='word_1_130' title='bbox 1637 1095 1662 1144; x_wconf 88' lang='grc' dir='ltr'><em>ὁ</em></span> <span class='ocrx_word' id='word_1_131' title='bbox 1720 1096 1843 1153; x_wconf 87' lang='grc' dir='ltr'>Θεὸς</span> 
     </span>
    </p>
   </div>
   <div class='ocr_carea' id='block_1_19' title="bbox 1964 1091 3617 1169">
    <p class='ocr_par' dir='ltr' id='par_1_19' title="bbox 1964 1093 3617 1169">
     <span class='ocr_line' id='line_1_19' title="bbox 1964 1093 3617 1169; baseline 0.008 -23"><span class='ocrx_word' id='word_1_132' title='bbox 1964 1107 2140 1164; x_wconf 70' lang='lat' dir='ltr'>quam</span> <span class='ocrx_word' id='word_1_133' title='bbox 2166 1109 2441 1148; x_wconf 69' lang='lat' dir='ltr'>erronem.</span> <span class='ocrx_word' id='word_1_134' title='bbox 2459 1093 2694 1151; x_wconf 86' lang='lat' dir='ltr'>Sciebat</span> <span class='ocrx_word' id='word_1_135' title='bbox 2711 1110 2976 1168; x_wconf 87' lang='lat' dir='ltr'>namque</span> <span class='ocrx_word' id='word_1_136' title='bbox 2995 1099 3154 1169; x_wconf 89' lang='lat' dir='ltr'>quod</span> <span class='ocrx_word' id='word_1_137' title='bbox 3174 1101 3326 1156; x_wconf 88' lang='lat' dir='ltr'>Deus</span> <span class='ocrx_word' id='word_1_138' title='bbox 3351 1118 3420 1158; x_wconf 91' lang='lat' dir='ltr'>ac</span> <span class='ocrx_word' id='word_1_139' title='bbox 3451 1104 3617 1161; x_wconf 90' lang='lat' dir='ltr'>Pater</span> 
     </span>
    </p>
   </div>
   <div class='ocr_carea' id='block_1_20' title="bbox 212 1179 1865 1262">
    <p class='ocr_par' dir='ltr' id='par_1_20' title="bbox 212 1179 1842 1258">
     <span class='ocr_line' id='line_1_20' title="bbox 212 1179 1842 1258; baseline 0.001 -26"><span class='ocrx_word' id='word_1_140' title='bbox 212 1185 322 1233; x_wconf 84' lang='grc' dir='ltr'>καὶ</span> <span class='ocrx_word' id='word_1_141' title='bbox 360 1186 545 1254; x_wconf 77' lang='grc' dir='ltr'>Πατήρ</span> <span class='ocrx_word' id='word_1_142' title='bbox 597 1190 666 1254; x_wconf 82' lang='grc' dir='ltr'>τῷ</span> <span class='ocrx_word' id='word_1_143' title='bbox 718 1185 895 1256; x_wconf 82' lang='grc' dir='ltr'>Πέτρῳ</span> <span class='ocrx_word' id='word_1_144' title='bbox 924 1187 1040 1258; x_wconf 83' lang='grc' dir='ltr'>περὶ</span> <span class='ocrx_word' id='word_1_145' title='bbox 1072 1182 1250 1250; x_wconf 67' lang='grc' dir='ltr'>αῖῖτοῦ,</span> <span class='ocrx_word' id='word_1_146' title='bbox 1301 1179 1563 1246; x_wconf 86' lang='grc' dir='ltr'>διανοίξας</span> <span class='ocrx_word' id='word_1_147' title='bbox 1590 1185 1677 1235; x_wconf 89' lang='grc' dir='ltr'>τὸν</span> <span class='ocrx_word' id='word_1_148' title='bbox 1724 1190 1842 1235; x_wconf 83' lang='grc' dir='ltr'>νοῦν</span> 
     </span>
    </p>
   </div>
   <div class='ocr_carea' id='block_1_21' title="bbox 1826 1179 3479 1262">
    <p class='ocr_par' dir='ltr' id='par_1_21' title="bbox 1826 1181 3479 1262">
     <span class='ocr_line' id='line_1_21' title="bbox 1826 1181 3479 1262; baseline 0.008 -28"><span class='ocrx_word' id='word_1_149' title='bbox 1826 1202 1842 1234; x_wconf 72' lang='grc' dir='ltr'>ν</span> <span class='ocrx_word' id='word_1_150' title='bbox 1949 1181 2317 1239; x_wconf 88' lang='lat' dir='ltr'>revelaverat</span> <span class='ocrx_word' id='word_1_151' title='bbox 2346 1183 2518 1239; x_wconf 90' lang='lat' dir='ltr'>Petro</span> <span class='ocrx_word' id='word_1_152' title='bbox 2551 1184 2624 1240; x_wconf 93' lang='lat' dir='ltr'>de</span> <span class='ocrx_word' id='word_1_153' title='bbox 2648 1200 2731 1252; x_wconf 92' lang='lat' dir='ltr'>se,</span> <span class='ocrx_word' id='word_1_154' title='bbox 2758 1186 3034 1258; x_wconf 89' lang='lat' dir='ltr'>aperiens</span> <span class='ocrx_word' id='word_1_155' title='bbox 3058 1192 3301 1245; x_wconf 92' lang='lat' dir='ltr'>menten</span> <span class='ocrx_word' id='word_1_156' title='bbox 3331 1191 3479 1262; x_wconf 88' lang='lat' dir='ltr'>ejus.</span> 
     </span>
    </p>
   </div>
   <div class='ocr_carea' id='block_1_22' title="bbox 222 1289 430 1326">
    <p class='ocr_par' dir='ltr' id='par_1_22' title="bbox 222 1289 430 1326">
     <span class='ocr_line' id='line_1_22' title="bbox 222 1289 430 1326; baseline 0.019 -5"><span class='ocrx_word' id='word_1_157' title='bbox 222 1289 430 1326; x_wconf 81' lang='grc' dir='ltr'>αυτου.</span> 
     </span>
    </p>
   </div>
   <div class='ocr_carea' id='block_1_23' title="bbox 303 1357 1956 1453">
    <p class='ocr_par' dir='ltr' id='par_1_23' title="bbox 303 1357 1839 1437">
     <span class='ocr_line' id='line_1_23' title="bbox 303 1357 1839 1437; baseline 0.001 -24"><span class='ocrx_word' id='word_1_158' title='bbox 303 1363 495 1413; x_wconf 85' lang='grc' dir='ltr'>Σκόπει</span> <span class='ocrx_word' id='word_1_159' title='bbox 521 1357 600 1432; x_wconf 65' lang='grc' dir='ltr'>δὲ,</span> <span class='ocrx_word' id='word_1_160' title='bbox 642 1369 750 1423; x_wconf 88' lang='grc' dir='ltr'>πῶς</span> <span class='ocrx_word' id='word_1_161' title='bbox 782 1361 876 1414; x_wconf 82' lang='grc' dir='ltr'>οὑκ</span> <span class='ocrx_word' id='word_1_162' title='bbox 906 1361 956 1414; x_wconf 81' lang='grc' dir='ltr'>ἓν</span> <span class='ocrx_word' id='word_1_163' title='bbox 987 1360 1132 1435; x_wconf 73' lang='grc' dir='ltr'>ἄρχῃ</span> <span class='ocrx_word' id='word_1_164' title='bbox 1159 1369 1250 1416; x_wconf 90' lang='grc' dir='ltr'>τοῦ</span> <span class='ocrx_word' id='word_1_165' title='bbox 1280 1364 1607 1437; x_wconf 76' lang='grc' dir='ltr'>κηρύγματος</span> <span class='ocrx_word' id='word_1_166' title='bbox 1637 1361 1839 1435; x_wconf 77' lang='grc' dir='ltr'>ἠρώτη-</span> 
     </span>
    </p>
   </div>
   <div class='ocr_carea' id='block_1_24' title="bbox 1961 1357 3614 1453">
    <p class='ocr_par' dir='ltr' id='par_1_24' title="bbox 2020 1377 3614 1453">
     <span class='ocr_line' id='line_1_24' title="bbox 2020 1377 3614 1453; baseline 0.008 -21"><span class='ocrx_word' id='word_1_167' title='bbox 2020 1377 2162 1432; x_wconf 84' lang='lat' dir='ltr'>Vide</span> <span class='ocrx_word' id='word_1_168' title='bbox 2194 1380 2392 1434; x_wconf 88' lang='lat' dir='ltr'>autem</span> <span class='ocrx_word' id='word_1_169' title='bbox 2420 1378 2585 1451; x_wconf 91' lang='lat' dir='ltr'>quod</span> <span class='ocrx_word' id='word_1_170' title='bbox 2603 1379 2762 1436; x_wconf 89' lang='lat' dir='ltr'>circa</span> <span class='ocrx_word' id='word_1_171' title='bbox 2779 1381 3223 1453; x_wconf 83' lang='lat' dir='ltr'>praedicationis</span> <span class='ocrx_word' id='word_1_172' title='bbox 3246 1385 3415 1444; x_wconf 89' lang='lat' dir='ltr'>initia</span> <span class='ocrx_word' id='word_1_173' title='bbox 3443 1388 3614 1446; x_wconf 82' lang='lat' dir='ltr'>inter-</span> 
     </span>
    </p>
   </div>
   <div class='ocr_carea' id='block_1_25' title="bbox 221 1447 1874 1550">
    <p class='ocr_par' dir='ltr' id='par_1_25' title="bbox 221 1447 1834 1524">
     <span class='ocr_line' id='line_1_25' title="bbox 221 1447 1834 1524; baseline 0.001 -22"><span class='ocrx_word' id='word_1_174' title='bbox 221 1467 341 1514; x_wconf 85' lang='grc' dir='ltr'>σεν,</span> <span class='ocrx_word' id='word_1_175' title='bbox 383 1447 510 1502; x_wconf 81' lang='grc' dir='ltr'><strong>ἀλλά</strong></span> <span class='ocrx_word' id='word_1_176' title='bbox 536 1453 668 1523; x_wconf 84' lang='grc' dir='ltr'>μετὰ</span> <span class='ocrx_word' id='word_1_177' title='bbox 691 1453 750 1503; x_wconf 88' lang='grc' dir='ltr'>τὸ</span> <span class='ocrx_word' id='word_1_178' title='bbox 797 1458 1018 1510; x_wconf 77' lang='grc' dir='ltr'>ποιῆσαι</span> <span class='ocrx_word' id='word_1_179' title='bbox 1059 1451 1224 1504; x_wconf 83' lang='grc' dir='ltr'>πολλὰ</span> <span class='ocrx_word' id='word_1_180' title='bbox 1263 1457 1352 1504; x_wconf 82' lang='grc' dir='ltr'>καὶ</span> <span class='ocrx_word' id='word_1_181' title='bbox 1392 1451 1591 1524; x_wconf 87' lang='grc' dir='ltr'>μεγάλα</span> <span class='ocrx_word' id='word_1_182' title='bbox 1623 1458 1834 1523; x_wconf 85' lang='grc' dir='ltr'>σημεῖα,</span> 
     </span>
    </p>
   </div>
   <div class='ocr_carea' id='block_1_26' title="bbox 1959 1447 3612 1550">
    <p class='ocr_par' dir='ltr' id='par_1_26' title="bbox 1959 1447 3612 1550">
     <span class='ocr_line' id='line_1_26' title="bbox 1959 1447 3612 1550; baseline 0.009 -29"><span class='ocrx_word' id='word_1_183' title='bbox 1959 1467 2261 1537; x_wconf 75' lang='lat' dir='ltr'>rogaverit,</span> <span class='ocrx_word' id='word_1_184' title='bbox 2297 1467 2403 1522; x_wconf 92' lang='lat' dir='ltr'>sed</span> <span class='ocrx_word' id='word_1_185' title='bbox 2435 1447 2755 1540; x_wconf 77' lang='lat' dir='ltr'>postquam</span> <span class='ocrx_word' id='word_1_186' title='bbox 2781 1447 2999 1528; x_wconf 50' lang='lat' dir='ltr'>-multa</span> <span class='ocrx_word' id='word_1_187' title='bbox 3047 1489 3387 1548; x_wconf 86' lang='lat' dir='ltr'>magnaque</span> <span class='ocrx_word' id='word_1_188' title='bbox 3435 1477 3612 1550; x_wconf 83' lang='lat' dir='ltr'>signa</span> 
     </span>
    </p>
   </div>
   <div class='ocr_carea' id='block_1_27' title="bbox 219 1535 1872 1634">
    <p class='ocr_par' dir='ltr' id='par_1_27' title="bbox 219 1535 1836 1614">
     <span class='ocr_line' id='line_1_27' title="bbox 219 1535 1836 1614; baseline 0.002 -24"><span class='ocrx_word' id='word_1_189' title='bbox 219 1540 367 1611; x_wconf 81' lang='grc' dir='ltr'>μετὰ</span> <span class='ocrx_word' id='word_1_190' title='bbox 391 1541 449 1591; x_wconf 92' lang='grc' dir='ltr'>τὸ</span> <span class='ocrx_word' id='word_1_191' title='bbox 480 1535 700 1603; x_wconf 74' lang='grc' dir='ltr'>διδάξαι</span> <span class='ocrx_word' id='word_1_192' title='bbox 724 1545 843 1614; x_wconf 82' lang='grc' dir='ltr'>περὶ</span> <span class='ocrx_word' id='word_1_193' title='bbox 872 1539 1067 1593; x_wconf 74' lang='grc' dir='ltr'>πολλῶν</span> <span class='ocrx_word' id='word_1_194' title='bbox 1095 1544 1181 1593; x_wconf 86' lang='grc' dir='ltr'>καὶ</span> <span class='ocrx_word' id='word_1_195' title='bbox 1210 1540 1459 1614; x_wconf 76' lang='grc' dir='ltr'>μεγάλων,</span> <span class='ocrx_word' id='word_1_196' title='bbox 1494 1543 1624 1613; x_wconf 85' lang='grc' dir='ltr'>μετὰ</span> <span class='ocrx_word' id='word_1_197' title='bbox 1651 1543 1709 1593; x_wconf 93' lang='grc' dir='ltr'>τὸ</span> <span class='ocrx_word' id='word_1_198' title='bbox 1739 1560 1836 1593; x_wconf 89' lang='grc' dir='ltr'>πα·-</span> 
     </span>
    </p>
   </div>
   <div class='ocr_carea' id='block_1_28' title="bbox 1954 1535 3607 1634">
    <p class='ocr_par' dir='ltr' id='par_1_28' title="bbox 1954 1535 3607 1634">
     <span class='ocr_line' id='line_1_28' title="bbox 1954 1535 3607 1634; baseline 0.008 -24"><span class='ocrx_word' id='word_1_199' title='bbox 1954 1535 2227 1620; x_wconf 79' lang='lat' dir='ltr'>ediderat,</span> <span class='ocrx_word' id='word_1_200' title='bbox 2278 1535 2609 1628; x_wconf 42' lang='lat' dir='ltr'>posti—{uani</span> <span class='ocrx_word' id='word_1_201' title='bbox 2664 1557 2846 1614; x_wconf 90' lang='lat' dir='ltr'>multa</span> <span class='ocrx_word' id='word_1_202' title='bbox 2895 1535 3235 1634; x_wconf 64' lang='lat' dir='ltr'>magnaque</span> <span class='ocrx_word' id='word_1_203' title='bbox 3276 1535 3607 1624; x_wconf 61' lang='lat' dir='ltr'>docuerat</span> 
     </span>
    </p>
   </div>
   <div class='ocr_carea' id='block_1_29' title="bbox 217 1626 1870 1726">
    <p class='ocr_par' dir='ltr' id='par_1_29' title="bbox 217 1626 1834 1700">
     <span class='ocr_line' id='line_1_29' title="bbox 217 1626 1834 1700; baseline 0.002 -21"><span class='ocrx_word' id='word_1_204' title='bbox 217 1635 460 1700; x_wconf 87' lang='grc' dir='ltr'>ρασχεῑν</span> <span class='ocrx_word' id='word_1_205' title='bbox 489 1629 664 1691; x_wconf 81' lang='grc' dir='ltr'>ἱκανὰς</span> <span class='ocrx_word' id='word_1_206' title='bbox 694 1626 985 1694; x_wconf 79' lang='grc' dir='ltr'>ἀποδείξεις</span> <span class='ocrx_word' id='word_1_207' title='bbox 1008 1637 1099 1692; x_wconf 85' lang='grc' dir='ltr'>τῆς</span> <span class='ocrx_word' id='word_1_208' title='bbox 1125 1630 1307 1684; x_wconf 79' lang='grc' dir='ltr'>ἑαυτοῦ</span> <span class='ocrx_word' id='word_1_209' title='bbox 1341 1632 1601 1700; x_wconf 83' lang='grc' dir='ltr'>θεότητος,</span> <span class='ocrx_word' id='word_1_210' title='bbox 1629 1633 1718 1683; x_wconf 90' lang='grc' dir='ltr'>καὶ</span> <span class='ocrx_word' id='word_1_211' title='bbox 1739 1637 1834 1692; x_wconf 82' lang='grc' dir='ltr'>τῆς</span> 
     </span>
    </p>
   </div>
   <div class='ocr_carea' id='block_1_30' title="bbox 1954 1626 3607 1726">
    <p class='ocr_par' dir='ltr' id='par_1_30' title="bbox 1954 1626 3607 1726">
     <span class='ocr_line' id='line_1_30' title="bbox 1954 1626 3607 1726; baseline 0.008 -26"><span class='ocrx_word' id='word_1_212' title='bbox 1954 1647 2266 1717; x_wconf 85' lang='lat' dir='ltr'>postquam</span> <span class='ocrx_word' id='word_1_213' title='bbox 2281 1626 2636 1702; x_wconf 72' lang='lat' dir='ltr'>sufﬁcientes</span> <span class='ocrx_word' id='word_1_214' title='bbox 2652 1644 2721 1702; x_wconf 90' lang='lat' dir='ltr'>de</span> <span class='ocrx_word' id='word_1_215' title='bbox 2736 1662 2847 1704; x_wconf 93' lang='lat' dir='ltr'>sua</span> <span class='ocrx_word' id='word_1_216' title='bbox 2857 1626 3166 1707; x_wconf 78' lang='lat' dir='ltr'>divinitate</span> <span class='ocrx_word' id='word_1_217' title='bbox 3185 1667 3253 1709; x_wconf 88' lang='lat' dir='ltr'>ac</span> <span class='ocrx_word' id='word_1_218' title='bbox 3270 1655 3607 1726; x_wconf 82' lang='lat' dir='ltr'>aequalitate</span> 
     </span>
    </p>
   </div>
   <div class='ocr_carea' id='block_1_31' title="bbox 217 1718 1870 1804">
    <p class='ocr_par' dir='ltr' id='par_1_31' title="bbox 217 1718 1870 1792">
     <span class='ocr_line' id='line_1_31' title="bbox 217 1718 1870 1792; baseline 0.009 -24"><span class='ocrx_word' id='word_1_219' title='bbox 217 1719 366 1790; x_wconf 87' lang='grc' dir='ltr'>πρὸς</span> <span class='ocrx_word' id='word_1_220' title='bbox 404 1720 490 1770; x_wconf 89' lang='grc' dir='ltr'>τὸν</span> <span class='ocrx_word' id='word_1_221' title='bbox 531 1721 735 1792; x_wconf 80' lang='grc' dir='ltr'>Πατέρα</span> <span class='ocrx_word' id='word_1_222' title='bbox 765 1718 1020 1781; x_wconf 78' lang='grc' dir='ltr'>ἰσότητος.</span> <span class='ocrx_word' id='word_1_223' title='bbox 1864 1727 1870 1787; x_wconf 66' lang='grc' dir='ltr'>Ι</span> 
     </span>
    </p>
   </div>
   <div class='ocr_carea' id='block_1_32' title="bbox 1768 1718 3421 1804">
    <p class='ocr_par' dir='ltr' id='par_1_32' title="bbox 1864 1718 3421 1804">
     <span class='ocr_line' id='line_1_32' title="bbox 1864 1718 3421 1804; baseline 0.008 -17"><span class='ocrx_word' id='word_1_224' title='bbox 1864 1727 1909 1787; x_wconf 90' lang='grc' dir='ltr'>Β</span> <span class='ocrx_word' id='word_1_225' title='bbox 1943 1733 2022 1791; x_wconf 89' lang='lat' dir='ltr'>ad</span> <span class='ocrx_word' id='word_1_226' title='bbox 2050 1733 2305 1800; x_wconf 87' lang='lat' dir='ltr'>Patrem,</span> <span class='ocrx_word' id='word_1_227' title='bbox 2338 1733 2720 1804; x_wconf 81' lang='lat' dir='ltr'>probationes</span> <span class='ocrx_word' id='word_1_228' title='bbox 2749 1735 3050 1794; x_wconf 86' lang='lat' dir='ltr'>evidentes</span> <span class='ocrx_word' id='word_1_229' title='bbox 3074 1718 3421 1800; x_wconf 75' lang='lat' dir='ltr'>tradiderat.</span> 
     </span>
    </p>
   </div>
   <div class='ocr_carea' id='block_1_33' title="bbox 299 1803 1952 1899">
    <p class='ocr_par' dir='ltr' id='par_1_33' title="bbox 299 1803 1830 1882">
     <span class='ocr_line' id='line_1_33' title="bbox 299 1803 1830 1882; baseline 0.003 -24"><span class='ocrx_word' id='word_1_230' title='bbox 299 1809 372 1859; x_wconf 89' lang='lat' dir='ltr'>Oi</span> <span class='ocrx_word' id='word_1_231' title='bbox 404 1803 465 1860; x_wconf 74' lang='grc' dir='ltr'>δι</span> <span class='ocrx_word' id='word_1_232' title='bbox 494 1837 563 1849; x_wconf 89' lang='grc'><strong><em>-</em></strong></span> <span class='ocrx_word' id='word_1_233' title='bbox 591 1807 755 1880; x_wconf 88' lang='grc' dir='ltr'>λέγετε</span> <span class='ocrx_word' id='word_1_234' title='bbox 780 1805 944 1879; x_wconf 69' lang='grc' dir='ltr'>εἶναις</span> <span class='ocrx_word' id='word_1_235' title='bbox 974 1814 1156 1881; x_wconf 81' lang='grc' dir='ltr'>Ὑμεῖς.</span> <span class='ocrx_word' id='word_1_236' title='bbox 1188 1812 1366 1881; x_wconf 79' lang='grc' dir='ltr'>φησὶν,</span> <span class='ocrx_word' id='word_1_237' title='bbox 1399 1809 1447 1861; x_wconf 82' lang='grc' dir='ltr'>οἱ</span> <span class='ocrx_word' id='word_1_238' title='bbox 1479 1811 1710 1870; x_wconf 84' lang='grc' dir='ltr'>συνόντες</span> <span class='ocrx_word' id='word_1_239' title='bbox 1739 1827 1830 1882; x_wconf 89' lang='grc' dir='ltr'>μοι</span> 
     </span>
    </p>
   </div>
   <div class='ocr_carea' id='block_1_34' title="bbox 1953 1803 3606 1899">
    <p class='ocr_par' dir='ltr' id='par_1_34' title="bbox 2007 1803 3606 1899">
     <span class='ocr_line' id='line_1_34' title="bbox 2007 1803 3606 1899; baseline 0.008 -21"><span class='ocrx_word' id='word_1_240' title='bbox 2007 1824 2164 1878; x_wconf 84' lang='lat' dir='ltr'>Vers.</span> <span class='ocrx_word' id='word_1_241' title='bbox 2203 1823 2291 1878; x_wconf 71' lang='lat'>44.</span> <span class='ocrx_word' id='word_1_242' title='bbox 2332 1803 2411 1877; x_wconf 61' lang='grc' dir='ltr'>λι</span> <span class='ocrx_word' id='word_1_243' title='bbox 2441 1822 2552 1878; x_wconf 81' lang='lat' dir='ltr'>illi.</span> <span class='ocrx_word' id='word_1_244' title='bbox 2585 1855 2654 1866; x_wconf 88' lang='lat'><strong><em>—</em></strong></span> <span class='ocrx_word' id='word_1_245' title='bbox 2680 1826 2745 1880; x_wconf 90' lang='lat' dir='ltr'>v.</span> <span class='ocrx_word' id='word_1_246' title='bbox 2786 1825 2869 1879; x_wconf 80' lang='lat' dir='ltr'>t5.</span> <span class='ocrx_word' id='word_1_247' title='bbox 2904 1826 3046 1884; x_wconf 89' lang='lat' dir='ltr'>Esse</span> <span class='ocrx_word' id='word_1_248' title='bbox 3070 1827 3268 1886; x_wconf 88' lang='lat' dir='ltr'>dicitis</span> <span class='ocrx_word' id='word_1_249' title='bbox 3293 1831 3321 1886; x_wconf 70' lang='grc' dir='ltr'>τι</span> <span class='ocrx_word' id='word_1_250' title='bbox 3353 1833 3486 1899; x_wconf 88' lang='lat' dir='ltr'>Vos,</span> <span class='ocrx_word' id='word_1_251' title='bbox 3516 1834 3606 1890; x_wconf 85' lang='lat' dir='ltr'>in-</span> 
     </span>
    </p>
   </div>
   <div class='ocr_carea' id='block_1_35' title="bbox 218 1892 1871 1984">
    <p class='ocr_par' dir='ltr' id='par_1_35' title="bbox 218 1892 1828 1973">
     <span class='ocr_line' id='line_1_35' title="bbox 218 1892 1828 1973; baseline 0.001 -25"><span class='ocrx_word' id='word_1_252' title='bbox 218 1892 258 1948; x_wconf 87' lang='grc' dir='ltr'>δ</span> <span class='ocrx_word' id='word_1_253' title='bbox 264 1899 537 1963; x_wconf 87' lang='grc' dir='ltr'>ιαπαντὸς,</span> <span class='ocrx_word' id='word_1_254' title='bbox 565 1901 653 1950; x_wconf 85' lang='grc' dir='ltr'>καὶ</span> <span class='ocrx_word' id='word_1_255' title='bbox 691 1897 884 1956; x_wconf 80' lang='grc' dir='ltr'>πολλὴν</span> <span class='ocrx_word' id='word_1_256' title='bbox 918 1904 1097 1973; x_wconf 88' lang='grc' dir='ltr'>πεῖραν</span> <span class='ocrx_word' id='word_1_257' title='bbox 1151 1899 1350 1970; x_wconf 84' lang='grc' dir='ltr'>ἔχοντες</span> <span class='ocrx_word' id='word_1_258' title='bbox 1375 1905 1472 1960; x_wconf 83' lang='grc' dir='ltr'>τῆς</span> <span class='ocrx_word' id='word_1_259' title='bbox 1515 1896 1640 1971; x_wconf 85' lang='grc' dir='ltr'>έμῆς</span> <span class='ocrx_word' id='word_1_260' title='bbox 1672 1895 1707 1950; x_wconf 87' lang='grc' dir='ltr'>δ</span> <span class='ocrx_word' id='word_1_261' title='bbox 1711 1900 1828 1950; x_wconf 87' lang='grc' dir='ltr'>υνά-</span> 
     </span>
    </p>
   </div>
   <div class='ocr_carea' id='block_1_36' title="bbox 1948 1892 3601 1984">
    <p class='ocr_par' dir='ltr' id='par_1_36' title="bbox 1948 1911 3601 1984">
     <span class='ocr_line' id='line_1_36' title="bbox 1948 1911 3601 1984; baseline 0.008 -19"><span class='ocrx_word' id='word_1_262' title='bbox 1948 1911 2081 1984; x_wconf 55' lang='lat' dir='ltr'>quit,</span> <span class='ocrx_word' id='word_1_263' title='bbox 2113 1911 2214 1984; x_wconf 86' lang='lat' dir='ltr'>qui</span> <span class='ocrx_word' id='word_1_264' title='bbox 2245 1925 2482 1966; x_wconf 90' lang='lat' dir='ltr'>mecum</span> <span class='ocrx_word' id='word_1_265' title='bbox 2513 1927 2746 1983; x_wconf 88' lang='lat' dir='ltr'>semper</span> <span class='ocrx_word' id='word_1_266' title='bbox 2761 1917 3227 1984; x_wconf 89' lang='lat' dir='ltr'>conversamini,</span> <span class='ocrx_word' id='word_1_267' title='bbox 3266 1921 3322 1975; x_wconf 92' lang='lat' dir='ltr'>et</span> <span class='ocrx_word' id='word_1_268' title='bbox 3347 1926 3601 1980; x_wconf 89' lang='lat' dir='ltr'>multam</span> 
     </span>
    </p>
   </div>
   <div class='ocr_carea' id='block_1_37' title="bbox 218 1983 1871 2081">
    <p class='ocr_par' dir='ltr' id='par_1_37' title="bbox 218 1983 1826 2059">
     <span class='ocr_line' id='line_1_37' title="bbox 218 1983 1826 2059; baseline 0.002 -23"><span class='ocrx_word' id='word_1_269' title='bbox 218 2004 363 2056; x_wconf 83' lang='grc' dir='ltr'>μεως</span> <span class='ocrx_word' id='word_1_270' title='bbox 418 1985 468 2037; x_wconf 86' lang='grc' dir='ltr'>έν</span> <span class='ocrx_word' id='word_1_271' title='bbox 516 1987 648 2058; x_wconf 74' lang='grc' dir='ltr'>ἔργῳ</span> <span class='ocrx_word' id='word_1_272' title='bbox 673 1991 762 2039; x_wconf 90' lang='grc' dir='ltr'>καὶ</span> <span class='ocrx_word' id='word_1_273' title='bbox 800 1987 954 2059; x_wconf 86' lang='grc' dir='ltr'>λόγῳ.</span> <span class='ocrx_word' id='word_1_274' title='bbox 991 1987 1162 2040; x_wconf 84' lang='grc' dir='ltr'>Εἰπὼν</span> <span class='ocrx_word' id='word_1_275' title='bbox 1203 1983 1289 2040; x_wconf 83' lang='grc' dir='ltr'>οὖν</span> <span class='ocrx_word' id='word_1_276' title='bbox 1320 1987 1515 2048; x_wconf 77' lang='grc' dir='ltr'>αὐτοῖς·</span> <span class='ocrx_word' id='word_1_277' title='bbox 1567 1985 1736 2048; x_wconf 72' lang='grc' dir='ltr'>Ὑμεῖς</span> <span class='ocrx_word' id='word_1_278' title='bbox 1767 1984 1826 2040; x_wconf 73' lang='grc' dir='ltr'>δὲ</span> 
     </span>
    </p>
   </div>
   <div class='ocr_carea' id='block_1_38' title="bbox 1945 1983 3598 2081">
    <p class='ocr_par' dir='ltr' id='par_1_38' title="bbox 1945 1983 3598 2081">
     <span class='ocr_line' id='line_1_38' title="bbox 1945 1983 3598 2081; baseline 0.006 -25"><span class='ocrx_word' id='word_1_279' title='bbox 1945 1983 2164 2056; x_wconf 74' lang='lat' dir='ltr'>babetis</span> <span class='ocrx_word' id='word_1_280' title='bbox 2189 1999 2615 2072; x_wconf 85' lang='lat' dir='ltr'>experientiam</span> <span class='ocrx_word' id='word_1_281' title='bbox 2646 2015 2797 2057; x_wconf 65' lang='lat' dir='ltr'>meas</span> <span class='ocrx_word' id='word_1_282' title='bbox 2837 2004 3133 2073; x_wconf 76' lang='lat' dir='ltr'>potentiae,</span> <span class='ocrx_word' id='word_1_283' title='bbox 3167 1983 3298 2078; x_wconf 83' lang='lat' dir='ltr'>quae</span> <span class='ocrx_word' id='word_1_284' title='bbox 3332 2011 3391 2064; x_wconf 86' lang='lat' dir='ltr'>et</span> <span class='ocrx_word' id='word_1_285' title='bbox 3419 2023 3598 2081; x_wconf 89' lang='lat' dir='ltr'>opere</span> 
     </span>
    </p>
   </div>
   <div class='ocr_carea' id='block_1_39' title="bbox 216 2072 1869 2161">
    <p class='ocr_par' dir='ltr' id='par_1_39' title="bbox 216 2072 1824 2148">
     <span class='ocr_line' id='line_1_39' title="bbox 216 2072 1824 2148; baseline 0.002 -22"><span class='ocrx_word' id='word_1_286' title='bbox 216 2078 343 2126; x_wconf 89' lang='grc' dir='ltr'>τίνα</span> <span class='ocrx_word' id='word_1_287' title='bbox 368 2093 432 2148; x_wconf 79' lang='grc' dir='ltr'>με</span> <span class='ocrx_word' id='word_1_288' title='bbox 478 2075 643 2148; x_wconf 86' lang='grc' dir='ltr'>λέγετε</span> <span class='ocrx_word' id='word_1_289' title='bbox 691 2072 862 2146; x_wconf 83' lang='grc' dir='ltr'>εἶναι;</span> <span class='ocrx_word' id='word_1_290' title='bbox 907 2072 1218 2148; x_wconf 79' lang='grc' dir='ltr'>δεδήλωκεν,</span> <span class='ocrx_word' id='word_1_291' title='bbox 1271 2077 1347 2130; x_wconf 85' lang='grc' dir='ltr'>ὅτι</span> <span class='ocrx_word' id='word_1_292' title='bbox 1395 2084 1566 2138; x_wconf 85' lang='grc' dir='ltr'>κακῶς</span> <span class='ocrx_word' id='word_1_293' title='bbox 1595 2079 1644 2130; x_wconf 83' lang='grc' dir='ltr'>οἱ</span> <span class='ocrx_word' id='word_1_294' title='bbox 1672 2076 1824 2148; x_wconf 78' lang='grc' dir='ltr'>ὄχλοι</span> 
     </span>
    </p>
   </div>
   <div class='ocr_carea' id='block_1_40' title="bbox 1943 2072 3596 2161">
    <p class='ocr_par' dir='ltr' id='par_1_40' title="bbox 1943 2072 3596 2161">
     <span class='ocr_line' id='line_1_40' title="bbox 1943 2072 3596 2161; baseline 0.007 -17"><span class='ocrx_word' id='word_1_295' title='bbox 1943 2093 1988 2145; x_wconf 78' lang='lat' dir='ltr'>et</span> <span class='ocrx_word' id='word_1_296' title='bbox 2022 2104 2295 2145; x_wconf 89' lang='lat' dir='ltr'>sermone</span> <span class='ocrx_word' id='word_1_297' title='bbox 2333 2089 2623 2145; x_wconf 89' lang='lat' dir='ltr'>elucescit.</span> <span class='ocrx_word' id='word_1_298' title='bbox 2655 2091 2793 2146; x_wconf 88' lang='lat' dir='ltr'>Cum</span> <span class='ocrx_word' id='word_1_299' title='bbox 2834 2072 2975 2161; x_wconf 86' lang='lat' dir='ltr'>ergo</span> <span class='ocrx_word' id='word_1_300' title='bbox 3007 2072 3228 2151; x_wconf 72' lang='lat' dir='ltr'>diceret</span> <span class='ocrx_word' id='word_1_301' title='bbox 3269 2095 3384 2151; x_wconf 91' lang='lat' dir='ltr'>illis</span> <span class='ocrx_word' id='word_1_302' title='bbox 3417 2115 3430 2155; x_wconf 92' lang='lat'><strong><em>:</em></strong></span> <span class='ocrx_word' id='word_1_303' title='bbox 3460 2072 3596 2156; x_wconf 47' lang='lat' dir='ltr'>-Vos</span> 
     </span>
    </p>
   </div>
   <div class='ocr_carea' id='block_1_41' title="bbox 212 2163 3594 2254">
    <p class='ocr_par' dir='ltr' id='par_1_41' title="bbox 212 2163 3594 2254">
     <span class='ocr_line' id='line_1_41' title="bbox 212 2163 3594 2254; baseline 0.009 -38"><span class='ocrx_word' id='word_1_304' title='bbox 212 2163 481 2237; x_wconf 85' lang='grc' dir='ltr'>λέγουσιν.</span> <span class='ocrx_word' id='word_1_305' title='bbox 1931 2185 2128 2236; x_wconf 86' lang='lat' dir='ltr'>autem</span> <span class='ocrx_word' id='word_1_306' title='bbox 2153 2195 2319 2251; x_wconf 85' lang='lat' dir='ltr'>quem</span> <span class='ocrx_word' id='word_1_307' title='bbox 2346 2195 2438 2236; x_wconf 91' lang='lat' dir='ltr'>me</span> <span class='ocrx_word' id='word_1_308' title='bbox 2452 2195 2568 2237; x_wconf 78' lang='lat' dir='ltr'>esse</span> <span class='ocrx_word' id='word_1_309' title='bbox 2582 2179 2778 2237; x_wconf 79' lang='lat' dir='ltr'>dicitis</span> <span class='ocrx_word' id='word_1_310' title='bbox 2803 2181 2832 2238; x_wconf 75' lang='lat' dir='ltr'><strong><em>‘I</em></strong></span> <span class='ocrx_word' id='word_1_311' title='bbox 2862 2181 3222 2254; x_wconf 87' lang='lat' dir='ltr'>signiﬁcavit</span> <span class='ocrx_word' id='word_1_312' title='bbox 3249 2187 3451 2244; x_wconf 87' lang='lat' dir='ltr'>turbas</span> <span class='ocrx_word' id='word_1_313' title='bbox 3473 2202 3594 2247; x_wconf 90' lang='lat' dir='ltr'>non</span> 
     </span>
    </p>
   </div>
   <div class='ocr_carea' id='block_1_42' title="bbox 1928 2268 2337 2325">
    <p class='ocr_par' dir='ltr' id='par_1_42' title="bbox 1928 2268 2337 2325">
     <span class='ocr_line' id='line_1_42' title="bbox 1928 2268 2337 2325; baseline 0 -1"><span class='ocrx_word' id='word_1_314' title='bbox 1928 2273 2084 2325; x_wconf 89' lang='lat' dir='ltr'>recte</span> <span class='ocrx_word' id='word_1_315' title='bbox 2123 2268 2337 2324; x_wconf 88' lang='lat' dir='ltr'>dicere.</span> 
     </span>
    </p>
   </div>
   <div class='ocr_carea' id='block_1_43' title="bbox 285 2358 1938 2439">
    <p class='ocr_par' dir='ltr' id='par_1_43' title="bbox 285 2363 1819 2439">
     <span class='ocr_line' id='line_1_43' title="bbox 285 2363 1819 2439; baseline -0.001 -21"><span class='ocrx_word' id='word_1_316' title='bbox 285 2363 615 2435; x_wconf 80' lang='grc' dir='ltr'>Ἀποκριθεὶς</span> <span class='ocrx_word' id='word_1_317' title='bbox 643 2395 712 2406; x_wconf 91' lang='lat'><strong>-</strong></span> <span class='ocrx_word' id='word_1_318' title='bbox 758 2365 965 2426; x_wconf 79' lang='grc' dir='ltr'>ζῶντος.</span> <span class='ocrx_word' id='word_1_319' title='bbox 1000 2364 1159 2418; x_wconf 89' lang='grc' dir='ltr'>Πάλιν</span> <span class='ocrx_word' id='word_1_320' title='bbox 1190 2365 1215 2417; x_wconf 87' lang='grc' dir='ltr'>ό</span> <span class='ocrx_word' id='word_1_321' title='bbox 1248 2367 1457 2439; x_wconf 78' lang='grc' dir='ltr'>Πέτρος,</span> <span class='ocrx_word' id='word_1_322' title='bbox 1490 2365 1516 2416; x_wconf 92' lang='grc' dir='ltr'>ό</span> <span class='ocrx_word' id='word_1_323' title='bbox 1542 2370 1819 2437; x_wconf 82' lang='grc' dir='ltr'>πανταχοῦ</span> 
     </span>
    </p>
   </div>
   <div class='ocr_carea' id='block_1_44' title="bbox 1934 2358 3587 2439">
    <p class='ocr_par' dir='ltr' id='par_1_44' title="bbox 1997 2358 3587 2426">
     <span class='ocr_line' id='line_1_44' title="bbox 1997 2358 3587 2426; baseline 0.007 -12"><span class='ocrx_word' id='word_1_324' title='bbox 1997 2361 2154 2414; x_wconf 84' lang='lat' dir='ltr'>Vers.</span> <span class='ocrx_word' id='word_1_325' title='bbox 2196 2360 2288 2415; x_wconf 80' lang='grc'><strong>16.</strong></span> <span class='ocrx_word' id='word_1_326' title='bbox 2328 2358 2695 2426; x_wconf 83' lang='lat' dir='ltr'>Respondens</span> <span class='ocrx_word' id='word_1_327' title='bbox 2718 2391 2785 2401; x_wconf 91' lang='lat'><strong>-</strong></span> <span class='ocrx_word' id='word_1_328' title='bbox 2815 2361 3080 2418; x_wconf 77' lang='lat' dir='ltr'>viventis.</span> <span class='ocrx_word' id='word_1_329' title='bbox 3121 2363 3350 2420; x_wconf 86' lang='lat' dir='ltr'>Rursus</span> <span class='ocrx_word' id='word_1_330' title='bbox 3384 2368 3587 2426; x_wconf 89' lang='lat' dir='ltr'>Petrus</span> 
     </span>
    </p>
   </div>
   <div class='ocr_carea' id='block_1_45' title="bbox 218 2448 1871 2529">
    <p class='ocr_par' dir='ltr' id='par_1_45' title="bbox 218 2451 1818 2529">
     <span class='ocr_line' id='line_1_45' title="bbox 218 2451 1818 2529; baseline 0.001 -23"><span class='ocrx_word' id='word_1_331' title='bbox 218 2456 423 2527; x_wconf 85' lang='grc' dir='ltr'>θερμὸς,</span> <span class='ocrx_word' id='word_1_332' title='bbox 552 2451 826 2528; x_wconf 80' lang='grc' dir='ltr'>προπηδᾷ,</span> <span class='ocrx_word' id='word_1_333' title='bbox 988 2459 1076 2508; x_wconf 89' lang='grc' dir='ltr'>καὶ</span> <span class='ocrx_word' id='word_1_334' title='bbox 1212 2454 1580 2529; x_wconf 89' lang='grc' dir='ltr'>προλαμϐάνει.</span> <span class='ocrx_word' id='word_1_335' title='bbox 1714 2462 1818 2507; x_wconf 90' lang='grc' dir='ltr'>Τοῦ</span> 
     </span>
    </p>
   </div>
   <div class='ocr_carea' id='block_1_46' title="bbox 1934 2448 3587 2529">
    <p class='ocr_par' dir='ltr' id='par_1_46' title="bbox 1934 2448 3587 2521">
     <span class='ocr_line' id='line_1_46' title="bbox 1934 2448 3587 2521; baseline 0.007 -17"><span class='ocrx_word' id='word_1_336' title='bbox 1934 2448 2151 2521; x_wconf 90' lang='lat' dir='ltr'>ubique</span> <span class='ocrx_word' id='word_1_337' title='bbox 2182 2448 3049 2521; x_wconf 70' lang='lat' dir='ltr'>fervensprosilitetprmcedit.</span> <span class='ocrx_word' id='word_1_338' title='bbox 3086 2451 3349 2510; x_wconf 84' lang='lat' dir='ltr'>Viventis</span> <span class='ocrx_word' id='word_1_339' title='bbox 3385 2460 3587 2515; x_wconf 88' lang='lat' dir='ltr'>autem</span> 
     </span>
    </p>
   </div>
   <div class='ocr_carea' id='block_1_47' title="bbox 219 2536 1872 2617">
    <p class='ocr_par' dir='ltr' id='par_1_47' title="bbox 219 2540 1813 2617">
     <span class='ocr_line' id='line_1_47' title="bbox 219 2540 1813 2617; baseline 0.001 -22"><span class='ocrx_word' id='word_1_340' title='bbox 219 2544 409 2605; x_wconf 77' lang='grc' dir='ltr'>ζῶντος</span> <span class='ocrx_word' id='word_1_341' title='bbox 501 2541 559 2597; x_wconf 70' lang='grc' dir='ltr'>δὲ</span> <span class='ocrx_word' id='word_1_342' title='bbox 634 2540 761 2609; x_wconf 84' lang='grc' dir='ltr'>εἶπε,</span> <span class='ocrx_word' id='word_1_343' title='bbox 835 2541 976 2598; x_wconf 85' lang='grc' dir='ltr'>διότι</span> <span class='ocrx_word' id='word_1_344' title='bbox 1061 2549 1353 2617; x_wconf 85' lang='grc' dir='ltr'>γέγραπται</span> <span class='ocrx_word' id='word_1_345' title='bbox 1419 2548 1537 2616; x_wconf 83' lang='grc' dir='ltr'>περὶ</span> <span class='ocrx_word' id='word_1_346' title='bbox 1632 2545 1813 2614; x_wconf 81' lang='grc' dir='ltr'>άὺτοῦ,</span> 
     </span>
    </p>
   </div>
   <div class='ocr_carea' id='block_1_48' title="bbox 1925 2536 3578 2617">
    <p class='ocr_par' dir='ltr' id='par_1_48' title="bbox 1925 2536 3578 2615">
     <span class='ocr_line' id='line_1_48' title="bbox 1925 2536 3578 2615; baseline 0.007 -23"><span class='ocrx_word' id='word_1_347' title='bbox 1925 2536 2089 2605; x_wconf 82' lang='lat' dir='ltr'>dixit,</span> <span class='ocrx_word' id='word_1_348' title='bbox 2130 2537 2274 2609; x_wconf 88' lang='lat' dir='ltr'>quia</span> <span class='ocrx_word' id='word_1_349' title='bbox 2315 2537 2602 2610; x_wconf 89' lang='lat' dir='ltr'>scriptum</span> <span class='ocrx_word' id='word_1_350' title='bbox 2642 2541 2768 2594; x_wconf 88' lang='lat' dir='ltr'>est:</span> <span class='ocrx_word' id='word_1_351' title='bbox 2802 2540 2956 2596; x_wconf 82' lang='lat' dir='ltr'>Deus</span> <span class='ocrx_word' id='word_1_352' title='bbox 2991 2541 3195 2598; x_wconf 81' lang='lat' dir='ltr'>vivens</span> <span class='ocrx_word' id='word_1_353' title='bbox 3228 2557 3324 2615; x_wconf 84' lang='lat' dir='ltr'>ego</span> <span class='ocrx_word' id='word_1_354' title='bbox 3354 2560 3483 2602; x_wconf 84' lang='lat' dir='ltr'>sum</span> <span class='ocrx_word' id='word_1_355' title='bbox 3511 2547 3578 2603; x_wconf 80' lang='grc'>⁸³.</span> 
     </span>
    </p>
   </div>
   <div class='ocr_carea' id='block_1_49' title="bbox 219 2625 1872 2708">
    <p class='ocr_par' dir='ltr' id='par_1_49' title="bbox 219 2632 1812 2708">
     <span class='ocr_line' id='line_1_49' title="bbox 219 2632 1812 2708; baseline -0.002 -21"><span class='ocrx_word' id='word_1_356' title='bbox 219 2635 343 2695; x_wconf 84' lang='grc' dir='ltr'>Θεὸς</span> <span class='ocrx_word' id='word_1_357' title='bbox 401 2633 500 2694; x_wconf 76' lang='grc' dir='ltr'>ζῶν</span> <span class='ocrx_word' id='word_1_358' title='bbox 576 2632 675 2705; x_wconf 78' lang='grc' dir='ltr'>ἐγώ</span> <span class='ocrx_word' id='word_1_359' title='bbox 755 2633 883 2705; x_wconf 84' lang='grc' dir='ltr'>εἰμι,</span> <span class='ocrx_word' id='word_1_360' title='bbox 927 2638 1036 2700; x_wconf 85' lang='grc' dir='ltr'>καὶ,</span> <span class='ocrx_word' id='word_1_361' title='bbox 1094 2641 1176 2687; x_wconf 90' lang='grc' dir='ltr'>Ζῶ</span> <span class='ocrx_word' id='word_1_362' title='bbox 1222 2632 1343 2706; x_wconf 73' lang='grc' dir='ltr'>ἐγὼ,</span> <span class='ocrx_word' id='word_1_363' title='bbox 1409 2633 1542 2705; x_wconf 89' lang='grc' dir='ltr'>λέγει</span> <span class='ocrx_word' id='word_1_364' title='bbox 1602 2636 1812 2708; x_wconf 84' lang='grc' dir='ltr'>Κύριος,</span> 
     </span>
    </p>
   </div>
   <div class='ocr_carea' id='block_1_50' title="bbox 1927 2625 3580 2708">
    <p class='ocr_par' dir='ltr' id='par_1_50' title="bbox 1927 2625 3580 2706">
     <span class='ocr_line' id='line_1_50' title="bbox 1927 2625 3580 2706; baseline 0.007 -25"><span class='ocrx_word' id='word_1_365' title='bbox 1927 2628 1991 2682; x_wconf 87' lang='lat' dir='ltr'>Et.</span> <span class='ocrx_word' id='word_1_366' title='bbox 2052 2626 2186 2682; x_wconf 82' lang='lat' dir='ltr'>Vivo</span> <span class='ocrx_word' id='word_1_367' title='bbox 2221 2641 2346 2697; x_wconf 87' lang='lat' dir='ltr'>ego,</span> <span class='ocrx_word' id='word_1_368' title='bbox 2377 2625 2517 2683; x_wconf 87' lang='lat' dir='ltr'>dicit</span> <span class='ocrx_word' id='word_1_369' title='bbox 2546 2627 2838 2684; x_wconf 79' lang='lat' dir='ltr'>Dominus</span> <span class='ocrx_word' id='word_1_370' title='bbox 2859 2629 2948 2695; x_wconf 65' lang='lat'>3‘;</span> <span class='ocrx_word' id='word_1_371' title='bbox 2993 2629 3580 2706; x_wconf 73' lang='lat' dir='ltr'>multaquelsimilia,</span> 
     </span>
    </p>
   </div>
   <div class='ocr_carea' id='block_1_51' title="bbox 215 2715 1868 2799">
    <p class='ocr_par' dir='ltr' id='par_1_51' title="bbox 215 2718 1813 2799">
     <span class='ocr_line' id='line_1_51' title="bbox 215 2718 1813 2799; baseline 0 -25"><span class='ocrx_word' id='word_1_372' title='bbox 215 2727 305 2774; x_wconf 88' lang='lat' dir='ltr'>xui</span> <span class='ocrx_word' id='word_1_373' title='bbox 350 2721 511 2776; x_wconf 88' lang='grc' dir='ltr'>πολλὰ</span> <span class='ocrx_word' id='word_1_374' title='bbox 552 2730 789 2791; x_wconf 88' lang='grc' dir='ltr'>τοιαῦτα,</span> <span class='ocrx_word' id='word_1_375' title='bbox 844 2725 974 2799; x_wconf 89' lang='grc' dir='ltr'>πρὸς</span> <span class='ocrx_word' id='word_1_376' title='bbox 1023 2718 1423 2781; x_wconf 77' lang='grc' dir='ltr'>ἀντιδιαστολὴν</span> <span class='ocrx_word' id='word_1_377' title='bbox 1475 2730 1573 2775; x_wconf 88' lang='grc' dir='ltr'>τῶν</span> <span class='ocrx_word' id='word_1_378' title='bbox 1625 2731 1813 2796; x_wconf 85' lang='grc' dir='ltr'>νεκρῶν</span> 
     </span>
    </p>
   </div>
   <div class='ocr_carea' id='block_1_52' title="bbox 1929 2715 3582 2799">
    <p class='ocr_par' dir='ltr' id='par_1_52' title="bbox 1929 2715 3582 2788">
     <span class='ocr_line' id='line_1_52' title="bbox 1929 2715 3582 2788; baseline 0.007 -17"><span class='ocrx_word' id='word_1_379' title='bbox 1929 2715 2002 2772; x_wconf 85' lang='lat' dir='ltr'>ad</span> <span class='ocrx_word' id='word_1_380' title='bbox 2064 2715 2404 2788; x_wconf 90' lang='lat' dir='ltr'>oppositam</span> <span class='ocrx_word' id='word_1_381' title='bbox 2435 2715 2880 2774; x_wconf 86' lang='lat' dir='ltr'>distinctionem</span> <span class='ocrx_word' id='word_1_382' title='bbox 2944 2721 3327 2778; x_wconf 89' lang='lat' dir='ltr'>mortuorum</span> <span class='ocrx_word' id='word_1_383' title='bbox 3386 2723 3582 2782; x_wconf 80' lang='lat' dir='ltr'>idolo-</span> 
     </span>
    </p>
   </div>
   <div class='ocr_carea' id='block_1_53' title="bbox 212 2808 2079 2867">
    <p class='ocr_par' dir='ltr' id='par_1_53' title="bbox 212 2808 2079 2867">
     <span class='ocr_line' id='line_1_53' title="bbox 212 2808 2079 2867; baseline -0.003 -2"><span class='ocrx_word' id='word_1_384' title='bbox 212 2808 461 2867; x_wconf 83' lang='grc' dir='ltr'>εἰδώλων.</span> <span class='ocrx_word' id='word_1_385' title='bbox 1920 2820 2079 2861; x_wconf 86' lang='lat' dir='ltr'>rum.</span> 
     </span>
    </p>
   </div>
   <div class='ocr_carea' id='block_1_54' title="bbox 288 2893 1941 2976">
    <p class='ocr_par' dir='ltr' id='par_1_54' title="bbox 288 2901 1814 2976">
     <span class='ocr_line' id='line_1_54' title="bbox 288 2901 1814 2976; baseline 0 -21"><span class='ocrx_word' id='word_1_386' title='bbox 288 2905 392 2955; x_wconf 72' lang='grc' dir='ltr'>Καὶ</span> <span class='ocrx_word' id='word_1_387' title='bbox 440 2933 509 2944; x_wconf 89' lang='grc'><strong>-</strong></span> <span class='ocrx_word' id='word_1_388' title='bbox 566 2901 822 2975; x_wconf 78' lang='grc' dir='ltr'>οὐρανοῖς.</span> <span class='ocrx_word' id='word_1_389' title='bbox 871 2905 972 2956; x_wconf 76' lang='grc' dir='ltr'>Καὶ</span> <span class='ocrx_word' id='word_1_390' title='bbox 1036 2905 1139 2975; x_wconf 81' lang='grc' dir='ltr'>μὴν</span> <span class='ocrx_word' id='word_1_391' title='bbox 1207 2905 1297 2953; x_wconf 87' lang='grc' dir='ltr'>καὶ</span> <span class='ocrx_word' id='word_1_392' title='bbox 1361 2903 1629 2976; x_wconf 89' lang='grc' dir='ltr'>πρότερον,</span> <span class='ocrx_word' id='word_1_393' title='bbox 1682 2903 1814 2974; x_wconf 81' lang='grc' dir='ltr'>μετὰ</span> 
     </span>
    </p>
   </div>
   <div class='ocr_carea' id='block_1_55' title="bbox 1924 2893 3577 2976">
    <p class='ocr_par' dir='ltr' id='par_1_55' title="bbox 1991 2893 3577 2974">
     <span class='ocr_line' id='line_1_55' title="bbox 1991 2893 3577 2974; baseline 0.007 -25"><span class='ocrx_word' id='word_1_394' title='bbox 1991 2893 2157 2949; x_wconf 87' lang='lat' dir='ltr'>Vers-</span> <span class='ocrx_word' id='word_1_395' title='bbox 2185 2894 2271 2948; x_wconf 85' lang='grc'><strong>17.</strong></span> <span class='ocrx_word' id='word_1_396' title='bbox 2307 2893 2387 2950; x_wconf 88' lang='lat' dir='ltr'>Et</span> <span class='ocrx_word' id='word_1_397' title='bbox 2417 2924 2487 2936; x_wconf 96' lang='lat'><strong><em>—</em></strong></span> <span class='ocrx_word' id='word_1_398' title='bbox 2515 2893 2686 2950; x_wconf 74' lang='lat' dir='ltr'>caelis.</span> <span class='ocrx_word' id='word_1_399' title='bbox 2713 2896 2888 2968; x_wconf 82' lang='lat' dir='ltr'>Atqui</span> <span class='ocrx_word' id='word_1_400' title='bbox 2909 2895 3079 2969; x_wconf 89' lang='lat' dir='ltr'>prius</span> <span class='ocrx_word' id='word_1_401' title='bbox 3102 2896 3284 2955; x_wconf 90' lang='lat' dir='ltr'>etiam</span> <span class='ocrx_word' id='word_1_402' title='bbox 3300 2899 3577 2974; x_wconf 90' lang='lat' dir='ltr'>discipuli</span> 
     </span>
    </p>
   </div>
   <div class='ocr_carea' id='block_1_56' title="bbox 214 2982 1867 3064">
    <p class='ocr_par' dir='ltr' id='par_1_56' title="bbox 214 2987 1810 3064">
     <span class='ocr_line' id='line_1_56' title="bbox 214 2987 1810 3064; baseline 0.002 -21"><span class='ocrx_word' id='word_1_403' title='bbox 214 2994 310 3049; x_wconf 76' lang='grc' dir='ltr'>τὴν</span> <span class='ocrx_word' id='word_1_404' title='bbox 351 2991 532 3057; x_wconf 86' lang='grc' dir='ltr'>ζάλην,</span> <span class='ocrx_word' id='word_1_405' title='bbox 577 2993 626 3044; x_wconf 84' lang='grc' dir='ltr'>οἱ</span> <span class='ocrx_word' id='word_1_406' title='bbox 660 2993 893 3064; x_wconf 85' lang='grc' dir='ltr'>μαθηταὶ</span> <span class='ocrx_word' id='word_1_407' title='bbox 943 2993 1062 3044; x_wconf 85' lang='grc' dir='ltr'>Υἰὸν</span> <span class='ocrx_word' id='word_1_408' title='bbox 1111 2998 1243 3045; x_wconf 86' lang='grc' dir='ltr'>Θεοῦ</span> <span class='ocrx_word' id='word_1_409' title='bbox 1298 2987 1426 3043; x_wconf 85' lang='grc' dir='ltr'>εἶναι</span> <span class='ocrx_word' id='word_1_410' title='bbox 1479 2990 1633 3044; x_wconf 82' lang='grc' dir='ltr'>αὑτὸν</span> <span class='ocrx_word' id='word_1_411' title='bbox 1674 2994 1810 3064; x_wconf 86' lang='grc' dir='ltr'>ὠμο-</span> 
     </span>
    </p>
   </div>
   <div class='ocr_carea' id='block_1_57' title="bbox 1926 2982 3579 3064">
    <p class='ocr_par' dir='ltr' id='par_1_57' title="bbox 1926 2982 3579 3054">
     <span class='ocr_line' id='line_1_57' title="bbox 1926 2982 3579 3054; baseline 0.006 -16"><span class='ocrx_word' id='word_1_412' title='bbox 1926 2982 2124 3039; x_wconf 86' lang='lat' dir='ltr'>sedata</span> <span class='ocrx_word' id='word_1_413' title='bbox 2157 2986 2504 3054; x_wconf 86' lang='lat' dir='ltr'>tempestate</span> <span class='ocrx_word' id='word_1_414' title='bbox 2546 2983 2761 3040; x_wconf 89' lang='lat' dir='ltr'>Filium</span> <span class='ocrx_word' id='word_1_415' title='bbox 2811 2985 2912 3041; x_wconf 90' lang='lat' dir='ltr'>Dei</span> <span class='ocrx_word' id='word_1_416' title='bbox 2957 3001 3088 3043; x_wconf 92' lang='lat' dir='ltr'>esse</span> <span class='ocrx_word' id='word_1_417' title='bbox 3141 2988 3398 3046; x_wconf 87' lang='lat' dir='ltr'>confessi</span> <span class='ocrx_word' id='word_1_418' title='bbox 3442 2996 3579 3049; x_wconf 90' lang='lat' dir='ltr'>sunt</span> 
     </span>
    </p>
   </div>
   <div class='ocr_carea' id='block_1_58' title="bbox 213 3074 1866 3152">
    <p class='ocr_par' dir='ltr' id='par_1_58' title="bbox 213 3077 1866 3152">
     <span class='ocr_line' id='line_1_58' title="bbox 213 3077 1866 3152; baseline 0.003 -21"><span class='ocrx_word' id='word_1_419' title='bbox 213 3079 465 3152; x_wconf 82' lang='grc' dir='ltr'>λόγησαν,</span> <span class='ocrx_word' id='word_1_420' title='bbox 535 3080 775 3143; x_wconf 79' lang='grc' dir='ltr'>εἰπόντες·</span> <span class='ocrx_word' id='word_1_421' title='bbox 879 3079 1106 3143; x_wconf 82' lang='grc' dir='ltr'>Ἀληθῶς</span> <span class='ocrx_word' id='word_1_422' title='bbox 1189 3087 1321 3132; x_wconf 90' lang='grc' dir='ltr'>Θεοῦ</span> <span class='ocrx_word' id='word_1_423' title='bbox 1394 3083 1509 3142; x_wconf 84' lang='grc' dir='ltr'>Υἱός</span> <span class='ocrx_word' id='word_1_424' title='bbox 1577 3077 1639 3149; x_wconf 84' lang='grc' dir='ltr'>εἴ,</span> <span class='ocrx_word' id='word_1_425' title='bbox 1721 3084 1866 3143; x_wconf 81' lang='grc' dir='ltr'>καὶ(</span> 
     </span>
    </p>
   </div>
   <div class='ocr_carea' id='block_1_59' title="bbox 1923 3074 3576 3152">
    <p class='ocr_par' dir='ltr' id='par_1_59' title="bbox 1923 3074 3576 3139">
     <span class='ocr_line' id='line_1_59' title="bbox 1923 3074 3576 3139; baseline 0.005 -10"><span class='ocrx_word' id='word_1_426' title='bbox 1923 3074 2223 3139; x_wconf 86' lang='lat' dir='ltr'>dicentes;</span> <span class='ocrx_word' id='word_1_427' title='bbox 2285 3074 2429 3129; x_wconf 86' lang='lat' dir='ltr'>Vere</span> <span class='ocrx_word' id='word_1_428' title='bbox 2469 3075 2575 3128; x_wconf 86' lang='lat' dir='ltr'>Dei</span> <span class='ocrx_word' id='word_1_429' title='bbox 2602 3075 2792 3130; x_wconf 86' lang='lat' dir='ltr'>Filius</span> <span class='ocrx_word' id='word_1_430' title='bbox 2838 3090 2896 3131; x_wconf 87' lang='lat' dir='ltr'>es</span> <span class='ocrx_word' id='word_1_431' title='bbox 2925 3077 2971 3111; x_wconf 79' lang='grc'>⁸⁸</span> <span class='ocrx_word' id='word_1_432' title='bbox 3022 3091 3130 3132; x_wconf 90' lang='lat' dir='ltr'>nec</span> <span class='ocrx_word' id='word_1_433' title='bbox 3179 3082 3372 3134; x_wconf 88' lang='lat' dir='ltr'>tamen</span> <span class='ocrx_word' id='word_1_434' title='bbox 3413 3080 3576 3138; x_wconf 87' lang='lat' dir='ltr'>beati</span> 
     </span>
    </p>
   </div>
   <div class='ocr_carea' id='block_1_60' title="bbox 216 3162 1869 3245">
    <p class='ocr_par' dir='ltr' id='par_1_60' title="bbox 216 3167 1808 3245">
     <span class='ocr_line' id='line_1_60' title="bbox 216 3167 1808 3245; baseline 0.001 -24"><span class='ocrx_word' id='word_1_435' title='bbox 216 3170 308 3221; x_wconf 82' lang='grc' dir='ltr'>οὑκ</span> <span class='ocrx_word' id='word_1_436' title='bbox 351 3170 802 3245; x_wconf 78' lang='grc' dir='ltr'>ἐμακαρίσθησαν.</span> <span class='ocrx_word' id='word_1_437' title='bbox 878 3175 978 3224; x_wconf 79' lang='grc' dir='ltr'>Καὶ</span> <span class='ocrx_word' id='word_1_438' title='bbox 1025 3169 1166 3222; x_wconf 80' lang='grc' dir='ltr'>ἄλλοι</span> <span class='ocrx_word' id='word_1_439' title='bbox 1227 3167 1286 3223; x_wconf 82' lang='grc' dir='ltr'>δέ</span> <span class='ocrx_word' id='word_1_440' title='bbox 1361 3190 1493 3233; x_wconf 90' lang='grc' dir='ltr'>τινες</span> <span class='ocrx_word' id='word_1_441' title='bbox 1545 3173 1672 3224; x_wconf 85' lang='grc' dir='ltr'>Θεὸν</span> <span class='ocrx_word' id='word_1_442' title='bbox 1716 3171 1808 3223; x_wconf 76' lang='grc' dir='ltr'>αῦ-</span> 
     </span>
    </p>
   </div>
   <div class='ocr_carea' id='block_1_61' title="bbox 1923 3162 3576 3245">
    <p class='ocr_par' dir='ltr' id='par_1_61' title="bbox 1923 3162 3576 3235">
     <span class='ocr_line' id='line_1_61' title="bbox 1923 3162 3576 3235; baseline 0.004 -18"><span class='ocrx_word' id='word_1_443' title='bbox 1923 3162 2215 3234; x_wconf 81' lang='lat' dir='ltr'>praedicati</span> <span class='ocrx_word' id='word_1_444' title='bbox 2246 3166 2401 3217; x_wconf 89' lang='lat' dir='ltr'>sunt.</span> <span class='ocrx_word' id='word_1_445' title='bbox 2446 3164 2512 3218; x_wconf 91' lang='lat' dir='ltr'>Et</span> <span class='ocrx_word' id='word_1_446' title='bbox 2540 3162 2637 3217; x_wconf 88' lang='lat' dir='ltr'>alii</span> <span class='ocrx_word' id='word_1_447' title='bbox 2663 3163 2915 3235; x_wconf 90' lang='lat' dir='ltr'>quidam</span> <span class='ocrx_word' id='word_1_448' title='bbox 2940 3164 3127 3220; x_wconf 92' lang='lat' dir='ltr'>Deum</span> <span class='ocrx_word' id='word_1_449' title='bbox 3154 3180 3288 3223; x_wconf 90' lang='lat' dir='ltr'>esse</span> <span class='ocrx_word' id='word_1_450' title='bbox 3310 3168 3576 3225; x_wconf 89' lang='lat' dir='ltr'>credide-</span> 
     </span>
    </p>
   </div>
   <div class='ocr_carea' id='block_1_62' title="bbox 215 3250 1868 3335">
    <p class='ocr_par' dir='ltr' id='par_1_62' title="bbox 215 3259 1810 3335">
     <span class='ocr_line' id='line_1_62' title="bbox 215 3259 1810 3335; baseline 0.003 -25"><span class='ocrx_word' id='word_1_451' title='bbox 215 3260 300 3310; x_wconf 87' lang='grc' dir='ltr'>τὸν</span> <span class='ocrx_word' id='word_1_452' title='bbox 357 3259 613 3332; x_wconf 82' lang='grc' dir='ltr'>ὑπάρχειν</span> <span class='ocrx_word' id='word_1_453' title='bbox 688 3261 1022 3325; x_wconf 86' lang='grc' dir='ltr'>ἐπίστευσαν,</span> <span class='ocrx_word' id='word_1_454' title='bbox 1103 3261 1167 3320; x_wconf 88' lang='grc' dir='ltr'>ὡς</span> <span class='ocrx_word' id='word_1_455' title='bbox 1235 3265 1633 3335; x_wconf 80' lang='grc' dir='ltr'>προειρήκαμεν·</span> <span class='ocrx_word' id='word_1_456' title='bbox 1702 3259 1810 3314; x_wconf 75' lang='grc' dir='ltr'><strong>ἀλλ’</strong></span> 
     </span>
    </p>
   </div>
   <div class='ocr_carea' id='block_1_63' title="bbox 1922 3250 3575 3335">
    <p class='ocr_par' dir='ltr' id='par_1_63' title="bbox 1922 3250 3575 3335">
     <span class='ocr_line' id='line_1_63' title="bbox 1922 3250 3575 3335; baseline 0.004 -29"><span class='ocrx_word' id='word_1_457' title='bbox 1922 3255 2073 3316; x_wconf 90' lang='lat' dir='ltr'>runt,</span> <span class='ocrx_word' id='word_1_458' title='bbox 2102 3250 2585 3322; x_wconf 68' lang='lat' dir='ltr'>utpraediximus,</span> <span class='ocrx_word' id='word_1_459' title='bbox 2610 3251 2714 3335; x_wconf 85' lang='lat' dir='ltr'>sed</span> <span class='ocrx_word' id='word_1_460' title='bbox 2745 3251 2977 3309; x_wconf 92' lang='lat' dir='ltr'>nullum</span> <span class='ocrx_word' id='word_1_461' title='bbox 3013 3253 3253 3311; x_wconf 85' lang='lat' dir='ltr'>illorum</span> <span class='ocrx_word' id='word_1_462' title='bbox 3283 3254 3575 3313; x_wconf 48' lang='lat' dir='ltr'>beatiﬁca‘</span> 
     </span>
    </p>
   </div>
   <div class='ocr_carea' id='block_1_64' title="bbox 216 3331 1869 3424">
    <p class='ocr_par' dir='ltr' id='par_1_64' title="bbox 216 3344 1804 3424">
     <span class='ocr_line' id='line_1_64' title="bbox 216 3344 1804 3424; baseline 0.001 -25"><span class='ocrx_word' id='word_1_463' title='bbox 216 3344 400 3400; x_wconf 74' lang='grc' dir='ltr'>οὐδένα</span> <span class='ocrx_word' id='word_1_464' title='bbox 467 3352 653 3401; x_wconf 73' lang='grc' dir='ltr'>τούτων</span> <span class='ocrx_word' id='word_1_465' title='bbox 723 3348 1026 3424; x_wconf 74' lang='grc' dir='ltr'>ἐμακάρισε.</span> <span class='ocrx_word' id='word_1_466' title='bbox 1100 3354 1164 3402; x_wconf 84' lang='grc' dir='ltr'>Τί</span> <span class='ocrx_word' id='word_1_467' title='bbox 1245 3345 1331 3401; x_wconf 77' lang='grc' dir='ltr'>οὖν</span> <span class='ocrx_word' id='word_1_468' title='bbox 1385 3350 1525 3402; x_wconf 86' lang='grc' dir='ltr'>ἐστὶν</span> <span class='ocrx_word' id='word_1_469' title='bbox 1584 3349 1739 3402; x_wconf 81' lang='grc' dir='ltr'>εἰπεῖν</span> <span class='ocrx_word' id='word_1_470' title='bbox 1789 3366 1804 3418; x_wconf 85' lang='grc'><strong>;</strong></span> 
     </span>
    </p>
   </div>
   <div class='ocr_carea' id='block_1_65' title="bbox 1921 3331 3574 3424">
    <p class='ocr_par' dir='ltr' id='par_1_65' title="bbox 1921 3331 3574 3418">
     <span class='ocr_line' id='line_1_65' title="bbox 1921 3331 3574 3418; baseline 0.002 -23"><span class='ocrx_word' id='word_1_471' title='bbox 1921 3340 2016 3396; x_wconf 88' lang='lat' dir='ltr'>vit.</span> <span class='ocrx_word' id='word_1_472' title='bbox 2043 3339 2196 3405; x_wconf 87' lang='lat' dir='ltr'>Quid</span> <span class='ocrx_word' id='word_1_473' title='bbox 2227 3355 2369 3408; x_wconf 89' lang='lat' dir='ltr'>ergo</span> <span class='ocrx_word' id='word_1_474' title='bbox 2398 3331 2720 3395; x_wconf 79' lang='lat' dir='ltr'>dicendum</span> <span class='ocrx_word' id='word_1_475' title='bbox 2751 3344 2883 3396; x_wconf 86' lang='lat' dir='ltr'>est?</span> <span class='ocrx_word' id='word_1_476' title='bbox 2910 3342 3082 3406; x_wconf 89' lang='lat' dir='ltr'>Quod</span> <span class='ocrx_word' id='word_1_477' title='bbox 3121 3358 3332 3398; x_wconf 90' lang='lat' dir='ltr'>omnes</span> <span class='ocrx_word' id='word_1_478' title='bbox 3353 3345 3456 3416; x_wconf 92' lang='lat' dir='ltr'>qui</span> <span class='ocrx_word' id='word_1_479' title='bbox 3486 3346 3574 3418; x_wconf 88' lang='lat' dir='ltr'>ip-</span> 
     </span>
    </p>
   </div>
   <div class='ocr_carea' id='block_1_66' title="bbox 213 3428 1866 3511">
    <p class='ocr_par' dir='ltr' id='par_1_66' title="bbox 213 3434 1803 3511">
     <span class='ocr_line' id='line_1_66' title="bbox 213 3434 1803 3511; baseline 0 -21"><span class='ocrx_word' id='word_1_480' title='bbox 213 3435 331 3490; x_wconf 84' lang='grc' dir='ltr'>Ὀτι</span> <span class='ocrx_word' id='word_1_481' title='bbox 359 3439 558 3504; x_wconf 86' lang='grc' dir='ltr'>πάντες,</span> <span class='ocrx_word' id='word_1_482' title='bbox 611 3439 726 3491; x_wconf 86' lang='grc' dir='ltr'>ὅσοι</span> <span class='ocrx_word' id='word_1_483' title='bbox 771 3441 891 3492; x_wconf 85' lang='grc' dir='ltr'>Υἱὸν</span> <span class='ocrx_word' id='word_1_484' title='bbox 921 3445 1053 3490; x_wconf 86' lang='grc' dir='ltr'>Θεοῦ</span> <span class='ocrx_word' id='word_1_485' title='bbox 1098 3434 1227 3491; x_wconf 87' lang='grc' dir='ltr'>εἶναι</span> <span class='ocrx_word' id='word_1_486' title='bbox 1261 3438 1414 3490; x_wconf 79' lang='grc' dir='ltr'>αὑτὸν</span> <span class='ocrx_word' id='word_1_487' title='bbox 1445 3438 1803 3511; x_wconf 86' lang='grc' dir='ltr'>ὡμολόγησαν,</span> 
     </span>
    </p>
   </div>
   <div class='ocr_carea' id='block_1_67' title="bbox 1917 3428 3570 3511">
    <p class='ocr_par' dir='ltr' id='par_1_67' title="bbox 1917 3428 3570 3496">
     <span class='ocr_line' id='line_1_67' title="bbox 1917 3428 3570 3496; baseline 0.005 -13"><span class='ocrx_word' id='word_1_488' title='bbox 1917 3445 2050 3484; x_wconf 92' lang='lat' dir='ltr'>sum</span> <span class='ocrx_word' id='word_1_489' title='bbox 2079 3444 2210 3485; x_wconf 90' lang='lat' dir='ltr'>esse</span> <span class='ocrx_word' id='word_1_490' title='bbox 2237 3428 2339 3484; x_wconf 90' lang='lat' dir='ltr'>Dei</span> <span class='ocrx_word' id='word_1_491' title='bbox 2362 3428 2574 3485; x_wconf 85' lang='lat' dir='ltr'>Filium</span> <span class='ocrx_word' id='word_1_492' title='bbox 2597 3428 2856 3485; x_wconf 80' lang='lat' dir='ltr'>confessi</span> <span class='ocrx_word' id='word_1_493' title='bbox 2897 3435 3052 3496; x_wconf 89' lang='lat' dir='ltr'>sunt,</span> <span class='ocrx_word' id='word_1_494' title='bbox 3087 3435 3190 3488; x_wconf 91' lang='lat' dir='ltr'>aut</span> <span class='ocrx_word' id='word_1_495' title='bbox 3225 3434 3410 3489; x_wconf 93' lang='lat' dir='ltr'>Deum</span> <span class='ocrx_word' id='word_1_496' title='bbox 3442 3450 3570 3492; x_wconf 89' lang='lat' dir='ltr'>esse</span> 
     </span>
    </p>
   </div>
   <div class='ocr_carea' id='block_1_68' title="bbox 217 3517 1870 3602">
    <p class='ocr_par' dir='ltr' id='par_1_68' title="bbox 217 3527 1806 3602">
     <span class='ocr_line' id='line_1_68' title="bbox 217 3527 1806 3602; baseline 0 -22"><span class='ocrx_word' id='word_1_497' title='bbox 217 3527 245 3586; x_wconf 80' lang='grc' dir='ltr'><strong><em>ἦ</em></strong></span> <span class='ocrx_word' id='word_1_498' title='bbox 288 3529 411 3580; x_wconf 88' lang='grc' dir='ltr'>Θεὸν</span> <span class='ocrx_word' id='word_1_499' title='bbox 465 3529 723 3600; x_wconf 82' lang='grc' dir='ltr'>ὑπάρχειν</span> <span class='ocrx_word' id='word_1_500' title='bbox 786 3527 1116 3596; x_wconf 87' lang='grc' dir='ltr'>έπίστευσαν,</span> <span class='ocrx_word' id='word_1_501' title='bbox 1156 3527 1212 3580; x_wconf 81' lang='grc' dir='ltr'>οὑ</span> <span class='ocrx_word' id='word_1_502' title='bbox 1281 3529 1429 3600; x_wconf 76' lang='grc' dir='ltr'>φύσει</span> <span class='ocrx_word' id='word_1_503' title='bbox 1477 3532 1564 3580; x_wconf 84' lang='grc' dir='ltr'>καὶ</span> <span class='ocrx_word' id='word_1_504' title='bbox 1617 3533 1806 3602; x_wconf 88' lang='grc' dir='ltr'>κυρίως</span> 
     </span>
    </p>
   </div>
   <div class='ocr_carea' id='block_1_69' title="bbox 1916 3517 3569 3602">
    <p class='ocr_par' dir='ltr' id='par_1_69' title="bbox 1916 3517 3569 3591">
     <span class='ocr_line' id='line_1_69' title="bbox 1916 3517 3569 3591; baseline 0.004 -17"><span class='ocrx_word' id='word_1_505' title='bbox 1916 3517 2308 3583; x_wconf 89' lang='lat' dir='ltr'>crediderunt,</span> <span class='ocrx_word' id='word_1_506' title='bbox 2341 3533 2464 3574; x_wconf 91' lang='lat' dir='ltr'>non</span> <span class='ocrx_word' id='word_1_507' title='bbox 2491 3521 2705 3574; x_wconf 88' lang='lat' dir='ltr'>natura</span> <span class='ocrx_word' id='word_1_508' title='bbox 2738 3521 2794 3575; x_wconf 87' lang='lat' dir='ltr'>et</span> <span class='ocrx_word' id='word_1_509' title='bbox 2821 3519 3059 3591; x_wconf 87' lang='lat' dir='ltr'>proprie</span> <span class='ocrx_word' id='word_1_510' title='bbox 3094 3519 3223 3576; x_wconf 71' lang='lat' dir='ltr'>haec</span> <span class='ocrx_word' id='word_1_511' title='bbox 3248 3520 3414 3578; x_wconf 91' lang='lat' dir='ltr'>illum</span> <span class='ocrx_word' id='word_1_512' title='bbox 3441 3539 3569 3581; x_wconf 88' lang='lat' dir='ltr'>esse</span> 
     </span>
    </p>
   </div>
   <div class='ocr_carea' id='block_1_70' title="bbox 216 3606 1869 3686">
    <p class='ocr_par' dir='ltr' id='par_1_70' title="bbox 216 3615 1806 3686">
     <span class='ocr_line' id='line_1_70' title="bbox 216 3615 1806 3686; baseline 0.001 -18"><span class='ocrx_word' id='word_1_513' title='bbox 216 3623 376 3668; x_wconf 88' lang='grc' dir='ltr'>ταῦτα</span> <span class='ocrx_word' id='word_1_514' title='bbox 425 3615 553 3669; x_wconf 85' lang='grc' dir='ltr'>εἶναι</span> <span class='ocrx_word' id='word_1_515' title='bbox 609 3618 762 3669; x_wconf 80' lang='grc' dir='ltr'>αὐτὸν</span> <span class='ocrx_word' id='word_1_516' title='bbox 815 3615 1086 3684; x_wconf 85' lang='grc' dir='ltr'>ὑπέλαϐον,</span> <span class='ocrx_word' id='word_1_517' title='bbox 1136 3615 1263 3668; x_wconf 78' lang='grc' dir='ltr'>ἀλλά</span> <span class='ocrx_word' id='word_1_518' title='bbox 1324 3618 1479 3686; x_wconf 84' lang='grc' dir='ltr'>θέσει,</span> <span class='ocrx_word' id='word_1_519' title='bbox 1532 3620 1621 3669; x_wconf 82' lang='grc' dir='ltr'>καὶ</span> <span class='ocrx_word' id='word_1_520' title='bbox 1673 3619 1806 3670; x_wconf 82' lang='grc' dir='ltr'>κατὰ</span> 
     </span>
    </p>
   </div>
   <div class='ocr_carea' id='block_1_71' title="bbox 1918 3606 3571 3686">
    <p class='ocr_par' dir='ltr' id='par_1_71' title="bbox 1918 3606 3571 3679">
     <span class='ocr_line' id='line_1_71' title="bbox 1918 3606 3571 3679; baseline 0.005 -17"><span class='ocrx_word' id='word_1_521' title='bbox 1918 3606 2331 3678; x_wconf 88' lang='lat' dir='ltr'>opinabantur,</span> <span class='ocrx_word' id='word_1_522' title='bbox 2355 3607 2461 3662; x_wconf 92' lang='lat' dir='ltr'>sed</span> <span class='ocrx_word' id='word_1_523' title='bbox 2484 3607 2821 3679; x_wconf 89' lang='lat' dir='ltr'>adoptione,</span> <span class='ocrx_word' id='word_1_524' title='bbox 2845 3612 2900 3664; x_wconf 88' lang='lat' dir='ltr'>et</span> <span class='ocrx_word' id='word_1_525' title='bbox 2923 3609 3257 3665; x_wconf 91' lang='lat' dir='ltr'>secundum</span> <span class='ocrx_word' id='word_1_526' title='bbox 3285 3611 3571 3669; x_wconf 79' lang='lat' dir='ltr'>excellen-</span> 
     </span>
    </p>
   </div>
   <div class='ocr_carea' id='block_1_72' title="bbox 215 3695 1868 3780">
    <p class='ocr_par' dir='ltr' id='par_1_72' title="bbox 215 3705 1803 3780">
     <span class='ocr_line' id='line_1_72' title="bbox 215 3705 1803 3780; baseline -0.001 -22"><span class='ocrx_word' id='word_1_527' title='bbox 215 3711 477 3780; x_wconf 82' lang='grc' dir='ltr'>προκοπὴν</span> <span class='ocrx_word' id='word_1_528' title='bbox 527 3705 732 3779; x_wconf 79' lang='grc' dir='ltr'>ἀρετῆς,</span> <span class='ocrx_word' id='word_1_529' title='bbox 766 3708 836 3767; x_wconf 85' lang='grc' dir='ltr'>ὡς</span> <span class='ocrx_word' id='word_1_530' title='bbox 891 3710 980 3758; x_wconf 81' lang='grc' dir='ltr'>καὶ</span> <span class='ocrx_word' id='word_1_531' title='bbox 1016 3707 1215 3766; x_wconf 87' lang='grc' dir='ltr'>πάντας</span> <span class='ocrx_word' id='word_1_532' title='bbox 1252 3708 1372 3767; x_wconf 88' lang='grc' dir='ltr'>τοὺς</span> <span class='ocrx_word' id='word_1_533' title='bbox 1416 3705 1617 3777; x_wconf 84' lang='grc' dir='ltr'>ἁγίους·</span> <span class='ocrx_word' id='word_1_534' title='bbox 1650 3709 1803 3777; x_wconf 87' lang='grc' dir='ltr'>μόνος</span> 
     </span>
    </p>
   </div>
   <div class='ocr_carea' id='block_1_73' title="bbox 1914 3695 3567 3780">
    <p class='ocr_par' dir='ltr' id='par_1_73' title="bbox 1914 3695 3567 3766">
     <span class='ocr_line' id='line_1_73' title="bbox 1914 3695 3567 3766; baseline 0.004 -14"><span class='ocrx_word' id='word_1_535' title='bbox 1914 3696 2057 3752; x_wconf 90' lang='lat' dir='ltr'>tiam</span> <span class='ocrx_word' id='word_1_536' title='bbox 2111 3696 2344 3752; x_wconf 91' lang='lat' dir='ltr'>virtutis</span> <span class='ocrx_word' id='word_1_537' title='bbox 2400 3695 2579 3752; x_wconf 90' lang='lat' dir='ltr'>veluti</span> <span class='ocrx_word' id='word_1_538' title='bbox 2637 3697 2815 3753; x_wconf 90' lang='lat' dir='ltr'>etiam</span> <span class='ocrx_word' id='word_1_539' title='bbox 2873 3713 3083 3754; x_wconf 90' lang='lat' dir='ltr'>omnes</span> <span class='ocrx_word' id='word_1_540' title='bbox 3138 3704 3403 3766; x_wconf 89' lang='lat' dir='ltr'>sanctos,</span> <span class='ocrx_word' id='word_1_541' title='bbox 3465 3701 3567 3758; x_wconf 92' lang='lat' dir='ltr'>Dei</span> 
     </span>
    </p>
   </div>
   <div class='ocr_carea' id='block_1_74' title="bbox 216 3783 1869 3870">
    <p class='ocr_par' dir='ltr' id='par_1_74' title="bbox 216 3793 1804 3870">
     <span class='ocr_line' id='line_1_74' title="bbox 216 3793 1804 3870; baseline -0.001 -23"><span class='ocrx_word' id='word_1_542' title='bbox 216 3793 274 3847; x_wconf 77' lang='grc' dir='ltr'>ὸε</span> <span class='ocrx_word' id='word_1_543' title='bbox 310 3795 334 3846; x_wconf 93' lang='grc' dir='ltr'>ό</span> <span class='ocrx_word' id='word_1_544' title='bbox 367 3799 557 3870; x_wconf 80' lang='grc' dir='ltr'>Πέτρος</span> <span class='ocrx_word' id='word_1_545' title='bbox 606 3794 806 3857; x_wconf 76' lang='grc' dir='ltr'>ἀληθῶς</span> <span class='ocrx_word' id='word_1_546' title='bbox 846 3796 1094 3867; x_wconf 84' lang='grc' dir='ltr'>Χριστὸν,</span> <span class='ocrx_word' id='word_1_547' title='bbox 1148 3799 1238 3847; x_wconf 82' lang='grc' dir='ltr'>καὶ</span> <span class='ocrx_word' id='word_1_548' title='bbox 1288 3796 1440 3867; x_wconf 76' lang='grc' dir='ltr'>φύσει</span> <span class='ocrx_word' id='word_1_549' title='bbox 1493 3799 1582 3846; x_wconf 86' lang='grc' dir='ltr'>καὶ</span> <span class='ocrx_word' id='word_1_550' title='bbox 1611 3799 1804 3868; x_wconf 88' lang='grc' dir='ltr'>κυρίως</span> 
     </span>
    </p>
   </div>
   <div class='ocr_carea' id='block_1_75' title="bbox 1909 3783 3562 3870">
    <p class='ocr_par' dir='ltr' id='par_1_75' title="bbox 1909 3783 3562 3846">
     <span class='ocr_line' id='line_1_75' title="bbox 1909 3783 3562 3846; baseline 0.003 -6"><span class='ocrx_word' id='word_1_551' title='bbox 1909 3784 2063 3841; x_wconf 89' lang='lat' dir='ltr'>ﬁlios</span> <span class='ocrx_word' id='word_1_552' title='bbox 2092 3799 2223 3842; x_wconf 91' lang='lat' dir='ltr'>esse</span> <span class='ocrx_word' id='word_1_553' title='bbox 2253 3784 2473 3842; x_wconf 89' lang='lat' dir='ltr'>dicunt.</span> <span class='ocrx_word' id='word_1_554' title='bbox 2517 3783 2691 3840; x_wconf 92' lang='lat' dir='ltr'>Solus</span> <span class='ocrx_word' id='word_1_555' title='bbox 2733 3789 2935 3841; x_wconf 90' lang='lat' dir='ltr'>autem</span> <span class='ocrx_word' id='word_1_556' title='bbox 2974 3787 3176 3843; x_wconf 90' lang='lat' dir='ltr'>Petrus</span> <span class='ocrx_word' id='word_1_557' title='bbox 3214 3803 3352 3844; x_wconf 86' lang='lat' dir='ltr'>vere</span> <span class='ocrx_word' id='word_1_558' title='bbox 3393 3790 3562 3846; x_wconf 90' lang='lat' dir='ltr'>Chri-</span> 
     </span>
    </p>
   </div>
   <div class='ocr_carea' id='block_1_76' title="bbox 211 3873 1864 3958">
    <p class='ocr_par' dir='ltr' id='par_1_76' title="bbox 211 3882 1800 3958">
     <span class='ocr_line' id='line_1_76' title="bbox 211 3882 1800 3958; baseline -0.001 -20"><span class='ocrx_word' id='word_1_559' title='bbox 211 3886 328 3938; x_wconf 85' lang='grc' dir='ltr'>Υίὸν</span> <span class='ocrx_word' id='word_1_560' title='bbox 365 3891 454 3936; x_wconf 88' lang='grc' dir='ltr'>τοῦ</span> <span class='ocrx_word' id='word_1_561' title='bbox 500 3890 632 3937; x_wconf 86' lang='grc' dir='ltr'>Θεοῦ</span> <span class='ocrx_word' id='word_1_562' title='bbox 685 3891 861 3936; x_wconf 87' lang='grc' dir='ltr'>τοῦτον</span> <span class='ocrx_word' id='word_1_563' title='bbox 913 3882 1108 3943; x_wconf 83' lang='grc' dir='ltr'>ένόησε.</span> <span class='ocrx_word' id='word_1_564' title='bbox 1170 3887 1256 3937; x_wconf 91' lang='grc' dir='ltr'>Διό</span> <span class='ocrx_word' id='word_1_565' title='bbox 1314 3887 1404 3936; x_wconf 85' lang='grc' dir='ltr'>καὶ</span> <span class='ocrx_word' id='word_1_566' title='bbox 1435 3883 1586 3936; x_wconf 75' lang='grc' dir='ltr'>θέλων</span> <span class='ocrx_word' id='word_1_567' title='bbox 1613 3885 1638 3936; x_wconf 89' lang='grc' dir='ltr'><strong><em>ὁ</em></strong></span> <span class='ocrx_word' id='word_1_568' title='bbox 1669 3891 1800 3958; x_wconf 79' lang='grc' dir='ltr'>Χρι-</span> 
     </span>
    </p>
   </div>
   <div class='ocr_carea' id='block_1_77' title="bbox 1914 3873 3567 3958">
    <p class='ocr_par' dir='ltr' id='par_1_77' title="bbox 1914 3873 3567 3946">
     <span class='ocr_line' id='line_1_77' title="bbox 1914 3873 3567 3946; baseline 0.004 -17"><span class='ocrx_word' id='word_1_569' title='bbox 1914 3878 2087 3940; x_wconf 90' lang='lat' dir='ltr'>stum,</span> <span class='ocrx_word' id='word_1_570' title='bbox 2116 3877 2172 3930; x_wconf 91' lang='lat' dir='ltr'>et</span> <span class='ocrx_word' id='word_1_571' title='bbox 2213 3875 2427 3930; x_wconf 90' lang='lat' dir='ltr'>natura</span> <span class='ocrx_word' id='word_1_572' title='bbox 2465 3877 2522 3929; x_wconf 91' lang='lat' dir='ltr'>et</span> <span class='ocrx_word' id='word_1_573' title='bbox 2559 3875 2788 3946; x_wconf 90' lang='lat' dir='ltr'>proprie</span> <span class='ocrx_word' id='word_1_574' title='bbox 2837 3873 3052 3930; x_wconf 90' lang='lat' dir='ltr'>Filium</span> <span class='ocrx_word' id='word_1_575' title='bbox 3103 3875 3203 3931; x_wconf 90' lang='lat' dir='ltr'>Dei</span> <span class='ocrx_word' id='word_1_576' title='bbox 3245 3876 3406 3932; x_wconf 87' lang='lat' dir='ltr'>hunc</span> <span class='ocrx_word' id='word_1_577' title='bbox 3437 3893 3567 3936; x_wconf 91' lang='lat' dir='ltr'>esse</span> 
     </span>
    </p>
   </div>
   <div class='ocr_carea' id='block_1_78' title="bbox 214 3962 1867 4048">
    <p class='ocr_par' dir='ltr' id='par_1_78' title="bbox 214 3970 1802 4048">
     <span class='ocr_line' id='line_1_78' title="bbox 214 3970 1802 4048; baseline 0 -22"><span class='ocrx_word' id='word_1_578' title='bbox 214 3976 332 4036; x_wconf 88' lang='grc' dir='ltr'>στός</span> <span class='ocrx_word' id='word_1_579' title='bbox 385 3970 554 4036; x_wconf 83' lang='grc' dir='ltr'>δεῖξαι</span> <span class='ocrx_word' id='word_1_580' title='bbox 603 3980 714 4036; x_wconf 85' lang='grc' dir='ltr'>τοῖς</span> <span class='ocrx_word' id='word_1_581' title='bbox 763 3975 1044 4045; x_wconf 85' lang='grc' dir='ltr'>μαθηταῖς,</span> <span class='ocrx_word' id='word_1_582' title='bbox 1087 3974 1165 4026; x_wconf 86' lang='grc' dir='ltr'>ὅτι</span> <span class='ocrx_word' id='word_1_583' title='bbox 1228 3976 1377 4046; x_wconf 91' lang='grc' dir='ltr'>μόνος</span> <span class='ocrx_word' id='word_1_584' title='bbox 1429 3972 1578 4035; x_wconf 77' lang='grc' dir='ltr'>οὗτος</span> <span class='ocrx_word' id='word_1_585' title='bbox 1617 3972 1802 4048; x_wconf 83' lang='grc' dir='ltr'>ὀρθῶς·</span> 
     </span>
    </p>
   </div>
   <div class='ocr_carea' id='block_1_79' title="bbox 1913 3962 3566 4048">
    <p class='ocr_par' dir='ltr' id='par_1_79' title="bbox 1913 3962 3566 4039">
     <span class='ocr_line' id='line_1_79' title="bbox 1913 3962 3566 4039; baseline 0.002 -20"><span class='ocrx_word' id='word_1_586' title='bbox 1913 3962 2204 4019; x_wconf 83' lang='lat' dir='ltr'>intellexit.</span> <span class='ocrx_word' id='word_1_587' title='bbox 2235 3962 2371 4019; x_wconf 94' lang='lat' dir='ltr'>Ideo</span> <span class='ocrx_word' id='word_1_588' title='bbox 2418 3978 2660 4035; x_wconf 92' lang='lat' dir='ltr'>quoque</span> <span class='ocrx_word' id='word_1_589' title='bbox 2717 3963 2924 4019; x_wconf 90' lang='lat' dir='ltr'>volens</span> <span class='ocrx_word' id='word_1_590' title='bbox 2957 3963 3218 4020; x_wconf 90' lang='lat' dir='ltr'>Christus</span> <span class='ocrx_word' id='word_1_591' title='bbox 3261 3965 3566 4039; x_wconf 89' lang='lat' dir='ltr'>discipulis</span> 
     </span>
    </p>
   </div>
   <div class='ocr_carea' id='block_1_80' title="bbox 211 4051 1864 4137">
    <p class='ocr_par' dir='ltr' id='par_1_80' title="bbox 211 4061 1795 4137">
     <span class='ocr_line' id='line_1_80' title="bbox 211 4061 1795 4137; baseline -0.001 -22"><span class='ocrx_word' id='word_1_592' title='bbox 211 4065 353 4134; x_wconf 83' lang='grc' dir='ltr'>ἔγνω,</span> <span class='ocrx_word' id='word_1_593' title='bbox 417 4067 504 4114; x_wconf 86' lang='lat' dir='ltr'>xui</span> <span class='ocrx_word' id='word_1_594' title='bbox 563 4061 792 4123; x_wconf 79' lang='grc' dir='ltr'>ἀπλανῶς</span> <span class='ocrx_word' id='word_1_595' title='bbox 858 4062 1182 4134; x_wconf 84' lang='grc' dir='ltr'>ὡμολόγησε,</span> <span class='ocrx_word' id='word_1_596' title='bbox 1252 4062 1532 4137; x_wconf 78' lang='grc' dir='ltr'>μακαρίζει</span> <span class='ocrx_word' id='word_1_597' title='bbox 1596 4070 1795 4130; x_wconf 81' lang='grc' dir='ltr'>τοῦτον,</span> 
     </span>
    </p>
   </div>
   <div class='ocr_carea' id='block_1_81' title="bbox 1912 4051 3565 4137">
    <p class='ocr_par' dir='ltr' id='par_1_81' title="bbox 1912 4051 3565 4123">
     <span class='ocr_line' id='line_1_81' title="bbox 1912 4051 3565 4123; baseline 0.004 -16"><span class='ocrx_word' id='word_1_598' title='bbox 1912 4052 2335 4121; x_wconf 89' lang='lat' dir='ltr'>demonstrare,</span> <span class='ocrx_word' id='word_1_599' title='bbox 2383 4051 2545 4123; x_wconf 91' lang='lat' dir='ltr'>quod</span> <span class='ocrx_word' id='word_1_600' title='bbox 2585 4051 2747 4106; x_wconf 91' lang='lat' dir='ltr'>solus</span> <span class='ocrx_word' id='word_1_601' title='bbox 2785 4051 2881 4106; x_wconf 91' lang='lat' dir='ltr'>hic</span> <span class='ocrx_word' id='word_1_602' title='bbox 2914 4056 3069 4108; x_wconf 86' lang='lat' dir='ltr'>recte</span> <span class='ocrx_word' id='word_1_603' title='bbox 3107 4055 3467 4123; x_wconf 88' lang='lat' dir='ltr'>cognoverit,</span> <span class='ocrx_word' id='word_1_604' title='bbox 3509 4059 3565 4114; x_wconf 87' lang='lat' dir='ltr'>et</span> 
     </span>
    </p>
   </div>
   <div class='ocr_carea' id='block_1_82' title="bbox 210 4140 1863 4225">
    <p class='ocr_par' dir='ltr' id='par_1_82' title="bbox 210 4150 1796 4225">
     <span class='ocr_line' id='line_1_82' title="bbox 210 4150 1796 4225; baseline 0.001 -22"><span class='ocrx_word' id='word_1_605' title='bbox 210 4153 277 4214; x_wconf 85' lang='grc' dir='ltr'>ὡς</span> <span class='ocrx_word' id='word_1_606' title='bbox 336 4155 661 4223; x_wconf 75' lang='grc' dir='ltr'>τετυχηκότα</span> <span class='ocrx_word' id='word_1_607' title='bbox 733 4156 850 4225; x_wconf 85' lang='grc' dir='ltr'>περὶ</span> <span class='ocrx_word' id='word_1_608' title='bbox 922 4154 1108 4204; x_wconf 76' lang='grc' dir='ltr'>τούτου</span> <span class='ocrx_word' id='word_1_609' title='bbox 1191 4153 1329 4214; x_wconf 86' lang='grc' dir='ltr'>θείας</span> <span class='ocrx_word' id='word_1_610' title='bbox 1380 4150 1796 4223; x_wconf 44' lang='grc' dir='ltr'>ξλάποκαλὺψεως.</span> 
     </span>
    </p>
   </div>
   <div class='ocr_carea' id='block_1_83' title="bbox 1909 4140 3562 4225">
    <p class='ocr_par' dir='ltr' id='par_1_83' title="bbox 1909 4140 3562 4215">
     <span class='ocr_line' id='line_1_83' title="bbox 1909 4140 3562 4215; baseline 0.003 -19"><span class='ocrx_word' id='word_1_611' title='bbox 1909 4141 2035 4197; x_wconf 92' lang='lat' dir='ltr'>sine</span> <span class='ocrx_word' id='word_1_612' title='bbox 2058 4157 2254 4198; x_wconf 89' lang='lat' dir='ltr'>errore</span> <span class='ocrx_word' id='word_1_613' title='bbox 2271 4140 2580 4196; x_wconf 82' lang='lat' dir='ltr'>confessus</span> <span class='ocrx_word' id='word_1_614' title='bbox 2605 4140 2696 4207; x_wconf 91' lang='lat' dir='ltr'>sit,</span> <span class='ocrx_word' id='word_1_615' title='bbox 2717 4140 2912 4212; x_wconf 90' lang='lat' dir='ltr'>ipsum</span> <span class='ocrx_word' id='word_1_616' title='bbox 2932 4140 3257 4212; x_wconf 91' lang='lat' dir='ltr'>beatiﬁcat,</span> <span class='ocrx_word' id='word_1_617' title='bbox 3279 4147 3562 4215; x_wconf 90' lang='lat' dir='ltr'>tanquam</span> 
     </span>
    </p>
   </div>
   <div class='ocr_carea' id='block_1_84' title="bbox 211 4229 1864 4314">
    <p class='ocr_par' dir='ltr' id='par_1_84' title="bbox 211 4240 1796 4314">
     <span class='ocr_line' id='line_1_84' title="bbox 211 4240 1796 4314; baseline 0.001 -21"><span class='ocrx_word' id='word_1_618' title='bbox 211 4240 340 4313; x_wconf 80' lang='grc' dir='ltr'>Σᾶρξ</span> <span class='ocrx_word' id='word_1_619' title='bbox 385 4243 506 4314; x_wconf 84' lang='grc' dir='ltr'>γὰρ,</span> <span class='ocrx_word' id='word_1_620' title='bbox 572 4246 724 4314; x_wconf 74' lang='grc' dir='ltr'>φησὶ,</span> <span class='ocrx_word' id='word_1_621' title='bbox 799 4243 888 4293; x_wconf 87' lang='grc' dir='ltr'>καὶ</span> <span class='ocrx_word' id='word_1_622' title='bbox 941 4242 1091 4314; x_wconf 82' lang='grc' dir='ltr'>αἷμα,</span> <span class='ocrx_word' id='word_1_623' title='bbox 1150 4245 1436 4308; x_wconf 79' lang='grc' dir='ltr'>τουτέστιν,</span> <span class='ocrx_word' id='word_1_624' title='bbox 1511 4242 1796 4314; x_wconf 79' lang='grc' dir='ltr'>ἅνθρωπος,</span> 
     </span>
    </p>
   </div>
   <div class='ocr_carea' id='block_1_85' title="bbox 1909 4229 3562 4314">
    <p class='ocr_par' dir='ltr' id='par_1_85' title="bbox 1909 4229 3562 4291">
     <span class='ocr_line' id='line_1_85' title="bbox 1909 4229 3562 4291; baseline 0.003 -5"><span class='ocrx_word' id='word_1_625' title='bbox 1909 4234 2247 4287; x_wconf 86' lang='lat' dir='ltr'>assecutum</span> <span class='ocrx_word' id='word_1_626' title='bbox 2272 4230 2537 4287; x_wconf 88' lang='lat' dir='ltr'>divinam</span> <span class='ocrx_word' id='word_1_627' title='bbox 2563 4229 2638 4285; x_wconf 93' lang='lat' dir='ltr'>de</span> <span class='ocrx_word' id='word_1_628' title='bbox 2666 4245 2728 4286; x_wconf 92' lang='lat' dir='ltr'>se</span> <span class='ocrx_word' id='word_1_629' title='bbox 2748 4229 3171 4286; x_wconf 88' lang='lat' dir='ltr'>revelationem</span> <span class='ocrx_word' id='word_1_630' title='bbox 3198 4247 3210 4285; x_wconf 94' lang='lat'>:</span> <span class='ocrx_word' id='word_1_631' title='bbox 3233 4233 3380 4288; x_wconf 89' lang='lat' dir='ltr'>Caro</span> <span class='ocrx_word' id='word_1_632' title='bbox 3402 4234 3562 4291; x_wconf 89' lang='lat' dir='ltr'>enim</span> 
     </span>
    </p>
   </div>
   <div class='ocr_carea' id='block_1_86' title="bbox 211 4319 1864 4405">
    <p class='ocr_par' dir='ltr' id='par_1_86' title="bbox 211 4328 1798 4405">
     <span class='ocr_line' id='line_1_86' title="bbox 211 4328 1798 4405; baseline 0.001 -23"><span class='ocrx_word' id='word_1_633' title='bbox 211 4329 299 4382; x_wconf 83' lang='grc' dir='ltr'>οὑκ</span> <span class='ocrx_word' id='word_1_634' title='bbox 353 4329 762 4403; x_wconf 83' lang='grc' dir='ltr'>έμυσταγώγησέ</span> <span class='ocrx_word' id='word_1_635' title='bbox 801 4350 858 4384; x_wconf 90' lang='grc' dir='ltr'>σε</span> <span class='ocrx_word' id='word_1_636' title='bbox 898 4336 993 4391; x_wconf 74' lang='grc' dir='ltr'>τὴν</span> <span class='ocrx_word' id='word_1_637' title='bbox 1041 4335 1160 4405; x_wconf 82' lang='grc' dir='ltr'>περὶ</span> <span class='ocrx_word' id='word_1_638' title='bbox 1202 4328 1326 4400; x_wconf 80' lang='grc' dir='ltr'>ἐμοῦ</span> <span class='ocrx_word' id='word_1_639' title='bbox 1381 4332 1574 4389; x_wconf 84' lang='grc' dir='ltr'>ταύτην</span> <span class='ocrx_word' id='word_1_640' title='bbox 1619 4330 1798 4402; x_wconf 87' lang='grc' dir='ltr'>ὁμολο-</span> 
     </span>
    </p>
   </div>
   <div class='ocr_carea' id='block_1_87' title="bbox 1910 4319 3563 4405">
    <p class='ocr_par' dir='ltr' id='par_1_87' title="bbox 1910 4319 3563 4392">
     <span class='ocr_line' id='line_1_87' title="bbox 1910 4319 3563 4392; baseline 0.002 -17"><span class='ocrx_word' id='word_1_641' title='bbox 1910 4320 2105 4392; x_wconf 81' lang='lat' dir='ltr'>inquit,</span> <span class='ocrx_word' id='word_1_642' title='bbox 2136 4323 2192 4376; x_wconf 87' lang='lat' dir='ltr'>et</span> <span class='ocrx_word' id='word_1_643' title='bbox 2229 4320 2499 4389; x_wconf 85' lang='lat' dir='ltr'>sanguis,</span> <span class='ocrx_word' id='word_1_644' title='bbox 2531 4319 2647 4376; x_wconf 91' lang='lat' dir='ltr'>hoc</span> <span class='ocrx_word' id='word_1_645' title='bbox 2677 4325 2766 4375; x_wconf 90' lang='lat' dir='ltr'>est</span> <span class='ocrx_word' id='word_1_646' title='bbox 2799 4319 3001 4388; x_wconf 88' lang='lat' dir='ltr'>homo,</span> <span class='ocrx_word' id='word_1_647' title='bbox 3041 4334 3159 4376; x_wconf 90' lang='lat' dir='ltr'>non</span> <span class='ocrx_word' id='word_1_648' title='bbox 3202 4320 3454 4378; x_wconf 87' lang='lat' dir='ltr'>initiavit</span> <span class='ocrx_word' id='word_1_649' title='bbox 3507 4327 3563 4380; x_wconf 92' lang='lat' dir='ltr'>te</span> 
     </span>
    </p>
   </div>
   <div class='ocr_carea' id='block_1_88' title="bbox 207 4407 1860 4498">
    <p class='ocr_par' dir='ltr' id='par_1_88' title="bbox 207 4417 1860 4498">
     <span class='ocr_line' id='line_1_88' title="bbox 207 4417 1860 4498; baseline 0.001 -27"><span class='ocrx_word' id='word_1_650' title='bbox 207 4424 335 4492; x_wconf 86' lang='grc' dir='ltr'>γίαν,</span> <span class='ocrx_word' id='word_1_651' title='bbox 385 4419 494 4471; x_wconf 80' lang='grc' dir='ltr'><strong>ἀλλ’</strong></span> <span class='ocrx_word' id='word_1_652' title='bbox 547 4421 572 4472; x_wconf 92' lang='grc' dir='ltr'>ό</span> <span class='ocrx_word' id='word_1_653' title='bbox 617 4425 798 4493; x_wconf 83' lang='grc' dir='ltr'>Πατήρ</span> <span class='ocrx_word' id='word_1_654' title='bbox 848 4440 970 4493; x_wconf 89' lang='grc' dir='ltr'>μου,</span> <span class='ocrx_word' id='word_1_655' title='bbox 1020 4423 1088 4482; x_wconf 87' lang='grc' dir='ltr'>ὡς</span> <span class='ocrx_word' id='word_1_656' title='bbox 1134 4419 1277 4482; x_wconf 78' lang='grc' dir='ltr'>ἄξιον</span> <span class='ocrx_word' id='word_1_657' title='bbox 1324 4421 1566 4479; x_wconf 82' lang='grc' dir='ltr'>τοιαύτης</span> <span class='ocrx_word' id='word_1_658' title='bbox 1597 4417 1860 4498; x_wconf 59' lang='grc' dir='ltr'>ἀποκαοι</span> 
     </span>
    </p>
   </div>
   <div class='ocr_carea' id='block_1_89' title="bbox 1910 4407 3563 4498">
    <p class='ocr_par' dir='ltr' id='par_1_89' title="bbox 1910 4407 3563 4473">
     <span class='ocr_line' id='line_1_89' title="bbox 1910 4407 3563 4473; baseline 0.002 -9"><span class='ocrx_word' id='word_1_659' title='bbox 1910 4409 1983 4464; x_wconf 87' lang='lat' dir='ltr'>ad</span> <span class='ocrx_word' id='word_1_660' title='bbox 2034 4423 2269 4465; x_wconf 91' lang='lat' dir='ltr'>sacram</span> <span class='ocrx_word' id='word_1_661' title='bbox 2307 4407 2463 4463; x_wconf 90' lang='lat' dir='ltr'>hanc</span> <span class='ocrx_word' id='word_1_662' title='bbox 2494 4407 2569 4463; x_wconf 90' lang='lat' dir='ltr'>de</span> <span class='ocrx_word' id='word_1_663' title='bbox 2614 4421 2710 4462; x_wconf 89' lang='lat' dir='ltr'>me</span> <span class='ocrx_word' id='word_1_664' title='bbox 2749 4407 3212 4473; x_wconf 89' lang='lat' dir='ltr'>confessionem,</span> <span class='ocrx_word' id='word_1_665' title='bbox 3247 4409 3349 4464; x_wconf 91' lang='lat' dir='ltr'>sed</span> <span class='ocrx_word' id='word_1_666' title='bbox 3398 4410 3563 4468; x_wconf 88' lang='lat' dir='ltr'>Pater</span> 
     </span>
    </p>
   </div>
   <div class='ocr_carea' id='block_1_90' title="bbox 205 4495 1858 4584">
    <p class='ocr_par' dir='ltr' id='par_1_90' title="bbox 205 4495 1856 4584">
     <span class='ocr_line' id='line_1_90' title="bbox 205 4495 1856 4584; baseline 0.001 -25"><span class='ocrx_word' id='word_1_667' title='bbox 205 4507 410 4579; x_wconf 71' lang='grc' dir='ltr'>λύψεως.</span> <span class='ocrx_word' id='word_1_668' title='bbox 465 4512 536 4562; x_wconf 86' lang='grc' dir='ltr'>Τό</span> <span class='ocrx_word' id='word_1_669' title='bbox 594 4505 652 4562; x_wconf 73' lang='grc' dir='ltr'><strong>δί</strong></span> <span class='ocrx_word' id='word_1_670' title='bbox 725 4513 828 4583; x_wconf 76' lang='grc' dir='ltr'>Βαρ</span> <span class='ocrx_word' id='word_1_671' title='bbox 895 4508 1132 4584; x_wconf 78' lang='grc' dir='ltr'>ἑϐραῑκὸν</span> <span class='ocrx_word' id='word_1_672' title='bbox 1200 4512 1289 4580; x_wconf 88' lang='grc' dir='ltr'>μέν</span> <span class='ocrx_word' id='word_1_673' title='bbox 1371 4505 1502 4571; x_wconf 74' lang='grc' dir='ltr'>ἐστι,</span> <span class='ocrx_word' id='word_1_674' title='bbox 1554 4495 1856 4580; x_wconf 53' lang='grc' dir='ltr'>σημαίνει-</span> 
     </span>
    </p>
   </div>
   <div class='ocr_carea' id='block_1_91' title="bbox 1896 4495 3549 4584">
    <p class='ocr_par' dir='ltr' id='par_1_91' title="bbox 1905 4495 3549 4569">
     <span class='ocr_line' id='line_1_91' title="bbox 1905 4495 3549 4569; baseline 0.003 -16"><span class='ocrx_word' id='word_1_675' title='bbox 1905 4512 2099 4566; x_wconf 91' lang='lat' dir='ltr'>meus,</span> <span class='ocrx_word' id='word_1_676' title='bbox 2148 4499 2435 4568; x_wconf 89' lang='lat' dir='ltr'>tanquam</span> <span class='ocrx_word' id='word_1_677' title='bbox 2491 4495 2841 4568; x_wconf 90' lang='lat' dir='ltr'>hujusmodi</span> <span class='ocrx_word' id='word_1_678' title='bbox 2873 4497 3242 4552; x_wconf 84' lang='lat' dir='ltr'>confessione</span> <span class='ocrx_word' id='word_1_679' title='bbox 3274 4497 3549 4569; x_wconf 83' lang='lat' dir='ltr'>dignum.</span> 
     </span>
    </p>
   </div>
   <div class='ocr_carea' id='block_1_92' title="bbox 206 4585 1859 4671">
    <p class='ocr_par' dir='ltr' id='par_1_92' title="bbox 206 4593 1788 4671">
     <span class='ocr_line' id='line_1_92' title="bbox 206 4593 1788 4671; baseline 0 -23"><span class='ocrx_word' id='word_1_680' title='bbox 206 4593 259 4650; x_wconf 77' lang='grc' dir='ltr'>δὲ</span> <span class='ocrx_word' id='word_1_681' title='bbox 305 4602 387 4650; x_wconf 83' lang='grc' dir='ltr'>τὸν</span> <span class='ocrx_word' id='word_1_682' title='bbox 431 4600 563 4652; x_wconf 81' lang='grc' dir='ltr'>υἱόν.</span> <span class='ocrx_word' id='word_1_683' title='bbox 627 4600 748 4659; x_wconf 84' lang='grc' dir='ltr'>Υἱὸς</span> <span class='ocrx_word' id='word_1_684' title='bbox 792 4601 892 4671; x_wconf 82' lang='grc' dir='ltr'>γὰρ</span> <span class='ocrx_word' id='word_1_685' title='bbox 969 4595 1029 4657; x_wconf 77' lang='grc' dir='ltr'>ἦν</span> <span class='ocrx_word' id='word_1_686' title='bbox 1104 4599 1129 4649; x_wconf 93' lang='grc' dir='ltr'>ό</span> <span class='ocrx_word' id='word_1_687' title='bbox 1195 4601 1379 4670; x_wconf 85' lang='grc' dir='ltr'>Πέτρος</span> <span class='ocrx_word' id='word_1_688' title='bbox 1433 4596 1580 4650; x_wconf 86' lang='grc' dir='ltr'>Ἰωνᾶ</span> <span class='ocrx_word' id='word_1_689' title='bbox 1634 4616 1788 4659; x_wconf 91' lang='grc' dir='ltr'>τινος.</span> 
     </span>
    </p>
   </div>
   <div class='ocr_carea' id='block_1_93' title="bbox 1906 4585 3559 4671">
    <p class='ocr_par' dir='ltr' id='par_1_93' title="bbox 1906 4585 3559 4657">
     <span class='ocr_line' id='line_1_93' title="bbox 1906 4585 3559 4657; baseline 0.002 -17"><span class='ocrx_word' id='word_1_690' title='bbox 1906 4586 2069 4652; x_wconf 87' lang='lat' dir='ltr'>Quod</span> <span class='ocrx_word' id='word_1_691' title='bbox 2098 4588 2297 4642; x_wconf 86' lang='lat' dir='ltr'>autem</span> <span class='ocrx_word' id='word_1_692' title='bbox 2329 4585 2544 4640; x_wconf 88' lang='lat' dir='ltr'>dicitur</span> <span class='ocrx_word' id='word_1_693' title='bbox 2570 4588 2696 4651; x_wconf 89' lang='lat' dir='ltr'>Bar,</span> <span class='ocrx_word' id='word_1_694' title='bbox 2732 4585 3017 4641; x_wconf 88' lang='lat' dir='ltr'>Hebraica</span> <span class='ocrx_word' id='word_1_695' title='bbox 3047 4585 3202 4640; x_wconf 86' lang='lat' dir='ltr'>dicto</span> <span class='ocrx_word' id='word_1_696' title='bbox 3229 4590 3338 4655; x_wconf 92' lang='lat' dir='ltr'>est,</span> <span class='ocrx_word' id='word_1_697' title='bbox 3383 4587 3559 4657; x_wconf 83' lang='lat' dir='ltr'>signi-</span> 
     </span>
    </p>
   </div>
   <div class='ocr_carea' id='block_1_94' title="bbox 209 4671 1862 4760">
    <p class='ocr_par' dir='ltr' id='par_1_94' title="bbox 209 4683 1791 4760">
     <span class='ocr_line' id='line_1_94' title="bbox 209 4683 1791 4760; baseline 0.002 -24"><span class='ocrx_word' id='word_1_698' title='bbox 209 4687 344 4737; x_wconf 85' lang='grc' dir='ltr'>Οὗτω</span> <span class='ocrx_word' id='word_1_699' title='bbox 407 4693 532 4756; x_wconf 90' lang='grc' dir='ltr'>γοῦν</span> <span class='ocrx_word' id='word_1_700' title='bbox 594 4685 891 4758; x_wconf 84' lang='grc' dir='ltr'>βεϐαιώσας</span> <span class='ocrx_word' id='word_1_701' title='bbox 934 4689 992 4740; x_wconf 87' lang='grc' dir='ltr'>τὸ</span> <span class='ocrx_word' id='word_1_702' title='bbox 1047 4683 1224 4758; x_wconf 84' lang='grc' dir='ltr'>δόγμα</span> <span class='ocrx_word' id='word_1_703' title='bbox 1273 4693 1363 4738; x_wconf 93' lang='grc' dir='ltr'>τοῦ</span> <span class='ocrx_word' id='word_1_704' title='bbox 1422 4690 1638 4760; x_wconf 79' lang='grc' dir='ltr'>Πέτρου,</span> <span class='ocrx_word' id='word_1_705' title='bbox 1701 4691 1791 4739; x_wconf 86' lang='grc' dir='ltr'>καὶ</span> 
     </span>
    </p>
   </div>
   <div class='ocr_carea' id='block_1_95' title="bbox 1900 4671 3553 4760">
    <p class='ocr_par' dir='ltr' id='par_1_95' title="bbox 1900 4671 3553 4760">
     <span class='ocr_line' id='line_1_95' title="bbox 1900 4671 3553 4760; baseline 0.001 -30"><span class='ocrx_word' id='word_1_706' title='bbox 1900 4675 2089 4732; x_wconf 86' lang='lat' dir='ltr'>ﬁcans</span> <span class='ocrx_word' id='word_1_707' title='bbox 2114 4676 2308 4745; x_wconf 84' lang='lat' dir='ltr'>ﬁlium</span> <span class='ocrx_word' id='word_1_708' title='bbox 2330 4693 2342 4729; x_wconf 87' lang='lat'>:</span> <span class='ocrx_word' id='word_1_709' title='bbox 2362 4680 2485 4730; x_wconf 91' lang='lat' dir='ltr'>erat</span> <span class='ocrx_word' id='word_1_710' title='bbox 2521 4673 2816 4760; x_wconf 86' lang='lat' dir='ltr'>siquidem</span> <span class='ocrx_word' id='word_1_711' title='bbox 2844 4671 3001 4726; x_wconf 90' lang='lat' dir='ltr'>ﬁlius</span> <span class='ocrx_word' id='word_1_712' title='bbox 3042 4673 3358 4742; x_wconf 92' lang='lat' dir='ltr'>cujusdam</span> <span class='ocrx_word' id='word_1_713' title='bbox 3388 4677 3553 4731; x_wconf 82' lang='lat' dir='ltr'>Jona.</span> 
     </span>
    </p>
   </div>
   <div class='ocr_carea' id='block_1_96' title="bbox 214 4759 1867 4849">
    <p class='ocr_par' dir='ltr' id='par_1_96' title="bbox 214 4770 1788 4849">
     <span class='ocr_line' id='line_1_96' title="bbox 214 4770 1788 4849; baseline 0.001 -23"><span class='ocrx_word' id='word_1_714' title='bbox 214 4770 535 4826; x_wconf 82' lang='grc' dir='ltr'>θεοδίδακτον</span> <span class='ocrx_word' id='word_1_715' title='bbox 612 4775 880 4849; x_wconf 76' lang='grc' dir='ltr'>ἀποφήνας</span> <span class='ocrx_word' id='word_1_716' title='bbox 961 4775 1108 4841; x_wconf 76' lang='grc' dir='ltr'>αὐτὸ,</span> <span class='ocrx_word' id='word_1_717' title='bbox 1171 4774 1348 4849; x_wconf 81' lang='grc' dir='ltr'>βλέπε,</span> <span class='ocrx_word' id='word_1_718' title='bbox 1412 4779 1563 4828; x_wconf 89' lang='grc' dir='ltr'>τίνων</span> <span class='ocrx_word' id='word_1_719' title='bbox 1633 4774 1788 4828; x_wconf 79' lang='grc' dir='ltr'>αὑτὸν</span> 
     </span>
    </p>
   </div>
   <div class='ocr_carea' id='block_1_97' title="bbox 1903 4759 3556 4849">
    <p class='ocr_par' dir='ltr' id='par_1_97' title="bbox 1903 4759 3556 4837">
     <span class='ocr_line' id='line_1_97' title="bbox 1903 4759 3556 4837; baseline 0 -17"><span class='ocrx_word' id='word_1_720' title='bbox 1903 4765 2224 4837; x_wconf 90' lang='lat' dir='ltr'>Postquam</span> <span class='ocrx_word' id='word_1_721' title='bbox 2269 4779 2403 4834; x_wconf 87' lang='lat' dir='ltr'>ergo</span> <span class='ocrx_word' id='word_1_722' title='bbox 2456 4761 2607 4816; x_wconf 89' lang='lat' dir='ltr'>Petri</span> <span class='ocrx_word' id='word_1_723' title='bbox 2658 4759 2996 4832; x_wconf 90' lang='lat' dir='ltr'>opinionem</span> <span class='ocrx_word' id='word_1_724' title='bbox 3050 4761 3440 4826; x_wconf 86' lang='lat' dir='ltr'>conﬁrmavit,</span> <span class='ocrx_word' id='word_1_725' title='bbox 3500 4767 3556 4820; x_wconf 89' lang='lat' dir='ltr'>et</span> 
     </span>
    </p>
   </div>
   <div class='ocr_carea' id='block_1_98' title="bbox 213 4848 3550 4926">
    <p class='ocr_par' dir='ltr' id='par_1_98' title="bbox 213 4848 3550 4926">
     <span class='ocr_line' id='line_1_98' title="bbox 213 4848 3550 4926; baseline -0.002 -12"><span class='ocrx_word' id='word_1_726' title='bbox 213 4861 354 4926; x_wconf 81' lang='grc' dir='ltr'>ἀξιοῖ.</span> <span class='ocrx_word' id='word_1_727' title='bbox 726 4848 730 4849; x_wconf 47' lang='grc'><strong><em>⁷</em></strong></span> <span class='ocrx_word' id='word_1_728' title='bbox 1893 4853 2051 4909; x_wconf 90' lang='lat' dir='ltr'>hunc</span> <span class='ocrx_word' id='word_1_729' title='bbox 2071 4869 2106 4910; x_wconf 92' lang='lat' dir='ltr'>a</span> <span class='ocrx_word' id='word_1_730' title='bbox 2126 4854 2243 4910; x_wconf 93' lang='lat' dir='ltr'>Deo</span> <span class='ocrx_word' id='word_1_731' title='bbox 2262 4851 2545 4911; x_wconf 89' lang='lat' dir='ltr'>edoctum</span> <span class='ocrx_word' id='word_1_732' title='bbox 2562 4864 2690 4907; x_wconf 91' lang='lat' dir='ltr'>esse</span> <span class='ocrx_word' id='word_1_733' title='bbox 2714 4848 3162 4914; x_wconf 88' lang='lat' dir='ltr'>demonstravit,</span> <span class='ocrx_word' id='word_1_734' title='bbox 3181 4848 3313 4906; x_wconf 90' lang='lat' dir='ltr'>vide</span> <span class='ocrx_word' id='word_1_735' title='bbox 3331 4849 3550 4923; x_wconf 88' lang='lat' dir='ltr'>quibus</span> 
     </span>
    </p>
   </div>
   <div class='ocr_carea' id='block_1_99' title="bbox 1895 4939 2560 5012">
    <p class='ocr_par' dir='ltr' id='par_1_99' title="bbox 1895 4939 2560 5012">
     <span class='ocr_line' id='line_1_99' title="bbox 1895 4939 2560 5012; baseline -0.005 -14"><span class='ocrx_word' id='word_1_736' title='bbox 1895 4957 2034 4998; x_wconf 91' lang='lat' dir='ltr'>eum</span> <span class='ocrx_word' id='word_1_737' title='bbox 2060 4941 2339 5012; x_wconf 88' lang='lat' dir='ltr'>dignetur</span> <span class='ocrx_word' id='word_1_738' title='bbox 2361 4939 2560 4998; x_wconf 89' lang='lat' dir='ltr'>bonis.</span> 
     </span>
    </p>
   </div>
   <div class='ocr_carea' id='block_1_100' title="bbox 279 5039 1932 5116">
    <p class='ocr_par' dir='ltr' id='par_1_100' title="bbox 279 5039 1783 5115">
     <span class='ocr_line' id='line_1_100' title="bbox 279 5039 1783 5115; baseline 0.001 -22"><span class='ocrx_word' id='word_1_739' title='bbox 279 5039 423 5113; x_wconf 79' lang='grc' dir='ltr'>Κάγὼ</span> <span class='ocrx_word' id='word_1_740' title='bbox 486 5072 549 5082; x_wconf 93' lang='grc'><strong><em>-</em></strong></span> <span class='ocrx_word' id='word_1_741' title='bbox 597 5062 695 5115; x_wconf 81' lang='grc' dir='ltr'>μου</span> <span class='ocrx_word' id='word_1_742' title='bbox 764 5048 856 5103; x_wconf 74' lang='grc' dir='ltr'>τὴν</span> <span class='ocrx_word' id='word_1_743' title='bbox 917 5043 1258 5102; x_wconf 84' lang='grc' dir='ltr'>Ἐκκλησίαν.</span> <span class='ocrx_word' id='word_1_744' title='bbox 1349 5045 1414 5095; x_wconf 83' lang='grc' dir='ltr'><strong>Σὺ</strong></span> <span class='ocrx_word' id='word_1_745' title='bbox 1475 5040 1522 5094; x_wconf 86' lang='grc' dir='ltr'>εἶ</span> <span class='ocrx_word' id='word_1_746' title='bbox 1574 5045 1783 5114; x_wconf 84' lang='grc' dir='ltr'>Πέτρος,</span> 
     </span>
    </p>
   </div>
   <div class='ocr_carea' id='block_1_101' title="bbox 1898 5039 3551 5116">
    <p class='ocr_par' dir='ltr' id='par_1_101' title="bbox 1961 5040 3551 5116">
     <span class='ocr_line' id='line_1_101' title="bbox 1961 5040 3551 5116; baseline 0.001 -14"><span class='ocrx_word' id='word_1_747' title='bbox 1961 5047 2124 5102; x_wconf 82' lang='lat' dir='ltr'>Vers.</span> <span class='ocrx_word' id='word_1_748' title='bbox 2165 5049 2248 5102; x_wconf 82' lang='grc'><strong>18.</strong></span> <span class='ocrx_word' id='word_1_749' title='bbox 2305 5047 2381 5102; x_wconf 92' lang='lat' dir='ltr'>Et</span> <span class='ocrx_word' id='word_1_750' title='bbox 2432 5061 2536 5116; x_wconf 86' lang='lat' dir='ltr'>ego</span> <span class='ocrx_word' id='word_1_751' title='bbox 2588 5075 2657 5087; x_wconf 93' lang='lat'><strong>—</strong></span> <span class='ocrx_word' id='word_1_752' title='bbox 2712 5040 3042 5102; x_wconf 75' lang='lat' dir='ltr'>Ecclesium</span> <span class='ocrx_word' id='word_1_753' title='bbox 3093 5059 3304 5104; x_wconf 87' lang='lat' dir='ltr'>meam.</span> <span class='ocrx_word' id='word_1_754' title='bbox 3352 5046 3436 5102; x_wconf 91' lang='lat' dir='ltr'>Tu</span> <span class='ocrx_word' id='word_1_755' title='bbox 3487 5062 3551 5104; x_wconf 85' lang='lat' dir='ltr'>es</span> 
     </span>
    </p>
   </div>
   <div class='ocr_carea' id='block_1_102' title="bbox 210 5129 1863 5208">
    <p class='ocr_par' dir='ltr' id='par_1_102' title="bbox 210 5129 1785 5206">
     <span class='ocr_line' id='line_1_102' title="bbox 210 5129 1785 5206; baseline -0.001 -23"><span class='ocrx_word' id='word_1_756' title='bbox 210 5132 268 5191; x_wconf 83' lang='grc' dir='ltr'>ὡς</span> <span class='ocrx_word' id='word_1_757' title='bbox 339 5129 529 5203; x_wconf 87' lang='grc' dir='ltr'>μέλλων</span> <span class='ocrx_word' id='word_1_758' title='bbox 607 5134 844 5204; x_wconf 86' lang='grc' dir='ltr'>γενσθέαι</span> <span class='ocrx_word' id='word_1_759' title='bbox 917 5137 1080 5206; x_wconf 87' lang='grc' dir='ltr'>πέτρα</span> <span class='ocrx_word' id='word_1_760' title='bbox 1158 5137 1386 5193; x_wconf 89' lang='grc' dir='ltr'>πίστεως</span> <span class='ocrx_word' id='word_1_761' title='bbox 1467 5132 1598 5204; x_wconf 81' lang='grc' dir='ltr'>μετὰ</span> <span class='ocrx_word' id='word_1_762' title='bbox 1692 5137 1785 5190; x_wconf 78' lang='grc' dir='ltr'>τὴν</span> 
     </span>
    </p>
   </div>
   <div class='ocr_carea' id='block_1_103' title="bbox 1896 5129 3549 5208">
    <p class='ocr_par' dir='ltr' id='par_1_103' title="bbox 1896 5132 3549 5208">
     <span class='ocr_line' id='line_1_103' title="bbox 1896 5132 3549 5208; baseline 0.001 -17"><span class='ocrx_word' id='word_1_763' title='bbox 1896 5137 2116 5204; x_wconf 88' lang='lat' dir='ltr'>Petrus,</span> <span class='ocrx_word' id='word_1_764' title='bbox 2149 5137 2216 5191; x_wconf 89' lang='lat' dir='ltr'>ut</span> <span class='ocrx_word' id='word_1_765' title='bbox 2247 5135 2351 5208; x_wconf 91' lang='lat' dir='ltr'>qui</span> <span class='ocrx_word' id='word_1_766' title='bbox 2380 5136 2516 5206; x_wconf 91' lang='lat' dir='ltr'>post</span> <span class='ocrx_word' id='word_1_767' title='bbox 2534 5133 3015 5206; x_wconf 85' lang='lat' dir='ltr'>abnegationem,</span> <span class='ocrx_word' id='word_1_768' title='bbox 3046 5132 3182 5191; x_wconf 87' lang='lat' dir='ltr'>ﬁdei</span> <span class='ocrx_word' id='word_1_769' title='bbox 3199 5138 3368 5207; x_wconf 90' lang='lat' dir='ltr'>petra</span> <span class='ocrx_word' id='word_1_770' title='bbox 3393 5135 3549 5193; x_wconf 61' lang='lat' dir='ltr'>futua</span> 
     </span>
    </p>
   </div>
   <div class='ocr_carea' id='block_1_104' title="bbox 206 5218 1859 5297">
    <p class='ocr_par' dir='ltr' id='par_1_104' title="bbox 206 5218 1783 5296">
     <span class='ocr_line' id='line_1_104' title="bbox 206 5218 1783 5296; baseline 0.001 -23"><span class='ocrx_word' id='word_1_771' title='bbox 206 5221 426 5295; x_wconf 81' lang='grc' dir='ltr'>ἄρνησιν,</span> <span class='ocrx_word' id='word_1_772' title='bbox 510 5221 538 5280; x_wconf 72' lang='grc' dir='ltr'><strong>ἢ</strong></span> <span class='ocrx_word' id='word_1_773' title='bbox 605 5223 673 5283; x_wconf 75' lang='grc' dir='ltr'>ὣς</span> <span class='ocrx_word' id='word_1_774' title='bbox 735 5218 843 5281; x_wconf 81' lang='grc' dir='ltr'>ἤδη</span> <span class='ocrx_word' id='word_1_775' title='bbox 927 5220 1134 5296; x_wconf 81' lang='grc' dir='ltr'>στεῤῥὸς</span> <span class='ocrx_word' id='word_1_776' title='bbox 1201 5229 1268 5272; x_wconf 90' lang='grc' dir='ltr'>ῶν</span> <span class='ocrx_word' id='word_1_777' title='bbox 1324 5227 1397 5290; x_wconf 88' lang='grc' dir='ltr'>τῷ</span> <span class='ocrx_word' id='word_1_778' title='bbox 1472 5224 1783 5294; x_wconf 74' lang='grc' dir='ltr'>φρονήματιο</span> 
     </span>
    </p>
   </div>
   <div class='ocr_carea' id='block_1_105' title="bbox 1893 5218 3546 5297">
    <p class='ocr_par' dir='ltr' id='par_1_105' title="bbox 1893 5221 3546 5297">
     <span class='ocr_line' id='line_1_105' title="bbox 1893 5221 3546 5297; baseline 0.004 -18"><span class='ocrx_word' id='word_1_779' title='bbox 1893 5240 1995 5280; x_wconf 91' lang='lat' dir='ltr'>rus</span> <span class='ocrx_word' id='word_1_780' title='bbox 2020 5239 2084 5281; x_wconf 89' lang='lat' dir='ltr'>es</span> <span class='ocrx_word' id='word_1_781' title='bbox 2116 5240 2129 5280; x_wconf 90' lang='lat'><strong>:</strong></span> <span class='ocrx_word' id='word_1_782' title='bbox 2158 5222 2252 5281; x_wconf 90' lang='lat' dir='ltr'>vel</span> <span class='ocrx_word' id='word_1_783' title='bbox 2281 5226 2575 5295; x_wconf 90' lang='lat' dir='ltr'>tanquam</span> <span class='ocrx_word' id='word_1_784' title='bbox 2600 5222 2730 5295; x_wconf 87' lang='lat' dir='ltr'>jam</span> <span class='ocrx_word' id='word_1_785' title='bbox 2750 5221 3064 5296; x_wconf 87' lang='lat' dir='ltr'>prudentia</span> <span class='ocrx_word' id='word_1_786' title='bbox 3093 5223 3169 5297; x_wconf 71' lang='grc' dir='ltr'>(ε)</span> <span class='ocrx_word' id='word_1_787' title='bbox 3187 5223 3416 5284; x_wconf 88' lang='lat' dir='ltr'>ﬁrmus.</span> <span class='ocrx_word' id='word_1_788' title='bbox 3438 5227 3546 5286; x_wconf 81' lang='lat' dir='ltr'>Ita-</span> 
     </span>
    </p>
   </div>
   <div class='ocr_carea' id='block_1_106' title="bbox 266 5345 2024 5417">
    <p class='ocr_par' dir='ltr' id='par_1_106' title="bbox 266 5345 2024 5417">
     <span class='ocr_line' id='line_1_106' title="bbox 266 5345 2024 5417; baseline 0.003 -16"><span class='ocrx_word' id='word_1_789' title='bbox 266 5345 308 5380; x_wconf 83' lang='grc'>⁸³</span> <span class='ocrx_word' id='word_1_790' title='bbox 327 5345 503 5403; x_wconf 84' lang='lat' dir='ltr'>Josue</span> <span class='ocrx_word' id='word_1_791' title='bbox 533 5361 618 5417; x_wconf 84' lang='lat' dir='ltr'>Ill,</span> <span class='ocrx_word' id='word_1_792' title='bbox 658 5347 742 5402; x_wconf 84' lang='grc'><strong>10.</strong></span> <span class='ocrx_word' id='word_1_793' title='bbox 847 5347 894 5381; x_wconf 69' lang='grc'>⁸⁸</span> <span class='ocrx_word' id='word_1_794' title='bbox 935 5345 1138 5402; x_wconf 84' lang='lat' dir='ltr'>Ezech.</span> <span class='ocrx_word' id='word_1_795' title='bbox 1173 5361 1335 5412; x_wconf 76' lang='lat' dir='ltr'>xvui,</span> <span class='ocrx_word' id='word_1_796' title='bbox 1368 5345 1420 5403; x_wconf 90' lang='lat'>3.</span> <span class='ocrx_word' id='word_1_797' title='bbox 1501 5347 1546 5382; x_wconf 76' lang='grc'>⁸⁸</span> <span class='ocrx_word' id='word_1_798' title='bbox 1575 5349 1777 5408; x_wconf 85' lang='lat' dir='ltr'>Matth.</span> <span class='ocrx_word' id='word_1_799' title='bbox 1798 5363 1910 5417; x_wconf 82' lang='lat' dir='ltr'>nv,</span> <span class='ocrx_word' id='word_1_800' title='bbox 1936 5353 2024 5406; x_wconf 89' lang='lat'>33.</span> 
     </span>
    </p>
   </div>
   <div class='ocr_carea' id='block_1_107' title="bbox 1394 5471 2313 5542">
    <p class='ocr_par' dir='ltr' id='par_1_107' title="bbox 1394 5471 2313 5542">
     <span class='ocr_line' id='line_1_107' title="bbox 1394 5471 2313 5542; baseline 0.002 -4"><span class='ocrx_word' id='word_1_801' title='bbox 1394 5471 1610 5540; x_wconf 71' lang='lat' dir='ltr'>Variae</span> <span class='ocrx_word' id='word_1_802' title='bbox 1648 5473 1978 5542; x_wconf 89' lang='lat' dir='ltr'>lectiones</span> <span class='ocrx_word' id='word_1_803' title='bbox 2024 5481 2089 5540; x_wconf 90' lang='lat' dir='ltr'>et</span> <span class='ocrx_word' id='word_1_804' title='bbox 2111 5480 2313 5540; x_wconf 57' lang='lat' dir='ltr'>notae.</span> 
     </span>
    </p>
   </div>
   <div class='ocr_carea' id='block_1_108' title="bbox 266 5605 2486 5688">
    <p class='ocr_par' dir='ltr' id='par_1_108' title="bbox 266 5605 2486 5688">
     <span class='ocr_line' id='line_1_108' title="bbox 266 5605 2486 5688; baseline 0.004 -18"><span class='ocrx_word' id='word_1_805' title='bbox 266 5615 332 5687; x_wconf 70' lang='grc' dir='ltr'>(ε)</span> <span class='ocrx_word' id='word_1_806' title='bbox 353 5618 600 5688; x_wconf 75' lang='grc' dir='ltr'>ψρόνημα</span> <span class='ocrx_word' id='word_1_807' title='bbox 621 5614 715 5672; x_wconf 87' lang='lat' dir='ltr'>hic</span> <span class='ocrx_word' id='word_1_808' title='bbox 745 5619 800 5674; x_wconf 91' lang='lat' dir='ltr'>et</span> <span class='ocrx_word' id='word_1_809' title='bbox 823 5612 979 5674; x_wconf 83' lang='lat' dir='ltr'>infra</span> <span class='ocrx_word' id='word_1_810' title='bbox 1007 5615 1257 5674; x_wconf 89' lang='lat' dir='ltr'>reddidit</span> <span class='ocrx_word' id='word_1_811' title='bbox 1281 5617 1678 5688; x_wconf 81' lang='lat' dir='ltr'>prudentiam.</span> <span class='ocrx_word' id='word_1_812' title='bbox 1712 5605 2183 5679; x_wconf 21' lang='lat' dir='ltr'>Malim-mentem</span> <span class='ocrx_word' id='word_1_813' title='bbox 2215 5616 2486 5678; x_wconf 86' lang='lat' dir='ltr'>reddere.</span> 
     </span>
    </p>
   </div>
  </div>
