4186 6318
536 198 645 259 467
1862 184 2212 245 EUTHYMII
2254 158 2586 239 ZIGABENl
3865 171 4011 229 aes

539 342 659 400 que
700 340 879 399 super
926 322 1085 381 hanc
1122 318 1465 378 ﬁrmitatem
1516 313 1828 373 aedificabo
1872 312 2193 371 Eclcesiam

2313 313 2392 361 καὶ
2442 307 2622 381 λοιμόν
2701 306 2787 361 ἐπὶ
2843 309 3008 380 ταύτῃ
3075 312 3135 378 τῇ
3205 302 3508 380 στεῤῥότητι
3568 297 4019 375 οἰκοδομήσω

538 388 923 481 ιιιθαωίείνο
948 416 1004 470 te
1036 427 1261 482 ponam
1297 409 1760 466 fundamentum
1790 403 2192 469 credentium;

2313 418 2403 450 uou
2489 402 2577 455 τὴν
2657 396 2989 467 Ἐκκλησίαν,
3063 399 3245 468 ἤγουν,
3330 397 3387 446 σε
3455 394 3601 451 θήσω
3680 388 4013 463 θεμέλιον

538 476 801 560 Ecclesia
828 503 989 559 enim
1026 476 1233 557 fideles
1285 501 1444 554 sunt.
1477 496 1597 552 Hoc
1624 498 1822 551 autem
1844 493 2010 556 dixit,
2044 490 2196 546 exci-

2313 496 2403 539 τῶν
2460 490 2827 541 πιστευόντων.
2908 485 3191 543 Ἐκκλησία
3236 486 3337 556 γὰρ
3414 484 3463 535 οἱ
3525 486 3733 534 πιστοί.
3828 476 4013 531 Eli-rt

538 596 675 650 tans
734 596 864 663 ejus
923 590 1299 664 prudentiam
1376 586 1455 644 ad
1503 588 1690 641 artem
1748 581 2195 656 pascendarum

2313 574 2365 629 δὲ
2393 584 2545 629 τοῦτο
2600 573 2882 629 διανιστῶν
2930 575 3090 628 αὐτοῦ
3146 576 3205 626 τό
3245 577 3482 647 φρόνημα
3509 574 3641 645 πρὸς
3689 589 4008 643 ποιμαν-

580 698 765 738 vmm.

580 698 765 738 vmm.

539 698 575 743 Ο
610 772 779 827 Vers.
811 773 895 825 18.
927 771 1006 826 Et
1037 798 1102 810 —
1136 769 1416 824 adversus
1460 779 1610 820 eam.
1640 766 1767 819 Non
1794 759 2197 817 dominabun-

542 864 638 917 tur
653 859 934 915 Ecclesias.
956 862 1157 913 Portas
1183 860 1384 911 autem
1402 852 1729 908 inferorum
1756 850 1899 905 dicit
1920 848 2194 919 blasphe-

540 950 714 1013 mias,
745 951 895 1020 fquae
938 963 972 1004 a
1013 944 1286 1017 gentibus
1341 958 1411 999 ac
1467 940 1757 997 haereticis
1796 938 2194 1011 proferuntur,

537 1042 745 1109 utpote
770 1037 849 1093 ad
894 1039 1181 1092 aeternum
1220 1032 1665 1089 introducentes
1696 1026 2027 1084 cruciatum
2058 1043 2072 1093 ;
2103 1027 2198 1083 vel

539 1126 839 1197 supplicia
875 1125 953 1181 ab
997 1124 1111 1179 illis
1141 1122 1382 1186 inﬂicta,
1416 1120 1588 1193 quasi
1623 1118 1702 1174 ad
1732 1122 1983 1173 mortem
2006 1115 2198 1171 carnis

541 1214 905 1270 inducentia.
950 1213 1169 1270 Deinde
1205 1210 1385 1267 alium
1419 1224 1661 1282 quoque
1688 1208 1849 1279 ponit
1883 1206 2195 1261 honorem.

615 1306 782 1361 Vers.
818 1306 907 1360 19.
941 1304 1016 1357 Et
1066 1333 1134 1342 ——
1170 1302 1477 1358 caelorum.
1515 1300 1660 1353 Cum
1701 1296 2010 1352 confessus
2043 1298 2200 1350 esset

542 1392 742 1465 ipsum
772 1392 875 1447 Dei
908 1392 1118 1446 Filium
1145 1405 1274 1446 esse
1306 1388 1658 1459 legitimum,
1707 1386 1835 1456 jam
1869 1384 1916 1439 ei
1951 1385 2195 1440 demon-

541 1485 685 1537 strat
704 1497 827 1535 suae
845 1480 1168 1536 divinitatis
1195 1477 1566 1549 dignitatem,
1592 1475 1825 1530 dicens:
1849 1473 2197 1542 xEdiﬁcabo

539 1586 720 1639 super
739 1578 793 1625 te
812 1570 1128 1625 Ecclesium
1159 1582 1343 1623 meam
1378 1572 1467 1635 ;et
1486 1564 1639 1621 dabo
1670 1564 1778 1619 tibi
1808 1562 1998 1619 claves
2038 1561 2201 1633 regni

2302 671 2472 725 τικήν.

2379 778 2479 827 Καὶ
2534 804 2602 813 -
2653 772 2837 835 αὐτῆς.
2896 772 2971 825 Οὐ
3037 772 3513 843 κατακυριεύσουσι
3558 776 3653 841 τῇς
3698 767 3997 824 Ἐκκλη-

2307 868 2445 924 σίας.
2498 862 2666 924 Πύλας
2715 860 2773 915 δὲ
2826 859 2960 933 ᾅδου
3012 861 3147 932 λέγει
3186 863 3274 922 τὰς
3316 861 3461 933 παρὰ
3514 866 3615 909 τῶν
3661 857 3989 916 Ἑλλήνων

2305 957 2395 1004 καὶ
2451 959 2549 1003 τῶν
2609 954 2877 1025 αἱρετικῶν
2933 949 3290 1023 βλασφημίας,
3354 952 3418 1009 ὡς
3470 948 3791 1019 εἰσαγούσας
3868 946 3981 1007 εἰς

2306 1040 2519 1093 κόλασιν
2565 1040 2789 1107 αἰώνιον,
2817 1040 2847 1099 ἦ
2897 1043 2985 1101 τὰς
3014 1040 3134 1112 παρ’
3168 1038 3334 1091 αὐτῶν
3365 1040 3642 1111 τιμωρίας,
3678 1038 3744 1096 ὡς
3773 1035 3976 1087 εἱσα-

2305 1132 2501 1203 γούσας
2539 1130 2611 1191 εἰς
2658 1131 2874 1182 θάνατον
2911 1137 3000 1189 τῆς
3032 1133 3246 1202 σαρκός.
3288 1123 3415 1180 Εἶτα
3454 1130 3545 1178 καὶ
3576 1125 3752 1201 ἑτέραν
3777 1124 3978 1196 λέγει

2305 1224 2484 1292 τιμήν.

2380 1330 2480 1380 Καὶ
2539 1355 2609 1367 -
2688 1326 2935 1401 οὐρανῶν.
3009 1323 3462 1397 Ὀμολογήσαντος
3540 1329 3631 1374 τοῦ
3713 1326 3973 1395 Πέτρου

2306 1417 2423 1469 Υίόν
2474 1422 2566 1467 τοῦ
2618 1419 2743 1469 Θεοῦ
2776 1420 2990 1483 γνήσιον
3038 1410 3166 1466 εἶναι
3214 1412 3387 1483 αὐτόν,
3442 1408 3707 1464 δείκνυσιν
3776 1412 3975 1480 αὐτῷ

2305 1503 2481 1557 λοιπόν
2533 1512 2623 1564 τῆς
2702 1502 2885 1557 ἑαυτοῦ
2968 1505 3203 1563 θεότητος
3268 1505 3326 1554 τό
3420 1500 3646 1573 ἀξίωμα,
3729 1499 3965 1572 λέγων.

2308 1590 2661 1665 Οἰκοδομήσω
2736 1592 2820 1645 ἐπὶ
2908 1598 2992 1646 σοὶ
3064 1597 3157 1651 τὴν
3236 1590 3546 1649 Ἐκκλησίαν
3621 1609 3748 1662 μου,
3836 1595 3968 1642 καὶ

540 1662 846 1726 caelorum,
873 1655 1312 1715 videlicetutad
1334 1654 1481 1711 illud
1501 1653 1847 1712 introducas
1875 1668 1890 1719 ;
1911 1650 2196 1723 siquidem

2313 1680 2467 1736 δώσω
2526 1701 2611 1735 σοι
2676 1684 2769 1743 τὰς
2845 1681 2982 1742 κλεῖς
3026 1690 3121 1744 τῆς
3192 1679 3463 1754 βασιλείας
3506 1688 3603 1733 τῶν
3660 1679 3959 1753 οὐρανῶν,

538 1749 819 1821 clavigeri
844 1751 933 1805 est
957 1746 1357 1804 introducere.

614 1960 795 2032 Atqui
819 1959 1048 2016 donum
1076 1958 1212 2022 hoc,
1248 1958 1596 2012 casterorum
1626 1955 1806 2011 etiam
1832 1954 1943 2011 fuit
1962 1961 2196 2026 aposto-

540 2050 737 2107 lorum
772 2065 787 2115 ;
821 2047 925 2102 sed
960 2046 1221 2118 primum
1254 2045 1389 2099 huic
1417 2045 1624 2102 datum
1656 2048 1762 2112 est,
1794 2044 1936 2117 quia
1974 2045 2200 2116 primus

542 2138 637 2193 hic
660 2136 867 2193 Filium
898 2136 999 2191 Dei
1020 2135 1351 2205 legitimum
1373 2149 1501 2189 esse
1529 2132 1827 2189 Christum
1856 2132 2054 2188 fassus
2086 2138 2198 2192 est.

543 2228 683 2284 Ideo
708 2242 950 2299 quoque
980 2230 1114 2297 post
1156 2224 1481 2280 Salvatoris
1507 2223 1567 2278 in
1593 2222 1811 2279 caelum
1843 2224 2199 2295 assumptio-

539 2327 701 2382 nem,
721 2332 845 2388 prae
876 2312 1370 2383 omnibus‘longo
1405 2312 1607 2369 docuit
1631 2316 1920 2385 tempore,
1956 2312 2202 2371 multos-

541 2422 659 2479 que
681 2405 1007 2461 introduxit
1043 2404 1122 2459 ad
1144 2403 1341 2459 ﬁdem.

612 2495 775 2551 Vers.
840 2494 903 2549 19
959 2494 1039 2549 Ει
1095 2525 1163 2533 -
1215 2491 1366 2549 caeli.
1406 2491 1598 2549 Etiam
1646 2495 1702 2547 et
1755 2490 1867 2547 hoc
1921 2491 2200 2564 clavigeri

542 2585 851 2656 proprium
890 2587 997 2639 est.
1030 2583 1237 2652 Ligare
1284 2585 1506 2647 autem,
1543 2580 1686 2637 dicit
1713 2596 1836 2637 non
1866 2581 2197 2651 ignoscere.

543 2672 784 2729 Solvere
810 2687 973 2741 vero,
996 2671 1326 2741 ignoscere.
1355 2670 1642 2726 Promittit
1675 2685 1816 2739 ergo
1845 2686 1857 2725 :
1883 2671 2202 2736 Quodcun-

543 2777 661 2834 que
700 2764 1012 2833 peccatum
1059 2774 1181 2814 non
1244 2758 1681 2814 condonaveris
1733 2774 1907 2829 super
1960 2764 2198 2826 terram,

543 2863 742 2921 neque
774 2850 835 2904 in
862 2847 1008 2904 coelo
1042 2846 1480 2904 condonabitur
1520 2863 1555 2902 a
1577 2850 1731 2902 Deo:
1780 2854 1837 2902 et
1890 2849 2205 2921 quodcun-

548 2953 667 3012 que
693 2937 1126 2995 condonaveris
1154 2936 1268 3002 hic,
1302 2936 1411 2992 erit
1436 2940 1493 2992 et
1516 2935 1598 2992 ibi
1628 2935 2058 2995 condonatum.

621 3151 737 3208 Sed
791 3151 1021 3207 Marcus
1074 3153 1133 3206 et
1188 3151 1375 3206 Lucas
1425 3149 1730 3207 brevitatis
1780 3151 1967 3209 causa
2050 3154 2203 3211 Petri

546 3240 999 3313 responsionem
1046 3254 1154 3312 per
1180 3239 1608 3312 compendium
1639 3240 1911 3297 dixerunt
1946 3242 1993 3278 ⁸⁸
2024 3262 2037 3313 ;
2070 3243 2206 3301 ideo

548 3335 604 3387 et
622 3330 1053 3386 beatitudinem
1086 3330 1217 3401 ejus
1249 3333 1305 3385 et
1330 3329 1515 3385 alium
1537 3332 1831 3387 honorem
1858 3336 2201 3391 tacuerunt:

550 3419 729 3475 simul
754 3419 934 3476 etiam
960 3420 1205 3475 scientes
1225 3435 1362 3474 eum
1396 3418 1638 3474 abunde
1670 3420 2031 3477 honoratum
2062 3424 2201 3495 (aa).

547 3509 850 3566 Hatthasus
882 3524 1021 3564 vero
1051 3508 1370 3578 diligentias
1423 3507 1616 3577 gratia
1644 3508 1764 3563 haec
1814 3510 2011 3566 omnia
2067 3528 2206 3568 con-

549 3596 802 3668 scripsit,
832 3596 1050 3668 pariter
1075 3596 1255 3652 etiam
1284 3594 1693 3668 apostolorum
1721 3597 2054 3671 principem
2092 3600 2202 3658 ho-

544 3702 790 3756 norans,

618 3776 780 3834 Vers.
802 3780 891 3834 20.
933 3777 1092 3834 Tunc
1113 3807 1178 3817 —
1213 3776 1495 3835 Christus.
1533 3778 1762 3835 Marcus
1789 3784 1990 3837 autem
2020 3781 2198 3845 dixit:

540 3865 624 3922 Et
647 3867 1058 3923 interminatus
1087 3873 1164 3923 est
1193 3867 1314 3923 illis
1344 3883 1417 3923 ne
1445 3868 1538 3923 cui
1569 3869 1642 3925 de
1665 3885 1720 3925 se
1758 3868 2002 3926 dicerent
2024 3872 2069 3907 ⁸⁷
2094 3872 2205 3928 Lu-

546 3971 648 4011 cas
664 3971 802 4012 vero
824 3975 836 4014 :
863 3956 1287 4011 Interminatus
1305 3957 1585 4025 pracepit
1611 3960 1692 4013 eis
1712 3974 1787 4015 ne
1803 3962 1901 4014 cui
1926 3960 2024 4015 hoc
2043 3961 2197 4017 dice-

544 4049 677 4099 rent
709 4044 776 4097 ".
813 4043 978 4098 Unde
1002 4042 1187 4113 liquet
1231 4043 1392 4112 quod
1431 4043 1529 4097 hic
1558 4036 1916 4101 inMatthaao
1948 4050 2202 4105 sumitur

542 4130 799 4185 verbum
830 4129 1151 4181 διεστείλατο
1179 4144 1291 4199 pro
1316 4132 1620 4199 praecepit,
1662 4137 1718 4186 et
1748 4134 1910 4203 apud
1940 4136 2199 4192 Marcum

545 4218 844 4288 ἐπετίμησε,
876 4218 991 4271 hoc
1038 4221 1126 4273 est
1159 4217 1571 4275 interminatus
1610 4225 1714 4287 est,
1782 4237 1912 4293 pro,
1981 4224 2203 4279 Conﬁr-

542 4306 769 4362 mando
816 4306 1141 4378 praecepit;
1202 4312 1257 4363 et
1309 4307 1571 4365 similiter
1627 4311 1757 4382 ejus
1815 4313 2197 4385 participium

542 4399 860 4468 ἐπιτιμήσας
891 4397 1049 4467 apud
1080 4398 1319 4454 Lucam.
1368 4400 1437 4454 Ut
1478 4400 1709 4456 nemini
1738 4401 2006 4458 dicerent
2030 4405 2196 4476 quod

540 4484 670 4556 ipse
700 4488 850 4541 esset
878 4484 1167 4551 Christus,
1209 4486 1497 4543 naturalis
1527 4488 1796 4545 videlicet
1838 4491 1937 4547 Dei
1990 4492 2188 4561 Filius,

539 4573 695 4631 sicut
722 4575 923 4631 Petrus
961 4575 1268 4631 confessus
1299 4580 1405 4633 est.

608 4664 1017 4721 Necessarium
1049 4665 1344 4737 siquidem
1376 4669 1519 4733 erat,
1544 4671 1607 4723 ut
1632 4667 1746 4725 hoc
1773 4670 1845 4726 ab
1867 4669 1999 4742 ipso
2023 4671 2188 4728 Patre

534 4752 916 4822 revelaretur,
973 4754 1050 4812 ab
1096 4755 1223 4827 ipso
1278 4758 1479 4811 autem
1541 4756 1681 4813 Filio
1736 4763 1871 4815 ante
1930 4765 2182 4817 mortem

536 4858 711 4899 suam
737 4844 1209 4913 conﬁrmaretur,
1229 4847 1329 4901 eta
1360 4843 1501 4901 solis
1525 4845 1831 4919 discipulis
1856 4864 2180 4922 cognosce-

2306 1775 2489 1844 ἤγουν,
2519 1774 2576 1824 τὸ
2618 1770 2843 1844 εἰσάγειν
2873 1770 2946 1833 εἰς
2991 1770 3174 1830 αὐτην·
3209 1766 3524 1843 κλειδούχου
3550 1772 3651 1844 γὰρ
3679 1770 3839 1844 ἔργον
3878 1772 3959 1822 τὸ

2309 1862 2555 1933 εἰσάγειν.

2381 1973 2483 2021 Καὶ
2510 1971 2613 2041 μὴν
2644 1970 2700 2021 τό
2747 1964 2913 2042 δῶρον
2956 1974 3109 2020 τοῦτο
3151 1971 3242 2019 καὶ
3270 1974 3368 2019 τῶν
3416 1964 3579 2017 ἄλλων
3612 1963 3948 2018 ἀποστόλων

2307 2060 2530 2130 γέγονεν’
2584 2055 2710 2109 ἀλλὰ
2765 2062 2954 2131 πρώτῳ
3008 2059 3174 2128 τούτῳ
3232 2052 3469 2122 δέδοται,
3530 2052 3671 2107 διότι
3710 2064 3944 2127 πρῶτος

2309 2147 2457 2208 οὗτος
2486 2149 2604 2199 Υὶόν
2638 2153 2730 2198 τοῦ
2769 2154 2902 2200 Θεοῦ
2926 2150 3142 2217 γνήσιον
3177 2148 3263 2197 τόν
3293 2147 3520 2218 Χριστόν
3551 2142 3680 2196 εἶναι
3712 2143 3942 2217 ἀνωμο-

2308 2236 2519 2308 λόγησε.
2554 2238 2641 2289 Διό
2670 2240 2779 2303 καὶ,
2812 2237 2942 2307 μετὰ
2990 2240 3083 2294 τὸν
3114 2234 3187 2296 εἰς
3230 2234 3476 2308 οὐρανοὺς
3533 2232 3795 2305 ἀνάληψιν
3828 2242 3935 2287 τοῦ

2308 2332 2566 2399 Σωτῇρος,
2600 2324 2746 2385 οὗτος
2788 2320 3003 2388 ἐδίδαξε
3030 2327 3130 2397 πρὸ
3160 2325 3363 2377 πάντων
3392 2326 3556 2398 μέχρι
3582 2322 3799 2393 πολλοῦ,
3830 2328 3931 2376 καὶ

2308 2412 2528 2476 πολλοὺς
2550 2413 2815 2485 εἰσήγαγε.

2382 2507 2484 2557 Καὶ
2554 2534 2623 2543 -
2681 2503 2943 2576 οὐρανοῖς.
3038 2506 3138 2556 Καὶ
3207 2509 3360 2555 τοῦτο
3422 2508 3517 2562 τῆς
3572 2498 3924 2574 κλειδουχίας

2309 2593 2506 2652 ταύτης
2550 2587 2709 2644 ἴδιον.
2772 2595 2873 2644 Καὶ
2963 2586 3107 2643 δέσιν
3168 2593 3258 2663 μὲν
3309 2590 3445 2661 λέγει
3513 2594 3609 2648 τὴν
3663 2589 3923 2662 όισυγχι.»⁹

2310 2684 2499 2754 ρησίαν
2570 2679 2717 2733 λὺσιν
2798 2677 2857 2733 δε
2928 2684 3022 2739 τὴν
3107 2685 3475 2753 συγχώρησιν.
3550 2678 3913 2750 Ὑπισχνεῖται

2314 2767 2393 2838 ὀὶ,
2422 2776 2487 2821 '0
2542 2768 2657 2842 (22)
2697 2768 2757 2820 ἂν
2809 2768 3097 2844 ἁμάρτημα
3144 2768 3203 2821 οὐ
3265 2772 3618 2842 συγχωρήσης
3660 2766 3739 2819 ἐπὶ
3778 2776 3902 2838 γῆς,

2313 2860 2462 2910 ἔσται
2514 2856 2901 2933 ἀσυγχώρητον
2949 2862 3038 2911 καὶ
3090 2856 3138 2910 ἓν
3185 2857 3387 2933 οὐρανῷ
3430 2859 3576 2931 παρὰ
3617 2863 3705 2909 τοῦ
3747 2864 3896 2909 Θεοῦ·

2313 2947 2466 2998 καὶὸ
2522 2945 2582 2999 ἂν
2638 2951 3002 3021 συγχωρήσῃς
3043 2948 3281 3013 ἐνταῦθα,
3330 2949 3478 3000 ἔσται
3528 2945 3683 2998 κάκεῖ
3731 2964 3915 3017 συγκε-

2288 3100 2289 3103 η
2312 3054 2467 3109 χωρη
2473 3038 2641 3108 μένον.

2388 3123 2546 3179 Ἀλλὰ
2616 3127 2826 3200 Μάρκος
2878 3128 2968 3198 μὲν
3027 3128 3112 3177 καὶ
3166 3130 3373 3186 Λουκᾶς
3422 3129 3705 3197 συντομίας
3756 3125 3921 3178 ἕνεκεν

2314 3217 2409 3271 τὴν
2469 3212 2748 3289 ἀπόκρισιν
2826 3222 2918 3266 τοῦ
2995 3218 3190 3287 Πέτρου
3267 3215 3378 3266 κατ’
3447 3212 3698 3286 ἐπιτομὴν
3777 3214 3926 3285 εἰρή-

2315 3320 2460 3355 κασι·
2524 3300 2610 3355 διό
2674 3309 2764 3356 καὶ
2833 3307 2920 3356 τόν
3008 3306 3342 3377 μακαρισμὸν
3422 3303 3602 3372 αὐτοῦ,
3673 3308 3766 3356 καὶ
3828 3308 3926 3362 τὴν

2316 3391 2472 3450 ἄλλην
2551 3397 2708 3465 τιμὴν
2827 3391 3228 3457 ἁπεσιὼπησαν,
3330 3392 3440 3465 ἅμα
3521 3398 3610 3445 καὶ
3689 3390 3929 3464 ἀφιλότι-

2313 3501 2408 3553 μον
2474 3478 2668 3544 εἰδότες
2732 3483 2906 3534 αὐτόν’
2964 3484 2989 3533 ό
3058 3479 3116 3535 δὲ
3162 3483 3429 3544 ῙιῙατθαίος
3484 3481 3747 3556 ἀκριϐείας
3816 3485 3927 3555 χοί-

2312 3590 2393 3643 ριν
2424 3578 2590 3622 ταῦτα
2642 3572 2812 3623 πάντα
2862 3573 3159 3644 ἱστόρησεν,
3216 3571 3326 3643 ἅμα
3381 3576 3470 3624 καὶ
3500 3580 3665 3643 τιμῶν
3711 3574 3797 3623 τόν
3830 3592 3926 3624 κο-

2312 3666 2551 3732 ρυφαίον.

2382 3768 2505 3817 Τότε
2533 3795 2597 3806 -
2640 3768 2886 3840 Χριστός.
2910 3764 2968 3817 Ὀ
2999 3761 3058 3818 δε
3083 3765 3295 3839 Μάρκος
3325 3762 3479 3837 εἶπεν,
3512 3767 3591 3818 ὃτι
3620 3769 3719 3819 Καὶ
3751 3765 3921 3820 ἐπετί-

2311 3874 2475 3927 μησεν
2524 3854 2715 3925 αὐτοῖς,
2779 3856 2861 3906 ἱνα
2909 3850 3098 3926 μηδενὶ
3126 3854 3317 3927 λέγωσι
3354 3860 3472 3929 περὶ
3525 3854 3705 3907 αὐτοῦ·
3746 3855 3805 3908 Ὀ
3860 3853 3922 3910 δε

2311 3949 2538 4009 Λουκᾶς,
2589 3945 2670 3996 ὅτι
2723 3944 3067 4015 Ἐπιτιμὴσας
3106 3943 3303 4009 αὐτοῖς,
3353 3948 3669 4015 παρήγγειλε
3723 3941 3919 4016 μηδενὶ

2310 4032 2465 4084 εἰπεῖν
2524 4039 2676 4083 τοῦτο
2728 4033 2866 4101 (23).
2936 4032 3254 4085 Διεστείλατο
3321 4036 3410 4105 μεν
3460 4028 3567 4098 οὖν,
3629 4032 3740 4085 ἀντὶ
3795 4042 3913 4101 τοῦ,

2312 4119 2679 4191 Παρὴγγειλεν’
2716 4120 3029 4193 Ἐπετίμησε
3068 4121 3181 4194 (24)
3220 4118 3298 4189 δὲ,
3325 4120 3438 4175 ἀντὶ
3462 4129 3574 4189 τοῦ,
3627 4128 3914 4196 Κατησφα-

2307 4206 2511 4277 λίσατο,
2547 4209 2628 4260 ἵνα
2653 4205 2841 4281 μηδενὶ
2873 4213 3107 4278 εἴπωσιν,
3136 4213 3215 4264 ὅτι
3243 4211 3398 4273 αὑτός
3424 4210 3565 4264 ἔστιν
3596 4212 3621 4264 ὀ
3658 4216 3909 4283 Χριστός,

2308 4298 2333 4349 ὁ
2392 4298 2541 4368 φύσει
2595 4300 2709 4359 Υἱός
2785 4294 2994 4357 δηλαδὴ
3063 4306 3154 4353 τοῦ
3214 4305 3360 4372 Θεοῦ,
3417 4301 3580 4363 καθὺς
3631 4302 3657 4353 ό
3714 4306 3909 4375 Πέτρος

2282 4386 2545 4464 ἀμολόγη
2555 4406 2660 4445 σεν.

2372 4673 2681 4743 Ἀναγκαῖον
2765 4674 2853 4743 μεν
2937 4674 3037 4747 γὰρ
3119 4670 3179 4731 ἦν
3246 4672 3673 4748 ἀποκαλυφθῆναι
3742 4682 3897 4728 τοῦτο

2296 4760 2418 4835 παρ’
2472 4760 2629 4812 αὐτοῦ
2682 4768 2773 4812 τοῦ
2823 4765 3039 4835 Πατρός·
3093 4760 3445 4833 βεϐαιωθῆναι
3496 4761 3556 4817 δε
3584 4764 3706 4839 παρ’
3738 4764 3902 4819 αὐτοῦ

2293 4857 2384 4902 τοῦ
2415 4850 2559 4915 Υίοῦ,
2610 4851 2709 4921 πρό
2752 4856 2841 4901 τοῦ
2897 4851 3117 4903 θανάτου
3167 4850 3346 4923 αὐτοῦ,
3404 4857 3493 4907 καὶ
3544 4856 3903 4927 γνωρίσθῆναι

606 4968 655 5003 ⁸ο
685 4968 857 5024 Marc.
890 4982 1014 5039 vni,
1035 4972 1102 5026 29
1135 4984 1152 5037 ;
1182 4968 1315 5026 Luc.
1355 4986 1435 5039 ix,
1469 4973 1557 5029 20.
1638 4974 1681 5009 ⁸⁷
1715 4976 1889 5032 Marc.
1930 4992 2051 5045 vni,
2078 4979 2167 5035 30.
2246 4975 2295 5015 ⁸⁸
2325 4974 2466 5031 Luc.
2499 4988 2579 5045 1x,
2611 4978 2700 5031 2i.

1755 5128 1979 5201 Variae
2007 5130 2341 5201 lectiones
2383 5134 2448 5196 et
2479 5135 2683 5195 notae.

610 5220 720 5403 {22;
742 5231 868 5314 ’σοτι
897 5260 949 5320 ε.
987 5263 1056 5318 Α.

626 5332 693 5385 23
750 5331 908 5399 Αὐτὸ,
940 5348 1050 5403 pro

626 5331 715 5403 23)
750 5331 908 5399 Αὐτὸ,
940 5348 1050 5405 pro
1081 5339 1253 5390 τοῦτο.
1281 5336 1346 5391 Α.

597 5525 719 5600 (αα)
750 5526 997 5587 Abunde
1025 5531 1403 5592 honoratum.
1439 5553 1485 5609 Α
1516 5536 1718 5607 gloriae
1749 5539 1945 5598 studio
1976 5539 2265 5606 alienum.

2362 5266 2479 5340 (24)
2516 5266 2883 5340 Ἐπιτιμίδης.
2915 5276 2977 5327 Δ.

4116 634 4127 729 ἰ

4137 4573 4139 4615 1

4138 4770 4139 4803 ι

4137 4866 4139 4921 l

4138 5010 4139 5051 l

4138 5076 4139 5143 l
