4186 6318
282 230 396 288 469
1260 218 1633 279 COMMENT.
1672 216 1745 273 IN
1778 214 2220 290 MA'I'THEUM.
2260 248 2329 260 -—
2368 217 2526 277 CAP.
2554 220 2703 277 XVI.
3539 224 3647 286 470

280 378 465 431 μονοις
524 351 625 417 τοῖς
690 356 971 427 μαθηταῖς,
1034 354 1098 413 ὡς
1153 349 1483 423 τελειοτέροις
1538 355 1633 398 τῶν
1693 345 1933 419 ὅχλωνμ

1999 348 2176 411 retur,
2216 349 2419 418 utpote
2445 346 2548 419 qui
2569 346 2963 420 popularibus
2992 348 3366 422 perfectiores
3394 354 3648 420 erant,et

279 454 375 501 xui
430 451 497 509 ὡς
558 451 748 506 κοινοῖς
800 440 1148 502 διδασκάλοις
1216 448 1305 499 τῆς
1360 438 1683 509 οἰκουμένης,
1753 440 1884 497 Τοὺς

1995 433 2168 505 quasi
2209 450 2561 490 communes
2592 436 2754 492 orbis
2810 439 3083 509 magistri
3116 456 3130 506 ;
3158 440 3473 513 populares
3501 457 3642 499 vero

284 538 483 611 ὄχλους
542 533 599 588 δὲ
654 542 808 586 τοῦτο
869 534 1051 605 μαθεῖν
1120 530 1213 582 οῦκ
1286 527 1516 579 ἐϐούλετο
1577 534 1685 590 νῦν,
1748 527 1882 600 ἄχρι

1993 523 2049 577 id
2075 539 2233 579 nunc
2257 524 2406 579 scire
2421 523 2606 580 noluit
2623 541 2804 597 usque
2818 527 2895 583 ad
2908 530 3397 586 resurrectionem
3413 546 3585 588 suam
3606 547 3644 591 θ.

278 637 378 688 τῆς
433 626 484 678 ἐκ
532 632 719 700 νεκρῶν
776 622 1110 683 ἀναστάσεως
1161 620 1342 684 αὐτοῦ,
1377 619 1457 669 ῖνα
1508 620 1603 688 μὴ,
1644 622 1731 667 νῦν
1784 636 1880 687 μα-

1991 613 2262 678 mortuis,
2304 629 2378 668 ne
2425 613 2475 668 si
2516 629 2678 669 nunc
2727 615 3017 674 discerent
3065 618 3234 675 illum
3264 626 3480 677 natura
3511 636 3641 677 esse

281 720 471 783 θόντες,
523 715 602 769 ὃτι
661 717 813 786 φύσει
884 712 1000 772 Υἱός
1048 709 1158 762 ἐστι
1212 716 1303 761 τοῦ
1353 714 1505 772 Θεοῦ,
1573 710 1662 757 καὶ
1729 707 1879 777 φύσει

1988 700 2086 755 Dei
2114 702 2339 768 Filium,
2374 705 2429 757 et
2458 707 2667 758 natura
2693 705 2899 769 Deum,
2942 711 3150 777 postea
3173 707 3443 766 videntes
3499 724 3640 767 eum

276 810 407 867 Θεὸς
447 847 460 871 ,
540 803 652 857 εἶτα
734 805 1046 874 θεασάμενοι
1146 806 1324 850 τοῦτον
1427 795 1623 868 ἀτιμως
1733 793 1879 868 ὑϐρι-

1986 789 2385 859 ignominiose
2429 789 2805 847 contumeliis
2846 792 3145 861 affectum,
3189 801 3245 852 et
3266 796 3512 868 indigna
3536 813 3639 872 pa-

278 898 492 965 ζόμενον
575 897 665 945 καὶ
755 888 903 945 δεινά
970 893 1253 961 πάσχοντα
1319 891 1407 938 καὶ
1476 893 1671 959 πικρῶς
1732 882 1879 935 ἀναι-

1987 878 2248 944 tientem,
2278 895 2346 933 ac
2378 880 2591 935 acerbe
2615 881 3061 953 interemptum,
3085 882 3551 955 oﬁ‘enderentur,
3581 889 3637 944 et

260 985 557 1058 ρούμενοι,
639 978 1116 1046 σκανδαλισθῶσὶ,
1182 982 1270 1030 καὶ
1323 976 1392 1039 εἰς
1457 980 1549 1033 τὴν
1623 977 1876 1047 προτέραν

1986 983 2227 1023 rursum
2292 967 2370 1024 ad
2436 969 2696 1040 priorem
2735 968 3213 1029 incredulitatem
3240 980 3629 1045 recurrerent,

263 1068 521 1124 ἀπιστίαν
602 1067 1114 1144 παλινδρομησωσι,
1174 1072 1263 1119 καὶ
1340 1063 1724 1122 δυσανάκλητοι
1788 1066 1876 1135 γέ·-

1340 1063 1724 1122 δυσανάκλητοι
1788 1066 1876 1135 γέ-
1986 1072 2261 1130 aegreque
2296 1057 2374 1115 ab
2399 1073 2471 1115 ea
2499 1061 2937 1117 revocarentur.
2970 1108 2972 1110 .

260 1179 457 1211 νωνται
471 1202 482 1216 ,

344 1258 407 1312 Εἰ
484 1260 584 1333 γὰρ
650 1262 739 1310 καὶ
804 1260 923 1316 τοὺς
987 1256 1226 1327 μαθητὰς
1291 1250 1639 1306 ἐσκανδάλισε
1683 1258 1869 1320 ταῦτα,

2053 1274 2201 1327 Nam
2228 1272 2276 1327 si
2308 1271 2633 1343 discipulos
2658 1273 2853 1340 etiam,
2876 1273 2985 1346 qui
3022 1274 3417 1348 popularibus
3444 1276 3632 1349 perfe-

268 1351 392 1409 τοὺς
452 1348 792 1421 τελειοτέρους
859 1354 957 1397 τῶν
1008 1344 1196 1415 ὄχλων,
1254 1348 1343 1396 καὶ
1392 1342 1449 1394 ού
1498 1348 1665 1394 ταῦτα
1716 1344 1869 1412 μόνον

1978 1361 2186 1417 ctiores
2202 1366 2390 1426 erant,
2406 1342 2778 1419 offenderunt
2796 1342 2918 1419 non
2933 1342 3129 1420 solum
3141 1365 3271 1421 haec
3286 1342 3629 1438 conspecta,

268 1438 518 1511 ὁρώμενα,
573 1435 701 1487 ἀλλά
743 1440 833 1487 καὶ
884 1438 931 1486 οἱ
982 1438 1099 1506 περὶ
1154 1435 1345 1485 τούτων
1384 1432 1529 1503 λόγοι
1577 1434 1869 1504 προμηνυό-

1977 1466 2186 1506 verum
2218 1451 2395 1506 etiam
2433 1450 2506 1505 de
2535 1450 2630 1506 his
2680 1452 2855 1507 rebus
2897 1452 3087 1510 habiti
3117 1432 3457 1522 sermones,-
3480 1455 3630 1527 quid

268 1545 431 1595 μενοι⁸
489 1531 541 1580 τί
598 1525 690 1577 ούκ
741 1524 801 1575 ἆν
860 1525 1045 1575 ἔπαθον
1098 1525 1144 1574 οἱ
1200 1521 1385 1582 ἀτελεῖς
1445 1520 1597 1593 ὄχλοι
1653 1527 1869 1571 τοιαῦτα

1975 1555 2092 1594 non
2126 1530 2317 1611 passae
2355 1538 2608 1595 fuissent
2653 1540 3016 1611 imperfecta
3066 1542 3254 1600 turbae
3311 1520 3461 1601 dum
3497 1520 3628 1600 haec

269 1615 561 1687 βλέποντες,
607 1619 695 1666 καὶ
750 1613 1041 1685 ἀγνοοῦντες
1072 1616 1128 1663 τὸ
1171 1619 1261 1664 τοῦ
1314 1612 1508 1670 πάθους
1552 1614 1862 1682 μυστήριον,

649 1704 656 1706 .
1062 1702 1073 1706 -
1300 1703 1316 1706 ..
1433 1700 1523 1706 .-Νι
1598 1696 1617 1706 Α
1826 1699 1837 1706 .
1898 1688 1922 1706 τ’

1973 1629 2420 1699 conspexissent
2476 1628 2736 1685 maxime
2782 1630 3127 1700 ignorantes
3170 1632 3466 1703 passionis
3494 1649 3626 1706 my-

268 1706 392 1778 ὅπερ
451 1709 540 1755 καὶ
598 1704 772 1764 αὐτοῖς
814 1711 915 1762 τοῖς
975 1702 1237 1773 μαθηταῖς
1293 1703 1366 1751 ἔτι
1424 1700 1533 1771 ('35)
1586 1688 1921 1773 δυσπαράοῖ

1972 1688 2237 1782 sterium,
2267 1717 2430 1789 quod
2456 1716 2595 1789 ipsis
2626 1688 2870 1790 quoque
2897 1688 3203 1792 discipulis
3233 1688 3358 1777 erat
3377 1688 3623 1794 receptu

267 1789 453 1844 δεκτόν
508 1789 610 1860 ἦν;
674 1796 772 1844 Καὶ
826 1791 967 1843 οὗτοι
1032 1793 1153 1862 γὰρ,
1193 1790 1274 1842 ὅτε
1324 1791 1455 1862 μετ-ἀ
1501 1792 1594 1846 τὴν
1643 1788 1859 1847 Ἀνάλη-

1970 1806 2209 1862 difﬁcile
2246 1788 2453 1862 ?7Nam
2505 1810 2563 1861 et
2584 1788 2669 1875 hi,
2732 1788 2981 1878 quando
3033 1788 3171 1879 post
3201 1788 3529 1866 Salvatoris-
3560 1811 3622 1867 in

263 1881 360 1951 ψιν
447 1889 538 1933 τοῦ
622 1888 852 1952 Σωτῆρος
940 1878 1270 1951 ἐπεφοίτησεν
1347 1877 1522 1939 αὐτοῖς
1604 1877 1721 1948 (26)
1802 1880 1860 1929 τό

1968 1895 2183 1951 coelum
2207 1894 2637 1950 Ascensionem
2666 1877 2826 1950 venit
2851 1877 3050 1967 super
3071 1912 3173 1953 eos
3197 1897 3452 1969 Spiritus
3482 1914 3620 1954 san-

268 1976 478 2041 Πνεῦμα
563 1973 618 2021 τό
688 1969 834 2040 άγιον
880 2012 893 2035 ,
975 1973 1087 2020 τότε
1156 1968 1331 2019 λοιπὸν
1421 1968 1557 2027 θείας
1638 1969 1860 2037 χάριτος

1969 1987 2118 2046 ctus,
2146 1989 2285 2038 tunc
2316 1983 2563 2037 demum
2596 1981 2797 2037 divina
2828 1983 3018 2052 gratia
3067 1985 3292 2056 repleti,
3338 1985 3622 2041 humanis

262 2056 574 2119 πλησθέντες
624 2100 636 2123 ,
740 2062 829 2110 καὶ
902 2061 1019 2117 τοὺς
1118 2055 1465 2131 ἀνθρωπίνους
1579 2054 1859 2126 λογισμούς

1968 2070 2428 2141 cogitationibus
2439 2070 2707 2142 abjectis,
2736 2071 2941 2128 omnia
2964 2054 3372 2142 cognoverunt
3398 2077 3621 2145 myste-

258 2145 588 2219 ἀποθέμενοι,
625 2155 853 2205 συνῆκαν
895 2149 959 2198 τὰ
987 2150 1254 2218 μυστήρια
1282 2147 1468 2215 πάντα,
1511 2148 1600 2196 καὶ
1652 2142 1858 2218 στερρό-

1966 2160 2072 2219 ria.
2101 2159 2322 2216 Verum
2362 2175 2599 2231 semper
2618 2159 2697 2216 ad
2724 2159 2781 2215 id
2820 2176 3005 2232 usque
3039 2164 3277 2234 tempus
3307 2142 3514 2221 omnia
3536 2163 3618 2222 ad

250 2254 396 2309 τεροι
440 2240 713 2307 γεγόνασιν
768 2231 1083 2309 ἀδάμαντος.
1136 2234 1304 2307 ’Ἄχρι
1349 2231 1407 2286 δὲ
1450 2238 1564 2285 τότε
1624 2240 1858 2304 συνεχῶς

1750 2240 1858 2304 κῶς
1966 2248 2401 2307 humanitatem
2429 2248 2791 2321 pertinentia
2838 2231 3221 2308 oﬁendebant
3247 2250 3403 2310 illos.

244 2320 633 2388 ἐσιανδάλιζον
677 2325 868 2387 αύτούς
931 2327 1100 2377 πάντα
1170 2326 1234 2377 τὰ
1304 2322 1711 2396 ἀνθρωποπρεπῆ
1768 2328 1857 2375 τοῦ

243 2420 511 2486 Χριστοῦ.

330 2514 425 2564 Διά
457 2520 605 2565 τοῦτο
642 2517 834 2579 τοίνυν,
878 2516 944 2576 ὡς
994 2515 1216 2585 εἴρηται,
1271 2516 1384 2563 τότε
1417 2514 1505 2583 μὲν
1564 2510 1657 2562 ούκ
1710 2510 1856 2569 ἤθελε

2035 2514 2282 2587 Propter
2310 2514 2423 2571 hoc
2447 2528 2606 2584 ergo,
2651 2516 2717 2571 ut
2755 2513 2983 2572 dictum
3007 2518 3117 2585 est,
3147 2515 3338 2573 noluit
3361 2532 3398 2575 a
3431 2532 3620 2591 popu-

247 2602 553 2671 γνωσθῆναι
572 2610 683 2662 τοῖς
723 2601 922 2673 ὄχλοις,
958 2602 1036 2654 ὅτι
1073 2604 1225 2673 φύσει
1278 2602 1393 2660 Υἱὸς
1422 2606 1512 2651 τοῦ
1546 2606 1677 2652 Θεοῦ
1718 2598 1850 2666 ἐστι,

1966 2602 2189 2659 laribus
2215 2603 2368 2669 sciri,
2401 2603 2562 2675 quod
2615 2607 2831 2660 natura
2870 2603 2971 2659 Dei
3030 2604 3206 2660 Filius
3235 2608 3409 2673 esset,
3437 2610 3494 2664 et
3514 2623 3619 2665 na-

245 2695 345 2741 καὶ
404 2694 555 2763 φύσει
628 2696 795 2756 Θεὸς,
864 2696 952 2743 καὶ
1007 2688 1270 2763 διαφόρως
1320 2696 1471 2741 τοῦτο
1532 2689 1853 2762 μαρήγγελλε

1964 2695 2096 2748 tura
2131 2692 2285 2747 Deus
2313 2710 2329 2762 ;
2356 2691 2537 2763 idque
2584 2690 2786 2747 multis
2817 2692 3011 2747 modis
3044 2694 3328 2764 praecepit
3351 2693 3614 2766 discipu-

239 2787 356 2840 τοῖς
412 2783 695 2852 μαθηταῖς·
739 2780 820 2832 ὅτε
860 2776 937 2845 δὲ,
992 2788 1091 2831 τῶν
1155 2775 1605 2839 σκανδαλιζόντων
1648 2798 1851 2830 παντων

1961 2781 2051 2835 lis.
2086 2782 2337 2846 Quando
2361 2795 2504 2836 vero
2524 2780 2827 2851 completis
2857 2797 2925 2835 ac
2957 2780 3135 2836 ﬁnitis
3165 2781 3453 2839 omnibus
3478 2798 3614 2855 qum

232 2868 585 2921 τελεσθέντων
616 2916 631 2940 ,
708 2870 907 2942 ἔμελλον
982 2869 1229 2943 λαμπρῶς
1307 2866 1676 2941 ἀνακηρύττειν
1763 2867 1853 2919 αύ-

1963 2868 2262 2925 offendere
2282 2873 2575 2941 poterant,
2606 2868 3031 2941 pradicaturus
3058 2869 3225 2925 illum
3255 2874 3381 2926 erat
3399 2875 3616 2930 natura

240 2961 336 3009 τόν
371 2960 525 3029 φύσει
556 2962 680 3012 Θεὸν
709 2961 733 3010 ό
767 2958 908 3019 ἥλιος
932 2958 1315 3030 σκοτιζόμενος,
1346 2960 1403 3008 τὸ
1444 2976 1577 3008 κατα
1606 2960 1852 3029 πέτασμα

1962 2957 2148 3014 Deum
2180 2973 2307 3013 esse
2329 2958 2417 3013 sol
2430 2957 2807 3027 obscuratus,
2820 2957 3021 3013 velum
3038 2957 3241 3030 templi
3268 2957 3612 3027 discissum,

244 3053 344 3099 τοῦ
395 3054 520 3099 ναοῦ
575 3046 889 3123 ῥηγνύμενον
919 3088 933 3113 ,
994 3050 1023 3107 ἡ
1070 3056 1137 3119 γῆ
1198 3051 1477 3119 σειομένη,
1541 3048 1594 3097 αἱ
1664 3045 1897 3118 πέτραι(

1960 3051 2113 3103 terra
2137 3062 2445 3113 concussa,
2477 3050 2651 3117 petrae
2697 3045 2972 3118 diruptas,
3005 3050 3060 3102 et
3089 3062 3345 3119 corpora
3386 3052 3612 3105 sancto-

247 3135 609 3209 σχιζόμεναι,
693 3142 781 3189 καὶ
873 3139 938 3189 τά
1023 3142 1243 3209 σώματα
1310 3144 1407 3187 τῶν
1466 3140 1847 3207 κεκοιμημένων

1958 3153 2089 3192 rum
2131 3136 2236 3209 qui
2261 3135 2625 3192 dormierant
2680 3134 2947 3201 excitata,
2996 3135 3245 3207 ipseque
3285 3134 3537 3206 gloriose
3574 3153 3611 3195 a

249 3224 413 3295 ἁγίων
467 3224 806 3300 ἐγειρόμενα,
877 3230 963 3279 καὶ
1030 3224 1187 3287 αὐτὸς
1261 3221 1476 3287 ἐνδόξως
1528 3224 1582 3276 ἐκ
1660 3234 1847 3300 νεκρῶν

1959 3226 2205 3281 mortuis
2235 3239 2563 3293 resurgens,
2599 3227 2738 3279 tunc
2765 3238 2907 3279 sane
2933 3223 3150 3279 effulsit
3181 3224 3367 3280 virtus
3396 3224 3612 3281 divini-

250 3312 623 3386 ἀνιστάμενος·
694 3324 981 3375 τηνικαῦτα
1043 3318 1144 3390 γὰρ
1230 3324 1405 3387 σαφῶς
1476 3313 1751 3386 ἐξέλαμψεν
1816 3316 1842 3374 ὃ

1955 3314 2091 3371 tatis
2116 3313 2266 3384 ejus,
2301 3317 2357 3368 et
2378 3311 2711 3367 indubitata
2762 3314 2889 3368 erat
2916 3311 3367 3368 demonstratio.
3423 3312 3607 3370 Simul

250 3399 479 3475 δύναμις
528 3412 622 3467 τῆς
669 3404 823 3457 αὐτοῦ
884 3408 1163 3471 θεότητος,
1222 3409 1310 3456 xui
1362 3402 1725 3479 ἀναντίρῥητος
1784 3402 1845 3463 ἦν

1954 3418 2191 3475 quoque
2246 3401 2626 3457 immissurus
2676 3404 2802 3456 erat
2854 3399 3103 3472 Spiritus
3155 3404 3395 3456 sanctus
3446 3400 3607 3458 intel-

249 3497 277 3550 ἠ
358 3489 643 3555 ἀπόδειξιςο
710 3494 876 3566 ἔμελλε
949 3490 1006 3546 δὲ
1062 3497 1254 3544 καὶτὸ
1322 3494 1571 3563 πανάγιον
1638 3500 1847 3565 Πνεῦμα

1953 3492 2190 3558 lectum,
2218 3506 2341 3548 non
2393 3489 2535 3546 solis
2575 3488 2907 3561 discipulis,
2960 3487 3067 3544 sed
3108 3488 3387 3545 omnibus
3429 3489 3606 3550 etiam

249 3584 455 3633 σύνισεν
510 3582 744 3653 ἐμϐαλεῖν
813 3583 870 3635 ού
928 3590 1034 3643 τοῖς
1098 3583 1361 3655 μαθηταῖς
1437 3586 1590 3654 μόνον
1628 3624 1640 3646 ,
1720 3581 1846 3634 ἀλλά

1954 3581 2356 3638 credentibus:
2386 3584 2592 3636 ettunc
2609 3579 2737 3650 jam
2755 3578 3003 3635 demum
3021 3578 3297 3635 omnibus
3313 3579 3606 3651 publicari

244 3676 333 3723 xui
379 3678 513 3723 πᾶσι
562 3680 665 3732 τοῖς
696 3675 1024 3725 πιστεύουσι·
1058 3675 1174 3724 τότε
1225 3667 1315 3735 δη,
1349 3676 1463 3722 τότε
1500 3670 1675 3723 λοιπὸν
1704 3671 1845 3723 ἐϐού-

1952 3672 2194 3729 volebat
2223 3676 2279 3727 et
2306 3668 2630 3725 divinitatis
2656 3672 2713 3724 et
2735 3667 3033 3740 passionis
3063 3684 3186 3726 suae
3226 3669 3601 3741 mysterium,

245 3760 359 3811 λετο
411 3757 828 3832 δημοσιευθῆναι
858 3768 990 3813 πᾶσι
1021 3766 1110 3814 καὶ
1148 3764 1205 3812 τὸ
1246 3768 1341 3820 τῆς
1375 3762 1638 3827 θεότητος,
1667 3765 1757 3812 καὶ
1784 3764 1843 3812 τὸ

1953 3766 2019 3819 ut
2042 3759 2268 3832 absque
2315 3757 2435 3815 ullo
2461 3756 2816 3812 oﬁ‘endiculo
2846 3756 3191 3829 praedicatio
3220 3756 3599 3828 praecederet.

243 3855 339 3901 τοῦ
364 3850 566 3910 πάθους
588 3849 745 3902 αὑτοῦ
766 3854 1077 3922 μυστήριον,
1112 3851 1193 3902 ἵνα
1220 3845 1636 3901 ἀσκανὸάλιστον
1668 3846 1844 3901 όδεύοι

244 3942 304 3990 τό
337 3943 607 4010 κήρυγμα.
2688 3988 2691 3995 -

318 4026 450 4079 Ἀπὸ
505 4030 619 4079 τότε
675 4057 739 4068 —-
801 4027 1089 4103 ἐγερθῆναι.
1130 4029 1261 4079 Ἀπὸ
1329 4031 1463 4093 τότε,
1524 4025 1612 4101 ἀφ’
1658 4027 1717 4079 οὗ
1758 4026 1842 4100 βε-

2021 4029 2180 4084 Vers.
2208 4027 2297 4082 21.
2325 4026 2426 4083 Ea:
2453 4040 2514 4082 eo
2544 4031 2866 4095 tempore—
2889 4036 3210 4095 resurgere.
3241 4024 3324 4078 Ex
3353 4038 3418 4078 eo
3456 4024 3604 4080 tem-

247 4115 411 4177 ϐαίως
457 4118 643 4187 ἔμαθον
702 4119 748 4168 οἱ
792 4119 1049 4189 μαθηταὶ,
1095 4118 1170 4168 ὅτι
1213 4121 1426 4187 γνήσιος
1459 4119 1577 4179 Υἱός
1618 4115 1727 4170 ἔστι
1752 4125 1840 4170 τοῦ

1950 4133 2109 4189 pore,
2141 4133 2210 4171 ex
2235 4131 2357 4188 quo
2380 4113 2628 4170 ﬁrmiter
2653 4114 3062 4182 cognoverunt
3108 4110 3400 4184 discipuli,
3444 4111 3603 4184 quod

245 4211 400 4258 Θεοῦ.
451 4208 519 4257 Τὸ
564 4204 738 4257 λοιπὸν
781 4209 881 4281 γὰρ
916 4205 1104 4280 ἤρξατο
1146 4205 1257 4278 (27)
1300 4203 1674 4278 προδεικνύειν,
1715 4227 1839 4259 του-

1950 4205 2235 4262 naturalis
2261 4209 2415 4260 esset
2442 4203 2544 4259 Dei
2588 4201 2766 4258 Filius
2795 4216 2807 4256 :
2838 4205 2981 4256 tunc
3015 4199 3177 4256 enim
3206 4200 3454 4257 demum
3487 4216 3602 4257 coe-

243 4297 406 4356 τέστι,
500 4295 763 4368 προλέγειν
837 4298 1062 4357 τούτοις,
1122 4293 1156 4345 ἅ
1236 4294 1399 4350 μελλει
1471 4298 1673 4365 παθεῖν,
1736 4298 1837 4362 ἵνα,

1948 4296 2035 4368 pit
2066 4296 2478 4350 demonstrare
2505 4292 2623 4347 sive
2662 4290 2979 4362 praedicere
3007 4288 3120 4345 illis
3146 4304 3282 4361 qua
3308 4304 3600 4362 passurus

240 4390 407 4434 ταῦτα
458 4391 914 4458 προγινώσκοντες,
945 4386 1080 4436 κατά
1125 4386 1209 4435 τὸν
1259 4387 1438 4457 καιρὸν
1490 4393 1580 4436 τοῦ
1641 4387 1893 4447 πάθουςΙ

1949 4389 2086 4450 erat,
2122 4388 2182 4440 ut
2210 4384 2338 4439 hac
2391 4381 2786 4454 praescientes,
2843 4384 3113 4450 tempore
3140 4378 3437 4450 passionis
3480 4391 3599 4434 non

235 4477 304 4545 μὴ
360 4469 969 4545 σκανδολισθῶσι,μηδ’
1023 4472 1373 4539 ὑπολάϐωσιν,
1430 4475 1509 4524 ὅτι
1565 4470 1636 4525 δι’
1687 4472 1838 4525 ἀσθέ-

1948 4472 2400 4537 offenderentur,
2450 4484 2643 4542 neque
2700 4466 3146 4540 suspicarentur
3164 4465 3331 4539 quod
3358 4468 3600 4538 propter

235 4582 369 4614 νειαν
439 4564 636 4634 φύσεως
702 4566 952 4633 πάσχει.
1045 4569 1164 4623 Πῶς
1214 4564 1334 4636 γὰρ,
1400 4563 1448 4622 ὅς
1500 4567 1587 4613 καὶ
1656 4581 1836 4635 προγι-

1946 4566 2169 4619 natura;
2188 4558 2655 4616 imbecillitatem
2671 4560 2989 4629 pateretur.
3008 4556 3136 4622 Quo
3166 4554 3326 4609 enim
3349 4557 3525 4625 pacto
3536 4553 3598 4609 id

233 4657 429 4703 νώσκει
485 4660 665 4719 nuto,
726 4656 815 4703 καὶ
872 4651 1131 4725 προλέγει,
1193 4657 1282 4703 καὶ
1360 4647 1575 4703 σπεύδει
1648 4650 1838 4723 μᾶλλον

1945 4651 2112 4706 ﬁeret
2142 4648 2215 4705 de
2242 4664 2334 4712 eo,
2392 4647 2497 4718 qui
2532 4645 2820 4717 prmnovit
2857 4648 2913 4699 et
2943 4640 3215 4715 praedicit
3260 4656 3330 4699 ac
3358 4640 3598 4697 festinat

240 4742 423 4791 παθεῖν
453 4757 467 4807 ;

1947 4739 2144 4811 potius
2172 4743 2237 4794 ut
2255 4735 2536 4809 patiatur.

317 4832 419 4878 Καὶ
474 4859 541 4867 -
580 4828 739 4899 αύτῷ.
801 4827 1245 4903 Προσλαϐόμενος,
1300 4826 1412 4879 ἀντὶ
1459 4834 1550 4879 τοῦ
1608 4826 1839 4899 παραλα-

2018 4827 2182 4883 Vers.
2211 4829 2299 4881 22.
2323 4823 2397 4880 Et
2426 4851 2493 4862 —
2519 4819 2711 4877 illum.
2768 4818 3125 4885 Assumens,
3173 4815 3289 4873 hoc
3314 4818 3404 4871 est
3441 4828 3597 4871 seor-

247 4914 349 4966 ϐὼν
397 4913 658 4972 κατιδίαν.
720 4918 978 4980 Ἀκούσας
1032 4920 1153 4992 γὰρ,
1196 4918 1276 4969 ότι
1325 4917 1491 4989 μελλει
1546 4915 1837 4985 ἀποθανεῖν,

1948 4916 2063 4972 sim
2093 4914 2411 4986 accipiens.
2439 4910 2656 4968 Audito
2691 4907 2852 4965 enim
2876 4905 3042 4980 quod
3077 4904 3401 4962 moriturus
3417 4906 3593 4974 esset,

248 5002 658 5079 ἑϐαρυθυμησεν,
717 5006 920 5070 ἀνάξιον
1003 5014 1095 5069 τῆς
1177 5006 1334 5058 αὐτοῦ
1400 5007 1639 5066 θεότητος
1691 5012 1839 5057 τοῦτο

1949 5004 2205 5076 graviter
2256 5001 2386 5058 tulit
2417 5018 2431 5069 ;
2460 5015 2600 5055 nam
2645 4996 2710 5053 id
2764 5011 2874 5053 sua
2913 4994 3213 5052 divinitate
3275 4992 3595 5065 indignum

244 5096 485 5165 νομίσας.
542 5098 628 5148 Διὸ
671 5100 775 5168 καὶ,
806 5099 876 5161 ὡς
928 5091 1035 5157 ἤδη
1071 5094 1364 5171 παρῥησίαν
1415 5093 1515 5147 ἀπὸ
1544 5100 1636 5148 τοῦ
1667 5113 1841 5162 μακα-

1948 5091 2201 5167 putavit.
2258 5089 2516 5161 Ideoque
2584 5084 2766 5160 quasi
2824 5085 2956 5158 jam
3001 5087 3244 5159 sumpta
3298 5082 3591 5158 libertate,

1458 5299 1677 5371 Variae
1707 5299 2034 5371 lectiones
2065 5306 2131 5366 et
2164 5304 2374 5370 notaee

303 5523 420 5593 (25)
452 5521 592 5588 Ἔτι,
626 5522 816 5580 abest.
848 5524 914 5578 A.

305 5596 422 5639 (26H
461 5594 664 5639 Αὖτοῖε-
696 5594 885 5639 ahnst-
926 5598 983 5639 Α,
1953 5609 1956 5638 ι

2020 5519 2130 5592 (27)
2154 5517 2267 5576 Sed
2305 5518 2366 5575 in
2391 5518 2554 5599 textu
2583 5516 2778 5572 servat
2800 5513 3107 5585 vulgatum
3136 5506 3404 5578 δεικνύειν,
3433 5508 3596 5639 #od

1953 5592 2410 5639 Ehrvsostnmns
2442 5591 2621 5639 etiam
2649 5585 2846 5639 habet.
2879 5589 2921 5639 ι.
2947 5583 3064 5639 VII.
3094 5597 3159 5639 D.
3187 5581 3290 5639 549
3312 5583 3378 5639 Ε.
3399 5584 3430 5637 5
3527 5576 3594 5637 Ci

305 5576 422 5667 (id)
455 5576 892 5659 Αὐτόῐςῖθξῦἔεὲξ
904 5576 985 5651 DA.
1953 5576 2410 5665 chrysostomus
2442 5588 2621 5648 etiam
2649 5585 2846 5658 habet,
2879 5576 3064 5655 CV11,
3094 5597 3159 5658 p.
3187 5581 3290 5643 549
3312 5576 3503 5653 E,'577
3527 5576 3594 5649 Ο)
