4186 6318
517 239 617 300 471

1834 230 2180 289 EUTHYMII
2220 227 2553 289 ZIGABENI

3787 220 3929 281 472

517 380 590 425 eo
620 363 780 440 quod
804 362 1174 420 beatiﬁcatus
1199 362 1354 418 esset
1381 357 1631 417 seorsim
1660 356 1986 431 increpavit
2008 356 2176 415 illum

2290 356 2536 434 ρισθῆναί
2603 354 2967 429 κτησάμενος.
3024 349 3268 407 κατιδίαν
3324 350 3634 426 ἕπετίμησεν
3724 348 3919 422 αὐτῷ,

518 456 641 512 sive
674 451 1067 527 reprehendit.

588 544 745 600 Scire
775 545 1003 615 oportet
1040 539 1206 614 quod
1246 540 1362 596 hoc
1391 537 1645 595 verbum
1704 536 1984 610 ἐπετίμησε
2041 534 2177 609 (pro

518 650 639 707 quo
653 639 717 688 ut
738 631 1063 704 plurimum
1088 630 1368 685 vertimus
1392 648 1403 686 :
1431 626 1768 697 Increpavit
1795 630 1893 683 aut
1916 626 2180 682 Intermi-

516 730 688 780 natus
712 722 819 795 est)
850 720 1015 793 apud
1061 718 1457 790 evangelistas
1487 716 1790 773 interdum
1816 715 2065 789 quidem
2108 715 2180 772 si-

519 812 761 885 gniﬁcat
810 810 1112 866 silentium
1143 808 1453 881 imponere
1500 806 1625 862 sive
1665 821 1732 861 os
1758 804 2086 871 obstruere,
2114 807 2180 861 ut

519 903 593 959 de
622 903 898 959 daemone
922 899 1026 972 qui
1046 897 1282 955 dicebat
1320 913 1381 952 se
1421 911 1596 952 nosse
1644 895 1959 961 Christum,
2014 894 2179 966 quod

518 998 758 1050 sanctus
803 989 900 1044 ille
956 988 1055 1043 Dei
1094 990 1264 1043 esset.
1316 986 1406 1041 Ait
1452 986 1608 1041 enim
1632 982 1912 1057 ἔπετὶμησε
1963 984 2033 1048 ⁸⁸,
2064 983 2179 1040 hoc

520 1088 605 1139 est
631 1080 945 1151 increpavit
964 1076 1155 1141 illum,
1185 1077 1309 1132 sive
1337 1074 1622 1130 silentium
1647 1073 1955 1146 imposuit.
1997 1073 2178 1129 Inter-

520 1170 669 1227 dum
708 1172 908 1225 autem
993 1165 1293 1233 signiﬁcat
1348 1162 1692 1233 Refrenavit
1747 1162 1869 1218 sive
1918 1162 2182 1230 Impera-

520 1259 607 1317 vit
638 1275 653 1328 ;
681 1260 745 1314 ut
802 1258 892 1313 est
939 1254 1086 1311 illud
1142 1253 1420 1325 ἐπετίμησε
1474 1253 1543 1319 ³ο,
1588 1251 1650 1307 id
1704 1255 1811 1322 est,
1864 1250 2180 1322 Imperavit

522 1346 708 1407 ventis
736 1351 790 1403 et
839 1344 1015 1410 mari,
1054 1344 1178 1399 sive
1220 1343 1584 1413 Refrenavit.
1617 1339 1992 1412 Quandoque
2037 1352 2182 1395 vero

521 1437 781 1501 denotat,
852 1431 1259 1502 Conﬁrmavit,
1310 1434 1375 1487 ut
1431 1444 1570 1486 cum
1634 1429 1851 1486 dicitur
1898 1427 2181 1501 ἄπετίμησε

2288 450 2475 519 εἶτουν,
2509 444 2798 520 ἐμέμψατο.

2357 539 2473 611 Χρὴ
2539 538 2641 609 γὰρ
2686 538 2985 607 γινώσκειν,
3029 533 3111 586 ὅτι
3152 536 3211 586 τὸ
3267 531 3549 605 ἕπετίμησε
3595 531 3745 605 παρὰ
3781 535 3924 591 τοῖς

2287 624 2684 698 εὐαγγελισταῖς
2757 625 2881 676 ποτε
2945 624 3036 696 μὶν
3093 626 3337 696 σημαίνει
3403 624 3460 675 τὸ
3527 619 3913 693 ἐπεστόμισεν,

2287 716 2356 777 ὦς
2407 713 2490 768 ἐπὶ
2528 721 2620 768 τοῦ
2668 710 2934 787 δαίμονος,
2964 718 3057 765 τοῦ
3096 712 3328 774 εἰπόντος
3376 706 3569 765 εἰδέναι
3616 712 3706 762 τὸν
3764 716 3919 781 Χρε-

2290 808 2435 871 στὸν,
2487 804 2569 857 ὅτι
2622 802 2759 857 ἐστὶν
2812 804 2839 855 6
2883 801 3029 874 ἅγιος
3073 809 3166 855 τοῦ
3212 806 3360 857 Θεοῦ·
3394 800 3709 872 Ἐπετίμησε
3765 799 3914 873 γὰρ,

2288 896 2467 965 φησὶν,
2544 892 2700 965 αὐτῷ,
2768 895 3053 960 τουτέστιν,
3109 889 3445 964 ἕπεστόμισεν
3522 888 3702 942 αὐτόν’
3769 888 3914 941 ποτὶ

2289 977 2348 1035 δε
2406 978 2561 1040 δηλοῖ
2604 984 2662 1034 τὸ
2719 980 3055 1054 ἐχαλίνωσεν,
3085 981 3116 1041 ἢ
3165 979 3420 1047 ἐπέταξεν,
3453 982 3524 1041 ὡς
3570 981 3652 1049 τὸ,
3693 976 3905 1031 Ἐπετί-

2288 1089 2428 1143 μησε
2480 1076 2590 1132 τοῖς
2642 1068 2847 1142 ἀνέμοις
2907 1074 2998 1123 καὶ
3060 1077 3122 1144 τῇ
3193 1069 3457 1142 θαλάσσῃ·
3507 1069 3630 1121 ποτε
3690 1063 3749 1120 δέ
3808 1068 3909 1136 τὸ,

2288 1159 2764 1229 κατησφαλίσατο,
2829 1161 2898 1223 ὡς
2959 1161 3020 1212 τὸ
3054 1202 3069 1229 ,
3130 1159 3468 1232 Ἐπετίμησεν
3534 1156 3747 1227 αὐτοῖς,
3816 1156 3913 1207 ἶνα

2288 1244 2480 1320 μηδενὶ
2521 1247 2715 1321 λέγωσι
2768 1251 2887 1321 περὶ
2942 1248 3124 1301 αὐτοῦ·
3187 1250 3311 1302 ποτε
3365 1243 3425 1302 δέ
3480 1248 3561 1315 τὸ,
3599 1244 3910 1319 ἐμέμψατο,

2292 1339 2359 1399 ὡς
2418 1343 2571 1391 τοῦτο
2620 1334 2707 1404 δὴ,
2765 1340 2886 1413 περὶ
2943 1333 3004 1390 ὸῦ
3058 1343 3147 1390 νῦν
3195 1338 3222 1390 6
3273 1336 3443 1410 λόγος·
3505 1337 3630 1390 ποτὶ
3682 1330 3743 1388 δι
3813 1335 3908 1401 τὸ,

2290 1423 2587 1495 ἕπίπληξεν,
2649 1426 2714 1488 ὧς
2787 1428 2869 1496 τὸ,
2937 1426 3247 1500 Ἐπετίμησε
3307 1433 3379 1497 τῷ
3450 1428 3647 1498 Πέτρῳ,
3719 1424 3913 1484 καθὼς

521 1521 607 1578 eis
628 1521 697 1585 θί,
721 1500 834 1578 hoc
844 1520 934 1575 est
948 1500 1341 1587 Conﬁrmavit
1360 1513 1497 1571 illo:
1519 1511 1698 1570 necui
1715 1513 1790 1569 de
1808 1528 1871 1571 se
1895 1512 2177 1569 dicerent.

2290 1513 2409 1578 ἐξῆς
2461 1512 2849 1574 δηλωθήσεται·
2901 1517 3015 1569 ἔστι
3065 1512 3126 1569 δε
3190 1517 3273 1569 ὅτε
3325 1518 3416 1569 καὶ
3481 1516 3540 1568 τὸ
3612 1511 3904 1579 ἕκώλυσεν,

520 1608 891 1680 Quandoque
941 1608 1143 1663 autem
1181 1602 1590 1676 Reprehendit,
1646 1604 1713 1659 ut
1736 1606 1824 1659 est
1852 1602 1909 1658 id
1950 1601 2025 1658 de
2054 1616 2178 1674 quo

519 1701 646 1757 erat
665 1711 888 1755 sermo.
918 1695 1223 1752 Interdum
1235 1708 1479 1767 quoque
1508 1692 1853 1762 Increpavit
1878 1690 1970 1748 vel
1988 1690 2180 1749 Corri-

2289 1604 2361 1666 ὡς
2413 1604 2697 1681 εὑρήσομεν
2762 1606 2889 1678 πρὸς
2955 1612 3028 1677 τῷ
3091 1603 3223 1659 τέλει
3291 1611 3386 1658 τοῦ
3458 1606 3909 1678 τεσσαρακοστόῦ

2288 1691 2564 1764 κεφαλαίου
2574 1735 2587 1749 .

521 1789 675 1859 puit,
708 1790 774 1843 ut
804 1788 893 1841 est
923 1783 1075 1841 illud
1114 1782 1393 1856 ἐπετίμησε
1432 1784 1480 1819 θ’
1510 1782 1572 1838 id
1594 1784 1687 1838 est
1734 1781 2073 1851 Increpavit
2120 1780 2389 1851 Petrum,
2423 1786 2486 1839 ut
2516 1782 2715 1841 statim
2736 1785 3167 1854 consequenter
3190 1782 3483 1840 dicemus.
3536 1785 3633 1840 Est
3681 1785 3739 1838 et
3787 1773 3912 1839 ubi

525 1874 836 1946 signiﬁcat,
870 1872 1183 1930 Prohibuit
1215 1873 1284 1942 ",
1312 1876 1376 1927 ut
1404 1871 1465 1926 in
1489 1870 1609 1927 ﬁne
1634 1868 2088 1943 quadragesimi
2117 1868 2330 1942 capitis
2370 1870 2763 1929 inveniemus.

596 1963 756 2019 Vers.
812 1962 902 2017 2'2.
956 1962 1169 2017 Dicens
1208 1990 1279 2003 —
1336 1960 1442 2016 hoc
1487 1961 1795 2031 Tanquam
1854 1958 2178 2015 consulens

524 2053 641 2109 hoc
665 2051 764 2118 ait,
780 2054 843 2105 ut
865 2050 1163 2119 ingenuus
1192 2048 1423 2104 amicus
1446 2048 1575 2119 (bb).
1609 2048 1781 2114 Quod
1809 2051 2012 2103 autem
2041 2046 2181 2103 dici-

526 2145 622 2198 tur
649 2138 944 2211 Pr0pitius
975 2139 1087 2194 tibi
1111 2138 1207 2204 sit,
1240 2142 1527 2193 consueto
1568 2152 1735 2193 more
1763 2136 2019 2193 lomutus
2045 2141 2135 2192 est
2165 2150 2181 2194 :

526 2229 712 2286 moris
742 2228 903 2284 enim
928 2231 1051 2283 erat
1074 2227 1190 2282 hoc
1218 2226 1416 2283 dicere
1446 2241 1606 2294 eum,
1640 2226 1744 2299 qui
1770 2225 2184 2297 indignaretur

526 2318 857 2376 absurdum
906 2315 1219 2389 quidpiam
1268 2315 1505 2381 dicenti,
1531 2318 1595 2371 ut
1621 2332 1634 2371 :
1664 2315 1963 2388 Propitius
1984 2314 2089 2370 tibi
2110 2313 2184 2369 sit

525 2408 681 2463 Deus
707 2405 788 2462 ob
806 2404 981 2461 talem
998 2420 1358 2461 sermonem.
1382 2404 1449 2459 Id
1480 2419 1623 2460 vero
1644 2404 1808 2477 quod
1825 2402 1990 2460 addit
2021 2403 2185 2459 :Non

526 2496 641 2554 erit
667 2495 772 2551 tibi
795 2495 921 2562 hoc,
952 2493 1327 2551 tantumdem
1352 2497 1442 2551 est
1468 2507 1538 2551 ac
1558 2492 1609 2550 si
1638 2492 1863 2551 diceret
1897 2508 1911 2549 :
1939 2495 2019 2550 Ne
2043 2506 2187 2549 con-

526 2585 714 2655 tingat
751 2583 858 2640 tibi
886 2583 997 2639 hoc
1017 2582 1185 2656 quod
1204 2582 1376 2639 dicis.

602 2672 860 2729 Vers.23.
892 2673 965 2727 At
994 2671 1695 2729 itte—Satana.Marcus
1722 2674 1923 2728 autem
1952 2670 2182 2741 dixit",

526 2761 695 2835 quod
713 2776 1036 2817 conversus
1064 2764 1122 2817 et
1150 2760 1398 2817 intuitus
1443 2760 1766 2832 discipulos
1805 2775 1967 2825 suos,
2000 2760 2187 2818 incre-

527 2850 697 2923 pavit
734 2849 857 2905 sive
909 2848 1189 2921 corripuit
1233 2850 1486 2905 Petrum.
1532 2850 1761 2906 Etenim
1810 2848 1995 2906 voluit
2053 2849 2186 2907 illos

528 2956 773 3015 quoque
816 2939 1289 3012 increpationem
1337 2939 1543 2996 audire
1598 2956 1670 2998 ac
1730 2940 2027 3011 castigari,
2080 2940 2186 3014 qui

528 3030 691 3088 idem
727 3029 893 3103 quod
949 3028 1152 3085 Petrus
1205 3028 1601 3101 patiebantur.
1671 3028 1960 3087 Satanam
1984 3034 2184 3088 autem
2216 3025 2263 3087 C

528 3135 667 3178 eum
691 3121 885 3185 vocat,
918 3118 1093 3191 quasi
1114 3118 1176 3174 in
1198 3118 1315 3175 hoc
1340 3118 1625 3175 Satanam
1650 3119 2185 3192 imitantem,quod

528 3208 824 3265 Christum
852 3207 1044 3265 occidi
1069 3206 1333 3265 nolebat.
1367 3206 1673 3281 Siquidem
1696 3223 1893 3281 neque
1934 3209 2186 3266 Satanas

528 3296 821 3353 Christum
851 3294 1036 3352 occidi
1060 3295 1317 3361 volebat,
1348 3300 1414 3352 ut
1468 3296 1786 3353 mendaces
1840 3297 2186 3354 viderentur

524 3386 853 3458 prophetias
885 3400 1021 3458 quae
1052 3384 1126 3440 de
1158 3390 1347 3441 morte
1402 3385 1529 3456 ejus
1580 3385 1995 3459 loquebantur,
2025 3391 2081 3442 et
2110 3401 2184 3443 ne

528 3489 690 3531 mors
752 3473 947 3530 carnis
998 3473 1179 3544 hujus
1239 3473 1405 3530 ﬁeret
1454 3489 1616 3529 mors
1656 3491 1782 3530 sua:
1833 3476 2181 3545 potestatis:

528 3577 869 3635 quanquam
881 3562 1011 3634 ipse
1022 3562 1264 3633 propria
1275 3561 1468 3619 victus
1481 3562 1741 3621 malitiaJ
1750 3563 1948 3620 udteos
1961 3563 2039 3622 ad
2051 3564 2183 3636 ejus

528 3650 757 3709 caedem
785 3649 1068 3709 incitavit.

598 3916 798 3975 Potest
828 3920 1028 3976 autem
1068 3922 1124 3977 et
1161 3918 1329 3977 aliter
1369 3919 1507 3989 dici,
1547 3920 1713 3993 quod
1752 3920 1899 3994 quia
1928 3919 2183 3980 Satanas

527 4005 909 4064 adversarius
938 4006 1171 4072 dicitur,
1204 4010 1406 4063 Petrus
1436 4011 1638 4065 autem
1669 4009 1993 4079 prohibens
2022 4011 2182 4067 Chri-

528 4098 687 4151 stum
706 4094 878 4157 mori,
902 4110 1021 4150 non
1036 4092 1397 4165 sequebatur
1407 4096 1457 4167 ej
1470 4111 1538 4150 us
1551 4095 1917 4152 voluntatem
1945 4098 2048 4153 sed
2075 4099 2183 4155 ad-

527 4180 889 4246 versabatur,
914 4179 1058 4236 aitei
1073 4179 1369 4237 Salvator:
1386 4165 1502 4236 Abi
1521 4187 1647 4251 post
1665 4198 1776 4249 me,
1800 4184 2047 4257 Satana,
2061 4184 2179 4243 hoc
2209 4165 2257 4222 Ῑ)

536 4271 628 4326 est
658 4290 671 4324 :
704 4269 963 4342 Sequere
988 4284 1104 4337 me,
1141 4268 1505 4327 adversario.

603 4482 761 4539 Vers.
794 4480 882 4538 23.
912 4479 1225 4540 Obstaculo
1252 4482 1403 4541 mihi
1440 4499 1524 4545 es.
1584 4486 2020 4561 Impedimenta
2077 4490 2185 4549 mi-

534 4569 683 4637 hies,
720 4570 1095 4629 adversarius
1113 4588 1260 4630 mea:
1274 4572 1581 4633 voluntati.
1599 4576 1819 4634 Deinde
1836 4577 1977 4635 dicit
2001 4581 2182 4639 etiam

535 4676 782 4718 causam
811 4665 1048 4735 propter
1071 4679 1257 4734 quam
1302 4663 1753 4723 adversabatur.

600 4752 767 4830 ‘Vers.
797 4750 886 4806 23.
923 4751 1073 4819 Quia
1098 4782 1163 4794 —
1191 4751 1499 4811 hominum.
1531 4757 1668 4827 Hoc,
1698 4755 1910 4829 inquit,
1940 4758 2179 4829 pateris,

532 4838 676 4913 quia
700 4854 820 4895 non
832 4838 1033 4897 divino
1046 4840 1151 4896 sed
1172 4840 1444 4899 humano
1466 4843 1649 4901 modo
1678 4844 1860 4917 sapis.
1878 4844 2107 4901 Etenim
2131 4845 2182 4903 si

533 4928 738 4986 divina
763 4934 1052 4999 gustares,
1085 4930 1284 5003 utique
1313 4931 1565 5003 dignum
1602 4948 1697 4990 me
1747 4932 2051 5005 iudicares
2081 4935 2182 5008 qui

2360 1963 2539 2033 Λίγων
2618 1992 2689 2005 -
2762 1968 2917 2015 τοῦτο
2958 2002 2974 2020 .
3061 1960 3423 2035 Συμϐουλεύων
3503 1957 3661 2021 δῆθεν
3736 1964 3907 2014 τοῦτ-5

2290 2068 2441 2122 φησι,
2482 2052 2553 2112 ὡς
2601 2055 2832 2123 γνήσιος.
2882 2054 2953 2104 T6
2998 2052 3088 2124 μὶν
3137 2047 3225 2103 οὖν
3270 2050 3411 2112 ἵλεώς
3461 2069 3567 2114 σοι,
3597 2051 3735 2103 κατά
3776 2070 3912 2103 συν-

2290 2139 2468 2197 ήθειαν
2536 2142 2734 2215 εἴρηκεν
2810 2141 2919 2201 ἔθος
2997 2141 3096 2214 γὰρ
3183 2136 3285 2205 ἧν,
3350 2140 3503 2193 τοῦτό
3576 2138 3739 2211 λέγειν
3805 2142 3904 2193 τὸν

2289 2233 2607 2301 μεμφόμενον
2642 2249 2746 2282 τινι
2797 2229 2989 2284 εἰπόντι
3039 2230 3158 2301 (28)
3204 2228 3519 2306 παράλογον,
3546 2228 3675 2297 οῖον,
3726 2229 3905 2291 Ἵλεώς

2294 2336 2379 2369 σοι
2435 2320 2564 2379 Θεὸς
2618 2321 2719 2385 εἴη,
2775 2320 2933 2372 ἕνεκεν
2990 2326 3082 2372 τοῦ
3111 2321 3351 2372 τοιούτου
3395 2318 3569 2391 λόγου·
3610 2321 3669 2371 τὸ
3706 2315 3786 2384 δε,
3818 2318 3902 2373 Οὐ

2290 2410 2361 2478 μὴ
2392 2407 2541 2460 ἔσται
2557 2407 2670 2481 (29)
2691 2427 2774 2461 σοι
2794 2415 2964 2477 τοῦτο,
2995 2405 3108 2461 ἀντι
3136 2415 3247 2475 τοῦ,
3270 2412 3354 2467 Μὴ
3382 2411 3583 2481 γένοιτό
3610 2427 3695 2463 σοι
3713 2414 3895 2482 τοῦτο,

2292 2496 2319 2548 6
2342 2494 2528 2569 λέγεις.

2361 2797 2420 2853 Ὀ
2475 2796 2535 2854 δε
2580 2831 2649 2844 -
2702 2805 2921 2857 Σατανᾶ.
2990 2802 3205 2877 Μάρκος
3270 2799 3331 2858 δί
3387 2823 3565 2877 φησιν,
3618 2804 3717 2873 ὅτι,
3777 2802 3889 2857 ἕπε-

2294 2893 2562 2965 στραφεὶς,
2608 2894 2697 2944 καὶ
2747 2886 2874 2943 ἰδὼν
2914 2894 3033 2952 τοὺς
3074 2893 3317 2965 μαθητὰς
3373 2893 3554 2962 αὐτοῦ,
3613 2893 3895 2968 ἐπετίμησε

2292 2986 2365 3049 τῷ
2424 2982 2621 3054 Πέτρῳ,
2671 2980 2855 3051 ἤγουν,
2888 2978 3159 3043 ἐπέπληξε.
3217 2986 3318 3035 Καὶ
3364 2984 3464 3055 γὰρ
3514 2982 3737 3041 ἠθέλησε
3787 2981 3895 3036 κά-

2292 3070 2492 3130 κείνους
2535 3066 2760 3121 ἀκοῦσαι
2805 3076 2902 3130 τῆς
2966 3068 3301 3138 ἐπιπλήξεως,
3355 3075 3444 3122 καὶ
3521 3073 3896 3145 σωφρονισθῆ-

2292 3174 2408 3226 ναι,
2462 3159 2766 3230 παθόντας,
2818 3158 2941 3231 ὅπερ
2986 3160 3013 3211 6
3070 3162 3277 3231 Πέτρος,
3332 3163 3560 3212 Σατανᾶν
3616 3155 3676 3213 δε
3733 3159 3895 3213 αὐτὸν

2293 3245 2578 3319 ὠνόμασεν,
2636 3249 2704 3310 ὡς
2757 3250 3071 3321 μιμούμενον
3134 3252 3222 3301 τὸν
3285 3254 3541 3317 Σατανᾶν,
3594 3247 3643 3302 ἰν
3697 3257 3771 3320 τῷ
3820 3270 3894 3323 μη

2295 3335 2452 3388 θέλειν
2506 3334 2840 3411 ἀναιρεθῆναι
2892 3339 2978 3389 τὸν
3050 3341 3305 3414 Χριστόν.
3376 3342 3477 3391 Καὶ
3532 3341 3635 3413 γὰρ
3686 3335 3801 3393 οὐδ’
3868 3340 3895 3392 ό

2294 3430 2521 3488 Σατανᾶς
2563 3424 2737 3485 ἤθελεν
2785 3427 3119 3501 ἀναιρεθῆναι
3170 3426 3344 3498 αὐτὸν,
3381 3428 3463 3480 ἶνα
3519 3436 3720 3500 φανῶσι
3769 3427 3895 3501 ψευ-

2294 3509 2403 3575 δεῖς
2457 3515 2511 3566 αἱ
2568 3518 2686 3590 περὶ
2730 3522 2823 3567 τοῦ
2873 3516 3094 3568 θανάτου
3125 3515 3286 3569 αὐτοῦ
3332 3524 3662 3590 προφητεῖαι,
3693 3522 3779 3571 καὶ
3809 3519 3892 3571 ἵνα

2289 3606 2361 3675 μὴ
2391 3603 2416 3654 ὁ
2451 3604 2667 3665 θάνατος
2686 3611 2781 3668 τῆς
2824 3605 3008 3657 τούτου
3041 3608 3233 3675 σαρκός
3279 3606 3497 3668 θάνατος
3532 3610 3745 3677 γένηται
3792 3616 3890 3671 τῆς

2290 3690 2451 3744 αὐτοῦ
2493 3688 2777 3765 δυνάμεως,
2816 3691 2860 3745 εἰ
2889 3698 2979 3746 καὶ
3026 3693 3184 3755 αὐτὸς
3216 3696 3335 3756 τοὺς
3375 3691 3666 3759 Ἰουδαίους
3704 3695 3776 3759 εἰς
3800 3700 3886 3750 τὸν

2289 3782 2425 3834 κατὰ
2464 3787 2556 3834 τοῦ
2608 3789 2843 3856 Σωτῆρος
2892 3785 3039 3855 φόνον
3088 3784 3401 3859 παρεθηγεν,
3434 3784 3535 3837 ὑπὸ
3580 3791 3674 3848 τῆς
3705 3786 3886 3839 εαυτοῦ

2288 3872 2477 3933 κακίας
2497 3874 2745 3943 νικώμενο
2755 3890 2793 3932 ς.

2360 3958 2511 4014 Ἐστι
2570 3956 2629 4013 δε
2675 3964 2766 4013 καί
2804 3958 2987 4033 ἑτέρως
3043 3959 3220 4029 εἰπεῖν,
3260 3961 3338 4015 ὅτι
3377 3959 3485 4015 imi
3528 3968 3752 4027 Σατανᾶς

2290 4048 2317 4100 ό
2371 4046 2716 4121 ἀντικείμενος
2778 4048 3130 4122 ἑρμηνεύεται,
3172 4054 3363 4126 Πέτρος
3411 4046 3490 4117 δε,
3538 4051 3746 4105 κωλύων
3801 4056 3885 4107 τὸν

2290 4140 2521 4209 Χριστὸν
2594 4135 2887 4204 ἀποθανεῖν,
2949 4138 3044 4191 οὐκ
3115 4138 3421 4199 ἠκουλούθει
3491 4148 3564 4193 τῶ
3641 4140 3884 4215 θελήματι

2291 4224 2473 4293 αὐτοῦ,
2530 4224 2641 4278 ἀλλ’
2704 4224 2981 4297 ἀντὶκειτο,
3031 4232 3161 4301 φησὶ
3212 4231 3341 4304 πρὸς
3400 4228 3555 4282 αὐτὸν
3607 4230 3633 4283 6
3688 4236 3879 4306 Σωτήρ·

2289 4312 2485 4387 Ὕπαγε
2536 4312 2705 4367 ὀπίσω
2765 4334 2886 4388 μου,
2938 4324 3156 4387 Σατανᾶ,
3217 4320 3503 4391 τουτέστιν,
3559 4318 3881 4376 Ἀκουλούθει

2289 4422 2401 4477 μοι,
2433 4401 2765 4477 ἀντικείμενε.

2362 4489 2656 4547 Σκάνδαλόν
2703 4513 2804 4567 μου
2864 4493 2926 4548 εἶ.
2988 4492 3271 4569 Ἐμπόδιόν
3312 4516 3414 4569 μου
3458 4504 3546 4549 νῦν
3610 4497 3869 4570 ὑπάρχεις,

2291 4581 2630 4656 ἀντικείμενος
2658 4592 2730 4655 τῷ
2752 4583 2857 4657 ἐμῷ
2885 4584 2999 4643 θελή
3005 4605 3151 4657 ματι.
3177 4582 3305 4640 Εἶτα
3319 4585 3454 4660 λέγει
3474 4591 3563 4640 καὶ
3580 4590 3669 4645 τὴν
3689 4584 3868 4653 αἰτίαν,

2292 4668 2365 4725 δι’
2388 4674 2448 4731 ἣν
2476 4671 2730 4725 ἀντέκειτο
2744 4718 2756 4729 .

2360 4758 2478 4813 Ὀτι
2534 4791 2599 4802 -
2658 4759 2957 4836 ἀνθρώπων.
3017 4769 3201 4830 Τοῦτο,
3252 4768 3402 4837 φησὶ,
3454 4767 3705 4837 πάσχεις,
3747 4761 3877 4818 διότι

2290 4847 2349 4901 οὐ
2407 4855 2601 4922 φρονεῖς
2673 4852 2869 4917 θεῑκῶς,
2930 4849 3039 4903 ἀλλ’
3109 4850 3456 4925 ἀνθρωπίνως.
3513 4853 3575 4906 Εἰ
3636 4856 3727 4927 μεν
3787 4856 3876 4929 γὰρ

2290 4936 2512 5011 ἐφρόνεις
2566 4934 2695 5008 θεῖα,
2765 4937 2971 5003 ἀνάξιόν
3025 4959 3125 5014 μου
3181 4942 3424 5015 ενόμισας
3464 4942 3524 4994 ἄν
3568 4946 3725 5017 τόμή
3756 4942 3877 4998 ἀπο-

607 5053 654 5129 ?“
682 5055 857 5135 itare.
902 5070 940 5121 ι,
981 5057 1070 5111 '25.
1149 5055 1198 5092 ὀ
1237 5055 1436 5126 Matth,
1493 5071 1617 5124 vui,
1666 5056 1757 5115 26.
1836 5057 1880 5095 ³³
1936 5060 2112 5118 Marc.
2169 5075 2286 5133 vm,
2333 5061 2421 5121 30.
2500 5064 2548 5101 θ’
2596 5062 2743 5120 ibid.
2808 5068 2896 5122 33.
2975 5067 3023 5102 ”
3061 5065 3270 5125 Matth.
3314 5067 3560 5135 xIx,13.
3638 5068 3876 5127 "Marc.

532 5120 653 5194 vui,
681 5126 770 5181 33.

1782 5228 2001 5337 Variae
2046 5228 2372 5301 lectiones
2422 5241 2487 5302 et
2526 5243 2729 5302 notae.

608 5362 724 5447 (2_8)
768 5363 934 5446 Forte
983 5362 1079 5422 hic
1135 5364 1366 5440 excidit,
1395 5386 1471 5426 τι.
1514 5367 1752 5429 Videtur
1802 5370 1865 5429 id
1896 5372 2183 5447 reperisse

532 5433 877 5493 Hentenius.

603 5557 725 5635 (bb)
755 5559 997 5622 Videtur
1034 5564 1264 5640 legisse,
1295 5566 1359 5629 ὡς
1384 5570 1479 5641 γ*ιὴ
1492 5584 1599 5628 σιος
1628 5566 1790 5642 φίλος.

2361 5376 2476 5451 (29)
2506 5379 2614 5451 Σὸι,
2646 5377 2878 5439 omittit.
2903 5379 2966 5440 Β.
