4186 6318
287 335 398 393 4τὸ

295 463 465 517 θανεῖν
512 479 576 534 με
658 459 784 532 ὖπὶρ
867 464 959 512 τοῦ
1031 461 1233 533 κόσμου

294 550 606 625 ἀνθρώπινα,
680 546 883 614 ἀνᾶξιόν
941 567 1040 621 μου
1118 553 1304 624 κρίνεις
1359 548 1548 622 μᾶλλον
1595 549 1654 602 τὸ
1693 545 1885 600 ἀποθα-

293 647 392 693 νεῖν
422 658 502 712 με.

365 731 431 782 Σὺ
460 725 521 781 δέ
565 746 654 800 μοι
704 725 860 801 βλέπε
905 729 991 780 τὸν
1041 730 1140 801 πρὸ
1193 734 1382 801 μικροῦ
1433 726 1632 800 μεγάλα
1668 745 1887 800 μακαρι-

300 818 530 890 ζόμενον,
598 823 685 868 νῦν
751 815 951 889 μεγάλα
1002 816 1455 889 ἓπιπληττόμενον,
1518 816 1589 878 εἰς
1635 835 1889 869 καταστοο

289 907 378 964 λήν
430 925 488 959 τε
547 914 645 968 τῆς
725 905 1022 981 παρῥησίας
1100 907 1280 973 αὑτοῦ,
1332 910 1421 958 καὶ
1483 907 1565 958 ἵνα
1616 907 1785 979 μάθῃς
1830 907 1888 957 τὸ

288 994 772 1068 ἁπροσωπό).ηπτον
819 1002 910 1048 τοῦ
963 1003 1214 1070 Σωτῆρος.
1265 994 1388 1048 Ὀτε
1429 998 1519 1068 μεν
1570 997 1670 1067 γὰρ
1729 994 1890 1069 ὀρθῶς

286 1088 512 1158 εἴρηκεν,
560 1083 896 1160 ἐμακάρεισεν
936 1084 1090 1137 αὐτόν
1137 1101 1148 1114 ·
1185 1087 1266 1138 ὅτε
1310 1081 1370 1138 δε
1400 1084 1494 1137 οὐκ
1538 1083 1701 1159 ὀρθῶς
1732 1081 1886 1150 εἶπεν,

290 1172 561 1237 ἐπέπληξε.
625 1178 724 1227 Καὶ
787 1173 952 1247 ὀρθῶς
997 1177 1087 1247 μὶν
1164 1177 1384 1250 εἴρηκεν,
1442 1177 1490 1226 έν
1557 1175 1629 1234 οἷς
1686 1172 1889 1226 ἀποκά-

290 1261 452 1333 λυψιν
498 1265 662 1316 θεόθεν
721 1259 933 1327 ἐδέξατο
968 1283 981 1297 ·
1041 1263 1134 1318 οὐκ
1185 1263 1351 1341 ὀρθῶς
1404 1260 1463 1318 δε
1518 1260 1670 1330 εἶπεν,
1728 1261 1775 1315 έν
1819 1261 1892 1325 οἷς

297 1353 494 1407 οἴκοθεν
523 1351 820 1427 ἐφθέγξατο.

364 1551 491 1602 Τότε
549 1579 619 1590 —
679 1567 792 1621 μοι.
848 1550 1056 1622 Μάρκος
1109 1545 1170 1603 δε
1215 1553 1305 1602 καὶ
1363 1555 1567 1611 Λουκᾶς
1619 1569 1748 1623 φασι
1803 1553 1892 1602 καὶ

295 1640 423 1711 πρὸς
473 1639 560 1690 τὸν
639 1636 817 1710 ὄχλον,
889 1642 979 1690 καὶ
1032 1637 1205 1702 ἁπλῶς
1281 1642 1407 1714 πρὸς
1474 1641 1674 1701 πάντας
1728 1646 1896 1691 ταῦτα

298 1726 458 1779 εἰπεῖν
508 1725 680 1781 αὐτόν.
726 1723 850 1780 Εἷπε
901 1723 961 1780 δε
1007 1735 1176 1780 ταῦτα
1227 1727 1470 1801 βεϐαιῶν,
1521 1729 1602 1782 ὅτι
1653 1728 1711 1781 οὐ
1741 1732 1894 1802 μόνον

296 1812 392 1866 οὐκ
436 1817 575 1867 ἔστιν
623 1813 841 1888 ἆπρεπὶς
919 1819 978 1869 τὸ
1036 1815 1308 1870 ἀποθανεῖν
1373 1817 1548 1885 αὐτὸν,
1615 1817 1722 1869 ἀλλ’
1771 1814 1896 1871 οὐδε

297 1899 525 1956 δύναταί
552 1924 629 1965 τις
659 1903 785 1958 εἶναι
841 1904 1000 1958 αὐτοῦ
1050 1908 1313 1978 μαθηηὴς,
1369 1905 1453 1960 ἐὰν
1504 1911 1576 1980 μὴ
1624 1911 1713 1959 καὶ
1743 1907 1898 1969 αὐτὸς

297 1989 531 2067 ἀποθάνῃ
591 1994 715 2069 ὑπὲρ
754 2001 846 2046 τοῦ
900 1995 1080 2050 καλοῦ.
1144 1999 1202 2050 Εἴ
1255 2016 1328 2057 νις
1378 1997 1500 2070 γὰρ,
1563 2000 1716 2068 φησὶ,
1767 1995 1896 2049 θέλει

299 2079 470 2134 ὀπίσω
536 2102 635 2155 μου
715 2082 893 2153 έλθεῖν,
970 2088 1152 2156 ἤγουν,
1236 2083 1593 2144 ἀκολουθῆσαί
1644 2105 1754 2158 μοι,
1832 2088 1897 2145 ὡς

295 2172 538 2243 μαθητὴς
597 2175 686 2225 καὶ
765 2177 1021 2246 μιμητὴς,
1078 2172 1473 2248 ἀπαρνησάσθω
1528 2175 1706 2227 ἑαυτὸν
1759 2175 1895 2246 (30),

295 2259 428 2331 λέγω
456 2256 547 2326 δὴ,
600 2264 658 2313 τὸ
703 2259 889 2314 ἑαυτοῦ
945 2261 1159 2334 θέλημα,
1214 2267 1273 2316 τό
1323 2260 1618 2336 φιλήδονον,
1667 2266 1725 2316 τὸ
1757 2262 1897 2337 φιλό-

292 2349 445 2422 ζωόν,
481 2353 512 2408 ἧ
545 2351 602 2402 τὸ
649 2348 835 2402 ἑαυτοῦ
894 2359 1065 2423 σῶμα,
1113 2357 1185 2424 μὴ
1239 2349 1538 2424 φειδόμενος
1589 2352 1745 2405 αὑτοῦ
1794 2373 1893 2405 κα-

289 2442 654 2512 κουχουμένου
696 2443 786 2492 καὶ
831 2438 1270 2512 βασανιζομένου,
1317 2441 1424 2495 ἀλλ’
1473 2439 1721 2506 ἐκδιδοὺς
1767 2442 1893 2495 αὐτὸ

291 2524 552 2589 κινδύνοις
612 2544 626 2559 ⁶
685 2534 775 2581 καὶ
827 2526 1002 2604 ἀράτω
1071 2534 1156 2583 τὸν
1207 2535 1430 2604 σταυρὸν
1499 2532 1678 2599 αὐτοῦ,
1733 2536 1892 2604 ἤγουν

299 2616 612 2692 βασταζέτω
670 2615 754 2670 ἐπὶ
803 2622 1014 2691 μνήμης
1081 2623 1176 2678 τὴν
1229 2618 1491 2694 ἀναίρεσιν
1543 2620 1748 2675 ἑαυτοῦ.
1799 2624 1894 2675 Διά

297 2713 388 2760 τοῦ
420 2712 649 2781 σταυροῦ
695 2709 796 2782 γὰρ
853 2712 948 2767 τὴν
1001 2707 1262 2784 ἀναίρεσιν
1317 2707 1567 2776 ἐδήλωσε,
1604 2707 1745 2764 διότι
1780 2715 1894 2764 τότε

296 2795 607 2871 ἀναιρέσεως
654 2792 715 2854 ἦν
762 2799 977 2871 ὄργανον
1016 2799 1042 2850 ὁ
1091 2802 1316 2874 σταυρὸς
1372 2816 1385 2830 ο
1421 2798 1499 2853 ἀεὶ
1542 2798 1893 2874 προσδοκάτω

293 2889 388 2943 τήν
449 2887 647 2957 σφαγὴν
727 2883 931 2952 ἑαυτοῦ,
997 2887 1216 2941 πάντοτε
1275 2888 1478 2962 ἕτοιμος
1556 2891 1690 2944 ἴστω
1766 2892 1893 2965 πρὸς

299 2975 540 3040 θάνατον,
620 2977 708 3028 καὶ
762 2976 1090 3036 καθεκάστην
1150 2975 1522 3038 ἀποθνησκέτω
1573 2987 1635 3052 τῇ
1700 2999 1893 3056 προαι-

294 3082 459 3139 ρεσει.

369 3157 470 3207 Καὶ
530 3151 710 3229 ἑτέρως
764 3149 823 3207 δε
878 3156 936 3207 τὸ
990 3158 1154 3230 παρὸν
1208 3160 1605 3232 ηρμηνεύσαμεν
1646 3159 1806 3235 ῥητὸν
1845 3159 1962 3219 ἕνα

295 3250 367 3313 τῷ
424 3239 864 3315 ἐννεακαιδεκάτῳ
937 3244 1217 3318 κεφαλαίῳ.
1283 3251 1465 3301 Σκόπει
1525 3246 1604 3315 δε,
1658 3257 1769 3313 πῶς
1829 3249 1896 3303 εἶ-

298 3350 406 3386 πεν.
440 3331 499 3385 Εἰ
540 3351 616 3392 τις
666 3330 816 3400 θέλει,
877 3333 974 3385 κάν
1027 3333 1176 3407 ἀνὴρ,
1233 3337 1328 3388 κάν
1373 3341 1528 3408 γυνὴ,
1565 3338 1661 3390 κᾶν
1690 3339 1892 3413 ἄρχων,

299 3420 394 3471 κάν
423 3421 713 3494 ἀρχόμενος
747 3439 760 3454 ο
812 3425 918 3487 καὶ,
976 3421 1060 3474 ἐὰν
1094 3423 1208 3496 θέλῃ

300 3510 635 3581 καταναγκάζ
638 3529 680 3562 ει
738 3526 752 3540 ⁸

1274 3442 1285 3454 ·
1337 3422 1524 3479 οὐδένα
1551 3430 1653 3502 γὰρ
1706 3426 1898 3482 ἄκοντα

812 3510 895 3562 ἵνα
939 3507 997 3564 δε
1050 3517 1121 3584 μὴ
1177 3518 1420 3587 νομίσῃς,
1481 3517 1558 3568 ὅτι
1613 3519 1672 3569 τὸ
1725 3524 1897 3578 κακῶς

299 3599 530 3671 πάσχειν
570 3603 723 3671 μόνον
771 3596 935 3674 ἀρκεῖ·
989 3606 1075 3655 καὶ
1125 3604 1224 3676 γὰρ
1277 3607 1366 3657 καὶ
1416 3603 1610 3678 λῃσταὶ
1655 3609 1744 3658 καὶ
1771 3625 1898 3679 τυμο

301 3687 540 3763 ϐωρὺχοι
594 3693 684 3741 καὶ
737 3691 920 3759 ’γόητες
973 3695 1065 3743 καὶ
1120 3690 1266 3745 ἄλλοι
1318 3699 1536 3768 πονηροὶ
1591 3697 1897 3768 πάσχουσι-

301 3780 469 3850 μυρία
524 3792 537 3806 ⁸
577 3778 918 3851 προσέθηκεν,
982 3780 1063 3832 ὅτι
1116 3785 1216 3834 Καὶ
1280 3780 1622 3837 ἀκολουθειτω
1675 3805 1786 3857 μοι,
1819 3781 1899 3837 δι-

302 3863 538 3931 δάσκων,
570 3865 651 3918 ὃτι
706 3871 814 3941 χρὴ
861 3871 931 3940 μὴ
987 3872 1142 3941 μόνον
1196 3877 1414 3924 τοιαῦτα
1464 3875 1716 3946 πάσχειν.
1774 3872 1900 3926 ἀλλά

299 3957 394 4007 καὶ
424 3951 715 4007 ἀκολουθεῖν
764 3953 923 4027 αὐτῷ,
973 3961 1229 4031 τουτέστι,
1258 3960 1372 4012 κατ’
1399 3964 1550 4034 ἴχνος
1580 3961 1777 4036 βαίνειν
1806 3971 1902 4026 τῆς

299 4042 566 4104 πολιτείας
594 4042 772 4103 αὐτοῦ,

374 4131 470 4193 ’ος
506 4163 576 4173 -
629 4131 811 4192 αὐτήν.
866 4138 1055 4208 Εἵρηκε
1111 4143 1278 4191 ταῦτα
1345 4144 1434 4194 καὶ
1491 4140 1542 4194 έν
1615 4150 1688 4213 τῷ
1737 4142 1897 4197 έννεα-

301 4216 596 4293 καιδεκάτῳ
653 4221 934 4296 κεφαλαίῳ,
1017 4230 1106 4279 καὶ
1181 4226 1410 4288 ζήτησον
1481 4229 1530 4282 ἐν
1588 4229 1758 4305 έκείνῳ
1805 4237 1900 4292 τὴν

303 4311 494 4363 τούτων
531 4309 802 4384 έξήγησιν,
835 4314 1049 4388 Μάρκος
1087 4312 1148 4369 δέ
1192 4336 1370 4390 φησιν,
1418 4318 1614 4374 Ἕνεκεν
1657 4321 1782 4395 ἐμοῦ
1809 4326 1900 4377 καὶ

302 4407 393 4486 τοᾷ
422 4399 760 4473 romam,
810 4406 1070 4473 τουτέστι,
1118 4401 1192 4458 δι’
1240 4405 1326 4480 έμε
1364 4414 1454 4462 καὶ
1497 4407 1590 4464 διὰ
1649 4416 1742 4471 τὴν
1773 4411 1899 4486 έμην

301 4484 675 4546 διδασκαλίαν.

365 4581 429 4636 Τί
473 4582 576 4654 γὰρ
634 4609 707 4622 —
762 4581 1001 4654 ζημιωθῇ
1045 4598 1059 4650 ;
1148 4580 1428 4640 Ἀδύνατον
1501 4592 1592 4661 μὲν
1643 4591 1729 4644 ἕνα
1785 4596 1902 4647 τινὰ

293 4670 381 4720 τὸν
433 4672 634 4741 κόσμον
680 4667 796 4722 ὅλον
846 4667 1146 4744 κερδῆσαι’
1202 4674 1246 4726 εἰ
1293 4672 1353 4728 δε
1405 4681 1492 4730 καὶ
1551 4676 1768 4733 δυνατὸν
1815 4679 1897 4753 ἧν,

300 4753 452 4809 οὐδὲν
479 4755 673 4827 ὄφελος,
719 4759 798 4810 Τὰ
851 4761 943 4832 μὲν
990 4762 1092 4835 γὰρ
1148 4769 1239 4815 τοῦ
1294 4768 1494 4839 κόσμου
1539 4771 1709 4822 πάντα
1740 4774 1902 4831 θνητά

305 4843 457 4937 εἰσιν,
488 4845 535 4937 ἡ,
578 4842 638 4897 δε
675 4845 829 4919 ψυχὴ
881 4847 1152 4913 ἀθάνανος.
1219 4856 1319 4905 Καὶ
1371 4858 1569 4908 τούτων
1599 4861 1688 4930 μὲν
1728 4862 1756 4918 ἠ
1791 4865 1900 4937 τέρ-

306 4931 400 5003 ψις
441 4935 756 5008 πρόσκαιρος
789 4952 802 4966 ’
836 4940 1028 5000 ταύτης
1072 4938 1132 4993 δε
1178 4941 1209 4999 ἠ
1247 4941 1476 5006 κόλασις.
1519 4945 1743 5012 αἰώνιος.
1777 4931 1903 5004 Εἶτα

308 5020 569 5111 αὔξει-τὸν
599 5021 768 5093 φόϐον.
817 5028 980 5081 Είωθε
1022 5030 1123 5105 γὰρ
1168 5029 1391 5085 ἐντεῦθεν
1443 5034 1633 5107 μᾶλλον
1665 5036 1900 5111 βελτιοῡν

305 5113 426 5173 τοὺς
455 5107 730 5186 ἀκροατάς,

374 5300 423 5335 ’⁵
452 5299 627 5357 Marc.
659 5317 777 5368 vm,
819 5303 890 5361 3t
922 5319 936 5372 ;
979 5305 1118 5378 Luc,
1146 5323 1230 5366 ix.
1265 5313 1351 5368 23.
1430 5314 1479 5350 9°
1506 5315 1678 5372 Marc.
1721 5335 1839 5387 vm,
1873 5287 1965 5380 3.5.

1217 332 1592 393 COMMENT.
1639 329 1710 386 IN
1751 323 2204 386 ΜΑΤἸἮᾸΞΗΜ.
2246 359 2315 371 -—
2352 329 2512 387 CAP.
2559 328 2710 386 XVI.

3539 315 3646 374 474

1309 475 1324 490 ⁸
1385 458 1492 513 ἰπεὶ
1573 452 1632 512 δε
1689 461 1887 530 φρονεῖς

2007 456 2216 513 moriar
2235 470 2344 529 pro
2360 455 2581 512 mundo
2603 454 2773 527 :quia
2787 467 2928 510 vero
2949 451 3219 509 humana
3239 445 3425 524 sapis,
3447 442 3646 518 potius

1993 545 2311 618 indignum
2342 560 2438 602 me
2457 542 2698 616 judicas
2727 544 2833 617 qui
2861 542 3102 600 moriar.

2066 747 2148 800 Tu
2166 759 2307 800 vero
2338 741 2485 799 mibi
2506 739 2817 798 considera
2847 755 2985 795 eum
3010 738 3113 811 qui
3138 735 3320 809 paulo
3351 737 3488 790 ante
3519 747 3644 789 ma-

1996 833 2156 890 xime
2185 833 2396 889 beatus
2423 832 2778 904 praedicatus
2797 833 2900 895 est,
2931 844 3086 882 nunc
3105 826 3363 882 maxime
3381 826 3649 895 increpa-

1998 927 2144 986 tum,
2173 927 2228 978 et
2254 921 2331 978 ad
2351 920 2785 992 correptionem
2808 933 2927 972 suae
2949 917 3238 980 audaciae,
3265 919 3325 970 et
3351 918 3414 970 ut
3437 911 3648 969 intelli-

1999 1026 2107 1082 gas
2121 1010 2282 1084 quod
2297 1012 2564 1068 Salvator
2575 1024 2695 1064 non
2709 1007 2783 1063 sit
2797 1020 3187 1078 personarum
3201 1007 3475 1074 acceptor
3491 1019 3504 1067 ;
3520 1016 3650 1056 cum

2000 1099 2160 1156 enim
2187 1103 2340 1156 recte
2369 1099 2602 1155 locutus
2639 1100 2750 1161 est,
2783 1097 3022 1151 beatum
3061 1092 3402 1166 prmdicavit
3432 1089 3601 1145 illum
3633 1106 3648 1154 ;

2000 1189 2240 1261 quando
2267 1192 2461 1245 autem
2490 1203 2610 1242 non
2629 1189 2807 1250 recte,
2830 1183 3183 1256 increpavit.
3210 1184 3381 1237 Recte
3405 1177 3653 1251 quidem

2000 1278 2234 1335 locutus
2251 1277 2408 1333 estin
2427 1276 2516 1331 bis
2533 1291 2668 1348 quae
2685 1289 2791 1347 per
2806 1272 3228 1330 revelationem
3252 1269 3535 1325 divinitus
3556 1280 3652 1322 ac-

2001 1368 2156 1442 cepit
2187 1384 2202 1434 ;
2239 1382 2362 1424 non
2409 1372 2567 1423 recte
2601 1381 2738 1421 vero
2769 1364 3005 1421 locutus
3036 1366 3145 1429 est,
3190 1361 3252 1417 in
3295 1358 3390 1415 his
3441 1372 3573 1429 quae
3617 1370 3656 1412 a

2000 1459 2195 1531 seipso
2225 1456 2388 1514 dixit.

2073 1548 2237 1604 Vera.
2260 1549 2348 1603 24.
2375 1546 2539 1601 Tunc
2553 1573 2623 1586 --
2639 1558 2747 1600 me.
2767 1543 2995 1599 Marcus
3012 1542 3068 1596 et
3090 1541 3276 1596 Lucas
3287 1536 3454 1594 aiunt
3474 1534 3655 1592 etiam

2003 1636 2082 1696 ad
2119 1636 2327 1693 turbas
2356 1639 2414 1691 et
2451 1632 2795 1706 simpliciter
2827 1630 2907 1687 ad
2949 1644 3160 1685 omnes
3195 1628 3321 1683 haec
3364 1625 3532 1681 illum
3570 1623 3656 1679 di-

2002 1727 2162 1783 xisse
2192 1726 2260 1780 ".
2306 1723 2456 1781 Dixit
2485 1727 2686 1779 autem
2713 1721 2862 1785 haec,
2907 1717 3269 1776 conﬁrmans
3299 1729 3420 1771 non
3458 1713 3655 1770 solum

1924 1803 1970 1860 Β
2006 1831 2127 1873 non
2169 1829 2301 1871 esse
2361 1812 2646 1868 indecens
2691 1815 2754 1867 ut
2794 1810 2921 1882 ipse
2965 1806 3271 1874 moriatur,
3317 1803 3423 1860 scd
3459 1817 3656 1876 neque

2006 1921 2184 1979 posse
2208 1903 2556 1978 quempiam
2580 1917 2758 1957 suum
2783 1915 2915 1955 esse
2943 1896 3322 1969 discipulum,
3347 1894 3458 1950 nisi
3484 1897 3540 1949 et
3559 1893 3657 1948 ille

2007 1995 2297 2053 moriatur
2321 2008 2430 2065 pro
2452 1992 2706 2048 honesto
2736 2007 2748 2045 :
2773 1989 2842 2046 Si
2860 1988 3010 2060 quis,
3037 1985 3249 2057 inquit,
3273 1985 3400 2040 vult
3426 1987 3659 2052 postme

2007 2084 2355 2152 venire,sive
2369 2080 2535 2154 sequi
2551 2095 2645 2135 me
2659 2083 2948 2150 tanquam
2964 2073 3289 2146 discipulus
3303 2075 3360 2128 et
3372 2071 3650 2136 imitator,

2005 2175 2247 2244 abneget
2263 2167 2779 2242 semetipsum,dico
2796 2181 2939 2222 sane
2953 2164 3044 2220 sui
3057 2162 3250 2236 ipsius
3264 2160 3652 2224 voluntatem;

2003 2263 2449 2335 volumptatum
2471 2276 2536 2314 ac
2558 2259 2692 2314 vitae
2709 2271 2999 2319 amorem,
3019 2257 3122 2311 aut
3146 2267 3319 2306 suum
3344 2249 3655 2322 proprium

2003 2370 2240 2426 corpus,
2262 2367 2382 2406 non
2397 2364 2646 2423 parcens
2658 2346 2738 2402 illi
2751 2341 3046 2401 laboranti
3059 2346 3114 2397 et
3125 2341 3342 2403 afﬁcto,
3360 2339 3498 2393 sede
3511 2353 3656 2409 xpo-

2001 2425 2119 2500 nati
2143 2441 2288 2497 illud
2314 2437 2591 2513 periculis
2624 2453 2637 2503 ;
2672 2442 2726 2492 et
2756 2435 2926 2490 tollat
2952 2446 3181 2487 crucem
3209 2444 3396 2495 suam,
3432 2427 3554 2482 sive
3575 2425 3656 2481 fe-

2001 2537 2093 2589 rat
2105 2531 2166 2587 in
2179 2529 2470 2586 memoria
2481 2541 2653 2582 suam
2669 2527 2941 2580 mortem.
2957 2521 3065 2576 Per
3076 2534 3313 2576 crucem
3328 2516 3486 2572 enim
3503 2530 3655 2571 mor-

2003 2626 2120 2679 tem
2134 2617 2505 2691 signiﬁcavit,
2520 2615 2663 2689 quia
2676 2619 2815 2671 tunc
2831 2611 3037 2668 mortis
3055 2609 3515 2666 instrumentum
3529 2606 3655 2661 erat

2003 2727 2149 2767 crux
2183 2726 2198 2776 ;
2228 2721 2466 2780 semper
2494 2705 2586 2762 sui
2614 2703 2802 2778 ipsius
2829 2701 3050 2759 caedem
3095 2700 3378 2771 expectet,
3414 2708 3655 2766 semper

2003 2799 2083 2856 ad
2122 2802 2376 2856 mortem
2403 2799 2652 2870 paratus
2685 2793 2758 2851 sit
2804 2795 2862 2850 et
2893 2788 3161 2864 quotidie
3185 2785 3492 2844 voluntate
3522 2799 3657 2840 mo-

1997 2888 2202 2947 riatur.

2071 3065 2199 3122 Alio
2223 3065 2402 3123 etiam
2434 3061 2618 3120 modo
2643 3074 2901 3135 presens
2918 3057 3144 3115 dictum
3174 3053 3542 3128 interpretati
3563 3069 3660 3110 su-

2003 3173 2142 3213 mus
2168 3154 2401 3211 decimo
2423 3168 2584 3209 nono
2610 3151 2822 3223 capite.
2848 3148 2991 3205 Vide
3008 3152 3211 3204 autem
3226 3143 3537 3218 quomodo
3566 3142 3660 3199 di-

2003 3244 2149 3303 xerit
2172 3260 2185 3300 :
2214 3242 2430 3316 Siquis
2455 3242 2600 3307 vult,
2623 3240 2747 3296 sive
2765 3239 2875 3305 vir,
2905 3238 3028 3294 sive
3050 3235 3280 3300 mulier,
3305 3235 3427 3289 sive
3445 3232 3655 3305 praesi-

2004 3334 2172 3400 dens,
2191 3333 2310 3389 sive
2327 3331 2429 3405 qui
2455 3331 2605 3387 alius
2625 3328 2921 3402 prmsidet,
2943 3326 2989 3382 si
3011 3325 3172 3381 velit:
3188 3324 3481 3380 neminem
3496 3321 3657 3378 enim

2005 3424 2253 3480 invitum
2279 3421 2455 3492 cogit.
2487 3421 2570 3476 Ne
2598 3424 2771 3491 putes
2801 3420 3002 3474 autem
3031 3413 3198 3488 quod
3229 3412 3387 3469 mala
3417 3409 3540 3483 pati
3561 3425 3660 3467 so-

2004 3515 2130 3570 lum
2158 3511 2433 3580 sufﬁciat,
2472 3525 2617 3567 nam
2647 3515 2702 3565 et
2725 3507 2986 3564 latrones
3021 3509 3077 3561 et
3109 3501 3554 3577 depraedatores
3585 3514 3657 3557 ac

2007 3602 2188 3674 magi,
2212 3601 2429 3674 aliique
2448 3599 2610 3672 pravi
2630 3597 2903 3655 homines
2923 3595 3241 3652 innumera
3253 3589 3658 3664 malapatiun-

2007 3698 2120 3759 tur,
2158 3691 2394 3748 addidit
2428 3706 2441 3746 :
2474 3691 2555 3746 Et
2582 3693 2854 3760 sequatur
2891 3701 3000 3751 me,
3038 3684 3259 3740 docens
3300 3697 3420 3738 non
3460 3679 3656 3737 solum

2007 3785 2280 3854 oportere
2309 3779 2452 3836 talia
2482 3780 2622 3851 pati,
2665 3777 2771 3834 sed
2795 3776 2974 3833 etiam
3007 3790 3067 3831 se
3093 3772 3283 3846 sequi,
3313 3772 3427 3828 hoc
3452 3774 3538 3827 est
3558 3782 3658 3840 per

2008 3869 2257 3942 vestigia
2285 3867 2754 3929 conversationis
2775 3865 2964 3939 ipsius
2983 3863 3275 3921 incedere.

2080 4057 2238 4111 Vers.
2270 4057 2361 4110 25.
2407 4047 2650 4120 Quiquis
2677 4077 2747 4089 —
2776 4061 2921 4103 eam.
2952 4041 3101 4100 Dixit
3131 4040 3311 4098 etiam
3340 4038 3466 4094 haec
3505 4035 3661 4093 deci-

2011 4162 2110 4204 mo
2139 4159 2302 4202 nono
2324 4141 2517 4216 capite
2551 4155 2562 4195 :
2592 4152 2788 4212 quaere
2808 4149 2950 4205 ergo
2970 4132 3053 4189 ibi
3073 4131 3288 4189 horum
3313 4129 3661 4200 interpreta-

2011 4237 2250 4295 tionem.
2272 4236 2498 4292 Marcus
2515 4234 2710 4286 autem
2730 4225 2874 4282 dixit
2895 4242 2908 4282 :
2943 4225 3192 4295 PrOpter
3210 4237 3290 4276 me
3309 4224 3364 4276 et
3382 4218 3662 4287 Evange-

2009 4327 2151 4384 lium
2208 4326 2277 4394 '°,
2337 4323 2452 4380 hoc
2502 4323 2592 4377 est
2645 4320 2888 4392 propter
2934 4329 3032 4372 me
3084 4316 3141 4370 et
3191 4326 3390 4368 meam
3447 4305 3660 4364 doctri-

2008 4432 2175 4474 nam.

1929 4514 1972 4570 ι)
2078 4505 2243 4561 Vers.
2291 4501 2379 4558 26.
2423 4498 2578 4570 Quid
2616 4497 2771 4557 enim
2800 4527 2868 4539 —
2900 4496 3190 4569 iacturam
3230 4489 3441 4563 fecerit
3479 4489 3508 4546 ‘t
3549 4493 3663 4544 Im-

2008 4593 2291 4670 possibile
2320 4591 2566 4664 quidem
2614 4592 2705 4646 est
2749 4585 3101 4660 quempiam
3139 4586 3330 4639 totum
3366 4577 3662 4670 mundum

2010 4669 2352 4742 lucrifacere
2391 4698 2406 4749 ;
2438 4680 2485 4735 si
2524 4685 2727 4735 tamen
2763 4673 3034 4749 possibile
3079 4673 3248 4735 foret,
3295 4669 3461 4725 nulla
3509 4669 3664 4723 esset

2012 4774 2247 4831 utilitas.
2273 4769 2577 4844 Siquidem
2603 4765 2805 4823 omnia
2823 4778 2959 4836 quae
2978 4759 3187 4817 mundi
3214 4763 3372 4827 sunt,
3392 4754 3664 4812 mortalia

2010 4868 2166 4930 sunt,
2199 4843 2403 4920 anima
2432 4873 2575 4915 vero
2613 4851 2966 4912 immortalis
2997 4867 3011 4906 :
3043 4855 3100 4907 et
3134 4850 3351 4905 horum
3384 4858 3530 4900 sane
3565 4843 3665 4900 de-

2009 4953 2239 5010 lectatio
2262 4946 2624 5022 temporalis,
2648 4945 2800 5002 illius
2819 4956 2960 4999 vero
2984 4936 3345 5013 supplicium
3363 4934 3665 5008 sempiter-

2009 5058 2177 5099 num.
2227 5039 2448 5098 Deinde
2490 5039 2664 5110 auget
2704 5037 2763 5091 et
2807 5037 3113 5091 terrorem.
3158 5027 3302 5086 Inde
3348 5026 3508 5086 enim
3545 5024 3668 5099 ple-

2009 5145 2266 5205 rumque
2293 5128 2567 5188 meliores
2595 5123 2845 5185 reddere
2869 5121 3016 5183 solet
3043 5119 3360 5181 auditores.

1516 5493 1741 5568 Variae
1775 5500 2104 5572 lectiones
2138 5508 2206 5569 et
2234 5507 2434 5570 notae.

373 5672 487 5746 (ao)
517 5673 648 5746 xu,
676 5678 831 5745 ante,
856 5675 1008 5752 λέγω,
1049 5680 1238 5743 addit.
1277 5687 1342 5744 Α.
