4186 6318
500 229 605 292 475

569 359 732 414 Vers.
771 361 860 413 26.
900 356 1023 412 Aut
1051 384 1120 398 —
1145 369 1255 412 sua
1280 355 1308 411 ?
1357 353 1415 410 Si
1451 353 1613 420 enim
1655 366 1853 424 neque
1893 347 2160 406 mundus
2192 344 2240 401 A

499 449 658 503 totus
675 444 1146 517 correspondens
1169 448 1256 499 est
1275 442 1494 498 animae
1512 439 1810 507 rationali,
1831 438 1978 511 quid
1996 436 2162 492 dabit

497 534 798 607 quispiam
813 532 1297 589 commutationis
1325 537 1386 586 ut
1403 531 1559 586 hanc
1584 529 1662 584 ab
1687 534 1908 584 aeterno
1930 525 2161 598 suppli-

499 623 590 679 cio
602 622 848 695 eripiat?
861 624 1021 678 Certe
1033 621 1199 677 nihil.
1217 620 1506 678 Omnibus
1521 620 1715 690 itaque
1728 617 1967 687 relictis,
1981 616 2159 686 hujus

499 727 708 768 curam
758 712 975 767 habere
1020 711 1208 766 solius
1259 713 1511 781 oportet,
1567 709 1739 779 cujus
1785 707 2020 777 jactura
2075 711 2162 763 est

498 801 754 857 maxime
777 799 1061 864 mortalis,
1083 804 1139 854 et
1160 799 1238 854 ob
1269 814 1453 870 quam
1472 797 1766 870 perditam
1788 796 1950 852 nulla
1963 801 2161 868 potest

497 891 627 948 dari
658 891 1065 947 commutatio.
1099 891 1168 945 Ut
1195 893 1393 944 autem
1429 888 1658 943 discant
1687 887 1846 959 quod
1876 886 2160 957 segnibus

496 995 620 1036 non
661 995 787 1035 sme
820 979 1043 1034 ultione
1073 978 1181 1034 erit
1224 993 1334 1032 sua
1366 975 1661 1045 segnities,
1706 991 1901 1048 neque
1933 975 2159 1031 sedulis

504 1069 758 1140 praemio
795 1067 1020 1124 carcbit
1061 1082 1169 1122 sua
1211 1067 1516 1133 sedulitas,
1561 1074 1743 1139 utque
1778 1065 1865 1122 illi
1900 1065 2158 1138 amplius

495 1159 845 1221 terreantur,
879 1157 942 1212 hi
980 1171 1120 1212 vere
1151 1156 1448 1228 majorem
1489 1155 1786 1227 accipiant
1811 1155 2160 1212 consolatio-

495 1261 658 1316 nem,
699 1245 840 1302 dicit
875 1261 890 1300 :

568 1336 740 1390 Vers.
798 1335 885 1388 27.
918 1332 1106 1389 Filius
1135 1364 1204 1372 —
1252 1338 1528 1403 operatus
1558 1340 1660 1390 est.
1697 1333 1883 1390 Simul
1913 1332 2160 1389 demon-

498 1423 703 1480 stravit
726 1422 890 1494 quod
920 1421 1196 1478 eamdem
1246 1423 1466 1480 habeat
1497 1440 1636 1479 cum
1667 1424 1836 1480 Patre
1883 1422 2154 1492 gloriam.

497 1513 568 1569 In
594 1513 805 1583 gloria,
829 1511 1040 1582 inquit,
1064 1512 1247 1584 patris
1271 1513 1381 1568 sui.
1415 1513 1586 1579 Quod
1616 1513 1661 1568 si
1680 1512 1956 1569 eamdem
1979 1512 2158 1568 habet

498 1601 772 1672 gloriam,
795 1603 1070 1672 ejusdem
1100 1604 1304 1676 utique
1329 1601 1675 1659 substantiae
1701 1607 1859 1658 estet
1878 1602 2156 1674 potentiae

1821 217 2173 281 EUTHYMII
2206 214 2543 275 ZIGABENI

3795 216 3947 274 476

2340 342 2410 396 ’Ἠ
2455 344 2614 398 αὐτοῦ
2656 361 2669 411 ;
2729 346 2789 400 Εἰ
2842 349 2940 422 γὰρ
2985 343 3101 401 οὐδ’
3154 347 3179 398 ὁ
3243 345 3450 418 σύμπας
3510 348 3714 419 κόσμος
3796 341 3931 398 ἀντ’

2271 433 2413 496 άξιός
2457 432 2569 486 ἐστι
2613 435 2801 507 ψυχῆς
2841 436 3072 509 λογικῆς,
3119 441 3171 489 τί
3218 432 3381 488 δώσει
3410 439 3490 497 τίς
3526 433 3958 505 ἀντάλλαγμα,

2270 525 2404 576 ὥστε
2448 526 2642 581 ταύτην
2688 524 2949 587 ἐξελέσθαι
2994 534 3089 588 τῆς
3142 526 3351 578 αἰωνίου
3407 525 3701 591 κολάσεως;
3788 519 3961 572 ’⁸ον-

2268 632 2370 673 τως
2415 609 2585 667 οὐδέν.
2637 617 2834 666 Λοιπὸν
2885 611 2971 667 οὖν
3023 620 3158 689 χρὴ,
3211 617 3413 667 πάντων
3451 614 3740 685 ἀφεμένους
3812 618 3953 661 τῶν

2269 699 2450 770 ἄλλων,
2533 705 2730 764 ταύτης
2808 703 3160 776 ἐπιμελεῖσθαι
3238 708 3417 776 μόνης,
3483 703 3546 763 ἧς
3613 704 3642 760 ἡ
3708 700 3954 772 ζημία

2267 793 2608 864 καιριωτάτη,
2683 797 2771 844 καὶ
2829 792 2894 854 ἧς
2942 792 3280 865 ἀπολομένης,
3349 792 3440 844 οὐκ
3492 793 3607 843 ἔστι
3666 786 3946 842 δοῦναι-

2269 878 2619 952 ἀντάλλαγμα.
2676 879 2788 934 Ἵνα
2841 878 2899 934 δὲ
2961 883 3191 954 μάθοιεν,
3245 883 3327 934 ὅτι
3376 884 3491 933 οὔτε
3552 886 3658 940 τοῖς
3718 880 3944 954 (suae-

2265 988 2385 1040 μοις
2438 967 2762 1045 ἀτιμώρητον
2817 973 2964 1024 ἔσται
2994 975 3050 1023 τὸ
3075 973 3328 1047 ῥᾴθυμον,
3379 973 3492 1022 οὔτε
3547 975 3657 1031 τοῖς
3703 987 3940 1020 σπου-

2271 1053 2444 1118 δαίοις
2495 1057 2780 1133 ἀγέραστον
2834 1063 2891 1112 τὸ
2958 1057 3267 1127 σπουδαῖον,
3327 1063 3416 1112 καὶ
3462 1058 3544 1110 ἳνα
3591 1057 3673 1111 ἐπὶ
3731 1056 3933 1110 πλέον

2269 1144 2446 1200 ἐκεῖνοι
2531 1151 2620 1221 μὲν
2700 1148 3019 1221 φοϐηθῶσιν,
3093 1150 3236 1202 οὗτοι
3293 1145 3352 1202 δὲ
3430 1150 3931 1222 παρηγορηθῶσι,

2271 1241 2443 1307 φησί’

2339 1325 2524 1379 Μέλλει
2553 1357 2622 1368 --
2663 1329 2799 1380 κατά
2844 1331 2938 1386 τὴν
2981 1328 3169 1403 πρᾶξιν
3239 1327 3418 1381 αὐτοῦ.
3467 1325 3612 1397 Ἀμα
3646 1325 3928 1395 ἐνέφηνε,

2267 1419 2356 1466 καὶ
2387 1416 2467 1466 ὅτι
2497 1424 2592 1477 τῆς
2621 1415 2784 1478 αὐτῆς
2808 1424 2879 1487 τῷ
2919 1421 3088 1492 Πατρὶ
3132 1413 3290 1479 δόξης
3324 1415 3483 1471 ἐστίν.
3518 1417 3598 1468 Ἐν
3641 1423 3704 1488 τῇ
3751 1412 3923 1487 δόξῃ

2265 1506 2388 1576 γὰρ,
2423 1509 2572 1575 φησὶ,
2623 1511 2714 1557 τοῦ
2756 1510 2956 1580 Πατρός
2997 1506 3175 1560 αὐτοῦ.
3211 1507 3271 1557 Εἰ
3302 1502 3360 1558 δὲ
3389 1512 3486 1566 τῆς
3515 1505 3678 1564 αὐτῆς
3712 1499 3924 1566 δόξης

2267 1594 2398 1658 ἐστὶ,
2422 1601 2516 1654 τῆς
2564 1593 2724 1656 αὐτῆς
2752 1597 2855 1667 ἄρα
2905 1600 2994 1647 καὶ
3043 1595 3222 1655 ούσίας
3253 1593 3386 1661 ἐστὶ,
3437 1593 3525 1646 καί
3576 1590 3921 1664 δυνάμεως,

496 1707 566 1748 ac
592 1690 915 1748 divinitatis
950 1708 963 1747 :
991 1710 1250 1766 quorum
1285 1692 1442 1748 enim
1469 1691 1658 1762 gloria
1682 1696 1772 1748 est
1791 1691 2024 1758 eadem,
2052 1691 2156 1748 ho-

2266 1687 2354 1733 καὶ
2388 1683 2641 1743 θεότητος.
2675 1683 2770 1736 Ὧν
2798 1686 2899 1759 γὰρ
2929 1680 3059 1747 δόξα
3107 1685 3136 1742 ἠ
3186 1683 3340 1754 αὐτὴ,
3392 1686 3586 1735 τούτων
3630 1681 3737 1756 ἆρα
3804 1686 3920 1734 καὶ

493 1795 650 1846 rum,
693 1784 750 1836 et
779 1786 983 1837 czetera
1007 1798 1253 1855 quoque
1286 1785 1425 1836 sunt
1456 1787 1690 1836 eadem.

567 1885 711 1942 Vers
725 1932 737 1944 .
762 1887 851 1944 28.
871 1889 1059 1946 Amen
1074 1923 1136 1932 —
1150 1890 1214 1945 in
1233 1905 1397 1958 regno
1421 1903 1541 1943 suo.
1563 1887 1888 1959 Potsquam
1910 1889 1984 1944 de
2007 1888 2158 1959 seip-

497 1991 564 2030 so
591 1975 758 2042 dixit,
787 1978 953 2048 quod
977 1978 1242 2034 futurum
1281 1981 1368 2032 est
1395 1983 1458 2031 ut
1487 1976 1687 2031 veniat
1716 1975 1774 2029 in
1799 1975 1987 2044 gloria
2019 1993 2155 2032 cum

497 2064 765 2120 satellitio
791 2081 858 2120 ac
882 2067 1166 2122 comitatu
1181 2065 1652 2138 etpraemissione
1671 2065 2042 2132 angelorum,
2063 2082 2159 2121 co-

498 2153 663 2226 gnito
675 2155 840 2225 quod
857 2155 1133 2228 discipuli
1147 2156 1220 2212 de
1235 2155 1350 2212 hoc
1369 2170 1646 2210 sermone
1664 2153 2003 2210 difﬁderent
2020 2171 2158 2211 con-

495 2243 696 2299 ﬁrmat
716 2241 882 2299 illum
909 2245 1278 2316 praemittens
1301 2244 1436 2317 (cc),
1469 2244 1632 2316 quod
1664 2259 1785 2299 non
1819 2243 2004 2300 multo
2027 2250 2157 2316 post

494 2332 744 2405 quidam
793 2349 856 2388 se
884 2333 1062 2390 visuri
1095 2338 1287 2390 essent
1316 2334 1377 2388 in
1416 2333 1604 2403 gloria
1639 2354 1648 2398 ;
1683 2333 1838 2388 hanc
1877 2335 2038 2390 enim
2071 2351 2158 2391 re-

495 2435 684 2490 gnum
704 2437 861 2477 nunc
887 2423 1132 2478 vocavit.
1165 2421 1554 2492 Signiﬁcabat
1582 2426 1784 2478 autem
1815 2439 1938 2478 sure
1968 2426 2156 2480 trans-

492 2510 866 2565 formationis
908 2511 1311 2583 splendorem,
1341 2528 1523 2584 quem
1556 2515 1693 2583 post
1717 2513 1892 2567 breve
1919 2516 2154 2585 tempus

493 2597 1006 2655 demonstraturus
1024 2606 1148 2657 erat
1179 2605 1364 2667 Petro,
1390 2601 1616 2656 Jacobo
1635 2606 1689 2656 et
1715 2603 1928 2657 Joanni
1963 2618 1974 2658 :
2009 2619 2153 2658 nam

493 2685 570 2741 de
596 2686 689 2740 his
709 2687 856 2742 dixit
888 2707 900 2747 :
930 2689 1086 2744 Sunt
1104 2689 1344 2760 quidam
1377 2691 1472 2746 hic
1490 2695 1728 2745 stantes.
1757 2691 2026 2761 Regnum
2051 2708 2154 2746 au-

493 2779 615 2830 tem
627 2791 804 2830 suum
822 2775 948 2830 sive
971 2776 1220 2845 gloriam
1239 2792 1428 2842 suam,
1455 2777 1834 2848 splendorem
1855 2778 2023 2834 illum
2046 2795 2149 2834 no-

493 2862 767 2928 minavit,
809 2880 943 2918 cum
994 2881 1116 2937 quo
1161 2866 1552 2937 postmodum
1601 2866 2003 2922 descensurus
2042 2873 2148 2935 est,

492 2951 729 3024 quando
754 2953 957 3009 reddet
978 2953 1298 3026 unicuique
1305 2955 1324 3024 j
1337 2959 1477 3010 uxta
1493 2954 1554 3010 id
1569 2955 1733 3028 quod
1747 2960 2026 3027 operatus
2041 2962 2148 3015 est.

492 3039 835 3098 venientem
858 3057 997 3098 vero
1028 3042 1196 3118 dixit,
1225 3043 1341 3099 hoc
1362 3047 1450 3101 est
1480 3049 1888 3116 apparentem.

650 3256 804 3312 CAP.
832 3257 1052 3312 XXXIV-
1078 3258 1165 3314 De
1187 3257 1701 3328 transformatione
1733 3261 1982 3320 Christi.

562 3344 715 3399 CAP.
749 3347 884 3401 XVII
915 3346 1076 3401 Vers.
1116 3351 1162 3402 l.
1195 3347 1271 3402 Et
1292 3354 1422 3417 post
1449 3379 1504 3390 —
1531 3349 1685 3419 ejus.
1734 3349 1926 3407 Lucas
1950 3356 2152 3410 autem

491 3434 638 3490 dixit
667 3450 682 3488 :
714 3436 855 3490 Post
878 3443 1005 3490 aeto
1031 3437 1101 3503 97,
1134 3449 1244 3492 nec
1293 3441 1492 3492 tamen
1536 3440 1867 3495 contrarius
1910 3444 2016 3497 est.
2067 3442 2153 3498 Si-

489 3522 737 3594 quidem
777 3523 1197 3579 annumeravit
1223 3525 1321 3580 ille
1352 3529 1410 3581 et
1438 3525 1591 3580 duos
1619 3527 1746 3582 dies
1777 3527 1945 3595 alios,
1988 3530 2151 3586 hunc

489 3608 757 3665 videlicet
781 3611 946 3682 quod
970 3611 1255 3682 praedicta
1269 3612 1505 3668 locutus
1526 3619 1612 3668 est
1632 3615 1799 3683 Jesus
1817 3615 2148 3689 discipulis,

491 3702 547 3755 et
575 3714 710 3754 eum
741 3715 864 3771 quo
902 3698 1036 3755 illos
1065 3701 1392 3774 assumpsit
1425 3702 1775 3768 ;Matth£eus
1812 3721 1950 3762 vero
1983 3711 2152 3764 utro-

490 3803 607 3861 que
620 3789 1036 3860 praetermisso,
1058 3790 1287 3847 medios
1301 3795 1532 3849 tantum
1547 3795 1935 3852 enumeravit.
1958 3798 2152 3863 Quare

490 3881 693 3935 autem
715 3878 876 3935 solos
899 3879 1012 3935 hos
1037 3883 1153 3936 tres
1180 3882 1522 3954 assumpsit,
1548 3899 1668 3938 non
1692 3884 1875 3940 modo
1894 3889 2147 3953 tantum,

491 3967 598 4024 sed
635 3971 692 4024 et
718 3967 865 4024 alias
896 3967 1292 4044 frequentius,
1331 3971 1482 4028 sicut
1523 3973 1585 4027 in
1623 3989 1949 4044 progressu
1990 3975 2152 4034 inve-

490 4057 727 4113 niemus
784 4056 811 4112 ?
859 4055 1010 4123 Quia
1062 4058 1288 4112 caeteris
1345 4059 1659 4130 discipulis
1708 4066 2151 4133 praestantiores

493 4148 660 4208 erant
694 4163 706 4196 :
731 4144 934 4198 Petrus
953 4142 1200 4215 quidem
1225 4145 1479 4215 eoquod
1505 4145 1680 4201 valde
1697 4147 1966 4217 diligeret
1989 4166 2148 4224 eum,

491 4233 736 4304 propter
747 4229 885 4286 ﬁdei
898 4230 1190 4286 fervorem
1206 4233 1494 4298 ;Joannes
1511 4249 1652 4290 vero
1665 4237 1803 4306 quia
1821 4238 2150 4308 plurimum

2264 1770 2424 1823 τᾶλλα
2452 1774 2518 1823 τὰ
2547 1771 2699 1825 αύτά.

2337 1871 2503 1942 Ἀμην
2551 1870 2698 1923 -ἐν
2745 1879 2807 1943 τῇ
2861 1870 3108 1944 βασιλείᾳ
3158 1870 3339 1924 αὐτοῦ.
3391 1871 3559 1923 Εἰπὼν
3607 1873 3726 1941 περὶ
3772 1869 3917 1941 (31)

2267 1959 2469 2024 ἑαυτοῦ,
2521 1961 2596 2012 ὅτι
2625 1960 2794 2030 μέλλει
2837 1962 3090 2035 ἔρχεσθαι
3121 1958 3167 2011 ἐν
3218 1957 3345 2032 δόξῃ
3389 1961 3518 2031 μετὰ
3549 1956 3918 2031 ὃορυφοριας

2265 2053 2355 2100 καὶ
2408 2057 2721 2122 προπομπῆς
2773 2058 2869 2102 τῶν
2907 2049 3152 2120 ἀγγέλων⁹
3194 2054 3284 2100 καὶ
3333 2052 3487 2120 γνοὺς
3536 2050 3654 2107 τοὺς
3703 2049 3917 2118 μαθη-

2265 2141 2354 2197 τάς
2404 2134 2823 2200 δυσπιστοῦντας
2861 2146 2933 2208 τῷ
2977 2140 3195 2209 τοιούτῳ
3221 2137 3377 2209 λόγῳ,
3425 2134 3633 2209 βεϐαιοῖ
3666 2143 3906 2203 τοῦτον,

2265 2229 2555 2301 πρστιθεὶς,
2608 2228 2687 2279 ὅτι
2745 2227 2838 2279 ούκ
2889 2227 2960 2287 εἰς
3007 2229 3210 2301 μακράν
3257 2245 3386 2288 τινες
3432 2225 3600 2277 αὐτῶν
3655 2223 3908 2295 ὄψονται

2265 2319 2358 2374 τὴν
2390 2312 2548 2378 δόξαν
2576 2315 2755 2369 αὑτοῦ.
2804 2318 3007 2374 Ταύτην
3037 2319 3135 2391 γὰρ
3179 2323 3266 2367 νῦν
3293 2315 3528 2387 ὠνόμασε
3572 2313 3897 2386 βασιλείαν.

2264 2402 2486 2463 Ἐδηλου
2563 2402 2622 2458 δὲ
2677 2410 2768 2463 τὴν
2837 2404 3182 2479 λαμπρότητα
3253 2412 3348 2466 τῆς
3419 2409 3897 2476 μεταμορφώσεως

2264 2494 2442 2561 αὐτοῦ,
2517 2497 2577 2554 ἣν
2634 2497 2765 2566 μετά
2820 2498 2999 2569 καιρὸν
3081 2493 3250 2565 ὀλίγον
3318 2491 3512 2566 ἔμελλεν
3590 2489 3890 2556 ὑποδεῖξαι

2264 2587 2461 2659 Πέτρῳ,
2508 2589 2596 2636 καὶ
2653 2583 2900 2655 Ἰακώϐῳ,
2950 2588 3035 2635 καὶ
3073 2584 3304 2656 Ἰωάννη.
3362 2587 3489 2656 Περὶ
3521 2584 3712 2634 τούτων
3760 2585 3880 2655 γὰρ

2261 2669 2416 2737 εἶπεν,
2472 2677 2550 2725 ὅτι
2625 2673 2742 2725 Εἰσί
2794 2692 2927 2734 τινες
2981 2680 3081 2724 τῶν
3133 2668 3236 2723 ὧδε
3291 2671 3546 2723 ἑστώτων.
3594 2669 3874 2722 Βασιλείαν

2261 2759 2320 2813 δὲ
2370 2762 2552 2830 αὐτοῦ,
2615 2766 2796 2833 ἤγουν,
2880 2759 3058 2830 δόξαν,
3117 2765 3210 2820 τὴν
3274 2761 3614 2834 λαμπρότητα
3660 2761 3863 2814 ταύτην

2261 2850 2544 2923 ὠνόμασεν,
2605 2854 2674 2912 ὡς
2740 2847 2901 2903 οὖσαν
2979 2855 3298 2925 προμήνυμα
3380 2856 3470 2901 καὶ
3523 2843 3862 2921 παράδειγμα

2259 2949 2353 3003 τῆς
2393 2940 2749 3013 λαμπρότητος
2805 2939 3018 3005 ἐκεινης,
3085 2940 3198 3012 μεθ’
3268 2939 3332 3000 ἧς
3384 2938 3554 3012 μέλλει
3606 2937 3869 2990 κατελθεῖν

2190 3017 2494 3104 Ούστερον,
2563 3030 2644 3082 ὅτε
2713 3025 2980 3081 ἀποδώσει
3050 3029 3252 3100 ἑκάστῳ
3317 3031 3451 3080 κατά
3529 3032 3619 3086 την
3676 3026 3874 3100 πρᾶξιν

2263 3119 2441 3173 αὐτοῦ.
2499 3117 2811 3194 Ἐρχόμενον
2862 3114 2920 3170 δὲ
2976 3115 3132 3186 εἶπεν,
3201 3116 3314 3169 ἀντὶ
3361 3124 3474 3187 τοῦ,
3536 3119 3869 3187 Φαινόμενον.

2262 3268 2409 3316 ΚΕΦ.
2455 3260 2576 3315 ΛΔ¹.
2640 3265 2767 3334 Περὶ
2817 3269 2912 3323 τῆς
2970 3263 3412 3332 μεταμορφώσεως
3457 3267 3549 3312 τοῦ
3605 3266 3874 3333 Χριστοῦ,

2333 3355 2434 3405 Καὶ
2471 3351 2582 3423 μεθ’
2640 3381 2710 3390 -
2739 3349 2920 3404 αὐτοῦ.
2963 3355 3168 3410 Λουκᾶς
3199 3345 3258 3401 δὲ
3300 3351 3445 3402 Μετά
3497 3348 3631 3400 ὀκτώ
3682 3367 3872 3420 φησιν,

2259 3441 2353 3493 ούκ
2406 3438 2784 3510 ἐναντιολογῶν.
2845 3437 3013 3500 Οὗτος
3065 3441 3155 3510 μὲν
3208 3441 3308 3512 ’γὰρ
3365 3439 3724 3511 συνηρίθμησε
3776 3442 3875 3490 καὶ

2259 3529 2422 3590 αύτάς
2457 3531 2548 3588 τὰς
2591 3529 2808 3599 ἡμέρας,
2841 3526 2957 3579 καθ’
3017 3529 3079 3584 ἣν
3131 3545 3185 3578 τε
3240 3527 3305 3578 τὰ
3351 3526 3575 3600 ῥηθέντα
3624 3523 3732 3578 εἶπε
3761 3534 3876 3588 τοῖς

2257 3620 2516 3690 μαθηταῖς
2547 3618 2571 3668 ὁ
2615 3619 2866 3690 Χριστὸς,
2915 3620 3006 3668 καὶ
3035 3614 3151 3668 καθ’
3204 3617 3265 3675 ἣν
3312 3618 3524 3675 τούτους
3559 3614 3817 3688 παρέλαϐε
3853 3633 3866 3644 ·

2257 3709 2526 3769 Ματθαῖος
2567 3702 2646 3772 δὲ,
2697 3709 2787 3758 καὶ
2831 3703 3121 3778 ἀμφοτέρας
3169 3706 3363 3766 ταύτας
3405 3703 3732 3779 παραλιπὼν,
3774 3708 3874 3765 τάς

2259 3797 2452 3872 μεταξὺ
2507 3801 2666 3869 μόνας
2723 3793 3155 3868 ἀπηριθμήσατο.
3207 3798 3351 3846 Διατί
3414 3790 3473 3846 δὲ
3526 3797 3712 3866 μόνους
3751 3794 3872 3864 (32)

2259 3891 2374 3948 τοὺς
2411 3893 2548 3959 τρεῖς
2586 3887 2802 3944 τούτους
2848 3882 3261 3956 παραλαμϐάνει,
3310 3886 3401 3934 καὶ
3447 3882 3506 3934 ού
3549 3890 3637 3934 νῦν
3687 3887 3872 3956 μόνον,

2264 3976 2391 4028 ἀλλὰ
2445 3979 2535 4026 καὶ
2595 3972 2862 4041 πολλάκις,
2915 3974 2982 4034 ὡς
3021 3976 3289 4044 προῖόντες
3346 3973 3629 4044 εὑρήσομεν
3668 3989 3681 4039 ;
3724 3977 3876 4026 Διότι

2263 4074 2361 4117 τῶν
2392 4063 2553 4115 ἄλλων
2615 4063 2859 4133 μαθητῶν
2918 4063 3194 4134 ὑπερεῖχον
3251 4059 3395 4114 οὗτοι
3452 4077 3464 4091 ⁶
3510 4064 3703 4135 Πέτρος
3752 4065 3872 4134 μὲν,

2265 4153 2364 4205 ἀπὸ
2391 4159 2482 4204 τοῦ
2510 4147 2717 4223 σφόδρα
2748 4149 2906 4222 φιλεῖν
2938 4150 3112 4215 αὐτόν,
3153 4147 3188 4202 ὃ
3194 4152 3245 4202 ιὰ
3277 4151 3568 4224 θερμότητα
3593 4156 3820 4212 πίστεως
3856 4169 3871 4182 °

2264 4241 2497 4300 Ἰωάννης
2543 4237 2622 4308 δὲ,
2656 4241 2758 4292 ἀπὸ
2789 4247 2880 4291 τοῦ
2914 4236 3120 4312 σφόδρα
3165 4238 3424 4311 φιλεῖσθαι
3461 4241 3547 4290 ὑπ’
3577 4239 3757 4304 αὐτοῦ,
3793 4237 3870 4292 δι’

492 4317 853 4419 diligebatur
877 4319 954 4375 ab
985 4319 1104 4386 illo,
1136 4326 1378 4392 propter
1403 4321 1686 4380 virtutum
1708 4326 2149 4400 excellentiam;

2266 4326 2545 4401 ὑπερϐολὴν
2603 4327 2812 4401 ἀρετῶν,
2871 4327 3114 4389 Ἰάκωϐος
3175 4324 3252 4398 δὲ,
3331 4326 3432 4379 ἀπὸ
3509 4336 3600 4380 τοῦ
3657 4326 3868 4403 σφόδρα

490 4407 750 4465 Iacobus
779 4413 979 4464 autem
1006 4409 1149 4482 quia
1179 4411 1374 4480 gravis
1396 4412 1731 4471 admodum
1757 4421 1882 4473 erat
1908 4418 2148 4484 Judaeis,

493 4497 557 4553 in
577 4500 808 4553 tantum
834 4504 895 4553 ut
926 4498 1185 4555 Herodes
1211 4500 1410 4558 occiso
1437 4501 1538 4560 illo
1567 4503 1898 4563 maximam
1925 4508 2150 4580 praesti-

495 4585 630 4644 terit
661 4587 916 4655 gratiam
953 4587 1190 4644 Iudaeis.
1811 4643 1819 4648 .

564 4674 707 4730 Vide
745 4679 946 4733 autem
979 4678 1288 4749 quomodo
1325 4679 1637 4737 Mattheeus
1661 4698 1781 4738 non
1819 4684 2151 4742 occultave-

492 4763 567 4820 rit
607 4763 738 4821 illos
790 4767 892 4838 qui
938 4765 1052 4822 sibi
1100 4767 1401 4840 praepositi
1452 4773 1612 4825 sunt.
1661 4771 1785 4828 Hoc
1834 4779 2039 4829 autem
2094 4779 2151 4832 et

494 4851 760 4910 Joannes
791 4853 1092 4927 plerisque
1110 4854 1173 4912 in
1190 4848 1336 4914 locis
1360 4855 1518 4925 facit,
1542 4858 1845 4931 praecipua
1871 4859 2024 4917 Petri
2049 4876 2148 4919 en-

567 4977 616 5015 "
647 4978 887 5046 Luc.ix,
925 4979 1016 5034 28.
1107 5027 1110 5032 .

2261 4414 2429 4490 βαρὺς
2483 4413 2612 4469 εἶναι
2659 4424 2763 4476 τοῖς
2826 4413 3125 4487 Ἰουδαίοις,
3175 4416 3287 4486 (33)
3320 4416 3415 4489 [ὡς
3443 4421 3534 4469 καὶ
3587 4421 3676 4468 τόν
3705 4418 3864 4492 Ἠρώ-

2259 4501 2380 4573 δην,
2413 4506 2626 4580 ὕστερον
2683 4505 2921 4558 ἀνελόντα
2971 4513 3173 4575 τοῦτον,
3221 4507 3384 4579 χάριν
3436 4510 3688 4578 μεγίστην
3726 4505 3854 4557 ἀπο-

2256 4603 2428 4667 νεῖμαι
2456 4603 2565 4658 τοῖς
2595 4591 2915 4666 Ἰουδαίοις]

2329 4688 2512 4737 Σκόπει
2544 4681 2623 4751 δε,
2664 4693 2774 4746 πῶς
2816 4686 2842 4736 ὁ
2899 4685 3163 4744 Ματθαῖος
3213 4683 3306 4736 ούκ
3366 4681 3699 4760 ἀπεκρύψατο
3733 4684 3855 4744 τοὺς

2255 4777 2663 4849 προτιμηθέντας
2723 4773 2903 4828 αὐτοῦ.
2961 4779 3126 4827 Τοῦτο
3180 4769 3240 4826 δὲ
3300 4777 3390 4825 καὶ
3439 4773 3678 4835 Ἰωάννης
3737 4772 3856 4824 πολ-

2253 4863 2425 4937 λαχοῦ
2472 4872 2630 4930 ποιεῖ,
2673 4865 2738 4916 τὰ
2784 4860 3020 4937 ἐξαίρετα
3069 4869 3161 4914 τοῦ
3201 4866 3397 4938 Πέτρου
3447 4861 3682 4935 ἐγκώμια
3712 4859 3862 4934 φιλα-

1719 5159 1938 5232 Variae
1965 5162 2294 5234 lectiones
2325 5169 2392 5232 et
2419 5171 2622 5232 notae.

569 5349 682 5493 £31)
712 5352 839 5438 Περὶ
877 5348 1058 5418 αὐτοῦ,
1091 5355 1159 5412 Α.

592 5419 680 5491 32)
715 5424 910 5483 Μονους
938 5426 1159 5488 τούτους

592 5419 680 5491 32)
715 5419 910 5483 Μόνους
938 5426 1160 5488 τούτους
1199 5428 1320 5488 τοὺς
1345 5433 1504 5500 τρεῖς.
1532 5429 1600 5484 Α.

2265 5432 2310 5491 Ἰ
2337 5361 2698 5488 (3ὸξ3)ί1ιιοιιιεθ.
2713 5357 3059 5418 exciderant
3073 5374 3146 5417 ex
3156 5357 3359 5418 codice
3371 5358 3435 5416 Β.
3460 5359 3541 5418 ob
3551 5359 3878 5433 repetitum

2311 5453 2372 5490 ου
2416 5455 2449 5488 α
2474 5454 2568 5491 οις.

2311 5453 2404 5490 ova
2416 5453 2498 5488 uio
2505 5454 2568 5496 ις.

572 5572 678 5647 (cc)
707 5573 1100 5633 Prwmittem.
1127 5575 1388 5636 Addens.
1424 5581 1591 5638 Forte
1621 5581 1762 5654 legit
1789 5585 2072 5658 προτιθείς.
2105 5585 2156 5642 Α

2266 5586 2464 5660 ιὶςΙιιω
2494 5586 2721 5645 invenit
2743 5584 2993 5662 πρτιθείς,
3026 5599 3162 5659 qua
3187 5586 3446 5662 προτιθεὶς
3473 5588 3658 5646 notat.
