4186 6318
288 288 400 347 477

1258 280 1628 340 COMMENT.
1670 277 1742 334 IN
1779 276 2228 335 MATTHEUM.
2269 308 2337 321 —
2376 276 2531 334 CAP.
2572 276 2745 334 XVII.

3560 254 3665 314 478

290 414 469 476 ληθῶς
512 412 832 485 ἀναγράφων.
890 412 1082 465 Φθόνου
1113 411 1212 484 γὰρ
1265 406 1412 471 ἐκτὸς
1459 404 1519 465 ἧν
1558 406 1583 457 ὁ
1636 412 1734 457 τῶν
1766 403 1897 458 ἀπο-

2022 404 2207 461 3omia
2243 404 2494 461 libenter
2532 402 2875 459 describens
2914 417 2928 468 ;
2969 393 3369 471 apostolorum
3409 397 3666 457 namque

296 505 495 558 στόλων
526 507 703 575 χορὸς.
752 506 898 555 Διατί
945 497 1020 565 δὲ,
1065 500 1218 552 εἰπὼν
1258 499 1283 549 ὁ
1329 499 1581 571 Χριστὸς,
1623 494 1741 547 Εἰσί
1771 513 1899 555 τινες

294 602 399 647 τῶν
438 588 540 645 ὧδε
598 591 854 655 ἑστώτων,
911 588 1246 663 ἀπεκρύψατο
1276 588 1343 639 τά
1378 588 1570 638 τούτων
1632 584 1896 655 ὀνόματα;

294 686 393 738 Διά
422 685 479 734 τὸ
518 685 591 754 μὴ
623 681 858 739 λυπῆσαι
904 682 1025 740 τοὺς
1053 677 1258 740 ἄλλους’
1290 680 1380 728 καὶ
1408 677 1509 749 γὰρ
1541 673 1779 745 ἤλγησαν
1816 670 1896 739 ἀν,

298 769 546 834 δόξαντες
576 773 640 830 ὠς
684 768 883 832 ἀνάξιοι
912 770 1265 843 παρορᾶσθαι.

370 864 472 913 Καὶ
493 891 563 900 -
597 855 861 913 κατιδίαν.
883 858 941 911 Ὀ
972 855 1030 910 δὲ
1060 862 1262 916 Λουκᾶς
1283 851 1436 920 εἶπεν,
1465 854 1563 918 ὅτι,
1588 848 1897 925 παραλαϐὼν

288 950 503 1015 αὐτούς,
538 947 691 1008 ἀνέϐη
732 948 803 1010 εἰς
827 950 884 999 τὸ
925 952 1040 1022 ὅρος
1067 944 1477 1020 προσεύξασθαι.

366 1151 472 1201 Καὶ
525 1178 594 1187 -
635 1138 757 1219 φὲὖς.
811 1144 1073 1219 Ἀναφέρει
1124 1145 1212 1215 μὲν
1243 1141 1427 1203 αὐτοὺς
1475 1140 1541 1201 εἰς
1590 1144 1700 1214 ὅρος
1756 1138 1896 1210 ὑψη-

288 1236 405 1304 λὸν,
475 1237 558 1288 ἱνα
623 1238 837 1307 γένηται
910 1239 1043 1286 πᾶσι
1104 1238 1211 1294 τοῖς
1276 1230 1451 1293 ἄλλοις
1506 1228 1741 1290 ἀθέατος.
1805 1230 1898 1281 Διά

289 1333 453 1379 τοῦτο
503 1328 604 1400 γὰρ
678 1323 1020 1397 προσέθηκεν,
1096 1323 1175 1374 ὅτι
1227 1317 1492 1374 κατιδίαν.
1566 1316 1734 1371 Οὐδὲν
1796 1321 1895 1393 γὰρ

294 1415 463 1468 ἐποίει
519 1417 648 1487 πρὸς
704 1411 1022 1485 φιλοτιμίαν,
1089 1409 1218 1463 ἀλλά
1266 1413 1435 1462 πάντα
1500 1411 1636 1461 κατὰ
1689 1413 1892 1483 χρείαν.

290 1501 438 1576 Ἀμα
483 1499 542 1555 δὲ
570 1506 680 1568 καὶ,
726 1502 808 1554 ἶνα
836 1503 1099 1574 μάθωμεν,
1154 1501 1231 1552 ὅτι
1276 1503 1386 1572 χρὴ
1421 1499 1772 1573 ύπέραρθῆναι
1804 1506 1899 1559 τῆς

292 1598 490 1665 γεηρᾶς
519 1590 926 1665 χθαμαλότητος
976 1593 1062 1641 τὸν
1095 1588 1340 1644 μέλλοντα
1388 1589 1602 1663 θεωρίας
1645 1588 1781 1648 θείας
1813 1585 1898 1648 ἀξ-

297 1683 518 1739 ωθῆναι.

374 1770 754 1844 Μετεμορφὼθη
811 1764 888 1835 δὲ,
941 1772 1202 1840 μείναντος
1240 1769 1328 1839 μὲν
1386 1772 1478 1818 τοῦ
1535 1770 1774 1837 σώματος
1818 1763 1901 1816 ἐπὶ

302 1866 398 1912 τοῦ
453 1858 643 1910 οἰκείου
707 1861 1001 1930 σχήματος·
1060 1863 1157 1917 τῆς
1215 1856 1388 1916 θεῑκῆς
1444 1851 1502 1907 δὲ
1542 1853 1903 1929 λαμπρότητος

301 1952 491 2022 μικρόν
527 1967 577 1999 τι
604 1947 1128 2021 παραγυμνωθείσης,
1170 1948 1260 1995 καὶ
1299 1942 1807 2017 καταλαμπρυνάσης
1844 1944 1903 1993 τὸ

302 2041 584 2112 πρόσωπον
624 2036 797 2106 αὐτοῦ,
859 2040 949 2086 καὶ
1004 2038 1063 2086 τὸ
1104 2030 1239 2094 εἶδος
1274 2035 1461 2085 τούτου
1510 2031 1903 2103 μεταϐαλούσης

304 2124 391 2178 ἐπὶ
418 2128 477 2177 τὸ
524 2121 917 2197 θεοειδέστερον.
961 2122 1289 2196 Ἐμπροσθεν
1332 2118 1392 2174 δὲ
1438 2120 1626 2187 αὐτῶν,
1671 2120 1753 2171 ἶνα
1784 2118 1901 2191 βλέ-

301 2233 501 2281 ποντες,
558 2222 668 2275 πῶς
732 2214 1125 2286 μετεμορφώθη,
1212 2216 1282 2283 μὴ
1348 2208 1679 2262 ὑπολάϐωσιν
1737 2209 1903 2280 ἕτερον

301 2303 459 2355 αὑτὸν
489 2298 637 2369 εἶναι,
665 2307 757 2354 καὶ
786 2303 895 2373 ἶνα
923 2303 1153 2373 μάθωσι,
1202 2307 1312 2362 πῶς
1346 2298 1479 2351 οὕτω
1521 2298 1666 2375 ῥᾷον,
1695 2297 1720 2349 ὃ
1754 2297 1902 2364 θέλει,

298 2388 545 2445 δύναται.

370 2480 610 2553 Ἐλαμψε
662 2477 723 2533 δε
751 2482 809 2532 τὸ
866 2483 1143 2553 πρόσωπον
1173 2478 1331 2530 αὐτοῦ
1384 2480 1453 2538 ὡς
1482 2478 1507 2529 ὁ
1552 2476 1713 2540 ἣλιος,
1767 2472 1903 2528 διότι

305 2570 470 2631 οὕτως
498 2566 670 2633 ἔδοξεν
702 2570 900 2631 αὐτοῖς.
932 2567 989 2621 Ἡ
1020 2570 1120 2641 γὰρ
1159 2566 1457 2640 λαμπρότης
1487 2565 1648 2624 ἐκείνη
1676 2567 1802 2640 ύπέρ
1822 2568 1906 2617 τὸν

309 2660 451 2719 ἣλιον
486 2656 569 2727 ἦν,
628 2664 718 2711 καὶ
750 2660 861 2711 θεία
914 2677 994 2720 τις
1048 2661 1137 2709 καὶ
1185 2655 1486 2731 ἀπόῤῥητος.
1521 2658 1597 2708 Τὰ
1636 2651 1695 2707 δὲ
1728 2656 1912 2727 ἱμάτια

308 2749 470 2801 αὐτοῦ
508 2748 700 2820 ἐγένετο
751 2747 928 2816 λευκὰ,
970 2750 1038 2809 ὡς
1066 2749 1124 2799 τὸ
1165 2754 1287 2819 φῶς,
1340 2742 1682 2806 διαδοθείσης
1717 2749 1806 2797 καὶ
1837 2743 1909 2805 εἰς

303 2838 442 2891 αύτά
469 2846 565 2900 τῆς
596 2840 951 2909 φωτοχυσίας.

382 2931 443 2981 Εἴ
472 2947 553 2990 τις
582 2922 668 2979 οὖν
716 2931 804 2978 καὶ
853 2920 999 2998 ἡμῶν
1038 2924 1068 2984 ἦ
1118 2922 1379 2995 ἀγαπήσει
1429 2925 1515 2976 τὸν
1563 2924 1789 2993 Ἰησοῦν,
1845 2924 1909 2982 ὡς

312 3020 529 3091 Πέτρος,
561 3016 590 3074 ἦ
920 3013 1042 3088 παρ’
1087 3012 1266 3080 αὐτοῦ,
1295 3016 1358 3073 ὡς
1388 3012 1650 3077 Ἰωάννης,
1681 3012 1710 3071 ἦ
1741 3010 1909 3083 βαρὺς

307 3109 525 3179 γένηται
555 3106 687 3156 κατά
732 3112 831 3155 τῶν
862 3102 1065 3176 ἐχθρῶν
1118 3102 1296 3173 αὐτοῦ,
1330 3104 1397 3164 ὡς
1423 3099 1687 3161 Ἰάκωϐος,
1726 3099 1910 3173 ἐχθροὶ
1950 3108 1991 3165 C

308 3192 369 3248 δὲ
396 3196 587 3247 τούτου
646 3196 736 3245 καὶ
789 3190 980 3264 μᾶλλον
1009 3193 1058 3244 οἱ
1115 3187 1376 3263 δαίμονες·
1425 3189 1785 3262 ἀναχθήσεται
1823 3189 1911 3241 ὑπ’

310 3284 465 3336 αὐτοῦ
497 3282 565 3343 εἰς
594 3285 712 3356 ὅρος
746 3280 963 3351 ὑψηλὸν,
1021 3282 1204 3351 ἤγουν,
1256 3278 1322 3339 εἰς
1352 3278 1487 3349 ὕψος
1530 3283 1789 3349 γνώσεως,
1822 3282 1912 3330 καὶ

314 3373 562 3447 θεωρήσει
589 3375 685 3429 τὴν
718 3366 882 3432 δόξαν
921 3368 1099 3433 αὐτοῦ,
1145 3370 1370 3420 καθόσον
1404 3369 1605 3439 ἐφικτὸν
1636 3365 1907 3441 ἀνθρώπῳ,

312 3460 443 3531 λέγω
500 3456 591 3528 δὴ,
622 3461 689 3510 τὰ
737 3465 842 3519 τοῖς
889 3456 1095 3518 πολλοῖς
1134 3455 1563 3530 ἀποκεκρυμμένα
1592 3460 1680 3507 καὶ
1726 3453 1914 3507 ἀθέατα

310 3554 595 3622 μυστήρια.

385 3638 496 3691 Ούκ
560 3638 776 3712 ἄκαιρον
842 3632 901 3688 δὲ
962 3634 1118 3687 εἰπεῖν
1169 3638 1429 3709 πρόσωπα
1487 3635 1600 3705 (34)
1671 3635 1760 3705 μὲν
1821 3638 1913 3683 τοῦ

314 3728 493 3785 Ἰησοῦ
576 3730 671 3784 τήν
732 3733 924 3796 γνῶσιν
980 3732 1080 3775 τῶν
1130 3723 1293 3794 λόγων
1360 3723 1539 3787 αὐτοῦ,
1619 3723 1801 3794 ἱμάτια
1855 3717 1915 3772 δὲ

314 3816 477 3869 αὐτοῦ
504 3818 593 3876 τὰς
619 3814 779 3877 λέξεις
806 3822 906 3866 τῶν
943 3812 1107 3885 λόγων
1138 3812 1319 3882 αὑτοῦ,
1365 3810 1427 3872 ἃς
1455 3813 1485 3870 ἡ
1524 3810 1909 3883 ἐγκεκρυμμένη

313 3908 517 3965 τούτοις
569 3911 765 3975 γνῶσις
826 3900 1212 3974 περιϐέϐληται,
1268 3904 1334 3963 ὡς
1394 3902 1595 3972 ἱμάτια·
1823 3903 1912 3951 καὶ

311 3994 497 4066 ὄψεται
533 3995 591 4044 τὸ
640 3995 729 4064 μεν
778 3998 1010 4045 τοιοῦτον
1061 3994 1339 4063 πρόσωπον
1394 3989 1553 4042 αὐτοῦ
1592 3988 1792 4061 λάμπον
1822 3993 1912 4041 καὶ

310 4087 535 4157 φωτίζον
598 4084 713 4141 τοὺς
770 4079 1168 4146 ἐνατενίςοντας,
1225 4081 1291 4131 τὰ
1369 4074 1427 4131 δὲ
1485 4084 1703 4130 τοιαῦτα
1758 4076 1910 4130 πάλιν

310 4174 495 4244 ἱμάτια
520 4170 679 4223 αὐτοῦ
728 4169 903 4237 λευκὰ,
935 4165 1102 4242 μηδεν
1134 4171 1394 4221 σκοτεινὸν
1437 4174 1527 4221 καὶ
1575 4168 1688 4239 (36)
1719 4166 1910 4239 ἀσαφὲς

2008 495 2226 552 chorus
2275 510 2485 567 expers
2518 496 2643 549 erat
2670 492 2928 549 invidiae.
2960 490 3095 545 Ideo
3128 491 3327 542 autem
3358 476 3484 551 (dd)
3526 488 3666 531 cum

2008 586 2255 642 dixisset
2294 565 2557 640 Christus
2590 600 2602 638 ε
2643 583 2791 639 Sunt
2830 582 3061 654 quidam
3106 578 3172 633 de
3214 574 3312 630 hic
3354 565 3662 628 stantibus,

2006 675 2227 731 horum
2244 673 2560 729 occultavit
2586 673 2835 737 nomina,
2872 687 2948 726 ne
2969 673 3215 725 caeteros
3255 657 3664 718 contristaret;

2007 780 2149 820 nam
2182 764 2463 833 indignos
2496 777 2625 816 sese
2657 760 2939 829 arbitrati,
2973 755 3302 813 doluissent
3332 764 3392 804 se
3418 740 3664 815 despici.

2080 856 2237 908 Vers.
2280 831 2336 907 1:
2371 853 2447 908 Et
2499 883 2565 892 —
2611 852 2868 907 seorsz'm.
2918 850 3104 902 Lucas
3152 847 3351 899 autem
3402 833 3545 892 dicit
3594 831 3665 881 9°.

2006 942 2173 1013 quod
2218 941 2537 1013 assumpsit
2573 941 2725 1008 illos,
2769 937 3155 1007 ascenditque
3194 932 3255 987 in
3294 929 3562 984 montem
3604 920 3670 974 ut

2004 1047 2220 1088 oraret.

2080 1047 2175 1088 are
2207 1072 2220 1087 .

2080 1036 2243 1177 Verts.
2272 1122 2324 1175 2.
2359 1121 2437 1177 Et
2482 1148 2551 1160 -—
2581 1118 2796 1175 lumen.
2842 1112 3122 1173 Subducit
3150 1109 3281 1165 illos
3312 1105 3373 1160 in
3403 1100 3669 1156 montem

2006 1210 2329 1275 excelsum,
2374 1213 2430 1266 ut
2474 1226 2506 1263 a
2546 1208 2709 1263 nullo
2756 1207 2873 1264 alio
2923 1199 3190 1275 conspici
3236 1192 3425 1270 possit
3470 1207 3485 1255 ;
3534 1184 3671 1241 ideo

2006 1300 2184 1356 etiam
2237 1299 2423 1366 addit,
2458 1298 2729 1354 Seorsim.
2768 1294 2918 1352 Nihil
2963 1294 3120 1348 enim
3164 1286 3416 1343 faciebat
3444 1282 3521 1338 ad
3554 1276 3675 1351 glo“

2005 1389 2178 1453 riam,
2213 1388 2318 1443 sed
2358 1388 2561 1443 omnia
2596 1387 2670 1442 ad
2706 1385 3031 1441 utilitatem.
3070 1383 3359 1437 Praeterea
3397 1378 3459 1429 ut
3476 1369 3674 1425 disca-

2006 1494 2141 1533 mus
2171 1481 2441 1549 oportere
2472 1493 2508 1532 a
2540 1481 2771 1531 terrena
2803 1471 3101 1529 sublevari
3131 1467 3463 1524 humilitate
3508 1477 3667 1528 eum,

2006 1567 2111 1640 qui
2157 1566 2363 1622 divina
2406 1563 2907 1637 contemplatione
2936 1561 3155 1632 dignus
3184 1555 3503 1614 habendus
3562 1557 3671 1611 est.

1936 1754 1981 1812 Β
2080 1767 2147 1823 Et
2171 1763 2627 1822 transformatus
2654 1763 2761 1826 est,
2794 1772 3041 1829 corpore
3069 1754 3315 1828 quidem
3346 1753 3402 1809 in
3431 1750 3674 1825 pr0pria

2010 1857 2205 1927 ﬁgura
2232 1856 2521 1915 manente,
2580 1848 2779 1904 divino
2825 1862 2963 1902 vero
3005 1842 3325 1916 splendore
3364 1840 3671 1896 modicum

2012 1943 2302 2018 quiddam
2323 1941 2383 1996 in
2401 1956 2471 1996 eo
2493 1939 2822 2007 detegente,
2843 1951 2913 1990 ac
2933 1933 3147 1989 faciem
3169 1932 3299 2001 ejus
3319 1929 3671 1989 illustrante,

2014 2016 2392 2106 speciemque
2432 2027 2589 2081 illius
2630 2026 2703 2080 ad
2743 2025 3037 2095 majorem
3080 2020 3181 2075 Dei
3221 2016 3672 2073 similitudinem

2013 2122 2384 2178 immutante.
2435 2115 2650 2171 Coram
2683 2114 2764 2169 eis
2804 2117 3025 2182 autem,
3054 2125 3129 2165 ne
3177 2106 3673 2165 transformatum

2014 2212 2212 2283 ipsum
2244 2205 2437 2263 intuiti
2497 2203 2746 2260 alterum
2803 2216 2934 2257 esse
2966 2198 3432 2270 suspicarentur,
3490 2198 3673 2265 utque

2018 2299 2238 2356 scirent
2287 2311 2425 2352 eum
2468 2292 2765 2357 facillime,
2805 2289 2972 2362 quod
3010 2286 3170 2352 velit,
3234 2284 3428 2341 facere
3467 2297 3663 2354 posse.

2090 2492 2395 2569 Splenduit
2451 2505 2594 2547 vero
2645 2487 2828 2545 facies
2867 2486 2992 2557 ejus
3035 2483 3187 2539 sicut
3225 2480 3331 2551 sol,
3394 2478 3541 2552 quia
3592 2478 3674 2535 ita

2018 2585 2130 2642 illis
2159 2580 2439 2655 apparuit
2469 2600 2482 2647 ;
2516 2578 2608 2635 ille
2638 2576 2797 2633 enim
2830 2590 3012 2647 supra
3040 2572 3227 2628 solem
3257 2574 3400 2633 erat,
3428 2568 3673 2642 [divinus

2018 2674 2268 2748 quidam
2295 2676 2352 2728 et
2375 2668 2712 2727 ineﬁ‘abilis.
2741 2665 3105 2721 Vestimenta
3131 2667 3330 2717 autem
3358 2660 3485 2729 ejus
3516 2656 3673 2713 facta

2020 2747 2159 2821 sunt
2204 2762 2461 2819 candida
2506 2758 2657 2815 sicut
2699 2757 2927 2820 lumen,
2978 2750 3197 2809 diffuso
3245 2749 3424 2805 etiam
3471 2747 3532 2803 in
3573 2747 3674 2804 illa

2018 2853 2356 2927 splendore.
3094 2881 3103 2915 :

2022 2945 2227 3016 Itaque
2296 2940 2345 2997 si
2404 2940 2673 2995 nostrum
2735 2947 2977 3007 quoque
3042 2928 3257 3002 aliquis
3321 2927 3531 2983 Jesum
3610 2929 3675 2982 ut

2022 3034 2221 3089 Petrus
2252 3028 2557 3093 amaverit,
2609 3030 2666 3081 et
2694 3027 2933 3080 amatus
2963 3019 3041 3077 ab
3081 3034 3151 3075 eo
3186 3016 3358 3073 fuerit
3396 3020 3460 3071 ut
3500 3017 3675 3071 Joan-

2021 3138 2152 3186 nes,
2202 3136 2273 3177 ac
2309 3116 2566 3175 inimicis
2612 3113 2769 3169 illius
2808 3110 3006 3181 gravis
3051 3107 3228 3164 fuerit
3279 3108 3344 3161 ut
3387 3103 3670 3171 Iacobus,

2020 3209 2247 3267 inimici
2277 3222 2417 3263 vero
2467 3204 2624 3261 illius
2654 3204 2791 3257 sunt
2829 3199 3159 3260 daemones,
3204 3192 3563 3249 subducetur
3593 3192 3672 3247 ab

2021 3313 2093 3355 eo
2154 3298 2215 3352 in
2276 3298 2543 3351 montem
2606 3290 2924 3351 excelsum,
2989 3285 3112 3341 sive
3177 3284 3238 3338 in
3301 3280 3673 3337 altitudinem

2022 3384 2395 3456 cognitionis,
2430 3387 2486 3439 et
2514 3380 2757 3451 gloriam
2800 3377 2955 3433 illius
2994 3371 3337 3434 intuebitur,
3379 3372 3673 3441 quantum

2021 3473 2251 3531 homini
2285 3471 2649 3544 permissum
2686 3471 2817 3523 est:
2850 3464 2984 3520 dico
3027 3476 3169 3518 sane
3216 3457 3499 3531 mysteria
3536 3471 3674 3529 qum

2023 3564 2226 3621 multis
2253 3562 2549 3620 occultata
2579 3562 2718 3614 sunt
2747 3572 2817 3613 ac
2846 3553 3053 3611 invisa.

2094 3656 2222 3710 Non
2251 3652 2359 3709 erit
2411 3655 2609 3707 autem
2640 3650 2853 3720 praeter
2902 3644 3196 3700 intentum
3227 3642 3331 3696 aut
3382 3639 3672 3709 intempe-

2023 3742 2263 3806 stivum,
2308 3747 2372 3797 ut
2405 3739 2678 3795 dicamus
2725 3735 2939 3791 faciem
2975 3734 3115 3787 Jesu
3152 3728 3513 3785 intellectum
3558 3740 3676 3780 ser-

2022 3818 2273 3887 monum
2329 3830 2525 3893 illius;
2583 3824 2938 3881 vestimenta
2992 3835 3136 3875 vero
3201 3818 3331 3889 ejus
3388 3813 3675 3870 dictiones

2022 3934 2390 3985 sermonum,
2420 3915 2636 3988 quibus
2668 3911 2999 3970 occultatus
3028 3911 3117 3964 est
3142 3906 3204 3962 in
3233 3905 3316 3960 eis
3346 3902 3675 3959 intellectus

2020 4015 2311 4081 tanquam
2337 4002 2707 4063 vestimentis
2732 3999 2998 4057 induitur
3026 4015 3040 4066 ;
3069 3995 3322 4067 talisque
3348 3994 3474 4062 ejus
3496 3990 3676 4047 facies

2020 4078 2353 4170 apparebit,
2378 4093 2697 4167 splendens
2718 4105 2789 4146 ac
2812 4086 3159 4143 illuminans
3182 4098 3285 4139 eos
3304 4080 3406 4154 qui
3429 4081 3490 4170 in
3511 4078 3677 4135 illam

2019 4168 2291 4259 defigunt
2329 4183 2535 4241 oculos
2569 4198 2583 4236 :
2613 4184 2670 4237 et
2698 4193 2927 4235 rursum
2972 4174 3113 4231 talia
3150 4172 3279 4244 ejus
3324 4168 3678 4225 vestimenta

305 4278 517 4333 εχοντα·
2018 4258 2279 4334 candida
2308 4276 2465 4339 sunt,
2500 4269 2768 4343 nihilque
2794 4266 3178 4323 tenebrosum
3217 4264 3321 4319 aut
3350 4258 3677 4316 obscurum

2017 4363 2322 4422 habentia.

373 4461 473 4511 Καὶ
523 4487 595 4497 -
676 4454 785 4528 μετ’
839 4454 999 4508 αὐτοῦ
1086 4451 1471 4515 συλλαλοῦντες.
1557 4455 1652 4506 Διά
1718 4453 1907 4515 πολλὰς

2090 4454 2263 4510 Vers.
2305 4456 2355 4508 3.
2384 4451 2465 4507 Et
2493 4479 2562 4492 —
2592 4464 2720 4504 cum
2750 4462 2815 4503 e0
2842 4446 3159 4516 loquentes.
3190 4441 3437 4512 Propter
3465 4437 3678 4494 multas

296 4545 470 4607 αἰτίας
492 4549 582 4599 τὸν
612 4551 846 4604 Μωῡσῆν
890 4548 979 4596 καὶ
1006 4545 1092 4595 τὸν
1126 4541 1301 4595 Ἠλίαν
1349 4546 1675 4616 παρέστησεν
1722 4543 1904 4615 ἑαυτῷ.

300 4632 517 4693 Ἐπειδὴ
581 4636 683 4710 γὰρ
744 4636 793 4686 οἱ
841 4632 993 4704 ὄχλοι
1057 4630 1226 4702 ἔλεγον
1299 4634 1347 4684 οἱ
1395 4635 1484 4703 μὲν
1533 4630 1771 4689 Ἰωάννην
1819 4636 1906 4685 τὸν

299 4728 605 4782 Βαπτιστὴν
654 4720 782 4776 εἶναι
830 4722 1006 4785 αὐτὸν,
1057 4720 1201 4773 ἄλλοι
1247 4716 1327 4789 δὲ,
1378 4719 1575 4789 Ἠλίαν,
1617 4722 1776 4794 ἕτεροι
1825 4719 1903 4787 δὲ,

302 4813 555 4885 Ἰερεμίαν
606 4813 636 4871 ἦ
688 4813 775 4865 ἕνα
827 4820 926 4864 τῶν
977 4818 1253 4885 προφητῶν
1308 4817 1407 4860 τῶν
1457 4808 1715 4883 ἀρχαίωνο
1773 4830 1906 4882 συμ-

309 4904 657 4974 παρίστησεν,
702 4904 771 4964 ὡς
816 4897 1056 4964 δούλους,
1091 4902 1208 4960 τοὺς
1259 4898 1670 4972 ἐπισημοτέρους
1706 4906 1804 4951 τῶν
1858 4898 1905 4951 ἐν

309 4995 372 5060 τῇ
422 4986 629 5060 Παλαιᾷ
662 4987 993 5062 λαμψάντων,
1027 4988 1110 5041 ἵνα
1153 4995 1282 5061 φανῇ
1316 4990 1374 5039 τὸ
1420 4990 1577 5060 μέσον
1627 4986 1810 5040 ἑαυτοῦ
1853 5007 1906 5040 τε

377 5164 425 5201 ⁸³
450 5161 571 5221 Luc
597 5179 677 5234 rx,
709 5167 795 5223 28.

2019 4558 2232 4600 causas
2272 4556 2475 4597 secum
2521 4543 2714 4595 astare
2755 4534 2893 4592 fecit
2932 4536 3128 4591 Mosen
3181 4532 3238 4588 et
3273 4531 3479 4585 Eliam.
3532 4526 3679 4593 Quia

2019 4631 2181 4688 enim
2222 4631 2412 4686 turbae
2447 4628 2766 4683 dicebant:
2813 4625 2876 4681 hi
2929 4622 3176 4694 quidem
3213 4618 3509 4675 Joannem
3550 4630 3678 4671 esse

2022 4721 2369 4795 Baptistam,
2417 4717 2537 4773 allii
2565 4721 2764 4771 autem
2793 4711 2998 4777 Eliam,
3031 4709 3125 4764 alii
3155 4723 3295 4762 vero
3333 4705 3674 4768 Jeremiam,

2019 4793 2120 4868 aut
2140 4825 2328 4866 unum
2354 4811 2615 4862 veterum
2644 4799 3075 4875 prophetarum
3100 4814 3113 4851 :
3144 4793 3445 4850 constituit
3475 4806 3679 4847 coram

2018 4916 2081 4956 se
2123 4903 2406 4971 tanquam
2440 4908 2664 4956 servos,
2697 4905 2799 4947 eos
2836 4887 2943 4960 qui
2974 4886 3036 4942 in
3077 4884 3260 4940 veteri
3302 4883 3679 4940 Testamento

2020 4970 2373 5059 insigniores
2430 4982 2803 5047 refulserant,
2859 4980 2925 5034 ut
2978 4973 3303 5031 discrimen
3364 4970 3530 5047 quod
3594 4974 3682 5027 est

1532 5234 1750 5305 Varias
1778 5235 2106 5306 lectiones
2138 5243 2205 5303 et
2233 5240 2436 5302 notae.

295 5500 346 5559 ri
350 5430 483 5558 I$13.4)
521 5430 847 5490 Hentenius
893 5434 1174 5507 πρόσωπον
1222 5430 1384 5504 legit,
1424 5430 1591 5504 quod
1645 5429 1905 5504 praetule-

2089 5429 2204 5575 ἒ35ἔ
2226 5428 2471 5501 Ἰμοίτιον.
2499 5427 2566 5483 Α.

2114 5505 2179 5558 36
2231 5504 2332 5555 Καὶ
2360 5498 2566 5574 ἀσφαλέα

2114 5495 2204 5574 36)
2231 5495 2332 5555 Καὶ
2360 5498 2599 5574 ἀσφαλές.
2629 5498 2674 5553 Α
2703 5495 2901 5554 .male.

369 5679 493 5757 (ἀεὶ)
512 5679 646 5740 Ideo
676 5684 895 5741 autem.
928 5680 1040 5740 Cur
1068 5684 1291 5742 autem.
1330 5683 1443 5742 Pro
1475 5677 1641 5752 διατί,
1671 5680 1914 5742 videtur
1942 5679 2238 5741 'nvenisse
2270 5675 2433 5752 διότι,
2466 5677 2632 5754 quod
2663 5680 2867 5738 tamen
2894 5672 3102 5733 locum
3129 5684 3255 5731 non
3281 5666 3491 5727 habet.
