4186 6318
465 252 572 308 479
1797 233 2131 296 EUTHYMI]

2245 233 2501 293 GABENI

3795 224 3934 282 480

466 379 619 435 inter
666 392 728 433 se
784 379 842 434 et
886 375 1019 433 illos
1074 373 1382 446 appareat,
1425 374 1478 425 et
1523 369 1811 442 quantum
1863 365 1989 438 ipse
2042 363 2120 420 ab

2245 363 2496 430 ιᾶκείνων,
2533 363 2622 415 καὶ
2651 363 2812 415 πόσον
2862 359 3016 421 αὐτὸς
3068 354 3302 432 διαφέρει
3346 355 3558 410 τούτων.
3612 355 3778 410 Μία
3814 353 3930 427 μὶν

466 465 578 523 illis
602 463 858 522 diﬂ‘erat.
889 463 1024 518 Haec
1050 461 1251 534 itaque
1280 475 1399 516 una
1422 457 1533 514 fuit
1557 472 1765 514 causa.

537 555 735 612 Altera
760 569 1001 611 rursum
1031 569 1043 608 :
1077 551 1220 624 quia
1249 546 1617 607 accusabant
1644 545 1815 603 illum
1855 544 1928 601 de
1975 543 2122 616 legis

468 645 940 717 transgressione
971 643 1269 699 dicentes:
1319 640 1451 696 Non
1480 641 1563 694 est
1594 636 1688 692 hic
1731 653 1764 689 a
1792 638 1924 702 Deo,
1991 633 2124 706 quia

467 736 795 793 Sabbatum
826 749 946 789 non
976 730 1221 788 custodit
1259 731 1332 786 9°.
1365 731 1705 797 Rursusque
1735 722 2124 796 blasphemiae

469 841 606 881 eum
638 825 1025 886 accusabant,
1055 825 1110 876 et
1138 820 1299 892 quod
1324 818 1420 873 Dei
1447 816 1698 886 gloriam
1725 813 1838 869 sibi
1865 811 2125 868 vindica-

468 919 557 970 ret
585 913 848 969 dicentes
880 929 895 965 :
924 913 1006 967 De
1038 910 1184 965 bono
1215 923 1384 977 opere
1409 921 1522 961 non
1563 903 1882 974 lapidamus
1915 908 1982 967 te,
2028 901 2127 957 sed

469 1003 531 1058 de
559 1001 927 1070 blasphemia,
961 1006 1016 1056 et
1045 999 1183 1071 quia
1213 997 1383 1053 homo
1413 1011 1541 1050 cum
1570 993 1669 1056 sis,
1694 993 1850 1061 facis
1882 991 2125 1059 teipsum

470 1093 650 1148 Deum
682 1093 697 1126 ³
731 1108 745 1156 ;
778 1094 973 1145 astare
1003 1088 1136 1144 fecit
1166 1101 1367 1143 coram
1417 1100 1478 1139 se
1508 1085 1709 1140 Mosen
1755 1085 1819 1136 ut
1849 1078 2129 1135 ostende-

470 1183 575 1246 ret,
605 1179 771 1252 quod
798 1179 845 1233 si
869 1178 1014 1249 legis
1040 1180 1441 1247 transgressor
1465 1174 1638 1236 esset,
1667 1184 2042 1242 nequaquam
2068 1166 2129 1222 in

471 1270 726 1327 modum
751 1269 902 1324 servi
927 1265 1227 1341 legislator
1253 1264 1364 1320 sibi
1395 1263 1677 1319 astitisset
1704 1279 1717 1328 ;
1747 1260 1934 1315 Eliam
1967 1274 2126 1316 vero.

471 1363 537 1414 ut
559 1362 848 1431 appareat
869 1357 1030 1427 qnod
1057 1356 1105 1411 si
1132 1353 1523 1426 blasphemus
1545 1355 1716 1416 esset,
1741 1363 2126 1422 nequaquam

470 1447 520 1504 is
549 1447 653 1519 qui
699 1461 933 1519 semper
979 1444 1079 1501 Dei
1129 1443 1380 1514 gloriam
1409 1442 1790 1498 vehementer
1820 1441 2128 1496 amaverat

469 1553 538 1594 ac
558 1535 742 1592 tuitus
764 1535 972 1600 fuerat,
999 1538 1287 1607 tanquam
1310 1546 1517 1589 servus
1538 1530 1620 1587 illi
1643 1534 1861 1588 astaret
1879 1528 1985 1602 qui
2005 1527 2124 1585 Deo

471 1625 797 1683 contrarius
821 1628 993 1680 esset.

539 1821 731 1877 Tertia
771 1834 1014 1892 quoque
1064 1833 1268 1883 causa,
1300 1820 1366 1872 ut
1395 1814 1603 1872 mortis
1642 1815 1901 1888 vitaeque
1933 1813 2126 1871 Domi-

469 1926 585 1967 nus
599 1911 1071 1979 cognosceretur.
1102 1909 1291 1962 Moses
1321 1905 1479 1961 enim
1512 1907 1781 1960 mortuus
1799 1907 1941 1969 erat,
1975 1903 2129 1960 Elias

473 2001 668 2056 autem
699 1997 870 2052 vivus
905 2012 917 2052 :
951 1999 1006 2051 et
1034 1999 1098 2051 ut
1143 1994 1410 2050 videntes
1444 1993 1820 2065 postmodum
1854 1991 2131 2065 discipuli

473 2087 639 2143 illum
672 2086 1043 2151 morientem,
1079 2082 1475 2153 intelligerent
1501 2082 1667 2154 quod
1696 2082 1818 2138 hac
1864 2081 2132 2139 volunta-

473 2176 556 2232 rie
597 2178 910 2246 pateretur,
947 2179 1002 2229 et
1032 2173 1359 2243 cogitarent
1387 2173 1552 2244 quod
1583 2188 1970 2245 nequaquam
2016 2187 2131 2228 mo-

475 2269 700 2322 reretur
728 2263 947 2319 invitus
976 2264 1079 2336 qui
1108 2261 1312 2318 mortis
1343 2261 1597 2334 vitaeque
1629 2266 1783 2317 esset
1809 2261 2121 2318 Dominus.

547 2355 742 2410 Potest
772 2356 828 2409 et
857 2352 975 2409 alia
1006 2352 1148 2408 addi
1179 2367 1364 2407 causa
1393 2351 1559 2424 quod
1606 2352 1718 2407 hos
1754 2360 2000 2424 propter
2047 2351 2132 2407 di-

473 2444 732 2516 scipulos
762 2443 1032 2509 adduxit,
1065 2447 1126 2499 ut
1163 2442 1242 2497 ad
1285 2457 1489 2498 eorum
1534 2441 1926 2498 imitationem
1979 2441 2132 2497 exei-

473 2538 758 2592 tarentur.
802 2531 1108 2605 Siquidem
1156 2534 1342 2588 Moses
1392 2531 1609 2602 lingum
1653 2530 1930 2587 tardioris
1983 2534 2127 2602 erat,

473 2623 630 2680 Elias
672 2637 814 2678 vero
860 2621 1066 2677 durior
1102 2637 1173 2677 ac
1201 2619 1506 2692 asperior:
1543 2619 1727 2676 ambo
1773 2621 1953 2676 etiam
2005 2619 2133 2676 ino-

471 2728 579 2784 pes
610 2715 796 2776 erant,
842 2713 899 2764 et
931 2709 1224 2766 adversus
1264 2714 1548 2780 tyrannos
1580 2723 1806 2779 magna
1847 2708 2132 2781 loquendi

472 2800 741 2856 libertate
782 2798 868 2854 usi
911 2801 1096 2854 sunt:
1139 2800 1328 2854 Moses
1366 2798 1610 2870 quidem
1658 2797 1938 2854 adversus
1982 2797 2132 2854 Pha-

472 2903 745 2953 raonem,
778 2886 927 2942 Elias
956 2901 1098 2941 vero
1140 2885 1432 2942 adversus
1460 2886 1666 2943 Achab
1695 2903 1708 2942 :
1742 2891 1799 2943 et
1828 2903 1862 2942 a
1899 2901 2130 2958 perver-

475 2979 558 3034 sis
593 2975 938 3033 hominibus
973 2975 1074 3048 qui
1114 2991 1150 3032 a
1199 2990 1260 3032 se
1303 2975 1544 3048 magnis
1585 2975 1778 3032 affecti
1826 2980 1994 3033 erant
2035 2977 2135 3032 be-

2234 1011 2510 1082 λιθάζομέν
2593 1028 2669 1074 σε,

2230 451 2317 508 οὖν
2347 453 2478 512 αὕτη
2511 452 2674 507 αἰτία.

2300 561 2478 634 Ἑτέρα
2532 556 2592 613 δὲ
2655 557 2824 612 πάλιν·
2878 552 3186 630 Ἐπειδήπεῤ
3253 552 3516 608 ἐνεκάλουν
3569 551 3774 623 αὖτῷ
3849 553 3924 604 τὸ

2231 650 2567 725 παραϐαίνειν
2621 651 2706 702 τὸν
2774 651 2948 720 νόμον,
3002 645 3251 718 λέγοντες·
3314 644 3483 706 Οὗτος
3532 642 3648 696 οὐκ
3738 643 3924 694 ἔστιν

2234 741 2288 794 ἐκ
2343 748 2433 794 τοῦ
2483 746 2638 805 Θεοῦ,
2681 739 2756 791 ὅτι
2804 741 2861 790 τὸ
2913 735 3172 790 Σὰϐϐατον
3223 735 3281 787 οὐ
3333 741 3500 807 τηρεῖ,
3551 737 3668 785 καὶ
3718 730 3919 784 πάλιν

2235 831 2446 884 ἐκάλουν
2501 829 2656 882 αὐτὸν
2738 827 3047 901 βλάσφημον
3104 829 3196 877 καὶ
3269 824 3734 899 σφετεριζόμενον
3810 826 3920 880 τὴν

2237 918 2394 984 δόξαν
2449 927 2541 972 τοῦ
2585 924 2731 985 Θεοῦ,
2796 919 3090 989 φάσκοντες·
3178 919 3302 987 Περὶ
3353 912 3512 965 καλοῦ
3569 915 3779 987 ἔργον
3847 909 3919 963 οὐ

2761 1005 2889 1059 ἀλλὰ
2952 1008 3068 1079 περὶ
3153 1002 3515 1076 βλασφημίας,
3591 1005 3720 1053 καὶ
3822 1001 3920 1052 ὅτι

2236 1102 2506 1175 ἄνθρωπος
2569 1098 2637 1150 ὧν
2693 1103 2854 1156 ποιεῖς
2933 1094 3044 1165 (37)
3111 1092 3289 1147 ἑαυτὸν
3356 1096 3504 1146 Θεὸν
3571 1093 3917 1165 ιιι-ἀρίστη-

2240 1211 2321 1244 σιν
2365 1190 2527 1262 ἐαυτῷ
2556 1191 2642 1241 τὸν
2699 1193 2926 1244 Μωῦσῆν
2956 1186 3067 1257 μὲν,
3121 1183 3203 1236 ἶνα
3242 1179 3461 1255 δειχθῇ,
3505 1181 3588 1233 ὅτι
3627 1179 3690 1232 εἰ
3746 1199 3912 1254 παρ·

2237 1280 2402 1335 έϐαινε
2443 1283 2527 1332 τὸν
2579 1282 2753 1351 νόμον,
2807 1275 2901 1328 οὐκ
2953 1273 3013 1325 ἆν
3062 1273 3087 1325 ὁ
3136 1274 3413 1345 νομοθέτης
3469 1267 3912 1344 δουλοπρεπῶς

2235 1372 2377 1442 αὐτῷ
2431 1373 2744 1443 παρίστατοο
2809 1367 2897 1417 τὸν
2945 1362 3121 1417 Ἠλίαν
3179 1360 3257 1433 δὲ,
3317 1361 3399 1413 ἶνά
3453 1367 3613 1433 φανῇ,
3683 1360 3792 1412 ὅτε
3857 1357 3909 1411 εἰ

2237 1461 2550 1535 βλάσφημος
2579 1454 2639 1516 ἧν
2665 1459 2755 1508 καὶ
2805 1457 2896 1513 τὴν
2927 1460 3018 1506 τοῦ
3075 1458 3209 1506 Θεοῦ
3255 1447 3412 1514 δόξαν
3461 1447 3902 1522 ἓσφετερέζετο,

2234 1554 2306 1623 μὴ
2351 1551 2719 1621 προσήκουσαν
2763 1544 2924 1615 αὐτῷ,
2985 1541 3078 1596 οὐκ
3118 1541 3179 1593 ἃν
3223 1542 3249 1592 ὁ
3288 1542 3413 1614 ὑπερ
3455 1546 3546 1600 τῆς
3582 1545 3702 1591 τοῦ
3743 1541 3905 1592 Θεοῦ

2236 1637 2398 1703 δόξης
2447 1636 2525 1691 ἀεὶ
2579 1634 2694 1709 (38)
2742 1632 2933 1702 ζηλῶν,
2979 1633 3044 1696 ὡς
3101 1627 3287 1692 δοῦλος
3319 1636 3393 1701 τῷ
3437 1626 3672 1702 ἀντιθέῳ
3745 1645 3909 1701 napo

2160 1711 2203 1773 Β
2239 1732 2441 1782 ίστατο.

2309 1839 2411 1889 Καὶ
2442 1833 2569 1891 ἄλλη
2612 1829 2671 1886 δε
2701 1828 2852 1894 αὖθις
2890 1828 3056 1898 αἰτία,
3092 1827 3175 1880 ἵνα
3215 1827 3507 1902 γνωρισθῇ,
3537 1825 3624 1878 ὅτι
3663 1825 3906 1898 Κύριός

2239 1925 2350 1978 ἔστι
2400 1928 2489 1977 καὶ
2521 1924 2742 1976 θανάτου
2789 1924 2880 1973 καὶ
2917 1919 3076 1981 ζωῆς.
3127 1924 3361 1979 Μωῦσής
3544 1917 3660 1990 γὰρ
3701 1916 3899 1967 Θανὼν

2241 2011 2324 2081 ἧν,
2355 2013 2535 2075 Ἠλίας
2574 2010 2632 2066 δε
2672 2013 2795 2073 ζῶν.
2849 2013 2951 2063 Καὶ
2997 2008 3100 2076 ἱνα,
3135 2006 3405 2080 βλέποντες
3443 2004 3597 2058 αὐτὸν
3633 2005 3900 2078 ὕστερον

2242 2105 2291 2156 οἱ
2326 2105 2560 2176 μαθηταὶ
2591 2101 3006 2170 ἀποθνήσκοντα,
3035 2101 3295 2157 νοήσωσιν
3319 2095 3553 2149 ἑκούσιον
3582 2097 3646 2147 τὸ
3679 2101 3894 2146 τοιοῦ-

2240 2212 2327 2246 τον
2356 2195 2542 2258 πάθος,
2569 2196 2658 2244 καὶ
2685 2190 3016 2262 λογίσωνται,
3052 2189 3134 2240 ὅτι
3162 2186 3256 2240 οὐκ
3282 2185 3341 2238 ἂν
3371 2186 3508 2238 ἄκων
3536 2183 3830 2237 ἀποθάνοι
3862 2183 3892 2235 ό

2242 2284 2383 2346 ζωῆς
2410 2285 2500 2334 καὶ
2527 2282 2747 2334 θανάτου
2780 2281 2989 2352 Κύριος.

2311 2372 2465 2427 Ἐστι
2523 2368 2582 2423 δε
2633 2373 2722 2422 καὶ
2775 2368 2947 2441 έτέραν
2996 2366 3152 2420 εἰπεῖν
3195 2364 3387 2429 αἰτίαν,
3437 2363 3516 2416 ὅτι
3563 2359 3666 2416 διὰ
3743 2365 3884 2424 τοὺς

2240 2463 2475 2537 μαθητὰς
2529 2463 2853 2534 παρέστησεν
2911 2456 3118 2526 αὐτοὺς,
3199 2454 3283 2506 ἶνα
3351 2449 3722 2506 διαναστῶσεν
3795 2451 3874 2515 εἰς

2238 2556 2464 2626 μίμησιν
2495 2549 2683 2602 αὐτῶν.
2733 2549 2834 2600 Καὶ
2870 2547 2972 2620 γὰρ
3010 2551 3244 2604 Μωῦσῆς
3288 2544 3380 2615 μὶν
3417 2538 3870 2616 βραδύγλωσσος

2240 2639 2302 2701 ἦν
2333 2656 2346 2668 ·
2377 2639 2555 2700 Ἠλίας
2586 2637 2645 2691 ὀὶ
2670 2635 3028 2710 ἀγροικότερον
3060 2630 3399 2705 διακείμενος,
3429 2635 3520 2684 καὶ
3555 2633 3861 2702 ἀκτήμονες

2238 2730 2516 2804 ἀμφότεροι
2548 2745 2561 2757 ·
2611 2730 2701 2780 καὶ
2746 2727 2883 2798 ὅμως
2922 2725 3049 2799 πρὸς
3098 2724 3374 2795 τυράννους
3421 2721 3637 2782 ἕκαστος
3668 2718 3847 2770 αὐτῶν

2241 2819 2669 2894 έπαρῥησιάσατο
2717 2832 2732 2846 ’
2789 2820 3021 2874 Μωῡσῆς
3099 2813 3188 2884 μὲν
3263 2812 3389 2885 πρὸς
3467 2811 3555 2862 τὸν
3631 2810 3839 2881 Φαραὼ,

2245 2909 2422 2970 Ἠλίας
2472 2903 2530 2960 δε
2583 2905 2708 2979 πρὸς
2771 2907 2859 2957 τὸν
2910 2900 3146 2975 Ἀχαάϐ.
3209 2904 3311 2954 Καὶ
3357 2899 3483 2972 ὑπερ
3535 2896 3851 2970 ἀγνωμόνων

2245 2997 2546 3072 ἀνθρώπων,
2629 2997 2715 3046 καὶ
2818 2989 2906 3045 ὑπ’
2981 2990 3146 3044 αὐτῶν
3227 2997 3326 3042 τῶν
3413 2987 3857 3063 εὐεργετουμένων

474 3065 724 3132 neﬁciis,
779 3065 1037 3137 plurima
1083 3065 1246 3138 passi
1295 3071 1437 3121 sunt
1473 3065 1759 3138 pericula,
1801 3071 1856 3122 et
1893 3081 2003 3122 nec
2050 3067 2131 3124 sic

2245 3091 2408 3160 μυρία
2464 3081 2609 3137 δεινὰ
2657 3083 2968 3149 πεπόνθασι,
3026 3083 3116 3132 καὶ
3159 3074 3273 3132 οὐδ’
3327 3078 3488 3139 οὕτως
3539 3076 3855 3134 ἀπέστησαν

474 3155 828 3214 destiterunt
856 3171 958 3211 eos
1006 3154 1084 3211 ad
1112 3154 1348 3213 bonum
1377 3170 1614 3227 semper
1641 3155 1913 3226 dirigere.
1946 3158 2134 3229 thue

470 3245 888 3303 vehementius
904 3245 1274 3301 imitarentur
1285 3246 1456 3302 Mosis
1471 3245 1715 3318 quidem
1732 3246 2106 3303 clementiam
2118 3288 2131 3312 ,

475 3335 763 3392 Elimvero
789 3335 980 3391 zelum
1006 3350 1188 3408 quem
1226 3351 1336 3407 pro
1369 3337 1484 3391 Deo
1524 3335 1788 3406 gerebat,
1826 3336 2134 3408 utriusque

475 3430 677 3482 autem
745 3423 1342 3489 administrationem,
1406 3423 1807 3496 laborumque
1882 3424 2135 3482 toleran-

475 3514 665 3570 tiam:
697 3512 907 3568 millies
954 3528 1216 3584 namque
1259 3513 1422 3585 quod
1469 3512 1531 3567 in
1577 3528 1640 3568 se
1682 3518 1808 3570 erat
1866 3529 1970 3585 pro
2032 3513 2132 3570 Dei

473 3599 867 3673 beneplacitis
903 3599 1334 3669 moriebantur,
1366 3605 1422 3657 et
1450 3617 1559 3674 pro
1596 3602 1822 3675 populo
1852 3602 1967 3659 sibi
1992 3618 2132 3660 con-

476 3689 720 3762 credito,
749 3704 1011 3764 suasque
1037 3688 1340 3762 perdenda
1367 3691 1604 3748 animas
1629 3692 1985 3750 invenerunt
2009 3708 2130 3751 eas.

549 3832 1052 3907 Colloquebantur
1072 3837 1272 3892 autem
1293 3850 1432 3892 cum
1450 3850 1539 3903 eo,
1565 3837 1947 3894 ostendentes
1967 3836 2136 3912 quod

475 3925 572 3982 lex
609 3939 716 3997 per
752 3926 950 3982 Mosen
990 3923 1133 3981 data
1165 3930 1310 3992 erat,
1352 3942 1422 3981 ac
1461 3941 1660 3982 sermo
1699 3926 1802 3998 qui
1849 3942 1956 3999 per
2006 3942 2136 3999 pro-

475 4015 684 4090 phetas
714 4013 790 4070 de
836 4018 1026 4070 morte
1056 4014 1186 4083 ejus
1215 4013 1426 4080 fuerat,
1459 4015 1840 4071 conformiter
1869 4032 2007 4071 cum
2035 4017 2136 4073 illo

478 4104 1021 4178 prasignaverant:
1048 4101 1140 4156 ille
1161 4101 1406 4173 quidem
1427 4102 1489 4158 in
1507 4103 1715 4174 ﬁguris
1736 4103 2133 4172 victimarum,

478 4191 578 4251 hic
602 4191 661 4247 in
690 4189 938 4246 diversis
966 4188 1280 4246 vaticiniis.

552 4280 744 4336 Lucas
794 4293 931 4334 vero
970 4277 1111 4334 dicit
1157 4277 1318 4351 quod
1360 4277 1534 4336 etiam
1572 4279 1634 4337 hi
1672 4280 1732 4336 in
1770 4280 1959 4353 gloria
2014 4281 2136 4340 sive

478 4367 797 4443 splendore
817 4369 1290 4439 apparuerunt’,
1317 4371 1383 4423 ut
1401 4366 1706 4426 discamus
1730 4370 1893 4442 quod
1924 4385 2133 4428 omnes

479 4456 587 4532 qui
627 4455 962 4513 secundum
1009 4456 1196 4512 Deum
1233 4456 1523 4524 vixerunt,
1563 4457 1831 4516 divinum
1878 4459 2136 4518 induunt

481 4545 880 4621 splendorem.
911 4545 1062 4612 Quid
1093 4550 1293 4602 autem
1334 4547 1440 4619 (ee)
1473 4546 1969 4621 colloquebantur
1999 4567 2135 4608 cum

480 4653 552 4694 eo
576 4637 603 4694 ‘I
634 4637 856 4691 Rursus
885 4635 1000 4692 hoc
1029 4634 1232 4692 docuit
1265 4638 1446 4693 Lucas
1476 4637 1518 4703 ³,
1552 4637 1758 4694 dicens
1786 4639 1952 4710 quod
1983 4638 2136 4695 dice-

478 4727 628 4784 bant
655 4740 961 4782 excessum
989 4725 1117 4797 ejus
1147 4742 1329 4799 quem
1360 4726 1765 4800 completurus
1790 4734 1915 4785 erat
1938 4729 2137 4785 Hiero-

480 4815 748 4889 solymis,
781 4831 1093 4874 excessum
1121 4831 1347 4874 vocans
1371 4815 1450 4874 ab
1477 4816 1591 4874 hac
1620 4817 1740 4875 vita
1765 4819 1990 4875 exitum
2014 4817 2137 4876 sive

481 4905 814 4964 transitum.

556 5032 603 5067 θ’
623 5029 797 5091 Joan.
824 5046 900 5100 Ix,
935 5029 1019 5089 t6.
1052 5032 1070 5068 ¹
1100 5030 1274 5089 Joan.
1306 5047 1365 5100 κ,
1391 5034 1480 5091 33.
1502 5033 1525 5070 ³
1553 5031 1694 5090 Luc.
1724 5047 1804 5090 lx.
1833 5032 1923 5091 3t.
1953 5036 1972 5069 ³
2003 5032 2157 5094 ibid.

2242 3183 2332 3230 τοῦ
2401 3177 2657 3249 περιέπειν
2740 3171 2946 3232 αὐτούς.
3029 3173 3130 3222 Καὶ
3200 3168 3283 3221 ἶνα
3358 3168 3435 3220 ἔτι
3510 3171 3857 3239 μιμήσωνται

2243 3269 2504 3325 Μωυσέως
2541 3264 2631 3335 μὶν
2660 3265 2753 3320 τήν
2783 3258 3128 3323 ἀνεξικακίαν,
3161 3257 3337 3311 Ἠλίου
3368 3253 3447 3323 δε,
3476 3258 3562 3310 τὸν
3593 3256 3727 3330 ὑπερ
3768 3257 3857 3307 τοῦ

2244 3362 2376 3410 Θεοῦ
2444 3351 2622 3415 ζῆλον,
2677 3350 2973 3422 ἀμφοτέρων
3048 3343 3107 3400 δε
3171 3349 3229 3398 τὸ
3301 3342 3680 3417 δημαγωγιῶν
3765 3345 3857 3395 καὶ

2243 3447 2529 3519 φερέπονον.
2562 3441 2821 3514 Μυριάκις
2874 3439 2972 3509 γὰρ
3019 3438 3076 3488 τὸ
3107 3434 3184 3488 ἐπ’
3213 3434 3390 3497 αὐτοῖς
3421 3433 3672 3487 ἀπέθανον
3718 3433 3852 3505 ὕπερ

2240 3541 2340 3585 τῶν
2371 3531 2689 3604 ἀρεσκόντων
2721 3535 2856 3598 Θεῷ,
2884 3529 2974 3578 καὶ
3004 3525 3128 3599 ὑπερ
3155 3531 3247 3577 τοῦ
3293 3519 3468 3596 δήμου
3515 3529 3607 3574 τοῦ
3653 3521 3852 3594 ἐμπισ-

2240 3624 2505 3683 τευθέντος
2550 3619 2746 3684 αὐτοῖς,
2787 3619 2877 3669 καὶ
2919 3615 3012 3675 τὰς
3039 3613 3224 3686 ψυχὰς
3255 3611 3422 3665 αὐτῶν
3476 3609 3847 3676 ἀπολέσαντες,

2243 3712 2388 3786 εὖρον
2414 3710 2574 3772 αὐτάς

2314 3817 2619 3874 Συνελάλουν
2687 3809 2745 3867 δε
2798 3811 2956 3884 αὐτῷ,
3019 3806 3330 3873 δεικνύντες,
3382 3809 3463 3861 ὅτι
3531 3811 3620 3860 καὶ
3667 3807 3696 3860 ὁ
3758 3804 3855 3860 διὰ

2244 3912 2508 3970 Μωῡσέως
2535 3909 2710 3978 νόμος,
2739 3906 2829 3954 καὶ
2867 3902 2893 3954 ὁ
2943 3897 3037 3953 διὰ
3065 3906 3162 3952 τῶν
3201 3904 3478 3973 προφητῶν
3515 3895 3689 3968 λόγος,
3733 3899 3856 3970 περὶ

2243 4004 2335 4050 τοῦ
2387 3996 2606 4048 θανάτου
2657 3991 2816 4045 αὑτοῦ
2871 3993 3158 4063 συμφώνως
3204 3986 3344 4057 αὐτῷ
3389 3990 3848 4060 προανεγώνησαν*

2245 4087 2270 4138 ὁ
2305 4088 2403 4158 ¹μεν
2433 4083 2480 4136 έν
2510 4086 2692 4145 τύποις
2733 4089 2831 4134 τῶν
2885 4079 3001 4153 (39)
3057 4080 3271 4146 θυσιῶν,
3327 4076 3352 4128 ὁ
3398 4072 3458 4128 δε
3497 4073 3544 4125 ἓν
3576 4071 3853 4150 διαφόροις

2242 4173 2439 4250 προρῥή
2451 4192 2586 4228 σεσι.

2315 4287 2518 4342 Λουκᾶς
2554 4276 2613 4334 δέ
2668 4297 2848 4353 φησιν,
2895 4278 2972 4331 ὅτι
3015 4278 3104 4328 καὶ
3151 4273 3296 4327 οὗτοι
3333 4271 3381 4325 έν
3410 4268 3538 4345 δόξῃ
3571 4272 3843 4344 ὤφθησαν,

2244 4376 2429 4439 εἶτουν,
2480 4370 2530 4424 ἐν
2585 4370 2934 4443 λαμπρότητι,
2995 4367 3078 4418 ἱνα
3125 4365 3389 4436 μάθωμεν,
3439 4363 3520 4414 ὅτι
3556 4362 3762 4428 πάντες,
3795 4360 3842 4411 οἱ

2242 4465 2378 4516 κατὰ
2436 4464 2558 4516 Θεὸν
2650 4462 2918 4522 ζήσαντες,
2997 4461 3094 4516 τῆς
3168 4454 3308 4514 θείας
3386 4448 3836 4523 μεταλαμϐάνουσι

2241 4553 2625 4626 λαμπρότητος.
2671 4551 2734 4600 Τί
2784 4541 2842 4598 δὲ
2883 4541 3188 4596 συνελάλουν
3236 4539 3395 4610 αὐτῷ,
3453 4535 3664 4601 έδίδαξέ
3687 4536 3827 4588 πάλιν

2244 4643 2270 4695 ό
2308 4623 2548 4702 λόυκᾶς.
2598 4633 2724 4689 Εἶπε
2777 4636 2898 4708 γὰρ,
2949 4633 3025 4684 ὅτι
3080 4629 3249 4702 ἔλεγον
3296 4633 3390 4687 τὴν
3439 4623 3616 4691 ἔξοδον
3653 4623 3823 4690 αὑτοῦ,

2248 4732 2306 4791 ἣν
2360 4729 2528 4803 ἔμελλε
2561 4726 2788 4802 πληροῦν
2841 4722 2888 4775 ἐν
2935 4719 3291 4794 Ἰερουσαλήμσ
3353 4714 3530 4781 ἔξοδον
3583 4714 3834 4786 ὀνομάσας

2245 4825 2338 4880 τὴν
2382 4801 2483 4873 απὸ
2535 4825 2630 4879 τῆς
2669 4815 2804 4877 ζωῆς
2849 4813 3046 4873 ταύτης
3093 4809 3346 4874 ἑξελευσιν
3398 4811 3488 4861 καὶ
3535 4801 3838 4879 μετάϐασιν.

1705 5184 1929 5254 Varia:
1973 5186 2297 5253 lectiones
2324 5189 2390 5249 et
2411 5188 2612 5249 notae.

557 5351 672 5434 (37)
720 5356 957 5409 Σιαυτὸν.
997 5353 1306 5436 Chrys‘ost.
1344 5356 1392 5436 ί,
1603 5369 1663 5436 ρ..
1704 5353 1810 5412 566
1845 5357 1933 5436 λζ).-
1957 5357 2053 5436 Ex.
2068 5369 2140 5412 eo

485 5425 666 5494 enim,
706 5440 830 5481 non
883 5441 954 5481 ex
993 5425 1294 5481 codicibus
1343 5425 1488 5481 Novi
1526 5425 1881 5483 Testamenti
1919 5426 1980 5483 hi
2018 5425 2140 5482 duo

483 5495 732 5556 Joannis
771 5497 888 5554 loci
927 5502 1062 5555 sunt
1086 5497 1339 5556 laudati.
1378 5495 1522 5553 Hinc
1550 5498 1806 5555 varietas
1833 5497 2134 5556 lectionis.

2349 5349 2444 5420 38)
2485 5347 2610 5420 Ἀεί,
2642 5345 2835 5420 abest.
2862 5345 2936 5420 Α.

2349 5350 2444 5420 38)
2485 5350 2610 5414 Ἀεί,
2642 5350 2830 5404 abest.
2868 5350 2936 5400 Α.

2323 5350 2439 5497 ἒ39)
2481 5419 2741 5489 Παλαιῶν,
2761 5415 2945 5475 addit.
2966 5419 3002 5469 Α
3021 5457 3035 5474 .

559 5624 664 5698 (ee)
697 5621 847 5696 Quid
877 5630 1091 5683 autem.
1119 5622 1289 5681 Forte
1317 5622 1457 5699 legit
1479 5627 1531 5676 τί
1560 5619 1618 5680 δὲ
1645 5653 1714 5665 -—
1745 5623 1886 5696 αὐτῷ
1911 5639 1924 5689 ;
1953 5628 2106 5677 τοῦτο
2130 5613 2360 5686 ἕδίδαξε.

4117 109 4129 402 Ξ

4117 1369 4126 1516 Ξ
