4186 6318
318 348 426 408 481

1323 336 1694 402 COMMENT.
1736 343 1804 398 [Ν
1843 327 2295 400 ΜΑΤΤΗΕΗΜ.
2325 369 2392 379 -
2418 335 2575 397 CAP.
2603 326 2775 394 xvii.

3584 335 3690 389 482

397 477 528 532 Τινὰ
557 472 616 529 δὲ
642 481 741 528 τῶν
783 471 997 546 βιϐλίων
1193 469 1286 524 ούκ
1324 466 1560 539 Ἐξοδον,
1599 468 1727 522 ἀλλὰ
1765 468 1928 530 Δόξαν

2108 465 2394 531 Quaedam
2426 466 2627 521 autem
2674 461 3046 533 exemplaria
3099 473 3223 517 non
3259 455 3456 526 ἔξοδον,
3509 457 3571 516 id
3601 461 3691 515 est

322 568 610 640 γράφουσι.
670 562 803 626 Δόξα
851 565 948 636 γὰρ
999 559 1232 613 καλεῖται
1283 565 1373 612 καὶ
1422 561 1447 611 ό
1509 563 1752 634 σταυρός,
1807 561 1926 620 Τοῖς

326 660 420 730 μεν
476 657 575 726 γὰρ
643 651 817 712 ἄλλοις
885 657 1080 703 ἅπασιν
1157 645 1354 710 ὄνειδος
1419 645 1500 714 ἧν,
1572 651 1637 710 ὡς
1698 647 1930 720 μεγάλων

327 743 667 816 ἐγκλημάτων
728 739 1006 812 ἐπιτίμιον
1067 743 1205 812 μόνῳ
1268 735 1326 791 δι
1381 746 1451 809 τῷ
1512 745 1727 811 Χριστῷ
1801 733 1931 799 δόξα

324 836 553 904 γέγονεν,
595 833 661 892 ὡς
717 829 941 903 μεγάλης
998 827 1210 900 ἀγάπης
1266 834 1360 890 τῆς
1412 829 1539 900 πρὸς
1580 827 1714 898 ἡμᾶς
1766 827 1931 878 ἐπιτί-

321 939 466 992 μιον.
509 923 602 981 Τίς
649 921 751 994 γὰρ
808 918 1103 991 εὐγνώμονα
1153 917 1340 989 ψυχὴν
1390 918 1545 988 ἔχων,
1596 913 1795 967 ἁκούων
1843 917 1929 967 τὸν

321 1007 564 1062 ἕπέκεινα
639 1010 818 1069 πάσης
886 1016 1045 1080 τιμῆς
1117 1006 1437 1065 τηλικαύτην
1513 1004 1723 1078 ἀτιμίαν
1806 1006 1932 1057 ύπο-

321 1100 531 1151 στάντα
566 1094 662 1152 διὰ
689 1103 782 1156 τὴν
820 1101 1084 1170 σωτηρίαν
1123 1104 1222 1148 τῶν
1272 1094 1574 1170 ἀνθρώπων,
1607 1094 1665 1148 ού
1716 1091 1931 1157 δοξάσει

320 1193 516 1240 τοῦτον
542 1205 556 1256 ;

403 1399 554 1446 Ἔστι
602 1388 662 1446 δι
713 1395 803 1445 καὶ
859 1391 1011 1453 ἄλλος
1063 1389 1236 1463 λόγος,
1285 1392 1404 1464 me,
1449 1390 1502 1444 ὃν
1548 1389 1752 1464 λέγεται
1801 1386 1934 1454 δόξα

329 1483 495 1536 αὐτοῦ
555 1483 581 1534 ό
644 1483 892 1556 σταυρὸς,
959 1480 1012 1532 ὃν
1066 1478 1274 1556 έροῦμεν
1332 1481 1450 1552 (Η)
1507 1477 1556 1532 ἓν
1617 1481 1782 1554 καιρῷ
1857 1488 1932 1553 τῷ

327 1575 677 1647 πρόσὴκοντι.

402 1664 544 1723 Τέως
599 1655 658 1712 δι
719 1664 955 1720 Μωῦσῆς
1006 1662 1097 1711 καὶ
1158 1657 1331 1719 Ἠλίας
1385 1657 1555 1731 ἔλεγόν
1605 1661 1698 1718 τὴν
1755 1654 1933 1722 έξοδον

336 1749 520 1816 αὐτοῦ,
574 1753 603 1808 ἥ
655 1751 752 1808 την
807 1745 967 1812 δόξαν
1019 1747 1200 1816 αὐτοῦ,
1249 1752 1507 1820 τουτέστι,
1549 1752 1668 1823 περὶ
1718 1756 1808 1808 τῆς
1858 1745 1932 1810 ἐξ·

336 1835 468 1892 όδου
500 1837 676 1902 αὐτοῦ,
708 1841 738 1897 ἦ
777 1841 894 1911 περὶ
930 1844 991 1896 τῆ
1004 1856 1025 1900 ς
1064 1833 1226 1900 δόξης
1255 1836 1434 1909 αὐτοῦ,
1469 1839 1656 1907 εῖτουν,
1694 1840 1813 1911 περὶ
1842 1843 1934 1890 τοῦ

339 1934 570 2000 σταυροῦ
599 1926 779 1996 αὐτοῦ,
808 1933 914 1988 πῶς
946 1925 1116 1998 ἔμελλε
1148 1928 1536 2001 σταυρωθῆναισ

410 2017 584 2081 ’Ἄξιον
617 2013 673 2069 δὲ
713 2016 966 2084 ζητῆσαι,
998 2018 1151 2069 πόθεν
1193 2018 1241 2068 οἱ
1275 2017 1510 2086 μαθηταὶ⁹
1539 2017 1671 2089 μετὰ
1699 2023 1934 2069 τοσαῦτα

335 2108 422 2165 ἔτη
495 2109 580 2159 τὸν
641 2112 872 2164 Μωῦσῆν
950 2109 1038 2158 καὶ
1113 2108 1201 2158 τόν
1269 2105 1443 2158 Ἠλίαν
1511 2104 1811 2179 ἐγνώρισανο
1874 2104 1932 2158 ού

332 2200 436 2270 γὰρ
492 2191 626 2253 ἦσαν
694 2194 817 2270 παρ’
883 2193 1140 2268 Ἑϐραίοις
1196 2194 1401 2248 εἰκόνων
1466 2199 1704 2256 πίνακες,
1765 2198 1932 2268 Φαμεν

333 2283 445 2354 οὖν,
487 2286 566 2337 ὅτι
602 2283 651 2336 ἓν
698 2282 916 2355 βιϐείοις
964 2286 1097 2346 τινες
1139 2292 1237 2336 τῶν
1292 2284 1638 2358 παλαιοτέρων
1686 2282 1932 2357 Ἐϐραίων

328 2375 398 2425 τὰ
443 2370 560 2430 εἰδη
615 2381 716 2424 τῶν
771 2371 1024 2445 ἐπιφανῶν
1077 2369 1279 2449 ανδρῶν
1329 2380 1439 2435 τοῖς
1492 2377 1936 2446 μεταγενεστέροις

330 2459 760 2530 ἀπολελοίπασιν,
827 2463 958 2536 οἷπερ
1035 2460 1492 2534 ἀναγινώσκοντες,
1563 2461 1784 2515 ἐντεῦθεν
1842 2461 1938 2513 αύο

331 2554 459 2613 τοὺς
505 2548 812 2622 ἐγίνωσκον,
862 2551 1010 2612 Εἰκὸς
1055 2546 1134 2618 δε,
1183 2555 1273 2604 καὶ
1317 2549 1371 2613 ἐξ
1419 2549 1652 2626 ἀγράφου
1696 2546 1938 2623 παραδό-

341 2658 468 2700 σεως
512 2642 928 2713 μνημονεύεσθαι
975 2642 1068 2702 τὰς
1118 2636 1258 2701 ἰδέας
1303 2640 1491 2696 αὐτῶν.
1541 2639 1700 2703 Ἴσως
1742 2636 1801 2693 δι
1849 2643 1939 2692 καὶ

339 2728 396 2794 ἐξ
425 2729 800 2802 ἀποκαλύψεως
826 2731 961 2791 θείας
990 2727 1282 2802 έπέγνωσαν
1311 2729 1520 2792 αύτούς.

417 2906 509 2982 [Ἦ
551 2908 668 2980 (42)
706 2909 796 2960 καὶ
847 2905 1031 2970 ἄλλωςο
1085 2910 1204 2984 περὶ
1260 2909 1348 2960 τὸν
1393 2909 1626 2983 Χριστόν
1675 2910 1941 2980 φαίνονται

340 3002 578 3059 Μωῦσῆς
624 3001 714 3051 καὶ
752 2997 951 3069 Ἠλίας,
990 2993 1286 3064 δηλοῦντες,
1332 2998 1414 3050 ὅτι
1450 3001 1517 3050 τὰ
1545 3001 1818 3074 μυστήρια
1844 3005 1941 3059 τῆς

340 3104 401 3139 τε
454 3094 690 3160 νομικῆς,
747 3095 838 3148 τῆς
907 3106 961 3140 τε
1019 3095 1348 3162 προφητικξς
1420 3092 1804 3161 πραγματείας,
1869 3087 1941 3151 εἰς

2038 570 2359 619 excessum,
2400 551 2505 608 sed
2538 549 2712 616 δόξαν,
2743 551 2804 607 id
2836 558 2940 621 est,
2980 552 3222 623 gloriam
3255 548 3477 605 habent
3506 565 3518 617 ;
3543 563 3687 604 nam

2037 643 2224 715 gloria
2255 657 2493 714 quoque
2514 639 2849 712 appellatur
2880 656 3019 695 crux
3051 640 3194 711 ipsa.
3223 637 3366 694 Aliis
3399 637 3687 710 siquidem

2039 732 2322 788 omnibus
2367 729 2657 802 probrum
2704 733 2831 785 erat
2874 733 3077 801 utpote
3108 743 3467 799 magnorum
3506 742 3690 800 poena

2041 819 2409 875 criminum:
2465 817 2573 874 soli
2618 833 2761 874 vero
2832 817 3058 874 Christo
3115 817 3302 887 gloria
3357 816 3514 872 facta
3579 820 3685 881 est,

2039 907 2248 978 magni
2287 906 2554 963 videlicet
2599 922 2743 977 erga
2785 921 2896 961 nos
2920 906 3142 962 amoris
3172 905 3511 977 praemium.
3545 904 3688 973 Quis

2039 998 2200 1054 enim
2222 1001 2460 1066 gratum
2505 995 2737 1052 habens
2767 994 3062 1061 animum,
3095 993 3345 1050 audiens
3396 995 3562 1066 quod
3585 993 3690 1066 qui

2039 1085 2203 1144 omni
2243 1085 2462 1155 dignus
2501 1089 2621 1140 erat
2660 1084 2911 1154 honore,
2949 1082 3299 1154 hujusmodi
3346 1098 3455 1154 pro
3485 1088 3691 1139 nostra

2041 1175 2228 1232 salute
2254 1189 2573 1248 perpessus
2603 1179 2691 1231 est
2713 1173 3122 1245 ignominiam,
3172 1187 3296 1228 non
3334 1171 3694 1243 gloriﬁcabit

2040 1263 2205 1321 illum
2243 1263 2271 1320 ?

2115 1357 2210 1411 Est
2240 1357 2295 1412 et
2314 1353 2496 1411 altera
2533 1353 2684 1412 ratio
2707 1353 2879 1425 juxta
2916 1367 3102 1426 quam
3133 1351 3348 1409 dicitur
3377 1367 3541 1419 crux,
3570 1351 3695 1423 glo-

2041 1443 2131 1502 ria
2157 1443 2305 1516 ejus,
2333 1458 2511 1517 quam
2542 1458 2652 1502 suo
2690 1442 3016 1500 referemus
3046 1444 3334 1514 tempore.

2114 1638 2354 1696 Interim
2383 1653 2525 1696 vero
2551 1641 2739 1695 Moses
2769 1641 2825 1694 et
2870 1637 3026 1695 Elias
3056 1637 3337 1695 dicebant
3377 1650 3694 1694 excessum

2044 1728 2199 1800 ejus,
2229 1732 2287 1784 et
2307 1728 2556 1799 gloriam
2579 1728 2729 1799 ejus,
2761 1727 2876 1784 hoc
2891 1731 2979 1784 est
2992 1727 3396 1799 loquebantur
3423 1726 3494 1782 de
3514 1731 3692 1792 exitu,

1962 1819 2012 1880 Β
2045 1817 2136 1874 vel
2159 1817 2233 1874 de
2264 1817 2453 1888 gloria
2470 1817 2614 1889 ejus,
2643 1817 2768 1873 sive
2796 1816 2871 1873 de
2901 1831 3095 1882 cruce,
3127 1816 3439 1888 quomodo
3467 1815 3696 1873 cruciﬁ-

2044 1907 2279 1978 gendus
2297 1909 2448 1964 erat.

2113 1996 2370 2067 Dignum
2392 1999 2477 2051 est
2506 1997 2729 2062 autem,
2752 1997 2817 2050 ut
2836 1992 3210 2065 inquiramus
3231 1991 3392 2048 unde
3413 1991 3696 2064 discipuli

2041 2090 2178 2158 post
2206 2090 2329 2141 tam
2379 2083 2602 2139 multos
2652 2097 2846 2138 annos
2875 2082 3077 2138 Mosen
3102 2087 3158 2137 et
3212 2082 3402 2136 Ellam
3433 2095 3693 2151 agnove-

2041 2179 2198 2231 runt.
2232 2177 2436 2246 Neque
2463 2173 2622 2229 enim
2654 2172 2818 2244 apud
2844 2173 3123 2228 Hebraeos
3153 2176 3322 2228 erant
3358 2172 3693 2241 imaginum

2041 2263 2283 2321 tabulae.
2336 2261 2600 2318 Dicimus
2630 2277 2772 2331 ergo
2804 2260 2971 2333 quod
2997 2261 3056 2316 in
3109 2259 3270 2316 libris
3313 2259 3566 2332 quidam
3600 2275 3697 2317 ve-

2043 2354 2360 2409 tustiorum
2397 2351 2776 2407 Hebraeorum
2807 2349 3031 2421 species
3070 2348 3395 2419 insignium
3427 2350 3695 2406 virorum

2044 2441 2296 2516 posteris
2325 2440 2702 2511 reliquerant,
2735 2455 2887 2510 quos
2904 2438 3186 2508 legentes,
3221 2437 3359 2493 inde
3386 2453 3490 2493 eos
3512 2453 3698 2507 agno-

2047 2531 2310 2587 scebant.
2355 2527 2683 2584 Verisimile
2723 2542 2968 2600 quoque
3007 2531 3116 2593 est,
3157 2541 3230 2582 ex
3275 2525 3694 2583 traditionibus

2047 2620 2180 2677 viva
2193 2634 2341 2676 voce
2359 2616 2589 2674 traditis
2605 2617 2667 2673 in
2683 2615 2976 2674 memoria
2991 2615 3232 2674 habitas
3253 2614 3436 2672 fuisse
3457 2615 3697 2674 illorum

2051 2709 2282 2784 species
2333 2712 2432 2765 aut
2470 2707 2719 2780 ﬁguras.
2774 2708 3050 2764 Fortasse
3071 2710 3276 2764 autem
3305 2711 3362 2764 et
3400 2722 3472 2764 ex
3494 2705 3699 2764 divina

2046 2799 2406 2858 revelatione
2433 2797 2566 2854 illos
2605 2800 2995 2869 agnoverunt.

2119 2890 2163 2962 -ξ-
2199 2890 2314 2946 Aut
2371 2888 2549 2946 etiam
2601 2885 2784 2951 aliter,
2837 2885 3013 2958 juxta
3060 2883 3354 2942 Christum
3404 2889 3703 2958 apparent

2050 2982 2236 3038 Moses
2262 2984 2318 3037 et
2341 2978 2514 3044 Elias,
2541 2975 2948 3048 signiﬁcantes
2977 2973 3143 3048 quod
3172 2975 3461 3048 mysteria
3484 2974 3704 3047 legalia

2053 3083 2124 3126 ac
2160 3067 2530 3142 prophetalia
2557 3066 2619 3122 in
2651 3080 2835 3121 unum
2856 3063 3164 3121 intendunt
3192 3065 3506 3135 Christum,
3542 3069 3598 3123 et
3631 3080 3703 3122 ea

335 3177 426 3228 τὸν
457 3155 690 3251 Χριστόν
721 3155 1173 3249 συνάγονταιξκόιὶ
1196 3179 1261 3228 τὰ
1289 3181 1407 3252 περὶ
1427 3155 1580 3229 αύτόν
1597 3155 1940 3250 μηνύουσιν],
1980 3169 2027 3235 C
2230 3156 2440 3252 Chrisii
2463 3162 2598 3212 sum
2617 3155 2998 3252 ιζτεεείεοαξξ·

416 3264 742 3341 Ἀποκριθεὶς
807 3296 876 3307 -
928 3265 1096 3338 Ἠλίᾳ.
1157 3261 1368 3338 Σφόδρα
1438 3265 1594 3338 φιλῶν
1661 3267 1687 3320 ὁ
1750 3271 1944 3340 Πέτρος

341 3359 427 3408 τὸν
477 3351 824 3420 Διδάσκαλον,
878 3359 968 3408 σαὶ
1029 3359 1099 3427 μὴ
1168 3354 1321 3408 θέλων
1376 3353 1611 3408 ἀπελθεῖν
1666 3355 1820 3408 αὐτόν
1874 3355 1942 3419 εἰς

341 3443 691 3518 Ἰεροσόλυμα,
774 3444 856 3496 ἶνα
940 3447 1010 3516 μὴ
1083 3441 1316 3496 ἀπελθὼν
1389 3443 1492 3497 ἐκεῖ
1548 3446 1712 3519 πάθη,
1773 3447 1945 3508 καθὼς

342 3538 639 3608 προείρηκε,
695 3541 920 3606 φανερῶς
966 3536 1056 3605 μέν
1122 3532 1181 3585 ού
1237 3533 1404 3606 τολμᾷ
1459 3533 1692 3587 κωλύσαι
1767 3535 1944 3607 αὐτὸν,

346 3631 428 3676 ῖνα
487 3627 559 3696 μή
620 3623 772 3675 πάλιν
827 3620 1131 3695 έπιτιμηθῇ·
1205 3623 1520 3696 θεασαμενος
1580 3621 1639 3677 δέ
1691 3627 1749 3677 τὸ
1811 3629 1945 3700 ὅρος,

345 3712 539 3770 πολλὴν
586 3714 710 3785 ἔχον
752 3710 1054 3784 ἀσφάλειαν,
1105 3714 1172 3774 ὡς
1205 3711 1540 3786 ἀγνοούμενον
1579 3721 1688 3778 τοῖς
1738 3714 1948 3768 έπιϐου-

344 3800 606 3853 λεύουσιν
666 3800 776 3874 ἃμα
828 3797 888 3854 δι
939 3806 1028 3854 καὶ
1074 3808 1305 3860 Μωῦσῆν
1358 3807 1447 3855 καὶ
1496 3803 1693 3872 Ἠλίαν,
1745 3806 1948 3868 ἱκανούς

350 3889 582 3963 ἀμύνειν·
617 3892 644 3942 ό
676 3894 764 3962 μέν
792 3894 893 3963 γὰρ
921 3891 1084 3944 πολλὰ
1112 3893 1230 3950 ἔθνη
1261 3897 1678 3966 κατηγωνίσατο,
1713 3895 1739 3947 ό
1762 3891 1821 3947 δι
1846 3902 1947 3971 πῦρ

350 3977 406 4042 έξ
473 3979 692 4053 ούρανοῦ
759 3984 1052 4053 κατήγαγεν
1118 3979 1199 4034 in}
1258 3983 1379 4045 τοὺς
1437 3987 1946 4061 πεντηκοντάρχους·

354 4067 697 4142 συμϐουλεύει
724 4074 886 4142 μένειν
915 4070 1037 4129 ἐκεῖ.

422 4249 590 4304 Εἰπὼν
635 4247 712 4319 δί,
771 4252 852 4304 ὅτι
901 4251 1065 4305 Καλόν
1123 4250 1265 4306 ἔστιν
1317 4252 1456 4328 ἡμᾶς
1507 4250 1612 4308 ὧδε
1660 4251 1808 4325 εἶναι,
1858 4261 1948 4310 καὶ

347 4342 518 4413 γνούς,
574 4341 653 4393 ὅτι
699 4349 868 4404 κακῶς
917 4344 1071 4410 εῖπεν,
1113 4344 1182 4405 ὡς
1238 4341 1290 4406 ἒξ
1336 4343 1494 4407 οἰείας
1531 4350 1773 4416 γνώκπης
1813 4345 1948 4400 ἁπο-

350 4431 653 4504 φηνάμενος,
717 4432 1058 4502 προσέθηκεν,
1117 4433 1219 4502 ὅτι,
1283 4432 1344 4486 Εἰ
1411 4433 1582 4506 θέλεις,
1644 4441 1947 4511 ποιήσωμεν

2125 3249 2283 3304 Vers.
2305 3246 2357 3301 4.
2389 3243 2752 3316 Respondem
2787 3271 2858 3284 -—
2904 3243 3077 3298 Elia".
3122 3241 3271 3298 Cum
3296 3243 3505 3300 Petrus
3531 3243 3702 3299 vehe-

2054 3340 2284 3392 menter
2311 3338 2736 3407 praeceptorem
2759 3336 3008 3396 amaret,
3039 3347 3149 3386 nec
3175 3331 3348 3387 vellet
3378 3348 3516 3388 eum
3537 3332 3703 3388 abire

2055 3423 2482 3496 Hierosolyma,
2509 3438 2584 3478 ne
2612 3437 2681 3477 eo
2703 3420 3008 3491 digressus
3039 3425 3359 3492 pateretur,
3385 3420 3536 3476 sicut
3557 3436 3706 3493 prae-

2055 3516 2312 3572 dixerat:
2346 3513 2550 3584 palam
2575 3511 2823 3584 quidem
2852 3524 2974 3565 non
3005 3509 3185 3566 audet
3215 3526 3354 3566 eum
3370 3509 3702 3582 prohibere,

2055 3622 2132 3663 ne
2178 3619 2414 3661 rursum
2457 3602 2902 3674 increparetur;
2939 3597 3059 3655 viso
3091 3603 3293 3656 autem
3337 3599 3503 3673 quod
3533 3615 3705 3656 mons

2057 3710 2346 3766 magnam
2361 3691 2608 3750 haberet
2624 3688 3021 3756 securitatem,
3039 3693 3240 3760 utpote
3261 3688 3707 3746 insidiatoribus

2058 3783 2416 3854 incognitus,
2442 3779 2618 3836 simul
2643 3785 2844 3835 autem
2887 3781 3085 3834 Mosen
3133 3783 3188 3834 et
3230 3778 3415 3834 Ellam
3457 3778 3707 3833 idoneos

2058 3875 2164 3947 qui
2181 3873 2602 3929 ulciscerentur
2634 3887 2649 3939 ;
2679 3883 2824 3924 nam
2849 3867 2943 3924 ille
2975 3866 3262 3939 plurimas
3304 3873 3510 3940 gentes
3552 3867 3710 3924 devi-

2058 3967 2239 4029 cerat,
2268 3961 2363 4018 hic
2387 3976 2528 4017 vero
2567 3959 2770 4031 ignem
2813 3972 2986 4030 super
3038 3956 3589 4030 quinquagenarias
3633 3958 3709 4014 de

2059 4054 2210 4111 caelo
2257 4053 2614 4118 detraxerat,
2656 4048 2911 4107 consulit
2944 4047 3028 4104 illi
3069 4046 3274 4104 dicens
3309 4048 3578 4106 :Bonum
3630 4055 3708 4106 est

2056 4159 2164 4201 nos
2187 4143 2275 4200 hic
2302 4156 2436 4199 esse.

2128 4250 2373 4323 Cognito
2425 4250 2626 4305 autem
2672 4243 2841 4319 quod
2889 4244 3047 4302 male
3099 4243 3330 4302 locutus
3386 4243 3594 4302 fuisset
3639 4260 3714 4301 ex

2057 4343 2298 4415 pr0pria
2326 4343 2522 4396 mente
2561 4341 2848 4409 statuens,
2879 4334 3110 4392 addidit
3149 4350 3163 4391 :
3195 4333 3257 4390 Si
3286 4333 3391 4400 vis,
3417 4336 3716 4406 faciamus

2060 4431 2150 4488 hic
2181 4432 2292 4486 tria
2320 4428 2726 4493 tabernacula,
2758 4425 2860 4482 tibi
2889 4441 3092 4491 unum,
3126 4429 3182 4481 et
3211 4424 3403 4496 Moysi
3423 4442 3626 4492 unum,
3657 4432 3710 4482 et

346 4515 452 4572 ὧδε
497 4527 637 4594 τρεῖς
688 4522 903 4585 σκηνὰς,
966 4524 1047 4573 σοὶ
1093 4525 1238 4593 μίαν,
1277 4526 1364 4574 καὶ
1415 4530 1630 4577 Μωῦσεί
1675 4531 1820 4598 μίαν,
1861 4530 1937 4580 καὶ

2061 4520 2210 4578 Elia?
2222 4535 2422 4576 unum.
2441 4517 2593 4585 Quid
2610 4516 2718 4583 ais,
2733 4532 2769 4574 ο
2797 4518 2955 4572 Petre
2971 4515 2999 4571 ?
3015 4513 3194 4571 Paulo
3211 4525 3348 4570 ante
3375 4513 3713 4572 naturalem

348 4629 472 4682 μιαν
531 4608 703 4680 Ἠλίᾳ.
757 4613 819 4662 Τί
867 4608 1051 4681 λέγεις,
1109 4607 1148 4660 ὦ
1208 4614 1408 4686 Πέτρε;
1462 4615 1562 4686 πρὸ
1618 4622 1809 4690 μικροῦ
1861 4619 1937 4690 μετ

2060 4612 2223 4668 hunc
2259 4609 2358 4666 Dei
2397 4608 2610 4664 Filium
2640 4605 2952 4664 confessus
3008 4620 3090 4670 es,
3143 4619 3306 4660 nunc
3335 4609 3539 4662 autem
3573 4619 3712 4661 cum

348 4703 564 4769 γνήσιον
615 4700 736 4752 Υἱὸν
783 4704 874 4750 τοῦ
929 4703 1055 4752 Θεοῦ
1103 4707 1280 4753 τοῦτον
1334 4700 1694 4774 ὡμολόγησας·
1753 4711 1840 4756 νῦν
1895 4701 1937 4758 δ]

2064 4701 2246 4758 servis
2272 4698 2594 4756 Dominum
2624 4708 3082 4757 connumerans,
3107 4691 3289 4748 etiam
3308 4692 3387 4748 ab
3404 4693 3555 4766 ipsis
3592 4706 3714 4748 ser-

357 4788 487 4857 μετὰ
534 4793 634 4838 τῶν
689 4783 887 4839 δούλων
944 4787 1180 4864 ἀριθμεῖς
1234 4792 1320 4842 τὸν
1369 4795 1655 4865 Δεσπότην,
1706 4797 1796 4845 καὶ
1851 4795 1937 4848 ύπέ

2062 4791 2330 4850 vandum
2350 4805 2489 4845 eum
2520 4800 2726 4860 speras
2756 4784 2784 4839 τ
2809 4781 2954 4837 Vide
2973 4781 3284 4853 quomodo
3311 4787 3449 4839 ante
3479 4781 3713 4854 passio-

362 4875 553 4926 τούτων
601 4877 831 4937 σωθῆναι
873 4877 1028 4931 αὐτὸν
1077 4876 1333 4949 ἱλπίζειςς
1383 4878 1541 4956 Ὀρα,
1571 4889 1676 4944 πῶς
1722 4885 1823 4957 πρὸ
1861 4891 1937 4937 τοί

2062 4899 2196 4940 nem
2233 4878 2538 4955 inperfecti
2583 4871 2918 4932 admodum
2961 4874 3130 4928 erant
3167 4870 3465 4944 discipuli.
3528 4870 3716 4929 Simul

1552 5089 1777 5164 Variae
1806 5093 2133 5167 lectiones
2163 5101 2232 5163 et
2265 5101 2471 5165 notae.

423 5299 1512 5380 (LO)IntelligitcodicesChrysostorni,
1536 5307 1607 5380 ut
1628 5307 1786 5366 alibi.
1809 5309 1948 5369 Vide
2058 5309 2267 5380 scribis
2295 5322 2514 5380 parum
2567 5302 2824 5371 attentis,
2877 5299 3037 5375 quod
3081 5298 3258 5367 ἔξοδος
3287 5300 3442 5360 inter
3485 5301 3711 5378 duplex

347 5371 638 5446 Chrysost.
680 5379 718 5432 t.
750 5371 887 5443 'Vll,
925 5391 986 5449 p.
1018 5377 1125 5451 56⁸(
1150 5371 1339 5451 _A'bis,
1373 5394 1427 5451 p_.
1460 5371 1565 5434 584
1601 5382 1664 5437 D.
1707 5380 1950 5442 Scilicet
2011 5399 2021 5407 ·
2060 5379 2192 5446 δόξα
2220 5371 2461 5451 legitur.

344 5443 796 5525 usu'receptum
823 5443 949 5504 erat
968 5446 1131 5525 aqud
1149 5443 1352 5525 Patres
1374 5443 1644 5525 ξᾷτωοοε,
1673 5455 1760 5525 τὸν
1789 5473 1949 5508 σταυ-
2130 5443 2247 5525 (et)
2276 5443 2441 5525 Nunc
2470 5446 2897 5525 non_record_or
2909 5443 3044 5525 loci,
3051 5444 3178 5525 _ubi
3205 5445 3266 5502 in
3291 5444 3384 5502 his
3413 5461 3720 5525 commeng

344 5519 434 5598 ριόν
465 5515 820 5598 τοῦ-Χριστοῦ
852 5515 1155 5598 appellare
1186 5524 1280 5598 τὴν
1307 5517 1463 5598 δίόξοςν
1487 5515 1667 5598 αύτοῦ.
1699 5524 1768 5598 Id
1794 5541 1937 5583 unus

2063 5515 2241 5583 tariis'
2280 5524 2354 5580 de
2405 5539 2467 5598 re
2507 5520 2718 5578 eadem
2777 5517 3021 5598 dixerit.‘
3051 5515 3240 5598 Forte_
3273 5532 3417 5588 ergo
3446 5517 3716 5589 intelligit

346 5588 592 5669 dixerat,
622 5588 1189 5669 fueratque’deinde,
1215 5593 1794 5669 utaliahujusmodi,
1818 5612 1953 5669 pro-
2067 5595 2576 5669 Commentarium
2610 5606 2788 5669 suum
2811 5589 2898 5669 _ad
2923 5588 3095 5644 Hebr.
3125 5605 3183 5669 ῃ,
3214 5593 3267 5646 9.

348 5666 636 5787 pagatum
657 5662 734 5718 ad
764 5661 931 5719 alios.
954 5663 1160 5742 _Nititur
1180 5668 1382 5747 autem
1407 5661 1533 5752 haec
1551 5661 1957 5752 interpreiatio
2100 5744 2108 5753 ‘
2141 5667 2252 5742 (42)
2285 5667 2520 5725 Inclusa
2539 5663 2780 5724 exhibet
2806 5661 2868 5720 in
2896 5675 3090 5732 marg.
3123 5662 3182 5717 Β.

371 5746 482 5787 oco
513 5731 688 5787 Hebr.
724 5748 781 5787 ιι.
815 5737 868 5787 9.
899 5733 1002 5787 Hic
1033 5738 1235 5787 autem
1269 5734 1453 5787 facilis
1492 5742 1616 5787 erat
1656 5744 1958 5787 corrnntm

371 5746 482 5789 oco
513 5731 688 5790 Hebr.
724 5748 781 5790 ιι.
815 5737 868 5792 9.
899 5733 1002 5791 Hic
1033 5738 1235 5794 autem
1269 5734 1453 5794 facilis
1492 5742 1616 5798 erat
1656 5731 1958 5814 corruptio
2100 5744 2108 5753 ‘
