4186 6318
544 360 650 435 iss

1880 353 2232 429 EUTHYMIi
2268 352 2594 431 ZIGABENI

3823 366 3942 436 484

543 509 746 561 autem
775 505 973 558 Petrus
1003 499 1252 571 duplam
1296 502 1439 555 tunc
1476 499 1694 554 mentis
1721 499 2177 555 commotionem

2310 508 2537 574 σταυροῦ
2596 499 2804 577 σφόδρα
2853 502 3045 566 ἀτελεῖς
3094 501 3228 562 ἦσαν
3276 504 3326 558 οἳ
3375 507 3629 579 μαθήταυ
3682 504 3810 577 ἅμα
3875 503 3940 558 δε

542 591 876 648 sustinebat
902 605 913 643 :
945 589 1084 644 hinc
1113 587 1355 660 quidem
1392 587 1692 659 trepidans
1723 603 1832 659 pro
1880 587 2191 657 magistro,

537 681 860 738 illincvero
889 695 925 735 a
981 675 1416 750 supernaturali
1473 676 1573 732 illo
1630 681 1876 748 aspectu
1916 676 2193 732 turbatus

539 775 624 826 est
653 774 710 826 et
738 767 1040 837 confusus,
1060 766 1320 838 taliaque
1347 765 1703 838 loquebatur
1741 765 2017 820 nesciens
2043 765 2194 838 quid

536 860 774 926 diceret,
805 859 958 914 sicut
986 855 1133 913 dixit
1151 857 1339 912 Lucas
1368 856 1409 922 ‘,
1431 855 1547 912 hoc
1564 862 1652 911 est
1675 855 1835 928 quod
1860 854 2194 910 inconside-

535 953 662 1006 rate
689 948 1049 1021 loqueretur.

609 1165 837 1221 Marcus
860 1163 1063 1218 autem
1093 1159 1173 1215 ait
1201 1176 1214 1215 :
1245 1159 1444 1232 Neque
1495 1158 1651 1215 enim
1681 1159 1899 1216 sciebat
1923 1159 2069 1230 quid
2109 1160 2193 1216 lo-

539 1258 778 1309 cuturus
795 1257 926 1308 esset
951 1251 993 1316 ⁵,
1013 1250 1070 1306 id
1085 1253 1190 1321 est,
1215 1264 1336 1305 non
1363 1252 1609 1306 noverat
1627 1248 1769 1321 quid
1791 1248 1949 1304 aliud
1970 1248 2187 1305 melius

536 1341 846 1398 locuturus
877 1344 1032 1396 esset
1060 1338 1154 1395 vel
1183 1337 1348 1410 loqui
1379 1342 1598 1408 posset.
1628 1337 1851 1393 Deinde
1872 1337 2105 1394 addidit
2134 1344 2191 1394 et

537 1446 786 1487 causam
837 1430 1065 1494 dicens,
1095 1427 1262 1500 quod
1291 1432 1461 1484 erant
1508 1427 1787 1484 exterriti.
1818 1428 2008 1483 Lucas
2047 1443 2187 1485 vero

536 1519 773 1591 scripsit
806 1521 848 1588 ⁸,
901 1519 1062 1591 quod
1105 1521 1274 1573 erant
1326 1531 1541 1573 somno
1579 1517 1810 1587 gravati
1851 1535 1866 1576 :
1919 1517 2186 1572 Exterriti

532 1608 778 1680 quidem
807 1607 937 1663 visa
967 1607 1162 1679 specie
1192 1604 1327 1677 plus
1379 1621 1565 1677 quam
1615 1604 1902 1661 humana.
1965 1607 2186 1663 Grava-

526 1695 744 1753 bantur
773 1699 974 1751 autem
1005 1708 1220 1750 somno
1249 1708 1368 1766 prae
1415 1708 1632 1765 sopore
1661 1693 1767 1766 qui
1797 1708 1834 1750 a
1865 1694 2186 1767 splendore

529 1783 941 1857 procedebat;
996 1798 1191 1856 neque
1262 1783 1422 1837 enim
1479 1797 1598 1838 nox
1677 1787 1803 1839 erat
1879 1784 1982 1840 sed
2037 1784 2182 1841 dies.

532 1873 876 1946 Splendoris
950 1876 1152 1928 tamen
1209 1885 1484 1927 excessus
1534 1870 1898 1928 obscurabat
1948 1872 2184 1930 illorum

531 1964 761 2031 oculos,
792 1977 863 2018 ac
900 1966 1154 2016 mentem
1175 1959 1560 2030 aggravabat,
1592 1959 1787 2016 donec
1813 1960 2067 2032 perfecte
2087 1979 2185 2018 ex-

531 2050 801 2124 perrecti,
857 2049 1008 2105 sicut
1062 2048 1210 2104 dixit
1251 2049 1440 2104 Lucas
1470 2049 1514 2119 7,
1572 2049 1696 2104 sive
1751 2049 1830 2105 ad
1881 2065 1944 2105 se
1991 2066 2028 2107 a
2085 2051 2186 2108 tali

533 2155 747 2211 sopore
771 2143 828 2195 et
855 2137 1343 2194 obtenebratione
1398 2137 1636 2203 reversi,
1690 2137 1967 2196 viderunt
2000 2157 2186 2212 quan-

533 2233 658 2285 tum
714 2227 998 2300 possibile
1050 2230 1196 2294 erat,
1244 2225 1496 2296 gloriam
1543 2226 1694 2298 ejus.
1739 2226 1946 2283 Petrus
1983 2231 2185 2302 itaque

533 2317 847 2375 confusam
867 2317 1066 2374 adhuc
1086 2320 1348 2372 mentem
1374 2315 1624 2382 habens,
1657 2315 2100 2377 inconsiderata
2127 2326 2186 2376 et

532 2408 866 2478 incongrua
891 2406 1268 2479 loquebatur.

599 2497 644 2568 σι-
679 2496 808 2552 Tria
842 2494 1230 2552 tabernacula
1259 2493 1504 2565 intelligi
1537 2497 1794 2566 possunt
1838 2498 1956 2552 tres
1984 2496 2065 2553 ad
2093 2514 2187 2556 sa-

528 2585 713 2642 lutem
760 2585 1205 2656 dispositiones,
1270 2582 1537 2638 videlicet
1589 2584 1978 2655 operationis,
2046 2603 2184 2644 con-

527 2674 958 2747 templationis,
981 2679 1036 2730 et
1048 2672 1382 2742 theologize.
1407 2672 1777 2744 Operationis
1789 2673 1992 2746 itaque
2005 2680 2184 2748 typus

525 2762 642 2820 fuit
687 2763 841 2819 Elias
899 2761 1065 2817 fortis
1095 2777 1165 2816 ac
1219 2764 1604 2832 temperatus.
1654 2761 2183 2834 Contemplationis

526 2851 723 2908 Moses
769 2850 1072 2921 legislator
1112 2865 1183 2904 ac
1242 2848 1391 2919 juris
1451 2849 1643 2916 dator.
1705 2850 1997 2924 Thelogiua
2049 2869 2183 2909 vero

528 2939 818 3007 Christus,
849 2944 1055 3011 utpote
1084 2937 1430 2994 omnimode
1451 2937 1766 3009 perfectus.
1801 2942 1934 2996 Hinc
1978 2927 2180 2998 autem

525 3029 915 3088 tabernacula
927 3031 1078 3094 sunt,
1098 3026 1546 3098 comparatione
1556 3028 1892 3086 futurarum
1908 3031 2176 3102 quietum

523 3117 1066 3192 incomparabiliter
1102 3115 1444 3172 meliorum.

596 3208 769 3265 Vers.
797 3207 853 3262 5.
882 3207 1098 3262 Adhuc
1122 3236 1192 3245 —
1220 3204 1388 3260 nube.
1424 3205 1622 3261 Nubes
1648 3210 1704 3261 et
1718 3223 1855 3276 vox,
1880 3212 1944 3265 ut
1972 3210 2178 3268 certio-

521 3315 618 3356 res
645 3299 1031 3355 redderentur
1049 3297 1151 3353 Dei
1190 3312 1324 3353 esse
1352 3311 1564 3352 vocem
1605 3314 1619 3364 ;
1653 3298 1986 3357 didicerant
2014 3302 2172 3358 enim

521 3389 688 3462 quod
710 3390 862 3444 Deus
890 3388 950 3443 in
980 3387 1140 3444 nube
1168 3386 1480 3442 veheretur
1513 3402 1526 3442 :
1555 3388 1783 3443 Poncns
1801 3389 2015 3462 inquit,
2058 3409 2172 3448 nu-

522 3478 612 3534 bes
642 3493 942 3534 ascensum
965 3476 1156 3532 suum“
1174 3493 1193 3547 ;
1220 3474 1630 3547 multaquehuj
1643 3477 1878 3533 usmodi
1900 3477 2173 3552 frequen-

521 3569 610 3622 ter
642 3566 820 3623 habet
847 3566 1168 3637 Scriptura.
1184 3563 1507 3621 Considera
1526 3579 1668 3620 vero
1679 3581 1802 3636 quo
1823 3573 2000 3638 pacto
2025 3571 2173 3628 dum

519 3655 798 3724 minatur,
826 3653 1148 3711 obscuram
1164 3652 1332 3725 ponit
1350 3651 1511 3708 circa
1536 3668 1598 3708 se
1630 3653 1878 3725 nubem,
1902 3659 1970 3712 ut
1994 3673 2174 3732 super

521 3744 666 3802 Sina
695 3746 715 3778 9
751 3766 763 3812 ;
795 3759 958 3801 nunc
983 3747 1184 3800 autem
1211 3741 1422 3813 Filium
1453 3741 1766 3798 ostendere
1815 3744 2044 3814 volens,
2085 3748 2173 3806 lu-

517 3834 715 3892 cidam
740 3833 903 3890 illam
940 3831 1152 3890 habet.

589 3921 747 3980 Vers.
761 3924 814 3980 5.
830 3922 1031 3980 Dicens
1047 3939 1058 3979 :
1075 3953 1143 3963 —
1158 3921 1565 3991 complacitum
1579 3926 1681 3977 est.
1698 3921 1996 3982 Haectertio
2007 3929 2167 3985 etiam

519 4013 702 4085 capite
720 4029 848 4069 cum
867 4012 1137 4068 Salvator
1153 4011 1552 4083 baptizaretur
1563 4010 1710 4067 dixit
1728 4014 1958 4071 caelitus
1971 4021 2168 4087 Pater;

516 4101 621 4156 sed
650 4101 731 4156 ibi
760 4105 1002 4172 propter
1031 4098 1543 4154 circumstantium
1576 4099 2030 4171 multitudinem,
2071 4106 2170 4163 hic

517 4193 720 4244 autem
750 4188 1012 4243 maxime
1035 4192 1272 4258 propter
1297 4186 1535 4242 Petrum
1562 4205 1576 4254 ;
1633 4203 1704 4246 ac
1726 4191 1774 4246 si
1799 4190 2018 4249 diceret
2054 4209 2170 4250 vox

515 4276 702 4332 Patris
733 4291 746 4331 :
782 4275 934 4341 Quid
961 4275 1153 4346 times,
1187 4291 1224 4331 o
1251 4275 1432 4348 Petre,
1451 4278 1525 4334 de
1551 4278 1690 4336 Jesu
1715 4279 1852 4336 ?hic
1877 4286 1962 4338 est
1987 4281 2168 4338 Filius

514 4380 678 4419 meus
713 4384 724 4430 ;
745 4379 854 4419 nec
878 4363 1223 4436 simpliciter
1235 4363 1439 4432 Filius,
1463 4372 1524 4423 ut
1541 4368 1594 4422 hi
1609 4369 1710 4442 qui
1732 4371 2170 4442 pervirtutema

513 4469 612 4509 me
637 4459 772 4509 sunt
791 4453 1079 4525 adoptati,
1101 4454 1206 4509 sed
1227 4454 1475 4512 dilectus
1497 4458 1620 4514 sive
1637 4459 1855 4516 electus
1879 4465 2168 4534 tanquam

2209 3152 2258 3256 Β

2306 590 2331 640 6
2372 593 2559 662 Πέτρος
2610 597 2699 644 καὶ
2749 589 2966 644 διπλοῦν
3023 601 3310 651 τηνικαῦτα
3369 595 3521 648 σάλον
3573 602 3667 656 τῆς
3721 593 3937 665 ψυχῆς

2304 679 2671 752 ὑφιστάμενος,
2717 689 2867 734 τοῦτο
2914 685 3024 754 μεν,
3081 681 3181 736 ἀπὸ
3232 691 3324 736 τοῦ
3380 682 3601 755 ἀγωνιᾷν
3649 684 3789 756 ὑπὲρ
3835 690 3935 736 τοῦ

2304 763 2659 837 Διδασκάλου,
2691 778 2843 823 τοῦτο
2875 767 2945 835 δ’,
2982 770 3082 824 ἀπὸ
3113 781 3205 833 τῆς
3233 773 3524 848 ὑπερφυοῦς
3569 771 3738 842 ὄψεως
3777 771 3932 824 ἐκεί-

2301 875 2388 917 νης
2437 858 2728 930 ἐταράχθη,
2765 865 2849 912 καὶ
2887 863 3177 933 συνεχύθη,
3227 866 3317 914 καὶ
3354 869 3573 914 τοιαῦτα
3608 860 3927 934 ἐφθέγγετο,

2301 949 2372 1018 μὴ
2443 944 2592 1008 εἰδὼς
2649 950 2674 1000 ὅ
2726 948 2882 1021 λέγει,
2950 951 3124 1011 καθὼς
3175 947 3284 1003 εἷπε
3346 956 3572 1020 Λουκᾶς,
3643 951 3671 1003 6
3742 948 3924 1016 ἐστιν,

2302 1033 2524 1088 ἀσύνετα
2550 1035 2735 1094 λαλῶν,

2370 1127 2583 1197 Μάρκος
2631 1122 2690 1178 δε
2728 1146 2905 1198 φησιν,
2949 1129 3026 1180 ὅτι
3079 1127 3188 1180 Οὑκ
3227 1123 3369 1201 ᾔδει,
3408 1133 3459 1181 τί
3495 1127 3739 1194 λαλήσει,
3789 1147 3919 1180 του-

2297 1216 2488 1275 τέστιν,
2549 1213 2642 1266 οὑκ
2699 1213 2964 1286 ἐγίνωσκε,
3023 1220 3076 1268 τί
3132 1215 3342 1275 λαλήσει
3405 1217 3573 1289 ἕτερον
3629 1223 3911 1290 κρεῖττον.

2297 1307 2425 1354 Εἶτα
2451 1304 2745 1374 προσέθηκε
2794 1309 2884 1357 καὶ
2932 1305 3122 1372 αἰτίαν,
3158 1305 3329 1358 εἰπών’
3363 1306 3443 1358 ὃτι
3492 1302 3628 1364 ἦσαν
3666 1306 3918 1379 ἔκφοϐοι.

2299 1397 2507 1453 Λουκᾶς
2569 1388 2628 1444 δε
2680 1393 2926 1467 ἔγραφεν,
2983 1395 3062 1446 ὃτι
3124 1390 3259 1452 ἦσαν
3325 1393 3674 1469 βεϐαρημένοι
3736 1396 3916 1468 ὕπνῳ.

2295 1478 2710 1553 Ἐξεφοϐήθησαν
2757 1485 2848 1554 μεν
2889 1485 3014 1557 γὰρ,
3065 1479 3262 1545 ἰδόντες
3320 1479 3466 1546 εἶδυς
3510 1485 3637 1560 ὑπὲρ
3696 1486 3918 1558 ἄνθρω-

2295 1589 2408 1622 πον·
2448 1571 2776 1646 ἐϐαρήθησαν
2823 1568 2882 1624 δε
2929 1579 3090 1644 ῦπνῳ,
3137 1571 3269 1644 λέγω
3321 1569 3414 1638 δὴ,
3463 1575 3627 1648 κάρῳ,
3669 1582 3751 1645 τῷ
3809 1573 3916 1628 ἀπό

2294 1665 2392 1719 τῆς
2426 1655 2781 1732 λαμπηδόνος.
2837 1665 2937 1714 Καὶ
2964 1663 3065 1734 γὰρ
3100 1660 3159 1714 οὑ
3194 1660 3285 1724 νὺξ
3318 1657 3400 1728 ἦν,
3447 1660 3553 1714 ἀλλ’
3601 1663 3804 1735 ἠμέρα-
3856 1667 3918 1715 τό

2255 1743 2358 1808 ¹δε
2403 1755 2497 1810 τῆς
2557 1745 2893 1822 λαμπηδόνος
2949 1748 3263 1824 ὑπερϐάλλον
3320 1748 3559 1804 ἒσκότισε
3613 1754 3706 1824 μὲν
3786 1755 3919 1814 τοῦς

2217 1830 2261 1903 ﬁ
2296 1836 2592 1910 ὀφθαλμοὺς
2659 1838 2845 1890 αὐτῶν·
2927 1837 3157 1910 ἑκάρωσε
3215 1835 3275 1892 δε
3331 1843 3418 1892 τόν
3492 1847 3631 1910 νοῦν,
3691 1842 3794 1902 ἕως
3851 1842 3918 1894 οὖ

2296 1922 2829 1999 διαγρηγορήσαντες,
2909 1929 2979 1989 ὡς
3039 1929 3064 1979 6
3143 1933 3353 1990 Λουκᾶς
3431 1928 3650 2001 εἴρηκεν,
3732 1933 3916 1982 εῖτουν

2295 2013 2646 2086 ἀνανήψαντες
2677 2022 2768 2067 τοῦ
2813 2018 3048 2068 τοιούτου
3092 2018 3256 2089 κάρον
3305 2022 3394 2070 καὶ
3431 2026 3526 2080 τῆς
3559 2014 3909 2085 σκοτοδίνης,

2295 2101 2454 2171 εἶδον,
2510 2107 2574 2165 ὡς
2626 2101 2868 2171 δυνατόν,
2923 2110 3016 2165 τὴν
3067 2102 3223 2169 δόξαν
3272 2106 3452 2163 αὑτοῦ.
3504 2111 3703 2161 Λοιπὸν
3760 2104 3826 2161 δε
3884 2111 3911 2162 ό

2297 2197 2506 2268 Πέτρος,
2566 2196 2640 2246 ἔτι
2694 2193 2918 2248 έντεῦθεν
2979 2199 3368 2269 συγκεχυμένον
3420 2197 3556 2269 ἔχων
3612 2200 3701 2249 τὸν
3758 2205 3906 2265 νοῦν,

2295 2281 2518 2336 ἀσύνετα
2547 2285 2944 2359 παρεφθέγγετο.

2365 2494 2532 2568 [Τρεῖς
2583 2494 2697 2566 (43)
2740 2499 2927 2554 σκηναὶ
2975 2497 3199 2554 νοηθεῖεν
3253 2497 3315 2549 ἄν
3367 2497 3422 2550 αἱ
3462 2504 3596 2572 τρεῖς
3639 2497 3768 2562 ἓξεις
3805 2507 3901 2562 τῆς

2297 2589 2580 2659 σωτηρίας,
2630 2587 2661 2644 ἦ
2714 2603 2770 2637 τε
2819 2593 2912 2647 τῆς
2964 2585 3214 2661 πράξεως,
3275 2590 3365 2638 καὶ
3416 2587 3446 2645 ἡ
3501 2595 3596 2649 τῆς
3651 2589 3892 2662 θεωρίας,

2291 2679 2381 2726 καὶ⁹
2427 2675 2458 2732 ή
2513 2682 2604 2735 τῆς
2653 2673 2936 2746 θεολογίας.
2995 2677 3100 2737 Τῆς
3156 2676 3246 2747 μὲν
3299 2671 3386 2727 οὖν
3437 2675 3671 2752 πράξεως
3727 2682 3893 2741 τύπος

2289 2762 2314 2812 ὁ
2369 2761 2564 2829 Ἠλίας,
2614 2765 2684 2824 ὡς
2722 2759 2959 2837 ἀνδρεῖος
3004 2767 3092 2815 καὶ
3147 2768 3382 2838 σώφρων,
3429 2773 3522 2826 τῆς
3567 2761 3625 2818 δι
3672 2767 3885 2840 θεωρίας

2290 2851 2315 2902 6
2369 2857 2601 2913 Μωῦσῆς
2648 2854 2714 2903 ὡν
2766 2853 3045 2924 νομοθέτης
3093 2856 3182 2904 καὶ
3239 2849 3606 2915 δικαιοδότης·
3667 2862 3752 2914 τῆς
3815 2852 3875 2906 δὲ

2292 2939 2554 3012 θεολογίας
2601 2942 2626 2992 ό
2672 2943 2919 3013 Χριστός,
2969 2945 3034 3001 ὡς
3064 2938 3111 2992 ἐν
3142 2945 3298 2993 παντὶ
3344 2941 3552 3004 τέλειος.
3599 2947 3784 3001 Σκηναὶ
3815 2939 3873 2994 δε

2289 3028 2444 3081 αὗται
2494 3033 2624 3104 πρὸς
2686 3031 2963 3104 σύγκρισιν
3014 3037 3111 3082 τῶν
3158 3029 3451 3102 μελλουσῶν
3511 3031 3720 3104 λήξεων,
3779 3039 3878 3083 τῶν

2288 3117 2487 3193 ἁσύγκρ
2496 3123 2613 3181 ίτως
2649 3119 2992 3193 κρειττονων.]

2356 3207 2474 3260 Ἔτι
2521 3239 2590 3249 -
2639 3208 2867 3280 νεφέλης.
2926 3207 3120 3280 Νεφέλη
3180 3212 3271 3260 καὶ
3322 3214 3482 3280 φωνὴ,
3530 3215 3612 3280 ἵνα
3661 3207 3881 3281 βεϐαιω-

2288 3299 2466 3363 θῶσιν,
2527 3298 2603 3350 ὅτι
2651 3301 2787 3370 φωνή
2842 3303 2935 3350 τοῦ
2987 3304 3119 3349 Θεοῦ
3168 3294 3307 3354 ἔστι.
3364 3299 3729 3371 Μεμαθηκότες
3777 3300 3881 3372 γὰρ

2285 3387 2439 3453 ἦσαν,
2483 3388 2562 3438 ότι
2597 3388 2622 3438 ό
2659 3393 2788 3446 Θεὸς
2827 3385 2909 3438 ἐπὶ
2956 3385 3160 3458 νεφέλης
3199 3387 3427 3458 ὀχεῖται.
3477 3387 3538 3439 Ὀ
3573 3390 3735 3450 τιθεὶς
3769 3387 3883 3458 (44)

2282 3478 2404 3550 γάρ,
2467 3480 2618 3547 φησὶ,
2673 3479 2794 3533 νέφη
2854 3479 2948 3533 τήν
3023 3473 3265 3527 ἕπίϐασιν
3331 3475 3508 3531 αὑτοῦ.
3562 3480 3663 3529 Καὶ
3719 3475 3885 3529 πολλὰ

2280 3573 2498 3618 τοιαῦτα
2549 3564 2819 3637 πολλαχοῦ
2862 3572 2955 3626 τῆς
2999 3569 3230 3636 Γραφῆς.
3278 3568 3460 3617 Σκόπει
3507 3560 3587 3634 δε,
3623 3573 3756 3635 πῶς,
3799 3566 3881 3617 ὅτε

2280 3658 2370 3729 μεν
2432 3653 2645 3721 ἀπειλεῖ,
2699 3657 2963 3711 σκοτεινήν
3022 3650 3260 3706 δείκνυσι
3312 3652 3518 3726 νεφέλην
3578 3659 3696 3730 περὶ
3754 3654 3878 3707 ἑαυ-

2279 3748 2387 3810 τὸν,
2421 3747 2489 3808 ὡς
2520 3744 2604 3797 ἐπὶ
2633 3750 2724 3796 τοῦ
2762 3749 2900 3795 Σινᾶ·
2932 3749 3020 3794 νῦν
3058 3738 3136 3810 δὲ,
3170 3738 3392 3805 διδάξαι
3423 3741 3596 3813 θέλων,
3629 3748 3880 3816 φωτεινὴν

2279 3835 2440 3894 αὐτὴν
2470 3837 2602 3906 ἔχει.

2351 3928 2595 3996 Λέγουσα
2649 3953 2718 3962 -
2776 3917 3062 3978 εὐδόκησα.
3120 3927 3298 3973 Ταῦτα
3353 3925 3442 3974 καὶ
3494 3919 3542 3972 έν
3594 3929 3667 3992 τῷ
3720 3926 3876 3998 τρίτη

2276 4014 2552 4087 κεφαλαίῳ,
2613 4010 2997 4085 βαητιζομένου
3058 4016 3149 4062 τοῦ
3209 4017 3460 4083 Σωτῆρος,
3521 4010 3654 4064 εἶπεν
3715 4012 3875 4086 οὐρα-

2276 4105 2418 4156 νόθεν
2484 4104 2509 4154 ό
2567 4106 2770 4176 Πατήρ⁸
2830 4097 2923 4151 ἀλλ
2973 4097 3078 4151 ἐκεῖ
3131 4100 3220 4171 μὲν
3279 4095 3372 4151 διά
3418 4100 3505 4152 τὸν
3561 4109 3879 4172 περιεστῶτο

2279 4192 2456 4264 ὄχλον,
2502 4175 2724 4243 ἐνταῦθα
2767 4185 2826 4241 δὲ
2876 4187 3108 4260 μάλιστα
3162 4183 3257 4240 διὰ
3305 4189 3392 4239 τὸν
3441 4190 3653 4260 Πέτρον,
3708 4191 3879 4242 ὡσανε

2276 4279 2528 4352 λεγούσης
2595 4287 2692 4342 τῆς
2766 4285 2936 4352 φωνῆς
3021 4284 3112 4331 τοῦ
3181 4280 3405 4353 Πατρός·
3478 4278 3541 4331 Τί
3626 4273 3875 4339 δέδοικας

2279 4370 2318 4421 ὧ
2360 4373 2534 4442 Πέτρε,
2585 4374 2703 4442 περὶ
2755 4377 2846 4421 τοῦ
2898 4369 3113 4436 Ἰησοῦ;
3163 4365 3311 4428 οὗτός
3355 4364 3496 4418 ἐστιν
3545 4367 3570 4417 ό
3617 4369 3738 4428 Υἱός
3775 4386 3875 4440 μου

2277 4464 2367 4512 καὶ
2414 4458 2518 4532 οὑχ
2568 4458 2739 4521 ἁπλῶς
2785 4461 2923 4525 Υἱὸς,
2974 4461 3042 4520 ὡς
3098 4458 3146 4508 οἱ
3200 4451 3272 4508 δι’
3329 4454 3514 4528 ἀρετῆς
3575 4457 3875 4528 υἱοποιούμε

513 4541 856 4611 unigenitus
888 4557 902 4608 ;
934 4558 1044 4598 nec
1069 4543 1131 4598 id
1160 4547 1411 4611 tantum,
1486 4563 1693 4603 verum
1749 4549 1926 4606 etiam
1957 4514 2020 4606 id
2043 4567 2166 4623 quo

2284 4555 2354 4602 νοί
2411 4569 2520 4622 μοι,
2580 4547 2687 4600 ἀλλ’
2739 4550 2764 4599 ό
2837 4547 3124 4619 ἀγαπητὸς,
3177 4547 3358 4616 ἡγουν,
3417 4548 3449 4598 ὅ
3501 4542 3776 4618 ἐξαίρετος,
3830 4545 3867 4593 ὡ

511 4630 658 4688 mihi
684 4631 1102 4704 complacitum
1144 4636 1252 4700 est,
1284 4633 1399 4690 hoc
1429 4639 1517 4691 est
1561 4634 1616 4691 in
1649 4653 1771 4710 quo
1830 4639 2163 4712 requiesco,

509 4719 571 4777 in
597 4736 716 4792 quo
764 4720 1042 4787 oblector,
1089 4726 1153 4778 ut
1183 4721 1244 4778 in
1286 4725 1554 4781 unanimi
1614 4730 1670 4782 et
1699 4727 1910 4800 aequali
1974 4729 2160 4784 mihi:

507 4803 586 4868 lie
616 4826 755 4883 ergo
791 4811 874 4869 illi
926 4812 1154 4868 timeas.
1194 4814 1733 4888 Quantumcunque
1778 4817 1940 4872 enim
1991 4817 2161 4876 illum

510 4899 745 4971 diligas,
773 4917 895 4958 non
925 4903 1071 4959 adeo
1123 4917 1253 4958 eum
1302 4903 1499 4974 diligis
1548 4909 1613 4960 ut
1640 4921 1768 4974 ego.
1817 4906 2044 4978 Triplex
2074 4913 2163 4965 est

509 5004 778 5063 namque
807 4991 973 5063 apud
993 5007 1090 5048 me
1109 4991 1198 5048 vis
1218 4993 1442 5050 amoris
1471 5008 1615 5065 erga
1643 4993 1834 5050 illum.
1862 4996 2158 5069 Siquidem

507 5082 804 5152 tanquam
829 5080 1041 5138 Filium
1057 5081 1223 5138 illum
1250 5081 1820 5155 diligo,ettanquam
1849 5084 2156 5156 dilectum,

509 5172 570 5227 et
603 5171 888 5242 tanquam
936 5184 1035 5227 me
1085 5176 1455 5229 recreantem
1495 5173 1764 5247 mihique
1802 5173 2154 5248 placentem.

2276 4644 2569 4712 μονογενήςο
2611 4641 2701 4689 καὶ
2749 4637 2806 4688 οὑ
2851 4644 3003 4688 τοῦτο
3033 4640 3205 4706 μόνον,
3251 4631 3377 4699 ἀλλ’,
3418 4632 3466 4685 έν
3590 4631 3860 4692 ηὐδόκησα

2273 4731 2560 4794 τουτέστιν,
2644 4727 2682 4797 ᾧ
2768 4724 3186 4796 ἐπαναπαὺομαι,
3291 4721 3364 4794 ἐφ’
3449 4723 3489 4793 ᾧ
3581 4722 3858 4795 ἀρέσκομαι

2273 4821 2343 4880 ὡς
2384 4819 2706 4890 όμογνώμονι
2751 4819 2842 4867 καὶ
2886 4817 2987 4885 ἶσῳ
3036 4812 3166 4886 ἐμοί.
3219 4816 3304 4870 Μὴ
3346 4815 3516 4863 τοίνυν
3562 4809 3718 4884 φοϐοῦ
3747 4812 3863 4881 περὶ

2271 4908 2453 4961 αὑτοῦ.
2491 4905 2633 4958 Ὀσα
2676 4907 2774 4980 γὰρ
2820 4904 2880 4956 ἄν
2925 4902 3094 4977 φιλῇς,
3142 4901 3254 4973 (45)
3306 4899 3364 4953 οὑ
3411 4907 3656 4953 τοσοῦτον
3710 4897 3864 4972 φιλεῖς

2270 4996 2445 5063 αὐτόν,
2493 4997 2614 5048 ὅσον
2659 4993 2774 5066 ἐγώ.
2815 4992 3071 5066 Τριπλοῦν
3099 4993 3201 5066 γὰρ
3230 4988 3479 5064 παρ’ἐμοῦ
3517 4989 3636 5062 (46)
3661 4993 3717 5042 τό
3746 4991 3865 5065 περὶ

2269 5079 2424 5140 αὑτὸν
2476 5085 2699 5160 φᾶτρον,
2758 5081 2892 5137 Φιλῶ
2952 5083 3054 5154 γὰρ
3125 5081 3192 5140 ὡς
3261 5081 3381 5133 Υἱόν
3452 5099 3577 5152 μου,
3633 5082 3725 5132 καὶ
3795 5079 3862 5140 ὡς

2268 5176 2555 5251 ἀγαπητὸν,
2621 5177 2712 5228 καὶ
2761 5175 2826 5235 ὥς
2878 5169 3206 5226 ἅναπαύοντα
3257 5173 3349 5223 καὶ
3409 5167 3696 5246 ἀρέσκοντὰ
3750 5187 3860 5245 μοι.

580 5320 605 5359 ι
626 5320 770 5377 Luc.
800 5335 877 5388 1x,
910 5323 1002 5379 33.
1074 5322 1098 5360 '
1128 5323 1417 5396 Marc.fix,
1449 5327 1502 5383 ϐ.
1534 5325 1558 5364 ο
1580 5324 1721 5384 Luc.
1761 5342 1840 5402 ιχ,
1867 5329 1960 5386 30.
2038 5331 2065 5370 τ
2087 5331 2176 5390 lbi

2284 5335 2362 5391 l2.
2437 5326 2621 5388 'Psal.
2649 5339 2764 5396 cm,
2788 5324 2845 5382 8.
2917 5325 2943 5362 ⁹
2975 5321 3158 5382 Exod.
3197 5338 3318 5394 xix,
3358 5322 3455 5382 16.

1730 5507 1946 5577 Variae
1982 5507 2315 5580 lectiones
2357 5517 2424 5578 et
2459 5513 2642 5577 notae

578 5670 695 5819 (43;
735 5673 1094 5760 ln_margine
1121 5673 1304 5732 habet
1335 5675 1396 5740 Β,
1429 5687 1566 5799 qua:
1593 5675 1692 5734 hic
1731 5674 1965 5736 inclusa
1995 5683 2157 5739 sunt.

580 5749 668 5816 (44
721 5753 824 5800 Του
849 5753 982 5800 Θεοῦ
1013 5765 1151 5801 εστιν
1181 5748 1210 5806 ἠ
1246 5752 1406 5819 φωνή.
1491 5788 1502 5802 .

580 5748 688 5819 (44)
721 5753 824 5800 Τοῦ
849 5753 982 5800 Θεοῦ
1013 5748 1151 5801 ἐστιν
1181 5748 1210 5806 ἡ
1246 5752 1406 5820 φωνή.
1436 5748 1502 5802 Α.

2361 5679 2453 5752 45)
2484 5675 2667 5752 Φιλεῖς.
2699 5679 2766 5734 Α.

2361 5680 2453 5752 45)
2484 5680 2667 5739 Φιλεῖς.
2699 5680 2766 5734 Α.

2336 5680 2449 5826 (46)
2478 5751 2608 5828 IIup’
2636 5748 2747 5824 ἐμοι
2771 5744 3004 5805 videtur
3030 5741 3288 5817 leguisse
3316 5743 3659 5804 Hentenius.
