4186 6318
152 277 350 386 ’485

1191 318 1551 384 COMMENT.
1594 308 1666 379 ’IN
1708 300 2152 378 MATTHJEUM.
2190 351 2260 362 —
2300 318 2463 378 CAP.
2501 308 2664 377 Xvu.

3488 306 3593 375 486

243 457 445 507 Λοιπὸν
472 449 579 517 οὖν,
613 448 749 522 εἰμὴ
782 457 842 522 τῇ
898 448 1117 524 δυνάμει
1159 454 1346 505 τούτου
1377 450 1599 525 θαῤῥεῐς,
1625 448 1750 501 ἀλλὰ
1786 468 1844 519 γε

1976 446 2268 519 {eliquum
2298 450 2386 501 est
2416 443 2615 514 igitur,
2647 449 2707 501 ut
2746 446 2794 501 si
2832 446 3010 518 hujus
3056 460 3179 502 non
3228 444 3361 499 fidis
3398 446 3612 517 poten-

238 551 302 616 τῇ
358 541 453 613 ἐμῇ
514 538 793 613 θάρῥησον·
845 536 1017 602 οὐδεὶς
1066 544 1166 617 γὰρ
1225 544 1308 593 τὸν
1362 539 1495 592 οὓτω
1549 538 1844 611 φιλούμενον

240 634 478 705 προῐεται
510 628 820 699 ἀλογίστως.

312 720 486 773 Αὐτοῦ
570 716 779 769 ἀκούετε
813 756 825 771 .
909 721 1085 790 Τούτῳ
1159 720 1399 772 πείθεσθε
1432 761 1445 785 ,

240 811 467 873 στεύετε,
514 806 562 859 εἰ
605 826 659 857 τι
714 806 773 857 ἂν
811 810 900 858 καὶ
933 806 1052 879 λέγῃ
1102 813 1191 860 καὶ
1229 816 1374 880 ποιῇ.
1410 812 1505 860 Καὶ
1540 807 1582 859 εἰ
1610 826 1847 877 σταυρω-

1519 720 1685 788 τούτῳ
1756 737 1846 768 πι-

236 900 392 957 θῆναι
470 895 738 968 βουληθῇ,
788 892 978 968 μηδεὶς
1035 896 1304 955 ἀντιπέσῃ.
1363 896 1533 968 Ὑμεῖς
1592 898 1679 968 μὲν
1744 896 1845 966 γὰρ

229 985 326 1038 ούκ
374 982 568 1038 οῑδατε
623 989 682 1037 τὸ
742 993 838 1047 τῆς
889 986 1185 1059 οἰκονομίας
1228 986 1387 1039 αὐτοῦ
1417 990 1723 1059 μυστήριον
1758 985 1848 1036 αὗ·-

228 1078 316 1135 τὸς
371 1071 434 1127 δὲ
486 1080 593 1126 πᾶν
646 1075 672 1125 ὅ
721 1073 858 1145 λέγει
910 1081 997 1127 καὶ
1048 1084 1203 1141 ποιεῖ,
1263 1079 1396 1128 κατά
1444 1082 1655 1147 γνώμην
1720 1073 1847 1146 ἐμὴν

234 1168 330 1215 καὶ
377 1162 520 1235 λέγει
560 1168 650 1215 και
692 1170 848 1218 ποιεῖ.
901 1168 1095 1217 Λοιπὸν
1152 1165 1237 1216 οὖν
1278 1164 1436 1217 αύτοῦ
1481 1162 1710 1233 ἀκούετε,
1763 1166 1848 1215 τὸν

232 1256 531 1305 Μωσαῑκόν
583 1256 735 1321 νόμον
792 1257 881 1304 καὶ
937 1255 1032 1313 τὰς
1092 1256 1417 1328 προφητικὰς
1481 1257 1849 1325 μυσταγωγίας

229 1340 463 1412 ἀφέντες.
526 1340 793 1413 Πλὴρωμα
834 1344 935 1413 γὰρ
980 1346 1139 1413 νόμου
1191 1347 1280 1394 καὶ
1326 1350 1601 1415 προφητῶν
1634 1345 1850 1413 ὅΧρισ-

226 1433 315 1489 τός
369 1430 513 1499 (47)·
563 1433 654 1481 καὶ
721 1432 894 1481 Αοιπόν
952 1428 1118 1482 ἐκεῖνα
1164 1432 1333 1483 πάντα
1387 1430 1844 1496 συνετελέσθησαν,

229 1519 367 1592 ἄχρι
393 1520 593 1571 τούτου
619 1522 771 1590 μόνον
798 1516 1133 1592 ἐκτεινόμενα.

315 1717 416 1765 Καὶ
469 1745 539 1753 -—
600 1711 827 1787 σφόδρα.
876 1719 976 1767 Καὶ
1030 1719 1131 1786 μὴν
1198 1721 1286 1767 καὶ
1343 1720 1587 1792 πρότερον
1634 1715 1717 1768 ἐπὶ
1756 1724 1844 1769 τοῦ

1955 536 2071 603 tiae,
2097 541 2157 592 at
2195 552 2342 591 meae
2368 533 2537 588 ﬁdas.
2571 536 2752 590 Nemo
2770 536 2930 591 enim
2961 536 3112 592 adeo
3137 534 3436 605 .dilectum
3469 533 3613 591 irra-

1956 624 2220 680 tionabili
2261 639 2443 679 causa
2474 622 2755 679 destituit.

2027 718 2192 772 Vers.
2231 715 2282 768 5.
2317 715 2516 783 Ipsum
2542 714 2761 770 audite.
2801 714 2946 771 Huic
2977 715 3231 779 obedite,
3265 714 3402 770 huic
3428 714 3613 770 credi-

1956 808 2030 869 te,
2075 804 2119 857 si
2164 805 2309 876 quid
2354 807 2458 858 aut
2487 802 2697 857 dixerit
2729 809 2831 859 aut
2861 804 3077 860 fecerit.
3126 804 3295 869 Quod
3328 804 3375 858 si
3432 804 3608 859 etiam

1956 892 2223 962 cruciﬁgi
2271 891 2541 959 voluerit,
2605 907 2783 947 nemo
2840 892 2923 947 illi
2952 892 3249 948 obsistat:
3292 909 3399 948 vos
3451 893 3611 948 enim

1955 980 2236 1051 ignoratis
2288 980 2753 1052 dispensationis
2807 997 2928 1035 suae
3004 980 3373 1051 mysterium.
3465 984 3613 1037 Nam

1956 1069 2251 1142 quidquid
2290 1070 2417 1141 ipse
2473 1074 2530 1124 et
2566 1069 2705 1125 dicit
2758 1068 3151 1138 etfacit,|mea
3206 1069 3505 1125 voluntate
3559 1075 3615 1124 et

1956 1158 2095 1214 dicit
2129 1164 2184 1214 et
2212 1159 2368 1215 facit.
2412 1157 2621 1229 Ipsum
2650 1158 2851 1230 itaque
2882 1157 3101 1226 audite,
3148 1157 3277 1227 lege
3335 1158 3607 1225 Mosaica,

1955 1247 2435 1319 propheticisque
2498 1262 2803 1302 sacrorum
2872 1245 3299 1302 initiationibus
3351 1244 3613 1312 relictis;

1955 1336 2464 1407 complementum
2506 1334 2801 1407 siquidem
2852 1336 3000 1405 legis
3052 1350 3121 1390 ac
3180 1336 3611 1408 prophetarum

1954 1430 2043 1481 est
2080 1425 2384 1483 Christus:
2430 1428 2487 1480 et
2520 1424 2649 1495 jam
2707 1426 2912 1482 omnia
2968 1425 3068 1481 illa
3103 1424 3404 1497 completa
3453 1427 3612 1493 sunt,

1954 1517 2158 1585 utpote
2195 1529 2331 1586 quas
2377 1529 2567 1585 usque
2611 1513 2689 1570 ad
2726 1514 2889 1570 hunc
2920 1516 3118 1572 solum
3180 1513 3615 1586 protendeban—

1956 1606 2071 1667 tur,

2024 1710 2188 1765 Vers.
2218 1713 2269 1765 6.
2300 1710 2379 1765 Et
2422 1740 2491 1751 —
2520 1710 2901 1766 vehementer.
2941 1711 3118 1783 Atqui
3148 1711 3312 1783 prius
3340 1710 3519 1766 etiam
3550 1710 3614 1765 in

243 1799 514 1875 Ἰορδάνου
568 1806 706 1875 φωνή
756 1808 948 1875 -γέγονε
1018 1807 1231 1863 τοιαύτη
1269 1849 1282 1875 ,
1341 1810 1431 1857 καὶ
1498 1809 1629 1878 μετὰ
1683 1814 1846 1857 ταῦτα

1976 1797 2206 1854 'ordane
2266 1815 2381 1853 vox
2420 1797 2576 1854 facta
2627 1803 2715 1853 est
2766 1799 3154 1869 hujusmodi;
3218 1803 3273 1855 et
3312 1804 3452 1869 post
3486 1799 3614 1852 haec

240 1890 420 1958 πάλιν,
454 1892 538 1944 ὅτε
583 1897 672 1944 καὶ
727 1891 952 1965 βροντήν
977 1892 1144 1965 ἔλεγον
1195 1898 1477 1965 γεγονέναι,
1528 1900 1617 1947 καὶ
1670 1893 1843 1957 οὐδεὶς

242 1975 397 2032 οὐδὲν
449 1988 687 2032 τοιοῦτον
736 1983 914 2035 ἔπαθε.
976 1988 1087 2042 Πῶς
1153 1979 1239 2034 οὖν
1283 1982 1427 2035 οὗτοι
1490 1990 1578 2034 νῦν
1664 1985 1844 2036 ἔπεσον

241 2066 327 2121 ἐπὶ
386 2073 671 2141 πρόσωπον
726 2069 892 2121 αύτῶν
926 2086 939 2137 ;
975 2075 1115 2123 Διότι
1154 2075 1241 2123 καὶ
1272 2071 1403 2143 ὕψος
1453 2068 1513 2130 ἦν
1557 2076 1710 2145 μέγα,
1757 2077 1846 2125 καὶ

240 2156 433 2231 ἐρημία
464 2156 681 2231 βαθεῖα,
709 2163 797 2209 καὶ
846 2160 1058 2231 ἡσυχία
1099 2160 1283 2223 πολλὴ,
1317 2166 1405 2212 καὶ
1450 2163 1847 2233 μεταμόρφωσις

234 2250 414 2317 γέγονε
467 2250 661 2320 φρίκης
689 2251 945 2318 γέμουσα,
983 2253 1071 2300 καὶ
1126 2258 1225 2320 φῶς
1255 2248 1531 2322 ἐξέλαμψεν
1564 2249 1843 2323 ἀκήρατον,

231 2340 321 2387 καὶ
389 2335 602 2401 λοιπὸν,
658 2343 749 2396 τῆς
795 2336 1000 2408 νεφέλης
1069 2340 1430 2411 περιταθείσης
1482 2340 1691 2405 ἄνωθεν,
1758 2344 1847 2390 καὶ

229 2423 758 2500 ἓπικαταρῥαγείσης
808 2434 899 2485 τῆς
961 2435 1149 2497 φωνῆς,
1183 2428 1387 2488 εἰκότως
1426 2430 1846 2502 περιετράπησάν

228 2532 283 2566 τε
312 2518 404 2566 καὶ
434 2513 604 2586 ἐφοϐἡ
615 2516 677 2573 θη
688 2534 796 2568 σαν.

305 2601 466 2657 Ἔστι
507 2599 681 2655 δὲκαὶ
715 2603 892 2676 ἑτέρως
920 2604 1075 2657 εἰπεῖν
1105 2608 1184 2671 τὸ,
1217 2605 1436 2659 Ἔπεσον
1458 2605 1541 2659 ἐπὶ
1571 2611 1848 2680 πρόσωπον

232 2691 426 2759 αὐτῶν,
457 2691 587 2744 ἀντί
611 2699 700 2744 τοῦ
730 2692 861 2763 (48),
893 2697 1314 2766 Προσεκύνησαν.

310 2783 414 2838 Καὶ
452 2812 536 2822 -
566 2785 637 2853 μὴ
676 2780 933 2853 φοϐεῖσθε.
967 2782 1181 2841 ’Πλέησε
1209 2786 1303 2842 τήν
1353 2784 1616 2838 ἀσθένειαν
1660 2785 1848 2853 αὐτῶν,

235 2876 327 2923 καὶ
357 2872 582 2942 ταχέως
609 2869 720 2922 λύει
747 2874 832 2922 τὸν
854 2870 1027 2943 φόϐον.

314 2960 644 3031 Ἐπάραντες
696 2989 764 3000 -
817 2964 988 3031 μόνον.
1052 2960 1161 3014 Ἵνα
1224 2962 1717 3036 πληροφορηθῶσιν,
1772 2965 1852 3017 ὅτι

241 3052 363 3122 περὶ
431 3047 606 3100 αὐτοῦ
639 3052 838 3120 γέγονεν
885 3051 916 3108 ἡ
979 3056 1115 3121 φωνὴ
1147 3094 1160 3117 ,
1207 3057 1361 3123 μόνος
1416 3052 1597 3105 λοιπὸν
1670 3055 1851 3126 ὁρᾶται

238 3155 436 3191 αυτοκ.

314 3230 520 3279 Καὶ-
554 3224 775 3298 ἀναστῇ.
826 3234 984 3280 Ὃσον
1037 3231 1138 3300 γὰρ
1183 3230 1397 3301 μείζονα
1450 3230 1679 3303 ἐλέγοντο
1735 3236 1853 3305 περὶ

247 3314 422 3381 αὐτοῦ,
490 3322 742 3367 τοσοῦτον
801 3312 1332 3393 δυσπαραδεκτότερα
1370 3317 1603 3376 ἐδόκουν.
1653 3320 1854 3373 Κελεύει

248 3403 331 3455 οὖν
376 3407 634 3479 κρύπτειν
695 3407 821 3479 παρ’
877 3406 1077 3469 ἑαυτοῖς
1142 3410 1199 3460 τὸ
1248 3410 1422 3482 θαῦμα
1468 3418 1641 3480 τοῦτο,
1714 3408 1852 3463 διότι

252 3492 394 3544 αὐτοί
420 3512 483 3544 τε
536 3493 631 3545 οῦκ
690 3492 890 3565 ἔμελλον
921 3499 1287 3567 πιστευθῆναι,
1337 3504 1425 3551 καὶ
1486 3501 1534 3550 οἱ
1604 3497 1852 3552 Ἰουδαῖοι

254 3581 443 3653 μᾶλλον
474 3584 535 3633 οἶν
562 3584 664 3656 ἡγρ
674 3586 800 3641 ιώθη
810 3603 926 3638 σαν.

331 3676 432 3722 Καὶ
476 3703 538 3712 -
593 3681 832 3744 πρῶτον;
867 3678 993 3749 Περὶ
1032 3683 1129 3736 τῆς
1155 3677 1394 3738 θεότητος
1457 3677 1615 3731 αὐτοῦ
1664 3681 1853 3751 μαθόν-

262 3776 342 3818 τες
395 3758 774 3833 ἆκριϐέστερον,
806 3760 906 3815 ἀπό
946 3782 999 3815 τε
1029 3772 1126 3825 τῆς
1168 3765 1441 3837 ὁμολογίας
1490 3771 1704 3839 Πέτρου,
1755 3768 1853 3820 ἀπό

263 3864 320 3897 τι
366 3855 455 3909 τῆς
500 3856 962 3924 μεταμορφώσεως,
992 3859 1081 3904 καὶ
1134 3851 1235 3906 ἀπὸ
1288 3864 1378 3915 τῆς
1432 3857 1619 3909 ἄνωθεν
1662 3877 1851 3928 φωνης,

266 3945 541 4007 ερωτῶσιν,
567 3940 645 3990 ὅτι
674 3937 854 3998 ἐπειδὴ
892 3945 956 3993 σὺ
984 3940 1029 3994 εἰ
1080 3944 1104 3993 ό
1136 3947 1387 4016 Χριστὸς,
1419 3943 1566 3998 διατί
1593 3949 1640 3998 οἱ
1685 3948 1852 4021 Γραμ-

266 4032 441 4095 ματεῐς
490 4026 744 4098 λέγουσιν,
780 4030 858 4081 ὃτι
900 4029 1074 4081 Ἠλίαν
1100 4036 1209 4105 χρὴ
1240 4030 1397 4085 ἐλθεῖν
1430 4037 1529 4109 πρὸ
1564 4042 1655 4087 τοῦ
1694 4044 1856 4109 Χρισ-

265 4119 359 4163 τοῦ
388 4130 402 4179 ;
432 4122 536 4175 πῶς
566 4112 652 4167 οὖν
682 4117 775 4169 οὐκ
801 4114 949 4176 ἦλθεν
972 4119 1121 4181 οὗτος
1151 4124 1250 4193 πρὸ
1286 4130 1379 4174 σοῦ
1409 4139 1421 4189 ;
1454 4131 1617 4177 Τοῦτο
1646 4128 1736 4197 μὲν
1770 4122 1857 4178 οὖν

266 4200 541 4273 ἠρώτησαν
579 4207 627 4257 οἱ
665 4208 918 4278 μαθηταί.

339 4297 597 4365 Προσήκει
660 4292 720 4347 δὲ
747 4300 1040 4367 γινώσκειν,
1092 4298 1169 4350 ὅτι
1212 4301 1266 4351 αὶ
1306 4306 1505 4373 Γραφαὶ
1538 4300 1633 4356 δύο
1664 4324 1860 4379 παρου-

266 4384 387 4443 σίας
432 4391 524 4435 τοῦ
570 4391 809 4458 Χριστοῦ
857 4385 1086 4456 λέγουσι,
1134 4393 1227 4445 τήν
1276 4409 1329 4441 τε
1379 4398 1718 4466 γεγενημένην
1772 4400 1860 4446 καὶ

1953 1902 2192 1943 rursum
2221 1888 2470 1958 quando
2516 1888 2737 1942 tonitru
2767 1886 3046 1943 dicebant
3076 1887 3302 1943 factum
3360 1902 3495 1941 esse
3543 1887 3613 1952 ιο,

1954 1980 2008 2031 et
2028 1975 2226 2030 nullus
2243 1976 2578 2047 quidquam
2602 1975 2717 2031 tale
2739 1990 2955 2046 passus
2980 1980 3087 2031 est.
3121 1975 3435 2041 Quomodo
3473 1989 3615 2043 ergo

1953 2064 2187 2120 nunchi
2201 2064 2582 2136 prociderunt
2612 2064 2673 2119 in
2699 2064 2914 2120 faciem
2938 2065 3149 2121 suam?
3178 2064 3333 2129 Quia
3360 2063 3611 2120 altitudo

1957 2168 2178 2222 magna
2206 2158 2348 2219 erat,
2382 2152 2799 2225 proiundaque
2838 2153 3097 2209 solitudo
3146 2169 3215 2209 ac
3245 2152 3502 2208 multum
3540 2152 3617 2207 si-

1954 2242 2225 2300 lentium.
2260 2245 2540 2298 Praeterea
2572 2241 3019 2297 transformatio
3046 2242 3206 2298 facta
3232 2248 3319 2298 est
3348 2241 3612 2297 horroris

1956 2331 2153 2404 plena,
2186 2335 2244 2386 et
2277 2330 2381 2386 lux
2411 2330 2768 2386 immortalis
2798 2330 2997 2402 eluxit,
3031 2346 3100 2387 ac
3129 2330 3322 2386 subito
3355 2330 3609 2401 desuper

1956 2420 2369 2491 circumposita
2419 2419 2600 2485 nube,
2656 2435 2923 2490 voceque
2959 2434 3142 2490 super
3188 2434 3290 2474 eos
3338 2418 3610 2490 delapsa,

1956 2508 2165 2564 merito
2195 2506 2451 2579 perculsi
2477 2510 2614 2562 sunt
2644 2512 2698 2562 et
2730 2506 3008 2563 exterriti.

2029 2600 2220 2653 Potest
2241 2612 2484 2668 quoque
2514 2601 2572 2650 et
2601 2595 2772 2652 aliter
2797 2595 2915 2651 dici
2944 2596 3110 2667 quod
3139 2595 3523 2668 prociderunt
3554 2596 3618 2652 in

1958 2685 2175 2743 faciem
2200 2701 2393 2752 suam,
2425 2685 2539 2741 hoc
2556 2690 2643 2741 est
2668 2684 3089 2741 adoraverunt.

2030 2775 2198 2828 Vers.
2228 2773 2281 2827 7.
2314 2772 2390 2828 Et
2444 2802 2511 2813 —
2560 2772 2737 2829 nolite
2777 2773 2999 2828 timere.
3033 2773 3341 2829 Miseratus
3371 2777 3462 2829 est
3513 2774 3619 2829 im-

1958 2862 2337 2919 becillitatem
2367 2876 2595 2926 eorum,
2631 2866 2687 2917 et
2715 2861 2831 2917 cito
2848 2861 3022 2917 solvit
3055 2862 3349 2918 timorem.

2032 2952 2194 3006 Vers.
2236 2952 2289 3005 8.
2339 2951 2603 3006 Elevatis
2652 2981 2722 2989 ——
2764 2950 2969 3006 solum.
3032 2952 3101 3007 Ut
3153 2951 3429 3007 certiores
3488 2952 3619 3007 red-

1961 3039 2237 3096 derentur
2274 3039 2442 3111 quod
2470 3039 2545 3095 de
2582 3039 2714 3111 ipso
2745 3038 2901 3096 facta
2932 3043 3086 3095 esset
3129 3055 3267 3105 vox,
3305 3039 3464 3096 solus
3488 3040 3620 3111 jam

1884 3140 1926 3197 ί]
1962 3128 2077 3184 illis
2119 3129 2359 3183 videtur.

2033 3237 2190 3291 Vers.
2223 3235 2277 3291 9.
2303 3235 2384 3289 Et
2412 3264 2481 3276 —-
2507 3238 2811 3302 resurgat.
2838 3234 3067 3298 Quanto
3097 3234 3255 3288 enim
3292 3234 3517 3304 majora
3543 3234 3619 3290 de

1962 3338 2033 3379 eo
2063 3324 2371 3393 dixissent,
2393 3327 2558 3377 tanto
2575 3320 2870 3376 difﬁcilius
2897 3322 3035 3377 cred
3049 3320 3235 3376 libilia
3252 3322 3616 3379 viderentur.

1959 3412 2135 3467 Jubet
2186 3427 2326 3482 ergo
2357 3410 2649 3467 visionem
2679 3410 2837 3466 hanc
2874 3410 2952 3466 ab
2975 3410 3086 3465 illis
3117 3409 3421 3476 occultari,
3477 3412 3620 3483 quia

1961 3502 2225 3558 futurum
2277 3505 2421 3567 erat,
2454 3504 2519 3556 ut
2567 3515 2764 3572 neque
2794 3499 2911 3572 ipsi
2943 3499 3302 3571 persuadere
3353 3505 3617 3572 possent,

1962 3595 2019 3647 et
2045 3589 2232 3646 Judaei
2258 3589 2449 3659 magis
2472 3593 2961 3661 exasperaentur.

2034 3679 2207 3735 Vers.
2245 3681 2330 3733 t0.
2360 3679 2439 3734 Et
2469 3708 2538 3718 —
2560 3678 2830 3747 primum.
2874 3677 2953 3732 De
2991 3676 3302 3733 divinitate
3331 3679 3462 3747 ejus
3487 3678 3619 3750 jam

1962 3767 2041 3823 ad
2086 3766 2330 3838 plenum
2378 3766 2588 3832 edocti,
2630 3771 2686 3821 et
2732 3783 2769 3822 a
2817 3766 2964 3820 Petri
3010 3766 3409 3833 confessione,
3468 3772 3525 3822 et
3587 3784 3622 3824 a

1962 3855 2497 3919 trausformatione,
2541 3858 2597 3910 et
2652 3871 2687 3910 a
2728 3854 2947 3909 ccelesti
2981 3870 3146 3919 voce,
3203 3854 3573 3924 interrogant
3607 3871 3621 3911 :

1964 3945 2113 4001 Cum
2142 3951 2206 4001 tu
2237 3945 2315 3999 sis
2365 3944 2651 4009 Christus,
2709 3960 2884 4016 quare
2928 3943 3148 4000 Scriba:
3202 3944 3410 3999 dicunt
3462 3944 3625 4016 quod

1966 4034 2155 4090 Eliam
2184 4038 2457 4105 oporteat
2506 4033 2707 4089 venire
2740 4037 2877 4088 ante
2927 4031 3221 4088 Christum
3248 4034 3275 4087 ?
3315 4034 3620 4105 quomodo

1968 4139 2091 4179 non
2118 4124 2273 4179 venit
2302 4123 2398 4179 hic
2429 4126 2560 4179 ante
2592 4127 2645 4179 te
2678 4122 2705 4177 ‘I
2738 4125 2855 4179 Hoc
2880 4122 3083 4194 itaque
3111 4121 3627 4192 interrogaverunt

1969 4212 2273 4285 discipuli.

2042 4303 2197 4359 Scire
2270 4306 2469 4359 autem
2543 4305 2798 4373 oportet,
2858 4300 3023 4372 quod
3098 4301 3413 4375 Scripturae
3473 4301 3627 4358 duos

1971 4395 2180 4450 Christi
2228 4393 2521 4449 adventus
2548 4392 2773 4458 dicunt,
2803 4407 2942 4447 eum
2971 4391 3242 4448 videlicet
3284 4393 3384 4462 qui
3437 4391 3627 4449 factus

258 4474 352 4527 τὴν
398 4473 707 4542 μέλλουσαν.
773 4479 896 4547 Περὶ
950 4473 1015 4527 ὧν
1058 4475 1350 4551 ἀμφοτέρων
1406 4486 1494 4533 καὶ
1561 4484 1585 4534 ὁ
1658 4483 1850 4545 Παῦλος

1976 4488 2078 4550 est,
2130 4489 2185 4540 et
2230 4482 2518 4542 futurum.
2554 4484 2635 4539 De
2688 4489 2941 4554 utroque
2992 4481 3193 4537 docuit
3232 4481 3494 4537 Paulus:
3552 4482 3627 4537 de

257 4556 471 4624 ἐδίδαξε
534 4562 716 4633 λέγων’
763 4567 879 4636 περὶ
927 4567 1015 4636 μεν
1067 4574 1161 4628 τῆς
1212 4574 1419 4641 πρώτης
1449 4586 1459 4598 ·
1524 4571 1773 4644 Ἐπεφάνη
1826 4576 1856 4633 ἡ

257 4651 421 4723 χάρις
465 4659 557 4703 τοῦ
610 4659 743 4703 Θεοῦ
798 4654 826 4709 ἡ
883 4659 1160 4726 σωτήριος⁹
1207 4662 1325 4729 περὶ
1375 4654 1433 4709 δὲ
1464 4667 1556 4721 τῆς
1595 4657 1855 4735 δευτέρας·

262 4736 689 4812 Προσδεχόμενοι
758 4745 851 4799 τὴν
925 4749 1185 4818 μακαρίαν
1249 4744 1437 4799 ἐλπίδα
1509 4754 1597 4801 καὶ
1668 4752 1858 4824 ἔπιφά-

265 4842 404 4874 νειαν
439 4828 546 4898 (49)
587 4837 675 4881 τοῦ
706 4830 931 4902 μεγάλου
961 4841 1093 4886 Θεοῦ
1120 4839 1207 4887 καὶ
1234 4843 1467 4911 Σωτῆρος
1487 4840 1631 4912 ἡμῶν
1681 4840 1859 4901 Ἰησοῦ

265 4915 521 4986 Χριστοῦ.

343 5090 578 5152 "Joan.
608 5111 709 5165 xu,
740 5100 829 5157 29.

907 5100 952 5139 ¹¹
977 5101 1079 5160 Tit.
1108 5118 1168 5172 ιι,
1207 5106 1292 5172 11,
1370 5107 1418 5144 ¹²
1449 5106 1597 5167 ibid.
1632 5109 1701 5165 13

1970 4573 2261 4646 propriori
2303 4573 2590 4645 quidem:
2652 4572 2972 4640 Apparuit,
3018 4569 3231 4641 inquit,
3284 4570 3479 4640 gratia
3520 4570 3630 4627 Dei

1969 4664 2369 4722 salutaris.De
2390 4660 2735 4735 posterioris
2757 4676 2925 4715 vero:
2950 4659 3379 4728 Exspectantes
3404 4660 3627 4715 beatam

1969 4771 2124 4824 spem
2155 4759 2206 4811 et
2234 4752 2681 4822 apparitionem
2705 4748 2903 4818 magni
2928 4747 3035 4802 Dei
3056 4751 3108 4803 et
3134 4746 3459 4803 Saluatoris
3501 4763 3629 4802 nos-

1971 4844 2052 4899 tri
2077 4843 2214 4899 Iesu
2244 4840 2491 4901 Christi.

1474 5287 1692 5359 Variae
1722 5289 2053 5360 lectiones
2088 5297 2157 5358 et
2196 5294 2403 5360 notae.

330 5472 455 5559 (4η
499 5474 769 5559 alapam:
812 5478 1031 5559 γὰρ’-ς.
1066 5480 1092 5532 ὁ
1142 5484 1390 5559 Χριστός.
1443 5483 1693 5559 Videtur
1748 5487 1865 5545 hoc

252 5538 1146 5627 [chljiuthyini'uscorifudisse
1180 5538 1439 5623 Romfx,
1472 5538 1693 5625 milia
1733 5538 1860 5627 frit,

2209 5485 2363 5542 Loco
2426 5479 2846 5553 προσεκύνησαν,
2903 5479 3087 5553 habet
3155 5476 3507 5553 ἐφοϐήθησαν.
3566 5482 3634 5553 Β.

2044 5487 2137 5556 (48
2209 5486 2363 5542 Loco
2426 5486 2846 5610 πὲἔσεκύνησαν,
2903 5486 3087 5537 habet
3155 5486 3507 5553 ἐφοϐήθησαν.
3566 5486 3634 5539 Β.

2047 5486 2159 5631 (49;
2194 5559 2263 5631 U_t
2282 5570 2440 5631 ergo
2536 5555 2751 5625 rysost.
2786 5556 2929 5631 tgm:
2976 5551 3090 5631 VII_,
3124 5565 3184 5623 p.
3231 5552 3634 5631 576_D.__omit-

2047 5559 2138 5631 (49

258 5621 347 5702 ip.
380 5617 547 5675 Idem
568 5617 809 5702 :_accidit
852 5621 1065 5694 Cyrillo
1084 5622 1244 5682 Alex.
1277 5617 1435 5685 tom;
1456 5617 1614 5687 I.'De
1654 5617 1867 5690 adora;-
1972 5617 2165 5702 tit‘rﬁ};
2213 5617 2393 5702 δόξηξ,
2417 5626 2508 5702 ita
2527 5617 2772 5702 quoque
2800 5617 3177 5696 Euthymi'ui'»,
3220 5620 3507 5692 neglectis
3536 5636 3635 5677 οο-

258 5688 437 5755 tione,
471 5704 530 5763 p.
568 5695 619 5747 5.

1973 5697 2205 5760 dicib‘us
2235 5701 2376 5758 Novi
2413 5696 2794 5756 Testamenti.
