4186 6318
625 313 731 370 487

699 441 762 496 Et
782 434 994 512 prioris
1025 428 1269 512 quidem
1290 427 1485 496 factus
1506 437 1592 493 est
1618 435 1881 496 Joannes
1897 447 2233 514 praeursor
2256 455 2270 494 :

624 525 960 600 posterioris
998 541 1140 582 vero
1167 525 1268 581 ﬁet
1287 541 1620 598 pracursor
1662 526 1841 598 Elias,
1873 527 1948 583 de
1986 545 2109 600 quo
2135 528 2277 584 dicit

623 616 918 688 propheta
937 614 1268 672 Malachias:
1289 616 1516 671 Mittam
1529 617 1684 672 vobis
1711 617 1910 672 Etiam
1941 618 2270 689 Thesbiten,

621 705 726 778 qui
770 707 1036 761 restituet
1083 721 1186 761 cor
1249 705 1440 775 puris
1491 705 1569 759 ad
1611 706 1827 775 ﬁlium,
1876 707 1991 762 hoc
2032 711 2126 762 est
2167 705 2273 779 qui

621 799 916 851 convertet
944 795 1128 851 corda
1156 795 1526 861 Judaorum,
1553 796 1656 867 qui
1691 801 1830 851 tunc
1862 795 2271 868 superfuerint,

620 884 698 942 ad
725 884 1046 957 apostolos,
1073 889 1139 940 ut
1153 884 1432 941 obediant
1445 884 1733 941 doctrinis
1753 901 1984 952 eorum,
2008 887 2273 943 credant-

619 988 736 1046 que
809 974 1055 1031 Christo.
1119 977 1318 1032 Patres
1390 974 1552 1032 enim
1618 974 2048 1048 Apostolorum
2094 978 2270 1031 erant

617 1062 646 1117 J
657 1063 832 1122 udai.

690 1278 808 1335 Sed
827 1278 1065 1352 Scriba,
1098 1278 1253 1336 duos
1277 1279 1486 1337 Christi
1510 1279 1802 1337 adventus
1824 1280 1884 1336 in
1905 1296 2095 1337 unum
2133 1294 2271 1337 con-

615 1368 952 1437 fundentes,
978 1374 1035 1427 et
1063 1372 1444 1442 posteriorem
1467 1369 1528 1425 in
1546 1370 1806 1442 priorem
1828 1371 2266 1441 contrahentes,

615 1459 690 1516 de
721 1460 849 1517 solo
867 1460 1182 1534 posteriori
1203 1460 1505 1517 docebant
1533 1459 1821 1533 populum
1849 1477 1863 1517 :
1893 1465 1947 1517 et
1957 1465 2270 1533 propterea

613 1549 909 1608 Christum
946 1565 1070 1607 non
1101 1549 1506 1622 suscipiebant
1551 1549 1836 1616 dicentes,
1873 1550 2040 1622 quod
2079 1549 2267 1606 Eliam

611 1643 846 1710 oportet
892 1641 1095 1696 venire
1147 1640 1416 1711 primum,
1476 1643 1534 1696 et
1576 1655 1718 1696 mox
1763 1639 2088 1698 Christum.
2153 1638 2263 1696 Sed

609 1743 772 1786 nunc
811 1729 1077 1786 Christus
1120 1729 1195 1786 de
1238 1728 1478 1786 duobus
1519 1733 1723 1802 aperte
1767 1729 1954 1788 docet.
2018 1729 2266 1786 Adverte

608 1832 768 1889 ergo.

681 1911 843 1964 Vers.
874 1909 934 1964 11
952 1950 965 1965 .
988 1908 1156 1966 Iesus
1182 1913 1464 1966 autem—
1481 1908 1546 1965 V.
1581 1909 1664 1967 η.
1691 1911 2258 1981 Cognoverunteum.

610 1996 763 2052 Elias
803 1997 1045 2068 quidem
1083 1999 1354 2070 proprior
1375 1999 1496 2054 sive
1525 1998 1832 2056 Thesbites
1861 1999 2133 2056 nondum
2167 2014 2259 2055 ve-

608 2086 739 2150 nit;
795 2087 988 2142 veniet
1016 2094 1216 2143 autem
1247 2088 1399 2144 circa
1431 2089 1756 2144 secundum
1797 2105 1999 2145 meum
2041 2089 2262 2146 adven-

610 2180 735 2233 tum
768 2192 780 2232 :
807 2181 863 2232 et
890 2178 1152 2234 restituet
1177 2194 1420 2234 omnem
1445 2179 1540 2250 qui
1570 2179 1621 2235 ei
1663 2179 2000 2249 crediderit,
2036 2179 2152 2236 hoc
2174 2183 2264 2235 est

609 2271 904 2323 convertet
941 2282 1043 2323 cor
1093 2267 1279 2340 patris
1328 2267 1406 2324 ad
1448 2269 1650 2334 tilium,
1709 2273 1772 2324 ut
1832 2269 1913 2324 ait
1966 2269 2262 2341 propheta

608 2355 953 2414 Malachias.
979 2357 1118 2414 Dico
1149 2362 1350 2414 autem
1383 2358 1554 2415 vobis
1579 2358 1742 2430 quod
1774 2357 1930 2414 Elias
1959 2357 2261 2414 secundus

609 2446 732 2503 sive
761 2446 1026 2519 Baptista
1048 2447 1176 2519 jam
1223 2448 1384 2504 venit
1411 2448 1568 2504 circa
1598 2448 1846 2519 primum
1901 2464 2104 2505 meum
2159 2448 2262 2505 ad-

605 2541 875 2607 ventum,
908 2541 970 2592 ut
1006 2537 1210 2594 dicunt
1243 2537 1590 2609 Scriptura:
1625 2543 1680 2594 et
1710 2552 1832 2595 non
1857 2543 2262 2611 cognoverunt

607 2625 825 2681 Scriba
867 2626 1034 2698 quod
1057 2628 1234 2683 etiam
1265 2626 1361 2683 hic
1391 2631 1551 2684 esset
1575 2627 1728 2683 Elius
1771 2632 2061 2700 tanquam
2110 2643 2258 2700 pra-

607 2729 835 2770 cursor.
870 2715 999 2771 Non
1023 2721 1434 2786 cognoverunt
1472 2720 1674 2773 autem
1705 2731 1844 2774 cum
1877 2721 2076 2789 utpote
2101 2717 2258 2774 male

604 2801 996 2874 intelligentes
1028 2805 1386 2875 Scripturas.

678 2893 840 2948 Vers.
866 2894 952 2948 12,
1000 2892 1117 2950 Sed
1151 2922 1222 2933 —
1252 2894 1585 2950 voluerunt.
1625 2893 1885 2951 Herodes
1939 2893 2210 2952 videlicet
2242 2909 2258 2962 ;

605 2981 795 3039 multa
819 2982 980 3039 enim
1022 2985 1084 3039 in
1130 2998 1268 3039 eum
1309 2980 1461 3050 fecit,
1494 2983 1555 3039 in
1607 2999 1906 3040 carcerem
1946 2983 2116 3040 illum
2169 2985 2259 3041 in-

599 3071 843 3144 jiciens;
875 3072 1088 3131 deinde
1104 3075 1485 3146 amputatum
1510 3079 1692 3147 caput
1721 3073 1934 3132 deferri
1954 3073 2175 3146 jubens
2195 3075 2258 3131 in

603 3162 796 3221 lance.

673 3344 845 3402 Vers.
910 3342 995 3398 1'2.
1024 3344 1113 3400 Ita
1141 3373 1210 3384 —
1235 3343 1310 3399 ab
1341 3344 1440 3400 eis.
1465 3343 1552 3401 Ita
1580 3358 1835 3416 quoque,
1869 3358 1992 3401 non
2052 3343 2258 3416 cogni-

602 3437 698 3490 tus
729 3433 946 3490 scilicet
965 3433 1127 3506 quod
1155 3434 1230 3489 sit
1255 3432 1548 3490 Christus:
1603 3448 1727 3490 non
1752 3434 2025 3503 cognitus
2053 3438 2253 3490 autem

600 3529 845 3595 propter
879 3537 1132 3594 pravam
1179 3527 1442 3579 mentem
1486 3522 1778 3594 ipsorum.
1829 3523 1941 3579 Sed
1983 3538 2253 3594 quonam

601 3611 787 3668 modo
815 3611 934 3676 ﬂet,
977 3616 1040 3668 ut
1067 3627 1208 3668 cum
1257 3615 1580 3684 prasentes
1613 3610 1840 3668 Hebrai
1867 3610 2096 3669 Christo
2133 3627 2252 3668 non

601 3699 978 3772 crediderint,
1024 3700 1128 3773 qui
1158 3705 1299 3756 tunc
1324 3705 1509 3769 erunt,
1563 3699 1808 3758 credant
1860 3700 1995 3756 Elia
2022 3700 2050 3756 ?
2103 3701 2252 3767 Quia

597 3795 928 3860 agnoscunt
948 3806 1106 3857 eum,
1150 3790 1462 3865 sciuntque
1491 3789 1679 3862 deillo
1706 3789 2053 3863 pradixisse
2077 3789 2252 3849 Mala-

598 3879 818 3936 chiam.
851 3879 1038 3936 Simul
1060 3879 1240 3938 etiam
1270 3885 1393 3937 tam
1430 3879 1682 3952 longum
1709 3885 1944 3952 tempus
1974 3879 2142 3952 quod
2184 3879 2250 3937 in

598 3969 798 4026 medio
862 3968 1191 4036 intercidet,
1242 3974 1519 4042 tantaque
1571 3971 1757 4026 virtus
1790 3969 2248 4042 pradicationis,

597 4058 897 4115 emolliant
920 4057 1197 4114 duritiem
1224 4058 1421 4114 cordis
1455 4073 1686 4114 eorum.

670 4146 838 4203 Vers.
876 4150 959 4202 13.
1015 4148 1278 4202 Tunc—
1308 4146 1410 4203 eis.
1466 4149 1616 4202 Nam
1666 4145 1953 4202 vicesimo
2010 4161 2250 4220 quoque

598 4236 788 4307 capite
839 4235 1196 4307 pradixerat
1245 4234 1330 4290 eis
1369 4236 1436 4302 ιι,
1486 4233 1652 4307 quod
1681 4233 1779 4291 ille
1817 4235 1892 4293 sit
1928 4233 2083 4293 Elias
2150 4235 2249 4307 qui

597 4328 880 4381 venturus
900 4339 1033 4381 esse
1069 4323 1301 4381 dicitur.

1014 4441 1169 4497 CAP.
1196 4440 1401 4498 XXXV.
1433 4443 1520 4498 De
1558 4441 1832 4499 lunatico.

668 4541 829 4596 Vers.
880 4541 968 4597 14.
1009 4541 1087 4598 Ει
1117 4571 1186 4581 -
1247 4543 1309 4596 V.
1341 4541 1423 4596 15.
1468 4541 1796 4613 Afﬂigitur.
1858 4543 1937 4599 De
1983 4540 2246 4601 lunatico

595 4629 941 4703 pradictum
966 4630 1205 4704 quidem
1223 4637 1313 4689 est
1329 4631 1512 4689 modo
1531 4631 1880 4690 naturaliori
1893 4633 2244 4698 insistendo,

595 4724 805 4792 quarto
844 4719 1069 4792 capite;
1100 4719 1327 4778 dicetur
1377 4727 1575 4779 autem
1627 4726 1683 4778 et
1712 4737 1870 4778 nunc
1931 4720 2247 4793 perfectius

593 4811 762 4883 quod
801 4811 1150 4869 damonum
1216 4811 1466 4886 quidam
1532 4811 1896 4880 secedentes,
1951 4810 2246 4868 adversus

593 4901 893 4974 quosdam
921 4902 1199 4958 homines
1236 4905 1473 4975 tempus
1504 4907 1730 4958 certum
1771 4900 1929 4956 luna
1964 4901 2245 4959 observa-

592 4992 753 5058 bant,
781 4997 839 5049 et
869 4997 1003 5049 tunc
1033 4992 1324 5049 insultum
1354 4994 1414 5047 in
1439 4990 1572 5048 illos
1626 4990 1942 5058 faciebant,
1979 4999 2042 5049 ut
2095 4993 2244 5050 dum

589 5080 738 5136 luna
767 5079 908 5135 mali
940 5096 1003 5137 ce
1016 5097 1124 5138 usa
1159 5080 1475 5146 videretur,
1509 5081 1639 5152 ejus
1671 5083 1901 5138 creator
1921 5080 2240 5139 calumnia

593 5173 1005 5242 exponeretur.

665 5269 714 5307 ³³
742 5268 988 5328 Malach.
1015 5285 1090 5336 ιν,
1114 5269 1168 5335 4,
1198 5269 1253 5325 5.
1333 5269 1377 5305 “
1405 5267 1604 5326 Matth.
1623 5284 1704 5337 xi,
1731 5269 1822 5329 14.

1941 314 2293 402 ΕυΤῌΥΜῌ
2334 310 2667 375 ZIGABENI

3888 323 3984 384 488

2308 441 2353 497 Α
2458 445 2561 498 Καὶ
2612 451 2708 506 τῆς
2761 445 2852 517 μὶν
2899 448 3110 518 πρώτης
3153 449 3330 519 γέγονε
3386 445 3682 524 πρόδρομος
3733 451 3762 502 6
3818 450 3984 505 Ἰωάν-

2386 550 2500 594 τής·
2532 541 2624 593 τῆς
2677 529 2924 606 δευτέρας
2974 530 3034 585 δὲ
3083 539 3359 606 γενήσεται
3401 532 3694 610 πρόδρομος
3729 539 3757 590 ό
3790 538 3982 602 Ἠλίας·

2385 625 2501 688 περὶ
2556 621 2618 682 ἧς
2669 627 2802 692 γησὶ
2850 621 3136 694 Μαλαχίας
3211 625 3235 675 6
3313 630 3604 699 προφήτης⁵
3683 625 3982 682 ’Δποστελῶ

2385 709 2508 782 ὑμίρ
2583 709 2594 729 ’
2626 711 2784 762 Ηλίαν
2862 715 2948 764 τόν
3023 712 3285 771 Θεσϐίτην
3318 754 3332 778 ,
3420 715 3476 776 ὃς
3553 713 3982 775 ἀποκαταστήσει

2382 795 2605 871 καρδίαν
2664 803 2857 875 πατρὸς
2912 804 3043 863 παὸς
3101 803 3227 868 νὶὁν,
3285 807 3573 871 τουτέστιν,
3627 806 3682 865 ὃς
3739 803 3980 881 ἐπιστρέ-

2381 885 2469 957 ψει
2521 887 2631 959 (50)
2685 891 2780 949 τὰς
2826 885 3052 962 καρδίας
3081 898 3179 942 τῶν
3220 899 3507 949 τηνικαῦτα
3536 889 3815 946 Ἰουδαίπν
3860 899 3979 967 πρός

2381 979 2495 1036 τοὺς
2529 975 2871 1046 ἀποστόλους,
2917 978 3051 1032 ὣστε
3104 981 3391 1039 πεισθῆναι
3445 989 3555 1044 ταῖς
3605 978 3981 1044 διδασκαλίαις

2380 1063 2570 1134 αὐτῶν,
2601 1071 2692 1118 καί
2738 1075 3020 1121 πιστεῦσαι
3076 1076 3148 1140 τῷ
3201 1077 3432 1145 Χριστῷ.
3486 1076 3710 1147 Πατέρες
3754 1075 3858 1149 γὰρ
3890 1081 3978 1124 τῶν

2380 1151 2678 1208 ἀποστόλων
2709 1159 2757 1209 οἱ
2785 1154 3051 1212 Ἰουδαῖοι.

2451 1259 2586 1314 Ἀλλ’
2626 1264 2675 1315 οἱ
2730 1269 3072 1338 Γραμματείς,
3122 1270 3214 1329 τὰς
3246 1264 3342 1321 δύο
3382 1274 3472 1320 τοῦ
3505 1274 3750 1340 Χριστοῦ
3793 1287 3977 1344 παρου-

2381 1353 2496 1411 σίας
2534 1351 2606 1412 εἰς
2659 1356 2784 1425 μίαν
2844 1358 3177 1426 συγχέοντες,
3219 1361 3309 1412 καὶ
3358 1361 3452 1415 τήν
3501 1362 3714 1430 πρώτην
3775 1356 3846 1420 εἰς
3895 1362 3977 1416 τήν

2379 1435 2623 1514 δευτέραν
2665 1443 2992 1514 συνάγοντες,
3042 1450 3162 1518 περὶ
3209 1454 3304 1507 τῆς
3351 1442 3596 1521 δευτέρας
3648 1450 3822 1518 μόνης
3872 1444 3975 1500 ἐδί-

2379 1524 2576 1581 δασκον
2607 1533 2693 1582 τόν
2723 1530 2869 1588 λαόν.
2909 1537 3010 1586 Καὶ
3039 1529 3073 1585 δ
3078 1537 3129 1586 ιά
3172 1543 3326 1589 τοῦτο
3363 1538 3450 1588 τὸν
3483 1538 3722 1610 Χριστόν
3754 1535 3851 1589 οὐκ
3879 1532 3977 1588 ἐδέ-

2375 1637 2557 1690 χοντο,
2588 1618 2832 1690 λέγοντες,
2862 1620 2939 1672 ὁτι
2972 1624 3060 1674 τόν
3090 1622 3263 1676 Ἠλίαν
3293 1629 3403 1696 χρὴ
3432 1623 3591 1676 ἐλθεῖν
3611 1631 3845 1698 πρῶτον,
3877 1621 3977 1677 εἶτα

2376 1711 2462 1760 τὸν
2493 1713 2741 1782 Χριστόν.
2769 1709 2924 1763 Ἀλλὰ
2957 1719 3044 1763 νῦν
3085 1714 3110 1765 6
3140 1716 3371 1785 Χριστὸς
3412 1709 3662 1766 διδάσκει
3715 1718 3840 1787 περὶ
3885 1721 3974 1766 τῶν

2299 1793 2346 1874 β
2377 1792 2474 1849 δύο
2507 1805 2699 1869 σαφῶς.
2735 1802 2979 1872 Πρόσχες
3001 1803 3129 1875 γὰρ’

2442 1901 2525 1956 Ὀ
2579 1899 2637 1956 δε
2711 1905 2940 1968 Ἰησοῦς
2991 1937 3060 1949 -
3128 1906 3423 1980 ἐπέγνωσαν
3499 1907 3697 1964 αὐτόν.
3783 1909 3975 1971 Ἠλίας

2371 1995 2460 2064 μεν
2519 1993 2544 2044 6
2595 2000 2843 2067 πρῶτος,
2917 1999 3099 2068 ἤγουν,
3158 1998 3184 2051 ό
3247 1997 3509 2059 Θεσϐίτης
3541 2039 3554 2064 ,
3614 2001 3767 2051 οὔπω
3813 1995 3970 2058 ἦλθεν·

2372 2085 2585 2155 ἔρχεται
2643 2081 2702 2136 δὲ
2757 2087 2892 2137 κατὰ
2933 2090 3027 2144 τήν
3084 2084 3325 2161 δευτέραν
3373 2107 3474 2159 μου
3517 2093 3843 2160 παρουσίαν,
3889 2093 3969 2141 καὶ

2373 2170 2801 2231 ἀποκαταστήσει
2849 2176 3017 2226 πάντα
3070 2179 3155 2227 τόν
3223 2178 3522 2248 πειθόμενον
3579 2177 3750 2248 αὐτῷ,
3808 2181 3966 2231 τουτί·

2374 2278 2507 2325 στιν,
2585 2260 2886 2334 ἐπιστρέψει
2960 2261 3187 2339 καρδίαν
3258 2268 3451 2338 πατρὸς
3514 2269 3646 2341 πρὸς
3713 2269 3852 2336 υἱόν,
3912 2269 3968 2327 ὡς

2373 2351 2398 2401 6
2453 2356 2712 2423 προφήτης
2764 2351 3048 2424 Μαλαχίας
3102 2357 3233 2426 φησί
3267 2395 3280 2410 .
3345 2359 3495 2426 Λέγω
3565 2351 3624 2407 δί
3693 2353 3839 2428 ὑμῖν,
3897 2357 3966 2408 ὅτι

2376 2437 2552 2502 Ἠλίας
2599 2441 2625 2492 6
2683 2437 2944 2514 δεύτερος,
3000 2441 3184 2512 εἶτουν,
3239 2445 3264 2494 6
3321 2448 3641 2512 Βαπτιστής,
3700 2441 3812 2504 ήδη
3851 2445 3964 2503 ἦλθε

2371 2530 2505 2580 κατὰ
2554 2533 2648 2588 τήν
2704 2535 2912 2604 πρώτην
2961 2550 3063 2603 μου
3129 2534 3325 2590 ταύτην
3397 2537 3694 2608 παρουσίαν
3721 2577 3739 2604 ,
3800 2536 3862 2595 ὡς
3911 2534 3959 2586 αἱ

2372 2622 2573 2691 Γραφαί
2620 2636 2769 2691 φασι.
2827 2623 2926 2672 Καὶ
2991 2619 3086 2672 οὐκ
3151 2619 3446 2693 ἐπέγνωσαν
3503 2623 3553 2674 οί
3617 2627 3952 2697 Γραμματείς,

2370 2708 2451 2760 ὃτι
2500 2707 2589 2758 καί
2649 2707 2794 2768 οὗτος
2846 2707 3032 2770 Ἠλίας
3085 2708 3266 2778 ἐστὶν,
3325 2707 3410 2763 οἶα
3455 2707 3750 2784 πρόδρομος
3781 2729 3793 2741 ·
3864 2710 3952 2763 οὐκ

2369 2795 2663 2868 ἐπέγνωσαν
2740 2794 2800 2850 δέ
2880 2797 3035 2851 αὐτόν
3066 2839 3080 2868 ,
3162 2801 3234 2861 ὡς
3321 2808 3496 2864 κακῶς
3571 2806 3790 2861 νοοῦντες
3860 2801 3948 2858 τὰς

2369 2887 2595 2960 Γραφάς.

2438 2973 2570 3027 Ἀλλ’
2622 3004 2688 3016 -
2735 2973 3021 3035 ἠθέλησαν.
3087 2977 3154 3030 Οἱ
3220 2980 3338 3053 περὶ
3409 2979 3496 3030 τόν
3551 2973 3782 3054 Ἡρώδην
3854 2968 3938 3032 δη-

2367 3061 2554 3116 λονότι·
2611 3062 2774 3116 πολλά
2836 3067 2937 3138 γὰρ
2986 3064 3058 3127 είς
3107 3064 3261 3118 αὐτόν
3327 3065 3603 3134 ἐποίησαν,
3662 3064 3947 3139 ἐμϐαλόντες

2301 3145 2341 3203 C
2368 3151 2437 3214 εἰς
2465 3150 2713 3224 φυλακὴν,
2756 3153 3245 3227 ἁποκεφαλίσαντες,
3280 3153 3561 3227 ἐνεγκόντες
3597 3159 3688 3214 τήν
3741 3152 3946 3227 κεφαλήν

2368 3241 2527 3293 αὐτοῦ
2565 3241 2650 3295 ἐπὶ
2679 3245 2916 3306 πίνακος.

2439 3329 2614 3392 Οὕτως
2662 3361 2731 3373 -
2789 3331 2874 3385 ὑπ’
2925 3330 3114 3388 αὐτῶν.
3148 3331 3299 3386 Οὖτω
3328 3337 3414 3387 καὶ
3464 3332 3641 3402 αὐτὸς,
3676 3331 3950 3406 ἀγνοούμε-

2364 3439 2469 3489 νος,
2522 3421 2602 3472 ότι
2645 3422 2671 3472 6
2719 3425 2944 3494 Χριστός
2992 3419 3152 3474 ἐστιν’
3213 3420 3550 3495 ἀγνοούμενος
3608 3418 3665 3475 δε
3727 3419 3820 3476 διὰ
3865 3423 3951 3478 τὴν

2362 3513 2634 3562 κακόνοιαν
2693 3510 2878 3565 αὐτῶν.
2941 3510 3096 3564 Ἀλλά
3147 3519 3273 3578 πῶς,
3317 3521 3416 3564 τῶν
3452 3519 3542 3564 νῦν
3581 3508 3836 3584 Ἑϐραίων
3884 3513 3947 3581 μή

2361 3601 2750 3652 πιστευσάντων
2791 3607 2864 3670 τῷ
2911 3607 3145 3672 Χριστῷ,
3178 3602 3227 3652 οἱ
3273 3605 3388 3654 τότε
3429 3609 3502 3672 τῷ
3550 3599 3703 3673 Ἠλίᾳ
3741 3599 3950 3655 πεισθὴ-

2363 3706 2588 3757 σονται;
2647 3692 2790 3742 Διότι
2849 3688 3197 3762 γνωρίζουσιν
3248 3689 3425 3758 αύτὸν,
3461 3693 3552 3742 καὶ
3583 3694 3948 3762 γινώσκουσιν,

2361 3778 2388 3830 6
2423 3781 2542 3850 περὶ
2585 3776 2742 3830 αὑτοῦ
2787 3784 3021 3852 προεῖπεν
3053 3778 3078 3829 6
3112 3776 3411 3849 Μαλαχίας
3439 3777 3550 3851 ἅμα
3579 3774 3639 3830 δε
3668 3784 3763 3831 καὶ
3812 3779 3837 3831 ό
3877 3793 3952 3828 το-

2363 3873 2548 3930 σοῦτος
2600 3865 2648 3919 ἐν
2704 3874 2776 3937 τῷ
2825 3871 2967 3939 μέσῳ
3018 3869 3228 3941 χρόνος,
3277 3872 3366 3920 καὶ
3422 3868 3452 3926 ἡ
3511 3869 3814 3940 τημικαύτη
3866 3871 3949 3917 τοῦ

2359 3958 2693 4029 κηρύγματος
2743 3952 2985 4030 δύναμις,
3045 3955 3339 4029 μαλάξουσι
3382 3960 3474 4016 τήν
3534 3951 3950 4033 σκληροκαρδίαν

2359 4065 2524 4098 αυτων
2533 4089 2546 4102 ,

2429 4155 2556 4206 Τότε
2616 4182 2685 4194 -
2735 4151 2932 4215 αὐτοῖς.
2995 4159 3216 4228 Προεῖπε
3257 4153 3360 4228 γὰρ
3419 4151 3594 4214 αὐτοῖς
3644 4155 3736 4205 καὶ
3793 4151 3842 4205 ἐν
3885 4155 3950 4221 τῷ

2360 4241 2579 4313 εἰκόστῷ
2635 4241 2916 4316 κεφαλαίῳ,
2969 4244 3049 4296 ὅτι
3103 4242 3257 4304 αὐτὸς
3304 4240 3443 4296 ἐστιν
3474 4241 3654 4305 Ἠλίας
3694 4242 3722 4295 6
3771 4239 3948 4315 μέλλων

2358 4333 2633 4408 ἔρχεσθαι.

2609 4463 2759 4514 ΚΕΦ.
2807 4457 2930 4514 AE'.
2965 4461 3089 4532 Περὶ
3117 4474 3208 4510 του
3244 4453 3701 4530 σεληνιαζομένου.

2433 4551 2534 4600 Καὶ
2565 4576 2634 4588 -
2675 4548 2897 4619 πάσχει.
2939 4551 3064 4622 Περὶ
3109 4554 3200 4598 τοῦ
3253 4545 3609 4619 σεληνιασμοῡ
3656 4548 3941 4620 προείρηται

2356 4641 2446 4710 μὲν
2520 4641 2608 4689 καὶ
2684 4634 2732 4687 ἐν
2793 4644 2866 4706 τῷ
2949 4638 3177 4711 τετάρτῳ
3242 4635 3502 4708 κεφαλαίῳ
3581 4633 3934 4708 φυσιολογικώ-

2355 4746 2517 4801 τερονι
2580 4725 2875 4800 ῥηθήσεται
2941 4721 2999 4777 δε
3047 4729 3134 4776 καὶ
3189 4732 3276 4776 νῦν
3309 4722 3686 4800 ἀκριϐέστερον,
3725 4722 3798 4774 ὃτι
3841 4722 3932 4768 τῶν

2357 4812 2616 4888 δαιμόνων
2647 4816 2777 4867 τινὶν
2802 4815 3274 4890 παραχωρούμενοι
3324 4814 3439 4886 (51)
3488 4815 3625 4866 κατά
3670 4830 3811 4865 τινων
3863 4803 3939 4857 ἂν·

2357 4907 2592 4979 θρώπων,
2640 4903 2916 4977 ἐπετήρουν
2943 4906 3123 4977 καιρόν
3161 4923 3276 4956 τινα
3318 4911 3412 4965 τῆς
3443 4901 3683 4969 σελήνης,
3717 4904 3803 4954 καὶ
3835 4898 3941 4950 τότε

2353 4998 2558 5058 τούτοις
2583 4989 2876 5058 ἐπεπήδων,
2904 4996 3008 5064 ἵνα,
3035 4996 3100 5054 ὡς
3120 5001 3216 5055 τῆς
3241 4992 3453 5055 σελήνης
3473 4996 3646 5055 αἰτίας
3673 4987 3944 5054 δοκούσης,

2353 5087 2380 5140 ὁ
2415 5086 2740 5160 Δημιουργός
2772 5082 2932 5146 αὐτῆς
2975 5079 3011 5137 δ
3017 5081 3318 5144 ιαϐάληται.

2279 4493 2328 4566 D

1781 5397 2004 5468 Varia
2038 5399 2372 5471 lectiones
2420 5407 2486 5468 et
2521 5404 2723 5466 nota.

664 5543 778 5688 (5οζ
811 5541 900 5598 Uti
927 5541 1176 5616 explicat
1197 5541 1332 5598 Luc.
1357 5557 1395 5609 ι,
1429 5543 1524 5600 17.

664 5617 748 5688 (51
807 5621 1181 5688 ’Παραχωρεῐν
1256 5631 1416 5688 nunc
1494 5633 1524 5668 n

663 5617 748 5688 (51

2353 5543 2453 5601 bet
2477 5539 2822 5597 ἐπιτίθεσθαι.
2854 5537 3023 5597 Forte
3053 5540 3253 5598 tamen
3281 5538 3417 5613 quis
3449 5536 3724 5598 maluerit
3743 5551 3949 5614 προχω-

807 5614 1181 5698 ’Παραχωρεῐν
1256 5631 1416 5698 nﬁunc
1494 5629 1612 5698 non
1664 5617 1764 5698 est.
1803 5615 2082 5698 secederet,
2138 5614 2248 5698 sed
2355 5617 2613 5691 ρούμενοι.

590 5685 898 5763 erumpere
914 5685 1226 5745 in‘co'ntra.
1271 5685 1570 5762 Chrysost.
1599 5690 1633 5742 t.
1679 5685 1787 5753 VII,
1814 5702 1874 5758 p.
1905 5689 2008 5742 579
2041 5688 2108 5757 E,
2138 5688 2248 5746 ha-

4097 1094 4099 1162 l

4097 1567 4099 1686 Ι
