4186 6318
248 278 364 334 489

1242 273 1611 329 CUMMENT.
1654 272 1723 327 ΙΝ
1764 269 2204 327 ΜΑΤΤΗΑὲΠΜ.
2249 297 2312 309 -ο-
2352 269 2508 325 CAP.
2552 271 2715 327 XVII.

3540 276 3645 333 490

334 414 591 477 Πολλάκις
645 410 908 487 -ὔδωμ
964 412 1144 478 Ὠστε,
1176 410 1222 462 εἰ
1263 413 1334 482 μὴ
1390 412 1480 459 καὶ
1536 408 1653 457 τότε
1703 406 1734 461 ἡ
1767 408 1859 455 τοῦ

2048 394 2213 450 Vers.
2270 398 2354 449 15.
2405 396 2855 467 Frequenter—
2885 410 3111 468 aquam.
3174 397 3381 469 Itaque
3435 401 3638 459 sinon

258 507 401 553 Θεοῦ
432 499 651 576 δύναμις
688 506 774 554 τὸν
827 499 1055 575 δαίμονα
1104 497 1424 571 ἀνεχαίτιζε,
1476 494 1635 548 πάλαι
1686 492 1746 545 ἂν
1776 491 1865 543 αὐ-

257 593 350 641 τὸν
408 588 682 667 διέφθειρε.
750 593 963 665 Μάρκος
1022 587 1081 642 δέ
1133 608 1310 661 φησιν,
1372 586 1453 638 ὅτι
1490 587 1547 635 τὸ
1614 583 1664 634 ἐν
1724 581 1864 650 αὐτῷ

261 675 534 752 δαιμόνων
570 680 755 732 ἄλαλον
800 676 860 738 ἦν
892 684 981 732 καὶ
1010 682 1178 751 κωφὸν
1216 693 1231 707 ⁸
1270 676 1376 748 οὐχ
1420 677 1490 736 ὡς
1520 676 1672 745 φύσει
1698 677 1865 724 τοιοῦ-

258 787 364 834 τον,
398 768 507 820 ἀλλ’
555 770 624 831 ὡς
660 765 937 841 δεσμῆσαν
981 772 1075 827 τὴν
1102 774 1193 819 τοῦ
1234 763 1667 838 δαιμονιζομένου
1696 762 1864 833 φωνὴν

257 862 349 909 καὶ
377 856 560 915 ἀκοήν.

334 951 435 1000 Καὶ
492 976 563 987 --
621 948 958 1022 θεραπεῦσαι.
1046 945 1157 999 Οὐκ
1234 941 1578 1004 ἠδυνήθησαν
1629 937 1723 993 διὰ
1771 940 1865 995 τὴν

255 1036 516 1088 ἀπιστίαν
571 1043 664 1088 τοῦ
722 1039 1170 1111 προσαγαγόντος.
1220 1034 1409 1107 Είγὰρ
1455 1036 1546 1083 καὶ
1593 1032 1868 1103 προσήγα-

250 1143 345 1196 γεν
404 1126 582 1191 αὑτὸν,
646 1124 753 1177 ἀλλ’
830 1126 925 1178 οὐκ
981 1124 1280 1177 ἐπίστευσεν
1343 1123 1455 1195 (52)
1516 1117 1865 1182 ἀδιστάκτως,

257 1216 342 1267 ὅτι
392 1211 640 1267 δύνανται
692 1218 779 1267 τὸν
860 1211 1088 1287 δαίμονα
1156 1210 1514 1286 φυγαδεῦσαι.
1591 1215 1755 1263 Τοῦτο
1809 1203 1869 1258 δὲ

262 1308 481 1377 φανερὸν
533 1303 633 1356 ἀπὸ
690 1322 744 1356 τε
798 1310 889 1355 τοῦ
950 1302 1107 1355 εἰπεῖν
1164 1305 1251 1354 τὸν
1307 1304 1556 1375 Χριστόν
1610 1298 1681 1349 Ὦ
1722 1296 1869 1368 γενεὰ

586 1391 687 1445 ἀπὸ
719 1411 773 1445 τε
802 1400 894 1445 τοῦ
935 1392 1090 1444 εἰπεῖν
1123 1388 1271 1453 αὖθις
1302 1395 1388 1443 τὸν
1418 1390 1820 1464 προσαγαγόντα
1849 1402 1864 1419 ο

854 1480 1123 1554 βοήθησον
1206 1481 1331 1551 ἡμῖν
1436 1482 1525 1530 καὶ
1599 1475 1701 1528 ἀπὸ
1775 1479 1867 1526 τοῦ

263 1572 532 1647 ἐρωτῆσαι
587 1576 673 1626 τὸν
730 1576 976 1647 Χριστὸνδ
1038 1571 1100 1624 Εἰ
1147 1567 1374 1622 δύνασαι
1422 1574 1724 1622 πιστεῦσαι.
1776 1568 1867 1617 καὶ

1280 1674 1292 1686 ·
1354 1659 1611 1723 Πιστεύω,
1689 1656 1867 1727 Κύριε,

263 1395 492 1456 ἄπιστος
521 1410 533 1422 ⁸

266 1486 329 1536 Εἴ
384 1503 435 1535 τι
510 1480 772 1550 δύνασαι,

268 1662 374 1715 ἀπὸ
456 1670 545 1715 τοῦ
637 1660 982 1735 ἀποκριθῆναι
1061 1660 1215 1713 αὐτόν

1976 484 2154 539 etiam
2212 487 2354 538 tunc
2428 483 2530 538 Dei
2586 484 2769 540 virtus
2832 486 3173 541 daemonem
3242 487 3632 555 cohibuisset,

1968 572 2333 642 jamdudum
2360 586 2494 625 eum
2523 573 2898 644 perdidisset.
2920 576 3145 631 Marcus
3169 579 3370 633 autem
3395 578 3536 635 dicit
3561 580 3634 650 η,

1975 661 2141 732 quod
2179 660 2568 727 daemonium,
2618 662 2785 733 quod
2826 662 2887 718 in
2918 680 2989 720 eo
3033 667 3181 729 erat,
3214 673 3451 723 mutum
3511 675 3635 725 erat

1977 762 2048 803 ac
2082 749 2333 803 surdum
2379 764 2501 804 non
2563 751 2727 821 quod
2784 758 3002 807 natura
3056 758 3207 809 esset
3254 754 3629 826 hujusmodi,

1978 836 2085 892 sed
2116 837 2256 909 quia
2284 836 2641 893 daemoniaci
2681 854 2889 895 vocem
2933 840 3221 910 ligaverat
3251 848 3308 899 et
3332 846 3630 902 auditum.

2046 925 2207 980 Vers.
2244 927 2328 980 16.
2374 926 2452 982 Ει
2484 958 2553 966 -
2576 942 2806 983 curare.
2858 927 2988 984 Non
3040 935 3362 1001 potuerunt
3390 938 3634 1006 propter

1976 1012 2277 1069 offerentis
2297 1015 2793 1073 incredulitatem.
2830 1016 2983 1073 Licet
3009 1018 3170 1073 enim
3200 1035 3340 1076 eum
3369 1022 3629 1078 adduxe-

1976 1106 2087 1171 rat,
2114 1119 2232 1159 non
2256 1108 2456 1160 tamen
2471 1104 2874 1162 indubitanter
2895 1105 3193 1173 credebat,
3222 1109 3387 1179 quod
3408 1109 3632 1166 daemo-

1977 1205 2116 1248 nem
2150 1193 2359 1262 fugare
2386 1199 2654 1265 possent.
2702 1196 2819 1249 Hoc
2844 1198 3044 1250 autem
3075 1198 3131 1251 et
3164 1211 3234 1249 ex
3280 1212 3352 1252 eo
3378 1198 3630 1253 manife-

1978 1283 2135 1336 stum
2166 1286 2271 1346 est,
2303 1281 2466 1354 quod
2500 1282 2648 1337 dixit
2676 1281 2941 1339 Christus
2976 1300 2988 1336 :
3026 1283 3073 1338 0
3114 1285 3417 1353 generatio
3444 1287 3635 1343 incre-

1978 1367 2117 1423 dula
2145 1386 2158 1435 ;
2192 1375 2249 1425 et
2298 1386 2507 1425 rursus
2541 1370 2619 1427 ab
2650 1387 2720 1426 eo
2778 1371 2943 1443 quod
2972 1371 3123 1428 dixit
3166 1372 3476 1429 adducens
3520 1392 3532 1430 :
3565 1376 3634 1431 Si

1979 1458 2123 1531 quid
2173 1466 2329 1529 potes
2381 1458 2602 1527 adjuva
2649 1475 2752 1515 nos
2801 1475 2921 1525 ;ex
2963 1475 3033 1515 eo
3087 1461 3253 1533 quod
3302 1461 3631 1534 interroga-

1976 1548 2059 1604 vit
2106 1547 2369 1603 Christus
2423 1563 2435 1601 :
2491 1546 2557 1602 Si
2600 1552 2762 1616 potes
2806 1548 3047 1604 credere
3079 1564 3093 1615 ;
3125 1553 3182 1605 et
3205 1550 3418 1605 iterum
3451 1552 3529 1607 ab
3559 1568 3631 1609 eo

1978 1635 2139 1710 quod
2185 1637 2312 1706 ipse
2364 1636 2678 1707 respondit
2728 1653 2740 1691 :
2787 1636 2966 1692 Credo
3016 1638 3288 1703 Domine,
3340 1642 3633 1699 auxiliare

271 1752 464 1825 βοήθει
518 1771 618 1823 μου
662 1759 723 1824 τῇ
793 1749 1035 1822 ἀπιστίᾳ.
1090 1756 1270 1802 Ταῦτα
1319 1750 1420 1821 γὰρ
1475 1746 1791 1819 πλατύτερον
1843 1743 1869 1795 ὁ

1995 1724 2378 1782 ῖηονεάιιῑίιαεί
2402 1741 2551 1779 mea.
2578 1727 2727 1780 Nam
2744 1724 2872 1780 haec
2901 1724 3083 1781 latius
3116 1726 3350 1798 scripsit
3380 1730 3630 1785 Marcus.

270 1843 488 1914 Μάρκος
514 1840 782 1914 ἱστόρησεν
798 1884 810 1896 .

350 1930 672 2002 Ἀποκριθεὶς
771 1959 839 1968 -
930 1924 1316 2002 διεστραμμένη
1328 1966 1338 1977 .
1455 1923 1870 1997 Καθολικώτερον

272 2018 595 2083 ἐπιπλήττει,
658 2015 752 2070 διὰ
821 2020 879 2069 τὸ
933 2016 1145 2077 πολλοὺς
1196 2024 1293 2068 τῶν
1361 2010 1630 2069 Ἰουδαίων
1682 2014 1871 2085 ὁμοίως

274 2108 532 2179 ἀπιστεῖν,
618 2109 789 2159 καίτοι
872 2111 1036 2179 μυρία
1098 2113 1314 2158 τοιαῦνα
1389 2106 1752 2175 θεασαμένους,
1813 2099 1871 2152 οὐ

275 2194 352 2250 δι’
383 2198 541 2249 αὐτοῦ
588 2201 761 2269 μόνον,
806 2194 935 2248 ἀλλὰ
978 2200 1068 2247 καὶ
1118 2193 1213 2247 διὰ
1240 2202 1339 2247 τῶν
1367 2195 1613 2266 μαθητῶν
1646 2194 1875 2264 θαυματ-

270 2289 611 2361 ουργηθέντα.
670 2287 1061 2359 Διεστραμμένη
1118 2281 1197 2350 δέ,
1245 2284 1359 2336 ἀντὶ
1400 2291 1513 2339 τοῦ.
1561 2281 1769 2347 σκολιὰ,
1800 2283 1871 2352 μὴ

265 2383 423 2429 νοοῦο
436 2395 468 2427 α
492 2378 551 2427 τὸ
584 2374 743 2435 εὐθές.

340 2464 472 2527 Ἐως
521 2495 591 2505 -
641 2466 783 2537 ὑμῶν
836 2479 848 2530 ;
909 2463 1235 2535 Ἀ’γανακτιί,
1283 2467 1373 2515 καὶ
1430 2462 1576 2524 ξητεί
1636 2463 1723 2513 τὸν
1790 2460 1877 2511 θοί-

266 2574 444 2618 νατον,
530 2554 647 2626 (53)
725 2550 820 2605 διὰ
896 2555 956 2604 τὸ
1051 2549 1180 2605 εἶναι
1233 2552 1419 2612 αὐτοὺς
1478 2551 1723 2612 ἀνιάτους
1782 2552 1876 2606 τὴν

276 2644 546 2697 ἀπιστίαν.

352 2737 525 2808 Φέρετέ
570 2762 640 2772 --
679 2727 801 2786 ὧδε.
857 2729 967 2783 Ἰνα
995 2734 1066 2803 μὴ
1120 2726 1248 2802 δόξῃ
1298 2734 1388 2783 καὶ
1434 2730 1589 2791 αὐτὸς
1637 2729 1875 2797 ἀσθενὴς,

276 2822 511 2875 ἐκϐάλλει
558 2824 617 2872 τὸ
668 2817 938 2892 δαιμόνιον
1000 2819 1239 2892 Ἀγασγιῖν
1294 2816 1353 2872 δὲ
1410 2822 1497 2872 τὸν
1555 2816 1881 2891 δαιμονῶντα

275 2912 493 2975 κελεύει,
548 2914 633 2962 ’ίνα
689 2912 876 2981 φανιρα
920 2910 951 2967 ἡ
1013 2905 1231 2981 δύναμις
1288 2909 1447 2962 αὐτοῦ
1506 2913 1718 2981 γένηται
1768 2912 1880 2969 τοῖς

283 2999 518 3052 ἀσθενεῖν
546 3004 636 3050 καὶ
669 2998 816 3050 αὐτὸν
847 2998 1115 3071 οἰομένοις.

351 3235 453 3285 Καὶ
511 3262 580 3271 ——-
611 3232 837 3291 Ἰησοῦς.
895 3228 1154 3292 Ἐπέταξε.
1204 3231 1419 3304 Μάρκος
1468 3225 1528 3282 δὲ
1566 3233 1655 3281 καὶ
1684 3233 1880 3289 Λουκᾶς

278 3340 456 3393 φασιν,
513 3321 595 3372 ὅτι
671 3318 948 3384 ἓπετιμησε
1013 3327 1085 3389 τῷ
1142 3321 1396 3390 πνεύματι
1452 3327 1524 3389 τῷ
1581 3317 1881 3390 ἀκαθάρτῳ.

283 3415 384 3462 Καὶ
422 3409 729 3481 ἀμφοτέροις
771 3410 872 3481 γὰρ
934 3406 1163 3477 ἐπέταξε,
1218 3416 1289 3478 τῷ
1348 3404 1763 3480 δαιμονιζομένῳ
1792 3409 1882 3478 μὲν

286 3506 579 3570 σωφρονεῖν,
611 3506 683 3569 τῷ
714 3493 928 3569 δαίμονι
955 3492 1014 3549 δὲ
1044 3503 1241 3569 φυγεῖν.

358 3592 454 3641 Καὶ
506 3618 577 3628 -
629 3584 834 3646 ἐκείνης.
911 3593 1091 3638 Ταῦτα
1165 3588 1256 3658 μὲν
1332 3592 1493 3657 σαφῆ.
1558 3589 1773 3659 Δαίμονι
1827 3580 1886 3636 δὲ

284 3675 456 3747 ἁλάλῳ
528 3679 618 3727 καὶ
707 3682 861 3748 κωφῷ
939 3679 1222 3747 κατέχεται
1308 3678 1396 3727 κάξ
1470 3681 1572 3736 πᾶς
1660 3675 1685 3725 ὁ
1760 3677 1887 3746 μήτε

1561 3763 1752 3817 Ῥίπτει
1830 3757 1889 3814 δὲ

286 3858 470 3905 τοῦτον
519 3855 544 3904 ὁ
605 3850 806 3925 δαίμων
868 3855 993 3906 ποτὶ
1049 3855 1140 3926 μὶν
1190 3852 1261 3915 εἰς
1309 3855 1368 3905 τὸ
1422 3859 1523 3925 πῦρ
1579 3860 1669 3904 τοῦ
1721 3854 1887 3924 θυμοῦ

288 3947 382 3995 καὶ
424 3952 513 4002 τῆς
566 3941 855 4016 ἐπιθυμίας,
912 3945 1034 3995 ποτε
1093 3937 1152 3994 δὲ
1196 3941 1267 4003 εἰς
1323 3944 1382 3994 τὸ
1412 3938 1557 4016 ὕδωρ
1610 3949 1700 4002 τῆς
1726 3940 1890 4003 ζάλης

290 4041 393 4084 τῶν
424 4032 584 4083 ἄλλων
623 4031 820 4088 παθῶν.

284 3763 444 3835 λέγων
497 3770 627 3836 μήτε
713 3763 911 3816 ἀκούων
982 3766 1049 3817 τὰ
1126 3766 1238 3816 θεῖα
1309 3764 1480 3835 λόγια.

364 4214 491 4264 Τότε
523 4241 591 4250 -
640 4211 802 4283 ὑμῶν.
862 4211 1075 4283 Μάρκος
1133 4204 1192 4262 δέ
1239 4228 1418 4282 φησιν,
1476 4210 1556 4263 ὅτι
1600 4209 1893 4263 εισιλθόντα

291 4300 448 4352 αὐτὸν
494 4299 559 4360 εἰς
598 4298 734 4352 οἷκον
785 4297 1156 4373 ἐπηρώτησαν,
1245 4300 1511 4373 Ἐρωτῶσι
1568 4296 1645 4366 δὲ,
1703 4300 1891 4373 φοϐού-

288 4409 452 4463 μενοι,
505 4394 706 4461 μήποτε
761 4386 1028 4440 ἀπώλεσαν
1109 4390 1169 4445 ἣν
1225 4387 1402 4440 ἔλαϐον
1457 4388 1696 4451 ἐξουσίαν
1758 4394 1893 4442 κατά

287 4481 591 4552 πνευμάτων
648 4477 973 4548 ἀκαθάρτων.
1026 4475 1086 4529 Ὀ
1144 4473 1203 4528 δὲ
1256 4481 1481 4551 Χριατὸς
1532 4477 1742 4530 ἐνώπιον
1801 4482 1891 4551 μὲν

285 4576 378 4621 τοῦ
422 4568 655 4629 πλήθους
697 4574 758 4638 τῇ
819 4564 1040 4637 ἀπιστίᾳ
1078 4565 1167 4617 τοῦ
1199 4571 1623 4639 προσενεγκόντος
1671 4572 1764 4626 τὴν
1816 4568 1895 4620 αἰ-

286 4663 405 4709 τίαν
468 4656 763 4727 ἐλογίσατο’
847 4653 958 4705 κατ’
1021 4650 1160 4706 ἰδίαν
1230 4652 1289 4707 δε
1336 4659 1429 4714 τὴν
1495 4664 1594 4707 τῶν
1649 4658 1893 4729 μαθητῶν

295 4744 543 4796 ἀπιστίαν
603 4742 863 4802 αἰτιᾶται,
929 4746 1027 4795 Καὶ
1102 4745 1201 4818 γὰρ
1264 4748 1351 4797 καὶ
1401 4744 1563 4812 οὗτοι,
1646 4749 1745 4816 πρὸ
1801 4755 1897 4809 τῆς

302 4827 682 4905 ἐπιχειρήσεως
756 4830 1155 4899 ἀπιστήσαντες,
1230 4834 1309 4885 ὅτι
1367 4830 1611 4886 δύνανται
1655 4836 1743 4886 τὸν
1798 4838 1899 4888 κά-

383 5008 431 5044 "
456 5008 635 5066 Marc.
662 5026 742 5077 ιι,
783 5011 978 5077 17,25.
1064 5012 1108 5047 ¹⁶
1141 5013 1313 5068 Marc.
1348 5028 1424 5077 ix,
1466 5012 1528 5068 19
1559 5028 1726 5087 seqq.

1804 5016 1849 5051 1⁷
1885 5017 2054 5071 Marc.
2096 5030 2171 5080 ix,
2203 5015 2271 5069 25
2306 5030 2320 5080 ;
2352 5014 2582 5079 Luc.1x,
2636 5013 2725 5066 42.

2050 1817 2208 1869 Vers.
2269 1818 2353 1869 17.
2416 1813 2784 1882 Respondens
2837 1844 2904 1854 —
2956 1814 3225 1872 distorta.
3281 1816 3629 1874 Generalius

1980 1904 2245 1974 increpat
2275 1905 2515 1972 propter
2539 1900 2782 1957 Judaeos
2808 1901 3109 1973 quosdam
3140 1903 3411 1958 similiter
3441 1905 3632 1961 incre-

1981 1993 2177 2057 dulos,
2207 1990 2340 2045 licet
2366 1990 2686 2044 innumera
2744 1988 3101 2059 hujusmodi
3151 1992 3629 2063 conspexissent,

1982 2098 2102 2138 non
2134 2096 2237 2151 per
2266 2079 2468 2150 ipsum
2498 2082 2749 2142 tantum,
2787 2077 2894 2133 sed
2910 2083 2965 2135 et
2992 2094 3098 2151 per
3128 2078 3457 2152 discipulos
3477 2082 3636 2139 facta

1983 2169 2291 2227 miracula.
2347 2169 2599 2224 Dislorta
2650 2172 2873 2232 autem,
2928 2167 2988 2224 id
3020 2173 3110 2225 est
3158 2174 3451 2241 tortuosa,
3510 2187 3635 2230 non

1983 2264 2141 2317 recte
2177 2254 2531 2327 intelligens.

2058 2437 2217 2493 Vers.
2244 2435 2329 2491 17.
2365 2436 2671 2506 Quousque
2696 2464 2763 2473 —
2790 2449 2887 2491 vos
2926 2430 2955 2490 ?
2988 2433 3355 2506 Indignatur,
3387 2441 3444 2492 et
3480 2448 3638 2493 mor-

1987 2530 2105 2582 tem
2134 2524 2370 2598 quaarit,
2417 2539 2484 2578 eo
2521 2522 2687 2594 quod
2721 2526 2917 2578 essent
2959 2522 3074 2594 ipsi
3126 2523 3473 2581 inﬁdelitate
3527 2524 3639 2582 im-

1985 2612 2391 2671 medicabiles.

2058 2702 2223 2759 Vers.
2265 2702 2357 2759 17.
2384 2700 2607 2771 A/ferte
2627 2730 2697 2741 —
2728 2699 2855 2755 huc.
2886 2703 2969 2757 Ne
3014 2700 3145 2773 ipse
3173 2716 3417 2774 quoque
3443 2701 3637 2775 impo-

1988 2796 2117 2850 tens
2172 2791 2456 2853 videatur,
2522 2790 2682 2861 ejicit
2756 2788 3142 2846 daemonium.
3195 2789 3372 2846 Jubet
3437 2796 3640 2849 autem

1989 2881 2207 2940 adduci
2222 2881 2687 2948 daemoniacum,
2709 2882 2769 2935 ut
2789 2879 3111 2937 manifesta
3128 2879 3236 2938 ﬁat
3250 2897 3360 2937 sua
3380 2882 3645 2953 potentia

1987 2972 2082 3028 his
2102 2971 2205 3043 qui
2231 2970 2412 3026 etiam
2434 2969 2635 3042 ipsum
2678 2966 3065 3039 impotentem
3092 2984 3221 3026 esse
3252 2969 3570 3042 putabant.

1916 3089 1957 3145 ρ
2059 3060 2224 3117 Vers.
2249 3060 2335 3115 18.
2362 3059 2443 3115 Et
2469 3090 2536 3099 —
2560 3060 2725 3115 Jesus
2774 3060 2892 3115 Hoc
2921 3063 3029 3126 est,
3084 3060 3384 3131 praecepit.
3419 3063 3645 3117 Marcus

1990 3154 2190 3207 autem
2216 3152 2274 3204 et
2294 3149 2481 3203 Lucas
2499 3146 2727 3212 dicunt,
2752 3146 2908 3217 quod
2936 3147 3253 3218 imperavit
3290 3148 3520 3219 spiritui
3538 3148 3646 3203 im-

1991 3238 2219 3295 mundo
2237 3238 2304 3291 ίτ.
2324 3235 2627 3306 Siquidem
2649 3235 2882 3305 utrique
2904 3234 3255 3305 imperavit:
3276 3234 3647 3294 daemoniaco

1991 3328 2235 3401 quidem
2263 3330 2326 3381 ut
2352 3325 2740 3396 resipisceret,
2773 3324 3184 3379 daemonivero
3206 3325 3529 3395 utfugeret.
3549 3327 3649 3381 llic

1993 3415 2151 3473 enim
2184 3415 2436 3469 verbum
2459 3412 2741 3484 ἐπετίμησε
2784 3412 2944 3468 idem
2986 3412 3280 3484 signiﬁcat
3304 3413 3469 3485 quod
3490 3426 3650 3484 ρνκ..

1993 3504 2133 3577 cepit
2158 3504 2272 3577 (ff).

2066 3596 2224 3649 Vers.
2257 3596 2339 3648 18.
2379 3592 2457 3647 Ει
2488 3620 2551 3632 —-
2577 3588 2706 3647 illa.
2742 3591 2875 3646 Hac
2931 3594 3085 3647 certe
3131 3591 3453 3648 manifesta
3491 3594 3649 3648 sunt.

2000 3685 2211 3740 Verum
2241 3697 2277 3737 a
2306 3681 2576 3737 daemone
2609 3695 2848 3752 quoque
2883 3684 3047 3736 muto
3076 3684 3133 3737 et
3161 3680 3346 3737 surdo
3390 3680 3651 3753 posside-

1997 3776 2111 3837 tur,
2156 3770 2422 3842 quisquis
2466 3784 2589 3823 nou
2624 3770 2889 3840 loquitur
2950 3785 3146 3841 neque
3197 3770 3363 3826 audit
3414 3770 3653 3825 divinos

1998 3874 2323 3917 sermones.
2376 3856 2545 3913 Hunc
2603 3862 2803 3912 autem
2834 3857 3067 3930 projicit
3111 3857 3526 3917 daemonium:
3569 3858 3655 3912 in-

1998 3950 2235 4006 terdum
2276 3945 2523 4019 quidem
2552 3945 2610 4000 in
2639 3945 2842 4015 ignem
2873 3944 2974 4001 iraa
3028 3950 3085 4002 et
3139 3946 3654 4019 concupiscentim,

1998 4036 2299 4095 interdum
2356 4050 2498 4091 vero
2549 4035 2610 4090 in
2669 4050 2892 4107 aquam
2942 4036 3366 4092 commotionis
3400 4035 3657 4094 aliarum

2002 4126 2411 4184 aﬁ‘ectionum.

2070 4215 2235 4272 Vers.
2273 4216 2355 4269 19.
2386 4214 2538 4269 Tunc
2562 4242 2635 4253 —
2657 4212 2818 4267 Vers.
2845 4215 2934 4268 20.
2964 4218 3238 4270 vestram.
3266 4215 3494 4271 Marcus
3516 4227 3659 4270 vero

2002 4304 2149 4361 dixit
2164 4305 2232 4368 1⁸,
2252 4302 2411 4375 quod
2427 4318 2565 4357 cum
2580 4302 2708 4374 ipse
2732 4301 2983 4356 domum
3001 4302 3301 4372 ingressus
3316 4308 3473 4359 esset
3488 4305 3663 4359 inter-

2002 4395 2380 4464 rogaverunt.
2403 4390 2777 4461 lnterrogant
2792 4396 3004 4456 autem,
3022 4390 3286 4447 timentes
3301 4392 3664 4463 neforteper-

2003 4481 2259 4538 diderint
2273 4494 2449 4551 quam
2466 4483 2821 4550 acceperant
2834 4479 3096 4534 virtutem
3113 4480 3404 4535 adversus
3419 4480 3661 4552 spiritus

2004 4567 2369 4626 immundos.
2385 4567 2604 4622 Verum
2618 4566 2878 4622 Christus
2891 4582 3079 4622 coram
3093 4567 3665 4623 multitudineincre-

2005 4659 2311 4715 dulitatem
2323 4656 2619 4712 offerentis
2631 4671 2739 4727 pro
2754 4671 2936 4710 causa
2946 4654 3416 4711 redditzseorsim
3431 4673 3569 4712 vero
3581 4656 3666 4711 di-

2006 4747 2365 4822 scipulorum
2379 4748 2672 4813 causatur,
2690 4741 3160 4797 incredulitatem.
3176 4745 3391 4799 Etenim
3419 4743 3479 4797 hi
3497 4743 3665 4799 etiam

2010 4838 2365 4910 priusquam
2391 4831 2875 4904 aggrederentur,
2901 4829 3271 4898 difﬁdebant,
3297 4847 3357 4887 se
3383 4847 3563 4903 posse
3582 4832 3665 4891 la-

2804 5009 2852 5045 ¹⁸
2911 5011 3086 5067 Marc.
3134 5026 3203 5078 ix,
3248 5014 3335 5069 28.

1536 5190 1755 5261 Varia
1793 5190 2120 5262 lectiones
2153 5200 2218 5258 et
2248 5199 2453 5258 notae.

384 5386 497 5459 (52)
530 5386 814 5443 ἐπίστευεν.
860 5392 921 5440 Α.

2094 5389 2207 5461 (53)
2239 5389 2345 5443 Καί
2374 5390 2510 5443 ante
2528 5380 2643 5453 διά,
2672 5381 2840 5439 addit
2860 5384 2926 5438 Α.

354 5566 474 5650 ,(ΙῙ)
494 5568 597 5625 Hic
623 5567 770 5625 enim
799 5595 868 5608 —
892 5565 1049 5637 quod
1066 5570 1366 5638 praecepit.
1396 5569 1498 5626 Mei
1529 5570 1764 5628 codices
1789 5570 1903 5627 hoc
1932 5581 2053 5626 non
2090 5569 2440 5639 agnoscunt.
2468 5564 2678 5623 Nescio
2717 5578 2796 5619 an
2837 5561 2912 5617 de
2962 5576 3071 5618 suo
3116 5561 3419 5619 addiderit
3480 5559 3681 5613 ﬂente-

306 5655 444 5696 nlllS
453 5681 467 5695 .

674 5726 888 5782 PATROL
901 5767 915 5785 .
962 5724 1068 5782 Gn.
1113 5726 1360 5786 CXXIX.

3301 5723 3366 5775 16
