4186 6318
646 301 747 357 491

1956 295 2301 354 EUTHYMII
2351 293 2707 354 ZAGABENI

3926 298 4014 354 492

643 426 951 482 borantem
966 437 1174 478 curare
1199 438 1348 488 cum,
1369 427 1563 479 tamen
1579 423 1726 479 alios
1745 422 1956 478 multos
1971 426 2259 477 curassent

2369 441 2593 494 ,μνοντα
2647 425 2979 497 θεραπεῦσαι,
3031 427 3208 475 καίτοι
3267 423 3484 485 πολλοὺς
3525 421 3704 484 ἄλλους
3761 422 4007 494 θεραπεύ-

632 520 699 570 'et
721 516 802 568 ita
821 529 957 568 cum
982 516 1358 577 conarentur,
1391 529 1508 568 non
1533 517 1870 584 potuerunt.
1905 513 2126 584 Optime
2153 526 2295 580 ergo

635 614 844 658 ‘coram
861 601 1060 656 multis
1077 601 1881 658 multorumincredulitatem
1896 599 2292 671 reprehendit,

626 693 884 747 'semotis
914 697 1113 746 autem
1136 689 1370 746 arbitris
1389 707 1632 747 suorum
1654 691 2066 746 difﬁdentiam.
2095 693 2291 759 Neque

638 781 796 834 enim
846 796 1034 850 {equm
1087 785 1231 842 erat,
1280 783 1345 834 ut
1392 796 1597 835 coram
1652 779 1852 835 multis
1901 779 2289 834 confunderet

634 885 987 925 communes
1021 869 1182 924 orbis
1201 875 1606 940 praeceptores.

707 957 872 1014 Vers.
913 957 981 1013 20
1033 959 1219 1012 Amen
1277 988 1346 998 -—
1396 957 1692 1013 transibit.
1747 957 1946 1012 Fidem
1991 971 2151 1011 nunc
2196 955 2287 1010 di-

634 1048 730 1111 cit,
754 1063 876 1102 non
906 1046 980 1101 de
1005 1045 1117 1100 hoc
1143 1045 1309 1118 quod
1366 1046 1492 1119 ipse
1525 1047 1598 1102 sit
1637 1049 1809 1111 Deus,
1841 1045 1941 1100 sed
1969 1045 2048 1100 ad
2069 1042 2286 1099 facien-

634 1134 715 1191 da
759 1135 948 1205 signa.
1022 1134 1168 1189 Dicit
1202 1135 1411 1193 enim:
1477 1134 1536 1191 Si
1583 1135 1855 1191 habeatis
1901 1134 2084 1189 ﬁdem
2130 1132 2282 1190 adeo

635 1239 836 1279 acrem
867 1226 922 1278 et
948 1222 1364 1278 vehementem
1397 1239 1465 1278 ac
1500 1220 1821 1279 ferventem
1849 1222 1996 1278 sicut
2023 1237 2277 1292 granum

635 1313 896 1384 sinapis:
927 1311 1071 1367 illud
1088 1312 1453 1368 etenimtalis
1485 1320 1570 1367 est
1599 1312 1905 1384 qualitatis
1939 1312 2278 1377 ;credentes

634 1403 764 1456 sine
797 1401 908 1455 ulla
922 1401 1310 1472 trepidatione
1334 1401 1499 1472 quod
1528 1400 1736 1456 facturi
1760 1400 1900 1456 estis
1930 1401 2120 1469 signa,
2156 1403 2279 1456 tan-

632 1495 753 1545 tam
809 1488 1102 1544 habebitis
1147 1490 1449 1558 virtutem,
1481 1493 1544 1544 ut
1589 1489 1755 1562 ipsos
1805 1489 1984 1545 etiam
2045 1495 2277 1545 montes

626 1579 1016 1645 transferatis,
1051 1579 1099 1633 si
1137 1579 1457 1636 volueritis.

695 1670 943 1723 Tantam
971 1674 1170 1722 autem
1221 1667 1404 1722 ﬁdem
1459 1669 1722 1740 aliquem
1760 1667 2002 1735 habere,
2042 1667 2276 1723 videtur

2405 531 2604 580 σαντες,
2655 512 2830 564 λοιπον
2885 508 3006 564 οὐδὲ
3037 515 3167 584 μετὰ
3215 517 3308 571 τὴν
3358 513 3692 585 ἐπιχείρησιν
3735 507 4004 569 ἠδυνήθη-

2404 617 2517 652 σαν.
2577 598 2805 674 Ἀριστα
2852 607 3021 653 τοίνυν
3082 601 3292 653 ἐνώπιον
3352 606 3443 673 μεν
3490 600 3687 654 πολλῶν
3747 604 3850 657 τὴν
3913 606 4003 648 τῶν

2399 689 2593 740 πολλῶν
2665 690 2912 743 ἀπιστίαν
2995 688 3223 764 διέσυρε,
3301 688 3544 744 κατιδίαν
3611 686 3670 742 δε
3756 693 3857 745 τὴν
3913 696 3999 738 τῶν

2400 773 2567 830 ἰδίων.
2626 780 2736 831 Ούκ
2786 777 2846 838 ἦν
2895 784 2994 852 γὰρ
3029 780 3160 840 εἰκὸς
3193 779 3275 832 ἐπὶ
3307 781 3504 831 πολλῶν
3542 777 3998 849 καταισχύνεσθαι

2395 871 2510 927 τούς
2538 873 2737 929 κοινούς
2763 865 3124 929 διδασκάλους
3154 878 3246 940 τῇς
3280 870 3597 940 οἰκουμένης.

2465 956 2632 1028 Ἀμὴν
2682 989 2749 1000 -—
2797 957 3175 1030 μεταϐήσεται.
3230 964 3415 1010 Πίστιν
3464 957 3600 1028 λέγει
3651 963 3744 1006 νῦν
3797 955 3859 1006 ού
3911 959 3992 1012 την

2389 1049 2622 1118 περὶτοῦ
2668 1045 2797 1098 εἶναι
2848 1047 3002 1098 αὐτὸν
3034 1049 3182 1114 Θεὸν,
3230 1047 3360 1104 ἠλλὰ
3408 1052 3501 1104 τὴν
3540 1049 3654 1118 περὶ
3706 1051 3807 1095 τοῦ
3841 1051 3990 1095 ποιεῖν

2393 1141 2603 1205 σημεῖα.
2659 1139 2794 1193 Φησὶ
2819 1138 2940 1211 γάρ.
2972 1138 3090 1189 Ἐὰν
3129 1140 3289 1208 ἔχητε
3318 1141 3496 1188 πίστιν
3541 1135 3676 1186 οὕτω
3729 1129 3988 1205 δριμεῖαν,

2387 1228 2476 1274 καὶ
2541 1223 2795 1296 σφοδρὰν,
2862 1229 2950 1276 καὶ
3009 1227 3222 1299 θερμὴν,
3310 1228 3380 1286 ὡς
3453 1229 3639 1276 κόκκον
3702 1224 3984 1283 συνάπεως·

2385 1315 2631 1375 τοιαύτης
2694 1317 2794 1388 γαρ
2881 1319 3151 1375 ποιότητος
3221 1314 3391 1374 οὗτος·
3460 1315 3802 1372 πιστεύοντες
3870 1311 3990 1363 ἅνενο

2388 1397 2666 1465 θοιάστως,
2724 1405 2803 1454 ὅτι
2883 1409 3128 1462 ποιήσετε
3197 1411 3410 1475 σημεῖα,
3484 1401 3815 1459 τηλικαύτην
3865 1399 3987 1462 ἕξετε

2386 1487 2628 1562 δύναμιν,
2722 1493 2789 1553 ὡς
2873 1497 2961 1544 καὶ
3067 1492 3201 1543 αὐτὰ
3299 1495 3362 1545 τὰ
3448 1496 3541 1564 ἄρα
3613 1492 3894 1563 μεθιστᾷν,
3950 1489 3989 1540 εἰ

2385 1576 2656 1650 βούλεσθε.

2453 1671 2522 1721 Τὸ
2577 1667 2635 1720 die
2663 1671 2905 1728 τοιαύτην
2957 1675 3130 1722 πίστιν
3179 1672 3320 1742 ἔχειν
3359 1672 3474 1721 τινὰ
3522 1665 3668 1721 δοκεί
3713 1671 3810 1740 μεν
3847 1666 3982 1738 εὐχε-

623 1756 864 1829 quidem
897 1755 1086 1822 facile,
1141 1761 1230 1811 est
1278 1760 1478 1811 tamen
1523 1757 1700 1812 etiam
1731 1756 2031 1812 excelsum
2076 1756 2259 1813 valde.

2381 1759 2482 1830 ρὲς,
2524 1759 2638 1810 ἔστι
2675 1754 2734 1810 δι
2769 1763 2856 1812 καὶ
2907 1760 3022 1810 λίαν
3073 1758 3292 1829 ὑψηλόν.
3351 1764 3592 1810 Γεννᾶται
3648 1759 3746 1828 μὲν
3805 1758 3905 1829 γὰρ
3935 1758 3981 1807 ἐκ

621 1845 890 1901 Nascitur
912 1845 1209 1917 siquidem
1241 1861 1313 1900 ex
1366 1844 1631 1902 libertate
1658 1846 1735 1902 ad
1789 1849 1971 1902 Deum
2006 1863 2271 1901 :rursum

623 1934 756 1990 talis
788 1935 1030 1989 libertas
1071 1938 1157 1989 est
1189 1951 1258 1988 ex
1291 1941 1486 1990 mente
1517 1935 1745 2006 placide
1776 1936 2108 2008 composita
2141 1937 2268 2009 (gg).

621 2026 720 2078 Est
749 2029 946 2080 autem
971 2025 1174 2093 magni
1203 2025 1541 2080 certaminis
1566 2042 1639 2080 ex
1661 2026 2052 2098 placabilitate
2072 2027 2273 2098 acqui-

622 2129 748 2167 rere
762 2113 937 2168 talem
955 2129 1094 2182 erga
1109 2113 1295 2168 Deum
1319 2111 1672 2180 libertatem,
1693 2121 1753 2170 ut
1769 2115 2147 2170 credatillum
2169 2116 2270 2171 da-

621 2205 819 2257 turum
851 2201 1145 2275 quidquid
1163 2203 1586 2274 postulabitur.
1622 2206 1828 2269 Petite,
1859 2204 2066 2274 inquit,
2087 2211 2142 2262 et
2167 2206 2271 2262 da-

622 2290 781 2344 bitur
801 2291 952 2346 vobis
971 2293 1040 2345 η.

691 2379 912 2444 Quodsi
932 2380 1132 2451 palam
1147 2396 1264 2435 non
1293 2380 1560 2436 fecerunt
1584 2381 2009 2450 transmigrare
2035 2389 2268 2438 montes

617 2467 894 2538 apostoli,
927 2484 1000 2523 ne
1029 2469 1261 2524 mireris
1292 2485 1450 2524 :non
1479 2469 1640 2524 enim
1661 2469 1776 2524 hoc
1809 2469 1944 2524 ideo
1975 2470 2082 2525 fuit
2105 2471 2267 2543 quod

607 2547 735 2611 non
774 2563 1036 2628 possent,
1062 2557 1170 2612 sed
1227 2557 1370 2629 quia
1429 2557 1769 2624 noluerunt,
1815 2563 2014 2631 utpote
2061 2559 2267 2630 hujus-

615 2645 774 2700 modi
788 2647 1138 2701 necessitate
1159 2651 1263 2701 aut
1277 2647 1521 2703 utilitate
1535 2663 1662 2702 sese
1675 2647 1785 2702 illis
1802 2664 1924 2703 non
1946 2648 2227 2705 offerente
2249 2667 2262 2706 :

611 2737 749 2804 post
776 2734 887 2788 hos
901 2749 1168 2804 namque
1182 2736 1370 2789 sancti
1400 2734 1500 2790 alii
1529 2737 1817 2808 apostolis
1843 2737 2262 2805 longeinferio-

610 2839 703 2876 res
733 2828 976 2890 urgente
995 2822 1346 2876 nedessitate
1364 2829 1599 2879 montes
1626 2825 1960 2896 demigrare
1975 2827 2259 2897 fecerunt,

605 2908 778 2979 juxta
810 2909 1178 2964 Dominicam
1204 2911 1579 2966 sententiam.
1597 2915 1787 2968 Potest
1816 2929 2054 2986 quoque
2082 2933 2258 2972 mons

609 2997 725 3052 dici
738 2997 1012 3053 diabolus
1027 3003 1268 3070 propter
1283 2998 1580 3069 opinionis
1594 3017 1716 3056 suae
1731 3002 2068 3069 elationem,
2086 3020 2260 3076 quem

607 3085 777 3141 facile
795 3087 986 3143 sancti
1013 3105 1049 3142 a
1062 3104 1171 3144 sua
1188 3088 1328 3143 sede
1342 3096 1744 3155 commovent,
1759 3093 2006 3163 quando
2027 3094 2256 3153 volunt.
2298 3114 2339 3173 ο

679 3177 838 3231 Vers.
871 3181 958 3232 20.
983 3177 1058 3232 Et
1087 3208 1155 3216 —-
1195 3177 1370 3233 vobis.
1403 3181 1530 3235 Non
1563 3179 1779 3245 solum,
1815 3181 2028 3254 inquit,
2087 3201 2259 3241 mon-

605 3267 693 3318 tes
725 3264 1106 3333 transferetis,
1131 3266 1253 3322 imo
1285 3265 1428 3322 nihil
1458 3267 1637 3323 etiam
1691 3268 1855 3325 aliud
1886 3271 2257 3344 impossibile

603 3354 709 3409 erit
733 3354 924 3410 vobis.

673 3463 832 3516 Vers.
884 3461 970 3515 2t.
1042 3464 1265 3517 Hoc—
1299 3465 1610 3532 jejunium.
1659 3465 1852 3521 Genus
1908 3467 2254 3525 dmmonum

605 3550 883 3604 omnium
914 3565 1035 3604 non
1067 3550 1184 3606 alio
1240 3552 1420 3606 modo
1459 3553 1781 3622 egreditur,
1834 3555 1938 3610 nisi
1992 3574 2092 3626 per
2121 3575 2253 3616 ora-

584 3624 824 3693 tionem
853 3637 1222 3708 etjejunium
1256 3655 1410 3694 :non
1427 3639 1623 3695 solum
1641 3642 1774 3712 ejus
1791 3644 1894 3716 qui
1925 3624 2116 3712 sanat,
2147 3648 2253 3704 sed

599 3727 730 3798 ejus
759 3727 932 3781 etiam
964 3726 1066 3798 qui
1129 3728 1372 3798 patitur.
1423 3729 1619 3785 Oratio
1659 3731 1954 3804 siquidem
1992 3734 2252 3804 daemoni

598 3816 931 3872 admodum
959 3817 1228 3872 terribilis
1259 3823 1364 3874 est.
1393 3817 1557 3874 Hanc
1583 3827 1783 3876 autem
1800 3820 2104 3880 fortiorem
2121 3827 2251 3882 red-

574 3905 699 3983 .dit,
735 3910 791 3960 et
821 3904 994 3960 valde
1021 3911 1321 3977 potentem
1352 3907 1862 3980 efﬁcitjejuuium,
1890 3927 2010 3966 non
2043 3913 2248 3971 sinens

595 3994 862 4065 corporis
891 3994 1219 4050 satietatem
1263 3997 1558 4051 remittere
1607 3997 1972 4065 ﬁrmitatem,
2034 4008 2137 4057 aut
2161 4004 2247 4061 fu-

593 4100 726 4137 mos
758 4082 886 4150 (hh)
917 4081 1021 4152 qui
1058 4084 1130 4134 ab
1161 4097 1232 4135 ea
1264 4084 1481 4135 ascend
1496 4091 1598 4138 unt
1648 4086 1885 4141 turbare
1915 4091 2244 4159 cerebrum,

573 4223 576 4226 .
594 4175 977 4239 mentemque
993 4168 1386 4223 confundere:
1404 4170 1601 4241 itaque
1619 4189 1863 4244 corpore
1885 4175 2074 4243 ﬁrmo,
2090 4196 2248 4235 men-

565 4322 570 4326 .
593 4263 767 4330 teque
786 4257 913 4310 sine
926 4255 1308 4312 distractione
1326 4263 1630 4329 operante,
1657 4262 2063 4321 vehementius
2084 4266 2245 4337 igne,

590 4345 875 4417 omnique
905 4361 966 4399 re
1000 4343 1317 4400 terribilius
1375 4349 1641 4405 ascendit
1705 4351 1897 4408 oratio
1929 4370 1943 4419 ;
1974 4353 2110 4413 ideo
2139 4358 2245 4414 has

588 4449 824 4505 semper
854 4435 1203 4505 conjunctas
1233 4451 1361 4490 esse
1387 4443 1639 4508 oportet.

663 4525 819 4580 Vers.
848 4525 934 4580 22.
971 4524 1112 4580 Cum
1135 4531 1336 4580 autem.
1396 4536 1770 4584 versarentur
1822 4561 1892 4572 —
1930 4533 2090 4590 Vers.
2150 4541 2237 4594 23.

586 4614 965 4671 vehementer.
1003 4613 1312 4686 Discipulis
1353 4616 1426 4671 de
1457 4617 1546 4671 sui
1577 4619 1873 4676 occisione
1905 4621 2240 4695 frequenter

582 4705 866 4778 praedicit,
891 4709 954 4762 ut
995 4705 1422 4778 praeexercitati
1486 4710 1833 4766 monitionis
1884 4711 2230 4788 frequentia,

578 4795 749 4851 facile
778 4795 972 4852 ferant
991 4811 1130 4851 cum
1160 4795 1440 4852 acciderit
1461 4813 1474 4862 ;
1495 4803 1570 4862 et,
1590 4803 1653 4854 ut
1677 4815 1793 4854 uno
1811 4799 1992 4856 verbo
2008 4802 2228 4873 dicam,

578 4890 819 4956 propter
838 4901 1080 4941 causam
1097 4900 1285 4957 quam
1312 4885 1614 4941 tricesimo
1643 4889 1808 4942 tertio
1835 4890 2025 4960 capite
2053 4895 2230 4950 tradi-

649 5013 695 5046 "
737 5011 936 5077 Matth,
969 5027 1074 5075 vn,
1099 5012 1154 5066 7.

2379 1845 2678 1920 παρρησίας
2724 1858 2820 1908 τῆς
2876 1852 3000 1922 πρὸς
3046 1853 3198 1900 Θεὸν·
3270 1849 3299 1905 ἠ
3381 1843 3440 1899 δὲ
3511 1848 3732 1904 τοιαύτη
3792 1844 3982 1919 παρρη-

2383 1939 2473 1987 σία
2514 1936 2667 1988 πάλιν
2723 1935 2778 1998 ἐξ
2818 1936 3218 2008 εὐαρεστήσεως·
3282 1935 3522 2007 Μεγάλου
3580 1935 3693 2006 (54)
3755 1932 3815 1987 δε
3860 1933 3981 2004 ἀγῶ-

2378 2043 2463 2084 νος
2495 2028 2553 2076 τό
2596 2021 2669 2076 δι’
2723 2024 3108 2098 εὐαρεστήσεως
3169 2026 3473 2082 κτήσασθαι
3524 2022 3839 2098 παρρησίαν
3869 2025 3980 2095 πρὸς

2378 2115 2464 2164 τὸν
2523 2117 2650 2165 Θεὸν
2721 2116 2988 2178 τοιαύτην,
3056 2115 3189 2166 ὥστε
3249 2116 3509 2166 πιστεύειν
3601 2111 3856 2184 βεϐαίως,
3911 2113 3980 2164 ὅτι

2380 2197 2544 2253 δώσει
2599 2209 2699 2254 πᾶν
2759 2207 2816 2254 τὸ
2869 2203 3188 2276 αἰτούμενον.
3243 2203 3447 2258 Αἰτεῖτε
3511 2205 3638 2276 γὰρ,
3689 2206 3850 2274 φησι,
3901 2205 3978 2252 καὶ

2381 2286 2668 2348 δοθήσεται
2699 2291 2844 2364 ύμῖν.

2450 2379 2510 2430 Εἰ
2555 2377 2614 2432 δὲ
2675 2387 2745 2452 μὴ
2797 2383 3084 2454 μετέθηκαν
3142 2384 3234 2454 ᾷοη
3296 2387 3519 2454 φανερῶς
3572 2381 3622 2432 οἱ
3677 2379 3970 2448 ἀπόστολοι,

2375 2472 2448 2539 μὴ
2489 2470 2766 2542 θαυμάσῃς
2823 2487 2836 2498 ’
2891 2469 3080 2543 οὐγὰρ
3120 2472 3186 2531 ὡς
3240 2472 3312 2541 μή
3375 2465 3704 2536 δυνηθέντες,
3760 2468 3866 2521 ἀλλ’
3915 2471 3974 2527 ὡς

2373 2559 2446 2628 μὴ
2503 2556 2858 2629 βουληθέντες,
2899 2558 2990 2610 ἅτε
3037 2562 3110 2630 μὴ
3165 2563 3352 2630 χρείας
3406 2559 3654 2619 τοιαύτης
3705 2561 3968 2630 γενομένης

2373 2646 2571 2707 αὐτοῖς.
2637 2650 2782 2700 Μετὰ
2819 2649 3034 2708 τούτους
3084 2649 3184 2720 γὰρ
3217 2666 3347 2707 τινες
3393 2646 3557 2719 ἅγιοι,
3603 2650 3796 2700 τούτων
3825 2647 3961 2698 ἐλάτ-

2370 2753 2493 2797 τους
2561 2735 2752 2807 πολλῷ,
2835 2741 3021 2812 χρείας
3090 2735 3431 2801 ἂπιτεθείσης,
3492 2741 3805 2809 μετέστησαν
3866 2739 3953 2806 ὅρη

2369 2826 2505 2876 κατὰ
2548 2829 2641 2883 τὴν
2681 2829 2998 2884 Δεσποτικὴν
3053 2823 3334 2898 ἀπόφασιν.
3385 2828 3478 2884 Εἴη
3519 2823 3568 2879 δ’
3612 2825 3669 2877 ἄν
3711 2828 3822 2896 ὅρος
3859 2827 3946 2874 καὶ

2370 2914 2397 2965 ό
2427 2910 2671 2976 διάϐολος
2718 2912 2814 2967 διὰ
2861 2919 2956 2973 τὴν
3013 2917 3231 2988 ἔπαρσιν
3285 2923 3376 2976 τῆς
3429 2915 3662 2980 οἰήσεως,
3717 2914 3765 2966 ὃν
3805 2910 3938 2982 εὐχε-

2369 3011 2468 3075 ρῶς
2496 3006 2544 3055 οἱ
2574 3004 2718 3076 ἅγιοι
2746 3012 3132 3077 μετακινοῦσιν,
3164 3006 3246 3057 ὅτε
3275 3008 3364 3056 καὶ
3396 3002 3698 3076 βούλονται.

2444 3187 2642 3235 Καὶ-
2698 3183 2841 3254 ὑμῖν·
2900 3181 2974 3234 Ού
3027 3187 3180 3254 μόνον
3228 3185 3320 3254 ὄρη
3359 3186 3736 3254 μεταστήσετε,
3787 3182 3949 3254 φησὶν,

2369 3270 2497 3323 ἀλλὰ
2533 3275 2624 3324 καὶ
2649 3269 2800 3325 οὐδὲν
2839 3273 3006 3346 ἕτερον
3034 3269 3287 3324 ἀδύνατον
3319 3273 3465 3324 ἔσται
3496 3273 3636 3342 ύμῖν.

2435 3474 2599 3520 Τοῦτο
2650 3500 2715 3508 -
2749 3472 2982 3539 νηστείᾳ,
3027 3471 3097 3519 Τὸ
3145 3467 3285 3538 γένος
3331 3474 3430 3518 τῶν
3473 3463 3738 3538 δαιμόνων
3769 3467 3955 3518 παντων

2362 3555 2455 3608 οὐκ
2499 3556 2828 3630 ἐκπορεύεται
2877 3555 3056 3628 ἑτέρως
3101 3555 3142 3607 εἱ
3190 3558 3261 3627 μὴ
3318 3553 3366 3606 ἐν
3423 3563 3699 3629 προσευχῇ
3755 3559 3840 3606 καὶ
3879 3572 3955 3608 νη·

2365 3651 2511 3717 στείᾲ
2539 3646 2596 3698 οὐ
2627 3653 2778 3718 μόνον
2803 3653 2894 3698 τοῦ
2927 3647 3311 3716 θεραπεύοντος,
3343 3642 3472 3695 ἀλλὰ
3496 3649 3584 3695 καὶ
3614 3651 3707 3696 τοῦ
3732 3646 3956 3714 πάσχον-

2360 3755 2466 3804 τος,
2499 3740 2588 3788 καὶ
2618 3735 2806 3809 μᾶλλον
2849 3741 2940 3786 τοῦ
2970 3735 3290 3805 πάσχοντος.
3332 3731 3395 3786 Ἡ
3435 3736 3522 3806 μὲν
3552 3736 3653 3806 γὰρ
3681 3734 3947 3809 προσευχή

2361 3822 2570 3900 σφόδρα
2607 3824 2797 3899 φοϐερὰ
2842 3830 2914 3894 τῷ
2956 3819 3168 3895 δαίμονι
3201 3839 3213 3853 ⁸
3259 3824 3452 3880 ταύτην
3503 3818 3562 3874 δὲ
3591 3826 3837 3896 κρατύνει
3872 3823 3951 3871 καὶ

2361 3911 2586 3987 δυναμοῖ
2635 3913 2748 3966 λίαν
2807 3914 2836 3970 ἡ
2889 3916 3122 3978 νηστεία,
3177 3915 3248 3983 μὴ
3310 3909 3449 3963 ἐῶσα
3498 3914 3592 3970 τὴν
3650 3909 3950 3984 πλησμονὴν

2355 4004 2527 4076 χαλᾷν
2552 4007 2639 4055 τὸν
2677 4006 2820 4054 τόνον
2858 4008 2950 4053 τοῦ
2986 4006 3244 4072 σώματος,
3296 3997 3436 4072 μηδὲ
3482 4003 3604 4061 τούς
3658 3997 3714 4050 ἐκ
3769 4001 3950 4055 ταύτης

2356 4090 2553 4163 ἀτμούς
2605 4089 2828 4163 ἐνοχλεῖν
2907 4097 2979 4160 τῷ
3037 4088 3313 4160 ἐγκεγάλῳ,
3404 4093 3494 4140 καὶ
3565 4093 3816 4159 συγχέειν
3874 4089 3948 4138 τὸν

2355 4188 2472 4232 νοῦν
2527 4197 2540 4211 °
2579 4185 2669 4232 καὶ
2721 4178 2918 4245 λοιπὸν,
2993 4184 3085 4230 τοῦ
3158 4183 3394 4249 σώματος
3465 4180 3554 4248 μὲν
3610 4176 3946 4233 εύτονοῦντος.

2357 4276 2449 4321 τοῦ
2499 4277 2588 4322 νοῦ
2619 4265 2677 4322 δὲ
2748 4267 3150 4340 ἀπερισπάστως
3228 4264 3571 4339 ἐνεργοῦντος,
3633 4263 3947 4339 σφοδροτέρα

2356 4363 2519 4432 πυρός
2574 4364 2664 4411 καὶ
2712 4359 3035 4432 φοϐερωτέρα
3087 4359 3279 4417 παντὸς
3325 4357 3520 4408 ἄνεισιν
3565 4357 3594 4412 η
3629 4356 3896 4430 προσευχή
3932 4367 3943 4380 ⁸

2274 4455 2324 4519 D
2357 4447 2442 4503 διὸ
2467 4453 2576 4522 χρὴ
2604 4449 2954 4518 συνεζεῦχθαι
2980 4447 3174 4506 ταύτας
3200 4443 3300 4502 ἀεί.

2419 4540 2902 4613 Ἀναστρεφομένων
2962 4566 3031 4575 —
3103 4531 3327 4609 σφόδρα.
3409 4541 3642 4605 Συνεχῶς
3718 4531 3936 4607 προλέγει

2347 4633 2460 4699 περὶ
2491 4637 2581 4688 τῆς
2609 4625 2916 4700 ἀναιρέσεως
2964 4623 3123 4676 αὐτοῦ
3177 4630 3305 4687 τοῖς,
3360 4625 3640 4694 μαθηταῖς,
3687 4624 3780 4684 ἵνα,
3812 4633 3926 4688 τηου·

2342 4719 2718 4791 γυμνασθέντες
2762 4721 2825 4787 τῇ
2876 4717 3124 4784 συνεχείᾳ
3175 4721 3266 4773 τῆς
3309 4713 3659 4785 ὑπομνήσεως,
3711 4709 3923 4791 εὐχερῶς

2341 4808 2503 4866 αὐτὴν
2555 4809 2748 4880 φέροιεν
2813 4806 3083 4876 γινομένην
3134 4818 3148 4832 ⁸
3215 4805 3305 4852 καὶ
3352 4800 3523 4862 ἁπλῶς
3595 4801 3770 4865 εἰπεῖν,
3841 4788 3928 4846 διὰ

2336 4902 2431 4956 τὴν
2486 4896 2678 4961 αἰτίαν,
2736 4897 2798 4952 ἤν
2863 4887 3312 4967 παραδεδώκαμεν
3389 4889 3440 4942 ἐν
3490 4897 3562 4960 τῷ
3646 4886 3927 4963 τριακοστῷ

1850 5140 2067 5211 Varia
2092 5145 2420 5216 lectiones
2451 5157 2516 5214 et
2546 5154 2723 5213 notae

647 5278 761 5348 (54)
791 5277 999 5350 Μεγάλῃ
1012 5317 1026 5342 ,
1054 5276 1120 5330 Β.

643 5402 752 5472 (99)
791 5402 888 5481 ΕΤ
946 5403 1131 5481 menfe
1156 5399 1415 5481 .placide
1470 5405 1822 5481 cemposita.
1865 5408 2218 5481 Εύαρέστησις

571 5471 808 5552 nonest
835 5489 989 5527 mens
1014 5471 1602 5552 ptqcidecomposita,
1647 5477 1750 5552 sed
1803 5480 1922 5535 Deo
1970 5471 2216 5552 placens

571 5544 798 5624 mentis
813 5544 1186 5624 compositio.
1209 5546 1346 5624 Mox
1369 5545 1611 5624 _ite_rum
1660 5544 2003 5624 εὐαρέστησιν
2062 5554 2218 5611 male

569 5615 828 5692 reddidit
850 5615 1328 5692 plcieabilitatem.
1360 5619 1648 5692 Caeterum
1676 5615 1799 5676 no'n
1833 5622 2063 5692 ignoro,
2098 5625 2216 5676 εύα-

568 5689 869 5760 ρεστείσθαι
899 5687 1041 5744 alibi
1071 5704 1202 5744 esse
1242 5704 1303 5744 re
1327 5689 1525 5760 aliqua
1558 5687 1889 5748 contentu»?
1933 5687 2072 5758 esse,
2113 5695 2216 5751 ad-

2326 5426 2520 5483 eoque
2547 5427 2620 5467 ea
2651 5407 3104 5483 laetari._Eo_dem
3122 5421 3303 5463 sensu
3335 5406 3555 5483 dicitur
3572 5405 3753 5483 etiam
3768 5402 3931 5474 εὐαρέ-

2328 5478 2540 5543 σττῑσις.
2581 5481 2692 5538 Sed
2719 5479 2816 5536 hic
2842 5479 2916 5536 de
2948 5480 3068 5536 Deo
3099 5493 3298 5534 sermo
3329 5485 3434 5545 est,
3461 5479 3556 5534 cui
3589 5478 3772 5534 homo
3797 5487 3930 5548 pro-

2326 5556 2504 5612 batur
2526 5559 2582 5612 et
2610 5554 2822 5612 placet.

2399 5625 2532 5698 (hit)
2576 5624 2700 5681 Ᾰιιι
2727 5624 2940 5695 fumos.
2974 5625 3119 5688 lmo,
3150 5637 3425 5695 vapores.
