4186 6318
160 356 273 416 493

164 489 336 558 τρίτῳ
392 483 666 556 κεφαλαιῳ.
719 482 857 557 Ὅρα
905 491 1052 556 γοῦν,
1106 491 1236 547 πῶς,
1286 489 1375 536 καὶ
1429 489 1519 535 τοῦ
1578 480 1847 556 ιῙίτρουΑ

169 573 568 647 ὶπιτιμηθέντος
636 572 755 639 ἐκεῖ,
838 580 927 625 καὶ
992 581 1084 625 τοῦ
1160 576 1358 645 Πατρός
1422 575 1553 645 μετά
1621 581 1774 625 τοῦτο

168 662 507 722 κελεύσαντος
585 662 746 715 αὐτοῦ
827 662 1049 729 ἀκούειν,
1109 667 1198 714 καὶ
1272 671 1366 724 τῆς
1440 661 1775 722 ἀναστάσεως

168 754 304 824 μετὰ
331 758 467 823 τρεῖς
498 753 691 825 ἡμέρας
735 753 1143 823 ὑποσχεθείσης,
1177 748 1291 803 οὐδ’
1326 752 1484 812 οὕτως
1531 756 1771 823 ἤνεγκαν,

169 839 279 892 ἀλλ’
303 840 663 909 ἐλυπήθησαν,
695 846 785 893 καὶ
812 836 935 893 ούδε
966 840 1159 910 ἁπλῶς,
1194 840 1319 892 ἀλλά
1342 838 1568 914 σφόδρα.

240 929 408 981 Τοῦτο
441 925 491 980 δ’
543 928 741 1000 ἐγένετο
776 929 913 1001 (55),
956 926 1049 982 διὰ
1094 934 1152 982 τὸ
1183 929 1386 1000 ἀγνοεῖν
1440 930 1624 990 αὐτοὺς
1675 938 1774 981 τῶν

162 1018 452 1089 λεγομένων
528 1023 624 1076 τὴν
682 1014 927 1091 δύναμιν,
986 1022 1056 1079 ὡς
1109 1021 1322 1094 Μάρκος
1404 1024 1493 1072 καὶ
1572 1026 1776 1079 Λουκᾶς

159 1102 331 1161 εἶπον.
376 1110 572 1179 Εἶρηκε
624 1110 727 1180 γὰρ
787 1109 813 1159 6
866 1111 976 1180 μὲν,
1044 1110 1124 1160 ὅτι
1182 1109 1429 1180 Ἠγνὸουν
1485 1112 1543 1161 τὸ
1608 1111 1771 1183 ῥῆμα,

155 1200 259 1247 καὶ
318 1195 592 1267 ἐφοϐοῦντο
662 1197 818 1248 αὐτὸν
875 1195 1201 1271 ἐπερωτῆσαι
1235 1215 1247 1228 ·
1300 1199 1327 1249 ὁ
1377 1195 1455 1266 δε,
1507 1200 1589 1250 ὃτι
1676 1203 1774 1251 Καὶ

159 1282 232 1342 ἧν
308 1286 832 1358 παρακεκαλυμμένον
903 1285 989 1337 ἀπ’
1050 1287 1237 1353 αὐτῶν,
1293 1288 1375 1340 ἶνα
1430 1293 1500 1360 μὴ
1557 1289 1777 1340 αῐσθων-

160 1394 253 1426 ται
306 1374 456 1426 αὐτό.
517 1378 664 1428 Κατά
706 1377 844 1428 θείαν
901 1378 1001 1449 γὰρ
1064 1376 1356 1449 οἰκονομίαν
1425 1376 1776 1450 ἀπεκρύπτετο

163 1464 197 1519 ἠ
252 1471 449 1534 γνῶσις
505 1470 599 1516 τοῦ
649 1465 882 1537 ῥήματος
934 1464 1023 1518 ἀπ’
1082 1466 1268 1532 αὐτῶν,
1315 1468 1379 1527 ὡς
1437 1465 1620 1519 ἀτελῶν
1680 1469 1773 1532 ἔτι,

164 1556 262 1602 καὶ
309 1555 380 1623 μὴ
436 1548 735 1624 δυναμένων
788 1552 1058 1625 ἔφικέσθαι
1097 1562 1190 1607 τοῦ
1242 1557 1533 1628 ὑπερφυοῦς
1588 1560 1775 1610 τούτου

171 1644 474 1715 μυστηρίου
484 1679 496 1692 .

250 1734 354 1782 Καὶ
408 1729 493 1781 ἐὰν
539 1730 754 1802 ἠγνόουν
799 1732 949 1801 αὐτὸ,
1002 1741 1113 1794 πῶς
1158 1732 1490 1791 ἐλυπήθησαν
1532 1731 1773 1808 σφόδρα;

171 1818 257 1871 Οὐ
314 1822 374 1870 τὸ
436 1824 538 1871 πᾶν
598 1820 835 1891 ἠγνόουν,
894 1820 1022 1874 ἀλλά
1076 1827 1195 1894 περὶ
1255 1825 1345 1894 μὶν
1394 1830 1487 1875 τοῦ
1554 1825 1775 1875 θανάτου
1814 1811 1852 1864 Β

172 1906 343 1960 αὐτοῦ
395 1906 689 1978 ἐγίνωσκον,
758 1906 1023 1983 διαφόρως
1083 1909 1415 1977 ἀκούσαντες,
1472 1910 1546 1984 ἐφ’
1686 1917 1776 1965 καὶ

172 1996 514 2069 ἑλυμήθησαν
540 1995 745 2071 σφόδρα
768 2016 779 2029 ⁸
812 2004 930 2075 περὶ
957 1996 1015 2052 δὲ
1043 2009 1139 2062 τῆς
1171 2000 1505 2063 ἀναστάσεως
1531 2002 1771 2073 ἠγνόουν.

176 2085 434 2148 Πολλάκις
482 2091 604 2161 γὰρ,
664 2092 755 2141 καὶ
804 2093 924 2163 περὶ
974 2092 1169 2150 ταύτης
1231 2090 1563 2159 ἀκούσαντες,
1635 2092 1775 2164 ὅμως

175 2175 276 2227 οὐκ
314 2173 569 2234 ἠδύναντο
605 2184 756 2244 νοεῖν,
798 2182 849 2230 τί
880 2176 1021 2230 ἔστιν
1072 2180 1225 2237 αὕτη.
1259 2185 1395 2235 Φησὶ
1430 2182 1533 2253 γὰρ
1565 2182 1590 2232 6
1620 2183 1773 2253 Μάρ-

172 2284 266 2326 κος
305 2263 354 2317 ἐν
395 2265 588 2334 ἄλλοις,
635 2268 716 2319 ὅτι
770 2263 904 2325 ἦσαν
955 2269 1313 2335 συζητοῦντες,
1354 2274 1407 2321 τί
1450 2270 1564 2323 ἐστι
1607 2274 1666 2323 τὸ
1719 2270 1773 2322 ἐκ

166 2364 361 2428 νεκρῶν
458 2355 767 2417 ἀναστῆναι.
858 2356 1235 2430 Ὑπελάμϐανον
1306 2360 1431 2434 γὰρ,
1529 2361 1609 2413 ὅτι
1686 2366 1775 2413 καὶ

162 2452 324 2497 τοῦτο
368 2444 638 2520 παραϐολή
688 2450 767 2508 τίς
820 2445 949 2500 ἔστι.
1010 2452 1110 2501 Καὶ
1162 2450 1263 2523 γὰρ
1316 2451 1448 2521 μετὰ
1497 2453 1593 2508 τὴν
1654 2449 1772 2503 ἀνά·

168 2553 362 2586 στασιν
414 2531 671 2597 διήνοιξεν
718 2535 888 2589 αὐτῶν
935 2539 1022 2589 τὸν
1068 2544 1191 2589 νοῦν
1240 2544 1333 2591 τοῦ
1374 2541 1603 2592 συνιέναι
1656 2558 1775 2613 περι

164 2642 397 2678 παντων.

245 2807 389 2858 KRP.
421 2802 541 2867 Λς’.
571 2807 693 2879 Περὶ
721 2810 823 2856 τῶν
854 2803 1128 2858 αἰτούντων
1152 2808 1218 2858 τά
1242 2802 1278 2859 δ
1284 2802 1550 2879 ιδραχμα.

246 2897 350 2945 Καὶ
380 2922 450 2932 —
478 2896 581 2947 ναί.
636 2895 701 2945 Οἱ
747 2897 1069 2967 πρωτότοκοι
1115 2902 1217 2947 τῶν
1253 2894 1501 2969 Ἑϐραίων
1541 2893 1775 2972 δίδραχ-

178 3000 274 3052 μον
341 2981 553 3040 ἕκαστος
604 2982 715 3033 κατ’
790 2981 1017 3035 ἐνιαυτὸν
1096 2983 1292 3037 ἐτέλουν
1340 2994 1412 3057 τῷ
1484 2991 1591 3059 Θεῷ
1650 2990 1775 3060 πρὸς

182 3068 555 3141 εὐχαριστίαν,
619 3068 725 3122 ἀνθ’
778 3072 843 3123 ὧν
919 3071 1262 3148 ἑξωλόθρευσε
1308 3075 1470 3129 πάλαι
1540 3079 1605 3129 τά
1673 3084 1774 3128 τῶν

178 3157 483 3229 Αἰγυπτίων
564 3165 884 3233 πρωτότοκα.
955 3163 1097 3216 Ἐπεὶ
1150 3164 1238 3216 οὗν
1308 3170 1398 3219 καὶ
1464 3167 1490 3217 6
1550 3170 1777 3241 Χριστὸς
1808 3166 1847 3223 C

180 3252 510 3321 πρωτότοκος
566 3246 644 3321 ἧν,
709 3250 849 3323 αύτῷ
900 3254 988 3324 μεν
1045 3254 1095 3305 οἱ
1152 3252 1549 3327 ἐπισυνάγοντες
1612 3264 1779 3310 ταῦτα

181 3337 478 3408 προσελθεῖν
556 3338 955 3410 ηὐλαϐήθησαν,
1024 3350 1274 3415 τιμῶντες
1337 3344 1493 3399 αὐτὸν
1555 3342 1649 3398 διὰ
1712 3348 1779 3399 τὰ

185 3434 378 3498 σημεῖα
407 3446 420 3458 ο
452 3437 523 3499 τῷ
560 3434 739 3503 Πέτρῳ
770 3426 831 3483 δε
858 3430 1057 3499 λοιπὸν,
1105 3435 1169 3493 ὡς
1222 3439 1487 3506 κορυφαίῳ
1534 3444 1633 3487 τῶν
1681 3456 1777 3508 μα-

183 3516 372 3582 θητῶν,
442 3524 852 3593 προσέρχονται,
911 3526 1001 3573 καὶ
1067 3522 1161 3574 οὐκ
1244 3521 1575 3591 ἀπαιτοῦσιν,
1651 3524 1779 3579 ἀλλά

178 3607 310 3676 μετά
366 3611 655 3680 πραότητος
705 3608 985 3683 ἐρωτῶσιν.
1044 3609 1200 3663 Ἔστι
1254 3608 1314 3665 δὲ
1358 3616 1417 3666 1'6
1471 3611 1776 3688 δίδραχμον

176 3690 313 3755 εἶδος
341 3694 616 3773 ἀργυρίου.

254 3876 357 3923 Καὶ
417 3873 499 3924 ὅτε
552 3874 783 3933 εἰσῆλθεν
841 3906 908 3916 -
953 3875 1273 3951 ἀλλοτρίων;
1323 3883 1431 3955 Πρὸ
1482 3888 1574 3933 τοῦ
1621 3881 1777 3936 εἰπεῖν

173 3963 263 4014 τὸν
316 3965 508 4033 Πέτρον
557 3968 801 4036 περὶτοῦ
841 3962 1178 4041 διδράχμου,
1234 3969 1511 4043 προέλαϐεν
1558 3970 1714 4024 αὐτὸν
1752 3974 1778 4025 6

176 4052 437 4121 Χριστὸς,
481 4050 754 4123 ἐμφαίνων,
785 4057 866 4108 ὅτι
890 4055 948 4108 οῦ
981 4052 1152 4109 δεῖται
1185 4058 1309 4132 παρ’
1356 4058 1531 4135 ἐτέρου
1576 4063 1778 4134 μαθεῖν,

175 4136 335 4201 εἰδὼς
379 4139 439 4192 οῦ
485 4143 553 4193 τά
590 4141 871 4215 λαλούμενα
919 4150 1089 4216 μόνον.
1152 4146 1280 4199 ἀλλά
1323 4153 1414 4201 καὶ
1468 4153 1533 4203 τά
1578 4150 1779 4206 ἐννοού-

174 4249 329 4303 μενοι.
403 4230 500 4281 Διά
578 4230 1002 4305 παραδείγματος
1071 4231 1128 4288 δε
1210 4234 1597 4311 ἀποδείκνυσιν,
1677 4244 1777 4309 ὅτι,

175 4323 404 4390 γνήσιος
474 4320 594 4382 Υἱὸς
653 4322 719 4372 ὢν
766 4329 858 4375 τοῦ
916 4330 1069 4391 Θεοῦ,
1128 4325 1221 4377 οὐκ
1273 4326 1458 4399 ὀφείλει
1513 4330 1669 4383 τελεῖν
1712 4334 1781 4403 τῷ

180 4412 352 4481 Πατρὶ
384 4411 443 4459 1'6
494 4404 822 4483 δίδραχμον.
861 4413 928 4469 Οἱ
965 4432 1066 4487 γαρ
1103 4413 1341 4486 βασιλεῖς
1389 4418 1482 4471 οὐκ
1526 4418 1625 4473 ἀπὸ
1680 4430 1781 4474 τῶν

174 4502 407 4569 γνησίων
434 4500 580 4565 υἱῶν,
624 4497 731 4551 ἀλλ’
766 4498 866 4553 ἀπὸ
898 4510 995 4553 τῶν
1044 4501 1319 4577 ἀλλοτρίων
1348 4506 1465 4564 τελη
1516 4511 1546 4566 ἦ
1592 4517 1782 4569 κῆνσον
1812 4516 1859 4573 D

174 4585 526 4660 λαμϐάνουσι.
564 4592 635 4641 Τὸ
667 4588 795 4641 αῦτό
824 4586 881 4642 δὲ
906 4590 1107 4663 λέγεται
1130 4598 1220 4646 καὶ
1241 4594 1381 4658 τέλος
1424 4601 1514 4649 καὶ
1542 4606 1738 4662 κῆνσος
1765 4617 1777 4631 ·

172 4677 316 4739 τέλος
356 4680 448 4750 μὲν
488 4677 611 4731 καθ’
652 4677 917 4748 Ἕλληνας,
959 4690 1152 4745 κῆνσος
1200 4680 1260 4736 δὲ
1301 4688 1437 4738 κατά
1481 4685 1779 4760 Ῥωμαίους.

264 4908 416 4975 Λέγει
466 4936 535 4946 -
594 4908 712 4963 sict.
764 4912 835 4963 T6
885 4908 987 4985 ἄρα
1051 4908 1166 4985 (56)
1234 4912 1348 4968 ἀντὶ
1403 4922 1516 4982 τοῦ,
1585 4916 1780 4976 λοιπόν.

185 4992 481 5069 Ἐλεύθεροι
514 4991 572 5047 δὲ
596 5004 687 5048 τοῦ
714 4994 893 5052 δοῦναι
921 5000 1039 5059 τίλη
1072 5002 1102 5060 ἣ
1130 5010 1343 5062 κῆνσον,

266 5198 316 5235 ³ο
338 5199 491 5256 Marc
519 5218 592 5270 1x,
625 5206 729 5272 32;
759 5206 900 5265 Luc.
930 5225 1003 5274 ix,
1038 5211 1129 5265 45.
1239 5209 1284 5245 ²¹
1327 5212 1500 5268 Marc.
1531 5226 1606 5281 ιχ,
1640 5215 1725 5268 10.

1135 354 1496 413 COMNENT.
1545 354 1615 409 ΙΝ
1666 354 2109 412 ΜΑΤΤΗΕΠΜ.
2156 384 2216 398 -ι-
2262 356 2417 411 CAP.
2460 356 2628 411 XVII.

3442 358 3543 414 494

1883 480 2106 538 dimus.
2129 483 2273 538 Vide
2294 496 2436 551 ergo
2457 482 2768 553 quomodo
2787 482 2923 540 licet
2942 481 3025 539 ibi
3045 483 3249 540 Petrus
3267 481 3443 540 fuerit
3461 482 3545 539 in-

1884 576 2177 642 crepatus,
2198 576 2254 627 et
2269 569 2661 642 postmodum
2676 570 2917 641 jusserit
2937 571 3111 628 Pater
3131 576 3196 629 ut
3215 588 3355 629 eum
3377 571 3546 629 audi-

1882 666 2030 725 rent,
2071 659 2197 731 ipse
2238 674 2479 731 quoque
2530 660 3027 717 resurrectionem
3079 668 3214 733 post
3262 666 3377 719 tres
3416 660 3545 718 dies

1883 749 2235 819 promiserit,
2278 763 2387 803 nec
2444 747 2526 803 sio
2583 752 2787 804 tamen
2843 748 2992 805 ferre
3050 754 3391 821 potuerunt,
3434 749 3545 807 sed

1884 837 2205 893 contristati
2236 841 2391 902 sunt,
2426 842 2482 891 et
2505 852 2628 893 non
2655 841 2979 909 utcunque,
3009 838 3114 894 sed
3137 840 3542 896 vehementer.

1959 927 2077 979 Hoc
2116 929 2318 981 autem
2354 924 2577 981 factum
2608 930 2716 994 est,
2756 941 2827 981 eo
2858 926 3023 997 quod
3052 926 3396 997 ignorarent
3433 928 3545 985 vir-

1885 1016 2070 1068 tutem
2101 1029 2311 1069 eorum
2345 1030 2482 1085 quas
2508 1013 2882 1079 dicebantur,
2912 1014 3061 1071 sicut
3090 1018 3319 1071 Marcus
3352 1020 3410 1072 et
3439 1019 3546 1072 Lu-

1885 1116 1987 1156 cas
2028 1102 2310 1158 dixerunt
2348 1105 2419 1160 ²⁰.
2460 1106 2609 1160 Nam
2662 1102 2757 1159 ille
2796 1102 2944 1158 dixit
2980 1102 3147 1175 quod
3174 1104 3545 1175 Ignorabant

1885 1191 2147 1258 verbum,
2186 1200 2238 1250 et
2270 1191 2540 1249 timebant
2573 1208 2703 1249 eum
2733 1192 3128 1263 interrogare.
3161 1194 3263 1249 Hic
3294 1197 3494 1248 autem
3531 1206 3545 1248 :

1883 1278 1959 1333 Et
1996 1286 2128 1335 erat
2160 1280 2569 1337 absconditum
2600 1282 2672 1338 ab
2704 1282 2782 1337 eis
2812 1286 2872 1336 ut
2902 1298 3021 1339 non
3052 1282 3443 1353 intelligerent
3474 1283 3545 1339 il-

1888 1368 2013 1421 lud.
2052 1369 2257 1425 Divina
2297 1374 2496 1425 autem
2537 1370 2985 1441 dispensatione
3023 1368 3435 1429 occultabatur
3468 1371 3547 1428 ab

1884 1454 2000 1511 illis
2036 1457 2200 1513 verbi
2228 1458 2487 1528 cognitio
2516 1462 2807 1530 tanquam
2839 1458 2916 1515 ab
2946 1459 3325 1531 imperfectis,
3358 1463 3416 1515 et
3442 1459 3548 1531 qui

1883 1545 2145 1602 necdum
2175 1552 2453 1618 poterant
2480 1547 2557 1603 ad
2591 1548 3045 1619 supernaturale
3075 1548 3206 1620 ejus
3236 1553 3547 1621 penetrare

1884 1635 2260 1704 mysterium.

1957 1724 2170 1778 Verum
2202 1724 2250 1778 si
2278 1723 2427 1780 illud
2466 1724 2849 1794 ignorabant,
2878 1725 3190 1797 quomodo
3220 1723 3545 1783 contristati

1884 1814 2021 1867 sunt
2050 1812 2431 1868 vehementer
2448 1812 2477 1867 ‘l
2501 1816 2630 1869 Non
2660 1813 2901 1885 penitus
2927 1813 3307 1883 ignorabant,
3339 1814 3446 1870 sed
3469 1815 3545 1871 de

1882 1904 2074 1956 morte
2103 1900 2230 1972 ejus
2255 1900 2685 1972 intelligebant,
2713 1918 2852 1958 cum
2885 1901 2960 1957 de
2986 1918 3057 1958 ea
3086 1903 3306 1974 saepius
3345 1903 3545 1959 audis-

1884 1992 2037 2055 sent,
2077 1993 2135 2043 et
2172 1988 2247 2044 de
2284 1989 2399 2046 hac
2439 1988 2774 2046 contristati
2818 1994 2956 2045 sunt
2992 1990 3369 2046 vehementer
3411 2006 3423 2046 :
3471 1991 3546 2047 de

1881 2077 2312 2134 resurrectione
2328 2093 2467 2135 vero
2492 2078 2874 2148 ignorabant,
2899 2078 2973 2134 de
2993 2094 3117 2151 qua
3135 2079 3314 2135 etiam
3328 2079 3547 2151 saepius

1882 2165 2215 2232 audierant,
2250 2182 2358 2223 nec
2388 2171 2590 2224 tamen
2627 2172 2905 2240 poterant
2943 2166 3269 2239 intelligere
3300 2167 3447 2241 quid
3476 2184 3548 2225 ea

1882 2259 2101 2310 essent.
2136 2256 2282 2313 Dicit
2314 2256 2472 2312 enim
2502 2257 2730 2313 Marcus
2759 2257 2910 2313 inter
2943 2255 3076 2324 alia,
3107 2257 3274 2329 quod
3304 2257 3548 2329 conqui-

1880 2343 2095 2400 rebant
2123 2345 2272 2402 inter
2304 2361 2367 2401 se
2397 2345 2547 2417 quid
2574 2350 2751 2415 esset,
2792 2362 2828 2402 a
2856 2346 3108 2402 mortuis
3137 2361 3445 2416 resurgere
3475 2348 3544 2401 ²¹.

1877 2432 2354 2505 Suspicabantur
2379 2450 2643 2506 namque
2668 2435 2826 2491 hanc
2851 2435 3029 2491 etiam
3057 2434 3392 2507 quamdam
3418 2450 3546 2491 esse

1880 2521 2255 2593 parabolam.
2273 2522 2583 2595 Siquidem
2596 2528 2729 2595 post
2746 2525 3242 2580 resurrectionem
3254 2526 3300 2560 ³³
3316 2523 3548 2596 aperuit

1884 2615 2147 2668 mentem
2167 2610 2423 2680 illorum,
2455 2616 2521 2670 ut
2543 2611 2935 2685 intelligerent
2962 2612 3294 2685 Scripturas
3317 2613 3394 2669 de
3418 2629 3546 2669 om-

1882 2699 2082 2755 nibus.

2027 2791 2179 2845 CAP.
2222 2790 2448 2848 XXXVI.
2486 2792 2575 2847 De
2611 2791 2980 2863 exigentibus
3018 2790 3401 2848 didrachma.

1953 2878 2121 2937 Vers.
2162 2879 2251 2936 24.
2289 2880 2527 2936 Etcum
2558 2881 2871 2937 venissent.
2902 2912 2969 2920 —
3000 2879 3166 2936 Vers.
3208 2882 3296 2935 25.
3339 2882 3542 2937 etiam.

1885 2966 2264 3037 Primogeniti
2294 2984 2506 3025 omnes
2539 2969 2942 3025 Hebraeorum
2970 2968 3221 3039 singulis
3251 2968 3426 3025 annis
3456 2968 3546 3025 di-

1885 3055 2179 3113 drachma
2219 3058 2565 3129 pendebant
2593 3059 2713 3115 Deo
2742 3059 2802 3114 in
2843 3058 3172 3128 gratiarum
3201 3058 3498 3114 actionem
3531 3073 3543 3110 :

1886 3160 1955 3201 eo
1983 3146 2146 3217 quod
2171 3145 2311 3203 olim
2335 3146 2750 3219 Egyptiorum
2773 3147 3170 3219 primogenita
3185 3146 3545 3218 perdiderat.

1886 3234 2037 3300 Quia
2075 3250 2215 3306 ergo
2256 3234 2519 3290 Christus
2559 3236 2739 3292 etiam
2786 3235 3222 3308 primogenitus
3263 3237 3405 3301 erat,
3442 3235 3547 3305 qui

1886 3323 2015 3377 haec
2036 3323 2506 3393 congregabant,
2535 3324 2613 3380 ad
2637 3324 2840 3395 ipsum
2867 3323 3113 3396 quidem
3142 3321 3421 3379 accedere
3453 3338 3548 3379 ve-

1884 3411 2191 3479 rebantur,
2231 3412 2598 3468 honorantes
2638 3428 2776 3468 eum
2806 3417 3051 3485 propter
3082 3411 3373 3469 miracula
3414 3428 3426 3466 :
3469 3412 3548 3469 ad

1887 3499 2132 3558 Petrum
2162 3504 2363 3558 autem
2396 3505 2683 3574 tanquam
2710 3500 3039 3573 principem
3066 3501 3195 3572 jam
3225 3500 3550 3574 discipulo-

1886 3607 2021 3646 rum
2041 3591 2333 3647 accedunt
2356 3614 2368 3646 :
2387 3606 2497 3647 nec
2516 3591 2778 3662 exigunt,
2804 3590 2908 3646 sed
2925 3607 3063 3647 cum
3086 3590 3549 3647 mansuetudine

1885 3679 2272 3749 interrogant.
2300 3682 2401 3736 Est
2431 3684 2631 3736 autem
2663 3680 3085 3737 didrachmum
3107 3695 3294 3750 genus
3319 3679 3549 3735 numis-

1889 3768 2089 3823 matis.

1958 3858 2116 3912 Vers.
2168 3860 2255 3911 25.
2312 3857 2579 3928 Cumque
2630 3859 2931 3927 ingressus
2983 3864 3125 3914 esset
3176 3887 3242 3897 —
3289 3855 3553 3913 alienis?

1887 3944 2245 4016 Priusquam
2277 3943 2618 4017 loqueretur
2649 3945 2855 4001 Petrus
2887 3945 2961 4001 de
2992 3943 3365 4011 didrachmo,
3404 3960 3550 4019 pree-

1887 4032 2046 4089 venit
2084 4049 2222 4088 eum
2254 4034 2446 4099 Jesus,
2479 4033 2904 4089 demonstrans
2934 4048 3056 4090 non
3087 4050 3241 4105 opus
3270 4048 3402 4090 esse
3441 4032 3556 4089 sibi

1887 4126 1954 4178 ut
1991 4121 2069 4177 ab
2107 4121 2225 4178 alio
2264 4122 2533 4188 disceret,
2590 4139 2727 4179 cum
2777 4122 2951 4178 sciret
2986 4138 3109 4178 non
3150 4126 3380 4179 tantum
3418 4138 3555 4195 quas

1889 4212 2261 4277 dicebantur,
2302 4226 2514 4266 verum
2563 4209 2744 4268 etiam
2790 4227 2926 4283 quis
2974 4210 3411 4282 cogitabantur.
3450 4209 3556 4267 Per

1890 4298 2235 4371 exemplum
2279 4303 2479 4355 autem
2524 4299 2786 4356 ostendit
2834 4300 3020 4371 quod,
3070 4315 3209 4356 cum
3257 4298 3554 4357 naturalis

1892 4389 1964 4444 sit
2002 4387 2104 4443 Dei
2146 4389 2345 4455 Filius,
2397 4404 2520 4444 non
2569 4389 2749 4445 debet
2786 4389 3046 4460 pendere
3086 4388 3236 4445 Patri
3275 4387 3554 4446 didrach-

1891 4494 2081 4535 mum.
2141 4481 2292 4534 Nam
2342 4494 2513 4549 reges
2561 4494 2682 4535 non
2730 4495 2767 4534 a
2806 4478 3063 4550 propriis
3109 4478 3268 4547 ﬁliis,
3312 4477 3417 4535 sed
3473 4478 3553 4534 ab

1892 4566 2099 4625 alienis
2139 4566 2429 4624 tributum
2461 4568 2550 4623 vel
2582 4584 2833 4625 censum
2869 4567 3191 4639 accipiunt.
3237 4567 3405 4624 Idem
3445 4582 3554 4623 au-

1892 4662 2010 4712 tem
2050 4655 2391 4725 signiﬁcant
2428 4655 2570 4717 τέλος
2609 4656 2797 4728 (quod
2829 4655 3115 4711 tributum
3153 4654 3459 4726 vertimus)
3498 4659 3556 4711 et

1891 4752 2082 4806 κῆνσος
2123 4759 2329 4801 census
2373 4760 2383 4799 :
2421 4744 2525 4800 sed
2560 4734 2705 4799 illud
2736 4742 2903 4814 apud
2937 4744 3187 4809 Graecos,
3232 4743 3347 4798 hoc
3388 4743 3553 4814 apud

1894 4836 2217 4892 Romanos.

1966 4923 2129 4977 Vers.
2168 4926 2256 4977 26.
2298 4921 2453 4978 Dicit
2492 4952 2559 4961 —
2585 4921 2717 4991 ﬁlii.
2748 4926 2905 4993 Ἀρα,
2947 4919 3081 4976 loco
3117 4919 3452 4992 reliquum;
3488 4919 3555 4976 1i-

1891 5009 2020 5065 beri
2059 5013 2283 5081 autem,
2322 5026 2396 5066 ne
2427 5010 2696 5082 pendant
2727 5008 3018 5065 tributum
3047 5008 3141 5065 vel
3175 5023 3442 5066 censum.

1836 5215 1886 5249 ³³
1918 5214 2056 5271 Luc.
2086 5228 2243 5285 xxiv,
2270 5213 2359 5268 45.

1411 5444 1634 5513 Varia:
1668 5446 1995 5514 lectiones
2036 5454 2104 5512 et
2134 5453 2337 5514 notae.

258 5656 379 5801 255;
412 5656 660 5728 Ἐγίνετο,
694 5662 761 5714 Α.

288 5729 356 5784 56
407 5730 683 5801 Quinque
707 5747 761 5801 p1

288 5729 356 5784 56

407 5730 683 5802 Quinque
707 5732 905 5803 priora
932 5733 1226 5792 vocabula
1252 5736 1536 5795 omiserat
1565 5740 1906 5796 Hentenius.
1940 5740 2131 5799 Etiam
2162 5742 2506 5811 proximum
2540 5736 2623 5795 δι.
