4186 6318
2032 336 2379 396 EUTHYMII
2419 333 2752 392 ZIGABENI
3970 333 4042 386 ωδ

780 486 939 538 Vers.
961 484 1049 535 27.
1077 477 1290 536 Verum
1306 508 1374 516 ——
1393 480 1466 532 te.
1482 472 1898 529 Demonstrato
1911 467 2171 540 primum
2196 463 2361 537 quod
2393 462 2439 515 A

708 574 834 646 ipse
873 585 996 626 non
1026 568 1244 624 debeat
1272 563 1535 639 pendere
1573 563 1817 633 propter
1846 556 2236 618 divinitatem,
2279 561 2358 608 ta-

709 643 849 719 men
879 660 1022 717 dare
1046 657 1217 730 jubet
1250 658 1491 728 propter
1522 649 1978 711 humanitatem,
2012 661 2086 701 ne
2115 643 2362 700 offendi-

709 751 912 808 culum
940 751 1299 822 paterentur,
1323 742 1497 817 quasi
1527 741 1655 812 ipse
1670 739 1855 793 Deum
1881 735 2232 807 despiceret,
2256 747 2361 787 no-

706 841 835 898 lens
853 839 1051 911 etipse
1066 839 1184 893 Deo
1198 833 1459 906 pendere
1472 829 1917 886 didrachmum.
1931 830 1977 881 A
1996 824 2144 880 mari
2161 827 2359 879 autem

707 932 812 987 dat
844 928 1132 986 tributum
1163 943 1176 980 :
1217 922 1358 978 hinc
1389 933 1634 993 quoque
1671 915 1992 973 ostendens
2031 912 2194 986 quod
2235 917 2362 968 tan-

705 1035 893 1092 quam
933 1015 1206 1072 omnium
1247 1010 1535 1067 Dominus
1587 1005 1855 1079 pracipit
1892 1008 1946 1060 et
1984 1003 2156 1066 mari,
2195 1004 2362 1074 quod

707 1088 882 1181 quasi
911 1107 1210 1178 praecepto
1239 1100 1370 1172 ejus
1409 1097 1766 1168 subjectum,
1798 1093 1972 1148 mittit
2000 1091 2227 1163 piscem
2258 1088 2361 1160 qui

707 1177 996 1252 tributum
1022 1191 1270 1249 domino
1295 1187 1524 1244 deferat
1550 1199 1562 1240 :
1591 1199 1703 1240 nec
1728 1197 1833 1255 pro
1858 1182 1984 1252 ipso
2012 1179 2225 1244 solum,
2255 1177 2358 1232 sed

707 1290 765 1342 et
800 1300 910 1357 pro
949 1283 1146 1355 primo
1175 1279 1304 1350 ejus
1333 1272 1660 1347 discipulo;
1688 1287 1832 1328 nam
1871 1271 2076 1325 Petrus
2114 1281 2358 1339 quoque

705 1371 1143 1444 primogenitus
1182 1370 1326 1424 erat.

779 1461 942 1517 Prius
983 1457 1280 1530 siquidem
1312 1454 1490 1510 etiam
1529 1451 1645 1507 hoc
1674 1446 2073 1505 diversimode
2111 1444 2361 1501 demon-

707 1550 910 1606 stravit
937 1566 949 1605 :
971 1545 1286 1619 etquando
1305 1543 1417 1616 ipsi
1441 1541 1656 1598 furenti
1673 1537 2012 1610 imperavit,
2036 1541 2092 1591 et
2109 1533 2357 1607 quando

705 1655 812 1711 per
849 1637 1050 1709 ipsum
1079 1633 1253 1707 quasi
1283 1648 1389 1704 per
1427 1630 1660 1687 aridam
1691 1627 1875 1700 pedes
1905 1623 2251 1681 ambulavit.
2293 1624 2358 1678 Et

703 1743 866 1784 nunc
903 1738 1147 1798 quoque
1185 1721 1350 1777 idem
1386 1734 1627 1775 rursum
1665 1716 1833 1772 aliter
1871 1713 2149 1779 ostendit,
2193 1711 2355 1767 vario

2541 460 2650 513 Ἵνα
2705 491 2773 498 -
2820 464 2933 510 σοῦ.
2994 452 3302 519 Ἀποδείξας
3362 463 3582 530 πρῶτον,
3636 456 3718 506 ὅτι
3777 454 3935 516 αὐτὸς
3975 457 4040 507 οὐκ

2472 549 2658 622 ὀφείλει
2716 547 2922 601 τελέσαι
2999 543 3090 598 διὰ
3146 551 3239 604 τὴν
3319 547 3558 613 θεότητα,
3636 547 3820 596 ι.οιπόν
3889 544 4039 598 uiris:

2473 636 2656 691 δοῦναι
2705 634 2799 690 διὰ
2833 642 2926 694 την
2976 634 3369 710 ἀνθρωπότητα,
3412 636 3494 686 ἵνα
3541 637 3612 706 μὴ
3666 630 4040 686 σκανδαλισθώ-

2473 747 2574 795 σιν,
2619 730 2687 789 ὡς
2741 724 3083 798 ἀτιμάζοντος
3141 724 3299 776 αὐτοῦ
3346 726 3432 775 τόν
3469 726 3620 792 Θεὸν,
3659 721 3708 773 ἐν
3760 731 3836 793 τῷ
3881 728 3946 794 μὴ
3980 743 4037 774 τι.

2469 816 2568 869 λεῖν
2599 824 2688 868 καὶ
2727 815 2881 866 αὐτόν
2914 823 2984 885 τῷ
3015 822 3126 883 Θεῴ
3157 816 3214 865 τὸ
3261 809 3591 886 δίδραχμον.
3620 811 3710 864 Ἐκ
3741 820 3840 872 τῆς
3881 811 4038 864 θαλάτ-

2471 925 2566 967 at);
2625 901 2684 958 δὲ
2731 900 2931 956 δίδωσι
2987 906 3044 954 τό
3100 901 3255 970 τέλος,
3316 898 3563 954 δεικνύων
3625 899 3923 971 κάντεῦθεν,
3967 904 4036 970 ὅτι,

2470 998 2599 1056 Θεὸς
2627 995 2694 1044 ὢν
2725 1002 2822 1044 τῶν
2866 991 3014 1060 ὅλων,
3063 993 3288 1066 κυριεύει
3336 995 3425 1042 καὶ
3463 998 3557 1052 τῆς
3599 990 3900 1058 θαλάσσης,
3953 993 4035 1048 in;

2467 1092 2539 1155 τῷ
2604 1081 2901 1155 βουλήματι
2973 1080 3135 1132 αὐτοῦ
3205 1081 3644 1152 καθυπηρετοῦσα
3723 1083 3920 1152 πέμπει
3977 1085 4032 1129 τὸν

2470 1172 2648 1244 ἰχθὺν,
2698 1173 2975 1243 κομίζοντα
3020 1173 3078 1220 τό
3118 1169 3254 1230 τελος
3304 1170 3430 1242 ὑπὲρ
3475 1176 3566 1220 τοῦ
3620 1173 3929 1220 Δεσπότου·
3975 1170 4030 1217 καὶ

2467 1261 2573 1332 οὐχ
2623 1261 2747 1334 ὑπὲρ
2793 1259 2950 1312 αὐτοῦ
2995 1263 3166 1331 μόνον,
3219 1256 3347 1310 ἀλλὰ
3401 1262 3491 1310 καὶ
3539 1259 3665 1331 ὑπὲρ
3717 1265 3816 1310 τοῦ
3869 1262 4032 1331 πρώτον

2467 1358 2564 1402 τῶν
2594 1350 2839 1421 μαθητῶν
2870 1347 3029 1400 αὐτοῦ
3059 1365 3071 1377 ·
3105 1351 3433 1419 πρωτότοκος
3460 1349 3562 1419 γὰρ
3589 1352 3682 1398 καὶ
3714 1348 3741 1397 ό
3774 1350 3960 1414 Πέτρος
3976 1346 4030 1402 ἦν.

2539 1444 2640 1492 Καὶ
2686 1443 2931 1512 πρότερον
2970 1440 3060 1510 μεν
3109 1438 3210 1510 γὰρ
3255 1445 3409 1489 τοῦτο
3463 1433 3729 1510 διαφόρως
3761 1436 3898 1506 (5⁸1),
3940 1431 4034 1486 ἔδει·

2467 1529 2566 1598 ξεν,
2625 1529 2706 1580 ὅτε
2762 1525 3070 1599 ἐπετίμησεν
3123 1526 3253 1598 αύτῇ
3315 1529 3618 1598 μαινομένῃ,
3687 1530 3784 1577 καὶ
3836 1526 3916 1577 ὅτε
3969 1520 4036 1575 διὰ

2465 1620 2661 1679 ταύτης
2701 1616 2991 1681 ἐπέζευσεν,
3047 1618 3116 1677 ὡς
3147 1611 3238 1668 διὰ
3286 1615 3448 1689 ξηρᾶς
3477 1633 3488 1645 ·
3529 1620 3619 1668 καὶ
3665 1623 3762 1668 νῦν
3813 1612 3872 1667 δὲ
3917 1613 4034 1666 πάλιν

2464 1710 2652 1779 τρόπον
2722 1706 2889 1780 ἕτερον
2959 1712 3108 1758 τοῦτο
3181 1701 3439 1770 δείκνυσι,
3509 1703 3845 1776 πολλαχόθεν
3901 1700 4036 1760 δηλῶν

703 1816 887 1872 modo
920 1790 1355 1884 subiectionem
1383 1807 1542 1864 illius
1572 1805 1942 1876 signiﬁcans.
1971 1806 2067 1858 Est
2094 1807 2150 1857 et
2179 1806 2356 1857 stater

2464 1799 2557 1853 τὴν
2587 1795 2850 1865 ὑποταγὴν
2881 1793 3066 1854 αὐτῆς.
3107 1795 3386 1869 ’Λργυρίου
3417 1791 3477 1847 δὲ
3505 1790 3644 1857 εἶδος
3675 1798 3773 1847 καὶ
3800 1795 3825 1846 ὁ
3873 1796 4032 1864 πατὴρ

703 1903 1086 1962 numismatis
1120 1916 1308 1971 genus
1329 1898 1451 1954 duo
1485 1893 1935 1960 didrachma,id
1968 1892 2358 1963 est,'quatuor

704 1993 1026 2053 drachmas
1063 1989 1395 2046 continens.

775 2083 920 2139 Vide
959 2086 1160 2138 autem
1191 2075 1502 2152 quomodo
1539 2088 1703 2130 nunc
1731 2069 1954 2127 Iudaeis
1995 2067 2356 2126 offendiculo

705 2189 834 2230 esse
859 2170 1080 2227 noluit:
1103 2167 1245 2224 alibi
1260 2180 1402 2221 vero
1425 2161 1856 2218 Pharisaeorum
1879 2157 2149 2229 despexit
2173 2155 2358 2212 oﬂ‘en-

703 2259 994 2326 diculum,
1027 2255 1274 2331 quando
1305 2254 1378 2308 de
1409 2251 1556 2308 cibis
1586 2247 1954 2322 disputabat.
1992 2247 2172 2302 Docet
2196 2244 2357 2300 enim

703 2349 869 2424 quod
884 2345 1214 2421 aliquando
1234 2339 1663 2400 oﬂ‘endiculum
1685 2352 1893 2394 cavere
1915 2341 2165 2408 oportet,
2184 2334 2359 2390 inter-

704 2423 852 2496 dum
891 2453 1034 2495 vero
1070 2433 1218 2492 illud
1255 2430 1579 2505 despicere,
1619 2431 1677 2485 et
1714 2442 1853 2484 cum
1887 2424 2112 2498 judicio
2150 2423 2264 2481 hoc
2305 2439 2363 2492 et

705 2528 852 2586 illud
882 2527 1094 2584 facere.

776 2613 1192 2674 Universaliter
1228 2610 1388 2667 enim
1426 2608 1488 2663 in
1534 2607 1627 2662 his
1678 2621 1814 2678 quae
1858 2605 2030 2675 juxta
2069 2604 2171 2659 Dei
2208 2619 2358 2675 prae-

705 2710 946 2778 ceptum
985 2703 1264 2758 dicuntur
1303 2702 1407 2754 aut
1443 2696 1615 2761 ﬁunt,
1657 2693 2089 2750 offendiculum
2127 2696 2359 2764 oportet

704 2792 1010 2862 despicere
1040 2790 1134 2843 :in
1156 2788 1249 2843 his
1282 2792 1482 2842 autem
1513 2800 1649 2856 quas
1665 2784 1838 2854 juxta
1853 2781 2222 2836 voluntatem
2254 2797 2358 2835 no-

706 2887 909 2946 stram,
953 2875 1385 2934 offendiculum
1425 2887 1632 2929 curare
1661 2869 1956 2934 convenit,
1998 2874 2174 2941 prout
2211 2885 2356 2941 prae-

705 2969 860 3041 cepit
897 2970 1141 3039 Magnus
1181 2963 1451 3020 Basilius.

810 3060 961 3114 CAP.
990 3054 1237 3112 XXXVII.
1277 3054 1352 3110 De
1389 3049 1720 3108 dicentibus
1759 3065 1777 3103 :
1825 3049 1965 3116 Quis
2005 3047 2248 3118 major?

773 3164 921 3221 CAP.
967 3161 1156 3230 XVIII,
1210 3161 1367 3216 Vers.
1429 3159 1481 3214 1.
1539 3155 1613 3211 In
1670 3186 1736 3195 —
1777 3155 2100 3210 caelorum?
2137 3155 2353 3210 Huma-
2390 3169 2430 3226 ρ

701 3269 849 3310 num
889 3250 1181 3324 quiddam
1221 3245 1497 3318 discipuli
1535 3250 1678 3301 tunc
1715 3242 2111 3316 patiebantur.
2157 3242 2352 3298 Intuiti

701 3341 996 3414 siquidem
1039 3337 1427 3411 praepositum
1469 3334 1648 3390 fuisse
1680 3333 1941 3398 Petrum,
1983 3348 2125 3387 nam
2166 3336 2222 3386 et
2257 3332 2351 3387 Ja-

702 3431 891 3488 cobus
943 3425 1379 3501 primogenitus
1422 3429 1547 3480 erat
1590 3427 1644 3478 et
1691 3421 1790 3478 alii
1835 3439 1848 3476 :
1897 3421 2000 3475 sed
2041 3421 2188 3476 nihil
2237 3420 2351 3476 tale

701 3535 809 3591 pro
840 3520 922 3574 eis
953 3515 1116 3582 dixit,
1153 3515 1469 3571 doluerunt
1501 3527 1514 3566 :
1545 3516 1599 3568 et
1628 3515 1832 3567 tamen
1863 3509 2144 3566 affectum
2177 3526 2349 3564 suum

701 3605 970 3664 conﬁteri
997 3603 1380 3667 erubuerunt,
1420 3599 1524 3657 sed
1554 3597 1889 3654 indistincte
1919 3602 2349 3670 praeceptorem

699 3695 1086 3766 interrogant,
1117 3691 1396 3764 quisnam
1425 3688 1728 3745 maximus
1758 3691 1911 3743 esset
1939 3702 2166 3743 eorum.

769 3788 886 3842 Nec
924 3783 984 3840 id
1013 3781 1211 3839 solum
1242 3779 1524 3838 affectum
1556 3776 1717 3834 hunc
1747 3775 2129 3842 excitaverat,
2162 3776 2264 3832 sed
2293 3781 2350 3832 et

696 3876 812 3934 alia
839 3873 1046 3932 multa.
1076 3869 1226 3930 Nam
1254 3874 1311 3926 et
1339 3869 1502 3942 prius
1527 3883 1771 3940 quoque
1795 3865 2156 3922 beatiﬁcavit
2186 3882 2346 3930 eum,

694 3964 1006 4037 multaque
1029 3961 1108 4018 illi
1130 3958 1402 4033 promisit
1426 3975 1438 4012 :
1464 3956 1607 4014 alibi
1632 3956 1812 4012 etiam
1837 3955 1970 4011 visa
1994 3954 2152 4010 illius
2175 3953 2345 4010 liber-

696 4059 813 4112 tate
844 4050 1155 4108 subtristes
1191 4046 1377 4102 effecti
1411 4050 1569 4100 sunt.

767 4142 995 4197 Marcus
1024 4151 1166 4192 vero
1195 4133 1276 4189 ait
1305 4133 1372 4198 ³³,
1397 4131 1562 4204 quod
1591 4131 1854 4202 primum
1877 4130 2028 4186 inter
2055 4147 2116 4186 se
2145 4132 2347 4204 dispu-

695 4230 989 4291 taverant,
1021 4223 1157 4298 quis
1197 4219 1499 4278 maximus
1547 4223 1734 4285 esset;
1768 4222 1824 4274 et
1865 4217 2006 4273 huic
2055 4225 2347 4277 consonat

695 4318 881 4375 etiam
910 4318 1099 4372 Lucas
1126 4315 1199 4368 ³⁸.

765 4405 1123 4477 Priusquam
1152 4399 1312 4460 enim
1336 4399 1412 4457 ad
1434 4399 1674 4455 Petrum
1696 4397 2088 4456 accessissent
2110 4399 2217 4473 qui
2245 4399 2346 4457 di-

692 4495 986 4553 drachma
1013 4491 1388 4565 accipiebant
1416 4487 1782 4562 (simpliciter
1805 4488 1879 4545 de
1911 4504 1981 4544 eo
2011 4488 2344 4547 ratiocinati

690 4584 998 4643 fuerantin
1009 4583 1214 4639 itinere
1234 4595 1400 4648 ;cum
1414 4584 1615 4635 autem
1632 4579 2009 4650 Capernaum
2022 4579 2341 4650 venissent,

692 4675 797 4732 ubi
825 4674 1004 4732 etiam
1037 4673 1278 4729 Petrum
1309 4667 1606 4736 adierunt,
1638 4667 1742 4740 qui
1767 4667 2126 4724 didrachma
2151 4669 2344 4739 exige-

687 4763 876 4837 bant),
933 4769 1074 4820 tunc
1129 4760 1400 4817 videntes
1464 4773 1667 4814 rursus
1736 4757 1974 4813 Petrum
2030 4756 2344 4828 praehono-

687 4855 827 4923 rari,
859 4853 1056 4924 magis
1078 4850 1284 4907 irritati
1313 4853 1471 4917 sunt,
1497 4851 1555 4903 et
1577 4846 1660 4902 ita
1684 4845 1930 4902 demum
1951 4845 2344 4917 interrogave-

688 4947 848 5000 runt.

759 5073 807 5105 ”
834 5067 1007 5125 Marc.
1041 5081 1120 5132 rx,
1149 5065 1237 5121 34.
1385 5065 1434 5099 ’⁸
1466 5065 1602 5119 Luc.
1631 5076 1712 5129 Ix,
1739 5059 1828 5117 46.

2467 1880 2548 1949 ἦν,
2583 1880 2679 1936 δύο
2708 1879 3029 1955 διδράχμων
3056 1882 3314 1946 ἀντάξιος.

2538 2082 2720 2132 Σκόπει
2759 2075 2837 2144 δὲ,
2881 2087 2988 2139 πῶς
3044 2086 3132 2130 νῦν
3182 2081 3271 2151 μὲν
3315 2079 3410 2131 ούκ
3471 2077 3743 2138 ἠϐουλήθη
3789 2075 4033 2131 σκανδαλίι

2469 2188 2560 2221 σαι
2615 2171 2733 2228 τοὺς
2796 2163 3106 2236 Ἰουδαίους,
3163 2167 3396 2239 ἀλλαχοῦ
3452 2163 3511 2220 δὲ
3575 2173 3928 2244 κατεφρόνησε
3964 2174 4030 2218 τοῦ

2470 2253 2766 2309 σκανδάλου
2820 2264 2920 2308 τῶν
2974 2261 3292 2331 Φαρισαίων,
3344 2258 3427 2308 ὅτε
3468 2259 3586 2330 περὶ
3628 2265 3733 2310 τῶν
3780 2257 4031 2333 βρωμάτων

2469 2343 2503 2399 δ
2511 2346 2741 2418 ιε).έγετο.
2773 2342 3026 2398 Διδάσκει
3052 2348 3175 2420 γὰρ,
3217 2347 3298 2398 ὅτι
3337 2347 3460 2398 ποτε
3502 2348 3592 2419 μὲν
3621 2351 3738 2419 χρή
3786 2348 4029 2423 φροντίζειν

2467 2443 2558 2489 τοῦ
2616 2431 2935 2505 σκανδάλου,
2986 2438 3109 2487 ποτε
3163 2431 3222 2487 δὲ
3291 2442 3626 2509 καταφρονεῖν
3687 2437 3865 2502 αὐτοῦ,
3928 2433 4032 2506 μετὰ

2471 2522 2784 2600 διακρίσεως
2813 2521 2847 2576 δ
2851 2527 2872 2576 ε
2896 2530 3058 2576 ποιεῖν
3087 2526 3177 2577 κάὶ
3213 2531 3367 2577 τοῦτο
3395 2521 3619 2579 κάκεῖνο.

2537 2613 2800 2686 [Καθόλου
2830 2612 2940 2686 (58)
2968 2615 3069 2686 γὰρ
3119 2612 3201 2665 ἐπὶ
3247 2616 3338 2686 μὲν
3384 2620 3494 2676 τοῖς
3536 2613 3648 2668 κατ’
3681 2612 3875 2673 ἐντολὴν
3919 2617 4027 2665 Θεοῦ

2465 2703 2757 2776 λεγομένοις
2813 2703 2842 2761 ἢ
2919 2706 3291 2776 πραττομένοις
3363 2707 3475 2776 χρὴ
3554 2710 3878 2776 καταφρονεῖν
3950 2706 4025 2751 τοῦ

2467 2788 2762 2845 σκανδάλου
2820 2789 2903 2844 ἐπὶ
2957 2786 3016 2842 δὲ
3061 2799 3169 2852 τοῖς
3223 2793 3359 2844 κατὰ
3417 2797 3709 2865 προαίρεσιν
3771 2792 4022 2861 ἡμετέραν,

4099 2677 4101 2800 l

2462 2888 2715 2955 προσήκει
2798 2883 3090 2953 θεραπεύειν
3174 2885 3232 2933 τό
3320 2878 3629 2944 σκάνδαλον⁹
3693 2883 3753 2939 ὡς
3801 2879 3824 2929 ό
3871 2879 4020 2948 μέγας
4100 2907 4101 2912 η

2464 2970 2727 3030 Βασίλειος
2758 2965 2794 3022 δ
2800 2969 3056 3024 ιέστειλεν.
3083 2969 3101 3040 ]

2537 3066 2681 3113 ΚΕΦ.
2725 3060 2848 3112 AZ’.
2884 3063 3006 3132 Περὶ
3037 3067 3135 3110 τῶν
3165 3058 3427 3130 λεγόντων,
3469 3063 3563 3120 Τίς
3587 3063 3811 3131 μείζων;

2532 3148 2614 3200 Ἐν
2667 3179 2735 3190 --
2792 3147 3062 3220 ούρανώνς
3103 3148 3446 3221 ’Λνθρὼπινόν
3507 3168 3558 3200 τι
3627 3153 3748 3201 τότε
3807 3143 4022 3199 πεπόνθα-

2461 3257 2544 3290 σιν
2597 3240 2644 3290 oi
2705 3239 2960 3311 μαθηταί.
3019 3239 3337 3309 Θεασάμενοι
3401 3239 3498 3311 γὰρ
3549 3238 3923 3310 προτιμηθέντα
3955 3250 4021 3283 τον

2460 3330 2651 3400 Πέτρον
2687 3343 2699 3356 ·
2743 3331 2833 3379 καὶ
2878 3329 2979 3400 γὰρ
3038 3330 3128 3378 καὶ
3176 3325 3418 3387 Ἰάκωϐος
3473 3331 3801 3400 πρωτότοκος
3847 3321 3922 3389 ἦν,
3956 3325 4023 3372 καὶ

2459 3417 2621 3489 ἕτεροι
2655 3434 2667 3446 ·
2710 3415 2816 3468 ἀλλ’
2846 3412 2996 3468 οὐδὲν
3048 3422 3283 3467 τοιοῦτον
3335 3416 3462 3488 ὑπὲρ
3520 3417 3719 3467 τούτων
3769 3412 3896 3468 εἶπεν
3925 3432 3936 3443 ⁶
3961 3409 4025 3468 ἧλ-

2457 3525 2651 3578 γησαν,
2699 3511 2789 3558 καὶ
2847 3505 3193 3576 αἰσχύνονται
3246 3507 3335 3576 μὲν
3387 3503 3716 3576 ὁμολογῆσαι
3768 3509 3824 3556 τό
3871 3502 4021 3564 πάθος,

2459 3592 2771 3668 ἀδιορίστως
2801 3591 2859 3646 δε
2899 3597 2985 3646 τόν
3036 3589 3360 3646 διδάσκαλον
3390 3592 3642 3668 ἐρωτῶσι,
3684 3599 3766 3656 τίς
3793 3595 3890 3668 ἄρα
3933 3592 4023 3662 μεί-

2461 3687 2559 3747 ζων
2597 3681 2649 3745 EE
2675 3683 2841 3735 αὐτῶν
2855 3724 2868 3738 .

2528 3772 2602 3825 Οὐ
2635 3781 2786 3826 τοῦτο
2825 3768 2885 3824 δὲ
2913 3775 3083 3844 μόνον,
3119 3770 3245 3824 ἀλλά
3286 3776 3375 3824 καὶ
3406 3772 3551 3847 ἔτερα
3578 3771 3748 3825 πολλά
3785 3775 3841 3824 τό
3889 3769 4023 3824 πάθος

2457 3861 2680 3934 ἀνῆψαν.
2734 3866 2834 3915 Καὶ
2894 3864 2995 3934 γὰρ
3044 3865 3135 3913 καὶ
3202 3865 3446 3934 πρότερον
3500 3859 3816 3936 ἐμακάρισεν
3879 3859 4021 3920 αὐτὸν,

2455 3956 2544 4004 καὶ
2598 3950 2799 4024 μεγάλα
2845 3953 3011 4022 τούτῳ
3073 3949 3437 4021 ἐπηγγείλατο,
3497 3954 3588 4002 καὶ
3639 3955 3738 4009 τὴν
3794 3950 3938 4007 ἄλλην
3980 3939 4024 3995 δὲ

2455 4041 2754 4116 παρρησίαν
2790 4039 2950 4092 αὑτοῦ
2979 4037 3268 4112 βλέποντες,
3303 4038 3695 4112 παρεκνίζοντο.

2525 4131 2734 4201 Μάρκος
2773 4125 2833 4181 δέ
2863 4147 3041 4200 φησιν,
3084 4129 3162 4180 ὅτι
3220 4131 3349 4202 πρὸς
3403 4127 3613 4189 ἑαυτοὺς
3659 4129 3779 4202 (59)
3831 4123 4022 4194 διελογί-

2455 4219 2623 4285 ζοντο,
2674 4222 2755 4280 τίς
2806 4218 3021 4290 μείζων.
3059 4219 3234 4288 Τούτῳ
3267 4212 3328 4270 δὲ
3364 4213 3580 4290 συνᾴδει
3621 4222 3714 4270 καὶ
3747 4220 3774 4271 ό
3827 4218 4018 4272 Λουκᾶς-

2525 4421 2632 4494 Πρὸ
2663 4422 2752 4493 μὲν
2785 4420 2886 4491 γὰρ
2934 4425 3024 4470 τοῦ
3054 4415 3288 4489 ἐντυχεῖν
3336 4427 3410 4490 τῷ
3460 4422 3636 4491 Πέτρῳ
3677 4419 3789 4492 (60)
3831 4418 3937 4475 τοὺς
3970 4411 4023 4461 τὰ

2455 4507 2741 4584 δίδραχμα
2813 4506 3186 4579 λαμϐάνοντας,
3257 4505 3617 4579 διελογίσαντο
3683 4513 3798 4582 περὶ
3859 4504 4020 4556 τούτου

2453 4601 2588 4653 κατὰ
2626 4602 2720 4656 τήν
2763 4593 2885 4649 ὁδόν
2929 4595 3102 4657 ἁπλῶς
3127 4615 3142 4628 ο
3183 4593 3406 4657 ἐλθόντες
3456 4593 3515 4649 δὲ
3559 4597 3632 4660 εἰς
3684 4592 4016 4665 Καπερναούμ,

2453 4689 2501 4742 ἓν
2594 4691 2683 4740 καί
2723 4695 2795 4759 τῷ
2827 4690 3002 4759 Πέτρῳ
3031 4684 3327 4760 προσῆλθον
3381 4689 3430 4738 οἱ
3479 4689 3545 4740 τὰ
3595 4683 3862 4760 δίδραχμα
3895 4677 4015 4746 λαμ-

2453 4778 2709 4842 ϐάνοντες,
2741 4779 2831 4828 καὶ
2874 4771 3072 4837 ἰδόντες
3107 4780 3290 4827 τοῦτον
3333 4777 3410 4828 ἔτι
3439 4777 3815 4850 προτιμηθέντα
3849 4763 4019 4842 μᾶλλον

2453 4867 2809 4940 ἠριθίσθησαν
2835 4885 2848 4899 ·
2881 4869 2971 4918 καὶ
3008 4867 3123 4917 τότε
3146 4862 3325 4918 λοιπόν
3356 4865 3660 4938 ἠρώτησαν.

1909 5213 2129 5283 Variae
2154 5214 2482 5286 lectiones
2511 5225 2579 5286 et
2619 5227 2825 5287 notae.

760 5361 873 5502 (57g
905 5359 1027 5411 ’Ὁτι
1057 5359 1284 5431 κυριεύει
1314 5363 1405 5416 τῆς
1433 5354 1705 5418 θαλάσσης

761 5433 850 5502 (58
905 5429 1140 5486 Inclusa
1171 5427 1394 5502 omittit
1423 5431 1489 5502 ᾼ.
1553 5501 1562 5502 7

761 5427 873 5503 (58)
905 5427 1140 5486 Inclusa
1170 5427 1394 5503 omittit
1423 5431 1489 5503 ᾼ.

755 5496 868 5574 (59)
900 5504 1123 5574 Marcus
1170 5496 1729 5574 habet§_zs).ézenm.
1785 5500 1950 5557 Unde
1998 5516 2140 5572 ergo
2162 5496 2334 5574 διελο.

684 5571 930 5649 γίξοντο;
963 5571 1195 5649 Scilicet
1225 5586 1297 5626 ex
1340 5571 1643 5649 Chrysost.
1676 5576 1716 5628 t.
1770 5574 1880 5649 VII,
1929 5588 1988 5643 p.
2028 5573 2336 5649 587_B.__I_£x

685 5643 755 5704 eo
785 5643 1097 5717 occupavit
1113 5644 1291 5699 etiam
1308 5643 1544 5717 codices
1569 5643 1889 5717 nonnullos
1907 5660 2044 5698 cum
2067 5643 2328 5717 scholiis.

687 5714 1037 5792 Euthymius
1068 5716 1194 5788 ipse
1224 5716 1530 5786 vulgatum
1573 5715 1755 5772 habet
1784 5714 1845 5768 in
1877 5721 2033 5771 textu
2062 5716 2254 5773 Marci.

2521 5360 2636 5431 (60)
2663 5361 2723 5414 In
2742 5359 2942 5431 codice
2959 5356 3230 5431 Hentenii
3254 5357 3522 5431 videntur
3537 5354 3745 5431 omnia
3763 5346 4016 5431 αἱ).ἰυὶφῇ

2449 5446 2486 5487 a
2519 5417 2704 5512 héflpop‘
2735 5429 2816 5513 ad
2853 5430 3194 5513 proximum
3227 5433 3425 5504 Πέτρῳ.
3478 5426 3728 5508 Ergo.in
3760 5417 4018 5513 principis

2449 5518 2578 5574 pro,
2603 5496 2747 5559 ét'id
2771 5496 2998 5574 quidem
3026 5496 3391 5574 priusquam,
3425 5496 4015 5574 correxi,_priusqu{1§1

2447 5553 2622 5657 sua.
2653 5553 2795 5657 ρυεξ
2820 5553 3517 5657 αιῑίέεαῆεειξεεῖέιίξιι·ίί
3530 5553 3824 5636 autem,
3844 5553 3912 5620 ea
3935 5553 4017 5614 ad-

2445 5646 2589 5714 didi,
2614 5651 2670 5702 et
2698 5652 2853 5712 ante,
2885 5651 3046 5708 tunc,
3080 5644 3326 5710 exclusi,
3367 5649 3528 5702 sunt.
