4186 6318
140 339 251 395 497

221 470 330 517 Καὶ
375 457 605 513 δοκοῦσι
633 455 722 526 μὲν
751 449 1035 524 ἐρωτῆσαι,
1066 448 1185 516 περὶ
1229 441 1288 494 οὗ

141 557 264 607 ἔστι
296 548 357 604 δὲ
386 554 562 606 τοῦτο,
606 545 704 595 Καὶ
731 541 858 613 γὰρ,
892 538 971 589 ὅτι
1002 537 1090 607 μεν
1131 531 1213 584 ἐπὶ
1261 537 1356 588 τῆς
1384 534 1482 599 γῆς
1514 525 1539 575 ὁ
1572 526 1763 594 Πέτρος

140 644 533 716 προτετίμηται
566 634 785 698 τούτων,
818 624 1015 702 ᾔδεσαν
1048 622 1100 685 ἐξ
1130 622 1197 672 ὧν
1242 618 1466 672 ἔϐλεπον·
1501 611 1764 666 ἐϐούλοντο

142 730 206 785 δὲ
236 732 443 804 μαθεῖν,
462 722 511 776 εἰ
536 725 634 773 καί
660 720 711 773 ἐν
739 718 938 791 οὐρανῷ
962 711 1260 786 προτιμηθὴ
1272 726 1437 759 σεται.
1469 702 1627 756 ’Λλλά
1654 704 1767 752 τότε

1503 796 1512 804 .
1622 788 1691 804 »μ
1722 793 1731 803 .

141 825 233 894 μὲν
267 818 534 888 ἤλγησαν,
572 815 764 883 τέγειοι
794 804 853 862 δὲ
884 808 1164 878 γενόμενοι,
1196 806 1294 852 τῶν
1320 796 1582 870 πρωτείων
1614 788 1765 846 ἀλλή-

141 912 249 970 λοις
282 908 676 978 παρεχώρουν.

216 1145 329 1196 Καὶ
388 1167 463 1178 ——
511 1135 713 1189 αὐτῶν.
749 1133 963 1203 Μάρκος
1009 1121 1066 1178 δε
1110 1140 1286 1196 φησιν,
1341 1118 1420 1170 ὅτι
1469 1117 1569 1168 Καὶ
1621 1111 1771 1181 ἐναγ-

141 1232 509 1303 καλισάμενος
586 1224 736 1289 αὐτὸ,
815 1218 948 1273 εἶπεν
1007 1214 1198 1272 αὐτοῖς’
1262 1212 1469 1266 Λουκᾶς
1535 1198 1612 1267 δὲ,
1693 1202 1775 1252 ὅτι

143 1324 418 1378 Ἐστησεν
455 1316 587 1369 αὐτὸ
630 1311 754 1386 παρ’
800 1309 985 1375 ἑαυτῷ.
1023 1304 1196 1356 [Ιοὶντα
1240 1295 1298 1351 δὲ
1334 1299 1597 1369 γεγόνασι.
1633 1297 1778 1363 Πρῶο

150 1432 243 1465 τον
305 1412 399 1483 μὲν
454 1409 561 1480 γὰρ
622 1405 838 1459 ἔστησεν
906 1394 1030 1447 αὐτὸ
1091 1390 1137 1442 ἐν
1195 1391 1337 1461 μέσῳ
1385 1384 1577 1436 αὐτῶν·
1646 1374 1773 1441 εἶτα,

993 1482 1001 1483 κ
1266 1476 1277 1483 .
1324 1478 1331 1483 .
1421 1479 1451 1483 _
1503 1469 1539 1483 ,κ
1730 1463 1763 1483 ρ..

153 1499 282 1574 παρ’
333 1498 526 1566 ἐαυτῷ,
590 1494 763 1545 ἔπειτα
802 1482 1177 1556 ἐνηγκαλίσατο
1217 1476 1361 1528 αὐτὸ.
1421 1469 1664 1524 Βούλεται

234 1555 243 1574 Ι
476 1555 483 1566 I
512 1555 522 1562 σ
900 1555 903 1556 ,

158 1588 255 1643 διὰ
288 1595 383 1643 τοῦ
419 1585 563 1638 κατὰ
614 1583 670 1634 τὸ
706 1573 919 1631 παιδίον
963 1567 1393 1643 παραδείγματος
1440 1555 1777 1613 καταστεῖλαι

156 1683 215 1731 τὸ
248 1681 320 1735 πή
333 1678 423 1736 θος
455 1672 649 1726 αὐτῶν.

1130 310 1493 374 COMMENT.
1535 310 1606 364 IN
1644 300 2073 363 MATTHEUM.
2111 330 2178 339 -
2209 296 2364 353 CAP.
2408 293 2609 350 XVIII.

1332 438 1627 510 ἐγίνωσκον·
1666 430 1760 484 οὐκ

1944 425 2235 481 Videntur
2263 426 2463 480 autem
2493 418 2569 473 de
2596 432 2661 472 eo
2690 415 3057 484 interrogare
3082 408 3244 482 quod
3269 407 3397 478 jam
3426 420 3536 461 no-

1872 518 2098 583 verant,
2128 529 2253 569 non
2286 517 2489 566 tamen
2520 509 2606 563 est
2662 504 2761 561 ita.
2815 501 3123 576 Siquidem
3153 514 3225 554 ex
3254 497 3348 554 his
3395 510 3532 569 quae

1873 604 2177 669 videbant,
2203 599 2470 657 sciebant
2494 594 2660 669 quod
2691 592 2752 648 in
2778 596 2933 649 terra
2972 592 3179 646 Petrus
3242 587 3353 642 sibi
3386 600 3535 658 prte-

1874 698 2232 765 poneretur;
2283 686 2566 744 volebant
2615 687 2821 739 autem
2887 682 3053 746 scire,
3124 682 3321 733 utrum
3365 675 3534 732 etiam

1874 764 1935 839 in
1965 781 2115 838 coelo
2165 772 2678 852 prsehonorandus
2720 775 2891 829 esset.
2945 769 3059 827 Sed
3094 771 3235 823 tunc
3287 764 3536 837 quidem

3433 279 3537 335 498

1879 871 1952 927 de
1980 870 2074 926 his
2099 850 2387 924 dolebant
2422 878 2668 921 :verum
2713 859 3106 933 postmodum
3158 870 3298 910 cum
3345 850 3537 909 effecti

1881 964 2075 1017 essent
2124 955 2381 1031 perfecti,
2405 954 2633 1028 primos
2672 950 2929 1007 honores
2967 945 3224 1003 invicem
3251 940 3537 1000 concede-

1886 1050 2060 1106 bant.

1954 1140 2117 1195 Vers.
2172 1140 2225 1193 2.
2268 1138 2342 1192 Et
2393 1164 2462 1175 —
2506 1133 2761 1188 illorum.
2799 1131 3029 1187 Marcus
3072 1126 3274 1180 autem
3319 1120 3417 1177 ait.
3460 1120 3539 1174 Et

1884 1229 2256 1298 amplexatus
2282 1226 2451 1281 illum
2472 1221 2625 1279 dixit
2650 1220 2731 1277 eis
2751 1220 2799 1254 ’⁸
2830 1235 2843 1286 ;
2873 1218 3061 1271 Lucas
3077 1227 3214 1268 vero
3234 1208 3399 1282 quod
3417 1208 3542 1263 Sta-

1887 1294 1996 1374 tuit
2029 1332 2159 1374 eum
2175 1318 2356 1384 juxta
2385 1327 2443 1369 se
2468 1313 2537 1366 ³⁸.
2578 1307 2793 1367 Omnia
2818 1308 3018 1362 autem
3049 1302 3206 1379 facta
3235 1300 3391 1354 sunt.
3417 1294 3541 1351 Pri-

1886 1423 2055 1462 mum
2070 1404 2366 1477 siquidem
2380 1399 2587 1457 statuit
2599 1413 2739 1455 eum
2756 1395 2817 1451 in
2829 1393 3027 1450 medio
3041 1390 3280 1446 illorum
3298 1404 3311 1453 ;
3328 1384 3543 1441 deinde

1881 1498 2054 1569 juxta
2084 1473 2165 1561 se,
2208 1490 2602 1565 postmodum
2646 1485 3024 1557 amplexatus
3053 1483 3142 1536 est
3179 1477 3368 1533 illum.
3412 1473 3546 1529 Vult

1885 1591 2086 1643 autem
2118 1599 2216 1656 per
2236 1579 2578 1652 exemplum
2593 1576 2666 1633 de
2688 1589 2875 1648 puero
2900 1570 3112 1626 sedare
3130 1568 3292 1624 hunc
3306 1564 3544 1621 illorum

1885 1675 2161 1731 affectum
2178 1717 2190 1730 .

242 1770 347 1822 Καὶ
379 1793 449 1804 --
482 1762 734 1833 οὐρανῶν,
771 1754 934 1827 Ὑμεῖς
964 1752 1053 1823 μὲν
1081 1751 1197 1821 περὶ
1229 1751 1319 1796 τοῦ
1362 1740 1410 1792 ἐν
1437 1746 1497 1811 τῇ
1533 1733 1776 1809 βασιλεία

1957 1766 2113 1819 Vers.
2164 1766 2221 1818 3.
2269 1761 2348 1816 Et
2387 1790 2453 1798 -
2498 1756 2809 1814 caelorum.
2874 1752 2987 1806 Vos
3024 1744 3269 1820 quidem
3310 1743 3383 1799 de
3432 1742 3544 1815 pri-

164 1866 270 1908 τῶν
316 1854 554 1927 οὐρανῶν
587 1849 835 1923 πρωτείου
866 1836 1204 1894 πυνθάνεσθε·
1258 1832 1355 1902 ἐγὼ
1386 1825 1444 1882 δε
1470 1827 1602 1898 λέγω
1633 1825 1774 1895 ὑμῖν,

166 1949 272 2013 ὃτι,
310 1945 399 1999 ἐὰν
431 1946 504 2014 μὴ
547 1943 807 2011 στραφῆτε
838 1931 939 1984 ἀπὸ
970 1935 1066 1987 τῆς
1094 1926 1344 1995 πονηρίας
1378 1918 1459 1970 ἐπὶ
1489 1919 1547 1967 τὸ
1580 1913 1776 1967 ἀπονη-

165 2057 281 2113 ρον,
330 2038 418 2086 καὶ
450 2029 677 2102 γένησθε
718 2026 927 2089 ἄκακοι,
959 2021 1028 2079 ὡς
1056 2018 1121 2068 τὰ
1149 2007 1361 2075 παιδία,
1412 2002 1536 2059 οὐδε
1567 1999 1781 2055 εἰσελεύ-

173 2126 332 2179 σεσθε
371 2121 495 2180 ὅλως
528 2117 647 2189 (61)
678 2116 747 2175 εἰς
780 2110 965 2168 αὐτὴν.

243 2218 314 2266 Τὸ
368 2214 471 2282 γὰρ
551 2200 770 2259 παιδίον
828 2198 938 2253 ἐστὶ
1008 2198 1096 2268 μέν
1166 2189 1379 2257 ἁπλοῦν,
1458 2182 1782 2256 ἀπερίεργον,

170 2298 499 2365 ακενόδοξον,
557 2295 774 2366 ἄτυφον·
825 2286 1148 2346 ἀπήλλακται
1207 2276 1265 2332 δέ
1326 2275 1639 2350 βασκανίας,
1699 2271 1783 2320 καὶ

162 2391 516 2454 ζηλοτυπίας,
566 2388 658 2438 καὶ
689 2380 1082 2455 φιλοπρωτείας,
1128 2373 1218 2423 καὶ
1263 2363 1457 2443 ἔριδος,
1486 2365 1575 2414 καὶ
1617 2357 1785 2417 ἁπλῶς

162 2483 339 2547 εἰπεῖν,
399 2474 679 2549 ἐλεὺθερόν
748 2469 861 2522 ἐστι
911 2466 1098 2523 παντὸς
1149 2458 1511 2533 προαιρετικοῡ
1564 2449 1783 2511 πάθονς,

162 2572 256 2624 οὐκ
327 2568 378 2632 ἐξ
447 2566 766 2626 ἀσκήσεως,
823 2554 931 2608 ἀλλ’
987 2552 1039 2615 ἐξ
1096 2548 1347 2621 ἀφελείας.
1422 2544 1482 2593 Εἴ
1547 2558 1627 2599 τις
1698 2535 1785 2586 οὖν

169 2660 424 2732 ἀπέχεται
494 2662 605 2707 τῶν
658 2651 1033 2724 προαιρετικών
1095 2639 1297 2704 παθῶν,
1348 2637 1549 2704 γίνεται
1601 2629 1665 2685 ὡς
1722 2625 1788 2675 τὰ

1155 2727 1170 2732 ‘
1309 2722 1320 2732 '
1551 2720 1561 2731 ι
1707 2709 1752 2732 θ’
1781 2731 1784 2732 ,

172 2709 353 2732 "MN,
700 2709 709 2724 _
822 2709 830 2720 _

171 2746 382 2812 παιδία,
412 2751 688 2816 κτώμενος
718 2734 791 2790 δι’
819 2734 1115 2791 ἀσκήσεως,
1143 2727 1271 2797 ἅπερ
1300 2722 1490 2795 έχουσι
1509 2720 1575 2770 τὰ
1595 2709 1789 2768 παιδία

173 2840 224 2903 ἐξ
252 2837 521 2911 ἀφελείας.

294 2890 336 2911 ,κ
476 2890 494 2897 -

239 2928 429 2986 Ὀστις
488 2951 561 2963 ο-
611 2918 859 2994 οὖρανῶν.
916 2908 1101 2967 Ὅστις
1154 2903 1269 2957 λίαν
1323 2899 1614 2966 ταπεινώσῃ
1674 2890 1791 2943 ἑαυ-

179 3022 267 3070 τὸν
300 3016 583 3076 ἑκουσίως,
635 3011 697 3067 ὡς
734 3007 792 3057 τὸ
835 2996 1049 3054 παιδίον
1080 3001 1231 3047 τοῦτο
1269 2990 1379 3042 λίαν
1426 2987 1792 3038 τεταπείνωται

1885 1857 2049 1909 matu
2082 1851 2143 1906 in
2173 1864 2356 1919 regno
2399 1846 2686 1902 caelorum
2736 1838 3153 1907 interrogatis;
3187 1848 3295 1904 ego
3343 1836 3544 1886 autem

1888 1943 2020 1998 dico
2053 1938 2221 1995 vobis
2253 1935 2438 2009 quod,
2470 1933 2584 1991 nisi
2617 1927 2885 1988 conversi
2918 1924 3142 1982 fueritis
3172 1938 3207 1978 a
3259 1922 3546 1992 pravitate

1889 2030 1965 2087 ad
1996 2027 2413 2091 sinceritatem,
2442 2026 2499 2079 et
2526 2016 2874 2078 efﬁciamini
2894 2014 3243 2071 innocentes
3272 2012 3335 2065 ut
3360 2005 3544 2080 pueri,

1890 2122 1951 2176 in
1981 2117 2120 2173 illud
2151 2113 2398 2172 omnino
2424 2127 2545 2168 non
2575 2103 3013 2181 ingrediemini.

1963 2210 2119 2272 Puer
2145 2206 2443 2281 siquidem
2470 2206 2558 2258 est
2586 2196 2859 2269 simplex,
2886 2208 3007 2249 non
3034 2188 3326 2253 curiosus,
3354 2200 3551 2257 neque

1896 2321 2065 2364 vanae
2092 2273 2297 2377 gloriae
2327 2291 2603 2365 cupidus,
2632 2287 2755 2342 sine
2787 2284 2957 2349 fastu,
2989 2280 3140 2336 liber
3168 2283 3252 2334 est
3282 2280 3338 2332 et
3366 2273 3444 2330 ab
3468 2273 3554 2329 in-

1894 2395 2073 2458 vidia,
2119 2384 2519 2445 zemulatione,
2554 2378 2646 2433 sui
2675 2389 2897 2436 amore,
2931 2366 3328 2434 contentione,
3362 2368 3437 2427 et,
3490 2367 3555 2417 ut

1896 2481 2080 2540 semel
2104 2480 2324 2544 dicam,
2357 2470 2588 2528 solutus
2620 2468 2710 2521 est
2738 2462 2816 2519 ab
2845 2458 3009 2516 omni
3037 2453 3374 2511 voluntario
3414 2450 3553 2506 affe-

1895 2578 2010 2638 ctu,
2053 2585 2175 2626 non
2201 2581 2305 2640 per
2335 2558 2696 2625 exercitium,
2725 2551 2829 2609 sed
2855 2564 2961 2623 per
2990 2544 3455 2617 simplicitatem.
3497 2540 3554 2595 Si

1895 2661 2030 2734 quis
2091 2672 2233 2727 ergo
2282 2645 2618 2709 discesserit
2655 2660 2691 2699 a
2726 2636 3082 2697 voluntariis
3123 2627 3554 2697 affectionibus,

1896 2750 2180 2809 efﬁcietur
2210 2745 2361 2801 sicut
2388 2736 2579 2812 pueri,
2609 2730 2845 2789 habens
2875 2741 2983 2799 per
3011 2720 3358 2780 exercitium
3387 2716 3555 2790 quod

1897 2840 2122 2898 habent
2149 2831 2320 2908 pueri
2350 2843 2455 2902 per
2486 2820 2954 2895 simplicitatem.

1969 2896 2219 2985 Vera-4.
2258 2896 2528 2991 Quisquis
2557 2942 2626 2956 --
2654 2909 2952 2966 caelorum.
2986 2899 3256 2972 Quisquis
3285 2896 3554 2953 volunta-

1899 3021 1983 3077 rie
2027 3017 2291 3088 seipsum
2322 3005 2704 3065 vehementer
2746 2991 3044 3068 dejecerit,
3077 2989 3227 3045 sicut
3255 3001 3404 3059 puer
3450 2984 3560 3039 iste

185 3106 473 3165 ἀκουσίως.
534 3102 645 3173 Χρὴ
693 3097 793 3168 γὰρ
838 3088 1114 3164 μιμεῖσθαι
1157 3086 1215 3135 τὸ
1260 3074 1493 3140 παιδίον,
1533 3075 1559 3125 ὅ
1605 3069 1792 3129 πολλὰς

798 3180 809 3183 -
922 3181 928 3183 .
1026 3174 1036 3183 .
1084 3174 1095 3183 .
1185 3167 1242 3183 ...
1342 3174 1364 3182 η
1483 3166 1492 3181 ,
1759 3162 1769 3175 ,

1912 3124 2026 3165 non
2072 3069 2402 3162 voluntarie
2427 3090 2810 3150 vehementer
2849 3083 3113 3155 dejectus
3142 3080 3229 3133 est
3260 3093 3274 3127 :
3331 3076 3565 3146 oportet

2637 3179 2646 3183 -
2723 3177 2755 3183 ..
2836 3173 2847 3183 .
3120 3182 3127 3183 ί
3342 3160 3561 3183 wn,“

186 3199 329 3269 ἔχον,
377 3194 448 3254 ὡς
507 3191 733 3263 εἴρηται,
791 3180 972 3254 ἀρετὰς
1019 3174 1095 3227 ἐπ’
1144 3167 1369 3243 οὐδεμιᾷ
1410 3166 1602 3217 τούτων
1650 3166 1794 3212 επαί-

193 3304 348 3358 ρετ-αι.

268 3376 368 3424 Καὶ
395 3401 463 3411 -
499 3364 738 3436 δέχεται.
777 3361 874 3412 Καὶ
917 3355 1058 3413 ὅστις
1087 3353 1149 3403 ἄν
1195 3342 1523 3415 ξενοδοχήση
1578 3334 1792 3391 παιδίον

198 3466 420 3512 τοιοῦτον
480 3460 552 3521 ἓν,
611 3452 715 3504 οἷον
775 3446 933 3512 εἷπον,
991 3444 1175 3513 ἤγουν,
1227 3438 1312 3488 ἕνα
1359 3433 1477 3485 τινὰ
1508 3431 1794 3500 γενόμενον,

205 3552 267 3608 ὡς
309 3543 521 3600 παιδίον
574 3546 827 3599 τοιοῦτον,
882 3535 1011 3604 λέγω
1063 3526 1129 3588 δὴ
1180 3525 1435 3588 ταπεινὸν,
1480 3520 1567 3569 καὶ
1597 3513 1794 3577 εὐτελῆ,

205 3641 291 3689 καὶ
313 3635 703 3711 ἀπερριμμένον,
735 3630 805 3679 Τὸ
834 3620 911 3688 δὲ,
941 3621 1025 3673 ἐπὶ
1054 3625 1127 3688 τῷ
1159 3616 1371 3686 ὀνόματί
1403 3628 1524 3681 μου,
1549 3604 1663 3657 ἀντι
1682 3610 1794 3668 τοῦ,

212 3723 243 3777 δ
250 3726 280 3776 ι’
310 3725 411 3798 ἐμὲ,
439 3720 536 3776 διὰ
562 3722 619 3771 τὸ
658 3714 786 3770 εἶναι
820 3716 906 3767 τὸν
935 3716 1168 3762 τοιοῦτον
1195 3703 1334 3775 ἐμὸν,

284 3918 417 3991 Ὀρα
446 3914 522 3987 δε,
555 3917 715 3967 πόσον
763 3908 894 3981 φιλιί
932 3908 1019 3957 τὸν
1056 3905 1312 3954 τοιοῦτον.
1365 3894 1423 3945 Ὀ
1468 3898 1645 3944 τοῦτον
1676 3889 1799 3959 γὰρ,

223 4012 370 4081 φησὶ,
425 4003 705 4077 δεχόμενος
746 3979 832 4071 ἐμὲ
882 3992 1120 4065 δέχεται⁹
1163 3988 1377 4059 Μάρκος
1433 3981 1491 4035 ὁὶ
1540 3979 1803 4053 προσέθη-

222 4118 325 4164 κεν,
355 4096 431 4149 ὃτι
466 4099 566 4149 Καὶ
596 4093 649 4154 ὅς
678 4091 762 4142 ἐὰν
793 4088 879 4161 ἐμὲ
907 4080 1143 4148 δέξηται,
1177 4076 1271 4130 οὐκ
1302 4071 1390 4147 ἐμὲ
1417 4068 1652 4143 δέχεται,
1680 4065 1809 4118 αλλά

224 4190 311 4240 τὸν
338 4182 702 4239 ἀποστείλαντά
731 4196 812 4251 με.

295 4276 438 4329 Ἐστι
490 4270 549 4327 δὲ
603 4272 628 4323 ὁ
678 4274 795 4328 νοῦς
852 4271 952 4315 τῶν
1004 4259 1129 4312 ὃλων
1188 4256 1357 4331 ῥητῶν
1425 4254 1674 4310 τοιοῦτος,
1733 4244 1813 4296 ὅτι

224 4366 314 4427 ’ος
361 4367 418 4417 ἄν
471 4358 795 4422 ὑποδέξηται
844 4355 930 4405 τὸν
1003 4351 1268 4420 γενόμενον
1326 4345 1391 4404 ὡς
1446 4334 1678 4401 παιδίον,
1740 4330 1812 4386 δι’

226 4454 408 4508 ἐκείνου
460 4457 549 4526 μέν
604 4448 690 4521 ἐμὲ
737 4438 1079 4513 ὑποδέχεται,
1135 4432 1208 4488 δι’
1263 4432 1387 4505 ἐμοῦ
1443 4426 1502 4481 δε
1554 4429 1640 4479 τὸν
1692 4421 1814 4475 ἁπο-

226 4514 489 4599 στείλαντα
544 4514 865 4613 με’Πατέρα
911 4548 1030 4602 μου.
1085 4526 1145 4577 Ὀ
1194 4526 1279 4575 αεν
1309 4518 1409 4594 ’γὰρ
1448 4520 1629 4588 Πατὴρ
1662 4514 1816 4565 οἰκει-

223 4641 369 4687 οῦταὶ
413 4637 508 4691 τὴν
560 4628 627 4688 εἰς
671 4625 761 4698 ἐμὲ
807 4622 985 4693 τιμὴν,
1037 4614 1135 4687 ἐγὼ
1186 4608 1244 4664 δὲ
1293 4615 1388 4667 τὴν
1436 4607 1501 4666 εἰς
1542 4607 1629 4656 τὸν
1680 4604 1820 4671 γενό-

229 4743 368 4794 μενον
401 4726 469 4782 ὡς
497 4713 734 4771 παιδίον.

299 4816 363 4863 Ti.
407 4810 491 4861 οὖν
541 4806 929 4878 μακαρίὼτερον
984 4795 1226 4849 τοιαύτης
1282 4781 1583 4855 ὑποδοχῆς,
1635 4776 1707 4831 δι’
1766 4778 1824 4836 ἧς

237 4895 553 4968 ὐποδέχεταί
597 4911 676 4952 τις
724 4894 818 4947 τὴν
864 4888 1124 4959 μακαρίαν
1171 4872 1415 4951 Τριάδάῐ
1469 4870 1530 4923 Εἰ
1578 4866 1679 4939 γὰρ
1738 4868 1825 4918 τὸν

240 4988 359 5040 Υἱόν
408 4989 496 5037 καὶ
550 4985 635 5034 τὸν
693 4980 918 5050 Πατέρα,
974 4975 1179 5031 παντως
1236 4971 1326 5019 καὶ
1391 4965 1449 5015 τὸ
1507 4965 1716 5030 Πνεῦμα
1768 4958 1826 5007 τὸ

242 5075 388 5146 ἅγιον
424 5073 556 5147 (62)’
608 5041 913 5143 ἀχώριστος
954 5065 1055 5135 γὰρ
1100 5061 1131 5118 ἡ
1188 5059 1302 5110 θεία
1343 5052 1524 5126 Τριάς.
1572 5047 1731 5100 Οὔπω
1772 5041 1831 5096 δε

243 5167 420 5240 καιρὸς
473 5159 533 5221 ἦν
600 5162 892 5218 τηνικαῦτα
942 5134 1159 5213 διδάξαι
1215 5149 1305 5197 καὶ
1356 5143 1472 5214 περὶ
1527 5144 1618 5191 τοῦ
1676 5134 1830 5206 ἁγίου

246 5257 549 5327 Πνεύματος.

309 5432 353 5467 ³⁵
379 5432 555 5488 Marc.
589 5442 671 5493 1x,
700 5428 790 5481 36.
818 5422 867 5458 ²⁶
892 5420 1011 5476 Luc
1032 5434 1112 5483 ix,
1142 5418 1230 5475 47.
1262 5413 1307 5449 ²“¹
1337 5409 1515 5467 Marc.
1541 5421 1620 5473 1x,
1649 5404 1743 5461 37.

1908 3197 2089 3261 enim,
2125 3196 2185 3247 ut
2221 3189 2451 3245 dictum
2496 3184 2607 3248 est,
2634 3173 2851 3234 imitari
2889 3182 3163 3243 puerum,
3194 3163 3296 3237 qui
3342 3160 3563 3216 multas

1905 3252 2131 3343 habens
2156 3280 2420 3341 virtutes,
2446 3271 2525 3327 ob
2550 3267 2781 3325 nullam
2801 3261 3039 3317 illarum
3066 3252 3383 3310 extollitur.

1975 3335 2138 3427 ῧὲὲέ.
2187 3372 2235 3422 5.
2284 3365 2361 3420 Et
2405 3335 2475 3402 λ-
2514 3354 2763 3425 εαειίρίι.
2814 3351 2882 3404 Et
2926 3346 3269 3418 quicunque
3311 3335 3565 3408 hospitio

1907 3424 2201 3530 exceperit
2233 3466 2423 3510 unum
2453 3446 2634 3506 talem
2665 3424 2919 3514 puerum
2950 3432 3193 3506 qualem
3220 3427 3382 3491 dixit,
3411 3424 3567 3479 vide-

1904 3554 2040 3609 licet
2056 3512 2261 3604 runum
2309 3540 2565 3611 aliquem
2612 3512 2837 3588 factum
2867 3525 3017 3580 sicut
3053 3519 3185 3577 talis
3215 3531 3384 3589 puer,
3433 3512 3567 3568 dico

1906 3598 2049 3700 sane
2072 3598 2385 3701 humilem,
2408 3598 2591 3683 vilem
2621 3624 2676 3676 et
2705 3616 3025 3688 abjectum.
3054 3606 3223 3675 Quod
3248 3607 3448 3660 autem
3485 3598 3571 3657 di-

1909 3734 2005 3796 cit,
2052 3728 2115 3783 in
2159 3721 2387 3779 nomine
2416 3730 2556 3780 meo,
2600 3711 2718 3767 hoc
2764 3709 2871 3770 est,
2912 3705 3158 3774 propter
3184 3712 3290 3759 me,
3347 3695 3403 3748 et
3430 3690 3574 3762 quia

1910 3820 2043 3878 talis
2070 3820 2161 3872 est
2190 3826 2377 3868 meus.

1981 3866 2310 3971 ﬁde—ergo
2353 3896 2651 3969 quantum
2688 3884 2866 3942 talem
2905 3880 3082 3934 amet.
3129 3877 3317 3938 Hunc,
3360 3866 3579 3946 inquit,

1915 3994 2265 4067 suscipiens,
2288 3957 2395 4043 me:
2412 3978 2680 4051 suscipit.
2706 3975 2935 4030 Marcus
2962 3980 3104 4022 vero
3130 3960 3393 4020 addidit:
3421 3957 3578 4024 Quis-

2642 4066 2645 4067 ν
3173 4053 3183 4063 .
3235 4050 3265 4067 .,
3312 4064 3327 4067 Α
3346 4047 3399 4067 _,
3458 4060 3576 4067 mm

1918 4088 2049 4161 quis
2078 4047 2278 4140 autem
2309 4090 2393 4132 me
2434 4047 2695 4141 suscipit,
2734 4077 2847 4117 non
2892 4072 2984 4113 me
3025 4050 3266 4122 suscipit
3305 4047 3400 4105 sed
3448 4060 3579 4101 cum

1920 4176 2021 4249 qui
2051 4171 2200 4228 misit
2224 4182 2315 4223 me
2342 4166 2411 4218 ³⁷.

1994 4266 2092 4320 Est
2125 4264 2322 4318 autem
2361 4264 2574 4308 sensus
2604 4241 2867 4301 omnium
2906 4235 3199 4291 dictorum
3233 4226 3368 4283 talis
3396 4239 3409 4278 :
3444 4221 3586 4289 Qui—

1924 4367 2161 4426 cunque
2198 4339 2525 4415 susceperit
2554 4350 2692 4392 eum
2723 4329 2828 4403 qui
2856 4326 3049 4382 factus
3084 4324 3169 4376 est
3196 4315 3376 4373 veluti
3412 4327 3585 4386 puer,

2814 4417 2825 4426 .
2878 4415 2911 4426 ..
3146 4423 3194 4426 η
3235 4410 3428 4426 wh“
3480 4400 3556 4426 m

1925 4460 2031 4518 per
2047 4400 2229 4495 illum
2270 4431 2513 4505 quidem
2546 4439 2642 4480 me
2673 4415 2937 4488 suscipit,
2970 4426 3076 4483 per
3106 4423 3201 4465 me
3231 4410 3431 4462 autem
3480 4400 3589 4455 Pa-

2551 4514 2560 4518 -
2604 4512 2634 4518 ._
2832 4508 2868 4518 ﬁ
2918 4507 2927 4518 ,
2972 4517 2994 4518 η
3062 4495 3322 4518 ,ΜῌΑμ
3378 4505 3561 4518 nm“

1926 4495 2079 4590 trrem
2122 4495 2323 4584 meum
2355 4519 2453 4592 qui
2482 4512 2643 4571 misit
2672 4524 2793 4565 me.
2832 4507 2999 4560 Pater
3030 4495 3329 4570 siquidem
3377 4505 3591 4562 appro-

1929 4622 2079 4697 priat
2129 4614 2243 4671 sibi
2276 4587 2436 4675 eum,
2467 4603 2572 4678 qui
2602 4598 2746 4657 mihi
2776 4593 3058 4653 defertur,
3090 4587 3382 4641 honorem
3415 4596 3428 4644 ;
3475 4592 3587 4649 ego

2428 4694 2481 4697 ’“
2605 4689 2615 4697 ⁵
2652 4687 2670 4697 ’
2747 4689 2755 4697 ·
2878 4696 2885 4697 ί
2935 4684 2953 4697 ι
2981 4672 3155 4697 μ-ι--ιε
3185 4685 3329 4697 ...νη-

2112 4705 2378 4762 delatum
2410 4672 2619 4763 illli’qui
2647 4687 2840 4742 factus
2867 4672 3159 4766 estveluti
3185 4685 3348 4742 puer.

2007 4794 2157 4864 Quid
2198 4790 2370 4861 igitur
2416 4780 2519 4838 tali
2546 4762 2924 4843 susceptione
2953 4762 3209 4827 beatius,
3254 4772 3361 4827 per
3404 4767 3589 4823 quam

2634 4860 2673 4864 —
2709 4856 2718 4864 -
2768 4855 2799 4864 ··
2851 4856 2860 4864 -
2992 4849 3020 4864 ιι
3050 4847 3190 4864 ἰτ-η.
3226 4841 3265 4864 -z
3299 4836 3506 4864 nam...
3538 4838 3589 4864 ,ιι

2379 4836 2611 4922 beatam
2633 4836 2970 4913 Trinitatem
2992 4849 3020 4903 ‘I
3050 4847 3193 4900 Nam
3223 4841 3271 4896 si
3299 4836 3511 4894 Filium
3537 4838 3594 4890 et

2619 4948 2629 4952 ‘
2672 4946 2682 4952 '
2987 4940 2998 4952 ·
3029 4951 3038 4952 ί
3069 4950 3100 4952 λ-
3135 4948 3147 4952 -
3183 4922 3590 4952 Luna-“.14”-

1938 4922 2185 5031 Patre'r’n,
2209 4922 2422 5032 utique
2454 4958 2509 5010 et
2534 4946 2815 5023 Spiritum
2841 4940 3147 4995 sanctum:
3183 4922 3593 4999 inseparabilis

1942 5018 2361 5129 siqui—demes}
2390 5018 2863 5101 beata—Trinitas.
2902 5024 3175 5084 Nondum
3208 5020 3408 5076 autem
3452 5018 3591 5070 tem-

1939 5113 2053 5222 pus
2080 5148 2218 5201 tunc
2248 5141 2372 5195 erat
2395 5126 2647 5190 docendi
2672 5124 2746 5181 de
2774 5116 2989 5193 Spiritu
3012 5113 3237 5170 sancto.

1440 5531 1667 5603 Variae
1693 5528 2016 5596 lectiones
2047 5528 2113 5587 et
2150 5523 2352 5583 notae.

309 5700 421 5773 (61)
449 5697 600 5762 Ἕως,
632 5708 744 5767 pro
773 5690 921 5750 ὅλως.
955 5690 1017 5744 Β.

2012 5663 2124 5737 (62)
2153 5654 2505 5729 Υποδέχεται.
