4186 6318
214 280 334 336 501

1237 283 1613 340 COMMENT.
1661 284 1732 338 IN
1774 281 2221 340 MATTH/EUM.
2265 315 2330 326 -
2372 286 2532 343 CAP.
2582 288 2781 348 XVIII.

3538 296 3646 354 502

214 411 331 464 τὴν
364 406 678 479 ἒξήγησιν,
711 410 847 473 Ἀλξ’
870 409 974 462 ἐκεῖ
998 414 1086 483 μὲν
1116 414 1233 482 περὶ
1264 409 1545 482 ἔμπαθείας
1570 407 1631 468 ἧν
1657 410 1682 461 0
1708 409 1855 480 λόγος

1998 410 2293 466 sitionem.
2311 414 2417 468 Sed
2434 414 2513 469 ibi
2535 414 2609 471 de
2621 416 2836 474 aﬂectu
2857 422 3210 483 eratsermo,
3231 420 3331 477 hic
3352 425 3554 479 autem
3569 423 3645 479 de

216 495 476 550 ἐνταῦθα
536 495 605 550 δὲ
662 504 785 571 περὶ
844 505 1092 561 παντοίας
1144 498 1364 570 βλάϐης.
1395 499 1528 572 ΑΟρα
1562 496 1620 551 δὲ
1652 506 1761 567 νῦν,
1808 499 1887 550 ὅτι

216 586 429 638 κυλλὸν
469 589 568 639 τὸν
600 590 814 663 ἄχειρα
840 587 993 659 λέγει.

300 786 415 833 Καὶ
467 814 563 831 .-
635 788 828 858 πυρός.
863 787 1084 858 Ε’ἰρηται
1130 788 1219 834 καὶ
1262 784 1601 856 περὶτούτων
1654 781 1701 832 ἐν
1749 780 1880 831 ἐκεί·

203 890 283 941 νῳ
342 878 431 941 τῷ
495 872 813 944 κεφαλαίῳ,
868 877 957 923 καὶ
1014 875 1252 946 περιττὸν
1290 870 1631 942 παλιλλογεῖν.
1682 869 1880 930 Ὀντως

196 953 301 1007 οὖν
384 960 523 1031 (66)
598 957 764 1013 οὐδὲν
804 962 938 1013 οὕτω
997 960 1364 1036 βλαϐερὸν,ὡς
1423 962 1452 1018 ἡ
1500 967 1598 1011 τῶν
1641 967 1877 1032 πονηρῶν

198 1052 533 1103 συνουσία.
595 1048 729 1116 Καὶ,
791 1051 834 1102 εἰ
886 1049 968 1102 ἐπὶ
1022 1059 1120 1101 τῶν
1164 1052 1421 1123 ἡμετέρων
1480 1048 1639 1121 μελῶν
1688 1047 1876 1100 πολλά-

196 1155 297 1197 κις
368 1135 764 1211 ἁπότέμνομέν
814 1160 929 1191 τινα
980 1142 1193 1203 τούτων,
1241 1141 1360 1191 ὅταν
1411 1139 1543 1189 αύτοί
1596 1157 1648 1190 τε
1694 1136 1876 1188 ἀνίατα

205 1228 458 1296 μένωσι,
515 1232 618 1278 καὶ
677 1236 783 1290 τςῐς
837 1227 1008 1290 ἦλλοις
1059 1228 1429 1300 λυμαίνωθταιι
1466 1227 1634 1297 πολλῷ
1683 1226 1872 1299 μᾶλλον

208 1314 309 1365 ἐπὶ
378 1326 696 1387 συγγενῶν,
730 1323 819 1369 καὶ
873 1317 1048 1389 φίλων,
1091 1322 1180 1369 καὶ
1232 1319 1497 1392 ὑπηρετῶν
1553 1324 1706 1368 τοῦτο
1759 1320 1868 1390 χρὴ

210 1410 425 1468 ποιεῖν,
508 1404 999 1475 σκανδαλιζόντων,
1064 1410 1229 1458 εῖτ-ουν
1305 1403 1690 1478 ἐμποδιζόντων
1748 1408 1872 1476 ἡμῖν

218 1492 300 1554 εἰς
360 1497 469 1551 τὴν
527 1495 699 1568 ὀρθήν
752 1495 1029 1562 πολιτείαν,
1066 1503 1319 1568 Κρεῖσσον
1350 1499 1447 1571 γὰρ
1497 1500 1668 1568 χωρὶς
1703 1494 1872 1546 αὐτῶν

222 1584 496 1640 σωθῆναι
558 1589 592 1642 ἦ
661 1588 752 1637 σὺν
810 1587 981 1645 αὐτοῖς
1041 1584 1349 1643 ἀπολέσθαι,
1410 1589 1728 1657 Παραινέσας
1784 1580 1870 1635 οὖν

222 1674 459 1742 φεύγειν
524 1677 657 1735 τούς
696 1678 967 1748 πονηροὺς,
1019 1674 1207 1726 κελεύει
1260 1681 1414 1747 τιμᾲν
1462 1678 1579 1736 τοὺς
1625 1673 1865 1744 ἀγαθούς.

216 1764 394 1831 Λέγει
418 1765 561 1837 γὰρ·

297 1849 520 1925 Ὁρᾶτε
583 1884 651 1893 -
684 1855 897 1907 τούτων.
928 1859 1038 1904 Τῶν
1084 1849 1373 1905 δοκούντων
1404 1854 1493 1924 μὲν
1523 1859 1721 1925 μικρῶν
1758 1858 1865 1914 τοῖς

218 1937 554 2015 ἀνθρώποις
608 1937 684 1992 δι’
728 1940 995 2011 εύτελειαν,
1048 1945 1202 1993 ὄντων
1252 1938 1311 1993 δὲ
1349 1941 1579 2013 μεγάλων
1631 1949 1702 2011 τῷ
1756 1946 1862 2011 Θεῷ

216 2024 300 2080 δι’
358 2028 568 2104 ἀρετὴν
600 2048 612 2060 ⁸
666 2030 710 2082 εἰ
740 2026 792 2082 δ’
846 2029 954 2092 ἑνὸς
1000 2033 1191 2082 τούτων
1240 2030 1298 2082 ού
1342 2037 1450 2103 χρή
1501 2032 1855 2104 καταφρονεῖν,

212 2115 533 2192 πρόδηλον,
597 2120 665 2179 ὡς
708 2116 833 2172 οὐδὲ
878 2116 975 2171 δύο
1004 2122 1226 2189 πάντως,
1257 2117 1381 2173 ούδέ
1416 2120 1671 2183 πλειόνων,
1732 2117 1859 2172 Εἶτα

207 2212 308 2259 καὶ
344 2207 616 2283 ἑτέρωθεν
652 2209 838 2269 αὐτοὺς
869 2205 1172 2270 αἰδεσίδους
1200 2217 1356 2264 ποιεῖ.

286 2460 452 2528 Λέγω
523 2489 609 2499 —
686 2465 777 2509 τοῦ
851 2456 899 2509 ἕν
974 2459 1231 2532 οὐρανοῖς.
1286 2457 1539 2511 Ἐντεῦθεν
1621 2463 1853 2534 φανερὸν,

207 2550 298 2601 ὅτι
328 2546 610 2621 ἀγγέλους
638 2550 859 2620 ἔχουσιν
915 2550 965 2600 οἰ
1015 2545 1216 2601 δίκαιοι
1244 2548 1491 2622 φύλακας
1523 2552 1652 2620 φησί
1681 2550 1783 2621 γάρ
1829 2551 1855 2601 ὁ

214 2635 443 2704 Δαϐιδ,
538 2640 627 2691 ὅτι
713 2636 1043 2710 Παρεμϐαλεῖ
1112 2638 1325 2709 ἄγγελος
1410 2642 1603 2711 Κυρίου
1683 2637 1854 2709 κύκλῳ

212 2737 320 2779 τῶν
398 2728 750 2801 φοϐουμένων
831 2726 1007 2796 αὐτὸν,
1056 2732 1144 2779 καὶ
1200 2729 1415 2801 ῥύσεται
1473 2728 1679 2788 αύτούς.
1749 2727 1855 2789 Οὖς

216 2815 279 2871 δὲ
344 2818 739 2891 φυλάττουσιν,
789 2817 1001 2887 ἄγγελοι
1056 2820 1312 2875 τοσαύτην
1360 2818 1425 2877 εἰς
1473 2821 1593 2870 Θεὸν
1644 2821 1851 2889 ἔχοντες

214 2908 578 2981 παρρησίαν,
651 2908 714 2967 ὡς
759 2902 852 2958 διὰ
928 2909 1119 2969 παντὸς
1174 2904 1221 2957 ἐν
1284 2906 1519 2981 οὐρανοῖς
1574 2909 1695 2982 ὁρᾷν
1765 2912 1849 2962 τὸν

222 2999 387 3065 Θεὸν,
434 2999 642 3049 τούτων
699 2999 852 3058 ὅντως
904 2995 962 3048 ού
990 3000 1102 3068 χρὴ
1163 3004 1517 3071 καταφρονεῖν,
1560 2996 1603 3049 εἰ
1652 3002 1841 3070 καὶμὴ

1997 500 2400 572 qualicunque
2414 508 2942 562 nocumento.Vide
2959 513 3158 564 autem
3173 526 3333 566 nunc
3350 512 3515 583 quod
3527 512 3645 565 κυλ-

1995 587 2099 653 λον,
2133 590 2245 644 hoc
2276 595 2361 646 est
2392 593 2685 659 mutilum,
2722 601 2893 652 vocat
2931 613 3067 653 eum
3107 599 3211 671 qui
3242 601 3524 657 manibus
3549 618 3643 659 ca—

1993 681 2097 731 ret.

2063 763 2227 820 Vers.
2263 768 2315 820 9.
2346 768 2421 823 Et
2452 800 2521 808 —
2568 771 2732 839 ignis.
2790 773 3017 828 Dictum
3072 781 3159 831 est
3207 778 3386 835 etiam
3416 780 3491 835 de
3547 766 3655 836 his

1989 852 2050 918 in
2090 854 2189 911 illo
2242 858 2453 929 capite,
2485 862 2541 914 et
2580 861 2954 931 superﬂuum
2980 864 3130 919 foret
3163 874 3445 937 repetere.
3489 870 3639 926 Vere

1988 958 2129 1013 ergo
2159 946 2304 1001 nihil
2325 951 2413 1003 est
2436 948 2582 1003 adeo
2604 951 2851 1006 noxium
2873 952 3022 1008 sicut
3044 969 3368 1025 pravorum
3396 974 3636 1015 consor-

1988 1031 2153 1089 tium.
2184 1036 2353 1098 Quod
2387 1035 2434 1090 si
2466 1037 2644 1094 etiam
2696 1041 2758 1094 in
2784 1040 3062 1099 membris
3094 1044 3312 1103 nostris
3366 1052 3636 1117 amputa-

1984 1138 2120 1176 mus
2145 1121 2483 1196 frequenter
2522 1127 2803 1198 quaedam
2836 1145 2909 1189 ex
2959 1130 3072 1185 illis
3128 1133 3369 1204 quando
3402 1139 3458 1190 et
3503 1136 3639 1206 ipsa

1981 1211 2441 1270 immedicabilia
2473 1218 2814 1281 manserint,
2851 1222 2908 1276 et
2959 1224 3165 1276 cmtera
3207 1229 3634 1295 corrumpunt;

1982 1300 2170 1356 multo
2192 1302 2380 1371 magis
2411 1304 2468 1359 in
2491 1306 2760 1373 cognatis
2789 1310 2845 1362 et
2866 1309 3066 1363 amicis
3085 1325 3155 1365 ac
3182 1310 3467 1367 ministris
3484 1313 3637 1369 face-

1983 1404 2043 1443 re
2081 1389 2195 1445 hoc
2224 1396 2475 1461 oportet,
2534 1393 2632 1448 ubi
2688 1396 2864 1451 nobis
2920 1397 3229 1454 obstaculo
3272 1400 3485 1457 fuerint
3533 1407 3638 1460 aut

1982 1479 2408 1549 impedimento
2447 1481 2527 1536 ad
2556 1486 2777 1538 rectam
2822 1488 3351 1544 conversationem.
3386 1490 3636 1548 Prmstat

1980 1567 2141 1623 enim
2172 1568 2296 1624 sine
2328 1568 2439 1624 illis
2477 1570 2710 1627 salvum
2735 1572 2865 1628 ﬁeri
2893 1590 3079 1645 quam
3109 1592 3246 1632 cum
3273 1576 3385 1633 illis
3418 1580 3627 1649 perire.

1980 1656 2304 1728 Postquam
2326 1674 2467 1727 ergo
2494 1675 2710 1730 pravos
2731 1660 2935 1731 fugere
2952 1665 3282 1735 admonuit,
3314 1666 3499 1723 bonos
3525 1669 3630 1724 hos

1899 1757 1941 1811 Β
1980 1746 2388 1816 norarejubet.
2431 1749 2522 1803 Ait
2549 1750 2706 1804 enim
2734 1767 2747 1805 :

2048 1835 2210 1890 Vers.
2248 1840 2327 1890 lO.
2376 1837 2570 1893 Videte
2596 1869 2660 1877 ——
2691 1839 2835 1894 istis.
2866 1840 2971 1904 Qui
2998 1840 3336 1897 hominibus
3384 1845 3627 1916 quidem

1973 1923 2165 1993 pusilli
2212 1923 2486 1979 videntur
2516 1931 2753 1996 pr0pter
2782 1928 3177 1996 abjectionem
3211 1936 3263 1984 et
3285 1931 3629 2002 simplicita-

1971 2014 2109 2077 tem,
2142 2027 2278 2067 vere
2310 2017 2510 2068 tamen
2542 2015 2746 2083 magni
2786 2020 2925 2070 sunt
2953 2023 3195 2088 propter
3222 2019 3512 2076 virtutem.
3545 2024 3626 2079 Ne

1969 2114 2150 2153 unum
2176 2100 2419 2171 quidem
2453 2102 2667 2156 horum
2710 2103 3017 2173 despicere
3043 2110 3276 2176 oportet
3309 2124 3321 2161 :
3378 2109 3625 2164 manife-

1967 2191 2125 2243 stum
2146 2193 2234 2243 est
2275 2205 2414 2261 ergo
2465 2191 2630 2262 quod
2659 2208 2850 2264 neque
2903 2193 3059 2249 duos
3118 2195 3377 2261 omnino,
3428 2212 3623 2270 neque

1969 2275 2188 2347 plures.
2225 2278 2446 2334 Deinde
2477 2280 2656 2336 etiam
2688 2281 2931 2337 aliunde
2960 2284 3335 2339 venerandos
3361 2284 3495 2340 illos
3539 2286 3622 2342 fa-

1966 2366 2064 2420 cit.

2039 2456 2195 2512 Vers.
2230 2458 2315 2510 10.
2350 2456 2491 2512 Dico
2527 2488 2596 2496 —
2625 2458 2724 2528 qui
2748 2458 2810 2513 in
2850 2458 3006 2513 cretis
3035 2466 3138 2515 est.
3184 2460 3326 2515 Inde
3375 2462 3620 2517 manife—

1966 2546 2121 2597 stum
2140 2550 2225 2599 est
2242 2544 2439 2614 justos
2461 2546 2681 2602 habere
2695 2546 2937 2616 angelos
2962 2548 3259 2603 custodes.
3287 2549 3431 2605 Dicit
3456 2551 3616 2607 enim

1965 2632 2182 2688 David:
2205 2632 2409 2689 Castra
2424 2636 2743 2690 metabitur
2758 2638 3001 2705 angelus
3024 2638 3256 2692 Domini
3278 2639 3337 2693 in
3361 2640 3615 2694 circuitu

1964 2722 2284 2777 timentium
2324 2739 2475 2787 eum,
2519 2724 2809 2793 eten‘piet
2833 2741 2927 2781 eos
2961 2728 3028 2777 ὀ.
3082 2728 3238 2791 Quos
3270 2734 3470 2782 autem
3499 2744 3615 2783 ser-

1960 2815 2101 2865 vant
2123 2812 2319 2880 angeli
2339 2814 2441 2884 qui
2472 2818 2698 2868 tantam
2725 2814 2884 2885 apud
2919 2817 3102 2869 Deum
3130 2815 3357 2871 habent
3380 2815 3611 2875 liberta-

1958 2902 2097 2965 tem,
2130 2904 2191 2955 ut
2229 2916 2467 2973 semper
2510 2902 2751 2958 videant
2802 2905 2987 2958 Deum
3019 2903 3124 2974 qui
3165 2904 3224 2958 in
3282 2904 3444 2960 caelis
3499 2911 3606 2971 est,

1956 3004 2091 3044 vere
2180 2991 2291 3046 hos
2385 2990 2689 3062 despicere
2765 3007 2885 3047 non
2944 2997 3216 3063 oportet:
3295 2994 3402 3048 etsi
3488 3010 3609 3050 non

217 3082 317 3139 διὰ
348 3090 450 3146 τὴν
480 3084 866 3159 ἁρετὴναύτῶν,
896 3083 1024 3137 ἀλλά
1051 3105 1108 3157 γε
1128 3081 1221 3138 διὰ
1245 3089 1333 3141 τοὺ
1373 3085 1625 3159 ςφυλακας
1653 3087 1839 3140 αὐτῶν.

1974 3082 2198 3151 )ropter
2275 3078 2514 3135 illorum
2595 3081 2891 3146 virtutem,
2964 3086 3022 3136 at
3089 3082 3299 3137 saltem
3374 3088 3609 3155 propter

212 3177 287 3233 T0
347 3180 650 3250 πρόσωπον
702 3170 760 3227 δὲ
789 3182 881 3227 τοῦ
911 3179 1116 3247 Πατρός
1142 3194 1264 3247 μου,
1298 3173 1410 3229 ἀντὶ
1458 3183 1569 3246 τοῦ,
1602 3180 1688 3230 τὸν
1739 3184 1843 3231 Πα-

217 3268 351 3339 τέρα
373 3285 501 3336 μου.

305 3352 602 3424 [Βλέπουσι
651 3353 764 3426 (67)
823 3350 882 3404 ὃέ
930 3353 1082 3405 αὐτὸν
1111 3353 1215 3425 οὐχ
1246 3356 1311 3415 ὡς
1338 3357 1451 3405 ἔστι
1480 3355 1596 3405 κατ’
1634 3358 1854 3430 οὺσίανπ

231 3440 342 3494 ἀλλ’
375 3446 441 3505 ὡς
477 3442 685 3515 ἐφικτὸν
712 3440 904 3502 αὐτοῖς.
942 3446 1069 3496 Θεὸν
1099 3445 1223 3515 γὰρ,
1247 3448 1422 3515 φησιν,
1459 3440 1631 3505 οὐδεὶς
1652 3445 1843 3518 ἑώρακε

231 3537 467 3603 πώποτε,
498 3533 557 3585 ού
586 3536 741 3605 μόνον
772 3532 963 3601 ύλικός,
988 3531 1094 3585 ἀλλ’
1125 3529 1241 3585 οὐδ’
1263 3531 1462 3607 ἆϋλος.]

314 3724 531 3781 Ἔπειτα
562 3728 674 3801 (68)
698 3733 789 3781 καὶ
819 3728 994 3802 ἑτέραν
1044 3731 1253 3788 τίθησιν
1292 3730 1637 3804 εύλογωτέραν
1668 3732 1839 3785 αἰτίαν

241 3821 337 3867 τοῦ
364 3821 435 3888 μὴ
467 3826 801 3893 καταφρονεῖν
831 3818 1021 3873 αὐτῶν.

312 3903 472 3959 Ἦλθε
527 3938 595 3948 -—
646 3911 705 3960 τὸ
750 3907 1025 3969 ἀπολωλός.
1095 3907 1284 3960 Ἦλθον
1335 3911 1459 3983 γὰρ,
1528 3915 1706 3982 φησίν,
1766 3914 1838 3973 εἰς

241 3996 331 4045 τὸν
378 4000 591 4069 κόσμον,
640 4001 825 4069 ἤγουν,
873 3996 1266 4071 ἄνηνθρώπησα,
1298 4001 1383 4050 ἵνα
1435 4004 1589 4051 σώσω
1650 4000 1837 4063 αὐτούς

237 4079 558 4147 ἀπολωλότας
581 4092 719 4156 πρίν.
758 4087 858 4140 Καὶ
905 4087 949 4139 εἰ
1116 4095 1363 4140 τοσοῦτον
1407 4087 1698 4162 ἐφρόννισα,
1732 4099 1837 4152 πῶς

237 4173 386 4243 ὑμεῖς
434 4180 846 4249 καταφρόνήσετε
899 4178 1132 4243 τούτων;
1168 4182 1455 4230 Μετέπειτα
1485 4176 1544 4232 δὲ
1583 4179 1715 4252 λέγει
1744 4185 1835 4234 καὶ

236 4265 556 4337 παραϐολὴν,
576 4265 826 4339 ἐμφαίνου
835 4285 930 4317 σαν
949 4269 1005 4318 τὸ
1028 4266 1339 4334 ὑπερϐάλλον
1354 4276 1415 4327 τῆ
1429 4290 1449 4331 ς
1466 4269 1837 4344 φιλοστοργίας

234 4370 412 4409 αυτου.

307 4447 450 4499 ΚΕΦ.
488 4444 617 4499 AH'.
654 4448 781 4517 Περὶ
812 4452 913 4496 τῶν
944 4444 1121 4497 ἑκατὸν
1150 4445 1440 4517 προϐάτων.

300 4538 363 4585 Τί
392 4565 461 4576 -—-
485 4538 545 4587 τὸ
572 4533 899 4606 πλανώμενον
927 4550 941 4599 ;
984 4534 1282 4608 ’Ἄνθρωπον
1308 4539 1397 4608 μὲν
1428 4534 1686 4595 ύποδηλοῐ
1716 4539 1835 4590 ἑαυ-

231 4621 336 4685 τὸν,
370 4625 433 4683 ὡς
461 4628 731 4695 γενόμενον
779 4624 1067 4697 ἄνθρωπον·
1114 4626 1295 4676 ἑκατὸν
1346 4621 1405 4677 0":
1454 4625 1692 4698 πρόϐατα
1740 4633 1835 4679 πᾶ-

244 4723 336 4757 σαν
365 4715 457 4768 τήν
512 4712 727 4783 λογικὴν
759 4716 932 4764 κτίσιν
964 4712 1077 4784 (69)
1125 4712 1353 4785 ἀγγέλων
1396 4718 1485 4766 καὶ
1528 4715 1829 4787 ἀνθρώπων·

241 4796 479 4867 πρόϐατα
534 4804 621 4866 μὲν
676 4798 769 4853 διὰ
805 4820 860 4854 τε
890 4806 981 4861 τὴν
1037 4806 1232 4855 τούτων
1273 4805 1558 4875 ὑποταγὴν,
1596 4810 1687 4857 καὶ
1740 4810 1834 4865 τὴν

239 4881 423 4938 ἑαυτοῦ
480 4895 845 4961 ποιμαντικην·
901 4890 1080 4944 ἑκατὸν
1140 4889 1199 4945 δί
1246 4889 1339 4945 διὰ
1391 4898 1484 4950 τὴν
1539 4894 1834 4953 τελειότητα

238 4981 339 5025 τῶν
389 4980 668 5050 ταγμάτων
721 4988 810 5040 τῆς
846 4979 1056 5052 λογικῆς
1111 4983 1302 5042 ταύτης
1346 4986 1587 5045 κτίσεως.
1633 4992 1834 5038 Τοσαῦ-

306 5153 351 5187 ²⁹
380 5153 528 5210 Psal.
559 5171 801 5223 xxxxni,
840 5160 891 5212 8.
970 5159 1018 5194 ⁸ο
1041 5159 1209 5214 Joan.
1241 5174 1277 5222 ι,
1312 5160 1400 5216 18.

1864 4452 1913 4510 D

1952 3168 2231 3224 custodes
2247 3182 2476 3224 eorum.
2496 3168 2732 3224 Faciem
2749 3184 2889 3224 vero
2906 3168 3109 3236 Patris,
3129 3170 3241 3225 hoc
3258 3175 3349 3225 est
3364 3170 3603 3226 Patrem

2096 3273 2175 3312 m.

2096 3273 2175 3312 m.

1951 3272 2300 3415 Im:It-uVident
2326 3347 2527 3399 autem
2554 3344 2723 3399 illum
2749 3360 2869 3417 non
2901 3344 3153 3415 perfecte
3204 3346 3355 3401 sicut
3386 3351 3476 3400 est
3538 3348 3601 3403 in

1950 3434 2223 3499 essentia,
2253 3432 2358 3488 sed
2384 3438 2554 3504 prout
2575 3433 2659 3488 eis
2688 3433 3065 3504 permittitur.
3094 3437 3277 3489 Deum
3291 3434 3473 3500 enim,
3498 3436 3599 3504 ait,

1948 3539 2128 3579 nemo
2158 3522 2304 3579 vidit
2330 3538 2601 3593 unquam
2633 3525 2699 3591 ³ο,
2723 3538 2843 3578 non
2873 3523 3193 3579 materialis
3224 3522 3416 3578 solum
3442 3539 3602 3583 creas

1950 3616 2100 3677 tura,
2142 3612 2247 3668 sed
2272 3613 2449 3667 etiam
2473 3612 2900 3668 immaterialis.

2019 3701 2241 3755 Deinde
2273 3699 2456 3755 aliam
2473 3716 2715 3771 quoque
2737 3700 2905 3771 ponit
2933 3701 3438 3757 rationabiliorem
3466 3717 3600 3758 cau-

1948 3805 2101 3858 sam,
2133 3805 2236 3847 cur
2263 3804 2367 3844 eos
2392 3788 2695 3860 despicere
2727 3804 2846 3843 non
2877 3794 3168 3859 oporteat.

2014 3878 2173 3932 Vers.
2210 3877 2293 3931 11.
2338 3877 2503 3932 Venit
2535 3908 2605 3916 —
2650 3878 2807 3948 quod
2832 3878 3105 3947 perierat.
3136 3878 3317 3941 Venit,
3379 3877 3591 3949 inquit,

1945 3966 2006 4021 in
2038 3965 2357 4032 mundum,
2398 3965 2524 4021 sive
2560 3966 2904 4021 incarnatus
2957 3970 3059 4029 est,
3111 3972 3174 4022 ut
3212 3967 3464 4021 salvaret
3494 3982 3595 4021 eos

1943 4055 2049 4127 qui
2073 4060 2250 4112 antea
2271 4054 2481 4127 perditi
2498 4059 2686 4110 erant.
2712 4054 2881 4119 Quod
2907 4054 2956 4107 si
2977 4070 3086 4123 ego
3108 4059 3333 4110 tantam
3356 4054 3594 4109 illorum

1943 4144 2127 4201 habui
2153 4161 2377 4209 curam,
2394 4142 2698 4215 quomodo
2715 4159 2821 4198 vos
2840 4142 3174 4214 despicietis
3189 4143 3319 4199 illos
3336 4142 3363 4197 ‘t
3378 4143 3593 4198 Deinde

1944 4251 2083 4290 vero
2113 4234 2278 4306 ponit
2308 4238 2364 4287 et
2407 4230 2776 4304 parabolam,
2809 4249 2931 4303 qua
2974 4232 3332 4288 demonstrat
3371 4232 3592 4289 amoris

1945 4322 2035 4377 sui
2062 4322 2558 4391 magnitudinem.

2206 4455 2359 4512 CAP.
2402 4453 2690 4508 XXXVIII.
2725 4455 2807 4508 De
2835 4460 3073 4517 centum
3105 4453 3329 4509 ovibus.

2015 4546 2173 4597 Vers.
2211 4544 2293 4598 12.
2331 4543 2485 4610 Quid
2508 4575 2577 4583 ——
2632 4559 2763 4614 quae
2788 4543 3167 4598 aberraverat
3199 4544 3228 4596 ?
3278 4542 3589 4597 Hominem

1946 4632 2211 4704 seipsum
2254 4632 2590 4701 signiﬁcat:
2652 4636 2889 4686 centum
2944 4645 3082 4685 vero
3133 4646 3291 4696 oves,
3348 4646 3601 4684 omnem

1944 4722 2283 4777 rationalem
2325 4724 2681 4783 creaturam,
2732 4719 3037 4772 hominem
3068 4717 3380 4781 videlicet;
3440 4732 3584 4769 oves

1943 4809 2189 4881 quidem
2210 4813 2446 4880 propter
2465 4808 2736 4879 ipsorum
2759 4806 3208 4875 subjectionem,
3235 4810 3292 4859 et
3314 4803 3480 4874 quod
3505 4804 3583 4858 ab

1942 4914 2012 4955 eo
2038 4902 2363 4969 pascantur
2395 4916 2408 4963 ;
2441 4901 2677 4952 centum
2711 4911 2853 4951 vero
2899 4898 3141 4966 propter
3169 4893 3589 4965 perfectionem

1943 4986 2220 5043 ordinum
2252 4984 2557 5043 rationalis
2586 4984 2767 5055 hujus
2796 4988 3080 5039 creaturae
3113 4999 3126 5037 :
3151 4986 3231 5039 tot
3268 4980 3427 5037 enim
3454 4984 3592 5037 sunt

1441 5337 1667 5407 Variae
1699 5339 2027 5411 lectiones
2051 5350 2114 5408 et
2154 5349 2357 5410 notae.

289 5530 403 5600 (66)
440 5530 561 5603 Ἦν,
591 5546 702 5603 pro
741 5531 852 5596 οὖν,
885 5538 948 5588 Α.

295 5602 410 5673 (66)
442 5602 702 5674 Inclusa,
732 5602 795 5658 in
836 5619 1025 5674 marg.
1067 5605 1245 5662 habet
1266 5608 1336 5662 Α.
1515 5642 1531 5659 ι.

297 5674 408 5745 (68)
451 5675 595 5739 Quae
618 5673 897 5744 leguntur
924 5673 1003 5733 ab
1046 5680 1223 5730 ἔπειτα
1244 5679 1321 5735 ad
1352 5679 1539 5746 αὐτῶν,
1573 5696 1644 5738 ea
1675 5682 1822 5738 Hen-

1938 5534 2129 5595 tenius
2159 5542 2295 5595 ante
2328 5538 2611 5612 βλέπουσιν
2643 5536 2982 5612 exhibebat.

2004 5612 2120 5683 ~(69)
2163 5609 2346 5681 Φύσιν,
2379 5615 2435 5667 et
2459 5627 2640 5684 supra
2668 5610 2952 5680 scriptum
2978 5612 3083 5674 κτί,
3107 5609 3171 5661 Α.
