4186 6318
550 330 656 386 503
1882 310 2229 370 EUTHYMII
2277 305 2614 364 ZIGABENI
3824 307 3947 362 se:

555 456 698 526 quot
753 453 1008 520 oportet.
1064 449 1389 502 Numerum
1433 449 1636 500 autem
1691 441 2100 498 centenarium
2150 436 2207 489 in

2343 452 2391 483 ru
2447 433 2545 505 γάρ
2597 429 2747 496 εἰσιν,
2810 431 2911 481 ὅσα
2936 433 3071 502 χρή.
3105 433 3202 482 Τόν
3232 433 3330 503 γὰρ
3383 431 3561 482 ἑκατόν
3594 428 3814 504 ἀριθμὸν
3851 429 3948 482 ἐπί

557 518 914 614 perfectione
937 536 1081 591 solet
1105 553 1348 608 ponere,
1368 541 1432 590 ut
1454 537 1512 590 in
1545 539 1698 589 terra
1727 530 2022 600 frugifera,
2047 531 2210 600 quod

2343 520 2643 580 τελειότητος
2699 521 2843 570 εἴωθε
2898 521 3114 584 τιθέναι,
3149 521 3379 591 καθάπερ
3415 523 3505 571 καὶ
3550 518 3634 570 ἐπὶ
3682 527 3772 580 τῆς
3811 526 3944 590 γῆς,

555 605 740 685 unum
756 625 919 682 dedit
939 605 1308 697 centu—plum,
1330 625 1481 680 sicut
1499 621 1782 678 vicesimo
1803 626 2018 693 quarto
2056 621 2214 690 capi-

2343 617 2416 669 τῆς
2467 610 2902 682 καρποφορούσης
2956 605 3002 658 ἐν
3035 607 3146 679 (70)
3186 607 3366 660 ἑκατὸν
3399 610 3466 670 ὡς
3519 606 3567 659 ἐν
3598 616 3669 678 τῷ
3717 608 3947 680 εἰκοστῷ

559 724 616 776 te
642 716 980 791 prtedictum
1011 696 1134 770 est;

2343 701 2548 772 τετάρτῳ
2577 696 2833 769 κεφαλαίῳ
2863 702 3194 772 προείρηται.

633 782 771 864 ὀνὶε
818 810 1009 861 autem
1057 819 1264 860 errans
1310 803 1460 858 ordo
1508 806 1594 857 est
1646 801 1961 856 hominum
2017 796 2122 869 qui
2179 810 2217 851 a

2398 791 2662 860 Πρόκατον
2696 782 2754 838 δὲ
2784 785 3107 858 πλανώμενον
3149 790 3206 838 τό
3255 788 3430 858 τάγμα
3481 793 3579 838 τῶν
3629 784 3947 862 ἀνθρώπων,

563 896 664 955 Dei
685 895 825 952 ovili
846 894 1112 966 abjectus
1140 897 1245 959 est,
1276 896 1332 948 et
1356 895 1593 948 secutus
1613 889 1854 946 fallaces
1881 888 2211 945 daemones.

2343 878 2398 937 ἱις
2429 873 2717 949 ἀπορραγὲν
2747 881 2845 935 τῆς
2873 878 3097 946 ποίμνης
3129 882 3220 926 τοῦ
3257 881 3412 940 Θεοῦ,
3443 878 3534 927 καὶ
3577 872 3949 934 ἀκολουθῆσαν

2326 971 2430 1024 τοῖς
2461 963 2773 1021 ἀπατήσασι
2805 959 3076 1035 δαίμοσιν.

636 1076 862 1130 Montes
911 1086 1054 1128 vero
1084 1068 1414 1127 secundum
1441 1069 1675 1142 aliquos
1709 1067 1928 1125 ccelum
1975 1067 2219 1138 propter

2397 1052 2534 1126 ’Ὀρη
2569 1049 2646 1122 δὲ,
2679 1055 2814 1104 κατά
2866 1056 2955 1125 μέν
2994 1073 3158 1120 τινας,
3223 1054 3248 1105 6
3301 1053 3517 1126 οὐρανός
3562 1053 3698 1124 (71),
3733 1049 3832 1106 δια
3885 1057 3948 1107 τό

565 1161 956 1227 altitudinem,
983 1160 1045 1216 in
1074 1175 1198 1232 quo
1223 1158 1368 1215 alios
1399 1139 1636 1214 ordines
1683 1155 2015 1229 dereliquit.
2045 1155 2219 1209 Juxta

2343 1142 2479 1212 ἳψος,
2537 1140 2611 1213 ἐφ’
2641 1141 2702 1194 οὗ
2753 1141 2820 1193 τὰ
2900 1139 3026 1193 ἀλλα
3092 1143 3340 1215 τάγματα
3393 1141 3741 1195 καταλέλοιπεο
3803 1143 3951 1195 κατὰ

2343 1227 2392 1242 ..
2619 1231 2631 1242 .
2740 1237 2761 1242 _
2829 1226 2898 1242 ι..
2988 1233 2997 1242 .
3123 1233 3133 1242 .
3227 1229 3238 1242 ,
3331 1235 3340 1242 .
3500 1228 3571 1242 ..
3799 1230 3813 1242 .

565 1250 716 1310 alios
774 1226 997 1317 autem,
1058 1226 1236 1314 terra,
1290 1253 1526 1318 propter
1580 1250 1838 1314 agrestes
1889 1226 2216 1307 daemones,

2343 1227 2392 1284 δέ
2416 1249 2555 1291 τινας
2587 1231 2639 1299 ,ἡ
2693 1237 2785 1301 γῆ,
2817 1226 2910 1282 διὰ
2946 1233 3005 1283 τό
3053 1233 3168 1291 τοὺς
3217 1229 3433 1306 ἀγρίους
3488 1228 3740 1303 δαὶμονας
3792 1230 3952 1304 ἐμφι-

567 1339 761 1414 quiin
788 1354 859 1395 ea
883 1337 1242 1394 commorari
1301 1335 1584 1406 gaudent,
1641 1340 1930 1406 tanquam
1983 1333 2120 1387 ferae
2159 1331 2220 1384 in

2343 1325 2582 1392 toxmpsiv
2631 1319 2792 1391 αὐτῇ,
2842 1321 3074 1394 καθάπερ
3126 1322 3191 1372 τὰ
3250 1322 3408 1393 θηρία
3455 1327 3563 1382 τοῖς
3625 1325 3790 1396 ὄρεσι,
3853 1327 3952 1373 καὶ

566 1405 922 1493 montibus;
955 1429 1012 1482 et
1039 1425 1181 1498 quia
1232 1405 1483 1480 fructum
1511 1438 1634 1478 non
1674 1405 1858 1478 defert
1913 1421 2108 1475 lenem
2167 1424 2223 1474 et

2343 1405 2428 1461 ita
2481 1411 2540 1459 τὸ
2599 1412 2669 1480 μὴ
2727 1411 2893 1480 φέρειν
2948 1413 3147 1483 καρπόν
3204 1412 3412 1482 ἥμερον,
3473 1409 3809 1482 εὐφραίνοντα
3856 1414 3951 1463 τὸν

569 1531 833 1581 suavem,
887 1513 993 1587 qui
1019 1495 1266 1568 suavem
1296 1512 1615 1568 Dominum
1647 1515 1910 1566 nostrum
1951 1509 2218 1573 delectet,

2343 1496 2520 1570 ἥμερον
2567 1500 2830 1555 Δεσπότην
2884 1499 3048 1569 ἡμῶν,
3107 1496 3215 1549 ἀλλ’
3263 1499 3462 1571 ἄγριον,
3521 1495 3780 1556 ἡδύνοντα
3854 1503 3951 1552 τόν

571 1604 676 1660 sed
688 1586 986 1672 agrestem
1003 1605 1060 1656 et
1075 1600 1379 1668 acerbum,
1393 1600 1495 1672 qui
1514 1598 1730 1654 acerbo
1759 1600 1995 1654 Satanm
2016 1596 2219 1652 suavis

2343 1587 2510 1659 ἰγριον
2570 1592 2816 1638 Σατανᾶν·
2897 1588 2975 1659 ἐφ’
3034 1586 3069 1638 ἆ
3126 1586 3376 1661 ἐπορεύθη
3438 1587 3607 1648 ζητῶν
3677 1591 3736 1640 τό
3812 1587 3952 1642 πλα-

571 1692 669 1749 sit.
697 1691 783 1746 Ad
806 1691 914 1746 hos
943 1689 1242 1762 profectus
1255 1691 1362 1754 est,
1393 1671 1456 1744 ut
1474 1692 1703 1760 quaerat
1717 1703 1886 1743 ovem
1905 1691 2218 1742 errantem.

2343 1679 2578 1747 νώμενον.
2637 1675 2696 1727 Εἰ
2755 1671 2814 1726 δὲ
2864 1677 3133 1747 ἅνθρωπος
3177 1675 3237 1727 οὐ
3281 1682 3498 1749 περιορᾲ
3525 1675 3856 1750 πλανώμενον
3889 1683 3952 1731 τὸ

571 1780 744 1847 Quod
773 1779 820 1835 si
843 1779 1028 1835 homo
1042 1777 1754 1834 errantemirrationalem
1782 1792 1952 1832 ovem
1982 1792 2101 1832 non
2127 1776 2217 1831 de-

2343 1763 2518 1834 ἱλογον
2565 1763 2844 1839 πρόϐατον,
2897 1769 3071 1816 καίτοι
3116 1764 3280 1817 πολλὰ
3328 1768 3464 1837 ἔχων
3519 1764 3715 1826 ἀπλανῆ
3767 1767 3952 1840 πολλῷ

573 1869 765 1942 spicit,
781 1873 1136 1924 cumtamen
1151 1866 1370 1924 multas
1385 1866 1608 1922 habeat
1622 1882 1740 1922 non
1757 1871 2020 1922 errantes
2031 1907 2043 1928 ,
2077 1865 2226 1920 mul-

2343 1852 2523 1923 μᾶλλον
2571 1853 2597 1904 ό
2643 1855 2861 1915 Θεὸςτό
2900 1853 3130 1924 λογικόν,
3163 1853 3365 1916 οὗτινος
3413 1855 3439 1906 ό
3489 1855 3619 1916 ἔλεος
3667 1859 3795 1931 πρὸς
3860 1877 3953 1910 τον

573 1940 634 2014 to
658 1958 849 2026 magis
872 1959 1024 2012 Deus
1051 1955 1398 2011 rationalem
1414 1970 1536 2010 non
1557 1955 1832 2027 despicit,
1854 1955 2027 2025 cujus
2055 1953 2226 2008 mise-

2343 1941 2652 2017 ἀνθρώπινον
2704 1940 2836 1994 ἔλεον
2886 1945 2954 2004 ὡς
2997 1943 3086 2001 ὅλη
3136 1944 3377 1996 θάλασσα
3399 1947 3528 2017 πρὸς
3557 1949 3680 2018 μίαν
3713 1951 3954 2018 σταγόνα

573 2046 830 2104 ricordia
859 2045 938 2100 ad
970 2045 1297 2100 humanam
1331 2048 1434 2112 est,
1489 2043 1639 2099 sicut
1681 2059 1847 2099 mare
1911 2049 2101 2098 totum
2154 2043 2224 2097 ad
2337 2029 2555 2092 ὓδατος.

575 2150 757 2191 unam
781 2148 953 2206 aqua:
985 2136 1239 2202 guttam.

645 2225 805 2279 Vers.
838 2223 1010 2278 t3.Et
1037 2250 1108 2264 ο-
1131 2222 1570 2278 aberraverunt.
1595 2224 1797 2294 Neque
1823 2221 2228 2278 enimtantum

2411 2225 2517 2278 Καὶ
2568 2255 2637 2268 ι-
2692 2224 3121 2300 πεπλανημένοις.
3175 2227 3250 2280 Οὐ
3293 2230 3541 2282 τοσούτον
3587 2231 3689 2304 γὰρ
3747 2237 3953 2307 χαὶρο-

575 2311 910 2383 gaudemus
934 2310 1113 2366 dehis
1127 2326 1260 2382 quas
1292 2326 1492 2366 secure
1506 2311 1901 2382 possidemus,
1930 2315 2229 2383 quantum

2343 2332 2429 2385 μεν
2483 2312 2556 2385 ἐφ’
2588 2311 2661 2375 οἶς
2710 2313 2954 2388 ἀσφαλῶς
3000 2317 3210 2390 ἔχομεν,
3261 2317 3381 2370 ὅσον
3422 2315 3507 2371 ἐπι
3552 2325 3625 2390 τῷ
3673 2324 3805 2393 μετά
3849 2327 3950 2383 τὴν

574 2401 651 2458 de
679 2415 751 2456 eo
771 2399 936 2470 quod
966 2402 1286 2470 postquam
1318 2399 1612 2471 perditum
1642 2405 1764 2456 erat
1781 2400 2090 2456 inventum
2120 2405 2227 2456 est.

2343 2400 2594 2455 ἀπώλειαν
2639 2404 2911 2479 εὑρεθέντι.
2973 2407 3078 2460 Καὶ
3124 2407 3226 2478 γὰρ
3284 2404 3451 2459 ἐκεῖνα
3507 2410 3598 2480 μὲν
3650 2407 3729 2462 ἀεὶ
3795 2413 3950 2484 ἔχον-

575 2488 805 2545 Etenim
831 2503 968 2542 cum
997 2486 1092 2540 illa
1106 2501 1341 2558 semper
1358 2485 1703 2550 habeamus,
1737 2503 1860 2543 non
1883 2488 2035 2544 adeo
2058 2488 2230 2544 senti-

2343 2510 2443 2555 τες,
2475 2491 2534 2544 οὗ
2577 2500 2825 2546 τοσοῦτον
2875 2494 3231 2566 αἰσθανόμεθα
3281 2503 3374 2555 τῆς
3428 2503 3621 2570 χαρᾶςο
3675 2506 3829 2553 τοῦτο
3885 2499 3947 2555 δὲ

576 2593 713 2634 mus
739 2576 1015 2646 gaudium
1033 2576 1198 2648 quod
1222 2575 1298 2631 de
1327 2576 1471 2647 ipsis
1487 2576 1785 2632 habemus
1819 2594 1832 2633 :
1866 2593 2000 2632 cum
2030 2581 2230 2633 autem

2343 2579 2698 2647 ἀπολέσαντες,
2758 2588 2846 2634 καὶ
2906 2581 3114 2657 σφόδρα
3159 2583 3486 2648 λῦπηθέντες,
3539 2590 3604 2648 ὡς
3650 2587 3947 2660 ζημιωθέν-

575 2665 724 2722 illud
753 2665 1208 2737 perdiderimus,
1237 2680 1308 2721 ac
1347 2666 1722 2721 vehementer
1771 2667 2104 2723 contristati
2159 2666 2230 2724 εἰς

2343 2687 2437 2735 τες,
2499 2667 2608 2723 εἶτα
2657 2672 2905 2747 εὑρόντες,
2963 2669 3171 2748 σφόδρα
3216 2676 3304 2726 καὶ
3363 2679 3637 2748 χαίρομεν,
3693 2679 3763 2738 ὡς
3828 2699 3945 2755 κερ-

577 2770 737 2821 mus,
771 2759 1058 2826 tanquam
1105 2754 1332 2810 damno
1380 2754 1624 2812 affecti:
1673 2755 1777 2811 ubi
1799 2756 2226 2821 invenerimus,
2343 2755 2621 2821 δήσαντες.

580 2841 961 2898 vehementer
985 2841 1339 2912 gaudemus,
1372 2846 1664 2916 tanquam
1689 2843 1835 2900 illud
1855 2843 2094 2902 lucrati.

653 2932 816 2988 Vers.
856 2933 941 2988 14.
979 2932 1073 2986 Ita
1101 2961 1170 2974 —
1191 2931 1463 2989 istorum.
1497 2933 1602 2999 Ita,
1634 2933 1784 2990 sicut
1812 2933 2018 2990 docuit
2061 2950 2231 3006 para-

581 3019 742 3078 bola.
769 3023 996 3077 Patrem
1027 3036 1166 3077 vero
1181 3021 1608 3093 discipulorum
1636 3023 1901 3095 seipsum
1917 3025 2188 3080 nominat
2215 3041 2229 3080 :

582 3123 708 3167 non
757 3108 951 3165 solum
989 3113 1278 3182 tanquam
1315 3109 1585 3183 ipsorum
1626 3116 2074 3185 praeceptorem,

2415 2959 2595 3020 Οὕτως
2637 2988 2705 2998 -
2756 2960 2974 3014 τούτων.
3029 2957 3223 3026 Οὕτως,
3281 2962 3350 3022 ὡς
3406 2956 3645 3024 ἐδίδαξεν
3689 2963 3721 3020 ἡ
3775 2981 3940 3038 παρα-

2343 3044 2488 3104 ϐολή.
2563 3051 2769 3121 Πατέρα
2837 3043 2897 3100 δε
2948 3056 3049 3100 τῶν
3122 3051 3365 3121 μαθητῶν
3442 3050 3624 3103 ἑαυτὸν
3703 3051 3948 3125 ὀνομάζει

2128 3114 2234 3214 δθίξ
2271 3121 2315 3184 C
2341 3142 2429 3187 νῦν
2474 3134 2532 3187 οὗ
2571 3114 2726 3208 μόνον
2773 3137 2843 3198 ὡς
2892 3114 3238 3203 διδάσκαλον,
3291 3137 3419 3191 ἀλλὰ
3447 3143 3536 3191 καὶ
3565 3142 3634 3202 ὡς
3677 3114 3946 3214 δημιιουρ-

583 3198 765 3254 etiam
792 3202 1076 3270 tanquam
1090 3202 1415 3256 creatorem
1426 3241 1440 3255 .
1459 3200 1615 3257 Scire
1631 3200 1790 3256 enim
1814 3206 2048 3274 oportet
2067 3203 2230 3275 quod

2343 3227 2453 3296 γόν.
2509 3228 2625 3297 Χρὴ
2680 3227 2781 3299 γὰρ
2842 3229 3137 3297 γὶνὼσκειν,
3189 3228 3269 3280 ὅτι
3319 3232 3443 3281 ποτέ
3491 3230 3579 3301 μὲν
3625 3232 3712 3283 τόν
3759 3229 3948 3283 ἑαυτοῦ

579 3285 882 3344 interdum
904 3289 1133 3344 Patrem
1164 3304 1343 3345 suum
1359 3289 1500 3346 dicit
1524 3289 1756 3347 Patrem
1773 3289 2228 3364 discipulorum,

2345 3285 2991 3390 hurs'pu'h'yvudlurs'pu
3044 3285 3144 3368 τῶν
3197 3285 3644 3389 μαθητῶν,.ποτε
3703 3315 3762 3374 δι
3819 3319 3946 3373 ἑαυ-

583 3374 883 3432 interdum
921 3391 1058 3432 vero
1087 3377 1370 3450 seipsum.
2342 3406 2448 3456 τόν,

658 3464 867 3522 Coram
927 3465 1098 3521 Patre
1150 3472 1343 3524 vestro
1399 3471 1618 3535 autem,
1659 3467 1776 3524 hoc
1813 3473 1922 3535 est,
1953 3469 2015 3526 in
2063 3471 2230 3527 Patre

2413 3489 2740 3566 Ἐμπροσθεν
2799 3488 2858 3545 δε
2917 3499 3012 3545 τοῦ
3065 3495 3271 3568 Πατρός
3336 3495 3499 3567 ὑμῶν,
3555 3495 3668 3550 ἀντὶ
3723 3506 3835 3568 τοῦ,
3899 3499 3949 3552 ἐν

584 3557 797 3610 vestro.
821 3557 966 3610 Nam
988 3559 1044 3610 et
1070 3554 1166 3610 hic
1196 3571 1392 3612 sermo
1408 3556 1628 3628 linguae
1650 3559 1980 3629 proprietas
2006 3563 2114 3614 est.
2140 3562 2230 3614 Ve-

2344 3588 2416 3651 τῷ
2469 3554 2637 3654 ίἸατρὶ
2689 3581 2850 3654 ὑμῶν.
2903 3578 3130 3656 Ἰδίωμα
3177 3554 3278 3656 γὰρ
3340 3554 3428 3636 κιαὶ
3484 3554 3638 3648 οὗτος
3692 3588 3717 3638 6
3767 3554 3944 3659 λόγος.

585 3657 724 3699 rum
753 3643 1061 3714 quomodo
1094 3644 1332 3714 signum
1372 3661 1496 3701 non
1525 3646 1683 3702 dedit
1714 3663 1838 3719 quo
1868 3647 2114 3719 pusillos
2143 3664 2230 3705 co-

2345 3669 2501 3723 Ἀλλὰ
2545 3678 2653 3732 πῶς
2702 3670 2760 3722 οὐ
2811 3667 3085 3744 παρέδωκε
3130 3677 3422 3745 γνώρισμα,
3487 3669 3558 3726 δι’
3588 3675 3648 3726 οὔ
3690 3679 3806 3738 τοὺς
3832 3697 3950 3731 τοι-

585 3733 806 3800 gnituri
843 3733 1034 3787 simus
1056 3733 1083 3789 ‘2
1115 3734 1184 3789 Ut
1213 3750 1351 3790 eum
1379 3734 1484 3808 qui
1509 3734 1732 3808 dignus
1763 3741 1852 3792 est
1873 3735 2230 3808 ignorantes,

2345 3761 2529 3820 ούτους
2579 3762 2801 3834 μικροὺς
2849 3758 3117 3833 ἐμέλλομεν
3157 3759 3561 3833 ἐπιγινώσκειν;
3606 3763 3735 3833 Ἵνα,
3791 3763 3951 3838 ἁγνο-

585 3818 817 3876 nullum
835 3819 1259 3893 despiciamus,
1281 3824 1385 3880 sed
1399 3824 1673 3880 omnium
1686 3841 1892 3882 curam
1904 3825 2230 3883 habeamus

2345 3855 2516 3911 οῦντες
2544 3851 2630 3900 τόν
2660 3848 2823 3914 ἄξιον,
2856 3845 3080 3922 μηδενὸς
3123 3859 3520 3925 καταφρονῶμεν
3566 3851 3696 3907 ἀλλὰ
3738 3856 3950 3909 πάντων

2345 3936 2720 4010 ἐπιμελώμεθα.

656 4015 825 4106 Vers.
869 4018 951 4106 15.
984 4017 1060 4106 Si,
1087 4049 1156 4060 —
1184 4018 1386 4075 solum.
1437 4019 1590 4087 Quia
1620 4021 1960 4079 vehementi
2013 4039 2230 4083 sermo-

2413 4025 2528 4080 Ἐάν
2578 4057 2647 4068 -
2699 4030 2879 4099 μόνον.
2940 4024 3151 4086 Ἐπειδὴ
3210 4025 3439 4102 σφοδρὸν
3493 4035 3748 4086 κατέτεινε
3793 4032 3950 4106 λόγον

585 4118 662 4158 ne
685 4102 962 4161 disseruit
992 4105 1276 4162 adversus
1306 4121 1408 4162 eos
1433 4109 1538 4180 qui
1569 4113 1708 4166 sunt
1755 4109 2118 4169 offendiculo
2144 4113 2230 4168 vel

2344 4116 2477 4168 κατὰ
2520 4123 2620 4167 τῶν
2670 4112 3141 4181 σκανδαλιζόντων,
3196 4121 3286 4170 καὶ
3353 4123 3685 4191 πανταχόθεν
3755 4123 3952 4188 αὐτοὺς

583 4191 917 4262 obstaculo,
948 4197 1004 4249 et
1033 4193 1296 4266 undique
1326 4210 1428 4250 eos
1458 4197 1662 4253 terruit
1691 4213 1710 4252 :
1739 4199 1984 4255 tandem
2029 4201 2106 4256 ad
2132 4217 2230 4256 eos

2343 4203 2583 4277 ἕφόϐησε,
2634 4204 2811 4258 λοιπὸν
2858 4205 3156 4278 μεταϐαίνει
3201 4211 3291 4259 καὶ
3355 4206 3438 4260 ἐπὶ
3484 4213 3605 4272 τοὺς
3665 4209 3952 4268 σκανδαλι-

581 4295 826 4354 quoque
855 4282 1075 4346 transit,
1103 4282 1208 4354 qui
1235 4283 1540 4355 patiuntur
1564 4284 2018 4359 oﬂ‘endiculum,
2047 4293 2104 4345 et
2134 4290 2230 4361 ju-

2346 4296 2608 4366 ζομένονς,
2668 4298 2756 4346 καὶ
2820 4294 3012 4349 κελεύει
3085 4299 3155 4368 μὴ
3233 4294 3432 4368 ἀμελεῖν
3506 4306 3606 4350 τῶν
3665 4298 3951 4354 σκανδαλι-

579 4368 681 4425 bet
695 4385 817 4426 non
837 4372 1139 4442 aspernari
1159 4387 1262 4428 eos
1277 4373 1382 4445 qui
1405 4378 1542 4430 sunt
1567 4373 1928 4432 oﬂendiculo
1949 4379 2230 4436 .Fratrem

2344 4383 2562 4437 σάντων.
2615 4379 2860 4455 Ἀδελφόν
2920 4380 2978 4437 δε
3020 4383 3152 4457 λέγει
3193 4388 3280 4438 τὸν
3329 4385 3583 4459 ὁμόφυλόν
3625 4394 3715 4441 καὶ
3763 4391 3948 4462 ὀμόπι-

579 4461 779 4514 autem
811 4459 970 4525 dicit,
1000 4459 1270 4531 ejusdem
1295 4463 1487 4550 gentis
1515 4479 1584 4519 ac
1611 4463 1752 4521 ﬁdei
1799 4465 2130 4524 hominem.
2166 4467 2230 4525 Et

2343 4491 2483 4526 στον.
2545 4476 2644 4525 Καὶ
2674 4468 2851 4530 ἐπειδὴ
2881 4474 2907 4524 6
2940 4469 3300 4536 σκανδαλίσας
3345 4475 3438 4527 οὐκ
3482 4474 3543 4528 ἂν
3591 4477 3818 4550 εὐχερῶς
3858 4478 3945 4531 ἔλ-

580 4546 724 4637 quia
768 4547 818 4601 is
848 4548 951 4620 qui
979 4547 1086 4605 fuit
1116 4548 1475 4606 oﬁ'endiculo
1507 4567 1629 4608 non
1655 4552 1829 4610 facile
1869 4556 2090 4613 veniret
2152 4557 2229 4614 ad

2343 4563 2423 4614 θοι
2491 4564 2616 4636 πρὸς
2673 4559 2972 4633 ἀπολογίαν,
3034 4564 3282 4636 ἐρυθριῶν
3339 4584 3394 4618 τε
3465 4570 3554 4618 καὶ
3619 4566 3941 4637 αἰσχυνόμε-

574 4633 1009 4692 confessionem
1031 4641 1134 4694 aut
1151 4639 1569 4711 purgationem,
1602 4640 1815 4698 rubore
1843 4658 1909 4698 ac
1935 4644 2230 4702 confusio-

2343 4668 2422 4710 νος
2469 4633 2555 4701 τόν
2607 4633 3076 4718 σκανδαλισθένταν,
3131 4633 3268 4724 ςέέρει
3339 4653 3454 4725 (72)
3529 4657 3654 4726 πρὸς
3708 4633 3933 4710 ἐκεῖνον.

579 4738 653 4777 ne
679 4723 968 4815 detentus,
1009 4727 1169 4783 ducit
1210 4729 1377 4784 illum
1409 4730 1514 4801 qui
1539 4729 1960 4788 offendiculqu
2013 4750 2229 4805 passus

2343 4742 2528 4809 Ὕπαγε
2595 4740 2719 4812 γὰρ,
2778 4745 2929 4811 φησὶ,
3003 4746 3093 4793 καὶ
3162 4741 3362 4812 ἢεγξον
3424 4743 3599 4815 αὐτὸν,
3652 4747 3939 4814 τοντέοτιν,

578 4815 669 4865 est
689 4811 936 4868 adeum.
960 4815 1090 4879 Abi.
1114 4815 1324 4888 inquit,
1352 4823 1407 4874 et
1429 4835 1611 4890 argue
1636 4836 1796 4886 eum,
1822 4821 1937 4878 hoc
1959 4827 2065 4888 est,
2094 4839 2229 4894 sug-

2343 4827 2638 4898 ὑπόμνησον
2691 4830 2770 4880 ὃτι
2827 4825 3192 4896 ἐσκανδάλισε,
3249 4827 3470 4894 δίδαξον
3535 4834 3615 4886 ὅτι
3687 4829 3937 4892 ἠδίκησε·

577 4902 904 4996 gere-quod
934 4901 1106 4960 fuerit
1153 4905 1510 4996 offendicula
1540 4929 1554 4964 :
1585 4907 1734 4966 doce
1785 4909 1952 4980 quod
2004 4911 2227 4982 injuste

2343 4914 2468 4973 Ιπλὴν
2507 4913 2792 4989 ἀδελφικῶς
2838 4936 2892 4970 τε
2930 4923 3020 4970 καὶ
3064 4915 3436 4992 διορθωτικῶς,
3473 4926 3563 4974 καὶ
3610 4927 3682 4995 μὴ
3729 4921 3940 4996 ἕχθρω-

576 4988 780 5056 egerit,
821 4987 1075 5047 fraterne
1105 5001 1308 5049 tamen
1363 4999 1421 5051 et
1447 4995 1510 5052 in
1561 4997 1812 5054 modum
1855 4999 2224 5072 corrigentis,

2343 4999 2444 5066 δῶς
2489 5024 2544 5058 τε
2598 5011 2690 5059 xui.
2736 5005 3140 5069 ἐπιπληκτικῶς.
3203 5012 3302 5061 Καὶ
3349 5011 3432 5062 ἵνα
3482 5009 3869 5086 εὐπαράδεκτος
3913 5016 3940 5067 6

575 5089 694 5130 non
723 5077 897 5147 quasi
934 5076 1204 5135 inimicus
1248 5087 1352 5139 aut
1380 5083 1738 5158 increpans;
1790 5091 1848 5144 et
1880 5092 1944 5145 ut
1995 5089 2225 5148 facilius

2343 5092 2553 5165 ἔλεγχος
2600 5100 2819 5168 γένοιτο,
2877 5100 3155 5172 προτρέπει
3212 5097 3404 5170 μεταξὺ
3469 5108 3570 5152 τῶν
3615 5076 3719 5155 ’δύο
3771 5107 3939 5176 μόνων

1802 5327 2019 5397 Variae
2056 5328 2388 5400 lectiones
2415 5339 2708 5402 etnotae.

775 5539 1541 5639 '(rl‘ons‘tariter‘ergqprobat
1581 5547 1653 5619 ἓν,
1683 5565 1795 5622 pro
1845 5552 2074 5623 vulgari
2135 5555 2213 5612 ὃν.

2343 5553 2794 5639 ταανδαλισθένς-ᾳ.
2826 5561 3282 5639 Hentenius,_ut_
3307 5563 3563 5639 videtur,
3589 5566 3935 5639 paraphra-

658 5607 1434 5703 Ζὲὶ”ί2,ἲ⁷ἔξέϊ⁶ς,νεξ>εἶιηίβο,
1924 5607 2073 5703 ,π
2165 5607 2212 5703 ,⁷

2343 5607 2478 5686 ιιεῷ
2501 5607 2806 5703 satis};
2826 5607 3931 5703 23152;;aisiie";sli“iﬁ.faista;

657 5681 748 5753 72)
800 5681 1256 5756 Ιηῑθεροειιειιὶω
1314 5687 1468 5741 αὐτόν
1521 5695 1624 5747 aut
1664 5709 1863 5761 τουτον,
1919 5693 1961 5752 i.
2017 5709 2070 5752 e.
2124 5698 2213 5750 τὸν

2343 5681 3255 5774 sissis;maximam:
