4186 6318
267 330 373 386 505

1228 332 1591 388 COMMENT.
1633 334 1707 387 IN
1749 322 2190 387 ΜΑΤΤΗᾸΞΠΜ.
2232 362 2296 372 -
2338 332 2495 388 CAP.
2532 333 2728 387 XVIII.

3532 334 3639 388 506

266 457 506 526 γίνεσθαι
569 463 771 521 τοῦτον,
836 462 1037 529 μήποτε
1119 455 1491 530 δημοσιευθεὶς
1559 459 1873 531 ἰταμώτερος

1993 457 2167 527 recipi
2200 456 2717 529 possitcorreptio,
2742 458 3090 512 exhortatur
3130 462 3191 512 ut
3213 456 3319 511 ﬁat
3343 458 3492 512 inter
3515 457 3639 512 duo

266 548 481 617 γένηται
506 550 598 598 καὶ
627 543 693 598 δυ
703 542 1040 620 σδιόρθωτος.

342 804 461 855 Ἐὰν
503 834 567 843 -
623 823 737 857 σου.
794 804 911 857 Ἐάν
974 824 1057 857 σοι
1108 807 1298 877 πεισθῇ
1358 803 1729 878 διορθουμένῳ,
1784 810 1875 858 καὶ

270 898 590 963 μετανοήση,
644 898 734 945 καὶ
802 902 1043 965 καταγνῷ
1103 894 1307 961 ἑαυτοῦ,
1392 892 1685 970 ἐκέρδησας
1741 899 1874 966 μέγα

269 979 474 1055 κέρδος,
531 982 682 1035 αὐτὸν
732 986 818 1035 τὸν
880 980 1098 1056 ἀδελφόν
1157 1004 1273 1051 σου,
1335 987 1393 1036 τὸ
1441 983 1587 1056 μελος
1642 988 1700 1036 τὸ
1761 986 1872 1039 σόν.

270 1077 486 1144 Πρῶτον
515 1074 615 1145 γὰρ
648 1070 861 1144 ίξημιοῦ
906 1080 1104 1139 τοῦτον,
1161 1070 1255 1126 διὰ
1295 1080 1387 1126 τοῦ
1428 1068 1723 1125 σκανδάλου
1769 1073 1872 1147 ῥη-

276 1162 520 1230 γνύμενον
570 1158 672 1212 ἀπὸ
731 1169 825 1223 τῆς
881 1158 1161 1234 ἀδελφικῆς
1230 1182 1322 1215 σου
1400 1167 1691 1234 συναφείας,
1746 1164 1868 1234 ὅπερ

271 1247 473 1317 μεγάλη
506 1248 671 1320 ζημία
700 1258 805 1311 τοῖς
834 1249 1037 1312 ἀληθῶς
1062 1248 1321 1316 ἀδελφοῖς.

338 1336 459 1388 Ἐὰν
490 1368 559 1376 -
586 1339 750 1411 ῥῆμα.
797 1337 1013 1398 Ἐπειδὴ
1066 1346 1218 1412 μόνος
1268 1342 1531 1403 ήτὸνησας
1577 1341 1868 1413 ἰατρεῦσαι,

259 1424 535 1497 παράλαϐε
595 1431 723 1498 μετά
780 1436 874 1480 σοῦ
928 1432 1000 1481 ἔτι
1044 1435 1115 1501 μή
1172 1429 1408 1495 πολλοὺς,
1472 1433 1556 1481 ἴνα
1598 1434 1669 1501 μὴ
1716 1428 1869 1481 πάλιν

260 1510 476 1581 ἐκεῖνος,
552 1512 707 1577 δόξας
786 1515 1221 1589 ἕκπομπεύεσθαι,
1274 1518 1619 1593 σκληρότερος
1676 1516 1868 1589 ἀποϐῇ,

260 1600 368 1652 ἀλλ’
401 1602 493 1653 ἕνα
530 1604 560 1661 ἡ
598 1601 694 1656 δύο
748 1604 996 1677 βοηθοὺς,
1032 1608 1130 1674 ἵνα,
1185 1608 1227 1660 εἰ
1270 1606 1501 1680 ἐπιμείνη
1553 1612 1623 1679 μή
1671 1606 1872 1679 μαλασ-

261 1693 509 1760 σόμενος,
556 1690 657 1744 ὦσι
710 1699 800 1746 καὶ
847 1697 1104 1769 μάρτυρες
1156 1704 1246 1757 τῆς
1290 1715 1343 1749 τε
1376 1705 1469 1757 σῆς
1504 1715 1871 1771 χρηστοτητος

256 1783 350 1830 καὶ
406 1787 509 1841 τῆς
547 1779 739 1834 ἑκείνου
778 1783 1147 1858 σκληροτητος,
1202 1790 1291 1837 καὶ
1340 1787 1423 1837 ἶνα
1455 1789 1589 1837 κατά
1640 1789 1734 1843 τὴν
1780 1792 1871 1845 τῆς
1900 1788 1943 1843 Β

254 1866 497 1928 παλαιᾶς
542 1873 865 1942 νομοθεσίας,
920 1872 1179 1944 ἀπόφασιν
1230 1872 1312 1926 ἐπὶ
1372 1878 1649 1946 στόματος,
1708 1874 1869 1944 ἤγουν

255 1952 353 2009 διὰ
384 1963 668 2030 στόματος,
712 1956 809 2013 δύο
851 1965 1124 2035 μαρτύρων
1163 1967 1193 2021 ἤ
1226 1971 1380 2037 τριῶν
1412 1965 1603 2037 σταθῇ,
1630 1966 1871 2015 τουτέστι

254 2046 536 2121 βεϐαιωθῇ
570 2057 672 2102 πᾶν
698 2052 861 2125 ῥῆμα,
898 2054 924 2104 ὃ
954 2052 1114 2117 ἐστιν,
1162 2055 1241 2105 ὅτι
1273 2057 1339 2106 σὺ
1380 2057 1440 2107 τὸ
1474 2058 1563 2107 σὸν
1594 2052 1868 2124 ἐποίησας,

252 2141 346 2188 καὶ
376 2134 535 2190 addis
576 2137 814 2205 ἐνέλιπες,
865 2150 1044 2217 πρῶτα
1085 2146 1175 2215 μὲν
1214 2147 1366 2215 μόνος
1412 2144 1662 2209 ἀπελθὼν,
1696 2146 1871 2196 ἔπειτα

254 2222 313 2278 δε
346 2230 447 2278 καὶ
478 2226 669 2291 ἄλλους
699 2230 1138 2305 συμπαραλαϐών.

326 2316 455 2368 Ἐὰν
534 2348 605 2358 -
660 2318 969 2392 Ἐκκλησία,
1029 2320 1340 2379 Ἐκκλησίαν
1395 2321 1531 2393 λέγει
1586 2329 1680 2374 νῦν
1750 2327 1871 2385 τοὺς

256 2414 605 2479 προεστῶτας
648 2415 744 2469 τῆς
806 2409 1120 2471 Ἐκκλησίας
1171 2419 1270 2462 τῶν
1322 2420 1542 2463 πιστῶν.
1592 2411 1869 2483 Ἀνάιγγει-

258 2492 348 2545 λον
400 2495 585 2557 αὐτοῖς
631 2498 697 2548 τὰ
734 2503 851 2571 περὶ
882 2499 1059 2551 αὑτοῦ·
1108 2503 1239 2562 ἴσως
1285 2500 1436 2553 αάτοὶ
1486 2508 1667 2554 τοῦτον
1714 2502 1888 2573 μετα-⁸

263 2587 569 2650 πείσουσιν,
604 2582 910 2659 αἰδούμενον
940 2592 1033 2647 τήν
1056 2590 1323 2664 ὑπεροχήν
1353 2590 1538 2644 αὐτῶν.

343 2672 464 2726 Ἐὰν
512 2704 581 2714 -
632 2675 871 2737 τελώνης.
932 2676 1107 2731 Ἔστω
1161 2698 1245 2730 σοι
1296 2678 1475 2731 λοιπὸν
1511 2678 1868 2746 ἀκοινώνητος,

270 2764 340 2822 ὡς
394 2761 617 2824 ἀνίατος.
672 2770 795 2825 Τοῖς
841 2764 1055 2827 ίθνικοῖς
1121 2763 1199 2822 δε.
1256 2776 1360 2828 τοῖς
1418 2766 1675 2833 ἀπίστοις,
1750 2772 1870 2831 τούς

269 2851 489 2912 τελώνας
538 2853 805 2916 συνέζευξε
862 2851 955 2906 διὰ
1010 2859 1069 2907 τὸ
1137 2856 1527 2931 φιλοχρήματον
1581 2862 1669 2911 καὶ
1726 2857 1870 2911 πλεο-

272 2942 531 3006 νεκτικὸν,
558 2946 644 2994 xui
672 2940 996 3015 ἀσυμπαθες,
1028 2949 1117 2997 καὶ
1154 2942 1365 3003 ἄδικον.

340 3213 665 3288 Ἀκούτωμεν
726 3221 774 3271 οἱ
820 3226 925 3280 τοῖς
972 3238 1229 3282 τοιούτοις
1279 3225 1493 3276 πόθεσιν
1549 3221 1867 3296 ἐνεχόμενοι.

261 3301 402 3377 Ὀρα
465 3301 545 3373 δὲ,
594 3311 766 3366 πόσην
830 3306 1069 3368 σπουδήν
1141 3307 1507 3374 ἐπιδείξασθαι
1555 3313 1869 3387 προσέταξεν

261 3392 393 3467 ὑπὲρ
420 3401 516 3444 τοῖ
546 3391 896 3470 διορθοῦσθαι
914 3402 1037 3459 τοὺς
1064 3396 1512 3461 σκανδαλίσαντας
1542 3402 1699 3473 ἡμᾶς·
1721 3403 1872 3473 ἡμεῖς

265 3477 325 3533 δε
366 3481 548 3535 λοιπὸν
599 3481 724 3537 οὐδὲ
752 3489 873 3547 τοὺς
916 3488 1002 3559 ὑφ’
1031 3490 1176 3559 ήμῶν
1210 3486 1686 3550 σκανδαλισθέντας
1717 3491 1873 3564 θερα-

262 3573 443 3625 πεύειν
496 3571 923 3646 καταδεχόμεθα.
1004 3581 1068 3629 Τί
1124 3574 1259 3644 οὖν;
1313 3586 1463 3631 τοῦτο
1517 3584 1669 3651 μόνον
1726 3582 1874 3632 ἔσται

261 3662 492 3723 κόλασις
543 3671 618 3733 τῷ
687 3662 879 3735 ἀνιάτω
908 3682 922 3732 ;
982 3666 1150 3738 Οὐχὶ,
1226 3665 1335 3718 ἀλλ’
1408 3668 1565 3721 ἄκουε
1636 3672 1725 3721 καὶ
1776 3678 1873 3721 τῶν

256 3751 347 3815 ἐξῆ
362 3772 406 3814 ς.

328 3841 508 3913 Ἀμὴν
558 3872 627 3881 -
684 3841 902 3919 οὐρανῷ.
962 3844 1215 3905 Κελεύσας
1270 3844 1557 3898 τελευταῖον
1594 3846 1750 3898 εἰπεῖν
1806 3855 1870 3919 τῇ

249 3929 578 4002 Ἐκκλησίᾳ,
630 3927 840 3990 δηλαδή
884 3941 995 3994 τοῖς
1040 3942 1332 4007 προεστῶσι
1386 3942 1474 3995 τῆς
1536 3934 1868 4007 Ἐκκλησίας,

243 4017 435 4071 λοιπὸν
490 4022 618 4093 πρὸς
681 4021 869 4083 αὐτοὺς
932 4021 1256 4075 ἀποτείνεται
1348 4022 1527 4095 λέγων’
1601 4022 1741 4077 Ὂσα
1811 4024 1870 4077 ἂν

250 4105 472 4168 δήσητε
530 4106 615 4161 ἐπὶ
677 4119 775 4173 τῆς
830 4120 951 4183 γῆς,
997 4116 1087 4165 καὶ
1138 4116 1205 4165 τὰ
1260 4112 1396 4176 ἑξῆς.
1456 4120 1619 4166 Τοῦτο
1676 4111 1736 4167 δε
1781 4120 1871 4168 xui

251 4199 391 4271 πρὸς
410 4201 502 4249 τὸν
533 4202 724 4273 Πέτρον
750 4198 904 4267 εἶπεν,
930 4199 978 4253 ἓν
998 4209 1070 4272 τῷ
1091 4210 1385 4277 τριακοστῷ
1405 4206 1562 4278 τρίτῳ
1588 4204 1867 4277 κεφαλαίῳ,

252 4290 355 4338 καὶ
388 4286 622 4346 ζήτησον
663 4287 766 4341 ἐκεῖ
785 4294 879 4349 τήν
910 4288 1187 4362 ἐξήγησιν.

335 4380 494 4427 ’Ἐστι
541 4373 600 4430 δι
650 4385 737 4429 νῦν
789 4381 820 4437 ή
873 4376 1081 4432 διάνοια
1151 4388 1241 4432 τοῦ
1290 4382 1453 4455 ῥητοῦ
1502 4385 1740 4450 τοιαύτη,
1795 4385 1872 4437 ὅτι

1986 549 2306 611 tantum,ne
2322 545 2467 600 forte
2483 544 2817 615 publicatus
2831 543 3143 616 improbior
3155 544 3257 601 ﬁat
3269 560 3338 599 ac
3353 544 3641 618 incorrigi-

1983 632 2140 688 bilis.

2058 743 2216 795 Vers.
2246 742 2330 795 t5.
2366 742 2434 795 Si
2459 771 2528 781 -
2556 744 2743 795 tuum.
2766 741 2820 797 Si
2844 740 2951 796 tibi
2992 741 3281 797 obedierit
3323 741 3636 812 corrigenti

1982 827 2433 900 resipueritque,
2450 844 2519 883 ac
2534 827 2797 899 seipsum
2821 828 3325 893 condemnaverit,
3346 844 3635 899 magnum

1985 916 2166 972 fecisti
2190 916 2444 985 lucrum,
2462 917 2664 988 ipsum
2685 916 3205 973 videlicetfratrem
3232 922 3420 985 tuum,
3451 934 3635 973 mem-

1982 1005 2157 1061 brum
2186 1010 2375 1062 tuum.
2420 1006 2588 1061 Hunc
2617 1006 2777 1061 enim
2808 1005 3154 1077 perdideras
3178 1012 3420 1079 propter
3449 1006 3631 1062 offen-

1981 1093 2261 1158 diculum,
2274 1095 2577 1151 divulsum
2592 1110 2627 1151 a
2639 1093 2893 1152 fraterna
2906 1095 3035 1165 conj
3050 1094 3319 1150 unctione
3334 1100 3452 1159 tua,
3470 1093 3635 1166 quod

1981 1184 2207 1254 grande
2249 1184 2539 1239 damnum
2570 1188 2657 1239 est
2682 1183 2775 1239 his
2795 1183 2899 1255 qui
2942 1197 3078 1238 vere
3099 1182 3307 1238 fratres
3333 1186 3489 1237 sunt.

2050 1291 2326 1347 Vers.16.
2364 1291 2429 1347 Si
2453 1324 2518 1331 —
2544 1291 2792 1347 verbum.
2864 1291 3012 1356 Quia
3044 1290 3203 1344 solus
3255 1306 3374 1345 non
3403 1288 3639 1345 valuisti

1980 1394 2208 1442 curare,
2241 1395 2481 1434 assume
2522 1385 2717 1433 tecum
2762 1379 2961 1435 adhuc
3007 1395 3127 1433 non
3168 1378 3405 1446 multos,
3441 1393 3513 1433 ne
3545 1377 3638 1432 ille

1979 1466 2271 1539 publicari
2303 1483 2363 1521 se
2390 1474 2691 1538 reputans,
2719 1468 2927 1522 durioa
2949 1467 3276 1533 efficiatur;
3312 1466 3416 1520 sed
3449 1482 3634 1520 unum

1982 1556 2248 1610 autduos
2280 1555 2673 1620 auxiliatores,
2702 1560 2763 1610 ut
2788 1556 2833 1609 si
2853 1555 3260 1627 perduraverit
3289 1570 3407 1609 non
3438 1554 3639 1609 molle-

1982 1658 2141 1707 cens,
2186 1645 2301 1698 sint
2334 1646 2498 1699 etiam
2527 1648 2698 1699 testes
2728 1651 2845 1699 tua
2880 1642 3362 1698 mansuetudinis
3384 1647 3440 1697 et
3477 1642 3637 1697 duri-

1982 1732 2077 1787 tiei
2106 1732 2303 1797 illius,
2330 1738 2509 1805 utque
2539 1734 2708 1803 juxta
2765 1734 2972 1788 veteris
3003 1733 3148 1801 legis
3183 1731 3539 1787 sententiam
3574 1731 3635 1786 in

1982 1837 2082 1877 ore
2110 1822 2231 1877 sive
2262 1838 2367 1893 per
2397 1839 2463 1876 os
2492 1821 2750 1877 duorum
2776 1822 3009 1877 testium
3028 1821 3121 1876 vel
3146 1822 3337 1886 trium,
3364 1825 3494 1890 stet,
3519 1820 3635 1875 hoc

1982 1915 2088 1976 est,
2121 1911 2506 1967 conﬁrmetur
2519 1927 2697 1966 omne
2716 1911 2984 1975 verbum,
3015 1915 3229 1982 putate
3249 1910 3455 1964 fecisse
3472 1909 3635 1979 quod

1978 1998 2040 2055 in
2071 2003 2125 2055 te
2175 2004 2278 2065 est,
2329 2000 2593 2072 nihilque
2652 1999 3098 2071 pratermisisse
3133 2015 3144 2051 :
3174 1998 3426 2071 primurn
3471 1995 3633 2052 enim

1980 2087 2141 2144 solus
2172 2088 2365 2144 abiisti
2390 2089 2467 2145 ad
2507 2104 2668 2153 eum,
2700 2088 2917 2145 deinde
2974 2087 3101 2143 aliis
3131 2102 3373 2160 quoque
3407 2100 3636 2141 assum-

1978 2177 2113 2249 ptis.

2048 2286 2211 2341 Vers.
2228 2286 2312 2340 17.
2332 2285 2555 2354 Quodsi
2568 2286 2938 2341 —Ecclesia?.
2956 2283 3273 2339 Ecclesiam
3290 2298 3448 2338 nunc
3463 2286 3633 2339 vocat

1979 2374 2263 2446 prasides
2286 2374 2553 2430 fidelium
2577 2375 2874 2431 Ecclesia.
2912 2373 3199 2429 Renuntia
3231 2371 3344 2426 illis
3370 2387 3503 2444 qua
3527 2372 3632 2427 cir-

1981 2465 2218 2521 cahunc
2245 2468 2519 2537 aguntur.
2539 2464 2915 2521 Fortassisilli
2947 2461 3350 2518 immutabuut
3379 2476 3515 2516 eum
3534 2477 3631 2515 ve-

1980 2554 2159 2609 ritum
2190 2553 2538 2624 dignitatem
2571 2555 2861 2625 ipsorum.

2052 2660 2216 2716 Vers.
2240 2661 2327 2715 t7.
2345 2660 2527 2716 Porro
2545 2660 2597 2717 si
2624 2690 2687 2700 —
2710 2660 3089 2730 publicanus.
3117 2658 3199 2715 Sit
3223 2658 3325 2713 tibi
3346 2658 3629 2730 deinceps

1990 2749 2709 2814 incommumuuicabilis,
2734 2766 2867 2805 cum
2897 2765 3013 2821 quo
3045 2748 3271 2804 nullam
3306 2748 3469 2803 ineas
3498 2746 3630 2802 vita

1981 2838 2339 2902 societatem,
2368 2844 2647 2911 tanquam
2674 2836 3115 2894 immedicabili.
3136 2837 3390 2893 Ethnicis
3432 2840 3632 2891 autem

1979 2926 2319 2983 infidelibus
2350 2928 2657 2999 conjunxit
2678 2928 3055 3001 publicanos,
3097 2930 3338 2998 propter
3363 2924 3631 2997 pecunia

1978 3032 2247 3072 amorem
2268 3021 2323 3074 et
2347 3017 2679 3084 avaritiam,
2700 3014 3353 3089 incompassibilitatem
3384 3016 3440 3069 et
3479 3013 3635 3084 inju-

1905 3105 2219 3209 @stitiam.

2049 3212 2371 3269 Audiamus
2384 3228 2526 3283 ergo
2543 3213 2641 3284 qui
2654 3212 2753 3283 huj
2764 3212 2991 3268 usmodi
3011 3210 3420 3267 affectionibus
3434 3225 3631 3264 sumus

1979 3301 2243 3357 obnoxii.
2266 3301 2406 3356 Vide
2434 3305 2637 3356 autem
2663 3305 2957 3372 quantum
2990 3298 3262 3354 adhiberi
3296 3297 3537 3368 jusserit
3568 3301 3634 3353 ut

1981 3388 2353 3458 corrigantur
2379 3388 2440 3445 hi
2468 3388 2573 3461 qui
2602 3387 2813 3443 fuerint
2841 3386 3203 3443 offendiculo
3230 3402 3244 3451 ;
3272 3401 3406 3441 cum
3436 3399 3632 3456 neque

1981 3478 2111 3534 illos
2124 3494 2333 3534 curare
2356 3479 2675 3533 sustineam
2687 3494 2772 3543 us,
2799 3477 3019 3550 quibus
3041 3475 3423 3548 prastitimus
3446 3473 3633 3529 offen-

1984 3566 2270 3622 diculum.
2303 3567 2457 3635 Quid
2474 3569 2657 3637 ergo?
2689 3567 2815 3622 hac
2830 3565 2956 3621 sola
2978 3565 3241 3621 eritultio
3272 3562 3506 3619 illorum
3528 3562 3632 3635 qui

1985 3656 2489 3712 suntincurabiles
2509 3657 2538 3714 ?
2567 3658 2978 3728 Nequaquam,
3003 3654 3109 3711 sed
3131 3653 3273 3711 audi
3296 3651 3472 3709 etiam
3498 3667 3633 3726 qua

1982 3748 2337 3818 sequuntur.

2057 3854 2212 3906 Vers.
2231 3853 2316 3905 18.
2331 3851 2595 3907 Amen—
2611 3852 2769 3906 calo.
2804 3851 2914 3907 Ubi
2933 3849 3177 3905 tandem
3191 3847 3464 3903 Ecclesia
3478 3846 3632 3902 dice-

1980 3956 2042 3996 re
2059 3940 2358 4011 jussisset,
2387 3939 2745 4011 prasidibus
2759 3938 3037 3996 videlicet
3070 3936 3364 4001 Ecclesia,
3382 3935 3634 3991 nuncad

1980 4045 2084 4085 eos
2100 4044 2439 4085 sermonem
2456 4028 2728 4097 intendit,
2752 4028 2989 4085 dicens:
3015 4028 3383 4097 Quaecunque
3418 4026 3637 4095 ligave-

1980 4118 2110 4175 ritis
2134 4119 2197 4175 in
2228 4124 2409 4184 terra,
2442 4122 2552 4174 etc.
2603 4120 2720 4174 Hoc
2751 4121 2953 4174 autem
2984 4121 3038 4174 et
3078 4115 3155 4173 ad
3216 4115 3453 4170 Petrum
3489 4113 3638 4170 dixit

1982 4208 2279 4265 tricesimo
2312 4207 2478 4264 tertio
2513 4208 2727 4280 capite,
2758 4207 2840 4263 ibi
2880 4221 3021 4277 ergo
3078 4219 3282 4277 quare
3312 4203 3635 4260 enarratio—

1982 4313 2119 4353 nem
2132 4340 2143 4351 .

2057 4388 2153 4441 Est
2181 4390 2379 4442 autem
2406 4402 2567 4442 nunc
2596 4386 2883 4442 orationis
2917 4400 3127 4440 sensus
3153 4384 3295 4439 iste:
3332 4380 3637 4454 Quidquid

259 4463 367 4517 ⁴⁸Οτ
390 4464 455 4517 οἶν
498 4466 645 4537 ὑμεῖς
698 4466 781 4521 επὶ
832 4476 927 4531 τῆς
969 4478 1071 4540 γῆς
1102 4468 1457 4542 ἀποφήνησθε,
1511 4479 1663 4524 τοῦτο
1719 4477 1809 4525 καὶ
1848 4474 1872 4525 ὁ

1993 4490 2086 4529 vos
2116 4474 2174 4528 in
2199 4479 2352 4530 terra
2381 4475 2751 4541 censueritis,
2785 4480 2879 4529 aut
2918 4472 3213 4530 sententia
3240 4470 3631 4534 decreveritis,

267 4557 405 4615 Θεές
434 4552 483 4605 ἐν
527 4563 599 4626 τῷ
630 4556 830 4628 οὐρανῷ
860 4563 1102 4633 κυρώσει,
1137 4560 1232 4611 κᾶν
1274 4578 1329 4612 τε
1374 4558 1595 4622 ἀνιάτως
1633 4564 1872 4632 ἔχοντας,

273 4643 538 4715 ἐκκόψητε
583 4648 802 4709 τούτους
824 4655 921 4709 τῆς
971 4647 1294 4718 Ἐκκλησίας,
1345 4650 1439 4700 κᾶν
1481 4668 1536 4701 τε
1573 4658 1878 4721 μετανοοῦν-

277 4731 375 4793 τάς
414 4734 631 4806 ὕστερον
675 4732 1065 4809 παραδέξησθε.
1120 4745 1297 4791 Ταῦτα
1341 4734 1399 4790 δὲ
1450 4738 1748 4808 ἠπείλησεν,
1795 4737 1879 4793 ἳνα

278 4824 357 4891 μὴ
401 4830 565 4876 ταῦτα
605 4827 874 4897 γίνωνται,
917 4824 1025 4878 ἀλλ’
1072 4827 1171 4893 ἶνα,
1207 4826 1518 4900 φοϐούμενός
1556 4847 1631 4888 τις
1660 4832 1750 4881 καὶ
1783 4832 1875 4887 τὴν

272 4911 534 4964 ἔκπτωσιν
586 4920 681 4975 τῆς
722 4913 1053 4983 Ἐκκλησίας,
1099 4921 1187 4968 καὶ
1238 4916 1332 4973 τὴν
1371 4915 1543 4987 ψῆφον
1582 4924 1672 4969 τοῦ
1720 4924 1875 4981 Θεοῦ,

268 4995 674 5060 διαλλάττηται.
728 5005 822 5055 Διά
882 5011 1033 5057 τοῦτο
1073 5008 1174 5078 γὰρ
1224 5010 1313 5057 καὶ
1359 5012 1577 5079 πρῶτον,
1625 5011 1713 5058 καὶ
1760 5003 1876 5059 δεύ-

262 5108 435 5169 τερον,
490 5095 581 5143 καὶ
631 5096 805 5165 τρίτον
859 5091 1113 5152 ἐπέστησε
1166 5097 1455 5168 κριτήριον,
1508 5098 1596 5145 καὶ
1634 5097 1749 5147 τότε
1790 5114 1876 5148 πε-

260 5182 484 5237 ποίηκεν
514 5179 671 5232 αὐτὸν
703 5180 1014 5248 ἀπόϐλητον,
1066 5183 1168 5249 ἵνα,
1224 5180 1308 5234 ἐὰν
1338 5189 1429 5234 τοῦ
1473 5189 1682 5257 πρώτου
1709 5204 1875 5257 παρα-

257 5270 458 5341 κούσῃ,
532 5276 606 5340 τῷ
679 5265 902 5345 δευτέρῳ
978 5273 1166 5344 πεισθῇ
1231 5286 1245 5302 ⁸
1287 5270 1370 5323 ἐὰν
1425 5268 1484 5324 δὲ
1540 5278 1629 5325 καὶ
1680 5276 1870 5327 τούτου

259 5362 665 5432 καταφρονήσῃ,
719 5363 836 5413 τότε
877 5359 1055 5413 λοιπὸν
1102 5364 1192 5418 τὴν
1242 5358 1499 5418 ἀποϐολήν
1571 5363 1869 5437 ὑποπτήξη,

258 5448 461 5520 πικρὰν
513 5443 698 5516 οὖσαν,
766 5449 875 5502 εἶτα
953 5454 1044 5503 καὶ
1114 5455 1209 5509 τήν
1262 5449 1451 5504 ἄνωθεν
1525 5450 1719 5523 ψῆφον,
1785 5472 1871 5524 φο-

264 5535 557 5610 ϐερωτέραν
602 5539 794 5599 ταύτης
860 5540 1248 5611 τυγχάνουσαν,
1307 5544 1396 5592 καὶ
1469 5541 1670 5601 πάντως
1723 5536 1871 5615 διορ-

269 5626 438 5697 θωθῇ.

348 5711 510 5767 Πάλιν
560 5743 630 5757 -
674 5721 764 5769 τοῦ
812 5713 861 5768 ἓν
909 5723 1013 5779 τοῖς
1084 5716 1339 5792 οὐρανοῖς.
1422 5716 1632 5773 Βαϐαίι
1702 5721 1872 5777 πόσην

1986 4562 2097 4618 hoc
2119 4564 2348 4619 Deusin
2362 4562 2509 4619 calo
2536 4569 2729 4620 ratum
2747 4563 2994 4619 habebit
3025 4580 3037 4617 :
3073 4564 3194 4616 sive
3224 4576 3327 4615 eos
3372 4559 3473 4632 qui
3498 4563 3637 4614 sunt

1986 4652 2347 4709 incurabiles
2360 4655 2433 4709 ab
2448 4653 2705 4709 Ecclesia
2726 4651 3197 4723 amputaveritis,
3223 4650 3344 4703 sive
3370 4651 3635 4719 postmo-

1987 4742 2135 4798 dum
2160 4743 2576 4815 resipiscentes
2604 4740 2962 4810 receperitis.
2999 4739 3134 4793 Hac
3164 4744 3360 4792 autem
3390 4735 3637 4790 commi-

1985 4837 2165 4889 natus
2194 4838 2298 4901 est,
2330 4846 2451 4887 non
2483 4829 2688 4885 uthac
2715 4828 2879 4891 ﬁant,
2904 4827 3006 4883 sed
3034 4826 3367 4898 utquisque
3402 4822 3634 4877 territus

1975 4920 2329 4977 etEcclesia
2365 4919 2835 4991 amputationem
2856 4916 3033 4972 etDei
3056 4912 3409 4970 sententiam
3448 4917 3637 4969 mutet

1987 5024 2057 5064 ac
2085 5007 2383 5074 liberetur,
2415 5012 2469 5062 et
2501 5022 2632 5061 eam
2682 5004 2919 5059 evadat.
2950 5006 3096 5059 Nam
3129 5007 3185 5057 et
3226 5005 3469 5073 propter
3500 5000 3630 5069 hoc,

1984 5095 2268 5169 primum,
2290 5094 2641 5160 secundum,
2677 5109 2745 5147 ac
2763 5092 2995 5147 tertium
3023 5089 3280 5146 tribunal
3309 5088 3633 5160 constituit,

1983 5182 2040 5240 et
2053 5181 2742 5254 tandemjudicaviteum
2761 5181 3161 5251 abjiciendum
3197 5198 3210 5236 ε
3235 5178 3356 5235 utsi
3375 5179 3635 5251 primum

1980 5289 2099 5331 non
2118 5272 2368 5339 audiret,
2399 5270 2669 5328 obediret
2692 5273 2957 5326 secundo
2983 5288 2997 5338 ;
3024 5269 3076 5325 si
3098 5274 3289 5326 autem
3318 5273 3375 5324 et
3394 5268 3511 5325 hoc
3536 5268 3637 5325 de-

1981 5363 2248 5436 spiceret,
2268 5361 2499 5417 timeret
2515 5360 2606 5417 vel
2624 5359 2858 5417 tertium
2882 5375 2895 5425 ;
2916 5358 3081 5431 quod
3103 5359 3150 5414 si
3175 5359 3353 5414 etiam
3369 5357 3481 5413 hoc
3497 5373 3641 5414 con-

1979 5456 2289 5518 temneret,
2299 5450 2424 5521 jam
2438 5454 2578 5506 tunc
2596 5449 2991 5523 ebjectionem
3010 5447 3355 5505 formidaret
3371 5462 3634 5503 amaram

1981 5555 2425 5613 supernamque
2445 5540 2825 5608 sententiam,
2844 5554 2980 5611 qua
2997 5537 3111 5593 hac
3140 5536 3474 5607 abjectione
3509 5551 3635 5591 ma-

1980 5629 2070 5701 gis
2100 5627 2479 5685 formidanda
2504 5633 2592 5685 est
2625 5645 2635 5683 :
2663 5632 2719 5684 et
2757 5627 2841 5683 ita
2860 5626 3109 5683 omnino
3140 5625 3550 5695 corrigeretur.

2051 5718 2259 5775 νει-ΒΛ
2309 5760 2321 5774 .
2406 5733 2616 5775 ursum
2641 5716 3180 5789 —quiincalisest.
3206 5711 3413 5782 Papat
3440 5723 3633 5781 quan-
