4186 6318
284 294 399 347 500

1200 290 1568 347 COMMENT.
1613 290 1680 343 IN
1719 288 2159 345 MATTHEUM.
2202 322 2269 333 —
2309 292 2463 347 CAP.
2507 292 2702 348 XVIII.

3550 287 3672 341 510-

289 421 423 473 ἀλλά
461 424 519 472 τὸ
551 422 791 494 ἄμετρον,
822 424 912 471 καὶ
943 416 1189 481 διηνεκὲς,
1240 423 1329 475 καὶ
1369 416 1467 472 ἀεί.
1505 419 1743 489 Καθάπερ
1791 419 1890 487 γαρ

2011 416 2115 471 sed
2144 418 2531 483 immensum,
2565 420 2915 477 continuum
2941 426 2998 477 et
3041 433 3299 490 semper.
3326 418 3475 471 Nam
3506 412 3655 468 sicut

286 515 350 564 τὸ
400 511 651 583 μυριάκις
701 513 758 561 τὸ
796 508 1042 571 πολλάκις
1087 506 1240 565 δηλοῖ
1286 507 1405 582 παρ’
1454 506 1718 571 Ἓλλησιν,
1764 508 1894 556 οὕτω

290 597 363 660 δὴ
419 605 509 651 καὶ
550 602 607 651 τὸ
653 597 860 658 ἑπτάκις
907 599 1031 672 παρ’
1080 596 1355 671 Ἑϐραίοις,
1421 601 1505 648 καὶ
1549 595 1718 665 πολλῷ
1766 594 1894 667 μᾶλ-

288 690 377 741 λον
429 693 491 740 τυ
565 684 1043 760 ἑϐδομηκοντάκις·
1100 691 1174 739 ἔτι
1244 684 1302 739 δὲ
1356 686 1527 739 πλεῖον
1575 689 1632 737 τὸ
1683 683 1734 746 ἐξ
1797 683 1895 754 αμ-

290 786 407 851 φοῖν
505 782 857 849 συγκείμενον,
938 777 1069 848 λέγω
1155 774 1221 835 δὴ
1315 779 1374 829 τὸ
1449 772 1893 847 ἑϐδομηκοντάκις

288 866 440 921 ἑπτά.

367 956 507 1009 Ἐπεὶ
551 960 725 1007 τοίνυν
772 956 969 1028 ἄμετρα
1025 958 1090 1017 εἰς
1145 958 1272 1009 Θεὸν
1320 955 1673 1029 ἁμαρτάνομεν
1723 955 1891 1025 ἡμεῖς,

289 1046 497 1119 ἄμετρα
542 1048 632 1096 καὶ
691 1052 985 1120 συγχωρεῖν
1034 1052 1137 1106 τοῖς
1194 1044 1266 1105 εἰς
1318 1046 1454 1116 ἡμᾶς
1508 1040 1895 1115 ἁμαρτάνουσιν

298 1134 574 1201 ἐκέλευσεν,
630 1132 759 1186 ἀλλὰ
799 1141 909 1195 τοῖς
948 1134 1026 1187 ἀεὶ
1072 1141 1431 1206 μετανοοῦσιν.
1502 1133 1643 1185 Ἐπεὶ
1683 1134 1769 1183 τὸν
1821 1134 1891 1203 μὴ

300 1230 642 1296 μετανοοῦντα
713 1226 843 1296 μετὰ
913 1228 1093 1297 τρίτην
1168 1227 1492 1297 παραίνεσιν,
1572 1220 1896 1273 ἀπωθεῖσθαι

295 1312 629 1385 προσέταξεν,
689 1314 755 1373 ὡς
805 1314 893 1365 τὸν
961 1311 1159 1369 ἑθνικὸν
1227 1316 1315 1367 καὶ
1377 1314 1445 1373 ὡς
1511 1314 1597 1363 τὸν
1653 1309 1891 1369 τελώνην.

292 1407 415 1461 Πῶς
440 1404 540 1473 γὰρ
571 1401 633 1453 ἄν
663 1420 743 1461 τις
772 1399 961 1473 ἀφήσει
985 1410 1054 1472 τῷ
1081 1405 1152 1473 μὴ
1187 1400 1432 1463 ζητοῦντι
1460 1401 1642 1472 ἄφεσιν
1675 1414 1689 1464 ;

294 1523 445 1571 ΚΕΦ.
524 1516 651 1571 ΛΘ’.
732 1521 856 1590 Περὶ
918 1523 1011 1568 τοῦ
1077 1516 1360 1589 ὀφείλοντος
1434 1519 1499 1569 τὰ
1569 1518 1733 1589 μύρια
1805 1517 1893 1568 τά·

1006 1605 1185 1660 λαντα.

364 1697 464 1749 Διὰ
546 1702 696 1748 τοῦτο
743 1725 812 1735 -
876 1694 1057 1747 αὐτοῦ.
1128 1698 1222 1748 Διὰ
1300 1698 1472 1761 τοῦτο,
1544 1701 1730 1763 ποῖον;
1801 1696 1895 1747 Διά

287 1789 349 1838 τὸ
412 1793 616 1858 χρῆναι
681 1786 903 1838 πάντοτε
957 1793 1253 1860 συγχωρεῖν
1311 1792 1381 1855 τῷ
1452 1786 1670 1838 πάντοτε
1741 1803 1893 1857 μετα-

285 1882 518 1931 νοοῦντι.
569 1874 838 1927 Βασιλείαν
888 1870 948 1928 δε
984 1874 1212 1947 οὐρανῶν
1262 1875 1442 1927 ἐαυτὸν
1498 1874 1632 1946 λέγει
1678 1881 1786 1941 νῦν,
1830 1882 1894 1933 ῶς

289 1964 524 2037 βασιλέα
582 1964 839 2039 οὐράνιον,
888 1967 1056 2025 καθὼς
1110 1964 1358 2026 πολλάκις
1423 1964 1717 2038 εἰρήκαμεν.
1774 1972 1895 2017 Συν-

288 2060 419 2129 ἆραι
471 2050 529 2107 δὲ
579 2053 749 2126 λόγον,
790 2053 906 2106 ἀντὶ
960 2060 1072 2125 τοῦ,
1124 2063 1338 2113 κινῆσαι
1392 2053 1689 2126 ληοθέσιον
1736 2057 1893 2125 μέσον

288 2152 394 2195 τῶν
425 2140 625 2196 δούλων
656 2142 839 2209 αὐτοῦ,
894 2144 1075 2205 οἵτινές
1125 2143 1253 2196 εἰσιν
1284 2145 1332 2195 οἱ
1388 2145 1673 2216 ἄνθρωποι.
1728 2141 1894 2195 Πλάτ-

289 2254 371 2287 τει
401 2231 462 2286 δε
501 2236 595 2291 τήν
634 2232 933 2308 παραϐολήν
980 2235 1196 2299 ταύτην,
1232 2230 1401 2296 δεῖξαι
1432 2233 1763 2306 βουλόμενος,
1814 2235 1894 2286 ὅτι

290 2325 317 2376 ὁ
353 2327 427 2396 μὴ
482 2330 777 2396 συγχωρῶν
822 2330 893 2393 τῷ
924 2323 993 2385 εἰς
1024 2322 1178 2375 αὐτὸν
1226 2324 1574 2397 ἁμαρτάνοντι
1622 2323 1895 2399 ἀποστερεῖ

288 2412 473 2466 ἑαυτὸν
498 2419 591 2465 τοῦ
620 2414 767 2487 παρὰ
794 2419 927 2466 Θεοῦ
956 2412 1143 2475 ἐλέους.

362 2502 683 2575 Ἀρξαμένου
746 2532 817 2542 --
885 2501 1165 2558 ταλάντων.
1223 2500 1307 2563 Εἷς
1376 2500 1556 2564 δοῦλος
1628 2501 1889 2562 δηλονότι.

288 2590 456 2665 Ὀπερ
502 2588 561 2645 δέ
591 2590 706 2644 ἐστι
730 2592 853 2664 παρ’
887 2594 1009 2664 ἡμῖν
1061 2595 1091 2651 ἡ
1142 2591 1291 2667 λίτρα
1332 2600 1425 2646 τοῦ
1470 2601 1701 2669 χρυσοῦ,
1743 2601 1893 2646 τοῦτο

289 2684 438 2757 παρὰ
488 2690 596 2745 τοῖς
649 2680 904 2757 Ἑϐραίοις
950 2684 1009 2735 τὸ
1060 2682 1324 2739 τάλαντον.
1386 2686 1621 2755 Σταθμὸς
1675 2684 1775 2758 γὰρ
1832 2681 1892 2741 ἧν

287 2776 626 2845 νομισμάτων
678 2771 1109 2845 πολυτιμότατος,
1162 2778 1379 2825 καὶτῶν
1427 2772 1590 2825 ἄλλων
1651 2775 1892 2845 σταθμῶν

287 2863 670 2935 ὑπερκείμενος.

364 2955 457 3006 Μὴ
518 2952 719 3020 ἔχοντος
777 2948 837 3003 δὲ
892 2982 962 2992 -
1016 2956 1105 3004 καὶ
1186 2949 1531 3020 ἀποδοθῆναι,
1600 2948 1892 3011 Ἀποδοθῆ-

299 3058 386 3091 ναι
435 3040 492 3090 τὸ
538 3043 689 3114 χρέος
738 3043 969 3103 πάντως.
1035 3041 1145 3093 Οὐκ
1199 3040 1253 3105 ἐξ
1313 3042 1577 3114 ὠμότητος
1630 3039 1689 3095 δε
1743 3050 1891 3094 τοῦτο

2005 508 2271 580 μυριάκις,
2305 506 2419 561 hoc
2450 511 2554 576 est,
2580 508 2757 565 decies
2783 510 3007 577 millies,
3057 506 3355 578 signiﬁcat
3378 504 3655 574 frequen-

2007 599 2108 659 ter,
2144 594 2307 666 apud
2320 597 2570 661 Graecos,
2599 598 2675 653 ita
2700 614 2843 653 sane
2861 601 3134 669 etsepties
3152 594 3314 669 apud
3333 593 3611 648 Hebraeos
3630 608 3649 662 ;

2007 686 2064 738 et
2094 682 2278 738 multo
2333 684 2523 755 magis
2553 686 2919 758 septuagies;
2966 703 3034 743 ac
3085 686 3332 756 insuper
3378 680 3543 754 quod
3580 695 3652 735 ex

2007 776 2259 845 utroque
2285 775 2686 842 compositum
2716 781 2800 831 est
2818 777 3141 848 septuagies
3170 775 3401 845 septies.

2075 970 2225 1038 Quia
2253 986 2394 1042 ergo
2414 972 2690 1028 inﬁnities
2738 974 2801 1029 in
2823 974 3012 1030 Deum
3036 987 3375 1045 peccamus,
3407 969 3652 1025 inﬁnitis

2003 1058 2235 1114 vicibus
2250 1060 2429 1129 jussit
2458 1060 2764 1130 ignoscere
2788 1062 2882 1118 his
2913 1061 3017 1133 qui
3038 1061 3096 1116 in
3134 1075 3247 1115 nos
3278 1058 3651 1129 delinquunt,

2007 1148 2057 1203 si
2082 1164 2312 1220 semper
2340 1150 2728 1222 resipiscant:
2760 1167 2899 1208 eum
2931 1164 3193 1221 namque
3214 1148 3318 1221 qui
3343 1161 3466 1201 non
3516 1145 3657 1199 resi-

2006 1236 2200 1309 piscit,
2246 1242 2379 1309 post
2411 1241 2641 1295 tertiam
2667 1240 3059 1296 monitionem
3100 1236 3306 1310 repelli
3331 1235 3506 1307 jussit
3525 1238 3655 1290 tan-

2006 1340 2191 1398 quam
2224 1325 2522 1383 ethnicum
2557 1332 2612 1383 et
2658 1329 3051 1400 publicanum
3084 1342 3098 1393 ;
3131 1322 3443 1398 quomodo
3490 1321 3653 1377 enim

2005 1414 2257 1470 remittet
2281 1415 2413 1487 quis
2439 1415 2492 1470 ei
2517 1416 2622 1488 qui
2646 1416 3059 1474 remissionem
3084 1430 3208 1472 non
3238 1411 3451 1487 quierit
3480 1411 3508 1467 ‘l

2078 1532 2227 1586 CAP.
2254 1532 2493 1587 XXXIX.
2518 1533 2604 1586 De
2632 1547 2718 1599 eo,
2746 1533 2849 1603 qui
2878 1532 3123 1589 debebat
3147 1531 3339 1587 decem
3360 1527 3547 1583 millia
3565 1532 3655 1583 ta-

2666 1621 2971 1678 lentarum.

2075 1712 2238 1765 Vers.
2266 1710 2353 1764 23.
2382 1712 2706 1779 Propterea
2758 1742 2827 1751 —
2870 1711 3009 1767 suis.
3041 1712 3379 1782 Propterea,
3414 1706 3648 1781 quare?

2005 1798 2153 1865 Quia
2181 1803 2411 1870 oportet
2449 1798 2503 1855 ei
2571 1816 2800 1871 semper
2830 1802 3136 1869 ignoscere
3160 1800 3264 1872 qui
3287 1812 3525 1869 semper
3562 1812 3651 1853 re-

2002 1888 2239 1959 sipiscit.
2270 1888 2543 1958 Regnum
2559 1894 2759 1945 autem
2777 1888 3063 1944 coelorum
3090 1888 3350 1959 seipsum
3375 1901 3534 1940 nunc
3548 1901 3653 1957 ap-

2000 1976 2181 2048 pellat
2209 1981 2499 2049 tanquam
2524 1992 2723 2047 regem
2781 1978 3098 2043 caelestem,
3130 1980 3307 2049 prout
3351 1990 3510 2046 saepe
3566 1974 3654 2030 di-

1998 2067 2221 2124 ximus.
2260 2066 2536 2122 Conferre
2552 2082 2693 2123 vero
2729 2067 3046 2131 rationem,
3072 2066 3189 2122 hoc
3217 2068 3556 2121 estsumere
3582 2078 3653 2119 ac

2001 2155 2335 2211 subducere
2357 2159 2711 2229 computum
2743 2156 2895 2213 inter
2934 2172 3140 2211 servos
3173 2171 3333 2219 suos,
3376 2153 3479 2226 qui
3511 2156 3654 2210 sunt

1999 2245 2294 2301 homines.
2324 2245 2513 2315 Fingit
2550 2251 2751 2302 autem
2817 2246 2968 2302 hanc
3018 2244 3391 2317 parabolam,
3444 2242 3652 2299 volens

1999 2335 2332 2404 ostendere,
2362 2336 2527 2407 quod
2551 2335 2604 2390 is
2630 2337 2733 2407 qui
2760 2351 2883 2390 non
2913 2335 3163 2404 ignoscit
3191 2334 3251 2390 in
3318 2349 3381 2388 se
3401 2347 3653 2405 peccan-

2000 2425 2058 2493 ti,
2090 2426 2285 2496 privat
2305 2425 2567 2495 seipsum
2598 2424 2700 2479 Dei
2721 2423 3148 2479 misericordia.

2071 2515 2227 2568 Vers.
2258 2512 2344 2567 24.
2376 2514 2638 2584 Cumque
2665 2512 2923 2582 coepisset
2952 2543 3020 2552 —
3049 2513 3431 2568 talentorum.
3488 2511 3650 2565 Unus

2000 2601 2266 2657 videlicet
2308 2617 2533 2657 servus.
2576 2601 2755 2671 Quod
2803 2605 3008 2657 aut-2m
3061 2605 3150 2657 est
3202 2599 3363 2673 apud
3418 2601 3651 2654 Graecos

1997 2690 2169 2764 λίτρα,
2200 2691 2315 2747 hoc
2348 2694 2434 2747 est
2465 2690 2614 2748 libra
2644 2691 2801 2757 auri,
2830 2691 2892 2747 id
2921 2690 3086 2763 apud
3118 2690 3394 2745 Hebraeos
3426 2692 3512 2744 est
3559 2696 3646 2742 ta-

1999 2780 2236 2836 lentum.
2268 2779 2405 2836 Erat
2431 2781 2581 2836 enim
2619 2781 3055 2837 numismatum
3106 2779 3341 2851 pondus
3399 2777 3647 2833 maximi

1996 2870 2191 2942 pretii,
2222 2874 2433 2925 caetera
2471 2871 2673 2926 omnia
2701 2871 2989 2927 excedens
3014 2869 3299 2942 pondera.

2056 2960 2217 3015 Vers.
2248 2964 2339 3015 25.
2371 2959 2448 3014 Et
2475 2976 2604 3016 cum
2646 2977 2753 3015 non
2778 2966 2957 3029 posset
3007 2991 3077 3000 —
3122 2959 3373 3030 fierique
3417 2956 3650 3013 solutio-

1998 3066 2149 3107 nem.
2176 3052 2245 3105 Ut
2264 3050 2511 3105 omnino
2535 3050 2862 3106 solveretur
2908 3048 3198 3105 debitum.
3255 3050 3387 3103 Non
3444 3051 3650 3103 tamen

294 3127 573 3197 ἐκέλευσεν,
624 3128 728 3183 ἀλλ’
773 3129 828 3182 ἐκ
887 3133 1237 3203 συμπαθείας,
1292 3132 1376 3184 ἶνα
1413 3131 1654 3204 φοϐηθεὶς
1707 3131 1890 3194 ἐκεῖνος

2011 3142 2114 3195 hoc
2143 3154 2215 3195 ex
2245 3139 2582 3195 crudelitate
2614 3140 2810 3211 jussit,
2862 3140 2966 3195 sed
3005 3154 3078 3194 ex
3107 3135 3549 3208 compassione,
3581 3138 3650 3191 ut

287 3223 382 3276 τήν
428 3221 671 3277 τοιαύτην
712 3219 972 3293 ἀπόφασιν
1015 3219 1304 3293 [Excutiam
1352 3222 1462 3293 (77)
1493 3226 1583 3273 καὶ
1623 3224 1765 3295 τύχῃ
1800 3232 1893 3285 τῆς

291 3304 536 3378 ἀφέσεως.
612 3308 674 3362 Εἰ
762 3312 861 3382 γὰρ
940 3314 1012 3382 μὴ
1083 3307 1177 3363 διὰ
1252 3317 1405 3362 τοῦτο
1483 3314 1726 3369 τοιαύτην
1806 3312 1891 3374 ἐξ-

286 3398 495 3467 ἡνεγκεν
554 3396 884 3472 ἆπόφασιν,]
937 3398 1032 3451 οὐκ
1097 3398 1158 3451 ἃν
1222 3400 1542 3452 ἱκετεύσαντι
1604 3402 1664 3452 τὸ
1736 3404 1891 3472 χρέος

283 3485 471 3559 ἀφῆκε.

363 3582 463 3630 Καὶ
511 3574 661 3631 διατι
706 3582 778 3651 μὴ
828 3582 929 3652 πρὸ
978 3587 1068 3640 τῆς
1106 3579 1414 3653 ἀποφάσεως
1467 3579 1672 3653 ἀφῆκες
1725 3586 1886 3653 Διότι,

280 3666 487 3742 ῥᾳδίως
536 3667 669 3720 οὕτω
715 3671 1100 3742 συγχωρηθεὶς,
1151 3669 1245 3723 οὐκ
1282 3668 1479 3742 ἔμελλεν
1529 3673 1888 3743 ἑπιγίνὼσκειν

281 3759 341 3810 τὸ
384 3765 480 3819 τῆς
522 3759 748 3831 χάριτος
781 3761 1007 3831 μέγεθος.
1064 3760 1160 3813 Διὰ
1210 3768 1362 3813 τοῦτο
1410 3762 1497 3813 οὖν
1544 3762 1614 3822 εἰς
1661 3762 1889 3835 ἀνάγκην

281 3846 515 3919 μεγάλην
546 3847 700 3899 αὐτὸν
733 3852 1074 3906 κατέστησεν.
1125 3850 1207 3901 ἕνα
1258 3846 1687 3925 διαμνημονεύειν
1735 3852 1891 3906 ὕστε-

280 3955 372 4010 ρον
430 3938 571 4007 ἔχοι,
628 3941 779 3997 ποίας
831 3936 1013 4010 ἀφείθη
1071 3936 1387 4007 καταδίκης,
1455 3946 1544 3993 καὶ
1605 3945 1889 4014 συμπαθὴς

278 4028 498 4096 γένηται
553 4028 639 4077 καὶ
673 4025 827 4088 αὐτὸς
876 4031 994 4103 περὶ
1044 4030 1132 4079 τὸν
1183 4028 1364 4082 ἑαυτοῦ
1411 4035 1713 4104 χρεώστην,
1770 4050 1890 4083 παι-

282 4110 319 4166 δ
324 4116 489 4174 ευθεὶς
524 4116 573 4166 εν
603 4121 716 4175 ταῖς
740 4115 952 4177 οἰκείαις
984 4125 1297 4192 συμφοραῖς.

358 4208 538 4257 Πεσὼν
604 4234 672 4244 —
728 4204 888 4276 αὐτῷ.
941 4204 1081 4281 Ὅρα
1133 4207 1245 4279 (78)
1304 4207 1687 4282 φιλανθρωπίας
1739 4209 1888 4284 ὑπερ-

282 4292 479 4351 ϐολήνῐ
551 4292 611 4346 ⁸0
662 4296 752 4362 μὶν
817 4297 916 4370 γὰρ
983 4297 1307 4372 προθεσμίαν
1390 4298 1615 4359 ἐζήτησε
1689 4302 1883 4370 μόνον·

282 4383 308 4434 ὁ
366 4378 426 4434 δὲ
476 4384 534 4433 τὸ
599 4386 757 4455 χρέος
831 4381 1023 4455 ἀφῆκεν
1100 4384 1263 4456 αὐτῷ,
1348 4387 1525 4458 μεῖζον
1586 4388 1645 4440 οὗ
1701 4391 1885 4453 ἣτησε,

285 4468 557 4533 δεδωκώς.

355 4562 397 4631 -ι-
451 4558 563 4614 Ἴδε
612 4566 705 4620 τὴν
752 4570 842 4623 τῆς
906 4568 1181 4635 μετανοίας
1239 4565 1419 4638 ἰσχὺν,
1478 4570 1568 4618 καὶ
1628 4570 1723 4624 τὴν
1779 4567 1889 4639 φιλ-

286 4653 581 4725 ανθρωπίαν
660 4658 755 4705 τοῦ
840 4657 1056 4726 Κυρίου.
1145 4653 1204 4707 Ἦ
1285 4658 1376 4727 μὲν
1458 4657 1559 4729 γὰρ
1643 4658 1889 4727 μετάνοια

292 4739 501 4799 ἐποίησε
534 4744 621 4794 τὸν
686 4738 869 4795 δοῦλον
925 4750 1100 4796 πεσεῖν
1159 4742 1260 4797 ἀπὸ
1311 4754 1403 4806 τῆς
1456 4750 1639 4805 κακίας
1663 4761 1677 4776 ⁸
1718 4747 1745 4797 ὁ
1786 4747 1885 4819 γὰρ

294 4830 556 4893 ἱστάμενος
609 4830 837 4904 βεϐαίως
901 4835 951 4885 ἰν
1008 4841 1071 4906 τῇ
1124 4839 1285 4907 κακίᾳ
1339 4835 1399 4887 οῦ
1467 4838 1883 4910 συγχωρητέοςο

286 4921 317 4979 ἡ
381 4916 439 4973 δὲ
494 4920 854 4994 φιλανθρωπία
903 4930 994 4975 τοῦ
1050 4931 1184 4977 Θεοῦ
1240 4931 1579 5001 συνεχώρησε
1629 4926 1888 4989 παντελῶς

283 5012 344 5063 τὸ
377 5007 579 5064 δάνειον
614 5028 627 5043 ·
661 5016 892 5083 καίτοιγε
916 5014 941 5064 ὁ
972 5009 1158 5075 δοῦλος
1186 5013 1244 5065 οὐ
1278 5020 1625 5088 συγχώρησιν
1664 5017 1882 5077 παντελῆ

283 5100 477 5167 ἐζήτει,
559 5099 691 5153 ἀλλὰ
766 5104 1111 5176 προθεσμίαν.
1206 5105 1445 5158 Μάνθανε
1529 5108 1717 5161 τοίνυν.
1807 5108 1888 5158 ὅτι

283 5190 311 5241 ὁ
367 5193 499 5253 Θεὸς
550 5196 641 5244 καὶ
682 5190 892 5245 πλείονα
944 5188 1189 5265 δίδωσιν,
1251 5192 1319 5246 ὧν
1366 5195 1674 5268 αἰτούμεθα.
1747 5196 1889 5251 Ἐπεὶ

2000 3229 2102 3285 tali
2127 3229 2671 3296 sententiatterritus
2688 3230 3121 3300 deprecaretur,
3142 3244 3211 3283 ac
3232 3224 3647 3281 remissionem

2000 3320 2474 3388 consequeretur.
2504 3317 2622 3372 Nisi
2642 3318 2803 3372 enim
2841 3332 2912 3372 eo
2940 3316 3061 3371 ﬁne
3092 3316 3265 3371 talem
3305 3312 3650 3385 protulisset

1998 3405 2369 3473 sententiam,
2400 3421 2788 3479 nequaquam
2812 3405 3151 3478 deprecanti
3191 3403 3518 3460 remisisset
3545 3400 3652 3457 de-

1994 3496 2209 3553 bitum.

2068 3589 2216 3642 Nam
2247 3585 2295 3641 si
2324 3585 2495 3643 valde
2520 3585 2689 3642 facile
2718 3584 3131 3642 remissionem
3152 3582 3533 3656 percepisset,
3560 3580 3650 3637 fu-

1996 3678 2197 3731 turum
2222 3678 2348 3731 erat
2373 3681 2435 3732 ut
2490 3676 2694 3745 gratiae
2761 3674 3235 3746 magnitudinem
3265 3687 3388 3729 non
3432 3686 3649 3743 cogno-

1997 3768 2182 3821 sceret
2207 3780 2218 3819 :
2253 3770 2496 3836 propter
2514 3765 2628 3820 hoc
2659 3780 2800 3835 ergo
2839 3764 2900 3819 in
2919 3779 3206 3833 magnam
3233 3762 3649 3818 necessitatem

1997 3869 2136 3909 eum
2165 3852 2411 3923 redegit,
2437 3857 2503 3909 ut
2541 3853 2620 3909 ad
2644 3853 3004 3909 memoriam
3049 3852 3111 3907 in
3133 3856 3441 3924 posterum
3475 3864 3643 3905 revo-

1996 3958 2130 3999 care
2155 3945 2374 4014 posset,
2408 3957 2529 4014 qua
2573 3941 3072 3998 condemnatione
3103 3940 3410 3997 absolutus
3440 3941 3595 3995 esset
3626 3956 3643 4000 :

1996 4037 2053 4088 et
2073 4031 2491 4103 compassivus
2519 4032 2697 4089 etiam
2727 4032 2855 4104 ipse
2880 4046 3025 4101 erga
3065 4046 3242 4087 suum
3267 4029 3433 4085 ﬁeret
3468 4026 3643 4083 debi-

1993 4127 2204 4188 torem,
2232 4120 2482 4193 propriis
2511 4122 2754 4177 edoctus
2785 4120 3249 4178 calamitatibus.

2066 4213 2226 4267 Vers.
2255 4212 2344 4265 26.
2404 4212 2735 4267 Prostratus
2788 4241 2858 4252 —
2887 4212 3045 4266 Vers.
3111 4210 3200 4264 27.
3229 4209 3338 4267 illi.
3386 4208 3645 4281 iul-Ecce

1993 4300 2379 4357 humanitatis
2401 4299 2914 4373 magnitudinem!
2951 4300 3054 4355 Hic
3095 4299 3246 4355 enim
3300 4297 3647 4355 dilationem

1996 4394 2226 4447 tantum
2254 4389 2599 4462 quaerebat;
2626 4389 2720 4445 ille
2754 4405 2891 4445 vero
2951 4390 3223 4445 debitum
3248 4389 3301 4445 ei
3353 4389 3530 4444 etiam
3562 4402 3651 4443 re-

1915 4483 1963 4539 D
1998 4480 2178 4544 misit,
2210 4478 2465 4551 plusque
2483 4478 2665 4545 dedit,
2694 4495 2873 4551 quam
2905 4484 3236 4548 rogaverat.

2067 4566 2208 4623 Vide
2234 4567 2592 4639 paenitentiae
2618 4568 2768 4623 vires
2798 4583 2868 4623 ac
2922 4568 3154 4622 Domini
3204 4566 3645 4622 humanitatem.

1998 4656 2349 4713 Pmnitentia
2371 4657 2667 4729 siquidem
2688 4655 2816 4712 fecit
2842 4671 3081 4711 servum
3099 4672 3134 4710 a
3157 4655 3385 4711 malitia
3396 4653 3643 4710 cadere:

1997 4752 2161 4804 stans
2180 4746 2338 4802 enim
2349 4746 2560 4801 ﬁrmus
2574 4745 2633 4799 in
2645 4744 2955 4816 pravitate,
2975 4759 3095 4799 non
3109 4747 3341 4815 poterat
3352 4742 3651 4798 remissio-

1994 4851 2135 4893 nem
2180 4836 2464 4907 accipere.
2507 4833 2608 4889 Dei
2636 4848 2779 4889 vero
2794 4832 3138 4889 humanitas
3161 4832 3280 4888 sive
3309 4829 3649 4899 benignitas

1996 4927 2243 4983 omnino
2262 4926 2509 4997 ignovit,
2538 4927 2596 4981 et
2616 4940 2697 4981 ass
2709 4921 2972 4980 alienum
2984 4922 3225 4979 remisit.
3251 4925 3320 4977 At
3332 4922 3647 4995 quiservus

1994 5031 2117 5072 non
2129 5031 2226 5071 om
2234 5016 2544 5072 nimodam
2557 5012 2989 5079 remissionem,
3002 5012 3108 5067 sed
3135 5012 3234 5069 lon
3242 5010 3651 5085 ganimitatem

1995 5121 2066 5162 ac
2082 5104 2534 5176 protelationem
2546 5102 2875 5177 quaerebat.
2906 5102 3071 5158 Disce
3083 5118 3246 5175 ergo,
3270 5102 3458 5159 Deum
3478 5101 3651 5175 plura

1996 5194 2263 5252 conferre
2309 5210 2498 5267 quam
2541 5208 2652 5250 nos
2706 5192 3130 5266 postulamus:
3182 5197 3348 5251 tanta
3396 5196 3487 5250 est
3548 5194 3649 5251 Dei

1510 5400 1736 5473 Variae
1776 5401 2105 5475 lectiones
2145 5411 2210 5472 et
2251 5408 2454 5470 notae.

382 5601 473 5673 77)
514 5600 751 5673 Inclusa
770 5600 1114 5658 exciderant
1140 5603 1205 5659 Α.

382 5602 473 5673 77)
514 5602 751 5658 Inclusa
770 5602 1114 5658 exciderant
1140 5603 1205 5659 Α.

355 5602 473 5747 ί78)
505 5674 625 5730 Ηοο
647 5672 875 5731 scholia
895 5673 1135 5731 carebat
1160 5674 1565 5748 interpretatio
1592 5677 1883 5735 Hentenii.

1996 5604 2130 5681 Ejus
2153 5608 2356 5681 autem
2378 5604 2513 5681 loco
2531 5603 2713 5681 habet
2731 5604 2969 5681 longius
2986 5601 3404 5674 TheOphylacti
3434 5616 3495 5671 p.
3514 5600 3643 5681 ΑΘΒ,

1996 5674 2061 5746 Β,
2090 5677 2257 5750 quod
2293 5677 2391 5733 hic
2420 5676 2665 5749 subjeci.
2690 5676 2756 5732 In
2786 5674 2996 5733 neutro
3019 5689 3291 5728 meorum
3342 5674 3642 5739 reperitur.
