4186 6318
513 336 612 391 511
1825 333 2171 391 EUTHYMII

513 463 849 535 benignitas
880 465 1502 532 ethumanitas,etiam
1527 481 1662 522 cum
1685 465 1889 521 durior
1906 464 2156 530 videtur,

2271 463 2498 518 τοσαύτη
2591 459 2730 512 ἐστὶν
2787 462 2816 518 ἡ
2879 458 3234 533 φιλανθρωπία
3313 457 3491 522 αὐτοῦ,

517 559 654 624 puta
677 552 948 622 jubendo
973 554 1327 612 venumdari
1349 571 1510 622 eum,
1545 560 1600 611 et
1619 555 1824 612 omnia
1848 572 1985 629 quae
2007 555 2160 612 illius

513 646 702 697 erant.
740 645 942 716 Neque
973 644 1131 700 enim
1162 646 1278 701 hoc
1318 662 1390 701 ex
1426 646 1741 716 asperitate
1763 647 2016 712 dicebat,
2048 646 2155 702 sed

515 734 578 784 ut
604 745 845 788 servum
872 736 1111 792 terreret
1139 742 1194 790 et
1222 735 1625 807 persuaderet,
1659 752 1917 808 eumque
1939 736 2008 791 ad
2057 736 2163 792 hu-

516 818 730 875 militer
758 821 1182 894 deprecandum
1204 825 1545 892 adduceret,
1571 825 1710 882 etad
1723 824 2161 896 respiciendum

515 909 822 979 quomodo
850 910 1214 969 invitaretur.

592 997 747 1053 Vers.
780 1001 872 1057 28.
923 1000 1284 1072 Egressus—
1351 1005 1540 1063 debes.
1569 1009 1696 1062 Non
1737 1010 1870 1077 post
1915 1006 2165 1076 longum

517 1090 775 1159 tempus,
800 1090 905 1146 sed
933 1093 1132 1150 statim
1163 1112 1175 1148 :
1201 1093 1647 1152 beneﬁcentiam
1703 1097 1926 1152 faciens
1964 1095 2167 1152 trami-

521 1182 658 1242 tem,
695 1178 774 1234 ad
813 1180 869 1235 id
890 1182 1058 1254 quod
1086 1199 1283 1258 neque
1313 1188 1432 1242 Deo
1453 1191 1690 1257 gratum
1711 1190 1816 1251 est,
1843 1201 2040 1259 neque
2062 1187 2168 1243 ho-

520 1264 804 1322 minibus.

593 1356 746 1411 Vers.
775 1358 861 1414 29.
909 1360 1238 1420 Prostratus
1266 1395 1335 1407 --
1355 1366 1517 1421 Vers.
1550 1367 1639 1422 30.
1671 1365 1940 1423 debitum.
1967 1368 2165 1439 Neque

517 1441 1248 1542 formam-supplicationis
1270 1455 1488 1511 veritus
1513 1459 1616 1522 est,
1636 1472 1757 1528 qua
1779 1461 1836 1512 et
1884 1456 2012 1528 ipse
2064 1457 2165 1512 mi-

517 1535 898 1594 sericordiam
921 1542 1220 1614 percepit;
1251 1559 1446 1616 neque
1479 1561 1753 1602 sermone
1787 1545 2055 1616 placatus
2082 1553 2168 1603 est

516 1635 622 1692 per
650 1638 830 1694 quem
857 1633 912 1684 et
947 1628 1074 1700 ipse
1113 1637 1384 1690 servatus
1437 1640 1563 1690 erat
1604 1651 1618 1701 ;
1650 1651 1846 1707 neque
1899 1652 1935 1692 a
1988 1636 2162 1692 simili

515 1713 768 1801 PPOPI‘ifB
794 1718 1062 1801 meminit
1087 1721 1464 1789 calamitatis,
1501 1724 1608 1779 sed
1631 1725 1960 1796 permansit
1995 1725 2164 1781 omni

514 1797 639 1896 fera
667 1797 1182 1896 crudelior.‘Atqui
1211 1827 1333 1868 non
1359 1828 1464 1884 pro
1493 1814 1825 1885 aequalibus
1877 1819 2004 1870 erat
2028 1831 2165 1887 sup-

517 1885 756 1957 plicatio
781 1908 794 1957 ;
823 1893 948 1965 ipse
988 1899 1147 1954 enim
1187 1915 1290 1971 pro
1331 1900 1582 1966 talentis,
1643 1902 1739 1958 hic
1763 1918 1872 1973 pro
1903 1885 2164 1959 denariis

516 1977 770 2046 rogabat
801 1999 814 2048 ;
841 1987 897 2038 et
924 1984 1051 2055 ipse
1096 2003 1205 2058 pro
1247 1989 1456 2046 decem
1488 1990 1778 2061 millibus,
1804 1991 1898 2047 hic
1964 1997 2163 2050 autem

517 2079 629 2136 pro
655 2073 893 2126 centum
914 2091 933 2143 ;
967 2078 1025 2129 et
1054 2074 1180 2146 ipse
1201 2077 1538 2146 dominum,
1565 2079 1662 2135 hic
1685 2085 1886 2136 autem
1928 2096 2164 2138 conser-

518 2168 663 2252 vum
679 2171 692 2222 ;
707 2162 760 2252 et
773 2157 1055 2252 dominus
1071 2167 1297 2221 tantum
1309 2166 1578 2225 debitum
1591 2167 1700 2240 ipsi
1715 2169 2056 2226 universum
2081 2187 2168 2227 re-

519 2247 774 2313 miserat,
795 2247 919 2321 ipse
936 2267 1071 2308 vero
1083 2269 1278 2327 neque
1296 2256 1640 2314 dilationem
1657 2273 1946 2316 conservo
1979 2258 2164 2327 dedit,

541 2423 570 2434 h
589 2337 866 2434 νοτε-31.
915 2341 1181 2402 Videntes
1201 2377 1268 2387 —-
1293 2362 1416 2418 quae
1443 2349 1685 2420 ﬁebant.
1712 2349 2168 2422 Incompassibi-

515 2423 647 2481 litas
677 2428 837 2484 enim
869 2447 988 2488 non
1015 2449 1048 2490 a
1076 2434 1194 2492 Deo
1226 2436 1416 2494 solum
1467 2438 1722 2495 habetur
1746 2439 1907 2506 odio,
1936 2439 2040 2496 sed
2066 2456 2165 2497 ne-

515 2529 628 2586 que
658 2522 989 2576 mansuetis
1017 2523 1389 2594 hominibus,
1419 2534 1588 2598 grata
1613 2533 1729 2586 est.

593 2606 751 2665 Vers.
783 2613 848 2666 32
883 2613 1047 2669 Tunc
1084 2646 1140 2657 —
1189 2618 1327 2674 Vers
1353 2618 1440 2675 33.
1473 2618 1744 2675 misertus
1769 2621 1948 2676 sum?
1970 2622 2012 2677 Ο
2058 2621 2166 2677 im-

519 2711 790 2796 mensam
813 2705 1338 2763 mansuetudinem
1371 2707 1383 2762 !
1417 2709 1500 2764 Ex
1523 2724 1698 2780 aequo
1727 2709 2010 2782 disceptat
2032 2727 2166 2766 cum

519 2799 590 2839 eo
619 2790 724 2856 qui
750 2790 916 2844 omni
969 2807 1242 2850 sermone
1290 2796 1575 2865 indignus
1615 2802 1703 2854 est
1735 2814 1748 2852 :
1797 2803 1855 2854 et
1884 2799 2169 2870 patienter

517 2888 588 2928 ac
618 2873 820 2931 leniter
847 2894 983 2935 eum
1015 2882 1330 2954 convincit,
1361 2886 1464 2956 qui
1506 2901 1614 2957 per
1639 2902 1700 2942 se
1731 2886 2167 2944 condemnatus

519 2965 623 3027 est,
657 2965 1032 3039 ostenditque
1054 2970 1220 3041 quod
1249 2971 1379 3043 ipse
1400 2971 1515 3028 sibi
1545 2973 1668 3046 ipsi
1688 2975 1946 3046 priorem
1986 2975 2166 3032 etiam

518 3051 771 3119 gratiam
800 3054 1109 3124 subvertit,
1130 3063 1186 3116 et
1211 3075 1280 3116 ex
1305 3076 1374 3117 eo
1406 3061 1690 3119 ultionem
1712 3063 1982 3120 adduxit.

586 3141 653 3196 Et
682 3155 821 3198 cum
851 3159 973 3201 non
1000 3153 1198 3218 posset
1226 3150 1478 3217 solvere,
1508 3166 1628 3208 non
1657 3169 1794 3209 eum
1849 3152 2164 3210 scelestum

515 3231 863 3300 nominavit,
893 3237 991 3292 sed
1039 3238 1168 3309 ejus
1199 3241 1402 3312 potius
1453 3241 1729 3298 misertus
1759 3247 1880 3299 est:
1921 3243 2167 3316 quando

514 3335 656 3376 vero
684 3336 827 3392 erga
857 3340 1208 3385 conservum
1239 3345 1360 3386 non
1381 3335 1472 3387 est
1501 3335 1697 3388 motus
1727 3333 2168 3405 compassionis

514 3409 750 3481 affectu,
781 3417 920 3470 tunc
959 3417 1343 3476 etscelestum
1365 3421 1740 3492 appetavitet
1769 3422 2019 3494 punivit.

582 3499 914 3558 Audiamus
929 3521 1034 3560 nos
1051 3508 1153 3578 qui
1169 3523 1285 3564 non
1303 3511 1701 3581 compatimur
1717 3516 1773 3566 et
1789 3511 2164 3576 horreamus,

514 3587 774 3644 sciamus
800 3594 964 3662 quod
981 3595 1092 3666 ipsi
1113 3597 1386 3668 nosipsos
1401 3599 1647 3655 omnino
1661 3600 2164 3666 condemnamus,

517 3677 619 3733 Dei
641 3679 1106 3740 misericordiam
1127 3702 1314 3759 quam
1335 3703 1476 3758 erga
1497 3704 1608 3746 nos
1633 3689 1902 3746 exhibuit
1927 3689 2166 3746 subver-

520 3772 723 3832 tentes,
751 3775 1163 3846 aeternumque
1188 3777 1544 3848 supplicium
1573 3779 1952 3836 attrahentes.

588 3859 746 3913 Vers.
781 3859 966 3918 34.1%
996 3863 1390 3922 sibi—lotum
1417 3868 1686 3924 debitum.
1719 3870 1834 3926 Hoc
1859 3872 1965 3933 est,
1986 3869 2167 3925 conti-

517 3964 631 4003 nue
655 3954 712 4004 et
762 3965 999 4023 semper
1031 3971 1043 4021 ;
1071 3960 1272 4025 postea
1301 3957 1461 4012 enim
1493 3974 1808 4030 nunquam
1838 3957 2038 4016 solvet.
2083 3960 2168 4016 Tu

512 4052 654 4094 vero
683 4037 908 4111 reliqua
931 4044 1231 4112 parabolae
1279 4060 1354 4100 ne
1406 4047 1636 4102 curiose
1682 4048 1978 4113 scruteris,
2033 4064 2168 4121 qum

515 4127 1031 4196 persuasibilitatis
1059 4132 1245 4202 gratia
1274 4138 1412 4189 sunt
1452 4141 1836 4206 coassumpta
1860 4155 1877 4207 ;
1912 4137 2020 4193 sed
2053 4138 2167 4193 hoc

519 4213 712 4268 solum
737 4230 804 4269 ex
833 4232 906 4272 ea
943 4219 1255 4277 manifeste
1307 4221 1561 4293 accipito
1595 4238 1606 4277 :
1640 4227 1887 4294 peccata
1933 4239 2069 4296 quae
2106 4224 2169 4280 in

519 4302 706 4355 Deum
733 4303 1162 4362 committimus
1191 4308 1436 4364 infinitis
1468 4311 1666 4366 modis
1702 4309 1870 4382 plura
1900 4327 2048 4379 esse,
2077 4311 2169 4367 his

518 4404 650 4462 quae
674 4389 1031 4465 delinquunt
1052 4396 1113 4451 in
1140 4412 1252 4454 nos
1274 4397 1484 4455 fratres
1515 4401 1720 4457 nostri.
1741 4403 1888 4458 Nam
1914 4401 2170 4474 quisque

522 4483 794 4536 nostrum
839 4485 958 4539 Deo
997 4484 1230 4543 debitor
1255 4492 1364 4556 [est
1389 4488 1596 4546 decem
1645 4490 1896 4547 millium
1925 4491 2170 4548 talento-

523 4585 680 4636 rum,
707 4569 818 4627 hoc
847 4581 954 4638 est,
987 4575 1156 4632 multi
1186 4593 1256 4633 ac
1305 4579 1510 4649 magni
1566 4596 1703 4636 reus
1736 4580 1918 4636 debiti
1945 4599 1958 4649 ;
2001 4581 2169 4638 debe-

523 4674 661 4714 mus
675 4659 826 4715 enim
847 4661 927 4718 illi
941 4664 1155 4719 multas
1171 4681 1503 4740 gravesque
1518 4685 1747 4740 poenas,
1774 4675 2017 4742 propter
2046 4686 2172 4727 ma-

523 4763 644 4819 gna
683 4751 999 4822 graviaque
1021 4761 1283 4825 peccata.
1319 4757 1580 4830 Quisque
1606 4763 1805 4814 autem
1824 4775 2032 4815 eorum
2072 4759 2172 4830 qui

523 4838 577 4892 in
603 4854 712 4894 nos
738 4839 1134 4912 deliquerunt,
1189 4844 1364 4900 nobis
1393 4845 1626 4902 debitor
1662 4852 1746 4904 est
1779 4851 2019 4902 centum
2063 4847 2170 4904 de-

522 4927 850 4996 nariorum,
882 4931 1153 4988 videlicet
1181 4935 1347 5005 parvi
1375 4935 1620 5007 vilisque
1650 4936 1854 5001 debiti,
1889 4935 1939 4990 si
1967 4937 2168 4992 confe-

524 5020 687 5072 ratur
725 5020 800 5074 ad
834 5019 1041 5076 decem
1074 5022 1257 5079 millia
1286 5023 1666 5081 talentorum.
1703 5025 1847 5081 Cum
1878 5040 2020 5095 ergo
2050 5026 2170 5083 Deo

524 5109 691 5160 tanta
720 5105 1068 5178 debeamus,
1092 5109 1208 5166 nisi
1239 5124 1382 5180 erga
1405 5117 1640 5168 nostros
1670 5111 1970 5169 debitores
1997 5113 2171 5171 mise-

525 5193 776 5250 ricordia
805 5195 896 5250 usi
926 5195 1226 5263 fuerimus,
1251 5199 1666 5258 subvertemus
1683 5201 1863 5259 etiam
1879 5217 2016 5274 quae
2040 5202 2169 5273 jam

2210 333 2538 388 ZIGABENI
3767 326 3876 379 512

3573 456 3706 505 ὥστε
3783 456 3877 502 καὶ

2272 547 2428 602 ἐκεῖνο
2471 553 2529 601 τὸ
2580 546 2766 602 δοκοῦν
2809 549 3052 623 σκληρὸν,
3112 551 3169 600 τὸ
3223 545 3516 622 προστάξαι
3567 541 3880 599 πωληθῆναι

2275 638 2449 704 αὐτόν,
2509 639 2602 691 οὐκ
2653 637 2752 691 ἀπὸ
2809 637 3164 713 σκληρότητος
3221 633 3375 700 εἶπεν,
3443 633 3549 685 ἀλλ’
3591 633 3672 682 ἶνα
3715 649 3880 681 κατα-

2273 734 2478 801 πτοήση
2519 731 2606 780 τόν
2647 724 2851 792 δοῦλον,
2899 731 2988 780 καὶ
3039 731 3194 800 πείσῃ
3252 725 3405 777 αὐτὸν
3469 725 3599 797 πρὸς
3660 721 3881 772 ἱκετείαν

2273 822 2364 870 καὶ
2388 816 2626 891 παράκλη
2637 837 2718 870 σιν
2747 816 2974 887 ἀποϐλέψ
2983 836 3056 870 αι.

2346 905 2588 969 Ἐξελθὼν
2637 939 2705 948 -
2751 905 2984 979 ὀφείλεις.
3045 900 3201 966 Εἰδες
3268 901 3382 974 (79)
3437 903 3698 953 Δεσπότου
3754 896 3883 970 φιλ-

2275 998 2590 1070 ανθρωπίαν,
2656 998 2753 1070 ὅρα
2820 1000 2909 1048 καὶ
2992 992 3179 1048 δούλου
3252 991 3403 1044 πάλιν
3481 989 3880 1063 ἀπανθρωπίαν.

2277 1084 2522 1148 Ἐξελθὼν
2588 1088 2689 1160 γὰρ
2749 1085 2920 1151 εὐθὺς,
2971 1081 3133 1147 ἔδειξε
3193 1086 3287 1141 τὴν
3352 1079 3543 1133 οἰκείαν
3603 1077 3881 1142 ἀπήνειαν,

2277 1172 2400 1228 οὐδὲ
2427 1182 2614 1248 καιροῦ
2646 1195 2782 1238 τινος
2818 1174 3173 1249 παρελθόντος.

2348 1269 2526 1318 Πεσὼν
2557 1296 2622 1306 —
2655 1264 2992 1337 ὀφειλόμενον.
3036 1266 3169 1315 Οὔτε
3211 1264 3297 1315 οτὸ
3341 1267 3533 1331 σχῆμα
3574 1265 3665 1318 τῆς
3709 1259 3883 1314 inua-

2273 1359 2395 1430 ρίας
2431 1350 2657 1427 ᾐδέσθη,
2702 1350 2776 1406 δι’
2813 1349 2872 1406 οὗ
2910 1356 3000 1405 καὶ
3027 1352 3182 1413 αύτός
3208 1350 3401 1413 ἐσώθη,
3453 1351 3570 1400 οὔτε
3594 1355 3690 1408 τῆς
3739 1342 3888 1405 ἰδίας

2279 1443 2572 1516 ἀνεμνήσθη
2631 1448 2900 1517 συμφορᾶς
2945 1440 3044 1493 ὄιπό
3109 1447 3204 1501 τῆς
3255 1441 3437 1511 ὁμοίας
3479 1454 3492 1467 ·
3555 1433 3663 1486 ἀλλ’
3715 1436 3888 1506 ἔμεινε

2279 1535 2461 1608 θηρίου
2516 1535 2702 1592 παντὸς
2773 1531 3044 1606 ὠμότερος.
3107 1533 3371 1600 Καὶτοιγε,
3438 1524 3544 1596 οὐχ
3595 1525 3722 1595 ὑπὲρ
3776 1530 3887 1574 τῶν

2276 1625 2402 1674 ἴσων
2457 1617 2517 1679 ἧν
2575 1622 2603 1679 ἡ
2659 1620 2915 1694 ἱκετηρία·
2973 1621 2998 1672 ό
3053 1622 3140 1690 μὲν
3193 1619 3295 1690 γὰρ
3346 1617 3473 1688 ὑπὲρ
3521 1612 3802 1675 ταλάντων,
3856 1612 3886 1663 ό

2198 1679 2241 1733 Β
2277 1707 2335 1764 δὲ
2386 1711 2512 1783 ὑπὲρ
2565 1706 2826 1784 δηναρίων
2880 1708 3177 1783 παρεκάλει.
3234 1709 3334 1760 Καὶ
3388 1706 3413 1756 ό
3463 1705 3552 1776 μεν
3603 1703 3729 1774 ὑπὲρ
3781 1720 3888 1772 μυ-

2273 1804 2417 1876 ρίων,
2465 1800 2490 1850 ὁ
2544 1795 2603 1852 δε
2641 1801 2766 1874 ὑπερ
2814 1797 3012 1854 ἑκατὸν.
3053 1802 3152 1850 Καὶ
3196 1797 3220 1847 ό
3263 1797 3352 1867 μὲν
3395 1795 3482 1845 τὸν
3538 1794 3816 1854 Δεσπότηι,
3857 1790 3888 1840 ό

2278 1887 2336 1942 δε
2383 1889 2469 1941 τόν
2527 1885 2834 1961 ὁμόδουλον.
2899 1891 3000 1941 Καὶ
3047 1888 3072 1938 ὁ
3133 1887 3220 1958 μεν
3281 1880 3540 1941 δεσπότης
3589 1881 3726 1932 ἅπαν
3790 1878 3890 1930 αύ-

2275 1986 2347 2050 τῷ
2385 1982 2442 2030 τό
2493 1977 2605 2051 (80)
2656 1985 2904 2030 τοσοῦτον
2957 1979 3111 2048 χρέος
3166 1975 3379 2046 ἀφῆκεν·
3432 1969 3588 2031 αὐτὸς
3640 1965 3699 2022 δε
3753 1964 3888 2020 οὐδὲ

2275 2069 2598 2144 προθεσμίαν
2630 2071 2791 2139 μόνην
2820 2073 2893 2138 τῷ
2926 2060 3193 2134 συνδούλῳ
3235 2057 3481 2114 δέδωκεν.

2348 2153 2564 2217 Ἰδόντες
2617 2187 2687 2196 -
2746 2157 2813 2207 τὰ
2859 2158 3127 2226 γενόμετα.
3186 2155 3255 2204 Τὸ
3315 2147 3623 2222 ἀσυμπαθες
3668 2148 3768 2220 γὰρ
3819 2145 3886 2198 οὐ

2275 2250 2427 2321 μόνον
2482 2252 2555 2314 τῷ
2619 2252 2733 2316 Θεῷ
2789 2246 3036 2316 μισητὸν,
3097 2239 3204 2294 ἀλλ’
3263 2235 3388 2293 οὐδε
3441 2243 3544 2298 τοῖς
3601 2234 3884 2289 ἓπιεικέσιν

2278 2335 2568 2410 ἀνθρώποις
2595 2332 2829 2410 ἀρεστόν.

2346 2429 2472 2479 Τότε
2524 2456 2593 2465 -
2645 2422 2766 2483 ἠλέη
2778 2441 2863 2474 σα·

2279 2514 2684 2586 Δικαιολογεῖται
2739 2515 2870 2585 πρὸς
2912 2513 3000 2563 τὸν
3046 2508 3252 2572 ἀνάξιον
3307 2507 3462 2578 λόγου
3515 2506 3728 2570 παντὸς,
3789 2507 3883 2556 καί

2277 2607 2622 2680 μακροθύμως
2678 2601 2882 2673 ἐλέγχει
2937 2602 3024 2652 τόν
3085 2596 3555 2668 αύτοκατάκριτον·
3621 2598 3708 2645 καὶ
3769 2589 3876 2645 δεί-

2276 2714 2476 2764 κνυσιν,
2537 2695 2616 2745 ὅτι
2669 2691 2822 2750 αύτός
2879 2689 3045 2758 ἑαυτῷ
3103 2686 3192 2740 καί
3249 2689 3344 2744 τὴν
3405 2687 3654 2758 προτέραν
3708 2683 3878 2754 χάριν

2276 2783 2538 2858 ἀνέτρεψε,
2610 2785 2700 2834 καὶ
2749 2783 2844 2837 τήν
2917 2779 3050 2851 μετὰ
3117 2781 3268 2829 τοῦτο
3330 2773 3537 2826 κόλασιν
3588 2769 3876 2844 προύξένη-

2203 2898 2244 2956 C
2281 2893 2339 2927 σε
2369 2874 2505 2945 (ei).

2351 2965 2451 3015 Καὶ
2492 2962 2575 3014 ὅτε
2617 2962 2706 3033 μὲν
2759 2957 2854 3010 όύκ
2909 2953 3049 3028 εἶχεν
3104 2949 3395 3008 ἀποδοῦναι
3441 2954 3499 3003 τὸ
3549 2953 3724 3023 χρέος,
3773 2947 3868 2998 ούκ

2278 3055 2539 3125 ὠνόμασεν
2591 3049 2747 3101 αὐτὸν
2790 3049 3034 3119 πονηρὸν,
3087 3043 3215 3097 ἆλλὰ
3259 3047 3350 3095 καὶ
3398 3039 3586 3114 μᾶλλον
3633 3036 3874 3103 ἠλέησεν,

2277 3143 2360 3194 ὅτε
2407 3136 2467 3192 δὲ
2512 3143 2630 3213 περὶ
2674 3141 2760 3191 τὸν
2813 3132 3094 3189 σύνδουλον
3138 3137 3337 3205 γέγονεν
3373 3128 3710 3202 ἀσυμπαθὴς,
3758 3143 3877 3178 τοτε

2251 3231 2253 3234 ⁴
2277 3233 2367 3283 καὶ
2390 3231 2611 3302 πονηρὸν
2641 3227 2897 3300 ὠνόμασε,
2927 3228 3016 3277 καὶ
3044 3222 3308 3277 ἐκόλασεν.

2932 2419 3003 2472 ’Ὠ
3046 2428 3138 2482 τῆς
3196 2417 3390 2480 πολλῆς
3467 2418 3790 2491 ἡμερότητος
3864 2417 3878 2473 l

2348 3426 2676 3496 Ἀκούσωμεν
2747 3421 2797 3474 οἱ
2870 3420 3194 3493 ἀσυμπαθεῖς
3265 3421 3356 3470 καὶ
3426 3415 3702 3488 φρίξωμεν,
3785 3433 3880 3465 και

2276 3523 2490 3587 γνῶμεν,
2550 3512 2630 3565 ὃτι
2677 3511 2828 3564 αὐτοὶ
2893 3511 3097 3570 πάντως
3167 3507 3377 3566 ἑαυτοὺς
3427 3500 3875 3575 καταδικάζομεν,

2277 3606 2364 3655 τὸν
2391 3602 2463 3664 εἰς
2491 3604 2632 3674 ἡμᾶς
2655 3601 3090 3674 προγεγενημένον
3121 3595 3252 3650 ἓλεον
3281 3602 3373 3647 τοῦ
3406 3599 3539 3648 Θεοῦ
3569 3591 3879 3666 ἀνατρέπον-

2275 3711 2370 3761 τες,
2403 3696 2494 3743 καὶ
2515 3691 2608 3749 τήν
2635 3689 2844 3742 αἰωνίαν
2872 3686 3088 3739 κόλασιν
3118 3685 3491 3755 ἐπισπώμενοι.

2351 3867 2450 3916 Καὶ
2493 3893 2562 3902 -—
2613 3865 2714 3913 πᾶν
2753 3861 2811 3911 τὸ
2858 3855 3176 3929 ὀφειλόμενον
3233 3852 3392 3923 αύτῷ.
3451 3854 3724 3921 Τουτίστι,
3785 3847 3879 3902 ὁι-

2277 3961 2487 4015 ηνεκῶςο
2529 3946 2779 4004 ούδέποτε
2810 3948 2912 4021 ’γὰρ
2945 3944 3124 3998 λοιπὸν
3170 3938 3462 3998 ἀποδώσει.
3512 3943 3576 3993 Σὺ
3617 3936 3678 3992 δε
3715 3937 3882 3991 τᾶλλα

2277 4045 2366 4116 μὲν
2440 4048 2535 4102 τῆς
2595 4035 2898 4112 παραϐολῆς
2957 4039 3029 4108 μὴ
3086 4029 3455 4106 περιεργάζου,
3513 4030 3676 4103 χάριν
3722 4029 3882 4082 πιθα-

2199 4119 2244 4172 Ῑ)
2275 4135 2490 4191 νότητος
2550 4125 3076 4202 συμπαραληφθέντα*
3131 4129 3283 4174 τοῦτο
3323 4117 3381 4173 δὲ
3446 4122 3597 4192 μόνον
3639 4117 3697 4170 ἐκ
3757 4119 3884 4170 ταύ-

2277 4240 2374 4282 της
2428 4221 2560 4292 μάθε
2612 4236 2804 4290 σαφως,
2860 4217 2941 4268 ὅτι
2977 4217 3045 4267 τὰ
3074 4212 3141 4274 εἰς
3179 4212 3307 4265 Θεὸν
3347 4208 3704 4284 ἁμαρτήματα
3731 4208 3882 4280 ἡμῶν

2279 4307 2638 4384 μυριοπλάσιά
2699 4306 2803 4358 εἰσι
2852 4311 2952 4356 τῶν
3011 4302 3082 4364 εἰς
3136 4302 3277 4372 ἡμᾶς
3337 4298 3725 4372 ἁμαρτημάτων
3779 4304 3882 4348 τῶν

2281 4396 2538 4470 ἀδελφῶν.
2616 4400 2717 4449 Καὶ
2796 4393 3016 4454 ἕκαστος
3092 4392 3181 4463 μὲν
3269 4390 3414 4461 ἡμῶν
3499 4383 3881 4459 χρεωφειλέτης

2279 4487 2389 4542 ἐστὶ
2441 4494 2512 4558 τῷ
2570 4492 2684 4556 Θεῷ
2740 4486 2938 4556 μυρίων
2997 4479 3277 4548 ταλάντων,
3333 4480 3598 4528 τουτέστιν
3656 4475 3878 4526 ύπεύθνο

2277 4597 2362 4640 νος
2427 4574 2614 4630 πολλοῦ
2669 4578 2759 4625 καὶ
2827 4569 3050 4644 μεγάλου
3090 4570 3307 4641 χρίους’
3369 4570 3733 4638 χρεωστοῦμεν
3771 4563 3873 4632 γὰρ

2279 4667 2416 4738 αύτῷ
2480 4664 2669 4725 πολλὰς
2726 4665 2816 4715 καὶ
2871 4657 3094 4732 μεγάλας
3177 4658 3432 4728 τιμωρίας
3515 4651 3595 4704 ἐπὶ
3672 4647 3873 4707 πολλοῖς

2279 4736 2658 4828 καὶήμεγάλοις
2706 4751 3095 4824 ἁμαρτήμασιν·
3159 4745 3377 4804 ἕκαστος
3435 4739 3493 4795 δὲ
3548 4747 3644 4792 τῶν
3708 4736 3872 4810 ἁμαρ-

2280 4849 2531 4899 τανόντων
2597 4842 2670 4904 εἰς
2739 4843 2878 4912 ἡμᾶς
2935 4833 3312 4911 χρεωφειλέτης
3376 4829 3515 4884 ἐστὶν
3573 4834 3696 4902 ῆμῖν
3764 4825 3878 4879 ἐκα-

2280 4938 2367 4988 τὸν
2430 4929 2710 5007 δηναρίων,
2778 4931 2938 4999 ἤγουν
2996 4923 3171 4996 ὀλίγον
3240 4925 3329 4972 καὶ
3405 4917 3634 4979 εὐτελοῦς
3695 4919 3886 4990 χρέους

2281 5026 2410 5099 πρὸς
2465 5006 2745 5096 σύγκρισιν
2790 5024 2891 5069 τῶν
2949 5016 3146 5088 μυρίων
3201 5009 3478 5062 ταλάντων.
3543 5010 3645 5059 Καὶ
3698 5006 3778 5057 ὃτι
3837 5007 3888 5057 οἱ

2280 5112 2568 5170 τηλικαῦτα
2606 5095 2702 5179 7τῷ
2777 5101 2890 5175 Θεῷ
2977 5106 3382 5176 χρεωστοῦντες,
3469 5095 3552 5148 ἐὰν
3649 5102 3887 5168 φανῶμεν

2280 5204 2410 5273 πρὸς
2482 5202 2603 5261 τοὺς
2660 5197 2824 5270 μικρὰ
2886 5196 3280 5267 χρεωστοῦντας
3341 5189 3465 5260 ἡμῖν
3537 5182 3884 5258 ἀνελεήμονες,

1737 5431 1956 5500 Variae
1983 5431 2314 5502 lectiones
2349 5439 2414 5498 et
2482 5437 2685 5495 notae.

525 5622 714 5750 mm)
746 5620 1010 5678 Hentenii
1050 5623 1385 5696 interprete
1411 5641 1444 5680 ο

1566 5643 1596 5681 c
1659 5643 1898 5700 prorsus
1949 5627 2177 5684 dissen-

2497 5627 2587 5690 Τό,
2620 5621 2835 5680 omittit
2869 5622 2934 5676 A.

2357 5625 2450 5696 (80
2497 5627 2587 5690 Τό,
2620 5625 2835 5680 omittit
2869 5625 2934 5676 A.

2357 5625 2474 5769 (8t;
2501 5697 2588 5753 Ita
2616 5692 2858 5757 correxi,
2889 5692 3023 5748 loco
3060 5688 3360 5765 προξένησε.

2317 5742 2324 5749 .
2357 5697 2438 5770 (8t
