4186 6318
288 339 396 392 513
1240 320 1603 377 COMMENT.
1652 317 1717 373 [N
1757 304 2204 371 MATTHASUM.
2243 341 2310 350 —
2350 309 2506 365 CAP.
2548 312 2703 367 XIX.
3562 309 3669 366 514

289 458 650 532 ἀνατρεπομεν
699 459 790 507 καὶ
871 454 970 506 ὅσα
1025 452 1507 524 προσυπεχώρησεν
1572 443 1687 515 (82)
1778 442 1942 513 ἡμῖν.

2016 435 2185 491 nobis
2202 434 2677 507 supplicantibus
2694 436 3002 493 remiserat
3025 452 3038 491 :
3059 438 3115 490 et
3131 432 3521 506 postmodum
3542 449 3669 490 om-

289 547 566 608 δεηθεῖσι’
609 549 699 597 καὶ
727 543 907 596 λοιπόν
936 540 1261 613 ἀσυμπαθῶς
1310 538 1514 590 πάντων
1546 532 1906 603 ἀπαιτουμεθα

2016 524 2181 579 nium
2198 539 2391 596 ptume
2413 541 2448 578 a
2469 524 2645 579 nobis
2671 525 2794 581 sine
2819 526 2940 582 ulla
2957 524 3372 596 compassione
3395 527 3669 595 expeten-

288 640 390 699 τὰς
421 637 656 696 εύθύνας.
693 634 830 706 Ὀρα
857 634 958 705 γὰρ
998 633 1065 683 τὰ
1094 629 1233 692 ἑξῆς.

2016 618 2133 669 tur.
2174 612 2315 668 Vide
2345 613 2503 668 enim
2535 629 2670 684 quae
2702 619 3050 687 sequuntur.

376 728 562 787 Οὕτως
608 755 677 764 —
735 722 923 775 αὐτῶν.
984 722 1079 772 Διά
1107 726 1287 770 τοῦτον
1341 719 1427 768 τὸν
1479 714 1628 785 λόγον
1663 711 1910 767 συνέθηκε

2091 704 2244 755 Vers.
2275 702 2363 756 35.
2400 702 2502 757 Sic
2525 732 2590 741 —
2612 702 2874 759 illorum.
2896 704 3139 774 Propter
3158 703 3315 758 hunc
3330 716 3671 758 sermonem

296 822 399 875 τὴν
451 814 574 872 ὅλην
624 810 945 885 παραϐολὴν,
1004 807 1298 881 βεϐαιώσας
1354 812 1535 857 τοῦτον
1595 799 1689 854 διὰ
1736 818 1911 870 παρα-

2021 793 2206 845 totam
2227 791 2565 861 composuit
2588 791 2952 862 parabolam,
2973 792 3244 863 exemplo
3267 791 3431 847 illum
3462 790 3674 846 conﬁr-

303 903 621 977 δείγματος,
698 902 780 952 ἶνα
835 899 1024 973 μᾶλλον
1090 892 1474 968 εὐπαράδεκτος
1530 897 1764 964 γένηται.
1829 888 1912 938 Ἕν

2023 894 2215 945 mans,
2259 894 2381 950 quo
2407 880 2637 934 facilius
2674 880 3050 951 reciperetur.
3080 880 3146 934 In
3176 880 3461 951 principio
3493 878 3674 951 siqui-

308 992 459 1066 ἀρχῇ
517 994 606 1063 μὲν
664 986 751 1043 οὖν
805 997 900 1050 τῆς
951 986 1246 1059 παραϐολῆς
1300 985 1479 1036 ἑαυτὸν
1539 978 1643 1034 εἶπε
1695 977 1918 1053 βασιλέα

2024 968 2163 1022 dem
2194 967 2493 1038 parabolae
2524 968 2785 1039 seipsum
2816 969 3014 1041 posuit
3041 984 3243 1038 regem
3285 985 3354 1025 ac
3383 969 3676 1038 legislato-

309 1088 407 1134 καὶ
468 1081 765 1152 λογοθέτην⁶
812 1080 945 1149 μετά
999 1077 1112 1147 (83)
1175 1078 1233 1127 τὸ
1286 1078 1439 1146 τέμος
1496 1068 1554 1124 δὲ
1597 1073 1788 1129 ταύτης
1843 1074 1916 1136 τῷ

2024 1073 2152 1111 rem
2181 1072 2192 1111 :
2226 1062 2361 1127 post
2380 1056 2562 1112 ﬁnem
2583 1072 2726 1112 vero
2753 1056 2965 1127 ipsius,
2994 1058 3145 1113 Patri
3171 1057 3410 1113 ultionis
3428 1056 3676 1112 auctori-

323 1174 493 1242 Πατρὶ
538 1173 628 1227 τὴν
682 1167 922 1230 ἐξουσίαν
974 1175 1070 1227 τῆς
1121 1164 1380 1224 κολάσεως
1429 1160 1688 1226 ἀνέθηκεν,
1742 1160 1824 1209 ἳνα
1864 1175 1919 1208 τε

2028 1148 2208 1201 tatem
2240 1146 2526 1210 attribuit,
2561 1160 2634 1201 ne
2658 1144 3069 1215 jactabundus
3098 1146 3223 1217 ipse
3255 1145 3568 1209 videretur,
3600 1145 3679 1198 si-

321 1262 399 1330 μὴ
446 1256 565 1331 δόξῃ
628 1257 918 1329 κομπάζειν
984 1254 1160 1319 αὐτὸς,
1213 1273 1301 1304 και
1345 1252 1455 1323 άμα
1509 1246 1775 1313 δεικνύων,
1839 1248 1918 1297 ὅτι

2029 1234 2273 1307 mulque
2311 1234 2632 1290 ostendens
2672 1249 2857 1290 unam
2883 1234 3197 1307 utriusque
3219 1250 3346 1289 esse
3371 1233 3682 1289 auctorita-

312 1351 419 1419 μία
475 1345 782 1421 ἀμφοτέροις
838 1346 869 1403 ἡ
913 1344 1146 1407 ἐξουσία.
1204 1346 1274 1395 Τὸ
1342 1337 1420 1405 δὲ,
1472 1340 1599 1391 Ἀπὸ
1657 1346 1756 1389 τῶν
1795 1354 1919 1409 καρ-

2031 1328 2170 1377 tem.
2226 1323 2306 1378 De
2369 1322 2650 1378 cordibus
2727 1324 2932 1378 vestris
2976 1328 3199 1391 autem,
3258 1322 3373 1379 hoc
3440 1327 3547 1386 est,
3612 1336 3684 1375 ex

312 1411 448 1487 διῶν
478 1411 641 1508 νέμων,
668 1411 678 1421 ¹
704 1433 815 1487 ἀντὶ
851 1436 965 1503 τού,
1016 1432 1072 1485 ἐκ
1127 1428 1373 1505 καρδίας,
1406 1434 1494 1481 καὶ
1535 1433 1605 1500 μὴ
1664 1426 1763 1479 ἀπὸ
1794 1430 1918 1477 στό-
2028 1412 2226 1477 οοΐάθ,
2261 1418 2317 1467 εἴ
2347 1428 2467 1467 1101]
2500 1416 2735 1468 tantum
2768 1411 2846 1467 ab
2882 1428 3007 1470 0P8.

307 1545 479 1598 ματος
500 1529 673 1598 μόνον.

389 1620 491 1667 Καὶ
521 1645 590 1655 —
621 1610 907 1688 Ἰορδάνου.
948 1610 1131 1664 ’Ἦλθεν
1164 1610 1230 1670 εἰς
1261 1612 1324 1661 τὰ
1350 1613 1480 1682 μέρη
1512 1617 1601 1668 τῆς
1634 1602 1916 1669 Ἰουδαίας,

2097 1625 2245 1680 CAP.
2292 1626 2420 1679 XIX.
2454 1626 2609 1679 Vers.
2650 1625 2700 1679 1.
2734 1624 2813 1680 Et
2844 1655 2909 1665 —
2933 1624 3274 1682 Iordanem.
3303 1624 3475 1679 Venit
3504 1624 3563 1679 in
3590 1637 3687 1679 ex-

304 1700 462 1756 διότι
501 1705 714 1775 ἤγγιζεν
754 1703 779 1755 ὀ
800 1703 981 1777 καιρὸς
1019 1705 1111 1752 τόύ
1134 1701 1336 1758 Πάθους
1361 1698 1540 1750 αὐτοῦ.
1951 1733 1957 1765 η

2036 1719 2249 1770 tremas
2278 1712 2498 1768 Iudaeae
2531 1716 2744 1783 partes,
2776 1714 2920 1785 quia
2947 1713 3206 1769 instabat
3236 1717 3469 1785 tempus
3498 1712 3689 1769 Passi-

2026 1802 2160 1861 onis
2187 1801 2404 1875 ipsius.

397 1905 501 1953 Καὶ
528 1928 599 1940 -
629 1898 750 1953 ἐκεῖ.
812 1897 996 1967 Πάλιν,
1026 1898 1092 1957 ὡς
1136 1895 1380 1956 πολλάκις
1428 1898 1632 1967 ἔφημεν,
1690 1891 1789 1945 ἀπό
1825 1899 1921 1953 τῆς

2102 1892 2269 1947 Vers.
2322 1892 2375 1946 2.
2420 1891 2496 1946 Ει
2534 1920 2603 1931 -
2648 1890 2746 1945 ibi.
2795 1893 3070 1957 Rursum,
3118 1897 3183 1948 ut
3220 1892 3561 1964 frequenter
3603 1890 3689 1945 di-

314 1986 684 2048 ςῖιδασκαλίας
722 1988 804 2039 ἐπὶ
834 1988 901 2039 τὰ
944 1987 1187 2058 θαύματα
1214 1988 1434 2056 μέτεισι,
1466 1987 1588 2036 ποτε
1613 1986 1701 2056 μὲν
1738 1982 1923 2053 ψυχὰς

2037 1983 2250 2046 ximus,
2276 1998 2311 2037 a
2341 1981 2609 2038 doctrina
2629 1982 2839 2038 transit
2866 1982 2942 2037 ad
2965 1982 3252 2039 miracula
3278 1999 3295 2037 :
3326 1982 3690 2054 quandoque

320 2080 641 2153 θεραπεύων,
710 2079 833 2129 ποτε
890 2072 949 2128 δὲ
1025 2080 1263 2147 σώματα,
1337 2079 1424 2126 καὶ
1489 2070 1737 2126 οὐδέποτε
1811 2069 1925 2143 (84)

2041 2092 2253 2132 curans
2290 2075 2546 2141 animas,
2602 2074 2902 2131 interdum
2943 2090 3086 2132 vero
3131 2090 3405 2148 corpora,
3446 2079 3504 2130 et
3548 2071 3694 2129 nihil

323 2167 551 2239 ἀμελῶν.

2038 2181 2307 2239 unquam
2332 2164 2660 2236 negligens.

325 2299 479 2347 ΚΕΦ.
513 2291 602 2345 Μ’.
628 2294 754 2364 Περὶ
773 2297 872 2343 τῶν
889 2288 1344 2364 ἐπερωτησάντων,
1378 2288 1420 2340 εἰ
1448 2288 1642 2351 ἔξεστιν
1671 2287 1930 2340 ἀπολῦσαι

1898 2307 1930 2338 ιι
2202 2273 2352 2328 CAP.
2386 2272 2492 2327 XL.
2524 2274 2608 2328 De
2635 2272 3146 2344 interrogantibus,
3183 2278 3383 2329 utrum
3417 2273 3551 2329 licet

950 2361 1042 2437 την
1079 2385 1323 2449 γυναῖκα.
2265 2361 2488 2417 homini
2516 2361 2603 2417 dit

2265 2361 2488 2417 homini
2516 2361 2836 2417 divortium
2858 2362 3064 2431 facere
3091 2378 3225 2418 cum
3254 2377 3463 2419 uxore.

405 2475 507 2524 Καὶ
563 2500 630 2511 —
696 2469 889 2523 αἰτίαν.
960 2470 1138 2532 Πάλιν,
1198 2464 1396 2529 ἰδόντες
1444 2470 1508 2520 τὰ
1562 2469 1803 2539 θαύματα
1845 2468 1932 2516 καὶ

2111 2450 2278 2506 Vers.
2320 2450 2371 2503 3.
2412 2450 2493 2503 Et
2531 2480 2599 2489 ο-
2639 2465 2821 2505 causa
2860 2450 2887 2503 ‘?
2928 2453 3206 2515 Rursum,
3259 2449 3398 2504 visis
3438 2448 3699 2503 miracu-

329 2566 428 2619 τὴν
491 2556 713 2631 δύναμιν
762 2557 942 2624 αὐτοῦ,
994 2555 1431 2629 ἐξεθηριώθησαν·
1473 2562 1563 2609 καὶ
1634 2556 1740 2608 ἐπεὶ
1803 2559 1930 2627 μέμ-

2044 2540 2113 2597 lis
2145 2556 2213 2597 ac
2253 2538 2464 2594 virtute
2502 2536 2678 2605 illius,
2711 2538 2931 2594 efferati
2962 2539 3199 2595 fuerant
3231 2555 3242 2594 :
3288 2543 3346 2594 et
3374 2538 3518 2610 quia
3547 2537 3697 2593 facta

333 2650 541 2720 ψασθαι
603 2656 715 2708 τοίς
770 2648 1076 2720 πράγμασιν
1129 2645 1223 2697 οὐκ
1288 2649 1504 2717 ἴσχυον,
1554 2650 1936 2720 προσέρχονται

2047 2631 2172 2702 ejus
2210 2628 2644 2701 reprehendere
2683 2644 2805 2684 non
2837 2633 3126 2699 poterant,
3160 2628 3454 2684 accedunt
3484 2632 3700 2683 tentan-

334 2738 660 2813 πειράζοντες
716 2734 765 2787 ἐν
817 2734 1005 2806 λόγοις,
1058 2732 1140 2785 ἐὰν
1184 2735 1288 2807 ἄρα
1348 2731 1645 2792 δυνηθῶσιν
1709 2732 1938 2786 ἐπιλαϐέ-

2045 2725 2129 2774 tes
2149 2735 2219 2773 an
2239 2720 2299 2773 in
2324 2717 2696 2772 sermonibus
2723 2733 2860 2772 eum
2884 2722 3126 2789 possent
3147 2716 3650 2789 comprehendere
3683 2730 3696 2769 :

338 2829 465 2881 σθαι
500 2827 682 2895 αὐτοῦ,
741 2830 911 2877 καίτοι
957 2822 1203 2883 πολλάκις
1248 2830 1397 2875 τοῦτο
1463 2828 1791 2887 ποιήσαντες,
1850 2828 1939 2875 καί

2051 2824 2186 2863 cum
2215 2822 2329 2878 que
2370 2806 2427 2861 id
2460 2822 2616 2878 saepe
2655 2806 2954 2871 fecissent,
3000 2812 3057 2862 et
3096 2805 3319 2878 ubique
3356 2803 3704 2860 mirabiliter

340 2924 618 2987 πανταχοῦ
677 2917 981 2987 θαυμασίως
1051 2912 1518 2985 ἐπιστομισθέντες.
1601 2912 1733 2964 Ἀλλ’
1794 2912 1940 2964 ἀναί-

2051 2897 2395 2969 impositum
2426 2895 2571 2967 ipsis
2592 2895 2797 2952 fuisset
2818 2895 3138 2964 silentium,
3169 2894 3483 2967 impudens
3504 2899 3704 2949 tamen

357 3024 584 3076 σχυντον
665 3008 814 3065 ὄντως
868 3005 893 3054 ὁ
955 3004 1136 3074 φθόνος
1208 3006 1297 3054 καὶ
1392 3002 1590 3075 ἰταμόν.
1650 3004 1939 3075 Ἐρωτῶσιν
1974 3005 2010 3063 C

2052 3004 2119 3043 ac
2147 2984 2422 3057 improba
2453 2991 2579 3041 erat
2608 3002 2816 3041 eorum
2862 2985 3103 3041 invidia.
3132 2986 3505 3055 Interrogant
3543 2998 3705 3053 ergo,

354 3090 463 3158 οὖν,
506 3093 548 3145 εὶ
578 3092 765 3154 ἔξεστιν
834 3091 1085 3166 ἀνθρώπῳ
1136 3090 1396 3143 ἀπολῦσαι
1448 3096 1540 3149 τὴν
1588 3100 1811 3163 γυναῖκα
1854 3091 1943 3142 αύο

2055 3077 2101 3131 si
2160 3076 2330 3131 liceat
2394 3073 2621 3129 homini
2688 3074 3012 3130 divortium
3064 3074 3258 3129 facere
3318 3089 3455 3128 cum
3525 3086 3708 3127 uxore

346 3191 439 3235 τοῦ
487 3185 620 3235 κατὰ
655 3188 831 3235 πᾶσαν
895 3181 1085 3237 αἰτίαν.
1150 3186 1247 3233 Καὶ
1306 3182 1403 3255 ὅρα
1438 3201 1527 3254 μοι
1566 3186 1658 3241 τὴν
1715 3201 1945 3255 πανουρ-

2055 3182 2163 3221 sua
2176 3181 2247 3220 ex
2273 3164 2541 3235 qualibet
2566 3180 2767 3219 causa.
2798 3163 2863 3217 Et
2883 3163 3198 3218 considera
3220 3162 3363 3217 mihi
3391 3159 3703 3215 astutiam:

344 3278 483 3345 γίαν.
540 3273 681 3327 Ἑπεὶ
741 3275 841 3345 γὰρ
897 3275 1012 3343 περὶ
1080 3273 1265 3322 τούτου
1322 3278 1410 3322 τοῦ
1465 3271 1761 3342 ζητήματος
1822 3290 1946 3343 προ-

2054 3254 2197 3326 quia
2226 3252 2384 3306 enim
2424 3251 2498 3305 de
2537 3250 2650 3305 hoc
2690 3250 2938 3322 quaesito
2988 3250 3049 3304 in
3092 3247 3561 3320 praecedentibus
3604 3246 3706 3302 do-

344 3361 511 3414 λαϐὼν
570 3357 810 3423 ἐδίδαξεν
869 3360 916 3412 ἐν
1000 3368 1071 3429 τῷ
1142 3364 1357 3431 πέμπτῳ
1427 3359 1703 3431 κεφαλαίῳ,
1772 3359 1940 3428 εἰπὼν,

2057 3346 2275 3405 cuerat,
2309 3341 2517 3412 quinto
2558 3339 2825 3394 videlicet
2854 3338 3065 3411 capite,
3099 3338 3338 3393 dicens:
3375 3338 3709 3408 Quicunque

343 3454 425 3504 ὅτι
471 3458 568 3512 ’ος
622 3449 682 3501 ἂν
733 3449 968 3522 ἀπολύσῃ
1029 3453 1123 3507 τὴν
1188 3456 1410 3519 γυναῖκα
1467 3449 1625 3500 αὐτοῦ
1696 3452 1946 3521 παρεκτὸς

2059 3429 2446 3503 repudiaverit
2466 3443 2705 3484 uxorem
2727 3444 2890 3483 suam
2919 3435 3163 3497 excepta
3182 3442 3350 3481 causa
3369 3427 3712 3488 fornicatio-

339 3541 499 3612 λόγου
580 3544 839 3615 πορνείας,
894 3545 1033 3591 ποιεῖ
1112 3537 1274 3595 αὐτὴν
1330 3540 1650 3609 μοιχᾶσθαι,
1736 3543 1823 3591 καὶ
1884 3540 1947 3589 τὰ

2063 3522 2166 3586 nis,
2203 3520 2353 3589 facit
2397 3534 2521 3574 eam
2562 3518 2891 3573 adulteram
2929 3532 3045 3573 esse
3079 3519 3146 3585 ³³,
3181 3520 3315 3582 etc.,
3353 3517 3716 3588 putaverunt

347 3630 485 3693 ἑξῆς·
547 3628 812 3702 ἐνόμισαν,
876 3630 956 3680 ὅτι
1016 3625 1284 3679 ἐπελάθετο
1349 3636 1445 3689 τῆς
1496 3631 1743 3690 τοιαύτης
1796 3624 1948 3680 διδα-

2061 3625 2197 3666 eum
2243 3608 2574 3665 doctrinam
2637 3606 2803 3663 illam
2864 3605 3157 3661 oblivioni
3196 3604 3531 3662 tradidisse.
3574 3604 3714 3660 Ideo

350 3692 587 3778 σκαλίας.
617 3692 704 3770 ita
758 3692 847 3770 καὶ
878 3717 935 3769 ού
986 3716 1215 3788 λέγουσι,
1253 3721 1400 3769 Διατί
1450 3713 1573 3769 τόδε
1620 3717 1733 3790 (85)
1773 3713 1949 3769 ἐδίδα-

2063 3697 2238 3753 etiam
2264 3712 2387 3753 non
2427 3695 2651 3751 dicunt.
2694 3697 2884 3759 Quare
2921 3694 3036 3750 hoc
3069 3694 3322 3750 docuisti
3351 3692 3380 3748 ?
3408 3693 3513 3750 sed
3542 3693 3716 3765 quasi

350 3809 441 3871 ξας
495 3825 507 3873 ;
555 3806 661 3859 ἀλλ’
716 3810 779 3868 ὡς
832 3812 987 3879 μήπω
1036 3811 1153 3879 περὶ
1196 3809 1380 3858 τούτου
1431 3803 1739 3878 διδάξαντα,
1795 3826 1950 3858 κακο-

2063 3787 2134 3841 de
2153 3786 2267 3842 hoc
2292 3785 2567 3841 nondum
2596 3784 2915 3848 docuisset,
2938 3799 3126 3855 pravo
3148 3799 3314 3839 more
3335 3799 3445 3838 suo
3466 3783 3716 3837 interro-

348 3900 492 3959 ἡθως
528 3895 806 3969 ἐρωτῶσιν,
859 3897 958 3963 ἵνα,
1007 3895 1050 3948 εἰ
1089 3899 1177 3967 μὲν
1243 3899 1381 3968 εἴπῃ,
1416 3897 1494 3947 ὅτι
1537 3896 1751 3961 ἔξεστιν,
1814 3896 1952 3947 ἀντι-

2068 3881 2205 3947 gant
2222 3875 2343 3930 utsi
2360 3872 2532 3928 licere
2549 3873 2787 3939 diceret,
2803 3876 3177 3943 opponerent
3193 3871 3470 3926 dicentes:
3492 3873 3557 3926 Et
3577 3885 3721 3941 quo-

355 3988 634 4054 θήσουσιν,
676 3986 753 4037 ὅτι
810 3990 911 4038 Καὶ
963 3993 1068 4045 πῶς
1111 3984 1378 4058 προλαϐὼν
1433 3981 1705 4052 ἐδίδαξας,
1746 3987 1827 4037 ὅτι
1861 3984 1953 4037 οὐκ

2067 3961 2246 4019 modo
2266 3963 2327 4018 in
2348 3960 2820 4034 praecedentibus
2844 3959 3105 4015 docuisti
3129 3975 3250 4015 non
3272 3958 3443 4014 licere
3460 3958 3487 4013 ‘I
3510 3959 3558 4013 si
3581 3972 3720 4013 vero

353 4075 600 4140 ἓξεστιν;
656 4074 699 4126 εἰ
743 4070 802 4126 δὲ
856 4077 996 4147 ε’ίπῃ,
1028 4075 1107 4125 ὅτι
1164 4073 1255 4126 ούκ
1309 4073 1522 4139 ἔξεστιν,
1582 4072 1953 4133 ἀντιθὴσουσιν

2069 4053 2285 4108 diceret
2321 4067 2446 4107 non
2482 4051 2681 4113 licere,
2712 4053 3085 4121 opponerent
3123 4048 3238 4120 ipsi
3277 4047 3493 4118 legem.
3536 4049 3722 4112 Quare

355 4164 498 4235 αὐτῷ
542 4167 630 4216 τόν
682 4167 859 4234 νόμον.
916 4168 1150 4222 Ζήτησον
1208 4159 1265 4215 δε
1296 4161 1345 4214 ἓν
1392 4170 1464 4233 τῷ
1508 4159 1793 4221 δηλωθέντι
1830 4165 1957 4235 πέμ-

2072 4147 2266 4199 autem
2295 4140 2583 4213 praedicto
2608 4138 2814 4211 quinto
2844 4137 3034 4209 capite
3060 4137 3195 4193 dicti
3225 4136 3381 4192 illius
3402 4135 3725 4192 enarratio-

353 4274 468 4325 πτῳ
498 4252 759 4325 κεφαλαίῳ
803 4256 896 4311 τὴν
940 4251 1190 4323 ἐξήγησιν
1234 4259 1346 4323 τοῦ,
1379 4251 1471 4313 Ὀς
1502 4251 1562 4304 an.
1594 4251 1827 4327 ἀπολύσῃ
1865 4257 1955 4311 τὴν
1988 4301 2006 4327 ι

2074 4245 2234 4288 nem:
2254 4230 2602 4299 Quicunque
2621 4227 3015 4296 repudiaverit
3030 4241 3272 4284 uxorem
3291 4231 3537 4295 excepta
3549 4239 3727 4281 causa

1408 4301 1470 4313 -.

352 4350 582 4414 γυναῖκα
659 4341 819 4393 αὑτοῦ
912 4346 1165 4409 παρεκτὸς
1239 4341 1394 4413 λόγου
1481 4348 1734 4416 πορνείας,
1820 4301 2005 4395 ποιεῖ1

2076 4319 2491 4382 fornicationis,
2519 4316 2669 4388 facit
2718 4332 2842 4373 eam
2881 4316 3214 4373 adulteram
3257 4330 3397 4386 esse,
3443 4314 3645 4386 ibique
3673 4319 3729 4368 et

357 4432 518 4490 αὐτὴν
568 4432 886 4504 μοιχᾶσθαι,
943 4435 1034 4482 καὶ
1086 4432 1300 4504 μαθήσῃ
1342 4427 1538 4504 ῥᾳδίως
1590 4431 1695 4485 ἐκεῖ
1742 4435 1955 4484 καὶτὸν

2075 4409 2260 4480 legem
2299 4407 2469 4463 facile
2508 4406 2701 4461 disces
2740 4410 2796 4461 et
2826 4421 3063 4461 causam
3095 4404 3174 4462 ob
3223 4420 3403 4476 quam
3445 4408 3728 4459 statutum

356 4526 533 4593 νόμον,
583 4523 671 4571 καὶ
735 4523 829 4578 τήν
876 4518 1067 4584 αἰτίαν,
1129 4515 1201 4572 δι’
1242 4519 1303 4577 ἣν
1357 4517 1724 4591 ἐνομοθετήθη.
1778 4524 1841 4572 Τί
1871 4516 1957 4572 οὗν

2078 4502 2212 4553 erat.
2229 4496 2382 4561 Quid
2403 4511 2545 4564 ergo
2568 4494 2829 4551 Christus
2846 4493 2945 4567 qui
2968 4494 3183 4551 horum
3206 4494 3456 4549 astutias
3477 4508 3545 4549 ac
3563 4490 3731 4547 dolos

359 4613 386 4662 ό
417 4612 506 4671 τὰς
543 4612 859 4680 πανουργίας
901 4612 991 4660 καὶ
1028 4608 1096 4660 τὰ
1147 4612 1452 4680 σοφίσματα
1503 4611 1697 4661 τούτων
1733 4608 1960 4682 ἀκριϐῶς

1028 4608 1096 4660 τὰ
1147 4584 1452 4680 σοφίσματα
1503 4611 1697 4661 τούτων
1733 4608 1960 4682 ἀκριϐῶς
2069 4584 2325 4659 Perfecto
2353 4586 2648 4642 noverat?

364 4700 700 4769 ἐπιστάμενος
720 4714 734 4763 ;

436 4787 494 4840 Ὀ
543 4783 601 4840 δὲ
655 4816 722 4826 —-—
779 4784 969 4847 αύτούς
1001 4825 1014 4839 .
1048 4784 1281 4851 Ἀύτούς,
1345 4781 1553 4843 δηλαδὴ
1596 4789 1719 4846 τοὺς
1771 4785 1965 4861 ἀνθρὼ-

2146 4787 2307 4840 Vers.
2366 4785 2420 4836 4.
2479 4780 2554 4833 At
2608 4779 2713 4835 ille
2776 4807 2846 4817 —
2912 4792 3003 4833 eos
3049 4776 3076 4830 ‘I
3145 4777 3253 4831 Eos
3310 4774 3571 4832 videlicet
3627 4773 3733 4832 ho-

372 4896 516 4941 πους.
565 4880 725 4930 Τουτὶ
798 4878 887 4947 μὲν
936 4869 1022 4927 οὖν
1096 4877 1154 4927 τό
1218 4875 1376 4949 ῥητὸν
1433 4876 1480 4926 ἐν
1539 4879 1600 4931 τῆ
1659 4872 1824 4948 βίϐλῳ
1872 4882 1968 4935 τῆς

2080 4876 2289 4932 mines.
2309 4873 2428 4927 Hoc
2442 4874 2641 4925 autem
2654 4866 2905 4923 verbum
2920 4866 2981 4920 in
3012 4865 3167 4921 libro
3184 4863 3430 4920 Genesis
3445 4863 3733 4935 scriptum

369 4972 618 5028 Γενέσεως
688 4967 1002 5037 γέγραπται.
1056 4967 1147 5017 Σύ’
1186 4960 1246 5016 δὲ
1308 4964 1576 5036 θαύμασον
1622 4967 1716 5021 τὴν
1782 4965 1968 5038 ἡμερό-

2078 4968 2166 5021 est
2194 4966 2264 5020 ³³.
2295 4964 2379 5017 Tu
2410 4973 2551 5015 vero
2583 4955 2879 5013 admirare
2917 4953 3153 5010 Domini
3187 4951 3729 5019 mansuetudinem,

366 5076 504 5116 τητα
553 5063 644 5109 τοῦ
698 5056 980 5122 Δεσπότου,
1046 5059 1174 5123 πῷς,
1228 5056 1401 5124 γνούς,
1468 5053 1547 5104 ὅτι
1604 5053 1965 5126 πειράζουσιν,

2080 5051 2385 5126 quomodo
2417 5047 2611 5103 sciens
2639 5043 2806 5118 quod
2843 5057 2983 5099 eum
3015 5047 3327 5109 tentarent,
3369 5058 3491 5100 non
3530 5041 3679 5099 dixit
3719 5057 3733 5097 :

365 5145 460 5198 ούκ
500 5142 626 5211 εἶπε,
680 5147 744 5197 Τί
801 5162 865 5217 με
926 5142 1213 5216 πειράζετε,
1287 5142 1408 5216 ὅπερ
1460 5140 1509 5193 ἐν
1570 5139 1743 5202 ἄλλοις
1798 5144 1971 5217 εἴρηκε

2083 5140 2240 5208 Quid
2276 5154 2365 5194 me
2404 5133 2644 5193 tentatis
2672 5134 2700 5189 ?
2730 5130 2891 5205 quod
2931 5130 3071 5189 alibi
3109 5130 3256 5189 dixit
3284 5132 3362 5190 ad
3400 5148 3502 5190 eos
3534 5135 3600 5197 ³³,
3632 5146 3736 5187 ne-

440 5272 483 5306 ³¹
519 5269 723 5327 Matth.
754 5285 811 5336 v,
846 5268 935 5323 3'2.
1014 5268 1062 5303 ³³
1096 5270 1235 5325 Gen.
1264 5283 1324 5335 ιι,
1366 5271 1456 5323 24.
1533 5268 1581 5303 ³³
1612 5267 1817 5325 Matth.
1851 5283 1991 5333 xm,
2021 5271 2106 5324 18.

1584 5367 1811 5435 Variae
1842 5366 2171 5434 lectiones
2219 5371 2286 5430 et
2316 5370 2519 5429 notae.

437 5486 552 5555 (82)
592 5489 1093 5558 Προσεπεχώρησεν.
1126 5484 1188 5537 Β.
1295 5554 1304 5558 _
1565 5554 1580 5558 Δ
1609 5554 1621 5558 _
2085 5501 2090 5537 ε

1565 5554 1580 5558 _
1609 5554 1621 5558 _
2085 5480 2458 5558 scripsissem
2481 5480 2583 5542 επὶ,
2613 5482 2715 5558 aut
2739 5474 3129 5558 npogachfélet.

440 5542 552 5628 (83)
592 5542 739 5612 Cum
756 5542 883 5611 haec
900 5542 1144 5628 quoque
1161 5554 1493 5628 pertineant
1507 5554 1586 5628 ad
1604 5554 1785 5628 istam
1808 5573 1976 5628 παρα-

1749 5569 1785 5610 n
1808 5573 1976 5628 παρα·
2156 5542 2270 5628 (8⁸4)
2304 5542 2805 5628 Interponendum
2830 5542 3076 5614 videtur,
3105 5542 3402 5620 οὐδετέρου.

440 5558 552 5628 (83)
592 5554 739 5612 cum
756 5554 883 5611 haec
900 5554 1144 5627 quoque
1161 5554 1493 5625 pertineant
1507 5554 1586 5611 ad
1604 5554 1785 5612 istam
1808 5573 1976 5626 παρα-

367 5628 543 5695 ϐολὴν,
581 5628 791 5685 malim
815 5630 951 5679 κατά
979 5630 1037 5699 τὸ
1068 5625 1222 5699 τελος.
1266 5627 1540 5699 Ιιιιίοῐιίη]
1574 5626 1736 5699 loqui
1759 5625 1968 5699 solent.

1054 5570 1144 5627 [ue
1161 5554 1586 5625 pertineantad
1604 5554 1785 5612 istam
1808 5573 1976 5626 παρα·
2156 5554 2246 5624 (84
2304 5554 2707 5621 Ιηιθτροῑιθηᾱι

1068 5625 1222 5699 τελος.
1266 5627 1540 5699 ῙΙᾶῨΘΠίΠ]
1574 5626 1736 5699 loqui
1759 5625 1968 5699 solent.
2156 5554 2276 5696 (85)
2302 5626 2449 5677 Διατί
2478 5625 2609 5693 τότε,
2644 5625 2707 5676 Α·

372 5700 488 5757 Sed
517 5699 663 5755 illud
698 5714 942 5771 quoque
971 5698 1284 5755 ferendum
1324 5697 1971 5771 videbiturquuidem
