4186 6318
543 324 652 387 515

1862 325 2208 389 EUTHYMII
2246 324 2574 393 ZIGABENI

3799 346 3910 418 516

546 467 665 528 quo
694 459 1080 527 exasperatus
1107 457 1193 510 est
1222 455 1374 511 sicut
1393 457 1510 514 alio
1539 457 1672 514 loco
1706 469 1932 530 :neque
1949 458 2169 514 omnim

2306 465 2436 535 πρὸς
2483 461 2693 528 αὐτοὺς,
2735 459 2861 518 οὐδε
2888 463 3208 538 έτραχύνθη,
3258 467 3430 530 καθὼς
3458 472 3598 523 ἔστιν
3636 472 3720 525 ὅτε
3743 480 3905 526 ποιεῖ.

545 544 740 614 arguit
767 560 888 610 eos,
914 549 976 600 ut
1007 559 1182 600 suam
1215 547 1491 602 ostendat
1519 546 1840 613 lenitatem,
1883 555 1936 601 et
1975 552 2039 602 ut
2077 548 2198 603 dis-

544 633 774 704 cipulos
813 635 1024 690 doceat
1068 634 1312 706 injurias
1347 635 1553 692 leniter
1595 636 1764 692 ferre.
1811 641 1936 692 Non
1989 641 2194 692 tamen

540 737 777 795 semper
817 724 1052 780 exhibet
1088 724 1410 792 lenitatem,
1445 742 1516 781 ne
1552 730 1752 798 putent
1791 726 2022 782 scelesti
2064 729 2192 783 hinc

540 809 705 866 illum
727 811 928 878 latere,
952 818 1131 886 utque
1157 813 1482 870 refrenaret
1503 815 1810 870 malitiam.
1841 818 1907 871 Et
1935 816 2070 872 vide
2101 832 2190 872 sa-

538 901 844 971 pientiam.
876 906 1279 973 interrogatus
1310 919 1385 958 an
1410 902 1622 971 liceret,
1659 919 1780 958 non
1813 905 2013 960 statim
2043 905 2190 960 dixit

538 1003 657 1045 non
696 989 892 1062 licere,
933 1007 1009 1046 ne
1042 991 1211 1047 daret
1247 991 1331 1046 eis
1371 993 1751 1049 occasionem
1790 993 2186 1049 contentionis

535 1091 606 1135 ac
628 1079 943 1147 tumultus;
969 1080 1070 1135 sed
1092 1080 1207 1136 hoc
1228 1080 1344 1136 alio
1368 1079 1551 1136 modo
1579 1086 1714 1152 apte
1748 1081 2074 1137 admodum
2096 1099 2186 1138 as-

534 1166 672 1223 truit
701 1167 779 1224 ab
795 1168 930 1240 ipsa
954 1169 1249 1225 creatione
1270 1185 1404 1240 quae
1429 1169 1506 1224 ab
1527 1169 1694 1225 initio
1717 1169 1869 1225 facta
1895 1175 2000 1226 est.
2030 1170 2184 1235 Quid

526 1271 678 1328 ergo
709 1257 788 1313 ait
813 1257 839 1312 ?
867 1258 1022 1314 Num
1053 1259 1266 1328 legistis
1290 1259 1444 1330 quod
1470 1261 1574 1330 qui
1595 1258 1736 1329 fecit
1767 1261 1842 1314 ab
1863 1260 2048 1328 initio,
2071 1274 2186 1315 ma-

533 1347 762 1401 sculum
785 1353 838 1402 et
862 1347 1137 1416 feminam
1176 1348 1320 1416 fecit
1345 1350 1485 1405 eos?
1533 1350 1653 1402 Hoc
1689 1353 1794 1414 est,
1838 1365 2023 1404 unum
2063 1365 2187 1405 ma-

533 1433 765 1490 sculum
789 1451 1096 1507 unamque
1117 1435 1425 1504 feminam,
1451 1439 1508 1491 ut
1529 1452 1686 1491 unus
1711 1452 1893 1493 unam
1915 1438 2182 1493 haberet.

531 1523 682 1578 Nam
713 1524 763 1578 si
801 1523 1084 1580 voluisset
1113 1524 1448 1581 masculum
1483 1525 1640 1581 hanc
1674 1525 2026 1598 relinquere,
2062 1544 2189 1582 rur-

519 1627 786 1685 sumque
805 1613 962 1671 hanc
977 1613 1214 1680 ducere,
1229 1614 1428 1685 plures
1442 1616 1643 1687 utique
1655 1615 1805 1672 form
1814 1622 1974 1672 asset
1989 1618 2066 1674 ab
2079 1620 2187 1674 ini-

511 1699 608 1774 .tio
638 1701 892 1760 feminas
919 1720 932 1758 :
967 1703 1111 1775 quia
1138 1719 1280 1774 ergo
1310 1703 1511 1776 plures
1535 1719 1659 1761 non
1684 1704 1978 1777 formavit,
2005 1713 2184 1766 restat
2205 1724 2262 1794 ,Β

528 1794 594 1845 ut
621 1791 869 1848 voluerit
894 1793 1086 1848 virum
1115 1808 1238 1849 non
1263 1794 1572 1864 repudiare
1605 1810 1851 1871 uxorein
1877 1812 2072 1855 suam.

601 2076 762 2131 Vers.
827 2077 886 2132 5.
961 2077 1037 2131 Et
1089 2106 1155 2116 —
1212 2091 1416 2133 unam.
1482 2079 1733 2135 Ostenso
1800 2095 1835 2136 a
1881 2082 2178 2138 creatione

525 2163 693 2234 quod
721 2179 844 2219 non
861 2163 1036 2220 liceat
1055 2165 1391 2236 repudiare,
1420 2167 1680 2223 ostendit
1694 2168 1807 2224 hoc
1823 2173 1879 2224 et
1899 2185 1933 2224 a
1952 2169 2177 2227 divino-

519 2250 719 2321 jussu.
756 2253 910 2309 Scire
943 2257 1144 2310 autem
1173 2258 1420 2325 oportet,
1453 2255 1620 2327 quod
1657 2257 1718 2312 in
1749 2255 1900 2312 libro
1933 2258 2176 2314 Genesis

521 2345 769 2419 apparet
791 2357 1052 2413 praesens
1071 2343 1317 2398 verbum
1335 2341 1526 2414 ipsius
1547 2344 1739 2401 Adam
1766 2361 1896 2402 esse
1918 2348 2175 2419 prophe-

521 2429 696 2485 tantis
736 2418 810 2486 de
859 2447 1040 2487 uxore
1073 2449 1086 2500 ;
1119 2431 1224 2488 sed
1271 2432 1534 2488 Christus
1579 2450 1740 2490 nunc
1783 2440 1954 2491 tie-cet
2007 2418 2173 2509 quod

516 2517 632 2575 hoc
678 2519 780 2575 Dei
821 2519 996 2576 fuerit
1047 2525 1436 2594 praeceptum,
1487 2526 1543 2579 et
1583 2539 1704 2580 non
1741 2524 1930 2596 ipsius
1976 2527 2168 2584 Adam

514 2607 851 2679 prophetia,
874 2613 938 2665 ut
965 2613 1233 2681 apparet.

588 2849 739 2909 Nihil
773 2859 976 2910 tamen
1013 2857 1171 2911 vetat
1205 2855 1365 2912 idem
1394 2857 1618 2914 dictum
1659 2864 1715 2915 et
1750 2861 1938 2934 ipsius
1976 2863 2167 2921 Adam

516 2937 700 2997 fuisse
739 2943 1113 3014 prophetiam
1145 2961 1180 3000 a
1213 2945 1328 3001 Deo
1359 2946 1682 3020 inductam,
1718 2954 1773 3006 et
1795 2967 2034 3008 rursum
2065 2954 2166 3009 Dei

513 3035 881 3119 praeceptum
898 3032 1126 3089 dictum
1149 3049 1256 3106 per
1273 3035 1497 3092 Adam:
1522 3041 1586 3092 ut
1600 3037 1659 3093 id
1672 3038 1957 3098 dixeritet
1973 3043 2161 3100 Adam
2191 3025 2240 3119 fc

511 3117 792 3177 inductus
816 3138 852 3180 a
867 3122 1004 3188 Deo,
1027 3125 1083 3180 et
1102 3138 1311 3180 rursus
1327 3123 1540 3184 dixerit
1556 3127 1734 3185 etiam
1756 3127 1911 3186 Deus
1932 3130 2164 3189 locutus

511 3220 617 3281 per
636 3210 852 3267 Adam.

582 3457 673 3512 Ait
724 3473 866 3529 ergo
913 3459 1079 3531 quod
1121 3461 1303 3518 etiam
1347 3462 1558 3520 dixerit
1589 3465 1828 3524 Creator
1865 3483 1877 3524 :
1910 3469 2164 3544 Propter

508 3544 626 3600 hoc
653 3545 944 3615 videlicet,
977 3549 1122 3621 quia
1149 3549 1404 3609 formata
1433 3559 1522 3610 est
1559 3570 1711 3611 uxor
1737 3556 1811 3612 de
1840 3555 2021 3615 latere
2049 3561 2159 3616 viri

509 3633 602 3688 sui
681 3635 850 3706 (nam
930 3643 985 3693 et
1049 3639 1164 3694 hoc
1241 3645 1378 3698 ante
1437 3643 1794 3714 praedictum
1869 3648 2158 3722 scriptum

506 3722 618 3795 est)
649 3745 660 3776 :
687 3725 998 3798 Relinquat
1021 3727 1187 3785 homo
1199 3737 1430 3801 patrem
1450 3747 1624 3790 suum
1648 3741 1699 3791 et
1719 3741 1982 3806 matrem,
2017 3742 2151 3808 etc.,

503 3819 792 3887 eruntque
818 3815 936 3873 duo
962 3819 1266 3890 conjuncti
1285 3820 1346 3876 in
1372 3836 1610 3881 carnem
1642 3839 1840 3894 unam,
1875 3827 2000 3884 sive
2026 3844 2156 3886 cor-

500 3917 616 3975 pus
658 3921 845 3962 unum
886 3914 1124 3981 propter
1169 3912 1655 3983 conjunctionem
1707 3917 1970 3984 unitatis,
2027 3919 2153 3978 sive

499 3993 946 4064 conjunctivam
989 3998 1269 4057 formam.
1318 4003 1469 4067 Quia
1511 4019 1653 4075 ergo
1700 4021 1891 4063 unum
1932 4023 2152 4081 corpus

497 4080 611 4138 hos
639 4099 769 4140 esse
789 4086 985 4156 jussit,
1012 4102 1136 4143 non
1159 4088 1295 4146 licet
1319 4091 1661 4161 repudiare.

570 4381 750 4472 Vers.
771 4383 860 4472 674.
891 4383 1091 4456 Itaque
1118 4415 1184 4427 —-
1217 4402 1340 4445 una
1368 4405 1519 4446 caro.
1561 4391 1896 4466 Postquam
1925 4400 2145 4458 tentato
2176 4417 2225 4472 ι)

495 4469 664 4527 ribus
695 4471 965 4529 divinum
997 4474 1268 4532 recitavit
1302 4483 1690 4554 praeceptum,
1725 4483 2146 4560 interpretatur

492 4574 656 4615 nunc
679 4561 846 4632 quod
875 4566 1011 4635 post
1034 4565 1167 4638 conj
1179 4567 1519 4626 unctionem
1550 4587 1739 4630 unum
1759 4590 1977 4648 corpus
2001 4579 2146 4638 ﬁant

493 4649 618 4705 duo
641 4650 952 4723 conjuges.
982 4652 1206 4722 Deinde
1231 4671 1405 4713 suam
1431 4674 1675 4733 quoque
1699 4662 1876 4721 infert
1907 4672 2143 4725 senten-

491 4738 636 4796 tiam
665 4755 680 4806 ;
710 4739 792 4797 ait
819 4742 978 4798 enim
1014 4757 1030 4798 :

562 4830 722 4885 Vers.
755 4827 807 4885 6.
842 4831 1006 4899 Quod
1026 4865 1094 4872 —
1119 4845 1362 4906 separet.
1383 4839 1528 4894 Ecce
1552 4839 1613 4894 id
1645 4841 1955 4899 subintulit
1978 4847 2144 4917 quod

491 4931 614 4974 non
633 4918 786 4986 licet,
809 4919 1032 4976 blande
1061 4923 1307 4996 quidem
1337 4928 1639 5000 modoque
1660 4932 2057 5002 persuasibili,
2083 4940 2145 4992 ut

485 5005 767 5076 diximus,
805 5009 1124 5067 ostendens
1155 5020 1365 5086 praeter
1405 5019 1666 5074 naturam
1707 5033 1777 5074 ac
1815 5025 2028 5092 praeter
2057 5023 2139 5080 le-

487 5110 626 5165 gem
647 5111 776 5152 esse
797 5095 1114 5156 divortium
1137 5117 1149 5156 :
1177 5108 1388 5175 praeter
1408 5110 1686 5163 naturam
1704 5108 1972 5181 quidem,
1995 5129 2139 5170 nam

486 5199 610 5240 una
640 5199 780 5240 caro
810 5185 1127 5257 dividitur;
1161 5198 1373 5262 praeter
1401 5189 1596 5264 legem
1628 5211 1786 5263 vero,
1814 5213 1952 5255 cum
1977 5201 2136 5258 enim

482 5273 636 5329 Deus
666 5289 855 5329 unum
881 5290 1010 5332 esse
1029 5279 1288 5348 jusserit,
1315 5281 1745 5341 distrahuntur.
2106 5327 2114 5334 .

556 5363 717 5418 Vers.
754 5369 807 5418 7.
842 5363 1062 5422 Dicunt
1082 5397 1149 5406 --
1181 5383 1305 5424 eam
1337 5370 1365 5425 ‘2
1390 5371 1564 5441 Quid,
1597 5373 1658 5428 id
1687 5378 1798 5441 est,
1829 5391 2015 5448 quare
2043 5381 2135 5438 vel

2304 553 2435 604 Οὔτε
2499 553 2600 625 γὰρ
2647 555 2870 606 πάντοτε
2938 554 3163 627 ἐλέγχει,
3237 557 3320 610 ἵνα
3367 555 3514 622 δείξη
3568 565 3659 619 τὴν
3717 561 3908 615 ἑαυτοῦ

2300 642 2679 713 μακροθυμίαν,
2774 648 2862 695 καὶ
2951 645 3034 697 ἵνα
3110 643 3374 721 παιδεύσῃ
3455 653 3578 711 τοὺς
3663 653 3907 722 μαθητὰς

2298 731 2650 803 μακροθύμως
2697 736 2861 807 φέρειν
2913 735 3008 795 τὰς
3053 740 3324 807 παροινίας
3356 753 3368 766 ⁸
3412 741 3530 790 οὔτε
3561 736 3640 791 ἀεὶ
3695 759 3903 815 μακρο-

2301 817 2468 888 θυμεῖ,
2533 819 2614 870 ἶνα
2651 824 2723 891 μὴ
2778 816 3004 883 δόξωσιν
3053 825 3101 875 οἱ
3147 830 3362 899 πονηροὶ
3411 825 3673 880 λανθάνειν
3721 830 3899 896 αὐτὸν,

2296 909 2384 958 καὶ
2435 907 2518 958 ἵνα
2566 906 2892 981 ἀναχαιτίση
2939 916 3033 969 τὴν
3081 918 3349 986 πονηρίαν.
3394 920 3494 968 Καὶ
3539 918 3636 988 ὅρα
3691 923 3897 990 σοφίαν.

2297 994 2603 1066 Ἐρωτηθεὶς
2657 998 2780 1071 γὰρ,
2840 999 2884 1051 εἱ
2929 1000 3145 1068 ἔξεστιν,
3205 1003 3299 1056 οῦκ
3349 1004 3530 1067 εὐθέως
3595 1005 3756 1074 εἶπεν,
3821 1011 3900 1062 ὅτι

2293 1082 2387 1134 οῦκ
2421 1084 2634 1151 ἔξεστιν,
2685 1087 2768 1139 ἵνα
2820 1092 2892 1159 μὴ
2927 1085 3004 1159 δῷ
3047 1094 3251 1153 τούτοις
3297 1092 3532 1166 ἀφορμὴν
3584 1095 3898 1168 φιλονεικίας

2292 1175 2382 1222 καὶ
2411 1183 2677 1244 ταραχῆς,
2709 1174 2817 1228 ἀλλ’
2870 1177 3020 1249 ἑτέρῳ
3067 1185 3241 1253 τρόπῳ
3289 1189 3441 1235 τοῦτο
3491 1186 3895 1254 κατασκευάζει,

2293 1261 2524 1322 πιθανῶς
2564 1263 2722 1329 πάνυ,
2911 1266 3074 1328 αὐτῆς
3101 1276 3199 1331 τῆς
3236 1269 3284 1321 ἐν
3337 1269 3481 1345 ἀρχῇ
3519 1269 3893 1349 δημιουργίας.

2293 1351 2357 1400 Τί
2411 1345 2498 1400 οὖν
2548 1370 2706 1422 φησιν
2750 1370 2768 1422 ;
2831 1354 2942 1406 Οὐκ
3005 1354 3266 1428 ἀνέγνωτε,
3327 1361 3406 1412 ὅτι
3455 1363 3481 1413 ὁ
3527 1368 3754 1427 ποιήσας
3807 1364 3893 1419 ἀπ’

2296 1435 2467 1509 ἀρχῆς
2515 1440 2669 1512 ἄρσεν
2727 1447 2816 1494 καὶ
2847 1443 2975 1502 θῆλυ
3027 1444 3268 1504 ἐποίησεν
3325 1449 3555 1517 αύτούς;
3599 1458 3891 1525 τουτέστιν,

2294 1527 2380 1577 ἕνα
2407 1528 2598 1601 οῐρσενα
2641 1535 2730 1582 καὶ
2781 1537 2905 1604 μίαν
2947 1533 3171 1602 θήλειαν,
3224 1538 3357 1590 ὥστε
3383 1543 3468 1591 τὸν
3506 1541 3594 1594 ἕνα
3642 1547 3737 1602 τὴν
3766 1549 3892 1618 μίαν

2295 1614 2454 1684 ἔχειν.
2507 1616 2567 1670 Εἰ
2631 1620 2732 1692 γὰρ
2789 1618 3042 1692 έϐούλετο,
3099 1626 3181 1677 ἶνα
3235 1627 3261 1677 ὁ
3313 1627 3484 1702 ἄρσην
3549 1614 3890 1706 ταύτηντμεν

2294 1699 2503 1775 ἀφήσει,
2580 1706 2753 1782 ἑτέραν
2820 1707 2881 1764 δὲ
2949 1712 3103 1765 πάλιν
3174 1699 3457 1788 ἀγάγηται,
3541 1720 3746 1784 πλείους
3799 1699 3893 1776 ’ἂν

2289 1792 2478 1847 ἔπλασε
2497 1797 2612 1847 κατ’
2634 1795 2810 1871 ἀρχὰς
2841 1801 3062 1862 θηλείας·
3096 1802 3203 1856 ἐπεὶ
3231 1802 3292 1856 ὁὶ
3326 1805 3534 1870 πλείους
3561 1810 3654 1863 οὐκ
3672 1811 3891 1881 ἔπλασε,

2287 1879 2463 1935 λοιπὸν
2494 1882 2738 1957 βούλεται
2778 1894 2850 1960 μὴ
2904 1888 3144 1945 ἀπολύειν
3182 1897 3270 1947 τὸν
3315 1892 3488 1968 ἄνδρα
3526 1902 3620 1958 τὴν
3661 1911 3896 1974 γυναῖκα

2287 1991 2470 2030 αυτου.

2359 2101 2458 2148 Καὶ
2526 2128 2590 2138 -
2637 2104 2778 2171 μίαν.
2833 2103 3006 2166 Δείξας
3053 2103 3153 2158 ἀπὸ
3220 2113 3315 2169 τῆς
3372 2105 3746 2186 δημιουργίας,
3806 2120 3886 2172 ὅτι

2284 2184 2375 2235 οῦκ
2406 2185 2600 2248 ἔξεστιν
2646 2187 2903 2257 ἀπολύειν,
2939 2190 3176 2247 δείκνυσι
3227 2205 3378 2250 τοῦτο
3416 2205 3506 2254 καὶ
3560 2201 3661 2255 ἀπὸ
3712 2225 3889 2281 προσ-

2281 2275 2547 2346 τάγματος
2599 2285 2690 2328 τοῦ
2748 2287 2901 2336 Θεοῦ.
2954 2288 3068 2355 Χρὴ
3127 2280 3186 2337 δὲ
3235 2291 3528 2358 γινώσκειν,
3577 2292 3657 2345 ὅτι
3703 2292 3753 2346 ἐν
3791 2299 3886 2368 μὲν

2278 2371 2338 2435 τῇ
2393 2363 2559 2436 βίϐλῳ
2629 2377 2719 2428 τῆς
2779 2375 3022 2434 Γενέσεως
3083 2378 3312 2446 φαίνεται
3366 2386 3458 2430 τοῦ
3519 2377 3694 2455 Ἀδὰμ
3752 2363 3881 2439 εἶναι

2278 2455 2336 2504 τὸ
2373 2457 2538 2528 παρὸν
2589 2455 2768 2530 ῥητὸν,
2834 2465 3242 2533 προφητεύοντος
3291 2470 3412 2542 περὶ
3465 2477 3558 2530 τῆς
3610 2481 3881 2543 γυναικός·

2278 2541 2386 2594 ἀλλ’
2434 2544 2460 2594 ὁ
2509 2548 2738 2618 Χριστὸς
2812 2544 3062 2604 διδάσκει
3131 2560 3238 2624 νῦν,
3294 2541 3374 2608 ὅτι
3417 2565 3511 2610 τοῦ
3577 2567 3711 2616 Θεοῦ
3767 2564 3883 2620 ἔστι

2276 2637 2427 2684 τοῦτο
2483 2636 2540 2686 τό
2586 2640 2923 2710 πρόσταγμα,
2983 2646 3073 2694 καὶ
3121 2643 3179 2695 οὐ
3218 2653 3510 2718 προφητεία
3558 2658 3650 2703 τοῦ
3678 2651 3876 2728 Ἀδὰμ,

2276 2721 2341 2774 ὡς
2365 2717 2528 2774 δοκεῖ.

2276 2739 2341 2780 ως
2365 2739 2393 2774 ο
2404 2740 2528 2777 οκει.

2349 2843 2544 2918 [Οὐδὲν
2571 2849 2688 2923 (86)
2737 2847 2796 2904 δὲ
2823 2852 3007 2906 κωλύει
3037 2858 3096 2907 τὸ
3121 2856 3249 2910 αὐτὸ
3272 2858 3432 2934 ῥητὸν
3458 2867 3542 2915 καὶ
3571 2870 3662 2916 τοῦ
3686 2862 3867 2940 Ἀδὰμ

2276 2930 2403 2987 εἶναι
2457 2945 2792 3012 προφητείαν,
2866 2940 3215 3014 ἐνηχηθεῖσαν
3263 2952 3408 3026 παρὰ
3465 2961 3554 3006 τοῦ
3601 2961 3732 3008 Θεοῦ
3778 2963 3869 3011 καὶ

2275 3021 2424 3120 ciu-Oi;
2467 3035 2558 3078 τοῦ
2604 3033 2733 3120 Θεοῦ
2789 3035 3125 3120 πρόσταγμα,
3186 3021 3347 3111 ῥηθὲν
3392 3037 3485 3094 δ’ιὰ
3535 3051 3628 3096 τοῦ
3674 3042 3869 3120 Ἀδάμ.

2274 3112 2415 3180 Οἷον,
2467 3118 2557 3168 καὶ
2613 3113 2748 3170 εἶπεν
2795 3119 2822 3170 ὁ
2852 3117 3048 3194 Ἀδὰμ,
3100 3123 3378 3198 ἐνηχηθεὶς
3417 3132 3562 3204 παρὰ
3589 3139 3684 3186 τοῦ
3715 3112 3866 3203 Θεό-ὗ,

2271 3207 2362 3255 καὶ
2415 3204 2587 3271 πάλιν,
2641 3212 2731 3260 καὶ
2784 3205 2919 3262 εἶπεν
2977 3213 3002 3263 ὁ
3071 3217 3210 3281 Θεὸς,
3291 3215 3527 3282 λαλήσας
3609 3218 3705 3276 διὰ
3777 3233 3869 3278 τοῦ

2266 3289 2495 3366 Ἀδάμ]

2342 3422 2507 3477 Φησὶν
2533 3411 2642 3492 οὖν,
2673 3421 2753 3474 ὅτι
2768 3427 2858 3476 καὶ
2883 3422 3018 3478 εἶπεν
3040 3427 3066 3479 ὁ
3087 3432 3437 3506 Δημιουργὸς,
3469 3433 3627 3488 ἕνεκεν
3657 3441 3873 3508 τούτου,

2270 3501 2478 3567 δηλαδὴ
2527 3517 2621 3562 τοῦ
2667 3509 2965 3572 πλασθῆναι
2994 3519 3086 3575 τὴν
3133 3501 3358 3590 γυναῖκα
3513 3533 3608 3587 τῆς
3646 3501 3876 3605 πλευρᾶς

2265 3603 2357 3648 τοῦ
2407 3593 2602 3672 ἀνδρὸς
2639 3600 2823 3662 αὐτῆς·
2893 3609 3011 3678 περί
3065 3609 3250 3660 τούτου
3323 3612 3426 3684 γὰρ
3494 3611 3724 3690 ἀνωτέρω
3772 3593 3870 3673 τοῦ

2266 3679 2585 3781 δηλωθέντος
2658 3693 3064 3766 προστάγματος
3147 3679 3462 3771 γέγραπται·
3552 3679 3870 3781 Καταλείψει

2264 3773 2534 3851 ἄνθρωπος
2605 3781 2692 3832 τὸν
2780 3785 2979 3856 πατέρα
3070 3784 3230 3838 αὐτοῦ
3317 3794 3407 3842 καὶ
3477 3796 3569 3850 τὴν
3637 3773 3867 3873 μητέρα,

2263 3869 2352 3918 καὶ
2380 3868 2445 3918 τὰ
2474 3865 2607 3931 ἐξῆς⁶
2644 3873 2734 3921 καὶ
2781 3871 2987 3924 ἔσονται
3042 3875 3092 3926 οἱ
3131 3871 3230 3927 δύο
3289 3877 3512 3952 σύζυγοι
3564 3865 3647 3946 εἰς
3690 3865 3874 3959 σάρκα

2261 3959 2406 4028 μίαν,
2464 3959 2626 4028 ἤγουν
2702 3967 2855 4031 σῶμα
2934 3960 2982 4013 ἂν
3051 3957 3145 4016 διὰ
3222 3967 3310 4017 τὸν
3389 3965 3683 4044 σύνδεσμον
3762 3957 3872 4040 τῆς

2261 4041 2503 4113 ἐνώσεως,
2556 4049 2722 4099 εἶτουν
2779 4043 2873 4100 διὰ
2913 4053 3008 4110 τήν
3062 4060 3384 4115 πναπτικήν
3451 4064 3662 4131 σχέσιν.
3719 4062 3870 4120 Ἐπεὶ

2262 4128 2322 4185 δὲ
2375 4131 2425 4186 ἓν
2469 4141 2624 4207 σῶμα
2681 4138 2898 4200 τούτους
2945 4137 3075 4193 εἶναι
3127 4145 3458 4216 προσέταξεν,
3522 4148 3619 4202 οὐκ
3658 4151 3866 4216 ἔξεστιν

2259 4219 2446 4275 ἀπολύε
2452 4243 2495 4274 ιν
2504 4265 2516 4276 .

2323 4345 2484 4400 Ὠστε
2533 4377 2600 4389 -
2668 4350 2801 4424 σὰρξ
2879 4358 2996 4424 μία.
3052 4356 3330 4427 Ἀναγνοὺς
3380 4368 3486 4421 τοῖς
3547 4377 3862 4440 πειρασταίς

2253 4439 2312 4488 τὸ
2365 4439 2496 4490 θεῖον
2533 4443 2870 4512 πρόσταγμα,
2929 4446 3258 4519 ἐφερμηνεύει
3329 4448 3528 4522 λοιπὸν,
3591 4439 3673 4506 ὅτι
3722 4459 3856 4527 μετὰ

2249 4529 2342 4584 τὴν
2391 4528 2668 4599 συνάφειαν
2719 4527 2768 4580 ἓν
2823 4539 2976 4603 σῶμα
3039 4535 3088 4586 οἱ
3155 4531 3254 4588 δύο
3321 4539 3547 4611 σύζυγοι
3597 4547 3843 4614 γίνονται.

2251 4611 2380 4669 Εἶτα
2465 4614 2688 4691 ἐπιφέρει
2788 4624 2879 4672 καὶ
2950 4626 3045 4680 τὴν
3118 4623 3304 4678 ἑαυτοῦ
3390 4611 3618 4702 γνώμην,
3694 4635 3845 4702 Λέγει

2249 4705 2374 4777 γάρ’

2320 4843 2386 4897 Ὀ
2438 4879 2505 4888 -
2561 4849 2855 4924 χωριζέτω.
2895 4841 3031 4905 Ἰδοὺ
3087 4857 3146 4906 τὸ
3197 4855 3308 4908 Ούκ
3356 4859 3527 4921 ἔξεστι
3562 4865 3851 4937 συνεπερα-

2249 4955 2348 5003 νεν,
2419 4935 2619 5008 ὁμαλῶς
2670 4957 2724 4991 τε
2771 4945 2859 4992 καὶ
2925 4944 3176 5016 πιθανῶς,
3255 4948 3325 5007 ὡς
3387 4948 3685 5024 εἰρήκαμεν,
3745 4935 3855 5006 δει-

2248 5025 2438 5092 κνύων,
2493 5021 2573 5078 ὅτι
2605 5031 2748 5104 παρὰ
2804 5032 2960 5101 φύσιν
3015 5036 3102 5084 καὶ
3151 5037 3295 5109 παρὰ
3331 5021 3482 5111 νόμον
3541 5044 3598 5093 τὸ
3640 5037 3848 5095 διελεῖν·

2247 5117 2392 5188 παρὰ
2455 5115 2610 5188 φύσιν
2661 5120 2771 5190 μὲν,
2830 5121 2910 5172 ὅτι
2973 5126 3071 5192 μία
3120 5119 3453 5200 διατέμνεται
3499 5130 3652 5206 σάρξ·
3704 5136 3855 5208 παρὰ

2245 5205 2397 5276 νόμον
2446 5200 2524 5271 δὲ,
2551 5202 2654 5272 ὅτι,
2708 5214 2800 5260 τοῦ
2859 5216 2992 5262 Θεοῦ
3048 5209 3379 5278 κελεύσαντος
3433 5217 3482 5270 ἓν
3537 5215 3689 5292 εἶναι,
3729 5218 3852 5274 διας

2246 5301 2479 5346 σπῶνται
2487 5329 2500 5346 .

2316 5385 2579 5454 Λέγουσιν
2632 5415 2701 5426 -
2748 5385 2958 5453 αὐτήνς
3003 5393 3085 5456 Τί,
3138 5389 3251 5446 ἀντὶ
3299 5403 3411 5462 τοῦ,
3464 5393 3632 5465 διατί,
3667 5399 3697 5457 ἦ
3731 5398 3852 5455 ἀντὶ

1699 5551 1924 5623 Variae
1960 5555 2292 5628 lectiones
2315 5568 2384 5628 et
2413 5569 2615 5629 notae.

557 5681 682 5754 (86)
705 5682 1063 5742 Exciderunt
1083 5686 1315 5747 inclusa
1332 5689 1400 5746 A.
