4186 6318
608 275 714 336 819

681 407 842 461 Vers.
865 409 946 459 ll.
967 403 1078 460 Ille
1096 434 1163 446 —
1177 404 1356 474 hujus
1368 404 1524 460 dicti.
1543 407 1667 460 Non
1685 418 1895 459 omnes
1928 401 2254 473 suscipiunt
2283 399 2331 453 A

605 492 766 548 hunc
792 508 1128 549 sermonem
1154 493 1228 549 de
1258 509 1380 549 non
1402 492 1810 550 contrahendo
1829 491 2210 548 matrimonio
2235 506 2250 555 ;

605 597 727 637 non
759 598 964 638 omnes
987 581 1199 640 ferunt.
1230 585 1444 653 Magna
1476 584 1629 639 enim
1667 597 1760 638 res
1787 586 1872 638 est
1917 581 2250 644 caelibatus,

605 686 715 726 nec
753 671 826 725 ab
855 671 1135 726 omnibus
1170 671 1302 727 ferri
1327 677 1532 744 potest.

675 762 831 816 Vers.
866 762 944 815 11.
984 760 1097 816 Sed
1121 760 1334 831 quibus
1354 761 1564 818 datum
1593 768 1701 818 est.
1748 759 1866 816 Soli
1890 758 1974 814 illi
2033 773 2256 814 sermo-

601 863 742 904 nem
780 849 939 904 hunc
970 849 1301 920 suscipiunt
1330 855 1384 904 et
1415 849 1625 915 ferunt,
1667 848 1887 921 quibus
1930 847 2138 902 datum
2167 853 2256 902 est

601 937 716 992 hoc
733 939 962 993 donum
989 953 1024 992 a
1044 937 1164 993 Deo
1183 953 1197 1004 ;
1225 938 1436 995 datum
1457 943 1547 995 est
1573 943 1772 994 autem
1803 938 1893 992 bis
1915 936 2010 1008 qui
2030 935 2256 1008 petive-

601 1030 756 1080 runt.
794 1027 978 1082 Petite
1007 1026 1190 1090 enim,
1223 1025 1324 1095 ait,
1349 1033 1402 1083 et
1427 1026 1662 1084 dabitur
1691 1027 1852 1083 vobis
1889 1027 1971 1095 ³⁵;
2007 1024 2252 1097 petenti~

600 1113 736 1178 bus,
771 1116 1034 1185 inquam,
1097 1130 1216 1171 non
1270 1115 1636 1188 simpliciter,
1698 1116 1803 1172 sed
1855 1115 2143 1171 ferventer
2199 1120 2255 1169 et

601 1208 1047 1272 perseveranter
1079 1220 1091 1258 :
1125 1209 1197 1270 et,
1229 1209 1293 1260 ut
1330 1205 1513 1260 semel
1539 1207 1750 1275 dicam,
1799 1205 1949 1259 sicut
1999 1206 2251 1275 oportet.

603 1290 1008 1360 Signiticatum
1032 1297 1281 1362 estergo
1304 1293 1700 1363 virginitatem
1728 1293 1829 1348 Dei
1850 1292 2079 1348 donum
2102 1309 2251 1364 esse,

601 1379 806 1436 datum
833 1381 926 1436 his
957 1381 1058 1453 qui
1092 1387 1319 1453 petunt,
1345 1389 1408 1437 ut
1439 1387 1690 1454 oportet.

671 1469 831 1524 Vers.
876 1476 952 1524 12.
986 1469 1130 1525 Sunt
1154 1471 1538 1528 —ccelorum.
1577 1472 1728 1538 Quia
1756 1472 1830 1527 de
1857 1469 2133 1526 caelibatu
2161 1469 2251 1526 in-

599 1557 740 1614 cidit
775 1574 993 1624 sermo,
1027 1560 1197 1615 docet
1220 1576 1380 1615 nunc
1407 1560 1483 1615 de
1514 1561 1775 1632 innuptis
1807 1577 1821 1626 ;
1854 1565 1910 1616 et
1961 1560 2070 1616 tria
2099 1575 2250 1615 enu-

596 1650 785 1703 merat
797 1648 1457 1717 generaeunuchorum,
1473 1665 1732 1721 quorum
1747 1649 1896 1721 prim
1908 1666 2007 1705 um
2022 1649 2250 1704 nullam
2283 1669 2327 1724 Β

596 1736 846 1792 sustinet
865 1737 1242 1803 calumniam,
1278 1739 1610 1794 secundum
1631 1742 1834 1794 autem
1861 1739 2248 1810 vituperatur,

596 1825 827 1880 tertium
861 1843 998 1882 vero
1029 1826 1331 1883 laudabile
1371 1832 1492 1884 est:
1555 1844 1762 1884 eorum
1831 1828 2105 1884 videlicet
2150 1827 2249 1899 qui

596 1913 830 1984 seipsos
862 1919 1296 1984 castraverunt,
1330 1921 1388 1970 ut
1424 1932 1677 1984 regnum
1723 1917 2011 1973 cmlorum
2044 1932 2248 1973 conse-

590 2007 932 2073 querentur,
962 2019 1084 2059 non
1108 2004 1406 2060 novacula
1433 2005 1624 2061 ferrea
1653 2011 1996 2062 exsecantes
2025 2007 2248 2075 genita-

591 2089 688 2159 lia,
721 2090 827 2146 sed
860 2092 1221 2147 continentia
1245 2093 1543 2150 insaniam
1572 2093 2071 2166 concupiscentiae
2122 2112 2247 2151 am-

592 2184 888 2251 putantes,
935 2186 992 2236 et
1042 2197 1246 2237 amore
1303 2183 1676 2252 virginitatis,
1733 2184 1922 2240 coitus
1989 2200 2246 2240 amorem

592 2283 990 2324 emarcescerc
1019 2270 1299 2326 sinentes.
1326 2273 1591 2337 Quorum
1625 2271 1786 2328 enim
1813 2277 2093 2329 naturam
2124 2289 2248 2330 ma-

589 2373 704 2413 nus
723 2358 992 2415 humana
1009 2359 1471 2428 transformavit,
1498 2361 1842 2434 ferrumque
1869 2362 2244 2434 depravavit,

587 2462 710 2503 non
752 2453 982 2503 tantum
1011 2449 1090 2504 ob
1135 2454 1428 2506 servatam
1461 2450 1859 2521 virginitatem
1897 2450 2243 2510 laudantur,

586 2540 883 2608 quantum
906 2537 966 2591 hi
991 2537 1094 2609 qui
1123 2537 1301 2594 veluti
1324 2539 1588 2595 libidinis
1629 2540 1908 2606 accusati,
1959 2540 2245 2597 ultionem

587 2630 976 2696 susceperunt
1003 2626 1187 2698 (mih),
1218 2643 1354 2699 quas
1385 2627 1447 2683 id
1495 2629 1674 2684 etiam
1722 2629 1943 2698 vincat,
1993 2630 2156 2702 quod
2210 2645 2245 2686 a

587 2711 735 2756 fprrn
771 2718 854 2756 est
879 2712 1164 2756 :unilinm

2355 2626 2476 2646 υυυν
2557 2626 2645 2646 ιυιε
2664 2626 2788 2669 (riu?
2800 2626 2825 2654 ει
2839 2626 2931 2659 ius,
3039 2626 3278 2664 [ιυιγνςυυι
3292 2626 3303 2644 ι
3317 2626 3384 2663 ω.)
3485 2626 3551 2654 ws,
3671 2627 3683 2644 δ
3698 2626 3722 2650 u
3738 2626 3758 2654 ι,
3841 2626 3960 2647 mau-

2352 2682 2542 2746 λασίας
2590 2687 2889 2746 νικησάσης
2943 2687 3033 2735 καὶ
3107 2687 3199 2741 τὴν
3250 2680 3350 2734 ἀπὸ
3394 2688 3484 2734 τοῦ
3539 2677 3764 2754 σιδήρου
3821 2682 3960 2756 βοή-

585 2711 735 2766 ferro
771 2718 856 2767 est
879 2712 1187 2768 auxilium.

652 2799 1030 2869 {-Gregorius
1058 2802 1386 2874 Theologus
1415 2806 1514 2860 :Hi
1546 2805 1790 2877 quidem
1826 2811 2042 2862 natura
2070 2804 2242 2861 incli-

582 2893 802 2943 nantur
826 2890 901 2944 ad
931 2889 1181 2945 bonum.
1217 2893 1359 2948 Cum
1396 2898 1596 2949 autem
1636 2893 1768 2949 dico
1792 2900 2088 2960 naturam,
2120 2910 2239 2950 non

583 2976 799 3048 abjicio
831 2978 1218 3046 voluntatem,
1248 2981 1352 3036 sed
1392 2986 1711 3054 utrumque
1745 2999 1904 3054 pono
1941 3002 1953 3036 :
1996 2989 2052 3038 et
2078 2981 2241 3038 incli-

581 3068 884 3122 nationem
907 3065 1061 3121 adid
1087 3067 1253 3139 quod
1278 3069 1601 3126 honestum
1615 3076 1727 3141 est,
1751 3077 1956 3144 etquae
1979 3071 2057 3127 ad
2083 3087 2238 3142 opus

579 3151 810 3212 bonum
828 3154 989 3211 ducit
1006 3160 1305 3214 naturam.
1322 3157 1690 3224 Quibusdam
1706 3177 1846 3218 vero
1871 3178 1904 3218 a
1921 3165 2242 3234 praecepto-

578 3243 744 3300 ribus
772 3249 1162 3316 amputantur
1198 3246 1562 3316 affectiones,
1593 3251 1842 3323 quidam
1894 3256 2099 3306 autem
2140 3265 2240 3321 per

577 3333 803 3406 seipsos
834 3334 959 3390 illas
991 3341 1331 3407 amputant,
1367 3342 1428 3393 ut
1449 3340 1553 3411 qui
1581 3345 1974 3413 praeceptores
1993 3355 2114 3396 non
2145 3355 2239 3396 as-

577 3422 782 3488 secuti,
809 3424 1037 3496 seipsos
1054 3425 1270 3482 docent
1293 3443 1424 3499 quas
1449 3430 1808 3486 conveniunt
1837 3445 1849 3484 :
1887 3441 1942 3486 et
1969 3429 2236 3486 radicem

576 3512 852 3568 vitiorum
872 3513 1222 3579 excidentes,
1248 3522 1304 3572 et
1320 3516 1594 3574 membra
1615 3519 1926 3591 pravitatis
1967 3518 2238 3575 extermi-

575 3605 806 3657 nantes.

648 3691 804 3745 Vers.
853 3695 931 3744 t2.
977 3689 1086 3756 Qui
1135 3724 1204 3733 ——
1255 3695 1476 3764 capiat.
1533 3695 1797 3754 Tandem
1837 3696 1940 3752 ubi
2001 3694 2233 3752 caelibes

574 3777 757 3834 laude
787 3777 1002 3848 dignos
1024 3781 1507 3850 demonstrasset,
1529 3785 1869 3843 etitatalem
1890 3785 2231 3842 caelibatum

574 3865 900 3935 laudasset,
916 3885 985 3925 ac
1006 3885 1076 3926 eo
1100 3871 1281 3928 modo
1302 3871 1551 3930 latenter
1572 3876 1876 3932 auditores
1899 3875 1978 3932 ad
1998 3875 2228 3947 virgini-

575 3960 752 4012 tatem
773 3964 1184 4028 provocasset;
1204 3961 1396 4016 sciens
1414 3963 1474 4017 id
1496 3979 1786 4033 magnum
1803 3981 1950 4030 esse,
1967 3969 2021 4020 et
2035 3981 2069 4020 a
2086 3981 2231 4036 pau-

573 4046 657 4100 cis
678 4044 875 4114 deligi,
895 4046 1173 4118 relinquit
1192 4064 1320 4103 rem
1344 4049 1403 4104 in
1432 4050 1751 4108 hominum
1774 4053 2092 4110 voluntate.
2120 4055 2232 4118 Qui

573 4139 788 4204 potest,
820 4135 1032 4205 inquit,
1058 4151 1268 4207 capere
1297 4137 1430 4203 hoc,
1485 4144 1588 4194 aut
1639 4143 1938 4210 pervenire
1987 4142 2063 4197 ad
2093 4143 2228 4210 hoc,

575 4220 788 4291 capiat.

643 4467 804 4527 Vers.
839 4476 927 4528 l3.
969 4473 1388 4530 Tunc—illos.
1413 4475 1674 4536 Infantes
1706 4477 1856 4536 dixit
1881 4479 2089 4548 Lucas,
2122 4482 2227 4554 qui

571 4559 978 4618 offerebantur
1001 4563 1062 4618 in
1083 4561 1196 4618 ﬁde
1218 4569 1533 4636 parentum
1561 4568 1628 4621 ³⁸.
1664 4567 1940 4641 Discipuli
1967 4586 2102 4626 vero
2125 4586 2226 4627 eos

567 4650 959 4723 increpabant
982 4653 1087 4725 qui
1109 4652 1451 4724 otferebant,
1469 4655 1622 4712 sicut
1643 4657 1874 4730 scripsit
1903 4659 2132 4715 Marcus
2154 4662 2222 4728 ³⁷,

567 4739 681 4796 hoc
710 4745 796 4796 est
820 4741 1240 4813 prohibebant.
1277 4744 1598 4802 Verisimile
1630 4750 1721 4802 est
1750 4751 1950 4803 autem
1983 4749 2142 4818 quod
2169 4761 2226 4814 et

566 4846 782 4901 pueros
808 4830 1218 4904 increpabant.
1247 4833 1403 4890 Nam
1424 4837 1482 4890 et
1500 4833 1611 4890 hos
1638 4838 1692 4891 et
1717 4833 1870 4906 illos,
1901 4840 2223 4910 praecepto-

565 4934 695 4975 rem
728 4919 1108 4985 honorando,
1140 4919 1558 4992 prohibebant.

636 5097 685 5131 ³⁵
723 5096 923 5153 Matth.
947 5113 1042 5163 vn,
1071 5103 1124 5153 7.
1206 5100 1253 5134 ³⁸
1282 5097 1422 5155 Luc.
1455 5101 1618 5166 xviu,
1657 5099 1741 5156 15.

1923 274 2272 331 EUTHYMII
2322 270 2648 332 ZIGABENI

1819 5101 1864 5136 ³⁷
1900 5104 2073 5160 Marc.
2107 5121 2162 5171 χ,
2193 5110 2279 5163 13.

3866 281 3982 335 520

2432 401 2490 454 Ὀ
2540 433 2605 444 -—
2655 405 2741 455 τόν
2795 402 2943 475 λόγον
3000 409 3202 457 τοῦτον.
3261 410 3336 456 Ou
3392 403 3574 463 πάντες
3623 399 3981 478 παραδέχον-

2363 510 2448 542 ται
2505 495 2590 544 τόν
2643 491 2792 564 λόγον
2845 500 3048 562 τοῦτον,
3094 496 3180 545 τόν
3236 497 3353 566 περὶ
3408 500 3499 545 τοῦ
3556 497 3627 564 μὴ
3679 501 3853 565 γῆμαι
3917 493 3983 546 ού

2361 582 2545 644 πάντες
2597 580 2953 653 βαστάζουσι.
3012 586 3162 655 Μέγα
3189 584 3289 656 γὰρ
3323 584 3351 641 η
3387 581 3608 654 ἀγαμία,
3658 587 3748 634 καὶ
3779 582 3988 655 ὀλίγοις

2364 677 2610 742 φορητόν.

2432 759 2569 812 Ἀλλ’
2637 761 2709 821 οἷς
2764 757 2996 814 δέδοται.
3049 759 3261 814 Ἐκεῖνοι
3313 764 3463 833 μόνοι
3508 763 3594 813 τόν
3646 760 3797 832 λόγον
3853 769 3981 814 τοῦ-

2361 867 2447 901 τον
2476 846 2873 923 παραδέχονται
2907 854 2997 902 καὶ
3030 848 3416 922 βαστάζουσιν,
3459 851 3538 911 οἷς
3567 845 3783 902 δέδοται
3813 859 3978 904 τοῦτο

2361 959 2418 991 το
2451 935 2617 1012 δωρον
2659 941 2803 1012 παρὰ
2846 947 2979 993 Θεοῦ
3024 954 3039 969 ⁹
3075 936 3288 992 δέδοται
3319 935 3377 991 δέ
3424 939 3732 997 αἰτήσασιν.
3766 939 3977 993 Αἰτεῖτε

2359 1031 2481 1103 γὰρ,
2527 1033 2676 1100 φησὶ,
2723 1033 2812 1080 καὶ
2870 1025 3155 1087 δοθήσεται
3211 1029 3332 1100 ὑμῖν
3391 1045 3402 1056 ·
3455 1027 3712 1086 αἰτήσασι
3767 1024 3828 1080 δε
3860 1028 3971 1100 οὐχ

2361 1115 2548 1182 ἁπλῶς,
2603 1115 2732 1170 ἀλλὰ
2782 1119 2978 1191 θερμῶς
3033 1121 3122 1168 καὶ
3183 1117 3453 1189 ἐπιμόνως,
3513 1121 3604 1168 καὶ
3673 1116 3852 1179 ἁπλῶς
3898 1117 3945 1168 εἰ

2360 1224 2491 1271 πειν,
2544 1209 2611 1268 ὡς
2662 1211 2790 1281 χρή.
2848 1210 3146 1278 Σημείωσαι
3194 1203 3274 1272 δὲ,
3335 1207 3416 1258 ὅτι
3469 1213 3603 1258 Θεοῦ
3689 1203 3861 1279 δῶρον
3930 1208 3962 1265 ἠ

2359 1297 2629 1370 παρθενία,
2660 1293 2912 1369 διδομένη
2944 1303 3055 1357 τοῖς
3086 1295 3343 1363 αἰτοῦσιν,
3375 1298 3442 1357 ὡς
3466 1301 3598 1369 χρή.

2428 1521 2549 1574 Εἰσὶ
2609 1552 2679 1562 --
2751 1521 2999 1595 οὐρανῶν.
3090 1516 3302 1579 Ἐπειδὴ
3410 1523 3528 1593 περὶ
3605 1518 3836 1593 ἀγαμίας
3890 1519 3972 1572 ἐν·

2358 1614 2505 1664 έπεσε
2533 1610 2684 1682 λόγος
2716 1611 2846 1680 (91),
2894 1605 3145 1663 διδάσκει
3188 1609 3366 1662 λοιπὸν
3411 1615 3542 1682 περὶι
3569 1619 3668 1661 τῶν
3720 1609 3971 1682 ἀγάμων,

2358 1705 2448 1752 καὶ
2499 1698 2871 1773 ἁπαριθμεῖται
2949 1704 3070 1773 τρία
3133 1696 3247 1757 εἶδη
3281 1707 3380 1750 τῶν
3438 1699 3721 1770 εύνούχων,
3783 1720 3851 1750 ων
3905 1703 3971 1752 τὸ

2358 1793 2698 1862 πρῶτονμὲν
2756 1785 3075 1846 ἀδιάϐλητον
3142 1787 3255 1841 ἐστι
3323 1791 3381 1840 1'6
3443 1784 3679 1862 δεύτερον
3729 1785 3791 1841 δὲ
3843 1785 3972 1841 δια-

2357 1877 2658 1951 ϐεϐλημένον
2714 1895 2726 1907 ⁸
2761 1881 2818 1930 τὸ
2887 1874 2945 1929 δὲ
2995 1881 3166 1949 τρίτον
3211 1875 3491 1942 ἐπαινετὸν,
3544 1879 3719 1938 οἵτινες
3783 1877 3970 1930 εὐνού-

2353 1987 2521 2040 χισαν
2552 1968 2787 2039 ἑαυτούς,
2829 1968 2911 2018 ἵνα
2952 1969 3164 2038 τύχωσι
3193 1974 3288 2028 τῆς
3337 1964 3606 2039 βασιλείας
3643 1974 3742 2018 τῶν
3803 1967 3969 2043 ούρα-

2354 2066 2472 2126 νῶν,
2523 2056 2581 2109 ού
2609 2057 2745 2129 ξυρῷ
2779 2053 3004 2132 σιδήρου
3036 2058 3103 2108 τὰ
3139 2051 3430 2126 παιδογόνα
3459 2059 3617 2130 μόρια
3643 2053 3964 2128 ἐκτεμόντες,

2355 2144 2484 2198 ἀλλὰ
2546 2146 2682 2219 ξυρῷ
2739 2148 3073 2220 σωφροσύνης
3125 2149 3210 2197 τόν
3264 2142 3470 2219 οἶστρον
3528 2153 3624 2207 τῆς
3681 2143 3967 2219 ἐπιθυμίας

2356 2233 2730 2307 ἀποκόψαντες,
2805 2239 2894 2287 καὶ
2950 2237 3098 2310 ἔρωτι
3148 2236 3423 2310 παρθενίας
3492 2238 3580 2286 τόν
3648 2236 3816 2308 ἔρωτα
3867 2245 3968 2298 τῆς

2361 2330 2646 2387 συνουσίας
2718 2327 3195 2399 καταμαράναντες.
3264 2324 3359 2376 Ὧν
3437 2325 3538 2398 γὰρ
3624 2329 3717 2383 τὴν
3803 2329 3963 2397 φύσιν

2358 2412 2652 2490 ἀνθρωπίνη
2728 2415 3014 2488 μετέπλασε
3068 2418 3213 2489 χεὶρ,
3294 2417 3383 2465 καὶ
3459 2408 3681 2486 σίδηρος
3722 2415 3965 2489 παρεχά-

2354 2503 2503 2579 ραξεν
2531 2547 2545 2571 ,
2651 2503 2709 2556 ού
2783 2512 3028 2558 τοσοῦτον
3155 2498 3437 2555 ἁπόδεκτοι
3540 2505 3960 2577 παρθενεύοντες,

2355 2596 2476 2646 ὅσον
2557 2599 2931 2669 κατηγορητοὶ,
3036 2593 3384 2664 λαγνεύοντες,
3485 2593 3552 2654 ὡς
3663 2600 3758 2654 τῆς
3841 2592 3962 2647 ἁκο-

2651 2503 2709 2556 ού
2783 2512 3028 2558 τοσοῦτον

3036 2593 3384 2664 λαγνεύοντες,
3485 2593 3552 2654 ὡς

2357 2776 2516 2829 θειαν.

2426 2867 2549 2937 [Τοῦ
2599 2865 2712 2936 (92)
2783 2863 3038 2934 Θεολόγου
3073 2863 3177 2913 ’οί
3229 2864 3319 2933 μὲν
3373 2859 3427 2912 ἐκ
3488 2861 3683 2932 φύσεως
3727 2862 3950 2914 νεύουσι

2349 2958 2480 3028 πρὸς
2507 2958 2565 3007 τό
2601 2953 2793 3026 ἀγαθόν
2845 2969 2859 2982 ·
2909 2956 3110 3024 φύσεως
3161 2946 3220 3002 δὲ
3249 2949 3368 3002 ὃταν
3399 2952 3540 3014 εἴπω,
3584 2947 3675 3000 οὐκ
3701 2946 3944 3022 ἀτιμάζοι

2348 3048 2442 3103 τήν
2485 3048 2808 3118 προαίρεσιν,
2865 3040 2971 3093 ἀλλ’
3025 3039 3287 3114 ἀμφότερα
3336 3040 3541 3112 τίθημι,
3588 3043 3682 3096 τήν
3729 3057 3788 3111 γε
3821 3042 3956 3111 πρὸς

2349 3137 2406 3185 τό
2454 3133 2606 3185 καλὸν
2656 3128 3077 3196 ἐπιτηδειότητα,
3132 3135 3221 3182 καὶ
3275 3133 3369 3187 τὴν
3432 3129 3497 3188 εἰς
3530 3131 3676 3200 ἔργον
3713 3129 3957 3198 ἄγουσαν

2349 3225 2406 3275 τό
2454 3222 2509 3274 ἐκ
2553 3224 2753 3295 φύσεως
2824 3217 3117 3279 ἐπιτήδειον
3153 3236 3164 3250 ·
3212 3220 3260 3270 οἱ
3319 3215 3378 3270 δὲ
3453 3219 3552 3269 ὑπὸ
3606 3212 3956 3269 διδασκάλων

2350 3310 2675 3385 ἓκτέμνονται
2730 3331 2797 3364 τα
2846 3312 2984 3368 πάθη
3030 3325 3042 3339 ·
3085 3310 3133 3360 οἱ
3192 3303 3251 3360 δὲ
3291 3303 3363 3359 δι’
3419 3306 3612 3358 ἑαυτῶν
3644 3304 3957 3378 ἐκτέμνουσι

2347 3409 2532 3470 ταῦτα,
2594 3397 2931 3455 διδασκάλων
3010 3401 3099 3472 μεν
3175 3397 3268 3449 ούκ
3325 3395 3680 3468 ἐπιτυχόντες,
3735 3395 3953 3458 ἑαυτούς

2348 3489 2407 3545 δὲ
2437 3489 2749 3555 διδάξαντες
2787 3493 2852 3544 τὰ
2879 3494 3233 3562 προσήκοντα,
3291 3489 3379 3538 καὶ
3428 3490 3522 3544 τήν
3569 3505 3624 3537 τε
3673 3485 3828 3560 ῥίζαν
3858 3493 3956 3546 τῆς

2344 3585 2532 3643 κακίας
2579 3583 2891 3654 ἐκτεμόντες,
2967 3583 3056 3631 καὶ
3127 3578 3192 3630 τὰ
3244 3580 3438 3651 ὄργανα
3521 3582 3617 3636 τῆς
3694 3579 3953 3648 πονηρίας

2344 3669 2709 3748 ἐξορίσαντες.]

2411 3759 2469 3813 Ὀ
2520 3791 2591 3804 --
2636 3763 2896 3835 χωρείτω.
2945 3755 3262 3821 Τελευταίου,
3323 3749 3602 3816 ὑποδείξας
3645 3755 3767 3812 τούς
3813 3749 3950 3823 ἀγά-

2340 3869 2472 3922 μους
2521 3853 2642 3914 τούς
2725 3849 3138 3921 ἐπαινουμένους,
3192 3849 3282 3897 καὶ
3360 3842 3494 3896 οὓτω
3547 3846 3640 3901 τὴν
3695 3844 3948 3900 τοιαύτην

2341 3937 2570 4013 ἀγαμίαν
2623 3939 2916 4007 ἐπαινέσας,
2999 3940 3087 3988 καὶ
3133 3933 3412 3994 λεληθότως
3463 3935 3553 4005 μὲν
3603 3934 3724 3993 τοὺς
3775 3929 3948 4004 ἀκροα

2341 4032 2436 4091 τὰς
2486 4029 2560 4091 εἰς
2605 4033 2662 4082 τό
2718 4029 3039 4103 παρθενεύειν
3082 4025 3240 4085 οὕτως
3293 4022 3691 4094 ἐκκαλεσάμενος
3729 4038 3742 4050 ”
3787 4016 3948 4082 εἰδὼς

2345 4114 2402 4170 δὲ
2455 4123 2591 4191 μέγα
2652 4125 2804 4172 τοῦτο
2858 4122 2948 4170 καὶ
2999 4115 3194 4187 ὀλίγοις
3272 4115 3490 4185 αἱρετόν,
3562 4109 3950 4183 καταλιμπάνει

2263 4241 2308 4295 D
2340 4210 2400 4259 1'6
2456 4215 2675 4282 πρᾶγμα
2726 4216 2787 4274 τῇ
2856 4209 3154 4284 προαιρέσει
3210 4211 3308 4256 τῶν
3342 4200 3641 4277 ἀνθρώπων.
3693 4198 3751 4252 Ὀ
3785 4195 3954 4251 δυνά-

2341 4315 2490 4368 μενος
2524 4303 2648 4374 γὰρ,
2701 4302 2850 4371 φησὶ,
2899 4302 3092 4370 χωρεῖν
3134 4299 3308 4360 τοῦτο,
3357 4289 3410 4365 [ἡ
3466 4296 3660 4364 χωρεῖν
3711 4287 3825 4361 (93)
3880 4288 3954 4349 εἰς

2339 4386 2542 4461 τοῦτο,]
2571 4393 2829 4464 χωρείτω.

2401 4481 2527 4530 Τότε
2572 4509 2641 4518 -
2697 4477 2892 4538 αὐτοῖς.
2967 4477 3128 4550 Βρέφη
3195 4466 3327 4523 εἶπεν
3394 4469 3419 4520 6
3504 4473 3733 4535 Λουκᾶς,
3793 4467 3952 4518 οἷτινα

2338 4570 2778 4646 προσηνέχθησαν
2855 4568 2942 4638 μεν
3023 4561 3077 4614 ἐκ
3124 4564 3352 4620 πίστεως
3400 4565 3498 4609 τῶν
3548 4560 3746 4628 γονέων·
3789 4555 3839 4604 οἱ
3880 4550 3951 4606 δὲ

2336 4642 2570 4736 μαθηταὶ
2630 4656 2880 4729 ἐπετίμων
2932 4658 3040 4713 τοῖς
3078 4653 3484 4725 προσφέρουσιν,
3523 4649 3586 4704 ὡς
3643 4645 3667 4694 ό
3721 4642 3945 4712 Μάρκος

2334 4731 2545 4824 ἔγραψε,
2596 4748 2862 4800 τουτέστιν
2919 4740 3164 4796 ἐκώλυον.
3229 4736 3382 4797 Εἰκὸς
3437 4731 3495 4788 δε
3541 4736 3629 4785 καὶ
3678 4735 3782 4789 τοῖς
3813 4747 3943 4780 παι-

2335 4845 2418 4892 σὶν
2496 4836 2756 4910 ἐπιτιμᾷν,
2843 4829 3094 4885 Ἐκώλυον
3163 4823 3221 4880 δε
3311 4823 3580 4884 κάκείνους
3657 4823 3942 4888 καὶταῦτα,

2332 4936 2584 5002 τιμῶντες
2612 4928 2698 4978 τόν
2723 4919 3070 4976 διδάσκαλον.

1774 5255 1999 5324 Variae
2034 5255 2374 5326 lectiones
2427 5266 2494 5328 et
2525 5266 2725 5324 notae.

639 5417 756 5557 ﬁt)
786 5418 1042 5470 Ἐνέπεσεν
1075 5418 1100 5468 6
1122 5416 1358 5488 λόγοςΒ.

663 5492 748 5557 92)
777 5487 1021 5557 Gregor.
1055 5489 1329 5549 Nazianz.

663 5492 748 5559 92)
777 5487 1021 5559 Gregor.
1055 5487 1329 5549 Nazianz.
1370 5504 1431 5562 p.
1463 5490 1584 5561 192,
1619 5496 1740 5550 193.
1799 5494 1987 5554 Habet
2026 5501 2225 5555 autem

2335 5427 2464 5483 haec
2489 5425 2551 5481 in
2571 5424 2844 5494 margine
2882 5423 2950 5479 Β.

2408 5498 2522 5571 (93)
2545 5493 2776 5552 Inclusa
2800 5493 3023 5552 absunt
3051 5497 3118 5548 A.

641 5615 798 5687 (mm)
833 5617 1218 5695 Quantum_-—
1246 5625 1648 5695 susceperunt.
1683 5623 1986 5687 Quantum
2012 5625 2089 5681 ob
2141 5624 2440 5682 libidinem
2478 5621 3008 5695 reprehenduntur,
3040 5618 3164 5675 vim
3230 5612 3368 5672 ferri
3421 5607 3740 5684 (auxilium
3785 5603 3954 5676 ferri)

573 5695 890 5760 superante
922 5688 1101 5746 etiam
1132 5690 1616 5763 intemperantia.
