4186 6318
224 382 326 439 521

1303 377 1674 435 COMMENT.
1717 378 1787 431 IN
1826 376 2272 435 MATTH/EUM.
2317 411 2382 421 —
2422 381 2578 436 CAP.
2620 383 2768 439 ΧῘΧ.

3501 389 3608 443 522

298 508 361 561 Ὀ
422 504 484 560 δε
546 508 751 567 Ἰησοῦς
797 537 866 547 -
904 505 1152 580 όύρανῶν.
1200 504 1261 555 Ὀ
1312 504 1371 556 δε
1424 506 1637 577 Μάρκος
1681 500 1841 564 εἶπεν,

2022 502 2184 558 Vers.
2216 508 2298 559 14.
2315 507 2485 561 Jesus
2503 513 2689 562 autem
2710 510 3098 565 —c:elorum.
3120 510 3348 566 Marcus
3369 511 3517 568 dixit
3537 514 3608 580 ³³,

226 600 314 651 ὅτι
355 601 450 649 καὶ
497 597 839 668 ἠγανάκτησε
885 597 1021 647 κατὰ
1065 603 1164 646 τῶν
1206 593 1527 645 κωλυόντων·
1566 598 1842 668 προσίεται

229 684 294 740 δὲ
343 689 413 739 τὰ
453 683 672 753 παιδία,
706 682 952 737 δεικνύων
982 683 1092 757 μέν,
1126 685 1207 736 ὅτι
1248 685 1369 744 τούς
1416 682 1642 745 ἀκάκους
1673 704 1840 757 προσ-

233 781 391 829 ίεται·
450 772 727 828 διδάσκων
791 771 850 826 δε
903 779 1014 834 καὶ,
1072 774 1152 825 ὅτι
1204 778 1459 847 προσήκει
1529 780 1840 826 καταπατεῖν

230 870 323 918 τὸν
372 864 478 918 ἀπὸ
536 870 631 926 τᾶς
680 864 949 935 ὑπεροχῆς
1009 870 1187 935 τῦφον,
1240 866 1330 913 καὶ
1385 864 1701 936 προσίεσθαι
1750 867 1841 916 καὶ

229 959 350 1015 τοὺς
400 954 903 1027 εὐκαταφρονήτους.
964 951 1074 1004 Ούκ
1142 948 1249 1003 εἶπε
1329 948 1409 1017 δε,
1493 953 1574 1004 ὃτι
1646 954 1841 1004 τούτων

236 1043 384 1097 ἐστὶν
430 1045 460 1102 ἡ
525 1040 771 1114 βασιλεία
816 1050 917 1093 τῶν
960 1040 1209 1113 οὐρανῶν,
1259 1038 1368 1091 ἀλλ’
1413 1041 1494 1092 ὃτι
1536 1049 1634 1093 τῶν
1674 1043 1843 1095 τοιού-

235 1152 366 1200 των,
425 1139 526 1184 τῶν
572 1134 900 1203 μιμουμένων
971 1134 1066 1188 τὴν
1130 1127 1400 1187 ἁπλότητα
1456 1132 1668 1197 τούτων,
1724 1135 1845 1206 περὶ

244 1223 315 1273 ὧν
379 1224 575 1293 εἴρηται
618 1218 935 1294 πλατύτερον
1013 1217 1065 1270 ἕν
1137 1225 1209 1289 τῷ
1283 1226 1576 1292 τριακοστῷ
1636 1216 1843 1292 ἑϐδόμῳ

238 1309 525 1382 κεφαλαίῳ.

313 1401 415 1451 Καὶ
458 1428 529 1438 -
578 1396 785 1450 ἐκεῖθεν.
840 1398 1054 1470 Μάρκος
1108 1392 1168 1449 δε
1224 1394 1378 1465 εἶπεν,
1428 1397 1506 1449 ὃτι
1545 1397 1635 1450 καί
1681 1396 1838 1469 ἔναγ-

232 1486 584 1558 καλισάμενος
656 1485 811 1553 αὐτὰ,
880 1486 1042 1547 τιθεὶς
1112 1486 1203 1546 τὰς
1284 1492 1469 1558 χεῖρας
1533 1484 1615 1539 ἐπ’
1684 1485 1838 1551 αύτὰ,

235 1575 438 1648 εὐλόγει
486 1575 638 1629 αύτά.
672 1581 836 1628 Τοῦτο
886 1570 946 1626 δε
996 1572 1175 1639 ἕποίει,
1229 1573 1439 1649 πληρῶν
1486 1580 1580 1633 τὴν
1633 1577 1841 1633 αἴτησιν

232 1673 333 1717 τῶν
422 1672 590 1717 ταῦτα
663 1665 1121 1735 προσαγαγόντων.
1188 1666 1642 1738 Προσηνέχθησαν
1713 1666 1838 1736 γὰρ,

236 1759 421 1826 φησὶν,
487 1752 629 1822 αύτῷ
675 1748 890 1819 παιδία,
945 1753 1028 1804 ἵνα
1068 1754 1161 1814 τὰς
1214 1760 1398 1825 χεῖρας
1464 1751 1615 1824 ἐπιθῇ
1663 1752 1843 1813 αὐτοῖς

1950 591 2110 663 quod
2160 594 2339 649 etiam
2396 594 2825 665 indignabatur
2879 598 3356 669 prohibentibus.
3409 600 3607 674 Recipi

1954 685 2154 735 autem
2177 697 2417 752 pueros,
2442 682 2789 753 signiﬁcans
2811 702 2872 741 se
2892 688 3154 759 recipere
3186 688 3507 760 simplices,
3537 706 3610 746 ac

1949 768 2170 823 docens
2198 776 2469 841 oportere
2500 770 2721 827 fastum
2750 775 2854 845 qui
2885 791 2922 831 a
2951 776 3313 832 sublimitate
3342 778 3611 849 procedit

1951 857 2322 923 conculcare,
2374 866 2431 914 et
2486 862 2787 933 suscipere
2832 863 3242 936 despicabiles.
3284 869 3414 922 Non
3460 867 3612 923 dixit

1950 949 2151 1001 autem
2183 964 2199 1000 :
2235 947 2457 1002 Horum
2487 952 2574 1004 est
2600 964 2847 1019 regnum
2879 951 3186 1019 caelorum,
3224 953 3330 1009 sed
3380 954 3605 1018 talium,

1950 1033 2316 1090 imitantium
2336 1036 2605 1094 videlicet
2629 1037 2849 1094 horum
2870 1039 3305 1111 simplicitatem
3340 1057 3357 1107 ;
3384 1042 3457 1098 de
3479 1044 3607 1115 qui-

1950 1120 2066 1178 bus
2089 1122 2264 1180 latius
2285 1123 2512 1182 dictum
2532 1130 2622 1183 est
2645 1125 2949 1185 tricesimo
2972 1129 3228 1201 septimo
3249 1128 3466 1200 capite.

2025 1319 2168 1374 Vers
2204 1321 2287 1375 t5.
2320 1321 2398 1376 Et
2428 1352 2497 1362 —
2525 1322 2682 1378 inde.
2714 1323 2948 1380 Marcus
2979 1324 3128 1382 dixit
3157 1327 3204 1361 ³ο
3235 1325 3403 1399 quod
3431 1326 3612 1382 etiam

1951 1407 2350 1477 complexatus
2393 1414 2479 1465 est
2507 1410 2659 1477 illos,
2691 1426 2762 1467 ac
2791 1412 3085 1484 impositis
3116 1416 3395 1470 manibus
3434 1430 3614 1486 super

1951 1511 2054 1550 eos
2094 1496 2481 1554 benedicebat
2524 1499 2655 1555 illis.
2688 1502 2809 1557 Hoc
2840 1507 3041 1558 autem
3072 1502 3331 1560 faciebat
3372 1503 3610 1560 illorum

1951 1583 2288 1654 adimplens
2320 1586 2663 1656 petitionem
2692 1588 2797 1658 qui
2827 1603 2931 1643 eos
2960 1588 3336 1646 adduxerant
3362 1610 3374 1649 :
3411 1592 3614 1647 Oblati

1948 1678 2085 1726 sunt
2116 1673 2295 1743 enim,
2330 1674 2539 1744 inquit,
2572 1675 2623 1729 ei
2650 1677 2912 1743 parvuli,
2952 1683 3017 1731 ut
3051 1692 3258 1733 manus
3287 1678 3611 1747 imponeret

1951 1761 2025 1815 eis
2065 1766 2114 1815 et
2168 1768 2384 1817 oraret.
2435 1762 2623 1818 Simul
2672 1764 2845 1820 etiam
2885 1766 3142 1821 ostendit
3188 1767 3403 1822 iterum
3451 1766 3613 1837 quod

234 1847 321 1893 καὶ
372 1841 750 1914 προσεύξηται.
808 1838 952 1913 ’Λμα
1008 1836 1068 1893 δε
1118 1840 1271 1893 πάλιν
1336 1838 1546 1908 ἔδειξεν,
1606 1842 1686 1893 ὄτι
1752 1845 1841 1893 καὶ

1966 1848 2325 1920 implectitur
2342 1850 2574 1922 sibique
2591 1851 2945 1908 familiarem
2966 1852 3143 1909 efﬁcit
3160 1870 3323 1918 eum,
3347 1855 3452 1926 qui
3470 1836 3611 1909 dolo

1750 1933 1841 1981 καὶ

234 2022 452 2077 τίθησιν
531 2018 605 2070 ἐπ’
669 2017 823 2070 αὐτόν
884 2020 973 2079 τὰς
1046 2026 1252 2091 χεῖρας,
1315 2022 1433 2075 ἤτοι
1515 2024 1609 2078 τὴν
1682 2038 1839 2091 φρουο

230 2113 457 2184 ρητικὴν
524 2106 709 2159 ἐαυτοῦ
780 2102 1023 2180 δύναμιν,
1086 2111 1177 2160 καὶ
1239 2107 1439 2180 εύλογεῖ
1485 2112 1576 2161 καὶ
1632 2109 1839 2180 ἁγιάζει

234 2197 392 2251 αὐτόν
401 2242 413 2253 .

236 1929 658 2002 ἑναγκαλίζεται,
730 1934 820 1982 καὶ
895 1929 1175 1982 οἰκειοῦται
1227 1933 1314 1982 τόν
1386 1928 1670 2003 ’ἁπόνηρον,

310 2328 459 2376 ΚΕΦ.
512 2320 654 2378 ΜΑ’.
710 2326 835 2395 Περὶ
872 2328 963 2373 τοῦ
1022 2320 1444 2394 ἐπερωτήσαντος
1496 2326 1583 2374 τόν
1631 2324 1837 2380 Ἰησοῦν

905 2410 1177 2465 πλουσίου.

313 2503 415 2552 Καὶ
459 2530 529 2540 -—-
582 2498 816 2555 αἰώνιον,
856 2497 1126 2574 Ἀρχοντα
1154 2507 1333 2552 τοῦτον
1361 2498 1493 2553 εἶπεν
1542 2502 1568 2551 ὁ
1614 2506 1835 2565 Λουκᾶς,

242 2583 477 2654 δηλαδή,
520 2595 621 2639 τῶν
654 2585 945 2640 Ἰουδαίων.
982 2587 1091 2639 Οὐκ
1140 2584 1200 2647 ἧν
1234 2585 1292 2640 δε
1344 2588 1565 2650 ὕπουλος
1605 2590 1630 2640 ό
1681 2593 1841 2642 νεανί-

244 2694 370 2736 σκος
413 2676 579 2741 οὗτος,
634 2677 699 2737 ὥς
748 2681 877 2748 φασί
932 2694 1079 2737 τινες.
1126 2676 1202 2728 Οὐ
1249 2679 1350 2748 γὰρ
1407 2677 1468 2728 ἂν
1543 2680 1568 2729 ό
1638 2678 1842 2739 Ἰησοῦς

243 2762 507 2836 ἐμϐλέψας
553 2763 717 2836 αὐτῷ,
771 2765 1044 2835 ἠγάπησεν
1085 2764 1262 2835 αύτόν,
1295 2767 1363 2827 ὡς
1402 2769 1574 2840 εἴρηκε
1607 2769 1837 2841 Μάρκος.

240 2852 399 2906 Ἀλλὰ
450 2852 610 2905 τᾶλλα
657 2856 747 2926 μὲν
807 2853 959 2916 καλός
991 2850 1073 2919 ἧν,
1132 2859 1222 2906 καὶ
1276 2855 1411 2915 ζωῆς
1464 2856 1703 2925 ἐπεθύμει
1749 2863 1844 2917 τῆς

239 2940 477 2992 αἰωνίου·
528 2949 623 3003 τῆς
669 2938 727 2994 δὲ
777 2941 1123 3017 φιλαργυρίας
1166 2949 1195 3002 ἡ
1243 2944 1446 2996 ἄκανθα
1487 2948 1583 3002 τὴν
1620 2943 1843 3017 λιπαρὰν

248 3029 483 3100 ἄρουραν
522 3037 613 3089 τῆς
639 3029 817 3102 ψυχῆς
853 3030 1014 3083 αὐτοῦ
1045 3028 1413 3103 διελυμήνατο.

324 3117 387 3167 '0
421 3148 472 3157 —
527 3123 666 3179 Θεός.
706 3116 898 3180 Ούὸεὶς
941 3122 1057 3172 οὔτε
1108 3120 1308 3185 ὑλικός,
1340 3124 1459 3175 οὔτε
1499 3122 1672 3192 ἄυλος,
1722 3121 1846 3194 ἁγα-

245 3206 334 3268 θός
373 3202 487 3258 ἐστι
538 3212 749 3282 κυρίως,
795 3208 838 3259 εἰ
882 3213 953 3276 μὴ
986 3213 1135 3281 μόνος
1178 3212 1203 3262 ό
1238 3215 1384 3273 Θεός.
1429 3217 1570 3264 Διότι
1610 3220 1683 3283 τῷ
1732 3220 1845 3283 Θεῷ

237 3298 349 3367 μὲν,
398 3297 530 3347 κατὰ
588 3300 744 3368 φύσιν
787 3299 817 3354 ἠ
880 3296 1161 3369 ἁγαθότης,
1216 3304 1307 3351 καὶ
1358 3296 1450 3353 διὰ
1496 3309 1649 3352 τοῦτο
1703 3300 1846 3374 (Inpe-

237 3385 497 3442 πτοτάτη⁸
539 3391 647 3447 τοῖς
688 3385 862 3447 ἀλλοις
904 3384 964 3439 δὲ
1016 3393 1197 3456 πᾶσιν,
1249 3390 1451 3462 ὁρατοῖς
1499 3408 1553 3441 τε
1580 3394 1670 3441 καὶ
1697 3388 1849 3463 ἀορά-

240 3492 370 3538 τοις,
422 3476 560 3527 κατὰ
604 3480 932 3549 προαίρεσιν,
968 3480 1059 3527 καὶ
1105 3473 1198 3529 διὰ
1241 3484 1391 3529 τοῦτο
1440 3483 1654 3550 τρεπτὴ.
1713 3478 1849 3530 Ἐπεὶ

239 3567 413 3614 τοίνυν
481 3562 632 3625 οὗτος
688 3564 957 3635 ἄνθρωπον
1010 3564 1178 3626 ἁπλῶς
1244 3569 1333 3617 τόν
1384 3570 1615 3640 Χριστὸν
1666 3566 1849 3619 ὑπέλα-

244 3650 327 3703 ϐεν
359 3648 508 3716 εἶναι,
542 3657 631 3704 καὶ
689 3650 883 3724 ἀγαθόν
935 3653 1091 3705 αὐτὸν
1138 3652 1393 3721 ἐκάλεσεν,
1440 3654 1545 3726 ούχ
1576 3656 1644 3716 ὡς
1698 3658 1846 3720 Θεὸν,

247 3738 353 3791 ἀλλ’
431 3742 496 3800 ὡς
566 3742 834 3814 ἄνθρωπον
864 3783 879 3808 ,
940 3744 1052 3812 (94»)
1118 3742 1204 3795 ἕνα
1274 3752 1374 3795 τῶν
1427 3743 1554 3817 παρ’
1608 3742 1851 3818 Εϐραίοις

248 3825 612 3898 διδασκάλων,
670 3834 795 3904 πρὸς
865 3834 959 3888 τὴν
1029 3833 1275 3889 τοιαύτην
1347 3832 1605 3902 ὀπόληψιν
1690 3832 1849 3884 αὐτοῦ

245 3917 430 3969 λοιπόν
481 3922 569 3968 καὶ
626 3917 800 3983 αὐτὸς,
868 3921 933 3979 ὡς
990 3920 1281 3992 ἄνθρωπος,
1337 3920 1477 3991 αύτῷ
1532 3916 1849 3991 διαλέγεται,

245 4006 428 4077 λέγων·
511 4012 657 4058 Διατί
730 4026 793 4079 με
864 4006 1025 4078 λέγεις
1107 4006 1321 4080 ἀγαθόν,
1402 4010 1670 4084 ἄνθρωπον
1733 4014 1854 4061 ὄντα

246 4096 385 4147 κατὰ
412 4100 508 4153 τήν
538 4099 635 4153 σὴν
684 4095 985 4167 ὑπόληψιν;
1029 4100 1097 4159 ὡς
1149 4100 1238 4169 μεν
1293 4100 1394 4171 γὰρ
1443 4100 1733 4170 ἄνθρωπος,
1762 4101 1855 4151 οὔκ

248 4184 356 4255 εἰμι
408 4182 621 4254 ἁγαθός·
680 4186 745 4245 ὣς
786 4181 844 4237 δὲ
884 4189 1027 4251 Θεὸς,
1081 4191 1171 4237 καί
1225 4186 1383 4259 μάλα.
1418 4192 1580 4247 Μόνος
1627 4190 1726 4261 γὰρ
1768 4208 1857 4239 κυ-

246 4277 375 4345 ρίως
430 4270 625 4344 ἀγαθός
668 4274 692 4324 ό
745 4278 892 4335 Θεὸς.
932 4282 1095 4327 Τοῦτο
1152 4272 1211 4327 δὲ
1264 4276 1435 4345 εἰπὼν,
1487 4284 1545 4328 οὔ
1596 4282 1710 4337 τοὺς
1775 4276 1859 4329 ἆν-

254 4363 499 4433 θρωπους
549 4360 870 4436 ἀπεστέρησε
922 4372 1013 4423 τῆς
1062 4362 1406 4434 ἁγαθότητος,
1452 4364 1579 4418 ἀλλὰ
1607 4372 1723 4442 περὶ
1766 4375 1861 4427 τῆς

251 4455 452 4521 κυρίως
507 4448 831 4521 ἀγαθότητος
885 4448 1144 4514 ἐδίδαξεν·
1197 4454 1307 4525 ἅμα
1358 4452 1417 4506 δέ
1466 4460 1554 4506 καὶ
1590 4461 1683 4512 τὴν
1714 4456 1863 4507 κολα-

254 4542 399 4591 κείαν
452 4537 722 4606 ἀπώσατο,
761 4547 851 4593 καὶ
898 4538 1199 4606 ἐπαίδευσε,

257 4634 362 4688 τοῖς
393 4626 645 4690 ἐπαίνοις.

339 4802 519 4877 [Φύσει
552 4806 665 4879 (95)
718 4809 809 4881 μὶν
858 4806 1075 4880 ἀγαθὸς,
1107 4813 1260 4883 μόνος
1300 4810 1325 4862 ό
1375 4813 1520 4872 Θεὸς·
1576 4815 1754 4884 γνώμῃ
1808 4808 1867 4865 δὲ

269 4890 486 4967 ἁγαθός,
518 4902 675 4969 μόνος
713 4899 738 4948 ό
770 4899 1120 4970 θεομίμητος.]

333 5075 396 5126 Ei
426 5104 496 5116 --
526 5079 718 5141 ποίαςς
753 5076 893 5148 Οὐχ,
927 5079 994 5138 ὡς
1032 5077 1309 5151 πειράζων,
1356 5074 1480 5144 εἶπε,
1536 5082 1709 5141 ποίας⁸
1761 5078 1864 5132 ἀλλ’

258 5160 487 5235 ἕνόμισε,
548 5168 693 5241 παρὰ
754 5168 847 5227 τὰς
893 5168 1111 5238 νομικὰς
1158 5165 1333 5242 ἐτέρας
1382 5164 1509 5219 εἶναι
1553 5187 1714 5233 τινας,
1775 5170 1868 5231 τὰς

259 5250 581 5324 εἰσαγούσας
608 5253 675 5315 εἰς
712 5258 806 5313 τὴν
842 5257 1087 5312 τοιαύτην
1123 5255 1287 5316 ζωήν,

1949 1951 2019 1991 ac
2051 1937 2284 1993 malitia
2310 1942 2468 1993 caret
2496 1956 2514 2008 ;
2552 1942 2609 1994 et
2640 1940 2809 2010 ponit
2846 1956 3025 2011 super
3062 1956 3202 1997 eum
3234 1956 3451 1997 manus
3490 1942 3613 1997 sive

1949 2026 2342 2081 excubantem
2374 2041 2549 2081 suam
2578 2027 2878 2092 virtutem,
2911 2044 2983 2085 ac
3011 2027 3325 2095 benedicit,
3359 2044 3615 2101 eumque

1947 2113 2293 2170 sancﬁﬁcaL

2126 2240 2278 2296 CAP.
2309 2240 2441 2296 XLI.
2470 2241 2556 2296 De
2582 2241 2758 2298 divite
2780 2241 3193 2313 interrogante
3219 2243 3433 2300 Jesum.

2021 2452 2181 2507 Vers.
2220 2455 2301 2506 i6.
2332 2451 2411 2505 Et
2444 2482 2511 2490 —
2550 2458 2832 2508 aeternam
2862 2452 3244 2525 ?Principem
3272 2454 3421 2512 dixit
3448 2455 3612 2512 hunc

1950 2541 2134 2595 Lucas
2166 2542 2235 2605 ‘°,
2262 2539 2533 2595 videlicet
2558 2540 2928 2596 Judteorum.
2961 2544 3088 2597 Non
3118 2547 3244 2599 erat
3273 2547 3474 2599 autem
3514 2545 3613 2600 hic

1953 2628 2295 2683 adolescens
2337 2628 2586 2683 dolosus
2622 2633 2727 2685 aut
2762 2628 2959 2696 ﬁctus,
3004 2634 3070 2686 ut
3108 2630 3275 2687 aiunt
3304 2633 3557 2704 quidam
3591 2650 3605 2701 ;

1950 2732 2145 2789 neque
2184 2717 2343 2771 enim
2383 2717 2630 2773 intuitus
2676 2715 2844 2773 illum
2881 2720 3050 2773 Jesus
3094 2718 3401 2776 dilexisset
3443 2736 3604 2788 eum,

1951 2805 2109 2877 quod
2136 2805 2285 2862 dixit
2315 2808 2543 2861 Marcus
2572 2808 2639 2873 “,
2670 2806 2776 2862 sed
2804 2807 2866 2861 in
2898 2808 3118 2863 caeteris
3143 2808 3391 2880 quidem
3420 2809 3611 2865 bonus

1952 2899 2098 2964 erat,
2130 2894 2382 2967 vitaeque
2413 2895 2669 2967 cupidus
2698 2899 2930 2952 aeterna:
2958 2914 2971 2954 :
3010 2896 3117 2952 sed
3145 2897 3408 2955 avaritiae
3440 2899 3616 2971 spina

1951 2984 2173 3057 pingue
2205 2984 2424 3040 animae
2455 3000 2663 3040 arvum
2694 2984 3051 3056 perdiderat.

2025 3091 2183 3146 Vers.
2223 3098 2306 3146 17,
2336 3093 2462 3160 Ipse
2491 3121 2560 3133 —
2589 3091 2764 3148 Deus.
2795 3091 3003 3147 Nullus
3034 3107 3230 3165 neque
3264 3109 3613 3165 corporeus,

1881 3199 1921 3257 ρ
1955 3196 2150 3251 neque
2200 3181 2586 3250 incorporeus
2626 3181 2863 3252 proprie
2899 3179 3098 3236 bonus
3137 3185 3242 3247 est,
3289 3182 3406 3236 nisi
3455 3182 3617 3237 solus

1958 3274 2133 3337 Deus,
2177 3271 2315 3339 quia
2353 3272 2468 3323 Deo
2510 3272 2845 3325 secundum
2883 3274 3164 3326 naturam
3210 3270 3483 3326 convenit
3510 3271 3617 3326 bo-

1956 3358 2130 3421 nitas,
2180 3357 2432 3427 ideoque
2470 3357 2685 3412 mutari
2727 3373 2849 3412 non
2880 3362 3114 3429 potest:
3150 3359 3374 3413 caeteris
3414 3363 3619 3414 autem

1957 3446 2238 3502 omnibus
2277 3444 2608 3500 visibilibus
2640 3451 2698 3500 et
2727 3445 3123 3501 invisibilibus
3155 3447 3486 3502 secundum
3518 3462 3620 3503 vo-

1959 3536 2275 3603 luntatem,
2325 3540 2381 3589 et
2417 3534 2552 3589 ideo
2605 3534 2912 3590 mutabilis
2950 3538 3058 3590 est.
3121 3536 3271 3599 Quia
3324 3551 3467 3605 ergo
3523 3536 3621 3591 hic

1958 3625 2255 3680 Christum
2315 3625 2623 3680 hominem
2688 3630 2920 3680 tantum
2984 3640 3111 3680 esse
3181 3625 3619 3696 suspicabatur,

1958 3714 2311 3785 bonumque
2330 3712 2586 3768 vocabat
2611 3728 2771 3781 eum,
2799 3729 2921 3770 non
2950 3717 3240 3784 tanquam
3268 3714 3478 3780 Deum,
3517 3715 3625 3770 sed

1960 3807 2250 3873 tanquam
2277 3801 2605 3866 hominem,
2634 3806 2689 3855 et
2712 3816 2903 3857 unum
2929 3802 3280 3873 quempiam
3302 3806 3627 3874 praecepto-

1959 3906 2092 3945 rum
2139 3889 2301 3959 apud
2342 3888 2661 3944 Hebraeos:
2706 3889 2785 3944 ad
2828 3890 3179 3959 hujusmodi
3218 3890 3627 3961 suspicionem

1960 3979 2089 4050 ejus
2124 3994 2281 4033 nunc
2310 3978 2490 4033 etiam
2519 3978 2645 4048 ipse
2672 3978 2844 4050 quasi
2873 3978 3056 4033 homo
3087 3994 3226 4034 cum
3260 3995 3330 4034 eo
3365 3979 3624 4049 disserit,

1962 4068 2167 4123 dicens
2209 4083 2221 4120 :
2279 4067 2429 4132 Quid
2470 4082 2564 4122 me
2618 4068 2764 4122 dicis
2802 4067 3054 4131 bonum,
3093 4068 3199 4138 qui
3250 4068 3434 4123 homo
3493 4083 3630 4123 sum

1958 4158 2131 4228 juxta
2154 4160 2318 4211 tuam
2338 4156 2739 4227 suspicionem
2759 4156 2786 4209 ‘I
2810 4155 2956 4211 Nam
2976 4159 3268 4228 tanquam
3304 4158 3487 4212 homo
3507 4172 3631 4211 non

1967 4263 2101 4301 sum
2134 4247 2347 4311 bonus,
2385 4250 2672 4317 tanquam
2708 4248 2858 4300 Deus
2888 4250 3107 4309 autem,
3144 4246 3323 4301 etiam
3371 4247 3632 4300 maxime

1967 4336 2165 4391 bonus
2188 4351 2354 4400 sum;
2384 4334 2549 4388 solus
2576 4350 2838 4405 namque
2866 4335 3018 4389 Deus
3045 4336 3283 4406 proprie
3311 4334 3507 4389 bonus
3522 4339 3629 4389 est.

1973 4424 2093 4478 Hoc
2132 4430 2331 4477 autem
2380 4422 2526 4476 dixit
2571 4438 2693 4477 non
2732 4422 3008 4476 homines
3051 4424 3295 4492 privans
3342 4423 3632 4502 bonitate,

1255 4546 1327 4615 μὴ
1386 4510 1841 4614 συγκατατίθεσθυ.

1974 4512 2079 4567 sed
2101 4512 2175 4565 de
2201 4526 2271 4565 ea
2286 4527 2422 4582 quae
2446 4512 2677 4581 proprie
2698 4510 2935 4565 bonitas
2958 4514 3048 4565 est
3069 4512 3270 4565 docuit
3294 4527 3307 4576 ;
3334 4512 3637 4582 simulque

1975 4598 2376 4658 adulationem
2414 4599 2644 4672 repulit,
2690 4605 2746 4655 et
2783 4599 3053 4654 instruxit
3090 4614 3201 4653 nos
3240 4614 3315 4653 ne
3352 4598 3637 4655 laudibus

1977 4689 2395 4746 assentiamur.

2046 4799 2132 4868 -Ηο
2176 4799 2390 4852 Natura
2437 4791 2679 4863 quidem
2726 4791 2922 4845 bonus
2972 4790 3134 4845 solus
3182 4792 3357 4856 Deus,
3415 4791 3637 4846 mentis

1975 4902 2117 4942 vero
2165 4879 2636 4940 conformatione
2692 4879 2910 4949 bonus,
2967 4878 3130 4934 solus
3182 4879 3233 4933 is
3289 4878 3392 4950 qui
3451 4881 3639 4934 Deum

1977 4974 2263 5029 imitatur.

2048 5083 2209 5135 Vers.
2256 5080 2339 5134 17.
2385 5078 2552 5146 Quod
2588 5079 2638 5131 si
2675 5108 2742 5115 —-
2780 5074 2939 5129 Vers.
2980 5076 3073 5132 18.
3116 5091 3245 5147 quae
3286 5076 3313 5132 7
3352 5078 3477 5131 Non
3518 5078 3641 5131 ten-

1978 5170 2159 5226 tando
2190 5168 2357 5235 dixit,
2392 5181 2518 5239 qua?
2548 5168 2575 5223 ξ)
2602 5164 2700 5221 sed
2744 5164 2987 5236 putabat
3022 5170 3237 5236 praeter
3265 5164 3482 5236 legalia
3512 5179 3641 5220 esse

1979 5260 2115 5329 alia,
2147 5274 2283 5332 quae
2313 5257 2393 5314 ad
2425 5255 2605 5312 talem
2634 5255 2980 5312 inducerent
3005 5254 3213 5312 vitam.

331 5378 380 5414 ³³
404 5378 586 5444 Marc,
616 5381 699 5435 14.
731 5380 777 5415 ³ο
808 5378 955 5436 ibid.
978 5380 1068 5436 l6.
1097 5380 1143 5416 ⁴⁰
1172 5380 1304 5437 Luc.
1331 5398 1491 5448 xvm,
1526 5383 1612 5439 18.
1646 5386 1689 5422 ⁸¹
1717 5389 1869 5445 Marc
1898 5406 1956 5460 x,
1984 5392 2041 5444 2i
2063 5432 2079 5449 .

1492 5508 1716 5580 Variae
1743 5513 2072 5583 lectiones
2097 5520 2164 5581 et
2194 5520 2397 5577 notae.

338 5645 457 5721 (9i)
489 5652 593 5702 Καί
620 5647 968 5706 addendum
999 5649 1199 5735 credo.

574 5746 813 5806 PATROL.
856 5747 962 5809 Gn.
1000 5748 1242 5805 CXXIX.

2055 5656 2169 5729 (95)
2210 5655 2346 5710 Haac
2382 5652 2445 5708 in
2482 5666 2673 5723 marg.
2723 5648 2785 5706 Β.
2830 5649 3152 5708 chtenius
3190 5663 3316 5704 non
3353 5644 3647 5714 agnoscit.

3226 5744 3296 5797 17
