4186 6318
561 392 669 447 523

634 517 800 572 Vers.
838 517 920 569 18.
953 513 1118 569 Iesus
1141 516 1334 568 autem
1361 541 1430 550 —
1452 508 1616 566 Vers.
1644 511 1734 565 20.
1767 504 2028 576 infantia
2054 515 2209 557 mea.
2250 499 2296 553 A

562 601 990 674 Principaliora
1037 605 1333 673 praecepta
1380 598 1595 668 legalia
1636 592 2068 668 dispensatoris
2106 587 2221 660 ipsi

561 691 804 765 profert,
845 689 1022 746 simul
1085 705 1156 746 ea
1203 688 1533 754 honorans,
1595 689 1762 750 etut,
1804 683 1937 756 ipso
1975 694 2221 750 respon-

561 782 740 837 dente
770 799 782 830 :
812 782 947 836 Haec
973 779 1178 835 omnia
1211 793 1386 849 Opere
1416 775 1716 846 complevi
1743 789 1758 839 ;
1787 788 1926 828 nam
1959 769 2021 825 id
2043 767 2222 836 signi-

559 870 700 926 ﬁcat
725 869 1023 926 Custodim'
1046 874 1103 923 et
1125 868 1195 924 ab
1218 865 1526 937 infantia;
1553 863 1778 920 sciebat
1797 862 1958 918 enim
1979 862 2036 915 et
2053 856 2221 928 quod

561 975 740 1032 opere
763 957 1198 1029 complevisset,
1225 961 1280 1010 et
1305 954 1470 1027 quod
1493 953 1576 1010 ita
1604 965 2000 1024 responsurus
2027 950 2217 1011 esset;

562 1049 930 1105 auditoribus
962 1045 1441 1103 manifestaretur
1482 1041 1856 1099 conversatio
1902 1037 2059 1094 illius
2103 1034 2218 1090 vir-

560 1137 670 1192 tuti
709 1143 1160 1193 consentanea:
1202 1133 1419 1190 deinde
1457 1132 1698 1188 tandem
1738 1127 1970 1202 prolato
2007 1126 2060 1181 ei
2102 1137 2221 1180 uno

561 1225 906 1295 evangelica
935 1227 1252 1296 praecepto,
1289 1221 1425 1277 dico
1457 1235 1604 1276 sane
1649 1218 1991 1273 divitiarum
2031 1213 2222 1284 abjec-

560 1313 744 1380 tione,
771 1311 1004 1368 facilius
1029 1310 1408 1367 convinceret
1434 1322 1577 1364 eum
1605 1321 1735 1362 esse
1760 1318 2032 1368 avarum,
2054 1306 2112 1356 et
2139 1301 2222 1356 ita

557 1402 723 1458 bona
752 1401 1063 1457 occasione
1089 1400 1524 1456 demonstraret
1559 1393 1874 1451 manifeste
1905 1389 2220 1448 avaritiam

560 1505 942 1561 corrumpere
984 1504 1227 1544 omnem
1267 1486 1566 1549 virtutem,
1601 1489 1658 1539 et
1691 1485 1772 1539 ita
1810 1481 2220 1536 demonstrato

558 1579 817 1635 dramno
845 1578 1094 1634 devitari
1124 1577 1330 1648 posset
1356 1571 1706 1646 hujusmodi
1735 1569 2003 1626 affectus.

629 1831 820 1894 Quare
869 1832 1071 1884 autem
1110 1841 1233 1882 non
1263 1823 1508 1897 protulit
1539 1822 1626 1878 illi
1655 1822 1919 1893 primum
1949 1823 2006 1875 et
2037 1815 2221 1874 maxi-
2253 1843 2298 1900 Β

556 1935 726 1974 mum
775 1923 1162 1989 praeceptum,
1211 1920 1378 1988 puta,
1424 1913 1637 1982 Diliges
1689 1914 1990 1968 Dominum
2027 1909 2220 1966 Deum

559 2013 726 2062 tuum
740 2003 769 2058 ?
785 2007 828 2070 Q
840 2006 934 2060 uia
947 2005 1062 2061 alia
1081 2005 1262 2075 hujus
1278 2004 1441 2060 bona
1459 2019 1638 2075 opera
1651 2004 1884 2057 occulta
1897 2004 2090 2055 erant:
2109 1999 2222 2069 pie-

555 2099 646 2150 tas
675 2110 817 2150 vero
845 2095 1028 2165 hujus
1053 2094 1133 2150 ad
1163 2097 1351 2149 Deum
1380 2093 1664 2150 omnibus
1689 2095 1832 2148 nota
1859 2093 2005 2146 erat.

628 2307 935 2364 Dubitabit
959 2312 1161 2364 autem
1184 2307 1420 2379 aliquis,
1453 2311 1653 2362 utrum
1679 2303 1986 2378 proposita
2004 2299 2219 2371 legalia

553 2403 856 2472 praecepta
898 2397 1212 2453 concilient
1251 2397 1432 2452 vitam
1478 2401 1766 2451 aeternam
1793 2394 1821 2449 ‘I
1865 2392 1969 2448 Cui
2020 2390 2216 2446 dicere

551 2485 901 2560 possumus,
933 2485 1096 2558 quod
1138 2483 1456 2540 conciliant
1492 2483 1761 2556 quidem,
1795 2486 1854 2536 at
1881 2495 2003 2536 non
2034 2478 2212 2535 talem

550 2576 792 2649 qualem
833 2574 1200 2644 evangelica.
1243 2577 1393 2630 Nam
1431 2573 1553 2628 vita
1591 2578 1814 2628 aeterna
1865 2567 2215 2641 accipienda

551 2670 638 2720 est
668 2663 867 2718 fruitio
897 2679 1034 2735 quae
1067 2667 1156 2718 est
1189 2662 1250 2718 in
1285 2661 1469 2726 caelis,
1501 2677 1636 2734 quae
1667 2658 1836 2716 varia
1863 2665 1951 2714 est
1979 2662 2036 2713 et
2064 2655 2215 2712 mul-

552 2752 778 2822 tiplex;
821 2751 1022 2807 multae
1062 2750 1214 2806 enim
1247 2750 1412 2822 apud
1453 2751 1648 2806 solum
1677 2749 1864 2803 Deum
1904 2745 2213 2802 fruitiones

552 2845 715 2896 sunt.

619 2931 878 2984 Rursum
917 2927 1218 2984 dubitabit
1256 2926 1490 2999 aliquis,
1536 2929 1738 2982 utrum
1794 2941 1928 2981 vere
1980 2924 2218 2981 dicebat

551 3017 904 3073 adolescens
923 3017 951 3071 ?
978 3017 1285 3089 Siquidem
1311 3017 1449 3072 cum
1471 3014 1692 3071 multas
1713 3015 1957 3071 haberet
1982 3029 2220 3087 posses-

557 3105 777 3171 siones,
820 3105 1129 3178 quomodo
1167 3105 1451 3176 diligebat
1488 3103 1828 3178 proximum
1869 3101 2018 3160 sicut
2067 3103 2218 3176 seip-

1909 369 2256 432 EUTHYMII
2291 368 2591 429 ZIGABEN
2597 371 2618 429 Ι

3828 361 3945 422 524

2397 499 2457 552 Ὁ
2500 496 2561 552 δὲ
2617 501 2828 562 Ἰησοῦς
2871 529 2938 539 -
2987 499 3226 558 νεότητός
3281 514 3403 568 μου.
3475 497 3581 556 Τὰς
3649 491 3942 565 κεφαλαιω-

2331 586 2576 664 δεστέρας
2665 588 2804 659 αὐτῷ
2887 592 3141 661 προτείνει
3227 594 3324 637 τῶν
3398 591 3619 655 νομικῶν
3717 579 3940 633 ἐντολῶν

2330 677 2688 749 οἰκονομικῶς,
2740 677 2851 750 ἅμα
2912 679 3000 748 μὲν
3075 683 3238 748 τιμῶν
3295 673 3458 735 αὐτὰς
3521 672 3632 744 οἶμα
3689 667 3748 724 δὲ
3815 675 3939 735 καὶ,

2328 769 2414 818 ἵνα
2460 769 2690 827 εἰπόντος
2739 766 2920 832 αὐτοῦ,
2973 767 3054 817 ὅτι
3121 765 3457 838 Κατωρθωσα
3507 764 3702 821 ταύτας
3752 758 3938 833 [τοῦτο

2327 857 2426 927 γὰρ
2481 852 2635 913 δηλοί
2698 859 2777 922 τὸ,
2829 853 3210 927 Ἐφυλαξςίμην,
3262 856 3353 905 καὶ
3423 852 3503 903 ὅτι
3555 848 3610 902 ὲκ
3665 853 3932 909 νεότητος

2329 941 2576 1016 ἇγίνωσκε
2637 946 2759 1018 γὰρ,
2815 948 2906 996 καὶ
2961 944 3041 995 ὅτι
3113 941 3246 994 οὕτω
3319 940 3627 1014 κατώρθωκε
3705 936 3931 1010 ταύτας]

2329 1037 2418 1086 καὶ
2470 1033 2551 1085 ὅτι
2606 1033 2766 1093 οὕτως
2817 1031 3249 1106 ἀποκριθήσεται,
3320 1030 3587 1104 γνωρισθῇ
3665 1027 3780 1099 (96)
3839 1030 3935 1098 μεν

2328 1129 2440 1184 τοῖς
2496 1120 2839 1197 ἀκροωμένοις
2898 1123 2930 1180 ἡ
2990 1120 3258 1194 φιλάρετος
3303 1118 3466 1172 αὐτοῦ
3511 1116 3765 1170 πολιτεία·
3818 1123 3938 1168 εἶτα

2328 1211 2527 1278 λοιπὸν,
2611 1215 2738 1284 μίαν
2815 1211 2955 1282 αὐτῷ
3050 1213 3321 1282 προτείνας
3413 1215 3512 1261 τῶν
3587 1205 3937 1278 εὐαγγελικῶν

2330 1297 2560 1366 ἐντολῶν,
2640 1305 2773 1373 φημὶ
2847 1298 2938 1366 δὴ,
3010 1303 3105 1358 τήν
3164 1298 3455 1355 ἀπόκτησιν
3507 1303 3600 1348 τοῦ
3679 1294 3934 1361 πλούτου,

2327 1388 2450 1462 ῥᾷον
2503 1389 2621 1460 (97)
2670 1388 2847 1461 ἓλίγξη
2937 1388 3276 1460 φιλάργυρον,
3333 1390 3424 1439 καὶ
3495 1385 3653 1444 οὕτως
3715 1383 3942 1458 εὐαφόρ-

2328 1496 2434 1548 μως
2476 1482 2564 1529 καὶ
2615 1476 2836 1549 ἐναργῶς
2903 1474 3154 1550 ὑποδείξῃ
3212 1479 3306 1534 τὴν
3365 1474 3703 1548 φιλαργυρίαν
3758 1475 3942 1533 πάσας

2327 1565 2702 1639 λυμαινομένην
2750 1569 2840 1627 τὰς
2895 1565 3098 1639 ἀρετὰς,
3153 1571 3244 1618 καὶ
3291 1563 3493 1632 λοιπὸν,
3542 1568 3783 1636 φανείσης
3835 1571 3943 1625 τῆς

2329 1654 2553 1710 ἐντεῦθεν
2609 1657 2824 1728 ζημίας,
2881 1659 3098 1728 φευκτὸν
3143 1659 3356 1728 γένηται
3408 1654 3520 1725 (98)
3573 1656 3631 1705 τὸ
3696 1660 3942 1705 τοιοῦτον

2329 1747 2514 1808 πάθος.

2407 1865 2504 1914 Καὶ
2551 1859 2697 1914 διατι
2752 1867 2822 1935 μὴ
2885 1864 3166 1936 προέπινεν
3216 1859 3357 1930 αὐτῷ
3415 1863 3504 1912 καὶ
3569 1862 3663 1918 τὴν
3716 1864 3939 1931 πρώτην

2330 1955 2420 2002 καὶ
2493 1951 2720 2023 μεγάλην
2799 1950 3024 2019 ἐντολὴν,
3079 1952 3138 2002 τὸ
3193 1950 3516 2022 Ἀγαπήσεις
3599 1950 3791 2022 Κύριον
3846 1951 3938 2000 τὸν

2331 2042 2450 2092 Θεὸν
2510 2059 2603 2092 σου
2641 2045 2821 2106 ;Διότι
2880 2041 2946 2092 τὰ
3001 2040 3092 2114 μὲν
3147 2037 3277 2090 ἄλλα
3330 2039 3514 2091 τούτου
3545 2038 3940 2110 κατορθώματα

2327 2132 2653 2202 κεκρυμμένα
2699 2125 2852 2186 ἦσαν·
2909 2129 2939 2187 ἠ
3001 2126 3265 2182 θεοσέϐεια
3318 2123 3377 2180 δὲ
3425 2126 3586 2179 αὐτοῦ
3644 2131 3752 2186 τοῖς
3797 2132 3940 2179 πᾶσι

2326 2222 2581 2291 γνώριμος
2598 2219 2896 2290 ίτύγχανεν.

2402 2305 2709 2381 ’Δπορὴσειε
2754 2303 2804 2360 δ’
2854 2303 2915 2358 ἂν
2965 2325 3070 2372 τις,
3119 2304 3164 2358 εἰ
3215 2307 3270 2358 αἱ
3321 2306 3669 2379 προταθείσαι
3720 2310 3936 2376 νομικαὶ

2326 2393 2522 2447 ἐντολαὶ
2577 2394 2877 2467 προεξένουν
2935 2395 3069 2456 ζωὴν
3146 2394 3349 2450 αἰώνιον
3410 2409 3426 2460 ;
3509 2397 3646 2468 Πρὸς
3713 2395 3768 2445 ὃν
3858 2396 3936 2446 εἶ-

2323 2503 2476 2556 ποιμι
2541 2485 2623 2552 ἄν,
2693 2486 2774 2536 ὅτι
2835 2484 3132 2559 προεξένουν
3207 2487 3319 2556 μεν,
3376 2481 3482 2534 ἀλλ’
3539 2482 3600 2536 οὐ
3661 2484 3934 2551 τοιαύτην,

2324 2576 2434 2626 οῑαν
2503 2575 2558 2627 αἱ
2633 2573 2986 2647 εὖαγγελικαί.
3041 2576 3190 2631 Ζωήν
3263 2576 3365 2648 γὰρ
3423 2571 3630 2626 αἰώνιον
3703 2577 3798 2631 τὴν
3881 2571 3934 2624 ἐν

2323 2663 2559 2736 οὐρανοῖς
2613 2661 2904 2718 ἀπόλαυσιν
2973 2662 3314 2729 ὑποληπτέον,
3370 2663 3486 2724 ἣτις
3541 2661 3750 2720 ποικίλη
3839 2667 3934 2716 καὶ

2323 2749 2605 2814 πολυειδὴς
2650 2751 2780 2808 ἐστί.
2854 2751 3047 2806 Πολλαι
3120 2753 3219 2826 γὰρ
3278 2755 3432 2824 μοναὶ
3489 2749 3601 2822 (99)
3647 2752 3794 2823 παρά
3850 2758 3930 2822 τῷ

2325 2849 2459 2912 Θεῷ.

2395 2947 2744 3021 Ἐπαπορήσει
2801 2943 2860 3000 δὴ
2913 2966 3015 3014 τις,
3093 2945 3138 2999 εἰ
3210 2945 3410 3007 ἀληθῶς
3454 2944 3615 3016 ἔλεγεν
3679 2945 3704 2995 6
3756 2946 3920 2996 νεανί-

2329 3055 2491 3108 σκος,
2540 3035 2718 3109 Ἐχων
2764 3039 2866 3111 γὰρ
2915 3041 3160 3108 κτήματα
3210 3035 3393 3106 πολλὰ,
3448 3036 3620 3096 καθὼς
3684 3029 3925 3092 δηλωθή-

2329 3144 2495 3194 σεται,
2545 3135 2651 3187 πῶς
2698 3127 2881 3198 ἠγάπα
2925 3127 3013 3180 τόν
3036 3125 3282 3194 πλησίον,
3309 3128 3377 3187 ὡς
3430 3123 3650 3189 ἕαυτὸνς
3704 3122 3774 3176 Ἦ
3822 3123 3924 3196 γὰρ

551 3210 690 3251 sum
718 3195 746 3251 ?
780 3197 981 3250 Utrum
1023 3195 1182 3249 enim
1215 3193 1521 3249 dividebat
1550 3193 1661 3248 has
1689 3208 1908 3265 parum
1939 3196 2042 3249 aut
2071 3191 2218 3248 nihil

2327 3214 2386 3267 ἂν
2443 3215 2718 3290 ἐμερίσατο
2741 3187 2925 3269 ’ταῦτα
2990 3217 3122 3290 πρὸς
3193 3218 3315 3276 τοὺς
3373 3213 3545 3287 ὀλίγα,
3602 3213 3633 3272 ἣ
3695 3207 3930 3272 οὐδὸλως

548 3283 906 3340 habentibus
931 3283 960 3338 ‘?
1006 3283 1160 3350 Quid
1191 3299 1330 3354 ergo
1369 3282 1693 3339 dicendum
1723 3281 1863 3337 est?
1900 3282 2071 3348 Quod
2101 3282 2216 3337 hoc

547 3389 786 3446 quoque
816 3379 1183 3445 praeceptum
1215 3372 1636 3445 compleverat,
1679 3378 1978 3444 quatenus
2014 3373 2213 3444 ipsum

548 3464 835 3535 compleri
880 3469 1019 3518 tunc
1052 3464 1410 3535 permissum
1444 3467 1588 3518 erat.
1625 3461 1912 3532 Diligebat
1951 3477 2212 3534 namque

546 3552 892 3624 proximum
947 3551 1098 3607 sicut
1153 3551 1444 3622 seipsum,
1499 3551 1603 3605 sed
1651 3550 1824 3622 quasi
1877 3549 2109 3605 nullum
2157 3549 2213 3605 ei

546 3639 855 3695 inferendo
889 3645 1330 3704 nocumentum,
1361 3654 1483 3694 non
1513 3640 1686 3711 quasi
1717 3639 2044 3695 dividendo
2074 3655 2212 3694 suas

547 3743 685 3784 cum
710 3743 780 3783 eo
802 3728 1231 3800 possessiones.
1264 3731 1412 3784 Nam
1435 3728 1489 3782 id
1515 3727 1818 3784 excelsum
1842 3733 1929 3785 est
1953 3732 2009 3785 et
2030 3743 2214 3800 supra

545 3816 864 3874 Iudaicam
889 3817 950 3873 in
977 3818 1229 3876 humum
1260 3818 1719 3890 depressionem.

616 3962 658 4033 νι-
698 3963 835 4028 Quae
900 3978 970 4018 eo
1021 3967 1282 4035 tempore
1322 3963 1574 4018 maxime
1637 3966 1806 4018 erant
1852 3963 2209 4019 necessaria.

546 4052 802 4128 Caeterea
831 4050 1076 4122 quidem
1099 4053 1158 4106 in
1181 4067 1302 4106 una
1325 4051 1509 4106 Exodi
1536 4056 1702 4122 parte
1725 4056 1942 4108 statuta
1963 4057 2102 4108 sunt
2141 4053 2208 4111 ⁴².

544 4138 697 4194 Illud
752 4144 999 4194 autem:
1061 4139 1270 4210 Diliges
1324 4140 1668 4207 proximum
1731 4145 1899 4197 tuum
1953 4141 2102 4197 sicut
2159 4147 2212 4199 te

545 4227 759 4294 ipsum,
791 4227 852 4280 in
883 4225 1003 4280 alia
1035 4241 1049 4291 ;
1103 4231 1160 4282 et
1202 4225 1521 4280 manifeste
1553 4226 1633 4282 ita
1663 4226 1920 4283 habetur
1961 4229 2024 4284 in
2055 4230 2213 4285 Levi-

545 4313 663 4369 tico
694 4314 764 4366 ⁴³.
791 4313 1128 4384 Assumpsit
1156 4316 1357 4370 autem
1389 4318 1444 4370 et
1472 4313 1588 4370 hoc
1629 4319 1914 4388 tanquam
1945 4318 2210 4374 maxime

546 4405 975 4459 necessarium.

2325 3307 2538 3376 ἔχοντας
2573 3321 2586 3374 ;
2626 3309 2690 3359 Τί
2735 3300 2823 3358 οὖν
2877 3307 3016 3358 ἔστιν
3063 3306 3266 3371 simi»;
3303 3302 3423 3357 ⁴¹Οτι
3471 3303 3786 3378 κατώρθωσε
3832 3305 3929 3353 καὶ

2321 3398 2517 3453 ταύτην
2580 3399 2669 3454 τὴν
2739 3393 2964 3462 ἐντολὴν,
3017 3388 3104 3457 ὡς’
3146 3391 3386 3468 ἄνεχώρει
3454 3398 3568 3446 τότε
3643 3393 3932 3466 κατορθοῦν

2323 3483 2504 3543 αὐτήν.
2568 3485 2782 3556 Ἢγάπα
2837 3486 2928 3556 μὲν
3000 3485 3102 3556 γὰρ
3168 3487 3255 3536 τὸν
3306 3482 3552 3550 πλησίον,
3617 3481 3688 3544 ὡς
3743 3481 3931 3533 ἑαυτὸν

2323 3570 2430 3625 ἀλλ’
2501 3574 2636 3626 ὥστε
2709 3569 2875 3646 μηδὲν
2926 3571 3178 3647 βλαϐερὸν
3255 3572 3396 3643 αὐτῷ
3455 3568 3803 3635 ἕνὸείξασθαι,
3863 3571 3934 3622 οὔ

2321 3666 2424 3736 μην
2454 3661 2588 3716 ὥστε
2617 3665 2706 3716 καί
2733 3664 3163 3739 συμμερίσασθαι
3193 3661 3332 3734 αὐτῷ
3378 3665 3466 3714 τὸν
3507 3657 3646 3714 ἴδιον
3678 3659 3928 3716 πλοῦτον,

2319 3758 2483 3806 Τοῦτο
2534 3755 2633 3825 γὰο
2687 3751 2912 3825 ὑψηλὸν,
2952 3757 3042 3805 καὶ
3081 3760 3173 3813 τῆς
3218 3747 3516 3812 Ἰουδαὶκῆς
3557 3748 3932 3825 χαμαιζηλίας

2323 3841 2587 3916 ἀνώτερον.

2396 3948 2510 4022 [⁷Ων
2560 3950 2636 4022 (1)
2695 3949 2808 4022 εἶχε
2852 3952 3038 4024 χρείαν
3095 3948 3286 4022 μᾶλλον
3344 3950 3371 4001 6
3432 3952 3547 4001 τότε
3598 3951 3802 4022 καιρός.
3858 3947 3929 4001 Αἱ

2320 4043 2409 4112 μὲν
2459 4036 2546 4091 οὖν
2597 4038 2748 4091 ἄλλᾱι
2803 4038 2921 4091 καθ’
2973 4040 3022 4092 ἓν
3071 4043 3219 4114 μέρος
3267 4037 3314 4090 ἐν
3377 4045 3440 4106 τῇ
3505 4033 3668 4109 ἐξόδῳ
3719 4055 3926 4110 νενομο-

2323 4129 2581 4186 θέτηνται·
2659 4131 2716 4178 τὸ
2805 4124 2883 4198 δὲ,
2966 4127 3286 4200 Ἀγαπήσεις
3365 4131 3451 4180 τὸν
3523 4126 3747 4184 πλησίον
3826 4145 3926 4179 σου

2321 4218 2386 4277 ὡς
2451 4219 2682 4283 σεαυτὸν,
2744 4217 2862 4269 καθ’
2918 4217 3105 4290 ἕτερον,
3175 4222 3264 4270 καὶ
3338 4224 3563 4290 φανερῶς
3639 4215 3800 4277 οὕτως
3874 4214 3926 4269 ἓν

2319 4313 2390 4377 τῷ
2466 4312 2746 4376 Λευιτικῷ.
2826 4305 3088 4382 Παρέλαϐε
3310 4311 3397 4358 καὶ
3486 4312 3638 4359 τοῦτο
3689 4314 3799 4372 νῦν,
3855 4308 3927 4368 ὡς

2315 4391 2784 4471 χρειωδέστατον]

621 4492 783 4594 γθτε.
827 4492 914 4546 20.
959 4491 1114 4559 Quid
1148 4491 1338 4549 adhuc
1377 4492 1526 4549 mihi
1563 4494 1721 4551 deest
1753 4496 1782 4550 ?
1815 4493 1969 4563 Quid
2008 4497 2207 4555 adhuc

2385 4507 2449 4556 Τί
2507 4505 2584 4555 ἔτι
2641 4503 2890 4576 ὑστερῶ;
2937 4507 3000 4555 Τί
3064 4502 3353 4575 λείπομαι;
3412 4509 3576 4555 Τοῦτο
3632 4498 3691 4555 δὲ
3744 4501 3921 4570 εἰπὼν,

545 4579 764 4638 habere
797 4599 893 4637 me
931 4588 1161 4653 oportet
1189 4599 1305 4654 quo
1346 4599 1518 4638 careo
1548 4584 1576 4640 ?
1606 4584 1727 4640 Hoc
1768 4591 1968 4641 autem
2004 4587 2207 4644 dicens

545 4671 970 4728 manifestabat
1000 4672 1162 4744 quod
1196 4673 1484 4743 majorem
1523 4673 1904 4734 desiderabat
1929 4678 2196 4737 vitutem.

542 4762 681 4818 Ideo
724 4777 986 4836 quoque,
1031 4767 1092 4819 ut
1134 4764 1216 4818 ait
1259 4765 1502 4830 Marcus,
1545 4763 1795 4820 intuitus
1835 4765 2009 4824 illum
2040 4768 2204 4824 Jesus

540 4849 752 4911 dilexit
788 4869 912 4909 eum
940 4858 993 4908 et
1029 4852 1181 4909 dixit
1223 4851 1318 4908 ei:
1358 4854 1552 4910 Unum
1595 4854 1698 4910 tibi
1733 4855 1880 4912 deest
1919 4856 1989 4914 “.
2023 4857 2209 4915 Lucas

615 5034 663 5068 ⁸³
691 5031 861 5088 Exod
882 5046 983 5097 xx,
1017 5031 1104 5088 12.
1136 5032 1180 5067 ⁸³
1209 5030 1389 5088 Levit.
1419 5045 1542 5098 xix,
1575 5033 1664 5088 18.
1694 5033 1744 5069 “
1775 5035 1948 5091 Marc.
1982 5051 2038 5102 ι,
2069 5040 2161 5094 21.

2316 4591 2560 4665 ἐνέφηνεν,
2616 4594 2695 4644 ὅτι
2743 4592 2974 4664 μείζονος
3019 4591 3215 4664 ἐφίεται
3273 4591 3487 4666 ἀρετῆς,
3551 4595 3636 4645 Διό
3686 4594 3793 4656 καὶ,
3846 4592 3920 4650 ὧς

2316 4702 2447 4756 φησι
2517 4683 2750 4755 Μάρκος,
2820 4681 2877 4734 ⁸0
2948 4681 3155 4744 Ἰησοῦς
3232 4681 3488 4754 ἐμϐλέψας
3563 4681 3698 4749 αὐτῷ
3780 4677 3916 4748 ἠγά-

2315 4790 2480 4829 πησεν
2552 4770 2731 4836 αὐτὸν,
2806 4774 2897 4822 καὶ
2965 4766 3100 4823 εἶπεν
3173 4770 3335 4842 αὐτῷ·
3386 4770 3473 4825 Ἓν
3537 4789 3622 4823 σοι
3685 4768 3916 4843 ὑστερεῖ,

2321 4866 2526 4923 Λουκᾶς
2581 4857 2639 4913 δὲ
2689 4866 2842 4928 εἶπεν,
2888 4859 2968 4911 ὁτι
3013 4857 3106 4914 ’Ἑν
3169 4879 3253 4912 σοι
3300 4859 3481 4914 λείπει.
3533 4857 3802 4931 Ἐνέϐλεψε
3828 4859 3923 4932 μεν

1771 5239 1997 5310 Variae
2027 5241 2360 5311 lectiones
2379 5250 2448 5310 et
2479 5251 2683 5311 notae.

635 5457 726 5513 96)
755 5455 990 5513 Inclusa
1013 5456 1234 5512 absunt
1261 5457 1330 5513 A.

539 5601 866 5674 cataisunt.»
892 5601 1158 5674 Γνωρισθῇ
1194 5599 1416 5674 pendet
1442 5617 1513 5658 ex
1539 5599 1828 5674 superiori
1857 5606 1956 5661 ἵνα.

543 5696 551 5704 -
609 5670 724 5730 (98)
747 5669 876 5722 Ἀπὸ
900 5669 1075 5722 κοινοῦ
1105 5669 1164 5725 1'6
1193 5669 1299 5730 ἵνα,

631 5673 701 5727 98
747 5670 876 5722 Ἀπὸ
900 5670 1075 5722 κοινοῦ
1105 5670 1164 5725 1'6
1193 5671 1299 5730 ἵνα,
1615 5670 1634 5674 ’

607 5670 724 5814 ί99ζ
749 5740 1004 5816 Respicit
1027 5743 1196 5802 Joan.
1225 5760 1320 5811 xv,
1353 5743 1404 5799 2.
1435 5745 1771 5802 Mansiones
1795 5745 1962 5802 haud
1991 5746 2193 5815 dubie,

609 5457 726 5599 ἓ96ξ
755 5457 990 5513 Inclusa
1013 5457 1234 5512 absunt
1261 5457 1330 5513 A.

631 5529 698 5581 97
755 5528 1044 5604 [inpedita
1070 5533 1156 5604 est
1184 5529 1565 5604 constructio,
1597 5533 1763 5604 quod
1795 5533 1984 5591 multa
2011 5535 2197 5591 incul-
2273 5561 2278 5566 ο

2307 5479 2433 5522 non
2463 5462 2796 5535 fruitiones,
2837 5464 3026 5522 voluit
3057 5465 3317 5522 scribere
3348 5465 3695 5522 Hentenius.

2382 5536 2461 5608 (1)
2489 5535 2626 5608 Haec
2647 5536 2781 5608 legu
2793 5541 2931 5592 ntnr
2961 5537 3021 5592 in
3043 5537 3316 5608 margine
3340 5537 3628 5608 codicisB
3655 5536 3923 5594 referun-

2307 5605 2517 5686 turque
2547 5607 2626 5686 ad
2665 5605 3029 5686 vocabulum
3063 5605 3591 5684 κεφαλαιωδιστόρας,
3640 5608 3811 5686 quod
3856 5609 3920 5665 in

2308 5679 2608 5750 principio
2629 5679 2839 5736 scholii
2859 5678 3098 5750 legitur.

2380 5749 2462 5822 (2)
2491 5748 2573 5818 Ᾱέ,
2603 5748 2958 5808 addendum
2987 5748 3244 5809 videtur.
3297 5779 3299 5782 ⁴
