4186 6318
215 346 318 404 525

1178 349 1550 408 COMMENT.
1593 349 1660 404 IN
1702 345 2151 403 MATTHIEUM.
2192 377 2257 387 —-
2292 347 2455 406 CAP.
2497 349 2643 405 XIX.

3478 361 3588 416 526

217 478 314 548 γὰρ
342 474 486 542 αὐτῷ
516 476 721 546 ἣμερον·
747 475 992 545 ἠγάπησε
1023 473 1080 528 δὲ
1108 475 1281 546 αὐτὸν,
1318 479 1387 538 ὡς
1417 473 1624 550 σφόδρα
1650 492 1816 529 σωτη-

1932 474 2126 527 autem
2151 471 2299 528 dixit
2326 489 2340 528 :
2375 473 2563 528 Uuum
2584 474 2691 530 tibi
2706 475 2896 544 deﬁcit
2918 475 2988 534 4⁵.
3017 475 3267 535 Intuitus
3283 480 3584 553 siquidem

219 569 332 638 ρίας
378 563 701 636 ὀρεγόμενον,
742 564 786 616 εἰ
814 570 902 616 καὶ
940 572 1001 636 τῇ
1031 563 1305 637 τυραννίδι
1345 574 1439 628 τῆς
1479 565 1816 638 φιλαργυρίας

224 648 528 709 ἐπεπέδητο.
552 657 612 706 Τί
635 650 669 705 δ
673 657 695 705 ἐ
719 652 831 706 ἐστι
856 657 913 705 τό
935 654 1104 707 λεῖπον
1135 671 1147 721 ;
1177 659 1245 708 Τό
1278 653 1530 713 ἀκολουθῆ
1544 675 1632 707 σαι
1655 655 1812 726 αὐτῷ.

227 748 322 795 Καὶ
340 743 519 797 ἄκουε.

291 918 422 991 Ἔφη
492 948 562 958 -
618 913 886 967 ἀκολούθει
957 934 1068 986 μοι.
1126 915 1266 970 Ἐπεὶ
1345 920 1408 970 τὰ
1485 919 1814 990 ὑπάρχοντα,

227 1012 504 1070 τουτέστιν,
571 1007 596 1057 ὁ
652 1004 883 1073 πλοῦτος,
958 1003 1205 1076 ἐμπόδιον
1272 1003 1403 1065 ἦσαν
1446 1015 1537 1059 τοῦ
1595 1007 1816 1060 ἀκολου-

234 1101 407 1164 θῆσαι,
435 1096 627 1148 κελεύει
671 1102 836 1147 ταῦτα
884 1093 1148 1161 πωλῆσαι,
1199 1101 1288 1148 καὶ
1333 1095 1515 1150 δοῦναι
1558 1104 1815 1169 πτωχοῖς.

238 1193 392 1245 Φησὶν
433 1183 535 1251 οὖν,
589 1185 649 1236 Εἰ
700 1184 858 1246 θέλεις
891 1183 1074 1246 τέλειος
1131 1181 1277 1238 εἶναι.
1345 1192 1444 1240 Καὶ
1486 1190 1586 1260 γὰρ
1626 1187 1817 1248 ἀτελεῖς

239 1278 284 1328 οἱ
311 1279 399 1337 τὰς
450 1273 656 1346 νομικὰς
725 1275 1091 1345 κατορθοῦντες
1137 1274 1362 1340 ἐντολὰς,
1430 1275 1536 1330 ἐπεὶ
1589 1283 1678 1329 καὶ
1726 1278 1818 1328 αὖ-

231 1385 310 1418 ται
387 1363 591 1428 ἀτελεῖς,
669 1361 762 1415 διὰ
829 1368 920 1420 τὴν
1003 1363 1265 1418 ἀσθένειαν
1351 1374 1450 1417 τῶν
1520 1363 1810 1419 Ἰουδαίων.

225 1454 381 1516 Ἐξεις
455 1450 512 1506 δὲ
597 1455 880 1526 θησαυρόν,
972 1450 1100 1522 εἰπε,
1180 1456 1640 1528 παραμυθούμενος
1721 1461 1814 1515 τὴν

225 1543 640 1614 φιλοχρηματίαν
741 1541 924 1607 αὐτοῦ,
1021 1546 1111 1594 καὶ
1200 1543 1654 1616 ἐπαγγελλόμενος,
1735 1547 1814 1598 ὅτι

228 1633 528 1705 θησαυρίσει
597 1630 774 1686 πάλιν.
840 1636 938 1683 Καὶ
999 1631 1056 1682 ού
1127 1639 1277 1684 τοῦτο
1317 1637 1489 1703 μόνον,
1551 1633 1677 1686 ἀλλὰ
1725 1641 1815 1687 καὶ

221 1727 438 1789 κρεῖττον
447 1739 457 1749 ·

221 1808 346 1882 λέγει
409 1813 503 1868 την

222 1906 314 1951 τῶν
367 1901 808 1974 κατορθωμάτων.
885 1902 954 1951 Τὸ
1019 1896 1078 1952 δε
1135 1907 1310 1975 Δεῦρο,
1379 1900 1647 1955 ἀκολούθει
1703 1922 1813 1975 μοι,

228 1986 329 2040 ἀντὶ
373 1996 488 2053 τοῦ,
549 1984 746 2049 Βάδιζε
800 1989 913 2040 κατ’
966 1991 1116 2060 ἴχνος
1180 1998 1270 2049 τῆς
1336 1989 1466 2062 ἐμῆς
1534 1991 1814 2060 πολιτείας,

226 2075 481 2131 ἀκολούθει
540 2085 658 2140 ταῖς
687 2078 831 2148 ἐμαῖς
888 2076 1126 2138 ἐντολαῖς.
1177 2086 1340 2132 Τοῦτο
1373 2081 1475 2155 γάρ
1521 2099 1605 2132 σοι
1632 2081 1813 2151 λείπει,

536 1719 588 1772 ἐν
632 1720 832 1794 οὐρανῷ
883 1723 1005 1793 γάρ.
1065 1724 1347 1796 Θησαυρόν
1404 1719 1463 1774 δὲ
1510 1721 1558 1774 ἐν
1615 1724 1814 1796 οὐρανῷ

224 2169 285 2220 τὰ
307 2170 494 2238 νομικὰ
532 2186 632 2219 κατ
644 2171 946 2238 νιοοώσαντι.

291 2344 546 2406 ’Δκούσας
597 2375 667 2384 --
724 2349 969 2416 κτήματα
1009 2343 1172 2396 πολλά
1207 2362 1217 2374 ·
1245 2343 1406 2398 Ὅσον
1479 2344 1590 2417 εἶχε
1631 2347 1811 2414 πολλὰ,

228 2442 456 2487 τοσοῦτον
506 2434 693 2495 αὖτοῖς
734 2430 1070 2488 ἐδεδούλωτο.
1123 2435 1227 2488 Καὶ
1288 2437 1390 2509 γὰρ
1448 2437 1476 2493 ἡ
1536 2438 1814 2510 προσθήκη

229 2530 314 2574 τοῦ
360 2523 583 2577 πλούτου
679 2526 988 2596 προσθήκην
1071 2531 1208 2577 ποιεῖ
1275 2532 1369 2586 τῆς
1458 2524 1814 2599 φιλαργυρίας.

234 2611 426 2683 Γὲγανεν
479 2609 570 2666 οὖν
628 2612 776 2665 αἰτία
819 2621 914 2676 τῆς
969 2613 1135 2676 λύπης
1191 2617 1280 2666 καὶ
1335 2621 1430 2674 τῆς
1481 2613 1736 2676 ἀπειθείας
1783 2618 1812 2674 ἠ

234 2698 446 2761 πολυκτη
453 2704 656 2775 μοσύνη
667 2742 678 2756 .

297 2788 353 2842 Ὀ
407 2788 462 2844 δε
519 2823 586 2832 ——
642 2790 890 2863 οὐρανῶν.
966 2790 1025 2843 Εἰ
1079 2788 1138 2844 δὲ
1201 2791 1447 2852 πλούσιος
1526 2789 1816 2864 δυσκόλως,

236 2878 524 2942 πλεονέκτης
555 2876 672 2932 οὐδ’
725 2881 850 2942 ὅλως
878 2898 891 2912 ο
925 2879 969 2932 εί
995 2883 1097 2955 γὰρ
1143 2882 1167 2932 ὁ
1198 2885 1269 2952 μὴ
1321 2877 1509 2944 διδοὺς
1546 2885 1612 2934 τά
1636 2882 1818 2936 ἑαυτοῦ

242 2973 609 3041 κατακρίνεται,
683 2969 854 3040 πολλῷ
943 2968 1152 3043 μᾶλλον,
1238 2971 1264 3022 ό
1343 2974 1433 3023 καὶ
1507 2973 1572 3025 τὰ
1639 2971 1820 3045 ἑτέρων

249 3053 499 3129 ἁρπάζων.

305 3145 458 3197 Πάλιν
503 3176 570 3187 —
614 3146 875 3203 εἰσελθεῖν,
932 3146 1102 3200 Εἰπὼν
1147 3150 1206 3201 τὸ
1264 3154 1482 3222 πρᾶγμα
1538 3145 1815 3217 δύσκολον,

236 3234 396 3288 ἔπειτα
434 3235 569 3308 λέγει
636 3243 789 3289 τοῦτο
844 3239 932 3288 καὶ
1005 3233 1284 3304 ἀδύνατον,
1342 3243 1431 3291 καὶ
1484 3239 1589 3311 οὐχ
1647 3239 1818 3302 ἁπλῶς

234 3318 494 3394 ἀδύνατον,
562 3325 692 3378 ἀλλὰ
737 3330 826 3379 καὶ
899 3333 990 3379 τοῦ
1064 3323 1324 3380 ἀδυνάτου
1396 3325 1808 3402 ἀδυνατώτερον.

232 3409 505 3469 Ἀδύνατον
553 3418 644 3487 μὶν
687 3417 790 3489 γὰρ
820 3419 908 3474 τὴν
962 3414 1213 3487 κάμηλον,
1263 3418 1322 3468 τὸ
1356 3419 1507 3484 ζῶον,
1563 3413 1657 3469 διὰ
1693 3437 1819 3491 τρυ-

227 3507 447 3575 πήματος
501 3503 714 3576 βελόνης
766 3500 983 3557 διελθεῖν
1037 3504 1138 3576 (3),
1187 3500 1575 3582 ἀδυνατώτερον
1612 3502 1671 3559 δὲ
1695 3508 1817 3558 τού-

224 3610 306 3644 του
335 3592 523 3646 ἐκεῑνο.
566 3593 693 3646 Κατ’
744 3592 982 3646 ἐπίτασιν
1037 3588 1094 3647 δε
1124 3593 1150 3646 ὁ
1206 3592 1374 3666 λόγος,
1430 3594 1495 3656 εἰς
1527 3594 1680 3662 φόϐον
1720 3603 1817 3648 τῶν

225 3681 564 3757 φιλαργύρων.

285 3776 420 3836 Τινες
452 3770 521 3825 δὲ
549 3771 780 3845 κάμηλόν
823 3790 953 3844 φασι
999 3777 1234 3843 σχοινίον
1277 3776 1584 3845 παχύτατον
1612 3773 1814 3827 πλοίου.

221 3868 384 3916 Ταῦτα
412 3861 480 3918 δὲ
538 3862 694 3934 λέγων
749 3863 774 3914 ὁ
805 3865 1054 3936 Χριστὸς,
1103 3862 1161 3915 οὗ
1223 3859 1492 3914 διαϐάλλει
1519 3865 1606 3914 τὸν
1653 3861 1817 3915 πλοῦ-

221 3971 319 4022 τον,
368 3952 509 4005 ἀλλὰ
536 3956 595 4003 τὸ
650 3947 970 4003 δουλοῦσθαι
1021 3960 1092 4022 τῷ
1136 3951 1361 4023 πλούτῳ.
1421 3951 1704 4005 Κάλλιστον
1759 3950 1818 4007 δε

225 4045 278 4094 τὸ
327 4037 697 4118 παράδειγμα.
755 4041 999 4113 Καθάπερ
1041 4043 1142 4115 γὰρ
1201 4043 1259 4093 τὸ
1302 4043 1551 4114 τρύπημα
1597 4049 1691 4102 τῆς
1727 4041 1819 4116 ῥα-

224 4128 359 4201 φίδος
385 4133 445 4186 ού
511 4138 676 4204 χωρεῖ
728 4133 822 4188 τὴν
875 4129 1127 4201 κάμηλον,
1181 4126 1273 4183 διά
1314 4149 1368 4183 τε
1405 4134 1497 4189 τὴν
1527 4132 1661 4202 ἄγαν
1703 4130 1815 4183 ἐαυ-

747 4224 836 4273 καί
911 4215 1005 4272 διὰ
1051 4222 1136 4272 τόν
1195 4221 1324 4292 ἄγαν
1383 4219 1579 4283 ἆκείνης
1642 4223 1813 4292 ὄγκον·

222 4310 346 4363 οὕτω
374 4318 470 4365 καὶ
505 4311 535 4368 ἡ
591 4306 736 4376 ὁδὸς,
777 4309 807 4366 ἡ
841 4307 1122 4380 ἀπάγουσα
1169 4309 1238 4370 εἱς
1268 4313 1360 4368 τὴν
1412 4313 1567 4377 ζωὴν,
1619 4310 1677 4363 ού
1708 4332 1817 4382 χω-

222 4407 296 4471 ρεῖ
339 4405 422 4454 τὸν
482 4398 751 4464 πλούσιον,
795 4394 888 4450 διά
929 4415 984 4451 τε
1013 4402 1106 4455 τὴν
1145 4397 1334 4459 ἑαυτῆς
1383 4403 1680 4464 στενότητα,
1729 4403 1819 4451 καὶ

221 4230 304 4273 τοῦ
366 4239 668 4287 στενότητα,

1923 565 2011 616 est
2041 561 2207 618 illum
2263 566 2645 619 mansuetum
2681 581 2696 631 ;
2745 565 2947 621 dilexit
2994 572 3197 624 autem
3241 586 3380 627 cum
3405 573 3584 645 quasi

1925 649 2302 706 vehementer
2343 651 2592 708 salutem
2624 658 3026 724 appetentem,
3070 673 3422 731 quanquam
3449 678 3585 720 ava-

1925 738 2070 794 ritiae
2087 740 2402 810 tyrannide
2418 743 2919 814 praepediebatur.
2937 746 3089 810 Quid
3106 750 3404 821 estautem
3415 752 3582 824 quod

1924 827 2122 884 deﬁcit
2157 829 2184 883 ‘l
2211 831 2280 885 Ut
2303 835 2588 902 sequatur
2612 847 2772 886 eum.
2797 833 2952 888 Audi
2980 850 3144 905 ergo.

1995 919 2270 973 Vers.2i.
2302 919 2499 974 Ait—
2527 937 2758 992 sequere
2802 937 2911 978 me.
2967 925 3116 989 Quia
3170 942 3241 982 ea
3292 945 3427 1000 quae
3477 930 3582 987 ha-

1923 1005 2124 1070 bebat,
2156 1006 2217 1062 id
2268 1012 2373 1073 est,
2443 1010 2661 1065 divitiae
2704 1009 3136 1082 impedimento
3163 1021 3328 1071 erant
3368 1033 3443 1073 ne
3497 1035 3584 1075 se-

1923 1099 2219 1167 queretur,
2265 1096 2431 1168 jubet
2486 1099 2610 1155 haec
2659 1100 2848 1166 vendi,
2897 1101 3150 1174 darique
3195 1106 3584 1176 pauperibus.

1925 1184 2073 1241 Dicit
2101 1200 2243 1256 ergo
2277 1203 2289 1242 :
2319 1189 2381 1243 Si
2418 1188 2501 1245 vis
2542 1189 2846 1258 perfectus
2871 1207 3024 1258 esse;
3066 1192 3391 1264 imperfecti
3429 1195 3584 1252 enim

1924 1278 2083 1343 sunt,
2109 1274 2214 1346 qui
2244 1276 2373 1332 sola
2400 1277 2616 1348 legalia
2642 1279 2946 1352 complent
2991 1287 3306 1354 praecepta,
3360 1283 3505 1355 quia
3527 1288 3587 1340 et

1922 1361 2052 1432 ipsa
2077 1364 2427 1434 imperfecta
2456 1371 2624 1422 erant
2648 1373 2890 1439 propter
2911 1370 3253 1426 Iudaeorum
3281 1372 3586 1428 imbecilli-

1923 1455 2120 1506 tatem.
2145 1454 2401 1510 Habebis
2426 1461 2621 1511 autem
2654 1456 3022 1527 thesaurum,
3081 1459 3227 1516 dixit
3257 1461 3583 1518 consolans

1923 1541 2052 1611 ejus
2079 1542 2413 1614 avaritiam,
2473 1560 2541 1600 ac
2595 1545 2949 1614 promittens
2997 1548 3163 1619 quod
3200 1549 3414 1604 iterum
3467 1551 3585 1605 the-

1925 1645 2170 1686 saurum
2187 1632 2536 1688 reconderet
2566 1652 2577 1691 :
2611 1649 2722 1688 nec
2751 1633 2812 1688 id
2845 1639 3098 1700 tantum,
3125 1637 3230 1692 sed
3259 1641 3313 1693 et
3342 1637 3577 1704 melius,

1924 1717 2066 1788 quia
2088 1719 2147 1774 in
2181 1719 2352 1778 caelo.
2384 1723 2564 1777 Vocat
2594 1727 2784 1778 autem
2828 1723 3176 1781 thesaurum
3208 1725 3269 1781 in
3296 1725 3449 1783 caelo
3478 1726 3584 1783 bo-

599 1808 936 1881 ἀποκειμένην
1004 1808 1108 1861 ἐκεῖ
1177 1818 1287 1870 τοῖς
1359 1810 1522 1873 ἀξίοις
1593 1811 1815 1885 ἀμοιϐὴν

1932 1821 2139 1862 norum
2171 1809 2622 1865 retributionem
2656 1826 2920 1882 operum,
2949 1828 3087 1884 quae
3119 1813 3204 1870 ibi
3247 1814 3346 1869 his
3367 1815 3470 1886 qui
3497 1814 3584 1870 di-

1926 1895 2026 1965 gni
2058 1895 2287 1963 fuerint,
2328 1899 2595 1970 reposita
2626 1904 2783 1955 sunt.
2804 1901 2975 1966 Quod
3007 1906 3207 1957 autem
3234 1902 3399 1958 addit
3431 1918 3445 1958 :
3485 1904 3582 1958 Ve-

1925 1984 2008 2049 m‘,
2040 1999 2266 2055 sequere
2293 2003 2404 2052 me,
2439 1988 2816 2044 tantumdem
2839 1995 2926 2044 est
2946 2005 3016 2045 ac
3041 1991 3259 2060 sijdicat
3290 2005 3302 2043 :
3328 1991 3585 2047 Gradere

1920 2073 2094 2143 juxta
2139 2075 2392 2145 vestigia
2420 2091 2572 2131 meae.
2624 2077 3116 2146 conversationis,
3156 2093 3403 2149 sequere
3447 2093 3588 2135 mea

1924 2167 2242 2234 praecepta,
2271 2162 2387 2220 hoc
2415 2165 2578 2222 enim
2632 2165 2738 2222 tibi
2762 2165 2976 2232 deﬁcit,
3010 2167 3116 2238 qui
3148 2166 3366 2237 legalia
3396 2167 3588 2223 adim-

1925 2251 2122 2323 plesti.

1998 2341 2166 2397 Vers.
2209 2345 2300 2396 22.
2348 2342 2566 2398 Audito
2616 2373 2686 2384 —
2727 2345 2947 2400 multas
3011 2344 3409 2413 possessiones.
3456 2346 3587 2409 Quo

1925 2429 2099 2501 plura
2150 2429 2427 2496 habebat,
2474 2447 2546 2487 eo
2574 2433 2766 2502 magis
2812 2449 3020 2488 servus
3071 2448 3282 2488 eorum
3339 2432 3584 2488 eﬁectus

1927 2523 2053 2576 erat
2079 2539 2093 2588 ;
2120 2518 2347 2576 additio
2369 2519 2666 2592 siquidem
2697 2522 3042 2579 divitiarum
3097 2522 3464 2578 additionem
3499 2521 3586 2578 ta-

1927 2608 2003 2664 cit
2025 2608 2303 2664 avaritiae.
2328 2608 2642 2680 Opulentia
2673 2611 2872 2682 itaque
2897 2625 3081 2667 causa
3111 2610 3221 2666 fuit
3245 2610 3490 2666 tristitiae
3524 2613 3582 2666 et

1930 2697 2358 2754 incredulitatis
2373 2741 2386 2754 .

1999 2789 2164 2843 Vers.
2199 2787 2288 2842 23.
2319 2789 2480 2844 Αι-
2503 2787 2975 2853 crelorum.Quod
2992 2787 3036 2843 si
3059 2788 3224 2843 dives
3249 2787 3582 2856 difﬁculter,

1930 2891 2148 2932 avarus
2181 2875 2342 2932 nullo
2368 2876 2565 2932 modo.
2603 2877 2660 2932 Si
2686 2876 2850 2932 enim
2875 2875 3311 2932 condemnatur
3335 2875 3438 2947 qui
3463 2890 3588 2932 non

1932 2970 2037 3029 dat
2059 2982 2190 3038 quae
2212 2981 2326 3022 sua
2364 2970 2522 3031 sunt,
2545 2963 2734 3021 multo
2764 2964 3022 3036 amplius
3048 2966 3153 3036 qui
3173 2965 3328 3037 rapit
3353 2964 3578 3027 aliena.

1861 3165 1899 3220 ρ
2001 3148 2160 3200 Vers.
2191 3148 2279 3201 24.
2331 3147 2557 3202 Rursus
2583 3175 2652 3186 —
2697 3145 2935 3199 intrare.
2992 3145 3139 3198 Cum
3184 3157 3310 3198 rem
3340 3141 3592 3199 dixisset

1928 3233 2254 3295 difﬁcilem.
2275 3233 2431 3288 hanc
2454 3232 2762 3302 subjunxit
2792 3229 3236 3302 impossibilem
3269 3247 3282 3285 :
3311 3245 3418 3284 nec
3445 3230 3589 3286 sim-

1927 3321 2626 3394 pliciterimpossibilem,
2660 3319 2764 3374 sed
2785 3324 2841 3374 et
2866 3317 3227 3389 impossibili
3259 3317 3453 3387 magis
3480 3318 3590 3374 im-

1926 3409 2302 3484 possibilem.
2326 3407 2695 3481 lmpossibile
2724 3407 3026 3479 siquidem
3050 3411 3141 3463 est
3166 3405 3464 3462 camelum
3494 3407 3589 3463 vi-

1925 3517 2071 3558 vum
2100 3500 2350 3556 transire
2372 3515 2478 3571 per
2498 3499 2770 3555 foramen
2790 3512 2936 3554 acus
2961 3518 2973 3550 :
2999 3497 3116 3552 hoc
3141 3499 3341 3553 autem
3363 3497 3591 3568 impos-

1927 3590 2148 3647 sibilius
2175 3594 2263 3646 est
2290 3589 2457 3646 illud.
2487 3591 2686 3644 Fertur
2704 3591 2895 3644 autem
2923 3585 3021 3642 hic
3049 3601 3246 3643 sermo
3272 3601 3375 3658 per
3405 3600 3592 3656 exag-

1925 3682 2292 3750 gerationem
2319 3678 2398 3735 ad
2429 3693 2752 3734 avarorum
2785 3680 3095 3732 terrorem.

1997 3768 2253 3834 Quidam
2289 3771 2488 3823 autem
2540 3765 2836 3822 camelum
2883 3768 3103 3820 vocant
3158 3763 3365 3818 funem
3414 3761 3590 3818 navis

1924 3857 2295 3913 crassiorem.
2328 3858 2544 3912 Verum
2595 3855 2715 3909 haec
2736 3853 2941 3909 dicens
2969 3852 3235 3907 Christus
3287 3867 3409 3907 non
3443 3851 3592 3907 vitu-

1925 3953 2093 4019 perat
2121 3945 2371 4012 divitias,
2405 3945 2511 4000 sed
2559 3944 2774 4000 servire
2823 3941 3061 3998 divitiis.
3093 3943 3190 3997 Est
3215 3945 3416 3997 autem
3443 3940 3593 4012 opti-

1925 4053 2094 4093 mum
2119 4035 2483 4108 exemplum.
2525 4038 2674 4092 Nam
2701 4033 2852 4088 sicut
2880 4032 3154 4087 foramen
3180 4046 3324 4088 acus
3356 4046 3478 4086 non
3505 4034 3594 4086 est

1925 4143 2109 4200 capax
2150 4125 2350 4183 cameli
2390 4129 2636 4198 propter
2665 4122 2899 4179 nimiam
2968 4120 3059 4176 sui
3114 4121 3482 4191 angustiam,
3537 4125 3596 4176 et

1924 4220 2168 4289 propter
2217 4213 2508 4287 grandem
2555 4214 2715 4270 illius
2757 4212 2980 4268 molem
3028 4226 3098 4267 ac
3132 4215 3476 4266 tumorem:
3511 4209 3596 4266 ita

1925 4321 2169 4378 quoque
2199 4306 2299 4361 via
2332 4321 2469 4377 qua:
2494 4304 2656 4360 ducit
2684 4302 2763 4359 ad
2804 4303 2991 4358 vitam
3019 4315 3144 4357 non
3170 4300 3326 4373 capit
3354 4299 3594 4356 divitem

1926 4401 2164 4466 propter
2185 4395 2277 4450 sui
2301 4394 2665 4463 angustiam,
2692 4395 2749 4448 et
2773 4396 3020 4462 propter
3061 4389 3238 4461 hujus
3273 4397 3592 4446 tumorem.

225 4481 310 4539 διὰ
334 4492 418 4543 τὸν
467 4491 656 4541 τούτου
704 4492 878 4558 ὄγκον.
938 4491 1202 4561 Προσήκει
1231 4483 1318 4539 οὖν
1350 4491 1500 4558 ὄγκον
1531 4485 1816 4539 ἀποθέσθαι

1932 4486 2168 4555 Oportet
2215 4497 2360 4552 ergo
2419 4498 2666 4538 omnem
2729 4480 3014 4553 repellere
3070 4483 3370 4566 tumorem
3423 4478 3592 4549 juxta

225 4579 400 4650 πάντα,
455 4580 596 4630 κατὰ
658 4580 744 4629 τόν
799 4575 1138 4642 Ἀπόστολον,
1209 4581 1297 4628 καὶ
1353 4575 1695 4633 λεπτυνοῆναι
1745 4573 1816 4628 δι’

232 4663 462 4721 ἑκουσίου
506 4671 703 4727 πενίας.

296 4756 639 4817 Ἀκούσαντες
687 4752 747 4808 δὲ
799 4786 867 4796 -
900 4755 1175 4820 σωθῆναι;
1231 4752 1658 4816 Ἐξεπλὴσσοντο,
1706 4750 1820 4804 ἀντὶ

234 4851 334 4912 τοῦ,
365 4846 759 4918 Ἐθορυϐοῡντο.
789 4845 923 4903 Πλὴν
949 4844 1054 4916 οὐχ
1084 4845 1208 4918 ὑπὲρ
1243 4843 1453 4895 ἑαυτῶν·
1488 4845 1694 4901 πένητες
1719 4844 1820 4915 γὰρ

231 4927 371 4990 ἦσαν’
406 4936 515 4990 ἀλλ’
543 4937 668 5010 ὑπὲρ
692 4943 790 4987 τῶν
807 4933 1093 4988 πλουσίων.
1124 4931 1382 5006 ’Ἦρξαντο
1413 4932 1514 5005 γὰρ
1539 4930 1822 5002 σπλάγχνα

229 5018 560 5079 διδασκάλων
613 5023 903 5092 ἀναλαϐεῖν,
938 5027 1028 5076 καὶ
1084 5021 1384 5095 ύπεραλγεῐν
1433 5028 1524 5080 τῆς
1571 5019 1822 5081 ἀπωλείας

226 5119 319 5164 τῶν
348 5114 651 5189 ἀνθρώπων,
682 5114 926 5188 λέγοντες,
948 5116 1038 5173 Τίς
1063 5112 1168 5184 ἄρα
1185 5119 1288 5163 τῶν
1310 5109 1572 5162 πλουσίων
1599 5105 1819 5162 δύναται

228 5203 455 5262 σωθῆναι
489 5221 505 5272 ;

292 5381 504 5451 ⁸⁸,Ι.ιιο.
537 5396 700 5452 xvm,
740 5384 830 5438 22.
905 5379 956 5416 ⁴⁶
977 5377 1145 5436 Hebr.
1185 5393 1281 5441 xu,
1316 5381 1370 5434 t.

1928 4570 2281 4642 Apostolum
2315 4571 2387 4635 4⁸,
2414 4575 2471 4627 et
2517 4569 2811 4628 attenuari
2858 4583 2964 4638 per
3017 4565 3416 4623 voluntariam
3448 4582 3594 4637 pau-

1928 4665 2223 4732 pertatem
2234 4702 2247 4715 .

2001 4753 2157 4807 Vers.
2207 4753 2296 4806 25.
2328 4749 2471 4804 Cum
2500 4754 2695 4804 autem
2743 4744 3032 4800 audissent
3082 4775 3148 4783 —
3173 4742 3369 4799 salvus
3410 4741 3592 4810 ﬁeri?

1931 4840 2191 4897 Exterriti
2219 4843 2372 4905 sunt,
2401 4837 2460 4893 id
2488 4841 2575 4893 est
2612 4833 2832 4890 turbati
2870 4836 3025 4898 sunt,
3078 4847 3202 4888 non
3233 4837 3436 4887 tamen
3481 4845 3591 4902 pro

1931 4929 2157 5001 seipsis,
2191 4945 2328 4985 cum
2376 4941 2668 4999 pauperes
2701 4927 2918 4988 essent,
2962 4921 3068 4976 sed
3119 4937 3223 4992 pro
3281 4919 3587 4976 divitibus.

1931 5017 2248 5088 Coeperunt
2276 5017 2434 5072 enim
2461 5016 2894 5087 praeceptorum
2934 5025 3234 5067 assumere
3251 5009 3592 5076 viscera,ac

1930 5106 2130 5163 dolere
2150 5104 2479 5177 plurimum
2505 5118 2614 5175 pro
2645 5101 2976 5173 perditione
2995 5099 3313 5157 hominum
3331 5098 3591 5156 dicentes

1935 5194 2073 5262 Quis
2096 5208 2229 5265 ergo
2257 5193 2504 5250 divitum
2531 5196 2711 5263 potest
2738 5190 2937 5247 salvus
2970 5190 3101 5259 ﬁeri
3125 5189 3154 5245 ‘i’

1402 5528 1629 5597 Variae
1660 5515 1991 5595 lectiones
2021 5532 2087 5593 et
2117 5535 2320 5594 notae.

310 5676 389 5747 (3)
429 5681 705 5735 Εἰσελθείν.
739 5685 799 5732 Δ.
