4186 6318
528 392 637 450 527

600 518 766 572 Vers.
809 513 897 569 26.
949 508 1214 567 Intuitus
1259 539 1329 551 --
1364 504 1700 580 possibilia.
1748 505 2015 561 Primum
2062 502 2181 559 miti
2209 504 2256 557 A

530 607 775 677 aspectu
824 601 1163 658 exterritam
1241 614 1450 655 eorum
1525 601 1785 652 mentem
1840 594 2180 650 consolatus

527 699 637 751 est.
673 691 893 748 Deinde
924 691 1067 745 dixit
1096 708 1108 744 :
1140 688 1313 761 Apud
1342 686 1621 743 homines
1638 685 1871 748 divites,
1904 685 2014 739 hoc
2036 687 2182 753 puta

529 782 759 838 salvum
793 780 941 847 ﬁeri,
996 776 1362 849 impossibile
1405 781 1493 831 est
1532 792 1546 830 :
1577 774 1800 830 fortiter
1841 773 2000 828 enim
2033 784 2182 826 ava-

525 871 667 927 ritiae
723 868 967 926 vinculis
1017 866 1241 935 alligati
1278 868 1435 930 sunt,
1488 863 1749 936 factique
1804 862 2179 933 impotentes,

526 964 594 1016 ut
623 977 657 1014 a
687 958 898 1030 seipsis
928 956 1066 1012 solis
1093 952 1441 1025 hujusmodi
1475 950 1790 1024 tyrannide
1822 950 2169 1005 liberentur.

524 1048 682 1104 Deus
698 1054 899 1103 autem
913 1061 1034 1101 non
1047 1044 1242 1100 solum
1263 1042 1489 1099 salvere
1509 1043 1620 1098 hos
1641 1045 1855 1113 potest,
1877 1040 1978 1094 sed
2001 1038 2177 1093 etiam

525 1152 705 1193 omne
728 1135 889 1191 aliud
919 1138 1133 1207 potest.
1165 1131 1428 1188 Salvabit
1444 1146 1585 1201 ergo
1606 1132 1736 1195 hos,
1770 1130 1818 1184 si
1848 1127 2014 1200 quod
2042 1141 2183 1200 pos-

526 1230 666 1280 sunt
690 1224 957 1279 studium
997 1221 1369 1284 adhibentes,
1394 1224 1485 1275 ac
1514 1219 1748 1274 divitias
1774 1218 1835 1273 in
1882 1230 2179 1289 pauperes

522 1317 895 1382 evacuantes,
921 1312 1241 1381 ignemque
1261 1307 1597 1380 cupiditatis
1642 1306 2009 1363 divitiarium
2048 1320 2182 1359 exs-

524 1401 879 1472 tinguentes,
911 1400 1073 1457 hunc
1111 1398 1522 1455 invocaverint
1547 1396 1961 1452 auxiliatorem
1990 1409 2061 1449 ac
2115 1392 2185 1447 li-

522 1490 768 1546 bertatis
791 1493 1166 1544 assertorem.

593 1665 799 1722 Docuit
824 1679 965 1735 ergo
996 1663 1196 1719 omnis
1219 1661 1318 1717 hic
1345 1676 1564 1732 sermo,
1598 1660 1758 1733 quod
1791 1674 2041 1717 avarum
2082 1660 2184 1714 im-

520 1756 803 1829 possibile
831 1761 916 1811 est
937 1754 1170 1810 salvum
1193 1768 1341 1817 esse,
1374 1752 1482 1807 nisi
1500 1751 1665 1823 quod
1686 1753 1745 1806 in
1774 1767 1837 1805 se
1859 1756 1949 1806 est
1974 1750 2183 1806 afferat

521 1846 806 1913 studium,
833 1850 895 1900 ut
925 1843 1163 1899 dictum
1191 1848 1299 1907 est,
1329 1847 1384 1897 et
1399 1841 1587 1896 Deum
1612 1839 1835 1895 habeat
1853 1840 2185 1909 adjutorem

522 1936 598 1990 ad
630 1934 1034 1989 liberationem
1054 1930 1214 1985 illius
1240 1929 1590 1985 miserrima:
1637 1928 1988 1984 affectionis.
2015 1928 2190 1989 Aiunt

522 2026 724 2077 autem
758 2019 1039 2091 quidam,
1070 2018 1237 2090 quod
1255 2018 1307 2073 si
1337 2018 1458 2072 Deo
1478 2018 1683 2071 omnia
1704 2022 1837 2071 sunt
1858 2016 2187 2087 possibilia,

523 2110 729 2180 utique
784 2114 839 2162 et
864 2106 1055 2162 facere
1085 2105 1313 2160 malum
1346 2107 1463 2159 Deo
1490 2104 1776 2174 possibile
1807 2109 1915 2159 est.
1964 2105 2186 2169 Quibus

523 2213 634 2254 nos
659 2196 930 2261 dicimus,
951 2194 1123 2265 quod
1146 2194 1341 2249 facere
1366 2192 1589 2248 malum
1609 2207 1731 2248 non
1763 2198 1852 2249 est
1893 2194 2186 2264 potentiae,

527 2287 627 2343 sed
657 2285 1045 2356 impotentiae.
1070 2283 1208 2338 Ideo
1227 2282 1406 2338 etiam
1432 2282 1619 2338 David
1658 2286 1904 2353 peccata
1929 2282 2187 2353 appella.

521 2377 607 2432 vit
640 2374 1067 2431 imbecillitates
1115 2374 1234 2428 sive
1262 2371 1632 2428 inﬁrmitates
1662 2372 1868 2427 dicens
1892 2389 1904 2426 :
1926 2373 2187 2444 Mulipli—

523 2471 676 2523 cata:
699 2468 832 2521 sunt
857 2464 1232 2533 inﬁrmitates
1248 2476 1450 2519 eorum
1482 2462 1552 2515 ιτ.
1584 2461 1883 2517 EtPaulus
1913 2461 2008 2521 ait.
2045 2464 2189 2518 Cum

525 2571 630 2611 nos
643 2569 892 2611 essemus
913 2552 1136 2621 inﬁrmi
1157 2553 1225 2616 ‘3,
1268 2551 1391 2607 sive
1413 2555 1771 2623 peccatores.
1822 2550 2112 2607 Praeterea
2133 2556 2189 2608 et

526 2643 643 2700 alio
664 2643 865 2711 modo,
877 2642 1044 2712 juxta
1066 2640 1412 2710 Gregorium
1447 2638 2186 2712 Theologumlprincipium

526 2731 671 2787 mali
702 2737 789 2786 est
844 2730 1141 2798 negligere
1190 2728 1419 2784 bonum
1455 2743 1467 2781 ε
1510 2728 1815 2800 quomodo
1845 2735 2045 2784 autem
2084 2730 2187 2784 lio-

529 2837 677 2877 num
699 2819 973 2887 negliget,
1017 2818 1113 2889 qui
1145 2821 1232 2872 est
1260 2817 1395 2888 ipsa
1419 2817 1654 2872 bonitas
1679 2818 1708 2872 ?

601 2910 763 2963 Vers.
789 2910 878 2962 27.
915 2908 1079 2961 Tune
1110 2937 1176 2947 —-
1207 2905 1368 2961 nobis
1395 2903 1426 2959 Ῡ
1474 2907 1616 2969 Quae
1640 2906 1860 2972 omnia,
1893 2907 2063 2962 beate
2091 2908 2187 2962 Pe-

532 3003 614 3053 tre
642 2997 670 3051 ?
701 3000 786 3050 An
818 2995 1195 3062 arundinem,
1223 2998 1364 3061 rete,
1404 2994 1625 3059 navim,
1657 2998 1961 3066 artemque
1994 2996 2186 3066 pisca-

534 3084 747 3141 toriam
773 3084 801 3139 ‘I
832 3084 1062 3155 Utique,
1103 3082 1312 3155 inquit,
1341 3098 1477 3154 quae
1498 3086 1557 3137 et
1585 3087 1815 3155 quanta
1839 3084 2141 3140 habebam
2170 3102 2183 3151 ;

535 3188 671 3228 mea
723 3171 1015 3245 siquidem
1066 3171 1343 3261 voluntas
1398 3171 1626 3240 integra
1678 3171 1802 3227 fuit.
1856 3171 2002 3227 Cum
2048 3190 2187 3245 ergo
2221 3206 2262 3261 ρ

539 3262 787 3318 dixisset
809 3261 1078 3318 Salvator
1104 3260 1459 3316 adolescenti
1488 3277 1501 3315 :
1528 3261 1589 3315 Si
1616 3262 1697 3317 vis
1726 3263 2017 3332 perfectus
2048 3279 2184 3328 esse,

539 3352 658 3417 abi,
691 3352 870 3408 vende
898 3366 1024 3421 quae
1050 3349 1243 3415 habes,
1270 3356 1321 3405 et
1349 3350 1423 3406 da
1450 3350 1825 3419 pauperibus,
1852 3351 2190 3424 habebisque

542 3440 889 3495 thesaurum
915 3441 972 3492 in
1000 3439 1159 3503 caelo,
1187 3437 1387 3493 timuit
1416 3438 1618 3493 Petrus
1646 3438 1759 3494 sibi
1791 3455 1860 3496 ac
1904 3441 2192 3496 condisci-

540 3527 900 3599 pulis,quasi
922 3526 1033 3597 ipsi
1063 3525 1263 3581 minus
1281 3524 1584 3595 fecissent,
1610 3527 1751 3598 quia
1767 3542 1889 3583 non
1911 3529 2191 3584 vendide-

539 3620 675 3671 rant
695 3632 830 3687 quae
850 3613 1171 3678 habebant,
1204 3629 1314 3670 nec
1327 3614 1617 3670 dederant
1641 3616 2035 3687 pauperibus;
2060 3617 2194 3673 ideo

541 3706 724 3761 etiam
747 3704 829 3759 ait
856 3719 869 3758 :
893 3705 1035 3759 Ecce
1058 3718 1170 3759 nos
1198 3718 1322 3759 non
1345 3702 1752 3774 vendidimus,
1783 3720 1893 3762 nec
1922 3707 2192 3778 pauperi-

541 3794 653 3849 bus
684 3791 980 3858 dedimus,
1012 3792 1119 3847 sed
1171 3791 1520 3864 simpliciter
1554 3794 1757 3850 omnia
1780 3810 1917 3867 qua:
1942 3795 2197 3852 habeba-

539 3898 662 3938 mus
690 3881 1062 3954 reliquimus,
1096 3884 1152 3937 et
1180 3882 1364 3939 secuti
1395 3899 1603 3939 sumus
1633 3888 1687 3939 te
1715 3885 1900 3957 ;quid
1927 3900 2063 3955 ergo
2088 3885 2199 3941 erit

538 3971 717 4029 nobis
748 3970 1149 4026 retributionis
1174 3971 1205 4025 ?

611 4061 774 4115 Vers.
803 4060 891 4114 28.
926 4060 1093 4113 Jesus
1114 4062 1309 4113 autem
1342 4088 1408 4099 -
1437 4060 1650 4116 Israel.
1678 4063 2198 4131 Regenerationem

540 4148 853 4205 dicitnunc
882 4162 918 4201 a
943 4144 1190 4199 mortuis
1206 4147 1721 4212 resurrectionem,
1735 4150 1910 4219 quasi
1930 4150 2199 4208 iteratam

537 4234 1027 4292 viviﬁcationem.
1060 4230 1216 4296 Quid
1241 4247 1380 4302 ergo
1408 4232 1437 4287 ?
1458 4233 1751 4289 sedebunt
1778 4241 1919 4292 tunc
1946 4236 2203 4310 apostoli

540 4329 599 4380 et
621 4320 981 4393 judicabunt
1005 4322 1034 4376 ?
1070 4323 1484 4393 Nequaquam.
1537 4321 1710 4379 Solus
1750 4326 1909 4381 enim
1941 4328 2201 4385 Christus

538 4409 786 4473 sedebit,
816 4414 872 4464 et
896 4410 1057 4465 solus
1090 4408 1222 4480 ipse
1246 4409 1563 4479 judicabit.
1592 4412 1705 4469 Sed
1734 4429 1838 4485 per
1877 4415 2200 4475 duodecim

540 4500 711 4556 sedes
745 4498 932 4553 innuit
961 4497 1305 4554 fruitionem
1330 4498 1453 4555 sive
1469 4501 1738 4573 requiem
1767 4519 1836 4560 ac
1862 4506 2197 4577 praecellen-

538 4589 687 4646 tiam
715 4587 1035 4644 duodecim
1057 4586 1511 4659 discipulorum,
1544 4594 1780 4665 etregni
1809 4596 1899 4650 sui
1931 4612 2199 4653 commu-

535 4676 921 4735 nicationem.
951 4677 1293 4733 Judicantes
1332 4682 1532 4734 autem
1564 4679 1720 4745 dicit,
1759 4682 1874 4739 hoc
1909 4690 2015 4750 est,
2050 4686 2199 4743 Con-

534 4767 911 4823 demnantes.
955 4766 1047 4821 Ait
1074 4780 1214 4837 ergo
1248 4781 1260 4821 :
1290 4768 1591 4824 Fruemini
1620 4772 1762 4827 tunc
1791 4771 1919 4828 sive
1943 4774 2195 4845 requies-

534 4856 694 4922 cetis,
738 4859 796 4912 et
825 4854 1160 4927 praecelletis
1190 4871 1258 4910 ac
1284 4857 1723 4927 conregnabitis
1770 4860 1940 4932 mihi,
1981 4865 2194 4921 conde-

532 4949 808 5001 mnantes
847 4943 1140 4999 Israelitas
1170 4959 1184 4997 :
1217 4958 1340 4999 non
1372 4943 1539 5015 quod
1569 4944 1684 5016 ipsi
1709 4946 2034 5018 judicaturi
2056 4950 2190 5019 sint,

532 5031 640 5088 sed
671 5032 825 5088 sicut
854 5032 1133 5088 vicesimo
1164 5032 1334 5088 tertio
1382 5032 1575 5104 capite
1631 5032 1868 5092 dicebat
1904 5038 2191 5099 Ninivitas

530 5135 601 5176 ac
624 5121 898 5191 reginam
952 5119 1149 5176 Austri
1203 5120 1712 5179 condemnaturos
1750 5127 2193 5194 generationem

527 5208 709 5272 illam,
744 5210 827 5264 ita
840 5209 1020 5265 ethoc
1034 5224 1195 5264 nunc
1225 5209 1734 5269 condemnaturos
1756 5214 1837 5271 ait
1868 5215 2190 5275 duodecim

529 5296 712 5353 tribus
756 5297 954 5354 Israel.
1014 5297 1153 5353 Ideo
1194 5298 1352 5352 enim
1399 5313 1521 5354 non
1547 5299 1690 5357 dicit
1727 5307 1931 5373 gentes
1956 5310 2059 5363 aut
2100 5324 2191 5364 or-

524 5384 688 5452 bem,
744 5385 851 5441 sed
901 5385 1060 5442 solos
1104 5384 1402 5441 Israelitas
1435 5401 1575 5443 suos
1614 5390 1997 5462 contribules,
2048 5412 2189 5453 suos

526 5478 830 5545 cognatos.
884 5475 1385 5532 Condemnabunt
1443 5478 1601 5535 enim
1650 5496 1748 5538 eos
1834 5498 1959 5541 non
2015 5476 2189 5560 quasi

600 5654 649 5691 ‘7
670 5653 821 5710 Psal.
876 5671 968 5727 xv,
1040 5694 1055 5710 .
1132 5658 1186 5694 ⁴³
1216 5657 1385 5715 Rom.
1419 5674 1477 5724 v,
1508 5662 1559 5715 6.

1848 376 2199 437 EUTHYMII
2239 376 2544 434 ZIGABEN
2550 381 2570 434 Ι

3782 380 3897 437 528

2363 503 2655 576 Ἐμϐλέψάς
2713 538 2783 546 —
2863 503 3084 563 δυνατά,
3180 514 3386 579 Πρῶτον
3455 507 3630 579 ἡμέρῳ
3731 506 3898 580 βλέμ-

2290 612 2417 665 ματι
2474 599 2787 668 φρίττουσαν
2832 597 2999 648 αὐτῶν
3055 601 3149 655 τὴν
3199 593 3435 648 διάνοιαν
3492 601 3896 671 παρηγόρησεν,

2291 679 2402 734 εἶτα
2459 680 2615 749 εἶπεν,
2674 686 2755 736 ὃτι
2820 688 2962 758 παρὰ
3028 684 3316 759 ἀνθρώποις
3382 685 3653 746 πλουσίοις
3710 694 3897 752 τοῦτο,

2292 766 2501 830 δηλαδὴ
2546 776 2604 824 τό
2667 775 2918 840 σωθῆναι,
2992 770 3245 826 ἀδύνατόν
3321 772 3453 829 ἔστι.
3505 771 3899 846 Δεδεσμημένοι

2288 861 2388 932 γὰρ
2445 860 2684 933 ἰσχυρῶς
2720 870 2833 924 ταῖς
2893 870 3091 936 σειραῖς
3129 870 3225 925 τῆς
3276 860 3637 936 φιλαργυρίας,
3696 860 3897 915 ἀδυνα-

2288 955 2469 1001 τοῦσιν
2512 949 2603 1021 ἀφ’
2652 950 2841 1003 ἑαυτῶν
2895 956 3061 1023 μόνων
3118 950 3515 1024 έλευθερωθῆυαι
3563 958 3659 1011 τῆς
3709 954 3900 1002 τοιαύ-

2287 1056 2381 1097 της
2420 1035 2748 1112 τυραννίδος.
2788 1039 2846 1092 Ὀ
2904 1036 2964 1092 δε
2992 1044 3117 1101 Θεὸς
3164 1040 3223 1092 ού
3254 1044 3406 1113 μόνον
3458 1048 3630 1092 σῶσαι
3672 1042 3895 1103 τούτους

2292 1123 2534 1194 δύναται,
2605 1126 2733 1179 ἀλλὰ
2788 1132 2876 1181 καὶ
2921 1135 3023 1181 πᾶν
3088 1130 3254 1203 ἕτερον
3308 1125 3548 1182 δύναται.
3613 1135 3775 1182 Σῶσει
3833 1126 3892 1182 δέ

2290 1218 2521 1281 τούτους,
2566 1215 2650 1268 έὰν
2697 1221 2791 1275 τὴν
2832 1217 2957 1290 παρ’
3029 1218 3220 1271 ἑαυτῶν
3265 1215 3504 1276 σπουδὴν
3555 1217 3892 1293 εἰσφέροντες,

2291 1310 2381 1357 καὶ
2441 1312 2703 1366 κενοῦντες
2743 1309 2828 1358 τόν
2891 1306 3112 1359 πλοῦτον
3183 1308 3257 1368 εἰς
3300 1311 3544 1372 πένητας,
3600 1312 3690 1360 καὶ
3742 1306 3895 1361 σϐεν-

2291 1396 2492 1456 νύοντες
2542 1397 2602 1446 τό
2656 1402 2759 1468 πῦρ
2808 1403 2896 1455 τῆς
2943 1394 3217 1468 έπιθυμίας
3267 1405 3364 1449 τῶν
3420 1399 3732 1470 χρημάτων,
3773 1396 3899 1449 ἔπι-

2293 1481 2613 1535 καλέσωνται
2676 1488 2766 1536 καὶ
2821 1491 3003 1537 τοῦτον
3069 1484 3340 1559 ἐπίκουρον
3409 1490 3498 1539 καὶ
3557 1485 3901 1562 συλλήπτορα

2294 1579 2390 1633 τῆς
2419 1571 2727 1645 ἐλευθερίας.

2372 1657 2615 1722 Ἐδίδαξε
2673 1666 2843 1714 τοίνυν
2918 1664 2944 1714 ό
2995 1664 3206 1735 σύμπας
3259 1663 3430 1736 λόγος,
3501 1665 3580 1717 ὅτι
3634 1661 3899 1717 ἀδύνατον

2301 1751 2533 1807 σωθῆναι
2572 1750 2907 1824 φιλάργυρον,
2964 1750 3048 1803 ἐὰν
3087 1756 3158 1825 μή
3197 1757 3290 1811 τὴν
3332 1752 3458 1827 παρ’
3503 1752 3688 1805 ἑαυτοῦ
3720 1772 3897 1807 σπου-

2301 1835 2399 1897 δὴν
2449 1840 2715 1913 εἰσφέρων,
2773 1844 2842 1902 ὡς
2889 1843 3110 1915 εἴρηται,
3163 1846 3325 1914 σχοίη
3376 1845 3581 1895 καὶτὸν
3610 1846 3733 1897 Θεὸν
3765 1841 3902 1917 βοη-

2302 1930 2387 1980 θὸν
2472 1937 2568 1990 ¹ικῆς
2648 1927 2954 2001 ἀπαλλαγῆς
3028 1938 3120 1982 τοῦ
3194 1933 3433 1983 τοιούτου
3515 1931 3899 2004 χαλεπωτάτου

2297 2018 2517 2079 πάθους.
2573 2023 2708 2070 Φασὶ
2761 2014 2821 2070 δέ
2874 2037 3027 2086 τινες,
3078 2021 3157 2071 ὅτι
3214 2022 3299 2072 ἐὰν
3355 2021 3526 2073 πάντα
3573 2017 3777 2073 δυνατὰ
3823 2030 3900 2093 τῷ

2299 2110 2427 2175 Θεῷ,
2477 2102 2698 2158 δυνατόν
2750 2108 2854 2180 ἄρα
2891 2114 2962 2177 τῷ
3011 2113 3119 2179 Θεῷ
3166 2112 3351 2161 καὶτὸ
3390 2113 3567 2164 κακόν.
3618 2113 3760 2183 Πρὸς
3809 2112 3902 2174 οὕς

2297 2194 2527 2265 λέγομεν,
2591 2196 2671 2246 ὃτι
2734 2198 2792 2246 τὸ
2857 2200 3014 2247 κακόν
3080 2196 3174 2249 οὐκ
3250 2200 3360 2250 ἔστι
3426 2195 3708 2271 δυνάμεως,
3787 2199 3901 2253 ἀλλ’

2299 2279 2614 2355 ἀδυναμίας.
2648 2285 2734 2336 Διό
2783 2289 2872 2337 καὶ
2923 2286 2950 2336 ό
3002 2283 3171 2339 Δαυίδ
3197 2288 3289 2347 τὰς
3324 2286 3584 2361 ἁμαρτίας
3633 2287 3901 2352 ἀσθενείας

2298 2372 2582 2444 ὠνόμασεν,
2686 2372 2859 2441 εἰπὼν,
2968 2373 3395 2433 Ἐπληθύνθησαν
3480 2376 3536 2428 αἰ

2297 2461 2486 2513 αὐτῶν.
2550 2466 2651 2514 Καὶ
2726 2462 2752 2512 ὁ
2827 2462 3030 2525 Παῦλος
3091 2461 3151 2516 δέ
3220 2483 3397 2537 φησιν,

3636 2377 3902 2432 ἀσθένειαι

3475 2464 3674 2518 Ὀντων
3750 2468 3782 2527 ἠ
3788 2477 3901 2541 μῶν

2298 2549 2544 2619 ἀσθενῶν,
2597 2554 2779 2622 ἤγουν,
2841 2551 3175 2625 ἁμαρτωλῶν.
3233 2559 3334 2607 Καὶ
3387 2553 3571 2631 ἕτέρως
3623 2552 3702 2623 δὲ,
3760 2561 3904 2611 κατὰ

2295 2642 2383 2691 τὸν
2440 2640 2694 2711 Θεολόγον
2746 2645 3050 2715 Γρηγόριον,
3112 2640 3255 2715 ἀρχὴ
3301 2650 3394 2696 τοῦ
3442 2653 3624 2711 κακοῦ,
3670 2649 3730 2698 τό
3776 2646 3903 2720 ἀμε-

2294 2728 2455 2789 λῆσαι
2505 2737 2596 2781 τοῦ
2646 2728 2864 2800 ἀγαθοῦ.
2917 2737 3028 2791 Πῶς
3076 2728 3126 2783 δ’
3166 2733 3227 2783 ἄν
3277 2730 3509 2805 ἀμελήση
3558 2741 3650 2785 τοῦ
3689 2733 3901 2805 ἀγαθοῦ

2295 2820 2325 2876 ἡ
2360 2818 2752 2890 αύτοαγαθότης
2774 2835 2787 2885 ;

2366 2912 2492 2959 Τότε
2521 2939 2588 2948 -
2619 2910 2771 2980 ἡμῖν;
2821 2915 2952 2961 Ποῖα
2985 2912 3173 2973 πάντα,
3227 2908 3266 2961 ὧ
3309 2914 3529 2986 μακάριε
3572 2915 3760 2986 Πέτρες
3793 2917 3887 2964 τὸν

2297 2996 2544 3069 κάλαμον,
2578 3000 2636 3049 τὸ
2686 2994 2916 3065 δίκτυον,
2952 3000 3009 3049 τό
3050 2998 3249 3063 πλοῖον,
3280 3005 3374 3058 τὴν
3405 3000 3729 3068 ἁλιευτικήν;
3759 3008 3892 3070 Ναί,

2298 3089 2475 3159 φησὶν,
2507 3085 2542 3137 ἃ
2578 3082 2743 3157 εἶχον,
2789 3092 2877 3138 καὶ
2908 3088 3009 3139 ὅσα
3039 3086 3201 3159 εἶχον.
3231 3096 3287 3141 Ἦ
3330 3095 3635 3162 προαίρεσίς
3663 3109 3763 3163 μου
3795 3094 3899 3166 γὰρ

2298 3174 2518 3235 ἐντελής.
2560 3174 2804 3237 Εἰπόντος
2837 3173 2923 3227 οὖν
2962 3184 3054 3228 τοῦ
3084 3184 3312 3251 Σωτῆρος
3341 3182 3466 3251 πρὸς
3492 3183 3576 3232 τὸν
3605 3184 3898 3249 νεανίσκον,

2299 3264 2362 3319 Εἰ
2415 3263 2569 3325 θέλεις
2624 3264 2813 3326 τέλειος
2892 3262 3039 3337 εἶναι,
3099 3266 3289 3338 ὕπαγε,
3357 3268 3600 3328 πώλησόν
3660 3289 3754 3322 σου
3831 3272 3903 3322 τὰ

2300 3354 2628 3429 ὑπάρχοντα,
2700 3359 2790 3407 καὶ
2847 3351 2942 3417 δὸς
3010 3363 3265 3428 πτωχοῖς,
3344 3362 3435 3410 καὶ
3508 3358 3632 3421 ἕξεις
3690 3361 3904 3417 θησαυ-

2300 3445 2390 3513 ρὸν
2447 3440 2495 3493 ἐν
2543 3442 2764 3515 ούρανῷο
2828 3440 3111 3497 ἔδει).ίασεν
3168 3446 3194 3497 ό
3259 3449 3451 3520 Πέτρος
3503 3453 3623 3523 περὶ
3670 3468 3726 3501 τε
3787 3448 3908 3501 ἑαυ-

2301 3537 2393 3582 τοῦ
2445 3535 2535 3583 καὶ
2586 3536 2705 3605 περὶ
2761 3541 2861 3585 τῶν
2914 3534 3182 3605 μαθητῶν,
3236 3534 3307 3596 ὧς
3359 3535 3751 3609 ἠλαττωμένων,
3809 3535 3911 3591 διὰ

2303 3621 2362 3670 τὸ
2408 3623 2480 3691 μὴ
2527 3619 2771 3679 πωλῆσαι
2816 3624 2883 3673 τὰ
2923 3624 3252 3696 ὑπάρχοντα,
3295 3630 3385 3677 καὶ
3418 3621 3601 3678 δοῦναι
3640 3634 3905 3699 πτωχοῖς.

2306 3711 2393 3759 Διό
2440 3712 2531 3761 καί
2587 3727 2764 3781 φησιν·
2831 3706 2971 3764 Ἰδού
3025 3714 3171 3784 ἡμεῖς
3225 3713 3318 3765 οῦκ
3372 3712 3725 3788 ἐπωλὴσαμεν,
3786 3720 3911 3770 οὔτε

2305 3802 2408 3870 μὴν
2440 3793 2703 3870 έδώκαμεν
2734 3807 2986 3871 πτωχοῖς,
3035 3799 3142 3853 ἀλλ’
3182 3800 3449 3875 ἀφήκαμεν
3494 3804 3665 3866 ἁπλῶς
3711 3808 3909 3877 πάντα,

2307 3886 2409 3940 ὃσα
2464 3890 2693 3961 εἴχομεν,
2746 3892 2837 3941 καὶ
2879 3888 3307 3964 ἠκολουθήσαμέν
3358 3910 3461 3945 σοι’
3508 3898 3563 3946 τί
3611 3895 3716 3967 ἄρα
3756 3898 3914 3949 ἔσται

2309 3978 2434 4049 ἡμῖν
2464 3976 2531 4037 εἰς
2560 3976 2822 4049 ἀμοιϐἠνς

2377 4064 2436 4118 '0
2500 4062 2559 4119 δε
2613 4065 2815 4127 Ἰησοῦς
2871 4098 2938 4108 -
3014 4067 3243 4141 Ἰσραήλ.
3309 4069 3716 4144 Παλιγγενεσίαν
3771 4074 3913 4147 λεγει

2308 4161 2395 4206 νῦν
2473 4157 2567 4212 τὴν
2647 4153 2701 4205 ἐκ
2771 4164 2954 4229 νεκρῶν
3031 4155 3336 4225 ἀνάστασιν,
3422 4163 3488 4221 ὡς
3564 4163 3907 4228 παλινζωῖαν.

2308 4246 2373 4295 Τί
2426 4238 2561 4309 οὖν;
2626 4240 2969 4299 καθεδοῦνται
3024 4251 3115 4299 καὶ
3180 4249 3230 4300 οἱ
3290 4247 3569 4303 ἀποστόλοι
3625 4258 3760 4321 τότε,
3820 4260 3915 4309 καὶ

2311 4337 2609 4404 κρινοῦσιν;
2656 4328 2938 4407 Οὐδαμῶς.
2997 4339 3165 4398 Μόνος
3204 4340 3307 4410 γὰρ
3340 4339 3365 4390 ό
3412 4344 3647 4411 Χριστὸς
3675 4346 3909 4412 καθίσει,

2310 4424 2399 4471 καὶ
2445 4425 2601 4492 μόνος
2635 4421 2790 4485 αὐτὸς
2843 4432 3023 4495 κρινεῖ.
3072 4425 3229 4478 Ἀλλὰ
3273 4423 3367 4479 διὰ
3404 4432 3494 4500 μὶν
3541 4439 3642 4482 τῶν
3698 4429 3915 4500 δώδεκα

2312 4511 2500 4584 θρόνων
2538 4509 2879 4585 παρεδήλωσε
2922 4517 3015 4572 τὴν
3054 4517 3169 4567 τότε
3220 4513 3534 4583 ἀνάπαυσιν,
3589 4524 3678 4573 καὶ
3723 4494 3912 4595 προτίίι

2307 4617 2469 4671 μησίν
2519 4607 2618 4652 τῶν
2668 4596 2879 4653 δώδεκα
2918 4604 3185 4673 μαθητῶν,
3236 4609 3327 4657 καὶ
3377 4611 3470 4666 τὴν
3514 4613 3774 4660 κοινωνίαν
3811 4616 3908 4669 τῆς

2308 4686 2581 4761 βασιλείας
2631 4688 2811 4743 αὐτοῦ.
2863 4695 3127 4763 Κρίνοντες
3160 4689 3220 4746 δέ
3269 4714 3452 4766 φησιν,
3489 4694 3599 4749 ἀντὶ
3634 4703 3745 4761 τοῦ,
3798 4702 3902 4749 Κα-

2304 4781 2649 4852 τακρίνοντες.
2708 4776 2858 4831 Εἶπεν
2916 4776 3024 4845 οὖν,
3086 4782 3168 4833 ὅτι
3237 4782 3698 4845 Ἀναπαυθήσεσθε
3761 4789 3905 4857 τότε,

2303 4870 2393 4918 καὶ
2478 4868 2958 4940 προτιμηθήσεσθε,
3052 4875 3143 4923 καὶ
3259 4872 3705 4946 συμϐασιλεύσετέ
3792 4896 3906 4949 μοι,

2303 4960 2694 5028 κατακρίνοντες
2741 4960 2858 5018 τοὺς
2905 4958 3253 5033 Ἰσραηλίτας,
3288 4962 3394 5035 οὐχ
3448 4966 3518 5024 ὡς
3562 4964 3716 5017 αὐτοὶ
3756 4961 3909 5019 δικα-

2304 5044 2496 5112 ζοντες,
2552 5042 2658 5097 ἀλλ’
2716 5047 2890 5120 ὥσπερ
2939 5046 2988 5100 ἓν
3042 5056 3115 5120 τῷ
3163 5050 3387 5123 εἰκοστῷ
3435 5057 3596 5126 τρίτῳ
3644 5054 3909 5129 κεφαλαίῳ

2300 5136 2423 5196 τοὺς
2462 5136 2733 5197 Νινευῖτας
2768 5137 2926 5208 ἔφησε
2953 5142 3042 5191 καὶ
3078 5143 3175 5198 τὴν
3215 5138 3541 5213 βασίλισσαν
3593 5151 3685 5196 τοῦ
3732 5149 3908 5198 Νότου

2300 5228 2629 5297 κατακρίνειν
2676 5229 2770 5283 τὴν
2800 5227 2973 5297 γενεὰν
3005 5224 3220 5295 ἐκείνην,
3265 5228 3399 5283 οὕτω
3437 5235 3527 5285 καὶ
3564 5240 3653 5285 νῦν
3695 5236 3911 5296 τούτους

2300 5314 2394 5373 τὰς
2441 5309 2653 5365 δώδεκα
2695 5313 2852 5386 φυλὰς
2889 5322 2980 5369 τοῦ
3029 5317 3264 5391 Ἰσραήλ.
3313 5322 3409 5373 Διὰ
3448 5328 3599 5375 τοῦτο
3648 5325 3749 5398 γὰρ
3812 5324 3911 5376 οὐκ

2301 5398 2408 5454 εἶπε
2438 5403 2503 5453 τὰ
2547 5403 2687 5468 ἔθνη,
2731 5400 2855 5456 ούδε
2889 5408 2983 5464 τὴν
3027 5405 3351 5481 οἰκουμένην,
3393 5408 3523 5463 ἀλλὰ
3559 5416 3744 5484 μόνους
3768 5417 3911 5476 ’τοὺς

2301 5488 2650 5564 Ἰσραηλίτας,
2713 5496 2829 5553 τοὺς
2884 5495 3193 5568 ὁμοφύλους,
3255 5502 3377 5562 τοὺς
3444 5507 3730 5573 συγγενεῖς.
3795 5508 3911 5557 Κα-
