4186 6318
232 347 351 404 529

236 491 559 550 τακρινουσι
610 472 713 544 γὰρ
765 468 973 530 αύτούς,
1034 462 1140 533 ούχ
1192 461 1262 518 ὡς
1300 453 1629 517 δικάζοντες,

236 571 504 640 ρήκαμεν,
570 558 676 613 ἀλλ’
734 561 798 619 ὡς
845 563 935 609 τοῦ
991 550 1294 611 δικάζοντος
1354 543 1455 596 ἀπὸ
1516 547 1613 599 τῆς
1664 537 1858 589 τούτων

240 659 473 713 πίστεως
548 645 998 708 καταδικάζοντος
1066 640 1276 701 αύτούς,
1344 634 1426 687 ὃτι
1498 637 1609 690 τοίς
1682 625 1860 683 αὐτοῖς

245 744 604 818 ἑνετράφησαν
660 738 804 791 οὗτοί
875 753 930 787 τε
989 734 1218 784 κάκείνοι
1274 728 1451 797 νόμοις
1528 722 1619 772 καὶ
1680 717 1855 779 ἣθεσι,

247 838 344 887 καὶ
400 830 540 905 ὅμως
605 827 749 882 οὗτοι
822 827 914 898 μὶν
984 819 1320 883 ἐπέστωσαν,
1378 811 1559 865 ἐκεῖνοι
1617 803 1678 860 δε
1737 805 1859 862 ἠπί-

256 941 484 981 στησαν.

324 1015 393 1065 Τί
430 1007 491 1063 δὲ
517 1026 531 1077 ;
562 1012 654 1060 καὶ
698 1006 724 1057 6
751 999 955 1064 Ἰούδας
1002 1002 1178 1075 θρόνον
1230 994 1348 1058 ἕξει,
1381 994 1469 1043 καὶ
1520 988 1856 1058 κατακρινεῖ;

257 1102 426 1174 Οὐχί.
485 1068 640 1155 ἱέοινή
696 1097 785 1168 μεν
814 1094 916 1166 γὰρ
956 1091 986 1149 ἡ
1022 1068 1303 1158 ἐπαγγελία
1338 1083 1464 1155 πρὸς
1502 1080 1619 1136 τοὺς
1649 1068 1861 1174 δώδεκα

268 1158 508 1264 μαθητὰς
564 1189 651 1238 ἶνα
696 1158 830 1256 μηδ’
888 1158 947 1232 ’ἓν
1006 1179 1166 1248 ταύτῃ
1221 1180 1321 1225 τῶν
1377 1168 1542 1222 ἄλλων
1596 1164 1623 1216 6
1655 1158 1861 1219 Ἰούδας

266 1280 589 1334 ἐλαττωθείη.
621 1272 910 1329 ⁴βαυλότητι.
941 1265 999 1321 δὲ
1044 1265 1233 1337 ψυχῆς
1269 1260 1421 1319 αὐτὸς
1452 1257 1629 1310 ἑαυτὸν
1668 1252 1861 1310 ταύτης

262 1368 630 1441 ἀπεστέρησεν.
685 1362 840 1415 ’Ἐστι
888 1359 991 1431 γάρ
1042 1359 1198 1427 νόμος
1247 1357 1341 1403 τοῦ
1390 1352 1522 1401 Θεοῦ

256 1440 463 1531 ρεμίουγ
536 1455 661 1528 πρὸς
736 1444 1027 1506 Ἰουδαίους
1111 1440 1439 1515 ἐκφωνηθεὶς,

257 1548 379 1601 Ἐὰν
484 1539 772 1616 ἐπιστρέψῃ
909 1540 960 1588 τὸ
1073 1534 1215 1591 ἔθνος
1306 1527 1464 1581 ἐκεῖνο

255 1642 460 1689 κακιῶν
543 1631 733 1699 αὐτῶν,
816 1628 1113 1699 μετανοησω
1183 1617 1327 1689 κάγὼ
1411 1613 1432 1667 ἆ

254 1732 383 1789 κῶν,
457 1722 527 1773 ὧν
589 1719 903 1789 ἕλογισάμην
972 1719 1197 1769 ποιῆσαι
1267 1705 1462 1763 αὐτοῖς.

256 1813 343 1867 εὰν
427 1814 699 1868 ποιήσωσι
757 1809 815 1858 τὸ
882 1803 1104 1874 πονηρὸν
1171 1796 1380 1849 ἐνώπιόν
1453 1810 1576 1863 μου,
1641 1791 1733 1838 τοῦ
1789 1786 1861 1855 μὴ
1900 1793 1940 1847 Β

256 1901 477 1955 ἀκούειν
552 1906 644 1956 τῆς
720 1900 887 1967 φωνῆς
961 1909 1082 1963 μου,
1163 1886 1466 1958 μετανοήσω
1538 1875 1683 1947 κάγὼ
1748 1876 1867 1943 περὶ

253 2000 359 2044 τῶν
445 1987 676 2059 ἀγαθῶν,
732 1984 799 2034 ὧν
852 1979 1081 2037 ἐλάλησα
1132 1981 1223 2027 τοῦ
1279 1978 1503 2028 ποιῆσαι
1554 1964 1751 2022 αὐτοῖς.
1801 1963 1865 2013 Τί

254 2080 346 2135 οὖν
398 2096 562 2151 φησιν
612 2074 756 2133 οὗτος
795 2073 821 2123 ὁ
869 2073 1062 2141 νόμος;
1099 2067 1178 2117 ὅτι
1225 2061 1344 2117 Ἐὰν
1383 2055 1650 2113 ἀπειλήσω
1689 2057 1866 2103 κακῶ-

256 2173 353 2223 σοιί
405 2141 489 2230 σε,
541 2167 633 2217 καὶ
677 2158 987 2236 διορθωθῇς,
1032 2154 1206 2213 λύσεις
1248 2169 1348 2223 μου
1396 2150 1489 2204 τὴν
1531 2143 1725 2214 ψῆφον
1778 2141 1869 2189 καὶ

255 2260 345 2313 ἐὰν
404 2254 737 2326 ύπὸσχωμαί
789 2267 873 2302 σοι
916 2229 1119 2317 γόιγαθά,
1172 2243 1262 2292 καὶ
1312 2238 1643 2312 ῥᾳθυμὴσης,
1694 2229 1871 2287 λύσεις

258 2368 362 2411 μου
406 2350 504 2404 τὴν
543 2320 874 2413 ἐπαγγελίαν.
928 2338 995 2388 Σὺ
1047 2335 1148 2405 γὰρ
1199 2332 1385 2391 αἴτιος,
1428 2323 1629 2385 ἀνάξιος
1677 2320 1869 2378 ταύτης

258 2441 552 2511 γενόμενος.
615 2430 902 2484 Μετάνοιαν
954 2425 1053 2498 γὰρ
1110 2419 1194 2473 ἐπὶ
1244 2423 1335 2469 τοῦ
1386 2418 1513 2468 Θεοῦ
1564 2414 1659 2469 τήν
1730 2406 1870 2458 ἐναλ-

265 2529 439 2597 λαγὴν
474 2528 566 2575 τοῦ
612 2523 811 2572 σκοποῦ
862 2519 1092 2585 νοοῦμεν,
1150 2509 1214 2568 ἧς
1264 2504 1425 2557 αἱτιοι
1465 2502 1666 2558 πάντως
1704 2498 1869 2568 ἡμεῖς.

268 2591 392 2687 Χρὴ
436 2608 494 2665 δὲ
535 2614 830 2682 γινώσκειν,
886 2607 967 2656 ὅτι
1003 2607 1108 2660 τοῖς
1157 2592 1369 2651 δώδεκα
1419 2591 1680 2663 μαθηταῖς
1720 2603 1875 2638 συνα-

275 2705 456 2780 ριθμεῖ
517 2703 608 2752 καὶ
677 2700 795 2755 τοὺς
863 2694 1077 2766 ὓστερον
1141 2684 1581 2755 ἆντεισαχθέντας
1652 2675 1721 2735 εἰς
1788 2676 1874 2725 τὸν

277 2796 443 2867 χορὸν
473 2798 573 2842 τῶν
613 2782 826 2840 δώδεκα
867 2782 1134 2854 μαθητῶν,
1167 2778 1237 2837 ὡς
1263 2777 1355 2832 τὴν
1386 2771 1547 2828 αὐτὴν
1577 2771 1667 2819 καὶ
1696 2768 1875 2817 πίστιν

278 2865 372 2935 καὶ
398 2877 665 2932 διακονίαν
692 2870 1047 2933 ἀναδέξασθαι
1077 2865 1372 2940 μέλλοντας,

361 2973 470 3022 Καὶ
546 2996 612 3006 -
662 2964 1064 3036 κληρονομήσει.
1134 2954 1278 3026 ’Υμῖν
1352 2953 1441 3023 μὲν
1504 2953 1613 3009 τοῖς
1668 2939 1882 2997 δώδεκα

292 3061 584 3129 γενήσεται,
637 3055 803 3113 καθὼς
852 3031 1055 3124 εἴρηκα,
1105 3048 1196 3097 καὶ
1233 3048 1342 3102 τοῖς
1392 3038 1568 3098 ἄλλοις
1615 3031 1674 3088 δέ
1724 3038 1878 3096 πᾶσι,

1194 325 1570 389 COMMENT.
1617 320 1691 379 IN
1729 312 2178 375 MATTHIEUM-
2216 342 2288 355 —-
2324 312 2490 371 CAP.
2535 312 2690 370 XIX.

3514 301 3621 357 530

1670 449 1739 507 ὡς
1788 443 1857 497 εἰ·
1889 441 1936 496 Α
1964 438 2320 509 judicantes,
2363 439 2467 495 sed
2491 438 2632 509 quia
2654 437 2705 493 is
2734 436 2838 510 qui
2853 433 3173 509 judicabit,
3192 446 3228 488 a
3256 429 3375 486 ﬁde
3398 428 3615 484 horum

1968 531 2041 587 sit
2081 528 2591 586 condemnaturus
2641 526 2796 582 illos.
2834 524 3136 597 Siquidem
3203 535 3343 576 cum
3389 516 3616 574 eisdem

1967 617 2237 675 moribus
2268 632 2338 673 ac
2376 614 2609 686 legibus
2661 619 2719 671 et
2771 613 2833 670 hi
2879 611 3053 669 etilli
3102 609 3222 666 sint
3267 606 3521 676 enutriti,
3554 603 3618 660 hi

1967 712 2168 767 tamen
2198 705 2594 774 crediderunt,
2624 701 2708 759 illi
2730 717 2873 759 vero
2902 700 3142 758 credere
3168 696 3506 755 noluerunt.

2041 954 2191 1023 Quid
2232 970 2375 1027 ergo
2424 952 2453 1008 ’ἲ
2488 952 2748 1009 Judasne
2777 950 2957 1006 etiam
3014 947 3221 1004 sedem
3264 943 3511 1001 habebit
3563 945 3620 997 et

1968 1041 2447 1104 condemnabit?
2470 1045 2885 1114 Nequaquam.
2905 1035 3251 1094 Communis
3280 1033 3436 1089 enim
3466 1031 3622 1087 facta

1970 1140 2058 1192 est
2111 1132 2431 1206 promissio
2484 1129 2567 1188 ad
2615 1127 2937 1186 duodecim
2989 1122 3339 1197 discipulos,
3397 1134 3474 1175 ne
3517 1133 3623 1189 per

1969 1226 2129 1282 hanc
2156 1222 2339 1279 Judas
2382 1221 2444 1278 in
2499 1218 2622 1277 ullo
2660 1216 2887 1274 caeteris
2944 1213 3203 1271 deterior
3254 1208 3572 1267 haberetur
3606 1222 3621 1273 ;

1970 1315 2097 1386 ipse
2118 1327 2259 1368 vero
2290 1309 2509 1368 animm
2556 1307 2847 1382 pravitate
2886 1304 3153 1377 seipsum
3180 1300 3296 1356 hac
3333 1294 3615 1371 privavit.

1974 1384 2071 1458 Est
2102 1402 2261 1456 enim
2318 1399 2420 1454 Dei
2470 1396 2563 1454 lex
2599 1412 2637 1453 a
2690 1393 2949 1451 Jeremia
2997 1388 3382 1465 promulgata
3416 1384 3497 1443 ad
3524 1385 3626 1439 Ju-

1972 1492 2158 1559 daeos,
2183 1504 2318 1560 quae
2346 1486 2487 1542 dicit
2516 1501 2529 1541 :
2564 1485 2631 1541 Si
2661 1497 2942 1540 conversa
2989 1480 3177 1551 fuerit
3211 1492 3354 1549 gens
3397 1474 3501 1531 illa
3548 1472 3625 1530 ab

1970 1577 2383 1651 iniquitatibus
2415 1576 2554 1641 suis,
2585 1570 2882 1643 panitebit
2933 1576 2988 1627 et
3034 1582 3127 1624 me
3173 1566 3469 1622 malorum
3502 1577 3627 1633 quae

1974 1670 2356 1739 cogitaveram
2381 1665 2579 1735 facere
2602 1661 2748 1718 illis.
2780 1657 3006 1715 Deinde
3033 1656 3113 1713 ait
3138 1672 3150 1710 :
3187 1656 3259 1711 Et
3289 1654 3342 1709 si
3366 1651 3625 1722 fecerint

1972 1757 2193 1812 malum
2216 1770 2410 1810 coram
2441 1766 2552 1817 me,
2576 1755 2643 1806 ut
2658 1764 2777 1805 non
2799 1746 3044 1803 audiant
3069 1759 3265 1801 vocem
3293 1756 3492 1805 meam,
3511 1754 3622 1808 poe-

1972 1843 2166 1901 nitebit
2188 1849 2242 1899 et
2272 1857 2361 1898 me
2382 1839 2627 1897 debonis
2648 1851 2780 1909 quae
2799 1837 3174 1893 decreveram
3184 1832 3383 1901 facere
3399 1828 3520 1884 illis
3550 1826 3621 1878 ‘9.

1973 1933 2127 2000 Quid
2165 1947 2306 1999 ergo
2348 1930 2431 1986 ait
2503 1928 2622 1984 ista
2669 1924 2821 1982 lex?
2868 1923 2929 1979 Si
2985 1921 3389 1978 comminatus
3457 1915 3627 1971 fuero

1973 2028 2038 2077 ut
2082 2020 2300 2077 faciam
2363 2017 2469 2074 tibi
2520 2015 2772 2080 malum,
2819 2017 2879 2069 et
2911 2016 2977 2066 tu
3039 2006 3380 2078 corrigarts,
3431 2001 3623 2058 solves

1973 2124 2176 2166 meam
2202 2107 2597 2163 sententiam:
2630 2106 2689 2159 et
2724 2100 2773 2158 si
2801 2099 3136 2173 promisero
3197 2093 3305 2149 tibi
3350 2092 3537 2157 bona,
3572 2092 3630 2146 et

1976 2198 2269 2270 ignaviter
2333 2194 2542 2268 egeris,
2597 2191 2792 2249 solves
2846 2202 3047 2245 meam
3116 2180 3627 2257 promissionem:

1976 2296 2080 2344 tua
2103 2287 2263 2343 enim
2321 2299 2509 2341 causa
2556 2281 2750 2339 factus
2796 2294 2860 2334 es
2891 2292 2963 2333 ea
2989 2273 3297 2342 indignus.
3339 2270 3631 2326 Paeniten-

1976 2378 2123 2433 tiam
2151 2390 2292 2446 ergo
2322 2374 2385 2429 in
2415 2374 2535 2427 Deo
2584 2366 2973 2437 intelligimus
3019 2359 3310 2435 propositi
3354 2356 3630 2414 mutatio-

1977 2480 2138 2532 nem,
2189 2463 2361 2533 cujus
2419 2475 2531 2516 nos
2594 2454 2845 2515 omnino
2920 2466 3104 2508 causa
3161 2463 3392 2504 sumus.
3473 2443 3632 2500 Scire

1980 2557 2179 2609 autem
2222 2553 2473 2623 oportet,
2513 2545 2679 2618 quod
2739 2538 3052 2613 discipulis
3083 2537 3481 2593 connumerat
3526 2546 3631 2586 eos

1979 2641 2085 2715 qui
2106 2618 2493 2713 postmodum
2512 2635 2575 2691 in
2590 2633 2841 2690 chorum
2858 2625 3170 2715 duodecim
3194 2618 3632 2693 discipulorum

1982 2706 2421 2798 subingressuri
2473 2726 2612 2781 sunt
2658 2724 2862 2794 utpote
2917 2714 3195 2773 eamdem
3223 2710 3409 2767 ﬁdem
3448 2706 3635 2763 idem-

1984 2835 2102 2892 que
2124 2815 2522 2874 ministerium
2547 2808 2906 2882 suscepturi.

2055 2908 2217 2964 Vers-
2259 2907 2345 2961 29.
2376 2904 2451 2959 Et
2475 2933 2545 2944 —
2575 2898 2915 2957 haereditate
2965 2892 3238 2962 accipiet.
3294 2885 3474 2943 Vobis
3503 2882 3633 2955 qui-

1986 2997 2126 3054 dem
2154 2993 2477 3051 duodecim
2533 2989 2881 3057 contingent
2899 2997 3035 3057 quae
3066 2979 3210 3043 dixi,
3244 2973 3470 3034 caeteris
3496 2985 3635 3027 vero

1990 3083 2369 3143 credentibus
2426 3083 2599 3138 erunt
2658 3077 2789 3134 haec
2859 3075 2992 3129 ista.
3074 3066 3379 3126 Mattheus
3434 3061 3638 3131 itaque

287 3153 401 3208 τοῖς
440 3145 790 3208 πιστεύουσιν,
831 3141 979 3192 ἔσται
1008 3130 1138 3187 τάδε
1166 3136 1256 3185 καὶ
1301 3126 1449 3183 τάδε.
1482 3126 1748 3184 Ματθαῖος

1993 3173 2141 3231 dixit
2171 3189 2183 3227 :
2220 3173 2462 3227 Prorter
2496 3182 2702 3224 nomen
2743 3178 2957 3227 meum,
2982 3158 3046 3215 id
3091 3160 3199 3221 est,
3246 3154 3488 3225 propter
3520 3163 3614 3203 me

2171 3189 2183 3227 ε
2220 3186 2462 3227 Ρνονιεν
2496 3186 2702 3224 nomen
2743 3186 2957 3227 meum,
2982 3186 3046 3215 tu
3091 3186 3199 3221 cat,
3248 3186 3480 3225 νιυγιυι
3520 3186 3635 3203 ων.

281 3236 372 3289 οὖν
450 3234 604 3297 εἶπεν,
682 3234 841 3283 ἕνεκεν
916 3232 1008 3280 τοῦ
1065 3224 1309 3296 ὀνόματός
1385 3237 1506 3291 μου,
1585 3214 1699 3267 ἀντὶ
1768 3216 1880 3276 τοῦ,

282 3322 361 3378 δι’
453 3322 559 3395 ἐμέ.
639 3321 855 3392 Μάρκος
931 3311 990 3368 δὲ
1081 3312 1425 3386 προσέθηκεν,
1498 3305 1579 3356 ὃτι
1642 3306 1730 3353 καὶ
1791 3304 1883 3350 τοῦ

279 3412 624 3485 Εύαγγελίου,
676 3411 940 3471 τουτέστι,
991 3406 1082 3456 καὶ
1131 3397 1224 3452 διὰ
1263 3401 1321 3450 τὸ
1360 3400 1627 3467 κήρυγμα.
1677 3394 1886 3447 Λουκᾶς

280 3500 346 3557 δὲ
402 3483 604 3572 ἡγησιν,
686 3497 767 3549 ὃτι
835 3498 995 3547 ἕνεκεν
1068 3498 1157 3551 τῆς
1235 3485 1503 3561 βασιλείας
1571 3489 1663 3533 του
1729 3483 1885 3540 Θεοῦ,

278 3594 471 3664 ἧγουν,
520 3586 614 3642 διὰ
660 3590 754 3644 τὴν
806 3582 1076 3657 βασιλείαν
1126 3585 1218 3632 τοῦ
1269 3581 1416 3637 Θεοῦ,
1459 3572 1544 3624 ἶνα
1585 3573 1726 3641 τύχῃ
1760 3568 1886 3619 ταύ-

277 3656 405 3741 της.
451 3678 650 3749 Ὠσπερ
698 3672 776 3740 δε,
810 3656 930 3726 ὃταν
977 3670 1161 3740 ἔλεγεν,
1192 3666 1250 3719 Ὀ
1282 3663 1534 3721 ἀπολέσας
1564 3664 1659 3717 τὴν
1701 3656 1888 3727 ψυχὴν

280 3771 455 3824 αὐτοῦ
498 3770 655 3820 ἕνεκεν
710 3764 853 3833 ὶμοῦ,
903 3762 1113 3835 εύρήσει
1160 3757 1344 3822 αὐτὴν,
1388 3753 1446 3805 ού
1498 3758 1651 3804 τοῦτο
1704 3746 1891 3816 ἔλεγεν,

280 3862 375 3914 ἳνα
444 3856 727 3930 ἀναιρῶμεν
782 3853 1014 3914 ἑαυτούς,
1088 3846 1196 3900 ἀλλ’
1274 3844 1359 3896 ἱνα
1408 3846 1499 3894 καὶ
1571 3838 1732 3898 αὐτῆς
1800 3842 1892 3895 τῆς

280 3951 479 4023 ψυχῆς
552 3949 698 4018 ἡμῶν
776 3948 1107 4018 προτιμῶμεν
1163 3941 1259 3995 τὴν
1330 3933 1402 3994 εἰς
1467 3929 1621 3983 αὐτὸν
1689 3930 1888 3979 πίστιν

284 4040 430 4094 οὕτω
477 4040 568 4088 καὶ
616 4040 705 4086 νῦν
762 4032 939 4104 λέγων,
986 4028 1085 4089 ’ος
1138 4025 1301 4099 ἀφῆκε
1344 4027 1589 4096 γυναῖκα,
1643 4016 1739 4089 οὐχ
1813 4015 1897 4067 ἶνα

288 4127 604 4198 διασπῶμεν
657 4123 831 4182 ἁπλῶς
879 4123 996 4179 τούς
1048 4120 1271 4190 γάμους,
1339 4114 1493 4166 τοῦτό
1550 4126 1730 4181 φησιν,
1793 4101 1897 4155 ἀλλ’

291 4221 383 4272 ἱνα
435 4218 526 4267 καὶ
566 4213 725 4274 αὐτῆς
770 4219 862 4271 τῆς
907 4208 1141 4279 συζύγου
1198 4209 1528 4278 προτιμῶμεν
1574 4201 1666 4249 καὶ
1722 4193 1895 4262 miros,

291 4311 390 4360 καὶ
445 4307 504 4356 τὸ
556 4300 891 4374 Εύαγγέλιον,
948 4301 1039 4351 καὶ
1094 4298 1189 4352 τὴν
1246 4290 1516 4365 βασιλείαν
1587 4294 1679 4341 τοῦ
1741 4291 1896 4337 Θεοῦ.

293 4402 469 4451 Τοῦτο
539 4389 598 4445 δὲ
666 4394 756 4444 καὶ
811 4387 895 4441 ἐπὶ
957 4387 1133 4445 πάσης
1207 4380 1364 4442 ἄλλης
1431 4379 1733 4449 συγγενείας
1809 4375 1900 4424 καὶ

297 4486 643 4543 οἰκειότητος.

375 4576 587 4647 Μάρκος
638 4566 698 4623 δε
746 4572 838 4621 καὶ
882 4569 1092 4625 Λουκᾶς
1135 4563 1476 4633 φανερώτερον
1533 4557 1651 4628 περὶ
1709 4552 1903 4602 τούτων

305 4664 588 4735 ἐκθέμενοι,
691 4662 786 4717 τὴν
882 4648 1389 4707 ἑκατονταπλασίονα
1500 4639 1723 4715 ἀμοιϐὴν
1832 4644 1905 4707 τῷ

310 4760 479 4826 καιρῷ
518 4751 687 4821 τούτῳ
732 4741 1200 4817 ἁποκεκληρώσθαί
1254 4755 1432 4809 φασιν,
1474 4735 1658 4802 ἤγουν,
1697 4735 1769 4797 τῷ
1820 4731 1907 4777 νῦν

316 4842 481 4894 αἰῶνι·
530 4843 627 4897 τὴν
667 4834 727 4890 δε
779 4834 984 4888 αἰώνιον
1048 4830 1206 4893 ζωὴν,
1258 4834 1333 4896 τῷ
1382 4821 1666 4896 ἐρχομένῳ,
1722 4818 1908 4877 εἶτουν,

310 4940 385 5003 τῷ
473 4928 725 5002 μέλλοντι.
813 4917 1350 4977 Ἐκατόνταπλασίονα
1433 4907 1512 4975 δὲ,
1602 4905 1715 4958 ἀντὶ
1796 4908 1912 4969 τοῦ,

308 4990 756 5074 πολλαπλασίονα.
806 5010 957 5065 Οὕτω
998 5011 1100 5081 γὰρ
1150 5006 1226 5077 (ὁ)
1264 4999 1396 5056 εἶπεν
1436 5001 1462 5053 6
1498 5001 1726 5057 Λουκᾶς.
1762 4990 1917 5046 Ἀ)λά

310 5117 424 5171 πῶς
474 5109 535 5160 ἄν
591 5125 671 5168 τις
723 5101 872 5156 λάϐοι
913 5103 1007 5158 τὴν
1053 5092 1475 5150 πολλαπλασίονα
1513 5087 1709 5142 ταύτην
1767 5080 1914 5154 ἀμοι-

315 5197 417 5257 ϐὴν
462 5195 511 5247 ἐν
539 5203 611 5267 τῷ
645 5200 733 5245 νῦν
784 5191 969 5252 αἰῶνι;
1020 5192 1167 5252 Πῶς;
1221 5181 1309 5243 Ὠς
1338 5176 1517 5232 ἔλαϐον
1556 5174 1605 5227 οἱ
1635 5169 1917 5225 ἀπόστολοι

391 5378 435 5414 δ’
464 5376 681 5431 Jerem.
713 5384 873 5434 xvm,
913 5366 967 5434 8,
1000 5367 1085 5421 10.
1162 5364 1211 5398 ⁵ο
1249 5362 1421 5418 Marc.
1461 5372 1522 5420 x,
1550 5352 1640 5409 29.

1930 4483 1977 4537 D

1716 5350 1760 5387 δ¹
1804 5348 1944 5403 Luc.
1966 5358 2129 5412 xvm,
2154 5338 2250 5393 29‘.

1991 3266 2216 3320 Marcus
2237 3265 2435 3317 autem
2464 3256 2695 3314 addidit
2722 3271 2736 3309 :
2766 3254 2842 3307 Et
2886 3252 3136 3320 propter
3179 3238 3540 3312 evangelium
3565 3237 3635 3289 ⁵ο.

1991 3351 2107 3407 hoc
2128 3359 2219 3405 est
2256 3350 2502 3420 propter
2550 3339 3065 3415 praedicationem.
3099 3332 3293 3388 Lucas
3341 3341 3480 3381 vero
3509 3324 3634 3380 ait:

1994 3417 2517 3511 Propter—regnum
2541 3430 2644 3488 Dei
2671 3430 2740 3495 ³1,
2776 3431 2843 3482 ut
2868 3420 3089 3479 scilicet
3116 3417 3265 3475 illud
3311 3427 3637 3483 consequa-

1995 3499 2127 3594 tur:
2162 3499 2681 3598 Quemadmodum
2726 3520 2924 3574 autem
2952 3507 3199 3584 quando
3224 3503 3462 3598 dicebat
3488 3522 3501 3556 :
3532 3499 3643 3565 Qui

1994 3619 2308 3699 perdiderit
2338 3614 2594 3671 animam
2627 3622 2794 3665 suam
2818 3617 2945 3660 mea
2986 3612 3193 3667 causa,
3215 3591 3471 3650 inveniet
3494 3604 3640 3653 eam,

1996 3677 2119 3772 rnon
2147 3711 2261 3766 hoc
2290 3703 2546 3761 dicebat.
2590 3702 2655 3754 ut
2680 3694 2960 3765 nosipsos
2990 3686 3420 3745 interimamus,
3450 3677 3556 3734 sed
3580 3680 3646 3733 ut

1997 3801 2108 3875 ipsi
2150 3797 2331 3854 etiam
2368 3790 2580 3848 animae
2631 3786 2870 3845 nostrae,
2919 3777 3097 3832 ﬁdem
3152 3787 3287 3844 quae
3337 3769 3398 3824 in
3444 3767 3645 3837 ipsum

2598 3874 2603 3875 κ
2748 3874 2751 3875 ν
2995 3863 3031 3875 ..
3258 3858 3364 3875 ΛΜ.
3397 3854 3623 3875 ___,_.A__‘

2000 3854 2089 3948 e‘st
2117 3892 2561 3961 praeponamus,
2591 3874 2675 3930 ita
2704 3874 2762 3927 et
2797 3882 2956 3925 nunc
2977 3863 3175 3919 dicens
3201 3881 3215 3915 :
3251 3858 3364 3927 Qui
3392 3854 3645 3924 relique-

2119 3941 2388 4034 ἔλα-οἵω,
2446 3980 2571 4023 non
2622 3962 2735 4018 hoc
2780 3956 2945 4022 dixit,
3002 3956 3068 4008 ut
3119 3948 3363 4021 nuptias
3416 3941 3649 4014 penitus

2004 4066 2248 4129 dividat,
2283 4058 2392 4116 sed
2436 4059 2503 4112 ut
2524 4051 2640 4125 ipsi
2667 4061 2905 4122 quoque
2936 4037 3179 4111 coniugi
3225 4044 3652 4129 pre—ponamus

2355 4150 2412 4203 et
2469 4116 2867 4209 Evangelium
2915 4136 2973 4188 et
3029 4140 3282 4227 regnum
3513 4116 3653 4217 .Hoc

2006 4206 2209 4305 auterm
2232 4239 2370 4297 etin
2395 4231 2564 4292 omni
2614 4206 2729 4284 alia
2766 4220 3118 4293 cognatione
3145 4217 3202 4271 et
3253 4206 3655 4268 familiaritate

2007 4333 2331 4395 dicendum
2356 4327 2464 4381 est.

2082 4547 2315 4602 Marcus
2362 4542 2651 4611 praeterea
2697 4530 2756 4583 et
2800 4524 2990 4580 Lucas
3040 4512 3418 4573 manifestius
3450 4507 3525 4564 de
3563 4504 3660 4560 his

2014 4600 2343 4693 recitantes,
2364 4600 2731 4692 -centuplam
2751 4607 3201 4669 retributionem
3239 4600 3354 4654 hoc
3368 4684 3380 4693 .
3396 4602 3662 4690 tempore

2016 4719 2263 4797 rependi
2309 4680 2538 4777 dicunt,
2569 4680 2664 4760 ⁸ίῑι
2704 4702 2821 4757 hoc
2866 4693 3157 4797 videlicet.
3206 4684 3455 4797 saculq,’
3477 4680 3664 4797 vittam

2020 4766 2217 4870 auliem
2267 4808 2553 4860 aeternam
2616 4792 2868 4847 venturo
2942 4782 3061 4836 sive
3131 4776 3329 4834 futuro
3408 4771 3476 4833 ⁸³,
3548 4766 3668 4870 Cen

2021 4849 2551 4971 νὲιῗὸξίἶᾶἷ
2570 4883 2675 4971 est,
2715 4872 2878 4971 varie
2934 4862 3342 4971 multiplicata,
3373 4858 3487 4971 aut
3516 4849 3667 4950 mul-

2023 4939 2311 5058 torplura,
2362 4978 2513 5033 sicut
2549 4968 2698 5027 dixit
2735 4966 2942 5058 Lucas:
2995 4953 3108 5058 Sed
3139 4946 3483 5058 quomoda.
3505 4939 3669 4997 varie

2026 5033 2481 5143 mmrtiplicamm
2543 5053 2786 5127 accipiet
2836 5047 2971 5122 quis
3018 5043 3173 5099 hanc
3218 5033 3670 5143 retributionem

2026 5119 2637 5234 {nigraes—enti—saeculo
2660 5119 2689 5201 ἦ
2714 5119 3024 5209 Quomodo
3054 5135 3082 5188 ?
3110 5130 3270 5188 Sicut
3316 5119 3674 5194 acceperunt

2333 5333 2381 5368 ⁵³
2406 5332 2584 5388 Marc.
2615 5339 2668 5382 x.
2703 5325 2791 5380 30.
2823 5317 2964 5373 Luc.
3001 5324 3162 5375 xvm,
3195 5309 3282 5363 30.

1568 5530 1795 5602 Variae
1831 5523 2161 5595 lectiones
2184 5522 2249 5582 et
2277 5518 2482 5579 notae.

394 5644 478 5715 (ιι)
501 5639 598 5696 ’Δν
622 5634 788 5694 addit
813 5637 873 5701 Β.
