4186 6318
283 303 394 358 533
1275 302 1642 358 COMMENT.
1687 303 1754 357 ΙΝ
1794 303 2236 361 ΜΑΤΤΗᾸΞΗΜ.
2282 337 2346 347 -
2385 307 2541 363 CAP.
2585 308 2710 364 XX.
3551 313 3658 369 534

289 430 469 488 θείσας
518 424 740 486 ἐντολάς
794 429 943 497 τρίτη
989 421 1048 476 δε
1093 433 1222 497 ὥρα.
1256 426 1284 482 ἠ
1321 426 1499 482 ἡλικία
1527 435 1626 477 τῶν
1659 425 1883 499 ἐφήϐων·
1927 437 1942 484 1

2001 429 2249 486 infantia
2275 433 2465 488 vocati
2494 439 2629 488 sunt
2669 434 2745 488 ad
2784 434 2943 490 dicta
2981 439 3294 507 praecepta.
3329 437 3518 493 Tertia
3549 453 3653 493 au-

285 517 406 573 ἕκτη
445 513 523 579 δὲ,
563 517 592 572 ἡ
637 523 738 566 τῶν
792 511 1013 587 ἀνδρῶν·
1077 513 1225 571 ἐνάτη
1277 511 1354 574 δὲ,
1404 517 1433 572 ἡ
1482 525 1579 567 τῶν
1619 522 1887 587 γερόντων·

2002 524 2121 574 tem
2153 521 2321 584 hora,
2349 526 2492 576 aetas
2535 522 2928 591 epheborum.
2973 525 3148 579 Sexta
3175 541 3334 591 vero,
3368 526 3649 582 virorum.

287 604 536 663 ἑνδεκάτη
616 601 696 673 δὲ,
767 606 798 662 ἡ
878 612 976 654 τῶν
1060 602 1474 678 βαθυγερόντων,
1550 608 1732 670 εἰτουν,
1793 615 1892 657 τῶν

2005 611 2189 675 Nona,
2225 627 2472 676 senum;
2498 615 2551 666 et
2578 613 2914 678 undecima,
2945 613 3402 686 decrepitorum,
3436 617 3651 686 quibus

288 695 512 766 ἐχόντων
598 692 783 765 βραχύ
876 692 1113 763 λείψανον
1197 698 1392 764 χρόνον
1491 694 1634 754 ζωῆς
1719 693 1894 746 ὑπολε-

1491 694 1634 754 ξωῆς
1719 693 1894 746 ὑπολε-
2003 697 2183 754 breve
2207 703 2298 754 est
2322 700 2617 772 reliquum
2645 702 2774 756 vitae
2802 707 3058 772 tempus.

285 785 571 856 λειμμένον.

361 873 595 937 Ἐξῆλθεν
647 869 735 923 οὖν
778 872 804 923 ὁ
845 873 1068 946 Χριστός
1117 871 1187 932 εἰς
1219 875 1312 929 τὴν
1361 872 1681 943 οἰκουμένην,
1738 880 1890 924 τοῦτο

2072 876 2218 931 Exiit
2237 892 2378 946 ergo
2405 876 2667 932 Christus
2689 878 2746 932 in
2769 877 3086 940 mundum,
3110 885 3233 934 tum
3259 896 3364 951 per
3381 881 3652 952 seipsum

286 968 398 1036 μεν,
451 959 522 1015 δι’
573 961 782 1029 ἑαυτοῦ,
833 968 986 1012 τοῦτο
1041 957 1119 1025 δὲ,
1173 957 1267 1012 διὰ
1303 968 1402 1012 τῶν
1435 959 1757 1025 ἀποστόλων,
1801 966 1890 1014 καὶ

1998 971 2126 1020 tum
2167 981 2271 1037 per
2313 966 2638 1038 apostolos,
2682 982 2903 1038 eosque
2943 973 3336 1038 praeceptores
3379 970 3479 1041 qui
3518 970 3651 1025 illos

287 1049 384 1105 διὰ,
411 1061 509 1104 τῶν
541 1052 650 1123 μετ’
693 1050 880 1111 αὐτοὺς
925 1045 1282 1114 διδασκάλων,
1317 1051 1695 1121 μισθώσασθαι
1738 1047 1891 1122 ἐργά-

1999 1056 2182 1110 secuti
2222 1059 2379 1124 sunt,
2422 1059 2485 1111 ut
2527 1055 2802 1110 mercede
2844 1056 3203 1112 conduceret
3242 1058 3540 1127 Operarios
3588 1059 3651 1113 in

286 1161 381 1202 τας
437 1140 508 1202 εἰς
572 1143 658 1192 τόν
737 1137 1013 1210 ἀμπελῶνα
1074 1138 1251 1204 αὑτοῦ,
1314 1141 1400 1190 τόν
1466 1145 1891 1211 καρποφοροῦντα

1997 1142 2237 1199 vineam
2264 1159 2458 1207 suam,
2492 1159 2628 1215 qua:
2659 1144 2862 1199 botros
2884 1143 3198 1199 fructiﬁcat
3218 1144 3523 1214 virtutum,
3554 1145 3648 1200 lm-

292 1230 526 1303 βότρυας
600 1227 806 1302 ἀρετῶν,
878 1228 1238 1302 εύφραίνοντας
1315 1231 1400 1279 τόν
1487 1223 1884 1292 οἰκοδεσπότην,

1997 1230 2290 1287 tiﬁcantes
2301 1232 2815 1304 patremfamilias,
2834 1235 2937 1306 qui
2960 1232 3247 1288 Dominus
3263 1244 3352 1288 est
3363 1233 3647 1288 universi.

287 1321 376 1368 τὸν
421 1326 509 1378 τῆς
561 1317 858 1388 οἰκουμένης
901 1321 1185 1373 Δεσπότην.
1243 1315 1466 1376 Εἰκότως
1521 1313 1580 1368 δε
1627 1311 1756 1380 εἷπε,
1807 1335 1889 1386 μισ

1998 1320 2196 1376 Merito
2223 1325 2422 1376 autem
2437 1321 2604 1385 dixit,
2639 1329 2705 1376 ut
2725 1322 3386 1378 mercedeconduceret:
3421 1338 3651 1378 merces

284 1408 618 1472 σθώσασθαι,
660 1407 863 1466 Μισθὸς
912 1408 1013 1480 γὰρ
1065 1405 1335 1458 ἀπόκειται
1374 1412 1478 1465 τοῖς
1511 1405 1750 1475 ἐργάταις
1786 1412 1887 1455 τῶν

1998 1410 2158 1464 enim
2189 1411 2451 1482 reposita
2480 1417 2568 1466 est
2601 1416 3040 1482 praeceptorum
3070 1412 3357 1482 operariis
3377 1416 3516 1481 puta
3553 1427 3651 1467 cu-

280 1495 514 1561 ἓντολῶν,
566 1498 595 1552 ἡ
643 1493 865 1547 ἕκάστου
921 1499 1180 1567 σωτηρία,
1249 1497 1455 1552 Ταύτην
1516 1496 1617 1566 γὰρ
1677 1501 1886 1565 νοοῦμεν

1998 1498 2215 1571 jusque
2246 1500 2407 1554 salus
2440 1517 2453 1555 :
2494 1500 2652 1555 hanc
2691 1501 2848 1556 enim
2889 1501 3272 1571 intelligimus
3304 1516 3436 1555 esse
3467 1501 3651 1556 dena-

281 1582 552 1659 δηνάριον.
608 1584 826 1637 Πλάττει
866 1580 924 1636 δὲ
952 1587 1073 1646 τοὺς
1118 1589 1354 1656 πρώτους
1383 1585 1412 1641 ἡ
1457 1581 1723 1657 παραϐολὴ
1764 1601 1887 1654 γογ-

1996 1589 2170 1643 rium.
2205 1588 2436 1658 Effingit
2463 1595 2662 1644 autem
2690 1590 2981 1661 parabola
3006 1592 3232 1660 primos
3264 1606 3649 1645 murmuran-

275 1677 557 1745 γύζοντας,
601 1679 691 1726 καὶ
721 1672 1233 1745 ἐπικομιζομένους,
1268 1673 1374 1744 οὐχ
1416 1673 1496 1724 ὅτι
1548 1670 1595 1722 ἐν
1626 1679 1686 1743 τῇ
1723 1670 1884 1743 βασι-

1997 1681 2100 1742 tes,
2133 1678 2602 1750 impositumque
2655 1678 2766 1733 illis
2810 1677 3109 1733 silentium
3157 1695 3170 1733 :
3217 1693 3338 1734 non
3388 1679 3553 1750 quod
3585 1680 3647 1734 in

273 1763 390 1836 λείᾳ
416 1772 512 1815 τῶν
560 1763 788 1836 οὐρανῶν
837 1764 984 1814 ἔσται
1024 1764 1224 1834 φθόνος·
1267 1761 1311 1813 εἰ
1351 1762 1451 1835 γὰρ
1500 1759 1719 1813 ἐνταῦθα
1747 1763 1926 1835 ὅντεςι

1994 1782 2179 1835 regno
2211 1767 2497 1822 caelorum
2515 1768 2712 1822 futura
2730 1768 2805 1821 sit
2827 1767 3080 1838 invidia;
3101 1783 3240 1822 nam
3261 1768 3308 1822 si
3324 1768 3420 1822 hic
3447 1769 3647 1824 adhuc

276 1853 328 1903 oi
378 1848 580 1904 δίκαιοι
647 1854 734 1912 τὰς
787 1850 978 1903 ἑαυτῶν
1029 1849 1216 1921 ψυχὰς
1271 1851 1399 1925 ὑπὲρ
1453 1857 1552 1901 τῶν
1603 1848 1883 1922 ἀνθρώπων

1993 1855 2253 1910 viventes
2279 1857 2423 1925 justi
2454 1872 2593 1910 suas
2615 1855 2851 1910 animas
2875 1872 2983 1927 pro
3013 1856 3359 1910 hominibus
3389 1863 3641 1927 ponunt,

274 1942 504 2005 τιθέασι,
554 1939 724 2011 πολλῷ
771 1939 960 2012 μᾶλλον
1013 1938 1117 1992 εκεῖ
1160 1941 1372 1999 τούτους
1418 1937 1686 2010 βλέποντες
1720 1937 1885 1998 σωζο-

1992 1944 2180 2000 multo
2207 1944 2398 2013 magis
2425 1943 2527 2011 ibi,
2549 1943 2816 1999 videntes
2835 1959 2938 1999 eos
2960 1944 3158 1998 salvos
3183 1961 3335 2008 esse,
3360 1945 3641 2012 gaudent.

273 2033 461 2102 μένους
525 2034 840 2102 χαίρουσιν.
919 2027 1025 2080 ἀλλ’
1078 2030 1103 2079 ὁ
1171 2035 1408 2088 τοιοῦτος
1480 2027 1882 2099 ἐσχημάτισται

1991 2033 2104 2088 Sed
2158 2035 2272 2087 tale
2320 2033 2644 2101 figuratum
2695 2037 2782 2087 est
2828 2048 3121 2098 murmur,
3175 2033 3644 2105 impositumque

271 2121 603 2191 γογγυσμὸς,
653 2122 742 2172 καὶ
773 2120 802 2177 ἠ
849 2116 1200 2190 ἐπιστόμισις,
1236 2117 1296 2182 εἰ,
1345 2119 1565 2189 ἔμφασιν
1606 2119 1757 2188 μόνον
1787 2123 1884 2176 τῆς

1992 2121 2309 2186 silentium,
2344 2121 2422 2176 ad
2461 2120 2650 2176 solam
2682 2121 3256 2176 demonstrationem
3299 2121 3514 2176 divinae
3545 2123 3645 2177 be-

271 2216 369 2261 τοῦ
428 2215 562 2262 Θεοῦ
600 2212 719 2284 περὶ
765 2212 885 2270 τοὺς
928 2210 1156 2279 ἔσχατον
1211 2209 1664 2280 προσερχομένους
1705 2205 1880 2276 φιλαν-

1991 2210 2294 2280 nignitatis
2356 2225 2499 2279 erga
2558 2225 2663 2264 eos
2730 2210 2833 2281 qui
2893 2211 3177 2280 postremi
3248 2210 3508 2274 veniunt,
3579 2215 3644 2267 ut

275 2299 528 2372 θρωπίας,
579 2299 662 2349 ἵνα
712 2296 993 2372 θαῤῥῶσιν,
1039 2299 1105 2357 ὡς
1150 2293 1301 2348 οὐδὲν
1353 2291 1745 2367 ἐμποδιζούσης
1784 2302 1881 2355 τῆς

1987 2300 2294 2355 conﬁdant
2324 2300 2489 2370 quod
2508 2299 2653 2353 nihil
2670 2298 2782 2352 illis
2804 2298 2997 2354 oberit
3014 2304 3352 2370 postremos
3386 2300 3639 2366 venisse,

275 2389 624 2462 ὑστερήσεως,
667 2389 750 2439 ἐὰν
783 2386 856 2448 εἰς
884 2390 940 2438 τό
968 2385 1086 2448 ἑξῆς
1111 2384 1449 2460 ἐργάζωνται.

1240 2389 1449 2448 ζωνται.
1989 2389 2039 2443 si
2069 2389 2353 2458 deinceps
2393 2387 2621 2458 operati
2653 2386 2890 2442 fuerint.

348 2481 448 2529 Καὶ
511 2478 657 2548 ἡμεῖς
729 2479 858 2548 γὰρ,
931 2477 1052 2527 ὅταν
1131 2477 1247 2527 τινὰ
1316 2473 1504 2534 πολλῆς
1576 2472 1877 2544 ἀξιώσωμεν

2061 2481 2123 2532 Et
2149 2494 2260 2532 nos
2293 2477 2586 2548 siquidem
2621 2476 2722 2530 ubi
2749 2475 3011 2546 aliquem
3039 2476 3226 2530 multo
3257 2476 3485 2544 dignati
3515 2477 3636 2533 fue-

273 2575 454 2638 τιμῆς,
495 2562 605 2618 εἶτα
663 2563 1000 2638 βουληθῶμεν
1068 2562 1291 2635 ἐμφῆναι
1335 2567 1422 2621 τὴν
1474 2565 1666 2622 ταύτης
1721 2563 1878 2634 ὑπερ-

1985 2568 2172 2622 rimus
2191 2567 2435 2630 honore,
2456 2565 2916 2632 etpostmodum
2934 2564 3300 2620 voluerimus
3319 2566 3638 2635 hujusmo—

275 2655 448 2722 ϐολήν,
485 2655 732 2726 εἰώθαμεν
770 2653 953 2725 λέγειν,
1001 2655 1080 2704 ὅτι
1135 2654 1160 2704 ὁ
1191 2648 1336 2704 δεῖνα
1365 2654 1619 2723 ἐγόγγυσε
1651 2646 1743 2703 διὰ
1781 2655 1876 2709 τὴν

1984 2656 2042 2711 di
2097 2655 2574 2724 magnitudinem
2633 2654 3062 2718 demonstrare,
3128 2653 3392 2709 solemus
3442 2654 3637 2710 dicere

271 2746 532 2803 τοσαύτην
593 2749 771 2816 τιμήν.
845 2749 1008 2796 Τοῦτο
1076 2739 1136 2794 δε
1203 2741 1432 2814 λέγομεν,
1512 2740 1606 2792 οῦκ
1691 2739 1875 2792 ἐκεῖνον

1983 2746 2146 2818 quod
2173 2746 2421 2817 quidam
2463 2745 2544 2799 ob
2573 2748 2802 2799 tantum
2841 2744 3122 2798 honorem
3155 2743 3633 2798 murmurabant.

276 2831 652 2904 διαϐάλλοντες,
736 2831 864 2884 ἀλλά
953 2838 1131 2886 τοῦτον
1227 2827 1262 2883 δ
1269 2834 1567 2904 ιεγείροντες
1645 2828 1717 2890 εἰς
1799 2829 1878 2881 εύ-

1985 2837 2104 2890 Ηοο
2153 2840 2352 2889 autem
2402 2833 2656 2887 dicimus
2711 2847 2832 2886 non
2885 2831 3052 2886 illum
3107 2831 3631 2902 reprehendentes,

280 2942 390 2994 χαρ
401 2926 566 2974 ιστίαν
575 2964 585 2976 .

1984 2923 2089 2977 sed
2119 2923 2280 2978 hunc
2313 2923 2389 2976 ad
2430 2921 2754 2990 gratiarum
2786 2919 3081 2974 actionem
3114 2920 3454 2975 excitantes.

358 3015 501 3064 Διατί
552 3006 610 3063 δὲ
650 3010 751 3082 οὐχ
803 3014 933 3082 ὄμοῦ
985 3010 1177 3070 πάντας
1208 3008 1442 3061 ἐκάλεσεν
1487 3007 1560 3071 εἰς
1597 3010 1683 3060 τόν
1717 3006 1872 3079 ἀμπε-

2056 3013 2248 3076 Quare
2301 3015 2500 3066 autem
2565 3025 2684 3064 non
2751 3024 2962 3064 omnes
3031 3008 3212 3064 simul
3272 3010 3507 3064 vocavit
3557 3009 3635 3065 ad

279 3099 450 3168 λῶνα;
493 3103 631 3152 Διότι
677 3099 781 3171 οὐχ
824 3101 956 3172 ὁμοῦ
998 3101 1190 3159 πάντας
1238 3099 1398 3172 εὗρεν.
1446 3093 1733 3152 Ἀδύνατον
1770 3100 1871 3169 γὰρ
1905 3139 1932 3192 C

1981 3101 2217 3156 vineam
2235 3102 2260 3156 ?
2278 3101 2427 3164 Quia
2440 3114 2560 3153 non
2575 3097 2753 3151 simul
2772 3113 2980 3152 omnes
2993 3097 3217 3152 invenit
3232 3116 3244 3164 ;
3260 3097 3632 3169 impossibile

269 3189 406 3240 κατά
463 3191 549 3240 τὸν
595 3188 751 3241 αὐτὸν
797 3189 1084 3263 χρόνον,ὡς
1136 3191 1539 3262 προειρήκαμεν,
1591 3192 1680 3238 καὶ
1738 3186 1922 3238 κατὰ”

1982 3191 2142 3245 enim
2182 3193 2306 3243 erat
2361 3189 2570 3242 eodem
2627 3191 2912 3258 tempore,
2968 3191 3032 3240 ut
3088 3186 3496 3256 praadiximus,
3540 3203 3633 3242 ea-

270 3280 365 3336 τῆν
417 3277 576 3336 αὐτὴν
624 3276 830 3336 ἠλικίαν
880 3279 1073 3339 πάντας
1099 3277 1420 3351 προσελθεῖν.
1471 3280 1598 3328 Τότε
1649 3272 1708 3328 δε
1739 3276 1873 3347 εὑρί-

1981 3278 2238 3349 demque
2257 3281 2426 3331 aetate
2446 3291 2656 3330 omnes
2681 3276 2984 3330 accedere.
3017 3277 3178 3330 Tunc
3204 3279 3404 3330 autem
3419 3291 3631 3330 unum-

270 3385 386 3419 σκει
453 3368 692 3433 ἕκαστον,
766 3367 886 3419 ὃταν
942 3367 1092 3428 οὗτος
1144 3367 1442 3418 ὑπακοῦσαι
1498 3364 1679 3437 μέλλῃ.
1739 3367 1870 3436 φησὶ

1979 3381 2283 3439 quemque
2349 3365 2591 3427 invenit,
2657 3379 2794 3417 cum
2853 3363 2947 3418 ille
3008 3363 3293 3417 obediens
3357 3363 3627 3418 efﬁcitur.

261 3458 368 3530 γὰρ
422 3476 447 3509 ο
511 3455 729 3520 Παῦλος,
779 3455 898 3508 Ὀτε
954 3452 1013 3525 δη
1073 3452 1354 3512 εὐδόκησεν
1403 3455 1428 3506 ό
1488 3452 1747 3526 ἀφορίσας
1808 3473 1871 3525 με

1980 3456 2070 3510 Ait
2115 3455 2273 3510 enim
2314 3453 2529 3508 Paulus
2564 3469 2576 3506 :
2620 3453 2729 3507 Ubi
2759 3468 2892 3508 vero
2925 3452 3293 3521 beneplacuit
3325 3453 3394 3517 ei,
3438 3458 3502 3507 ut
3542 3467 3631 3508 me

262 3547 324 3597 ἑκ
386 3545 584 3607 κοιλίας
658 3550 856 3619 μητρός
923 3561 1051 3617 μου·
1124 3548 1238 3596 τότε
1304 3539 1364 3596 δὴ
1420 3540 1723 3607 εὐδόκησεν,
1788 3544 1871 3594 ὅτε

1978 3549 2286 3614 separaret
2308 3545 2382 3600 ab
2413 3549 2579 3598 utero
2601 3543 2812 3597 matris
2843 3557 2987 3598 mea?
3010 3543 3077 3597 5‘.
3112 3545 3277 3597 Nunc
3305 3546 3504 3596 autem
3531 3542 3629 3596 be-

262 3635 416 3695 οὖτος
473 3634 670 3707 ἔμελλεν
727 3635 1028 3691 ὑπακούειν.
1083 3632 1142 3685 Ἠ
1200 3635 1289 3704 μὶν
1333 3628 1420 3684 οὖν
1477 3630 1745 3705 παραϐολή
1789 3629 1870 3685 δι-

1978 3633 2304 3706 neplacuit,
2333 3632 2580 3704 quando
2601 3632 2696 3686 hic
2719 3631 2995 3686 obedivit.
3023 3634 3199 3686 Docet
3218 3631 3420 3703 itaque
3451 3647 3627 3702 para-

264 3720 479 3793 δάσκει,
528 3728 651 3785 τοὺς
717 3722 766 3776 ἐν
815 3722 1029 3795 ἐσχάτῳ
1091 3727 1234 3794 γήρᾳ
1287 3725 1742 3795 προσερχομένόυς
1794 3726 1864 3794 μὴ

1977 3724 2139 3791 bola,
2180 3738 2254 3777 ne
2293 3738 2396 3777 eos
2428 3722 2528 3793 qui
2569 3725 2836 3775 extrema
2867 3727 3166 3776 senectute
3207 3721 3499 3775 accedunt
3538 3737 3629 3776 re-

260 3812 667 3884 ἆπογινώσκειν,
740 3811 868 3864 ἀλλὰ
939 3815 1230 3884 γινώσκειν.
1311 3811 1391 3862 ὃτι
1480 3806 1702 3862 δυνατόν
1778 3814 1868 3863 καὶ

1979 3811 2324 3884 probemus,
2359 3809 2462 3863 sed
2506 3809 2768 3863 sciamus
2813 3809 2977 3880 quod
3027 3809 3313 3879 possibile
3359 3809 3434 3862 sit
3463 3809 3627 3863 brevi

259 3902 316 3955 ἓν
368 3901 604 3975 βραχείᾳ
654 3898 860 3974 σπουδῇ
913 3902 1162 3959 σωθῆναι.
1214 3905 1377 3952 Τοῦτο
1425 3903 1528 3970 γὴρ
1595 3900 1620 3951 ὁ
1677 3902 1868 3960 ταύτης

1977 3900 2155 3956 etiam
2202 3897 2400 3953 studio
2441 3913 2510 3952 ac
2553 3896 2859 3965 diligentia
2903 3896 3140 3951 salvari.
3188 3897 3286 3951 Hic
3331 3897 3627 3968 siquidem

263 3996 488 4054 σκοπός.
552 3996 666 4065 Χρὴ
723 3987 784 4044 δὲ
817 3990 955 4063 ἡμᾶς
1000 3992 1085 4041 τόν
1117 3992 1312 4040 σκοπὸν
1342 3992 1494 4061 μόνον
1542 3988 1702 4050 αὐτῆς
1755 3986 1868 4060 δρε-

1978 4003 2196 4059 scopus
2240 3987 2368 4057 ejus
2410 3989 2518 4040 est.
2567 3985 2807 4056 Oportet
2837 3990 3037 4040 autem
3085 4000 3219 4049 nos,
3269 3984 3396 4038 solo
3439 3984 3624 4054 ipsius

256 4081 543 4154 ψαμένους,
625 4079 786 4132 τᾶλλα
865 4083 936 4151 μὴ
1003 4078 1468 4151 πολυπραγμονεῖν.
1532 4077 1704 4130 Τᾶλλα
1763 4080 1864 4152 γὰρ

1977 4093 2161 4148 scopo
2200 4075 2417 4147 adepto
2467 4074 2616 4144 (pp),
2667 4079 2880 4128 caetera
2925 4088 3048 4127 non
3097 4072 3564 4143 magnipendere
3609 4089 3621 4127 :

257 4172 436 4222 πάντα
467 4166 562 4221 διὰ
586 4173 671 4222 τὸν
723 4172 915 4221 σκοπὸν
950 4169 1314 4232 συνετέθησαν,
1371 4163 1452 4217 ἶνα
1483 4168 1692 4227 πιθανὸς
1720 4170 1866 4238 favn-

1975 4167 2204 4237 reliqua
2233 4165 2391 4219 enim
2419 4161 2624 4218 omnia
2665 4167 2906 4233 propter
2939 4160 3116 4217 ﬁnale
3147 4162 3437 4216 intentum
3465 4177 3623 4216 com-

256 4279 371 4312 ται,
432 4263 521 4311 καὶ
571 4258 663 4310 ούκ
704 4253 976 4311 ἀκίνδυνον
1024 4259 1082 4309 τό
1130 4262 1220 4308 καὶ
1265 4262 1382 4328 περὶ
1425 4258 1618 4307 τούτων
1668 4257 1862 4325 ζητεῖν,

1975 4255 2168 4327 posita
2203 4257 2360 4319 sunt,
2397 4257 2458 4306 ut
2487 4250 2717 4306 facilius
2745 4250 3106 4321 excipiatur;
3139 4265 3333 4320 neque
3365 4249 3624 4320 periculo

258 4353 333 4411 ὡς
377 4350 403 4399 ό
442 4351 814 4421 Χρυσόστομος
858 4346 905 4398 ἐν
947 4353 1020 4415 τῷ
1072 4346 1148 4415 (7)
1201 4350 1324 4417 Περὶ
1371 4344 1675 4416 παραϐολῶν
1715 4365 1866 4414 κεφα-

1975 4350 2169 4408 vacat,
2185 4343 2360 4397 etiam
2376 4340 2474 4395 illa
2493 4339 2762 4408 scrutari,
2781 4339 2961 4395 veluti
2975 4339 3155 4395 tradit
3169 4340 3622 4410 Chrysostomus

256 4439 391 4508 λαίῳ
431 4434 825 4512 παραδέδωκεν.
1898 4494 1909 4512 1

1898 4494 1941 4512 n
1976 4434 2164 4502 capite
2199 4431 2272 4484 de
2303 4429 2629 4499 parabolis.

339 4494 546 4599 [ἰἺοοῖτο
593 4526 670 4598 (8)
723 4523 773 4577 δ’
806 4526 867 4576 ἄν
909 4524 1067 4597 βὰρός
1108 4530 1196 4576 καί
1225 4526 1432 4576 καύσων
1461 4531 1556 4584 τῆς
1585 4525 1777 4597 ἡμέρας
1808 4527 1865 4576 τὸ
1898 4494 1943 4546 D

2046 4494 2365 4589 ilntelligi
2415 4522 2608 4589 potest
2653 4517 2892 4589 pondus
2934 4521 2990 4571 et
3033 4522 3211 4572 aestus
3261 4517 3397 4580 diei,
3430 4517 3625 4586 gravi-

262 4615 436 4690 βάρο;
496 4623 595 4667 τῶν
660 4622 965 4688 πειρασμῶν
1008 4618 1097 4667 καὶ
1152 4616 1211 4664 τό
1263 4620 1365 4685 πῦρ
1414 4619 1513 4662 τῶν
1567 4610 1864 4663 ἀτιθάσσων

1976 4614 2067 4664 tas
2097 4608 2509 4671 tentationum,
2539 4613 2594 4660 et
2619 4606 2773 4675 ignis
2797 4607 3221 4660 indomitarum
3251 4606 3624 4676 voluptatum

265 4702 468 4762 ἡδονῶν
524 4709 612 4756 καὶ
668 4702 860 4775 ἀγρίων
908 4705 1107 4768 παθῶν,
1166 4701 1294 4773 ἅπερ
1336 4698 1653 4765 ἐϐάστασαν,
1705 4702 1864 4751 εἰτουν

1977 4714 2047 4754 ac
2100 4697 2381 4752 ferocium
2434 4695 2816 4749 affectionum
2864 4710 3016 4764 quas
3063 4699 3449 4764 portaverunt
3502 4695 3623 4750 sive

269 4795 565 4864 ὑπέμειναν,
597 4797 668 4865 μὴ
704 4789 931 4852 ἐνδόντες
961 4789 1186 4862 αύτοῖς,]

1979 4788 2411 4852 sustinuerunt,
2443 4799 2518 4839 ne
2547 4783 2624 4838 ab
2654 4783 2738 4838 eis
2765 4782 3160 4836 vincerentur.

344 4972 393 5006 “
425 4969 614 5026 Galat.
653 4975 700 5035 l,
737 4974 821 5025 l5.

1496 5069 1724 5138 Variae
1754 5069 2082 5138 lectiones
2114 5079 2181 5137 et
2217 5077 2399 5136 notae

336 5273 418 5346 (7)
449 5271 739 5346 Multoties
755 5269 947 5346 dehis
965 5267 1233 5346 praecipit
1257 5265 1867 5346 Chrysostomus;_8ed
1973 5266 2124 5346 487.‘
2162 5337 2184 5346 _
2265 5335 2280 5346 _
2519 5334 2537 5346 .
2693 5337 2704 5346 ι
2923 5333 2940 5346 _
3005 5333 3022 5346 ἱ
3089 5336 3100 5346 _
3137 5333 3149 5346 _
3402 5333 3414 5344 ο

263 5333 642 5416 Euthymius,
671 5347 738 5398 ut
756 5333 1001 5407 videtur,
1033 5340 1090 5396 in
1112 5333 1308 5396 mente
1337 5333 1567 5407 habuit,
1592 5341 1637 5394 t.
1669 5337 1780 5407 VII,
1801 5353 1862 5411 p.
2047 5338 2130 5409 (8)
2162 5335 2398 5393 Inclusa
2426 5334 2617 5392 codex
2646 5337 2895 5408 uterque
2923 5333 3106 5392 habet
3133 5333 3196 5390 in
3226 5333 3516 5406 margine.

341 5503 468 5575 (pp)
488 5504 677 5572 Scopa
690 5501 916 5573 adepto.
941 5497 1146 5575 S_olu_m
1164 5499 1292 5569 ejus
1315 5512 1567 5575 scopum
1589 5511 1871 5575 consecu-
1981 5516 1994 5548 ι

1981 5498 2172 5575 σκοπὸν
2218 5490 2537 5575 δρέπεσθαι..
2572 5494 2640 5575 In
2695 5497 2955 5575 mentem
3010 5492 3309 5575 veniebat,
3357 5492 3468 5575 etsi
3506 5506 3629 5547 non

265 5563 380 5633 tos'.
407 5563 582 5630 'F'orte
601 5563 785 5629 etiam
801 5563 926 5643 ‘pro
959 5563 1309 5643 θρεψαμένους
1338 5563 1496 5643 aliud
1521 5569 1746 5643 invenit
1771 5583 1871 5623 vo-

1982 5567 2124 5643 satis
2154 5563 2459 5643 probatur,
2505 5563 2876 5638 δραξαμένους,
2916 5564 3077 5643 quod
3120 5569 3322 5643 tamen
3352 5564 3629 5635 frequen-

269 5646 579 5704 cabulum.
607 5648 769 5702 Certe
794 5635 1075 5716 equidem
1099 5635 1222 5698 non
1241 5641 1488 5697 memini
1513 5639 1655 5695 alibi
1677 5639 1871 5710 legere
1978 5639 2095 5695 tius
2127 5635 2457 5708 genitivum
2495 5635 2686 5710 quam
2710 5635 3114 5693 accusativum
3142 5635 3346 5691 habet.
