4186 6318
509 289 616 345 535

1830 272 2183 333 EUTHYMII
2217 271 2553 331 ZIGABENI

3775 274 3890 331 536

584 416 743 469 Vers.
779 413 865 466 1'5.
893 410 959 465 Si
1003 439 1071 449 —
1117 423 1267 464 sum.
1319 405 1506 473 Quod,
1546 422 1654 477 pro
1703 405 1825 472 sed,
1852 403 1948 458 hic
1978 399 2169 455 sumi-

2348 398 2411 453 Εἰ
2444 429 2513 438 -
2570 398 2714 470 ἐὶμις
2764 400 2833 451 Τὸ
2882 400 2980 464 ὅτι,
3035 397 3149 452 ἀντὶ
3200 406 3314 463 τοῦ,
3372 399 3450 469 (9)
3502 398 3650 454 ἀλλά.
3726 405 3892 471 Λέγει

512 511 622 558 tur.
658 500 926 555 Aitenim
954 515 965 551 :
1000 498 1055 553 Si
1077 497 1284 551 oculus
1318 502 1455 551 tuus
1478 494 1716 550 invidus
1739 498 1845 557 est,
1870 490 2032 563 atqui
2056 505 2166 561 ego

509 593 705 647 bonus
737 606 891 657 sum,
926 602 1172 642 servans
1202 593 1258 641 et
1303 592 1353 641 te
1394 590 1453 640 et
1489 585 1675 639 illum.
1708 586 1790 637 'l‘u
1820 597 1958 636 vero
1991 596 2065 635 ne
2097 594 2168 634 ex

512 680 627 736 hoc
655 678 910 734 turberis
936 675 1111 747 quasi
1137 674 1398 746 aequalia
1416 674 1632 728 dentur
1650 672 1861 727 bravia
1888 670 1980 724 his
2006 668 2109 741 qui
2134 683 2169 723 a

514 768 712 840 prima
745 769 917 821 aetate
963 779 1152 835 usque
1193 762 1269 817 ad
1307 762 1487 817 ﬁnem
1529 760 1873 830 evangelica
1901 773 2169 813 servave-

512 859 652 912 runt
693 856 1017 926 praecepta,
1060 856 1117 906 et
1152 851 1246 906 his
1286 850 1389 921 qui
1428 852 1488 905 in
1532 854 1836 921 postrema
1872 851 2042 902 aetate
2079 860 2173 901 ac-

513 945 893 1017 quieverunt.
955 941 1157 997 Solum
1205 941 1363 996 enim
1416 939 1617 995 docuit
1668 937 1960 1011 parabola
2006 935 2173 1007 quod

514 1033 821 1105 aequaliter
865 1030 1013 1086 salvi
1064 1031 1235 1093 ﬁunt,
1284 1044 1407 1085 non
1446 1028 1612 1101 quod
1651 1028 1828 1083 etiam
1871 1025 2174 1099 aequaliter

516 1120 947 1191 gloriﬁcantur,
977 1118 1141 1174 salus
1172 1118 1469 1189 siquidcm
1493 1122 1583 1173 est
1606 1132 1728 1171 non
1750 1115 1961 1188 perire,
1986 1114 2176 1183 gloria

516 1225 657 1265 vero
688 1208 973 1279 consequi
998 1207 1204 1262 bravia
1229 1224 1365 1278 quae
1393 1206 1557 1262 varia
1584 1210 1721 1261 sunt
1735 1207 1904 1276 juxta
1931 1218 2174 1276 propor-

519 1298 746 1352 tionem
777 1298 918 1351 data
942 1296 1037 1351 his
1067 1296 1169 1367 qui
1206 1300 1531 1351 servantur.

589 1389 747 1440 Vers.
796 1387 883 1440 16.
935 1385 1025 1440 Sic
1072 1416 1141 1423 —
1192 1384 1509 1439 novissimi.
1564 1387 1688 1438 Non
1736 1384 1851 1437 hoc
1899 1400 1968 1436 ex
2009 1398 2179 1453 para-

521 1476 663 1531 bola
716 1474 1043 1538 conclusit;
1089 1488 1229 1527 nam
1284 1473 1673 1542 impertinens
1725 1478 1831 1526 est.
1884 1471 1966 1526 lbi
2020 1472 2178 1526 enim

528 1563 739 1634 primis
765 1562 1028 1633 aequales
1058 1566 1195 1615 sunt
1220 1561 1524 1632 postremi,
1550 1560 1647 1615 hic
1674 1566 1872 1615 autem
1897 1560 2183 1631 postremi

516 1651 798 1708 dicuntur
830 1652 1022 1721 primi.
1070 1650 1184 1706 Sed
1233 1650 1378 1705 alius
1428 1655 1519 1706 est
1562 1650 1658 1706 hic
1708 1666 1926 1713 sermo,
1958 1650 2180 1708 docens

518 1739 683 1812 quod
739 1738 888 1793 sicut
934 1738 1081 1793 illud
1133 1737 1370 1802 accidit,
1402 1745 1468 1794 ut
1516 1739 1621 1810 qui
1676 1755 1711 1794 a
1760 1739 1956 1810 prima
2012 1744 2177 1794 aetate
2208 1741 2248 1793 B

517 1827 748 1900 operati
790 1832 947 1891 sunt,
1002 1826 1299 1897 aequalem
1360 1826 1657 1897 accipiant
1712 1827 2049 1882 mercedem
2089 1827 2179 1882 his

518 1918 620 1989 qui
650 1917 707 1971 in
738 1921 1044 1987 postrema
1070 1918 1512 1987 acquieverunt,
1539 1917 1619 1972 ita
1646 1932 1791 1971 sane
1814 1922 1869 1971 et
1898 1917 2013 1972 hoc
2044 1932 2181 1971 con-

522 2006 710 2074 tingit,
739 2011 799 2059 ut
818 2004 1132 2061 novissimi
1146 2010 1479 2076 appareant
1497 2005 1693 2075 primi,
1715 2011 1770 2059 et
1790 2005 1965 2077 primi
1988 2005 2182 2060 novis-

530 2093 686 2149 simi.
720 2092 977 2148 Possunt
1008 2096 1211 2148 autem
1256 2092 1318 2148 hi
1361 2108 1489 2148 esse
1521 2092 1831 2148 Christiani
1861 2099 1918 2148 et
1946 2093 2177 2158 Judaei;

529 2186 633 2238 aut
675 2180 946 2236 ﬁdelium
1002 2180 1255 2253 quidam
1315 2181 1377 2236 in
1432 2181 1741 2254 principiis
1792 2182 2181 2252 negligentes,

528 2270 926 2344 postmodum
966 2286 1108 2326 vero
1158 2272 1310 2326 serio
1353 2287 1601 2343 operam
1652 2271 1899 2338 dantes;
1932 2272 2184 2344 quidam

529 2364 733 2417 autem
776 2360 839 2414 in
882 2359 1189 2431 principiis
1231 2360 1562 2429 diligentes,
1616 2362 2005 2431 postmodum
2045 2378 2185 2418 vero

530 2449 936 2518 negligentes;
988 2464 1182 2521 neque
1227 2450 1389 2504 enim
1436 2449 1497 2505 in
1545 2448 1663 2503 ﬁde
1712 2449 1927 2515 solum,
1976 2451 2081 2507 sed
2124 2459 2185 2507 tn

554 2537 679 2595 vita
711 2553 955 2609 quoque
990 2538 1141 2594 ﬁunt
1186 2538 1538 2609 hujusmodi
1578 2540 1879 2595 transitus.

601 2627 766 2681 Vers.
801 2631 883 2681 16.
912 2627 1092 2681 Multi
1124 2657 1191 2667 —
1221 2628 1407 2683 electi.
1438 2627 1595 2684 Multi
1624 2628 1869 2699 quidem
1896 2629 1973 2685 ad
2003 2628 2187 2686 ﬁdem

530 2714 727 2770 vocati
763 2719 919 2779 sunt,
953 2714 1132 2785 pauci
1159 2732 1296 2771 vero
1327 2716 1735 2787 acquiescunt.

606 2804 770 2856 Vers.
807 2802 892 2855 17.
943 2804 1023 2856 Et
1066 2833 1132 2842 —
1181 2805 1340 2857 Vers.
1390 2806 1477 2858 19.
1529 2805 1942 2873 ενιιρίβθαίιιν.
1976 2811 2189 2862 Ascen-

534 2890 684 2945 dens
701 2889 827 2959 jam
852 2889 930 2943 ad
956 2890 1304 2945 Passionem
1330 2906 1569 2947 rursum
1596 2893 1862 2963 praedicit
1882 2895 2191 2966 discipulis

536 2994 670 3050 quae
702 2977 970 3033 futurum
1000 2982 1092 3033 est
1122 2984 1184 3033 ut
1214 2979 1323 3049 ipsi
1354 2980 1720 3049 contingant,
1754 2987 1815 3037 ut
1843 2983 2051 3039 crebro
2083 2984 2194 3039 illis

535 3065 921 3140 praedicendo
950 3066 1178 3122 auferat
1205 3068 1613 3125 vehementem
1641 3085 1845 3126 eorum
1876 3073 2192 3128 tristitiam.

541 3156 802 3212 Seorsim
835 3159 1034 3210 autem
1066 3155 1141 3209 de
1185 3155 1279 3210 his
1310 3156 1548 3212 disserit
1580 3156 1712 3223 illis,
1748 3159 2044 3229 siquidem
2074 3176 2195 3216 non

538 3244 759 3300 multos
790 3243 919 3299 haec
941 3243 1089 3298 scire
1118 3244 1435 3314 oportebat
1463 3260 1535 3300 ne
1557 3245 2018 3304 offenderentur.
2046 3252 2195 3307 Nam

539 3333 587 3394 si
610 3333 741 3388 haec
768 3332 1075 3388 audientes
1108 3332 1384 3405 discipuli
1414 3334 1826 3402 turbabantur,
1854 3338 2041 3394 multo
2073 3356 2197 3397 ma-

540 3422 630 3491 gis
664 3420 873 3476 turbae.

614 3512 728 3566 Cur
757 3524 898 3578 ergo
924 3524 1049 3564 non
1096 3509 1322 3565 dictum
1368 3515 1455 3566 est
1497 3510 1572 3566 de
1617 3513 1710 3567 his
1757 3517 1813 3569 et
1839 3514 1916 3569 ad
1947 3514 2196 3570 turbas?

542 3596 774 3652 Dictum
813 3600 897 3649 est
922 3596 1188 3666 quidem,
1218 3597 1322 3651 sed
1370 3613 1495 3652 non
1540 3599 1850 3655 manifeste
1882 3619 1894 3655 :
1924 3600 2021 3658 Sic
2060 3604 2192 3668 erit,

540 3683 754 3754 inquit,
786 3682 970 3737 Filius
999 3684 1251 3739 hominis
1276 3684 1340 3740 in
1371 3686 1549 3741 corde
1573 3693 1748 3743 terra
1779 3690 1967 3744 tribus
1997 3690 2197 3747 diebus

543 3778 599 3828 et
631 3772 819 3826 tribus
850 3773 1115 3827 noctibus
1157 3774 1204 3807 ⁸⁵
1230 3790 1245 3840 ;
1278 3778 1335 3830 et
1371 3775 1512 3831 alibi
1558 3776 1778 3831 similia
1808 3776 1919 3832 illis
1945 3779 2199 3835 obscure

542 3859 798 3925 dicebat,
835 3860 985 3915 sicut
1022 3861 1084 3916 in
1133 3864 1519 3934 sequentibus
1561 3865 1953 3922 inveniemus.
1984 3870 2198 3924 Verum

543 3966 683 4006 cum
706 3950 837 4005 haec
866 3966 989 4005 non
1012 3952 1428 4021 intelligerent,
1456 3971 1642 4026 quare
1674 3957 1920 4012 omnino
1950 3974 2020 4012 ea
2046 3959 2200 4015 dice-

542 4038 650 4093 bat
688 4037 844 4092 illis?
896 4041 965 4092 Ut
1016 4055 1156 4093 cum
1204 4042 1594 4110 postmodum
1643 4059 1713 4099 ea
1752 4051 2199 4115 cognoscerent,

548 4126 769 4181 scirent
797 4126 964 4194 quod
1009 4141 1146 4196 quae
1197 4142 1489 4196 passurus
1540 4136 1665 4184 erat
1692 4140 2199 4204 praecognoverat,

548 4217 606 4268 et
629 4211 960 4266 voluntarie
992 4212 1070 4267 ad
1100 4213 1443 4283 passionem
1474 4223 1737 4273 venerat.

621 4299 736 4355 Sed
765 4313 958 4369 neque
987 4299 1298 4372 discipulis
1350 4302 1639 4377 principio
1670 4308 2099 4378 particulariter
2127 4312 2201 4369 de

2275 489 2397 559 γὰρ,
2453 489 2533 539 ὅτι
2565 487 2680 540 Ἐὰν
2726 488 2751 538 ό
2801 486 3057 559 ὀφθαλμός
3109 507 3201 539 σου
3249 487 3515 560 βάσκανός
3558 491 3719 560 ἐστιν,
3779 488 3892 541 ἀλλ’

2277 573 2364 628 οὖν
2417 575 2516 648 ἐγὼ
2556 575 2753 648 ἀγαθός
2788 576 2913 648 εἰμι,
2971 577 3150 638 σώζων
3189 580 3279 648 μεν
3328 582 3417 630 καὶ
3469 577 3545 643 σὲ,
3589 578 3772 639 σώζων
3824 576 3891 631 δὲ

2276 669 2365 717 καὶ
2408 673 2609 721 τοῦτον.
2665 669 2731 717 Σὺ
2787 662 2847 718 δι
2898 658 2971 738 μὴ
3021 665 3312 741 θορυϐηθῇς
3356 664 3600 733 ἐντεῦθεν,
3643 670 3713 729 ὡς
3748 671 3888 720 ἴσων

2280 753 2538 827 βραϐείων
2585 758 2953 829 παρεχομένων
3007 760 3097 808 καὶ
3145 761 3254 816 τοῖς
3302 754 3357 807 ἐκ
3409 762 3614 830 πρώτης
3670 757 3890 820 ἡλικίας

2279 842 2413 918 ἃχρι
2459 843 2631 905 τελους
2684 843 3053 917 ἐργασαμένοις
3105 843 3195 906 τᾶς
3252 844 3590 917 εὐαγγελικὰς
3654 845 3883 919 ἐντολαδ,

2279 937 2368 985 καὶ
2397 929 2506 994 τοῖς
2537 932 2585 984 ἐν
2615 930 2830 1005 ἐσχάτῳ
2857 939 3000 1007 γήρᾳ
3038 932 3481 1009 εὐαρεστήσασιν.
3522 934 3580 988 Η¹
3607 934 3883 1010 παραϐολὴ

2279 1024 2381 1095 γὰρ
2429 1025 2581 1093 μόνον
2631 1017 2889 1088 ἐδίδαξεν,
2922 1024 3002 1075 ὅτι
3037 1021 3222 1084 ἐπίσης
3257 1023 3535 1089 σώζονται,
3576 1023 3636 1076 οὐ
3666 1029 3769 1097 μὴν
3799 1026 3883 1078 ὅτε

2281 1114 2371 1161 καὶ
2439 1108 2623 1170 ἐπίσης
2680 1106 3013 1173 δοξάζονται.
3077 1116 3317 1186 Σωτηρία
3370 1113 3460 1183 μὶν
3513 1114 3637 1186 γὰρ,
3693 1116 3752 1166 τό
3808 1117 3882 1186 μὴ

2285 1197 2588 1250 ἀπολέσθαιο
2646 1195 2779 1261 δόξα
2808 1196 2887 1264 δὲ,
2934 1202 2992 1251 τό
3038 1207 3221 1271 τυχεῖν
3263 1199 3538 1275 βραϐείων,
3591 1201 3627 1253 ὀί
3654 1198 3893 1276 διάφορά

2286 1287 2388 1339 εἰσι
2418 1290 2553 1339 κατὰ
2581 1286 2856 1358 ἀναλογίαν
2886 1284 3142 1360 διδόμενα
3170 1296 3278 1351 τοῖς
3311 1290 3639 1362 σωζομένοις.

2358 1376 2537 1438 Οὕτως
2588 1406 2657 1417 —
2695 1379 2935 1448 ἔσχατοι.
2987 1377 3097 1429 Οὐκ
3153 1377 3209 1430 ἐκ
3253 1387 3344 1439 τῆς
3379 1378 3677 1452 παραϐολῆς
3732 1390 3893 1434 τοῦτο

2288 1469 2639 1539 συνεπέρανεν⁸
2684 1463 2932 1518 ἀνοίκειον
2969 1467 3092 1540 γὰρ·
3150 1462 3291 1519 διότι
3332 1466 3434 1520 ἐκεῖ
3617 1471 3727 1521 ἶσοι
3771 1471 3893 1544 (10)

2286 1560 2395 1614 τοῖς
2442 1559 2671 1628 πρώτοις
2728 1556 2777 1606 οἱ
2832 1556 3076 1625 ἔσχατοι·
3136 1554 3360 1608 ἐνταῦθα
3424 1552 3483 1609 δὲ
3549 1558 3597 1609 οἱ
3660 1560 3893 1630 ἔσχατοι

2286 1650 2504 1715 πρῶτοι.
2560 1641 2665 1695 ἀλλ’
2717 1644 2883 1716 ἔτερος
2934 1639 3083 1706 οὗτος
3148 1645 3174 1696 ὁ
3220 1644 3391 1716 λόγος,
3449 1641 3744 1713 διδάσκων,
3809 1651 3895 1701 ὅτι

2288 1731 2460 1805 ὥσπερ
2518 1730 2676 1784 ἐκεῖνο
2729 1736 2948 1803 γίνεται,
3001 1736 3061 1784 τὸ
3116 1740 3223 1793 τοῖς
3280 1732 3335 1786 ἐκ
3396 1739 3607 1807 πρώτης
3682 1736 3893 1798 ἡλικίας

2289 1818 2659 1893 ἐργασαμένοις
2732 1817 2842 1873 ἴσον
2901 1824 3091 1893 μισθόν
3159 1820 3331 1875 λαϐεῖν
3388 1827 3503 1884 τοὺς
3564 1822 3611 1874 ἐν
3670 1824 3893 1899 ἐσχάτῳ

2287 1914 2430 1982 γήρᾳ
2476 1910 2945 1985 εὐαρεστήσαντας,
2997 1911 3160 1974 οὕτως
3206 1913 3311 1987 ἄρα
3352 1917 3440 1965 καὶ
3477 1920 3628 1966 τοῦτο
3666 1919 3891 1986 γίνεται,

2289 2001 2348 2051 τό
2396 2001 2518 2060 τοὺς
2567 1997 2829 2070 ἐσχάτους
2872 2006 3111 2073 πρώτους
3153 2008 3396 2073 φανῆναι,
3448 2005 3539 2055 καὶ
3584 2006 3702 2065 τοὺς
3752 2012 3897 2064 πρῶ-

2290 2106 2407 2148 τους
2464 2085 2746 2158 ἐσχάτους.
2809 2084 2918 2140 Εἶεν
2975 2083 3025 2140 δ’
3092 2087 3152 2140 ἆν
3204 2098 3253 2141 οἰ
3306 2109 3362 2142 τε
3412 2097 3745 2165 Χριστιανοὶ,
3804 2098 3897 2147 καὶ

2292 2178 2341 2229 οἱ
2390 2172 2663 2244 Ἰουδαῖοι,
2715 2181 2805 2229 καὶ
2838 2185 2939 2229 τῶν
2985 2185 3187 2230 πιστῶν
3234 2178 3284 2231 οί
3318 2177 3372 2242 ἕξ
3408 2177 3586 2252 ἀρχῆς
3627 2184 3718 2253 μεν
3770 2180 3898 2255 ἆμε-

2291 2264 2562 2333 λήσαντες,
2607 2264 2822 2339 ὕστερον
2871 2263 2931 2320 δὲ
2979 2262 3398 2333 σπουδάσαντες,
3446 2272 3533 2321 καὶ
3562 2271 3613 2321 οἱ
3664 2268 3714 2322 ἐν
3746 2270 3893 2346 ἀρχῇ

2294 2357 2383 2427 μεν
2437 2350 2847 2426 σπουδάσαντες,
2904 2353 3118 2431 ὓστερον
3155 2352 3215 2409 δὲ
3261 2354 3633 2430 ἀμελήσαντες.
3675 2366 3752 2413 Ou
3791 2363 3895 2437 γὰρ

2295 2442 2379 2496 ἰπὶ
2422 2447 2648 2505 πίστεως
2693 2448 2868 2516 μόνον,
2918 2443 3047 2497 ἀλλὰ
3096 2451 3186 2499 καὶ
3234 2446 3319 2498 ἐπὶ
3370 2444 3495 2520 βίου
3551 2450 3607 2501 αἱ
3657 2456 3899 2504 τοιαῦται

2297 2533 2347 2605 (1
2362 2531 2410 2603 1)
2441 2531 2722 2605 μεταϐολαί
2734 2576 2749 2590 .

2368 2620 2554 2674 Πολλοὶ
2620 2653 2691 2663 -
2753 2621 3007 2680 ἑκλεκτοί.
3083 2622 3269 2678 Πολλοὶ
3324 2625 3434 2697 μέν,
3487 2629 3536 2679 οἱ
3589 2627 3902 2700 καλούμενοι

2299 2710 2371 2772 εἰς
2396 2715 2491 2769 τὴν
2521 2714 2723 2764 πίστιν*
2756 2710 2924 2784 ὀλίγοι
2953 2708 3034 2782 δὲ,
3059 2714 3110 2765 οί
3138 2713 3540 2786 εὐαρεστοῡντες.

2373 2802 2469 2852 Καὶ
2525 2830 2595 2839 -
2652 2810 2975 2873 σταυρῶσαι.
3029 2799 3400 2876 Ἀνερχόδενος
3456 2803 3536 2856 ἐπὶ
3595 2806 3651 2856 τὸ
3714 2807 3895 2867 Πάθος

2301 2884 2431 2953 ἤδη,
2509 2887 2664 2940 πάλιν
2737 2888 2972 2962 προλέγει
3034 2898 3139 2952 τοῖς
3195 2893 3461 2964 μαθηταῖς
3524 2896 3588 2945 τὰ
3654 2892 3897 2965 μέλλοντα

2304 2976 2440 3046 αὐτῷ
2496 2975 2820 3049 συμϐαίνειν,
2871 2976 2920 3030 ἓν
2973 2987 3047 3051 τῷ
3095 2989 3300 3043 πυκνῶς
3337 2989 3506 3034 ταῦτα
3550 2980 3812 3056 προλέγειν
3842 2985 3903 3034 τὸ

2236 3093 2275 3147 C
2303 3064 2432 3117 πολὺ
2484 3074 2580 3127 τῆς
2625 3065 2794 3129 λύπης
2844 3066 3012 3120 αὐτῶν
3066 3069 3487 3143 ὑποτεμνόμενος.
3543 3067 3801 3124 Κατιδίαν
3849 3068 3911 3124 δε

2304 3153 2477 3213 αὐτοῖς
2524 3158 2641 3228 περὶ
2691 3157 2883 3207 τούτων
2937 3156 3048 3229 (l2)
3100 3153 3417 3230 διαλέγεται,
3473 3156 3616 3213 διότι
3656 3160 3750 3213 οὐκ
3799 3157 3912 3213 ἔδει

2304 3249 2472 3295 ταῦτα
2516 3244 2698 3314 μαθεῖν
2740 3248 2862 3307 τοὺς
2904 3245 3137 3311 πολλοὺς,
3192 3244 3278 3299 ἳνα
3304 3254 3377 3319 μὴ
3422 3245 3909 3305 σκανδαλισθῶσιν.

2305 3330 2367 3383 Εἰ
2390 3333 2491 3404 γὰρ
2519 3334 2567 3384 οἱ
2591 3334 2826 3403 μαθηταὶ
2849 3340 3016 3386 ταῦτα
3044 3332 3315 3397 ἀκούοντες
3344 3334 3704 3409 ἐθορυϐοῦντο,
3736 3337 3910 3409 πολλῷ

2305 3419 2495 3492 μᾶλλον
2526 3422 2574 3473 οἱ
2600 3420 2773 3492 ὄχλοι.

2375 3511 2439 3564 Τί
2494 3505 2583 3562 οὖν
2644 3509 2738 3562 οὐκ
2794 3509 2981 3582 ἐλέχθη
3036 3517 3154 3586 περὶ
3209 3516 3399 3566 τούτων
3456 3518 3546 3567 καὶ
3600 3519 3728 3589 πρός
3784 3520 3913 3578 τοὺς

2305 3596 2526 3659 πολλούς
2550 3616 2566 3668 ς
2615 3598 2836 3670 Ἐλέχθη
2877 3603 2986 3672 μὲν,
3022 3599 3124 3652 ἀλλ’
3171 3600 3277 3674 οὐχ
3327 3603 3459 3656 οὕτω
3511 3613 3699 3676 σαφῶς,
3749 3609 3908 3657 Οὕτω

2304 3688 2429 3758 γὰρ.
2489 3691 2670 3758 φησὶν,
2730 3690 2877 3740 ἔσται
2932 3688 3021 3741 καὶ
3085 3691 3110 3742 ὁ
3188 3694 3310 3752 Υἱός
3360 3700 3453 3744 τοῦ
3524 3691 3794 3768 ἀνθρώπου
3854 3701 3908 3751 ἓν

2306 3784 2369 3848 τῇ
2428 3773 2626 3850 καρδίᾳ
2694 3785 2785 3838 τῆς
2853 3787 2954 3850 γῆς
3026 3786 3159 3851 τρεῖς
3214 3782 3406 3855 ἡμέρας
3480 3788 3571 3835 καὶ
3623 3792 3758 3859 τρεῖς
3818 3791 3911 3839 νό-

2307 3884 2453 3925 χτας.
2512 3869 2611 3917 Καὶ
2667 3864 2901 3938 ἀλλαχοῦ
2955 3863 3014 3919 δὲ
3067 3876 3285 3921 τοιαῦτα
3333 3875 3462 3942 πρὸς
3521 3872 3712 3936 αὐτοὺς
3770 3873 3912 3929 εἶπεν

2311 3952 2544 4026 ἀσαφῶς,
2579 3957 2648 4016 ὡς
2693 3960 2956 4029 προϊόντες
3001 3958 3305 4032 εὑρήσομεν.
3354 3959 3463 4013 Καὶ
3513 3960 3616 4014 ἐπεὶ
3672 3964 3732 4015 οὐ
3786 3985 3916 4018 συν-

2314 4047 2457 4096 ίεσαν
2511 4042 2663 4113 αὐτὰ,
2713 4040 2860 4097 διατί
2907 4045 3033 4107 ὅλως
3079 4055 3249 4099 ταῦτα
3293 4051 3423 4122 πρός
3471 4050 3656 4112 αὐτοὺς
3703 4053 3915 4127 ἔλεγεν;

2307 4131 2419 4184 Ἰνα
2463 4134 2592 4205 μετὰ
2632 4139 2799 4186 ταῦτα
2852 4136 3100 4206 μαθόντες
3149 4135 3281 4189 αὐτὰ
3326 4146 3539 4209 γνῶσιν,
3591 4143 3667 4193 ὃτι
3730 4163 3921 4218 προγι-

2310 4227 2542 4288 νώσχων,
2576 4221 2611 4273 οἶ
2638 4223 2818 4275 παθεῖν
2844 4223 3059 4296 ἔμελλεν,
3092 4224 3218 4277 ἑκὼν
3249 4222 3396 4284 ἦλθεν
3429 4228 3496 4288 εἰς
3527 4232 3584 4281 τό
3614 4233 3817 4286 παθεῖν.

2378 4308 2534 4364 Ἀλλὰ
2582 4314 2673 4362 καὶ
2718 4316 2828 4371 τοῖς
2872 4313 3135 4384 μαθηταῖς
3185 4314 3280 4366 οὐκ
3327 4314 3380 4378 ἑξ
3434 4314 3611 4390 ἀρχῆς
3668 4319 3917 4396 λεπτομε-

546 4387 641 4443 his
669 4386 905 4441 locutus
937 4392 1045 4452 est,
1079 4390 1184 4445 sed
1231 4391 1492 4462 primum
1532 4395 1775 4466 quidem
1803 4397 2076 4469 obscure,
2104 4401 2190 4457 de«

547 4475 685 4498 :‘J-
709 4474 1076 4498 _-_:B--L:.__
1123 4481 1244 4498 ιτηά
1272 4497 1279 4498 ,
1364 4497 1407 4498 ,,
1641 4490 1647 4498 .
1762 4486 1775 4498 τ
1908 4490 1941 4498 κ
2056 4490 2065 4498 .
2158 4492 2166 4498 .

2308 4407 2413 4475 ρῶς
2476 4395 2585 4451 εἶπε
2633 4403 2751 4473 περὶ
2807 4404 3021 4471 τούτων,
3076 4400 3205 4455 ἀλλὰ
3259 4413 3460 4477 πρῶτον
3509 4410 3599 4478 μὲν
3663 4386 3913 4485 ἀμυδρό-

547 4475 688 4533 inde
709 4474 1099 4533 manifestius.
1122 4481 1288 4535 Nunc
1315 4497 1451 4539 vero
1472 4499 1611 4539 cum
1638 4486 1881 4542 tandem
1907 4490 2202 4545 Passionis

549 4564 835 4637 opinione
876 4568 1173 4624 exercitati
1204 4574 1361 4637 sunt,
1413 4572 1592 4629 etiam
1624 4574 1740 4631 alia
1790 4578 2202 4647 particularius

552 4652 739 4721 addit,
777 4654 942 4726 quod
974 4657 1209 4716 tradent
1253 4675 1394 4717 eum
1441 4662 1717 4732 gentibus
1751 4665 1874 4721 sive
1913 4665 2200 4723 militibus

624 4832 672 4867 ⁵⁵
704 4833 904 4891 Matth.
933 4849 1036 4900 x11,
1068 4837 1159 4891 40.

2308 4508 2470 4562 τερον,
2531 4484 2641 4540 εἶτα
2693 4497 3055 4565 φανερώτερον.
3092 4498 3199 4544 Νῦν
3252 4488 3329 4559 δὲ,
3386 4496 3469 4548 ὅτε
3507 4495 3684 4551 λοιπὸν
3727 4498 3906 4571 ἑνιγυ-

2307 4579 2617 4650 μνάσθησαν
2683 4586 2745 4651 τῇ
2801 4576 3103 4653 προσδοκίᾳ
3155 4589 3247 4633 τοῦ
3312 4586 3539 4653 Πάθους,
3607 4586 3901 4661 λεπτομερέ-

2242 4733 2269 4764 ο
2311 4685 2489 4740 στερον
2548 4671 2637 4720 καὶ
2687 4670 2754 4721 τὰ
2806 4667 2936 4722 ἄλλα
2978 4672 3352 4744 προστίθησιν,
3410 4675 3492 4727 ὅτι
3530 4679 3617 4729 καὶ
3650 4673 3901 4750 παραδώ-

1797 4964 2021 5034 Variae
2057 4967 2380 5037 lectiones
2411 4977 2475 5037 et
2494 4979 2697 5040 notae.

623 5148 704 5228 (ἓ)
732 5152 894 5228 Hanc
924 5150 1474 5228 interpretationem
1521 5158 1753 5228 peperit
1776 5159 1950 5217 lectio
1980 5162 2042 5227 εἰ,
2076 5162 2208 5220 loco

554 5222 1054 5315 ?;EPP..i£Y.e§“
1096 5222 1666 5315 δὲτδζερξξοέεάνιῐν.
1696 5245 1776 5315 ρο.
1809 5234 1932 5315 φτ»
1978 5222 2215 5315 δέεξψί

555 5296 756 5375 tamen
786 5292 945 5375 istud
968 5292 1104 5375 είι-
1126 5292 1579 5375 cia-(prudenter,
1610 5304 1673 5354 ut
1692 5292 1860 5375 solet,
1892 5292 2011 5358 non
2044 5292 2213 5360 attin-

558 5363 659 5429 git.
689 5363 749 5414 Εἰ
775 5368 829 5417 et
854 5363 883 5420 ἣ
936 5367 1025 5418 est
1066 5363 1256 5420 mera'
1279 5363 1896 5427 confusio'vocalium.
1928 5377 2007 5428 Ex
2037 5376 2213 5430 inter-

556 5435 721 5517 prete
750 5432 955 5517 Latino
980 5433 1128 5517 nihil
1158 5436 1347 5517 colligi
1384 5444 1605 5517 potest.
1650 5444 1797 5517 Nam
1817 5445 1891 5517 _is
1920 5450 2077 5502 recte
2108 5462 2211 5517 po-

556 5454 721 5504 prete
752 5454 955 5489 Latino
985 5454 1128 5490 mnu
1158 5454 1347 5564 00mg!
1390 5454 1605 5512 pOteSt.
1650 5454 1797 5498 Nam
1841 5460 1891 5499 ιε
1920 5454 2077 5502 recte
2108 5462 2206 5517 p0-

556 5503 1005 5577 teratredderei;
1030 5522 1137 5577 per
1157 5523 1255 5564 an.
1324 5512 2206 5577 aeternm,etiamsiprobeturei.

559 5576 761 5630 tamen
788 5574 955 5633 nulla
981 5574 1072 5633 est
1098 5580 1419 5640 necessitas
1444 5586 1525 5637 ὅτι
1553 5574 1890 5655 explicandi
1918 5602 2026 5660 per

2316 5165 2489 5241 Modo
2513 5170 2650 5238 post
2684 5166 2826 5241 ἐμοῖς
2853 5167 3122 5225 deleatur
3150 5168 3552 5241 interrogandi
3580 5179 3745 5232 nota.

2389 5237 2817 5363 (tog‘lcm.'lta
2855 5255 3013 5312 saepe
3039 5241 3275 5298 variant
3316 5237 3494 5300 codd.
3542 5262 3685 5302 mss.
3714 5247 3779 5304 in
3810 5249 3923 5306 hoc

2314 5322 2468 5364 voca
2516 5307 2635 5364 ulo.

2385 5378 2496 5520 (tt;
2528 5380 2609 5433 Ac
2642 5379 2691 5432 si
2720 5379 3028 5451 μεταϐάσεις
3053 5382 3257 5451 legerit
3287 5384 3629 5441 Hentenius.

2385 5452 2471 5516 (12
2524 5452 2741 5516 Τούτου,
2774 5452 2839 5505 Α.
2878 5454 3005 5512 Mox
3036 5453 3196 5512 idem
3226 5456 3441 5515 omittit
3469 5462 3591 5519 τοὺς
3620 5475 3629 5514 a

2309 5452 2494 5580 λο
2524 5452 2741 5516 Τούτου,
2774 5452 2839 5505 Α.
2878 5454 3005 5512 Mox
3036 5453 3196 5512 idem
3226 5456 3441 5515 omittit
3469 5462 3591 5519 τοὺς
3620 5463 3755 5516 ante
3787 5461 3916 5514 πολ-
