4186 6318
262 308 372 363 537

265 449 454 485 σουσιν
514 429 670 482 αὐτόν
722 436 828 491 τοῖς
889 431 1105 497 ἔθνεσιν,
1160 430 1338 501 ἤγουν,
1396 437 1502 490 τοῖς
1550 430 1605 482 ἐκ
1667 430 1869 504 Ῥώμης
1904 435 1945 485 Λ

269 523 623 592 στρατιώταις
710 525 804 571 τοῦ
880 521 1279 591 ἡγεμονεύοντος
1368 518 1415 571 ἐν
1493 519 1870 593 Ἰεροσολύμοις

265 609 519 675 Πιλάτου,
573 613 663 660 καὶ
711 609 793 660 ὅτι
840 606 1183 680 ἰμπαίξουσιν
1230 607 1374 661 οὗτοι
1420 608 1583 680 αὐτῷ,
1630 614 1720 663 καὶ
1765 630 1867 683 μα-

268 702 627 771 στιγώσουσιν
652 700 742 750 καὶ
774 702 1192 772 σταυρώσουσιν.

342 790 444 841 Καὶ
507 816 579 828 -
640 784 1014 843 ἀναστήσεται.
1090 786 1262 841 Εἰπὼν
1320 788 1387 839 τὰ
1440 786 1721 854 λυποῦντα,
1787 787 1869 840 λέ·-

264 897 349 949 γει
401 880 492 929 καὶ
542 878 603 929 τό
649 877 1138 949 παραμυθούμενον,
1180 876 1263 929 ἶνα
1307 877 1427 929 ὅταν
1462 872 1651 930 ἴδωσιν
1681 875 1865 948 ἐκεῖνα,

268 962 692 1041 προσδοκησωσι
747 970 838 1018 καὶ
893 971 1068 1018 τοῦτο.
1120 969 1330 1027 Λουκᾶς
1377 961 1437 1018 δέ
1488 985 1666 1038 φησιν,
1711 967 1869 1019 εἰπεῖν

268 1058 401 1131 πρὸς
452 1054 640 1116 αὐτοὺς
703 1056 792 1106 τὸν
855 1056 1106 1127 Χριστόν,
1178 1055 1260 1106 ὅτι
1330 1059 1431 1108 Καὶ
1501 1057 1869 1114 τελεσθήσεται

273 1144 447 1196 πάντα
520 1145 587 1196 τὰ
680 1144 1015 1216 γεγραμμένα
1093 1139 1190 1196 διὰ
1259 1152 1360 1196 τῶν
1432 1153 1710 1217 προφητῶν
1794 1152 1867 1216 τῷ

277 1237 385 1303 Υίῷ
435 1238 525 1284 τοῦ
574 1230 864 1306 ἀνθρώπου,
936 1236 1049 1300 καὶ,
1109 1233 1187 1285 ὅτι
1252 1231 1400 1285 αὐτοὶ
1452 1229 1602 1287 οὐδὲν
1670 1236 1867 1286 τούτων

276 1330 527 1380 συνῆκαν.
578 1322 641 1374 Οἱ
694 1322 786 1393 μὶν
856 1323 955 1395 γὰρ
1012 1330 1275 1396 προφῆται
1351 1321 1670 1395 λεπτομερῶς
1749 1326 1866 1394 περὶ

268 1411 478 1461 πάντων
520 1409 678 1461 αὐτοῦ
728 1417 829 1462 τῶν
885 1412 1207 1483 παθημάτων
1254 1418 1519 1484 προεῖπον,
1558 1415 1649 1463 καὶ
1697 1410 1741 1464 εἰ
1791 1415 1862 1483 μὴ

266 1497 430 1551 πολὺν
486 1498 688 1570 ἔμελλον
735 1496 1012 1551 ἀποτείνειν
1066 1498 1237 1570 λόγον,
1292 1502 1468 1561 πάσας
1522 1502 1583 1552 ἄν
1653 1502 1867 1573 παρεθέ-

263 1606 374 1659 μην
429 1588 525 1648 τὰς
573 1591 694 1662 περὶ
746 1589 941 1640 τούτων
996 1593 1325 1662 προφητείας.
1386 1590 1452 1641 Οἱ
1510 1588 1567 1641 6's
1632 1591 1866 1661 μαθηταὶ

262 1673 423 1729 οὐδὲν
474 1678 691 1741 τούτων,
746 1684 843 1728 τῶν
901 1682 1268 1751 γεγραμμένων
1326 1674 1566 1736 δηλονότι
1620 1673 1712 1730 διὰ
1766 1686 1867 1729 τῶν

258 1773 568 1840 προφητῶν,
627 1772 856 1823 συνῆκαν
903 1770 1037 1820 τότε.
1088 1765 1244 1819 Ἀλλά
1298 1771 1388 1819 καὶ
1442 1764 1522 1833 ἦν,
1581 1768 1648 1827 ὡς
1691 1768 1858 1839 (13)ὁ
1896 1786 1940 1841 Β

258 1854 427 1915 αὐτὸς
493 1856 585 1925 ἔφη
658 1859 881 1925 Λούκᾱς,
950 1857 1010 1907 τό
1074 1855 1219 1929 ῥῆμα
1296 1864 1449 1908 τοῦτο
1521 1860 1866 1929 κεκρυμμένον

256 1942 359 1996 ἀπ’
419 1942 607 2011 αὐτῶν,
662 1946 845 2014 ἤγουν,
898 1940 1254 2016 ἀγνοούμενον,
1308 1942 1441 2016 λέγω
1498 1942 1591 2014 δὴ,
1654 1949 1714 1997 τό
1767 1945 1868 1999 Καὶ

254 2039 333 2105 τῇ
400 2035 549 2105 τρίτῃ
609 2033 778 2106 ἧμέρᾳ
848 2030 1219 2102 ἀναστήσεται,
1276 2037 1365 2086 καὶ
1420 2033 1515 2086 οὐκ
1588 2032 1867 2106 ἐγίνωσκον

254 2123 337 2174 τὰ
383 2120 632 2193 λεγόμενα
684 2126 804 2194 περὶ
857 2121 1038 2190 αὑτοῦ,
1096 2124 1268 2184 καθὼς
1335 2122 1611 2198 εἰρήκαμεν
1669 2127 1760 2175 καὶ
1820 2122 1868 2175 ἐν

257 2218 344 2281 τῷ
374 2208 504 2263 τελει
533 2216 627 2262 τοῦ
654 2218 968 2282 τριακοστοῦ
998 2214 1236 2282 πέμπτου
1266 2210 1566 2283 κεφαλαίου.

344 2300 677 2372 Προστίθησι
730 2293 787 2351 δὲ
837 2303 928 2351 καὶ
985 2299 1154 2373 ἑτέραν
1220 2299 1391 2352 αἰτίαν
1455 2308 1552 2363 τῆς
1623 2302 1871 2362 τοιαύτης

261 2388 485 2460 ἀγνοίας
529 2389 555 2440 ό
604 2391 979 2463 Χρυσόστομος
1029 2387 1164 2461 (14),
1210 2390 1293 2441 ὅτι
1334 2393 1454 2462 περὶ
1482 2388 1637 2441 ἄλλου
1666 2392 1755 2461 μεν
1787 2390 1870 2461 ὑφ’

264 2477 443 2551 ἐτέρου
482 2475 795 2538 ἀναστάντος
839 2481 930 2530 καὶ
983 2478 1239 2547 ἤκουσαν,
1279 2482 1369 2531 καὶ
1410 2474 1569 2530 εἶδον·
1632 2482 1751 2552 περὶ
1792 2497 1874 2530 νε-

267 2572 402 2638 κροῦ
457 2562 517 2619 δε
572 2564 967 2628 ἀναστησάντος
1028 2565 1208 2619 ἑαυτὸν
1266 2570 1382 2619 οὔτε
1445 2570 1700 2631 ἥκουσαν,
1757 2569 1872 2619 οὔτε

272 2651 434 2710 εἶδον.
485 2653 640 2708 Ἀλλὰ
692 2658 783 2707 καὶ
840 2659 961 2730 περὶ
1026 2662 1119 2708 τοῦ
1167 2654 1363 2727 μελλειν
1417 2654 1743 2729 ἀναιρεῖσθαι
1786 2657 1872 2708 τὸν

271 2746 526 2817 Χριστὸν,
594 2745 677 2796 ὅτε
743 2745 833 2815 μὲν
895 2741 1177 2796 ἀπέϐλεπον
1234 2743 1305 2806 εἰς
1358 2745 1454 2805 τὰς
1512 2742 1874 2816 ἀνθρωποπρε-

270 2840 382 2894 mi;
453 2832 613 2885 αὐτοῦ
670 2834 941 2907 ἐνεργείας,
1011 2831 1278 2886 ἆπίστευον
1360 2840 1533 2898 τοῦτο,
1609 2837 1699 2885 καὶ
1764 2831 1871 2885 ἐλυ-

273 2928 484 2973 ποῦντο·
545 2921 628 2973 ὅτε
672 2917 730 2973 δὲ
767 2923 857 2982 τὰς
910 2922 1206 2996 θεοπρεπείς
1254 2921 1416 2975 αὑτοῦ
1463 2921 1677 2996 πράξεις
1723 2920 1873 2993 ἐλάμ-

283 3006 436 3061 ϐανον
487 3008 559 3070 εἰς
606 3016 740 3076 νοῦν,
778 3010 1057 3077 ἠπίστουν,
1104 3015 1193 3063 καὶ
1236 3011 1333 3063 οὐκ
1372 3010 1651 3083 ἐγίνωσκον
1688 3013 1756 3063 τὰ
1795 3010 1873 3064 λε-

276 3101 472 3169 γόμενα
518 3102 632 3173 περὶ
676 3097 853 3162 αὐτοῦ,
901 3103 1190 3167 τουτέστιν,
1242 3100 1300 3151 οὐ
1348 3098 1704 3173 παρεδέχοντο
1752 3103 1871 3162 τοὺς
1907 3143 1948 3200 C

268 3189 545 3249 τοιούτους
583 3190 703 3261 περὶ
733 3187 893 3240 αὐτοῦ
1064 3187 1267 3259 λόγους,
1296 3186 1596 3261 παραϐολὴν
1620 3208 1737 3241 τινα
1780 3194 1871 3240 καὶ

266 3277 488 3339 τούτους
524 3278 797 3349 νομέζοντε
805 3296 845 3339 ς.

522 3370 675 3422 ΚΕΦ.
714 3362 840 3420 Ml".
874 3370 1001 3440 Περὶ
1026 3372 1127 3417 τῶν
1156 3367 1281 3418 υἱῶν
1319 3361 1619 3419 Ζεϐεδαίου.

338 3456 470 3506 Τότε
524 3472 639 3509 σου.
672 3452 756 3507 Ἐν
808 3462 881 3525 τῷ
928 3461 1336 3528 τεσσαρακοστῷ
1388 3458 1575 3529 πρώτῳ
1616 3453 1871 3527 κεφαλαὶῳ

261 3548 362 3595 τοῦ
411 3549 646 3616 Σωτῆρος
687 3543 917 3605 εἰπόντος
962 3547 1089 3615 πρὸς
1129 3546 1244 3605 τοὺς
1284 3544 1541 3615 μαθητὰς,
1593 3545 1673 3597 ὅτι
1714 3542 1871 3596 Ὅταν

260 3632 468 3704 καθίσῃ
530 3632 557 3682 ὁ
612 3633 736 3694 Υἱὸς
808 3639 900 3684 τοῦ
971 3630 1243 3706 ἀνθρώπου
1300 3630 1384 3685 ἐπὶ
1463 3634 1642 3707 θρόνου
1718 3628 1873 3695 δόξης

260 3720 453 3786 αὐτοῦ,
531 3721 815 3774 καθίσεσθε
883 3724 972 3773 καὶ
1032 3722 1173 3793 ὑμεῖς
1230 3718 1313 3773 ἐπὶ
1372 3716 1584 3774 δώδεκα
1659 3723 1869 3795 θρόνων·

259 3809 592 3872 ἀκούσαντες
659 3812 709 3862 οἱ
774 3812 881 3861 υἱοί
948 3816 1040 3862 τοῦ
1113 3806 1417 3878 Ζεϐεδαίου,
1472 3809 1714 3871 Ἰάκωϐος
1783 3815 1872 3862 καὶ

255 3899 532 3962 Ἰωάννης,
590 3894 993 3973 προσεδόκησαν
1057 3901 1234 3972 θρόνον
1313 3894 1469 3962 δόξης
1522 3897 1705 3969 λέγειν,
1784 3901 1871 3950 τόν

257 3992 450 4065 θρόνον
493 3995 585 4049 τῆς
640 3987 690 4041 ἕν
747 3986 1124 4060 Ἰεροσολύμοις
1185 3986 1473 4060 βασιλείας·
1552 3993 1642 4040 καὶ
1694 3986 1870 4040 λοιπόν

253 4080 389 4151 ἄρτι
458 4075 612 4129 πάλιν
687 4076 935 4146 εἰπόντος,
1002 4078 1082 4129 ὅτι
1156 4073 1298 4130 Ἰδοὺ
1376 4075 1712 4150 ἀναϐαίνομεν
1798 4076 1869 4139 εἰς

249 4164 624 4242 Ἱεροσόλυμα,
679 4170 769 4218 καὶ
816 4167 882 4218 τὰ
937 4164 1072 4229 ἑξῆς·
1115 4164 1216 4219 ὅσα
1262 4169 1352 4239 μεν
1402 4165 1695 4242 ἐρρήθησαν
1752 4169 1870 4238 περὶ

254 4264 368 4309 τῶν
438 4256 785 4328 παθημάτων,
845 4254 903 4307 ού
959 4252 1333 4329 παρεδέξαντο,
1401 4257 1574 4318 καθὼς
1636 4253 1868 4329 ἀνωτέρω

258 4340 663 4417 δεδηλώκαμεν·
718 4343 947 4402 ἤλπισαν
993 4340 1052 4397 δὲ
1096 4343 1404 4405 πλησιάζειν
1434 4341 1542 4403 ἤδη
1587 4348 1681 4404 τὴν
1713 4343 1869 4417 βασι-

254 4434 410 4487 λείαν
463 4431 644 4488 αὐτοῦ.
706 4437 803 4487 Καὶ
857 4435 956 4508 γὰρ
1008 4436 1097 4485 καὶ
1146 4441 1246 4485 τῶν
1316 4441 1593 4508 προφητῶν
1659 4436 1867 4500 ἤκουον,

264 4520 503 4596 βασιλέα
554 4528 648 4575 τοῦ
693 4520 904 4594 Ἰσραὴλ
981 4524 1068 4575 τόν
1139 4524 1368 4596 Χριστὸν
1434 4522 1870 4593 κατεπαγγελλόν-

262 4632 372 4666 των
414 4610 550 4684 (16).
593 4610 793 4665 Αὐτίκα
836 4618 924 4663 οῦν
967 4610 1199 4664 ἑάλωσαν
1239 4613 1390 4684 ἔρωτι
1419 4605 1722 4685 προεδρίας.
1772 4616 1871 4665 Καὶ

222 4742 223 4745 η
265 4703 355 4753 ὅτι
407 4702 498 4772 μεν
543 4703 948 4774 προτετίμηνται
985 4706 1085 4752 τῶν
1138 4698 1321 4768 ἄλλων,
1382 4699 1680 4770 ἐγίνωσκον
1735 4700 1871 4771 ὑφω-

266 4796 442 4865 ρῶντο
487 4788 598 4861 (17)
645 4784 704 4841 δὲ
730 4791 817 4840 τόν
863 4792 1082 4862 Πέτρον
1121 4783 1208 4840 διὸ
1253 4792 1343 4840 καὶ
1370 4795 1555 4860 πρῶτα
1597 4789 1709 4858 μὲν,
1742 4790 1811 4848 ὡς
1845 4790 1870 4841 ό

265 4878 483 4952 Μάρκος
530 4881 710 4950 φησὶν,
770 4876 919 4930 αὐτοὶ
991 4880 1140 4949 μόνοι
1194 4877 1641 4951 προσπορεύονται
1704 4875 1869 4948 αὐτῷ,

262 4970 455 5039 ἤγουν,
528 4969 936 5041 προσέρχονται,
1007 4965 1256 5038 Ἀγοντες⁸
1346 4961 1661 5031 Διδάσκαλε,
1734 4965 1870 5019 θελο-

1908 4497 1948 4549 D

338 5120 389 5169 ³⁸
423 5119 565 5174 Luc.
598 5134 756 5185 xvm,
789 5118 879 5185 3t,
912 5118 1002 5175 34.
1080 5119 1124 5153 ⁵⁷
1153 5117 1296 5173 Ibid.
1374 5119 1423 5153 ⁸⁸
1454 5117 1652 5175 Matth.
1686 5133 1797 5189 xxx,
1832 5119 1919 5175 28.

1225 304 1593 362 COMMENT.
1634 305 1704 361 IN
1741 306 2194 364 MATTH/EUM.
2244 339 2311 349 —
2351 307 2505 364 CAP.
2546 309 2669 362 XX.

3526 312 3635 367 538

1982 434 2284 497 Romanis,
2330 432 2647 505 praesidem
2702 440 2913 506 agente
2968 435 3353 508 Jerosolymis
3420 438 3627 505 Pilato,

1977 522 2264 666 guodque
2292 521 2356 578 hi
2392 521 2642 578 illudent
2670 539 2809 580 eum
2848 529 2905 581 et
2926 523 3315 596 ﬂagellabant
3342 542 3411 584 ac
3436 529 3632 585 cruci-

2024 615 2181 681 gent.

2048 789 2214 845 Vers.
2276 793 2360 845 19.
2418 792 2487 845 Et
2525 820 2594 831 —
2623 797 2896 862 resurget.
2967 792 3076 848 Ubi
3126 794 3308 850 tristia
3359 795 3626 865 dixisset,

1978 877 2149 934 addit
2186 878 2365 935 etiam
2404 880 2568 952 quod
2607 881 3080 938 consolationem
3118 883 3346 950 afferat,
3383 890 3446 941 ut
3490 903 3629 943 cum

1976 966 2077 1024 illa
2128 967 2402 1035 viderint,
2454 969 2635 1026 etiam
2681 970 2798 1027 hoc
2840 975 3199 1042 exspectent.
3228 972 3443 1029 Lucas
3489 990 3631 1032 vero

1978 1056 2276 1113 Christum
2319 1074 2561 1132 quoque
2605 1060 2690 1115 eis
2741 1060 2965 1116 dixisse
3005 1059 3129 1115 ait:
3161 1061 3235 1116 Et
3275 1077 3633 1119 consumma-

1979 1146 2206 1202 buntur
2253 1148 2453 1203 omnia
2500 1164 2626 1220 qum
2669 1150 2828 1205 dicta
2874 1154 3013 1205 sunt
3050 1164 3157 1218 per
3183 1150 3508 1219 prophetas
3562 1152 3633 1208 de

1975 1233 2122 1289 Filio
2141 1235 2412 1302 hominis,
2432 1240 2487 1290 et
2507 1235 2670 1307 quod
2686 1237 2799 1303 ipsi
2814 1234 2961 1291 nihil
2976 1236 3182 1292 horum
3196 1237 3634 1294 intellexerunt-

2047 1324 2351 1395 Prophetee
2367 1324 2662 1395 siquidem
2677 1324 3014 1395 particulari
3024 1330 3108 1380 ter
3118 1324 3193 1380 de
3204 1326 3365 1381 omni
3378 1326 3483 1381 bus
3496 1342 3633 1397 quas

1973 1428 2256 1484 passurus
2296 1418 2421 1467 erat
2458 1412 2878 1483 praedixerunt,
2906 1419 2961 1469 et
2990 1414 3100 1469 nisi
3130 1415 3188 1469 in
3220 1414 3469 1484 longum
3500 1431 3634 1487 pro-

1978 1501 2302 1556 trahendus
2342 1505 2495 1556 esset
2533 1517 2749 1567 sermo,
2792 1518 3001 1558 omnes
3028 1502 3102 1557 de
3142 1503 3233 1558 his
3255 1502 3528 1559 afferrem
3568 1505 3631 1560 in

1977 1590 2245 1646 medium
2305 1591 2666 1663 prophetias.
2736 1591 3019 1663 Discipuli
3077 1608 3218 1647 vero
3277 1601 3414 1647 tunc
3483 1593 3631 1649 nihil

1975 1681 2189 1737 horum
2220 1679 2650 1744 intellexerunt,
2692 1697 2828 1753 qum
2864 1681 3133 1736 videlicet
3168 1697 3273 1753 per
3304 1682 3630 1755 prophetas

1978 1770 2196 1838 scripta
2221 1774 2407 1833 erant,
2441 1770 2545 1824 sed
2588 1769 2753 1837 Erat,
2787 1770 2936 1824 sicut
2966 1770 3125 1824 idem
3152 1770 3383 1841 scripsit
3422 1774 3630 1843 Lucas,

1976 1857 2217 1915 verbum
2241 1858 2770 1913 hocabsconditum
2786 1859 2856 1913 ab
2880 1859 2975 1922 eis,
2996 1858 3117 1912 sive
3137 1857 3496 1927 ignoratum,
3512 1858 3631 1914 hoc

1975 1948 2245 2019 inquam,
2282 1947 2475 2002 Tertio
2499 1947 2594 2003 die
2615 1955 2867 2017 resurget
2894 1966 2907 2015 ;
2940 1962 3047 2002 nec
3068 1946 3479 2017 intelligebant
3495 1964 3633 2020 qum

1977 2035 2329 2092 dicebantur
2364 2034 2441 2090 de
2498 2035 2620 2101 illo,
2669 2036 2840 2091 sicuti
2890 2035 3071 2091 etiam
3120 2034 3382 2091 diximus
3410 2036 3471 2092 in
3514 2035 3632 2092 ﬁne

1977 2124 2256 2180 tricesimi
2284 2125 2472 2198 quinti
2501 2125 2739 2198 capitis.

2050 2301 2228 2358 Addit
2250 2318 2493 2375 quoque
2519 2306 2576 2359 et
2605 2302 2775 2358 aliam
2804 2301 2984 2372 hujus
3009 2301 3360 2370 ignorantiae
3383 2317 3631 2359 causam

1978 2391 2456 2463 Chrysostomus,
2494 2390 2639 2463 quia
2680 2390 2755 2445 de
2792 2390 2911 2446 alio
2956 2390 3203 2462 quidem
3253 2390 3357 2462 qui
3400 2389 3478 2445 ab
3516 2390 3629 2446 alio

1979 2479 2268 2535 excitatus
2296 2484 2474 2544 esset,
2508 2485 2564 2535 et
2600 2478 2914 2534 audierant
2937 2485 2995 2534 et
3019 2478 3291 2534 viderant
3322 2497 3338 2546 ;
3368 2477 3444 2533 dc
3475 2493 3631 2533 mor-

1980 2573 2083 2625 tuo
2125 2583 2265 2623 vero
2290 2567 2396 2640 qui
2428 2568 2695 2640 seipsum
2720 2566 3051 2632 excitasset,
3090 2582 3283 2639 neque
3312 2566 3632 2623 audierant

1981 2672 2175 2729 neque
2206 2656 2490 2713 viderant.
2531 2657 2819 2713 Praeterea
2856 2661 2912 2712 et
2948 2655 3024 2711 de
3060 2671 3130 2711 eo
3164 2655 3330 2728 quod
3358 2656 3629 2711 occiden-

1981 2745 2095 2800 dus
2134 2750 2291 2801 esset
2336 2745 2615 2810 Christus,
2650 2745 2750 2801 ubi
2792 2743 2868 2802 ad
2906 2745 3209 2800 humanas
3236 2744 3633 2815 respiciebant

1980 2835 2380 2905 operationes,
2443 2834 2767 2891 credebant
2821 2834 2937 2889 hoc
2986 2838 3041 2889 et
3078 2832 3629 2900 contristabantur;

1980 2923 2084 2979 ubi
2103 2940 2246 2980 vero
2272 2923 2507 2980 divinas
2530 2924 2589 2979 in
2621 2928 2877 2980 mentem
2904 2923 3315 2987 assumebant,
3344 2921 3633 2978 increduli

1980 3012 2437 3084 permanebant,
2459 3028 2568 3068 nec
2594 3012 2999 3084 intelligebant
3024 3026 3157 3083 quia
3182 3010 3538 3067 dicebantur
3557 3010 3633 3066 de

1978 3101 2113 3166 hoc,
2146 3101 2205 3156 id
2239 3106 2322 3156 est
2354 3116 2477 3157 non
2512 3101 2920 3173 suscipiebant
2961 3100 3104 3155 tales
3143 3100 3218 3154 de
3247 3099 3361 3157 hac
3398 3113 3461 3153 re
3502 3113 3632 3154 ser-

1979 3205 2210 3255 mones,
2253 3190 2625 3260 suspicantes
2662 3195 2718 3245 et
2750 3189 2860 3244 hos
2902 3188 3169 3260 aliquam
3208 3202 3340 3243 esse
3379 3185 3633 3258 parabo-

1976 3278 2122 3336 lam.

2298 3365 2454 3423 CAP.
2492 3367 2643 3421 XLIII
2669 3367 2756 3423 De
2781 3366 2927 3435 ﬁliis
2954 3364 3236 3422 Zebedan'.

2049 3455 2210 3512 Vers.
2238 3459 2326 3512 20.
2360 3458 2521 3513 Tunc
2551 3486 2621 3497 —
2657 3457 2818 3511 Vers.
2865 3456 2953 3510 2t.
2994 3461 3112 3510 tuo.
3179 3455 3327 3509 Cum
3369 3452 3634 3526 quadra-

1982 3544 2209 3614 gesimo
2249 3545 2441 3615 primo
2471 3544 2663 3614 capite
2693 3543 2937 3599 dixisset
2976 3542 3243 3599 Salvator
3278 3540 3626 3613 discipulis:

1984 3633 2129 3690 Cum
2156 3634 2369 3689 sederit
2394 3633 2603 3699 Filius,
2634 3632 2891 3688 hominis
2911 3632 2976 3687 in
3002 3632 3136 3687 sede
3164 3630 3361 3702 gloriae
3390 3645 3529 3696 suae,
3552 3645 3632 3684 se-

1980 3722 2189 3778 debitis
2209 3728 2261 3776 et
2296 3738 2384 3777 vos
2405 3737 2575 3789 super
2603 3721 2911 3777 duodecim
2938 3720 3095 3776 sedes
3119 3721 3187 3785 5',
3212 3718 3632 3788 audissentque

1983 3810 2083 3866 ﬁlii
2126 3809 2393 3865 Zebedaei
2432 3809 2692 3864 Jacobus
2744 3813 2800 3864 et
2852 3809 3131 3872 Joannes,
3178 3806 3444 3862 arbitrati
3495 3810 3633 3861 sunt

1981 3899 2185 3956 sedem
2204 3899 2407 3969 glorise
2429 3898 2545 3953 dici
2569 3898 2851 3953 thronum
2869 3896 3185 3967 regni,quo
3210 3893 3632 3965 Hierosolymis

1979 3993 2335 4059 regnaturus
2365 3992 2519 4042 esset
2551 4004 2564 4052 ;
2596 4002 2855 4060 cumque
2885 3985 3064 4057 paulo
3108 3990 3246 4040 ante
3275 3999 3516 4039 rursum
3553 3981 3634 4038 di-

1977 4080 2164 4136 xisset
2193 4094 2207 4135 :
2234 4078 2377 4134 Esse
2402 4076 2760 4133 ascendimus
2788 4073 3267 4145 Hierosolymam,
3299 4077 3356 4127 et
3378 4087 3515 4143 quae
3541 4086 3635 4126 se-

1977 4174 2263 4241 quuntur,
2292 4182 2414 4223 non
2444 4182 2517 4222 ea
2544 4166 2619 4221 de
2650 4164 3071 4221 afﬂictionibus
3106 4161 3536 4227 intellexerunt,
3569 4162 3634 4215 ut

1980 4257 2256 4330 superius
2280 4254 2770 4326 signiﬁcavimus,
2789 4254 2895 4309 sed
2919 4251 3241 4325 sperabant
3260 4250 3480 4305 instare
3497 4249 3633 4320 jam

1977 4361 2232 4415 regnum
2272 4344 2421 4414 ejus.
2449 4343 2750 4415 Siquidem
2793 4342 3109 4413 prOphetas
3148 4354 3389 4411 quoque
3427 4336 3631 4392 audie-

1978 4435 2125 4492 bant
2137 4434 2509 4505 appellantes
2522 4432 2813 4488 Christum
2827 4446 3029 4500 regem
3041 4428 3219 4484 Israel
3232 4473 3245 4486 .
3268 4427 3477 4483 Statim
3491 4442 3630 4495 ergo

1979 4523 2443 4596 prmeminentiee
2474 4538 2679 4579 amore
2706 4520 2861 4592 capti
2896 4524 3036 4575 sunt
3063 4535 3076 4583 ;
3110 4534 3254 4572 nam
3282 4532 3342 4572 se
3374 4531 3494 4586 prin
3522 4530 3634 4570 cae-

1981 4612 2117 4670 teris
2152 4612 2432 4669 honorari
2459 4611 2743 4674 sciebant,
2769 4609 2875 4663 sed
2902 4610 3139 4662 Petrum
3168 4603 3474 4661 timebant.
3498 4603 3631 4657 Ideo

1978 4701 2244 4775 primum
2279 4698 2544 4772 quidem,
2563 4703 2620 4753 ut
2644 4697 2724 4752 ait
2748 4699 2995 4759 Marcus,
3030 4693 3142 4763 ipsi
3167 4692 3355 4747 solum
3384 4689 3455 4744 ad
3501 4704 3632 4743 eum

1978 4790 2263 4848 accedunt
2300 4788 2548 4843 dicentes
2589 4801 2599 4838 :
2632 4784 2907 4855 Magister
2949 4782 3217 4838 volumus
3245 4786 3306 4835 ut
3337 4775 3633 4849 quidquid

1974 4878 2319 4948 petierimus
2339 4875 2529 4946 facias
2559 4873 2745 4930 nobis.
2777 4872 2888 4928 Ille
2917 4876 3114 4927 autem
3144 4869 3299 4924 dixit
3326 4867 3406 4924 eis
3435 4882 3447 4921 :
3480 4864 3632 4932 Quid

1980 4982 2065 5023 me
2088 4964 2636 5037 vuttz’sfacerevobis
2653 4962 2682 5018 7
2702 4966 2784 5019 At
2799 4961 2897 5018 illi
2933 4961 3218 5019 dixerunt
3234 4960 3287 5019 ei
3301 4979 3313 5017 :
3348 4960 3440 5018 Da
3464 4955 3630 5015 nobis

1518 5316 1747 5385 Variae
1780 5316 2111 5385 lectiones
2141 5323 2206 5384 et
2234 5326 2433 5383 notae.

363 5484 455 5551 13)
479 5482 569 5546 Ὠς
598 5484 776 5551 αὐτὸς,
803 5492 859 5538 Β.

363 5485 429 5541 13
479 5484 569 5546 Ὠς
598 5484 776 5551 αὐτὸς,
803 5492 859 5538 Β.

337 5484 461 5700 (14)
483 5556 547 5611 Τ.
574 5554 695 5644 νει,
724 5571 786 5629 p.
829 5556 931 5613 644
962 5558 1023 5611 Ε.

372 5630 436 5682 15
493 5624 803 5696 Τοιουτους,
836 5627 1006 5685 abest

372 5624 461 5696 15)
493 5624 803 5696 Τοιούτους,
836 5627 1006 5685 abest
1030 5629 1093 5682 Α.

2044 5486 2161 5561 (1
2187 5485 2667 5561 Καταγγελλόντων,
2698 5495 2761 5544 Α.

2048 5556 2160 5627 (17)
2187 5556 2490 5631 Ἐφοϐοῢντο
2513 5560 2572 5615 Β.
