4186 6318
544 349 652 405 539
1853 343 2197 401 EUTYHMI]

2268 342 2569 400 IIGABENI
3805 349 3921 406 540

550 478 617 529 ut
640 490 794 529 unus
820 489 859 531 a
885 474 1113 529 dextris
1140 475 1257 528 tuis
1281 480 1338 528 et
1366 474 1522 529 alter
1552 489 1588 527 α
1614 472 1865 528 sinistris
1896 470 2011 525 tuis
2054 469 2203 524 sede-

2267 479 2423 541 ιμεν,
2476 472 2577 537 ἳνα,
2623 474 2649 524 ὃ
2712 472 2795 525 ἐὰν
2865 475 3182 547 αἰτόσωμεν,
3249 480 3481 548 ποιήσῃς
3544 476 3689 546 ἡμῖν·
3742 474 3802 527 Ὀ
3851 471 3920 528 δέ

551 579 713 621 αηιυε
732 565 791 618 in
809 562 995 634 gloria
1016 570 1121 618 tua
1142 564 1210 617 ⁵³.
1240 564 1445 617 Verum
1468 577 1587 617 non
1618 565 2045 631 cognoscentes
2070 558 2204 615 ideo

2317 559 2449 613 εἶπεν
2503 562 2694 623 αὐτοῖς·
2755 568 2818 615 Τί
2885 564 3047 617 θελετε
3096 569 3319 623 ποιῆσαί
3366 583 3429 637 με
3490 567 3655 636 ὑμίν;
3715 566 3781 615 Οἱ
3852 561 3921 616 δε

552 668 612 708 se
654 668 866 724 passos
909 668 1037 707 esse
1075 651 1399 723 repulsam,
1434 650 1597 723 quod
1638 650 1888 719 indigna
1919 652 2202 721 peterent,

2316 648 2455 702 εἶπον
2513 651 2673 721 αὐτῷ·
2743 657 2833 713 Δός
2901 655 3047 724 ἡμῖν,
3118 656 3202 706 ἳνα
3269 652 3343 715 εἷς
3411 653 3466 706 ἐκ
3539 651 3722 717 δεξιῶν
3787 674 3916 709 σου.

550 741 629 797 ad
659 741 1153 813 supplicationem
1187 744 1505 796 assumunt
1542 744 1598 795 et
1641 743 1915 794 matrem.
1951 742 2203 793 Interro-

2313 743 2403 791 καὶ
2460 736 2527 800 εἰς
2606 740 2658 803 ἐξ
2714 743 2982 815 εὐωνύμων
3041 762 3134 796 σου
3195 746 3490 816 καθίσωμεν
3540 742 3586 794 ἐν
3654 750 3717 815 τῇ
3776 740 3914 815 δόξῃ

551 835 654 903 gat
670 834 868 887 autem
890 830 1151 886 Christus
1174 830 1437 902 primum
1461 828 1707 900 quidem
1733 828 1886 895 illos,
1913 826 2128 882 deinde
2150 830 2204 882 et

2316 847 2431 883 σου.
2491 834 2576 887 Μὴ
2635 836 2881 902 τυχόντες
2939 829 2999 885 δὶ
3054 831 3398 906 ἀποκρίσεως,
3468 829 3564 886 διὰ
3617 836 3678 885 τὸ
3746 832 3917 885 αἰτεῖν

550 924 799 977 matrem
823 919 1059 975 illorum
1080 923 1367 991 tanquam
1392 918 1577 975 homo
1597 934 1609 973 :
1626 917 1802 973 simul
1821 917 2000 974 etiam
2022 919 2084 973 ut
2109 930 2203 971 eo-

2315 917 2521 984 ἀνάξια,
2587 920 3057 995 παραλαμϐάνουσι
3124 926 3215 976 καὶ
3283 927 3377 982 τὴν
3444 921 3638 976 ἑαυτῶν
3707 926 3918 997 μητέρα

549 1025 685 1067 rum
697 1009 1004 1082 responsio
1024 1008 1191 1065 ﬁeret
1208 1007 1661 1081 quodammodo
1679 1006 1927 1064 affectus
1947 1005 2038 1061 sui
2066 1019 2202 1062 con-

2312 1012 2441 1085 πρὸς
2481 1011 2762 1085 ἱκετηρίαν.
2822 1011 3021 1085 Ἐρωτᾷ
3075 1008 3135 1066 δε
3187 1015 3220 1064 ὅ
3261 1014 3492 1086 Χριστὸς
3555 1019 3759 1085 πρῶτον
3815 1014 3913 1084 μεν

547 1098 751 1156 fessio.
2314 1099 2553 1167 ἐκείνους,
2594 1097 2706 1153 εἶτα
2750 1105 2844 1159 τὴν
2874 1104 3075 1175 μητέρα
3105 1100 3271 1154 αὐτῶν
3302 1098 3766 1176 ἀνθρωποπρεπῶς,
3797 1100 3911 1173 ἅμα

2316 1184 2375 1241 δε
2418 1192 2528 1256 καὶ,
2578 1187 2663 1241 ⁴ίνα
2708 1190 2739 1249 ἠ
2774 1188 3052 1262 ἀπόκρισις
3099 1189 3267 1243 αὐτῶν
3310 1188 3685 1263 ίξομολόγησις
3717 1193 3915 1263 τρόπον

2312 1279 2429 1331 τινὰ
2454 1281 2667 1350 γένηται
2694 1285 2786 1331 τοῦ
2814 1279 3036 1342 πάθους.

618 1372 780 1426 Vers.
840 1370 928 1424 22.
983 1365 1341 1437 Respondens
1381 1364 1692 1434 —petitis.
1760 1363 2045 1435 Deinceps
2088 1361 2204 1418 illis

2384 1366 2710 1441 ’Δποκρίθεὶς
2754 1399 2824 1409 -
2871 1368 3117 1423 αἰτεῖσθε.
3171 1371 3304 1444 Πρός
3346 1366 3529 1429 αὐτοὺς
3576 1365 3918 1442 ἀποκρίνεται

545 1458 891 1531 respondet,
931 1461 993 1511 ut
1034 1454 1139 1526 qui
1184 1459 1434 1509 matrem
1474 1470 1646 1509 suam
1685 1452 2107 1517 submiserant,
2140 1454 2198 1507 ut

2310 1454 2509 1521 λοιπὸν,
2542 1458 2611 1519 ὡς
2653 1456 2821 1509 αὐτῶν
2850 1462 2944 1517 τὴν
2992 1461 3194 1533 μητέρα
3234 1456 3656 1533 προϐαλλομένων
3694 1457 3769 1521 εἰς
3813 1462 3917 1519 τὴν

546 1566 657 1624 pro
694 1549 839 1621 ipsis
885 1543 1231 1618 postularet,
1274 1548 1329 1598 et
1368 1544 1447 1599 ait
1481 1561 1493 1599 :
1522 1543 1772 1599 Nescitis
1814 1542 1951 1613 quid
1988 1541 2199 1611 petitis.

2312 1546 2437 1618 ὑπὲρ
2481 1545 2648 1598 αὐτῶν
2690 1550 2922 1613 αἴτησιν,
2963 1552 3053 1600 καί
3097 1567 3274 1620 φησιν,
3323 1545 3434 1599 Οὐκ
3480 1543 3680 1614 οἴδατε,
3734 1552 3785 1600 τί
3833 1548 3917 1601 αἰ-

549 1639 759 1697 Sedere
805 1636 965 1691 enim
1011 1650 1047 1690 a
1092 1633 1317 1688 dextris
1366 1639 1468 1687 aut
1511 1648 1548 1688 a
1597 1632 1848 1687 sinistris
1902 1632 1962 1686 in
2014 1647 2201 1701 regno

2310 1636 2499 1689 τεῖσθε.
2532 1639 2601 1688 Τὸ
2627 1638 2727 1710 γὰρ
2754 1639 2974 1689 καθίσαι
2998 1639 3113 1690 τινὰ
3143 1636 3198 1690 ix
3229 1634 3432 1707 δεξιῶν,
3463 1642 3493 1698 ἤ
3527 1636 3580 1701 ἐξ
3612 1638 3909 1711 εὐωνύμων,

545 1744 702 1793 meo,
731 1740 1021 1795 magnum
1054 1733 1159 1788 est,
1193 1726 1246 1779 et
1268 1738 1451 1793 supra
1481 1722 1831 1794 dignitatem
1853 1736 1978 1777 non
2002 1721 2198 1777 homi-

2311 1721 2359 1775 ἔν
2384 1731 2447 1796 τῇ
2488 1722 2732 1798 βασιλείᾳ
2760 1744 2881 1798 μου,
2908 1729 3044 1799 μέγα
3068 1732 3156 1779 καὶ
3186 1726 3311 1802 ὑπὲρ
3336 1731 3429 1787 τὴν
3455 1726 3629 1794 ἀξίαν,
3664 1727 3722 1780 οῦ
3754 1733 3914 1801 μόνον

543 1834 694 1876 num
723 1820 979 1879 tantum,
1018 1829 1229 1868 verum
1260 1813 1438 1867 etiam
1468 1826 1867 1883 supernarum
1893 1810 2196 1867 virtutum.

2257 1815 2409 1870 316w
2454 1811 2754 1887 ἀνθρώπων,
2798 1813 2926 1868 ἀλλὰ
2968 1820 3058 1868 καὶ
3096 1824 3196 1868 τῶν
3238 1818 3344 1869 ἄνω
3387 1813 3674 1890 δυνάμεων.
3704 1816 3765 1870 Ἥ
3803 1821 3910 1893 γὰρ

544 1906 852 1978 Siquidem
881 1918 1134 1973 regnum
1170 1918 1370 1957 meum
1401 1916 1525 1956 non
1566 1905 1651 1956 est
1690 1917 1763 1955 ex
1802 1901 1919 1957 hoc
1950 1900 2195 1964 mundo,

2314 1900 2559 1974 βασιλεία
2613 1904 2645 1962 ἠ
2707 1903 2805 1975 ἐμὴ
2864 1903 2958 1957 οὐκ
3009 1906 3149 1957 ἔστιν
3196 1903 3250 1957 ἐκ
3296 1914 3389 1959 τοῦ
3441 1910 3642 1979 κόσμου
3698 1908 3906 1975 τούτου,

546 2001 725 2069 prout
760 2011 870 2051 vos
898 1994 1139 2065 putatis.
1180 1994 1330 2058 Quia
1356 2008 1495 2048 vero
1533 1991 1937 2064 opinabantur
1967 1995 2199 2063 tempus

2309 1992 2482 2055 καθὼς
2518 1993 2666 2064 ὑμεῖς
2706 1995 2893 2048 οἴεσθε.
2930 1994 3068 2048 Ἐπεὶ
3113 1991 3173 2048 δε
3196 1992 3622 2070 προσεδόκησαν,
3649 1995 3709 2049 οῦ
3754 2001 3911 2069 μόνον

546 2085 694 2141 illud
719 2099 842 2140 non
865 2082 1034 2152 regni
1057 2082 1251 2137 solum
1275 2096 1427 2147 esse,
1454 2081 1557 2136 sed
1580 2081 1758 2136 etiam
1784 2080 2009 2152 requiei
2039 2098 2054 2151 ;
2087 2080 2199 2135 hoc

2314 2079 2587 2154 βασιλείας
2638 2078 2768 2136 εἶναι
2819 2085 2906 2135 τὸν
2954 2087 3133 2159 καιρὸν
3189 2082 3399 2151 ἐκεῖνον,
3459 2084 3586 2137 ἀλλὰ
3641 2090 3731 2139 καὶ
3787 2085 3912 2140 ἀνα-

546 2188 810 2247 quoque,
843 2172 1007 2244 quod
1042 2171 1103 2225 in
1134 2188 1196 2225 se
1217 2174 1323 2231 est,
1353 2170 1610 2239 corrigit,
1644 2170 2065 2225 demonstrans
2089 2169 2199 2224 hoc

2313 2172 2567 2243 παύσεως,
2627 2176 2717 2224 καὶ
2758 2180 2907 2225 τοῦτο
2956 2168 3263 2246 διορθοῦται
3316 2177 3373 2226 τὸ
3423 2178 3599 2249 μέρος,
3656 2173 3917 2249 ἔμφαίνων

545 2263 747 2336 potius
778 2277 914 2318 esse
937 2265 1171 2333 tempus
1196 2258 1531 2316 aﬂlictionis
1561 2262 1617 2314 et
1641 2258 1839 2314 caedis.
1873 2256 1965 2314 Ait
1993 2259 2154 2314 enim
2186 2272 2198 2314 :

2316 2257 2531 2330 θλίψεως
2567 2259 2756 2333 μᾶλλον
2795 2258 2925 2314 εἶναι
2968 2265 3055 2314 τὸν
3086 2264 3266 2336 καιρὸν
3312 2270 3495 2316 τοῦτον
3542 2268 3636 2317 καὶ
3670 2274 3907 2338 σφαγῆς,

2315 2354 2388 2407 duo
2397 2354 2453 2401 σὶ
2478 2349 2602 2423 γάρ’

618 2440 783 2496 Vers.
834 2442 925 2496 22.
977 2441 1218 2495 Potestis
1250 2470 1321 2479 —
1365 2437 1696 2506 baptizari?
1727 2436 2010 2493 Poculum
2064 2435 2206 2492 dicit

2385 2440 2615 2493 Δύνασθε
2696 2470 2764 2481 -
2835 2439 3194 2513 βαπτισθῆναι
3248 2458 3263 2509 ;
3339 2446 3596 2518 Ποτὴριον
3672 2447 3733 2497 τὸ
3824 2454 3918 2500 τοῦ

544 2531 776 2597 mortis,
808 2533 867 2585 et
888 2529 1260 2601 baptismum
1291 2528 1391 2601 qui
1420 2527 1484 2582 ﬁt
1514 2542 1620 2599 per
1649 2527 2027 2597 sanguinem.
2056 2528 2197 2582 Nam

2316 2529 2539 2581 θανάτου
2582 2528 2737 2602 λέγει,
2792 2534 2883 2582 καὶ
2930 2528 3235 2604 βάπτισμα,
3287 2534 3345 2584 τό
3397 2526 3472 2583 δι’
3529 2534 3768 2605 αἳματος.
3810 2539 3918 2594 Τὴν

545 2626 605 2677 et
633 2620 919 2691 poculum
939 2623 996 2674 et
1024 2618 1393 2689 baptismum
1418 2622 1593 2673 vocat
1614 2616 1840 2672 caedem
1871 2632 1885 2671 :
1915 2617 2198 2687 poculum

2316 2622 2524 2691 σφαγὴν
2567 2620 2671 2693 γὰρ
2726 2618 2964 2693 ὀνομάζει
3009 2624 3099 2672 καὶ
3148 2625 3399 2694 ποτήριον
3453 2626 3543 2674 καὶ
3591 2621 3908 2697 βάπτισμα,

545 2710 813 2782 quidem,
845 2713 1041 2779 utpote
1068 2708 1203 2763 lauto
1223 2708 1426 2762 animo
1452 2722 1561 2778 pro
1591 2706 1939 2761 hominibus
1961 2720 2198 2776 suscep-

2315 2712 2568 2783 Ποτήριον
2621 2710 2732 2781 μὲν,
2800 2710 2870 2772 ὡς
2926 2705 3095 2772 ἡδέως
3147 2707 3572 2786 προσδεχθεῖσαν
3626 2713 3756 2785 ὑπὲρ
3811 2722 3916 2765 τῶν

546 2802 668 2855 tam
703 2815 716 2865 ;
746 2797 1113 2868 baptismum
1144 2812 1301 2862 vero,
1335 2802 1623 2868 tanquam
1656 2794 2066 2866 puriﬁcatione
2106 2794 2199 2865 ip-

2315 2795 2615 2870 ἀνθρὼπων·
2672 2796 2956 2873 βάπτισμα
3003 2794 3082 2869 δὲ,
3145 2800 3213 2863 ὡς
3256 2802 3538 2875 καθάρσιον
3584 2798 3769 2854 αὐτῶν.
3818 2801 3913 2853 Εἰ-

546 2903 772 2945 sorum.
798 2885 1039 2940 Addens
1060 2890 1279 2949 autem,
1308 2886 1476 2951 Quod
1500 2900 1597 2954 ego
1631 2884 1920 2940 bibiturus
1944 2898 2096 2947 sum,
2125 2886 2199 2949 et,

2313 2891 2422 2940 πὼν
2467 2884 2546 2953 δὲ,
2591 2888 2672 2941 ὅτι
2718 2885 2785 2940 Ὀ
2838 2886 2937 2961 ἐγὼ
2984 2893 3138 2957 πίνω,
3186 2892 3274 2941 καὶ
3306 2895 3373 2942 '0
3412 2888 3509 2962 ἐγὼ
3554 2887 3903 2963 βαπτίζομαι,

548 2978 674 3046 Quo
699 2991 803 3047 ego
836 2974 1124 3042 baptizor,
1166 2973 1522 3039 subindicat,
1554 2973 1714 3045 quod
1749 2972 1851 3044 qui
1883 2971 2201 3027 afﬂictioni-

2313 2973 2702 3049 παρεδήλωσεν,
2758 2978 2822 3039 ὡς
2867 2978 2893 3030 ὁ
2944 2982 3016 3051 μὴ
3063 2986 3314 3031 κοινωνῶν
3357 2986 3450 3032 τοῦ
3496 2981 3690 3040 πάθους
3723 2979 3906 3050 αὐτοῦ,

542 3068 661 3125 bus
685 3066 815 3137 ejus
833 3081 957 3121 non
976 3064 1403 3129 communicat,
1450 3078 1645 3135 neque
1689 3078 1878 3137 regno
1903 3078 2012 3117 suo
2038 3077 2195 3118 com-

1755 3078 1878 3137 gno
1903 3078 2012 3117 suo
2038 3077 2204 3118 com-
2314 3061 2439 3119 οὐδὲ
2464 3073 2561 3128 τῆς
2589 3064 2859 3139 βασιλείας
2896 3068 3055 3121 αὐτοῦ
3086 3073 3405 3127 κοινωνήσει.

543 3156 890 3215 municabit.
2240 3169 2281 3225 ρ

615 3250 780 3305 Vers.
810 3249 898 3302 22.
946 3247 1162 3303 Dicunt
1200 3247 1252 3301 ei
1283 3261 1300 3301 :
1327 3246 1665 3301 Possumus.
1707 3243 1924 3301 Omnia
1962 3242 2204 3315 promit-

2385 3248 2643 3318 Λίγουσιν
2706 3247 2869 3301 αὐτῶο
2941 3250 3229 3322 Δυνάμεθα.
3317 3249 3497 3302 Πάντα
3566 3247 3915 3321 ἓπαογγέλλον-

544 3342 676 3397 tunt
705 3338 1048 3410 petitionem
1081 3336 1363 3407 consequi
1389 3334 1711 3406 cupientes.
1744 3333 2197 3405 Chrysostomus

2313 3354 2420 3400 ται,
2450 3337 2726 3400 ποθοῦντες
2754 3344 2937 3411 τυχεῖν
2966 3337 3060 3400 τῆς
3103 3337 3379 3400 αἰτήσεως.
3408 3337 3468 3391 Ὀ
3510 3334 3570 3391 δὲ
3607 3340 3917 3413 Χρυσόοτο-

538 3434 746 3484 autem
784 3426 923 3483 dicit
963 3426 1129 3498 quod
1167 3441 1363 3497 neque
1406 3424 1624 3496 poculo
1672 3429 1729 3480 et
1764 3423 2070 3494 baptismo
2121 3423 2191 3477 int

2311 3428 2405 3498 μός
2433 3426 2549 3497 (18)
2589 3445 2768 3499 φησιν,
2800 3428 2880 3480 ὅτι
2910 3423 3034 3480 οὐδὲ
3063 3430 3121 3480 τὸ
3148 3432 3397 3500 ποτήριον
3424 3432 3515 3481 καὶ
3540 3430 3598 3481 τὸ
3631 3426 3921 3501 βάπτισμα

544 3516 813 3585 tellectis,
844 3533 879 3572 a
905 3516 1033 3571 sola
1059 3515 1245 3571 animi
1268 3513 1737 3585 promptitudine
1763 3513 2014 3584 gratiam
2036 3526 2197 3584 quaa-

2311 3519 2607 3581 νοήσαντες,
2660 3515 2760 3570 ἀπὸ
2812 3525 2899 3579 τῆς
2945 3519 3242 3592 προθυμίας
3293 3521 3456 3591 μόνης
3507 3518 3797 3573 κατέθεντο.
3852 3522 3919 3570 Τί

545 3607 777 3662 rebant.
813 3604 965 3670 Quid
995 3620 1139 3674 ergo
1169 3603 1453 3658 Christus.

1103 3620 1139 3659 ο
1169 3603 1453 3658 Christus.
2312 3599 2399 3657 οὖν
2430 3606 2456 3657 ό
2485 3610 2752 3679 Χριστόςς

614 3697 778 3751 Vers.
817 3696 906 3752 23.
949 3696 1027 3750 Et
1067 3725 1136 3737 -
1163 3692 1627 3766 paptizabimini.
1678 3690 2077 3763 Prophetabat
2114 3690 2200 3746 eis

2384 3697 2486 3747 Καὶ
2570 3724 2641 3735 --
2719 3693 3173 3768 βαπτισθήσεσθε.
3244 3701 3631 3772 Προεφήτευσεν
3708 3695 3916 3766 αὐτοῖς,

545 3786 705 3861 quod
750 3785 864 3857 ipsi
913 3800 1157 3858 quoque
1196 3783 1503 3840 occidendi
1547 3787 1762 3847 essent,
1806 3798 1875 3838 ac
1932 3776 2198 3853 martyrii

2313 3783 2393 3835 ὅτι
2428 3786 2519 3835 καὶ
2562 3782 2711 3836 αὐτοὶ
2752 3787 3135 3857 σφαγήσονται,
3181 3789 3270 3838 καὶ
3312 3790 3638 3860 μαρτυρικοῦ
3687 3786 3914 3838 θανάτου

542 3882 732 3934 morte
769 3874 1129 3932 honorandi.
1169 3876 1233 3929 Et
1265 3874 1338 3928 de
1374 3872 1596 3929 Jacobo
1619 3871 1857 3944 quidem
1885 3876 2195 3937 noverunt,

2312 3871 2817 3935 καταξιωθήσονται.
2885 3878 2986 3927 Καὶ
3057 3879 3176 3949 περὶ
3245 3877 3335 3948 μὶν
3406 3871 3660 3929 Ἰακώδου
3726 3876 3918 3937 πάντες

543 3982 775 4031 omnes,
807 3964 973 4038 quod
1004 3964 1081 4019 ab
1109 3963 1338 4019 Herode
1368 3962 1658 4019 tetrarcha
1684 3962 1757 4017 sit
1788 3962 2196 4034 interemptus.

2314 3959 2544 4027 οἴδασιν,
2594 3963 2676 4015 ὅτι
2722 3961 2945 4038 ἀνῃρέθη
2998 3966 3141 4038 παρὰ
3185 3963 3421 4041 Ἠρὼϐου
3460 3971 3552 4016 τοῦ
3586 3964 3910 4037 τετράρχου·

542 4058 621 4112 De
659 4057 883 4110 Joanne
925 4069 1068 4107 vero
1115 4052 1365 4124 quaestio
1404 4055 1489 4107 est
1536 4051 1695 4121 apud
1736 4051 1975 4107 multos.
2027 4053 2195 4111 Aiunt

2311 4056 2430 4127 περὶ
2482 4049 2543 4106 δὲ
2593 4059 2684 4105 τοῦ
2742 4052 2977 4107 Ἰωάννου
3040 4058 3264 4118 ζήτησίς
3320 4053 3433 4107 ἐστι
3483 4053 3629 4126 παρά
3683 4053 3913 4114 πολλοῖς.

545 4143 706 4198 enim
732 4143 895 4212 quod
924 4141 1067 4212 quia
1116 4137 1423 4193 infallibile
1456 4141 1548 4192 est
1581 4138 1791 4194 Christi
1832 4140 2198 4209 vaticinium,

2314 4145 2449 4194 Φασὶ
2493 4143 2616 4214 γὰρ,
2650 4144 2717 4204 ὡς
2766 4141 2873 4196 ἐπεὶ
2918 4140 3160 4214 ἀψευδὴς
3190 4145 3221 4202 ἡ
3254 4150 3347 4196 τοῦ
3393 4150 3628 4219 Χριστοῦ
3679 4142 3916 4219 πρόῥρη-

545 4235 602 4288 et
617 4230 710 4284 ille
735 4230 1007 4283 nondum
1028 4225 1295 4296 martyrii
1330 4229 1579 4281 mortem
1606 4227 1900 4295 sustinuit,
1930 4230 2198 4287 nondum

2316 4249 2418 4296 σις,
2490 4234 2579 4283 xut
2633 4234 2775 4284 οὔπω
2831 4236 3152 4308 μαρτυρικόν
3203 4232 3355 4293 οὗτος
3409 4233 3607 4290 ὑπέστη
3670 4234 3914 4300 θάνατον,

545 4322 817 4376 mortuus
861 4320 966 4382 est,
1009 4316 1111 4370 sed
1158 4314 1356 4370 adhuc
1400 4314 1560 4383 vivit,
1602 4321 1658 4370 et
1700 4332 1837 4373 cum
1883 4319 2101 4389 Enoch,
2148 4324 2198 4377 et

2313 4320 2456 4371 οὔπω
2501 4321 2757 4386 τέθνηκεν,
2813 4320 2922 4373 ἀλλ’
2965 4322 3041 4374 ἔτι
3091 4321 3178 4394 ζῇ,
3220 4326 3310 4374 καὶ
3358 4321 3526 4394 μέλλει
3573 4325 3702 4395 μετά
3743 4321 3914 4395 Ἐνὼχ

545 4408 671 4464 Elia
697 4406 848 4462 circa
876 4405 1073 4460 saeculi
1100 4404 1680 4460 consummationem
1701 4407 2064 4463 occidendus
2095 4415 2198 4465 est.

2311 4413 2401 4461 καὶ
2470 4408 2646 4462 Ἠλιοῦ
2698 4418 2961 4482 σφαγῆναι
3012 4412 3145 4463 κατά
3191 4414 3277 4463 τὸν
3320 4421 3407 4472 τῆς
3459 4411 3745 4471 συντελείας
3794 4431 3912 4463 και-

548 4497 1008 4570 Chrysostomus
1044 4499 1242 4552 autem
1287 4494 1590 4551 manifeste
1620 4496 1810 4561 docet,
1848 4498 2013 4571 quod
2043 4516 2201 4555 mor-

2259 4530 2278 4583 )
2311 4503 2422 4574 ρόν.
2453 4498 2512 4551 ⁸0
2561 4496 2620 4553 δὲ
2667 4505 3048 4573 Χρυσόστομος
3095 4496 3345 4554 διδάσκει
3381 4509 3627 4573 φανερῶς,
3661 4502 3739 4552 ὃτι
3781 4498 3912 4552 ἀπέ-

544 4590 683 4643 tuus
735 4588 821 4641 est
850 4589 907 4641 et
935 4584 1345 4655 interemptus.
1393 4584 1543 4640 Nam
1585 4585 2026 4657 interpretando
2070 4590 2197 4658 ejus

2314 4590 2450 4658 θανε,
2481 4592 2572 4641 καὶ
2619 4590 2696 4641 ὅτι
2739 4587 2962 4662 ἐσφάγη·
2995 4594 3053 4642 τὸ
3095 4592 3197 4664 γὰρ
3231 4589 3342 4642 κατ’
3396 4590 3551 4643 αὐτὸν
3594 4587 3906 4658 samum

545 4674 954 4745 Evangelium,
985 4675 1063 4729 ait
1086 4673 1160 4730 de
1180 4672 1282 4729 illo
1310 4673 1577 4729 secunda
1604 4674 1851 4731 homilia
1883 4693 1897 4730 :
1940 4678 2198 4748 Evange-

2311 4678 2621 4751 ἑρμηνεύων,
2670 4676 2719 4730 ἓν
2914 4687 2986 4750 τῷ
3032 4679 3148 4751 (19)
3205 4675 3430 4753 δευτέρῳ
3471 4678 3603 4750 λόγῳ
3650 4678 3767 4749 περὶ
3812 4674 3903 4726 αὖ·

541 4766 622 4822 lio
681 4768 873 4821 totum
940 4762 1388 4835 comprehendit
1456 4764 1680 4829 orbem,
1754 4779 2002 4836 corpore
2058 4781 2194 4823 vero

2310 4775 2400 4819 τοῦ
2458 4786 2635 4840 φησιν,
2688 4770 2769 4820 ὅτι
2817 4775 2900 4839 Τῷ
2957 4771 3046 4842 μὲν
3105 4768 3399 4842 Εὐαγγελίῳ
3447 4773 3541 4827 την
3598 4765 3902 4838 οἰκουμένην

545 4854 808 4910 mediam
833 4853 1091 4909 obtinuit
1116 4852 1338 4918 Asiam,
1364 4852 1493 4907 dico
1523 4867 1669 4907 sane
1700 4853 2002 4923 Ephesum
2032 4870 2046 4919 ;
2078 4857 2198 4911 ani-

2308 4856 2581 4909 κατέλαϐεν
2651 4856 2880 4910 ἅπασαν·
2940 4865 3012 4929 τῷ
3067 4854 3125 4911 δε
3187 4863 3391 4930 σώματι
3445 4862 3611 4931 μέσην
3672 4858 3909 4928 κατέσχε

542 4959 646 5000 ma
665 4948 868 4999 autem
893 4942 972 4999 ad
998 4942 1167 4997 illum
1191 4942 1435 4998 secessit
1461 4941 1659 4996 locum
1686 4942 1790 5013 qui
1816 4942 2040 4997 sanctis
2063 4960 2195 5001 con-

2307 4951 2402 5005 τὴν
2441 4946 2641 5011 Ἀσίαν,
2690 4952 2823 5021 φημὶ
2854 4943 2948 5019 δὴ,
2988 4952 3077 5006 τὴν
3115 4946 3353 5020 Ἔφεσον·
3384 4955 3446 5021 τῇ
3496 4943 3557 5000 δε
3578 4944 3734 5018 ψυχῇ
3776 4949 3913 5019 πρὸς

544 5047 730 5102 gruus
759 5035 868 5086 est.
908 5031 974 5085 In
1004 5031 1198 5102 prima
1234 5046 1376 5086 vero
1407 5027 1566 5095 dicit,
1595 5029 1761 5102 quod
1781 5030 1959 5087 etiam
1990 5033 2197 5091 Christi

2306 5038 2391 5090 τὸν
2440 5039 2594 5089 τόπον
2643 5034 2925 5113 ἀνέδραμεν
2969 5036 3176 5105 ἐκεῖνον,
3226 5039 3314 5090 τὸν
3360 5042 3467 5098 τοῖς
3520 5034 3694 5108 ἁγίοις
3735 5032 3912 5107 ἁρμό-

544 5120 692 5177 bibit
732 5119 1039 5193 poculum.
1080 5123 1139 5177 et
1179 5118 1473 5192 baptismo
1516 5119 1646 5191 ejus
1695 5119 2029 5192 baptizatus
2062 5126 2194 5179 est:

2309 5126 2484 5189 ζοντα.
2523 5127 2604 5181 Ἐν
2663 5123 2724 5193 δε
2767 5136 2839 5200 τῷ
2885 5133 3076 5203 πρώτῳ
3120 5126 3272 5199 λέγει,
3323 5127 3401 5179 ὃτι
3450 5128 3542 5178 καὶ
3584 5127 3645 5177 τὸ
3676 5124 3791 5198 (20)
3822 5142 3918 5177 πο-

616 5298 869 5371 "jMarc.
901 5312 963 5364 x,
994 5296 1085 5366 35,
1124 5296 1213 5353 36.

1760 5429 1983 5499 Varias
2012 5429 2341 5498 lectiones
2374 5439 2440 5497 et
2479 5439 2684 5497 notae.

617 5620 734 5765 Em;
765 5620 932 5675 Tom.
969 5621 1080 5684 VII,
1108 5636 1167 5692 p.
1198 5619 1323 5678 646.
2389 5625 2497 5697 (20)
2552 5626 2717 5683 Tom.
2774 5626 2916 5695 VIII,
2974 5642 3033 5699 p.
3088 5632 3140 5684 2.
3194 5627 3456 5701 Apparet
3489 5640 3653 5697 ergo,
3696 5621 3922 5695 Euthy-

646 5695 709 5748 ιθ
760 5694 926 5750 Tom.
956 5690 1099 5759 Vm,
1130 5708 1190 5765 ρ.
1224 5692 1278 5748 7.

646 5690 730 5765 ιθ)
760 5694 926 5750 Tom.
956 5690 1190 5765 Vm,‘p.
1224 5692 1278 5748 7.
