4186 6318
231 337 338 392 541

1239 334 1608 390 COMMENT.
1662 333 1729 388 IN
1769 331 2211 388 MATTH/EUM.
2255 369 2318 376 —
2359 338 2516 393 CAP.
2570 339 2690 394 XV.

3505 335 3611 390 542

230 467 422 536 τήριον
474 468 567 511 του
631 467 858 533 Χριστοῦ
913 464 1038 523 ἓπίε,
1098 466 1186 512 καὶ
1237 465 1294 512 rb
1353 459 1632 531 βάπτισμα
1682 459 1841 509 αὐτου

1962 459 2248 515 voluntate
2279 463 2427 516 enim
2460 463 2629 517 ethic
2661 463 3038 536 interemptus
3080 472 3184 531 est,
3229 465 3423 538 plagis
3454 480 3614 518 mar-

232 549 584 602 ἐϐαπτίσατο.
639 556 713 620 Τῇ
774 554 1073 622 προαιρέσει
1128 553 1228 624 γάρ
1281 549 1479 621 ἐσφάγη
1527 554 1616 600 καὶ
1675 547 1843 613 οὗτος,

232 643 337 700 τάς
388 641 714 710 μαρτυρικάς
765 637 970 708 πληγὰς
1031 640 1284 699 ὑποστὰς,
1338 644 1426 690 καὶ
1481 643 1645 709 μυρία
1703 633 1848 687 δεινά

233 731 419 781 παθὼν
469 725 562 779 διὰ
608 731 696 779 τὸν
743 731 988 800 Χριστόν.
1051 727 1302 789 Ἀθλητής
1349 730 1448 802 γὰρ
1498 731 1587 778 καὶ
1627 728 1843 798 μάρτυς,

694 814 879 888 βιαίως
951 814 1218 868 ἀποθανὼν
1295 813 1387 869 διά
1449 821 1533 868 τὸν
1591 818 1842 888 Χριστόν,

241 905 375 958 ἀλλά
417 909 507 957 καὶ
571 906 598 956 ὁ
656 907 1010 976 μαστιγωθεὶς
1064 911 1154 958 καὶ
1200 908 1578 965 κακοπαθήσας
1626 900 1702 956 δι’
1758 902 1847 954 αύ-

238 818 303 870 ού
369 821 522 889 μόνον
588 815 614 868 ὃ

242 999 354 1050 τὸν.
446 995 768 1068 Εὑρίσκομεν
831 997 933 1066 γὰρ
1008 999 1098 1046 καὶ
1163 998 1294 1067 μετὰ
1376 1003 1556 1047 τοῦτον
1630 991 1845 1051 πολλοὺς

245 1083 578 1145 ἀθλήσαντας
632 1085 742 1154 μεν,
817 1087 912 1141 τήν
971 1080 1030 1136 δὲ
1097 1084 1282 1155 ψυχήν
1349 1086 1398 1136 ἐν
1451 1084 1623 1157 εἰρήνη
1681 1100 1846 1153 παρα-

253 1176 488 1245 θεμένους
524 1179 656 1242 Θεῷ,
695 1176 785 1224 καὶ
829 1169 924 1224 διὰ
969 1179 1124 1225 τοῦτο
1167 1179 1323 1245 φήσει
1364 1193 1444 1234 τις
1492 1172 1603 1243 (21)
1657 1171 1846 1230 αὐτοὺς

253 1261 596 1320 ἐκϐεϐλῆσθαι
638 1269 728 1312 τοῦ
756 1269 1082 1335 μαρτυρικοῡ
1123 1260 1441 1334 ἀξιώματος.
1497 1261 1619 1313 Ὀτι
1664 1257 1723 1312 δὲ
1769 1263 1846 1311 τέ-

251 1353 460 1419 θνηκεν,
494 1350 643 1412 αὐτὸς
683 1350 836 1412 οὗτός
875 1369 1054 1421 φησιν,
1105 1351 1155 1402 ἐν
1189 1358 1262 1420 τῷ
1309 1351 1611 1422 Εὗσγγεγίῳ
1641 1352 1730 1421 μεν
1768 1347 1847 1400 λέ-

240 1459 374 1511 γων,
419 1441 496 1490 ὅτι
545 1439 654 1490 Οὐκ
707 1440 842 1491 εἶπεν
899 1439 1039 1509 αύτῷ
1088 1441 1114 1490 ό
1174 1440 1396 1505 Ἰησοῦς,
1443 1441 1524 1491 ὃτι
1577 1438 1668 1490 ούκ
1718 1437 1844 1489 ἀπο-

242 1530 482 1586 θνήσκω
537 1527 585 1578 ἐν
636 1524 694 1580 δὲ
741 1535 802 1600 τῇ
856 1526 1022 1600 βίϐλῳ
1065 1536 1157 1590 τῆς
1208 1528 1625 1599 Ἀποκαλύψεως,
1683 1546 1844 1601 προσ·

237 1622 366 1689 ώπῳ
430 1624 519 1669 τοῦ
573 1623 829 1691 Σωτῆρος,
887 1620 966 1670 ὅτι
1027 1618 1128 1671 Καί
1179 1613 1335 1670 δώσω
1382 1625 1486 1678 τοῖς
1536 1613 1665 1670 δυσὶ
1703 1620 1841 1689 μάρ-

232 1711 364 1760 τυσί
448 1725 572 1778 μου,
664 1711 753 1758 καὶ
846 1709 1301 1780 προφητεύσουσιν
1400 1707 1592 1778 ἡμέρας
1682 1710 1841 1766 τόσας

234 1797 418 1867 Ἐνὼχ
453 1799 542 1848 καὶ
577 1793 775 1857 Ἠλίας.

310 1888 382 1937 Τὸ
451 1881 510 1937 δε
559 1886 781 1936 καθίσαι
834 1915 904 1926 -
965 1904 1086 1956 μου.
1147 1884 1489 1957 Προλαϐόντες
1542 1885 1836 1957 εἰρήκαμεν,

233 1975 324 2025 ὃτι
375 1976 434 2025 τὸ
493 1974 715 2025 καθίσαι
770 1971 825 2024 ἐκ
880 1970 1080 2039 δεξιῶν,
1134 1977 1165 2031 ἤ
1227 1973 1278 2036 ἐξ
1333 1973 1602 2046 εὐωνύμων
1658 1972 1838 2037 αὐτοῦ,

237 2064 371 2134 ὑπὲρ
450 2065 544 2120 τήν
603 2060 751 2124 ἀξίαν
809 2060 968 2126 ἐστὶν,
1024 2062 1083 2114 ού
1149 2066 1300 2134 μόνον
1351 2071 1450 2114 τῶν
1536 2061 1837 2134 ἀνθρώπων,

241 2151 376 2203 ἀλλὰ
426 2155 516 2203 καὶ
566 2159 666 2203 τῶν
718 2150 820 2203 ἂνω
865 2148 1151 2223 δυνάμεων·
1190 2151 1368 2204 λοιπὸν
1419 2148 1507 2203 οὖν
1545 2149 1720 2212 οὐδεὶς
1748 2170 1840 2202 καο

243 2237 492 2294 θεδεῖται.
549 2244 651 2292 Καὶ
706 2249 812 2301 πῶς
866 2239 1084 2293 ἐνταῦθά
1141 2261 1317 2314 φησιν,
1384 2242 1464 2292 ὅτι
1518 2241 1627 2292 Ούκ
1699 2243 1836 2292 ἔστιν

239 2330 364 2401 ἐμὸν
425 2326 628 2394 δοῦναι,
703 2327 808 2380 ἀλλ’
866 2328 1065 2381 ἐκείνων
1140 2329 1298 2395 ἐστὶν,
1373 2327 1449 2391 οἷς
1520 2331 1837 2401 ἡτοίμασται

236 2420 340 2472 ὑπό
393 2425 485 2470 τοῦ
547 2422 748 2491 Πατρός
793 2435 932 2490 μου;
983 2422 1220 2471 Δείκνυσι
1265 2421 1388 2492 γὰρ,
1439 2419 1518 2471 ὅτι
1558 2413 1836 2470 καθεδοῦν-

235 2512 327 2560 ταί
378 2525 527 2568 τινες.
583 2511 812 2578 Λέγομιν
866 2503 972 2572 οὖν,
1027 2510 1096 2568 ὡς
1148 2506 1254 2558 ἐπεὶ
1310 2503 1590 2580 προεδρίαν
1636 2505 1682 2557 ἐν
1733 2513 1837 2566 τοίς

238 2599 500 2670 μαθηταῖς
554 2597 793 2668 ᾐτοῦντο,
853 2596 1029 2648 λοιπὸν
1094 2598 1119 2647 ό
1178 2599 1406 2669 Χριστὸς
1460 2593 1719 2670 καθέδραν
1783 2599 1837 2648 ἑκ

242 2684 428 2749 δεξιῶν
481 2692 570 2738 καὶ
629 2685 681 2748 ἐξ
741 2686 1010 2758 εὐωνύμων
1067 2684 1203 2758 λέγει
1254 2691 1348 2744 τήν
1405 2690 1615 2761 πρώτην
1691 2685 1838 2747 τάξιν

240 2775 290 2828 ἐν
347 2773 546 2843 αὐτοῖς,
593 2777 656 2837 ἧς
706 2774 1088 2838 ἀξιωθήσονται
1145 2779 1338 2850 Πέτρος
1379 2795 1468 2828 και
1517 2774 1738 2838 Παῦλος,
1791 2777 1839 2827 οἱ

242 2871 523 2939 κορυφαῖοι
576 2873 674 2916 τῶν
726 2866 992 2937 μαθητῶν,
1037 2866 1104 2926 ὡς
1154 2863 1324 2916 πλεῖον
1356 2873 1453 2916 τῶν
1493 2863 1657 2916 ἄλλων
1709 2864 1840 2917 πάν-

244 2975 347 3007 των
381 2952 774 3024 ἀγωνισάμενοι.

329 3045 432 3095 Καὶ
484 3050 588 3102 πῶς
641 3043 664 3093 ὁ
717 3039 1110 3115 παντοδύναμος
1181 3039 1430 3095 ἀδυνατεῖ
1487 3040 1670 3096 δοῦναι
1721 3047 1844 3098 ταύ-

1956 547 2089 617 tyrii
2123 551 2430 621 susceptis,
2458 556 2514 605 et
2544 567 2756 621 passus
2799 553 3114 611 innumera
3157 559 3397 626 propter
3426 553 3611 607 Chris-

1957 640 2083 690 tum
2116 638 2398 706 pericula.
2433 643 2580 694 Nam
2615 639 2832 696 athleta
2859 657 2928 696 ac
2975 650 3200 716 martyr
3245 644 3455 698 dicitur
3485 656 3610 697 non

1956 725 2150 780 solum
2182 727 2285 798 qui
2313 728 2560 783 violente
2592 733 2861 784 mortuus
2890 737 2975 787 est
3019 738 3259 805 propter
3291 733 3606 794 Christum,

1956 829 2160 870 verum
2191 816 2368 871 etiam
2388 818 2491 888 qui
2517 817 2848 886 ﬂagellatus
2870 826 2973 886 est,
3001 822 3234 893 aliaque
3255 822 3441 878 multa
3472 836 3612 892 pas-

1956 919 2058 958 sus
2082 909 2324 975 propter
2348 921 2506 960 eum.
2538 907 2879 961 Invenimus
2897 908 3194 980 siquidem
3218 915 3274 966 et
3303 910 3608 982 posthunc

1955 993 2264 1064 plerosque
2291 999 2545 1051 certasse
2570 994 2838 1066 quidem,
2866 1012 3076 1053 verum
3095 998 3436 1054 animamin
3461 1011 3608 1070 pace

1956 1083 2076 1136 Deo
2107 1084 2568 1140 commendasse
2603 1101 2752 1151 ;nec
2808 1091 3049 1165 propter
3097 1088 3213 1144 hoc
3265 1087 3422 1142 dicet
3452 1084 3612 1158 quis-

1954 1172 2108 1243 piam
2130 1189 2230 1228 eos
2249 1189 2284 1229 a
2310 1179 2574 1249 martyrii
2597 1181 2886 1236 excidisse
2907 1179 3192 1249 dignitate
3213 1176 3382 1242 Quod
3409 1178 3608 1231 autem

1955 1266 2227 1318 mortuus
2258 1265 2347 1334 sit,
2383 1266 2512 1337 ipse
2569 1269 2727 1326 idem
2783 1270 2857 1325 ait
2888 1270 2946 1324 in
2992 1266 3311 1339 Evangelio
3365 1264 3612 1336 quidem

1955 1351 2154 1406 dicens
2189 1369 2200 1405 :
2234 1354 2370 1409 Non
2397 1355 2548 1412 dixit
2575 1359 2628 1413 ei
2653 1359 2842 1414 Jesus.
2894 1359 3026 1414 Non
3058 1357 3307 1412 moritur
3339 1355 3407 1407 ⁸ο.
3444 1355 3506 1408 In
3548 1353 3613 1407 1i-

1955 1439 2064 1496 bro
2097 1447 2297 1498 autem
2340 1445 2733 1517 Apocalypsis
2765 1449 2874 1502 sub
2929 1462 3187 1518 persona
3240 1443 3561 1500 Salvatoris
3593 1457 3607 1496 :

1954 1530 2032 1585 Et
2070 1532 2220 1587 dabo
2251 1533 2471 1589 duobus
2503 1536 2744 1591 testibus
2774 1538 2929 1603 meis,
2982 1542 3034 1590 et
3063 1535 3494 1606 prophetabunt
3527 1536 3606 1586 tot

1955 1622 2361 1678 diebusamicti
2373 1625 2558 1680 saccis
2573 1627 2614 1660 ⁶¹
2629 1625 2749 1681 .Hic
2771 1629 2973 1680 autem
2989 1629 3129 1679 sunt
3145 1623 3343 1678 Enoch
3361 1626 3418 1676 et
3431 1620 3605 1676 Elias.

1956 1712 2090 1784 (2'2),
2186 1712 2613 1788 περιϐεϐλημένοι
2707 1717 2956 1775 σάκκους.
3069 1714 3229 1767 Οὗτοι
3321 1710 3380 1767 δὲ
3475 1711 3605 1764 εἰσιν

2022 1894 2179 1946 Vers.
2212 1893 2298 1947 23.
2324 1892 2535 1948 Sedere
2549 1899 2746 1948 autem
2775 1923 2845 1933 -
2866 1908 3010 1948 meo.
3033 1893 3097 1947 In
3123 1889 3605 1963 praecedentibus

1950 1979 2232 2045 diximus,
2260 1979 2420 2052 quod
2459 1980 2663 2036 sedere
2695 1997 2730 2036 a
2753 1980 3009 2036 dexteris
3031 1980 3161 2050 ejus
3197 1983 3299 2033 aut
3331 1976 3606 2040 sinistris,

1949 2070 2182 2127 excedit
2232 2069 2575 2142 dignitatem
2609 2085 2727 2125 non
2757 2070 3071 2125 hominum
3130 2066 3349 2135 solum,
3403 2081 3607 2122 verum

1948 2160 2124 2216 etiam
2155 2175 2547 2232 supernarum
2579 2160 2864 2215 virtutum
2896 2176 2909 2225 ;
2944 2158 3132 2214 nullus
3180 2158 3379 2229 itaque
3438 2159 3611 2211 sede-

1944 2248 2052 2306 bit.
2094 2253 2161 2306 Et
2185 2249 2492 2322 quomodo
2516 2249 2612 2304 hic
2643 2249 2778 2304 dicit
2801 2265 2813 2303 :
2833 2250 2963 2304 Non
2993 2254 3076 2304 est
3111 2263 3296 2303 meum
3323 2246 3483 2310 dare,
3509 2245 3611 2301 sed

1945 2339 2019 2394 iis
2045 2341 2322 2409 contingit
2349 2338 2560 2409 quibus
2577 2345 2845 2409 paratum
2867 2344 2950 2394 est
3002 2354 3039 2393 a
3070 2339 3248 2392 Patre
3275 2350 3396 2391 meo
3416 2336 3443 2388 ?
3509 2337 3610 2390 Os-

1944 2428 2132 2484 tendit
2155 2428 2312 2482 enim
2331 2427 2633 2498 quosdam
2656 2442 2941 2482 sessuros.
2968 2426 3228 2480 Dicimus
3267 2439 3408 2492 ergo
3442 2423 3608 2494 quod

1945 2533 2084 2574 cum
2140 2517 2652 2588 prmeminentiam
2703 2517 2854 2571 inter
2907 2514 3236 2586 discipulos
3322 2515 3605 2584 peterent,

1944 2623 2108 2664 nunc
2158 2605 2421 2661 Christus
2471 2606 2820 2662 cathedram
2869 2623 2902 2660 a
2953 2604 3176 2660 dextris
3237 2607 3294 2658 et
3357 2601 3608 2656 sinistris

1947 2697 2089 2753 dicit
2144 2696 2399 2767 primam
2447 2696 2595 2751 inter
2637 2695 2805 2767 ipsos
2855 2697 3081 2759 sedem,
3135 2708 3258 2765 quo
3306 2695 3507 2746 Petrus
3555 2693 3613 2745 et

1949 2785 2162 2842 Paulus
2192 2784 2548 2856 dignihabiti
2576 2789 2717 2840 sunt
2743 2785 3040 2856 principes
3070 2782 3518 2854 discipulorum,
3546 2782 3613 2835 ut

1950 2876 2053 2948 qui
2077 2875 2214 2947 plus
2244 2874 2466 2931 cmteris
2501 2873 2938 2931 laboraverunt.

2027 3055 2091 3108 Et
2119 3051 2430 3125 quomodo
2456 3051 2553 3122 qui
2582 3051 2961 3123 omnipotens
3012 3057 3117 3117 est,
3153 3049 3230 3106 ad
3259 3050 3417 3105 hanc
3468 3049 3616 3104 dan-

247 3136 374 3198 τήν;
433 3131 542 3183 Οὐκ
584 3134 744 3198 ἔστιν,
788 3133 910 3204 ὅπερ
961 3131 1115 3201 εἶπεν,
1164 3129 1471 3205 ἀδυναμίας,
1518 3132 1644 3186 ἀλλά
1673 3131 1844 3187 δικαι-

1962 3143 2099 3199 dam
2123 3142 2389 3197 redditur
2418 3141 2715 3212 impotens
2739 3142 2767 3196 ?
2816 3139 2985 3205 Quod
3009 3140 3175 3204 dixit,
3235 3140 3364 3194 Non
3384 3143 3463 3193 est
3496 3153 3616 3192 non

246 3224 464 3282 οσύνης.
515 3221 656 3274 Ἐπεὶ
723 3223 825 3294 γὰρ
892 3224 1228 3296 χαρίσασθαι
1299 3223 1478 3285 αὐτοῖς
1553 3227 1648 3281 τήν
1720 3245 1843 3298 προ-

247 3308 428 3384 εδρίαν
486 3311 722 3382 ᾐτοῦντο,
774 3315 954 3383 φησὶν,
1011 3313 1089 3364 ὅτι
1141 3311 1252 3363 Οὐκ
1297 3314 1437 3364 ἔστιν
1485 3311 1604 3383 ἐμὸν
1643 3314 1701 3362 rb
1753 3316 1847 3369 τήν

245 3406 458 3475 πρώτην
507 3400 654 3464 τάξιν
697 3403 1055 3474 χαρίσασθαι’
1100 3409 1253 3453 τοῦτο
1295 3404 1396 3474 γὰρ
1444 3408 1532 3451 νῦν
1560 3403 1620 3453 rb
1667 3397 1849 3452 δοῦναι

249 3494 516 3562 σημαίνει,
588 3486 797 3551 δίκαιος
853 3492 956 3563 γὰρ
1012 3494 1138 3562 είμι,
1205 3495 1294 3543 καὶ
1349 3489 1846 3563 ἀπροσωπόληπτοςο

247 3579 354 3631 ἀλλ’
416 3579 618 3632 ὶκείνων
673 3579 814 3632 ἔστὶν
869 3579 1024 3645 αὕτη,
1083 3580 1161 3640 οἷς
1226 3581 1549 3651 ἡτοίμασται
1602 3581 1703 3632 ύπό
1757 3586 1850 3631 τοῦ

246 3672 450 3742 Πατρός
494 3688 615 3741 μου.
656 3667 1004 3740 Ἠτοίμασται
1048 3665 1107 3721 δὲ
1147 3676 1260 3730 τοῖς
1308 3665 1692 3741 δικαιόυμένοις
1723 3671 1849 3720 ταύ-

244 3776 338 3817 της
390 3764 594 3828 τυχεῖν.
646 3757 724 3812 Οὐ
780 3759 882 3829 γὰρ
938 3761 1090 3830 μόνον
1163 3762 1222 3810 τὸ
1292 3765 1548 3810 κοινωνεῖν
1615 3777 1704 3830 μοι
1757 3767 1853 3821 τῆς

248 3856 455 3918 σφαγῆς
495 3847 726 3918 προξενεῖ
755 3851 848 3905 τὴν
892 3851 1102 3921 πρώτην
1141 3847 1308 3913 τάξιν,
1356 3846 1484 3899 ἀλλά
1529 3849 1587 3898 τὸ
1625 3855 1853 3922 πρωτεῦ-

249 3955 344 3988 σαι
392 3937 598 3988 πάντων
651 3941 742 3988 καὶ
802 3934 849 3986 ἐν
917 3942 1035 3998 ταῖς
1087 3936 1292 3997 λοιπαῖς
1362 3934 1587 4008 ἀρεταῖς.
1658 3938 1854 3990 Ἐντεῦ-

250 4026 334 4076 θεν
376 4021 436 4077 δε
479 4024 711 4097 μάλιστα
746 4025 1033 4098 παρέθηξεν
1086 4025 1295 4087 αύτούς.
1349 4025 1470 4078 ’Υπό
1509 4033 1600 4077 τοῦ
1649 4030 1855 4100 Πατρός

247 4130 353 4182 μου
408 4109 466 4165 δὲ
524 4109 679 4178 εἶπεν,
739 4116 850 4186 ἅμα
891 4117 982 4186 μὲν
1026 4117 1111 4166 τὸν
1150 4118 1355 4189 Πατέρα
1401 4123 1582 4185 τιμῶν,
1635 4117 1746 4186 οἶμα
1794 4113 1854 4167 δὲ

245 4205 338 4253 καὶ
387 4201 566 4254 ἑαυτὸν
618 4207 992 4275 συνεμφαίνων,
1040 4205 1111 4265 ὡς
1163 4203 1352 4255 ταύτὸν
1390 4210 1463 4273 τῷ
1497 4208 1665 4279 Πατρὶ
1695 4201 1854 4256 δυνά-

244 4309 417 4362 μενον.
455 4291 587 4363 Ἐγὼ
615 4294 738 4366 γὰρ,
773 4297 924 4363 φησὶ,
955 4296 1045 4344 καὶ
1071 4293 1095 4343 ὁ
1130 4296 1310 4366 Πατήρ
1337 4291 1384 4344 ἓν
1419 4290 1587 4364 ἐσμεν.

322 4393 426 4441 Καὶ
482 4419 550 4431 -
593 4385 849 4462 ἀδελφῶν.
901 4392 966 4442 Οἱ
1016 4386 1114 4442 δύο
1160 4393 1249 4462 μὲν
1288 4398 1387 4441 τῶν
1431 4387 1560 4442 δέκα
1607 4394 1854 4462 μαθητῶν

1956 3230 2319 3303 impotentiae
2341 3234 2449 3293 est,
2481 3229 2587 3284 sed
2646 3229 2904 3299 justitim.
2939 3232 3085 3284 Nam
3117 3227 3260 3299 quia
3285 3227 3463 3299 gratis
3502 3225 3616 3282 sibi

1957 3319 2279 3390 primatum
2313 3317 2600 3389 petebant
2628 3333 2641 3372 :
2666 3320 2793 3372 Non
2824 3324 2936 3384 est,
2971 3317 3177 3386 inquit,
3223 3331 3427 3371 meum
3471 3315 3615 3370 dare

1958 3407 2141 3478 gratis
2170 3407 2494 3478 primatum
2527 3405 2651 3460 sive
2679 3405 2934 3476 primam
2969 3405 3194 3474 sedem,
3226 3405 3287 3460 id
3315 3405 3613 3476 siquidem

1958 3496 2250 3568 signiﬁcat
2267 3496 2408 3552 dare
2435 3513 2448 3563 ;
2473 3496 2670 3566 justus
2688 3494 2848 3550 enim
2865 3497 3048 3560 hum,
3074 3509 3196 3549 non
3222 3509 3618 3565 personarum

1959 3590 2255 3658 acceptor.
2289 3584 2403 3641 Sed
2428 3586 2562 3651 hoc,
2593 3584 2692 3650 ait,
2720 3589 2807 3640 est
2831 3584 3066 3639 illorum
3087 3583 3310 3655 quibus
3347 3589 3619 3655 paratum

1959 3680 2049 3732 est
2077 3691 2113 3730 a
2139 3677 2308 3729 Patre
2338 3689 2494 3731 meo.
2526 3677 2804 3730 Paratum
2836 3678 2924 3729 est
2955 3678 3156 3729 autem
3186 3673 3277 3728 his
3323 3673 3424 3745 qui
3456 3672 3620 3742 digni

1960 3768 2098 3820 sunt
2129 3769 2190 3818 ut
2205 3763 2318 3817 hoc
2332 3768 2791 3835 consequantur.
2811 3766 2934 3818 Non
2957 3763 3112 3817 enim
3130 3761 3257 3817 sola
3283 3761 3432 3816 nihil
3461 3760 3619 3816 caede

1959 3851 2407 3909 communicare
2454 3852 2713 3923 primam
2763 3851 3038 3908 conciliat
3064 3851 3292 3915 sedem,
3329 3849 3437 3904 sed
3507 3849 3621 3920 pri-

1960 3958 2094 3998 mas
2135 3940 2408 3997 omnium
2452 3941 2600 3996 ferre
2651 3941 2834 3997 etiam
2890 3941 2952 3995 in
3001 3939 3231 3996 cmteris
3278 3938 3618 3994 virtutibus.

1961 4031 2103 4087 Inde
2142 4036 2343 4086 autem
2396 4032 2652 4086 maxime
2691 4030 2956 4087 traduxit
2983 4029 3136 4084 illos.
3186 4029 3233 4083 A
3286 4029 3470 4084 Patre
3494 4043 3620 4083 meo

1962 4124 2164 4177 autem
2194 4119 2358 4182 dixit,
2416 4123 2540 4176 tum
2596 4123 2660 4175 ut
2703 4119 2938 4175 Patrem
2991 4119 3329 4181 honoraret,
3380 4121 3510 4172 tum
3560 4121 3624 4172 ut

1963 4210 2230 4282 seipsum
2259 4208 2695 4264 demonstraret
2730 4212 3021 4279 tanquam
3061 4207 3221 4263 idem
3271 4223 3403 4262 cum
3449 4206 3622 4261 Patre

1961 4303 2283 4371 potentem,
2310 4299 2453 4368 Ego,
2485 4297 2692 4368 inquit,
2724 4303 2776 4352 et
2803 4297 2978 4352 Pater
3006 4311 3193 4352 unum
3219 4310 3410 4351 sumus
3445 4295 3513 4348 ⁶².

2033 4388 2202 4443 Vers.
2225 4389 2312 4442 24.
2347 4388 2424 4441 Et
2449 4415 2518 4428 —
2539 4386 2860 4455 fratribus.
2880 4387 3005 4440 Duo
3032 4385 3281 4457 quidem
3308 4399 3492 4455 supra
3531 4383 3626 4439 de-

243 4479 677 4551 κατεπήρθησαν·
729 4481 778 4530 οί
831 4475 961 4530 δέκα
991 4475 1069 4542 δὲ,
1103 4486 1209 4539 τοῖς
1256 4475 1384 4530 δυσὶ⁵
1414 4481 1678 4550 μαθηταῖς
1707 4479 1846 4551 ἑφθός

1966 4494 2096 4534 cem
2118 4475 2447 4547 discipulos
2478 4474 2617 4530 elati
2648 4475 2882 4530 fuerant
2917 4496 2928 4527 :
2955 4473 3164 4529 decem
3191 4489 3334 4527 vero
3367 4472 3441 4527 de
3471 4472 3626 4528 duo-

242 4585 432 4631 νησαν,
478 4575 578 4618 τῶν
629 4573 890 4643 πρωτείων
941 4566 1238 4639 ἐφιεμένοις.
1294 4574 1445 4620 Οῡτω
1493 4570 1680 4629 πάντες
1719 4565 1853 4625 ἦσαν

246 4652 461 4718 ἀτελεῖς.
520 4660 678 4728 μήπω
726 4663 818 4709 τοῦ
879 4658 1016 4708 θείου
1074 4658 1368 4728 Πνεύματος
1422 4653 1856 4727 ἐπιφοιτήσαντος

246 4743 454 4804 αὐτοῖς.
486 4743 621 4797 Ἀλλ’
651 4745 866 4817 ὕστερον
901 4745 1090 4807 αὐτοὺς
1133 4746 1425 4817 κατάμαθε,
1457 4749 1546 4798 καὶ
1576 4744 1693 4815 ὄψει
1727 4765 1854 4798 παν-

246 4835 346 4893 τὸς
393 4834 583 4895 πάθους
627 4833 1072 4906 ἀπηλλαγμένους,
1130 4839 1220 4887 καὶ
1277 4833 1531 4895 ἀλλήλους
1589 4831 1856 4888 ἐπαινοῦν-

245 4940 370 4992 τας,
428 4928 517 4977 καὶ
580 4922 812 4986 ἀλλήλοις
883 4932 985 4976 τῶν
1045 4927 1310 4998 πρωτείων
1383 4930 1851 4996 παραχωροῦντας.

326 5049 378 5084 ⁶⁰
395 5049 567 5106 Joan.
588 5065 704 5117 xxx,
727 5049 819 5105 23.
897 5049 942 5085 ⁶¹
971 5051 1154 5120 Apoc.
1183 5063 1259 5114 x1,
1282 5048 1335 5105 3.

1414 5049 1461 5083 ”
1486 5049 1657 5103 Joan.
1689 5064 1745 5112 x,
1779 5051 1866 5104 30.

1962 4569 2073 4623 bus
2096 4563 2468 4631 invidebant,
2491 4579 2562 4619 eo
2592 4564 2753 4634 quod
2781 4563 3013 4634 primas
3048 4561 3223 4617 sedes
3241 4560 3620 4616 desiderave-

1963 4659 2136 4722 rant;
2160 4659 2218 4710 et
2239 4652 2322 4710 ita
2339 4668 2558 4709 omnes
2583 4650 2908 4721 imperfecti
2933 4654 3124 4704 erant.
3153 4648 3431 4704 Nondum
3459 4649 3623 4704 enim

1966 4744 2213 4817 Spiritus
2245 4747 2489 4799 sanctus
2514 4738 2921 4795 descenderat.
2955 4737 3069 4793 Sed
3095 4736 3486 4808 postmodum
3537 4737 3623 4807 ip-

1966 4851 2066 4892 sos
2097 4831 2350 4905 perfecte
2401 4827 2767 4900 cognoscito,
2818 4831 2876 4883 et
2928 4825 3162 4882 videbis
3200 4824 3368 4880 omni
3407 4823 3623 4882 affectu

1961 4923 2200 4987 liberos,
2238 4936 2311 4977 ac
2335 4919 2583 4975 invicem
2608 4915 2973 4982 extollentes,
3007 4919 3065 4972 et
3095 4917 3308 4971 mutuo
3331 4913 3625 4985 primatu8

1474 5205 1699 5275 Variae
1727 5207 2057 5275 lectiones
2087 5212 2374 5273 etnotae.

248 5349 445 5424 inium
494 5365 604 5424 pro
632 5350 828 5424 prima
868 5349 1119 5424 homilia
1161 5348 1474 5424 habuisse,
1503 5348 1670 5424 quod
1707 5365 1856 5424 non-

244 5421 398 5478 nulli
420 5419 531 5494 pro
552 5419 903 5494 prmfatione
929 5421 1173 5476 habent.
1200 5419 1586 5477 Consentiuht
1604 5419 1854 5480 Savllius

245 5497 309 5549 et
346 5492 856 5549 Mobtefalconius.

320 5565 454 5636 (2t),
477 5563 646 5620 Forte
694 5561 885 5634 ούδεις,
917 5562 1089 5621 sicuti
1123 5562 1453 5621 Hentenius
1492 5578 1738 5636 quoque
1768 5564 1854 5620 vi-

249 5635 422 5693 detur
441 5635 676 5706 legisse.

2036 5348 2151 5421 (22)
2182 5349 2352 5408 Τόσας
2377 5342 2819 5421 scripsit,_quod
2847 5358 3128 5421 numeros
3153 5344 3369 5421 referre
3410 5345 3623 5421 noluit.

1965 5415 2253 5475 Caeterum
2292 5432 2413 5472 non
2468 5415 2747 5490 intelligo,
2802 5417 3112 5484 quomodo
3165 5417 3295 5472 haec
3334 5419 3622 5490 probent,

1961 5493 2255 5546 Joannem
2287 5487 2715 5560 evangelistam
2743 5492 3047 5560 mortuum
3092 5502 3241 5544 esse.
3299 5487 3462 5558 Vide,
3494 5503 3624 5560 quas

1961 5563 2086 5619 dixi
2111 5563 2173 5620 in
2202 5558 2462 5618 editione
2489 5561 2564 5619 N.
2600 5559 2749 5616 Test.
2779 5558 2852 5615 ad
2879 5560 3048 5616 Joan.
3072 5575 3194 5627 xxi,
3219 5561 3308 5615 23.
