4186 6318
561 377 668 432 543

1876 364 2220 423 EUTHYMlI
2271 362 2605 420 ZIGABENI

3822 360 3936 417 544

567 501 979 556 concedentes.
1008 501 1169 554 Tunc
1197 498 1397 568 itaque
1422 496 1717 569 indignati
1748 501 1904 559 sunt,
1938 495 2057 548 sive
2088 505 2215 562 gra-

2330 493 2453 542 Τότε
2486 486 2538 541 δ’
2567 486 2654 542 οὖν
2685 488 2801 561 (23)
2833 489 3229 560 ἠγανάκτησαν,
3264 488 3425 560 ἣγουν
3457 486 3589 558 (24),
3632 482 3939 557 ἐδυσφόρη-

568 590 717 644 viter
748 588 1026 643 tulerunt.
1064 587 1369 659 Siquidem
1400 586 1646 659 quando
1672 586 2012 658 frequenter
2060 578 2215 636 Chri-

492 739 494 742 ,
568 682 692 733 stus
725 676 856 732 illos
886 693 1003 748 prae
1036 679 1253 733 caeteris
1276 676 1697 741 honoraverat,
1726 690 1848 730 non
1885 687 2041 741 regre
2072 669 2215 725 tule-

566 770 721 833 rant,
754 766 958 838 ipsum
985 766 1208 822 scilicet
1240 765 1404 821 veriti
1434 781 1448 832 ;
1481 764 1728 837 quando
1770 767 1968 819 autem
2023 776 2130 833 per
2155 774 2216 814 se

567 855 893 928 primatum
936 854 1246 926 petierunt,
1303 854 1594 925 indignati
1656 859 1811 919 sunt,
1860 856 1918 909 et
1957 851 2217 907 maxime

569 944 804 1015 cognito
833 944 997 1017 quod
1023 943 1286 1000 exauditi
1315 959 1436 999 non
1463 948 1659 1000 essent
1692 960 1706 1010 ;
1738 959 1811 998 ex
1835 939 2217 1014 praeceptoris

568 1035 728 1091 enim
757 1034 1146 1104 responsione
1176 1032 1587 1088 intellexerunt
1615 1032 1763 1104 quid
1789 1031 2106 1104 petiissent.

642 1125 801 1177 Vers.
830 1122 918 1176 25.
947 1123 1114 1178 Jesus
1139 1128 1332 1178 autem
1364 1152 1429 1162 —
1453 1122 1631 1178 dixit.
1669 1121 1818 1187 Quia
1838 1120 1959 1176 duo
1990 1118 2068 1175 ab
2088 1117 2218 1174 aliis

571 1210 747 1266 divisi
789 1210 858 1266 ad
891 1227 1029 1266 eum
1088 1215 1484 1276 accesserant,
1517 1213 1575 1265 et
1604 1213 1867 1265 astantes
1918 1207 2216 1279 colloque-

569 1298 810 1365 bantur,
868 1299 1123 1356 advocat
1176 1305 1233 1355 et
1282 1299 1469 1355 alios:
1532 1315 1601 1356 ac
1668 1298 1923 1370 primum
1972 1295 2218 1367 quidem

570 1389 837 1445 turbatos
854 1389 1070 1461 placat,
1103 1405 1208 1460 per
1223 1388 1724 1445 coadunationem
1748 1402 1877 1459 qua;
1902 1386 2053 1441 inter
2073 1401 2134 1440 se
2164 1390 2217 1440 et

569 1477 708 1536 illos
735 1482 880 1534 erat.
915 1477 1133 1533 Deinde
1162 1478 1277 1533 ait:

649 1671 809 1727 Vers.
838 1672 930 1729 25.
972 1670 1149 1726 Scitis
1177 1701 1246 1711 --
1276 1670 1438 1726 Vers.
1488 1672 1575 1725 26.
1611 1672 1767 1726 inter
1797 1684 1917 1725 vos.
1977 1666 2223 1738 Cognito

572 1759 731 1832 quod
760 1759 875 1814 hoc
915 1758 1029 1813 ﬁne
1059 1758 1180 1814 duo
1215 1757 1297 1814 illi
1324 1759 1611 1830 petierant
1643 1758 1988 1829 primatum,
2023 1762 2087 1810 ut
2115 1771 2225 1811 cm-

2329 598 2422 631 σαν
2472 578 2554 631 ὃτε
2601 581 2691 651 μὲν
2738 580 2838 651 γὰρ
2881 581 3135 650 προετίμα
3183 580 3396 637 τούτους
3443 574 3687 636 πολλάκις
3736 576 3762 626 ό
3794 582 3939 649 Χρι-

2328 670 2465 732 στός,
2499 667 2593 719 ούκ
2624 663 3014 740 ἐδυσφόρησαν,
3042 663 3343 739 αἰδούμενοι
3374 671 3568 718 τοῦτον.
3603 662 3687 716 ὃτε
3719 658 3777 716 δὲ
3813 662 3936 734 (‘25)

2325 758 2521 809 οἴκοθεν
2574 757 2838 829 ᾐτήσαντο
2889 760 2982 814 τὴν
3034 751 3331 831 προεδρίαν,
3384 753 3781 825 ἠγανάκτησαν,
3838 754 3938 803 καὶ

2325 845 2559 918 μάλιστα
2604 849 2823 916 γνόντες,
2880 846 2960 897 ὅτι
3018 844 3112 897 οὐκ
3169 844 3620 902 ιίσηκούσθησαν.
3687 840 3774 894 Ἐκ
3833 847 3938 900 τῆς

2327 934 2645 1007 ἀποκρίσεως
2723 935 2825 1006 γὰρ
2883 940 2975 986 τοῦ
3052 929 3384 986 διδασκάλου
3459 938 3689 990 συνῆκαν
3749 932 3840 982 καὶ
3904 929 3936 981 ὅ

2327 1025 2428 1097 ᾐτὴ
2439 1042 2616 1076 σαντο.

2396 1111 2454 1164 Ὁ
2512 1108 2570 1164 δὲ
2637 1111 2841 1173 Ἰησοῦς
2891 1142 2946 1153 -
2998 1108 3152 1164 εἶπεν.
3207 1110 3345 1163 Ἐπεὶ
3396 1112 3563 1182 μόνοι,
3611 1116 3712 1171 τῶν
3763 1105 3925 1157 ἄλλων

2329 1199 2717 1275 ἀπορραγέντες,
2767 1202 2817 1251 oi
2872 1196 2970 1253 δύο
3017 1205 3381 1273 -τροσήγγισαν
3424 1198 3588 1268 αὐτῷ,
3648 1200 3740 1248 καὶ
3789 1214 3936 1269 παρ-

2330 1297 2541 1349 εστῶτες
2604 1289 2847 1362 ὡμίλουν,
2927 1288 3299 1363 προσκαλεῖται
3373 1292 3463 1340 xui
3535 1288 3654 1346 τοὺς
3726 1282 3938 1352 ἄλλους,

2328 1383 2418 1430 καὶ
2461 1387 2643 1452 πρῶτα
2688 1381 2797 1450 μὲν,
2860 1382 3279 1453 ταρασσομένους
3322 1376 3509 1439 αύτούς
3555 1376 3937 1450 καταπραῦνει,

2332 1464 2427 1520 διὰ
2481 1475 2572 1520 τοῦ
2629 1472 2759 1542 πρός
2816 1468 2998 1522 ἑαυτὸν
3066 1472 3155 1520 καὶ
3229 1469 3441 1527 τούτους
3507 1464 3935 1517 ἐπισπάσασθαι·

2332 1553 2442 1609 εἶτά
2467 1576 2618 1630 φησι·

2405 1661 2601 1717 Οἴδατε
2641 1696 2711 1705 -
2740 1663 2788 1716 ἓν
2831 1666 2972 1737 ὑμῖν.
3008 1667 3161 1724 Γνοὺς
3205 1666 3324 1723 τοὺς
3352 1658 3452 1714 δύο
3500 1657 3595 1714 διὰ
3645 1667 3800 1712 τοῦτο
3838 1662 3939 1718 τήν

2333 1750 2614 1827 προεδρίαν
2682 1752 2977 1822 αἰτοῦντας,
3039 1754 3123 1804 ἶνα
3178 1753 3495 1824 κατάρχωσι
3555 1758 3654 1801 τῶν
3738 1748 3937 1817 ἄλλων,

572 1852 835 1903 terorum
855 1847 1147 1902 haberent
1174 1848 1596 1918 principatum,
1625 1845 1738 1901 hoc
1766 1846 2056 1901 intentum
2100 1860 2223 1899 car-

2336 1838 2580 1915 διασύρει
2605 1846 2692 1894 τόν
2722 1849 2954 1895 τοιοῦτον
2987 1844 3200 1910 σκοπὸν,
3231 1844 3300 1902 ὡς
3330 1840 3551 1893 ἐθνικόν.
3583 1841 3649 1891 Οἱ
3678 1837 3943 1912 ἄρχοντες

573 1935 845 2006 pitquasi
878 1951 912 1990 ει
950 1935 1229 2003 gentibus
1280 1940 1604 2005 sumptum.
1646 1934 1967 2004 Principes,
2007 1933 2220 2006 inquit,

569 2023 858 2093 gentium,
895 2027 950 2077 et
974 2022 1081 2093 qui
1121 2022 1325 2091 magni
1349 2027 1485 2076 sunt
1528 2022 1681 2077 inter
1714 2021 1869 2085 illas,
1906 2022 2221 2077 dominan-

570 2118 683 2177 tur,
713 2116 769 2165 et
793 2114 1144 2181 potestatem
1174 2115 1449 2166 exercent
1485 2110 1547 2165 in
1582 2109 1731 2165 alios
1760 2129 1776 2178 ;
1807 2126 1928 2166 non
1986 2110 2071 2165 ita
2121 2126 2225 2167 au-

572 2203 694 2255 tem
717 2198 825 2255 erit
844 2198 993 2255 inter
1017 2215 1125 2255 vos
1147 2199 1246 2270 qui
1269 2199 1385 2256 mei
1415 2199 1573 2256 estis.
1604 2198 1824 2255 Deinde
1850 2198 2017 2256 docet
2045 2200 2222 2256 etiam

572 2304 688 2361 quo
721 2292 893 2359 pacto
928 2293 1202 2360 oporteat
1239 2303 1452 2360 parare
1498 2288 1844 2360 primatum.
1904 2288 2058 2346 Audi
2082 2305 2223 2360 ergo

570 2377 718 2450 quid
746 2377 927 2433 dicat.

640 2466 805 2523 Vers.
854 2467 941 2523 26.
996 2467 1117 2525 Sed
1150 2499 1219 2509 -—-
1247 2483 1398 2523 vers.
1454 2469 1540 2522 27.
1581 2483 1805 2525 servus.
1850 2468 2009 2525 Sicut
2047 2484 2222 2540 supe-

566 2555 693 2613 rius
723 2555 965 2612 eosdem
996 2556 1144 2613 dixit
1170 2556 1471 2629 principes
1489 2561 1545 2613 et
1570 2572 1845 2626 magnos,
1876 2557 1955 2612 ita
1980 2562 2038 2614 et
2064 2573 2225 2616 nunc

568 2645 849 2702 eumdem
889 2651 1064 2702 vocat
1118 2661 1409 2715 magnum
1448 2650 1507 2701 et
1547 2646 1828 2717 primum.
1855 2648 1988 2703 Haec
2022 2652 2225 2704 autem

570 2733 776 2789 omnia
794 2733 868 2789 ad
903 2734 1338 2805 subjectionem
1360 2734 1526 2801 dixit,
1557 2740 1767 2807 utquae
1786 2735 2035 2805 singulis
2063 2736 2222 2792 utilis

568 2825 677 2878 est.
712 2821 859 2876 Dicit
885 2838 1027 2891 ergo
1061 2841 1073 2879 :
1103 2821 1455 2878 Potestatem
1488 2823 1551 2878 in
1581 2823 1730 2879 alios
1756 2838 2027 2880 exercere
2080 2840 2223 2896 gen-

570 2910 720 2966 tium
752 2916 879 2975 est;
914 2925 1024 2979 ego
1065 2926 1201 2965 vero
1251 2911 1443 2980 legem
1500 2911 1667 2967 vobis
1724 2916 1920 2968 statuo
1972 2914 2226 2984 parandi

570 2996 958 3071 principatus,
1002 3015 1036 3054 a
1070 2998 1454 3055 ministrando
1474 3000 1624 3069 aliis,
1652 3000 1856 3073 eisque
1888 3002 2221 3058 serviendo.

572 3087 684 3153 Qui
713 3087 872 3143 enim
899 3087 1016 3144 hoc
1036 3086 1204 3155 facit,
1232 3088 1398 3145 illum
1422 3105 1533 3162 ego
1552 3105 1843 3160 magnum
1870 3106 1940 3146 ac
1960 3090 2224 3163 primum

2332 1933 2454 2003 γὰρ,
2506 1935 2656 2003 φησὶ,
2690 1939 2789 1984 τῶν
2829 1929 3006 1997 ἐθνῶν,
3038 1933 3127 1981 καὶ
3165 1930 3215 1981 οἱ
3244 1927 3458 2001 μεγάλοι
3499 1927 3660 1980 αὐτῶν
3702 1946 3942 1979 κατακυ-

2331 2021 2567 2092 ριεύουσι
2644 2024 2735 2071 καὶ
2804 2017 3277 2081 κατεξουσιάζουσι
3357 2025 3457 2069 τῶν
3527 2014 3712 2070 ἄλλων.
3785 2014 3940 2088 [Ούχ

2332 2107 2466 2160 οὕτω
2515 2108 2628 2179 (26)
2669 2104 2728 2160 δὲ
2766 2110 2915 2160 ἔσται
2952 2106 3001 2159 ἐν
3046 2107 3187 2179 ὑμῖν,
3236 2113 3344 2167 τοῖς
3387 2104 3550 2176 ἐμοῖς.
3602 2101 3733 2159 Εἶτα
3774 2100 3941 2157 διδά-

2335 2215 2448 2249 σκει
2471 2201 2561 2249 καὶ
2581 2204 2686 2257 πῶς
2714 2200 2824 2269 χρὴ
2851 2197 3080 2249 κτᾶσθαι
3108 2198 3167 2247 τὸ
3192 2202 3460 2269 πρωτεῖον,
3498 2198 3591 2247 καὶ
3622 2192 3798 2249 ἄκουε.

2402 2445 2537 2498 Ἀλλ’
2585 2477 2652 2485 -
2706 2443 2906 2507 δοῦλος.
2964 2444 3164 2518 Ὠσπερ
3214 2444 3469 2520 ἀνωτέρω,
3526 2444 3793 2517 ἄρχοντας
3846 2450 3941 2500 xui

2332 2534 2585 2607 μεγάλους
2635 2538 2755 2597 τοὺς
2804 2534 2993 2595 αὐτοὺς
3039 2533 3230 2606 ἔλεγεν·
3284 2533 3419 2585 οὕτω
3477 2536 3566 2584 xui
3617 2539 3706 2584 νῦν
3771 2538 3937 2606 μέγαν

2333 2629 2422 2677 καὶ
2479 2632 2701 2696 πρῶτον,
2758 2627 2846 2675 τὸν
2922 2622 3098 2677 αὐτόν.
3157 2622 3247 2684 Εἰς
3327 2619 3546 2679 ἐπήκοον
3611 2617 3671 2673 δε
3728 2623 3937 2675 πάντων

2334 2722 2501 2768 ταῦτα
2551 2733 2729 2785 φησιν,
2787 2715 2856 2774 ὡς
2911 2710 3214 2783 κοινωφελῆ.
3271 2714 3426 2781 Λέγει
3477 2713 3663 2773 τοίνυν,
3731 2709 3815 2763 ὃτι
3864 2716 3936 2765 Τὸ

2333 2807 2423 2877 μὲν
2483 2802 2901 2866 κατεξουσιάζειν
2953 2808 3052 2852 τῶν
3100 2798 3289 2872 ἄλλων]
3347 2798 3535 2852 ἐθνικόν
3598 2799 3761 2848 ἐστιν·
3826 2798 3933 2869 ἐγὼ

2336 2890 2396 2946 δί
2454 2893 2713 2964 νομοθετῶ
2764 2892 2906 2962 ύμῖν,
2964 2891 3194 2943 κτᾶσθαι
3245 2888 3356 2961 (27)
3406 2891 3463 2941 τὸ
3514 2893 3774 2961 πρωτεῖον,
3818 2886 3926 2939 ἀπὸ

2332 2990 2425 3035 τοῦ
2479 2978 2735 3033 διακονεῖν
2785 2985 2891 3040 τοῖς
2932 2978 3126 3047 ἄλλοις,
3166 2983 3253 3030 καὶ
3292 2974 3556 3030 δουλεύειν
3590 2975 3787 3036 αὐτοῖς.
3826 2979 3926 3030 Τὸν

2332 3074 2434 3145 γὰρ
2480 3077 2632 3123 τοῦτο
2682 3076 2954 3138 ποιοῦντα,
3003 3075 3184 3120 τοῦτον
3231 3065 3331 3138 ἐγὼ
3385 3070 3549 3139 μέγαν
3594 3069 3683 3117 καὶ
3730 3073 3936 3140 πρῶτον

571 3175 832 3242 declaro,
866 3183 924 3233 et
948 3177 1045 3233 hic
1066 3177 1230 3251 apud
1248 3194 1344 3234 me
1363 3154 1688 3251 primatum
1721 3154 1984 3236 habebit.
2006 3180 2223 3237 Deinde

2336 3160 2649 3234 ἁναγορεύω,
2707 3163 2798 3211 καὶ
2844 3158 2991 3219 οὗτος
3034 3155 3155 3231 παρ’
3210 3154 3323 3228 ἐμοὶ
3378 3158 3436 3207 τό
3505 3160 3753 3230 πρωτεῖον
3811 3154 3935 3217 ἕξει.

570 3266 837 3337 seipsum
853 3282 1095 3340 quoque
1111 3267 1277 3339 ponit
1290 3267 1350 3323 in
1380 3268 1740 3341 exemplum,
1765 3270 1869 3342 qui
1888 3285 2008 3326 non
2029 3269 2225 3326 solum

570 3354 855 3412 omnibus
881 3356 1192 3422 ministret,
1226 3357 1327 3412 sed
1378 3357 1557 3416 etiam
1614 3374 1719 3429 pro
1766 3359 2052 3415 omnibus
2102 3374 2227 3416 mo-

571 3444 778 3500 riatur.

645 3531 808 3588 Vers.
827 3533 915 3587 28.
936 3534 1097 3590 Sicut
1118 3564 1189 3575 ——
1218 3536 1440 3591 multis.
1479 3535 1582 3601 Sit,
1612 3536 1818 3610 inquit,
1852 3537 1950 3593 hic
1971 3537 2226 3594 aliorum

574 3621 845 3678 minister
882 3628 938 3678 et
957 3638 1179 3686 servus,
1210 3624 1734 3695 quemadmodum
1786 3641 1897 3697 ego
1939 3642 2062 3682 non
2097 3626 2229 3682 veni

572 3710 635 3766 in
653 3711 950 3766 mundum
970 3716 1032 3766 ut
1050 3711 1231 3784 aliqui
1248 3711 1395 3768 mihi
1416 3712 1840 3770 ministrarent.
1867 3715 2229 3788 Quanquam

571 3799 727 3855 enim
751 3814 957 3857 socrus
985 3800 1137 3857 Petri
1164 3806 1222 3857 et
1250 3800 1476 3859 Martha
1508 3818 1676 3859 soror
1708 3804 1931 3870 Lazari,
1976 3802 2229 3875 aliasque

575 3888 855 3945 mulieres
898 3889 1313 3947 ministrabant
1341 3891 1414 3957 ei,
1469 3908 1593 3948 non
1640 3898 1839 3948 tamen
1877 3892 2047 3964 quasi
2105 3894 2229 3962 ipse

572 3978 791 4034 harum
825 3979 1152 4035 ministeria
1179 3995 1415 4052 cupere.
1449 3984 1575 4037 Non
1612 3997 1754 4050 ergo
1780 3980 1912 4037 veni
1964 3986 2027 4036 ut
2055 3981 2225 4037 mini-

575 4072 788 4122 stretur
813 4066 960 4121 mihi
1016 4066 1094 4121 ab
1133 4067 1449 4138 aliquibus,
1477 4068 1582 4123 sed
1613 4069 1809 4138 potius
1850 4076 1913 4124 ut
1940 4069 2065 4140 ipse
2096 4068 2228 4125 aliis

575 4155 927 4216 ministrem.
948 4170 1167 4210 curans
1198 4171 1268 4209 ac
1293 4171 1518 4210 sanans
1544 4157 1942 4227 quorumdam
1970 4158 2219 4223 animas,

575 4242 981 4314 quorumdam
994 4258 1262 4313 corpora,
1282 4244 1691 4315 quorumdam
1707 4250 1763 4300 et
1779 4244 2014 4301 animas
2030 4251 2087 4302 et
2102 4262 2227 4301 cor-

575 4346 746 4403 pora,
774 4330 1060 4403 quodque
1084 4331 1410 4388 ministerio
1427 4348 1497 4389 ac
1529 4332 1769 4389 servitio
1802 4334 2000 4406 majus
2020 4338 2131 4400 est,
2162 4339 2227 4390 ut

575 4419 812 4478 tradam
843 4420 1112 4478 animam
1140 4437 1337 4479 meam
1361 4422 1825 4495 redemptionem
1858 4439 1969 4497 pro
1998 4424 2223 4491 multis,

577 4509 683 4582 qui
721 4509 872 4567 servi
896 4509 1033 4567 facti
1063 4516 1231 4567 erant
1259 4510 1497 4569 diaboli.

648 4705 861 4763 Multis
881 4712 1083 4764 autem
1104 4707 1249 4765 dicit
1264 4724 1425 4765 nunc
1451 4724 1561 4781 pro
1599 4710 1902 4767 omnibus.
1934 4713 2228 4784 Frequen-

576 4799 665 4852 ter
704 4795 865 4853 enim
898 4796 1197 4868 Scriptura
1215 4800 1435 4853 multos
1452 4798 1592 4855 dicit
1619 4816 1731 4871 pro
1773 4799 2080 4858 omnibus.
2120 4802 2228 4858 Ita-

575 4900 694 4957 que
724 4900 834 4957 pro
859 4885 1142 4941 omnibus
1171 4887 1415 4943 tradidit
1452 4888 1714 4943 animam
1753 4904 1951 4960 suam,
1993 4903 2229 4946 omnes-

575 4990 694 5047 que
722 4974 989 5044 redemit,
1015 4990 1370 5049 quanquam
1387 4976 1558 5033 multi
1589 4992 1700 5033 sua
1722 4983 1935 5049 sponte
1960 4979 2020 5034 in
2053 4980 2228 5035 servi-

577 5067 703 5119 tute
731 5069 1166 5120 remanserunt.

2334 3248 2551 3303 Ἔπειτα
2604 3252 2693 3300 xui
2746 3243 3088 3321 παράδειγμα
3138 3247 3347 3303 τίθησιν
3402 3244 3603 3309 ἑαυτὸν,
3661 3243 3721 3295 ού
3781 3247 3939 3315 μόνον

2337 3335 2679 3392 διακονοῦντα
2766 3342 2949 3404 πᾶσιν,
3028 3333 3155 3387 ἀλλὰ
3236 3338 3326 3386 καὶ
3404 3334 3942 3407 ὑπεραποθνήσκοντα

2333 3429 2555 3480 πάντων.

2405 3532 2604 3607 Ὂσπερ
2668 3563 2740 3573 ——
2810 3531 3026 3585 πολλῶν.
3103 3528 3296 3597 Ἐστω,
3355 3532 3536 3601 φησιν,
3620 3523 3768 3588 οὗτος
3837 3535 3940 3580 τῶν

2336 3621 2501 3674 ἄλλων
2552 3618 2790 3682 διάκονος
2836 3626 2927 3674 καὶ
2979 3616 3180 3685 δοῦλος,
3234 3619 3288 3670 ὅν
3335 3620 3525 3691 τρόπον
3578 3615 3677 3688 ἐγὼ
3712 3616 3807 3668 οὐκ
3848 3613 3942 3674 ἧλ-

2340 3715 2429 3766 θον
2475 3711 2547 3773 εἰς
2583 3715 2671 3763 τὸν
2716 3715 2932 3783 κόσμον,
2981 3710 3064 3761 ἶνα
3112 3704 3479 3765 διακονήσωσί
3531 3710 3621 3778 μοί
3661 3724 3817 3767 τινες.
3872 3706 3944 3758 Εἰ

2334 3804 2436 3875 γὰρ
2475 3806 2566 3853 καὶ
2614 3802 2645 3859 ἠ
2686 3801 2905 3873 πενθερὰ
2941 3805 3031 3851 τοῦ
3064 3801 3279 3871 Πέτρου,
3329 3800 3420 3848 xui
3450 3796 3659 3869 Μάρθα,
3701 3796 3731 3852 ἡ
3782 3791 3942 3847 ἁδελ-

2338 3895 2405 3964 φὴ
2484 3897 2577 3943 τοῦ
2649 3889 2917 3961 Λαζάρου,
2993 3891 3083 3938 καὶ
3147 3884 3298 3937 ἆλλαι
3357 3891 3596 3956 γυναῖκες
3654 3880 3939 3941 διηκόνουν

2338 3981 2497 4051 αὐτῷ,
2543 3978 2647 4032 ἀλλ’
2690 3978 2796 4049 ούχ
2843 3979 2913 4039 ὡς
2959 3975 3220 4050 χρῄζοντι
3265 3981 3357 4034 τῆς
3404 3975 3594 4026 τούτων
3639 3969 3937 4035 διακονίας.

2336 4069 2448 4122 Ούκ
2477 4066 2630 4127 ἦλθον
2656 4064 2761 4138 οὖν,
2792 4086 2858 4139 φη
2870 4069 2974 4133 σὶν,
3005 4065 3091 4117 ἳνα
3119 4060 3154 4116 δ
3158 4064 3416 4120 ιακονηθῶ
3444 4061 3556 4134 (28)
3586 4064 3731 4135 παρὰ
3760 4082 3941 4130 τινων,

2336 4157 2443 4211 ἀλλ’
2491 4160 2574 4209 ἶνα
2611 4156 2796 4221 μᾶλλον
2844 4155 2998 4216 αύτός
3049 4151 3083 4206 δ
3090 4158 3349 4212 ιακονήσω
3378 4158 3488 4213 τοῖς
3525 4150 3719 4215 (ἑλλοῖς,
3754 4150 3944 4224 ἄπιμε-

2333 4247 2542 4319 λὸμενος
2592 4250 2681 4299 καὶ
2731 4247 3040 4320 θεραπεύων,
3092 4249 3191 4295 τῶν
3229 4244 3319 4313 μεν
3364 4241 3459 4303 τὰς
3504 4238 3707 4311 ψυχὰς,
3743 4249 3844 4292 τῶν
3877 4238 3946 4295 δί

2334 4338 2399 4388 τὰ
2444 4340 2682 4407 σώματα,
2725 4342 2825 4386 τῶν
2866 4330 2927 4386 δὲ
2967 4337 3059 4385 xui
3101 4333 3193 4392 τὰς
3226 4329 3413 4402 ψυχὰς
3445 4334 3536 4381 xui
3582 4331 3649 4381 τὰ
3691 4335 3945 4402 σώματα,

2334 4430 2425 4478 καὶ
2494 4428 2553 4477 τὸ
2619 4427 2795 4497 μεῖζον
2858 4430 2954 4484 τῆς
3017 4419 3290 4481 διακονίας
3361 4422 3452 4471 xui
3529 4414 3784 4484 δουλείας,
3854 4420 3946 4473 ἵνα

2255 4525 2301 4582 D
2337 4512 2495 4568 δώσω
2523 4518 2617 4573 τὴν
2658 4512 2845 4584 ψυχήν
2895 4530 2995 4584 μου
3048 4510 3227 4583 λύτρον
3273 4506 3385 4561 ἀντὶ
3412 4506 3629 4573 πολλῶν,
3672 4503 3940 4559 δεδουλω-

2336 4607 2495 4677 μένων
2522 4611 2593 4673 τῷ
2621 4598 2655 4655 δ
2661 4600 2867 4673 ιαϐόλῳ.

2409 4709 2637 4772 Πολλούς
2680 4706 2740 4761 δὲ
2789 4714 2877 4759 νῦν
2924 4709 3041 4766 τοὺς
3086 4705 3285 4765 πάντας
3322 4701 3482 4774 λέγει.
3535 4699 3779 4760 Πολλάκις
3817 4702 3927 4774 γὰρ

2335 4803 2367 4860 ἡ
2424 4804 2598 4874 Γραφὴ
2653 4796 2873 4858 πολλοὺς
2921 4799 3043 4857 τοὺς
3105 4795 3300 4853 πάντας
3356 4796 3538 4864 φησὶν.
3611 4789 3756 4861 ’Υπὲρ
3804 4790 3941 4841 πάν-

2336 4910 2435 4943 των
2485 4891 2587 4962 γὰρ
2636 4884 2797 4941 ἔδωκε
2848 4890 2941 4943 τὴν
2992 4884 3178 4956 ψυχὴν
3227 4880 3388 4933 αὐτόῠ
3437 4884 3529 4932 καὶ
3580 4880 3779 4941 πάντας
3824 4878 3946 4931 ἐλυ-

2336 4983 2598 5052 τρώσατο,
2647 4976 2691 5030 εἰ
2732 4980 2823 5029 xui
2869 4972 3047 5028 πολλοὶ
3099 4970 3326 5033 θέλοντες
3373 4968 3625 5041 ἐνέμειναν
3677 4976 3741 5041 τῇ
3804 4964 3944 5021 δου-

2338 5069 2467 5140 λείᾳ.

1823 5254 2049 5323 Varia:
2067 5254 2397 5323 lectiones
2425 5263 2492 5322 et
2520 5263 2731 5322 notae.

674 5423 765 5496 23)
796 5420 943 5491 Γοῦν,
976 5437 1087 5496 pro
1116 5418 1279 5488 δὀῦν,
1312 5428 1381 5476 Α.

675 5493 765 5559 24)
798 5493 999 5561 Εἰτουν,
1028 5497 1072 5548 Α
1084 5535 1097 5547 .

678 5564 767 5637 25)
791 5570 907 5629 Καὶ,
946 5581 1055 5637 pro
1086 5562 1232 5637 δέ
1252 5566 1449 5637 Forte,
1492 5566 1575 5618 ὅτε
1602 5562 1660 5619 δὲ
1688 5571 1804 5622 xui.

649 5635 763 5708 ('26)
790 5635 1057 5703 Quaabic
1083 5635 1446 5708 inclusimus,
1478 5652 1549 5694 ea
1586 5652 1660 5693 ex
1690 5637 1824 5694 cod.
1874 5638 1944 5694 Α.
1998 5637 2231 5695 excide-

2337 5426 2477 5480 runt
2514 5420 2740 5487 omnia,
2773 5419 2948 5491 culpa
2982 5415 3213 5484 scribae,
3248 5417 3351 5489 qui
3388 5414 3514 5472 istis
3553 5413 3800 5475 omissis
3837 5427 3951 5479 no—

2339 5510 2483 5551 vum
2510 5492 2719 5549 folium
2751 5489 2991 5563 incepit.

2413 5564 2524 5635 (27)
2566 5566 2731 5635 Κατὰ,
2773 5562 2899 5635 prof
2920 5562 3170 5635 κτᾶσθαι,

2413 5570 2497 5628 (27
2566 5566 2731 5628 Κατὰ,
2773 5578 2882 5635 pro
2920 5564 3170 5626 κτᾶσθαι,
3199 5564 3265 5615 Α.

2413 5564 2529 5710 (28)
2560 5634 2797 5693 Omisso
2829 5634 2907 5687 ἶνκ
2944 5632 3161 5703 legitur
3189 5627 3588 5708 διακονηθῆναι,
3621 5634 3688 5697 Α,
