4186 6318
218 322 336 383 545

1199 324 1573 384 COMMENT.
1620 321 1690 380 IN
1730 314 2177 379 MATTHAEUM.
2218 354 2287 367 —
2325 323 2485 380 CAP.
2526 320 2650 378 XX.

3503 320 3610 381 546

301 455 420 505 Τίνι
462 446 522 503 δί
571 453 666 508 τὴν
694 448 882 520 ψυχὴν
913 447 1074 501 αύτοῦ
1104 445 1302 515 idum;
1336 457 1419 521 Τῷ
1451 454 1638 525 Πατρί.
1673 449 1840 521 Ἐφώ-

2018 449 2288 514 Quodam
2310 447 2489 503 etiam
2516 447 2697 502 modo
2720 448 2985 504 animam
3019 462 3193 503 suam
3225 448 3467 506 tradidit
3498 450 3610 507 Pa-

222 560 357 599 νησε
402 541 502 613 γὰρ
554 536 917 596 ἀποθνήσκων·
964 539 1155 611 Πάτερ,
1202 539 1272 599 εἰς
1312 541 1499 613 χεῖράς
1540 559 1633 591 σου
1672 558 1839 611 παρα-

226 633 421 702 τίθημι
446 632 506 681 τὸ
532 628 735 700 πνεῦμά
765 647 864 699 μου
896 625 1032 699 ('29).
1068 632 1169 679 Καὶ
1191 631 1314 699 μὴν,
1348 628 1452 698 ούχ
1483 629 1581 680 ὑπὸ
1613 635 1703 679 τοῦ
1735 634 1838 678 Πα-

227 724 371 793 τρός,
412 716 519 770 ἀλλ’
551 718 654 770 ύπό
682 723 774 768 τοῦ
823 712 1072 767 διαϐόλου
1102 718 1477 788 κατειχόμεθα.
1531 720 1627 769 Καὶ
1672 734 1839 788 προσ-

232 812 402 862 εκτέον
450 814 511 880 τῇ
552 806 702 858 λύσει
746 813 842 866 τῆς
870 803 1107 876 ἀπορίας.
1162 810 1269 857 Πᾶν
1310 805 1492 877 λύτρον
1550 805 1677 856 αὐτὸ
1726 806 1835 876 μεν,

233 898 335 950 ύπό
414 899 510 955 τὴν
578 893 821 957 ἐξουσίαν
894 897 1071 946 πίπτει
1140 901 1231 945 τοῦ
1306 898 1618 965 κατέχοντός
1674 908 1836 953 τινας

233 989 355 1048 τούς
402 986 782 1056 κατεχομένους
834 978 893 1034 δί
936 981 1214 1057 λυτρούται
1265 990 1357 1044 τῆς
1405 981 1596 1034 ἑκείνου
1636 985 1836 1055 χειρός·

236 1079 297 1127 τὸ
352 1071 412 1127 δὲ
465 1076 609 1149 παρὰ
660 1079 753 1124 τοῦ
797 1078 1029 1146 Χριστοῦ
1086 1068 1235 1123 δοθὲν
1284 1071 1488 1144 λύτρον,
1539 1074 1608 1133 ὡς
1653 1073 1843 1130 παντὸς

239 1163 434 1239 λύτρου
540 1158 885 1236 διαφερόντως
982 1161 1331 1234 ύπερφυέστερ
1341 1180 1418 1225 ον,

240 1255 337 1326 μὲν
403 1255 524 1313 τοὺς
567 1253 961 1322 κατεχομένους·
1014 1249 1141 1301 αύτὸ
1200 1245 1258 1302 δέ
1301 1251 1401 1301 ὑπὸ
1452 1252 1545 1307 τὴν
1603 1247 1841 1310 ἐξουσίαν

240 1348 337 1393 τοῦ
393 1344 696 1410 κατέχοντος
759 1337 944 1398 αύτούς
1012 1337 1106 1389 ούκ
1170 1340 1336 1407 ἔπεσε,
1403 1342 1474 1409 μὴ
1534 1333 1843 1397 δυνηθέντος

1515 1159 1841 1233 ἔλυτρωσατο

235 1428 413 1481 λαϐεῖν
442 1428 586 1482 αύτό.
638 1422 839 1480 Δέδωκε
884 1422 942 1479 δε
979 1434 1053 1496 τῷ
1096 1432 1265 1501 Πατρὶ
1294 1427 1505 1488 ταύτην,
1548 1428 1612 1486 ὡς
1657 1424 1842 1497 ψυχὴν

235 1525 329 1571 τοῦ
354 1518 479 1570 Υἰοῡ
521 1515 701 1570 αύτοῦ.
737 1519 823 1568 Διὸ
854 1520 960 1586 καὶ,
992 1516 1063 1575 ὡς
1093 1512 1199 1574 ἤδη
1232 1521 1322 1566 τοῦ
1350 1513 1538 1587 λύτρον
1585 1511 1841 1581 δοθέντος,

238 1607 282 1659 εἰ
337 1611 429 1658 καὶ
494 1610 567 1679 μὴ
625 1612 777 1658 τοῦτο
824 1603 996 1657 λαϐεῖν
1051 1607 1274 1676 ἴσχυσεν
1329 1606 1354 1655 ό
1411 1606 1673 1676 τύραννος,
1729 1602 1841 1654 ἐλυ-

238 1697 521 1768 τρώθησαν
568 1693 618 1746 οἰ
660 1698 1021 1766 κατεχόμενοι.
1071 1699 1165 1746 Βαὶ
1206 1701 1312 1753 πῶς
1342 1689 1504 1745 ἔδωκε
1532 1697 1627 1750 τὴν
1655 1691 1841 1762 ψυχὴν

1950 538 2018 592 tri
2050 538 2190 610 (qq).
2210 536 2746 592 Exclamavitenim
2767 537 3027 592 moriens
3052 536 3282 607 :Pater,
3304 538 3370 593 in
3394 555 3608 595 manus

1951 630 2081 681 tuas
2135 625 2468 681 commendo
2512 625 2777 692 spiritum
2802 642 2991 681 meum
3042 627 3108 679 ⁸³.
3152 627 3327 698 Atqui
3392 643 3510 684 non
3571 643 3609 684 a

1952 716 2137 777 Patre,
2168 714 2274 769 sed
2306 729 2342 769 a
2398 712 2642 768 diabolo
2695 714 3132 770 detinebamur.
3163 716 3604 772 advertendum

1950 808 2150 858 autem
2184 802 2261 859 ad
2287 801 2646 858 difﬁcultatis
2675 803 3051 868 solutionem,
3099 820 3342 861 omnem
3389 807 3609 862 redem-

1952 890 2232 963 ptionem,
2276 892 2399 946 sive
2455 892 2709 964 pretium
2752 889 3118 946 liberationis
3148 893 3208 947 in
3255 895 3384 951 aliis
3435 895 3608 951 sitam

1953 995 2099 1046 esse,
2136 985 2239 1035 aut
2265 980 2465 1035 venire
2486 980 2545 1035 in
2577 983 2926 1052 potestatem
2954 980 3085 1052 ejus
3109 982 3210 1053 qui
3233 983 3467 1054 aliquos
3501 988 3611 1038 ret-

1951 1075 2067 1141 net,
2103 1085 2322 1141 eosque
2352 1070 2453 1142 qui
2481 1069 2817 1125 detinentur
2850 1086 2957 1141 per
2983 1069 3136 1125 illius
3164 1083 3421 1127 ‘manum
3470 1072 3612 1128 libe-

1950 1159 2093 1215 rari.
2126 1159 2381 1214 Pretium
2406 1175 2544 1215 vero
2571 1158 2737 1230 quod
2776 1175 2811 1214 a
2853 1158 3082 1215 Christo
3112 1159 3319 1216 datum
3364 1165 3468 1226 est,
3525 1165 3612 1216 ut-

1953 1254 2089 1321 pote
2112 1246 2405 1304 ditferenti
2438 1248 2622 1303 modo
2649 1253 2703 1302 et
2724 1248 2891 1303 omni
2912 1248 3029 1305 alio
3056 1251 3246 1321 pretio
3262 1255 3615 1322 supernatu-

1952 1336 2151 1402 ralius,
2176 1335 2449 1392 liberavit
2479 1352 2622 1391 sane
2652 1350 2754 1391 eos
2791 1337 2893 1407 qui
2925 1337 3347 1394 detinebantur
3375 1356 3389 1391 :
3415 1339 3612 1411 ipsum

1955 1441 2093 1481 vero
2124 1441 2244 1481 non
2268 1426 2428 1481 venit
2457 1426 2518 1480 in
2549 1429 2896 1496 potestatem
2928 1425 3055 1497 ejus
3078 1428 3176 1498 qui
3217 1427 3350 1484 illos
3400 1428 3615 1484 retine-

1954 1514 2074 1585 bat,
2104 1530 2242 1570 cum
2268 1513 2415 1569 illud
2455 1529 2572 1569 non
2603 1518 2807 1584 posset
2845 1516 3134 1587 accipere.
3190 1516 3349 1572 Patri
3407 1525 3609 1574 autem

1951 1604 2109 1659 hanc
2137 1603 2400 1669 tradidit,
2453 1608 2746 1674 tanquam
2796 1604 3053 1659 animam
3096 1603 3221 1659 Filii
3278 1606 3412 1672 sui;
3475 1607 3611 1662 ideo

1951 1692 2127 1749 etiam
2158 1692 2326 1765 quasi
2355 1692 2496 1748 dato
2513 1691 2641 1762 jam
2663 1692 2872 1763 pretio,
2897 1708 3246 1765 quanquam
3273 1700 3615 1767 nonpotue-

242 1784 403 1837 αύτοῦ
458 1783 643 1857 λύτρον
709 1781 822 1835 ἀντὶ
891 1782 1122 1850 πολλῶνς
1175 1781 1263 1844 Ὠς
1323 1781 1571 1843 ἑκουσίως
1630 1777 1843 1840 ἐπιδούς

1977 1782 2023 1838 it
2045 1782 2190 1838 illud
2214 1787 2534 1854 tryrannus
2560 1781 3095 1852 accipere,liberati
3121 1784 3368 1855 suntqui
3391 1784 3614 1839 detine-

242 1873 424 1926 ἑαυτὸν
473 1872 546 1934 εἰς
603 1873 818 1925 θάνατον
863 1873 990 1945 ὑπὲρ
1038 1879 1126 1932 τῆς
1165 1868 1446 1943 ἐλευθερίας
1502 1878 1602 1921 τῶν
1652 1868 1845 1943 ἀνθρώ-

464 1960 759 2014 Ἀποθανὼν
841 1964 943 2034 γὰρ
1032 1960 1261 2013 καθεῖλεν

243 2054 511 2125 τύραννον,

241 1983 371 2015 πων.
464 1960 759 2014 Ἀποθανὼν
841 1964 943 2034 γὰρ
1032 1960 1261 2013 καθεῖλεν
1365 1958 1669 2034 εύαφόρμως
1759 1962 1844 2010 τόν

586 2051 653 2110 ὧς
742 2047 983 2102 ἀνελόντα
1053 2052 1142 2101 τὸν
1223 2048 1606 2121 ἀναμάρτητον,
1688 2046 1847 2120 Ἀμα-

244 2145 390 2215 ρτίας
446 2142 548 2214 ’γὰρ
604 2138 745 2193 ἔστιν
792 2138 1050 2212 ἐπιτίμιον
1112 2139 1138 2190 ὁ
1201 2140 1433 2199 θάνατος·
1502 2141 1657 2209 μόνος
1709 2133 1768 2189 δε
1820 2137 1847 2188 ό

244 2231 477 2301 Χριστός
500 2228 759 2301 ἁμαρτίαν
785 2228 879 2280 ούκ
908 2226 1149 2285 ἐποίησε.

318 2501 433 2570 Χρὴ
473 2492 533 2549 δε
561 2500 855 2568 γινώσκειν,
902 2496 983 2547 ὅτι
1011 2494 1116 2566 ούχ
1146 2496 1177 2553 ἠ
1213 2493 1368 2566 ψυχὴ
1406 2498 1558 2567 μόνον
1586 2502 1679 2547 τοῦ
1712 2503 1850 2569 Χρι-

254 2592 384 2638 στοῦ
426 2583 659 2639 καλεῖται
691 2584 875 2658 λύτρον
905 2586 1073 2656 ἡμῶν,
1115 2581 1246 2635 ἁλλὰ
1280 2587 1371 2635 καὶ
1399 2586 1458 2635 τὸ
1497 2580 1628 2655 αἷμα
1666 2583 1847 2653 αὐτοῦ,

251 2679 343 2726 καί
391 2673 587 2741 λοιπὸν,
645 2672 682 2724 οἷ
724 2680 813 2723 νῦν
854 2677 973 2747 περὶ
1014 2679 1113 2733 τῆς
1157 2671 1341 2743 ψυχῆς
1380 2672 1540 2723 αὐτοῦ
1596 2675 1844 2746 εἴρηνται,

250 2770 420 2816 ταῦτα
456 2768 546 2815 καὶ
586 2767 700 2836 περὶ
738 2769 830 2813 τοῦ
858 2762 1079 2833 αἳματος
1110 2761 1269 2813 αύτού
1307 2760 1563 2832 λέγονται.

559 2854 705 2907 ΚΕΦ.
744 2851 873 2904 MA’.
908 2855 1033 2924 Περὶ
1058 2858 1157 2901 τῶν
1188 2847 1284 2901 δύο
1312 2848 1536 2922 τυφλῶν.

333 2945 437 2993 Καὶ
497 2969 564 2980 —-
611 2936 795 2996 Δαυῖδ,
870 2943 947 2992 Τὰ
1003 2938 1351 3012 παραπλήσια
1409 2942 1702 3013 γέγραπται
1762 2944 1853 2992 καὶ

261 3033 382 3101 περὶ
457 3036 555 3080 τῶν
627 3027 675 3080 έν
742 3036 815 3098 τῷ
886 3024 1313 3100 ἑπτακαίδεκάτῳ
1391 3027 1651 3100 κεφαλαίῳ
1755 3024 1853 3081 δύο

253 3116 479 3189 τυφλῶν,
536 3122 624 3169 καὶ
663 3117 897 3178 ζήτησον
949 3116 998 3169 έν
1042 3115 1214 3188 ἐκείνῳ
1256 3121 1351 3175 τήν
1400 3116 1653 3188 ἐξήγησιν
1703 3115 1852 3189 ἀκρι-

254 3205 360 3267 ϐῶς
400 3204 882 3280 ἀναγεγραμμένην.

324 3294 384 3347 Ὀ
446 3294 507 3348 δὲ
562 3295 719 3367 ὄχλος
773 3325 843 3336 -
900 3299 1269 3354 σιωπήσωσιν.
1339 3294 1709 3366 Ἐπεστὸμισεν
1765 3294 1854 3346 αύ-

250 3388 393 3451 τούς,
438 3383 510 3445 εἰς
556 3388 714 3458 τιμὴν
770 3390 863 3436 τοῦ
903 3382 1101 3450 Ἰησοῦ,
1162 3386 1231 3443 ὡς
1288 3381 1626 3453 ἐνοχλοῦντας
1679 3382 1854 3437 αὐτόν.

325 3565 394 3616 Οἱ
448 3593 518 3605 -—
566 3560 759 3617 Δαυίδ.
814 3561 953 3634 Ὀρα
996 3566 1293 3637 καρτερίαν.
1345 3563 1568 3622 Τούτους
1619 3565 1859 3634 μιμησὼ-

252 3653 389 3724 μεθα
456 3655 547 3704 καὶ
602 3653 769 3725 ἡμεῖς,
836 3653 886 3703 οἱ
949 3655 1311 3723 πεπηρωμένοι
1386 3652 1503 3710 τοὺς
1568 3648 1860 3721 ὀφθαλμούς

257 3748 353 3800 τῆς
376 3739 583 3811 ψυχῆς,
613 3744 703 3791 καὶ
732 3738 998 3813 κράξωμεν
1028 3742 1161 3812 πρὸς
1195 3738 1354 3790 αὐτὸν
1386 3737 1438 3800 ἐξ
1467 3736 1592 3799 ὅλης
1620 3734 1861 3809 καρδίας,

258 3828 358 3879 κᾶν
406 3829 506 3879 ύπό
553 3837 703 3879 τινων
745 3823 1170 3899 ἐμποδισθῶμεν,
1223 3824 1550 3896 έπιτείνωμεν
1595 3829 1689 3883 τὴν
1744 3820 1862 3881 δέη-

262 3937 369 3984 σιν,
419 3921 509 3969 καὶ
539 3921 610 3988 μὴ
660 3914 986 3988 ἀποστῶμεν,
1022 3920 1112 3968 καὶ
1139 3917 1345 3974 πάντως
1385 3912 1657 3987 κάμψομεν
1687 3913 1862 3981 αὐτόν,

258 4008 332 4067 ὡς
358 4010 450 4058 καὶ
487 4005 652 4062 οὗτοι.

339 4099 443 4148 Καὶ
494 4125 563 4137 -—
609 4096 754 4167 ἡμῶν
803 4095 854 4146 οἱ
898 4092 1175 4166 ὀφθαλμοί.
1235 4093 1543 4164 Ἐφώνησεν,
1584 4092 1697 4163 (30)
1753 4090 1868 4144 ἀντὶ

260 4191 380 4252 τοῦ,
432 4182 687 4237 ἐκάλεσεν.
742 4188 842 4237 Καὶ
884 4188 1021 4243 τίνος
1067 4184 1227 4236 ἕνεκεν
1272 4180 1440 4256 ἐρωτᾷ
1466 4184 1728 4254 τούτομς;
1759 4180 1870 4235 Ἵνα

262 4278 337 4347 μὴ
389 4276 580 4345 νομίσῃ
628 4292 730 4337 τις,
783 4274 863 4324 ὅτι
925 4271 1055 4323 ἄλλα
1111 4270 1439 4344 βουλομένοις
1489 4270 1680 4337 laeta,
1742 4270 1871 4323 ἄλλα

265 4358 489 4416 δίδωσι.
526 4366 624 4415 Καὶ
668 4368 774 4421 πῶς
803 4360 899 4413 ούκ
939 4359 1207 4433 ἀπῄτησεν
1250 4360 1448 4421 αύτούς
1473 4364 1655 4412 πίστιν
1683 4377 1697 4428 ;
1730 4363 1873 4412 Διὸτι

263 4455 497 4512 πίστεως
536 4447 804 4512 ἀπόδειξις
851 4446 912 4509 ἧν
961 4452 990 4508 ἡ
1033 4454 1262 4524 κραυγὴ,
1303 4453 1393 4501 καὶ
1433 4452 1492 4501 τό
1531 4453 1602 4521 μὴ
1641 4447 1872 4507 ἀποστῆ-

267 4560 356 4593 ναι
387 4541 873 4612 έπιστομισθέντας.

341 4628 763 4701 Σπλαγχνισθεὶς
832 4658 903 4670 —-
983 4626 1124 4700 αύτῷ
1137 4671 1150 4685 .

270 4715 433 4787 ἦσαν,
464 4717 592 4769 ἀλλὰ
632 4721 722 4770 καὶ
762 4716 1090 4789 εὐγνώμονες.
1129 4715 1520 4774 Ἠκολούθησαν
1562 4716 1665 4789 γὰρ
1712 4714 1876 4786 αύτῷ,

268 4811 367 4867 τὴν
398 4806 697 4880 εὐεργεσίαν
729 4804 1078 4879 ἀμειϐόμενοι.

347 4900 483 4950 Φασὶ
537 4892 599 4949 δέ
642 4914 795 4962 τινες,
847 4894 934 4949 ἕνα
977 4903 1078 4947 τῶν
1125 4890 1223 4947 δύο
1268 4895 1462 4947 τούτων
1514 4891 1738 4964 τυφλῶν,
1789 4894 1879 4945 τὸν

349 5076 397 5111 ⁵⁸
426 5076 561 5133 Luc.
599 5089 761 5144 mn,
785 5074 878 5141 46,

1226 4626 1304 4681 Ού
1360 4629 1660 4701 καρτερικοὶ
1722 4629 1876 4698 μόνον

1954 1872 2189 1927 bantur.
2215 1871 2277 1925 Et
2295 1868 2605 1942 quomodo
2634 1868 2873 1924 tradidit
2893 1871 3159 1925 animam
3175 1888 3344 1926 suam
3372 1871 3604 1927 redem-

1955 1960 2223 2031 ptionem
2253 1975 2362 2031 pro
2398 1956 2591 2013 multis
2621 1955 2650 2010 ?
2681 1958 2832 2022 Quia
2871 1957 3199 2015 voluntarie
3254 1959 3519 2030 seipsum
3554 1959 3616 2014 in

1955 2053 2207 2104 mortem
2239 2047 2453 2104 obtulit
2481 2064 2590 2119 pro
2624 2047 2893 2104 libertate
2946 2047 3261 2104 hominum
3296 2065 3309 2113 ;
3355 2048 3615 2103 moriens

1957 2138 2135 2203 enim,
2170 2141 2310 2209 apta
2331 2138 2648 2196 occasione
2667 2143 2991 2210 tyrannum
3019 2135 3297 2208 perdidit,
3328 2142 3615 2209 tanquam

1957 2226 2331 2282 occidentem
2370 2226 2534 2282 illum
2568 2228 2671 2299 qui
2705 2230 2951 2299 peccato
2976 2225 3235 2281 carebat.
3297 2226 3523 2282 Peccati
3545 2226 3617 2281 si-

1957 2314 2203 2389 quidem
2239 2315 2425 2371 multa
2453 2322 2541 2371 est
2591 2331 2802 2381 mors;
2864 2315 3029 2370 solus
3092 2318 3292 2369 autem
3356 2314 3616 2370 Christus

1957 2412 2272 2479 peccatum
2308 2422 2430 2461 non
2462 2407 2617 2463 fecit.

2032 2495 2188 2551 Scire
2204 2500 2404 2550 autem
2423 2499 2676 2567 oportet,
2724 2494 2887 2566 quod
2904 2509 3024 2548 non
3043 2492 3167 2547 sola
3181 2492 3394 2548 Christi
3413 2492 3618 2550 anima

1957 2588 2200 2641 vocatur
2224 2582 2553 2656 redemptio
2580 2590 2798 2650 nostra,
2829 2599 3035 2639 verum
3062 2582 3240 2638 etiam
3268 2582 3513 2652 sanguis
3533 2583 3621 2654 ip-

1960 2675 2103 2729 sius.
2146 2676 2350 2745 ltaque
2380 2688 2515 2746 quae
2538 2689 2692 2728 nunc
2722 2672 2795 2727 de
2828 2672 3033 2728 anima
3063 2673 3197 2741 ejus
3247 2670 3405 2727 dicta
3460 2676 3615 2739 sunt,

1960 2764 2032 2819 de
2061 2762 2351 2831 sanguine
2377 2778 2618 2834 quoque
2658 2762 2788 2832 ejus
2815 2761 3110 2816 dicuntur.

2298 2851 2452 2907 CAP.
2498 2851 2678 2907 XLIV.
2708 2852 2792 2907 De
2833 2850 3061 2905 duobus
3087 2851 3269 2906 caecis.

2033 2944 2188 2997 Vers.
2214 2942 2304 2997 29.
2340 2941 2415 2996 Et
2460 2971 2528 2982 -—
2560 2942 2716 2996 Vers.
2750 2941 2837 2995 30.
2874 2939 3083 2995 David.
3119 2938 3352 2995 Similia
3382 2954 3622 3010 quoque

1963 3032 2179 3104 scripta
2196 3036 2335 3086 sunt
2354 3030 2590 3086 decimo
2611 3031 2866 3101 septimo
2888 3030 3079 3100 capite
3102 3045 3117 3095 ;
3148 3028 3231 3083 ibi
3257 3043 3396 3098 ergo
3423 3043 3624 3099 quaere

1968 3119 2402 3177 enarrationem
2434 3118 2658 3188 integre
2697 3117 3121 3188 conscriptam.

2040 3296 2202 3352 Vers.
2232 3299 2319 3354 31.
2357 3296 2553 3351 Turba
2592 3300 2781 3351 autem
2808 3324 2879 3334 —
2924 3297 3204 3349 tacerent.
3264 3291 3626 3363 Imponebat

1967 3386 2079 3443 illis
2121 3384 2420 3441 silentium
2450 3384 2510 3438 in
2538 3382 2830 3439 honorem
2855 3383 3012 3452 Jesu,
3032 3397 3212 3453 quem
3245 3380 3327 3436 illi
3346 3380 3621 3437 molestia

1973 3473 2339 3531 aﬁciebant.

2040 3563 2206 3618 Vers.
2235 3567 2321 3619 3t.
2353 3561 2459 3616 Illi
2497 3592 2565 3600 —
2617 3560 2835 3617 David.
2896 3558 3043 3615 Vide
3095 3558 3625 3631 perseverantiam.

1973 3652 2087 3707 Hos
2112 3651 2415 3707 imitemur
2435 3654 2495 3705 et
2522 3664 2656 3711 nos,
2700 3649 2805 3721 qui
2837 3648 3056 3704 animae
3104 3648 3294 3704 oculis
3353 3647 3629 3703 excaecati

1972 3755 2205 3805 sumus,
2239 3743 2295 3794 et
2324 3737 2655 3793 clamemus
2702 3737 2777 3791 ad
2807 3752 2944 3791 eum
2971 3752 3043 3792 ex
3070 3740 3192 3792 toto
3234 3735 3432 3792 corde.
3463 3736 3631 3800 Quod

1974 3830 2023 3883 si
2075 3828 2154 3883 ab
2206 3826 2503 3899 aliquibus
2564 3825 2832 3897 impediti
2890 3824 3200 3890 fuerimus,
3254 3823 3631 3879 intentiorem

1972 3915 2300 3973 reddamus
2331 3913 2831 3986 deprecationem,
2864 3927 2974 3967 nec
3002 3912 3458 3976 desistamus,et
3492 3926 3631 3966 eum

1974 4004 2223 4061 omnino
2246 4002 2562 4058 ﬂectamus
2594 4001 2748 4057 sicut
2775 4004 2832 4056 et
2849 4000 2965 4057 isti.

2046 4092 2211 4149 Vers.
2250 4096 2341 4147 32.
2369 4091 2448 4146 Et
2477 4122 2548 4130 -—
2576 4089 2738 4146 Vers.
2782 4090 2869 4145 33.
2899 4089 3061 4145 oculi
3084 4089 3293 4145 nostri.
3326 4089 3520 4155 Quare
3552 4087 3635 4143 in-

1977 4179 2300 4252 terrogavit
2324 4178 2499 4236 illos?
2524 4182 2604 4235 Ne
2630 4177 3180 4251 putaretquispiam
3197 4176 3365 4249 quod
3394 4177 3512 4234 alia
3533 4192 3637 4233 vo-

1978 4271 2239 4329 lentibus
2264 4269 2555 4341 accipere,
2609 4270 2737 4341 ipse
2774 4268 2942 4324 daret
2971 4266 3107 4325 alia.
3140 4269 3205 4323 Et
3233 4282 3341 4323 cur
3395 4283 3518 4324 non
3548 4283 3634 4323 re-

1981 4360 2221 4433 quisivit
2241 4358 2321 4415 ab
2350 4358 2433 4414 eis
2452 4357 2638 4413 ﬁdem
2662 4358 2691 4413 ?
2720 4357 2868 4423 Quia
2888 4356 3029 4412 ﬁdei
3052 4356 3486 4412 demonstratio
3512 4358 3639 4412 erat

1983 4448 2229 4513 clamor,
2261 4450 2318 4502 et
2346 4445 2789 4518 perseverantia
2815 4445 2875 4500 in
2907 4460 3000 4511 eo,
3040 4459 3179 4500 cum
3204 4442 3305 4499 alii
3334 4443 3638 4499 silentium

1908 4516 1953 4569 D
1984 4535 2068 4593 eis
2094 4516 2399 4607 imponere
2419 4536 2797 4591 conarentur.

2057 4625 2220 4681 Vers.
2252 4623 2342 4679 34.
2369 4622 2642 4681 Miserius
2691 4653 2761 4663 —
2812 4635 2961 4675 eum.
3022 4622 3151 4675 Non
3198 4617 3394 4676 solum
3436 4634 3641 4692 perse-

1986 4718 2260 4772 verantes
2283 4716 2469 4779 erant,
2497 4710 2600 4767 sed
2628 4714 2687 4766 et
2715 4706 2865 4779 grati
2897 4706 3301 4779 sequebantur
3356 4723 3513 4773 eum,
3544 4722 3640 4763 re-

1986 4802 2310 4876 pendentes
2350 4798 2724 4857 beneﬁcium.

2059 4891 2238 4949 Aiunt
2260 4893 2458 4948 autem
2485 4888 2725 4963 quidam
2741 4900 2933 4943 unum
2943 4884 3157 4942 horum
3174 4898 3477 4942 cecorum
3497 4884 3639 4943 insi-

1508 5193 1730 5263 Variae
1758 5194 2089 5263 lectiones
2122 5200 2189 5260 et
2217 5200 2419 5260 notae.

346 5395 462 5469 (29)
489 5393 1015 5469 Accuratiushunc
1038 5391 1500 5469 lgcumezghibet
1523 5392 1583 5448 in
1606 5395 1882 5469 contegtu

273 5462 739 5533 Evan'geliorum
761 5470 818 5523 et
834 5465 895 5522 in
918 5463 1159 5520 scholiis
1176 5463 1254 5520 ad
1274 5464 1455 5520 Matth
1472 5480 1651 5533 xxvn,
1672 5464 1757 5520 50.
1780 5462 1883 5520 Hic

352 5534 479 5611 (qq)
510 5538 767 5606 Quodam
795 5537 985 5594 Patri.
1020 5534 1122 5592 Cui
1167 5538 1358 5593 autem
1400 5535 1666 5592 animam
1714 5550 1887 5591 suam

1992 5393 2226 5447 tantum
2256 5388 2441 5446 obiter
2477 5388 2701 5445 laudat.

2064 5462 2177 5534 (30)
2204 5459 2489 5534 Quinque
2510 5460 2714 5534 priora
2735 5457 3031 5518 vocabula
3071 5458 3274 5518 omisit
3302 5460 3644 5519 Hentenius.

352 5689 480 5764 (qq)
506 5689 772 5759 Quodam
799 5720 869 5732 —
896 5684 1090 5746 Patri.
1120 5684 1226 5744 Cui
1256 5689 1459 5744 autem
1493 5685 1771 5744 animam
1793 5701 1970 5745 suam
1996 5684 2239 5745 tradidit
2265 5683 2296 5742 7
2332 5684 2512 5744 Patri.
