4186 6318
556 357 663 421 547

1879 340 2238 413 EUTHYMll
2274 337 2603 417 ZIGABENI

3812 342 3928 402 548

558 488 830 560 gniorem
855 485 1058 549 fuisse,
1087 482 1161 538 de
1195 496 1318 554 quo
1347 496 1383 538 a
1406 482 1597 538 Marco
1626 478 1781 535 facto
1843 479 1931 531 est
1987 471 2209 528 mentio

2320 467 2710 543 ἐπισημότερον,
2769 471 3184 542 μνημονευθῆναι
3232 469 3375 542 παρὰ
3442 469 3640 540 Μάρκῳ
3697 471 3812 542 μὲν,
3873 470 3928 523 ἓν

559 575 852 632 tricesimo
869 573 1064 645 primo
1080 568 1483 641 Evangeliisui
1512 567 1718 639 capite,
1743 562 2207 638 quiBartimaeus

558 663 869 719 dicebatur
913 663 998 726 6‘;
1052 663 1208 715 Luca
1245 674 1379 713 vero
1426 655 1797 726 sexagesimo
1853 655 2067 725 quarto
2118 648 2211 703 sui

558 751 855 823 Evangelii
881 749 1073 822 capite
1096 751 1143 784 "
1178 765 1191 815 ;
1220 747 1465 804 alterum
1494 752 1713 812 autem,
1741 742 1819 799 ab
1848 741 1943 797 his
1975 737 2208 795 silentio

556 840 917 914 praeteritum
944 843 1237 911 tanquam
1264 836 1417 891 illius
1436 833 1792 897 ministrum,
1813 828 2209 903 quemadmo-

557 933 704 987 dum
734 944 882 985 sane
920 934 976 984 et
1016 927 1089 982 de
1146 924 1385 982 duobus
1422 921 1800 979 daemoniacis
1848 916 2208 975 duodecimo

557 1019 750 1091 capite
767 1018 1118 1090 praedictum
1141 1019 1227 1069 est
1258 1031 1270 1066 :
1296 1012 1472 1085 idque
1511 1011 1851 1081 conjectura
1882 1021 2209 1078 assequun-

557 1114 670 1175 tur,
700 1124 770 1164 eo
802 1107 961 1179 quod
1002 1106 1214 1161 eadem
1244 1108 1303 1159 et
1350 1102 1605 1159 dixerint
1633 1106 1689 1156 et
1744 1098 2098 1165 audiverint,
2138 1111 2209 1152 ac

557 1196 831 1253 similiter
868 1196 1051 1253 secuti
1076 1194 1308 1250 fuerint.
1343 1194 1462 1264 Ego
1488 1206 1625 1246 vero
1652 1205 1714 1245 re
1762 1187 2043 1244 attentius
2070 1200 2209 1241 con-

558 1287 835 1355 siderata,
870 1285 1121 1341 alterum
1151 1283 1229 1339 ab
1258 1282 1353 1338 his
1385 1280 1625 1337 duobus
1654 1277 1932 1335 essedico
1956 1292 2105 1341 eum,
2133 1274 2209 1329 de

557 1391 680 1449 quo
718 1374 900 1430 habet
938 1373 1217 1439 Marcus;
1260 1384 1626 1442 rursumque
1668 1366 1921 1423 alterum
1978 1363 2057 1420 ab
2113 1379 2207 1431 eo,

557 1462 633 1519 de
658 1479 780 1535 quo
801 1465 1045 1532 Marcus,
1080 1459 1245 1515 illum
1276 1458 1350 1515 de
1375 1473 1498 1529 quo
1535 1456 1792 1527 loquitur
1820 1457 2026 1510 Lucas.
2060 1455 2112 1507 Is
2137 1450 2211 1506 si-

556 1552 803 1625 quidem
833 1551 907 1607 de
936 1566 1059 1622 quo
1089 1553 1335 1614 Marcus,
1366 1551 1585 1603 vestem
1612 1561 1734 1618 prae
1756 1543 1943 1600 nimia
1972 1540 2211 1598 festina-

555 1641 709 1697 tione
739 1640 1009 1712 projecit,
1042 1644 1098 1694 et
1118 1639 1241 1693 sine
1282 1641 1558 1692 contactu
1614 1634 1931 1692 sanitatem
1959 1633 2204 1702 accepit.

555 1732 608 1784 Is
661 1735 862 1785 autem
901 1728 1005 1799 qui
1075 1726 1237 1799 apud
1293 1727 1505 1783 Lucam
1571 1728 1676 1788 est,
1735 1722 1956 1778 Christo
2013 1718 2209 1793 potius

552 1818 918 1889 ingrediente
970 1815 1222 1882 Jericho,
1289 1820 1345 1870 et
1401 1830 1524 1871 non
1579 1812 1934 1883 egrediente,
1992 1808 2208 1864 sanita—
2237 1822 2277 1875 Β

556 1913 675 1964 tem
701 1913 793 1963 est
839 1910 1213 1961 consecutus.
1262 1902 1616 1974 llujusmodi
1655 1900 1834 1956 etiam
1860 1898 2208 1970 opinionem

556 1996 702 2051 mihi
754 1994 1071 2050 conﬁrmat
1100 1993 1580 2064 Chrysostomus,
1619 1990 1722 2062 qui
1744 1989 1820 2045 de
1857 1987 1970 2043 illis
2010 1988 2211 2058 utpote

556 2082 685 2140 aliis
716 2082 864 2138 nihil
887 2082 1133 2137 omnino
1160 2080 1472 2151 signiﬁcat.

896 2222 1050 2280 CAP.
1086 2224 1235 2279 XLV.
1276 2223 1362 2277 De
1390 2222 1562 2277 asina
1591 2226 1645 2277 et
1666 2221 1863 2291 pullo.

630 2373 771 2441 Cap.
803 2369 946 2423 XXI.
987 2368 1144 2424 Vers.
1182 2368 1233 2421 1.
1276 2368 1350 2423 Et
1381 2382 1513 2422 cum
1552 2395 1623 2407 —
1650 2365 1817 2421 Vers.
1844 2369 1897 2421 3.
1936 2379 2046 2420 eos.
2073 2362 2209 2419 Jam

558 2464 747 2514 morte
765 2472 875 2513 sua
892 2473 1081 2529 appro
1088 2458 1432 2528 pinquante,
1449 2454 1659 2524 majori
1673 2453 2015 2511 auctoritate
2030 2466 2211 2522 nego-

557 2546 885 2616 tiaattingit
904 2566 919 2616 ;
938 2550 994 2601 et
1010 2546 1154 2618 quia
1167 2546 1241 2601 de
1253 2547 1423 2602 asina
1444 2552 1494 2598 ut
1510 2550 1577 2599 de
1596 2543 1755 2615 pullo
1792 2542 2209 2614 prophetatum

557 2640 703 2703 erat,
736 2651 894 2691 nunc
949 2641 1239 2707 tanquam
1268 2634 1530 2691 omnium
1570 2631 1858 2688 Dominus
1900 2630 2071 2704 jubet
2116 2630 2212 2686 his

556 2740 707 2798 quos
737 2723 1050 2780 emittebat
1088 2727 1152 2780 ut
1178 2723 1382 2779 dicant
1411 2739 1425 2778 :
1457 2722 1700 2778 Domino
1745 2722 1835 2777 his
1860 2736 2001 2790 opus
2024 2726 2123 2785 est,
2154 2722 2214 2774 et

556 2820 695 2886 post
719 2814 987 2870 habitum
1004 2829 1178 2868 usum
1195 2813 1295 2867 red
1309 2812 1398 2867 uci
1424 2811 1531 2867 hos
1557 2811 1633 2866 ad
1647 2810 1959 2865 dominum
1979 2824 2208 2864 eorum.

559 2904 670 2959 Sed
701 2902 999 2959 Matthaaus
1022 2902 1253 2957 asinam
1279 2901 1419 2955 dicit
1438 2899 1739 2972 etpullum
1773 2917 1786 2963 ;
1818 2900 2050 2953 Marcus
2077 2912 2211 2951 vero

558 2991 786 3063 pullum
828 2991 1023 3048 solum
1054 2992 1122 3042 εδ.
1155 2989 1485 3055 Invenietis,
1516 2988 1728 3060 inquit,
1758 2985 2212 3056 pullumalliga-

560 3088 703 3146 tum,
736 3096 916 3151 super
944 3095 1113 3151 quem
1144 3078 1345 3134 nullus
1375 3078 1677 3135 hominum
1725 3076 1893 3132 sedit.
1936 3074 2210 3131 Similiter

2317 566 2386 627 τῷ
2416 567 2710 631 τριακοστῷ
2740 563 2927 633 πρώτῳ
2957 556 3214 629 κεφαλαίῳ
3260 564 3352 608 τοῦ
3382 555 3695 627 Εύαγγελίου
3737 557 3925 631 αὐτοῦ,

2318 652 2631 720 Βαρτιμαῐον
2706 646 3033 719 καλούμενον·
3116 647 3259 720 παρὰ
3324 650 3507 698 Λουκᾶ
3577 641 3656 713 δὲ,
3718 646 3767 698 ἓν
3850 657 3929 720 τῷ

2319 735 2582 807 ἑξηκοστῷ
2650 738 2878 811 τετάρτῳ
2928 734 3188 807 κεφαλαίῳ
3236 742 3329 787 τοῦ
3379 733 3496 786 κατ’
3543 732 3698 786 αὐτὸν
3750 736 3928 810 Εὔαγ-

2316 824 2509 896 γελίου·
2544 828 2629 877 τὸν
2661 824 2809 877 ἄλλον
2844 820 2901 877 δὲ
2941 826 3420 897 παρασιωπηθῆναι
3447 827 3651 885 τούτοις
3678 826 3816 897 (31),
3852 828 3926 890 ὡς

2318 915 2574 989 ὑπηρέτην
2627 913 2840 966 ἐκείνου’
2911 916 3049 966 καθὰ
3102 910 3168 973 δὴ
3214 917 3305 965 καὶ
3353 918 3471 986 περὶ
3517 921 3617 967 τῶν
3663 909 3761 968 δύο
3802 911 3927 969 δαι-

2317 1006 2663 1076 μονιζομένων
2709 1003 2757 1056 ἐν
2820 1012 2892 1074 τῷ
2948 999 3234 1075 δωδεκάτῳ
3279 1006 3538 1075 κεφαλαίῳ
3590 1008 3914 1079 προείρηται.

2322 1096 2421 1144 Καὶ
2465 1100 2866 1166 τεκμηριοῦνται
2914 1095 3001 1145 τὸν
3045 1092 3219 1164 λόγον,
3260 1090 3360 1144 ἀπὸ
3408 1098 3502 1144 τοῦ
3550 1096 3615 1145 τὰ
3656 1092 3791 1146 αὐτὰ
3822 1100 3916 1148 καὶ

2319 1181 2494 1248 εἰπεῖν,
2561 1187 2650 1233 καὶ
2707 1180 2952 1249 ἀκοῦσαι,
3010 1186 3097 1234 καὶ
3150 1182 3342 1253 ὁμοίως
3389 1179 3763 1241 ἀκολουθῆσαι·
3820 1183 3921 1255 ἐγὼ

2320 1266 2378 1322 δε
2420 1271 2822 1343 στοχαζόμενος,
2875 1272 3042 1346 ἕτερον
3090 1269 3218 1323 εἶναι
3265 1270 3412 1342 λέγω,
3464 1272 3608 1345 παρὰ
3650 1275 3771 1332 τοὺς
3823 1267 3926 1324 δύο

2318 1360 2550 1425 τούτους,
2611 1362 2696 1410 τὸν
2749 1367 2841 1411 τοῦ
2898 1362 3137 1434 Μάρκου,
3188 1362 3277 1411 καὶ
3322 1358 3490 1434 ἕτερον
3548 1359 3720 1429 πάλιν,
3777 1364 3932 1435 παρὰ

2321 1449 2403 1497 τὸν
2455 1456 2543 1499 τοῦ
2592 1451 2829 1522 Μάρκου,
2873 1452 2957 1501 τὸν
3006 1456 3099 1501 τοῦ
3143 1453 3341 1501 Λουκᾶ.
3390 1453 3489 1502 Καὶ
3517 1451 3618 1522 γὰρ
3648 1450 3674 1501 6
3709 1452 3800 1521 μεν
3829 1457 3931 1503 τοῦ

2318 1538 2534 1610 Μάρκου
2584 1541 2667 1588 καὶ
2716 1541 2773 1589 τὸ
2822 1540 3025 1610 ἱμάτιον
3069 1536 3274 1613 ἔρριψεν
3314 1539 3412 1590 ὑπὸ
3452 1544 3549 1600 τῆς
3585 1539 3717 1610 ἄγαν
3758 1558 3930 1592 σπου-

2320 1622 2440 1693 δῆς,
2484 1630 2573 1678 καὶ
2622 1630 2797 1701 χωρὶς
2845 1624 3044 1698 ἕπαφῆς
3086 1630 3180 1685 τὴν
3222 1627 3367 1679 ἴασιν
3411 1625 3603 1680 ἔλαϐεν·
3650 1628 3675 1679 6
3725 1624 3784 1680 δε
3828 1635 3932 1680 τοῦ

2319 1720 2519 1783 Λουκᾶ,
2569 1713 2854 1789 ἐρχομενου
2891 1715 3083 1787 μᾶλλον
3131 1714 3199 1777 εἰς
3248 1714 3456 1789 Ἰεριχὼ
3508 1723 3600 1768 τοῦ
3658 1722 3931 1789 Χριστοῦ,

2317 1808 2406 1855 καὶ
2462 1801 2556 1854 ούκ
2612 1802 3037 1877 ἐκπορευομένου,
3095 1812 3190 1867 τῆς
3241 1804 3429 1866 ἰάσεως
3476 1807 3653 1877 ἔτυχε.
3715 1804 3936 1860 Βεϐαεοί

2319 1889 2378 1944 δε
2425 1911 2515 1965 μοι
2555 1892 2787 1965 μάλιστα
2831 1896 2924 1952 τὴν
2973 1896 3217 1951 τοιαύτην
3266 1891 3531 1965 ὑπόληψιν
3568 1895 3596 1947 ὁ
3635 1894 3751 1967 (32)
3780 1902 3934 1970 Χρυ-

2320 1985 2597 2053 σόστομος,
2665 1977 2817 2035 οὐδὲν
2876 2001 2927 2033 τι
3002 1986 3120 2057 περὶ
3180 1980 3379 2035 ἒκείνων
3443 1980 3934 2058 ἔπισημηνάμενος,

2318 2073 2386 2133 ὡς
2413 2073 2595 2141 ἑτέρων
2626 2073 2800 2126 ὄντων.

2521 2217 2665 2267 ΚΕΦ.
2702 2211 2831 2267 ME'.
2864 2216 2991 2287 Περὶ
3018 2216 3115 2275 τῆς
3142 2216 3257 2265 ὄνου
3287 2215 3377 2265 καὶ
3404 2219 3498 2266 τοῦ
3526 2213 3722 2269 πώλου.

2391 2374 2491 2423 Καὶ
2543 2372 2625 2423 ὅτε
2671 2402 2741 2412 -
2812 2372 3031 2435 αύτούς.
3098 2369 3242 2431 Ἤδη
3294 2380 3392 2436 τῆς
3452 2372 3695 2436 τελευτῆς
3761 2375 3930 2429 αὐτοῦ

2317 2461 2801 2534 προσεγγιζούσης,
2898 2460 3427 2536 ἓξουσιαστικὼτερον
3517 2462 3734 2517 ἅπτεται
3828 2474 3929 2518 τῶν

2316 2550 2659 2621 πραγμάτων,
2706 2553 2798 2602 καὶ
2839 2548 2951 2603 imi
2992 2555 3344 2623 προεφήτευσε
3378 2553 3447 2603 τὰ
3490 2555 3628 2605 κατὰ
3672 2557 3767 2613 τὴν
3812 2557 3929 2606 ὄνον

2316 2642 2407 2690 καὶ
2452 2639 2537 2690 τὸν
2580 2637 2767 2704 πῶλον,
2817 2637 3017 2705 λοιπὸν,
3071 2641 3141 2700 ὡς
3197 2642 3383 2715 Κύριος
3439 2642 3661 2708 πάντων,
3730 2642 3927 2697 κελεύει

2315 2734 2423 2788 τοῖς
2484 2725 2942 2799 ἀποστελλομένοις
2988 2726 3166 2792 εἰπεῖν,
3230 2728 3313 2780 ὅτι
3356 2727 3415 2782 Ὀ
3470 2730 3659 2802 Κύριος
3718 2735 3915 2803 χρείαν

2319 2816 2486 2867 αὐτῶν
2548 2818 2680 2887 ἔχει,
2734 2820 2825 2869 καὶ
2874 2819 3004 2889 μετὰ
3061 2820 3152 2876 τὴν
3211 2822 3397 2890 χρείαν
3454 2815 3767 2889 ἀντιστρέφει
3820 2820 3912 2870 αύο

2316 2908 2436 2965 τούς
2486 2908 2611 2978 πρὸς
2658 2908 2781 2966 τούς
2824 2910 3038 2978 κυρίους
3086 2904 3275 2959 αὐτῶν.
3319 2904 3475 2959 Ἀλλὰ
3522 2906 3780 2965 Ματθαῖος
3818 2908 3904 2976 μεν

2318 2994 2429 3044 ὄνον
2502 2996 2593 3044 καὶ
2657 2992 2824 3045 πῶλον
2894 2992 3050 3066 λέγει’
3106 2995 3315 3066 Μάρκος
3372 2990 3433 3047 δε
3505 2993 3671 3046 πῶλον
3745 2998 3912 3066 μόνον.

3094 3082 3263 3136 πῶλον
3338 3078 3628 3156 δεδεμένον,

2322 3080 2580 3155 Εύρὴσετε
2653 3084 2778 3155 γὰρ,
2856 3087 3007 3155 φησὶ,
3094 3082 3263 3136 πῶλον
3338 3080 3628 3156 δεδεμένον,
3719 3081 3792 3156 ἐφ’
3866 3084 3923 3135 ὃν

558 3177 761 3226 autem
784 3169 1055 3225 scribitet
1069 3171 1253 3224 Lucas
1270 3169 1338 3222 ⁸⁷.
1354 3169 1611 3224 Joannes
1624 3181 1760 3222 vero
1772 3164 2004 3238 pullum
2026 3162 2210 3221 asinis

2322 3165 2496 3231 οὐδεὶς
2547 3168 2827 3245 ἀνθρώπων
2889 3170 3146 3227 ὶκάθισεν.
3199 3171 3423 3243 Ὁμοίως
3478 3169 3539 3225 δι
3590 3172 3776 3246 γράφει
3831 3176 3924 3225 καὶ

557 3260 718 3315 hunc
763 3258 1088 3330 appellavit
1134 3258 1202 3324 ⁸⁸,
1260 3264 1553 3329 tanquam
1609 3255 1889 3312 tenellum
1945 3254 2206 3310 asinum.

559 3348 713 3416 Quid
738 3363 881 3418 ergo
910 3347 1182 3415 dicemus
1202 3349 1231 3403 ?
1247 3346 1419 3412 Quod
1448 3351 1695 3418 utroque
1719 3360 1873 3418 opus
1892 3348 2016 3400 erat
2039 3342 2211 3403 Chri-

559 3441 652 3493 sto
686 3456 699 3496 :
729 3436 835 3492 sed
874 3435 1037 3509 pullo
1070 3442 1129 3492 ut
1159 3452 1341 3508 super
1381 3451 1521 3493 eum
1546 3435 1873 3499 veheretur,
1906 3433 2079 3490 asina
2108 3448 2210 3489 au-

558 3530 678 3581 tem
710 3530 774 3581 ut
803 3525 1029 3596 pullum
1064 3529 1451 3597 sequeretur:
1491 3522 1770 3596 explebat
1788 3522 1948 3578 enim
1993 3524 2212 3593 myste-

555 3615 715 3671 rium
744 3614 910 3688 quod
934 3614 1135 3671 futura
1165 3613 1609 3686 praeﬁgurabat.
1639 3615 1706 3668 Et
1742 3616 1864 3668 erat
1912 3611 2114 3683 pullus
2147 3611 2211 3666 in

554 3704 815 3775 ﬁguram
844 3704 985 3761 novi
1005 3720 1035 3759 e
1062 3704 1338 3775 gentibus
1367 3702 1586 3776 populi,
1615 3701 1845 3758 venturi
1895 3701 1973 3758 ad
2025 3700 2211 3758 ﬁdem

554 3809 691 3869 quae
718 3799 809 3851 est
835 3795 897 3851 in
926 3794 1242 3860 Christum,
1298 3793 1403 3867 qui
1430 3793 1509 3850 ad
1550 3792 1765 3850 divina;
1820 3791 1972 3863 legis
1997 3791 2209 3863 jugum

553 3885 971 3942 inexercitatus
1023 3889 1170 3951 erat,
1203 3899 1385 3957 super
1434 3899 1616 3956 quem
1654 3882 1853 3939 nullus
1894 3882 2210 3939 hominum

554 3975 810 4040 sederat,
854 3974 1148 4047 propheta
1199 3973 1468 4030 videlicet
1514 3972 1602 4029 vel
1644 3971 1969 4044 apostolus.
2026 3969 2210 4027 Asina

553 4080 692 4120 vero
720 4064 785 4119 in
816 4068 1030 4135 typum
1048 4062 1260 4118 veteris
1288 4078 1320 4118 e
1346 4060 1565 4117 Judaais
1595 4059 1801 4131 populi
1818 4060 1931 4115 sub
1953 4059 2104 4130 jugo
2126 4057 2211 4115 le-

554 4153 645 4222 gis
665 4151 955 4220 degentis.
977 4153 1041 4205 Et
1068 4149 1272 4220 pullus
1293 4148 1541 4220 quidem
1563 4146 1860 4205 Christum
1885 4147 2043 4203 vehit
2068 4148 2209 4203 insi-

553 4240 816 4305 dentem,
845 4239 1015 4294 asina
1054 4253 1197 4292 vero
1228 4236 1512 4309 sequitur,
1544 4237 1795 4292 docente
1825 4236 2020 4309 reipsa
2042 4235 2209 4307 quod

554 4330 877 4399 postquam
931 4325 1194 4381 Christus
1236 4323 1516 4395 gentibus
1559 4323 1859 4391 insederit,
1903 4328 1961 4381 et
2002 4325 2063 4381 in
2120 4325 2206 4381 eis

554 4421 846 4488 tanquam
872 4416 934 4471 in
968 4430 1031 4471 se
1061 4414 1441 4472 credentibus
1473 4414 1849 4488 requieverit,
1884 4419 2208 4487 sequentur

553 4509 611 4562 et
649 4505 856 4562 Judaei.
910 4503 1060 4561 Dicit
1082 4505 1240 4562 enim
1267 4510 1322 4560 et
1351 4504 1610 4562 Paulus:
1642 4504 1895 4563 Caecitas
1936 4521 2014 4564 ea:
2040 4512 2211 4577 parte

548 4596 718 4665 facta
736 4597 895 4650 estin
908 4596 1099 4651 Israel
1119 4594 1304 4651 donec
1322 4594 1635 4664 plenitudo
1653 4611 1764 4665 gen
1773 4595 1922 4651 tium
1948 4596 2211 4653 intrave-

553 4685 633 4741 rit
665 4701 679 4751 ;
714 4687 767 4742 et
807 4690 951 4745 tunc
977 4685 1167 4742 omnis
1188 4685 1376 4742 Israel
1405 4686 1607 4741 salvus
1633 4688 1742 4741 erit
1793 4687 1864 4743 ".
1896 4686 2210 4758 Propterea

551 4789 694 4845 ergo
725 4774 1032 4832 Matthmus
1058 4779 1270 4831 exacta
1300 4774 1606 4847 diligentia
1635 4774 1942 4846 utriusque
1952 4773 2209 4844 jumenti

553 4863 825 4919 meminit
851 4879 871 4927 ;
902 4863 1097 4918 caeteri
1126 4867 1327 4919 autem
1368 4861 1670 4921 brevitatis
1736 4877 1921 4919 causa
1973 4860 2206 4935 pullum

550 4952 799 5025 quidem
839 4952 1221 5025 scripserunt,
1251 4965 1323 5008 eo
1362 4951 1530 5023 quod
1582 4965 1761 5023 super
1786 4950 1955 5007 illum
2004 4954 2207 5009 vectus

623 5130 671 5165 ⁸⁸
704 5129 885 5187 Marc.
914 5145 967 5186 ι.
998 5132 1096 5187 46.

2324 3264 2545 3319 Λουκᾶς.
2598 3262 2698 3312 Καὶ
2748 3261 2773 3311 6
2824 3259 3062 3321 Ἰωάννης
3112 3257 3171 3313 δε
3214 3263 3300 3313 τὸν
3354 3259 3525 3313 πῶλον
3578 3267 3756 3313 τοῦτον
3804 3259 3929 3312 ὀνά-

2322 3367 2432 3423 ριον
2490 3348 2777 3422 ὠνόμασεν,
2830 3350 2895 3410 ὡς
2963 3353 3075 3403 ὄνον
3123 3352 3254 3420 νέον,
3308 3348 3419 3403 ἐπεὶ
3477 3353 3566 3403 καὶ
3620 3349 3807 3419 πῶλος,
3868 3351 3931 3403 τὸ

2324 3447 2418 3499 τῆς
2472 3441 2587 3490 ὄνου
2646 3438 2926 3514 πωλάριον.
2983 3442 3048 3492 Τί
3094 3435 3182 3492 οὖν
3226 3439 3437 3514 ἐροῦμεν
3464 3462 3476 3505 ;
3522 3438 3643 3492 Ὀτι
3694 3444 3783 3492 καὶ
3832 3438 3936 3513 ἄμ-

2326 3531 2546 3600 φοτέρων
2594 3530 2683 3600 μὲν
2726 3530 2856 3600 ἔσχε
2885 3532 3072 3600 χρείαν
3108 3530 3134 3581 ὁ
3166 3532 3420 3603 Χριστὸς,
3456 3527 3586 3581 ἀλλὰ
3623 3536 3714 3582 τοῦ
3752 3528 3936 3582 πώλου

2325 3618 2415 3691 μεν
2463 3616 2534 3678 εἰς
2590 3619 2648 3669 τὸ
2698 3614 3039 3689 ἂποχηθῆναι
3091 3616 3253 3688 αὐτῷ·
3305 3626 3402 3681 τῆς
3453 3622 3569 3671 ὄνου
3620 3615 3695 3685 δὲ,
3743 3617 3815 3679 εἰς
3871 3622 3937 3671 τὸ

2326 3704 2624 3759 ἀκολουθεῖν
2672 3714 2745 3777 τῷ
2789 3706 2969 3780 πώλῳ,
3026 3710 3332 3780 Μυστήριον
3379 3710 3482 3783 γὰρ
3536 3707 3689 3761 ἐτέλει
3734 3725 3942 3780 προτυ-

2324 3803 2452 3849 ποῦν
2501 3797 2567 3847 τὰ
2620 3794 2885 3867 μελλοντα.
2941 3800 3042 3849 Καὶ
3092 3793 3153 3854 ἦν
3211 3798 3238 3849 ὁ
3280 3796 3449 3859 πῶλος
3498 3799 3589 3869 μὲν
3644 3796 3716 3858 εἷς
3765 3800 3940 3851 τύπον

2322 3892 2413 3938 τοῦ
2452 3883 2507 3947 ἐξ
2556 3884 2713 3937 ἐθνῶν
2766 3888 2879 3937 νέου
2931 3884 3078 3957 λαοῦ,
3132 3892 3224 3938 τοῦ
3276 3888 3378 3961 πρὸ
3428 3894 3523 3949 τῆς
3573 3886 3643 3948 εἷς
3694 3890 3941 3961 Χριστὸν

2322 3979 2550 4034 πίστεως
2597 3972 2935 4047 ἁγνμνάστου
2974 3978 3107 4048 πρὸς
3143 3977 3231 4027 τὸν
3272 3976 3429 4047 ζυγὸν
3468 3983 3561 4029 τοῦ
3599 3978 3738 4029 θείου
3765 3980 3940 4050 νόμου

2322 4065 2694 4135 τυγχάνοντος,
2744 4062 2820 4135 ἐφ’
2876 4066 2930 4116 ὃν
2989 4060 3164 4125 οὐδεὶς
3210 4065 3489 4139 ἀνθρώπων
3547 4064 3776 4133 ἐκάθισε,
3834 4064 3941 4127 δη-

2322 4148 2482 4217 λαδὴ,
2525 4157 2799 4227 προφήτης
2833 4152 2864 4211 ἦ
2921 4151 3228 4215 ἀπόστολος·
3279 4154 3311 4211 ἡ
3358 4157 3471 4215 ὄνος
3518 4151 3597 4227 δὲ,
3653 4155 3721 4216 εἰς
3768 4158 3939 4210 τύπον

2324 4248 2416 4293 τοῦ
2454 4239 2506 4304 ἐξ
2554 4238 2822 4293 Ἰουδαίων
2861 4242 3088 4295 παλαιοῦ
3136 4243 3282 4309 λαοῦ,
3340 4250 3432 4295 τοῦ
3474 4245 3576 4297 ὑπὸ
3629 4249 3717 4297 τὸν
3768 4245 3938 4317 ζυγὸν

2322 4336 2415 4383 τοῦ
2469 4334 2627 4402 νόμου
2684 4330 2968 4394 τελοῦντος.
3036 4336 3134 4385 Καὶ
3191 4333 3217 4384 6
3272 4332 3439 4396 πῶλος
3497 4336 3589 4406 μὲν
3652 4338 3787 4409 φέρει
3841 4338 3937 4387 τὸν

2322 4422 2554 4493 Χριστὸν
2611 4421 2824 4492 ἔποχον·
2881 4420 3059 4474 ἕπεται
3109 4417 3169 4474 δε
3226 4424 3257 4480 ἡ
3307 4425 3433 4482 ὄνος·
3482 4428 3574 4475 τοῦ
3622 4425 3934 4498 πράγματος

2242 4490 2288 4549 Ῑ)
2324 4504 2692 4574 διδάσκοντος,
2736 4510 2817 4561 ὅτι
2846 4512 2977 4581 μετά
3005 4512 3063 4562 τὸ
3108 4512 3328 4563 καθίσαι
3355 4514 3441 4564 τὸν
3490 4515 3722 4585 Χριστὸν
3750 4511 3831 4564 ἰπὶ
3860 4516 3931 4565 τὰ

2322 4599 2467 4665 ἔθνη,
2527 4603 2617 4649 καὶ
2684 4597 3161 4652 ἐπαναπαύσασθαι
3215 4599 3395 4661 αὐτοῖς
3453 4604 3794 4653 πιστεύσασιν
3846 4600 3925 4661 εἰς

2322 4687 2502 4755 αύτόν,
2549 4686 2971 4746 ἀκολουθήσουσι
3018 4690 3222 4749 τούτοις
3262 4691 3349 4741 καὶ
3384 4692 3433 4742 οἱ
3464 4685 3727 4744 Ἰουδαῖοι.
3762 4691 3918 4759 Λέγει

2320 4778 2421 4851 γὰρ
2468 4780 2556 4829 καὶ
2604 4776 2827 4847 Παῦλος,
2878 4778 2961 4829 ὅτι
3012 4782 3262 4853 Πώρωσις
3304 4787 3377 4850 τῷ
3426 4778 3643 4854 Ἰσραήλ
3697 4776 3795 4830 ἀπὸ
3835 4780 3926 4850 μέ-

2318 4884 2438 4939 ρους
2514 4869 2737 4937 γέγονεν,
2802 4867 2965 4940 ἄχρις
3031 4867 3091 4919 οὗ
3156 4869 3217 4920 τὸ
3290 4873 3548 4944 πλήρωμα
3616 4876 3715 4921 τῶν
3772 4866 3930 4921 ἇθνῶν

2323 4952 2552 5027 εισελθῃ,
2597 4959 2689 5007 καὶ
2741 4958 2858 5008 τότε
2894 4954 3015 5028 (33)
3060 4962 3164 5019 πᾶς
3207 4956 3423 5032 Ἰσραὴλ
3470 4959 3777 5016 συθήσεται.
3834 4960 3933 5011 Διὰ

1179 5130 1228 5165 ⁸⁵
1261 5130 1378 5185 Luc
1401 5143 1570 5197 xvm,
1599 5130 1691 5187 35.
1768 5131 1817 5166 “
1847 5128 2023 5187 Marc.
2053 5145 2115 5197 ει,
2145 5132 2202 5186 2.

2318 5132 2327 5168 π
2366 5132 2506 5189 Luc.
2533 5145 2660 5201 xxx,
2693 5137 2782 5191 30.
2858 5134 2908 5170 ⁸⁸
2934 5134 3107 5193 Joan.
3134 5149 3231 5202 xu,
3262 5134 3353 5192 14.
3429 5136 3479 5174 ⁹⁶
3506 5135 3679 5193 Rom.
3708 5151 3788 5204 ιι,
3834 5138 3931 5193 25.

1774 5307 1998 5376 Variae
2030 5307 2358 5377 lectiones
2392 5316 2457 5375 et
2488 5319 2698 5379 notae.

632 5501 747 5572 (31)
781 5501 1066 5562 ΤούτουςΒ.

624 5572 738 5643 (3‘2)
768 5570 989 5644 Scilicet
1025 5570 1484 5644 ChrySostomus
1509 5572 1583 5628 de
1612 5572 1810 5628 Marco
1822 5577 1878 5628 et
1909 5566 2067 5629 Luca
2086 5572 2197 5629 hoc

552 5648 685 5701 toco
714 5642 859 5699 nihil
880 5650 1100 5712 monet,
1122 5642 1461 5701 Matthaaum
1479 5648 1710 5700 tantum
1742 5645 1993 5699 breviter
2022 5645 2206 5714 expli-

2311 5518 2482 5577 cans,
2514 5507 2553 5577 ι.
2592 5505 2705 5577 v11,
2740 5523 2795 5577 p.
2842 5507 2970 5574 653,
2998 5508 3124 5565 654.

2379 5574 2772 5655 (33)_Codices
2798 5578 3227 5655 Chrysostomi,
3262 5583 3305 5637 ι.
3334 5580 3448 5652 νυ,
3498 5595 3559 5653 p.
3594 5584 3696 5638 656
3725 5582 3785 5649 C,
3817 5582 3930 5641 ﬂu-

2315 5650 2521 5701 ctuant
2545 5649 2725 5704 etiam
2758 5649 3070 5706 inteream
3100 5656 3157 5709 et
3180 5655 3313 5707 τότε.
