4186 6318
259 336 369 396 549

1368 332 1738 395 COMMENT.
1780 338 1849 394 1N
1890 330 2337 399 MATTHEUM.
2384 374 2451 383 —
2489 343 2645 399 CAP.
2686 332 2835 397 XXI.

3522 336 3629 400 350

257 471 415 517 τοῦτο
444 467 617 517 τοίνυν
655 465 920 524 Ματθαῖος
968 466 1077 536 μεν,
1126 460 1197 516 δι’
1242 462 1529 538 ἀκρίϐειαν,
1579 470 1669 517 καὶ
1700 464 1863 537 ἀμφο-

1978 465 2049 521 sit
2074 465 2343 524 Salvator
2374 483 2389 534 ;
2422 466 2654 525 asinam
2676 484 2817 523 vero
2840 467 3075 524 silentio
3102 468 3527 540 prateﬁerunt,
3560 472 3628 526 ut

257 559 418 629 τέρων
473 553 821 627 ἐμνημόνευσε
858 562 957 605 τῶν
1010 554 1327 624 υποξυγίων·
1376 557 1424 607 οἱ
1474 552 1523 607 δ’
1560 554 1723 625 ἄλλοι,
1774 552 1868 607 διὰ

262 647 569 716 συντομίαν,
626 646 710 696 τὸν
775 642 940 695 πῶλον
1003 644 1091 714 μεν
1158 642 1479 718 ἀνέγραψαν,
1531 646 1599 706 ὡς
1673 643 1867 714 ἐποχη·

264 734 437 793 θέντος
497 731 639 802 αύτῷ
690 739 782 783 τοῦ
830 739 1080 805 Σωτῆρος
1122 736 1216 790 τὴν
1258 736 1367 784 ὄνον
1427 730 1487 784 δὲ
1533 738 1867 807 παρεσιῶπη-

266 841 386 883 σαν,
419 823 490 882 ὡς
539 821 790 893 ἑπομένην
834 825 1006 892 μόνον.
1037 818 1323 892 Ἐπωχήθη
1355 825 1443 893 μεν
1475 818 1562 873 οὖν
1600 829 1671 891 τῷ
1714 820 1866 891 πώλῳ

264 913 516 983 Χριστὸς,
568 909 680 982 οἶμα
726 912 837 981 μὲν,
881 912 947 970 ὡς
976 912 1198 984 εἴρηται,
1250 918 1521 983 προτυπῶν
1560 912 1617 961 τὸ
1664 907 1863 981 μέλλον,

266 999 380 1072 ἅμα
416 995 477 1052 δὲ
531 1002 642 1066 καὶ,
685 994 867 1055 ἐπειδὴ
920 997 1230 1066 συνέϐαινεν,
1282 998 1680 1072 ἀσθενεστέρους
1723 1002 1867 1058 ὄντας

267 1090 412 1149 τινὰς
456 1088 753 1159 ὑποζυγίων
802 1084 1034 1151 δεῖσθαι,
1094 1089 1379 1141 κάνταῦθα.
1439 1092 1635 1161 Μέτρον
1694 1088 1864 1150 ἔθηκε,

274 1174 499 1241 δεικνὺς,
556 1179 631 1230 ὅτι
686 1175 744 1229 ού
796 1181 907 1249 χρὴ
963 1179 1051 1229 τὸν
1110 1176 1270 1229 αὐτοῦ
1341 1179 1581 1249 μαθητὴν
1638 1178 1777 1248 ἵππῳ
1833 1180 1862 1235 ἤ

273 1268 471 1338 ἣμιονω
495 1267 807 1339 κεχρῆσθαι,
839 1265 946 1317 αλλ’
971 1265 1113 1337 "avsi,
1148 1270 1240 1318 καὶ
1280 1274 1544 1319 πανταχοῦ
1575 1270 1737 1338 μόνης
1772 1274 1867 1327 τῆς

263 1360 460 1429 χρείας
484 1356 734 1426 γίνεσθαι.

336 1450 499 1496 Τοῦτο
568 1474 632 1484 -
708 1446 820 1495 υἱὸν
896 1444 1215 1513 ύποζυγὶου.
1291 1451 1475 1510 Τοῦτο,
1552 1451 1738 1511 ποῖον;
1796 1447 1865 1497 Τὸ

259 1530 567 1584 ἀποστεῖλαι
605 1536 723 1592 τοὺς
759 1534 996 1604 μαθητὰς
1040 1532 1110 1593 εἰς
1158 1537 1215 1584 τό
1248 1532 1463 1604 ἀγαγεῖν
1502 1537 1596 1591 τὴν
1626 1537 1737 1584 ὄνον
1782 1537 1865 1585 καὶ

255 1624 344 1672 τὸν
373 1620 559 1675 πῶλον.
600 1626 878 1694 Προφήτην
927 1618 986 1673 δὲ
1021 1630 1106 1672 νῦν
1144 1620 1281 1693 λέγει
1327 1625 1414 1674 τόν
1445 1627 1739 1694 Ζαχαρίαν.
1774 1629 1866 1674 Πε-

252 1709 532 1784 πλήρωται
561 1714 651 1782 μὶν
680 1717 765 1762 οῦν
805 1712 836 1768 ἡ
870 1713 1083 1768 τοιαύτη
1116 1716 1423 1783 προφητεία.
1456 1716 1634 1781 Γέγονε
1664 1708 1723 1764 δὲ
1744 1714 1864 1763 ταύ-

251 1818 356 1859 της
413 1801 442 1857 ἠ
502 1799 771 1870 πλήρωσις
834 1804 1126 1873 προφητεία
1177 1800 1330 1852 πάλιν
1389 1799 1565 1873 ἑτέρου
1618 1800 1862 1871 πρᾶγμα·
1898 1816 1942 1871 Β

250 1907 369 1955 τος,
404 1893 538 1960 φημὶ
567 1885 661 1955 δὴ,
691 1895 789 1950 τῆς
830 1892 1058 1950 πίστεως
1102 1896 1200 1940 τῶν
1244 1887 1417 1953 ίθνῶν,
1450 1891 1519 1949 ὡς
1566 1888 1860 1963 εἰρήκαμεν.

256 1979 521 2049 Θυγάτηρ
576 1973 636 2029 δὲ
667 1980 816 2039 Σιὼν,
868 1976 998 2037 αῦτη
1049 1980 1080 2036 ἡ
1132 1979 1278 2047 Σιὼν,
1318 1980 1384 2038 ὡς
1418 1979 1534 2037 Υἱὸς
1569 1975 1861 2052 ἀνθρώπου,

254 2066 423 2128 αὐτὸς
486 2066 513 2117 ὁ
591 2067 873 2138 ἄνθρωπος.
944 2062 1164 2138 ’ἰδίωμα
1223 2069 1324 2139 γὰρ
1396 2070 1487 2117 καὶ
1553 2074 1704 2118 τοῦτο
1769 2074 1864 2126 τῆς

252 2150 526 2227 Εϐραίδος
579 2150 875 2207 διαλέκτου.
932 2159 1033 2207 Καὶ
1081 2158 1206 2206 Σιὼν
1255 2156 1367 2226 μεν,
1417 2156 1448 2213 ἡ
1500 2153 1859 2228 Ἰερουσαλήμ·

253 2241 512 2315 βασιλεὺς
541 2239 600 2295 δε
628 2250 725 2303 τῆς
753 2248 899 2309 Σιὼν,
931 2245 957 2296 ό
1003 2247 1251 2316 Χριστός*
1292 2251 1447 2296 τοῦτο
1478 2247 1587 2316 μὲν,
1620 2247 1684 2304 ὡς
1716 2248 1859 2304 Θεὸς⁸

247 2339 408 2385 τοῦτο
449 2328 529 2398 δὲ,
579 2336 669 2383 καὶ
722 2334 786 2394 ὡς
834 2332 892 2384 ἐκ
947 2331 1232 2405 βασιλικῆς
1268 2333 1423 2407 ῥιζης
1463 2332 1863 2395 ἀναϐλαστῆσας

248 2429 346 2482 τῆς
402 2429 496 2473 τοῦ
561 2418 748 2474 Δαυίδ·
807 2423 883 2474 ἔτι
940 2418 1000 2475 δὲ
1056 2426 1162 2487 καὶ,
1235 2424 1299 2482 ὡς
1355 2422 1624 2497 εὐεργέτης
1680 2422 1859 2484 αὐτῆς.

248 2509 513 2585 Ἔρχεται
584 2507 644 2564 δε
699 2513 831 2585 πρὸς
880 2510 1042 2569 αὐτὴν
1101 2511 1292 2585 πραΰς,
1352 2517 1484 2584 μήτε
1541 2508 1864 2586 δορυφόρους

252 2601 418 2671 ἔχων,
448 2605 577 2671 μήτε
603 2599 943 2674 ξιφηφόρους,
972 2605 1105 2672 μήτε
1122 2598 1485 2675 ῥαϐδούχους,
1516 2599 1644 2652 ἀλλὰ
1670 2600 1863 2658 πολλὴν

252 2693 350 2748 τὴν
421 2691 722 2762 ἡμερότητα
790 2694 881 2741 καὶ
938 2687 1212 2742 έπιείκειαν
1261 2686 1660 2753 ένδεικνύμενος.
1721 2688 1864 2743 Ἐπι-

254 2776 491 2841 ϐεϐὴκὼς
537 2774 595 2831 δε
640 2777 725 2830 ἐπὶ
760 2782 869 2830 ὄνον
910 2783 1000 2829 καὶ
1048 2778 1236 2843 πῶλον,
1288 2778 1382 2831 ούκ
1432 2775 1549 2851 ἰδίᾳ
1586 2784 1677 2830 καὶ
1725 2774 1860 2851 ἰδίᾳ,

258 2864 377 2920 οὐδ’
424 2870 492 2929 ὡς
536 2865 583 2919 ἓν
614 2864 889 2941 συνωρίδι*
943 2865 1051 2919 ἀλλ’
1084 2871 1195 2919 ὄνον
1224 2873 1313 2920 καὶ
1347 2868 1539 2936 πῶλον,
1570 2870 1656 2919 τὸν
1693 2867 1862 2920 πῶλον

262 2960 477 3013 νόησον.
508 2954 658 3007 "Oros
685 2962 791 3028 μεν,
822 2964 884 3029 τῇ
920 2959 1090 3027 φύσει·
1127 2956 1294 3009 πῶλον
1326 2953 1405 3022 δε,
1452 2965 1515 3029 τῇ
1561 2956 1759 3029 ἡλικίᾳ.
1795 2961 1861 3009 Σὺ
1896 2955 1936 3012 C

272 3039 321 3095 δ’
368 3041 626 3116 ἐρώτησον
670 3048 754 3096 τὸν
808 3042 1083 3111 Ἰουδαῖον,
1127 3053 1273 3107 ποῖος
1312 3044 1563 3119 βασιλεὺς
1600 3042 1749 3104 ἦλθεν
1790 3045 1861 3108 εἰς

260 3130 609 3205 ’Ἰερουσαλὴμ
652 3137 747 3205 ὄνῳ
777 3138 868 3187 καὶ
896 3133 1050 3205 πώλῳ
1099 3132 1449 3207 ἐποχούμενος
1475 3150 1490 3202 ;
1523 3131 1729 3187 Ούδίνα
1755 3137 1857 3209 γὰρ

249 3221 424 3294 ἕτερον
451 3220 604 3276 εἰπεῖν
634 3224 695 3275 ἄν
725 3225 849 3294 ἔχοι
872 3225 1020 3297 παρὰ
1045 3226 1131 3276 τὸν
1163 3228 1411 3297 Χριστόν,

319 3363 452 3438 [Καὶ
504 3365 618 3439 (34)
658 3365 825 3427 ἄλλως
872 3362 931 3419 δε
977 3367 1209 3441 θυγάτηρ
1255 3375 1347 3427 τῆς
1402 3370 1550 3433 Σιὼν,
1601 3364 1858 3437 Ἰερουσα-

238 3453 376 3527 λὴμ,
423 3451 517 3508 διὰ
567 3458 626 3508 τὸ
673 3458 870 3515 ταύτην
914 3457 1226 3508 ὑποκεῖσθαι
1282 3463 1351 3527 τῷ
1400 3459 1507 3530 ὄρει
1553 3463 1626 3527 τῷ
1673 3454 1856 3508 καλου-

235 3549 387 3619 μένῳ
461 3551 607 3597 Σιών·
669 3545 869 3616 λέγεται
929 3542 988 3598 δὲ
1044 3550 1132 3598 καὶ
1208 3547 1237 3605 ἡ
1306 3544 1646 3621 Ἰερουσαλὴμ
1705 3550 1850 3611 Σιὼν,

234 3632 354 3686 ἀπὸ
398 3642 493 3686 τοῦ
538 3633 858 3708 ἐπικειμένου
905 3638 1051 3708 ὅρους
1104 3634 1482 3707 μεταλαχοῦσα
1536 3642 1634 3697 τῆς
1681 3638 1854 3688 τοιαύ-

232 3744 306 3783 τη
317 3744 344 3786 ς
379 3723 473 3782 κλή
484 3722 661 3797 σεως.]

317 3816 665 3889 Πορευθέντες
724 3844 793 3854 -
842 3812 1030 3868 πῶλον.
1119 3814 1333 3887 Μάρκος
1400 3808 1459 3864 δὲ
1530 3811 1854 3885 λεπτομερῶς

234 3902 588 3976 ἆπαγγελλει,
641 3907 691 3955 τί
728 3906 998 3961 ἐποίησαν.
1055 3907 1208 3975 Λέγει
1260 3905 1381 3977 γὰρ,
1438 3904 1517 3954 ὅτι
1571 3901 1851 3966 Ἀπῆλθον,

230 3999 337 4047 καὶ
408 3993 552 4069 εὗρον
622 3996 710 4046 τὸν
782 3994 948 4045 πῶλον
1032 3987 1302 4065 δεδεμένον
1359 3994 1490 4067 πρὸς
1552 3996 1640 4050 τὴν
1696 3993 1853 4066 θύραν

1974 570 2105 625 quas
2138 560 2370 611 tantum
2420 557 2799 629 sequebatur.
2850 560 3059 613 Vectus
3098 562 3187 613 est
3213 558 3411 630 itaque
3444 574 3626 631 super

1975 643 2207 714 pullum
2232 645 2518 709 Christus,
2539 647 2713 701 simul
2753 647 3162 717 praeﬁgurans,
3183 652 3243 703 ut
3259 647 3486 703 dictum
3511 652 3621 713 est,

1974 732 2143 803 quod
2165 732 2431 790 futurum
2449 740 2611 801 erat;
2637 735 2815 791 simul
2844 736 3043 800 etiam,
3066 736 3213 808 quia
3238 736 3628 806 contingebat

1974 820 2272 891 quosdam
2321 822 2740 879 imbecilliores
2773 824 3037 893 indigere
3080 825 3382 895 jumentis,
3443 826 3623 883 etiam

1976 910 2038 965 in
2087 910 2205 967 hoc
2254 912 2506 969 modum
2546 913 2761 984 posuit,
2810 911 3132 968 ostendens
3178 929 3301 969 non
3354 920 3624 985 oportere

1976 999 2339 1072 discipulum
2369 1017 2548 1057 suum
2570 1017 2723 1073 equo
2757 1007 2861 1058 aut
2899 1001 3063 1057 mulo
3093 1002 3193 1068 uti,
3226 1001 3331 1058 sed
3359 1003 3549 1070 asino,
3568 1007 3627 1060 et

1977 1087 2201 1161 ubique
2231 1090 2362 1148 sola
2385 1089 2449 1146 id
2476 1090 2605 1147 ﬁeri
2635 1090 2990 1147 necessitate
3018 1089 3151 1162 (νγ).

2048 1304 2205 1358 Vers.
2239 1306 2274 1359 4
2318 1302 2443 1359 Hoc
2482 1333 2548 1345 -
2576 1301 2738 1361 Vers.
2792 1303 2827 1357 5
2853 1304 3040 1373 ﬁlium
3069 1303 3425 1375 subiugatis.
3482 1303 3626 1371 Hoc,

1975 1391 2122 1462 quid
2146 1392 2175 1446 ?
2204 1391 2530 1465 Discipulos
2561 1392 2779 1447 missos
2808 1408 2938 1448 esse
2967 1397 3033 1449 ut
3061 1393 3295 1450 asinam
3318 1399 3373 1450 et
3393 1393 3628 1467 pullum

1976 1478 2362 1536 adducerent.
2405 1479 2758 1553 Prophetam
2812 1488 3012 1537 autem
3055 1481 3197 1538 dicit
3221 1498 3384 1539 nunc
3412 1482 3628 1539 Zacha-

1974 1567 2148 1623 riam.
2180 1569 2473 1642 Completa
2498 1575 2585 1626 est
2629 1570 2831 1641 itaque
2872 1568 3210 1642 hujusmodi
3266 1570 3576 1643 prophetia
3605 1587 3621 1627 :

1974 1656 2104 1727 ejus
2133 1674 2273 1714 vero
2300 1659 2614 1730 completio
2666 1674 2875 1714 rursus
2901 1658 3059 1716 facta
3110 1664 3199 1716 est
3252 1658 3491 1716 alterius
3538 1658 3625 1716 rei

1973 1746 2306 1818 prophetia,
2358 1754 2500 1819 puta
2527 1748 2667 1802 ﬁdei
2716 1749 3004 1819 gentium,
3036 1752 3103 1804 ut
3139 1748 3427 1805 diximus.
3474 1748 3626 1805 Filia

1973 1838 2174 1891 autem
2214 1834 2357 1891 Sion
2412 1841 2497 1892 est
2547 1836 2678 1908 ipsa
2718 1836 2881 1904 Sion,
2942 1837 3092 1893 sicut
3148 1836 3322 1893 Filius
3359 1836 3624 1893 hominis

1973 1922 2101 1995 ipse
2126 1923 2329 1980 homo.
2351 1926 2500 1980 Nam
2526 1929 2583 1981 et
2610 1925 2726 1980 hoc
2756 1925 2973 1981 idioma
2998 1930 3086 1981 est
3114 1924 3418 1981 Hebraicm
3445 1926 3627 1997 phra-

1974 2013 2079 2068 sis.
2121 2014 2185 2070 Et
2233 2014 2372 2069 Sion
2428 2014 2675 2086 quidem
2730 2019 2819 2070 est
2862 2013 3190 2070 Jerusalem
3225 2029 3371 2070 :rex
3423 2018 3627 2071 autem

1974 2101 2135 2167 Sion,
2187 2102 2314 2175 ipse
2339 2103 2625 2169 Christus,
2657 2103 2751 2159 vel
2803 2109 3083 2176 tanquam
3136 2104 3311 2169 Deus,
3362 2101 3454 2159 vel
3505 2107 3629 2159 tan-

1973 2205 2157 2264 quam
2188 2207 2219 2247 e
2250 2192 2413 2263 regia
2446 2193 2629 2248 David
2655 2192 2854 2249 radice
2884 2193 3231 2265 progenitus
3279 2212 3292 2251 :
3324 2191 3418 2248 vel
3443 2192 3626 2249 etiam

1972 2282 2265 2354 tanquam
2288 2281 2337 2337 is
2368 2281 2466 2353 qui
2493 2281 2553 2336 in
2579 2296 2714 2337 eam
2741 2281 3000 2352 plurima
3031 2280 3276 2337 contulit
3307 2281 3621 2337 beneﬁcia.

1973 2368 2142 2426 Venit
2166 2385 2305 2440 ergo
2336 2370 2413 2426 ad
2439 2386 2573 2425 eam
2606 2375 2956 2426 mansuetus
2985 2384 3214 2443 :neque
3228 2368 3506 2425 satellites
3520 2369 3627 2425 ha-

1972 2457 2141 2514 bens.
2196 2473 2392 2532 neque
2422 2460 2525 2531 qui
2548 2458 2842 2525 lanceam,
2879 2457 3169 2529 gladium,
3201 2463 3305 2514 aut
3331 2459 3491 2514 faces
3523 2457 3621 2531 (ss)

1971 2544 2180 2612 ferant,
2216 2548 2320 2603 sed
2365 2547 2609 2604 multam
2640 2564 2764 2619 prce
2796 2564 2857 2604 se
2888 2547 3079 2604 ferens
3105 2546 3624 2603 mansuetudinem

1973 2652 2040 2692 ac
2070 2636 2528 2693 humanitatem.
2562 2636 2790 2693 Sedens
2832 2652 2973 2693 vero
3033 2652 3208 2709 super
3281 2637 3519 2692 asinum
3567 2640 3624 2691 et

1973 2725 2220 2797 pullum,
2253 2741 2375 2781 non
2402 2725 2657 2791 divisim,
2693 2725 2878 2782 modo
2906 2741 3084 2799 super
3107 2724 3287 2791 hunc,
3324 2725 3503 2781 modo
3527 2739 3625 2781 su-

1972 2831 2074 2887 per
2102 2814 2274 2871 illum
2308 2830 2321 2869 :
2354 2830 2549 2887 neque
2590 2821 2878 2887 tanquam
2940 2830 3119 2886 super
3172 2814 3379 2885 bigam
3418 2813 3497 2870 ab
3528 2813 3623 2870 his

1972 2908 2244 2972 tractam,
2275 2903 2379 2959 sed
2406 2907 2639 2962 asinum
2664 2910 2720 2960 et
2734 2904 2983 2976 pullum,
3000 2903 3259 2973 intellige
3272 2903 3473 2975 ipsum
3488 2902 3623 2974 pul-

1969 2992 2117 3061 lum,
2149 2994 2390 3050 asinum
2420 2992 2669 3066 quidem
2728 2998 2963 3057 natura,
2992 2992 3227 3066 pullum
3257 3007 3399 3047 vero
3430 2996 3618 3048 aetate.

1970 3084 2055 3139 Tu
2078 3098 2220 3153 ergo
2258 3082 2559 3155 iuterroga
2581 3082 2876 3148 Judaeum,
2919 3082 3052 3155 quis
3079 3097 3179 3137 rex
3209 3081 3433 3138 venerit
3453 3082 3619 3136 Jeru-

1970 3172 2156 3229 salem
2186 3173 2353 3228 asino
2374 3177 2428 3228 et
2478 3171 2642 3244 pullo
2664 3177 2870 3228 vectus
2898 3172 2925 3225 ?
2951 3171 3188 3227 Nullum
3244 3169 3403 3225 enim
3434 3167 3618 3225 alium

1970 3260 2159 3317 dicere
2187 3262 2399 3333 poterit
2432 3264 2647 3332 praeter
2678 3260 2997 3315 Christum.

2036 3350 2283 3421 +Aliter
2335 3364 2577 3423 quoque
2629 3349 2747 3404 ﬁlia
2811 3350 2947 3405 Sion
3001 3352 3088 3405 est
3138 3345 3487 3413 Jerusalem,
3547 3362 3618 3403 eo

1965 3439 2131 3514 quod
2161 3439 2432 3511 subjecta
2457 3440 2530 3495 sit
2563 3439 2751 3495 monti
2789 3438 2893 3511 qui
2938 3442 3190 3495 vocatur
3217 3438 3372 3494 Sion.
3402 3436 3619 3494 Dicitur

1963 3545 2206 3604 quoque
2228 3529 2355 3602 ipsa
2383 3528 2706 3585 Jerusalem
2729 3528 2885 3595 Sion,
2920 3532 3163 3601 propter
3189 3533 3446 3583 montem
3479 3526 3617 3583 Sion

1964 3619 2069 3692 qui
2094 3635 2270 3692 supra
2299 3617 2559 3691 ponitur,
2611 3623 2675 3675 ut
2704 3617 2778 3675 sit
2820 3618 3225 3691 metaphorica
3273 3615 3614 3690 appellatio.

2035 3833 2201 3888 Vers.
2266 3833 2322 3887 6.
2373 3832 2602 3887 Euntes
2646 3861 2719 3872 —
2756 3830 2919 3887 Vers.
2971 3832 3023 3885 7.
3095 3830 3337 3901 pullum.
3388 3830 3617 3886 Marcus

1966 3927 2165 3979 autem
2192 3920 2613 3993 particularius
2662 3919 2867 3976 recitat
2896 3919 2957 3975 id
3006 3919 3173 3992 quod
3211 3918 3495 3975 fecerunt.
3523 3918 3619 3974 Ait

1965 4012 2126 4069 enim
2158 4026 2172 4066 :
2202 4010 2494 4067 Abierant
2545 4016 2598 4066 et
2632 4009 2984 4066 invenerunt
3012 4010 3249 4079 pullum
3294 4007 3616 4077 alligatum

231 4085 342 4149 ἔξω
425 4082 512 4135 ἐπὶ
593 4090 684 4135 τοῦ
755 4078 994 4154 ἀμφόδου
1072 4085 1161 4132 καὶ
1232 4080 1444 4133 λύουσιν
1519 4079 1690 4137 αὐτόν.
1755 4084 1854 4132 Καὶ

1978 4104 2142 4161 iuxta
2156 4103 2419 4171 januam
2448 4100 2589 4169 foris
2619 4100 2683 4154 in
2715 4099 2888 4164 bivio,
2932 4078 3281 4169 salvumque
3315 4097 3511 4153 illum.
3539 4096 3618 4151 Et

231 4190 384 4233 τινες
435 4179 535 4223 τῶν
592 4170 693 4224 ἐκεῖ
748 4170 1041 4229 ἑστηκότων
1099 4169 1266 4241 ἔλεγον
1338 4169 1534 4236 αὐτοῖς,
1603 4174 1665 4222 Τί
1730 4188 1852 4221 ποι-

229 4272 349 4317 εῖτε
411 4260 614 4323 λύοντες
678 4263 764 4313 τὸν
815 4259 1016 4330 πῶλον;
1077 4260 1143 4311 Οἱ
1190 4256 1248 4312 δὲ
1297 4255 1436 4313 εἶπον
1493 4259 1690 4325 αὐτοῖς,
1755 4278 1854 4311 κα-

232 4355 345 4413 θὼς
444 4349 719 4403 ἐνετείλατο
793 4350 820 4401 ὁ
899 4350 1120 4409 Ἰησοῦς·
1193 4353 1281 4401 καὶ
1365 4347 1565 4421 ἀφῆκαν
1639 4347 1846 4410 αύτούς.

228 4448 431 4496 Ταῦτα
487 4442 576 4511 μεν
624 4434 711 4492 οὖν
769 4440 795 4491 ὀ
857 4440 1088 4512 Μάρκος,
1150 4440 1306 4512 θύραν
1363 4436 1540 4509 λέγων,
1602 4440 1695 4495 τήν
1759 4444 1851 4488 τοῦ

234 4534 400 4583 οἰκου
439 4538 539 4580 τῶν
590 4530 703 4600 (35)
743 4532 933 4603 κυρίων
974 4536 1063 4580 τοῦ
1101 4526 1294 4579 πώλου’
1340 4522 1575 4598 ἄμφοδον
1617 4520 1676 4577 δὲ
1712 4524 1852 4577 ἐστιν

233 4622 266 4679 ἠ
311 4614 525 4679 δίοδος.

317 4712 512 4763 Σκόπει
563 4703 621 4760 δὲ
665 4708 837 4759 πάντα
881 4708 1014 4759 κατὰ
1074 4706 1431 4780 προτύπωσιν.
1488 4710 1686 4777 Ὥσπερ
1750 4704 1853 4778 γὰρ

235 4801 270 4858 ἠ
330 4803 451 4860 ὄνος
503 4801 591 4850 καὶ
644 4798 669 4849 ὁ
718 4795 887 4858 πῶλος
928 4792 1166 4849 ἐδίδοντο
1205 4798 1446 4866 σχοίνοις
1485 4792 1600 4859 ἔξω,
1642 4789 1724 4844 ἐπὶ
1762 4799 1853 4844 τοῦ

233 4883 516 4995 ἀμφόδου·
577 4886 711 4939 οὕτω
767 4888 857 4938 καὶ
909 4886 934 4938 ὁ
972 4882 1191 4946 παλαιὸς
1228 4882 1367 4954 λαός,
1408 4884 1434 4935 ὁ
1474 4880 1526 4945 ἑξ
1561 4874 1849 4948 Ἰουδαίων,

346 4961 373 4995 ο
404 4957 560 4995 "nun
609 4974 665 4995 1n
716 4957 749 4995 Δ.
810 4959 842 4995 Α

346 4961 373 4996 ο
404 4957 581 5015 Marc.
608 4974 688 5017 x1.
715 4957 771 5022 4,
810 4959 862 5014 6.

1964 4192 2206 4264 quidam
2237 4206 2433 4248 eorum
2460 4190 2561 4260 qui
2592 4188 2675 4245 ibi
2727 4187 2947 4244 stabant
2998 4187 3279 4244 dixerunt
3308 4188 3386 4243 eis
3418 4202 3432 4241 :
3464 4184 3619 4254 Quid

1958 4282 2169 4353 facilis
2191 4282 2466 4337 solventes
2484 4278 2760 4348 pullum?
2782 4279 2848 4333 At
2868 4277 2963 4337 illi
2984 4277 3263 4334 dixerunt
3291 4276 3447 4333 sicut
3474 4291 3615 4346 pras-

1964 4376 2192 4443 ceperal
2217 4372 2403 4434 Jesus,
2435 4374 2489 4426 et
2515 4369 2867 4425 dimiserunt
2897 4383 3008 4425 eos.
3047 4368 3173 4424 Ηωο
3194 4382 3337 4423 sane
3380 4367 3615 4427 Marcus

1957 4461 2209 4532 januam
2229 4459 2431 4514 dicens
2456 4457 2675 4513 domus
2703 4457 3091 4513 dominorum
3117 4456 3265 4528 pulli
3293 4457 3364 4514 7°.

2033 4691 2351 4751 Considera
2365 4694 2559 4747 autem
2574 4688 2737 4761 quod
2751 4686 2955 4743 omnia
2978 4687 3053 4741 ad
3070 4686 3614 4759 praeﬁgurationem

1963 4782 2204 4841 faciant.
2230 4781 2379 4837 sicut
2403 4778 2561 4835 enim
2585 4777 2761 4834 asina
2790 4780 2847 4833 et
2869 4775 3069 4849 pullus
3095 4775 3371 4831 funiculis
3393 4773 3617 4845 alligati

1964 4877 2134 4933 erant
2158 4870 2300 4929 foris
2339 4870 2398 4925 in
2446 4867 2630 4933 bivio,
2684 4867 2767 4925 ita
2793 4880 3038 4941 quoque
3068 4866 3351 4939 antiquus
3387 4863 3613 4922 Judan-

1420 5137 1427 5143 ο
1470 5101 1694 5172 Varia
1718 5099 2051 5169 lectiones
2076 5102 2144 5165 et
2175 5104 2380 5162 notae.

315 5280 436 5353 (34)
463 5278 703 5336 Inclusa
730 5277 793 5334 in
822 5292 1013 5350 marg.
1047 5275 1290 5334 exhibet
1310 5274 1371 5331 B.

315 5458 435 5531 (η’)
454 5458 547 5541 "Et
578 5457 789 5541 ubique
815 5458 1182 5541 necessitate;
1206 5456 1277 5541 Et
1298 5452 1559 5541 ubique”
1577 5449 1856 5541 solisne-

223 5522 523 5591 cessariis
544 5522 882 5599 conténtum
908 5544 1054 5599 esse,
1080 5526 1220 5599 solis
1246 5522 1594 5591 necessariis
1619 5522 1854 5597 acquie-

225 5618 437 5671 scere,
470 5596 599 5660 sola
625 5598 961 5659 necessaria
983 5596 1213 5657 curare.
1716 5596 1723 5613 ⁵

2034 5267 2149 5342 (35)
2177 5272 2283 5321 Τοῦ
2310 5266 2517 5343 κυρίου.
2556 5264 2623 5318 Α.

2033 5445 2133 5517 (ss)
2166 5448 2275 5501 Aut
2302 5444 2487 5517 faces.
2522 5441 2693 5517 Forte
2721 5455 2889 5517 ergo
2936 5440 2995 5497 in
3043 5452 3154 5495 suo
3183 5436 3390 5496 codice
3437 5438 3612 5498 inter-

1960 5509 2098 5592 pres
2113 5509 2334 5589 reperit
2362 5514 2542 5572 etiam
2564 5509 2889 5586 δᾳδούχους.
