4186 6318
563 373 660 433 551
1878 363 2206 425 EUTHYMI

2316 365 2575 424 [GABEN
2581 369 2601 424 Ι

3817 371 3934 426 552

565 517 699 558 rum
753 500 1032 574 populus,
1090 514 1406 570 novusque
1457 497 1745 570 gentium,
1799 494 2051 567 peccatis
2090 493 2211 549 alli-

2322 495 2456 546 καὶὸ
2504 498 2632 562 νέος,
2679 497 2704 548 6
2744 495 2798 558 ἐξ
2843 495 3017 561 ἐθνῶν,
3052 491 3291 547 δέδενται
3327 501 3445 554 ταῖς
3481 494 3782 569 ἁμαρτίαις,
3831 497 3931 560 ἔξω

565 595 785 663 gantur
831 595 990 646 extra
1042 589 1360 645 Ecclesiam
1400 587 1460 642 in
1509 586 1630 642 vita
1663 604 1676 653 ;
1709 601 1850 640 nam
1889 585 2048 640 hanc
2107 599 2215 656 per

564 681 793 738 bivium
824 679 1230 750 intelligimus.
1291 681 1354 734 Et
1393 675 1903 749 quemadmodum
1958 674 2212 746 apostoli

567 769 764 826 soluta
804 768 910 827 illa
959 767 1236 825 animalia
1298 766 1604 822 adducunt
1646 764 1723 821 ad
1779 763 2098 827 Christum,
2133 763 2215 818 ita

565 874 709 916 sane
738 864 793 914 et
821 858 988 914 istos.
1029 857 1116 912 Ad
1142 857 1272 912 haec
1327 854 1499 911 sicuti
1553 857 1928 910 tentaverunt
1960 851 2210 924 quidam

563 947 884 1021 prohibere
913 947 1043 1011 hos,
1095 951 1238 1018 puta
1275 943 1503 1000 domini
1557 943 1837 1014 ipsorum,
1895 941 2048 996 sicut
2075 939 2215 996 dicit

565 1039 758 1092 Lucas
773 1037 844 1104 τί,
876 1035 1075 1090 audito
1097 1039 1296 1088 autem
1310 1031 1474 1105 quod
1491 1031 1742 1086 Domino
1759 1030 1851 1084 his
1867 1045 2022 1100 opus
2037 1030 2210 1096 esset,

565 1127 1007 1192 concesserunt,
1056 1125 1137 1180 ita
1189 1137 1330 1177 sane
1361 1125 1416 1176 et
1446 1122 1504 1175 in
1557 1119 1674 1185 his,
1708 1123 1938 1174 tentant
1966 1115 2212 1190 quidem

564 1215 668 1288 qui
721 1213 1099 1270 dominantur
1137 1211 1223 1267 eis
1253 1210 1578 1273 daemones,
1612 1207 1928 1280 prohibere
1961 1223 1974 1274 ;
2008 1206 2212 1262 audito

562 1319 700 1362 vero
728 1302 891 1376 quod
929 1304 1047 1358 Deo
1072 1301 1165 1356 his
1193 1315 1347 1373 opus
1376 1304 1479 1364 est,
1520 1297 1889 1370 permittunt.

633 1483 794 1536 Vers.
844 1485 896 1534 7.
955 1480 1033 1534 Et
1077 1508 1147 1519 —
1213 1476 1556 1534 vestimenta
1600 1488 1730 1531 sua.
1782 1476 2104 1529 Posuerunt
2155 1476 2211 1528 et

562 1584 742 1640 super
772 1566 1005 1624 asinam
1031 1571 1088 1623 et
1133 1582 1314 1639 super
1354 1565 1606 1638 pullum,
1638 1563 1980 1636 ignorantes
2029 1576 2210 1633 super

561 1673 742 1730 quem
771 1655 1010 1712 illorum
1035 1655 1170 1710 vehi
1195 1654 1386 1711 vellet.

632 1746 798 1804 Vers.
825 1746 880 1799 7.
910 1745 988 1800 Et
1041 1776 1108 1785 —
1131 1759 1310 1814 super
1337 1759 1426 1800 ea.
1463 1744 1648 1814 Super
1696 1756 1786 1806 ea,
1843 1745 1984 1812 puta
2037 1738 2207 1796 vesti-

2323 592 2416 644 τῆς
2466 583 2800 654 Ἐκκλησίας,
2853 583 2936 637 ἰπὶ
2988 592 3080 637 τοῦ
3131 582 3273 657 βίου.
3304 591 3498 637 Τοῦτον
3528 584 3643 657 (36)
3673 587 3778 659 γὰρ
3824 588 3928 659 ἆμ-

2325 668 2482 743 φοδον
2530 681 2762 745 νοοῦμεν.
2819 677 2919 726 Καὶ
2967 676 3140 748 ὥσπερ
3191 672 3358 725 ἐκεῖνα
3411 675 3478 725 τὰ
3517 674 3629 734 ζῶα
3672 674 3928 738 λύσαντες

2323 763 2373 812 οἱ
2427 759 2708 814 ἀπόστολοι
2759 765 3093 837 προσάγουσι
3140 771 3213 834 τῷ
3259 770 3494 837 Χριστῶ·
3529 762 3663 815 οὕτω
3703 759 3772 822 δὴ
3832 769 3928 819 καὶ

2322 852 2555 913 τούτους·
2617 856 2707 903 καὶ
2777 853 2950 925 ὥσπερ
3021 851 3097 905 ἐπ’
3157 849 3354 904 ἐκείνων
3422 850 3770 925 ἐπεχείρησαν
3831 857 3925 924 μέν

2322 957 2454 1000 τινες
2507 939 2760 1007 κωλύσαι,
2819 941 3001 1012 ἣγουν,
3069 942 3118 992 οἱ
3177 943 3350 1015 κύριοι
3417 939 3606 1005 αὐτῶν,
3675 943 3744 1002 ὡς
3812 942 3924 997 εἷπε

2323 1034 2548 1089 Λουκᾶς·
2606 1027 2922 1092 ἀκούσαντες
2965 1026 3043 1095 δὲ,
3090 1031 3171 1081 ὅτι
3217 1031 3242 1081 6
3285 1032 3476 1104 Κύριος
3522 1029 3690 1082 αὐτῶν
3731 1037 3918 1105 χρείαν

2323 1119 2454 1188 ἔχει,
2513 1124 2922 1192 παρεχώρησαν·
2972 1119 3106 1171 οὕτω
3159 1115 3228 1178 δὴ
3278 1123 3369 1171 καὶ
3416 1117 3503 1172 ἐπὶ
3554 1121 3749 1171 τούτων
3806 1118 3917 1172 ἑπι-

2320 1213 2568 1278 χειροῦσι
2601 1211 2690 1279 μεν
2725 1209 2773 1259 οἱ
2819 1210 3140 1281 κυριεύοντες
3177 1207 3348 1260 αὐτῶν
3387 1205 3631 1281 δαίμονες
3659 1206 3918 1261 κωλύσαι·

2321 1293 2634 1359 ἀκούσαντες
2683 1293 2762 1366 δὲ,
2817 1298 2898 1350 ὅτι
2944 1298 2971 1350 6
3001 1300 3131 1361 Θεὸς
3159 1297 3328 1350 αὐτῶν
3358 1301 3544 1372 χρείαν
3583 1299 3717 1370 ἔχει,
3749 1317 3927 1372 παρα·

2318 1392 2579 1458 χωροῦσι.

2390 1478 2588 1526 Καὶ-
2636 1476 2701 1526 τὰ
2751 1477 2937 1547 ἱμάτια
2989 1475 3174 1531 αὐτῶν.
3219 1475 3504 1534 Ἐπίθηκαν
3553 1479 3644 1528 καὶ
3696 1473 3784 1527 ἰπὶ
3825 1483 3927 1536 τῆς

2316 1566 2455 1632 ὄνου,
2509 1567 2599 1616 καὶ
2652 1563 2738 1616 ἐπὶ
2783 1571 2877 1616 τοῦ
2923 1564 3119 1628 πώλου,
3153 1569 3225 1638 μὴ
3256 1569 3618 1636 γινώσκοντες,
3652 1563 3737 1616 ἐπὶ
3781 1568 3926 1625 τίνος

2313 1652 2481 1705 αὐτῶν
2511 1655 2778 1724 όχηθῆναι
2803 1651 3067 1726 βούλεται.

2388 1746 2489 1795 Καὶ
2546 1772 2613 1782 -
2684 1741 2852 1794 ἐπάνω
2931 1743 3120 1796 αὐτων.
3185 1743 3386 1796 Ἐπάνω
3453 1741 3641 1810 αὐτῶν,
3708 1737 3924 1800 δηλαδὴ

560 1839 766 1892 menta
788 1833 1280 1907 quaapulloerant
1309 1831 1700 1905 superposita.
1731 1831 1984 1884 Possunt
2005 1833 2202 1886 autem

2316 1839 2413 1883 τῶν
2460 1831 2696 1900 ἶματίων,
2745 1839 2844 1883 τῶν
2888 1829 3216 1884 ἕπιτεθέντων
3268 1839 3340 1902 τῷ
3387 1830 3564 1902 πώλῳ.
3608 1827 3719 1882 Εἶεν
3773 1825 3825 1882 δ’
3857 1829 3923 1882 οἷν

561 1923 989 1995 discipulorum
1020 1922 1376 1978 vestimenta
1405 1919 1782 1976 reconditiori
1825 1916 2209 1989 intelligentia

560 2013 677 2068 dici
700 2012 964 2078 virtutes,
1014 2026 1150 2082 quae
1202 2009 1597 2081 intelligibilia
1622 2014 1759 2064 sunt
1784 2007 2002 2063 animae
2033 2006 2207 2061 vesti-

558 2106 784 2166 menta,
815 2086 953 2156 illos.
985 2099 1346 2156 adornantia
1381 2098 1484 2170 qui
1532 2095 1761 2152 Christo
1791 2095 2198 2152 adducuntur.

559 2191 748 2248 Lucas
777 2194 974 2246 autem
1005 2188 1155 2245 dixit
1179 2190 1249 2255 ⁷³,
1281 2187 1449 2258 quod
1478 2184 1761 2258 discipuli
1795 2185 2208 2256 imposuerunt

557 2281 763 2336 Jesum
794 2294 974 2352 super
1001 2277 1235 2351 pullum
1269 2293 1282 2344 ;
1307 2273 1577 2348 discipuli
1611 2275 1770 2330 enim
1796 2273 2047 2330 verbum
2071 2287 2210 2342 gen-

558 2369 717 2429 tibus
751 2369 1267 2442 superimponunt.

629 2461 796 2516 Vers.
864 2461 914 2513 8.
977 2458 1354 2514 Plurima—
1391 2471 1520 2513 sua.
1587 2452 1982 2512 Ostenderunt
2054 2451 2210 2525 quod

558 2546 693 2619 plus
723 2561 909 2618 quam
941 2546 1298 2618 prophetam
1331 2561 1465 2601 eum
1495 2543 1838 2609 habebant;
1866 2543 1999 2598 ideo
2032 2543 2210 2598 etiam

558 2635 864 2692 excellenti
893 2636 1078 2692 modo
1115 2635 1309 2706 ipsum
1334 2635 1800 2691 honoraverunt.
1834 2636 1981 2688 Nam
2013 2637 2069 2688 et
2089 2648 2210 2686 mo-

559 2724 695 2778 dico
707 2728 842 2778 ante
855 2730 969 2778 tem
979 2740 1120 2793 pore
1135 2740 1271 2778 cum
1292 2726 1577 2780 Lazarum
1595 2721 2026 2788 resuscitasset,
2047 2736 2210 2791 mag-

559 2826 704 2866 nam
731 2812 893 2882 apud
915 2827 1018 2866 eos
1050 2813 1435 2866 reverentiam
1462 2809 1797 2882 acquisivit.
1847 2810 2208 2880 Abjiciamus

559 2914 700 2969 ergo
729 2904 786 2953 et
832 2913 942 2954 nos
989 2899 1254 2970 corporis
1295 2904 1574 2954 ornatum
1610 2903 1851 2969 propter
1889 2897 2205 2965 Christum,

558 2991 618 3043 et
654 3003 938 3043 ornemus
958 2987 1118 3044 viam
1150 2987 1301 3058 ejus,
1332 2987 1679 3058 abjicientes
1711 3002 1857 3059 opes
1895 3002 1964 3042 ac
1991 2985 2209 3042 affecti-

559 3091 704 3132 ones
733 3075 957 3149 quibus
987 3075 1297 3133 induimur
1318 3081 1422 3132 aut
1450 3075 1916 3132 circumdamur.

625 3165 791 3220 Vers.
833 3169 885 3222 8.
918 3165 1132 3222 Alii—
1162 3166 1226 3221 in
1284 3167 1402 3223 via.
1452 3169 1678 3223 Marcus
1734 3182 1872 3222 vero
1921 3162 2208 3226 στοιϐάδας
2241 3190 2282 3248 C

557 3255 704 3311 dixit
749 3256 824 3310 ⁷³.
870 3256 966 3311 Est
1007 3260 1208 3312 autem
1237 3255 1449 3316 στοιϐἀς
1509 3271 1815 3312 ramorum
1876 3258 2202 3326 congeries.

557 3340 864 3398 Olivarum
895 3357 1113 3414 nempe
1150 3343 1302 3399 rami
1335 3349 1522 3400 erant.
1571 3345 1718 3399 Nam
1771 3350 1908 3398 tunc
1940 3348 2206 3401 montem

558 3429 862 3488 Olivarum
893 3432 1293 3504 praeteribant.

627 3520 791 3574 Vers.
845 3522 897 3574 9.
961 3519 1174 3576 Turba
1242 3526 1439 3576 autem
1519 3551 1580 3560 —
1635 3520 1843 3576 David.
1924 3521 2207 3578 Hosanna

559 3605 912 3662 Hebraicum
939 3613 1045 3672 est,
1097 3612 1154 3664 et
1203 3607 1496 3678 signiﬁcat
1552 3608 1851 3664 interdum
1907 3609 2204 3681 hymnum

557 3693 682 3750 sive
711 3694 949 3750 laudem
983 3714 997 3752 :
1041 3695 1410 3769 quandoque
1452 3712 1612 3762 vero,
1643 3699 1837 3754 Serva.
1873 3701 2036 3755 Nunc
2065 3715 2206 3772 ergo

557 3783 900 3840 tantundem
922 3789 1010 3841 est
1052 3801 1125 3842 ac
1176 3785 1224 3841 si
1266 3784 1471 3842 dicat:
1508 3789 1776 3859 Hymnus
1842 3787 1963 3844 tilio
1997 3789 2204 3845 David.

625 3874 785 3930 Vers.
844 3874 896 3930 9.
961 3874 1296 3932 Benedictus
1332 3907 1402 3916 —-
1445 3876 1693 3932 Domini.
1734 3909 1802 3918 —
1863 3879 1928 3933 In
1971 3879 2206 3935 nomine

553 3961 807 4029 Domini,
842 3963 955 4018 hoc
986 3969 1091 4030 est,
1125 3979 1159 4018 a
1192 3965 1459 4018 Domino.
1493 3965 1846 4020 Benedictus
1897 3968 2002 4038 qui
2047 3967 2208 4022 venit

553 4064 593 4106 θ,
622 4052 762 4116 Deo,
811 4050 1152 4105 benedictus
1203 4052 1307 4122 qui
1347 4051 1572 4106 missus
1605 4059 1691 4108 est
1721 4069 1756 4109 a
1806 4054 1944 4108 Deo.
1978 4057 2205 4111 Marcus

555 4142 757 4192 autem
780 4137 1010 4191 addidit
1035 4154 1048 4192 :
1089 4138 1464 4193 Benedictum
1513 4141 1669 4209 quod
1697 4143 1844 4196 venit
1872 4157 2112 4212 regnum
2145 4145 2206 4198 in

553 4224 1248 4280 nomineDominiPatris
1261 4225 1451 4280 nostri
1477 4227 1740 4282 David“.
1766 4229 2204 4287 Existimabant

555 4311 738 4378 enim,
772 4311 938 4384 quod
967 4313 1288 4384 erigeretur
1312 4313 1579 4384 abjectus
1611 4315 1859 4372 thronus
1890 4319 2056 4388 regni
2097 4321 2204 4376 Da-

555 4399 687 4455 vid:
715 4401 875 4456 unde
907 4403 1238 4470 gaudentes
1267 4402 1546 4460 dicebant
1574 4421 1587 4460 :
1621 4406 2003 4463 Benedictum
2031 4409 2199 4481 quod

552 4488 706 4546 redit
736 4505 986 4560 regnum
1000 4490 1175 4562 primi
1195 4492 1380 4564 patris
1423 4494 1829 4552 nostriDavid.
1862 4497 2030 4563 Quod
2044 4498 2201 4555 venit

551 4578 617 4634 in
647 4580 884 4636 nomine
904 4581 1143 4635 Domini
1170 4585 1392 4646 autem,
1419 4582 1535 4638 hoc
1573 4590 1658 4640 est
1681 4600 1718 4640 a
1756 4586 1898 4653 Deo,
1938 4586 2198 4642 Joannes

540 4683 697 4736 vero
727 4668 866 4726 dicit
891 4687 907 4723 :
938 4669 1279 4727 Benedictus
1299 4673 1403 4742 qui
1425 4674 1577 4729 venit
1603 4674 1666 4729 in
1701 4674 1926 4730 nomine
1972 4676 2201 4732 Domini

553 4774 664 4816 rex
677 4759 870 4817 Israel
894 4760 964 4795 “'5'
989 4759 1313 4816 Verisimile
1334 4762 1494 4816 enim
1517 4766 1604 4818 est
1625 4767 1764 4818 tunc
1793 4763 2000 4820 omnia
2021 4763 2200 4821 fuisse

553 4847 708 4904 dicta
736 4865 771 4903 a
793 4848 980 4904 turbis
1006 4864 1140 4921 qua:
1170 4849 1591 4920 praecedebant
1627 4857 1837 4924 etquae
1881 4854 2200 4925 sequeban-

552 4941 643 4993 tur
700 4953 978 5010 ,quaeque
1032 4951 1293 5008 egressis
1328 4944 1493 4995 erant
1543 4937 1605 4995 in
1656 4955 1976 4996 occursum
2032 4942 2187 5014 ejus.

627 5115 675 5151 τί
704 5113 842 5170 Luc.
873 5130 993 5180 xxx,
1038 5118 1125 5180 33,
1155 5115 1245 5173 34.
1322 5118 1373 5154 ⁷³
1403 5116 1544 5184 Luc,
1575 5134 1690 5185 xxx,
1721 5117 1810 5182 35.
1887 5120 1936 5156 ⁷³
1969 5121 2140 5178 Marc.
2169 5139 2252 5188 ιι,
2283 5123 2344 5180 8.

2317 1921 2502 1990 ἱμάτια
2563 1928 2663 1972 τῶν
2718 1918 3018 1973 ἀποστόλων
3085 1918 3420 1992 ἀναγωγικῶς
3483 1921 3540 1972 αἱ
3595 1917 3802 1991 ἀρεταὶ,
3855 1922 3924 1971 τὰ

2313 2010 2476 2067 νοητὰ
2521 2007 2824 2082 περιϐόλαια
2874 2018 2971 2070 τῆς
3014 2008 3202 2082 ψυχῆς
3244 2009 3327 2071 αἶς
3363 2007 3761 2084 περιστέλλουσι
3797 2011 3926 2071 τοὺς

2316 2101 2736 2172 προσαγομένους
2770 2105 2842 2168 τῷ
2892 2105 3136 2170 Χριστῷ.
3192 2104 3398 2158 Λουκᾶς
3451 2094 3512 2150 δὲ
3561 2100 3784 2170 εἶρηκεν,
3839 2098 3926 2149 ὃτι

2317 2188 2366 2238 οἱ
2422 2187 2654 2258 μαθηταὶ
2725 2184 3038 2240 ἐπεϐίϐασαν
3105 2190 3192 2239 τὸν
3255 2186 3459 2245 Ἰησοῦν
3522 2184 3606 2238 ἐπὶ
3665 2189 3752 2238 τὸν
3811 2193 3924 2238 πῶ-

2315 2274 2420 2329 λον.
2473 2277 2539 2328 Οἱ
2567 2277 2801 2348 μαθηταὶ
2847 2278 2946 2350 γὰρ
3000 2275 3368 2337 ἐπιϐιϐάζουσι
3410 2279 3497 2328 τὸν
3550 2274 3702 2346 λόγον
3741 2273 3827 2328 ἔπι
3855 2277 3926 2328 τὰ

2316 2366 2457 2422 ἔθνη.

2383 2453 2444 2507 ⁸0
2503 2451 2564 2507 δε
2618 2454 2860 2516 πλεῖστος
2927 2485 2999 2497 -
3055 2454 3248 2511 αὐτῶν.
3323 2451 3586 2525 Ἐδειξαν,
3647 2456 3728 2508 ὅτι
3790 2455 3920 2529 ὑπερ

2317 2548 2587 2618 προφήτην
2640 2544 2794 2596 αὐτὸν
2848 2543 3013 2616 εἶχον.
3069 2547 3155 2596 Διό
3213 2548 3303 2596 καὶ
3361 2543 3779 2618 ὑπερϐαλλόντως
3827 2543 3923 2595 αῦ-

2314 2636 2400 2685 τόν
2449 2631 2727 2705 ἔτίμησαν.
2800 2637 2908 2706 Πρό
2965 2632 3139 2705 ὀλίγου
3193 2636 3296 2707 γὰρ
3346 2636 3434 2685 τὸν
3492 2633 3735 2705 Λάζαρον
3796 2631 3923 2685 ἀνα-

2320 2726 2543 2789 στήσας,
2595 2725 2662 2783 ὡς
2719 2723 2746 2774 ό
2812 2721 3055 2783 Ἰωάννης
3111 2727 3263 2794 φησὶ,
3318 2720 3447 2774 πολὺ
3501 2719 3650 2780 σέϐας
3700 2724 3915 2784 τούτοις

2317 2809 2539 2870 ἐνέϐαλε.
2602 2810 2854 2884 Ῥίψωμεν
2928 2812 3016 2863 οὖν
3067 2815 3158 2863 καὶ
3227 2812 3378 2883 ἡμεῖς
3422 2813 3504 2862 τόν
3559 2813 3755 2880 κόσμον
3812 2817 3912 2861 τοῦ

2319 2907 2560 2974 σώματος
2616 2897 2711 2953 διὰ
2764 2904 3015 2975 Χριστόν,
3074 2905 3165 2953 καὶ
3219 2904 3562 2972 κοσμήσωμῦ
3625 2901 3715 2956 την
3775 2893 3906 2949 ὁδόν

2315 2988 2496 3061 αὐτοῦ,
2567 2990 2849 3064 ῥίπτοντες,
2917 2989 2953 3042 οἷ
3019 2987 3451 3064 περιϐεϐλήμεθα,
3519 2992 3776 3060 χρήματα
3817 2990 3912 3038 καὶ

2317 3080 2458 3137 πάθη
2469 3120 2481 3133 .

2386 3166 2564 3220 Ἀλλοι
2591 3199 2660 3207 -
2699 3166 2748 3219 ἐν
2793 3174 2855 3240 τῇ
2906 3163 3038 3237 ὁδῷ.
3082 3168 3295 3240 Μάρκος
3341 3163 3400 3219 6'8
3448 3166 3587 3237 (37),
3629 3160 3921 3225 στοιϐάδας

2317 3255 2444 3312 εἶπε.
2499 3256 2708 3318 Στοιϐὰς
2775 3252 2855 3325 δε,
2914 3258 2946 3314 ἠ
3009 3260 3198 3332 σωρεία
3253 3265 3351 3308 τῶν
3407 3252 3638 3312 κλάδων.
3696 3253 3921 3308 Ἐλαιῶν

2317 3341 2378 3398 δὲ
2430 3341 2565 3404 ἦσαν
2617 3347 2666 3398 οἱ
2711 3342 2918 3401 κλάδοι.
2970 3348 3041 3398 Τὸ
3079 3347 3180 3418 γὰρ
3223 3349 3336 3418 ὄρος
3376 3353 3476 3396 τῶν
3510 3343 3726 3398 Ἐϐαιῶν
3766 3362 3921 3401 τηνι-

2314 3441 2482 3488 καῦτα
2516 3439 2655 3510 παρή
2663 3433 2860 3506 μειεον.

2387 3525 2454 3576 Οἱ
2497 3519 2557 3576 δὲ
2607 3521 2760 3595 ὂχλόι
2805 3553 2875 3564 ——
2912 3519 3100 3578 Δαυίδ.
3130 3525 3200 3576 T6
3246 3521 3491 3589 Ὡσαννὰ,
3523 3521 3794 3596 Ἑϐραῑκόν
3823 3521 3920 3592 μὲν

2316 3610 2449 3679 ἐστι,
2488 3616 2731 3684 σημαίνει
2785 3608 2862 3678 δὲ,
2918 3615 3040 3664 ποτε
3088 3614 3197 3684 μεν,
3231 3612 3408 3684 ὕμνον,
3457 3614 3579 3664 ποτε
3617 3607 3696 3674 δὲ,
3739 3617 3921 3661 σῶσον

2317 3697 2408 3760 δή.
2441 3707 2549 3755 Νῦν
2583 3700 2670 3753 οῦν
2697 3719 2873 3773 φησιν,
2902 3700 3058 3772 ὕμνος
3085 3708 3157 3771 τῷ
3183 3701 3279 3770 υἱῷ
3311 3695 3495 3753 Δαυίδ.

2388 3879 2743 3952 Εὐλογημένος
2799 3909 2869 3919 -—
2928 3883 3142 3952 Κυρίου.
3196 3881 3266 3933 T6
3314 3876 3362 3930 ἐν
3415 3878 3625 3950 ὀνόματι
3693 3882 3919 3951 Κυρίου,

2317 3967 2427 4021 ἀντὶ
2482 3976 2594 4034 τοῦ,
2654 3970 2796 4040 παρὰ
2856 3971 3070 4042 Κυρίου.
3137 3966 3490 4040 Εύλογημένος
3543 3969 3568 4018 ὁ
3634 3965 3920 4041 ἐρχόμενος

2315 4056 2416 4110 ἀπὸ
2468 4062 2615 4121 Θεοῦ,
2668 4055 3004 4128 εὐλογημένος
3053 4057 3365 4128 όπεμφθεὶς
3395 4056 3452 4108 ἐκ
3503 4063 3658 4110 Θεοῦ.
3699 4059 3923 4128 Μάρκος

2316 4143 2375 4199 δε
2423 4147 2736 4218 προσέθηκε,
2791 4145 2902 4198 Καὶ
2956 4144 3270 4217 εὐλογημένη
3329 4146 3358 4203 ἡ
3429 4143 3686 4219 ἐρχομένη
3747 4144 3922 4217 βασι-

2313 4234 2423 4287 λεία
2474 4233 2521 4286 ἐν
2576 4233 2790 4307 ὀνόματι
2850 4238 3066 4309 Κυρίου,
3132 4234 3222 4285 τοῦ
3277 4237 3472 4308 πατρὸς
3523 4235 3670 4307 ἡμῶν
3723 4231 3918 4290 Δαυὶδ.

2310 4320 2585 4374 ’Υπέλαϐον
2659 4325 2757 4398 γὰρ
2830 4324 2944 4392 (38)
3012 4324 3093 4374 ὅτι
3171 4321 3450 4396 ἀνωρθώθη
3515 4324 3540 4374 6
3603 4323 3924 4382 καταϐεϐλη.

2310 4414 2460 4483 μένος
2499 4412 2670 4485 θρόνος
2722 4419 2816 4474 τῆς
2867 4409 3140 4483 βασιλείας
3184 4419 3275 4464 τοῦ
3333 4409 3519 4465 Δαυῐδ.
3559 4411 3713 4465 Ὅθεν
3770 4418 3913 4484 χαί-

2309 4520 2485 4574 ροντες
2534 4500 2720 4572 ἔλεγον,
2785 4504 2885 4553 Καὶ
2965 4499 3277 4572 εὐλογημένη
3350 4501 3465 4573 (39)
3534 4504 3564 4560 ἡ
3647 4505 3906 4576 ἐρχομένη

2311 4589 2462 4642 πάλιν
2557 4588 2802 4662 βασιλεία
2877 4596 2970 4641 τοῦ
3061 4592 3383 4663 προπάτορος
3475 4592 3619 4663 ἡμῶν
3713 4587 3904 4641 Δαυίδ·

2309 4679 2600 4752 Ἐρχομένη
2660 4674 2718 4730 δὶ
2775 4675 2822 4728 ἓν
2877 4677 3087 4749 ὀνόματι
3162 4683 3379 4753 Κυρίου,
3457 4682 3737 4743 τουτέστιν,
3797 4675 3905 4729 ἀπὸ

2311 4767 2550 4822 Θεοῦ.²0
2602 4763 2661 4820 δε
2715 4765 2950 4826 Ἰωάννης
3010 4771 3190 4838 φησιν’
3282 4766 3634 4840 Εὐλογημένος
3713 4767 3739 4818 ὁ
3832 4771 3920 4842 έρ-

2307 4861 2531 4929 χόμενος
2607 4855 2656 4908 ἐν
2734 4855 2948 4928 ὀνόματι
3041 4859 3236 4929 Κυρίου
3319 4854 3570 4929 βασιλεὺς
3650 4863 3745 4908 τοῦ
3811 4854 3922 4910 Ἴσα

2307 4944 2464 5019 ραήλ.
2499 4946 2678 4998 Πάντα
2720 4946 2823 5017 γὰρ
2856 4942 2996 5004 εἰκὸς
3046 4945 3146 4997 ῦπό
3179 4953 3278 4997 τῶν
3327 4945 3501 5018 ὄχλων
3539 4950 3654 4999 τότε
3685 4945 3923 5020 ῥηθῆναι

2429 5123 2637 5179 "ibid.
2676 5126 2760 5179 l0.
2835 5124 2883 5158 ⁷⁵
2908 5123 3079 5179 Joan.
3115 5123 3216 5189 xii,
3251 5127 3332 5180 t3.

1753 5323 1980 5392 Variae
2036 5324 2367 5393 lectiones
2400 5335 2472 5394 et
2509 5335 2711 5393 notae.

650 5515 738 5581 36)
771 5512 958 5581 Τοῦτο,
989 5517 1054 5574 Β.

650 5519 718 5574 36
771 5515 958 5581 Τοῦτο,
989 5517 1054 5574 Β.

625 5515 743 5662 ἒθτζ
769 5584 1050 5656 Στιϐάδας,
1075 5588 1142 5656 Α,
1173 5591 1231 5647 et
1258 5603 1403 5647 mox
1430 5589 1636 5652 στιϐάς.

2644 5537 2756 5598 ΡΓίῖ
2781 5525 2914 5598 ’κεῖθι

2407 5592 2501 5666 39)
2528 5592 2821 5651 Hic—maia.
2842 5592 3010 5653 addit
3037 5597 3105 5662 A,
3145 5610 3280 5654 mox
3305 5601 3507 5656 autem
3533 5597 3772 5657 omittit.
