4186 6318
242 336 356 392 553

1224 329 1589 387 COMMENT.
1631 325 1702 381 ΙΝ
1743 320 2186 379 MATTH/EUM.
2228 355 2296 366 —-
2335 325 2490 382 CAP.
2532 329 2685 384 XXI.

3508 340 3615 396 554

239 469 349 512 τῶν
429 479 484 512 τε
551 462 902 531 προαγόντων,
969 463 1059 510 καὶ
1111 465 1211 509 τῶν
1280 455 1712 515 ἀκολουθούντων,
1767 454 1858 500 καὶ

1977 445 2312 518 intelligitur
2338 450 2516 506 etiam
2543 469 2555 506 :
2581 454 2652 508 In
2683 458 2924 513 nomine
2941 458 3199 526 Domini,
3225 459 3287 516 in
3306 462 3618 534 majestate

237 559 346 600 τῶν
407 547 703 611 ἐξελθόντων
754 549 825 608 εἰς
873 550 1164 604 ὑπάντησιν
1215 545 1393 597 αὐτοῦ.
1445 550 1654 594 Νοεῖται
1704 536 1762 591 δὲ
1801 540 1856 588 τό

242 638 336 690 Ἐν
391 641 606 710 ὀνόματι
655 641 868 711 Κυρίου,
902 641 991 688 καὶ
1040 634 1152 688 ἀντὶ
1183 642 1290 698 τοῦ,
1337 634 1418 685 Ἐν
1473 628 1601 702 δόξῃ
1637 633 1855 701 Κυρίου,

244 726 303 778 ἐν
333 727 475 789 τάξει
505 726 786 799 βασιλέως.

324 816 551 868 Ὡσαννὰ
625 846 695 857 —
753 814 1017 885 ὑψίστοις.
1073 812 1260 886 Ὕμνος
1334 812 1383 864 ἐν
1437 810 1701 881 ὑψίστοις,
1761 809 1856 878 ὑμ-

248 909 474 958 νούντων
550 910 643 956 καὶ
709 913 808 956 τῶν
885 903 1121 973 ὑψίστων
1197 899 1483 972 δυνάμεων,
1545 903 1679 967 ἤτοι,
1757 905 1854 948 τῶν

252 994 484 1066 ἀγγέλων
532 997 618 1045 τὸν
673 997 821 1061 Θεὸν,
859 995 944 1044 τόν
992 991 1266 1064 πέμψαντα
1309 993 1431 1061 ἡμῖν
1465 988 1688 1061 βασιλέα
1719 985 1853 1056 (40),

251 1089 347 1135 καὶ
395 1083 764 1156 ὰνορθώσαντα
809 1086 895 1138 τήν
948 1079 1221 1153 βασιλείαν
1265 1075 1452 1131 Δαυίὃ.
1506 1078 1568 1132 Ὀ
1619 1073 1677 1128 δὲ
1721 1080 1854 1126 Λου-

260 1179 382 1237 σᾶς,
435 1171 546 1223 ἀντὶ
596 1178 706 1239 τοῦ,
767 1170 993 1222 Ὠσαννα
1047 1168 1095 1220 ἐν
1142 1175 1254 1229 τοῖς
1300 1167 1568 1238 ὑψίστοις,
1617 1163 1748 1225 Δόξα
1802 1161 1852 1213 ἐν

261 1261 512 1331 ὑψίστοις
558 1257 705 1313 εἶπεν.
759 1260 925 1320 Οὗτος
957 1255 1015 1310 δὲ
1057 1259 1175 1329 (fit)
1224 1260 1418 1330 ἱστορεῖ
1459 1259 1548 1307 καὶ
1596 1257 1714 1327 περὶ
1753 1260 1851 1302 τῶν

261 1352 532 1421 μαθητῶν,
614 1351 686 1400 ὅτι
753 1347 944 1418 ἔλεγον,
1029 1346 1386 1418 Εὐλογημένος
1493 1346 1518 1395 ὁ
1573 1343 1850 1416 ἐρχόμενος

263 1437 514 1510 βασιλεὺς
571 1436 618 1488 ἐν
698 1437 909 1508 ὀνόματι
994 1439 1212 1508 Κυρίου,
1289 1436 1463 1508 εἰρήνη
1533 1432 1580 1484 ἐν
1653 1431 1852 1504 οὐρανῷ

257 1531 349 1579 καὶ
415 1523 542 1588 δόξα
597 1524 644 1577 ἐν
699 1527 956 1598 ὑφιστοις-
1027 1525 1233 1598 εἰρήνην
1299 1529 1386 1581 τήν
1448 1524 1620 1595 χαρὰν
1671 1520 1852 1591 ὀνομά-

255 1637 375 1677 σας.
425 1619 610 1667 Σκόπει
667 1611 746 1684 δὲ,
790 1624 898 1676 πῶς
947 1613 994 1666 ἐν
1037 1617 1252 1684 τοιούτῳ
1304 1617 1492 1687 κρότῳ,
1531 1615 1615 1662 καὶ
1665 1610 1853 1660 τοσαύ-

614 1351 686 1400 ὄτι
753 1347 944 1418 ἔλεγον,

251 1725 368 1766 ταις
439 1710 714 1778 κραυγαῖς,
772 1705 797 1755 ό
857 1704 1044 1768 πῶλος,
1101 1708 1274 1755 καίτοι
1331 1700 1589 1761 παντελῶς
1643 1695 1853 1770 ἀδάμα-

251 1814 382 1855 στος
436 1798 524 1859 ὧν,
577 1794 713 1865 ὅμως
770 1792 1032 1854 οὖτάκτως
1070 1792 1291 1865 ἐφέρετο,
1334 1798 1609 1864 προτυπῶν
1652 1791 1856 1846 πάντως

248 1888 314 1934 τό
369 1883 678 1942 καταπειθες
733 1890 831 1933 τῶν
886 1881 1039 1933 ἐθνῶν
1100 1886 1189 1932 καὶ
1263 1885 1356 1938 τήν
1429 1877 1620 1952 ἀθρόαν
1689 1877 1856 1928 αὐτῶν

247 1970 546 2044 μεταϐολήν
576 1972 646 2032 εἰς
674 1970 906 2032 εὐταξίαν
919 2013 930 2025 .

329 2065 432 2113 Καὶ
526 2059 840 2119 εἰσελθόντος
944 2089 1010 2099 -—
1104 2060 1289 2126 οὗτος;
1384 2057 1649 2126 Ἐσείσθη,

246 2158 366 2216 τοῦ,
421 2149 716 2223 ἐταράχθη,
767 2148 1118 2223 θορυϐηθεῖσα
1164 2148 1246 2200 ἐπὶ
1293 2156 1365 2200 τῶ
1412 2153 1580 2219 κρότῳ
1609 2150 1698 2198 καὶ
1740 2151 1856 2206 ταῖς

1104 2060 1289 2126 οὗτος;
1384 2057 1649 2126 Ἐσείσθη,
1745 2054 1855 2107 ἀντὶ

247 2239 546 2310 εὐφημίαις.

326 2332 393 2382 Οἱ
447 2325 506 2381 δὲ
555 2328 708 2400 ὀχλοι
754 2359 820 2369 -—
863 2328 1157 2388 Γαλιλαίας.
1212 2329 1270 2380 Εἰ
1300 2333 1388 2380 καὶ
1427 2328 1552 2401 ὕπερ
1583 2331 1852 2400 προφήτην

245 2419 410 2470 αὐτόν
466 2415 631 2490 εἶχόν,
687 2420 822 2489 ὅμως
862 2423 1128 2489 προφήτην
1168 2418 1321 2470 αὐτὸν
1371 2417 1653 2489 ὠνόμαζον,
1703 2412 1852 2466 οὐδὲν

245 2507 573 2579 ὑψηλότερον
656 2506 836 2558 ἐννοεῖν
910 2504 1206 2578 δυνάμενοι,
1287 2503 1380 2558 διὰ
1444 2509 1508 2557 τὰ
1593 2504 1853 2578 ἀνθρωπου

252 2605 428 2669 πρεπῆ
483 2599 689 2649 τούτου·
752 2602 958 2657 Λουκᾶς
1009 2593 1067 2648 δὲ
1115 2616 1291 2668 φησιν,
1337 2598 1416 2647 ὅτι
1449 2600 1548 2648 Καὶ
1579 2613 1709 2656 τινες
1756 2602 1854 2644 τῶν

1679 2682 1852 2746 αὐτόν,

1759 2775 1856 2822 Καὶ

1132 2867 1280 2933 Λέγω
1346 2863 1487 2934 ὑμῖν,
1549 2865 1631 2913 ἐὰν
1717 2857 1859 2912 οὗτοι

257 2690 555 2759 Φαρισαίων
641 2683 743 2736 ἀπὸ
819 2692 909 2736 τοῦ
991 2684 1153 2756 ὄχλου
1241 2682 1380 2736 εἷπον
1473 2687 1596 2756 πρός

255 2771 572 2842 Διδάσκαλε,
659 2772 968 2845 ἐπιτίμησον
1045 2781 1150 2835 τοῖς
1228 2775 1490 2845 μαθηταῖς
1562 2792 1676 2824 σου.

175 2921 179 2924 ,
260 2863 563 2938 ἀποκριθεὶς
641 2861 774 2915 εἶπεν
851 2863 1045 2925 αὐτοῖς·

267 2957 634 3016 σιωπήσωσιν,
713 2954 761 3002 οἱ
843 2951 974 3003 λὶθοι
1065 2951 1420 3025 κεκράξονται.
1513 2952 1860 3008 Φθονήσαντες

269 3043 376 3111 γὰρ
431 3038 612 3108 ἔλεγον,
662 3041 738 3091 ὅτι
774 3041 1015 3092 Κῶλυσον
1062 3045 1181 3100 τοὺς
1233 3042 1465 3112 μαθητὰς
1506 3059 1599 3091 σου
1643 3047 1862 3090 τοιαῦτα

266 3135 471 3200 κροτεῖν
529 3133 612 3179 καὶ
664 3129 904 3200 εὐφημεῖν
957 3149 1032 3195 σε,
1088 3130 1253 3182 Εἰπὼν
1309 3127 1386 3194 δὲ,
1443 3131 1521 3180 ὅτι
1559 3128 1677 3181 Ἐὰν
1717 3128 1860 3179 οὗτοι

266 3221 633 3279 σιωπήσωσιν,
699 3219 747 3268 οἱ
803 3217 934 3269 λίθοι
1007 3218 1362 3291 κεκράξονται,
1445 3217 1668 3289 ἐνέφηνεν
1725 3217 1858 3287 (42),

260 3306 347 3356 ὅτι
393 3302 646 3356 ἀδύνατον
693 3308 1024 3365 σιωπηθῆναι
1061 3311 1151 3364 τήν
1191 3304 1347 3368 δόξαν
1393 3307 1570 3359 αὐτοῦ.
1618 3311 1861 3376 Λέγοιντο

265 3391 315 3446 6"
363 3395 424 3445 οἶν
473 3394 606 3446 λίθοι
657 3400 746 3446 καὶ
782 3398 831 3446 οἰ
879 3399 1244 3456 πιστεύσαντες
1288 3396 1339 3458 ἐξ
1391 3395 1562 3457 ἐθνῶν,
1616 3398 1680 3453 ὡς
1725 3396 1860 3456 ὄντες

268 3488 514 3557 πρότερον
563 3488 928 3558 πεπωρωμένοι
986 3485 1098 3556 (i3)
1149 3489 1234 3537 τὸν
1281 3493 1418 3548 νοῦν,
1475 3489 1564 3535 καὶ
1617 3483 1862 3541 ἀνοίσθη-

265 3591 350 3623 τοι
445 3575 756 3643 θεογνωσίας
849 3572 1114 3637 ἀληθινῆς,
1224 3582 1398 3634 οῖτινες
1486 3573 1862 3629 σιωπησάντων

263 3669 368 3712 τῶν
421 3659 718 3714 ἀποστόλων
900 3663 1133 3735 τελευτῇ,
1186 3663 1362 3715 λοιπὸν
1417 3663 1564 3714 αὐτοὶ
1611 3661 1865 3732 κράξουσι

265 3770 334 3808 κη
341 3752 610 3824 ρύττοντες
625 3796 637 3807 .

347 3845 448 3892 Καὶ
510 3872 578 3880 --
623 3844 948 3915 περιστεράς.
1001 3845 1078 3893 Τὰ
1125 3841 1470 3915 παραπλήσια
1508 3846 1598 3893 καὶ
1637 3841 1662 3891 ό
1697 3840 1868 3892 Ἰωάν-

268 3948 366 3990 νης
415 3935 592 4000 φησὶν,
643 3928 749 3981 ἀλλ’
795 3929 976 3990 ἐκεῖνος
1021 3934 1109 4002 μὲν
1171 3930 1282 3982 κατ’
1334 3929 1502 4002 ἀρχὰς
1558 3937 1646 3981 τοῦ
1704 3927 1869 3998 Εὐαγ-

268 4019 467 4090 γελίου,
525 4021 791 4080 Ματθαῖος
836 4016 895 4071 δὲ
949 4025 1038 4070 καὶ
1098 4023 1145 4071 οἱ
1198 4019 1369 4071 λοιποὶ
1424 4023 1556 4090 πρός
1594 4027 1665 4088 τῷ
1718 4018 1867 4072 τέλει.

273 4107 436 4166 Δῆλον
486 4104 593 4174 οὖν,
639 4110 717 4159 ὅτι
771 4105 854 4169 dig
901 4117 1069 4160 ταῦτα
1097 4114 1368 4168 πεποίηκεν
1417 4111 1441 4160 ό
1486 4112 1732 4182 Χριστὸς,
1781 4112 1870 4159 καὶ

272 4199 412 4248 κατὰ
475 4193 754 4268 διαφόρους
823 4200 1055 4272 καιρούς.
1129 4204 1226 4250 Καὶ
1286 4205 1402 4250 τότε
1472 4202 1562 4270 μὲν
1636 4198 1870 4269 λέγουσιν

274 4283 532 4338 Ἰουδαῖοι
592 4286 701 4357 (44)
774 4289 904 4358 πρός
966 4287 1139 4356 αὐτόν,
1208 4293 1270 4340 Τί
1336 4296 1548 4360 σημεῖον
1626 4285 1872 4347 δεικνύεις

275 4377 446 4446 ﬁnis;
497 4377 616 4448 ἄρτι
658 4371 716 4427 δὲ
765 4385 985 4446 σιγῶσιν
1033 4378 1164 4447 (45).
1210 4376 1348 4450 ’Ὁρα
1377 4378 1435 4429 δὲ
1478 4384 1571 4437 τήν
1606 4381 1870 4451 καταφρό-

1967 533 2221 604 Domini,
2245 535 2306 592 in
2335 539 2541 594 ordine
2566 542 2749 611 regio.

2038 783 2202 838 Vers.
2240 788 2290 839 9.
2329 790 2615 845 Hosanna
2645 822 2715 830 —
2743 796 3008 851 excelsis.
3041 798 3200 855 Laus
3247 800 3312 856 in
3349 803 3617 859 excelsis.

1968 873 2424 932 Laudentetiam
2447 879 2550 950 qui
2579 885 2718 936 sunt
2745 882 2895 938 inter
2917 886 3181 943 excelsas
3214 889 3462 948 virtutes
3495 894 3620 948 sive

1964 961 2236 1028 angelos.
2261 964 2444 1020 Deum
2469 967 2572 1038 qui
2595 968 2772 1024 nobis
2800 971 2958 1028 misit
2987 989 3210 1043 regem,
3241 993 3309 1033 ac
3329 978 3622 1037 instaura-

1962 1049 2044 1103 vit
2073 1065 2328 1119 regnum
2355 1054 2560 1110 David.
2588 1057 2774 1113 Lucas
2805 1075 2940 1116 vero
2969 1060 3095 1116 loco
3123 1065 3412 1123 Bosanna
3440 1070 3504 1123 in
3525 1085 3624 1125 ea:-

1963 1138 2144 1204 celsis,
2174 1139 2329 1207 dicit,
2367 1143 2572 1201 Gloria
2605 1146 2666 1201 in
2692 1149 2936 1204 excelsis
2973 1151 3042 1204 7°.
3085 1151 3188 1206 Hic
3226 1158 3431 1210 autem
3466 1163 3523 1211 et
3549 1156 3625 1212 de

1962 1227 2267 1299 discipulis
2307 1231 2530 1298 scribit,
2574 1237 2735 1306 quod
2777 1236 3056 1296 dicebant
3093 1257 3105 1295 :
3140 1242 3483 1300 Benedictus
3521 1247 3628 1316 qui

1961 1317 2118 1371 venit
2147 1333 2256 1375 rex
2275 1318 2336 1372 in
2365 1322 2596 1380 nomine
2623 1326 2875 1392 Domini,
2911 1344 3034 1397 pax
3056 1329 3121 1384 in
3163 1333 3302 1387 caelo
3346 1339 3399 1388 et
3429 1334 3627 1403 gloria

1962 1406 2023 1458 in
2053 1408 2316 1461 excelsis.
2351 1408 2676 1467 Considera
2701 1429 2838 1469 vero
2864 1419 3170 1487 quomodo
3194 1420 3256 1474 in
3286 1420 3386 1476 tali
3409 1422 3627 1492 plausu

1961 1497 2248 1566 tantoque
2273 1495 2530 1554 clamore
2556 1500 2776 1571 pullus,
2801 1519 3153 1576 quanquam
3180 1511 3430 1565 omnino
3449 1509 3627 1566 indo-

1963 1584 2161 1648 mitus,
2199 1587 2679 1644 mansuetissime
2719 1595 2921 1647 tamen
2963 1594 3302 1662 incedebat,
3349 1598 3625 1668 praeﬁgu-

1963 1687 2104 1726 rans
2145 1672 2316 1743 plane
2356 1677 2604 1744 gentium
2639 1677 3065 1737 obedientiam.
3109 1688 3164 1740 et
3201 1685 3621 1744 omnimodam

1892 1783 1936 1837 Β
1966 1775 2170 1816 eorum
2197 1761 2276 1818 ad
2305 1762 2681 1835 disciplinam
2706 1768 3206 1828 immutationem.

2035 2027 2198 2083 Vers.
2230 2032 2308 2084 to.
2345 2028 2604 2102 Cumque
2619 2033 2894 2089 intrasset
2921 2065 2988 2075 —
3015 2035 3112 2093 hic
3130 2039 3158 2093 ‘I
3183 2039 3496 2096 Commota
3511 2045 3620 2108 est,

1963 2116 2023 2170 id
2052 2121 2160 2181 est,
2198 2117 2437 2174 turbata
2475 2123 2584 2186 est,
2625 2122 2875 2180 excitato
2895 2124 3153 2182 tumultu
3176 2131 3420 2199 propter
3443 2128 3621 2200 plau-

1965 2221 2098 2260 sum
2125 2207 2181 2260 et
2209 2204 2466 2263 favores.

2033 2295 2198 2349 Vers.
2231 2296 2313 2349 11.
2340 2296 2550 2352 Turba:
2567 2312 2706 2353 vero
2728 2330 2792 2340 —
2817 2301 3104 2358 Galilavw.
3128 2305 3196 2358 Et
3215 2303 3264 2358 si
3284 2304 3414 2375 plus
3434 2322 3620 2378 quam

1962 2383 2311 2453 prophetam
2337 2400 2473 2440 eum
2499 2385 2816 2454 habebant,
2847 2390 3204 2460 prophetam
3235 2396 3439 2447 tamen
3478 2410 3618 2450 eum

1963 2471 2254 2534 dicebant,
2294 2473 2436 2544 quia
2482 2474 2627 2528 nihil
2667 2475 2960 2531 excelsius
3004 2479 3317 2550 concipere
3343 2487 3618 2552 poterant

1964 2565 2200 2630 propter
2229 2560 2495 2616 humana
2537 2563 2664 2632 ejus
2708 2580 2908 2635 opera.
2959 2568 3146 2622 Lucas
3177 2573 3379 2624 autem
3423 2571 3611 2626 dicit:

1964 2651 2043 2703 Et
2065 2649 2300 2719 quidam
2320 2651 2752 2708 Pharisaeorum
2770 2654 2840 2710 de
2858 2655 3028 2711 turba
3051 2657 3328 2714 dixerunt
3353 2660 3430 2714 ad
3448 2676 3571 2716 eum
3594 2677 3610 2716 :

1966 2740 2260 2809 Magister,
2294 2741 2533 2809 increpa
2555 2742 2870 2813 discipulos
2891 2747 3131 2801 tuos.Et
3151 2748 3500 2816 respondens
3528 2751 3614 2806 ait

1967 2829 2088 2884 illis
2118 2846 2128 2883 :
2164 2830 2299 2884 Dico
2328 2829 2483 2884 vobis
2513 2832 2681 2901 quod,
2718 2835 2770 2887 si
2790 2832 2849 2886 hi
2881 2837 3184 2900 tacuerint,
3233 2837 3462 2906 lapides
3503 2839 3618 2894 cla-

1967 2919 2213 2974 mabunt
2231 2920 2301 2969 77.
2324 2918 2552 2974 Invidia
2563 2921 2723 2975 enim
2740 2922 2887 2976 moti
2906 2922 3187 2980 dicebant
3205 2941 3218 2980 :
3235 2925 3490 2982 Prohibe
3501 2927 3620 2982 dis-

1970 3008 2198 3079 cipulos
2231 3013 2378 3073 tuos,
2406 3024 2480 3063 ne
2503 3007 2856 3079 hujusmodi
2883 3010 3198 3081 plausibus
3223 3029 3294 3069 ac
3315 3013 3621 3072 favoribus

1892 3132 1932 3187 C
1971 3099 2431 3168 prosequantur.
2450 3097 2658 3187 Dicens
2670 3103 2894 3162 autem,
2909 3099 2975 3154 Si
2993 3099 3057 3155 hi
3069 3102 3382 3172 tacuerint,
3398 3105 3622 3172 lapides

1972 3187 2318 3248 clamabunt,
2365 3186 2636 3250 ostendit,
2688 3188 2850 3258 quod
2899 3188 3266 3260 impossibile
3315 3191 3389 3246 sit
3445 3209 3621 3249 suam

1976 3275 2150 3329 taceri
2189 3274 2463 3343 gloriam.
2517 3277 2768 3330 Possunt
2805 3292 3048 3348 quoque
3091 3278 3323 3350 lapides
3347 3280 3487 3345 dici,
3523 3282 3626 3353 qui

1972 3379 2044 3418 ex
2101 3362 2373 3432 gentibus
2417 3362 2812 3427 crediderunt,
2875 3370 3164 3436 tanquam
3206 3367 3369 3438 prius
3426 3375 3626 3425 mente

1971 3451 2190 3506 idumti
2215 3467 2284 3506 ac
2309 3450 2686 3506 insensibiles
2705 3452 2783 3507 ad
2805 3452 3069 3510 divinam
3098 3456 3199 3510 Dei
3220 3457 3625 3526 cognitionem

1972 3541 2094 3612 qui,
2128 3545 2450 3611 postquam
2481 3540 2736 3612 apostoli
2763 3546 2953 3598 morte
2985 3546 3316 3610 tacuerunt,
3342 3546 3473 3617 jam
3513 3546 3631 3604 cla-

1975 3634 2143 3684 mant
2169 3628 2572 3699 praedicantes.

2050 3842 2218 3896 Vers.
2243 3843 2329 3895 t2.
2362 3843 2442 3897 Et
2475 3873 2541 3882 -—-
2571 3841 2903 3907 cobumbas,
2953 3843 3179 3912 Similia
3222 3861 3465 3918 quoque
3495 3847 3638 3903 dicit

1979 3934 2237 3986 Joannes
2272 3947 2285 3984 :
2321 3930 2425 3985 sed
2454 3930 2548 3986 ille
2578 3928 2826 4002 quidem
2857 3931 3014 3988 circa
3043 3933 3405 4005 principium
3446 3938 3638 3991 Evan-

1982 4020 2137 4090 gelii,
2165 4020 2467 4075 Matthaaus
2499 4025 2700 4075 autem
2729 4025 2786 4076 et
2813 4020 3008 4076 caeteri
3036 4022 3192 4078 circa
3225 4023 3427 4079 ﬁnem.
3461 4025 3641 4082 Mani-

1981 4111 2196 4166 festum
2225 4126 2365 4179 ergo
2395 4111 2559 4182 quod
2597 4110 2687 4165 bis
2726 4111 2854 4166 haec
2883 4109 3083 4167 fecerit
3121 4113 3404 4181 Christus,
3437 4116 3642 4171 variis-

1983 4216 2099 4272 que
2130 4199 2520 4271 temporibus,
2555 4202 2620 4254 Et
2651 4205 2788 4255 tunc
2817 4200 3061 4270 quidem
3095 4200 3300 4258 dicunt
3333 4203 3384 4258 ei
3405 4202 3596 4260 Judaei
3624 4221 3638 4259 :

1985 4289 2149 4354 Quod
2164 4289 2403 4360 signum
2420 4288 2684 4344 ostendis
2702 4288 2916 4344 nobis?
2931 4289 3112 4345 modo
3130 4295 3329 4346 autem
3345 4296 3558 4349 tacent.
3581 4295 3648 4348 Et

1989 4378 2126 4433 vide
2153 4377 2543 4447 abjectionem
2571 4393 2798 4442 eorum,
2832 4377 2892 4431 in
2921 4378 3142 4449 templo
3175 4379 3474 4451 siquidem
3509 4397 3648 4436 cau-

274 4483 430 4520 νησιν
486 4464 670 4516 αὐτῶν.
710 4464 788 4516 Ἐν
839 4472 908 4533 τῷ
960 4472 1064 4534 ναῷ
1120 4469 1219 4537 γαρ
1281 4465 1615 4524 ἐκαπήλευον,
1680 4471 1781 4518 Καὶ
1828 4485 1851 4516 ο

1991 4465 2403 4538 ponebantur:
2433 4469 2488 4518 et
2506 4464 2568 4519 hi
2591 4465 2833 4535 quidem
2855 4465 3645 4539 vendebantindigentibus,

278 4557 369 4625 μὲν
434 4551 658 4604 ἐπώλουν
715 4555 780 4604 τὰ
835 4557 962 4624 πρὸς
1013 4555 1198 4604 θυσίαν
1244 4552 1517 4612 ἐπιτήδεια
1567 4562 1676 4616 τοῖς
1731 4560 1876 4626 χρῄ-

281 4643 459 4712 ζουσι,
519 4641 758 4715 πρόϐατα
805 4641 955 4712 λέγω,
1001 4648 1090 4694 καὶ
1137 4642 1264 4715 βόας
1307 4648 1398 4695 καὶ
1442 4644 1766 4717 περιστεράς,
1817 4645 1880 4702 ὡς

1709 4733 1756 4782 οὶ
1825 4728 1882 4782 δὲ

1083 4817 1141 4873 δὲ
1220 4821 1350 4874 εἰσιν
1430 4823 1477 4872 οἱ
1552 4820 1881 4894 τραπεζίται.

281 4733 306 4782 ό
375 4731 616 4792 Ἰωάννης
672 4728 925 4798 ἐδήλωσε,
1008 4738 1097 4784 καὶ
1174 4736 1216 4784 εἰ
1273 4752 1326 4784 τι
1390 4739 1637 4784 τοιοῦτον·

282 4822 566 4895 ἠγόραζον.
649 4819 992 4873 Κολλυϐισταὶ

285 4911 660 4972 Καταλλάκτας
743 4907 802 4962 δὲ
870 4913 1086 4972 τούτους
1148 4910 1494 4983 ὀνομάζουσιν
1569 4913 1618 4962 οἱ
1682 4911 1882 4966 πολλοί.

914 5090 958 5124 ⁷⁷
1002 5089 1145 5145 ibid.
1187 5090 1275 5146 39.

359 5092 408 5127 ⁷⁸
434 5091 573 5147 Luc.
606 5105 716 5155 nx,
748 5089 836 5146 38.
914 5090 958 5124 ⁷⁷
1002 5089 1145 5145 ibid.
1187 5090 1275 5146 39.
1351 5090 1402 5124 ⁷⁸
1425 5089 1598 5146 Joan.
1630 5103 1690 5152 ιι,
1718 5089 1808 5144 18.

1990 4570 2125 4627 quae
2162 4554 2236 4608 ad
2279 4553 2636 4608 sacriﬁcium
2678 4558 2821 4624 apta
2858 4560 3048 4615 erant,
3097 4569 3238 4609 oves
3279 4555 3434 4620 dico,
3472 4558 3651 4612 boves

1992 4660 2062 4700 ac
2082 4641 2413 4710 columbas,
2435 4643 2588 4697 sicut
2604 4644 2865 4697 Joannes
2897 4641 3317 4706 manifestavit,
3347 4649 3403 4698 et
3427 4643 3476 4697 si
3510 4644 3654 4714 quid

1995 4739 2082 4789 est
2110 4732 2299 4788 simile
2328 4733 2397 4784 ⁷³.
2431 4730 2537 4784 Alii
2561 4744 2700 4783 vero
2730 4727 3033 4783 emebant.
3068 4727 3419 4781 Κολλυϐισταὶ
3450 4734 3654 4786 autem

1997 4838 2100 4893 pro
2135 4820 2358 4892 quibus
2391 4817 2676 4873 vertimus
2714 4814 3174 4881 nummularios,
3203 4823 3341 4871 sunt
3368 4817 3657 4873 mensarii

2001 4911 2125 4966 sive
2142 4908 2454 4980 trapezitae,
2476 4909 2532 4962 et
2549 4919 2702 4977 quos
2721 4902 2892 4960 multi
2912 4902 3273 4966 καταλλάκτας
3286 4908 3520 4977 vocant,
3539 4905 3656 4963 hoc

1564 5221 1786 5292 Variae
1811 5220 2138 5289 lectiones
2174 5227 2235 5285 et
2261 5226 2464 5284 notae.

361 5367 474 5436 (40)
519 5365 810 5436 Βασιλείαν,
843 5371 908 5421 Α.

359 5433 478 5509 (41)
511 5437 712 5494 Malim
741 5435 832 5503 δή,
855 5433 1094 5509 locoié.
1128 5439 1274 5494 Nam
1297 5436 1368 5492 de
1398 5437 1552 5492 Luca
1573 5451 1769 5494 sermo
1787 5438 1898 5502 est,

286 5505 376 5566 de
414 5505 540 5579 quo
565 5509 693 5579 jam
726 5509 952 5565 dixerat
979 5505 1056 5562 δέ.

364 5580 480 5654 (42)
523 5585 602 5649 Ai,
633 5580 800 5637 addit
828 5584 895 5636 A.

588 5679 826 5736 PATROL.
869 5677 974 5735 Gn.
1007 5676 1252 5734 CXXIX.

2226 5361 2614 5436 Πεπηρωμένοι,

2105 5426 2196 5502 4-4)
2217 5436 2342 5485 Τότε
2370 5426 2611 5502 λέγουσιν
2632 5435 2682 5483 ot’
2702 5426 2985 5501 Ἰουδαῖον,
3012 5431 3082 5486 Α.

2081 5363 2197 5577 (43)
2226 5363 2614 5483 Πεπηρωμένοι,
2655 5363 2720 5413 Α.
2823 5426 2846 5447 εἴ

2105 5434 2174 5489 44
2217 5436 2342 5485 Τότε
2403 5435 2611 5502 ἐγουσιν
2632 5435 2682 5483 ot’
2702 5431 2958 5485 Ἰουδαῖον

2107 5437 2197 5576 45)
2225 5509 2440 5570 Γνῶσιν,
2469 5517 2581 5574 pro
2623 5510 2865 5575 σιγῶσιν,
2892 5507 2958 5558 Α.

3323 5669 3391 5722 18
