4186 6318
590 346 701 402 555
1894 329 2251 392 EUTHYMII
2292 328 2619 388 ZlGABENI
3851 328 3963 389 556

588 474 699 533 est,
727 473 794 524 ut
810 467 1023 536 vulgus
1044 463 1204 533 dicit,
1226 462 1650 520 cambiatores.
1673 466 1819 521 Nam
1836 459 2081 520 κόλλυϐος
2102 456 2244 514 obo-

2362 456 2618 520 Κόλλυϐος
2666 461 2791 532 γὰρ,
2852 462 2878 511 ὁ
2933 458 3130 525 ὀϐολὸς,
3182 464 3272 512 καὶ
3320 458 3611 519 χολλυϐίζω
3653 456 3860 530 λέγεται
3895 461 3959 511 τὸ

582 560 697 624 lus,
747 564 803 612 et
840 554 1127 614 κολλυϐίζω
1178 558 1486 609 commuto
1526 553 1757 609 dicitur.
1808 554 2115 620 Ingressus
2158 551 2244 602 est

2355 545 2719 602 καταλλάσσω.
2772 548 3020 608 Εἰσῆλθεν
3078 545 3164 601 οὖν
3228 551 3251 602 ὁ
3304 551 3538 621 Χριστὸς
3581 548 3651 609 εἰς
3694 550 3755 600 τὸ
3820 550 3958 621 ἱερὸν

584 664 727 716 ergo
750 647 1016 701 Christus
1047 642 1336 715 templum
1364 660 1503 699 cum
1540 658 1763 712 magna
1792 642 2084 704 libertate,
2120 644 2243 693 tan-

2352 639 2484 706 μετά
2538 635 2856 711 παρρησίας,
2903 641 2970 700 ὡς
3019 636 3417 699 οἰκοδεσπότης.
3473 635 3703 699 Ἐξέϐαλε
3756 633 3817 689 δὲ
3865 643 3957 690 καὶ

581 753 766 808 quam
804 732 1234 807 paterfamilias
1266 732 1519 787 domum
1546 749 1738 796 suam,
1770 737 1825 787 et
1856 746 1956 785 eos
1982 729 2086 801 qui
2112 728 2239 798 jam

2348 728 2465 785 τούς
2508 727 2776 799 ῥηθέντας,
2833 732 2922 779 καὶ
2964 731 3027 779 τά
3071 727 3315 801 ρηθέντα,
3361 733 3455 785 τήν
3498 746 3552 778 τε
3580 729 3716 779 κατά
3744 729 3954 780 πάντων

579 825 719 881 dicti
760 829 896 878 sunt
934 822 1127 894 ejccit,
1170 838 1239 877 ac
1278 821 1608 894 potentiam
1646 837 1833 889 quam
1872 824 1934 874 ut
1975 820 2129 872 Deus
2162 816 2237 871 ad

2349 812 2606 879 ἐξουσίαν,
2666 819 2727 873 ἤν
2780 818 2850 878 ὼς
2920 820 3049 878 Θεὸς
3104 816 3238 888 εἶχε,
3300 824 3673 890 παραγυμνῶν,
3738 822 3829 869 καὶ
3883 825 3948 890 τῇ

575 930 789 972 omnes
813 912 1091 978 habebat,
1121 911 1526 977 manifestans,
1555 916 1610 967 et
1640 918 1875 982 propter
1894 906 2239 963 immunita-

2348 901 2720 976 ἀναμαρτησίᾴ
2797 905 3147 980 τεθαρρηκώς*
3203 910 3294 958 καὶ
3355 913 3508 956 τοῦτο
3546 907 3661 977 μεν,
3719 912 3809 965 τῆς
3868 905 3952 958 εύ-

576 1008 694 1060 tem
720 1020 756 1059 a
776 1006 1020 1076 peccato
1042 1001 1371 1069 confidens,
1393 1001 1532 1056 hinc
1554 998 1803 1073 quidem
1827 1001 2073 1055 ornatus
2092 1001 2237 1051 tem-

2345 997 2571 1064 κοσμίοις
2639 1001 2731 1045 τοῦ
2798 994 2985 1046 οἰκείου
3049 1002 3174 1047 ναοῦ
3253 998 3551 1068 φροννίζων·
3628 1000 3779 1046 τοῦτο
3859 990 3943 1063 δέ,

572 1092 659 1165 pli
687 1093 777 1148 sui
804 1106 1012 1147 curam
1036 1089 1230 1155 habet,
1258 1089 1397 1145 hinc
1418 1093 1617 1145 autem
1647 1086 2076 1144 sacriﬁciorum
2102 1099 2235 1156 qum

2342 1078 2620 1154 προδηλῶν
2691 1088 2784 1142 τὴν
2850 1082 3064 1142 ἐκϐολὴν
3137 1093 3237 1135 τῶν
3304 1080 3373 1137 δι’
3444 1084 3668 1156 αἳματος
3722 1084 3935 1135 θυσιῶν·

570 1197 681 1255 per
705 1180 1064 1251 sanguinem
1090 1178 1241 1234 ﬁunt
1268 1178 1649 1251 rejectionem
1677 1176 2041 1234 manifestat.
2074 1174 2230 1228 Prte-

2340 1178 2494 1222 τοῦτο
2543 1168 2600 1223 δὲ
2646 1176 2737 1223 καὶ
2787 1168 3047 1225 παιδεύων
3091 1174 3247 1244 ἡμᾶς,
3293 1173 3420 1246 ὑπὲρ
3470 1179 3564 1234 τῆς
3626 1170 3939 1233 Ἐκκλησίας

571 1274 734 1327 terea
762 1269 1000 1326 instruit
1027 1283 1139 1323 nos
1163 1270 1228 1323 ut
1254 1282 1366 1339 pro
1394 1267 1652 1323 Ecclesia
1671 1266 1854 1321 libere
1882 1279 2156 1335 agamus.

2340 1259 2513 1333 παρῥη
2523 1260 2826 1321 σιάζεσθαι.

639 1361 804 1416 Vers.
852 1363 933 1414 t3.
976 1358 1053 1414 Et
1082 1357 1489 1413 ——vocabitur.
1534 1355 1833 1428 Scriptum
1872 1357 1960 1410 est
1987 1354 2047 1408 in
2097 1368 2230 1423 pro-

2413 1353 2512 1401 Καὶ
2568 1381 2636 1390 -
2701 1350 3044 1408 κληθήσεται.
3103 1353 3400 1424 Γέγραπται
3453 1348 3501 1402 ἒν
3557 1358 3629 1421 τῷ
3694 1355 3940 1424 προφήτη

570 1450 752 1522 pheta
781 1449 954 1504 Isaia.

2337 1437 2547 1510 Ἡσαΐᾳ.

641 1541 799 1593 Vers.
846 1538 929 1593 13.
980 1539 1090 1593 Vos
1119 1566 1187 1577 —
1218 1537 1531 1591 latronum.
1574 1534 1857 1589 Latrones
1895 1531 2229 1587 nominavit

2407 1528 2578 1599 Ὑμεῖς
2660 1558 2729 1567 -
2806 1526 3032 1599 λῃστῶν.
3104 1529 3321 1600 Ληστὰς
3392 1527 3627 1599 ὠνόμασε
3696 1532 3818 1589 τοὺς
3891 1526 3945 1580 ἓν

2336 1616 2476 1685 αύτῷ
2532 1615 2936 1681 καπηλεύοντας,
3005 1612 3098 1669 διὰ
3170 1620 3228 1668 τὸ
3297 1617 3490 1687 ὁμοίως
3555 1624 3661 1677 τοὶς
3714 1616 3945 1689 λῃσταῖς

2335 1701 2680 1778 φιλοκερδεῖν,
2748 1707 2812 1756 Οἱ
2865 1705 3058 1777 λῃσταὶ
3111 1708 3211 1779 γὰρ
3267 1701 3610 1777 φιλοκερδεῖς.
3663 1704 3732 1758 ’Ἡ
3794 1701 3944 1758 διότι

2334 1796 2400 1844 τά
2469 1791 2773 1865 πωλούμενα
2841 1793 2894 1856 ἐξ
2956 1793 3192 1868 ἁρπαγῆς
3259 1799 3348 1845 καὶ
3406 1793 3698 1856 πλεονεξίας
3776 1790 3937 1851 ἦσαν.

2334 1881 2414 1934 Ἐν
2471 1890 2542 1952 τῷ
2601 1882 2819 1955 Ἱερεμίᾳ
2886 1878 2943 1934 δὲ
2999 1887 3309 1956 γέγραπται,
3366 1886 3451 1940 Μὴ
3526 1881 3782 1941 σπόλαιον
3840 1883 3938 1954 λη-

569 1643 671 1683 eos
711 1627 814 1699 qui
854 1627 914 1681 in
954 1626 1054 1681 illo
1093 1625 1611 1697 cauponabantur,
1655 1622 1817 1695 quod
1860 1621 1937 1676 ad
1979 1621 2226 1676 modum

564 1716 865 1771 latronum
887 1715 1067 1771 lucris
1098 1715 1392 1769 inhiarent
1422 1730 1433 1767 :
1463 1714 1723 1769 latrones
1756 1711 2053 1784 siquidem
2078 1710 2225 1765 lucri

568 1804 851 1859 aviditate
891 1810 1187 1859 tenentur.
1229 1808 1344 1859 Aut
1381 1802 1525 1874 quia
1563 1817 1634 1856 ea
1655 1816 1789 1871 quas
1806 1799 2224 1854 vendebantur
2258 1823 2303 1877 Β

564 1909 638 1949 ex
657 1893 873 1965 rapina
900 1894 994 1949 vel
1012 1894 1260 1949 avaritia
1285 1895 1473 1948 erant.
1498 1892 1561 1945 In
1581 1890 1838 1945 Jeremia
1859 1892 2055 1942 autem
2085 1887 2223 1941 scri-

562 1986 737 2054 ptum
795 1986 927 2039 est:
961 1984 1120 2040 Num
1172 1982 1454 2052 spelunca
1512 1981 1810 2037 latronum
1857 1977 2059 2031 domus
2102 1991 2222 2032 mea

2335 1979 2466 2022 στῶν
2494 1972 2518 2021 ὁ
2546 1967 2680 2030 οἶκός
2714 1974 2815 2043 μού
2842 1969 2980 2037 iam;

561 2073 776 2129 est"?

873 2196 1027 2251 CAP.
1065 2194 1241 2251 XLVI.
1268 2196 1358 2251 De
1386 2195 1548 2250 caecis
1577 2198 1631 2249 et
1659 2191 1904 2250 claudis.
1995 2279 2005 2290 .

2543 2228 2687 2275 ΚΕΦ.
2722 2220 2845 2285 Μςί.
2876 2226 3002 2294 Περὶ
3025 2217 3125 2274 τῶν
3151 2221 3353 2294 τυφλῶν
3383 2226 3473 2275 καὶ
3505 2214 3714 2294 χωλῶν.

629 2289 791 2343 Vers.
855 2285 939 2341 14.
989 2286 1168 2341 Ει-
1217 2299 1310 2341 eos
1369 2282 1629 2341 Claudus
1673 2286 1765 2338 est
1799 2281 2047 2379 quiduis
2095 2294 2218 2378 non

2402 2316 2502 2363 Καὶ
2556 2342 2614 2352 —-
2669 2311 2877 2372 αύτούς.
2933 2310 3111 2374 Χωλός
3163 2309 3274 2364 ἔστι
3315 2316 3405 2364 καὶ
3433 2317 3533 2372 πᾶς
3563 2313 3587 2363 ὁ
3623 2316 3695 2384 μη
3735 2311 3933 2385 βαίνων

555 2380 717 2433 recta
751 2375 831 2431 ad
862 2374 1139 2431 virtutem
1171 2373 1408 2430 incedit.
1443 2376 1509 2429 Et
1546 2387 1738 2428 caecus
1768 2374 1857 2426 est
1885 2373 2083 2425 omnis
2113 2373 2217 2439 qui

2334 2398 2458 2472 ὀρθὰ
2508 2403 2633 2473 πρὸς
2681 2399 2886 2475 ἀρετὴν·
2932 2399 3121 2472 τυφλός
3169 2400 3282 2472 (46)
3328 2399 3445 2453 ἐστι
3491 2405 3582 2453 καὶ
3623 2373 3745 2464 ᾉτάέ
3775 2404 3801 2453 ὁ
3855 2407 3929 2474 μή

554 2465 723 2539 quod
752 2465 984 2521 bonum
1011 2467 1104 2519 est
1131 2480 1199 2519 ac
1236 2463 1556 2519 honestum
1596 2477 1715 2517 non
1746 2462 2022 2516 intuetur.

2334 2496 2450 2539 νοῶν
2480 2492 2536 2540 τὸ
2566 2488 2740 2543 καλὸν.
3323 2507 3325 2510 ‘

625 2556 787 2610 Vers.
830 2555 917 2610 15.
970 2554 1226 2610 Videntes
1263 2584 1332 2593 —
1368 2551 1663 2622 indignati
1699 2555 1856 2605 sunt.
1898 2547 2216 2620 Dispensa-

2394 2573 2607 2637 Ἰδόντες
2681 2608 2747 2617 --
2815 2578 3208 2648 ἠγανάκτησαν.
3272 2576 3626 2650 ⁹ῼχονόμησεν
3679 2581 3705 2631 ὁ
3773 2583 3928 2649 Θεὸς,

552 2644 701 2701 torio
739 2644 1040 2700 ordinavit
1079 2644 1253 2706 Deus,
1310 2646 1377 2698 ut
1413 2641 1579 2713 pueri
1618 2654 1861 2712 quoque
1901 2637 2215 2693 laudarent

2334 2670 2411 2718 ιαὶ
2447 2670 2568 2727 τοὺς
2617 2663 2816 2728 παῖδας
2861 2667 3094 2738 ὑμνῆσαι
3144 2666 3322 2735 αὑτὸν,
3376 2668 3459 2719 ἵνα
3504 2670 3679 2730 πάσης
3726 2667 3929 2722 ἀντιλο-

554 2748 733 2790 eum:
768 2748 890 2804 quo
930 2732 1009 2788 ab
1047 2732 1213 2787 omni
1253 2730 1719 2787 contradictione
1758 2726 2213 2783 excluderentur

2334 2760 2440 2822 νίας
2493 2753 2902 2807 ἀποκλεισθῶσιν
2950 2751 3224 2822 Ἰουδαῖοι,
3282 2754 3551 2828 βλέποντες
3606 2757 3672 2807 τὰ
3728 2759 3925 2827 ἔκγονα

549 2821 762 2888 Judaai,
795 2822 1066 2878 videntes
1092 2819 1249 2876 ﬁlios
1281 2818 1384 2891 qui
1414 2818 1577 2890 apud
1608 2832 1669 2872 se
1709 2815 1944 2874 fuerant
1974 2815 2208 2868 enutriti

2334 2844 2509 2909 ιύτών,
2559 2847 2626 2896 τὰ
2667 2845 2789 2918 παρ’
2831 2843 3008 2905 αὐτοῖς
3056 2848 3342 2917 τρεφόμενα
3399 2850 3485 2896 καὶ
3533 2838 3910 2915 παιδευόμενοι,

550 2926 623 2966 ac
651 2910 945 2975 instructi,
978 2908 1321 2964 mirabiliter
1350 2924 1421 2963 ac
1451 2903 1981 2977 supernaturaliter
2013 2907 2206 2958 motos

2334 2936 2586 3005 ιινούμενα
2628 2935 2753 3007 πρὸς
2809 2933 2965 3005 ὕμνον
3012 2940 3103 2985 τοῦ
3161 2940 3397 3008 Χριστοῦ
3453 2928 3753 3007 παραδόξως
3815 2937 3908 2985 καὶ

546 2999 628 3056 ad
666 2999 873 3056 Christi
910 2998 1173 3055 laudem.
1222 2998 1435 3051 Verum
1474 2994 1555 3050 illi
1585 3000 1721 3050 sunt
1753 3009 1827 3049 ex
1862 2992 1977 3047 hoc
2018 2990 2204 3046 multo

2460 2990 2469 3005 ,
2667 2990 2676 3007 ι
2738 2990 2750 2993 _
2843 2990 2853 3005 ,
3210 2990 3219 3008 ,
3528 2990 3538 3007 ,
3672 2990 3685 2995 -
3740 2990 3750 2992 ν

2334 3030 2608 3095 ιπερφυῶςο
2664 3024 2712 3073 οἱ
2762 3018 2822 3074 δὲ
2871 3018 3215 3096 σφοδρότερον
3267 3021 3454 3077 μᾶλλον
3496 3020 3914 3094 ἀναισχυντοῦσι

548 3088 1039 3161 impudentiores,
1068 3091 1248 3159 atque
1276 3084 1501 3142 invidia
1529 3083 1753 3155 dirupti
1792 3082 2118 3138 insaniunt.

2226 3170 2244 3226 t

2334 3082 2495 3181 :ailr'rp
2534 3112 2701 3182 φθόνῳ
2733 3106 2768 3162 δ
2774 3082 3176 3184 ιαρῥηγνύμενοι
3206 3115 3499 3183 μαίνονται.

1194 3260 1881 3283 ,ἠλεηκμ-ηλῃηηκ
1918 3258 2196 3283 ,κη-Μ-
2230 3215 2268 3227 “
2381 3221 2482 3270 Καὶ
2542 3248 2605 3258 —-
2662 3216 2944 3283 λέιγουσιν;
2998 3216 3070 3269 Ὠ
3121 3225 3211 3278 τῆς
3271 3215 3587 3280 ἀναιδείαςῐ
3638 3220 3723 3270 τὸν
3770 3225 3914 3283 Χρι-

619 3269 781 3323 Vers.
810 3266 899 3322 16.
921 3265 1001 3322 Et
1038 3296 1107 3305 —-
1141 3265 1300 3320 dicnt
1326 3263 1355 3318 ‘I
1385 3264 1428 3319 Ο
1450 3260 1884 3333 impudentiam
1918 3258 2199 3330 laaquum

619 3356 739 3381 ιε.--
785 3362 902 3381 -..ηε
956 3360 1014 3381 .-ι
1064 3354 1275 3381 ,ιεΑλ-Αι
1323 3354 1401 3381 ηε...
1456 3352 1713 3381 ριιηέηιηο
1741 3367 1753 3380 .
1798 3348 2013 3381 itu/lilio
2058 3348 2195 3381 ηιιίιῖ

2381 3221 2482 3270 Καὶ
2542 3248 2605 3258 —-
2662 3216 2944 3288 λέιγουσιν;
2998 3216 3070 3269 Ὠ
3121 3225 3211 3278 τῆς
3271 3216 3587 3280 ἀναιδείαςῐ
3638 3220 3723 3270 τὸν
3770 3225 3914 3291 Χρι-

2334 3308 2432 3357 πτόν
2498 3305 2634 3366 εἰκὸς
2704 3302 2765 3364 ἧν
2843 3306 3000 3359 εἰπεῖν
3077 3308 3202 3381 πρὸξ
3281 3306 3488 3375 αύτούς,
3557 3306 3793 3360 Ἀκούετε
3861 3310 3916 3359 τί

542 3356 740 3428 potius
781 3362 907 3413 erat
956 3360 1020 3411 ut
1060 3354 1278 3411 diceret
1321 3354 1403 3409 eis
1455 3352 1754 3408 Christus:
1788 3348 2015 3405 Auditis
2058 3348 2200 3419 quid

545 3443 746 3468 2:-.-_;
776 3444 831 3468 1.:
871 3444 974 3468 121::
1012 3443 1188 3468 ..--ι..;
1243 3443 1340 3468 -..ε
1389 3458 1482 3468 ...Α
1522 3454 1829 3468 ...πυ-...πη
1881 3436 2201 3468 ..ἕλη-ιιιηιι)

2334 3348 2430 3357 ν.--
2498 3348 2634 3366 -.πη
2707 3348 2762 3364 .,-
2843 3348 2997 3359 -.,...-
3081 3348 3200 3381 ..Γπ
3281 3348 3488 3375 ..-.--,,
3573 3348 3793 3360 .-.η-υ-
3869 3348 3914 3359 ..

2338 3394 2450 3446 ὖτοι
2507 3398 2764 3466 λέγουσιν,
2824 3396 2873 3447 οἱ
2922 3391 3109 3456 παῖδας
3167 3396 3329 3468 ὑμῶν,
3402 3398 3453 3448 οἱ
3516 3392 3783 3468 μηδέποτέ
3846 3414 3914 3468 με

542 3443 750 3500 dicunt
776 3444 834 3500 hi
871 3444 979 3500 ﬁlii
1012 3443 1210 3508 vestri,
1239 3443 1343 3515 qui
1389 3458 1484 3498 me
1522 3454 1833 3511 nunquam
1881 3436 2201 3493 viderunt?

2473 3540 2482 3554 ι
2638 3530 2656 3554 θ

613 3585 776 3639 Vers.
818 3589 899 3638 16.
930 3585 1092 3639 Iesus
1114 3588 1310 3639 autem
1334 3614 1403 3623 —
1431 3583 1651 3653 utique.
1686 3580 1963 3644 Omnino,
1987 3578 2191 3649 inquit,

2373 3591 2431 3641 Ὀ
2482 3586 2541 3642 δὲ
2589 3589 2791 3650 Ἰησοῦς
2851 3619 2916 3628 -
2971 3594 3075 3645 ναί.
3126 3594 3250 3658 Ναὶ,
3310 3594 3497 3663 φησὶν,
3551 3590 3741 3644 ἀκούω.
3804 3594 3912 3642 Καὶ

541 3671 744 3728 audio.
781 3675 843 3727 Et
881 3673 1023 3744 quia
1063 3672 1389 3745 plurimum
1427 3670 1804 3743 impudentes
1843 3672 2011 3724 erant
2049 3668 2196 3723 sicut

2334 3685 2409 3732 πεὶ
2463 3681 2594 3751 (4-7),
2657 3681 2725 3741 ὡς
2782 3680 2989 3751 ἔφημεν,
3055 3676 3263 3754 σφόδρα
3319 3681 3726 3752 ᾑναισχυντουν,
3787 3676 3906 3730 im-

538 3760 820 3829 diximus,
841 3761 1237 3833 increpatoria
1250 3777 1393 3815 usus
1410 3764 1498 3815 est
1517 3759 1931 3832 responsione,
1948 3757 2152 3813 dicens
2176 3775 2188 3813 :

2334 3768 2714 3840 ’ληκτικώτερον
2735 3771 2996 3840 κέχρηται
3024 3776 3086 3840 τῇ
3129 3766 3387 3841 ἀπολογίᾳ
3414 3769 3592 3840 λέγων·

606 3854 766 3909 Vers.
812 3858 895 3909 17.
943 3853 1260 3925 Nunquam
1299 3884 1368 3892 —
1410 3851 1693 3908 laudem?
1738 3850 1921 3906 David
1963 3848 2190 3905 dictum

2372 3854 2637 3910 Ούδέποτε
2689 3888 2758 3895 -
2815 3853 2954 3908 αἶνον
2999 3873 3012 3922 ;
3062 3863 3165 3909 Τοῦ
3236 3854 3404 3909 Δαυῖδ
3455 3861 3546 3930 μὲν
3599 3860 3657 3909 τὸ
3714 3858 3900 3932 ῥητὸν,

536 3947 642 4011 est,
675 3960 796 4016 quo
820 3959 891 3999 ea
910 3960 1045 4016 quas
1078 3949 1215 3999 tunc
1233 3943 1453 3998 ﬁebant
1482 3941 1960 4013 prophetaverat.
1984 3940 2188 4011 Itaque

2334 3951 2609 4019 ηροεφήτευε
2656 3941 2716 3997 δέ
2770 3948 2836 3997 τά
2879 3954 3167 4004 τηνικαῦτα
3205 3950 3470 4019 γινόμενα.
3511 3945 3902 4004 Ἐκπληκτικώ-

534 4037 775 4103 stupore
823 4032 1239 4102 plenissimum
1295 4039 1381 4085 est
1427 4030 1541 4085 hoc
1590 4028 1970 4085 miraculum.
2026 4030 2187 4084 Tunc

2334 4056 2446 4088 ατον
2512 4031 2600 4087 οὖν
2665 4038 2723 4087 τὸ
2795 4041 3027 4087 τοιοῦτον
3088 4036 3280 4108 θαῦμα.
3338 4040 3466 4088 Τότε
3524 4038 3626 4110 γὰρ
3691 4044 3899 4109 πρῶτον

533 4121 693 4175 enim
741 4120 956 4174 chorus
1002 4134 1326 4190 puerorum
1356 4119 1699 4172 lactentium
1739 4117 1892 4172 clare
1950 4115 2184 4171 locutus

2339 4127 2453 4198 ορὸς
2502 4120 2707 4176 παίδων
2761 4124 3064 4196 ύπομαζίων
3120 4132 3314 4197 τρανῶς
3370 4123 3670 4196 ἐφθέγξατο.
3750 4122 3897 4178 Ούδὶ

531 4211 637 4262 est.
686 4206 994 4276 Siquidem
1044 4222 1161 4259 non
1213 4204 1553 4274 simpliciter
1612 4205 1776 4274 pueri
1833 4209 2021 4267 erant,
2078 4204 2182 4260 sed

2334 4214 2391 4284 ἀρ
2446 4212 2619 4273 ἁπλῶς
2675 4209 2809 4271 ἦσαν
2874 4209 3077 4279 παῖδες,
3136 4212 3263 4265 ἀλλά
3315 4209 3503 4276 παῖδες
3557 4218 3740 4271 νήπιοι
3802 4219 3891 4267 καὶ

525 4294 690 4365 pueri
728 4294 984 4347 infantes
1021 4309 1090 4347 ac
1120 4292 1422 4347 lactentes.
1457 4292 1746 4346 Perfecisti
1779 4307 1939 4357 vero,
1974 4292 2031 4346 id
2074 4296 2179 4358 est,

2334 4299 2618 4364 ηλάζοντες.
2676 4306 2986 4376 Κατηρτίσω
3033 4298 3110 4369 δὲ,
3161 4300 3271 4354 ἀντὶ
3324 4310 3430 4370 τοῦ,
3480 4301 3667 4355 τέλειον
3711 4301 3891 4362 ἕποίη·

522 4380 852 4454 perfectum
886 4397 957 4436 ex
998 4381 1344 4452 imperfecto
1384 4398 1484 4437 ore
1526 4381 1733 4436 fecisti.
1780 4383 1931 4437 Bene
1979 4387 2177 4437 autem

2334 4410 2389 4451 a;
2427 4389 2480 4453 ἐξ
2523 4389 2731 4453 ἀτελοῦς
2778 4396 3055 4463 στόματος.
3110 4391 3292 4453 Καλῶς
3331 4388 3389 4444 δὲ
3432 4389 3588 4453 εἶπεν,
3633 4392 3719 4446 Ἐκ
3770 4398 3889 4446 στὸ-

520 4469 705 4525 dixit:
732 4472 830 4527 Ex
850 4486 949 4527 ore
970 4471 1282 4540 infantium
1307 4488 1320 4537 ;
1343 4487 1486 4526 nam
1510 4488 1577 4526 os
1602 4477 1725 4527 erat
1745 4470 2084 4527 infantium.
2116 4473 2174 4529 id
2210 4525 2244 4578 Π

2334 4500 2448 4542 ατος
2492 4485 2707 4538 νηπίων.
2762 4483 2831 4531 Τὸ
2887 4500 3058 4553 στομα
3100 4483 3200 4555 γὰρ
3239 4478 3298 4538 ἦν
3327 4489 3423 4532 τῶν
3466 4486 3683 4539 νηπίων·
3724 4486 3782 4533 τὸ
3825 4480 3886 4534 δε

516 4566 718 4616 autem
756 4561 922 4633 quod
953 4561 1279 4626 dicebatur,
1323 4562 1595 4632 potentiae
1626 4562 1811 4634 ipsius
1851 4567 1996 4626 erat,
2037 4580 2173 4634 quas
2210 4561 2244 4578 “

2335 4575 2569 4643 γὸμενον,
2616 4578 2707 4630 τῆς
2760 4566 3025 4640 δυνάμεως
3073 4571 3252 4638 αὐτοῦ,
3299 4573 3591 4642 τρανούσης
3625 4570 3734 4639 (48)
3784 4574 3878 4627 τὴν

513 4650 794 4705 disertam
810 4650 1099 4706 reddebat
1115 4652 1498 4707 immaturam
1519 4651 1859 4707 lactentium
1879 4652 2166 4721 linguam.

2334 4679 2445 4733 ορον
2510 4658 2751 4730 γλῶσσαν
2803 4668 2903 4710 τῶν
2963 4659 3307 4720 θηλαζόννων,
3369 4659 3869 4731 Ἐθαυματουργήθη

510 4739 574 4793 Et
603 4740 718 4796 hoc
738 4756 975 4813 quoque
1002 4740 1358 4797 miraculose
1387 4741 1608 4797 factum
1637 4746 1724 4797 est
1750 4741 1827 4797 ad
1849 4740 2167 4812 discipulo-

2334 4769 2337 4795 έ
2394 4757 2544 4801 τοῦτο
2596 4753 2685 4800 καὶ
2736 4751 2867 4821 πρὸς
2917 4747 3250 4821 παράκλησιν
3314 4756 3411 4800 τῶν
3469 4749 3728 4821 μαθητῶν,
3782 4749 3874 4799 ἶνα

506 4845 639 4885 rum
658 4830 1149 4896 consolatiouem,
1176 4836 1239 4886 ut
1258 4830 1332 4887 de
1359 4831 1565 4903 seipsis
1589 4830 1973 4896 conﬁderent,
1998 4833 2164 4903 quod

2334 4836 2611 4910 εῤῥήσωσιν
2686 4838 2812 4910 ὑπὲρ
2866 4836 3079 4906 ἱαυτῶν,
3150 4840 3218 4899 ὡς
3275 4838 3302 4888 ὁ
3366 4841 3461 4895 τὴν
3525 4834 3876 4907 ψελλίζουσαν

502 4919 607 4990 qui
623 4919 911 4977 disertam
928 4918 1589 4976 feceratbalbutientem
1603 4919 1894 4990 linguam,
1932 4921 2163 4992 sapien-

2335 4934 2512 4978 ῶσσαν
2559 4931 2849 4999 τρανώσας,
2913 4930 3118 4999 σοφίσαι
3171 4931 3260 4978 καὶ
3311 4929 3406 4984 τὴν
3461 4925 3725 4978 ἱδιωτιίαν
3784 4926 3874 4979 αύ-

503 5011 621 5062 tem
658 5009 833 5063 etiam
862 5011 1128 5065 facturus
1157 5012 1287 5065 erat
1314 5024 1524 5065 eorum
1554 5006 1894 5064 ruditatem.
1940 5011 2076 5066 Erat
2104 5015 2161 5068 et

2334 5034 2387 5071 ην.
2437 5013 2534 5066 Ἦν
2566 5010 2625 5067 δε
2654 5021 2805 5067 τοῦτο
2850 5019 2940 5067 καὶ
2978 5016 3135 5075 τύπος
3168 5023 3267 5066 τῶν
3311 5013 3466 5066 ἐθνῶν
3497 5015 3533 5066 ἂ
3559 5013 3878 5086 ψελλὶζοντα

495 5092 613 5151 hoc
635 5094 830 5167 ﬁgura
859 5096 1146 5166 gentium,
1178 5113 1316 5169 quas
1341 5113 1480 5154 cum
1510 5096 1590 5154 ad
1609 5096 1972 5169 theologiam
1995 5102 2051 5156 et
2072 5099 2157 5156 di-

2338 5106 2390 5164 ὀς
2470 5102 2756 5176 θεολογίαν,
2847 5100 3110 5177 αἰφνίδιον
3193 5106 3414 5176 ἤχησαν
3504 5102 3693 5156 ratio»
3783 5109 3876 5157 καὶ

492 5182 635 5240 vina
663 5184 849 5241 verba
884 5183 1268 5253 balbutirent,
1308 5191 1550 5258 repente
1586 5187 1671 5243 ita
1698 5187 1954 5260 perfecte
1993 5204 2151 5247 reso-

2334 5193 2598 5248 ίκουστον.

504 5276 749 5341 narunt,
779 5276 845 5328 ut
876 5272 957 5329 ab
988 5272 1271 5330 omnibus
1300 5275 1573 5332 exaudiri
1601 5281 1864 5349 possent.

557 5396 607 5431 7°
642 5395 856 5454 Jerem.
887 5413 983 5464 vn,
1020 5402 1112 5457 11.

1733 5507 1951 5576 νεικείω
1988 5509 2317 5577 lectiones
2359 5519 2427 5576 et
2463 5517 2668 5577 notae.

544 5626 669 5774 ἔιθῖ
699 5630 782 5695 Δί,
812 5627 1135 5703 interponit
1160 5634 1230 5687 A.

570 5702 638 5757 47
691 5697 934 5769 Ἐπειδή,
957 5717 1070 5774 pro
1106 5706 1235 5771 ἐπεί,
1267 5705 1334 5759 Α.

2334 5632 2422 5707 48)
2448 5637 2529 5705 Δέ,
2562 5633 2731 5691 addit
2759 5637 2828 5692 Α.

570 5697 666 5774 47)
691 5697 934 5769 Ἐπειδὴ,
957 5697 1070 5776 pro
1106 5706 1235 5771 ἐπεί,
1267 5705 1334 5759 Α.
