4186 6318
322 349 437 407 55⁸7

1309 346 1663 406 COMMENT.
1707 346 1775 401 IN
1813 344 2247 401 MATTHAEUM.
2289 377 2356 389 --
2387 348 2543 404 CAP.
2574 347 2721 403 XXI.

3579 355 3685 409 558

407 488 513 536 Καὶ
568 513 630 523 -
686 479 802 532 ἐκεῖ.
848 477 1077 544 Ἐξῆλθε,
1143 479 1320 551 χαλῶν
1406 478 1581 538 αύτοίς
1637 479 1723 527 τὸν
1775 479 1921 545 ὄγκον

2106 473 2269 529 Vers.
2298 479 2380 529 17.
2410 475 2489 528 Et
2507 505 2575 515 -
2594 473 2743 532 illic.
2773 474 2975 531 Exivit
3004 476 3067 531 ut
3105 473 3355 532 affectus
3385 479 3683 535 tumorem

327 579 425 623 τοῦ
462 572 667 634 πάθους,
717 573 807 619 καὶ
870 568 1120 621 σϐεννύων
1169 573 1261 626 τὴν
1305 570 1565 639 πυρκαῑοω
1609 573 1699 618 τοῦ
1739 568 1924 637 φθόνου

331 661 512 713 αὐτῶν.

529 822 677 870 ΚΕΦ.
711 817 843 874 ΜΖ’.
870 823 993 892 Περί
1016 828 1112 880 τῆς
1142 820 1480 892 ξηρανθείσης
1511 826 1696 881 συκῆς.

387 988 592 1059 Πρωῐας
665 1020 736 1029 -—
824 998 980 1048 συκῆ.
1049 990 1187 1043 Ἐπεὶ
1271 995 1362 1048 τὴν
1438 993 1527 1062 μὲν
1604 990 1921 1064 εύεργετικὴν

313 1074 475 1128 αὑτοῦ
535 1074 762 1151 δύναμιν
812 1079 1053 1141 πολλάκις
1111 1077 1403 1143 ἐπεδείξατο
1463 1100 1474 1112 ⁸

317 1170 541 1239 ρητικήν
596 1165 709 1220 ούὸ⁹
766 1168 923 1235 ἅπαξ,

1538 1085 1630 1138 τὴν
1666 1076 1720 1132 δὲ
1765 1101 1923 1151 τιμω-

978 1167 1145 1231 δείξαι
1201 1170 1377 1222 λοιπόν
1411 1174 1500 1221 καὶ
1557 1171 1750 1226 ταύτην
1799 1168 1922 1241 βου-

319 1256 520 1327 ληθεὶς,
570 1258 651 1309 ἶνα
700 1257 1031 1332 θαρρήσωσιν
1102 1261 1151 1311 οὶ
1204 1261 1437 1330 μαθηταὶ
1484 1258 1772 1322 κάντεῦθεν,
1842 1261 1922 1311 ὅτι

331 1342 549 1406 δυνατός
605 1347 741 1398 ἐστιν
795 1346 1099 1418 ἀμύνασθαι
1162 1353 1279 1408 τοὺς
1327 1347 1749 1408 ἐπιϐουλεύοντας
1796 1347 1923 1401 Ἰου-

328 1432 529 1499 δαίους,
593 1442 681 1486 καὶ
730 1438 808 1488 ὅτι
855 1437 947 1488 ούκ
1003 1438 1064 1487 ἄν
1108 1457 1230 1489 ποτε
1282 1440 1459 1503 πάθοι,
1502 1442 1571 1509 μὴ
1626 1437 1797 1500 θελων,
1851 1436 1922 1498 εἰς

321 1524 588 1595 ἄνθρωπον
644 1528 734 1596 μὲν
805 1526 897 1577 ούκ
936 1522 1291 1578 ἐπιδείκνυται
1352 1530 1566 1591 ταύτην,
1625 1530 1693 1586 ὡς
1746 1526 1919 1597 φιλάν-

321 1612 543 1685 θρωπος,
596 1614 661 1674 εἰς
690 1618 746 1666 τὸ
778 1619 933 1687 φυτὸν
985 1612 1062 1668 δέ.
1103 1619 1189 1667 Διὸ
1242 1620 1330 1667 καὶ
1363 1616 1757 1687 σχηματίζεται
1802 1616 1918 1685 (49)

316 1707 514 1771 πεινᾷν,
564 1707 653 1754 καὶ
696 1707 908 1777 ἔρχεται
940 1708 1069 1779 πρὸς
1120 1710 1213 1762 τὴν
1264 1712 1448 1770 συκῆν,
1498 1704 1541 1755 εἰ
1569 1705 1673 1777 ἄρα
1711 1704 1920 1774 εὑρήσει

315 1808 367 1841 τι
426 1790 474 1842 ἒν
532 1792 687 1865 αὐτῇ,
736 1796 910 1854 καθὼς
964 1791 1072 1845 εἶπε
1125 1795 1357 1867 Μάρκος,
1405 1797 1578 1843 καίτοι
1629 1798 1915 1862 γινώσκων,
1952 1821 1996 1875 B

316 1880 384 1941 ὡς
416 1879 520 1951 ούχ
551 1882 780 1954 εὑρήσει.
830 1888 930 1935 Καὶ
986 1890 1139 1934 τοῦτο
1167 1885 1266 1953 γὰρ
1322 1882 1477 1943 αὐτὸς
1527 1881 1676 1941 οὗτος
1714 1883 1739 1931 ὁ
1770 1884 1921 1955 Μάρ-

315 1988 402 2029 κος
458 1972 649 2042 εἴρηκε,
719 1973 963 2044 προσθείς
1020 1990 1032 2003 ·
1094 1973 1174 2023 ὅτι
1228 1972 1337 2023 Ούκ
1382 1968 1443 2029 ἧν
1494 1974 1672 2043 καιρὸς
1726 1972 1915 2022 σύκων.

318 2063 418 2111 Καὶ
470 2066 637 2111 ταῦτα
691 2060 975 2112 πλάττεται
1018 2064 1128 2112 κατ’
1179 2061 1493 2132 οἰκονομὶαν,
1558 2062 1639 2111 ἵνα
1695 2059 1917 2132 εύαφόρ-

308 2170 422 2221 μως
474 2148 559 2200 ἐπὶ
626 2153 721 2207 τὴν
780 2151 1201 2224 θαυματουργίαν
1250 2150 1391 2223 ἔλθη.
1443 2154 1542 2202 Καὶ
1593 2148 1729 2220 λόγῳ
1781 2152 1918 2220 μόνῳ

308 2236 541 2311 ξηραίνει
795 2243 887 2296 τὴν
940 2247 1131 2309 ουκῆν,
1188 2244 1277 2291 καὶ
1331 2235 1525 2291 δείκνσι
1613 2242 1707 2296 τὴν
1759 2257 1919 2310 τιμω-

303 2331 525 2401 ρητικὴν
558 2327 719 2379 αὐτοῦ
769 2324 1012 2401 δύναμιν,
1054 2332 1121 2389 ὡς
1165 2325 1226 2386 ἧν
1277 2330 1417 2399 αύτῷ
1467 2330 1681 2387 σκοπός,
1718 2328 1917 2399 Ξηραί-

299 2436 376 2469 νει
406 2412 464 2468 δε
523 2419 581 2469 τό
632 2418 905 2489 ὑγρότερον
934 2425 1034 2469 τῶν
1084 2417 1248 2469 ἄλλων
1278 2426 1466 2489 φυτῶν,
1502 2418 1585 2469 ἶνα
1624 2421 1713 2468 καὶ
1741 2417 1917 2489 μεῖζον

953 2511 1038 2565 Μὴ
1116 2512 1287 2559 τοίνυν
1343 2505 1704 2579 ἀκριϐολογοῦ,
1770 2504 1917 2559 διατί

300 2600 653 2668 τετιμώρηται
698 2599 758 2648 τὸ
808 2600 980 2668 φυτὸν,
1034 2595 1261 2649 ἀναίτιον
1321 2600 1391 2661 ἄν,
1446 2595 1573 2648 ἀλλὰ
1630 2600 1783 2667 μόνον
1822 2598 1919 2669 ὅρα

298 2510 361 2559 τό
415 2508 589 2579 θαῦμα
639 2511 872 2578 γένηται.

299 2688 362 2737 τὸ
403 2686 596 2757 θαῦμα,
651 2690 740 2737 καὶ
800 2686 1033 2757 θαύμαζε
1088 2689 1173 2737 τὸν
1229 2688 1644 2760 θαυματουργόνο
1685 2691 1916 2758 Τετιμὼ-

301 2793 467 2847 ρηται
518 2777 617 2848 γὰρ
701 2774 839 2844 (51),

304 2866 551 2935 μάθωσιν
582 2864 630 2914 οἱ
661 2861 1077 2927 ἀκολουθοῦντες,
1124 2864 1202 2915 ὅτι
1232 2868 1319 2916 καὶ
1366 2864 1599 2928 κολάζειν
1627 2867 1652 2916 ὁ
1678 2868 1912 2937 Χριστὸς

312 2948 562 3002 δύναται.

919 2774 1020 2844 ούχ
1107 2776 1176 2835 ὡς
1262 2774 1593 2851 ἁμαρτῆσαν,
1651 2774 1756 2826 ἀλλ’
1836 2777 1918 2827 ἵνα

390 3183 549 3248 [Συκῆ
584 3180 719 3251 (52),
750 3180 951 3252 φύλλοις
976 3190 1194 3254 κομῶσα
1226 3188 1423 3255 μόνοις,
1456 3186 1485 3242 ἡ
1528 3194 1627 3236 τῶν
1653 3183 1913 3238 Ἰουδοίων
1949 3167 1991 3224 C

310 3273 613 3341 Συναγωγὴ,
696 3274 892 3342 καρπὸν
967 3274 1056 3342 μεν
1116 3269 1457 3335 δικαιοσύνης
1542 3274 1636 3326 οὐκ
1690 3277 1911 3347 ἔχουσα,

300 3364 467 3433 μόνην
558 3356 616 3412 δε
664 3364 756 3417 την
837 3368 936 3411 τῶν
984 3361 1379 3432 πεπλανημένων
1438 3363 1575 3420 ἠθῶν
1643 3360 1914 3434 ἐπίδειξιν,

300 3452 369 3508 ὡς
418 3448 597 3520 φύλλα,
657 3447 1065 3522 προϐαλλομένη.
1108 3448 1173 3501 Ἢ
1228 3455 1316 3501 καὶ
1346 3449 1528 3512 ἄλλως,
1582 3453 1612 3509 ἡ
1660 3452 1708 3502 ἐν
1742 3459 1917 3514 σκιαῖς

297 3542 409 3590 ’καὶ
458 3540 639 3599 τύποις
692 3546 1008 3608 σωματικοῖς
1059 3545 1151 3590 τοῦ
1216 3544 1373 3612 νόμου
1430 3539 1656 3615 λατρεία,
1711 3546 1798 3594 καὶ
1852 3546 1917 3596 τὰ

302 3622 568 3680 Ιουδαίκὰ
605 3628 1079 3701 παρατηρήματα.]

378 3720 479 3768 Καὶ
534 3746 603 3756 -
657 3725 842 3783 cum};
904 3713 1144 3783 Ἰδόντες,
1231 3717 1324 3769 οὐκ
1378 3718 1587 3773 αὐτίκα.
1664 3719 1795 3771 ἀλλὰ
1849 3730 1909 3793 τῇ

300 3804 568 3881 ἐπαύριον.
637 3810 790 3877 Λέγει
867 3808 967 3879 γὰρ
1036 3809 1061 3858 ὁ
1116 3809 1347 3881 Μάρκος,
1411 3810 1491 3860 ὅτι
1546 3814 1646 3861 Καὶ
1690 3814 1771 3862 ὅτε
1818 3810 1912 3881 ἀψὲ

298 3894 517 3966 εγενετο,
574 3896 895 3969 ἐξεπορεύετο
973 3896 1067 3958 ἔξω
1150 3905 1243 3958 τῆς
1321 3896 1531 3959 πόλεως·
1598 3904 1695 3951 Καὶ
1774 3903 1912 3972 πρωΐ

922 3981 1059 4037 εἶδον
1166 3991 1258 4044 τὴν
1371 3996 1535 4047 συκῆν
1614 3989 1908 4062 ἐξηραμμέ-

867 4079 966 4128 Καὶ
1033 4074 1381 4147 ἀναμνησθεὶς
1442 4078 1467 4128 ό
1527 4083 1720 4151 Πέτρος
1776 4079 1909 4151 λέγει

802 4166 828 4217 ὅ
914 4164 1051 4233 ἐστι,
1116 4161 1428 4234 διδάσκαλε,
1515 4164 1598 4220 ῖδε
1655 4169 1685 4225 ἡ
1748 4178 1905 4237 συκῆ,

823 4253 1117 4329 ἐξήρανται.
1214 4255 1590 4327 ’Λναμνησθεὶς
1638 4260 1739 4332 γὰρ
1816 4266 1907 4320 τῆς

295 4347 552 4417 κατάρας,
586 4340 775 4405 ἔδειξεν
802 4343 942 4413 αύτῷ
970 4348 1063 4401 τὴν
1098 4351 1283 4403 συκῆν.

1231 3717 1324 3769 οὐκ
1378 3718 1587 3773 αὐτίκα.

296 3990 804 4058 παραπορευόμενοι,
922 3990 1059 4037 εἱδον
1166 3991 1258 4044 τὴν

296 4094 406 4146 μην
469 4074 523 4127 ἔκ
601 4075 780 4149 ῥιζῶν.

297 4165 463 4236 αὐτῷ·
523 4164 720 4232 Ῥαϐϐὶ,

296 4257 362 4314 ἦν
416 4256 724 4329 κατηράσω,

371 4434 702 4505 Ἀποκριθεὶς
808 4463 873 4473 -
981 4438 1275 4503 γενήσεται.
1390 4436 1468 4490 Τὰ
1566 4437 1907 4510 παραπλήσια

294 4527 500 4584 τούτοις
572 4524 678 4575 εἶπε
742 4528 831 4575 καὶ
895 4522 941 4573 ἐν
1000 4531 1071 4573 τῶ
1119 4529 1415 4595 τριακοστῷ
1468 4527 1685 4596 πέμπτῳ
1750 4547 1904 4599 κεφα-
1934 4518 1980 4573 Π

293 4614 449 4686 λαίῳ,
500 4618 589 4666 καὶ
629 4612 861 4673 ζήτησον
912 4610 1015 4664 ἐκεῖ
1070 4616 1164 4669 τὴν
1216 4611 1482 4683 ἐξήγησιν,
1527 4609 1601 4663 δι’
1637 4614 1698 4676 ἧς
1727 4620 1906 4685 γνοίης

296 4706 362 4756 ἄν
419 4707 509 4755 καὶ
555 4710 723 4754 ταῦτα
784 4709 980 4774 σαφῶς.
1032 4703 1242 4774 Μάρκος
1302 4698 1362 4754 δέ
1414 4720 1592 4773 φησιν,
1650 4703 1907 4775 εἰρηκέναι

981 4438 1275 4503 γενήσεται.

296 4796 391 4845 τὸν
429 4792 657 4855 Ἰησοῦν,
712 4792 790 4843 ὃτι
840 4790 936 4852 Ὃς
987 4792 1047 4843 ἄν
1102 4794 1217 4864 εἴπῃ
1276 4799 1349 4862 τῷ
1413 4795 1517 4865 ὄρει
1546 4794 1733 4863 τούτῳ.
1782 4798 1907 4863 Ἀρ-

300 4884 449 4950 θητι,
538 4884 626 4932 καὶ
710 4877 933 4951 βλήθητι
1026 4880 1093 4941 εἰς
1168 4886 1261 4938 την
1344 4880 1629 4933 θάλασσαν·
1692 4886 1903 4954 καὶμὴ

296 4969 551 5045 διακριθῇ
639 4969 688 5021 ἐν
768 4977 831 5043 τῇ
908 4966 1107 5043 καρδίᾳ
1185 4969 1366 5034 αὐτοῦ,
1448 4968 1576 5021 ἀλλὰ
1644 4974 1903 5043 πιστεύσῃ

294 5062 380 5115 ὃτι
456 5062 491 5114 ἄ
527 5060 661 5133 λέγει
758 5063 976 5131 γίνεται,
1056 5059 1206 5113 ἔσται
1277 5057 1419 5129 αύτῷ
1505 5057 1533 5110 ὃ
1615 5057 1701 5113 ἰὰν
1764 5063 1902 5132 εἴπῃ·

368 5242 417 5277 ⁸ο
448 5240 621 5296 Marc.
651 5253 732 5305 x1,
770 5237 856 5295 12.

934 5237 980 5273 ⁸1
1007 5235 1167 5295 ibid.
1204 5238 1293 5293 13.
1372 5236 1420 5273 ⁸³
1448 5236 1622 5292 Marc.
1650 5252 1727 5302 x1,
1762 5236 1945 5292 19-23.

2035 562 2097 617 in
2116 562 2232 617 illis
2244 563 2581 631 remitteret,
2594 568 2980 620 etaccensum
2993 563 3230 620 invidia:
3243 580 3451 621 eorum
3478 565 3682 638 ignem

2034 651 2448 722 exstingueret.

2300 809 2455 868 CAP.
2489 811 2697 868 XLVII.
2725 812 2809 869 De
2834 813 2955 882 ﬁcu
2983 828 3109 885 quae
3145 813 3404 870 exaruit.

2102 973 2258 1026 Vers.
2292 970 2375 1036 18,
2407 972 2578 1027 Mane
2604 1004 2670 1013 —
2694 974 2846 1028 Vers.
2880 974 2967 1027 19.
2988 972 3319 1040 ﬁcus.Quia
3343 973 3682 1047 frequenter

2030 1059 2549 1117 demonstraverat
2604 1062 2929 1133 potentiam
2988 1078 3176 1127 suam,
3234 1078 3358 1133 qua
3398 1063 3686 1120 beneﬁcia

2032 1151 2377 1220 priestabat,
2416 1165 2688 1206 severam
2718 1156 2916 1208 autem
2969 1158 3024 1207 et
3067 1151 3307 1207 ultionis
3337 1151 3683 1209 inﬂictivam

2031 1253 2105 1292 ne
2138 1238 2319 1294 semel
2374 1239 2639 1311 quidem,
2682 1241 2811 1310 jam
2865 1241 3043 1296 etiam
3100 1241 3510 1297 demonstrare
3550 1258 3683 1298 eam

2029 1327 2299 1396 intendit,
2334 1334 2395 1383 ut
2425 1328 2519 1383 hic
2536 1344 2774 1400 quoque
2804 1329 3079 1401 discipuli
3105 1330 3493 1398 conﬁderent,
3517 1331 3685 1403 quod

2031 1420 2245 1485 potens
2272 1421 2426 1471 esset
2455 1416 2655 1471 ulcisci
2704 1416 3053 1473 insidiantes
3098 1418 3354 1482 Iudaeos,
3403 1421 3685 1490 quodque

2031 1518 2157 1558 non
2181 1508 2481 1575 pateretur
2507 1520 2629 1560 non
2660 1504 2883 1560 volens.
2942 1504 3106 1560 Hanc
3135 1512 3331 1561 autem
3386 1507 3447 1561 in
3495 1508 3685 1563 homi-

2030 1606 2169 1645 nem
2210 1607 2329 1646 non
2359 1596 2607 1655 exercet,
2634 1596 2832 1663 utpote
2864 1592 3177 1647 hominum
3210 1598 3461 1659 amator,
3491 1594 3596 1649 sed
3620 1595 3681 1650 in

2030 1678 2319 1750 plantam.
2356 1679 2493 1735 Ideo
2539 1696 2599 1735 se
2625 1680 2796 1735 ﬁnxit
2819 1681 3065 1750 esurire,
3096 1685 3153 1736 et
3180 1682 3337 1737 venit
3365 1682 3443 1737 ad
3474 1681 3676 1754 ﬁcum,

2032 1768 2083 1822 si
2108 1768 2255 1823 forte
2280 1769 2339 1824 in
2371 1784 2443 1823 ea
2479 1768 2788 1841 quidpiam
2834 1769 3147 1838 inveniret,
3182 1771 3333 1825 sicut
3362 1769 3511 1826 dixit
3536 1772 3679 1827 Mar-

2031 1872 2135 1912 cus
2163 1858 2235 1913 εο.
2286 1856 2458 1930 Atqui
2499 1858 2724 1913 sciebat
2777 1874 2838 1914 se
2867 1858 3020 1914 nihil
3048 1859 3108 1913 in
3157 1874 3229 1914 ea
3264 1859 3671 1917 inventurum.

2029 1948 2178 2001 Nam
2203 1951 2258 2002 et
2286 1946 2401 2002 hoc
2428 1946 2573 2002 dixit
2629 1949 2873 2012 Marcus,
2908 1947 3139 2003 addens
3172 1947 3340 2019 quod
3387 1963 3509 2004 non
3557 1952 3684 2005 erat

2031 2038 2263 2105 tempus
2285 2036 2510 2091 ﬁcuum
2545 2035 2613 2089 ει.
2646 2035 3076 2106 Dispensatorie
3113 2040 3303 2091 autem
3352 2036 3479 2092 hinc
3518 2035 3683 2093 efﬁn-

2028 2123 2131 2188 xit,
2166 2128 2231 2179 ut
2274 2128 2414 2195 apta
2462 2124 2772 2180 occasione
2823 2125 2902 2179 ad
2959 2124 3226 2180 miraculi
3272 2126 3682 2196 operationem

2029 2211 2377 2281 descendat,
2412 2212 2656 2284 soloque
2687 2212 2870 2269 verbo
2898 2213 3084 2269 ﬁcum
3112 2229 3377 2269 arescere
3406 2213 3607 2280 faciat,
3626 2219 3684 2272 et

2029 2317 2203 2357 suam
2232 2302 2567 2373 punitivam
2617 2303 2897 2358 ostendat
2960 2303 3309 2373 potentiam,
3360 2304 3510 2360 sicut
3551 2306 3680 2375 ejus

2028 2390 2318 2447 intentum
2348 2396 2491 2447 erat.
2521 2391 2775 2449 Arefacit
2808 2406 3044 2463 quoque
3072 2391 3358 2463 plantam,
3397 2409 3527 2464 quaa
3558 2409 3680 2465 prae

2029 2480 2251 2534 caeteris
2281 2480 2559 2550 majorem
2598 2479 2780 2536 habet
2841 2480 3181 2545 humorem,
3230 2484 3293 2535 ut
3351 2482 3547 2552 majus
3576 2484 3681 2539 ﬁat

2028 2568 2401 2625 miraculum.
2433 2572 2511 2624 Ne
2528 2584 2670 2639 ergo
2691 2568 2978 2641 inquiras,
2996 2585 3099 2624 cur
3122 2570 3333 2639 punita
3354 2570 3427 2626 sit
3450 2570 3677 2643 planta,

2028 2673 2163 2729 quae
2193 2657 2339 2713 nihil
2369 2657 2719 2723 offenderat,
2757 2659 2859 2714 sed
2922 2658 3116 2713 solum
3141 2657 3374 2714 intuere
3422 2661 3680 2716 miracu-

2025 2746 2173 2811 lum,
2206 2762 2465 2819 eumque
2497 2747 2793 2803 admirare
2838 2747 2942 2819 qui
2995 2751 3275 2817 operatus
3326 2753 3434 2804 est.
3472 2750 3677 2808 Punita

2026 2836 2208 2901 enim,
2290 2850 2414 2891 non
2492 2836 2659 2907 quod
2712 2836 3059 2907 peccaverit,
3121 2835 3226 2891 sed
3282 2840 3346 2892 ut
3388 2837 3680 2895 discerent

2026 2924 2123 2996 qui
2155 2924 2581 2997 sequebantur,
2630 2924 2797 2997 quod
2844 2924 3022 2981 etiam
3089 2924 3376 2982 ultionem
3442 2943 3678 2984 sumere

2025 3018 2227 3084 posset
2265 3014 2545 3070 Christus.

2095 3104 2137 3171 -ι-
2160 3103 2327 3158 Ficus
2358 3103 2502 3159 solis
2526 3107 2734 3160 ornata
2758 3103 2933 3169 foliis,
2960 3103 3307 3160 Judaeorum
3334 3108 3459 3160 erat
3481 3106 3676 3176 Syna-

2026 3204 2203 3261 goga,
2235 3190 2496 3246 fructum
2526 3206 2649 3247 non
2673 3192 2903 3248 habens
2926 3192 3190 3262 justitiae,
3226 3192 3331 3246 sed
3363 3198 3677 3249 consuetu-

2026 3278 2239 3333 dinum
2286 3278 2615 3335 efﬁctarum
2667 3280 3145 3346 ostentationem,
3188 3286 3479 3351 tanquam
3535 3280 3678 3337 folia

2024 3366 2379 3438 producens.
2413 3366 2508 3423 vel
2537 3368 2716 3423 etiam
2760 3367 2926 3423 aliter
2953 3384 2964 3423 :
2992 3368 3193 3424 Cultus
3218 3368 3454 3423 divinus
3481 3369 3585 3440 qui
3613 3370 3674 3425 in

2026 3455 2256 3511 umbris
2281 3460 2337 3512 et
2382 3455 2596 3527 ﬁguris
2623 3455 3033 3528 corporalibus
3090 3461 3232 3522 erat,
3292 3472 3362 3512 ac
3411 3457 3675 3514 Judaicaa

2026 3545 2493 3611 observationes,
2522 3549 2773 3617 possunt
2800 3545 2917 3601 dici
2947 3545 3094 3601 ﬁcus
3125 3544 3245 3601 illa.

2096 3654 2264 3707 Vers.
2313 3653 2403 3707 20.
2434 3654 2511 3707 Et
2544 3680 2611 3691 ——
2639 3653 2788 3721 ﬁcus
2818 3652 2846 3707 τ
2902 3652 3178 3708 Videntes
3214 3670 3226 3707 :
3287 3668 3409 3709 non
3450 3655 3671 3722 statim,

2023 3741 2128 3796 sed
2176 3741 2271 3796 die
2321 3742 2619 3813 sequenti.
2699 3742 2790 3798 Ait
2842 3742 3001 3796 enim
3057 3745 3283 3796 Marcus
3340 3759 3353 3796 :
3412 3743 3495 3797 Et
3548 3761 3675 3797 cum

2018 3832 2145 3899 jam
2156 3830 2319 3898 facta
2331 3836 2475 3886 esset
2492 3844 2755 3897 vespera,
2783 3829 3181 3900 egrediebatur
3192 3837 3365 3886 extra
3379 3830 3671 3887 civitatem

2018 3920 2099 3974 Et
2126 3933 2302 3974 mane
2345 3922 2790 3988 pratereuntes,
2849 3918 3121 3974 viderunt
3149 3920 3327 3987 ﬁcum
3376 3919 3675 3976 exaruisse

2018 4009 2322 4065 radicitus.
2380 4008 2860 4080 Recordatusque
2907 4009 3118 4063 Petrus
3166 4009 3248 4063 ait
3279 4008 3417 4063 illi:
3460 4009 3670 4073 Rabbi,

2019 4112 2149 4155 ecce
2172 4098 2309 4168 ﬁcus
2335 4113 2509 4168 quam
2541 4104 2867 4153 exsecratus
2912 4112 2990 4162 es,
3027 4097 3255 4153 exaruit
3284 4098 3352 4149 ⁸².
3384 4096 3673 4153 Recorda-

2019 4191 2112 4244 tus
2139 4187 2297 4243 enim
2328 4185 2753 4242 exsecrationis
2781 4184 3035 4241 ostendit
3068 4187 3119 4241 ei
3144 4186 3348 4243 ﬁcum.

2089 4439 2244 4491 Vers.
2279 4438 2367 4489 21.
2400 4436 2761 4506 Respondeas
2788 4468 2856 4476 —
2879 4438 2999 4506 ﬁet.
3036 4436 3261 4491 Similia
3298 4452 3535 4509 quoque
3573 4437 3667 4492 his

2015 4524 2162 4580 dixit
2204 4524 2498 4579 tricesimo
2554 4525 2761 4596 quinto
2808 4526 3019 4597 capite.
3077 4524 3283 4590 Quaere
3338 4525 3535 4596 itaque
3588 4525 3669 4580 ibi

2016 4614 2469 4677 enarrationem,
2510 4629 2613 4684 per
2642 4630 2823 4683 quam
2877 4613 3024 4668 scire
3075 4615 3130 4667 et
3169 4613 3297 4667 haec
3355 4614 3670 4670 manifeste

2016 4704 2256 4776 poteris.
2289 4704 2519 4760 Marcus
2558 4717 2701 4757 vero
2748 4703 2951 4756 Jesum
2997 4700 3212 4755 dixisse
3279 4700 3453 4757 refert
3485 4719 3498 4753 :
3534 4701 3671 4766 Qui-

2016 4808 2244 4863 cunque
2290 4790 2512 4848 dixerit
2559 4790 2750 4846 monti
2822 4786 2976 4851 huic,
3042 4788 3273 4843 Tollere
3327 4794 3383 4843 et
3439 4788 3669 4857 projice

2018 4888 2073 4938 te
2090 4882 2151 4936 in
2175 4895 2357 4947 mare,
2370 4886 2422 4937 et
2447 4895 2568 4935 non
2592 4875 2954 4935 dubitaverit
2976 4876 3036 4931 in
3053 4876 3227 4931 corde
3249 4892 3350 4932 suo
3366 4877 3468 4933 sed
3483 4878 3671 4934 credi-

2016 4970 2173 5026 derit
2198 4970 2355 5042 quod
2374 4984 2502 5041 quas
2535 4967 2679 5025 dicit
2702 4967 2840 5037 ﬁent
2872 4963 2987 5021 erit
3017 4964 3117 5020 illi
3136 4964 3393 5037 quidquit
3424 4966 3669 5024 dixerit.

2017 5061 2184 5117 Mons
2205 5060 2407 5117 autem
2424 5057 2604 5115 etiam
2624 5054 2901 5113 diabolus
2923 5053 3265 5124 intelligitur
3291 5059 3536 5130 propter
3554 5057 3671 5115 ela-

1530 5376 1756 5445 Variat
1781 5376 2113 5444 lectiones
2140 5383 2207 5442 et
2235 5384 2437 5442 notae.

346 5550 657 5643 ,(129)V1de
689 5548 848 5605 infra
900 5546 1295 5617 adeoan,1v,
1352 5555 1405 5615 7,
1452 5549 1531 5606 ad
1560 5549 1673 5607 ista
1720 5549 1854 5621 λέγει

295 5633 456 5682 αῦτῆ.

367 5682 487 5768 (ἑο)
517 5699 768 5767 Ξηραίνῃ,
808 5697 872 5751 Β.

2181 5544 2702 5676 Ilaufciiiﬁteﬁhibet
2731 5621 2980 5690 uterque
3000 5617 3191 5675 codex
3211 5618 3273 5674 in
3303 5620 3594 5689 margine.

2044 5547 2163 5691 iiii
