4186 6318
499 395 607 451 559

500 520 724 575 tionem
759 532 774 581 ;
806 521 972 566 mare
995 516 1134 559 vero
1166 497 1458 567 absyssus
1483 492 1540 544 et
1563 485 1747 542 chaos
1777 478 1902 533 sive
1931 487 2029 528 vor

501 604 735 664 inferni.

572 803 740 857 Vers.
773 799 860 852 22.
894 794 968 848 Et
1001 821 1065 830 —
1097 779 1416 852 accipietis.
1466 776 1689 830 Marcus
1717 771 1914 822 autem
1955 757 2101 814 dixit
2135 769 2148 809 :

502 849 947 962 thucecuuque
966 883 1190 935 orantes
1211 849 1406 941 petitis
1428 861 1642 921 credite
1659 855 1816 929 quod
1837 849 2149 918 accipietis,

503 989 557 1039 et
594 938 776 1037 terum
822 971 982 1029 vobis
1013 969 1081 1020 ⁸³.
1137 959 1351 1018 Omnia
1393 959 1587 1012 autem
1637 963 1752 1002 non
1809 938 2154 1011 simpliciter

503 1066 795 1136 intelligit,
823 1061 927 1118 sed
956 1071 1091 1130 quae
1117 1053 1300 1121 digna
1325 1049 1484 1102 sunt.

575 1134 726 1228 CAP:
749 1167 971 1224 XLVIII.
1000 1162 1084 1217 De
1101 1152 1474 1230 principibus
1499 1143 1871 1230 sacerdotum
1891 1143 1942 1194 et
1969 1134 2154 1190 senio-

789 1256 951 1312 ribus
1001 1247 1310 1306 Dominum
1347 1229 1866 1305 interrogantibus.

578 1371 735 1424 Vers.
791 1367 879 1418 23.
938 1360 1201 1425 Cumque
1252 1352 1372 1420 ipse
1415 1344 1630 1401 veniset
1660 1333 1958 1425 ——rhanc?
2007 1329 2158 1395 Quia

508 1451 794 1511 miracula
844 1458 1088 1517 carpere
1123 1454 1245 1496 non
1274 1434 1569 1510 poterant,
1601 1427 1675 1482 de
1705 1421 1990 1494 ejectione
2019 1432 2158 1472 con-

507 1543 836 1616 querantur
887 1546 1098 1591 eorum
1141 1527 1240 1598 qui
1287 1525 1348 1579 in
1376 1517 1599 1590 templo
1627 1511 1910 1569 emebant
1933 1524 2002 1562 ac
2025 1521 2158 1560 ven-

1507 1614 1514 1616 .
1572 1611 1581 1616 .
1636 1603 1648 1616 .
1965 1592 2132 1616 in,“

505 1592 761 1692 ἔξιζξιῖιῖ.
774 1592 1036 1681 dicentes
1059 1635 1072 1673 :
1096 1592 1172 1672 Iri
1189 1628 1308 1686 qua
1330 1611 1612 1681 potestate
1626 1603 1744 1659 haec
1769 1599 1944 1668 facis,
1965 1592 2160 1666 prohi-

677 1685 814 1789 quaa
832 1728 944 1768 nos
975 1722 1098 1765 non
1126 1685 1520 1776 prohibemus
1549 1696 1577 1730 "
1608 1698 1672 1750 Et
1708 1693 1844 1762 quis
1876 1689 1972 1745 tibi
1996 1685 2159 1742 dedit

1826 337 2174 405 EUTHYMII
2214 333 2537 391 ZIGABENI

2035 481 2150 536 ago
2183 465 2226 518 A
2262 465 2532 536 Διάκρισιν
2591 461 2690 530 γὰρ
2743 455 3020 527 ἀμφότεροι

3753 303 3863 358 560

3085 450 3172 498 τὸν
3252 439 3548 509 δισταγμὸν
3601 429 3864 503 ὀνομάζον

2265 573 2366 606 σιν.
2401 551 2551 624 ⁴Ορος
2601 545 2658 600 δὲ
2709 552 2919 606 νοεῖται,
2972 537 3114 590 καὶὸ
3162 530 3420 593 διάϐολος,
3462 522 3555 578 διὰ
3585 527 3679 580 τὴν
3711 521 3870 592 ἔπαρ-

2266 663 2368 694 σιν.
2399 639 2639 692 θάλασσα
2668 631 2745 698 δὲ,
2776 635 2804 691 ἡ
2841 629 3071 687 ἀϐυσσος
3104 629 3192 676 καὶ
3217 624 3275 672 τὸ
3307 621 3462 691 χάος.

2337 735 2437 784 Καὶ
2497 759 2564 766 -
2602 724 2848 794 λήψεσθε.
2910 719 2967 769 Ὀ
3036 713 3094 768 δὲ
3149 712 3362 784 Μάρκος
3418 703 3573 762 εἶπεν,
3634 702 3712 751 ὅτι
3761 703 3867 748 Rau.

2263 824 2432 874 πάντα
2478 819 2578 870 ὅσα
2671 811 2729 864 ἂν
2814 807 3229 882 προσευχόμενοι
3295 795 3406 865 (53)
3472 789 3710 850 αἰτῆσθε,
3772 804 3862 837 πι-

2267 911 2485 970 στεύετε,
2519 906 2600 956 ὅτι
2623 899 2922 973 λαμϐανετε,
2959 899 3049 945 καὶ
3092 893 3239 942 ἔσται
3275 887 3409 958 ύρῑντ
3451 882 3621 933 πάντα
3651 872 3708 928 δὲ
3730 878 3858 938 νόει,

2262 1003 2332 1070 μὴ
2368 995 2558 1063 ἁπλῶς,
2594 991 2721 1043 ἀλλὰ
2747 991 2814 1040 τὰ
2850 986 2992 1048 ἄξια.

2265 1147 2411 1194 ΚΕΦ.
2468 1135 2602 1190 MH'.
2665 1136 2788 1206 Περὶ
2865 1135 2962 1180 τῶν
3029 1118 3460 1196 ἐπερωτησάντων
3528 1112 3613 1162 τὸν
3669 1107 3853 1177 Κύριον

2647 1223 2928 1297 ἀρχιερέων
2967 1217 3057 1266 καὶ
3086 1207 3467 1285 πρεσϐυτέρων.

2340 1358 2440 1408 Καὶ
2488 1351 2682 1404 ελθοντι
2737 1345 2878 1412 αύτῷ
2916 1371 2986 1382 —
3054 1357 3074 1389 τ

2267 1463 2426 1517 μασιν
2481 1441 2574 1492 οὐκ
2627 1433 2883 1494 ἠδύναντο
2941 1425 3272 1502 μέμψασθαι,
3345 1421 3461 1491 περὶ
3512 1421 3603 1473 τῆς
3650 1407 3871 1468 ἐκϐολῆς

2267 1497 2276 1517 Ι
2941 1497 2951 1502 -
3006 1497 3014 1500 -

2267 1531 2545 1604 ἐγκαλοῦσι
2596 1534 2695 1579 τῶν
2751 1521 3053 1575 πωλούντων
3133 1516 3224 1564 καὶ
3286 1505 3634 1579 ἀγοραζόντων
3687 1497 3738 1550 ἐν
3791 1503 3870 1566 τῷ

2272 1626 2409 1695 ἱερῶ.
2469 1619 2712 1688 λέγοντες·
2775 1615 2854 1663 Ἐν
2939 1610 3065 1677 ποίᾳ
3149 1600 3362 1668 ἐξουσίᾳ
3437 1600 3603 1645 ταῦτα
3647 1594 3867 1650 ποιεῐς;

2268 1710 2498 1775 κωλύων,
2574 1705 2701 1775 οἱπερ
2755 1703 2897 1772 ἡμεῖς
2946 1695 3039 1747 οὑκ
3087 1689 3433 1756 ἐκωλύσαμεν.
3495 1683 3598 1733 Καὶ
3643 1680 3724 1738 τίς
3784 1693 3873 1726 σοι

506 1761 860 1882 ροιθεῗοιοω
873 1803 1050 1863 hanc,
1076 1761 1170 1850 cdi
1182 1790 1381 1848 nullus
1399 1785 1600 1856 templi
1617 1761 1982 1855 principatus
1999 1791 2160 1831 com-

2280 1797 2430 1852 ἔδωκε
2477 1800 2571 1852 τὴν
2625 1791 2860 1854 ἐξουσίαν
2916 1786 3109 1839 ταύτην
3166 1785 3258 1830 τοῦ
3312 1773 3557 1836 ἐξωθεῖν;
3601 1761 3871 1839 μηδεμίαν

2874 1875 2885 1882 ’
3238 1870 3247 1882 ’
3405 1865 3500 1882 ’νηὶ
3573 1860 3664 1882 “4--
3713 1852 3871 1882 ...εἴλει

509 1870 726 1952 ίηὶεειιε
765 1896 853 1946 est
880 1891 908 1944 ?
934 1884 1107 1956 Atqui
1160 1882 1390 1936 bonum
1421 1890 1576 1946 opus
1636 1871 1826 1926 fuerat
1877 1870 2157 1937 operatus

506 1984 830 2055 repurgato
886 1954 1154 2043 templo:
1198 1981 1405 2022 verum
1465 1961 1692 2017 invidia
1764 1957 1944 2013 etiam
1997 1954 2158 2009 bona

511 2065 866 2128 calumniari
897 2063 1070 2117 solet.

583 2161 744 2213 Vers.
777 2152 866 2207 24.
914 2146 1282 2217 Respondeas
1322 2172 1391 2181 ——
1416 2140 1582 2194 Vers.
1632 2141 1720 2191 25.
1774 2131 2105 2189 hominibus
2131 2129 2158 2184 ‘I

511 2250 566 2305 E
593 2247 762 2308 caelo,
784 2243 898 2297 hoc
928 2242 1035 2301 est,
1064 2233 1305 2292 Cuslitus
1333 2247 1369 2286 a
1410 2231 1548 2284 Deo.
1579 2226 1679 2281 Ex
1711 2221 2058 2284 hominibus,
2099 2219 2160 2272 id

513 2341 620 2403 est,
649 2334 733 2390 Ab
769 2327 1086 2387 hominum
1116 2325 1436 2397 praecepto.
1467 2316 1610 2371 Vide
1631 2320 1830 2370 autem
1852 2307 2160 2383 quomodo

512 2442 634 2484 non
661 2421 860 2479 statim
885 2413 1190 2487 respondit
1212 2411 1317 2479 eis,
1339 2424 1415 2464 ne
1455 2406 1723 2477 seipsum
1779 2397 2162 2470 magniﬁcare

516 2515 829 2576 videretur,
853 2513 910 2564 et
938 2521 1013 2562 ne
1039 2505 1239 2575 ipsum
1270 2499 1592 2570 carperent,
1621 2490 1794 2563 quasi
1825 2489 1924 2545 Dei
1959 2487 2164 2542 adver-

517 2604 762 2660 sarium.
789 2575 936 2664 Quia
953 2599 1153 2651 autem
1177 2588 1436 2661 Baptista
1457 2583 1646 2640 multa
1675 2581 1750 2636 de
1780 2579 1904 2650 ejus
1937 2575 2164 2646 magni-

517 2692 723 2748 tudine
751 2690 994 2744 testatus
1034 2682 1244 2741 fuerat,
1300 2675 1437 2731 inde
1466 2688 1566 2729 eos
1592 2687 1623 2726 e
1653 2670 1890 2725 diverso
1921 2666 2163 2721 interro-

519 2785 641 2852 gat,
665 2787 720 2832 et
742 2776 803 2830 in
831 2769 1282 2846 perplexitatem
1313 2780 1415 2819 eos
1446 2759 1768 2822 concludit,
1791 2757 1871 2812 ita
1897 2761 1960 2809 ut
1989 2752 2165 2808 etiam

518 2866 638 2939 ipsi
663 2864 1054 2934 agnoscentes
1077 2852 1300 2911 turbati
1323 2853 1457 2906 sint.

592 2929 756 3010 Vers.
795 2951 878 3004 25.
905 2949 984 3002 At
1003 2945 1096 3000 illi
1118 2974 1181 2984 -——
1206 2938 1528 2998 credidistis
1548 2938 1603 2992 ei
1625 2936 1652 2989 ?
1685 2934 1814 2988 Haec
1838 2929 2171 3002 estperple-

521 3045 699 3100 xitas.
756 3037 1006 3094 Dixisset
1054 3032 1213 3089 enim
1241 3030 1324 3085 eis
1353 3046 1365 3081 :
1401 3028 1584 3093 Quare
1607 3039 1716 3078 non
1749 3020 2070 3078 credidistis
2093 3019 2166 3086 ei,

2269 1889 2444 1961 ἀρχὴν
2497 1891 2588 1936 τοῦ
2663 1886 2787 1931 ναοῦ
2868 1870 3338 1946 ἐμπεπιστευμένῳ.
3405 1865 3506 1914 Καὶ
3568 1860 3665 1930 μὴν
3713 1852 3872 1906 καλὸν

2270 1975 2530 2037 ἐποίησεν,
2565 1969 2891 2040 ἀνακαθάρας
2939 1965 2996 2014 τὸ
3030 1962 3178 2030 ἱερὸν
3237 1952 3346 2004 ἀλλ’
3386 1952 3416 2008 ἡ
3468 1946 3734 2020 βασκανία
3780 1945 3874 1993 καὶ

2269 2071 2374 2123 τοῖς
2403 2061 2580 2120 καλοῖς
2609 2059 2780 2110 εἴωθεν
2811 2049 3124 2124 ἐπηρεάζειν.

2340 2149 2668 2221 Ἀποκριθεὶς
2733 2175 2801 2184 -
2851 2122 3131 2211 ἀνθρώπων
3192 2149 3205 2198 ;
3287 2128 3374 2191 Ἐξ
3455 2125 3673 2197 ούρανοῦ
3761 2122 3874 2192 μὲν,

2273 2240 2384 2292 ἀντὶ
2437 2245 2547 2303 τοῦ,
2617 2234 2861 2299 Ἀνωθεν,
2918 2227 2972 2280 ἐκ
3024 2231 3114 2277 τοῦ
3339 2222 3492 2271 Θεοῦ·
3542 2211 3627 2274 Ἐξ
3681 2209 3879 2282 ἀνθρώ-

2271 2351 2379 2382 πων
2419 2324 2640 2394 δε,ἀντὶ
2674 2329 2787 2388 τοῦ,
2845 2317 2928 2380 Ἐξ
2986 2313 3184 2371 ἐντολῆς
3242 2307 3547 2380 ἀνθρώπων.
3602 2299 3739 2372 Ὅρα
3793 2294 3876 2368 δὲ,

2271 2427 2382 2480 πῶς
2431 2415 2483 2478 ἐξ
2537 2415 2589 2466 εύ
2657 2417 2736 2471 ίας
2799 2412 2887 2481 μὲν
2928 2405 3022 2456 οῦκ
3083 2399 3336 2471 ἀπεκρίθη
3404 2394 3628 2460 τούτοις,
3679 2389 3762 2440 ἱνα
3801 2389 3875 2458 μὴ

2275 2504 2400 2578 δόξῃ
2473 2523 2555 2575 μες
2598 2504 2770 2553 ,Αύνειν
2856 2496 3055 2558 ἑαυτὸν,
3111 2493 3200 2541 καὶ
3273 2487 3356 2536 ἵνα
3414 2486 3486 2554 μὴ
3549 2477 3880 2550 ὃιασύρωσιν

2275 2595 2450 2663 αὑτὸν,
2505 2595 2573 2653 ὡς
2613 2589 2859 2641 ἀντίθεον.
2917 2585 3058 2637 Ἐπεὶ
3108 2575 3166 2631 δὲ
3211 2578 3234 2626 ὁ
3285 2573 3588 2630 Βαπτιστης
3640 2565 3880 2624 Ἰωάννης

2281 2683 2440 2738 πολλὰ
2504 2684 2620 2755 περὶ
2683 2686 2774 2736 τῆς
2852 2671 3247 2747 μεγαλειότητος
3317 2661 3474 2714 αὐτοῦ
3537 2655 3880 2728 μεμαρτύρη-

2279 2793 2382 2839 κεν,
2468 2770 2654 2822 ἐκεῖθεν
2747 2764 2933 2824 αύτούς
3015 2758 3355 2829 ἀντεπερωτᾲ,
3429 2752 3516 2798 καὶ
3575 2742 3877 2796 συνελαύνει

2281 2866 2406 2937 πρὸς
2467 2859 2708 2931 ἀπορίαν,
2772 2856 2797 2906 ὃ
2851 2856 2941 2904 καὶ
2999 2848 3149 2900 αὐτοὶ
3205 2847 3408 2915 γνόντες
3457 2831 3872 2908 ἐθορυϐήθησαν.

2355 2952 2421 3002 Οἱ
2475 2945 2532 3000 δὲ
2588 2977 2655 2986 -
2731 2943 3072 2994 ἐπιστεύσατε
3155 2933 3295 3002 αύτῷ
3347 2945 3361 2995 ;
3433 2927 3594 2979 Τοῦτὸ
3651 2919 3785 2972 ἐστιν
3837 2919 3868 2975 ἡ

2287 3039 2496 3113 ἀπορία.
2560 3034 2682 3088 Εἶπε
2737 3035 2836 3106 φὰρ
2908 3030 2968 3081 ἄν
3015 3027 3130 3098 (55)
3188 3015 3385 3086 αὐτοῖς,
3442 3017 3588 3068 Διατί
3639 3009 3732 3062 οῦκ
3775 3009 3889 3060 ἐπιτ

524 3148 666 3189 cum
697 3129 884 3185 multa
925 3130 982 3181 et
1031 3136 1257 3190 magna
1303 3118 1377 3173 de
1410 3131 1504 3171 me
1530 3111 1802 3169 diceret?
1824 3111 1974 3164 Nam
2004 3107 2054 3160 si
2082 3105 2170 3162 his

2290 3131 2541 3181 στεύσατε
2604 3123 2758 3192 ούτῷ,
2831 3119 3028 3189 λέγοντι
3113 3110 3277 3165 πολλὰ
3354 3109 3442 3157 καὶ
3520 3099 3716 3175 μεγάλα
3770 3101 3892 3169 περὶ

3252 3199 3276 3205 _
3359 3195 3392 3205 _.
3601 3188 3612 3205 ,
3718 3193 3726 3202 ,

524 3237 660 3294 qua:
692 3217 931 3274 dicebat
958 3206 1390 3268 credidissetis,
1422 3201 1849 3273 cognovissetis
1877 3199 2080 3268 utique
2115 3195 2174 3249 in

524 3285 648 3383 qua
693 3307 980 3380 potestate
1022 3301 1151 3356 haec
1207 3297 1446 3353 faciam.
1498 3295 1665 3348 Nunc
1695 3289 1896 3361 itaque
1927 3285 2176 3342 convin-

525 3373 752 3460 cimini,
795 3390 962 3467 quod
992 3390 1212 3445 frustra
1235 3387 1527 3442 Joannem
1562 3377 1889 3437 habueritis
1921 3373 2178 3448 prophe-

525 3492 670 3550 tam,
697 3500 837 3540 cum
867 3480 948 3536 illi
976 3493 1100 3534 non
1125 3471 1512 3531 credideritis.

598 3575 762 3628 Vers.
811 3574 899 3624 26.
941 3568 999 3622 Si
1042 3571 1235 3621 autem
1282 3591 1351 3603 —
1396 3558 1759 3630 prophetam.
1803 3555 1846 3609 Ο
1896 3551 2177 3609 miseram

526 3659 876 3720 hominibus
926 3652 1197 3728 placendi
1227 3647 1613 3721 cupiditatem
1645 3644 1656 3698 l
1683 3645 1873 3699 Deum
1917 3645 2180 3696 contem-

526 3753 699 3816 nunt,
721 3745 1001 3803 homines
1028 3757 1166 3798 vero
1209 3739 1438 3803 timent,
1478 3739 1537 3791 et
1574 3735 1651 3790 ad
1682 3747 1884 3788 eorum
1923 3729 2179 3802 gratiam

527 3838 730 3896 omnia
754 3837 1087 3910 operantur.

598 3929 760 3983 Vers.
792 3906 881 3980 Ξῖ.
927 3924 1008 3978 Et
1045 3919 1452 3989 respondentes
1473 3945 1541 3954 ——
1563 3913 1807 3982 faciam.
1862 3906 2182 3981 Oportebat

528 4016 770 4090 quidem
827 4028 928 4069 eos
974 4011 1189 4070 dicere,
1245 4006 1408 4076 quod
1487 4002 1785 4072 baptisma
1844 3997 2092 4054 Joannis
2147 4011 2182 4051 a

531 4107 652 4161 Deo
673 4107 819 4169 erat,
851 4103 907 4155 et
942 4094 1108 4168 quod
1131 4095 1386 4148 Joannes
1413 4107 1448 4144 a
1476 4092 1592 4142 Deo
1613 4089 1835 4142 missus
1867 4090 2012 4140 erat.
2033 4084 2182 4150 Quia

530 4207 672 4247 vero
708 4187 876 4256 argui
933 4181 1244 4243 timebant,
1302 4183 1367 4233 ut
1410 4177 1514 4247 qui
1556 4190 1677 4229 non
1735 4173 2058 4228 credidisse
2105 4171 2185 4228 illi

533 4279 645 4335 visi
696 4277 952 4337 fuerant,
1005 4268 1317 4324 veritatem
1355 4263 1822 4320 abscondebant.
1861 4263 1952 4316 Ait
1997 4277 2179 4332 ergo:

531 4369 737 4439 Neque
762 4377 903 4432 ergo
924 4359 1058 4415 dico
1086 4355 1259 4412 vobis
1274 4352 1441 4427 quod
1457 4352 1603 4406 scire
1621 4349 1834 4422 cupitis
1858 4367 1873 4417 ;
1900 4365 2023 4406 non
2037 4350 2187 4407 sicut

533 4471 644 4511 vos
690 4451 998 4509 veritatem
1040 4443 1440 4506 abscondens,
1497 4439 1602 4496 sed
1652 4439 2035 4511 responsione
2095 4439 2187 4510 ju-

535 4543 747 4601 dicans
789 4554 896 4595 vos
951 4535 1253 4605 indignos,
1311 4531 1415 4604 qui
1467 4529 1551 4585 ita
1586 4528 1787 4584 dolose
1840 4527 2182 4584 versamini.

750 4646 909 4702 CAP.
952 4643 1121 4698 XLIX.
1163 4641 1246 4696 De
1273 4637 1484 4694 duobus
1509 4637 1646 4707 ﬁliis
1671 4635 1969 4705 parabola.

607 4740 769 4796 Vers.
801 4739 890 4792 28.
923 4731 1073 4800 Quid
1096 4736 1287 4787 autem
1317 4726 1473 4784 vobis
1497 4726 1728 4783 videtur
1755 4727 1782 4781 ?
1823 4726 1902 4780 De
1923 4724 2016 4780 his
2047 4741 2184 4796 quae

535 4831 754 4888 dicam.
808 4827 958 4882 Cum
1010 4822 1170 4878 enim
1222 4818 1418 4874 dicere
1469 4815 1796 4872 noluissent
1848 4813 2009 4870 unde
2061 4818 2187 4870 erat

533 4921 839 4992 baptisma
877 4911 1139 4976 Joannis,
1196 4923 1272 4963 ne
1315 4907 1706 4974 arguerentur
1751 4903 1918 4974 quod
1970 4903 2025 4959 ei
2064 4918 2186 4959 non

537 4991 953 5069 credidissent,
1004 5015 1110 5072 per
1155 4994 1511 5069 parabolam
1545 5007 1647 5048 eos
1699 4991 1947 5062 aggredi
1988 4997 2183 5066 parat,

537 5101 603 5153 ut
625 5095 854 5166 seipsos
881 5089 994 5162 ipsi
1013 5085 1419 5144 condemnant
1447 5087 1736 5153 tanquam
1753 5080 2112 5150 incredulos,
2129 5087 2189 5140 et

539 5183 676 5240 dicit
706 5200 720 5238 :

609 5361 655 5393 ⁸³
685 5359 859 5413 Marc.
900 5370 982 5418 x1,
1027 5351 1116 5406 24.

2287 3218 2458 3291 ἐμούς
2541 3214 2585 3266 εἰ
2635 3215 2736 3284 γὰρ
2796 3207 3158 3264 ἐπιστεύσατε,
3223 3199 3301 3258 οἷς
3353 3195 3540 3265 ἔλεγεν,
3594 3188 3897 3256 ἐγινώσκετε

3530 3285 3540 3291 -
3639 3275 3661 3291 ν
3753 3275 3786 3291 ιε
3815 3279 3824 3290 ι

2287 3308 2370 3371 οἶν,
2424 3304 2472 3357 ἐν
2513 3307 2639 3372 ποίᾳ
2682 3299 2893 3368 ἐξουσίᾳ
2943 3300 3111 3345 ταῦτα
3160 3295 3314 3341 ποιῶ.
3381 3285 3578 3338 Λοιπὸν
3608 3275 3692 3331 οὖν
3745 3275 3898 3346 ἐλέγ-

2286 3397 2470 3468 χεσθε,
2504 3392 2673 3465 μάτην
2734 3389 2934 3458 ἔχοντες
2988 3397 3255 3455 προφητην
3331 3376 3419 3425 τὸν
3478 3371 3738 3430 Ἰωάννην,
3779 3362 3902 3415 ἀπι-

2289 3491 2526 3542 στοῦντες
2562 3479 2725 3547 αὐτῷ.

2358 3573 2476 3625 Ἐὰν
2530 3567 2588 3622 δε
2638 3599 2707 3606 —
2759 3567 3046 3638 προφήτην.
3096 3556 3184 3609 ⁴Ὠ
3243 3561 3335 3614 τῆς
3422 3547 3743 3615 ἀνελευθέρου
3793 3547 3901 3592 τῶν

2290 3661 2473 3715 ἀθλίων
2528 3647 3052 3730 ἀνθρωπαρεσκείαςῑ
3102 3651 3206 3698 Τοῦ
3286 3645 3376 3714 μεν
3446 3642 3572 3691 Θεοῦ
3636 3647 3903 3702 καταφρο-

2287 3759 2460 3816 νοῦσι,
2516 3719 2634 3806 τοὺς
2691 3719 2992 3814 ἀνθρώπους
3041 3733 3099 3788 6“:
3130 3731 3427 3806 φοϐοῦνται,
3483 3729 3574 3778 καὶ
3624 3738 3754 3797 προς
3783 3719 3902 3790 χά-

2289 3859 2369 3913 ριν
2401 3837 2566 3890 αύτῶν
2595 3835 2800 3886 ἅπαντα
2827 3829 3167 3901 πράττουσιν.

2364 3932 2464 3980 Καὶ
2531 3922 2891 3994 ἀποκριθέντες
2963 3946 3032 3956 -—
3094 3918 3246 3964 ποιῶ.
3320 3903 3469 3961 "East
3550 3905 3638 3976 μεν
3705 3898 3902 3958 αὐτοὺς

2293 4018 2466 4086 εἰπεῖν,
2519 4016 2601 4066 ὃτι
2651 4014 2742 4063 καὶ
2796 4011 2855 4060 τὸ
2887 4004 3166 4078 βάπτισμα
3216 4001 3273 4051 ἑκ
3313 4003 3445 4050 Θεοῦ
3478 3991 3560 4058 ἦν,
3594 3995 3682 4043 καὶ
3721 3990 3746 4040 ὁ
3789 3988 3901 4040 Ἰω-

2293 4108 2448 4166 άννης
2503 4102 2556 4155 ἐκ
2637 4104 2770 4154 Θεοῦ
2827 4093 3066 4148 ἔσταλται
3124 4109 3136 4122 ο
3202 4088 3313 4139 ἐπεὶ
3367 4081 3426 4137 δὲ
3488 4084 3757 4154 φεύγοντες
3810 4078 3901 4128 τὸν

2293 4193 2529 4264 ἔλεγχον,
2599 4192 2680 4241 ἱνα
2735 4190 2806 4258 μὴ
2875 4183 3212 4240 ἀπιστοῦντες
3267 4174 3406 4244 αύτῷ
3455 4178 3704 4244 φανῶσιν,
3751 4168 3907 4239 ἔκρυ-

2293 4301 2419 4334 πτον
2468 4285 2562 4337 τὴν
2621 4277 2882 4342 ἀλήθειαν,
2937 4273 3113 4344 φησὶν,
3175 4260 3319 4318 Ούδε
3369 4264 3468 4333 ἐγὼ
3515 4259 3647 4330 λέγω
3703 4257 3825 4328 ύμῖν
3879 4254 3910 4305 ὅ

2297 4369 2548 4444 βούλεσθε
2599 4368 2799 4440 μαθεῖν,
2869 4342 3242 4433 ούήκρύπτων,
3291 4355 3360 4412 ὡς
3425 4351 3588 4422 ὑμεῖς,
3656 4349 3750 4404 τὴν
3782 4342 3912 4401 ἀλη-

2299 4463 2458 4526 θειαν,
2527 4432 2632 4509 ἀλλ’
2691 4452 2930 4514 ἀναξίους
2998 4432 3090 4507 τῆς
3149 4444 3470 4514 ἀποκρίσεως
3521 4439 3652 4509 ὑμᾶς
3697 4432 3906 4503 λογιζό-

2296 4568 2464 4624 μενος,
2498 4546 2629 4599 οΰτω
2655 4545 3095 4614 κακουργοῦντας.

2492 4641 2638 4688 ΚΕΦ·
2670 4613 2970 4699 ΜΘἌγΠερὶ
3001 4634 3100 4678 τῶν
3135 4620 3232 4675 δύο
3253 4622 3377 4673 υἱῶν
3406 4613 3691 4691 παραϐολή.

2364 4729 2427 4778 Τί
2484 4722 2543 4776 δὲ
2597 4724 2718 4794 ὑμῖν
2769 4716 2960 4782 doni;
3004 4712 3128 4787 Περί
3175 4711 3242 4761 ὧν
3317 4707 3432 4782 ἐρῶ,
3504 4700 3758 4758 δηλονότι.
3797 4701 3890 4755 Μή

2297 4815 2618 4872 θελησάντων
2646 4811 2748 4882 γὰρ
2805 4807 2980 4871 εἰπεῖν,
3040 4804 3192 4855 πόθεν
3242 4796 3302 4857 ἦν
3351 4801 3407 4848 τὸ
3467 4793 3747 4866 βάπτισμα
3773 4785 3898 4840 Ἰω-

2294 4906 2469 4972 άννου,
2545 4903 2628 4953 ἰνα
2705 4902 2774 4970 μὴ
2851 4893 3174 4965 ἐλεγχθῶσιν
3257 4887 3640 4942 ἀπιστήσαντες
3697 4877 3900 4949 ἐκείνῳ,

2297 4992 2541 5068 βούλεται
2579 4985 2674 5041 διὰ
2705 4967 3025 5061 παραϐολῆς
3064 4979 3254 5038 αὐτοὺς
3284 4973 3519 5049 ἐμϐαλεῖν
3573 4970 3646 5030 εἰς
3696 4972 3756 5021 τὸ
3810 4967 3905 5020 αῦ-

2507 5074 2986 5148 καταψηφίσασθαι
3065 5069 3258 5122 ἑαυτῶν
3339 5066 3410 5127 ὡς
3487 5060 3737 5125 ἀπειθῶν,
3811 5061 3909 5110 καὶ

1762 5473 1986 5542 Variae
2026 5475 2354 5544 lectiones
2385 5483 2449 5541 et
2489 5480 2691 5538 notae.

535 5626 719 5772 qu(:53)
749 5628 827 5681 Ita
866 5621 1044 5679 etiam
1073 5621 1134 5677 in
1192 5620 1354 5676 textu
1383 5616 1557 5674 Marci
1585 5616 1768 5673 habet
1798 5617 1988 5674 codex
2035 5622 2186 5676 uter-

2369 5617 2484 5760 ἓὸάι)
2519 5615 2609 5666 Ἐκ
2639 5619 2731 5667 τοῦ
2762 5618 2896 5666 Θεοῦ
2928 5610 2996 5666 Α.

2393 5689 2482 5759 55)
2513 5686 2628 5754 Ἂν,
2663 5683 2883 5744 omittit
2910 5689 2966 5739 Β.

2393 5683 2482 5759 55)
2513 5686 2628 5754 Ἂν,
2663 5683 2883 5744 omittit
2910 5689 2966 5739 Β.

4183 3979 4186 4102 ι
