4186 6318
373 300 475 356 561
1325 299 1686 356 COMMENT.
1729 299 1800 354 IN
1844 296 2284 356 MAT'I‘HAL‘UM.
2327 335 2395 346 —
2437 304 2596 362 CAP.
2638 306 2781 361 XXI.
3636 308 3744 364 562

448 427 749 500 Ἀνθρωπος
845 455 912 462 -
1006 423 1097 475 0'37.
1177 423 1422 483 ἀπῆλθεν.
1504 429 1806 500 ’Ἄνθρωπον

2035 424 2056 476 \
2161 427 2317 480 Vers.
2370 433 2454 484 28.
2493 431 2678 485 Homo
2712 430 2964 486 habebat
2994 460 3062 469 —-
3094 427 3254 484 Vers.
3287 429 3375 485 30.
3410 445 3528 485 non
3571 433 3738 488 abiit.

375 514 638 574 ὑποδηλοῖ
685 512 771 566 τόν
829 516 978 577 Θεὸν,
1034 515 1105 575 ὡς
1161 513 1535 588 φιλάνθρωπον·
1597 519 1748 566 τέκνα
1795 511 1854 565 δὲ
1890 514 1942 564 αἱ

2089 517 2399 574 Hominem
2433 518 2733 588 signiﬁcat
2762 522 2967 584 Deum,
3005 524 3292 591 tanquam
3321 519 3595 578 videlicet
3623 524 3736 579 hu-

371 614 463 659 τοῦ
496 602 612 669 δύο,
643 607 728 655 τόν
781 621 835 654 τε
885 601 1006 653 λαὸν
1063 610 1162 653 τῶν
1219 601 1394 670 ἐθνῶν,
1449 608 1538 655 καὶ
1589 607 1675 655 τὸν
1721 611 1818 654 τῶν
1849 604 1942 654 Ἰοι

2087 619 2335 660 manum
2358 607 2793 662 authominum
2814 606 3165 669 amatorem.
3189 607 3342 663 duos
3358 612 3560 666 autem
3577 610 3734 667 ﬁlios

376 692 557 762 δαίων,
590 696 658 753 ὡς
687 695 958 764 ποιήματα
1014 690 1194 745 αὐτοῦ.
1233 697 1332 744 Καὶ
1382 695 1518 745 ἔστιν
1551 693 1575 743 ό
1624 697 1694 764 μή
1739 693 1942 762 ύποσχό

2084 692 2232 762 ejus,
2265 694 2558 765 populum
2591 695 2870 764 gentilem
2901 698 2960 750 et
2984 695 3318 762 Judaicum,
3353 697 3455 768 qui
3488 705 3625 754 sunt
3654 699 3734 756 fa-

371 803 516 857 μενος
568 784 678 853 μὲν,
738 779 969 833 ἀπελθὼν
1042 778 1122 848 6's,
1201 781 1226 832 6
1282 779 1405 842 λαὸς
1455 789 1555 833 τῶν
1608 779 1780 832 ἐθνῶν
1836 781 1861 831 ό
1916 776 1942 830 ὃ

2083 785 2263 835 cturus
2308 782 2517 854 ipsius.
2566 786 2632 839 Et
2672 782 2723 837 is
2750 783 2853 854 qui
2883 798 3004 840 non
3045 785 3337 854 promisit,
3385 786 3490 842 sed
3530 792 3734 843 tamen

369 873 728 942 ὑποσχόμενος
759 873 868 941 μὲν²
921 873 992 940 μὴ
1031 867 1262 921 ἀπελθὼν
1321 866 1399 936 δὲ,
1455 871 1480 921 6
1529 868 1650 931 λαός
1699 877 1797 920 τῶν
1843 869 1942 920 ’1ου

2083 865 2250 935 abiit,
2281 871 2542 943 populus
2568 877 2657 927 est
2681 871 2918 941 gentilis
2961 888 2973 926 :
3001 873 3106 943 qui
3135 889 3274 928 vero
3299 875 3591 947 promisit,
3621 891 3734 932 nec

369 957 549 1018 δαίων.
581 962 658 1012 Τά
689 960 806 1016 ἔθνη
863 961 952 1030 μὲν
1007 961 1108 1032 γάρ
1168 958 1272 1029 οὐχ
1325 959 1619 1030 ὑπέσχοντο
1651 956 1942 1009 ἀκούσεσθοι

2082 961 2281 1014 tamen
2304 959 2469 1024 abiit,
2489 960 2788 1016 Judaicus.
2812 963 3020 1016 Gentes
3045 961 3340 1032 siquidem
3368 979 3490 1019 non
3511 965 3732 1036 promi-

361 1057 455 1102 τοῦ
487 1055 642 1114 Θεοῦ,
697 1053 786 1101 καὶ
840 1049 949 1119 ὃμω
997 1047 1211 1120 ὕστερον
1257 1049 1563 1105 ὑπήκουσαν
1613 1049 1942 1099 πιστεύσαντι

2079 1053 2279 1102 serunt
2311 1065 2372 1104 se
2395 1049 2582 1104 Deum
2613 1048 2950 1112 audituras,
2982 1053 3039 1104 et
3063 1052 3264 1104 tamen
3295 1056 3501 1120 postea
3532 1054 3730 1108 audie-

361 1146 434 1209 τῷ
487 1146 600 1191 Θεῶ
653 1142 744 1189 καὶ
797 1144 1034 1211 Χριστῷ·
1108 1138 1157 1187 οἱ
1211 1133 1270 1188 δε
1329 1133 1582 1188 Ἰουδαῖοι
1647 1138 1942 1206 ὑπέσχοντο

2076 1140 2230 1198 runt,
2279 1136 2624 1193 obedientes
2673 1137 2900 1193 Christo
2943 1152 3012 1192 ac
3055 1138 3192 1202 Deo,
3232 1142 3288 1192 et
3329 1136 3392 1192 in
3427 1155 3564 1194 eum
3609 1155 3731 1194 cre-

363 1225 582 1287 εἰπόντες
657 1225 704 1278 ἐν
766 1234 828 1298 τῇ
913 1223 1078 1298 βίϐλῳ
1133 1233 1224 1276 τοῦ
1294 1229 1708 1300 Δευτερονομίου·
1767 1226 1942 1276 Πάντα

2076 1224 2280 1280 dentes
2315 1241 2328 1280 :
2359 1225 2547 1281 Judaei
2578 1242 2711 1282 vero
2739 1225 3157 1297 promiserunt,
3189 1225 3451 1281 dicentes
3481 1227 3543 1282 in
3574 1226 3729 1284 libro

363 1317 464 1368 ὅσα
516 1317 576 1368 ἄν
625 1319 739 1388 εἴπῃ
802 1316 827 1366 ό
882 1317 1030 1379 Θεὸς,
1101 1319 1386 1386 ποιήσομω
1452 1319 1542 1366 xui
1610 1312 1942 1386 ἀκουσόμεθα

2077 1315 2534 1370 Deuteronomii:
2555 1315 2766 1370 Omnia
2779 1329 2908 1386 qua
2921 1314 3080 1370 dixit
3093 1315 3246 1370 Deus
3255 1315 3544 1384 faciemus
3556 1322 3612 1372 et
3623 1331 3730 1372 au-

361 1406 450 1457 κάἰ
499 1405 711 1477 ὕστερον
763 1410 1125 1478 παρήκουσαν,
1186 1401 1575 1465 ἀπιστήσαντες
1625 1411 1696 1473 τῷ
1747 1411 1942 1477 Χριστό

2071 1403 2300 1458 diemus
2317 1404 2362 1438 ⁸⁴
2382 1404 2688 1475 ;postmod
2699 1420 2798 1460 um
2815 1408 3016 1459 autem
3032 1403 3453 1470 obaudierunt,
3468 1405 3580 1476 ipsi
3598 1421 3728 1477 per-

358 1498 447 1545 xui
500 1501 633 1563 Θεῷ.
687 1500 866 1544 Ταῦτα
913 1495 1046 1564 μόνα
1087 1501 1175 1552 τῆς
1223 1491 1520 1563 παραϐολῆς
1585 1491 1811 1562 ἐκλέγου,
1871 1511 1940 1542 κα

2073 1497 2384 1547 manentes
2424 1492 2650 1547 Christo
2689 1508 2759 1547 ac
2811 1494 2926 1548 Deo
2973 1491 3279 1547 increduli.
3321 1495 3452 1548 Haec
3491 1497 3724 1549 tantum

359 1581 683 1653 ἱπιγίνωσκε·
732 1581 892 1634 τᾶλλα
948 1578 1006 1633 δὲ
1060 1584 1233 1655 πάρες,
1277 1585 1345 1643 ὡς
1388 1587 1477 1633 καὶ
1526 1584 1608 1633 ἐπὶ
1647 1589 1747 1633 τῶν
1795 1579 1942 1632 οῐλλωη

2069 1579 2142 1633 de
2177 1580 2464 1651 parabola
2495 1581 2644 1652 elige
2673 1585 2730 1635 et
2755 1579 3032 1648 intellige,
3065 1579 3294 1652 reliqua
3319 1596 3461 1637 vero
3487 1585 3724 1652 praeter-

359 1669 665 1743 παραϐολῶν
743 1669 1180 1743 παρηγγείλαμεν.
1269 1671 1385 1721 Ἐπὶ
1468 1673 1525 1722 τὸ
1610 1668 1942 1742 ἀσαφέστερα

2067 1685 2192 1735 eas,
2233 1670 2756 1742 quemadmodum
2795 1675 2851 1726 et
2897 1670 2957 1726 in
2996 1670 3237 1741 reliquis
3275 1671 3580 1741 parabolis
3618 1672 3722 1728 ad-

357 1761 459 1834 γάρ
517 1779 631 1811 τινα
695 1762 887 1820 ταύτης
967 1759 1300 1830 οἰκονομικῶς
1361 1759 1729 1823 συνετέθησαν,
1775 1755 1868 1810 διὰ
1897 1761 1942 1809 τί

2035 1812 2036 1816 η
2068 1759 2429 1825 monuimus,
2455 1766 2746 1830 tanquam
2761 1759 2877 1815 hoc
2898 1759 3023 1814 solo
3045 1757 3163 1814 ﬁne
3185 1758 3245 1814 in
3266 1774 3338 1814 ea
3355 1759 3570 1830 posita,
3594 1775 3718 1832 quo

357 1847 670 1914 ἀνύποπτον,
700 1849 781 1900 ἱνα
808 1845 973 1920 μηδὲν
998 1853 1114 1921 περὶ
1142 1847 1332 1900 ἑαυτῶν
1373 1850 1422 1899 οἱ
1453 1844 1702 1900 Ἰουδαῖοι
1731 1851 1942 1918 γνόντεςἸ

2065 1847 2290 1903 ﬁrmior
2316 1853 2485 1912 esset,
2512 1853 2566 1903 et
2585 1847 2776 1903 Judaei
2796 1846 2942 1902 nihil
2961 1847 3037 1902 de
3059 1848 3274 1917 seipsis
3300 1847 3714 1917 intelligentes,

356 1937 509 2010 ὀρθήν
540 1937 840 2008 ἐξενέγκωσι
867 1941 960 1994 τὴν
985 1936 1176 2007 ψῆφον.

2062 1943 2282 1992 rectam
2325 1937 2655 2008 proferrent
2693 1934 3067 1990 sententiam.

423 2031 515 2088 Τίς
565 2058 634 2067 ——
711 2034 931 2099 πρῶτος·
991 2024 1180 2085 Αὐτοὺς
1229 2025 1542 2096 ἠνάγκασεν,
1602 2026 1670 2083 ὡς
1723 2027 1942 2096 εἴρηται,

2132 2023 2293 2079 Vers.
2324 2029 2408 2080 31.
2445 2024 2584 2088 Quis
2613 2055 2681 2062 —
2698 2023 2946 2092 primus.
2979 2022 3177 2092 Coegit
3204 2022 3362 2088 illos,
3394 2027 3460 2078 ut
3487 2022 3715 2078 dictum

353 2120 449 2174 τήν
489 2115 660 2188 ψῆφον
724 2113 1013 2186 ἐξαγαγεῖν,
1066 2115 1148 2166 ἳνα
1194 2114 1626 2184 αύτοκατάκριτοι
1681 2117 1942 2182 γένωνται.

2058 2117 2164 2177 est,
2229 2112 2581 2167 sententiam
2641 2126 2764 2182 qua
2825 2109 3372 2165 condemnarentur
3430 2109 3712 2182 proferre.

346 2204 474 2258 Εἶτα
504 2202 800 2276 μεταϐαίνει
855 2207 987 2277 πρὸς
1040 2208 1155 2264 τοὺς
1208 2203 1418 2262 τελώνας
1453 2206 1542 2253 καὶ
1593 2205 1684 2262 τάς
1735 2206 1942 2274 πόρνας,

2059 2199 2278 2255 Deinde
2324 2199 2401 2256 ad
2444 2199 2800 2270 publicanos
2839 2197 3050 2254 transit
3093 2203 3150 2253 et
3193 2198 3553 2265 meretrices,
3600 2198 3714 2254 hos

343 2292 426 2346 ἐπὶ
457 2294 605 2345 πλέον
635 2291 856 2363 ἐλέγχων
891 2292 1091 2352 αύτούς,
1208 2297 1212 2300 ’

2055 2287 2188 2358 plus
2227 2303 2413 2360 quam
2443 2287 2574 2342 illos
2612 2302 2890 2358 arguens.

415 2386 569 2454 Λέγει
655 2383 830 2443 αὐτοῖς
918 2414 985 2422 —
1063 2389 1222 2436 Θεοῦ.
1315 2381 1544 2440 Τελῶνας
1622 2380 1757 2451 λέγει
1825 2383 1942 2439 τοὺς

2126 2378 2283 2430 Vers.
2326 2380 2414 2431 3t.
2454 2377 2555 2430 Ait
2593 2375 2717 2430 illis
2756 2406 2824 2414 —
2869 2373 2990 2430 Dei.
3032 2373 3389 2429 Publicanos
3427 2373 3569 2429 dicit
3606 2375 3708 2445 qui

342 2477 759 2545 μετανοήσαντας
835 2475 925 2522 καὶ
1010 2469 1414 2542 βαπτισθέντας,
1476 2470 1558 2521 ὅτε
1607 2470 1631 2519 ὸ
1706 2469 1942 2530 Ἰωάννης

2051 2464 2464 2534 paenitentiam
2497 2466 2760 2532 egerant,
2791 2462 3194 2534 baptizatique
3223 2460 3460 2517 fuerant
3489 2461 3708 2532 praedi-

344 2560 618 2635 ἐκήρυσσε,
686 2565 778 2612 καὶ
829 2563 1022 2632 πόρνας
1070 2561 1277 2631 ὁμοίως.
1335 2560 1636 2631 Προάγονσι
1685 2554 1763 2621 δὲ,
1830 2555 1942 2608 ἀντὶ

2051 2559 2222 2607 cante
2259 2553 2508 2618 Joanne,
2548 2556 2604 2606 et
2650 2552 2989 2606 meretrices
3029 2549 3297 2606 similiter
3333 2549 3703 2622 praecedunt,

343 2657 454 2716 τοῦ,
513 2648 986 2724 προλαμϐάνουσιν.
1074 2647 1202 2701 Εἶτα
1277 2647 1550 2719 σαφηνίζει
1610 2649 1697 2698 τόν
1765 2645 1937 2716 λόγον,

2047 2640 2163 2696 hoc
2193 2646 2278 2696 est
2307 2640 2510 2711 priora
2541 2643 2810 2696 sumunt.
2843 2638 3062 2694 Deinde
3097 2643 3154 2694 et
3179 2638 3476 2695 rationem
3505 2637 3699 2704 docet,

339 2744 426 2792 xui
459 2735 727 2802 δίδάσκει,
759 2746 871 2798 πῶς
897 2736 1344 2810 προλαμϐάνουσι,
1369 2736 1544 2806 λέγων’

2047 2730 2354 2800 quomodo
2392 2729 2593 2799 priora
2628 2732 2893 2793 sumunt,
2934 2727 3142 2783 dicens
3184 2743 3199 2782 ι

407 2827 427 2846 ⁷
459 2827 589 2881 Ηλθε
641 2857 703 2867 -
758 2827 919 2896 αύτῷ.
974 2826 1154 2878 Ἠλθε
1209 2828 1339 2898 πρὸς
1383 2826 1536 2896 ὑμᾶς,
1581 2823 1675 2874 ούιι
1727 2825 1774 2874 ἐν
1805 2823 1936 2893 ἠμε-

2118 2818 2278 2872 Vers.
2325 2819 2414 2875 32.
2474 2817 2640 2872 Venit
2675 2847 2744 2855 —
2783 2816 2898 2873 illi.
2935 2815 3104 2871 Venit
3141 2814 3221 2871 ad
3256 2831 3388 2882 vos,
3428 2830 3550 2870 non
3594 2830 3702 2887 per

332 2917 535 2988 λημένῳ
597 2915 719 2986 βίῳ,
780 2914 888 2967 ἀλλ’
945 2914 992 2966 ἐν
1037 2912 1146 2985 ὁδῷ
1204 2913 1408 2988 ἀρετῆς,
1472 2916 1557 2964 ἵνα
1603 2917 1692 2963 καὶ
1732 2910 1938 2973 ἀξιόπι-

2045 2905 2326 2974 ignavam
2353 2905 2559 2969 vitam,
2594 2903 2701 2959 sed
2732 2919 2838 2976 per
2878 2903 3043 2959 viam
3086 2902 3338 2965 virtutis,
3370 2909 3433 2957 ut
3461 2902 3574 2957 ﬁde
3603 2902 3699 2958 di-

338 3025 455 3064 στος
505 3012 658 3076 φανῇ,
727 3009 814 3056 καὶ
865 3003 957 3056 οὐκ
1004 3003 1338 3055 ἐπιστεύσατε
1387 3002 1544 3072 αύτῷ,
1599 3009 1934 3075 παραινοῦντι

2043 3008 2197 3063 gnus
2237 2992 2586 3056 haberetur;
2631 2997 2686 3047 et
2725 3007 2848 3047 non
2888 2991 3219 3048 credidistis
3257 2990 3330 3055 ei,
3375 3006 3516 3046 cum
3557 2991 3698 3046 resi-

331 3101 593 3167 μετανοεῐν
669 3098 756 3144 καὶ
832 3093 1225 3166 εὐτρεπίζεσθαι
1305 3095 1435 3163 πρὸς
1499 3087 1775 3160 ὑποδοχήν
1838 3096 1934 3150 τῆς

2041 3083 2266 3153 piscere
2281 3081 2356 3138 ad
2366 3098 2500 3137 mon
2510 3080 2975 3153 eret,pararique
2993 3080 3072 3135 ad
3083 3081 3515 3150 susceptionem
3528 3079 3695 3148 regni

331 3182 602 3255 βασιλείας
633 3190 724 3234 τοῦ
747 3189 901 3235 Θεοῦ.
1961 3229 2000 3255 Π
2041 3170 2160 3226 Dei.

398 3271 570 3344 Ὑμεῖς
627 3303 694 3310 -
745 3271 908 3340 αύτῷ.
971 3277 1140 3341 Ὑμεῖς
1197 3266 1273 3334 δὲ,
1337 3266 1529 3328 ἰδόντες
1595 3271 1714 3328 τούς
1779 3265 1928 3318 τελῶ-

2111 3258 2270 3313 Vers.
2308 3256 2394 3311 3'2.
2447 3258 2554 3311 Vos
2592 3287 2660 3296 —-
2698 3257 2769 3312 ei.
2821 3255 2937 3310 Vos
2976 3259 3179 3312 autem
3216 3253 3504 3319 videntes,
3545 3268 3692 3324 quo-

2036 3346 2220 3402 modo
2266 3344 2568 3416 publicani
2608 3352 2664 3399 et
2707 3343 3042 3400 meretrices
3080 3344 3158 3398 ad
3198 3341 3688 3414 prtedicationem

326 3380 419 3420 νας
447 3365 536 3411 καὶ
591 3363 684 3421 τὰς
737 3364 950 3432 πόρνας,
1015 3366 1121 3418 πῶς
1170 3356 1577 3429 μετεϐλήθησαν,
1621 3357 1703 3407 ὅτε
1758 3355 1926 3406 όἸω-

2035 3435 2282 3491 Joannis
2313 3435 2583 3490 conversi
2613 3438 2800 3500 erant,
2833 3447 2955 3488 non
2985 3430 3313 3504 resipuistis
3342 3430 3421 3486 ad
3448 3429 3688 3486 creden-

327 3451 478 3508 άννης
529 3447 806 3520 ἐκήρυσσε,
881 3452 970 3499 καὶ
1017 3445 1296 3519 προέλαϐον
1354 3447 1510 3517 ὑμᾶς,
1573 3445 1631 3496 ού
1685 3442 1924 3516 μετεϐλή-

329 3540 470 3608 θητε,
503 3540 636 3590 ὥστε
664 3545 944 3590 πιστεύσαι
969 3536 1126 3606 αύτῷ.
2033 3525 2200 3581 dum.

530 3738 676 3785 ΚΕΦ.
716 3731 796 3785 Ν’.
831 3736 956 3805 Περὶ
987 3737 1077 3783 τοῦ
1109 3727 1397 3801 ἀμπελῶνος
1427 3728 1710 3802 παραϐολή.

2401 3744 2551 3798 CAP.
2589 3746 2646 3798 L.
2681 3744 2767 3798 De
2796 3743 2968 3799 vinea
2989 3741 3306 3812 parabola.

395 3924 584 3980 ’Ἄλλην
639 3957 708 3965 -
766 3923 1121 3997 ἀπεδήμησεν.
1203 3924 1508 3998 ⁴Ανθρωπον
1566 3927 1654 3996 μὲν
1728 3924 1916 3992 ὁμοίως

2096 3940 2260 3994 Vers.
2293 3943 2378 3996 33.
2413 3939 2614 3994 Aliam
2644 3969 2713 3977 —
2739 3933 2987 4007 peregre
3013 3936 3316 4005 profectus
3349 3939 3453 3990 est.
3486 3933 3680 3989 Homi-

320 4015 694 4082 ύπαινίττεται,
758 4019 842 4067 τόν
897 4018 1024 4068 Θεὸν
1083 4019 1170 4066 καὶ
1226 4018 1450 4088 Πατέρα,
1509 4009 1602 4065 διὰ
1655 4016 1712 4064 τὸ
1745 4011 1914 4084 φιλάν-

2035 4044 2163 4083 nem
2207 4027 2473 4082 similiter
2510 4026 2884 4097 aenigmatice
2923 4023 3215 4095 signiﬁcat
3249 4024 3438 4078 Deum
3477 4026 3534 4078 et
3570 4022 3676 4078 Pa-

321 4105 543 4176 θρωπον,
601 4108 689 4156 καὶ
749 4101 842 4156 δ’ιά
893 4107 949 4155 τό
998 4111 1091 4165 τῆς
1131 4101 1431 4178 παραϐολῆς
1477 4105 1606 4162 ἔθος·
1677 4101 1913 4174 ἀμπελὼν

2035 4121 2193 4183 trem,
2228 4122 2468 4189 propter
2496 4115 2814 4170 hominum
2836 4128 3127 4178 amorem,
3158 4116 3213 4168 et
3239 4115 3481 4183 propter
3503 4126 3678 4180 para-

317 4188 377 4243 δὲ
402 4194 660 4263 φυτευθεὶς
693 4193 778 4245 ὕπ’
828 4193 1005 4257 αὑτοῦ,
1063 4195 1088 4245 ό
1146 4193 1479 4267 Ἰσραηλίτής
1520 4191 1661 4257 λαὸς,
1695 4193 1745 4242 ὃν
1794 4191 1910 4264 ἐφύ-

2035 4206 2176 4261 bolze
2202 4188 2449 4261 morem.
2474 4204 2738 4259 Plantata
2765 4208 2964 4259 autem
2990 4200 3168 4256 vinea
3195 4200 3392 4256 abillo
3414 4199 3676 4272 populus

312 4299 490 4333 τευσεν
537 4280 584 4332 ἐν
614 4290 675 4355 τῇ
734 4290 798 4354 γῇ
839 4290 935 4355 τῇς
963 4281 1290 4354 ἐπαγγελίας.
1324 4287 1458 4340 Φησὶ
1506 4285 1606 4355 γὰρ
1654 4283 1679 4332 ό
1724 4277 1907 4332 Aut/£6"

2035 4299 2105 4349 est
2126 4294 2431 4359 Judaicus,
2461 4308 2644 4364 quam
2673 4291 2962 4363 plantavit
2981 4291 3041 4346 in
3064 4293 3220 4346 terra
3239 4288 3671 4361 promissionis.

311 4369 564 4443 ⁴Αμπελον
651 4371 704 4434 ἐξ
793 4372 1059 4443 Αἰγύπτου
1133 4379 1381 4446 μετήρας,
1481 4370 1703 4433 ἐξέϐαλες
1792 4373 1908 4429 ἔθνη

2035 4384 2166 4437 Dicit
2191 4384 2344 4437 enim
2371 4381 2561 4436 David
2585 4400 2597 4436 :
2637 4383 2878 4436 Vineam
2901 4380 2974 4436 de
2992 4380 3267 4449 zEgypto
3291 4377 3670 4442 transtulisti,

309 4464 397 4510 κᾶὶ
449 4463 834 4532 κατεφύτευσας
942 4459 1120 4518 αὐτήν·
1210 4464 1445 4532 φραγμὸς
1526 4457 1603 4526 δὲ,
1665 4461 1690 4510 ό
1737 4465 1908 4531 νόμος,

2035 4471 2244 4540 9jecisti
2273 4478 2472 4540 gentes
2503 4478 2554 4525 et
2583 4469 2873 4538 plantasti
2911 4483 3038 4524 eam
3069 4469 3136 4522 ⁸⁵.
3174 4467 3355 4537 Sepes‘
3385 4481 3525 4521 vero
3553 4466 3668 4532 lex,

307 4548 400 4600 οὐκ
453 4547 543 4600 ἐῶν
601 4549 758 4600 αὐτὸν
845 4547 1151 4620 ἐπιμιγῆναι
1243 4555 1351 4610 τοῖς
1409 4550 1595 4600 ἔθνεσι.
1693 4555 1910 4619 Λέγοιτο

2035 4576 2141 4614 non
2157 4561 2355 4613 Sillells
2369 4575 2499 4614 eam
2521 4557 2890 4614 commisceri
2909 4557 3206 4626 gentibus.
3222 4556 3672 4626 Potestquoque

307 4633 358 4688 δ’
389 4637 450 4688 οἶν
486 4641 718 4710 φραγμὸς
771 4641 861 4689 καὶ
905 4640 934 4695 ἡ
993 4640 1133 4709 παρά
1175 4646 1266 4690 τοῦ
1307 4645 1438 4690 Θεοῦ
1484 4642 1702 4708 φυλακὴ,
1760 4657 1910 4710 φρου-

2035 4649 2137 4704 iici
2171 4664 2366 4720 sepes,
2397 4648 2496 4702 Dei
2524 4647 2796 4701 custodia
2820 4662 2954 4716 qua;
2981 4644 3218 4699 vineam
3247 4643 3403 4698 hanc
3430 4642 3509 4696 ab
3539 4659 3671 4697 om-

305 4732 476 4798 ροῦσα
560 4734 741 4778 τοῦτον
821 4725 922 4778 ἀπὸ
1002 4729 1175 4787 πάσης
1256 4726 1528 4786 ἐπιϐουλῆς
1603 4734 1701 4777 τῶν
1766 4727 1913 4800 πέριξ

2035 4737 2185 4791 nium
2241 4734 2793 4803 circiimjacentium
2835 4730 3099 4799 gentium
3145 4728 3374 4783 insidiis
3413 4727 3670 4783 custodit

309 4810 485 4865 ἐθνῶν.
518 4813 761 4876 Καθεῐλες
799 4817 919 4890 γάρ,
975 4821 1126 4886 φησὶ,
1181 4820 1267 4867 τὸν
1326 4819 1558 4886 φραγμὸν
1609 4815 1788 4885 αὐτῆς,
1821 4821 1909 4867 xui

2035 4825 2390 4887 Destrurcisli,
2425 4820 2633 4894 inquit,
2661 4835 2851 4888 sepem
2883 4820 3030 4887 ejus,
3059 4823 3113 4873 et
3143 4815 3508 4872 vindemiant
3538 4829 3667 4871 eam

307 4908 568 4972 τρυγῶσιν
625 4901 786 4960 αὐτὴν
868 4905 1052 4966 πάντες
1133 4906 1182 4956 οἱ
1259 4909 1736 4978 παραπορευόμενοι
1807 4909 1905 4964 τὴν

2035 4929 2214 4968 imnes
2251 4912 2356 4984 qui
2386 4907 2964 4982 praetergrediuntur
3012 4907 3167 4961 viam
3207 4905 3274 4959 ⁸⁸.
3313 4904 3501 4959 Lacus
3541 4902 3666 4960 sive

307 4984 456 5039 ὁδόν·
493 4986 640 5050 ληνὸς
694 4987 769 5054 δὲ,
827 4995 884 5043 τὸ
946 4995 1344 5067 θυσιαστήριον,
1378 4991 1426 5043 ἐν
1552 4997 1608 5044 τό
1646 4995 1776 5064 αἷμα
1805 4993 1904 5056 ἐξε-

2039 5000 2273 5055 orcular
2311 5005 2398 5055 est
2435 5000 2622 5055 altare
2665 4998 2725 5051 in
2765 5011 2886 5067 quo
2932 4993 3180 5064 sanguis
3224 4991 3663 5048 effundebatur.

303 5083 474 5148 χεῖτοο
500 5080 696 5150 πύργος
725 5075 798 5146 δὲ,
851 5081 876 5132 6
915 5085 1050 5147 ναὸς,
1098 5078 1191 5134 διὰ
1237 5085 1295 5133 τὸ
1343 5090 1434 5142 τῆς
1466 5078 1749 5154 οἰκοδομῆς
1778 5082 1904 5154 ἀχυ-

2035 5088 2210 5143 Furtis
2242 5103 2383 5142 vero
2415 5085 2725 5155 templum,
2757 5087 3000 5156 propter
3029 5086 3335 5138 structurae
3364 5079 3665 5138 fortitudi-

297 5168 388 5238 ρὸν
443 5170 531 5218 καὶ
586 5166 802 5238 ὑψηλόν·
856 5175 1077 5242 γεωργοὶ
1135 5167 1212 5233 δὲ,
1265 5171 1314 5222 οἱ
1393 5169 1658 5246 ἀρχιερεῖς
1711 5177 1800 5224 xui
1856 5173 1904 5225 οἱ

2035 5191 2150 5232 iem
2182 5191 2251 5231 ac
2282 5174 2731 5230 sublimitatem.
2764 5172 3048 5244 Agricolae
3089 5175 3314 5235 autem,
3343 5176 3483 5226 sunt
3506 5170 3664 5242 prin-

296 5263 622 5327 γραμματεῖς
676 5263 766 5310 xui
843 5261 892 5310 οἱ
949 5257 1290 5333 πρεσϐύτεροι
1347 5267 1438 5311 τοῦ
1505 5259 1651 5312 λαοῦ·
1700 5265 1902 5324 τούτοις

2035 5266 2170 5336 :ipes
2218 5263 2598 5320 sacerdotum
2646 5268 2704 5319 et
2748 5262 2962 5320 Scribee
3009 5261 3389 5332 senioresque
3432 5258 3658 5331 populi.

293 5345 395 5419 γὰρ
452 5343 806 5399 ἐνεπίστευσεν
875 5347 900 5397 ὁ
951 5351 1100 5412 Θεὸς,
1134 5351 1198 5409 ὡς
1230 5344 1595 5416 διδασκάλοις,
1629 5354 1712 5402 τὸν
1744 5350 1904 5424 ἀμπε-

2035 5355 2112 5408 iis
2138 5354 2296 5408 enim
2321 5359 2607 5424 tanquam
2635 5351 3102 5424 praeceptoribus
3121 5347 3484 5405 concredidit
3507 5349 3660 5404 Deus

291 5431 428 5485 λῶνα
459 5441 660 5487 τοῦτον
706 5432 1012 5508 ἀποδημίαν
1063 5433 1122 5488 δὲ
1173 5445 1264 5488 τοῦ
1321 5434 1695 5492 οἰκοδεσπότου
1747 5447 1902 5512 φησὶν

2035 5458 2170 5498 ianc
2199 5443 2458 5498 vineam.
2495 5440 2924 5497 Profectionem
2963 5443 3164 5496 autem
3193 5436 3656 5510 patrisfamilias,

364 5638 413 5674 “
447 5639 635 5696 Exod.
662 5655 787 5710 nx,
815 5640 868 5694 8.
983 5640 1031 5676 ⁸⁵
1058 5640 1212 5698 Psal.
1247 5657 1442 5714 mu,
1468 5646 1520 5698 9·
1635 5646 1684 5682 ³⁸
1713 5645 1858 5703 ibid.
1886 5647 1976 5706 13.
