4186 6318
510 316 615 372 563

1834 304 2182 360 EUTHYMII
2221 302 2551 358 ZIGABENI

3773 299 3878 354 564

512 441 655 497 dicit
684 440 1144 512 Chrysostomus
1171 435 1689 506 longanimitatem
1718 448 1786 490 ac
1813 432 2164 504 patientiam

2285 429 2298 480 5
2356 429 2474 499 (56)
2553 427 2935 502 Χρύσόστομός
3015 431 3110 487 τὴν
3189 427 3577 502 μακροθυμίαν,
3653 422 3728 497 ἐφ’
3805 425 3881 484 οἷς

512 531 644 600 ejus
672 529 734 584 in
780 527 872 583 his
901 527 1005 599 qui
1033 528 1450 600 peccaverunt.

586 618 738 673 Vers.
774 618 860 673 34.
895 617 1041 672 Cum
1070 624 1264 673 autem
1294 645 1363 654 —-
1394 614 1556 669 Vers.
1581 615 1668 668 36.
1703 611 1994 667 similiter.
2030 611 2164 664 Fru-

511 711 642 762 ctus
670 705 843 762 dictas
871 705 1059 762 vineas
1103 702 1438 760 observatio
1481 706 1606 758 erat
1633 699 1917 770 legalium
1947 713 2165 770 praece-

510 800 755 868 ptorum
799 810 868 850 ac
911 794 1173 861 virtutes,
1205 792 1358 848 servi
1388 795 1590 847 autem
1632 789 1958 862 pr0phetaa,
2009 802 2163 859 quos

511 884 796 949 diversos,
819 882 1196 954 diversisque
1219 879 1591 951 temporibus
1616 877 1835 933 missos
1855 876 1933 932 ad
1957 874 2164 946 repeti-

511 973 738 1031 tionem
777 971 1130 1042 hujusmodi
1168 967 1594 1025 observationis
1627 965 2054 1022 mandatorum
2095 979 2163 1021 ac

510 1063 816 1127 virtutum,
858 1064 923 1116 ut
965 1060 1192 1116 dictum
1226 1062 1337 1128 est,
1371 1058 1552 1114 variis
1591 1055 1786 1112 modis
1819 1056 2161 1128 punierunt.

511 1155 740 1209 Marcus
755 1154 957 1206 autem
968 1153 1025 1205 et
1039 1151 1223 1205 Lucas
1241 1153 1358 1204 tres
1369 1147 1686 1203 missiones
1698 1145 2162 1216 descripserunt,

512 1239 776 1296 dicentes
811 1238 1027 1294 missos
1061 1252 1187 1293 esse
1223 1238 1267 1272 ⁸⁷
1305 1236 1500 1308 primo
1534 1249 1724 1290 unum
1760 1249 2019 1296 servum,
2061 1232 2164 1288 de-

509 1329 650 1385 inde
672 1327 946 1392 alterum,
963 1325 1349 1398 postmodum
1371 1325 1628 1380 tertium.
1654 1322 1840 1378 Necid
1866 1321 2165 1377 contradi-

512 1417 591 1474 cit
618 1417 710 1472 his
738 1432 875 1488 quaa
905 1414 1110 1470 scribit
1136 1413 1465 1470 Matthaaus.
1495 1415 1642 1467 Nam
1673 1416 1729 1467 et
1755 1410 1855 1466 hic
1884 1426 1990 1481 per
2015 1411 2167 1464 duas

512 1505 825 1562 missiones
850 1501 1303 1574 comprehendit
1327 1515 1558 1564 omnes,
1587 1504 1644 1555 et
1668 1498 1936 1554 similiter
1956 1499 2037 1553 illi
2063 1513 2168 1568 per

512 1599 648 1657 tres,
685 1593 779 1648 hic
811 1599 1006 1649 tamen
1051 1589 1404 1660 generalius,
1450 1587 1529 1643 illi
1557 1604 1700 1644 vero
1729 1567 2164 1660 particularius,
2204 1567 2245 1621 Β

510 1681 616 1754 qui
641 1680 822 1736 etiam
842 1695 948 1752 per
969 1694 1158 1734 unum
1179 1693 1418 1733 servum
1440 1692 1651 1733 omnes
1678 1677 2036 1748 signiﬁcant,
2063 1677 2167 1749 qui

510 1785 636 1827 una
646 1768 929 1826 missione
941 1767 1105 1823 missi
1120 1771 1259 1823 sunt
1271 1766 1606 1838 eodemque
1621 1765 2068 1838 tempore.Quid
2082 1769 2168 1822 est

513 1866 715 1917 autem
746 1857 908 1930 quod
942 1857 1083 1912 dicit
1105 1859 1334 1913 Marcus
1363 1873 1376 1911 :
1403 1856 1484 1911 Et
1515 1856 1675 1911 hunc
1706 1856 2035 1926 tapidantes
2065 1853 2168 1906 ἐχε-

515 1949 815 2023 φαλαὶωσαν
865 1947 956 2003 88?
999 1945 1256 2011 Quidam
1307 1945 1513 2001 dicunt
1559 1945 1934 2001 tantumdem
1989 1945 2168 2015 signi-

513 2037 701 2103 ﬁcari,
731 2053 799 2094 ac
829 2037 880 2092 si
909 2036 1158 2100 dicatur,
1185 2035 1353 2106 quod
1381 2035 1663 2106 injuriam
1689 2034 1749 2090 in
1776 2035 1892 2090 hoc
1921 2034 2168 2104 college-

515 2130 656 2182 runt
694 2126 817 2182 sive
861 2125 1284 2198 impleverunt.
1314 2127 1436 2194 Ego
1477 2127 1680 2180 autem
1720 2128 1866 2194 puto
1903 2123 2170 2196 ἐκεφαλαὶ-

517 2237 657 2270 ωσαν
687 2214 1044 2286 signiﬁcare,
1089 2215 1276 2285 Caput
1304 2212 1385 2268 illi
1415 2213 1917 2268 comminuerunt.

589 2307 753 2361 Vers.
784 2305 873 2359 37.
906 2303 1289 2360 Postmodum
1321 2317 1458 2358 vero
1487 2333 1555 2342 η*
1585 2301 1779 2371 ﬁlium
1807 2317 2018 2359 meum.
2053 2305 2173 2358 Hoc

518 2395 673 2453 dixit
708 2410 831 2450 non
876 2393 1048 2466 quasi
1089 2391 1388 2456 futurum;
1436 2391 1660 2447 sciebat
1701 2406 1967 2463 namque
2008 2391 2174 2464 quod

516 2486 681 2542 hunc
711 2481 1017 2540 reverituri
1046 2495 1168 2537 non
1199 2486 1414 2546 essent,
1462 2480 1567 2535 sed
1600 2483 1887 2552 tanquam
1918 2481 1979 2536 id
2007 2481 2176 2553 quod

517 2574 645 2630 ﬁeri
671 2572 932 2638 deberet,
966 2586 1036 2628 ac
1064 2570 1113 2626 si
1142 2569 1362 2626 diceret
1395 2585 1408 2624 :
1441 2569 1681 2640 Oportet
1705 2573 1766 2626 ut
1793 2575 2178 2626 revereantur

519 2663 711 2718 ﬁlium
739 2676 963 2716 meum.
1006 2661 1195 2714 Lucas
1240 2663 1440 2714 autem
1481 2658 1580 2728 ait,
1623 2659 1789 2730 quod
1833 2659 2043 2715 dixerit
2073 2659 2178 2714 do-

522 2752 725 2806 minus
752 2749 943 2804 vineae
975 2763 986 2803 :
1021 2748 1176 2814 Quid
1201 2746 1426 2817 faciam
1448 2750 1477 2802 ν
1501 2748 1734 2804 mittam
1757 2748 1955 2817 ﬁlium
1984 2764 2176 2806 meum

523 2839 844 2907 dilectum,-
888 2836 1165 2906 fortassis
1203 2836 1362 2892 hunc
1389 2834 1598 2892 intuiti
1635 2837 2066 2894 reverebuntur
2106 2839 2178 2893 ⁸9.

524 2927 680 2983 Dixit
724 2929 965 2983 autem:
1008 2925 1162 2992 Quid
1188 2925 1608 2994 faciamtnon
1650 2941 1722 2982 ex
1765 2925 2177 2999 ambiguitate,

529 3016 636 3072 sed
658 3031 731 3071 ex
759 3014 1013 3070 humani
1039 3013 1270 3085 generis
1295 3029 1519 3083 amore,
1543 3015 1864 3071 ostendens
1885 3019 2182 3087 quantum

528 3103 646 3161 sint
672 3103 754 3160 illi
783 3118 940 3159 curae
969 3103 1206 3173 ingrati,
1239 3103 1512 3159 nondum
1541 3118 1642 3158 eos
1665 3104 1877 3175 punire
1901 3104 2179 3170 volendo,

529 3194 635 3250 sed
656 3193 906 3249 modum
929 3193 1276 3266 quaerendo,
1295 3208 1418 3264 quo
1439 3193 1550 3248 hos
1571 3197 1955 3265 exasperatos
1977 3193 2184 3250 redde-

527 3287 617 3340 ret
639 3286 1010 3340 mansuetos.
1039 3281 1224 3339 Dictio
1255 3286 1456 3339 autem
1481 3283 1612 3343 ἴσως
1637 3282 1800 3354 apud
1829 3284 2046 3340 Lucam
2074 3299 2182 3356 pro

528 3388 651 3446 qua
660 3372 966 3437 vertimus,
981 3370 1267 3439 fortassis,
1281 3371 1342 3428 id
1359 3371 1526 3443 quod
1538 3370 1756 3428 decens
1770 3377 1860 3428 est
1873 3378 1928 3429 et
1939 3387 2184 3446 aequum

528 3461 744 3517 innuit.

601 3551 764 3606 Vers.
786 3551 872 3607 38.
890 3550 1193 3620 Agricola
1207 3553 1397 3606 autem
1413 3579 1482 3588 —
1497 3551 1640 3619 ejus.
1662 3550 2184 3624 Consideraquam

530 3639 840 3709 diligenter
881 3637 1148 3710 przedicit
1189 3653 1260 3693 ea
1304 3652 1441 3708 quae
1478 3642 1733 3695 ventura
1774 3644 1963 3696 erant.
2008 3641 2185 3712 Atqui

529 3743 654 3784 non
698 3727 1039 3784 occiderunt
1083 3726 1247 3782 hunc
1293 3728 1586 3798 tanquam
1626 3728 1728 3784 Dei
1781 3728 2006 3785 Filium.
2057 3733 2186 3787 Non

530 3816 878 3873 occiderunt
903 3832 1042 3873 eum
1069 3820 1132 3873 ut
1160 3816 1264 3873 Dei
1287 3815 1522 3884 Filium,
1548 3817 1656 3874 sed
1685 3819 2030 3876 occiderunt
2056 3823 2187 3876 tan-

529 3922 718 3978 quam
746 3906 936 3962 vineae
959 3905 1265 3963 haeredem
1290 3906 1415 3964 sive
1435 3911 1726 3981 tanquam
1752 3925 1954 3980 regem
1981 3909 2182 3966 Israel.

530 3995 896 4067 Aspicientes
923 3995 1220 4067 siquidem
1247 3994 1325 4052 ad
1356 4011 1427 4053 ea
1456 4013 1591 4069 quae
1622 3999 1986 4070 operabatur
2012 4001 2187 4057 mira-

531 4083 686 4149 cula,
715 4086 772 4138 et
792 4082 1101 4138 audientes
1122 4098 1194 4138 ea
1213 4099 1348 4154 quae
1372 4086 1808 4155 sapientissime
1835 4088 2185 4158 disserebat,

532 4175 940 4240 cognoverunt
981 4169 1226 4240 quidem
1259 4171 1421 4240 apud
1469 4175 1825 4245 semetipsos
1855 4175 2017 4232 hunc
2060 4193 2188 4234 esse

532 4274 714 4332 quem
727 4257 1032 4329 prophetae
1044 4273 1249 4328 regem
1262 4259 1438 4314 Israel
1451 4263 2189 4333 annuntiaverant,verum

531 4346 762 4404 invidia
803 4345 1016 4402 devicti
1042 4349 1098 4403 et
1121 4347 1198 4404 ab
1224 4363 1296 4404 ea
1324 4351 1624 4417 excwcati,
1653 4352 1713 4408 id
1741 4368 1884 4410 sane
1929 4356 2188 4415 occulta-

531 4439 766 4502 verunt,
791 4434 1105 4492 consilium
1125 4453 1266 4494 vero
1288 4445 1571 4512 ceperunt
1594 4446 1653 4498 ut
1672 4459 1810 4499 eum
1834 4445 2188 4525 occiderent,

534 4529 593 4583 et
635 4525 716 4581 ita
744 4529 1109 4596 occuparent
1132 4526 1415 4600 deinceps
1445 4529 1570 4600 ejus
1603 4530 2032 4602 haereditatem,
2077 4537 2191 4593 hoc

532 4619 624 4672 est
664 4613 979 4686 populum.
1019 4615 1390 4688 Occidamus,
1421 4618 1615 4690 inquit
1641 4622 1890 4694 Marcus,
1933 4639 2084 4693 eum,
2135 4633 2191 4683 et

2272 519 2588 591 ἡμάρτανον.

2349 609 2471 660 Ὅτε
2531 608 2588 662 δὲ
2649 609 3030 675 -ηὼσαύτωᾳ
3085 608 3281 678 Καρποὶ
3346 607 3434 676 μεν
3491 609 3580 654 τοῦ
3637 603 3882 677 ῥηθέντος

2271 702 2583 776 ἀμπελῶνος,
2641 701 2670 756 ἡ
2734 695 2933 766 φυλακή
3001 704 3100 748 τῶν
3152 702 3372 767 νομικῶν
3419 691 3628 744 ἐντολῶν
3659 697 3750 744 καὶ
3802 695 3882 743 αἱ-

2272 792 2468 866 ἀρεταί·
2524 786 2702 840 δοῦλοι
2765 783 2842 847 δὲ,
2903 786 2952 836 οἱ
2998 790 3281 857 προφῆται,
3331 782 3421 843 οὖς
3469 780 3649 833 ἄλλοτε
3692 779 3878 844 ἄλλους

2273 879 2654 938 ἀποσταλέντας
2733 875 2803 936 εἰς
2869 872 3150 931 ἀπαίτησιν
3202 881 3294 932 τῆς
3351 873 3620 938 τοιαύτης,
3685 874 3753 932 ὡς
3807 873 3876 923 εἵ-

2269 990 2446 1047 ρηται,
2504 967 2736 1040 φυλακῆς
2791 973 2880 1017 καί
2945 971 3042 1014 τῶν
3106 961 3317 1034 ἀρετῶν,
3379 957 3641 1034 διαφόρως
3686 959 3868 1033 ἐτιμω.

2270 1066 2524 1135 ρῆσαντο.
2584 1058 2792 1130 Μάρκος
2859 1049 2916 1105 δὲ
2981 1057 3071 1104 καὶ
3121 1056 3329 1112 Λουκᾶς
3392 1056 3528 1124 τρεῖς
3586 1048 3870 1112 ἀποστολὰς

2272 1157 2371 1200 τῶν
2451 1153 2723 1220 προφητῶν
2847 1140 3164 1213 ἀνέγραψαν,
3240 1139 3467 1210 λέγοντες
3552 1137 3872 1191 ἀπεστάλθαι

2273 1245 2495 1311 πρῶτον,
2551 1234 2634 1286 ἕνα
2717 1231 2921 1297 δοῦλον,
2978 1228 3088 1282 εἶτα
3155 1230 3343 1302 ἕτερον,
3421 1231 3599 1280 ἔπειτα
3679 1232 3872 1302 τρίτον.

2275 1326 2386 1379 Ούκ
2428 1327 2540 1376 ἔστι
2590 1320 2648 1375 δὲ
2711 1326 2864 1373 τόύτο
2922 1318 3272 1389 ἐναντιολογία
3312 1319 3441 1389 πρὸς
3471 1319 3557 1368 τόν
3587 1318 3876 1371 Ματθαῖον.

2277 1414 2518 1474 Κάκεῖνος
2547 1413 2646 1484 γὰρ
2703 1407 2794 1462 διὰ
2845 1417 2942 1460 τῶν
3001 1404 3098 1460 δύο
3157 1405 3456 1459 ἀποστολῶν
3512 1408 3708 1468 πάντας
3743 1426 3883 1479 συμ-

2273 1502 2560 1577 περιεἻαϐε,
2614 1504 2701 1552 καὶ
2771 1499 2915 1551 οὗτοι
2969 1493 3063 1549 διὰ
3116 1504 3214 1548 τῶν
3269 1504 3422 1569 τριῶν
3468 1497 3675 1567 ὁμοίως,
3735 1495 3881 1554 Πλην

2276 1593 2461 1653 ἐκεῖνος
2509 1593 2597 1662 μὲν
2653 1591 2970 1660 παχύτερον,
3059 1585 3203 1637 οὗτοι
3285 1583 3343 1637 δὲ
3395 1584 3877 1658 λεπτομερέστερον,

2275 1684 2324 1734 οῖ
2388 1685 2477 1733 καὶ
2526 1677 2618 1731 διὰ
2667 1685 2756 1728 τοῦ
2815 1675 2916 1736 ἑνός
2975 1671 3162 1727 δούλου
3216 1675 3415 1735 πάντας
3485 1669 3707 1730 δηλοῦσι
3757 1676 3883 1734 τοὺς

2275 1778 2364 1830 τῆς
2421 1775 2543 1842 μιᾶς
2600 1765 2895 1826 ἀποστολῆς
2971 1768 3060 1815 καὶ
3107 1769 3198 1814 τοῦ
3246 1762 3406 1815 αύτού
3469 1770 3675 1837 καιροῦ.
3731 1767 3794 1814 Τί
3822 1759 3883 1814 δέ

2828 1855 3036 1927 Μάρκος
3105 1857 3222 1927 περὶ
3274 1851 3396 1915 ἐνὸς,
3483 1852 3564 1904 ὅτι
3637 1850 3881 1904 Κάκεῖνον

2804 1942 3184 2015 ἐκεφαλαίωσαν
3238 1961 3251 2011 ;

2276 1861 2440 1928 ἐστιν,
2495 1859 2519 1909 ὅ
2576 1875 2641 1927 φη
2653 1875 2733 1907 σιν

2274 1947 2514 2005 λιθοϐολή
2526 1964 2698 2005 σαντες

2277 2041 2358 2091 ὅτι
2408 2034 2786 2108 ἐκεφαλαιωσαν
2855 2036 2949 2090 τὴν
3025 2030 3194 2103 ύϐριν,
3268 2034 3449 2103 ἤγουν,
3527 2031 3883 2107 ἐκορύφωσαν,

2280 2127 2379 2199 ἐγὼ
2421 2122 2478 2178 δὲ
2531 2122 2678 2196 οἶμαι
2728 2124 2807 2190 τὸ,
2863 2119 3265 2193 ἐκεφαλαὶωσαν,
3322 2118 3437 2173 ἀντὶ
3467 2127 3581 2189 τοῦ,
3633 2126 3722 2180 τὴν
3771 2123 3886 2195 (57)

2280 2214 2502 2288 κεφαλὴν
2534 2212 2692 2264 αὐτοῦ
2724 2209 3062 2284 συνέτριψαν.

3358 1944 3500 2004 Τινὲς
3575 1945 3664 2014 μὲν
3720 1939 3880 2011 εἷπον,

2349 2303 2593 2376 Ὕστερον
2649 2297 2708 2352 δὲ
2773 2331 2842 2340 —-
2896 2302 2984 2351 τόν
3023 2301 3133 2351 υἱόν
3191 2317 3316 2371 μου.
3381 2305 3546 2351 Τοῦτο
3597 2296 3753 2370 εἶπεν,
3785 2301 3893 2374 οὐχ

2927 2387 3174 2458 ἐγίνωσκε
3241 2389 3364 2460 γὰρ,
3441 2389 3522 2440 ὄτι
3574 2389 3668 2441 οὐκ
3717 2389 3892 2466 ἐντρα-

2884 2477 2994 2530 ἀλλ’
3049 2480 3118 2538 ὡς
3170 2475 3512 2549 ὀφειλόμενον,
3567 2479 3754 2531 ὡσανεὶ
3805 2484 3890 2532 λέ-

2283 2397 2346 2453 ὡς
2411 2390 2800 2462 ἀποϐησόμενον
2856 2405 2869 2418 ’

2282 2488 2540 2540 πὴσονται
2590 2486 2766 2532 τοῦτον
2820 2496 2830 2508 ·

2282 2592 2407 2643 γων,
2463 2571 2543 2622 ὅτι
2599 2572 2706 2641 χρὴ
2766 2567 2954 2628 αύτούς
3037 2564 3350 2640 ἐντραπῆναι
3427 2570 3514 2620 τὸν
3590 2570 3698 2621 υἱόν
3764 2589 3885 2641 μου.

2287 2664 2494 2721 Λουκᾶς
2542 2655 2602 2710 δέ
2663 2676 2844 2730 φησιν,
2901 2657 2983 2708 ὅτι
3017 2652 3152 2708 εἶπεν
3209 2656 3234 2706 ό
3295 2657 3472 2731 κύριος
3511 2665 3600 2709 τοῦ
3653 2657 3886 2730 ἀμπελῶ-

2287 2765 2389 2810 νοςο
2426 2752 2490 2800 Τί
2531 2750 2786 2814 neniae);
2843 2743 3031 2818 πέμψω
3083 2746 3169 2796 τὸν
3221 2746 3332 2795 υἱόν
3383 2763 3479 2816 μου
3536 2747 3621 2797 τόν
3666 2745 3883 2818 ἀγαπη-

2287 2841 2394 2890 τόν’
2472 2839 2599 2898 ἴσως
2700 2842 2877 2888 τοῦτον
2983 2830 3175 2894 ἰδόντες
3257 2835 3679 2908 ἐντραπήσονται.
3751 2833 3879 2889 Εἶπε

2291 2923 2370 2993 δὲ,
2427 2929 2490 2979 Τί
2542 2929 2786 2990 naniam;
2845 2923 2940 2976 ούκ
2987 2923 3040 2986 ἐξ
3107 2923 3344 3000 ἀπορίας,
3425 2923 3528 2976 ἀλλ’
3586 2923 3640 2977 ἐκ
3710 2925 3880 2998 φιλαν-

2294 3018 2540 3088 θρωπίας,
2599 3011 2867 3079 δεικνύων,
2921 3017 3082 3066 πόσον
3122 3010 3345 3072 κήδεται
3400 3023 3499 3066 τῶν
3559 3013 3887 3089 ἀχαρίστων,

2291 3109 2441 3178 ρὴπω
2494 3103 2644 3157 Θέλων
2693 3111 2934 3156 κακῶσαι
2997 3105 3229 3172 τούτους,
3281 3102 3407 3156 ἀλλὰ
3465 3104 3632 3164 ζητῶν
3680 3109 3890 3178 τρόπον,

2295 3190 2368 3246 δι’
2413 3193 2473 3245 οὗ
2513 3195 2722 3255 τούτονς
2795 3192 3141 3268 ἀγριωθέντας
3196 3194 3476 3266 ἡμερώσει.
3524 3196 3624 3248 Καὶ
3668 3196 3723 3246 τὸ
3763 3195 3891 3256 ἴσως

2297 3279 2375 3351 δὲ,
2401 3285 2458 3334 τὸ
2483 3282 2620 3345 εἰκός
2645 3279 2816 3340 δηλοῖ.

2365 3557 2434 3612 Oi.
2485 3586 2552 3597 —
2602 3556 2779 3608 αὐτοῦ.
2839 3559 3044 3625 Σκόπει,
3099 3563 3208 3617 πῶς
3265 3555 3486 3628 ἀκριϐῶς
3543 3557 3780 3629 προλέγει
3828 3562 3897 3613 τὰ

2292 3644 2556 3718 μελλοντα.
2612 3650 2712 3698 Καὶ
2763 3648 2884 3717 μὴν,
2945 3645 3050 3717 ούχ
3098 3648 3161 3706 ὡς
3207 3649 3322 3697 Υίὸν
3374 3650 3500 3698 Θεοῦ
3538 3653 3718 3698 τοῦτον
3757 3646 3894 3700 ἀνεῖ-

2292 3735 2402 3788 λον·
2460 3735 2554 3788 οὐκ
2603 3733 2794 3787 ἀνεῖλον
2860 3734 3035 3803 αὐτὸν,
3124 3737 3191 3798 ὡς
3279 3737 3398 3788 Υἱὸν
3447 3743 3600 3789 Θεοῦ⁹
3658 3735 3762 3788 ἀλλ’
3824 3741 3894 3801 ὡς

2293 3825 2607 3898 κληρονόμον
2648 3832 2739 3877 τοῦ
2794 3823 3106 3897 ἀμπελῶνος,
3164 3828 3344 3896 ἤγουν,
3388 3827 3454 3886 ὡς
3518 3825 3744 3898 βασιλέα
3802 3835 3896 3880 τοῦ

2295 3915 2533 3991 Ἰσραήλ,
2599 3915 2870 3976 Βλέποντες
2919 3916 3020 3989 γὰρ
3057 3916 3091 3966 ἅ
3120 3913 3496 3989 ἐτερατούργει,
3547 3920 3637 3968 καὶ
3685 3915 3900 3969 ἀκούον-

2295 4023 2377 4065 τες
2437 4004 2471 4056 οἶ
2527 4003 2837 4076 ἐφιλοσόφει,
2919 4006 3240 4076 συνῄσθοντο
3299 4007 3389 4077 μὲν
3447 4003 3494 4056 ἐν
3551 4005 3755 4067 ἑαυτοῖς
3821 4008 3902 4058 ὅτι

2297 4093 2451 4154 αύτός
2504 4092 2643 4145 ἐστιν
2701 4094 2754 4144 ὃν
2799 4095 2848 4144 οἱ
2903 4101 3170 4169 προφῆται
3208 4093 3624 4166 κατ-ἀγγέλλουσι
3679 4093 3905 4166 βασιλέα

2296 4189 2387 4233 τοῦ
2421 4181 2651 4253 Ἰσράἠλο
2713 4180 3058 4244 ἐκνικηθέντες
3115 4178 3173 4234 δὲ
3227 4191 3300 4254 τῷ
3349 4184 3538 4255 φθόνῳ,
3593 4188 3684 4235 καὶ
3731 4203 3904 4236 σκοτιο

2301 4271 2499 4331 σθέντες
2541 4271 2641 4322 ὑπὸ
2681 4278 2776 4332 τῆς
2824 4270 3133 4343 βασκανίας,
3185 4279 3338 4324 τοῦτο
3384 4275 3473 4344 μὲν
3517 4272 3899 4345 συνεκάλυψαν,

2303 4357 2615 4431 συμϐούλιον
2682 4356 2740 4412 δὲ
2792 4359 2989 4425 ἔλαϐον,
3062 4363 3144 4413 ἶνα
3190 4361 3344 4413 αὐτόν
3403 4359 3769 4428 ἀποκτείνωσι,
3810 4367 3902 4415 καὶ

2298 4448 2476 4500 λοιπὸν
2506 4454 2918 4523 κυριαρχήσωσι
2969 4457 3065 4511 τῆς
3123 4449 3464 4523 κληρονομίας
3507 4451 3688 4520 aurai);
3723 4456 3901 4503 τουτέ-

2304 4558 2409 4607 στι,
2437 4546 2529 4590 τοῦ
2555 4537 2700 4604 λαοῦ,
2731 4534 2895 4610 μηδὲν
2927 4538 2998 4600 εἰς
3027 4541 3084 4590 τὸ
3113 4539 3230 4602 ἑξῆς
3251 4541 3644 4600 ύπόπτεύοντες.
3675 4543 3770 4590 Καὶ
3792 4540 3894 4609 γάρ

2304 4628 2424 4692 ζῶν,
2458 4627 2676 4700 ἤλεγχεν
2707 4627 2916 4694 αύτούς,
2972 4632 3062 4680 καὶ
3090 4625 3344 4692 ὠνείδιζε,
3385 4633 3474 4681 καὶ
3523 4627 3713 4687 ἠπείλει
3751 4626 3888 4696 (58).

530 4707 739 4762 nostra
759 4703 872 4760 erit
894 4702 1209 4763 haereditas
1235 4707 1304 4762 9°.
1327 4707 1474 4763 nihil
1495 4713 1695 4766 autem
1723 4710 1797 4766 de
1823 4727 1894 4768 eo
1917 4713 2082 4785 quod
2107 4715 2170 4771 in
2194 4722 2501 4790 posterum
2529 4717 2871 4774 succederet
2894 4717 3378 4789 suspicabantur.
3411 4716 3636 4774 Etenim
3687 4714 3892 4770 vivens

531 4793 731 4850 adhuc
755 4793 1047 4863 arguebat
1075 4810 1200 4861 eos,
1229 4799 1285 4852 et
1310 4798 1714 4870 exprobrabat
1735 4800 1870 4866 illis,
1898 4817 2022 4858 non
2051 4807 2252 4863 tamen
2273 4806 2326 4862 ei
2356 4805 2505 4862 ﬁdes
2533 4807 2893 4862 habebatur.

600 4885 765 4939 Vers.
792 4882 883 4938 39.
907 4884 987 4940 Et
1007 4915 1074 4924 —
1095 4886 1458 4944 occiderunt.
1485 4889 1660 4946 Extra
1685 4890 1968 4948 terminos
1993 4892 2182 4950 vineas

534 4988 676 5044 suae,
711 4975 876 5029 extra
905 4971 1220 5032 civitatem.
1246 4978 1396 5035 Nam
1422 4976 1582 5034 hunc
1610 4984 1776 5036 extra
1804 4979 1967 5037 illam
1997 4983 2182 5040 cruci-

605 5146 654 5184 ³⁷
679 5148 860 5205 Marc.
883 5163 950 5217 n,
976 5154 1010 5207 2
1039 5167 1243 5226 seqq.;
1268 5155 1407 5213 Luc.
1437 5173 1540 5225 xx,
1570 5160 1640 5217 10
1665 5173 1836 5234 seqq.

1950 5160 1998 5196 ⁸⁸
2031 5164 2205 5218 Marc.
2243 5177 2342 5230 xu,
2383 5165 2437 5218 4.

2366 4900 2467 4948 Καὶ
2521 4926 2586 4937 -
2645 4895 2962 4950 ἀπέκτειναν.
3015 4895 3150 4958 ’Ἐξω
3225 4905 3324 4948 τῶν
3377 4897 3528 4970 ὁρίων
3585 4902 3678 4948 τοῦ
3736 4891 3902 4968 ἀμπε-

2290 4984 2460 5052 λῶνος,
2520 4988 2702 5057 ἤγουν,
2756 4984 2850 5048 ἔξω
2901 4994 2993 5046 τῆς
3062 4985 3270 5048 πόλεως.
3359 4985 3496 5048 Ἔξω
3547 4989 3648 5062 γάρ
3734 4986 3901 5050 αὐτῆς

2552 5163 2598 5199 θ’
2631 5165 2770 5220 Luc.
2798 5179 2898 5231 xx,
2937 5167 3022 5220 13.
3134 5167 3184 5201 ⁹⁰
3212 5167 3389 5223 Marc.
3417 5180 3511 5234 xu,
3541 5165 3596 5222 8.

1786 5337 2016 5406 Variae
2040 5338 2369 5408 lectiones
2414 5348 2479 5407 et
2526 5348 2728 5408 notae.

603 5544 717 5686 $56)
744 5547 1031 5627 Tomi/'11,
1079 5566 1139 5623 p.
1168 5553 1271 5609 670
1294 5554 1361 5610 Α.

627 5617 718 5686 57)
758 5617 953 5674 Simile
991 5626 1097 5686 est,
1129 5624 1294 5686 quod
1323 5627 1361 5681 H

627 5617 718 5687 57)
758 5617 953 5674 Simile
991 5617 1100 5690 est,
1129 5624 1294 5696 quod
1323 5625 1652 5697 Hesychius
1690 5627 1918 5695 laudat,
1955 5633 2178 5702 γναθοῦν

2289 5565 2346 5615 τό
2369 5562 2439 5635 είς
2459 5564 2687 5635 νγνοίᾷους
2716 5566 2924 5617 τύπτειν
2939 5608 2951 5622 .

2360 5634 2477 5706 (58)
2546 5634 2871 5693 Hentenius
2931 5637 3034 5710 ita,
3108 5653 3181 5698 ac
3241 5639 3293 5694 si
3341 5637 3542 5710 legerit
3598 5637 3897 5698 ἠπιστήθη.
