4186 6318
319 325 429 380 565

1290 317 1662 377 COMMENT.
1706 313 1776 369 IN
1811 309 2255 368 ΜΑΤΤΗΑΞΗΜ.
2299 344 2366 354 -
2406 313 2561 370 CAP.
2593 314 2744 369 XXI.

3585 313 3693 370 566

320 461 505 505 τοῦτον
559 452 914 524 ἕσταυρωσαν.
971 448 1185 519 Μάρκος
1239 442 1298 498 δὲ
1351 464 1529 518 φησιν,
1595 444 1673 494 ὅτι
1729 448 1900 514 πρῶτο

2039 436 2311 494 ﬁxerunt.
2357 443 2585 496 Marcus
2609 444 2809 496 autem
2827 439 2989 508 dicit,
3023 438 3188 511 quod
3235 438 3396 494 hunc
3424 439 3689 510 primum

323 543 624 595 ἀπέκτειναν
671 539 847 607 αὐτὸν,
898 534 1008 588 εἶτα
1056 535 1288 598 ἐξέϐαλον
1334 535 1427 596 ἔξω
1476 541 1568 586 του
1615 530 1924 602 ἀμπελῶνος.

321 633 385 685 Τί
443 629 528 684 οὖν
605 628 852 701 ἐροῦμενς
889 628 968 678 ὅτι
1026 630 1082 677 τὸ
1143 625 1406 687 Ἐξέϐαλον
1477 623 1572 686 ἔξω
1635 623 1752 673 καθ’
1827 619 1926 670 ἓτε-

320 741 408 795 ρον
440 721 628 780 ἐκεῖνος
655 715 763 770 εἶπε
793 720 1189 788 σημαινόμενον,
1230 713 1338 766 ἀντὶ
1377 721 1488 777 του,
1537 713 1924 783 Ἀπεστέρησαν

323 811 456 881 (59),
488 812 556 869 ὡς
585 807 764 869 αὐτοῖς
787 803 978 860 ἐδόκει.

389 898 547 949 Ὅταν
592 927 662 936 -
703 899 949 958 ἑκείνοις;
981 893 1174 953 Αὐτοὺς
1218 891 1385 965 ἐρωτᾷ
1425 890 1594 955 πάλιν,
1648 889 1732 939 ’ἰνα
1772 887 1924 938 αὐτοὶ

317 986 432 1039 καθ’
491 986 684 1038 ἑαυτῶν
743 983 1096 1056 ἐξαγαγόντες,
1165 981 1428 1034 κάνταῦθα
1492 984 1584 1038 τὴν
1659 977 1920 1049 ἀπόφασιν

313 1077 751 1149 αὐτοκατάκριτοι
779 1079 1047 1145 γένωνται.

390 1171 648 1237 Λέγουσιν
678 1197 745 1203 -
787 1163 1028 1215 ἀπολέσει
1059 1161 1266 1222 αὐτούς.
1298 1163 1501 1220 Κακοὺς
1542 1163 1693 1218 ὄντας
1721 1162 1919 1229 πικρῶς

315 1255 527 1306 κολάσει
553 1255 756 1313 αὐτούς.

392 1349 490 1396 Καὶ
539 1342 814 1394 -αὗτῶλ
877 1348 1113 1401 *Λκοντες
1169 1341 1556 1414 προγητεύουσὶ
1613 1339 1701 1386 καὶ
1765 1333 1912 1386 αὐτοὶ

315 1437 372 1484 τὸ
418 1431 614 1502 μέλλον.
652 1431 837 1484 Ἐλθὼν
889 1433 987 1503 γάρ
1022 1431 1046 1480 6
1099 1432 1275 1501 κύριος
1324 1435 1413 1478 τοὺ
1457 1427 1691 1478 τοιουτου
1747 1424 1916 1494 ἀμπε-

313 1522 486 1584 λῶνος,
533 1526 726 1592 ἤχουν,
774 1519 1001 1579 ἀναστὰς
1046 1517 1099 1569 ἐκ
1129 1527 1316 1589 νεκρῶν
1362 1519 1386 1567 6
1437 1519 1685 1587 Χριστός,
1719 1515 1744 1564 6
1791 1512 1913 1570 κλη-

314 1616 548 1685 ρονόμος,
582 1615 671 1661 καὶ
718 1608 1000 1660 ἐπανελθὼν
1052 1607 1122 1666 εἰς
1169 1611 1262 1664 την
1299 1603 1436 1658 ἰδίαν
1481 1604 1740 1668 ἐξουσίαν,
1784 1621 1913 1674 παρ-

315 1695 502 1750 έδωκεν
591 1699 776 1758 αὐτοὺς
853 1705 963 1758 τοῖς
1044 1696 1316 1768 Ῥωμαίοις
1382 1695 1451 1754 εἰς
1539 1693 1742 1766 ὀλεθρον
1823 1697 1912 1742 καὶ

2037 526 2396 595 occiderunt,
2429 529 2643 583 deinde
2686 528 2842 584 foras
2890 533 3047 584 extra
3071 528 3311 584 vineam
3365 529 3686 599 eiecerunt.

2037 616 2189 678 Quid
2211 633 2352 686 ergo
2379 617 2647 696 dicemus
2665 619 2691 671 ?
2723 617 2890 682 Quod
2911 619 3024 683 ille,
3057 621 3232 674 Foras
3259 619 3489 690 ejicere,
3514 621 3689 691 juxta

2033 703 2196 759 aliud
2218 706 2367 760 dixit
2413 707 2829 775 significatum,
2885 712 2948 762 ut
2993 709 3359 763 tantumdem
3408 710 3480 764 sit
3533 711 3688 766 sicut

2032 791 2376 850 haereditate
2407 797 2662 867 privare,
2688 800 2866 866 prout
2896 795 3008 850 illis
3032 796 3366 852 videbatur.

2104 901 2262 955 Vers.
2295 901 2383 956 40.
2418 903 2568 958 Cum
2598 933 2666 941 —
2698 902 2818 957 illis
2843 902 2871 956 ?
2902 905 3156 958 Rursum
3196 917 3299 958 eos
3337 905 3684 978 interrogat,

2032 991 2095 1044 ut
2114 994 2320 1046 contra
2337 991 2686 1061 semetipsos
2711 990 2823 1062 ipsi
2854 991 3292 1046 concitarentur
3319 992 3436 1063 (tt),
3469 1009 3538 1050 ac
3554 1011 3685 1052 sese

2029 1077 2256 1148 prolata
2273 1081 2558 1136 sententia
2585 1079 3076 1136 condemnarent.

2101 1169 2259 1223 γεγε.
2291 1173 2380 1224 41.
2408 1171 2631 1226 Dicunt
2653 1201 2721 1210 —
2747 1169 2971 1240 perdet.
2994 1167 3286 1224 Melicum
3311 1168 3446 1241 sint,
3477 1172 3686 1229 acerbe

2027 1255 2158 1312 illos
2185 1259 2409 1328 puniet.

2098 1348 2367 1402 Vers.4l.
2400 1350 2465 1404 Et
2497 1381 2565 1388 —
2593 1349 2715 1404 suis
2742 1347 3017 1404 Nolentes
3056 1347 3417 1420 prophetant
3474 1353 3529 1404 et
3571 1350 3685 1422 ipsi

2025 1436 2190 1506 quod
2219 1436 2482 1493 futurum
2523 1443 2632 1493 est.
2693 1438 2942 1494 Veniens
2984 1437 3143 1492 enim
3193 1436 3471 1493 dominus
3502 1440 3682 1510 hujus

2023 1525 2233 1589 vineae,
2268 1532 2411 1596 puta
2436 1526 2700 1582 Christus
2744 1526 2933 1581 haeres
2964 1543 2999 1582 a
3030 1525 3279 1581 mortuis
3335 1543 3677 1596 resurgens.

2024 1629 2090 1667 ac
2118 1616 2359 1685 propria
2382 1621 2663 1686 potestate
2691 1631 2983 1680 reversus,
3006 1615 3251 1669 tradidit
3275 1631 3374 1670 eos
3397 1619 3680 1673 Romanis

2023 1701 2082 1756 in
2105 1704 2498 1773 perditionem
2522 1711 2575 1760 et
2608 1705 2928 1759 interitum.
2983 1706 3201 1759 Locum
3233 1710 3434 1759 autem
3493 1707 3678 1762 vineae

317 1786 624 1860 ἀφανισμόν.
690 1791 786 1839 Τόν
845 1784 904 1838 δε
949 1791 1104 1838 τόπον
1188 1792 1278 1837 τοῦ
1350 1783 1640 1856 ἀμπελῶνος
1699 1778 1901 1844 ἐξέδωκε

2022 1791 2231 1846 locavit
2279 1793 2744 1848 Christianorum
2785 1792 3099 1863 episcopis,
3158 1792 3258 1862 qui
3309 1795 3675 1864 temporibus

313 1885 425 1937 τοῖς
476 1886 574 1929 τῶν
625 1884 948 1950 Χριστιανῶν
996 1874 1320 1943 ἐπισκόποις,
1376 1875 1424 1925 οῐ
1468 1877 1557 1924 καὶ
1608 1874 1741 1923 κατά
1791 1876 1910 1932 τοὺς

312 1970 527 2040 καιροὺς
578 1966 764 2029 αὐτῶν,
825 1965 905 2016 ὃτε
958 1961 1165 2022 δηλαδὴ
1227 1966 1292 2015 τὰ
1359 1971 1686 2036 Χριστιανῶν
1744 1962 1907 2024 ἤνθει,

313 2052 662 2131 διαφερόντως
723 2054 1102 2128 ἐκαρποφόρουν
1158 2057 1246 2113 τὰς
1307 2052 1486 2125 ἀρετάς
1546 2050 1700 2104 Ἀλλά
1762 2057 1908 2102 Ματ-

314 2147 458 2206 θαῑος
503 2149 591 2218 μὲν
643 2145 824 2205 αὐτοὺς
873 2144 1008 2216 λέγει
1055 2143 1171 2195 καθ’
1211 2143 1402 2194 ἑαυτῶν
1456 2146 1548 2198 την
1595 2140 1766 2210 ψῆφον
1811 2138 1908 2200 ἐξε-

306 2243 500 2306 νεγκεῖν
532 2255 544 2268 ο
593 2236 797 2307 Μάρκος
867 2230 925 2285 δὲ
989 2238 1078 2284 καὶ
1138 2239 1339 2292 Λουκᾶς
1389 2251 1562 2303 φασιν,
1627 2229 1704 2281 ὅτι
1751 2228 1906 2289 αὐτὸς

308 2322 601 2395 ἀπεφήνατο
658 2323 772 2374 κατ’
833 2323 1021 2376 αὐτῶν.
1086 2323 1237 2383 Εἰκὸς
1285 2317 1366 2388 δὲ,
1431 2328 1633 2392 πρῶτον
1687 2318 1906 2380 ἐκείνους

305 2411 696 2485 ἀποφήνασθαι,
744 2409 855 2464 εἶτα
902 2415 987 2463 τὸν
1038 2415 1266 2486 Χριστὸν
1317 2411 1494 2476 εἰπεῖν,
1550 2409 1670 2483 ὅπερ
1726 2407 1906 2460 ἐκεῖνοι

305 2499 464 2566 εἶπον,
523 2501 919 2554 ἐπιϐιϐαιοῦντα
955 2505 1040 2552 τὸν
1092 2500 1242 2572 λόγον
1289 2499 1476 2551 αὐτῶν.
1509 2495 1803 2551 ’Ῑδιαίτατα
1847 2494 1906 2556 δὲ

308 2599 512 2653 Λουκᾶς
573 2596 794 2666 εἴρηκεν,
874 2592 954 2643 ὃτι
1037 2589 1348 2652 ἀκούσαντες
1427 2588 1584 2652 εἶπον,
1661 2593 1746 2646 Μὴ
1824 2593 1903 2659 γέ·

304 2701 460 2734 νοιτο.
521 2685 626 2755 Πρὸ
659 2681 873 2745 Ξτούτου
918 2683 1018 2755 γὰρ
1071 2680 1390 2751 ἀγνοοῦντες,
1437 2679 1516 2730 ότι
1563 2682 1680 2752 περὶ
1738 2678 1904 2729 αὐτῶν

306 2769 365 2830 ἦν
405 2773 434 2829 ἡ
488 2770 776 2846 παραϐολὴ,
832 2769 1254 2842 κατεψηφίσαντο
1303 2769 1513 2821 ἑαυτῶν·
1561 2768 1775 2840 ὕστερον
1822 2764 1899 2833 δὲ,

301 2859 751 2933 ἐπιψηφισαμένου
827 2867 919 2912 τοῦ
967 2867 1222 2934 Χριστοῦ,
1275 2865 1522 2927 συνῆκαν,
1593 2861 1682 2908 καὶ
1740 2858 1899 2923 εἶπον,

300 2955 385 3008 Mi:
413 2954 634 3021 γένοιτο.

373 3043 528 3109 Λέγει
606 3069 665 3077 -
731 3041 1244 3109 γωνίας;Λαυῑτική
1327 3040 1415 3108 μὲν
1486 3037 1515 3094 ἡ
1591 3039 1896 3110 προφητεία,

2022 1879 2163 1944 suis,
2194 1881 2440 1951 quando
2464 1881 2732 1936 videlicet
2761 1881 3227 1935 Christianorum
3260 1885 3532 1951 tempora
3572 1885 3679 1940 ilo-

2018 1968 2247 2033 rebant,
2281 1971 2476 2024 varias
2504 1968 2746 2023 virtutes
2772 1968 3231 2023 fructiﬁcabant.
3277 1970 3483 2023 Verum
3533 1974 3678 2026 Mat-

2018 2056 2204 2110 thaeus
2233 2057 2478 2126 quidem
2511 2057 2671 2127 ipsos
2701 2056 2778 2110 ait
2820 2060 3028 2110 contra
3058 2071 3186 2109 sese
3218 2057 3506 2126 potulisse
3547 2073 3677 2113 sen-

2018 2145 2271 2199 tentiam.
2306 2146 2534 2200 Marcus
2567 2149 2765 2200 autem
2787 2150 2842 2199 et
2866 2147 3051 2199 Lucas
3081 2144 3288 2199 dicunt
3315 2146 3515 2215 ipsum
3538 2163 3677 2202 con-

2016 2237 2102 2289 tra
2131 2233 2261 2288 illos
2293 2233 2652 2292 sententiam
2685 2234 2885 2288 tulisse
2921 2235 2992 2289 ’1.
3025 2233 3358 2289 Verisimile
3398 2250 3540 2304 ergo
3588 2240 3676 2293 est

2014 2322 2276 2394 primum
2303 2322 2433 2377 illos
2466 2322 2668 2378 tulisse
2694 2322 3080 2386 sententiam;
3125 2321 3343 2376 deinde
3371 2322 3673 2378 Christum

2015 2409 2229 2465 dixisse
2258 2411 2425 2482 quod
2456 2411 2535 2465 illi
2567 2410 2853 2469 dixerant.
2897 2409 3314 2464 conﬁrmando
3340 2410 3565 2465 dictum
3586 2413 3673 2482 ip-

2016 2515 2241 2556 sorum.
2269 2499 2675 2571 Propriissime
2696 2504 2895 2554 autem
2921 2498 3069 2552 dixit
3100 2498 3309 2565 Lucas,
3335 2499 3501 2569 quod
3531 2516 3671 2555 cum

2015 2588 2324 2644 audissent
2352 2588 2656 2642 dixerunt:
2686 2587 2866 2642 Absit.
2892 2590 3078 2641 Antea
3109 2585 3268 2641 enim
3299 2587 3667 2655 ignorantes,

2014 2677 2180 2748 quod
2220 2677 2294 2732 de
2324 2677 2467 2747 ipsis
2497 2680 2656 2731 esset
2685 2675 2992 2747 parabole,
3019 2677 3556 2732 condemnaverant
3583 2691 3673 2731 se-

2011 2766 2176 2836 ipsos
2211 2784 2224 2833 ;
2279 2765 2665 2837 postmodum
2693 2780 2834 2820 vero
2866 2764 3240 2828 sententiam,
3275 2764 3668 2822 conﬁrmante

2013 2853 2262 2920 Christo,
2287 2853 2701 2909 intellexerunt
2726 2857 2782 2909 et
2811 2853 3100 2918 dixerunt,
3134 2853 3318 2908 Absit.

2079 3051 2240 3105 Vers.
2278 3051 2364 3104 4‘2.
2401 3051 2556 3106 Dicit
2591 3081 2657 3090 —
2709 3047 2979 3120 anguli?
3018 3047 3304 3104 Davidica
3350 3047 3666 3119 prophetia

299 3124 536 3180 δείκνυσι
569 3123 628 3179 δὲ
659 3123 751 3179 διὰ
797 3129 992 3188 ταύτης
1041 3129 1065 3179 6
1095 3129 1346 3199 Χριστὸς,
1380 3127 1459 3178 ὅτι
1488 3128 1694 3186 πάντως
1726 3127 1894 3189 ἔσται,

2022 3143 2117 3196 est.
2144 3140 2412 3196 Ostendit
2425 3144 2621 3195 autem
2637 3154 2743 3210 per
2759 3138 2914 3194 hanc
2933 3137 3217 3203 Christus,
3239 3137 3404 3208 quod
3416 3137 3662 3193 omnino

297 3219 332 3268 οἷ
405 3215 558 3283 εἶπεν,
642 3216 1060 3288 προαγγελθέντα
1135 3215 1295 3268 πάλαι
1375 3217 1516 3288 παρά
1584 3222 1675 3266 του
1746 3213 1896 3284 ἀγίου

300 3308 608 3376 Πνεύματος.
705 3311 802 3370 Καὶ
885 3304 1282 3378 ἀναιρεθήσεται
1373 3309 1462 3377 μεν
1535 3303 1620 3356 ὑπ’
1706 3303 1892 3367 αὐτῶν,

300 3393 521 3454 ἀναστὰς
565 3391 622 3446 δὲ
653 3393 706 3446 ἐκ
748 3403 954 3466 νεκρῶν,
992 3400 1267 3465 γενήσεται
1312 3393 1382 3454 εἰς
1424 3393 1644 3464 κεφαλὴν
1683 3397 1893 3463 γωνίας.

297 3487 360 3536 Τί
419 3479 476 3535 δὲ
531 3488 680 3535 τοῦτ-ό
734 3483 894 3549 ἐστιν,
941 3482 1170 3555 ἐροῦμεν.
1216 3491 1483 3557 Τροπικῶς
1535 3485 1564 3539 ἡ
1607 3485 1898 3553 προφητεία

295 3573 435 3624 λίθον
477 3577 566 3646 μὲν
624 3573 859 3645 ὠνόμασε
908 3577 994 3624 τόν
1054 3577 1298 3643 Χριστόν·
1357 3568 1755 3642 οἰκοδομοῦντας
1814 3568 1891 3633 δὲ,

298 3665 412 3721 τοὺς
443 3658 806 3722 διδασκάλους
837 3671 934 3714 τῶν
977 3658 1265 3731 Ἰουδαίων,
1324 3661 1412 3722 οὖς
1447 3665 1535 3712 καὶ
1578 3664 1831 3734 γεωργοὺς
1861 3662 1889 3716 η

299 3749 562 3822 παραϐολὴ
655 3756 1097 3822 προσηγόρευσεν
1181 3747 1576 3822 ἀπεδοκίμασαν
1671 3746 1729 3801 δὲ
1807 3752 1893 3800 τόν

293 3848 525 3892 τοιοῦτον
575 3841 720 3892 οὗτοι
760 3841 918 3910 λίθον,
975 3842 1156 3911 ἂγουν,
1213 3839 1508 3905 ἀπώσαντο,
1559 3848 1757 3912 πρῶτον
1803 3843 1892 3910 μὲν

292 3928 546 3998 λέγοντες,
612 3929 774 3989 Οὗτος
830 3929 921 3980 οὐκ
986 3933 1124 3981 ἔστιν
1183 3927 1236 3980 ἐκ
1287 3930 1397 3999 (60)
1451 3937 1540 3980 τοῦ
1593 3934 1738 3981 Θεοϋ’
1803 3933 1892 3980 καὶ

563 4018 731 4080 Οὗτος
791 4018 954 4088 πλανᾷ
1027 4022 1111 4070 τόν
1187 4022 1381 4090 κόσμον
1453 4018 1588 4088 (61),
1665 4023 1754 4069 καὶ
1827 4020 1892 4069 τὰ

1557 4106 1756 4178 Κεφαλὴ
1833 4103 1891 4159 δὲ

655 3756 1097 3824 προσηγόρευσεν

291 4017 464 4081 πάλιν,

290 4115 527 4160 τοιαῦτα·
591 4106 871 4158 τελευταῖον
943 4104 1000 4160 δὲ
1068 4113 1476 4181 σταυρῶσαντες.

290 4200 478 4266 γωνίας
533 4195 672 4248 ἐστὶν
721 4196 745 4246 6
799 4193 1168 4270 ἀκρογωνιαίος
1208 4196 1367 4258 λίθος.
1413 4196 1638 4268 Ἐγένετο
1689 4193 1774 4248 οὖν
1823 4197 1890 4258 εἰς

291 4284 513 4356 κεφαλὴν
551 4289 745 4357 γωνίας
789 4287 813 4337 6
847 4289 1090 4357 Χριστὸς,
1144 4290 1173 4343 ἤ
1207 4306 1351 4357 γουν,
1384 4286 1607 4360 ὑπῆρξεν
1650 4285 1888 4359 ἀκρογω-

290 4382 452 4435 νιαῖος
515 4375 668 4439 λίθος,
739 4374 786 4426 ἐν
839 4383 911 4444 τῷ
982 4377 1391 4448 παρεικάζεσθαι
1461 4381 1674 4448 τοιούτῳ
1740 4377 1885 4447 λίθῳ.

2006 3229 2204 3284 futura
2231 3234 2363 3283 sunt
2393 3245 2522 3299 quae
2553 3229 2713 3291 dixit,
2747 3243 2883 3299 qua;
2913 3228 3092 3282 etiam
3125 3243 3162 3282 a
3215 3226 3431 3296 Spiritu
3457 3230 3663 3280 sancto

2005 3317 2146 3373 olim
2172 3317 2569 3388 praenuntiata
2589 3317 2844 3370 fuerant.
2875 3317 2940 3369 Et
2967 3315 3214 3386 quidem
3260 3315 3336 3370 ab
3389 3315 3473 3368 eis
3510 3315 3661 3368 occi-

2004 3406 2171 3460 detur
2241 3404 2534 3470 Christus,
2617 3403 2740 3457 sive
2818 3401 3281 3472 reprobabitur:
3350 3416 3558 3455 verum
3625 3417 3662 3456 a

2005 3493 2256 3548 mortuis
2284 3508 2622 3561 resurgens,
2655 3491 2754 3546 ﬁet
2795 3492 2855 3545 in
2885 3494 3066 3561 caput
3123 3489 3343 3558 anguli.
3392 3490 3541 3554 Quid
3572 3495 3659 3544 est

2004 3588 2202 3638 autem
2226 3583 2339 3637 hoc
2363 3582 2390 3635 ‘?
2412 3582 2673 3636 Dicimus
2704 3580 2868 3652 quod
2896 3579 3207 3650 prophetia
3235 3579 3530 3634 Christum
3552 3595 3660 3650 ap-

2002 3671 2245 3742 pellavit
2275 3671 2534 3742 lapidem
2569 3688 2583 3737 ;
2623 3669 2987 3725 aediﬁcantes
3017 3685 3178 3738 vero,
3215 3669 3532 3737 magistros
3564 3671 3660 3723 Ju-

2003 3760 2290 3826 daeorum,
2306 3776 2458 3830 quos
2471 3761 2646 3814 etiam
2662 3758 2950 3826 agricolas
2967 3757 3300 3813 nominavit
3314 3757 3657 3828 praecedens

2002 3848 2337 3920 parabola;
2380 3847 2852 3919 reprobaverunt
2909 3851 3107 3900 autem
3159 3845 3280 3900 sive
3313 3846 3659 3915 repulerunt

2002 3937 2156 3992 hunc
2184 3937 2468 4009 lapidem,
2501 3937 2763 4007 primum
2789 3935 3036 4006 quidem
3061 3935 3316 3988 dicentes
3355 3949 3366 3987 :
3403 3934 3502 3988 Hic
3533 3949 3655 3989 non

2000 4030 2077 4082 est
2107 4044 2140 4079 α
2164 4026 2282 4082 Deo
2311 4027 2382 4094 9',
2429 4029 2484 4081 et
2512 4041 2749 4081 rursum
2785 4041 2795 4077 :
2835 4026 2944 4079 Hic
2996 4023 3223 4078 seducit
3249 4023 3532 4076 mundum
3582 4022 3652 4091 93,

2001 4115 2235 4187 aliaque
2268 4115 2519 4170 similia:
2555 4114 2764 4169 ultimo
2798 4129 2932 4168 vero
2981 4112 3414 4181 cruciﬁgentes.
3463 4112 3655 4182 Caput

1998 4211 2197 4259 autem
2225 4204 2425 4276 anguli
2457 4208 2546 4260 est
2572 4203 2722 4274 lapis
2775 4201 3102 4271 angularis.
3147 4202 3353 4272 Itaque
3394 4200 3654 4254 Christus

1997 4293 2187 4349 factus
2219 4299 2308 4349 est
2337 4295 2397 4349 in
2425 4298 2606 4365 caput
2625 4291 2850 4361 anguli,
2886 4290 3010 4346 sive
3037 4290 3226 4346 factus
3248 4293 3336 4344 est
3363 4288 3516 4360 lapis
3547 4305 3651 4344 an-

1997 4384 2242 4455 gularis,
2263 4399 2400 4438 cum
2414 4382 2772 4437 assimilatus
2789 4379 3234 4453 esthujusmodi
3262 4379 3467 4449 lapidi.
3497 4381 3647 4434 Nam

292 4466 532 4540 Καθάπερ
583 4468 684 4539 γὰρ
730 4464 920 4525 ἐκεῖνος
966 4462 1039 4535 ἐφ’
1072 4464 1236 4534 ἑαυτῷ
1284 4461 1464 4517 συνδεῖ
1508 4470 1723 4536 τοίχους
1769 4463 1884 4536 δύο,

2022 4473 2149 4527 ιὶοιιῐ
2162 4471 2255 4526 ille
2271 4472 2400 4539 conj
2413 4471 2577 4539 ungit
2589 4470 2646 4524 in
2664 4470 2864 4540 seipse
2879 4469 3030 4524 duos
3044 4468 3314 4535 parietes,
3335 4467 3415 4522 ita
3427 4469 3650 4523 etChri-

290 4558 373 4607 τὸν
405 4555 558 4606 αὐτὸν
592 4559 780 4628 τρόπον
812 4558 902 4605 καὶ
947 4555 972 4604 6
1002 4557 1253 4626 Χριστὸς,
1303 4552 1379 4624 ἐφ’
1412 4554 1575 4624 ἑαυτῷ
1609 4551 1894 4626 συνδεσμεῐ

285 4648 403 4706 τοὺς
435 4642 532 4698 δύο
575 4643 752 4709 λαοὺς,
784 4647 871 4694 τόν
916 4661 971 4694 τε
1000 4640 1052 4704 ἐξ
1091 4641 1242 4694 ἐθνῶν
1285 4647 1374 4694 καὶ
1402 4646 1486 4694 τόν
1519 4642 1570 4706 ἐξ
1601 4640 1888 4718 Ἰουδαίων,

317 4879 322 4882 _
364 4822 408 4856 ⁹¹
436 4821 612 4876 Marc.
651 4837 753 4888 xu,
784 4825 815 4877 9
849 4839 863 4889 ;
895 4821 1029 4876 Luc.
1075 4837 1147 4876 xx
1186 4821 1271 4884 l6,
1350 4823 1397 4855 ⁰²
1423 4821 1591 4878 Joan.
1616 4837 1698 4887 1x,
1734 4825 1820 4879 16.

2002 4565 2125 4614 stus
2140 4560 2198 4612 in
2215 4559 2410 4630 seipso
2423 4563 2574 4614 duos
2589 4558 2890 4614 coadunat
2909 4557 3179 4627 populos,
3197 4555 3476 4623 gentilem
3491 4558 3646 4611 vide-

2002 4647 2139 4702 licet
2159 4651 2215 4702 et
2241 4647 2579 4712 Judaicum,
2614 4663 2684 4703 ac
2714 4662 2819 4718 per
2855 4645 3037 4700 ﬁdem
3078 4645 3216 4699 facit
3258 4659 3468 4700 unum.
3511 4644 3643 4712 Qui-

1900 4826 1946 4876 9.’
1972 4826 2144 4882 Joan.
2177 4841 2276 4889 vu,
2312 4829 2395 4880 l2.

1585 4999 1811 5068 Variae
1845 5001 2176 5069 lectiones
2231 5010 2297 5068 et
2336 5009 2540 5068 notae.

364 5192 492 5268 (59)Δ
508 5191 692 5248 Intell.
712 5200 802 5268 τοῦ
825 5192 1159 5268 ἀμπελῶνος.-
1172 5193 1761 5268 Crediderimtamen
1782 5211 1887 5268 po-

289 5264 424 5338 tius,
446 5265 703 5320 Marcum
726 5264 932 5321 inverti
941 5282 1036 5321 sse
1057 5265 1326 5338 ordinem
1346 5269 1522 5338 atque
1540 5265 1696 5321 idem
1717 5264 1886 5323 voca-

283 5334 494 5408 bulum
527 5351 703 5408 sensu
735 5338 950 5392 codem
976 5337 1317 5408 sumpsisse.
1357 5334 1450 5408 Sic
1479 5337 1649 5393 Joan.
1682 5353 1785 5393 xu.
1814 5339 1882 5393 3:

282 5406 496 5478 Ἢλειψι
523 5413 614 5460 καὶ
641 5407 868 5478 ἐξέμαξε,
905 5408 1070 5478 quod
1091 5406 1304 5464 rectius
1334 5407 1482 5463 dixit
1511 5409 1646 5466 Luc.
1673 5427 1775 5476 xu,
1797 5413 1884 5475 38,

282 5463 538 5552 ἐξέμασσε
566 5486 656 5532 καὶ
676 5463 879 5552 ἦλειῷέ.
915 5463 1182 5535 Primum
1209 5480 1364 5534 enim
1397 5485 1484 5535 est
1505 5463 1744 5554 βρέχειν·

1995 5196 2348 5268 secundum,
2381 5191 2940 5268 kapite-astutertltlm,
2964 5191 3202 5266 ἀλείφειν.

2091 5269 2179 5338 60)
2209 5267 2295 5319 Ἐκ
2326 5270 2381 5322 et
2411 5263 2532 5338 ἄπο,
2555 5263 2754 5336 {Codd
2783 5263 3091 5338 Chrysostl
3115 5269 3164 5338 ﬁt.
3202 5263 3324 5338 _VII,
3350 5277 3409 5338 p.
3433 5264 3536 5338 672
3576 5266 3644 5319 Α*

2091 5269 2179 5338 60)
2209 5269 2295 5319 Ἐκ
2326 5270 2381 5322 et
2411 5269 2754 5336 ἀπό,εροᾱςι.
2783 5269 3077 5335 Chrysost.
3125 5269 3164 5319 t.
3207 5269 3324 5327 v11,
3350 5269 3536 5334 p.672
3576 5269 3644 5319 Αο

2068 5269 2184 5410 liti)
2223 5338 2442 5410 Ὃχλον,
2473 5337 2780 5410 Chrysost.
2805 5335 2841 5390 l.
2890 5336 2927 5390 Ι.
2961 5336 3064 5392 sed
3095 5335 3442 5407 Euthymius
3467 5337 3644 5392 etiam

1996 5413 2057 5467 in
2081 5408 2250 5466 textu
2275 5408 2519 5466 Joannis
2544 5408 2719 5464 habet
2740 5413 2954 5479 κόσμον.

353 5613 448 5684 (ιι)
485 5613 953 5686 Concilarentur.
1005 5612 1121 5683 Ipsi
1148 5613 1244 5667 hic
1274 5627 1516 5684 quoque
1547 5612 1762 5670 ferrent
1787 5616 2141 5673 sententiam
2165 5618 2222 5671 et
2247 5631 2282 5670 a
2313 5631 2374 5671 se
2403 5614 2550 5686 ipsis
2581 5614 3146 5671 condemnarentur.
3171 5609 3402 5679 Ἐξάγειν
3433 5613 3488 5664 et
3516 5607 3646 5659 ἀπο-

286 5703 446 5757 φασιν
478 5684 842 5755 junguntur.
