4186 6318
368 339 474 394 569

371 462 528 514 αὑτὸν
606 463 707 534 γὰρ
784 459 973 520 αὐτοὺς
1044 464 1395 533 παρέπεμπον·
1479 461 1556 511 ἔτι
1627 456 1685 512 δὲ
1736 463 1822 510 καὶ
1881 457 1968 509 ὑπ’
2004 455 2048 508 Α

374 553 530 604 αὐτοῦ
583 556 672 602 τοῦ
740 554 981 621 νυμφίου.
1041 553 1140 601 Καὶ
1193 551 1289 621 ὅρα
1349 553 1436 608 τὴν
1495 554 1680 600 κακίαν
1733 552 1819 620 μέν
1870 555 1969 598 τῶν

377 638 666 706 Ἰουδαίων,
748 637 1055 708 ἀγαθὸτητα
1131 635 1190 690 δὲ
1270 645 1362 690 τοῦ
1430 646 1686 711 Σωτῆρος.
1753 636 1971 690 Ἀνείλον

373 729 528 780 αὐτὸν
581 726 782 778 ἐκεῖνοι·
844 728 869 778 ὁ
933 723 992 778 δε
1038 731 1127 779 καὶ
1183 733 1347 799 φονεῖς
1398 730 1542 787 ὄντας
1600 727 1757 779 αὐτοῦ
1820 726 1972 778 πάλιν

373 816 519 869 καλεῖ
566 819 697 891 πρὸς
751 816 1070 888 εὐφροσύνην
1122 816 1346 883 αἰώνιον,
1412 817 1460 868 οἱ
1515 812 1574 868 δὲ
1630 813 1970 873 ἰιποπηὸῶσι.

444 1008 605 1062 Πάλιν
679 1039 751 1049 --
825 1010 1046 1081 γάμους.
1119 1013 1400 1083 Προτέρους
1453 1011 1543 1081 μὲν
1601 1005 1816 1068 δούλους
1872 1012 1975 1060 νόει

367 1103 488 1160 τούς
533 1103 652 1170 περὶ
705 1101 918 1173 Πέτρον·
981 1099 1227 1168 ὑστέρους
1281 1094 1358 1166 δὲ,
1415 1101 1530 1158 τοὺς
1576 1103 1688 1172 περὶ
1750 1096 1971 1149 Παῦλον.

369 1186 616 1264 Ἀριστον
669 1184 727 1239 δὲ
769 1191 859 1238 καὶ
898 1189 1122 1260 ταύρους
1176 1192 1265 1238 καὶ
1317 1189 1528 1239 σιτιστὰ
1565 1189 1837 1258 τεθυμένα,
1875 1189 1973 1237 εἰτ-

372 1297 480 1342 ουν,
537 1276 940 1350 ηὐτρεπισμένα,
1000 1279 1193 1347 εἴρηκε,
1249 1278 1381 1327 κατά
1426 1279 1484 1327 τὸ
1529 1274 1576 1327 ἐν
1628 1282 1732 1335 τοῖς
1788 1277 1974 1347 γάμοις

373 1368 505 1427 ἔθος.
559 1361 668 1417 Εἶεν
722 1361 770 1415 δ’
831 1365 890 1414 ἂν
943 1372 1110 1415 ταῦτα
1155 1363 1375 1416 ἐνταῦθα
1418 1368 1526 1436 μὲν,
1579 1367 1607 1422 ἡ
1660 1370 1824 1438 τρυφή
1874 1373 1973 1417 τῶν

375 1455 521 1505 θείων
554 1449 850 1523 δογμάτων·
905 1453 1011 1504 ἐκεῖ
1039 1449 1117 1516 δὲ,
1170 1455 1200 1509 ἡ
1246 1454 1477 1525 οὐράνιος
1506 1459 1670 1526 τρυφὴ
1721 1459 1807 1504 καὶ
1848 1453 1972 1504 από-

370 1541 572 1601 λαυσις.
619 1544 712 1592 Διά
761 1538 819 1592 δὲ
849 1549 948 1592 τῶν
995 1544 1196 1616 ταύρων
1246 1546 1331 1592 καὶ
1374 1551 1472 1593 τῶν
1520 1550 1765 1594 σιτιστών
1809 1547 1866 1593 τὸ
1899 1564 1970 1614 φι-

370 1631 579 1703 λότιμον
606 1636 694 1682 καὶ
718 1629 989 1692 πολυτελὲς
1016 1639 1112 1691 τῆς
1142 1631 1370 1703 εὐωχίας
1397 1631 1710 1703 ἐμφαίνεται.

454 1827 519 1877 Οἱ
595 1855 664 1866 --
734 1824 912 1878 αὑτοῦ.
1001 1831 1486 1898 Καταφρονήσαντες
1555 1835 1646 1887 τῆς
1718 1826 1971 1891 κλήσεως,

380 1914 608 1972 ἀπῆλθον
652 1914 723 1976 εἰς
779 1916 846 1966 τὰ
883 1913 1046 1966 οἰκεῖα
1088 1917 1235 1986 ἔργα,
1285 1919 1574 1979 τουτέστιν,
1625 1918 1826 1987 εἴχοντο
1872 1923 1971 1967 τῶν

382 2007 662 2078 προτέρων,

447 2094 512 2143 Οἱ
570 2088 628 2144 δὲ
679 2091 849 2143 λοιποὶ
898 2119 956 2132 -ο
1024 2091 1349 2148 ἀπέκτειναν,
1411 2091 1482 2144 Ὠ
1531 2101 1622 2154 τῆς
1676 2091 1970 2164 ἀναισχυν-

373 2185 487 2242 τίας
521 2181 532 2235 i
564 2180 620 2232 ού
671 2184 822 2252 μόνον
863 2181 956 2232 ούκ
986 2177 1161 2246 ἦλθον,
1195 2179 1323 2232 ἀλλά
1363 2185 1453 2233 καὶ
1490 2185 1608 2240 τούς
1649 2179 1969 2252 ἀπεσταλμέ-

1872 2275 1972 2322 Καὶ

368 2356 416 2407 ἐν
473 2360 564 2428 μὲν
647 2365 709 2430 τῇ
791 2356 1126 2430 προλαϐούση
1198 2357 1466 2431 παραϐολῇ
1527 2361 1575 2410 οἱ
1640 2357 1972 2421 ἀπαιτοῦντες

370 2289 490 2330 νους
565 2273 693 2344 πρὸς
768 2269 952 2329 αὐτούς
1015 2269 1236 2341 ὒϐρισαν
1295 2275 1384 2322 καὶ
1470 2269 1787 2324 ἀπέκτειναν.

369 2450 488 2506 τοὺς
539 2450 770 2518 καρπούς
823 2445 1149 2518 ἐσφάγησαν·
1203 2445 1251 2498 ἓν
1302 2450 1466 2519 ταύτῃ
1519 2445 1578 2500 δὲ
1625 2449 1673 2499 οἱ
1703 2448 1972 2510 καλοῦντες

370 2535 438 2595 εἰς
472 2538 587 2596 τοὺς
633 2537 854 2606 γάμους.
908 2540 970 2587 Τὶ
1001 2538 1192 2596 ταύτης
1233 2543 1346 2588 ἴσον
1377 2544 1470 2597 τῆς
1515 2542 1735 2608 μανίας;
1767 2539 1970 2588 Ὂσονό

375 2621 620 2695 βασιλεὺς
683 2623 1032 2697 ἐμακροθύμει
1097 2629 1186 2676 καὶ
1249 2623 1738 2697 ἐφιλανθρωπεύετο,
1792 2635 1972 2678 τοσοῦ-

375 2731 458 2763 τον
496 2713 639 2764 οὗτοι
679 2711 1047 2787 ἐσκληρύνοντο
1086 2718 1175 2764 καὶ
1201 2714 1492 2788 ἠγρίαινον,

452 2825 550 2872 Καὶ
608 2822 837 2880 ἀκούσας
892 2851 962 2860 --
1013 2819 1306 2893 ἐνέπρησεν.
1364 2817 1476 2873 Ἴδε
1522 2817 1836 2892 κηδεμονίαν
1883 2829 1974 2876 καὶ

377 2909 742 2980 μακροθυμίαν
831 2910 1043 2980 ἄφατον.
1134 2909 1439 2981 Έφύτευσεν
1539 2908 1812 2981 ἀμπελῶνα
1885 2919 1973 2964 καὶ

380 2995 688 3068 ἀπηρτισεν,
727 2993 929 3058 ἐξέδοτο
977 2998 1131 3050 αὑτὸν
1180 3005 1428 3072 γεωργοῖς
1471 3005 1564 3051 καί
1609 2997 1967 3072 ἀπεδήμησεν,

377 3083 671 3136 ἀπέστειλεν
714 3083 761 3136 ἐν
811 3094 974 3160 καιρῷ
1021 3083 1238 3148 δούλους
1280 3085 1511 3140 ἀπαιτῶν
1560 3092 1678 3149 τοὺς
1716 3093 1967 3164 καρπούς.

369 3175 576 3225 Τούτων
641 3172 1024 3248 ἀναιρεθέντων,
1090 3174 1378 3228 ἀπέστειλεν
1433 3176 1634 3239 ἄλλους.
1691 3183 1789 3231 Καὶ
1849 3183 1966 3232 τού⁹
2007 3209 2047 3265 C

372 3281 470 3313 των
517 3267 832 3334 σφαγέντων,
890 3263 1109 3336 ἔπεμψεν
1162 3265 1316 3316 αὐτὸν
1369 3269 1455 3318 τὸν
1504 3269 1614 3318 υἱὸν
1675 3267 1834 3320 αὐτοῦ
1881 3273 1968 3322 τὸν

375 3347 661 3420 ἀγαπητὸν.
734 3354 836 3406 Καὶ
889 3355 1073 3404 τούτου
1137 3355 1479 3424 φονευθέντος,
1539 3357 1812 3426 ἠνέσχετο,
1881 3363 1968 3410 καὶ

373 3438 560 3510 μᾶλλον
611 3438 913 3501 ἀποστείλας
972 3437 1209 3508 δούλους,
1262 3442 1468 3495 ἐκάλεσε
1507 3448 1629 3506 τοὺς
1680 3452 1840 3516 φονεῖς
1902 3445 1969 3506 εἰς

373 3527 598 3599 εὐωχίαν
660 3528 1008 3588 ἀτελεύτητον.
1069 3530 1179 3582 Ούκ
1239 3531 1498 3589 ἠθέλησαν
1564 3531 1742 3588 ἐλθεῖν,
1809 3532 1968 3584 Πάλιν

373 3615 573 3689 ἑτέρους
619 3616 931 3672 ἀπέστειλεν.
985 3621 1049 3671 Οἱ
1100 3617 1283 3672 δὲκαὶ
1345 3623 1560 3683 τούτους
1603 3619 1814 3676 ἀνεῖλον.
1869 3625 1965 3674 Τό-

372 3724 424 3756 τε
505 3706 700 3776 λοιπὸν,
789 3711 852 3768 ὡς
937 3706 1122 3760 ἀνίατα
1202 3718 1501 3777 νοσοῦντας,

789 3711 852 3768 ὡς
937 3709 1122 3760 ἀνίατα
1202 3718 1501 3777 νοσοῦντας,
1578 3709 1775 3783 ἀναιρεῖ
1847 3715 1970 3774 τοὺς

372 3799 746 3870 παμπονήρους
795 3801 883 3849 καὶ
940 3799 1180 3870 μιαρούς.
1256 3803 1622 3872 Στρατεύματοι
1679 3798 1738 3852 δὲ
1807 3801 1968 3854 αὐτοῦ

373 3902 476 3934 νοει
546 3885 611 3934 τα
689 3889 1052 3958 στρατεύματα
1113 3896 1212 3938 τῶν
1264 3888 1546 3959 Ῥωμαίων·
1607 3892 1792 3952 πάντες
1865 3893 1936 3962 γά

1927 3981 1947 3995 α

372 3980 465 4024 τοῦ
515 3977 640 4024 Θεοῦ
689 3972 816 4024 εἰσιν
867 3979 999 4027 κατά
1043 3979 1129 4027 τὸν
1177 3977 1323 4047 λόγον
1363 3985 1452 4038 τῆς
1503 3975 1869 4053 δημιουργίας·
1913 3981 1964 4047 ἆ,

371 4059 459 4112 ἐπὶ
545 4062 941 4115 Οὐεσπασιανοῦ
1015 4069 1105 4116 καί
1191 4068 1364 4132 Τίτου,
1443 4073 1531 4119 καὶ
1607 4073 1722 4129 τούς
1804 4077 1967 4142 φονεῖς

370 4150 716 4222 κατέσφαξαν,
766 4157 852 4204 καὶ
901 4158 994 4211 τὴν
1043 4154 1190 4206 πόλιν
1245 4155 1428 4222 αὐτῶν,
1493 4160 1559 4208 τὰ
1609 4158 1961 4232 Ἰεροσόλυμα,

372 4237 675 4314 ἐνέπρησαν.

438 4349 563 4397 Τότε
615 4377 679 4388 -
743 4349 960 4419 γάμους.
1017 4346 1290 4412 Διεξόδους
1345 4360 1444 4402 τῶν
1498 4349 1632 4404 ὁδῶν
1688 4354 1819 4426 λέγει
1871 4360 1962 4420 τὰς
1999 4355 2043 4408 D

367 4432 535 4494 πόλεις
588 4439 676 4485 καὶ
755 4441 933 4507 κώμας
1005 4447 1103 4488 τῶν
1179 4437 1351 4491 ἐθνῶν.
1414 4439 1684 4503 Διεξόδους
1748 4441 1806 4496 δὲ
1866 4455 1962 4497 τῶν

363 4519 499 4574 ὁδῶν
555 4525 746 4584 ταύτας
795 4524 1050 4596 ὠνόμασε,
1107 4522 1278 4584 δηλῶν
1329 4531 1385 4580 τὸ
1442 4529 1814 4603 ἀπερριμμένον
1863 4541 1962 4584 τῶν

361 4608 534 4664 ἐθνῶν.
585 4611 667 4662 Ἐν
711 4619 822 4672 ταῖς
863 4609 1118 4674 διεξόδοις
1147 4617 1247 4687 γὰρ
1294 4617 1341 4666 οἱ
1384 4615 1750 4691 ἀπερριμμένοι
1781 4639 1960 4672 κατοι-

359 4707 535 4752 κοῦσι.
588 4706 799 4774 Πρῶτον
849 4703 938 4772 μὲν
985 4706 1084 4776 γὰρ
1135 4705 1184 4755 οἱ
1227 4703 1507 4756 ἀπόστολοι
1545 4715 1656 4766 τοίς
1690 4706 1962 4771 Ἰουδαίοις

364 4789 676 4860 ἱκήρυσσον,
743 4791 815 4841 ἔτι
869 4791 994 4863 παρ’
1045 4792 1217 4853 αὐτοῖς
1265 4797 1415 4854 ὄντες·
1473 4792 1580 4846 ἐπεὶ
1624 4792 1681 4848 δὲ
1731 4795 1964 4854 ἀπηλαύ-

364 4893 528 4940 νοντο,
607 4881 735 4946 φησί
805 4883 935 4953 πρὸς
1011 4881 1200 4943 αύτούς
1280 4883 1305 4933 ὁ
1381 4882 1597 4943 Παῦλος·
1675 4885 1820 4954 ’Υμῖν
1899 4884 1959 4945 ἦν

366 4959 646 5034 ἀναγκαῖον
713 4965 830 5036 (67)
896 4977 1097 5040 πρῶτον
1163 4969 1448 5028 λαληθῆναι
1509 4974 1594 5022 τὸν
1658 4971 1804 5044 λόγον
1866 4984 1958 5027 τοῦ

365 5057 518 5104 Θεοῦ·
575 5049 752 5111 ἐπειδὴ
815 5051 874 5107 δὲ
948 5055 1189 5121 ἀναξίους
1255 5059 1466 5120 ἑαυτούς
1531 5058 1776 5134 ἐκρίνατε,
1839 5059 1956 5115 ἰδού

364 5143 686 5214 στρεφόμεθα
711 5142 778 5205 εἰς
804 5145 871 5198 τὰ
889 5147 1028 5206 ἔθνη.

432 5275 481 5309 ⁸⁸
510 5277 778 5346 Αοωιιιι,
803 5281 898 5336 46.

1303 335 1676 392 COMMENT.
1725 333 1795 388 IN
1838 330 2286 388 ΜΑΤΤΗᾸΞΠΜ.
2329 366 2396 376 -
2435 336 2594 396 CAP.
2644 339 2824 394 XXII.

3635 339 3742 392 570

2081 457 2368 528 populum
2393 461 2550 532 ipsos
2571 478 2769 517 servos
2791 464 3118 518 transmisit
3151 465 3468 536 :praeterea
3500 477 3740 534 quoque

2081 550 2136 601 et
2165 547 2243 602 ab
2274 547 2404 620 ipso
2435 566 2686 622 sponso.
2707 553 2915 608 Etvide
2940 553 3078 608 hinc
3106 552 3352 625 quidem
3392 552 3736 607 Judaaorum

2081 637 2455 707 pravitatem,
2503 639 2660 694 illinc
2692 645 2889 697 autem
2924 642 3241 697 Salvatoris
3271 641 3624 697 bonitatem.
3657 640 3739 696 Illi

2084 725 2240 779 enim
2280 727 2646 792 occiderunt,
2678 729 2798 799 ipse
2823 745 2964 786 vero
2996 747 3134 786 cum
3165 734 3367 786 essent
3393 729 3734 799 homicidae,

2083 827 2324 869 rursum
2362 823 2533 872 vocat
2564 833 2666 872 eos
2714 817 2791 873 ad
2823 819 3117 887 gaudium
3171 819 3622 891 sempiternum,
3656 817 3736 874 illi

2087 904 2288 956 autem
2323 903 2400 958 ab
2431 919 2502 960 eo
2527 905 2815 962 resiliunt.

2157 1023 2319 1072 vers.
2349 1013 2399 1074 4,
2428 1012 2683 1068 Rursum
2709 1043 2778 1053 —
2803 1012 3056 1081 nuptias.
3084 1011 3309 1067 Priores
3338 1013 3582 1084 quidem
3619 1029 3737 1068 ser-

2085 1111 2192 1152 vos
2221 1097 2490 1169 intelligit
2520 1101 2780 1169 Petrum,
2821 1107 2877 1156 et
2901 1101 3004 1173 qui
3035 1116 3172 1156 cum
3199 1115 3270 1156 eo
3301 1104 3468 1156 erant
3501 1118 3514 1166 ;
3542 1106 3739 1171 poste-

2083 1185 2267 1240 riores
2306 1203 2442 1242 vero
2473 1188 2722 1243 Paulum
2758 1195 2812 1244 et
2865 1205 3033 1246 suos.
3093 1187 3414 1244 Prandium
3454 1193 3648 1243 autem
3682 1174 3742 1244 et

2085 1280 2285 1330 tauros
2307 1281 2362 1331 et
2389 1277 2572 1332 altilia
2601 1284 2862 1334 mactata
2884 1278 3007 1334 sive
3025 1283 3236 1350 parata
3265 1277 3411 1332 dixit
3430 1279 3600 1350 juxta
3621 1294 3738 1334 mo-

2084 1380 2209 1418 rem
2232 1365 2326 1436 qui
2353 1367 2570 1420 servari
2597 1367 2739 1422 solet
2770 1367 2825 1421 in
2859 1367 3098 1438 nuptiis.
3133 1370 3197 1422 Et
3225 1368 3316 1422 hic
3346 1367 3590 1439 quidem
3617 1367 3738 1422 dici

2084 1459 2336 1523 possunt
2377 1454 2598 1509 deliciae
2629 1456 2969 1511 divinorum
3003 1457 3355 1527 dogmatum
3393 1473 3406 1522 ;
3435 1456 3493 1510 in
3540 1457 3736 1512 futuro

2087 1545 2279 1596 autem
2307 1543 2544 1598 caeleste
2576 1544 2864 1611 gaudium
2895 1561 2965 1600 ac
2982 1545 3207 1600 fruitio.
3241 1545 3349 1599 Per
3370 1549 3572 1600 tauros
3599 1561 3736 1599 vero

2084 1635 2138 1683 et
2168 1630 2346 1686 altilia
2380 1633 2715 1702 pretiositas
2747 1649 2814 1689 ac
2868 1633 3303 1702 magniﬁcentia
3347 1634 3604 1688 convivii
3637 1633 3735 1688 de-

2085 1718 2364 1776 claratur.

2015 1807 2054 1860 Β
2152 1825 2317 1880 Vers.
2351 1827 2404 1880 5.
2431 1798 2826 1884 illi—suam.
2853 1831 3252 1899 Despexerunt
3281 1827 3689 1883 invitationem
3717 1845 3730 1894 ;

2082 1913 2356 1969 abierunt
2376 1915 2454 1969 ad
2479 1914 2936 1987 pr0priaopera,
2953 1916 3067 1971 hoc
3096 1921 3202 1986 est,
3219 1915 3440 1971 detenti
3463 1920 3600 1970 sunt
3618 1915 3731 1980 his,

2081 2012 2212 2068 quae
2237 1997 2435 2066 priora
2474 2013 2544 2053 ac
2583 1999 2813 2070 potiora
2837 1998 3165 2056 habebant.

2153 2087 2313 2141 Vers.
2343 2086 2399 2141 6.
2421 2087 2649 2158 Reliqui
2661 2102 2796 2143 vero
2827 2118 2895 2127 —
2915 2087 3279 2142 occiderunt.
3331 2087 3373 2143 Ο
3420 2085 3731 2152 impuden-

2085 2173 2224 2229 tiam
2259 2174 2272 2229 i
2307 2189 2426 2230 non
2461 2174 2652 2230 solum
2691 2191 2810 2230 non
2839 2180 3148 2240 venerunt,
3184 2173 3290 2230 sed
3320 2178 3376 2230 et
3399 2190 3500 2230 eos
3526 2174 3630 2246 qui
3654 2173 3734 2229 ad

2084 2278 2148 2318 se
2167 2263 2326 2318 missi
2346 2269 2532 2329 erant,
2568 2264 2924 2319 contumelia
2944 2263 3265 2319 affecerunt
3293 2269 3348 2318 et
3371 2263 3730 2318 occiderunt.

2083 2354 2148 2406 Et
2165 2352 2220 2406 in
2241 2353 2593 2422 praecedenti
2617 2353 2854 2423 quidem
2872 2352 3161 2424 parabola
3179 2352 3257 2406 illi
3285 2352 3542 2422 jugulati
3571 2356 3728 2416 sunt,

2081 2440 2184 2512 qui
2215 2439 2437 2495 fructus
2454 2441 2818 2512 repetebant,
2844 2441 2901 2495 in
2921 2441 3243 2496 hacautem
3267 2441 3369 2512 qui
3400 2441 3476 2494 ad
3495 2442 3731 2510 nuptias

2081 2529 2400 2584 vocabant.
2420 2529 2569 2595 Quid
2597 2529 2736 2584 huic
2766 2529 3015 2584 insaniaa
3053 2529 3279 2601 aequari
3311 2529 3519 2600 poterit
3546 2529 3576 2581 ‘I
3602 2531 3730 2594 Quo

2084 2617 2279 2685 magis
2299 2633 2400 2672 rex
2418 2619 2648 2689 patiens
2665 2624 2752 2673 est
2777 2623 2832 2673 et
2868 2619 3172 2683 humanis,
3195 2633 3266 2673 eo
3309 2618 3578 2673 duriores
3606 2617 3732 2674 efﬁ-

2083 2706 2319 2761 ciuntur
2347 2707 2407 2762 hi
2441 2723 2511 2762 ac
2540 2706 2870 2762 ferociores.

2155 2815 2311 2869 Vers.
2327 2816 2379 2870 7.
2397 2814 2735 2886 Cumque—
2750 2814 3072 2870 succendit.
3090 2813 3233 2868 Vide
3247 2813 3730 2883 gubernationem

2084 2901 2212 2973 (uu)
2235 2917 2304 2958 ac
2319 2902 2689 2958 tolerantiam
2708 2903 3088 2959 ineffabilem.
3105 2902 3390 2958 Plantavit
3420 2903 3659 2958 vineam
3675 2909 3732 2959 et

2083 2991 2159 3046 ad
2192 2991 2510 3062 perfectum
2554 2993 2864 3063 perduxit;
2900 2991 3142 3048 tradidit
3179 3007 3304 3047 eam
3345 2991 3641 3062 agricolis,
3677 2995 3733 3048 et

2080 3096 2326 3152 peregre
2365 3083 2660 3152 profectus
2691 3087 2794 3137 est.
2853 3083 3058 3139 Emisit
3095 3081 3156 3136 in
3209 3087 3471 3152 tempore
3525 3097 3730 3137 servos

2080 3175 2354 3240 repetens
2377 3170 2599 3226 fructus
2624 3171 2745 3226 :his
2769 3169 3102 3235 interfectis,
3123 3169 3320 3224 emisit
3337 3170 3486 3225 alios
3511 3186 3524 3236 ;
3551 3171 3729 3226 etiam

2078 3258 2171 3312 his
2199 3259 2504 3328 jugulatis,
2552 3275 2731 3314 suum
2799 3258 2957 3313 misit
3011 3258 3202 3313 ﬁlium
3250 3258 3574 3324 dilectum;
3607 3273 3730 3330 quo

2077 3345 2257 3401 etiam
2311 3346 2609 3417 jugulato,
2671 3347 2956 3418 patienter
3021 3347 3338 3413 sustinuit;
3370 3347 3492 3402 imo
3534 3347 3729 3402 missis

2078 3435 2264 3490 servis
2305 3434 2642 3490 homicidas
2672 3435 2749 3491 ad
2781 3435 3070 3506 gaudium
3101 3440 3389 3490 aeternum
3417 3435 3726 3502 invitavit;

2076 3523 2396 3579 noluerunt
2417 3525 2637 3581 venire.
2671 3527 2890 3580 Rursus
2915 3523 3065 3579 alios
3095 3523 3254 3578 misit
3285 3543 3300 3589 ;
3333 3524 3410 3579 illi
3445 3527 3645 3580 autem
3674 3529 3732 3580 et

2075 3611 2188 3667 hos
2212 3612 2652 3669 interfecerunt.
2670 3614 2832 3667 Tunc
2859 3613 3106 3668 demum
3122 3613 3296 3684 quasi
3319 3611 3729 3668 insanabiliter

2077 3705 2456 3769 aegrotantes,
2485 3701 2990 3757 occiditscelestos
3003 3717 3072 3756 ac
3101 3701 3522 3772 perditosillos.
3553 3701 3728 3756 Exer-

2077 3789 2390 3846 citusvero
2447 3791 2576 3860 ejus
2641 3791 2897 3858 intellige
2954 3791 3244 3845 exercitus
3283 3793 3719 3846 Romanorum.

2078 3881 2298 3935 Omnes
2327 3879 2486 3935 enim
2534 3880 2636 3935 Dei
2684 3885 2824 3935 sunt
2863 3879 3091 3934 ratione
3126 3879 3440 3934 creationis
3478 3879 3580 3950 qui
3612 3878 3726 3933 sub

2078 3969 2434 4039 Vespasiano
2459 3972 2516 4025 et
2561 3969 2686 4024 Tito
2741 3968 3071 4023 homicidas
3092 3967 3464 4038 jugularunt,
3493 3984 3561 4024 ac
3591 3967 3730 4022 civi-

2076 4061 2259 4114 tatem
2290 4073 2495 4113 eorum
2530 4057 2932 4129 Hierosolyma
2962 4057 3416 4112 succenderunt.

2145 4359 2312 4416 Vers.
2356 4363 2407 4415 8.
2446 4363 2607 4417 Tunc
2636 4393 2704 4400 —
2733 4360 2894 4416 Vers.
2925 4365 2975 4415 9.
3027 4361 3276 4432 nuptias.
3351 4359 3552 4416 Exitus
3605 4361 3728 4417 via-

2072 4465 2206 4503 rum
2235 4447 2373 4504 dicit
2403 4449 2661 4505 civitates
2697 4455 2754 4504 et
2782 4449 2944 4504 vicos
2980 4449 3268 4519 gentium,
3317 4464 3452 4520 quae
3493 4447 3729 4505 vocavit

2073 4537 2273 4591 Exitus
2315 4537 2570 4602 viarum,
2603 4537 2950 4607 signiﬁcans
2983 4537 3378 4608 abjectionem
3410 4538 3678 4608 gentium
3709 4557 3722 4606 ;

2073 4624 2133 4678 in
2163 4624 2417 4680 exitibus
2447 4625 2608 4680 enim
2657 4625 2873 4695 abjecti
2930 4630 3394 4680 commorantur.
3458 4625 3724 4681 Primum

2073 4711 2369 4784 siquidem
2393 4711 2646 4783 apostoli
2669 4712 2886 4766 Iudaeis
2913 4712 3338 4782 praedicabant,
3360 4727 3498 4767 cum
3525 4713 3724 4768 adhuc

2071 4801 2233 4872 apud
2265 4817 2366 4856 eos
2391 4806 2604 4855 essent.
2639 4799 2966 4871 Postquam
2997 4804 3198 4854 autem
3241 4798 3372 4854 illos
3397 4801 3718 4867 ejecerunt,

2071 4889 2302 4944 dicitlis
2321 4888 2578 4944 Paulus:
2624 4888 2795 4944 Vobis
2836 4889 3096 4957 oportuit
3123 4888 3382 4957 primum
3415 4889 3575 4960 loqui
3599 4904 3724 4946 ver-

2071 4978 2206 5033 bum
2234 4979 2345 5033 Dei
2373 4993 2386 5032 :
2420 4977 2557 5049 quia
2585 4982 2782 5033 autem
2811 4977 3088 5046 indignos
3119 4991 3216 5033 vos
3230 4976 3566 5047 judicastis,
3593 4993 3723 5036 ecce

2063 5066 2456 5122 convertimur
2481 5066 2562 5123 ad
2577 5071 2774 5136 gentes
2803 5066 2873 5121 τι.

1581 5383 1807 5451 Variae
1845 5385 2171 5453 lectiones
2215 5395 2508 5454 etnotae.

425 5515 649 5605 _(67)1ta
685 5516 897 5576 laudat
922 5520 1224 5594 Chrysost.
1270 5530 1307 5580 t.
1341 5526 1452 5592 VII,
1493 5540 1639 5599 pag.
1679 5527 1775 5582 681
1817 5531 1872 5583 Β.
1909 5529 2176 5586 Varietas
2210 5545 2347 5602 ergo
2386 5544 2510 5587 non
2545 5545 2613 5588 ex
2641 5531 2954 5589 codicibus
2993 5534 3275 5602 Actuum,
3318 5533 3423 5591 sed
3470 5533 3723 5605 Chryso-

355 5591 534 5644 stomi
547 5631 562 5645 .

427 5683 556 5756 (uu)
576 5685 1097 5749 Gubernationem.
1132 5694 1382 5750 Curam.
