  <div class='ocr_page' id='page_1' title='image "/cluster/home/n/w/nwhite01/storage/ocr_20150623/129/mdp.39015061528470/295.png"; bbox 0 0 4186 6318; ppageno 0'>
   <div class='ocr_carea' id='block_1_1' title="bbox 451 290 2486 354">
    <p class='ocr_par' dir='ltr' id='par_1_1' title="bbox 451 290 2486 354">
     <span class='ocr_line' id='line_1_1' title="bbox 451 290 2486 354; baseline -0.004 0"><span class='ocrx_word' id='word_1_1' title='bbox 451 299 552 354; x_wconf 76' lang='grc'><strong>571</strong></span> <span class='ocrx_word' id='word_1_2' title='bbox 1765 291 2059 350; x_wconf 83' lang='lat' dir='ltr'><strong>EUTHYM</strong></span> <span class='ocrx_word' id='word_1_3' title='bbox 2068 291 2115 345; x_wconf 93' lang='lat' dir='ltr'><strong>II</strong></span> <span class='ocrx_word' id='word_1_4' title='bbox 2153 290 2486 346; x_wconf 84' lang='lat' dir='ltr'><strong>ZIGABENI</strong></span> 
     </span>
    </p>
   </div>
   <div class='ocr_carea' id='block_1_2' title="bbox 523 419 2177 496">
    <p class='ocr_par' dir='ltr' id='par_1_2' title="bbox 523 419 2177 496">
     <span class='ocr_line' id='line_1_2' title="bbox 523 419 2177 496; baseline -0.004 -18"><span class='ocrx_word' id='word_1_5' title='bbox 523 424 701 496; x_wconf 80' lang='lat' dir='ltr'><strong>Atqui</strong></span> <span class='ocrx_word' id='word_1_6' title='bbox 753 427 1076 495; x_wconf 75' lang='lat' dir='ltr'><strong>postquam</strong></span> <span class='ocrx_word' id='word_1_7' title='bbox 1107 423 1425 478; x_wconf 81' lang='lat' dir='ltr'><strong>resurrexit</strong></span> <span class='ocrx_word' id='word_1_8' title='bbox 1462 422 1743 488; x_wconf 84' lang='lat' dir='ltr'><strong>Christus,</strong></span> <span class='ocrx_word' id='word_1_9' title='bbox 1776 421 1972 476; x_wconf 86' lang='lat' dir='ltr'><strong>statim</strong></span> <span class='ocrx_word' id='word_1_10' title='bbox 1991 419 2100 474; x_wconf 91' lang='lat' dir='ltr'><strong>hos</strong></span> <span class='ocrx_word' id='word_1_11' title='bbox 2133 419 2177 471; x_wconf 87' lang='lat' dir='ltr'><strong>A</strong></span> 
     </span>
    </p>
   </div>
   <div class='ocr_carea' id='block_1_3' title="bbox 453 511 2102 582">
    <p class='ocr_par' dir='ltr' id='par_1_3' title="bbox 453 511 2102 582">
     <span class='ocr_line' id='line_1_3' title="bbox 453 511 2102 582; baseline -0.003 -16"><span class='ocrx_word' id='word_1_12' title='bbox 453 513 529 566; x_wconf 88' lang='lat' dir='ltr'><strong>ad</strong></span> <span class='ocrx_word' id='word_1_13' title='bbox 579 516 784 582; x_wconf 84' lang='lat' dir='ltr'><strong>gentes</strong></span> <span class='ocrx_word' id='word_1_14' title='bbox 838 511 1036 566; x_wconf 82' lang='lat' dir='ltr'><strong>emisit</strong></span> <span class='ocrx_word' id='word_1_15' title='bbox 1089 511 1330 566; x_wconf 86' lang='lat' dir='ltr'><strong>dicens:</strong></span> <span class='ocrx_word' id='word_1_16' title='bbox 1377 513 1596 568; x_wconf 84' lang='lat' dir='ltr'><strong>Euntes</strong></span> <span class='ocrx_word' id='word_1_17' title='bbox 1652 512 1851 566; x_wconf 84' lang='lat' dir='ltr'><strong>docete</strong></span> <span class='ocrx_word' id='word_1_18' title='bbox 1913 523 2102 564; x_wconf 83' lang='lat' dir='ltr'><strong>omnes</strong></span> 
     </span>
    </p>
   </div>
   <div class='ocr_carea' id='block_1_4' title="bbox 450 598 2101 674">
    <p class='ocr_par' dir='ltr' id='par_1_4' title="bbox 450 598 2101 674">
     <span class='ocr_line' id='line_1_4' title="bbox 450 598 2101 674; baseline -0.002 -18"><span class='ocrx_word' id='word_1_19' title='bbox 450 607 650 671; x_wconf 84' lang='lat' dir='ltr'><strong>gentes</strong></span> <span class='ocrx_word' id='word_1_20' title='bbox 682 602 751 653; x_wconf 74' lang='lat'><strong>95.</strong></span> <span class='ocrx_word' id='word_1_21' title='bbox 786 600 1102 666; x_wconf 88' lang='lat' dir='ltr'><strong>Quomodo</strong></span> <span class='ocrx_word' id='word_1_22' title='bbox 1134 617 1275 670; x_wconf 89' lang='lat' dir='ltr'><strong>ergo</strong></span> <span class='ocrx_word' id='word_1_23' title='bbox 1301 601 1564 674; x_wconf 91' lang='lat' dir='ltr'><strong>primum</strong></span> <span class='ocrx_word' id='word_1_24' title='bbox 1586 598 2101 670; x_wconf 74' lang='lat' dir='ltr'><strong>Judeeisprtedica-</strong></span> 
     </span>
    </p>
   </div>
   <div class='ocr_carea' id='block_1_5' title="bbox 448 688 2100 760">
    <p class='ocr_par' dir='ltr' id='par_1_5' title="bbox 448 688 2100 760">
     <span class='ocr_line' id='line_1_5' title="bbox 448 688 2100 760; baseline -0.002 -16"><span class='ocrx_word' id='word_1_25' title='bbox 448 693 662 744; x_wconf 80' lang='lat' dir='ltr'><strong>verunt</strong></span> <span class='ocrx_word' id='word_1_26' title='bbox 696 689 724 744; x_wconf 81' lang='lat' dir='ltr'><strong><em>‘I</em></strong></span> <span class='ocrx_word' id='word_1_27' title='bbox 764 689 974 745; x_wconf 86' lang='lat' dir='ltr'><strong>Scribit</strong></span> <span class='ocrx_word' id='word_1_28' title='bbox 1015 691 1201 745; x_wconf 89' lang='lat' dir='ltr'><strong>Lucas</strong></span> <span class='ocrx_word' id='word_1_29' title='bbox 1224 690 1375 745; x_wconf 90' lang='lat' dir='ltr'><strong>libro</strong></span> <span class='ocrx_word' id='word_1_30' title='bbox 1431 695 1711 746; x_wconf 81' lang='lat' dir='ltr'><strong>Actorum</strong></span> <span class='ocrx_word' id='word_1_31' title='bbox 1742 688 1927 760; x_wconf 90' lang='lat' dir='ltr'><strong>quod,</strong></span> <span class='ocrx_word' id='word_1_32' title='bbox 1962 702 2100 742; x_wconf 89' lang='lat' dir='ltr'><strong>cum</strong></span> 
     </span>
    </p>
   </div>
   <div class='ocr_carea' id='block_1_6' title="bbox 453 779 2096 848">
    <p class='ocr_par' dir='ltr' id='par_1_6' title="bbox 453 779 2096 848">
     <span class='ocr_line' id='line_1_6' title="bbox 453 779 2096 848; baseline -0.002 -14"><span class='ocrx_word' id='word_1_33' title='bbox 453 794 810 834; x_wconf 82' lang='lat' dir='ltr'><strong>ascensurus</strong></span> <span class='ocrx_word' id='word_1_34' title='bbox 856 786 1010 834; x_wconf 86' lang='lat' dir='ltr'><strong>esset</strong></span> <span class='ocrx_word' id='word_1_35' title='bbox 1068 779 1332 836; x_wconf 87' lang='lat' dir='ltr'><strong>Christus</strong></span> <span class='ocrx_word' id='word_1_36' title='bbox 1371 780 1432 835; x_wconf 92' lang='lat' dir='ltr'><strong>in</strong></span> <span class='ocrx_word' id='word_1_37' title='bbox 1482 779 1717 845; x_wconf 67' lang='lat' dir='ltr'><strong>ctelum,</strong></span> <span class='ocrx_word' id='word_1_38' title='bbox 1757 779 1904 833; x_wconf 85' lang='lat' dir='ltr'><strong>dixit</strong></span> <span class='ocrx_word' id='word_1_39' title='bbox 1955 792 2096 848; x_wconf 84' lang='lat' dir='ltr'><strong>apo-</strong></span> 
     </span>
    </p>
   </div>
   <div class='ocr_carea' id='block_1_7' title="bbox 451 866 2101 939">
    <p class='ocr_par' dir='ltr' id='par_1_7' title="bbox 451 866 2101 939">
     <span class='ocr_line' id='line_1_7' title="bbox 451 866 2101 939; baseline -0.002 -17"><span class='ocrx_word' id='word_1_40' title='bbox 451 866 614 923; x_wconf 88' lang='lat' dir='ltr'><strong>stolis</strong></span> <span class='ocrx_word' id='word_1_41' title='bbox 631 869 700 922; x_wconf 87' lang='lat' dir='ltr'><strong>:A</strong></span> <span class='ocrx_word' id='word_1_42' title='bbox 711 867 969 937; x_wconf 78' lang='lat' dir='ltr'><strong>ccipietis</strong></span> <span class='ocrx_word' id='word_1_43' title='bbox 983 869 1258 924; x_wconf 75' lang='lat' dir='ltr'><strong>virtutem</strong></span> <span class='ocrx_word' id='word_1_44' title='bbox 1269 869 1646 939; x_wconf 81' lang='lat' dir='ltr'><strong>supervenien</strong></span> <span class='ocrx_word' id='word_1_45' title='bbox 1655 867 1954 936; x_wconf 79' lang='lat' dir='ltr'><strong>tesz&#39;ritu</strong></span> <span class='ocrx_word' id='word_1_46' title='bbox 1971 881 2101 920; x_wconf 77' lang='lat' dir='ltr'><strong>san-</strong></span> 
     </span>
    </p>
   </div>
   <div class='ocr_carea' id='block_1_8' title="bbox 453 957 2097 1026">
    <p class='ocr_par' dir='ltr' id='par_1_8' title="bbox 453 957 2097 1026">
     <span class='ocr_line' id='line_1_8' title="bbox 453 957 2097 1026; baseline -0.002 -14"><span class='ocrx_word' id='word_1_47' title='bbox 453 963 542 1012; x_wconf 91' lang='lat' dir='ltr'><strong>cto</strong></span> <span class='ocrx_word' id='word_1_48' title='bbox 574 973 752 1026; x_wconf 78' lang='lat' dir='ltr'><strong>super</strong></span> <span class='ocrx_word' id='word_1_49' title='bbox 775 973 896 1020; x_wconf 81' lang='lat' dir='ltr'><strong>vos,</strong></span> <span class='ocrx_word' id='word_1_50' title='bbox 951 965 1000 1013; x_wconf 86' lang='lat' dir='ltr'><strong>et</strong></span> <span class='ocrx_word' id='word_1_51' title='bbox 1041 959 1202 1014; x_wconf 80' lang='lat' dir='ltr'><strong>eritis</strong></span> <span class='ocrx_word' id='word_1_52' title='bbox 1223 958 1366 1014; x_wconf 79' lang='lat' dir='ltr'><strong>mihi</strong></span> <span class='ocrx_word' id='word_1_53' title='bbox 1393 963 1554 1013; x_wconf 84' lang='lat' dir='ltr'><strong>testes</strong></span> <span class='ocrx_word' id='word_1_54' title='bbox 1595 959 1656 1012; x_wconf 85' lang='lat' dir='ltr'><strong>in</strong></span> <span class='ocrx_word' id='word_1_55' title='bbox 1688 957 2023 1020; x_wconf 79' lang='lat' dir='ltr'><strong>Jerusalem,</strong></span> <span class='ocrx_word' id='word_1_56' title='bbox 2047 959 2097 1010; x_wconf 91' lang='lat' dir='ltr'><strong>et</strong></span> 
     </span>
    </p>
   </div>
   <div class='ocr_carea' id='block_1_9' title="bbox 448 1045 2098 1118">
    <p class='ocr_par' dir='ltr' id='par_1_9' title="bbox 448 1045 2098 1118">
     <span class='ocr_line' id='line_1_9' title="bbox 448 1045 2098 1118; baseline -0.002 -18"><span class='ocrx_word' id='word_1_57' title='bbox 448 1045 510 1101; x_wconf 79' lang='lat' dir='ltr'><strong>in</strong></span> <span class='ocrx_word' id='word_1_58' title='bbox 537 1047 694 1100; x_wconf 87' lang='lat' dir='ltr'><strong>omni</strong></span> <span class='ocrx_word' id='word_1_59' title='bbox 720 1046 928 1102; x_wconf 69' lang='lat' dir='ltr'><strong>Judaea</strong></span> <span class='ocrx_word' id='word_1_60' title='bbox 953 1054 1004 1102; x_wconf 86' lang='lat' dir='ltr'><strong>et</strong></span> <span class='ocrx_word' id='word_1_61' title='bbox 1033 1046 1321 1112; x_wconf 79' lang='lat' dir='ltr'><strong>Samaria,</strong></span> <span class='ocrx_word' id='word_1_62' title='bbox 1351 1053 1403 1102; x_wconf 89' lang='lat' dir='ltr'><strong>et</strong></span> <span class='ocrx_word' id='word_1_63' title='bbox 1431 1061 1614 1118; x_wconf 85' lang='lat' dir='ltr'><strong>usque</strong></span> <span class='ocrx_word' id='word_1_64' title='bbox 1656 1045 1737 1101; x_wconf 89' lang='lat' dir='ltr'><strong>ad</strong></span> <span class='ocrx_word' id='word_1_65' title='bbox 1779 1051 2098 1101; x_wconf 73' lang='lat' dir='ltr'><strong>extremum</strong></span> 
     </span>
    </p>
   </div>
   <div class='ocr_carea' id='block_1_10' title="bbox 451 1133 2101 1208">
    <p class='ocr_par' dir='ltr' id='par_1_10' title="bbox 451 1133 2101 1208">
     <span class='ocr_line' id='line_1_10' title="bbox 451 1133 2101 1208; baseline 0 -20"><span class='ocrx_word' id='word_1_66' title='bbox 451 1138 704 1190; x_wconf 65' lang='lat' dir='ltr'><strong>terrae“.</strong></span> <span class='ocrx_word' id='word_1_67' title='bbox 741 1138 884 1190; x_wconf 90' lang='lat' dir='ltr'><strong>Ecce</strong></span> <span class='ocrx_word' id='word_1_68' title='bbox 900 1135 1209 1208; x_wconf 91' lang='lat' dir='ltr'><strong>quomodo</strong></span> <span class='ocrx_word' id='word_1_69' title='bbox 1238 1134 1683 1204; x_wconf 88' lang='lat' dir='ltr'><strong>signiﬁcaverit,</strong></span> <span class='ocrx_word' id='word_1_70' title='bbox 1706 1133 1870 1206; x_wconf 89' lang='lat' dir='ltr'><strong>quod</strong></span> <span class='ocrx_word' id='word_1_71' title='bbox 1902 1149 1936 1188; x_wconf 95' lang='lat' dir='ltr'><strong>a</strong></span> <span class='ocrx_word' id='word_1_72' title='bbox 1968 1133 2101 1188; x_wconf 87' lang='lat' dir='ltr'><strong>Hie-</strong></span> 
     </span>
    </p>
   </div>
   <div class='ocr_carea' id='block_1_11' title="bbox 446 1223 1384 1295">
    <p class='ocr_par' dir='ltr' id='par_1_11' title="bbox 446 1223 1384 1295">
     <span class='ocr_line' id='line_1_11' title="bbox 446 1223 1384 1295; baseline 0 -17"><span class='ocrx_word' id='word_1_73' title='bbox 446 1223 765 1295; x_wconf 85' lang='lat' dir='ltr'><strong>rosolymis</strong></span> <span class='ocrx_word' id='word_1_74' title='bbox 800 1224 1136 1280; x_wconf 86' lang='lat' dir='ltr'><strong>inchoaturi</strong></span> <span class='ocrx_word' id='word_1_75' title='bbox 1166 1229 1384 1280; x_wconf 83' lang='lat' dir='ltr'><strong>essent.</strong></span> 
     </span>
    </p>
   </div>
   <div class='ocr_carea' id='block_1_12' title="bbox 520 1419 2100 1476">
    <p class='ocr_par' dir='ltr' id='par_1_12' title="bbox 520 1419 2100 1476">
     <span class='ocr_line' id='line_1_12' title="bbox 520 1419 2100 1476; baseline 0.001 -3"><span class='ocrx_word' id='word_1_76' title='bbox 520 1419 685 1474; x_wconf 87' lang='lat' dir='ltr'><strong>Vers.</strong></span> <span class='ocrx_word' id='word_1_77' title='bbox 724 1424 803 1474; x_wconf 89' lang='grc'><strong>10.</strong></span> <span class='ocrx_word' id='word_1_78' title='bbox 847 1423 909 1474; x_wconf 82' lang='lat' dir='ltr'><strong>Et</strong></span> <span class='ocrx_word' id='word_1_79' title='bbox 967 1421 1157 1476; x_wconf 84' lang='lat' dir='ltr'><strong>bonos.</strong></span> <span class='ocrx_word' id='word_1_80' title='bbox 1213 1420 1399 1476; x_wconf 90' lang='lat' dir='ltr'><strong>Malos</strong></span> <span class='ocrx_word' id='word_1_81' title='bbox 1452 1423 1724 1476; x_wconf 85' lang='lat' dir='ltr'><strong>nominat</strong></span> <span class='ocrx_word' id='word_1_82' title='bbox 1774 1419 1936 1474; x_wconf 87' lang='lat' dir='ltr'><strong>malis</strong></span> <span class='ocrx_word' id='word_1_83' title='bbox 2011 1436 2100 1474; x_wconf 88' lang='lat' dir='ltr'><strong>as-</strong></span> 
     </span>
    </p>
   </div>
   <div class='ocr_carea' id='block_1_13' title="bbox 447 1508 2098 1580">
    <p class='ocr_par' dir='ltr' id='par_1_13' title="bbox 447 1508 2098 1580">
     <span class='ocr_line' id='line_1_13' title="bbox 447 1508 2098 1580; baseline 0.002 -20"><span class='ocrx_word' id='word_1_84' title='bbox 447 1512 669 1572; x_wconf 90' lang='lat' dir='ltr'><strong>suetos,</strong></span> <span class='ocrx_word' id='word_1_85' title='bbox 692 1513 795 1564; x_wconf 87' lang='lat' dir='ltr'><strong>aut</strong></span> <span class='ocrx_word' id='word_1_86' title='bbox 846 1509 1308 1580; x_wconf 89' lang='lat' dir='ltr'><strong>intemperantes</strong></span> <span class='ocrx_word' id='word_1_87' title='bbox 1332 1509 1390 1564; x_wconf 89' lang='lat' dir='ltr'><strong>in</strong></span> <span class='ocrx_word' id='word_1_88' title='bbox 1423 1508 1835 1564; x_wconf 69' lang='lat' dir='ltr'><strong>affectionibus</strong></span> <span class='ocrx_word' id='word_1_89' title='bbox 1865 1527 1877 1575; x_wconf 92' lang='lat'>;</span> <span class='ocrx_word' id='word_1_90' title='bbox 1909 1509 2098 1564; x_wconf 92' lang='lat' dir='ltr'><strong>bonos</strong></span> 
     </span>
    </p>
   </div>
   <div class='ocr_carea' id='block_1_14' title="bbox 444 1598 2099 1670">
    <p class='ocr_par' dir='ltr' id='par_1_14' title="bbox 444 1598 2099 1670">
     <span class='ocr_line' id='line_1_14' title="bbox 444 1598 2099 1670; baseline 0.001 -19"><span class='ocrx_word' id='word_1_91' title='bbox 444 1613 582 1651; x_wconf 84' lang='lat' dir='ltr'><strong>vero</strong></span> <span class='ocrx_word' id='word_1_92' title='bbox 638 1598 936 1669; x_wconf 87' lang='lat' dir='ltr'><strong>simplices</strong></span> <span class='ocrx_word' id='word_1_93' title='bbox 997 1615 1066 1655; x_wconf 89' lang='lat' dir='ltr'><strong>ac</strong></span> <span class='ocrx_word' id='word_1_94' title='bbox 1130 1604 1526 1670; x_wconf 88' lang='lat' dir='ltr'><strong>temperantes</strong></span> <span class='ocrx_word' id='word_1_95' title='bbox 1580 1599 1656 1654; x_wconf 90' lang='lat' dir='ltr'><strong>ad</strong></span> <span class='ocrx_word' id='word_1_96' title='bbox 1728 1599 2099 1654; x_wconf 86' lang='lat' dir='ltr'><strong>irrationales</strong></span> 
     </span>
    </p>
   </div>
   <div class='ocr_carea' id='block_1_15' title="bbox 445 1686 2100 1760">
    <p class='ocr_par' dir='ltr' id='par_1_15' title="bbox 445 1686 2100 1760">
     <span class='ocr_line' id='line_1_15' title="bbox 445 1686 2100 1760; baseline 0.001 -20"><span class='ocrx_word' id='word_1_97' title='bbox 445 1686 725 1757; x_wconf 89' lang='lat' dir='ltr'><strong>impetus,</strong></span> <span class='ocrx_word' id='word_1_98' title='bbox 742 1687 963 1758; x_wconf 89' lang='lat' dir='ltr'><strong>quibus</strong></span> <span class='ocrx_word' id='word_1_99' title='bbox 983 1688 1447 1743; x_wconf 88' lang='lat' dir='ltr'><strong>simulomnibus</strong></span> <span class='ocrx_word' id='word_1_100' title='bbox 1472 1688 1941 1759; x_wconf 64' lang='lat' dir='ltr'><strong>prsedicaverunt</strong></span> <span class='ocrx_word' id='word_1_101' title='bbox 1959 1703 2100 1760; x_wconf 89' lang='lat' dir='ltr'><strong>apo-</strong></span> 
     </span>
    </p>
   </div>
   <div class='ocr_carea' id='block_1_16' title="bbox 446 1775 2096 1848">
    <p class='ocr_par' dir='ltr' id='par_1_16' title="bbox 446 1775 2096 1848">
     <span class='ocr_line' id='line_1_16' title="bbox 446 1775 2096 1848; baseline 0.001 -19"><span class='ocrx_word' id='word_1_102' title='bbox 446 1775 602 1838; x_wconf 90' lang='lat' dir='ltr'><strong>stoli,</strong></span> <span class='ocrx_word' id='word_1_103' title='bbox 634 1791 843 1831; x_wconf 90' lang='lat' dir='ltr'><strong>omnes</strong></span> <span class='ocrx_word' id='word_1_104' title='bbox 862 1791 932 1831; x_wconf 91' lang='lat' dir='ltr'><strong>ex</strong></span> <span class='ocrx_word' id='word_1_105' title='bbox 964 1793 1139 1848; x_wconf 72' lang='lat' dir='ltr'><strong>aequo</strong></span> <span class='ocrx_word' id='word_1_106' title='bbox 1170 1777 1490 1832; x_wconf 86' lang='lat' dir='ltr'><strong>invitantes</strong></span> <span class='ocrx_word' id='word_1_107' title='bbox 1508 1777 1578 1832; x_wconf 88' lang='lat' dir='ltr'><strong>ad</strong></span> <span class='ocrx_word' id='word_1_108' title='bbox 1609 1776 2096 1847; x_wconf 87' lang='lat' dir='ltr'><strong>conjunctionem</strong></span> 
     </span>
    </p>
   </div>
   <div class='ocr_carea' id='block_1_17' title="bbox 447 1864 2100 1937">
    <p class='ocr_par' dir='ltr' id='par_1_17' title="bbox 447 1864 2100 1937">
     <span class='ocr_line' id='line_1_17' title="bbox 447 1864 2100 1937; baseline 0.002 -19"><span class='ocrx_word' id='word_1_109' title='bbox 447 1880 584 1918; x_wconf 90' lang='lat' dir='ltr'><strong>cum</strong></span> <span class='ocrx_word' id='word_1_110' title='bbox 645 1864 894 1931; x_wconf 87' lang='lat' dir='ltr'><strong>Christo,</strong></span> <span class='ocrx_word' id='word_1_111' title='bbox 942 1871 997 1920; x_wconf 90' lang='lat' dir='ltr'><strong>et</strong></span> <span class='ocrx_word' id='word_1_112' title='bbox 1043 1881 1176 1922; x_wconf 89' lang='lat' dir='ltr'><strong>eam</strong></span> <span class='ocrx_word' id='word_1_113' title='bbox 1233 1881 1364 1937; x_wconf 81' lang='lat' dir='ltr'><strong>quae</strong></span> <span class='ocrx_word' id='word_1_114' title='bbox 1398 1866 1458 1920; x_wconf 91' lang='lat' dir='ltr'><strong>in</strong></span> <span class='ocrx_word' id='word_1_115' title='bbox 1490 1866 1737 1936; x_wconf 84' lang='lat' dir='ltr'><strong>paesenti</strong></span> <span class='ocrx_word' id='word_1_116' title='bbox 1797 1866 2012 1921; x_wconf 65' lang='lat' dir='ltr'><strong>saeculo</strong></span> <span class='ocrx_word' id='word_1_117' title='bbox 2043 1870 2100 1922; x_wconf 91' lang='lat' dir='ltr'><strong>et</strong></span> 
     </span>
    </p>
   </div>
   <div class='ocr_carea' id='block_1_18' title="bbox 444 1952 1063 2022">
    <p class='ocr_par' dir='ltr' id='par_1_18' title="bbox 444 1952 1063 2022">
     <span class='ocr_line' id='line_1_18' title="bbox 444 1952 1063 2022; baseline 0.002 -17"><span class='ocrx_word' id='word_1_118' title='bbox 444 1967 579 2022; x_wconf 66' lang='lat' dir='ltr'><strong>quae</strong></span> <span class='ocrx_word' id='word_1_119' title='bbox 620 1953 726 2006; x_wconf 87' lang='lat' dir='ltr'><strong>erit</strong></span> <span class='ocrx_word' id='word_1_120' title='bbox 756 1952 814 2006; x_wconf 87' lang='lat' dir='ltr'><strong>in</strong></span> <span class='ocrx_word' id='word_1_121' title='bbox 847 1952 1063 2008; x_wconf 88' lang='lat' dir='ltr'><strong>futuro.</strong></span> 
     </span>
    </p>
   </div>
   <div class='ocr_carea' id='block_1_19' title="bbox 517 2057 2096 2130">
    <p class='ocr_par' dir='ltr' id='par_1_19' title="bbox 517 2057 2096 2130">
     <span class='ocr_line' id='line_1_19' title="bbox 517 2057 2096 2130; baseline 0.003 -18"><span class='ocrx_word' id='word_1_122' title='bbox 517 2057 682 2112; x_wconf 88' lang='lat' dir='ltr'><strong>Vers.</strong></span> <span class='ocrx_word' id='word_1_123' title='bbox 737 2059 821 2113; x_wconf 90' lang='grc'><strong>10.</strong></span> <span class='ocrx_word' id='word_1_124' title='bbox 874 2058 952 2113; x_wconf 88' lang='lat' dir='ltr'><strong>Et</strong></span> <span class='ocrx_word' id='word_1_125' title='bbox 1008 2091 1076 2099; x_wconf 98' lang='lat'><strong>—</strong></span> <span class='ocrx_word' id='word_1_126' title='bbox 1142 2062 1297 2115; x_wconf 90' lang='lat' dir='ltr'><strong>Vers.</strong></span> <span class='ocrx_word' id='word_1_127' title='bbox 1364 2060 1826 2130; x_wconf 61' lang='lat' dir='ltr'><strong>&#39;ll.nuptialem.</strong></span> <span class='ocrx_word' id='word_1_128' title='bbox 1889 2062 2096 2117; x_wconf 90' lang='lat' dir='ltr'><strong>Dicens</strong></span> 
     </span>
    </p>
   </div>
   <div class='ocr_carea' id='block_1_20' title="bbox 445 2145 2091 2222">
    <p class='ocr_par' dir='ltr' id='par_1_20' title="bbox 445 2145 2091 2222">
     <span class='ocr_line' id='line_1_20' title="bbox 445 2145 2091 2222; baseline 0.003 -22"><span class='ocrx_word' id='word_1_129' title='bbox 445 2145 609 2217; x_wconf 92' lang='lat' dir='ltr'><strong>quod</strong></span> <span class='ocrx_word' id='word_1_130' title='bbox 635 2145 894 2217; x_wconf 65' lang='lat' dir='ltr'><strong>impletae</strong></span> <span class='ocrx_word' id='word_1_131' title='bbox 936 2151 1074 2203; x_wconf 90' lang='lat' dir='ltr'><strong>sunt</strong></span> <span class='ocrx_word' id='word_1_132' title='bbox 1102 2148 1325 2219; x_wconf 71' lang='lat' dir='ltr'><strong>nuptiae</strong></span> <span class='ocrx_word' id='word_1_133' title='bbox 1348 2148 1470 2205; x_wconf 87' lang='lat' dir='ltr'><strong>sive</strong></span> <span class='ocrx_word' id='word_1_134' title='bbox 1486 2149 1702 2205; x_wconf 91' lang='lat' dir='ltr'><strong>domus</strong></span> <span class='ocrx_word' id='word_1_135' title='bbox 1724 2149 2091 2222; x_wconf 86' lang='lat' dir='ltr'><strong>nuptiarum,</strong></span> 
     </span>
    </p>
   </div>
   <div class='ocr_carea' id='block_1_21' title="bbox 446 2234 2097 2311">
    <p class='ocr_par' dir='ltr' id='par_1_21' title="bbox 446 2234 2097 2311">
     <span class='ocr_line' id='line_1_21' title="bbox 446 2234 2097 2311; baseline 0.004 -23"><span class='ocrx_word' id='word_1_136' title='bbox 446 2234 805 2304; x_wconf 88' lang='lat' dir='ltr'><strong>signiﬁcavit</strong></span> <span class='ocrx_word' id='word_1_137' title='bbox 849 2235 1006 2306; x_wconf 92' lang='lat' dir='ltr'><strong>quod</strong></span> <span class='ocrx_word' id='word_1_138' title='bbox 1062 2236 1232 2292; x_wconf 91' lang='lat' dir='ltr'><strong>multi</strong></span> <span class='ocrx_word' id='word_1_139' title='bbox 1278 2238 1600 2308; x_wconf 82' lang='lat' dir='ltr'><strong>ingressuri</strong></span> <span class='ocrx_word' id='word_1_140' title='bbox 1633 2243 1772 2294; x_wconf 89' lang='lat' dir='ltr'><strong>sunt</strong></span> <span class='ocrx_word' id='word_1_141' title='bbox 1798 2255 1987 2311; x_wconf 89' lang='lat' dir='ltr'><strong>usque</strong></span> <span class='ocrx_word' id='word_1_142' title='bbox 2018 2240 2097 2295; x_wconf 91' lang='lat' dir='ltr'><strong>ad</strong></span> 
     </span>
    </p>
   </div>
   <div class='ocr_carea' id='block_1_22' title="bbox 444 2324 2096 2400">
    <p class='ocr_par' dir='ltr' id='par_1_22' title="bbox 444 2324 2096 2400">
     <span class='ocr_line' id='line_1_22' title="bbox 444 2324 2096 2400; baseline 0.004 -23"><span class='ocrx_word' id='word_1_143' title='bbox 444 2324 656 2378; x_wconf 88' lang='lat' dir='ltr'><strong>mundi</strong></span> <span class='ocrx_word' id='word_1_144' title='bbox 670 2325 1271 2382; x_wconf 87' lang='lat' dir='ltr'><strong>consummationem.</strong></span> <span class='ocrx_word' id='word_1_145' title='bbox 1293 2331 1352 2382; x_wconf 92' lang='lat' dir='ltr'><strong>ln</strong></span> <span class='ocrx_word' id='word_1_146' title='bbox 1371 2328 1640 2399; x_wconf 89' lang='lat' dir='ltr'><strong>sequenti</strong></span> <span class='ocrx_word' id='word_1_147' title='bbox 1657 2343 1799 2384; x_wconf 90' lang='lat' dir='ltr'><strong>vero</strong></span> <span class='ocrx_word' id='word_1_148' title='bbox 1811 2328 2096 2400; x_wconf 78' lang='lat' dir='ltr'><strong>parabola</strong></span> 
     </span>
    </p>
   </div>
   <div class='ocr_carea' id='block_1_23' title="bbox 444 2413 2094 2491">
    <p class='ocr_par' dir='ltr' id='par_1_23' title="bbox 444 2413 2094 2491">
     <span class='ocr_line' id='line_1_23' title="bbox 444 2413 2094 2491; baseline 0.004 -24"><span class='ocrx_word' id='word_1_149' title='bbox 444 2413 618 2468; x_wconf 91' lang='lat' dir='ltr'><strong>docet</strong></span> <span class='ocrx_word' id='word_1_150' title='bbox 646 2413 720 2468; x_wconf 92' lang='lat' dir='ltr'><strong>de</strong></span> <span class='ocrx_word' id='word_1_151' title='bbox 751 2413 948 2470; x_wconf 86' lang='lat' dir='ltr'><strong>futuro</strong></span> <span class='ocrx_word' id='word_1_152' title='bbox 956 2415 1201 2485; x_wconf 90' lang='lat' dir='ltr'><strong>judicio.</strong></span> <span class='ocrx_word' id='word_1_153' title='bbox 1233 2419 1315 2472; x_wconf 91' lang='lat' dir='ltr'><strong>Tu</strong></span> <span class='ocrx_word' id='word_1_154' title='bbox 1337 2422 1537 2473; x_wconf 91' lang='lat' dir='ltr'><strong>autem</strong></span> <span class='ocrx_word' id='word_1_155' title='bbox 1566 2417 1710 2473; x_wconf 89' lang='lat' dir='ltr'><strong>nihil</strong></span> <span class='ocrx_word' id='word_1_156' title='bbox 1739 2417 2094 2491; x_wconf 84' lang='lat' dir='ltr'><strong>profundius</strong></span> 
     </span>
    </p>
   </div>
   <div class='ocr_carea' id='block_1_24' title="bbox 446 2503 2096 2578">
    <p class='ocr_par' dir='ltr' id='par_1_24' title="bbox 446 2503 2096 2578">
     <span class='ocr_line' id='line_1_24' title="bbox 446 2503 2096 2578; baseline 0.004 -21"><span class='ocrx_word' id='word_1_157' title='bbox 446 2503 743 2573; x_wconf 87' lang='lat' dir='ltr'><strong>scruteris,</strong></span> <span class='ocrx_word' id='word_1_158' title='bbox 766 2507 908 2575; x_wconf 88' lang='lat' dir='ltr'><strong>puta</strong></span> <span class='ocrx_word' id='word_1_159' title='bbox 939 2505 1075 2576; x_wconf 86' lang='lat' dir='ltr'><strong>quis</strong></span> <span class='ocrx_word' id='word_1_160' title='bbox 1105 2505 1177 2561; x_wconf 93' lang='lat' dir='ltr'><strong>sit</strong></span> <span class='ocrx_word' id='word_1_161' title='bbox 1203 2522 1464 2578; x_wconf 87' lang='lat' dir='ltr'><strong>sponsus</strong></span> <span class='ocrx_word' id='word_1_162' title='bbox 1495 2511 1552 2562; x_wconf 90' lang='lat' dir='ltr'><strong>et</strong></span> <span class='ocrx_word' id='word_1_163' title='bbox 1577 2507 1886 2578; x_wconf 90' lang='lat' dir='ltr'><strong>quomodo</strong></span> <span class='ocrx_word' id='word_1_164' title='bbox 1918 2508 2096 2564; x_wconf 90' lang='lat' dir='ltr'><strong>simul</strong></span> 
     </span>
    </p>
   </div>
   <div class='ocr_carea' id='block_1_25' title="bbox 445 2593 2094 2670">
    <p class='ocr_par' dir='ltr' id='par_1_25' title="bbox 445 2593 2094 2670">
     <span class='ocr_line' id='line_1_25' title="bbox 445 2593 2094 2670; baseline 0.004 -24"><span class='ocrx_word' id='word_1_165' title='bbox 445 2607 579 2648; x_wconf 89' lang='lat' dir='ltr'><strong>cum</strong></span> <span class='ocrx_word' id='word_1_166' title='bbox 609 2593 884 2648; x_wconf 88' lang='lat' dir='ltr'><strong>decenter</strong></span> <span class='ocrx_word' id='word_1_167' title='bbox 907 2595 1131 2650; x_wconf 88' lang='lat' dir='ltr'><strong>ornatis</strong></span> <span class='ocrx_word' id='word_1_168' title='bbox 1161 2595 1467 2664; x_wconf 86' lang='lat' dir='ltr'><strong>ingressus</strong></span> <span class='ocrx_word' id='word_1_169' title='bbox 1497 2601 1583 2652; x_wconf 88' lang='lat' dir='ltr'><strong>est</strong></span> <span class='ocrx_word' id='word_1_170' title='bbox 1615 2597 1667 2652; x_wconf 92' lang='lat' dir='ltr'><strong>is</strong></span> <span class='ocrx_word' id='word_1_171' title='bbox 1707 2599 1812 2670; x_wconf 92' lang='lat' dir='ltr'><strong>qui</strong></span> <span class='ocrx_word' id='word_1_172' title='bbox 1845 2597 2094 2668; x_wconf 84' lang='lat' dir='ltr'><strong>nuptiali</strong></span> 
     </span>
    </p>
   </div>
   <div class='ocr_carea' id='block_1_26' title="bbox 2288 419 3813 493">
    <p class='ocr_par' dir='ltr' id='par_1_26' title="bbox 2288 419 3813 493">
     <span class='ocr_line' id='line_1_26' title="bbox 2288 419 3813 493; baseline 0.003 -23"><span class='ocrx_word' id='word_1_173' title='bbox 2288 422 2387 470; x_wconf 80' lang='grc' dir='ltr'>Καὶ</span> <span class='ocrx_word' id='word_1_174' title='bbox 2453 423 2555 490; x_wconf 79' lang='grc' dir='ltr'>μὴν</span> <span class='ocrx_word' id='word_1_175' title='bbox 2621 421 2851 481; x_wconf 84' lang='grc' dir='ltr'>αναστὰς</span> <span class='ocrx_word' id='word_1_176' title='bbox 2902 420 2928 471; x_wconf 99' lang='lat'><strong>6</strong></span> <span class='ocrx_word' id='word_1_177' title='bbox 2993 421 3222 491; x_wconf 79' lang='grc' dir='ltr'>Χριστὸς</span> <span class='ocrx_word' id='word_1_178' title='bbox 3287 419 3343 470; x_wconf 73' lang='grc' dir='ltr'><strong>ἐκ</strong></span> <span class='ocrx_word' id='word_1_179' title='bbox 3413 428 3602 493; x_wconf 80' lang='grc' dir='ltr'><strong>νεκρῶν</strong></span> <span class='ocrx_word' id='word_1_180' title='bbox 3663 422 3813 483; x_wconf 79' lang='grc' dir='ltr'>εὐθὺς</span> 
     </span>
    </p>
   </div>
   <div class='ocr_carea' id='block_1_27' title="bbox 2213 507 3814 583">
    <p class='ocr_par' dir='ltr' id='par_1_27' title="bbox 2213 507 3814 583">
     <span class='ocr_line' id='line_1_27' title="bbox 2213 507 3814 583; baseline 0.002 -26"><span class='ocrx_word' id='word_1_181' title='bbox 2213 509 2280 568; x_wconf 81' lang='grc' dir='ltr'>εἰς</span> <span class='ocrx_word' id='word_1_182' title='bbox 2353 510 2419 558; x_wconf 84' lang='grc' dir='ltr'>τὰ</span> <span class='ocrx_word' id='word_1_183' title='bbox 2489 509 2604 566; x_wconf 87' lang='grc' dir='ltr'>ἔθνη</span> <span class='ocrx_word' id='word_1_184' title='bbox 2677 512 2887 570; x_wconf 78' lang='grc' dir='ltr'><strong>τούτους</strong></span> <span class='ocrx_word' id='word_1_185' title='bbox 2943 507 3313 578; x_wconf 69' lang='grc' dir='ltr'><strong>ἐξαπέστειλεν,</strong></span> <span class='ocrx_word' id='word_1_186' title='bbox 3378 507 3549 560; x_wconf 79' lang='grc' dir='ltr'>εἰπών·</span> <span class='ocrx_word' id='word_1_187' title='bbox 3622 516 3814 583; x_wconf 89' lang='grc' dir='ltr'>Πορευ-</span> 
     </span>
    </p>
   </div>
   <div class='ocr_carea' id='block_1_28' title="bbox 2213 599 3811 669">
    <p class='ocr_par' dir='ltr' id='par_1_28' title="bbox 2213 599 3811 669">
     <span class='ocr_line' id='line_1_28' title="bbox 2213 599 3811 669; baseline 0 -21"><span class='ocrx_word' id='word_1_188' title='bbox 2213 599 2380 658; x_wconf 87' lang='grc' dir='ltr'>θέντες</span> <span class='ocrx_word' id='word_1_189' title='bbox 2490 601 2853 669; x_wconf 80' lang='grc' dir='ltr'>μαθητεύσατε</span> <span class='ocrx_word' id='word_1_190' title='bbox 2977 601 3144 650; x_wconf 88' lang='grc' dir='ltr'>πάντα</span> <span class='ocrx_word' id='word_1_191' title='bbox 3268 600 3332 648; x_wconf 83' lang='grc' dir='ltr'><strong>τά</strong></span> <span class='ocrx_word' id='word_1_192' title='bbox 3441 600 3580 656; x_wconf 84' lang='grc' dir='ltr'>ἔθνη.</span> <span class='ocrx_word' id='word_1_193' title='bbox 3701 605 3811 660; x_wconf 81' lang='grc' dir='ltr'>Πῶς</span> 
     </span>
    </p>
   </div>
   <div class='ocr_carea' id='block_1_29' title="bbox 2209 682 3812 759">
    <p class='ocr_par' dir='ltr' id='par_1_29' title="bbox 2209 682 3812 759">
     <span class='ocr_line' id='line_1_29' title="bbox 2209 682 3812 759; baseline -0.001 -21"><span class='ocrx_word' id='word_1_194' title='bbox 2209 682 2297 738; x_wconf 79' lang='grc' dir='ltr'><strong>οὖν</strong></span> <span class='ocrx_word' id='word_1_195' title='bbox 2343 695 2542 758; x_wconf 80' lang='grc' dir='ltr'>πρῶτον</span> <span class='ocrx_word' id='word_1_196' title='bbox 2589 694 2693 748; x_wconf 87' lang='grc' dir='ltr'>τοῖς</span> <span class='ocrx_word' id='word_1_197' title='bbox 2733 684 3010 748; x_wconf 74' lang='grc' dir='ltr'><strong>Ἰουδαίοις</strong></span> <span class='ocrx_word' id='word_1_198' title='bbox 3058 686 3332 758; x_wconf 73' lang='grc' dir='ltr'><strong>ἐκήρυξαν,</strong></span> <span class='ocrx_word' id='word_1_199' title='bbox 3379 689 3565 759; x_wconf 61' lang='grc' dir='ltr'>γράφει</span> <span class='ocrx_word' id='word_1_200' title='bbox 3609 692 3812 747; x_wconf 80' lang='grc' dir='ltr'><strong>Λουκᾶς</strong></span> 
     </span>
    </p>
   </div>
   <div class='ocr_carea' id='block_1_30' title="bbox 2211 771 3809 850">
    <p class='ocr_par' dir='ltr' id='par_1_30' title="bbox 2211 771 3809 850">
     <span class='ocr_line' id='line_1_30' title="bbox 2211 771 3809 850; baseline 0.003 -26"><span class='ocrx_word' id='word_1_201' title='bbox 2211 771 2258 824; x_wconf 81' lang='grc' dir='ltr'><strong>ἐν</strong></span> <span class='ocrx_word' id='word_1_202' title='bbox 2433 773 2609 848; x_wconf 81' lang='grc' dir='ltr'>βιβλῳ</span> <span class='ocrx_word' id='word_1_203' title='bbox 2656 785 2755 828; x_wconf 89' lang='grc' dir='ltr'><strong>τῶν</strong></span> <span class='ocrx_word' id='word_1_204' title='bbox 2807 776 3064 848; x_wconf 86' lang='grc' dir='ltr'>Πράξεων·</span> <span class='ocrx_word' id='word_1_205' title='bbox 3113 778 3189 828; x_wconf 88' lang='grc' dir='ltr'>ὅτι</span> <span class='ocrx_word' id='word_1_206' title='bbox 3241 774 3432 848; x_wconf 83' lang='grc' dir='ltr'>μέλλων</span> <span class='ocrx_word' id='word_1_207' title='bbox 3502 777 3527 826; x_wconf 90' lang='lat'><strong>6</strong></span> <span class='ocrx_word' id='word_1_208' title='bbox 3583 779 3809 850; x_wconf 78' lang='grc' dir='ltr'>Χριστός</span> 
     </span>
    </p>
   </div>
   <div class='ocr_carea' id='block_1_31' title="bbox 2212 860 3800 940">
    <p class='ocr_par' dir='ltr' id='par_1_31' title="bbox 2212 860 3800 940">
     <span class='ocr_line' id='line_1_31' title="bbox 2212 860 3800 940; baseline 0.003 -28"><span class='ocrx_word' id='word_1_209' title='bbox 2212 861 2498 915; x_wconf 79' lang='grc' dir='ltr'>ἀναϐαίνειν</span> <span class='ocrx_word' id='word_1_210' title='bbox 2570 865 2639 926; x_wconf 87' lang='grc' dir='ltr'>εἰς</span> <span class='ocrx_word' id='word_1_211' title='bbox 2708 867 2794 916; x_wconf 89' lang='grc' dir='ltr'>τὸν</span> <span class='ocrx_word' id='word_1_212' title='bbox 2843 865 3077 940; x_wconf 79' lang='grc' dir='ltr'>οὐρανὸν,</span> <span class='ocrx_word' id='word_1_213' title='bbox 3139 860 3247 917; x_wconf 86' lang='grc' dir='ltr'>εἶπε</span> <span class='ocrx_word' id='word_1_214' title='bbox 3292 871 3401 923; x_wconf 86' lang='grc' dir='ltr'>τοῖς</span> <span class='ocrx_word' id='word_1_215' title='bbox 3475 862 3800 928; x_wconf 71' lang='grc' dir='ltr'><strong>ἀποστόλοις</strong></span> 
     </span>
    </p>
   </div>
   <div class='ocr_carea' id='block_1_32' title="bbox 2212 949 3800 1026">
    <p class='ocr_par' dir='ltr' id='par_1_32' title="bbox 2212 949 3800 1026">
     <span class='ocr_line' id='line_1_32' title="bbox 2212 949 3800 1026; baseline 0.003 -23"><span class='ocrx_word' id='word_1_216' title='bbox 2212 951 2458 1022; x_wconf 67' lang='grc' dir='ltr'>Λήψεσθε</span> <span class='ocrx_word' id='word_1_217' title='bbox 2531 949 2775 1026; x_wconf 81' lang='grc' dir='ltr'>δύναμιν,</span> <span class='ocrx_word' id='word_1_218' title='bbox 2840 953 2926 1006; x_wconf 75' lang='grc' dir='ltr'><strong>ἐπε</strong></span> <span class='ocrx_word' id='word_1_219' title='bbox 2996 954 3202 1014; x_wconf 89' lang='grc' dir='ltr'>λθόντος</span> <span class='ocrx_word' id='word_1_220' title='bbox 3261 959 3352 1005; x_wconf 85' lang='grc' dir='ltr'>τοῦ</span> <span class='ocrx_word' id='word_1_221' title='bbox 3430 953 3577 1024; x_wconf 84' lang='grc' dir='ltr'>ἁγίου</span> <span class='ocrx_word' id='word_1_222' title='bbox 3649 957 3800 1008; x_wconf 84' lang='grc' dir='ltr'>Πνεύ-</span> 
     </span>
    </p>
   </div>
   <div class='ocr_carea' id='block_1_33' title="bbox 2210 1041 3798 1118">
    <p class='ocr_par' dir='ltr' id='par_1_33' title="bbox 2210 1041 3798 1118">
     <span class='ocr_line' id='line_1_33' title="bbox 2210 1041 3798 1118; baseline 0.002 -26"><span class='ocrx_word' id='word_1_223' title='bbox 2210 1061 2371 1112; x_wconf 82' lang='grc' dir='ltr'>ματος</span> <span class='ocrx_word' id='word_1_224' title='bbox 2442 1041 2516 1114; x_wconf 72' lang='grc' dir='ltr'><strong>ἐφ’</strong></span> <span class='ocrx_word' id='word_1_225' title='bbox 2581 1043 2732 1115; x_wconf 77' lang='grc' dir='ltr'>ὑμᾶς,</span> <span class='ocrx_word' id='word_1_226' title='bbox 2790 1047 2880 1095; x_wconf 87' lang='grc' dir='ltr'><strong>καὶ</strong></span> <span class='ocrx_word' id='word_1_227' title='bbox 2950 1045 3131 1095; x_wconf 86' lang='grc' dir='ltr'>ἔσεσθέ</span> <span class='ocrx_word' id='word_1_228' title='bbox 3186 1062 3274 1115; x_wconf 88' lang='grc' dir='ltr'><strong>μοι</strong></span> <span class='ocrx_word' id='word_1_229' title='bbox 3325 1044 3602 1118; x_wconf 82' lang='grc' dir='ltr'>μάρτυρες,</span> <span class='ocrx_word' id='word_1_230' title='bbox 3651 1045 3699 1095; x_wconf 88' lang='grc' dir='ltr'><strong>ἔν</strong></span> <span class='ocrx_word' id='word_1_231' title='bbox 3745 1063 3798 1095; x_wconf 91' lang='grc' dir='ltr'><strong>τε</strong></span> 
     </span>
    </p>
   </div>
   <div class='ocr_carea' id='block_1_34' title="bbox 2212 1127 3801 1204">
    <p class='ocr_par' dir='ltr' id='par_1_34' title="bbox 2212 1127 3801 1204">
     <span class='ocr_line' id='line_1_34' title="bbox 2212 1127 3801 1204; baseline 0.001 -22"><span class='ocrx_word' id='word_1_232' title='bbox 2212 1130 2557 1204; x_wconf 81' lang='grc' dir='ltr'>Ιερουσαλὴμ,</span> <span class='ocrx_word' id='word_1_233' title='bbox 2614 1135 2702 1185; x_wconf 85' lang='grc' dir='ltr'><strong>καὶ</strong></span> <span class='ocrx_word' id='word_1_234' title='bbox 2756 1130 2803 1183; x_wconf 88' lang='grc' dir='ltr'><strong>ἐν</strong></span> <span class='ocrx_word' id='word_1_235' title='bbox 2855 1133 3002 1204; x_wconf 75' lang='grc' dir='ltr'>πάσῃ</span> <span class='ocrx_word' id='word_1_236' title='bbox 3066 1138 3129 1203; x_wconf 75' lang='grc' dir='ltr'>τῇ</span> <span class='ocrx_word' id='word_1_237' title='bbox 3194 1127 3432 1204; x_wconf 81' lang='grc' dir='ltr'><strong>Ἰουδαίᾳ</strong></span> <span class='ocrx_word' id='word_1_238' title='bbox 3483 1136 3572 1184; x_wconf 87' lang='grc' dir='ltr'><strong>καὶ</strong></span> <span class='ocrx_word' id='word_1_239' title='bbox 3637 1138 3801 1204; x_wconf 68' lang='grc' dir='ltr'>Σαμαι</span> 
     </span>
    </p>
   </div>
   <div class='ocr_carea' id='block_1_35' title="bbox 2209 1217 3802 1293">
    <p class='ocr_par' dir='ltr' id='par_1_35' title="bbox 2209 1217 3802 1293">
     <span class='ocr_line' id='line_1_35' title="bbox 2209 1217 3802 1293; baseline 0.002 -22"><span class='ocrx_word' id='word_1_240' title='bbox 2209 1225 2341 1292; x_wconf 81' lang='grc' dir='ltr'>ρείᾳ,</span> <span class='ocrx_word' id='word_1_241' title='bbox 2392 1225 2481 1272; x_wconf 88' lang='grc' dir='ltr'><strong>καὶ</strong></span> <span class='ocrx_word' id='word_1_242' title='bbox 2536 1222 2628 1283; x_wconf 84' lang='grc' dir='ltr'>ἓως</span> <span class='ocrx_word' id='word_1_243' title='bbox 2681 1220 2913 1293; x_wconf 78' lang='grc' dir='ltr'><strong>ἐσχάτου</strong></span> <span class='ocrx_word' id='word_1_244' title='bbox 2967 1229 3060 1282; x_wconf 81' lang='grc' dir='ltr'>τῆς</span> <span class='ocrx_word' id='word_1_245' title='bbox 3112 1228 3230 1292; x_wconf 81' lang='grc' dir='ltr'>γῆς.</span> <span class='ocrx_word' id='word_1_246' title='bbox 3291 1217 3432 1272; x_wconf 81' lang='grc' dir='ltr'><strong>Ἰδοὺ</strong></span> <span class='ocrx_word' id='word_1_247' title='bbox 3490 1217 3802 1287; x_wconf 77' lang='grc' dir='ltr'><strong>δεδήλωκεν,</strong></span> 
     </span>
    </p>
   </div>
   <div class='ocr_carea' id='block_1_36' title="bbox 2210 1309 3073 1384">
    <p class='ocr_par' dir='ltr' id='par_1_36' title="bbox 2210 1309 3073 1384">
     <span class='ocr_line' id='line_1_36' title="bbox 2210 1309 3073 1384; baseline 0.005 -24"><span class='ocrx_word' id='word_1_248' title='bbox 2210 1310 2289 1361; x_wconf 87' lang='grc' dir='ltr'>ὅτι</span> <span class='ocrx_word' id='word_1_249' title='bbox 2315 1309 2554 1379; x_wconf 78' lang='grc' dir='ltr'><strong>ἄρξονται</strong></span> <span class='ocrx_word' id='word_1_250' title='bbox 2589 1312 2690 1362; x_wconf 83' lang='grc' dir='ltr'>ἀπὸ</span> <span class='ocrx_word' id='word_1_251' title='bbox 2715 1310 3073 1384; x_wconf 79' lang='grc' dir='ltr'>Ἰερουσαλήμ.</span> 
     </span>
    </p>
   </div>
   <div class='ocr_carea' id='block_1_37' title="bbox 2285 1398 3806 1471">
    <p class='ocr_par' dir='ltr' id='par_1_37' title="bbox 2285 1398 3806 1471">
     <span class='ocr_line' id='line_1_37' title="bbox 2285 1398 3806 1471; baseline -0.001 -21"><span class='ocrx_word' id='word_1_252' title='bbox 2285 1404 2384 1450; x_wconf 83' lang='grc' dir='ltr'><strong>Καὶ</strong></span> <span class='ocrx_word' id='word_1_253' title='bbox 2443 1431 2511 1439; x_wconf 92' lang='lat'><strong><em>—</em></strong></span> <span class='ocrx_word' id='word_1_254' title='bbox 2578 1398 2830 1471; x_wconf 77' lang='grc' dir='ltr'>ἀγαθούς,</span> <span class='ocrx_word' id='word_1_255' title='bbox 2913 1403 3173 1471; x_wconf 82' lang='grc' dir='ltr'>Πονηρούς</span> <span class='ocrx_word' id='word_1_256' title='bbox 3228 1398 3469 1470; x_wconf 78' lang='grc' dir='ltr'><strong>ὀνομάζει</strong></span> <span class='ocrx_word' id='word_1_257' title='bbox 3523 1403 3642 1460; x_wconf 80' lang='grc' dir='ltr'>τοὺς</span> <span class='ocrx_word' id='word_1_258' title='bbox 3718 1419 3806 1450; x_wconf 86' lang='grc' dir='ltr'>κα-</span> 
     </span>
    </p>
   </div>
   <div class='ocr_carea' id='block_1_38' title="bbox 2209 1486 3804 1563">
    <p class='ocr_par' dir='ltr' id='par_1_38' title="bbox 2209 1486 3804 1563">
     <span class='ocr_line' id='line_1_38' title="bbox 2209 1486 3804 1563; baseline 0 -26"><span class='ocrx_word' id='word_1_259' title='bbox 2209 1490 2434 1552; x_wconf 74' lang='grc' dir='ltr'>κοήθεις,</span> <span class='ocrx_word' id='word_1_260' title='bbox 2487 1492 2515 1546; x_wconf 75' lang='grc' dir='ltr'><strong><em>ἦ</em></strong></span> <span class='ocrx_word' id='word_1_261' title='bbox 2560 1492 2677 1549; x_wconf 78' lang='grc' dir='ltr'>τοὺς</span> <span class='ocrx_word' id='word_1_262' title='bbox 2722 1488 2958 1563; x_wconf 76' lang='grc' dir='ltr'><strong>ἀκρατεῖς</strong></span> <span class='ocrx_word' id='word_1_263' title='bbox 3009 1487 3056 1539; x_wconf 78' lang='grc' dir='ltr'><strong>ἐν</strong></span> <span class='ocrx_word' id='word_1_264' title='bbox 3109 1495 3220 1549; x_wconf 89' lang='grc' dir='ltr'>τοῖς</span> <span class='ocrx_word' id='word_1_265' title='bbox 3278 1489 3516 1540; x_wconf 83' lang='grc' dir='ltr'>πάθεσιν·</span> <span class='ocrx_word' id='word_1_266' title='bbox 3577 1486 3804 1558; x_wconf 75' lang='grc' dir='ltr'>ἀγαθοὺς</span> 
     </span>
    </p>
   </div>
   <div class='ocr_carea' id='block_1_39' title="bbox 2212 1575 3801 1652">
    <p class='ocr_par' dir='ltr' id='par_1_39' title="bbox 2212 1575 3801 1652">
     <span class='ocr_line' id='line_1_39' title="bbox 2212 1575 3801 1652; baseline -0.002 -23"><span class='ocrx_word' id='word_1_267' title='bbox 2212 1575 2288 1638; x_wconf 75' lang='grc' dir='ltr'><strong>δὲ,</strong></span> <span class='ocrx_word' id='word_1_268' title='bbox 2339 1582 2459 1638; x_wconf 82' lang='grc' dir='ltr'>τοὺς</span> <span class='ocrx_word' id='word_1_269' title='bbox 2507 1577 2721 1643; x_wconf 77' lang='grc' dir='ltr'>ἁπλοῦς,</span> <span class='ocrx_word' id='word_1_270' title='bbox 2768 1580 2796 1636; x_wconf 72' lang='grc' dir='ltr'><em>ἡ</em></span> <span class='ocrx_word' id='word_1_271' title='bbox 2850 1582 2971 1637; x_wconf 75' lang='grc' dir='ltr'>τοὺς</span> <span class='ocrx_word' id='word_1_272' title='bbox 3023 1576 3285 1652; x_wconf 72' lang='grc' dir='ltr'><strong>ἐγκρατεῖς</strong></span> <span class='ocrx_word' id='word_1_273' title='bbox 3341 1576 3388 1628; x_wconf 82' lang='grc' dir='ltr'><strong>ἐν</strong></span> <span class='ocrx_word' id='word_1_274' title='bbox 3436 1584 3549 1636; x_wconf 86' lang='grc' dir='ltr'>ταῖς</span> <span class='ocrx_word' id='word_1_275' title='bbox 3595 1575 3801 1646; x_wconf 89' lang='grc' dir='ltr'>ἀλόγοις</span> 
     </span>
    </p>
   </div>
   <div class='ocr_carea' id='block_1_40' title="bbox 2209 1665 3803 1740">
    <p class='ocr_par' dir='ltr' id='par_1_40' title="bbox 2209 1665 3803 1740">
     <span class='ocr_line' id='line_1_40' title="bbox 2209 1665 3803 1740; baseline -0.002 -22"><span class='ocrx_word' id='word_1_276' title='bbox 2209 1669 2414 1740; x_wconf 85' lang='grc' dir='ltr'>ὁρμαῖς,</span> <span class='ocrx_word' id='word_1_277' title='bbox 2453 1668 2529 1728; x_wconf 84' lang='grc' dir='ltr'><strong>οἷς</strong></span> <span class='ocrx_word' id='word_1_278' title='bbox 2576 1669 2705 1740; x_wconf 76' lang='grc' dir='ltr'><strong>ὁμοῦ</strong></span> <span class='ocrx_word' id='word_1_279' title='bbox 2743 1674 2902 1719; x_wconf 80' lang='grc' dir='ltr'>πᾶσιν</span> <span class='ocrx_word' id='word_1_280' title='bbox 2950 1666 3202 1740; x_wconf 78' lang='grc' dir='ltr'>ἐκηρυξαν</span> <span class='ocrx_word' id='word_1_281' title='bbox 3234 1668 3283 1718; x_wconf 89' lang='grc' dir='ltr'><strong>οἱ</strong></span> <span class='ocrx_word' id='word_1_282' title='bbox 3327 1665 3626 1730; x_wconf 77' lang='grc' dir='ltr'><strong>ἀπόστολοι,</strong></span> <span class='ocrx_word' id='word_1_283' title='bbox 3671 1667 3803 1716; x_wconf 90' lang='grc' dir='ltr'>πάν-</span> 
     </span>
    </p>
   </div>
   <div class='ocr_carea' id='block_1_41' title="bbox 2206 1757 3804 1826">
    <p class='ocr_par' dir='ltr' id='par_1_41' title="bbox 2206 1757 3804 1826">
     <span class='ocr_line' id='line_1_41' title="bbox 2206 1757 3804 1826; baseline -0.002 -18"><span class='ocrx_word' id='word_1_284' title='bbox 2206 1777 2295 1818; x_wconf 90' lang='grc' dir='ltr'><strong>τας</strong></span> <span class='ocrx_word' id='word_1_285' title='bbox 2381 1757 2565 1818; x_wconf 84' lang='grc' dir='ltr'>ἐπίσης</span> <span class='ocrx_word' id='word_1_286' title='bbox 2659 1757 2929 1818; x_wconf 79' lang='grc' dir='ltr'>καλοῦντες</span> <span class='ocrx_word' id='word_1_287' title='bbox 3013 1757 3086 1818; x_wconf 83' lang='grc' dir='ltr'>εἰς</span> <span class='ocrx_word' id='word_1_288' title='bbox 3161 1761 3254 1814; x_wconf 81' lang='grc' dir='ltr'>τὴν</span> <span class='ocrx_word' id='word_1_289' title='bbox 3341 1758 3617 1826; x_wconf 69' lang='grc' dir='ltr'>συνάφειαν</span> <span class='ocrx_word' id='word_1_290' title='bbox 3711 1762 3804 1806; x_wconf 77' lang='grc' dir='ltr'><strong>τοῦ</strong></span> 
     </span>
    </p>
   </div>
   <div class='ocr_carea' id='block_1_42' title="bbox 2206 1843 3804 1919">
    <p class='ocr_par' dir='ltr' id='par_1_42' title="bbox 2206 1843 3804 1919">
     <span class='ocr_line' id='line_1_42' title="bbox 2206 1843 3804 1919; baseline -0.003 -20"><span class='ocrx_word' id='word_1_291' title='bbox 2206 1854 2462 1919; x_wconf 79' lang='grc' dir='ltr'>Χριστοῦ,</span> <span class='ocrx_word' id='word_1_292' title='bbox 2512 1852 2605 1904; x_wconf 79' lang='grc' dir='ltr'>τήν</span> <span class='ocrx_word' id='word_1_293' title='bbox 2662 1866 2716 1898; x_wconf 89' lang='grc' dir='ltr'><strong>τε</strong></span> <span class='ocrx_word' id='word_1_294' title='bbox 2767 1845 2814 1898; x_wconf 85' lang='grc' dir='ltr'><strong>ἐν</strong></span> <span class='ocrx_word' id='word_1_295' title='bbox 2877 1855 2948 1916; x_wconf 83' lang='grc' dir='ltr'>τῷ</span> <span class='ocrx_word' id='word_1_296' title='bbox 2998 1853 3086 1896; x_wconf 85' lang='grc' dir='ltr'>νῦν</span> <span class='ocrx_word' id='word_1_297' title='bbox 3144 1845 3313 1914; x_wconf 85' lang='grc' dir='ltr'>αἰῶνι,</span> <span class='ocrx_word' id='word_1_298' title='bbox 3361 1849 3451 1897; x_wconf 80' lang='grc' dir='ltr'>καὶ</span> <span class='ocrx_word' id='word_1_299' title='bbox 3495 1849 3589 1903; x_wconf 76' lang='grc' dir='ltr'>τὴν</span> <span class='ocrx_word' id='word_1_300' title='bbox 3635 1843 3684 1895; x_wconf 81' lang='grc' dir='ltr'>ἓν</span> <span class='ocrx_word' id='word_1_301' title='bbox 3732 1852 3804 1915; x_wconf 87' lang='grc' dir='ltr'>τῷ</span> 
     </span>
    </p>
   </div>
   <div class='ocr_carea' id='block_1_43' title="bbox 2205 1935 2458 2008">
    <p class='ocr_par' dir='ltr' id='par_1_43' title="bbox 2205 1935 2458 2008">
     <span class='ocr_line' id='line_1_43' title="bbox 2205 1935 2458 2008; baseline -0.008 -20"><span class='ocrx_word' id='word_1_302' title='bbox 2205 1935 2458 2008; x_wconf 84' lang='grc' dir='ltr'>μέλλοντι.</span> 
     </span>
    </p>
   </div>
   <div class='ocr_carea' id='block_1_44' title="bbox 2279 2032 3801 2106">
    <p class='ocr_par' dir='ltr' id='par_1_44' title="bbox 2279 2032 3801 2106">
     <span class='ocr_line' id='line_1_44' title="bbox 2279 2032 3801 2106; baseline -0.001 -21"><span class='ocrx_word' id='word_1_303' title='bbox 2279 2037 2376 2086; x_wconf 82' lang='grc' dir='ltr'><strong>Καὶ</strong></span> <span class='ocrx_word' id='word_1_304' title='bbox 2434 2066 2502 2073; x_wconf 87' lang='grc'><strong>-</strong></span> <span class='ocrx_word' id='word_1_305' title='bbox 2575 2036 2768 2106; x_wconf 87' lang='grc' dir='ltr'>γάμου.</span> <span class='ocrx_word' id='word_1_306' title='bbox 2832 2034 3021 2098; x_wconf 83' lang='grc' dir='ltr'>Εἰπὼν,</span> <span class='ocrx_word' id='word_1_307' title='bbox 3079 2035 3158 2086; x_wconf 86' lang='grc' dir='ltr'>ὅτι</span> <span class='ocrx_word' id='word_1_308' title='bbox 3223 2032 3455 2090; x_wconf 78' lang='grc' dir='ltr'><strong>ἐπλήσθη</strong></span> <span class='ocrx_word' id='word_1_309' title='bbox 3521 2034 3546 2083; x_wconf 92' lang='lat'><strong>6</strong></span> <span class='ocrx_word' id='word_1_310' title='bbox 3611 2033 3801 2104; x_wconf 88' lang='grc' dir='ltr'>γάμος,</span> 
     </span>
    </p>
   </div>
   <div class='ocr_carea' id='block_1_45' title="bbox 2205 2120 3806 2196">
    <p class='ocr_par' dir='ltr' id='par_1_45' title="bbox 2205 2120 3806 2196">
     <span class='ocr_line' id='line_1_45' title="bbox 2205 2120 3806 2196; baseline -0.001 -22"><span class='ocrx_word' id='word_1_311' title='bbox 2205 2124 2435 2193; x_wconf 74' lang='grc' dir='ltr'>ἣγουν,ὁ</span> <span class='ocrx_word' id='word_1_312' title='bbox 2478 2129 2707 2196; x_wconf 73' lang='grc' dir='ltr'>νυμφὼν,</span> <span class='ocrx_word' id='word_1_313' title='bbox 2757 2122 3032 2195; x_wconf 79' lang='grc' dir='ltr'>ἐστημανεν</span> <span class='ocrx_word' id='word_1_314' title='bbox 3082 2125 3161 2174; x_wconf 83' lang='grc' dir='ltr'>ὅτι</span> <span class='ocrx_word' id='word_1_315' title='bbox 3202 2121 3378 2174; x_wconf 86' lang='grc' dir='ltr'>πολλοὶ</span> <span class='ocrx_word' id='word_1_316' title='bbox 3424 2120 3806 2173; x_wconf 72' lang='grc' dir='ltr'>εἰσελεύσονται</span> 
     </span>
    </p>
   </div>
   <div class='ocr_carea' id='block_1_46' title="bbox 2204 2207 3805 2286">
    <p class='ocr_par' dir='ltr' id='par_1_46' title="bbox 2204 2207 3805 2286">
     <span class='ocr_line' id='line_1_46' title="bbox 2204 2207 3805 2286; baseline 0 -23"><span class='ocrx_word' id='word_1_317' title='bbox 2204 2216 2368 2286; x_wconf 86' lang='grc' dir='ltr'>μέχρι</span> <span class='ocrx_word' id='word_1_318' title='bbox 2416 2219 2509 2273; x_wconf 83' lang='grc' dir='ltr'>τῆς</span> <span class='ocrx_word' id='word_1_319' title='bbox 2556 2220 2648 2264; x_wconf 80' lang='grc' dir='ltr'><strong>τοῦ</strong></span> <span class='ocrx_word' id='word_1_320' title='bbox 2691 2217 2890 2284; x_wconf 81' lang='grc' dir='ltr'>κόσμου</span> <span class='ocrx_word' id='word_1_321' title='bbox 2945 2211 3252 2272; x_wconf 86' lang='grc' dir='ltr'>συντελείας.</span> <span class='ocrx_word' id='word_1_322' title='bbox 3291 2210 3371 2264; x_wconf 85' lang='grc' dir='ltr'>Ἐν</span> <span class='ocrx_word' id='word_1_323' title='bbox 3421 2207 3480 2263; x_wconf 72' lang='grc' dir='ltr'>δὲ</span> <span class='ocrx_word' id='word_1_324' title='bbox 3519 2218 3590 2281; x_wconf 83' lang='grc' dir='ltr'>τῷ</span> <span class='ocrx_word' id='word_1_325' title='bbox 3623 2209 3805 2282; x_wconf 72' lang='grc' dir='ltr'>ἐφεξῆς</span> 
     </span>
    </p>
   </div>
   <div class='ocr_carea' id='block_1_47' title="bbox 2204 2298 3801 2375">
    <p class='ocr_par' dir='ltr' id='par_1_47' title="bbox 2204 2298 3801 2375">
     <span class='ocr_line' id='line_1_47' title="bbox 2204 2298 3801 2375; baseline -0.001 -23"><span class='ocrx_word' id='word_1_326' title='bbox 2204 2310 2297 2362; x_wconf 82' lang='grc' dir='ltr'>τῆς</span> <span class='ocrx_word' id='word_1_327' title='bbox 2327 2300 2628 2374; x_wconf 77' lang='grc' dir='ltr'>παραϐολῆς</span> <span class='ocrx_word' id='word_1_328' title='bbox 2676 2298 2925 2354; x_wconf 88' lang='grc' dir='ltr'>διδασκει</span> <span class='ocrx_word' id='word_1_329' title='bbox 2956 2306 3075 2375; x_wconf 81' lang='grc' dir='ltr'>περὶ</span> <span class='ocrx_word' id='word_1_330' title='bbox 3107 2309 3202 2362; x_wconf 84' lang='grc' dir='ltr'>τῆς</span> <span class='ocrx_word' id='word_1_331' title='bbox 3245 2299 3536 2373; x_wconf 76' lang='grc' dir='ltr'>μελλούσης</span> <span class='ocrx_word' id='word_1_332' title='bbox 3567 2305 3801 2372; x_wconf 86' lang='grc' dir='ltr'>κρίσεως.</span> 
     </span>
    </p>
   </div>
   <div class='ocr_carea' id='block_1_48' title="bbox 2205 2384 3802 2464">
    <p class='ocr_par' dir='ltr' id='par_1_48' title="bbox 2205 2384 3802 2464">
     <span class='ocr_line' id='line_1_48' title="bbox 2205 2384 3802 2464; baseline -0.001 -22"><span class='ocrx_word' id='word_1_333' title='bbox 2205 2393 2270 2442; x_wconf 76' lang='grc' dir='ltr'><strong>Συ</strong></span> <span class='ocrx_word' id='word_1_334' title='bbox 2320 2389 2377 2442; x_wconf 77' lang='grc' dir='ltr'><strong>ὸέ</strong></span> <span class='ocrx_word' id='word_1_335' title='bbox 2425 2387 2592 2463; x_wconf 75' lang='grc' dir='ltr'>μηδὲν</span> <span class='ocrx_word' id='word_1_336' title='bbox 2639 2391 3058 2464; x_wconf 85' lang='grc' dir='ltr'>πολυπραγμόνει</span> <span class='ocrx_word' id='word_1_337' title='bbox 3109 2388 3417 2462; x_wconf 73' lang='grc' dir='ltr'>βαθύτερον,</span> <span class='ocrx_word' id='word_1_338' title='bbox 3473 2384 3601 2454; x_wconf 84' lang='grc' dir='ltr'>οἷον,</span> <span class='ocrx_word' id='word_1_339' title='bbox 3651 2393 3726 2449; x_wconf 86' lang='grc' dir='ltr'><strong>τίς</strong></span> <span class='ocrx_word' id='word_1_340' title='bbox 3777 2391 3802 2441; x_wconf 90' lang='lat'><strong>6</strong></span> 
     </span>
    </p>
   </div>
   <div class='ocr_carea' id='block_1_49' title="bbox 2203 2477 3804 2552">
    <p class='ocr_par' dir='ltr' id='par_1_49' title="bbox 2203 2477 3804 2552">
     <span class='ocr_line' id='line_1_49' title="bbox 2203 2477 3804 2552; baseline 0 -23"><span class='ocrx_word' id='word_1_341' title='bbox 2203 2484 2432 2552; x_wconf 77' lang='grc' dir='ltr'>νυμφὼν,</span> <span class='ocrx_word' id='word_1_342' title='bbox 2483 2484 2572 2532; x_wconf 84' lang='grc' dir='ltr'><strong>καὶ</strong></span> <span class='ocrx_word' id='word_1_343' title='bbox 2624 2489 2734 2542; x_wconf 86' lang='grc' dir='ltr'><strong>πῶς</strong></span> <span class='ocrx_word' id='word_1_344' title='bbox 2791 2479 3091 2538; x_wconf 85' lang='grc' dir='ltr'>συνεισῆλθε</span> <span class='ocrx_word' id='word_1_345' title='bbox 3146 2486 3250 2539; x_wconf 89' lang='grc' dir='ltr'>τοῖς</span> <span class='ocrx_word' id='word_1_346' title='bbox 3302 2477 3804 2541; x_wconf 68' lang='grc' dir='ltr'>κεκαλλωπισμένοις</span> 
     </span>
    </p>
   </div>
   <div class='ocr_carea' id='block_1_50' title="bbox 2204 2564 3801 2635">
    <p class='ocr_par' dir='ltr' id='par_1_50' title="bbox 2204 2564 3801 2635">
     <span class='ocr_line' id='line_1_50' title="bbox 2204 2564 3801 2635; baseline -0.001 -14"><span class='ocrx_word' id='word_1_347' title='bbox 2204 2571 2229 2621; x_wconf 90' lang='lat'><strong>6</strong></span> <span class='ocrx_word' id='word_1_348' title='bbox 2287 2568 2691 2635; x_wconf 78' lang='grc' dir='ltr'>ἀκαλλώπιστος,</span> <span class='ocrx_word' id='word_1_349' title='bbox 2751 2575 2840 2621; x_wconf 84' lang='grc' dir='ltr'>καὶ</span> <span class='ocrx_word' id='word_1_350' title='bbox 2897 2572 2940 2621; x_wconf 82' lang='grc' dir='ltr'><strong>εἴ</strong></span> <span class='ocrx_word' id='word_1_351' title='bbox 2997 2589 3048 2620; x_wconf 85' lang='grc' dir='ltr'><strong>τι</strong></span> <span class='ocrx_word' id='word_1_352' title='bbox 3112 2575 3366 2622; x_wconf 79' lang='grc' dir='ltr'>τοιοῦτον.</span> <span class='ocrx_word' id='word_1_353' title='bbox 3446 2564 3801 2631; x_wconf 86' lang='grc' dir='ltr'>Ἐπικίνδυνος</span> 
     </span>
    </p>
   </div>
   <div class='ocr_carea' id='block_1_51' title="bbox 443 2655 2095 2766">
    <p class='ocr_par' dir='ltr' id='par_1_51' title="bbox 443 2682 2095 2755">
     <span class='ocr_line' id='line_1_51' title="bbox 443 2682 2095 2755; baseline 0.004 -18"><span class='ocrx_word' id='word_1_354' title='bbox 443 2685 659 2737; x_wconf 90' lang='lat' dir='ltr'><strong>ornatu</strong></span> <span class='ocrx_word' id='word_1_355' title='bbox 679 2682 936 2746; x_wconf 89' lang='lat' dir='ltr'><strong>carebat,</strong></span> <span class='ocrx_word' id='word_1_356' title='bbox 966 2687 1020 2739; x_wconf 92' lang='lat' dir='ltr'><strong>et</strong></span> <span class='ocrx_word' id='word_1_357' title='bbox 1050 2685 1097 2738; x_wconf 90' lang='lat' dir='ltr'><strong>si</strong></span> <span class='ocrx_word' id='word_1_358' title='bbox 1144 2685 1289 2755; x_wconf 91' lang='lat' dir='ltr'><strong>quid</strong></span> <span class='ocrx_word' id='word_1_359' title='bbox 1331 2690 1418 2741; x_wconf 89' lang='lat' dir='ltr'><strong>est</strong></span> <span class='ocrx_word' id='word_1_360' title='bbox 1483 2686 1690 2743; x_wconf 91' lang='lat' dir='ltr'><strong>simile.</strong></span> <span class='ocrx_word' id='word_1_361' title='bbox 1761 2687 2095 2744; x_wconf 83' lang='lat' dir='ltr'><strong>Periculosa</strong></span> 
     </span>
    </p>
   </div>
   <div class='ocr_carea' id='block_1_52' title="bbox 2204 2655 3798 2766">
    <p class='ocr_par' dir='ltr' id='par_1_52' title="bbox 2204 2655 3798 2766">
     <span class='ocr_line' id='line_1_52' title="bbox 2204 2655 3798 2732; baseline -0.001 -22"><span class='ocrx_word' id='word_1_362' title='bbox 2204 2661 2302 2732; x_wconf 82' lang='grc' dir='ltr'>γὰρ</span> <span class='ocrx_word' id='word_1_363' title='bbox 2357 2661 2386 2717; x_wconf 80' lang='grc' dir='ltr'>ἡ</span> <span class='ocrx_word' id='word_1_364' title='bbox 2442 2661 2635 2712; x_wconf 80' lang='grc' dir='ltr'>τούτων</span> <span class='ocrx_word' id='word_1_365' title='bbox 2685 2659 2931 2724; x_wconf 76' lang='grc' dir='ltr'>ἐξέτασις,</span> <span class='ocrx_word' id='word_1_366' title='bbox 2997 2655 3091 2710; x_wconf 86' lang='grc' dir='ltr'><strong>διά</strong></span> <span class='ocrx_word' id='word_1_367' title='bbox 3152 2677 3205 2710; x_wconf 91' lang='grc' dir='ltr'><strong>τε</strong></span> <span class='ocrx_word' id='word_1_368' title='bbox 3256 2661 3348 2716; x_wconf 82' lang='grc' dir='ltr'>τὴν</span> <span class='ocrx_word' id='word_1_369' title='bbox 3422 2655 3654 2710; x_wconf 74' lang='grc' dir='ltr'>ἄϐυσσον</span> <span class='ocrx_word' id='word_1_370' title='bbox 3711 2666 3798 2718; x_wconf 82' lang='grc' dir='ltr'>τῆς</span> 
     </span>
     <span class='ocr_line' id='line_1_53' title="bbox 2208 2745 3558 2766; baseline -0.001 0"><span class='ocrx_word' id='word_1_371' title='bbox 2208 2751 2233 2766; x_wconf 82' lang='grc' dir='ltr'><strong>Λ</strong></span> <span class='ocrx_word' id='word_1_372' title='bbox 2347 2754 2357 2765; x_wconf 74' lang='grc' dir='ltr'><em>ι</em></span> <span class='ocrx_word' id='word_1_373' title='bbox 2516 2749 2527 2764; x_wconf 64' lang='grc' dir='ltr'><strong>τ</strong></span> <span class='ocrx_word' id='word_1_374' title='bbox 2581 2757 2598 2765; x_wconf 63' lang='grc' dir='ltr'><strong>ι.</strong></span> <span class='ocrx_word' id='word_1_375' title='bbox 2786 2753 2796 2765; x_wconf 70' lang='grc'><strong><em>1</em></strong></span> <span class='ocrx_word' id='word_1_376' title='bbox 2861 2745 2884 2766; x_wconf 53' lang='grc' dir='ltr'><strong>λ</strong></span> <span class='ocrx_word' id='word_1_377' title='bbox 2919 2751 2930 2764; x_wconf 85' lang='lat'><strong><em>\</em></strong></span> <span class='ocrx_word' id='word_1_378' title='bbox 3029 2752 3038 2766; x_wconf 90' lang='lat' dir='ltr'><strong>I</strong></span> <span class='ocrx_word' id='word_1_379' title='bbox 3185 2747 3197 2764; x_wconf 61' lang='grc' dir='ltr'>ἱ</span> <span class='ocrx_word' id='word_1_380' title='bbox 3373 2750 3383 2762; x_wconf 80' lang='lat' dir='ltr'><strong><em>I</em></strong></span> <span class='ocrx_word' id='word_1_381' title='bbox 3537 2755 3558 2764; x_wconf 67' lang='grc' dir='ltr'><strong>ο</strong></span> 
     </span>
    </p>
   </div>
   <div class='ocr_carea' id='block_1_53' title="bbox 443 2745 2095 2848">
    <p class='ocr_par' dir='ltr' id='par_1_53' title="bbox 443 2745 2095 2848">
     <span class='ocr_line' id='line_1_54' title="bbox 443 2745 2095 2848; baseline 0.005 -24"><span class='ocrx_word' id='word_1_382' title='bbox 443 2769 604 2825; x_wconf 91' lang='lat' dir='ltr'><strong>enim</strong></span> <span class='ocrx_word' id='word_1_383' title='bbox 637 2774 725 2825; x_wconf 91' lang='lat' dir='ltr'><strong>est</strong></span> <span class='ocrx_word' id='word_1_384' title='bbox 752 2745 960 2827; x_wconf 89' lang='lat' dir='ltr'><strong>talium</strong></span> <span class='ocrx_word' id='word_1_385' title='bbox 992 2745 1316 2841; x_wconf 66' lang='lat' dir='ltr'><strong>indagatio,</strong></span> <span class='ocrx_word' id='word_1_386' title='bbox 1359 2779 1418 2830; x_wconf 90' lang='lat' dir='ltr'><strong>et</strong></span> <span class='ocrx_word' id='word_1_387' title='bbox 1447 2781 1688 2848; x_wconf 87' lang='lat' dir='ltr'><strong>propter</strong></span> <span class='ocrx_word' id='word_1_388' title='bbox 1725 2777 2095 2848; x_wconf 86' lang='lat' dir='ltr'><strong>profundita-</strong></span> 
     </span>
    </p>
   </div>
   <div class='ocr_carea' id='block_1_54' title="bbox 2204 2745 3794 2848">
    <p class='ocr_par' dir='ltr' id='par_1_54' title="bbox 2206 2745 3794 2820">
     <span class='ocr_line' id='line_1_55' title="bbox 2206 2745 3794 2820; baseline -0.001 -19"><span class='ocrx_word' id='word_1_389' title='bbox 2206 2751 2421 2818; x_wconf 82' lang='grc' dir='ltr'>θεωρίας</span> <span class='ocrx_word' id='word_1_390' title='bbox 2467 2749 2654 2817; x_wconf 76' lang='grc' dir='ltr'>αὐτῶν,</span> <span class='ocrx_word' id='word_1_391' title='bbox 2706 2753 2796 2800; x_wconf 88' lang='grc' dir='ltr'><strong>καί</strong></span> <span class='ocrx_word' id='word_1_392' title='bbox 2849 2745 2942 2800; x_wconf 79' lang='grc' dir='ltr'>διὰ</span> <span class='ocrx_word' id='word_1_393' title='bbox 2987 2752 3078 2805; x_wconf 77' lang='grc' dir='ltr'>τὴν</span> <span class='ocrx_word' id='word_1_394' title='bbox 3136 2747 3440 2818; x_wconf 75' lang='grc' dir='ltr'>αὐτονομίαν</span> <span class='ocrx_word' id='word_1_395' title='bbox 3495 2755 3585 2806; x_wconf 78' lang='grc' dir='ltr'>τῆς</span> <span class='ocrx_word' id='word_1_396' title='bbox 3630 2767 3794 2820; x_wconf 89' lang='grc' dir='ltr'>παρα-</span> 
     </span>
    </p>
   </div>
   <div class='ocr_carea' id='block_1_55' title="bbox 445 2860 2094 2937">
    <p class='ocr_par' dir='ltr' id='par_1_55' title="bbox 445 2860 2094 2937">
     <span class='ocr_line' id='line_1_56' title="bbox 445 2860 2094 2937; baseline 0.005 -23"><span class='ocrx_word' id='word_1_397' title='bbox 445 2866 572 2914; x_wconf 89' lang='lat' dir='ltr'><strong>tum</strong></span> <span class='ocrx_word' id='word_1_398' title='bbox 605 2860 1020 2929; x_wconf 90' lang='lat' dir='ltr'><strong>speculationis</strong></span> <span class='ocrx_word' id='word_1_399' title='bbox 1057 2861 1318 2928; x_wconf 91' lang='lat' dir='ltr'><strong>illorum,</strong></span> <span class='ocrx_word' id='word_1_400' title='bbox 1372 2869 1429 2919; x_wconf 91' lang='lat' dir='ltr'><strong>et</strong></span> <span class='ocrx_word' id='word_1_401' title='bbox 1473 2870 1718 2937; x_wconf 89' lang='lat' dir='ltr'><strong>propter</strong></span> <span class='ocrx_word' id='word_1_402' title='bbox 1762 2865 2094 2922; x_wconf 87' lang='lat' dir='ltr'><strong>libertatem</strong></span> 
     </span>
    </p>
   </div>
   <div class='ocr_carea' id='block_1_56' title="bbox 444 2947 2094 3026">
    <p class='ocr_par' dir='ltr' id='par_1_56' title="bbox 444 2947 2094 3026">
     <span class='ocr_line' id='line_1_57' title="bbox 444 2947 2094 3026; baseline 0.005 -23"><span class='ocrx_word' id='word_1_403' title='bbox 444 2947 771 3020; x_wconf 76' lang='lat' dir='ltr'><strong>parabolae,</strong></span> <span class='ocrx_word' id='word_1_404' title='bbox 800 2964 1095 3018; x_wconf 86' lang='lat' dir='ltr'><strong>suamque</strong></span> <span class='ocrx_word' id='word_1_405' title='bbox 1110 2949 1301 3021; x_wconf 89' lang='lat' dir='ltr'><strong>legem</strong></span> <span class='ocrx_word' id='word_1_406' title='bbox 1319 2951 1459 3025; x_wconf 85' lang='lat' dir='ltr'><strong>(vv).</strong></span> <span class='ocrx_word' id='word_1_407' title='bbox 1490 2953 1794 3026; x_wconf 90' lang='lat' dir='ltr'><strong>Siquidem</strong></span> <span class='ocrx_word' id='word_1_408' title='bbox 1817 2955 1877 3010; x_wconf 91' lang='lat' dir='ltr'><strong>id</strong></span> <span class='ocrx_word' id='word_1_409' title='bbox 1901 2955 2094 3012; x_wconf 77' lang='lat' dir='ltr'><strong>soluzn</strong></span> 
     </span>
    </p>
   </div>
   <div class='ocr_carea' id='block_1_57' title="bbox 443 3038 2096 3112">
    <p class='ocr_par' dir='ltr' id='par_1_57' title="bbox 443 3038 2096 3112">
     <span class='ocr_line' id='line_1_58' title="bbox 443 3038 2096 3112; baseline 0.004 -18"><span class='ocrx_word' id='word_1_410' title='bbox 443 3038 801 3094; x_wconf 87' lang='lat' dir='ltr'><strong>trahendum</strong></span> <span class='ocrx_word' id='word_1_411' title='bbox 832 3038 1095 3106; x_wconf 88' lang='lat' dir='ltr'><strong>esthinc,</strong></span> <span class='ocrx_word' id='word_1_412' title='bbox 1129 3040 1290 3112; x_wconf 87' lang='lat' dir='ltr'><strong>quod</strong></span> <span class='ocrx_word' id='word_1_413' title='bbox 1321 3043 1624 3098; x_wconf 88' lang='lat' dir='ltr'><strong>neminem</strong></span> <span class='ocrx_word' id='word_1_414' title='bbox 1663 3060 1942 3101; x_wconf 88' lang='lat' dir='ltr'><strong>securum</strong></span> <span class='ocrx_word' id='word_1_415' title='bbox 1967 3061 2096 3101; x_wconf 86' lang='lat' dir='ltr'><strong>esse</strong></span> 
     </span>
    </p>
   </div>
   <div class='ocr_carea' id='block_1_58' title="bbox 444 3128 2096 3205">
    <p class='ocr_par' dir='ltr' id='par_1_58' title="bbox 444 3128 2096 3205">
     <span class='ocr_line' id='line_1_59' title="bbox 444 3128 2096 3205; baseline 0.006 -24"><span class='ocrx_word' id='word_1_416' title='bbox 444 3131 737 3199; x_wconf 88' lang='lat' dir='ltr'><strong>oporteat,</strong></span> <span class='ocrx_word' id='word_1_417' title='bbox 768 3142 838 3183; x_wconf 92' lang='lat' dir='ltr'><strong>eo</strong></span> <span class='ocrx_word' id='word_1_418' title='bbox 865 3128 1030 3200; x_wconf 91' lang='lat' dir='ltr'><strong>quod</strong></span> <span class='ocrx_word' id='word_1_419' title='bbox 1059 3129 1136 3184; x_wconf 89' lang='lat' dir='ltr'><strong>ad</strong></span> <span class='ocrx_word' id='word_1_420' title='bbox 1163 3131 1401 3203; x_wconf 88' lang='lat' dir='ltr'><strong>nuptias</strong></span> <span class='ocrx_word' id='word_1_421' title='bbox 1432 3132 1749 3205; x_wconf 87' lang='lat' dir='ltr'><strong>intraverit,</strong></span> <span class='ocrx_word' id='word_1_422' title='bbox 1785 3134 1912 3190; x_wconf 89' lang='lat' dir='ltr'><strong>sola</strong></span> <span class='ocrx_word' id='word_1_423' title='bbox 1943 3135 2096 3190; x_wconf 87' lang='lat' dir='ltr'><strong>vide-</strong></span> 
     </span>
    </p>
   </div>
   <div class='ocr_carea' id='block_1_59' title="bbox 444 3216 2095 3297">
    <p class='ocr_par' dir='ltr' id='par_1_59' title="bbox 444 3216 2095 3297">
     <span class='ocr_line' id='line_1_60' title="bbox 444 3216 2095 3297; baseline 0.007 -27"><span class='ocrx_word' id='word_1_424' title='bbox 444 3216 577 3272; x_wconf 89' lang='lat' dir='ltr'><strong>licet</strong></span> <span class='ocrx_word' id='word_1_425' title='bbox 605 3216 667 3271; x_wconf 89' lang='lat' dir='ltr'><strong>in</strong></span> <span class='ocrx_word' id='word_1_426' title='bbox 707 3217 1004 3273; x_wconf 88' lang='lat' dir='ltr'><strong>Christum</strong></span> <span class='ocrx_word' id='word_1_427' title='bbox 1031 3217 1148 3274; x_wconf 88' lang='lat' dir='ltr'><strong>ﬁde</strong></span> <span class='ocrx_word' id='word_1_428' title='bbox 1190 3235 1204 3285; x_wconf 86' lang='lat'><strong>;</strong></span> <span class='ocrx_word' id='word_1_429' title='bbox 1238 3221 1342 3275; x_wconf 92' lang='lat' dir='ltr'><strong>sed</strong></span> <span class='ocrx_word' id='word_1_430' title='bbox 1372 3228 1697 3295; x_wconf 91' lang='lat' dir='ltr'><strong>postquam</strong></span> <span class='ocrx_word' id='word_1_431' title='bbox 1737 3224 2095 3297; x_wconf 88' lang='lat' dir='ltr'><strong>baptismate</strong></span> 
     </span>
    </p>
   </div>
   <div class='ocr_carea' id='block_1_60' title="bbox 445 3305 2091 3385">
    <p class='ocr_par' dir='ltr' id='par_1_60' title="bbox 445 3305 2091 3385">
     <span class='ocr_line' id='line_1_61' title="bbox 445 3305 2091 3385; baseline 0.006 -24"><span class='ocrx_word' id='word_1_432' title='bbox 445 3305 681 3361; x_wconf 90' lang='lat' dir='ltr'><strong>ablutus</strong></span> <span class='ocrx_word' id='word_1_433' title='bbox 708 3313 812 3372; x_wconf 91' lang='lat' dir='ltr'><strong>est,</strong></span> <span class='ocrx_word' id='word_1_434' title='bbox 856 3322 1010 3379; x_wconf 91' lang='lat' dir='ltr'><strong>opus</strong></span> <span class='ocrx_word' id='word_1_435' title='bbox 1041 3313 1129 3364; x_wconf 91' lang='lat' dir='ltr'><strong>est</strong></span> <span class='ocrx_word' id='word_1_436' title='bbox 1177 3314 1357 3374; x_wconf 87' lang='lat' dir='ltr'><strong>veste,</strong></span> <span class='ocrx_word' id='word_1_437' title='bbox 1389 3312 1568 3367; x_wconf 90' lang='lat' dir='ltr'><strong>etiam</strong></span> <span class='ocrx_word' id='word_1_438' title='bbox 1599 3313 1850 3385; x_wconf 91' lang='lat' dir='ltr'><strong>nuptiali</strong></span> <span class='ocrx_word' id='word_1_439' title='bbox 1906 3315 2091 3380; x_wconf 88' lang='lat' dir='ltr'><strong>indui.</strong></span> 
     </span>
    </p>
   </div>
   <div class='ocr_carea' id='block_1_61' title="bbox 442 3395 2090 3476">
    <p class='ocr_par' dir='ltr' id='par_1_61' title="bbox 442 3395 2090 3476">
     <span class='ocr_line' id='line_1_62' title="bbox 442 3395 2090 3476; baseline 0.006 -27"><span class='ocrx_word' id='word_1_440' title='bbox 442 3395 557 3450; x_wconf 89' lang='lat' dir='ltr'><strong>hoc</strong></span> <span class='ocrx_word' id='word_1_441' title='bbox 587 3399 689 3460; x_wconf 89' lang='lat' dir='ltr'><strong>est,</strong></span> <span class='ocrx_word' id='word_1_442' title='bbox 712 3400 992 3452; x_wconf 88' lang='lat' dir='ltr'><strong>ornatum</strong></span> <span class='ocrx_word' id='word_1_443' title='bbox 1030 3413 1159 3454; x_wconf 90' lang='lat' dir='ltr'><strong>esse</strong></span> <span class='ocrx_word' id='word_1_444' title='bbox 1190 3413 1260 3454; x_wconf 91' lang='lat' dir='ltr'><strong>ac</strong></span> <span class='ocrx_word' id='word_1_445' title='bbox 1312 3400 1565 3470; x_wconf 90' lang='lat' dir='ltr'><strong>dignum</strong></span> <span class='ocrx_word' id='word_1_446' title='bbox 1606 3401 1813 3458; x_wconf 88' lang='lat' dir='ltr'><strong>futuris</strong></span> <span class='ocrx_word' id='word_1_447' title='bbox 1843 3405 2090 3476; x_wconf 88' lang='lat' dir='ltr'><strong>nuptiis.</strong></span> 
     </span>
    </p>
   </div>
   <div class='ocr_carea' id='block_1_62' title="bbox 443 3484 2094 3564">
    <p class='ocr_par' dir='ltr' id='par_1_62' title="bbox 443 3484 2094 3564">
     <span class='ocr_line' id='line_1_63' title="bbox 443 3484 2094 3564; baseline 0.007 -26"><span class='ocrx_word' id='word_1_448' title='bbox 443 3484 544 3539; x_wconf 90' lang='lat' dir='ltr'><strong>Est</strong></span> <span class='ocrx_word' id='word_1_449' title='bbox 567 3484 906 3540; x_wconf 68' lang='lat' dir='ltr'><strong>autemhaac</strong></span> <span class='ocrx_word' id='word_1_450' title='bbox 932 3486 1104 3542; x_wconf 83' lang='lat' dir='ltr'><strong>vestis</strong></span> <span class='ocrx_word' id='word_1_451' title='bbox 1129 3492 1185 3544; x_wconf 89' lang='lat' dir='ltr'><strong>et</strong></span> <span class='ocrx_word' id='word_1_452' title='bbox 1214 3494 1482 3556; x_wconf 90' lang='lat' dir='ltr'><strong>ornatus,</strong></span> <span class='ocrx_word' id='word_1_453' title='bbox 1515 3491 1631 3547; x_wconf 90' lang='lat' dir='ltr'><strong>vita</strong></span> <span class='ocrx_word' id='word_1_454' title='bbox 1647 3509 1798 3563; x_wconf 90' lang='lat' dir='ltr'><strong>pura</strong></span> <span class='ocrx_word' id='word_1_455' title='bbox 1819 3509 1888 3549; x_wconf 87' lang='lat' dir='ltr'><strong>ac</strong></span> <span class='ocrx_word' id='word_1_456' title='bbox 1908 3493 2094 3564; x_wconf 90' lang='lat' dir='ltr'><strong>splen-</strong></span> 
     </span>
    </p>
   </div>
   <div class='ocr_carea' id='block_1_63' title="bbox 443 3571 1851 3637">
    <p class='ocr_par' dir='ltr' id='par_1_63' title="bbox 443 3571 1851 3637">
     <span class='ocr_line' id='line_1_64' title="bbox 443 3571 1851 3637; baseline 0.007 -10"><span class='ocrx_word' id='word_1_457' title='bbox 443 3571 606 3637; x_wconf 88' lang='lat' dir='ltr'><strong>dida,</strong></span> <span class='ocrx_word' id='word_1_458' title='bbox 634 3573 694 3627; x_wconf 90' lang='lat' dir='ltr'><strong>in</strong></span> <span class='ocrx_word' id='word_1_459' title='bbox 730 3574 979 3629; x_wconf 91' lang='lat' dir='ltr'><strong>modum</strong></span> <span class='ocrx_word' id='word_1_460' title='bbox 1011 3576 1188 3631; x_wconf 87' lang='lat' dir='ltr'><strong>vestis</strong></span> <span class='ocrx_word' id='word_1_461' title='bbox 1220 3577 1534 3634; x_wconf 85' lang='lat' dir='ltr'><strong>virtutibus</strong></span> <span class='ocrx_word' id='word_1_462' title='bbox 1557 3586 1851 3636; x_wconf 86' lang='lat' dir='ltr'><strong>contexta.</strong></span> 
     </span>
    </p>
   </div>
   <div class='ocr_carea' id='block_1_64' title="bbox 516 3661 2089 3743">
    <p class='ocr_par' dir='ltr' id='par_1_64' title="bbox 516 3661 2089 3743">
     <span class='ocr_line' id='line_1_65' title="bbox 516 3661 2089 3743; baseline 0.007 -27"><span class='ocrx_word' id='word_1_463' title='bbox 516 3661 826 3716; x_wconf 88' lang='lat' dir='ltr'><strong>Hominem</strong></span> <span class='ocrx_word' id='word_1_464' title='bbox 883 3663 1083 3735; x_wconf 88' lang='lat' dir='ltr'><strong>itaque</strong></span> <span class='ocrx_word' id='word_1_465' title='bbox 1129 3680 1252 3721; x_wconf 91' lang='lat' dir='ltr'><strong>non</strong></span> <span class='ocrx_word' id='word_1_466' title='bbox 1295 3668 1568 3724; x_wconf 88' lang='lat' dir='ltr'><strong>vestitum</strong></span> <span class='ocrx_word' id='word_1_467' title='bbox 1614 3674 1777 3726; x_wconf 85' lang='lat' dir='ltr'><strong>veste</strong></span> <span class='ocrx_word' id='word_1_468' title='bbox 1816 3671 2089 3743; x_wconf 90' lang='lat' dir='ltr'><strong>nuptiali,</strong></span> 
     </span>
    </p>
   </div>
   <div class='ocr_carea' id='block_1_65' title="bbox 442 3749 2094 3830">
    <p class='ocr_par' dir='ltr' id='par_1_65' title="bbox 442 3749 2094 3830">
     <span class='ocr_line' id='line_1_66' title="bbox 442 3749 2094 3830; baseline 0.007 -22"><span class='ocrx_word' id='word_1_469' title='bbox 442 3749 1023 3823; x_wconf 87' lang='lat' dir='ltr'><strong>appellavitomnem</strong></span> <span class='ocrx_word' id='word_1_470' title='bbox 1053 3754 1364 3814; x_wconf 90' lang='lat' dir='ltr'><strong>hominem</strong></span> <span class='ocrx_word' id='word_1_471' title='bbox 1394 3758 1635 3830; x_wconf 85' lang='lat' dir='ltr'><strong>indigne</strong></span> <span class='ocrx_word' id='word_1_472' title='bbox 1663 3766 1962 3818; x_wconf 88' lang='lat' dir='ltr'><strong>ornatum.</strong></span> <span class='ocrx_word' id='word_1_473' title='bbox 1989 3763 2094 3818; x_wconf 88' lang='lat' dir='ltr'><strong>Ve-</strong></span> 
     </span>
    </p>
   </div>
   <div class='ocr_carea' id='block_1_66' title="bbox 2205 2835 3790 2910">
    <p class='ocr_par' dir='ltr' id='par_1_66' title="bbox 2205 2835 3790 2910">
     <span class='ocr_line' id='line_1_67' title="bbox 2205 2835 3790 2910; baseline -0.002 -21"><span class='ocrx_word' id='word_1_474' title='bbox 2205 2837 2379 2899; x_wconf 83' lang='grc' dir='ltr'>ϐολῆς·</span> <span class='ocrx_word' id='word_1_475' title='bbox 2425 2841 2576 2909; x_wconf 89' lang='grc' dir='ltr'>μόνον</span> <span class='ocrx_word' id='word_1_476' title='bbox 2617 2835 2676 2890; x_wconf 71' lang='grc' dir='ltr'>δὲ</span> <span class='ocrx_word' id='word_1_477' title='bbox 2713 2838 2934 2890; x_wconf 83' lang='grc' dir='ltr'>ἐντεῦθεν</span> <span class='ocrx_word' id='word_1_478' title='bbox 2977 2835 3137 2910; x_wconf 85' lang='grc' dir='ltr'>ἀρύου</span> <span class='ocrx_word' id='word_1_479' title='bbox 3181 2840 3239 2888; x_wconf 84' lang='grc' dir='ltr'>τὸ</span> <span class='ocrx_word' id='word_1_480' title='bbox 3283 2842 3574 2908; x_wconf 72' lang='grc' dir='ltr'>γινώσκειν,</span> <span class='ocrx_word' id='word_1_481' title='bbox 3615 2836 3692 2886; x_wconf 84' lang='grc' dir='ltr'>ὅτι</span> <span class='ocrx_word' id='word_1_482' title='bbox 3733 2835 3790 2886; x_wconf 76' lang='grc' dir='ltr'><strong>οὐ</strong></span> 
     </span>
    </p>
   </div>
   <div class='ocr_carea' id='block_1_67' title="bbox 2203 2925 3793 3002">
    <p class='ocr_par' dir='ltr' id='par_1_67' title="bbox 2203 2925 3793 3002">
     <span class='ocr_line' id='line_1_68' title="bbox 2203 2925 3793 3002; baseline -0.001 -24"><span class='ocrx_word' id='word_1_483' title='bbox 2203 2932 2312 3000; x_wconf 86' lang='grc' dir='ltr'><strong>χρή</strong></span> <span class='ocrx_word' id='word_1_484' title='bbox 2368 2946 2484 2978; x_wconf 91' lang='grc' dir='ltr'>τινα</span> <span class='ocrx_word' id='word_1_485' title='bbox 2533 2927 2734 3002; x_wconf 73' lang='grc' dir='ltr'>θαρρεῖν</span> <span class='ocrx_word' id='word_1_486' title='bbox 2791 2931 2928 2999; x_wconf 85' lang='grc' dir='ltr'>μόνῳ</span> <span class='ocrx_word' id='word_1_487' title='bbox 2977 2934 3048 2997; x_wconf 81' lang='grc' dir='ltr'>τῷ</span> <span class='ocrx_word' id='word_1_488' title='bbox 3092 2925 3250 2978; x_wconf 80' lang='grc' dir='ltr'>ἐλθεῖν</span> <span class='ocrx_word' id='word_1_489' title='bbox 3300 2925 3370 2987; x_wconf 83' lang='grc' dir='ltr'>εἰς</span> <span class='ocrx_word' id='word_1_490' title='bbox 3418 2925 3535 2987; x_wconf 81' lang='grc' dir='ltr'>τούς</span> <span class='ocrx_word' id='word_1_491' title='bbox 3577 2927 3793 2997; x_wconf 86' lang='grc' dir='ltr'>γάμους,</span> 
     </span>
    </p>
   </div>
   <div class='ocr_carea' id='block_1_68' title="bbox 2206 3010 3802 3090">
    <p class='ocr_par' dir='ltr' id='par_1_68' title="bbox 2206 3010 3802 3090">
     <span class='ocr_line' id='line_1_69' title="bbox 2206 3010 3802 3090; baseline -0.001 -22"><span class='ocrx_word' id='word_1_492' title='bbox 2206 3019 2391 3083; x_wconf 83' lang='grc' dir='ltr'>εἵτουν,</span> <span class='ocrx_word' id='word_1_493' title='bbox 2441 3021 2569 3088; x_wconf 88' lang='grc' dir='ltr'>μόνη</span> <span class='ocrx_word' id='word_1_494' title='bbox 2619 3024 2678 3087; x_wconf 74' lang='grc' dir='ltr'>τῇ</span> <span class='ocrx_word' id='word_1_495' title='bbox 2733 3015 2803 3076; x_wconf 85' lang='grc' dir='ltr'>εὶς</span> <span class='ocrx_word' id='word_1_496' title='bbox 2849 3019 3081 3090; x_wconf 83' lang='grc' dir='ltr'>Χριστὸν</span> <span class='ocrx_word' id='word_1_497' title='bbox 3131 3019 3326 3080; x_wconf 85' lang='grc' dir='ltr'>πίστει,</span> <span class='ocrx_word' id='word_1_498' title='bbox 3382 3013 3512 3079; x_wconf 87' lang='grc' dir='ltr'>ἀλλ’,</span> <span class='ocrx_word' id='word_1_499' title='bbox 3551 3016 3660 3067; x_wconf 74' lang='grc' dir='ltr'>ἐπεὶ</span> <span class='ocrx_word' id='word_1_500' title='bbox 3709 3010 3802 3066; x_wconf 80' lang='grc' dir='ltr'><strong>διὰ</strong></span> 
     </span>
    </p>
   </div>
   <div class='ocr_carea' id='block_1_69' title="bbox 2204 3099 3800 3177">
    <p class='ocr_par' dir='ltr' id='par_1_69' title="bbox 2204 3099 3800 3177">
     <span class='ocr_line' id='line_1_70' title="bbox 2204 3099 3800 3177; baseline -0.002 -21"><span class='ocrx_word' id='word_1_501' title='bbox 2204 3112 2295 3156; x_wconf 76' lang='grc' dir='ltr'><strong>τοῦ</strong></span> <span class='ocrx_word' id='word_1_502' title='bbox 2336 3103 2703 3177; x_wconf 78' lang='grc' dir='ltr'>βαπτὶσματος</span> <span class='ocrx_word' id='word_1_503' title='bbox 2758 3103 3078 3156; x_wconf 81' lang='grc' dir='ltr'>ἀπελούσατο</span> <span class='ocrx_word' id='word_1_504' title='bbox 3125 3103 3259 3175; x_wconf 87' lang='grc'>(68),</span> <span class='ocrx_word' id='word_1_505' title='bbox 3307 3099 3392 3155; x_wconf 84' lang='grc' dir='ltr'><strong>δεῖ</strong></span> <span class='ocrx_word' id='word_1_506' title='bbox 3428 3102 3800 3176; x_wconf 75' lang='grc' dir='ltr'>περιϐληθῆναι</span> 
     </span>
    </p>
   </div>
   <div class='ocr_carea' id='block_1_70' title="bbox 2203 3190 3799 3266">
    <p class='ocr_par' dir='ltr' id='par_1_70' title="bbox 2203 3190 3799 3266">
     <span class='ocr_line' id='line_1_71' title="bbox 2203 3190 3799 3266; baseline 0 -22"><span class='ocrx_word' id='word_1_507' title='bbox 2203 3199 2293 3245; x_wconf 84' lang='grc' dir='ltr'>καὶ</span> <span class='ocrx_word' id='word_1_508' title='bbox 2381 3190 2580 3266; x_wconf 78' lang='grc' dir='ltr'>ἔνδυμα</span> <span class='ocrx_word' id='word_1_509' title='bbox 2650 3196 2910 3265; x_wconf 75' lang='grc' dir='ltr'>γαμικὸν,</span> <span class='ocrx_word' id='word_1_510' title='bbox 2954 3196 3092 3259; x_wconf 78' lang='grc' dir='ltr'>ἤτοι,</span> <span class='ocrx_word' id='word_1_511' title='bbox 3162 3191 3635 3264; x_wconf 83' lang='grc' dir='ltr'>κεκαλλωπισμένον</span> <span class='ocrx_word' id='word_1_512' title='bbox 3710 3196 3799 3244; x_wconf 87' lang='grc' dir='ltr'><strong>καὶ</strong></span> 
     </span>
    </p>
   </div>
   <div class='ocr_carea' id='block_1_71' title="bbox 2204 3278 3803 3356">
    <p class='ocr_par' dir='ltr' id='par_1_71' title="bbox 2204 3278 3803 3356">
     <span class='ocr_line' id='line_1_72' title="bbox 2204 3278 3803 3356; baseline -0.002 -21"><span class='ocrx_word' id='word_1_513' title='bbox 2204 3284 2345 3347; x_wconf 81' lang='grc' dir='ltr'>ἄξιον</span> <span class='ocrx_word' id='word_1_514' title='bbox 2416 3292 2515 3335; x_wconf 87' lang='grc' dir='ltr'><strong>τῶν</strong></span> <span class='ocrx_word' id='word_1_515' title='bbox 2569 3283 2845 3356; x_wconf 84' lang='grc' dir='ltr'>μελλόντων</span> <span class='ocrx_word' id='word_1_516' title='bbox 2915 3284 3116 3354; x_wconf 86' lang='grc' dir='ltr'>γάμων·</span> <span class='ocrx_word' id='word_1_517' title='bbox 3173 3285 3284 3334; x_wconf 84' lang='grc' dir='ltr'>ἔστι</span> <span class='ocrx_word' id='word_1_518' title='bbox 3352 3278 3410 3334; x_wconf 71' lang='grc' dir='ltr'><strong>δὲ</strong></span> <span class='ocrx_word' id='word_1_519' title='bbox 3479 3288 3630 3333; x_wconf 83' lang='grc' dir='ltr'>τοῦτο</span> <span class='ocrx_word' id='word_1_520' title='bbox 3686 3279 3803 3352; x_wconf 87' lang='grc' dir='ltr'>βίος</span> 
     </span>
    </p>
   </div>
   <div class='ocr_carea' id='block_1_72' title="bbox 2203 3371 3804 3448">
    <p class='ocr_par' dir='ltr' id='par_1_72' title="bbox 2203 3371 3804 3448">
     <span class='ocr_line' id='line_1_73' title="bbox 2203 3371 3804 3448; baseline -0.001 -24"><span class='ocrx_word' id='word_1_521' title='bbox 2203 3375 2428 3448; x_wconf 79' lang='grc' dir='ltr'>καθαρὸς</span> <span class='ocrx_word' id='word_1_522' title='bbox 2479 3377 2568 3424; x_wconf 91' lang='grc' dir='ltr'><strong>καὶ</strong></span> <span class='ocrx_word' id='word_1_523' title='bbox 2619 3371 2874 3444; x_wconf 86' lang='grc' dir='ltr'>λαμπρός,</span> <span class='ocrx_word' id='word_1_524' title='bbox 2923 3375 3108 3443; x_wconf 89' lang='grc' dir='ltr'>τρόπον</span> <span class='ocrx_word' id='word_1_525' title='bbox 3162 3379 3383 3443; x_wconf 86' lang='grc' dir='ltr'>χιτῶνος</span> <span class='ocrx_word' id='word_1_526' title='bbox 3435 3372 3804 3444; x_wconf 72' lang='grc' dir='ltr'>ὑφηφασμένος</span> 
     </span>
    </p>
   </div>
   <div class='ocr_carea' id='block_1_73' title="bbox 2201 3461 2497 3536">
    <p class='ocr_par' dir='ltr' id='par_1_73' title="bbox 2201 3461 2497 3536">
     <span class='ocr_line' id='line_1_74' title="bbox 2201 3461 2497 3536; baseline 0.007 -22"><span class='ocrx_word' id='word_1_527' title='bbox 2201 3462 2256 3526; x_wconf 68' lang='grc' dir='ltr'>ἐξ</span> <span class='ocrx_word' id='word_1_528' title='bbox 2288 3461 2497 3536; x_wconf 84' lang='grc' dir='ltr'>ἀρετῶν.</span> 
     </span>
    </p>
   </div>
   <div class='ocr_carea' id='block_1_74' title="bbox 3007 3669 3799 3746">
    <p class='ocr_par' dir='ltr' id='par_1_74' title="bbox 3007 3669 3799 3746">
     <span class='ocr_line' id='line_1_75' title="bbox 3007 3669 3799 3746; baseline 0 -20"><span class='ocrx_word' id='word_1_529' title='bbox 3007 3674 3100 3726; x_wconf 67' lang='grc' dir='ltr'>οὐκ</span> <span class='ocrx_word' id='word_1_530' title='bbox 3183 3669 3514 3746; x_wconf 76' lang='grc' dir='ltr'>ἐνδεδυμένον</span> <span class='ocrx_word' id='word_1_531' title='bbox 3597 3670 3799 3745; x_wconf 84' lang='grc' dir='ltr'>ἔνδυμα</span> 
     </span>
    </p>
   </div>
   <div class='ocr_carea' id='block_1_75' title="bbox 2200 3761 3798 3839">
    <p class='ocr_par' dir='ltr' id='par_1_75' title="bbox 2200 3761 3798 3839">
     <span class='ocr_line' id='line_1_76' title="bbox 2200 3761 3798 3839; baseline -0.001 -21"><span class='ocrx_word' id='word_1_532' title='bbox 2200 3769 2372 3839; x_wconf 87' lang='grc' dir='ltr'>γάμου</span> <span class='ocrx_word' id='word_1_533' title='bbox 2417 3769 2807 3839; x_wconf 72' lang='grc' dir='ltr'>προσηγόρευσε</span> <span class='ocrx_word' id='word_1_534' title='bbox 2859 3765 3030 3816; x_wconf 88' lang='grc' dir='ltr'>πάντα</span> <span class='ocrx_word' id='word_1_535' title='bbox 3093 3764 3357 3837; x_wconf 78' lang='grc' dir='ltr'>ἄνθρωπον</span> <span class='ocrx_word' id='word_1_536' title='bbox 3420 3761 3642 3825; x_wconf 80' lang='grc' dir='ltr'>ἀναξίως</span> <span class='ocrx_word' id='word_1_537' title='bbox 3707 3770 3798 3816; x_wconf 85' lang='grc' dir='ltr'><strong>τοῦ</strong></span> 
     </span>
    </p>
   </div>
   <div class='ocr_carea' id='block_1_76' title="bbox 2269 3671 2924 3749">
    <p class='ocr_par' dir='ltr' id='par_1_76' title="bbox 2269 3671 2924 3749">
     <span class='ocr_line' id='line_1_77' title="bbox 2269 3671 2924 3749; baseline -0.003 -23"><span class='ocrx_word' id='word_1_538' title='bbox 2269 3676 2572 3749; x_wconf 65' lang='grc' dir='ltr'>’Ἄνθρωπον</span> <span class='ocrx_word' id='word_1_539' title='bbox 2647 3678 2736 3748; x_wconf 75' lang='grc' dir='ltr'><strong>μὲν</strong></span> <span class='ocrx_word' id='word_1_540' title='bbox 2817 3671 2924 3742; x_wconf 81' lang='grc' dir='ltr'>οὖν,</span> 
     </span>
    </p>
   </div>
   <div class='ocr_carea' id='block_1_77' title="bbox 443 3839 2095 3929">
    <p class='ocr_par' dir='ltr' id='par_1_77' title="bbox 443 3839 2088 3922">
     <span class='ocr_line' id='line_1_78' title="bbox 443 3839 2088 3922; baseline 0.008 -29"><span class='ocrx_word' id='word_1_541' title='bbox 443 3839 545 3894; x_wconf 87' lang='lat' dir='ltr'><strong>stis</strong></span> <span class='ocrx_word' id='word_1_542' title='bbox 576 3855 712 3895; x_wconf 86' lang='lat' dir='ltr'><strong>vero</strong></span> <span class='ocrx_word' id='word_1_543' title='bbox 744 3855 865 3896; x_wconf 89' lang='lat' dir='ltr'><strong>non</strong></span> <span class='ocrx_word' id='word_1_544' title='bbox 895 3843 1197 3914; x_wconf 88' lang='lat' dir='ltr'><strong>nuptialis,</strong></span> <span class='ocrx_word' id='word_1_545' title='bbox 1225 3846 1345 3902; x_wconf 88' lang='lat' dir='ltr'><strong>vita</strong></span> <span class='ocrx_word' id='word_1_546' title='bbox 1367 3851 1455 3903; x_wconf 90' lang='lat' dir='ltr'><strong>est</strong></span> <span class='ocrx_word' id='word_1_547' title='bbox 1475 3848 1720 3906; x_wconf 90' lang='lat' dir='ltr'><strong>sordida</strong></span> <span class='ocrx_word' id='word_1_548' title='bbox 1749 3855 1806 3906; x_wconf 92' lang='lat' dir='ltr'><strong>et</strong></span> <span class='ocrx_word' id='word_1_549' title='bbox 1830 3850 2088 3922; x_wconf 87' lang='lat' dir='ltr'><strong>impura.</strong></span> 
     </span>
    </p>
   </div>
   <div class='ocr_carea' id='block_1_78' title="bbox 2204 3839 3800 3929">
    <p class='ocr_par' dir='ltr' id='par_1_78' title="bbox 2204 3848 3800 3929">
     <span class='ocr_line' id='line_1_79' title="bbox 2204 3848 3800 3929; baseline -0.003 -21"><span class='ocrx_word' id='word_1_550' title='bbox 2204 3859 2368 3929; x_wconf 83' lang='grc' dir='ltr'>γάμου</span> <span class='ocrx_word' id='word_1_551' title='bbox 2428 3854 2810 3927; x_wconf 85' lang='grc' dir='ltr'>ἐστολισμένον,</span> <span class='ocrx_word' id='word_1_552' title='bbox 2891 3853 3000 3905; x_wconf 67' lang='grc' dir='ltr'><strong>Οὔκ</strong></span> <span class='ocrx_word' id='word_1_553' title='bbox 3058 3849 3256 3926; x_wconf 82' lang='grc' dir='ltr'>ἔνδυμα</span> <span class='ocrx_word' id='word_1_554' title='bbox 3309 3848 3368 3905; x_wconf 74' lang='grc' dir='ltr'><strong>δὲ</strong></span> <span class='ocrx_word' id='word_1_555' title='bbox 3423 3854 3619 3924; x_wconf 88' lang='grc' dir='ltr'>γάμου,</span> <span class='ocrx_word' id='word_1_556' title='bbox 3681 3852 3800 3924; x_wconf 86' lang='grc' dir='ltr'>βίος</span> 
     </span>
    </p>
   </div>
   <div class='ocr_carea' id='block_1_79' title="bbox 440 3929 2091 4013">
    <p class='ocr_par' dir='ltr' id='par_1_79' title="bbox 440 3929 2091 4013">
     <span class='ocr_line' id='line_1_80' title="bbox 440 3929 2091 4013; baseline 0.008 -29"><span class='ocrx_word' id='word_1_557' title='bbox 440 3929 714 3985; x_wconf 85' lang='lat' dir='ltr'><strong>Amicum</strong></span> <span class='ocrx_word' id='word_1_558' title='bbox 744 3936 946 3987; x_wconf 88' lang='lat' dir='ltr'><strong>autem</strong></span> <span class='ocrx_word' id='word_1_559' title='bbox 974 3932 1120 3990; x_wconf 83' lang='lat' dir='ltr'><strong>dixit</strong></span> <span class='ocrx_word' id='word_1_560' title='bbox 1186 3940 1388 4006; x_wconf 89' lang='lat' dir='ltr'><strong>utpote</strong></span> <span class='ocrx_word' id='word_1_561' title='bbox 1445 3936 1868 4007; x_wconf 88' lang='lat' dir='ltr'><strong>Christianum,</strong></span> <span class='ocrx_word' id='word_1_562' title='bbox 1902 3957 2091 4013; x_wconf 86' lang='lat' dir='ltr'><strong>quan-</strong></span> 
     </span>
    </p>
   </div>
   <div class='ocr_carea' id='block_1_80' title="bbox 441 4019 2089 4102">
    <p class='ocr_par' dir='ltr' id='par_1_80' title="bbox 441 4019 2089 4102">
     <span class='ocr_line' id='line_1_81' title="bbox 441 4019 2089 4102; baseline 0.007 -29"><span class='ocrx_word' id='word_1_563' title='bbox 441 4033 627 4089; x_wconf 87' lang='lat' dir='ltr'><strong>quam</strong></span> <span class='ocrx_word' id='word_1_564' title='bbox 641 4019 997 4089; x_wconf 87' lang='lat' dir='ltr'><strong>indignetali</strong></span> <span class='ocrx_word' id='word_1_565' title='bbox 1010 4023 1407 4093; x_wconf 87' lang='lat' dir='ltr'><strong>appellatione</strong></span> <span class='ocrx_word' id='word_1_566' title='bbox 1425 4033 1898 4086; x_wconf 86' lang='lat' dir='ltr'><strong>conversantem.</strong></span> <span class='ocrx_word' id='word_1_567' title='bbox 1920 4032 2089 4102; x_wconf 85' lang='lat' dir='ltr'><strong>Atqui</strong></span> 
     </span>
    </p>
   </div>
   <div class='ocr_carea' id='block_1_81' title="bbox 440 4107 2092 4186">
    <p class='ocr_par' dir='ltr' id='par_1_81' title="bbox 440 4107 2092 4186">
     <span class='ocr_line' id='line_1_82' title="bbox 440 4107 2092 4186; baseline 0.008 -26"><span class='ocrx_word' id='word_1_568' title='bbox 440 4121 548 4177; x_wconf 90' lang='lat' dir='ltr'><strong>per</strong></span> <span class='ocrx_word' id='word_1_569' title='bbox 599 4107 852 4175; x_wconf 90' lang='lat' dir='ltr'><strong>gratiam</strong></span> <span class='ocrx_word' id='word_1_570' title='bbox 883 4123 1093 4163; x_wconf 86' lang='lat' dir='ltr'><strong>omnes</strong></span> <span class='ocrx_word' id='word_1_571' title='bbox 1145 4112 1380 4166; x_wconf 85' lang='lat' dir='ltr'><strong>vocavit</strong></span> <span class='ocrx_word' id='word_1_572' title='bbox 1414 4116 1763 4183; x_wconf 90' lang='lat' dir='ltr'><strong>:quomodo</strong></span> <span class='ocrx_word' id='word_1_573' title='bbox 1811 4133 1954 4186; x_wconf 89' lang='lat' dir='ltr'><strong>ergo</strong></span> <span class='ocrx_word' id='word_1_574' title='bbox 1989 4135 2092 4174; x_wconf 90' lang='lat' dir='ltr'><strong>eos</strong></span> 
     </span>
    </p>
   </div>
   <div class='ocr_carea' id='block_1_82' title="bbox 443 4195 2091 4276">
    <p class='ocr_par' dir='ltr' id='par_1_82' title="bbox 443 4195 2091 4276">
     <span class='ocr_line' id='line_1_83' title="bbox 443 4195 2091 4276; baseline 0.007 -27"><span class='ocrx_word' id='word_1_575' title='bbox 443 4195 777 4249; x_wconf 80' lang='lat' dir='ltr'><strong>scrutatur?</strong></span> <span class='ocrx_word' id='word_1_576' title='bbox 795 4195 1231 4260; x_wconf 88' lang='lat' dir='ltr'><strong>Quiaconvenit</strong></span> <span class='ocrx_word' id='word_1_577' title='bbox 1259 4197 1438 4253; x_wconf 90' lang='lat' dir='ltr'><strong>etiam</strong></span> <span class='ocrx_word' id='word_1_578' title='bbox 1457 4215 1593 4256; x_wconf 88' lang='lat' dir='ltr'><strong>eum</strong></span> <span class='ocrx_word' id='word_1_579' title='bbox 1625 4203 1726 4273; x_wconf 92' lang='lat' dir='ltr'><strong>qui</strong></span> <span class='ocrx_word' id='word_1_580' title='bbox 1748 4205 1825 4259; x_wconf 92' lang='lat' dir='ltr'><strong>ad</strong></span> <span class='ocrx_word' id='word_1_581' title='bbox 1850 4207 2091 4276; x_wconf 90' lang='lat' dir='ltr'><strong>nuptias</strong></span> 
     </span>
    </p>
   </div>
   <div class='ocr_carea' id='block_1_83' title="bbox 441 4283 2089 4362">
    <p class='ocr_par' dir='ltr' id='par_1_83' title="bbox 441 4283 2089 4362">
     <span class='ocr_line' id='line_1_84' title="bbox 441 4283 2089 4362; baseline 0.008 -25"><span class='ocrx_word' id='word_1_582' title='bbox 441 4287 688 4337; x_wconf 84' lang='lat' dir='ltr'><strong>vocatus</strong></span> <span class='ocrx_word' id='word_1_583' title='bbox 717 4289 822 4347; x_wconf 90' lang='lat' dir='ltr'><strong>est,</strong></span> <span class='ocrx_word' id='word_1_584' title='bbox 836 4283 999 4352; x_wconf 89' lang='lat' dir='ltr'><strong>regio</strong></span> <span class='ocrx_word' id='word_1_585' title='bbox 1012 4288 1221 4340; x_wconf 86' lang='lat' dir='ltr'><strong>ornatu</strong></span> <span class='ocrx_word' id='word_1_586' title='bbox 1233 4287 1480 4343; x_wconf 91' lang='lat' dir='ltr'><strong>omnino</strong></span> <span class='ocrx_word' id='word_1_587' title='bbox 1505 4289 1754 4362; x_wconf 89' lang='lat' dir='ltr'><strong>ingredi,</strong></span> <span class='ocrx_word' id='word_1_588' title='bbox 1784 4297 1840 4349; x_wconf 91' lang='lat' dir='ltr'><strong>et</strong></span> <span class='ocrx_word' id='word_1_589' title='bbox 1863 4293 2089 4351; x_wconf 90' lang='lat' dir='ltr'><strong>decenti</strong></span> 
     </span>
    </p>
   </div>
   <div class='ocr_carea' id='block_1_84' title="bbox 442 4369 2088 4455">
    <p class='ocr_par' dir='ltr' id='par_1_84' title="bbox 442 4369 2088 4455">
     <span class='ocr_line' id='line_1_85' title="bbox 442 4369 2088 4455; baseline 0.009 -30"><span class='ocrx_word' id='word_1_590' title='bbox 442 4369 614 4436; x_wconf 90' lang='lat' dir='ltr'><strong>stola,</strong></span> <span class='ocrx_word' id='word_1_591' title='bbox 649 4371 853 4440; x_wconf 69' lang='lat' dir='ltr'><strong>gratiae</strong></span> <span class='ocrx_word' id='word_1_592' title='bbox 890 4372 1216 4428; x_wconf 87' lang='lat' dir='ltr'><strong>vocationis</strong></span> <span class='ocrx_word' id='word_1_593' title='bbox 1245 4377 1625 4447; x_wconf 91' lang='lat' dir='ltr'><strong>respondere.</strong></span> <span class='ocrx_word' id='word_1_594' title='bbox 1661 4384 1722 4436; x_wconf 86' lang='lat' dir='ltr'><strong>In</strong></span> <span class='ocrx_word' id='word_1_595' title='bbox 1741 4384 2088 4455; x_wconf 88' lang='lat' dir='ltr'><strong>corruptibi-</strong></span> 
     </span>
    </p>
   </div>
   <div class='ocr_carea' id='block_1_85' title="bbox 440 4459 2090 4546">
    <p class='ocr_par' dir='ltr' id='par_1_85' title="bbox 440 4459 2090 4546">
     <span class='ocr_line' id='line_1_86' title="bbox 440 4459 2090 4546; baseline 0.01 -31"><span class='ocrx_word' id='word_1_596' title='bbox 440 4459 599 4516; x_wconf 90' lang='lat' dir='ltr'><strong>libus</strong></span> <span class='ocrx_word' id='word_1_597' title='bbox 615 4460 761 4515; x_wconf 88' lang='lat' dir='ltr'><strong>enim</strong></span> <span class='ocrx_word' id='word_1_598' title='bbox 775 4461 998 4534; x_wconf 88' lang='lat' dir='ltr'><strong>nuptiis</strong></span> <span class='ocrx_word' id='word_1_599' title='bbox 1011 4465 1373 4536; x_wconf 91' lang='lat' dir='ltr'><strong>respondere</strong></span> <span class='ocrx_word' id='word_1_600' title='bbox 1387 4467 1678 4541; x_wconf 87' lang='lat' dir='ltr'><strong>quispiam</strong></span> <span class='ocrx_word' id='word_1_601' title='bbox 1691 4477 1906 4544; x_wconf 89' lang='lat' dir='ltr'><strong>posset,</strong></span> <span class='ocrx_word' id='word_1_602' title='bbox 1924 4477 2090 4546; x_wconf 90' lang='lat' dir='ltr'><strong>quod</strong></span> 
     </span>
    </p>
   </div>
   <div class='ocr_carea' id='block_1_86' title="bbox 442 4550 2090 4626">
    <p class='ocr_par' dir='ltr' id='par_1_86' title="bbox 442 4550 2090 4626">
     <span class='ocr_line' id='line_1_87' title="bbox 442 4550 2090 4626; baseline 0.009 -19"><span class='ocrx_word' id='word_1_603' title='bbox 442 4550 628 4619; x_wconf 90' lang='lat' dir='ltr'><strong>digna</strong></span> <span class='ocrx_word' id='word_1_604' title='bbox 663 4551 813 4608; x_wconf 90' lang='lat' dir='ltr'><strong>stola</strong></span> <span class='ocrx_word' id='word_1_605' title='bbox 859 4551 1115 4609; x_wconf 89' lang='lat' dir='ltr'><strong>difﬁcilis</strong></span> <span class='ocrx_word' id='word_1_606' title='bbox 1167 4555 1414 4612; x_wconf 86' lang='lat' dir='ltr'><strong>inventu</strong></span> <span class='ocrx_word' id='word_1_607' title='bbox 1444 4558 1593 4616; x_wconf 87' lang='lat' dir='ltr'><strong>foret</strong></span> <span class='ocrx_word' id='word_1_608' title='bbox 1622 4578 1635 4626; x_wconf 93' lang='lat'><strong>;</strong></span> <span class='ocrx_word' id='word_1_609' title='bbox 1670 4563 1727 4618; x_wconf 90' lang='lat' dir='ltr'><strong>in</strong></span> <span class='ocrx_word' id='word_1_610' title='bbox 1751 4563 1845 4619; x_wconf 88' lang='lat' dir='ltr'><strong>his</strong></span> <span class='ocrx_word' id='word_1_611' title='bbox 1889 4569 2090 4622; x_wconf 87' lang='lat' dir='ltr'><strong>autem</strong></span> 
     </span>
    </p>
   </div>
   <div class='ocr_carea' id='block_1_87' title="bbox 441 4639 2085 4716">
    <p class='ocr_par' dir='ltr' id='par_1_87' title="bbox 441 4639 2085 4716">
     <span class='ocr_line' id='line_1_88' title="bbox 441 4639 2085 4716; baseline 0.009 -21"><span class='ocrx_word' id='word_1_612' title='bbox 441 4639 992 4711; x_wconf 88' lang='lat' dir='ltr'><strong>incorruptibilibus</strong></span> <span class='ocrx_word' id='word_1_613' title='bbox 1005 4644 1226 4716; x_wconf 88' lang='lat' dir='ltr'><strong>nuptiis</strong></span> <span class='ocrx_word' id='word_1_614' title='bbox 1240 4645 1438 4702; x_wconf 90' lang='lat' dir='ltr'><strong>ablata</strong></span> <span class='ocrx_word' id='word_1_615' title='bbox 1451 4653 1538 4705; x_wconf 90' lang='lat' dir='ltr'><strong>est</strong></span> <span class='ocrx_word' id='word_1_616' title='bbox 1552 4651 1746 4708; x_wconf 89' lang='lat' dir='ltr'><strong>omnis</strong></span> <span class='ocrx_word' id='word_1_617' title='bbox 1765 4654 2085 4710; x_wconf 86' lang='lat' dir='ltr'><strong>excusatio.</strong></span> 
     </span>
    </p>
   </div>
   <div class='ocr_carea' id='block_1_88' title="bbox 441 4729 2084 4806">
    <p class='ocr_par' dir='ltr' id='par_1_88' title="bbox 441 4729 2084 4806">
     <span class='ocr_line' id='line_1_89' title="bbox 441 4729 2084 4806; baseline 0.01 -21"><span class='ocrx_word' id='word_1_618' title='bbox 441 4732 506 4785; x_wconf 87' lang='lat' dir='ltr'><strong>In</strong></span> <span class='ocrx_word' id='word_1_619' title='bbox 532 4729 801 4803; x_wconf 89' lang='lat' dir='ltr'><strong>proximo</strong></span> <span class='ocrx_word' id='word_1_620' title='bbox 817 4747 1080 4806; x_wconf 89' lang='lat' dir='ltr'><strong>namque</strong></span> <span class='ocrx_word' id='word_1_621' title='bbox 1103 4739 1192 4792; x_wconf 90' lang='lat' dir='ltr'><strong>est</strong></span> <span class='ocrx_word' id='word_1_622' title='bbox 1223 4743 1470 4795; x_wconf 87' lang='lat' dir='ltr'><strong>ornatus</strong></span> <span class='ocrx_word' id='word_1_623' title='bbox 1501 4755 1570 4798; x_wconf 91' lang='lat' dir='ltr'><strong>ac</strong></span> <span class='ocrx_word' id='word_1_624' title='bbox 1594 4741 1836 4798; x_wconf 89' lang='lat' dir='ltr'><strong>inventu</strong></span> <span class='ocrx_word' id='word_1_625' title='bbox 1865 4742 2047 4799; x_wconf 90' lang='lat' dir='ltr'><strong>facilis</strong></span> <span class='ocrx_word' id='word_1_626' title='bbox 2071 4763 2084 4801; x_wconf 90' lang='lat'><strong>:</strong></span> 
     </span>
    </p>
   </div>
   <div class='ocr_carea' id='block_1_89' title="bbox 513 4907 1551 4982">
    <p class='ocr_par' dir='ltr' id='par_1_89' title="bbox 513 4907 1551 4982">
     <span class='ocr_line' id='line_1_90' title="bbox 513 4907 1551 4982; baseline 0.006 -16"><span class='ocrx_word' id='word_1_627' title='bbox 513 4907 562 4943; x_wconf 73' lang='lat'><strong>9“</strong></span> <span class='ocrx_word' id='word_1_628' title='bbox 586 4909 791 4968; x_wconf 85' lang='lat' dir='ltr'><strong>Matth.</strong></span> <span class='ocrx_word' id='word_1_629' title='bbox 829 4928 989 4980; x_wconf 84' lang='lat' dir='ltr'><strong>xxm,</strong></span> <span class='ocrx_word' id='word_1_630' title='bbox 1025 4911 1113 4969; x_wconf 83' lang='grc'><strong>19.</strong></span> <span class='ocrx_word' id='word_1_631' title='bbox 1191 4915 1239 4949; x_wconf 76' lang='grc'><strong>9⁵</strong></span> <span class='ocrx_word' id='word_1_632' title='bbox 1269 4917 1394 4970; x_wconf 85' lang='lat' dir='ltr'><strong>Act.</strong></span> <span class='ocrx_word' id='word_1_633' title='bbox 1425 4931 1464 4982; x_wconf 86' lang='lat'><strong>1,</strong></span> <span class='ocrx_word' id='word_1_634' title='bbox 1497 4916 1551 4974; x_wconf 92' lang='lat'><strong>8.</strong></span> 
     </span>
    </p>
   </div>
   <div class='ocr_carea' id='block_1_90' title="bbox 2199 3938 3798 4021">
    <p class='ocr_par' dir='ltr' id='par_1_90' title="bbox 2199 3938 3798 4021">
     <span class='ocr_line' id='line_1_91' title="bbox 2199 3938 3798 4021; baseline -0.003 -23"><span class='ocrx_word' id='word_1_635' title='bbox 2199 3948 2430 4021; x_wconf 84' lang='grc' dir='ltr'>ῥυπαρός</span> <span class='ocrx_word' id='word_1_636' title='bbox 2487 3948 2575 3996; x_wconf 87' lang='grc' dir='ltr'><strong>καὶ</strong></span> <span class='ocrx_word' id='word_1_637' title='bbox 2640 3942 2951 4016; x_wconf 76' lang='grc' dir='ltr'>ἀκάθαρτος.</span> <span class='ocrx_word' id='word_1_638' title='bbox 3026 3942 3256 4016; x_wconf 83' lang='grc' dir='ltr'>Ἑταῖρον</span> <span class='ocrx_word' id='word_1_639' title='bbox 3312 3938 3370 3994; x_wconf 74' lang='grc' dir='ltr'>δὲ</span> <span class='ocrx_word' id='word_1_640' title='bbox 3426 3941 3580 3994; x_wconf 76' lang='grc' dir='ltr'>αὐτὸν</span> <span class='ocrx_word' id='word_1_641' title='bbox 3641 3938 3798 4007; x_wconf 80' lang='grc' dir='ltr'>εἶπεν,</span> 
     </span>
    </p>
   </div>
   <div class='ocr_carea' id='block_1_91' title="bbox 2201 4030 3802 4108">
    <p class='ocr_par' dir='ltr' id='par_1_91' title="bbox 2201 4030 3802 4108">
     <span class='ocr_line' id='line_1_92' title="bbox 2201 4030 3802 4108; baseline -0.002 -21"><span class='ocrx_word' id='word_1_642' title='bbox 2201 4039 2267 4098; x_wconf 84' lang='grc' dir='ltr'><strong>ὡς</strong></span> <span class='ocrx_word' id='word_1_643' title='bbox 2316 4039 2435 4094; x_wconf 83' lang='grc' dir='ltr'>τέως</span> <span class='ocrx_word' id='word_1_644' title='bbox 2489 4035 2825 4108; x_wconf 77' lang='grc' dir='ltr'>Χριστιανὸν,</span> <span class='ocrx_word' id='word_1_645' title='bbox 2890 4033 2933 4084; x_wconf 85' lang='grc' dir='ltr'>εἰ</span> <span class='ocrx_word' id='word_1_646' title='bbox 2979 4036 3069 4083; x_wconf 88' lang='grc' dir='ltr'><strong>καὶ</strong></span> <span class='ocrx_word' id='word_1_647' title='bbox 3132 4030 3348 4094; x_wconf 82' lang='grc' dir='ltr'>ἀναξίως</span> <span class='ocrx_word' id='word_1_648' title='bbox 3394 4040 3486 4092; x_wconf 85' lang='grc' dir='ltr'>τῆς</span> <span class='ocrx_word' id='word_1_649' title='bbox 3535 4051 3802 4108; x_wconf 87' lang='grc' dir='ltr'>προσηγο-</span> 
     </span>
    </p>
   </div>
   <div class='ocr_carea' id='block_1_92' title="bbox 2200 4121 3800 4195">
    <p class='ocr_par' dir='ltr' id='par_1_92' title="bbox 2200 4121 3800 4195">
     <span class='ocr_line' id='line_1_93' title="bbox 2200 4121 3800 4195; baseline -0.003 -19"><span class='ocrx_word' id='word_1_650' title='bbox 2200 4129 2313 4195; x_wconf 91' lang='grc' dir='ltr'>ρίας</span> <span class='ocrx_word' id='word_1_651' title='bbox 2355 4125 2548 4183; x_wconf 79' lang='grc' dir='ltr'>ταύτης</span> <span class='ocrx_word' id='word_1_652' title='bbox 2601 4121 2985 4174; x_wconf 86' lang='grc' dir='ltr'>ἐπολιτεύσατο.</span> <span class='ocrx_word' id='word_1_653' title='bbox 3039 4125 3138 4174; x_wconf 83' lang='grc' dir='ltr'><strong>Καὶ</strong></span> <span class='ocrx_word' id='word_1_654' title='bbox 3197 4125 3296 4192; x_wconf 82' lang='grc' dir='ltr'>μὴν</span> <span class='ocrx_word' id='word_1_655' title='bbox 3360 4123 3549 4193; x_wconf 86' lang='grc' dir='ltr'>χάριτι</span> <span class='ocrx_word' id='word_1_656' title='bbox 3603 4123 3800 4184; x_wconf 89' lang='grc' dir='ltr'>πάντας</span> 
     </span>
    </p>
   </div>
   <div class='ocr_carea' id='block_1_93' title="bbox 2201 4208 3803 4283">
    <p class='ocr_par' dir='ltr' id='par_1_93' title="bbox 2201 4208 3803 4283">
     <span class='ocr_line' id='line_1_94' title="bbox 2201 4208 3803 4283; baseline -0.001 -20"><span class='ocrx_word' id='word_1_657' title='bbox 2201 4211 2425 4263; x_wconf 85' lang='grc' dir='ltr'>ἐκάλεσε·</span> <span class='ocrx_word' id='word_1_658' title='bbox 2495 4220 2603 4272; x_wconf 83' lang='grc' dir='ltr'><strong>πῶς</strong></span> <span class='ocrx_word' id='word_1_659' title='bbox 2675 4210 2761 4262; x_wconf 74' lang='grc' dir='ltr'><strong>οὖν</strong></span> <span class='ocrx_word' id='word_1_660' title='bbox 2817 4208 3277 4283; x_wconf 79' lang='grc' dir='ltr'>ἀκριϐολογεῖται;</span> <span class='ocrx_word' id='word_1_661' title='bbox 3335 4214 3473 4260; x_wconf 87' lang='grc' dir='ltr'>Διότι</span> <span class='ocrx_word' id='word_1_662' title='bbox 3543 4215 3803 4282; x_wconf 73' lang='grc' dir='ltr'>προσήκει</span> 
     </span>
    </p>
   </div>
   <div class='ocr_carea' id='block_1_94' title="bbox 2200 4297 3798 4372">
    <p class='ocr_par' dir='ltr' id='par_1_94' title="bbox 2200 4297 3798 4372">
     <span class='ocr_line' id='line_1_95' title="bbox 2200 4297 3798 4372; baseline -0.003 -18"><span class='ocrx_word' id='word_1_663' title='bbox 2200 4304 2286 4354; x_wconf 84' lang='grc' dir='ltr'>τὸν</span> <span class='ocrx_word' id='word_1_664' title='bbox 2342 4300 2412 4360; x_wconf 85' lang='grc' dir='ltr'>εἰς</span> <span class='ocrx_word' id='word_1_665' title='bbox 2477 4302 2643 4372; x_wconf 82' lang='grc' dir='ltr'>γάμον</span> <span class='ocrx_word' id='word_1_666' title='bbox 2719 4299 2990 4371; x_wconf 86' lang='grc' dir='ltr'>κληθέντα,</span> <span class='ocrx_word' id='word_1_667' title='bbox 3049 4303 3139 4350; x_wconf 87' lang='grc' dir='ltr'><strong>καὶ</strong></span> <span class='ocrx_word' id='word_1_668' title='bbox 3201 4297 3432 4370; x_wconf 86' lang='grc' dir='ltr'>μάλιστα</span> <span class='ocrx_word' id='word_1_669' title='bbox 3495 4297 3798 4370; x_wconf 82' lang='grc' dir='ltr'>βασιλικὸν,</span> 
     </span>
    </p>
   </div>
   <div class='ocr_carea' id='block_1_95' title="bbox 2199 4386 3798 4462">
    <p class='ocr_par' dir='ltr' id='par_1_95' title="bbox 2199 4386 3798 4462">
     <span class='ocr_line' id='line_1_96' title="bbox 2199 4386 3798 4462; baseline -0.003 -20"><span class='ocrx_word' id='word_1_670' title='bbox 2199 4394 2581 4462; x_wconf 79' lang='grc' dir='ltr'>κεκοσμημένον</span> <span class='ocrx_word' id='word_1_671' title='bbox 2639 4387 2902 4452; x_wconf 83' lang='grc' dir='ltr'>εἰσελθεῖν,</span> <span class='ocrx_word' id='word_1_672' title='bbox 2963 4392 3052 4440; x_wconf 87' lang='grc' dir='ltr'><strong>καὶ</strong></span> <span class='ocrx_word' id='word_1_673' title='bbox 3104 4386 3427 4460; x_wconf 73' lang='grc' dir='ltr'>ἀμείψασθαι</span> <span class='ocrx_word' id='word_1_674' title='bbox 3486 4392 3582 4446; x_wconf 85' lang='grc' dir='ltr'>τὴν</span> <span class='ocrx_word' id='word_1_675' title='bbox 3642 4391 3798 4462; x_wconf 80' lang='grc' dir='ltr'>χάριν</span> 
     </span>
    </p>
   </div>
   <div class='ocr_carea' id='block_1_96' title="bbox 2199 4476 3793 4550">
    <p class='ocr_par' dir='ltr' id='par_1_96' title="bbox 2199 4476 3793 4550">
     <span class='ocr_line' id='line_1_97' title="bbox 2199 4476 3793 4550; baseline -0.003 -19"><span class='ocrx_word' id='word_1_676' title='bbox 2199 4489 2293 4540; x_wconf 85' lang='grc' dir='ltr'>τῆς</span> <span class='ocrx_word' id='word_1_677' title='bbox 2340 4478 2570 4540; x_wconf 80' lang='grc' dir='ltr'>κλήσεως</span> <span class='ocrx_word' id='word_1_678' title='bbox 2621 4487 2690 4549; x_wconf 82' lang='grc' dir='ltr'>τῷ</span> <span class='ocrx_word' id='word_1_679' title='bbox 2739 4477 3090 4550; x_wconf 78' lang='grc' dir='ltr'>καλλωπισμῷ</span> <span class='ocrx_word' id='word_1_680' title='bbox 3142 4485 3233 4538; x_wconf 84' lang='grc' dir='ltr'>τῆς</span> <span class='ocrx_word' id='word_1_681' title='bbox 3291 4476 3499 4538; x_wconf 82' lang='grc' dir='ltr'>στολῆς.</span> <span class='ocrx_word' id='word_1_682' title='bbox 3555 4476 3668 4530; x_wconf 82' lang='grc' dir='ltr'><strong>Ἐπὶ</strong></span> <span class='ocrx_word' id='word_1_683' title='bbox 3705 4480 3793 4547; x_wconf 79' lang='grc' dir='ltr'>μὲν</span> 
     </span>
    </p>
   </div>
   <div class='ocr_carea' id='block_1_97' title="bbox 2197 4565 3790 4644">
    <p class='ocr_par' dir='ltr' id='par_1_97' title="bbox 2197 4565 3790 4644">
     <span class='ocr_line' id='line_1_98' title="bbox 2197 4565 3790 4644; baseline -0.004 -23"><span class='ocrx_word' id='word_1_684' title='bbox 2197 4571 2297 4644; x_wconf 88' lang='grc' dir='ltr'><strong>γάρ</strong></span> <span class='ocrx_word' id='word_1_685' title='bbox 2356 4576 2455 4621; x_wconf 85' lang='grc' dir='ltr'><strong>τῶν</strong></span> <span class='ocrx_word' id='word_1_686' title='bbox 2523 4570 2758 4640; x_wconf 76' lang='grc' dir='ltr'>φθαρτῶν</span> <span class='ocrx_word' id='word_1_687' title='bbox 2821 4569 3020 4639; x_wconf 88' lang='grc' dir='ltr'>γάμων,</span> <span class='ocrx_word' id='word_1_688' title='bbox 3080 4569 3197 4638; x_wconf 84' lang='grc' dir='ltr'>ἔχοι</span> <span class='ocrx_word' id='word_1_689' title='bbox 3261 4585 3336 4626; x_wconf 87' lang='grc' dir='ltr'><strong>τις</strong></span> <span class='ocrx_word' id='word_1_690' title='bbox 3389 4567 3449 4616; x_wconf 78' lang='grc' dir='ltr'>ἄν</span> <span class='ocrx_word' id='word_1_691' title='bbox 3518 4565 3790 4634; x_wconf 85' lang='grc' dir='ltr'>ἀπολογίαν</span> 
     </span>
    </p>
   </div>
   <div class='ocr_carea' id='block_1_98' title="bbox 2197 4653 3788 4730">
    <p class='ocr_par' dir='ltr' id='par_1_98' title="bbox 2197 4653 3788 4730">
     <span class='ocr_line' id='line_1_99' title="bbox 2197 4653 3788 4730; baseline -0.005 -20"><span class='ocrx_word' id='word_1_692' title='bbox 2197 4662 2287 4710; x_wconf 82' lang='grc' dir='ltr'><strong>καὶ</strong></span> <span class='ocrx_word' id='word_1_693' title='bbox 2333 4663 2666 4730; x_wconf 82' lang='grc' dir='ltr'>συγγνώμην,</span> <span class='ocrx_word' id='word_1_694' title='bbox 2713 4654 2807 4708; x_wconf 82' lang='grc' dir='ltr'>διὰ</span> <span class='ocrx_word' id='word_1_695' title='bbox 2845 4660 2900 4708; x_wconf 86' lang='grc' dir='ltr'>τὸ</span> <span class='ocrx_word' id='word_1_696' title='bbox 2938 4653 3294 4728; x_wconf 85' lang='grc' dir='ltr'>δυσπόριστον</span> <span class='ocrx_word' id='word_1_697' title='bbox 3342 4654 3468 4708; x_wconf 84' lang='grc' dir='ltr'>εἶναι</span> <span class='ocrx_word' id='word_1_698' title='bbox 3519 4660 3604 4712; x_wconf 80' lang='grc' dir='ltr'>τὴν</span> <span class='ocrx_word' id='word_1_699' title='bbox 3645 4653 3788 4715; x_wconf 82' lang='grc' dir='ltr'>ἀξίαν</span> 
     </span>
    </p>
   </div>
   <div class='ocr_carea' id='block_1_99' title="bbox 2202 4742 3795 4820">
    <p class='ocr_par' dir='ltr' id='par_1_99' title="bbox 2202 4742 3795 4820">
     <span class='ocr_line' id='line_1_100' title="bbox 2202 4742 3795 4820; baseline -0.003 -22"><span class='ocrx_word' id='word_1_700' title='bbox 2202 4746 2411 4804; x_wconf 79' lang='grc' dir='ltr'>στολήνο</span> <span class='ocrx_word' id='word_1_701' title='bbox 2469 4746 2553 4800; x_wconf 85' lang='grc' dir='ltr'><strong>ἐπὶ</strong></span> <span class='ocrx_word' id='word_1_702' title='bbox 2601 4742 2660 4798; x_wconf 82' lang='grc' dir='ltr'><strong>δῖε</strong></span> <span class='ocrx_word' id='word_1_703' title='bbox 2717 4754 2807 4798; x_wconf 79' lang='grc' dir='ltr'><strong>τοῦ</strong></span> <span class='ocrx_word' id='word_1_704' title='bbox 2857 4743 3119 4820; x_wconf 72' lang='grc' dir='ltr'>ἀφθάρτου</span> <span class='ocrx_word' id='word_1_705' title='bbox 3174 4747 3358 4797; x_wconf 83' lang='grc' dir='ltr'>τούτου</span> <span class='ocrx_word' id='word_1_706' title='bbox 3413 4747 3605 4817; x_wconf 87' lang='grc' dir='ltr'>γάμου,</span> <span class='ocrx_word' id='word_1_707' title='bbox 3649 4749 3795 4796; x_wconf 80' lang='grc' dir='ltr'>πᾶσα</span> 
     </span>
    </p>
   </div>
   <div class='ocr_carea' id='block_1_100' title="bbox 1667 5112 2586 5186">
    <p class='ocr_par' dir='ltr' id='par_1_100' title="bbox 1667 5112 2586 5186">
     <span class='ocr_line' id='line_1_101' title="bbox 1667 5112 2586 5186; baseline 0.004 -5"><span class='ocrx_word' id='word_1_708' title='bbox 1667 5112 1874 5182; x_wconf 68' lang='lat' dir='ltr'><strong>Varias</strong></span> <span class='ocrx_word' id='word_1_709' title='bbox 1911 5114 2236 5184; x_wconf 87' lang='lat' dir='ltr'><strong>lectiones</strong></span> <span class='ocrx_word' id='word_1_710' title='bbox 2279 5127 2344 5183; x_wconf 91' lang='lat' dir='ltr'><strong>et</strong></span> <span class='ocrx_word' id='word_1_711' title='bbox 2384 5127 2586 5186; x_wconf 66' lang='lat' dir='ltr'><strong>notae.</strong></span> 
     </span>
    </p>
   </div>
   <div class='ocr_carea' id='block_1_101' title="bbox 539 5307 1595 5386">
    <p class='ocr_par' dir='ltr' id='par_1_101' title="bbox 539 5307 1595 5386">
     <span class='ocr_line' id='line_1_102' title="bbox 539 5307 1595 5386; baseline 0.001 -23"><span class='ocrx_word' id='word_1_712' title='bbox 539 5308 628 5386; x_wconf 89' lang='grc'><strong>68)</strong></span> <span class='ocrx_word' id='word_1_713' title='bbox 669 5307 854 5386; x_wconf 83' lang='lat' dir='ltr'><strong>I_n_tell.</strong></span> <span class='ocrx_word' id='word_1_714' title='bbox 879 5312 964 5362; x_wconf 90' lang='grc' dir='ltr'>τὸν</span> <span class='ocrx_word' id='word_1_715' title='bbox 988 5317 1102 5386; x_wconf 57' lang='grc' dir='ltr'><strong>τῶν</strong></span> <span class='ocrx_word' id='word_1_716' title='bbox 1119 5311 1383 5386; x_wconf 73' lang='grc' dir='ltr'>ἁμαρτιῶν</span> <span class='ocrx_word' id='word_1_717' title='bbox 1410 5312 1595 5386; x_wconf 60' lang='grc' dir='ltr'>ῥυπον,</span> 
     </span>
    </p>
   </div>
   <div class='ocr_carea' id='block_1_102' title="bbox 537 5380 2090 5461">
    <p class='ocr_par' dir='ltr' id='par_1_102' title="bbox 537 5380 2090 5461">
     <span class='ocr_line' id='line_1_103' title="bbox 537 5380 2090 5461; baseline 0.008 -27"><span class='ocrx_word' id='word_1_718' title='bbox 537 5380 627 5461; x_wconf 55' lang='grc' dir='ltr'><strong>ιδῃ)</strong></span> <span class='ocrx_word' id='word_1_719' title='bbox 656 5380 955 5461; x_wconf 60' lang='grc' dir='ltr'>ᾼῦτονομία</span> <span class='ocrx_word' id='word_1_720' title='bbox 983 5380 1299 5461; x_wconf 64' lang='lat' dir='ltr'><strong>difﬁculter</strong></span> <span class='ocrx_word' id='word_1_721' title='bbox 1316 5380 1600 5442; x_wconf 88' lang='lat' dir='ltr'><strong>redditur.</strong></span> <span class='ocrx_word' id='word_1_722' title='bbox 1626 5387 1774 5455; x_wconf 89' lang='lat' dir='ltr'><strong>Ergo</strong></span> <span class='ocrx_word' id='word_1_723' title='bbox 1798 5387 2090 5461; x_wconf 87' lang='lat' dir='ltr'><strong>interpres</strong></span> 
     </span>
    </p>
   </div>
   <div class='ocr_carea' id='block_1_103' title="bbox 442 5449 2088 5532">
    <p class='ocr_par' dir='ltr' id='par_1_103' title="bbox 442 5449 2088 5532">
     <span class='ocr_line' id='line_1_104' title="bbox 442 5449 2088 5532; baseline 0.01 -29"><span class='ocrx_word' id='word_1_724' title='bbox 442 5449 693 5532; x_wconf 40' lang='lat' dir='ltr'><strong>duplici.</strong></span> <span class='ocrx_word' id='word_1_725' title='bbox 710 5449 1195 5532; x_wconf 71' lang='lat' dir='ltr'><strong>modoreddidit,</strong></span> <span class='ocrx_word' id='word_1_726' title='bbox 1215 5455 1551 5532; x_wconf 80' lang='lat' dir='ltr'><strong>_liberta_tem</strong></span> <span class='ocrx_word' id='word_1_727' title='bbox 1600 5462 1667 5532; x_wconf 77' lang='lat' dir='ltr'><strong>et</strong></span> <span class='ocrx_word' id='word_1_728' title='bbox 1683 5449 1853 5514; x_wconf 68' lang='lat' dir='ltr'><strong>suam</strong></span> <span class='ocrx_word' id='word_1_729' title='bbox 1891 5449 2088 5532; x_wconf 62' lang='lat' dir='ltr'><strong>leéem.</strong></span> 
     </span>
    </p>
   </div>
   <div class='ocr_carea' id='block_1_104' title="bbox 442 5521 2086 5604">
    <p class='ocr_par' dir='ltr' id='par_1_104' title="bbox 442 5521 2086 5604">
     <span class='ocr_line' id='line_1_105' title="bbox 442 5521 2086 5604; baseline 0.007 -26"><span class='ocrx_word' id='word_1_730' title='bbox 442 5521 698 5604; x_wconf 66' lang='lat' dir='ltr'><strong>thuod</strong></span> <span class='ocrx_word' id='word_1_731' title='bbox 734 5524 1031 5604; x_wconf 42' lang='lat' dir='ltr'><strong>.parabola</strong></span> <span class='ocrx_word' id='word_1_732' title='bbox 1058 5542 1167 5582; x_wconf 90' lang='lat' dir='ltr'><strong>sua</strong></span> <span class='ocrx_word' id='word_1_733' title='bbox 1212 5527 1341 5604; x_wconf 79' lang='lat' dir='ltr'><strong>lege</strong></span> <span class='ocrx_word' id='word_1_734' title='bbox 1365 5528 1566 5604; x_wconf 75' lang='lat' dir='ltr'><strong>utitur.</strong></span> <span class='ocrx_word' id='word_1_735' title='bbox 1597 5529 1891 5603; x_wconf 75' lang='grc' dir='ltr'>Αὐτονομία</span> <span class='ocrx_word' id='word_1_736' title='bbox 1940 5521 2086 5604; x_wconf 75' lang='lat' dir='ltr'><strong>pro-</strong></span> 
     </span>
    </p>
   </div>
   <div class='ocr_carea' id='block_1_105' title="bbox 441 5593 2087 5675">
    <p class='ocr_par' dir='ltr' id='par_1_105' title="bbox 441 5593 2087 5675">
     <span class='ocr_line' id='line_1_106' title="bbox 441 5593 2087 5675; baseline 0.007 -28"><span class='ocrx_word' id='word_1_737' title='bbox 441 5593 570 5666; x_wconf 88' lang='lat' dir='ltr'><strong>prie</strong></span> <span class='ocrx_word' id='word_1_738' title='bbox 582 5598 673 5675; x_wconf 77' lang='lat' dir='ltr'><strong>est</strong></span> <span class='ocrx_word' id='word_1_739' title='bbox 697 5593 1006 5675; x_wconf 60' lang='lat' dir='ltr'><strong>civitatum</strong></span> <span class='ocrx_word' id='word_1_740' title='bbox 1032 5613 1165 5675; x_wconf 61' lang='lat' dir='ltr'><strong>qua;</strong></span> <span class='ocrx_word' id='word_1_741' title='bbox 1192 5593 1334 5675; x_wconf 78' lang='lat' dir='ltr'><strong>suis,</strong></span> <span class='ocrx_word' id='word_1_742' title='bbox 1355 5598 1422 5675; x_wconf 86' lang='lat' dir='ltr'><strong>id</strong></span> <span class='ocrx_word' id='word_1_743' title='bbox 1447 5603 1533 5675; x_wconf 85' lang='lat' dir='ltr'><strong>est</strong></span> <span class='ocrx_word' id='word_1_744' title='bbox 1553 5593 1802 5675; x_wconf 43' lang='lat' dir='ltr'><strong>pa‘trum&#39;</strong></span> <span class='ocrx_word' id='word_1_745' title='bbox 1823 5609 1877 5675; x_wconf 80' lang='lat' dir='ltr'><strong>et</strong></span> <span class='ocrx_word' id='word_1_746' title='bbox 1908 5593 2087 5675; x_wconf 81' lang='lat' dir='ltr'><strong>majo-</strong></span> 
     </span>
    </p>
   </div>
   <div class='ocr_carea' id='block_1_106' title="bbox 442 5664 2087 5745">
    <p class='ocr_par' dir='ltr' id='par_1_106' title="bbox 442 5664 2087 5745">
     <span class='ocr_line' id='line_1_107' title="bbox 442 5664 2087 5745; baseline 0.007 -25"><span class='ocrx_word' id='word_1_747' title='bbox 442 5664 598 5730; x_wconf 71' lang='lat' dir='ltr'><strong>rum,</strong></span> <span class='ocrx_word' id='word_1_748' title='bbox 630 5664 863 5737; x_wconf 84' lang='lat' dir='ltr'><strong>legibus</strong></span> <span class='ocrx_word' id='word_1_749' title='bbox 894 5672 950 5724; x_wconf 90' lang='lat' dir='ltr'><strong>et</strong></span> <span class='ocrx_word' id='word_1_750' title='bbox 992 5664 1276 5726; x_wconf 72' lang='lat' dir='ltr'><strong>institutis</strong></span> <span class='ocrx_word' id='word_1_751' title='bbox 1305 5664 1574 5726; x_wconf 64' lang='lat' dir='ltr'><strong>utantur:</strong></span> <span class='ocrx_word' id='word_1_752' title='bbox 1613 5668 1902 5731; x_wconf 88' lang='lat' dir='ltr'><strong>Parabola</strong></span> <span class='ocrx_word' id='word_1_753' title='bbox 1948 5664 2087 5745; x_wconf 66' lang='lat' dir='ltr'><strong>ergo</strong></span> 
     </span>
    </p>
   </div>
   <div class='ocr_carea' id='block_1_107' title="bbox 2202 5389 3809 5464">
    <p class='ocr_par' dir='ltr' id='par_1_107' title="bbox 2202 5389 3809 5464">
     <span class='ocr_line' id='line_1_108' title="bbox 2202 5389 3809 5464; baseline 0.002 -22"><span class='ocrx_word' id='word_1_754' title='bbox 2202 5389 2484 5464; x_wconf 77' lang='grc' dir='ltr'>αὐτόνομος</span> <span class='ocrx_word' id='word_1_755' title='bbox 2513 5393 2622 5455; x_wconf 88' lang='lat' dir='ltr'><strong>est,</strong></span> <span class='ocrx_word' id='word_1_756' title='bbox 2672 5406 2807 5464; x_wconf 72' lang='lat' dir='ltr'><strong>quae</strong></span> <span class='ocrx_word' id='word_1_757' title='bbox 2847 5390 3028 5464; x_wconf 82' lang='lat' dir='ltr'><strong>utitur</strong></span> <span class='ocrx_word' id='word_1_758' title='bbox 3063 5390 3492 5464; x_wconf 80' lang='lat' dir='ltr'><strong>consuetudine</strong></span> <span class='ocrx_word' id='word_1_759' title='bbox 3532 5393 3590 5464; x_wconf 74' lang='lat' dir='ltr'><strong>et</strong></span> <span class='ocrx_word' id='word_1_760' title='bbox 3628 5391 3809 5464; x_wconf 77' lang='lat' dir='ltr'><strong>venia</strong></span> 
     </span>
    </p>
   </div>
   <div class='ocr_carea' id='block_1_108' title="bbox 2200 5461 3806 5534">
    <p class='ocr_par' dir='ltr' id='par_1_108' title="bbox 2200 5461 3806 5534">
     <span class='ocr_line' id='line_1_109' title="bbox 2200 5461 3806 5534; baseline 0 -17"><span class='ocrx_word' id='word_1_761' title='bbox 2200 5461 2646 5534; x_wconf 85' lang='lat' dir='ltr'><strong>parabolarum,</strong></span> <span class='ocrx_word' id='word_1_762' title='bbox 2690 5461 3160 5519; x_wconf 73' lang='lat' dir='ltr'><strong>admiscentium</strong></span> <span class='ocrx_word' id='word_1_763' title='bbox 3192 5463 3483 5534; x_wconf 85' lang='lat' dir='ltr'><strong>nonnulla</strong></span> <span class='ocrx_word' id='word_1_764' title='bbox 3511 5462 3590 5534; x_wconf 91' lang='lat' dir='ltr'><strong>ad</strong></span> <span class='ocrx_word' id='word_1_765' title='bbox 3630 5462 3806 5532; x_wconf 87' lang='lat' dir='ltr'><strong>perﬁ-</strong></span> 
     </span>
    </p>
   </div>
   <div class='ocr_carea' id='block_1_109' title="bbox 2199 5533 3807 5606">
    <p class='ocr_par' dir='ltr' id='par_1_109' title="bbox 2199 5533 3807 5606">
     <span class='ocr_line' id='line_1_110' title="bbox 2199 5533 3807 5606; baseline -0.001 -16"><span class='ocrx_word' id='word_1_766' title='bbox 2199 5533 2473 5606; x_wconf 84' lang='lat' dir='ltr'><strong>ciendam</strong></span> <span class='ocrx_word' id='word_1_767' title='bbox 2494 5538 2550 5606; x_wconf 80' lang='lat' dir='ltr'><strong>et</strong></span> <span class='ocrx_word' id='word_1_768' title='bbox 2572 5534 2982 5590; x_wconf 82' lang='lat' dir='ltr'><strong>exornandam</strong></span> <span class='ocrx_word' id='word_1_769' title='bbox 3007 5534 3384 5606; x_wconf 88' lang='lat' dir='ltr'><strong>parabolam,</strong></span> <span class='ocrx_word' id='word_1_770' title='bbox 3409 5533 3657 5606; x_wconf 89' lang='lat' dir='ltr'><strong>minime</strong></span> <span class='ocrx_word' id='word_1_771' title='bbox 3675 5549 3807 5606; x_wconf 85' lang='lat' dir='ltr'><strong>per-</strong></span> 
     </span>
    </p>
   </div>
   <div class='ocr_carea' id='block_1_110' title="bbox 2198 5604 3806 5734">
    <p class='ocr_par' dir='ltr' id='par_1_110' title="bbox 2198 5604 3806 5734">
     <span class='ocr_line' id='line_1_111' title="bbox 2198 5604 3806 5734; baseline -0.001 -73"><span class='ocrx_word' id='word_1_772' title='bbox 2198 5605 2448 5734; x_wconf 43' lang='lat' dir='ltr'><strong>tineamiai</strong></span> <span class='ocrx_word' id='word_1_773' title='bbox 2472 5604 2550 5662; x_wconf 91' lang='lat' dir='ltr'><strong>ad</strong></span> <span class='ocrx_word' id='word_1_774' title='bbox 2583 5621 2711 5662; x_wconf 90' lang='lat' dir='ltr'><strong>rem</strong></span> <span class='ocrx_word' id='word_1_775' title='bbox 2745 5621 2878 5664; x_wconf 90' lang='lat' dir='ltr'><strong>eam</strong></span> <span class='ocrx_word' id='word_1_776' title='bbox 2911 5604 3084 5677; x_wconf 77' lang='lat' dir='ltr'><strong>cujus</strong></span> <span class='ocrx_word' id='word_1_777' title='bbox 3110 5622 3292 5663; x_wconf 86' lang='lat' dir='ltr'><strong>causa</strong></span> <span class='ocrx_word' id='word_1_778' title='bbox 3320 5604 3693 5678; x_wconf 62' lang='lat' dir='ltr'><strong>interposita</strong></span> <span class='ocrx_word' id='word_1_779' title='bbox 3716 5609 3806 5660; x_wconf 85' lang='lat' dir='ltr'><strong>est</strong></span> 
     </span>
     <span class='ocr_line' id='line_1_112' title="bbox 2198 5691 2509 5734; baseline 0.003 -1"><span class='ocrx_word' id='word_1_780' title='bbox 2198 5691 2308 5734; x_wconf 83' lang='lat' dir='ltr'><strong>nar</strong></span> <span class='ocrx_word' id='word_1_781' title='bbox 2393 5692 2428 5734; x_wconf 94' lang='lat' dir='ltr'>o</span> <span class='ocrx_word' id='word_1_782' title='bbox 2453 5692 2509 5734; x_wconf 87' lang='lat' dir='ltr'><strong>a.</strong></span> 
     </span>
    </p>
   </div>
   <div class='ocr_carea' id='block_1_111' title="bbox 2198 5691 2509 5748">
    <p class='ocr_par' dir='ltr' id='par_1_111' title="bbox 2198 5691 2509 5748">
     <span class='ocr_line' id='line_1_113' title="bbox 2198 5691 2509 5748; baseline 0.003 -15"><span class='ocrx_word' id='word_1_783' title='bbox 2198 5691 2509 5748; x_wconf 67' lang='lat' dir='ltr'><strong>paranora.</strong></span> 
     </span>
    </p>
   </div>
  </div>
