4186 6318
382 318 493 374 573

1354 322 1709 377 COMMENT.
1755 322 1823 376 IN
1864 317 2313 376 ΜΑΤΤΗᾸΞΗΜ.
2357 351 2424 362 -
2464 324 2617 378 CAP.
2652 326 2817 381 XXII.

3657 326 3765 395 574

380 450 701 519 περιῄρηται
756 449 1036 517 πρόφασις.
1092 446 1150 497 Ὁ
1216 449 1318 521 γὰρ
1400 447 1766 513 καλλωπισμὸς
1834 446 1976 516 ἐγγὺς

2100 446 2148 500 si
2172 447 2352 502 modo
2376 448 2540 503 illum
2569 465 2703 505 vere
2727 451 3157 521 quaesierimus.
3180 452 3344 505 Juste
3367 450 3568 520 itaque
3589 447 3755 503 illum

379 538 472 584 καὶ
542 533 865 605 εὖπόριστος,
951 534 993 585 εἱ
1066 538 1217 605 μόνον
1290 534 1494 597 ἀληθῶς
1568 537 1723 587 αὐτὸν
1784 536 1988 595 ζητὴσο

384 623 635 693 μεν
692 622 853 673 ’Ὼστε
894 620 1113 685 δικαίως
1168 623 1397 676 ἐκϐάλλει
1439 628 1523 677 τόν
1574 624 1987 693 ἀκαλλώπιστον,

388 714 451 770 ὡς
497 710 736 784 ρᾁμμον
787 716 876 763 καὶ
924 719 1331 787 καταφρονητήν.
1374 716 1616 789 Καθάπερ
1670 718 1769 789 γὰρ
1828 716 1875 765 οἱ
1915 718 1985 785 μὴ

385 799 606 861 ἐλθόντες
638 798 882 874 ὕϐρισαν,
916 802 1051 853 οὕτω
1103 807 1193 854 καὶ
1237 804 1285 855 οὶ
1324 802 1641 864 εἰσελθόντες
1694 802 1990 877 ἐῤῥυπωμέ-

386 907 480 942 νοι.

453 979 495 1048 -ι-
536 980 577 1048 -ι-
615 978 849 1052 Ῥυπαρὰ
878 980 991 1051 (70)
1031 984 1131 1055 γὰρ
1164 984 1347 1055 ἱμάτια
1382 992 1525 1058 φορεῖ
1553 985 1578 1035 ὁ
1600 986 1670 1054 μὴ
1700 978 1987 1053 ἐνδυσάμε-

379 1086 465 1128 νος
524 1067 807 1140 σπλάγχνα
852 1070 1177 1143 οἰκτειρμᾶη,
1233 1075 1597 1145 χρηστότητα,
1652 1067 1987 1144 φιλαδελφίαν

383 1162 475 1210 καὶ
512 1161 578 1209 τὰ
604 1160 779 1230 ὅμοια.
1450 1230 1457 1235 ι

452 1245 464 1262 ⁸
494 1253 537 1297 Ο
568 1243 628 1299 δὲ
680 1246 932 1320 ἐφιμώθη.
987 1248 1069 1310 Ὡς
1115 1247 1281 1321 μηδὲν
1336 1254 1472 1322 ἔχων
1526 1250 1980 1322 ἀπολογήσασθαι.

384 1340 624 1387 Δείκνυσι
654 1333 713 1389 δὲ
751 1338 776 1389 ό
806 1337 969 1409 λόγος,
1003 1340 1103 1406 ὅτι,
1150 1344 1322 1391 καίτοι
1365 1337 1631 1412 προδήλου
1676 1348 1765 1399 τῆς
1812 1341 1982 1412 ἅμαρ-

384 1429 494 1485 τίας
525 1429 707 1490 οὔσης,
759 1426 897 1498 ὅμως
928 1427 984 1479 οὐ
1021 1435 1268 1503 πρότερον
1299 1430 1324 1480 6
1370 1432 1494 1489 Θεὸς
1532 1428 1760 1493 κολάσει,
1796 1433 1984 1501 μέχρις

381 1514 441 1564 οἷν
487 1514 642 1575 αὐτὸς
683 1516 708 1565 6
758 1518 1073 1589 ἡμαρτηκὼς
1120 1517 1297 1570 ἑαυτὸν
1344 1515 1681 1589 καταδικάση
1724 1518 1837 1589 (71)
1868 1556 1880 1568 .
1918 1520 1981 1568 Γό

380 1605 477 1675 γὰρ
504 1608 725 1675 σιωπᾷν,
758 1609 849 1656 καὶ
880 1610 951 1677 μὴ
993 1602 1255 1659 δύνασθαί
1283 1628 1388 1667 πως
1418 1605 1784 1680 ἁμοκριθῆναι,
1824 1625 1983 1658 κατα-

384 1687 543 1753 δίκης
582 1691 716 1747 ἐστί.

453 1784 580 1833 Τότε
603 1812 672 1821 -
704 1777 985 1845 διακόνοις.
1037 1790 1154 1844 Τοῖς
1207 1784 1464 1857 ἀγγελολις,
1500 1794 1610 1846 τοῖς
1640 1786 1706 1846 εἰς
1727 1788 1784 1837 τὸ
1824 1784 1982 1836 κολά-

385 1869 491 1929 ζειν
525 1871 893 1943 ὑπηρετοῦσιν.
924 1871 1012 1935 Ὠς
1039 1879 1349 1946 γεγενημένα
1379 1872 1413 1927 δ
1417 1879 1437 1928 ὲ
1466 1875 1600 1947 λέγει
1630 1877 1693 1927 τὰ
1713 1873 1977 1944 μελλοντα,

380 1963 522 2031 νόμῳ
561 1965 870 2034 προφητείας
882 2004 893 2016 .

453 2054 704 2111 Δὴσοντες
733 2080 801 2089 —-
848 2049 1109 2124 ἐξώτερον.
1142 2052 1314 2121 [Δέσιν
1349 2052 1483 2125 λέγει
1528 2059 1620 2113 τὴν
1651 2056 1851 2130 ἐποχὴν
1890 2069 1980 2122 τῆς

382 2138 632 2212 ἐνεργείας
659 2146 754 2201 τῆς
784 2158 836 2192 τε
866 2136 959 2192 διὰ
1000 2137 1177 2193 ποδῶν
1211 2146 1297 2195 καὶ
1337 2150 1432 2205 τῆς
1459 2140 1552 2196 διὰ
1580 2155 1771 2220 χειρῶν
1802 2149 1978 2202 τελου-

380 2231 557 2299 μένης.
607 2230 731 2281 Τότε
759 2230 859 2303 γὰρ
915 2238 1253 2305 καταργεῖται
1313 2238 1462 2285 πᾶσα
1507 2240 1608 2285 τῶν
1662 2236 1976 2310 ἀπαρτωλὼν

378 2315 622 2391 ἐνέργεια,
664 2322 751 2370 καὶ
791 2318 962 2370 οὐκέτι
992 2319 1167 2371 λοιπόν
1191 2317 1413 2393 οὐδεμία
1450 2323 1638 2397 πρᾶξις
1672 2326 1740 2386 εἰς
1769 2326 1978 2389 ἐξιλασ-

376 2409 498 2477 μόν,
538 2405 815 2480 Ἐργασίας
848 2410 970 2483 γὰρ,
1004 2414 1180 2481 φησὶν,
1215 2412 1240 2461 6
1270 2416 1447 2483 παρὼν
1472 2418 1648 2486 καιρός
1674 2434 1685 2446 ·
1721 2417 1746 2467 6
1780 2413 1838 2469 δὲ
1858 2418 1973 2489 μελ-

375 2495 495 2558 λων,
530 2492 949 2559 ἁνταποδόσεως·
980 2504 1300 2570 Δεσμοῦνται
1338 2497 1397 2552 δὲ
1426 2499 1585 2565 πόδες
1621 2507 1730 2575 μεν,
1766 2507 1813 2557 οὶ
1846 2510 1975 2579 πρὸς

381 2584 635 2658 ἁμαρτίαν
688 2582 1011 2658 βαδίσαντες
1050 2604 1063 2617 '
1096 2596 1271 2662 χεῖρες
1308 2586 1366 2642 δὲ
1411 2590 1583 2658 πάλιν,
1618 2594 1672 2645 αἰ
1700 2614 1976 2668 παρανομα

382 2670 417 2726 δ
422 2674 815 2747 ιαπραξάμεναι.

2100 535 2255 605 ejicit
2292 538 2394 607 qui
2434 542 2677 593 ornatus
2718 555 2839 593 non
2881 545 3022 607 erat,
3065 545 3354 612 tanquam
3398 553 3643 607 segnem
3684 553 3755 592 ac

2100 624 2515 694 negligentem.
2568 628 2876 698 Siquidem
2924 629 3069 686 sicut
3119 630 3335 701 injuste
3390 644 3530 698 erga
3585 627 3755 683 illum

2099 719 2345 781 egerunt
2369 716 2469 787 qui
2495 732 2617 771 non
2639 724 2943 788 venerunt,
2967 719 3050 775 ita
3072 723 3128 775 et
3153 718 3256 791 qui
3284 717 3509 774 sordidi
3532 716 3755 787 ingres-

2101 802 2148 855 si
2179 807 2335 857 sunt.

2167 997 2209 1065 -ξο
2236 994 2484 1053 Sordida
2514 1010 2778 1068 namque
2800 997 2946 1066 gerit
2972 997 3340 1065 vestimenta,
3374 1000 3477 1071 qui
3503 1000 3750 1057 indutus

2095 1100 2218 1140 non
2240 1088 2329 1140 est
2355 1085 2585 1140 viscera
2606 1084 3043 1152 misericordiae,
3075 1086 3522 1159 benignitatem,
3547 1088 3749 1144 frater-

2094 1188 2243 1229 num
2281 1189 2550 1229 amorem
2580 1178 2635 1230 et
2660 1173 2895 1230 similia.

2165 1264 2322 1317 Vers.
2358 1266 2438 1317 l2.
2472 1265 2553 1318 At
2590 1264 2690 1319 ille
2728 1263 3039 1322 obmutuit.
3085 1266 3293 1335 Utpote
3332 1264 3476 1320 nihil
3517 1264 3748 1321 habens

2092 1351 2254 1421 quod
2290 1351 2699 1423 responderet,
2746 1352 2893 1407 dum
2941 1353 2992 1407 is
3034 1353 3139 1425 qui
3185 1353 3444 1423 peccavit
3485 1352 3749 1425 seipsum

2092 1439 2471 1496 condemnat.
2518 1442 2730 1495 Tacere
2770 1442 2950 1509 enim,
2983 1457 3091 1497 nec
3122 1458 3297 1513 posse
3327 1442 3531 1514 aliquo
3564 1442 3750 1499 modo

2092 1530 2471 1600 respondere,
2505 1530 3019 1587 condemnationis
3046 1536 3133 1587 est
3159 1532 3467 1599 indicium,

2164 1780 2323 1834 Vers.
2368 1780 2454 1834 13.
2511 1780 2671 1837 Tunc
2728 1812 2796 1820 —
2854 1781 3161 1837 ministris.
3225 1782 3462 1853 Angelis
3514 1782 3619 1855 qui
3668 1782 3747 1838 ad

2090 1868 2465 1938 puniendum
2498 1868 2972 1924 subministrant.
3014 1873 3323 1941 Tanquam
3357 1870 3511 1926 facta
3542 1875 3745 1926 autem

2090 1956 2229 2012 dicit
2255 1974 2324 2013 ea
2353 1974 2486 2029 quae
2513 1957 2712 2013 futura
2742 1962 2880 2012 sunt
2916 1957 2979 2013 in
3010 1958 3260 2013 modum
3290 1959 3634 2030 prophetiae.

2160 2046 2331 2103 Vers.
2393 2052 2481 2103 t3.
2528 2048 2749 2118 Lt'gatz's
2789 2077 2855 2087 —
2895 2053 3209 2103 extremas.
3252 2047 3534 2103 Catenam
3572 2052 3747 2104 vocat

2087 2134 2489 2191 detentionem
2548 2136 2668 2191 sive
2721 2136 3123 2191 cessationem
3184 2136 3554 2208 operationis
3609 2152 3745 2209 qum

2086 2225 2369 2281 manibus
2392 2240 2460 2281 ac
2488 2225 2743 2298 pedibus
2767 2226 3089 2298 perﬁcitur.
3123 2229 3285 2283 Tunc
3307 2227 3465 2282 enim
3490 2227 3745 2284 cessabit

2085 2314 2283 2370 omnis
2324 2320 2708 2386 peccatorum
2748 2316 3033 2386 operatio,
3077 2331 3187 2371 nec
3216 2315 3475 2387 amplius
3504 2317 3599 2371 vel
3622 2332 3744 2372 una

2084 2404 2238 2459 actio
2270 2402 2349 2459 ad
2374 2403 2637 2473 judicem
2668 2403 3032 2475 placandum
3072 2404 3333 2459 dabitur.
3366 2404 3740 2475 Operationis

2084 2492 2381 2565 siquidem
2412 2508 2677 2564 praesens
2703 2499 2939 2563 tempus
2964 2496 3074 2560 est,
3106 2492 3375 2548 futurum
3409 2509 3545 2548 vero
3573 2492 3741 2549 retri-

2081 2582 2369 2638 butionis.
2428 2581 2712 2653 Ligantur
2780 2587 2981 2639 autem
3030 2598 3269 2651 manus,
3333 2598 3469 2654 quae
3537 2583 3743 2655 iniqua

2082 2671 2539 2743 perpetrabant];
2572 2672 2757 2743 pedes
2800 2687 2960 2738 vcro,
2992 2672 3099 2744 qui
3138 2673 3215 2729 ad
3258 2676 3572 2745 peccatum
3611 2687 3743 2742 gra-

1980 2828 1989 2835 ο
2081 2760 2417 2817 diebantur.

450 2869 589 2923 Ἐκεῖ
644 2900 714 2911 -
766 2868 1009 2924 ὀδόντων.
1092 2872 1204 2926 Ἰνα
1288 2879 1359 2947 μὴ
1450 2882 1637 2951 νομίσῃ
1731 2899 1806 2941 τις
1893 2884 1973 2935 ὅτι

381 2964 569 3021 σκότος
622 2958 791 3022 ἁπλῶς
835 2961 975 3014 ἐστιν
1023 2964 1051 3020 ἠ
1108 2967 1323 3023 τοιαύτη
1373 2966 1606 3035 κόλασις,
1640 2972 1826 3037 εῖτουν,
1859 2976 1973 3024 στέ-

377 3052 539 3120 ρησις
617 3052 776 3120 φωτός
848 3055 1020 3123 μόνον,
1089 3056 1427 3127 προσέθηκεν,
1502 3058 1582 3109 ὅτι
1654 3057 1760 3111 ἐκεῖ
1827 3063 1975 3113 ἔσται

374 3136 639 3209 κλαυθμός
667 3142 755 3190 καὶ
798 3140 822 3189 ό
875 3138 1111 3215 βρυγμὸς
1136 3151 1237 3194 τῶν
1276 3140 1522 3215 ὀδόντων,
1564 3149 1656 3209 τὰς
1709 3148 1756 3200 ἐν
1800 3148 1971 3221 ἐκείνῳ

373 3227 567 3300 πικράς
601 3246 655 3279 τε
698 3232 787 3280 καὶ
818 3226 1057 3300 ἀλγεινὰς
1094 3228 1285 3294 ὀδύνας
1334 3235 1648 3307 ὑποφαίνων·
1707 3237 1975 3291 Ἀκούσω-

373 3331 462 3384 μεν
499 3317 587 3366 καὶ
642 3316 918 3388 φρίξωμεν,
977 3320 1093 3370 ὅσοι
1143 3323 1275 3392 μετὰ
1322 3324 1380 3374 τό
1438 3321 1837 3380 ἀπολούσασθαι
1880 3325 1974 3381 διὰ

373 3408 467 3452 τοῦ
524 3403 663 3455 θείου
701 3403 1095 3479 βαπτίσματος,
1144 3407 1191 3461 ἐν
1260 3408 1615 3485 διεφθαρμένῳ
1666 3413 1768 3487 βίῳ
1814 3436 1973 3470 κατα-

375 3491 636 3564 ρυποῦμεν
679 3493 790 3566 (72)
830 3499 925 3553 τὴν
978 3496 1183 3568 ψυχὴν,
1219 3500 1297 3551 ὅτι
1349 3500 1406 3552 οὐ
1437 3506 1588 3573 μόνον
1646 3502 1972 3563 ἐκϐληθησό-

375 3581 510 3651 μεθα
562 3589 653 3634 τοῦ
692 3592 974 3656 νυμφῶνος,
1019 3584 1145 3638 ἀλλὰ
1196 3592 1285 3640 καὶ
1340 3590 1411 3651 εἰς
1453 3596 1547 3649 τὴν
1594 3593 1972 3664 χαλεπωτάτην

376 3667 587 3722 κόλασιν
664 3670 1200 3748 ἀποπεμφθησόμεθα.
1284 3685 1571 3753 Τοιγαροῦν
1644 3682 1973 3755 ἐπιμελητέον

379 3764 473 3819 τῆς
522 3758 659 3822 ἐντὸς
697 3762 903 3830 στολῆς,
950 3771 1040 3817 καὶ
1095 3771 1165 3837 μὴ
1208 3775 1302 3829 τῆς
1359 3767 1523 3830 ἐκτός.
1569 3776 1702 3833 Ἕως
1757 3776 1854 3848 γὰρ
1914 3776 1973 3825 ᾱίν

377 3854 475 3908 τῆς
527 3848 620 3910 ἐξω
694 3853 1059 3927 φροντίζωμεν,
1142 3862 1232 3917 τῆς
1300 3853 1444 3909 ἔνδον
1516 3859 1573 3910 οὐ
1639 3857 1976 3935 δυνησόμεθα

381 3937 685 4008 φροντίζειν.
729 3946 956 4000 Ζητήσει
1024 3941 1072 3996 δ’
1124 3946 1185 3995 οἶν
1247 3965 1344 4017 τις,
1407 3954 1511 4008 πῶς
1566 3956 1624 4000 οῦ
1678 3958 1747 4020 τῷ
1808 3958 1973 4027 Πατρὶ

379 4024 594 4095 μᾶλλον,
631 4025 757 4080 ἀλλὰ
808 4039 876 4101 τῷ
926 4035 1030 4103 Υὶῷ
1082 4034 1109 4092 ἡ
1146 4032 1433 4093 Ἐκκλησία
1479 4040 1791 4093 συνάπτεται
1824 4061 1837 4109 ;
1872 4024 1975 4097 Καὶ

378 4111 592 4167 ἀκούσει
653 4118 869 4188 πάντως,
933 4122 1012 4173 ὅτι
1064 4123 1089 4175 6
1151 4126 1268 4186 Υἱὸς
1308 4123 1709 4199 ἐνανθρωπήσας
1766 4150 1972 4185 συνανε-

379 4205 583 4279 στράφη
638 4206 791 4279 αὐτῇ,
848 4213 937 4262 καὶ
981 4211 1057 4263 ὅτι
1112 4220 1183 4283 τῷ
1214 4216 1317 4285 Υὶῷ
1364 4221 1745 4290 συναπτομένη,
1785 4226 1873 4273 καὶ
1899 4230 1971 4290 τῷ

375 4298 544 4369 Πατρὶ
608 4298 941 4354 συνάπτεται.
1000 4305 1152 4373 Λέγει
1197 4305 1297 4376 γὰρ
1340 4306 1366 4357 6
1404 4307 1523 4367 Υἱός
1572 4324 1585 4337 ·
1645 4307 1776 4381 Ἐγὼ

375 4388 555 4458 Πατὴρ
586 4385 635 4438 ἓν
665 4384 837 4460 ἐσμεν,
869 4393 979 4453 καὶ,
1024 4389 1083 4442 εΟ
1112 4391 1352 4465 ἑωρακὼς
1399 4392 1501 4467 ἐμὲ,
1530 4394 1721 4472 ἑώρακε
1745 4402 1831 4451 τὸν
1866 4408 1972 4453 Πα-

371 4477 512 4547 τέρα,

440 4564 625 4618 Πολλοὶ
651 4596 720 4607 -
764 4565 1006 4620 ἐκλεκτοί.
1051 4575 1214 4623 Τοῦτο
1276 4571 1383 4625 εἷπε
1414 4579 1502 4627 καὶ
1534 4574 1581 4626 ἐν
1626 4585 1698 4647 τῷ
1727 4578 1857 4631 τελει
1880 4588 1973 4641 τῆς

368 4654 664 4727 παροϐολῆς
692 4663 793 4707 τῶν
822 4658 1172 4729 μισθουμένων
1203 4659 1456 4735 ἐργατῶν,

764 4751 911 4800 ΚΕΦ.
951 4745 1069 4803 ΝΒ’.
1090 4753 1214 4821 Περὶ
1242 4758 1331 4802 τοῦ
1362 4756 1579 4820 κήνσου,

444 4850 569 4902 Τότε
600 4878 667 4889 -
699 4849 853 4921 λόγῳ·
903 4857 973 4903 Ὢ.
1022 4862 1113 4915 τῆς
1162 4855 1381 4928 βαθείας
1426 4864 1716 4933 πωρώσεως
1760 4861 1971 4917 ῙΟύδεν

375 4943 477 5023 τῶν
506 4935 783 5011 εἰρημένων
830 4939 1003 5011 ἧψατο
1031 4951 1125 5005 τῆς
1172 4945 1363 5019 ψυχῆς
1425 4944 1592 5000 αὐτῶν
1647 4992 1659 5005 .
1701 4953 1973 5023 μεθύοντες

379 5021 439 5077 δε
477 5033 549 5097 τῷ
608 5028 799 5099 φθόνῳ,
852 5034 1125 5104 τρέπονται
1174 5039 1305 5109 πρὸς
1358 5035 1653 5106 ἐπιϐουλὴν,
1713 5046 1801 5094 καὶ
1859 5042 1968 5096 ἐπεὶ

445 5180 492 5215 ³⁷
521 5178 692 5237 Joan.
723 5197 784 5249 κ,
826 5186 912 5241 30.
992 5186 1040 5222 ⁸⁸
1086 5186 1257 5243 Joan.
1290 5204 1403 5256 x1v,
1436 5194 1488 5246 9.

2152 2849 2314 2905 Vers.
2335 2850 2612 2906 43.1bi—
2631 2850 2917 2907 dentium.
2942 2853 3021 2906 Ne
3039 2853 3203 2922 putet
3230 2850 3555 2921 quisquam
3580 2851 3741 2922 quod

2083 2939 2228 2995 solae
2269 2940 2520 2996 tenebrae
2552 2940 2645 2995 sin
2672 2940 3021 3010 hujusmodi
3052 2939 3307 3011 punitio,
3326 2939 3441 2994 hoc
3480 2943 3568 2994 est
3613 2939 3744 2997 sola

2007 3016 2047 3073 C
2082 3027 2231 3085 lucis
2275 3030 2550 3101 privatio,
2603 3029 2871 3086 addidit:
2903 3029 2996 3085 Ibi
3040 3022 3151 3085 erit
3196 3031 3372 3099 ﬂetus
3423 3034 3480 3084 et
3525 3028 3743 3085 stridor

2082 3118 2359 3183 dentium,
2378 3118 2627 3175 acerbos
2644 3119 3066 3175 demonstrans
3092 3135 3161 3175 ac
3181 3118 3486 3174 doloribus
3500 3119 3736 3190 plenos,

2083 3207 2187 3279 qui
2220 3212 2392 3263 erunt
2422 3208 2523 3273 ibi,
2565 3208 2879 3264 cruciatus.
2922 3206 3254 3263 Audiamus
3293 3212 3348 3263 et
3385 3207 3738 3263 horreamus

2081 3300 2378 3368 quotquot
2447 3301 2582 3368 post
2658 3297 2844 3352 divini
2900 3297 3280 3369 baptismatis
3346 3296 3737 3363 ablutionem,

2083 3385 2349 3441 animam
2387 3385 2620 3457 perdita
2664 3386 2785 3443 vita
2821 3386 3285 3452 sordidavimus,
3322 3402 3388 3441 eo
3419 3386 3587 3458 quod
3618 3402 3741 3443 non

2083 3478 2313 3529 tantum
2336 3491 2371 3530 a
2398 3475 2619 3546 nuptiis
2648 3474 2922 3545 ejiciendi
2947 3490 3177 3541 sumus,
3217 3492 3419 3531 verum
3455 3477 3635 3532 etiam
3678 3476 3741 3533 in

2083 3563 2487 3619 miserrimum
2527 3563 2887 3636 supplicium
2919 3563 3292 3619 detrudendi.
3342 3563 3627 3620 Habenda
3653 3567 3743 3621 est

2083 3652 2283 3724 itaque
2311 3668 2453 3709 cura
2482 3652 2555 3708 de
2588 3654 2735 3708 stola
2764 3652 3040 3717 interiori,
3082 3657 3137 3708 et
3168 3669 3288 3709 non
3317 3653 3391 3709 de
3414 3653 3687 3710 exteriori
3724 3675 3738 3710 :

2083 3741 2355 3814 quandiu
2384 3744 2543 3797 enim
2573 3743 2647 3797 de
2680 3747 2923 3798 externa
2946 3744 3369 3808 curaverimus,
3402 3743 3476 3799 de
3506 3744 3739 3799 interna

2084 3846 2290 3886 curam
2307 3830 2528 3886 habere
2552 3846 2671 3886 non
2692 3831 3040 3903 poterimus.
3059 3834 3289 3896 Quaeret
3308 3837 3507 3887 autem
3531 3832 3740 3887 fortas-

2084 3920 2165 3974 sis
2187 3919 2420 3991 aliquis,
2451 3920 2757 3992 quomodo
2789 3935 2909 3976 non
2938 3919 3087 3976 Patri
3114 3922 3308 3992 potius
3336 3921 3740 3991 conjungatur

2084 4009 2403 4064 Ecc-lesiam
2419 4025 2603 4081 quam
2618 4008 2761 4064 Filio
2779 4010 2807 4065 ?
2829 4014 2883 4064 et
2900 4010 3101 4065 audiet
3118 4011 3364 4066 omnino
3381 4010 3545 4082 quod
3560 4008 3739 4064 Filius

2082 4098 2184 4170 qui
2224 4113 2465 4153 carnem
2516 4098 2862 4170 assumpsit,
2905 4114 3043 4154 cum
3092 4114 3163 4154 ea
3209 4103 3589 4154 conversatus
3628 4101 3737 4168 est,

2083 4192 2137 4243 et
2168 4188 2330 4260 quod
2362 4186 2496 4243 Filio
2531 4188 2869 4259 conjuncta,
2913 4188 3093 4243 etiam
3127 4188 3279 4243 Patri
3332 4188 3734 4259 conjungitur.

1820 4316 1909 4364 καὶ
2004 4296 2047 4351 ι)
2083 4277 2228 4333 Dicit
2261 4278 2415 4333 enim
2454 4277 2631 4332 Filius
2658 4278 2784 4347 Ego
2814 4281 2867 4334 et
2897 4278 3082 4333 Pater
3101 4294 3285 4334 unum
3306 4293 3510 4334 sumus
3540 4279 3609 4331 97.
3639 4280 3736 4335 Et:

2085 4366 2198 4433 Qui
2226 4366 2371 4423 vidit
2401 4381 2507 4431 me,
2542 4366 2685 4421 vidit
2714 4373 2767 4423 et
2797 4368 3029 4422 Patrem
3060 4369 3128 4419 98.

2156 4563 2323 4616 Vers.
2366 4562 2450 4617 14.
2484 4562 2736 4617 Multi—
2776 4563 2962 4618 electi.
3004 4565 3121 4617 Hoc
3149 4562 3329 4617 etiam
3361 4563 3507 4618 dixit
3529 4563 3589 4618 in
3620 4562 3737 4619 ﬁne

2082 4650 2381 4724 parabolas
2407 4652 2480 4707 de
2510 4651 2775 4723 operaris
2805 4650 3077 4707 mercede
3112 4651 3443 4705 conductis.

2188 4777 2341 4831 CAP.
2376 4776 2485 4831 LlI.
2518 4776 2602 4830 De
2629 4774 3025 4846 quaerentibus
3066 4775 3365 4830 occasione
3398 4790 3626 4831 census.

2140 4868 2303 4921 Vers.
2324 4866 2406 4919 15.
2432 4866 2938 4920 Tunc—sermone.
2956 4864 3000 4920 Ο
3015 4862 3379 4935 profundam
3392 4863 3732 4919 caecitatem!

2081 4954 2232 5011 Nihil
2243 4969 2451 5010 eorum
2471 4968 2605 5027 quae
2623 4954 2784 5009 dicta
2800 4956 2941 5008 sunt
2968 4951 3156 5022 tetigit
3176 4951 3448 5009 animum
3461 4952 3701 5010 illorum
3718 4969 3733 5021 ;

2084 5043 2427 5099 sedinvidia
2450 5043 2618 5109 ebrii,
2652 5043 2727 5098 ad
2758 5039 3005 5099 insidias
3036 5046 3463 5099 convertuntur
3487 5046 3546 5101 et
3585 5044 3736 5117 quia

1598 5342 1816 5414 Varia:
1844 5345 2172 5417 lectiones
2200 5355 2266 5415 et
2291 5352 2492 5413 notas.

455 5503 547 5580 99)
566 5502 759 5580 forte
782 5504 915 5566 ζητὴ
928 5525 1118 5580 σωμεν.

453 5575 546 5655 7_0)
566 5575 699 5655 Hoc
721 5576 782 5655 in
801 5575 1015 5655 neutro
1035 5594 1314 5655 meorum
1333 5583 1644 5655 reperitur.
1675 5587 1757 5642 Ex
1778 5586 1960 5645 Theo-

358 5645 645 5717 phylacto
675 5652 782 5712 est,
817 5665 873 5720 p.
904 5649 1005 5706 130
1035 5652 1097 5705 Ε.

2166 5516 2255 5587 71)
2289 5510 2671 5587 Καταδικάσει,
2703 5517 2773 5571 Α.

2166 5517 2255 5587 71)
2289 5517 2671 5585 Καταδικάσει,
2703 5517 2773 5571 Α.

2142 5517 2258 5660 ί72)
2292 5585 2755 5661 Καταῤῥυποῦμεν,
2780 5591 2846 5645 Α.
