4186 6318
470 325 581 384 575
1783 317 2127 376 EUTHYMII

2165 316 2496 374 ZIGABENI
3728 319 3834 375 576

474 456 715 524 propter
730 449 960 504 turbam
983 445 1427 519 apprchendere
1446 461 1580 501 eum
1605 459 1721 500 non
1746 448 2039 517 poterant,
2062 448 2122 498 ut

2237 442 2505 496 συλλαϐεῖν
2544 444 2698 497 αὐτὸν
2728 454 2822 497 ουκ
2846 441 3108 503 ἠδύναντο
3147 439 3241 496 δια
3272 443 3360 495 τὸν
3394 443 3576 515 ὄχλον,
3616 446 3685 506 ὡς
3711 463 3834 517 προ-

474 541 695 595 nictum
726 544 818 594 est
839 537 1019 594 simul
1039 537 1385 606 deliberant,
1414 540 1476 593 ut
1497 551 1635 591 eum
1661 533 2123 604 interrogatione

470 628 880 701 illaquearent.

545 720 706 773 Vers.
742 718 827 773 16.
872 718 946 772 Ει
986 747 1055 757 -
1091 715 1470 772 Herodianis.
1513 713 1745 770 Dictum
1783 716 1872 768 est
1910 713 1980 768 de
2020 714 2124 768 He-

470 807 737 864 rodianis
780 806 1065 863 vicesimo
1099 805 1294 878 primo
1333 804 1527 877 capite
1559 803 1697 859 :hic
1743 806 1943 859 autem
1980 800 2124 856 dicit

473 895 924 968 Chrysostomus
977 909 1084 967 per
1144 893 1509 950 Herodianos
1589 891 1837 961 intelligi
1907 889 2120 946 milites

470 985 736 1055 Herodis,
765 984 869 1057 qui
892 987 1032 1040 tunc
1055 998 1127 1040 eo
1165 985 1555 1047 accesserant,
1597 987 1655 1037 et.
1691 980 1865 1037 simul
1903 996 1939 1036 a
1978 979 2123 1035 Pha-

470 1074 653 1130 risreis
673 1073 876 1129 emissi
902 1077 1040 1129 sunt
1063 1077 1346 1146 trnquam
1379 1076 1571 1140 testes,
1608 1070 1658 1126 si
1682 1070 1827 1142 quid
1853 1068 2123 1125 fortassis

470 1166 680 1220 contra
716 1162 1006 1220 Caesarem
1035 1162 1441 1234 responderet.
1482 1162 1616 1216 Erat
1652 1160 1810 1216 enim
1866 1158 2123 1214 Herodes

471 1252 703 1310 amicus
748 1251 1013 1308 Caesaris.
1058 1254 1244 1307 Lucas
1298 1267 1432 1307 vero
1489 1251 1563 1305 de
1620 1249 1853 1305 emissis
1912 1263 2119 1303 eorum

471 1341 781 1412 discipulis
814 1340 1183 1397 manifestius
1215 1341 1511 1412 scripsit”
1542 1338 1956 1405 ;insidiatores
1986 1336 2119 1391 illos

471 1429 805 1502 appellans,
855 1435 908 1484 et
954 1428 1119 1501 quod
1138 1428 1431 1499 justitiam
1468 1425 1848 1491 simulabant,
1880 1430 2122 1497 propter

469 1534 654 1591 quam
681 1518 952 1573 videlicet
978 1533 1116 1572 eum
1148 1515 1611 1586 interrogabant,
1647 1520 1703 1571 et
1741 1514 1907 1586 quod
1945 1513 2123 1568 mise-

468 1610 609 1662 runt
661 1610 726 1663 ut
776 1611 1079 1677 captarent
1130 1621 1469 1660 sermonem
1518 1604 1666 1675 ejus,
1716 1606 1775 1658 et
1823 1603 2122 1657 traderent

467 1710 609 1751 eum
642 1694 998 1768 principatni
1050 1698 1107 1750 et
1139 1693 1414 1766 potestati
1449 1691 1742 1765 praesidis.
1784 1690 2123 1763 Sperabant

466 1786 629 1842 enim
653 1784 819 1858 quod
855 1788 1064 1841 contra
1092 1782 1386 1840 Caesarem
1415 1797 1811 1855 responsurus
1835 1784 2009 1837 esset.

538 2030 703 2084 Vers.
767 2028 856 2087 16.
911 2028 1180 2085 Πίεεηιεε
1232 2060 1300 2070 -
1356 2030 1455 2085 sis.
1515 2029 1661 2085 Vide
1707 2029 2120 2102 impudentem

470 2116 876 2174 adulationem
909 2132 1032 2188 qua
1065 2116 1156 2172 usi
1199 2121 1356 2185 sunt,
1392 2116 1601 2173 inﬂare
1638 2134 1777 2174 eum
1816 2118 2123 2189 cupientes

469 2222 539 2262 ac
583 2205 869 2271 emollire,
917 2210 983 2263 ut
1028 2208 1277 2263 omnino
1332 2207 1740 2280 responderet.
1794 2208 2013 2262 Verum
2071 2206 2121 2262 si

470 2310 650 2352 verax
699 2299 807 2360 est,
869 2295 1180 2368 quomodo
1234 2295 1378 2351 alibi
1437 2295 1630 2352 dicitis
1679 2296 1846 2369 quod
1890 2295 2124 2352 seducit

470 2382 771 2439 mundum
799 2385 817 2419 ¹
849 2383 877 2440 ?

540 2492 708 2546 Vers.
756 2490 845 2545 16.
912 2491 1083 2546 Ει-
1121 2491 1350 2548 doceas.
1406 2492 1466 2546 Ei
1522 2491 1832 2565 quomodo
1880 2507 2123 2548 rursum

467 2578 678 2645 dicitis,
716 2578 883 2652 quod
920 2595 1043 2635 non
1088 2586 1179 2637 est
1214 2596 1250 2635 a
1295 2581 1415 2637 Deo
1440 2583 1462 2616 ²
1485 2581 1513 2637 ?
1542 2581 1720 2638 Viam
1767 2586 1966 2637 autem
2020 2581 2122 2637 Dei

467 2667 674 2723 dicunt
700 2666 991 2732 virtutem,
1036 2683 1143 2741 per
1178 2684 1366 2741 quam
1405 2670 1785 2741 progreditur
1819 2669 2119 2742 quispiam

467 2755 547 2812 ad
572 2756 783 2811 Deum.

542 2862 699 2917 Vers.
761 2865 845 2917 16.
899 2863 1362 2919 Et—hominis.
1405 2865 1473 2920 Et
1521 2864 1637 2921 hoc
1686 2864 1915 2932 dicunt,
1972 2865 2122 2921 inci-

467 2953 662 3007 tantes
712 2964 851 3006 eum
903 2966 979 3006 ne
1059 2952 1350 3008 Casarem
1416 2957 1717 3009 vereretur
1768 2970 1780 3008 :
1832 2959 1936 3010 aut
1987 2954 2120 3025 ejus

467 3039 679 3095 timore
717 3040 1011 3095 omitteret
1046 3038 1123 3095 ad
1156 3039 1519 3113 interrogata
1555 3042 1937 3113 respondere.
1970 3043 2123 3099 Vera

466 3131 622 3185 certe
664 3132 835 3184 erant
871 3144 1245 3201 quaecunque
1289 3129 1358 3185 de
1406 3146 1476 3187 eo
1502 3130 1793 3187 testificati
1834 3130 2115 3200 fuerant;
2153 3119 2193 3175 C

466 3232 536 3273 ea
576 3220 781 3273 tamen
828 3216 997 3274 inviti
1040 3217 1189 3274 fassi
1233 3218 1468 3275 fuerant
1514 3219 1592 3275 ad
1631 3220 1982 3277 insidiarum
2019 3236 2121 3294 ap-

463 3305 860 3379 perationem.

534 3412 700 3484 Vers,
732 3414 817 3468 17.
850 3413 959 3470 Dic
991 3443 1058 3454 —-
1090 3414 1323 3471 videtur
1352 3415 1382 3470 γ
1408 3416 1491 3471 De
1518 3414 1634 3472 hoc
1660 3416 1928 3473 videlicet
1956 3418 2122 3490 quod

465 3504 520 3560 te
543 3502 957 3572 interrogaturi
990 3519 1199 3559 sumus
1213 3548 1226 3561 .

535 3608 702 3663 Vers.
739 3608 827 3663 17.
870 3608 1033 3664 Licet
1082 3639 1152 3649 —
1203 3623 1284 3665 an
1328 3611 1497 3666 non?
1542 3615 1750 3672 Κήνσος
1774 3610 1981 3668 Latina
2036 3611 2123 3667 di-

464 3694 583 3752 ctio
602 3699 707 3761 est,
721 3694 881 3752 idem
898 3695 1246 3767 signiﬁcans
1261 3698 1425 3771 quod
1439 3699 1725 3757 tributum
1739 3704 1837 3756 aut
1849 3703 2118 3772 vectigat.

464 3784 621 3841 Licet
656 3788 878 3851 autem,
909 3786 1025 3843 hoc
1063 3792 1171 3853 est.
1213 3788 1341 3844 ﬁeri
1381 3793 1570 3861 potest
1606 3794 1709 3846 aut
1742 3789 1969 3861 justum
2011 3795 2116 3846 est.

466 3874 617 3932 Olim
644 3874 933 3949 siquidem
963 3876 1155 3934 Judaei
1179 3878 1327 3935 dum
1356 3878 1519 3949 leges
1542 3895 1685 3936 suas
1712 3879 2115 3946 observarent,

465 3966 630 4023 omni
643 3965 1264 4023 fruebanturlibertate
1283 3985 1297 4031 ;
1307 3968 1696 4039 postmodum
1711 3985 1850 4026 vero
1861 3986 2000 4025 cum
2015 3985 2119 4025 eas

461 4053 1083 4130 praetergrederentur,
1124 4055 1452 4111 servierunt
1504 4058 1802 4124 Romanis,
1857 4073 2116 4129 quorum

464 4142 744 4214 princeps
765 4145 891 4197 erat
903 4142 1114 4205 Caesar,
1133 4146 1191 4197 et
1208 4141 1319 4197 illis
1333 4142 1549 4198 tributa
1567 4144 1928 4215 pendebant.
1944 4148 2120 4200 Inter-

2234 529 2550 601 δεδήλωται,
2584 536 2964 586 συσκέπτονται
3015 534 3269 607 θηρεῦσαι
3304 538 3486 584 τοῦτον
3528 528 3564 585 ὃ
3571 533 3603 583 ι’
3642 530 3833 595 ἐρωτή-

2234 640 2386 684 σεως.

2305 715 2406 765 Καὶ
2472 742 2531 754 --
2589 709 2947 787 Ἠρωδιανών,
3012 713 3235 785 Εἴρηται
3285 712 3406 782 περὶ
3445 717 3546 763 τῶν
3575 706 3833 784 Ἡρωδιά-

2230 807 2327 852 νῶν
2358 799 2407 853 ἔν
2449 808 2523 873 τῷ
2578 800 2796 872 εἰκοστῷ
2852 806 3039 875 πρώτῳ
3067 799 3348 872 κεφαλαίῳ.
3403 805 3509 851 Νῦν
3554 794 3617 852 δέ
3666 818 3828 871 φησιν

2231 891 2257 943 ὁ
2324 895 2697 965 Χρυσόστομος
2768 891 2880 963 (73)
2950 886 3293 965 Η”ρωδιανούς
3377 891 3626 955 νοεῖσθαι,
3704 892 3826 951 τούς

2227 977 2467 1054 Ἡρώδου
2518 986 2854 1055 στρατιώτας,
2943 975 3331 1052 ἕπιδημοῦντας
3392 976 3494 1031 ἕκεῖ
3543 982 3675 1045 τότε,
3731 982 3821 1031 καὶ

2233 1069 2771 1133 σννεξαποσταλέντας
2842 1070 2942 1122 ὑπὸ
2990 1076 3090 1121 τῶν
3139 1071 3433 1141 Φαρισαίων
3486 1069 3553 1130 ὡς
3630 1068 3823 1140 μάρτυ-

2231 1179 2340 1233 ρας,
2400 1162 2444 1211 εἷ
2506 1162 2557 1211 τί
2612 1160 2746 1211 κατά
2821 1165 2914 1210 τοῦ
2983 1161 3249 1230 Καίσαρος
3287 1156 3617 1231 ἀποκριθείη.
3676 1155 3824 1216 ⁴ἱίλος

2229 1250 2330 1320 γὰρ
2383 1245 2444 1306 ἧν
2497 1250 2522 1300 ὁ
2573 1244 2814 1322 Ἡρώδης
2862 1255 2955 1299 τοῦ
3032 1252 3322 1320 Καίσαρος.
3377 1246 3437 1298 Ὁ
3502 1242 3563 1298 δί
3626 1250 3828 1305 Λουκᾶς

2231 1342 2574 1411 φαεερώτερον
2624 1341 2743 1411 περὶ
2810 1344 2910 1389 τῶν
2976 1335 3367 1390 ἀποσταλέντων
3427 1336 3674 1407 μαθητῶν
3739 1333 3828 1386 αύ-

2227 1432 2326 1476 τῶν
2389 1425 2628 1499 ἔγραψεν,
2706 1425 3009 1498 ἐγκαθέτους
3080 1424 3270 1486 αύτούς
3348 1423 3461 1494 (74)
3541 1422 3827 1495 ὀνομάσας,

2228 1516 2410 1585 ἤγουν,
2487 1510 2840 1590 ἐνεδρεύοντας
2901 1516 3037 1586 (75),
3116 1517 3192 1566 ἔτι
3266 1510 3325 1566 δε
3394 1517 3482 1565 καὶ
3555 1514 3826 1586 ὑποκρινο-

2220 1606 2409 1675 μένους
2454 1599 2816 1669 δικαιοσύνην,
2871 1604 2936 1665 ἧς
2999 1604 3158 1656 ἕνεκεν
3213 1599 3372 1660 δῆθεν
3445 1602 3670 1676 ἠρώτων,
3734 1604 3825 1652 καὶ

2230 1693 2310 1745 ὅτι
2364 1692 2753 1761 ἀπεστάλησαν,
2811 1694 2892 1745 ἱνα
2950 1690 3293 1745 ἐπιλάϐωνται
3340 1690 3499 1762 λόγου
3540 1688 3723 1744 αὐτοῦ.
3755 1688 3824 1742 eis

2156 1801 2200 1855 Β
2229 1784 2288 1834 τὸ
2322 1778 2653 1856 παραδοῦναι
2685 1782 2840 1835 αὑτὸν
2895 1789 2955 1855 τῇ
3014 1780 3157 1855 ἀρχῇ
3211 1786 3301 1833 καὶ
3353 1787 3417 1852 τῇ
3468 1778 3683 1851 ἐξουσίᾳ
3734 1784 3829 1830 τοῦ

2228 1873 2500 1943 ἡγεμόνος.
2537 1870 2787 1933 Ἤλπιξον
2814 1873 2935 1944 γὰρ,
2976 1871 3056 1923 ὅτι
3093 1872 3229 1923 κατὰ
3275 1877 3367 1922 τοῦ
3408 1872 3673 1943 Καίσαρος
3703 1866 3827 1921 ἀπο-

2228 1962 2554 2032 κριθήσεται.

2299 2052 2547 2120 Λίγοντες
2605 2078 2674 2091 —
2731 2046 2795 2102 εἶ·
2855 2049 2991 2124 Ὀρα
3037 2047 3309 2102 κολακείαν
3373 2046 3746 2119 ἀναίσχυντον,

2228 2140 2538 2212 κέχρηνται,
2569 2144 2847 2210 χαυνῶσατ
2876 2145 3056 2191 τοῦτον
3088 2136 3392 2211 βουλόμενοι
3411 2139 3535 2211 πρὸς
3554 2139 3611 2188 τὸ
3624 2135 3832 2197 πάντως

2231 2224 2595 2299 ἀποκριθῆναι.
2627 2231 2729 2279 Καὶ
2758 2226 2803 2279 εἰ
2843 2226 3035 2287 ἀληθής
3073 2228 3204 2292 ἐστι,
3242 2234 3347 2285 πῶς
3371 2224 3608 2296 ἀλλαχοῦ
3637 2224 3827 2295 λέγετε,

2231 2316 2311 2368 ὅτι
2338 2314 2505 2386 πλανᾷ
2531 2318 2620 2367 τὸν
2647 2318 2844 2388 κόσμον
2866 2314 2980 2387 (76)
3014 2331 3028 2382 ;

2305 2533 2404 2582 Καὶ
2434 2559 2501 2569 —-
2533 2524 2830 2591 διδάσκεις.
2866 2532 2967 2581 Καὶ
3019 2535 3124 2589 πῶς
3161 2527 3313 2580 πάλιν
3360 2526 3551 2599 λέγετε,
3612 2528 3691 2579 ὅτι
3737 2525 3828 2578 οὐκ

2230 2621 2369 2671 ἔστιν
2410 2616 2463 2670 ἑκ
2491 2626 2582 2671 τοῦ
2613 2623 2741 2671 Θεοῦ
2773 2613 2963 2686 ;Ὀδόν
2983 2614 3041 2670 δὲ
3071 2624 3162 2669 τοῦ
3190 2624 3324 2671 Θεοῦ
3348 2635 3477 2689 φασι
3502 2620 3596 2673 τὴν
3621 2614 3823 2688 ἀρετὴν,

2230 2703 2307 2761 δι’
2343 2708 2407 2770 ἧς
2445 2704 2613 2760 ὁδεύει
2636 2727 2716 2770 τις
2744 2709 2873 2779 πρὸς
2899 2706 3049 2760 Θέὀν.

2302 2892 2402 2939 Και
2426 2915 2496 2929 -
2526 2883 2817 2960 ἀνθρώπου,
2837 2887 2942 2940 Καὶ
2979 2891 3131 2937 τοῦτο
3160 2882 3419 2955 λέγουσιν,
3460 2881 3817 2943 ύποκνίζοντες

2227 2975 2383 3028 αὐτὸν
2416 2975 2487 3037 εἰς
2506 2978 2565 3029 τὸ
2595 2979 2667 3048 μὴ
2714 2971 3027 3034 αἴδεσθῆναι
3083 2977 3171 3026 τὸν
3214 2976 3477 3046 Καίσαρα,
3536 2967 3673 3045 μηδὶ
3728 2967 3821 3023 διὰ

2229 3063 2383 3138 φόϐὀν
2436 3064 2593 3117 αὐτοῦ
2625 3074 2846 3136 σιγῆσαι
2906 3067 3037 3137 πρὸς
3079 3066 3139 3116 τὸ
3180 3061 3585 3136 ἐπερωτώμενον·
3630 3060 3822 3120 Ἀληθῆ

2229 3157 2318 3227 μεν
2349 3153 2436 3206 ὀῦν
2469 3150 2602 3212 ἦσαν
2628 3155 2815 3220 πάντα,
2845 3155 2946 3206 ὅσα
2973 3153 3484 3227 προσεμαρτύρησαν
3498 3150 3657 3221 αύτῷ,
3692 3149 3825 3207 πλὴν

2230 3245 2431 3304 ἄκοντες
2461 3245 2808 3315 ὡμοκὰγησαν
2836 3250 3020 3313 ταῦτα,
3062 3245 3191 3317 πρὸς
3220 3243 3545 3299 κατασκευὴν
3584 3246 3677 3301 τῆς
3716 3236 3827 3291 ἔπι-

2232 3331 2388 3391 ϐουλῆ
2400 3352 2440 3393 ς.

2304 3440 2427 3493 Εἰπὲ
2475 3470 2543 3480 -
2583 3435 2729 3492 δοκεῖ
2777 3442 2951 3511 ;Περὶ
3001 3437 3062 3490 οὗ
3119 3433 3363 3495 δηλονότι
3415 3436 3663 3509 μέλλομεν
3701 3433 3826 3508 ἔρω-

2232 3536 2323 3601 τᾷν
2332 3571 2342 3581 .

2299 3617 2497 3681 Ἐξεσιι
2524 3648 2593 3657 -
2627 3620 2657 3676 ἦ
2700 3620 2761 3668 οὔ
2793 3632 2806 3681 ;
2842 3617 3048 3678 Κῆνσὸς
3090 3615 3349 3687 Ῥωμαῑκὴ
3403 3617 3494 3686 μέν
3524 3611 3636 3665 ἔστι
3664 3612 3821 3679 λέξις,

2229 3709 2562 3782 ἑρμηνεύεται
2591 3702 2652 3758 δι
2701 3710 2871 3780 φόρος,
2903 3709 3041 3772 ἤτοι,
3071 3703 3225 3765 τέλος.
3254 3706 3325 3756 Τὸ
3358 3698 3417 3755 δε
3447 3702 3659 3767 ἔξεστιν,
3706 3699 3823 3752 ἀντὶ

2226 3804 2316 3849 τοῦ
2349 3838 2361 3850 .
2398 3794 2617 3847 δυνατόν
2658 3794 2819 3860 ἔστιν,
2870 3794 3055 3864 εἷτουν,
3120 3790 3322 3846 δίκαιόν
3355 3790 3487 3847 ἔστι.
3521 3790 3688 3844 Πάλαι
3732 3792 3823 3862 μεν

2225 3888 2326 3958 γὰρ
2378 3881 2649 3954 Ἰουδαῖοι,
2695 3883 3033 3956 φυλάττοντες
3060 3886 3184 3945 τοὺς
3210 3887 3417 3955 νόμους,
3472 3882 3649 3941 πάσης
3688 3878 3818 3936 ἀπή-

2224 3972 2378 4026 λαυον
2408 3974 2692 4046 ἐλευθερίας
2738 3993 2751 4005 ·
2784 3972 3000 4047 ὕστερον
3049 3968 3108 4024 δε
3157 3970 3558 4044 παραϐαίνοντες
3616 3968 3823 4038 αύτούς,

2226 4059 2702 4120 καταδουλώθησαν
2729 4061 2743 4077 ⁸
2779 4065 3054 4134 Ρωμαίοις,
3114 4057 3182 4111 ὧν
3237 4057 3373 4135 ἦρχε
3437 4065 3664 4133 Καῖσαρ,
3734 4061 3825 4109 καὶ

2226 4156 2414 4225 φόρους
2444 4150 2621 4212 αὐτοῖς
2648 4149 2866 4205 ἐτέλουν.
2911 4150 3177 4226 Ἐρωτώσι
3204 4145 3262 4201 δὲ
3304 4149 3436 4199 πάνυ
3475 4147 3592 4219 (77)
3631 4157 3827 4204 κακοη-

462 4234 678 4298 rogant
697 4232 898 4285 autem
923 4229 1184 4299 maligne
1205 4244 1275 4285 ac
1291 4229 1523 4295 dolose,
1542 4236 1605 4287 ut
1625 4231 1673 4286 si
1693 4231 1866 4287 licere
1882 4232 2113 4299 dixerit,

2228 4241 2326 4302 θως
2352 4244 2436 4291 καὶ
2470 4236 2712 4314 δολερῶς,
2742 4241 2824 4291 ἶνα
2854 4237 2937 4291 ἒάν
2976 4242 3066 4311 μεν
3097 4241 3214 4310 εἴπῃ
3242 4239 3323 4290 ὅτι
3342 4236 3533 4299 ἔξεστι,
3563 4241 3826 4294 κινήσωσι

464 4322 885 4374 commoveant
897 4318 973 4373 ad
983 4333 1181 4374 versus
1194 4334 1332 4375 eum
1346 4318 1522 4375 etiam
1538 4320 1973 4394 turbas,utpote
1988 4338 2116 4378 sua-

464 4405 705 4461 dentem
734 4406 952 4461 servire
978 4406 1210 4478 Caasari,
1240 4413 1297 4464 et
1322 4407 1737 4480 subjicientem
1761 4410 1990 4467 homini
2012 4428 2111 4484 po-

462 4493 676 4569 pulum
706 4495 807 4550 Dei
835 4512 849 4562 ;
884 4495 932 4551 si
957 4511 1094 4552 vero
1123 4512 1245 4554 non
1264 4497 1439 4554 licere
1463 4499 1854 4571 responderit,
1878 4502 2117 4559 tradant

462 4601 603 4642 eum
628 4585 888 4658 praesidi,
920 4591 1212 4660 tanquam
1246 4586 1638 4645 defectionem
1665 4606 1698 4645 a
1732 4592 1962 4647 Caesare
1990 4592 2118 4649 bel-

460 4674 709 4749 lumque
730 4677 1139 4734 consulentem
1162 4678 1309 4751 (xx).
1334 4677 1484 4744 Quid
1509 4694 1651 4750 ergo
1677 4680 1725 4736 is
1746 4681 1849 4753 qui
1874 4680 2008 4738 fons
2029 4687 2118 4738 est

461 4764 722 4823 scientia:
746 4765 774 4822 ?

533 4969 581 5004 °°
621 4971 759 5026 Luc.
785 4986 879 5043 xx,
908 4975 998 5028 20.
1077 5006 1095 5041 ι
1128 4972 1297 5029 Joan.
1330 4987 1431 5038 vn,
1463 4974 1550 5029 t2.
1628 4976 1652 5009 ²
1676 4973 1848 5030 Joan.
1876 4990 1958 5041 1x,
1986 4975 2075 5030 16.

2225 4330 2339 4379 κατ’
2397 4327 2555 4380 αὐτοῦ
2595 4332 2711 4390 τοὺς
2785 4326 2998 4399 ὄχλους,
3061 4329 3130 4389 ὡς
3212 4324 3647 4397 συμϐουλεύοντος
3704 4320 3826 4376 δου-

2223 4417 2384 4468 λεύειν
2418 4422 2666 4489 Καίσαρι,
2706 4421 2795 4468 καὶ
2847 4416 3236 4475 ύποτάσσοντος
3290 4413 3543 4487 ἀνθρώπῳ
3577 4417 3664 4465 τὸν
3702 4412 3823 4464 λαόν

2224 4513 2316 4558 τοῦ
2340 4513 2493 4559 Θεοῦ·
2524 4505 2607 4557 ἰὰν
2648 4502 2706 4557 δὲ
2756 4506 2873 4577 εῖπη
2920 4506 2999 4557 ὅτι
3028 4504 3121 4557 οὐκ
3168 4503 3356 4567 ἔξεστι,
3410 4498 3819 4575 παραδώσουσιν

2226 4594 2379 4647 αὐτὸν
2430 4604 2503 4666 τῷ
2559 4597 2795 4667 ἡγεμόνι,
2858 4597 2922 4654 ὡς
2992 4592 3322 4645 ἀποστασίαν
3401 4589 3500 4643 ἀπὸ
3562 4593 3815 4660 Καίσαρος

2226 4688 2317 4737 καὶ
2346 4684 2564 4757 πόλεμον
2601 4682 3037 4755 συμϐουλεύοντα·
3086 4687 3150 4734 Τί
3201 4678 3288 4733 οὖν
3318 4682 3349 4739 ἠ
3392 4684 3532 4753 μηγη
3565 4685 3655 4739 τῆς
3682 4681 3813 4747 γνώ-

2231 4792 2357 4836 σεως
2382 4791 2397 4843 ;

1685 5178 1904 5248 Varia;
1933 5180 2260 5249 lectiones
2292 5192 2358 5249 et
2391 5193 2590 5251 notas.

674 5375 839 5454 τρως
871 5372 988 5438 γη»
1030 5372 1225 5454 ρκβδτ
1263 5372 1330 5426 Α-

671 5443 889 5510 Αύτούς,
921 5443 1137 5500 omittit
1156 5449 1223 5510 A,

556 5373 624 5427 73

556 5447 623 5501 74-

626 5373 839 5587 Ξτρω.
871 5373 988 5438 VII,
1030 5386 1107 5454 ρ..

671 5447 889 5510 Αυτούς,
921 5449 1117 5500 omlitl‘

677 5512 1022 5589 Ἐνεὸρευτάς
1050 5517 1117 5573 Α.

533 5519 621 5582 (75

533 5691 668 5767 (xx)
702 5692 1128 5752 Consulenlem.
1161 5691 1546 5750 Suadentem.

2223 5449 2266 5503 Τ
2454 5377 2661 5518 13ίὶεέἓέ
2684 5377 2778 5504 Ιέἰο
2810 5378 3270 5449 Chrysostomus
3301 5374 3499 5441 habet,
3527 5376 3615 5427 τὸν
3644 5372 3826 5447 ὄχλον.

2299 5484 2759 5595 (grauatam;
2972 5521 3038 5577 Α.

4169 5616 4176 5899 l
