4186 6318
280 374 391 435 577

1284 361 1654 421 COMMENT.
1694 358 1765 415 IN
1804 342 2256 413 ΜΑΤἹἭᾸΞΙΙΜ.
2285 382 2353 392 ——
2378 352 2533 408 CAP.
2562 350 2736 406 XXII.

3547 348 3656 403 578

360 507 516 563 Γνοὺς
566 529 633 540 -
710 496 867 548 εἶπεν.
916 494 975 547 Ὀ
1030 497 1118 566 μεν
1192 492 1401 563 Μάρκος
1455 493 1550 545 την
1607 487 1886 557 ὑπόκρισιν

2072 479 2236 534 Vers.
2268 478 2351 533 18,
2382 475 2632 546 Cognita
2658 504 2727 515 —
2759 474 2935 531 dixit.
2964 475 3188 531 Marcus
3215 472 3653 529 simulationem

285 613 445 666 φησιν
479 610 491 622 ·
522 591 546 640 ό
578 584 637 639 δὲ
672 590 897 649 Λουκᾶς,
920 588 1013 641 τὴν
1043 584 1380 653 πανουργίαν.

357 687 419 734 Τί
488 709 557 719 ——
610 677 934 748 ύποκριταί;
1010 671 1427 742 Ὺποκρινόμενοι
1507 669 1596 736 μέν
1677 662 1891 735 ἐρωτᾷν,

1008 778 1020 791 ’
1056 760 1363 834 ὀρύσσοντες
1415 751 1474 806 δε
1523 752 1751 825 βόθρους
1805 746 1898 800 διὰ

286 870 376 919 τῆς
432 855 757 931 ἐρωτήσεως,
861 852 943 902 ἶνα
1021 868 1084 921 με
1167 847 1640 918 κατακρημνίσητε.
1720 837 1898 899 Δείξας

287 946 394 1010 οὖν,
456 947 539 997 ὅτι
594 943 687 995 οὔκ
745 942 925 994 ἔλαθον
977 939 1152 1002 αὐτόν,
1228 938 1363 1008 ὅμως
1436 932 1769 1004 ἀποκρίνεται
1805 939 1900 987 καὶ

289 774 372 823 ἱνα
417 776 575 840 γνῶτε
632 767 690 816 τό
745 758 952 814 δίκαιον

861 852 943 902 ἶνα
1021 868 1084 921 με
1167 847 1640 918 κατακρημνίσητε.

286 1039 415 1110 πρὸς
454 1038 550 1092 τὴν
582 1032 858 1107 ἐρώτησιν.
892 1033 991 1082 Καὶ
1018 1032 1202 1079 σκόπει
1229 1034 1376 1094 πῶς,

361 1209 690 1273 Ἐπιδείξατε
769 1239 834 1249 -
887 1211 1112 1265 κήνσου,
1188 1206 1338 1275 Παρὰ
1416 1198 1475 1253 δε
1553 1209 1624 1271 τῷ
1700 1201 1894 1271 Μάρκῳ

292 1307 444 1376 φησὶ,
479 1304 656 1375 Φέρετέ
721 1317 812 1370 μοι
881 1293 1149 1367 δηνάριον,
1225 1293 1307 1343 ἳνα
1370 1287 1471 1343 ῖδω
1532 1308 1544 1318 ·
1598 1294 1688 1340 καὶ
1752 1290 1895 1361 παρὰ

292 1401 365 1463 τῷ
452 1395 636 1459 Λουκᾷ
735 1383 794 1439 δε
880 1386 1088 1457 ὁμοίως.
1194 1386 1446 1453 Νόμισμα
1518 1381 1618 1450 γὰρ
1699 1376 1893 1448 ἐλέγετο

291 1486 381 1533 καὶ
437 1482 496 1531 τὸ
555 1474 821 1549 δηνάριον.
904 1474 1161 1533 Ἐζὴτησε
1227 1468 1285 1523 δὲ
1346 1466 1473 1521 ἰδεῖν
1525 1472 1583 1519 τό
1640 1471 1893 1538 νόμισμα,

290 1573 377 1621 ῖνα
436 1570 745 1639 θαυμασίως
826 1562 915 1615 ἀπ’
996 1563 1156 1613 αὑτοῦ
1212 1564 1306 1617 τὴν
1384 1558 1661 1630 ἀπόκρισιν
1738 1554 1895 1628 ἐργά-

299 1678 477 1715 σηται.

371 1749 438 1797 Οἱ
495 1742 554 1796 δὲ
616 1774 684 1783 ——
764 1747 1041 1814 Καίσαρος.

300 1833 407 1887 ἀλλ’
464 1839 547 1886 ίνα
601 1836 693 1890 τὴν
775 1832 1051 1903 ἀπόκρισιν
1135 1828 1302 1879 αὐτῶν
1383 1825 1643 1897 ἀπόφασιν
1709 1823 1900 1875 οἰκείαν

1143 1739 1254 1791 Ούκ
1339 1736 1534 1808 ἀγνοῶν
1609 1736 1637 1793 η
1646 1738 1782 1807 ρώτη
1793 1752 1897 1796 σεν,

302 1928 426 1981 ποιή
438 1942 503 1995 σῃ
514 1965 526 1978 .

312 2058 315 2063 λ
372 2017 496 2065 Τότε
546 2041 614 2051 -—
670 2014 913 2081 Καίσαρι.
978 2008 1116 2061 Ἐπεὶ
1206 2008 1467 2079 Καίσαρός
1548 2003 1710 2066 ἐστιν,
1772 2000 1901 2053 ἀπό-

304 2098 424 2155 δοτε
474 2099 649 2152 λοιπόν
704 2102 930 2170 Καίσαρι
976 2098 1042 2148 τὰ
1093 2092 1230 2149 ῖδια.
1294 2096 1386 2146 Διά
1435 2095 1598 2165 ξτοῡτο
1652 2093 1751 2162 γὰρ
1809 2088 1902 2141 οὐκ

303 2186 431 2254 εἶπε,
465 2193 605 2252 Δότε,
654 2185 784 2252 ἀλλ’,
843 2182 1115 2255 Ἀπόδοτε,
1169 2186 1235 2244 ὡς
1285 2182 1475 2234 ἐκείνου
1508 2184 1648 2233 ὄντα.
1702 2179 1813 2232 Ἵνα
1843 2174 1902 2230 δε

301 2283 373 2351 μὴ
430 2280 661 2346 εἴπωσιν,
712 2277 790 2327 ὅτι
852 2276 1135 2349 Ἀνθρώπῳ
1193 2275 1331 2343 ἡμᾶς
1378 2271 1676 2328 ύποτάττεις
1706 2272 1795 2319 καὶ
1843 2266 1901 2319 ού

302 2374 437 2437 θεῷ,
470 2365 718 2436 ἐπήγαγε·

374 2460 475 2508 Καὶ
517 2456 678 2506 τὰ-
713 2460 846 2523 Θεῷ.
905 2451 1113 2514 Ἔξεστι
1170 2452 1269 2523 γὰρ
1315 2454 1404 2501 καὶ
1434 2448 1724 2522 ἀνθρώποις
1770 2446 1901 2498 ἀπο-

301 2549 465 2617 νέμειν
521 2546 588 2595 τὰ
646 2547 1001 2616 προσήκοντα,
1072 2545 1161 2591 καὶ
1246 2547 1359 2609 Θεῷ
1412 2541 1477 2590 τὰ
1528 2536 1825 2610 ὀφειλόμενα
1882 2552 1892 2562 ·

304 2642 414 2695 τοῖς
462 2636 570 2705 μὲν,
630 2635 747 2691 τούς
800 2635 1009 2705 φόρους,
1055 2634 1144 2680 καὶ
1200 2632 1243 2680 εἰ
1294 2648 1346 2680 τι
1383 2636 1614 2679 τοιοῦτον
1665 2642 1677 2654 ⁶
1721 2635 1791 2696 τῷ
1824 2622 1904 2692 δε,

308 2728 399 2780 τὴν
448 2720 707 2774 εὐσέϐειαν
772 2725 861 2772 καὶ
920 2719 1147 2791 φλυακὴν
1220 2726 1317 2769 τῶν
1394 2716 1625 2770 ἐντολῶν.
1689 2718 1908 2785 Λέγοιτο

309 2808 358 2865 δ’
417 2810 476 2862 ἂν
531 2817 737 2882 Καῖσαρ
776 2814 864 2861 καὶ
919 2810 944 2859 ό
998 2808 1374 2881 κοσμοκράτωρ
1441 2802 1705 2870 διάϐολος,
1766 2805 1910 2873 ᾧτινι

309 2897 426 2953 δέον
467 2896 783 2951 ἀποδιδόναι
836 2901 901 2949 τὰ
957 2897 1137 2960 αὑτοῦ,
1214 2900 1348 2967 φημὶ
1399 2891 1465 2952 δὴ
1526 2901 1699 2946 πᾶσαν
1748 2892 1907 2965 ἐμπά-

312 2992 450 3042 θειαν
480 2992 570 3039 καὶ
595 2992 800 3038 κακίαν.

385 3082 483 3130 Καὶ
551 3107 618 3115 -
667 3074 913 3133 ἀπῆλθον.
964 3075 1298 3145 Ἐθαύμασαν
1360 3076 1469 3145 μὲν,
1532 3072 1624 3124 οὐκ
1676 3072 1909 3124 ἐπίστευ-

310 3187 406 3220 σαν
434 3162 493 3219 δὲ
524 3167 551 3218 ὅ
582 3170 669 3217 καὶ
701 3164 825 3217 αὐτὸ
848 3164 1045 3236 μεγὰλη
1079 3166 1273 3215 τούτων
1310 3167 1624 3235 κατηγορία,

592 3350 737 3397 ΚΕΦ.
778 3342 901 3397 Nl".
946 3346 1071 3415 Περὶ
1099 3349 1200 3392 τῶν
1234 3337 1627 3393 Σαδδουκαίων.

383 3451 470 3506 Ἐν
536 3449 696 3523 ἐκείνη
775 3480 845 3491 -
925 3447 1232 3502 ἀνάστασιν.
1330 3449 1549 3520 Εἲρηται
1628 3452 1742 3520 περὶ
1820 3455 1913 3509 τῆς

313 3543 555 3613 αἱρέσεως
611 3548 710 3591 τῶν
774 3534 1149 3591 Σαδδουκαίων
1216 3536 1265 3588 ἐν
1315 3545 1385 3607 τῷ
1431 3542 1588 3609 τρίτῳ
1622 3536 1906 3608 κεφαλαίῳ,

316 3628 476 3680 Οὗτοι
527 3625 586 3680 δὲ
642 3632 737 3686 τὴν
822 3626 877 3678 ἐκ
933 3635 1121 3698 νεκρῶν
1194 3624 1480 3677 ἀνάστασιν
1538 3626 1772 3691 ὴθέτουν,
1826 3622 1919 3677 διὰ

316 3721 374 3768 τὸ
428 3723 496 3788 μὴ
547 3718 663 3788 (78)
719 3716 1133 3788 μνημονεύεσθαι
1201 3717 1397 3772 ταύτην
1448 3723 1672 3787 φανερῶς
1723 3712 1771 3764 ἐν
1805 3720 1920 3772 ταῖς

323 3811 632 3864 Μωσαῑκαίς
692 3812 940 3877 γραφαῖς,
1020 3802 1080 3866 ἃς
1140 3800 1208 3861 δὴ
1266 3808 1421 3875 μόνας
1470 3802 1769 3873 ἐγίνωσκον,
1828 3804 1922 3861 τὰς

321 3893 482 3954 ἄλλας
552 3893 610 3945 ού
679 3889 1102 3967 παραδεχόμενοι
1178 3891 1409 3965 βίϐλους.
1493 3891 1650 3955 Ἀλλ’,
1733 3891 1773 3941 ὦ
1828 3898 1925 3950 τῆς

324 3980 550 4043 ἀνοίαςνῑ
598 3981 1059 4053 ἐπιστομισθέντων
1114 3983 1216 4055 γὰρ
1299 3990 1398 4033 τῶν
1457 3986 1769 4054 Φαρισαίων,
1824 3986 1925 4030 τῶν

324 4070 702 4145 ἀκριϐεστέρων
756 4070 805 4122 ἐν
862 4068 1156 4136 Ἰουδαίοις,
1235 4072 1284 4121 οἱ
1364 4065 1762 4143 καταδεέστεροι
1809 4070 1925 4119 τού-

323 4180 425 4212 των
480 4155 853 4225 Σαδδουκαῖοι,
916 4161 1146 4233 καθάπερ
1223 4157 1277 4209 ἐκ
1329 4154 1620 4229 διαδοχῆς,
1666 4155 1927 4232 προσϐάλ-

323 4248 498 4313 λουσι,
550 4244 663 4301 δέον
702 4249 932 4321 μάλιστα
976 4247 1322 4307 συσταλῆναι.
1372 4247 1505 4299 Ἀλλ’
1537 4251 1689 4307 ὄντως
1729 4249 1758 4303 ἡ
1809 4248 1930 4316 θρα-

327 4341 493 4399 σύτης
551 4337 901 4410 ἀναίσχυντον
960 4343 1048 4389 καὶ
1110 4337 1289 4409 ἰταμόν
1347 4342 1436 4389 καὶ
1488 4334 1767 4398 ἀδυνάτοις
1824 4335 1931 4389 ἐπι-

636 4432 736 4480 Καὶ
830 4432 938 4479 ἐπεὶ
1048 4434 1163 4487 ταῖς
1283 4434 1628 4500 προφητικαῖς
1707 4434 1930 4499 Γραφαῖς

325 4523 668 4592 φανερώτερον
733 4516 947 4568 ἐνέκειτο
1027 4519 1084 4568 τό
1150 4511 1327 4587 δόγμα
1402 4524 1496 4577 τῆς
1578 4514 1928 4579 ἀναστάσεως,

1072 4604 1182 4675 (79)

1090 4692 1408 4765 ἀνθρώπους,
1477 4694 1576 4745 οἶοι
1655 4696 1755 4764 πρό
1839 4700 1931 4745 τοῦ

324 4435 557 4500 χειροῦν.
636 4432 736 4480 Καὶ
830 4426 938 4479 ἐπεὶ
1048 4434 1163 4487 ταῖς

810 4604 968 4657 ἐκεῖνο

327 4783 600 4836 ἀποθανεῖν
660 4780 815 4852 ἦσαν,
896 4785 1025 4855 μετά
1098 4790 1195 4834 τῶν
1279 4782 1446 4834 αὐτῶν
1533 4786 1765 4853 σχέσεων
1843 4786 1933 4833 καὶ

330 4873 528 4923 παθῶν.

321 4605 704 4679 ὑπελάμϐανον,
810 4604 968 4657 ἐκεῖνο
1072 4604 1182 4675 (79)
1264 4601 1604 4675 δογματίζειν
1663 4607 1933 4665 τοιούτους

323 4694 607 4748 ἀνίσταθαι
685 4698 802 4754 τοὺς

618 4874 705 4923 Διὸ
773 4876 863 4924 καὶ
942 4874 1074 4945 πρὸς
1152 4870 1444 4945 ἀνατροπὴν
1519 4877 1610 4922 τοῦ
1696 4873 1930 4923 τοιούτου

335 4955 599 5030 δόγματος
624 4959 906 5021 πλάσαντες
926 4962 1123 5013 οἴκοθεν
1153 4962 1399 5014 ὑπόθεσιν
1424 4962 1699 5032 προσίασι.

2002 568 2148 623 dixit
2179 572 2226 622 ³.
2261 566 2449 621 Lucas
2479 568 2678 619 autem
2704 566 3047 619 versutiam.

2076 659 2240 712 Vers.
2269 656 2353 708 18.
2377 653 2530 720 Quid
2558 683 2621 692 -—
2649 653 2971 721 hypocrita:
2996 654 3023 708 ?
3047 654 3392 709 Simulantes
3407 652 3655 725 quidem

2004 746 2389 812 interrogare,
2436 748 2498 796 ut
2522 740 2688 813 quod
2725 741 2956 811 justum
2990 747 3078 797 est
3116 741 3489 813 cognoscatis
3526 758 3538 796 :
3573 742 3657 796 fo-

2005 848 2179 888 veam
2197 835 2395 887 autem
2416 830 2706 885 fodientes
2721 845 2821 900 per
2838 830 3380 900 interrogationem,
3398 831 3455 885 in
3474 844 3657 902 quam

2010 937 2103 976 me
2133 919 2691 993 praecipitetiaCum
2722 934 2861 987 ergo
2877 918 3404 991 ostendissetquod
3436 918 3549 975 sibi
3562 934 3659 975 co-

2007 1010 2152 1080 gniti
2164 1012 2381 1073 essent,
2401 1007 2719 1079 respondet
2731 1014 2931 1062 tamen
2946 1012 3001 1062 et
3013 1008 3086 1062 ad
3101 1007 3658 1077 interrogationem;

2005 1104 2061 1155 et
2088 1098 2223 1154 vide
2253 1097 2560 1170 quomodo
2594 1097 2622 1151 ‘?

2075 1190 2234 1244 Vers.
2282 1188 2363 1242 19.
2401 1186 2692 1243 Ostendite
2715 1218 2784 1225 —
2804 1201 3025 1242 census.
3056 1186 3227 1258 Apud
3258 1187 3520 1241 Marcum
3542 1184 3657 1241 ait:

2002 1278 2228 1347 A/ferte
2255 1276 2404 1332 mihi
2430 1276 2740 1333 denarium
2773 1284 2833 1331 ut
2863 1276 3091 1332 videam
3116 1277 3135 1309 ⁵
3157 1294 3174 1346 ;
3208 1274 3479 1330 similiter
3498 1272 3663 1346 apud
3715 1312 3723 1316 -

2005 1366 2226 1421 Lucam
2250 1368 2289 1419 δ.
2325 1365 2632 1420 Numisma
2654 1364 2813 1420 enim
2837 1364 3142 1420 dicebatur
3158 1365 3336 1419 etiam
3359 1363 3660 1419 denarius.

2006 1454 2506 1520 Quaasivitautem
2533 1454 2734 1509 videre
2771 1454 3091 1522 numisma,
3134 1453 3662 1524 utresponsionem

2009 1542 2353 1599 mirabiliter
2392 1542 2467 1597 ad
2499 1557 2569 1597 eo
2609 1541 2951 1597 fabricaret.

2080 1717 2250 1773 Vers.
2288 1720 2378 1774 19.
2411 1719 2487 1772 At
2518 1717 2608 1773 illi
2632 1749 2699 1758 —
2728 1718 2888 1772 Vers.
2910 1720 2997 1771 21.
3032 1718 3307 1774 Οωδανίε.
3346 1718 3477 1773 Non
3497 1717 3665 1788 igno-

2009 1822 2149 1862 rans
2194 1806 2595 1876 interrogavit,
2639 1806 2741 1860 sed
2777 1810 2840 1860 ut
2881 1821 2953 1861 ex
3000 1806 3227 1861 illorum
3268 1808 3665 1877 responsione

2012 1911 2177 1952 suam
2209 1894 2525 1950 fabricaret
2550 1895 2923 1949 sententiam.

2082 1984 2247 2039 Vers.
2274 1985 2361 2036 21.
2394 1982 2551 2038 Tunc
2576 2013 2645 2023 --
2678 1982 2923 2038 Caesari.
2954 1981 3105 2046 Quia
3124 1983 3367 2037 Caesaris
3398 1986 3506 2047 est,
3536 1981 3667 2036 red-

2011 2071 2129 2127 dite
2157 2070 2351 2142 itaque
2383 2071 2595 2125 Caesari
2625 2086 2759 2141 quae
2791 2086 2901 2125 sua
2943 2076 3105 2126 sunt.
3146 2070 3282 2126 Ideo
3328 2071 3489 2126 enim
3542 2085 3666 2126 non

2011 2159 2176 2224 dixit,
2196 2160 2357 2227 Date,
2378 2159 2502 2227 sed,
2518 2158 2782 2224 Reddite,
2809 2165 3098 2231 tanquam
3121 2175 3191 2215 ea
3207 2176 3341 2232 quae
3364 2160 3493 2230 ejus
3510 2162 3667 2215 sunt.

2012 2252 2091 2305 Ne
2122 2253 2319 2303 autem
2350 2248 2552 2303 dicant
2578 2265 2591 2304 :
2636 2247 2866 2305 Homini
2888 2264 2997 2304 nos
3024 2248 3272 2319 subjicis
3300 2252 3357 2305 et
3375 2264 3498 2305 non
3526 2248 3668 2312 Deo,

2014 2337 2239 2394 addidit
2267 2354 2281 2392 :

2084 2429 2247 2481 Vers.
2278 2427 2368 2481 21.
2396 2427 2474 2481 Et
2504 2442 2631 2497 quae
2654 2458 2719 2467 —-
2742 2429 2876 2482 Deo.
2911 2426 3158 2482 Licitum
3191 2431 3279 2483 est
3303 2427 3462 2482 enim
3494 2430 3550 2483 et
3568 2428 3673 2483 ho-

2014 2517 2266 2572 minibus
2305 2517 2447 2571 dare
2475 2532 2609 2587 qua:
2641 2516 3023 2581 conveniunt,
3057 2522 3112 2573 et
3144 2519 3259 2572 Deo
3289 2532 3426 2588 quae
3453 2516 3673 2571 deben-

2016 2609 2128 2662 tur.
2164 2603 2283 2659 Illis
2310 2604 2553 2676 quidem
2590 2604 2827 2669 tributa,
2849 2609 2904 2658 et
2926 2605 2972 2659 si
2993 2604 3141 2676 quid
3165 2610 3254 2660 est
3284 2605 3473 2660 simile
3499 2623 3511 2673 ;
3535 2605 3674 2660 huic

2016 2699 2215 2749 autem
2243 2692 2523 2765 pietatem
2552 2698 2608 2748 et
2637 2693 3082 2749 observantiam
3105 2694 3547 2751 mandatorum.
3576 2695 3678 2748 Po-

2018 2786 2343 2838 testautem
2370 2782 2484 2836 dici
2524 2783 2717 2838 Caesar
2755 2781 3053 2849 diabolus,
3101 2783 3203 2854 qui
3260 2783 3469 2837 mundi
3519 2781 3679 2854 prin-

2020 2888 2160 2943 ceps
2190 2876 2299 2938 est,
2338 2871 2429 2925 cui
2465 2870 2774 2927 reddenda
2811 2865 2951 2927 sunt
2997 2887 3133 2943 quas
3182 2888 3290 2927 sua
3333 2875 3491 2937 sunt,
3541 2878 3681 2943 puta

1939 2966 1979 3021 C
2020 2961 2216 3017 omnis
2247 2959 2469 3015 malitia
2490 2960 2808 3031 omnisque
2840 2960 3098 3015 carnalis
3131 2960 3400 3016 affectus.

2092 3049 2260 3104 Vers.
2300 3048 2389 3104 22.
2422 3048 2902 3105 lit—abierunt.
2940 3049 3217 3105 Admirati
3249 3049 3495 3121 quidem
3525 3052 3681 3115 sunt,

2020 3154 2229 3193 verum
2262 3153 2383 3193 non
2405 3138 2802 3203 crediderunt,
2827 3138 2994 3210 quod
3020 3139 3209 3209 ipsum
3238 3154 3455 3207 magna
3476 3142 3566 3194 est
3589 3153 3683 3193 eo-

2021 3243 2157 3282 rum
2194 3226 2515 3281 accusatio.

2433 3349 2588 3403 CAP.
2627 3348 2766 3404 LIll.
2802 3351 2886 3405 De
2914 3349 3273 3406 Sadducaeis.

2094 3457 2260 3511 Vers.
2283 3459 2371 3511 23.
2405 3456 2473 3511 In
2496 3457 2602 3511 illo
2628 3486 2696 3496 —
2722 3457 3225 3513 resurrectionem.
3255 3458 3485 3513 Dictum
3500 3460 3587 3514 est
3610 3456 3685 3513 de

2026 3550 2186 3601 secta
2229 3544 2700 3600 Sadducaeorum
2733 3544 2903 3599 tertio
2934 3546 3125 3617 capite
3158 3564 3171 3601 :
3204 3546 3267 3601 hi
3299 3562 3441 3616 ergo
3494 3561 3687 3601 resur-

2025 3635 2349 3691 rectionem
2381 3650 2453 3689 ex
2477 3634 2725 3689 mortuis
2748 3635 3074 3705 negabant,
3106 3651 3177 3691 eo
3206 3636 3371 3709 quod
3399 3637 3458 3691 in
3484 3636 3686 3693 Mosai—

2028 3724 2111 3780 cis
2155 3722 2474 3794 Scripturis
2536 3723 2717 3793 hujus
2767 3723 3078 3780 manifeste
3110 3740 3231 3780 non
3270 3726 3377 3780 ﬁat
3419 3725 3686 3781 mentio:

2030 3828 2171 3868 nam
2191 3812 2302 3867 has
2330 3810 2488 3866 solas
2506 3812 2921 3881 agnoscebant,
2938 3812 3069 3868 aliis
3094 3813 3258 3868 libris
3275 3828 3395 3868 non
3414 3814 3687 3885 receptis.

2033 3900 2168 3964 Sed,
2200 3916 2236 3955 o
2252 3899 2617 3955 dementiam
2643 3901 2655 3955 ι
2682 3900 2955 3971 imposito
2978 3901 3290 3956 Pharismis
3312 3901 3562 3972 silentio,
3587 3901 3694 3973 qui

2033 3988 2184 4043 inter
2211 3988 2446 4043 Iudaeos
2466 3988 2900 4058 diligentissimi
2923 3993 2979 4044 et
3001 3990 3318 4045 acutissimi
3335 3994 3522 4058 erant,
3548 3990 3693 4046 Sad-

2035 4076 2227 4131 ducasi
2254 4076 2346 4131 his
2385 4076 2694 4131 inferiores
2718 4077 2894 4148 quasi
2923 4077 3308 4133 succedentes
3358 4080 3691 4133 occurrunt.

2037 4164 2306 4237 Cumque
2336 4164 2599 4220 maxime
2626 4169 2923 4235 oporteret
2951 4182 3056 4221 eos
3084 4166 3288 4221 animo
3330 4166 3573 4237 reprimi
3624 4182 3696 4222 ac

2039 4258 2284 4310 mmstos
2302 4269 2455 4317 esse.
2474 4253 2727 4310 audacia
2747 4254 3154 4326 imprudentes
3171 4254 3311 4310 facit
3330 4270 3401 4310 ac
3449 4260 3699 4311 temera-

2039 4344 2182 4409 rios,
2215 4348 2272 4398 et
2300 4342 2700 4414 impossibilia
2722 4346 3028 4399 tentantes.
3054 4346 3121 4399 Et
3147 4344 3289 4417 quia
3317 4344 3378 4399 in
3401 4344 3701 4415 propheti-

2039 4436 2125 4487 cis
2171 4431 2485 4503 Scripturis
2514 4431 2885 4487 manifestius
2910 4432 3326 4488 continebatur
3368 4433 3585 4503 dogma
3612 4448 3702 4488 re-

2041 4519 2438 4585 surrectionis,
2468 4519 2922 4591 suspicabantur
2945 4519 3092 4575 illud
3121 4521 3335 4576 docere
3360 4523 3527 4592 quod
3555 4522 3700 4577 tales

2041 4613 2417 4677 resurgerent
2439 4608 2735 4676 homines,
2767 4608 2976 4678 quales
3000 4617 3168 4664 erant
3194 4608 3547 4680 priusquam
3576 4626 3703 4664 mo-

2041 4701 2328 4763 rerentur,
2361 4712 2497 4752 cum
2514 4696 2746 4751 eisdem
2773 4695 3078 4751 habitibus
3093 4703 3148 4750 et
3186 4695 3514 4760 affectibus,
3534 4697 3700 4752 ideo-

2043 4802 2154 4857 que
2186 4786 2265 4841 ad
2290 4784 2732 4840 subversionem
2758 4783 3108 4853 hujusmodi
3147 4783 3467 4855 dogmatis,
3507 4783 3702 4842 efﬁcta
3758 4778 3763 4781 Α

2044 4873 2205 4946 apud
2237 4890 2301 4931 se
2329 4872 2641 4929 occasione
2671 4870 2790 4943 (yy)
2819 4870 3124 4928 accedunt.

407 5140 427 5172 ³
458 5139 630 5195 Marc.
660 5153 763 5206 xu,
808 5138 891 5195 15.
926 5139 947 5175 ⁸
976 5140 1116 5196 Luc.
1148 5155 1249 5207 xx,
1280 5138 1369 5195 23.
1429 5138 1608 5197 Marc.
1638 5154 1742 5206 xu,
1775 5138 1863 5195 15.
1893 5139 1916 5175 ⁸
1946 5139 2087 5196 Luc.
2120 5156 2219 5209 xx,
2250 5143 2339 5197 24.

1534 5317 1757 5386 Variae
1795 5317 2123 5388 lectiones
2165 5328 2232 5387 et
2278 5327 2481 5387 notae.

398 5514 514 5585 (78)
545 5518 655 5579 Μὴ,
690 5514 911 5585 omittit
940 5514 1001 5570 Β.

398 5582 511 5657 (79)
539 5587 575 5640 ἱ.
611 5601 661 5642 e.
696 5590 754 5638 τὸ
788 5582 985 5659 δόγμα.
1016 5588 1113 5641 Est
1137 5600 1278 5656 ergo
1309 5582 1622 5658 δογματίζει
1650 5588 1709 5638 τὸ
1737 5583 1932 5658 δόγμα.

2116 5516 2229 5588 (80)
2257 5518 2550 5585 Τοιούτους,
2578 5518 2638 5571 Β.

406 5712 531 5783 (yy)
554 5713 770 5784 Efﬁcta
796 5743 865 5753 -
889 5713 1211 5770 occasione.
1234 5714 1393 5770 Ficta
1418 5728 1456 5770 a
1480 5729 1545 5770 se
1583 5715 1947 5781 narratione,
1977 5713 2114 5771 ﬁcto
2135 5729 2173 5773 a
2201 5728 2264 5772 se
2288 5719 2663 5786 argumento.
