4186 6318
526 345 634 413 579

1723 336 2059 402 EUTHYM"
2095 325 2428 394 ZIGABENI

3804 340 3909 398 580

597 485 755 538 Vers.
785 481 872 535 24.
904 481 969 534 Et
998 509 1067 520 —
1093 492 1219 533 suo.
1255 480 1337 533 Ex
1361 477 1490 547 lege
1516 474 1773 530 Mosaica
1804 466 2169 528 occasionen

2378 467 2502 520 Καὶ.
2550 498 2619 508 -
2662 467 2842 522 αὐτοῦ.
2879 466 2966 521 Ἐκ
3021 474 3308 520 Μωσαῐκοῦ
3330 471 3490 540 νόμόυ
3540 474 3634 528 τήν
3671 469 3906 544 ἀφορμὴν

525 569 848 628 commenti
895 571 1160 633 sumunt,
1213 571 1273 622 ut
1317 564 1640 622 verisimile
1689 560 1973 634 appareat
2023 552 2190 628 quod

522 662 827 735 quaeritur.
851 663 915 714 In
935 658 1224 730 scriptura
1244 655 1543 728 siquidem
1571 645 2016 735 Deuteronomii
2031 659 2188 735 prae-

521 732 678 824 cepit
730 749 944 814 Moses,
1003 753 1067 803 ut
1108 761 1356 802 uxorem
1405 742 1622 800 mortui
1678 741 1908 812 absque
1964 732 2184 796 liberis,

523 856 760 897 rursum
781 839 958 894 ducat
987 837 1165 892 frater
1194 835 1322 906 ejus
1353 835 1396 899 7,
1430 836 1488 888 et
1515 829 1772 904 quiquid
1793 827 2053 901 primum
2082 837 2187 877 na-

525 933 650 986 tum
681 927 854 983 fuerit
900 927 1240 982 nominetur
1297 923 1358 978 id
1400 923 1558 978 ﬁlius
1597 920 1795 976 fratris
1837 912 2073 978 mortui,
2112 913 2185 967 ad

525 1019 654 1089 ejus
680 1017 1048 1072 memoriam.
1074 1014 1210 1069 Haec
1235 1014 1435 1085 itaque
1458 1015 1596 1066 sunt
1618 1009 1784 1078 legis.
1810 1006 1950 1060 Vide
1969 1007 2180 1067 autem,

523 1107 667 1179 quid
696 1107 756 1162 hi
786 1104 1199 1160 machinentur
1214 1103 1241 1156 ἱ)

591 1404 755 1460 Vers.
802 1408 890 1459 25.
937 1405 1122 1460 Erant
1156 1434 1208 1443 —
1256 1403 1409 1456 Vers.
1453 1401 1539 1454 28.
1592 1415 1746 1456 eam.
1803 1399 2038 1470 Septem
2079 1412 2180 1452 eos

521 1496 885 1565 supponunt,
910 1497 971 1547 ut
988 1491 1180 1559 magis
1201 1487 1541 1544 intricatum
1560 1488 1826 1544 videatur
1846 1485 2174 1559 problema.

517 1583 813 1637 Intentum
841 1585 1038 1635 autem
1076 1578 1537 1635 Sadducaeorum
1565 1580 1709 1640 erat,
1747 1585 1806 1632 ut
1836 1575 1954 1629 sive
1982 1575 2176 1640 unius,

519 1671 642 1725 sive
669 1669 930 1725 omnium
957 1668 1365 1741 responderet,
1398 1666 1602 1721 statim
1623 1667 1993 1738 opponerent
2015 1661 2178 1736 quod

517 1775 656 1814 cum
691 1759 905 1814 iterum
937 1757 1147 1813 futuras
1187 1760 1388 1811 essent
1418 1755 1661 1826 nuptiae,
1709 1759 1862 1809 certe
1901 1757 2095 1806 essent
2124 1757 2180 1806 et

515 1848 834 1920 puerperia
869 1851 925 1902 et
969 1845 1209 1902 nutritio
1245 1844 1559 1911 infantum,
1603 1848 1869 1916 quaestus
1899 1841 2179 1914 pecunia-

513 1950 670 2000 rum,
687 1935 928 2005 judicia,
952 1935 1108 1990 bella
1131 1951 1200 1990 ac
1219 1933 1619 2004 aegritudines,
1643 1947 2001 2002 rursumque
2022 1945 2176 1986 mor-

516 2027 622 2089 tes,
651 2028 708 2080 et
737 2023 943 2079 omnia
969 2039 1104 2094 quae
1130 2023 1191 2077 in
1220 2021 1495 2094 prtrsenti
1522 2022 1640 2076 vita
1668 2020 1982 2089 habentur,
2018 2025 2071 2074 et
2100 2019 2178 2074 ita

516 2114 636 2168 vita
664 2112 764 2168 illa
794 2128 917 2168 non
948 2111 1056 2168 erit
1084 2111 1200 2166 alia
1229 2111 1307 2167 ab
1339 2112 1452 2166 ista
1483 2129 1496 2178 ;
1529 2110 1696 2182 quod
1726 2109 1773 2164 si
1805 2109 2013 2165 eadem
2047 2109 2177 2172 erit,

518 2201 596 2256 ad
645 2201 790 2272 quid
841 2201 1040 2257 futura
1082 2208 1172 2256 est
1220 2199 1573 2257 resurrectio
1603 2204 1630 2254 ?
1659 2203 1863 2270 Itaque
1905 2213 2024 2254 non
2072 2198 2179 2253 erit

513 2291 886 2346 resurrectio.
920 2289 1070 2354 Quid
1110 2305 1250 2359 ergo
1278 2288 1540 2344 Christus
1565 2288 1594 2342 ‘2

587 2381 626 2449 -ι-
674 2378 872 2436 Mulier
918 2379 1164 2452 quidem
1213 2393 1344 2432 esse
1392 2382 1582 2450 potest
1610 2377 1876 2434 humana
1919 2381 2174 2432 natura:

515 2472 743 2540 septem
783 2473 983 2523 autem
1028 2467 1155 2532 viri,
1205 2472 1428 2539 septem
1474 2467 1635 2536 leges
1681 2467 1856 2523 variis
1901 2466 2179 2539 tempori-

509 2557 626 2612 bus
670 2573 706 2613 a
739 2560 855 2612 Deo
900 2557 952 2612 ei
998 2557 1221 2612 traditae
1256 2557 1332 2612 ad
1363 2557 1810 2612 instructionem
1856 2560 1912 2611 et
1959 2555 2178 2627 produ-

513 2647 767 2702 ctionem
807 2647 1106 2701 fructuum
1133 2646 1412 2717 justitiaz;
1454 2662 1596 2701 nam
1638 2646 1815 2701 dictio
1853 2649 2002 2719 νόμος
2043 2661 2176 2719 quae

512 2735 705 2803 legem
742 2734 1054 2804 signiﬁcat,
1099 2735 1259 2805 apud
1286 2737 1514 2791 Graecos
1544 2734 1873 2790 masculina
1905 2740 2009 2806 est,
2039 2735 2173 2790 ideo

512 2823 931 2877 convenienter
962 2822 1074 2876 illis
1102 2823 1260 2878 viros
1291 2824 1555 2889 denotat,
1587 2840 1722 2878 cum
1755 2824 1976 2895 quibus
2005 2823 2173 2895 quasi

512 2927 651 2966 cum
695 2911 834 2965 viris
864 2913 1195 2966 successive
1227 2917 1575 2967 conversata
1618 2917 1836 2967 estnec
1862 2917 2063 2967 tamen
2094 2912 2170 2967 ab

511 2999 631 3054 ulla
659 3015 862 3055 verum
885 3000 1379 3056 habuitfructum.
1412 3002 1643 3058 Harum
1668 3003 1860 3072 prima
1883 3001 2010 3066 fuit,
2037 3018 2171 3074 quae

507 3089 649 3144 Adae
672 3088 729 3144 in
757 3089 1040 3160 paradiso
1066 3089 1280 3146 tradita
1306 3095 1414 3145 est.
1441 3090 1718 3145 Secunda
1742 3107 1948 3145 rursus
1977 3091 2172 3146 eidem

509 3177 650 3234 data
675 3183 836 3233 extra
867 3178 1214 3250 paradisum
1243 3180 1304 3234 in
1337 3184 1493 3235 statu
1519 3195 1835 3250 poenarum
1865 3179 1997 3252 (zz).
2038 3180 2169 3236 Ter-

2279 3175 2397 3244 περὶ
2451 3178 2543 3230 τῆς
2594 3177 2846 3242 περιτομή
2858 3186 2898 3230 ς’

507 3266 593 3322 tia
613 3282 750 3338 quae
771 3270 890 3322 Noe
916 3266 1057 3322 data
1078 3271 1166 3323 est
1190 3269 1265 3323 de
1287 3284 1446 3324 area.
1472 3270 1694 3334 Quarta
1713 3285 1844 3341 quae
1866 3269 2169 3326 Abraham

507 3355 652 3412 data
702 3360 790 3412 est
829 3356 902 3411 de
939 3357 1414 3416 circumcisione.
1463 3356 1678 3425 Quinta
1712 3375 1847 3430 quae
1879 3359 2072 3415 eidem
2099 3361 2170 3416 de

506 3448 671 3502 Isaac
700 3445 1136 3503 immolatione.
1175 3448 1346 3503 Sexta
1375 3463 1510 3519 quin
1541 3447 1714 3502 Mosi.
1755 3449 2014 3518 Septima
2039 3466 2168 3521 quae

504 3549 613 3605 per
660 3534 992 3605 prophetas.
1041 3539 1243 3607 Itaque
1291 3536 1600 3592 daemones
1646 3537 1742 3608 qui
1782 3537 1998 3594 docent
2043 3554 2166 3594 non

505 3621 745 3677 credere
788 3625 1302 3690 resurrectionem,
1344 3625 1712 3694 interrogant
1762 3627 2020 3697 maligne
2060 3642 2166 3700 per

505 3710 915 3781 cogitationes.
963 3713 1037 3781 Si,
1088 3713 1379 3786 inquiunt,
1427 3714 1626 3770 futura
1665 3720 1756 3772 est
1793 3721 2161 3774 mortuorum

499 3800 870 3868 resurrectio,
899 3801 1071 3873 juxta
1100 3819 1279 3875 quam
1307 3804 1525 3860 harum
1556 3809 1782 3878 septem
1822 3806 2025 3878 legum
2054 3809 2163 3864 hu-

500 3905 682 3947 mana
711 3894 851 3947 tunc
881 3896 1097 3949 natura
1125 3893 1568 3950 conversabitur
1594 3894 1622 3950 ?
1654 3900 1717 3952 ut
1746 3896 1794 3952 si
1827 3898 2160 3955 secundum

499 3979 764 4051 aliquam
816 3981 1033 4036 harum
1084 3981 1432 4048 dixerimus,
1490 3982 1791 4041 inferant:
1843 4003 1986 4057 ergo
2033 3989 2160 4044 sine

497 4065 692 4126 fructu
716 4068 800 4124 ibi
830 4068 937 4124 erit
965 4073 1069 4124 aut
1094 4084 1250 4125 vana
1275 4070 1543 4128 humana
1567 4073 1684 4129 vita
1707 4074 2009 4144 prioribus
2036 4093 2162 4132 rur-

498 4171 600 4211 sus
655 4155 919 4211 obnoxia
968 4155 1162 4212 malis.
1214 4157 1328 4212 Sed
1378 4174 1520 4214 vera
1570 4175 1636 4215 ac
1690 4162 1964 4218 salutaris
2008 4166 2162 4221 ratio

495 4243 728 4314 pietatis
756 4243 1058 4300 silentium
1089 4245 1178 4300 his
1202 4246 1478 4316 imponit,
1503 4247 1725 4305 docens
1753 4251 2003 4309 alteram
2027 4269 2160 4311 esse

495 4331 682 4387 vitam
736 4338 873 4404 post
915 4333 1424 4393 resurrectionem.
1482 4338 1653 4402 Quod
1696 4341 1747 4395 si
1793 4342 1927 4413 quis
1979 4344 2156 4400 etiam

497 4424 722 4491 septem
759 4421 941 4479 millia
967 4438 1263 4481 annorum
1308 4429 1612 4497 praesentis
1643 4431 1852 4487 mundi
1884 4434 2156 4506 accipiat,

495 4508 617 4565 sive
643 4513 874 4582 septem
907 4512 1126 4570 saecula
1155 4516 1376 4587 quibus
1406 4517 1545 4573 vixit
1574 4519 1890 4578 hominum
1920 4530 2154 4593 natura,

493 4614 530 4654 a
559 4599 859 4656 verisimili
890 4617 1012 4659 non
1044 4603 1360 4662 aberrabit.
1395 4607 1620 4663 Nullius
1650 4614 1851 4666 autem
1882 4612 1991 4669 erit
2008 4631 2159 4672 uxor

491 4691 627 4760 post
655 4693 1168 4759 resurrectionem,
1202 4711 1340 4752 cum
1365 4696 1488 4753 haec
1526 4698 1706 4755 ﬁuem
1735 4700 2014 4770 habeant,
2052 4704 2156 4760 sed

489 4778 649 4835 aliud
680 4782 968 4839 saeculum
996 4792 1277 4843 octavum
1300 4790 1468 4859 quod
1488 4788 1671 4846 ﬁnem
1688 4805 1810 4846 non
1831 4791 2033 4860 habet,
2057 4810 2158 4850 ac-

490 4867 667 4941 cipiet
690 4870 873 4928 illam.

559 4960 716 5014 Vers.
751 4963 838 5017 29.
885 4963 1245 5034 ReSpondens
1290 4997 1360 5007 —
1395 4967 1528 5024 Dei.
1579 4967 1894 5038 Fallimiui,
1936 4977 2002 5030 ut
2046 4976 2150 5048 qui

558 5083 577 5116 τ
614 5081 780 5139 Deut.
805 5100 936 5152 xxv,
971 5089 1001 5139 5

2189 4389 2237 4445 D

2299 561 2390 605 τοῦ
2443 554 2782 628 πλάπσματος
2836 555 3212 628 λαμϐάνουσιν,
3294 558 3430 618 ὅπως
3487 557 3757 631 ἀξιόλογον
3817 580 3907 633 φα-

2296 647 2403 701 νείη
2454 648 2510 697 τὸ
2559 646 2792 718 ζήτημα.
2860 651 2960 698 Καὶ
3009 648 3112 719 γὰρ
3145 644 3193 697 ἐν
3233 653 3298 718 τῇ
3328 654 3497 720 γραφῇ
3529 655 3622 699 τοῦ
3661 656 3904 723 Δεύτερο-

2295 737 2471 804 νομίου
2549 734 2866 806 παρήγγειλε
2934 741 3186 801 Μωῦσῆς,
3245 736 3328 788 ἵνα
3381 739 3470 794 τὴν
3525 745 3754 808 γυναῖκα
3809 746 3903 792 τοῦ

2294 821 2712 885 τετελευτηκότος
2788 820 3016 886 ἄπαιδος
3093 828 3311 896 γαμήσῃ
3393 824 3544 877 πάλιν
3600 828 3625 878 6
3680 823 3902 900 ἀδελφὸς

2510 931 2522 944 ⁸
2577 921 2727 966 τοῦτο
2772 916 2874 986 γὰρ
2928 910 3101 978 δηλοῖ,
3156 917 3212 966 τὸ
3261 914 3700 988 Ἐπιγαμϐρεύσει
3761 932 3774 946 ⁶
3805 921 3899 970 καὶ

2293 1003 2318 1052 6
2366 1003 2427 1053 ἄν
2478 1009 2701 1076 γεννήσῃ
2774 1011 2996 1078 πρῶτον,
3053 1003 3285 1076 ὀνομάσῃ
3372 1012 3526 1057 τοῦτο
3582 1009 3751 1058 τέκνον
3799 1014 3894 1059 τοῦ

2294 911 2454 968 αὐτοῦ

2296 1093 2528 1152 θανόντος
2581 1089 2825 1164 ἀδελφοῦ,
2880 1097 3008 1166 πρὸς
3055 1097 3385 1166 μνημόσυνον
3452 1091 3667 1150 ἐκείνου.
3717 1101 3892 1148 Ταῦτα

2291 1184 2382 1252 μὲν
2413 1181 2500 1232 οὖν
2544 1189 2635 1234 τοῦ
2692 1186 2872 1254 νόμου.
2915 1187 3097 1236 Σκόπει
3149 1179 3227 1248 δὲ,
3288 1187 3338 1236 τί
3397 1183 3543 1236 οὗτοι
3573 1187 3894 1237 κατασκευά-

2294 1270 2474 1330 ζουσιν
2496 1289 2509 1338 ;

2361 1359 2530 1412 Ἦσαν
2592 1392 2660 1400 -
2707 1361 2890 1418 αὐτήν.
2963 1359 3123 1413 Ἑπτά
3177 1357 3236 1413 δε
3287 1363 3502 1421 τούτους
3532 1361 3890 1431 ὑποτιθέασιν,

2290 1449 2422 1500 ὥστε
2475 1444 2646 1501 δοκεῖν
2700 1447 3019 1523 ἀπορώτερον
3090 1453 3148 1501 τὸ
3234 1449 3532 1523 πρόϐλημα.
3594 1453 3787 1511 Σκοπὸς
3838 1447 3898 1504 δε

2289 1545 2396 1599 τοῖς
2429 1535 2826 1606 Σαδδουκαίοις,
2884 1540 2966 1590 ἵνα
3016 1541 3116 1590 εἶτε
3165 1538 3290 1603 ἑνὸς,
3354 1542 3453 1591 εἴτε
3515 1540 3719 1590 πάντων
3770 1537 3894 1592 ἀπο-

2288 1629 2511 1700 κριθείη,
2556 1632 2757 1699 ταχέως
2806 1627 3196 1697 ἀντιθήσουσιν,
3245 1630 3315 1689 ὡς
3367 1626 3474 1680 ἐπεὶ
3524 1629 3686 1700 γάμοι
3714 1627 3892 1695 πάλιν,

2289 1715 2391 1788 ἆρα
2436 1721 2526 1769 καὶ
2571 1721 2889 1789 τέκνογονίαι
2945 1722 3035 1770 καὶ
3089 1713 3463 1792 παιδοτροφίαι
3511 1722 3601 1768 καὶ
3643 1722 3895 1789 πορισμοὶ

2209 1809 2255 1865 Β
2287 1807 2578 1879 χρημάτων
2621 1811 2710 1858 καὶ
2751 1803 2899 1858 δίκαι
2942 1812 3032 1858 καὶ
3081 1806 3294 1876 πόλεμοι
3354 1812 3444 1858 καὶ
3487 1811 3634 1859 νόσοι
3670 1811 3760 1859 καὶ
3807 1809 3896 1859 θά-

2287 1915 2432 1947 νατοι
2473 1895 2647 1961 πάλιν,
2700 1900 2788 1948 καὶ
2844 1897 3014 1948 πάντα
3066 1898 3132 1948 τά
3180 1903 3269 1948 τοῦ
3327 1899 3581 1968 παρόντος
3607 1893 3753 1967 βίον,
3803 1900 3894 1949 καὶ

2287 1983 2380 2035 οὐκ
2412 1985 2559 2036 ἔσται
2595 1983 2772 2036 λοιπον
2821 1986 2846 2036 6
2878 1983 2996 2057 βίος
3046 1985 3231 2044 ἐκεῖνος
3280 1986 3447 2059 ἕτερος
3496 1986 3642 2057 παρά
3689 1992 3888 2040 τοῦτον.

2286 2073 2346 2125 Εἰ
2387 2071 2438 2124 δ’
2493 2075 2520 2125 6
2559 2073 2714 2134 αὐτὸς
2776 2077 2943 2140 ἔσται,
3003 2077 3137 2134 τίνος
3188 2075 3351 2148 χάριν
3405 2075 3553 2128 ἔσται
3606 2073 3893 2137 ἀνάστασις

2283 2161 2443 2234 ’ᾩστε
2467 2162 2561 2214 οὐκ
2586 2165 2735 2215 ἔσται
2763 2164 3072 2224 ἀνάστασις.
3106 2167 3169 2215 Τί
3194 2159 3280 2215 οὖν
3307 2164 3332 2215 6
3363 2167 3596 2236 Χριστός
3619 2181 3633 2227 ;

2360 2369 2512 2438 [Γυνὴ
2576 2369 2689 2440 (81)
2741 2370 2829 2440 μὲν
2876 2371 2951 2425 εἰη
3007 2369 3066 2419 ἄν
3111 2370 3140 2425 ἡ
3202 2367 3494 2440 ἀνθρωπίνη
3548 2370 3724 2440 φύσις·
3763 2368 3892 2422 ἑπτὰ

2287 2453 2346 2509 δὲ
2399 2454 2631 2529 ἀδελφοὶ,
2703 2459 2751 2509 οἱ
2821 2459 2956 2509 κατά
3007 2461 3221 2532 καιροὺς
3272 2457 3417 2530 παρὰ
3475 2461 3602 2510 Θεοῦ
3660 2453 3891 2521 δοθέντες

2285 2545 2415 2617 αύτῇ
2471 2550 2600 2619 πρὸς
2625 2543 2994 2618 παιδαγωγίαν
3047 2551 3137 2598 καὶ
3187 2549 3383 2617 γένεσιν
3433 2555 3644 2621 καρπῶν
3692 2543 3889 2599 δικαιο-

2288 2637 2448 2697 σύνης
2503 2640 2670 2708 νόμοι,
2722 2636 2816 2702 οἶς,
2872 2638 2940 2696 ὡς
2983 2631 3230 2708 ἀνδράσι,
3287 2637 3422 2687 κατά
3476 2632 3745 2708 διαδοχὴν
3777 2638 3889 2709 ὁμι-

2282 2724 2514 2796 λήσασα,
2581 2725 2701 2797 παρ’
2747 2721 2952 2785 οὐδενὸς
3017 2727 3148 2795 ἔσχε
3205 2727 3402 2799 καρπὸν
3462 2723 3719 2781 ἀληθινόν.
3772 2723 3886 2777 Ὠν

2281 2822 2482 2887 πρῶτος
2529 2817 2638 2885 μὲν,
2691 2815 2716 2864 6
2771 2813 2819 2864 ἐν
2866 2821 2938 2884 τῷ
2996 2809 3303 2887 παραδείσῳ
3335 2810 3503 2874 δοθεὶς
3554 2820 3623 2865 τῶ
3680 2809 3877 2884 Ἀδάμ·

2283 2900 2515 2975 δεύτερος
2570 2899 2649 2970 δὲ,
2707 2904 2733 2954 ὁ
2781 2910 2852 2974 τῷ
2903 2902 3042 2972 αὐτῷ
3084 2899 3257 2964 δοθεὶς
3287 2903 3438 2964 αὖθις
3467 2900 3560 2965 ἔξω
3593 2907 3682 2953 τοῦ
3711 2919 3875 2974 παρα-

2283 2989 2483 3059 δείσου,
2519 2991 2566 3043 ἐν
2606 2991 2748 3054 τάξει
2779 2990 3067 3064 ἐπιτιμίων·
3102 2995 3296 3067 τρίτος,
3351 2994 3377 3043 6
3425 2992 3560 3044 κατὰ
3594 2995 3683 3050 τήν
3724 2988 3878 3042 κιϐω-

2280 3085 2366 3134 τὸν
2411 3088 2483 3151 τῷ
2526 3087 2640 3134 Νῶε
2693 3077 2879 3140 δοθείς·
2926 3085 3191 3154 τέταρτος,
3239 3082 3264 3132 6
3294 3088 3367 3150 τῷ
3407 3079 3645 3154 Ἃϐραὰμ
3689 3076 3878 3150 δοθεὶς,

2981 3173 3231 3241 πέμπτος,
3309 3170 3446 3240 ότῷ
3531 3169 3670 3240 αὗτῷ
3726 3169 3878 3221 πάλιν

2277 3264 2395 3334 περὶ
2445 3268 2540 3321 τῆς
2592 3262 2726 3311 κατὰ
2777 3261 2863 3311 τὸν
2916 3259 3101 3311 Ἰσαὰκ
3171 3261 3377 3320 θυσίας·
3438 3260 3606 3328 ἕκτος,
3664 3259 3690 3309 6
3747 3277 3884 3310 κατα

2280 3353 2524 3415 Μωύσέα,
2558 3352 2648 3400 καὶ
2677 3343 2918 3420 ἕϐδομος,
2962 3349 2986 3399 6
3033 3345 3127 3400 διὰ
3163 3355 3264 3400 τῶν
3294 3356 3588 3422 προφητῶν.
3620 3349 3685 3400 Οἱ
3714 3351 3883 3399 τοίνυν

2276 3440 2370 3494 τὴν
2401 3436 2685 3490 ἀνάστασιν
2729 3435 2923 3490 ἀθετεῖν
2953 3433 3317 3502 διδάσκοντες,
3354 3434 3618 3509 δαίμονες,
3653 3435 3884 3512 ἕρωτῶσι

2275 3527 2546 3587 κακοήθως
2600 3523 2695 3578 διὰ
2731 3534 2830 3578 τῶν
2881 3525 3170 3599 λογισμῶν,
3211 3528 3276 3586 ὡς
3325 3529 3463 3598 εἴπερ
3529 3534 3720 3598 νεκρῶν
3751 3525 3884 3577 ἀνά-

2277 3635 2464 3677 στασις
2504 3618 2668 3685 ἔσται,
2700 3618 2834 3668 κατά
2891 3620 3008 3668 τίνα
3059 3624 3158 3668 τῶν
3202 3615 3478 3689 εἰρημένων
3526 3614 3654 3666 ἑπτὰ
3709 3618 3880 3685 νόμων

2272 3706 2303 3762 ἡ
2385 3703 2679 3777 ἀνθρωπίνη
2764 3707 2918 3776 φύσις
2996 3707 3110 3758 τότε
3184 3703 3661 3770 πολιτευθήσεται;
3740 3700 3874 3769 Ἵνα,

2273 3796 2377 3864 εἴγε
2405 3796 2539 3846 κατά
2593 3813 2709 3847 τινα
2757 3797 2952 3846 τούτων
3010 3803 3198 3866 φῶμεν,
3256 3792 3613 3865 ἐπαγάγωσιν,
3673 3791 3879 3844 Ούκοῡν

2271 3881 2503 3956 ἄκαρπος
2547 3886 2696 3936 ἔσται
2755 3882 2908 3935 πάλιν
2956 3888 3046 3935 καὶ
3101 3887 3302 3956 ματαία
3342 3883 3373 3940 ἡ
3411 3881 3704 3958 ἀνθρωπίνη
3741 3881 3874 3948 ζωὴ,

2268 3980 2372 4033 τοῖς
2395 3976 2663 4046 προτέροις
2692 3971 2843 4033 αὖθις
2883 3971 3195 4044 ἂνσχεθεῑσα
3223 3978 3424 4034 κακοῖς.
3454 3971 3591 4024 Ἀλλ’
3624 3972 3649 4022 ὁ
3678 3970 3877 4032 ἀληθὴς

2269 4066 2358 4113 καὶ
2409 4067 2663 4135 σωτήριος
2708 4069 2806 4123 τῆς
2862 4060 3123 4122 εὐσεϐείας
3178 4062 3331 4134 λόγος
3379 4061 3704 4134 ἐπιστομίζει
3756 4062 3878 4113 τού-

2269 4169 2406 4217 τους,
2457 4151 2631 4226 ἑτέραν
2688 4151 2817 4203 εἶναι
2870 4150 3004 4211 ζωήν
3058 4153 3187 4224 μετά
3241 4155 3334 4208 τὴν
3384 4152 3678 4204 ἀνάστασιν
3713 4146 3879 4202 διδά-

2271 4258 2427 4291 σκων.
2460 4241 2522 4292 Εἰ
2551 4238 2610 4293 δὲ
2643 4245 2733 4293 καὶ
2762 4242 2856 4302 τὰς
2898 4239 3026 4293 ἑπτὰ
3054 4236 3312 4312 χιλιάδας
3350 4249 3451 4291 τῶν
3497 4239 3618 4292 ἐτῶν
3651 4248 3745 4292 τοῦ
3773 4260 3873 4293 πα-

2269 4333 2446 4401 ρόντος
2501 4334 2704 4402 κόσμου
2755 4329 2906 4382 λάϐοι
2964 4349 3066 4394 τις,
3121 4333 3259 4395 ἦτοι,
3317 4333 3432 4390 τοὺς
3485 4330 3615 4382 ἑπτὰ
3667 4329 3870 4396 αἰῶνας,

2271 4418 2347 4480 οἷς
2400 4419 2631 4492 ὡμίλησε
2682 4427 2782 4471 τῶν
2814 4419 3095 4492 ἀνθρώπων
3148 4421 3177 4477 ἡ
3217 4420 3392 4490 φύσις,
3434 4419 3542 4492 οὐχ
3583 4419 3875 4492 ἁμαρτήσει

2268 4516 2361 4561 τοῦ
2391 4509 2584 4570 εἰκότος
2636 4508 2775 4581 (82),
2845 4509 2913 4560 ὧν
2972 4505 3184 4570 ούδενός
3240 4511 3390 4561 ἔσται
3445 4513 3571 4581 γυνή
3617 4510 3748 4579 μετά
3772 4511 3869 4564 τὴν

2269 4596 2579 4668 ἀνάστασιν,
2636 4601 2830 4651 τούτων
2885 4601 2976 4670 μεν
3032 4603 3187 4673 πέρας
3239 4596 3513 4662 λαϐόντων,
3578 4595 3746 4667 ἑτέρου
3802 4590 3864 4645 δὲ

2269 4686 2606 4746 ἀτελευτήτου
2681 4695 2772 4740 τοῦ
2855 4682 3050 4759 ὀγδόου
3133 4687 3312 4748 αἰῶνος
3381 4672 3860 4759 παραλαμϐάνοντος

2267 4777 2478 4851 αὐτήν.]

2339 4973 2665 5045 Ἀποκριθεὶς
2721 5003 2788 5015 —
2829 4979 2981 5027 Θεοῦ.
3045 4971 3334 5040 Πλανᾶσθε,
3393 4971 3458 5032 ὡς
3511 4973 3584 5043 μὴ
3643 4976 3868 5031 νοοῦντες

1692 5270 1918 5341 Variae
1966 5273 2296 5356 lectiones
2334 5285 2401 5348 et
2447 5284 2650 5350 notae.

703 5456 843 5537 Quae
1004 5457 1369 5542 inclusimus.
1403 5476 1474 5518 ea
1511 5462 1735 5542 incod.
1785 5471 1832 5524 Α
1869 5467 2150 5542 leguntur

488 5529 550 5613 in
562 5529 852 5613 margine,
876 5529 1338 5613 tribuunturque
1362 5537 1574 5613 sancto
1587 5537 1866 5613 Maximo,
1880 5529 2043 5613 cuius
2058 5543 2145 5598 in-

487 5601 936 5668 terpretationes
953 5601 1260 5672 pleraeque
1274 5617 1480 5658 omnes
1502 5601 1862 5678 allegoricae,
1879 5601 2146 5670 obscurae

554 5724 667 5797 (zz)
690 5724 762 5781 In
793 5731 955 5782 statu
981 5741 1312 5798 poenarum.
1348 5727 1544 5783 Ρωιιεε
1567 5729 1718 5786 loco.

2258 5476 2434 5544 atque
2462 5473 2744 5544 tortuosae
2769 5473 2927 5544 sunt.
2956 5471 3194 5527 Avertat
3223 5471 3380 5527 Deus
3406 5470 3467 5526 in
3499 5475 3808 5543 posterum
3837 5485 3874 5525 a

2257 5541 2462 5602 litteris
2497 5543 2682 5600 sacris
2712 5542 2858 5602 tales
2890 5541 3266 5614 interpretes.

2329 5615 2443 5687 (82)
2476 5617 2696 5679 Σκόποῦ,
2733 5630 2836 5686 pro
2869 5614 3082 5680 εἰκότος,
3114 5614 3178 5668 Α.
