4186 6318
327 362 427 419 581

327 489 422 548 τὰς
476 485 682 559 Γραφὰς
738 481 831 542 τὰς
900 482 1243 554 προφητικάς,
1307 481 1496 540 αἵτινες
1563 477 1620 530 ού
1670 477 1936 539 τοιαύτην,
1973 479 2012 526 Α

331 577 446 628 οἵαν
501 569 904 643 ὑπολαμϐάνετε,
967 567 1380 642 δογματίζουσιν
1435 567 1742 619 ἀνάστασιν.
1805 563 1938 616 Πλα-

330 667 489 718 νασθε
539 658 598 713 δὲ
643 665 752 725 καὶ,
805 661 870 719 ὡς
914 664 984 731 μὴ
1040 656 1235 719 εἰδότες
1265 664 1352 716 τὴν
1386 655 1606 728 δύναμιν
1638 663 1729 706 τοῦ
1782 661 1937 714 Θεοῦ,

334 758 428 811 τὴν
480 751 776 821 ἰσχύουσαν
824 747 1124 807 ἀναστῆσαι
1173 752 1295 810 τοὺς
1351 750 1559 820 νεκρούς
1619 749 1782 817 χωρὶς
1841 741 1938 794 τῶν

335 843 594 915 προτέρων
619 842 854 910 σχέσεων
886 844 975 890 καὶ
996 839 1172 890 παθῶν
1188 883 1198 893 .

407 929 488 980 Ἐν
539 958 612 970 -
670 927 1066 1000 ἐκγαμίξονται,
1144 929 1275 978 Οὔτε
1326 932 1588 996 γαμοῦσιν
1637 925 1685 974 οἱ
1734 917 1937 994 ἄνδρες,

334 1018 449 1070 οὗτε
512 1016 888 1090 ἐκγαμίζονται
943 1019 997 1068 αὶ
1042 1024 1301 1088 γυναῖκες,
1347 1018 1610 1066 τουτέστιν
1669 1011 1726 1063 ού
1787 1009 1941 1062 συνά-

331 1127 547 1160 πτονται
606 1103 882 1181 ἀνδράσιν,
944 1107 1012 1167 ὡς
1066 1110 1137 1178 μὴ
1171 1109 1334 1165 οὔσης
1373 1102 1476 1155 ἐκεῖ
1516 1106 1746 1175 σχέσεως
1775 1118 1937 1170 γαμι-

333 1205 452 1258 κῆς.
499 1199 650 1269 Παρὰ
682 1193 740 1248 δὲ
786 1202 857 1247 τῶ
916 1200 1098 1265 Λουκᾷ
1141 1195 1480 1268 προσέθηκεν,
1527 1193 1606 1243 ὃτι
1637 1193 1766 1242 Οὔτε
1813 1189 1932 1239 ἀπο-

340 1288 506 1338 θανεῖν
558 1289 631 1338 ἔτι
676 1282 946 1352 δύνάνται,
1001 1281 1274 1350 δεικτύων,
1320 1285 1390 1344 ὡς
1438 1284 1463 1334 6
1511 1283 1673 1352 γάμος
1721 1274 1815 1330 διὰ
1853 1279 1936 1327 τὸν

1741 1367 1937 1439 ἑτέρους

1813 1453 1936 1508 οὐδὲ

340 1377 556 1428 θάνατον
635 1378 856 1446 γέγονεν,
951 1372 1062 1425 ἀντὶ
1139 1380 1238 1425 τῶν
1319 1371 1664 1423 τελευτώντων

337 1464 762 1519 ὑποϐλαστάνων,
814 1462 984 1515 ’Ὁπου
1045 1459 1102 1514 δὲ
1160 1464 1376 1523 θάνατος
1429 1460 1524 1512 ούκ
1585 1462 1744 1524 ἔστιν,

331 1555 501 1626 γάμος
524 1553 724 1607 λοιπόν.

404 1641 538 1694 Ἀλλ’
591 1673 660 1682 -
709 1640 839 1696 εἰσι.
908 1644 1033 1715 Περὶ
1083 1643 1248 1712 μόνων
1295 1647 1395 1691 τῶν
1448 1635 1665 1690 δικαίων
1718 1635 1938 1688 ἐνταῦθα

335 1729 496 1801 λέγει,
544 1732 623 1782 ὅτι
670 1738 761 1781 τοῦ
809 1729 991 1782 λοιποῦ
1034 1731 1098 1790 ὡς
1150 1727 1360 1799 ἄγγελοί
1409 1729 1558 1793 εἰσιν,
1602 1729 1737 1778 κατά
1778 1729 1835 1776 τὸ
1882 1723 1935 1775 ἀ·
1967 1776 2010 1830 Β

424 1821 458 1830 -.
607 1825 615 1830 .
673 1817 685 1830 ς
756 1815 858 1830 ...ι
1046 1820 1065 1830 ..
1168 1813 1201 1830 λ.
1329 1823 1338 1830 .
1505 1820 1513 1830 .
1615 1820 1622 1830 .
1763 1821 1770 1829 ,

340 1821 495 1879 παθὲς
536 1825 624 1870 καὶ
666 1815 993 1890 ἀφιλήὃονον,
1041 1820 1115 1870 ἔτι
1157 1813 1215 1869 δὲ
1257 1823 1346 1869 καὶ
1393 1820 1525 1869 κατά
1573 1820 1630 1868 τὸ
1680 1814 1936 1888 ἀκήρατον

341 1913 433 1960 καὶ
492 1904 784 1979 φωτοειδές.
838 1911 905 1962 Τὸ
983 1903 1062 1975 δὲ,
1118 1906 1207 1968 Ὡς
1279 1906 1487 1978 ἀγγελοι
1543 1913 1633 1957 τοῦ
1692 1912 1824 1958 Θεοῦ
1891 1903 1938 1954 ἐν

343 1997 564 2070 οὐρανῷ,
616 1995 728 2048 ἀντὶ
778 2003 889 2065 τοῦ,
921 1999 985 2056 ὡς
1036 1995 1246 2067 ἄγγελοι
1293 2004 1384 2047 τοῦ
1444 2003 1598 2060 Θεοῦ,
1657 1996 1704 2045 οὶ
1757 1993 1803 2044 ἐν
1856 1992 1940 2044 ού-

341 2093 503 2161 ρανῷ.
547 2090 696 2138 Οὕτω
726 2085 838 2157 (83)
885 2087 983 2158 γὰρ
1015 2082 1148 2137 εἶπεν
1194 2087 1218 2136 6
1259 2087 1490 2158 Μάρκος.
1544 2088 1750 2143 Λουκᾶς
1783 2078 1842 2132 δὲ
1881 2082 1938 2130 τὸ

341 2175 519 2246 μεῖζὸν
571 2195 746 2247 φησιν,
817 2174 897 2226 ὃτι
942 2179 1042 2226 Καὶ
1104 2177 1209 2226 υἱοί
1275 2175 1403 2226 εἶσιν
1475 2180 1567 2225 τοῦ
1633 2179 1786 2236 Θεοῦ,
1847 2177 1941 2228 τῆς

341 2262 669 2325 ἀναστάσεως
752 2266 857 2316 υἱοί
947 2267 1107 2331 ὄντες,
1198 2267 1486 2326 τουτέστιν,
1583 2260 1942 2331 ἀναγεννηθέν-

335 2371 411 2412 τες
468 2350 562 2404 διὰ
628 2350 718 2412 τῆς
788 2354 1140 2416 ἀναστάσεως,
1206 2353 1322 2413 ῆτις
1387 2351 1500 2404 ἐστὶ
1550 2351 1936 2421 παλιγγενεσία.

335 2446 459 2516 Περὶ
499 2449 598 2492 τῶν
633 2439 852 2493 δικαίων
896 2443 995 2515 γὰρ
1035 2445 1236 2514 εἴρηται
1278 2441 1397 2513 παρ’
1453 2441 1592 2511 αύτῷ
1633 2445 1724 2492 καὶ
1762 2442 1841 2508 τὸ,
1876 2440 1941 2489 Οἱ

338 2525 397 2581 δε
447 2529 850 2592 καταξιωθέντες
897 2539 990 2581 τοῦ
1022 2532 1201 2591 αἰῶνος
1250 2529 1440 2582 ἐκείνου
1483 2537 1666 2601 τυχεῖν
1714 2533 1803 2580 καὶ
1846 2536 1940 2590 τῆς

335 2617 666 2680 ἀναστάσεως
692 2626 785 2681 τῆς
817 2619 873 2671 ἐκ
901 2627 1109 2692 νεκρῶν,
1134 2624 1222 2671 καὶ
1250 2621 1316 2672 τα
1347 2619 1428 2682 ἐξῆ
1440 2641 1482 2680 ς.

407 2868 448 2942 [’
477 2875 519 2921 Η
567 2868 680 2938 (84)
738 2876 836 2919 τῶν
907 2867 1134 2940 ἀγγέλων
1179 2871 1336 2940 φύσις
1390 2873 1483 2927 τήν
1532 2868 1603 2930 εἰς
1651 2869 1800 2943 ἄρρεν
1846 2871 1937 2919 καὶ

341 2957 470 3015 θῆλυ
543 2954 804 3030 ὃιαιρεσιν
859 2957 951 3008 ούκ
1004 2954 1328 3029 ἐπιδέχεται,
1395 2954 1531 3009 διότι
1592 2965 1687 3019 τῆς
1753 2959 1939 3018 θνητῆς

343 3047 549 3117 φύσεως
602 3047 632 3103 ἠ
683 3048 897 3103 τοιαύτη
952 3042 1231 3118 διαίρεσις,
1283 3047 1366 3098 οἷα
1408 3055 1503 3108 τῆς
1547 3036 1678 3118 (85$—
1711 3043 1805 3100 διὰ
1845 3054 1937 3099 τοῦ

335 3135 510 3206 γάμου
569 3130 912 3196 παιδοποιΐας
962 3139 1020 3188 τὸ
1083 3132 1176 3187 διὰ
1229 3143 1322 3188 τοῦ
1372 3137 1592 3188 θανάτου
1641 3140 1937 3209 κενούμενον

337 3221 534 3282 ἀναπλη
541 3226 634 3298 ρού
642 3243 708 3281 ση
717 3223 762 3296 ς]
777 3266 789 3280 .

407 3316 534 3383 Περὶ
596 3343 664 3351 —
725 3309 952 3376 Ἰακώϐ,·
993 3308 1305 3384 Ἐπειδὴπερ
1369 3310 1550 3364 ἐκεῖνοι
1623 3315 1710 3364 τὸν
1781 3320 1940 3366 Mani-

339 3403 435 3452 σέα
470 3399 831 3474 προεϐάλοντο,
879 3399 1056 3453 λοιπὸν
1100 3406 1189 3452 καὶ
1234 3401 1390 3463 αὐτὸς
1434 3401 1534 3453 ἀπὸ
1577 3410 1672 3464 τῆς
1714 3409 1936 3455 Μωσαῐ-

335 3497 435 3550 κῆς
480 3499 678 3561 γραφῆς
733 3492 946 3550 τούτους
993 3489 1339 3562 ἐπιστομίζει.
1396 3491 1476 3543 Ἐν
1517 3500 1578 3564 τῆ
1626 3491 1790 3563 βίϐλῳ
1833 3495 1933 3568 γὰρ

334 3585 430 3638 τῆς
480 3575 694 3640 Ἐξόδου
743 3582 809 3630 τὰ
854 3580 1078 3653 ῥηθέντα
1120 3584 1430 3654 γέγραπται.
1482 3585 1581 3633 Καὶ
1634 3586 1814 3633 σκόπει
1849 3585 1935 3633 τὸν

332 3665 502 3738 λόγον·
540 3669 671 3740 Ἐγὼ
703 3668 811 3740 εἰμι
855 3669 880 3720 ὁ
909 3672 1037 3730 Θεὸς
1069 3668 1326 3742 Ἀϐρααμ,
1377 3675 1467 3722 xui
1505 3671 1530 3721 6
1581 3675 1706 3731 Θεὸς
1734 3671 1933 3740 Ἰσαὰκ,

334 3761 424 3808 καὶ
482 3758 506 3808 6
559 3760 683 3817 Θεὸς
713 3757 920 3828 Ἰακὼϐ,
983 3759 1041 3812 ού
1095 3767 1194 3810 τῶν
1246 3761 1411 3817 πάντη
1469 3769 1676 3834 νεκρῶν·
1740 3761 1782 3812 εἰ
1834 3764 1934 3832 γὰρ

336 3847 506 3902 πάντη
548 3850 715 3919 νεκροὶ
758 3843 911 3915 ἦσαν,
964 3845 1097 3900 εἶπεν
1150 3850 1230 3912 οἶν,
1285 3850 1364 3900 ὅτι
1394 3849 1523 3920 Ἐγὼ
1556 3851 1693 3921 ἢμην
1725 3852 1750 3900 6
1795 3854 1931 3910 Θεὸς·

335 3932 447 3987 ἐπεὶ
481 3930 539 3986 δὲ
569 3931 725 4004 εἶπεν,
777 3937 855 3987 ὅτι
881 3937 1008 4008 Ἐγώ
1056 3937 1162 4010 εἰμι
1209 3939 1234 3989 6
1279 3941 1422 4007 Θεὸς,
1455 3935 1664 4005 ἔδειξεν,
1716 3940 1796 3990 ὅτι
1836 3946 1935 3990 τῶν

336 4021 628 4082 ἀναστῆναι
697 4023 993 4095 μελλόντων.
1062 4026 1261 4100 Ὠσπερ
1345 4029 1445 4099 γὰρ
1529 4029 1554 4078 6
1626 4024 1818 4100 Ἀδὰμ,
1894 4028 1938 4081 εἱ

333 4117 426 4164 xui
483 4111 597 4184 (86)
637 4114 726 4175 ἔζη
771 4116 901 4185 μετὰ
937 4119 1029 4172 τὴν
1080 4113 1180 4168 ἀπὸ
1230 4123 1320 4167 τοῦ
1374 4115 1524 4178 ξύλου
1557 4115 1747 4169 ἐκείνου
1789 4116 1935 4192 βρῶ-

336 4220 443 4272 σιν,
488 4199 593 4252 ἀλλ’
637 4197 723 4254 οὖν
768 4201 817 4254 ἐν
911 4205 1081 4276 ἡμέρᾳ
1115 4207 1286 4276 ἔφαγε,
1325 4207 1536 4264 τέθνηκε
1581 4214 1642 4278 τῇ
1679 4205 1935 4278 ἀποφάσει

330 4298 425 4350 τῆς
455 4290 712 4354 τελευτῆς.
757 4290 892 4344 ούτω
940 4298 1030 4345 xui
1076 4294 1240 4359 οὗτοι,
1292 4294 1333 4346 εἰ
1381 4300 1470 4347 και
1510 4294 1780 4364 ἀπέθανον,
1826 4296 1932 4349 ἀλλ’
1965 4307 2012 4374 p

330 4375 420 4430 οὖν
447 4381 595 4450 ἔζων,
619 4389 679 4453 τῇ
711 4383 1004 4454 ὑποσχέσει
1035 4391 1129 4444 τῆς
1160 4380 1512 4447 ἀναστάσεως,

396 4577 508 4634 Οὐκ
560 4610 629 4618 --
683 4579 910 4638 ζώντων.
967 4577 1024 4630 τΟ
1069 4581 1157 4650 μὲν
1209 4581 1310 4651 γὰρ
1369 4583 1507 4644 Θεὸς,
1564 4589 1630 4630 ῶν
1678 4585 1767 4632 xui
1812 4582 1933 4639 ζων·

325 4669 349 4718 6
406 4665 464 4719 δὲ
511 4671 711 4741 νεκρὸς,
773 4668 868 4719 οὐκ
898 4672 966 4718 ὤν
1018 4673 1107 4720 xui
1156 4668 1214 4719 ού
1260 4668 1379 4728 ζῶν.
1419 4673 1518 4720 Καὶ
1565 4674 1668 4739 μὴν
1703 4669 1936 4742 ἀλλαχοῦ

323 4759 635 4828 γέγραπται,
708 4755 819 4809 Ἵνα
873 4763 965 4810 καὶ
1026 4766 1212 4833 νεκρῶν
1261 4763 1351 4810 xui
1400 4759 1602 4818 ζώντων
1659 4763 1936 4834 κυριεύσῃ.

329 4841 491 4895 Ἀλλά
543 4843 696 4897 κάκεῖ
745 4851 961 4921 νεκροὺς
1011 4852 1137 4914 νόει,
1175 4852 1304 4911 τοὺς
1365 4847 1698 4920 μάναστῆναι
1763 4849 1937 4902 ἐλλον-

404 5048 426 5082 ⁸
468 5049 606 5103 Luc.
630 5064 731 5115 xx,
763 5053 848 5106 36.

963 5054 983 5088 9
1009 5055 1183 5111 Marc.
1215 5071 1311 5121 xu,
1341 5058 1428 5111 25.
1543 5055 1591 5090 ¹⁰
1621 5055 1759 5111 Luc.
1792 5071 1882 5122 xx,
1924 5055 2016 5120 36,

1280 345 1647 410 COMMENT.
1694 350 1759 405 [N
1799 337 2231 404 MATTHEUM.
2275 365 2340 388 _-
2382 347 2532 404 CAP.
2579 330 2748 402 XXII.

1972 2967 2334 3048 Cfeminam
2404 2982 2527 3023 non
2596 2966 2868 3037 suscipit,

3593 341 3698 400 582

2049 488 2170 529 non
2201 471 2520 542 intelligitis
2573 472 2946 543 propheticas
2996 473 3326 546 Scripturas
3379 489 3514 546 qum
3574 489 3699 531 non

2048 562 2248 630 talem,
2305 561 2547 634 qualem
2597 577 2695 616 vos
2754 563 3162 634 suspicamini,
3231 563 3446 619 docent
3510 580 3700 620 resur-

2050 653 2412 706 rectionem:
2473 655 2528 705 et
2591 650 2768 705 veluti
2835 652 3180 718 ignorantes
3245 653 3523 710 virtutem
3575 657 3694 720 Dei,

2049 757 2177 811 qua)
2231 739 2896 794 mortuos'resuscitare
2955 746 3166 812 potest,
3223 743 3348 797 sine
3396 744 3697 815 prioribus

2048 828 2356 883 habitibus
2382 831 2436 882 et
2457 826 2787 883 affectibus.

2125 919 2278 972 Vers.
2331 921 2418 972 30.
2482 917 2546 970 In
2581 948 2648 956 —
2694 918 2915 985 nuptui
2971 918 3307 974 tradentur.
3342 923 3541 994 Neque
3595 922 3700 979 viri

2051 1005 2502 1062 matrimonium
2574 1005 2941 1068 contrahent,
3001 1021 3198 1077 neque
3257 1008 3533 1064 mulieres
3592 1028 3700 1067 nu-

2048 1095 2176 1167 plui
2199 1093 2522 1157 tradentur,
2551 1094 2664 1149 hoc
2692 1099 2929 1159 est,non
2961 1095 3403 1165 conjungentur
3429 1098 3588 1163 viris,
3616 1104 3702 1154 ut-

2048 1188 2185 1255 pote
2202 1199 2322 1238 non
2344 1182 2749 1238 exsistenteibi
2764 1181 2978 1239 affectu
2996 1184 3265 1256 nuptiali.
3286 1186 3455 1257 Apud
3481 1188 3700 1244 Lucam

2047 1277 2248 1329 autem
2288 1272 2558 1328 addidit:
2600 1273 2800 1343 Neque
2846 1274 3106 1341 amplius
3136 1276 3290 1329 mori
3313 1279 3590 1343 poterunt
3637 1277 3698 1342 0;

2045 1362 2364 1418 ostendens
2411 1362 2575 1433 quod
2637 1362 2856 1433 nuptiae
2899 1368 3143 1434 propter
3203 1369 3454 1420 mortem
3530 1365 3700 1421 factm

2047 1457 2202 1516 sunt,
2263 1456 2325 1505 ut
2364 1450 2494 1506 loco
2553 1455 2919 1506 mortuorum
2972 1451 3072 1507 alii
3130 1460 3537 1522 generentur;
3599 1455 3702 1510 ubi

2047 1545 2244 1595 autem
2288 1555 2407 1594 non
2463 1543 2552 1594 est
2606 1555 2786 1607 mors,
2842 1541 2969 1610 jam
3032 1557 3229 1613 neque
3272 1543 3495 1614 nuptias
3542 1548 3697 1598 sunt.

2119 1631 2275 1684 Vers.
2310 1634 2397 1685 30.
2425 1630 2546 1685 Sed
2572 1660 2637 1669 —
2669 1635 2856 1685 erunt.
2905 1632 2981 1684 De
3015 1630 3153 1684 solis
3175 1631 3350 1701 justis
3398 1631 3536 1688 dicit
3580 1631 3698 1700 hic,

2046 1721 2205 1789 quod
2233 1719 2514 1789 deinceps
2557 1718 2734 1790 quasi
2795 1718 2991 1787 angeli
3051 1724 3240 1786 erunt,
3296 1727 3591 1792 quantum
3623 1721 3700 1778 ad

2047 1806 2426 1862 aﬂ‘ectionum
2455 1823 2524 1862 ac
2567 1806 2939 1877 voluptatum
2985 1809 3308 1863 carentiam
3339 1827 3355 1879 ;
3414 1815 3703 1881 praeterea

2048 1896 2225 1950 etiam
2275 1895 2479 1966 quoad
2536 1895 3047 1951 immortalitatem
3114 1897 3430 1968 lucemque
3499 1913 3704 1968 perpe-

2048 1987 2213 2040 tuam
2287 1985 2386 2054 (α).
2446 1983 2615 2048 Quod
2699 1988 2897 2038 autem
2983 1983 3166 2038 dicit:
3254 1985 3427 2055 quasi
3507 1983 3703 2055 angeli

2052 2073 2150 2127 Dei
2179 2074 2236 2127 in
2271 2072 2440 2140 caelo,
2473 2072 2586 2126 hoc
2630 2076 2738 2136 est,
2773 2071 2948 2143 quasi
3016 2073 3213 2140 angeli
3249 2072 3365 2142 Dei,
3423 2072 3526 2144 qui
3566 2077 3704 2128 sunt

2047 2160 2109 2216 in
2159 2161 2325 2216 ccelo.
2389 2161 2476 2215 Ita
2528 2160 2687 2214 enim
2754 2159 2903 2214 dixit
2954 2159 3188 2214 Marcus
3240 2163 3281 2211 θ.
3329 2161 3516 2216 Lucas
3561 2177 3703 2217 vero

2048 2251 2212 2322 quod
2305 2249 2500 2320 majus
2561 2254 2646 2303 est
2707 2248 2890 2303 dicit:
2950 2249 3021 2304 Et
3069 2250 3186 2317 ﬁlii
3231 2256 3398 2304 erunt
3457 2251 3562 2306 Dei
3631 2252 3698 2320 ιο,

2048 2355 2184 2393 cum
2218 2338 2480 2392 futurum
2523 2337 2612 2400 sit,
2661 2341 2723 2391 ut
2762 2336 2879 2390 sint
2914 2336 3017 2391 ﬁlii
3066 2338 3528 2404 resurrectionis,
3589 2339 3702 2393 hoc

2049 2431 2153 2491 est,
2209 2425 2538 2496 regenerati
2591 2441 2694 2496 per
2749 2426 3237 2480 resurrectionem
3283 2443 3414 2498 quae
3472 2432 3558 2482 est
3601 2427 3701 2482 ite-

2047 2520 2178 2571 rata
2225 2514 2548 2586 generatio.
2593 2516 2672 2569 De
2715 2513 2896 2584 justis
2934 2514 3094 2568 enim
3143 2515 3324 2570 etiam
3370 2515 3448 2570 ab
3496 2531 3567 2571 eo
3620 2517 3703 2570 di-

2047 2611 2207 2660 ctum
2236 2609 2327 2659 est
2374 2626 2384 2656 :
2422 2604 2536 2670 Qui
2579 2619 2714 2659 vero
2743 2603 2910 2673 digni
2964 2604 3358 2671 habebuntur,
3416 2609 3479 2659 ut
3529 2621 3698 2662 saecu-

2049 2694 2171 2748 lum
2193 2693 2346 2748 illud
2375 2699 2811 2762 consequantur
2837 2698 2889 2748 et
2920 2693 3410 2750 resurrectionem
3452 2707 3527 2750 ex
3545 2710 3698 2749 mor-

2047 2782 2162 2838 tuis
2187 2783 2253 2846 ¹¹,
2285 2786 2391 2838 etc.

2117 2879 2158 2948 -ἶ-
2191 2878 2541 2948 Angelorum
2572 2881 2787 2933 natura
2806 2876 3162 2932 divisionem
3193 2877 3251 2932 in
3285 2877 3623 2933 masculum
3646 2881 3704 2934 et

2954 2966 3089 3037 quia
3142 2967 3410 3022 mortalis
3469 2973 3701 3023 natura:

2046 3061 2133 3112 est
2166 3055 2505 3127 hujusmodi
2552 3054 2787 3119 divisio,
2849 3060 2908 3110 ut
2965 3069 3070 3125 per
3117 3055 3375 3111 ﬁliorum
3428 3071 3699 3127 procrea-

2044 3146 2288 3210 tionem,
2321 3160 2456 3217 qum
2480 3145 2540 3200 in
2570 3145 2792 3216 nuptiis
2817 3147 2921 3209 est,
2961 3143 3187 3216 repleat
3233 3145 3293 3199 id
3316 3144 3481 3215 quod
3506 3149 3694 3200 morte

2046 3238 2390 3292 evacuatur.

2115 3343 2276 3396 Vers.
2303 3343 2388 3395 31.
2422 3341 2499 3395 De
2525 3371 2594 3378 —
2624 3339 2788 3394 Vers.
2831 3341 2917 3393 32.
2946 3339 3123 3395 Iacob
3153 3339 3181 3394 ?
3208 3337 3360 3405 Quia
3390 3338 3470 3394 illi
3497 3342 3697 3396 Mosen

2044 3429 2558 3501 objecerunt,jam
2587 3428 2766 3484 etiam
2824 3427 3089 3483 Mosaica
3135 3427 3432 3499 Scriptura
3493 3444 3701 3484 eorum

2044 3517 2306 3574 obdurat
2325 3533 2449 3574 ora.
2482 3518 2546 3572 In
2572 3516 2725 3573 libro
2760 3517 2918 3572 enim
2967 3516 3151 3572 Exodi
3182 3515 3401 3588 scripta
3432 3522 3571 3572 sunt
3630 3519 3695 3584 η,

2043 3624 2177 3680 quae
2234 3606 2328 3662 hic
2383 3607 2682 3662 dicuntur.
2732 3609 2799 3661 Et
2849 3605 3158 3661 considera
3203 3606 3521 3671 rationem,
3572 3607 3701 3677 Ego

2041 3713 2166 3752 sum
2201 3697 2358 3752 Deus
2386 3697 2717 3760 Abraham,
2751 3700 2803 3752 et
2844 3696 2995 3751 Deus
3034 3697 3198 3752 Isaac
3228 3702 3280 3751 et
3311 3696 3464 3751 Deus
3493 3696 3698 3763 .Iacob,

2043 3801 2164 3840 non
2206 3785 2439 3856 penitus
2490 3790 2896 3853 mortuorum;
2925 3800 3067 3840 nam
3099 3785 3146 3838 si
3193 3785 3432 3856 penitus
3483 3785 3702 3840 mortui

2043 3874 2311 3937 fuissent,
2353 3873 2595 3928 dixisset
2636 3874 2837 3944 utique
2881 3889 2893 3928 :
2939 3874 3059 3942 Ego
3104 3887 3268 3927 eram
3309 3873 3462 3927 Deus
3481 3891 3499 3943 3
3539 3887 3701 3928 nunc

2044 3966 2244 4017 autem
2286 3961 2430 4033 quia
2468 3961 2636 4025 dixit,
2674 3962 2802 4032 Ego
2832 3977 2959 4016 sum
2989 3960 3142 4017 Deus
3185 3959 3517 4030 Abraham,
3564 3967 3698 4026 etc.,

2045 4050 2304 4107 ostendit
2345 4051 2510 4122 quod
2541 4067 2750 4106 eorum
2782 4049 2885 4122 qui
2917 4049 3303 4105 resurrecturi
3334 4052 3518 4115 erant,
3561 4052 3698 4104 tan-

2045 4155 2224 4211 quam
2251 4140 2542 4205 vivorum,
2569 4139 2724 4195 Deus
2750 4143 2929 4194 esset.
2960 4138 3124 4193 Sicut
3143 4137 3302 4192 enim
3324 4137 3537 4204 Adam,
3566 4137 3706 4194 licet

2043 4229 2281 4284 vivebat
2343 4233 2476 4300 post
2526 4227 2671 4298 ligni
2725 4226 2881 4283 illius
2934 4242 3123 4292 esum,
3182 4230 3446 4282 attamen
3497 4227 3559 4282 in
3606 4226 3705 4284 die

2043 4335 2165 4390 quo
2194 4319 2473 4386 comedit,
2510 4323 2780 4373 mortuus
2810 4323 2895 4372 est
2925 4333 3029 4388 per
3059 4316 3266 4372 mortis
3299 4317 3652 4372 sententiam
3687 4335 3699 4375 :

2045 4408 2127 4462 sic
2159 4414 2214 4463 et
2243 4407 2335 4462 isti
2365 4423 2720 4480 quanquam
2771 4407 2986 4462 mortui
3017 4411 3203 4471 erant,
3245 4411 3508 4461 attamen
3541 4406 3708 4462 vive-

2046 4497 2190 4552 bant
2218 4512 2323 4567 per
2348 4496 2793 4552 resurrectionis
2823 4488 3308 4568 promissionem.

2118 4587 2275 4639 Vers.
2302 4589 2388 4641 32.
2413 4586 2541 4642 Non
2566 4616 2634 4626 —
2657 4587 2996 4641 viventium.
3022 4586 3171 4637 Deus
3195 4583 3490 4653 siquidem
3516 4586 3700 4646 etest,

2047 4678 2104 4730 et
2155 4674 2293 4729 vivit
2339 4691 2351 4728 :
2407 4679 2675 4728 mortuus
2720 4689 2855 4726 vero
2883 4688 2991 4725 nec
3019 4675 3124 4735 est,
3158 4686 3268 4724 nec
3311 4669 3470 4724 vivit.
3526 4671 3703 4740 Atqui

2047 4763 2185 4819 alibi
2224 4763 2509 4834 scriptum
2558 4765 2642 4816 est
2678 4782 2688 4812 :
2731 4761 2801 4815 Ut
2833 4767 2883 4814 et
2913 4764 3286 4814 mortuorum
3332 4761 3383 4812 et
3435 4757 3702 4813 vivorum

2046 4853 2384 4909 dominetur
2404 4853 2471 4903 1³.
2499 4848 2614 4906 Sed
2634 4848 2716 4904 ibi
2737 4863 2978 4921 quoque
3001 4849 3271 4902 mortuos
3295 4844 3552 4915 intellige
3573 4860 3701 4912 eos,

2127 5057 2170 5091 ¹¹
2215 5054 2359 5112 Ibid.
2392 5057 2482 5111 35.

2597 5055 2643 5089 ¹²
2678 5052 2858 5110 Exod.
2891 5069 2968 5126 ui,
3005 5056 3057 5108 6.
3168 5051 3216 5086 ¹³
3248 5053 3416 5116 Rom.
3449 5065 3571 5107 xrv.
3643 5051 3698 5105 9.

1541 5233 1768 5302 Variae
1798 5233 2127 5306 lectiones
2171 5241 2237 5300 et
2268 5241 2470 5300 notae.

539 5453 716 5528 Urget
743 5467 886 5526 ergo
915 5455 1234 5528 articulum
1254 5458 1302 5508 οἱ
1332 5459 1490 5528 apud
1513 5461 1793 5516 Marcum.

391 5450 508 5595 {83g
539 5453 716 5523 Urget
743 5467 886 5526 ergo
915 5455 1234 5514 articulum
1254 5458 1302 5508 οἱ
1332 5459 1490 5528 apud
1513 5461 1793 5516 Marcum.

415 5522 484 5578 84
547 5523 785 5582 Inclusa
827 5525 1019 5584 codex
1048 5537 1296 5600 uterque
1328 5529 1391 5584 in
1421 5530 1690 5601 margine
1730 5529 1926 5585 habet.

392 5702 498 5775 (a).
513 5700 797 5765 φωτοειδές
815 5720 938 5762 non
961 5709 1052 5762 est
1069 5707 1180 5762 lux
1194 5714 1496 5778 perpetua,
1518 5710 1622 5762 sed
1659 5707 1968 5764 lucidum.-

2108 5458 2223 5530 (85)
2256 5455 2476 5530 Malim,
2519 5452 2603 5507 οἷα
2643 5453 2736 5530 διὰ
2765 5463 2872 5515 τῆς.

2111 5527 2223 5599 (86)
2266 5527 2438 5592 Εἰκὸς,
2493 5543 2603 5599 pro
2656 5528 2699 5580 εἰ
2747 5532 2837 5579 καί
2878 5529 2948 5580 Α.
