4186 6318
488 269 594 330 587
1811 246 2160 312 EUTHYMII
2199 243 2530 305 ZIGABENI
3762 242 3871 300 588

493 400 690 459 solum
719 413 789 456 os
815 396 898 454 eis
922 391 1262 460 obduravit,
1285 387 1393 446 sed
1413 390 1468 446 et
1491 387 1766 445 timorem
1797 382 1856 439 in
1883 381 2146 437 futurum

2218 373 2510 447 ,ἐφιμωσεν
2555 376 2764 440 αὐτοὺς,
2817 371 3060 425 ἀλλὰκαὶ
3106 369 3178 431 εἰς
3224 372 3283 422 τὸ
3335 369 3452 432 ἑξῆς
3501 367 3656 442 φόϐον
3690 367 3871 431 αὐτοῖς

490 491 642 563 ipsis
667 485 936 544 incussit.
1176 555 1182 562 .
2047 559 2062 563 Δ

825 485 936 542 ssit.
2259 464 2454 517 ἐνέϐαλε
2468 510 2478 521 .

565 577 722 636 CAP.
753 577 946 633 XXIII.
967 574 1134 630 Vers.
1170 555 1187 628 ί
1223 573 1382 628 Tunc
1402 600 1470 612 —
1497 568 1633 624 suis.
1657 568 1840 633 Tunc,
1859 559 2106 634 quando
2126 565 2150 610 ?

2328 573 2476 625 ΚΕΦ.
2543 569 2659 625 Al".
2741 577 2867 624 Τότε
2957 600 3025 610 -
3083 567 3263 620 αὐτοῦ.
3334 570 3480 632 Τότε,
3560 569 3702 632 πότε,
3741 564 3869 618 Ὀτι

489 668 815 740 Postquam
831 668 1119 722 tentantes
1137 659 1480 718 refrenavit:
1505 661 1834 730 postquam
1856 651 2066 717 effecit,
2087 655 2142 705 ul

2257 675 2544 748 ἐχαλίνωσε
2589 682 2710 738 τοὺς
2756 676 3110 750 πειράζοντας,
3160 676 3242 726 ὅτε
3289 675 3523 739 ἔστησεν,
3573 674 3707 732 ᾧστε
3748 672 3864 744 (92)

492 756 752 828 amplius
762 755 883 812 non
901 753 1190 810 auderent
1206 749 1376 806 illum
1400 749 1765 817 interrogare
1793 764 1803 802 :
1824 747 2145 814 postquam

2255 771 2442 838 μηκέτι
2527 767 2717 839 τολμᾷν
2797 767 3120 840 ἐπερωτῆσαι
3195 763 3372 828 αὑτὸν,
3433 763 3515 815 ὅτε
3598 758 3864 824 ἀπέδειξεν

491 844 922 903 demonstravit
949 857 1053 898 eos
1080 837 1601 897 immedicabiliter
1620 838 1929 903 aegrotare.

1118 837 1601 895 nmedicabilitel‘
1620 838 1929 903 ωὲτοίδονθ·
2256 837 2443 909 ἆνίατα
2471 837 2771 918 νοσούντας.

559 953 722 1010 Vers.
773 955 827 1007 2.
881 951 1085 1006 Diceris
1115 965 1128 1002 :
1157 947 1411 1001 —-‘Vers.
1473 943 1525 998 3.
1575 957 1650 998 ne
1695 940 1973 1012 feceritis.
2031 939 2174 994 Mo»

2327 949 2504 1016 Λέγων
2537 977 2602 986 -
2643 949 2714 1017 μή
2745 950 2957 997 ποιεῖτε.
3012 949 3116 995 Τοῦ
3168 947 3479 1007 Μωσαίκοῦ,
3527 945 3680 1012 φησὶ,
3740 942 3863 1016 θρό-

491 1042 688 1108 εαὶοω,
729 1039 940 1111 inquit,
974 1038 1149 1106 sedis,
1179 1052 1312 1108 quae
1352 1034 1663 1089 doctorum
1697 1036 1802 1096 est,
1835 1028 1972 1084 facti
2011 1031 2144 1084 sunt

2255 1036 2362 1101 νου,
2390 1042 2479 1087 τοῦ
2510 1032 2915 1097 διδασκαλικοῦ,
2969 1029 3228 1103 διάδοχοι
3256 1035 3525 1102 γεγόνασι.
3578 1032 3674 1082 Διὰ
3708 1037 3857 1081 τοῦτο

490 1144 870 1187 successores
904 1144 915 1183 :
945 1128 1080 1183 ideo
1110 1138 1446 1196 quaecunque
1472 1122 1723 1176 dixerint
1752 1119 1906 1175 vobis
1938 1125 2000 1172 ut
2031 1133 2143 1173 ser-

2255 1126 2444 1186 πάντα,
2527 1125 2628 1175 ὅσα
2709 1124 2771 1174 ἄν
2863 1125 3076 1174 εἴπωσιν
3177 1122 3297 1192 ὑμῖν
3383 1127 3578 1193 τηρεῖν,
3662 1127 3857 1192 τηρεῖτε

489 1221 642 1283 vetis,
677 1225 904 1275 servate
932 1221 987 1272 et
1011 1216 1192 1286 facite
1215 1232 1232 1281 ;
1263 1229 1384 1270 non
1411 1211 1570 1267 enim
1600 1225 1735 1282 quae
1767 1223 1877 1262 sua
1908 1210 2045 1262 sunt
2070 1207 2142 1262 di-

2255 1216 2344 1263 καὶ
2399 1218 2608 1266 ποιεῖτε.
2665 1210 2741 1263 Ou’
2772 1213 2870 1283 γὰρ
2904 1212 2968 1261 τὰ
3017 1209 3208 1261 ἑαυτῶν
3256 1208 3518 1279 λέγουσιν,
3577 1209 3660 1259 ὅτε
3707 1203 3861 1259 διδά-

490 1312 631 1364 cunt
672 1305 918 1380 quando
957 1305 1195 1369 docent,
1237 1301 1343 1357 sed
1388 1315 1525 1372 quae
1579 1298 1698 1363 Dei,
1745 1302 1801 1352 et
1849 1312 1983 1368 quae
2041 1312 2143 1367 per

2257 1319 2493 1371 σκουσιν,
2565 1298 2690 1352 ἀλλὰ
2747 1308 2836 1351 τοῦ
2894 1306 3046 1367 Θεοῦ,
3127 1302 3218 1349 καὶ
3269 1298 3368 1349 ὅσα
3427 1293 3520 1349 διὰ
3600 1301 3863 1358 Μωϋσέως

489 1397 714 1453 Mosem
740 1399 959 1450 statuta
988 1395 1142 1448 sunt.
1177 1393 1322 1445 Cum
1356 1394 1556 1444 autem
1589 1387 1728 1441 dicit
1769 1385 1990 1450 omnia,
2023 1401 2142 1441 non

2256 1389 2611 1461 ἐνομοθέτησε.
2675 1389 2852 1441 Πάντα
2909 1385 2968 1440 δέ
3024 1387 3198 1456 εἰπὼν,
3261 1385 3319 1438 ού
3368 1392 3542 1438 πᾶσαν
3589 1384 3725 1456 λέγει
3769 1390 3860 1444 τὴν

490 1501 670 1542 omne
692 1483 961 1554 intelligit
977 1486 1284 1547 statutum,
1308 1483 1454 1551 puta
1474 1479 1548 1534 de
1577 1475 1882 1532 sacriﬁciis
1904 1491 2143 1547 quoque

2253 1481 2582 1551 νομοθεσίαν,
2640 1479 2745 1531 οἷον
2797 1482 2886 1529 καὶ
2963 1479 3029 1528 τὰ
3105 1480 3224 1550 περὶ
3275 1477 3470 1528 θυσιῶν
3514 1478 3695 1527 καὶτὰ
3740 1481 3859 1548 περὶ

491 1589 563 1631 ac
602 1573 774 1639 cibis,
818 1571 1073 1642 aliisque
1117 1567 1442 1624 similibus.
1493 1569 1623 1631 Quo
1667 1565 1826 1621 enim
1869 1569 2046 1636 pacto
2085 1564 2144 1620 id

2255 1567 2545 1640 βρωμάτων
2605 1572 2696 1620 καὶ
2751 1568 2818 1618 τὰ
2860 1573 3091 1618 τοιαῦτα·
3168 1572 3280 1626 πῶς
3346 1566 3448 1636 ’γὰρ
3501 1563 3535 1614 ἆ
3587 1562 3855 1636 προλαϐὼν

480 1661 737 1735 juberet,
765 1676 905 1716 cum
935 1659 998 1715 in
1026 1657 1496 1732 praecedentibus
1523 1656 1707 1711 ﬁnem
1728 1653 1818 1709 his
1844 1653 2133 1726 imposue-

2207 1658 2472 1735 ,ἔπαυσεν
2525 1673 2540 1723 ;
2600 1655 2726 1708 ἀλλά
2771 1657 2942 1707 πάντα
2996 1654 3195 1714 πάντως
3255 1656 3320 1706 τὰ
3375 1649 3685 1727 διορθοῦντα
3731 1649 3860 1714 ἦθος

487 1720 563 1808 i'it
589 1751 618 1806 Ὺ
655 1750 760 1806 sed
795 1749 1002 1806 omnia
1039 1747 1386 1820 simpliciter
1423 1762 1559 1818 quae
1599 1759 1798 1800 mores
1837 1743 2140 1815 corrigunt

2207 1724 2339 1798 ικαὶ
2384 1744 2690 1818 βελτιοῡντα
2745 1748 2956 1819 τρόπον,
3037 1748 3126 1795 καὶ
3189 1747 3259 1814 μὴ
3330 1740 3702 1794 ἀντιπίπτοντα
3753 1749 3860 1803 τοῖς

490 1855 562 1897 ac
591 1839 869 1895 meliores
902 1837 1180 1903 reddunt,
1214 1852 1322 1891 nec
1352 1833 1714 1904 evangelicis
1757 1833 2143 1903 dogmatibus

2253 1835 2605 1906 εύαγγελικοῖς
2673 1830 3025 1905 διατάγμασι.
3096 1834 3243 1885 Κατὰ
3296 1826 3354 1882 δὲ
3400 1833 3466 1882 τὰ
3515 1832 3644 1904 ἔργα
3695 1830 3860 1883 αὐτῶν

490 1929 790 1984 contraria
805 1931 965 1982 sunt.
987 1927 1164 1981 Juxta
1184 1939 1366 1994 opera
1385 1939 1520 1980 vero
1539 1939 1739 1979 eorum
1760 1938 1834 1978 ne
1845 1923 2138 1992 feceritis;

2251 1927 2323 1996 μὴ
2389 1932 2602 1976 ποιεῖτε.
2665 1924 2927 1974 Ἀνοίκεια
2985 1922 3085 1996 γάρ
3147 1919 3251 1972 εἰσι
3312 1926 3422 1979 ταῖς
3481 1915 3860 1980 διδάσκαλίαις

491 2015 618 2071 suis
651 2030 917 2086 namque
954 2014 1240 2069 doctrinis
1276 2013 1693 2079 adversantur,
1727 2027 1949 2081 easque
1980 2026 2141 2066 coar-

2251 2012 2441 2079 αὐτῶν,
2494 2016 2584 2064 καὶ
2639 2008 3006 2084 διεφθαρμένα.
3095 2005 3341 2071 Ἐδίδαξε
3412 2012 3605 2071 τοίνυν,
3662 2009 3742 2061 ὅτι
3800 2007 3858 2060 ού

491 2109 702 2176 guunt.
721 2103 931 2159 Docuit
956 2118 1098 2171 ergo
1118 2118 1239 2157 non
1260 2105 1532 2173 oportere
1553 2100 1612 2155 in
1639 2105 2034 2172 praeceptores
2059 2101 2144 2155 in-

2251 2105 2361 2176 χρὴ
2411 2100 2886 2162 κατεξανίστασθαι
2937 2105 3034 2151 τῶν
3076 2093 3432 2164 διδασκάλων,
3488 2097 3531 2149 εἰ
3587 2101 3678 2149 καὶ
3733 2099 3862 2169 φαύ-

490 2208 752 2264 surgere,
781 2192 1278 2264 etiamsipravam
1298 2190 1564 2246 habeant
1583 2191 2097 2245 conversationem
2127 2205 2140 2246 :

2251 2188 2343 2247 λην
2396 2192 2584 2261 ἔχουσι
2638 2189 2921 2257 πολιτείαν,
2983 2186 3110 2238 ἀλλὰ
3155 2187 3426 2239 πείθεσθαι
3456 2189 3545 2258 μὲν
3588 2194 3651 2258 τῇ
3701 2182 3859 2239 διδα-

489 2282 596 2338 sed
621 2281 903 2337 doctrinae
925 2280 1172 2353 quidem
1197 2296 1404 2335 eorum
1431 2278 1696 2343 obedire,
1729 2277 1911 2334 vitam
1941 2283 2142 2334 autem

2255 2277 2448 2350 σκαλίᾳ
2493 2282 2705 2345 τούτων,
2780 2282 2850 2349 μὴ
2909 2278 3184 2349 μιμεῖσθαι
3233 2272 3292 2328 δὲ
3339 2278 3426 2328 τὸν
3483 2273 3686 2337 ἀνάξιον
3738 2274 3857 2347 βίον

489 2359 700 2426 ecrum
745 2369 1062 2439 indignam
1100 2384 1224 2425 non
1261 2367 1492 2424 imitari.
1546 2366 1829 2422 Docentes
1879 2382 2142 2439 namque

2253 2367 2440 2422 αὐτῶν.
2495 2367 2822 2430 Ἀξιόπιστοι
2891 2369 2980 2438 μὲν
3037 2367 3137 2440 γάρ
3199 2365 3302 2418 εἰσι
3363 2361 3722 2433 διδάσκοντες,
3759 2364 3851 2416 οὐκ

487 2459 608 2516 ﬁde
637 2459 804 2530 digni
836 2463 993 2524 sunt,
1027 2462 1086 2515 at
1115 2474 1238 2514 non
1278 2461 1416 2513 sunt
1445 2456 1771 2512 imitatione
1799 2455 1970 2526 digni
1999 2472 2137 2512 con-

1454 2456 1771 2512 imitatione
1799 2455 1970 2526 digni
1999 2472 2137 2512 con-
2254 2456 2594 2519 ἀξιοζήλωτοι
2617 2453 2676 2508 δὲ
2700 2455 3107 2527 πολιτευόμενοι,

487 2554 809 2606 versantes.

560 2638 756 2695 Potest
774 2641 975 2695 autem
1005 2641 1062 2694 et
1091 2633 1258 2694 aliter
1278 2633 1414 2701 dici,
1437 2633 1603 2708 quod
1629 2635 1773 2706 quia
1794 2634 1874 2691 ad
1896 2650 2139 2693 servan-

2323 2650 2474 2704 ’Ἐστι
2534 2648 2594 2705 δε
2643 2654 2732 2703 καὶ
2793 2651 2958 2723 ἕτερον
3003 2650 3183 2716 εἰπεῖν,
3247 2650 3316 2711 ὡς
3369 2647 3479 2702 ἐπεὶ
3536 2648 3705 2723 ἔμελλε
3764 2646 3858 2704 διὰ

488 2727 632 2784 dam
651 2728 908 2792 turbam,
934 2727 1177 2783 tandem
1197 2724 1510 2782 manifeste
1531 2723 2000 2795 reprehensurus
2017 2731 2141 2783 erat

2252 2740 2481 2812 φυλακὴν
2528 2748 2619 2792 τοῦ
2671 2738 2834 2811 ὄχλου
2869 2742 2934 2790 τὰ
2999 2739 3266 2791 τελευταῖα
3309 2735 3588 2811 προδήλως
3642 2737 3855 2811 ἀπελέγο

486 2816 683 2874 malas
711 2816 953 2873 illorum
989 2815 1368 2886 operationes
1403 2830 1415 2870 :
1450 2830 1527 2870 ne
1554 2819 1830 2885 putarent
1867 2816 2136 2887 quidam,

2249 2848 2365 2901 χειν
2395 2832 2488 2891 τὰς
2548 2831 2780 2901 πονηρὰς
2854 2827 3067 2902 πράξεις
3120 2827 3307 2894 αὐτῶν,
3372 2830 3455 2880 ἶνα
3485 2832 3574 2900 μὲν
3616 2833 3684 2900 μή
3718 2847 3847 2889 τινες

488 2905 655 2977 quod
671 2921 875 2962 amore
891 2903 1259 2977 principatus
1273 2919 1480 2960 eorum
1500 2903 1967 2960 calumniaretur
1981 2905 2136 2970 illos,

2249 2920 2517 2985 οἰηθῶσιν,
2571 2920 2651 2970 ὅτι
2716 2920 2868 2992 ἔρωτι
2923 2926 3017 2980 τῆς
3094 2916 3270 2992 ἀρχῆς
3348 2917 3517 2970 αὐτῶν
3585 2913 3845 2970 διαϐάλλει

483 2993 832 3066 hujusmodi
877 2993 1142 3066 primum
1182 2999 1350 3048 curat
1398 2993 1825 3065 suspicionem,
1875 2993 2080 3049 dicens
2122 3011 2134 3050 :

2196 3010 2481 3081 _roﬁrovg,
2579 3008 2992 3081 προεθεράπευσε
3097 3010 3191 3064 τὴν
3309 3009 3558 3065 τοιαύτην
3658 3007 3849 3064 ὑπολη-

489 3082 705 3139 Omnia
721 3097 1072 3154 quaecunque
1089 3081 1353 3138 dixerint
1369 3082 1528 3138 vobis
1551 3087 1615 3136 ut
1629 3082 1894 3151 servetis,
1915 3092 2140 3141 servate

2200 3071 2334 3167 1’,ριν
2399 3095 2534 3168 (93),
2587 3095 2736 3147 εἰπών
2793 3111 2805 3125 ³
2895 3097 3091 3162 Πάντα,
3149 3096 3250 3148 ὅσα
3303 3094 3388 3148 ἐὰν
3465 3099 3682 3148 εἴπωσιν
3733 3096 3853 3167 ύμῖν

485 3176 542 3228 et
559 3171 766 3240 facite,
797 3171 907 3227 etsi
932 3187 1055 3227 non
1086 3176 1324 3242 propter
1364 3171 1548 3227 vitam
1586 3170 1850 3240 illorum,
1893 3177 1953 3228 at
1990 3188 2134 3244 pro-

2244 3191 2438 3256 τηρεῖν,
2496 3191 2698 3258 τηρεῖτε
2753 3188 2842 3236 καὶ
2889 3191 3100 3248 ποιεῖτε,
3140 3184 3183 3236 εἰ
3233 3189 3324 3237 καὶ
3362 3189 3432 3256 μὴ
3488 3180 3577 3236 διὰ
3605 3186 3691 3235 τὸν
3735 3182 3851 3254 βίον

483 3263 616 3333 pter
663 3260 1012 3332 dignitatem
1066 3275 1136 3317 ac
1183 3259 1472 3316 doctrinae
1527 3261 1753 3315 sedem.
1804 3262 1886 3316 Ne
1931 3265 2135 3317 tamen

2246 3273 2434 3337 αὐτῶν,
2489 3271 2616 3324 ἀλλά
2657 3292 2715 3344 γε
2775 3269 2867 3324 διὰ
2919 3276 3003 3324 τὸν
3052 3271 3278 3346 ἀρχικὸν
3328 3279 3418 3327 καὶ
3471 3268 3853 3326 διδασκαλικὸν

482 3349 735 3422 quidam
762 3349 1135 3405 adhaerentes
1168 3349 1454 3405 doctrinis
1485 3365 1712 3415 eorum,
1762 3348 2135 3406 imitarentur

2247 3364 2440 3435 θρόνον·
2523 3363 2605 3414 ἱνα
2672 3357 2731 3414 δὲ
2784 3367 2855 3432 μή
2927 3381 3078 3427 τινες,
3137 3364 3430 3434 πειθόμενοι
3486 3369 3603 3424 ταῖς
3661 3364 3857 3414 τούτων

482 3452 726 3509 quoque
748 3437 1019 3510 ipsorum
1047 3438 1253 3502 vitam,
1282 3437 1510 3493 addidit
1539 3453 1551 3492 :
1583 3439 1768 3493 Juxta
1794 3453 1968 3506 opera
1999 3453 2135 3494 vero

2247 3445 2642 3514 διδασκαλίαις,
2695 3449 2979 3510 ζηλώσωσι
3031 3453 3118 3502 καὶ
3169 3454 3255 3502 τὸν
3305 3449 3418 3523 βίον
3450 3451 3637 3521 αὐτῶν,
3692 3470 3854 3525 προσ-

483 3541 681 3582 eorum
710 3541 783 3580 ne
806 3526 1076 3596 feceritis.
1118 3529 1183 3581 Et
1212 3526 1295 3582 ita
1325 3527 1430 3581 ubi
1460 3542 1585 3582 sese
1618 3526 1957 3598 suspicione
1985 3525 2136 3583 libe-

2244 3539 2415 3607 ἐθηκε,
2476 3541 2620 3591 Κατά
2674 3535 2732 3590 δὲ
2775 3538 2842 3590 τὰ
2911 3541 3037 3612 ἔργα
3097 3538 3262 3591 αὐτῶν
3335 3543 3408 3609 μὴ
3477 3545 3686 3591 ποιεῖτε.
3749 3539 3855 3593 Καὶ

482 3615 652 3682 ravit,
683 3615 891 3687 incipit
919 3616 1470 3688 reprehensionem.

2244 3626 2402 3688 οὕτως
2468 3625 2758 3680 ἀνύποπτον
2831 3633 3167 3687 καταστήσας
3221 3626 3418 3691 ἑαυτὸν,
3483 3627 3712 3700 ἄρχεται
3761 3634 3853 3688 τῆς

537 3787 544 3792 ν
2242 3735 2468 3791 κατηγορ
2479 3721 2583 3777 ίας.

552 3795 717 3851 Vers.
759 3794 812 3851 3.
852 3795 1072 3852 Dicunt
1097 3795 1446 3865 —faciunt.
1483 3794 1624 3850 Vide
1659 3795 1818 3851 unde
1864 3795 2130 3868 incipiat.

2313 3809 2544 3875 Λέγουσι
2595 3836 2666 3845 -
2716 3812 2976 3860 ποιοῦσιν.
3038 3799 3172 3870 Ἴδε,
3229 3803 3383 3855 πόθεν
3429 3803 3676 3877 ἄρχεται.
3738 3807 3851 3865 Πᾶς

481 3885 832 3958 Quicunque
884 3890 1039 3941 certe
1084 3883 1279 3954 legem
1335 3883 1788 3956 transgreditur,
1846 3887 2134 3945 condem-

2241 3896 2330 3966 μὲν
2385 3896 2486 3967 γὰρ
2552 3893 2883 3966 παραϐαίνων
2956 3896 3042 3946 τὸν
3124 3897 3276 3965 νόμον
3353 3888 3644 3953 καταδίκης
3706 3891 3846 3946 ἐστὶν

479 3974 720 4031 natione
733 3974 952 4045 dignus
972 3979 1092 4040 est;
1115 3979 1446 4045 praeceptor
1464 3980 1664 4029 tamen
1681 3975 1892 4047 triplici
1910 3977 2130 4047 dignus

2240 3981 2397 4045 ἄξιος·
2431 3985 2456 4034 ὁ
2506 3979 2565 4034 δὲ
2601 3979 2926 4044 διδάσκαλος
2980 3982 3219 4058 τριπλῆς,
3271 3983 3351 4034 ὄτι
3410 4001 3465 4034 τε
3511 3979 3843 4056 παραϐαίνει,

481 4069 570 4120 est
601 4082 614 4122 :
644 4067 772 4119 tum
822 4063 965 4134 quia
1005 4067 1407 4131 transgressor
1454 4067 1559 4128 est,
1611 4067 1737 4118 tum
1789 4065 1933 4134 quia
1981 4067 2130 4124 alios

2238 4076 2324 4123 καὶ
2379 4072 2458 4123 ὅτι
2512 4072 2655 4123 ὁκαὶ
2703 4075 2820 4133 τοὺς
2872 4071 3053 4132 ἄλλους
3084 4069 3293 4143 ὀφείλων
3327 4067 3593 4143 διορθοῦν,
3645 4075 3735 4124 καὶ
3766 4072 3847 4123 ὅτι

479 4151 660 4207 debet
691 4151 1003 4220 corrigere,
1038 4154 1164 4206 tum
1201 4149 1337 4221 quia
1371 4157 1541 4205 nocet
1573 4151 1751 4206 etiam
1795 4153 2128 4226 discipulis.

1240 4149 1337 4220 uia
1371 4157 1541 4205 nocet
1573 4151 1751 4206 etiam
1795 4153 2128 4226 discipulis.
2241 4158 2462 4231 βλάπτει
2490 4163 2606 4219 τοὺς
2635 4161 2893 4232 μαθητάς.

550 4240 715 4297 Vers.
745 4239 798 4292 4.
821 4238 1097 4307 Alligant
1118 4269 1185 4278 —
1213 4237 1537 4294 hominum.
1560 4241 1753 4295 Onera
1774 4243 1977 4309 gravia
1990 4260 2130 4315 por-

2309 4251 2656 4320 Δεσμεύουσιν
2736 4279 2804 4290 -—
2879 4247 3180 4322 ἀνθρώπων.
3262 4251 3456 4319 Φορτία
3530 4250 3620 4319 μὲν
3679 4246 3846 4322 βαρέα

475 4333 728 4400 tatuque
752 4326 1037 4396 difﬁcilia,
1065 4332 1240 4384 vocat
1260 4327 1552 4384 altissima
1572 4332 1627 4384 et
1653 4330 1951 4402 exquisita
1980 4349 2128 4404 prae-

2236 4341 2325 4390 καὶ
2379 4334 2761 4390 δυσϐάστακτα
2806 4337 2942 4409 λέγει
2999 4339 3064 4389 τὰ
3139 4334 3404 4408 ἁκρὸτατα
3486 4341 3578 4388 καὶ
3655 4335 3840 4412 ἀκριϐῆ

475 4422 649 4490 cepta
677 4418 835 4474 circa
863 4418 1400 4473 conversationem.
1431 4418 1720 4475 Humeros
1749 4435 1889 4477 vero
1919 4438 2126 4494 opera-

2190 4422 2562 4500 )ἐπιτάγματα
2629 4435 2720 4487 τῆς
2793 4426 3072 4487 πολιτείας
3157 4424 3327 4497 ὤμους
3386 4420 3464 4490 δὲ,
3539 4427 3633 4482 τὴν
3709 4423 3843 4498 ἐνέρε-

475 4507 699 4564 tionem
751 4506 1087 4562 hominum.
1142 4507 1403 4577 Apparet
1445 4511 1644 4563 autem
1693 4509 1860 4581 quod
1910 4516 2126 4584 praeter

2233 4536 2376 4590 γειαν
2424 4525 2523 4570 τῶν
2576 4515 2878 4590 ἀνθρώπων.
2936 4519 3174 4570 Φαίνεται
3232 4510 3310 4581 δὲ,
3351 4515 3428 4566 ὅτι
3480 4515 3661 4565 καὶτὰ
3711 4513 3834 4585 ὑπὲρ

469 4595 666 4667 legem
696 4610 938 4668 quoque
964 4595 1166 4667 aliqua
1186 4594 1500 4666 jubebant.

1186 4594 1500 4666 jubebant.
2233 4610 2320 4660 τὸν
2346 4617 2497 4678 νόμον
2529 4605 2819 4660 ἐπέταττον.

527 4685 708 4743 'Vers.
739 4685 793 4740 4.
823 4684 1018 4756 Digito
1051 4691 1248 4742 autem
1269 4717 1337 4725 —
1367 4702 1450 4742 ea.
1485 4690 1610 4744 Non
1636 4687 1832 4744 solnm
1858 4689 2122 4748 humeris

2302 4703 2384 4767 Τῷ
2414 4692 2473 4748 δὲ
2521 4692 2760 4766 δακτύλῳ
2819 4726 2886 4736 -—
2939 4691 3093 4745 αὐτά.
3158 4691 3234 4744 Or}
3283 4695 3431 4764 μόνον
3487 4695 3593 4750 τοῖς
3634 4686 3825 4740 ἑαυτῶν

470 4775 596 4833 suis
618 4780 856 4849 portare
883 4775 1112 4845 nolunt,
1146 4792 1281 4848 quae
1305 4775 1558 4832 aliorum
1580 4778 1847 4833 humeris
1878 4779 2122 4839 ferenda

2231 4789 2393 4857 ὤμοις
2467 4783 2524 4836 ού
2598 4782 2875 4856 βούλονται
2974 4779 3269 4854 βαστάσαι,
3352 4780 3386 4832 ά
3469 4784 3577 4840 τοῖς
3654 4777 3831 4849 ἐτέρων

465 4869 804 4940 imponunt,
835 4869 900 4922 ut
937 4881 1046 4921 suo
1085 4865 1358 4938 exemplo
1390 4869 1787 4938 promptiores
1824 4868 1956 4924 illos
1993 4871 2118 4927 red-

2229 4877 2392 4946 ὤμοις
2439 4873 2857 4948 ἐπιφορτίζουσιν
2943 4869 3079 4943 (94),
3142 4871 3223 4921 ἵνα
3270 4873 3359 4922 καὶ
3409 4875 3479 4939 τῷ
3534 4863 3833 4942 παραδείγ-

466 4958 632 5024 dant,
665 4958 770 5014 sed
812 4971 922 5013 nec
961 4955 1146 5026 digito
1185 4973 1296 5012 suo
1335 4971 1405 5012 ea
1448 4971 1690 5012 movere
1729 4955 1954 5022 volunt,
2004 4959 2118 5017 hoc

2226 4982 2354 5036 ματι
2405 4965 2822 5037 προθυμοτέρους
2900 4960 3088 5020 αὐτοὺς
3162 4962 3479 5016 ποιήσωσιν·
3560 4954 3670 5009 ἀλλ’
3714 4952 3838 5008 οὐδὲ

464 5051 571 5109 est,
602 5046 663 5101 in
691 5048 880 5117 parte,
905 5049 960 5100 et
981 5045 1252 5111 summis,
1283 5050 1347 5100 ut
1373 5047 1558 5111 aiunt,
1587 5045 1779 5116 digitis
1802 5048 2110 5119 attingere.

2223 5061 2296 5124 τῷ
2349 5049 2590 5125 δακτύλῳ
2671 5052 2839 5104 αὐτῶν
2903 5049 3111 5102 θέλουσι
3179 5055 3395 5106 κινῆσαι
3443 5046 3601 5114 αὐτὰ,
3670 5047 3842 5099 τουτὶ-

465 5135 613 5194 Dicit
659 5135 821 5191 enim
854 5138 909 5189 et
946 5133 1134 5192 Lucas
1180 5153 1193 5193 :
1245 5136 1367 5192 Uno
1417 5135 1730 5207 digitorum
1776 5141 2106 5199 vestrorum

2226 5161 2361 5209 στιν,
2430 5139 2556 5196 οὐδὲ
2600 5149 2825 5216 μερικῶς
2879 5143 2969 5193 καὶ
3027 5137 3320 5214 ἀκροθιγῶς
3381 5134 3645 5210 ἅψασθαι.
3702 5137 3841 5196 Φησὶ

1632 5342 1859 5414 Variae
1895 5345 2233 5416 lectiones
2275 5354 2341 5414 et
2379 5355 2583 5414 notae.

531 5537 642 5620 (92)
693 5537 794 5620 P_ro
837 5537 996 5619 ,ὣς-τε,
1045 5539 1202 5608 apud
1261 5539 1564 5612 Chrysost.
1621 5538 1741 5612 VII,
1803 5559 1863 5615 p.
1913 5543 2019 5599 700
2072 5544 2112 5599 Ε

1631 5539 1741 5612 VII,
1803 5559 1863 5615 p.
1913 5543 2019 5599 700
2072 5544 2112 5599 Ε
2431 5543 2733 5620 βΥπόθεσιν,
2763 5556 2872 5614 pro
2903 5534 3284 5620 OnélmﬂwLA.

456 5605 668 5679 legitur
697 5614 766 5670 εὶς
795 5611 874 5663 τὸ.
1085 5605 1102 5608 “
1374 5605 1392 5612 ⁷
1724 5605 1738 5612 ’
1807 5605 1819 5615 ’

2293 5605 2405 5689 (94)
2431 5605 2784 5682 'nmnea'aa't,‘
2801 5628 2911 5686 pro
2942 5605 3384 5684 ἐπιφορτίξουσιν,
3421 5617 3482 5666 Α.
