4186 6318
244 286 352 344 589

1212 280 1576 341 COMMENT.
1619 280 1690 336 IN
1729 276 2159 335 MATTHIEUM.
2197 310 2264 319 ——
2296 279 2453 337 CAP.
2496 278 2702 337 XXIII.

3527 282 3634 338 590

250 417 355 488 γὰρ
403 416 495 466 καὶ
534 412 560 463 ὁ
591 414 820 475 Λουκᾶς,
856 410 933 462 ὅτι
971 407 1072 463 Ἑνὶ
1115 416 1215 461 τῶν
1275 407 1544 461 δακτύλων
1578 408 1718 479 ὑμῶν
1747 402 1856 475 (95)

1990 418 2156 461 mera
2189 421 2309 462 non
2342 408 2637 477 attingitz's
2683 408 2749 463 ³³.
2803 405 3067 471 Subditis
3097 405 3411 480 siquidem,
3419 407 3635 479 jubent

253 504 313 556 ού
370 501 702 578 προσψαύετε
751 505 857 559 τοῖς
904 504 1156 573 φορτίοις.
1202 503 1302 551 Καὶ
1332 506 1436 559 τοῖς
1488 500 1576 569 μὲν
1616 496 1862 552 ὑπηκόοις

255 592 623 645 ἐπιτάττουσιν
652 587 921 661 ἀκρότητα
960 586 1104 660 βίου,
1138 586 1338 649 ἑαυτοῖς
1379 585 1437 639 δε
1466 593 1638 639 πᾶσαν
1679 580 1860 636 ἄδειαν

256 685 611 757 ἐπιτρέπουσι,
660 675 777 731 δέον
808 677 1106 729 τούναντίον
1138 683 1326 746 ποιεῖν,
1380 681 1469 728 καὶ
1521 674 1732 734 ἑαυτοὺς
1769 674 1859 744 μὲν

257 772 446 845 μᾶλλον
501 772 841 836 κατατείνειν,
897 765 1113 828 ἐκείνοις
1173 763 1231 819 δὲ
1300 768 1364 819 τὰ
1409 764 1572 819 πολλὰ
1628 782 1860 834 συγγνω-

254 866 446 933 μονεῖν.

327 951 507 1002 Πάντα
544 979 614 988 -—
646 945 959 1019 ἀνθρώποις,
1023 946 1218 1010 Πάντα,
1277 950 1403 997 ποῖα
1434 961 1447 1011 ;
1479 946 1555 997 Τὰ
1610 938 1864 994 δοκοῦντα

254 1039 433 1099 αὐτοῖς
453 1037 611 1093 καλὰ.
651 1040 1040 1111 Παρατήρησον
1082 1030 1159 1103 δὲ,
1194 1035 1273 1086 ὅτι
1298 1036 1365 1087 τὰ
1393 1032 1749 1109 προρρηθέντα
1775 1031 1863 1100 μὲν

253 1129 528 1201 ὠμότητος
560 1123 695 1184 ἦσαν
721 1128 810 1176 καὶ
847 1125 1114 1197 ῥᾳθυμίας
1152 1121 1472 1195 ἐγκλήματα,
1500 1128 1651 1173 τοῦτο
1682 1116 1740 1171 δὲ
1772 1114 1865 1169 δο-

256 1217 507 1290 ξομανίας
548 1212 793 1271 διαϐολή.
842 1208 972 1265 Εἶτα
1003 1208 1286 1277 δείκνυσιν,
1319 1214 1400 1264 ὅτι
1429 1207 1541 1263 οὐδ’
1574 1211 1657 1262 ἐπὶ
1704 1208 1869 1280 μεγά-

254 1307 371 1369 λοις
426 1301 817 1378 φιλοδοξοῦσιν,
873 1304 1058 1375 ἔρημοι
1096 1303 1510 1375 κατορθωμάτων
1550 1303 1706 1359 ὅντες·
1760 1295 1864 1347 ἀλλ’

258 1392 351 1448 ἐπὶ
380 1400 591 1467 μικροῖς
618 1411 728 1444 τισι
775 1394 866 1442 καὶ
899 1390 1172 1460 εὐτελέσιν,
1223 1390 1248 1443 ὃ
1301 1394 1392 1443 καὶ
1431 1389 1557 1442 αύτό
1588 1387 1864 1461 προσθήκη

256 1486 462 1555 γίνεται
492 1490 587 1545 τῆς
616 1477 652 1534 δ
655 1479 884 1541 ιαϐολῆς.

339 1660 669 1713 Πλατύνουσι
713 1689 785 1700 -
839 1658 1026 1712 αὐτῶν.
1091 1664 1269 1711 Ταῦτα
1323 1658 1412 1730 μὲν
1458 1653 1612 1724 ἦσαν,
1664 1655 1740 1728 ἐφ’
1797 1656 1870 1716 οἷς

265 1745 622 1817 ἐκενοδόξουν,
654 1750 722 1810 ὡς
778 1750 862 1801 ἐπὶ
890 1749 1288 1820 κατορθώμασι.
1356 1750 1472 1820 Χρὴ
1527 1742 1586 1798 δὲ
1635 1749 1724 1798 καὶ
1753 1750 1871 1820 περὶ

264 1841 467 1891 τούτων
527 1838 704 1891 εἰπεῖν.
755 1837 900 1889 Ἐπεὶ
945 1839 1043 1911 γὰρ
1077 1844 1313 1907 συνεχῶς
1352 1834 1742 1888 ἐπελανθάνοντο
1771 1843 1869 1886 τῶν

268 1928 577 2003 εὐεργεσιῶν
629 1932 722 1978 τοῦ
779 1932 934 1991 Θεοῦ,
978 1925 1291 1999 προσέταξεν
1339 1926 1364 1976 ό
1396 1928 1521 1985 Θεὸς
1550 1923 1872 1997 ἕγγραφῆναι

266 2019 466 2077 ταύτας
505 2011 792 2088 βιϐλιδίοις
841 2019 931 2066 καὶ
978 2013 1325 2087 ἐξαρτηθῆναι
1381 2021 1475 2073 τῆς
1533 2015 1711 2086 χειρός
1772 2019 1870 2062 τῶν

270 2103 634 2169 διδασκάλων,
695 2106 828 2156 ὥστε
882 2100 976 2156 διὰ
1020 2107 1213 2163 παντὸς
1264 2104 1490 2177 ὁρᾶσθαι
1545 2107 1635 2154 καὶ
1673 2120 1872 2173 μνημο-

267 2196 531 2249 νεύεσθαι.
567 2198 667 2247 Καὶ
696 2195 762 2246 τὰ
780 2200 1000 2245 τοιαῦτα
1030 2189 1217 2265 βιϐλίδ
1222 2212 1275 2243 ια
1304 2192 1570 2264 ὠνόμαζον
1615 2190 1873 2263 φυλακτή-

260 2305 381 2362 ρια,
418 2281 512 2337 διὰ
557 2286 615 2335 τό
649 2281 921 2355 φυλάττειν
951 2286 1039 2334 καὶ
1066 2282 1304 2356 ῥύεσθαι.
1339 2286 1436 2334 Καὶ
1470 2280 1645 2345 πάλιν,
1679 2281 1762 2331 ἰνα
1798 2282 1869 2350 μὴ

260 2372 709 2426 ἐπιλανθάνωνται
736 2379 836 2422 τῶν
868 2369 1079 2423 ἐντολῶν
1106 2378 1197 2423 τοῦ
1227 2374 1375 2437 Θεοῦ,
1400 2369 1629 2422 ἐκέλευσε
1657 2368 1876 2439 κλῶσμα

257 2464 563 2516 ὑακίνθινον
593 2462 1030 2535 προσράπτεσθαι
1059 2467 1120 2532 τῇ
1153 2462 1289 2512 κατὰ
1331 2462 1450 2521 τοὺς
1488 2455 1655 2518 πόδας
1684 2462 1761 2531 diu
1783 2463 1874 2508 τοῦ

262 2556 487 2622 ἱματίου
526 2550 715 2623 αὐτῶν,
766 2551 869 2617 ἱνα,
904 2551 1116 2602 πάντοτε
1146 2552 1467 2622 φαινόμενον,
1498 2550 1872 2621 ὑπομιμνήσκῃ

259 2645 494 2703 τούτους
544 2648 643 2694 τῶν
694 2638 925 2692 ἐντολῶν.
980 2644 1079 2692 Καὶ
1122 2641 1188 2691 τὰ
1221 2647 1440 2691 τοιαῦτα
1480 2636 1691 2690 ἐκάλουν
1717 2639 1877 2712 κράσ-

261 2726 432 2786 πεδα.
495 2732 563 2782 Οἱ
610 2736 733 2801 γοῦν
788 2734 1113 2801 Γραμματεῖς
1163 2733 1253 2780 καὶ
1304 2733 1581 2802 Φαρισαῖοι
1630 2735 1730 2778 τῶν
1787 2728 1876 2797 μὲν

258 2818 488 2873 ἐντολῶν
525 2818 765 2890 ἠμέλουν,
816 2820 881 2869 τὰ
929 2813 988 2869 δὲ
1040 2825 1257 2870 τοιαῦτα
1314 2816 1640 2890 φυλακτήρια
1684 2815 1879 2867 πλατέα

256 2907 662 2966 κατεσκεύαζον
728 2907 949 2970 ἑαυτοῖς,
1006 2911 1094 2958 καὶ
1168 2909 1234 2958 τὰ
1305 2907 1527 2980 ῥηθέντα
1600 2900 1878 2978 κράσπεδα

260 3007 377 3050 τῶν
441 2999 661 3068 ἱματίων
742 2995 908 3047 αὐτῶν
969 2995 1173 3066 μεγάλα
1246 2994 1543 3069 ἀπηώρουν,
1607 2993 1875 3068 ἐναϐρυνό-

261 3104 427 3160 μενοι
481 3086 681 3145 τούτοις
709 3088 797 3136 καὶ
829 3083 1055 3146 ἀνοήτως
1101 3083 1539 3157 ἐνσεμνυνόμενοι,
1599 3091 1776 3136 Ταῖτα
1820 3080 1877 3137 δὲ
1910 3068 1951 3127 CI

1512 3173 1720 3226 Βλέπετε
1777 3171 1876 3225 ἁπὲ

269 3271 378 3316 τῶν
436 3267 808 3336 γραμματέων,
864 3265 1047 3335 ἡγουν,
1109 3262 1443 3335 φυλάττεσθε,
1490 3272 1589 3315 τῶν
1637 3263 1878 3315 θελόντων

274 3351 324 3404 ἐν
430 3353 638 3416 στολαῖς
737 3360 1059 3427 περιπατεῖν.
1159 3351 1383 3425 Ὁμοίως
1468 3349 1527 3405 δὲ
1612 3350 1719 3405 εἶπε
1790 3356 1880 3405 καὶ

278 3442 305 3493 ό
360 3446 591 3503 Λουκᾶς.
653 3446 754 3495 Καὶ
822 3442 917 3495 οῦκ
992 3442 1042 3493 ἐν
1102 3444 1306 3504 τούτοις
1360 3446 1531 3514 μόνον,
1589 3440 1714 3493 ἀλλὰ
1792 3446 1881 3493 καὶ

282 3528 332 3582 ἓν
409 3530 598 3605 ἑτέροις
674 3538 887 3604 μικροῖς
963 3531 1172 3584 ἐνόσουν
1234 3536 1331 3590 τὴν
1394 3527 1712 3604 φιλοδοξίαν.
1783 3534 1884 3584 Καὶ

284 3620 461 3677 ἄκουε.

357 3710 574 3764 Φιλοῦσί
700 3728 756 3764 τε
837 3741 908 3753 —
1023 3716 1370 3782 συναγωγαῖς.
1493 3710 1884 3785 Πρωτοκλισίαν

291 3795 397 3850 εἷπε
446 3803 538 3851 καὶ
597 3795 1077 3874 πρωτοκαθεδρίαν,
1128 3795 1269 3852 διότι
1330 3797 1379 3850 ἐν
1450 3802 1539 3871 μὲν
1608 3806 1714 3860 τοῖς
1771 3797 1886 3852 δεί-

288 3906 433 3950 πνοις
518 3886 852 3962 ἁνεκλίνοντο,
926 3887 975 3941 ἓν
1046 3884 1105 3942 δὲ
1168 3894 1284 3949 ταῖς
1370 3895 1697 3960 συναγωγαῖς
1772 3886 1888 3940 ἐκά-

294 3977 467 4035 θηντο.

269 3174 470 3235 στολὰς
527 3175 552 3226 ὁ
614 3175 827 3248 Μάρκος
892 3173 1148 3240 ἐκάλεσεν,
1209 3174 1362 3226 εἰπών
1421 3193 1435 3208 ·

364 4070 465 4119 Καὶ
494 4064 782 4119 -Ῥαϐϐί.
839 4066 1053 4121 Φιλοῦσι
1109 4069 1200 4118 καὶ
1245 4068 1368 4128 τοὺς
1418 4064 1751 4139 ἀσπασμοὺς,
1794 4069 1889 4120 εἴτε

287 4157 407 4216 τοὺς
457 4158 808 4228 σωματικοὺς,
850 4158 949 4208 εἴτε
992 4160 1082 4207 καὶ
1132 4158 1255 4217 τοὺς
1310 4151 1402 4208 διὰ
1448 4160 1885 4231 προσφωνήσεως.

290 4242 507 4296 Φιλοῦσι
544 4249 634 4297 καὶ
655 4242 926 4297 καλεῖσθαι
954 4246 1054 4296 ὑπὸ
1093 4253 1192 4296 τῶν
1216 4242 1497 4317 ἀνθρώπων
1544 4242 1886 4301 διδάσκαλοι.

287 4331 468 4387 Ῥαϐϐὶ
496 4336 597 4407 γὰρ
625 4332 897 4407 Ἐϐραϊστὶ
930 4334 955 4386 ό
988 4330 1337 4394 διδάσκαλος,

1971 494 2376 567 exactissima,
2414 496 2523 551 sibi
2555 496 2704 568 ipsis
2755 501 2957 553 autem
3008 514 3252 554 omnem
3282 498 3635 569 permittunt

1967 581 2289 650 licentiam,
2326 602 2461 641 cum
2495 587 2863 642 contrarium
2894 587 3020 643 ﬁeri
3050 591 3352 659 oporteret
3384 609 3397 641 :
3426 593 3491 644 ut
3520 588 3634 643 sei-

1966 669 2132 741 ipsos
2156 675 2357 744 potius
2378 675 2830 739 arctarent,aliis
2860 692 2998 732 vero
3023 678 3214 732 multa
3237 677 3632 748 ignoscerent.

2041 760 2210 816 Vers.
2244 767 2294 817 5.
2328 763 2539 820 Omnia
2561 795 2629 803 —
2653 764 3012 821 hominibus.
3046 767 3273 830 Omnia,
3305 782 3587 840 quaenam
3607 765 3637 820 ?

1972 850 2113 913 Quae
2139 849 2255 905 sibi
2278 852 2443 909 bona
2466 853 2761 909 videntur.
2788 857 2852 909 Et
2872 854 3127 911 observa
3146 856 3310 928 quod
3337 855 3635 927 praedictae

1971 940 2390 995 accusationes
2421 941 2493 997 de
2524 942 2869 998 crudelitate
2914 946 2971 998 et
3008 944 3257 1013 segnitie
3288 949 3493 1011 erant;
3521 944 3637 1000 hoc

1973 1043 2113 1083 vero
2168 1028 2395 1085 crimen
2452 1034 2540 1086 est
2590 1031 3017 1086 insanientium
3071 1032 3150 1087 ob
3204 1047 3379 1087 vanae
3435 1033 3637 1102 gloriae

1974 1116 2328 1187 appetitum.
2357 1119 2579 1175 Deinde
2606 1120 2867 1175 ostendit
2887 1121 3055 1192 quod
3080 1135 3275 1192 neque
3301 1121 3375 1174 de
3403 1119 3638 1187 magnis

1974 1204 2317 1275 glorientur,
2353 1212 2555 1279 utpote
2596 1208 2850 1279 egregiis
2896 1208 3182 1280 operibus
3223 1208 3503 1271 destituti,
3535 1206 3643 1269 sed,

1975 1293 2049 1350 de
2076 1296 2279 1366 parvis
2308 1297 2683 1368 quibusdam
2707 1302 2763 1356 et
2783 1298 3024 1367 vilibus,
3049 1298 3215 1371 quod
3239 1298 3440 1371 ipsum
3462 1311 3641 1369 auget

1977 1383 2159 1441 etiam
2196 1386 2662 1444 accusationem.

2047 1608 2213 1663 Vers.
2237 1613 2287 1664 5.
2311 1610 2590 1666 Dilatant
2608 1641 2678 1651 —
2702 1626 2966 1667 suorum.
2984 1612 3117 1667 Haec
3138 1614 3305 1668 erant
3324 1612 3397 1667 de
3419 1611 3638 1685 quibus

1903 1725 1949 1783 Β
1979 1699 2270 1768 tanquam
2300 1698 2375 1753 de
2406 1699 2660 1769 egregiis
2698 1700 2983 1772 operibus
3021 1717 3173 1758 vane
3205 1701 3636 1772 gloriabantur.

1980 1786 2221 1857 Oportet
2251 1791 2454 1843 autem
2487 1795 2542 1843 et
2571 1788 2646 1843 de
2675 1788 2773 1844 his
2803 1789 3020 1845 dicere.
3054 1790 3202 1854 Quia
3227 1790 3508 1845 continue
3539 1789 3644 1845 Dei

1978 1873 2411 1931 beneﬁciorum
2427 1876 2954 1943 obliviscebantur,
2973 1878 3149 1947 jussit
3166 1894 3237 1934 ea
3258 1878 3413 1932 Deus
3429 1878 3643 1933 libellis

1980 1961 2249 2027 inscribi,
2310 1968 2366 2019 et
2418 1966 2839 2035 magistrorum
2898 1966 3160 2037 appendi
3219 1966 3526 2034 manibus,
3580 1970 3646 2021 ut

1981 2066 2219 2122 semper
2245 2052 2605 2123 viderentur,
2633 2058 2689 2109 et
2710 2053 2770 2108 in
2796 2054 3092 2109 memoria
3111 2053 3492 2110 haberentur.
3524 2055 3644 2108 Hu-

1974 2138 2237 2211 jusmodi
2277 2156 2417 2197 vero
2456 2140 2706 2197 libelluli
2752 2142 3122 2213 pbylacteria
3159 2142 3534 2211 dicebantur,
3574 2157 3645 2197 eo

1982 2229 2147 2302 quod
2170 2229 2247 2285 ab
2266 2229 2569 2286 oblivione
2592 2236 2893 2287 servarent
2915 2247 2984 2287 ac
3011 2237 3405 2303 protegerent,
3420 2230 3460 2283 ’ἀ
3476 2234 3540 2283 πὸ
3556 2237 3647 2283 τοῦ

1984 2317 2239 2391 φυλάττω.
2312 2319 2570 2374 Rursum
2636 2335 2710 2375 ne
2776 2325 3217 2391 praeceptorum
3282 2322 3378 2375 Dei
3438 2320 3647 2375 oblivi-

1985 2413 2311 2474 scerentur,
2340 2408 2515 2479 jussit
2551 2412 2703 2464 Deus
2746 2409 3152 2479 fragmentum
3184 2409 3647 2480 hyacinthinum

1983 2497 2145 2553 assui
2170 2498 2341 2567 juxta
2370 2496 2555 2567 pedes
2585 2513 2705 2553 orae
2732 2497 3070 2569 palliorum,
3100 2503 3164 2552 ut
3196 2513 3435 2569 semper
3461 2512 3649 2569 appa—

1983 2601 2141 2652 rens,
2180 2585 2294 2641 hos
2322 2591 2761 2658 praeceptorum
2799 2587 2901 2641 Dei
2940 2602 3242 2642 memores
3272 2586 3549 2656 efﬁceret,
3592 2590 3649 2643 et

1982 2673 2112 2729 haec
2150 2673 2451 2729 vocabant
2492 2672 2790 2749 κράσπεδα,
2822 2676 2937 2731 hoc
2970 2681 3057 2731 est
3094 2676 3380 2743 ﬁmbrias.
3428 2675 3646 2731 Scribae

1983 2763 2182 2832 itaque
2221 2766 2277 2817 et
2306 2762 2585 2833 pharisaei
2625 2769 2925 2834 praecepta
2954 2763 3201 2835 quidem
3240 2764 3646 2833 negligebaut,

1983 2850 2333 2922 hujusmodi
2361 2856 2560 2907 autem
2586 2851 2723 2907 latis
2749 2853 3136 2924 phylacteriis
3170 2868 3300 2908 sese
3326 2852 3646 2917 ornabant,

1985 2940 2294 3012 dictasque
2341 2940 2613 2995 ﬁmbrias
2663 2942 2983 3011 palliorum
3034 2958 3277 2997 suorum
3320 2942 3649 3013 plurimum

1986 3028 2406 3085 distendebant
2430 3046 2441 3083 :
2463 3029 2556 3084 his
2572 3029 2892 3100 gloriantes
2905 3046 2975 3085 ac
2995 3031 3169 3086 stulte
3188 3048 3318 3086 sese
3330 3032 3645 3101 jactantes.

1987 3117 2122 3173 Haec
2136 3121 2335 3173 autem
2360 3120 2585 3174 Marcus
2597 3121 2782 3175 stolas
2795 3119 3117 3190 appellavit
3134 3119 3358 3183 ,dicens
3386 3118 3651 3185 :Prospi—

1987 3206 2118 3273 cite,
2143 3206 2261 3261 sive
2288 3213 2488 3261 cavete
2514 3222 2549 3262 a
2577 3207 2795 3263 Scribis
2817 3208 2923 3277 qui
2945 3213 3148 3263 amant
3172 3208 3234 3261 in
3260 3208 3425 3261 stolis
3446 3206 3651 3261 ambu-

1990 3294 2115 3351 lare
2157 3297 2226 3346 ³³.
2274 3294 2556 3349 Similiter
2584 3299 2786 3351 autem
2817 3296 2965 3351 dixit
3008 3299 3065 3351 et
3092 3295 3287 3351 Lucas
3319 3296 3386 3347 ³⁸.
3431 3297 3545 3349 Nec
3588 3293 3651 3349 in

1988 3382 2081 3438 his
2121 3386 2357 3439 tantum
2396 3383 2483 3455 (ά)
2524 3398 2729 3439 amore
2767 3383 2975 3453 gloriae
3007 3382 3231 3439 inﬁrmi
3269 3388 3462 3440 erant:
3498 3382 3649 3438 Audi

1992 3470 2225 3544 itaque.
3393 3483 3403 3493 '

2066 3689 2227 3746 Vers.
2270 3694 2321 3746 6.
2353 3690 2695 3763 Amantque
2730 3723 2798 3731 —
2832 3692 3174 3762 synagogis.
3204 3692 3437 3749 Primos
3476 3708 3656 3751 accu-

1997 3779 2168 3846 bitus,
2194 3778 2360 3843 dixit,
2380 3779 2440 3834 in
2458 3780 2665 3845 caenis,
2685 3795 2756 3836 ac
2775 3780 2974 3849 prima
2992 3780 3204 3835 sedilia
3222 3780 3283 3835 in
3306 3782 3651 3852 synagogis.

1996 3870 2147 3924 Nam
2174 3867 2236 3924 in
2262 3869 2447 3924 caenis
2470 3868 2927 3934 accumbebant,
2958 3868 3021 3924 in
3048 3870 3372 3940 synagogis
3399 3886 3539 3928 vero
3564 3886 3659 3927 se-

2000 3956 2253 4015 debant.

2069 4048 2230 4102 Vers.
2272 4052 2325 4103 7.
2360 4048 2451 4103 Ac
2480 4078 2549 4089 —
2579 4048 2787 4105 Rabbi.
2822 4052 3043 4103 Amant
3081 4046 3489 4114 salutationes,
3532 4051 3657 4107 sive

1999 4150 2244 4205 corpore
2282 4134 2447 4203 ﬁant,
2487 4136 2605 4192 sive
2646 4135 3066 4208 appellatione.
3100 4137 3317 4192 Amant
3366 4142 3421 4194 et
3456 4140 3660 4195 vocari

1998 4224 2077 4281 ab
2132 4224 2480 4281 hominibus
2543 4225 2840 4296 magistri,
2892 4225 3060 4298 quod
3112 4225 3394 4283 Hebraice
3446 4227 3661 4285 dicitur

2003 4313 2216 4370 Rabbi.

363 4404 525 4495 Ὑμεῖς
550 4404 619 4463 έ-
641 4404 773 4476 ἕστε.
796 4425 874 4476 Τὰ
902 4425 991 4495 μὲν
1024 4421 1152 4474 ἄλλα
1177 4425 1337 4495 μέχρι
1368 4431 1463 4484 τῆς
1503 4421 1701 4475 ἐκείνων
1732 4444 1878 4484 κατη-

2080 4406 2248 4462 Vers.
2281 4408 2332 4460 8.
2376 4405 2485 4461 Vos
2515 4433 2584 4448 —
2614 4405 2768 4461 estis.
2800 4406 3023 4462 Caetera
3053 4404 3321 4476 quidem,
3355 4421 3551 4477 usque
3585 4406 3663 4462 ad

287 4516 466 4585 γορίας
522 4511 764 4578 ἔστησεν,
816 4515 881 4572 ὡς
949 4510 1119 4571 εὐτελῆ
1188 4516 1277 4563 καὶ
1342 4516 1412 4584 μὴ
1470 4508 1687 4585 δεόμενα
1737 4513 1891 4585 λόγου

285 4600 516 4664 πλείονος
545 4602 618 4663 εἰς
647 4598 935 4675 διόρθωσιν
965 4617 979 4630 ⁸
1009 4604 1103 4659 τὴν
1152 4597 1211 4653 δὲ
1246 4600 1549 4674 φιλαρχίαν,
1592 4604 1660 4662 ὡς
1698 4601 1895 4654 πολλῶν

287 4691 461 4745 αἰτίαν
496 4698 689 4759 κακῶν,
726 4690 798 4752 εἰς
827 4694 987 4763 μέσον
1005 4691 1140 4762 ἄγει,
1171 4694 1261 4743 καὶ
1283 4687 1588 4765 διορθοῦται
1616 4687 1899 4743 σπουδαιό-

287 4798 458 4854 τερον.
488 4783 576 4837 Μὴ
631 4779 857 4839 κληθῆτε
888 4776 969 4850 δὲ,
1002 4777 1115 4832 ἀντὶ
1141 4787 1252 4850 τοῦ,
1284 4784 1355 4852 μὴ
1392 4779 1659 4839 ζητήσητε
1708 4779 1902 4839 κληθῆ-

289 4886 401 4921 ναι.
434 4868 497 4919 Εἰ
522 4870 623 4939 γὰρ
673 4870 833 4943 ἕτεροι
861 4875 1015 4923 τοῦτο
1049 4868 1296 4923 καλοῦσιν
1344 4870 1498 4941 ὑμᾶς,
1547 4868 1651 4941 οὐχ
1683 4870 1905 4945 ὑμετέρα

292 4960 452 5009 τοῦτο
490 4957 838 5028 κατάγνωσις.

368 5207 420 5242 ²²
459 5208 595 5264 Luc.
635 5223 716 5275 x1,
758 5212 845 5265 46.
960 5214 1005 5247 ³³
1045 5212 1221 5270 Marc.
1260 5222 1362 5277 xu,
1403 5211 1496 5267 38.

2002 4498 2244 4555 illorum
2274 4493 2562 4549 duntaxat
2587 4493 2869 4564 perduxit
2900 4494 3345 4549 accusationem
3369 4498 3662 4565 tanquam

2002 4586 2165 4650 vilia,
2195 4599 2304 4639 nec
2326 4582 2403 4638 ad
2426 4582 2516 4637 sui
2540 4582 2966 4638 correctionem
2995 4582 3329 4649 longiorem
3359 4584 3664 4653 requiren-

2006 4676 2089 4733 tia
2118 4688 2477 4731 sermonem.
2502 4671 2883 4741 Principatus
2916 4675 3113 4725 autem
3141 4685 3428 4736 amorem,
3462 4676 3667 4741 utpote

2008 4764 2339 4821 multorum
2372 4775 2617 4817 causam
2650 4757 2973 4823 malorum,
3008 4757 3064 4811 in
3097 4756 3364 4811 medium
3401 4758 3665 4825 adducit,

2013 4870 2084 4911 ac
2128 4851 2471 4921 diligentius
2514 4848 2782 4915 castigat.
2832 4845 2921 4901 Ne
2969 4844 3275 4909 vocemz‘ni,
3329 4845 3391 4900 id
3434 4850 3543 4911 est,
3588 4850 3669 4904 Ne

2012 4941 2216 4999 vocari
2232 4955 2467 5011 cupias.
2486 4940 2633 4994 Nam
2672 4936 2720 4990 si
2752 4951 2861 4990 vos
2882 4935 2965 4990 ita
2980 4935 3196 4990 vocent
3212 4933 3329 5005 alii,
3348 4950 3472 4992 non
3488 4935 3595 4993 erit
3610 4936 3672 4994 id

2018 5030 2099 5089 ad
2133 5034 2397 5086 vestram
2432 5024 3025 5084 condemnationem.

1608 5210 1657 5246 ³⁵
1702 5210 1839 5267 Luc.
1879 5224 1979 5277 xx,
2022 5213 2143 5277 46.,

1530 5334 2107 5407 Varizelectiones
2139 5340 2206 5402 et
2236 5342 2437 5401 notae.

366 5476 484 5552 (95)
508 5476 707 5547 Δῦτῶν,
740 5493 857 5552 pro
886 5478 1051 5552 ὑμῶν,
1076 5485 1142 5538 Α.

366 5657 462 5730 (d)
506 5658 784 5716 Tantum.
825 5657 891 5713 In
931 5657 1138 5715 Graeco
1178 5658 1419 5717 additur
1460 5675 1475 5715 :
1516 5657 1628 5716 Sed
1671 5664 1726 5716 et
1768 5658 1829 5716 in
1868 5658 2006 5717 aliis
2046 5656 2279 5730 exiguis
2318 5656 2513 5714 rebus.
