4186 6318
578 291 681 350 891

577 505 782 563 vocari
806 509 1002 576 patres
1027 521 1132 562 eos
1161 507 1265 578 qui
1290 507 1458 578 juxta
1481 525 1722 565 carnem
1751 513 2103 579 genuerunt,
2136 515 2237 564 aut

578 594 757 651 etiam
779 594 952 666 juxta
973 594 1268 667 spiritum,
1299 597 1406 653 sed
1439 603 1501 654 ut
1527 599 1791 654 sciamus
1820 598 1956 671 quis
1986 599 2062 653 sit
2087 613 2235 669 pree-

575 683 750 756 cipue
779 688 835 740 et
867 689 1156 757 tanquam
1185 685 1382 758 prima
1423 703 1602 744 causa
1632 693 1799 760 pater
1829 694 2048 744 noster.
2083 690 2233 742 Nam

572 772 672 830 hic
703 775 870 831 solus
899 780 989 830 est
1014 775 1188 832 nobis
1216 777 1319 848 qui
1344 776 1406 832 in
1438 778 1601 834 caelis
1631 784 1719 834 est
1750 780 1920 834 Deus.
1957 778 2064 844 Qui
2095 793 2232 833 vero

570 862 746 935 juxta
775 879 1018 921 carnem
1041 880 1110 921 ac
1126 865 1298 935 juxta
1325 866 1596 938 spiritum
1623 869 1787 932 sunt,
1817 871 2233 938 cooperatores

572 952 774 1023 magis
789 957 894 1010 aut
908 953 1160 1011 ministri
1179 954 1504 1012 nativitatis
1521 955 1697 1012 nobis
1717 962 1872 1013 sunt.
1890 955 2035 1011 Dicit
2054 971 2194 1026 ergo
2214 971 2227 1010 :

573 1039 812 1098 Patrem
823 1040 991 1098 vobis
1004 1042 1353 1114 praecipuum
1368 1050 1424 1100 et
1437 1050 1716 1117 tanquam
1733 1047 1971 1116 primam
1983 1061 2230 1102 causam

571 1143 650 1188 ne
664 1130 885 1189 vocetis
905 1131 1078 1188 vobis
1101 1132 1162 1188 in
1182 1137 1354 1189 terra.
1377 1135 1430 1189 Is
1443 1133 1603 1191 enim
1626 1140 1714 1191 est
1738 1151 1894 1191 unus
1912 1135 2014 1208 qui
2034 1135 2094 1190 in
2117 1151 2232 1191 cce-

571 1217 648 1276 lis
677 1223 782 1287 est,
816 1220 920 1293 qui
949 1221 1011 1277 in
1032 1221 1317 1279 Trinitate
1341 1238 1739 1296 personarum
1762 1240 1919 1281 unus
1944 1231 2031 1280 est
2051 1227 2230 1281 Deus.

642 1309 811 1367 Vers.
858 1313 942 1366 10.
980 1311 1102 1367 Nec
1138 1341 1210 1352 —
1247 1312 1538 1369 Christus.
1584 1311 1761 1365 Ῥαϐϐὶ
1802 1317 1890 1366 καὶ
1927 1315 2232 1386 καθηγητὴς

575 1397 764 1470 (quod
809 1396 908 1455 hic
964 1398 1424 1471 interpretantur
1471 1403 1775 1473 magister)
1830 1418 2021 1459 unum
2071 1406 2228 1460 sunt.

570 1485 800 1557 Repetit
840 1501 981 1556 ergo
1019 1487 1281 1560 priorem
1337 1506 1678 1546 sermonem
1721 1491 1799 1548 ad
1839 1496 2230 1564 augmentum

571 1574 979 1631 detestationis
994 1575 1096 1648 huj
1108 1577 1346 1634 usmodi
1363 1577 1525 1635 mali.
1545 1580 1703 1636 Sicut
1717 1595 1858 1650 ergo
1875 1597 2230 1654 quanquam

569 1677 729 1718 unus
776 1663 1060 1733 magister
1107 1664 1340 1721 dicatur
1389 1666 1676 1734 Christus,
1729 1685 1851 1725 non
1902 1669 2232 1726 excluditur

567 1748 761 1820 Pater,
800 1751 948 1826 quin
988 1753 1169 1810 etiam
1208 1755 1442 1812 dicatur
1477 1757 1768 1828 magister
1809 1781 1820 1814 :

565 1837 706 1896 licet
733 1855 891 1895 unus
919 1841 1088 1897 Pater
1116 1848 1320 1899 noster
1347 1844 1581 1901 dicatur
1610 1847 1736 1918 ipse
1768 1849 1952 1914 Pater,
1981 1863 2104 1904 non
2133 1865 2231 1904 ex-

568 1927 824 1984 cluditur
862 1928 1043 1985 Filius
1087 1930 1235 2002 quin
1279 1932 1459 1988 etiam
1499 1933 1732 1990 dicatur
1773 1936 1940 1992 Pater
1981 1943 2223 1994 noster:

567 2028 714 2072 nam
731 2031 886 2072 unus
903 2021 960 2072 et
977 2033 1131 2074 unus
1151 2019 1230 2077 ad
1250 2022 1592 2093 oppositam
1610 2023 2047 2082 distinctionem
2070 2027 2229 2085 dicta

568 2108 709 2161 sunt
744 2104 1062 2163 hominum
1105 2112 1159 2165 et
1197 2109 1578 2179 angelorum.

637 2193 803 2250 Vers.
876 2199 960 2252 11.
1028 2196 1143 2264 Qui
1203 2202 1400 2255 autem
1460 2231 1530 2241 -—
1589 2201 1875 2260 minister.
1936 2203 2226 2276 Ablegata

565 2282 790 2340 misera
821 2284 1098 2342 servitute
1138 2289 1362 2344 amoris
1406 2289 1803 2363 principatus,
1844 2292 2017 2350 docet
2045 2296 2222 2352 etiam

565 2369 852 2445 deinceps
892 2389 1016 2446 quo
1055 2379 1232 2446 pacto
1272 2376 1334 2432 id
1384 2376 1645 2449 eﬂ‘ugere
1684 2381 2036 2452 poterimus,
2079 2389 2225 2456 puta

562 2459 964 2535 ministrando
1022 2464 1144 2520 sive
1197 2464 1592 2536 deprimendo
1643 2470 1940 2542 nosipsos.
2001 2473 2223 2529 Deinde

560 2549 731 2620 ponit
768 2550 947 2607 etiam
987 2551 1257 2609 elationis
1303 2556 1643 2627 praemium,
1685 2559 1951 2616 similiter
1989 2565 2045 2617 et
2082 2578 2223 2634 pro-

559 2637 706 2711 prias
735 2637 1106 2710 dejectionis,
1137 2646 1202 2698 ut
1230 2643 1335 2700 illa
1363 2645 1600 2715 abjecta
1627 2646 1785 2703 hanc
1816 2657 2146 2707 assumant.

633 2728 791 2783 Vers.
816 2731 1901 2802 t2.Quisquis—eamltabitur.Maxima
1916 2741 2218 2810 possessio

559 2819 650 2873 est
672 2817 857 2874 animi
879 2818 1180 2877 modestia
1207 2838 1221 2877 :
1245 2821 1380 2878 ideo
1404 2823 1743 2896 frequenter
1763 2828 1836 2883 de
1860 2845 1931 2884 ea
1960 2829 2214 2899 disserit,

557 2907 846 2963 continua
864 2908 1196 2966 monitione
1216 2911 1377 2967 hanc
1397 2913 1703 2970 aadiﬁcans
1721 2915 1779 2971 in
1801 2918 2016 2974 animis
2039 2919 2217 2976 disci-

554 2994 860 3066 pulorum.
881 2995 1056 3053 Jubet
1069 3003 1272 3056 autem
1290 3015 1410 3056 non
1435 3001 1630 3059 solum
1647 3005 1842 3076 prima
1862 3022 1986 3063 non
2009 3024 2215 3066 amare

557 3081 787 3183 sedilia,
803 3085 906 3140 sed
925 3087 1120 3158 magis
1134 3093 1440 3160 postrema
1456 3095 1765 3165 prosequi.
1781 3095 1928 3151 Illud
1941 3098 2098 3154 enim
2113 3099 2212 3156 de-
2248 3132 2288 3185 ο

551 3170 759 3246 primit
795 3178 1124 3243 amantem,
1173 3176 1290 3234 hoc
1339 3185 1541 3236 autem
1591 3182 1808 3240 exaltat
1846 3200 2209 3259 prosequen-

550 3263 676 3318 tem
691 3303 706 3319 .

621 3350 770 3407 CAP.
803 3352 937 3410 LVI.
968 3354 1053 3411 De
1077 3355 1492 3425 deploratione
1530 3358 1873 3420 Scribarum
1907 3370 1962 3421 et
1991 3365 2206 3425 Phari-

549 3453 803 3497 satorum
815 3484 831 3499 .
871 3497 880 3505 ,

619 3536 784 3593 Vers.
811 3539 1092 3611 13(vulgo
1109 3541 1215 3614 14).
1243 3543 1420 3599 Vw—
1438 3545 1788 3616 hypocrita.
1808 3551 2204 3610 Universalius

547 3631 794 3717 accepto
822 3629 1139 3699 vocabulo,
1171 3632 1283 3689 hos
1311 3635 1572 3706 appellat
1600 3637 1965 3713 hypocritas,
1997 3648 2204 3717 utpote

549 3715 901 3776 simulantes
938 3718 1220 3791 pietatem
1259 3738 1329 3780 ac
1369 3723 1665 3784 virtutem.

617 3822 778 3881 Vers.
832 3829 894 3882 13
927 3825 1131 3899 (vulgo
1162 3829 1272 3902 14).
1305 3831 1454 3900 Quia
1483 3865 1553 3874 —
1583 3834 1922 3896 viduarum.
1971 3841 2200 3906 Quibus

541 3913 818 3974 auxiliari
847 3918 1181 3989 oportebat.
1214 3919 1304 3975 Ad
1330 3937 1431 3976 eas
1457 3923 1617 3979 enim
1644 3924 1757 3980 sub
1784 3933 2071 3998 praetextu
2096 3932 2198 3988 de-

537 4002 828 4061 fensionis
839 4005 1213 4073 accedentes,
1225 4008 1414 4079 magis
1431 4011 2194 4080 atterebant,substantiam

539 4107 749 4150 earum
787 4093 1223 4149 consumendo.

606 4206 766 4261 Vers.
807 4208 871 4262 t3
902 4204 1105 4277 (vulgo
1139 4207 1246 4279 14).
1284 4209 1363 4264 Et
1403 4240 1473 4253 -
1501 4223 1832 4280 precantes.
1864 4221 2191 4282 Occasione

535 4291 867 4349 devorandi
894 4291 1109 4350 domos
1136 4295 1471 4365 viduarum,
1502 4302 1626 4359 sive
1652 4319 1787 4376 quae
1815 4307 1875 4363 in
1907 4307 2190 4369 domibus

536 4395 746 4438 earum
784 4385 941 4447 sunt,
973 4383 1197 4455 prolixe
1237 4394 1594 4459 exaggerata
1632 4399 1893 4463 orantes,
1927 4403 1991 4456 ut
2028 4400 2187 4459 vide-

533 4471 741 4528 rentur
781 4472 971 4530 sancti
999 4488 1070 4530 ac
1097 4477 1428 4536 reverentia
1464 4478 1651 4551 digni.

601 4666 765 4724 Vers.
819 4671 881 4725 13
931 4668 1133 4742 (vulgo
1188 4673 1299 4745 14).
1357 4674 1496 4733 Ideo
1554 4708 1621 4719 —
1656 4680 1978 4750 judicium.
2033 4688 2182 4753 Quia

528 4757 820 4829 tanquam
868 4761 1090 4816 tutores
1136 4777 1344 4818 earum
1393 4765 1796 4838 ingredimini,
1849 4774 1954 4829 sed
2003 4776 2180 4834 veluti

528 4851 904 4919 corruptores
942 4849 1313 4919 egredimini,
1343 4861 1584 4926 propter
1612 4857 1726 4915 hoc
1757 4863 1997 4932 gravius
2036 4883 2181 4923 con-

526 4932 983 4993 demnabimini.
1017 4939 1046 4993 J
1055 4939 1316 4997 udicium
1341 4943 1501 5000 enim
1527 4953 1703 5003 vocat
1731 4952 2180 5015 condemnatio-

525 5036 687 5078 nem.
730 5024 1039 5116 Siquidem
1065 5029 1340 5102 quisquis
1375 5039 1600 5104 peccat,
1628 5039 1924 5110 supplicio
1957 5045 2177 5116 dignus

527 5113 616 5164 est
646 5129 659 5167 :
688 5110 793 5182 qui
817 5115 1018 5169 autem
1042 5115 1317 5174 virtutem
1348 5119 1485 5178 facit
1516 5128 1741 5194 peccati
1772 5110 2173 5204 occasionem,

524 5197 766 5294 gravius
786 5200 1086 5294 punietur.
1107 5204 1382 5277 Deplorat
1408 5215 1607 5268 autem
1634 5230 1736 5271 eos
1759 5233 1828 5274 ac
1849 5197 2172 5294 redarguit,

523 5287 818 5381 populum
834 5288 1135 5381 instruens
1150 5310 1225 5351 ne
1245 5295 1485 5356 fallatur
1504 5317 1575 5358 ac
1592 5318 1666 5360 ne
1682 5313 1922 5381 propter
1937 5287 2173 5374 illorum

523 5373 875 5446 dignitatem
913 5380 1048 5439 velit
1077 5383 1256 5442 etiam
1287 5401 1388 5443 eos
1429 5388 1664 5449 imitari.

593 5571 866 5667 Vergit
903 5573 1105 5649 (vulgo
1153 5580 1258 5651 13).
1313 5582 1408 5639 Vw
1445 5616 1514 5627 —
1552 5587 1817 5647 introire.
1861 5592 2166 5667 Clauditis,

521 5657 733 5734 inquit,
774 5662 976 5738 ipsum
1013 5674 1149 5725 ante
1188 5668 1486 5740 homines,
1519 5681 1666 5748 puta
1697 5681 1833 5735 ante
1871 5657 2166 5757 vosipsos;

1893 291 2248 350 EUTHYMII
2296 291 2621 353 ZIGABENI

649 418 822 474 Vers.
859 418 907 471 9.
947 415 1028 472 Et
1067 444 1136 456 —
1173 415 1360 474 caelis.
1401 417 1524 475 Hoc
1562 417 1711 476 dixit
1749 434 1871 475 non
1909 418 2236 492 prohibens
2266 417 2311 470 A

3837 313 3947 368 592

2419 427 2516 476 Kui
2559 455 2623 464 —
2651 424 2906 496 οὐρανοῖς.
2958 433 3120 480 Τοῦτο
3147 425 3300 498 εἶπεν,
3334 430 3392 482 οὑ
3424 432 3632 485 κωλύων
3679 438 3737 488 τὸ
3768 437 3942 491 καλεῖν

2342 515 2569 584 πατέρας
2597 517 2713 574 τούς
2737 518 2872 567 κατὰ
2909 519 3080 589 σάρκα
3108 525 3434 595 γεννήτορας,
3462 525 3490 580 ἦ
3520 528 3610 575 καὶ
3640 529 3775 577 κατὰ
3793 535 3944 580 πνεῦ-

2341 619 2433 670 μα,
2467 599 2575 652 ἀλλ’
2604 604 2686 653 ἰνα
2709 612 2926 676 γνῶμεν,
2960 611 3040 667 τίς
3061 605 3201 659 ἐστιν
3224 610 3248 659 6
3279 617 3676 684 προηγουμένως
3691 619 3780 666 καὶ
3800 636 3945 690 πρω-

2340 695 2554 752 ταιτίως
2576 697 2755 766 Πατὴρ
2784 695 2948 764 ἡμῶν.
2977 699 3146 756 Μόνος
3193 701 3292 770 γὰρ
3325 707 3475 752 τοῦτο
3506 703 3630 774 ἡμῖν
3662 701 3803 756 ἐστιν
3835 708 3861 756 6
3889 705 3942 758 ἐν

2341 785 2445 838 τοῖς
2478 779 2716 854 οὐρανοῖς
2742 785 2954 845 Θεὸς-οἱ
2989 781 3047 837 δὲ
3075 788 3211 838 κατὰ
3242 789 3526 862 σάρκα,καὶ
3555 794 3690 844 κατὰ
3714 801 3939 868 πνεῦμα,

2343 872 2603 920 συναίτιοί
2629 869 2748 936 εἰσι,
2779 871 2969 943 μᾶλλον
2997 870 3054 925 ὃέ
3088 872 3322 928 διάκονοι
3347 887 3442 939 τῆς
3467 887 3748 950 γεννήσεως
3768 885 3939 955 ἡμῶν.

2339 958 2494 1026 Λέγει
2522 961 2708 1024 τοίνυν,
2739 962 2815 1012 ὅτι
2845 967 3052 1035 Πατέρα
3078 965 3221 1036 ὑμῶν
3250 974 3648 1041 προηγουμένως
3677 977 3765 1024 καὶ
3789 993 3940 1048 πρω-

2338 1049 2550 1108 ταιτίως
2574 1051 2646 1119 μὴ
2680 1048 2930 1108 καλέσητε
2968 1051 3050 1104 ἐπὶ
3085 1061 3178 1116 τῆς
3220 1064 3320 1126 γῆς
3348 1076 3360 1088 ·
3390 1054 3458 1118 εἷς
3481 1061 3581 1134 γὰρ
3613 1066 3766 1114 τοῦτό
3797 1061 3940 1117 ἐστιν

2340 1133 2365 1183 6
2422 1132 2469 1185 ἐν
2541 1155 2652 1198 τοις
2723 1139 2976 1214 οὐρανοῖς,
3053 1144 3078 1194 6
3154 1141 3202 1195 ἐν
3268 1143 3460 1220 Τριάδὶ
3513 1157 3804 1222 προσώπων
3865 1157 3942 1219 εἷς

2339 1226 2438 1274 Θεό
2448 1243 2486 1284 ς.

2409 1310 2560 1370 Μηδὲ
2589 1345 2658 1356 -
2691 1323 2943 1391 Χριστός·
2988 1319 3164 1374 Ῥαϐϐὶ
3210 1328 3300 1376 xui
3347 1327 3657 1398 καθηγητὴς
3701 1333 3759 1384 τὸ
3809 1333 3939 1388 αύτὸ

2341 1399 2488 1452 εἰσιν·
2523 1403 2961 1478 Ἐπαναλαμϐάνει
2985 1415 3152 1462 τοίνυν
3182 1415 3268 1464 τὸν
3299 1423 3434 1489 πρῶι
3447 1435 3500 1466 ον
3529 1416 3701 1490 λόγον,
3730 1421 3801 1482 εἰς
3826 1422 3940 1477 ἐπί-

2338 1509 2490 1541 τασιν
2559 1502 2656 1554 τῆς
2685 1493 2984 1570 ἀποτροπῆς
3012 1506 3102 1551 τοῦ
3140 1505 3377 1554 τοιούτου
3403 1513 3583 1560 κακοῦ.
3614 1506 3809 1584 Ὠσπερ
3842 1509 3938 1565 οὖν

2340 1579 2406 1638 εἷς
2433 1582 2741 1653 καθηγητὴς
2768 1584 3056 1658 λέγομενος,
3101 1591 3126 1641 6
3151 1595 3396 1663 Χριστὸς,
3457 1595 3551 1646 ούκ
3586 1579 3808 1651 ἐκϐάλλει
3840 1605 3934 1654 τὸν

2339 1670 2542 1740 Πατέρα
2569 1678 2659 1722 τοῦ
2685 1672 2926 1744 λέγεσθαι
2957 1679 3262 1750 καθηγητήν
3292 1699 3304 1712 '
3339 1682 3473 1734 οὕτω
3512 1690 3599 1736 καὶ
3653 1684 3722 1749 εἷς
3751 1695 3934 1766 Πατὴρ

1865 1758 1948 1815 ita
1987 1776 2230 1832 quoque
2258 1767 2302 1825 Β
2338 1755 2482 1826 ἡμῶν
2531 1757 2817 1832 λεγόμενος,
2851 1766 2876 1815 6
2907 1770 3107 1840 Πατὴρ,
3142 1768 3234 1820 οὐκ
3290 1769 3520 1825 ἐκϐάλλει
3571 1778 3658 1827 τὸν
3688 1781 3806 1829 Υίὸν
3839 1755 3936 1832 τοὺ

2335 1843 2576 1916 λέγεσθαι
2630 1856 2836 1926 Πατέρα
2891 1855 3055 1926 ἡμῶν.
3113 1861 3182 1909 Τὸ
3234 1861 3334 1930 γὰρ
3404 1861 3474 1924 εἷς
3531 1869 3619 1916 καὶ
3671 1867 3738 1926 εἷς
3801 1874 3937 1944 πρὸς

2334 1931 2736 1999 ἀντίδιαστολὴν
2784 1944 2983 2016 εῒραται
3036 1953 3134 1998 τῶν
3165 1946 3442 2021 ἀνθρώπων
3491 1957 3580 2006 καὶ
3633 1974 3734 2007 των
3775 1931 3933 2032 ἆγγέ-

2332 2020 2451 2082 λων,

2400 2221 2480 2275 Ὀ
2534 2220 2593 2276 δὲ
2621 2257 2688 2266 -
2716 2222 2971 2290 διάκονος.
3016 2234 3390 2308 Απαγορεύσας
3436 2239 3494 2289 τὸ
3553 2238 3786 2311 χαλεπὸν
3840 2248 3930 2298 νό-

2333 2330 2481 2384 σημα
2535 2320 2629 2374 τῆς
2687 2315 2982 2392 φιλαρχίας,
3033 2319 3208 2373 λοιπὸν
3261 2319 3532 2393 διδάσκει,
3587 2334 3676 2382 καὶ
3725 2340 3830 2394 πῶς
3868 2337 3931 2388 ἄν

2331 2400 2455 2452 αύτὸ
2488 2403 2715 2473 φύγοιεν,
2773 2406 2852 2456 ὅτι
2910 2410 3002 2460 διὰ
3055 2417 3144 2461 τοῦ
3195 2408 3471 2481 διακονεῖν,
3520 2419 3715 2486 εἶτουν,
3750 2443 3929 2476 ταπει-

2327 2491 2568 2545 νοῦσθαι.
2600 2489 2727 2544 Εἶτα
2755 2492 2890 2566 λέγει
2919 2501 3007 2548 καὶ
3045 2506 3136 2559 τῆς
3165 2497 3428 2575 ἐπάρσεως
3458 2509 3516 2557 τὸ
3563 2509 3800 2582 ἔπαθλον,
3838 2517 3929 2566 καὶ

2327 2587 2419 2638 τῆς
2459 2587 2828 2650 ταπεινώσεως,
2864 2585 2946 2637 ἵνα
2971 2590 3063 2644 τὴν
3093 2591 3181 2660 μὲν
3205 2590 3450 2664 ῥίπτωαι,
3494 2600 3586 2654 τὴν
3619 2594 3678 2650 δὲ
3720 2599 3926 2674 λαμϐά-

2326 2688 2502 2724 νωσιν.

2393 2774 2412 2791 ”’
2439 2784 2602 2839 Οστις
2626 2810 2694 2818 —
2725 2779 3064 2850 ὑψωθήσεται
3105 2801 3117 2851 ;
3157 2791 3416 2859 Μέγιστον
3445 2801 3630 2867 χρῆμα
3658 2797 3687 2854 ἡ
3732 2817 3914 2852 ταπει-

2322 2868 2608 2939 νοφροσύνη
2646 2883 2658 2896 °
2693 2864 2779 2920 διὸ
2807 2874 2894 2922 καὶ
2915 2871 3157 2934 πὸλλάκις
3177 2883 3294 2949 περὶ
3318 2864 3809 2955 αὐτῆς-διαλέγεται,
3841 2896 3905 2961 τῇ

2324 2959 2566 3026 συνεχείᾳ
2618 2964 2711 3018 τῆς
2768 2959 3105 3031 ὑπομνήσεως
3167 2963 3524 3043 ἐγκαθιδρύων
3571 2975 3755 3032 ταύτην
3801 2983 3911 3037 ταῖς

2318 3051 2417 3093 τῶν
2447 3045 2693 3115 μαθητῶν
2723 3045 2949 3118 ψυχαῖς,
2988 3051 3188 3105 Κελεύει
3235 3050 3294 3107 δὲ
3339 3061 3410 3128 μὴ
3470 3064 3623 3131 μόνον
3674 3067 3745 3135 μὴ
3800 3063 3916 3139 ἐρᾷν

2317 3139 2417 3181 τῶν
2447 3138 2730 3205 πρωτείων,
2760 3133 2882 3194 ἁλλὴ
2934 3142 3023 3191 καὶ
3042 3139 3276 3211 μάλιστα
3301 3145 3641 3217 μεταδιώκειν
3660 3155 3725 3204 τὰ
3753 3155 3918 3225 ἔσχα-

2316 3243 2401 3280 τα.
2440 3228 2510 3276 Τὸ
2539 3228 2628 3296 μὲν
2658 3227 2758 3300 γὰρ
2780 3237 3011 3283 ταπεινοῖ
3029 3236 3115 3284 τὸν
3138 3231 3349 3308 ἐρῶντα,
3386 3241 3443 3291 τὸ
3476 3237 3533 3294 δὲ
3553 3241 3679 3314 ὑψοῐ
3701 3246 3786 3296 τὸν
3817 3265 3915 3318 με-

2315 3308 2663 3369 ταδιώκοντα.

2317 3425 2460 3473 ΚΕΦ.
2494 3420 2597 3485 Νς·’
2628 3426 2752 3496 Περὶ
2792 3431 2883 3477 τοῦ
2927 3425 3246 3501 ταλανισμοῦ
3295 3440 3395 3485 τῶν
3439 3441 3789 3511 Γραμματέων
3827 3448 3915 3496 καὶ

2953 3522 3268 3592 Φαρισαίων.

2383 3615 2518 3668 Οὐαὶ
2553 3647 2614 3659 -
2645 3619 2944 3694 ὑποκριταί.
2972 3624 3379 3700 Καθολικώτερον
3409 3629 3589 3700 εἰπεῖν,
3621 3634 3912 3711 ὑποκριτάς

2311 3705 2553 3776 ὀνομάζει
2605 3709 2842 3779 τούτους,
2901 3713 2970 3772 ὡς
3027 3713 3461 3788 ὑποκρινομένους
3519 3720 3784 3778 εὐλάϐειαν
3816 3733 3910 3780 καὶ

2307 3791 2505 3868 ἀρετήν.

2375 3899 2394 3919 ’⁸
2425 3907 2520 3991 Οτι
2548 3932 2617 3944 -
2649 3911 2852 3978 χηρῶν.
2912 3903 3006 3968 Ai;
3043 3906 3253 3980 βοηθεῖν
3305 3908 3432 3969 ἔδει.
3487 3917 3906 3991 Παραϐάλλοντες

2303 3991 2404 4064 γὰρ
2435 3990 2638 4060 αὐταῖς,
2667 3991 2750 4045 ἐπὶ
2775 4002 3095 4070 προστασίᾳ,
3124 3999 3313 4072 μᾶλλον
3344 4001 3630 4080 ἐπέτριϐον,
3684 4014 3775 4075 τὰς
3821 4013 3906 4066 ού-

2305 4082 2419 4140 σίας
2449 4079 2616 4132 αὐτῶν
2645 4083 3168 4155 προσαναλίσκοντες.

2372 4275 2473 4324 Καὶ
2507 4305 2568 4314 -
2618 4281 3051 4351 προσευχόμενοι.
3114 4288 3214 4336 Καὶ
3268 4287 3528 4359 προφάσει
3591 4299 3683 4345 τοῦ
3756 4315 3902 4350 κατε-

2300 4360 2462 4412 σθιειν
2511 4365 2603 4424 τὰς
2650 4365 2816 4426 οἰκίας
2868 4375 2966 4419 τῶν
3014 4380 3219 4444 χηρῶν,
3266 4376 3402 4446 ἤτοι,
3461 4382 3521 4437 τη
3571 4378 3619 4432 ἐν
3682 4391 3792 4444 ταῖς
3821 4385 3896 4437 οἰ-

2220 4485 2264 4542 D
2295 4452 2437 4512 κίαις
2477 4450 2664 4520 αὐτῶν,
2710 4456 2889 4530 μακρὰ
2949 4462 3040 4510 καὶ
3097 4461 3436 4534 ἐπιτεταμένα
3481 4475 3892 4542 προσευχόμενοι

2293 4538 2416 4614 παρ’
2471 4541 2674 4611 αύταῑς,
2765 4545 2900 4598 ὥστε
2980 4543 3152 4600 δοκεῖν
3201 4548 3386 4624 ἁγίους
3460 4561 3549 4608 καὶ
3623 4559 3888 4633 θεραπείας

2293 4625 2488 4691 ἀξίους.

2363 4720 2457 4768 Διά
2514 4748 2580 4760 -
2619 4727 2800 4795 κρῖμα.
2858 4727 2996 4777 Διότι
3050 4730 3346 4801 προστάται
3392 4733 3581 4784 τούτων
3635 4733 3880 4808 εἰσερχό-

2289 4825 2450 4878 μενοι,
2500 4806 2746 4880 λυμεῶνες
2789 4811 2955 4865 αύτῶν
3001 4814 3294 4889 ἐξέρχεσθε,
3343 4827 3431 4874 xui
3489 4818 3630 4876 διότι
3691 4829 3888 4900 πρόφα·

2291 4913 2374 4946 σιν
2429 4905 2853 4973 γαστριμαργίας
2904 4911 3097 4956 ποιεῖτε
3153 4910 3248 4963 τὴν
3298 4913 3503 4984 μακρὰν
3557 4919 3886 4987 προσευχὴν,

2290 4978 2384 5036 διὰ
2429 4992 2582 5038 τοῦτο
2634 4995 3004 5064 περισσότερον
3079 4992 3633 5058 καταδικασθήσεσθε.
3715 4997 3923 5079 Κρῖμα

2285 5074 2387 5147 γὰρ
2417 5079 2511 5132 την
2541 5074 2836 5137 καταδίκην
2894 5086 3045 5153 φησὶ.
3100 5089 3210 5144 Πᾶς
3264 5088 3354 5157 μὲν
3404 5091 3507 5162 γὰρ
3558 5074 3888 5165 ἁμαρτάνων,

2286 5167 2540 5236 τιμωρίας
2594 5164 2738 5229 ἄξιος
2772 5184 2790 5200 ⁸
2831 5170 2856 5220 6
2911 5166 2971 5223 δὲ
3025 5175 3114 5224 καὶ
3166 5180 3426 5256 προφασίν
3480 5164 3740 5253 ἁμαρτίας
3796 5164 3890 5244 τὴν

2286 5248 2467 5324 ἀρετὴν
2497 5262 2655 5306 ποιῶν
2680 5257 3042 5334 χαλεπώτερον
3070 5251 3485 5324 κολασθήσεται.
3515 5248 3800 5333 -Ταλανίζει
3831 5269 3892 5326 δὲ

2283 5337 2470 5400 αύτούς
2498 5347 2588 5396 καὶ
2636 5342 2931 5419 ἀπελέγχει,
2965 5353 3371 5413 κατασκευάζων
3409 5363 3480 5426 τῷ
3531 5355 3639 5429 λαῷ
3674 5362 3732 5412 τὸ
3783 5359 3892 5414 ἆνε-

2285 5427 2595 5500 ξαπάτητον,
2631 5434 2713 5486 ἵνα
2750 5441 2821 5507 μη
2856 5434 2948 5490 διὰ
2973 5445 3067 5498 τὴν
3100 5439 3246 5504 ἀξίαν
3287 5443 3452 5496 αὐτῶν
3484 5445 3732 5502 ἕλκωνται
3756 5455 3890 5524 πρὸς

2283 5515 2457 5576 ζῆλον.
3092 5518 3100 5530 ⁸

2351 5606 2486 5659 Οὐαὶ
2517 5640 2585 5649 -
2607 5611 2864 5670 εἰσελθεῖν.
2927 5616 3146 5687 κλείετε,
3180 5625 3329 5692 φησὶ,
3372 5625 3566 5682 ταύτην
3594 5627 3885 5702 ἔμπροσθεν

2278 5703 2377 5745 τῶν
2419 5695 2717 5774 ἀνθρώπων,
2753 5705 2871 5756 ὅσον
2911 5710 3040 5779 πρὸς
3101 5709 3237 5780 ὑμᾶς
3282 5717 3372 5764 καὶ
3419 5717 3535 5776 τούς
3588 5716 3671 5788 ὑφ’
3720 5719 3880 5790 ὑμᾶς,
