4186 6318
323 325 435 381 593

1216 328 1581 388 COMMENT.
1628 320 2179 401 ΙΝΜΑΤΤΗΕΠΜ.
2218 358 2287 371 —-
2325 331 2484 391 CAP.
2522 338 2727 395 XXIII.

3586 346 3695 405 594

326 452 398 516 ὠς
458 456 594 526 μήτε
635 450 783 505 αὐτοὶ
828 450 1188 525 εἰσερχόμενοι
1236 454 1311 517 εἰς
1348 456 1530 524 αὐτὴν,
1584 454 1678 510 διὰ
1750 465 1842 516 τῆς
1891 473 1912 506 ι

2041 455 2240 546 eteos
2266 458 2371 531 qui
2409 462 2583 519 vobis
2614 464 2904 523 subsunt:
2931 468 2995 523 ut
3017 480 3210 541 neque
3237 466 3357 542 ipsi
3393 468 3695 546 ingrepia-

325 542 418 615 ἐμὲ
492 547 731 609 πίστεως,
801 546 933 613 μήτε
1022 542 1200 604 ἀλλους
1265 544 1463 607 ἐῶντες.
1522 546 1930 621 Εἰσερχομένους

328 628 389 685 δὲ
444 630 583 702 λέγει
637 634 758 691 τοὺς
814 627 1164 700 ἐπιτηδείους,
1214 637 1331 695 τοὺς
1393 631 1708 709 δυνάμένους
1769 635 1929 708 εἰσέρ-

325 722 549 793 χεσθαι.
618 722 811 792 Βαρεῖα
883 716 941 773 δὲ
1005 729 1157 775 τοῦτο
1215 728 1527 796 κατηγορία.
1595 725 1654 778 Εἰ
1708 727 1808 798 γὰρ
1870 725 1929 775 τό

325 806 531 882 μηδένα
589 809 793 882 ὠφελεῖν
854 807 1140 881 καταδίκη,
1194 815 1249 864 τό
1308 817 1396 865 καὶ
1454 813 1698 886 βλάπτειν
1766 812 1930 882 ἁσύγ·

324 918 578 969 γνωστόν,
627 904 713 952 καὶ
769 896 955 973 ἀνδρὸς
1017 900 1222 972 λοιμοῦ.
1282 905 1431 976 [Ιαρὰ
1496 900 1555 955 δὲ
1617 909 1688 973 τῷ
1751 907 1930 955 Λουκᾶ

324 1007 506 1059 φησιν,
554 990 635 1041 ὅτι
682 989 877 1062 ’Ἠρατε
928 994 1022 1048 τὴν
1075 988 1257 1043 κλεῖδα
1322 1000 1417 1053 τῆς
1475 997 1732 1063 γνώσεως·
1794 994 1927 1042 οὕτω

320 1077 545 1141 καλέσας
601 1083 694 1137 τὴν
749 1078 819 1143 εἰς
880 1079 1036 1132 αὐτόν
1096 1084 1293 1151 πίστιν,
1352 1083 1420 1143 ὡς
1486 1081 1801 1153 εἰσάγουσαν
1857 1080 1928 1139 εὶς

321 1170 419 1225 τὴν
466 1176 661 1239 γνῶσιν
703 1175 802 1220 τῶν
853 1167 1016 1243 ὀρθῶν
1064 1166 1339 1242 δογμάτων
1384 1175 1471 1223 καὶ
1508 1178 1597 1231 τῆς
1628 1169 1924 1245 ἀπορρήτου

330 1260 536 1327 σοφίας,
611 1260 790 1315 ἥντινα
848 1253 1030 1310 κλεῖδα
1089 1255 1238 1332 ἦραν,
1299 1260 1480 1332 ἣγουν,
1550 1258 1748 1333 ἀφεῖλον
1823 1257 1923 1311 ἀπὸ

324 1352 417 1397 τοῦ
447 1344 592 1400 λαοῦ.

394 1524 528 1579 Οὐαὶ
570 1557 639 1565 -
687 1526 848 1598 ὑμῶν.
898 1528 1195 1601 Περιάγετε,
1243 1526 1356 1581 ἀντὶ
1400 1535 1510 1594 τοῦ,
1560 1528 1918 1602 περιέρχεσθε,

325 1612 652 1688 διατρέχετε.
710 1614 1046 1688 Προσήλυτον
1105 1614 1164 1668 δὲ
1220 1616 1481 1689 ὠνόμασεν
1545 1618 1569 1668 ό
1631 1621 1784 1688 νόμος
1835 1618 1921 1667 τόν

324 1704 379 1766 ἐξ
446 1700 841 1776 εἰδωλολατρίας
900 1705 1324 1779 προσεληλυθὸτα
1388 1714 1450 1777 τῇ
1511 1707 1763 1779 θρησκείᾳ
1822 1712 1921 1757 τῶν

2039 544 2184 599 mini
2214 563 2320 618 per
2344 549 2524 607 ﬁdem
2551 569 2687 625 quae
2718 559 2806 611 est
2844 556 2903 611 in
2926 572 3040 622 me,
3068 573 3265 630 neque
3295 558 3446 617 alios
3485 544 3693 621 sin—alis

2037 630 2291 702 ingredi.
2325 638 2725 709 Ingredientes
2763 650 2967 701 autem
3018 646 3161 703 dicit
3206 663 3308 705 eos
3351 651 3460 722 qui
3500 653 3691 723 parati

2041 726 2179 777 sunt
2203 739 2271 778 ac
2296 734 2544 798 possunt
2568 731 2816 803 ingredi.
2865 734 3066 790 Gravis
3093 740 3177 793 est
3196 741 3400 796 autem
3429 740 3558 797 haec
3595 757 3694 800 ac—

2038 812 2281 867 cusatio.
2322 815 2473 872 Nam
2492 819 2539 873 si
2561 820 2707 875 nulli
2727 823 3027 891 prodesse,
3074 824 3291 883 sufﬁcit
3309 827 3387 883 ad
3410 830 3687 888 condem-

2038 899 2361 969 nationem,
2430 908 2534 978 qui
2567 909 2744 964 etiam
2784 915 2971 977 nocet,
3033 927 3421 987 nequaquam
3451 921 3689 978 veniam

2039 989 2331 1060 percipiet,
2378 1007 2517 1049 cum
2544 996 2618 1052 sit
2644 997 2961 1055 hominum
2993 1000 3197 1071 pestis.
3248 1006 3425 1075 Apud
3464 1010 3688 1066 Lucam

2038 1091 2175 1130 vero
2224 1078 2336 1134 ait:
2382 1082 2617 1141 Tulistz's
2668 1085 2883 1143 clavem
2926 1089 3179 1146 scientiae
3221 1092 3290 1156 ³⁵,
3335 1092 3417 1150 ita
3461 1111 3688 1153 vocans

2034 1166 2206 1221 tidem
2259 1184 2394 1241 quas
2456 1172 2516 1227 in
2567 1190 2628 1229 se
2666 1180 2773 1243 est,
2818 1180 3017 1249 utpote
3083 1177 3559 1241 introducentem
3607 1184 3688 1243 ad

2036 1255 2342 1347 scientiam
2354 1266 2653 1323 rectorum
2666 1265 3023 1336 dogmatum
3036 1282 3106 1324 ac
3121 1267 3443 1326 ineffabilia
3456 1273 3689 1347 sapien-

2034 1343 2144 1489 tiael,
2176 1360 2363 1417 quam
2392 1348 2622 1408 clavem
2650 1354 2909 1412 tulerunt
2938 1356 3063 1413 sive
3105 1356 3483 1418 abstulerunt
3511 1343 3548 1420 ἆ.
3581 1377 3690 1435 po-

2034 1448 2111 1489 ou
2139 1449 2194 1489 ο.

2030 1448 2194 1506 pulo.

2103 1525 2259 1580 Vers.
2306 1529 2389 1582 15.
2434 1528 2529 1586 Vw
2566 1562 2635 1571 —
2671 1548 2843 1605 quam
2882 1550 3000 1594 vos.
3048 1536 3410 1607 Circumitis,
3444 1554 3687 1613 percur-

2028 1613 2173 1669 ritis.
2193 1614 2343 1672 Nam
2365 1617 2427 1673 id
2459 1618 2753 1691 signiﬁcat
2781 1622 2895 1680 hoc
2924 1625 3057 1681 loco
3085 1629 3378 1702 περιάγετε.
3413 1629 3684 1706 Prosely—

2030 1707 2158 1761 tum
2189 1708 2389 1761 autem
2419 1710 2766 1782 appellabat
2790 1712 2887 1770 lex
2916 1730 3075 1783 eum,
3105 1716 3209 1789 qui
3248 1719 3319 1773 ab
3346 1718 3684 1780 idololatria

322 1789 613 1847 Ἰουδαίων.
682 1798 836 1865 Λέγει
883 1799 1055 1846 τοίνυν
1109 1796 1134 1847 ό
1188 1798 1433 1868 Χριστός,
1485 1796 1564 1847 ὅτι
1615 1799 1778 1867 Μόγις
1832 1798 1917 1846 καὶ

2031 1792 2109 1847 ad
2153 1792 2506 1865 religionem
2549 1800 2871 1858 accedebat
2918 1804 3284 1861 Iudaeorum.
3336 1806 3485 1865 Dicit
3537 1824 3679 1881 ergo

322 1884 455 1955 μετὰ
518 1888 716 1957 μυρίων
774 1887 937 1935 πόνων
998 1891 1190 1937 ποιεῖτε
1255 1886 1341 1937 ἕνα
1418 1883 1766 1959 προσήλυτον,
1829 1887 1918 1935 καὶ

321 1970 440 2024 οὐδ’
489 1973 648 2034 οὕτως
688 1971 846 2024 αὐτοῦ
890 1968 1146 2045 φείδεσθε.
1188 1975 1451 2026 Τοσοῦτόν
1501 1972 1615 2026 ἐστε
1658 1978 1745 2026 καὶ
1793 1975 1917 2047 πρὸς

322 2066 585 2135 σωτηρίαν
628 2070 728 2114 τῶν
779 2059 1282 2136 εἰδωλολατρούντων
1330 2065 1622 2135 ἄχρηστοι,
1670 2065 1915 2134 καὶπρὸς

322 2151 553 2224 φυλακὴν
651 2156 744 2203 τοῦ
838 2151 1282 2224 προσεληλυθότος
1374 2154 1623 2227 ῥᾴθυμον
1727 2150 1915 2223 μᾶλλον

320 2238 378 2295 δὲ
446 2237 719 2315 προδόται,
795 2237 1178 2314 διαφθείροντες
1254 2241 1404 2294 αὐτόν
1474 2249 1535 2313 τῇ
1614 2243 1747 2293 κατὰ
1829 2242 1915 2292 τόν

314 2330 435 2403 βίον
484 2332 624 2403 ὑμῶν
671 2336 913 2403 πονηρίᾳ,
947 2336 1037 2383 καὶ
1082 2339 1346 2392 ποιοῦντες
1395 2334 1505 2383 υἱόν
1536 2330 1647 2403 (96)
1691 2333 1911 2402 γεέννης,

313 2424 602 2487 τουτέστιν,
666 2420 850 2473 οἰκεῖον
897 2424 1104 2492 γεέννης
1159 2426 1248 2473 καὶ
1294 2421 1438 2484 ἄξιον
1487 2421 1668 2481 αὐτῆς.
1728 2419 1915 2472 Διπλό-

314 2529 457 2583 τερον
509 2506 569 2562 δε
617 2507 746 2576 εἷπε,
799 2506 941 2562 διότι
977 2517 1079 2572 πᾶς
1128 2512 1263 2581 ἔχων
1301 2507 1624 2563 διδάσκαλον
1668 2512 1910 2581 πονηρόν,

316 2599 375 2651 οὐ
422 2602 584 2673 μέχρι
620 2608 717 2660 τῆς
759 2602 942 2651 τούτου
990 2604 1177 2662 κακίας
1231 2600 1461 2652 ἵσταται·
1526 2595 1913 2671 παραδείγματι

317 2684 377 2740 δὲ
458 2691 623 2761 τούτῳ
712 2693 982 2762 χρώμενος
1070 2687 1153 2742 ἐπὶ
1244 2691 1301 2741 τό
1373 2695 1551 2762 χεῖρον
1619 2686 1913 2763 προϐαίνειν

314 2779 505 2832 εἴωθεν.

386 2867 522 2919 Ούαὶ
585 2897 651 2906 -
722 2866 921 2939 ⁴Ιὐφλοί.
990 2872 1143 2925 Ζήτει
1204 2866 1252 2918 ἐν
1320 2874 1391 2937 τῷ
1454 2865 1673 2936 εἰκοστῷ
1740 2864 1912 2939 ὀγδόῳ

313 2960 573 3028 κεφαλαίῳ
638 2960 731 3015 τὴν
800 2955 1045 3028 ἐξήγησιν
1120 2964 1232 3023 τοῦ,
1310 2953 1532 3027 Ὁδηγοί
1581 2954 1683 3008 εἰσι
1732 2954 1910 3028 τυφλοὶ

313 3045 537 3118 τυφλῶν.

377 3142 472 3199 ’ος
502 3165 570 3175 -
601 3134 805 3208 ὀφείλει.
849 3132 1016 3189 Οὐδέν
1048 3136 1183 3203 ἐστι,
1226 3133 1487 3202 δηλονότι,
1527 3142 1698 3190 τοῦτο.
1738 3134 1908 3207 Ὀφεί-
1947 3155 1989 3213 C

304 3225 380 3279 λει
411 3222 489 3289 δὲ,
522 3224 638 3278 ἀντὶ
685 3232 793 3292 τοῦ,
842 3234 1121 3301 χρεωστεί.
1169 3227 1229 3279 Ei
1261 3227 1362 3298 γάρ
1400 3245 1475 3286 τις
1509 3226 1681 3298 ὤμοσε
1724 3220 1908 3277 δοῦναί

305 3334 376 3379 τι,
424 3315 466 3367 εἰ
506 3318 594 3388 μέν
640 3317 774 3367 κατὰ
814 3323 908 3366 τοῦ
952 3323 1076 3368 ναοῦ
1124 3320 1348 3389 ὤμοσεν,
1397 3314 1587 3386 ἔλεγον,
1632 3315 1711 3366 ὅτι
1756 3309 1905 3366 οὐδέν

307 3404 418 3457 ἐστι
448 3411 613 3457 τοῦτο·
650 3404 695 3456 εἰ
725 3400 784 3456 δὲ
829 3405 965 3457 κατά
1008 3424 1139 3465 τινος
1182 3412 1392 3479 χρυσοῦ
1431 3406 1662 3473 σκεύους,
1711 3401 1903 3473 ἔλεγον,

306 3492 386 3546 ὃτι
422 3499 702 3567 χρεωστεῖ.
751 3500 927 3547 Ταῦτα
978 3490 1038 3546 δὲ
1085 3490 1432 3566 ἐδογμάτιξον
1476 3492 1529 3556 ἐξ
1583 3491 1775 3554 ἀνοίας.
1818 3494 1904 3544 Διὸ

304 3588 392 3638 καὶ
426 3588 655 3639 σκώπτει
684 3586 899 3645 τούτους
930 3583 998 3645 εἰς
1029 3587 1249 3659 μωρίαν.

378 3765 559 3834 Μωροὶ
612 3790 676 3800 -
724 3764 927 3835 χρυσόν
972 3778 986 3827 ;
1030 3759 1341 3833 Τυφλότητα
1386 3762 1593 3822 τούτοις
1638 3755 1903 3826 ὀνειδίζει,
1988 3808 1991 3811 ,

308 3854 403 3908 τὴν
434 3858 528 3911 τῆς
561 3849 771 3920 ψυχῆς.

384 3943 483 3991 Καὶ
522 3969 588 3980 -
625 3935 811 4013 δῶρον,
853 3943 1247 4012 Θυσιαστὴριόν
1294 3958 1471 4013 φησιν,
1522 3936 1595 4011 ἐφ’
1646 3938 1705 3990 οὗ
1750 3940 1903 4009 ἔσφα-

306 4028 396 4090 ζον
427 4030 493 4080 τὰ
521 4033 885 4104 προσαγόμενα
916 4031 1140 4101 θύματα.

375 4117 433 4170 Ὀ
474 4148 542 4159 --
599 4120 765 4171 ἑπάνω
814 4118 991 4172 αὐτοῦ.
1050 4120 1226 4173 Ταῦτά
1265 4138 1442 4191 φησιν,
1511 4118 1615 4190 οὐχ
1669 4119 1736 4179 ὡς
1791 4116 1899 4169 ἐπι-

303 4211 498 4281 τρέπων
577 4207 799 4277 ὀμνύεινο
895 4207 944 4261 ἓν
1012 4212 1111 4280 γὰρ
1191 4217 1261 4280 τῷ
1344 4213 1560 4281 πέμπτῳ
1644 4207 1901 4280 κεφαλαίῳ

300 4297 551 4359 παντελῷς
600 4300 685 4350 τόν
731 4300 880 4371 ὅρκον
931 4297 1199 4351 ἐκώλυσεν·
1249 4296 1356 4350 ἀλλ’
1395 4301 1463 4359 ὡς
1492 4306 1591 4350 τῶν
1632 4294 1901 4353 Ἰουδαίων

301 4388 589 4461 ὀμνυόντων
619 4390 757 4440 κατὰ
784 4396 884 4439 τῶν
907 4390 1173 4441 τοιούτων.

370 4477 503 4531 Οὐαὶ
569 4510 638 4518 -
699 4482 903 4546 πίστιν,
958 4483 1060 4530 Τοῦ
1116 4481 1274 4549 νόμου
1332 4484 1403 4529 τῶ
1455 4476 1561 4546 λαῷ
1615 4475 1905 4538 κελεύοντος

299 4565 525 4629 δεκάτπς
584 4570 834 4640 παρέχειν
892 4568 1092 4619 πάντων
1154 4574 1252 4619 τῶν
1308 4572 1539 4638 καρπῶν,
1608 4564 1755 4617 αὐτοὶ
1815 4569 1904 4617 καὶ

298 4662 417 4730 περὶ
464 4659 563 4718 τὰς
602 4652 823 4717 δεκάτας
853 4663 943 4708 τοῦ
995 4652 1272 4728 ἡδυόσμου
1316 4660 1405 4707 καὶ
1445 4661 1534 4706 τοῦ
1580 4653 1771 4711 ἀνήθου
1816 4658 1904 4706 καὶ

303 4753 396 4798 τοῦ
474 4750 717 4817 κυμίνου,
804 4754 903 4798 τῶν
982 4745 1372 4808 εὐτελεστάτων,
1452 4741 1901 4817 ἠκριϐολογοῦντο,

308 4832 711 4906 προϐαλλόμενοι
774 4838 861 4886 τόν
917 4838 1086 4906 νόμον.
1153 4836 1397 4907 Διασύρει
1461 4836 1630 4885 τοίνυν
1697 4831 1901 4901 αὐτοὺς,

311 4924 377 4983 ὡς
414 4926 531 4995 περὶ
579 4926 645 4975 τὰ
688 4923 946 4996 ἐλάχιστα
1001 4928 1090 4997 μὲν
1138 4931 1227 4976 τοῦ
1284 4928 1442 4995 νόμου
1494 4920 1905 4995 παραγγέλματα

309 5009 422 5062 λίαν
490 5010 1027 5085 ἀκριϐολογουμένους,
1090 5020 1189 5065 τῶν
1251 5009 1309 5063 δὲ
1370 5009 1601 5083 μέγάλων
1661 5009 1905 5081 ἀμελοῦν-

308 5119 419 5162 τας.
477 5104 660 5173 Κρίσιν
718 5098 776 5153 δὲ
831 5102 965 5174 λέγει
1012 5107 1104 5161 τὴν
1160 5104 1285 5175 ὑπερ
1343 5109 1439 5152 τῶν
1512 5095 1900 5172 ἀδικουμένων;

306 5195 396 5243 καὶ
442 5188 594 5260 ἔλεον,
640 5194 725 5243 τὸν
780 5191 851 5253 εἰς
898 5195 1019 5255 τοὺς
1058 5188 1350 5265 δεομένους,
1396 5194 1485 5243 καὶ
1540 5192 1717 5242 πίστιν
1765 5188 1900 5260 (9'7),

372 5371 440 5424 ³⁵.
472 5368 617 5428 Luc.
653 5384 736 5438 x1,
769 5372 857 5425 52.

2029 1884 2291 1943 Christus
2337 1905 2350 1944 :
2402 1888 2647 1945 Inﬂnitis
2694 1889 2794 1945 vix
2844 1892 3086 1948 tandem
3134 1892 3441 1950 laboribus
3487 1912 3679 1954 unum

2026 1975 2257 2033 efﬁcitis
2289 1979 2679 2051 proselytum,
2709 1982 2765 2035 et
2802 1994 2911 2035 nec
2943 1981 3079 2037 ideo
3104 1980 3185 2037 illi
3214 1983 3474 2054 parcitis,
3526 1984 3680 2044 adeo

2025 2064 2164 2120 estis
2198 2070 2255 2123 et
2307 2069 2382 2124 ad
2434 2068 2690 2125 salutem
2729 2067 3177 2127 idololatrarum
3220 2070 3482 2141 inutiles,
3511 2076 3570 2130 et
3599 2074 3678 2132 ad

2026 2154 2156 2223 ejus
2171 2156 2276 2228 qui
2294 2156 2421 2227 jam
2440 2157 2683 2214 advenit
2703 2171 2941 2228 segnes,
2958 2158 3082 2215 imo
3104 2159 3308 2232 potius
3338 2161 3678 2233 proditores

2026 2251 2473 2317 corrumpentes
2512 2262 2647 2301 eum
2676 2246 2812 2302 vitae
2842 2251 3053 2303 vestrae
3084 2248 3348 2321 nequitia
3376 2256 3431 2307 et
3457 2249 3680 2309 facien-

2028 2335 2114 2388 tes
2145 2349 2285 2391 eum
2313 2334 2507 2391 ﬁlium
2536 2335 2849 2406 gehennaa,
2881 2335 2942 2391 id
2963 2340 3070 2407 est,
3098 2336 3459 2396 familiarem
3481 2340 3677 2410 gehen

2023 2437 2139 2492 nae,
2168 2427 2225 2480 et
2251 2439 2323 2481 ea
2348 2424 2619 2495 dignum.
2655 2427 2717 2479 In
2744 2423 2934 2497 duplo
2963 2428 3165 2482 autem
3188 2424 3357 2483 dixit.
3395 2427 3674 2501 Quisquis

2023 2512 2183 2567 enim
2211 2517 2635 2585 praeceptorem
2660 2513 2842 2570 habet
2875 2528 3146 2585 pravum,
3178 2529 3301 2571 non
3336 2514 3492 2572 illius
3525 2516 3676 2574 sistit

2022 2600 2269 2671 malitia,
2310 2602 2414 2659 sed
2453 2603 2583 2675 ejus
2641 2606 2814 2658 utens
2869 2603 3166 2677 exemplo,
3231 2602 3381 2662 solet
3427 2603 3673 2662 ulterius

2010 2690 2361 2763 procedere.

2092 2871 2249 2925 Vers.
2288 2868 2377 2927 16.
2426 2869 2615 2926 Vw—
2665 2870 2823 2925 caci.
2870 2870 3077 2934 Quaere
3126 2868 3411 2927 vicesimo
3458 2872 3672 2945 octavo

2020 2958 2211 3031 capite
2240 2957 2382 3015 dicti
2410 2958 2567 3015 illius
2592 2958 3035 3016 enarrationem
3086 2974 3100 3016 :
3135 2957 3282 3017 Caci
3317 2966 3456 3017 sunt
3499 2960 3673 3019 duces

2002 3082 2005 3087 -
2020 3063 2303 3105 cascorum
2313 3091 2325 3104 .

2113 3138 2276 3193 Vers.
2318 3138 2404 3194 16.
2436 3137 2547 3203 Qui
2574 3167 2640 3179 —
2692 3152 2817 3193 reus
2855 3142 2959 3194 est.
2996 3136 3167 3194 Nihil
3206 3143 3291 3194 est
3342 3140 3488 3210 puta
3531 3138 3671 3198 hoc.

2002 3230 2170 3287 Reus
2200 3232 2302 3292 est,
2332 3226 2606 3283 videlicet
2633 3226 2836 3283 debiti.
2872 3227 2930 3283 Si
2973 3226 3110 3299 quis
3161 3226 3316 3283 enim
3355 3226 3579 3300 aliquid
3607 3242 3671 3285 se

2015 3317 2371 3372 donaturum
2414 3315 2749 3385 juraverat:
2783 3314 2830 3369 si
2861 3315 3108 3388 quidem
3144 3330 3252 3386 per
3291 3315 3582 3387 templum
3606 3315 3672 3373 id

2008 3406 2290 3477 jurasset,
2322 3402 2605 3459 dicebant
2624 3402 2791 3459 hunc
2817 3402 2897 3458 ad
2927 3402 3070 3457 nihil
3103 3402 3378 3472 obligari.
3411 3403 3583 3473 Quod
3616 3402 3669 3459 si

2014 3510 2121 3567 per
2138 3510 2246 3549 vas
2263 3491 2509 3565 aliquod
2527 3506 2777 3548 aureum
2797 3490 2859 3546 id
2876 3492 3153 3563 jurasset,
3184 3491 3468 3548 dicebant
3493 3491 3667 3548 illum

2016 3583 2215 3641 debito
2262 3582 2472 3639 teneri.
2534 3581 2676 3639 Haec
2728 3585 2929 3637 autem
2968 3584 3213 3653 propter
3258 3580 3666 3653 insipientiam

1993 3672 2342 3739 :docebant;
2371 3671 2503 3727 ideo
2534 3671 2712 3727 etiam
2741 3670 2955 3727 horum
2983 3669 3185 3726 irridet
3203 3669 3555 3726 fatuitatem.

2085 3764 2221 3818 Vers
2240 3762 2331 3817 17.
2363 3759 2627 3816 Stulti—
2652 3775 2871 3817 aurum
2894 3760 2921 3814 ?
2939 3758 3279 3816 Caecitatem
3305 3757 3424 3814 illis
3447 3773 3663 3831 expro-

2011 3851 2164 3917 brat,
2197 3865 2320 3906 non
2347 3849 2631 3921 corporis,
2676 3848 2781 3904 sed
2807 3848 3046 3904 animae.

2085 3943 2239 3996 Vers.
2265 3940 2353 3995 18.
2377 3940 2535 3994 Ει-
2555 3939 2715 3993 Vers.
2742 3940 2820 3992 t9.
2849 3938 3087 3993 donum.
3109 3936 3301 3994 Altare
3324 3935 3462 3993 dicit
3482 3950 3664 4009 super

2010 4030 2176 4103 quod
2198 4027 2563 4101 jugulabant
2591 4027 2885 4083 adductas
2916 4025 3213 4082 victimas.

2085 4117 2246 4173 Vers.
2276 4118 2367 4174 20.
2401 4117 2516 4184 Qui
2548 4147 2611 4156 —
2642 4116 2806 4171 Vers.
2831 4116 2921 4169 22.
2952 4113 3016 4168 in
3048 4114 3176 4169 illo.
3207 4112 3340 4168 Hac
3370 4112 3511 4169 dicit
3539 4127 3664 4171 non

2010 4206 2176 4281 quod
2202 4206 2403 4278 jurare
2442 4203 2780 4276 permittat:
2813 4201 3021 4274 quinto
3052 4201 3212 4257 enim
3246 4199 3429 4273 capite
3466 4200 3664 4273 prohi-

2009 4294 2142 4351 buit
2169 4308 2349 4350 omne
2374 4286 2805 4366 jurament'um:
2836 4289 2940 4347 sed
2972 4289 3139 4364 quod
3162 4288 3358 4347 Judmi
3384 4303 3492 4362 per
3519 4288 3665 4347 talia

2005 4386 2295 4457 jurarent.

2083 4474 2244 4527 Vers.
2283 4474 2372 4527 23.
2417 4468 2512 4527 Vw
2539 4499 2609 4511 —
2635 4468 2828 4540 ﬁdem.
2852 4467 3002 4525 Cum
3028 4467 3123 4524 lex
3152 4466 3377 4539 populo
3401 4465 3661 4537 juberet,

2016 4566 2078 4618 ut
2115 4561 2284 4617 daret
2330 4558 2593 4616 decimas
2622 4559 2899 4615 omnium
2936 4557 3261 4623 fructuum,
3322 4555 3438 4626 ipsi
3478 4554 3662 4611 etiam

2013 4651 2170 4708 circa
2199 4650 2474 4712 menthae,
2499 4648 2723 4715 anethi,
2749 4663 2818 4702 ac
2836 4645 3059 4718 cymini
3086 4644 3509 4699 vilissimarum
3530 4642 3664 4697 her-

1984 4741 2222 4807 barum
2266 4737 2554 4803 decimas,
2588 4739 2858 4791 exactam
2894 4732 3314 4788 subducebant
3340 4730 3659 4796 rationem,

2010 4832 2205 4901 legem
2228 4825 2678 4900 praetendentes.
2702 4826 2816 4878 Hos
2834 4838 2974 4893 ergo
2995 4821 3491 4890 irridettanquam
3505 4816 3663 4875 circa

2012 4919 2264 4975 minima
2314 4913 2460 4985 legis
2515 4915 2814 4986 praecepta
2865 4907 3233 4967 exactissime
3300 4908 3659 4972 scrutantes,

2013 5021 2237 5075 magna
2286 5019 2427 5059 vero
2474 5001 2858 5071 negligentes.
2909 4997 3210 5054 Judicium
3246 4999 3446 5053 autem
3496 4992 3659 5061 dicit,

2011 5096 2176 5169 quod
2190 5093 2318 5149 ﬁeri
2339 5091 2637 5165 debet’pro
2667 5088 2762 5160 his
2774 5089 2877 5162 qui
2903 5088 3120 5169 injuste
3138 5084 3658 5169 afﬁciuntur‘inju-

2013 5185 2130 5244 ria:
2161 5178 2643 5245 misericordiam,
2668 5192 2856 5250 quam
2867 5176 2995 5237 ﬁeri
3014 5176 3289 5237 convenit
3311 5175 3374 5234 in
3396 5185 3656 5249 egenos:

1530 5465 1752 5536 Variae
1777 5464 2102 5534 lectiones
2134 5468 2199 5529 et
2233 5466 2433 5527 uotae.

365 5638 490 5727 $96)
530 5637 755 5711 Οἰκεῖον,
804 5652 915 5712 pro
953 5639 1084 5695 υἱόν.
1135 5642 1197 5693 Α.
1244 5640 1299 5696 et
1347 5652 1485 5696 mox
1523 5637 1657 5709 υἱόν,
1687 5651 1791 5709 pro
1836 5634 1910 5689 οἱ·

304 5728 462 5770 κειον,

2091 5631 2205 5705 (97)
2236 5635 2337 5687 Και
2364 5631 2457 5689 τήν
2485 5628 2686 5703 πίστιν,
2720 5628 2785 5683 Δ.
