4170 6334
519 307 625 363 595
1717 320 1730 332 -
1839 289 2193 354 EUTHYMII
2229 289 2568 355 ZIGABENI
3779 303 3889 361 596

507 438 570 490 “et
599 434 804 499 ﬁdem,
839 446 974 504 quae
1003 429 1165 486 estin
1196 431 1405 486 Deum.
1435 431 1618 485 Lucas
1657 429 1864 484 autem
1905 422 2171 479 dilectio-

2300 423 2372 480 ’ἣν
2413 421 2480 482 εἰς
2523 425 2609 475 τὸν
2656 426 2804 478 Θεὸν.
2841 423 2899 477 Ὀ
2940 421 2999 478 δὲ
3035 429 3240 487 Λουκᾶς
3277 429 3368 478 καὶ
3413 429 3508 485 τὴν
3547 424 3754 499 ἀγάπην
3794 436 3890 483 τοῦ

512 528 653 580 ἠοω
682 523 859 578 etiam
888 521 989 576 Dei
1021 519 1189 592 ponit
1219 521 1265 556 ²⁶

578 612 621 682 -Ῑ-
641 611 887 684 Oportet
913 625 1399 682 unumquemque
1421 609 1735 664 doctorum
1759 621 1794 660 a
1815 602 2041 677 populo
2063 615 2172 656 suo

505 701 838 766 'decimare,
871 699 985 754 hoc
1020 704 1126 763 est,
1169 702 1364 770 petere
1397 713 1432 752 a
1458 697 1668 752 decem
1700 693 2002 760 sensibus,
2026 693 2176 762 puta

520 791 788 863 quinque
814 788 1249 861 corporalibus,
1281 791 1337 842 et
1355 787 1623 858 quinque
1649 783 1755 855 qui
1785 785 1924 838 sunt
1953 778 2175 837 animae

516 879 832 952 judicium,
866 876 1331 934 misericordiam
1358 891 1428 931 ac
1469 873 1674 929 ﬁdem.

597 1061 754 1115 Vers.
795 1057 886 1114 23.
946 1056 1079 1112 Hac
1122 1087 1192 1096 —
1238 1053 1524 1110 omittere.
1560 1051 1697 1107 Haec
1743 1049 2002 1125 primum
2041 1060 2177 1119 quae

523 1147 797 1220 graviora
822 1153 976 1211 sunt,
997 1145 1240 1217 exsequi
1268 1142 1558 1214 oportuit:
1601 1146 1659 1197 et
1687 1155 1927 1196 rursum
1957 1136 2179 1193 leviora

512 1238 623 1295 illa
650 1253 774 1294 non
801 1236 1156 1308 relinquere,
1188 1234 1238 1288 si
1267 1236 1470 1289 exacte
1499 1231 1694 1302 legem
1722 1243 1955 1285 servare
1980 1225 2176 1283 vultis.

595 1417 760 1473 Vers.
787 1415 876 1488 24.
901 1413 1084 1469 Duces
1116 1443 1185 1453 —-
1208 1411 1547 1481 glutientes.
1574 1407 1686 1474 Qui
1711 1420 1900 1479 parva
1935 1401 2182 1476 quidem

511 1503 759 1564 ’curiose
791 1501 1060 1567 servatis,
1087 1501 1150 1556 in
1181 1498 1416 1570 magnis
1438 1513 1577 1554 vero
1609 1494 1871 1570 peccatis
1902 1493 2184 1549 connive-

514 1599 874 1740 ns‘i’ersﬂtt.
917 1682 1012 1738 Vae
1039 1710 1108 1722 —
1148 1677 1458 1750 injustitia.
1512 1672 1801 1752 Παροψίδα
1851 1672 2038 1728 lancis
2085 1672 2188 1727 aut

2282 519 2414 563 Θεοῦ
2437 532 2503 584 φη
2514 533 2586 566 σι.

2351 602 2392 671 -ξ-
2438 603 2480 672 ἦ
2523 599 2610 655 Δεῖ
2652 602 2766 676 (98)
2820 604 3036 657 ἕκαστον
3084 612 3184 656 τῶν
3238 600 3578 658 διδασκάλων
3629 605 3890 662 ἀποδεκαο

2281 695 2399 740 τοϋν
2477 690 2578 743 ἀπὸ
2652 700 2743 745 τοῦ
2813 692 2940 745 λαοῦ
3016 694 3197 764 αὐτοῦ,
3281 698 3573 762 τουτέσκιν,
3651 695 3891 752 ἀπαιτεῖν

2284 776 2384 830 ἀπὸ
2440 787 2540 830 τῶν
2612 778 2743 834 δέκα
2797 781 3115 848 αἰσθήσεων,
3179 791 3278 836 τῶν
3347 788 3497 838 πέντε
3578 797 3891 860 σωματικῶν

2281 871 2371 919 καὶ
2418 875 2519 938 τῶν
2573 873 2718 922 πέντε
2773 869 3039 943 ψυχικῶν,
3090 875 3183 931 τὴν
3239 877 3414 946 κρίσιν
3472 877 3562 927 καὶ
3611 878 3698 928 τὸν
3755 875 3889 931 ἔλεον

2283 959 2374 1007 καὶ
2405 960 2498 1014 τὴν
2530 957 2730 1015 πίστιν.

2353 1051 2530 1098 Ταῦτα
2594 1079 2664 1088 —
2733 1047 2956 1122 ἀφιέναι.
3033 1057 3212 1104 Ταῦτα
3288 1056 3692 1126 προηγουμένως
3781 1051 3889 1109 ἔδει

2284 1137 2638 1210 κατορθῶσαι,
2690 1141 2756 1190 τὰ
2809 1137 3093 1214 βαρύτερα,
3150 1139 3363 1194 κάκεῖνα
3419 1141 3592 1213 πάλιν,
3657 1146 3726 1198 τά
3779 1144 3891 1197 ἐλα-

2287 1225 2407 1296 φρά,
2449 1229 2521 1297 μὴ
2554 1224 2938 1302 παραδραμεῖν,
2991 1232 3098 1301 εἴγε
3139 1234 3233 1289 τὴν
3283 1229 3548 1306 ἀκρίϐειαν
3600 1240 3692 1286 τοῦ
3730 1238 3888 1308 νόμου

2286 1309 2460 1387 τηρεῖν
2491 1313 2777 1372 ἐϐούλεσθε.

2358 1399 2577 1475 Ὀδηγοὶ
2635 1437 2708 1447 -
2758 1410 3136 1469 καταπίνοντες.
3198 1409 3264 1461 Οἱ
3319 1411 3386 1462 τὰ
3433 1412 3596 1487 μικρά
3643 1414 3733 1484 μὲν
3786 1433 3893 1467 πο-

2291 1490 2789 1567 λυπραγμονοῦντες,
2841 1498 2907 1549 τά
2953 1501 3178 1569 μέγιστα
3222 1497 3336 1571 (99)
3378 1495 3438 1552 δὲ
3479 1498 3893 1575 ἀπαρατηρήτως

2292 1579 2430 1654 ἁμαρ
2439 1584 2689 1644 τείνοντες.

2365 1669 2499 1723 Οὐαὶ
2559 1703 2628 1712 —-
2675 1669 2904 1734 ἀδικίας.
2963 1677 3068 1733 Τὴν
3121 1673 3416 1748 παροψίδα,
3475 1681 3690 1741 πίνακος
3753 1677 3895 1745 εἶὸός

520 1775 744 1849 patinae
775 1788 965 1843 genus
999 1785 1132 1827 esse
1163 1769 1388 1825 dicunt.
1419 1766 1586 1824 Unde
1618 1767 1808 1821 Lucas
1833 1764 2016 1833 hujus
2047 1763 2183 1818 loco

2300 1755 2423 1812 εἶναι
2469 1781 2616 1833 φασι.
2674 1767 2876 1814 Πίνακα
2920 1765 3021 1838 γὰρ
3069 1767 3264 1823 ταύτην
3314 1763 3422 1818 εἶπε
3468 1771 3558 1819 καὶ
3614 1770 3639 1820 ὁ
3690 1774 3896 1833 Λουκᾶς

522 1871 737 1929 πίνακα,
781 1863 896 1917 hoc
960 1864 1069 1924 est,
1120 1859 1381 1913 catinum
1457 1855 1658 1928 posuit
1717 1851 2184 1926 quadragesimo

522 1954 692 2011 tertio
719 1950 910 2023 capite
926 1950 995 2003 *7.
1025 1951 1122 2002 Est
1151 1950 1352 2003 autem
1398 1945 1492 1999 hic
1521 1959 1719 1998 sermo
1746 1941 2181 2011 aenigmaticus,

524 2043 588 2099 id
617 2043 904 2097 innuens:
931 2038 1194 2108 Corpora
1225 2035 1468 2106 quidem
1498 2036 1695 2088 vestra
1738 2031 2028 2103 purgatis,
2088 2028 2187 2085 illa

528 2131 689 2186 enim
719 2131 893 2183 vocat
933 2124 1283 2182 exteriorem
1321 2120 1521 2194 poculi
1560 2136 1630 2176 ac
1669 2120 1888 2192 patinae
1926 2122 2181 2191 partem,

515 2219 837 2277 interiores
870 2219 1069 2272 autem
1103 2213 1315 2268 animae
1336 2211 1530 2283 plenae
1545 2213 1682 2265 sunt
1707 2208 1923 2281 rapina
1949 2211 2006 2263 et
2035 2207 2188 2277 inju-

530 2309 688 2366 stitia
716 2305 1116 2368 affectionum,
1147 2302 1262 2357 hoc
1283 2303 1387 2365 est,
1413 2298 1742 2371 corporalis
1763 2297 2009 2370 quidem
2027 2295 2188 2368 puri-

529 2393 825 2454 ﬁcationis
856 2408 1056 2449 curam
1091 2389 1340 2455 habetis,
1375 2403 1510 2444 eam
1542 2403 1680 2444 vero
1699 2403 1836 2459 quae
1857 2385 2073 2441 animae
2099 2388 2188 2440 est

529 2483 848 2557 negligitis.
881 2481 1240 2553 Injustitiam
1273 2481 1476 2534 autem
1516 2492 1678 2532 nunc
1722 2475 1980 2532 dicimus
2007 2475 2186 2531 etiam

533 2591 711 2632 omne
750 2576 1086 2646 peccatum,
1118 2585 1188 2624 eo
1218 2567 1384 2640 quod
1403 2567 1636 2638 justitia
1675 2581 1915 2637 quoque
1955 2564 2191 2620 dicatur

535 2663 730 2720 omnis
788 2662 991 2717 virtus.
1044 2660 1235 2713 Lucas
1312 2659 1508 2710 autem
1573 2654 1950 2709 manifestius
2021 2652 2186 2708 dixit:

539 2751 707 2819 Quod
734 2753 894 2807 intus
936 2753 1020 2803 est
1066 2744 1263 2812 vestri,
1292 2745 1532 2815 plenum
1566 2751 1646 2800 est
1678 2745 1890 2816 rapina
1929 2749 1984 2799 et
2033 2742 2194 2798 mali-

522 2840 707 2898 ‘tia’s.

520 2923 530 2957 ³
610 2930 774 2985 Vers.
801 2933 884 2986 26.
913 2919 1217 2984 Phariswe
1247 2956 1318 2969 —
1367 2925 1613 2982 munda.
1655 2925 1801 2978 Cum
1845 2922 2006 2978 enim
2039 2920 2197 2993 puri-

540 3020 748 3076 ﬁcatur
772 3018 986 3086 anima,
1025 3019 1203 3075 simul
1239 3021 1421 3077 etiam
1447 3019 1504 3073 et
1547 3029 1768 3086 corpus
1801 3011 2192 3084 puriﬁcatur;

2294 1847 2341 1900 ἐν
2403 1857 2474 1920 τῷ
2530 1859 2936 1926 τεσσαρακοστῷ
3006 1858 3166 1927 τρίτω
3223 1855 3498 1928 κεφαλαίῳ.
3565 1857 3895 1932 Λίνιγματώ-

2296 1934 2396 2000 δης
2445 1944 2535 1991 καὶ
2582 1940 2727 2001 οὗτος
2774 1943 2799 1993 ὁ
2846 1942 3016 2014 λόγος,
3065 1948 3351 2013 σημαίνων,
3403 1946 3483 1998 ὅτι
3527 1949 3605 1999 Ta‘:
3658 1951 3746 2020 μὲν
3789 1953 3898 2002 σώ-

2293 2047 2435 2100 ματα
2485 2029 2627 2101 ὑμῶν
2683 2032 3012 2105 καθαρίζετε·
3067 2039 3236 2084 ταῦτα
3284 2035 3384 2107 γὰρ
3441 2041 3636 2088 νοεῖται
3692 2039 3752 2088 τὸ
3802 2039 3899 2101 ἔξω

2292 2123 2385 2168 τοῦ
2437 2122 2691 2192 ποτηρίου
2726 2124 2815 2172 καὶ
2863 2129 2954 2181 τῆς
3000 2119 3318 2196 παροψίδος·
3366 2125 3467 2176 ἔσω
3514 2121 3574 2177 δὲ
3622 2126 3676 2176 αἱ
3719 2125 3902 2198 ψυχαὶ

2293 2209 2544 2278 γέμουσιν
2603 2206 2656 2271 ἐξ
2705 2207 2947 2284 ἁρπαγῆς
2983 2216 3073 2263 καὶ
3126 2208 3341 2275 ἀδικίας
3373 2215 3572 2268 παθῶν.
3625 2216 3900 2282 Τὸυτέστι,

2294 2302 2404 2348 Τῶν
2451 2299 2540 2369 μὲν
2605 2305 2697 2349 τοῦ
2763 2305 3006 2371 σώματος
3064 2303 3366 2376 καθαρσίων
3421 2305 3734 2377 φροντίζετε·
3799 2312 3900 2357 τῶν

2298 2382 2357 2437 δὲ
2412 2394 2503 2446 τῆς
2565 2385 2753 2458 ψυχῆς
2824 2387 3070 2462 ἀμελεῖτε.
3131 2387 3373 2445 Ἀδικίαν
3433 2388 3493 2445 δὲ
3546 2400 3634 2444 νῦν
3691 2393 3900 2467 λέγομεν

2296 2479 2386 2526 καὶ
2431 2481 2606 2528 πᾶσαν
2653 2483 2935 2552 ἁμαρτίαν,
2987 2478 3159 2552 ὥσπερ
3213 2484 3304 2533 καὶ
3363 2477 3705 2541 δικαιοσύνην
3761 2485 3900 2536 ἔστιν

2298 2565 2382 2616 ὅτε
2440 2569 2615 2617 πᾶσαν
2674 2564 2878 2639 ἀρετὴν.
2941 2573 3146 2630 Λουκᾶς
3203 2566 3262 2623 δε
3327 2577 3668 2647 φανερώτερον
3738 2569 3895 2641 εἶπεν,

2299 2652 2380 2705 ὃτι
2450 2660 2519 2706 Το
2575 2656 2762 2708 ἔσωθεν
2823 2658 2964 2730 ὑμῶν
3034 2661 3179 2731 γέμει
3265 2658 3506 2735 ἁρπαγῆς
3575 2664 3661 2712 καὶ
3726 2680 3896 2721 πονη-

2299 2763 2437 2817 ριας.

2376 2927 2625 2994 Φαρισαῖε
2674 2954 2744 2966 -
2795 2927 3048 2998 καθαρόν.
3113 2932 3220 2988 Τῆς
3270 2929 3360 3000 μεν
3407 2929 3509 3002 γάρ
3566 2927 3746 3001 ψυχῆς
3799 2948 3897 2981 κα-

2308 3012 2671 3084 θαριζομένης,
2751 3015 3198 3090 συγκαθαρίζεται
3275 3022 3365 3070 καὶ
3430 3021 3488 3070 τὸ
3560 3027 3728 3090 σῶμα·
3813 3025 3904 3072 τοῦ

521 3123 679 3166 ‘cum
710 3115 910 3165 autem
935 3108 1284 3180 puriﬁcatur
1311 3119 1683 3180 corpus,non
1716 3100 1894 3157 simul
1924 3099 2192 3172 puriﬁca-

2310 3105 2546 3173 σώματος
2597 3098 2656 3155 δὲ
2699 3104 3134 3179 καθαριζομίνου,
3193 3106 3251 3159 οὐ
3321 3109 3761 3180 συγκαθαρίζεται
3816 3111 3907 3161 καὶ

525 3201 638 3267 tur
667 3201 723 3253 et
753 3196 973 3253 anima.
1002 3197 1274 3254 Animam
1307 3199 1508 3267 itaque
1544 3190 1866 3264 puriﬁcare
1901 3189 2193 3257 convenit,

543 3290 608 3342 ut
634 3285 856 3357 pariter
881 3284 1227 3358 puriﬁcetur
1251 3290 1309 3342 et
1342 3298 1584 3356 corpus.

613 3376 776 3430 Vers.
809 3378 894 3429 27.
941 3375 1132 3431 Vw—
1182 3372 1490 3445 spurcitia.
1547 3371 1589 3440 σι-
1645 3369 1688 3440 -ι-
1742 3369 1901 3420 Κονία
1951 3366 2199 3439 quidem

545 3467 634 3519 est
663 3463 821 3528 calx,
849 3479 972 3535 quo
990 3464 1226 3534 tingunt
1251 3479 1321 3519 ac
1343 3461 1628 3518 dealbant
1647 3457 1922 3530 parietes.
1953 3455 2201 3527 Impuri—

543 3555 724 3608 tatem
751 3554 950 3606 autem
979 3551 1239 3623 appellat
1263 3549 1668 3623 putredinem.

617 3639 784 3694 Vers.
825 3643 911 3695 28.
955 3641 1047 3696 Sic
1076 3673 1144 3680 —
1172 3640 1500 3714 iniquitate.
1538 3638 1728 3693 Lucas
1771 3636 1962 3690 autem
2003 3633 2199 3692 dixit:

526 3729 696 3798 ‘Quia
712 3730 843 3786 estis
858 3735 920 3786 ut
945 3736 1310 3788 monumenta
1338 3745 1468 3802 qua
1483 3744 1600 3786 non
1624 3723 1934 3796 appareni,
1962 3729 2017 3780 et
2031 3725 2205 3782 homi-

547 3835 648 3877 nes
673 3819 1035 3877 ambulantes
1055 3837 1234 3893 super
1257 3836 1326 3878 ea
1351 3820 1617 3878 nesciunt
1636 3819 1705 3871 ’9.
1741 3813 2025 3886 Sepulcra
2042 3815 2203 3872 enim

523 3907 686 3982 ‘quae
733 3924 855 3965 non
916 3915 1227 3981 apparent,
1270 3910 1428 3966 intus
1486 3907 1666 3980 plena
1709 3907 1847 3960 sunt
1900 3904 2198 3974 spurcitia,

549 3997 693 4055 foris
741 4002 942 4054 autem
969 4002 1260 4069 apparent
1288 4003 1446 4053 terra
1477 3995 1698 4052 munda
1727 4013 1796 4053 ac
1820 4000 1916 4054 via
1944 3996 2199 4069 publica.

623 4089 788 4142 Vers.
855 4085 943 4140 29.
1009 4085 1100 4142 Vae
1138 4117 1206 4128 —
1254 4087 1414 4139 Vers.
1472 4084 1559 4138 30.
1612 4088 2028 4155 prophearum.
2087 4087 2201 4153 Vae,

525 4174 767 4245 ’inquit,
809 4173 1000 4240 vobis,
1036 4188 1158 4229 non
1195 4173 1360 4245 quod
1391 4173 1520 4227 haec
1545 4172 1732 4228 facitis
1774 4179 1830 4230 et
1857 4175 1983 4230 haec
2013 4173 2205 4229 dicitis

556 4278 695 4318 cum
724 4261 886 4317 bona
918 4261 1053 4327 sint,
1090 4261 1198 4316 sed
1246 4261 1412 4333 quod
1464 4260 1594 4317 haec
1646 4261 1930 4320 facientes
1965 4273 2021 4320 et
2076 4263 2206 4319 haec

556 4351 836 4416 dicentes,
871 4366 939 4406 ac
980 4350 1252 4423 utrinque
1288 4353 1529 4423 patrum
1577 4356 1911 4410 vestrorum
1960 4353 2207 4410 homici-

2307 3190 2336 3247 ἡ
2390 3189 2568 3262 ψυχή.
2621 3195 2708 3243 Διό
2764 3197 3021 3267 προσήκει
3075 3198 3170 3254 τὴν
3221 3195 3408 3269 ψυχὴν
3455 3198 3778 3271 καθαρίζειν,
3826 3198 3911 3250 ἶνα

2305 3281 2519 3351 γένηται
2545 3283 2632 3333 καὶ
2656 3283 2714 3334 τὸ
2754 3289 2907 3354 σῶμα
2935 3285 3184 3357 καθαρὸν.
3514 3290 3520 3295 ’

2380 3369 2516 3421 Οὐαὶ
2568 3401 2636 3410 -
2693 3369 3040 3446 ἀκαθαρσίας.
3099 3377 3334 3448 Κονίαμα
3385 3374 3467 3446 (1)
3525 3379 3616 3448 μέν
3669 3373 3832 3442 ἔστιν,
3884 3376 3910 3428 ὁ

2308 3477 2533 3523 τιτανος,
2653 3464 2877 3533 χρίουσι
2919 3465 3008 3514 καὶ
3039 3465 3316 3535 χρώζουσι
3356 3465 3475 3524 τοὺς
3503 3467 3717 3535 τοίχους
3755 3465 3912 3517 Ἀκα-

2312 3549 2531 3620 θαρσίαν
2564 3543 2623 3601 δὲ
2651 3547 2786 3621 λέγει
2815 3555 2904 3608 τὴν
2944 3555 3195 3624 σαπρίαν,

2381 3637 2558 3698 Οὕτως
2605 3669 2673 3678 -
2736 3637 2968 3712 ἀνομίας.
3017 3639 3074 3692 '0
3122 3640 3201 3711 (2)
3256 3636 3315 3693 δε
3363 3645 3573 3704 Λουκᾶς
3629 3637 3785 3709 εἶπεν,
3829 3643 3914 3697 ὅτε

2310 3729 2457 3780 Ἐστε
2517 3729 2581 3788 ὡς
2631 3729 2697 3780 τά
2759 3736 2987 3802 μνημεῖα
3036 3731 3104 3782 τὰ
3177 3725 3370 3795 ἄδηλα,
3431 3734 3522 3783 καὶ
3570 3732 3912 3808 οἱ-ἄνθρωποι

2309 3820 2704 3892 περιποτὸῦντες
2764 3816 2951 3886 ἐπάνω,
3026 3818 3119 3871 οὐκ
3180 3815 3382 3874 οἴδασι.
3442 3821 3521 3873 Τὰ
3570 3823 3670 3895 γὰρ
3741 3820 3909 3894 ἀφανῆ

2310 3913 2538 3979 μνημεῖα
2571 3901 2714 3959 ἔνδον
2745 3909 2834 3979 μὲν
2861 3911 3084 3980 γέμουσι
3129 3912 3373 3984 σαπρίας,
3408 3907 3512 3963 ἂνω
3557 3906 3616 3963 δε
3647 3915 3911 3983 φαίνονται

2310 4004 2377 4067 «γῆ
2411 3996 2617 4068 καθαρά
2644 4000 2733 4049 καὶ
2757 3996 3024 4071 λεωφόρος-

2383 4083 2518 4136 Οὖαὶ
2575 4116 2646 4126 —-
2689 4095 2984 4159 προφητῶν.
3041 4086 3197 4152 Οὐαὶ,
3247 4090 3421 4160 φησὶν,
3477 4089 3621 4161 ὑμῖν,
3681 4089 3786 4164 οὐχ
3836 4092 3916 4145 ὅτι

2312 4180 2478 4225 ταῦτα
2535 4182 2746 4247 ποιεῖτε,
2797 4180 2884 4228 καὶ
2923 4184 3091 4230 ταῦτα
3137 4176 3301 4249 λέγετε
3353 4176 3513 4250 [καλά
3557 4178 3638 4249 (3)
3694 4182 3794 4254 γάρ
3835 4181 3914 4234 εἱ-

2316 4262 2444 4336 σιν·]
2488 4261 2594 4315 ἀλλ’
2639 4266 2719 4316 ὅτι
2765 4272 2930 4318 ταῦτα
2974 4273 3257 4333 ποιοῦντες,
3307 4272 3396 4319 καὶ
3443 4275 3610 4322 ταῦτα
3665 4273 3911 4342 λέγοντες,

2313 4354 2402 4404 καὶ
2501 4353 2853 4428 ἀμφοτέρωθεν
2959 4363 3365 4431 κατηγοροῦντες
3447 4365 3541 4418 τῆς
3622 4363 3917 4430 μιαιφονίας

531 4455 538 4460 '
556 4439 726 4496 dium
757 4443 1124 4503 accusantes,
1139 4439 1213 4495 ad
1227 4438 1374 4494 illud
1393 4455 1495 4496 vos
1511 4457 1749 4514 quoque
1763 4443 2020 4511 curritis,
2053 4442 2192 4498 festi-

2313 4449 2413 4493 τῶν
2465 4445 2696 4515 πατέρων
2744 4444 2904 4515 ὑμῶν,
2964 4443 3046 4497 ἐπὶ
3084 4447 3278 4504 ταύτην
3335 4449 3423 4499 καὶ
3483 4445 3629 4498 αὐτοὶ
3679 4450 3909 4519 τρέχετε,

557 4533 768 4586 nantes
796 4532 850 4584 et
877 4545 965 4584 me
1019 4532 1076 4584 et
1104 4528 1429 4601 discipulos
1458 4545 1626 4586 meos
1657 4532 1947 4599 occidere,
1979 4537 2037 4589 et
2066 4533 2208 4606 quia

557 4633 710 4674 vane
748 4621 806 4675 et
846 4618 908 4673 in
941 4617 1176 4674 fictione
1215 4618 1344 4673 haec
1390 4619 1580 4674 facitis
1627 4635 1695 4676 ac
1735 4621 1945 4692 dicitis;
1979 4637 2122 4677 nam
2154 4628 2210 4677 et

527 4721 666 4765 'vos
694 4723 902 4765 eorum
933 4723 1087 4781 quos
1131 4707 1424 4764 accusatis
1453 4707 1839 4766 homicidium
1866 4709 2205 4766 imitamini.

527 4897 537 4918 τ
632 4887 793 4945 Vers.
840 4888 927 4944 31.
980 4887 1286 4959 Itaque—
1323 4885 1666 4958 prophetas.
1718 4887 1945 4959 Itaque,
2005 4902 2077 4943 ex
2136 4903 2206 4945 eo

2319 4527 2628 4593 σπεύδοντες
2698 4529 2883 4585 ἀνελεῖν
2957 4533 3088 4606 κάμὲ
3153 4539 3242 4587 καὶ
3310 4538 3434 4597 τοὺς
3487 4534 3717 4606 μαθητάς
3769 4547 3897 4604 μου·

2315 4625 2400 4672 καὶ
2452 4623 2532 4673 ὃτι
2582 4622 2752 4693 μάτην
2795 4626 2884 4674 καὶ
2940 4620 2988 4673 ἐν
3039 4625 3318 4698 ὑποκρίσει
3373 4631 3537 4676 ταῦτα
3579 4628 3764 4674 ποιεῖτε
3813 4623 3907 4674 καὶ

2317 4718 2483 4762 ταῦτα
2554 4709 2742 4782 λέγετε.
2824 4716 2923 4764 Καὶ
2988 4714 3087 4785 γάρ
3157 4717 3246 4765 καὶ
3310 4713 3458 4766 αὐτοὶ
3504 4713 3748 4785 μιμεῖσθε
3815 4715 3913 4771 τήν

2317 4804 2614 4872 μιαιφονίαν
2654 4809 2752 4852 τῶν
2791 4804 3274 4875 κατηγορουμένων.

2387 4888 2545 4942 Ὠστε
2588 4920 2654 4931 -
2698 4894 2986 4966 προφήτας.
3037 4889 3217 4964 Ὠστε,
3267 4889 3352 4965 ἀφ’
3394 4892 3461 4945 ὧν
3497 4890 3793 4965 ὁμολογεῖτε
3826 4893 3919 4952 τὴν

531 5136 545 5151 .
631 5065 702 5118 2⁸.
732 5066 866 5131 Luc,
900 5079 977 5132 ιι,
1004 5065 1095 5123 42.
1119 5066 1166 5101 ³⁷
1197 5067 1333 5122 Luc.
1364 5079 1447 5132 x1,
1481 5063 1570 5120 39.
1605 5065 1672 5118 ³⁸.
1710 5063 1860 5120 Ibid.
1895 5066 1942 5100 ³ο
1973 5065 2110 5121 Luc.
2141 5081 2218 5133 x1,
2254 5065 2344 5122 44.

1776 5190 1998 5259 Variae
2027 5191 2358 5261 lectiones
2389 5201 2454 5260 et
2496 5199 2702 5261 notae.

637 5383 1034 5474 (98)‘Haec“in
1074 5387 1302 5474 neutrq
1329 5399 1604 5443 meorum
1651 5389 2021 5474 comparent.
2072 5390 2215 5447 Sunt
2322 5393 2502 5474 νίαμᾳ.

564 5455 1093 5535 Τὴεορῃγιειοιὶζρ.
1127 5460 1224 5535 1439
1264 5459 1322 5512 Β.
1753 5460 1762 5474 ⁸
1789 5455 1811 5460 ”
2392 5455 2468 5534 (2)
2496 5461 2819 5518 Hentenius
2846 5467 2990 5535 ante
3003 5463 3119 5519 hoc
3145 5462 3441 5519 scholium
3464 5462 3651 5521 habet
3665 5462 3927 5535 junctim

657 5527 850 5602 99)Τά
878 5527 1094 5602 μεγάλω
1128 5532 1205 5602 Aa
1518 5598 1555 5602 ν.
1692 5601 1701 5602 ,
1759 5599 1794 5602 _-
1842 5600 1854 5602 _

2300 5527 2565 5595 ,vers'um
2625 5535 2692 5590 27
2737 5539 2794 5590 et
2841 5534 2926 5589 28.
2981 5534 3257 5590 Proxime
3314 5539 3516 5593 autem
3565 5527 3932 5596 antecedens

657 5528 747 5597 99)
774 5531 850 5579 Τά
878 5528 1094 5600 μεγάλα,
1128 5532 1187 5579 Α.
1439 5581 1444 5588 _

608 5528 896 5727 '31)K0vi0t
935 5599 1318 5680 scribendum
1372 5598 1619 5680 videtur.
1682 5599 1920 5670 Syllaba
1967 5623 2040 5683 μα
2085 5607 2192 5660 orta

608 5685 618 5726 l
669 5672 796 5727 etur
842 5687 914 5727 ex
951 5686 1216 5727 nrox1mo
1256 5675 1365 5727 μέν.
1393 5670 1569 5727 Aliud
1600 5674 1686 5727 est
1709 5675 1875 5727 κονία.
1916 5672 2078 5727 aliud
2129 5693 2189 5727 κο

2300 5528 2565 5595 ,νθτευω
2625 5535 2692 5590 27
2737 5539 2794 5590 et
2841 5534 2926 5589 28.
2981 5534 3257 5590 Proxime
3314 5539 3450 5591 aute

2305 5606 2637 5688 .scholiurn,
2672 5611 2818 5659 κονία
2846 5637 2916 5646 -
2947 5612 3194 5727 σαπρίαν,
3229 5607 3450 5688 omisit.

2395 5677 2472 5727 (3i
2499 5677 2633 5727 Tria
2661 5678 2791 5727 hmo.
2819 5677 3056 5727 vocabu
3083 5694 3117 5727 ει
3143 5683 3359 5727 omittit
3389 5681 3450 5727 A.

563 5684 618 5726 Vl

669 5672 796 5730 etur
842 5687 914 5730 ex
949 5670 1216 5748 proximo
1255 5675 1365 5744 μέν.
1393 5670 1569 5727 Aliud
1600 5674 1686 5727 est
1709 5675 1875 5738 κονία,
1916 5670 2078 5730 aliud
2129 5693 2189 5728 κο

2395 5677 2472 5750 (3)
2499 5670 2633 5736 Tria
2659 5678 2791 5736 haec
2819 5670 3117 5737 vocabula
3143 5670 3359 5736 omittit
3388 5681 3460 5736 A.
