4170 6334
363 381 473 435 597

1267 379 1643 435 COMMENT.
1694 379 1764 434 ΙΝ
1810 374 2255 432 ΜΑΤΤΗᾹΞΟΜ.
2302 408 2370 417 -
2409 378 2567 433 CAP.
2608 377 2808 433 XXIII.

3640 378 3746 434 598

366 506 666 576 μιαιφονίαν
718 508 817 552 τῶν
872 505 1105 577 πατέρων
1161 506 1323 577 ὑμῶν,
1384 507 1459 557 ἔτι
1504 502 1563 559 δέ
1600 510 1707 576 καὶ,
1769 503 1853 576 ἀφ’
1906 503 1938 554 ὦ

2082 502 2248 575 quod
2262 503 2625 559 conﬁtemini
2644 502 3029 559 homicidium
3050 506 3289 576 patrum
3303 506 3666 577 vestrorum;
3688 509 3745 563 et

366 594 613 666 μιμεῖσθε
669 593 880 657 ταύτην,
942 589 1304 647 ἀποδεικνύετε
1384 595 1596 658 ἑαυτούς
1654 597 1799 657 υἱοὺς
1872 601 1971 645 τῶν

904 687 1109 742 Λουκᾶς
1173 679 1231 735 δὲ
1318 686 1656 758 προσέθηκεν,
1734 686 1811 736 ὅτι
1883 688 1971 735 καὶ

367 766 728 823 Συνιυδοκεῖτε
783 776 889 830 τοῖς
943 774 1109 843 ἔργοις
1163 781 1263 824 τῶν
1318 777 1550 846 πατέρων
1604 775 1763 844 ὑμῶν,
1822 792 1971 824 τουτ-

365 685 817 756 προφητοκτόνων.

362 857 526 923 ἔστιν,
576 856 909 931 ἀποδέχεσθε
956 869 1121 913 ταῦτα
1171 866 1359 934 τρόπον
1403 865 1536 927 τινὰ,
1591 862 1680 914 ἅτε
1732 858 1826 913 διὰ
1878 868 1969 913 τοῦ

357 948 775 1008 κατασκευάζειν
864 951 1055 1021 τάφους
1138 951 1404 1026 λαμπρούς
1486 958 1592 1011 τοῖς
1680 952 1967 1023 φονευθεῐσι

355 1040 695 1110 κηρύττοντες
766 1042 860 1096 τὴν
930 1039 1123 1112 τόλμαν
1191 1049 1290 1092 τῶν
1363 1045 1567 1112 φονέων,
1650 1042 1769 1115 ὅπερ
1827 1039 1963 1090 έσῖιλ

356 1125 901 1200 ἰγκαλλωπιζομένων,
985 1134 1075 1181 καὶ
1131 1130 1235 1181 οἷον
1303 1126 1705 1201 ἀποδεχομένων
1780 1129 1961 1186 αὐτὴν.

358 1213 619 1269 Ἐδοκεῖτε
666 1219 767 1291 γὰρ
822 1216 883 1268 ἂν
914 1218 981 1278 εἰς
1032 1223 1189 1290 τιμὴν
1220 1227 1318 1271 τῶν
1366 1221 1698 1291 φονευθέντων
1751 1224 1961 1291 κοσμεῖν

358 1309 424 1359 τὰ
481 1314 708 1379 μνημεῖα
759 1309 973 1373 τούτων,
1015 1314 1104 1361 καὶ
1157 1310 1229 1370 εἰς
1279 1314 1600 1382 κατηγορίαν
1650 1318 1747 1359 τῶν
1800 1311 1961 1361 πατέ-

354 1413 458 1468 ρων
520 1397 662 1467 ὑμῶν
715 1398 781 1447 τὰ
835 1397 1059 1470 ῥηθέντα
1109 1397 1290 1469 λέγειν,
1346 1399 1389 1450 εἰ
1434 1402 1505 1470 μὴ
1561 1398 1829 1470 ἐμιμεῐσθε
1867 1402 1959 1456 τὴν

351 1489 654 1556 μιαιφονίαν
700 1485 888 1539 αὐτῶν.

425 1578 526 1626 Καὶ
560 1605 629 1615 —
658 1575 818 1645 ὑμῶν.
851 1578 920 1627 T6
965 1578 1148 1649 μέτρον
1195 1583 1290 1638 τῆς
1340 1581 1549 1637 κακίας.
1597 1576 1707 1628 Ούκ
1752 1575 1959 1628 ἐπιτάτ-

351 1680 451 1713 των
497 1661 573 1733 (4)
630 1659 688 1715 δὲ
719 1669 871 1715 τοῦτο
928 1660 1081 1729 εἶπεν,
1138 1663 1265 1716 ἀλλὰ
1311 1673 1687 1738 προαναφωνών
1744 1668 1800 1717 τὸ
1846 1664 1959 1717 ἐσό-

354 1770 524 1822 μενον.

2083 608 2153 647 ex
2174 608 2244 648 eo
2275 597 2558 665 prmterea
2575 592 2738 664 quod
2770 593 2916 648 illud
2952 593 3290 661 imitamini,
3314 593 3741 652 demonstratis

2079 696 2186 735 vos
2217 682 2380 753 ipsos
2406 681 2558 737 ﬁlios
2590 697 2717 736 esse
2748 697 2976 746 eorum,
3009 683 3108 754 qui
3138 683 3463 754 prophetas
3504 686 3743 741 occide-

2078 776 2233 825 runt.
2252 772 2438 827 Lucas
2453 786 2591 826 vero
2606 770 2836 826 addidit
2864 773 3293 841 :Comprobatis
3306 774 3476 842 facta
3497 782 3737 843 patrum

2076 864 2401 915 vestrorum
2426 861 2494 923 ³ο,
2532 860 2646 914 hoc
2673 864 2775 925 est,
2812 875 2882 915 ea
2912 861 3177 931 quodam
3200 863 3382 919 modo
3414 863 3733 936 suscipitis,

2075 954 2277 1018 utpote
2306 948 2665 1003 aediﬁcando
2717 950 2810 1003 his
2870 949 2965 1020 qui
3000 950 3180 1004 occisi
3236 955 3373 1006 sunt
3417 952 3735 1022 splendida

2076 1042 2457 1093 monumenta
2482 1053 2495 1102 ;
2532 1036 2863 1108 praedicatis
2886 1036 3202 1092 audaciam
3234 1037 3678 1096 homicidarum
3707 1056 3721 1095 :

2070 1125 2130 1179 ivi
2154 1126 2313 1181 enim
2344 1126 2417 1180 de
2451 1142 2519 1180 ea
2551 1125 2932 1195 gloriantium
2974 1129 3059 1180 est
3090 1139 3340 1196 eamque
3393 1128 3734 1198 approban-

2071 1214 2247 1269 tium.
2288 1214 2645 1268 Videremini
2666 1212 2963 1285 siquidem
2992 1213 3054 1267 in
3076 1213 3369 1269 honorem
3397 1230 3606 1271 eorum
3623 1216 3731 1288 qui

2070 1303 2250 1358 occisi
2298 1308 2458 1367 sunt,
2492 1319 2703 1359 ornare
2764 1307 3159 1359 monumenta
3216 1302 3511 1374 ipsorum,
3545 1308 3600 1360 et
3649 1305 3729 1360 ad

2069 1393 2511 1447 accusationem
2538 1398 2777 1463 patrum
2818 1398 3146 1447 vestrorum
3177 1391 3463 1463 praedicta
3508 1391 3726 1459 facere,

2067 1482 2180 1536 nisi
2219 1481 2611 1537 homicidium
2637 1497 2845 1537 eorum
2884 1480 3292 1537 imitaremini.

2138 1570 2304 1626 Vers.
2338 1574 2424 1627 32.
2476 1572 2649 1626 Et—
2680 1576 3030 1626 vestrorum.
3076 1570 3404 1626 Mensuram
3458 1571 3723 1629 malitias.

2065 1662 2193 1716 Non
2224 1660 2374 1715 dixit
2400 1664 2600 1715 autem
2624 1659 2739 1714 hoc
2770 1658 3190 1731 praecipiendo,
3221 1658 3326 1715 sed
3364 1660 3530 1732 quod
3558 1660 3719 1717 futu-

2063 1764 2198 1805 rum
2230 1752 2355 1805 erat
2383 1748 2785 1820 praedicendo.

425 1845 623 1912 Ὀφεις,
672 1871 739 1881 -
779 1844 1020 1913 γεέννης;
1058 1842 1234 1915 ’Ὁφεις
1288 1846 1376 1915 μὲν
1423 1844 1611 1905 αύτούς
1655 1844 1938 1915 ὠνόμασεν.

2136 1839 2296 1893 Vers.
2327 1842 2414 1894 33.
2442 1838 2748 1907 Serpentes
2774 1868 2841 1879 —
2857 1836 3133 1907 gehennae
3164 1837 3188 1894 ?
3220 1839 3531 1910 Serpentes
3550 1839 3718 1912 ipsos

353 1931 423 1990 ὡς
471 1933 729 2002 πονηροὺς
773 1936 862 1983 καὶ
915 1930 1212 1994 ἐπιϐούλους
1271 1938 1358 1985 καὶ
1414 1933 1757 2006 λυμαντικούς
1786 1950 1798 1962 °
1846 1952 1953 2004 γεν-

350 2022 562 2090 νήματα
636 2015 693 2071 δὲ
758 2016 1003 2091 ἐχιδνῶν,
1059 2024 1127 2082 ὡς
1202 2020 1436 2083 ἐοικότας
1509 2030 1617 2084 τοῖς
1688 2024 1951 2097 πατράσιν

352 2107 520 2159 αὐτῶν
559 2110 690 2160 κατὰ
718 2112 800 2160 τόν
839 2110 911 2160 ἱόν
952 2118 1043 2171 τῆς
1089 2116 1277 2172 κακίας
1328 2116 1416 2163 καὶ
1446 2113 1581 2163 κατὰ
1621 2114 1677 2163 τό
1722 2115 1944 2183 φονικόν.

351 2202 648 2269 Γεννήματα
701 2195 759 2251 δὲ
815 2195 1039 2269 ἐχιδνῶν
1123 2206 1212 2253 καὶ
1268 2202 1293 2252 6
1359 2204 1656 2260 Βαπτιστὴς
1708 2202 1947 2261 Ἰωάννης

348 2285 535 2346 αὐτούς
585 2292 1006 2362 προσηγόρευσεν
1063 2288 1111 2340 ἐν
1144 2298 1215 2359 τῷ
1262 2295 1418 2361 τρίτῳ
1449 2289 1727 2361 κεφαλαίῳ,
1763 2290 1805 2342 εἰ
1860 2294 1947 2341 καὶ

342 2374 463 2427 καθ’
521 2375 693 2449 ἑτέραν
760 2380 973 2433 ἔννοιαν.
1034 2383 1218 2449 Κρίσιν
1276 2376 1333 2431 δὲ
1391 2383 1595 2451 γεέννης
1648 2379 1783 2450 λέγει
1851 2383 1943 2437 τὴν

339 2468 651 2537 κατάκρισιν
722 2472 811 2519 καὶ
886 2472 1138 2543 τιμωρίαν
1195 2477 1289 2529 τῆς
1360 2474 1578 2540 γεέννης,
1644 2473 1780 2537 ἤτοι,
1850 2474 1941 2528 τὴν

340 2560 789 2627 παραπέμπουσαν
817 2556 884 2617 εἰς
912 2561 1006 2615 τὴν
1036 2562 1256 2629 γέενναν.

414 2648 506 2698 Διά
556 2675 625 2686 -
672 2645 846 2702 πόλιν,
912 2648 1007 2700 Διά
1065 2654 1237 2713 τοῦτο,
1287 2654 1465 2715 ποῖον;
1526 2651 1667 2699 Διότι
1736 2646 1941 2719 μέλλετε

337 2732 615 2805 πληρῶσαι
644 2738 701 2786 τὸ
749 2739 931 2809 μέτρον
970 2743 1065 2797 τῆς
1123 2740 1311 2795 κακίας
1338 2744 1435 2787 τῶν
1490 2740 1722 2811 πατέρων
1774 2737 1937 2807 ὑμῶν.

336 2822 667 2875 Ἀποστελλω
731 2820 788 2875 δε
846 2820 969 2892 εἷπε,
1025 2822 1416 2898 παραδεικνύων
1474 2828 1531 2876 τό
1591 2824 1795 2896 ἀξίωμα
1844 2830 1939 2886 τῆς

342 2913 609 2972 θεότητος.
668 2917 931 2986 Προφήτας
981 2910 1041 2966 δὲ
1091 2919 1179 2966 καὶ
1239 2918 1428 2985 σοφούς
1474 2919 1561 2966 καὶ
1608 2920 1933 2988 γραμαατεῖς

340 3005 460 3061 τοὺς
517 3000 827 3061 ἀποστόλους
877 3007 1006 3073 φησὶ
1062 3009 1151 3055 καὶ
1206 3008 1325 3064 τοὺς
1380 3002 1489 3076 μετ’
1549 3003 1768 3063 ἐκείνους
1822 3023 1935 3055 ποι-

336 3094 496 3161 μένας
546 3095 635 3143 καὶ
686 3087 1041 3153 διδασκάλους
1091 3100 1188 3144 τῶν
1256 3093 1571 3151 Ἐκκλησιῶν
1638 3095 1704 3154 ὡς
1779 3092 1931 3155 ἠξιω-

2063 1927 2409 1991 nominavit,
2442 1931 2737 1997 tanquam
2766 1925 3013 1981 nocivos
3032 1930 3087 1981 et
3112 1925 3490 1983 insidiatores
3522 1943 3593 1983 ac
3616 1943 3717 2000 pe-

2060 2015 2313 2071 stiferos.
2346 2014 2659 2085 Progenies
2690 2017 2886 2070 autem
2909 2014 3273 2085 viperarum,
3316 2020 3521 2086 utpote
3554 2016 3720 2073 simi.

2055 2102 2139 2158 les
2172 2103 2436 2175 patribus
2464 2103 2590 2157 suis
2616 2102 2678 2157 in
2701 2117 2932 2157 veneno
2955 2102 3193 2158 malitias
3242 2106 3298 2158 et
3326 2103 3387 2158 in
3419 2104 3716 2161 truculen-

2056 2194 2157 2248 tia.
2190 2193 2508 2262 Progenies
2527 2207 2763 2263 quoque
2796 2190 3134 2262 viperarum
3159 2192 3484 2264 appellavit
3504 2210 3605 2251 eos
3624 2197 3713 2251 Jo-

2054 2297 2241 2338 annes
2266 2282 2524 2353 Baptista
2556 2282 2720 2337 tertio
2761 2281 2963 2352 capite,
2993 2281 3099 2336 sed
3119 2281 3291 2351 juxta
3323 2282 3511 2339 alium
3546 2284 3713 2341 intel-

2051 2370 2290 2427 lectum.
2312 2372 2339 2425 ,Ι
2350 2370 2616 2427 udicium
2638 2385 2779 2425 vero
2802 2370 3087 2441 gehennae
3110 2370 3713 2429 dicitcondemnatio-

2028 2476 2190 2516 ~nem
2218 2465 2272 2516 et
2316 2459 2677 2532 supplicium
2710 2459 2992 2528 gehennae
3023 2459 3167 2524 sive,
3208 2459 3373 2531 quod
3416 2459 3594 2517 mittit
3644 2462 3709 2517 in

2050 2550 2411 2619 gehennam.

2122 2640 2276 2692 Vers.
2323 2637 2410 2692 34.
2446 2639 2695 2706 Propter
2715 2666 2783 2677 —
2812 2636 3132 2693 civitatem.
3164 2666 3234 2678 --
3265 2637 3517 2707 Propter
3555 2640 3665 2697 hoc
3684 2656 3702 2711 ;

2045 2731 2289 2799 propter
2316 2726 2463 2797 quid
2487 2727 2513 2779 ?
2536 2726 2686 2791 Quia
2707 2725 3006 2796 impleturi
3036 2725 3175 2781 estis
3204 2741 3549 2784 mensuram
3579 2746 3706 2787 ma-

2044 2814 2183 2871 litiae
2197 2820 2439 2887 patrum
2456 2819 2807 2870 vestrorum.
2822 2816 2990 2870 Mitto
3003 2819 3192 2871 autem
3208 2814 3365 2880 dixit,
3383 2819 3705 2875 ostendens

2045 2904 2372 2960 divinitatis
2387 2905 2753 2975 dignitatem.
2776 2903 3104 2975 Prophetas
3120 2908 3319 2959 autem
3335 2908 3393 2959 et
3405 2905 3700 2977 sapientes

2020 3009 2115 3049 ‘ac
2160 2993 2388 3049 scribas
2419 2993 2563 3049 dicit
2592 2992 2919 3065 apostolos,
2965 2997 3020 3048 et
3048 2992 3151 3065 qui
3178 3008 3280 3049 eos
3326 2994 3509 3050 secuti
3565 3000 3705 3054 sunt

2044 3088 2318 3153 pastores
2348 3099 2417 3139 ac
2458 3084 2725 3138 doctores
2780 3081 3190 3144 Ecclesiarum,
3226 3086 3428 3153 utpote
3488 3084 3701 3155 dignos

334 3183 513 3252 μένους
574 3188 898 3253 προφητικοῡ
959 3185 1294 3254 χαρίσματος
1340 3188 1428 3234 καὶ
1467 3185 1561 3242 ὡς·
1597 3182 1929 3255 [σεσοφισμέ-

2051 3171 2279 3227 habitos
2306 3171 2652 3243 prophetica
2673 3170 2883 3240 gratia,
2908 3176 2964 3225 et
2984 3170 3158 3242 quasi
3181 3170 3256 3225 ab
3286 3186 3355 3226 eo
3381 3172 3621 3229 edoctos
3644 3178 3703 3231 et

332 3288 446 3329 νους
495 3270 574 3340 (5)
615 3270 704 3321 ὑπ’
736 3271 895 3323 αύτοῦ
925 3277 1014 3323 καὶ
1066 3273 1153 3341 ὡς]
1205 3276 1297 3330 τὴν
1352 3277 1549 3345 Γραφὴν
1602 3269 1826 3333 εἰδότας.
1861 3274 1929 3323 Τὸ

336 3354 394 3409 δὲ
423 3357 474 3421 ἐξ
500 3358 665 3411 αύτῶν
707 3357 880 3428 δηλοῖ,
912 3361 992 3412 ὅτι
1030 3360 1088 3412 ού
1135 3363 1325 3422 πάντας
1374 3359 1759 3425 ἀποκτενοῦσιν,
1807 3354 1930 3411 οὐδὲ

329 3449 527 3509 πάντας
549 3455 1004 3521 μαστιγώσουσιν.

400 3535 574 3601 Ὅπως
602 3569 671 3580 —-
700 3548 767 3610 γῆ
781 3560 818 3600 ς.
854 3536 996 3610 Αἷμα
1038 3543 1140 3591 νόει
1184 3543 1277 3597 τὴν
1329 3535 1619 3598 καταδίκην
1648 3546 1738 3591 τοῦ
1769 3540 1929 3612 αἷμα-

322 3646 427 3696 τος,
456 3631 575 3687 ἤτοι
600 3636 692 3680 τοῦ
724 3632 897 3700 φόνου.
941 3627 1116 3690 Ὅπως
1168 3628 1308 3702 ἔλθη,
1358 3634 1534 3701 φησὶν,
1569 3629 1641 3700 ἐφ’
1673 3631 1807 3701 ὑμᾶς
1837 3649 1929 3681 κα-

324 3713 518 3775 ταδίκη
560 3720 752 3778 παντὸς
788 3720 1004 3790 αἳματος
1058 3715 1267 3769 δικαίου
1320 3717 1666 3790 ἐκχυνομένου
1720 3717 1803 3770 ἐπὶ
1832 3728 1927 3781 τῆς

325 3813 463 3875 γῆς·
499 3807 524 3856 6
583 3802 642 3857 δε
704 3812 908 3867 Λουκᾶς
978 3802 1132 3874 εἶπεν,
1218 3809 1297 3858 ὅτι
1358 3806 1469 3859 Ἵνα
1541 3806 1803 3879 ἐκζητηθῇ
1865 3810 1923 3859 τό

327 3894 461 3965 αἷμα
519 3897 722 3947 πάντων
792 3904 889 3947 τῶν
942 3904 1237 3969 προφητῶν,
1293 3900 1352 3948 τὸ
1410 3895 1748 3969 ἐκχυνόμενον
1823 3895 1923 3949 ἀπὸ

324 3982 619 4044 καταϐολῆς
681 3989 900 4057 κόσμου,
957 3984 1057 4038 ἀπὸ
1120 3992 1215 4044 τῆς
1269 3992 1445 4056 γενεᾶς
1489 3988 1703 4047 ταύτης.
1761 3983 1925 4039 Διδά-

327 4089 441 4124 σκει
512 4069 572 4125 δέ
628 4092 680 4125 τι
736 4072 945 4148 φοϐερόν
999 4076 1025 4126 ό
1075 4074 1249 4146 λόγος,
1298 4076 1377 4126 ὅτι
1425 4076 1449 4126 ό
1515 4080 1781 4146 γινώσκων
1833 4078 1923 4138 τὰς

322 4169 425 4214 τῶν
475 4162 977 4235 πεπλημμεληκότων
1029 4168 1303 4236 τιμωρίας,
1363 4164 1488 4235 [καὶ
1545 4165 1622 4236 (6)
1684 4166 1923 4237 μιμησά-

322 4269 469 4322 μενος
522 4251 726 4317 αὐτοὺς,
784 4255 967 4324 ἔνοχός
1017 4252 1158 4304 ἐστιν
1197 4252 1552 4311 ἀπαιτηθῆναι
1590 4255 1791 4306 πάντων
1835 4258 1923 4316 τὰς

320 4341 929 4415 τιμωρίας,]τουτέστι,
991 4338 1173 4393 δοῦναι
1231 4341 1304 4414 ἐφ’
1363 4342 1564 4413 ἑκάστῳ
1622 4340 1797 4410 δίκην,
1854 4347 1923 4405 ὡς

314 4434 388 4501 μὴ
447 4433 822 4502 σωφρονισθιὶς
874 4437 980 4491 τοῖς
1032 4427 1456 4503 παραδείγμασι.
1513 4436 1611 4483 Καὶ
1660 4431 1712 4494 ἐξ
1755 4432 1921 4484 αύτῶν

313 4518 638 4572 ἀποκτενεῖτε
645 4564 658 4589 ,

310 4612 500 4669 παντὸς
559 4613 713 4681 φόνου
774 4608 1254 4683 προτετολμημένου
1324 4612 1459 4660 κατὰ
1510 4617 1609 4659 τῶν
1676 4605 1915 4662 δικαίων.

310 4695 585 4749 Ἤκουσαν
636 4700 760 4770 γὰρ,
820 4698 902 4748 ὅτι
954 4698 978 4747 6
1028 4700 1117 4768 μὲν
1178 4699 1309 4751 Κάῖν
1367 4696 1495 4748 ἑπτὰ
1549 4706 1809 4769 τιμωριῶν
1858 4695 1918 4755 ἧν

316 4784 460 4846 ἄξιος
487 4803 498 4813 ·
534 4787 560 4836 6
593 4782 653 4837 δὲ
708 4788 900 4857 Λάμεχ
931 4782 1371 4855 ἑϐδομηκοντάκις
1403 4785 1550 4847 ἑπτὰ,
1607 4782 1700 4837 διὰ
1737 4790 1793 4838 τό
1844 4792 1915 4859 μὴ

323 4874 743 4945 σωφρονισθῆναι
914 4870 1329 4946 παραδείγματι.
1389 4876 1457 4925 T6
1509 4870 1567 4925 δὲ
1617 4876 1774 4941 ὅπως,
1828 4881 1916 4927 καὶ

321 4962 379 5010 τό
422 4962 524 5029 ἱνα,
558 4960 651 5012 ούκ
701 4961 1023 5035 αἰτιολογικὰ
1069 4971 1156 5014 νῦν
1204 4967 1333 5035 φασί
1379 4981 1527 5029 τινες,
1568 4960 1694 5015 ἀλλὰ
1752 4961 1919 5022 δηλω-

321 5049 445 5099 τικὰ
472 5056 563 5100 τοῦ
594 5050 877 5122 μέλλοντος.

392 5136 521 5191 Ἀπὸ
576 5170 647 5183 —-
706 5142 1111 5215 θυσιαστηρίου.
1173 5140 1435 5213 Εύκαίρως
1486 5147 1578 5193 τοῦ
1642 5140 1796 5197 Ἂϐελ
1868 5141 1920 5195 ἐ-

317 5230 661 5301 μνημόνευσε,
712 5226 981 5299 δεικνύων,
1041 5232 1122 5284 ὅτι
1169 5234 1259 5284 καὶ
1306 5232 1332 5283 6
1390 5229 1581 5283 ἐκείνοι)
1630 5234 1771 5305 φόνος
1825 5228 1919 5288 διὰ

384 5407 431 5444 ³ο
471 5409 613 5468 Luc.
644 5425 727 5467 x1.
758 5410 848 5467 48.
930 5411 973 5446 ³¹
998 5410 1136 5466 Luc.
1164 5425 1243 5478 x1,
1278 5413 1366 5467 50.

2041 3261 2724 3332 tanquamecripturam
2750 3260 3160 3329 intelligentes.
3193 3260 3365 3325 Quod
3391 3266 3593 3318 autem
3615 3262 3701 3319 di-

2038 3351 2209 3418 citur,
2242 3364 2313 3405 ex
2340 3351 2484 3413 illts,
2521 3350 2815 3419 signiﬁcat
2843 3349 3009 3420 quod
3038 3363 3161 3404 non
3191 3364 3403 3405 omnes
3446 3351 3699 3409 occisuri

2020 3444 2224 3503 erant,
2259 3454 2452 3509 neque
2483 3452 2693 3493 omnes
2719 3435 3093 3506 ﬂagellaturi.

2014 3550 2017 3551 ν
2108 3530 2268 3584 Vers.
2294 3532 2383 3584 35.
2422 3528 2579 3583 Ut—
2605 3531 2849 3582 terram.
2871 3525 3245 3598 Sanguinem,
3274 3527 3529 3597 intellige
3560 3542 3696 3586 san-

2036 3618 2232 3688 guinis
2271 3617 2393 3672 sive
2425 3616 2604 3672 ceedis
2642 3614 3225 3671 condemnationem.
3262 3618 3330 3672 Ut
3354 3617 3571 3686 veniat,
3610 3617 3695 3674 in-

2035 3708 2178 3779 quit,
2209 3722 2389 3778 super
2427 3721 2535 3760 vos
2576 3704 3001 3760 condemnatio
3031 3703 3351 3774 cujuslibet
3392 3705 3533 3777 justi
3561 3720 3695 3762 san-

2034 3796 2227 3866 guinis
2254 3795 2357 3866 qui
2380 3794 2604 3849 eﬂ‘usus
2637 3798 2723 3849 est
2749 3809 2928 3864 super
2960 3798 3194 3848 terram.
3259 3795 3444 3849 Lucas
3492 3799 3694 3851 autem

2033 3885 2208 3941 dixit:
2228 3886 2294 3941 Ut
2309 3884 2656 3954 exquiratur
2665 3884 2906 3952 sanguis
2919 3882 3177 3938 omnium
3196 3882 3602 3953 praphetarum
3619 3885 3690 3950 ³³,

2031 3974 2137 4046 qui
2167 3973 2390 4030 effusus
2414 3976 2501 4027 est
2521 3970 2988 4027 aconstitutione
3019 3970 3231 4025 mundi
3253 3987 3290 4027 a
3314 3970 3693 4042 generatione

2031 4063 2161 4119 ista.
2194 4062 2375 4118 Docet
2392 4064 2594 4117 autem
2616 4059 2906 4132 quiddam
2933 4058 3309 4115 tremendum
3333 4075 3528 4116 sermo
3556 4060 3689 4117 iste.

2033 4151 2140 4217 Qui
2171 4151 2322 4206 enim
2344 4154 2727 4222 peccatorum
2758 4147 2923 4203 novit
2954 4162 3187 4218 poenas,
3219 4151 3274 4203 et
3303 4148 3690 4205 nihilominus

2031 4256 2131 4297 eos
2170 4240 2455 4304 imitatur,
2482 4253 2619 4293 reus
2653 4241 2743 4293 est
2766 4241 2828 4292 ut
2858 4236 2936 4293 ab
2978 4252 3049 4291 eo
3081 4236 3394 4307 exigantur
3416 4239 3691 4296 omnium

2038 4329 2351 4401 supplicia,
2380 4329 2493 4384 hoc
2522 4331 2612 4383 est
2638 4342 2747 4398 pro
2780 4339 3144 4397 unoquoque
3176 4340 3421 4397 poenam
3441 4326 3584 4391 luat,
3617 4342 3689 4385 eo

2029 4418 2195 4491 quod
2228 4417 2500 4489 exemplo
2533 4417 2660 4486 ejus
2684 4430 2811 4471 sese
2838 4429 2959 4469 non
2990 4413 3395 4470 refrenaverit.
3434 4417 3500 4471 Et
3531 4430 3601 4470 ex
3627 4416 3693 4472 il-

766 4524 947 4591 φησὶν,
1050 4521 1188 4581 ὅπως
1286 4519 1607 4577 ἀπαιτηθῆτε
1708 4521 1920 4573 κόλασιν

2052 4507 2101 4561 is
2127 4506 2427 4569 occidetis,
2458 4505 2670 4577 inquit,
2707 4510 2768 4559 ut
2798 4507 3105 4575 expetatur
3143 4518 3178 4558 a
3218 4502 3389 4558 vobis
3420 4502 3564 4559 ultio
3592 4520 3694 4559 cu-

2024 4595 2266 4667 juslibet
2297 4595 2501 4663 caedis,
2533 4610 2669 4665 quae
2702 4593 2866 4664 prius
2897 4598 3105 4646 contra
3125 4590 3320 4660 justos
3339 4591 3530 4648 fuerat
3560 4607 3691 4664 per-

2029 4690 2275 4755 petrata.
2310 4684 2637 4739 Audierant
2663 4681 2812 4735 enim
2840 4679 3004 4749 quod
3034 4678 3176 4734 Cain
3199 4684 3428 4749 septem
3462 4680 3687 4750 suppli-

2027 4772 2132 4829 ciis
2148 4774 2360 4844 dignus
2373 4771 2566 4827 fuerat
2582 4787 2595 4835 ;
2614 4767 2865 4823 Lamech
2882 4781 3019 4820 vero
3043 4766 3421 4836 septuaginta
3434 4772 3687 4836 septem,

2026 4877 2097 4918 eo
2127 4861 2288 4933 quod
2329 4874 2455 4915 sese
2488 4872 2603 4912 non
2641 4854 2996 4910 refrenasset
3027 4852 3317 4923 exemplo.
3362 4853 3688 4912 Dictionem

2027 4956 2228 5006 autem
2252 4952 2410 5017 ὅπως,
2457 4950 2539 5016 ut,
2566 4945 2732 5001 aiunt
2757 4942 3007 5014 quidam
3041 4956 3159 4996 non
3186 4940 3319 5014 capi
3347 4940 3683 5013 causaliter,

2026 5037 2127 5093 sed
2152 5042 2210 5092 ut
2249 5036 2548 5106 signiticet
2570 5033 2631 5089 id
2661 5032 2824 5104 quod
2854 5030 3115 5085 futurum
3131 5033 3239 5086 est.

2097 5145 2255 5199 Vers.
2291 5148 2356 5201 35
2396 5144 2445 5198 A
2482 5141 2788 5198 —altare.
2843 5137 3180 5209 Opportune
3222 5137 3370 5195 Abel
3398 5136 3681 5210 meminit,

2027 5232 2346 5291 ostendens
2360 5230 2526 5305 quod
2551 5229 2730 5289 etiam
2744 5227 2936 5285 caedes
2956 5225 3109 5287 illius
3126 5242 3232 5301 per
3257 5226 3536 5291 inVidiam
3557 5243 3687 5300 per-

1514 5536 1731 5606 Variae
1780 5538 2107 5609 lectiones
2140 5543 2209 5606 et
2255 5544 2433 5605 notae

500 5676 620 5749 Ἐπὶ
646 5678 871 5745 πάντων,
904 5691 1013 5749 pro
1041 5676 1342 5744 ἐπιτάττων,
1376 5682 1440 5733 Α.

404 5679 437 5732 4-
500 5676 620 5729 Ἐπὶ
646 5678 871 5745 πάντων,
904 5691 1013 5749 pro
1041 5676 1061 5730 ἐ

382 5676 463 5820 I5;
491 5747 725 5807 Inclusa
750 5749 967 5807 absunt
992 5750 1061 5803 A.

2093 5682 2171 5756 (6)
2204 5679 2436 5738 Inclusa
2465 5679 2681 5738 absunt
2704 5679 2775 5735 A.
