4170 6334
498 331 603 387 599

1810 322 2153 382 EUTHYMII
2202 321 2554 380 ZAGABENI

3756 320 3866 377 600

499 458 732 532 petrata
756 459 861 513 est.
904 454 1244 513 Zachariam
1274 458 1475 512 autem
1501 452 1752 529 quidam
1774 452 1981 509 dicunt
2009 465 2149 507 eum
2175 461 2190 502 Α

2298 451 2438 502 θόνον
2502 449 2715 522 έγένετο.
2787 450 3062 523 Ζαχαρίαν
3120 444 3180 501 δε
3255 448 3304 501 οἱ
3368 446 3457 520 μὲν
3512 444 3724 519 λέγουσι
3776 446 3866 498 τὸν

499 547 607 621 qui
632 546 742 602 fuit
764 561 921 601 unus
943 545 1261 601 duodecim
1280 544 1697 618 prophetarum
1720 561 1731 599 :
1752 543 1990 616 quidam
2008 555 2150 598 vero

459 704 467 711 _
502 654 663 705 eum,
678 635 781 708 qui
798 635 956 690 ﬁlius
968 634 1166 690 Joadae
1180 634 1509 701 dicebatur,
1524 635 1627 707 qui
1640 634 1819 689 etiam
1834 630 2150 688 Zacharias

503 724 921 799 appellabatur
945 747 955 778 :
987 723 1186 795 plures
1215 729 1414 779 autem
1432 727 1663 796 patrem
1688 722 1983 794 Baptistae.
2005 721 2149 778 Scri-

503 814 826 873 buntenim
870 829 933 869 se
967 814 1275 886 accepisse
1314 817 1607 884 apatrum
1642 812 1979 876 traditione,
2015 826 2153 883 quae

506 906 651 963 citra
668 904 953 976 scriptum
973 919 1080 976 per
1095 918 1313 959 manus
1330 902 1600 975 pervenit
1623 903 1699 959 ad
1713 905 2007 975 posteros,
2022 916 2154 973 quae

506 994 891 1052 traditionum
924 1007 1143 1065 genera
1167 994 1378 1064 ἄγραφα
1405 992 1811 1056 nominantur,
1841 990 2007 1063 quod
2034 993 2159 1047 erat

482 1078 570 1141 Vin
595 1082 819 1156 templo
838 1082 1001 1138 locus
1028 1081 1360 1154 virginibus
1385 1081 1711 1138 destinatus
1741 1097 1753 1136 :
1785 1097 1821 1136 a
1846 1096 1968 1152 quo
2002 1084 2160 1136 stan-

510 1179 631 1232 tem
660 1172 972 1245 quondam
1001 1172 1063 1227 in
1087 1187 1159 1228 eo
1179 1171 1279 1227 Dei
1312 1174 1550 1228 Matrem
1578 1174 1716 1242 post
1745 1178 2005 1242 partum,
2038 1185 2162 1227 non

511 1262 702 1335 ejecit,
733 1261 938 1318 dicens
966 1260 1261 1331 virginem
1292 1275 1440 1326 esse,
1470 1263 1527 1317 et
1546 1260 1682 1317 ideo
1712 1259 1945 1316 occisus
1962 1263 2051 1316 est
2077 1259 2165 1315 in-

512 1354 601 1409 ter
630 1350 916 1423 templum
947 1352 1003 1405 et
1033 1349 1217 1405 altare
1248 1349 1523 1404 exterius.

586 1440 749 1496 Vers.
782 1443 868 1495 36.
906 1439 1095 1494 Amen
1126 1468 1191 1478 —
1214 1439 1394 1493 istam.
1433 1436 1584 1503 Quia
1614 1436 1826 1494 timore
1876 1436 2166 1507 gehennm

516 1545 651 1604 quas
695 1528 777 1585 eis
816 1526 1200 1599 impendebat
1243 1542 1313 1582 eo
1343 1526 1510 1598 quod
1538 1530 1790 1583 ventura
1847 1530 2022 1593 esset,
2054 1525 2168 1581 hos

485 1604 491 1613 ’
516 1634 640 1675 non
668 1616 1086 1674 commovebat
1113 1615 1209 1688 (e),
1238 1620 1486 1672 exterret
1511 1631 1581 1672 ac
1610 1616 1929 1689 propulsat
1948 1631 2048 1672 eos
2075 1629 2170 1673 ca-

516 1706 907 1771 lamitatibus,
931 1722 1065 1779 qum
1088 1721 1209 1761 non
1229 1705 1407 1776 longe
1429 1709 1566 1778 post
1586 1704 1800 1763 futura:
1818 1710 2013 1763 erant:
2036 1705 2170 1761 ideo

519 1795 1009 1868 conﬁrmatquod
1034 1795 1215 1852 etiam
1244 1800 1491 1852 ventura
1522 1800 1663 1852 sunt
1682 1796 1890 1853 omnia
1918 1796 2064 1862 haac,
2088 1795 2169 1850 vi-
2199 1789 2239 1846 Β

520 1886 733 1943 delicet
757 1900 892 1956 quae
918 1884 1264 1941 miserrimae
1309 1889 1446 1941 sunt
1496 1884 1762 1950 ultionis,
1795 1900 1975 1956 super
2001 1900 2174 1954 gene-

488 1976 811 2046 _rationem
840 1972 1039 2040 istam,
1077 1973 1200 2029 sive
1225 1989 1404 2045 super
1428 1974 1539 2029 hos
1568 1974 1757 2046 ipsos.
1794 1974 1914 2031 Sub
1963 1976 2176 2046 Vespa-

492 2064 694 2131 ~siano
748 2062 907 2117 enim
954 2066 1010 2116 et
1055 2061 1180 2117 Tito
1240 2062 1766 2134 apprehenderunt
1816 2078 1918 2119 eos
1965 2079 2102 2136 quae
2140 2079 2178 2121 a

524 2150 811 2210 Romanis
841 2165 1167 2222 provenere
1198 2151 1378 2207 mala.

598 2244 764 2297 Vers.
804 2240 889 2296 37.
922 2240 1248 2296 Jerusalem
1274 2272 1341 2280 —
1370 2241 1452 2298 ad
1480 2246 1552 2298 te.
1588 2241 1675 2298 Ad
1706 2242 2007 2299 civitatem
2040 2258 2180 2301 con-

496 2395 502 2399 ν
528 2334 763 2388 vertens
786 2344 1127 2384 sermonem
1144 2328 1417 2400 deplorat
1434 2330 1613 2389 hanc.
1642 2331 2052 2404 Reduplicatio
2078 2349 2179 2389 au-

529 2426 650 2476 tem
697 2417 1129 2491 appellationis,
1167 2418 1602 2476 demonstratio
1649 2426 1737 2476 est
1765 2421 2181 2478 miserationis.

531 2510 670 2581 Ejus
702 2507 916 2563 etenim
938 2507 1267 2573 miseretur,
1301 2512 1365 2562 ut
1396 2523 1530 2580 quae
1572 2508 1716 2566 olim
1765 2509 1984 2568 dilecta
2036 2515 2178 2580 erat,

531 2612 694 2656 nunc
718 2612 854 2653 vero
884 2600 1152 2653 extrema
1181 2612 1433 2667 passura
1470 2603 1578 2664 est,
1610 2602 1851 2672 propter
1902 2599 2183 2673 iniquita-

534 2692 622 2746 tes
648 2685 1109 2742 inhabitantium
1140 2686 1202 2742 in
1246 2702 1335 2743 ea.
1364 2686 1801 2761 Consequenter
1833 2693 2035 2746 autem
2081 2704 2186 2746 ex-

530 2775 779 2849 probrat
807 2774 877 2837 ei,
928 2774 1094 2846 quod
1123 2774 1487 2833 interemerit
1515 2778 1839 2850 prophetas
1867 2794 2021 2851 quos
2057 2778 2186 2852 ipse

535 2865 617 2923 ad
645 2879 781 2921 eam
810 2863 1072 2919 miserat.

606 2956 765 3009 Vers.
794 2952 883 3007 37.
920 2952 1149 3019 Quoties
1178 2983 1245 2994 —
1266 2953 1555 3011 noluistis.
1582 2954 1776 3021 Volui,
1809 2955 2019 3030 inquit,
2051 2972 2191 3015 con-

539 3057 788 3115 gregare
802 3040 958 3097 ﬁlios
988 3044 1121 3097 tuos
1154 3042 1267 3098 sub
1300 3058 1434 3099 mea
1463 3044 1847 3115 protectione,
1876 3062 2030 3119 quos
2059 3063 2194 3120 pec-

2258 539 2342 593 ἕνα
2368 548 2466 591 τῶν
2500 536 2709 592 δώδεκα
2751 547 3046 613 προφητῶν,
3082 540 3131 590 οἱ
3195 534 3253 591 δὲ
3304 541 3390 590 τόν
3433 540 3524 590 καὶ
3565 537 3641 609 (7)
3678 533 3870 597 Ἰωδας

2258 630 2603 702 καλούμενον’
2651 630 2812 704 ἕτεροι
2852 626 2911 681 δε
2957 631 3043 680 τὸν
3103 628 3178 699 (8)
3235 628 3481 703 ’Δζαρίαν
3511 643 3524 657 ·
3559 628 3608 679 οἱ
3660 626 3870 689 πλείους

2263 715 2342 782 δὲ,
2382 722 2468 770 τόν
2524 723 2723 795 πατέρα
2772 726 2866 772 τοῦ
2923 724 3242 775 Βαπτιστοῦ,
3297 719 3564 792 Γράφουσι
3612 718 3737 789 γὰρ,
3784 716 3871 768 ὅτι

2261 807 2547 882 παρέλαϐον
2623 807 2675 871 ἐξ
2754 808 2988 883 ἀγράφου
3046 804 3397 878 παραδόσεως
3451 813 3551 859 τῶν
3606 808 3867 878 πατέρων,

2263 899 2327 958 ὡς
2384 894 2444 955 ἦν
2499 901 2654 961 τόπος
2710 896 2759 949 έν
2812 906 2883 969 τῷ
2939 905 3043 968 ναῷ
3094 904 3210 958 ταῖς
3268 897 3544 970 παρθένοις
3587 893 3868 966 ἀποτεταγ-

2264 988 2433 1059 μένος,
2464 986 2512 1038 ἐν
2617 988 2815 1041 στᾶσάν
2844 1006 2968 1040 ποτε
3001 991 3093 1045 τὴν
3144 989 3396 1041 Θεοτόκον
3437 986 3572 1058 μετά
3605 986 3690 1037 τὸν
3719 987 3873 1038 τόκον

2268 1076 2361 1128 οὐκ
2408 1075 2631 1139 ἐξέϐαλεν
2662 1077 2827 1144 οὗτος,
2861 1077 3035 1143 εἰπὼν,
3083 1078 3165 1129 ὃτι
3212 1078 3464 1150 παρθένος
3500 1073 3634 1129 ἐστί.
3664 1076 3751 1127 Διὸ
3779 1078 3875 1127 καὶ

2269 1163 2512 1237 ἐφονεύθη
2561 1166 2752 1238 μεταξὺ
2792 1173 2881 1220 τοῦ
2910 1172 3035 1219 ναοῦ
3064 1169 3154 1218 καὶ
3192 1172 3285 1219 τοῦ
3322 1165 3417 1229 ἔξω
3464 1166 3871 1239 θυσιαστηρίου.

2349 1396 2511 1470 Ἀμὴν
2567 1428 2636 1437 -
2685 1399 2898 1456 ταύτην.
2941 1397 3103 1462 Ἐπεὶ,
3183 1398 3270 1449 τὸν
3331 1395 3484 1469 φόϐον
3540 1404 3632 1457 τῆς
3676 1399 3881 1468 γεέννης

2277 1484 2624 1560 ἐπικρεμάσας
2678 1487 2874 1553 αὐτοῖς,
2936 1486 2993 1540 οῦ
3058 1488 3300 1540 καθίκετο
3358 1489 3573 1557 τούτων,
3658 1481 3752 1539 διὰ
3821 1489 3879 1539 τὸ

2278 1575 2472 1648 μέλλειν
2515 1575 2697 1643 αὐτὴν,
2758 1574 2959 1649 ἐκφοϐεῖ
3018 1580 3104 1629 καὶ
3162 1575 3607 1649 κατασφαλίξεται
3667 1579 3881 1638 τούτους

2281 1664 2381 1717 ἀπὸ
2424 1674 2523 1718 τῶν
2567 1666 2659 1718 οὐκ
2704 1666 2775 1726 εἰς
2820 1667 3023 1739 μακρὰν
3084 1674 3380 1739 συμφορῶν.
3438 1668 3524 1718 Διὸ
3577 1670 3666 1718 καὶ
3707 1662 3881 1719 διαϐε-

2282 1753 2543 1824 ϐαιοῦται,
2577 1756 2713 1818 ἥξειν
2742 1762 2907 1808 ταῦτα
2958 1758 3145 1821 πάντα,
3202 1752 3435 1823 δηλαδὴ,
3487 1757 3551 1807 τὰ
3606 1763 3696 1816 τῆς
3748 1776 3883 1828 παγ-

2281 1844 2515 1917 χαλέπου
2566 1848 2839 1918 τιμωρίας,
2898 1843 2980 1897 έπὶ
3036 1848 3128 1902 τὴν
3194 1846 3367 1915 γενεὰν
3421 1846 3637 1911 ταύτην,
3697 1847 3881 1917 ἤγουν,

2284 1931 2360 1984 ἐπ’
2408 1933 2592 1993 αὐτοὺς
2642 1930 2708 1991 δὴ
2759 1936 2989 1995 τούτους.
3050 1933 3165 1987 Ἐπὶ
3206 1933 3609 1986 Οὐεσπασιανοῦ
3648 1935 3745 2010 γὰρ
3793 1939 3884 1989 καὶ

2282 2027 2439 2075 Τίτου
2469 2022 2744 2075 κατέλαϐον
2766 2024 2954 2086 αὐτοὺς
2984 2025 3047 2076 τὰ
3072 2021 3126 2076 ἐκ
3163 2023 3426 2096 Ῥωμαίων
3450 2026 3606 2078 κακοί.

2354 2110 2692 2186 Ἰερουσαλὴμ
2738 2144 2805 2154 —
2854 2113 3036 2171 αὐτήν.
3098 2115 3236 2185 Πρὸς
3290 2117 3384 2172 τὴν
3432 2112 3578 2165 πόλιν
3638 2111 3891 2189 ἀποστρέ-

2285 2200 2392 2272 ψας
2425 2204 2509 2253 τὸν
2539 2202 2709 2272 λόγον,
2744 2201 3005 2263 ταλανίξει
3046 2204 3239 2260 ταύτην
3270 2218 3281 2233 ·
3317 2203 3343 2253 ὁ
3393 2199 3790 2274 διπλασιασμὸς
3832 2199 3892 2255 δε

2288 2299 2378 2350 τῆς
2416 2290 2646 2353 κλήσεως
2695 2289 3005 2363 ἐμφαντικὸς
3060 2290 3223 2352 ἐλέους
3272 2289 3429 2344 έστίν.
3488 2290 3745 2365 Οἰκτείρει
3789 2293 3892 2365 γὰρ

2290 2383 2504 2448 ταύτην,
2576 2384 2639 2441 ὡς
2692 2380 2849 2432 πάλαι
2901 2384 2990 2454 μὶν
3047 2381 3408 2453 ἠγαπημένην,
3467 2386 3554 2431 νῦν
3602 2376 3660 2433 δε
3709 2383 3893 2434 παθεῖν

2292 2472 2357 2523 τὰ
2405 2473 2611 2542 ἔσχατα
2665 2469 2971 2542 μέλλουσαν,
3034 2467 3127 2523 διὰ
3169 2472 3258 2532 τὰς
3296 2474 3624 2542 παρανομίας
3666 2477 3765 2521 τῶν
3804 2490 3899 2523 κα-

2291 2562 2598 2612 τοίκούντων
2642 2557 2689 2610 έν
2743 2559 2901 2631 αὐτῇ.
2940 2562 3009 2613 Τό
3042 2556 3215 2622 δ’ἱξῆς
3269 2555 3515 2620 ὀνειδίζει
3558 2560 3769 2624 ταύτην,
3826 2560 3897 2620 ὡς

2295 2644 2699 2721 διαφθείρουσαν
2743 2652 2863 2711 τοὺς
2914 2653 3203 2725 προφήτας,
3262 2648 3353 2712 οὓς
3409 2647 3557 2709 αὐτὸς
3621 2645 3893 2702 ἀπέστελλε

2293 2740 2420 2815 πρὸς
2449 2737 2628 2797 αὑτήν.

2372 2972 2603 3033 Ποσοίκις
2646 3000 2715 3011 -
2763 2969 3073 3030 ἠθελήσατε.
3127 2969 3407 3038 Ἥθέλησα,
3463 2971 3640 3042 φησὶν,
3691 2967 3896 3021 ἑπισυν-

2304 3068 2517 3133 αγαγεῖν
2558 3061 2625 3113 τὰ
2670 3063 2821 3114 τέκνα
2879 3079 2973 3112 σου
3027 3061 3126 3113 ὑπὸ
3170 3064 3265 3117 τὴν
3309 3059 3438 3132 ἐμὴν
3480 3062 3695 3125 σκέπην,
3753 3057 3904 3109 ἅτινα

539 3136 672 3190 cata
686 3130 1131 3204 disperseranta
1151 3131 1354 3188 divina
1374 3134 1665 3190 custodia.
1696 3136 1980 3208 Exemplo
1993 3141 2190 3193 autem

2306 3130 2362 3205 αί
2398 3130 2646 3225 ἇμαρτίαι
2690 3146 3068 3224 διεσκόρπισαν
3105 3147 3205 3201 ἀπὸ
3253 3130 3350 3210 τῆς
3402 3150 3546 3211 θείας
3592 3146 3905 3207 ἐπισκοπῆς.

541 3220 777 3294 gallinae
809 3236 987 3275 suum
1012 3221 1073 3275 in
1093 3220 1329 3277 Judaeos
1347 3237 1615 3280 amorem
1629 3225 1911 3281 ostendit.
1940 3226 2197 3293 Quidam

543 3315 744 3370 autem
773 3325 1113 3367 sermonem
1152 3311 1482 3383 intelligunt
1510 3313 1584 3369 de
1611 3315 1827 3371 Judzeis
1856 3331 1964 3387 per
2008 3316 2198 3373 varias

545 3400 815 3471 regiones
871 3400 1155 3473 dispersis
1206 3402 1319 3457 sub
1368 3402 1669 3474 prioribus
1733 3406 2198 3478 captivitatibus.

546 3521 617 3533 ——
643 3491 727 3545 Et
750 3490 1043 3557 noluistis,
1075 3506 1171 3546 me
1186 3506 1307 3547 non
1323 3493 1693 3564 recipientes,
1723 3494 1828 3550 sed
1846 3511 2203 3568 persequen-

551 3584 636 3637 tes
664 3582 723 3634 et
752 3578 1023 3635 occidere
1044 3578 1415 3637 festinantes.
1445 3580 1535 3637 Ad
1561 3582 1811 3641 civitatis
1833 3584 2202 3644 habitatores

551 3683 763 3726 rursus
795 3682 1133 3725 sermonem
1162 3669 1465 3727 convertit.

627 3864 798 3921 Vers.
854 3866 943 3922 38.
970 3864 1117 3923 Ecce
1156 3896 1225 3906 —
1254 3865 1507 3925 deserta.
1552 3866 1776 3926 Domus
1835 3874 2030 3928 vestra
2084 3872 2207 3930 sive

555 3953 844 4027 templum
856 3953 1210 4026 relinquitur
1222 3956 1395 4011 vobis
1418 3956 1721 4014 desertum
1742 3958 1820 4015 ab
1834 3960 2209 4020 inhabitante

528 4044 619 4105 ,in
649 4058 719 4099 ea
748 4042 947 4098 divina
972 4042 1184 4111 gratia.
1213 4043 1335 4098 Hoc
1362 4049 1562 4101 autem
1584 4045 1802 4102 domus
1820 4047 2048 4105 illorum
2061 4054 2205 4119 erat,

557 4135 762 4203 utpote
791 4132 853 4186 in
880 4130 1112 4186 civitate
1141 4144 1349 4185 eorum
1382 4132 1757 4189 aediﬁcatum.

631 4221 789 4273 Vers.
823 4220 910 4272 39.
947 4219 1087 4273 Dico
1108 4248 1176 4257 —
1203 4218 1460 4273 Domini.
1496 4222 1824 4292 thuando
1853 4224 1968 4280 hoc
1998 4225 2208 4284 dicturi

565 4307 744 4363 sunt?
766 4305 1038 4361 Volentes
1066 4306 1323 4378 quidem,
1356 4323 1670 4380 nunquam
1695 4326 1706 4365 :
1738 4311 2007 4369 nolentes
2022 4320 2212 4372 autem

564 4400 830 4465 tempore
858 4395 1103 4450 secundi
1139 4396 1425 4452 adventus
1454 4398 1606 4469 ejus,
1646 4401 1891 4472 quando
1925 4409 2212 4462 venturus

2308 3241 2403 3293 Διὰ
2451 3235 2510 3292 δε
2543 3246 2635 3291 τοῦ
2664 3236 3089 3313 παραδείγματος
3137 3245 3227 3300 τῆς
3280 3239 3482 3312 ὄρνιθος
3530 3239 3591 3291 τὸ
3634 3240 3753 3312 περὶ
3787 3238 3912 3297 τοὺς

2310 3324 2604 3391 Ἰουδαίους
2673 3328 3009 3402 φιλόστοργον
3075 3327 3260 3381 ἑαυτοῦ
3336 3323 3595 3380 δείκνυσι.
3658 3327 3800 3385 Τινὶς
3855 3321 3913 3379 δι

2309 3426 2489 3471 νοοῦσι
2516 3421 2601 3471 τόν
2633 3417 2783 3490 λόγόν
2814 3422 2927 3490 περὶ
2958 3425 3056 3469 τῶν
3103 3413 3493 3489 διεσπαρμένων
3527 3411 3799 3469 Ἰουδαίων
3849 3412 3915 3475 εἰς

2313 3505 2597 3581 διαφόρους
2634 3513 2817 3580 χώρας
2859 3508 2960 3560 ὑπὸ
2990 3514 3091 3558 τῶν
3138 3508 3583 3579 προγεγενημένων
3636 3502 3915 3575 αἰχμαλω-

2311 3605 2462 3655 σιῶν.
2526 3602 2627 3651 Καὶ
2692 3596 2785 3649 οὐκ
2833 3595 3141 3662 ἠθελήσατε,
3213 3599 3283 3667 μὴ
3348 3588 3763 3667 παραδεξάμενοί
3827 3609 3911 3663 με,

2313 3685 2441 3740 ἀλλὰ
2488 3682 2760 3748 διώκοντες
2817 3689 2907 3738 καὶ
2960 3683 3259 3738 ἀποκτεῖναι
3316 3677 3722 3743 σπουδάζοντες.
3778 3682 3916 3753 Πρὸς

2312 3780 2431 3840 τοὺς
2458 3775 2775 3836 ένοικοῦντας
2805 3771 2839 3827 δ
2843 3777 2864 3827 ι
2892 3782 2954 3847 τῇ
2982 3773 3125 3827 πόλει
3156 3770 3449 3845 διαλέγεται
3476 3771 3651 3829 πάλιν.

2386 3863 2527 3920 Ἰδοὺ
2561 3895 2631 3908 -
2681 3867 2889 3940 ἔρημος.
2943 3863 3002 3916 Ὀ
3058 3860 3193 3924 οἶκος
3240 3863 3402 3934 ὑμῶν,
3448 3864 3633 3932 ἤγουν,
3690 3860 3716 3911 ὀ
3774 3861 3916 3925 ναὸς,

2318 3955 2520 4030 ἀφίεται
2565 3957 2685 4027 ὑμῖν
2714 3956 2903 4027 ἕρημος
2944 3960 3041 4015 τῆς
3088 3951 3389 4014 ένοικουσης
3434 3950 3575 4022 αὐτῷ
3629 3951 3765 4010 θείας
3820 3949 3919 4021 χά-

2316 4066 2476 4122 ριτος.
2528 4043 2680 4105 Οἶκος
2728 4042 2787 4096 ὀὶ
2869 4041 3035 4095 αὐτῶν
3089 4040 3254 4107 οὗτος,
3301 4043 3367 4101 ὡς
3427 4036 3702 4114 ἱδρυμένος
3748 4036 3797 4090 ἐν
3856 4044 3916 4110 τῇ

2320 4136 2463 4189 πόλει
2488 4134 2677 4190 αὐτῶν.

2392 4229 2543 4296 Λέγω
2583 4254 2647 4265 -
2691 4226 2907 4295 Κυρίου.
2953 4225 3053 4276 Καὶ
3110 4224 3232 4274 πότε
3288 4225 3440 4271 τοῦτο
3477 4220 3730 4283 εἶπωσιν;
3760 4214 3925 4273 Ἐκόν-

2323 4334 2404 4377 τες
2433 4316 2543 4387 μεν,
2593 4308 2861 4377 οὐδέποτε,
2920 4313 3129 4372 ἄκοντες
3178 4306 3257 4378 δε,
3290 4312 3422 4362 κατὰ
3475 4308 3561 4360 τόν
3601 4310 3784 4380 καιρὸν
3831 4314 3925 4367 τῆς

2326 4401 2572 4477 δευτέρας
2618 4402 2777 4455 αὐτοῦ
2828 4406 3141 4475 παρουσίας,
3196 4401 3317 4452 ὃταν
3371 4398 3483 4461 ἣξει
3512 4398 3592 4467 (9)
3648 4400 3779 4470 μετὰ
3835 4392 3924 4449 δυ-

530 4530 535 4535 .
565 4486 655 4540 est
682 4498 819 4538 cum
850 4487 1139 4554 potestate
1170 4488 1224 4540 et
1253 4484 1442 4556 gloria
1472 4504 1694 4559 magna
1730 4509 1742 4558 ;
1771 4493 2019 4563 quando
2051 4495 2190 4552 nulla

2325 4497 2523 4568 νάμεως
2568 4496 2658 4545 καὶ
2700 4488 2856 4553 δόξης
2893 4489 3103 4560 πολλῆς,
3160 4491 3276 4541 ὅταν
3317 4484 3466 4541 οὐδὲν
3524 4486 3698 4546 αὐτοῖς
3753 4483 3923 4555 ὄφελος

568 4572 675 4628 erit
700 4572 784 4627 eis
812 4570 1029 4628 utilitas
1058 4573 1432 4644 cognitionis.
1475 4578 1747 4634 Amantis
1808 4596 1946 4638 vero
1991 4583 2216 4642 dictum

569 4664 660 4719 est
693 4683 704 4714 :
736 4660 1118 4733 Nequaquam
1131 4678 1221 4720 me
1245 4665 1496 4734 posthac
1510 4666 1800 4726 videbitis.
1833 4671 2221 4732 Vehementer

572 4750 873 4823 siquidem
894 4751 1165 4821 amabat;
1192 4769 1401 4810 verum
1432 4755 1888 4828 despiciebatur,
1916 4766 1971 4818 et
1999 4762 2219 4821 idcirco

570 4840 834 4899 maxime
858 4840 1385 4901 dolebat.Posthac
1402 4848 1601 4902 autem
1622 4846 1846 4917 dicens,
1876 4864 1997 4907 non
2024 4852 2222 4910 solum

544 4998 545 5001 η
572 4932 811 5002 tampus
833 4932 982 4990 illud
1008 4932 1378 5005 signiﬁcavit,
1407 4934 1514 4992 sed
1534 4938 1725 4993 totum
1755 4954 1945 5011 usque
1978 4941 2055 4996 ad
2085 4942 2221 4998 Pas-

2328 4594 2421 4647 τῆς
2488 4583 2831 4655 ἐπιγνώσεως.
2889 4580 3143 4654 Ἐραστοῦ
3198 4574 3257 4631 δε
3304 4580 3385 4644 τὸ,
3434 4575 3510 4629 Οὐ
3557 4580 3628 4648 μή
3668 4592 3731 4646 με
3770 4568 3919 4628 ἴδητε

2330 4675 2545 4750 ἆποίρτι,
2588 4666 2794 4746 σφόδρα
2838 4671 2928 4742 μὶν
2981 4667 3211 4744 ἐρῶντος,
3266 4665 3643 4739 ἀτιμαζομένου
3695 4657 3774 4750 δὲ,
3827 4663 3919 4712 καὶ

2332 4748 2608 4819 διὰήτοῦτο
2655 4758 3079 4835 περιαλγόῦντος.
3134 4757 3356 4830 Ἀπάρτι
3404 4751 3465 4807 δε
3521 4753 3689 4821 εἰπὼν,
3724 4748 3783 4802 οὐ
3831 4753 3926 4807 την

2332 4855 2468 4927 ὤραν
2529 4850 2722 4908 ἐκείνην
2779 4852 2937 4921 μόνην
2991 4843 3270 4913 ἐδήλωσεν,
3323 4842 3429 4898 ἀλλ’
3478 4842 3591 4897 ὅλον
3639 4843 3727 4894 τὸν
3796 4839 3933 4913 ἄχρι

2331 4949 2428 5004 τῆς
2459 4944 2800 5013 σταυρώσεως
2829 4939 3030 5010 καιρὸν,
3073 4935 3181 5010 μεθ’
3214 4936 3267 4988 ὅν
3293 4932 3387 4988 οὐκ
3435 4934 3510 4987 ἔτι
3557 4926 3698 4985 εἶδον
3746 4928 3927 4987 αὐτόν.

1776 5089 1999 5161 Variae
2037 5093 2365 5165 lectiones
2396 5101 2459 5161 et
2487 5100 2688 5159 notae.

677 5276 733 5341 7)
760 5274 862 5329 Καὶ
892 5274 998 5339 τόν,
1024 5272 1226 5330 ordine
1266 5272 1523 5341 inverso,
1557 5273 1621 5328 Β.

677 5282 707 5332 7
760 5276 862 5329 Καὶ
892 5276 998 5339 τόν,
1024 5276 1226 5330 ordine
1266 5276 1323 5330 in

651 5276 733 5419 is}
761 5349 881 5413 Καί,
904 5344 1225 5418 interponit
1251 5346 1323 5401 A.

658 5497 749 5582 (ις)¹
794 5498 1086 5582 Interpres
1126 5511 1250 5582 non
1303 5496 1457 5569 cepit
1508 5496 1854 5582 ἐπικρεμᾶσαι
1902 5506 2003 5556 τινὶ
2056 5504 2229 5579 φόϐον.

587 5567 820 5626 Redde:
843 5567 1114 5634 Quoniam
1136 5567 1403 5637 gehennae
1426 5576 1583 5626 metu
1606 5567 1813 5640 injecto
1832 5589 1925 5630 eos
1951 5567 2234 5635 non’com-

586 5646 865 5715 mouerat,
894 5640 1040 5715 quod
1062 5641 1245 5715 silicet
1266 5642 1481 5715 futura
1496 5648 1798 5715 est,gterret
1826 5660 1917 5703 eos
1954 5662 2025 5705 ac
2049 5657 2232 5707 certos

588 5712 778 5772 reddit
809 5727 845 5772 a
875 5711 1333 5772 calamitatibus.
1361 5711 1667 5773 Sententia
1692 5721 1779 5773 est
1803 5734 1815 5773 :
1846 5718 2140 5783 Quoniam
2162 5737 2234 5779 ea

2412 5281 2485 5353 (9)
2510 5278 2665 5351 Ἠξῃ,
2701 5285 2760 5336 Β.

2340 5504 2878 5588 quae‘remotasunt
2892 5500 3057 5588 haud
3078 5500 3230 5588 adeo
3248 5500 3519 5588 metuunt
3531 5494 3829 5588 homipes,
3847 5507 3952 5588 pe:

2340 5565 2540 5634 riculis
2571 5576 2779 5631 vicinis
2811 5590 2913 5630 eos
2940 5577 3133 5629 terret.
3173 5569 3668 5644 Κατασφαλίζεσθαι
3697 5565 3843 5644 h..._._
3862 5569 3954 5621 est

2342 5665 2585 5707 omnem
2604 5646 3038 5703 dubitationem
3064 5636 3386 5705 futurarum
3400 5655 3718 5717 poenarum
3744 5636 3952 5697 tollere

2341 5738 2442 5795 per
2472 5734 2680 5794 poenas
2701 5719 2970 5792 proxime
3000 5717 3251 5778 futuras.
