4170 6334
251 387 358 445 601

1208 388 1584 446 COMMENT.
1634 388 1703 443 IN
1742 385 2192 443 MATTHAEUM.
2237 417 2298 428 —-
2344 387 2504 445 CAP.
2552 388 2755 447 XXIV.

3512 380 3619 436 602

257 511 324 567 Εἰ
364 514 467 587 γὰρ
514 514 604 565 καὶ
650 511 795 584 ὤφθη
840 514 954 565 τισὶ
996 513 1127 584 μετὰ
1171 515 1265 571 τὴν
1304 511 1609 583 ἀνάστασιν,
1644 512 1753 567 ἀλλ’
1797 512 1855 566 ού

1982 512 2155 569 sionis
2179 516 2410 586 tempus
2444 528 2458 569 :
2490 516 2626 587 post
2681 511 2846 586 quod
2877 511 3137 586 amplius
3173 525 3298 568 non
3346 508 3619 566 viderunt

257 610 370 667 τοῖς
426 601 669 662 ἀπίστοις
716 597 1016 664 Ἰουδαίοις.
1063 606 1133 656 To
1187 598 1245 656 δὲ
1292 602 1643 676 Εὐλογημένος
1688 604 1715 655 ὁ
1776 603 1860 676 ἐρ-

259 697 485 766 χόμενος
543 690 591 743 ἐν
670 690 780 763 (10)
847 691 1061 764 ὀνόματι
1130 696 1345 768 Κυρίου,
1415 689 1696 749 Δαυῑδικὸν
1770 697 1859 766 μέν

262 782 425 849 ἐστιν,
476 782 778 857 ἡρμηνεύθη
834 777 894 834 δε
940 783 988 837 ἓν
1043 790 1116 854 τῷ
1171 791 1579 859 τεσσαρακοστῷ
1643 787 1858 857 πέμπτῳ

261 870 541 944 κεφαλαίῳ.

336 1052 437 1104 Καὶ
480 1077 551 1094 --
583 1049 740 1124 ἱεροῦ.
784 1048 1144 1118 Ἀκούσαντες,
1185 1049 1264 1105 ὅτι
1316 1046 1453 1105 Ἰδοὺ
1497 1049 1699 1124 ἀφίεται
1740 1052 1861 1125 ὑμῖν

256 1140 286 1193 ὁ
320 1135 462 1201 οἶκος
492 1138 634 1210 ὑμῶν
659 1137 773 1209 (Η)
817 1140 1029 1213 ἔρημος,
1061 1137 1383 1212 ἐθαύμασαν,
1413 1141 1458 1193 εἰ
1484 1147 1716 1205 τοιοῦτος
1745 1144 1862 1201 ναὸς

261 1228 681 1303 ἒρημωθήσεται’
717 1223 801 1281 διὸ
835 1232 925 1280 καὶ
949 1228 1245 1300 προσῆλθον
1284 1226 1540 1297 ἐπιδεῖξαι
1585 1231 1725 1303 αύτῷ
1767 1233 1861 1295 τὰς

261 1313 551 1391 οἰκοδομὰς
579 1324 671 1371 τοῦ
702 1318 861 1394 ἱεροῦ,
888 1318 958 1383 ὡς
979 1319 1309 1396 θαυμαστάς.

335 1494 392 1547 ὀ
441 1491 503 1549 δὶ
561 1494 768 1558 Ἰησοῦς
827 1526 896 1537 -
956 1496 1395 1557 καταλυθήσεται.
1455 1498 1655 1573 Ἐρωτᾷ
1711 1505 1859 1573 πρῶ-

260 1602 349 1638 τον
395 1584 600 1645 αύτούς·
643 1585 720 1638 Ού
767 1584 979 1659 βλέπετε
1022 1593 1188 1640 ταῦτα
1223 1589 1391 1641 πάντα
1435 1591 1503 1641 τὰ
1544 1589 1857 1661 θαυμαστά;

263 1669 378 1727 εἶτα
440 1682 794 1749 προαναφωνεῐ
856 1678 943 1729 τὸν
1006 1676 1209 1752 ὄλεθρον
1281 1677 1469 1745 αὐτῶν,
1536 1682 1626 1731 καὶ
1689 1678 1861 1731 οὐκέτι

264 1762 445 1816 λοιπὸν
503 1768 620 1838 περὶ
667 1763 992 1840 έρημώσεως,
1043 1762 1170 1819 ἀλλὰ
1228 1771 1343 1843 περὶ
1397 1766 1671 1829 παντελοῦς
1730 1767 1858 1840 ἁφα-

1969 617 2127 660 eum.
2157 605 2506 676 Quanquam
2551 602 2710 659 enim
2740 602 2903 659 visus
2932 607 3020 659 est
3069 600 3433 674 quibusdam
3484 599 3618 670 post

1967 693 2478 760 resurrectionem,
2511 697 2573 748 at
2592 707 2710 748 non
2730 691 3065 748 inﬁdelibus
3081 690 3315 747 Judaeis.
3341 688 3510 755 Quod
3526 704 3619 745 ve-

1967 795 2031 837 ro
2058 780 2298 837 additur
2325 799 2338 837 :
2370 782 2710 838 Benedictus
2738 782 2841 854 qui
2865 782 3024 839 venit
3047 781 3111 836 in
3160 781 3394 836 nomine
3429 777 3619 834 Domi-

1968 870 2054 939 ni,
2107 870 2454 926 Davidicum
2484 875 2590 936 est,
2633 874 2690 926 et
2744 871 2873 941 ejus
2928 871 3066 926 data
3104 874 3194 925 est
3219 866 3617 940 interpretatio

1969 958 2438 1035 quadragesimo
2475 959 2687 1033 quinto
2716 960 2935 1032 capite.

2043 1052 2180 1123 Cap.
2214 1050 2409 1108 XXIV.
2445 1051 2611 1107 Vers.
2665 1050 2716 1104 1.
2756 1050 2833 1105 Et
2857 1078 2925 1089 —
2971 1045 3190 1117 templi.
3226 1047 3373 1102 Cum
3426 1045 3621 1101 audis-

1970 1144 2099 1197 sent
2129 1156 2143 1198 :
2170 1141 2323 1197 Ecce
2341 1140 2706 1212 relinquitur
2726 1138 2879 1196 vobis
2906 1138 3117 1194 domus
3141 1143 3332 1193 vestra
3362 1136 3618 1203 deserta,

1970 1230 2427 1288 admirabantur
2450 1230 2500 1286 si
2529 1230 2638 1287 tale
2679 1228 2966 1301 templum
2992 1225 3385 1284 desolandum
3417 1229 3573 1280 esset
3602 1238 3617 1279 :

1969 1323 2026 1379 et
2048 1320 2182 1377 ideo
2204 1324 2576 1376 accesserunt
2592 1318 3047 1376 utostenderent
3066 1316 3120 1373 ei
3137 1318 3462 1373 structuras
3475 1317 3623 1370 temo

1969 1410 2047 1484 pli
2076 1414 2355 1483 tanquam
2374 1409 2786 1466 admirandas.

2040 1500 2207 1557 Vers.
2242 1505 2294 1556 2.
2326 1501 2490 1557 Jesus
2506 1507 2699 1557 autem
2727 1530 2797 1539 —
2819 1496 3121 1554 diruatur.
3156 1496 3482 1564 lnterrogat
3504 1493 3619 1565 pri-

1969 1605 2138 1645 mum
2164 1604 2267 1645 eos
2294 1608 2312 1661 ;
2341 1592 2505 1645 Nunc
2532 1588 2662 1644 haec
2701 1587 2903 1644 omnia
2933 1584 3143 1642 videtis
3176 1587 3297 1641 tam
3323 1581 3623 1640 admiran-

1968 1679 2049 1736 da
2071 1680 2099 1735 ‘l
2135 1678 2355 1735 Deinde
2380 1676 2645 1749 prmdicit
2691 1692 2901 1733 eorum
2953 1674 3379 1747 perditionem:
3412 1678 3469 1728 et
3494 1672 3622 1743 jam

1968 1784 2092 1825 non
2129 1767 2390 1841 amplius
2418 1767 2493 1823 de
2522 1766 2901 1833 desolatione,
2921 1765 3027 1821 sed
3053 1765 3122 1821 de
3147 1762 3498 1821 omnimoda
3528 1763 3625 1817 de-

266 1859 459 1925 νισμοῦ
516 1856 843 1928 προφητεύει.
898 1856 1111 1929 Μάρκος
1163 1852 1224 1910 δέ
1273 1877 1452 1929 φησιν,
1497 1858 1573 1910 ὅτι
1631 1861 1732 1913 Καὶ
1782 1855 1860 1911 έκ-

1982 1857 2273 1915 molitione
2297 1857 2627 1929 prophetat.
2660 1857 2888 1911 Marcus
2934 1860 3135 1910 autem
3157 1853 3338 1908 dicit:
3365 1854 3444 1909 Et
3473 1865 3627 1923 egre-

267 1946 614 2017 πορευομένου
679 1942 835 1997 αὑτοῦ
896 1942 950 1997 ἐκ
1008 1952 1098 1997 τοῦ
1168 1947 1322 2021 ἱεροῦ,
1389 1946 1525 2019 λέγει
1583 1946 1724 2017 αὐτῷ
1790 1946 1862 2007 εἷς

266 2038 369 2084 τῶν
427 2033 674 2103 μαθητῶν
723 2032 901 2088 αὐτοῦ.
935 2030 1246 2101 Διδάσκαλε,
1304 2031 1408 2104 ἴδε,
1464 2040 1690 2089 ποταποὶ
1728 2035 1864 2088 λίθοι

267 2124 359 2173 καὶ
411 2124 644 2173 ποταπαὶ
703 2119 1002 2194 οἰκοδομαί.
1070 2122 1128 2175 Ὀ
1169 2120 1228 2176 δὲ
1290 2124 1497 2186 Ἰησοῦς
1565 2122 1864 2199 ἀποκριθεὶς

267 2207 404 2264 εἶπεν
458 2210 616 2282 αύτῷ·
686 2210 889 2273 Βλέπεις
947 2214 1140 2274 ταύτας
1203 2216 1297 2275 τὰς
1360 2214 1588 2287 μεγάλας
1645 2210 1864 2267 αὶκοδο-

266 2301 409 2373 μάς;
458 2299 534 2353 Οὐ
586 2303 655 2373 μὴ
710 2301 871 2375 ἀφεθῇ
923 2300 1064 2365 λίθος
1125 2301 1207 2356 ini
1255 2302 1382 2376 λίθῳ
1429 2305 1485 2367 ὃς
1534 2304 1592 2356 ού
1644 2308 1715 2376 μὴ
1774 2322 1866 2355 κα-

262 2390 483 2462 ταλυθῇ.
532 2396 575 2443 Ο
632 2385 692 2443 δὲ
742 2395 951 2453 Λουκᾶς
997 2391 1236 2465 ἔγραψεν,
1286 2394 1366 2445 ὃτι
1419 2397 1521 2447 Καί
1575 2413 1723 2447 τινων
1779 2393 1865 2448 λε-

262 2482 459 2551 γόντων
515 2483 634 2553 περὶ
679 2486 771 2534 τοῦ
841 2482 979 2554 ἱεροῦ
1042 2482 1123 2535 ὅτι
1151 2480 1310 2544 λίθοις
1374 2482 1548 2547 καλοῖς
1600 2489 1690 2536 καὶ
1738 2482 1867 2536 ἀνα-

270 2570 474 2641 θήμασι
563 2572 906 2642 κεκόσμηται,
1006 2567 1130 2624 εἷπε·
1211 2577 1405 2638 Ταῦτα,
1490 2572 1525 2625 ά
1614 2575 1863 2647 θεωρεῖτε,

270 2656 563 2713 ἐλεύσονται
623 2660 833 2733 ἡμέραι,
920 2657 970 2711 έν
1054 2659 1136 2722 αἷς
1194 2660 1289 2713 οὐκ
1349 2660 1663 2734 ἀφεθήσεται
1730 2661 1869 2723 λίθος

271 2748 355 2801 ἓπὶ
400 2746 527 2821 λίθῳ
575 2749 629 2810 ὅς
676 2747 735 2800 ού
783 2747 1222 2808 καταλυθήσεται.
1277 2755 1378 2804 Καὶ
1424 2753 1524 2826 γὰρ
1570 2750 1866 2825 προσῆλθον

270 2839 360 2911 μὶν
417 2838 467 2890 οἱ
506 2839 739 2910 μαθηταὶ
788 2838 976 2901 πάντες
1026 2836 1284 2902 ἐπιδεῖξαι
1330 2839 1472 2911 αύτῷ
1518 2844 1605 2902 τὰς
1657 2838 1867 2895 οἰκοδο-

270 2928 393 2999 μάς·
458 2934 609 2979 τινῶν
661 2922 720 2979 δὶ
784 2925 836 2990 ἐξ
894 2927 1058 2980 αὐτῶν
1115 2927 1359 3000 λεγόντων
1406 2935 1525 3004 περὶ
1576 2938 1667 2984 τοῦ
1729 2933 1866 3004 ἱεροῦ

273 3014 391 3069 καθ’
443 3013 676 3079 έαυτοὺς,
733 3016 814 3069 ὅτι
868 3015 1032 3079 λίθοις
1080 3017 1257 3079 καλοῖς
1307 3024 1396 3071 καὶ
1445 3018 1748 3092 ἀναθήμασι
1788 3039 1868 3073 κε-

272 3108 560 3176 κόσμηται,
615 3104 682 3165 εἷς
729 3112 825 3158 τῶν
867 3107 1115 3178 μαθητῶν
1161 3105 1267 3160 εἶπε
1300 3116 1372 3178 τῷ
1418 3113 1654 3183 Χρίστῷ,
1708 3106 1868 3163 Διδά-

270 3193 448 3264 σκαλε,
511 3189 609 3265 ἴδε,
672 3200 898 3248 ποταποὶ
947 3194 1084 3249 λίθοι
1135 3200 1225 3249 καὶ
1281 3203 1513 3251 ποταπαὶ
1566 3195 1864 3271 οἱκοδομαι*

271 3285 298 3336 ό
347 3279 407 3336 δὲ
453 3288 542 3336 καὶ
589 3286 716 3359 πρὸς
758 3284 912 3338 αὐτὸν
958 3289 1047 3338 καὶ
1098 3289 1229 3362 πρὸς
1283 3291 1402 3352 τοὺς
1447 3287 1630 3350 ἄλλους
1673 3289 1871 3350 πάντας

274 3368 427 3436 εἶπεν,
461 3372 497 3424 ά
526 3368 653 3428 εἷπε.

346 3464 577 3532 Λέγουσι
629 3458 689 3515 δέ
745 3482 891 3529 τινες,
948 3465 1029 3518 ὅτι
1080 3470 1169 3519 καὶ
1224 3468 1327 3535 μὴν
1376 3468 1424 3519 ἓν
1476 3486 1589 3520 τισι
1640 3467 1867 3541 μερίσιν,

277 3546 460 3621 ἀφείθη
509 3549 646 3613 λίθος
702 3550 786 3605 ἐπὶ
854 3553 1001 3625 λίθῳ,
1049 3553 1100 3614 ὃς
1160 3558 1220 3607 οὐ
1263 3555 1538 3614 κατελύθη.
1601 3559 1735 3631 Πρὸς
1788 3556 1872 3616 ούς

276 3636 620 3712 ἀντιλέγομεν,
654 3641 734 3693 ὃτι
776 3644 840 3695 τὰ
882 3639 1250 3715 ἕπιδειχθέντα
1298 3646 1485 3711 πάντα,
1527 3649 1594 3698 τὰ
1625 3644 1872 3710 ἀξιοθαύ-

278 3748 459 3800 μαστα
521 3732 687 3801 μέχρι
734 3731 973 3804 θεμελίων
1031 3732 1386 3792 κατελύθησαν
1452 3736 1587 3788 κατὰ
1631 3739 1724 3794 τὴν
1792 3731 1876 3787 δε-

282 3821 539 3876 σποτικὴν
586 3816 865 3892 ἀπόφασιν,
923 3821 1054 3876 ἀλλὰ
1081 3828 1192 3890 καὶ,
1251 3827 1296 3877 εἰ
1322 3845 1374 3878 τι
1415 3823 1649 3896 λείψανον
1688 3823 1870 3898 ἀφείθη

275 3909 424 3982 παρὰ
466 3906 744 3981 Ῥωμαίων,
809 3916 899 3966 καὶ
961 3920 1112 3966 τοῦτο
1171 3917 1315 3989 παρὰ
1378 3921 1478 3967 τῶν
1516 3914 1728 3989 ὕστερον
1785 3935 1875 3968 κα-

277 3996 546 4065 ταλύεται,
571 4000 700 4072 πρὸς
733 3997 1011 4075 οἰκοδομὰς
1030 4002 1206 4077 ἑτέρας
1230 4007 1633 4079 μεταφερόμενον
1666 4005 1799 4078 (12).

626 4187 769 4237 ΚΕΦ.
796 4180 914 4237 ΝΖ.
946 4186 1071 4256 Περὶ
1102 4190 1196 4245 τῆς
1223 4182 1533 4247 συντελείας.

355 4270 658 4343 Καθημένου
713 4301 781 4313 -
844 4272 1065 4337 αἰῶνος;
1132 4272 1191 4325 ⁸0
1241 4269 1300 4327 δε
1346 4277 1555 4349 Μάρκος
1622 4272 1729 4329 εἶπε
1784 4280 1874 4328 καὶ

278 4361 347 4411 τὰ
402 4359 631 4432 ὀνόματα
678 4368 778 4415 τῶν
827 4363 1213 4437 ἑρωτησάντων,
1267 4365 1349 4416 ὅτι
1398 4369 1590 4440 Πέτρος
1629 4370 1719 4419 καὶ
1768 4366 1876 4419 Ἰά-

278 4448 444 4512 κωϐος
492 4455 581 4503 καὶ
650 4451 890 4513 Ἰωάννης
951 4456 1040 4504 καὶ
1099 4448 1366 4526 Ἀνδρέας.
1432 4455 1732 4527 Προσῆλθον
1787 4458 1876 4527 μὲν

278 4541 379 4614 γὰρ
426 4540 786 4612 μαθησόμενοι
841 4542 1044 4603 πάντες
1096 4541 1376 4613 ἠρώτησαν
1408 4539 1467 4595 δε
1511 4546 1559 4598 οἱ
1604 4548 1875 4617 τέσσαρες,

279 4631 349 4690 ὡς
390 4628 604 4682 πλείονα
647 4629 948 4705 παῤῥησίαν
1003 4632 1229 4702 ἔχοντες.
1265 4631 1530 4704 Ἐρωτῶσι
1565 4629 1644 4700 δὲ,
1697 4632 1881 4705 γλιχό-

282 4737 425 4790 μενοι
470 4721 653 4791 μαθεῖν
710 4719 769 4772 ού
816 4726 1066 4774 τοσοῦτον
1122 4724 1238 4796 περὶ
1304 4728 1394 4774 τοῦ
1446 4718 1739 4794 ἀφανισμοῦ
1789 4729 1879 4775 τοῦ

366 4895 412 4929 ³¹
436 4894 613 4952 Mare.
643 4911 767 4968 xm,
801 4902 850 4964 l,
881 4899 935 4957 2.
1041 4903 1087 4937 ³³
1114 4900 1251 4957 Luc.
1284 4915 1406 4967 ιιι,
1438 4903 1489 4955 5-

1969 1949 2159 2005 diente
2183 1962 2243 2003 eo
2272 1947 2340 2002 de
2369 1948 2584 2017 templo
2604 1946 2750 2001 dicit
2768 1946 2822 2001 ei
2862 1959 3013 1999 unus
3032 1944 3453 2012 discipulorum
3502 1955 3626 1995 suo-

1970 2052 2101 2093 rum
2135 2056 2148 2095 :
2180 2037 2517 2106 Praeceptor,
2542 2034 2673 2091 vide
2692 2033 2895 2105 quales
2918 2033 3165 2101 lapides,
3200 2037 3250 2087 et
3267 2029 3457 2101 quales
3473 2033 3625 2084 stru-

1973 2132 2173 2184 cturae.
2205 2125 2361 2180 Iesus
2391 2130 2584 2180 autem
2606 2123 2964 2192 respondens
3013 2121 3097 2177 ait
3118 2120 3256 2175 illi:
3298 2118 3461 2175 Vides
3504 2132 3628 2175 ma-

1970 2230 2112 2288 gnas
2169 2214 2276 2270 has
2304 2212 2768 2270 substructiones
2806 2210 2834 2266 ‘i
2879 2210 3013 2266 Non
3057 2209 3423 2281 relinquetur
3477 2206 3627 2275 lapis

1972 2319 2142 2377 super
2165 2302 2418 2372 tapidem
2446 2302 2552 2375 qui
2571 2318 2685 2357 non
2706 2299 2993 2356 diruatur
3011 2299 3078 2354 ³³.
3108 2300 3295 2354 Lucas
3323 2311 3460 2352 vero
3488 2294 3626 2351 scri-

1973 2394 2092 2468 psit
2126 2411 2139 2450 :
2170 2395 2246 2450 Et
2270 2392 2601 2465 quibusdam
2622 2389 2940 2447 dicentibus
2969 2389 3039 2444 de
3062 2388 3293 2458 templo,
3325 2385 3477 2457 quod
3492 2385 3629 2454 pul-

1973 2483 2134 2541 chris
2177 2481 2464 2551 lapidibus
2493 2486 2547 2537 et
2571 2481 2736 2536 donis
2774 2484 3056 2534 ornatum
3100 2482 3263 2541 esset,
3292 2474 3449 2530 dixit
3479 2490 3495 2529 :
3526 2474 3627 2529 Ex

1976 2575 2066 2631 his
2094 2587 2222 2645 qua
2246 2572 2454 2629 videtis
2483 2569 2714 2627 venient
2742 2568 2860 2624 dies
2884 2566 3124 2640 quando
3152 2580 3268 2622 non
3310 2564 3629 2635 reliquetur

1979 2662 2129 2733 lapis
2144 2676 2321 2731 super
2353 2660 2608 2729 lapidem
2631 2660 2737 2731 qui
2763 2673 2884 2714 non
2909 2657 3187 2713 diruatur
3214 2658 3281 2710 ³³.
3315 2652 3629 2725 Siquidem

1975 2755 2350 2810 accesserunt
2396 2747 2676 2820 discipuli
2742 2762 2975 2811 omnes,
3027 2750 3089 2802 ut
3143 2742 3524 2801 ostenderent
3578 2741 3631 2798 ei

1977 2846 2302 2899 structuras
2326 2857 2338 2898 :
2379 2839 2750 2913 quibusdam
2783 2842 2982 2893 autem
3011 2834 3340 2892 dicentibus
3360 2832 3525 2905 apud
3544 2845 3631 2888 se-

1976 2948 2042 2988 se
2071 2932 2145 2988 de
2172 2930 2411 3003 templo,
2442 2929 2608 3002 quod
2637 2926 2901 3000 pulchris
2920 2925 3221 2997 lapidibus
3247 2923 3327 2981 ad
3342 2922 3516 2979 donis
3540 2934 3633 2977 or-

1974 3026 2187 3079 natum
2216 3024 2393 3089 esset,
2414 3035 2570 3074 unus
2600 3016 3033 3090 discipulorum
3059 3015 3139 3071 ait
3169 3013 3398 3069 Christo
3432 3030 3446 3071 :
3472 3012 3629 3069 Prte-

1977 3118 2187 3184 ceptor,
2211 3110 2344 3167 vide
2370 3109 2568 3181 quales
2601 3106 2825 3177 lapides
2869 3111 2923 3162 et
2969 3105 3167 3175 quales
3193 3108 3517 3159 structum.
3560 3101 3633 3157 At

1904 3228 1944 3286 ρ
1978 3200 2070 3257 ille
2097 3200 2273 3257 etiam
2303 3199 2379 3255 ad
2407 3203 2655 3256 caeteros
2679 3210 2892 3254 omnes
2918 3194 3062 3250 dixit
3086 3208 3159 3249 ea
3206 3208 3342 3265 quin
3388 3204 3632 3263 respon-

1975 3289 2080 3346 dit.

2048 3467 2224 3524 Aiunt
2253 3468 2453 3523 autem
2482 3462 2731 3538 quidam
2761 3479 2772 3518 :
2800 3461 2976 3535 Atqui
3014 3460 3075 3516 in
3118 3459 3210 3516 his
3236 3475 3384 3531 quos
3411 3457 3635 3529 signiﬁ-

1978 3557 2134 3616 cavit
2161 3557 2374 3613 diebus
2415 3555 2654 3611 relictus
2696 3557 2783 3609 est
2812 3552 2965 3624 lapis
3008 3565 3187 3623 super
3220 3548 3484 3622 lapidem
3536 3547 3635 3619 qui

1978 3663 2099 3705 non
2129 3652 2216 3703 est
2253 3647 2504 3701 dirutus.
2539 3643 2764 3710 Quibus
2794 3642 3252 3714 respondemus,
3307 3638 3472 3711 quod
3509 3653 3636 3693 om-

1978 3738 2081 3795 nia
2108 3753 2243 3810 quae
2272 3736 2684 3792 demonstrata
2722 3737 2878 3798 sunt,
2912 3736 2969 3788 et
3011 3729 3403 3786 admiratione
3453 3726 3637 3797 digna

1980 3830 2166 3893 erant,
2198 3840 2390 3898 usque
2410 3824 2489 3880 ad
2514 3822 2901 3879 fundamenta
2926 3820 3129 3879 diruta
3160 3822 3299 3874 sunt
3332 3818 3502 3889 juxta
3528 3818 3635 3873 Do-

1980 3916 2128 3973 mini
2156 3915 2531 3971 sententiam.
2575 3912 2744 3978 Quod
2802 3910 2853 3967 si
2901 3909 3047 3984 quid
3085 3908 3284 3966 adhuc
3331 3906 3637 3963 residuum

1982 4023 2019 4063 a
2048 4004 2327 4063 Romanis
2354 4002 2626 4059 relictum
2666 4004 2775 4067 est,
2820 3999 3000 4057 etiam
3039 3999 3154 4055 hoc
3197 4014 3235 4054 a
3260 3995 3513 4070 posteris
3551 3993 3637 4051 di-

1981 4096 2189 4162 ruitur,
2217 4097 2284 4150 ut
2306 4093 2385 4149 ad
2413 4091 2560 4148 alias
2582 4095 2911 4147 structuras
2942 4087 3350 4145 transferatur.

2303 4180 2461 4237 CAP.
2494 4180 2649 4236 LVII.
2695 4181 2781 4235 De
2808 4174 3313 4234 consummatione.

2058 4273 2222 4330 Vers.
2241 4272 2293 4327 3.
2317 4270 2547 4326 Sedente
2566 4270 2855 4327 —soeculi
2874 4269 2902 4323 ἵ
2924 4270 3153 4323 Marcus
3174 4269 3370 4321 autem
3391 4262 3640 4319 nomina

1982 4379 2223 4436 quoque
2234 4360 2599 4417 dixiteorum
2621 4359 2723 4432 qui
2736 4360 3255 4427 interrogaverunt
3274 4372 3285 4409 :
3301 4356 3538 4423 jPetrus,
3557 4352 3643 4407 in-

1984 4453 2126 4526 quit,
2159 4459 2210 4507 et
2248 4450 2519 4519 Iacobus,
2550 4451 2801 4505 Joannes
2829 4454 2878 4503 et
2910 4446 3181 4502 Andreas
3205 4445 3272 4500 3‘.
3308 4446 3526 4500 Omnes
3570 4441 3642 4497 si-

1985 4541 2234 4614 quidem
2279 4542 2660 4595 accesserunt
2716 4541 2780 4593 ut
2803 4535 3100 4592 discerent
3132 4557 3143 4600 ;
3173 4534 3232 4589 hi
3264 4538 3463 4588 autem
3496 4546 3644 4602 qua-

1991 4636 2122 4705 tuor
2146 4630 2677 4700 inierrogaverunt,
2697 4630 2899 4697 utpote
2922 4625 3215 4694 majorem
3259 4622 3549 4676 habentes
3576 4619 3643 4673 ﬁ-

1989 4721 2251 4779 duciam.
2285 4721 2654 4787 lnterrogant
2682 4720 2885 4772 autem
2915 4727 3039 4769 non
3072 4715 3306 4768 tantum
3337 4709 3412 4766 de
3438 4705 3645 4777 templi

1596 4898 1641 4934 ³⁵
1673 4898 1855 4956 Mare.
1886 4914 2001 4964 xm,
2030 4903 2081 4955 3.

1534 5075 2099 5147 Variaelectiones
2121 5082 2399 5142 etnotae.

389 5270 476 5346 10)
516 5269 597 5346 Εν
624 5268 835 5345 ὀνόματι
867 5280 1084 5346 Κυρίου,
1110 5272 1328 5332 omittit
1354 5274 1422 5331 A.

388 5342 474 5414 ll)
515 5342 717 5416 frudi»;
743 5342 1049 5407 omittitA-

387 5416 475 5497 l3)
513 5415 793 5497 Postista
822 5417 883 5473 in
915 5415 1428 5497 marginecodieis
1451 5416 1498 5471 A
1530 5432 1573 5497 a
1592 5432 1779 5497 manu
1795 5432 1887 5497 re-

284 5485 529 5563 ce_nt_i0ri
559 5486 766 5563 addita
796 5497 935 5549 sunt
962 5485 1090 5549 hml:
1139 5506 1151 5545 ζ
1187 5493 1480 5562 Γέγραπται
1529 5485 1605 5563 δὲ,
1649 5490 1746 5563 ὅτι,
1786 5487 1884 5563 βα-

287 5556 572 5635 σιλεύοντος
625 5558 907 5635 Ἱουλιανοῦ
962 5572 1054 5616 τοῦ
1108 5556 1548 5635 τρισκαταράτομ,
1590 5556 1683 5614 καὶ
1726 5556 1887 5614 ἀπελ-

291 5630 461 5691 θόντος
522 5631 589 5691 εἰς
628 5632 981 5706 ΔἈντιόχειαν
1045 5630 1202 5706 θύσαι
1258 5630 1375 5694 τοῖς
1434 5630 1664 5694 εἰδώλοις
1716 5632 1767 5706 έν
1813 5640 1886 5705 τῷ

291 5709 438 5780 σηκῷ
493 5710 596 5780 τοῦ.
628 5701 966 5780 uigenti)“,
1017 5705 1304 5780 προσῆλθεν
1337 5706 1484 5780 αὐτῇ
1534 5707 1559 5756 ὁ
1598 5714 1697 5758 τῶν
1756 5701 1888 5758 Ἰουὲ

294 5768 457 5826 δαίων
512 5773 652 5843 λαὸς,
708 5768 1073 5857 θυσωπούντες
1119 5776 1273 5837 αὐτόν
1320 5780 1408 5832 καὶ
1449 5768 1705 5851 δεόμενοι,
1749 5777 1919 5842 ὅπως

1993 5271 2245 5346 ἐπιτρέψη
2275 5270 2532 5346 ἀνεγεῖραι
2560 5268 2866 5346 τόνὶίαυτῷν
2891 5265 3030 5346 ναόν,
3046 5262 3073 5315 ὃ
3087 5265 3176 5315 καὶ
3194 5264 3417 5346 ’γέγμονενέ
3434 5259 3649 5336 ’Δρξάν-

1994 5364 2094 5429 τῳν
2112 5333 2303 5433 deum
2341 5333 2771 5433 τρισκαταράτων
2814 5333 3082 5392 Ἰουδαίων
3119 5333 3216 5388 των
3263 5333 3515 5433 ’θεμελίων
3558 5341 3651 5395 τῆς

1995 5413 2300 5489 οἰκοδομῆς,
2360 5405 2399 5467 ὦ
2419 5424 2539 5489 ,τῶν
2564 5405 2834 5489 κριμάτων
2884 5415 3001 5464 τοῦ.
3024 5452 3038 5489 τ
3060 5450 3073 5466 .
3096 5452 3107 5464 .
3131 5452 3143 5464 .
3166 5449 3179 5462 .
3200 5449 3215 5463 .
3263 5405 3440 5489 Ἰησοῦ
3498 5406 3511 5462 l
3543 5412 3647 5489 πῦρ

1997 5476 2207 5559 ἐξελθὸν,
2249 5476 2348 5540 τῶν
2408 5476 2667 5559 θεμελίωνξ
2733 5481 2902 5558 ἄρδην
2964 5482 3169 5559 πάντας.
3198 5482 3544 5559 κατίοι-αμσεζ.
3582 5476 3650 5527 τά

1995 5550 2048 5613 τε
2081 5558 2285 5632 θεμέλια
2313 5563 2403 5611 καὶ
2451 5550 2565 5632 τούς
2618 5550 3079 5632 ἐπιχειρήσαντας.
3129 5550 3318 5632 Caret_
3348 5551 3441 5606 his
3501 5550 3650 5628 Hen-

1999 5617 2189 5762 tenigs
2237 5632 2441 5690 etiam.
2480 5617 2762 5689 Narratur
2788 5617 2917 5686 haec
2955 5641 3049 5685 res
3083 5641 3120 5683 a
3148 5621 3417 5699 pluribus
3469 5617 3645 5690 scrip-

2020 5719 2108 5761 or1
2156 5720 2240 5761 us.

1997 5710 2240 5761 toribus.
