4170 6334
567 335 674 391 603

1888 327 2234 384 EUTHYMII
2276 327 2608 385 ZIGABENI

3853 327 3978 384 604

565 458 895 514 vastatione
923 455 1152 512 discere
1181 456 1508 529 cupientes,
1539 459 1828 527 quantum
1845 455 1920 511 de
1951 457 2218 526 tempore

2337 461 2466 521 ναοῦ,
2513 456 2633 507 ὅσον
2667 457 2786 528 περὶ
2821 460 2913 506 τοῦ
2965 460 3151 529 καιροῦ
3207 461 3299 515 τῆς
3341 449 3582 526 δευτέρας
3632 457 3974 528 παρουσίας

568 547 816 604 secundi
837 546 1128 602 adventus
1155 547 1285 618 ejus
1318 563 1334 614 ;
1365 545 1499 601 ideo
1529 545 1707 601 etiam
1735 544 1981 600 seorsim
2013 559 2218 599 acces-

567 641 769 692 serunt
806 652 879 691 ne
907 635 1129 691 Judaeis
1156 636 1271 691 hoc
1297 635 1680 692 manifestum
1707 634 1890 690 fieret.
1929 634 2048 689 Sed
2077 635 2216 688 Mat-

568 727 756 782 theeus
782 725 904 781 duo
932 726 1056 780 haec
1078 741 1179 781 eos
1197 726 1592 793 interrogasse
1623 724 1779 790 dicit,
1808 727 1953 794 puta
1983 740 1996 777 :
2027 723 2217 789 Quan-

568 817 642 872 do
683 816 809 872 hwc
839 822 1008 872 erunt
1038 816 1066 870 ‘I
1095 832 1231 887 quae
1256 814 1528 870 videlicet
1558 814 1632 869 de
1661 813 1868 885 templi
1915 813 2221 868 eversione

569 905 766 961 dixisti
797 924 809 972 ;
843 909 900 959 et
939 905 1101 970 Quod
1118 905 1334 976 signum
1363 905 1642 960 adventus
1672 904 1757 958 tui
1781 910 1834 959 et
1855 917 2224 958 consumma-

568 996 743 1051 tionis
766 995 975 1053 διεσαιί
999 1000 1023 1045 ‘I
1047 996 1276 1050 Marcus
1312 1009 1454 1050 vero
1476 994 1715 1049 unicam
1755 992 1938 1047 fuisse
1967 991 2110 1047 dicit
2138 991 2224 1046 in-

566 1084 1046 1156 terrogationem,
1074 1083 1148 1138 de
1178 1084 1403 1155 templo
1431 1082 1648 1138 solum.
1673 1080 1769 1136 Ait
1793 1081 1986 1136 enim:
2021 1080 2108 1135 die
2126 1095 2226 1135 no-

555 1174 657 1230 :bis
676 1174 910 1244 quando
930 1174 1048 1229 hcec
1064 1181 1258 1242 erunt,
1282 1179 1335 1229 et
1379 1173 1538 1243 quod
1555 1173 1786 1242 signum
1815 1170 2048 1242 quando
2109 1169 2224 1224 haec

569 1263 763 1318 omnia
790 1261 1244 1318 consummando
1267 1268 1406 1317 sunt
1429 1263 1476 1296 ³⁵
1496 1267 1520 1312 ?
1545 1259 1822 1315 Similiter
1858 1264 2056 1315 autem
2089 1258 2226 1313 scri-

569 1351 688 1423 psit
716 1355 773 1406 et
792 1352 977 1406 Lucas
1004 1351 1071 1405 35.
1129 1350 1280 1415 Quid
1319 1366 1461 1420 ergo
1508 1349 1828 1405 dicendum
1866 1354 2004 1404 est?
2052 1347 2226 1413 Quod

567 1455 691 1496 una
701 1440 947 1511 quidem
972 1438 1083 1494 fuit
1101 1440 1505 1510 interrogatio,
1541 1439 1687 1494 sicut
1703 1439 2065 1510 scripserunt
2084 1436 2223 1491 Mar-

571 1545 672 1585 cus
701 1533 756 1584 et
777 1529 988 1583 Lucas.
1022 1528 1269 1583 Intentio
1301 1532 1495 1584 autem
1520 1528 1948 1599 discipulorum
1989 1530 2134 1591 erat,
2163 1529 2226 1580 ut

570 1617 644 1673 de
673 1617 764 1672 his
794 1617 1028 1672 duobus
1048 1617 1325 1672 certiores
1365 1617 1572 1672 ﬁerent
1605 1633 1617 1670 :
1645 1620 1791 1687 puta
1820 1616 1894 1671 de
1924 1615 2226 1671 eversione

569 1705 776 1778 templi
801 1709 856 1762 et
877 1705 950 1761 de
972 1705 1238 1762 secundo
1259 1705 1469 1762 Christi
1498 1705 1771 1762 adventu.
1815 1705 2225 1762 Existimantes

2325 542 2505 595 αὐτοῦ.
2562 547 2649 596 Διὸ
2693 549 2782 596 καὶ
2828 544 2942 596 κατ’
2986 541 3125 596 ἰδίαν
3155 543 3474 619 προσῆλθον,
3526 545 3609 595 ἶνα
3659 547 3740 616 μὴ
3800 551 3975 596 τοῦτο

2323 639 2430 694 τοῖς
2508 629 2788 695 Ἰουδαίοις
2832 635 3088 686 ἔκπυστον
3143 637 3376 704 γένηται.
3435 631 3592 686 Ἀλλὰ
3653 635 3973 696 ΙιῙατθοιίος

2327 726 2417 794 μέν
2448 743 2626 793 φησιν,
2677 723 2860 784 αὐτοὺς
2913 719 3009 775 δύο
3052 730 3216 775 ταῦτα
3245 721 3526 795 ἐρωτῆσαι,
3580 726 3718 775 Πότε
3784 730 3978 775 ταῦτα

2329 811 2497 877 ἔσται,
2555 808 2788 878 δηλαδὴ,
2844 814 2909 864 τὰ
2954 819 3046 864 τοῦ
3075 819 3200 864 ναοῦ
3231 819 3326 872 τῆς
3375 811 3492 883 (i3)
3536 820 3970 885 καταστροφῆς,

2329 904 2438 964 καὶ,
2497 904 2561 952 Τί
2615 905 2672 952 τὸ
2730 909 2942 973 σημεῖον
2999 908 3095 962 τῆς
3163 909 3263 963 σῆς
3312 905 3626 974 παρουσίας,
3683 905 3794 952 καὶ
3868 909 3975 962 τῆς

2334 987 2626 1051 συντελείας
2665 997 2754 1042 τοῦ
2796 990 2998 1052 αἰῶνος·
3055 991 3082 1041 6
3131 986 3191 1042 δὲ
3245 993 3455 1064 Μάρκος
3511 990 3559 1042 ἓν
3618 988 3764 1041 εἶναι
3827 989 3971 1062 λέγει

2329 1080 2388 1128 τὸ
2439 1077 2700 1152 ἐρώτημα,
2766 1084 2884 1153 περὶ
2939 1086 3030 1132 τοῦ
3087 1086 3212 1131 ναοῦ
3273 1083 3446 1151 μόνον.
3499 1077 3756 1151 Ἔγραψε
3829 1081 3968 1154 γὰρ⁹

2313 1166 2457 1220 Ἐἰπὲ
2499 1169 2644 1239 ἡμῖν,
2702 1173 2826 1222 πότε
2875 1176 3042 1220 ταῦτα
3093 1171 3263 1235 ἔσται,
3311 1173 3400 1220 καὶ
3473 1173 3523 1221 τί
3575 1171 3634 1221 τὸ
3702 1176 3963 1241 σημεῖον,

2332 1258 2449 1309 ὅταν
2519 1258 2676 1330 μέλλῃ
2778 1265 2944 1312 ταῦτα
3026 1261 3196 1322 πάντα
3298 1257 3681 1312 συντελεῖσθαι.
3780 1266 3970 1334 Παρα-

2331 1347 2566 1409 πλησίως
2612 1344 2670 1400 δὲ
2703 1347 2835 1419 λέγει
2867 1353 2953 1400 καὶ
2985 1349 3010 1400 6
3053 1349 3278 1410 Λουκάς.
3311 1353 3375 1400 Τί
3421 1344 3508 1399 οὖν
3538 1351 3687 1400 ἔστιν
3753 1348 3928 1402 εἰπεῖν
3945 1367 3964 1419 ,'

2331 1435 2452 1489 ⁴Οτι
2499 1442 2596 1508 μία
2649 1439 2737 1509 μὲν
2789 1434 2818 1495 ἧ
2861 1435 3137 1511 ἐρώτησις,
3190 1439 3260 1498 ὡς
3309 1436 3542 1509 ἔγραψαν
3580 1439 3824 1511 Μάρκος
3873 1443 3967 1490 καὶ

2334 1530 2560 1587 Λουκᾶς·
2617 1529 2811 1587 σκοπὸς
2888 1523 2948 1579 δὲ
2996 1533 3106 1587 τοῖς
3176 1528 3435 1599 μαθηταῖς
3490 1531 3608 1599 περὶ
3673 1535 3790 1578 τῶν
3867 1524 3967 1580 δύο

2333 1616 2526 1666 τούτων
2575 1617 2777 1687 μαθεῖν,
2830 1621 2927 1675 τῆς
2990 1633 3045 1667 τε
3093 1622 3186 1667 τοῦ
3233 1622 3358 1667 ναοῦ
3397 1624 3809 1690 καταστροφῆς,
3873 1621 3968 1668 καὶ

2333 1712 2430 1765 τῆς
2451 1710 2542 1755 τοῦ
2568 1711 2805 1776 Χριστοῦ
2847 1699 3092 1778 δευτέρας
3121 1708 3434 1778 παρουσίας.
3463 1703 3968 1775 ’Υπολαμϐάνοντες

572 1799 770 1852 autem
799 1794 961 1866 quod
989 1795 1166 1850 simul
1191 1795 1319 1850 huic
1339 1796 1460 1850 duo
1485 1797 1910 1865 contingerent,
1962 1794 2228 1850 fecerunt

2337 1795 2455 1868 γὰρ,
2489 1794 2563 1845 ὃτι
2591 1793 2701 1866 ἅμα
2729 1795 2796 1845 τὰ
2821 1790 2918 1845 δύο
2942 1798 3266 1866 γενήσονται9
3292 1799 3414 1867 μίαν
3445 1799 3562 1868 περὶ
3586 1801 3700 1846 τῶν
3733 1792 3839 1848 δύο
3866 1799 3963 1854 τὴν

571 1899 756 1940 unam
779 1883 853 1938 de
872 1883 1678 1954 utroqueinterrogationem.
1695 1885 1905 1939 Verum
1925 1883 2228 1940 Mattheus

573 1972 965 2028 intentionem
997 1987 1207 2028 eorum
1236 1972 1652 2043 manifestans,
1678 1972 1842 2029 illam
1872 1973 1935 2028 in
1964 1973 2118 2028 duas
2143 1972 2228 2028 di-

568 2061 734 2118 visit.

641 2151 804 2206 Vers.
838 2153 890 2204 4.
913 2149 998 2205 Et
1027 2180 1094 2189 —
1115 2149 1276 2205 Vers.
1304 2150 1584 2208 seducent.
1639 2151 1788 2207 Nihil
1813 2151 1892 2208 ad
1918 2151 2024 2208 has
2054 2152 2228 2208 inter-

569 2240 912 2310 rogationes
958 2240 1287 2311 respondit,
1320 2241 1425 2296 sed
1483 2243 1744 2312 primum
1800 2242 1902 2298 illa
1927 2242 2070 2298 dicit
2115 2243 2221 2309 eis,

569 2345 706 2402 quas
756 2329 1019 2400 primum
1058 2344 1161 2385 eos
1194 2329 1342 2384 scire
1390 2331 1698 2400 Oportebat
1729 2348 1742 2386 :
1771 2348 1903 2403 quae
1957 2331 2228 2388 videlicet

569 2419 834 2474 futurum
858 2423 1069 2472 eratut
1097 2425 1233 2474 ante
1256 2418 1357 2474 illa
1377 2425 1770 2476 occurrerent.
1805 2420 1996 2478 Lucas
2027 2427 2226 2477 autem

570 2506 716 2563 dicit
752 2523 766 2562 :
808 2507 1001 2562 Videte
1029 2522 1103 2563 ne
1151 2508 1524 2563 seducamini.
1576 2510 1761 2565 Multi
1805 2511 1962 2566 enim
2004 2512 2230 2566 venient

570 2596 636 2651 in
688 2596 913 2652 nomine
961 2613 1078 2653 mes
1125 2597 1374 2654 dicentes
1425 2600 1570 2669 :Ego
1594 2615 1772 2665 sum;
1824 2605 1920 2656 et:
1988 2602 2229 2672 Tempus

570 2685 770 2740 instat.
792 2686 880 2741 Ne
910 2686 1091 2756 igitur
1104 2689 1429 2758 sequamini
1450 2689 1580 2744 illos
1607 2690 1676 2744 ³⁷.
1705 2689 1974 2757 Veniant,
2003 2691 2226 2763 linquit,

573 2773 818 2830 nomine
875 2790 1010 2831 meo
1040 2781 1269 2831 utentes
1309 2778 1379 2832 ad
1417 2777 1828 2851 deceptionem
1858 2795 2083 2846 eorum,
2127 2780 2232 2852 qui

574 2861 688 2918 illis
729 2862 1006 2918 credituri
1036 2868 1192 2931 sunt,
1244 2869 1301 2920 et
1327 2865 1609 2933 dicentes,
1664 2868 1922 2941 quisque
1959 2869 2233 2925 videlicet

575 2967 784 3008 eorum
814 2971 828 3010 :
853 2953 982 3023 Ego
999 2969 1150 3018 sum,
1175 2969 1390 3026 nempe
1412 2956 1688 3012 Christus.
1712 2960 1812 3013 Et:
1848 2960 2093 3028 Tempus
2112 2958 2230 3013 ins-

2335 1881 2588 1956 ἐρώτησιν
2640 1881 2973 1941 ἐποιήσαντο·
3029 1885 3293 1944 Ματθαῖος
3358 1880 3418 1936 δὲ
3481 1883 3804 1956 σαφηνίςων
3873 1887 3964 1938 τὸν

2337 1975 2531 2024 σκοπὸν
2560 1972 2750 2038 αὐτῶν,
2784 1969 2968 2025 διεῖλεν
2999 1972 3178 2039 αὐτὴν,
3208 1973 3280 2035 εἰς
3305 1974 3370 2025 τὰ
3401 1968 3518 2028 δύο.

2406 2154 2508 2204 Καὶ
2560 2182 2629 2192 -
2689 2150 3040 2210 πλανήσουσι.
3097 2148 3263 2204 Οὐδὲν
3318 2153 3448 2226 πρὸς
3511 2153 3608 2215 τὰς
3665 2151 3954 2227 ἐρωτήσεις

2335 2240 2589 2316 ἀπεκρίθη
2644 2245 2856 2309 ταύτας,
2919 2241 3050 2295 ἀλλὰ
3105 2247 3348 2315 πρότερον
3405 2245 3571 2295 ἐκεῖνα
3627 2243 3772 2316 λέγει
3830 2247 3956 2297 τού-

2334 2350 2464 2396 τοις,
2513 2331 2548 2382 ἄ
2597 2339 2780 2406 πρῶτα
2822 2335 3036 2392 τούτους
3096 2327 3202 2384 ἔδει
3231 2334 3432 2403 μαθεῖν,
3477 2335 3544 2394 ὡς
3585 2336 3690 2405 πρὸ
3742 2332 3948 2387 ἐκείνων

2335 2419 2632 2479 ἀπαντῆσαι
2673 2420 2937 2492 μέλλοντα.
2994 2427 3202 2482 Λουκᾶς
3255 2417 3315 2473 δέ
3361 2441 3538 2494 φησιν,
3598 2423 3840 2495 Βλέπετε,
3871 2427 3946 2496 μὴ

2334 2509 2647 2568 πλανηθῆτέ.
2727 2509 2912 2563 Πολλοί
2984 2512 3086 2586 γὰρ
3157 2509 3452 2564 ἐλεύσονται
3521 2511 3604 2565 ἐπὶ
3670 2521 3744 2582 τῷ
3834 2512 3945 2565 ὀνό-

2337 2603 2463 2672 ματί
2511 2619 2634 2672 μου,
2687 2600 2935 2670 λέγοντες,
2997 2601 3078 2652 ὃτι
3137 2600 3268 2672 Ἐγώ
3321 2602 3446 2672 εἰμι,
3502 2607 3608 2667 καὶ,
3640 2601 3700 2654 Ὁ
3756 2605 3945 2675 καιρὸς

2339 2693 2544 2760 ἤγγικε.
2590 2694 2675 2747 Μὴ
2713 2686 2800 2741 οὖν
2835 2692 3122 2765 πορευθῆτε
3152 2689 3318 2742 ὀπίσω
3356 2689 3540 2744 αὐτῶν.
3579 2689 3936 2757 Ἐλεύσονται,

2340 2782 2490 2850 φησὶ,
2549 2786 2620 2849 τῷ
2671 2779 2884 2852 ὀνόματί
2931 2799 3032 2852 μου
3084 2799 3344 2855 χρῳμενοι
3393 2781 3517 2852 πρὸς
3569 2777 3772 2835 ἀπάτην
3833 2786 3937 2829 τῶν

2338 2869 2652 2940 πειθομένων
2705 2869 2897 2934 αὐτοῖς,
2947 2874 3037 2921 καὶ
3091 2869 3316 2940 λέγοντες
3362 2868 3599 2934 ἕκαστος,
3661 2867 3743 2918 ὅτι
3799 2865 3933 2938 Ἐγώ

2341 2957 2463 3029 εἰμι,
2515 2961 2804 3025 τουτέστιν,
2845 2959 2958 3028 (14)
3008 2958 3033 3010 ὁ
3081 2961 3331 3033 Χριστὸς,
3388 2962 3479 3010 καὶ
3521 2959 3600 3011 ὅτι
3647 2955 3706 3008 εΟ
3735 2957 3931 3028 καιρὸς.

577 3046 682 3106 tat,
715 3045 862 3112 puta
901 3042 1018 3097 mei
1048 3045 1291 3099 secundi
1322 3045 1614 3102 adventus
1653 3048 1741 3103 Ne
1760 3063 1890 3120 ergo
1915 3049 2230 3119 sequamini

2341 3050 2574 3119 ἤγγικεν,
2634 3049 2660 3099 6
2718 3055 2812 3110 τῆς
2856 3044 3095 3122 δευτέρας
3151 3067 3251 3120 μου
3315 3044 3560 3106 δηλονότι
3620 3049 3921 3120 παρουσίας.

577 3146 690 3194 eos,
722 3130 842 3186 sive
888 3130 1154 3203 aliquem
1205 3133 1464 3190 illorum.
1497 3135 1731 3191 Marcus
1763 3142 1963 3192 autem
2023 3137 2174 3192 dixit
2215 3155 2229 3192 :

575 3220 652 3275 Et
679 3220 885 3276 multos
913 3221 1179 3277 seducent
1215 3225 1286 3278 ³⁸.
1347 3223 1606 3280 Fuerunt
1655 3231 1851 3281 autem
1891 3225 2235 3299 hujusmodi

577 3310 941 3378 seductores,
999 3311 1203 3368 Simon
1261 3316 1319 3368 et
1364 3314 1682 3372 Menander
1751 3316 2128 3382 Samaritani,
2179 3321 2237 3373 et

574 3398 698 3456 alii.

646 3490 804 3546 Vers.
833 3493 892 3547 6.
929 3490 1224 3547 Futurum
1255 3497 1339 3549 est
1387 3522 1455 3535 —
1503 3493 1813 3552 bellorum.
1866 3494 2030 3553 Bella
2075 3495 2240 3558 dicit,

576 3593 712 3650 quas
735 3583 898 3634 mota
914 3585 1051 3635 sunt
1067 3587 1271 3637 contra
1286 3581 1693 3654 Hierosolyma
1717 3600 2015 3641 :rumores
2039 3592 2240 3644 autem

575 3665 894 3733 bellorum,
947 3685 1078 3739 quae
1132 3676 1340 3728 contra
1387 3671 1537 3727 alias
1575 3673 1924 3731 Judaaorum
1976 3676 2240 3733 civitates

577 3773 733 3830 quos
753 3758 939 3814 factos
955 3759 1136 3815 fuisse
1167 3761 1372 3818 scribit
1399 3763 1689 3836 Josephus
1709 3771 2036 3838 antequam
2067 3783 2238 3839 cape-

576 3853 740 3904 retur
767 3849 1116 3906 Jerusalem.
1169 3851 1469 3925 Siquidem
1493 3854 1670 3910 erexit
1701 3871 1762 3911 se
1819 3856 1893 3928 (f)
1946 3857 2109 3913 natio
2144 3858 2240 3913 Ju-

577 3936 864 4003 daaorum,
879 3938 1275 3996 nectributum
1290 3941 1648 3998 exsolvebat.
1673 3943 1927 4000 Romani
1946 3961 2084 4002 vero
2113 3961 2238 4002 non

578 4025 831 4082 ferentes
843 4027 908 4087 in
911 4027 1155 4097 juriam,
1171 4028 1613 4099 expeditionem
1634 4033 1696 4087 in
1713 4032 1841 4088 illos
1858 4040 2235 4104 paraverunt.

649 4117 807 4170 Vers.
843 4119 890 4177 6,
912 4115 1109 4172 Videte
1155 4146 1222 4156 —
1272 4117 1423 4185 ﬁnis.
1479 4121 1560 4175 Ne
1611 4121 1973 4190 terreamini,
2023 4123 2237 4196 inquit,

579 4202 754 4274 quasi
781 4202 1126 4274 praedicatio
1164 4203 1276 4260 sub
1313 4205 1601 4262 seditione
1629 4211 1684 4263 et
1713 4208 2049 4265 turbatione
2095 4211 2238 4266 diri-

554 4290 804 4348 .menda
836 4291 933 4349 sit.
975 4291 1267 4364 Siquidem
1290 4297 1538 4352 ventura
1563 4300 1700 4353 sunt
1723 4297 1849 4353 haec
1875 4299 2082 4355 omnia
2106 4315 2237 4372 quae

580 4381 654 4436 de
681 4380 773 4436 his
805 4379 975 4436 bellis
1001 4381 1140 4452 dixi,
1198 4384 1282 4440 sic
1311 4389 1511 4441 tamen
1541 4390 1604 4442 ut
1633 4386 1778 4443 nihil
1823 4387 1906 4443 illi
1959 4395 2234 4447 noceant.

585 4473 711 4526 Ant.
744 4472 824 4526 Ne
852 4473 1213 4544 terreamini,
1246 4475 1415 4546 quasi
1437 4474 1563 4545 jam
1590 4476 1766 4532 instet
1795 4476 1934 4533 ﬁnis
1961 4479 2083 4535 sive
2109 4496 2238 4552 per-

582 4559 726 4616 ditio
752 4561 956 4634 templi
988 4578 1058 4619 ac
1109 4563 1382 4620 civitatis.
1411 4566 1653 4637 Oportet
1677 4567 1836 4622 enim
1862 4568 1991 4624 haec
2033 4571 2238 4628 omnia

582 4649 710 4706 ﬁeri
735 4667 753 4716 ;
785 4651 890 4707 sed
917 4652 1189 4708 nondum
1243 4659 1330 4710 est
1367 4654 1506 4711 ﬁnis
1560 4656 1678 4712 sive
1710 4656 1953 4728 perditio
1981 4674 2186 4714 eorum
2219 4679 2232 4720 :

584 4755 726 4797 nam
763 4745 1144 4814 postmodum
1178 4749 1356 4817 capta
1417 4751 1557 4801 sunt
1615 4746 2037 4820 Hierosolyma.
2096 4750 2239 4806 Dicit

583 4836 785 4887 autem
808 4830 1288 4903 Chrysostomus,
1311 4833 1479 4904 quod
1498 4835 1769 4908 discipuli
1790 4853 1924 4891 cum
1942 4837 2000 4892 in
2024 4853 2240 4909 praece-

585 4919 868 4977 dentibus
896 4922 970 4977 de
992 4927 1250 4981 extrema
1274 4922 1616 4980 Judaeorum
1658 4925 1883 4983 ultione
1908 4926 2234 4995 audissent,

661 5098 707 5132 ³⁵
735 5100 916 5156 Marc.
955 5115 1076 5166 xui,
1105 5103 1160 5169 4,

1267 5106 1312 5138 ³⁸
1344 5105 1483 5161 Luc.
1516 5121 1639 5172 xxx,
1667 5111 1719 5161 7.
1826 5108 1870 5141 ³⁷
1893 5107 2038 5164 ibid.
2070 5110 2120 5163 8.

2341 3141 2426 3194 Μὴ
2491 3134 2578 3189 οὖν
2639 3135 3026 3196 ἀκολουθὴσητε
3075 3137 3269 3204 αὐτοῖς,
3332 3141 3519 3209 ἤγουν,
3570 3140 3666 3189 τινὶ
3736 3133 3918 3185 αὐτῶν.

2340 3227 2398 3279 Ὁ
2463 3224 2521 3279 δὲ
2577 3228 2785 3299 Μάρκος
2854 3226 3008 3291 εἶπεν,
3060 3227 3140 3278 ὅτι
3218 3231 3319 3279 Καὶ
3375 3226 3589 3286 πολλοὺς
3639 3223 3928 3280 πλανήσου-

2349 3336 2451 3370 σιν.
2513 3316 2770 3387 Ἐγένοντο
2831 3312 2889 3368 δε
2938 3323 3165 3368 τοιοῦτοι
3212 3315 3398 3368 πλάνοι
3455 3321 3624 3389 Ξίμων
3679 3313 3792 3386 (15)
3847 3313 3934 3362 καὶ

2348 3402 2666 3480 Μένανδρος,
2699 3408 2748 3457 οἱ
2772 3412 3106 3480 Σαμαρεῖται,
3139 3409 3230 3458 καὶ
3260 3406 3440 3481 ἕτεροι.

2418 3495 2705 3554 Μελλήσετε
2736 3525 2803 3536 --
2853 3494 3107 3567 πολέμων.
3164 3494 3419 3566 Πολέμους
3467 3493 3601 3565 λέγει
3641 3494 3761 3551 τοὺς
3806 3489 3944 3541 κατὰ

2348 3593 2447 3637 τῶν
2475 3585 2862 3660 Ἰεροσολύμων
2897 3583 3050 3645 ἀκοὰς
3081 3581 3140 3638 δὲ
3167 3583 3398 3654 πολέμων
3424 3584 3516 3643 τὰς
3556 3588 3654 3634 τῶν
3676 3582 3806 3654 πρὸς
3848 3579 3945 3639 τὰς

2347 3674 2500 3734 οἳλλας
2527 3674 2698 3735 πόλεις
2745 3682 2844 3726 τῶν
2871 3670 3166 3739 Ἰουδαίων,
3207 3671 3296 3734 οὕς
3327 3671 3583 3731 Ἰώσηπος
3628 3672 3827 3744 ἱστορεί
3861 3685 3946 3738 γε-

2347 3766 2526 3817 νέσθαι
2562 3767 2662 3839 πρὸ
2702 3771 2792 3825 τῆς
2821 3762 3055 3824 ἁλώσεως
3098 3770 3188 3823 τῆς
3232 3760 3592 3836 Ἰερουσαλήμ.
3628 3763 3730 3812 Καὶ
3759 3760 3861 3830 γὰρ
3888 3757 3944 3808 τὸ

2345 3863 2444 3907 τῶν
2490 3850 2758 3907 Ἰουδαίων
2812 3855 2952 3914 ἔθνος
3007 3851 3213 3925 ἀντῆρε,
3265 3856 3354 3903 καὶ
3383 3851 3476 3903 οῦκ
3516 3845 3778 3902 ἀπεδίδου
3830 3848 3944 3904 τοὺς

2347 3947 2553 4018 φόρους·
2591 3942 2832 4014 Ῥωμαῖοι
2883 3938 2960 4008 δε,
3012 3945 3084 4014 μὴ
3136 3941 3419 4013 ίνεγκοντες
3470 3943 3565 4000 τὴν
3594 3937 3766 4013 ὕϐριν,
3800 3938 3942 3989 ἐπεσ-

2345 4034 2634 4105 τράτευσαν
2667 4031 2859 4092 αὐτοῖς.

2413 4121 2597 4195 Ὁρᾶτε
2662 4152 2730 4162 —-
2781 4120 2940 4183 τέλος.
2997 4123 3084 4178 Μὴ
3154 4121 3436 4187 πτοηθῆτε,
3495 4121 3678 4191 φησὶν,
3735 4117 3804 4177 ὡς
3851 4117 3938 4164 τοῦ

2343 4215 2676 4286 κηρύγματος
2753 4213 2853 4264 ὑπὸ
2918 4218 3013 4273 τῆς
3072 4210 3464 4270 ἀκαταστασίας
3533 4212 3624 4261 καὶ
3698 4210 3939 4278 ταραχῆς

2349 4299 2381 4355 δ
2388 4304 2822 4373 ιακοπησομένου.
2887 4299 3142 4356 Μέλλουσι
3207 4302 3307 4371 γὰρ
3359 4301 3531 4351 πάντα
3588 4299 3653 4349 τὰ
3702 4302 3801 4346 τῶν
3850 4308 3938 4343 πο-

2346 4392 2508 4465 λέμων
2561 4393 2755 4443 τούτων
2807 4391 3066 4461 γενέσθαι,
3127 4385 3290 4461 μηδὲν
3349 4387 3476 4440 αὐτὸ
3534 4386 3849 4460 βλάπτοντα*
3903 4381 3931 4434 ἦ

2346 4484 2418 4552 μὴ
2473 4481 2754 4546 πτοηθῆτε,
2803 4482 2866 4540 ὡς
2905 4475 3012 4536 ἤδη
3044 4485 3134 4530 τοῦ
3181 4476 3350 4537 τέλους
3381 4476 3701 4535 ἐπιστάντος,
3756 4473 3928 4538 ἤγουν,

2345 4577 2436 4622 τοῦ
2468 4569 2676 4643 ὀλέθρου
2733 4575 2823 4622 τοῦ
2879 4575 3002 4620 ναοῦ
3032 4572 3121 4620 καὶ
3153 4574 3246 4629 τῆς
3276 4567 3482 4626 πόλεως.
3527 4570 3612 4617 Δεῖ
3636 4562 3734 4632 γὰρ
3767 4556 3932 4643 πάιξτα

2345 4667 2513 4712 ταῦτα
2553 4660 2813 4730 γενέσθαι,
2873 4656 2978 4709 ἀλλ’
3030 4660 3174 4709 οὔπω
3229 4659 3288 4708 τὸ
3327 4654 3484 4722 τέλος,
3527 4657 3708 4713 εῖτουν,
3759 4646 3783 4697 ὁ
3835 4640 3933 4695 ὄλε-

2350 4751 2469 4823 θρος
2517 4748 2702 4802 αὐτῶν.
2756 4747 2999 4820 ’Υστερον
3045 4748 3146 4822 γὰρ
3203 4745 3432 4798 ἑάλωσαν
3489 4745 3556 4796 τὰ
3586 4733 3934 4812 Ἱεροσόλυμα.

2348 4843 2483 4896 Φησὶ
2510 4835 2569 4891 δε
2612 4839 2636 4890 ὁ
2669 4841 3047 4912 Χρυσόστομος
3076 4835 3210 4907 (16),
3245 4836 3324 4886 ὅτι
3354 4836 3401 4886 οἱ
3431 4835 3520 4905 μὲν
3567 4830 3796 4906 μαθηταὶ
3825 4823 3938 4894 περὶ

2345 4935 2443 4989 τῆς
2504 4926 2850 5000 παγχαλέπου
2916 4929 3171 5001 τιμωρίας
3221 4931 3320 4976 τῶν
3390 4918 3661 4976 Ἰουδαίων
3711 4915 3938 4984 ἀνωτέρω

2235 5107 2282 5143 ³⁸
2313 5109 2485 5165 Marc.
2512 5123 2612 5178 xu,
2648 5110 2705 5162 6.

1817 5284 2033 5355 Variae
2066 5284 2393 5354 lectiones
2433 5293 2498 5352 et
2538 5291 2742 5352 notae.

801 5471 992 5529 Malim
1023 5481 1116 5537 τῆς
1147 5481 1237 5528 τοῦ
1267 5483 1410 5542 ναοῦ,
1447 5482 1512 5533 ut
1539 5493 1700 5535 mox.

660 5544 770 5616 (14)
800 5549 1078 5598 Τουτέστιν
1109 5549 1134 5600 ὁ
1164 5552 1412 5622 Χριστός.
1446 5548 1678 5607 Absunt
1705 5554 1770 5606 A.

2455 5481 2504 5554 1)
2547 5483 2625 5537 De
2662 5483 2916 5554 utroque
2932 5442 3146 5537 Justin.
3174 5479 3339 5537 Mart.
3371 5492 3433 5551 p.
3457 5481 3523 5535 69
3556 5478 3622 5544 D,
3656 5476 3717 5531 E.

2426 5482 2504 5626 24)
2547 5483 2625 5537 De
2662 5483 2916 5607 utroque
2932 5482 3146 5537 Justin.
3174 5482 3215 5535 Ν

2454 5555 2542 5625 16)
2580 5555 2744 5610 Tom.
2777 5555 2820 5610 V
2851 5557 2886 5619 Ι,
2919 5569 2982 5626 p.
3016 5553 3116 5610 723
3149 5554 3215 5609 D.

667 5724 746 5801 (ﬂ
769 5722 985 5783 Erexit
1013 5739 1091 5785 se.
1120 5725 1478 5785 Seditionem
1517 5727 1727 5799 movit,
1758 5727 2089 5792 rebellavit.
2121 5733 2230 5792 Not

2367 5735 2455 5793 est
2475 5731 2592 5794 hoc
2615 5747 2796 5794 sensu
2827 5732 3083 5811 ἀνταίρειν
3112 5736 3170 5792 et
3199 5731 3482 5809 ᾁντάρτης.
