  <div class='ocr_page' id='page_1' title='image "/cluster/home/n/w/nwhite01/storage/ocr_20150623/129/mdp.39015061528470/312.png"; bbox 0 0 4170 6334; ppageno 0'>
   <div class='ocr_carea' id='block_1_1' title="bbox 266 384 1913 455">
    <p class='ocr_par' dir='ltr' id='par_1_1' title="bbox 266 387 1913 455">
     <span class='ocr_line' id='line_1_1' title="bbox 266 387 1913 455; baseline -0.006 -3"><span class='ocrx_word' id='word_1_1' title='bbox 266 396 386 455; x_wconf 87' lang='grc'><strong>605</strong></span> <span class='ocrx_word' id='word_1_2' title='bbox 1246 392 1583 451; x_wconf 86' lang='lat' dir='ltr'><strong>COMNENT</strong></span> <span class='ocrx_word' id='word_1_3' title='bbox 1596 438 1608 450; x_wconf 91' lang='lat'><strong>.</strong></span> <span class='ocrx_word' id='word_1_4' title='bbox 1656 390 1726 446; x_wconf 89' lang='lat' dir='ltr'><strong>IN</strong></span> <span class='ocrx_word' id='word_1_5' title='bbox 1778 387 1913 444; x_wconf 84' lang='grc' dir='ltr'><strong>ΜΑἸ</strong></span> 
     </span>
    </p>
   </div>
   <div class='ocr_carea' id='block_1_2' title="bbox 2000 384 3647 455">
    <p class='ocr_par' dir='ltr' id='par_1_2' title="bbox 2000 386 3647 453">
     <span class='ocr_line' id='line_1_2' title="bbox 2000 386 3647 453; baseline 0.007 -10"><span class='ocrx_word' id='word_1_6' title='bbox 2000 386 2222 445; x_wconf 66' lang='lat' dir='ltr'><strong>UEUM.</strong></span> <span class='ocrx_word' id='word_1_7' title='bbox 2266 423 2329 433; x_wconf 89' lang='lat'><strong>-—</strong></span> <span class='ocrx_word' id='word_1_8' title='bbox 2374 392 2529 449; x_wconf 86' lang='lat' dir='ltr'><strong>CAP.</strong></span> <span class='ocrx_word' id='word_1_9' title='bbox 2572 395 2769 453; x_wconf 86' lang='lat' dir='ltr'><strong>XXIV.</strong></span> <span class='ocrx_word' id='word_1_10' title='bbox 3543 398 3647 453; x_wconf 89' lang='lat'><strong>606</strong></span> 
     </span>
    </p>
   </div>
   <div class='ocr_carea' id='block_1_3' title="bbox 270 512 1917 599">
    <p class='ocr_par' dir='ltr' id='par_1_3' title="bbox 270 517 1917 599">
     <span class='ocr_line' id='line_1_3' title="bbox 270 517 1917 599; baseline -0.004 -25"><span class='ocrx_word' id='word_1_11' title='bbox 270 525 554 595; x_wconf 78' lang='grc' dir='ltr'><strong>μαθόντες,</strong></span> <span class='ocrx_word' id='word_1_12' title='bbox 630 524 692 583; x_wconf 86' lang='grc' dir='ltr'>ὡς</span> <span class='ocrx_word' id='word_1_13' title='bbox 747 526 866 599; x_wconf 85' lang='grc' dir='ltr'>περὶ</span> <span class='ocrx_word' id='word_1_14' title='bbox 946 522 1215 599; x_wconf 80' lang='grc' dir='ltr'>ἀλλοτρίας</span> <span class='ocrx_word' id='word_1_15' title='bbox 1294 526 1577 595; x_wconf 76' lang='grc' dir='ltr'>συμφορᾶς,</span> <span class='ocrx_word' id='word_1_16' title='bbox 1647 517 1917 592; x_wconf 47' lang='grc' dir='ltr'>ἀφροντίοι</span> 
     </span>
    </p>
   </div>
   <div class='ocr_carea' id='block_1_4' title="bbox 1997 512 3644 599">
    <p class='ocr_par' dir='ltr' id='par_1_4' title="bbox 1997 518 3644 597">
     <span class='ocr_line' id='line_1_4' title="bbox 1997 518 3644 597; baseline 0.007 -28"><span class='ocrx_word' id='word_1_17' title='bbox 1997 519 2285 587; x_wconf 87' lang='lat' dir='ltr'><strong>tanquam</strong></span> <span class='ocrx_word' id='word_1_18' title='bbox 2312 518 2391 574; x_wconf 94' lang='lat' dir='ltr'><strong>ad</strong></span> <span class='ocrx_word' id='word_1_19' title='bbox 2422 518 2681 577; x_wconf 90' lang='lat' dir='ltr'><strong>alienam</strong></span> <span class='ocrx_word' id='word_1_20' title='bbox 2738 522 3161 591; x_wconf 84' lang='lat' dir='ltr'><strong>calamitatem,</strong></span> <span class='ocrx_word' id='word_1_21' title='bbox 3196 539 3331 597; x_wconf 74' lang='lat' dir='ltr'><strong>quae</strong></span> <span class='ocrx_word' id='word_1_22' title='bbox 3359 524 3509 581; x_wconf 85' lang='lat' dir='ltr'>nihil</span> <span class='ocrx_word' id='word_1_23' title='bbox 3541 540 3644 582; x_wconf 91' lang='lat' dir='ltr'><strong>eos</strong></span> 
     </span>
    </p>
   </div>
   <div class='ocr_carea' id='block_1_5' title="bbox 274 608 1921 685">
    <p class='ocr_par' dir='ltr' id='par_1_5' title="bbox 274 608 1882 685">
     <span class='ocr_line' id='line_1_5' title="bbox 274 608 1882 685; baseline -0.002 -21"><span class='ocrx_word' id='word_1_24' title='bbox 274 630 416 675; x_wconf 88' lang='grc' dir='ltr'>στως</span> <span class='ocrx_word' id='word_1_25' title='bbox 472 610 740 680; x_wconf 79' lang='grc' dir='ltr'><strong>διέκειντο,</strong></span> <span class='ocrx_word' id='word_1_26' title='bbox 790 618 880 665; x_wconf 85' lang='grc' dir='ltr'><strong>καὶ</strong></span> <span class='ocrx_word' id='word_1_27' title='bbox 936 616 1069 685; x_wconf 83' lang='grc' dir='ltr'>μόνα</span> <span class='ocrx_word' id='word_1_28' title='bbox 1127 620 1411 671; x_wconf 88' lang='grc' dir='ltr'>τηνικαῦτα</span> <span class='ocrx_word' id='word_1_29' title='bbox 1470 608 1607 683; x_wconf 85' lang='grc' dir='ltr'>δίχα</span> <span class='ocrx_word' id='word_1_30' title='bbox 1655 609 1882 682; x_wconf 90' lang='grc' dir='ltr'>θορύϐων</span> 
     </span>
    </p>
   </div>
   <div class='ocr_carea' id='block_1_6' title="bbox 1999 608 3646 685">
    <p class='ocr_par' dir='ltr' id='par_1_6' title="bbox 1999 609 3646 684">
     <span class='ocr_line' id='line_1_6' title="bbox 1999 609 3646 684; baseline 0.008 -25"><span class='ocrx_word' id='word_1_31' title='bbox 1999 609 2280 675; x_wconf 92' lang='lat' dir='ltr'><strong>tangeret,</strong></span> <span class='ocrx_word' id='word_1_32' title='bbox 2318 610 2687 679; x_wconf 83' lang='lat' dir='ltr'><strong>negligenter</strong></span> <span class='ocrx_word' id='word_1_33' title='bbox 2716 628 2778 667; x_wconf 90' lang='lat' dir='ltr'><strong>se</strong></span> <span class='ocrx_word' id='word_1_34' title='bbox 2809 614 2885 669; x_wconf 91' lang='lat' dir='ltr'><strong>ad</strong></span> <span class='ocrx_word' id='word_1_35' title='bbox 2917 631 3051 670; x_wconf 89' lang='lat' dir='ltr'><strong>eam</strong></span> <span class='ocrx_word' id='word_1_36' title='bbox 3085 614 3408 684; x_wconf 87' lang='lat' dir='ltr'><strong>habebant,</strong></span> <span class='ocrx_word' id='word_1_37' title='bbox 3438 622 3493 672; x_wconf 94' lang='lat' dir='ltr'><strong>et</strong></span> <span class='ocrx_word' id='word_1_38' title='bbox 3519 616 3646 673; x_wconf 90' lang='lat' dir='ltr'><strong>sola</strong></span> 
     </span>
    </p>
   </div>
   <div class='ocr_carea' id='block_1_7' title="bbox 271 698 1918 777">
    <p class='ocr_par' dir='ltr' id='par_1_7' title="bbox 271 698 1885 777">
     <span class='ocr_line' id='line_1_7' title="bbox 271 698 1885 777; baseline -0.002 -22"><span class='ocrx_word' id='word_1_39' title='bbox 271 701 649 776; x_wconf 80' lang='grc' dir='ltr'>ὡνειροπόλουν</span> <span class='ocrx_word' id='word_1_40' title='bbox 693 704 759 754; x_wconf 77' lang='grc' dir='ltr'>τὰ</span> <span class='ocrx_word' id='word_1_41' title='bbox 805 710 897 763; x_wconf 90' lang='grc' dir='ltr'><strong>τῆς</strong></span> <span class='ocrx_word' id='word_1_42' title='bbox 951 709 1040 755; x_wconf 89' lang='grc' dir='ltr'><strong>τοῦ</strong></span> <span class='ocrx_word' id='word_1_43' title='bbox 1100 709 1335 777; x_wconf 81' lang='grc' dir='ltr'><strong>Χριστοῦ</strong></span> <span class='ocrx_word' id='word_1_44' title='bbox 1390 698 1631 774; x_wconf 83' lang='grc' dir='ltr'>δευτέρας</span> <span class='ocrx_word' id='word_1_45' title='bbox 1684 720 1885 772; x_wconf 85' lang='grc' dir='ltr'>παρου-</span> 
     </span>
    </p>
   </div>
   <div class='ocr_carea' id='block_1_8' title="bbox 1999 698 3646 777">
    <p class='ocr_par' dir='ltr' id='par_1_8' title="bbox 1999 699 3646 777">
     <span class='ocr_line' id='line_1_8' title="bbox 1999 699 3646 777; baseline 0.009 -29"><span class='ocrx_word' id='word_1_46' title='bbox 1999 709 2064 749; x_wconf 83' lang='lat' dir='ltr'><strong>ea</strong></span> <span class='ocrx_word' id='word_1_47' title='bbox 2094 700 2235 751; x_wconf 91' lang='lat' dir='ltr'><strong>tunc</strong></span> <span class='ocrx_word' id='word_1_48' title='bbox 2263 699 2645 755; x_wconf 90' lang='lat' dir='ltr'><strong>somniabant</strong></span> <span class='ocrx_word' id='word_1_49' title='bbox 2664 700 2845 767; x_wconf 91' lang='lat' dir='ltr'><strong>bona,</strong></span> <span class='ocrx_word' id='word_1_50' title='bbox 2871 719 3007 775; x_wconf 63' lang='lat' dir='ltr'><strong>quas</strong></span> <span class='ocrx_word' id='word_1_51' title='bbox 3038 704 3268 777; x_wconf 88' lang='lat' dir='ltr'><strong>absque</strong></span> <span class='ocrx_word' id='word_1_52' title='bbox 3300 706 3556 762; x_wconf 88' lang='lat' dir='ltr'><strong>tumultu</strong></span> <span class='ocrx_word' id='word_1_53' title='bbox 3586 706 3646 762; x_wconf 91' lang='lat' dir='ltr'><strong>in</strong></span> 
     </span>
    </p>
   </div>
   <div class='ocr_carea' id='block_1_9' title="bbox 270 785 1917 867">
    <p class='ocr_par' dir='ltr' id='par_1_9' title="bbox 270 788 1879 865">
     <span class='ocr_line' id='line_1_9' title="bbox 270 788 1879 865; baseline -0.002 -20"><span class='ocrx_word' id='word_1_54' title='bbox 270 793 390 852; x_wconf 84' lang='grc' dir='ltr'>σίας</span> <span class='ocrx_word' id='word_1_55' title='bbox 444 790 641 862; x_wconf 83' lang='grc' dir='ltr'>ἀγαθὰ,</span> <span class='ocrx_word' id='word_1_56' title='bbox 677 788 753 843; x_wconf 86' lang='grc' dir='ltr'><strong>δι’</strong></span> <span class='ocrx_word' id='word_1_57' title='bbox 818 791 852 843; x_wconf 84' lang='grc' dir='ltr'><strong><em>ἄ</em></strong></span> <span class='ocrx_word' id='word_1_58' title='bbox 880 796 969 843; x_wconf 86' lang='grc' dir='ltr'><strong>καὶ</strong></span> <span class='ocrx_word' id='word_1_59' title='bbox 1043 795 1136 849; x_wconf 81' lang='grc' dir='ltr'>τὴν</span> <span class='ocrx_word' id='word_1_60' title='bbox 1183 790 1436 865; x_wconf 77' lang='grc' dir='ltr'><strong>ἐρώτησιν</strong></span> <span class='ocrx_word' id='word_1_61' title='bbox 1488 794 1824 865; x_wconf 76' lang='grc' dir='ltr'><strong>προσήγαγον</strong></span> <span class='ocrx_word' id='word_1_62' title='bbox 1865 807 1879 821; x_wconf 77' lang='grc' dir='ltr'><strong>ο</strong></span> 
     </span>
    </p>
   </div>
   <div class='ocr_carea' id='block_1_10' title="bbox 2001 785 3648 867">
    <p class='ocr_par' dir='ltr' id='par_1_10' title="bbox 2001 785 3648 867">
     <span class='ocr_line' id='line_1_10' title="bbox 2001 785 3648 867; baseline 0.009 -31"><span class='ocrx_word' id='word_1_63' title='bbox 2001 785 2259 840; x_wconf 78' lang='lat' dir='ltr'><strong>secundo</strong></span> <span class='ocrx_word' id='word_1_64' title='bbox 2310 786 2512 843; x_wconf 89' lang='lat' dir='ltr'><strong>Christi</strong></span> <span class='ocrx_word' id='word_1_65' title='bbox 2556 789 2815 845; x_wconf 88' lang='lat' dir='ltr'><strong>adventu</strong></span> <span class='ocrx_word' id='word_1_66' title='bbox 2868 797 3118 848; x_wconf 84' lang='lat' dir='ltr'><strong>ventura</strong></span> <span class='ocrx_word' id='word_1_67' title='bbox 3148 798 3319 849; x_wconf 90' lang='lat' dir='ltr'><strong>erant</strong></span> <span class='ocrx_word' id='word_1_68' title='bbox 3354 812 3376 850; x_wconf 82' lang='lat'><strong>.&#39;</strong></span> <span class='ocrx_word' id='word_1_69' title='bbox 3406 800 3648 867; x_wconf 83' lang='lat' dir='ltr'><strong>propter</strong></span> 
     </span>
    </p>
   </div>
   <div class='ocr_carea' id='block_1_11' title="bbox 265 873 1912 955">
    <p class='ocr_par' dir='ltr' id='par_1_11' title="bbox 265 879 1881 955">
     <span class='ocr_line' id='line_1_11' title="bbox 265 879 1881 955; baseline -0.002 -22"><span class='ocrx_word' id='word_1_70' title='bbox 265 882 291 933; x_wconf 90' lang='grc' dir='ltr'><strong>ό</strong></span> <span class='ocrx_word' id='word_1_71' title='bbox 322 879 383 933; x_wconf 65' lang='grc' dir='ltr'><strong>δι</strong></span> <span class='ocrx_word' id='word_1_72' title='bbox 414 883 651 955; x_wconf 82' lang='grc' dir='ltr'>Χριστός</span> <span class='ocrx_word' id='word_1_73' title='bbox 688 880 842 933; x_wconf 84' lang='grc' dir='ltr'>πάλιν</span> <span class='ocrx_word' id='word_1_74' title='bbox 899 879 1116 933; x_wconf 76' lang='grc' dir='ltr'><strong>ἐπίπονα</strong></span> <span class='ocrx_word' id='word_1_75' title='bbox 1173 881 1284 953; x_wconf 80' lang='grc'><strong>(17)</strong></span> <span class='ocrx_word' id='word_1_76' title='bbox 1331 882 1532 942; x_wconf 79' lang='grc' dir='ltr'>τούτοις</span> <span class='ocrx_word' id='word_1_77' title='bbox 1575 882 1881 951; x_wconf 86' lang='grc' dir='ltr'>προμηνύει,</span> 
     </span>
    </p>
   </div>
   <div class='ocr_carea' id='block_1_12' title="bbox 1997 873 3644 955">
    <p class='ocr_par' dir='ltr' id='par_1_12' title="bbox 1997 873 3644 952">
     <span class='ocr_line' id='line_1_12' title="bbox 1997 873 3644 952; baseline 0.009 -27"><span class='ocrx_word' id='word_1_78' title='bbox 1997 887 2124 942; x_wconf 82' lang='lat' dir='ltr'><strong>quae</strong></span> <span class='ocrx_word' id='word_1_79' title='bbox 2152 873 2332 929; x_wconf 86' lang='lat' dir='ltr'><strong>etiam</strong></span> <span class='ocrx_word' id='word_1_80' title='bbox 2362 875 2887 947; x_wconf 86' lang='lat' dir='ltr'><strong>interrogationem</strong></span> <span class='ocrx_word' id='word_1_81' title='bbox 2920 882 3346 952; x_wconf 81' lang='lat' dir='ltr'><strong>produxerant.</strong></span> <span class='ocrx_word' id='word_1_82' title='bbox 3379 884 3644 940; x_wconf 90' lang='lat' dir='ltr'><strong>Christus</strong></span> 
     </span>
    </p>
   </div>
   <div class='ocr_carea' id='block_1_13' title="bbox 260 966 1907 1042">
    <p class='ocr_par' dir='ltr' id='par_1_13' title="bbox 260 966 1883 1042">
     <span class='ocr_line' id='line_1_13' title="bbox 260 966 1883 1042; baseline 0 -21"><span class='ocrx_word' id='word_1_83' title='bbox 260 969 432 1021; x_wconf 78' lang='grc' dir='ltr'>ποιῶν</span> <span class='ocrx_word' id='word_1_84' title='bbox 495 969 690 1030; x_wconf 80' lang='grc' dir='ltr'>αύτούς</span> <span class='ocrx_word' id='word_1_85' title='bbox 768 968 879 1042; x_wconf 78' lang='grc'>(18)</span> <span class='ocrx_word' id='word_1_86' title='bbox 934 968 1255 1041; x_wconf 76' lang='grc' dir='ltr'>ἐναγωνίους,</span> <span class='ocrx_word' id='word_1_87' title='bbox 1342 974 1431 1022; x_wconf 85' lang='grc' dir='ltr'>καὶ</span> <span class='ocrx_word' id='word_1_88' title='bbox 1494 966 1651 1041; x_wconf 78' lang='grc' dir='ltr'>διπλῇ</span> <span class='ocrx_word' id='word_1_89' title='bbox 1711 973 1883 1040; x_wconf 76' lang='grc' dir='ltr'>νήφειν</span> 
     </span>
    </p>
   </div>
   <div class='ocr_carea' id='block_1_14' title="bbox 1999 966 3646 1042">
    <p class='ocr_par' dir='ltr' id='par_1_14' title="bbox 1999 966 3646 1041">
     <span class='ocr_line' id='line_1_14' title="bbox 1999 966 3646 1041; baseline 0.009 -26"><span class='ocrx_word' id='word_1_90' title='bbox 1999 976 2136 1017; x_wconf 88' lang='lat' dir='ltr'><strong>vero</strong></span> <span class='ocrx_word' id='word_1_91' title='bbox 2164 978 2405 1020; x_wconf 86' lang='lat' dir='ltr'><strong>rursum</strong></span> <span class='ocrx_word' id='word_1_92' title='bbox 2428 966 2540 1021; x_wconf 89' lang='lat' dir='ltr'><strong>illis</strong></span> <span class='ocrx_word' id='word_1_93' title='bbox 2562 968 3248 1041; x_wconf 84' lang='lat' dir='ltr'><strong>laboriosapronuntiat,</strong></span> <span class='ocrx_word' id='word_1_94' title='bbox 3280 974 3646 1029; x_wconf 90' lang='lat' dir='ltr'><strong>constituens</strong></span> 
     </span>
    </p>
   </div>
   <div class='ocr_carea' id='block_1_15' title="bbox 257 1054 1904 1132">
    <p class='ocr_par' dir='ltr' id='par_1_15' title="bbox 257 1057 1884 1131">
     <span class='ocr_line' id='line_1_15' title="bbox 257 1057 1884 1131; baseline 0 -22"><span class='ocrx_word' id='word_1_95' title='bbox 257 1057 513 1125; x_wconf 79' lang='grc' dir='ltr'><strong>κελεύων,</strong></span> <span class='ocrx_word' id='word_1_96' title='bbox 592 1061 661 1119; x_wconf 85' lang='grc' dir='ltr'>ὡς</span> <span class='ocrx_word' id='word_1_97' title='bbox 739 1063 867 1131; x_wconf 81' lang='grc' dir='ltr'>μήτε</span> <span class='ocrx_word' id='word_1_98' title='bbox 946 1060 1045 1111; x_wconf 84' lang='grc' dir='ltr'>ὑπὸ</span> <span class='ocrx_word' id='word_1_99' title='bbox 1102 1067 1199 1111; x_wconf 88' lang='grc' dir='ltr'>τῶν</span> <span class='ocrx_word' id='word_1_100' title='bbox 1260 1058 1461 1111; x_wconf 87' lang='grc' dir='ltr'>πλάνων</span> <span class='ocrx_word' id='word_1_101' title='bbox 1534 1058 1884 1128; x_wconf 75' lang='grc' dir='ltr'>ἀπατηθῆναι,</span> 
     </span>
    </p>
   </div>
   <div class='ocr_carea' id='block_1_16' title="bbox 2003 1054 3650 1132">
    <p class='ocr_par' dir='ltr' id='par_1_16' title="bbox 2003 1054 3650 1132">
     <span class='ocr_line' id='line_1_16' title="bbox 2003 1054 3650 1132; baseline 0.009 -28"><span class='ocrx_word' id='word_1_102' title='bbox 2003 1064 2097 1105; x_wconf 82' lang='lat' dir='ltr'><strong>eos</strong></span> <span class='ocrx_word' id='word_1_103' title='bbox 2122 1054 2511 1110; x_wconf 87' lang='lat' dir='ltr'><strong>certaminum</strong></span> <span class='ocrx_word' id='word_1_104' title='bbox 2538 1056 2843 1128; x_wconf 69' lang='lat' dir='ltr'><strong>praefectos</strong></span> <span class='ocrx_word' id='word_1_105' title='bbox 2862 1057 2943 1130; x_wconf 91' lang='lat' dir='ltr'><strong>(g)</strong></span> <span class='ocrx_word' id='word_1_106' title='bbox 2976 1076 2992 1112; x_wconf 89' lang='lat'><strong><em>:</em></strong></span> <span class='ocrx_word' id='word_1_107' title='bbox 3017 1063 3073 1114; x_wconf 91' lang='lat' dir='ltr'><strong>et</strong></span> <span class='ocrx_word' id='word_1_108' title='bbox 3093 1059 3394 1132; x_wconf 88' lang='lat' dir='ltr'><strong>duplicem</strong></span> <span class='ocrx_word' id='word_1_109' title='bbox 3408 1063 3486 1117; x_wconf 94' lang='lat' dir='ltr'><strong>ob</strong></span> <span class='ocrx_word' id='word_1_110' title='bbox 3517 1079 3650 1118; x_wconf 91' lang='lat' dir='ltr'><strong>cau-</strong></span> 
     </span>
    </p>
   </div>
   <div class='ocr_carea' id='block_1_17' title="bbox 258 1142 1905 1229">
    <p class='ocr_par' dir='ltr' id='par_1_17' title="bbox 258 1146 1887 1223">
     <span class='ocr_line' id='line_1_17' title="bbox 258 1146 1887 1223; baseline 0.001 -24"><span class='ocrx_word' id='word_1_111' title='bbox 258 1152 401 1220; x_wconf 82' lang='grc' dir='ltr'>μήτε</span> <span class='ocrx_word' id='word_1_112' title='bbox 447 1150 557 1200; x_wconf 87' lang='grc' dir='ltr'>ύπό</span> <span class='ocrx_word' id='word_1_113' title='bbox 586 1155 680 1210; x_wconf 89' lang='grc' dir='ltr'><strong>τῆς</strong></span> <span class='ocrx_word' id='word_1_114' title='bbox 756 1146 917 1210; x_wconf 80' lang='grc' dir='ltr'>ἀκοῆς</span> <span class='ocrx_word' id='word_1_115' title='bbox 972 1156 1070 1200; x_wconf 88' lang='grc' dir='ltr'>τῶν</span> <span class='ocrx_word' id='word_1_116' title='bbox 1126 1148 1356 1220; x_wconf 84' lang='grc' dir='ltr'>πολέμων</span> <span class='ocrx_word' id='word_1_117' title='bbox 1441 1150 1744 1223; x_wconf 87' lang='grc' dir='ltr'>θροηθῆναι.</span> <span class='ocrx_word' id='word_1_118' title='bbox 1805 1154 1887 1201; x_wconf 89' lang='grc' dir='ltr'><strong>Δι-</strong></span> 
     </span>
    </p>
   </div>
   <div class='ocr_carea' id='block_1_18' title="bbox 2000 1142 3647 1229">
    <p class='ocr_par' dir='ltr' id='par_1_18' title="bbox 2000 1142 3647 1218">
     <span class='ocr_line' id='line_1_18' title="bbox 2000 1142 3647 1218; baseline 0.008 -26"><span class='ocrx_word' id='word_1_119' title='bbox 2000 1154 2123 1193; x_wconf 88' lang='lat' dir='ltr'><strong>sam</strong></span> <span class='ocrx_word' id='word_1_120' title='bbox 2149 1142 2394 1211; x_wconf 87' lang='lat' dir='ltr'><strong>vigilare</strong></span> <span class='ocrx_word' id='word_1_121' title='bbox 2412 1144 2600 1215; x_wconf 88' lang='lat' dir='ltr'><strong>jubet,</strong></span> <span class='ocrx_word' id='word_1_122' title='bbox 2617 1150 2740 1202; x_wconf 90' lang='lat' dir='ltr'><strong>tum</strong></span> <span class='ocrx_word' id='word_1_123' title='bbox 2768 1163 2841 1202; x_wconf 89' lang='lat' dir='ltr'><strong>ne</strong></span> <span class='ocrx_word' id='word_1_124' title='bbox 2859 1162 2895 1203; x_wconf 92' lang='lat' dir='ltr'><strong>a</strong></span> <span class='ocrx_word' id='word_1_125' title='bbox 2920 1148 3331 1204; x_wconf 89' lang='lat' dir='ltr'><strong>seductoribus</strong></span> <span class='ocrx_word' id='word_1_126' title='bbox 3350 1148 3647 1218; x_wconf 83' lang='lat' dir='ltr'><strong>fallantur,</strong></span> 
     </span>
    </p>
   </div>
   <div class='ocr_carea' id='block_1_19' title="bbox 266 1230 1913 1312">
    <p class='ocr_par' dir='ltr' id='par_1_19' title="bbox 266 1235 1882 1312">
     <span class='ocr_line' id='line_1_19' title="bbox 266 1235 1882 1312; baseline 0 -23"><span class='ocrx_word' id='word_1_127' title='bbox 266 1236 433 1289; x_wconf 83' lang='grc' dir='ltr'>πλοῦν</span> <span class='ocrx_word' id='word_1_128' title='bbox 488 1239 592 1312; x_wconf 85' lang='grc' dir='ltr'><strong>γὰρ</strong></span> <span class='ocrx_word' id='word_1_129' title='bbox 645 1235 774 1289; x_wconf 83' lang='grc' dir='ltr'>εἶναι</span> <span class='ocrx_word' id='word_1_130' title='bbox 815 1240 903 1289; x_wconf 86' lang='grc' dir='ltr'>τὸν</span> <span class='ocrx_word' id='word_1_131' title='bbox 945 1236 1184 1309; x_wconf 83' lang='grc' dir='ltr'>πόλεμον,</span> <span class='ocrx_word' id='word_1_132' title='bbox 1247 1235 1348 1290; x_wconf 89' lang='grc' dir='ltr'><strong>ἀπό</strong></span> <span class='ocrx_word' id='word_1_133' title='bbox 1400 1258 1453 1291; x_wconf 85' lang='grc' dir='ltr'><strong>τε</strong></span> <span class='ocrx_word' id='word_1_134' title='bbox 1507 1247 1605 1290; x_wconf 89' lang='grc' dir='ltr'>τῶν</span> <span class='ocrx_word' id='word_1_135' title='bbox 1662 1238 1882 1304; x_wconf 86' lang='grc' dir='ltr'>πλάνων,</span> 
     </span>
    </p>
   </div>
   <div class='ocr_carea' id='block_1_20' title="bbox 2003 1230 3650 1312">
    <p class='ocr_par' dir='ltr' id='par_1_20' title="bbox 2003 1230 3650 1310">
     <span class='ocr_line' id='line_1_20' title="bbox 2003 1230 3650 1310; baseline 0.007 -28"><span class='ocrx_word' id='word_1_136' title='bbox 2003 1230 2114 1282; x_wconf 90' lang='lat' dir='ltr'><strong>tum</strong></span> <span class='ocrx_word' id='word_1_137' title='bbox 2142 1242 2215 1286; x_wconf 90' lang='lat' dir='ltr'><strong>ne</strong></span> <span class='ocrx_word' id='word_1_138' title='bbox 2241 1248 2276 1288; x_wconf 90' lang='lat' dir='ltr'><strong>a</strong></span> <span class='ocrx_word' id='word_1_139' title='bbox 2300 1232 2596 1290; x_wconf 90' lang='lat' dir='ltr'><strong>bellorum</strong></span> <span class='ocrx_word' id='word_1_140' title='bbox 2623 1252 2864 1291; x_wconf 89' lang='lat' dir='ltr'><strong>rumore</strong></span> <span class='ocrx_word' id='word_1_141' title='bbox 2916 1236 3248 1293; x_wconf 90' lang='lat' dir='ltr'><strong>turbentur.</strong></span> <span class='ocrx_word' id='word_1_142' title='bbox 3302 1238 3539 1310; x_wconf 83' lang='lat' dir='ltr'><strong>Duplex</strong></span> <span class='ocrx_word' id='word_1_143' title='bbox 3573 1238 3650 1294; x_wconf 89' lang='lat' dir='ltr'><strong>si-</strong></span> 
     </span>
    </p>
   </div>
   <div class='ocr_carea' id='block_1_21' title="bbox 265 1319 1912 1399">
    <p class='ocr_par' dir='ltr' id='par_1_21' title="bbox 265 1324 1886 1399">
     <span class='ocr_line' id='line_1_21' title="bbox 265 1324 1886 1399; baseline 0.001 -22"><span class='ocrx_word' id='word_1_144' title='bbox 265 1324 373 1379; x_wconf 85' lang='grc' dir='ltr'><strong>ἀπό</strong></span> <span class='ocrx_word' id='word_1_145' title='bbox 425 1345 483 1378; x_wconf 87' lang='grc' dir='ltr'><strong>τε</strong></span> <span class='ocrx_word' id='word_1_146' title='bbox 528 1333 629 1378; x_wconf 89' lang='grc' dir='ltr'>τῶν</span> <span class='ocrx_word' id='word_1_147' title='bbox 668 1326 951 1399; x_wconf 85' lang='grc' dir='ltr'>Ῥωμαίων,</span> <span class='ocrx_word' id='word_1_148' title='bbox 1009 1331 1100 1379; x_wconf 87' lang='grc' dir='ltr'>καὶ</span> <span class='ocrx_word' id='word_1_149' title='bbox 1144 1326 1334 1386; x_wconf 78' lang='grc' dir='ltr'>πολλὴν</span> <span class='ocrx_word' id='word_1_150' title='bbox 1380 1332 1469 1381; x_wconf 87' lang='grc' dir='ltr'>καὶ</span> <span class='ocrx_word' id='word_1_151' title='bbox 1525 1327 1764 1386; x_wconf 82' lang='grc' dir='ltr'>ποικίλην</span> <span class='ocrx_word' id='word_1_152' title='bbox 1794 1332 1886 1386; x_wconf 84' lang='grc' dir='ltr'>τὴν</span> 
     </span>
    </p>
   </div>
   <div class='ocr_carea' id='block_1_22' title="bbox 2004 1319 3651 1399">
    <p class='ocr_par' dir='ltr' id='par_1_22' title="bbox 2004 1319 3651 1393">
     <span class='ocr_line' id='line_1_22' title="bbox 2004 1319 3651 1393; baseline 0.007 -21"><span class='ocrx_word' id='word_1_153' title='bbox 2004 1319 2242 1391; x_wconf 79' lang='lat' dir='ltr'><strong>quidem</strong></span> <span class='ocrx_word' id='word_1_154' title='bbox 2280 1323 2363 1378; x_wconf 89' lang='lat' dir='ltr'><strong>ait</strong></span> <span class='ocrx_word' id='word_1_155' title='bbox 2388 1322 2607 1380; x_wconf 90' lang='lat' dir='ltr'><strong>instare</strong></span> <span class='ocrx_word' id='word_1_156' title='bbox 2638 1324 2881 1393; x_wconf 92' lang='lat' dir='ltr'><strong>bellum,</strong></span> <span class='ocrx_word' id='word_1_157' title='bbox 2910 1329 2966 1381; x_wconf 93' lang='lat' dir='ltr'><strong>et</strong></span> <span class='ocrx_word' id='word_1_158' title='bbox 3009 1342 3045 1382; x_wconf 89' lang='lat' dir='ltr'><strong>a</strong></span> <span class='ocrx_word' id='word_1_159' title='bbox 3074 1326 3174 1382; x_wconf 82' lang='lat' dir='ltr'><strong>sed</strong></span> <span class='ocrx_word' id='word_1_160' title='bbox 3189 1326 3503 1393; x_wconf 92' lang='lat' dir='ltr'><strong>uctoribus,</strong></span> <span class='ocrx_word' id='word_1_161' title='bbox 3530 1330 3586 1382; x_wconf 89' lang='lat' dir='ltr'><strong>et</strong></span> <span class='ocrx_word' id='word_1_162' title='bbox 3614 1342 3651 1383; x_wconf 86' lang='lat' dir='ltr'><strong>a</strong></span> 
     </span>
    </p>
   </div>
   <div class='ocr_carea' id='block_1_23' title="bbox 266 1408 1913 1486">
    <p class='ocr_par' dir='ltr' id='par_1_23' title="bbox 266 1414 1076 1485">
     <span class='ocr_line' id='line_1_23' title="bbox 266 1414 1076 1485; baseline 0.004 -18"><span class='ocrx_word' id='word_1_163' title='bbox 266 1414 462 1485; x_wconf 76' lang='grc' dir='ltr'>ζάλην,</span> <span class='ocrx_word' id='word_1_164' title='bbox 492 1420 586 1468; x_wconf 80' lang='grc' dir='ltr'><strong>καὶ</strong></span> <span class='ocrx_word' id='word_1_165' title='bbox 615 1414 757 1478; x_wconf 77' lang='grc' dir='ltr'>ἐντὸς</span> <span class='ocrx_word' id='word_1_166' title='bbox 788 1420 879 1468; x_wconf 83' lang='grc' dir='ltr'>καὶ</span> <span class='ocrx_word' id='word_1_167' title='bbox 910 1416 1076 1479; x_wconf 85' lang='grc' dir='ltr'>ἐκτός.</span> 
     </span>
    </p>
   </div>
   <div class='ocr_carea' id='block_1_24' title="bbox 2005 1408 3652 1486">
    <p class='ocr_par' dir='ltr' id='par_1_24' title="bbox 2005 1408 3652 1486">
     <span class='ocr_line' id='line_1_24' title="bbox 2005 1408 3652 1486; baseline 0.001 -16"><span class='ocrx_word' id='word_1_168' title='bbox 2005 1408 2304 1481; x_wconf 78' lang='lat' dir='ltr'><strong>Romanis,</strong></span> <span class='ocrx_word' id='word_1_169' title='bbox 2338 1412 2704 1486; x_wconf 85' lang='lat' dir='ltr'><strong>multamque</strong></span> <span class='ocrx_word' id='word_1_170' title='bbox 2730 1431 2798 1470; x_wconf 88' lang='lat' dir='ltr'><strong>ac</strong></span> <span class='ocrx_word' id='word_1_171' title='bbox 2826 1415 3052 1472; x_wconf 88' lang='lat' dir='ltr'><strong>variam</strong></span> <span class='ocrx_word' id='word_1_172' title='bbox 3074 1416 3564 1481; x_wconf 91' lang='lat' dir='ltr'><strong>commotionem,</strong></span> <span class='ocrx_word' id='word_1_173' title='bbox 3594 1419 3652 1472; x_wconf 88' lang='lat' dir='ltr'><strong>et</strong></span> 
     </span>
    </p>
   </div>
   <div class='ocr_carea' id='block_1_25' title="bbox 1995 1504 2630 1560">
    <p class='ocr_par' dir='ltr' id='par_1_25' title="bbox 1995 1504 2630 1560">
     <span class='ocr_line' id='line_1_25' title="bbox 1995 1504 2630 1560; baseline -0.003 0"><span class='ocrx_word' id='word_1_174' title='bbox 1995 1504 2240 1560; x_wconf 87' lang='lat' dir='ltr'><strong>interius</strong></span> <span class='ocrx_word' id='word_1_175' title='bbox 2271 1506 2328 1560; x_wconf 91' lang='lat' dir='ltr'><strong>et</strong></span> <span class='ocrx_word' id='word_1_176' title='bbox 2356 1504 2630 1558; x_wconf 82' lang='lat' dir='ltr'><strong>exterius.</strong></span> 
     </span>
    </p>
   </div>
   <div class='ocr_carea' id='block_1_26' title="bbox 341 1594 1988 1689">
    <p class='ocr_par' dir='ltr' id='par_1_26' title="bbox 341 1611 1888 1689">
     <span class='ocr_line' id='line_1_26' title="bbox 341 1611 1888 1689; baseline 0.001 -23"><span class='ocrx_word' id='word_1_177' title='bbox 341 1611 723 1686; x_wconf 79' lang='grc' dir='ltr'>Ἐγερθήσεται</span> <span class='ocrx_word' id='word_1_178' title='bbox 771 1643 839 1653; x_wconf 93' lang='lat'><strong>—</strong></span> <span class='ocrx_word' id='word_1_179' title='bbox 910 1613 1200 1685; x_wconf 81' lang='grc' dir='ltr'>βασιλείαν.</span> <span class='ocrx_word' id='word_1_180' title='bbox 1252 1617 1329 1669; x_wconf 85' lang='grc' dir='ltr'><strong>Τὰ</strong></span> <span class='ocrx_word' id='word_1_181' title='bbox 1384 1616 1500 1674; x_wconf 81' lang='grc' dir='ltr'>ἔθνη</span> <span class='ocrx_word' id='word_1_182' title='bbox 1556 1617 1623 1667; x_wconf 85' lang='grc' dir='ltr'>τὰ</span> <span class='ocrx_word' id='word_1_183' title='bbox 1681 1635 1888 1689; x_wconf 82' lang='grc' dir='ltr'>συμμα-</span> 
     </span>
    </p>
   </div>
   <div class='ocr_carea' id='block_1_27' title="bbox 2005 1594 3652 1689">
    <p class='ocr_par' dir='ltr' id='par_1_27' title="bbox 2066 1594 3652 1665">
     <span class='ocr_line' id='line_1_27' title="bbox 2066 1594 3652 1665; baseline 0.002 -17"><span class='ocrx_word' id='word_1_184' title='bbox 2066 1596 2225 1648; x_wconf 88' lang='lat' dir='ltr'><strong>Vers.</strong></span> <span class='ocrx_word' id='word_1_185' title='bbox 2262 1594 2630 1664; x_wconf 79' lang='lat' dir='ltr'><strong>7.Ea:surget</strong></span> <span class='ocrx_word' id='word_1_186' title='bbox 2658 1625 2727 1635; x_wconf 94' lang='lat'><strong>—</strong></span> <span class='ocrx_word' id='word_1_187' title='bbox 2754 1608 3024 1665; x_wconf 83' lang='lat' dir='ltr'><strong>regnum.</strong></span> <span class='ocrx_word' id='word_1_188' title='bbox 3075 1596 3287 1650; x_wconf 90' lang='lat' dir='ltr'><strong>Gentes</strong></span> <span class='ocrx_word' id='word_1_189' title='bbox 3337 1596 3513 1651; x_wconf 63' lang='lat' dir='ltr'><strong>sociae</strong></span> <span class='ocrx_word' id='word_1_190' title='bbox 3543 1597 3652 1651; x_wconf 83' lang='lat' dir='ltr'><strong>Bo-</strong></span> 
     </span>
    </p>
   </div>
   <div class='ocr_carea' id='block_1_28' title="bbox 269 1683 1916 1778">
    <p class='ocr_par' dir='ltr' id='par_1_28' title="bbox 269 1701 1890 1778">
     <span class='ocr_line' id='line_1_28' title="bbox 269 1701 1890 1778; baseline 0.004 -27"><span class='ocrx_word' id='word_1_191' title='bbox 269 1708 485 1773; x_wconf 85' lang='grc' dir='ltr'>χοῦντα</span> <span class='ocrx_word' id='word_1_192' title='bbox 555 1701 828 1774; x_wconf 83' lang='grc' dir='ltr'>Ῥωμαίοις</span> <span class='ocrx_word' id='word_1_193' title='bbox 876 1702 962 1756; x_wconf 78' lang='grc' dir='ltr'><strong>ἐπὶ</strong></span> <span class='ocrx_word' id='word_1_194' title='bbox 1021 1706 1086 1756; x_wconf 85' lang='grc' dir='ltr'><strong>τά</strong></span> <span class='ocrx_word' id='word_1_195' title='bbox 1162 1704 1279 1763; x_wconf 85' lang='grc' dir='ltr'>ἔθνη</span> <span class='ocrx_word' id='word_1_196' title='bbox 1365 1707 1431 1757; x_wconf 88' lang='grc' dir='ltr'><strong>τά</strong></span> <span class='ocrx_word' id='word_1_197' title='bbox 1502 1713 1890 1778; x_wconf 82' lang='grc' dir='ltr'>συμμαχοῦντα</span> 
     </span>
    </p>
   </div>
   <div class='ocr_carea' id='block_1_29' title="bbox 2005 1683 3652 1778">
    <p class='ocr_par' dir='ltr' id='par_1_29' title="bbox 2005 1683 3652 1757">
     <span class='ocr_line' id='line_1_29' title="bbox 2005 1683 3652 1757; baseline 0.001 -18"><span class='ocrx_word' id='word_1_198' title='bbox 2005 1699 2320 1740; x_wconf 88' lang='lat' dir='ltr'><strong>manorum</strong></span> <span class='ocrx_word' id='word_1_199' title='bbox 2378 1683 2435 1738; x_wconf 94' lang='lat' dir='ltr'><strong>in</strong></span> <span class='ocrx_word' id='word_1_200' title='bbox 2486 1687 2693 1753; x_wconf 88' lang='lat' dir='ltr'><strong>gentes</strong></span> <span class='ocrx_word' id='word_1_201' title='bbox 2730 1684 2946 1740; x_wconf 72' lang='lat' dir='ltr'><strong>Judaeis</strong></span> <span class='ocrx_word' id='word_1_202' title='bbox 2994 1685 3354 1752; x_wconf 64' lang='lat' dir='ltr'><strong>foederatas;</strong></span> <span class='ocrx_word' id='word_1_203' title='bbox 3390 1690 3446 1741; x_wconf 91' lang='lat' dir='ltr'><strong>et</strong></span> <span class='ocrx_word' id='word_1_204' title='bbox 3469 1701 3652 1757; x_wconf 88' lang='lat' dir='ltr'><strong>regna</strong></span> 
     </span>
    </p>
   </div>
   <div class='ocr_carea' id='block_1_30' title="bbox 274 1772 1921 1870">
    <p class='ocr_par' dir='ltr' id='par_1_30' title="bbox 274 1786 1889 1870">
     <span class='ocr_line' id='line_1_30' title="bbox 274 1786 1889 1870; baseline 0.002 -26"><span class='ocrx_word' id='word_1_205' title='bbox 274 1786 589 1857; x_wconf 72' lang='grc' dir='ltr'>Ἰουδαίοις,</span> <span class='ocrx_word' id='word_1_206' title='bbox 654 1796 742 1844; x_wconf 84' lang='grc' dir='ltr'>καὶ</span> <span class='ocrx_word' id='word_1_207' title='bbox 793 1794 846 1844; x_wconf 74' lang='grc' dir='ltr'>αἱ</span> <span class='ocrx_word' id='word_1_208' title='bbox 903 1791 1190 1865; x_wconf 82' lang='grc' dir='ltr'>βασιλεῖαι,</span> <span class='ocrx_word' id='word_1_209' title='bbox 1235 1796 1290 1847; x_wconf 81' lang='grc' dir='ltr'>αἱ</span> <span class='ocrx_word' id='word_1_210' title='bbox 1343 1798 1709 1870; x_wconf 79' lang='grc' dir='ltr'>συναιρόμεναι</span> <span class='ocrx_word' id='word_1_211' title='bbox 1765 1795 1889 1847; x_wconf 81' lang='grc' dir='ltr'><strong>Ῥω-</strong></span> 
     </span>
    </p>
   </div>
   <div class='ocr_carea' id='block_1_31' title="bbox 2005 1772 3652 1870">
    <p class='ocr_par' dir='ltr' id='par_1_31' title="bbox 2005 1772 3652 1843">
     <span class='ocr_line' id='line_1_31' title="bbox 2005 1772 3652 1843; baseline 0.001 -15"><span class='ocrx_word' id='word_1_212' title='bbox 2005 1772 2306 1829; x_wconf 79' lang='lat' dir='ltr'><strong>auxiliaria</strong></span> <span class='ocrx_word' id='word_1_213' title='bbox 2335 1773 2634 1840; x_wconf 84' lang='lat' dir='ltr'><strong>Romanis,</strong></span> <span class='ocrx_word' id='word_1_214' title='bbox 2666 1774 2721 1829; x_wconf 90' lang='lat' dir='ltr'><strong>in</strong></span> <span class='ocrx_word' id='word_1_215' title='bbox 2747 1790 2934 1843; x_wconf 88' lang='lat' dir='ltr'><strong>regna</strong></span> <span class='ocrx_word' id='word_1_216' title='bbox 2976 1774 3288 1831; x_wconf 81' lang='lat' dir='ltr'><strong>auxiliaria</strong></span> <span class='ocrx_word' id='word_1_217' title='bbox 3315 1775 3532 1831; x_wconf 71' lang='lat' dir='ltr'><strong>Judaeis</strong></span> <span class='ocrx_word' id='word_1_218' title='bbox 3559 1790 3572 1842; x_wconf 91' lang='lat'>;</span> <span class='ocrx_word' id='word_1_219' title='bbox 3595 1777 3652 1830; x_wconf 88' lang='lat' dir='ltr'><strong>et</strong></span> 
     </span>
    </p>
   </div>
   <div class='ocr_carea' id='block_1_32' title="bbox 274 1861 1921 1955">
    <p class='ocr_par' dir='ltr' id='par_1_32' title="bbox 274 1861 1921 1955">
     <span class='ocr_line' id='line_1_32' title="bbox 274 1861 1921 1955; baseline 0.004 -25"><span class='ocrx_word' id='word_1_220' title='bbox 274 1883 479 1951; x_wconf 88' lang='grc' dir='ltr'>μαίοις,</span> <span class='ocrx_word' id='word_1_221' title='bbox 523 1878 607 1932; x_wconf 79' lang='grc' dir='ltr'><strong>ἐπὶ</strong></span> <span class='ocrx_word' id='word_1_222' title='bbox 682 1882 776 1942; x_wconf 83' lang='grc' dir='ltr'><strong>τὰς</strong></span> <span class='ocrx_word' id='word_1_223' title='bbox 856 1861 1227 1955; x_wconf 76' lang='grc' dir='ltr'>συναιρομένας</span> <span class='ocrx_word' id='word_1_224' title='bbox 1286 1861 1587 1946; x_wconf 77' lang='grc' dir='ltr'>Ἰουδαίοις.</span> <span class='ocrx_word' id='word_1_225' title='bbox 1647 1889 1746 1937; x_wconf 80' lang='grc' dir='ltr'><strong>Καὶ</strong></span> <span class='ocrx_word' id='word_1_226' title='bbox 1796 1868 1921 1937; x_wconf 38' lang='grc' dir='ltr'>διάξ</span> 
     </span>
    </p>
   </div>
   <div class='ocr_carea' id='block_1_33' title="bbox 1514 1861 3161 1955">
    <p class='ocr_par' dir='ltr' id='par_1_33' title="bbox 1514 1861 3161 1946">
     <span class='ocr_line' id='line_1_33' title="bbox 1514 1861 3161 1946; baseline -0.006 -19"><span class='ocrx_word' id='word_1_227' title='bbox 1514 1861 1587 1946; x_wconf 53' lang='grc' dir='ltr'><strong>αξ,</strong></span> <span class='ocrx_word' id='word_1_228' title='bbox 1647 1889 1746 1937; x_wconf 67' lang='grc' dir='ltr'><strong>Καὶ</strong></span> <span class='ocrx_word' id='word_1_229' title='bbox 1796 1881 1890 1937; x_wconf 66' lang='grc' dir='ltr'><strong>διὰ</strong></span> <span class='ocrx_word' id='word_1_230' title='bbox 1918 1868 1963 1923; x_wconf 89' lang='grc' dir='ltr'>Β</span> <span class='ocrx_word' id='word_1_231' title='bbox 1998 1866 2314 1934; x_wconf 91' lang='lat' dir='ltr'><strong>propterea</strong></span> <span class='ocrx_word' id='word_1_232' title='bbox 2341 1861 2517 1918; x_wconf 82' lang='lat' dir='ltr'><strong>fortia</strong></span> <span class='ocrx_word' id='word_1_233' title='bbox 2542 1866 2715 1919; x_wconf 90' lang='lat' dir='ltr'><strong>erunt</strong></span> <span class='ocrx_word' id='word_1_234' title='bbox 2744 1863 2962 1919; x_wconf 92' lang='lat' dir='ltr'><strong>horum</strong></span> <span class='ocrx_word' id='word_1_235' title='bbox 2988 1863 3161 1919; x_wconf 90' lang='lat' dir='ltr'><strong>bella.</strong></span> 
     </span>
    </p>
   </div>
   <div class='ocr_carea' id='block_1_34' title="bbox 276 1968 1494 2046">
    <p class='ocr_par' dir='ltr' id='par_1_34' title="bbox 276 1968 1494 2046">
     <span class='ocr_line' id='line_1_34' title="bbox 276 1968 1494 2046; baseline 0.006 -26"><span class='ocrx_word' id='word_1_236' title='bbox 276 1975 437 2021; x_wconf 87' lang='grc' dir='ltr'>τοῦτο</span> <span class='ocrx_word' id='word_1_237' title='bbox 472 1968 693 2043; x_wconf 84' lang='grc' dir='ltr'>ἰσχυροὶ</span> <span class='ocrx_word' id='word_1_238' title='bbox 720 1973 1024 2041; x_wconf 83' lang='grc' dir='ltr'>γενήσονται</span> <span class='ocrx_word' id='word_1_239' title='bbox 1050 1974 1241 2024; x_wconf 90' lang='grc' dir='ltr'>τούτων</span> <span class='ocrx_word' id='word_1_240' title='bbox 1262 1973 1494 2046; x_wconf 83' lang='grc' dir='ltr'>πόλεμοι.</span> 
     </span>
    </p>
   </div>
   <div class='ocr_carea' id='block_1_35' title="bbox 354 2056 2001 2136">
    <p class='ocr_par' dir='ltr' id='par_1_35' title="bbox 354 2060 1890 2136">
     <span class='ocr_line' id='line_1_35' title="bbox 354 2060 1890 2136; baseline 0.004 -26"><span class='ocrx_word' id='word_1_241' title='bbox 354 2062 460 2111; x_wconf 78' lang='grc' dir='ltr'><strong>Καὶ</strong></span> <span class='ocrx_word' id='word_1_242' title='bbox 512 2089 585 2098; x_wconf 88' lang='grc'><strong><em>-</em></strong></span> <span class='ocrx_word' id='word_1_243' title='bbox 610 2064 816 2122; x_wconf 81' lang='grc' dir='ltr'>τόπους.</span> <span class='ocrx_word' id='word_1_244' title='bbox 872 2062 1015 2114; x_wconf 84' lang='grc' dir='ltr'>Κατὰ</span> <span class='ocrx_word' id='word_1_245' title='bbox 1044 2066 1233 2124; x_wconf 89' lang='grc' dir='ltr'>τόπους</span> <span class='ocrx_word' id='word_1_246' title='bbox 1274 2071 1372 2115; x_wconf 88' lang='grc' dir='ltr'>τῶν</span> <span class='ocrx_word' id='word_1_247' title='bbox 1414 2060 1701 2117; x_wconf 82' lang='grc' dir='ltr'>Ἰουδαίων.</span> <span class='ocrx_word' id='word_1_248' title='bbox 1738 2064 1890 2136; x_wconf 83' lang='grc' dir='ltr'>Παρὰ</span> 
     </span>
    </p>
   </div>
   <div class='ocr_carea' id='block_1_36' title="bbox 2002 2056 3649 2136">
    <p class='ocr_par' dir='ltr' id='par_1_36' title="bbox 2070 2056 3649 2126">
     <span class='ocr_line' id='line_1_36' title="bbox 2070 2056 3649 2126; baseline 0.001 -15"><span class='ocrx_word' id='word_1_249' title='bbox 2070 2058 2227 2112; x_wconf 90' lang='lat' dir='ltr'><strong>Vers.</strong></span> <span class='ocrx_word' id='word_1_250' title='bbox 2256 2060 2311 2111; x_wconf 85' lang='lat'><strong>7.</strong></span> <span class='ocrx_word' id='word_1_251' title='bbox 2337 2056 2417 2112; x_wconf 85' lang='lat' dir='ltr'><strong>Et</strong></span> <span class='ocrx_word' id='word_1_252' title='bbox 2437 2086 2506 2097; x_wconf 94' lang='lat'><strong>—</strong></span> <span class='ocrx_word' id='word_1_253' title='bbox 2543 2058 2692 2113; x_wconf 77' lang='lat' dir='ltr'><strong>loca.</strong></span> <span class='ocrx_word' id='word_1_254' title='bbox 2734 2059 2854 2111; x_wconf 84' lang='lat' dir='ltr'><strong>Hoc</strong></span> <span class='ocrx_word' id='word_1_255' title='bbox 2897 2060 2984 2112; x_wconf 90' lang='lat' dir='ltr'><strong>est</strong></span> <span class='ocrx_word' id='word_1_256' title='bbox 3028 2056 3278 2126; x_wconf 88' lang='lat' dir='ltr'><strong>singulis</strong></span> <span class='ocrx_word' id='word_1_257' title='bbox 3305 2056 3649 2114; x_wconf 66' lang='lat' dir='ltr'><strong>Iudaeorum</strong></span> 
     </span>
    </p>
   </div>
   <div class='ocr_carea' id='block_1_37' title="bbox 276 2144 1923 2225">
    <p class='ocr_par' dir='ltr' id='par_1_37' title="bbox 276 2144 1890 2225">
     <span class='ocr_line' id='line_1_37' title="bbox 276 2144 1890 2225; baseline 0.002 -24"><span class='ocrx_word' id='word_1_258' title='bbox 276 2154 351 2219; x_wconf 84' lang='grc' dir='ltr'>τῷ</span> <span class='ocrx_word' id='word_1_259' title='bbox 429 2153 617 2219; x_wconf 84' lang='grc' dir='ltr'>Λουκᾷ</span> <span class='ocrx_word' id='word_1_260' title='bbox 691 2144 750 2201; x_wconf 75' lang='grc' dir='ltr'>δὲ</span> <span class='ocrx_word' id='word_1_261' title='bbox 820 2155 1151 2224; x_wconf 85' lang='grc' dir='ltr'>πρόσκειται,</span> <span class='ocrx_word' id='word_1_262' title='bbox 1227 2153 1308 2204; x_wconf 88' lang='grc' dir='ltr'>ὃτι</span> <span class='ocrx_word' id='word_1_263' title='bbox 1365 2152 1604 2225; x_wconf 78' lang='grc' dir='ltr'>Φόϐητρά</span> <span class='ocrx_word' id='word_1_264' title='bbox 1686 2173 1739 2206; x_wconf 86' lang='grc' dir='ltr'><strong>τε</strong></span> <span class='ocrx_word' id='word_1_265' title='bbox 1799 2157 1890 2205; x_wconf 85' lang='grc' dir='ltr'>καὶ</span> 
     </span>
    </p>
   </div>
   <div class='ocr_carea' id='block_1_38' title="bbox 2004 2144 3651 2225">
    <p class='ocr_par' dir='ltr' id='par_1_38' title="bbox 2004 2145 3651 2218">
     <span class='ocr_line' id='line_1_38' title="bbox 2004 2145 3651 2218; baseline 0.001 -17"><span class='ocrx_word' id='word_1_266' title='bbox 2004 2146 2161 2202; x_wconf 90' lang='lat' dir='ltr'><strong>locis.</strong></span> <span class='ocrx_word' id='word_1_267' title='bbox 2187 2145 2363 2218; x_wconf 85' lang='lat' dir='ltr'><strong>Apud</strong></span> <span class='ocrx_word' id='word_1_268' title='bbox 2394 2148 2613 2201; x_wconf 90' lang='lat' dir='ltr'><strong>Lucam</strong></span> <span class='ocrx_word' id='word_1_269' title='bbox 2641 2145 2880 2217; x_wconf 89' lang='lat' dir='ltr'><strong>ponitur</strong></span> <span class='ocrx_word' id='word_1_270' title='bbox 2916 2162 2927 2201; x_wconf 92' lang='lat'>:</span> <span class='ocrx_word' id='word_1_271' title='bbox 2962 2146 3353 2218; x_wconf 82' lang='lat' dir='ltr'><strong>Terroresque</strong></span> <span class='ocrx_word' id='word_1_272' title='bbox 3377 2153 3430 2202; x_wconf 80' lang='lat' dir='ltr'><strong>et</strong></span> <span class='ocrx_word' id='word_1_273' title='bbox 3485 2149 3651 2218; x_wconf 80' lang='lat' dir='ltr'><strong>signa</strong></span> 
     </span>
    </p>
   </div>
   <div class='ocr_carea' id='block_1_39' title="bbox 276 2235 1923 2315">
    <p class='ocr_par' dir='ltr' id='par_1_39' title="bbox 276 2236 1889 2315">
     <span class='ocr_line' id='line_1_39' title="bbox 276 2236 1889 2315; baseline 0.004 -28"><span class='ocrx_word' id='word_1_274' title='bbox 276 2242 477 2309; x_wconf 87' lang='grc' dir='ltr'>σημεῖα</span> <span class='ocrx_word' id='word_1_275' title='bbox 561 2236 762 2309; x_wconf 84' lang='grc' dir='ltr'>μεγάλα</span> <span class='ocrx_word' id='word_1_276' title='bbox 849 2237 938 2291; x_wconf 77' lang='grc' dir='ltr'>ἀπ’</span> <span class='ocrx_word' id='word_1_277' title='bbox 1041 2240 1260 2315; x_wconf 81' lang='grc' dir='ltr'>ούρανοῦ</span> <span class='ocrx_word' id='word_1_278' title='bbox 1316 2244 1485 2312; x_wconf 83' lang='grc' dir='ltr'>ἔσται,</span> <span class='ocrx_word' id='word_1_279' title='bbox 1538 2244 1620 2295; x_wconf 86' lang='grc' dir='ltr'><strong>ἱνα</strong></span> <span class='ocrx_word' id='word_1_280' title='bbox 1700 2250 1889 2315; x_wconf 84' lang='grc' dir='ltr'>γνῶσιν</span> 
     </span>
    </p>
   </div>
   <div class='ocr_carea' id='block_1_40' title="bbox 2003 2235 3650 2315">
    <p class='ocr_par' dir='ltr' id='par_1_40' title="bbox 2003 2235 3650 2308">
     <span class='ocr_line' id='line_1_40' title="bbox 2003 2235 3650 2308; baseline -0.001 -16"><span class='ocrx_word' id='word_1_281' title='bbox 2003 2251 2036 2292; x_wconf 92' lang='lat' dir='ltr'><strong>a</strong></span> <span class='ocrx_word' id='word_1_282' title='bbox 2065 2236 2195 2290; x_wconf 79' lang='lat' dir='ltr'><strong>ccelo</strong></span> <span class='ocrx_word' id='word_1_283' title='bbox 2224 2250 2438 2307; x_wconf 87' lang='lat' dir='ltr'><strong>magna</strong></span> <span class='ocrx_word' id='word_1_284' title='bbox 2460 2242 2634 2291; x_wconf 82' lang='lat' dir='ltr'><strong>erunt</strong></span> <span class='ocrx_word' id='word_1_285' title='bbox 2666 2236 2735 2306; x_wconf 69' lang='grc' dir='ltr'><strong>⁸ο,</strong></span> <span class='ocrx_word' id='word_1_286' title='bbox 2761 2237 3248 2304; x_wconf 89' lang='lat' dir='ltr'><strong>utcognoscantJ</strong></span> <span class='ocrx_word' id='word_1_287' title='bbox 3258 2235 3411 2290; x_wconf 70' lang='lat' dir='ltr'><strong>udtei</strong></span> <span class='ocrx_word' id='word_1_288' title='bbox 3434 2252 3503 2291; x_wconf 91' lang='lat' dir='ltr'><strong>ea</strong></span> <span class='ocrx_word' id='word_1_289' title='bbox 3516 2252 3650 2308; x_wconf 68' lang='lat' dir='ltr'><strong>qum</strong></span> 
     </span>
    </p>
   </div>
   <div class='ocr_carea' id='block_1_41' title="bbox 269 2322 1916 2403">
    <p class='ocr_par' dir='ltr' id='par_1_41' title="bbox 269 2322 1887 2403">
     <span class='ocr_line' id='line_1_41' title="bbox 269 2322 1887 2403; baseline 0.003 -24"><span class='ocrx_word' id='word_1_290' title='bbox 269 2322 540 2379; x_wconf 86' lang='grc' dir='ltr'>Ἰουδαῖοι</span> <span class='ocrx_word' id='word_1_291' title='bbox 590 2328 864 2398; x_wconf 88' lang='grc' dir='ltr'>θεομηνίαν</span> <span class='ocrx_word' id='word_1_292' title='bbox 922 2324 1050 2382; x_wconf 84' lang='grc' dir='ltr'>εἶναι</span> <span class='ocrx_word' id='word_1_293' title='bbox 1093 2332 1159 2383; x_wconf 84' lang='grc' dir='ltr'>τὰ</span> <span class='ocrx_word' id='word_1_294' title='bbox 1207 2335 1469 2403; x_wconf 76' lang='grc' dir='ltr'>γινόμενα,</span> <span class='ocrx_word' id='word_1_295' title='bbox 1510 2338 1599 2385; x_wconf 84' lang='grc' dir='ltr'><strong>καὶ</strong></span> <span class='ocrx_word' id='word_1_296' title='bbox 1641 2341 1887 2399; x_wconf 87' lang='grc' dir='ltr'>συνῶσιν,</span> 
     </span>
    </p>
   </div>
   <div class='ocr_carea' id='block_1_42' title="bbox 2004 2322 3651 2403">
    <p class='ocr_par' dir='ltr' id='par_1_42' title="bbox 2004 2324 3651 2398">
     <span class='ocr_line' id='line_1_42' title="bbox 2004 2324 3651 2398; baseline 0.001 -18"><span class='ocrx_word' id='word_1_297' title='bbox 2004 2324 2144 2381; x_wconf 85' lang='lat' dir='ltr'><strong>ﬁent</strong></span> <span class='ocrx_word' id='word_1_298' title='bbox 2180 2324 2398 2380; x_wconf 80' lang='lat' dir='ltr'><strong>divinae</strong></span> <span class='ocrx_word' id='word_1_299' title='bbox 2429 2341 2557 2380; x_wconf 91' lang='lat' dir='ltr'><strong>esse</strong></span> <span class='ocrx_word' id='word_1_300' title='bbox 2586 2325 2707 2391; x_wconf 75' lang='lat' dir='ltr'><strong>irae,</strong></span> <span class='ocrx_word' id='word_1_301' title='bbox 2755 2330 2811 2380; x_wconf 91' lang='lat' dir='ltr'><strong>et</strong></span> <span class='ocrx_word' id='word_1_302' title='bbox 2854 2324 3184 2393; x_wconf 85' lang='lat' dir='ltr'><strong>intelligant</strong></span> <span class='ocrx_word' id='word_1_303' title='bbox 3214 2325 3377 2396; x_wconf 91' lang='lat' dir='ltr'><strong>quod</strong></span> <span class='ocrx_word' id='word_1_304' title='bbox 3409 2330 3651 2398; x_wconf 87' lang='lat' dir='ltr'><strong>propter</strong></span> 
     </span>
    </p>
   </div>
   <div class='ocr_carea' id='block_1_43' title="bbox 261 2412 1908 2497">
    <p class='ocr_par' dir='ltr' id='par_1_43' title="bbox 261 2412 1891 2497">
     <span class='ocr_line' id='line_1_43' title="bbox 261 2412 1891 2497; baseline 0.004 -29"><span class='ocrx_word' id='word_1_305' title='bbox 261 2416 343 2468; x_wconf 86' lang='grc' dir='ltr'>ὅτι</span> <span class='ocrx_word' id='word_1_306' title='bbox 406 2412 519 2469; x_wconf 76' lang='grc' dir='ltr'>διὰ</span> <span class='ocrx_word' id='word_1_307' title='bbox 578 2419 670 2476; x_wconf 79' lang='grc' dir='ltr'><strong>τῆν</strong></span> <span class='ocrx_word' id='word_1_308' title='bbox 746 2424 839 2469; x_wconf 80' lang='grc' dir='ltr'><strong>τοῦ</strong></span> <span class='ocrx_word' id='word_1_309' title='bbox 896 2425 1133 2493; x_wconf 83' lang='grc' dir='ltr'>Σωτῆρτς</span> <span class='ocrx_word' id='word_1_310' title='bbox 1215 2419 1476 2497; x_wconf 84' lang='grc' dir='ltr'>ἀναίρεσιν</span> <span class='ocrx_word' id='word_1_311' title='bbox 1550 2428 1718 2475; x_wconf 87' lang='grc' dir='ltr'>ταῦτα</span> <span class='ocrx_word' id='word_1_312' title='bbox 1794 2424 1891 2475; x_wconf 87' lang='grc' dir='ltr'>πά-</span> 
     </span>
    </p>
   </div>
   <div class='ocr_carea' id='block_1_44' title="bbox 1750 2412 3397 2497">
    <p class='ocr_par' dir='ltr' id='par_1_44' title="bbox 1794 2412 3397 2485">
     <span class='ocr_line' id='line_1_44' title="bbox 1794 2412 3397 2485; baseline -0.006 -10"><span class='ocrx_word' id='word_1_313' title='bbox 1794 2424 1891 2475; x_wconf 80' lang='grc' dir='ltr'>πά-</span> <span class='ocrx_word' id='word_1_314' title='bbox 2002 2414 2324 2470; x_wconf 85' lang='lat' dir='ltr'><strong>Salvatoris</strong></span> <span class='ocrx_word' id='word_1_315' title='bbox 2356 2413 2876 2485; x_wconf 88' lang='lat' dir='ltr'><strong>interemptionem</strong></span> <span class='ocrx_word' id='word_1_316' title='bbox 2922 2412 3046 2467; x_wconf 70' lang='lat' dir='ltr'><strong>haec</strong></span> <span class='ocrx_word' id='word_1_317' title='bbox 3075 2413 3397 2483; x_wconf 89' lang='lat' dir='ltr'><strong>patiantur.</strong></span> 
     </span>
    </p>
   </div>
   <div class='ocr_carea' id='block_1_45' title="bbox 262 2523 510 2578">
    <p class='ocr_par' dir='ltr' id='par_1_45' title="bbox 262 2523 510 2578">
     <span class='ocr_line' id='line_1_45' title="bbox 262 2523 510 2578; baseline 0.008 -21"><span class='ocrx_word' id='word_1_318' title='bbox 262 2523 510 2578; x_wconf 74' lang='grc' dir='ltr'>σχουσε.</span> 
     </span>
    </p>
   </div>
   <div class='ocr_carea' id='block_1_46' title="bbox 336 2592 1983 2683">
    <p class='ocr_par' dir='ltr' id='par_1_46' title="bbox 336 2592 1893 2677">
     <span class='ocr_line' id='line_1_46' title="bbox 336 2592 1893 2677; baseline 0.004 -29"><span class='ocrx_word' id='word_1_319' title='bbox 336 2596 538 2648; x_wconf 71' lang='grc' dir='ltr'>Πάντα</span> <span class='ocrx_word' id='word_1_320' title='bbox 592 2624 660 2637; x_wconf 93' lang='grc'><strong><em>-</em></strong></span> <span class='ocrx_word' id='word_1_321' title='bbox 714 2592 934 2653; x_wconf 83' lang='grc' dir='ltr'>ὠδίνων.</span> <span class='ocrx_word' id='word_1_322' title='bbox 1007 2598 1176 2673; x_wconf 83' lang='grc' dir='ltr'>Ἀρχὴ</span> <span class='ocrx_word' id='word_1_323' title='bbox 1235 2607 1333 2652; x_wconf 89' lang='grc' dir='ltr'>τῶν</span> <span class='ocrx_word' id='word_1_324' title='bbox 1394 2609 1586 2666; x_wconf 83' lang='grc' dir='ltr'>κακῶν,</span> <span class='ocrx_word' id='word_1_325' title='bbox 1641 2605 1893 2677; x_wconf 83' lang='grc' dir='ltr'>προοίμια</span> 
     </span>
    </p>
   </div>
   <div class='ocr_carea' id='block_1_47' title="bbox 2006 2592 3653 2683">
    <p class='ocr_par' dir='ltr' id='par_1_47' title="bbox 2070 2608 3653 2683">
     <span class='ocr_line' id='line_1_47' title="bbox 2070 2608 3653 2683; baseline 0.001 -17"><span class='ocrx_word' id='word_1_326' title='bbox 2070 2612 2233 2666; x_wconf 83' lang='lat' dir='ltr'><strong>Vers.</strong></span> <span class='ocrx_word' id='word_1_327' title='bbox 2263 2609 2316 2663; x_wconf 92' lang='lat'><strong>8.</strong></span> <span class='ocrx_word' id='word_1_328' title='bbox 2344 2608 2632 2665; x_wconf 82' lang='lat' dir='ltr'><strong>Omnia—</strong></span> <span class='ocrx_word' id='word_1_329' title='bbox 2652 2609 2945 2667; x_wconf 85' lang='lat' dir='ltr'><strong>dolorum.</strong></span> <span class='ocrx_word' id='word_1_330' title='bbox 2972 2610 3334 2683; x_wconf 90' lang='lat' dir='ltr'><strong>Principium</strong></span> <span class='ocrx_word' id='word_1_331' title='bbox 3353 2610 3653 2667; x_wconf 90' lang='lat' dir='ltr'><strong>malorum</strong></span> 
     </span>
    </p>
   </div>
   <div class='ocr_carea' id='block_1_48' title="bbox 267 2686 1914 2771">
    <p class='ocr_par' dir='ltr' id='par_1_48' title="bbox 267 2686 1888 2766">
     <span class='ocr_line' id='line_1_48' title="bbox 267 2686 1888 2766; baseline 0.006 -29"><span class='ocrx_word' id='word_1_332' title='bbox 267 2691 367 2737; x_wconf 85' lang='grc' dir='ltr'>τῶν</span> <span class='ocrx_word' id='word_1_333' title='bbox 437 2694 754 2760; x_wconf 71' lang='grc' dir='ltr'>συμφορῶν,</span> <span class='ocrx_word' id='word_1_334' title='bbox 831 2694 932 2738; x_wconf 87' lang='grc' dir='ltr'>τῶν</span> <span class='ocrx_word' id='word_1_335' title='bbox 1018 2694 1121 2749; x_wconf 89' lang='grc' dir='ltr'>τοῖς</span> <span class='ocrx_word' id='word_1_336' title='bbox 1168 2686 1447 2752; x_wconf 88' lang='grc' dir='ltr'>Ἰουδαίοις</span> <span class='ocrx_word' id='word_1_337' title='bbox 1513 2689 1888 2766; x_wconf 70' lang='grc' dir='ltr'>ἐπερχομὲνων.</span> 
     </span>
    </p>
   </div>
   <div class='ocr_carea' id='block_1_49' title="bbox 1997 2686 3644 2771">
    <p class='ocr_par' dir='ltr' id='par_1_49' title="bbox 2001 2698 3644 2771">
     <span class='ocr_line' id='line_1_49' title="bbox 2001 2698 3644 2771; baseline 0 -15"><span class='ocrx_word' id='word_1_338' title='bbox 2001 2703 2058 2756; x_wconf 90' lang='lat' dir='ltr'><strong>et</strong></span> <span class='ocrx_word' id='word_1_339' title='bbox 2087 2699 2416 2771; x_wconf 89' lang='lat' dir='ltr'><strong>primordia</strong></span> <span class='ocrx_word' id='word_1_340' title='bbox 2436 2698 2844 2755; x_wconf 88' lang='lat' dir='ltr'><strong>calamitatum</strong></span> <span class='ocrx_word' id='word_1_341' title='bbox 2874 2715 3010 2771; x_wconf 75' lang='lat' dir='ltr'><strong>quae</strong></span> <span class='ocrx_word' id='word_1_342' title='bbox 3040 2699 3263 2754; x_wconf 68' lang='lat' dir='ltr'><strong>Iudaeis</strong></span> <span class='ocrx_word' id='word_1_343' title='bbox 3303 2699 3644 2756; x_wconf 88' lang='lat' dir='ltr'><strong>imminent.</strong></span> 
     </span>
    </p>
   </div>
   <div class='ocr_carea' id='block_1_50' title="bbox 340 2774 1987 2860">
    <p class='ocr_par' dir='ltr' id='par_1_50' title="bbox 340 2774 1892 2853">
     <span class='ocr_line' id='line_1_50' title="bbox 340 2774 1892 2853; baseline 0.004 -26"><span class='ocrx_word' id='word_1_344' title='bbox 340 2778 475 2828; x_wconf 81' lang='grc' dir='ltr'>Τότε</span> <span class='ocrx_word' id='word_1_345' title='bbox 532 2804 602 2815; x_wconf 88' lang='lat'><em>—</em></span> <span class='ocrx_word' id='word_1_346' title='bbox 653 2774 867 2846; x_wconf 67' lang='grc' dir='ltr'>θλίψιν..</span> <span class='ocrx_word' id='word_1_347' title='bbox 905 2780 1051 2841; x_wconf 81' lang='grc' dir='ltr'>Τότε,</span> <span class='ocrx_word' id='word_1_348' title='bbox 1103 2781 1227 2831; x_wconf 87' lang='grc' dir='ltr'>πότε</span> <span class='ocrx_word' id='word_1_349' title='bbox 1272 2796 1285 2845; x_wconf 91' lang='grc'>;</span> <span class='ocrx_word' id='word_1_350' title='bbox 1340 2783 1447 2853; x_wconf 88' lang='grc' dir='ltr'>Πρὸ</span> <span class='ocrx_word' id='word_1_351' title='bbox 1500 2788 1595 2843; x_wconf 89' lang='grc' dir='ltr'><strong>τῆς</strong></span> <span class='ocrx_word' id='word_1_352' title='bbox 1654 2779 1892 2833; x_wconf 87' lang='grc' dir='ltr'>ἀπόστα-</span> 
     </span>
    </p>
   </div>
   <div class='ocr_carea' id='block_1_51' title="bbox 2007 2774 3654 2860">
    <p class='ocr_par' dir='ltr' id='par_1_51' title="bbox 2073 2788 3654 2860">
     <span class='ocr_line' id='line_1_51' title="bbox 2073 2788 3654 2860; baseline 0.003 -18"><span class='ocrx_word' id='word_1_353' title='bbox 2073 2788 2241 2844; x_wconf 88' lang='lat' dir='ltr'><strong>Vers.</strong></span> <span class='ocrx_word' id='word_1_354' title='bbox 2281 2793 2331 2844; x_wconf 92' lang='lat'><strong>9.</strong></span> <span class='ocrx_word' id='word_1_355' title='bbox 2377 2790 2526 2843; x_wconf 83' lang='lat' dir='ltr'><strong>Tunc</strong></span> <span class='ocrx_word' id='word_1_356' title='bbox 2574 2819 2643 2827; x_wconf 96' lang='lat'><strong>—</strong></span> <span class='ocrx_word' id='word_1_357' title='bbox 2667 2788 3072 2858; x_wconf 80' lang='lat' dir='ltr'><strong>afﬂictionem.</strong></span> <span class='ocrx_word' id='word_1_358' title='bbox 3107 2791 3302 2859; x_wconf 81' lang='lat' dir='ltr'><strong>Tunc;</strong></span> <span class='ocrx_word' id='word_1_359' title='bbox 3348 2788 3595 2860; x_wconf 88' lang='lat' dir='ltr'><strong>quando</strong></span> <span class='ocrx_word' id='word_1_360' title='bbox 3626 2790 3654 2847; x_wconf 81' lang='lat'><strong>?</strong></span> 
     </span>
    </p>
   </div>
   <div class='ocr_carea' id='block_1_52' title="bbox 279 2860 1926 2951">
    <p class='ocr_par' dir='ltr' id='par_1_52' title="bbox 279 2860 1892 2942">
     <span class='ocr_line' id='line_1_52' title="bbox 279 2860 1892 2942; baseline 0.004 -26"><span class='ocrx_word' id='word_1_361' title='bbox 279 2867 425 2925; x_wconf 89' lang='grc' dir='ltr'>σίας.</span> <span class='ocrx_word' id='word_1_362' title='bbox 472 2860 573 2925; x_wconf 83' lang='grc' dir='ltr'>Εἷς</span> <span class='ocrx_word' id='word_1_363' title='bbox 602 2862 788 2917; x_wconf 81' lang='grc' dir='ltr'>ἐκεῖνον</span> <span class='ocrx_word' id='word_1_364' title='bbox 816 2867 916 2939; x_wconf 84' lang='grc' dir='ltr'><strong>γὰρ</strong></span> <span class='ocrx_word' id='word_1_365' title='bbox 957 2868 1044 2917; x_wconf 91' lang='grc' dir='ltr'>τὸν</span> <span class='ocrx_word' id='word_1_366' title='bbox 1075 2871 1254 2941; x_wconf 88' lang='grc' dir='ltr'>καιρὸν</span> <span class='ocrx_word' id='word_1_367' title='bbox 1298 2874 1563 2942; x_wconf 83' lang='grc' dir='ltr'>μετήγαγε</span> <span class='ocrx_word' id='word_1_368' title='bbox 1592 2874 1678 2922; x_wconf 88' lang='grc' dir='ltr'>τὸν</span> <span class='ocrx_word' id='word_1_369' title='bbox 1722 2870 1892 2941; x_wconf 85' lang='grc' dir='ltr'>λόγον,</span> 
     </span>
    </p>
   </div>
   <div class='ocr_carea' id='block_1_53' title="bbox 2009 2860 3656 2951">
    <p class='ocr_par' dir='ltr' id='par_1_53' title="bbox 2009 2877 3656 2951">
     <span class='ocr_line' id='line_1_53' title="bbox 2009 2877 3656 2951; baseline 0 -17"><span class='ocrx_word' id='word_1_370' title='bbox 2009 2879 2147 2934; x_wconf 69' lang='lat' dir='ltr'><strong>Ante</strong></span> <span class='ocrx_word' id='word_1_371' title='bbox 2178 2877 2569 2934; x_wconf 85' lang='lat' dir='ltr'><strong>defectionem</strong></span> <span class='ocrx_word' id='word_1_372' title='bbox 2600 2894 2778 2943; x_wconf 88' lang='lat' dir='ltr'><strong>;nam</strong></span> <span class='ocrx_word' id='word_1_373' title='bbox 2802 2877 3013 2932; x_wconf 92' lang='lat' dir='ltr'><strong>inillud</strong></span> <span class='ocrx_word' id='word_1_374' title='bbox 3037 2882 3278 2951; x_wconf 87' lang='lat' dir='ltr'><strong>tempus</strong></span> <span class='ocrx_word' id='word_1_375' title='bbox 3314 2894 3656 2934; x_wconf 89' lang='lat' dir='ltr'><strong>sermonem</strong></span> 
     </span>
    </p>
   </div>
   <div class='ocr_carea' id='block_1_54' title="bbox 282 2952 1929 3040">
    <p class='ocr_par' dir='ltr' id='par_1_54' title="bbox 282 2952 1891 3034">
     <span class='ocr_line' id='line_1_54' title="bbox 282 2952 1891 3034; baseline 0.004 -30"><span class='ocrx_word' id='word_1_376' title='bbox 282 2954 308 3004; x_wconf 88' lang='grc' dir='ltr'><strong>ὁ</strong></span> <span class='ocrx_word' id='word_1_377' title='bbox 364 2957 455 3007; x_wconf 83' lang='grc' dir='ltr'>καὶ</span> <span class='ocrx_word' id='word_1_378' title='bbox 548 2959 756 3015; x_wconf 88' lang='grc' dir='ltr'>Λουκᾶς</span> <span class='ocrx_word' id='word_1_379' title='bbox 821 2952 1078 3013; x_wconf 80' lang='grc' dir='ltr'>ἐδήλωσεν</span> <span class='ocrx_word' id='word_1_380' title='bbox 1157 2959 1330 3025; x_wconf 75' lang='grc' dir='ltr'>εἰπὼν,</span> <span class='ocrx_word' id='word_1_381' title='bbox 1385 2960 1466 3012; x_wconf 85' lang='grc' dir='ltr'>ὅτι</span> <span class='ocrx_word' id='word_1_382' title='bbox 1520 2962 1625 3034; x_wconf 87' lang='grc' dir='ltr'><strong>Πρὸ</strong></span> <span class='ocrx_word' id='word_1_383' title='bbox 1677 2962 1891 3029; x_wconf 81' lang='grc' dir='ltr'>τούτων,</span> 
     </span>
    </p>
   </div>
   <div class='ocr_carea' id='block_1_55' title="bbox 2010 2952 3657 3040">
    <p class='ocr_par' dir='ltr' id='par_1_55' title="bbox 2010 2966 3657 3040">
     <span class='ocr_line' id='line_1_55' title="bbox 2010 2966 3657 3040; baseline 0 -16"><span class='ocrx_word' id='word_1_384' title='bbox 2010 2968 2278 3034; x_wconf 86' lang='lat' dir='ltr'><strong>traduxit,</strong></span> <span class='ocrx_word' id='word_1_385' title='bbox 2308 2967 2474 3040; x_wconf 92' lang='lat' dir='ltr'><strong>quod</strong></span> <span class='ocrx_word' id='word_1_386' title='bbox 2503 2972 2559 3022; x_wconf 92' lang='lat' dir='ltr'><strong>et</strong></span> <span class='ocrx_word' id='word_1_387' title='bbox 2588 2967 2773 3022; x_wconf 91' lang='lat' dir='ltr'><strong>Lucas</strong></span> <span class='ocrx_word' id='word_1_388' title='bbox 2818 2967 3171 3037; x_wconf 80' lang='lat' dir='ltr'><strong>signiﬁcavit</strong></span> <span class='ocrx_word' id='word_1_389' title='bbox 3224 2966 3429 3022; x_wconf 92' lang='lat' dir='ltr'><strong>dicens</strong></span> <span class='ocrx_word' id='word_1_390' title='bbox 3467 2984 3479 3023; x_wconf 88' lang='lat'><strong>:</strong></span> <span class='ocrx_word' id='word_1_391' title='bbox 3508 2967 3657 3024; x_wconf 85' lang='lat' dir='ltr'><strong>Ante</strong></span> 
     </span>
    </p>
   </div>
   <div class='ocr_carea' id='block_1_56' title="bbox 285 3040 1932 3129">
    <p class='ocr_par' dir='ltr' id='par_1_56' title="bbox 285 3040 1893 3122">
     <span class='ocr_line' id='line_1_56' title="bbox 285 3040 1893 3122; baseline 0.005 -28"><span class='ocrx_word' id='word_1_392' title='bbox 285 3043 503 3095; x_wconf 82' lang='grc' dir='ltr'>πάντων</span> <span class='ocrx_word' id='word_1_393' title='bbox 586 3040 913 3097; x_wconf 78' lang='grc' dir='ltr'>ἐπιϐαλοῦσιν</span> <span class='ocrx_word' id='word_1_394' title='bbox 980 3046 1053 3118; x_wconf 80' lang='grc' dir='ltr'><strong>ἐφ’</strong></span> <span class='ocrx_word' id='word_1_395' title='bbox 1115 3048 1252 3119; x_wconf 84' lang='grc' dir='ltr'>ύμᾶς</span> <span class='ocrx_word' id='word_1_396' title='bbox 1318 3050 1411 3109; x_wconf 87' lang='grc' dir='ltr'><strong>τὰς</strong></span> <span class='ocrx_word' id='word_1_397' title='bbox 1465 3056 1648 3122; x_wconf 87' lang='grc' dir='ltr'>χεῖρας</span> <span class='ocrx_word' id='word_1_398' title='bbox 1704 3050 1893 3118; x_wconf 87' lang='grc' dir='ltr'>αύτων,</span> 
     </span>
    </p>
   </div>
   <div class='ocr_carea' id='block_1_57' title="bbox 2012 3040 3659 3129">
    <p class='ocr_par' dir='ltr' id='par_1_57' title="bbox 2012 3056 3659 3129">
     <span class='ocr_line' id='line_1_57' title="bbox 2012 3056 3659 3129; baseline -0.002 -15"><span class='ocrx_word' id='word_1_399' title='bbox 2012 3059 2129 3114; x_wconf 68' lang='lat' dir='ltr'><strong>haec</strong></span> <span class='ocrx_word' id='word_1_400' title='bbox 2148 3058 2337 3114; x_wconf 87' lang='lat' dir='ltr'><strong>omnia</strong></span> <span class='ocrx_word' id='word_1_401' title='bbox 2356 3056 2621 3126; x_wconf 79' lang='lat' dir='ltr'><strong>injicient</strong></span> <span class='ocrx_word' id='word_1_402' title='bbox 2643 3072 2847 3112; x_wconf 84' lang='lat' dir='ltr'><strong>manus</strong></span> <span class='ocrx_word' id='word_1_403' title='bbox 2871 3073 3004 3112; x_wconf 85' lang='lat' dir='ltr'><strong>suas</strong></span> <span class='ocrx_word' id='word_1_404' title='bbox 3027 3059 3085 3112; x_wconf 80' lang='lat' dir='ltr'><strong>in</strong></span> <span class='ocrx_word' id='word_1_405' title='bbox 3105 3073 3213 3123; x_wconf 88' lang='lat' dir='ltr'><strong>vos,</strong></span> <span class='ocrx_word' id='word_1_406' title='bbox 3245 3062 3298 3113; x_wconf 86' lang='lat' dir='ltr'><strong>et</strong></span> <span class='ocrx_word' id='word_1_407' title='bbox 3318 3072 3659 3129; x_wconf 83' lang='lat' dir='ltr'><strong>persequen-</strong></span> 
     </span>
    </p>
   </div>
   <div class='ocr_carea' id='block_1_58' title="bbox 282 3128 1929 3217">
    <p class='ocr_par' dir='ltr' id='par_1_58' title="bbox 282 3128 1898 3211">
     <span class='ocr_line' id='line_1_58' title="bbox 282 3128 1898 3211; baseline 0.006 -29"><span class='ocrx_word' id='word_1_408' title='bbox 282 3135 371 3184; x_wconf 83' lang='grc' dir='ltr'><strong>καὶ</strong></span> <span class='ocrx_word' id='word_1_409' title='bbox 509 3128 804 3199; x_wconf 82' lang='grc' dir='ltr'>διώξουσι,</span> <span class='ocrx_word' id='word_1_410' title='bbox 942 3132 1325 3209; x_wconf 77' lang='grc' dir='ltr'>παραδιδόντες</span> <span class='ocrx_word' id='word_1_411' title='bbox 1431 3138 1500 3202; x_wconf 87' lang='grc' dir='ltr'><strong>εἰς</strong></span> <span class='ocrx_word' id='word_1_412' title='bbox 1592 3141 1898 3211; x_wconf 79' lang='grc' dir='ltr'>συναγωγὰς</span> 
     </span>
    </p>
   </div>
   <div class='ocr_carea' id='block_1_59' title="bbox 2013 3128 3660 3217">
    <p class='ocr_par' dir='ltr' id='par_1_59' title="bbox 2013 3146 3660 3217">
     <span class='ocr_line' id='line_1_59' title="bbox 2013 3146 3660 3217; baseline -0.001 -14"><span class='ocrx_word' id='word_1_413' title='bbox 2013 3154 2127 3215; x_wconf 79' lang='lat' dir='ltr'><strong>tur,</strong></span> <span class='ocrx_word' id='word_1_414' title='bbox 2159 3148 2445 3203; x_wconf 81' lang='lat' dir='ltr'><strong>tradentes</strong></span> <span class='ocrx_word' id='word_1_415' title='bbox 2474 3147 2537 3201; x_wconf 77' lang='lat' dir='ltr'><strong>in</strong></span> <span class='ocrx_word' id='word_1_416' title='bbox 2590 3161 2903 3217; x_wconf 85' lang='lat' dir='ltr'><strong>synagogas</strong></span> <span class='ocrx_word' id='word_1_417' title='bbox 2932 3154 2984 3202; x_wconf 87' lang='lat' dir='ltr'><strong>et</strong></span> <span class='ocrx_word' id='word_1_418' title='bbox 3011 3161 3294 3211; x_wconf 87' lang='lat' dir='ltr'><strong>carceres,</strong></span> <span class='ocrx_word' id='word_1_419' title='bbox 3328 3152 3550 3201; x_wconf 75' lang='lat' dir='ltr'><strong>tractos</strong></span> <span class='ocrx_word' id='word_1_420' title='bbox 3579 3146 3660 3201; x_wconf 87' lang='lat' dir='ltr'><strong>ad</strong></span> 
     </span>
    </p>
   </div>
   <div class='ocr_carea' id='block_1_60' title="bbox 281 3218 1928 3309">
    <p class='ocr_par' dir='ltr' id='par_1_60' title="bbox 281 3218 1899 3299">
     <span class='ocr_line' id='line_1_60' title="bbox 281 3218 1899 3299; baseline 0.004 -27"><span class='ocrx_word' id='word_1_421' title='bbox 281 3224 370 3273; x_wconf 84' lang='grc' dir='ltr'>καὶ</span> <span class='ocrx_word' id='word_1_422' title='bbox 428 3218 690 3294; x_wconf 73' lang='grc' dir='ltr'>φυλακὰς,</span> <span class='ocrx_word' id='word_1_423' title='bbox 770 3221 1051 3296; x_wconf 76' lang='grc' dir='ltr'>ἀγομένους</span> <span class='ocrx_word' id='word_1_424' title='bbox 1130 3224 1211 3278; x_wconf 71' lang='grc' dir='ltr'><strong>ἰπὶ</strong></span> <span class='ocrx_word' id='word_1_425' title='bbox 1287 3226 1524 3299; x_wconf 82' lang='grc' dir='ltr'>βασιλεῖς</span> <span class='ocrx_word' id='word_1_426' title='bbox 1610 3232 1700 3281; x_wconf 86' lang='grc' dir='ltr'>καὶ</span> <span class='ocrx_word' id='word_1_427' title='bbox 1774 3230 1899 3299; x_wconf 86' lang='grc' dir='ltr'>ἠγε-</span> 
     </span>
    </p>
   </div>
   <div class='ocr_carea' id='block_1_61' title="bbox 2012 3218 3659 3309">
    <p class='ocr_par' dir='ltr' id='par_1_61' title="bbox 2012 3234 3659 3309">
     <span class='ocr_line' id='line_1_61' title="bbox 2012 3234 3659 3309; baseline -0.002 -16"><span class='ocrx_word' id='word_1_428' title='bbox 2012 3254 2167 3309; x_wconf 83' lang='lat' dir='ltr'><strong>reges</strong></span> <span class='ocrx_word' id='word_1_429' title='bbox 2194 3253 2261 3292; x_wconf 82' lang='lat' dir='ltr'><strong>ac</strong></span> <span class='ocrx_word' id='word_1_430' title='bbox 2288 3237 3031 3307; x_wconf 67' lang='lat' dir='ltr'><strong>praesidespropternomen</strong></span> <span class='ocrx_word' id='word_1_431' title='bbox 3056 3251 3244 3292; x_wconf 84' lang='lat' dir='ltr'><strong>meum</strong></span> <span class='ocrx_word' id='word_1_432' title='bbox 3272 3236 3340 3289; x_wconf 76' lang='lat'><strong>‘0.</strong></span> <span class='ocrx_word' id='word_1_433' title='bbox 3366 3234 3659 3290; x_wconf 89' lang='lat' dir='ltr'><strong>Plurimas</strong></span> 
     </span>
    </p>
   </div>
   <div class='ocr_carea' id='block_1_62' title="bbox 288 3312 1935 3395">
    <p class='ocr_par' dir='ltr' id='par_1_62' title="bbox 288 3312 1898 3390">
     <span class='ocr_line' id='line_1_62' title="bbox 288 3312 1898 3390; baseline 0.006 -30"><span class='ocrx_word' id='word_1_434' title='bbox 288 3313 466 3382; x_wconf 86' lang='grc' dir='ltr'>μόνας,</span> <span class='ocrx_word' id='word_1_435' title='bbox 531 3312 693 3363; x_wconf 78' lang='grc' dir='ltr'>ἕνεκεν</span> <span class='ocrx_word' id='word_1_436' title='bbox 750 3320 841 3364; x_wconf 91' lang='grc' dir='ltr'><strong>τοῦ</strong></span> <span class='ocrx_word' id='word_1_437' title='bbox 902 3312 1149 3386; x_wconf 84' lang='grc' dir='ltr'>ὀνόματός</span> <span class='ocrx_word' id='word_1_438' title='bbox 1205 3336 1332 3387; x_wconf 90' lang='grc' dir='ltr'>μου.</span> <span class='ocrx_word' id='word_1_439' title='bbox 1396 3318 1568 3370; x_wconf 67' lang='grc' dir='ltr'>Πολλὰ</span> <span class='ocrx_word' id='word_1_440' title='bbox 1624 3320 1725 3390; x_wconf 82' lang='grc' dir='ltr'><strong>γὰρ</strong></span> <span class='ocrx_word' id='word_1_441' title='bbox 1783 3322 1898 3371; x_wconf 82' lang='grc' dir='ltr'>τότε</span> 
     </span>
    </p>
   </div>
   <div class='ocr_carea' id='block_1_63' title="bbox 2010 3312 3657 3395">
    <p class='ocr_par' dir='ltr' id='par_1_63' title="bbox 2010 3324 3657 3395">
     <span class='ocr_line' id='line_1_63' title="bbox 2010 3324 3657 3395; baseline -0.002 -12"><span class='ocrx_word' id='word_1_442' title='bbox 2010 3327 2169 3383; x_wconf 89' lang='lat' dir='ltr'><strong>enim</strong></span> <span class='ocrx_word' id='word_1_443' title='bbox 2210 3325 2576 3382; x_wconf 86' lang='lat' dir='ltr'><strong>calamitates</strong></span> <span class='ocrx_word' id='word_1_444' title='bbox 2626 3329 2763 3395; x_wconf 92' lang='lat' dir='ltr'><strong>post</strong></span> <span class='ocrx_word' id='word_1_445' title='bbox 2806 3324 3125 3380; x_wconf 88' lang='lat' dir='ltr'><strong>Salvatoris</strong></span> <span class='ocrx_word' id='word_1_446' title='bbox 3172 3324 3657 3395; x_wconf 84' lang='lat' dir='ltr'><strong>Assumptionem</strong></span> 
     </span>
    </p>
   </div>
   <div class='ocr_carea' id='block_1_64' title="bbox 293 3394 1940 3485">
    <p class='ocr_par' dir='ltr' id='par_1_64' title="bbox 293 3394 1898 3477">
     <span class='ocr_line' id='line_1_64' title="bbox 293 3394 1898 3477; baseline 0.007 -28"><span class='ocrx_word' id='word_1_447' title='bbox 293 3394 450 3462; x_wconf 81' lang='grc' dir='ltr'>δεινὰ,</span> <span class='ocrx_word' id='word_1_448' title='bbox 510 3402 640 3472; x_wconf 87' lang='grc' dir='ltr'><strong>μετά</strong></span> <span class='ocrx_word' id='word_1_449' title='bbox 695 3405 792 3459; x_wconf 83' lang='grc' dir='ltr'>τὴν</span> <span class='ocrx_word' id='word_1_450' title='bbox 838 3409 931 3454; x_wconf 87' lang='grc' dir='ltr'><strong>τοῦ</strong></span> <span class='ocrx_word' id='word_1_451' title='bbox 986 3410 1218 3477; x_wconf 82' lang='grc' dir='ltr'>Σωτῆρος</span> <span class='ocrx_word' id='word_1_452' title='bbox 1263 3405 1537 3477; x_wconf 66' lang='grc' dir='ltr'>ἀνάληψιν,</span> <span class='ocrx_word' id='word_1_453' title='bbox 1572 3409 1620 3460; x_wconf 84' lang='grc' dir='ltr'>οἱ</span> <span class='ocrx_word' id='word_1_454' title='bbox 1648 3404 1898 3460; x_wconf 83' lang='grc' dir='ltr'>Ἰουδαῖοι</span> 
     </span>
    </p>
   </div>
   <div class='ocr_carea' id='block_1_65' title="bbox 2014 3394 3661 3485">
    <p class='ocr_par' dir='ltr' id='par_1_65' title="bbox 2014 3394 3661 3485">
     <span class='ocr_line' id='line_1_65' title="bbox 2014 3394 3661 3485; baseline -0.001 -14"><span class='ocrx_word' id='word_1_455' title='bbox 2014 3415 2196 3471; x_wconf 72' lang='lat' dir='ltr'><strong>Judaei</strong></span> <span class='ocrx_word' id='word_1_456' title='bbox 2220 3415 2580 3470; x_wconf 82' lang='lat' dir='ltr'><strong>induxerunt</strong></span> <span class='ocrx_word' id='word_1_457' title='bbox 2607 3394 2894 3484; x_wconf 79' lang='lat' dir='ltr'><strong>apostolis</strong></span> <span class='ocrx_word' id='word_1_458' title='bbox 2916 3429 2930 3479; x_wconf 91' lang='lat'>;</span> <span class='ocrx_word' id='word_1_459' title='bbox 2950 3412 3247 3468; x_wconf 89' lang='lat' dir='ltr'><strong>interdum</strong></span> <span class='ocrx_word' id='word_1_460' title='bbox 3278 3394 3522 3485; x_wconf 88' lang='lat' dir='ltr'><strong>quidem</strong></span> <span class='ocrx_word' id='word_1_461' title='bbox 3557 3415 3661 3484; x_wconf 85' lang='lat' dir='ltr'><strong>Sy-</strong></span> 
     </span>
    </p>
   </div>
   <div class='ocr_carea' id='block_1_66' title="bbox 296 3487 1943 3577">
    <p class='ocr_par' dir='ltr' id='par_1_66' title="bbox 296 3487 1899 3571">
     <span class='ocr_line' id='line_1_66' title="bbox 296 3487 1899 3571; baseline 0.007 -33"><span class='ocrx_word' id='word_1_462' title='bbox 296 3493 398 3549; x_wconf 89' lang='grc' dir='ltr'>τοῖς</span> <span class='ocrx_word' id='word_1_463' title='bbox 454 3487 763 3552; x_wconf 76' lang='grc' dir='ltr'>ἀποστόλοις</span> <span class='ocrx_word' id='word_1_464' title='bbox 823 3490 1103 3564; x_wconf 77' lang='grc' dir='ltr'>ἐπήγαγονο</span> <span class='ocrx_word' id='word_1_465' title='bbox 1159 3498 1283 3547; x_wconf 71' lang='grc' dir='ltr'>ποτε</span> <span class='ocrx_word' id='word_1_466' title='bbox 1345 3499 1435 3569; x_wconf 72' lang='grc' dir='ltr'>μὲν</span> <span class='ocrx_word' id='word_1_467' title='bbox 1490 3505 1594 3557; x_wconf 85' lang='grc' dir='ltr'>τοῖς</span> <span class='ocrx_word' id='word_1_468' title='bbox 1644 3496 1899 3571; x_wconf 89' lang='grc' dir='ltr'>ἀρχισυν-</span> 
     </span>
    </p>
   </div>
   <div class='ocr_carea' id='block_1_67' title="bbox 2013 3487 3660 3577">
    <p class='ocr_par' dir='ltr' id='par_1_67' title="bbox 2013 3501 3660 3577">
     <span class='ocr_line' id='line_1_67' title="bbox 2013 3501 3660 3577; baseline -0.004 -15"><span class='ocrx_word' id='word_1_469' title='bbox 2013 3520 2259 3577; x_wconf 73' lang='lat' dir='ltr'><strong>nagOgte</strong></span> <span class='ocrx_word' id='word_1_470' title='bbox 2288 3501 2660 3576; x_wconf 88' lang='lat' dir='ltr'><strong>principibus</strong></span> <span class='ocrx_word' id='word_1_471' title='bbox 2694 3503 3010 3568; x_wconf 91' lang='lat' dir='ltr'><strong>tradentes,</strong></span> <span class='ocrx_word' id='word_1_472' title='bbox 3053 3508 3119 3557; x_wconf 89' lang='lat' dir='ltr'><strong>ut</strong></span> <span class='ocrx_word' id='word_1_473' title='bbox 3147 3501 3503 3573; x_wconf 90' lang='lat' dir='ltr'><strong>punirentur</strong></span> <span class='ocrx_word' id='word_1_474' title='bbox 3532 3518 3545 3568; x_wconf 91' lang='lat'><strong>;</strong></span> <span class='ocrx_word' id='word_1_475' title='bbox 3578 3501 3660 3557; x_wconf 91' lang='lat' dir='ltr'><strong>in-</strong></span> 
     </span>
    </p>
   </div>
   <div class='ocr_carea' id='block_1_68' title="bbox 300 3576 1947 3662">
    <p class='ocr_par' dir='ltr' id='par_1_68' title="bbox 300 3576 1900 3659">
     <span class='ocr_line' id='line_1_68' title="bbox 300 3576 1900 3659; baseline 0.007 -31"><span class='ocrx_word' id='word_1_476' title='bbox 300 3581 521 3649; x_wconf 83' lang='grc' dir='ltr'>αγώγοις</span> <span class='ocrx_word' id='word_1_477' title='bbox 557 3576 940 3653; x_wconf 82' lang='grc' dir='ltr'>παραδιδόντες</span> <span class='ocrx_word' id='word_1_478' title='bbox 980 3582 1051 3644; x_wconf 85' lang='grc' dir='ltr'><strong>εἰς</strong></span> <span class='ocrx_word' id='word_1_479' title='bbox 1092 3585 1345 3651; x_wconf 76' lang='grc' dir='ltr'>κάκωσιν,</span> <span class='ocrx_word' id='word_1_480' title='bbox 1390 3588 1508 3637; x_wconf 74' lang='grc' dir='ltr'>ποτε</span> <span class='ocrx_word' id='word_1_481' title='bbox 1541 3583 1599 3638; x_wconf 72' lang='grc' dir='ltr'>δὲ</span> <span class='ocrx_word' id='word_1_482' title='bbox 1626 3586 1710 3639; x_wconf 84' lang='grc' dir='ltr'><strong>ἐπὶ</strong></span> <span class='ocrx_word' id='word_1_483' title='bbox 1742 3586 1900 3659; x_wconf 83' lang='grc' dir='ltr'>βασι-</span> 
     </span>
    </p>
   </div>
   <div class='ocr_carea' id='block_1_69' title="bbox 2014 3576 3661 3662">
    <p class='ocr_par' dir='ltr' id='par_1_69' title="bbox 2014 3576 3661 3662">
     <span class='ocr_line' id='line_1_69' title="bbox 2014 3576 3661 3662; baseline -0.002 -11"><span class='ocrx_word' id='word_1_484' title='bbox 2014 3576 2393 3651; x_wconf 86' lang='lat' dir='ltr'><strong>terdumvero</strong></span> <span class='ocrx_word' id='word_1_485' title='bbox 2415 3591 2493 3650; x_wconf 93' lang='lat' dir='ltr'><strong>ad</strong></span> <span class='ocrx_word' id='word_1_486' title='bbox 2522 3591 3221 3662; x_wconf 83' lang='lat' dir='ltr'><strong>regestrahentes,veluti</strong></span> <span class='ocrx_word' id='word_1_487' title='bbox 3253 3591 3330 3646; x_wconf 93' lang='lat' dir='ltr'><strong>ad</strong></span> <span class='ocrx_word' id='word_1_488' title='bbox 3365 3591 3661 3647; x_wconf 90' lang='lat' dir='ltr'><strong>Herodem</strong></span> 
     </span>
    </p>
   </div>
   <div class='ocr_carea' id='block_1_70' title="bbox 299 3663 1946 3755">
    <p class='ocr_par' dir='ltr' id='par_1_70' title="bbox 299 3663 1899 3749">
     <span class='ocr_line' id='line_1_70' title="bbox 299 3663 1899 3749; baseline 0.007 -33"><span class='ocrx_word' id='word_1_489' title='bbox 299 3663 402 3727; x_wconf 82' lang='grc' dir='ltr'>λεῖς</span> <span class='ocrx_word' id='word_1_490' title='bbox 492 3670 718 3739; x_wconf 81' lang='grc' dir='ltr'>ἄγοντες,</span> <span class='ocrx_word' id='word_1_491' title='bbox 806 3670 911 3723; x_wconf 82' lang='grc' dir='ltr'>οἷον</span> <span class='ocrx_word' id='word_1_492' title='bbox 992 3671 1077 3724; x_wconf 83' lang='grc' dir='ltr'><strong>ἐπὶ</strong></span> <span class='ocrx_word' id='word_1_493' title='bbox 1174 3670 1411 3748; x_wconf 80' lang='grc' dir='ltr'>Ἡρώδην</span> <span class='ocrx_word' id='word_1_494' title='bbox 1461 3680 1548 3729; x_wconf 82' lang='grc' dir='ltr'>καὶ</span> <span class='ocrx_word' id='word_1_495' title='bbox 1607 3675 1899 3749; x_wconf 86' lang='grc' dir='ltr'>Ἀγρίππαν</span> 
     </span>
    </p>
   </div>
   <div class='ocr_carea' id='block_1_71' title="bbox 2013 3663 3660 3755">
    <p class='ocr_par' dir='ltr' id='par_1_71' title="bbox 2013 3680 3660 3755">
     <span class='ocr_line' id='line_1_71' title="bbox 2013 3680 3660 3755; baseline -0.002 -15"><span class='ocrx_word' id='word_1_496' title='bbox 2013 3690 2066 3741; x_wconf 89' lang='lat' dir='ltr'><strong>et</strong></span> <span class='ocrx_word' id='word_1_497' title='bbox 2086 3684 2430 3755; x_wconf 76' lang='lat' dir='ltr'><strong>Agrippam,</strong></span> <span class='ocrx_word' id='word_1_498' title='bbox 2464 3697 2533 3737; x_wconf 91' lang='lat' dir='ltr'><strong>ac</strong></span> <span class='ocrx_word' id='word_1_499' title='bbox 2570 3680 2807 3736; x_wconf 90' lang='lat' dir='ltr'><strong>similes.</strong></span> <span class='ocrx_word' id='word_1_500' title='bbox 2852 3682 3142 3737; x_wconf 65' lang='lat' dir='ltr'><strong>Praeterea</strong></span> <span class='ocrx_word' id='word_1_501' title='bbox 3181 3681 3257 3737; x_wconf 90' lang='lat' dir='ltr'><strong>ad</strong></span> <span class='ocrx_word' id='word_1_502' title='bbox 3289 3680 3569 3753; x_wconf 84' lang='lat' dir='ltr'><strong>praesides</strong></span> <span class='ocrx_word' id='word_1_503' title='bbox 3591 3696 3660 3736; x_wconf 88' lang='lat' dir='ltr'><strong>ac</strong></span> 
     </span>
    </p>
   </div>
   <div class='ocr_carea' id='block_1_72' title="bbox 310 3752 1957 3844">
    <p class='ocr_par' dir='ltr' id='par_1_72' title="bbox 310 3752 1903 3837">
     <span class='ocr_line' id='line_1_72' title="bbox 310 3752 1903 3837; baseline 0.008 -33"><span class='ocrx_word' id='word_1_504' title='bbox 310 3752 424 3825; x_wconf 85' lang='grc' dir='ltr'>[καὶ</span> <span class='ocrx_word' id='word_1_505' title='bbox 474 3757 583 3828; x_wconf 81' lang='grc'><strong>(19)</strong></span> <span class='ocrx_word' id='word_1_506' title='bbox 632 3762 753 3819; x_wconf 79' lang='grc' dir='ltr'>τοὺς</span> <span class='ocrx_word' id='word_1_507' title='bbox 799 3761 1142 3835; x_wconf 88' lang='grc' dir='ltr'>τοιουτους,]</span> <span class='ocrx_word' id='word_1_508' title='bbox 1189 3768 1278 3815; x_wconf 83' lang='grc' dir='ltr'>καὶ</span> <span class='ocrx_word' id='word_1_509' title='bbox 1330 3762 1412 3817; x_wconf 74' lang='grc' dir='ltr'><strong>ἐπὶ</strong></span> <span class='ocrx_word' id='word_1_510' title='bbox 1468 3769 1588 3827; x_wconf 88' lang='grc' dir='ltr'>τούς</span> <span class='ocrx_word' id='word_1_511' title='bbox 1644 3768 1903 3837; x_wconf 80' lang='grc' dir='ltr'>ἡγεμόνας</span> 
     </span>
    </p>
   </div>
   <div class='ocr_carea' id='block_1_73' title="bbox 2017 3752 3664 3844">
    <p class='ocr_par' dir='ltr' id='par_1_73' title="bbox 2017 3752 3664 3844">
     <span class='ocr_line' id='line_1_73' title="bbox 2017 3752 3664 3844; baseline -0.002 -15"><span class='ocrx_word' id='word_1_512' title='bbox 2017 3752 2313 3830; x_wconf 73' lang='lat' dir='ltr'><strong>civitatum</strong></span> <span class='ocrx_word' id='word_1_513' title='bbox 2343 3771 2677 3844; x_wconf 83' lang='lat' dir='ltr'><strong>praefectos,</strong></span> <span class='ocrx_word' id='word_1_514' title='bbox 2712 3776 2767 3826; x_wconf 91' lang='lat' dir='ltr'><strong>et</strong></span> <span class='ocrx_word' id='word_1_515' title='bbox 2791 3770 3057 3826; x_wconf 86' lang='lat' dir='ltr'><strong>consulis</strong></span> <span class='ocrx_word' id='word_1_516' title='bbox 3085 3776 3189 3826; x_wconf 89' lang='lat' dir='ltr'><strong>aut</strong></span> <span class='ocrx_word' id='word_1_517' title='bbox 3218 3752 3501 3842; x_wconf 89' lang='lat' dir='ltr'><strong>principis</strong></span> <span class='ocrx_word' id='word_1_518' title='bbox 3528 3786 3664 3826; x_wconf 91' lang='lat' dir='ltr'><strong>mu-</strong></span> 
     </span>
    </p>
   </div>
   <div class='ocr_carea' id='block_1_74' title="bbox 311 3847 1958 3933">
    <p class='ocr_par' dir='ltr' id='par_1_74' title="bbox 311 3847 1903 3921">
     <span class='ocr_line' id='line_1_74' title="bbox 311 3847 1903 3921; baseline 0.01 -29"><span class='ocrx_word' id='word_1_519' title='bbox 311 3847 399 3895; x_wconf 82' lang='grc' dir='ltr'>καὶ</span> <span class='ocrx_word' id='word_1_520' title='bbox 481 3851 804 3921; x_wconf 79' lang='grc' dir='ltr'>στρατηγοὺς</span> <span class='ocrx_word' id='word_1_521' title='bbox 858 3857 957 3901; x_wconf 85' lang='grc' dir='ltr'>τῶν</span> <span class='ocrx_word' id='word_1_522' title='bbox 1000 3850 1214 3920; x_wconf 87' lang='grc' dir='ltr'>πόλεων,</span> <span class='ocrx_word' id='word_1_523' title='bbox 1258 3858 1349 3905; x_wconf 82' lang='grc' dir='ltr'>καὶ</span> <span class='ocrx_word' id='word_1_524' title='bbox 1403 3857 1524 3914; x_wconf 82' lang='grc' dir='ltr'>τούς</span> <span class='ocrx_word' id='word_1_525' title='bbox 1577 3852 1903 3918; x_wconf 80' lang='grc' dir='ltr'>ἀνθυπάτους</span> 
     </span>
    </p>
   </div>
   <div class='ocr_carea' id='block_1_75' title="bbox 2013 3847 3660 3933">
    <p class='ocr_par' dir='ltr' id='par_1_75' title="bbox 2013 3859 3660 3933">
     <span class='ocr_line' id='line_1_75' title="bbox 2013 3859 3660 3933; baseline -0.005 -13"><span class='ocrx_word' id='word_1_526' title='bbox 2013 3880 2151 3921; x_wconf 90' lang='lat' dir='ltr'><strong>nere</strong></span> <span class='ocrx_word' id='word_1_527' title='bbox 2165 3862 2499 3933; x_wconf 88' lang='lat' dir='ltr'><strong>fungentes,</strong></span> <span class='ocrx_word' id='word_1_528' title='bbox 2515 3859 3028 3932; x_wconf 87' lang='lat' dir='ltr'><strong>quemadmodum</strong></span> <span class='ocrx_word' id='word_1_529' title='bbox 3044 3859 3192 3915; x_wconf 90' lang='lat' dir='ltr'><strong>liber</strong></span> <span class='ocrx_word' id='word_1_530' title='bbox 3205 3859 3660 3931; x_wconf 87' lang='lat' dir='ltr'><strong>apostolicarum</strong></span> 
     </span>
    </p>
   </div>
   <div class='ocr_carea' id='block_1_76' title="bbox 310 3930 1957 4013">
    <p class='ocr_par' dir='ltr' id='par_1_76' title="bbox 310 3930 1903 4013">
     <span class='ocr_line' id='line_1_76' title="bbox 310 3930 1903 4013; baseline 0.009 -31"><span class='ocrx_word' id='word_1_531' title='bbox 310 3930 401 3983; x_wconf 81' lang='grc' dir='ltr'><strong>καί</strong></span> <span class='ocrx_word' id='word_1_532' title='bbox 469 3933 813 4007; x_wconf 77' lang='grc' dir='ltr'>πολιτάρχας,</span> <span class='ocrx_word' id='word_1_533' title='bbox 872 3940 939 4002; x_wconf 81' lang='grc' dir='ltr'>ὡς</span> <span class='ocrx_word' id='word_1_534' title='bbox 1020 3941 1049 3997; x_wconf 83' lang='grc' dir='ltr'>ἡ</span> <span class='ocrx_word' id='word_1_535' title='bbox 1133 3939 1317 4013; x_wconf 86' lang='grc' dir='ltr'>βίϐλος</span> <span class='ocrx_word' id='word_1_536' title='bbox 1382 3951 1481 3995; x_wconf 88' lang='grc' dir='ltr'>τῶν</span> <span class='ocrx_word' id='word_1_537' title='bbox 1548 3942 1903 3997; x_wconf 72' lang='grc' dir='ltr'>ἀποστολικῶν</span> 
     </span>
    </p>
   </div>
   <div class='ocr_carea' id='block_1_77' title="bbox 981 3930 2628 4013">
    <p class='ocr_par' dir='ltr' id='par_1_77' title="bbox 1020 3930 2628 4013">
     <span class='ocr_line' id='line_1_77' title="bbox 1020 3930 2628 4013; baseline 0.004 -16"><span class='ocrx_word' id='word_1_538' title='bbox 1020 3941 1049 3997; x_wconf 83' lang='grc' dir='ltr'>ἡ</span> <span class='ocrx_word' id='word_1_539' title='bbox 1133 3939 1317 4013; x_wconf 78' lang='grc' dir='ltr'>βίϐλος</span> <span class='ocrx_word' id='word_1_540' title='bbox 1382 3951 1481 3995; x_wconf 84' lang='grc' dir='ltr'>τῶν</span> <span class='ocrx_word' id='word_1_541' title='bbox 1548 3942 1903 3997; x_wconf 67' lang='grc' dir='ltr'>ἀποστολικῶν</span> <span class='ocrx_word' id='word_1_542' title='bbox 2012 3930 2325 4010; x_wconf 80' lang='lat' dir='ltr'><strong>Actionum</strong></span> <span class='ocrx_word' id='word_1_543' title='bbox 2365 3930 2628 4008; x_wconf 79' lang='lat' dir='ltr'><strong>testatur.</strong></span> 
     </span>
    </p>
   </div>
   <div class='ocr_carea' id='block_1_78' title="bbox 312 4019 787 4098">
    <p class='ocr_par' dir='ltr' id='par_1_78' title="bbox 312 4019 787 4098">
     <span class='ocr_line' id='line_1_78' title="bbox 312 4019 787 4098; baseline 0.017 -27"><span class='ocrx_word' id='word_1_544' title='bbox 312 4026 355 4072; x_wconf 93' lang='grc' dir='ltr'><strong>Π</strong></span> <span class='ocrx_word' id='word_1_545' title='bbox 359 4019 545 4095; x_wconf 82' lang='grc' dir='ltr'>ράξιων</span> <span class='ocrx_word' id='word_1_546' title='bbox 574 4025 787 4098; x_wconf 83' lang='grc' dir='ltr'>ἱστορεῖ.</span> 
     </span>
    </p>
   </div>
   <div class='ocr_carea' id='block_1_79' title="bbox 384 4120 2031 4207">
    <p class='ocr_par' dir='ltr' id='par_1_79' title="bbox 384 4120 1903 4207">
     <span class='ocr_line' id='line_1_79' title="bbox 384 4120 1903 4207; baseline 0.01 -35"><span class='ocrx_word' id='word_1_547' title='bbox 384 4124 479 4173; x_wconf 77' lang='grc' dir='ltr'><strong>Καὶ</strong></span> <span class='ocrx_word' id='word_1_548' title='bbox 567 4120 932 4177; x_wconf 79' lang='grc' dir='ltr'>ἀποκτενοῦσιν</span> <span class='ocrx_word' id='word_1_549' title='bbox 1044 4128 1193 4200; x_wconf 80' lang='grc' dir='ltr'>ὑμᾶς.</span> <span class='ocrx_word' id='word_1_550' title='bbox 1303 4136 1467 4183; x_wconf 89' lang='grc' dir='ltr'>Τοῦτο</span> <span class='ocrx_word' id='word_1_551' title='bbox 1540 4131 1675 4204; x_wconf 78' lang='grc' dir='ltr'>λέγει</span> <span class='ocrx_word' id='word_1_552' title='bbox 1774 4136 1903 4207; x_wconf 85' lang='grc' dir='ltr'>πρὸς</span> 
     </span>
    </p>
   </div>
   <div class='ocr_carea' id='block_1_80' title="bbox 2018 4120 3665 4207">
    <p class='ocr_par' dir='ltr' id='par_1_80' title="bbox 2084 4124 3665 4198">
     <span class='ocr_line' id='line_1_80' title="bbox 2084 4124 3665 4198; baseline -0.005 -7"><span class='ocrx_word' id='word_1_553' title='bbox 2084 4134 2322 4191; x_wconf 87' lang='lat' dir='ltr'><strong>Vers.9.</strong></span> <span class='ocrx_word' id='word_1_554' title='bbox 2355 4132 2431 4188; x_wconf 83' lang='lat' dir='ltr'><strong>Et</strong></span> <span class='ocrx_word' id='word_1_555' title='bbox 2461 4131 2710 4187; x_wconf 82' lang='lat' dir='ltr'><strong>occident</strong></span> <span class='ocrx_word' id='word_1_556' title='bbox 2758 4144 2871 4185; x_wconf 86' lang='lat' dir='ltr'><strong>vos.</strong></span> <span class='ocrx_word' id='word_1_557' title='bbox 2906 4127 3027 4183; x_wconf 90' lang='lat' dir='ltr'><strong>Hoc</strong></span> <span class='ocrx_word' id='word_1_558' title='bbox 3070 4126 3211 4183; x_wconf 86' lang='lat' dir='ltr'><strong>solis</strong></span> <span class='ocrx_word' id='word_1_559' title='bbox 3252 4128 3335 4183; x_wconf 90' lang='lat' dir='ltr'><strong>eis</strong></span> <span class='ocrx_word' id='word_1_560' title='bbox 3361 4126 3521 4191; x_wconf 91' lang='lat' dir='ltr'><strong>dicit,</strong></span> <span class='ocrx_word' id='word_1_561' title='bbox 3560 4124 3665 4198; x_wconf 90' lang='lat' dir='ltr'><strong>qui</strong></span> 
     </span>
    </p>
   </div>
   <div class='ocr_carea' id='block_1_81' title="bbox 311 4210 1958 4298">
    <p class='ocr_par' dir='ltr' id='par_1_81' title="bbox 311 4210 1902 4298">
     <span class='ocr_line' id='line_1_81' title="bbox 311 4210 1902 4298; baseline 0.008 -39"><span class='ocrx_word' id='word_1_562' title='bbox 311 4210 494 4298; x_wconf 70' lang='grc' dir='ltr'>μόνους</span> <span class='ocrx_word' id='word_1_563' title='bbox 557 4214 679 4275; x_wconf 84' lang='grc' dir='ltr'>τοῦς</span> <span class='ocrx_word' id='word_1_564' title='bbox 769 4212 1097 4285; x_wconf 80' lang='grc' dir='ltr'>ἀναιρεθῆναι</span> <span class='ocrx_word' id='word_1_565' title='bbox 1170 4217 1440 4290; x_wconf 79' lang='grc' dir='ltr'>μελλοντας</span> <span class='ocrx_word' id='word_1_566' title='bbox 1499 4216 1593 4274; x_wconf 83' lang='grc' dir='ltr'><strong>διὰ</strong></span> <span class='ocrx_word' id='word_1_567' title='bbox 1648 4230 1742 4285; x_wconf 89' lang='grc' dir='ltr'><strong>τῆς</strong></span> <span class='ocrx_word' id='word_1_568' title='bbox 1806 4228 1902 4273; x_wconf 87' lang='grc' dir='ltr'>τῶν</span> 
     </span>
    </p>
   </div>
   <div class='ocr_carea' id='block_1_82' title="bbox 2020 4210 3667 4298">
    <p class='ocr_par' dir='ltr' id='par_1_82' title="bbox 2020 4216 3667 4298">
     <span class='ocr_line' id='line_1_82' title="bbox 2020 4216 3667 4298; baseline -0.005 -18"><span class='ocrx_word' id='word_1_569' title='bbox 2020 4240 2120 4298; x_wconf 89' lang='lat' dir='ltr'><strong>per</strong></span> <span class='ocrx_word' id='word_1_570' title='bbox 2156 4223 2503 4279; x_wconf 57' lang='lat' dir='ltr'><strong>Iudaeorum</strong></span> <span class='ocrx_word' id='word_1_571' title='bbox 2542 4218 2986 4292; x_wconf 90' lang='lat' dir='ltr'><strong>improbitatem</strong></span> <span class='ocrx_word' id='word_1_572' title='bbox 3023 4233 3092 4273; x_wconf 90' lang='lat' dir='ltr'><strong>ac</strong></span> <span class='ocrx_word' id='word_1_573' title='bbox 3150 4218 3471 4272; x_wconf 90' lang='lat' dir='ltr'><strong>versutiam</strong></span> <span class='ocrx_word' id='word_1_574' title='bbox 3509 4216 3667 4272; x_wconf 90' lang='lat' dir='ltr'><strong>occi-</strong></span> 
     </span>
    </p>
   </div>
   <div class='ocr_carea' id='block_1_83' title="bbox 314 4294 1961 4383">
    <p class='ocr_par' dir='ltr' id='par_1_83' title="bbox 314 4294 1903 4383">
     <span class='ocr_line' id='line_1_83' title="bbox 314 4294 1903 4383; baseline 0.011 -36"><span class='ocrx_word' id='word_1_575' title='bbox 314 4294 574 4383; x_wconf 76' lang='grc' dir='ltr'>Ἱουδαίων</span> <span class='ocrx_word' id='word_1_576' title='bbox 640 4310 1055 4379; x_wconf 84' lang='grc' dir='ltr'>κακεντρεχείας,</span> <span class='ocrx_word' id='word_1_577' title='bbox 1116 4303 1222 4369; x_wconf 83' lang='grc' dir='ltr'>οἷος</span> <span class='ocrx_word' id='word_1_578' title='bbox 1320 4305 1379 4367; x_wconf 79' lang='grc' dir='ltr'>ἦν</span> <span class='ocrx_word' id='word_1_579' title='bbox 1478 4314 1727 4383; x_wconf 67' lang='grc' dir='ltr'>Στέφανος</span> <span class='ocrx_word' id='word_1_580' title='bbox 1814 4315 1903 4363; x_wconf 86' lang='grc' dir='ltr'><strong>καὶ</strong></span> 
     </span>
    </p>
   </div>
   <div class='ocr_carea' id='block_1_84' title="bbox 2019 4294 3666 4383">
    <p class='ocr_par' dir='ltr' id='par_1_84' title="bbox 2019 4294 3666 4383">
     <span class='ocr_line' id='line_1_84' title="bbox 2019 4294 3666 4383; baseline -0.006 -12"><span class='ocrx_word' id='word_1_581' title='bbox 2019 4294 2191 4370; x_wconf 82' lang='lat' dir='ltr'><strong>dendi</strong></span> <span class='ocrx_word' id='word_1_582' title='bbox 2219 4317 2385 4368; x_wconf 91' lang='lat' dir='ltr'><strong>erant</strong></span> <span class='ocrx_word' id='word_1_583' title='bbox 2410 4331 2421 4370; x_wconf 92' lang='lat'><strong>:</strong></span> <span class='ocrx_word' id='word_1_584' title='bbox 2452 4314 2597 4383; x_wconf 89' lang='lat' dir='ltr'><strong>puta</strong></span> <span class='ocrx_word' id='word_1_585' title='bbox 2623 4308 2979 4382; x_wconf 87' lang='lat' dir='ltr'><strong>Stephanus,</strong></span> <span class='ocrx_word' id='word_1_586' title='bbox 3015 4305 3277 4364; x_wconf 72' lang='lat' dir='ltr'><strong>Iacobus</strong></span> <span class='ocrx_word' id='word_1_587' title='bbox 3298 4306 3476 4364; x_wconf 89' lang='lat' dir='ltr'><strong>frater</strong></span> <span class='ocrx_word' id='word_1_588' title='bbox 3495 4308 3666 4362; x_wconf 82' lang='lat' dir='ltr'><strong>Joan-</strong></span> 
     </span>
    </p>
   </div>
   <div class='ocr_carea' id='block_1_85' title="bbox 311 4382 1958 4475">
    <p class='ocr_par' dir='ltr' id='par_1_85' title="bbox 311 4382 1676 4475">
     <span class='ocr_line' id='line_1_85' title="bbox 311 4382 1676 4475; baseline 0.012 -37"><span class='ocrx_word' id='word_1_589' title='bbox 311 4382 566 4459; x_wconf 83' lang='grc' dir='ltr'>Ἰάκωϐος,</span> <span class='ocrx_word' id='word_1_590' title='bbox 600 4391 625 4443; x_wconf 87' lang='grc' dir='ltr'><strong><em>ὁ</em></strong></span> <span class='ocrx_word' id='word_1_591' title='bbox 658 4388 880 4465; x_wconf 75' lang='grc' dir='ltr'>ἀδελφὸς</span> <span class='ocrx_word' id='word_1_592' title='bbox 912 4394 1167 4461; x_wconf 82' lang='grc' dir='ltr'>Ἰωάννου,</span> <span class='ocrx_word' id='word_1_593' title='bbox 1201 4402 1290 4449; x_wconf 81' lang='grc' dir='ltr'>καὶ</span> <span class='ocrx_word' id='word_1_594' title='bbox 1315 4401 1361 4450; x_wconf 83' lang='grc' dir='ltr'>εἴ</span> <span class='ocrx_word' id='word_1_595' title='bbox 1388 4418 1467 4461; x_wconf 72' lang='grc' dir='ltr'><strong>¹τις</strong></span> <span class='ocrx_word' id='word_1_596' title='bbox 1488 4382 1676 4475; x_wconf 83' lang='grc' dir='ltr'>ἕτερος.</span> 
     </span>
    </p>
   </div>
   <div class='ocr_carea' id='block_1_86' title="bbox 1017 4382 2664 4475">
    <p class='ocr_par' dir='ltr' id='par_1_86' title="bbox 1017 4382 2664 4475">
     <span class='ocr_line' id='line_1_86' title="bbox 1017 4382 2664 4475; baseline 0.004 -29"><span class='ocrx_word' id='word_1_597' title='bbox 1017 4396 1167 4461; x_wconf 82' lang='grc' dir='ltr'>ἑννου,</span> <span class='ocrx_word' id='word_1_598' title='bbox 1201 4402 1290 4449; x_wconf 81' lang='grc' dir='ltr'>καὶ</span> <span class='ocrx_word' id='word_1_599' title='bbox 1315 4401 1361 4450; x_wconf 83' lang='grc' dir='ltr'>εἴ</span> <span class='ocrx_word' id='word_1_600' title='bbox 1388 4418 1467 4461; x_wconf 72' lang='grc' dir='ltr'><strong>¹τις</strong></span> <span class='ocrx_word' id='word_1_601' title='bbox 1488 4382 1676 4475; x_wconf 83' lang='grc' dir='ltr'>ἕτερος.</span> <span class='ocrx_word' id='word_1_602' title='bbox 2012 4404 2126 4467; x_wconf 87' lang='lat' dir='ltr'><strong>nis,</strong></span> <span class='ocrx_word' id='word_1_603' title='bbox 2152 4408 2209 4459; x_wconf 85' lang='lat' dir='ltr'><strong>et</strong></span> <span class='ocrx_word' id='word_1_604' title='bbox 2248 4401 2299 4455; x_wconf 82' lang='lat' dir='ltr'><strong>si</strong></span> <span class='ocrx_word' id='word_1_605' title='bbox 2338 4382 2474 4473; x_wconf 74' lang='lat' dir='ltr'><strong>quis</strong></span> <span class='ocrx_word' id='word_1_606' title='bbox 2496 4399 2664 4455; x_wconf 91' lang='lat' dir='ltr'><strong>alius.</strong></span> 
     </span>
    </p>
   </div>
   <div class='ocr_carea' id='block_1_87' title="bbox 378 4481 2025 4560">
    <p class='ocr_par' dir='ltr' id='par_1_87' title="bbox 378 4481 1985 4560">
     <span class='ocr_line' id='line_1_87' title="bbox 378 4481 1985 4560; baseline 0.006 -29"><span class='ocrx_word' id='word_1_607' title='bbox 378 4483 474 4532; x_wconf 83' lang='grc' dir='ltr'><strong>Καὶ</strong></span> <span class='ocrx_word' id='word_1_608' title='bbox 529 4511 597 4521; x_wconf 89' lang='grc'><strong><em>-</em></strong></span> <span class='ocrx_word' id='word_1_609' title='bbox 658 4500 779 4554; x_wconf 83' lang='grc' dir='ltr'>μου.</span> <span class='ocrx_word' id='word_1_610' title='bbox 851 4481 974 4536; x_wconf 80' lang='grc' dir='ltr'><strong>’Υπό</strong></span> <span class='ocrx_word' id='word_1_611' title='bbox 1038 4488 1239 4556; x_wconf 86' lang='grc' dir='ltr'>γονέων,</span> <span class='ocrx_word' id='word_1_612' title='bbox 1301 4488 1401 4539; x_wconf 83' lang='grc' dir='ltr'>ὑπὸ</span> <span class='ocrx_word' id='word_1_613' title='bbox 1463 4497 1744 4560; x_wconf 82' lang='grc' dir='ltr'>συγγενῶν,</span> <span class='ocrx_word' id='word_1_614' title='bbox 1803 4490 1903 4541; x_wconf 82' lang='grc' dir='ltr'><strong>ὑπὸ</strong></span> <span class='ocrx_word' id='word_1_615' title='bbox 1980 4494 1985 4501; x_wconf 66' lang='grc'><strong><em>³</em></strong></span> 
     </span>
    </p>
   </div>
   <div class='ocr_carea' id='block_1_88' title="bbox 2019 4481 3666 4560">
    <p class='ocr_par' dir='ltr' id='par_1_88' title="bbox 2084 4482 3666 4558">
     <span class='ocr_line' id='line_1_88' title="bbox 2084 4482 3666 4558; baseline -0.004 -13"><span class='ocrx_word' id='word_1_616' title='bbox 2084 4491 2227 4547; x_wconf 87' lang='lat' dir='ltr'><strong>Vers</strong></span> <span class='ocrx_word' id='word_1_617' title='bbox 2243 4532 2255 4544; x_wconf 91' lang='lat'><strong>.</strong></span> <span class='ocrx_word' id='word_1_618' title='bbox 2278 4494 2328 4545; x_wconf 86' lang='lat'><strong>9.</strong></span> <span class='ocrx_word' id='word_1_619' title='bbox 2367 4491 2525 4544; x_wconf 81' lang='lat' dir='ltr'><strong>Et—</strong></span> <span class='ocrx_word' id='word_1_620' title='bbox 2548 4504 2751 4544; x_wconf 87' lang='lat' dir='ltr'><strong>meum.</strong></span> <span class='ocrx_word' id='word_1_621' title='bbox 2776 4487 2819 4541; x_wconf 89' lang='lat' dir='ltr'><strong>A</strong></span> <span class='ocrx_word' id='word_1_622' title='bbox 2836 4484 3204 4558; x_wconf 89' lang='lat' dir='ltr'><strong>parentibus,</strong></span> <span class='ocrx_word' id='word_1_623' title='bbox 3224 4500 3258 4539; x_wconf 92' lang='lat' dir='ltr'><strong>a</strong></span> <span class='ocrx_word' id='word_1_624' title='bbox 3285 4484 3574 4555; x_wconf 87' lang='lat' dir='ltr'><strong>cognatis,</strong></span> <span class='ocrx_word' id='word_1_625' title='bbox 3591 4482 3666 4539; x_wconf 91' lang='lat' dir='ltr'><strong>ab</strong></span> 
     </span>
    </p>
   </div>
   <div class='ocr_carea' id='block_1_89' title="bbox 304 4564 1951 4645">
    <p class='ocr_par' dir='ltr' id='par_1_89' title="bbox 304 4564 1951 4645">
     <span class='ocr_line' id='line_1_89' title="bbox 304 4564 1951 4645; baseline 0.006 -27"><span class='ocrx_word' id='word_1_626' title='bbox 304 4564 474 4638; x_wconf 79' lang='grc' dir='ltr'>φίλων,</span> <span class='ocrx_word' id='word_1_627' title='bbox 532 4569 633 4622; x_wconf 79' lang='grc' dir='ltr'>ὑπὸ</span> <span class='ocrx_word' id='word_1_628' title='bbox 726 4571 1015 4643; x_wconf 79' lang='grc' dir='ltr'>ὁμοφύλων,</span> <span class='ocrx_word' id='word_1_629' title='bbox 1095 4574 1194 4626; x_wconf 86' lang='grc' dir='ltr'>ύπό</span> <span class='ocrx_word' id='word_1_630' title='bbox 1277 4575 1495 4645; x_wconf 82' lang='grc' dir='ltr'>οἰκείων,</span> <span class='ocrx_word' id='word_1_631' title='bbox 1579 4579 1678 4629; x_wconf 86' lang='grc' dir='ltr'>ύπὸ</span> <span class='ocrx_word' id='word_1_632' title='bbox 1733 4569 1951 4641; x_wconf 83' lang='grc' dir='ltr'>ξένων,Ῑ</span> 
     </span>
    </p>
   </div>
   <div class='ocr_carea' id='block_1_90' title="bbox 2022 4564 3669 4645">
    <p class='ocr_par' dir='ltr' id='par_1_90' title="bbox 2022 4572 3669 4645">
     <span class='ocr_line' id='line_1_90' title="bbox 2022 4572 3669 4645; baseline -0.006 -9"><span class='ocrx_word' id='word_1_633' title='bbox 2022 4580 2243 4645; x_wconf 83' lang='lat' dir='ltr'><strong>amicis,</strong></span> <span class='ocrx_word' id='word_1_634' title='bbox 2272 4594 2306 4635; x_wconf 85' lang='lat' dir='ltr'><strong>a</strong></span> <span class='ocrx_word' id='word_1_635' title='bbox 2333 4578 2785 4644; x_wconf 89' lang='lat' dir='ltr'><strong>contribulibus,</strong></span> <span class='ocrx_word' id='word_1_636' title='bbox 2817 4592 2849 4630; x_wconf 90' lang='lat' dir='ltr'><strong>a</strong></span> <span class='ocrx_word' id='word_1_637' title='bbox 2878 4573 3386 4638; x_wconf 91' lang='lat' dir='ltr'><strong>familiaribus,ab</strong></span> <span class='ocrx_word' id='word_1_638' title='bbox 3415 4572 3669 4643; x_wconf 88' lang='lat' dir='ltr'><strong>hospiti-</strong></span> 
     </span>
    </p>
   </div>
   <div class='ocr_carea' id='block_1_91' title="bbox 302 4656 1949 4741">
    <p class='ocr_par' dir='ltr' id='par_1_91' title="bbox 302 4656 1903 4735">
     <span class='ocr_line' id='line_1_91' title="bbox 302 4656 1903 4735; baseline 0.006 -28"><span class='ocrx_word' id='word_1_639' title='bbox 302 4656 402 4708; x_wconf 80' lang='grc' dir='ltr'><strong>ὑπὸ</strong></span> <span class='ocrx_word' id='word_1_640' title='bbox 451 4656 741 4731; x_wconf 88' lang='grc' dir='ltr'>ἀρχόντων,</span> <span class='ocrx_word' id='word_1_641' title='bbox 796 4662 898 4713; x_wconf 79' lang='grc' dir='ltr'><strong>ὑπὸ</strong></span> <span class='ocrx_word' id='word_1_642' title='bbox 950 4660 1271 4735; x_wconf 84' lang='grc' dir='ltr'>ἀρχομένων,</span> <span class='ocrx_word' id='word_1_643' title='bbox 1343 4670 1432 4717; x_wconf 84' lang='grc' dir='ltr'>καὶ</span> <span class='ocrx_word' id='word_1_644' title='bbox 1498 4665 1670 4728; x_wconf 84' lang='grc' dir='ltr'>ἁπλῶς</span> <span class='ocrx_word' id='word_1_645' title='bbox 1727 4670 1903 4734; x_wconf 85' lang='grc' dir='ltr'>εἰπεῖν,</span> 
     </span>
    </p>
   </div>
   <div class='ocr_carea' id='block_1_92' title="bbox 2016 4656 3663 4741">
    <p class='ocr_par' dir='ltr' id='par_1_92' title="bbox 2016 4661 3663 4741">
     <span class='ocr_line' id='line_1_92' title="bbox 2016 4661 3663 4741; baseline -0.007 -16"><span class='ocrx_word' id='word_1_646' title='bbox 2016 4670 2147 4739; x_wconf 86' lang='lat' dir='ltr'><strong>bus,</strong></span> <span class='ocrx_word' id='word_1_647' title='bbox 2172 4667 2614 4741; x_wconf 88' lang='lat' dir='ltr'><strong>aprincipibus,</strong></span> <span class='ocrx_word' id='word_1_648' title='bbox 2660 4682 2696 4720; x_wconf 92' lang='lat' dir='ltr'><strong>a</strong></span> <span class='ocrx_word' id='word_1_649' title='bbox 2728 4664 2981 4719; x_wconf 91' lang='lat' dir='ltr'><strong>subditis</strong></span> <span class='ocrx_word' id='word_1_650' title='bbox 3028 4668 3081 4718; x_wconf 92' lang='lat' dir='ltr'><strong>et</strong></span> <span class='ocrx_word' id='word_1_651' title='bbox 3115 4666 3180 4715; x_wconf 92' lang='lat' dir='ltr'><strong>ut</strong></span> <span class='ocrx_word' id='word_1_652' title='bbox 3222 4662 3405 4716; x_wconf 90' lang='lat' dir='ltr'><strong>semel</strong></span> <span class='ocrx_word' id='word_1_653' title='bbox 3445 4661 3663 4728; x_wconf 89' lang='lat' dir='ltr'><strong>dicam,</strong></span> 
     </span>
    </p>
   </div>
   <div class='ocr_carea' id='block_1_93' title="bbox 305 4745 1952 4829">
    <p class='ocr_par' dir='ltr' id='par_1_93' title="bbox 305 4745 1905 4829">
     <span class='ocr_line' id='line_1_93' title="bbox 305 4745 1905 4829; baseline 0.008 -33"><span class='ocrx_word' id='word_1_654' title='bbox 305 4745 405 4797; x_wconf 80' lang='grc' dir='ltr'><strong>ὑπὸ</strong></span> <span class='ocrx_word' id='word_1_655' title='bbox 450 4749 654 4799; x_wconf 79' lang='grc' dir='ltr'>πάντων</span> <span class='ocrx_word' id='word_1_656' title='bbox 711 4757 811 4800; x_wconf 87' lang='grc' dir='ltr'>τῶν</span> <span class='ocrx_word' id='word_1_657' title='bbox 872 4748 1149 4824; x_wconf 80' lang='grc' dir='ltr'>ἀλλοτρίων</span> <span class='ocrx_word' id='word_1_658' title='bbox 1207 4760 1298 4805; x_wconf 89' lang='grc' dir='ltr'><strong>τοῦ</strong></span> <span class='ocrx_word' id='word_1_659' title='bbox 1344 4757 1692 4826; x_wconf 85' lang='grc' dir='ltr'>κηρύγματος.</span> <span class='ocrx_word' id='word_1_660' title='bbox 1728 4762 1905 4829; x_wconf 81' lang='grc' dir='ltr'>Ιιροει-</span> 
     </span>
    </p>
   </div>
   <div class='ocr_carea' id='block_1_94' title="bbox 2020 4745 3667 4829">
    <p class='ocr_par' dir='ltr' id='par_1_94' title="bbox 2020 4748 3667 4829">
     <span class='ocr_line' id='line_1_94' title="bbox 2020 4748 3667 4829; baseline -0.007 -14"><span class='ocrx_word' id='word_1_661' title='bbox 2020 4760 2096 4815; x_wconf 90' lang='lat' dir='ltr'><strong>ab</strong></span> <span class='ocrx_word' id='word_1_662' title='bbox 2127 4758 2407 4815; x_wconf 91' lang='lat' dir='ltr'><strong>omnibus</strong></span> <span class='ocrx_word' id='word_1_663' title='bbox 2429 4755 2531 4829; x_wconf 91' lang='lat' dir='ltr'><strong>qui</strong></span> <span class='ocrx_word' id='word_1_664' title='bbox 2558 4752 2796 4809; x_wconf 89' lang='lat' dir='ltr'><strong>alienati</strong></span> <span class='ocrx_word' id='word_1_665' title='bbox 2842 4756 2981 4806; x_wconf 90' lang='lat' dir='ltr'><strong>sunt</strong></span> <span class='ocrx_word' id='word_1_666' title='bbox 3019 4767 3055 4805; x_wconf 94' lang='lat' dir='ltr'><strong>a</strong></span> <span class='ocrx_word' id='word_1_667' title='bbox 3083 4750 3525 4822; x_wconf 56' lang='lat' dir='ltr'><strong>praedicatione.</strong></span> <span class='ocrx_word' id='word_1_668' title='bbox 3558 4748 3667 4803; x_wconf 89' lang='lat' dir='ltr'><strong>Ubi</strong></span> 
     </span>
    </p>
   </div>
   <div class='ocr_carea' id='block_1_95' title="bbox 310 4831 1957 4916">
    <p class='ocr_par' dir='ltr' id='par_1_95' title="bbox 310 4831 1908 4914">
     <span class='ocr_line' id='line_1_95' title="bbox 310 4831 1908 4914; baseline 0.009 -32"><span class='ocrx_word' id='word_1_669' title='bbox 310 4837 418 4883; x_wconf 88' lang='grc' dir='ltr'>πὼν</span> <span class='ocrx_word' id='word_1_670' title='bbox 447 4831 503 4886; x_wconf 63' lang='grc' dir='ltr'>δι</span> <span class='ocrx_word' id='word_1_671' title='bbox 564 4840 630 4888; x_wconf 82' lang='grc' dir='ltr'>τὰ</span> <span class='ocrx_word' id='word_1_672' title='bbox 682 4841 989 4912; x_wconf 85' lang='grc' dir='ltr'>σκυθρωπὰ,</span> <span class='ocrx_word' id='word_1_673' title='bbox 1049 4840 1224 4893; x_wconf 85' lang='grc' dir='ltr'>λοιπόν</span> <span class='ocrx_word' id='word_1_674' title='bbox 1256 4841 1485 4914; x_wconf 82' lang='grc' dir='ltr'>ἐπήγαγε</span> <span class='ocrx_word' id='word_1_675' title='bbox 1535 4848 1623 4895; x_wconf 82' lang='grc' dir='ltr'>καὶ</span> <span class='ocrx_word' id='word_1_676' title='bbox 1665 4848 1759 4902; x_wconf 81' lang='grc' dir='ltr'>τὴν</span> <span class='ocrx_word' id='word_1_677' title='bbox 1806 4864 1908 4896; x_wconf 80' lang='grc' dir='ltr'>πα-</span> 
     </span>
    </p>
   </div>
   <div class='ocr_carea' id='block_1_96' title="bbox 2020 4831 3667 4916">
    <p class='ocr_par' dir='ltr' id='par_1_96' title="bbox 2020 4836 3667 4916">
     <span class='ocr_line' id='line_1_96' title="bbox 2020 4836 3667 4916; baseline -0.009 -12"><span class='ocrx_word' id='word_1_678' title='bbox 2020 4852 2218 4904; x_wconf 88' lang='lat' dir='ltr'><strong>autem</strong></span> <span class='ocrx_word' id='word_1_679' title='bbox 2271 4846 2456 4902; x_wconf 89' lang='lat' dir='ltr'><strong>tristia</strong></span> <span class='ocrx_word' id='word_1_680' title='bbox 2526 4842 2812 4916; x_wconf 76' lang='lat' dir='ltr'><strong>praedixit,</strong></span> <span class='ocrx_word' id='word_1_681' title='bbox 2868 4839 3337 4896; x_wconf 88' lang='lat' dir='ltr'><strong>consolationem</strong></span> <span class='ocrx_word' id='word_1_682' title='bbox 3392 4836 3667 4909; x_wconf 91' lang='lat' dir='ltr'><strong>deinceps</strong></span> 
     </span>
    </p>
   </div>
   <div class='ocr_carea' id='block_1_97' title="bbox 315 4924 1962 5007">
    <p class='ocr_par' dir='ltr' id='par_1_97' title="bbox 315 4924 1909 5006">
     <span class='ocr_line' id='line_1_97' title="bbox 315 4924 1909 5006; baseline 0.009 -34"><span class='ocrx_word' id='word_1_683' title='bbox 315 4924 591 4992; x_wconf 85' lang='grc' dir='ltr'>ραμυθίαν,</span> <span class='ocrx_word' id='word_1_684' title='bbox 625 4927 703 4978; x_wconf 88' lang='grc' dir='ltr'>ὃτι</span> <span class='ocrx_word' id='word_1_685' title='bbox 755 4930 827 4979; x_wconf 86' lang='grc' dir='ltr'><strong>Δι’</strong></span> <span class='ocrx_word' id='word_1_686' title='bbox 885 4927 990 5001; x_wconf 82' lang='grc' dir='ltr'><strong>ἐμέ.</strong></span> <span class='ocrx_word' id='word_1_687' title='bbox 1047 4935 1211 4983; x_wconf 88' lang='grc' dir='ltr'>Τοῦτο</span> <span class='ocrx_word' id='word_1_688' title='bbox 1266 4935 1368 5006; x_wconf 83' lang='grc' dir='ltr'><strong>γὰρ</strong></span> <span class='ocrx_word' id='word_1_689' title='bbox 1401 4929 1554 4989; x_wconf 83' lang='grc' dir='ltr'><strong>δηλοί</strong></span> <span class='ocrx_word' id='word_1_690' title='bbox 1600 4937 1657 4985; x_wconf 86' lang='grc' dir='ltr'>τὸ</span> <span class='ocrx_word' id='word_1_691' title='bbox 1717 4930 1811 4987; x_wconf 85' lang='grc' dir='ltr'>διὰ</span> <span class='ocrx_word' id='word_1_692' title='bbox 1852 4939 1909 4987; x_wconf 87' lang='grc' dir='ltr'>τὸ</span> 
     </span>
    </p>
   </div>
   <div class='ocr_carea' id='block_1_98' title="bbox 2015 4924 3662 5007">
    <p class='ocr_par' dir='ltr' id='par_1_98' title="bbox 2021 4925 3662 5007">
     <span class='ocr_line' id='line_1_98' title="bbox 2021 4925 3662 5007; baseline -0.004 -15"><span class='ocrx_word' id='word_1_693' title='bbox 2021 4935 2348 5007; x_wconf 82' lang='lat' dir='ltr'><strong>subjunxit,</strong></span> <span class='ocrx_word' id='word_1_694' title='bbox 2380 4932 2586 4990; x_wconf 90' lang='lat' dir='ltr'><strong>dicens</strong></span> <span class='ocrx_word' id='word_1_695' title='bbox 2621 4950 2638 4985; x_wconf 86' lang='lat'><strong>:</strong></span> <span class='ocrx_word' id='word_1_696' title='bbox 2669 4930 2913 5003; x_wconf 89' lang='lat' dir='ltr'><strong>Propter</strong></span> <span class='ocrx_word' id='word_1_697' title='bbox 2940 4944 3052 4983; x_wconf 92' lang='lat' dir='ltr'><strong>me.</strong></span> <span class='ocrx_word' id='word_1_698' title='bbox 3076 4930 3222 4983; x_wconf 90' lang='lat' dir='ltr'><strong>Nam</strong></span> <span class='ocrx_word' id='word_1_699' title='bbox 3253 4926 3313 4982; x_wconf 94' lang='lat' dir='ltr'><strong>id</strong></span> <span class='ocrx_word' id='word_1_700' title='bbox 3337 4925 3662 4999; x_wconf 83' lang='lat' dir='ltr'><strong>signiﬁcat:</strong></span> 
     </span>
    </p>
   </div>
   <div class='ocr_carea' id='block_1_99' title="bbox 318 5010 1965 5097">
    <p class='ocr_par' dir='ltr' id='par_1_99' title="bbox 318 5010 1910 5094">
     <span class='ocr_line' id='line_1_99' title="bbox 318 5010 1910 5094; baseline 0.011 -35"><span class='ocrx_word' id='word_1_701' title='bbox 318 5010 476 5082; x_wconf 82' lang='grc' dir='ltr'>ὄνομά</span> <span class='ocrx_word' id='word_1_702' title='bbox 564 5033 686 5086; x_wconf 82' lang='grc' dir='ltr'>μου.</span> <span class='ocrx_word' id='word_1_703' title='bbox 747 5021 847 5070; x_wconf 80' lang='grc' dir='ltr'><strong>Καὶ</strong></span> <span class='ocrx_word' id='word_1_704' title='bbox 896 5021 1048 5080; x_wconf 84' lang='grc' dir='ltr'>ὄντως</span> <span class='ocrx_word' id='word_1_705' title='bbox 1126 5021 1324 5093; x_wconf 81' lang='grc' dir='ltr'>μεγάλη</span> <span class='ocrx_word' id='word_1_706' title='bbox 1379 5029 1488 5083; x_wconf 86' lang='grc' dir='ltr'>τοῖς</span> <span class='ocrx_word' id='word_1_707' title='bbox 1543 5023 1802 5094; x_wconf 87' lang='grc' dir='ltr'>μαθηταῖς</span> <span class='ocrx_word' id='word_1_708' title='bbox 1850 5022 1910 5083; x_wconf 81' lang='grc' dir='ltr'>ἦν</span> 
     </span>
    </p>
   </div>
   <div class='ocr_carea' id='block_1_100' title="bbox 2023 5010 3670 5097">
    <p class='ocr_par' dir='ltr' id='par_1_100' title="bbox 2023 5014 3670 5097">
     <span class='ocr_line' id='line_1_100' title="bbox 2023 5014 3670 5097; baseline -0.004 -16"><span class='ocrx_word' id='word_1_709' title='bbox 2023 5031 2264 5097; x_wconf 78' lang='lat' dir='ltr'><strong>propter</strong></span> <span class='ocrx_word' id='word_1_710' title='bbox 2273 5040 2482 5080; x_wconf 84' lang='lat' dir='ltr'><strong>nomen</strong></span> <span class='ocrx_word' id='word_1_711' title='bbox 2497 5037 2706 5079; x_wconf 81' lang='lat' dir='ltr'><strong>meum.</strong></span> <span class='ocrx_word' id='word_1_712' title='bbox 2728 5023 2795 5076; x_wconf 89' lang='lat' dir='ltr'><strong>Et</strong></span> <span class='ocrx_word' id='word_1_713' title='bbox 2822 5032 2954 5075; x_wconf 88' lang='lat' dir='ltr'><strong>vere</strong></span> <span class='ocrx_word' id='word_1_714' title='bbox 2972 5032 3197 5089; x_wconf 86' lang='lat' dir='ltr'><strong>magna</strong></span> <span class='ocrx_word' id='word_1_715' title='bbox 3206 5014 3513 5091; x_wconf 88' lang='lat' dir='ltr'><strong>discipulis</strong></span> <span class='ocrx_word' id='word_1_716' title='bbox 3543 5018 3670 5074; x_wconf 86' lang='lat' dir='ltr'><strong>erat</strong></span> 
     </span>
    </p>
   </div>
   <div class='ocr_carea' id='block_1_101' title="bbox 314 5103 1961 5188">
    <p class='ocr_par' dir='ltr' id='par_1_101' title="bbox 314 5103 1272 5182">
     <span class='ocr_line' id='line_1_101' title="bbox 314 5103 1272 5182; baseline 0.018 -33"><span class='ocrx_word' id='word_1_717' title='bbox 314 5103 618 5175; x_wconf 87' lang='grc' dir='ltr'>παραμυθία</span> <span class='ocrx_word' id='word_1_718' title='bbox 644 5106 703 5158; x_wconf 89' lang='grc' dir='ltr'>τὸ</span> <span class='ocrx_word' id='word_1_719' title='bbox 732 5108 960 5182; x_wconf 79' lang='grc' dir='ltr'>πάσχειν</span> <span class='ocrx_word' id='word_1_720' title='bbox 991 5105 1068 5161; x_wconf 83' lang='grc' dir='ltr'>δι’</span> <span class='ocrx_word' id='word_1_721' title='bbox 1095 5108 1272 5167; x_wconf 77' lang='grc' dir='ltr'>αὐτὸν.</span> 
     </span>
    </p>
   </div>
   <div class='ocr_carea' id='block_1_102' title="bbox 1378 5103 3025 5188">
    <p class='ocr_par' dir='ltr' id='par_1_102' title="bbox 2021 5108 3025 5188">
     <span class='ocr_line' id='line_1_102' title="bbox 2021 5108 3025 5188; baseline -0.006 -15"><span class='ocrx_word' id='word_1_722' title='bbox 2021 5113 2348 5173; x_wconf 84' lang='lat' dir='ltr'><strong>consolatio</strong></span> <span class='ocrx_word' id='word_1_723' title='bbox 2377 5114 2499 5188; x_wconf 90' lang='lat' dir='ltr'><strong>pati</strong></span> <span class='ocrx_word' id='word_1_724' title='bbox 2524 5114 2768 5185; x_wconf 89' lang='lat' dir='ltr'><strong>propter</strong></span> <span class='ocrx_word' id='word_1_725' title='bbox 2803 5108 3025 5182; x_wconf 90' lang='lat' dir='ltr'><strong>ipsum.</strong></span> 
     </span>
    </p>
   </div>
   <div class='ocr_carea' id='block_1_103' title="bbox 376 5277 1295 5351">
    <p class='ocr_par' dir='ltr' id='par_1_103' title="bbox 376 5277 1295 5351">
     <span class='ocr_line' id='line_1_103' title="bbox 376 5277 1295 5351; baseline 0.005 -13"><span class='ocrx_word' id='word_1_726' title='bbox 376 5277 425 5314; x_wconf 82' lang='lat'><strong><em>”</em></strong></span> <span class='ocrx_word' id='word_1_727' title='bbox 452 5279 589 5338; x_wconf 88' lang='lat' dir='ltr'><strong>Luc.</strong></span> <span class='ocrx_word' id='word_1_728' title='bbox 619 5297 742 5351; x_wconf 70' lang='grc' dir='ltr'>ιιι,</span> <span class='ocrx_word' id='word_1_729' title='bbox 779 5287 868 5341; x_wconf 80' lang='grc'><strong>11.</strong></span> <span class='ocrx_word' id='word_1_730' title='bbox 944 5283 994 5322; x_wconf 73' lang='grc' dir='ltr'><strong>⁸ο</strong></span> <span class='ocrx_word' id='word_1_731' title='bbox 1023 5282 1172 5343; x_wconf 88' lang='lat' dir='ltr'><strong>Ibid.</strong></span> <span class='ocrx_word' id='word_1_732' title='bbox 1208 5288 1295 5344; x_wconf 84' lang='grc'><strong>12.</strong></span> 
     </span>
    </p>
   </div>
   <div class='ocr_carea' id='block_1_104' title="bbox 1511 5414 2406 5486">
    <p class='ocr_par' dir='ltr' id='par_1_104' title="bbox 1511 5414 2406 5486">
     <span class='ocr_line' id='line_1_104' title="bbox 1511 5414 2406 5486; baseline -0.001 -3"><span class='ocrx_word' id='word_1_733' title='bbox 1511 5414 1733 5484; x_wconf 73' lang='lat' dir='ltr'><strong>Variae</strong></span> <span class='ocrx_word' id='word_1_734' title='bbox 1754 5415 2084 5486; x_wconf 90' lang='lat' dir='ltr'><strong>lectiones</strong></span> <span class='ocrx_word' id='word_1_735' title='bbox 2113 5424 2180 5485; x_wconf 90' lang='lat' dir='ltr'><strong>et</strong></span> <span class='ocrx_word' id='word_1_736' title='bbox 2201 5421 2406 5483; x_wconf 85' lang='lat' dir='ltr'><strong>notae.</strong></span> 
     </span>
    </p>
   </div>
   <div class='ocr_carea' id='block_1_105' title="bbox 372 5549 2019 5633">
    <p class='ocr_par' dir='ltr' id='par_1_105' title="bbox 372 5549 1908 5633">
     <span class='ocr_line' id='line_1_105' title="bbox 372 5549 1908 5633; baseline 0.005 -26"><span class='ocrx_word' id='word_1_737' title='bbox 372 5549 489 5633; x_wconf 73' lang='lat' dir='ltr'><strong>(t7)</strong></span> <span class='ocrx_word' id='word_1_738' title='bbox 515 5551 769 5625; x_wconf 85' lang='grc' dir='ltr'>Ἐπίμονα</span> <span class='ocrx_word' id='word_1_739' title='bbox 793 5552 866 5611; x_wconf 93' lang='grc' dir='ltr'><strong>Β.</strong></span> <span class='ocrx_word' id='word_1_740' title='bbox 891 5553 1345 5625; x_wconf 83' lang='lat' dir='ltr'><strong>Chrysostomus</strong></span> <span class='ocrx_word' id='word_1_741' title='bbox 1367 5554 1498 5613; x_wconf 89' lang='lat' dir='ltr'><strong>loco</strong></span> <span class='ocrx_word' id='word_1_742' title='bbox 1523 5555 1768 5616; x_wconf 86' lang='lat' dir='ltr'><strong>laudato</strong></span> <span class='ocrx_word' id='word_1_743' title='bbox 1804 5580 1908 5633; x_wconf 85' lang='grc' dir='ltr'>χα-</span> 
     </span>
    </p>
   </div>
   <div class='ocr_carea' id='block_1_106' title="bbox 1000 5549 2647 5633">
    <p class='ocr_par' dir='ltr' id='par_1_106' title="bbox 1001 5554 2647 5633">
     <span class='ocr_line' id='line_1_106' title="bbox 1001 5554 2647 5633; baseline 0.002 -25"><span class='ocrx_word' id='word_1_744' title='bbox 1001 5558 1345 5625; x_wconf 83' lang='lat' dir='ltr'><strong>ysostomus</strong></span> <span class='ocrx_word' id='word_1_745' title='bbox 1367 5554 1498 5613; x_wconf 89' lang='lat' dir='ltr'><strong>loco</strong></span> <span class='ocrx_word' id='word_1_746' title='bbox 1523 5555 1768 5616; x_wconf 89' lang='lat' dir='ltr'><strong>laudato</strong></span> <span class='ocrx_word' id='word_1_747' title='bbox 1804 5580 1908 5633; x_wconf 84' lang='grc' dir='ltr'>χα-</span> <span class='ocrx_word' id='word_1_748' title='bbox 2090 5557 2305 5633; x_wconf 64' lang='lat' dir='ltr'><strong>(18)ny</strong></span> <span class='ocrx_word' id='word_1_749' title='bbox 2332 5558 2549 5633; x_wconf 78' lang='grc' dir='ltr'>ἀγωνίᾳ,</span> <span class='ocrx_word' id='word_1_750' title='bbox 2584 5559 2647 5612; x_wconf 87' lang='grc' dir='ltr'><strong>Α.</strong></span> 
     </span>
    </p>
   </div>
   <div class='ocr_carea' id='block_1_107' title="bbox 298 5560 1945 5704">
    <p class='ocr_par' dir='ltr' id='par_1_107' title="bbox 298 5560 1908 5675">
     <span class='ocr_line' id='line_1_107' title="bbox 298 5560 1908 5674; baseline -0.006 -51"><span class='ocrx_word' id='word_1_751' title='bbox 298 5620 350 5674; x_wconf 53' lang='grc' dir='ltr'><strong>λε</strong></span> <span class='ocrx_word' id='word_1_752' title='bbox 372 5560 489 5639; x_wconf 65' lang='grc' dir='ltr'><strong>(Ψ)</strong></span> <span class='ocrx_word' id='word_1_753' title='bbox 516 5560 769 5625; x_wconf 85' lang='grc' dir='ltr'>Ἐπίμονα</span> <span class='ocrx_word' id='word_1_754' title='bbox 793 5560 866 5611; x_wconf 81' lang='grc' dir='ltr'><strong>Β.</strong></span> <span class='ocrx_word' id='word_1_755' title='bbox 891 5560 1345 5625; x_wconf 79' lang='lat' dir='ltr'><strong>Chrysostomus</strong></span> <span class='ocrx_word' id='word_1_756' title='bbox 1367 5560 1498 5613; x_wconf 89' lang='lat' dir='ltr'><strong>loco</strong></span> <span class='ocrx_word' id='word_1_757' title='bbox 1523 5560 1768 5616; x_wconf 86' lang='lat' dir='ltr'><strong>laudato</strong></span> <span class='ocrx_word' id='word_1_758' title='bbox 1804 5580 1908 5633; x_wconf 85' lang='grc' dir='ltr'>χα-</span> 
     </span>
     <span class='ocr_line' id='line_1_108' title="bbox 353 5641 444 5675; baseline -0.011 0"><span class='ocrx_word' id='word_1_759' title='bbox 353 5641 444 5675; x_wconf 88' lang='grc' dir='ltr'>πα.</span> 
     </span>
    </p>
   </div>
   <div class='ocr_carea' id='block_1_108' title="bbox 1555 5560 3202 5704">
    <p class='ocr_par' dir='ltr' id='par_1_108' title="bbox 1555 5560 3202 5704">
     <span class='ocr_line' id='line_1_109' title="bbox 1555 5560 2648 5633; baseline -0.002 -19"><span class='ocrx_word' id='word_1_760' title='bbox 1555 5560 1768 5616; x_wconf 75' lang='lat' dir='ltr'><strong>sudato</strong></span> <span class='ocrx_word' id='word_1_761' title='bbox 1804 5580 1908 5633; x_wconf 84' lang='grc' dir='ltr'>χα-</span> <span class='ocrx_word' id='word_1_762' title='bbox 2117 5560 2199 5631; x_wconf 87' lang='grc'><strong>18)</strong></span> <span class='ocrx_word' id='word_1_763' title='bbox 2222 5560 2305 5614; x_wconf 83' lang='grc' dir='ltr'>Ἐν</span> <span class='ocrx_word' id='word_1_764' title='bbox 2332 5560 2383 5612; x_wconf 65' lang='grc' dir='ltr'>ἀν</span> <span class='ocrx_word' id='word_1_765' title='bbox 2404 5562 2549 5631; x_wconf 78' lang='grc' dir='ltr'>ωνίᾳ,</span> <span class='ocrx_word' id='word_1_766' title='bbox 2584 5560 2648 5612; x_wconf 87' lang='grc' dir='ltr'><strong>Α.</strong></span> 
     </span>
     <span class='ocr_line' id='line_1_110' title="bbox 2088 5560 3202 5704; baseline -0.003 -19"><span class='ocrx_word' id='word_1_767' title='bbox 2088 5560 2335 5704; x_wconf 52' lang='grc' dir='ltr'><strong>ἕ19)Τι-ὶει</strong></span> <span class='ocrx_word' id='word_1_768' title='bbox 2372 5580 2500 5688; x_wconf 69' lang='lat' dir='ltr'><strong>haec</strong></span> <span class='ocrx_word' id='word_1_769' title='bbox 2555 5628 2852 5689; x_wconf 84' lang='lat' dir='ltr'><strong>vocabula</strong></span> <span class='ocrx_word' id='word_1_770' title='bbox 2878 5626 3096 5687; x_wconf 89' lang='lat' dir='ltr'><strong>absunt</strong></span> <span class='ocrx_word' id='word_1_771' title='bbox 3138 5630 3202 5682; x_wconf 84' lang='grc' dir='ltr'>Α.</span> 
     </span>
    </p>
   </div>
   <div class='ocr_carea' id='block_1_109' title="bbox 374 5738 1979 5841">
    <p class='ocr_par' dir='ltr' id='par_1_109' title="bbox 374 5738 1979 5841">
     <span class='ocr_line' id='line_1_111' title="bbox 374 5738 1979 5841; baseline 0.007 -17"><span class='ocrx_word' id='word_1_772' title='bbox 374 5764 449 5839; x_wconf 85' lang='lat' dir='ltr'><strong>(g)</strong></span> <span class='ocrx_word' id='word_1_773' title='bbox 490 5765 897 5827; x_wconf 78' lang='lat' dir='ltr'><strong>Ccrlaminum</strong></span> <span class='ocrx_word' id='word_1_774' title='bbox 907 5769 1242 5841; x_wconf 63' lang='lat' dir='ltr'><strong>praefectos.</strong></span> <span class='ocrx_word' id='word_1_775' title='bbox 1264 5770 1352 5827; x_wconf 83' lang='lat' dir='ltr'><strong>Ad</strong></span> <span class='ocrx_word' id='word_1_776' title='bbox 1364 5738 1681 5833; x_wconf 77' lang='lat' dir='ltr'><strong>certamina</strong></span> <span class='ocrx_word' id='word_1_777' title='bbox 1709 5774 1979 5835; x_wconf 80' lang='lat' dir='ltr'><strong>idoneos.</strong></span> 
     </span>
    </p>
   </div>
  </div>
