4170 6334
528 249 634 304 607
1878 241 2229 304 EUTHYMII
2269 242 2605 310 ZIGABENI
3772 257 3849 314 60
3867 259 3922 314 8

597 375 760 429 Vers.
801 375 888 429 10.
917 375 997 430 Et
1047 375 1339 433 —-multi.
1392 378 1575 434 Erunt
1601 375 1857 434 invicem
1915 372 2173 447 suspecti

2353 380 2453 430 Kui
2500 406 2572 420 -
2616 378 2814 439 πολλοί,
2881 379 3137 435 ’Υποπτοι
3185 381 3393 434 ἔσονται
3439 383 3570 456 πρὸς
3615 381 3912 452 ἀλλήλους,

526 466 766 534 propter
813 461 952 518 ﬁdei
1013 463 1406 523 diversitatem
1449 466 1632 538 ;sive,
1686 482 1810 523 non
1866 465 2171 522 credentes

2283 458 2376 516 διὰ
2457 470 2550 525 τήν
2636 466 2888 546 διαφορὰν
2966 479 3056 531 τῆς
3142 473 3390 538 πίστεως,
3438 473 3618 544 ἤγουν,
3703 475 3753 526 οἱ
3820 479 3912 548 μή

528 552 692 624 apud
731 567 833 608 eos
857 553 960 625 qui
989 555 1248 612 credent.

2280 557 2611 619 πιστεύοντες
2634 561 2763 635 πρὸς
2787 563 2910 622 τοὺς
2935 562 3295 622 πιστεύοντας.

599 641 759 697 Vers.
788 644 1047 698 10.Et—
1066 645 1311 703 invicem
1326 646 1616 703 habebunt
1633 646 1786 701 odio.
1815 645 2047 700 Marcus
2072 659 2172 699 au-

2354 649 2455 696 Kui
2518 678 2586 687 —
2635 653 2954 720 μισήσουσιν
3007 648 3264 710 ἀλλήλους.
3352 651 3567 724 Μάρκος
3623 647 3682 704 δὲ
3741 672 3911 725 φανε-

529 733 646 785 tem
658 731 1031 788 manifestius
1047 733 1207 800 dixit,
1225 736 1384 806 quod
1415 737 1610 792 tradet
1633 737 1824 805 frater
1845 737 2098 805 fratrem
2113 732 2173 786 in

2280 736 2499 807 ρώτερον
2597 734 2750 804 εἶπεν,
2811 740 2888 790 ὅτι
2969 735 3286 813 Παραδώσει
3363 735 3585 812 ἀδελφὸς
3666 737 3908 815 ἀδελφὸν

523 827 788 888 mortem,
803 827 859 878 et
883 829 1055 892 pater
1070 824 1315 880 Filium:
1342 826 1646 896 insurgent
1665 825 1777 894 ﬁlii
1798 825 1861 879 in
1875 828 2170 893 parentes,

2283 820 2351 883 εἰς
2435 825 2668 892 θάνατον,
2777 832 2878 880 xui
2940 833 3112 902 πατήρ
3163 831 3354 897 τέκνον,
3430 833 3519 882 καὶ
3591 830 3910 892 ἐπαναστή-

525 917 578 967 et
603 911 796 969 morte
819 927 910 968 eos
936 913 1194 983 afﬁcient
1212 916 1280 967 υ.
1309 915 1630 970 Verisimile
1651 913 1945 985 estitaque
1971 912 2174 969 omnia

2285 930 2464 964 σονται
2546 918 2698 968 τέκνα
2754 915 2838 970 ἐπὶ
2911 925 3076 989 γονεῖς
3154 923 3244 970 καὶ
3324 920 3714 973 θανατώσουσιν
3800 923 3910 974 αὐ·-

523 1001 683 1058 facta
708 1017 855 1067 esse,
885 1004 989 1058 etsi
1010 1002 1158 1059 liber
1195 1008 1471 1060 Actorum
1502 1003 1930 1076 particulariter
1958 1002 2031 1057 de
2059 1017 2175 1057 om-

2281 1003 2427 1063 τούς,
2485 1003 2632 1066 Εἰκὸς
2687 1008 2787 1079 γάρ
2845 1009 3015 1059 πάντα
3090 1009 3350 1078 γενέσθαι,
3411 1008 3454 1060 εἰ
3511 1014 3713 1082 καὶμὴ
3771 1016 3909 1087 περὶ

526 1090 705 1146 nibus
735 1107 858 1147 non
883 1092 1157 1150 disserat.
1187 1095 1376 1149 Lucas
1402 1109 1544 1149 vero
1565 1093 1747 1149 etiam
1794 1092 1931 1148 dicit
1964 1111 1976 1152 :
2028 1093 2175 1148 Tra-

2283 1091 2485 1143 πάντων
2560 1092 2882 1169 λεπτομερῶς
2984 1097 3013 1154 ἡ
3098 1095 3282 1169 βίϐλος
3371 1093 3714 1169 διαλαμϐάνει
3787 1107 3906 1151 τῶν

528 1179 751 1238 demim'
762 1187 956 1238 autem
984 1197 1020 1238 a
1028 1185 1368 1254 parentibus
1380 1190 1432 1240 et
1453 1184 1735 1253 cognatis,
1750 1183 1951 1238 amicis
1963 1197 2035 1239 ac
2053 1181 2176 1252 fra-

2285 1181 2544 1254 Πράξεων.
2619 1188 2718 1237 Καὶ
2791 1185 2816 1237 ὁ
2871 1190 3076 1246 Λουκᾶς
3146 1182 3207 1238 δέ
3269 1206 3446 1260 φησιν,
3507 1189 3584 1240 ὅτι
3645 1185 3911 1262 Παραδο-

527 1271 737 1336 tribus,
764 1278 816 1328 et
836 1279 1022 1329 morte
1051 1273 1309 1344 afﬁciant
1333 1273 1612 1345 quosdam
1644 1289 1718 1330 ex
1745 1272 1902 1329 vobis
1929 1273 1995 1329 η.
2029 1274 2173 1327 Ρτω-

2285 1273 2510 1330 θήσεσθε
2582 1278 2670 1325 καὶ
2725 1274 2824 1326 ύπό
2903 1278 3088 1346 γονέων
3172 1280 3261 1328 καὶ
3322 1284 3584 1348 συγγενῶν
3673 1282 3766 1330 καὶ
3802 1282 3908 1352 φί-

526 1361 675 1418 dixit
696 1362 843 1418 enim
869 1363 1054 1419 ethoc
1079 1363 1340 1420 Christus
1361 1362 1685 1435 discipulis,
1705 1361 1872 1435 quod
1900 1361 2174 1418 omnium

2282 1361 2380 1413 λων
2416 1366 2505 1414 καὶ
2559 1363 2670 1435 (20)
2726 1359 2980 1436 ἀδελφῶν,
3047 1368 3136 1416 καὶ
3177 1366 3568 1418 θανατώσουσιν
3622 1365 3676 1430 ἐξ
3721 1369 3902 1441 ὑμῶν.

523 1454 612 1507 est
636 1451 1519 1526 miserrimum,videlicetquod
1537 1453 1713 1509 etiam
1737 1451 2172 1509 afamiliarissi-

2283 1457 2500 1523 Προείπε
2541 1455 2639 1525 γὰρ
2697 1459 2802 1515 τοῖς
2849 1455 3112 1525 μαθηταῖς
3141 1455 3166 1505 ὁ
3212 1458 3446 1530 Χριστὸς
3500 1460 3590 1508 καὶ
3634 1462 3784 1510 τουτὶ
3827 1462 3899 1512 τὸ

499 1533 502 1537 ’
523 1540 635 1595 mis
655 1541 1054 1613 impugnandi
1085 1546 1255 1598 erant
1267 1561 1285 1614 ς
1303 1542 1746 1614 utpraescientes
1763 1542 1956 1614 parati
1977 1544 2175 1598 essent

2282 1541 2484 1592 πάντων
2534 1536 2848 1611 δεινότατον,
2908 1544 2984 1594 ὅτι
3037 1546 3121 1595 xui
3205 1543 3304 1595 ὑπὸ
3385 1551 3484 1598 τῶν
3557 1545 3898 1599 οἰκειοτάτων

523 1631 598 1687 ad
629 1630 1023 1697 tolerantiam,
1057 1635 1112 1688 et
1149 1632 1232 1688 ita
1277 1632 1602 1705 periculum
1650 1632 1881 1689 facilius
1930 1632 2175 1687 sustine-

2283 1629 2756 1703 πολεμηθήσονται,
2823 1631 2906 1684 ἵνα
2960 1634 3315 1704 προμαθόντες
3382 1632 3766 1707 ἑτοιμασθῶσιν
3818 1637 3902 1700 εἰς

519 1725 672 1778 rent.
703 1721 839 1777 Haec
869 1727 1069 1778 autem
1095 1722 1302 1778 omnia
1328 1722 1600 1795 praedixit
1635 1722 1717 1778 eis
1747 1722 1982 1778 decimo
2011 1737 2174 1778 nono

2285 1721 2566 1792 ὑπομονήν,
2599 1725 2686 1773 καὶ
2728 1720 2904 1774 λοιπὸν
2950 1725 3254 1796 κουφότερον
3297 1724 3356 1774 τὸ
3404 1719 3573 1776 δεινὸν
3613 1723 3889 1796 ἐνέγκοιεν.

523 1811 739 1882 capite.
771 1813 979 1877 Quaere
1010 1827 1152 1882 ergo
1183 1817 1238 1868 et
1260 1812 1343 1868 ibi
1371 1813 1589 1868 horum
1615 1812 2064 1884 expositionem.

2283 1816 2462 1862 Ταῦτα
2513 1807 2572 1863 δε
2610 1811 2780 1863 πάντα
2835 1817 3072 1884 προεῖπεν
3126 1810 3300 1873 αὐτοῖς
3342 1816 3432 1864 καὶ
3484 1811 3531 1864 ἓν
3592 1822 3664 1884 τῷ
3723 1814 3888 1869 ἐννεα-

2284 1897 2578 1970 καιδεκάτῳ
2632 1899 2909 1973 κεφαλαίῳ,
2967 1905 3057 1952 καὶ
3115 1900 3345 1961 ζήτησον
3404 1899 3555 1955 κάκεῖ
3628 1908 3720 1962 τήν
3767 1910 3893 1980 περὶ

594 2011 757 2065 Vers.
791 2010 877 2064 11.
905 2011 986 2065 Et
1012 2040 1079 2050 —
1099 2011 1337 2066 multos.
1370 2009 1653 2082 Superius
1674 2008 1748 2064 de
1778 2007 1848 2064 iis
1874 2007 2036 2075 dixit,
2071 2007 2176 2080 qui

2285 1991 2477 2041 τούτων
2505 1987 2772 2061 ἐξήγησιν.

527 2115 592 2156 se
607 2099 864 2156 Christos
895 2115 1023 2157 esse
1049 2099 1313 2170 ﬁngent:
1349 2078 1508 2155 nunc
1536 2104 1738 2155 autem
1787 2099 1860 2153 de
1886 2097 1981 2153 his
2013 2078 2174 2167 dicit,

2360 2083 2460 2131 Καὶ
2513 2110 2579 2118 -
2624 2078 2863 2140 πολλούς.
2960 2078 3217 2149 Ἀνωτέρω
3294 2080 3384 2151 μὲν
3445 2080 3564 2155 περί
3618 2089 3717 2134 τῶν
3761 2084 3893 2138 ὑπο-

526 2189 708 2262 quise
721 2189 1076 2262 prophetare
1091 2165 1482 2245 simulabant.
1499 2189 1661 2244 Tunc
1673 2187 1836 2244 enim
1851 2187 2017 2243 multi
2031 2165 2176 2244 tales

2285 2170 2590 2240 κρινομένων
2659 2171 2744 2220 τὸν
2842 2171 3070 2243 Χριστὸν
3129 2165 3282 2220 εἶπεν·
3354 2168 3579 2222 ἐνταῦθα
3645 2168 3704 2225 δὲ
3760 2172 3894 2247 λέγει

526 2257 783 2346 fuerunt,
804 2257 942 2334 cum
973 2277 1167 2335 adhuc
1188 2278 1354 2336 initia
1379 2282 1578 2336 essent
1607 2277 2066 2351 praedicationis.

2284 2262 2402 2331 περὶ
2450 2267 2548 2310 τῶν
2625 2257 3033 2331 ὑποκρινομένων
3107 2261 3468 2332 προφητεύειν.
3552 2260 3738 2315 Πολλοὶ
3789 2267 3890 2339 γάρ

2284 2355 2512 2400 τοιοῦτοι
2554 2351 2671 2401 τότε
2717 2352 3014 2421 γεγόνασιν,
3070 2347 3244 2423 ἀρχὴν
3299 2351 3377 2402 ἔτι
3429 2357 3522 2402 τοῦ
3563 2355 3895 2426 κηρύγματος

597 2477 762 2532 Vers.
799 2475 993 2531 l2.Et
1021 2475 1439 2532 —multorum.
1493 2477 1561 2530 Et
1605 2475 1720 2532 hoc
1767 2473 2176 2531 miserrimum
2286 2437 2521 2532 gmw?"

526 2567 636 2634 est,
668 2563 833 2637 quod
863 2580 1052 2638 neque
1091 2564 1170 2621 ab
1209 2565 1539 2622 amicorum
1569 2565 1882 2622 dilectione
1909 2564 2177 2621 consola-

507 2653 750 2709 tionem
780 2653 1042 2709 habituri
1087 2659 1244 2710 sunt.
1297 2655 1551 2721 Quidam
1591 2660 1788 2711 autem
1819 2653 2047 2726 ἀγάπην,
2089 2654 2173 2709 di-

509 2742 859 2808 lectionem,
897 2743 1197 2799 nominari
1234 2743 1510 2800 dixerunt
1553 2743 2038 2816 hospitalitatem,
2077 2742 2176 2799 alii

525 2847 670 2888 vero
722 2831 1203 2903 compassionem
1259 2848 1274 2889 :
1333 2833 1468 2888 vide
1547 2837 1694 2905 quot
1773 2831 2035 2905 pericula
2093 2832 2176 2888 eis

525 2921 883 2995 praedixerit,
907 2921 984 2977 ad
1014 2921 1218 2978 omnia
1247 2937 1562 2992 exacuens,
1587 2926 1645 2979 et
1673 2922 1752 2979 ad
1778 2921 2176 2992 magnanimi-

525 3015 707 3068 tatem
732 3010 1046 3080 roborans,
1079 3026 1149 3067 ac
1178 3010 1711 3069 confortationibus
1754 3011 2176 3069 adamantinos

2359 2531 2460 2578 Kui
2515 2556 2584 2568 —
2657 2525 2876 2581 πολλῶν.
2958 2531 3058 2580 Καὶ
3123 2533 3273 2580 τοῦτο
3330 2526 3720 2599 χαλεπώτατον,
3811 2534 3892 2585 ὅτι

2285 2612 2409 2668 οὐδὲ
2451 2619 2545 2674 τὴν
2595 2615 2694 2669 ἀπὸ
2748 2624 2840 2678 τῆς
2876 2614 3083 2689 ἀγάπης
3132 2619 3464 2691 παραμυθίαν
3515 2617 3707 2678 ἕξουσι.
3743 2625 3886 2682 Τινὲς

2288 2700 2347 2756 δε
2419 2702 2625 2776 ἀγάπην
2727 2703 2945 2758 ἐνταῦθα
3044 2708 3137 2764 τήν
3227 2704 3499 2778 φιλοξενίαν
3575 2707 3875 2776 ὠνόμασαν·

2286 2795 2449 2867 ἕτεροι
2498 2791 2578 2863 δὲ,
2627 2798 2720 2853 τήν
2772 2795 3117 2866 συμπάθειαν,
3167 2793 3318 2870 Ὀρα,
3352 2797 3491 2846 πόσα
3524 2788 3664 2844 δεινά
3697 2799 3873 2864 προεῖ-

2215 2893 2256 2951 α
2286 2901 2374 2935 πεν
2457 2883 2650 2951 αὐτοῖς,
2727 2886 3046 2957 παραθήγων
3116 2883 3186 2947 εἰς
3269 2887 3457 2950 πάντα,
3524 2888 3613 2935 καὶ
3677 2888 3874 2953 στομῶν

2288 2971 2354 3032 εἰς
2409 2971 2694 3044 εὐψυχίαν,
2775 2978 2864 3026 καὶ
2921 2980 3034 3036 ταῖς
3090 2972 3431 3050 ἐπιρῥώσεσιν
3506 2967 3888 3048 ἀδαμαντίνους

523 3100 805 3157 reddens.

2286 3060 2708 3135 ἀπεργαζόμενος
2723 3105 2734 3118 .

595 3189 762 3246 Vers.
798 3190 890 3247 13.
959 3189 1068 3258 Qui
1112 3195 1308 3249 autem
1343 3222 1410 3232 —
1440 3191 1634 3248 salvus
1665 3191 1798 3247 erit.
1829 3191 1961 3250 Hoc
1995 3189 2173 3248 etiam

2354 3186 2413 3240 Ὀ
2459 3184 2517 3241 δε
2563 3218 2632 3229 —
2686 3189 3006 3247 σωθήσεται.
3061 3189 3278 3262 Εἴρηται
3343 3193 3429 3241 καὶ
3506 3195 3656 3241 τοῦτο
3725 3185 3773 3240 ἐν
3819 3196 3889 3260 τῷ

525 3278 754 3336 dictum
782 3283 869 3336 est
913 3279 1148 3337 decimo
1187 3296 1348 3337 nono
1395 3281 1607 3353 capite,
1656 3285 1712 3338 et
1741 3280 1824 3337 ibi
1856 3280 2176 3338 manifesta

2286 3273 2740 3348 ἐννεακαιδεκάτῳ,
2827 3276 3106 3350 κεφαλαίῳ,
3170 3281 3261 3330 καὶ
3337 3274 3700 3354 διηρμηνεύθη
3754 3279 3887 3332 πάνυ

525 3368 854 3426 admodum
880 3368 1020 3426 data
1050 3374 1134 3426 est
1159 3370 1582 3443 interpretatio.

2288 3375 2459 3439 σαφῶς
2485 3365 2606 3420 ἐκεῖ.

597 3459 762 3514 Vers.
792 3459 874 3514 14.
907 3460 984 3515 Et
1012 3460 1441 3530 prcedicabitur
1469 3491 1536 3500 —
1567 3460 1728 3517 orbe.
1764 3459 1906 3516 Hinc
1928 3459 2176 3516 demon-

2359 3461 2458 3510 Καὶ
2558 3457 2962 3530 κηρυχθήσεται
3072 3485 3142 3495 -
3241 3455 3538 3530 οἰκουμένη.
3633 3456 3887 3510 Ἐντεῦθεν

527 3547 1088 3621 stravitquodnulla
1116 3549 1382 3621 pericula
1407 3549 1897 3622 praedicationem
1934 3565 2174 3621 supera-

2285 3542 2494 3614 ἔδειξεν,
2553 3546 2632 3597 ὅτι
2709 3540 2858 3597 ούδεν
2933 3551 3034 3597 τῶν
3115 3539 3294 3597 δεινῶν
3351 3550 3742 3621 περιγενήσεται
3793 3552 3887 3598 τοῦ

526 3637 694 3709 bunt,
719 3642 776 3694 et
803 3637 886 3694 ita
915 3655 1200 3710 magnam
1229 3639 1717 3711 prmdicatoribus
1743 3639 1938 3711 injecit
1969 3655 2176 3696 conso-

2283 3638 2633 3709 κηρύγματος,
2687 3639 2777 3686 καὶ
2831 3632 3022 3692 πολλήν
3070 3634 3204 3686 οὕτω
3242 3641 3348 3696 τοῖς
3403 3635 3594 3708 κήρυξι
3643 3653 3884 3710 παραμυ-

524 3726 830 3794 lationem,
859 3729 1020 3798 quod
1045 3729 1164 3785 voti
1182 3729 1272 3785 sui
1299 3734 1601 3802 compotes
1629 3734 1800 3785 erunt
1827 3744 1840 3785 :
1865 3729 2005 3802 quia
2029 3729 2176 3785 nihil

2287 3728 2400 3779 θίαν
2457 3723 2675 3792 ἐνέϐαλε,
2751 3723 3244 3800 πληροφορηθεῐσιν,
3330 3726 3409 3777 ὅτι
3489 3722 3638 3778 ούὸεν
3713 3724 3887 3785 αὐτοῖς

527 3817 613 3876 eis
667 3818 772 3874 erit
813 3819 1122 3876 obstaculo
1162 3820 1211 3876 si
1265 3819 1448 3877 modo
1492 3819 1890 3876 toleraverint.
1948 3823 2175 3878 Marcus

2286 3811 2584 3888 ἐμποδίσει,
2638 3813 2720 3867 ἐὰν
2781 3818 2934 3886 μόνον
3008 3809 3110 3865 ὦσι
3193 3819 3508 3889 καρτερικοὶ.
3559 3816 3774 3888 Μάρκος
3828 3810 3886 3866 δι

527 3911 725 3966 autem
741 3908 1114 3965 manifestius
1127 3908 1270 3964 dixit
1283 3925 1300 3965 :
1314 3910 1390 3964 Et
1400 3909 1464 3964 in
1495 3925 1689 3966 omnes
1701 3917 1899 3981 gentes
1914 3911 2068 3981 prim
2079 3926 2176 3968 um

2288 3909 2624 3979 φανερώτερον
2678 3902 2833 3970 εἶπεν,
2886 3905 2967 3957 ὅτι
3029 3908 3130 3956 Καὶ
3180 3903 3252 3965 εἰς
3304 3904 3476 3957 πάντα
3523 3906 3589 3957 τὰ
3649 3905 3769 3963 ἔθνη
3809 3899 3890 3956 δεῖ

527 4003 755 4068 oportet
781 3997 1108 4066 prwdicare
1132 3998 1512 4068 Evangetium
1539 3999 1606 4052 ⁸³.

2285 4003 2486 4070 πρῶτον
2517 3995 2854 4070 κηρυχθῆναι
2883 3996 2941 4045 τὸ
2965 3991 3296 4064 Εύαγγέλιον.

597 4087 766 4142 Vers.
811 4087 893 4138 14.
921 4085 994 4139 In
1017 4113 1084 4122 —
1109 4085 1394 4155 gentibus.
1428 4085 1517 4140 Ad
1545 4085 2047 4156 redargutionem,
2098 4087 2177 4143 ad

2356 4093 2447 4152 Εἰς
2496 4121 2564 4132 -
2613 4093 2828 4144 ἑθνεσιν.
2884 4091 2968 4152 Εἰς
3008 4091 3242 4164 ἔλεγχον,
3307 4090 3373 4152 εἰς
3419 4095 3740 4165 κατηγορίαν
3793 4098 3891 4146 τῶν

529 4173 968 4230 accusationem
989 4187 1193 4228 eorum
1210 4171 1312 4244 qui
1329 4187 1452 4228 non
1470 4172 1824 4230 crediderint
1851 4191 1863 4242 ;
1881 4190 1956 4230 ne
1978 4174 2177 4233 dicere

2285 4187 2356 4256 μή
2413 4182 2826 4249 πιστευσάντων,
2883 4182 2966 4233 ῖνα
3012 4185 3084 4254 μή
3129 4177 3386 4234 δύνωνται
3431 4180 3594 4254 λέγειν
3646 4181 3694 4235 ἐν
3723 4184 3892 4255 ἡμέρᾳ

529 4261 753 4335 possint
781 4261 841 4316 in
871 4261 966 4316 die
995 4259 1204 4331 judicii
1233 4279 1246 4317 :
1276 4260 1764 4319 Praedicationem
1789 4279 1912 4320 non
1942 4264 2176 4322 audivi-

2286 4276 2522 4348 κρίσεως,
2584 4271 2664 4323 ὅτι
2708 4270 2801 4323 ούκ
2853 4273 3086 4330 ἤκουσαν
3137 4277 3230 4323 τοῦ
3279 4273 3641 4345 κηρύγματος.
3673 4276 3891 4345 Εἰρηται

526 4329 684 4408 mus.
719 4350 946 4406 Dictum
975 4329 1062 4406 est
1085 4350 1264 4406 etiam
1285 4351 1354 4406 de
1376 4350 1490 4407 hoc
1516 4351 1751 4408 decimo
1777 4368 1937 4410 nono
1969 4353 2174 4426 capite.

2319 4329 2328 4348 .
2492 4329 2521 4337 -.
2872 4329 2877 4330 γ
3349 4329 3360 4345 .
3424 4329 3437 4342 .
3454 4329 3465 4344 .

2290 4359 2349 4416 δὲ
2374 4365 2464 4413 xui
2486 4366 2638 4413 τοῦτο
2660 4359 2707 4412 ἐν
2739 4368 2810 4432 τῷ
2839 4356 3274 4431 ἐννεακαιδεκάτῳ
3303 4359 3588 4433 κεφαλαίῳ,

599 4443 754 4498 Vers.
788 4443 869 4496 14.
899 4441 976 4496 Et
1003 4441 1520 4498 —consummatio.
1553 4441 2008 4500 Consummatio
2035 4449 2180 4501 tem-

2361 4456 2462 4506 Καὶ
2498 4482 2567 4491 —
2612 4449 2770 4512 τέλος.
2828 4452 2896 4502 T6
2950 4449 3086 4510 τέλος
3132 4456 3226 4501 τοῦ
3277 4456 3401 4502 ναοῦ
3440 4453 3532 4502 καὶ
3573 4456 3662 4508 τῆς
3705 4447 3886 4520 Ἰερου-

527 4531 609 4604 pli
648 4535 704 4586 et
731 4529 1082 4600 Jerusalem,
1104 4535 1168 4586 ut
1192 4531 1598 4602 praediximus.
1631 4532 1785 4589 Dicit
1806 4549 1984 4605 ergo:
2018 4535 2180 4590 Post-

2292 4540 2487 4613 σαλήμ,
2533 4543 2596 4601 ὡς
2624 4541 2935 4613 προέφημεν.
2992 4542 3146 4611 Λέγει
3192 4542 3386 4606 τοίνυν,
3427 4540 3506 4590 ὅτι
3554 4534 3682 4609 μετά
3711 4538 3766 4586 τὸ
3797 4553 3881 4605 γε-

527 4637 715 4695 quam
763 4621 921 4677 facta
970 4620 1188 4678 fuerint
1243 4621 1522 4678 universa
1575 4638 1711 4695 quae
1743 4623 1903 4680 dicta
1934 4627 2091 4692 sunt,
2123 4628 2181 4681 et

2287 4633 2466 4685 νέσθαι
2514 4631 2579 4682 τὰ
2624 4630 2847 4704 ῥηθέντα
2901 4629 3089 4696 πάντα,
3155 4632 3246 4680 καὶ
3282 4630 3413 4700 μετά
3449 4629 3505 4678 τὸ
3543 4624 3881 4698 κηρυχθῆναι

526 4716 844 4785 postquam
860 4711 1238 4784 praedicatum
1251 4711 1425 4768 fuerit
1438 4712 1813 4782 Evangelium
1827 4714 1889 4770 in
1905 4713 2178 4770 universo

2288 4725 2346 4774 τὸ
2390 4717 2698 4792 Εύαγγελιον
2748 4716 2795 4769 ἐν
2849 4716 2939 4789 ὅλῃ
3000 4725 3061 4790 τῇ
3119 4717 3416 4790 οἰκουμένη,
3460 4719 3575 4768 τότε
3616 4713 3730 4777 ἣξει
3776 4720 3886 4777 τοῖς

487 4861 492 4865 ς
529 4801 694 4872 orbe,
725 4805 868 4859 tunc
890 4800 1083 4858 veniet
1099 4801 1690 4858 Judaaisomnimoda
1707 4803 1980 4875 perditio.
2007 4805 2179 4871 Quod

2288 4807 2564 4869 Ἰουδαίοις
2637 4809 2662 4859 ὁ
2739 4806 2992 4869 παντελής
3068 4806 3293 4881 ὄλεθρος.
3363 4805 3485 4858 Ὀτι
3541 4801 3600 4858 δε
3650 4806 3750 4880 πρὸ
3794 4810 3889 4865 τῆς

527 4898 728 4949 autem
759 4891 1097 4964 priusquam
1121 4897 1470 4965 caperentur
1496 4892 1912 4964 Hierosolyma
1963 4894 2177 4968 praedi-

2288 4900 2524 4960 ἁλώσέως
2597 4905 2692 4958 τῆς
2756 4895 3097 4971 Ἰερουσαλήμ
3145 4896 3416 4970 ἐκηρύχθη
3464 4897 3521 4946 τὸ
3579 4892 3891 4965 Εύαγγέλιον

529 4986 726 5038 catum
758 4981 829 5037 sit
856 4980 1248 5051 Evangelium
1278 4998 1384 5056 per
1436 4986 1625 5039 totum
1673 4984 1992 5048 mundum,
2032 4984 2178 5043 dixit

2289 4990 2358 5052 εἰς
2407 4988 2520 5041 ὅλον
2575 4989 2660 5040 τὸν
2719 4989 2936 5058 κόσμον,
2994 4988 3191 5062 εἴρηκεν
3240 4986 3265 5038 ὁ
3325 4982 3551 5053 Παῦλος,
3613 4984 3695 5036 ὅτι
3743 4981 3894 5036 Ἐστι

528 5071 754 5129 Paulus
778 5071 1226 5141 :Fructiﬁcavit,
1246 5072 1455 5146 inquit,
1479 5088 1552 5132 ac
1567 5074 1752 5132 crevit
1766 5074 1828 5132 in
1845 5076 2001 5132 omni
2021 5091 2178 5134 crea-

2287 5079 2767 5152 καρποφορούμενον
2845 5073 2957 5146 (21)
3044 5079 3135 5127 καί
3209 5071 3548 5144 αὐξανόμενον
3636 5070 3683 5124 ἐν
3743 5072 3891 5144 πάσῃ

604 5250 648 5285 *ί
682 5251 854 5307 Marc.
885 5264 1009 5314 xm,
1040 5251 1126 5304 12.
1208 5251 1255 5286 ⁴²
1281 5253 1420 5308 Luc.
1459 5268 1580 5319 xxi,
1619 5257 1700 5309 16.
1780 5255 1828 5289 ⁴⁸
1866 5257 2037 5312 Marc.
2069 5271 2196 5326 xm,
2226 5258 2309 5313 10.

1641 5423 1865 5494 Variae
1897 5425 2221 5495 lectiones
2249 5434 2315 5493 et
2354 5432 2556 5492 notae.

606 5591 716 5664 (20)
742 5591 826 5649 Ita
856 5589 1033 5650 etiam
1051 5591 1298 5665 uterque
1324 5591 1510 5650 codex
1551 5591 1789 5652 ordinat
1809 5593 1871 5652 in
1900 5599 2180 5655 contextu
2361 5596 2468 5724 $21)
2515 5592 2965 5676 Chrysostomus
3001 5589 3130 5674 haec
3154 5591 3366 5648 tractat
3401 5593 3443 5646 t.
3476 5590 3590 5646 VII.
3620 5602 3680 5661 p.
3713 5590 3818 5669 725
3850 5589 3896 5645 D

606 5679 722 5722 tces.
2291 5671 2348 5724 et
2392 5682 2505 5724 oca.
2534 5664 2751 5724 similia
2773 5661 3104 5724 confundit.
3122 5664 3288 5723 Hunc
3307 5677 3471 5724 erm.
3505 5675 3625 5722 non
3651 5659 3894 5720 codices

533 5659 722 5722 Lucas.
1197 5659 1220 5665 ’
2176 5725 2189 5736 ,
2291 5671 2348 5728 et
2369 5659 2505 5728 loca
2534 5659 2751 5726 siniilia
2773 5661 3104 5726 confundit.
3122 5664 3288 5723 Hunc
3307 5677 3471 5736 ergo,
3505 5659 3639 5722 non
3651 5659 3894 5720 codices
