4170 6334
224 296 339 353 609

1184 294 1547 353 COMMENT.
1590 294 1664 349 IN
1706 283 2148 351 ΜΛΤΊἮΑΞΗΜ.
2189 329 2258 341 -
2297 299 2454 356 CAP.
2488 290 2691 355 XXIV.

3494 300 3598 358 610

228 430 295 495 τῇ
360 424 531 474 κτίσει
602 426 663 491 τῇ
744 418 832 472 ὑπ’
891 419 1123 493 οὐρανόν.
1196 421 1256 473 Εἰ
1325 423 1425 497 γὰρ
1498 420 1647 480 αὐτὸς
1730 417 1828 471 ἀπό

1957 421 2078 478 iura
2107 438 2233 494 quae
2254 424 2360 480 sub
2392 425 2529 480 cmlo
2560 431 2641 480 est
2668 425 2738 480 “.
2795 424 2851 481 Si
2884 424 3043 481 enim
3092 424 3224 496 ipse
3258 440 3293 483 δ.
3325 426 3597 483 Hieroso-

228 511 576 586 Ἰερόυσαλημ
625 509 696 569 εἰς
766 507 1033 562 Ἱσπανίαν
1110 508 1373 584 ἐκήρυξεν,
1442 508 1677 567 ἐννόησον
1744 514 1833 560 καὶ

234 605 352 676 περὶ
396 609 495 652 τῶν
549 598 713 651 ἄλλων
745 596 1065 668 ἀποστόλων,
1098 600 1230 674 ἄχρι
1287 604 1452 652 πόσου
1526 596 1831 674 διέδραμον.

237 694 337 743 Διά
382 696 532 742 τοῦτο
592 683 649 740 δὲ
700 690 830 759 μετά
877 691 935 739 τό
992 690 1331 760 κηρυχθῆναι
1406 692 1463 740 τό
1527 688 1835 759 Εύαγγελιον

238 784 515 848 πανταχοῦ
548 784 642 837 τῆς
671 780 972 847 οἰκουμένης
1033 775 1341 829 ἀπόλλυνται
1370 780 1434 829 τά
1484 776 1834 849 Ἰεροσόλυμα,

240 869 324 920 ἵνα
350 862 492 939 μηδὲ
525 868 678 917 σκιὰν
738 863 1024 936 ἀπολογίας
1076 868 1272 936 ἔχωσιν
1331 863 1599 932 Ἰουδαῖοι,
1650 868 1840 917 τοσαύ-

233 959 329 1013 τὴν
360 952 561 1016 ἰδόντες
602 958 697 1013 τὴν
748 950 970 1026 δύναμιν
1010 962 1100 1007 τοῦ
1156 958 1507 1028 κηρύγματος,
1541 957 1605 1015 ὡς
1635 952 1682 1006 ἐν
1711 953 1839 1028 βρα-

232 1052 329 1117 χεῖ
378 1050 557 1097 πᾶσαν
588 1041 894 1116 ἐπιδραμεῖν
946 1047 1039 1103 τήν
1084 1044 1406 1116 οἰκουμένην,
1449 1050 1538 1097 καὶ
1564 1051 1838 1115 πανταχοῦ

232 1133 466 1206 λάμψαι,
500 1137 590 1185 καὶ
632 1137 975 1205 μεμενηκότες
1022 1132 1105 1186 ἐπὶ
1160 1142 1250 1195 τῆς
1278 1134 1441 1195 αὐτῆς
1473 1133 1723 1196 ἀπιστίας
1750 1138 1838 1186 καὶ

238 1223 585 1297 ἀγνωμοσύνη
598 1244 638 1285 ς.

311 1312 475 1366 Ὀταν
549 1309 635 1366 οὖν
739 1344 807 1353 -
890 1317 1086 1365 νοείτω.
1165 1310 1439 1387 Βδέλυγμα
1527 1322 1614 1365 νῦν
1705 1313 1839 1386 λέγει

238 1405 328 1455 τόν
381 1399 668 1477 ἀνδριάντα
694 1408 784 1453 τοῦ
831 1404 1009 1467 Τίτου,
1061 1400 1134 1469 ὃν,
1172 1401 1291 1454 ἐλὼν
1329 1407 1421 1461 τὴν
1474 1402 1641 1470 πόλιν,
1690 1404 1841 1461 ἔστη-

240 1510 328 1543 σεν
408 1490 456 1543 ἓν
529 1498 641 1552 τοῖς
704 1487 919 1553 ἀδύτοις
983 1498 1075 1543 τοῦ
1135 1499 1279 1548 ναοῦ.
1349 1489 1689 1564 Βδελύγματα
1736 1494 1837 1567 γὰρ

238 1581 264 1632 ό
321 1585 473 1653 νόμος
541 1579 776 1652 ὠνόμαζε
850 1583 917 1632 τὰ
989 1587 1209 1633 τοιαῦτα
1286 1583 1688 1654 άφομοιὼματα.
1739 1588 1841 1643 Τῆς

242 1668 552 1742 ἐρημώσεως
618 1666 675 1722 δὲ
731 1677 886 1722 τοῦτο
954 1669 1188 1741 κέκληκε,
1255 1667 1415 1739 διότι,
1490 1670 1839 1745 ἔρημουμένου

244 1766 337 1810 τοῦ
394 1766 521 1810 ναοῦ
587 1763 676 1811 καὶ
722 1766 813 1819 τῆς
863 1759 1076 1828 πόλεως,
1136 1762 1261 1817 ἔστη
1312 1768 1463 1812 τοῦτο
1521 1777 1533 1790 ⁸

245 1853 338 1899 τοῦ
410 1845 772 1923 ἕρημώσαντος
842 1848 975 1901 αύτά
1038 1844 1099 1905 ἦν
1165 1850 1195 1906 ἡ
1255 1848 1401 1901 εἰκῶν
1453 1848 1565 1920 (22)
1598 1892 1609 1904 .
1650 1852 1718 1902 T0
1761 1846 1837 1921 δὲ,

242 1934 440 2009 Ὀτανῖ
474 1933 645 2008 ἴδητε,
678 1932 821 1989 δοκεῖ
870 1939 959 2008 μὲν
1004 1937 1231 2011 ῥηθῆναι
1287 1940 1418 2009 πρὸς
1466 1940 1583 1998 τοὺς
1623 1936 1844 1991 ἀποστό-

244 2023 369 2087 λους
398 2041 411 2055 '
448 2028 649 2099 φέρεται
693 2021 751 2078 δὲ
793 2028 922 2097 πρός
944 2029 1066 2088 τοὺς
1108 2022 1421 2091 Ἰουδαίους,
1471 2026 1552 2078 ἵνα
1581 2029 1839 2099 μάθωσιν,

242 2114 325 2167 ὃτι
351 2114 448 2167 όύκ
492 2114 559 2175 εἰς
584 2117 805 2190 μακρὰν,
859 2113 988 2167 ἀλλὰ
1018 2115 1220 2176 ζώντων
1260 2115 1428 2167 αὐτῶν
1475 2118 1534 2167 τό
1567 2112 1846 2189 βδέλυγμα

243 2208 521 2263 στήσεται.
592 2206 657 2256 Οἱ
713 2204 993 2257 απόστολοι
1070 2206 1169 2278 γὰρ
1249 2206 1476 2277 ἔφθασαν
1546 2208 1841 2278 προαποθαο

238 2297 410 2355 νόντες
504 2295 553 2345 οἱ
628 2292 857 2360 πλείους,
934 2298 1023 2346 καὶ
1089 2296 1203 2346 ὅσοι
1271 2291 1330 2346 δὲ
1392 2293 1842 2367 περιελίεφθησαν,

236 2381 283 2434 ἐν
323 2382 501 2443 ἄλλοις
533 2390 821 2440 τηνικαῦτα
861 2387 1042 2457 μέρεσι
1088 2391 1178 2444 τῆς
1204 2383 1509 2456 οἰκουμένης
1561 2380 1839 2459 διέτριϐον.

237 2471 552 2547 Παρέπεμψε
585 2468 644 2524 δὲ
683 2472 873 2533 αύτούς
922 2472 1007 2524 ἐπὶ
1038 2475 1122 2524 τόν
1171 2472 1382 2536 Δανιὴλ,
1414 2476 1846 2547 προφητεύσαντα

238 2566 356 2634 περὶ
406 2568 500 2613 τοῦ
552 2563 793 2614 τοιούτου
864 2558 1249 2634 βδελύγματος,
1302 2566 1392 2613 καὶ
1456 2569 1546 2614 τοῦ
1600 2562 1834 2636 ὀλέθρου.

240 2655 385 2717 Τότε,
434 2654 619 2722 γησὶν,
652 2652 677 2702 ὁ
716 2649 1085 2722 ἀναγινώσκων
1137 2655 1230 2709 τὴν
1289 2648 1469 2723 βίϐλον
1510 2659 1600 2703 τοῦ
1634 2653 1840 2717 Δανιὴλ,

242 2744 415 2791 νοείτω
464 2738 749 2791 ἐπιστάντα
797 2743 884 2792 τόν
942 2740 1165 2814 ὄλεθρον.
1221 2739 1280 2791 ’0
1321 2736 1381 2792 δὲ
1425 2745 1629 2802 Λουκᾶς
1677 2742 1844 2814 ἕτερον

250 2833 462 2900 σημεῖόν
495 2848 670 2900 φησιν,
700 2831 777 2881 ὅτι
804 2828 963 2881 Ὅταν
995 2826 1148 2888 ἴδητε
1172 2829 1522 2901 κυκλουμένην
1561 2834 1660 2883 ὑπό
1690 2850 1841 2904 στρα-

247 2914 482 2971 τοπέδων
508 2922 603 2974 τὴν
630 2916 988 2992 Ἰερουσαλὴμ,
1035 2922 1151 2971 τότε
1175 2926 1357 2990 γνῶτε,
1390 2920 1469 2971 ὅτι
1494 2919 1612 2977 ἧκεν
1651 2921 1680 2978 ἡ
1725 2919 1843 2994 ἐρη-

249 3024 418 3077 μπσις
465 3005 653 3067 αὐτῆς.
702 3010 936 3060 Φαίνεται
966 3003 1074 3073 οὖν,
1109 3009 1191 3061 ὅτι
1219 3013 1309 3060 καὶ
1361 3009 1629 3083 ἀμφότερα
1655 3010 1790 3063 εἶπεν
1819 3012 1843 3062 ό

250 3097 498 3167 Χριστός.

314 3186 441 3235 Τότε
473 3213 542 3224 --
571 3181 655 3237 ἰπὶ
701 3186 767 3237 τὰ
814 3188 933 3260 ὅρη.
978 3185 1147 3239 Εἰπὼν
1190 3190 1308 3261 περὶ
1366 3194 1463 3239 τῶν
1516 3195 1686 3239 κακῶν
1745 3197 1843 3240 τῶν

244 3270 681 3345 καταληψομένων
739 3276 805 3327 τὰ
852 3273 1202 3348 Ἰεροσόλυμα,
1261 3279 1345 3328 ναὶ
1411 3280 1513 3348 μὴν
1574 3281 1664 3329 καὶ
1726 3281 1844 3351 περὶ

245 3368 345 3413 τῶν
374 3360 569 3413 πολλῶν
604 3367 695 3415 καὶ
724 3363 973 3416 ποικίλων
1027 3373 1331 3437 πειρασμῶν
1376 3373 1474 3417 τῶν
1520 3364 1839 3435 ἀποστόλων,

247 3451 323 3501 ἔτι
354 3445 413 3501 δε
442 3455 529 3503 καὶ
575 3456 693 3525 περὶ
740 3460 832 3512 τῆς
881 3450 1183 3513 εύοδώσεως
1230 3461 1322 3506 τοῦ
1361 3457 1717 3529 κηρύγματος,
1763 3456 1845 3508 ὅτι

249 3536 642 3611 ἀνεμποδίστως
705 3547 879 3595 πᾶσαν
937 3538 1309 3617 ἐπιδραμεῖται
1373 3563 1465 3602 την
1521 3544 1841 3617 οἰκουμένην,

246 3626 380 3700 λέγει
444 3630 596 3682 πάλιν
662 3635 780 3705 περὶ
839 3639 939 3684 τῶν
1009 3628 1309 3684 Ἰουδαϊκῶν
1378 3642 1672 3708 συμφορῶν,
1740 3632 1846 3687 δει-

248 3720 431 3789 κνύων,
492 3720 572 3771 ὅτι
624 3721 743 3772 ὅταν
790 3720 943 3782 αὐτός
994 3725 1084 3773 καὶ
1115 3724 1163 3774 οἱ
1194 3723 1426 3794 μαθηταὶ
1461 3723 1620 3775 αὐτοῦ
1651 3743 1844 3777 παντα-

247 3812 356 3879 χοῦ
387 3802 729 3875 δοξάζωνται,
784 3814 900 3862 τότε
955 3809 1099 3862 οὗτοι
1144 3812 1470 3882 πανταχόθεν
1525 3807 1845 3886 διαφθείρον-

248 3913 357 3949 ται.
414 3899 508 3949 Διά
546 3893 606 3950 δε
660 3906 756 3950 τῶν
822 3895 1113 3951 δοκούντων
1170 3908 1368 3974 μικρῶν
1399 3899 1631 3973 ἐμφαίνει
1658 3904 1717 3954 τό
1748 3910 1845 3955 τῶν

248 3984 461 4056 πληγῶν
523 3988 721 4038 ἐκείνων
778 3986 1055 4063 ἀφόρητον.
1106 3993 1292 4042 Σκόπει
1357 3992 1487 4065 γάρ.
1550 3994 1695 4063 Τότε,
1751 4012 1848 4064 φη-

251 4078 355 4143 σὶν,
390 4075 511 4126 ὅταν
566 4078 623 4127 τό
656 4073 933 4149 βδελυγμα
1002 4085 1119 4150 στῇ,
1153 4080 1201 4130 οὶ
1252 4076 1300 4130 ἐν
1324 4086 1387 4151 τῇ
1432 4076 1671 4152 Ἰουδαίᾳ
1729 4083 1848 4135 ἔνθα

246 4161 693 4236 τάἸεροσόλυμα,
752 4170 1079 4238 φευγέτωσαν
1132 4165 1214 4219 ἐπὶ
1279 4170 1348 4220 τὰ
1405 4172 1521 4243 ὄρη,
1584 4167 1847 4244 μηδεμίαν

247 4248 440 4304 ἐλπίδα
496 4258 752 4328 σωτηρίας
801 4254 903 4307 ἀπό
956 4263 1048 4308 τοῦ
1105 4260 1410 4331 προσμένειν
1459 4260 1687 4329 ἔχοντες.
1736 4261 1847 4313 Οὐκ

247 4343 398 4394 ἔσται
448 4344 548 4415 γὰρ
576 4340 862 4407 ἀνάκλησις
906 4344 1050 4414 ὅλως,
1078 4342 1201 4398 οὐδὲ
1248 4346 1504 4417 μεταϐολὴ
1536 4356 1628 4401 τοῦ
1658 4358 1843 4406 κακοῦ.

247 4435 431 4504 Διόπερ
462 4432 733 4503 ἀγαπητόν
763 4436 823 4486 τό
855 4437 945 4487 καὶ
971 4442 1149 4507 γυμνῷ
1177 4442 1246 4506 τῷ
1272 4441 1477 4509 σώματι
1499 4440 1700 4510 φεύγειν
1722 4439 1846 4511 ἀμε-

244 4525 530 4595 ταστρεπτί
542 4566 555 4578 .

314 4610 372 4663 Ὀ
402 4642 467 4651 -—-
499 4616 592 4671 τῆς
640 4610 832 4672 όίκείας
875 4610 1060 4670 αὐτοῦ,
1100 4615 1214 4666 -Διὰ
1255 4617 1340 4667 τόν
1372 4613 1658 4687 ἀφύλακτον
1710 4618 1848 4670 κάτω

241 4695 501 4767 κίνδυνον,
536 4700 620 4751 ἵνα
649 4704 721 4771 μὴ
756 4699 990 4772 ἐμπεσὼν
1022 4699 1302 4761 ἀπόληται,

319 4793 423 4840 Καὶ
451 4818 521 4828 —
566 4790 634 4839 τά
682 4790 867 4861 ἱμάτια
918 4790 1104 4848 αὐτοῦ.
1168 4796 1227 4844 Et
1254 4794 1355 4867 γὰρ
1423 4794 1472 4845 οἱ
1515 4792 1565 4845 ἐν
1605 4802 1668 4867 τῇ
1704 4795 1847 4849 πόλει

250 4878 503 4947 φεύγουσι
528 4878 614 4927 τόν
672 4874 816 4930 ἔνδον
856 4879 968 4952 (23)
1019 4880 1245 4954 ὄλεθρον,
1295 4882 1464 4953 πολλῷ
1502 4882 1690 4955 μᾶλλον
1721 4887 1769 4936 οἱ
1798 4884 1846 4938 ἐν

248 4970 363 5026 τοῖς
437 4962 631 5039 ἀγροῖς.
700 4970 850 5041 Παρά
913 4965 971 5022 δε
1027 4979 1099 5042 τῷ
1160 4976 1343 5043 Λουκᾷ
1403 4971 1540 5044 λέγει
1602 4979 1693 5026 καὶ
1752 4979 1846 5034 τὴν

252 5052 425 5106 αἰτίαν
484 5061 577 5115 τῆς
652 5052 1011 5128 σφοδρότητος
1059 5067 1160 5113 τῶν
1210 5059 1440 5135 πληγῶν,
1520 5062 1601 5115 ὅτι
1660 5064 1847 5139 ἡμέραι

316 5232 367 5269 ὀι
396 5231 624 5292 Coloss.
659 5250 697 5303 ι,
724 5239 792 5295 23
837 5255 851 5310 ;
882 5253 960 5307 Vl,
1002 5243 1085 5298 l0.
1195 5240 1242 5277 ³⁸
1272 5241 1420 5321 Dan.
1462 5257 1545 5315 1x,
1585 5245 1682 5303 27.

1806 5244 1852 5281 ⁸⁸
1886 5245 2030 5304 Luc.
2065 5260 2191 5313 xxx,
2217 5247 2307 5300 20.

1940 507 2114 579 lymis
2168 528 2355 585 usque
2408 512 2485 567 ad
2536 512 2880 584 Hispaniam
2928 513 3286 585 praedicavit,
3350 516 3597 588 concipe

1944 599 2118 655 etiam
2161 601 2236 658 de
2267 602 2490 657 caeteris
2516 602 2805 673 apostolis
2841 618 3155 675 quousque
3186 606 3595 675 percurrerint.

1945 685 2168 743 Idcirco
2186 690 2343 745 enim
2366 695 2682 761 postquam
2701 691 3087 762 praedicatum
3111 698 3196 748 est
3215 693 3598 763 Evangelium

1945 774 2487 848 ubiqueterrarum,
2503 786 2748 850 pereunt
2768 779 3201 852 Hierosolyma,
3226 798 3300 838 ne
3320 783 3599 839 umbram

1945 864 2187 934 quidem
2200 868 2607 940 responsionis
2624 868 2921 925 habeantJ
2932 870 3111 927 udaei:
3156 877 3377 928 tantam
3400 873 3600 929 viden-

1948 956 2033 1008 tes
2056 955 2496 1025 prtedicationis
2532 958 2826 1027 virtutem,
2862 963 2924 1014 ut
2952 959 3304 1017 brevissimo
3336 967 3599 1035 tempore

1949 1037 2293 1096 universum
2324 1042 2673 1113 percurrerit
2713 1042 2940 1109 orbem,
2977 1048 3032 1099 et
3075 1044 3292 1116 ubique
3319 1046 3603 1118 splendo-

1945 1142 2073 1183 rem
2100 1128 2327 1186 dederit
2359 1148 2370 1185 :
2406 1147 2544 1187 cum
2577 1136 2775 1188 tamen
2806 1132 2914 1203 ipsi
2944 1135 3381 1205 permanserint
3418 1136 3478 1191 in
3508 1136 3603 1191 in-

1945 1216 2225 1274 ﬁdelitate
2256 1225 2311 1277 et
2330 1220 2753 1291 ingratitudine
2775 1238 2903 1278 sua.

2017 1308 2179 1364 Vers.
2215 1309 2298 1364 15.
2333 1309 2477 1366 Cum
2508 1327 2637 1383 ergo
2669 1311 3063 1384 —ﬁintelh'gat.
3083 1312 3603 1371 Abominationem

1946 1394 2090 1451 dicit
2111 1396 2217 1452 Titi
2243 1402 2523 1466 statuam,
2556 1416 2743 1472 quam
2799 1406 2973 1473 capta
3026 1402 3261 1459 civitate
3294 1404 3499 1460 statuit
3540 1404 3603 1460 in

1947 1483 2143 1556 adytis
2166 1487 2389 1560 templi.
2417 1488 2721 1562 Siquidem
2744 1490 3230 1547 abominationes
3262 1492 3606 1566 appellabat

1945 1574 2037 1630 lex
2065 1575 2421 1646 hujusmodi
2472 1579 2785 1649 imagines.
2833 1580 3210 1636 Desolatiouis
3253 1598 3391 1638 vero
3433 1583 3599 1648 dixit,

1948 1665 2091 1736 quia
2122 1664 2219 1719 illa
2244 1666 2478 1723 deserto
2507 1668 2729 1738 templo
2761 1684 2831 1723 ac
2853 1669 3080 1725 civitate
3124 1676 3317 1727 erecta
3341 1676 3426 1726 est
3456 1686 3469 1726 :
3502 1674 3604 1727 aut

1603 1765 1633 1819 ἤ
1701 1758 1843 1813 διότι
1878 1777 1917 1831 Β
1948 1755 2091 1825 quia
2117 1754 2244 1825 ejus
2270 1759 2397 1810 erat
2443 1755 2640 1825 imago
2676 1757 2781 1828 qui
2810 1757 2935 1812 haec
2965 1759 3194 1815 deserta
3241 1760 3395 1817 fecit.
3429 1759 3603 1825 Quod

1950 1846 2150 1898 autem
2173 1843 2291 1902 ait:
2333 1843 2476 1899 Cum
2507 1844 2783 1909 videritis,
2816 1846 3047 1902 videtur
3087 1846 3327 1917 quidem
3368 1848 3603 1913 {dictum

1950 1947 2085 1988 esse
2113 1932 2192 1988 ad
2220 1933 2541 2004 apostolos,
2568 1934 2674 1988 sed
2699 1938 2899 1989 tamen
2929 1934 3112 1990 fertur
3141 1935 3219 1990 ad
3248 1935 3512 2001 Judaeos,
3540 1940 3605 1993 ut

1950 2022 2140 2076 sciant
2160 2021 2326 2092 quod
2346 2037 2469 2077 non
2502 2020 2678 2092 longe
2716 2026 2869 2094 post,
2902 2022 3002 2077 sed
3040 2023 3126 2079 eis
3172 2023 3371 2079 adhuc
3405 2025 3605 2080 viven-

1949 2109 2109 2167 tibus
2139 2109 2509 2167 abominatio
2538 2110 2737 2167 stabit.
2762 2110 2964 2167 Plures
2987 2111 3284 2184 siquidem
3312 2114 3602 2185 apostolo-

1948 2215 2084 2255 rum
2106 2204 2241 2255 aute
2271 2198 2332 2254 id
2369 2206 2607 2272 tempus
2648 2200 2860 2256 mortui
2894 2206 3034 2257 sunt
3060 2218 3073 2257 :
3105 2202 3303 2258 caeteri
3333 2218 3472 2259 vero
3498 2204 3605 2276 qui

1948 2295 2359 2344 remanserant
2378 2289 2440 2343 in
2469 2288 2598 2345 aliis
2626 2293 2767 2345 tunc
2794 2290 2951 2345 orbis
2990 2290 3254 2361 partibus
3284 2293 3605 2349 versaban-

1949 2381 2069 2434 tur.
2105 2377 2255 2433 Misit
2281 2382 2479 2433 autem
2506 2393 2610 2433 eos
2656 2379 2735 2434 ad
2760 2378 3090 2444 Danielem,
3146 2380 3248 2452 qui
3283 2381 3357 2436 de
3389 2382 3603 2452 hujus-

1950 2466 2116 2520 modi
2146 2465 2589 2521 abominatione
2612 2471 2669 2521 et
2698 2472 2892 2536 strage
2920 2468 3391 2539 prophetaverat.
3420 2470 3601 2541 Tunc,

1950 2553 2151 2625 inquit,
2211 2554 2315 2625 qui
2365 2554 2506 2623 legit
2536 2555 2790 2610 Danielis
2837 2555 3056 2611 librum
3106 2558 3173 2621 ‘5,
3211 2557 3497 2627 intelligat
3535 2575 3604 2615 ac

1952 2642 2288 2699 consideret
2341 2649 2600 2700 erectam
2657 2644 3179 2701 abominationem.
3244 2649 3430 2702 Lucas
3462 2664 3603 2706 vero

1954 2732 2117 2788 aliud
2155 2732 2296 2788 dicit
2346 2734 2587 2802 signum
2621 2749 2633 2787 :
2670 2733 2807 2790 Cum
2834 2735 3090 2791 videritis
3142 2735 3495 2792 circumdari
3536 2738 3605 2793 ab

1954 2822 2306 2879 exercitibus
2334 2824 2681 2891 Jerusalem,
2720 2831 2858 2881 tunc
2908 2824 3100 2880 scitote
3142 2824 3295 2895 quod
3355 2825 3604 2882 imminet

1953 2911 2224 2967 desolatio
2253 2914 2376 2982 ejus
2406 2914 2480 2970 ⁸⁸.
2514 2914 2778 2985 Apparet
2805 2929 2947 2984 ergo
2969 2913 3133 2987 quod
3167 2919 3487 2988 utrumque
3517 2914 3608 2972 di-

1951 3000 2101 3057 xerit
2129 3001 2413 3057 Christus.

2024 3183 2185 3237 Vers.
2214 3184 2295 3236 t6.
2337 3182 2501 3237 Tunc
2524 3211 2594 3220 —
2624 3181 2704 3236 ad
2732 3187 2963 3237 montes.
3012 3180 3340 3255 Postquam
3380 3183 3453 3239 de
3483 3200 3610 3243 ma-

1949 3269 2020 3326 lis
2042 3270 2208 3338 dixit,
2235 3286 2371 3342 quaa
2418 3270 2926 3341 comprehensura
2955 3275 3124 3326 erant
3172 3272 3603 3346 Hierosolyma,

1951 3358 2024 3414 de
2048 3358 2249 3415 multis
2271 3363 2553 3430 praeterea
2582 3375 2649 3413 ac
2682 3358 2863 3414 variis
2890 3360 3303 3430 apostolorum
3331 3364 3610 3420 tentatio-

1955 3448 2153 3518 nibus,
2179 3449 2426 3520 insuper
2441 3454 2494 3504 et
2510 3448 2579 3503 de
2591 3463 2877 3520 prospero
2893 3447 3337 3520 praedicationis
3374 3469 3604 3509 succes-

1951 3554 2042 3606 su,
2070 3538 2237 3611 quod
2265 3538 2495 3611 absque
2521 3537 3088 3610 ulloimpedimento
3112 3539 3444 3597 universum
3479 3558 3610 3615 per-

1953 3633 2146 3686 curret
2176 3629 2385 3685 orbem
2417 3646 2430 3681 :
2460 3628 2723 3701 loquitur
2746 3627 2961 3684 iterum
2983 3629 3057 3684 de
3086 3630 3430 3687 Iudaeorum
3460 3633 3611 3688 cala-

1952 3718 2277 3785 mitatibus,
2310 3719 2630 3774 ostendens
2659 3718 2826 3790 quod
2855 3723 3169 3791 postquam
3194 3719 3321 3791 ipse
3344 3726 3399 3777 et
3437 3721 3609 3777 disci-

1953 3808 2080 3881 puli
2117 3809 2209 3865 sui
2260 3808 2483 3880 ubique
2509 3808 2570 3863 in
2601 3808 2878 3880 opinione
2909 3808 3124 3864 celebri
3160 3810 3345 3865 habiti
3367 3810 3605 3878 fuerint,

1955 3897 2168 3954 tunchi
2198 3898 2461 3970 undique
2508 3897 2855 3969 perdentur.
2925 3897 3036 3954 Per
3066 3914 3138 3955 ea
3168 3915 3304 3955 vero
3327 3915 3453 3972 quae
3478 3916 3610 3972 par-

1954 4003 2032 4045 va
2058 3987 2358 4054 videntur,
2400 3987 2769 4044 demonstrat
2798 3988 3112 4060 plagarum
3142 3988 3379 4045 illarum
3403 3989 3611 4045 intole-

1954 4076 2336 4134 rabilitatem.
2370 4076 2691 4133 Considera
2728 4079 2909 4133 enim.
2955 4081 3141 4144 Tunc,
3170 4078 3389 4149 inquit,
3417 4079 3520 4151 qui
3550 4079 3612 4135 in

1953 4166 2157 4223 Iudaea
2186 4170 2342 4233 sunt,
2378 4166 2481 4221 ubi
2506 4166 2917 4238 Hierosolyma
2938 4167 3048 4222 sita
3074 4172 3231 4236 sunt,
3271 4166 3505 4237 fugiant
3534 4167 3614 4223 ad

1954 4260 2208 4323 montes,
2237 4255 2465 4312 nullam
2492 4255 2694 4312 salutis
2723 4272 2892 4328 spem
2914 4256 2976 4313 in
3004 4256 3375 4313 remanendo
3390 4256 3615 4312 haben-

1957 4351 2041 4402 tes
2069 4362 2083 4412 ;
2111 4361 2307 4418 neque
2326 4344 2489 4401 enim
2507 4346 2613 4402 erit
2629 4346 2877 4402 omnino
2894 4347 3191 4403 revocatio
3206 4350 3307 4403 aut
3324 4346 3467 4402 mali
3486 4363 3614 4403 mu-

1954 4436 2098 4493 tatio
2139 4450 2154 4501 ;
2185 4434 2321 4491 ideo
2350 4435 2413 4490 id
2443 4435 2931 4507 amplectendum
2972 4436 3097 4502 erit,
3133 4440 3196 4491 ut
3224 4436 3391 4492 nudo
3431 4437 3613 4493 etiam

1955 4540 2226 4597 corpore,
2258 4540 2369 4581 nec
2398 4539 2575 4581 versa
2602 4529 2913 4582 retrorsum
2937 4524 3084 4581 facie
3112 4524 3363 4593 fugiant.

2028 4615 2189 4672 Vers.
2210 4615 2311 4671 17,
2343 4614 2532 4681 Qui—
2560 4615 2731 4670 domo
2753 4630 2874 4669 sua.
2902 4613 3482 4683 Propterinevitabile
3515 4629 3615 4686 pe-

1956 4704 2231 4771 riculum,
2252 4720 2325 4761 ne
2352 4704 2576 4760 incidat
2598 4704 2659 4758 in
2687 4702 3101 4773 perditionem.

2030 4798 2190 4852 Vers.
2219 4796 2306 4850 18.
2333 4794 2411 4849 Et
2438 4824 2508 4832 -—
2546 4792 2891 4848 vestimenta
2919 4807 3050 4848 sua.
3090 4790 3147 4845 Si
3201 4790 3362 4845 enim
3417 4791 3523 4861 qui
3551 4791 3614 4847 in

1959 4884 2198 4941 civitate
2237 4887 2393 4951 sunt,
2427 4882 2661 4956 fugiunt
2690 4897 2826 4937 eam
2850 4895 2984 4953 quae
3010 4880 3167 4935 intus
3196 4885 3286 4935 est
3327 4884 3612 4950 stragem,

1958 4974 2148 5030 multo
2178 4974 2371 5045 magis
2402 4973 2506 5046 qui
2536 4973 2596 5027 in
2627 4970 2812 5041 agris.
2839 4970 3016 5044 Apud
3040 4970 3262 5026 Lucam
3292 4985 3434 5025 vero
3472 4969 3616 5028 dicit

1957 5063 2137 5120 etiam
2166 5078 2413 5121 causam
2435 5061 2821 5118 vehementia:
2850 5062 3172 5135 plagarum
3196 5060 3244 5095 ‘7
3273 5076 3286 5115 :
3312 5059 3460 5127 Quia
3487 5058 3615 5116 dies

2420 5244 2469 5280 ‘7
2500 5244 2646 5305 Luc.
2681 5258 2803 5313 XXI,
2822 5248 2912 5302 22.

1478 5418 1700 5490 Variae
1732 5422 2059 5491 lectiones
2090 5434 2155 5491 et
2186 5434 2387 5490 notae.

240 5609 388 5666 Novi
433 5608 819 5688 Testamenti,
858 5614 1118 5688 sequitur
1150 5618 1521 5688 Euthymius.
1564 5620 1731 5676 Hunc
1763 5635 1847 5675 er-

239 5696 438 5737 orrem
471 5683 727 5738 correxit
751 5683 1075 5758 TheOphyl.
1111 5702 1171 5759 p.
1204 5683 1398 5746 143Ἐ.

2030 5618 2144 5689 (22)
2176 5618 2470 5689 Ἠν-εἰκών,
2505 5621 2571 5673 Α.

2036 5619 2122 5689 (22
2176 5619 2272 5671 Ἦν
2303 5619 2470 5682 εἰκών,
2505 5621 2571 5673 Α.

2036 5619 2147 5764 (23;
2178 5687 2301 5744 Ἐνδ
2305 5710 2358 5743 ον
2384 5689 2554 5747 abest
2576 5690 2640 5745 Α.
