4170 6334
543 240 640 298 611
1860 229 2190 292 EUTHYMIJ

2266 228 2574 291 EIGABENI
3803 232 3913 293 612

545 367 786 424 ultionis
813 364 877 420 hi
900 366 1058 429 sunt,
1093 365 1156 418 ut
1180 362 1597 434 compleantur
1637 363 1844 420 omnia
1867 377 2004 434 quae
2048 360 2192 415 scri-

2305 353 2623 421 ἐκδικὴσεως
2649 357 2804 414 αὗταί
2831 361 2955 430 εἰσι,
2995 367 3087 413 τοῦ
3133 357 3435 418 πλησθῆναι
3481 358 3592 431 (24)
3631 359 3800 412 πάντα
3850 361 3918 411 τὰ

543 463 650 529 pta
671 459 827 520 sunt,
847 455 906 509 in
929 453 1096 508 libris
1121 451 1393 508 videlicet
1426 453 1679 509 Danielis
1698 459 1754 508 et
1780 452 2031 508 aliorum
2063 465 2190 522 pro-

2302 454 2654 521 γεγραμμένα,
2690 447 2922 516 δηλαδὴ,
2966 453 3014 503 ἓν
3061 456 3176 510 ταῖς
3231 447 3435 522 βίϐλοις
3475 454 3566 500 τοῦ
3614 467 3669 501 τε
3699 448 3913 516 Δανιὴλ,

541 544 881 615 phetarum,
924 541 998 596 de
1029 541 1378 611 hujusmodi
1409 543 1871 613 expugnatione.
1933 541 2066 596 Dies
2097 557 2188 596 au-

2303 541 2392 589 καὶ
2416 547 2514 589 τῶν
2559 539 2721 591 ἄλλων
2749 547 3046 613 προφητῶν,
3080 543 3197 614 περὶ
3236 546 3326 598 τῆς
3364 539 3610 599 τοιαύτης
3641 535 3909 598 ἁλώσεως.

541 635 660 689 tem
683 631 918 687 ultionis
932 630 1108 686 caedis
1123 629 1447 687 Dominicte
1469 639 1662 688 erunt.
1682 632 1796 689 Sed
1809 633 1933 687 haec
1954 629 2188 704 quidem

2302 625 2519 698 Ἡμέραι
2550 625 2610 680 δὲ
2661 626 2980 690 ἐκδικήσεως
3024 637 3115 681 τοῦ
3165 633 3478 681 Δεσποτικοῦ
3532 630 3712 699 φόνου.
3751 626 3918 682 Ἀ)λά

537 721 711 793 juxta
738 720 1066 776 historiam.

2304 723 2468 768 ταῦτα
2500 721 2589 789 μὲν
2615 718 2734 770 καθ’
2776 721 3030 793 ἱστορίαν.

611 811 787 866 Juxta
812 825 1128 880 anagogen
1149 825 1310 873 vero,
1336 810 1432 881 qui
1448 809 1508 865 in
1524 810 1732 866 Judma
1757 813 1915 878 sunt,
1941 808 2057 864 hoc
2089 810 2194 873 est,

2380 808 2526 858 Κατά
2589 803 2648 859 δὲ
2703 807 2970 880 ἀναγωγὴν
3027 809 3076 859 οἱ
3125 805 3173 858 ἐν
3203 813 3265 879 τῇ
3299 801 3556 878 Ἰουδαίᾳ,
3617 809 3912 880 τουτέστιν,

540 899 598 956 in
627 899 830 955 divino
861 900 1024 955 cultu
1056 915 1070 953 :
1104 914 1244 954 nam
1275 898 1335 954 id
1364 899 1660 970 signiﬁcat
1682 898 1895 954 Judaeaa
1925 911 2145 952 nomen
2179 913 2187 951 :

2305 897 2355 947 οἱ
2385 893 2432 946 ἐν
2469 903 2529 968 τῇ
2585 895 2819 968 εὐσεϐείᾳ
2860 914 2873 927 ·
2924 904 3077 948 τοῦτο
3112 899 3213 971 γὰρ
3257 899 3504 968 σημαίνει
3541 898 3599 947 τό
3639 903 3734 956 τῆς
3785 896 3918 949 Ἰου-

541 988 776 1058 fugiant
801 988 878 1044 ad
909 992 1161 1052 montes,
1203 986 1265 1042 id
1297 992 1401 1052 est,
1447 988 1523 1043 ad
1561 987 1867 1043 excelsum
1906 986 2005 1042 Dei
2035 983 2188 1040 auxi-

2308 980 2462 1044 δαὶας
2511 988 2670 1056 ὄνομα
2707 1004 2720 1018 ο
2754 989 3082 1057 φευγέτωσαν
3133 983 3217 1038 ἐπὶ
3263 987 3329 1037 τὰ
3358 988 3450 1058 ὅρη
3486 1003 3499 1017 ο
3533 984 3660 1056 λέγω
3701 981 3790 1049 δὴ,
3827 987 3917 1038 ἐπὶ

540 1077 821 1143 lium,aut
837 1077 914 1132 ad
939 1076 1174 1132 excelsa
1198 1076 1506 1132 virtutum.
1528 1076 1785 1142 Quivero
1807 1077 1868 1132 in
1889 1079 2061 1139 tecto,
2079 1075 2187 1128 sive

2305 1077 2399 1130 τὴν
2456 1071 2655 1144 ὑψηλὴν
2708 1072 2954 1146 βοήθειαν
3005 1081 3095 1126 τοῦ
3131 1080 3282 1145 Θεοῦ,
3318 1073 3348 1132 ἣ
3401 1071 3486 1125 ἐπὶ
3534 1075 3601 1125 τὰ
3646 1072 3753 1143 ῦψη
3809 1081 3915 1126 τῶν

542 1167 647 1238 qui
672 1167 1121 1221 conversatione
1153 1165 1436 1232 elevatus,
1472 1170 1528 1223 et
1570 1166 1859 1221 excelsior
1883 1180 1989 1237 per
2013 1165 2189 1219 vitam

2307 1159 2497 1236 ἀρετῶν
2532 1179 2544 1190 ·
2588 1164 2612 1213 ό
2661 1162 2744 1215 ἐπὶ
2797 1170 2888 1215 τοῦ
2920 1159 3167 1235 δώματος
3197 1159 3276 1227 δὲ,
3327 1166 3510 1234 ἤγουν,
3549 1163 3575 1213 ό
3629 1170 3724 1222 τῆς
3771 1165 3919 1215 κάτω

542 1253 786 1310 effectus
816 1254 1008 1319 fuerit,
1037 1270 1158 1310 non
1179 1254 1518 1320 descendat,
1561 1259 1626 1310 ut
1655 1255 1819 1310 tollat
1871 1253 2081 1309 mundi
2117 1251 2189 1307 af-

2309 1245 2587 1325 διατριϐῆς
2616 1253 2922 1327 ὑπεραρθεὶς
2982 1256 3072 1304 καὶ
3103 1250 3302 1322 ὑψηλὸς
3361 1258 3434 1320 τῷ
3467 1248 3569 1323 βίῳ
3620 1256 3915 1324 γενόμενος,

542 1342 731 1399 fectus
763 1359 916 1416 quos
945 1343 1282 1415 reliquerat.
1313 1344 1379 1398 Et
1403 1344 1506 1416 qui
1534 1343 1592 1398 in
1626 1359 1772 1413 agro
1801 1343 1924 1398 sive
1954 1343 2016 1398 in
2055 1340 2189 1397 soli-

2309 1343 2379 1413 μή
2407 1339 2757 1393 καταϐαινέτω
2787 1335 2910 1416 ἆραι
2938 1342 3004 1392 τὰ
3021 1339 3076 1392 ἐκ
3104 1347 3196 1393 τοῦ
3217 1344 3417 1412 κόσμου
3444 1341 3608 1405 πάθη,
3638 1340 3766 1415 οἷπερ
3787 1339 3919 1394 ἀπο-

543 1433 693 1489 taria
718 1433 855 1503 vita,
884 1448 1007 1490 non
1031 1436 1357 1489 revertatur
1384 1437 1446 1488 ut
1484 1431 1652 1488 tollat
1682 1433 2036 1489 vestimenta
2066 1446 2190 1495 sua,

2307 1428 2506 1482 λέλοιπε
2537 1447 2550 1461 ⁶
2593 1435 2682 1483 καὶ
2709 1432 2734 1482 ό
2756 1428 2803 1482 ἐν
2833 1439 2905 1501 τῷ
2931 1429 3076 1504 ἀγρῷ
3115 1427 3195 1496 δε,
3217 1433 3405 1498 έῖτουν,
3432 1430 3458 1481 ό
3479 1429 3528 1483 έν
3549 1437 3620 1501 τῷ
3643 1429 3915 1502 ἀνακεχω-

543 1537 680 1594 quae
720 1526 860 1577 sunt
887 1521 1256 1594 operimenta
1294 1524 1701 1594 peccatorum,
1734 1522 1813 1579 ab
1840 1537 1911 1579 eo
1931 1521 2063 1592 jam
2093 1519 2190 1576 du-

2309 1523 2513 1592 ρημένῳ
2545 1518 2669 1591 βίῳ,
2701 1524 2772 1592 μὴ
2806 1518 3172 1594 ἐπιστρεψάτω
3225 1514 3350 1594 ἀραι
3387 1521 3454 1571 τὰ
3516 1520 3702 1592 ἱμάτια
3753 1519 3913 1573 αὐτοῦ

542 1610 691 1666 dum
719 1610 939 1668 relicta.

2310 1608 2438 1682 ἅπερ
2471 1609 2573 1661 εἰσὶ
2631 1611 2696 1662 τὰ
2724 1607 3032 1684 περιϐόλαια
3063 1617 3160 1662 τῶν
3193 1606 3478 1682 ἁμαρτιῶν,
3529 1607 3564 1661 ἂ
3590 1608 3754 1662 πάλαι
3790 1608 3917 1662 ἀπε-

2238 1712 2280 1767 B
2314 1693 2536 1752 δύσατο.

613 1809 772 1864 Vers.
792 1809 882 1866 l9.
927 1808 1026 1864 Vw
1055 1837 1121 1849 -
1138 1807 1356 1864 diebus.
1382 1807 1499 1864 Illis
1516 1807 1764 1880 quidem
1789 1809 2028 1880 propter
2045 1821 2201 1862 onus

2387 1803 2520 1856 Ούαὶ
2550 1833 2616 1844 -
2643 1805 2885 1877 ἡμέραις.
2914 1810 3025 1857 Τῶν
3078 1805 3168 1876 μεν
3201 1803 3337 1876 (‘25),
3381 1799 3476 1856 διὰ
3503 1803 3589 1857 τόν
3614 1803 3756 1868 ἐντός
3786 1808 3914 1881 φόρ-

543 1896 806 1962 interius,
840 1897 934 1951 his
964 1911 1106 1952 vero
1135 1904 1377 1968 propter
1402 1897 1674 1953 exterius.
1711 1895 1831 1951 Illae
1863 1896 2022 1952 enim
2058 1910 2190 1966 pon‘

2312 1913 2420 1962 τον,
2475 1900 2576 1945 τῶν
2625 1890 2684 1946 δὲ
2742 1891 2837 1946 διὰ
2889 1897 2977 1945 τὸν
3035 1892 3175 1954 ἐκτὸς
3233 1893 3293 1945 ού
3348 1889 3641 1966 δυναμένων
3694 1895 3916 1958 εὐκόλως

543 1987 686 2041 dere
715 1985 1119 2057 embryonum
1147 1990 1488 2054 gravantur,
1522 1986 1615 2041 hae
1647 1993 1850 2042 autem
1880 2001 2058 2042 onere
2089 1984 2190 2040 lac-

2314 1990 2516 2054 φυγεῖν.
2554 1984 2723 2054 Αἱμεν
2748 1985 2849 2055 γὰρ
2883 1981 3203 2057 βεϐάρηνται
3227 1991 3300 2053 τῷ
3336 1983 3497 2054 ἄχθει
3527 1991 3626 2035 τῶν
3657 1983 3913 2058 ἐμϐρύων,

546 2075 819 2130 tentium.
846 2074 1153 2146 Siquidem
1174 2074 1347 2129 facile
1377 2080 1463 2129 est
1483 2091 1590 2147 pro
1623 2076 1810 2132 salute
1839 2075 2125 2146 pecunias
2150 2078 2193 2129 e1

2314 2073 2369 2123 αἱ
2400 2069 2458 2124 δὲ
2497 2080 2569 2140 τῷ
2600 2077 2792 2144 φορτίῳ
2821 2080 2920 2123 τῶν
2976 2071 3322 2132 θηλαζόντων.
3357 2074 3654 2145 Χρημάτων
3693 2076 3783 2146 μεν
3811 2077 3914 2148 γὰρ

543 2163 903 2219 vestimenta
945 2167 1325 2218 contemnere
1356 2179 1366 2216 :
1403 2164 1530 2218 ﬁeri
1582 2169 1780 2220 autem
1812 2163 1999 2218 levem
2029 2166 2084 2217 et
2115 2161 2190 2216 fu-

2312 2165 2402 2211 καὶ
2465 2163 2681 2232 ἱματίων
2746 2165 3143 2236 καταφρονῆσαί
3191 2157 3402 2236 ῥᾴδιον,
3454 2158 3550 2214 διὰ
3607 2169 3871 2238 σωτηρίαν
3900 2181 3913 2194 '

545 2268 689 2324 gam
715 2251 1054 2322 expeditam
1082 2267 1216 2306 eam
1252 2251 1340 2324 (h)
1372 2269 1509 2324 quae
1556 2254 1617 2308 in
1649 2258 1816 2309 utero
1859 2251 2060 2316 habet,
2103 2255 2192 2307 aut

2310 2251 2553 2322 γενέσθαι
2592 2247 2651 2302 δε
2701 2255 2795 2309 τὴν
2853 2253 3036 2322 ἔγκυον
3084 2253 3302 2322 κούφην,
3343 2255 3427 2302 καὶ
3483 2250 3775 2327 ἀπορῤίψαι
3822 2258 3915 2313 τὴν

546 2340 802 2412 abjicere
832 2340 1120 2396 infantem
1147 2356 1282 2396 eam
1305 2357 1439 2412 quin
1467 2340 1668 2406 lactat,
1707 2357 1954 2414 prorsus
1981 2341 2193 2412 impos-

2315 2338 2670 2411 θηλάζουσαν,
2715 2341 2741 2392 ὃ
2769 2339 3003 2406 θηλάζει,
3034 2339 3297 2400 παντέλῶς
3342 2335 3628 2410 ἀδύνάτον,
3687 2338 3784 2394 διά
3828 2347 3915 2395 τὸν

545 2429 710 2484 sibile
740 2433 829 2484 est
857 2435 1098 2502 propter
1150 2434 1376 2485 naturae
1414 2430 1732 2487 vinculum.
1757 2434 1854 2486 Vee
1892 2446 2032 2501 ergo
2065 2428 2192 2495 illis,

2314 2425 2350 2481 δ
2353 2432 2508 2502 εσμόν
2531 2437 2627 2490 τῆς
2665 2431 2882 2500 φύσεως.
2919 2429 3056 2481 Ούαὶ
3085 2433 3257 2481 τοίνυν
3282 2428 3491 2499 αὐταῖς,
3519 2430 3739 2491 εὐπετῶς
3758 2450 3917 2484 κατα-

543 2519 688 2592 quia
711 2517 883 2574 facile
912 2519 1535 2591 comprehendentur;
1568 2525 1624 2576 et
1653 2520 1920 2577 similiter
1955 2520 2190 2593 [embry-

2310 2516 2738 2590 λαμϐανομέναις,
2767 2522 2858 2570 καὶ
2880 2525 2993 2580 τοῖς
3019 2517 3265 2592 ἐμϐρύοις
3305 2524 3398 2572 καὶ
3431 2520 3744 2593 ὑπομαζίοις
3784 2540 3915 2574 συν-

545 2607 767 2666 onibus
793 2625 862 2664 ac
893 2607 1271 2673 lactentibus,
1306 2613 1372 2663 ut
1391 2608 1490 2680 qui
1513 2609 1690 2664 simul
1716 2609 1996 2680 peribunt
2026 2608 2122 2681 (ι).

1137 2608 1271 2673 bus,
1306 2613 1372 2663 ut
1391 2608 1490 2680 qui
1513 2609 1690 2664 simul
1716 2609 1996 2680 peribunt
2315 2603 2784 2682 διαφθειρομέναις.

613 2697 793 2753 Juxta
832 2712 1145 2766 anagogen
1176 2712 1318 2752 vero
1378 2702 1756 2768 praegnantes
1787 2698 2045 2753 dicimus
2081 2697 2206 2754 ani-

2387 2699 2534 2750 Κατά
2573 2693 2632 2750 δε
2681 2699 2954 2768 ἀναγωγὴν
2993 2695 3042 2748 ἐν
3071 2701 3267 2769 γαστρὶ
3315 2699 3404 2770 μὶν
3433 2697 3652 2769 ἐχούσας
3696 2704 3915 2770 νοοῦμεν

545 2803 691 2851 mas,
725 2801 860 2857 quae
893 2786 1168 2840 virtutem
1193 2785 1462 2840 nondum
1485 2791 1869 2858 pepererunt:
1914 2787 2192 2843 lactantes

2266 2849 2275 2860 _
2313 2789 2406 2849 τάς
2437 2793 2589 2859 μήπω
2620 2789 2876 2848 τεκούσας
2927 2785 3112 2860 ἀρετὴν
3139 2786 3323 2859 ψυχάς
3396 2803 3408 2816 ·
3467 2785 3798 2846 θηλαζούσας
3848 2783 3913 2839 δὲ

545 2849 765 2932 autem-
781 2889 915 2945 qua:
941 2879 1299 2945 pepererunt
1319 2849 1584 2945 quidem,
1614 2891 1818 2931 verum
1848 2877 2089 2948 puerilis
2113 2881 2192 2933 est

2264 2849 2276 2868 Ι
2437 2849 2446 2859 ¹
2960 2849 2969 2860 ι
3151 2849 3161 2858 υ
3220 2849 3262 2859 ιν

2264 2884 2277 2904 ⁴
2314 2878 2406 2938 τὰς
2441 2879 2689 2936 τεκούσας
2745 2879 2856 2948 μὲν,
2897 2872 3155 2937 νηπιῶδες
3187 2872 3247 2929 δὲ
3294 2880 3475 2948 κύημα
3518 2879 3606 2927 καὶ
3637 2873 3911 2950 βραχύτα-

545 2964 699 3020 fetus
729 2967 785 3018 et
814 2961 1141 3017 admodum
1183 2961 1585 3033 pusillanimis
1618 2963 1721 3035 (j).
2316 2985 2421 3019 τον.

616 3070 787 3128 Vers.
826 3069 916 3125 20.
946 3069 1118 3124 Orate
1148 3099 1216 3110 —
1243 3068 1517 3124 Sabbato.
1551 3070 1924 3126 Manifestum
1980 3075 2036 3127 et
2065 3071 2206 3127 hinc

2389 3073 2760 3145 Προσεύχεσθε
2815 3102 2884 3113 --
2920 3070 3188 3144 Σαϐϐάτῳ.
3246 3074 3467 3146 Φανερὼ
3506 3071 3799 3138 κάντεῦθεν,
3845 3071 3927 3122 ὅτι

545 3159 732 3233 quod,
755 3173 1110 3232 quanquam
1139 3158 1213 3213 ad
1239 3158 1546 3229 apostolos
1575 3159 1972 3232 protendebat
1998 3160 2192 3232 hujus-

2317 3162 2476 3216 εἶκαὶ
2507 3164 2634 3236 πρὸς
2678 3165 2798 3222 τοὺς
2837 3160 3160 3224 ἀποστόλους
3215 3159 3445 3214 ἀπέτεινε
3477 3165 3598 3222 τοὺς
3657 3163 3931 3222 τοιούτους

545 3249 711 3306 modi
750 3263 1078 3314 sermones,
1107 3252 1370 3304 attamen
1401 3248 1491 3303 vel
1517 3248 1616 3304 isti
1646 3249 1726 3304 ad
1749 3249 1986 3305 Iudaeos
2026 3251 2192 3323 respi

2313 3251 2516 3324 λόγους,
2551 3249 2676 3303 ἀλλά
2701 3270 2761 3322 γε
2812 3253 2944 3325 πρὸς
2987 3254 3108 3313 τούς
3150 3247 3444 3313 Ἰουδαίους
3479 3249 3684 3303 ἔϐλεπον
3752 3250 3921 3304 οὗτοι.

546 3338 785 3394 ciebant
808 3355 822 3404 ;
844 3352 1039 3409 neque
1061 3336 1209 3392 enim
1232 3337 1492 3409 amplius
1516 3337 1921 3395 observabant
1951 3341 2193 3412 apostoi

2318 3346 2419 3395 Καὶ
2450 3343 2548 3413 γὰρ
2597 3339 2771 3392 οὐκέτι
2799 3339 3184 3414 παρεφύλαττον
3239 3343 3298 3393 τό
3359 3338 3621 3393 Σάϐϐατόν
3665 3341 3714 3392 οἱ
3758 3337 3923 3392 ἀπόσ-

547 3429 899 3494 Sabbatum,
927 3427 1173 3500 quando
1192 3432 1368 3498 capta
1399 3431 1538 3482 sunt
1563 3428 1986 3500 Hierosolyma.
2013 3431 2194 3495 Quare

2313 3429 2470 3483 τολοι.
2513 3433 2657 3482 Διατί
2710 3425 2789 3495 δὲ,
2840 3433 2911 3499 μὴ
2969 3437 3250 3502 χειμῶνος,
3300 3427 3440 3501 μηδὲ
3493 3427 3781 3500 Σαϐϐάτῳ;
3831 3433 3919 3487 Μὴ

545 3523 748 3575 autem
779 3534 899 3573 non
919 3517 1112 3572 hieme
1161 3532 1356 3587 neque
1403 3516 1661 3573 Sabbato
1685 3517 1712 3572 ?
1735 3518 1935 3575 Hieme
1957 3520 2192 3591 quidem

2314 3526 2575 3592 χειμῶνος
2603 3521 2714 3590 μὲν,
2740 3513 2834 3569 διὰ
2854 3520 2948 3575 τὴν
2975 3513 3260 3570 δυσκολίαν
3289 3521 3382 3576 τὴν
3424 3516 3527 3571 ἀπὸ
3573 3524 3666 3570 τοῦ
3697 3523 3911 3590 καιροῦ·

542 3610 787 3678 propter
812 3605 1096 3676 temporis
1125 3603 1561 3671 difﬁcultatem;
1587 3605 1850 3662 Sabbato
1873 3622 2010 3662 vero
2037 3623 2189 3680 prop

2317 3611 2387 3681 μὴ
2440 3605 2683 3677 Σαϐϐάτῳ
2734 3602 2812 3672 δὲ,
2873 3603 2966 3658 διὰ
3025 3609 3113 3658 τὸν
3165 3610 3340 3679 νόμον,
3423 3605 3518 3658 οῦκ
3576 3605 3917 3679 ἐπιτρέποντα

544 3699 632 3751 ter
653 3695 849 3766 legem
881 3711 1016 3767 qua:
1040 3710 1163 3750 non
1193 3694 1568 3767 permittebat
1592 3693 1851 3753 Sabbato
1877 3697 1986 3754 iter
2015 3697 2191 3755 facere

2319 3694 2562 3770 βαδίζειν
2593 3694 2641 3748 ἐν
2672 3694 2918 3768 Σαϐϐάτῳ
2943 3699 3226 3769 περαιτέρω
3276 3703 3378 3748 τῶν
3407 3698 3779 3769 νενομισμένων
3818 3692 3917 3767 βη-

542 3784 700 3842 ultra
726 3789 979 3842 statutos
1007 3784 1138 3857 lege
1158 3800 1404 3856 passus.

865 3789 979 3841 itos
1007 3784 1138 3857 lege
1158 3800 1404 3856 passus.
2317 3789 2512 3860 μάτων.

615 3891 960 3962 Anagogice
1011 3897 1212 3949 autem
1265 3891 1473 3963 fugam
1525 3892 1916 3964 intelligimus
1977 3894 2205 3951 exitum

2391 3895 2748 3966 Ἀναγωγικῶς
2800 3889 2860 3946 δὲ
2897 3895 3066 3965 φυγὴν
3095 3893 3185 3965 μεν
3213 3898 3424 3965 νοοῦμεν
3454 3895 3548 3952 τὴν
3593 3888 3772 3955 ἔξοδον
3827 3899 3921 3953 τῆς

544 3981 760 4039 animae
790 3998 827 4038 a
852 3997 1102 4052 corpore
1141 3999 1154 4049 ;
1194 3981 1453 4038 hiemem
1486 3997 1624 4037 vero
1651 3985 2113 4041 commotionem
2138 4001 2191 4041 at

2276 3997 2284 4040 1
2316 3983 2498 4056 ψυχῆς
2542 3981 2642 4036 ἀπὸ
2670 3989 2760 4034 τοῦ
2814 3986 3054 4054 σώματος
3087 4001 3099 4014 ο
3134 3989 3374 4054 χειμῶνα
3403 3978 3464 4034 δε
3496 3987 3590 4041 τὴν
3622 3981 3785 4042 ζάλην
3834 3985 3923 4034 καὶ

541 4071 943 4129 turbationem
965 4070 1390 4140 cogitationum
1417 4070 1780 4137 ;Sabbatum
1803 4078 2001 4129 autem
2023 4073 2188 4130 otiun

2316 4077 2560 4148 ταραχὴν
2591 4080 2690 4124 τῶν
2720 4070 2988 4144 λογισμῶν
3027 4088 3041 4102 ⁶
3067 4069 3328 4124 Σάϐϐατόν
3355 4067 3416 4124 δε
3443 4074 3538 4130 τὴν
3586 4070 3773 4145 ἀργίαν
3829 4078 3923 4132 τῆς

543 4175 580 4216 a
604 4160 834 4214 virtute.
861 4157 1029 4213 Jubet
1090 4157 1292 4229 itaque
1343 4173 1540 4214 sermo
1592 4163 1659 4214 ut
1688 4175 1950 4227 oremus,
1991 4177 2067 4218 ne
2105 4163 2185 4220 ﬁa

2318 4162 2519 4238 ἀρετῆς.
2574 4166 2855 4236 Παρεγγυᾷ
2898 4162 2999 4235 γὰρ
3054 4161 3080 4213 ὁ
3149 4159 3301 4232 λόγος
3365 4161 3784 4236 προσεύχεσθαι,
3847 4164 3918 4234 μὴ

543 4246 733 4304 exitus
749 4247 967 4302 animae
993 4249 1213 4301 nostrae
1237 4246 1297 4301 in
1321 4247 1724 4304 commotione
1747 4253 1849 4304 aut
1867 4251 2190 4308 turbatione

2315 4253 2557 4324 γενέσθαι
2583 4255 2670 4308 τὴν
2728 4246 2908 4313 ἔξοδον
2953 4259 3045 4311 τῆς
3097 4249 3286 4323 ψυχῆς
3320 4252 3466 4322 ἡμῶν
3519 4249 3568 4302 ἐν
3637 4249 3768 4324 ζάλῃ
3829 4254 3920 4303 καὶ

545 4333 987 4406 cogitationum,
1031 4350 1226 4407 neque
1257 4336 1318 4392 in
1371 4336 1493 4392 otio
1527 4351 1564 4393 a
1618 4335 1952 4408 virtutibus,
2008 4340 2117 4397 sed
2144 4340 2192 4398 ir

2317 4348 2528 4416 ταραχῇ
2578 4339 2870 4412 λογισμῶν,
2925 4336 3054 4412 μηδ’
3101 4339 3150 4392 ἐν
3190 4339 3350 4415 ἀργίᾳ
3397 4349 3488 4401 τῆς
3539 4338 3743 4416 ἀρετῆς,
3789 4339 3918 4393 ἀλλά

545 4421 962 4495 tranquillitate
984 4423 1412 4495 cogitationum
1441 4429 1497 4483 et
1520 4427 1866 4499 operatione
1883 4434 2192 4488 virtutum.

2316 4430 2674 4504 γαληνιώντων
2737 4437 2837 4482 τῶν
2879 4429 3162 4503 λογισμῶν,
3233 4435 3322 4482 καὶ
3405 4427 3767 4506 ἐνεργουμένης
3819 4436 3917 4490 τῆς

2319 4539 2472 4596 αρετη
2483 4540 2526 4581 ς.

1772 4651 2000 4720 Variae
2030 4653 2359 4722 lectiones
2390 4664 2456 4720 et
2487 4661 2688 4721 notae.

617 4791 728 4867 (24)
767 4797 870 4844 Τοῦ
900 4790 1237 4867 πληρωθῆναι
1251 4793 1336 4867 _A.
1387 4792 1549 4867 Loco
1569 4791 1816 4850 laudato
1835 4799 2082 4867 uterque
2109 4811 2202 4853 co-

2307 4802 2419 4858 τοῖς
2448 4791 2527 4852 δέ.
2559 4792 2867 4867 ὃθάΑῐιυΠξ,
2887 4809 3044 4865 opus
3071 4797 3165 4849 est
3197 4794 3578 4867 correctione.
3608 4793 3722 4850 Nec
3746 4789 3908 4848 enim

542 4860 658 4938 dex
688 4860 936 4938 in_t_extu
967 4860 1135 4938 Lucae
1165 4863 1692 4938 habetnlmaeﬁgai.
1812 4935 1822 4938 Α
1982 4860 2012 4938 '_

1812 4935 1822 4938 ,
1982 4860 2012 4938 ί
2309 4868 2388 4925 ad
2419 4867 2557 4936 οὐαί,
2591 4865 2698 4922 sed
2722 4866 2797 4922 ad
2828 4860 3140 4938 δυναμένων
3169 4864 3434 4923 refertur.

615 4935 728 5008 (25)
763 4935 1079 4991 Hentenius
1130 4934 1407 5001 reddidit,
1449 4951 1518 4992 ac
1566 4935 1616 4991 si
1645 4935 1871 5008 legerit,
1928 4935 2032 4999 τοίς
2084 4941 2194 5012 μὲν,

613 5110 702 5183 (Ιι)
730 5112 828 5194 Et“
841 5111 1047 5194 fugam
1066 5112 1402 5194 expeditam
1423 5127 1591 5194 eqm._
1623 5112 1758 5194 iiaec
1780 5131 1902 5194 non
1957 5120 2096 5194 sunt
2136 5117 2199 5173 in
2307 5134 2380 5176 ex
2407 5117 2629 5194 Isidoro
2670 5120 2734 5194 _et
2763 5116 2927 5194 apud
2984 5116 3282 5194 I_sid_orum
3308 5116 3536 5194 _lib._qr,
3578 5116 3755 5194 epist.
3791 5117 3922 5194 212,

541 5185 766 5266 graeco
790 5183 956 5266 Forte
981 5189 1182 5266 autem
1201 5184 1408 5266 voluit,
1423 5191 1478 5240 et
1509 5185 1591 5266 a_d
1607 5187 1836 5266 fagum.
1865 5188 1930 5244 In
1960 5188 2198 5266 codice-
2307 5195 2486 5266 etiam
2517 5183 2841 5266 inschedi's
2888 5191 3070 5266 meis
3094 5189 3243 5266 inter
3281 5187 3528 5266 _inedita
3571 5183 3801 5246 scholia
3831 5192 3928 5245 est

541 5255 646 5342 illo
702 5252 948 5310 fortasse
997 5261 1120 5311 erat
1152 5271 1164 5311 :
1201 5256 1407 5328 Κούφην
1477 5261 1568 5310 καὶ
1607 5252 1839 5320 taenia
1925 5263 2058 5335 πρὸς
2099 5281 2188 5335 φυ.

2307 5261 2607 5349 ejusmodi
2637 5260 2854 5349 SeveEi.
2889 5260 3002 5349 Sed
3055 5259 3116 5315 in
3146 5257 3637 5349 h‘is’ﬁp‘atxulr‘arov'
3670 5275 3791 5316 non
3835 5274 3929 5342 re-

541 5345 680 5480 ἶηῖιί)
701 5398 772 5480 ,Εἰ
787 5395 964 5454 simul
985 5411 1124 5452 cum
1149 5397 1582 5470 embryonibus
1601 5416 1672 5459 ac
1692 5401 2043 5460 lactentibus
2066 5417 2188 5477 per.

2305 5328 2534 5408 paritur
2562 5350 2574 5388 :
2603 5328 2865 5392 νηπιῶδες
2895 5339 3089 5388 autem
3141 5337 3197 5388 et
3237 5328 3426 5393 ἀτελέςξ
3460 5338 3566 5407 Βρα
3614 5334 3802 5385 ύτατον
3834 5329 3927 5387 in-

2307 5410 2592 5480 terpretor
2622 5401 3085 5480 ﬁpaxtiﬁdirarov.
3117 5403 3247 5480 Alia
3291 5403 3452 5460 enim
3511 5353 3755 5480 8112116886
3788 5416 3924 5458 sen-

544 5469 762 5548 iblllpl.“
1007 5541 1016 5548 ι
1090 5539 1099 5548 _
1193 5543 1233 5548 __
1324 5469 1335 5470 ί
1558 5545 1605 5548 ,Α
1698 5546 1713 5548 _
1940 5547 1981 5548 γ,
2305 5469 2490 5533 ιθῐίίὶθ
2519 5469 2944 5548 nequitl'Forte
2995 5475 3310 5548 Hentenius
3357 5490 3389 5532 e
3420 5491 3551 5548 s_uo_
3582 5475 3784 5531 codice
3823 5489 3923 5531 ex-

617 5539 683 5623 (j_)
716 5539 1151 5623 Plasillanimis.
1193 5543 1310 5622 Hoc
1333 5557 1447 5623 nnou
1481 5547 1572 5599 est
1593 5545 1652 5623 in
1681 5546 1902 5623 Graeco.
1929 5546 2196 5623 Similem

2126 5563 2196 5623 ιφ
2309 5539 2636 5622 scalpserat
2657 5545 2986 5623 βραχύνουν,
3023 5546 3194 5618 cujus
3223 5545 3502 5619 exempla
3538 5546 3773 5618 ignoro.

548 5612 902 5668 sententiam
958 5613 1189 5684 reperio
1237 5612 1296 5668 in
1346 5612 1566 5672 Catena
1615 5617 1876 5673 Corderii
1937 5618 2099 5674 adh.
2156 5618 2195 5672 l.
