4170 6334
187 234 303 293 613

1202 234 1548 293 COMMENT
1589 237 1657 293 IN
1698 231 2143 296 MATTH/EUM.
2186 274 2253 284 —
2290 246 2447 300 CAP.
2492 242 2687 301 XXIV.

3463 253 3572 309 614

272 369 467 425 ’Ἑσται
508 402 573 415 -
612 376 841 444 γένηται.
898 374 959 425 Εἴ
1008 392 1089 435 τις
1126 370 1317 443 ἐντύχῃ
1385 376 1494 432 τοῖς
1552 370 1801 427 Ἰωσήπου.

1992 366 2151 422 Vers.
2184 369 2272 426 21.
2304 370 2440 427 Erit
2467 403 2536 411 —
2570 372 2685 439 ﬁet.
2720 370 2779 427 Si
2805 372 2939 444 quis
2968 372 3029 429 in
3058 374 3303 447 Iosephi
3351 376 3573 447 scripta

197 464 613 536 συγγράμμασι,
690 460 1236 533 πληροφορηθήσεται.
1317 465 1494 511 Καίτοι
1559 461 1658 533 γὰρ
1728 458 1812 511 Ἐ-

198 549 388 624 6ραῐος
440 552 526 619 ὧν,
595 547 985 603 διαϐεϐαιοῦται
1032 554 1149 624 περὶ
1189 558 1284 609 τῆς
1326 550 1576 607 τοιαύτης
1629 549 1815 618 θεομηο

197 644 338 707 νίας,
424 642 502 692 ὅτι
558 646 733 691 πᾶσαν
824 638 1028 697 ἐνίκησε
1093 640 1383 713 συμφορὰν,
1460 641 1550 688 καὶ
1635 642 1809 688 πᾶσαν

202 727 427 798 ὑπερέϐη
479 724 799 803 τραγῳδίαν.
879 730 1023 781 Μετὰ
1084 729 1182 799 γὰρ
1238 736 1330 786 τῆς
1405 726 1551 788 ξένης
1620 723 1811 784 ἐκείνης

201 816 501 891 πολιορκίας
539 824 784 877 τοσοῦτος
814 819 876 875 ἦν
918 818 943 869 ὁ
989 816 1160 889 λιμὸς,
1215 818 1280 876 ὡς
1338 820 1427 866 καὶ
1465 814 1648 875 αὐταῖς
1695 820 1810 873 ταῖς

201 906 467 978 μητράσιν
524 908 891 980 περιμάχητον
954 902 1083 957 εἶναι
1140 910 1233 963 τὴν
1299 903 1653 975 τεκνοφαγίαν,
1720 906 1810 953 καὶ

200 996 327 1067 ὑπὲρ
395 997 580 1047 τούτου
652 995 901 1067 πολέμους
968 996 1225 1067 γίνεσθαι.
1289 998 1436 1054 Τίνος
1494 988 1580 1043 οὖν
1652 992 1808 1042 ἕνεκεν

197 1084 544 1160 χαλεπώτερα
599 1091 688 1137 καὶ
741 1082 1135 1160 φρικωδέστερα
1181 1084 1381 1135 πάντων
1438 1090 1536 1133 τῶν
1592 1080 1678 1132 ἀπ’
1735 1079 1811 1131 αἰ-

199 1181 324 1233 ῶνος
420 1172 700 1247 ἀνθρώπων
782 1175 1143 1239 πεπόνθασι;
1239 1176 1379 1224 Διότι
1471 1169 1811 1242 χαλεπώτερα

200 1267 294 1313 καὶ
352 1260 740 1336 φρικωδέστερα
796 1265 995 1315 πάντων
1061 1270 1157 1314 τῶν
1234 1260 1324 1313 ἀπ’
1373 1259 1555 1320 αἰῶνος
1610 1257 1807 1331 ἀνθρώ-

199 1372 312 1404 πων
380 1352 774 1425 τετολμήκασιν,
835 1351 1091 1412 ἀνελόντες
1146 1353 1232 1402 τὸν
1311 1352 1429 1402 Υὶὸν
1506 1355 1596 1399 τοῦ
1651 1354 1803 1399 Θεοῦ.

200 1446 413 1501 Λουκᾶς
467 1438 527 1493 δε
586 1442 897 1514 πλατύτερον
962 1460 1139 1513 φησιν,
1207 1440 1288 1491 ὃτι
1345 1437 1534 1490 Ἔσται
1604 1434 1801 1507 ἀνάγκη

198 1530 395 1601 μεγάλη
450 1529 536 1583 ἐπὶ
588 1538 679 1591 τῆς
733 1538 855 1601 γῆς,
905 1534 994 1581 καὶ
1046 1529 1174 1601 ὀργὴ
1227 1526 1274 1579 ἐν
1328 1535 1399 1598 τῷ
1454 1526 1559 1596 λαῷ
1618 1527 1799 1593 τούτῳ,

198 1623 290 1670 καὶ
372 1626 654 1671 πεσοῦνται
733 1623 950 1690 στόματι
1009 1622 1304 1690 μαχαίρας,
1376 1619 1465 1667 καὶ
1534 1611 1806 1685 αἰχμαλω-

201 1709 551 1765 τισθήσονται
616 1708 686 1769 εἰς
731 1711 900 1760 πάντα
952 1710 1014 1759 τὰ
1080 1708 1219 1773 ἔθνη,
1304 1709 1393 1756 καὶ
1466 1700 1805 1777 Ἰερουσαλὴμ

203 1798 354 1849 ἔσται
434 1800 725 1869 πατουμένη

200 1890 378 1960 καιροὶ
412 1884 591 1942 ἐθνῶν.
650 1886 839 1960 Ὀργὴν
886 1887 975 1957 μὲν
1030 1884 1186 1956 λέγων
1234 1887 1327 1941 τὴν
1369 1889 1460 1934 τοῦ
1503 1887 1659 1949 Θεοῦ,
1711 1876 1806 1931 διὰ

198 1978 287 2027 τὸν
328 1978 450 2027 Υἰὸν
490 1975 668 2041 αὐτοῦ,
719 1978 927 2047 καιροὺς
984 1970 1042 2026 δε
1087 1972 1241 2025 ἐθνῶν
1288 1976 1403 2032 τοὺς
1455 1972 1590 2046 ἄχρι
1631 1987 1802 2020 συντε-

199 2063 340 2126 λείας
372 2064 562 2135 αύτῶν,
592 2070 679 2116 καὶ
699 2071 789 2116 τοῦ
815 2068 1017 2136 κόσμου
1045 2066 1250 2123 παντός.

276 2158 378 2207 Καὶ
434 2154 478 2206 εἰ
533 2157 604 2225 μὴ
664 2185 732 2194 -
784 2152 839 2203 αἰ
891 2154 1082 2225 ἡμέραι
1156 2151 1360 2203 ἐκεῖναι.
1420 2148 1643 2221 Ἡμέρας
1711 2149 1803 2209 τὰς

198 2250 293 2296 τοῦ
350 2243 571 2315 πολέμου
619 2247 708 2294 καὶ
757 2250 854 2303 τῆς
906 2240 1207 2315 πολιορκίας
1264 2239 1457 2300 ἐκείνης
1511 2241 1662 2310 φησὶ,
1722 2236 1799 2287 λέ-

194 2348 340 2404 γων·
397 2334 475 2384 ὄτι
541 2331 583 2383 εἰ
656 2335 728 2404 μὴ
798 2330 1173 2389 ἠλαττώθησαν
1222 2331 1276 2381 αἱ
1346 2330 1538 2403 ἡμέραι
1614 2325 1803 2377 ἐκεῖναι

188 2421 307 2474 κατ’
356 2422 652 2493 οἰκονομίαν
710 2422 855 2494 παρὰ
900 2427 993 2471 τοῦ
1062 2426 1216 2485 Θεοῦ,
1277 2417 1370 2469 ούκ
1426 2416 1484 2468 ἂν
1544 2412 1799 2482 διεσώθη,

1269 1795 1404 1868 ἄχρι
1487 1791 1804 1865 πληρωθῶσι

826 1798 926 1849 ὑπὸ
1014 1794 1187 1860 ἐθνῶν,

192 2511 292 2563 ούκ
375 2510 435 2562 ἆν
511 2510 792 2581 ὑπεξέφυγε
869 2512 956 2560 τὸν
1027 2509 1242 2559 θάνατον
1295 2513 1443 2558 πᾶσα
1520 2504 1672 2578 σὰρξ,
1744 2507 1804 2562 ἥ-

191 2620 343 2671 γουν,
402 2596 526 2652 οὐδὲ
574 2602 673 2672 μία
731 2597 881 2671 σὰρξ,
941 2593 1205 2654 Ἰουδαῐκὴ
1285 2592 1543 2653 δηλονότι.
1612 2595 1803 2653 Πάντες

191 2692 301 2763 γὰρ
332 2688 391 2741 ἂν
420 2686 797 2763 διεφθάρησαν,
839 2692 928 2738 καὶ
976 2689 1024 2738 οἱ
1062 2686 1220 2751 ἐντὸς,
1275 2690 1363 2737 καὶ
1419 2686 1467 2735 οἱ
1525 2683 1670 2744 ἐκτός
1698 2700 1709 2712 ⁸
1753 2685 1801 2734 οἱ

192 2781 291 2853 μὲν
333 2778 485 2851 λιμῷ,
532 2780 581 2829 οἱ
631 2774 688 2829 δὲ
738 2775 922 2848 λοιμῷ,
965 2777 1049 2827 οἱ·
1104 2772 1163 2827 δε
1224 2774 1355 2847 ξίφει
1409 2778 1498 2825 καὶ
1544 2776 1801 2831 παντοίοις

198 2868 423 2921 θανάτου
473 2872 707 2938 τρόποις.
792 2868 936 2918 Κατὰ
1004 2867 1206 2917 πάντων
1257 2866 1358 2936 γὰρ
1426 2858 1695 2915 Ἰουδαίων
1754 2862 1802 2912 οἱ

191 2957 447 3029 Ῥωμαῖοι
507 2952 743 3028 σφοδρῶς
792 2952 1075 3026 ἐμάνησαν,
1152 2958 1241 3004 καὶ
1314 2955 1446 3004 κατὰ
1512 2960 1611 3003 τῶν
1667 2970 1801 3002 παν-

198 3053 348 3115 ταχῆ
426 3041 813 3118 διεσπαρμένων
870 3042 1122 3117 ἐφέροντο.
1188 3042 1485 3102 Ἐκλεκτούς
1543 3037 1601 3092 δε
1657 3039 1801 3092 καλεί
1832 3072 1871 3128 C

188 3139 315 3195 τοὺς
354 3132 409 3197 ἐξ
439 3130 710 3186 Ἰουδαίων
755 3136 993 3199 πιστούς,
1046 3128 1117 3184 δι’
1166 3131 1253 3192 ούς
1300 3134 1588 3204 ταχύτερον
1647 3132 1796 3182 ἔπαυ-

196 3244 258 3277 σε
321 3227 408 3276 τὸν
460 3222 702 3294 πόλεμον,
778 3223 859 3273 ἵνα
912 3226 983 3293 μὴ
1042 3220 1429 3273 συναπόλωνται
1502 3226 1609 3281 τοῖς
1682 3218 1802 3271 ἀπί-

194 3333 355 3379 στοις,
410 3312 536 3364 ἁλλὰ
585 3310 775 3384 μαλλον
827 3311 909 3362 ἵνα
963 3314 1091 3371 τινες
1151 3319 1250 3362 τῶν
1301 3309 1533 3361 ἀπίστων
1586 3305 1803 3360 συνδια-

194 3404 410 3456 σωθῶσι
449 3404 669 3466 τούτοις,
724 3402 857 3452 ὥστε
909 3396 1112 3471 μηδένα
1153 3396 1443 3458 δυνηθῆναι
1490 3399 1673 3470 λέγειν,
1720 3400 1800 3453 ὅτι

193 3490 291 3545 διὰ
339 3494 459 3553 τοὺς
536 3492 919 3551 πιστεύσαντας
984 3491 1013 3547 ἡ
1077 3489 1319 3551 θεήλατος
1396 3490 1527 3547 αὕτη
1601 3490 1798 3561 μάστιξ

195 3580 443 3639 ἐπῆλθεν·
503 3578 607 3631 ἀλλ’
642 3580 725 3631 ἶνα
781 3577 1051 3651 βλέποντες
1097 3580 1147 3631 οἱ
1200 3580 1584 3651 ὑπολειφθέντες
1636 3580 1795 3631 ᾶπαν-

194 3690 285 3733 τας
309 3673 426 3730 τοὺς
481 3667 529 3721 ἰν
561 3668 735 3729 αὐτοῖς
794 3672 1015 3729 πιστούς
1072 3663 1414 3741 διαδράντας,
1474 3677 1671 3720 συνῶσι
1700 3673 1793 3727 τὴν

197 3760 388 3825 αἰτίαν,
443 3762 532 3810 καὶ
574 3755 951 3830 βεϐαιωθῶσιν,
997 3759 1063 3819 ὡς
1112 3756 1169 3809 ού
1214 3762 1365 3829 μόνον
1410 3756 1503 3809 οὐκ
1534 3756 1794 3809 ἀπώλοντο

198 3845 274 3901 δι’
323 3848 509 3908 αὐτοὺς
559 3848 607 3899 οἱ
647 3844 1032 3920 διαφθαρέντες,
1084 3844 1212 3898 ἀλλὰ
1253 3846 1485 3919 μάλιστα
1513 3852 1602 3899 καὶ
1647 3847 1793 3899 αὐτοὶ

199 3934 293 3991 διὰ
319 3940 534 3997 τούτους
563 3938 973 4008 περιεσώθησαν.

263 4026 388 4082 Ὀτι
418 4022 478 4078 δε
507 4028 564 4076 τὸ
612 4031 757 4077 πᾶσα
784 4026 935 4098 σὰρξ,
978 4024 1089 4077 ἀντὶ
1119 4032 1231 4090 τοῦ,
1281 4021 1404 4077 οὐδὲ
1452 4030 1566 4097 μία,
1619 4031 1794 4094 παρεί-

192 4118 409 4183 ληπται,
444 4112 601 4174 δῆλον
649 4118 738 4166 καί
785 4113 885 4167 ἀπὸ
930 4123 1020 4167 τοῦ
1070 4111 1354 4167 Δκυῐδικοῦ
1389 4116 1568 4189 ῥητοῦ,
1624 4116 1793 4189 λέγον-

192 4226 313 4267 τος·
376 4209 463 4263 Μὴ
531 4207 990 4279 κατακνριευσάτω
1046 4224 1145 4277 μου
1202 4211 1349 4257 πᾶσα
1402 4204 1607 4278 ἀνομία,
1679 4206 1791 4261 ἀντὶ

190 4304 304 4367 τοῦ,
349 4291 489 4368 μηδὲ
536 4299 649 4367 μία.
688 4298 787 4347 Καὶ
841 4301 994 4347 τοῦτο
1051 4296 1152 4366 γὰρ
1205 4290 1402 4368 ἰδίωμα
1430 4304 1523 4357 τῆς
1570 4296 1791 4359 παλαιᾶς

194 4392 260 4459 Γρ
269 4393 371 4458 αφῆ
384 4406 424 4447 ς.

263 4478 329 4527 Σύ
361 4470 421 4526 δέ
466 4492 556 4540 μοι
614 4475 798 4525 σκόπει
847 4478 940 4523 τοῦ
969 4473 1104 4525 θείου
1157 4475 1453 4546 Πνεύματος
1501 4478 1594 4533 τὴν
1644 4475 1789 4528 οἰκο-

189 4566 389 4634 νομίαν,
440 4571 549 4624 πῶς
607 4563 633 4613 ὁ
685 4564 775 4635 μεν
824 4561 1079 4631 Ἰωάννης,
1126 4563 1151 4612 ὁ
1210 4562 1329 4629 ζῶν,
1379 4564 1461 4614 ὅτε
1516 4570 1681 4616 ταῦτα
1707 4568 1787 4635 γέ-

1821 4425 1867 4480 D

184 4670 321 4723 γονε,
376 4655 467 4703 καὶ
514 4654 645 4723 μετὰ
674 4655 768 4708 τὴν
822 4650 1014 4702 ἅλωσιν
1070 4650 1227 4702 πολύν
1259 4653 1331 4703 ἔτι
1380 4652 1546 4712 ζήσας
1574 4672 1784 4726 χρονον,

189 4736 339 4791 οὐδὲν
396 4742 593 4791 τούτων
650 4738 892 4812 ἔγραφεν,
964 4739 1046 4790 ἵνα
1089 4743 1160 4812 μὴ
1230 4736 1363 4813 δόξῃ
1430 4742 1666 4814 γράφειν,
1720 4743 1791 4803 ὡς

190 4826 354 4879 πάλαι
405 4826 664 4901 εἰρημένα,
718 4829 785 4879 τὰ
810 4823 917 4886 ἤδη
964 4832 1306 4901 γεγενημένα·
1363 4831 1412 4880 οἱ
1470 4824 1529 4881 δὲ
1573 4833 1670 4903 πρὸ
1700 4839 1789 4883 τοῦ

189 4915 433 4986 γενέσθαι
532 4922 697 4967 ταῦτα
803 4916 1232 4987 τετελευτηκότες,
1337 4916 1516 4970 ἐκεῖνοι
1624 4920 1789 4973 πάντα

196 5010 371 5076 σαφῶς
422 5002 671 5078 ἔγραψαν,
718 5006 800 5059 ἱνα
848 5004 1134 5068 ἀνύποπτος
1189 5009 1220 5067 ἡ
1259 5014 1348 5060 τοῦ
1391 5014 1621 5081 Χριστοῦ
1670 5013 1787 5082 περὶ

1337 4916 1516 4970 ἐκεῖνοι

261 5208 309 5245 ⁸⁸
335 5208 476 5266 Luc.
504 5225 617 5277 xm,
645 5211 734 5279 23,
766 5212 854 5270 24.
933 5216 979 5251 ἰθ
1002 5214 1158 5273 Psal.
1189 5230 1387 5284 cxvnr,
1425 5214 1515 5273 15.

1921 453 2164 525 incidat,
2184 458 2397 514 certior
2425 460 2672 516 omnino
2702 461 2776 515 de
2803 460 2895 517 his
2921 461 3225 519 efﬁcietur.
3260 463 3572 538 Siquidem

1922 560 2060 601 cum
2086 548 2263 603 etiam
2310 548 2552 603 Judaeus
2592 556 2765 615 esset,
2803 552 3061 609 afﬁrmat
3090 554 3165 609 de
3221 554 3573 626 hujusmodi

1923 633 2021 688 Dei
2051 634 2157 699 ira,
2188 636 2349 708 quod
2381 653 2621 692 omnem
2655 642 2966 695 excesserit
2992 642 3411 711 calamitatem,
3446 661 3571 700 om-

1920 738 2180 795 nemque
2211 742 2595 796 supergressa
2645 730 2719 783 sit
2752 731 3123 800 tragoediam.
3181 735 3328 788 Nam
3360 740 3572 804 praeter

1921 813 2291 869 tremendam
2321 815 2484 871 illam
2515 815 2909 889 obsidionem,
2946 824 3108 877 tanta
3129 827 3253 877 erat
3270 822 3478 889 fames,
3509 825 3572 878 ut

1920 899 2625 973 ipsisquoquematribus
2649 921 2856 975 pugna
2877 905 3170 979 fueritpro
3186 925 3285 964 esu
3309 911 3570 967 ﬁliorum

1922 988 2008 1044 0b
2028 1005 2215 1060 quam
2238 1006 2379 1061 ergo
2405 1008 2671 1063 causam,
2696 994 3195 1051 miserabiliorem
3224 1014 3293 1053 ac
3320 1000 3573 1055 horribi-

1917 1076 2125 1133 liorem
2142 1080 2299 1150 passi
2321 1086 2458 1137 sunt
2478 1080 2859 1139 aﬂlictionem
2882 1085 3164 1139 omnibus
3181 1102 3317 1157 quae
3335 1087 3573 1144 fuerunt

1921 1182 1957 1223 a
1979 1169 2191 1224 smculo
2215 1168 2243 1223 ?
2263 1170 2411 1235 Quia
2440 1171 2633 1239 magis
2659 1173 3097 1229 exsecrandum
3131 1190 3197 1228 ac
3226 1174 3568 1231 horribilius

1920 1263 2409 1328 perpetraverunt
2450 1261 2747 1330 ﬂagitium
2800 1262 3081 1317 omnibus
3112 1264 3216 1335 qui
3246 1264 3485 1320 fuerunt
3537 1280 3574 1320 a

1919 1348 2138 1412 seculo,
2166 1348 2266 1403 Dei
2320 1349 2525 1404 Filium
2558 1351 2911 1407 occidentes.
2954 1354 3140 1409 Lucas
3196 1358 3396 1410 autem
3442 1354 3571 1426 pla-

1915 1435 2054 1490 nius
2082 1436 2223 1492 dicit
2253 1453 2266 1491 :
2298 1438 2429 1493 Erit
2451 1439 2588 1493 enim
2605 1441 2855 1509 afflictio
2878 1456 3096 1512 magna
3126 1457 3304 1511 super
3322 1450 3567 1512 terram,

1914 1530 1967 1580 et
1990 1526 2083 1580 ira
2112 1525 2171 1578 in
2195 1527 2408 1595 papula
2437 1527 2557 1591 hoc,
2606 1528 2930 1599 cadentque
2956 1530 3080 1585 acie
3110 1530 3315 1601 gladii,
3345 1538 3403 1587 et
3440 1548 3572 1604 cap-

1916 1612 2025 1668 tivi
2070 1613 2359 1670 ducentur
2408 1615 2468 1669 in
2524 1632 2721 1674 omnes
2766 1625 2979 1687 gentes,
3010 1625 3064 1674 et
3093 1619 3417 1677 Jerusalem
3450 1623 3572 1678 cat-

1846 1717 1883 1769 3
1916 1700 2142 1757 cabitur
2171 1718 2208 1759 a
2230 1704 2494 1775 gentibus
2523 1704 2700 1762 donec
2720 1707 3073 1776 impleantur
3121 1715 3391 1779 tempora
3436 1726 3572 1780 gen-

1916 1792 2062 1846 tium
2092 1790 2167 1847 ‘3.
2208 1795 2362 1848 Iram
2402 1793 2643 1864 quidem
2676 1796 2775 1850 Dei
2815 1796 3019 1852 dicens
3052 1816 3065 1866 ;
3118 1803 3385 1870 tempora
3438 1815 3568 1855 vero

1914 1880 2203 1950 gentium,
2227 1897 2299 1936 ea
2314 1898 2449 1953 quae
2474 1882 2980 1957 durabuntusque
3006 1885 3085 1943 ad
3104 1888 3570 1944 consummatio-

1912 1985 2053 2025 nem
2083 1985 2313 2040 eorum,
2337 1971 2637 2043 totiusque
2660 1974 2890 2029 mundi.

1987 2149 2144 2201 Vers.
2196 2150 2282 2202 22.
2335 2148 2413 2203 Et
2450 2148 2572 2204 nisi
2610 2149 2825 2205 —dies
2868 2150 2979 2205 illi.
3032 2150 3163 2206 Dies
3194 2151 3277 2208 ait
3331 2151 3460 2208 belli
3513 2156 3570 2209 et

1913 2235 2265 2301 obsidionis,
2288 2237 2514 2307 dicens,
2540 2239 2703 2309 quod
2721 2240 2835 2294 nisi
2863 2239 3139 2296 diminuti
3165 2241 3419 2297 fuissent
3439 2243 3566 2298 dies

1914 2326 1994 2381 illi
2008 2326 2443 2398 dispensatione
2461 2327 2683 2394 divina,
2713 2345 3100 2401 nequaquam
3131 2331 3299 2387 salva
3330 2331 3561 2397 fuisset,

1913 2432 2293 2489 nequaquam
2335 2421 2586 2472 mortem
2637 2416 2905 2473 evitasset
2928 2419 3126 2474 omnis
3174 2435 3330 2486 caro,
3362 2420 3423 2474 id
3454 2425 3563 2486 est,

1912 2505 2077 2562 nulla
2106 2506 2495 2562 ramansisset
2535 2522 2696 2571 caro,
2727 2506 2979 2565 Judaica
3027 2508 3320 2566 videlicet.
3350 2511 3565 2565 Omnes

1913 2596 2073 2651 enim
2101 2595 2317 2651 mortui
2348 2596 2595 2651 fuissent
2622 2595 2916 2665 homines,
2936 2601 2991 2652 et
3021 2597 3123 2669 qui
3154 2598 3332 2665 intus,
3373 2604 3431 2654 et
3458 2600 3567 2671 qui

1913 2688 2080 2741 extra
2104 2689 2273 2740 erant
2299 2702 2315 2739 :
2346 2685 2598 2756 quidam
2639 2685 2818 2755 fame,
2848 2687 3100 2758 quidam
3121 2705 3259 2743 vero
3277 2693 3439 2760 peste
3463 2692 3565 2745 aut

1914 2774 2546 2847 gladio,omnibusque
2560 2778 2764 2831 mortis
2777 2792 2847 2845 ge
2856 2792 2925 2831 ne
2934 2776 3424 2833 ribus.Adversus
3439 2794 3564 2834 om-

1912 2880 2013 2919 nes
2045 2864 2341 2936 siquidem
2371 2866 2601 2919 Judaeos
2620 2866 2871 2921 Romani
2889 2866 3085 2921 furore
3118 2868 3351 2922 accensi
3371 2872 3560 2939 erant,

1910 2954 2089 3010 etiam
2121 2954 2406 3009 adversus
2445 2970 2546 3009 eos
2576 2954 2675 3025 qui
2726 2954 2941 3026 ubique
2976 2961 3266 3012 terrarum
3310 2956 3563 3028 dispersi

1910 3043 2249 3099 ferebantur
2287 3043 2370 3115 (lc)
2403 3044 2628 3099 Electos
2659 3049 2860 3100 autem
2893 3052 3064 3100 vocat
3092 3045 3318 3112 ﬁdeles,
3348 3048 3452 3117 qui
3492 3062 3565 3101 ex

1909 3133 2126 3189 Judaeis
2172 3138 2357 3199 erant,
2404 3138 2643 3204 propter
2672 3150 2825 3205 quos
2856 3133 3027 3189 citius
3071 3135 3288 3205 quievit
3316 3135 3560 3201 bellum,

1909 3240 1983 3279 ne
2011 3223 2259 3293 perirent
2289 3237 2410 3278 una
2435 3238 2572 3277 cum
2604 3222 2943 3278 inﬁdelibus
2972 3240 2985 3291 ;
3020 3224 3124 3278 sed
3156 3223 3354 3295 potius
3379 3225 3563 3279 incre-

1908 3312 2034 3367 duli
2054 3311 2235 3384 aliqui
2254 3326 2357 3382 per
2382 3310 2490 3365 hos
2511 3316 2899 3381 servarentur,
2926 3327 3000 3366 ne
3022 3317 3226 3383 posset
3251 3311 3560 3384 quispiam

1908 3400 2103 3456 dicere
2136 3399 2301 3471 quod
2354 3403 2596 3471 propter
2621 3414 2721 3454 eos
2763 3400 2865 3471 qui
2922 3400 3305 3465 crediderant,
3353 3401 3481 3456 haec
3525 3418 3562 3459 a

1910 3493 2026 3545 Deo
2057 3488 2330 3545 immissa
2382 3487 2527 3543 ultio
2578 3489 3046 3560 supervenisset:
3083 3489 3186 3545 sed
3218 3490 3321 3561 qui
3372 3489 3559 3547 relicti

1905 3583 2074 3643 erant
2098 3578 2359 3634 videntes
2390 3593 2597 3634 omnes
2644 3577 2742 3649 qui
2791 3576 2941 3633 inter
2987 3578 3150 3650 ipsos
3190 3579 3559 3635 crediderant

1902 3664 2322 3740 permansisse,
2379 3665 2771 3735 intelligerent
2812 3668 3082 3732 causam,
3143 3682 3213 3723 ac
3273 3667 3554 3723 certiores

1900 3758 2309 3821 redderentur,
2350 3756 2510 3827 quod
2557 3770 2679 3810 non
2708 3755 2896 3810 solum
2928 3771 3051 3811 non
3095 3756 3387 3827 perierant
3420 3773 3557 3829 pro-

1903 3852 2032 3919 pter
2060 3845 2190 3900 illos
2232 3846 2336 3916 qui
2362 3844 2582 3899 mortui
2603 3849 2787 3911 erant,
2820 3844 2925 3901 sed
2955 3843 3147 3915 potius
3178 3848 3235 3901 et
3271 3844 3386 3916 ipsi
3416 3861 3553 3917 pro-

1901 3940 2031 4009 pter
2050 3951 2153 3990 eos
2194 3934 2408 3991 servati
2438 3938 2625 3989 erant.

1973 4024 2143 4091 Quod
2170 4030 2370 4080 autem
2400 4040 2412 4078 :
2447 4040 2561 4079 non
2599 4024 2787 4080 omnis
2818 4039 2979 4088 caro,
3021 4038 3131 4094 pro
3171 4023 3336 4079 nulla
3388 4040 3551 4090 caro,

1902 4120 2194 4178 sumatur,
2239 4112 2623 4169 manifestum
2676 4118 2763 4168 est
2819 4128 3055 4184 quoque
3109 4129 3143 4166 a
3192 4112 3348 4169 dicto
3388 4114 3557 4169 Davi-

1900 4204 2034 4259 dico
2073 4219 2195 4276 quo
2226 4202 2438 4258 dicitur
2470 4202 2642 4258 :Non
2671 4202 3014 4258 dominetur
3037 4202 3152 4257 mei
3190 4201 3371 4257 omnis
3402 4205 3559 4273 inju-

1899 4293 2145 4358 stitia",
2173 4292 2355 4358 idest,
2380 4290 2569 4349 nulla.
2600 4294 2750 4349 Nam
2771 4294 2827 4347 et
2847 4292 2956 4347 hoc
2974 4290 3199 4348 idioma
3224 4296 3310 4348 est
3335 4292 3551 4348 veteris

1901 4382 2238 4454 Scriptura.

1969 4472 2055 4527 Tu
2097 4487 2232 4527 vero
2263 4469 2577 4527 considera
2609 4469 2757 4526 mihi
2797 4468 2987 4525 divini
3040 4469 3290 4541 Spiritus
3316 4468 3556 4542 dispen-

1900 4559 2213 4628 sationem,
2244 4576 2359 4632 quo
2391 4559 2573 4615 modo
2610 4560 2867 4615 Joannes
2897 4558 3002 4630 qui
3054 4558 3115 4613 in
3166 4557 3319 4613 vivis
3357 4559 3556 4615 adhuc

1900 4653 2027 4706 erat
2050 4649 2198 4705 dum
2220 4648 2349 4705 haec
2376 4648 2525 4703 facta
2554 4652 2710 4713 sunt,
2749 4653 2806 4702 et
2832 4647 3019 4700 multo
3046 4645 3239 4701 adhuc
3284 4649 3555 4717 tempore

1899 4744 2032 4812 post
2082 4738 2587 4810 expugnationem
2635 4735 2799 4800 vixit,
2850 4734 2994 4788 nihil
3032 4735 3249 4789 horum
3297 4735 3551 4805 scripsit,

1898 4844 1974 4884 ne
2012 4827 2186 4900 quasi
2226 4826 2368 4882 olim
2402 4823 2685 4896 praedicta
2738 4822 2994 4878 scribere
3052 4822 3369 4886 videretur,
3422 4838 3554 4893 quae

1894 4919 2016 4989 jam
2044 4917 2200 4973 facta
2230 4920 2415 4971 erant.
2451 4913 2556 4979 Qui
2601 4928 2737 4968 vero
2775 4911 3131 4985 priusquam
3180 4909 3309 4964 11th
3349 4908 3556 4965 ﬁerent

1899 5008 2115 5064 mortui
2162 5009 2314 5072 sunt,
2400 5001 2716 5061 manifeste
2792 4999 2996 5059 omnia
3058 4999 3433 5073 scripserunt,
3487 5003 3553 5057 ut

1414 5392 1631 5466 Variae
1666 5393 1997 5464 lectiones
2036 5403 2103 5463 et
2132 5400 2315 5461 notae

253 5595 336 5668 (k)
357 5589 561 5653 Etiam
588 5625 658 5637 —
685 5594 1055 5664 ferebantur.
1088 5596 1150 5651 Et
1175 5600 1382 5653 contra
1410 5594 1633 5669 ubique
1678 5594 1981 5669 dispersos
2020 5592 2388 5650 ferebantur.
