4170 6334
485 2255 492 2263 ’
597 2263 698 2336 qui
737 2279 801 2319 se
825 2262 1058 2335 ﬁngunt
1088 2277 1216 2316 esse
1241 2261 1585 2332 prophetas.

609 255 714 321 6-15
1957 255 2306 321 EUTHYMII
2355 253 2669 324 ZIGABEN
2675 266 2694 322 Ι
3871 269 3986 325 616

607 389 950 464 suspicione
1000 403 1201 448 carere
1229 389 1527 447 videretur
1569 389 1778 449 Christi
1807 389 1882 446 de
1909 389 2006 447 his
2056 385 2252 444 vatici-

2370 389 2563 440 τούτων
2589 393 2878 464 προφητεία
2912 397 3064 465 φανῇ.
3100 390 3389 466 Πληρώσας
3413 395 3584 444 τοίνυν
3619 392 3756 468 ἄχρι
3782 395 3984 446 τούτου

607 479 794 536 nium.
825 479 1141 551 Postquam
1174 495 1316 550 ergo
1347 479 1634 536 hactenus
1665 481 1741 536 ad
1771 479 2018 554 plenum
2046 475 2252 550 praedi-

2369 477 2436 558 r‘iz
2480 483 2599 553 περὶ
2643 487 2736 542 τῆς
2781 481 3020 544 ἁλώσεως
3048 489 3146 534 τῶν
3194 480 3583 558 Ἰεροσολύμων,
3630 485 3842 555 μέτεισι
3891 487 3986 535 καὶ

604 567 710 634 xit,
779 584 915 641 quae
957 569 1032 625 de
1090 569 1425 642 captivitate
1458 568 1999 642 Hierosolymorum
2061 567 2260 622 futura

605 664 790 726 erant,
816 659 1024 715 transit
1039 659 1218 715 etiam
1247 658 1325 714 ad
1346 657 1640 730 reliquam
1671 657 2091 730 quaestionem,
2114 659 2252 728 puta

2367 662 2608 732 ρουσίας,
2638 665 2726 712 καὶ
2756 661 2992 736 προλέγει
3018 664 3085 715 τὰ
3116 667 3308 736 σημεῖα
3335 663 3549 728 ταύτης,
3581 666 3840 738 χρήσιμοι
3867 671 3986 725 τοῖς

603 749 674 804 de
704 749 965 805 secundo
996 748 1250 804 adventu
1277 763 1408 816 suo,
1450 751 1503 802 et
1551 747 1728 818 hujus
1759 745 1932 818 signa
1970 743 2252 819 praedicit,

2371 754 2707 822 Χριστιανοῖς
2729 747 2965 822 ἐσόμενα.

604 854 737 909 quae
769 837 1113 894 Christianis
1144 836 1341 893 futura
1381 840 1520 890 sunt
1555 835 1735 890 utilia.

675 928 718 998 -ι-
746 925 1073 984 Decurtavit
1101 930 1297 981 autem
1352 925 1502 980 Deus
1542 923 1888 980 aﬂlictiones
1917 926 1974 979 et
2010 921 2257 979 omnino

602 1016 864 1072 bellum:
899 1014 945 1070 si
977 1016 1134 1070 enim
1163 1013 1389 1070 bellum
1421 1013 1678 1086 amplius
1708 1011 2000 1078 durasset,
2052 1025 2254 1068 omnes

603 1107 707 1179 qui
729 1106 887 1162 intus
916 1107 1086 1160 erant
1113 1103 1350 1176 penitus
1370 1101 1523 1158 fame
1540 1101 1870 1174 periissent.

674 1195 840 1250 Vers.
874 1192 962 1248 23.
996 1193 1233 1249 Tunc—
1255 1192 1438 1248 nolite
1461 1191 1711 1248 credere.
1732 1189 1918 1246 Dictio
1931 1193 2065 1254 τότε,
2090 1192 2252 1255 tunc,

603 1282 893 1340 interdum
933 1297 1053 1339 non
1088 1280 1386 1352 signiﬁcat
1422 1279 1912 1353 consequentiam
1950 1279 2256 1352 praedicto-

601 1372 880 1439 rum,sed
899 1371 1130 1428 initium
1149 1375 1383 1427 tantum
1410 1385 1618 1426 eorum
1634 1386 1762 1442 quae
1793 1368 2052 1426 dicenda
2083 1372 2245 1424 sunt:

604 1463 756 1519 sicut
799 1462 999 1528 etiam,
1031 1462 1091 1517 in
1116 1460 1313 1517 diebus
1369 1460 1512 1525 illis,
1560 1457 1635 1515 de
1691 1475 1813 1532 quo
1866 1458 2253 1515 disseruimus

2370 565 2452 619 ἐπὶ
2478 571 2534 620 τό
2563 569 2736 622 λοιπόν
2764 572 3024 645 ἐρώτημα,
3054 574 3112 624 τό
3142 575 3259 646 περὶ
3284 579 3380 634 τῆς
3410 567 3655 645 δευτέρας
3686 571 3853 625 αὐτοῦ
3881 593 3985 625 πα-

2438 928 2524 998 {-1-
2571 926 2886 981 Ἐκολόϐωσε
2917 928 3030 1002 (26)
3063 925 3122 982 δι
3176 929 3202 982 ὁ
3233 931 3359 990 Θεὸς
3394 930 3487 992 τὰς
3518 927 3708 1001 θλίψεις
3748 933 3845 984 καὶ
3891 933 3978 984 τόν

2365 1015 2605 1089 πόλεμον.
2630 1022 2688 1070 Ei
2709 1020 2810 1090 γὰρ
2844 1019 3127 1092 ἐκράτησεν
3169 1019 3254 1071 ἐπὶ
3281 1019 3428 1072 πλέον
3454 1020 3479 1072 ὁ
3513 1019 3751 1093 πόλεμος,
3783 1022 3977 1084 πάντες

2365 1107 2427 1158 ἄν
2447 1107 2495 1158 οἱ
2520 1103 2664 1159 ἔνδον
2695 1108 2794 1160 ὑπὸ
2823 1115 2914 1160 τοῦ
2942 1107 3096 1181 λιμοῦ
3119 1105 3494 1184 διεφθάρησαν.

2435 1198 2562 1248 Τότε
2617 1227 2685 1236 -
2737 1201 2807 1268 μὴ
2864 1200 3201 1255 πιστεύσητε.
3261 1201 3330 1250 Τό
3376 1202 3492 1252 τότε
3545 1200 3685 1251 ἔστιν
3733 1199 3819 1252 ὅτε
3880 1199 3978 1252 ούκ

2365 1281 2670 1337 ἀκολουθίαν
2736 1281 2890 1344 δηλοῖ
2977 1294 3076 1340 τῶν
3144 1291 3542 1362 προειρημένων,
3610 1285 3718 1341 ἁλλ’
3789 1287 3977 1364 ἀρχὴν

2365 1377 2515 1446 μόνον
2572 1381 2672 1425 τῶν
2735 1375 2961 1449 ῥηθῆναι
3021 1375 3325 1448 μελλόντῶν,
3387 1379 3561 1451 ὧσπερ
3618 1380 3710 1430 καὶ
3775 1380 3861 1448 τό,
3926 1377 3975 1430 έν

2363 1470 2472 1524 ταῖς
2537 1464 2752 1539 ἡμέραις
2807 1462 3044 1531 ἐκείναις,
3110 1468 3229 1537 περὶ
3287 1464 3348 1517 οὗ
3415 1461 3717 1539 διελάϐομεν
3783 1464 3832 1518 ἐν
3901 1476 3975 1539 τῷ

600 1553 769 1609 tertio
796 1551 1008 1624 capite.
1042 1552 1107 1606 Et
1137 1551 1218 1606 ita
1271 1549 1466 1606 hocin
1516 1549 1649 1605 loco
1688 1547 1868 1605 dictio
1901 1553 2064 1612 tunc,
2099 1547 2252 1604 ordi-

2365 1557 2522 1628 τρίτῳ
2561 1551 2840 1626 κεφαλαίῳ.
2891 1557 2988 1608 Καὶ
3033 1560 3122 1606 νῦν
3165 1549 3252 1606 οὖν
3296 1557 3354 1607 τό
3398 1558 3514 1608 τότε
3559 1554 3619 1607 ού
3661 1554 3812 1618 τάξιν
3842 1576 3973 1610 και-

600 1657 738 1698 nem
766 1641 1044 1714 temporis
1069 1655 1190 1695 non
1213 1637 1527 1710 signiﬁcat,
1553 1637 1653 1693 sed
1677 1637 1925 1710 quando
1947 1636 2092 1692 ﬁent
2119 1652 2252 1710 quae

2365 1649 2456 1715 ροῦ
2511 1645 2774 1713 σημαίνει,
2829 1641 2935 1694 ἁλλ’
2990 1644 3069 1694 ὅτι
3117 1643 3200 1695 ὅτε
3254 1647 3566 1715 γενήσονται
3611 1645 3679 1697 τὰ
3732 1644 3974 1720 ῥηθησό-

599 1731 855 1788 dicenda
893 1736 1050 1786 sunt.
1094 1729 1370 1785 Similiter
1424 1733 1481 1784 et
1516 1727 1646 1784 haec
1671 1727 1746 1783 ad
1785 1727 2082 1799 apostolos
2135 1726 2252 1782 dici

2365 1751 2507 1804 μενα.
2561 1736 2710 1784 Δοκεῖ
2753 1734 2842 1804 μὲν
2895 1728 2982 1786 οὖν
3038 1734 3124 1785 κὰὶ
3183 1740 3347 1786 ταῦτα
3395 1737 3526 1809 πρὸς
3570 1737 3688 1796 τούς
3728 1733 3974 1790 ἁποσσό-

597 1819 875 1875 videntur
915 1837 929 1888 ;
962 1817 1035 1875 ad
1061 1834 1162 1874 eos
1193 1821 1397 1873 tamen
1430 1815 1697 1887 dirigitur
1731 1815 2115 1882 Christianos,
2147 1813 2252 1887 qui

2365 1820 2477 1881 λους
2521 1820 2794 1893 λέγεσθαιο
2831 1825 3069 1896 φέρονται
3121 1817 3181 1875 δι
3205 1825 3330 1897 πρὸς
3377 1826 3493 1884 τοὺς
3538 1821 3817 1898 ἐσομένους
3852 1831 3976 1879 τότε

601 1911 742 1964 tunc
761 1907 944 1963 futuri
980 1911 1167 1962 erant.

2365 1913 2730 1986 Χριστιανούς.

2434 1999 2838 2072 Ἐγερθήσονται
2901 2031 2971 2041 -
3029 1997 3484 2076 ψευδοπροφῆται.
3532 1999 3972 2079 Ἐγερθήσονται,

2364 2087 2477 2141 ἁντὶ
2521 2096 2632 2157 τοῦ,
2684 2088 2995 2142 ἐλεύσονται.
3035 2093 3137 2142 Καὶ
3173 2085 3568 2164 ψευδόχριστοι
3605 2095 3696 2165 μέν
3743 2092 3876 2146 εἰσιν
3923 2098 3974 2149 οἱ

2363 2179 2755 2250 ὑποκρινόμενοι
2777 2181 2858 2231 τόν
2881 2181 3132 2253 Χριστὸν,
3150 2175 3587 2254 ψευδοπροφῆται
3607 2177 3668 2234 δι
3687 2183 3737 2235 οἱ
3753 2184 3972 2261 ὑποκρι-

2360 2272 2560 2342 νόμενοι
2589 2270 2710 2330 τοὺς
2747 2273 3038 2342 προφήτας.

2436 2361 2536 2410 Καὶ
2591 2388 2661 2398 -
2689 2360 2897 2432 τέρατα.
2961 2361 3062 2410 Καὶ
3104 2359 3205 2423 πρὸ
3243 2365 3340 2420 τῆς
3392 2357 3630 2422 ἁλώσεως
3673 2369 3774 2414 τῶν
3809 2361 3968 2437 Ἱερο-

2367 2445 2603 2518 σολύμων
2635 2444 2768 2499 εἶπεν
2807 2447 3020 2499 ἔσεσθαι
3062 2443 3494 2523 ψευδοχρίστους
3525 2453 3616 2502 καὶ
3660 2447 3966 2527 ψευδοπρο-

2365 2540 2546 2608 φήτας.
2628 2534 2814 2588 Πολλοὶ
2895 2537 3018 2611 γὰρ,
3106 2540 3286 2608 φησὶν,
3363 2535 3656 2591 ἐλεύσονται
3725 2539 3810 2593 ἐπὶ
3890 2551 3965 2613 τῷ

671 1998 838 2052 Vers.
869 1997 958 2050 24.
989 1995 1240 2065 Surgent
1260 2024 1329 2034 —-
1345 1991 1876 2064 pseudopropheta’
1894 2023 1963 2034 —-
1985 1993 2251 2064 Surgent,

599 2083 716 2142 hoc
755 2088 862 2148 est,
905 2083 1165 2138 venient.
1210 2083 1357 2137 Sunt
1391 2086 1590 2137 autem
1634 2080 2093 2153 pseudochristi,
2153 2080 2254 2154 qui

600 2190 663 2230 se
701 2171 995 2228 Christum
1031 2187 1163 2226 esse
1201 2171 1478 2242 ﬁngunt:
1522 2170 2059 2244 pseudoprophetas
2087 2186 2246 2236 vero,

671 2351 834 2408 Vers.
862 2354 952 2407 24.
982 2351 1063 2407 Et
1092 2382 1161 2391 —
1187 2350 1487 2420 prodigia.
1529 2348 1712 2405 Etiam
1761 2351 1898 2406 ante
1946 2365 2253 2424 expugna-

598 2443 821 2499 tionem
852 2441 1400 2514 Hierosolymorum
1427 2440 1574 2495 dixit
1594 2439 1821 2496 futuros
1846 2456 1973 2496 esse
1997 2441 2256 2513 pseudo‘

597 2531 944 2605 prophetas.
983 2531 1162 2586 Mulli
1193 2530 1363 2595 enim,
1398 2529 1613 2601 inquit,
1647 2532 1874 2586 venient
1904 2531 1968 2585 in
2019 2531 2254 2588 nomine

597 2637 724 2679 meo
770 2623 1048 2678 dicentes.
1095 2621 1220 2691 Ego
1276 2636 1405 2675 sum
1459 2620 1732 2676 Christus
1772 2621 1840 2674 ⁵ο.
1902 2621 1967 2675 Et
2001 2635 2248 2676 rursus:

2365 2623 2579 2696 ὀνόματί
2664 2643 2784 2696 μου,
2878 2623 3123 2696 λέγοντες,
3209 2625 3344 2698 Ἐγώ
3418 2626 3526 2700 εἰμι
3611 2629 3637 2680 ὀ
3708 2633 3964 2704 Χριστός.

597 2712 678 2767 Et
719 2711 893 2766 mulli
927 2709 1444 2780 pseudoprophetae
1485 2714 1751 2780 surgent.
1801 2709 1916 2764 Sed
1959 2709 2062 2780 qui
2115 2715 2252 2766 ante

2365 2719 2462 2769 Καὶ
2534 2713 2726 2766 πάλιν·
2813 2718 2914 2767 Καὶ
2996 2713 3172 2767 πολλοὶ
3235 2711 3660 2790 ψευδοπροφῆται
3744 2716 3966 2793 ἔγφθή-

594 2799 932 2854 secundum
962 2814 1134 2852 suum
1163 2798 1487 2853 adventum
1518 2797 1771 2862 venient,
1803 2796 1863 2852 hi
1909 2796 2087 2867 longe
2124 2813 2252 2868 gra-

2365 2821 2562 2859 σονται.
2631 2801 2764 2856 Ἀλλ’
2819 2804 2868 2855 οἰ
2927 2806 3027 2877 πρὸ
3091 2811 3186 2866 τῆς
3239 2800 3475 2879 δευτέρας
3530 2804 3686 2856 αὑτοῦ
3752 2825 3958 2881 παρου-

595 2887 794 2943 viores
827 2890 1001 2942 erunt
1046 2885 1183 2951 illis,
1215 2885 1319 2957 qui
1368 2885 1605 2941 fuerunt
1657 2893 1791 2942 ante
1848 2886 2251 2958 captivitatem

2365 2897 2499 2958 σίας,
2534 2892 2678 2944 οὗτοι
2729 2891 2900 2964 πολλῷ
2954 2890 3237 2966 βαρύτεροι
3295 2902 3396 2946 τῶν
3445 2895 3539 2966 πρὸ
3583 2901 3676 2954 τῆς
3709 2893 3950 2958 ἁλώσεως

597 2974 1174 3047 Hierosolymorum.
1204 2977 1352 3030 Nam
1374 2973 1436 3030 hi
1465 2975 1638 3045 signa
1662 2991 1906 3047 quoque
1935 2991 2158 3045 magna
2183 2992 2252 3032 ac

2365 2989 2462 3033 τῶν
2490 2979 2877 3054 Ἱεροσολύμων.
2929 2980 3090 3034 Οὗτοι
3139 2983 3241 3057 ’γὰρ
3298 2986 3389 3035 καὶ
3432 2987 3718 3042 ποιήσουσι
3762 2990 3952 3047 σημεῖα

597 3065 872 3138 prodigia
896 3063 1614 3136 facientzpseudochristi
1665 3064 1911 3136 quidem
1963 3064 2252 3122 miracula

2365 3069 2560 3143 μεγάλα
2605 3074 2695 3122 καὶ
2731 3073 2958 3145 τέρατα⁶
3015 3072 3064 3122 οἰ
3101 3073 3190 3143 μὲν
3237 3067 3649 3147 ψευδόχριστοι,
3704 3073 3961 3146 θαυματο-

597 3155 864 3212 edentes:
885 3153 1427 3228 pseudoprophetae
1443 3169 1584 3210 vero
1597 3153 1878 3227 quaedam
1892 3153 2093 3211 futura
2105 3170 2249 3228 prae-

2365 3167 2644 3230 ποιοῦντες,
2707 3161 2756 3212 οἱ
2821 3155 2880 3213 δὲ
2943 3155 3396 3235 ψευδοπροφῆται,
3461 3161 3794 3235 προλέγοντές
3843 3182 3964 3215 τινα

597 3245 882 3302 dicentes.

2365 3246 2624 3321 μέλλοντα.

665 3333 831 3389 Vers.
863 3335 954 3390 24.
984 3332 1075 3388 Ila
1123 3337 1190 3388 ut
1237 3361 1308 3373 —
1363 3331 1558 3388 electi.
1611 3330 1670 3388 Si
1727 3330 1855 3388 ﬁeri
1901 3335 2114 3406 potest,
2165 3333 2250 3389 eis

2392 3329 2588 3390 ’Ἱὶστε
2637 3369 2706 3381 -
2759 3334 3042 3401 ἐκλεκτούς.
3103 3337 3166 3393 Εἰ
3217 3334 3438 3392 δυνατὸν
3495 3337 3675 3402 αὐτοῖς
3724 3344 3958 3414 γένηται.

594 3421 810 3478 dicitur
837 3420 924 3492 (l).
977 3420 1132 3476 Inter
1161 3417 1646 3492 pseudochristos
1707 3424 1908 3477 autem
1968 3436 2123 3476 unus
2157 3425 2251 3476 est

2365 3429 2561 3481 Γούτων
2613 3434 2712 3479 τῶν
2739 3423 3144 3503 ψευδοχρίστων
3197 3428 3270 3490 εἷς
3325 3426 3437 3481 ἐστι
3471 3432 3560 3482 καὶ
3609 3431 3636 3482 ὁ
3687 3429 3958 3505 λεγόμενος

593 3510 1004 3574 Antichristus,
1073 3514 1403 3582 postremus
1455 3525 1662 3565 eorum
1711 3515 2011 3576 venturus,
2071 3510 2246 3582 cujus

2365 3516 2743 3592 Ἀντίχριστος,
2808 3516 3097 3577 τελευταῖος
3159 3525 3258 3568 τῶν
3305 3515 3470 3570 οἴλλων
3526 3516 3824 3592 ἐρχόμενος,
3898 3520 3960 3573 οὔ

593 3599 901 3672 prophetas
931 3598 1034 3670 qui
1073 3597 1369 3664 dicuntur,
1402 3598 1464 3654 hi
1494 3602 1634 3654 sunt
1660 3597 2205 3672 pseudoprophetae
2230 3615 2244 3656 :

2365 3613 2623 3680 προφῆται
2684 3607 2732 3657 οἱ
2793 3604 3030 3680 ῥηθέντες
3093 3603 3238 3658 οὗτοι
3306 3603 3760 3681 ψευδοπροφῆται.
3827 3613 3957 3683 Περὶ

593 3687 669 3744 de
699 3703 821 3760 quo
841 3687 1017 3743 etiam
1054 3685 1269 3742 Paulus
1287 3687 1518 3760 scripsit
1547 3703 1561 3742 :
1596 3691 1916 3761 postquam
1950 3688 2107 3744 enim
2139 3704 2250 3746 vo-

2365 3697 2543 3747 τούτου
2584 3699 2670 3747 καὶ
2716 3693 2916 3756 Παῦλος
2945 3693 3175 3768 ἐγραψεο
3236 3694 3459 3759 καλέσας
3500 3699 3601 3770 γὰρ
3631 3697 3746 3770 (27)
3799 3697 3957 3751 αὐτόν

593 3777 744 3833 cavit
772 3791 912 3832 eum
956 3774 1262 3831 hominem
1311 3774 1559 3848 peccati,
1608 3776 1923 3849 ﬁliumque
1970 3777 2250 3849 perditio-

2365 3785 2626 3860 ἄνθρωπον
2684 3783 2962 3858 ἁμαρτίας,
3017 3789 3107 3836 καὶ
3171 3785 3282 3837 υἱόν
3345 3783 3620 3852 ἀπωλείας,
3671 3786 3958 3860 ἐπήγαγεν,

591 3867 706 3932 nis,
739 3865 970 3922 addidit
1001 3883 1014 3921 :
1050 3864 1226 3936 Cujus
1251 3874 1334 3922 est
1379 3867 1656 3923 adventus
1702 3865 2017 3924 secundum
2044 3881 2251 3937 opera-

2365 3873 2436 3926 Οὖ
2493 3871 2628 3925 ἐστιν
2690 3873 2720 3931 ἡ
2785 3877 3052 3948 παρουσία
3113 3875 3228 3926 κατ’
3288 3871 3536 3949 ἐνέργειαν
3597 3883 3687 3929 τοῦ
3733 3881 3956 3950 Σατανὰ,

594 3956 813 4016 tionem
834 3957 1073 4012 Satanae
1099 3956 1158 4009 in
1175 3955 1333 4010 omni
1358 3955 1570 4012 virtute
1594 3961 1648 4011 et
1677 3957 1848 4028 signis
1873 3971 1944 4012 ac
1960 3957 2250 4028 prodigiis

2365 3961 2407 4015 ἰν
2471 3964 2618 4034 πάσῃ
2687 3957 2908 4034 δυνάμει
2975 3966 3066 4015 καὶ
3132 3966 3370 4035 σημείοις
3439 3967 3526 4016 καὶ
3586 3969 3769 4039 τέρασι
3835 3966 3960 4039 ψεύ-

593 4045 818 4119 falsi“.
851 4045 922 4099 Hi
953 4059 1095 4114 ergo
1113 4043 1353 4114 signum
1384 4049 1523 4100 sunt
1544 4045 1791 4101 secundi
1823 4044 2138 4102 adventus.

2365 4049 2498 4114 δονς.
2553 4051 2713 4104 Οὗτοι
2772 4046 2860 4105 οὖν
2904 4053 3008 4104 εἰσι
3052 4055 3112 4105 τό
3154 4059 3366 4126 σημεῖον
3409 4061 3505 4117 τῆς
3553 4050 3797 4129 δευτέρας
3826 4076 3956 4130 παρ-

2359 4159 2564 4202 ουσιας.

664 4229 824 4282 Vers.
878 4227 967 4282 25.
1022 4226 1171 4282 Ecce
1215 4223 1480 4294 pradixi
1533 4223 1715 4280 vobis.
1761 4225 2029 4279 Testatur
2080 4221 2247 4298 quod

2433 4225 2592 4300 Ἰδοὺ,
2677 4233 2964 4305 προείρηκα
3027 4230 3168 4302 ύμῖν.
3237 4233 3654 4308 Διαμαρτύρεται
3736 4234 3959 4309 ἐξασφα-

592 4314 905 4372 manifeste
925 4312 1307 4387 praedicendo
1329 4311 1625 4368 munierit.
1639 4311 1814 4385 Apud
1827 4313 2086 4369 Marcum
2103 4330 2245 4372 vero

2365 4316 2639 4389 λιζόμενος.
2702 4320 2854 4394 Παρὰ
2907 4315 2967 4371 δὲ
3028 4326 3102 4390 τῷ
3167 4325 3364 4393 Μαρκῳ
3425 4340 3605 4393 φησιν,
3661 4320 3836 4396 Ὑμεῖς
3898 4323 3958 4377 δὲ

593 4405 675 4462 ait
707 4420 720 4459 :
757 4403 858 4461 Vos
885 4409 1080 4460 autem
1107 4401 1328 4459 videte:
1361 4416 1490 4458 ecce
1507 4400 1763 4472 praedixi
1777 4401 1930 4458 vobis
1953 4401 2148 4458 omnia
2173 4403 2241 4470 δ’,

2365 4405 2594 4481 βλέπετε,
2685 4403 2802 4460 ἰδοὺ
2898 4411 3184 4483 προείρηκα
3259 4410 3445 4477 πάντα,
3541 4407 3804 4479 δηλονότι,
3891 4415 3958 4466 τὰ

591 4509 730 4567 quas
782 4492 1055 4549 videlicet
1109 4491 1456 4566 contingent
1508 4490 1582 4547 de
1641 4491 2074 4548 seductoribus.
2136 4492 2246 4549 Per

2365 4499 2472 4572 περὶ
2516 4503 2613 4548 τῶν
2658 4495 2878 4551 πλάνων.
2939 4498 3034 4549 Διὰ
3091 4493 3150 4549 δε
3186 4504 3288 4568 τῷν
3336 4496 3657 4564 ἀποστόλων,
3708 4502 3776 4563 ὡς
3829 4520 3953 4573 προ-

592 4583 900 4657 apostolos
951 4597 1095 4640 vero
1150 4581 1276 4639 haec
1324 4581 1503 4638 etiam
1560 4580 1700 4637 dicit
1728 4581 1806 4637 ad
1852 4587 2148 4654 posteros,
2180 4585 2246 4639 ut

2365 4581 2678 4651 δεδήλωται,
2719 4587 2848 4658 πρὸς
2898 4587 3016 4646 τοὺς
3070 4585 3284 4660 ὕστερον
3336 4593 3503 4641 ταῦτα
3559 4587 3706 4661 λέγει.
3767 4595 3944 4662 Παρα-

590 4673 754 4748 prius
785 4672 1185 4744 signiﬁcatum
1215 4675 1320 4728 est.
1364 4670 1631 4728 Observa
1664 4670 1826 4726 enim
1873 4671 2040 4744 quod
2067 4672 2244 4728 etiam

2365 4678 2587 4748 τήρησον
2625 4675 2749 4748 γὰρ,
2809 4675 2888 4726 ὅτι
2918 4676 3046 4748 πρὸς
3097 4678 3211 4734 τοὺς
3243 4673 3559 4739 ἀποστόλους
3589 4676 3693 4729 εἷπε
3731 4681 3821 4728 καὶ
3875 4677 3943 4728 τὰ

592 4761 673 4822 ad
695 4762 997 4837 apostolos
1021 4760 1582 4835 praadixeriteaquaa
1609 4759 1684 4816 de
1695 4758 2243 4832 Hierosolymorum

2365 4767 2472 4838 περὶ
2536 4770 2628 4824 τῆς
2684 4761 2917 4824 ἁλώσεως
2967 4771 3068 4815 τῶν
3130 4762 3518 4838 Ἱεροσολύμων,
3569 4769 3656 4819 καὶ
3710 4767 3780 4819 τὰ
3828 4769 3951 4841 περὶ

663 4944 716 4988 ⁵ο
754 4942 948 5003 Matth.
981 4940 1137 5013 xxiv,
1164 4939 1220 4996 5.
1297 4940 1343 4976 ⁸¹
1377 4937 1424 4995 Π
1457 4936 1661 4995 Thess.
1693 4952 1754 5007 ιι,
1785 4941 1837 5006 3,
1875 4940 1926 4995 9.
2003 4939 2050 4975 ⁸³
2073 4940 2248 4997 Marc.
2274 4955 2396 5006 xm,
2423 4939 2512 4998 23.

1791 5117 2026 5188 Varia
2064 5117 2395 5188 lectiones
2435 5129 2501 5189 et
2538 5129 2749 5191 notae.

663 5315 778 5392 (29)
803 5319 937 5392 Hac
965 5315 1026 5373 in
1056 5319 1262 5392 neutro
1287 5329 1552 5392 meorum
1578 5317 1950 5388 comparent.
1989 5313 2245 5389 Sumpta

2427 5317 2539 5389 (27)
2582 5319 2704 5393 Γάρ,
2738 5317 2910 5377 abest
2933 5321 3002 5378 A.

595 5387 835 5447 suntex
861 5388 1288 5462 Theophylact.
1318 5403 1379 5461 p.
1411 5387 1517 5446 145
1544 5391 1616 5443 Α.

538 5623 550 5629 -
662 5566 1296 5696 (libﬂlentialniusléynm
1316 5567 1549 5624 videtur
1579 5565 1796 5637 legisse
1840 5565 1970 5623 loco
2007 5569 2242 5639 γένηται,
2273 5565 2440 5639 quod
2477 5569 2680 5624 tamen
2727 5566 2974 5626 minime
3019 5568 3425 5642 probandum.
3475 5571 3717 5630 Redde:
3766 5573 3830 5630 Si
3878 5577 3961 5634 eis

593 5655 742 5696 υοεει
775 5655 796 5695 ι
826 5655 855 5696 e
875 5656 971 5695 ει..

591 5655 855 5714 passione
875 5655 971 5695 su.

4109 245 4113 406 l
