4170 6334
660 269 780 349 ,³19
1994 259 2719 325 ΕυΤΗγΜιιγΖιοΑΒΕΝΙ
3933 268 4052 326 620

658 454 665 461 ,
741 395 900 451 Vers.
930 395 1022 452 29.
1056 392 1137 450 Et
1153 390 1690 449 commovebuntur.
1719 391 1785 446 Et
1814 388 2081 446 caelestes
2106 404 2275 445 exerc

2385 409 2401 441 ι
2508 394 2605 442 Καὶ
2657 420 2726 431 ——
2778 390 3214 452 σαλευθήσονται.
3283 399 3383 447 Καὶ
3457 397 3511 447 αἱ
3559 395 3800 468 οὐράνιαι
3870 413 4017 468 στρα

668 482 1108 539 tnshorrebunt
1126 479 1389 536 videntes
1433 479 1782 551 hujusmodi
1829 481 2108 534 creaturae
2138 484 2275 532 muta

2431 482 2540 529 τιαὶ
2593 478 2851 551 φρίξουσι,
2892 480 3180 553 βλέπουσαι
3222 488 3313 541 τὴν
3363 487 3605 541 τοιαύτην
3658 492 3755 545 τῆς
3810 488 4043 542 κτίσεως

665 569 892 627 tionem
918 586 933 625 :
960 569 1149 626 Deum
1178 568 1240 624 in
1268 572 1488 625 terram
1511 567 1994 633 descendentem,
2048 566 2275 621 homine

2430 566 2737 636 μεταϐολὴν,
2812 574 2900 620 καὶ
2974 574 3057 623 τὸν
3131 576 3220 644 μὲν
3293 576 3419 625 Θεὸν
3478 573 3544 633 εἰς
3598 580 3695 645 γῆν
3762 578 4041 644 κατερχό-

665 662 868 717 autem
900 659 1211 716 universos
1236 657 1340 731 qui
1379 656 1458 713 ab
1490 656 1653 713 initio
1706 656 1965 722 fuerunt,
1998 669 2033 711 a
2070 655 2275 710 mortui

2428 674 2595 725 μενον,
2667 661 2787 719 τοὺς
2854 654 2911 710 δὲ
2969 658 3057 711 ἀπ’
3128 661 3304 722 αἰῶνος
3372 661 3671 736 ἀνθρώπους
3724 660 3779 713 ἐκ
3835 670 4038 736 νεκρῶν

666 746 961 813 suscitari,
993 751 1059 803 ut
1109 747 1402 802 rationem
1432 744 1686 802 reddant
1715 749 2065 800 cunctorum
2089 758 2226 815 quae
2256 742 2317 797 in

662 836 785 893 vita
813 834 1041 909 operati
1073 839 1231 891 sunt.

733 925 900 983 Vers.
934 924 1022 983 30.
1054 926 1132 982 Et
1162 955 1230 965 —
1255 924 1422 982 calo.
1447 921 1698 993 Signum
1729 922 1857 992 ejus
1889 920 2033 977 dicit
2052 936 2308 985 crucem,

659 1029 798 1088 quas
825 1018 970 1071 tunc
996 1014 1173 1091 longe
1202 1012 1420 1070 clarius
1448 1012 1572 1068 sole
1600 1010 1846 1081 fulgebit
1879 1027 1891 1065 :
1917 1026 2059 1065 nam
2087 1009 2181 1064 ille
2214 1008 2316 1064 ob-

658 1102 1012 1169 scurabitur,
1046 1102 1175 1161 haec
1204 1105 1406 1160 autem
1433 1100 1753 1174 apparebit.
1779 1099 1867 1156 0b
1897 1115 2083 1171 quam
2111 1103 2313 1154 autem

659 1206 913 1249 causam
941 1192 1298 1264 apparebit?
1325 1192 1393 1247 Ut
1416 1194 1705 1246 exterreat
1731 1189 2024 1261 praecipue
2063 1187 2312 1260 quidem

653 1280 922 1350 Iudaeos,
951 1280 1169 1337 deinde
1198 1280 1372 1337 etiam
1394 1278 1661 1350 gentiles,
1691 1276 1793 1350 qui
1822 1277 2047 1335 Christo
2092 1276 2312 1348 impro-

654 1367 949 1442 perebant
975 1383 1235 1433 crucem,
1265 1371 1320 1423 et
1372 1373 1434 1423 ut
1464 1366 1653 1423 sciant
1705 1364 1863 1437 quod
1891 1364 1987 1421 hic
2030 1365 2159 1437 ipse
2184 1372 2309 1422 tan-

656 1470 846 1530 Quam
880 1458 1035 1514 Deus
1064 1456 1391 1517 descendit.

728 1562 892 1620 Vera.
922 1567 1012 1621 30.
1038 1564 1117 1620 Et
1151 1569 1291 1620 tunc
1314 1592 1383 1603 —
1410 1568 1598 1619 terrai.
1653 1562 1815 1617 Tunc
1862 1559 2083 1630 lugebit
2125 1576 2271 1618 omn

2485 1587 2585 1636 Καὶ
2630 1588 2744 1637 τότε
2790 1616 2858 1628 -
2895 1594 3019 1656 γῆς,
3081 1591 3206 1639 Τότε
3257 1590 3506 1660 θρηνήσει
3546 1594 3646 1641 πᾶν
3692 1592 3860 1659 γένος,
3922 1587 4021 1650 δη-

653 1651 1211 1723 genus,inﬁdelium
1234 1651 1526 1709 videlicet.
1544 1650 1613 1707 Hi
1637 1649 1903 1722 quidem,
1922 1649 2087 1722 quod
2113 1651 2275 1707 Deun

2410 1668 2546 1730 λαδὴ
2620 1682 2719 1725 τῶν
2778 1673 3028 1727 ἀπίστων·
3104 1679 3153 1727 οἱ
3215 1680 3325 1748 μεν,
3385 1679 3464 1729 ὅτι
3524 1676 3860 1750 ἐσταύρωσαν
3924 1686 4018 1733 τὸν

651 1740 1091 1800 cruciﬁxerint:
1121 1741 1204 1797 illi
1228 1744 1449 1808 autem,
1480 1739 1648 1811 quod
1700 1739 2061 1797 Christianos
2102 1739 2275 1811 punie

2408 1762 2550 1812 Θεὸν·
2595 1764 2645 1814 οἱ
2702 1760 2779 1828 δε,
2832 1766 2911 1816 ὅτι
2958 1768 3079 1826 τοὺς
3143 1769 3485 1839 Χριστιανοὺς
3537 1765 3895 1841 ἐτιμώρησαν.
3966 1773 4019 1823 οἱ

2426 740 2815 816 ἀνισταμένους,
2888 752 2978 799 καὶ
3033 748 3307 820 μέλλοντας
3360 750 3542 823 λόγους
3600 752 3864 823 ὑποσχεῖν
3932 759 4038 801 τῶν

2428 831 2773 906 βεϐιωμένων.
3074 826 3085 834 ⁸

2499 946 2599 993 Καὶ
2663 972 2731 983 —
2783 942 3003 1016 οὐρανῷ.
3058 952 3271 1017 Σημεῖον
3330 946 3487 999 αὐτοῦ
3535 945 3671 1017 λέγει
3718 949 3807 999 τὸν
3873 966 4040 1000 σταυ-

2421 1032 2532 1101 ρὸν,
2586 1029 2855 1102 λάμποντα
2903 1036 3017 1085 τότε
3070 1041 3161 1086 τοῦ
3218 1034 3364 1093 ἡλίου
3422 1035 3589 1106 πολλῷ
3646 1032 4028 1109 φαιδρότερον.

2424 1117 2641 1181 Ἐκεῖνος
2720 1122 2809 1193 μὲν
2869 1124 2971 1195 γὰρ
3043 1126 3469 1182 σκοτισθήσεται’
3528 1125 3675 1187 οὗτος
3740 1121 3799 1177 δε
3864 1133 4037 1197 φανή-

2425 1225 2569 1260 σεται
2612 1213 2757 1269 Τίνος
2805 1206 2865 1262 δὲ
2911 1212 3068 1264 ἕνεκεν
3113 1215 3397 1285 ὀφθήσεται
3413 1231 3426 1279 ;
3467 1219 3576 1267 Ἱνα
3618 1214 3814 1287 ταράξῃ
3866 1235 4033 1289 προη-

2418 1300 2678 1368 γουμένως
2727 1300 2818 1370 μὲν
2860 1303 2976 1360 τοὺς
3030 1297 3333 1367 Ἰουδαίους,
3381 1301 3493 1354 εἶτα
3532 1308 3619 1355 καὶ
3665 1306 3779 1365 τοὺς
3836 1302 4032 1362 Ἐλλη-

2417 1404 2527 1454 νας,
2574 1387 2689 1439 ὅσοι
2735 1396 2805 1458 τῷ
2848 1390 3070 1465 Χριστῷ
3116 1393 3203 1442 τὸν
3236 1394 3458 1463 σταυρὸν
3490 1388 3778 1463 ὠνείδιζον,
3809 1396 3909 1445 καὶ
3942 1395 4028 1446 ἵνα

2414 1483 2625 1546 γνῶσιν,
2654 1478 2730 1529 ὅτι
2761 1477 2911 1538 αὐτὸς
2942 1474 3087 1540 οὗτος
3124 1481 3328 1533 κάτεισι
3360 1484 3485 1541 Θεὸς
3515 1482 3600 1534 ὢν.

649 1830 1083 1888 rint:rursum
1108 1830 1225 1896 isti,
1278 1830 1613 1903 quodnon
1675 1828 2042 1885 crediderint.
2100 1830 2301 1899 Neque

649 1919 812 1977 enim
837 1920 952 1977 alia
980 1924 1070 1977 est
1092 1920 1179 1976 eis
1208 1935 1363 1991 opus
1394 1917 1771 1975 accusatione
1802 1922 2010 1988 printer
2038 1933 2296 1974 crucem.

647 2008 813 2067 Tunc
842 2015 1041 2067 autem
1073 2008 1348 2081 planctus
1362 2008 1467 2065 erit
1495 2007 1579 2063 eis
1607 2006 1850 2062 inutilis.

717 2099 882 2155 Vers.
905 2100 995 2158 30.
1023 2098 1103 2156 Et
1124 2097 1390 2159 videbunt
1414 2128 1475 2140 -
1497 2097 1706 2153 multa.
1730 2094 2031 2151 Praecedet
2052 2095 2297 2166 quidem

2409 1845 2485 1913 δὲ,
2540 1854 2619 1902 ὅτι
2660 1852 2752 1903 οὐκ
2791 1855 3125 1908 ἐπίστευσαν.
3174 1853 3249 1905 Οὐ
3292 1860 3452 1929 χρεία
3479 1857 3579 1927 γὰρ
3608 1855 3780 1917 αὐτοῖς
3827 1857 4019 1930 ἐτέρας

2405 1945 2722 2013 κατηγορίας
2768 1945 2912 2016 παρά
2940 1946 3025 1995 τὸν
3077 1948 3318 2015 σταυρὸν.
3350 1944 3621 2006 Ἀνὸνητος
3671 1942 3729 1998 δέ
3759 1946 3947 2009 αὐτοῖς
3985 1951 4014 2003 ὀ

2403 2037 2690 2085 τηνικαῦτα
2723 2030 3003 2103 κλαυθμός.

2476 2139 2575 2187 Καὶ
2649 2135 2865 2207 ὄψονται
2928 2168 2996 2179 -
3068 2137 3278 2199 πολλῆς.
3342 2136 3624 2202 Προοδεύει
3681 2144 3771 2214 μὲν
3840 2144 4009 2197 αὐτοῦ

2401 2223 2427 2274 ὁ
2512 2229 2755 2298 σταυρὸς,
2830 2228 2896 2287 ὡς
2970 2223 3239 2300 δικαίωμα
3300 2231 3436 2280 κατὰ
3493 2238 3591 2282 τῶν
3666 2236 4006 2306 σταυρωσάν-

2832 2313 2897 2333 ν.
3127 2325 3148 2334 -
3291 2319 3300 2333 .
3430 2319 3443 2333 .
3713 2322 3725 2335 .
3832 2319 3844 2335 .

2823 2334 2906 2367 επι
2973 2316 3183 2388 νεφελων
3254 2313 3313 2369 δε
3374 2336 3627 2388 κατεισιν,
3701 2340 3770 2381 ως
3823 2321 4004 2391 aveha-

641 2202 784 2247 eum
806 2202 975 2254 crux,
1006 2192 1299 2258 tanquam
1323 2184 1668 2257 justiﬁcatio
1694 2186 1978 2242 adversus
2001 2183 2150 2250 illos,
2193 2185 2294 2256 qui

641 2292 782 2333 eum
830 2276 1277 2336 cruciﬁxerunt.
1344 2274 1673 2332 Descendet
1702 2280 1899 2330 autem
1950 2273 2006 2328 in
2035 2272 2294 2331 nubibus

639 2364 792 2423 sicut
827 2370 1173 2439 assumptus
1202 2368 1311 2423 est.

708 2471 875 2530 Vers.
909 2474 997 2530 31.
1028 2473 1109 2531 Et
1132 2471 1324 2531 mittet
1350 2502 1415 2513 —
1452 2487 1675 2529 eorum.
1706 2471 2058 2543 Priusquam
2110 2484 2293 2541 appa-

633 2565 763 2619 reat
783 2577 947 2628 crux,
980 2563 1168 2619 mittet
1194 2560 1326 2618 illos
1349 2580 1361 2621 :
1389 2576 1584 2632 neque
1620 2560 1778 2616 enim
1804 2576 1949 2614 usus
1966 2564 2053 2614 est
2081 2558 2291 2614 ordine

632 2649 1016 2717 narrationis,
1051 2650 1159 2705 sed
1181 2650 1524 2722 simpliciter
1544 2649 1682 2704 dicit
1711 2649 1863 2719 quod
1887 2648 2152 2703 futurum
2179 2653 2286 2704 est.

632 2736 744 2792 Per
770 2742 1030 2809 quatuor
1056 2742 1258 2795 autem
1309 2744 1515 2794 ventos
1540 2741 1802 2808 quatuor
1827 2736 1988 2791 orbis
2018 2737 2288 2792 extremi-

630 2825 773 2880 tates
831 2823 1211 2893 signiﬁcavit,
1260 2824 1567 2891 orientem,
1618 2824 2010 2889 occidentem,
2057 2830 2287 2894 septen-

628 2909 906 2979 trionem,
961 2916 1018 2968 et
1060 2912 1389 2969 meridiem.
1440 2914 1530 2968 Ab
1584 2928 1939 2984 unaquaque
1988 2913 2146 2967 enim
2190 2930 2275 2967 ex-

628 2999 914 3029 ι-...ηηςιηιη
936 3001 1208 3029 ...νη-...ευρ
1242 3001 1425 3029 ..ηε-..ε
1456 3006 1666 3029 "Ana..-
1693 3017 1706 3029 .
1733 3006 1783 3029 ηε
1816 3000 1873 3029 1.:
1911 3006 2166 3029 muin‘nnnn
2204 3002 2252 3029 A:

2400 2909 2481 2924 --η
2537 2909 2840 2937 --.η-μνη,
2897 2909 3174 2932 --.μη-ιν,
3238 2909 3503 2932 ..,...-....-,
3562 2909 3730 2932 -----,
3784 2909 3972 2941 πίνη...

2389 2956 2478 3004 καὶ
2529 2953 2873 3027 μεσημϐρίαν.
2931 2954 3017 3016 Ἐξ
3070 2954 3289 3006 ἑκάστου
3354 2959 3455 3029 γὰρ
3522 2959 3734 3027 πέρατος
3788 2957 3972 3027 ἄνεμος

626 3000 915 3061 tremitate
936 3001 1210 3073 proprius
1242 3001 1428 3074 spirat
1456 3006 1667 3056 ventus
1693 3017 1706 3053 :
1731 3006 1787 3056 et
1816 3000 1877 3056 hi
1909 3006 2166 3072 quatuor
2202 3002 2275 3057 di-

626 3092 840 3117 ηις-ηδε...
869 3090 1105 3117 νι-Αη-ειι
1128 3090 1281 3117 ...Ληιζ
1350 3090 1460 3117 ΠΛ..
1481 3095 1736 3117 Λ-ιηηη...
1768 3105 1906 3117 “In”.
1937 3093 2110 3117 λόει-ιν...
2158 3108 2249 3117 ...Α

2390 3000 2477 3004 Vn"
2529 3000 2619 3025 r"
2637 3000 2873 3027 "t'"r""'
2948 3000 3014 3016 -τ
3070 3000 3283 3006 ’““”⁷””
3362 3000 3452 3029 ("l-
3526 3000 3734 3027 "'t"'"‘
3790 3000 3970 3027 “"F"

2386 3038 2525 3103 ἴδιος
2577 3050 2707 3107 πνεῖ,
2763 3047 2853 3094 καὶ
2905 3043 3048 3095 οὗτοι
3094 3046 3142 3095 οἱ
3185 3047 3437 3116 τέσσαρές
3498 3044 3647 3111 εἰσιν,
3694 3047 3743 3096 οἱ
3786 3050 3979 3117 κυρίως

621 3092 840 3146 cuntur
869 3090 1108 3161 proprie
1128 3090 1304 3147 venti.
1346 3090 1460 3151 Per
1479 3095 1744 3147 extrema
1768 3105 1907 3145 vero
1934 3093 2114 3145 etiam
2158 3108 2275 3147 me-

621 3177 716 3207 ,Ιίο
752 3176 1103 3207 ρῖηηὲηιυιπῖι
1159 3178 1325 3207 Πηηᾶ
1372 3184 1565 3207 -..οη-ι..
1617 3178 1749 3207 Ai-”
1821 3179 1843 3207 Α
1906 3180 2144 3207 οηηωηνιέη
2174 3194 2253 3207 ιυ-

2392 3090 2523 3103 τ---τ
2582 3090 2707 3107 -ν--νν
2765 3090 2853 3094 --ν-
2910 3090 3047 3095 νν-ν-
3098 3090 3141 3095 ν’
3194 3090 3436 3116 """f'w
3498 3090 3647 3111 "'"y
3696 3090 3743 3096 -“
3789 3090 3978 3117 --νΓ-*ττ

2385 3131 2579 3202 ἄνεμοι.
2632 3134 2728 3184 Διὰ
2774 3128 2832 3184 δε
2887 3140 2987 3183 τῶν
3039 3135 3267 3207 περάτων
3314 3138 3404 3185 καὶ
3456 3136 3525 3185 τὰ
3576 3138 3716 3205 μέσα
3772 3153 3978 3206 συμπα-

619 3177 723 3234 dia
752 3176 1123 3247 signiﬁcavit.
1159 3178 1330 3244 Quod
1369 3184 1570 3241 autem
1615 3178 1770 3233 dicit.
1803 3179 1849 3232 A
1902 3180 2144 3234 summis
2170 3194 2273 3237 ειε-
2386 3176 2480 3247 ξ]

620 3264 813 3322 lorum
841 3283 1021 3339 usque
1053 3267 1131 3323 ad
1158 3267 1432 3325 terminos
1457 3283 1681 3333 eorum,
1732 3266 2158 3323 declarativum
2186 3273 2273 3325 est

618 3353 744 3427 ejus
772 3357 939 3428 quod
965 3355 1144 3413 dixit:
1175 3358 1223 3413 A
1246 3362 1498 3429 quatuor
1522 3355 1719 3420 ventis,
1741 3355 2084 3424 signiﬁcans
2108 3356 2268 3412 idem

2400 2330 2499 2364 των
2569 2314 2744 2366 αὐτόν·

2400 2402 2523 2473 φθη.

2470 2512 2571 2561 Καὶ
2622 2506 2892 2562 ἀποστελεῖ
2942 2541 3009 2550 -
3075 2510 3263 2566 αὐτῶν.
3321 2515 3430 2585 Πρὸ
3481 2520 3574 2566 τοῦ
3628 2525 3849 2587 φανῆναι
3905 2521 3996 2571 τὸν

2398 2601 2643 2669 σταυρὸν,
2722 2596 2992 2650 ἀποστελεῖ
3067 2602 3300 2661 τούτους.
3374 2601 3485 2653 Οὐκ
3546 2601 3822 2675 ἐχρήσατο
3889 2610 3994 2682 γὰρ

2393 2686 2535 2749 τάξει
2588 2686 2921 2758 ἀπαγγελίας,
2972 2686 3077 2739 ἀλλ’
3127 2688 3295 2749 ἁπλῶς
3341 2689 3476 2761 λέγει
3526 2694 3588 2742 τὰ
3638 2698 3990 2765 γενησόμενα,

2393 2778 2487 2827 Διὰ
2532 2772 2590 2827 δὲ
2653 2784 2752 2826 τῶν
2804 2779 3070 2850 τεσσάρων
3139 2775 3332 2848 ἀνέμων
3393 2782 3452 2830 τὰ
3499 2781 3731 2849 τέσσαρα
3780 2786 3990 2853 πέρατα

2391 2871 2482 2924 τῆς
2535 2864 2840 2937 οἰκουμένης
2897 2862 3174 2932 ἐδήλωσεν,
3238 2865 3503 2932 ἀνατολὴν,
3560 2862 3730 2932 δύσιν,
3783 2867 3981 2941 ἄρκτον

2380 3215 2693 3293 ρεδηλωσε.,
2732 3225 2801 3273 Τό
2857 3218 2917 3272 δὲ
2974 3221 3089 3274 Ἀπ’
3126 3223 3321 3296 ,ἄκρων
3376 3222 3602 3297 οὐρανῶν
3660 3224 3754 3283 ἕως
3804 3224 3980 3297 ἄκρων

2380 3308 2567 3375 αὐτῶν,
2633 3307 3053 3383 ἐφερμηνευτικόν
3124 3309 3237 3363 ἐστι
3306 3318 3395 3363 τοῦ
3456 3310 3542 3364 Ἐκ
3616 3320 3715 3363 τῶν
3786 3314 3981 3365 τεσσά-

616 3442 930 3515 importare
981 3445 1287 3512 terminos,
1349 3446 1552 3501 Ventos
1609 3450 1664 3500 et
1714 3444 2025 3500 Extrema.
2092 3445 2267 3517 Apud

617 3531 883 3591 Marcum
909 3549 1051 3590 vero
1077 3533 1161 3590 ait
1193 3550 1205 3589 :
1238 3534 1329 3590 Ab
1359 3540 1620 3591 extremo
1649 3540 1843 3597 terras,
1872 3535 2149 3605 usquejad
2172 3552 2262 3591 ex-

615 3623 861 3677 tremum
884 3621 1018 3677 caeli
1036 3622 1107 3691 ⁵⁸,
1132 3622 1353 3680 docens
1383 3622 1595 3679 eadem
1634 3638 1765 3678 esse
1806 3627 2069 3678 extrema
2100 3628 2262 3679 terrae

613 3712 672 3767 et
693 3709 844 3767 caeli.
878 3713 945 3768 Et
969 3716 1111 3769 nota
1130 3711 1296 3785 quod
1328 3712 1473 3769 tuba
1511 3717 1777 3769 mortuos
1803 3712 2079 3768 excitabit
2121 3729 2134 3780 ;
2164 3731 2261 3769 ex-

610 3797 823 3856 citatos
854 3808 1051 3858 autem
1107 3804 1562 3872 congregabunt
1607 3799 1837 3872 angeli;
1872 3806 2261 3872 congregatos

607 3901 753 3944 vero
779 3891 1012 3963 rapient
1033 3890 1242 3957 nubes,
1268 3890 1418 3946 sicut
1441 3891 1589 3946 dixit
1608 3889 1842 3957 Paulus,
1868 3888 1929 3946 in
1953 3907 2258 3949 occursum

608 3977 841 4034 Domini
887 3980 950 4035 in
1007 3995 1146 4036 aera
1203 3980 1272 4031 ⁸⁷.
1333 3979 1505 4044 Quod
1553 3984 1751 4034 autem
1799 3980 1973 4034 etiam
2050 3996 2255 4052 pecca-

605 4071 763 4122 tores
792 4066 1245 4137 congregabunt
1280 4066 1493 4134 angeli,
1529 4066 1732 4121 docuit
1780 4066 2041 4121 Christus
2086 4068 2255 4124 inter-

602 4142 867 4225 pretatus
894 4159 1167 4226 quartam
1196 4154 1547 4224 parabolam
1564 4154 1828 4209 vicesimi
1868 4157 2063 4224 quarti
2096 4158 2252 4229 capi-

601 4241 693 4297 tis.
719 4240 872 4297 Dixit
910 4242 1069 4298 enim
1102 4259 1114 4298 :
1148 4242 1339 4297 Mittet
1360 4242 1550 4297 Filius
1570 4241 1815 4299 hominis
1839 4245 2078 4313 angelos
2093 4261 2247 4313 suos,

598 4334 653 4386 et
679 4327 956 4399 coltz’gent
985 4330 1053 4388 de
1077 4345 1251 4401 regno
1277 4332 1401 4399 eius
1427 4332 1621 4387 omnia
1642 4332 2019 4401 o/fendicula,
2053 4340 2109 4390 et
2154 4352 2247 4392 eos

594 4416 706 4512 qui
725 4424 1051 4485 operantur
1073 4419 1443 4492 iniquitatem
1474 4421 1541 4475 ⁸⁸.
1576 4421 1774 4485 Quaere
1788 4421 2026 4493 ergoibi
2052 4423 2244 4483 decla-
2277 4431 2342 4512 1)£

592 4504 908 4566 rationem.

657 4750 821 4812 Vers.
852 4754 949 4814 32.
1011 4755 1063 4813 Α
1120 4786 1190 4799 -
1230 4756 1593 4826 parabolam.
1654 4757 2005 4815 Parabolam
2065 4764 2241 4819 vocat

583 4842 925 4914 exemplum
960 4844 1129 4917 quod
1154 4844 1419 4901 dicturus
1447 4851 1536 4902 est
1564 4845 1643 4901 ad
1674 4846 2232 4917 demonstrandum,

578 4928 746 5001 quod
774 4945 897 4987 non
936 4932 1011 4988 sit
1030 4948 1322 5003 magnum
1342 4933 1659 4989 discrimen
1682 4932 1832 4991 inter
1858 4934 1969 4990 hoc
1996 4935 2234 5007 signum

2354 4460 2473 4523 λους
2528 4462 2707 4529 αὐτοῦ,
2775 4467 2861 4516 καὶ
2922 4464 3252 4527 συλλέξουσιν
3334 4463 3436 4517 ἀπὸ
3499 4475 3595 4527 τῆς

2352 4550 2509 4603 αὐτοῦ
2590 4554 2761 4605 πάντα
2828 4556 2895 4605 τὰ
2970 4550 3257 4621 σκάνδαλα,

2349 4643 2444 4699 τὴν
2474 4639 2707 4714 ἀνομίαν.
2740 4646 2840 4695 Καὶ
2871 4643 3018 4702 ζήτει
3052 4640 3202 4695 κάκεῖ
3228 4648 3320 4702 τὴν
3349 4642 3619 4716 ἐξήγησιν.

2375 3416 2476 3470 ρων
2532 3402 2746 3469 ἀνέμων,
2818 3408 3069 3470 σημαῖνον
3145 3399 3224 3452 ὃτι
3296 3402 3363 3451 τὰ
3416 3402 3555 3472 ἄκρα
3614 3400 3974 3472 ἐμφαίνουσιν.

2373 3486 2546 3554 ’Δκρα
2610 3484 2671 3539 δὲ
2744 3489 2810 3539 τὰ
2871 3489 3094 3561 ῥηθέντα
3168 3492 3383 3562 πέρατα.
3442 3491 3593 3563 Παρὰ
3657 3491 3858 3565 Μάρκῳ
3914 3486 3977 3543 δέ

2375 3594 2532 3646 φησιν
2580 3576 2696 3629 Ἀπ’
2768 3574 2927 3650 ἀκρου
2983 3585 3083 3647 γῆς
3140 3578 3232 3638 ἕως
3285 3576 3445 3651 ἀκρου
3516 3578 3753 3651 οὐρανοῦ.
3816 3575 3976 3631 (indci-

2374 3681 2508 3714 σκων
2584 3665 2664 3716 ὅτι
2732 3668 2798 3717 τὰ
2854 3664 2986 3716 αὐτά
3043 3665 3171 3719 εἰσιν
3243 3664 3380 3740 ἄκρα
3433 3674 3526 3737 γῆς
3582 3671 3674 3719 καὶ
3722 3666 3970 3740 οὐρανοῦ.

2370 3756 2553 3805 Σκόπει
2601 3750 2659 3805 δὲ
2723 3755 2802 3805 ὅτι
2855 3756 2887 3812 ἠ
2942 3756 3030 3826 μεν
3086 3754 3313 3826 σάλπιγξ
3364 3755 3650 3814 ἀναστήσει
3708 3760 3828 3816 τοὺς
3886 3777 3972 3810 νε-

2366 3844 2554 3912 κρούςο
2625 3840 2947 3905 ἀναστάντας
3020 3840 3078 3895 δε
3150 3842 3550 3907 ἐπισυνάξουσιν
3612 3846 3661 3897 οἱ
3726 3846 3965 3917 ἄγγελοιο

2366 3927 2766 4001 ἐπισυναγέντας
2802 3932 2917 4004 (33)
2973 3930 3032 3984 δε
3070 3932 3397 4006 ἀρπάσουσιν
3443 3936 3499 3985 αἱ
3528 3933 3745 4005 νεφέλαι,
3795 3938 3966 3997 καθὼς

2366 4015 2472 4070 εἷπε
2523 4020 2719 4079 Παῦλος
2775 4021 2858 4081 Εἰς
2915 4020 3205 4079 ἀπάντησιν
3274 4030 3366 4073 τοῦ
3433 4029 3627 4097 Κυρίου
3686 4030 3759 4084 είς
3815 4022 3958 4098 ἀέρα.

2360 4105 2480 4159 ’Ὁτι
2528 4105 2586 4160 δὲ
2637 4114 2724 4161 καὶ
2782 4113 2897 4169 τοὺς
2943 4109 3275 4183 ἁμαρτωλοὺς
3340 4111 3551 4182 ἄγγελοι
3598 4112 3957 4183 συλλέγουσιν,

2361 4192 2598 4257 ἐδίδαξεν
2651 4199 2677 4248 ὁ
2716 4204 2963 4270 Χριστος,
3011 4199 3300 4271 ἑρμηνεύων
3342 4204 3435 4257 τὴν
3492 4202 3741 4273 τετάρτην
3789 4222 3958 4276 παρα-

2358 4282 2511 4341 ϐολὴν
2564 4292 2655 4336 τοῦ
2704 4286 2941 4339 εἰκοστοῦ
2988 4290 3235 4360 τετάρτου
3264 4287 3562 4359 κεφαλαίου.
3596 4292 3787 4364 Εἵρηκε
3829 4294 3952 4366 γὰρ,

2356 4374 2432 4424 ὅτι
2490 4372 2786 4427 Ἀποστελεῖ
2842 4377 2867 4427 ὁ
2930 4378 3049 4437 Υἱὸς
3113 4384 3203 4428 τοῦ
3278 4375 3548 4448 ἀνθρώπου
3621 4382 3745 4439 τοὺς
3806 4377 3955 4450 ἀγγε-

3672 4465 3943 4539 βασιλείας

3346 4559 3437 4606 καὶ
3485 4559 3609 4617 τοὺς
3671 4563 3942 4617 ποιοῦντας

2418 4755 2551 4813 Ἀπὸ
2601 4788 2671 4799 -—-
2719 4757 3038 4834 παραϐολήν.
3112 4759 3419 4835 Παραϐολὴν
3474 4778 3600 4833 φησι
3652 4759 3710 4811 τὸ
3764 4758 3934 4835 παρά-

2347 4841 2556 4919 δειγμα,
2589 4850 2615 4900 ὃ
2661 4848 2829 4921 μέλλει
2886 4848 3032 4923 ἐρεῖν,
3074 4852 3200 4923 πρὸς
3238 4846 3505 4913 ἀπόδειξιν
3544 4856 3636 4903 τοῦ
3683 4853 3753 4922 μὴ
3807 4852 3939 4903 πολὺ

2343 4942 2472 4988 εἶναι
2529 4938 2586 4989 τὸ
2654 4933 2928 5010 διάστημα
2981 4941 3038 4990 τὸ
3095 4936 3287 5011 μεταξὺ
3343 4945 3435 4991 τοῦ
3485 4957 3542 4992 τε
3610 4935 3933 5004 δηλωθέντος

577 5016 1035 5086 signiﬁcativum
1065 5022 1313 5078 secundi
1351 5022 1645 5078 adventus
1678 5026 1733 5079 et
1784 5024 1983 5096 ipsum
2013 5026 2233 5084 adven-

2385 5023 2562 5098 ᾓμείου
2607 5028 2725 5097 (34)
2768 5035 2856 5088 τῆς
2896 5023 3140 5102 δευτέρας
3183 5032 3477 5103 παρουσίας
3523 5031 3615 5081 καὶ
3672 5028 3836 5092 αὐτῆς
3869 5025 3938 5091 δὴ

576 5108 723 5161 tum.

2326 5117 2555 5179 ταύτης.

641 5200 695 5239 ⁸⁸
722 5203 892 5262 Marc.
920 5219 1039 5273 xui,
1066 5207 1159 5265 27.
1219 5207 1339 5264 ’⁸⁷1
1365 5208 1565 5265 Thess.
1596 5225 1674 5277 iv,
1699 5212 1781 5268 t7.
1857 5212 1905 5249 ⁵⁸
1936 5215 2133 5271 Matth.
2164 5233 2285 5287 xm,
2324 5218 2412 5276 41.

1812 5337 2036 5406 Variae
2066 5340 2393 5410 lectiones
2417 5351 2481 5410 et
2513 5352 2711 5411 notae.

571 5470 909 5555 Schrevelio
934 5474 1163 5555 hausit.
1189 5475 1491 5555 Vulgatus.
1532 5474 1875 5555 Ἀποψύχειν-
1900 5487 1985 5537 est
2004 5550 2014 5555 _
2033 5484 2225 5555 exspi-

565 5558 716 5624 rare,
748 5546 917 5624 mori.
968 5548 1071 5624 l_ta_
1104 5546 1367 5624 ’l'hucyd.
1413 5548 1515 5603 lib.
1564 5563 1605 5614 ι,
1639 5546 1782 5620 cap.
1818 5551 1959 5618 134;
1994 5546 2224 5624 ἀπέψῦξε

558 5612 709 5686 δίον.
748 5615 1025 5687 Sophocl.
1056 5617 1119 5674 in
1150 5612 1349 5688 Ajaee,
1378 5634 1437 5691 p.
1466 5624 1557 5675 59.

2406 5484 2518 5556 (33)
2544 5485 2732 5552 Forte,
2759 5487 3128 5557 συναχθέντας.
3158 5490 3307 5547 Nam
3331 5488 3469 5545 illud
3490 5490 3720 5549 videtur
3741 5506 3940 5550 exem-

2332 5554 2428 5627 plo
2466 5554 2685 5627 carere.

2402 5626 2515 5699 (34)
2548 5632 2671 5695 Καί,
2701 5628 3022 5702 interponit
3038 5634 3117 5691 Α.
