4170 6334
554 258 661 318 627

551 473 764 530 dicitur
786 474 1002 543 quarta
1030 485 1172 543 pars
1203 467 1414 535 noctis,
1466 467 1645 537 prout
1674 462 1853 520 etiam
1885 460 2028 516 alibi
2056 459 2203 515 dixi-

550 578 710 619 mus.
744 559 1089 616 Parabolice
1121 561 1321 614 autem
1348 570 1508 611 nunc
1537 553 1697 617 dicit,
1722 550 1888 623 quod
1919 549 1965 604 si
1997 549 2204 605 scisset

549 651 737 708 homo
775 642 897 722 quo
938 653 1207 720 tempore
1245 645 1382 701 ﬁnis
1421 643 1551 699 vitae
1591 657 1715 697 suae
1755 640 1988 696 futurus
2026 642 2200 702 esset,

551 739 757 811 utique
778 738 932 793 circa
956 736 1101 793 illud
1128 738 1364 807 tempus
1380 732 1704 802 vigilasset,
1736 733 1793 784 et
1816 742 2204 800 nequaquam

550 824 806 901 periiset.
842 827 955 883 Sed
980 829 1295 898 propterea
1338 827 1394 879 et
1424 834 1810 877 communem
1842 817 2115 873 omnium
2140 813 2204 870 ﬁ-

550 906 713 983 nem,
742 920 799 973 et
825 932 963 971 eum
989 914 1093 987 qui
1120 914 1330 984 cuique
1358 909 1637 984 proprius
1656 912 1764 971 est,
1795 907 1930 963 fecit
1959 907 2113 961 Deus
2142 906 2207 961 ut

551 1006 914 1079 ignorarent,
944 1020 1019 1061 ne
1049 1003 1127 1059 ad
1164 1002 1312 1058 illud
1368 1000 1564 1057 solum
1592 1002 1829 1070 tempus
1870 995 2202 1065 vigilarent,

555 1097 720 1152 omni
739 1095 969 1167 reliquo
998 1093 1156 1149 male
1178 1093 1443 1147 viventes
1476 1106 1489 1145 :
1520 1088 1625 1144 sed
1654 1092 1738 1153 ut,
1786 1102 1922 1142 cum
1952 1086 2206 1141 incertus

554 1185 629 1240 sit
662 1185 814 1249 ﬁnis,
848 1198 1084 1255 semper
1120 1181 1291 1240 illum
1325 1180 1682 1255 exspectent,
1719 1190 1957 1249 semper
1984 1174 2101 1231 sint
2128 1172 2208 1231 ad

554 1278 855 1333 certamen
879 1271 1097 1347 parati.

585 1438 794 1548 ’.νει-ε.
826 1472 914 1526 44.
957 1468 1093 1531 Ideo
1148 1496 1218 1508 —
1261 1470 1547 1523 venturus
1604 1467 1707 1520 est.
1762 1458 1914 1518 Ideo.
1968 1459 2210 1548 Quare?

559 1547 711 1629 Quia
735 1564 972 1639 tempus
991 1555 1300 1628 ignoratis.
1335 1553 1401 1611 In
1426 1552 1744 1609 universali
1772 1548 2064 1623 siquidem
2090 1547 2211 1604 ﬁne

558 1647 770 1704 mundi
792 1637 1180 1703 manifestum
1203 1649 1312 1712 est,
1354 1645 1513 1717 quod
1545 1641 1836 1698 Dominus
1875 1638 2091 1695 veniet.
2131 1637 2211 1693 De

556 1730 802 1819 proprio
853 1740 1052 1791 autem
1110 1734 1229 1790 ﬁne
1279 1714 1486 1789 dicunt
1533 1730 1802 1803 quidam,
1842 1728 2007 1801 quod
2058 1742 2205 1784 uno.

2324 1720 2498 1776 ἰδικοῦ
2561 1727 2690 1785 τινες
2749 1727 2839 1796 μέν
2890 1738 3046 1796 φασιν
3120 1723 3218 1791 ὅτι,
3296 1722 3517 1777 ἕκαστον
3592 1730 3933 1798 Χριστιανοῦ

559 1836 797 1907 quoque
849 1823 1180 1880 Christiano
1218 1822 1507 1877 moriente
1543 1820 1711 1875 adest
1748 1818 2035 1873 Dominus
2073 1831 2211 1872 cum

562 1904 780 1969 sanctis
835 1912 1064 1985 angelis
1110 1910 1399 1984 :quando
1440 1908 1638 1965 "etiam
1674 1906 1965 1963 rationem
2021 1904 2216 1961 reddit

561 1990 783 2066 anima.
808 1992 1075 2068 Quidam
1130 2015 1268 2055 vero
1317 1998 1632 2054 adventum
1669 1995 1976 2068 proprium
2032 1992 2209 2062 illius,

561 2078 768 2150 dicunt
812 2092 1132 2163 imperium
1194 2089 1324 2162 ejus
1377 2103 1499 2160 quo
1541 2086 1710 2157 jubet
1764 2089 1831 2140 ut
1869 2083 2074 2141 anima
2128 2098 2216 2140 se-

558 2187 819 2255 paretur.
876 2180 1026 2247 Quia
1090 2183 1292 2235 autem
1347 2178 1409 2233 in
1477 2173 1673 2232 ifuturi
1734 2174 1943 2246 judicii
1989 2188 2216 2228 memo-

560 2273 709 2329 riam
757 2270 983 2339 incidit,
1017 2267 1096 2327 ad
1132 2272 1528 2341 praeceptores
1566 2264 1846 2322 convertit
1875 2277 2215 2320 sermonem

562 2365 625 2443 et
648 2360 788 2417 dicit
815 2375 832 2417 :

630 2469 792 2524 Vers.
851 2468 940 2523 45.
977 2464 1261 2534 Quisnam
1290 2494 1360 2505 —
1388 2466 1687 2533 tempore.
1728 2458 2107 2517 Famulitium
2136 2456 2217 2513 di-

562 2556 639 2614 cit
665 2557 827 2630 ipsos
853 2554 1114 2621 famulos
1141 2569 1211 2610 ac
1237 2552 1335 2609 Dei
1368 2564 1609 2621 servos;
1638 2548 1840 2607 cibum
1873 2552 2093 2613 autem,
2120 2560 2214 2604 ra-

564 2643 847 2702 tionalem
890 2643 1250 2707 doctrinam.

636 2745 813 2810 Vers.
858 2752 947 2809 46.
1004 2751 1209 2806 Beatus
1258 2777 1328 2793 --
1380 2745 1465 2804 sic
1519 2745 1838 2819 facientem.
1898 2743 2012 2812 Sic,
2064 2742 2216 2803 sicut

559 2840 769 2917 jussit.

633 2951 797 3005 Vers.
833 2945 1141 3004 “crimen
1166 2975 1233 2987 ——
1260 2958 1413 3002 eum.
1462 2942 1528 3000 In
1581 2956 1873 3012 magnum
1924 2941 2217 3000 honorem

563 3038 878 3098 constituet
903 3052 1066 3106 eum,
1091 3038 1158 3092 ut
1180 3033 1359 3093 bonis
1385 3033 1509 3089 suis
1549 3031 1801 3104 dignum
1823 3032 1999 3089 ducat
2024 3024 2214 3096 illum.

2328 3040 2514 3096 στήσει
2568 3036 2747 3108 τιμὴν,
2841 3042 2940 3088 τῶν

561 3132 647 3186 Tu
681 3144 820 3184 vero
857 3125 1201 3198 hujusmodi
1248 3140 1323 3181 ne
1363 3123 1608 3198 ulterius
1647 3123 1876 3179 curiose
1916 3124 2212 3180 scruteris.

563 3217 919 3281 Paraboiioa
942 3231 1203 3286 namque
1230 3214 1313 3272 ita
1334 3212 1639 3279 tractanda
1650 3216 1807 3280 sunt,
1834 3213 2012 3286 quasi
2036 3213 2216 3285 signi-

562 3306 801 3365 ﬁcantia
834 3305 1027 3364 solum
1057 3320 1130 3361 ea
1146 3320 1280 3376 quae
1316 3300 1665 3375 necessaria
1693 3305 1853 3361 sunt.

636 3395 780 3451 Vide
814 3399 1016 3453 autem
1043 3393 1210 3466 quod
1237 3393 1356 3448 duo
1378 3391 1507 3448 haec
1535 3389 1751 3447 habere
1777 3394 2044 3463 oporteat
2079 3407 2219 3450 eum

567 3484 673 3558 qui
696 3484 1042 3556 praepositus
1068 3486 1156 3540 est
1187 3485 1371 3553 :tputa
1397 3480 1603 3547 ﬁdem,
1626 3495 1701 3536 ne
1730 3480 1980 3536 retineat
2000 3496 2068 3537 ea
2086 3498 2217 3554 quas

568 3578 708 3630 sunt
731 3587 1173 3638 conservorum,
1204 3576 1308 3626 aut
1324 3568 1605 3625 inutiliter
1629 3573 1984 3627 consumat:
2013 3577 2069 3626 et
2088 3587 2218 3643 pru-

567 3660 852 3727 dentiam,
882 3665 948 3717 ut
969 3660 1241 3717 decenter
1290 3674 1367 3716 ea
1391 3657 1635 3728 dividat,
1681 3673 1811 3731 quas
1864 3658 1976 3715 sibi
2009 3659 2218 3718 tradita

570 3753 727 3816 sunt,
754 3754 837 3808 et
885 3766 1023 3807 cum
1068 3748 1297 3822 judicio
1354 3749 1476 3804 tam
1522 3747 1583 3803 in
1613 3747 1912 3820 qualitate,
1946 3763 2131 3821 quam
2153 3749 2215 3805 in

568 3839 919 3912 quantitate.
975 3837 1259 3903 Convenit
1315 3842 1514 3893 autem
1568 3835 1668 3893 hic
1714 3851 1909 3894 sermo
1957 3853 2081 3894 non
2124 3838 2216 3894 his

568 3932 785 3987 tantum
814 3928 918 4001 qui
944 3928 1153 3987 divites
1182 3931 1321 3983 sunt
1339 3928 1400 3985 in
1430 3940 1727 3991 sermone,
1755 3926 1860 3982 sed
1891 3932 1947 3983 et
1994 3925 2083 3981 bis
2112 3927 2216 3998 qui

568 4018 839 4091 pecuniis
888 4032 959 4073 ac
1000 4015 1501 4088 possessionibus
1540 4014 1754 4070 divites
1800 4018 1955 4070 sunt.
1999 4016 2217 4071 Omnes

569 4106 728 4161 enim
790 4103 1095 4160 constituit
1142 4106 1297 4160 Deus
1330 4102 1787 4174 dispensatores
1832 4118 2036 4160 eorum
2081 4119 2216 4176 qua

568 4192 893 4264 possident,
922 4190 1130 4248 volens
1178 4193 1240 4246 ut
1264 4205 1473 4246 omnes
1514 4189 1763 4246 ﬁdeliter
1800 4206 1871 4247 ac
1900 4192 2217 4263 prudenter

570 4282 782 4336 cuncta
809 4278 1097 4335 dividant.
1130 4278 1415 4335 Praeterea
1450 4279 1564 4335 illis
1597 4294 1835 4353 quoque
1858 4285 2096 4353 aptatur
2124 4282 2217 4340 hic

1871 239 2223 302 EUTHYMII
2260 237 2596 299 ZIGABENI

621 385 786 441 Vers.
825 385 914 439 43.
958 380 1122 438 Illud
1165 407 1234 423 -
1283 390 1475 434 suam.
1529 371 1737 444 Vigilia
1775 370 1895 428 sive
1933 369 2203 427 custodia

2383 366 2572 421 Ἐκεῖνο
2624 397 2696 410 -
2750 367 2931 425 αὐτοῦ.

3029 365 3232 426 Φυλακῆ
3314 364 3546 420 καλεῖται
3604 365 3665 418 τό
3722 382 3951 439 τεταρ-

2311 461 2558 530 τημόριον
2610 465 2705 521 τῆς
2751 460 2954 528 νυκτός,
3022 458 3088 519 ὡς
3139 460 3228 510 καὶ
3279 455 3330 509 ἐν
3388 454 3562 517 ἄλλοις
3607 454 3946 529 εἰρήκαμεν.
4078 484 4081 521 χ

2312 545 2677 621 Παραϐολικῶς
2751 544 2811 602 δέ
2889 568 3020 614 φησι
3066 554 3175 617 νῦν,
3241 547 3338 617 ὅτι,
3417 547 3500 599 ἐὰν
3561 543 3852 617 ἐγίνωσκεν
3916 546 3950 597 ὁ
4078 542 4095 591 Γ

2312 636 2582 709 ἄνθρωπος
2644 635 2693 690 ἄν
2749 642 2879 710 ποίῳ
2935 644 3100 711 καιρῷ
3178 644 3274 700 τῆς
3335 634 3470 697 ζωῆς
3526 633 3684 687 αὐτοῦ
3735 636 3799 687 τὸ
3848 636 3946 689 τέ-

2310 724 2393 786 λος
2436 727 2667 799 ἔρχεται,
2738 724 3090 802 ἆγρηγόρησεν
3144 724 3204 777 ἄν
3249 724 3365 778 κατ’
3408 723 3593 778 ἐκεῖνον
3641 725 3731 779 τὸν
3796 743 3944 777 και-

2311 816 2420 890 ρὸν,
2449 819 2538 866 καὶ
2575 814 2669 868 οὐκ
2722 816 2783 867 οἶν
2835 814 3083 869 ἀπώλετο.
3141 812 3297 869 Ἀλλὰ
3345 809 3440 867 διὰ
3507 820 3659 866 τοῦτο
3710 817 3810 866 καὶ
3865 816 3939 867 τό

2312 904 2480 955 κοινὸν
2526 904 2728 957 πάντων
2796 904 2957 971 τέλος,
3019 907 3109 956 καὶ
3160 906 3218 957 τὸ
3267 899 3402 957 ἴδιον
3449 901 3669 957 ἑκάστου
3718 906 3938 958 πεποί-

2314 1010 2433 1050 ηκεν
2477 990 2810 1066 ἀγνοούμενον
2839 995 2866 1045 ό
2923 996 3073 1060 Θεὸς,
3109 994 3193 1047 ἶνα
3243 996 3316 1065 μὴ
3347 992 3459 1045 κατ’
3510 989 3697 1047 ἑκεῖνον
3758 997 3939 1065 μόνον

2314 1083 2401 1133 τὸν
2477 1085 2657 1158 καιρὸν
2727 1087 2949 1155 νήφωσι,
3043 1085 3132 1137 τὸν
3213 1081 3363 1136 ἄλλον
3436 1079 3639 1134 ἅπαντα
3735 1090 3939 1148 κακῶς

2318 1168 2571 1242 βιοῦντεςο
2628 1169 2734 1223 ἀλλ’
2775 1171 2876 1243 ἶνα,
2926 1177 3017 1225 τοῦ
3056 1170 3231 1233 τελους
3285 1166 3485 1230 ἀδήλου
3522 1171 3936 1242 τυγχάνοντος,

2317 1257 2562 1313 ἑκάστοτε
2607 1265 2758 1313 τοῦτο
2795 1256 3209 1337 προσδοκῶντες,
3253 1258 3498 1316 ἄκοὶστοτε
3552 1257 3679 1314 ὦσιν
3724 1256 3937 1333 ἐναγώ-

2317 1367 2437 1405 νιοι.

2389 1456 2485 1510 Διὰ
2511 1462 2666 1508 τοῦτο
2717 1484 2789 1497 -
2840 1457 3073 1529 ἔρχεται.
3126 1455 3225 1509 Διὰ
3246 1462 3420 1523 τοῦτο,
3474 1461 3659 1524 ποῖονς
3719 1457 3826 1511 Διᾶ
3867 1459 3937 1512 τὸ

2319 1548 2391 1618 μὴ
2424 1541 2615 1599 εἰδέναι
2661 1546 2749 1598 τὸν
2793 1549 2994 1620 καιρόν.
3054 1546 3134 1600 Ἐν
3346 1541 3435 1599 οὖν
3482 1552 3555 1618 τῷ
3598 1551 3936 1620 παγκοσμίῳ

2318 1633 2446 1687 τέλει
2517 1638 2728 1707 φανερὸν
2778 1635 2859 1687 ὅτι
2909 1633 2937 1688 ό
2988 1634 3176 1710 Κύριος
3243 1636 3475 1709 ἓρχεται⁸
3539 1638 3657 1709 περὶ
3719 1632 3780 1689 δε
3831 1643 3936 1689 τοῦ

2320 1812 2670 1882 τελευτῶντος,
2719 1816 3061 1886 παραγίνεται
3111 1814 3242 1886 μετὰ
3290 1820 3391 1866 τῶν
3439 1813 3598 1885 ἁγίων
3663 1814 3927 1887 ἀγγέλων,

2323 1903 2406 1955 ὅτε
2432 1906 2522 1955 καὶ
2544 1901 2892 1974 λογοθετεῖται
2941 1903 2971 1960 ἠ
3006 1900 3173 1973 ψυχή
3205 1904 3338 1964 τινες
3386 1898 3445 1955 δὲ
3482 1902 3682 1956 ἕλευσιν
3744 1901 3931 1964 ίδεκὴν

2323 1991 2483 2044 αὐτοῦ
2534 1990 2747 2062 λέγουσι
2828 1994 2920 2050 τὴν
2988 1989 3221 2044 κίλευσιν
3305 1996 3398 2046 τοῦ
3481 2000 3765 2066 χωρισμοῦ
3825 2000 3932 2054 τῆς

2321 2080 2523 2152 ψυχῆς.
2566 2080 2708 2133 Ἐπεὶ
2742 2076 2802 2133 δί
2840 2079 3017 2132 λοιπὸν
3078 2079 3153 2142 εἰς
3185 2083 3278 2139 τήν
3324 2087 3417 2142 τῆς
3460 2081 3752 2154 μελλούσης
3794 2086 3926 2155 κρί-

2326 2187 2453 2231 σεως
2486 2166 2682 2222 ἐνέϐαλε
2739 2172 2969 2241 μνήμην,
3023 2171 3155 2243 πρὸς
3212 2173 3337 2233 τοὺς
3392 2166 3756 2233 διδασκάλους
3798 2176 3927 2247 τρε-

2322 2277 2408 2313 πει
2435 2259 2521 2311 τὸν
2550 2257 2721 2330 λόγον,
2762 2262 2852 2311 καί
2881 2256 3032 2331 φησιδ

2392 2489 2481 2551 Τίς
2536 2518 2606 2531 --
2653 2494 2841 2565 καιρῷ.
2915 2489 3203 2566 Θεραπείαν
3395 2487 3532 2564 λέγει
3587 2492 3707 2558 τοὺς
3773 2494 3927 2570 ϐορά.

2323 2595 2529 2645 ποντας,
2581 2580 2701 2641 τοὺς
2769 2573 2987 2641 δούλους
3060 2584 3150 2632 τοῦ
3228 2582 3376 2652 Θεοῦ,
3454 2584 3647 2659 τροφὴν
3720 2579 3781 2641 δὲ
3831 2586 3927 2648 τὴν

2322 2666 2558 2741 λογικὴν,
2583 2670 2677 2727 τήν
2706 2663 2740 2721 δ
2745 2662 2801 2720 ιδ
2805 2666 3114 2728 ασκαλικήν.

2396 2760 2667 2834 Μακάριος
2712 2788 2781 2799 -
2845 2764 3096 2812 ποιοῦντα
3148 2757 3328 2822 οὕτως.
3389 2756 3573 2828 Οὕτως,
3610 2757 3679 2822 ὥς
3731 2777 3911 2836 προσ-

2326 2848 2504 2920 ετάγη.

2394 2946 2561 3018 ’Δμῆν
2602 2976 2671 2988 --
2718 2945 2892 3000 αὐτόν.
2936 2946 3049 3019 (Η)
3106 2945 3199 3009 Εἰς
3251 2947 3479 3020 μεγάλην
3530 2953 3709 3001 τοῦτον
3759 2965 3917 3001 κατα-

3053 3033 3260 3107 ἆγαθῶν
3334 3036 3516 3091 ἑαυτοῦ
3612 3037 3923 3102 καταξιῶσαι

2325 3124 2499 3179 αὐτόν.
2558 3127 2623 3178 Σὺ
2676 3121 2735 3178 δὴ
2790 3120 2953 3197 μηδεν
3015 3122 3098 3177 ἔτι
3179 3132 3279 3177 τῶν
3335 3128 3581 3178 τοιούτων
3638 3130 3923 3203 περαιτέρω

2323 3214 2761 3290 πολυπραγμόνει.
2816 3216 2895 3268 Τὰ
2950 3212 3276 3287 παραϐολικὰ
3324 3217 3448 3290 γὰρ,
3523 3218 3594 3279 ὡς
3643 3214 3926 3290 ἔμφαντικὰ

2325 3308 2488 3378 μόνων
2518 3312 2616 3356 τῶν
2644 3301 2959 3376 ἀναγκαίων,
2980 3307 3425 3379 μεταχειριστέον.

2394 3390 2533 3467 Ὀρα
2590 3389 2648 3446 δι
2694 3394 2774 3445 ὅτι
2822 3388 2919 3449 δύο
2986 3399 3154 3453 ταῦτα
3207 3396 3317 3468 χρὴ
3400 3395 3486 3447 τὸν
3543 3395 3928 3468 προίστοίμενον

2325 3484 2486 3555 ἔχειν,
2526 3485 2727 3549 πίστιν,
2780 3482 2915 3535 ὥστε
2962 3484 3033 3556 μὴ
3090 3485 3474 3557 παροκατέχειν
3529 3485 3597 3536 τὰ
3650 3492 3750 3537 τῶν
3810 3503 3929 3537 συν-

2327 3568 2545 3637 δούλων,
2612 3574 2643 3633 ἦ
2705 3572 2876 3644 μάτην
2967 3571 3388 3645 παραναλίσκειν·
3470 3576 3560 3627 καὶ
3654 3576 3927 3646 φρόνησιν,

2324 3662 2458 3714 ὥστε
2512 3665 2805 3734 πρεπόντως
2862 3656 3119 3734 διανέμειν
3202 3662 3270 3715 τὰ
3331 3660 3782 3738 ἕγκεχειρισμένα,
3841 3664 3932 3716 καὶ

2323 3752 2453 3824 μετὰ
2532 3747 2848 3824 διακρίσεως
2907 3753 2955 3804 ἕν
3028 3769 3082 3804 τε
3157 3755 3402 3811 ποιότητι
3475 3756 3566 3805 καὶ
3649 3755 3926 3812 ποσότητι.

2323 3840 2564 3914 ’Δρμόξει
2615 3836 2674 3894 δί
2729 3841 2755 3894 ό
2803 3839 2948 3914 λόγος
2987 3838 3137 3905 οὗτος
3193 3840 3251 3895 ού
3305 3844 3458 3913 μόνον
3496 3847 3607 3904 τοῖς
3656 3841 3926 3906 πλουσίοις

2326 3929 2395 3999 εἰς
2439 3929 2613 4001 λόγον,
2700 3926 2831 3982 ἀλλὰ
2879 3932 2969 3982 καὶ
3024 3937 3134 3993 τοῖς
3202 3929 3473 3993 πλουσίοις
3524 3930 3594 3994 εἰς
3646 3935 3920 4006 χρήματα.

2325 4020 2530 4080 Πάντας
2577 4017 2689 4091 (42)
2736 4020 2838 4093 γὰρ
2891 4020 3209 4092 οἰκονόμους,
3256 4019 3324 4071 ὧν
3363 4019 3694 4094 εὐποροῦσιν,
3739 4018 3767 4072 ό
3797 4022 3922 4085 Θεὸς

2323 4112 2633 4176 κατέστησε,
2686 4110 2775 4159 καὶ
2807 4106 3051 4181 βούλεται
3102 4109 3299 4171 πάντας
3348 4115 3548 4170 πιστῶς
3606 4109 3696 4161 καὶ
3748 4111 3919 4182 φρονί-

2322 4218 2432 4270 μως
2478 4198 2644 4249 πάντα
2696 4192 2982 4269 διανέμειν.
3023 4195 3183 4253 Ἀλλὰ
3227 4200 3317 4249 καὶ
3366 4202 3475 4259 τοῖς
3518 4199 3789 4256 ἡντιναοῦν
3835 4196 3918 4270 ἁρ-

2323 4289 2430 4359 χήν
2461 4283 2928 4361 ἐγκεχειρισμένοις
2974 4285 3001 4338 ὁ
3051 4285 3199 4357 λόγος
3253 4287 3324 4339 ἔτι
3364 4289 3641 4359 προσήκει.
3697 4290 3781 4339 Δεῖ
3819 4286 3915 4359 γὰρ

571 4382 789 4436 sermo,
815 4368 917 4439 qui
938 4367 1335 4441 principatum
1367 4384 1792 4442 quemcunque
1823 4376 2211 4444 acceperunt;

2324 4378 2416 4428 καὶ
2466 4376 2683 4437 τούτους
2745 4378 2817 4448 μὴ
2866 4376 2995 4449 πρὸς
3068 4370 3207 4428 ἰδίαν
3277 4377 3472 4427 εὔνοιαν
3552 4378 3584 4433 ἦ
3642 4372 3915 4446 ἀπέχθειαν

568 4544 972 4604 nevolentiam
1012 4550 1116 4603 aut
1165 4546 1535 4605 inimicitiam
1591 4547 1975 4611 administare
2032 4549 2218 4620 (quod

568 4634 797 4783 flrentdis
825 4639 917 4693 est
946 4639 1006 4693 et
1032 4636 1437 4712 inﬁdelitatis),
1468 4653 1663 4711 neque
1697 4638 1870 4696 stulte
1918 4642 1976 4696 et
1998 4637 2220 4711 impru-

611 4740 686 4782 en
715 4739 795 4783 er.

611 4739 795 4785 enter.

641 4816 802 4873 Vers.
841 4816 934 4873 48.
967 4816 1264 4884 Quodsi—
1288 4819 1448 4874 Vers.
1476 4816 1561 4873 50.
1592 4817 1849 4887 ignorat.
1885 4818 2101 4875 Servus
2123 4817 2221 4883 ille

570 4906 791 4973 malus,
818 4904 924 4977 qui
969 4905 1241 4963 videlicet
1269 4922 1300 4962 θ
1339 4906 1574 4962 diverso
1605 4904 1862 4962 inﬁdelis
1895 4910 1952 4963 et
1992 4907 2216 4981 impru-

571 4991 721 5048 dens
741 4993 947 5058 evasit,
988 4992 1038 5049 si
1065 4997 1283 5066 putans
1316 4994 1924 5061 cunctaridominum
1946 5013 2123 5066 suum
2148 5014 2220 5057 ao

571 5080 739 5154 quod
819 5080 978 5137 diem
1027 5082 1264 5154 ignorat
1311 5088 1366 5142 et
1420 5084 1656 5150 horam,
1713 5089 1775 5143 ut
1826 5085 2047 5143 dictum
2110 5092 2214 5156 est,

457 4530 460 4532 γ
571 4460 805 4528 oportet
850 4457 1008 4513 enim
1064 4461 1122 4514 et
1165 4457 1331 4529 ipsos
1382 4473 1505 4515 non
1546 4458 1719 4530 juxta
1770 4459 2070 4531 propriam
2112 4460 2214 4517 be-

2330 4459 2563 4529 διοικεῖν,
2623 4464 2744 4539 (“imp
2805 4462 2915 4520 ἔστι
2971 4471 3263 4539 νοσφισμοῦ
3319 4468 3409 4517 καὶ
3476 4461 3733 4528 ἀπιστίας,
3778 4457 3910 4532 μηδᾶ

2331 4549 2556 4629 ἀφρόνως
2586 4557 2675 4609 καὶ
2705 4551 2982 4618 ἀσυνέτως.

2399 4819 2521 4876 Ἐὰν
2575 4815 2635 4875 δί
2687 4847 2758 4864 -
2809 4820 3070 4891 γινώσκει.
3126 4817 3185 4873 Ὀ
3250 4819 3409 4882 κακὸς
3480 4814 3667 4883 δοῦλος
3719 4816 3911 4883 ίκεῖνος,

2329 4911 2355 4963 ό
2402 4909 2693 4963 τούναντίον
2740 4908 2963 4971 ἄπιστος
3012 4912 3103 4962 καὶ
3157 4905 3330 4983 ἄφρων
3392 4906 3612 4974 ἀποϐὰς,
3676 4905 3781 4976 ἰὰν,
3824 4905 3917 4959 οἰό-

2288 5019 2472 5073 ;,μνος
2509 4994 2793 5073 βραδύνειν
2851 5000 2938 5052 τὸν
2994 5000 3182 5074 Κύριον
3240 4996 3420 5067 αὐτοῦ,
3480 4994 3574 5051 διὰ
3619 4998 3680 5067 τὸ
3735 4995 3916 5070 ἀγνοεῖν

2330 5094 2421 5151 τὴν
2479 5090 2696 5165 ἡμέραν,
2761 5089 2830 5150 ὡς
2887 5088 3109 5163 ιῖρηται,
3168 5090 3258 5142 καὶ
3334 5089 3430 5148 τὴν
3495 5087 3653 5163 ὥραν,
3706 5085 3919 5164 ἄρξηται

1767 5195 2349 5278 Variaaflectione‘s
2370 5214 2451 5274 et
2477 5213 2681 5273 nam;

646 5327 758 5400 (41)
788 5330 1012 5413 [luces
1040 5332 1307 5404 margine
1334 5334 1424 5390 sui
1463 5333 1684 5391 codicis
1704 5337 2029 5413 _Hentenius
2054 5340 2229 5413 refert

572 5399 705 5455 haec
736 5399 1089 5476 :_J_ustissime
1106 5399 1241 5461 sane
1264 5413 1537 5476 tanquam
1560 5409 1899 5476 prudentem
1916 5416 1969 5465 et
1998 5399 2227 5467 studio-

573 5486 717 5554 sum.
736 5472 1181 5554 _(d_autem_non_
1206 5472 1426 5554 de'solis
1458 5472 1725 5554 pecuniis
1755 5496 1824 5537 ac
1865 5482 2227 5548 possessioni-

579 5541 681 5624 bus
709 5543 931 5628 dictum
962 5551 1064 5628 est,
1081 5547 1181 5628 sed
1205 5553 1256 5603 et
1282 5546 1354 5605 de
1371 5541 1634 5628 sermone
1657 5556 1791 5622 erga
1810 5541 2076 5628 mentem,
2109 5570 2227 5613 om-

575 5615 750 5689 nique
776 5615 1219 5688 dispensatione,
1250 5635 1430 5692 quam
1457 5620 1703 5694 quisque
1720 5615 1921 5681 nactus
1946 5630 2045 5682 est.

2410 5343 2518 5411 (42)
2558 5341 2681 5399 Huc
2704 5338 2880 5403 refert
2909 5353 2980 5395 ex
3010 5337 3275 5409 margine
3318 5337 3409 5396 sui
3458 5335 3677 5395 codicis
3730 5338 3922 5394 Henio-

2335 5410 2469 5469 niUs
2491 5410 2620 5467 haec
2673 5428 2688 5469 :
2720 5412 3027 5467 Dominum
3075 5412 3429 5467 constituens
3460 5414 3922 5480 unumquemque

2336 5498 2479 5554 erga
2526 5498 2636 5545 eos,
2680 5484 2783 5556 qui
2805 5484 3064 5554 ipsorum
3089 5482 3357 5556 indigent
3385 5480 3758 5556 liberalitate.
3792 5480 3920 5556 Stu-

2334 5552 2574 5621 deamus
2599 5552 2792 5629 itaque
2813 5552 2942 5629 cum
2960 5554 3120 5611 omni
3134 5553 3352 5627 gaudio
3372 5568 3440 5629 ac
3460 5552 3921 5625 promptitudine

2332 5641 2424 5699 ea,
2448 5624 3044 5701 'qutaequisicunus,
3069 5624 3432 5698 spargere“
3444 5624 3755 5697 pum,
3820 5640 3831 5659 ρ
