4170 6334
221 347 344 403 633

309 473 693 545 Ἀπιρχομένων
764 503 832 512 —-
897 474 1129 544 νυμφίος.
1187 470 1464 545 Ὠρμησαν
1521 473 1609 543 μὲν
1679 470 1827 524 ἀπελ-
1859 471 1906 528 Α

230 562 364 628 θεῖν,
405 562 499 613 οὐκ
543 558 885 620 ἠδυνήθησαν
932 558 1008 615 δέ.
1067 565 1303 612 Δείκνυσι
1355 557 1413 612 δὲ
1463 566 1550 613 καὶ
1607 561 1756 622 οὗτος
1803 562 1828 611 ὁ

224 649 388 725 λόγος
415 652 493 703 ὅτι
522 656 630 703 τότε
659 656 861 723 ματαία
895 653 923 708 ἡ
962 654 1090 724 πρὸς
1124 649 1307 724 ἀρετὴν
1339 651 1494 724 ὁρμή.

304 847 408 898 Καὶ
463 875 532 884 —-
593 846 740 918 θύρα·
793 848 959 918 Γάμοι
1011 845 1141 898 εἰσὶν
1196 848 1224 904 ἡ
1285 850 1525 898 κοινωνία
1587 854 1676 907 τῆς
1734 848 1830 919 βα-

223 933 432 993 σιλείας
478 942 577 986 τῶν
623 935 870 1007 οὐρανῶν,
914 940 1003 988 καὶ
1059 937 1088 992 ἡ
1148 938 1241 987 σὺν
1297 943 1512 1008 Χριστῷ
1563 932 1826 1007 διαγωγή.

293 1021 544 1095 ’Υστερον
612 1054 678 1064 -—
761 1026 907 1096 ἡμῖν.
979 1026 1190 1078 Οῐονται
1251 1027 1374 1097 γὰρ,
1457 1027 1521 1086 ὡς
1585 1027 1830 1100 παρθένοι

215 1111 494 1167 εἰσελθεῖν.

292 1207 356 1252 '0
416 1198 472 1253 δὲ
527 1233 595 1241 —
643 1202 798 1273 ὑμᾶς,
851 1202 924 1253 Οὐ
980 1207 1236 1276 γνωρίζω,
1310 1210 1486 1276 φησὶν,
1546 1207 1695 1277 ὑμᾶς,
1765 1209 1828 1267 ὡς

215 1288 550 1361 ἑσϐεσμένων
601 1299 701 1342 τῶν
757 1289 1044 1362 λαμπάδων
1085 1295 1245 1364 ὑμῶν.
1292 1300 1459 1346 Γνῶσι
1512 1291 1571 1347 δὲ
1607 1304 1694 1346 νῦν
1734 1301 1826 1354 τὴν

212 1375 274 1438 ἐξ
329 1377 638 1439 οἰκειώσεως
692 1383 902 1437 νόησον.
953 1378 1143 1444 Οὐδεὶς
1189 1385 1288 1454 γὰρ
1341 1382 1625 1456 ἀνελεήμων
1674 1385 1824 1436 οἰκει·

208 1472 372 1519 οῡται
434 1476 507 1538 τῷ
564 1467 794 1541 ἐλεήμονι
856 1475 1094 1544 Χριστῷ.
1148 1474 1305 1544 Οῐμοι
1364 1473 1375 1526 l
1437 1475 1566 1544 μετὰ
1630 1478 1850 1536 πόσους

206 1558 428 1619 πόνους,
484 1559 615 1627 μετὰ
667 1562 859 1618 πόσους
914 1557 1132 1629 ἀγῶνας,
1193 1563 1323 1632 μετὰ
1371 1566 1514 1614 πόσα
1578 1567 1820 1635 τρόπαια,

211 1643 250 1694 ἄ
299 1645 444 1696 κατὰ
477 1653 572 1705 τῆς
619 1645 736 1717 (53)
791 1650 988 1718 φύσεως
1032 1648 1298 1710 λυττὼσης
1339 1649 1649 1717 ἀνέστησαν,
1708 1653 1825 1705 ἀπε-

212 1733 540 1803 πέμφθησαν
599 1731 692 1786 διὰ
747 1740 841 1793 τὴν
896 1735 1321 1808 ἀνελεημοσόνην.
1381 1740 1540 1792 Ὀταν
1600 1738 1661 1793 δέ
1722 1757 1847 1810 τις,“

217 1819 521 1892 ἀνελεήμων
561 1823 650 1892 ὢν,
701 1821 838 1896 μηδὲ
894 1827 1171 1900 παρθενίαν
1227 1830 1352 1900 ἔχῃ,
1417 1835 1566 1890 ποίας
1619 1831 1711 1882 οὐκ
1764 1833 1824 1882 ἄν
1859 1819 1901 1875 Β

218 1911 302 1966 εἴη
383 1907 680 1972 καταδίκης
738 1913 913 1982 άξιος;
982 1915 1056 1966 Οὔ
1109 1923 1504 1990 περιεργαστέον
1568 1916 1626 1972 δὲ
1679 1919 1824 1972 διατί

219 1994 358 2049 δέκα
413 2003 675 2072 παρθένοι,
721 2007 809 2054 καὶ
858 2008 973 2056 τίνα
1026 2007 1088 2056 τὰ
1149 2005 1336 2076 ἀγγεῖα
1374 2007 1560 2078 αὐτῶν,
1611 2014 1700 2062 καὶ
1745 2017 1825 2073 τίς

217 2088 250 2143 ἠ
313 2089 454 2162 θύρα
500 2097 598 2141 τῶν
643 2093 840 2163 γάμων,
877 2097 966 2145 καὶ
1004 2096 1069 2145 τὰ
1106 2103 1324 2148 τοιαῦτα
1361 2106 1456 2159 τῆς
1501 2099 1818 2174 παραϐολῆς,

219 2177 292 2237 ὡς
331 2177 584 2240 πολλάκις
611 2185 699 2232 καὶ
727 2179 966 2234 ἐπὀἰλλωι
995 2185 1370 2256 παρήγγελται.

282 2373 347 2426 Εἰ
409 2369 470 2425 δὲ
535 2372 582 2426 ἓν
653 2379 742 2448 μὲν
826 2385 898 2448 τῷ
977 2379 1234 2451 ἑξηκοστῷ
1311 2388 1497 2455 πρώτῳ
1562 2384 1818 2458 κεφαλαίῳ

204 2467 534 2537 γέγραπται,
617 2467 696 2516 ὅτι
778 2476 979 2540 πρῶτον
1056 2469 1371 2543 ἀπέρχονται
1448 2475 1496 2525 οἱ
1574 2474 1817 2549 ἁμαρτω-

203 2551 286 2604 λοὶ
338 2553 422 2614 εἰς
479 2553 693 2606 κόλασιν
753 2556 976 2623 αἰώνιον,
1043 2556 1153 2610 εἶτα
1205 2561 1254 2612 οἱ
1303 2558 1500 2614 δίκαιοι
1554 2563 1624 2625 εἰς
1679 2565 1816 2624 ζωὴν

209 2640 448 2693 αἰώνιον·
525 2641 572 2694 ἐν
645 2641 703 2696 δὲ
772 2653 844 2715 τῷ
918 2651 1135 2720 παρόντι
1196 2650 1454 2722 κεφαλαίῳ
1521 2652 1816 2706 τούναντίον

209 2734 476 2802 φαίνεται,
525 2741 726 2804 πρῶτον
781 2734 1121 2787 εἰσελθουσών
1181 2746 1273 2789 τῶν
1327 2746 1580 2813 φρονίμων
1625 2746 1818 2816 παρθέ-

207 2840 325 2884 νων,
382 2818 502 2872 εἶτα
543 2820 970 2894 ἀποπεμφθεισῶν
1020 2834 1118 2876 τῶν
1171 2837 1374 2900 μωρῶν·
1427 2835 1496 2902 μὴ
1558 2833 1818 2906 ὑπολάϐῃς

212 2907 600 2979 ἓναντιολογίαν
699 2909 794 2962 τῶν
878 2913 1182 2985 κεφαλαίων.
1275 2917 1460 2970 Ἐκεῖνο
1552 2925 1641 2993 μὲν
1716 2927 1816 2996 γὰρ

217 2995 560 3070 ἁκριϐολογεῖ
588 3004 704 3070 περὶ
745 3009 836 3061 τῆς
879 3002 1086 3064 τάξεως·
1137 3012 1288 3058 τοῦτο
1327 3003 1388 3058 6":
1430 3013 1621 3060 σκοπὸν
1654 2995 1818 3086 ἕτερον

217 3087 351 3155 ἔχει,
399 3087 463 3136 τὸ
515 3082 731 3149 διδάξαι
773 3094 924 3161 μόνον
969 3091 1049 3142 ὅτι
1096 3090 1213 3144 οὐδ’
1252 3095 1280 3152 ἡ
1333 3098 1582 3168 παρθενία
1641 3082 1816 3169 σώζει,

215 3178 286 3244 μὴ
341 3180 772 3249 συγκεκραμένην
816 3178 928 3250 (54)
981 3180 1134 3254 ἑαυτῇ
1186 3188 1274 3240 καὶ
1324 3189 1415 3242 τὴν
1476 3185 1819 3263 ἐλεημοσύνην

219 3262 448 3330 ἔχουσα,
502 3269 591 3316 καὶ
651 3267 729 3317 ὅτι
777 3268 806 3324 ἡ
861 3266 1034 3340 ἑτέρου
1082 3269 1235 3341 ἀρετὴ
1287 3274 1451 3346 ἕτερον
1508 3275 1601 3328 οὐκ
1645 3262 1823 3349 ὠφελεῖ

219 3354 348 3416 τότε,
382 3355 476 3402 καὶ
506 3354 585 3404 ὅτι
617 3355 646 3412 ἠ
687 3357 812 3426 πρὸς
852 3354 1044 3428 ἀρετὴν,
1084 3360 1217 3432 ὁρμὴ
1270 3371 1556 3417 τηνικαῦτα
1597 3373 1817 3437 ματαία,

221 3442 310 3488 καὶ
367 3439 450 3490 ὅτι
505 3440 668 3494 πολλὰ
723 3445 1127 3506 καθικετεύοντες
1179 3451 1226 3499 οἱ
1285 3454 1681 3526 κατακριθέντες
1727 3455 1819 3507 οὐκ

226 3522 633 3599 ἓπικάμπτουσι,
675 3530 846 3586 Τᾶλλα
893 3529 951 3585 δὲ
998 3537 1167 3588 πάντα
1216 3522 1560 3597 συνετέθηνσαν
1611 3540 1816 3615 ἀπαρα-

227 3620 482 3707 τηρητως,
532 3613 618 3707 ira
661 3623 850 3679 πιθανὴ
902 3628 1113 3693 γένηται
1171 3628 1199 3684 ἡ
1252 3628 1540 3702 παραϐολὴ,
1588 3637 1686 3683 Καὶ
1716 3613 1816 3707 ira“,

232 3698 342 3753 οὐδ’
389 3704 471 3755 ὁτι
522 3705 928 3780 ἀπεπέμφθησαν
969 3712 1039 3772 εἰς
1091 3714 1304 3766 κόλασιν
1349 3715 1474 3784 εἷπε,
1521 3715 1614 3771 διὰ
1647 3724 1703 3772 τὸ
1745 3698 1813 3794 μη

230 3795 315 3838 νῦν
340 3789 788 3866 ἀκριϐολογεῖσθαι
823 3805 939 3874 περὶ
970 3810 1068 3852 τῶν
1099 3806 1361 3859 τοιούτων.

282 3883 605 3956 Τρηγορεῖτε
670 3917 737 3927 -—
784 3891 1027 3962 ἔρχεται-
1068 3891 1321 3954 Πολλάκις
1373 3894 1590 3967 ἐπιλέγει
1641 3905 1816 3969 τοῦτο,

236 3960 458 4034 δεικνὺς,
509 3973 587 4024 ὅτι
624 3975 780 4034 πολλὴ
831 3984 988 4050 χρεία
1043 3990 1317 4054 προσοχῆς
1374 3979 1465 4037 διὰ
1511 3988 1569 4037 τὸ
1622 3960 1817 4045 ἄδηλον

234 4061 325 4118 τῆς
355 4059 638 4125 τελευταίας
668 4065 858 4140 ἡμέρας
888 4074 976 4122 καὶ
1007 4068 1162 4146 ὧρας.

1858 3165 1898 3224 C

448 4262 570 4312 ΚΕΦ
583 4301 596 4314 .
628 4259 696 4317 Ξ’.
731 4269 856 4338 Περὶ
876 4272 976 4316 τῶν
997 4268 1064 4317 τὰ
1082 4266 1309 4321 τάλαντα
1326 4269 1604 4338 λαϐόντων,

306 4342 498 4437 Ὠσπερ
545 4380 610 4390 -
659 4347 903 4424 δύναμιν.
957 4360 1056 4407 Καὶ
1104 4357 1234 4415 αὓτη
1281 4361 1310 4418 ἠ
1366 4362 1632 4434 παραϐολὴ
1665 4366 1820 4437 ὁμοία

363 4433 471 4487 ἐστι
517 4445 578 4510 τῇ
629 4448 719 4492 τοῦ
769 4450 960 4494 πιστοῦ
1010 4441 1200 4498 δούλου
1249 4453 1336 4501 καὶ
1385 4433 1651 4523 φρονίμου,
1695 4433 1818 4509 ’καθ’

231 4518 389 4594 ἓτερον
456 4522 514 4579 δὲ
565 4534 755 4601 τρόπον
827 4530 1243 4606 ἐσχημάτισται,
1322 4543 1412 4590 καὶ
1480 4513 1896 4614 διαλαμϐάνειῡ

228 4617 342 4699 περὶ
387 4623 487 4667 τῶν
531 4616 892 4690 λαμϐανόντων
932 4621 988 4674 ἐκ
1027 4631 1160 4678 Θεοῦ
1201 4631 1516 4699 χαρίσματα
1560 4627 1819 4685 διδασκα-

228 4697 362 4752 λικά·
409 4713 576 4760 ταῦτα
623 4710 724 4781 γὰρ
770 4717 856 4761 νῦν
900 4709 1107 4766 ἐκάλεσε
1144 4714 1369 4768 τάλαντα
1415 4714 1507 4770 διὰ
1546 4722 1604 4772 τὸ
1651 4727 1820 4794 τίμιον

234 4788 416 4862 αὐτῶν,
467 4800 556 4848 καὶ
596 4800 626 4856 ἦ
661 4803 946 4872 ,χρωμένων
995 4799 1172 4866 αὐτοῖς
1213 4809 1304 4857 καὶ
1350 4803 1743 4879 κερδαινόντων,
1787 4814 1817 4871 ἦ

235 4888 696 4954 κατακρυπτόντων
770 4893 858 4941 καὶ
948 4888 1113 4962 μηδὲν
1187 4890 1577 4966 κερδαινόντων.
1669 4905 1823 4972 Λέγει

237 4971 404 5019 τοίνυν
452 4974 530 5023 ὅτι
580 4972 783 5030 ἐκάλεσε
828 4983 949 5041 τοὺς
1003 4978 1224 5044 δούλους
1282 4983 1464 5049 αὐτοῦ,
1501 4986 1526 5037 ὁ
1570 4989 1686 5051 Υἱὸς
1728 4971 1824 5046 δη·

309 5117 356 5152 ⁷⁸
376 5119 569 5180 Matth.
597 5141 734 5198 xxv,
753 5127 841 5186 46.

1131 345 1498 402 COMMENT.
1540 345 1608 400 IN
1647 341 2098 400 MATTH‘IEUM.
2150 372 2216 384 -—
2256 341 2410 397 CAP.
2451 341 2624 396 XXV.

3489 331 3593 388 634

2018 469 2177 525 Vers.
2217 469 2297 523 10.
2331 465 2628 522 Euntibus
2653 495 2721 506 —
2750 478 3007 533 sponsus.
3034 465 3429 519 Tentaverunt
3459 457 3592 530 qui-

1939 557 2078 612 dem
2108 557 2294 626 abire,
2324 555 2427 611 sed
2459 570 2579 609 non
2612 558 2954 625 potuerunt.
3009 551 3277 610 Ostendit
3307 557 3502 605 autem
3534 553 3591 604 et

1937 645 2036 701 hic
2067 662 2282 717 sermo,
2316 644 2481 718 quod
2524 648 2664 698 tunc
2709 659 2897 700 vanus
2930 642 3037 698 erit
3090 642 3167 698 ad
3195 641 3469 697 virtutem
3496 653 3590 693 co-

1936 739 2134 792 natus.

2008 824 2164 878 Vers.
2204 823 2287 878 10.
2327 824 2403 877 Et
2426 824 2722 891 —janua.
2759 821 2982 892 Nuptiae
3019 823 3154 876 sunt
3183 816 3589 875 communica-

1938 910 2017 966 tio
2043 910 2209 979 regni
2239 911 2546 976 caalorum,
2578 915 2632 966 et
2659 908 3028 965 conversatio
3056 926 3193 964 cum
3220 909 3467 964 Christo.

2007 1003 2165 1055 Vers.
2200 1002 2280 1055 11.
2313 1004 2520 1056 Postea
2549 1001 2812 1055 ———nobis.
2843 999 3058 1053 Putant
3087 998 3244 1054 enim
3277 997 3440 1069 quod
3462 1000 3589 1054 tan~

1937 1105 2117 1160 quam
2150 1090 2408 1160 virgines
2437 1090 2758 1144 intrabunt.

2008 1179 2170 1234 Vers.
2213 1181 2291 1234 t2.
2315 1181 2390 1234 At
2415 1180 2548 1234 illos
2583 1196 2702 1235 vos.
2729 1182 2850 1233 Non
2885 1175 3432 1246 cognosco,inquit,
3459 1189 3588 1239 vos,

1935 1269 2238 1342 eXStinctis
2276 1269 2548 1325 videlicet
2593 1268 2979 1339 lampadibus
3011 1265 3236 1321 vestris.
3299 1263 3590 1331 Cognitio-

1933 1374 2066 1413 nem
2098 1363 2295 1413 autem
2329 1373 2484 1413 nunc
2515 1373 2643 1412 eam
2666 1357 2939 1427 intellige,
2970 1371 3098 1426 qua?
3130 1371 3162 1409 a
3192 1353 3588 1408 familiaritate

1933 1448 2218 1517 procedit.
2253 1447 2460 1504 Nullus
2507 1447 2665 1502 enim
2693 1445 3109 1500 immisericors
3161 1442 3468 1500 familiaris
3503 1443 3590 1498 est

1934 1536 2305 1596 misericordi
2335 1536 2586 1591 Christo.
2635 1538 2755 1590 Heu
2782 1539 2914 1606 post
2939 1538 3134 1588 tantos
3163 1531 3414 1593 labores,
3453 1533 3587 1600 post

1933 1627 2101 1679 tanta
2131 1624 2477 1696 certamina,
2511 1627 2646 1694 post
2675 1627 2839 1680 tanta
2888 1628 3128 1694 tropaea,
3163 1637 3295 1692 quae
3343 1619 3452 1676 illae
3487 1619 3589 1674 ad-

1932 1728 2140 1768 versus
2171 1714 2566 1770 insanientem
2599 1719 2869 1768 naturam
2909 1715 3234 1774 erexerant,
3268 1709 3586 1780 repudiata)

1915 1809 2069 1872 ,sunt
2093 1809 2326 1875 propter
2351 1804 2813 1874 eleemosynam.
2851 1803 2952 1858 Ubi
2989 1817 3129 1871 ergo
3157 1800 3284 1870 quis
3330 1798 3588 1854 immise-

1932 1893 2114 1960 ricors
2144 1892 2541 1965 virginitatem
2588 1892 2764 1966 etiam
2797 1906 2917 1946 non
2965 1889 3257 1951 habuerit,
3288 1903 3410 1958 qua
3448 1890 3589 1941 tunc

1932 1981 2432 2038 condemnatione
2459 1982 2674 2053 dignus
2694 1996 2818 2036 non
2836 1979 2980 2034 erit?
3008 1982 3134 2033 Non
3161 1981 3247 2032 est
3268 1981 3464 2030 autem
3490 1990 3590 2031 cu-

1930 2069 2084 2125 riose
2116 2070 2503 2126 scrutandum
2558 2084 2743 2142 quare
2783 2068 2994 2122 decem
3053 2067 3162 2119 sint
3218 2065 3500 2131 virgines,
3533 2064 3590 2118 et

1930 2174 2066 2229 quas
2099 2159 2213 2214 sint
2237 2175 2386 2214 vasa
2412 2174 2639 2222 earum,
2673 2173 2878 2229 quaeve
2909 2157 3188 2226 sitjanua
3218 2152 3583 2223 nuptiarum,

1929 2251 2258 2319 caeteraque
2289 2248 2473 2320 ipsius
2527 2246 2832 2319 parabolas
2874 2245 3106 2309 similia,
3159 2248 3224 2299 ut
3265 2241 3414 2298 alias
3443 2255 3588 2311 quo-

1928 2352 2046 2408 que
2076 2335 2412 2409 frequenter
2438 2341 2797 2408 praeceptum
2824 2341 2934 2391 est.

1998 2424 2208 2491 Verum
2242 2426 2618 2493 sexagesimo
2649 2425 2843 2496 primo
2894 2421 3085 2492 capite
3141 2418 3426 2490 scriptum
3471 2421 3581 2492 est,

1927 2513 2086 2584 quod
2128 2512 2392 2584 primum
2440 2513 2666 2567 abeunt
2703 2516 3042 2584 peccatores
3088 2510 3147 2564 in
3217 2505 3580 2581 supplicium

1925 2606 2236 2666 internum,
2259 2601 2475 2656 deinde
2491 2602 2634 2673 justi
2653 2602 2712 2656 in
2742 2601 2921 2669 vitam
2940 2604 3222 2654 aeternam
3244 2597 3286 2631 ⁴⁷
3310 2613 3320 2649 ;
3349 2595 3410 2648 in
3433 2593 3580 2665 prae-

1926 2686 2073 2745 senti
2103 2707 2238 2746 vero
2266 2691 2456 2763 capite
2497 2690 2858 2746 contrarium
2891 2691 3154 2759 apparet,
3183 2701 3318 2741 cum
3353 2684 3582 2751 ingres-

1927 2780 2004 2833 sis
2035 2780 2297 2850 primum
2336 2779 2730 2852 prudentibus
2788 2777 3138 2852 virginibus,
3189 2771 3580 2847 postmodum

1928 2868 2252 2938 reprobatae
2286 2851 2400 2923 sint
2427 2868 2621 2924 fatuas.
2645 2871 2725 2922 Ne
2747 2851 3075 2937 suspiceris!
3096 2861 3578 2918 contrarietatem

1928 2957 2120 3012 inesse
2147 2958 2436 3028 capitibus
2469 2973 2482 3011 :
2511 2957 2650 3011 illud
2689 2954 2979 3026 siquidem
3015 2950 3218 3007 exacte
3266 2955 3474 3005 tractat
3508 2949 3582 3002 de

1930 3046 2157 3111 ordine,
2191 3047 2306 3102 hoc
2336 3052 2528 3102 autern
2560 3046 2719 3100 aliud
2747 3045 2923 3100 habet
2954 3044 3266 3105 intentum,
3300 3039 3466 3113 quod
3501 3038 3582 3093 vi-

1931 3134 2140 3190 delicet
2168 3151 2363 3205 neque
2410 3134 2718 3204 virginitas
2743 3131 3017 3196 salvabit,
3047 3145 3166 3185 non
3220 3128 3444 3183 habens
3476 3127 3586 3181 sibi

1932 3225 2109 3278 etiam
2153 3223 2533 3293 conjunctam
2574 3223 3042 3292 eleemosynam,
3087 3225 3143 3274 et
3196 3217 3361 3289 quod
3411 3215 3587 3269 unius

1932 3312 2119 3367 virtus
2150 3311 2247 3365 alii
2274 3317 2407 3366 tunc
2435 3327 2556 3366 non
2581 3311 2841 3382 proderit
2873 3329 2884 3365 :
2918 3308 3198 3380 quodque
3221 3312 3358 3359 tunc
3381 3307 3583 3359 motus

1932 3399 2008 3455 ad
2032 3398 2306 3454 virtutem
2344 3414 2534 3454 vanus
2565 3397 2691 3453 erit.
2734 3400 2877 3452 Item
2907 3396 3070 3468 quod
3099 3395 3231 3448 licet
3261 3392 3584 3464 plurimum

1931 3488 2321 3559 deprecentur
2346 3487 2447 3558 qui
2479 3486 2850 3541 condemnati
2878 3488 3033 3550 sunt,
3059 3497 3447 3554 nequaquam
3473 3480 3581 3535 ﬂe-

1929 3581 2094 3631 ctunt
2142 3576 2426 3646 judice'm.
2469 3577 2691 3630 Caetera
2715 3584 2860 3629 vero
2899 3573 3104 3628 omnia
3156 3570 3320 3626 nullo
3351 3569 3582 3624 delectu

1933 3666 2016 3735 (ρ)
2043 3665 2372 3735 composita
2394 3669 2548 3729 sunt,
2569 3670 2628 3718 ut
2653 3663 2975 3734 probabilis
2993 3662 3090 3716 ﬁat
3104 3659 3413 3732 parabola.
3431 3661 3582 3712 Nam

1931 3768 2124 3824 neque
2156 3752 2481 3824 dixitquod
2517 3751 2803 3821 ablegata:
2836 3755 2973 3805 sunt
3001 3750 3062 3804 in
3097 3747 3474 3819 supplicium,
3509 3760 3580 3800 eo

1848 3878 1850 3880 -
1932 3840 2096 3913 quod
2121 3856 2282 3894 nunc
2306 3840 2657 3908 hujusmodi
2698 3855 2818 3894 non
2845 3843 3048 3894 exacte
3074 3835 3370 3906 disquirat

2002 3929 2161 3984 Vers.
2203 3932 2280 3983 13.
2326 3928 2561 3996 Vigilate
2584 3957 2652 3968 —
2681 3927 2888 3983 veniet.
2920 3927 3273 3995 Frequenter
3293 3922 3356 3977 id
3386 3919 3582 3976 subin-

1853 4056 1856 4058 ν
1932 4019 2060 4081 fert,
2081 4016 2400 4072 ostendens
2429 4016 2586 4088 quod
2613 4017 2878 4072 maxima
2921 4015 2995 4070 sit
3023 4013 3259 4078 utilitas,
3290 4017 3354 4067 ut
3378 4011 3439 4066 in
3469 4009 3582 4063 hoc

1934 4107 2288 4173 attendatur,
2319 4111 2554 4178 propter
2575 4105 2771 4162 ﬁnalis
2808 4105 2920 4160 diei
2949 4107 3007 4159 et
3034 4103 3198 4159 horae
3223 4097 3585 4156 incertitudi-

1932 4211 2092 4254 nem.
3612 4198 3614 4200 ’

2421 4284 2571 4342 CAP.
2602 4284 2704 4339 LX.
2739 4284 2826 4338 De
2853 4281 3103 4337 talentis.

2001 4375 2162 4428 Vers.
2196 4376 2279 4428 14.
2311 4373 2481 4429 Sicut
2513 4404 2579 4412 —
2628 4374 2793 4426 Vers.
2838 4373 2926 4426 15.
2972 4369 3334 4439 facultatem.
3393 4365 3583 4420 Etiam

1928 4462 2053 4517 hinc
2079 4462 2367 4532 parabole.
2397 4461 2606 4516 similis
2637 4465 2730 4515 est
2763 4460 2813 4515 ei
2844 4476 2980 4530 quae
3022 4457 3294 4527 superius
3321 4454 3398 4509 de
3428 4452 3584 4507 ﬁdeli

1931 4567 1998 4605 ac
2029 4549 2317 4620 prudente
2351 4566 2521 4605 servo
2549 4549 2744 4621 posita
2783 4553 2890 4613 est,
2926 4562 3134 4601 verum
3166 4544 3282 4599 alio
3316 4541 3495 4597 modo
3516 4539 3584 4594 ﬁ-

1930 4643 2141 4708 gurata
2165 4643 2255 4694 est
2296 4657 2308 4697 :
2343 4639 2493 4694 etde
2552 4638 2644 4692 his
2675 4636 2928 4697 disserit,
2969 4634 3139 4704 quia
3193 4635 3312 4685 Deo
3359 4628 3579 4698 gratias

1929 4733 2284 4798 acceperunt
2341 4724 2595 4781 docendi
2625 4724 2791 4792 (nam
2823 4722 2928 4777 has
2958 4735 3118 4775 nunc
3149 4719 3367 4775 talenta
3407 4718 3584 4770 vocat

1929 4820 2169 4886 propter
2193 4815 2479 4872 honorem
2504 4811 2784 4879 illarum),
2835 4813 2890 4865 et
2911 4808 3000 4864 vel
3039 4823 3144 4879 per
3174 4821 3380 4861 earum
3403 4817 3582 4863 usum

1932 4902 2160 4959 lucrum
2189 4904 2530 4967 attulerunt,
2557 4900 2649 4954 vel
2689 4895 3222 4966 defodiendqo-nihil
3265 4893 3406 4961 lucri
3433 4890 3585 4946 fece-

1882 5053 1888 5070 ,ι
1931 4995 2087 5062 mult.
2119 4991 2273 5063 Dicit
2304 5007 2449 5070 ergo
2497 4989 2660 5062 quod
2687 4986 2917 5043 vocavit
2955 5001 3154 5041 servos
3208 4998 3370 5047 suos,
3406 4980 3584 5037 Filius

1336 5375 1338 5377 ῳ
1423 5287 1652 5376 Variae
1684 5289 2010 5362 lectiones
2052 5300 2117 5359 et
2141 5299 2342 5362 notae.

303 5442 414 5517 (53)
461 5448 655 5506 Malim
700 5450 794 5507 vel
843 5451 1112 5509 omittere
1161 5456 1274 5522 τῆς,
1309 5457 1396 5512 vel
1431 5458 1686 5516 scribere
1728 5469 1818 5522 τῆς

230 5509 497 5581 λυττώσης
545 5524 766 5594 φύσεως.
817 5529 1079 5578 Λυττῶσα
1125 5509 1276 5600 φύάἱξ
1711 5509 1819 5588 iiIi:

1926 5465 2097 5534 petus
2129 5467 2356 5517 naturae
2386 5461 2637 5516 incitans
2659 5461 2730 5517 ad
2757 5460 3084 5519 libidinem.

2000 5535 2114 5607 (54)
2139 5538 2598 5610 Συγκεκραμμένην
2635 5537 2692 5589 Β.

308 5698 382 5770 (p)
413 5703 592 5760 Nullo
619 5704 866 5764 delectu.
896 5707 983 5764 Ita
1002 5712 1066 5764 ut
1085 5722 1205 5765 non
1231 5724 1384 5783 opus
1412 5711 1485 5769 sit
1513 5712 1590 5768 ad
1620 5727 1692 5770 ea
1720 5680 2080 5792 attendere...~
2115 5791 2118 5794 _
