4170 6334
581 355 687 410 635

1897 338 2250 398 EUTHYMII
2282 333 2618 397 ZIGABENI

3841 340 3971 399 636

582 479 857 536 videlicet
879 475 1162 546 hominis,
1193 477 1397 548 utpote
1416 474 1597 530 home
1620 472 1722 545 qui
1742 467 2232 542 peregreprofec-

2339 461 2474 523 λαδή
2532 469 2624 517 τοῦ
2673 464 2964 539 ἀνθρώπου,
3020 467 3192 540 ὥσπερ
3253 469 3518 543 ἄνθρωπος
3581 467 3967 540 ἀποδημῆσαι

583 571 753 624 turus
782 569 908 622 erat
939 583 953 633 ;
985 569 1040 621 et
1066 565 1168 620 uni
1198 563 1440 636 quidem
1475 561 1637 618 dedit
1670 561 1939 632 quinque
1988 557 2227 620 talenta,

584 656 708 712 sive
734 656 915 711 multa
938 672 956 721 ;
984 671 1127 710 nam
1175 653 1343 709 varia
1366 656 1505 707 sunt
1554 650 1839 706 doctrinae
1894 647 2070 711 dona,
2102 661 2231 717 quea

582 746 795 801 Paulus
824 742 1236 808 enumeravit;
1291 742 1389 797 alii
1428 745 1628 796 autem
1659 739 1801 801 duo,
1840 737 1953 792 hoc
1978 739 2065 791 est
2089 751 2229 805 pau-

584 851 654 890 ca
685 851 698 900 ;
731 834 829 889 alii
854 849 991 888 vero
1030 848 1216 887 unum
1247 831 1463 885 solum.
1498 828 1565 882 Hi
1597 832 1786 882 autem
1816 840 1949 881 esse
1976 828 2233 896 possunt

583 923 847 997 episcopi
887 927 943 977 et
970 925 1356 992 praeceptores
1385 916 1788 973 ecclesiarum.
1812 913 2032 969 Deinde
2062 911 2233 969 addit

583 1016 639 1069 et
676 1027 924 1068 causam
942 1008 1363 1080 inaaqualitatis
1393 1007 1452 1061 in
1483 1005 1796 1069 divisione,
1820 1001 1985 1075 quod
2010 1000 2233 1057 seilicet

582 1101 756 1156 fuerit
784 1098 1112 1154 secundum
1164 1096 1454 1169 cujusque
1494 1092 1830 1151 facultatem
1869 1094 1924 1147 et
1947 1088 2233 1146 idoneita-

582 1193 713 1246 tem.

655 1280 817 1332 Vers.
854 1277 940 1333 15.
972 1275 1053 1331 Et
1079 1262 1372 1345 profectus
1404 1278 1487 1330 est
1517 1270 1732 1328 statim.
1765 1272 1882 1325 Hoc
1924 1271 2031 1339 est,
2067 1270 2124 1323 et
2145 1283 2233 1323 re-

582 1366 752 1439 liquit
776 1382 877 1421 eos
909 1370 972 1420 ut
995 1368 1407 1435 operarentur.
1449 1362 1611 1417 Sicut
1632 1360 1791 1415 enim
1834 1359 1907 1413 de
1948 1358 2118 1411 vinea
2148 1356 2233 1411 di-

583 1456 667 1510 xit
695 1456 761 1519 7‘,
796 1454 960 1526 quod
991 1452 1207 1509 locavit
1250 1468 1386 1507 eam
1415 1448 1708 1520 agricolis,
1741 1452 1797 1502 et
1826 1461 2072 1518 peregre
2098 1448 2249 1517 pro!

586 1544 774 1599 fectus
807 1546 897 1597 est
926 1560 938 1596 :
974 1542 1054 1597 ita
1082 1540 1219 1596 dicit
1270 1544 1325 1596 et
1355 1554 1535 1607 nunc,
1565 1541 1627 1592 ut
1649 1537 1777 1607 ejus
1807 1535 2005 1591 discas
2031 1533 2234 1604 longa-

580 1632 935 1696 nimitatem,
966 1628 1276 1702 quomodo
1306 1643 1427 1684 non
1471 1626 1755 1682 continue
1796 1626 2040 1696 repetat.
2096 1622 2230 1686 Qui-

582 1719 726 1775 dam
756 1724 955 1775 autem
977 1717 1185 1773 dicunt
1205 1714 1744 1790 peregrinationem
1764 1727 1895 1769 esse
1911 1710 2231 1768 Salvatoris

583 1809 643 1865 in
669 1808 886 1863 coelum
914 1808 1409 1879 assumptionem.

654 1898 820 1952 Vers.
864 1898 948 1951 16.
985 1896 1145 1951 Abiit
1176 1927 1244 1936 —
1282 1894 1448 1949 Vers.
1486 1897 1569 1948 17.
1616 1892 1755 1948 duo.
1813 1888 2126 1963 Duplicant
2160 1902 2232 1944 ea

584 2000 718 2059 quae
750 1985 862 2039 sibi
891 1982 1231 2039 concredita
1270 1987 1409 2037 sunt
1447 1996 1657 2037 omnes
1699 1980 1801 2051 qui
1848 1978 2226 2049 proﬁciscun-

585 2077 678 2128 tur
700 2073 776 2127 ad
808 2072 889 2143 (q)
911 2072 1162 2126 salutem
1194 2069 1644 2141 discipulorum,
1673 2068 1956 2123 facientes
1980 2082 2081 2122 eos
2102 2081 2230 2121 rur-

585 2176 687 2216 sus
717 2165 1105 2233 praaceptores
1141 2160 1415 2214 aliorum.
1456 2159 1498 2229 -ι-
1528 2158 1639 2224 Qui
1674 2157 1826 2212 bene
1865 2159 2144 2228 operatur
2172 2158 2232 2210 et

584 2253 738 2307 recte
767 2250 955 2315 docet,
989 2248 1247 2319 duplicat
1269 2248 1604 2304 concredita
1634 2247 1749 2303 sibi
1776 2246 2015 2303 talenta.

656 2467 816 2521 Vers.
846 2463 930 2519 18.
956 2463 1068 2532 Qui
1093 2479 1230 2521 vero
1247 2464 1441 2520 —sui.
1466 2462 2233 2536 Terramipsammetintet-

581 2555 743 2627 lige:
793 2554 1099 2628 in_seipso
1154 2555 1314 2611 enim
1373 2554 1630 2618 retinuit,
1685 2551 1846 2625 quod
1900 2551 1976 2607 ad
2021 2567 2234 2624 opera-

580 2646 805 2702 tionem
831 2644 1039 2701 datum
1072 2647 1216 2712 erat,
1250 2645 1333 2699 sic
1361 2647 1426 2700 ut
1448 2658 1555 2699 nec
1600 2641 1729 2709 sibi,
1758 2655 1869 2699 nec
1902 2639 2034 2697 aliis
2073 2641 2230 2698 utilis

578 2736 763 2791 ﬁeret.

653 2822 822 2877 Vers.
874 2821 960 2877 i9.
990 2822 1126 2876 Post
1162 2851 1233 2863 —
1273 2822 1580 2895 rationem.
1632 2820 1795 2875 Venit
1820 2819 1989 2890 juxta
2028 2834 2231 2875 secun-

583 2912 728 2968 dum
775 2910 1102 2967 adventum
1149 2908 1332 2965 :ideo
1378 2908 1557 2966 etiam
1598 2909 1767 2974 dixit,
1813 2914 1939 2980 post
1987 2911 2231 2966 multum

582 3009 816 3145 “’32::
849 3088 937 3144 20.
968 3088 1049 3143 Et
1077 3118 1146 3128 —
1174 3102 1282 3159 per
1310 3101 1381 3143 ea
1421 3088 1673 3143 Lucrum
1705 3091 1844 3145 sunt
1880 3087 1985 3159 qui
2024 3068 2130 3161 per
2158 3087 2228 3144 il-

581 3180 695 3237 lius
717 3178 1085 3251 diligentiam
1107 3176 1375 3251 acquisiti
1398 3182 1553 3237 sunt.
1578 3182 1640 3233 ut
1656 3176 1883 3235 dictum
1900 3158 2009 3244 est,
2026 3158 2086 3234 et
2105 3178 2226 3235 fru-
2265 3158 2307 3217 C

580 3269 817 3326 ctiﬁcati
842 3272 975 3324 Deo.

649 3378 808 3432 Vere.
826 3376 915 3431 24.
943 3374 1123 3431 Ait—
1143 3375 1516 3430 constituam.
1531 3373 1729 3431 Multis
1748 3374 1957 3447 gratiis
1973 3375 2226 3447 dignum

577 3465 833 3522 faciam:
866 3465 1059 3521 multa
1087 3463 1244 3520 bona
1270 3463 1375 3519 tibi
1407 3464 1660 3520 tradam.

644 3556 813 3610 Vers.
863 3556 952 3609 21.
1011 3555 1181 3610 Intra
1207 3583 1277 3595 --
1321 3556 1425 3609 tui.
1473 3553 1760 3625 Requiem
1810 3558 1864 3608 et
1907 3553 2227 3612 beatitudi-

573 3659 712 3701 nem
732 3644 809 3715 (r)
834 3659 941 3715 per
966 3658 1185 3698 nomen
1216 3642 1416 3712 gaudii
1447 3641 1821 3712 signiﬁcavit.

646 3736 803 3788 Vers.
836 3734 925 3786 22.
956 3732 1252 3788 Accedens
1282 3762 1349 3773 —
1377 3733 1544 3787 Vers.
1577 3732 1668 3786 23.
1704 3731 2224 3805 Tui.0uauquam

574 3822 829 3878 diversae
853 3822 1091 3877 fuerunt
1112 3821 1334 3890 gratim,
1370 3821 1617 3893 aequalis
1638 3826 1840 3877 tamen
1871 3827 1959 3876 est
1981 3821 2176 3877 honor
2207 3840 2221 3878 :

572 3912 716 3984 quia
745 3917 801 3967 et
830 3911 1061 3983 mquale
1091 3910 1151 3965 in
1183 3910 1296 3965 illis
1328 3910 1612 3965 studium.
1646 3909 1955 3981 Siquidem
1981 3914 2226 3981 uterque

574 4005 819 4073 accepta
874 3999 1218 4071 duplicavit.
1252 3998 1352 4052 Vel
1400 3999 1579 4053 etiam
1628 3999 1794 4053 aliter
1840 3999 1957 4053 dici
2006 4002 2219 4069 potest,

573 4089 739 4163 quod
782 4087 1090 4158 aequaliter
1132 4085 1378 4157 quidem
1429 4085 1773 4156 laudantur,
1819 4091 1875 4141 et
1914 4087 2227 4157 aequaliter

2262 1806 2309 1863 B

2338 554 2549 627 μέλλωνο
2606 560 2695 606 καὶ
2752 554 2886 626 ἄλλῳ
2933 557 3023 628 μὶν
3073 553 3235 609 ἔδωκε
3285 562 3431 611 πέντε
3480 559 3721 625 τάλαντα,
3774 559 3961 629 ἤγουν

2338 642 2515 695 πολλά·
2588 640 2820 715 διάφορα
2902 647 3001 719 γὰρ
3059 647 3126 697 τὰ
3180 643 3542 701 διδασκαλικὰ
3592 652 3960 719 χαρίσματα,

2338 732 2465 805 ἂπερ
2507 733 2532 784 ὁ
2577 732 2780 794 Παῦλος
2827 731 3253 806 ἀπηριθμὴσατο·
3316 736 3449 808 ἄλλῳ
3499 734 3556 788 δὲ
3610 732 3724 801 δύο,
3781 755 3961 787 τουτ-

2338 824 2477 874 έστιν
2530 820 2697 892 ὀλίγα’
2746 821 2883 893 ἄλλῳ
2933 819 2992 875 δί
3037 824 3087 876 ἓν
3128 828 3301 896 μόνον.
3355 822 3469 880 Εἶεν
3513 821 3562 877 δ’
3611 822 3672 876 ἀν
3700 823 3857 876 οὗτοι
3900 828 3959 876 οἱ

2337 908 2613 963 ἐπίσκοποι
2657 913 2747 962 καὶ
2789 907 3107 964 διδάσκαλοι
3151 919 3250 964 τῶν
3298 914 3416 984 (55)
3451 912 3761 971 ἓκκλησιῶν.
3809 908 3957 966 Εἶτα

2335 1001 2660 1072 προστίθησι
2710 1004 2799 1051 καὶ
2844 1004 2940 1059 τὴν
2990 1000 3159 1053 αἰτίαν
3211 1010 3307 1064 τῆς
3353 1001 3400 1054 ἓν
3439 1010 3501 1075 τῇ
3551 998 3777 1075 διανομῇ
3835 1000 3956 1054 ἀνι-

2340 1090 2571 1151 σότητος,
2625 1088 2706 1140 ὅτι
2754 1090 2886 1141 κατὰ
2935 1092 3028 1148 τὴν
3077 1089 3298 1143 ἑκάστου
3349 1087 3570 1163 δύναμιν
3614 1096 3705 1143 καὶ
3752 1089 3952 1149 ἐπιτη-

2339 1172 2374 1227 δ
2376 1179 2609 1235 πιότητα.

2411 1269 2512 1318 Καὶ
2564 1261 2900 1337 ἀπεδήμησεν
2948 1268 3145 1328 εὐθέως.
3214 1268 3357 1320 ’Λντὶ
3415 1274 3527 1331 τοῦ,
3582 1272 3673 1319 καὶ
3740 1265 3953 1339 ἀφῆκεν

2338 1352 2527 1415 αὐτοὺς
2590 1353 2921 1425 ἐργάξεσθαι.
2980 1358 3220 1430 Καθάπερ
3270 1358 3369 1430 γὰρ
3430 1354 3513 1408 ἐπὶ
3551 1363 3642 1409 τοῦ
3690 1354 3953 1429 ἀμπελῶ-

2337 1461 2421 1503 νος
2487 1439 2621 1494 εἶπεν
2692 1445 2771 1496 ὃτι
2844 1440 3043 1506 ἐξέδοτο
3121 1444 3277 1497 αὐτὸν
3332 1451 3583 1517 γεωργοῖς
3642 1448 3736 1507 καὶ
3808 1443 3951 1497 ἀπι-

2340 1525 2603 1601 δήμησιν’
2666 1530 2799 1584 οὕτω
2847 1536 2978 1604 φησί
3027 1537 3117 1585 καὶ
3154 1541 3262 1589 νῦν.
3304 1532 3389 1586 ἳνα
3416 1536 3590 1606 μάθῃς
3617 1538 3711 1591 τὴν
3742 1552 3953 1607 μιαρο-

2341 1619 2527 1690 θυμίαν
2602 1620 2781 1687 αὐτοῦ,
2856 1629 2966 1683 πῶς
3050 1621 3145 1674 οὐκ
3216 1621 3403 1686 εὐθέως
3488 1620 3716 1677 ἀπαιτιῖ.
3789 1623 3952 1684 Τινὲς

2341 1704 2399 1759 δέ
2444 1726 2600 1779 φασιν
2653 1705 2955 1782 ἀποδημίαν
3007 1715 3102 1769 τήν
3148 1710 3205 1762 ἐκ
3241 1718 3345 1783 γῆς
3383 1711 3455 1772 εἰς
3491 1710 3707 1784 οὐρανὸν
3748 1709 3952 1771 ἀνάλη-

2322 1794 2429 1866 ψιν
2466 1804 2556 1848 τοῦ
2587 1804 2847 1871 Σωτῆρος.

2411 1888 2681 1957 Πορευθεὶς
2736 1916 2807 1927 -
2860 1882 2981 1943 δύο.
3036 1886 3457 1948 Διπλασιάζουσι
3526 1890 3594 1940 τὰ
3658 1886 3947 1961 ἐμπιστευ-

2342 1973 2489 2025 θέντα
2526 1975 2731 2036 τούτοις
2774 1974 2890 2047 (56)
2921 1979 3238 2051 χαρίσματα
3280 1977 3470 2037 πάντας
3495 1977 3545 2028 οἱ
3591 1974 3943 2049 ἕμπορευόμε-

2337 2080 2413 2113 νοι
2458 2066 2550 2120 τὴν
2598 2072 2698 2116 τῶν
2739 2066 2985 2136 μαθητῶν
3040 2068 3324 2139 σωτηρίαν,
3386 2069 3477 2117 καὶ
3527 2072 3799 2125 ποιοῦντος
3846 2070 3942 2118 καὶ

2339 2151 2524 2211 αὐτοὺς
2596 2148 2950 2213 διδασκάλους
3026 2155 3179 2207 πάλιν
3239 2153 3443 2227 ἑτέρων.
3512 2153 3592 2227 [Ὀ
3669 2154 3786 2226 (57)
3844 2158 3943 2208 καὶ

2256 2254 2257 2267 ³
2338 2243 2577 2313 πράττων
2627 2242 2813 2309 καλῶς,
2854 2248 2944 2295 καὶ
2993 2239 3263 2295 διδάσκων
3311 2243 3499 2315 ὀρθῶς,
3538 2246 3606 2295 τὰ
3651 2243 3940 2317 ἐμπιστευ-

2342 2332 2492 2383 θέντα
2531 2328 2870 2393 διπλασιάζει
2907 2332 3187 2403 τάλαντα,]

2409 2418 2468 2471 Ὀ
2525 2416 2584 2474 δὶ
2626 2450 2695 2461 -—
2745 2420 2924 2475 αὐτοῦ.
2986 2427 3085 2479 Γῆν
3146 2421 3299 2474 αὐτὸν
3353 2425 3565 2479 νόησον.
3618 2422 3701 2477 Ἐν
3769 2422 3939 2495 ἑαυτῷ

2340 2511 2440 2583 γὰρ
2484 2513 2756 2581 κατέχωσε
2800 2514 2857 2563 τὸ
2899 2506 3047 2563 δοθὲν
3097 2510 3167 2572 εἰς
3214 2511 3485 2584 ἐργασίαν,
3519 2513 3589 2573 ὡς
3624 2516 3755 2584 μήτε
3792 2513 3939 2587 αὐτῷ

2341 2601 2463 2671 μηθ’
2503 2598 2685 2673 ἑτέροις
2716 2599 2827 2673 (58)
2858 2606 3257 2674 χρησιμεῡσαι.

2410 2850 2555 2902 Μετὰ
2628 2880 2697 2891 —-
2770 2848 2940 2922 λόγον.
3016 2847 3270 2922 Ἔρχεται
3340 2849 3474 2901 κατά
3530 2850 3619 2905 τὴν
3675 2842 3922 2922 δευτέραν

2341 2938 2452 3011 (59)
2502 2944 2812 3009 παρουσίαν.
2869 2941 2955 2990 Διό
3011 2942 3120 3005 καὶ,
3166 2939 3297 3011 μετά
3342 2942 3533 3013 χρόνον
3569 2936 3739 3008 πολὺν,
3778 2934 3910 2997 εἷπε.

2338 3032 2571 3102 Συναίρει
2611 3024 2669 3080 δὲ
2699 3025 2866 3099 λόγον,
2904 3024 3016 3080 ἀντὶ
3050 3033 3163 3097 τοῦ,
3198 3033 3338 3080 Kr.st
3364 3026 3680 3098 λογοθέσιον.

2409 3121 2511 3169 Καὶ
2566 3147 2635 3157 -
2699 3113 2774 3168 ἔπ’
2850 3116 3043 3185 αὐτοῖς.
3105 3113 3488 3191 Κέρδοςηείσὶν
3559 3119 3608 3169 οἱ
3677 3112 3770 3169 διὰ
3841 3122 3933 3177 τῆς

2340 3202 2580 3268 σπουδῆς
2628 3204 2787 3258 αὐτοῦ
2830 3207 3096 3268 κτηθέντες
3142 3205 3277 3277 (60),
3311 3206 3380 3267 ὡς
3408 3205 3634 3279 εἴρηται,
3670 3210 3759 3259 καὶ
3807 3224 3933 3281 καρ-

2335 3298 2708 3369 ποφορηθίντις
2736 3299 2863 3367 Θεῷ.

2404 3384 2537 3457 Ἐφη
2571 3416 2639 3425 -—
2686 3388 3024 3438 καταστώσω.
3074 3376 3279 3445 Πολλῶν
3324 3387 3560 3460 χαρίτων
3606 3402 3663 3441 σε
3702 3382 3933 3453 ἀξιώσω,

2334 3474 2530 3528 πολλῶν
2558 3473 2763 3544 ἀγαθῶν
2792 3493 2875 3527 σοι
2902 3469 3219 3546 μεταδώσω.

2406 3561 2615 3617 Εἵσελθε
2703 3594 2771 3603 -
2856 3582 2971 3616 σου.
3065 3566 3169 3620 Τὴν
3263 3560 3472 3615 ἅπασαν
3568 3565 3939 3636 μακαριότητα

2336 3649 2429 3705 διὰ
2458 3659 2548 3705 τοῦ
2574 3650 2818 3724 ὀνόματος
2844 3658 2933 3712 τῆς
2957 3653 3129 3724 χαρᾶς
3158 3648 3423 3709 ἐδήλωσε,

2407 3739 2710 3814 Πρόσελθών
2754 3738 2974 3797 -νσου.
3014 3740 3077 3794 Εἰ
3112 3744 3200 3792 καὶ
3233 3737 3461 3813 διάφορα
3489 3742 3555 3794 τὰ
3592 3728 3932 3815 χαρίσματα,

2336 3829 2440 3883 ἀλλ’
2472 3834 2565 3889 ἴση
2612 3833 2759 3902 τιμὴ,
2796 3826 2937 3882 διότι
2963 3834 3053 3881 καὶ
3095 3830 3182 3887 ἴση
3226 3832 3428 3891 τούτοις
3472 3831 3501 3888 ἡ
3540 3826 3746 3887 σπουδή
3785 3830 3926 3902 (61).

2338 3925 2437 3973 Καὶ
2504 3922 2604 3992 γὰρ
2666 3920 2904 3993 ἑκάτερος
2954 3921 3019 3970 τὰ
3087 3914 3343 3991 διδόμενα
3403 3915 3798 3975 ἐδιπλασίασεν.
3862 3916 3928 3971 Ἠ

2335 4014 2423 4061 καὶ
2492 4009 2669 4080 ἑτέρως
2744 4009 2897 4059 εἶπεν
2978 4008 3203 4074 Ἐπίσης
3279 4010 3368 4081 μὲν
3434 4006 3782 4074 ἐπαινοῦνται,
3845 4010 3932 4061 καί

2337 4097 2522 4158 ἐπίσης
2554 4097 2866 4167 εἰσάγονται·
2898 4093 2933 4148 δ
2939 4100 3159 4169 ιαγόρων
3188 4093 3246 4148 δί
3275 4104 3374 4148 τῶν
3405 4095 3632 4169 ἀμόιϐῶν
3662 4082 3932 4160 ἀξιοῦνται

572 4176 1053 4237 introducuntur,
1112 4173 1219 4227 sed
1284 4172 1685 4228 diversimode
1768 4179 2257 4229 remunerantur

568 4268 738 4339 juxta
775 4261 1224 4334 proportionem
1263 4260 1586 4333 lu‘crorum,
1628 4268 1776 4333 quas
1807 4262 1883 4319 ab
1934 4262 2017 4319 eis
2072 4263 2230 4321 facta

576 4354 733 4408 sunt.

2336 4188 2451 4241 κατ’
2484 4186 2759 4258 ἀναλογίαν
2795 4193 2894 4237 τῶν
2925 4182 3385 4261 ἕπικερδηθέντων.

645 4442 805 4494 Vers.
850 4438 939 4494 24.
972 4438 1269 4497 Accedens
1296 4469 1367 4482 -—
1402 4442 1564 4496 νοτε.
1597 4440 1685 4496 25.
1728 4442 1878 4515 quod
1923 4445 2088 4500 tuum
2126 4450 2226 4500 est.

2410 4442 2715 4520 Προσελθὼν
2812 4474 2880 4485 -
2975 4448 3031 4497 τό
3135 4447 3243 4498 σόν.
3312 4440 3564 4519 Σκληρός,
3640 4442 3757 4497 ἀντί
3820 4451 3928 4510 τοῦ,

577 4534 792 4593 Durus,
822 4528 938 4584 hoc
969 4534 1059 4584 est
1102 4534 1395 4585 austerus.
1429 4531 1685 4588 Putabat
1711 4510 1870 4588 enim
1907 4533 2067 4605 quod
2100 4534 2229 4590 sola

2338 4510 2623 4607 αὐστηρός.
2667 4531 2818 4586 Ὠετο
2865 4534 2967 4608 γὰρ
3005 4534 3081 4586 ὅτι
3131 4536 3259 4605 μόνη
3299 4532 3329 4592 ἡ
3389 4510 3598 4593 σπουδή
3638 4541 3738 4586 τῶν
3778 4522 3925 4604 ἔμπο-

576 4618 882 4688 diligentia
900 4634 1106 4675 eorum
1122 4619 1221 4692 qui
1239 4620 1719 4691 negotiabantur,
1734 4622 1861 4677 sine
1884 4623 1982 4678 Dei
2005 4623 2227 4679 auxilio

2336 4628 2619 4699 ρευομένων
2678 4624 2797 4675 ἄνευ
2872 4631 2968 4684 τῆς
3043 4620 3097 4675 ἐκ
3171 4624 3302 4691 Θεοῦ
3379 4620 3629 4696 βοηθείας
3685 4622 3929 4693 κατορθοῖ

575 4723 755 4768 omne
786 4708 1015 4765 lucrum
1037 4709 1313 4766 efﬁceret.
1349 4708 1522 4768 Hanc
1551 4715 1745 4769 autem
1766 4711 2227 4785 responsionem

2336 4718 2395 4767 τὸ
2424 4720 2543 4768 πᾶν.
2585 4715 2790 4769 Ταύτην
2843 4709 2904 4765 δέ
2929 4716 3023 4771 τὴν
3054 4711 3332 4785 ἀπολογίαν
3373 4711 3727 4785 ἐσχημάτισεν
3764 4711 3794 4768 ἡ
3827 4728 3921 4762 πα-

574 4799 799 4858 efﬂnxit
828 4798 1137 4872 parabole,
1166 4801 1369 4857 volens
1392 4801 1702 4859 ostendere
1726 4801 1888 4876 quod
1916 4800 2060 4857 tales
2080 4800 2226 4857 nihil

646 4898 697 4936 ⁷⁸
723 4898 923 4956 Matth.
957 4914 1075 4970 ui,
1098 4898 1189 4956 33.
2130 4922 2131 4925 η

2334 4803 2550 4879 ραϐολὴ,
2603 4800 2771 4866 δεῖξαι
2798 4800 3117 4875 βουλομένη
3154 4801 3234 4855 ὅτι
3266 4802 3335 4856 οἱ
3374 4806 3603 4856 τοιοῦτοι
3659 4792 3805 4854 οὖδξν
3855 4801 3929 4853 εὔ-

1772 4996 2000 5068 Varias
2036 4998 2376 5072 lectiones
2406 5008 2472 5068 et
2501 5008 2680 5068 notae

670 5112 764 5183 55)
788 5118 921 5177 Τῶν,
954 5112 1169 5169 omittit
1197 5113 1257 5168 Β.

677 5188 764 5255 56)
793 5184 1029 5256 Ἐαυτοίς
1076 5191 1179 5241 aut
1203 5184 1379 5246 αὐτοῖς
1403 5184 1747 5256 legendum,
1796 5186 1881 5243 uti
1909 5187 2228 5246 Hentenius

578 5255 759 5333 etiam
789 5255 1065 5333 reddidit.
1319 5326 1336 5333 _
1441 5255 1482 5333 ς
1716 5327 1727 5333 _
1911 5329 1930 5333 _
1959 5329 1989 5333 __
2020 5314 2025 5333 ε

652 5328 759 5408 (ξῖ)
791 5330 923 5408 llaec
952 5333 1200 5408 uterque
1230 5326 1413 5408 codex
1440 5327 1500 5384 in
1538 5327 1809 5398 margine
1840 5326 2089 5387 exhibet.

652 5338 737 5408 (57
792 5338 923 5382 Haec
952 5338 1200 5398 uterque
1230 5338 1413 5383 coaex

652 5338 764 5474 (58;
793 5405 976 5465 Τοῦτο,
1006 5398 1327 5471 interponit
1352 5400 1418 5456 Α.

2276 5320 2301 5335 ”
2340 5320 2456 5404 que

2438 5117 2526 5185 59)
2559 5114 2745 5179 Αὐτοῦ,
2780 5112 2947 5170 addit
2977 5114 3045 5171 Α.

2432 5190 2523 5247 60)
2566 5188 2884 5247 Κτησθίντις
2914 5190 2975 5241 Α.

2438 5118 2526 5185 59)
2559 5118 2745 5179 Αὑτοῦ,
2780 5118 2947 5170 addit
2977 5118 3045 5171 Α.
3502 5146 3503 5149 η
3580 5132 3587 5141 ι

2432 5191 2501 5244 60
2566 5188 2884 5247 Κτησθέντις
2914 5190 2975 5241 Α.

2400 5314 2403 5321 _
2431 5190 2523 5383 61}
2550 5264 2852 5333 Τιμή,’,ρτο
2893 5252 3101 5314 σπουδή
3147 5255 3212 5310 A.
3242 5254 3524 5329 Deinceps
3553 5254 3767 5339 repetit
3795 5270 3935 5331 quo-

2400 5348 2456 5383 le
2528 5333 2627 5383 ιὸτι
2650 5329 2726 5383 ad
2751 5324 2985 5383 σπουδὴ.
3018 5330 3170 5383 Ergo
3194 5326 3289 5383 bis
3316 5327 3478 5383 idem
3513 5328 3772 5383 scripsit.

2528 5324 2627 5383 ιὸτί
2650 5324 2985 5388 δᾶἱτπουδὴ.
3018 5330 3170 5401 Ergo
3194 5326 3289 5384 bis
3316 5324 3478 5384 idem
3513 5324 3772 5401 scripsit.

655 5576 735 5649 (q)
786 5574 1245 5640 Proﬁciscuntur
1290 5577 1389 5633 ad.
1450 5560 1796 5644 Lucrantur,
1848 5592 1987 5634 cum
2037 5578 2233 5637 fructu

2343 5579 2513 5635 Forte
2551 5594 2659 5652 pro
2706 5578 2915 5631 ἅπασαν
2961 5577 3101 5650 legit
3160 5576 3451 5631 ἀνάπαυσιν
3500 5580 3603 5636 aut
3641 5562 3935 5633 ἀνάπαυλαν

586 5651 818 5705 curant.

659 5720 738 5792 (r)
760 5717 1013 5792 Requiem
1028 5726 1077 5777 et
1095 5718 1497 5778 beatitudidem.
1514 5720 1765 5777 Omnem
1779 5719 2232 5779 beatitudinem.

2344 5655 2459 5735 καί.
