4170 6334
224 352 345 409 637

1185 344 1560 405 COMMENT.
1609 341 1682 398 IN
1721 333 2174 397 MATTHEUM-
2211 364 2283 379 —
2319 335 2485 392 CAP.
2530 333 2708 392 XXV.

3503 333 3611 390 638

223 478 389 551 λογον
444 476 877 549 ἀπολογήσασθαι
930 473 1340 537 δυνηθήσονται,
1383 476 1473 524 καὶ
1524 471 1602 524 ὃτι
1641 471 1740 523 ὅσα
1782 469 1843 520 ἂν

1965 462 2305 520 rationabile
2322 460 2682 533 respondere
2703 463 2985 532 poterunt
3007 477 3020 516 :
3044 464 3101 515 et
3119 459 3284 532 quod
3304 475 3610 532 quaecum-

233 565 695 638 ἀπολογήσωνται,
777 565 892 619 κατ’
950 566 1114 618 αὐτῶν
1192 564 1363 616 πάντα
1434 563 1846 637 περιτραπήσον-

231 675 350 709 ται.
398 662 498 710 Καὶ
530 657 685 708 οἷκουε
715 664 814 708 τῶν
845 656 978 719 ἑξῆς.

315 746 643 819 ’Δποκριθεὶς
729 775 798 786 -
853 749 1008 815 τόκῳ.

236 834 456 904 ἐκείνου,
491 841 660 887 ταῦτα
707 832 841 886 εἶπεν
894 836 919 887 ό
966 836 1151 907 Κύριος
1177 853 1189 866 ·
1223 827 1372 884 οὐδὲν
1411 830 1512 901 γὰρ
1565 829 1846 901 κατορθοῦ-

233 944 329 978 ται
357 927 526 997 χωρὶς
550 923 711 976 αὐτοῦ
735 941 746 954 ·
783 923 889 976 ἀλλ’
922 924 1236 984 ὑποθετικῶς
1270 924 1355 973 τόν
1400 919 1550 990 λόγον
1606 921 1844 991 προήγα-

229 1033 348 1086 γεν,
377 1015 456 1066 ὅτι
483 1012 548 1069 Εἰ
575 1017 664 1065 καὶ
691 1021 927 1075 τοιοῦτος
958 1016 1116 1085 ἥμην,
1161 1012 1282 1085 ὅπερ
1313 1008 1408 1062 οὐκ
1455 1007 1652 1075 ἄληθες,
1707 1007 1846 1076 ὅμως

233 1104 351 1157 ἕπεὶ
402 1106 638 1156 τοιοῦτόν
689 1122 752 1174 με
804 1100 1099 1174 ἇγίνωσκες,
1148 1097 1243 1152 διὰ
1289 1105 1441 1152 τοῦτο
1496 1096 1683 1170 μᾶλλον
1736 1091 1845 1147 ἔδει

237 1211 303 1246 σε
342 1190 650 1244 καταϐαλεῖν
679 1193 737 1244 1'6
768 1193 1017 1266 χάρισμα
1054 1209 1154 1263 μου
1198 1196 1306 1252 τοῖς
1344 1185 1516 1241 εἰδόσι
1559 1183 1842 1259 διακρίνειν

231 1284 301 1335 τὸ
339 1281 495 1334 καλὸν
540 1279 639 1333 ἀπὸ
683 1288 775 1333 τοῦ
820 1287 1005 1336 κακοῦ.
1055 1281 1282 1342 Τούτους
1322 1279 1423 1352 γὰρ
1468 1276 1604 1347 λέγει
1652 1293 1843 1350 τραπε-

232 1370 418 1433 ζίτας,
463 1366 613 1423 Ἔδει
643 1388 701 1422 σε
753 1365 994 1435 διδάξαι,
1048 1370 1378 1438 νουθετῆσαι,
1429 1363 1838 1438 συμϐουλεῦσαι,

1108 741 1230 814 Οὐχ
1317 741 1386 802 ὡς
1470 737 1846 799 ἁληθεύσαντος

1954 571 2072 625 que
2089 551 2535 625 respondebunt
2554 555 2760 606 contra
2783 551 3012 623 seipsos
3034 551 3239 607 omnia
3264 556 3610 608 converten-

1955 649 2067 701 tur.
2096 643 2248 699 Audi
2273 657 2414 712 ergo
2449 658 2579 713 quas
2613 648 2962 712 sequuntur.

2026 751 2191 806 Vers.
2221 751 2308 806 26.
2333 748 2682 818 Respondens
2707 779 2776 788 —-—
2803 750 2963 802 Vers.
2984 749 3072 802 27.
3097 763 3295 804 usura.
3318 750 3443 803 Non
3468 764 3609 822 qua-

1957 841 2006 894 si
2026 839 2120 893 ille
2134 855 2269 894 vera
2286 836 2497 892 dixerit
2516 837 2645 890 haec
2664 836 2744 891 ait
2766 836 3090 907 Dominus;
3113 836 3257 891 nihil
3275 839 3432 893 enim
3449 841 3608 893 recte

1953 926 2018 982 ﬁt
2057 927 2182 981 sine
2219 926 2344 998 ipso
2372 943 2387 996 ;
2423 923 2529 979 sed
2567 925 2878 996 supposito
2914 939 3188 980 sermone
3220 927 3509 997 procedit,
3541 941 3608 981 ac

1955 1015 2003 1070 si
2029 1016 2251 1071 diceret
2284 1037 2295 1069 :
2338 1015 2396 1070 Si
2423 1015 2600 1070 etiam
2636 1014 2768 1068 talis
2802 1029 3014 1083 essem,
3048 1015 3211 1085 quod
3245 1031 3451 1069 verum
3484 1031 3608 1071 non

1954 1109 2064 1168 est,
2083 1109 2285 1160 tamen
2307 1102 2451 1175 quia
2468 1102 2646 1159 talem
2666 1117 2760 1157 me
2777 1116 3055 1166 noveras,
3076 1100 3212 1156 ideo
3232 1102 3423 1171 magis
3435 1118 3610 1174 opor-

1952 1193 2112 1249 tebat
2141 1198 2194 1249 te
2226 1193 2572 1264 exposuisse
2603 1192 2830 1246 donum
2865 1205 3086 1257 meum,
3117 1189 3207 1244 his
3233 1190 3326 1261 qui
3363 1193 3611 1246 nossent

1953 1282 2176 1338 bonum
2201 1299 2234 1336 a
2250 1297 2436 1354 pravo
2458 1280 2536 1352 dij
2547 1281 2787 1335 udicare
2813 1297 2830 1334 :
2852 1279 2963 1334 hos
2985 1280 3143 1333 enim
3167 1277 3430 1351 appellat
3449 1294 3611 1335 men-

1953 1373 2144 1428 sarios
2172 1388 2185 1429 :
2219 1372 2483 1444 oportuit
2521 1377 2577 1427 te
2623 1370 2918 1440 docuisse,
2948 1370 3360 1434 admonuisse,
3394 1386 3610 1425 consu-

225 1464 340 1513 πᾶν
394 1461 456 1511 1'6
504 1461 596 1512 σόν
647 1465 890 1526 ποιῆσαι,
941 1460 999 1511 τό
1037 1455 1098 1511 δε
1156 1457 1334 1510 λοιπὸν
1391 1455 1504 1528 ίμοὶ
1547 1453 1838 1527 ἐπιτρίψαι,

1965 1461 2150 1529 uisse,
2193 1460 2451 1534 quiquid
2479 1460 2541 1515 in
2573 1462 2626 1515 te
2655 1463 2782 1514 erat
2812 1458 3040 1528 fecisse,
3074 1457 3374 1532 reliquum
3406 1462 3608 1514 autem

223 1547 370 1620 λέγω
421 1543 492 1607 δὴ
547 1549 644 1606 τήν
699 1545 1006 1606 ἂπαίτησιν.
1056 1543 1206 1601 Ἔδει
1259 1565 1317 1599 σε
1369 1547 1428 1598 1'6
1476 1544 1841 1616 εὐχερέστερον

1965 1549 2094 1605 mihi
2125 1549 2514 1621 permississe,
2544 1547 2678 1603 dico
2705 1562 2849 1603 sane
2878 1546 3289 1618 repetitionem
3313 1564 3326 1602 :
3352 1548 3611 1618 Oportuit

227 1640 359 1697 τέως
405 1632 838 1709 διαπράξασθαι’
889 1638 948 1689 τὸ
989 1633 1048 1689 δὲ
1081 1633 1494 1709 δυσχερέστερον
1534 1632 1647 1705 ἐμοὶ
1683 1651 1843 1684 κατα-

1965 1651 2006 1694 Le
2035 1638 2187 1710 quod
2218 1636 2448 1694 facilius
2473 1640 2560 1692 est
2588 1637 2810 1691 interea
2842 1635 3181 1706 perfecisse,
3210 1636 3375 1708 quod
3405 1640 3606 1692 autem

230 1723 423 1779 λιπεῖν.
476 1727 677 1779 Δάνειον
709 1727 799 1798 μὲν
845 1725 933 1778 οὖν
978 1725 1008 1784 ἡ
1068 1721 1429 1778 διδασκαλία’
1463 1727 1614 1784 τόκος
1646 1719 1705 1775 δε
1750 1726 1842 1773 τοῦ

1965 1726 2252 1783 lifﬁcilius
2287 1731 2376 1782 est
2419 1725 2563 1782 mihi
2594 1724 2924 1798 reliquisse.
2960 1726 3059 1781 Es
3088 1725 3291 1796 itaque
3322 1725 3604 1793 alienum,

234 1815 478 1866 τοιούτου
529 1811 734 1867 δανείου
783 1814 813 1872 ἡ
866 1816 1144 1889 προσθήκη
1177 1821 1276 1866 τῶν
1331 1811 1734 1888 ἆρετῶν’τόκον
1785 1806 1843 1863 δὲ

1965 1817 2221 1872 ioctrina
2241 1820 2359 1870 est:
2382 1831 2566 1870 usura
2581 1831 2722 1870 vero
2746 1815 2879 1869 talis
2895 1814 3049 1879 aeris,
3064 1815 3287 1869 additio
3309 1815 3603 1870 virtutum.

236 1906 339 1961 τὴν
395 1899 714 1979 ἐπικίρδειαν
766 1901 938 1966 ἁπλῶς
992 1902 1246 1976 ὠνόμασε,
1300 1909 1363 1975 τῇ
1422 1902 1669 1973 συνηθείᾳ
1706 1918 1844 1974 χρη-

239 1993 467 2067 σάμενος
479 2034 492 2049 .

313 2081 510 2156 Ἀρατε
596 2110 664 2122 -
745 2079 829 2132 ἀπ’
912 2081 1090 2135 αὐτοῦ.
1163 2080 1426 2136 Ἐκέλευσε
1505 2081 1844 2152 γυμνωθῆναι

239 2171 403 2225 αὐτὸν
437 2178 527 2224 τοῦ
580 2167 964 2224 διδασκαλικοῡ
1020 2170 1346 2242 ἀξιώματος·
1403 2177 1554 2223 τοῦτο
1582 2171 1684 2242 ’γὰρ
1735 2165 1844 2222 εἶπε

235 2261 490 2315 τάλαντον
513 2279 527 2293 ·
558 2265 648 2314 καὶ
676 2266 769 2319 τὴν
816 2265 974 2333 τιμὴν
1002 2263 1197 2320 ταύτην
1230 2261 1298 2324 εἰς
1341 2262 1647 2336 προσθήκην
1684 2256 1843 2316 δοθῆ-

234 2370 323 2404 ναι
357 2359 430 2421 τῷ
461 2353 638 2421 ἔχοντι
666 2352 734 2402 τὰ
765 2347 895 2403 δίκα
937 2348 1180 2405 τάλαντα.
1228 2354 1390 2402 Παντὶ
1418 2351 1518 2422 γὰρ
1562 2357 1632 2420 τῷ
1663 2350 1840 2420 ἔχοντι

235 2436 481 2499 σπουδήν
528 2457 583 2493 τε
635 2443 725 2493 καὶ
773 2438 1061 2512 ἕπιμὲλειαν
1112 2436 1398 2497 δοθήσεται
1442 2443 1567 2511 τιμὴ
1618 2441 1707 2490 καὶ
1749 2455 1838 2489 πε-

233 2533 524 2606 ρισσοτίρα
582 2536 680 2591 τῆς
749 2526 1128 2591 ἓπιϐαλλούσης
1181 2529 1350 2599 αὐτῷ’
1427 2527 1528 2580 ἀπὸ
1611 2523 1671 2580 δε
1746 2532 1854 2582 τοῦ,

235 2621 310 2692 μὴ
375 2620 588 2690 ἔχοντος
642 2613 902 2689 σπουδὴν,
969 2621 1034 2679 ὡς
1101 2620 1323 2692 εἴρηται,
1372 2621 1463 2669 καὶ
1528 2615 1832 2689 ἓπιμίλειαν.

236 2711 329 2761 καὶ
367 2706 392 2760 ὃ
432 2709 546 2779 ἔχει
577 2704 963 2760 διδασκαλικὸν
1016 2705 1238 2780 ἀξίωμα,
1281 2705 1705 2781 ἀφαιρεθήσεται,
1755 2701 1841 2758 οἶα

238 2800 311 2870 μὴ
339 2799 680 2872 χρησαμένου
722 2796 878 2868 αὐτῷ.

313 2890 418 2939 Καὶ
474 2889 559 2937 τὸν
608 2884 819 2960 ἀχρεῖον
872 2883 1055 2938 δοῦλον
1103 2917 1173 2927 -
1237 2882 1480 2938 ὀδόντων.
1550 2883 1626 2937 Οὐ
1680 2887 1842 2958 μέχρι

241 2983 340 3036 τῆς
424 2972 740 3046 ἀφαιρέσεως
814 2977 1001 3034 ἔστησε
1077 2978 1169 3034 τὴν
1255 2975 1465 3048 ζημίαν,
1555 2974 1682 3027 ἀλλὰ
1751 2978 1840 3027 καὶ

245 3061 315 3124 εἰς
368 3061 624 3136 ἀφόρητον
681 3061 949 3136 ἀπέπεμψε
1005 3064 1238 3132 κόλασιν,
1294 3062 1507 3138 ἀχρεῖον
1574 3064 1730 3116 αὐτὸν
1779 3063 1846 3116 εἰ-

239 3155 372 3218 πὼν,
416 3154 482 3212 ὡς
535 3153 809 3226 ἄχρηστον
857 3157 944 3206 καὶ
984 3153 1199 3228 ὀκνηρόν
1223 3173 1234 3185 ·
1269 3152 1404 3228 Ὀρα
1456 3159 1672 3228 πρᾶγμα
1701 3152 1844 3225 906e—
1880 3167 1920 3225 ς,

239 3246 348 3316 ρόν.
385 3241 674 3301 Κολάζεται
707 3244 830 3317 γὰρ,
873 3243 978 3316 οὐχ
1023 3245 1103 3295 ὅτι
1159 3243 1345 3316 ἔπραξε
1395 3247 1550 3308 κακὰ,
1604 3243 1711 3295 ἀλλ’
1765 3245 1843 3296 ὄτι

240 3331 334 3383 οὐκ
408 3330 666 3407 ἔπραξεν⁸
731 3330 924 3403 ἀγαθά.
999 3331 1264 3386 Ἕκκλινον
1320 3335 1443 3408 γὰρ,
1501 3337 1676 3405 φησὶν,
1744 3331 1844 3384 ἀπὸ

239 3425 424 3485 κακοῦ,
518 3423 610 3473 καὶ
693 3423 914 3478 ποίησον
1008 3420 1222 3494 ἀγαθόν.
1303 3420 1368 3474 Ἡ
1456 3425 1629 3494 μέντοι
1711 3424 1846 3474 κατά

239 3508 300 3559 1'6
357 3506 635 3570 ἕξηκοστὸν
689 3505 910 3581 ἕϐδομον
977 3511 1250 3582 κεφάλαιον
1325 3517 1417 3562 τοῦ
1487 3515 1669 3564 Λουκᾶ
1743 3519 1843 3562 τῶν

243 3592 371 3650 δέκα
441 3606 577 3669 μνῶν
653 3597 922 3670 παραϐολή
987 3598 1132 3672 ἑτέρα
1189 3601 1334 3675 παρὰ
1408 3602 1598 3657 ταύτην
1679 3597 1839 3667 ἐστὶν,

243 3684 400 3738 εἶκαὶ
429 3685 683 3739 τὰπολλὰ
709 3689 888 3739 ἔοικεν.
941 3687 1022 3741 Ἐν
1072 3687 1236 3763 ἐκείνη
1279 3690 1379 3764 ’γὰρ
1421 3691 1476 3741 αἱ
1526 3685 1698 3749 δόσεις
1753 3691 1842 3760 μὲν

241 3776 374 3840 ἶσαι,
406 3776 472 3826 τὰ
501 3771 661 3847 κέρδη
697 3772 756 3828 δε
787 3777 944 3828 ἄνισα
971 3782 1061 3829 καὶ
1089 3779 1143 3829 αἱ
1171 3782 1342 3841 τιμαί.

312 3861 491 3935 [Διότι
522 3864 634 3937 (62)
673 3865 806 3923 αὕτη
847 3868 936 3937 μὲν
962 3870 1081 3938 περὶ
1136 3863 1398 3941 διαφόρων
1449 3862 1842 3919 διδασκαλικῶν

240 3953 595 4025 χαρισμάτων
671 3949 1032 4026 διαλαμϐάνει,
1105 3958 1176 4028 μὴ
1252 3951 1538 4028 διδομένων
1614 3953 1841 4018 ἐπίσης·

244 4038 409 4098 ἐκείνη
440 4036 498 4093 δὲ
529 4045 645 4116 περὶ
673 4037 934 4117 διαφόρων
966 4039 1254 4116 διδομένων
1285 4043 1532 4119 ἐπίσης.]

319 4169 466 4219 ΚΕΦ.
553 4166 675 4221 ΞΜ.
734 4171 859 4242 Περὶ
933 4175 1028 4230 τῆς
1098 4168 1337 4231 ἐλεύσεως
1418 4176 1510 4222 τοῦ
1584 4175 1840 4243 Χριστοῦ.

315 4275 475 4323 Ὅταν
513 4302 581 4313 -
611 4272 791 4330 αὑτοῦ.
824 4277 1021 4328 Λοιπὸν
1063 4272 1328 4348 διηγεῖται
1372 4281 1462 4329 καὶ
1502 4278 1568 4330 τὰ
1595 4286 1690 4339 τῆς
1728 4273 1846 4330 δευ-

246 4361 398 4432 τέρας
464 4367 753 4433 παρουσίας
807 4363 968 4416 αὐτοῦ
1025 4368 1151 4436 πρὸς
1205 4363 1357 4438 φόϐον
1415 4371 1504 4418 καὶ
1563 4363 1844 4440 διόρθωσιν

247 4455 344 4501 τῶν
371 4447 725 4522 ἀκροωμένων.
762 4451 922 4514 Δόξαν
955 4449 1013 4506 δὲ
1044 4453 1204 4506 αὐτοῦ
1249 4453 1382 4526 λέγει
1437 4459 1528 4514 τήν
1581 4458 1845 4530 θεοπρεπε-

248 4539 442 4570 --.ι-...η
503 4538 559 4570 'n
598 4546 780 4570 --.’.-..
831 4542 930 4570 -..‘.-
983 4541 1140 4570 ...ἱ-.-.τ
1189 4545 1386 4570 21-..-.-
1426 4544 1470 4570 Δ..
1527 4540 1710 4570 Σ..(⁴-Ε1..
1762 4549 1821 4570 -.Δ

1965 4493 2318 4548 auditorum.
2355 4492 2535 4547 Suam
2567 4496 2765 4546 autem
2803 4492 3054 4563 gloriam
3110 4491 3267 4557 dicit,
3321 4507 3454 4562 quae
3488 4493 3605 4546 Deo

247 4539 460 4597 στοίτην.
503 4538 560 4592 Ἡ
598 4546 780 4614 πρώτη
831 4542 931 4615 γὰρ
980 4541 1140 4595 αὐτοῦ
1187 4545 1386 4606 ἔλευσις
1424 4544 1471 4595 ἐν
1523 4540 1712 4615 ἀδοξίᾳ
1761 4549 1850 4616 γί-

241 4647 375 4699 γονε.
423 4630 642 4682 Καθίσει
678 4626 757 4695 δὲ,
808 4632 879 4692 ὡς
915 4635 1099 4706 κριτής
1126 4646 1139 4660 ⁸
1173 4633 1344 4706 θρόνος
1399 4629 1457 4686 δὲ
1512 4629 1672 4698 δόξης
1721 4635 1746 4685 ό
1776 4637 1848 4685 ἔν-

244 4712 416 4786 δοξός,
449 4717 476 4770 ό
516 4715 814 4790 βασιλικός.

320 4929 424 4982 Καὶ
475 4959 539 4971 -
603 4931 742 4992 ἔθνη.
816 4930 1144 4987 Ἀναστοὲντα
1223 4929 1432 4992 δηλαδὴ
1507 4931 1561 4985 ἐκ
1635 4943 1841 5009 νεκρῶν.

250 5020 532 5091 Προείρηκε
604 5022 705 5098 γὰρ
796 5017 1060 5099 διαφόρως
1144 5026 1265 5096 περὶ
1347 5030 1443 5086 τῆς
1513 5019 1847 5089 ἀναστάσεως

250 5103 412 5159 αὑτοῦ
438 5105 663 5181 (63-68).

268 5271 270 5273 _
321 5197 424 5249 Καὶ
467 5226 536 5242 -
562 5195 765 5273 ἐρίφων.
816 5201 923 5256 Νῦν
963 5199 1057 5274 ’μὶν
1095 5186 1196 5277 γὰρ
1230 5199 1424 5276 ἀναμίξ
1468 5201 1572 5258 εἰσι
1626 5203 1841 5268 πάντες*

312 5348 363 5388 ⁷⁸
401 5347 555 5410 Psal.
587 5365 788 5411 xxxm.
827 5353 911 5411 t5.
945 5353 991 5392 τ’
1034 5353 1172 5413 Luc.
1203 5369 1318 5425 xxx,
1347 5354 1437 5412 43.

1953 1894 2206 1961 Usuram
2249 1904 2476 1960 vocavit
2521 1903 2868 1976 simpliciter
2915 1918 3094 1960 omne
3141 1903 3396 1969 lucrum,
3445 1917 3608 1959 more

1953 1993 2254 2050 communi
2274 1997 2466 2048 utens.

2022 2102 2184 2156 Vers.
2241 2100 2330 2154 28.
2385 2099 2582 2155 Tollite
2607 2131 2676 2139 —
2705 2101 2870 2154 Vers.
2900 2103 2987 2154 29.
3023 2099 3091 2154 ab
3121 2114 3203 2154 eo.
3236 2097 3419 2153 Jussit
3469 2114 3608 2155 eum

1950 2190 2165 2246 nudari
2198 2190 2481 2245 doctrinas
2513 2189 2672 2244 dono
2703 2205 2717 2257 ;
2746 2188 2858 2243 hoc
2891 2189 3049 2243 enim
3081 2188 3231 2243 dixit
3269 2189 3555 2244 talentum
3591 2205 3606 2255 ;

1951 2286 2005 2336 et
2029 2281 2319 2336 honorem
2350 2279 2513 2334 hunc
2551 2279 2611 2334 in
2651 2278 3019 2333 additionem
3048 2279 3179 2333 dari
3212 2279 3260 2332 ei
3291 2279 3394 2350 qui
3421 2277 3607 2334 habe-

1949 2370 2054 2427 bat
2078 2371 2280 2425 decem
2312 2369 2537 2425 talenta
2570 2385 2583 2434 ;
2617 2367 2782 2423 omni
2814 2369 2973 2422 enim
3005 2369 3106 2439 qui
3143 2367 3510 2435 diligentiam
3548 2371 3605 2424 et

1949 2476 2155 2516 curam
2177 2457 2380 2522 habet,
2414 2457 2656 2512 dabitur
2683 2456 2896 2524 honor,
2928 2457 3102 2511 etiam
3132 2473 3313 2527 supra
3334 2473 3470 2511 eum
3499 2457 3603 2530 qui

1948 2548 2066 2620 ipsi
2092 2548 2360 2620 adjectus
2377 2551 2503 2602 erat
2536 2565 2550 2615 ;
2580 2545 2658 2602 ab
2683 2562 2753 2601 eo
2781 2562 2918 2601 vero
2944 2547 3046 2617 qui
3077 2546 3445 2616 diligentiam
3474 2562 3601 2602 non

1946 2637 2148 2702 habet,
2203 2639 2267 2692 ut
2318 2635 2540 2690 dictum
2597 2639 2702 2700 est,
2762 2650 2958 2706 neque
3013 2650 3243 2700 curam,
3305 2635 3601 2693 auferetur

1949 2726 2126 2783 etiam
2158 2725 2216 2780 id
2248 2724 2412 2796 quod
2436 2723 2616 2779 habet
2636 2723 2918 2780 doctrinae
2935 2723 3184 2791 donum,
3207 2729 3496 2797 tanquam
3521 2726 3600 2782 ab

1949 2831 2020 2872 eo
2047 2815 2139 2870 cui
2165 2814 2312 2870 nulli
2338 2817 2428 2868 est
2459 2811 2617 2867 usui.

2022 2925 2186 2979 Vers.
2225 2922 2313 2976 30.
2361 2921 2608 2976 Servum
2647 2935 2866 2990 quoque
2906 2917 3169 2976 inutilem
3206 2951 3274 2963 —
3312 2921 3601 2979 dentium.

1953 3015 2080 3070 Non
2111 3011 2169 3066 in
2202 3010 2501 3066 ablatione
2531 3009 2710 3064 ﬁnem
2739 3025 2932 3080 pamas
2971 3010 3191 3080 posuit,
3242 3011 3345 3065 sed
3377 3011 3439 3066 in
3471 3028 3608 3085 sup-

1933 3100 2202 3173 ,plicium
2250 3115 2491 3172 quoque
2549 3097 2919 3154 intolerabile
2973 3097 3284 3168 ablegavit.
3344 3101 3609 3156 lnutilem

1957 3197 2156 3246 autem
2205 3188 2353 3243 dixit
2383 3189 2642 3258 pigrum,
2677 3193 2733 3242 et
2763 3187 2982 3242 nullius
3015 3188 3192 3242 bonae
3220 3188 3424 3257 frugis.
3458 3190 3608 3247 Vide

1957 3295 2098 3348 ergo
2121 3293 2246 3332 rem
2279 3276 2670 3332 tremendam.
2696 3275 2943 3331 Punitur
2971 3276 3269 3348 siquidem
3301 3293 3420 3332 non
3443 3278 3610 3349 quod

1956 3367 2118 3423 mala
2143 3365 2362 3433 fecerit,
2396 3364 2500 3419 sed
2549 3364 2713 3435 quod
2743 3364 2906 3420 bona
2953 3380 3069 3420 non
3100 3364 3297 3420 fecerit
3321 3382 3334 3421 :
3361 3367 3608 3426 Declina

1957 3457 2136 3521 enim,
2171 3454 2382 3527 inquit,
2415 3469 2452 3510 a
2480 3454 2633 3509 malo
2658 3458 2710 3508 et
2731 3455 2838 3523 fac
2872 3453 3079 3509 bonum
3101 3455 3169 3507 τε.
3203 3454 3304 3510 Illa
3342 3471 3477 3510 vero
3504 3472 3609 3528 pa-

1954 3545 2183 3612 rabola,
2200 3560 2335 3617 quas
2355 3543 2516 3614 apud
2534 3545 2749 3600 Lucam
2774 3543 3013 3614 ponitur
3033 3544 3407 3614 sexagesimo
3430 3545 3605 3617 septi-

1955 3652 2055 3692 mo
2075 3634 2266 3706 capite
2293 3633 2366 3688 de
2397 3633 2599 3688 decem
2624 3631 2800 3687 minis
2826 3633 2896 3698 7",
2924 3632 3039 3688 alia
3061 3638 3149 3688 est
3171 3633 3247 3688 ab
3273 3635 3397 3700 ista,
3423 3635 3528 3690 etsi
3545 3635 3608 3691 in

1954 3722 2209 3796 pluribus
2230 3723 2302 3778 sit
2321 3722 2552 3777 similis.
2579 3722 2643 3776 In
2659 3721 2758 3777 illa
2781 3721 2942 3777 enim
2966 3723 3108 3777 data
3131 3722 3379 3794 quidem
3397 3740 3601 3796 aequa-

1953 3813 2031 3870 lia
2063 3812 2336 3868 fuerunt:
2369 3811 2534 3866 lucra
2562 3826 2701 3865 vero
2733 3815 2787 3864 et
2808 3811 3064 3866 honores
3092 3811 3432 3883 inaequales.

2026 3905 2174 3958 Nam
2196 3901 2319 3956 haec
2345 3900 2419 3955 de
2447 3899 2694 3954 diversis
2721 3898 3004 3954 doctrinae
3032 3900 3233 3969 gratiis
3256 3917 3375 3955 non
3404 3918 3602 3974 aequa-

1952 3991 2084 4047 liter
2115 3991 2264 4046 datis
2291 3989 2520 4046 disserit
2549 4005 2560 4045 :
2594 3987 2694 4045 illa.
2736 4003 2874 4045 vero
2924 3989 2993 4044 de
3024 3987 3268 4044 diversis
3303 3990 3604 4063 aequaliter

1953 4080 2132 4138 datis.

2301 4221 2455 4279 CAP.
2499 4220 2633 4276 LXI.
2666 4221 2745 4276 De
2776 4221 3026 4278 adventu
3051 4221 3272 4278 Christi

2026 4315 2188 4369 Vers.
2220 4312 2309 4368 3t.
2347 4314 2485 4368 Cum
2510 4342 2576 4352 —
2608 4325 2743 4367 suae.
2783 4313 2991 4367 Narrat
3017 4311 3193 4366 etiam
3221 4310 3505 4383 deinceps
3531 4310 3606 4366 de

1957 4402 2219 4458 secundo
2247 4401 2508 4457 adventu
2536 4416 2663 4465 suo,
2695 4401 2772 4455 ad
2800 4405 3082 4456 terrorem
3110 4406 3166 4456 et
3190 4401 3606 4456 correctionem

1957 4581 2197 4655 prOpria
2226 4586 2330 4636 est.
2367 4581 2630 4636 Primum
2662 4580 2826 4636 enim
2858 4580 3147 4635 adventus
3175 4581 3300 4648 ejus
3323 4580 3605 4649 inglorius

1956 4669 2146 4728 factus
2171 4673 2278 4725 est.
2310 4669 2544 4726 Sedebit
2564 4685 2723 4734 vero,
2749 4673 3039 4740 tanquam
3060 4667 3245 4738 judex
3269 4686 3281 4722 :
3305 4668 3475 4722 sedes
3503 4684 3606 4722 au-

1955 4766 2074 4817 tem
2105 4760 2224 4815 sive
2255 4760 2504 4816 thronus
2533 4755 2746 4812 dicitur
2772 4756 2994 4827 gloriae,
3036 4756 3150 4812 hoc
3189 4762 3276 4813 est
3310 4755 3603 4828 gloriosus

1956 4855 2331 4994 θῐζνίῗὲωθῖ.
2384 4935 2461 4992 Et
2501 4965 2568 4978 —
2617 4939 2836 5006 gentes.
2880 4932 3212 5006 Postquam
3263 4932 3539 5000 videlicet
3568 4951 3602 4991 α

1957 5027 2208 5084 mortuis
2235 5025 2660 5083 resurrexerint
2679 5041 2692 5092 ;
2711 5022 2983 5097 praedixit
3000 5023 3158 5080 enim
3181 5024 3363 5082 variis
3379 5023 3440 5080 in
3460 5023 3601 5082 locis

1954 5117 2030 5175 de
2062 5115 2492 5172 resurrectione
2525 5131 2754 5171 earum.

2023 5205 2190 5262 Vers.
2219 5208 2305 5262 32.
2320 5205 2400 5262 Et
2423 5234 2489 5246 —
2513 5203 2707 5262 haedis.
2736 5205 2900 5261 Nunc
2918 5204 3126 5262 etenim
3149 5203 3446 5265 commisti
3469 5207 3606 5265 sunt

1475 5535 1702 5605 Variae
1735 5535 2068 5606 lectiones
2097 5543 2164 5604 et
2195 5544 2395 5603 notae.

311 5719 427 5795 (62)
451 5721 687 5783 Inclusa
715 5722 778 5782 in
805 5725 1078 5800 margine
1107 5725 1289 5785 habet
1312 5728 1376 5784 Α.

2023 5729 2230 5803 (63-68)
2251 5727 2680 5804 Corrigendum
2702 5729 2889 5804 αὐτῶν,
2906 5727 3034 5786 sicu
3051 5728 3248 5788 thabet
3260 5727 3602 5788 Hentenius.
