4170 6334
288 314 397 398 641

1358 326 1725 395 ΟΟΜΜΕΝΤ.
1753 326 2339 391 τΙΝτΜΛΤΤΗΙΕΗΜΖΣ
2367 361 2436 373 -
2475 330 2632 389 CAP.
2672 329 2869 388 XXVI.

3554 333 3661 389 642

298 445 390 520 τὸν
459 445 725 537 Θεολόγονί
772 462 1078 537 Γρηγόριον,
1147 446 1337 516 Ούδενὶ
1396 452 1520 536 γὰρ,
1584 456 1733 534 φησὶ,
1806 448 1903 512 τῶν

2020 458 2175 513 enim
2206 457 2322 512 alia
2343 471 2425 521 re,
2457 456 2667 526 inquit,
2700 457 2854 512 inter
2880 472 3095 513 omnes
3129 455 3212 511 ita
3240 456 3451 513 colitur
3486 461 3657 527 Deus,

302 559 531 617 πάντων,
589 559 654 616 ὡς
712 552 827 625 ἐλέῳ
882 558 1013 615 Θεὸς
1046 554 1399 627 θεραπεύεται,
1460 548 1582 603 οὐδὲ
1630 550 1763 620 ἄλλῳ
1802 554 1904 601 τινὶ

306 646 495 718 μᾶλλον
540 648 569 701 ἤ
618 641 976 715 φιλανθρωπίᾳ
1039 646 1095 692 τὸ
1153 642 1505 715 φιλάνθρωπον
1554 636 1901 693 ἁντιδίδοται.

308 737 505 788 Λοιπὸν
554 728 648 803 οὖν,
696 730 965 804 ἐξαιρέτως
1016 728 1358 801 διαλαμϐάνει
1412 734 1530 801 περὶ
1576 737 1668 780 τού
1713 728 1904 798 ἐξαιρέ-

306 843 398 875 του
455 827 790 896 Χριστιανοῖς
859 821 1283 892 κατορθώματος,
1342 817 1566 890 ἐκφοϐῶν
1620 818 1752 869 οὕτω
1814 820 1902 866 καὶ

308 912 608 982 συμπείθων
682 912 841 981 ἡμᾶς,
920 907 1220 981 ἀνθρώπους
1277 910 1436 971 ὄντας,

301 1001 567 1073 γίνεσθαι,
618 1002 1057 1073 χρῄζονταςστῆς
1102 997 1225 1069 παρ’
1265 996 1425 1049 αὐτοῦ
1464 1001 1574 1049 τότε
1618 997 1898 1072 φιλανθρω-

302 1093 450 1151 πίας.
506 1091 840 1146 Δικαιότατος
893 1084 953 1157 δὲ
998 1088 1183 1159 μισθός
1236 1092 1344 1145 τοῖς
1412 1088 1501 1158 μὲν
1570 1084 1901 1157 ἀνελεήμοσιν

304 1178 712 1249 ἀνελεημοσύνη,
752 1183 856 1234 τοῖς
901 1171 960 1227 δὲ
990 1171 1257 1245 ἐλεημοσιν
1289 1173 1624 1246 ἐλεημοσύνη.
1674 1179 1771 1227 Καὶ
1799 1178 1897 1249 γὰρ

300 1267 451 1320 ἐλεῶν
518 1260 859 1319 ἂντιδίδωσιν
934 1272 1130 1339 μικρῶν
1197 1265 1610 1338 κατορθωμάτων
1675 1265 1901 1336 μεγάλας

303 1355 549 1428 ἀμοιϐάς.
618 1360 681 1408 Τί
744 1348 844 1425 γὰρ
906 1361 997 1412 τῆς
1050 1351 1322 1424 βασιλείας
1384 1352 1573 1413 ἐκείνης
1626 1352 1895 1420 ἀντάξιον;

299 1444 462 1503 Δῆλον
494 1439 554 1497 δὲ
585 1446 665 1495 ὅτι
695 1442 748 1495 ἐκ
776 1451 873 1493 τῶν
901 1437 1195 1508 δυναμένων
1228 1440 1441 1494 ἀπαιτεῖ
1481 1447 1573 1500 τὴν
1619 1443 1899 1515 φιλανθρω-

297 1537 461 1584 πίαν·
504 1538 623 1600 ⁸τοῖς
667 1533 768 1603 γὰρ
814 1533 885 1602 μὴ
942 1527 1247 1602 δυναμένοις
1290 1530 1436 1603 ἀρκεῖ
1484 1534 1542 1582 τό
1593 1529 1896 1602 βούλεσθαι.

297 1612 534 1695 ⁸Διάφορα
578 1616 792 1694 δὲ’μέρη
825 1617 1097 1689 καταλέγει
1125 1627 1214 1679 τῆς
1263 1618 1663 1693 φιλανθρωπίας,
1702 1620 1805 1688 ἵνα,
1854 1620 1899 1671 εἰ

428 1705 461 1761 δ
465 1711 669 1774 υνατὸν,
697 1709 867 1760 πάντα
884 1708 1295 1782 κατορθώσωμεν
1316 1724 1328 1737 ⁸
1358 1712 1401 1760 εὶ
1432 1704 1491 1760 δὲ
1515 1712 1604 1780 μὴ,
1637 1710 1733 1760 κᾶν
1756 1727 1816 1779 γε
1836 1710 1901 1761 τὰ

298 1794 533 1852 δυνατά.
944 1806 949 1825 λ

382 1890 509 1940 Τότε
562 1913 629 1928 -—
669 1884 964 1944 ἐποιήσατε.
1029 1885 1249 1938 Βασιλέα
1297 1885 1477 1937 ἑαυτὸν
1535 1885 1788 1955 ἐκάλεσεν,
1838 1888 1902 1947 ὡς

1514 928 1545 979 φ
1554 907 1871 982 ιλανθρώπου
1882 930 1903 971 ς

306 1978 511 2029 πάντων
554 1974 729 2027 λοιπὸν
769 1974 1204 2047 ὑποτεταγμένων.
1240 1974 1455 2046 Ἐφόσον
1506 1973 1583 2046 δὲ,
1626 1976 1737 2028 ἀντὶ
1783 1984 1897 2047 τοῦ,

308 2064 577 2121 Καθόσον.
629 2060 911 2136 Ἀδελφούς
943 2061 1002 2115 δὲ
1049 2068 1169 2126 τοὺς
1204 2068 1427 2125 πένητας
1472 2064 1583 2136 (70)
1619 2066 1898 2137 ὠνόμασεν,

308 2156 382 2216 ὡς
417 2156 596 2226 ὁμοίαν
623 2146 798 2213 αὐτοῖς
820 2150 1081 2203 ἀναλαϐὼν
1114 2156 1267 2224 φύσιν
1299 2158 1388 2204 καὶ
1429 2152 1835 2224 ἐλαχιστότητα,
1871 2158 1897 2212 ἦ

306 2246 399 2294 καὶ
427 2244 492 2301 ὡς
518 2245 789 2302 κοινωνοὺς
814 2250 908 2301 τῆς
933 2241 1091 2291 αύτοῦ
1116 2245 1291 2301 πενίας
1322 2241 1455 2312 (71).

380 2334 505 2383 Τότε
538 2362 601 2370 -
634 2330 811 2384 αὐτοῦ.
839 2329 1016 2403 Ὁρᾷς,
1040 2331 1078 2387 ἠ
1114 2328 1360 2401 βασιλεία
1383 2333 1471 2402 μὲν
1494 2338 1600 2391 τοῖς
1620 2330 1902 2405 ἀνθρώποις

300 2420 629 2491 ἡτοιμάσθη,
679 2422 739 2471 1'6
771 2426 871 2492 πῦρ
905 2419 967 2469 δὲ
992 2424 1101 2480 τοῖς
1132 2418 1401 2491 δαίμοσιν.
1445 2421 1511 2471 Οἱ
1543 2419 1901 2493 ἀφρονέστεροι

303 2503 365 2560 δὲ
402 2498 504 2559 τῶν
548 2505 826 2580 ἀνθρώπων
851 2502 916 2560 τὰ
945 2513 1037 2569 τῆς
1064 2505 1334 2579 βασιλείας
1361 2507 1485 2571 ἄξια
1512 2509 1899 2578 καταλιπόντες,

302 2596 374 2648 τὰ
401 2603 513 2657 τοῦῖ
534 2596 698 2672 πυρὸς
724 2597 847 2659 ἀξια
875 2601 1230 2671 προετίμησαν
1254 2615 1266 2627 '
1298 2593 1332 2649 δ
1338 2601 1383 2649 ιό
1418 2602 1509 2650 καὶ
1536 2596 1729 2660 ἐκείνης
1757 2597 1905 2651 ἐκπε-

307 2681 505 2753 σόντες,
555 2680 720 2739 τοῶτο
749 2688 1156 2762 κατεκρίθησαν.
1189 2683 1317 2740 Εἶτα
1350 2692 1438 2740 καὶ
1481 2689 1510 2746 ἡ
1564 2688 1707 2741 αἰτία
1751 2688 1905 2742 πάλιν

304 2782 398 2835 τῆς
426 2781 695 2850 τιμωρίας.

388 3025 651 3077 Επείνασα
678 3053 703 3065 ι
722 3054 747 3064 -
772 3043 867 3079 με.
898 3025 1009 3078 Ούκ
1039 3022 1194 3092 εἶπεν,
1227 3028 1307 3080 ὅτι
1349 3027 1461 3081 Ούκ
1491 3027 1817 3092 ἀπηλλάξατε
1844 3049 1907 3103 με

2016 553 2079 603 ut
2109 545 2515 602 misericordia
2550 562 2561 598 :
2588 560 2781 616 neque
2808 546 2904 601 alii
2928 547 3208 618 cuiquam
3234 548 3427 616 magis
3452 564 3660 621 repen-

2013 637 2185 692 detur
2205 634 2548 690 humanitas
2578 650 2761 704 quam
2791 634 3169 691 humanitati.
3196 635 3493 707 Praecipue
3519 655 3659 711 ergo

2013 724 2251 779 disserit
2293 723 2366 777 de
2423 722 2725 794 praecipuo
2795 723 3257 779 Christianorum
3300 740 3500 796 Opere,
3545 728 3661 784 hoc

2012 812 2193 867 modo
2221 827 2331 866 nos
2354 816 2408 866 et
2434 816 2732 865 exterrens
2763 816 2819 864 et
2875 812 3195 878 attrahens,
3228 816 3294 868 ut
3322 814 3423 883 qui
3468 815 3659 872 homi-

2010 914 2118 955 nes
2144 898 2656 964 sumus,humani
2693 898 3043 963 efﬁciamur,
3098 906 3332 956 utentes
3391 919 3483 967 ea,
3542 920 3662 977 qua

2009 988 2138 1059 ipse
2168 992 2308 1043 tunc
2336 991 2531 1043 utetur
2559 986 2942 1043 humanitate.
2972 988 3298 1044 Justissima
3336 997 3425 1047 est
3459 997 3661 1050 autem

2008 1092 2259 1141 merces,
2284 1080 2350 1131 ut
2377 1075 2724 1131 inhumanis
2743 1074 3174 1140 inhumanitas,
3200 1081 3255 1132 et
3274 1078 3663 1137 misericordi-

2008 1166 2126 1221 bus
2146 1165 2545 1221 misericordia
2563 1165 2946 1236 rependatur.
2972 1164 3199 1219 Etenim
3221 1166 3354 1237 ipse
3367 1170 3471 1238 qui
3489 1171 3663 1225 mise-

2009 1254 2190 1309 ricors
2220 1260 2328 1319 est,
2355 1255 2551 1327 parvis
2590 1254 2872 1325 operibus
2897 1269 3185 1323 magnum
3217 1256 3488 1312 retribuit
3514 1273 3663 1329 pras-

2008 1343 2200 1398 mium
2234 1360 2246 1397 :
2276 1343 2421 1415 quid
2453 1344 2610 1398 enim
2650 1357 2833 1412 regno
2863 1342 2943 1397 illi
2975 1342 3204 1415 aequale
3232 1360 3362 1399 esse
3393 1347 3607 1417 poterit
3635 1348 3663 1403 ?

2008 1430 2377 1487 Manifestum
2401 1436 2489 1485 est
2507 1437 2709 1486 autem
2738 1431 2905 1501 quod
2930 1446 3000 1485 ex
3024 1432 3119 1486 his
3146 1448 3282 1503 qua)
3313 1449 3658 1504 possumus,

2006 1520 2439 1575 humanitatem
2469 1519 2711 1590 requirit
2745 1534 2757 1572 :
2790 1518 2881 1573 his
2911 1520 3072 1575 enim
3100 1521 3200 1590 qui
3238 1537 3359 1576 non
3388 1530 3661 1594 possunt,

2008 1608 2402 1680 sufﬁcitquod
2426 1608 2625 1675 velint.
2650 1608 2857 1677 Varias
2868 1608 3029 1663 enim
3050 1609 3436 1667 humanitatis
3463 1618 3665 1683 partes

2008 1702 2271 1753 recenset
2300 1714 2314 1752 :
2347 1701 2411 1752 ut
2440 1697 2729 1767 siquidem
2760 1711 3103 1768 pessumus,
3167 1714 3378 1755 omnes
3419 1700 3664 1773 implea-

1880 1826 1885 1829 η
1932 1796 1973 1856 Β
2010 1802 2146 1842 mus
2174 1803 2187 1841 :
2223 1786 2316 1841 sin
2349 1787 2566 1850 minus,
2600 1792 2660 1841 at
2689 1785 2901 1841 saltem
2932 1802 3033 1843 eas
3071 1802 3224 1859 quas
3256 1805 3597 1860 possumus.

2081 1877 2243 1931 Vers.
2273 1878 2358 1929 37.
2394 1876 2552 1929 Tunc
2580 1905 2649 1914 —
2688 1876 2846 1929 Vers.
2872 1876 2962 1929 40.
3001 1876 3246 1944 fecistis.
3288 1878 3512 1947 Regem
3558 1897 3665 1935 vo-

2010 1966 2166 2021 cavit
2197 1965 2481 2035 seipsum,
2517 1968 2805 2035 tanquam
2861 1963 3145 2033 omnibus
3170 1966 3299 2034 jam
3347 1967 3659 2037 subjectis.

2013 2043 2307 2121 Quatenus
2320 2046 2539 2116 autem,
2572 2051 2633 2105 id
2663 2055 2767 2114 est,
2786 2051 2848 2105 In
2871 2055 3186 2122 quantum.
3211 2050 3443 2109 Fratres
3464 2061 3666 2114 autem

2009 2140 2239 2197 vocavit
2260 2155 2577 2212 pauperes,
2612 2143 2673 2194 ut
2701 2139 2803 2210 qui
2829 2137 3082 2195 similem
3106 2157 3243 2196 cuin
3285 2141 3368 2197 eis
3392 2160 3665 2217 suscepe-

2009 2232 2083 2285 rit
2113 2222 2391 2284 naturam
2421 2234 2476 2283 et
2525 2224 2958 2299 abjectionem:
2995 2229 3087 2284 vel
3139 2231 3317 2287 etiam
3371 2237 3665 2305 tauquam

2011 2306 2115 2393 eos
2145 2318 2250 2390 qui
2271 2315 2844 2373 communicaverint
2868 2319 3213 2389 paupertati
3234 2318 3421 2391 ipsius
3438 2363 3450 2375 .

2083 2410 2241 2463 Vers.
2285 2407 2372 2460 41.
2408 2404 2565 2461 Tunc
2594 2437 2661 2446 —
2681 2406 2823 2474 ejus.
2863 2405 3037 2461 Vides
3069 2406 3388 2479 ?Regnum
3414 2411 3665 2481 quidem

2011 2490 2357 2568 hominibus
2405 2498 2675 2565 paratum
2730 2496 2837 2559 est,
2880 2493 3033 2563 ignis
3085 2511 3225 2551 vero
3265 2494 3662 2567 daemonibus.

2011 2580 2491 2655 lnsipientissimi
2530 2587 2729 2638 autem
2786 2581 3081 2653 homines,
3125 2584 3338 2640 relictis
3390 2584 3481 2642 his
3526 2604 3663 2660 quae

2010 2688 2196 2746 regno
2210 2672 2393 2741 digna
2426 2676 2582 2738 sunt,
2617 2670 2934 2741 praeferunt
2950 2687 3020 2727 ea
3045 2689 3180 2744 quae
3204 2674 3404 2744 ignem
3432 2692 3665 2747 prome-

2012 2768 2244 2819 rentur:
2268 2760 2403 2818 ideo
2420 2760 2601 2817 etiam
2631 2760 2708 2816 ab
2740 2759 2837 2816 illo
2860 2761 3216 2827 excidentes,
3233 2763 3311 2819 ad
3327 2764 3486 2820 hunc
3516 2781 3665 2821 con-

2012 2852 2396 2909 demnantur.
2419 2850 2634 2911 Deinde
2651 2866 2859 2906 rursus
2891 2866 3071 2907 causa
3090 2846 3271 2907 etiam
3299 2851 3539 2910 ultionis
3560 2869 3666 2926 po-

2011 2942 2190 2998 nitur.

2084 3031 2243 3086 Vers.
2283 3029 2373 3085 42.
2432 3026 2680 3086 Esurivi
2716 3060 2786 3073 —
2815 3025 2980 3088 Vers.
3022 3027 3110 3087 43.
3142 3046 3251 3089 me.
3306 3028 3438 3090 Non
3491 3028 3665 3109 dixit,

310 3118 405 3170 τῆς
434 3115 608 3172 πενίας
632 3117 719 3164 καὶ
747 3120 842 3173 τῆς
872 3112 1135 3176 ἀσθενείας
1162 3120 1250 3167 καὶ
1278 3124 1373 3177 τῆς
1411 3118 1609 3190 φυλακῇ
1622 3139 1663 3186 ς,
1691 3117 1794 3171 ἀλλ’
1828 3122 1907 3172 ὅτι

2020 3122 2141 3175 Non
2154 3117 2447 3175 liberastis
2462 3134 2556 3174 me
2575 3122 2943 3191 paupertate,
2963 3119 3307 3178 inﬁrmitate
3325 3139 3393 3178 ac
3407 3139 3665 3190 carcere,

306 3201 385 3252 Τὰ
407 3197 669 3271 ἀναγκαῖα
689 3201 784 3253 ούκ
800 3199 1139 3269 ἐνεδείξασθε,
1169 3206 1245 3256 ὅτι
1261 3207 1326 3258 τὰ
1340 3204 1505 3281 ια
1519 3208 1611 3260 ούκ
1634 3207 1902 3281 ἐπράξατε.

310 3295 517 3361 Πρῶτον
547 3286 606 3342 δὲ
628 3293 751 3351 τοὺς
766 3289 1034 3363 ἐλεήμονας
1060 3291 1422 3367 ἀνακηρύττει,
1453 3292 1699 3351 δεικνύων
1728 3302 1785 3350 τὸ
1816 3305 1907 3351 τοῦ

308 3380 716 3451 κατορθώματος
762 3379 991 3455 εὐχερὲς,
1028 3384 1110 3433 ἱνα
1139 3382 1224 3435 ἀπ’
1261 3386 1461 3436 ἐκείνων
1492 3388 1703 3447 τούτους
1750 3405 1907 3441 καταο

311 3462 347 3517 δ
350 3467 512 3539 ικάση
523 3506 535 3519 .

383 3559 508 3607 Τότε
565 3588 633 3597 —-
668 3550 968 3615 ἐποιήσατε.
1019 3554 1239 3621 Εἰκότως
1289 3562 1314 3613 ὁ
1364 3563 1453 3634 μὲν
1507 3562 1728 3637 ἐλεήμων
1786 3566 1906 3625 κλη-

306 3638 519 3718 ρονομεῖ
545 3647 638 3701 τὴν
693 3643 986 3718 βασιλείαν,
1035 3650 1114 3699 ὅτι
1166 3650 1257 3707 την
1308 3647 1514 3721 ἀγάπην
1573 3657 1903 3727 κατώρθωσε,

307 3740 409 3797 τῶν
474 3731 665 3807 ἀρετῶν
694 3781 699 3788 ,
730 3738 786 3787 τό
820 3784 825 3789 .
854 3734 1124 3807 κεφάλαιον
1150 3755 1162 3767 ο

312 3815 631 3891 ἐλεημοσύνη
654 3840 668 3869 .·
727 3823 751 3874 ό
805 3819 852 3875 δ’
888 3822 1184 3898 ’ἀνελεήμων
1243 3824 1313 3889 εἰς
1362 3830 1418 3880 τὸ
1468 3830 1591 3903 πύρ
1620 3828 1910 3905 ἀποπέμπε-

310 3928 401 3962 ται
426 3924 439 3938 ’
460 3906 611 3962 διότι
640 3910 696 3963 1'6
728 3917 949 3965 ἐναντίον
979 3922 1039 3987 τῇ
1084 3914 1259 3988 ἀγάπῃ
1291 3925 1446 3989 μῖσος
1490 3916 1763 3992 ἐκτήσατο,
1812 3930 1909 3975 τῶν

315 4002 615 4050 κακιῶνντὸ
670 3996 977 4073 κεφάλαιονο
1040 4012 1222 4055 τούτου
1280 4008 1377 4081 γὰρ
1436 4009 1626 4079 ὁμοίως
1681 4011 1829 4086 μέρος
1876 4014 1905 4071 ἡ

317 4082 727 4158 ἁνελεημοσύνη.
763 4087 859 4142 Καὶ
886 4092 1026 4163 ὁμὲν
1054 4091 1416 4166 τὸνέλεήμονα
1443 4102 1531 4165 καὶ
1557 4082 1910 4175 φιλάνθρωπον

318 4177 477 4228 Θεὸν
509 4174 819 4248 ἐμιμήσατο,
877 4176 901 4231 ὁ
941 4175 998 4232 δὲ
1024 4230 1027 4235 λ
1051 4179 1359 4254 ἀνελεήμονα
1404 4191 1493 4238 καὶ
1545 4188 1913 4265 μισάνθρωπον

318 4257 355 4316 δ
363 4261 585 4320 ιάϐολον,
838 4290 843 4293 ι
952 4318 955 4319 ν
1546 4257 1555 4260 ⁷
1584 4274 1587 4279 ’

394 4358 493 4406 Καὶ
534 4385 599 4395 —
631 4354 853 4411 αἰώνιον.
907 4358 1053 4429 Οὐαὶ⁷
1088 4358 1222 4413 πᾶσι
1276 4364 1365 4434 μὲν
1413 4370 1521 4427 τοῖς
1567 4365 1909 4444 ἁμαρτωλοῖς,

312 4437 548 4513 μάλιστα
572 4438 637 4495 ’δὲ
670 4453 779 4507 τοῖς
810 4443 1129 4520 ἀνελεήμοσι.
1206 4516 1209 4517 ν
1298 4510 1299 4513 η

389 4526 488 4584 Καὶ
514 4532 737 4604 ἐγένετο
778 4566 846 4574 ——
879 4530 1263 4610 σταυρωθῆναι.
1299 4540 1400 4592 Τοῦ
1452 4551 1665 4613 νομικοῡ
1716 4552 1915 4618 Πασχα

311 4620 919 4691 συμπίπτοντοςᾚκατὰ
984 4630 1077 4683 τὴν
1166 4628 1742 4702 τεσσαρεσκαιδεκάτην
1822 4644 1912 4687 τοῦ

310 4713 497 4779 μηνὸς,
542 4708 612 4772 ὡς
665 4708 839 4783 όπερὶ¹
890 4714 1073 4766 τούτου
1116 4712 1281 4787 νόμος
1335 4712 1591 4793 ἐπέτρεπε,
1655 4715 1913 4793 πρόδηλον

314 4793 427 4863 ὅτιί
456 4801 593 4850 κατὰ
648 4798 742 4869 τὴν
794 4795 1099 4861 δωδεκάτην
1152 4800 1304 4857 τοῦτο
1342 4810 1485 4881 πρὸς
1519 4798 1637 4871 τοὺς
1678 4813 1914 4881 μαθητὰς

318 4880 531 4958 εἴρηκε.
562 4882 707 4940 Κατὰ
738 4892 938 4948 ταύτην
981 4892 1071 4963 μὲν
1274 4880 1391 4953 τῆνγ
1417 4880 1730 4958 ’δωδεκάτην
1774 4894 1919 4977 παρὰ

318 4968 383 5045 τῇ
441 4973 526 5047 οίᾳ
577 4980 802 5050 Σίμωνος
858 4976 950 5032 τοῦ
997 4977 1182 5055 λεπροῦ
1236 4982 1350 5056 (72)
1407 4981 1733 5059 δεδείπνηκε,
1776 4968 1915 5046 κατὰ

1232 3743 1423 3800 ταύτης
1492 3743 1589 3818 γὰρ
1660 3748 1810 3817 μέρος
1874 3745 1903 3802 ἡ
1956 3755 1962 3759 ’

2014 3207 2139 3264 sed.
2166 3208 2304 3272 Quaa
2337 3209 2672 3263 necessaria
2695 3211 2832 3262 sunt
2866 3222 2987 3263 non
3038 3206 3392 3280 praebuistis,
3427 3227 3556 3283 quae
3580 3211 3666 3268 fa-

2015 3295 2148 3351 cilia
2177 3300 2311 3349 sunt
2342 3310 2464 3349 non
2477 3288 2718 3349 fecistis.
2746 3289 3000 3350 Primum
3026 3301 3223 3352 autem
3244 3297 3665 3356 misericordes

2014 3381 2319 3455 prtedicat,
2346 3382 2661 3438 ostendens
2691 3380 2836 3437 boni
2878 3383 3069 3455 operis
3099 3380 3466 3455 facilitatem,
3497 3393 3560 3444 ut
3588 3389 3666 3445 ab

2013 3470 2114 3529 illo
2136 3471 2243 3527 hos
2273 3469 2653 3527 condemnet.

2087 3564 2245 3617 Vers.
2279 3561 2367 3621 44.
2405 3562 2564 3617 Tunc
2595 3592 2662 3601 —
2686 3561 2847 3617 Vers.
2908 3562 3017 3635 45.
3041 3563 3297 3632 fecistis.
3330 3565 3529 3621 Merito
3560 3564 3666 3638 qui

2017 3650 2353 3707 misericors
2380 3650 2505 3715 fuit,
2539 3646 2791 3719 regnum
2822 3651 3103 3721 possidet,
3136 3651 3279 3724 quia
3318 3645 3669 3711 charitatem

2017 3756 2153 3812 quae
2180 3740 2457 3794 virtutum
2512 3744 2691 3809 caput
2749 3732 2855 3805 est,
2916 3757 3095 3812 opere
3155 3743 3495 3813 complevit,
3538 3732 3669 3815 ejus

2018 3826 2178 3884 enim
2214 3844 2352 3900 pars
2379 3832 2466 3882 est
2509 3825 2911 3898 eleemosyna.
2974 3829 3085 3893 Qui
3113 3846 3252 3885 vero
3282 3830 3385 3887 fuit
3409 3832 3667 3887 immise-

2017 3916 2223 3985 ricors,
2256 3916 2316 3971 in
2346 3916 2545 3986 ignem
2581 3915 2892 3984 ablegatur
2922 3933 2934 3971 :
2968 3917 3113 3989 quia
3163 3918 3295 3974 loco
3338 3919 3670 3976 dilectionis

2019 4004 2227 4060 odium
2254 4005 2539 4076 possidet,
2568 4006 2734 4075 quod
2773 4010 2955 4076 caput
2984 4010 3072 4061 est
3120 4003 3420 4074 vitiorum,
3456 4015 3510 4065 et
3542 4008 3671 4080 ejus

2019 4095 2317 4166 praecipua
2336 4108 2475 4165 pars
2490 4098 2579 4148 est
2607 4092 3040 4149 inhumanitas.
3059 4093 3156 4150 Ille
3174 4112 3415 4168 quoque
3439 4096 3672 4154 miseri-

2020 4182 2263 4239 cordem
2288 4180 2742 4254 humanumque
2768 4183 2955 4237 Deum
2979 4184 3245 4240 imitatus
3286 4190 3413 4251 est;
3446 4185 3540 4243 hic
3572 4203 3674 4243 au-

2023 4260 2139 4329 tem
2172 4269 2709 4328 immisericordem
2749 4271 3271 4345 inhumanumque
3330 4274 3665 4332 diabolum.

2092 4359 2252 4415 Vers.
2295 4363 2382 4415 46.
2416 4360 2491 4415 Et
2517 4392 2583 4400 —
2612 4364 2905 4417 aeternam.
2958 4360 3054 4418 Vae
3112 4363 3395 4419 omnibus
3427 4362 3675 4435 quidem

1986 4438 1997 4519 ξ
2021 4447 2457 4519 peccatoribus,
2493 4447 2752 4505 maxime
2820 4454 3021 4505 tamen
3076 4451 3671 4508 immisericordibus.

2096 4555 2249 4609 CAP.
2295 4556 2470 4611 XXVI.
2509 4557 2667 4611 Vers.
2723 4561 2772 4610 1.
2820 4559 2885 4612 Et
2923 4558 3154 4625 factum
3193 4565 3296 4613 est.
3330 4586 3399 4597 -—
3426 4560 3590 4614 Vers.
3614 4563 3666 4613 2.

2023 4643 2418 4713 cruciﬁgatur.
2477 4646 2623 4700 Cum
2672 4643 2859 4712 legale
2904 4644 3131 4699 Pascha
3177 4644 3413 4701 decimo
3457 4651 3689 4717 quarto,

2022 4733 2245 4791 mensis
2274 4731 2577 4797 incideret,
2612 4732 2762 4786 sicut
2784 4731 2878 4786 lex
2920 4748 3057 4802 quae
3089 4733 3162 4787 de
3190 4733 3291 4788 illo
3319 4735 3519 4789 statuit
3560 4734 3677 4801 dis-

2023 4808 2287 4892 ponebat
2310 4837 2323 4873 :
2343 4819 2725 4875 manifestum
2751 4826 2837 4873 est
2859 4820 3015 4890 quod
3036 4820 3161 4875 haec
3180 4821 3540 4877 duodecimo
3580 4822 3676 4878 die

2024 4910 2245 4966 mensis
2267 4908 2479 4964 dixerit
2501 4907 2825 4979 discipulis.
2855 4908 3290 4983 Hocsiquidem
3314 4909 3676 4967 duodecimo

2024 4996 2119 5054 die
2141 4999 2397 5055 indomo
2419 4997 2676 5054 Simonis
2692 4997 2934 5068 Leprosi
2955 4999 3238 5067 coenavit;
3255 4999 3490 5056 decimo
3508 5000 3676 5059 tertio

1404 5158 1407 5161 -
1459 5138 1463 5143 δ
1524 5113 1764 5184 Variae
1804 5118 2132 5191 lectiones
2160 5131 2225 5189 et
2254 5130 2434 5190 notae

389 5242 502 5331 €39?
544 5243 909 5331 {limi-F9.
932 5253 1049 5331 τοὺς
1078 5254 1299 5331 πένητας
1332 5260 1393 5331 4:

387 5316 500 5398 (71)
521 5321 645 5403 ‘llic
670 5316 1185 5403 atlditHentenius
1211 5324 1505 5381 scholium
1536 5342 1608 5385 ex
1639 5333 1917 5403 margine

313 5389 402 5476 sui
425 5389 647 5476 codicis
679 5408 690 5445 :
716 5393 957 5476 Fratres
973 5396 1236 5476 minimos
1260 5405 1423 5476 vocat
1441 5413 1754 5476 pauperes,
1772 5389 1971 5476 quid,

314 5457 882 5543 Qumitegnzendici,
904 5471 959 5520 et
979 5465 1190 5533 abiecti
1205 5474 1345 5543 sunt
1364 5485 1375 5522 :
1392 5457 1454 5543 et-
1466 5457 1919 5543 ερεῖμίίῦἷίἐὲἀξ

311 5529 685 5615 despicabiles
702 5529 1172 5615 Δ[ιιιιξιιςζιιιινίεὶτιρη
1190 5538 1323 5615 σιςο
1338 5529 1650 5615 monq’ch'os
1671 5529 1920 5615 3.155.132

314 5615 406 5688 eos
427 5605 530 5673 qui
547 5611 777 5688 montes
793 5606 1161 5688 inhabitant,
1177 5611 1279 5673 sed
1294 5605 1761 5688 tmu‘jmfuemtzue‘
1780 5605 1921 5688 ﬁ'de-

319 5674 465 5729 lium
499 5675 863 5741 esurientem,
882 5674 1207 5745 ιέίυογειλγηε
1231 5674 1525 5750 pressam-5,
1540 5674 1797 5745 nudum"
1818 5674 1923 5748 ant

2019 5266 2430 5342 peregrinum:
2456 5267 2864 5342 ltos,_inqitam,
2888 5269 3117 5338 fratres
3142 5277 3387 5339 vocat,et
3406 5273 3674 5342 primum

2023 5353 2119 5416 eos
2136 5338 2370 5416 taedet,
2385 5338 2488 5410 qui
2505 5338 2618 5407 piis
2632 5340 3117 5416 subuerterantmt
3133 5338 3431 5400 sententis
3451 5362 3573 5403 sua
3585 5348 3680 5416 iu-

1985 5408 2622 5484 grstitiam‘dembnstret
2655 5428 2671 5464 :
2702 5432 2725 5462 α
2761 5412 2976 5477 Venite,
3013 5413 3226 5484 inquit,
3263 5416 3546 5473 benedicti
3570 5408 3679 5473 Pa-

2030 5480 2140 5535 tris
2168 5482 2297 5555 mei,
2330 5488 2385 5534 et
2418 5489 2648 5555 canem.
2674 5484 2904 5549 Quanto
2928 5480 3310 5555 bono'poterit
3334 5504 3544 5545 nomen
3571 5489 3680 5543 hoc

2024 5553 2292 5626 pensari,
2325 5558 2391 5626 nt
2422 5554 2751 5626 benedictus
2780 5555 2877 5625 sis,
2913 5557 3082 5626 idque
3104 5553 3147 5612 α
3178 5558 3379 5614 Patre.

2242 5621 2385 5680 Cod.
2425 5627 2507 5691 Α,
2541 5621 2839 5697 ἐδείπνησε.
2865 5621 3005 5689 ΜΟΙῖ
3040 5626 3192 5697 idem
3239 5634 3372 5683 ante
3416 5633 3504 5685 τὴν
3535 5632 3680 5697 τρισ⁴

2031 5689 2351 5752 καιδεκάτην
2400 5689 2612 5753 Omittit
2656 5694 2733 5765 δέ,
2781 5703 2837 5753 et
2883 5697 3045 5754 addit
3090 5694 3233 5754 ante
3264 5699 3389 5769 παρ’
3438 5699 3497 5765 ᾧ.
