4170 6334
594 305 701 362 643

1901 296 2626 365 ΕΠΤΥΗΜΠἻἎΚΞΑΒΕΝΙ

3866 295 3986 355 644

597 445 735 487 vero
766 427 928 501 apud
959 443 1093 484 eum
1123 429 1184 484 in
1215 428 1389 499 cujus
1416 426 1601 484 domo
1626 427 1915 485 intratum
1945 431 2035 483 est
2062 443 2223 485 coena

2331 477 2333 481 ,
2366 424 2426 480 δε
2471 431 2565 486 τὴν
2603 420 3070 499 τρισκαιδεκάτην,
3116 420 3241 496 παρ’
3276 421 3317 494 ᾧ
3374 422 3434 475 τὸ
3473 419 3791 498 ἑστρωμένον
3834 419 3985 475 δινώ-

595 518 820 582 culum,
846 516 1027 573 veluti
1060 516 1240 588 paulo
1273 522 1404 589 post
1430 516 1939 574 demonstrabitur
1972 534 1984 572 ε
2015 517 2253 574 decimo

591 610 802 676 quarto
821 612 1023 661 autem
1044 606 1247 661 incidit
1269 606 1515 662 Pascha.
1537 606 1690 662 Dixit
1715 612 1915 662 autem
1937 606 2051 663 hoc
2074 607 2253 677 signi-

589 692 782 749 ﬁcans
815 695 1217 767 propinquam
1251 711 1376 750 esse
1409 701 1663 751 mortem
1695 712 1864 751 suam
1895 712 1910 762 ;
1940 712 2084 752 nam
2118 697 2249 768 ipso

590 783 798 852 legalis
829 784 1073 839 Pascha
1104 789 1368 855 tempore
1397 800 1683 855 passurus
1704 790 1831 840 erat
1860 790 1914 840 et
1943 785 2089 857 ipse.
2118 788 2247 842 Non

591 876 798 929 autem
827 872 1168 944 simpliciter
1197 873 1347 929 dixit
1378 890 1391 927 :
1433 874 1730 934 Traditur.
1766 873 1869 928 sed
1900 874 2148 940 addidit,
2181 880 2248 930 ut

590 961 1001 1032 cruciﬁgatur.
1014 964 1039 1017 J
1048 963 1228 1017 udmis
1241 962 1398 1018 enim
1412 969 1611 1034 aperte
1635 962 1882 1034 quidem
1894 963 2145 1018 traditus
2158 967 2246 1020 est

590 1055 724 1121 post
753 1067 938 1106 unum
973 1051 1145 1117 diem,
1176 1051 1445 1107 videlicet
1472 1050 1704 1106 decimo
1733 1052 1921 1107 tertio.
1951 1051 2101 1105 Nam
2128 1051 2244 1107 hoc

586 1139 789 1195 adhuc
816 1141 1079 1207 durante,
1116 1145 1440 1213 postquam
1480 1156 1614 1196 cum
1650 1139 1951 1211 discipulis
1990 1140 2243 1211 mystica

584 1243 759 1283 ccena
778 1229 1345 1296 communicaverat,
1378 1229 1628 1285 traditus
1658 1234 1744 1284 est
1766 1227 2239 1296 insidiatoribus;

583 1322 649 1373 ut
672 1322 876 1373 autem
897 1318 1357 1387 cruciﬁgeretur,
1380 1318 1633 1374 traditus
1655 1322 1744 1374 est
1759 1324 1888 1388 post
1912 1318 2066 1373 duos
2084 1317 2238 1382 dies,

581 1406 983 1462 duodecimun
1025 1407 1249 1462 scilicet
1276 1423 1347 1463 ac
1389 1407 1692 1463 decimum
1742 1407 1994 1462 tertium.
2029 1406 2111 1462 De
2137 1406 2238 1463 de-

580 1497 739 1551 cimo
768 1503 977 1567 quarto
996 1496 1158 1552 enim
1188 1495 1336 1551 dixit
1361 1495 1740 1565 Evangelista
1763 1512 1778 1552 :
1801 1496 1962 1551 Tunc
1986 1495 2237 1553 absolvit

578 1584 697 1639 illis
725 1584 1056 1640 Barabbam
1095 1600 1109 1651 ;
1151 1586 1344 1642 Jesum
1380 1593 1569 1643 autem
1585 1586 1847 1657 ﬂagellis
1875 1600 2085 1642 cassum
2117 1590 2238 1642 tra-

578 1672 733 1730 didit
757 1678 821 1730 ut
851 1676 1303 1747 cruciﬁgeretur
1331 1676 1377 1711 ⁸¹
1394 1716 1410 1734 .

652 1975 816 2034 Vers.
854 1977 1018 2035 Tunc
1039 1978 1371 2051 congregati
1389 1982 1524 2034 sunt
1539 2007 1609 2019 —
1625 1976 1781 2033 Vers.
1806 1980 1858 2032 4.
1884 1977 2229 2033 occiderent.

580 2065 725 2122 Cum
768 2066 863 2123 lex
898 2068 1153 2138 juberet,
1206 2073 1272 2123 ut
1317 2084 1469 2122 unus
1522 2066 1799 2139 princeps
1848 2066 2231 2122 sacerdotum

573 2157 1026 2212 constitueretur
1057 2157 1253 2228 quoad
1281 2156 1522 2221 viveret,
1572 2156 1687 2211 hoc
1734 2162 1930 2212 autem
1969 2160 2227 2221 mortuo,

570 2244 717 2301 alter
745 2245 878 2301 loco
904 2246 1034 2316 ejus
1064 2250 1387 2315 crearetur,
1413 2245 1599 2300 Judaei
1648 2243 1842 2313 legem
1869 2248 2228 2307 everterunt,

571 2337 629 2389 et
654 2349 923 2390 annuam
952 2334 1214 2390 fecerunt
1249 2334 1469 2390 summi
1496 2333 1811 2389 sacerdotii
1852 2332 2227 2400 dignitatem-

573 2421 736 2477 Unde
793 2422 1111 2477 verisimile
1141 2426 1229 2478 est
1284 2421 1449 2494 quod
1494 2421 1665 2477 multi
1708 2425 1845 2477 tunc
1892 2426 2078 2488 erant,
2132 2421 2229 2493 qui

572 2525 814 2566 summo
841 2510 1025 2568 functi
1046 2511 1281 2568 fuerant
1306 2510 1653 2578 sacerdotio,
1684 2511 1788 2567 sed
1822 2512 1950 2582 jam
1972 2510 2229 2583 comple-

569 2604 782 2653 verant
799 2599 1189 2655 ministerium
1219 2600 1381 2672 quod
1410 2599 1868 2667 fuerantsortiti,
1891 2616 2044 2673 quos
2069 2614 2227 2655 nunc

568 2686 871 2758 principes
888 2689 1262 2743 sacerdotum
1285 2688 1662 2758 Evangelista
1698 2689 2048 2744 nominavit.
2080 2687 2229 2745 Scri-

570 2773 677 2828 bas
715 2780 917 2829 autem
950 2774 1088 2832 dicit
1114 2776 1261 2845 legis
1290 2778 1565 2832 doctores
1608 2793 1625 2843 ;
1660 2777 1922 2833 seniores
1950 2793 2091 2833 vero
2122 2794 2229 2849 po-

570 2861 720 2934 puli,
753 2862 1033 2933 antiquos
1072 2880 1142 2919 ac
1175 2864 1559 2935 sapientiores
1611 2866 1750 2935 :qui
1793 2880 2002 2921 omnes
2048 2866 2227 2923 simul

572 2958 712 3006 tunc
743 2954 1081 3021 congregati
1113 2958 1251 3007 sunt
1278 2954 1355 3008 ad
1387 2954 1738 3025 Caiapham,
1766 2956 1870 3027 qui
1900 2959 2042 3011 tunc
2069 2962 2224 3013 sorte

572 3039 994 3112 pontiﬁcatum
1038 3042 1428 3111 gubernabat,
1480 3043 1559 3098 ab
1589 3043 1703 3099 hoc
1748 3043 2008 3099 volentes
2047 3045 2223 3101 caedis

2361 536 2526 589 γαιον,
2569 519 2639 578 ὡς
2683 516 2792 588 μετ’
2839 514 2897 567 ού
2943 513 3071 567 πολὺ
3118 509 3504 584 δειχθήσεται·
3535 514 3669 563 κατὰ
3697 516 3795 569 τὴν
3842 529 3980 563 τεσ-

2363 601 2845 680 σαρεσκαιδεκάτην
2896 598 2954 655 δε
3002 605 3061 654 τό
3120 602 3321 672 Πάσχα
3370 602 3664 655 συνέπεσεν.
3712 595 3849 653 Εἷπε
3916 595 3979 651 δέ

2356 703 2526 761 τοῦτο,
2587 697 2851 765 σημαίνων
2899 691 3052 763 ἐγγὺς
3098 686 3259 743 οὖσαν
3304 692 3397 747 τὴν
3450 688 3634 741 ἑαυτοῦ
3694 686 3973 745 τελευτήν.

2359 784 2442 839 Ἐν
2491 783 2630 854 αύτῷ
2666 784 2768 856 γὰρ
2812 788 2882 852 τῷ
2931 787 3095 853 καιρῷ
3127 786 3217 831 τοῦ
3263 786 3477 851 νομικοῦ
3522 779 3723 848 Πάσχα
3775 778 3975 830 παθεῖν
4084 778 4095 865 η

2355 871 2525 945 ἔμελλε
2575 876 2666 923 καὶ
2714 870 2891 930 αύτός.
2940 868 3050 921 Ούκ
3106 863 3213 920 εἶπε
3262 863 3320 919 δε
3369 865 3538 927 ἁπλῶς
3585 868 3664 918 ὅτι
3715 862 3970 939 Παραδί-

2356 957 2528 1025 δοται,
2594 957 2702 1011 ἀλλ’
2768 959 2848 1011 ὅτι
2916 956 2987 1019 εἰς
3042 959 3099 1009 τό
3161 956 3546 1029 σταυρωθῆναι.
3602 952 3808 1016 ’Δπλῶς

2351 1052 2453 1122 γὰρ
2518 1044 2788 1123 παρεδόθη
2865 1052 2974 1107 τοῖς
3032 1040 3306 1104 Ἰουδαίοις
3368 1045 3498 1115 μετὰ
3553 1044 3678 1116 μίαν
3735 1044 3967 1115 ἡμέραν,

2350 1141 2517 1209 ἤγουν
2565 1137 2615 1190 ἑν
2644 1144 2707 1209 τῇ
2735 1130 3176 1211 τρισκαιδεκάτῃ.
3224 1134 3428 1193 Ταύτης
3455 1134 3556 1205 γὰρ
3600 1130 3969 1204 ἐνισταμένης,

2348 1229 2485 1300 μετὰ
2540 1228 2599 1279 τό
2664 1231 2979 1283 κοινωνῆσαι
3047 1228 3157 1284 τοῖς
3212 1223 3476 1294 μαθηταῖς
3530 1227 3623 1273 τοῦ
3688 1227 3967 1293 μυστικοῦ

2351 1313 2560 1369 δείπνου
2618 1309 2884 1389 παρεδόθη
2934 1318 3043 1372 τοῖς
3093 1308 3415 1371 ἑπιϐούλοις·
3460 1308 3529 1370 εἰς
3572 1304 3632 1361 δι
3676 1311 3736 1361 τό
3790 1327 3966 1361 σταυ-

2346 1406 2580 1478 ρωθῆναι
2628 1398 2920 1478 παρεδόθη,
2985 1401 3117 1473 μετά
3166 1395 3263 1452 δύο
3312 1400 3509 1460 ταύτας
3565 1398 3780 1472 ἡμέρας,
3836 1401 3963 1455 ἤτοι

2346 1496 2478 1567 μετὰ
2532 1497 2625 1552 τὴν
2679 1487 2986 1549 δωδεκάτην
3039 1493 3129 1542 καὶ
3180 1492 3276 1547 τὴν
3326 1483 3793 1565 τρισκαιδεκάτην.
3870 1486 3958 1543 Ἑν

2344 1590 2407 1656 τῇ
2472 1575 3023 1656 τεσσαρεσκαιδεκάτη
3077 1579 3179 1653 γὰρ
3243 1581 3401 1650 φησὶν
3455 1577 3501 1631 ό,
3537 1575 3955 1649 εύαγγελιστήςσ

2344 1677 2471 1726 Τότε
2501 1669 2751 1724 ἀπέλυσεν
2777 1668 2976 1740 (αὐτοῖς
3006 1670 3089 1719 τόν
3142 1664 3412 1741 Βαραϐϐᾶν
3468 1664 3582 1740 (73)
3613 1667 3640 1718 ὁ
3684 1665 3916 1729 Πιλάτος
3938 1681 3955 1696 ·

4094 1190 4097 1197 4

2265 1773 2309 1832 Β
2342 1762 2431 1812 τόν
2494 1756 2554 1812 δε
2616 1758 2823 1817 Ἰησοῦν
2888 1754 3225 1832 φραγελόωας
3288 1754 3405 1827 (74)
3460 1750 3784 1829 παρέδωκεν,
3868 1757 3958 1811 ἶνα

2346 1850 2647 1923 σταυρωθῇ.

2413 1960 2541 2009 Τότε
2607 1954 2956 2025 συνήχθησαν
3018 1981 3074 1993 -
3136 1950 3529 2005 ἀποκτείνωσιν.
3602 1956 3707 2004 Τοῦ
3784 1954 3956 2025 νόμον

2344 2043 2629 2105 κελεύοντος
2658 2044 2745 2095 ἑνα
2792 2041 3043 2116 ἀρχιερέα
3092 2040 3452 2093 καθίστασθαι
3500 2042 3694 2113 μέχρις
3742 2040 3803 2091 ἄν
3860 2043 3953 2112 ζῇ,

2343 2136 2529 2185 τούτου
2612 2126 2672 2185 δὴ
2729 2130 3145 2196 τελευτήσαντος,
3214 2128 3379 2202 ἕτερον
3446 2126 3947 2200 ἀντικαθίστασθαι,

2341 2221 2637 2295 παρέλυσαν
2687 2216 2939 2274 Ἰουδαῖοι
2992 2221 3078 2271 τὸν
3120 2222 3296 2290 νόμον,
3326 2221 3416 2269 καὶ
3471 2214 3795 2271 ἑνιαυσιαίαν
3851 2223 3949 2277 τήν

2342 2309 2737 2386 ἀρχιερωσύνην
2789 2307 3060 2367 ἐποίησαν.
3124 2306 3276 2360 Ὅθεν
3342 2305 3479 2368 εἰκὸς
3530 2304 3751 2369 πολλοὺς
3816 2304 3946 2360 εἶναι

2339 2402 2462 2462 τούς
2523 2400 3030 2475 ἀρχιερατεύσαντας
3094 2399 3206 2468 μεν,
3264 2394 3673 2468 πεπληρωκότας
3731 2391 3793 2449 δε
3847 2400 3942 2456 την

2337 2490 2611 2561 λαχοῦσαν
2659 2488 3003 2561 λειτουργίαν,
3056 2484 3144 2545 οὖς
3192 2491 3281 2537 νῦν
3327 2481 3594 2558 ἀρχιερεῖς
3641 2484 3669 2537 ὁ
3727 2483 3942 2557 εὐαγγε-

2336 2579 2525 2641 λιστης
2574 2578 2830 2650 ὠνόμασε.
2887 2581 3215 2651 Γραμματεῖς
3269 2570 3329 2627 δι
3373 2572 3512 2645 λέγει
3554 2576 3673 2637 τοὺς
3723 2571 3939 2647 νομοδι-

2339 2665 2672 2728 δασκάλους’
2766 2663 3145 2740 πρεσϐυτέρους
3237 2658 3311 2715 δε,
3390 2668 3487 2715 τοῦ
3580 2662 3722 2728 λαοῦ,
3815 2666 3938 2727 τοὺς

2334 2759 2587 2830 γηραιούς
2626 2755 2739 2829 (75)
2768 2759 2860 2806 καὶ
2907 2756 3302 2826 συνετωτέρους,
3330 2751 3380 2803 οἶ
3430 2752 3607 2811 πάντες
3635 2752 3763 2820 ὁμοῦ
3809 2756 3935 2804 τότε

2338 2847 2688 2917 συνήχθησαν
2746 2844 2893 2916 παρά
2941 2850 3015 2913 τῷ
3076 2842 3306 2912 Καῑάφᾳ,
3374 2844 3465 2899 τήν
3531 2837 3924 2911 ἀρχιερωσῦνην

2331 2941 2619 2993 τηνικαῦτα
2676 2932 3043 3004 κεκληρωμένῳ
3109 2930 3225 3002 (76)
3300 2925 3497 2982 διέπειν
3571 2928 3667 2979 ὑπὸ
3734 2926 3919 2977 τούτου

2336 3024 2556 3083 θέλοντες
2585 3025 2643 3074 τὸ
2683 3029 2775 3073 τοῦ
2807 3024 2958 3093 φόνου
2992 3017 3164 3072 λαϐεῖν
3207 3012 3504 3089 ἐνδόσιμον,
3551 3013 3633 3088 ὑφ’
3672 3012 3735 3067 οὗ
3759 3012 3935 3065 κωλυ-

571 3145 790 3185 ansam
809 3146 1036 3201 capere,
1058 3148 1094 3187 a
1120 3147 1240 3203 quo
1256 3132 1454 3203 potius
1485 3149 1587 3188 eos
1617 3132 1918 3205 prohiberi
1940 3136 2221 3205 oportuit.

2334 3115 2488 3172 θῆναι
2546 3109 2735 3183 μᾶλλον
2784 3109 2971 3184 ἑχρῆν.
3030 3106 3168 3179 Δόλῳ
3238 3102 3298 3159 δι
3352 3106 3610 3179 κράτησεν
3669 3098 3777 3155 εἶπε
3838 3106 3933 3160 τὴν

566 3217 851 3275 Dolosam
905 3226 1107 3275 autem
1154 3222 1689 3293 apprehensionem
1741 3222 1884 3278 dixit
1928 3224 2222 3281 occultam

565 3308 905 3378 captionem
937 3326 949 3363 :
985 3325 1120 3365 eam
1150 3310 1310 3365 enim
1341 3328 1473 3384 quae
1498 3312 1560 3367 in
1610 3313 1930 3385 propatulo
1960 3313 2127 3370 ﬁeret
2157 3315 2223 3370 ti-

561 3396 826 3466 mebant,
877 3406 1118 3471 propter
1156 3399 1286 3472 ejus
1332 3401 1678 3473 discipulos,
1721 3407 1779 3460 et
1808 3419 1910 3461 eos
1941 3406 2042 3476 qui
2072 3404 2219 3461 alias

556 3484 727 3541 illum
760 3488 1184 3559 sequebantur.

627 3575 851 3631 Vers.5.
880 3577 1163 3633 Dicebant
1181 3606 1251 3618 -—
1270 3579 1510 3648 populo.
1543 3578 1830 3637 Dicebant
1848 3584 2069 3648 autem,
2089 3585 2218 3640 Non

555 3663 619 3719 in
648 3663 744 3719 die
773 3664 945 3733 festo,
992 3666 1264 3722 videlicet
1291 3666 1415 3723 fiat.
1459 3669 1743 3724 Omnibus
1772 3671 1930 3725 enim
1972 3670 2034 3727 in
2063 3671 2217 3729 festo

556 3751 799 3808 Pascha
837 3754 1105 3827 undique
1159 3758 1533 3829 congregatis
1580 3759 1944 3829 contingeret
1994 3760 2217 3818 multos

555 3842 768 3899 adesse
814 3845 919 3917 qui
954 3847 1155 3902 Jesum
1200 3853 1606 3918 sequerentur.
1650 3849 1941 3906 Praeterea
1975 3867 2215 3924 quoque

554 3932 670 3987 nisi
702 3933 926 3990 factum
953 3941 1109 3991 esset
1155 3938 1479 4004 occultum,
1528 3943 1757 3994 certum
1800 3938 1884 3994 eis
1932 3945 2057 3995 erat
2096 3945 2214 3995 tur-

551 4019 822 4078 bandum
848 4024 1153 4094 populum,
1186 4025 1290 4095 qui
1311 4025 1440 4080 illos
1469 4024 1938 4092 abominaretur,
1965 4044 2088 4082 non
2117 4044 2213 4084 so-

548 4109 673 4166 lum
706 4112 871 4182 quod
920 4112 1222 4167 insontem
1267 4113 1643 4181 occidissent,
1693 4116 1800 4169 sed
1831 4114 2012 4171 etiam
2042 4116 2210 4187 quod

544 4198 603 4255 in
630 4198 781 4255 festo
807 4200 1096 4268 fecissent,
1130 4216 1252 4271 quo
1289 4207 1641 4258 consuetum
1694 4206 1819 4259 erat
1844 4202 2024 4258 etiam
2072 4220 2211 4260 con-

543 4287 897 4342 demnatum
919 4288 980 4342 in
1001 4288 1133 4358 ejus
1154 4288 1445 4345 honorem
1466 4289 1795 4347 absolvere.
1836 4293 2035 4363 Itaque
2081 4309 2205 4351 non

2329 3201 2581 3276 λαθραίαν
2646 3200 3011 3269 κατάσχεσιν*
3070 3201 3165 3254 τὴν
3224 3196 3328 3269 γὰρ
3392 3194 3448 3246 ἑκ
3499 3199 3593 3246 τοῦ
3646 3196 3934 3265 προφανοῦς

2330 3289 2683 3362 ἑφυλάσσοντο
2720 3283 2816 3339 διὰ
2842 3288 2961 3346 τοὺς
2997 3285 3239 3357 μαθητὰς
3267 3282 3425 3336 αὐτοῦ
3465 3286 3557 3335 καὶ
3591 3284 3715 3343 τοὺς
3769 3278 3934 3338 ἄλλως

2330 3378 2574 3451 ἑπομένου
2584 3396 2623 3439 ς.

2398 3501 2607 3573 Ἔλεγον
2661 3530 2732 3541 -
2775 3497 2904 3569 λαῷ,
2964 3494 3173 3569 Ἔλεγον
3236 3491 3315 3564 δε,
3370 3498 3457 3553 Μὴ
3516 3490 3565 3545 ἑν
3621 3498 3684 3567 τῇ
3751 3489 3927 3565 ἑορτῇ,

2329 3588 2538 3652 δηλαδὴ
2604 3590 2845 3662 γενέσθω.
2905 3591 3115 3640 Παντων
3178 3588 3279 3660 γὰρ
3335 3582 3665 3655 πανταχόθεν
3744 3578 3793 3632 ἑν
3859 3586 3922 3651 τῇ

2327 3680 2475 3755 ἑορτῇ
2531 3686 2622 3731 τοῦ
2681 3679 2880 3747 Πάσχα
2932 3675 3347 3746 συνειλεγμένων,
3404 3669 3668 3724 συνέϐαίνε
3708 3666 3929 3729 πολλοὺς

2327 3766 2457 3823 εἶναι
2485 3772 2603 3842 περὶ
2631 3770 2717 3819 τόν
2768 3766 2991 3835 Ἰησοῦν,
3026 3762 3190 3825 ἄλλως
3236 3780 3292 3816 τε
3337 3765 3448 3830 καὶ,
3480 3763 3552 3834 μό
3596 3759 3928 3818 λανθάνοντος

2323 3868 2413 3913 του
2442 3859 2768 3931 πράγματος,
2820 3854 2913 3907 ούκ
2967 3849 3367 3929 ἀπροσδόκητον
3421 3846 3483 3910 ἦν
3525 3849 3723 3913 αὐτοῖς,
3762 3866 3926 3924 ταρα-

2322 3949 2636 4021 χθῆναιτόν
2692 3944 2835 4009 λαὸν,
2892 3943 3238 4016 μυσαχθέντα
3287 3942 3524 4005 τούτους,
3569 3937 3629 3991 ού
3660 3941 3813 4011 μόνον
3846 3937 3927 3989 ὅτι

2323 4037 2488 4090 ἀθῶον
2521 4032 2737 4100 ἀνεῖ)ον,
2787 4030 2895 4084 ἀλλ’
2925 4033 3005 4085 ὅτι
3034 4036 3125 4083 καὶ
3166 4028 3214 4082 ἑν
3258 4036 3320 4101 τῇ
3372 4028 3542 4101 ἑορτῇ,
3591 4026 3709 4079 καθ’
3741 4028 3803 4086 ἣν
3834 4027 3925 4079 καὶ

2319 4121 2602 4177 κατάδικον
2675 4122 2742 4183 εἰς
2811 4124 2967 4194 τίμήν
3026 4119 3182 4180 αὐτῆς
3255 4117 3493 4171 ἀπολύειν
3552 4116 3771 4177 σύνηθες
3839 4110 3920 4173 ἧν.

2319 4214 2497 4275 Οὕτως
2545 4211 2603 4264 ού
2633 4212 2721 4263 τόν
2769 4213 2910 4276 Θεὸν,
2963 4208 3091 4260 ἀλλά
3134 4210 3249 4268 τοὺς
3293 4204 3596 4281 ἀνθρώπους
3640 4209 3921 4277 πανταχοῦ

2315 4301 2611 4376 φοϐοῦνται.
2662 4297 2802 4352 Ἀλλ’
2832 4298 2876 4351 εἰ
2912 4302 3001 4350 καὶ
3031 4304 3185 4350 τοῦτο
3230 4295 3361 4349 οὕτω
3406 4297 3731 4369 κεκρίκασιν,
3781 4294 3920 4365 ὅμως

542 4375 752 4442 Deum,
786 4377 891 4431 sed
930 4375 1207 4433 homines
1251 4377 1469 4451 ubique
1512 4380 1739 4437 timent.
1771 4383 1982 4438 Verum
2012 4400 2201 4457 quan-

2331 4392 2404 4443 ιύιι
2462 4388 2743 4461 ἀνέμειναν,
2799 4384 2904 4439 ἀλλ’
2968 4385 3189 4461 εὑρόντες
3235 4388 3322 4437 τὸν
3381 4379 3667 4457 προδότην,
3749 4383 3915 4457 ἣρπα-

541 4479 729 4536 quam
761 4465 842 4521 ita
877 4470 1230 4537 statuerunt,
1270 4484 1394 4524 non
1434 4475 1635 4526 tamen
1675 4477 2195 4545 exspectaverunt,

542 4553 649 4609 sed
694 4552 947 4611 inventos
979 4556 1284 4628 proditore
1330 4559 1713 4616 occasionem
1758 4568 2107 4633 rapuerunt,
2140 4568 2199 4620 et

539 4642 770 4701 invidiae
798 4644 963 4702 rabie
1007 4645 1086 4702 ad
1127 4646 1428 4704 insaniam
1458 4648 1785 4722 redigente,
1824 4652 1973 4724 quid
2017 4668 2197 4723 expe-

540 4732 710 4800 diret,
739 4750 858 4791 non
885 4735 1186 4792 viderunt:
1218 4738 1324 4793 sed
1354 4736 1515 4795 hunc
1546 4739 1608 4794 in
1632 4740 1779 4796 festo
1813 4740 2193 4797 immolantes

538 4822 750 4879 furoris
777 4825 1274 4895 magnitudinem,
1306 4843 1487 4899 quem
1525 4829 1815 4884 adversus
1841 4845 1978 4884 eum
2024 4844 2190 4899 gere-

536 4910 705 4977 bant,
749 4913 1258 4970 demonstrarunt.
1293 4916 1616 4986 Oportebat
1647 4917 1829 4985 enim,
1864 4916 2188 4989 oportebat,

2311 4499 2406 4533 σαν
2458 4480 2545 4529 τὸν
2597 4478 2779 4549 καιρὸν
2832 4474 2964 4547 (77),
3020 4478 3111 4527 καὶ
3176 4480 3268 4534 τῆς
3322 4479 3414 4524 τοῦ
3463 4472 3648 4543 φθόνου
3706 4468 3914 4531 λύσσης

2307 4565 2783 4639 ἀναϐακχευσάσης
2835 4562 3042 4630 αύτούς,
3092 4563 3279 4615 καὶτὸ
3326 4565 3589 4634 μσυφέρον
3619 4558 3900 4631 ἠγνόησαν,

2303 4660 2394 4709 καὶ
2452 4654 2500 4708 ἑν
2549 4661 2611 4726 τῇ
2668 4653 2812 4728 ἑορτῇ
2877 4659 3058 4705 τοῦτον
3108 4652 3511 4716 καταθύσαντες,
3569 4645 3761 4710 ἔδειξαν
3810 4650 3900 4705 τῆς

2302 4742 2420 4796 κατ’
2471 4740 2631 4795 αύτοῦ
2682 4746 2870 4815 μανίας
2919 4744 3013 4800 τὴν
3068 4736 3375 4814 ὑπερϐολήν.
3432 4733 3582 4790 Ἔδει
3625 4738 3747 4810 γὰρ,
3800 4730 3905 4788 ἴδει

2302 4835 2390 4885 τόν
2438 4836 2695 4905 σωτήριον
2744 4829 2931 4902 Ἀμνὸν
2981 4827 3028 4881 ἑν
3077 4836 3138 4905 τῇ
3193 4830 3363 4904 ἡμέρᾳ
3404 4835 3499 4889 τῆς
3550 4833 3643 4878 τοῦ
3696 4830 3909 4899 νομικοῦ

2302 4919 2469 4994 ἀμνοῦ
2518 4922 2706 4981 θυσίας
2740 4919 3113 4985 θυσιασθῆναι,
3164 4923 3256 4970 τοῦ
3296 4922 3532 4989 Σωτῆρος
3563 4917 3910 4989 χρησαμένου

537 4998 639 5072 inq
650 5003 1132 5067 uam,salutarem
1144 5005 1271 5071 Agn
1280 5020 1368 5058 um
1382 5004 1442 5059 in
1455 5004 1550 5059 die
1563 5003 1972 5061 immolationis
1985 5005 2191 5077 legalis

2331 5019 2361 5084 ᾖ
2414 5010 2615 5063 ἐκείνων
2667 5012 2897 5084 πονηρίᾳ
2917 5010 3044 5083 πρὸς
3099 5011 3192 5065 τὴν
3224 5005 3411 5058 οἰκείαν
3457 5003 3775 5076 οἰκονομίαν,
3832 5005 3913 5055 ἵνα

537 5089 677 5158 agni
701 5091 997 5147 immolari
1029 5109 1043 5150 :
1074 5096 1273 5147 utente
1306 5092 1366 5148 in
1390 5093 1507 5150 hoc
1534 5095 1761 5151 malitia
1790 5094 2029 5154 illorum
2069 5097 2191 5155 Sal-

608 5267 654 5305 ³⁸
679 5265 879 5323 Matth.
912 5279 1084 5332 XXVII,
1111 5271 1203 5325 26.

2299 5102 2501 5163 πάντως
2552 5101 2580 5152 ὁ
2606 5102 2775 5162 τύπος
2819 5096 3145 5157 καταλλήλως
3185 5094 3316 5169 λάϐῇ
3369 5094 3480 5169 (78)
3534 5097 3630 5155 τὴν
3670 5090 3907 5147 ἑκϐασιν.

1751 5385 1975 5458 Variae
2004 5387 2333 5461 lectiones
2361 5398 2427 5459 et
2444 5396 2648 5458 notas.

605 5500 721 5642 (73)
747 5494 1002 5572 Βαραϐἆν,
1034 5495 1176 5557 Cod.
1205 5500 1273 5557 Α.

609 5572 699 5642 (74
745 5575 829 5627 lta
860 5577 1105 5642 uterque
1136 5572 1355 5631 etiami

632 5574 721 5642 74)
745 5575 829 5627 lta
856 5577 1105 5643 uterque
1136 5574 1317 5631 etiam
1341 5574 1402 5630 in
1438 5575 1733 5633 contextu.

632 5572 721 5642 74)
745 5575 829 5627 lta
860 5577 1105 5643 uterque
1136 5572 1257 5629 etia.

607 5572 721 5716 (75)
752 5642 893 5701 Cod.
921 5644 989 5709 Α,
1019 5644 1257 5716 map-06c.

2365 5506 2480 5725 (76)
2522 5504 2667 5565 Cod.
2688 5506 2752 5571 Δ,
2779 5498 3182 5593 πεπληρωμένῳ.

2389 5583 2456 5635 77
2519 5576 2662 5635 Cod.
2700 5574 2768 5644 Α,
2798 5595 3040 5649 ηρπασαν
3065 5582 3155 5630 καὶ

2365 5652 2453 5722 (78
2516 5646 2764 5725 Ἐκϐοἱλη,
2789 5661 2901 5721 pro
2916 5645 3081 5722 mg,
3111 5647 3182 5709 Ca

2389 5574 2480 5654 77)
2516 5574 2768 5654 βοᾷ-ΔΑ»
2798 5574 3040 5654 arcessi
3065 5574 3155 5654 tu}
3183 5578 3271 5654 τρν
3297 5579 3499 5654 καιρόν·

2363 5645 2479 5725 (τε)
2516 5646 2764 5727 suam,
2789 5645 3081 5722 promea
3111 5647 3256 5709 Cod.
3284 5651 3355 5706 Α.
