4170 6334
250 285 363 350 645

1358 279 1725 339 COMMENT.
1769 276 1837 336 IN
1879 269 2323 354 Marraieuu.
2371 301 2440 312 —
2476 269 2632 327 CAP.
2673 267 2872 327 XXVI.

3527 265 3630 323 646

256 417 378 488 Χρὴ
411 409 470 465 δέ
517 417 606 465 καὶ
650 417 803 464 τοῦτο
838 406 1068 463 συνιδεῖν
1118 411 1219 478 ὅτι,
1276 409 1519 468 πολλάκις
1576 411 1665 480 μὲν
1714 406 1866 456 αὑτὸν

1981 402 2178 454 vatore
2209 395 2287 452 ad
2319 411 2486 449 suam
2520 394 3019 464 gubernationem
3064 408 3076 447 :
3113 395 3176 448 ut
3204 391 3418 462 ﬁgura,
3447 390 3628 446 modo

261 510 556 575 κατασχεῖν
635 500 956 566 θελήσαντες,
1039 499 1131 550 οὐκ
1213 495 1575 556 ἠδυνήθησαψ
1650 496 1707 547 ού
1765 497 1864 566 γὰρ

265 592 423 652 αὐτὸς
477 589 648 647 ἢθελεν
684 609 695 621 σ
728 591 809 641 ὅτε
869 585 926 640 δέ
986 588 1141 648 αὐτὸς
1201 588 1443 656 ἠθέλησε,
1498 590 1611 638 τότε
1667 588 1864 655 καὶμὴ

268 681 490 740 θέλοντες
540 678 711 744 αὐτοὶ,
788 682 876 729 καὶ
946 681 1045 749 γὰρ
1103 676 1450 748 ἐφυλάσσοντο
1518 679 1608 732 τήν
1664 674 1864 746 ἑορτὴν,

265 772 334 829 ὡς
373 772 594 842 εἴρηται,
632 771 890 838 συνέσχον
930 767 1109 822 αὑτὸν.
1163 769 1239 816 Τὰ
1297 765 1430 816 αὐτὰ
1479 761 1536 815 δε
1567 769 1654 815 καὶ
1703 765 1727 813 ὁ
1757 762 1867 832 (79)

262 859 474 931 Μάρκος
504 860 625 928 περὶ
664 859 848 907 τούτου
903 860 1080 927 φησίν.
1128 853 1184 905 Ὀ
1213 851 1271 906 δέ
1317 873 1375 925 γε
1425 859 1649 916 Λουκᾶς,
1698 851 1868 903 ἐπιτό-

255 964 365 1017 μως
416 944 588 1010 εἰπὼν,
671 947 795 1016 πρὸς
875 947 959 995 τὸν
1019 939 1220 995 Ἰούδαν
1277 941 1640 1015 μεταϐέϐηκεν.
1702 942 1763 991 Ὀ
1818 937 1866 991 δ’

260 1035 497 1093 Ἰωάννης
527 1039 681 1084 τοῦτο
736 1036 824 1104 μὲν
882 1034 938 1084 τὸ
979 1031 1250 1102 κεφάλαιον
1322 1039 1569 1103 παρῆκεν.
1630 1031 1699 1091 ὡς
1761 1037 1870 1089 τοῖς

255 1122 434 1184 ἄλλοις
467 1122 750 1197 εἰρημένον,
786 1124 811 1172 ὅ
851 1126 940 1173 καὶ
993 1120 1042 1172 ἐν
1097 1120 1302 1182 πολλοῖς
1357 1121 1524 1180 ἀλλοις
1576 1117 1870 1191 κεφαλαίοις

262 1211 477 1270 ἐποίησε

266 1299 472 1373 βίϐλοις
530 1299 716 1367 αὐτῶν,
777 1302 844 1359 ὡς
905 1299 953 1350 ἐν
1003 1307 1071 1370 τῷ
1128 1303 1383 1371 προοιμίῳ
1433 1305 1527 1360 τῆς
1599 1300 1871 1370 παρούσης

539 1227 551 1238 ·
606 1209 1032 1285 μακροϐιώτατος
1062 1212 1161 1282 γὰρ
1210 1213 1471 1281 γενόμενος
1507 1208 1714 1279 ἐνέτυχε
1757 1216 1870 1268 ταῖς

265 1388 456 1462 βίϐλου
487 1389 1032 1463 παρεσημειωσάμεθα
1073 1405 1083 1417 ·
1120 1387 1291 1456 ἐτέρου
1333 1384 1391 1440 δὲ
1435 1386 1585 1458 λόγου
1630 1387 1870 1456 ἅπτεται,

263 1483 355 1530 καὶ
402 1480 469 1530 τὰ
511 1483 629 1553 περὶ
659 1485 750 1530 τοῦ
795 1485 1043 1549 νιπτῆρος
1097 1472 1363 1546 διέξεισιν,
1420 1480 1488 1538 ὡς
1539 1475 1874 1550 παραλελειμ-

263 1571 394 1640 μένα
419 1569 644 1628 τούτοις.

267 1781 422 1835 ΚΕΦ.
473 1778 580 1835 ΞΒ’.
616 1784 739 1852 Περὶ
797 1787 892 1842 τῆς
949 1778 1241 1850 ἀλειψάσης
1312 1784 1397 1832 τὸν
1458 1783 1648 1853 Κύριον
1704 1782 1907 1855 μύρῳι.

338 1876 442 1922 Τοῦ
484 1866 542 1920 δὲ
599 1869 774 1927 Ἰησοῦ
832 1900 899 1908 -
963 1867 1318 1940 ἀνακειμένου.
1376 1877 1524 1943 Τρεῖς
1572 1872 1684 1942 (80)
1743 1873 1873 1925 εἰσιν

267 1961 323 2010 αἱ
361 1965 598 2028 γυναῖκες
645 1960 698 2009 αἱ
743 1961 826 2009 τὸν
883 1958 1075 2031 Κύριον
1143 1957 1423 2028 ἀλείψασαι
1469 1963 1634 2031 μύρῳ.
1686 1968 1871 2034 Πρώτη

266 2051 360 2119 μεν
409 2049 439 2104 ἠ
473 2049 614 2120 παρὰ
667 2055 738 2116 τῷ
791 2052 989 2116 Λουκᾷ,
1024 2049 1142 2107 ἣτις
1195 2051 1286 2098 καὶ
1332 2047 1632 2120 ἁμαρτωλός
1663 2046 1742 2114 ἦν,
1785 2047 1874 2101 καὶ

263 2141 388 2208 περὶ
437 2138 503 2186 τὰ
551 2140 688 2207 μέσα
737 2142 829 2186 τοῦ
867 2138 1205 2206 κηρύγματος
1258 2144 1412 2188 τοῦτο
1461 2143 1729 2205 πεποίηκε,
1786 2157 1876 2203 καὶ

266 2223 318 2276 ἓν
343 2232 406 2296 τῇ
439 2224 578 2295 οἰκίᾳ
625 2229 849 2296 Σίμωνος
893 2232 986 2275 τοῦ
1037 2229 1347 2295 Φαρισαίου,
1404 2227 1486 2277 ὅτε
1525 2232 1614 2278 καὶ
1646 2225 1880 2280 σκανδα-

265 2314 468 2376 λίζεται
501 2318 654 2384 μόνος
686 2315 711 2364 ὁ
757 2320 1056 2387 Φαρισαῖος,
1103 2315 1240 2384 ᾗτινι
1282 2318 1371 2365 καὶ
1419 2317 1607 2386 μισθὸν
1649 2313 1876 2370 δίδωσιν

263 2405 292 2455 ὁ
352 2407 525 2475 Σωτὴρ
580 2407 673 2462 τήν
722 2405 905 2474 ἄφεσιν
975 2412 1074 2454 τῶν
1153 2403 1541 2477 ἁμαρτημάτων
1590 2422 1602 2435 ⁸
1655 2403 1876 2479 δευτέρα

265 2488 328 2544 δὲ
374 2493 404 2549 ἠ
464 2495 610 2566 παρὰ
660 2501 732 2562 τῷ
768 2494 998 2564 Ἰωάννη,
1053 2495 1164 2552 ἣτις
1233 2495 1412 2564 Μαρία
1455 2490 1536 2564 ᾖν,
1593 2495 1622 2552 ὴ
1680 2493 1873 2567 ἀδελφὴ

265 2585 361 2630 τοῦ
392 2582 660 2653 Λαζάρου,
693 2578 809 2651 βίον
836 2583 1040 2651 ἔχουσα
1080 2586 1288 2652 σεμνόν·
1331 2586 1420 2632 καὶ
1447 2585 1547 2654 πρὸ
1588 2583 1640 2644 ἐξ
1671 2586 1873 2658 ἡμερῶν

267 2675 363 2719 τοῦ
413 2671 612 2740 Πὰσχα
658 2677 811 2720 τοῦτο
875 2674 1145 2736 πεποίηκε,
1200 2673 1288 2720 καὶ
1331 2668 1380 2719 ἐν
1427 2678 1498 2739 τῷ
1559 2667 1679 2741 ἰδίῳ
1724 2675 1868 2743 οἴκῳ,

266 2761 359 2808 καὶ
408 2763 764 2830 χαριστήριον
811 2765 901 2817 τῆς
943 2765 1035 2809 τοῦ
1094 2754 1317 2828 ἀδελφοῦ
1343 2757 1660 2818 παλινζωίας
1699 2779 1869 2834 προσ-

1976 489 2109 556 hoc,
2138 486 2311 541 modo
2339 483 2481 538 illud
2533 483 2904 553 disponendo
2962 481 3051 553 (ε),
3101 486 3354 537 sumeret
3386 481 3633 536 omnino

1978 583 2273 634 eventum.
2308 575 2594 627 Praeterea
2643 572 2966 641 intelligere
3013 577 3263 643 oportet,
3314 574 3472 643 quod
3517 570 3634 625 fre-

1977 671 2223 738 quenter
2261 679 2398 716 eum
2433 660 2880 731 apprehendere
2928 660 3255 725 voluerunt,
3288 676 3396 714 nec
3434 663 3634 730 potue-

1977 760 2132 818 runt,
2161 753 2304 824 quia
2329 752 2454 820 ipse
2484 748 2669 803 noluit
2699 767 2711 803 :
2743 749 2845 803 ubi
2869 755 3064 804 autem
3095 750 3219 820 ipse
3253 749 3458 812 voluit,
3493 755 3631 802 tunc

1977 844 2154 898 etiam
2196 840 2464 895 nolentes
2503 838 2818 908 (siquidem
2855 838 2965 907 ipsi
3003 839 3160 892 diem
3192 839 3403 894 festum
3459 854 3630 893 cave-

1976 931 2140 993 bant,
2170 935 2228 982 ut
2250 927 2473 982 dictum
2498 925 2603 995 est)
2637 925 3212 996 comprehenderunt
3232 943 3389 982 eum.
3416 928 3627 982 Eadem

1979 1024 2033 1074 et
2064 1021 2288 1074 Marcus
2318 1015 2391 1069 de
2429 1015 2543 1070 hoc
2575 1012 2717 1068 dicit
2748 1015 2814 1064 ⁸³.
2854 1013 3045 1068 Lucas
3084 1031 3220 1069 vero
3263 1016 3517 1071 breviter
3547 1017 3626 1072 lo-

1977 1123 2187 1179 quens,
2217 1105 2293 1161 ad
2320 1104 2535 1159 Judam
2569 1101 2837 1157 transivit
2867 1103 2936 1155 ⁸³.
2978 1102 3241 1158 Joannes
3284 1109 3483 1159 autem
3513 1105 3630 1159 hoc

1979 1199 2158 1266 caput
2197 1199 2484 1264 tanquam
2509 1191 2584 1246 ab
2614 1190 2744 1245 aliis
2785 1191 3006 1245 dictum
3049 1192 3328 1261 praeteriit
3360 1192 3425 1258 δι,
3463 1192 3629 1262 quod

1980 1285 2157 1340 etiam
2172 1284 2230 1337 in
2252 1281 2450 1336 multis
2465 1280 2593 1335 aliis
2611 1279 2769 1334 fecit:
2789 1294 2930 1334 nam
2943 1295 3082 1334 cum
3098 1280 3404 1349 longaevus
3417 1280 3628 1336 admo-

1981 1373 2127 1428 dum
2158 1371 2342 1434 fuerit,
2371 1370 2554 1424 libros
2597 1368 2834 1424 illorum
2870 1375 3180 1424 assecutus
3207 1375 3296 1425 est
3336 1370 3424 1441 (ι),
3453 1369 3634 1426 veluti

1983 1463 2042 1516 in
2087 1461 2384 1516 Prooemio
2423 1457 2728 1529 praesentis
2771 1456 2905 1511 libri
2951 1457 3455 1527 signiﬁcavimus:
3506 1459 3635 1515 reli-

1905 1537 1948 1590 Β
1983 1566 2169 1622 quum
2192 1564 2329 1604 vero
2357 1562 2694 1602 sermonem
2717 1547 3114 1617 prosequitur,
3141 1552 3194 1602 et
3216 1547 3290 1604 de
3312 1548 3466 1620 pelvi
3487 1564 3633 1620 quo-

1983 1655 2099 1711 que
2129 1641 2351 1703 narrat,
2381 1640 2581 1706 utpote
2607 1636 2683 1690 ab
2713 1635 2805 1690 his
2849 1636 3346 1706 praetermissum.

1985 1772 2144 1829 CAP.
2181 1773 2334 1828 LXII.
2385 1772 2468 1826 De
2510 1786 2574 1825 ea
2613 1785 2742 1840 qua
2780 1771 2942 1824 unxit
2981 1770 3284 1826 Dominum
3313 1779 3626 1843 unguento.

2054 1880 2216 1932 Vers.
2247 1883 2298 1932 6.
2335 1878 2481 1932 Cum
2505 1880 2692 1930 autem
2705 1876 2895 1932 Jesus.
2923 1906 2994 1916 —
3013 1877 3172 1931 Vers.
3201 1883 3252 1932 7.
3283 1880 3628 1936 Recumben-

1986 1968 2072 2021 tis.
2106 1967 2264 2021 Scire
2307 1970 2507 2020 autem
2544 1968 2776 2034 oportet
2813 1969 2926 2018 tres
2959 1965 3136 2018 fuisse
3181 1966 3461 2022 mulieres
3489 1985 3626 2039 quae

1983 2055 2301 2109 Dominum
2323 2057 2618 2123 unguento
2649 2057 2960 2107 unxerunt.
2985 2052 3180 2108 Prima
3196 2053 3443 2125 quidem
3469 2058 3629 2128 apud

1985 2146 2205 2200 Lucam
2235 2145 2303 2207 ⁷⁵,
2333 2159 2463 2214 quae
2493 2142 2670 2196 etiam
2698 2141 2994 2211 peccatrix
3014 2148 3158 2206 erat,
3186 2147 3244 2197 et
3263 2144 3458 2198 medio
3481 2161 3630 2216 prae-

1985 2231 2301 2289 dicationis
2322 2236 2588 2301 tempore
2616 2229 2728 2283 hoc
2753 2227 2888 2283 fecit
2914 2228 2976 2282 in
2997 2228 3178 2284 domo
3202 2230 3458 2286 Simonis
3487 2233 3633 2288 Pha-

1986 2323 2164 2386 risaai,
2206 2320 2445 2392 quando
2489 2318 2666 2373 etiam
2711 2321 2874 2372 solus
2926 2333 2998 2372 ex
3041 2319 3156 2373 hoc
3208 2320 3634 2379 offendiculum

1986 2410 2169 2466 sumit
2190 2410 2545 2473 Pharisaeus,
2569 2407 2665 2462 cui
2690 2407 3022 2462 mercedem
3046 2407 3318 2478 rependit
3341 2409 3630 2479 Salvator,

1985 2504 2369 2573 peccatorum
2407 2497 2681 2551 videlicet
2707 2495 3140 2550 remissionem.
3176 2497 3450 2552 Secunda
3489 2514 3632 2556 vero

1984 2588 2149 2660 apud
2176 2589 2465 2641 Joannem
2510 2589 2620 2648 est,
2653 2599 2787 2654 quae
2832 2589 2956 2638 erat
2993 2584 3172 2639 Maria
3221 2599 3392 2639 soror
3423 2586 3631 2641 Lazari

1980 2678 2162 2732 vitam
2193 2673 2422 2729 habens
2449 2671 2762 2742 probatam
2797 2688 2810 2726 :
2837 2678 2893 2726 et
2925 2677 3060 2726 ante
3094 2688 3195 2726 sex
3226 2672 3353 2727 dies
3385 2674 3631 2729 Pascha

1980 2765 2190 2835 legalis
2222 2765 2280 2817 in
2314 2759 2557 2832 propria
2583 2760 2766 2814 domo
2789 2761 2904 2814 hoc
2934 2761 3089 2824 fecit,
3119 2766 3175 2815 et
3208 2761 3267 2814 in
3300 2763 3630 2828 gratiarum

267 2850 437 2916 ἡγαγε
473 2849 532 2897 τὸ
557 2848 716 2918 μύρον
750 2865 763 2878 ο
797 2842 882 2898 διὸ
913 2843 1036 2898 οὐδὲ
1080 2848 1270 2918 μισθὸς
1308 2847 1437 2918 αὐτῇ
1485 2846 1866 2918 ἐπαγγελλεται,

1981 2855 2278 2910 actionem
2319 2850 2762 2905 resurrectionis
2804 2849 3018 2914 fratris,
3077 2849 3322 2919 protulit
3358 2866 3628 2919 unguen-

266 2935 351 2986 ὅτε
397 2938 489 2985 καὶ
564 2935 809 3004 γογγύζει
882 2939 1030 3004 μόνος
1085 2931 1286 2994 Ἰούδας
1341 2953 1352 2964 '
1408 2941 1554 3008 τρίτη
1619 2933 1678 2988 δέ
1729 2937 1869 2990 ἐστιν

269 3022 432 3088 αὕτη,
481 3026 595 3096 περὶ
636 3023 699 3082 ἧς
771 3025 1033 3083 Ματθαίος
1082 3027 1171 3074 καὶ
1241 3026 1453 3096 Μάρκος
1507 3027 1692 3096 ὁμοίως
1749 3024 1868 3078 δια-

266 3109 642 3182 λαμϐάνουσιν,
669 3114 782 3171 ἣτις
811 3115 910 3183 πρὸ
948 3110 1044 3164 δύο
1102 3114 1301 3185 ἡμερῶν
1349 3121 1440 3163 τοῦ
1492 3116 1690 3185 Πάσχα
1712 3135 1869 3188 προσ·
1895 3179 1899 3186 ,
1923 3149 1928 3184 -,

265 3198 390 3257 ῆλθε
449 3203 538 3250 καὶ
585 3199 632 3249 ἐν
706 3208 767 3270 τῇ
846 3202 986 3271 οἰκίᾳ
1008 3205 1232 3271 Σίμωνος
1309 3209 1403 3252 τοῦ
1460 3208 1687 3274 Λεπροῦ.
1743 3208 1869 3278 πρὸς

265 3283 672 3346 ἁντιδιαστολὴν
713 3291 814 3360 γὰρ
861 3297 952 3340 τοῦ
983 3294 1270 3362 Φαρισαίου
1315 3294 1370 3342 τὸ
1401 3289 1502 3342 ἀπὸ
1546 3301 1641 3352 τῆς
1684 3293 1868 3367 λέπρας

267 3373 524 3446 ἐπίσημον
575 3379 1012 3448 προστεθείκασιν
1065 3395 1077 3408 ·
1129 3378 1239 3449 οἶμα
1304 3374 1612 3445 δεικνύντες,
1655 3387 1742 3433 καὶ
1791 3384 1870 3434 ὅτι

268 3464 364 3517 οὐκ
411 3462 718 3526 ἕϐδελύξατο
771 3468 862 3524 τήν
911 3465 1232 3538 ἀκαθορσίαν
1276 3475 1368 3518 τοῦ
1427 3474 1662 3540 σώματος
1709 3470 1869 3524 αὐτοῦ

269 3553 296 3604 ὀ
349 3558 578 3625 Χριστὸς
635 3551 726 3606 δια
764 3559 856 3610 τήν
904 3563 1000 3616 τῆς
1038 3554 1224 3626 ψυχῆς
1274 3555 1431 3607 αὐτοῦ
1475 3561 1808 3632 καθαρότητα
1847 3574 1861 3589 ⁸

268 3646 357 3693 καὶ
387 3641 469 3693 ἐπὶ
498 3646 590 3699 τὴν
629 3641 846 3714 κεφαλὴν
883 3651 974 3694 τοῦ
1030 3651 1260 3715 Χριστοῦ
1304 3648 1362 3696 τὸ
1407 3648 1568 3720 μύρον
1603 3652 1866 3718 κατέχεεν,

270 3729 364 3781 οὐκ
408 3728 490 3781 ἐπὶ
569 3733 691 3790 τοὺς
738 3727 930 3797 πόδας,
986 3735 1054 3793 ὡς
1119 3733 1326 3798 ἐκεῖναι,
1373 3736 1455 3786 ὅτε
1499 3740 1587 3787 καὶ
1649 3734 1870 3807 ἀγανακ-

269 3825 448 3870 τοῦσιν
497 3820 544 3870 οἱ
592 3821 852 3890 μαθηταί·
904 3820 969 3892 ᾖς
1005 3825 1095 3872 καὶ
1144 3825 1204 3872 τὸ
1256 3826 1584 3894 μνημόσυνον
1657 3823 1727 3884 εἷς
1777 3830 1870 3882 τὴν

270 3906 574 3977 οἰκουμένην
630 3905 855 3978 ᾅδεσθαι
919 3907 1302 3980 ἐπαγγέλλεται.
1374 3916 1588 3984 Φανεραὶ
1643 3916 1731 3984 μὶν
1784 3911 1870 3966 οὖν

269 3997 326 4047 αἱ
359 3991 605 4068 διαφοραὶ
657 4005 753 4048 τῶν
823 4006 996 4069 τριῶν.
1065 4000 1212 4056 Αὕτη
1265 3996 1342 4066 δὲ,
1415 4000 1738 4072 λελπρωμένη
1782 4008 1870 4061 τὴν

269 4083 458 4155 ψυχὴν
503 4103 655 4150 ουσα,
707 4085 910 4160 ἐπείπερ
978 4084 1085 4140 εἶδε
1127 4091 1213 4140 τόν
1264 4088 1446 4161 λεπρὸν
1498 4095 1700 4161 Σίμωνα
1737 4094 1871 4144 τιθε-

266 4175 610 4248 ραπευμὲνον,
659 4172 960 4248 ἐθάρρησεν,
1018 4178 1097 4228 ὅτι
1157 4182 1246 4228 καὶ
1320 4178 1449 4236 αύτὴ
1502 4178 1734 4240 τεύξεται

272 4263 475 4322 ἰάσεως.
527 4261 875 4337 Ἀλάϐαστρον
919 4265 1030 4335 (81)
1081 4263 1140 4317 δέ
1182 4265 1318 4318 ἐστιν
1353 4265 1486 4327 εἶδος
1527 4267 1738 4338 ἀγγείου
1769 4289 1872 4340 μυ-

267 4347 528 4426 ροδόχου.
577 4354 784 4424 Μάρκος
815 4349 874 4404 δὴ
903 4358 990 4404 καὶ
1030 4357 1090 4406 1'6
1146 4363 1234 4407 τοῦ
1292 4359 1458 4431 μύρου
1503 4354 1638 4417 εἶδος
1680 4360 1868 4430 προσέ-

272 4442 415 4499 θηκε.
445 4438 660 4513 Νάρδου
690 4443 813 4513 γὰρ,
850 4448 1000 4512 φησὶ,
1031 4453 1281 4505 πιστικῆς
1333 4445 1655 4511 πολυτελοῦς,
1695 4465 1872 4498 πιστι-

267 4533 365 4588 κὴν
417 4529 606 4601 καλῶν,
651 4537 715 4595 ὡς
764 4537 914 4602 ἔοικε,
969 4537 1062 4592 τήν
1151 4535 1373 4606 ἄκρατον
1446 4539 1536 4586 καὶ
1587 4551 1873 4587 καταπεπι-

1778 4187 1870 4239 τῆς
1899 4220 1944 4274 D

1979 2949 2126 3006 tum,
2179 2945 2418 3012 propter
2453 2938 2620 3010 quod
2671 2937 2754 2991 illi
2807 2938 3146 2992 mercedem
3201 2938 3285 3007 (ιι)
3331 2939 3625 3009 promisit,

1976 3030 2226 3103 quando
2252 3029 2431 3083 etiam
2463 3026 2626 3081 solus
2657 3029 2996 3081 murmurat
3015 3027 3042 3079 J
3053 3027 3200 3081 udas
3221 3027 3288 3080 ⁸⁵.
3313 3027 3504 3082 Tertia
3525 3043 3628 3083 au-

1979 3125 2098 3176 tem
2125 3123 2215 3173 est
2239 3119 2380 3184 haec,
2409 3115 2482 3169 de
2513 3130 2636 3185 qua
2670 3114 2974 3168 Matthzeus
3005 3120 3059 3169 et
3087 3117 3314 3168 Marcus
3359 3114 3629 3171 similiter

1980 3213 2235 3265 tractant
2254 3209 2300 3242 ⁸³
2326 3223 2338 3260 :
2363 3222 2498 3277 quae
2526 3210 2660 3258 ante
2691 3203 2843 3258 duos
2871 3203 2996 3258 dies
3032 3204 3275 3258 Paschae
3294 3205 3542 3260 accessit
3565 3205 3626 3259 in

1978 3297 2161 3350 domo
2181 3293 2444 3352 Simonis
2469 3293 2708 3362 Leprosi
2728 3307 2741 3345 :
2765 3293 2836 3346 ad
2851 3290 3289 3345 distinctionem
3303 3294 3463 3345 enim
3479 3291 3628 3348 Pha-

1977 3385 2135 3439 risaei
2160 3400 2191 3436 a
2221 3382 2384 3452 lepra
2408 3380 2639 3450 insigne
2669 3380 2750 3434 illi
2779 3385 3186 3450 apposuerunt
3210 3395 3223 3432 :
3246 3379 3422 3432 simul
3445 3379 3624 3436 etiam

1977 3473 2375 3534 ostendentes,
2398 3470 2564 3541 quod
2595 3469 2859 3540 corporis
2882 3469 3011 3537 ejus
3033 3468 3481 3523 immunditiam
3504 3484 3628 3524 non

1977 3561 2360 3618 abominetur
2405 3558 2691 3624 Christus,
2744 3563 2985 3629 propter
3042 3557 3364 3628 puritatem
3411 3558 3625 3612 animm

1978 3650 2136 3704 illius
2166 3666 2178 3704 :
2208 3654 2263 3703 et
2288 3663 2466 3719 super
2506 3652 2683 3718 caput
2720 3647 2930 3701 Christi
2971 3651 3340 3715 unguentum
3390 3645 3625 3713 effudit,

1977 3754 2101 3794 non
2131 3752 2310 3807 super
2336 3735 2520 3806 pedes
2554 3742 2614 3788 ut
2644 3734 2776 3797 illae,
2814 3737 3055 3805 quando
3085 3735 3361 3807 discipuli
3389 3751 3628 3806 quoque

1978 3824 2466 3894 indignabantur.
2483 3821 2664 3891 Cujus
2681 3824 2858 3877 etiam
2877 3823 3228 3877 memoriam
3250 3825 3311 3877 in
3332 3823 3627 3878 mundum

1982 3914 2244 3985 promisit
2257 3911 2716 3984 prwdicandam.
2733 3911 3048 3967 Manifesta)
3063 3918 3199 3965 sunt
3221 3913 3422 3983 itaque
3441 3911 3624 3966 trium

1978 4003 2344 4059 differentiae.
2395 4003 2524 4056 Haec
2555 4011 2757 4055 autem
2796 4017 2932 4071 quae
2962 3999 3230 4055 animam
3278 4000 3445 4070 lepra
3484 4000 3628 4054 infe-

1981 4097 2132 4147 ctam
2170 4089 2452 4151 habebat,
2501 4089 2602 4143 ubi
2632 4089 2934 4144 Simonem
2980 4091 3299 4159 Leprosum
3352 4093 3626 4144 curatum

1979 4181 2146 4245 vidit,
2200 4179 2485 4234 ﬁduciam
2547 4177 2822 4249 sumpsit,
2877 4179 3044 4248 quod
3085 4184 3143 4232 et
3189 4179 3325 4248 ipsa
3371 4178 3624 4233 salutem

1980 4273 2461 4341 consequeretur.
2502 4266 2884 4323 Alabastrum
2927 4282 3064 4322 vero
3103 4282 3291 4337 genus
3340 4272 3426 4324 est
3469 4267 3628 4323 vasis

1981 4364 2330 4429 unguentum
2349 4356 2716 4413 continentis.
2736 4359 2961 4412 Marcus
2973 4362 3164 4412 autem
3183 4354 3469 4426 unguenti
3485 4372 3628 4426 quo-

1980 4463 2098 4518 que
2111 4463 2300 4515 genus
2318 4446 2551 4502 addidit
2568 4462 2580 4500 :
2600 4446 2807 4510 Nardi,
2833 4446 3023 4517 inquit
3033 4446 3254 4515 pisticw
3268 4448 3532 4513 pretiosae
3555 4446 3624 4512 ³⁸,

1983 4535 2262 4607 pisticum
2288 4550 2513 4592 vocans
2542 4550 2772 4606 purum,
2805 4534 2895 4590 vel
2921 4550 3045 4590 non
3084 4539 3482 4605 temperatum
3521 4549 3629 4590 seu

335 4656 384 4692 "
412 4656 593 4713 Marc.
653 4675 771 4728 x1v,
829 4663 882 4714 2.
910 4661 956 4697 ⁸³
981 4659 1118 4717 Luc.
1167 4673 1306 4727 xxxx,
1347 4665 1394 4729 1,
1427 4664 1481 4717 2.
1540 4661 1587 4696 ³⁸
1618 4661 1794 4718 Joan.
1825 4676 1942 4731 xm,
1993 4662 2020 4716 1
2061 4677 2227 4735 seqq.
2261 4663 2309 4698 ³⁸
2339 4661 2480 4718 Luc.
2512 4676 2607 4724 v11,
2657 4660 2742 4716 37.
2797 4661 2843 4696 ⁸⁸
2872 4661 3044 4717 Joan.
3077 4675 3174 4729 xu,
3220 4658 3274 4715 3.
3331 4659 3374 4694 ³⁷
3447 4661 3620 4716 Marc.

265 4769 383 4820 xxv,
418 4755 469 4809 3.
504 4756 552 4790 ⁸⁸
581 4755 730 4812 lbid.

1481 4883 1705 4955 Variae
1732 4884 2063 4954 lectiones
2100 4894 2167 4955 et
2195 4896 2401 4956 notae.

339 5021 459 5164 E79)
486 5020 626 5079 Cod.
659 5027 700 5080 Α
730 5023 946 5084 omittit
981 5025 1026 5083 6.

366 5095 454 5164 80)
488 5097 803 5152 Hentenius
859 5099 1026 5155 videt:

276 5166 296 5180 .
484 5097 803 5182 llentenius
859 5099 1082 5155 videtur
1133 5099 1390 5171 legisse:
1446 5105 1528 5154 Δει
1575 5098 1634 5153 δὲ
1683 5095 1872 5152 εἰδέναι

269 5183 892 5325 ῘῙὲξῧῗῖέλλάδαθ-ῖροντ
928 5240 1165 5325 οοά-.Α-
1190 5243 1605 5325 Αροετεξριξυω
1638 5244 1873 5325 φιρεξεδιί

272 5302 348 5361 rii
373 5302 584 5378 Gyrilli,
609 5302 897 5382 quod'est
940 5314 1096 5384 apud
1126 5302 1251 5387 me;
1278 5302 1360 5371 sic
1397 5302 1573 5373 habet
1608 5333 1620 5371 :
1656 5315 1874 5370 Ἀλάϐα-

344 5481 427 5569 (ε)“
455 5481 529 5569 αξ
554 5483 874 5569 ﬁgura‘fj
912 5489 1290 5569 disponendo.
1330 5499 1398 5569 Ut
1427 5491 1615 5568 ﬁgura
1653 5493 1871 5569 (agnus

268 5558 584 5642 paschalis,
614 5561 714 5632 qui
745 5558 1037 5642 Christum
1078 5558 1672 5642 praesigniﬁcaverat)‘
1695 5558 1870 5642 plane

269 5630 542 5686 similiter
572 5630 748 5689 suum
776 5631 1021 5690 haberet
1048 5630 1349 5697 eventum.

1980 5047 2152 5104 στρονο
2200 5034 2472 5104 μυροθήλκη
2508 5024 2746 5104 ’ψήφινος
2794 5031 2825 5088 ἤ
2871 5025 3114 5104 λίθινος.-
3152 5027 3323 5084 Aliud
3351 5029 3628 5104 Lexicon

1976 5101 2310 5174 i‘nédituim':
2339 5101 2736 5174 Ἀλλάϐαστρον·
2772 5104 3044 5174 μυροθὴκη
3087 5101 3304 5174 ψήφινος
3338 5103 3366 5160 ἦ
3410 5101 3623 5174 λίξινος,

1981 5171 2281 5248 (κλάδαστόν
2304 5194 2354 5248 τι
2397 5178 2468 5238 ἄν,
2502 5171 2805 5248 πλεονασμῷ
2834 5171 2923 5226 τοῦ
2952 5193 3004 5243 ρ,
3037 5171 3394 5248 Δλάϐαστρον,
3439 5172 3498 5228 οὗ
3533 5175 3627 5230 λα-

1982 5244 2165 5298 ϐέσθαι
2193 5241 2284 5297 δια
2312 5245 2554 5303 λειότητα
2580 5241 2862 5300 ἀδύνατον.

2054 5497 2121 5569 (ι)
2147 5497 2456 5571 assecutus
2486 5503 2581 5555 est.
2619 5495 2798 5571 Legit.

2053 5568 2134 5640 (ιι)
2158 5569 2394 5647 Propter
2419 5573 2572 5643 quod
2602 5568 3046 5630 illi’mercedem.
3073 5568 3316 5647 Propter
3343 5571 3508 5646 quod
3539 5572 3624 5633 illi

1978 5659 2089 5700 nec
2114 5640 2477 5702 mercedem.
