4170 6334
612 298 719 353 647

1908 290 1916 296 '
1958 269 2304 341 EUTHYMII
2342 282 2665 340 ZIGABENI

3872 282 4002 344 ὓίὸ

614 423 878 483 mistum,
908 421 970 472 ut
999 416 1268 487 apparet,
1293 422 1349 468 et
1368 411 1446 469 ad
1465 411 1775 483 puritatem
1807 413 2133 467 servatum:
2161 427 2240 466 au

2378 412 2656 480 στευμένην
2709 409 2777 470 εἰς
2838 409 3215 485 καθαρότητα’
3267 413 3297 469 ἦ
3354 415 3443 463 καὶ
3502 416 3847 486 προσηγορία
3908 417 3998 473 τίς

594 576 597 579 ἢ
613 509 762 563 forte
776 508 900 562 ᾕρεε
913 504 1215 576 appellatio
1228 505 1480 574 quaedam
1495 506 1615 556 erat
1631 500 1916 572 unguenti.
1935 499 2083 555 Dicit
2095 499 2263 556 etiam

612 595 773 667 quod
793 611 899 649 vas
938 592 1375 659 comminuerit,
1414 606 1536 662 prae
1564 590 1936 646 festinatione
1978 588 2259 654 videlicet,

611 686 757 757 quia
779 689 1097 755 angustum
1115 686 1256 744 erat,
1281 686 1337 735 et
1357 680 1417 734 in
1434 685 1612 751 caput
1628 679 2006 735 Dominicum
2023 679 2259 734 infudit.

684 775 843 829 Vers.
885 774 938 826 8.
990 771 1199 826 Intuiti
1235 776 1510 825 autem—
1567 768 1725 823 Vers.
1784 769 1838 823 9.
1876 769 2258 837 pauperibus.

613 861 912 932 Indignati
935 866 1092 927 sunt,
1114 876 1323 915 verum
1337 858 1497 929 apud
1515 873 1666 921 sese,
1686 857 1991 912 sicutdixit
2012 861 2257 922 Marcus,

611 952 714 1025 qui
747 950 978 1008 addidit
1001 966 1102 1006 eos
1131 949 1348 1004 dixisse
1382 963 1395 1002 :
1424 948 1613 1002 Potuit
1641 948 1750 1003 hoc
1779 946 2037 1002 distrahi
2062 947 2260 1016 pluris

612 1058 786 1115 quam
800 1039 1066 1096 trecentis
1083 1036 1344 1095 denariis
1360 1056 1373 1105 ;
1388 1030 1445 1093 et
1464 1036 1625 1109 quod
1644 1036 1678 1091 Ι
1681 1036 2049 1105 nfremebant
2065 1038 2261 1093 adver-

608 1147 708 1187 sus
738 1132 908 1187 illam
942 1132 987 1163 ³⁸
1009 1129 1124 1184 hoc
1156 1132 1240 1183 est
1271 1126 1687 1197 Objurgabant
1715 1142 1849 1181 eam
1884 1132 1941 1182 et
1986 1126 2261 1197 indigna-

602 1219 833 1291 bantur
849 1218 931 1274 illi
950 1223 1191 1290 propter
1206 1215 1460 1272 abusum
1490 1216 1791 1285 unguenti-
1816 1214 1903 1270 Ad
1925 1215 2036 1271 hoc
2056 1220 2257 1272 autem

610 1309 850 1365 adducti
888 1312 1021 1363 sunt
1050 1307 1453 1361 humanitate:
1490 1321 1628 1360 cum
1668 1302 2008 1376 frequenter
2042 1322 2259 1377 praece-

602 1405 837 1471 ptorem
850 1397 1155 1453 audissent
1171 1395 1356 1451 multa
1368 1394 1441 1450 de
1454 1395 1839 1465 eleemosyna
1851 1394 2253 1461 disserentem,

605 1491 661 1543 et
666 1486 793 1559 jam
807 1501 1093 1556 magnam
1110 1499 1448 1555 pauperum
1470 1498 1665 1539 curam
1685 1483 1972 1540 haberent
1989 1480 2256 1543 Scientes

605 1576 782 1632 etiam
804 1575 966 1647 quod
993 1574 1148 1630 Deus
1176 1572 1645 1629 misericordiam
1672 1572 1797 1629 vult
1822 1577 1878 1629 et
1898 1588 2019 1630 non
2034 1572 2257 1630 sacriﬁ-

606 1665 765 1721 cium
796 1666 862 1718 ⁹⁰.
890 1666 985 1718 Est
1008 1666 1209 1720 autem
1236 1661 1629 1718 admiratione
1657 1661 1842 1732 digna
1869 1661 1997 1719 haec
2021 1662 2253 1730 mulier,

2375 494 2435 555 ἧν
2468 506 2617 549 τοῦτο
2645 501 2832 571 μύρου.
2872 504 3024 569 Λέγει
3056 496 3113 551 δε
3147 504 3235 552 καὶ
3261 500 3340 551 ὅτι
3392 499 3667 573 συνέτριψε
3716 504 3777 552 τό
3808 502 3996 572 ἄγγος

2372 587 2471 637 ὑπὸ
2495 583 2701 645 σπουδῆ
2715 607 2757 655 ς,
2788 587 2873 639 οἶα
2900 592 3219 660 στενόπορον.

2443 671 2661 736 Ἰδόντες
2747 672 2806 727 δὲ
2869 708 2937 715 -
3010 685 3262 749 πτῶχοῖς.
3342 675 3763 748 Ἠγανοξκτησαν,
3850 675 3991 730 ἀλλὰ

2369 767 2499 837 πρὸς
2565 763 2800 832 ἑαυτούς,
2853 768 2922 827 ὡς
2982 767 3007 817 ὁ
3073 767 3279 840 Μάρκος
3356 763 3513 829 εἶπεν,
3574 767 3626 828 ὃς
3674 768 3989 840 προσέθηκε

2369 858 2458 904 καὶ
2509 854 2589 904 ὅτι
2665 849 2802 906 εἷπον
2832 872 2843 883 ·
2901 852 3156 907 Ἠδύνατο
3244 861 3396 907 τοῦτο
3472 858 3736 928 πραθῆναι
3802 853 3985 907 ἐπάνω

2368 945 2680 1014 τριακοσίων
2764 939 3044 1017 δηναρίων,
3102 944 3211 1014 xui;
3258 945 3338 996 ὃτι
3417 948 3507 996 καὶ
3575 942 3986 1017 Ἐνεϐριμῶντον

2368 1030 2520 1103 αὐτῇ,
2602 1034 2868 1084 τουτίστέν
2953 1030 3283 1099 ἐπέπληττον,
3361 1031 3659 1105 ἐμέμφοντο,
3716 1030 3836 1104 ιδιά
3920 1039 3981 1092 τὲ

2365 1122 2730 1194 παραχρησιν.
2791 1121 2873 1181 Εἰς
2927 1128 3079 1174 τοῦτο
3120 1118 3178 1174 δὲ
3221 1123 3577 1196 προήχθησαν
3628 1124 3728 1174 ὑπὸ
3800 1122 3986 1195 φιλαν·

2369 1210 2619 1280 θρωπίας,
2663 1208 2905 1270 πολλάκις
2950 1218 3041 1262 τοῦ
3097 1207 3426 1263 διδασκάλου
3480 1210 3644 1263 πολλὰ
3672 1215 3795 1284 περὶ
3827 1212 3983 1270 ἐλεη-

2365 1301 2594 1370 μοσύνης
2626 1295 3009 1371 διαλεχθέντος,
3051 1305 3140 1351 καὶ
3169 1299 3326 1353 πολὺν
3369 1296 3475 1358 ἤδη
3515 1298 3667 1372 λόγον
3724 1308 3829 1352 τῶν
3888 1321 3982 1354 πε-

2363 1391 2529 1444 νήτων
2591 1390 2816 1459 ἔχοντες,
2898 1394 2983 1439 καί
3038 1392 3375 1461 γίνώσκοντες
3449 1389 3525 1440 ὃτι
3579 1389 3604 1441 ό
3663 1392 3797 1451 Θεὸς
3836 1390 3981 1443 ἔλεον

2366 1477 2495 1529 θέλει
2545 1481 2634 1529 καὶ
2686 1477 2744 1529 ού
2820 1480 3027 1534 θυσίαν.
3084 1477 3533 1550 Ἀξιοθαύμαστος
3600 1474 3661 1532 δέ
3720 1478 3869 1532 ἐστιν
3944 1482 3973 1539 ἡ

2362 1571 2516 1637 γυνὴ,
2561 1571 2633 1639 μὴ
2704 1571 2982 1639 φεισαμένη
3065 1566 3375 1625 τηλικούτου
3430 1565 3760 1640 ἀναλώματος
3843 1571 3979 1643 ὕπερ

2368 1659 2632 1730 σωτηρίας
2672 1655 2860 1727 ψυχῆς
2888 1673 2905 1690 ο
2936 1655 2995 1709 ού
3042 1657 3144 1731 γὰρ
3204 1657 3331 1731 ὑπὲρ
3383 1665 3684 1730 σωματικῆς
3744 1658 3985 1731 ἰατρείας

600 1767 739 1827 quae
770 1758 930 1811 tanto
957 1752 1215 1824 sumptui
1239 1766 1361 1808 non
1390 1752 1719 1824 pepercerit
1752 1751 1832 1807 ob
1860 1752 2077 1808 animm
2104 1752 2245 1809 salu-

2366 1750 2519 1798 τοῦτο
2548 1748 2816 1802 πεποίηκε.

604 1848 724 1900 tem
758 1860 772 1909 ;
805 1858 1000 1915 neque
1029 1841 1192 1899 enim
1213 1846 1450 1913 propter
1471 1840 1846 1914 corporalem
1872 1841 1987 1901 hoc
2012 1841 2151 1901 fecit
2171 1859 2259 1899 sa-

603 1934 871 1990 nitatem.

678 2023 838 2077 Vers.
877 2022 962 2075 10.
1010 2021 1135 2088 Quo
1164 2021 1399 2091 cognito
1429 2047 1500 2061 --
1535 2018 1818 2077 mulieri?
1868 2021 2015 2077 Cum
2046 2021 2147 2077 illa
2176 2022 2254 2078 ef-

605 2110 851 2166 fundere
905 2113 1280 2179 unguentum
1329 2108 1683 2170 festinasset,
1730 2109 2011 2180 deinceps
2061 2114 2256 2166 tuetur

595 2215 731 2256 eam
762 2199 1044 2261 Christus,
1065 2213 1189 2253 non
1215 2197 1380 2269 quod
1403 2202 1710 2268 unguento
1731 2197 1843 2252 sibi
1873 2213 2028 2269 opus
2056 2198 2249 2262 fuerit,

605 2289 711 2345 sed
741 2304 814 2344 ne
843 2286 1000 2343 illius
1029 2286 1213 2343 ﬁdem
1252 2286 1648 2342 retunderent.
1697 2290 1754 2342 et
1790 2287 1933 2358 quia
1976 2286 2253 2358 discipuli

598 2377 912 2437 mulierem
947 2375 1342 2448 increpabant
1383 2374 1753 2446 impellentes
1786 2390 1922 2431 eam
1950 2376 2028 2431 ad
2068 2378 2252 2448 paeni-

597 2468 845 2525 tentiam
869 2467 998 2537 ejus
1026 2466 1192 2539 quod
1221 2465 1457 2530 fecerat,
1507 2464 1843 2520 audientem
1874 2464 1952 2521 ab
1977 2466 2061 2521 eis
2086 2466 2253 2538 quod

597 2570 752 2615 vane
786 2554 1219 2625 consumpserit
1250 2553 1573 2625 pretiosam
1614 2552 2037 2623 substantiam,
2075 2570 2107 2610 e
2155 2554 2251 2610 di-

600 2660 771 2701 verso
788 2644 915 2699 illos
936 2644 1032 2712 obj
1044 2646 1232 2712 urgat,
1258 2641 1593 2698 molestiam
1616 2641 1821 2696 dicens
1842 2642 2079 2699 dolores
2096 2646 2253 2716 quia

599 2731 943 2805 poenitentia
984 2733 1338 2800 sequuntur,
1370 2730 1593 2786 docens
1623 2732 1789 2800 quod
1822 2746 1944 2786 non
1982 2736 2253 2803 oporteat

601 2818 933 2876 obtundere
958 2818 1262 2873 hominum
1301 2817 1483 2872 ﬁdem
1506 2833 1637 2889 quae
1666 2818 2000 2887 germinare
2026 2819 2249 2892 incipit,

603 2909 705 2964 sed
744 2908 962 2978 pariter
989 2921 1126 2960 eam
1157 2905 1347 2975 potius
1377 2906 1654 2971 enutrire,
1684 2922 1877 2979 neque
1906 2908 2066 2964 circa
2094 2911 2251 2982 prin-

601 2996 762 3068 cipia
786 2999 988 3051 exacte
1014 2992 1363 3065 disquirere,
1391 2998 1496 3049 aut
1519 2994 1838 3051 excelsiora
1863 2996 1941 3052 ab
1967 2997 2253 3055 inﬁrmio-

2436 2024 2595 2082 Γνοὺς
2668 2050 2737 2060 -
2799 2023 3064 2091 γυναικίς
3123 2023 3263 2075 Ἐπεὶ
3328 2022 3518 2092 ἔφθασε
3596 2023 3981 2096 καταχυθῆναι

2363 2114 2422 2162 τὸ
2478 2113 2660 2183 μύρον,
2721 2109 2975 2180 ἠνέσχετο
3022 2107 3198 2162 λοιπὸν
3264 2111 3291 2161 ό
3340 2111 3547 2186 Κύριος,
3603 2112 3709 2185 οὐχ
3767 2116 3835 2175 ὡς
3880 2124 3979 2167 τοῦ

2362 2202 2529 2272 μύρου
2594 2196 2852 2270 δεόμενος,
2922 2197 3028 2249 ἀλλ’
3070 2199 3153 2250 ἶνα
3204 2202 3276 2270 μὴ
3327 2196 3558 2273 ἀμϐλύνῃ
3636 2207 3731 2261 τὴν
3786 2208 3975 2257 πίστιν

2363 2288 2543 2350 αὐτῆς.
2608 2288 2745 2340 Ἐπεὶ
2787 2284 2846 2340 δὲ
2901 2289 2952 2339 οἱ
3006 2288 3257 2359 μαθηταὶ,
3309 2294 3373 2360 τῇ
3414 2295 3627 2359 γυναικὶ
3690 2290 3972 2366 ἐπιτιμῶν-

2361 2397 2462 2443 τες,
2530 2376 2598 2437 εἰς
2645 2375 2976 2449 μεταμέλειαν
3020 2376 3181 2435 αὐτὴν
3237 2384 3331 2428 τοῦ
3383 2384 3747 2454 πεπραγμένου
3806 2384 3969 2441 cum}-

2360 2466 2566 2535 λαυνον,
2630 2466 2992 2537 μανθάνουσαν
3057 2466 3179 2540 παρ’
3259 2464 3427 2519 αὐτῶν
3483 2468 3564 2519 ὅτι
3619 2471 3788 2541 μάτην
3841 2470 3967 2524 ἀνά-

2360 2554 2494 2607 λωσε
2556 2554 2837 2627 πολύτιμον
2906 2554 3017 2626 (82)
3072 2562 3283 2627 χρῆμα,
3344 2553 3655 2629 ἀντεπιτιμᾷ
3729 2561 3957 2626 τούτοις,

2361 2649 2549 2705 κόπους
2630 2645 2719 2716 μὲν
2794 2642 2953 2715 λέγων
3041 2646 3131 2704 τὰς
3231 2644 3286 2697 ἐκ
3361 2647 3692 2718 μεταμελείας
3744 2646 3956 2717 ὀδύνας,

2361 2730 2636 2785 διδάσκων
2679 2728 2739 2785 δὲ
2768 2734 2848 2784 ὅτι
2889 2731 2947 2784 ού
2986 2736 3094 2804 χρὴ
3146 2740 3343 2807 πηροῦν
3399 2733 3686 2808 ἀρχομένην
3712 2735 3957 2806 βὶαστά-

2360 2841 2459 2874 νειν
2488 2827 2581 2880 τὴν
2650 2825 2830 2873 πίστιν
2893 2828 2993 2872 τῶν
3069 2819 3369 2895 ἀνθρώπων,
3417 2821 3537 2874 ἀλλὰ
3594 2827 3950 2897 συνεκτρέφειν

2362 2910 2554 2983 μᾶλλον
2597 2910 2780 2979 αὐτὴν,
2838 2913 2925 2961 καὶ
2970 2913 3042 2982 μὴ
3109 2912 3254 2985 παρὰ
3309 2915 3402 2970 τὴν
3457 2912 3625 2984 ἀρχὴν
3688 2911 3942 2973 ἐπιζητεῖν

2360 3000 2571 3053 ἅπασαν
2614 2998 2899 3073 ἀκρίϐειαν,
2949 2994 3088 3070 μηδέ
3134 3002 3201 3052 τὰ
3251 2999 3548 3074 ὑψηλότερα
3593 3004 3711 3063 τοὺς
3745 3000 3955 3056 ἀσθενε-

600 3085 768 3141 ribus
800 3083 1047 3153 exigere.
1084 3081 1310 3138 Deinde
1336 3083 1674 3139 consolatur
1703 3083 1881 3141 etiam
1912 3086 2245 3161 mulierem,

2362 3094 2573 3163 στέρους
2630 3087 2883 3143 ἀπαιτεῖν.
2960 3084 3087 3141 Εἶτα
3158 3091 3547 3163 παραμυθεῖται
3598 3096 3687 3143 καὶ
3738 3095 3832 3150 τὴν
3866 3112 3962 3164 γυ-

600 3174 806 3230 dicens
830 3189 843 3229 :

653 3263 815 3320 Vers.
850 3264 938 3319 10.
982 3262 1133 3335 Opus
1180 3293 1246 3304 --
1286 3262 1352 3319 in
1398 3279 1501 3319 me.
1548 3262 1655 3320 Ubi
1699 3262 2045 3338 simpliciter
2094 3283 2244 3340 opus

594 3352 748 3409 illius
777 3354 1059 3418 laudavit,
1083 3353 1347 3425 primum
1366 3354 1609 3425 quidem
1632 3353 1800 3410 solvit
1818 3355 2245 3428 discipulorum

592 3442 666 3498 de
718 3441 1082 3515 pauperibus
1119 3446 1468 3514 praetextum
1497 3459 1514 3500 :
1546 3447 1754 3514 postea
1797 3459 1937 3500 vero
1975 3445 2243 3504 defendit

589 3531 770 3587 etiam
791 3548 945 3602 opus
972 3531 1122 3601 ejus.

660 3622 819 3674 Vers.
857 3621 942 3673 11.
974 3620 1277 3685 Pauperes
1305 3648 1375 3659 ——
1399 3619 1563 3675 Vers.
1600 3624 1684 3676 l2.
1721 3620 1881 3676 fecit.
1919 3625 1993 3678 De
2016 3639 2240 3694 paupe-

585 3708 754 3764 ribus
786 3708 1025 3779 scripsit
1054 3711 1279 3763 Marcus
1311 3727 1323 3763 :
1360 3709 1503 3764 Cum
1534 3709 1747 3781 inquit,
1798 3712 2113 3781 volueritis,
2138 3731 2237 3785 po-

589 3798 744 3854 testis
774 3797 895 3852 illis
921 3797 1056 3853 bene
1082 3798 1279 3866 facere
1305 3799 1373 3852 ’1.
1411 3797 1667 3853 Dicendo
1699 3804 1899 3856 autem
1929 3818 1942 3856 :
1974 3803 2071 3858 Me
2100 3818 2238 3860 vero

585 3903 707 3943 non
758 3902 982 3957 semper
1034 3887 1260 3953 habetis,
1319 3887 1497 3942 caedis
1536 3904 1659 3943 suae
1706 3906 1841 3959 quae
1878 3891 2055 3961 paulo
2102 3900 2239 3964 post

585 3974 788 4032 futura
817 3981 942 4031 erat
978 3976 1340 4031 mentionem
1363 3977 1448 4030 eis
1474 3976 1698 4047 injecit.
1721 3978 1820 4031 Ad
1838 3981 2235 4047 sepeliendum

582 4081 669 4122 me
684 4067 844 4135 fecit,
875 4066 988 4119 hoc
1015 4069 1119 4129 est,
1162 4063 1251 4118 Ad
1282 4063 1651 4133 sepulturam
1681 4081 1901 4131 meam,
1944 4073 2231 4140 tanquam

581 4169 718 4224 quae
757 4152 1201 4223 prmphetizavit
1230 4154 1482 4205 mortem
1512 4167 1709 4206 meam
1736 4152 1900 4207 brevi
1943 4154 2230 4213 futuram.

580 4242 650 4294 Et
701 4240 814 4293 hoc
867 4238 1043 4292 etiam
1103 4237 1468 4293 manifestius
1528 4237 1680 4293 dixit
1729 4242 1953 4296 Marcus
1997 4259 2011 4294 :
2070 4244 2234 4310 Quod

582 4327 784 4383 habuit
810 4327 955 4390 haec,
979 4326 1122 4394 fecit
1151 4341 1162 4381 :
1188 4325 1462 4396 praevenit
1487 4333 1546 4381 ut
1568 4334 1803 4397 ungeret
1823 4344 2031 4400 corpus
2049 4348 2231 4391 meum

2358 3186 2529 3245 ναῖκα,
2558 3178 2736 3250 λέγων.

2428 3267 2619 3343 Ἔργον
2665 3297 2735 3307 -
2805 3266 2877 3328 εἰς
2927 3265 3032 3339 ἐμέ.
3098 3264 3400 3328 Ἐπαινέσας
3449 3267 3626 3331 ἅπλῶς
3699 3272 3759 3321 τὸ
3808 3271 3960 3343 ἔργον

2354 3357 2533 3429 ἁύτῆς,
2584 3365 2784 3432 πρῶτον
2833 3358 2922 3429 μὲν
2964 3355 3071 3409 λύει
3124 3360 3218 3414 τὴν
3246 3361 3363 3429 περὶ
3408 3364 3508 3408 τῶν
3555 3366 3785 3429 πτωχῶν
3832 3364 3959 3433 πρό-

2355 3467 2510 3521 φασιν
2549 3454 2648 3499 τῶν
2704 3447 2972 3518 μαθητῶν,
3018 3447 3194 3497 ἔπειτα
3233 3444 3700 3518 ὑπεραπολογείται
3745 3453 3956 3502 καὶτοῦ

2353 3539 2503 3609 ἔργον
2530 3536 2660 3593 αύτῆ
2670 3555 2712 3596 ς.

2420 3628 2548 3685 Τοὺς
2607 3626 2855 3695 πτωχοὺς
2919 3652 2987 3663 -
3048 3622 3277 3681 ἐποίησε.
3371 3628 3496 3699 Περὶ
3566 3635 3667 3679 τῶν
3720 3636 3951 3701 πτωχῶν

2349 3710 2683 3787 ἐκδηλότερον
2767 3711 2984 3786 ἔγραψεν
3055 3713 3351 3787 ὀΜάρκος.
3417 3712 3577 3767 Ὀταν
3641 3721 3762 3792 γύρ,
3820 3725 3951 3791 φησὶ

2351 3804 2542 3869 θελητε,
2592 3803 2779 3864 αὐτοὺς
2837 3800 3064 3853 δύνασθε
3117 3801 3227 3873 (83)
3279 3802 3335 3853 εὖ
3359 3811 3598 3862 ποιῆσαι.
3652 3806 3823 3859 Εἰπὼν
3869 3805 3947 3875 δὲ,

2348 3896 2428 3946 ὅτι
2481 3892 2601 3965 Ἐμὲ
2659 3888 2717 3944 δι
2786 3889 2844 3942 ού
2898 3891 3116 3942 πάντοτε
3191 3892 3358 3962 ἔχετε,
3427 3893 3721 3964 ὑπόμνησιν
3773 3896 3952 3959 αὐτοῖς

2348 3980 2545 4035 ἐνέϐαλε
2596 3988 2692 4043 τῆς
2761 3980 2871 4052 μετ’
2925 3978 3096 4049 ὀλίγον
3186 3987 3393 4051 σφαγῆς
3455 3981 3637 4037 αὑτοῦ.
3698 3988 3838 4059 Πρὸς
3890 3990 3949 4038 τὸ

2346 4070 2652 4142 ἐνταφιάσαι
2757 4064 2883 4140 μεδε
2981 4065 3242 4137 ἐποίησεν,
3371 4067 3485 4121 ἀντὶ
3579 4078 3692 4142 τοῦ,
3812 4077 3950 4147 Πρὸς

2344 4158 2690 4231 ἐνταφιασμόν
2744 4176 2865 4228 μου,
2934 4158 3164 4231 καθάπερ
3230 4160 3628 4230 προφητεύουσα
3678 4164 3767 4213 τὸν
3818 4162 3948 4221 πλη-

2346 4247 2597 4307 σιάζοντα
2652 4266 2751 4318 μου
2806 4247 3041 4299 θάνατον.
3124 4250 3225 4298 Καὶ
3275 4253 3428 4299 τοῦτο
3479 4244 3539 4300 δε
3598 4255 3943 4325 φανερώτερον

2342 4339 2540 4411 εἴρηκεν
2592 4337 2617 4387 ό
2674 4337 2901 4408 Μάρκος,
2983 4335 3063 4386 ὃτι
3129 4333 3196 4387 Ὀ
3283 4337 3439 4405 ἔσχέν
3513 4336 3645 4395 αὕτη
3706 4338 3939 4398 εποίησε.

578 4415 653 4473 ad
693 4415 1048 4482 sepulturam
1087 4417 1134 4451 9’
1177 4415 1352 4470 Moris
1382 4415 1546 4471 enim
1581 4422 1704 4472 erat
1746 4432 1886 4474 cum
1920 4425 2229 4491 unguentis

2353 4394 2585 4499 τροέλαϐε
2635 4426 2736 4496 γὰρ
2764 4394 3016 4495 ’μυρίσαι
3080 4441 3180 4494 μου
3254 4427 3313 4474 τὸ
3344 4394 3554 4497 ’-σῶμα
3604 4394 3679 4488 είς
3729 4431 3815 4480 τὸν
3841 4394 3942 4481 εν-

576 4504 825 4575 sepelire
836 4520 1110 4575 corpora,
1134 4510 1199 4560 ut
1219 4504 1798 4577 diutiusincorrupta
1812 4510 2223 4575 perdurarent.

577 4593 737 4659 Quod
788 4594 1012 4659 habuit,
1065 4595 1130 4649 id
1181 4600 1283 4658 est,
1321 4595 1488 4658 Quod
1531 4595 1740 4665 potuit.
1780 4600 1839 4651 Et
1869 4604 1930 4673 tu
1980 4616 2121 4669 ergo
2178 4603 2221 4658 si

573 4676 807 4753 aiiquos
838 4684 1247 4738 construentes
1273 4683 1545 4737 ecclesias
1574 4680 2077 4755 autmonasteria,
2105 4690 2222 4746 sive

575 4788 773 4829 sacras
816 4773 1104 4843 imagines
1147 4770 1381 4838 videris,
1422 4787 1497 4827 ne
1537 4771 1760 4828 factum
1801 4774 1953 4829 dirui
1980 4776 2215 4846 jubeas,

573 4877 647 4917 ne
700 4862 885 4917 animi
932 4861 1171 4917 illorum
1220 4860 1751 4931 promptitudinem
1794 4864 2125 4921 rotundas:
2173 4869 2223 4924 si

571 4967 710 5006 vero
737 4952 1086 5023 priusquam
1113 4948 1379 5015 aedificet,
1404 4955 1459 5005 te
1484 4951 1785 5021 quispiam
1824 4952 2218 5027 interrogave-

571 5038 665 5104 rit,
682 5037 888 5109 jubeto
912 5039 1048 5094 dare
1074 5038 1455 5110 pauperibus.
1478 5032 1481 5035 ’
1602 5072 1608 5078 -
2074 5032 2077 5039 '

2337 4516 2650 4587 ταφιασμόν.
2726 4511 2880 4571 Ἐθος
2954 4513 3056 4585 γὰρ
3137 4511 3200 4569 ἦν
3257 4514 3443 4586 μύροις
3510 4516 3830 4587 ἑνταφιάζειν
3874 4520 3937 4570 τὰ

2308 4610 2553 4675 σώματα
2603 4605 2729 4673 πρὸς
2785 4603 2841 4651 τὸ
2881 4595 3135 4670 διαρκεῖν.
3194 4598 3259 4652 Ὀ
3324 4597 3381 4653 δὲ
3441 4602 3552 4674 (84)
3603 4606 3756 4677 ἔσχεν
3793 4606 3923 4675 (85),

2304 4688 2447 4744 ⁷ἆντὶ
2498 4698 2610 4757 τοῦ,
2654 4688 2673 4704 ⁵
2700 4686 2749 4740 Ο
2780 4684 3042 4746 ἠδύνατο.
3086 4684 3185 4740 Καὶ
3242 4692 3306 4740 σὺ
3336 4694 3525 4756 τοίνυν,
3572 4692 3657 4744 ἐὰν
3697 4695 3775 4763 μὲν
3806 4688 3927 4763 ἴδῃς

2330 4784 2471 4840 τινὰς
2522 4777 3009 4839 κατασκευάζοντας
3074 4774 3369 4847 ἐκκλησίας,
3423 4779 3453 4837 ἣ
3508 4785 3851 4853 μοναστὴρια,
3899 4780 3929 4839 ἦ

2333 4867 2661 4940 ἀναθήματα,
2704 4872 2773 4939 μὴ
2833 4866 3001 4918 κέλευε
3055 4864 3326 4917 καταλύειν
3388 4870 3447 4918 τὸ
3502 4874 3790 4941 γινόμενον,
3857 4870 3939 4922 ἶνα

2331 4964 2401 5032 μὴ
2440 4963 2689 5033 πηρώσῃς
2736 4954 2902 5008 αὐτῶν
2951 4958 3038 5012 τὴν
3087 4956 3379 5028 προθυμίαν
3413 4971 3425 4985 ⁶

2328 5048 2724 5102 κατασκευάσαι
2785 5063 2867 5104 τις
2924 5041 3184 5117 ἐρωτήσῃ,
3224 5042 3394 5098 κέλευε
3434 5040 3617 5099 δοῦναι
3677 5054 3935 5121 πτωχοῖς.

3486 4953 3570 5007 ἐὰν
3612 4954 3669 5010 δὲ
3705 4962 3807 5032 πρὸ
3850 4966 3938 5011 τοῦ

600 5186 603 5187 ⁷
644 5192 692 5227 ⁸⁵
728 5193 901 5248 Marc.
934 5196 1053 5257 Xiv,
1077 5190 1127 5255 4,
1159 5190 1552 5272 5.500seev1,
1584 5196 1658 5273 θ,
1689 5193 1883 5252 Matth.
1917 5213 1995 5271 Ix,
2034 5200 2114 5256 13.
2153 5200 2245 5257 “ﬂ

2353 5217 2399 5259 ο.
2420 5216 2539 5267 xlv,
2570 5204 2624 5256 7.
2665 5199 2714 5234 ⁹²
2744 5195 2891 5253 ibid.
2928 5197 2982 5254 8.

1796 5400 2018 5470 Variae
2049 5404 2371 5474 lectiones
2416 5415 2479 5473 et
2519 5412 2726 5471 notae.

647 5562 762 5639 (82)
790 5567 873 5639 Td
899 5561 1200 5639 πολύτιμον,
1243 5564 1371 5620 cod.
1402 5568 1478 5639 ΛΑ.

645 5616 759 5709 (es;
791 5616 1047 5705 eam...
1070 5616 1562 5706 ieggaggzts'se,
1594 5637 1734 5694 Cod.
1765 5640 1831 5694 Α.

2432 5573 2520 5633 8t)
2552 5575 2632 5633 Δί,
2660 5569 2875 5625 omittit
2898 5567 3012 5623 cod

2432 5577 2491 5629 8'.
2552 5575 2632 5633 Δί,
2660 5573 2875 5625 omittit
2898 5583 2976 5623 co.

2406 5573 2520 5718 iss)
2548 5648 2616 5699 Τὸ
2650 5639 2708 5695 δέ
2741 5644 2897 5712 ἔσχεν
2940 5645 2976 5691 n
