4170 6334
208 312 323 369 649

1182 314 1551 372 COMMENT.
1595 315 1664 370 IN
1699 314 2140 372 MATTH/EUM.
2183 348 2250 355 —
2290 316 2446 373 CAP.
2478 319 2678 373 XXVI.

3478 328 3583 382 650

289 439 458 512 Ἀμὴν
496 470 566 481 —-
640 438 821 502 αὐτῆς.
880 446 1043 493 Τοῦτο
1096 445 1187 493 καὶ
1251 448 1343 502 τῆς
1399 444 1646 512 γυναικὸς
1720 461 1817 493 πα-

1996 443 2155 499 Vers.
2213 447 2291 498 l3.
2345 444 2524 498 Amen
2572 474 2642 485 —
2684 445 2893 515 ipsius.
2929 448 3061 505 Hoc
3107 452 3164 504 et
3213 448 3346 506 laus
3387 456 3473 510 est
3512 470 3583 511 ac

210 528 471 600 ράκλησις
518 534 607 581 καὶ
649 531 850 590 ἔπαινος
916 526 995 596 ἧν,
1046 534 1136 581 καὶ
1186 536 1285 581 τῶν
1355 531 1600 600 μαθητῶν
1656 550 1819 603 παρα-

212 620 385 689 μυθία
418 634 430 646 ⁸
464 626 559 681 τῆς
603 621 712 690 μὲν,
770 620 850 671 ὃτι
889 621 1036 671 ἔσται
1084 621 1219 671 κατὰ
1262 624 1435 671 πᾶσαν
1468 616 1692 691 ᾀδομένη
1728 624 1818 677 τὴν

214 706 522 780 οἰκουμένην
558 728 571 740 ·
605 716 706 759 τῶν
766 704 844 776 δὲ,
907 710 986 760 ὅτι
1043 711 1102 760 16
1149 711 1395 782 κήρυγμα
1450 714 1624 761 πᾶσαν
1678 728 1819 782 περι-

212 795 347 869 λάϐῃ
407 797 620 869 (86-87)
686 801 781 855 τὴν
860 797 1183 869 οἰκουμένην.
1258 800 1327 849 T6
1394 798 1703 869 Εύαγγελιον
1760 795 1817 851 δὲ

213 892 386 953 τοῦτο,
422 883 535 938 ἀντὶ
588 883 702 953 τοῦ,
754 888 784 944 ἡ
838 891 1171 959 πραγματεία
1217 888 1246 944 ἡ
1297 884 1415 957 ἐμὴ,
1447 892 1477 945 ἡ
1505 883 1753 957 διήγησις
1782 888 1813 945 ἡ

212 973 333 1024 κατ’
360 971 468 1045 ἐμὲ.
524 979 625 1027 Καὶ
680 977 851 1039 ὅντως,
908 976 1023 1026 ὅσοι
1069 980 1391 1046 γινώσκουσι
1435 977 1502 1026 τὰ
1546 977 1679 1027 κατὰ
1729 977 1816 1026 τόν

210 1066 470 1136 Χριστόν,
511 1069 836 1134 γινώσκουσι
887 1068 976 1116 καὶ
1036 1063 1061 1115 ὃ
1121 1062 1360 1121 ἐποίησεν
1421 1063 1572 1131 αὕτη,
1610 1068 1700 1115 καὶ
1744 1072 1815 1134 τῷ

212 1150 498 1224 εὐαγγελίῳ
576 1155 945 1225 συνεκηρύχθη
1006 1156 1063 1204 16
1116 1155 1270 1225 ἔρχον
1319 1152 1502 1221 αὐτῆς,

213 1242 427 1293 ἅπασαν
474 1246 566 1299 τὴν
613 1250 711 1313 γῆν
765 1238 1043 1315 διέδραμεν
1119 1242 1274 1302 αὐτῆς
1333 1246 1391 1294 τό
1465 1247 1810 1315 μνημόσυνον.

1580 1158 1669 1205 καὶ
1746 1152 1816 1213 εἰς

216 1335 321 1384 Καὶ
359 1339 469 1392 πῶς
535 1327 684 1383 οὐδὲν
741 1334 1086 1404 πνευματικὸν
1141 1332 1401 1404 ὑπέσχετο
1462 1328 1524 1403 τῇ
1584 1336 1815 1402 γυναικὶ,

213 1418 344 1472 ἀλλά
372 1424 535 1492 μόνην
591 1424 685 1478 τὴν
740 1420 902 1472 εἰσαεὶ
958 1425 1165 1492 μνήμην
1232 1420 1417 1485 ςἈπὸ
1474 1423 1669 1481 ταύτης
1730 1424 1820 1472 καὶ

208 1513 331 1583 περὶ
377 1507 574 1562 ἐκείνου
628 1507 829 1583 θαῤῥείν
894 1506 1101 1563 ἔδωκεν.
1150 1509 1209 1562 Εἰ
1254 1512 1355 1583 γὰρ
1437 1509 1589 1561 καλὸν
1676 1511 1820 1583 ἔργον

229 1598 359 1670 αὐτῇ
402 1600 898 1672 προσεμαρτύρησε,
952 1595 1234 1670 πρόδηλον,
1286 1599 1364 1649 ὅτι
1414 1594 1574 1650 δώσει
1621 1601 1823 1649 καὶτὸν

217 1686 345 1759 ύπὶρ
405 1689 593 1739 τούτου
639 1688 850 1759 μισθόν.
907 1690 1204 1761 Προετύπου
1260 1682 1319 1738 δὲ
1374 1688 1403 1744 ἡ
1450 1690 1540 1759 μὲν
1569 1691 1698 1758 γυνὴ
1733 1691 1822 1744 τὴν

220 1773 559 1841 Ἐκκλησίαν,
590 1779 684 1833 τήν
723 1779 970 1849 πρότερον
1028 1774 1188 1827 οὖσαν
1238 1774 1539 1847 ἁμαρτωλὸν
1579 1793 1592 1805 '

223 1865 409 1937 μύρον,
480 1869 574 1923 τὴν
630 1868 829 1931 πίστιν,
884 1862 943 1921 ἢν
995 1862 1192 1935 ἐξέχεεν
1246 1864 1317 1925 εἰς
1373 1868 1621 1939 Χριστόν.
1676 1864 1819 1916 Ὑπό-

223 1971 419 2024 μνησιν
496 1949 555 2006 δε
614 1961 716 2013 τοῖς
772 1954 1046 2025 μαθηταῖς,
1101 1955 1165 2012 ὡς
1224 1953 1517 2028 εἰρήκαμεν,
1591 1952 1821 2025 ἐμϐαλὼν

222 2051 321 2104 τῆς
373 2042 484 2114 μετ’
541 2041 713 2115 ὀλίγον
746 2051 952 2115 σφαγῆς
991 2041 1170 2109 αὐτοῦ,
1229 2047 1317 2094 καὶ
1358 2046 1442 2094 τόν
1474 2039 1679 2095 Ἰούδαν
1705 2044 1822 2094 ὑπέ-

223 2130 391 2197 νυξεν,
461 2133 526 2192 ὡς
582 2132 640 2183 ού
686 2131 864 2188 λέληθε
935 2133 1131 2204 πονηρὰ
1187 2135 1547 2204 σκεπτόμενος,
1616 2134 1823 2183 ὑπανοί-

218 2240 328 2292 γων
392 2220 531 2272 αύτῶ
596 2226 870 2293 μετανοίας
934 2223 1118 2293 θύραν,
1192 2220 1251 2275 Ὀ
1332 2217 1391 2272 δὲ
1452 2225 1822 2293 καὶπρότερον

219 2312 317 2381 μὲν
379 2311 462 2361 ἐπὶ
507 2318 600 2371 τῆς
652 2306 879 2382 ἀδελφῆς
925 2316 1016 2361 τοῦ
1062 2312 1309 2383 Λαζάρου
1361 2305 1691 2380 διεγόγγυσε,
1748 2309 1824 2361 λέ-

217 2418 333 2469 γων
385 2415 396 2427 '

223 2490 355 2538 σίων
400 2483 682 2559 δηναρίων,
740 2491 831 2539 καὶ
882 2484 1040 2545 ἐδόθη
1094 2494 1331 2559 πτωχοῖς
1363 2483 1524 2555 ;Εἶπε
1556 2483 1632 2553 δὲ,
1672 2492 1822 2559 φησὶ,

471 2402 618 2451 Διατί
669 2406 821 2451 τοῦτο
872 2402 929 2450 1'6
983 2400 1143 2471 μύρον
1211 2398 1303 2450 ούκ
1363 2396 1560 2472 ἐπράθη
1615 2418 1825 2470 τριακο-

216 2583 398 2643 τοῡτο,
463 2576 568 2648 οὐχ
633 2578 713 2628 ὅτι
789 2580 907 2650 περὶ
975 2584 1073 2628 τῶν
1140 2584 1370 2648 πτωχῶν
1434 2575 1599 2648 ἔμελεν
1662 2576 1825 2647 αὐτῷ,

220 2664 338 2717 ἀλλ’
401 2666 477 2717 ὅτι
538 2665 761 2726 κλέπτης
828 2662 910 2729 ἧν,
986 2669 1076 2716 καὶ
1133 2668 1190 2717 16
1254 2664 1624 2736 γλωσσόκομον
1691 2662 1827 2736 εἶχε,

217 2758 319 2806 καὶ
375 2756 439 2806 τὰ
500 2752 789 2827 βαλλόμενα
852 2750 1126 2814 ἑϐάσταζε.
1203 2756 1272 2806 Τό
1333 2752 1704 2824 γλωσσόκομον
1769 2749 1828 2805 δὲ

221 2840 293 2902 ἦν
329 2841 625 2915 βαλάντιον,
668 2842 779 2913 (88)
838 2840 948 2911 ἐνῷ
978 2844 1042 2894 τὰ
1088 2846 1457 2916 προσαγόμενα
1511 2844 1673 2916 χάριν
1726 2851 1825 2894 τῶν

224 2936 463 2989 πίνητων
508 2930 1068 3004 ἐναπεθησαυρίζοντο.
1135 2930 1231 2982 ’Ὡν
1279 2928 1338 2983 δὲ
1384 2929 1820 3003 βαλαντιοφύλαξ,
1857 2912 1898 2970 C'

223 3019 469 3073 ἐϐούλετο
490 3024 579 3071 καὶ
605 3023 661 3071 16
685 3025 890 3092 τίμημα
909 3028 997 3072 τοῦ
1028 3023 1194 3094 μύρου
1227 3018 1725 3093 ἐναποταμιευθῆναι
1753 3030 1825 3092 τῷ

220 3108 513 3183 βαλαντίῳ,
549 3110 628 3161 ἵνα
659 3105 870 3161 δύναιτο
918 3108 1120 3179 κλέψαι.
1152 3108 1473 3183 Φιλαργυρίᾳ
1512 3112 1610 3185 γὰρ
1656 3109 1823 3177 ἁλούς,

216 3198 301 3259 εἰς
343 3198 538 3256 κλοπὴν
597 3198 747 3272 ἑώρα.
780 3202 903 3250 Τότε
960 3198 1019 3249 δὲ
1046 3202 1225 3269 τυχὼν
1266 3197 1567 3269 ἀπολογίας,
1601 3197 1708 3251 ἐπεὶ
1737 3204 1827 3251 καὶ

214 3296 313 3339 νῦν
343 3292 399 3339 16
432 3287 558 3338 αύτό
589 3289 797 3357 γεγονός
824 3282 946 3355 εἶδε,
990 3292 1079 3338 καὶ
1108 3295 1200 3346 τῆς
1245 3288 1483 3360 ἀφορμῆς
1512 3296 1600 3338 τοῦ
1640 3287 1827 3357 κλέψαι

218 3376 379 3429 πάλιν
407 3374 691 3447 ἀπέτυχεν,
720 3375 788 3435 εἰς
818 3375 976 3447 ὀργὴν
1028 3374 1203 3428 λοιπὸν
1245 3376 1517 3440 ἐξεκαύθη,
1568 3381 1656 3428 καὶ
1689 3376 1825 3428 εἰσε-

219 3466 431 3525 λθόντος
460 3466 531 3526 εἰς
581 3464 738 3516 αὐτόν
768 3472 859 3515 τοῦ
904 3471 1121 3530 Σατανᾶ,
1154 3466 1324 3526 καθὼς
1365 3462 1499 3517 εἶπεν
1539 3466 1564 3516 ό
1596 3472 1822 3533 Λουκᾶς,

228 3555 455 3627 ἄρχεται
480 3563 541 3614 τῆ
554 3574 576 3615 ς
604 3552 849 3613 ἐπιϐουλῆ
861 3573 901 3615 ς.

304 3735 427 3785 Τότε
490 3760 559 3773 -—
621 3727 926 3804 παραδώσω
1001 3730 1155 3783 αὐτόν
1224 3746 1237 3797 ;
1304 3729 1427 3784 Ὀτι
1487 3733 1517 3789 ἠ
1588 3729 1830 3803 ἀλλοτρία

237 3821 497 3893 ᾠκειώθη,
545 3824 660 3873 τότε
698 3821 723 3872 ό
776 3819 961 3881 οἰκεῖος
1027 3819 1370 3894 ἠλλοτριὼθη,
1425 3825 1515 3872 καὶ
1576 3819 1826 3892 ἐπορεύθη

236 3914 368 3984 πρὸς
424 3909 631 3976 αὐτούς,
681 3908 785 3981 οὐχ
815 3910 902 3961 ὑπ’
956 3908 1122 3960 αὐτῶν
1159 3908 1468 3982 μεταλήθη.
1526 3911 1831 3981 Προστέθει-

236 4018 326 4053 ται
376 3995 437 4051 δὲ
488 4001 546 4049 τό
604 3996 703 4049 ἀπὸ
751 4006 839 4057 τῆς
890 3995 1221 4069 ἐνεγκαμένης
1264 3997 1374 4069 (89)
1422 3996 1702 4070 ἐπώνυμον,
1751 3996 1831 4050 δι-

235 4094 319 4141 ότι
375 4092 467 4139 καὶ
514 4086 665 4147 ἄλλος
719 4082 924 4147 Ἰούδας
956 4082 1016 4143 ἦν
1065 4086 1091 4136 ό
1136 4084 1404 4140 Ἰακώϐου.
1464 4086 1571 4138 Ούκ
1613 4084 1719 4139 εἷπε
1749 4084 1828 4157 δὲ,

232 4179 315 4231 ὅτι
346 4179 437 4229 τόν
488 4176 714 4239 Ἰησοῦν,
764 4175 794 4234 ἦ
836 4178 922 4227 τόν
953 4178 1202 4249 Χριστὸν,
1236 4173 1343 4227 ἀλλ’
1375 4176 1455 4227 ὅτι
1484 4176 1657 4230 αὐτόν.
1696 4177 1833 4249 Ἐμί-

236 4286 318 4320 σει
373 4268 475 4338 γὰρ
537 4264 713 4317 λοιπὸν
779 4263 937 4316 αὐτοῦ
992 4268 1082 4315 καὶ
1146 4268 1203 4316 16
1266 4267 1443 4337 ὄνομα.
1504 4271 1709 4328 Λουκᾶς
1775 4263 1833 4319 δὲ

236 4352 393 4422 εἶπεν,
463 4356 546 4407 ὅτι
596 4352 908 4412 συνελάλησι
952 4356 1042 4404 καὶ
1089 4359 1198 4415 τοῖς
1256 4361 1564 4429 στρατηγοῖς
1620 4358 1677 4407 16
1724 4364 1834 4418 πῶς

237 4444 396 4498 αὐτόν
457 4439 685 4517 παραδῷ
741 4439 938 4503 αὐτοῖς.
995 4443 1061 4494 Οἱ
1111 4443 1212 4515 γὰρ
1271 4441 1537 4519 ἀρχιερεῖς
1588 4448 1830 4517 παρέπει-

1503 4622 1551 4656 ⁹⁵
1581 4621 1730 4677 ibid.
1753 4622 1811 4678 4.

308 4623 376 4677 ”.
401 4622 555 4677 Joan
582 4635 723 4685 xxii,
755 4622 806 4682 5,
834 4621 884 4674 6.
964 4620 1011 4655 9‘
1042 4620 1176 4677 Luc.
1203 4635 1346 4685 xxu,
1375 4624 1426 4678 3.

1926 530 2253 586 consolatio
2304 530 2583 597 mulieris,
2645 538 2700 589 et
2770 536 3205 608 discipulorum
3278 540 3579 613 solatium,

1924 619 2080 675 illius
2105 620 2371 692 quidem,
2400 621 2543 693 quia
2565 636 2670 692 per
2697 623 3042 682 universum
3085 627 3281 683 orbem
3307 630 3583 689 decanta-

1924 708 2103 773 bitur;
2138 710 2346 764 horum
2381 712 2601 774 autem,
2636 712 2778 782 quia
2809 715 3154 785 praedicatio
3190 720 3380 775 totum
3421 737 3583 778 com-

1924 796 2251 868 prehendet
2272 798 2597 854 mundum.
2628 799 2749 856 Hoc
2772 804 3181 873 Evangelium,
3208 808 3269 862 id
3293 812 3400 873 est,
3426 826 3581 882 opus

1929 900 2129 940 meum
2160 892 2214 941 et
2244 887 2503 942 narratio
2533 887 2693 944 facta
2744 889 2819 944 de
2851 907 2969 945 me.
3019 893 3093 949 Et
3122 910 3253 951 vere
3284 902 3582 971 quotquot

1926 980 2295 1043 cognoscunt
2340 991 2411 1031 ea
2440 991 2576 1048 quae
2621 976 2780 1033 circa
2826 977 3123 1037 Christum
3180 986 3575 1056 contigerunt,

1926 1063 2103 1119 etiam
2156 1064 2214 1118 id
2246 1070 2461 1120 norunt
2503 1065 2670 1136 quod
2714 1065 2843 1120 haec
2895 1067 3032 1123 fecit
3063 1086 3076 1134 ;
3106 1074 3161 1131 et
3215 1072 3390 1128 simul
3442 1093 3580 1131 cum

1926 1153 2243 1221 Evangelio
2290 1152 2682 1224 praedicatum
2718 1159 2809 1210 est
2847 1155 3029 1226 hujus
3060 1173 3235 1229 opus,
3271 1163 3419 1217 etin
3450 1165 3582 1220 uni-

1924 1257 2165 1297 versum
2192 1242 2481 1313 percurrit
2509 1243 2710 1297 orbem
2739 1243 2922 1314 hujus
2950 1248 3262 1304 memoria.
3296 1250 3409 1305 Sed
3434 1267 3582 1323 quo-

1928 1330 2110 1386 modo
2140 1330 2289 1385 nihil
2320 1331 2618 1401 spirituale
2649 1332 2882 1387 mulieri
2913 1334 3207 1405 promisit,
3244 1339 3342 1393 sed
3373 1356 3583 1413 perpe-

1926 1424 2091 1475 tuam
2121 1419 2417 1475 duntaxat
2445 1421 2802 1476 memoriam
2842 1423 2870 1477 ?
2891 1424 2973 1477 Ex
3003 1423 3118 1479 hoc
3151 1442 3294 1481 sane
3320 1434 3385 1484 ut
3426 1429 3584 1487 illius

1928 1524 2170 1581 quoque
2186 1508 2468 1564 ﬁduciam
2483 1508 2731 1565 haberet
2749 1510 2942 1582 dedit;
2962 1528 3103 1568 nam
3128 1515 3178 1568 si
3190 1514 3414 1572 bonum
3428 1519 3583 1575 illius

1929 1598 2115 1653 fuisse
2169 1613 2323 1668 opus
2371 1601 2615 1653 testatus
2661 1603 2768 1666 est,
2827 1601 3213 1658 manifestum
3276 1611 3363 1661 est
3418 1609 3585 1679 quod

1930 1687 2107 1742 etiam
2136 1685 2423 1757 rependet
2453 1702 2561 1757 pro
2593 1686 2725 1757 ipso
2780 1689 3141 1747 mercedem.
3180 1693 3588 1765 Prmﬁguravit

1648 1778 1707 1827 τὸ
1766 1771 1825 1827 δὲ
1859 1781 2129 1835 Bautem
2183 1776 2312 1831 haec
2385 1774 2601 1830 mulier
2653 1775 2995 1845 Ecclesiam,
3051 1795 3185 1850 quas
3242 1782 3409 1852 prius
3461 1788 3587 1842 erat

1929 1863 2635 1935 peccatrix.Unguentum
2650 1863 2999 1928 vero,ﬁdem
3013 1882 3197 1938 quam
3211 1869 3271 1923 in
3284 1870 3585 1929 Christum

1930 1953 2161 2008 effudit.
2218 1951 2866 2007 Commemorationem
2911 1958 3109 2008 autem
3180 1956 3481 2029 discipulis
3521 1964 3587 2017 ut

1930 2041 2190 2096 diximus
2216 2039 2588 2109 suggerendo
2630 2040 2981 2111 propinqua:
3013 2042 3193 2097 caedis
3226 2061 3369 2110 suae,
3403 2049 3584 2105 etiam

1929 2131 1955 2184 J
1965 2134 2146 2185 udam
2179 2129 2333 2183 clam
2362 2129 2677 2199 percussit,
2712 2133 2915 2199 utpote
2943 2130 3107 2201 quod
3140 2133 3434 2191 Christum
3462 2154 3584 2195 non

1928 2220 2346 2290 lateretipsum
2370 2217 2577 2289 iniqua
2602 2222 2854 2272 tractare
2880 2240 2891 2271 :
2916 2223 3205 2291 tanquam
3226 2226 3586 2293 pmnitentiae

1928 2308 2178 2380 januam
2210 2307 2292 2361 illi
2341 2307 2685 2379 aperiendo.
2720 2306 2816 2361 Ille
2854 2312 3053 2362 autem
3104 2311 3280 2366 etiam
3313 2313 3477 2383 prius
3512 2316 3588 2372 de

1932 2414 2133 2452 sorore
2166 2397 2363 2452 Lazari
2407 2400 2907 2461 murmuraverat,
2941 2396 3146 2452 dicens
3180 2416 3192 2453 :
3240 2402 3436 2466 Quare
3480 2404 3592 2461 hoc

1933 2491 2303 2556 unguentum
2334 2501 2449 2540 non
2478 2484 2659 2540 veniit
2687 2484 2958 2540 trecentis
2984 2487 3250 2544 denariis
3291 2496 3346 2545 et
3384 2492 3592 2550 datum

1934 2582 2016 2632 est
2057 2575 2253 2644 egenis
2285 2576 2312 2627 ?
2342 2573 2509 2629 Dixit
2540 2580 2736 2629 autem
2767 2574 2895 2638 hoc,
2931 2575 3123 2646 inquit
3161 2577 3439 2651 Joannes,
3472 2598 3594 2638 non

1934 2664 2093 2736 quod
2121 2664 2193 2718 de
2228 2663 2420 2733 egenis
2470 2661 2763 2718 sollicitus
2812 2669 2977 2728 esset,
3012 2665 3115 2719 sed
3145 2668 3287 2735 quia
3316 2674 3421 2737 [ur
3467 2674 3599 2727 erat

1936 2758 1989 2809 et
2009 2754 2230 2808 loculos
2262 2751 2520 2814 habebat,
2544 2766 2615 2807 ac
2635 2766 2703 2807 ea
2729 2766 2854 2822 qua0
2879 2752 3268 2809 mittebantur
3291 2758 3594 2825 portabat.

1935 2842 2137 2897 Loculi
2159 2846 2359 2896 autem
2390 2844 2557 2895 erant
2585 2838 2959 2911 marsupium
2984 2841 3047 2895 in
3093 2857 3215 2913 quo
3238 2846 3598 2906 recondebat

1934 2946 2005 2986 ea
2017 2946 2152 3003 quia
2168 2944 2506 3001 pauperum
2522 2930 2709 2997 gratia
2723 2929 2907 2985 ascita
2919 2929 3003 3001 (υ)
3015 2936 3185 2986 erant
3204 2949 3216 2987 :
3234 2948 3373 2990 cum
3390 2940 3597 2994 autem

1933 3020 2159 3077 loculos
2191 3023 2470 3083 servaret,
2528 3018 2765 3074 volebat
2791 3019 2971 3074 etiam
3014 3023 3306 3091 unguenti
3335 3026 3592 3095 pretium

1936 3109 1999 3166 in
2019 3108 2227 3165 loculis
2245 3108 2512 3177 recondi,
2533 3124 2655 3177 quo
2680 3107 2861 3163 furari
2883 3108 3022 3163 inde
3045 3116 3260 3180 posset.
3286 3114 3591 3184 Siquidem

1936 3199 2183 3256 avaritia
2216 3205 2423 3268 captus
2450 3198 2509 3251 in
2556 3196 2781 3252 furtum
2812 3197 3179 3254 intendebat.
3213 3203 3276 3255 Et
3302 3206 3441 3257 tunc
3462 3206 3592 3275 qui-

1936 3289 2074 3343 dem
2102 3286 2180 3341 illi
2201 3301 2554 3357 responsum
2579 3289 2666 3339 est
2693 3285 2800 3355 (av),
2832 3286 2937 3339 sed
2964 3288 3106 3356 quia
3136 3304 3295 3343 nunc
3322 3289 3479 3347 idem
3508 3292 3591 3349 fa-

1936 3382 2095 3432 ctum
2129 3375 2292 3439 vidit,
2324 3389 2392 3428 ac
2419 3373 2656 3427 furandi
2685 3374 2997 3428 occasione
3028 3390 3234 3430 rursus
3279 3378 3592 3436 fraudatus

1938 3470 2043 3530 est,
2067 3467 2195 3535 jam
2230 3466 2291 3518 in
2330 3462 2482 3517 iram
2514 3462 2767 3516 exarsit:
2810 3478 3067 3534 cumque
3093 3464 3397 3534 ingressus
3436 3476 3594 3526 esset

1938 3555 2000 3610 in
2061 3569 2200 3609 eum
2259 3554 2530 3621 Satanas,
2604 3551 2752 3607 sicut
2833 3552 2981 3608 dixit
3061 3555 3267 3621 Lucas,
3345 3557 3593 3616 insidias

1942 3644 2185 3714 appeﬁL

2012 3734 2178 3786 Vers.
2229 3733 2308 3784 14.
2367 3729 2517 3784 Tunc
2569 3759 2637 3769 —
2694 3730 2853 3783 Vers.
2920 3734 3003 3785 15.
3065 3731 3220 3788 Eum
3274 3735 3513 3793 tradam
3565 3736 3595 3792 ?

1940 3820 2089 3876 Cum
2142 3818 2338 3874 aliena
2389 3820 2476 3872 est
2534 3816 2742 3872 eﬂecta
2799 3817 3150 3875 domestica.
3199 3826 3341 3876 tunc
3396 3825 3594 3880 dome-

1942 3911 2123 3966 sticus
2166 3906 2458 3963 alienatus
2488 3910 2596 3970 est,
2626 3912 2681 3960 et
2712 3905 2791 3960 ad
2819 3905 2949 3961 illos
3000 3907 3163 3976 abiit,
3196 3924 3319 3965 non
3372 3911 3449 3967 ab
3479 3912 3594 3969 illis

1938 4001 2184 4055 vocatus
2213 4001 2317 4050 est.
2350 3993 2635 4049 Additum
2667 3998 2754 4048 est
2778 3995 2957 4050 etiam
2991 3997 3193 4067 patrim
3233 4014 3591 4069 cognomen,

1941 4088 2080 4160 quia
2105 4085 2257 4141 alius
2285 4084 2457 4139 etiam
2487 4082 2671 4137 ludas
2722 4087 2846 4138 erat
2874 4084 2977 4154 qui
3007 4084 3210 4140 Jacobi
3259 4086 3593 4145 dicebatur.

1941 4180 2068 4234 Non
2094 4173 2242 4230 dixit
2271 4178 2470 4228 autem
2517 4172 2717 4226 Jesum
2752 4171 3071 4239 Christum,
3106 4173 3211 4228 sed
3244 4175 3395 4229 Eum
3429 4178 3598 4247 ;jam

1943 4266 2101 4323 enim
2126 4270 2181 4319 et
2202 4277 2423 4317 nomen
2450 4260 2576 4331 ejus
2608 4260 2833 4316 oderat.
2869 4263 3056 4316 Lucas
3082 4278 3220 4317 vero
3251 4262 3400 4319 dixit
3433 4266 3600 4336 quod

1942 4355 2121 4412 etiam
2150 4352 2384 4408 locutus
2413 4354 2500 4405 est
2530 4366 2668 4405 cum
2714 4349 3164 4417 magistratibus
3196 4350 3280 4423 (y)
3313 4355 3602 4424 quemad-

1945 4443 2198 4500 modum
2229 4439 2399 4495 illum
2429 4437 2805 4495 tradateis“.
2826 4437 3125 4510 Principes
3148 4440 3308 4496 enim
3328 4443 3605 4499 sacerdo-

1444 4799 1667 4867 Variae
1696 4800 2022 4868 lectiones
2075 4807 2140 4866 et
2179 4808 2379 4864 nota.

321 4992 527 5068 (86787)
562 4991 816 5068 Uterque
847 4994 1035 5068 codex
1058 4994 1238 5068 habet
1253 4994 1671 5068 περιλάϐῃ,ξώ
1700 5010 1845 5068 con-

241 5063 547 5138 junctiyus
577 5063 701 5138 qhic
721 5063 737 5065 ⁷
758 5080 876 5119 non
914 5066 1090 5122 habet
1130 5063 1352 5122 locum.
1405 5063 1626 5137 Co'njici
1655 5066 1845 5138 possit

245 5133 531 5209 περιϐαλεῖ.
567 5135 679 5191 Sed
705 5138 1027 5209 Heptenius
1058 5138 1235 5193 etiam
1260 5138 1441 5194 habet
1458 5133 1846 5209 comprehen-

242 5205 384 5278 det.
414 5208 558 5278 Ergo
588 5205 972 5278 ﬂlptlageiﬁlc
996 5209 1151 5266 infra
1178 5210 1355 5266 etiam
1383 5210 1460 5265 ad
1491 5205 1844 5276 Math.xxv1,

242 5276 841 5366 323nb‘tibe‘t‘1rfolago‘i;

316 5350 427 5421 (88)
454 5348 783 5415 Βαλλοίντιον,
813 5349 957 5407 Cod.
990 5350 1223 5408 A.idem
1252 5366 1396 5408 mox
1415 5351 1595 5409 habet
1624 5350 1847 5425 βαλλάν-

340 5526 402 5598 υ)
424 5526 631 5584 Aseita
662 5526 899 5583 Oblata.

335 5603 399 5667 ω)
429 5598 537 5654 Illi
585 5613 927 5667 responsum
972 5603 1072 5655 est.
1106 5599 1559 5656 Excusationem
1610 5599 1844 5655 habuit.

335 5669 392 5740 ν)
420 5668 1233 5741 Magistratibus.Euthymius
1252 5670 1327 5728 de
1341 5671 1627 5729 militibus
1642 5674 1850 5729 Roma-

528 5766 765 5824 Pnnon.
805 5767 911 5824 Gn.
954 5766 1199 5824 CXXIX.

1952 4992 2234 5075 rtofblaé,‘
2281 4995 2336 5047 et
2381 4988 2581 5075 paulo.
2619 4991 2760 5075 post
2802 5001 3027 5071 rursus,
3078 4986 3387 5075 ξαλλαντίξεξ.
3437 4990 3605 5072 Addo

1952 5058 2146 5146 obiter
2201 5063 2276 5117 de
2327 5058 2638 5145 yocabulo'
2670 5058 3039 5147 γλωσσόκομον
3080 5058 3273 5131 Cyrini
3305 5058 3492 5117 Gloss,
3522 5062 3609 5117 in-

1953 5136 2092 5193 edit.
2128 5133 2526 5202 Γλωσσοκομον·
2579 5130 2905 5202 βαλλάντιον,
2940 5150 2968 5189 η
3023 5130 3197 5193 ξυλίνη
3241 5134 3403 5192 θὴκη,
3443 5133 3610 5190 Idem

1951 5206 2136 5264 habet
2162 5201 2595 5330 gilioquealiud
2624 5202 3203 5283 Lexiconineditum.

2027 5276 2140 5330 (89)
2235 5276 2317 5330 ibi
2347 5273 2655 5330 ἐνεκκούσης
2686 5275 2806 5329 fere
2839 5275 3071 5330 dieitur.

2027 5276 2140 5350 (89)
2163 5273 2327 5331 Alibi
2347 5273 2655 5336 ἐνεκκούσης
2686 5275 2806 5329 fere
2839 5273 3071 5331 dicitur.

1956 5526 2050 5584 nis
2084 5525 2329 5598 accepit,
2354 5539 2475 5598 non
2494 5523 2568 5581 de
2590 5523 2879 5598 praefectis
2904 5524 3130 5598 templi.
3156 5526 3331 5596 Ergo,
3350 5525 3617 5589 ducibus,

1957 5597 2254 5669 praefectis
2283 5597 2565 5664 militum,
2594 5596 2691 5653 hic
2722 5599 2780 5652 et
2809 5611 2969 5653 mox.

3269 5763 3337 5814 21
