  <div class='ocr_page' id='page_1' title='image "/cluster/home/n/w/nwhite01/storage/ocr_20150623/129/mdp.39015061528470/335.png"; bbox 0 0 4170 6334; ppageno 0'>
   <div class='ocr_carea' id='block_1_1' title="bbox 633 343 733 397">
    <p class='ocr_par' dir='ltr' id='par_1_1' title="bbox 633 343 733 397">
     <span class='ocr_line' id='line_1_1' title="bbox 633 343 733 397; baseline -0.02 0"><span class='ocrx_word' id='word_1_1' title='bbox 633 343 733 397; x_wconf 80' lang='grc'>651</span> 
     </span>
    </p>
   </div>
   <div class='ocr_carea' id='block_1_2' title="bbox 1967 332 2672 388">
    <p class='ocr_par' dir='ltr' id='par_1_2' title="bbox 1967 332 2672 388">
     <span class='ocr_line' id='line_1_2' title="bbox 1967 332 2672 388; baseline 0.003 -2"><span class='ocrx_word' id='word_1_2' title='bbox 1967 332 2309 388; x_wconf 82' lang='lat' dir='ltr'>EUTHYMII</span> <span class='ocrx_word' id='word_1_3' title='bbox 2351 332 2672 388; x_wconf 82' lang='lat' dir='ltr'>ZIGABENI</span> 
     </span>
    </p>
   </div>
   <div class='ocr_carea' id='block_1_3' title="bbox 3907 321 4019 377">
    <p class='ocr_par' dir='ltr' id='par_1_3' title="bbox 3907 321 4019 377">
     <span class='ocr_line' id='line_1_3' title="bbox 3907 321 4019 377; baseline -0.018 0"><span class='ocrx_word' id='word_1_4' title='bbox 3907 321 4019 377; x_wconf 73' lang='lat'>652</span> 
     </span>
    </p>
   </div>
   <div class='ocr_carea' id='block_1_4' title="bbox 634 449 2253 535">
    <p class='ocr_par' dir='ltr' id='par_1_4' title="bbox 634 457 2253 535">
     <span class='ocr_line' id='line_1_4' title="bbox 634 457 2253 535; baseline -0.006 -14"><span class='ocrx_word' id='word_1_5' title='bbox 634 471 761 521; x_wconf 90' lang='lat' dir='ltr'>tum</span> <span class='ocrx_word' id='word_1_6' title='bbox 804 464 1222 535; x_wconf 81' lang='lat' dir='ltr'>persuaserant</span> <span class='ocrx_word' id='word_1_7' title='bbox 1267 476 1509 533; x_wconf 90' lang='lat' dir='ltr'>quoque</span> <span class='ocrx_word' id='word_1_8' title='bbox 1555 458 2020 531; x_wconf 82' lang='lat' dir='ltr'>magistratibus,</span> <span class='ocrx_word' id='word_1_9' title='bbox 2058 461 2122 512; x_wconf 90' lang='lat' dir='ltr'>ut</span> <span class='ocrx_word' id='word_1_10' title='bbox 2170 457 2253 511; x_wconf 90' lang='lat' dir='ltr'>sih</span> 
     </span>
    </p>
   </div>
   <div class='ocr_carea' id='block_1_5' title="bbox 2358 449 4017 535">
    <p class='ocr_par' dir='ltr' id='par_1_5' title="bbox 2358 449 4017 532">
     <span class='ocr_line' id='line_1_5' title="bbox 2358 449 4017 532; baseline -0.008 -22"><span class='ocrx_word' id='word_1_11' title='bbox 2358 506 2360 510; x_wconf 81' lang='grc'>,</span> <span class='ocrx_word' id='word_1_12' title='bbox 2395 477 2489 508; x_wconf 87' lang='grc' dir='ltr'>σαν</span> <span class='ocrx_word' id='word_1_13' title='bbox 2521 463 2608 510; x_wconf 82' lang='grc' dir='ltr'><em>καὶ</em></span> <span class='ocrx_word' id='word_1_14' title='bbox 2634 461 2758 519; x_wconf 84' lang='grc' dir='ltr'><em>τοὺς</em></span> <span class='ocrx_word' id='word_1_15' title='bbox 2791 460 3135 532; x_wconf 75' lang='grc' dir='ltr'><em>στρατηγοὺς,</em></span> <span class='ocrx_word' id='word_1_16' title='bbox 3172 455 3501 528; x_wconf 88' lang='grc' dir='ltr'><em>συνάρασθαι</em></span> <span class='ocrx_word' id='word_1_17' title='bbox 3530 452 3706 512; x_wconf 77' lang='grc' dir='ltr'><em>αὐτοῖς</em></span> <span class='ocrx_word' id='word_1_18' title='bbox 3736 449 3892 501; x_wconf 75' lang='grc' dir='ltr'><em>κατὰ</em></span> <span class='ocrx_word' id='word_1_19' title='bbox 3925 457 4017 499; x_wconf 72' lang='grc' dir='ltr'><em>τοῦ</em></span> 
     </span>
    </p>
   </div>
   <div class='ocr_carea' id='block_1_6' title="bbox 631 550 2283 620">
    <p class='ocr_par' dir='ltr' id='par_1_6' title="bbox 631 550 2283 620">
     <span class='ocr_line' id='line_1_6' title="bbox 631 550 2283 620; baseline -0.005 -11"><span class='ocrx_word' id='word_1_20' title='bbox 631 557 831 610; x_wconf 84' lang='lat' dir='ltr'>essent</span> <span class='ocrx_word' id='word_1_21' title='bbox 878 551 1097 608; x_wconf 84' lang='lat' dir='ltr'>auxilio</span> <span class='ocrx_word' id='word_1_22' title='bbox 1143 550 1426 605; x_wconf 83' lang='lat' dir='ltr'>adversus</span> <span class='ocrx_word' id='word_1_23' title='bbox 1472 552 1692 608; x_wconf 85' lang='lat' dir='ltr'>Jesum,</span> <span class='ocrx_word' id='word_1_24' title='bbox 1739 552 2026 620; x_wconf 87' lang='lat' dir='ltr'>tauquam</span> <span class='ocrx_word' id='word_1_25' title='bbox 2074 553 2283 602; x_wconf 80' lang='lat' dir='ltr'>contra</span> 
     </span>
    </p>
   </div>
   <div class='ocr_carea' id='block_1_7' title="bbox 631 637 2021 714">
    <p class='ocr_par' dir='ltr' id='par_1_7' title="bbox 631 637 2021 714">
     <span class='ocr_line' id='line_1_7' title="bbox 631 637 2021 714; baseline -0.006 -16"><span class='ocrx_word' id='word_1_26' title='bbox 631 659 771 698; x_wconf 92' lang='lat' dir='ltr'>eum</span> <span class='ocrx_word' id='word_1_27' title='bbox 797 642 900 714; x_wconf 91' lang='lat' dir='ltr'>qui</span> <span class='ocrx_word' id='word_1_28' title='bbox 930 641 1147 710; x_wconf 89' lang='lat' dir='ltr'>vulgus</span> <span class='ocrx_word' id='word_1_29' title='bbox 1179 639 1256 694; x_wconf 90' lang='lat' dir='ltr'>ad</span> <span class='ocrx_word' id='word_1_30' title='bbox 1288 639 1635 694; x_wconf 86' lang='lat' dir='ltr'>seditionem</span> <span class='ocrx_word' id='word_1_31' title='bbox 1667 637 2021 692; x_wconf 86' lang='lat' dir='ltr'>sollicitabat</span> 
     </span>
    </p>
   </div>
   <div class='ocr_carea' id='block_1_8' title="bbox 702 725 2281 786">
    <p class='ocr_par' dir='ltr' id='par_1_8' title="bbox 702 725 2281 786">
     <span class='ocr_line' id='line_1_8' title="bbox 702 725 2281 786; baseline -0.005 0"><span class='ocrx_word' id='word_1_32' title='bbox 702 733 864 786; x_wconf 88' lang='lat' dir='ltr'>Vers.</span> <span class='ocrx_word' id='word_1_33' title='bbox 916 735 997 785; x_wconf 86' lang='grc'>15.</span> <span class='ocrx_word' id='word_1_34' title='bbox 1029 731 1112 784; x_wconf 82' lang='lat' dir='ltr'>At</span> <span class='ocrx_word' id='word_1_35' title='bbox 1152 729 1250 785; x_wconf 88' lang='lat' dir='ltr'>illi</span> <span class='ocrx_word' id='word_1_36' title='bbox 1292 760 1361 767; x_wconf 88' lang='lat'>—</span> <span class='ocrx_word' id='word_1_37' title='bbox 1407 729 1566 782; x_wconf 87' lang='lat' dir='ltr'>Vers.</span> <span class='ocrx_word' id='word_1_38' title='bbox 1603 731 1683 781; x_wconf 88' lang='grc'>16.</span> <span class='ocrx_word' id='word_1_39' title='bbox 1721 726 2016 781; x_wconf 79' lang='lat' dir='ltr'>Traderet.</span> <span class='ocrx_word' id='word_1_40' title='bbox 2064 725 2281 780; x_wconf 84' lang='lat' dir='ltr'>Princi-</span> 
     </span>
    </p>
   </div>
   <div class='ocr_carea' id='block_1_9' title="bbox 627 814 2279 894">
    <p class='ocr_par' dir='ltr' id='par_1_9' title="bbox 627 814 2279 894">
     <span class='ocr_line' id='line_1_9' title="bbox 627 814 2279 894; baseline -0.004 -18"><span class='ocrx_word' id='word_1_41' title='bbox 627 836 736 894; x_wconf 92' lang='lat' dir='ltr'>pes</span> <span class='ocrx_word' id='word_1_42' title='bbox 788 823 988 876; x_wconf 89' lang='lat' dir='ltr'>autem</span> <span class='ocrx_word' id='word_1_43' title='bbox 1043 818 1422 874; x_wconf 87' lang='lat' dir='ltr'>sacerdotum</span> <span class='ocrx_word' id='word_1_44' title='bbox 1472 817 1885 886; x_wconf 88' lang='lat' dir='ltr'>appenderunt</span> <span class='ocrx_word' id='word_1_45' title='bbox 1930 814 1982 869; x_wconf 92' lang='lat' dir='ltr'>ei</span> <span class='ocrx_word' id='word_1_46' title='bbox 2040 814 2279 884; x_wconf 85' lang='lat' dir='ltr'>triginta</span> 
     </span>
    </p>
   </div>
   <div class='ocr_carea' id='block_1_10' title="bbox 628 903 2272 979">
    <p class='ocr_par' dir='ltr' id='par_1_10' title="bbox 628 903 2272 979">
     <span class='ocr_line' id='line_1_10' title="bbox 628 903 2272 979; baseline -0.006 -14"><span class='ocrx_word' id='word_1_47' title='bbox 628 916 962 979; x_wconf 86' lang='lat' dir='ltr'>argenteos;</span> <span class='ocrx_word' id='word_1_48' title='bbox 977 924 1118 964; x_wconf 88' lang='lat' dir='ltr'>nam</span> <span class='ocrx_word' id='word_1_49' title='bbox 1135 910 1450 976; x_wconf 81' lang='lat' dir='ltr'>argenteus</span> <span class='ocrx_word' id='word_1_50' title='bbox 1462 911 1619 960; x_wconf 87' lang='lat' dir='ltr'>certu</span> <span class='ocrx_word' id='word_1_51' title='bbox 1631 921 1684 959; x_wconf 93' lang='lat' dir='ltr'>m</span> <span class='ocrx_word' id='word_1_52' title='bbox 1698 904 1865 959; x_wconf 58' lang='lat' dir='ltr'>libri?</span> <span class='ocrx_word' id='word_1_53' title='bbox 1881 903 2116 975; x_wconf 90' lang='lat' dir='ltr'>pondus</span> <span class='ocrx_word' id='word_1_54' title='bbox 2130 906 2272 966; x_wconf 88' lang='lat' dir='ltr'>erat,</span> 
     </span>
    </p>
   </div>
   <div class='ocr_carea' id='block_1_11' title="bbox 629 993 2275 1065">
    <p class='ocr_par' dir='ltr' id='par_1_11' title="bbox 629 993 2275 1065">
     <span class='ocr_line' id='line_1_11' title="bbox 629 993 2275 1065; baseline -0.005 -12"><span class='ocrx_word' id='word_1_55' title='bbox 629 997 781 1052; x_wconf 87' lang='lat' dir='ltr'>sicut</span> <span class='ocrx_word' id='word_1_56' title='bbox 808 997 987 1052; x_wconf 91' lang='lat' dir='ltr'>etiam</span> <span class='ocrx_word' id='word_1_57' title='bbox 1008 995 1310 1065; x_wconf 86' lang='lat' dir='ltr'>denarius,</span> <span class='ocrx_word' id='word_1_58' title='bbox 1331 999 1528 1062; x_wconf 86' lang='lat' dir='ltr'>stater,</span> <span class='ocrx_word' id='word_1_59' title='bbox 1552 993 1863 1049; x_wconf 88' lang='lat' dir='ltr'>talentum.</span> <span class='ocrx_word' id='word_1_60' title='bbox 1888 995 2114 1048; x_wconf 89' lang='lat' dir='ltr'>Marcus</span> <span class='ocrx_word' id='word_1_61' title='bbox 2134 1006 2275 1046; x_wconf 88' lang='lat' dir='ltr'>vero</span> 
     </span>
    </p>
   </div>
   <div class='ocr_carea' id='block_1_12' title="bbox 627 1080 2272 1157">
    <p class='ocr_par' dir='ltr' id='par_1_12' title="bbox 627 1080 2272 1157">
     <span class='ocr_line' id='line_1_12' title="bbox 627 1080 2272 1157; baseline -0.004 -17"><span class='ocrx_word' id='word_1_62' title='bbox 627 1085 770 1140; x_wconf 91' lang='lat' dir='ltr'>dicit</span> <span class='ocrx_word' id='word_1_63' title='bbox 804 1085 968 1157; x_wconf 92' lang='lat' dir='ltr'>quod</span> <span class='ocrx_word' id='word_1_64' title='bbox 998 1084 1403 1156; x_wconf 89' lang='lat' dir='ltr'>promiserunt</span> <span class='ocrx_word' id='word_1_65' title='bbox 1423 1083 1475 1138; x_wconf 92' lang='lat' dir='ltr'>ei</span> <span class='ocrx_word' id='word_1_66' title='bbox 1500 1085 1815 1151; x_wconf 84' lang='lat' dir='ltr'>argentum</span> <span class='ocrx_word' id='word_1_67' title='bbox 1835 1097 1894 1135; x_wconf 92' lang='lat' dir='ltr'>se</span> <span class='ocrx_word' id='word_1_68' title='bbox 1921 1080 2168 1135; x_wconf 90' lang='lat' dir='ltr'>daturos</span> <span class='ocrx_word' id='word_1_69' title='bbox 2203 1081 2272 1150; x_wconf 72' lang='lat'>9°,</span> 
     </span>
    </p>
   </div>
   <div class='ocr_carea' id='block_1_13' title="bbox 627 1169 2271 1245">
    <p class='ocr_par' dir='ltr' id='par_1_13' title="bbox 627 1169 2271 1245">
     <span class='ocr_line' id='line_1_13' title="bbox 627 1169 2271 1245; baseline -0.004 -16"><span class='ocrx_word' id='word_1_70' title='bbox 627 1173 815 1228; x_wconf 85' lang='lat' dir='ltr'>Lucas</span> <span class='ocrx_word' id='word_1_71' title='bbox 845 1177 1046 1228; x_wconf 89' lang='lat' dir='ltr'>autem</span> <span class='ocrx_word' id='word_1_72' title='bbox 1067 1171 1232 1245; x_wconf 93' lang='lat' dir='ltr'>quod</span> <span class='ocrx_word' id='word_1_73' title='bbox 1261 1171 1419 1244; x_wconf 89' lang='lat' dir='ltr'>pacti</span> <span class='ocrx_word' id='word_1_74' title='bbox 1444 1176 1580 1225; x_wconf 91' lang='lat' dir='ltr'>sunt</span> <span class='ocrx_word' id='word_1_75' title='bbox 1607 1171 1674 1222; x_wconf 77' lang='grc' dir='ltr'>οτ.</span> <span class='ocrx_word' id='word_1_76' title='bbox 1702 1169 2029 1224; x_wconf 87' lang='lat' dir='ltr'>Verisimile</span> <span class='ocrx_word' id='word_1_77' title='bbox 2060 1173 2147 1224; x_wconf 91' lang='lat' dir='ltr'>est</span> <span class='ocrx_word' id='word_1_78' title='bbox 2172 1185 2271 1223; x_wconf 92' lang='lat' dir='ltr'>au-</span> 
     </span>
    </p>
   </div>
   <div class='ocr_carea' id='block_1_14' title="bbox 626 1258 2271 1334">
    <p class='ocr_par' dir='ltr' id='par_1_14' title="bbox 626 1258 2271 1334">
     <span class='ocr_line' id='line_1_14' title="bbox 626 1258 2271 1334; baseline -0.003 -17"><span class='ocrx_word' id='word_1_79' title='bbox 626 1265 742 1317; x_wconf 89' lang='lat' dir='ltr'>tem</span> <span class='ocrx_word' id='word_1_80' title='bbox 758 1262 921 1334; x_wconf 91' lang='lat' dir='ltr'>quod</span> <span class='ocrx_word' id='word_1_81' title='bbox 936 1262 1179 1333; x_wconf 88' lang='lat' dir='ltr'>primum</span> <span class='ocrx_word' id='word_1_82' title='bbox 1191 1260 1347 1332; x_wconf 91' lang='lat' dir='ltr'>pacti</span> <span class='ocrx_word' id='word_1_83' title='bbox 1362 1264 1564 1315; x_wconf 91' lang='lat' dir='ltr'>suntet</span> <span class='ocrx_word' id='word_1_84' title='bbox 1579 1258 1993 1329; x_wconf 88' lang='lat' dir='ltr'>promiserunt;</span> <span class='ocrx_word' id='word_1_85' title='bbox 2012 1261 2271 1328; x_wconf 86' lang='lat' dir='ltr'>postmo-</span> 
     </span>
    </p>
   </div>
   <div class='ocr_carea' id='block_1_15' title="bbox 622 1347 2270 1422">
    <p class='ocr_par' dir='ltr' id='par_1_15' title="bbox 622 1347 2270 1422">
     <span class='ocr_line' id='line_1_15' title="bbox 622 1347 2270 1422; baseline -0.003 -18"><span class='ocrx_word' id='word_1_86' title='bbox 622 1349 770 1406; x_wconf 92' lang='lat' dir='ltr'>dum</span> <span class='ocrx_word' id='word_1_87' title='bbox 800 1367 942 1405; x_wconf 91' lang='lat' dir='ltr'>vero</span> <span class='ocrx_word' id='word_1_88' title='bbox 960 1349 1511 1422; x_wconf 88' lang='lat' dir='ltr'>appenderuntsive</span> <span class='ocrx_word' id='word_1_89' title='bbox 1539 1347 1989 1403; x_wconf 87' lang='lat' dir='ltr'>constituerunt.</span> <span class='ocrx_word' id='word_1_90' title='bbox 2016 1347 2270 1411; x_wconf 80' lang='lat' dir='ltr'>Quidam</span> 
     </span>
    </p>
   </div>
   <div class='ocr_carea' id='block_1_16' title="bbox 621 1435 2271 1499">
    <p class='ocr_par' dir='ltr' id='par_1_16' title="bbox 621 1435 2271 1499">
     <span class='ocr_line' id='line_1_16' title="bbox 621 1435 2271 1499; baseline -0.002 -6"><span class='ocrx_word' id='word_1_91' title='bbox 621 1442 822 1493; x_wconf 90' lang='lat' dir='ltr'>tamen</span> <span class='ocrx_word' id='word_1_92' title='bbox 875 1439 1286 1493; x_wconf 89' lang='lat' dir='ltr'>intellexerunt</span> <span class='ocrx_word' id='word_1_93' title='bbox 1331 1437 1796 1499; x_wconf 82' lang='lat' dir='ltr'>Constituerunt,</span> <span class='ocrx_word' id='word_1_94' title='bbox 1830 1435 1944 1490; x_wconf 90' lang='lat' dir='ltr'>hoc</span> <span class='ocrx_word' id='word_1_95' title='bbox 1984 1438 2087 1498; x_wconf 92' lang='lat' dir='ltr'>est,</span> <span class='ocrx_word' id='word_1_96' title='bbox 2118 1435 2271 1490; x_wconf 89' lang='lat' dir='ltr'>Pacti</span> 
     </span>
    </p>
   </div>
   <div class='ocr_carea' id='block_1_17' title="bbox 2392 544 3530 620">
    <p class='ocr_par' dir='ltr' id='par_1_17' title="bbox 2392 544 3530 620">
     <span class='ocr_line' id='line_1_17' title="bbox 2392 544 3530 620; baseline -0.004 -22"><span class='ocrx_word' id='word_1_97' title='bbox 2392 555 2644 620; x_wconf 76' lang='grc' dir='ltr'>Σωτῆρος,</span> <span class='ocrx_word' id='word_1_98' title='bbox 2689 549 2756 607; x_wconf 79' lang='grc' dir='ltr'><em>ὡς</em></span> <span class='ocrx_word' id='word_1_99' title='bbox 2792 545 3198 606; x_wconf 78' lang='grc' dir='ltr'><em>ἀναστατοῦντος</em></span> <span class='ocrx_word' id='word_1_100' title='bbox 3228 548 3285 596; x_wconf 80' lang='grc' dir='ltr'>τό</span> <span class='ocrx_word' id='word_1_101' title='bbox 3317 544 3530 604; x_wconf 83' lang='grc' dir='ltr'><em>πλῆθος.</em></span> 
     </span>
    </p>
   </div>
   <div class='ocr_carea' id='block_1_18' title="bbox 2461 717 4016 796">
    <p class='ocr_par' dir='ltr' id='par_1_18' title="bbox 2461 717 4016 796">
     <span class='ocr_line' id='line_1_18' title="bbox 2461 717 4016 796; baseline -0.006 -22"><span class='ocrx_word' id='word_1_102' title='bbox 2461 727 2526 776; x_wconf 83' lang='grc' dir='ltr'><strong>Οἱ</strong></span> <span class='ocrx_word' id='word_1_103' title='bbox 2584 721 2642 776; x_wconf 82' lang='grc' dir='ltr'>δὲ</span> <span class='ocrx_word' id='word_1_104' title='bbox 2698 757 2765 764; x_wconf 94' lang='lat'>—-</span> <span class='ocrx_word' id='word_1_105' title='bbox 2820 720 3069 796; x_wconf 78' lang='grc' dir='ltr'><em>παραδῷ,</em></span> <span class='ocrx_word' id='word_1_106' title='bbox 3126 726 3189 774; x_wconf 77' lang='grc' dir='ltr'>ΟΞ</span> <span class='ocrx_word' id='word_1_107' title='bbox 3245 718 3296 774; x_wconf 80' lang='grc' dir='ltr'>δ’</span> <span class='ocrx_word' id='word_1_108' title='bbox 3337 721 3602 794; x_wconf 78' lang='grc' dir='ltr'>ἀρχιερεῖς</span> <span class='ocrx_word' id='word_1_109' title='bbox 3649 717 4016 788; x_wconf 68' lang='grc' dir='ltr'><em>ἐστάθμπσετι</em></span> 
     </span>
    </p>
   </div>
   <div class='ocr_carea' id='block_1_19' title="bbox 2389 802 4017 885">
    <p class='ocr_par' dir='ltr' id='par_1_19' title="bbox 2389 802 4017 885">
     <span class='ocr_line' id='line_1_19' title="bbox 2389 802 4017 885; baseline -0.009 -17"><span class='ocrx_word' id='word_1_110' title='bbox 2389 813 2498 885; x_wconf 87' lang='grc'>(90)</span> <span class='ocrx_word' id='word_1_111' title='bbox 2549 814 2688 883; x_wconf 80' lang='grc' dir='ltr'><em>αύτῷ</em></span> <span class='ocrx_word' id='word_1_112' title='bbox 2736 817 3016 880; x_wconf 86' lang='grc' dir='ltr'><em>τριάκοντα</em></span> <span class='ocrx_word' id='word_1_113' title='bbox 3064 811 3308 884; x_wconf 53' lang='grc' dir='ltr'><em>ἀργύρια.</em></span> <span class='ocrx_word' id='word_1_114' title='bbox 3340 813 3409 862; x_wconf 91' lang='lat' dir='ltr'><strong>T6</strong></span> <span class='ocrx_word' id='word_1_115' title='bbox 3468 807 3713 882; x_wconf 80' lang='grc' dir='ltr'><em>ἀργύριον</em></span> <span class='ocrx_word' id='word_1_116' title='bbox 3777 802 3842 858; x_wconf 72' lang='grc' dir='ltr'><em>δε</em></span> <span class='ocrx_word' id='word_1_117' title='bbox 3885 823 4017 856; x_wconf 74' lang='grc' dir='ltr'><em>στα-</em></span> 
     </span>
    </p>
   </div>
   <div class='ocr_carea' id='block_1_20' title="bbox 2389 895 4012 972">
    <p class='ocr_par' dir='ltr' id='par_1_20' title="bbox 2389 895 4012 972">
     <span class='ocr_line' id='line_1_20' title="bbox 2389 895 4012 972; baseline -0.006 -19"><span class='ocrx_word' id='word_1_118' title='bbox 2389 902 2511 970; x_wconf 84' lang='grc' dir='ltr'><em>θμὸς</em></span> <span class='ocrx_word' id='word_1_119' title='bbox 2540 900 2599 958; x_wconf 78' lang='grc' dir='ltr'><em>ἧν</em></span> <span class='ocrx_word' id='word_1_120' title='bbox 2646 901 2819 967; x_wconf 84' lang='grc' dir='ltr'><em>ὁλκῆς,</em></span> <span class='ocrx_word' id='word_1_121' title='bbox 2853 904 3026 972; x_wconf 83' lang='grc' dir='ltr'><em>ὥσπερ</em></span> <span class='ocrx_word' id='word_1_122' title='bbox 3081 907 3169 952; x_wconf 78' lang='grc' dir='ltr'><em>καὶ</em></span> <span class='ocrx_word' id='word_1_123' title='bbox 3220 903 3278 951; x_wconf 87' lang='grc' dir='ltr'>τό</span> <span class='ocrx_word' id='word_1_124' title='bbox 3333 895 3599 971; x_wconf 78' lang='grc' dir='ltr'>δηνάριον,</span> <span class='ocrx_word' id='word_1_125' title='bbox 3650 899 3742 946; x_wconf 88' lang='grc' dir='ltr'><em>καὶ</em></span> <span class='ocrx_word' id='word_1_126' title='bbox 3803 895 3828 944; x_wconf 84' lang='grc' dir='ltr'><em>ὁ</em></span> <span class='ocrx_word' id='word_1_127' title='bbox 3880 912 4012 944; x_wconf 77' lang='grc' dir='ltr'><em>στα-</em></span> 
     </span>
    </p>
   </div>
   <div class='ocr_carea' id='block_1_21' title="bbox 2384 982 4008 1063">
    <p class='ocr_par' dir='ltr' id='par_1_21' title="bbox 2384 982 4008 1063">
     <span class='ocr_line' id='line_1_21' title="bbox 2384 982 4008 1063; baseline -0.005 -23"><span class='ocrx_word' id='word_1_128' title='bbox 2384 993 2497 1063; x_wconf 74' lang='grc' dir='ltr'>τὴρ,</span> <span class='ocrx_word' id='word_1_129' title='bbox 2549 994 2634 1041; x_wconf 88' lang='grc' dir='ltr'><em>καὶ</em></span> <span class='ocrx_word' id='word_1_130' title='bbox 2672 994 2730 1042; x_wconf 85' lang='grc' dir='ltr'>τό</span> <span class='ocrx_word' id='word_1_131' title='bbox 2788 989 3053 1043; x_wconf 89' lang='grc' dir='ltr'><em>τάλαντον.</em></span> <span class='ocrx_word' id='word_1_132' title='bbox 3099 991 3305 1061; x_wconf 87' lang='grc' dir='ltr'><em>Μάρκος</em></span> <span class='ocrx_word' id='word_1_133' title='bbox 3363 983 3421 1038; x_wconf 74' lang='grc' dir='ltr'>δὲ</span> <span class='ocrx_word' id='word_1_134' title='bbox 3453 984 3604 1048; x_wconf 79' lang='grc' dir='ltr'><em>εἶπεν,</em></span> <span class='ocrx_word' id='word_1_135' title='bbox 3635 985 3715 1035; x_wconf 84' lang='grc' dir='ltr'>ὃτί</span> <span class='ocrx_word' id='word_1_136' title='bbox 3743 982 4008 1052; x_wconf 71' lang='grc' dir='ltr'><em>ἐπηγγεί-</em></span> 
     </span>
    </p>
   </div>
   <div class='ocr_carea' id='block_1_22' title="bbox 2380 1071 4006 1153">
    <p class='ocr_par' dir='ltr' id='par_1_22' title="bbox 2380 1071 4006 1153">
     <span class='ocr_line' id='line_1_22' title="bbox 2380 1071 4006 1153; baseline -0.005 -24"><span class='ocrx_word' id='word_1_137' title='bbox 2380 1078 2530 1130; x_wconf 92' lang='grc' dir='ltr'><em>λαντο</em></span> <span class='ocrx_word' id='word_1_138' title='bbox 2580 1080 2720 1149; x_wconf 77' lang='grc' dir='ltr'><em>αύτῷ</em></span> <span class='ocrx_word' id='word_1_139' title='bbox 2766 1078 3011 1153; x_wconf 84' lang='grc' dir='ltr'><em>ἀργύριον</em></span> <span class='ocrx_word' id='word_1_140' title='bbox 3045 1074 3224 1130; x_wconf 77' lang='grc' dir='ltr'><em>δοῦναι</em></span> <span class='ocrx_word' id='word_1_141' title='bbox 3261 1095 3272 1106; x_wconf 93' lang='grc'><strong>·</strong></span> <span class='ocrx_word' id='word_1_142' title='bbox 3327 1081 3533 1136; x_wconf 82' lang='grc' dir='ltr'>Λουκᾶς</span> <span class='ocrx_word' id='word_1_143' title='bbox 3591 1071 3671 1143; x_wconf 61' lang='grc' dir='ltr'><em>δὲ,</em></span> <span class='ocrx_word' id='word_1_144' title='bbox 3726 1075 3817 1124; x_wconf 63' lang='lat' dir='ltr'>Eri</span> <span class='ocrx_word' id='word_1_145' title='bbox 3851 1075 4006 1123; x_wconf 80' lang='grc' dir='ltr'><em>συνέ-</em></span> 
     </span>
    </p>
   </div>
   <div class='ocr_carea' id='block_1_23' title="bbox 2385 1161 4001 1242">
    <p class='ocr_par' dir='ltr' id='par_1_23' title="bbox 2385 1161 4001 1242">
     <span class='ocr_line' id='line_1_23' title="bbox 2385 1161 4001 1242; baseline -0.006 -20"><span class='ocrx_word' id='word_1_146' title='bbox 2385 1172 2544 1222; x_wconf 88' lang='grc' dir='ltr'><em>θεντο.</em></span> <span class='ocrx_word' id='word_1_147' title='bbox 2620 1171 2766 1229; x_wconf 83' lang='grc' dir='ltr'>Εἰκὸς</span> <span class='ocrx_word' id='word_1_148' title='bbox 2825 1167 2884 1222; x_wconf 69' lang='grc' dir='ltr'>δὲ</span> <span class='ocrx_word' id='word_1_149' title='bbox 2938 1178 3139 1242; x_wconf 81' lang='grc' dir='ltr'><em>πρῶτον</em></span> <span class='ocrx_word' id='word_1_150' title='bbox 3199 1172 3287 1240; x_wconf 74' lang='grc' dir='ltr'>μὲν</span> <span class='ocrx_word' id='word_1_151' title='bbox 3343 1167 3624 1219; x_wconf 77' lang='grc' dir='ltr'>συνθέσθαι</span> <span class='ocrx_word' id='word_1_152' title='bbox 3679 1168 3775 1215; x_wconf 85' lang='grc' dir='ltr'><em>καὶ</em></span> <span class='ocrx_word' id='word_1_153' title='bbox 3833 1161 4001 1232; x_wconf 72' lang='grc' dir='ltr'><em>ἑπαγ-</em></span> 
     </span>
    </p>
   </div>
   <div class='ocr_carea' id='block_1_24' title="bbox 2378 1252 3997 1330">
    <p class='ocr_par' dir='ltr' id='par_1_24' title="bbox 2378 1252 3997 1330">
     <span class='ocr_line' id='line_1_24' title="bbox 2378 1252 3997 1330; baseline -0.006 -20"><span class='ocrx_word' id='word_1_154' title='bbox 2378 1259 2674 1330; x_wconf 72' lang='grc' dir='ltr'><em>γείλασθαι,</em></span> <span class='ocrx_word' id='word_1_155' title='bbox 2728 1256 2838 1310; x_wconf 84' lang='grc' dir='ltr'><em>εἶτα</em></span> <span class='ocrx_word' id='word_1_156' title='bbox 2897 1260 3222 1328; x_wconf 82' lang='grc' dir='ltr'><em>σταθμῆσαι.</em></span> <span class='ocrx_word' id='word_1_157' title='bbox 3279 1259 3419 1315; x_wconf 78' lang='grc' dir='ltr'><em>Τινὲς</em></span> <span class='ocrx_word' id='word_1_158' title='bbox 3477 1252 3536 1306; x_wconf 68' lang='grc' dir='ltr'>δὲ</span> <span class='ocrx_word' id='word_1_159' title='bbox 3591 1256 3666 1319; x_wconf 83' lang='grc' dir='ltr'>τό,</span> <span class='ocrx_word' id='word_1_160' title='bbox 3727 1255 3997 1312; x_wconf 79' lang='grc' dir='ltr'><em>ἔστησαν,</em></span> 
     </span>
    </p>
   </div>
   <div class='ocr_carea' id='block_1_25' title="bbox 2380 1346 3993 1419">
    <p class='ocr_par' dir='ltr' id='par_1_25' title="bbox 2380 1346 3993 1419">
     <span class='ocr_line' id='line_1_25' title="bbox 2380 1346 3993 1419; baseline -0.006 -20"><span class='ocrx_word' id='word_1_161' title='bbox 2380 1347 2492 1399; x_wconf 82' lang='grc' dir='ltr'><em>ἀντὶ</em></span> <span class='ocrx_word' id='word_1_162' title='bbox 2549 1356 2662 1414; x_wconf 81' lang='grc' dir='ltr'><em>τοῦ,</em></span> <span class='ocrx_word' id='word_1_163' title='bbox 2717 1353 3076 1419; x_wconf 70' lang='grc' dir='ltr'><em>συνεφώνησαν</em></span> <span class='ocrx_word' id='word_1_164' title='bbox 3152 1350 3236 1397; x_wconf 77' lang='grc' dir='ltr'><em>καὶ</em></span> <span class='ocrx_word' id='word_1_165' title='bbox 3320 1347 3595 1419; x_wconf 82' lang='grc' dir='ltr'>ὡρίσαντο,</span> <span class='ocrx_word' id='word_1_166' title='bbox 3650 1346 3993 1398; x_wconf 79' lang='grc' dir='ltr'><em>νενοὴκασιν.</em></span> 
     </span>
    </p>
   </div>
   <div class='ocr_carea' id='block_1_26' title="bbox 2381 1431 3995 1510">
    <p class='ocr_par' dir='ltr' id='par_1_26' title="bbox 2381 1431 3995 1510">
     <span class='ocr_line' id='line_1_26' title="bbox 2381 1431 3995 1510; baseline -0.005 -22"><span class='ocrx_word' id='word_1_167' title='bbox 2381 1438 2653 1510; x_wconf 77' lang='grc' dir='ltr'>Ἀργύριον</span> <span class='ocrx_word' id='word_1_168' title='bbox 2709 1433 2766 1488; x_wconf 74' lang='grc' dir='ltr'>δὲ</span> <span class='ocrx_word' id='word_1_169' title='bbox 2819 1436 2992 1498; x_wconf 83' lang='grc' dir='ltr'><em>ἁπλῶς</em></span> <span class='ocrx_word' id='word_1_170' title='bbox 3051 1435 3255 1505; x_wconf 84' lang='grc' dir='ltr'><em>λέγεται</em></span> <span class='ocrx_word' id='word_1_171' title='bbox 3311 1439 3401 1486; x_wconf 85' lang='grc' dir='ltr'><em>καὶ</em></span> <span class='ocrx_word' id='word_1_172' title='bbox 3466 1436 3523 1484; x_wconf 87' lang='grc' dir='ltr'>τό</span> <span class='ocrx_word' id='word_1_173' title='bbox 3616 1431 3822 1492; x_wconf 75' lang='grc' dir='ltr'><em>πλῆθος</em></span> <span class='ocrx_word' id='word_1_174' title='bbox 3889 1439 3995 1481; x_wconf 70' lang='grc' dir='ltr'><em>τῶν</em></span> 
     </span>
    </p>
   </div>
   <div class='ocr_carea' id='block_1_27' title="bbox 621 1519 2253 1616">
    <p class='ocr_par' dir='ltr' id='par_1_27' title="bbox 621 1523 2253 1594">
     <span class='ocr_line' id='line_1_27' title="bbox 621 1523 2253 1594; baseline -0.001 -14"><span class='ocrx_word' id='word_1_175' title='bbox 621 1532 758 1581; x_wconf 91' lang='lat' dir='ltr'>sunt</span> <span class='ocrx_word' id='word_1_176' title='bbox 787 1533 843 1580; x_wconf 89' lang='lat' dir='ltr'>et</span> <span class='ocrx_word' id='word_1_177' title='bbox 895 1526 1302 1582; x_wconf 89' lang='lat' dir='ltr'>decreverunt.</span> <span class='ocrx_word' id='word_1_178' title='bbox 1354 1527 1680 1594; x_wconf 80' lang='lat' dir='ltr'>Argentum</span> <span class='ocrx_word' id='word_1_179' title='bbox 1712 1540 1850 1579; x_wconf 85' lang='lat' dir='ltr'>vero</span> <span class='ocrx_word' id='word_1_180' title='bbox 1897 1523 2253 1594; x_wconf 75' lang='lat' dir='ltr'>singularite]</span> 
     </span>
    </p>
   </div>
   <div class='ocr_carea' id='block_1_28' title="bbox 2358 1519 3992 1616">
    <p class='ocr_par' dir='ltr' id='par_1_28' title="bbox 2379 1519 3992 1602">
     <span class='ocr_line' id='line_1_28' title="bbox 2379 1519 3992 1602; baseline -0.004 -25"><span class='ocrx_word' id='word_1_181' title='bbox 2379 1526 2654 1602; x_wconf 81' lang='grc' dir='ltr'><em>ἀργυρίων.</em></span> <span class='ocrx_word' id='word_1_182' title='bbox 2719 1531 2920 1585; x_wconf 79' lang='grc' dir='ltr'>Λουκᾶς</span> <span class='ocrx_word' id='word_1_183' title='bbox 2961 1521 3018 1576; x_wconf 76' lang='grc' dir='ltr'>δὲ</span> <span class='ocrx_word' id='word_1_184' title='bbox 3067 1529 3183 1599; x_wconf 83' lang='grc' dir='ltr'><em>περὶ</em></span> <span class='ocrx_word' id='word_1_185' title='bbox 3253 1532 3345 1575; x_wconf 78' lang='grc' dir='ltr'>τοῦ</span> <span class='ocrx_word' id='word_1_186' title='bbox 3397 1519 3579 1575; x_wconf 86' lang='grc' dir='ltr'><em>’ῐούδα</em></span> <span class='ocrx_word' id='word_1_187' title='bbox 3634 1521 3992 1594; x_wconf 68' lang='grc' dir='ltr'>προσέθηκεν,</span> 
     </span>
    </p>
   </div>
   <div class='ocr_carea' id='block_1_29' title="bbox 618 1615 2271 1683">
    <p class='ocr_par' dir='ltr' id='par_1_29' title="bbox 618 1615 2271 1683">
     <span class='ocr_line' id='line_1_29' title="bbox 618 1615 2271 1683; baseline -0.001 -15"><span class='ocrx_word' id='word_1_188' title='bbox 618 1615 833 1670; x_wconf 89' lang='lat' dir='ltr'>dicitur</span> <span class='ocrx_word' id='word_1_189' title='bbox 886 1616 1062 1671; x_wconf 86' lang='lat' dir='ltr'>etiam</span> <span class='ocrx_word' id='word_1_190' title='bbox 1117 1615 1425 1670; x_wconf 88' lang='lat' dir='ltr'>multitudo</span> <span class='ocrx_word' id='word_1_191' title='bbox 1468 1621 1910 1683; x_wconf 87' lang='lat' dir='ltr'>argenteorum.</span> <span class='ocrx_word' id='word_1_192' title='bbox 1944 1615 2130 1668; x_wconf 87' lang='lat' dir='ltr'>Lucas</span> <span class='ocrx_word' id='word_1_193' title='bbox 2163 1629 2271 1668; x_wconf 90' lang='lat' dir='ltr'>au-</span> 
     </span>
    </p>
   </div>
   <div class='ocr_carea' id='block_1_30' title="bbox 622 1701 2268 1777">
    <p class='ocr_par' dir='ltr' id='par_1_30' title="bbox 622 1701 2268 1777">
     <span class='ocr_line' id='line_1_30' title="bbox 622 1701 2268 1777; baseline -0.002 -18"><span class='ocrx_word' id='word_1_194' title='bbox 622 1709 735 1759; x_wconf 92' lang='lat' dir='ltr'>tem</span> <span class='ocrx_word' id='word_1_195' title='bbox 755 1704 828 1759; x_wconf 92' lang='lat' dir='ltr'>de</span> <span class='ocrx_word' id='word_1_196' title='bbox 844 1705 994 1759; x_wconf 86' lang='lat' dir='ltr'>Juda</span> <span class='ocrx_word' id='word_1_197' title='bbox 1008 1721 1252 1777; x_wconf 88' lang='lat' dir='ltr'>quoque</span> <span class='ocrx_word' id='word_1_198' title='bbox 1275 1705 1504 1759; x_wconf 86' lang='lat' dir='ltr'>addidit</span> <span class='ocrx_word' id='word_1_199' title='bbox 1521 1704 1587 1770; x_wconf 67' lang='grc' dir='ltr'>νδ,</span> <span class='ocrx_word' id='word_1_200' title='bbox 1606 1704 1764 1775; x_wconf 92' lang='lat' dir='ltr'>quod</span> <span class='ocrx_word' id='word_1_201' title='bbox 1783 1701 2123 1774; x_wconf 90' lang='lat' dir='ltr'>spopondit,</span> <span class='ocrx_word' id='word_1_202' title='bbox 2146 1702 2268 1756; x_wconf 88' lang='lat' dir='ltr'>sive</span> 
     </span>
    </p>
   </div>
   <div class='ocr_carea' id='block_1_31' title="bbox 616 1790 2269 1864">
    <p class='ocr_par' dir='ltr' id='par_1_31' title="bbox 616 1790 2269 1864">
     <span class='ocr_line' id='line_1_31' title="bbox 616 1790 2269 1864; baseline 0.001 -19"><span class='ocrx_word' id='word_1_203' title='bbox 616 1793 863 1847; x_wconf 85' lang='lat' dir='ltr'>ﬁrmiter</span> <span class='ocrx_word' id='word_1_204' title='bbox 895 1801 1136 1864; x_wconf 89' lang='lat' dir='ltr'>pactum</span> <span class='ocrx_word' id='word_1_205' title='bbox 1169 1793 1318 1859; x_wconf 88' lang='lat' dir='ltr'>fecit,</span> <span class='ocrx_word' id='word_1_206' title='bbox 1359 1809 1390 1848; x_wconf 93' lang='lat' dir='ltr'>e</span> <span class='ocrx_word' id='word_1_207' title='bbox 1421 1793 1595 1847; x_wconf 91' lang='lat' dir='ltr'>corde</span> <span class='ocrx_word' id='word_1_208' title='bbox 1643 1790 2045 1862; x_wconf 90' lang='lat' dir='ltr'>promittendo</span> <span class='ocrx_word' id='word_1_209' title='bbox 2096 1807 2155 1844; x_wconf 91' lang='lat' dir='ltr'>se</span> <span class='ocrx_word' id='word_1_210' title='bbox 2186 1791 2269 1846; x_wconf 89' lang='lat' dir='ltr'>fa-</span> 
     </span>
    </p>
   </div>
   <div class='ocr_carea' id='block_1_32' title="bbox 619 1879 2269 1951">
    <p class='ocr_par' dir='ltr' id='par_1_32' title="bbox 619 1879 2269 1951">
     <span class='ocr_line' id='line_1_32' title="bbox 619 1879 2269 1951; baseline 0 -17"><span class='ocrx_word' id='word_1_211' title='bbox 619 1886 871 1945; x_wconf 87' lang='lat' dir='ltr'>cturum,</span> <span class='ocrx_word' id='word_1_212' title='bbox 917 1882 1081 1951; x_wconf 89' lang='lat' dir='ltr'>quod</span> <span class='ocrx_word' id='word_1_213' title='bbox 1145 1885 1429 1934; x_wconf 90' lang='lat' dir='ltr'>statutum</span> <span class='ocrx_word' id='word_1_214' title='bbox 1482 1885 1608 1934; x_wconf 90' lang='lat' dir='ltr'>erat</span> <span class='ocrx_word' id='word_1_215' title='bbox 1651 1898 1664 1946; x_wconf 87' lang='lat'><strong>;</strong></span> <span class='ocrx_word' id='word_1_216' title='bbox 1709 1881 1789 1934; x_wconf 91' lang='lat' dir='ltr'>ita</span> <span class='ocrx_word' id='word_1_217' title='bbox 1830 1880 1988 1934; x_wconf 90' lang='lat' dir='ltr'>enim</span> <span class='ocrx_word' id='word_1_218' title='bbox 2039 1879 2269 1950; x_wconf 89' lang='lat' dir='ltr'>capitur</span> 
     </span>
    </p>
   </div>
   <div class='ocr_carea' id='block_1_33' title="bbox 617 1967 2268 2040">
    <p class='ocr_par' dir='ltr' id='par_1_33' title="bbox 617 1967 2268 2040">
     <span class='ocr_line' id='line_1_33' title="bbox 617 1967 2268 2040; baseline 0.001 -20"><span class='ocrx_word' id='word_1_219' title='bbox 617 1969 780 2038; x_wconf 90' lang='lat' dir='ltr'>apud</span> <span class='ocrx_word' id='word_1_220' title='bbox 811 1984 946 2021; x_wconf 89' lang='lat' dir='ltr'>eum</span> <span class='ocrx_word' id='word_1_221' title='bbox 975 1967 1351 2040; x_wconf 81' lang='grc' dir='ltr'><em>ἐξωμολόγησε.</em></span> <span class='ocrx_word' id='word_1_222' title='bbox 1382 1968 1900 2038; x_wconf 87' lang='lat' dir='ltr'>Opportunitalem</span> <span class='ocrx_word' id='word_1_223' title='bbox 1943 1984 2077 2022; x_wconf 89' lang='lat' dir='ltr'>vero</span> <span class='ocrx_word' id='word_1_224' title='bbox 2109 1968 2268 2022; x_wconf 87' lang='lat' dir='ltr'>intel-</span> 
     </span>
    </p>
   </div>
   <div class='ocr_carea' id='block_1_34' title="bbox 613 2054 2268 2128">
    <p class='ocr_par' dir='ltr' id='par_1_34' title="bbox 613 2054 2268 2128">
     <span class='ocr_line' id='line_1_34' title="bbox 613 2054 2268 2128; baseline 0.001 -19"><span class='ocrx_word' id='word_1_225' title='bbox 613 2054 729 2123; x_wconf 87' lang='lat' dir='ltr'>lige</span> <span class='ocrx_word' id='word_1_226' title='bbox 758 2061 992 2126; x_wconf 84' lang='lat' dir='ltr'>tempus</span> <span class='ocrx_word' id='word_1_227' title='bbox 1014 2058 1378 2111; x_wconf 88' lang='lat' dir='ltr'>conveniens</span> <span class='ocrx_word' id='word_1_228' title='bbox 1411 2073 1532 2127; x_wconf 91' lang='lat' dir='ltr'>quo</span> <span class='ocrx_word' id='word_1_229' title='bbox 1558 2062 1800 2128; x_wconf 88' lang='lat' dir='ltr'>propter</span> <span class='ocrx_word' id='word_1_230' title='bbox 1827 2073 1964 2110; x_wconf 90' lang='lat' dir='ltr'>eum</span> <span class='ocrx_word' id='word_1_231' title='bbox 1999 2072 2268 2126; x_wconf 84' lang='lat' dir='ltr'>compre-</span> 
     </span>
    </p>
   </div>
   <div class='ocr_carea' id='block_1_35' title="bbox 611 2143 2266 2211">
    <p class='ocr_par' dir='ltr' id='par_1_35' title="bbox 611 2143 2266 2211">
     <span class='ocr_line' id='line_1_35' title="bbox 611 2143 2266 2211; baseline 0 -13"><span class='ocrx_word' id='word_1_232' title='bbox 611 2143 886 2211; x_wconf 88' lang='lat' dir='ltr'>hensum,</span> <span class='ocrx_word' id='word_1_233' title='bbox 934 2161 1052 2199; x_wconf 90' lang='lat' dir='ltr'>non</span> <span class='ocrx_word' id='word_1_234' title='bbox 1084 2151 1236 2200; x_wconf 90' lang='lat' dir='ltr'>esset</span> <span class='ocrx_word' id='word_1_235' title='bbox 1283 2143 1566 2210; x_wconf 87' lang='lat' dir='ltr'>futurum,</span> <span class='ocrx_word' id='word_1_236' title='bbox 1603 2149 1667 2199; x_wconf 91' lang='lat' dir='ltr'>ut</span> <span class='ocrx_word' id='word_1_237' title='bbox 1690 2145 2012 2200; x_wconf 86' lang='lat' dir='ltr'>exoriretur</span> <span class='ocrx_word' id='word_1_238' title='bbox 2051 2145 2266 2199; x_wconf 89' lang='lat' dir='ltr'>tumul-</span> 
     </span>
    </p>
   </div>
   <div class='ocr_carea' id='block_1_36' title="bbox 610 2233 2264 2290">
    <p class='ocr_par' dir='ltr' id='par_1_36' title="bbox 610 2233 2264 2290">
     <span class='ocr_line' id='line_1_36' title="bbox 610 2233 2264 2290; baseline 0.002 -4"><span class='ocrx_word' id='word_1_239' title='bbox 610 2236 728 2287; x_wconf 82' lang='lat' dir='ltr'>tus.</span> <span class='ocrx_word' id='word_1_240' title='bbox 781 2236 1029 2289; x_wconf 90' lang='lat' dir='ltr'>Necesse</span> <span class='ocrx_word' id='word_1_241' title='bbox 1077 2239 1167 2288; x_wconf 92' lang='lat' dir='ltr'>est</span> <span class='ocrx_word' id='word_1_242' title='bbox 1215 2239 1416 2289; x_wconf 91' lang='lat' dir='ltr'>autem</span> <span class='ocrx_word' id='word_1_243' title='bbox 1476 2233 1552 2288; x_wconf 90' lang='lat' dir='ltr'>ab</span> <span class='ocrx_word' id='word_1_244' title='bbox 1603 2234 1717 2289; x_wconf 91' lang='lat' dir='ltr'>hoc</span> <span class='ocrx_word' id='word_1_245' title='bbox 1763 2234 1895 2288; x_wconf 92' lang='lat' dir='ltr'>loco</span> <span class='ocrx_word' id='word_1_246' title='bbox 1952 2234 2027 2289; x_wconf 92' lang='lat' dir='ltr'>ad</span> <span class='ocrx_word' id='word_1_247' title='bbox 2079 2235 2264 2290; x_wconf 85' lang='lat' dir='ltr'>ﬁnem</span> 
     </span>
    </p>
   </div>
   <div class='ocr_carea' id='block_1_37' title="bbox 611 2323 2260 2396">
    <p class='ocr_par' dir='ltr' id='par_1_37' title="bbox 611 2323 2260 2396">
     <span class='ocr_line' id='line_1_37' title="bbox 611 2323 2260 2396; baseline 0.002 -20"><span class='ocrx_word' id='word_1_248' title='bbox 611 2337 802 2393; x_wconf 91' lang='lat' dir='ltr'>usque</span> <span class='ocrx_word' id='word_1_249' title='bbox 825 2323 1302 2394; x_wconf 87' lang='lat' dir='ltr'>Evangeliorum,</span> <span class='ocrx_word' id='word_1_250' title='bbox 1336 2323 1750 2378; x_wconf 80' lang='lat' dir='ltr'>omnimodam</span> <span class='ocrx_word' id='word_1_251' title='bbox 1780 2327 1959 2396; x_wconf 90' lang='lat' dir='ltr'>atque</span> <span class='ocrx_word' id='word_1_252' title='bbox 1990 2328 2260 2379; x_wconf 81' lang='lat' dir='ltr'>exactam</span> 
     </span>
    </p>
   </div>
   <div class='ocr_carea' id='block_1_38' title="bbox 607 2409 2262 2485">
    <p class='ocr_par' dir='ltr' id='par_1_38' title="bbox 607 2409 2262 2485">
     <span class='ocr_line' id='line_1_38' title="bbox 607 2409 2262 2485; baseline 0.002 -20"><span class='ocrx_word' id='word_1_253' title='bbox 607 2409 819 2468; x_wconf 84' lang='lat' dir='ltr'>aﬂ&#39;erre</span> <span class='ocrx_word' id='word_1_254' title='bbox 843 2412 1237 2483; x_wconf 88' lang='lat' dir='ltr'>diligentiam,</span> <span class='ocrx_word' id='word_1_255' title='bbox 1265 2429 1387 2485; x_wconf 91' lang='lat' dir='ltr'>quo</span> <span class='ocrx_word' id='word_1_256' title='bbox 1410 2412 1571 2468; x_wconf 89' lang='lat' dir='ltr'>dicta</span> <span class='ocrx_word' id='word_1_257' title='bbox 1591 2411 2089 2483; x_wconf 84' lang='lat' dir='ltr'>evangelistarum</span> <span class='ocrx_word' id='word_1_258' title='bbox 2115 2413 2262 2468; x_wconf 87' lang='lat' dir='ltr'>inter</span> 
     </span>
    </p>
   </div>
   <div class='ocr_carea' id='block_1_39' title="bbox 606 2501 2261 2574">
    <p class='ocr_par' dir='ltr' id='par_1_39' title="bbox 606 2501 2261 2574">
     <span class='ocr_line' id='line_1_39' title="bbox 606 2501 2261 2574; baseline 0.002 -20"><span class='ocrx_word' id='word_1_259' title='bbox 606 2515 670 2554; x_wconf 87' lang='lat' dir='ltr'>se</span> <span class='ocrx_word' id='word_1_260' title='bbox 693 2501 1052 2557; x_wconf 88' lang='lat' dir='ltr'>concordem</span> <span class='ocrx_word' id='word_1_261' title='bbox 1064 2519 1150 2572; x_wconf 88' lang='lat' dir='ltr'>us,</span> <span class='ocrx_word' id='word_1_262' title='bbox 1175 2503 1233 2558; x_wconf 89' lang='lat' dir='ltr'>in</span> <span class='ocrx_word' id='word_1_263' title='bbox 1255 2501 1346 2557; x_wconf 92' lang='lat' dir='ltr'>his</span> <span class='ocrx_word' id='word_1_264' title='bbox 1371 2518 1507 2574; x_wconf 64' lang='lat' dir='ltr'>quae</span> <span class='ocrx_word' id='word_1_265' title='bbox 1530 2518 1797 2558; x_wconf 90' lang='lat' dir='ltr'>consona</span> <span class='ocrx_word' id='word_1_266' title='bbox 1820 2518 1942 2558; x_wconf 92' lang='lat' dir='ltr'>non</span> <span class='ocrx_word' id='word_1_267' title='bbox 1969 2507 2261 2574; x_wconf 88' lang='lat' dir='ltr'>apparent</span> 
     </span>
    </p>
   </div>
   <div class='ocr_carea' id='block_1_40' title="bbox 607 2589 2260 2662">
    <p class='ocr_par' dir='ltr' id='par_1_40' title="bbox 607 2589 2260 2662">
     <span class='ocr_line' id='line_1_40' title="bbox 607 2589 2260 2662; baseline 0.001 -20"><span class='ocrx_word' id='word_1_268' title='bbox 607 2589 709 2643; x_wconf 89' lang='lat' dir='ltr'>sed</span> <span class='ocrx_word' id='word_1_269' title='bbox 739 2591 938 2660; x_wconf 87' lang='lat' dir='ltr'>potius</span> <span class='ocrx_word' id='word_1_270' title='bbox 965 2607 1085 2646; x_wconf 90' lang='lat' dir='ltr'>non</span> <span class='ocrx_word' id='word_1_271' title='bbox 1111 2591 1555 2647; x_wconf 88' lang='lat' dir='ltr'>advertentibus</span> <span class='ocrx_word' id='word_1_272' title='bbox 1585 2591 1838 2647; x_wconf 89' lang='lat' dir='ltr'>multam</span> <span class='ocrx_word' id='word_1_273' title='bbox 1863 2591 2126 2662; x_wconf 82' lang='lat' dir='ltr'>praebent</span> <span class='ocrx_word' id='word_1_274' title='bbox 2152 2591 2260 2645; x_wconf 81' lang='lat' dir='ltr'>dif-</span> 
     </span>
    </p>
   </div>
   <div class='ocr_carea' id='block_1_41' title="bbox 601 2675 2258 2751">
    <p class='ocr_par' dir='ltr' id='par_1_41' title="bbox 601 2675 2258 2751">
     <span class='ocr_line' id='line_1_41' title="bbox 601 2675 2258 2751; baseline 0.003 -22"><span class='ocrx_word' id='word_1_275' title='bbox 601 2675 948 2732; x_wconf 89' lang='lat' dir='ltr'>ﬁcultatem.</span> <span class='ocrx_word' id='word_1_276' title='bbox 1006 2679 1092 2734; x_wconf 93' lang='lat' dir='ltr'>Ob</span> <span class='ocrx_word' id='word_1_277' title='bbox 1140 2680 1255 2735; x_wconf 92' lang='lat' dir='ltr'>hoc</span> <span class='ocrx_word' id='word_1_278' title='bbox 1304 2696 1446 2749; x_wconf 88' lang='lat' dir='ltr'>ergo</span> <span class='ocrx_word' id='word_1_279' title='bbox 1511 2697 1582 2734; x_wconf 91' lang='lat' dir='ltr'>ea</span> <span class='ocrx_word' id='word_1_280' title='bbox 1638 2697 1771 2751; x_wconf 63' lang='lat' dir='ltr'>quae</span> <span class='ocrx_word' id='word_1_281' title='bbox 1825 2680 2072 2737; x_wconf 64' lang='lat' dir='ltr'>Matthsei</span> <span class='ocrx_word' id='word_1_282' title='bbox 2121 2683 2258 2734; x_wconf 90' lang='lat' dir='ltr'>sunt</span> 
     </span>
    </p>
   </div>
   <div class='ocr_carea' id='block_1_42' title="bbox 2379 1610 3990 1687">
    <p class='ocr_par' dir='ltr' id='par_1_42' title="bbox 2379 1610 3990 1687">
     <span class='ocr_line' id='line_1_42' title="bbox 2379 1610 3990 1687; baseline -0.006 -20"><span class='ocrx_word' id='word_1_283' title='bbox 2379 1617 2458 1667; x_wconf 86' lang='grc' dir='ltr'><em>ὅτι</em></span> <span class='ocrx_word' id='word_1_284' title='bbox 2507 1619 2595 1666; x_wconf 83' lang='grc' dir='ltr'><em>καὶ</em></span> <span class='ocrx_word' id='word_1_285' title='bbox 2653 1613 3057 1687; x_wconf 72' lang='grc' dir='ltr'>ἐξωμολόγησεν,</span> <span class='ocrx_word' id='word_1_286' title='bbox 3132 1615 3290 1684; x_wconf 82' lang='grc' dir='ltr'><em>ἤγουν</em></span> <span class='ocrx_word' id='word_1_287' title='bbox 3383 1610 3604 1684; x_wconf 77' lang='grc' dir='ltr'><em>βεϐαίως</em></span> <span class='ocrx_word' id='word_1_288' title='bbox 3689 1616 3990 1680; x_wconf 64' lang='grc' dir='ltr'><em>συνεφωνη.</em></span> 
     </span>
    </p>
   </div>
   <div class='ocr_carea' id='block_1_43' title="bbox 2381 1700 3991 1782">
    <p class='ocr_par' dir='ltr' id='par_1_43' title="bbox 2381 1700 3991 1782">
     <span class='ocr_line' id='line_1_43' title="bbox 2381 1700 3991 1782; baseline -0.004 -25"><span class='ocrx_word' id='word_1_289' title='bbox 2381 1726 2486 1766; x_wconf 80' lang='grc' dir='ltr'><em>σεν,</em></span> <span class='ocrx_word' id='word_1_290' title='bbox 2543 1704 2598 1756; x_wconf 88' lang='grc' dir='ltr'>ἐκ</span> <span class='ocrx_word' id='word_1_291' title='bbox 2646 1700 2866 1782; x_wconf 56' lang='grc' dir='ltr'><em>καρτξὶας</em></span> <span class='ocrx_word' id='word_1_292' title='bbox 2921 1701 3262 1773; x_wconf 71' lang='grc' dir='ltr'>ἐπηγγείλατο</span> <span class='ocrx_word' id='word_1_293' title='bbox 3327 1709 3550 1758; x_wconf 84' lang='grc' dir='ltr'><em>ποιῆσαι</em></span> <span class='ocrx_word' id='word_1_294' title='bbox 3603 1702 3660 1750; x_wconf 87' lang='grc' dir='ltr'><em>τὸ</em></span> <span class='ocrx_word' id='word_1_295' title='bbox 3719 1700 3991 1750; x_wconf 70' lang='grc' dir='ltr'><em>συντεθέν.</em></span> 
     </span>
    </p>
   </div>
   <div class='ocr_carea' id='block_1_44' title="bbox 2376 1786 3995 1868">
    <p class='ocr_par' dir='ltr' id='par_1_44' title="bbox 2376 1786 3995 1868">
     <span class='ocr_line' id='line_1_44' title="bbox 2376 1786 3995 1868; baseline -0.006 -22"><span class='ocrx_word' id='word_1_296' title='bbox 2376 1795 2659 1868; x_wconf 68' lang='grc' dir='ltr'><em>Εὑκαιρίαν</em></span> <span class='ocrx_word' id='word_1_297' title='bbox 2707 1791 2763 1844; x_wconf 73' lang='grc' dir='ltr'>δὲ</span> <span class='ocrx_word' id='word_1_298' title='bbox 2802 1796 2903 1843; x_wconf 90' lang='grc' dir='ltr'><em>νόει</em></span> <span class='ocrx_word' id='word_1_299' title='bbox 2971 1794 3055 1843; x_wconf 86' lang='grc' dir='ltr'>τόν</span> <span class='ocrx_word' id='word_1_300' title='bbox 3109 1786 3398 1847; x_wconf 78' lang='grc' dir='ltr'><em>ἐπιτήδειον</em></span> <span class='ocrx_word' id='word_1_301' title='bbox 3455 1791 3656 1864; x_wconf 86' lang='grc' dir='ltr'><em>καιρόν,</em></span> <span class='ocrx_word' id='word_1_302' title='bbox 3715 1789 3796 1839; x_wconf 85' lang='grc' dir='ltr'><em>ὅτε</em></span> <span class='ocrx_word' id='word_1_303' title='bbox 3868 1786 3995 1837; x_wconf 81' lang='grc' dir='ltr'><em>συλ-</em></span> 
     </span>
    </p>
   </div>
   <div class='ocr_carea' id='block_1_45' title="bbox 2375 1873 3991 1954">
    <p class='ocr_par' dir='ltr' id='par_1_45' title="bbox 2375 1873 3991 1954">
     <span class='ocr_line' id='line_1_45' title="bbox 2375 1873 3991 1954; baseline -0.005 -20"><span class='ocrx_word' id='word_1_304' title='bbox 2375 1883 2650 1954; x_wconf 71' lang='grc' dir='ltr'><em>ληφθέντος</em></span> <span class='ocrx_word' id='word_1_305' title='bbox 2692 1881 2784 1932; x_wconf 78' lang='grc' dir='ltr'>ούκ</span> <span class='ocrx_word' id='word_1_306' title='bbox 2838 1879 3007 1952; x_wconf 83' lang='grc' dir='ltr'><em>ἔμελλε</em></span> <span class='ocrx_word' id='word_1_307' title='bbox 3056 1877 3273 1951; x_wconf 77' lang='grc' dir='ltr'><em>θόρυϐος</em></span> <span class='ocrx_word' id='word_1_308' title='bbox 3326 1879 3588 1949; x_wconf 83' lang='grc' dir='ltr'><em>γενέσθαι.</em></span> <span class='ocrx_word' id='word_1_309' title='bbox 3645 1881 3762 1949; x_wconf 73' lang='grc' dir='ltr'><em>Χρὴ</em></span> <span class='ocrx_word' id='word_1_310' title='bbox 3828 1873 3892 1927; x_wconf 78' lang='grc' dir='ltr'>δὲ</span> <span class='ocrx_word' id='word_1_311' title='bbox 3932 1878 3991 1926; x_wconf 83' lang='lat'>1&#39;6</span> 
     </span>
    </p>
   </div>
   <div class='ocr_carea' id='block_1_46' title="bbox 2377 1964 3990 2042">
    <p class='ocr_par' dir='ltr' id='par_1_46' title="bbox 2377 1964 3990 2042">
     <span class='ocr_line' id='line_1_46' title="bbox 2377 1964 3990 2042; baseline -0.004 -20"><span class='ocrx_word' id='word_1_312' title='bbox 2377 1970 2599 2022; x_wconf 68' lang='grc' dir='ltr'><em>ἐντεῦθεν</em></span> <span class='ocrx_word' id='word_1_313' title='bbox 2654 1971 2789 2042; x_wconf 79' lang='grc' dir='ltr'><em>ἄχρι</em></span> <span class='ocrx_word' id='word_1_314' title='bbox 2838 1968 3009 2027; x_wconf 81' lang='grc' dir='ltr'><em>τέλους</em></span> <span class='ocrx_word' id='word_1_315' title='bbox 3070 1975 3170 2018; x_wconf 80' lang='grc' dir='ltr'>τῶν</span> <span class='ocrx_word' id='word_1_316' title='bbox 3221 1964 3543 2036; x_wconf 77' lang='grc' dir='ltr'><em>Εύαγγελίων</em></span> <span class='ocrx_word' id='word_1_317' title='bbox 3599 1971 3774 2016; x_wconf 84' lang='grc' dir='ltr'><em>πᾶσαν</em></span> <span class='ocrx_word' id='word_1_318' title='bbox 3847 1964 3990 2015; x_wconf 85' lang='grc' dir='ltr'><em>εἰσε-</em></span> 
     </span>
    </p>
   </div>
   <div class='ocr_carea' id='block_1_47' title="bbox 2373 2051 3987 2130">
    <p class='ocr_par' dir='ltr' id='par_1_47' title="bbox 2373 2051 3987 2130">
     <span class='ocr_line' id='line_1_47' title="bbox 2373 2051 3987 2130; baseline -0.004 -21"><span class='ocrx_word' id='word_1_319' title='bbox 2373 2067 2566 2130; x_wconf 82' lang='grc' dir='ltr'><em>νεγκεῖν</em></span> <span class='ocrx_word' id='word_1_320' title='bbox 2623 2062 2989 2130; x_wconf 74' lang='grc' dir='ltr'>παρατήρησιν</span> <span class='ocrx_word' id='word_1_321' title='bbox 3050 2059 3136 2106; x_wconf 84' lang='grc' dir='ltr'><em>καὶ</em></span> <span class='ocrx_word' id='word_1_322' title='bbox 3187 2053 3474 2129; x_wconf 78' lang='grc' dir='ltr'><em>ἀκρίϐειαν,</em></span> <span class='ocrx_word' id='word_1_323' title='bbox 3519 2055 3654 2104; x_wconf 83' lang='grc' dir='ltr'><em>ὥστε</em></span> <span class='ocrx_word' id='word_1_324' title='bbox 3711 2051 3987 2123; x_wconf 74' lang='grc' dir='ltr'><em>συμϐιϐά-</em></span> 
     </span>
    </p>
   </div>
   <div class='ocr_carea' id='block_1_48' title="bbox 2377 2141 3982 2219">
    <p class='ocr_par' dir='ltr' id='par_1_48' title="bbox 2377 2141 3982 2219">
     <span class='ocr_line' id='line_1_48' title="bbox 2377 2141 3982 2219; baseline -0.003 -22"><span class='ocrx_word' id='word_1_325' title='bbox 2377 2165 2467 2197; x_wconf 88' lang='grc' dir='ltr'>σαι</span> <span class='ocrx_word' id='word_1_326' title='bbox 2513 2149 2578 2197; x_wconf 84' lang='grc' dir='ltr'><em>τὰ</em></span> <span class='ocrx_word' id='word_1_327' title='bbox 2627 2147 2762 2219; x_wconf 81' lang='grc' dir='ltr'><em>ῥητὰ</em></span> <span class='ocrx_word' id='word_1_328' title='bbox 2815 2153 2910 2197; x_wconf 85' lang='grc' dir='ltr'>τῶν</span> <span class='ocrx_word' id='word_1_329' title='bbox 2961 2143 3357 2215; x_wconf 71' lang='grc' dir='ltr'><em>εὖαγγελιστών,</em></span> <span class='ocrx_word' id='word_1_330' title='bbox 3422 2141 3655 2202; x_wconf 82' lang='grc' dir='ltr'><em>ἀλλήλοις</em></span> <span class='ocrx_word' id='word_1_331' title='bbox 3699 2142 3793 2192; x_wconf 70' lang='grc' dir='ltr'><em>οὐκ</em></span> <span class='ocrx_word' id='word_1_332' title='bbox 3827 2141 3982 2216; x_wconf 68' lang='grc' dir='ltr'><em>εὐάρ-</em></span> 
     </span>
    </p>
   </div>
   <div class='ocr_carea' id='block_1_49' title="bbox 2371 2230 3982 2306">
    <p class='ocr_par' dir='ltr' id='par_1_49' title="bbox 2371 2230 3982 2306">
     <span class='ocr_line' id='line_1_49' title="bbox 2371 2230 3982 2306; baseline -0.002 -20"><span class='ocrx_word' id='word_1_333' title='bbox 2371 2253 2546 2306; x_wconf 84' lang='grc' dir='ltr'><em>μοστα</em></span> <span class='ocrx_word' id='word_1_334' title='bbox 2602 2230 2877 2294; x_wconf 77' lang='grc' dir='ltr'><em>δοκοῦντα,</em></span> <span class='ocrx_word' id='word_1_335' title='bbox 2928 2238 3016 2284; x_wconf 83' lang='grc' dir='ltr'><em>καὶ</em></span> <span class='ocrx_word' id='word_1_336' title='bbox 3068 2231 3257 2289; x_wconf 80' lang='grc' dir='ltr'><em>πολλὴν</em></span> <span class='ocrx_word' id='word_1_337' title='bbox 3309 2237 3415 2290; x_wconf 90' lang='grc' dir='ltr'><em>τοῖς</em></span> <span class='ocrx_word' id='word_1_338' title='bbox 3492 2234 3563 2303; x_wconf 82' lang='grc' dir='ltr'>μὴ</span> <span class='ocrx_word' id='word_1_339' title='bbox 3636 2234 3982 2303; x_wconf 77' lang='grc' dir='ltr'><em>προσέχουσι</em></span> 
     </span>
    </p>
   </div>
   <div class='ocr_carea' id='block_1_50' title="bbox 2371 2318 3978 2395">
    <p class='ocr_par' dir='ltr' id='par_1_50' title="bbox 2371 2318 3978 2395">
     <span class='ocr_line' id='line_1_50' title="bbox 2371 2318 3978 2395; baseline -0.003 -21"><span class='ocrx_word' id='word_1_340' title='bbox 2371 2327 2672 2394; x_wconf 79' lang='grc' dir='ltr'><em>παρέχοντα</em></span> <span class='ocrx_word' id='word_1_341' title='bbox 2707 2325 2801 2379; x_wconf 82' lang='grc' dir='ltr'>τήν</span> <span class='ocrx_word' id='word_1_342' title='bbox 2856 2318 3194 2395; x_wconf 80' lang='grc' dir='ltr'><em>δυσχέρειαν.</em></span> <span class='ocrx_word' id='word_1_343' title='bbox 3226 2323 3318 2372; x_wconf 86' lang='grc' dir='ltr'>Διὰ</span> <span class='ocrx_word' id='word_1_344' title='bbox 3371 2327 3524 2371; x_wconf 87' lang='grc' dir='ltr'><em>τοῦτο</em></span> <span class='ocrx_word' id='word_1_345' title='bbox 3581 2327 3705 2390; x_wconf 87' lang='grc' dir='ltr'><em>γοῦν</em></span> <span class='ocrx_word' id='word_1_346' title='bbox 3758 2322 3824 2370; x_wconf 77' lang='grc' dir='ltr'><em>τὰ</em></span> <span class='ocrx_word' id='word_1_347' title='bbox 3881 2327 3978 2370; x_wconf 76' lang='grc' dir='ltr'><em>τοῦ</em></span> 
     </span>
    </p>
   </div>
   <div class='ocr_carea' id='block_1_51' title="bbox 2369 2407 3974 2482">
    <p class='ocr_par' dir='ltr' id='par_1_51' title="bbox 2369 2407 3974 2482">
     <span class='ocr_line' id='line_1_51' title="bbox 2369 2407 3974 2482; baseline -0.003 -19"><span class='ocrx_word' id='word_1_348' title='bbox 2369 2413 2642 2464; x_wconf 87' lang='grc' dir='ltr'><em>Ματθαίου</em></span> <span class='ocrx_word' id='word_1_349' title='bbox 2699 2410 3206 2482; x_wconf 67' lang='grc' dir='ltr'>μεταχειριζόμενοι,</span> <span class='ocrx_word' id='word_1_350' title='bbox 3265 2414 3356 2460; x_wconf 83' lang='grc' dir='ltr'><em>καὶ</em></span> <span class='ocrx_word' id='word_1_351' title='bbox 3417 2410 3482 2459; x_wconf 83' lang='grc' dir='ltr'><em>τὰ</em></span> <span class='ocrx_word' id='word_1_352' title='bbox 3546 2416 3646 2460; x_wconf 85' lang='grc' dir='ltr'>τῶν</span> <span class='ocrx_word' id='word_1_353' title='bbox 3702 2407 3890 2471; x_wconf 71' lang='grc' dir='ltr'><em>ἄλλων,</em></span> <span class='ocrx_word' id='word_1_354' title='bbox 3925 2407 3974 2459; x_wconf 80' lang='grc' dir='ltr'><em>ἕν</em></span> 
     </span>
    </p>
   </div>
   <div class='ocr_carea' id='block_1_52' title="bbox 2369 2495 3969 2571">
    <p class='ocr_par' dir='ltr' id='par_1_52' title="bbox 2369 2495 3969 2571">
     <span class='ocr_line' id='line_1_52' title="bbox 2369 2495 3969 2571; baseline -0.003 -19"><span class='ocrx_word' id='word_1_355' title='bbox 2369 2500 2441 2560; x_wconf 86' lang='grc' dir='ltr'><em>οἷς</em></span> <span class='ocrx_word' id='word_1_356' title='bbox 2490 2499 2640 2564; x_wconf 84' lang='grc' dir='ltr'><em>εἰκός,</em></span> <span class='ocrx_word' id='word_1_357' title='bbox 2691 2501 3084 2570; x_wconf 88' lang='grc' dir='ltr'><em>παραθήσομεν,</em></span> <span class='ocrx_word' id='word_1_358' title='bbox 3145 2499 3215 2558; x_wconf 81' lang='grc' dir='ltr'>ὡς</span> <span class='ocrx_word' id='word_1_359' title='bbox 3261 2495 3521 2569; x_wconf 81' lang='grc' dir='ltr'><em>ἀναγκαῖα</em></span> <span class='ocrx_word' id='word_1_360' title='bbox 3547 2501 3673 2571; x_wconf 87' lang='grc' dir='ltr'><em>πρὸς</em></span> <span class='ocrx_word' id='word_1_361' title='bbox 3719 2501 3811 2554; x_wconf 81' lang='grc' dir='ltr'>τήν</span> <span class='ocrx_word' id='word_1_362' title='bbox 3854 2495 3969 2558; x_wconf 76' lang='grc' dir='ltr'><em>ἐξή-</em></span> 
     </span>
    </p>
   </div>
   <div class='ocr_carea' id='block_1_53' title="bbox 2367 2584 3970 2662">
    <p class='ocr_par' dir='ltr' id='par_1_53' title="bbox 2367 2584 3970 2662">
     <span class='ocr_line' id='line_1_53' title="bbox 2367 2584 3970 2662; baseline -0.002 -22"><span class='ocrx_word' id='word_1_363' title='bbox 2367 2608 2546 2661; x_wconf 88' lang='grc' dir='ltr'><em>γησιν,</em></span> <span class='ocrx_word' id='word_1_364' title='bbox 2604 2591 2730 2662; x_wconf 64' lang='grc' dir='ltr'><em>ὑπὲρ</em></span> <span class='ocrx_word' id='word_1_365' title='bbox 2780 2594 2871 2639; x_wconf 83' lang='grc' dir='ltr'><em>τοῦ</em></span> <span class='ocrx_word' id='word_1_366' title='bbox 2922 2584 3216 2639; x_wconf 76' lang='grc' dir='ltr'><em>συνάδοντα</em></span> <span class='ocrx_word' id='word_1_367' title='bbox 3271 2592 3362 2639; x_wconf 88' lang='grc' dir='ltr'><em>καὶ</em></span> <span class='ocrx_word' id='word_1_368' title='bbox 3407 2595 3545 2659; x_wconf 76' lang='grc' dir='ltr'><em>σαφῆ</em></span> <span class='ocrx_word' id='word_1_369' title='bbox 3599 2589 3837 2660; x_wconf 79' lang='grc' dir='ltr'><em>γενέσθαι</em></span> <span class='ocrx_word' id='word_1_370' title='bbox 3884 2589 3970 2638; x_wconf 79' lang='grc' dir='ltr'><em>τὸν</em></span> 
     </span>
    </p>
   </div>
   <div class='ocr_carea' id='block_1_54' title="bbox 2368 2677 2540 2748">
    <p class='ocr_par' dir='ltr' id='par_1_54' title="bbox 2368 2677 2540 2748">
     <span class='ocr_line' id='line_1_54' title="bbox 2368 2677 2540 2748; baseline 0.012 -18"><span class='ocrx_word' id='word_1_371' title='bbox 2368 2677 2520 2748; x_wconf 92' lang='grc' dir='ltr'><em>λόγον</em></span> <span class='ocrx_word' id='word_1_372' title='bbox 2530 2720 2540 2732; x_wconf 92' lang='grc'>.</span> 
     </span>
    </p>
   </div>
   <div class='ocr_carea' id='block_1_55' title="bbox 601 2766 3961 2841">
    <p class='ocr_par' dir='ltr' id='par_1_55' title="bbox 601 2766 3961 2841">
     <span class='ocr_line' id='line_1_55' title="bbox 601 2766 3961 2841; baseline -0.001 -19"><span class='ocrx_word' id='word_1_373' title='bbox 601 2770 936 2837; x_wconf 85' lang='lat' dir='ltr'>tractantes,</span> <span class='ocrx_word' id='word_1_374' title='bbox 967 2768 1147 2822; x_wconf 89' lang='lat' dir='ltr'>etiam</span> <span class='ocrx_word' id='word_1_375' title='bbox 1176 2785 1310 2840; x_wconf 78' lang='lat' dir='ltr'>quae</span> <span class='ocrx_word' id='word_1_376' title='bbox 1335 2768 1586 2825; x_wconf 87' lang='lat' dir='ltr'>aliorum</span> <span class='ocrx_word' id='word_1_377' title='bbox 1617 2775 1769 2838; x_wconf 88' lang='lat' dir='ltr'>sunt,</span> <span class='ocrx_word' id='word_1_378' title='bbox 1817 2771 1917 2824; x_wconf 91' lang='lat' dir='ltr'>ubi</span> <span class='ocrx_word' id='word_1_379' title='bbox 1948 2787 2039 2825; x_wconf 85' lang='lat' dir='ltr'>res</span> <span class='ocrx_word' id='word_1_380' title='bbox 2062 2767 2390 2841; x_wconf 85' lang='lat' dir='ltr'>exposcerit</span> <span class='ocrx_word' id='word_1_381' title='bbox 2421 2769 2482 2822; x_wconf 93' lang='lat' dir='ltr'>in</span> <span class='ocrx_word' id='word_1_382' title='bbox 2511 2766 2778 2821; x_wconf 89' lang='lat' dir='ltr'>medium</span> <span class='ocrx_word' id='word_1_383' title='bbox 2810 2766 3152 2829; x_wconf 76' lang='lat' dir='ltr'>afferemus,</span> <span class='ocrx_word' id='word_1_384' title='bbox 3194 2770 3484 2840; x_wconf 89' lang='lat' dir='ltr'>tanquam</span> <span class='ocrx_word' id='word_1_385' title='bbox 3522 2767 3592 2821; x_wconf 89' lang='lat' dir='ltr'>ad</span> <span class='ocrx_word' id='word_1_386' title='bbox 3633 2766 3961 2820; x_wconf 83' lang='lat' dir='ltr'>enarratio-</span> 
     </span>
    </p>
   </div>
   <div class='ocr_carea' id='block_1_56' title="bbox 599 2856 2666 2927">
    <p class='ocr_par' dir='ltr' id='par_1_56' title="bbox 599 2856 2666 2927">
     <span class='ocr_line' id='line_1_56' title="bbox 599 2856 2666 2927; baseline 0 -18"><span class='ocrx_word' id='word_1_387' title='bbox 599 2870 738 2910; x_wconf 89' lang='lat' dir='ltr'>nem</span> <span class='ocrx_word' id='word_1_388' title='bbox 763 2856 1119 2919; x_wconf 90' lang='lat' dir='ltr'>necessaria,</span> <span class='ocrx_word' id='word_1_389' title='bbox 1146 2871 1263 2927; x_wconf 92' lang='lat' dir='ltr'>quo</span> <span class='ocrx_word' id='word_1_390' title='bbox 1302 2873 1499 2912; x_wconf 88' lang='lat' dir='ltr'>sermo</span> <span class='ocrx_word' id='word_1_391' title='bbox 1530 2858 1853 2913; x_wconf 88' lang='lat' dir='ltr'>conformis</span> <span class='ocrx_word' id='word_1_392' title='bbox 1887 2875 1954 2913; x_wconf 91' lang='lat' dir='ltr'>ac</span> <span class='ocrx_word' id='word_1_393' title='bbox 1983 2858 2334 2914; x_wconf 85' lang='lat' dir='ltr'>manifestus</span> <span class='ocrx_word' id='word_1_394' title='bbox 2363 2856 2666 2912; x_wconf 89' lang='lat' dir='ltr'>reddatur.</span> 
     </span>
    </p>
   </div>
   <div class='ocr_carea' id='block_1_57' title="bbox 599 2959 2329 3035">
    <p class='ocr_par' dir='ltr' id='par_1_57' title="bbox 599 2959 2329 3035">
     <span class='ocr_line' id='line_1_57' title="bbox 599 2959 2329 3035; baseline 0.002 -20"><span class='ocrx_word' id='word_1_395' title='bbox 599 2959 753 3017; x_wconf 84' lang='lat' dir='ltr'>CAP.</span> <span class='ocrx_word' id='word_1_396' title='bbox 819 2961 968 3016; x_wconf 86' lang='lat' dir='ltr'>LXII</span> <span class='ocrx_word' id='word_1_397' title='bbox 1019 2963 1437 3033; x_wconf 74' lang='lat' dir='ltr'>Interrogatio,</span> <span class='ocrx_word' id='word_1_398' title='bbox 1499 2964 1570 3020; x_wconf 88' lang='lat' dir='ltr'>de</span> <span class='ocrx_word' id='word_1_399' title='bbox 1637 2966 2088 3035; x_wconf 60' lang='lat' dir='ltr'>praeparatione</span> <span class='ocrx_word' id='word_1_400' title='bbox 2137 2965 2254 3021; x_wconf 89' lang='lat' dir='ltr'>Pa-</span> <span class='ocrx_word' id='word_1_401' title='bbox 2289 2964 2329 3019; x_wconf 91' lang='lat' dir='ltr'>C</span> 
     </span>
    </p>
   </div>
   <div class='ocr_carea' id='block_1_58' title="bbox 1249 3052 1418 3108">
    <p class='ocr_par' dir='ltr' id='par_1_58' title="bbox 1249 3052 1418 3108">
     <span class='ocr_line' id='line_1_58' title="bbox 1249 3052 1418 3108; baseline -0.006 -1"><span class='ocrx_word' id='word_1_402' title='bbox 1249 3052 1418 3108; x_wconf 65' lang='lat' dir='ltr'>schw.</span> 
     </span>
    </p>
   </div>
   <div class='ocr_carea' id='block_1_59' title="bbox 667 3139 2247 3214">
    <p class='ocr_par' dir='ltr' id='par_1_59' title="bbox 667 3139 2247 3214">
     <span class='ocr_line' id='line_1_59' title="bbox 667 3139 2247 3214; baseline 0.004 -20"><span class='ocrx_word' id='word_1_403' title='bbox 667 3140 890 3211; x_wconf 86' lang='lat' dir='ltr'>Azyma</span> <span class='ocrx_word' id='word_1_404' title='bbox 907 3139 1154 3211; x_wconf 89' lang='lat' dir='ltr'>quidem</span> <span class='ocrx_word' id='word_1_405' title='bbox 1173 3140 1372 3211; x_wconf 91' lang='lat' dir='ltr'>ipsum</span> <span class='ocrx_word' id='word_1_406' title='bbox 1391 3141 1620 3199; x_wconf 89' lang='lat' dir='ltr'>Pascha</span> <span class='ocrx_word' id='word_1_407' title='bbox 1637 3147 1856 3199; x_wconf 89' lang='lat' dir='ltr'>vocant</span> <span class='ocrx_word' id='word_1_408' title='bbox 1871 3144 2247 3214; x_wconf 71' lang='lat' dir='ltr'>evangelislaa</span> 
     </span>
    </p>
   </div>
   <div class='ocr_carea' id='block_1_60' title="bbox 595 3229 2246 3303">
    <p class='ocr_par' dir='ltr' id='par_1_60' title="bbox 595 3229 2246 3303">
     <span class='ocr_line' id='line_1_60' title="bbox 595 3229 2246 3303; baseline 0.004 -21"><span class='ocrx_word' id='word_1_409' title='bbox 595 3229 901 3284; x_wconf 79' lang='lat' dir='ltr'>Matthaeus</span> <span class='ocrx_word' id='word_1_410' title='bbox 933 3234 989 3284; x_wconf 91' lang='lat' dir='ltr'>et</span> <span class='ocrx_word' id='word_1_411' title='bbox 1012 3229 1264 3299; x_wconf 88' lang='lat' dir='ltr'>Marcus,</span> <span class='ocrx_word' id='word_1_412' title='bbox 1295 3231 1439 3302; x_wconf 89' lang='lat' dir='ltr'>quia</span> <span class='ocrx_word' id='word_1_413' title='bbox 1483 3231 1638 3287; x_wconf 91' lang='lat' dir='ltr'>circa</span> <span class='ocrx_word' id='word_1_414' title='bbox 1669 3232 1905 3289; x_wconf 86' lang='lat' dir='ltr'>Pascha</span> <span class='ocrx_word' id='word_1_415' title='bbox 1935 3250 2072 3289; x_wconf 89' lang='lat' dir='ltr'>cum</span> <span class='ocrx_word' id='word_1_416' title='bbox 2105 3233 2246 3303; x_wconf 84' lang='lat' dir='ltr'>agni</span> 
     </span>
    </p>
   </div>
   <div class='ocr_carea' id='block_1_61' title="bbox 592 3317 2244 3395">
    <p class='ocr_par' dir='ltr' id='par_1_61' title="bbox 592 3317 2244 3395">
     <span class='ocr_line' id='line_1_61' title="bbox 592 3317 2244 3395; baseline 0.004 -24"><span class='ocrx_word' id='word_1_417' title='bbox 592 3317 874 3372; x_wconf 87' lang='lat' dir='ltr'>carnibus</span> <span class='ocrx_word' id='word_1_418' title='bbox 907 3320 1084 3373; x_wconf 90' lang='lat' dir='ltr'>etiam</span> <span class='ocrx_word' id='word_1_419' title='bbox 1111 3336 1326 3390; x_wconf 88' lang='lat' dir='ltr'>azyma</span> <span class='ocrx_word' id='word_1_420' title='bbox 1351 3320 1612 3376; x_wconf 88' lang='lat' dir='ltr'>edebant</span> <span class='ocrx_word' id='word_1_421' title='bbox 1644 3339 1656 3377; x_wconf 93' lang='lat'>:</span> <span class='ocrx_word' id='word_1_422' title='bbox 1687 3327 1744 3377; x_wconf 93' lang='lat' dir='ltr'>et</span> <span class='ocrx_word' id='word_1_423' title='bbox 1774 3323 1851 3378; x_wconf 90' lang='lat' dir='ltr'>ab</span> <span class='ocrx_word' id='word_1_424' title='bbox 1881 3322 1974 3378; x_wconf 90' lang='lat' dir='ltr'>his</span> <span class='ocrx_word' id='word_1_425' title='bbox 2017 3323 2244 3395; x_wconf 87' lang='lat' dir='ltr'>azymis</span> 
     </span>
    </p>
   </div>
   <div class='ocr_carea' id='block_1_62' title="bbox 587 3405 2236 3484">
    <p class='ocr_par' dir='ltr' id='par_1_62' title="bbox 587 3405 2236 3484">
     <span class='ocr_line' id='line_1_62' title="bbox 587 3405 2236 3484; baseline 0.005 -25"><span class='ocrx_word' id='word_1_426' title='bbox 587 3405 785 3476; x_wconf 90' lang='lat' dir='ltr'>ipsum</span> <span class='ocrx_word' id='word_1_427' title='bbox 832 3423 1074 3478; x_wconf 89' lang='lat' dir='ltr'>quoque</span> <span class='ocrx_word' id='word_1_428' title='bbox 1128 3409 1322 3464; x_wconf 88' lang='lat' dir='ltr'>Pacha</span> <span class='ocrx_word' id='word_1_429' title='bbox 1400 3412 1935 3481; x_wconf 84' lang='lat' dir='ltr'>cognominabatur</span> <span class='ocrx_word' id='word_1_430' title='bbox 1992 3416 2236 3484; x_wconf 87' lang='lat' dir='ltr'>Azyma.</span> 
     </span>
    </p>
   </div>
   <div class='ocr_carea' id='block_1_63' title="bbox 587 3493 2240 3571">
    <p class='ocr_par' dir='ltr' id='par_1_63' title="bbox 587 3493 2240 3571">
     <span class='ocr_line' id='line_1_63' title="bbox 587 3493 2240 3571; baseline 0.005 -23"><span class='ocrx_word' id='word_1_431' title='bbox 587 3493 911 3550; x_wconf 82' lang='lat' dir='ltr'>Conﬁrmat</span> <span class='ocrx_word' id='word_1_432' title='bbox 948 3498 1060 3551; x_wconf 94' lang='lat' dir='ltr'>hoc</span> <span class='ocrx_word' id='word_1_433' title='bbox 1092 3503 1146 3551; x_wconf 88' lang='lat' dir='ltr'>et</span> <span class='ocrx_word' id='word_1_434' title='bbox 1185 3498 1372 3553; x_wconf 89' lang='lat' dir='ltr'>Lucas</span> <span class='ocrx_word' id='word_1_435' title='bbox 1429 3499 1633 3554; x_wconf 90' lang='lat' dir='ltr'>dicens</span> <span class='ocrx_word' id='word_1_436' title='bbox 1681 3518 1693 3552; x_wconf 91' lang='lat'>:</span> <span class='ocrx_word' id='word_1_437' title='bbox 1725 3502 2240 3571; x_wconf 79' lang='lat' dir='ltr'>Appropinquavil</span> 
     </span>
    </p>
   </div>
   <div class='ocr_carea' id='block_1_64' title="bbox 587 3583 2234 3657">
    <p class='ocr_par' dir='ltr' id='par_1_64' title="bbox 587 3583 2234 3657">
     <span class='ocr_line' id='line_1_64' title="bbox 587 3583 2234 3657; baseline 0.005 -19"><span class='ocrx_word' id='word_1_438' title='bbox 587 3583 770 3653; x_wconf 81' lang='lat' dir='ltr'>festus</span> <span class='ocrx_word' id='word_1_439' title='bbox 817 3585 939 3639; x_wconf 80' lang='lat' dir='ltr'>dies</span> <span class='ocrx_word' id='word_1_440' title='bbox 989 3587 1353 3654; x_wconf 83' lang='lat' dir='ltr'>Azymm&#39;um,</span> <span class='ocrx_word' id='word_1_441' title='bbox 1408 3589 1511 3657; x_wconf 85' lang='lat' dir='ltr'>qui</span> <span class='ocrx_word' id='word_1_442' title='bbox 1566 3588 1870 3644; x_wconf 78' lang='lat' dir='ltr'>dicebatur</span> <span class='ocrx_word' id='word_1_443' title='bbox 1894 3591 2110 3646; x_wconf 85' lang='lat' dir='ltr'>Pascha</span> <span class='ocrx_word' id='word_1_444' title='bbox 2167 3595 2234 3646; x_wconf 72' lang='lat'>9°.</span> 
     </span>
    </p>
   </div>
   <div class='ocr_carea' id='block_1_65' title="bbox 585 3672 2238 3752">
    <p class='ocr_par' dir='ltr' id='par_1_65' title="bbox 585 3672 2238 3752">
     <span class='ocr_line' id='line_1_65' title="bbox 585 3672 2238 3752; baseline 0.008 -27"><span class='ocrx_word' id='word_1_445' title='bbox 585 3672 851 3726; x_wconf 89' lang='lat' dir='ltr'>Primum</span> <span class='ocrx_word' id='word_1_446' title='bbox 874 3678 1072 3728; x_wconf 90' lang='lat' dir='ltr'>autem</span> <span class='ocrx_word' id='word_1_447' title='bbox 1091 3677 1453 3746; x_wconf 82' lang='lat' dir='ltr'>Azymorum</span> <span class='ocrx_word' id='word_1_448' title='bbox 1467 3677 1672 3733; x_wconf 90' lang='lat' dir='ltr'>dicunt</span> <span class='ocrx_word' id='word_1_449' title='bbox 1693 3679 1852 3734; x_wconf 91' lang='lat' dir='ltr'>diem</span> <span class='ocrx_word' id='word_1_450' title='bbox 1875 3682 1978 3752; x_wconf 92' lang='lat' dir='ltr'>qui</span> <span class='ocrx_word' id='word_1_451' title='bbox 2008 3681 2238 3738; x_wconf 89' lang='lat' dir='ltr'>Pascha.</span> 
     </span>
    </p>
   </div>
   <div class='ocr_carea' id='block_1_66' title="bbox 584 3762 2238 3830">
    <p class='ocr_par' dir='ltr' id='par_1_66' title="bbox 584 3762 2238 3830">
     <span class='ocr_line' id='line_1_66' title="bbox 584 3762 2238 3830; baseline 0.008 -16"><span class='ocrx_word' id='word_1_452' title='bbox 584 3762 878 3830; x_wconf 84' lang='lat' dir='ltr'>praecedit,</span> <span class='ocrx_word' id='word_1_453' title='bbox 949 3764 1228 3820; x_wconf 88' lang='lat' dir='ltr'>decimun</span> <span class='ocrx_word' id='word_1_454' title='bbox 1295 3768 1531 3823; x_wconf 88' lang='lat' dir='ltr'>tertium</span> <span class='ocrx_word' id='word_1_455' title='bbox 1581 3769 1848 3825; x_wconf 86' lang='lat' dir='ltr'>videlicet</span> <span class='ocrx_word' id='word_1_456' title='bbox 1895 3772 2116 3826; x_wconf 91' lang='lat' dir='ltr'>mensis</span> <span class='ocrx_word' id='word_1_457' title='bbox 2182 3778 2238 3828; x_wconf 93' lang='lat' dir='ltr'>et</span> 
     </span>
    </p>
   </div>
   <div class='ocr_carea' id='block_1_67' title="bbox 581 3850 2236 3933">
    <p class='ocr_par' dir='ltr' id='par_1_67' title="bbox 581 3850 2236 3933">
     <span class='ocr_line' id='line_1_67' title="bbox 581 3850 2236 3933; baseline 0.007 -29"><span class='ocrx_word' id='word_1_458' title='bbox 581 3850 856 3921; x_wconf 87' lang='lat' dir='ltr'>quintum</span> <span class='ocrx_word' id='word_1_459' title='bbox 891 3855 1259 3925; x_wconf 64' lang='lat' dir='ltr'>septimanae,</span> <span class='ocrx_word' id='word_1_460' title='bbox 1302 3862 1582 3913; x_wconf 88' lang='lat' dir='ltr'>vocantes</span> <span class='ocrx_word' id='word_1_461' title='bbox 1611 3857 1770 3914; x_wconf 87' lang='lat' dir='ltr'>hunc</span> <span class='ocrx_word' id='word_1_462' title='bbox 1803 3861 2063 3930; x_wconf 91' lang='lat' dir='ltr'>primum</span> <span class='ocrx_word' id='word_1_463' title='bbox 2094 3866 2236 3933; x_wconf 80' lang='lat' dir='ltr'>Azy-</span> 
     </span>
    </p>
   </div>
   <div class='ocr_carea' id='block_1_68' title="bbox 580 3945 2231 4023">
    <p class='ocr_par' dir='ltr' id='par_1_68' title="bbox 580 3945 2231 4023">
     <span class='ocr_line' id='line_1_68' title="bbox 580 3945 2231 4023; baseline 0.007 -29"><span class='ocrx_word' id='word_1_464' title='bbox 580 3955 840 4007; x_wconf 86' lang='lat' dir='ltr'>morum,</span> <span class='ocrx_word' id='word_1_465' title='bbox 889 3946 1055 4013; x_wconf 88' lang='lat' dir='ltr'>quasi</span> <span class='ocrx_word' id='word_1_466' title='bbox 1102 3945 1534 4014; x_wconf 66' lang='lat' dir='ltr'>praecedentem</span> <span class='ocrx_word' id='word_1_467' title='bbox 1563 3948 1692 4018; x_wconf 87' lang='lat' dir='ltr'>ipsa</span> <span class='ocrx_word' id='word_1_468' title='bbox 1719 3949 1964 4005; x_wconf 69' lang='lat' dir='ltr'>Paschaa</span> <span class='ocrx_word' id='word_1_469' title='bbox 2004 3967 2231 4023; x_wconf 85' lang='lat' dir='ltr'>azyma.</span> 
     </span>
    </p>
   </div>
   <div class='ocr_carea' id='block_1_69' title="bbox 580 4027 2234 4100">
    <p class='ocr_par' dir='ltr' id='par_1_69' title="bbox 580 4027 2234 4100">
     <span class='ocr_line' id='line_1_69' title="bbox 580 4027 2234 4100; baseline 0.01 -19"><span class='ocrx_word' id='word_1_470' title='bbox 580 4027 646 4084; x_wconf 84' lang='lat' dir='ltr'>Et</span> <span class='ocrx_word' id='word_1_471' title='bbox 678 4031 856 4100; x_wconf 85' lang='lat' dir='ltr'>hujus</span> <span class='ocrx_word' id='word_1_472' title='bbox 889 4034 1181 4087; x_wconf 89' lang='lat' dir='ltr'>sermonis</span> <span class='ocrx_word' id='word_1_473' title='bbox 1247 4037 1594 4090; x_wconf 81' lang='lat' dir='ltr'>manifestus</span> <span class='ocrx_word' id='word_1_474' title='bbox 1641 4039 1802 4092; x_wconf 86' lang='lat' dir='ltr'>testis</span> <span class='ocrx_word' id='word_1_475' title='bbox 1843 4045 1932 4092; x_wconf 90' lang='lat' dir='ltr'>est</span> <span class='ocrx_word' id='word_1_476' title='bbox 1979 4043 2234 4097; x_wconf 86' lang='lat' dir='ltr'>Joannes</span> 
     </span>
    </p>
   </div>
   <div class='ocr_carea' id='block_1_70' title="bbox 578 4118 2233 4198">
    <p class='ocr_par' dir='ltr' id='par_1_70' title="bbox 578 4118 2233 4198">
     <span class='ocr_line' id='line_1_70' title="bbox 578 4118 2233 4198; baseline 0.011 -30"><span class='ocrx_word' id='word_1_477' title='bbox 578 4118 680 4186; x_wconf 91' lang='lat' dir='ltr'>qui</span> <span class='ocrx_word' id='word_1_478' title='bbox 704 4119 779 4170; x_wconf 87' lang='lat' dir='ltr'>ait</span> <span class='ocrx_word' id='word_1_479' title='bbox 802 4136 814 4172; x_wconf 91' lang='lat'><strong>:</strong></span> <span class='ocrx_word' id='word_1_480' title='bbox 837 4119 992 4174; x_wconf 80' lang='lat' dir='ltr'>Ante</span> <span class='ocrx_word' id='word_1_481' title='bbox 1012 4121 1159 4173; x_wconf 79' lang='lat' dir='ltr'>diem</span> <span class='ocrx_word' id='word_1_482' title='bbox 1181 4121 1402 4187; x_wconf 80' lang='lat' dir='ltr'>festum</span> <span class='ocrx_word' id='word_1_483' title='bbox 1424 4124 1667 4179; x_wconf 68' lang='lat' dir='ltr'>Pascha:</span> <span class='ocrx_word' id='word_1_484' title='bbox 1690 4126 1871 4180; x_wconf 80' lang='lat' dir='ltr'>sciens</span> <span class='ocrx_word' id='word_1_485' title='bbox 1892 4129 2051 4182; x_wconf 82' lang='lat' dir='ltr'>Iesus</span> <span class='ocrx_word' id='word_1_486' title='bbox 2073 4132 2233 4198; x_wconf 82' lang='lat' dir='ltr'>quod</span> 
     </span>
    </p>
   </div>
   <div class='ocr_carea' id='block_1_71' title="bbox 577 4203 2228 4286">
    <p class='ocr_par' dir='ltr' id='par_1_71' title="bbox 577 4203 2228 4286">
     <span class='ocr_line' id='line_1_71' title="bbox 577 4203 2228 4286; baseline 0.01 -30"><span class='ocrx_word' id='word_1_487' title='bbox 577 4203 800 4257; x_wconf 79' lang='lat' dir='ltr'>veniret</span> <span class='ocrx_word' id='word_1_488' title='bbox 855 4205 1004 4261; x_wconf 85' lang='lat' dir='ltr'>hora</span> <span class='ocrx_word' id='word_1_489' title='bbox 1055 4208 1182 4274; x_wconf 83' lang='lat' dir='ltr'>ejus</span> <span class='ocrx_word' id='word_1_490' title='bbox 1216 4209 1255 4270; x_wconf 78' lang='grc' dir='ltr'><em>ί,</em></span> <span class='ocrx_word' id='word_1_491' title='bbox 1289 4213 1396 4262; x_wconf 91' lang='lat' dir='ltr'>etc.</span> <span class='ocrx_word' id='word_1_492' title='bbox 1446 4213 1610 4265; x_wconf 87' lang='lat' dir='ltr'>Hunc</span> <span class='ocrx_word' id='word_1_493' title='bbox 1663 4228 1804 4281; x_wconf 83' lang='lat' dir='ltr'>ergo</span> <span class='ocrx_word' id='word_1_494' title='bbox 1835 4214 1991 4269; x_wconf 86' lang='lat' dir='ltr'>diem</span> <span class='ocrx_word' id='word_1_495' title='bbox 2047 4232 2228 4286; x_wconf 88' lang='lat' dir='ltr'>quem</span> 
     </span>
    </p>
   </div>
   <div class='ocr_carea' id='block_1_72' title="bbox 575 4289 2302 4372">
    <p class='ocr_par' dir='ltr' id='par_1_72' title="bbox 575 4289 2302 4372">
     <span class='ocr_line' id='line_1_72' title="bbox 575 4289 2302 4372; baseline 0.013 -31"><span class='ocrx_word' id='word_1_496' title='bbox 575 4289 880 4346; x_wconf 84' lang='lat' dir='ltr'>Matthaeus</span> <span class='ocrx_word' id='word_1_497' title='bbox 912 4297 966 4348; x_wconf 86' lang='lat' dir='ltr'>et</span> <span class='ocrx_word' id='word_1_498' title='bbox 1013 4297 1238 4350; x_wconf 84' lang='lat' dir='ltr'>Marcus</span> <span class='ocrx_word' id='word_1_499' title='bbox 1286 4297 1544 4368; x_wconf 90' lang='lat' dir='ltr'>primum</span> <span class='ocrx_word' id='word_1_500' title='bbox 1590 4301 1950 4372; x_wconf 83' lang='lat' dir='ltr'>Azymorum</span> <span class='ocrx_word' id='word_1_501' title='bbox 1981 4321 2225 4362; x_wconf 86' lang='lat' dir='ltr'>vocave-</span> <span class='ocrx_word' id='word_1_502' title='bbox 2261 4317 2302 4370; x_wconf 91' lang='lat' dir='ltr'><strong>D</strong></span> 
     </span>
    </p>
   </div>
   <div class='ocr_carea' id='block_1_73' title="bbox 574 4379 2228 4453">
    <p class='ocr_par' dir='ltr' id='par_1_73' title="bbox 574 4379 2228 4453">
     <span class='ocr_line' id='line_1_73' title="bbox 574 4379 2228 4453; baseline 0.013 -20"><span class='ocrx_word' id='word_1_503' title='bbox 574 4384 730 4443; x_wconf 90' lang='lat' dir='ltr'>runt,</span> <span class='ocrx_word' id='word_1_504' title='bbox 759 4379 853 4434; x_wconf 89' lang='lat' dir='ltr'>hic</span> <span class='ocrx_word' id='word_1_505' title='bbox 880 4380 1036 4437; x_wconf 91' lang='lat' dir='ltr'>diem</span> <span class='ocrx_word' id='word_1_506' title='bbox 1069 4388 1205 4438; x_wconf 91' lang='lat' dir='ltr'>ante</span> <span class='ocrx_word' id='word_1_507' title='bbox 1237 4385 1450 4442; x_wconf 90' lang='lat' dir='ltr'>festum</span> <span class='ocrx_word' id='word_1_508' title='bbox 1484 4389 1722 4447; x_wconf 69' lang='lat' dir='ltr'>Paschaa</span> <span class='ocrx_word' id='word_1_509' title='bbox 1754 4395 2228 4453; x_wconf 88' lang='lat' dir='ltr'>nominavit.Sed</span> 
     </span>
    </p>
   </div>
   <div class='ocr_carea' id='block_1_74' title="bbox 573 4467 1316 4541">
    <p class='ocr_par' dir='ltr' id='par_1_74' title="bbox 573 4467 1316 4541">
     <span class='ocr_line' id='line_1_74' title="bbox 573 4467 1316 4541; baseline 0.012 -20"><span class='ocrx_word' id='word_1_510' title='bbox 573 4467 704 4522; x_wconf 62' lang='lat' dir='ltr'>hinc</span> <span class='ocrx_word' id='word_1_511' title='bbox 730 4469 975 4541; x_wconf 90' lang='lat' dir='ltr'>quidem</span> <span class='ocrx_word' id='word_1_512' title='bbox 1005 4472 1316 4531; x_wconf 88' lang='lat' dir='ltr'>hactenus.</span> 
     </span>
    </p>
   </div>
   <div class='ocr_carea' id='block_1_75' title="bbox 649 4665 2222 4740">
    <p class='ocr_par' dir='ltr' id='par_1_75' title="bbox 649 4665 2222 4740">
     <span class='ocr_line' id='line_1_75' title="bbox 649 4665 2222 4740; baseline 0.012 -20"><span class='ocrx_word' id='word_1_513' title='bbox 649 4665 820 4729; x_wconf 86' lang='lat' dir='ltr'>Quod</span> <span class='ocrx_word' id='word_1_514' title='bbox 853 4673 1043 4723; x_wconf 89' lang='lat' dir='ltr'>autem</span> <span class='ocrx_word' id='word_1_515' title='bbox 1094 4670 1167 4725; x_wconf 92' lang='lat' dir='ltr'>de</span> <span class='ocrx_word' id='word_1_516' title='bbox 1197 4670 1311 4727; x_wconf 95' lang='lat' dir='ltr'>hoc</span> <span class='ocrx_word' id='word_1_517' title='bbox 1341 4672 1453 4734; x_wconf 90' lang='lat' dir='ltr'>die,</span> <span class='ocrx_word' id='word_1_518' title='bbox 1485 4674 1757 4731; x_wconf 86' lang='lat' dir='ltr'>videlicet</span> <span class='ocrx_word' id='word_1_519' title='bbox 1785 4677 2019 4734; x_wconf 90' lang='lat' dir='ltr'>decimo</span> <span class='ocrx_word' id='word_1_520' title='bbox 2054 4683 2222 4740; x_wconf 88' lang='lat' dir='ltr'>tertio</span> 
     </span>
    </p>
   </div>
   <div class='ocr_carea' id='block_1_76' title="bbox 573 4755 2224 4832">
    <p class='ocr_par' dir='ltr' id='par_1_76' title="bbox 573 4755 2224 4832">
     <span class='ocr_line' id='line_1_76' title="bbox 573 4755 2224 4832; baseline 0.012 -25"><span class='ocrx_word' id='word_1_521' title='bbox 573 4755 823 4825; x_wconf 90' lang='lat' dir='ltr'>mensis,</span> <span class='ocrx_word' id='word_1_522' title='bbox 851 4758 1060 4829; x_wconf 91' lang='lat' dir='ltr'>quinto</span> <span class='ocrx_word' id='word_1_523' title='bbox 1090 4765 1290 4816; x_wconf 91' lang='lat' dir='ltr'>autem</span> <span class='ocrx_word' id='word_1_524' title='bbox 1321 4761 1737 4830; x_wconf 58' lang='lat' dir='ltr'>hebdomadas,</span> <span class='ocrx_word' id='word_1_525' title='bbox 1771 4767 2001 4822; x_wconf 88' lang='lat' dir='ltr'>Marcus</span> <span class='ocrx_word' id='word_1_526' title='bbox 2032 4770 2224 4832; x_wconf 85' lang='lat' dir='ltr'>dixit:</span> 
     </span>
    </p>
   </div>
   <div class='ocr_carea' id='block_1_77' title="bbox 571 4842 2218 4929">
    <p class='ocr_par' dir='ltr' id='par_1_77' title="bbox 571 4842 2218 4929">
     <span class='ocr_line' id='line_1_77' title="bbox 571 4842 2218 4929; baseline 0.013 -34"><span class='ocrx_word' id='word_1_527' title='bbox 571 4842 648 4896; x_wconf 80' lang='lat' dir='ltr'>Et</span> <span class='ocrx_word' id='word_1_528' title='bbox 660 4845 848 4911; x_wconf 79' lang='lat' dir='ltr'>primo</span> <span class='ocrx_word' id='word_1_529' title='bbox 865 4847 961 4902; x_wconf 83' lang='lat' dir='ltr'>die</span> <span class='ocrx_word' id='word_1_530' title='bbox 972 4863 1303 4918; x_wconf 84' lang='lat' dir='ltr'>azymorum</span> <span class='ocrx_word' id='word_1_531' title='bbox 1319 4852 1553 4922; x_wconf 81' lang='lat' dir='ltr'>quando</span> <span class='ocrx_word' id='word_1_532' title='bbox 1563 4855 1778 4922; x_wconf 80' lang='lat' dir='ltr'>pascha</span> <span class='ocrx_word' id='word_1_533' title='bbox 1791 4856 2218 4929; x_wconf 73' lang='lat' dir='ltr'>immolabant&#39;;</span> 
     </span>
    </p>
   </div>
   <div class='ocr_carea' id='block_1_78' title="bbox 572 4929 2221 5021">
    <p class='ocr_par' dir='ltr' id='par_1_78' title="bbox 572 4929 2221 5021">
     <span class='ocr_line' id='line_1_78' title="bbox 572 4929 2221 5021; baseline 0.015 -37"><span class='ocrx_word' id='word_1_534' title='bbox 572 4929 761 4987; x_wconf 87' lang='lat' dir='ltr'>Lucas</span> <span class='ocrx_word' id='word_1_535' title='bbox 789 4949 930 4991; x_wconf 88' lang='lat' dir='ltr'>vero</span> <span class='ocrx_word' id='word_1_536' title='bbox 973 4952 986 4989; x_wconf 90' lang='lat'><strong>:</strong></span> <span class='ocrx_word' id='word_1_537' title='bbox 1024 4936 1191 4993; x_wconf 84' lang='lat' dir='ltr'>Venit</span> <span class='ocrx_word' id='word_1_538' title='bbox 1229 4940 1406 4997; x_wconf 80' lang='lat' dir='ltr'>etiam</span> <span class='ocrx_word' id='word_1_539' title='bbox 1437 4941 1561 4998; x_wconf 84' lang='lat' dir='ltr'>dies</span> <span class='ocrx_word' id='word_1_540' title='bbox 1590 4943 1976 5013; x_wconf 83' lang='lat' dir='ltr'>Azymorum,</span> <span class='ocrx_word' id='word_1_541' title='bbox 2015 4948 2080 5005; x_wconf 86' lang='lat' dir='ltr'>in</span> <span class='ocrx_word' id='word_1_542' title='bbox 2110 4967 2221 5021; x_wconf 86' lang='lat' dir='ltr'>quo</span> 
     </span>
    </p>
   </div>
   <div class='ocr_carea' id='block_1_79' title="bbox 569 5025 2220 5109">
    <p class='ocr_par' dir='ltr' id='par_1_79' title="bbox 569 5025 2220 5109">
     <span class='ocr_line' id='line_1_79' title="bbox 569 5025 2220 5109; baseline 0.016 -36"><span class='ocrx_word' id='word_1_543' title='bbox 569 5033 799 5109; x_wconf 73' lang='lat' dir='ltr'>necesse</span> <span class='ocrx_word' id='word_1_544' title='bbox 827 5030 957 5080; x_wconf 80' lang='lat' dir='ltr'>erat</span> <span class='ocrx_word' id='word_1_545' title='bbox 984 5025 1284 5083; x_wconf 80' lang='lat' dir='ltr'>immolari</span> <span class='ocrx_word' id='word_1_546' title='bbox 1302 5030 1525 5097; x_wconf 85' lang='lat' dir='ltr'>pascha</span> <span class='ocrx_word' id='word_1_547' title='bbox 1556 5035 1596 5084; x_wconf 76' lang='grc'><em>³.</em></span> <span class='ocrx_word' id='word_1_548' title='bbox 1625 5032 1775 5088; x_wconf 89' lang='lat' dir='ltr'>Illud</span> <span class='ocrx_word' id='word_1_549' title='bbox 1805 5051 1818 5090; x_wconf 90' lang='lat'><strong>:</strong></span> <span class='ocrx_word' id='word_1_550' title='bbox 1850 5035 2092 5103; x_wconf 83' lang='lat' dir='ltr'>Quando</span> <span class='ocrx_word' id='word_1_551' title='bbox 2115 5055 2220 5109; x_wconf 83' lang='lat' dir='ltr'>pa-</span> 
     </span>
    </p>
   </div>
   <div class='ocr_carea' id='block_1_80' title="bbox 565 5108 2216 5192">
    <p class='ocr_par' dir='ltr' id='par_1_80' title="bbox 565 5108 2216 5192">
     <span class='ocr_line' id='line_1_80' title="bbox 565 5108 2216 5192; baseline 0.015 -30"><span class='ocrx_word' id='word_1_552' title='bbox 565 5108 712 5164; x_wconf 74' lang='lat' dir='ltr'>scha</span> <span class='ocrx_word' id='word_1_553' title='bbox 726 5109 1143 5181; x_wconf 83' lang='lat' dir='ltr'>immolabant;</span> <span class='ocrx_word' id='word_1_554' title='bbox 1165 5122 1218 5172; x_wconf 90' lang='lat' dir='ltr'>et</span> <span class='ocrx_word' id='word_1_555' title='bbox 1236 5117 1348 5173; x_wconf 93' lang='lat' dir='ltr'>hoc</span> <span class='ocrx_word' id='word_1_556' title='bbox 1367 5136 1378 5173; x_wconf 95' lang='lat'>:</span> <span class='ocrx_word' id='word_1_557' title='bbox 1400 5120 1468 5174; x_wconf 88' lang='lat' dir='ltr'>In</span> <span class='ocrx_word' id='word_1_558' title='bbox 1491 5136 1600 5192; x_wconf 87' lang='lat' dir='ltr'>quo</span> <span class='ocrx_word' id='word_1_559' title='bbox 1619 5137 1842 5180; x_wconf 80' lang='lat' dir='ltr'>necesse</span> <span class='ocrx_word' id='word_1_560' title='bbox 1865 5132 1996 5182; x_wconf 79' lang='lat' dir='ltr'>erat</span> <span class='ocrx_word' id='word_1_561' title='bbox 2013 5108 2216 5186; x_wconf 68' lang='grc' dir='ltr'><em>ἰηιήιο-</em></span> 
     </span>
    </p>
   </div>
   <div class='ocr_carea' id='block_1_81' title="bbox 566 5195 2212 5287">
    <p class='ocr_par' dir='ltr' id='par_1_81' title="bbox 566 5195 2212 5287">
     <span class='ocr_line' id='line_1_81' title="bbox 566 5195 2212 5287; baseline 0.016 -37"><span class='ocrx_word' id='word_1_562' title='bbox 566 5195 688 5252; x_wconf 83' lang='lat' dir='ltr'>lari</span> <span class='ocrx_word' id='word_1_563' title='bbox 692 5199 922 5266; x_wconf 82' lang='lat' dir='ltr'>pascha,</span> <span class='ocrx_word' id='word_1_564' title='bbox 939 5216 1013 5256; x_wconf 92' lang='lat' dir='ltr'>ne</span> <span class='ocrx_word' id='word_1_565' title='bbox 1024 5203 1100 5258; x_wconf 89' lang='lat' dir='ltr'>ad</span> <span class='ocrx_word' id='word_1_566' title='bbox 1114 5205 1356 5276; x_wconf 88' lang='lat' dir='ltr'>primum</span> <span class='ocrx_word' id='word_1_567' title='bbox 1370 5212 1706 5280; x_wconf 84' lang='lat' dir='ltr'>Azymorum</span> <span class='ocrx_word' id='word_1_568' title='bbox 1724 5214 1856 5285; x_wconf 91' lang='lat' dir='ltr'>conj</span> <span class='ocrx_word' id='word_1_569' title='bbox 1866 5231 1943 5271; x_wconf 91' lang='lat' dir='ltr'>un</span> <span class='ocrx_word' id='word_1_570' title='bbox 1951 5219 2134 5287; x_wconf 86' lang='lat' dir='ltr'>gas.N</span> <span class='ocrx_word' id='word_1_571' title='bbox 2137 5234 2212 5276; x_wconf 92' lang='lat' dir='ltr'>on</span> 
     </span>
    </p>
   </div>
   <div class='ocr_carea' id='block_1_82' title="bbox 634 5321 2180 5399">
    <p class='ocr_par' dir='ltr' id='par_1_82' title="bbox 634 5321 2180 5399">
     <span class='ocr_line' id='line_1_82' title="bbox 634 5321 2180 5399; baseline 0.014 -23"><span class='ocrx_word' id='word_1_572' title='bbox 634 5321 682 5355; x_wconf 81' lang='grc'>⁹⁶</span> <span class='ocrx_word' id='word_1_573' title='bbox 742 5325 912 5379; x_wconf 86' lang='lat' dir='ltr'>Marc.</span> <span class='ocrx_word' id='word_1_574' title='bbox 972 5342 1088 5390; x_wconf 82' lang='lat' dir='ltr'>xw,</span> <span class='ocrx_word' id='word_1_575' title='bbox 1131 5331 1208 5383; x_wconf 87' lang='lat' dir='ltr'>ll.</span> <span class='ocrx_word' id='word_1_576' title='bbox 1289 5332 1332 5365; x_wconf 81' lang='grc'>⁸⁷</span> <span class='ocrx_word' id='word_1_577' title='bbox 1394 5332 1706 5399; x_wconf 86' lang='lat' dir='ltr'>Luc.xxu,</span> <span class='ocrx_word' id='word_1_578' title='bbox 1739 5343 1788 5393; x_wconf 85' lang='lat'>5.</span> <span class='ocrx_word' id='word_1_579' title='bbox 1867 5340 1914 5374; x_wconf 76' lang='grc'>⁸³</span> <span class='ocrx_word' id='word_1_580' title='bbox 1959 5339 2098 5396; x_wconf 80' lang='lat' dir='ltr'>ibid.</span> <span class='ocrx_word' id='word_1_581' title='bbox 2129 5346 2180 5399; x_wconf 84' lang='lat'><strong>6.</strong></span> 
     </span>
    </p>
   </div>
   <div class='ocr_carea' id='block_1_83' title="bbox 633 5410 1071 5480">
    <p class='ocr_par' dir='ltr' id='par_1_83' title="bbox 633 5410 1071 5480">
     <span class='ocr_line' id='line_1_83' title="bbox 633 5410 1071 5480; baseline 0.014 -16"><span class='ocrx_word' id='word_1_582' title='bbox 633 5412 652 5442; x_wconf 87' lang='grc'>³</span> <span class='ocrx_word' id='word_1_583' title='bbox 687 5410 822 5465; x_wconf 88' lang='lat' dir='ltr'>Luc.</span> <span class='ocrx_word' id='word_1_584' title='bbox 849 5428 991 5480; x_wconf 89' lang='lat' dir='ltr'>xxu,</span> <span class='ocrx_word' id='word_1_585' title='bbox 1019 5420 1071 5470; x_wconf 93' lang='lat'>7.</span> 
     </span>
    </p>
   </div>
   <div class='ocr_carea' id='block_1_84' title="bbox 1289 5332 1788 5401">
    <p class='ocr_par' dir='ltr' id='par_1_84' title="bbox 1289 5332 1788 5401">
     <span class='ocr_line' id='line_1_84' title="bbox 1289 5332 1788 5401; baseline 0.018 -17"><span class='ocrx_word' id='word_1_586' title='bbox 1289 5332 1332 5365; x_wconf 81' lang='grc'>⁸⁷</span> <span class='ocrx_word' id='word_1_587' title='bbox 1394 5332 1534 5388; x_wconf 89' lang='lat' dir='ltr'>Luc.</span> <span class='ocrx_word' id='word_1_588' title='bbox 1563 5350 1706 5401; x_wconf 73' lang='grc' dir='ltr'><em>χχιι,</em></span> <span class='ocrx_word' id='word_1_589' title='bbox 1739 5343 1788 5393; x_wconf 84' lang='grc'><em>5.</em></span> 
     </span>
    </p>
   </div>
   <div class='ocr_carea' id='block_1_85' title="bbox 2258 5347 2738 5414">
    <p class='ocr_par' dir='ltr' id='par_1_85' title="bbox 2258 5347 2738 5414">
     <span class='ocr_line' id='line_1_85' title="bbox 2258 5347 2738 5414; baseline 0.002 -13"><span class='ocrx_word' id='word_1_590' title='bbox 2258 5347 2306 5381; x_wconf 75' lang='lat'>&#39;9</span> <span class='ocrx_word' id='word_1_591' title='bbox 2339 5347 2476 5402; x_wconf 91' lang='lat' dir='ltr'>Luc.</span> <span class='ocrx_word' id='word_1_592' title='bbox 2508 5362 2654 5414; x_wconf 76' lang='lat' dir='ltr'>xxii,</span> <span class='ocrx_word' id='word_1_593' title='bbox 2690 5351 2738 5403; x_wconf 92' lang='grc'><em>1.</em></span> 
     </span>
    </p>
   </div>
   <div class='ocr_carea' id='block_1_86' title="bbox 2530 2960 3790 3036">
    <p class='ocr_par' dir='ltr' id='par_1_86' title="bbox 2530 2960 3790 3036">
     <span class='ocr_line' id='line_1_86' title="bbox 2530 2960 3790 3036; baseline -0.004 -22"><span class='ocrx_word' id='word_1_594' title='bbox 2530 2968 2687 3016; x_wconf 75' lang='grc' dir='ltr'>ΚΜΦ.</span> <span class='ocrx_word' id='word_1_595' title='bbox 2720 2961 2835 3014; x_wconf 88' lang='grc' dir='ltr'>ΞΓ’.</span> <span class='ocrx_word' id='word_1_596' title='bbox 2871 2966 2996 3036; x_wconf 84' lang='grc' dir='ltr'><em>Περὶ</em></span> <span class='ocrx_word' id='word_1_597' title='bbox 3017 2968 3108 3022; x_wconf 81' lang='grc' dir='ltr'>τῆς</span> <span class='ocrx_word' id='word_1_598' title='bbox 3137 2960 3446 3034; x_wconf 86' lang='grc' dir='ltr'><em>ἐτοιμασίας</em></span> <span class='ocrx_word' id='word_1_599' title='bbox 3466 2969 3554 3013; x_wconf 66' lang='grc' dir='ltr'><em>τοῦ</em></span> <span class='ocrx_word' id='word_1_600' title='bbox 3582 2960 3790 3031; x_wconf 79' lang='grc' dir='ltr'><em>Πάσχα.</em></span> 
     </span>
    </p>
   </div>
   <div class='ocr_carea' id='block_1_87' title="bbox 2428 3181 3960 3257">
    <p class='ocr_par' dir='ltr' id='par_1_87' title="bbox 2428 3181 3960 3257">
     <span class='ocr_line' id='line_1_87' title="bbox 2428 3181 3960 3257; baseline -0.003 -19"><span class='ocrx_word' id='word_1_601' title='bbox 2428 3187 2501 3256; x_wconf 74' lang='grc' dir='ltr'>Τῇ</span> <span class='ocrx_word' id='word_1_602' title='bbox 2537 3181 2596 3236; x_wconf 66' lang='grc' dir='ltr'>δὲ</span> <span class='ocrx_word' id='word_1_603' title='bbox 2624 3188 2801 3257; x_wconf 77' lang='grc' dir='ltr'><em>πρώτῃ</em></span> <span class='ocrx_word' id='word_1_604' title='bbox 2853 3214 2922 3224; x_wconf 91' lang='grc'><strong>-</strong></span> <span class='ocrx_word' id='word_1_605' title='bbox 2961 3185 3178 3256; x_wconf 86' lang='grc' dir='ltr'><em>Πάσχα.</em></span> <span class='ocrx_word' id='word_1_606' title='bbox 3226 3182 3443 3257; x_wconf 69' lang='grc' dir='ltr'><em>’Ἃζυμα</em></span> <span class='ocrx_word' id='word_1_607' title='bbox 3490 3187 3580 3256; x_wconf 74' lang='grc' dir='ltr'><em>μὶν</em></span> <span class='ocrx_word' id='word_1_608' title='bbox 3634 3182 3853 3235; x_wconf 74' lang='grc' dir='ltr'><em>ἐνταῦθα</em></span> <span class='ocrx_word' id='word_1_609' title='bbox 3899 3185 3960 3235; x_wconf 87' lang='grc' dir='ltr'><em>τὸ</em></span> 
     </span>
    </p>
   </div>
   <div class='ocr_carea' id='block_1_88' title="bbox 2357 3272 3960 3345">
    <p class='ocr_par' dir='ltr' id='par_1_88' title="bbox 2357 3272 3960 3345">
     <span class='ocr_line' id='line_1_88' title="bbox 2357 3272 3960 3345; baseline 0.001 -22"><span class='ocrx_word' id='word_1_610' title='bbox 2357 3273 2559 3343; x_wconf 83' lang='grc' dir='ltr'>Πάσχα</span> <span class='ocrx_word' id='word_1_611' title='bbox 2633 3272 2883 3325; x_wconf 84' lang='grc' dir='ltr'><em>καλοῦσιν</em></span> <span class='ocrx_word' id='word_1_612' title='bbox 2966 3275 3016 3325; x_wconf 86' lang='grc' dir='ltr'><em>οἰ</em></span> <span class='ocrx_word' id='word_1_613' title='bbox 3077 3273 3458 3345; x_wconf 79' lang='grc' dir='ltr'><em>ιύαγγελισταὶ,</em></span> <span class='ocrx_word' id='word_1_614' title='bbox 3523 3275 3790 3332; x_wconf 84' lang='grc' dir='ltr'><em>Ματθαίος</em></span> <span class='ocrx_word' id='word_1_615' title='bbox 3865 3278 3960 3325; x_wconf 84' lang='grc' dir='ltr'><em>καὶ</em></span> 
     </span>
    </p>
   </div>
   <div class='ocr_carea' id='block_1_89' title="bbox 2354 3359 3961 3434">
    <p class='ocr_par' dir='ltr' id='par_1_89' title="bbox 2354 3359 3961 3434">
     <span class='ocr_line' id='line_1_89' title="bbox 2354 3359 3961 3434; baseline -0.001 -21"><span class='ocrx_word' id='word_1_616' title='bbox 2354 3362 2588 3432; x_wconf 89' lang='grc' dir='ltr'><em>Μάρκος,</em></span> <span class='ocrx_word' id='word_1_617' title='bbox 2625 3359 2767 3413; x_wconf 78' lang='grc' dir='ltr'><em>διότι</em></span> <span class='ocrx_word' id='word_1_618' title='bbox 2797 3364 2932 3414; x_wconf 84' lang='grc' dir='ltr'><em>κατὰ</em></span> <span class='ocrx_word' id='word_1_619' title='bbox 2959 3366 3016 3414; x_wconf 88' lang='grc' dir='ltr'><em>τὸ</em></span> <span class='ocrx_word' id='word_1_620' title='bbox 3060 3364 3261 3433; x_wconf 90' lang='grc' dir='ltr'><em>Πάσχα</em></span> <span class='ocrx_word' id='word_1_621' title='bbox 3288 3369 3396 3422; x_wconf 85' lang='grc' dir='ltr'><em>τοῖς</em></span> <span class='ocrx_word' id='word_1_622' title='bbox 3427 3369 3519 3415; x_wconf 86' lang='grc' dir='ltr'><em>τοῦ</em></span> <span class='ocrx_word' id='word_1_623' title='bbox 3561 3361 3725 3434; x_wconf 78' lang='grc' dir='ltr'><em>ἀμνοῦ</em></span> <span class='ocrx_word' id='word_1_624' title='bbox 3771 3365 3961 3434; x_wconf 79' lang='grc' dir='ltr'><em>κρέασι</em></span> 
     </span>
    </p>
   </div>
   <div class='ocr_carea' id='block_1_90' title="bbox 2351 3449 3958 3522">
    <p class='ocr_par' dir='ltr' id='par_1_90' title="bbox 2351 3449 3958 3522">
     <span class='ocr_line' id='line_1_90' title="bbox 2351 3449 3958 3522; baseline 0 -22"><span class='ocrx_word' id='word_1_625' title='bbox 2351 3454 2440 3501; x_wconf 83' lang='grc' dir='ltr'><em>καὶ</em></span> <span class='ocrx_word' id='word_1_626' title='bbox 2470 3451 2651 3522; x_wconf 77' lang='grc' dir='ltr'><em>ἄζυμα</em></span> <span class='ocrx_word' id='word_1_627' title='bbox 2683 3453 3046 3514; x_wconf 67' lang='grc' dir='ltr'><em>ωνησθίοντο,</em></span> <span class='ocrx_word' id='word_1_628' title='bbox 3092 3455 3182 3502; x_wconf 78' lang='grc' dir='ltr'><em>καὶ</em></span> <span class='ocrx_word' id='word_1_629' title='bbox 3224 3449 3325 3503; x_wconf 79' lang='grc' dir='ltr'>ἀπὸ</span> <span class='ocrx_word' id='word_1_630' title='bbox 3371 3454 3566 3504; x_wconf 84' lang='grc' dir='ltr'><em>τούτων</em></span> <span class='ocrx_word' id='word_1_631' title='bbox 3596 3460 3697 3502; x_wconf 87' lang='grc' dir='ltr'><em>τῶν</em></span> <span class='ocrx_word' id='word_1_632' title='bbox 3744 3451 3958 3521; x_wconf 77' lang='grc' dir='ltr'><em>ἀζύμων</em></span> 
     </span>
    </p>
   </div>
   <div class='ocr_carea' id='block_1_91' title="bbox 2350 3537 3958 3612">
    <p class='ocr_par' dir='ltr' id='par_1_91' title="bbox 2350 3537 3958 3612">
     <span class='ocr_line' id='line_1_91' title="bbox 2350 3537 3958 3612; baseline 0.001 -22"><span class='ocrx_word' id='word_1_633' title='bbox 2350 3537 2564 3597; x_wconf 78' lang='grc' dir='ltr'><em>Ἀζυμα</em></span> <span class='ocrx_word' id='word_1_634' title='bbox 2593 3544 2682 3590; x_wconf 85' lang='grc' dir='ltr'><em>καὶ</em></span> <span class='ocrx_word' id='word_1_635' title='bbox 2721 3545 2780 3590; x_wconf 87' lang='grc' dir='ltr'><em>τὸ</em></span> <span class='ocrx_word' id='word_1_636' title='bbox 2837 3542 3036 3611; x_wconf 81' lang='grc' dir='ltr'><em>Πάσχα</em></span> <span class='ocrx_word' id='word_1_637' title='bbox 3103 3541 3520 3612; x_wconf 82' lang='grc' dir='ltr'><em>κατώνομάζετο.</em></span> <span class='ocrx_word' id='word_1_638' title='bbox 3585 3545 3685 3593; x_wconf 82' lang='grc' dir='ltr'>Καὶ</span> <span class='ocrx_word' id='word_1_639' title='bbox 3750 3538 3958 3610; x_wconf 73' lang='grc' dir='ltr'>βεϐαιοί</span> 
     </span>
    </p>
   </div>
   <div class='ocr_carea' id='block_1_92' title="bbox 2349 3625 3957 3702">
    <p class='ocr_par' dir='ltr' id='par_1_92' title="bbox 2349 3625 3957 3702">
     <span class='ocr_line' id='line_1_92' title="bbox 2349 3625 3957 3702; baseline 0.002 -25"><span class='ocrx_word' id='word_1_640' title='bbox 2349 3634 2497 3678; x_wconf 79' lang='grc' dir='ltr'><em>τοῦτο</em></span> <span class='ocrx_word' id='word_1_641' title='bbox 2528 3633 2730 3688; x_wconf 81' lang='grc' dir='ltr'><em>Λουκᾶς</em></span> <span class='ocrx_word' id='word_1_642' title='bbox 2761 3629 2911 3680; x_wconf 84' lang='grc' dir='ltr'><em>εἰπών</em></span> <span class='ocrx_word' id='word_1_643' title='bbox 2937 3646 2948 3658; x_wconf 86' lang='lat'><strong><em>°</em></strong></span> <span class='ocrx_word' id='word_1_644' title='bbox 2979 3627 3200 3699; x_wconf 79' lang='grc' dir='ltr'><em>’Ἡγγιζε</em></span> <span class='ocrx_word' id='word_1_645' title='bbox 3230 3625 3289 3680; x_wconf 75' lang='grc' dir='ltr'>δὲ</span> <span class='ocrx_word' id='word_1_646' title='bbox 3309 3631 3338 3686; x_wconf 80' lang='grc' dir='ltr'>ἡ</span> <span class='ocrx_word' id='word_1_647' title='bbox 3373 3629 3520 3702; x_wconf 81' lang='grc' dir='ltr'><em>ἑορτὴ</em></span> <span class='ocrx_word' id='word_1_648' title='bbox 3549 3638 3648 3680; x_wconf 81' lang='grc' dir='ltr'><em>τῶν</em></span> <span class='ocrx_word' id='word_1_649' title='bbox 3687 3628 3957 3701; x_wconf 79' lang='grc' dir='ltr'><em>’Λζύμων,</em></span> 
     </span>
    </p>
   </div>
   <div class='ocr_carea' id='block_1_93' title="bbox 2347 3714 3952 3791">
    <p class='ocr_par' dir='ltr' id='par_1_93' title="bbox 2347 3714 3952 3791">
     <span class='ocr_line' id='line_1_93' title="bbox 2347 3714 3952 3791; baseline 0.002 -25"><span class='ocrx_word' id='word_1_650' title='bbox 2347 3716 2378 3772; x_wconf 79' lang='grc' dir='ltr'>ἡ</span> <span class='ocrx_word' id='word_1_651' title='bbox 2435 3714 2680 3787; x_wconf 78' lang='grc' dir='ltr'><em>λεγομένη</em></span> <span class='ocrx_word' id='word_1_652' title='bbox 2718 3719 2934 3788; x_wconf 89' lang='grc' dir='ltr'><em>Πάσχα.</em></span> <span class='ocrx_word' id='word_1_653' title='bbox 2969 3723 3190 3791; x_wconf 83' lang='grc' dir='ltr'><em>Πρώτην</em></span> <span class='ocrx_word' id='word_1_654' title='bbox 3231 3714 3291 3769; x_wconf 63' lang='grc' dir='ltr'>δὲ</span> <span class='ocrx_word' id='word_1_655' title='bbox 3319 3726 3420 3769; x_wconf 84' lang='grc' dir='ltr'>τῶν</span> <span class='ocrx_word' id='word_1_656' title='bbox 3453 3718 3693 3790; x_wconf 79' lang='grc' dir='ltr'><em>Ἀζύμων</em></span> <span class='ocrx_word' id='word_1_657' title='bbox 3727 3722 3822 3775; x_wconf 77' lang='grc' dir='ltr'>τὴν</span> <span class='ocrx_word' id='word_1_658' title='bbox 3851 3721 3952 3789; x_wconf 81' lang='grc' dir='ltr'><em>πρὸ</em></span> 
     </span>
    </p>
   </div>
   <div class='ocr_carea' id='block_1_94' title="bbox 2345 3803 3955 3879">
    <p class='ocr_par' dir='ltr' id='par_1_94' title="bbox 2345 3803 3955 3879">
     <span class='ocr_line' id='line_1_94' title="bbox 2345 3803 3955 3879; baseline 0.002 -25"><span class='ocrx_word' id='word_1_659' title='bbox 2345 3811 2436 3854; x_wconf 85' lang='grc' dir='ltr'>τοῦ</span> <span class='ocrx_word' id='word_1_660' title='bbox 2469 3806 2670 3876; x_wconf 87' lang='grc' dir='ltr'><em>Πάσχα</em></span> <span class='ocrx_word' id='word_1_661' title='bbox 2701 3810 2858 3876; x_wconf 77' lang='grc' dir='ltr'><em>φασίν</em></span> <span class='ocrx_word' id='word_1_662' title='bbox 2893 3807 3107 3879; x_wconf 79' lang='grc' dir='ltr'><em>ἡμέραν,</em></span> <span class='ocrx_word' id='word_1_663' title='bbox 3135 3811 3229 3864; x_wconf 82' lang='grc' dir='ltr'>τήν</span> <span class='ocrx_word' id='word_1_664' title='bbox 3254 3803 3698 3879; x_wconf 79' lang='grc' dir='ltr'><em>τρισκαιδεκάτην</em></span> <span class='ocrx_word' id='word_1_665' title='bbox 3730 3809 3822 3878; x_wconf 70' lang='grc' dir='ltr'><em>μὲν</em></span> <span class='ocrx_word' id='word_1_666' title='bbox 3863 3814 3955 3858; x_wconf 82' lang='grc' dir='ltr'><em>τοῦ</em></span> 
     </span>
    </p>
   </div>
   <div class='ocr_carea' id='block_1_95' title="bbox 2344 3891 3950 3967">
    <p class='ocr_par' dir='ltr' id='par_1_95' title="bbox 2344 3891 3950 3967">
     <span class='ocr_line' id='line_1_95' title="bbox 2344 3891 3950 3967; baseline 0.002 -25"><span class='ocrx_word' id='word_1_667' title='bbox 2344 3897 2526 3964; x_wconf 86' lang='grc' dir='ltr'><em>μηνός,</em></span> <span class='ocrx_word' id='word_1_668' title='bbox 2573 3898 2810 3965; x_wconf 82' lang='grc' dir='ltr'>πέμπτην</span> <span class='ocrx_word' id='word_1_669' title='bbox 2864 3891 2922 3946; x_wconf 69' lang='grc' dir='ltr'>δὲ</span> <span class='ocrx_word' id='word_1_670' title='bbox 2969 3903 3060 3955; x_wconf 81' lang='grc' dir='ltr'>τῆς</span> <span class='ocrx_word' id='word_1_671' title='bbox 3115 3892 3444 3967; x_wconf 76' lang='grc' dir='ltr'><em>ἑϐδομάδοςο</em></span> <span class='ocrx_word' id='word_1_672' title='bbox 3503 3901 3712 3967; x_wconf 84' lang='grc' dir='ltr'><em>πρώτην</em></span> <span class='ocrx_word' id='word_1_673' title='bbox 3751 3899 3950 3952; x_wconf 79' lang='grc' dir='ltr'><em>ταύτην</em></span> 
     </span>
    </p>
   </div>
   <div class='ocr_carea' id='block_1_96' title="bbox 2342 3983 3948 4057">
    <p class='ocr_par' dir='ltr' id='par_1_96' title="bbox 2342 3983 3948 4057">
     <span class='ocr_line' id='line_1_96' title="bbox 2342 3983 3948 4057; baseline 0.003 -26"><span class='ocrx_word' id='word_1_674' title='bbox 2342 3990 2442 4032; x_wconf 85' lang='grc' dir='ltr'>τῶν</span> <span class='ocrx_word' id='word_1_675' title='bbox 2499 3983 2736 4054; x_wconf 80' lang='grc' dir='ltr'><em>Ἀζύμων</em></span> <span class='ocrx_word' id='word_1_676' title='bbox 2817 3983 3138 4048; x_wconf 78' lang='grc' dir='ltr'><em>καλέσαντες,</em></span> <span class='ocrx_word' id='word_1_677' title='bbox 3220 3987 3283 4043; x_wconf 79' lang='grc' dir='ltr'>ὡς</span> <span class='ocrx_word' id='word_1_678' title='bbox 3340 3984 3812 4057; x_wconf 78' lang='grc' dir='ltr'><em>τρολαμϐάνουσαν</em></span> <span class='ocrx_word' id='word_1_679' title='bbox 3883 3988 3948 4036; x_wconf 78' lang='grc' dir='ltr'><em>τὰ</em></span> 
     </span>
    </p>
   </div>
   <div class='ocr_carea' id='block_1_97' title="bbox 2342 4071 3946 4146">
    <p class='ocr_par' dir='ltr' id='par_1_97' title="bbox 2342 4071 3946 4146">
     <span class='ocr_line' id='line_1_97' title="bbox 2342 4071 3946 4146; baseline 0.004 -26"><span class='ocrx_word' id='word_1_680' title='bbox 2342 4071 2522 4141; x_wconf 77' lang='grc' dir='ltr'><em>ἄζυμα</em></span> <span class='ocrx_word' id='word_1_681' title='bbox 2576 4079 2666 4121; x_wconf 82' lang='grc' dir='ltr'><em>τοῦ</em></span> <span class='ocrx_word' id='word_1_682' title='bbox 2735 4074 2950 4142; x_wconf 90' lang='grc' dir='ltr'><em>Πάσχα.</em></span> <span class='ocrx_word' id='word_1_683' title='bbox 3010 4077 3109 4124; x_wconf 78' lang='grc' dir='ltr'>Καὶ</span> <span class='ocrx_word' id='word_1_684' title='bbox 3160 4076 3362 4145; x_wconf 68' lang='grc' dir='ltr'><em>μάρτυς</em></span> <span class='ocrx_word' id='word_1_685' title='bbox 3417 4081 3508 4124; x_wconf 83' lang='grc' dir='ltr'>τοῦ</span> <span class='ocrx_word' id='word_1_686' title='bbox 3559 4073 3712 4144; x_wconf 85' lang='grc' dir='ltr'><em>λόγου</em></span> <span class='ocrx_word' id='word_1_687' title='bbox 3775 4079 3946 4146; x_wconf 71' lang='grc' dir='ltr'><em>σαφὴς</em></span> 
     </span>
    </p>
   </div>
   <div class='ocr_carea' id='block_1_98' title="bbox 2342 4157 3944 4235">
    <p class='ocr_par' dir='ltr' id='par_1_98' title="bbox 2342 4157 3944 4235">
     <span class='ocr_line' id='line_1_98' title="bbox 2342 4157 3944 4235; baseline 0.003 -25"><span class='ocrx_word' id='word_1_688' title='bbox 2342 4157 2578 4218; x_wconf 84' lang='grc' dir='ltr'><em>Ἰωάννης</em></span> <span class='ocrx_word' id='word_1_689' title='bbox 2606 4160 2756 4211; x_wconf 81' lang='grc' dir='ltr'><em>εἰπών</em></span> <span class='ocrx_word' id='word_1_690' title='bbox 2786 4178 2797 4189; x_wconf 92' lang='grc'><strong>·</strong></span> <span class='ocrx_word' id='word_1_691' title='bbox 2845 4165 2949 4235; x_wconf 86' lang='grc' dir='ltr'><em>Πρὸ</em></span> <span class='ocrx_word' id='word_1_692' title='bbox 2992 4159 3050 4213; x_wconf 76' lang='lat' dir='ltr'>6‘s</span> <span class='ocrx_word' id='word_1_693' title='bbox 3079 4169 3172 4222; x_wconf 79' lang='grc' dir='ltr'><em>τῆς</em></span> <span class='ocrx_word' id='word_1_694' title='bbox 3204 4162 3382 4235; x_wconf 84' lang='grc' dir='ltr'><em>ἑορτῆς</em></span> <span class='ocrx_word' id='word_1_695' title='bbox 3432 4171 3524 4214; x_wconf 85' lang='grc' dir='ltr'>τοῦ</span> <span class='ocrx_word' id='word_1_696' title='bbox 3564 4167 3766 4233; x_wconf 83' lang='grc' dir='ltr'><em>Πάσχα</em></span> <span class='ocrx_word' id='word_1_697' title='bbox 3796 4161 3944 4222; x_wconf 73' lang='grc' dir='ltr'>εἰδὼς</span> 
     </span>
    </p>
   </div>
   <div class='ocr_carea' id='block_1_99' title="bbox 2340 4246 3942 4325">
    <p class='ocr_par' dir='ltr' id='par_1_99' title="bbox 2340 4246 3942 4325">
     <span class='ocr_line' id='line_1_99' title="bbox 2340 4246 3942 4325; baseline 0.004 -27"><span class='ocrx_word' id='word_1_698' title='bbox 2340 4249 2366 4298; x_wconf 91' lang='grc' dir='ltr'>ό</span> <span class='ocrx_word' id='word_1_699' title='bbox 2430 4246 2651 4312; x_wconf 81' lang='grc' dir='ltr'><em>Ἰησοῦς,</em></span> <span class='ocrx_word' id='word_1_700' title='bbox 2741 4252 2821 4303; x_wconf 85' lang='grc' dir='ltr'><em>ὅτι</em></span> <span class='ocrx_word' id='word_1_701' title='bbox 2887 4249 3124 4308; x_wconf 79' lang='grc' dir='ltr'><em>ἐλήλυθεν</em></span> <span class='ocrx_word' id='word_1_702' title='bbox 3189 4251 3347 4303; x_wconf 72' lang='grc' dir='ltr'><em>αὐτοῦ</em></span> <span class='ocrx_word' id='word_1_703' title='bbox 3428 4254 3456 4308; x_wconf 78' lang='grc' dir='ltr'><strong>ἡ</strong></span> <span class='ocrx_word' id='word_1_704' title='bbox 3535 4254 3662 4325; x_wconf 79' lang='grc' dir='ltr'><em>ὥρα,</em></span> <span class='ocrx_word' id='word_1_705' title='bbox 3727 4259 3819 4304; x_wconf 80' lang='grc' dir='ltr'><em>καὶ</em></span> <span class='ocrx_word' id='word_1_706' title='bbox 3880 4256 3942 4304; x_wconf 78' lang='grc' dir='ltr'><em>τὰ</em></span> 
     </span>
    </p>
   </div>
   <div class='ocr_carea' id='block_1_100' title="bbox 2339 4334 3939 4412">
    <p class='ocr_par' dir='ltr' id='par_1_100' title="bbox 2339 4334 3939 4412">
     <span class='ocr_line' id='line_1_100' title="bbox 2339 4334 3939 4412; baseline 0.003 -25"><span class='ocrx_word' id='word_1_707' title='bbox 2339 4334 2470 4397; x_wconf 74' lang='grc' dir='ltr'><em>ἑξῆς.</em></span> <span class='ocrx_word' id='word_1_708' title='bbox 2525 4339 2730 4395; x_wconf 84' lang='grc' dir='ltr'><em>Ταύτην</em></span> <span class='ocrx_word' id='word_1_709' title='bbox 2793 4342 2893 4411; x_wconf 83' lang='grc' dir='ltr'><em>γὰρ</em></span> <span class='ocrx_word' id='word_1_710' title='bbox 2963 4344 3054 4396; x_wconf 83' lang='grc' dir='ltr'>τὴν</span> <span class='ocrx_word' id='word_1_711' title='bbox 3110 4341 3325 4412; x_wconf 81' lang='grc' dir='ltr'><em>ἡμέραν,</em></span> <span class='ocrx_word' id='word_1_712' title='bbox 3399 4342 3461 4397; x_wconf 76' lang='grc' dir='ltr'><em>ἣν</em></span> <span class='ocrx_word' id='word_1_713' title='bbox 3531 4343 3797 4402; x_wconf 84' lang='grc' dir='ltr'><em>Ματθαῐος</em></span> <span class='ocrx_word' id='word_1_714' title='bbox 3853 4347 3939 4393; x_wconf 80' lang='grc' dir='ltr'><em>καὶ</em></span> 
     </span>
    </p>
   </div>
   <div class='ocr_carea' id='block_1_101' title="bbox 2337 4427 3937 4502">
    <p class='ocr_par' dir='ltr' id='par_1_101' title="bbox 2337 4427 3937 4502">
     <span class='ocr_line' id='line_1_101' title="bbox 2337 4427 3937 4502; baseline 0.003 -25"><span class='ocrx_word' id='word_1_715' title='bbox 2337 4427 2550 4498; x_wconf 86' lang='grc' dir='ltr'><em>Μάρκος</em></span> <span class='ocrx_word' id='word_1_716' title='bbox 2590 4433 2797 4501; x_wconf 83' lang='grc' dir='ltr'><em>πρώτην</em></span> <span class='ocrx_word' id='word_1_717' title='bbox 2835 4436 2934 4479; x_wconf 87' lang='grc' dir='ltr'><em>τῶν</em></span> <span class='ocrx_word' id='word_1_718' title='bbox 2979 4429 3217 4500; x_wconf 78' lang='grc' dir='ltr'><em>Ἀζύμων</em></span> <span class='ocrx_word' id='word_1_719' title='bbox 3270 4428 3604 4496; x_wconf 77' lang='grc' dir='ltr'><em>κεκλήκασιν,</em></span> <span class='ocrx_word' id='word_1_720' title='bbox 3658 4430 3812 4492; x_wconf 84' lang='grc' dir='ltr'><em>οὗτος</em></span> <span class='ocrx_word' id='word_1_721' title='bbox 3839 4434 3937 4502; x_wconf 82' lang='grc' dir='ltr'><em>πρὸ</em></span> 
     </span>
    </p>
   </div>
   <div class='ocr_carea' id='block_1_102' title="bbox 2335 4514 3933 4591">
    <p class='ocr_par' dir='ltr' id='par_1_102' title="bbox 2335 4514 3933 4591">
     <span class='ocr_line' id='line_1_102' title="bbox 2335 4514 3933 4591; baseline 0.003 -26"><span class='ocrx_word' id='word_1_722' title='bbox 2335 4522 2425 4575; x_wconf 83' lang='grc' dir='ltr'>τῆς</span> <span class='ocrx_word' id='word_1_723' title='bbox 2457 4514 2633 4588; x_wconf 76' lang='grc' dir='ltr'><em>ἑορτῆς</em></span> <span class='ocrx_word' id='word_1_724' title='bbox 2671 4524 2763 4567; x_wconf 84' lang='grc' dir='ltr'>τοῦ</span> <span class='ocrx_word' id='word_1_725' title='bbox 2791 4519 2992 4588; x_wconf 89' lang='grc' dir='ltr'><em>Πάσχα</em></span> <span class='ocrx_word' id='word_1_726' title='bbox 3021 4517 3302 4590; x_wconf 84' lang='grc' dir='ltr'><em>ὠνόμασεν.</em></span> <span class='ocrx_word' id='word_1_727' title='bbox 3340 4517 3496 4570; x_wconf 79' lang='grc' dir='ltr'><em>Ἀλλὰ</em></span> <span class='ocrx_word' id='word_1_728' title='bbox 3542 4527 3707 4571; x_wconf 82' lang='grc' dir='ltr'><em>ταῦτα</em></span> <span class='ocrx_word' id='word_1_729' title='bbox 3748 4523 3836 4591; x_wconf 63' lang='grc' dir='ltr'><em>μὲν</em></span> <span class='ocrx_word' id='word_1_730' title='bbox 3867 4519 3933 4578; x_wconf 75' lang='grc' dir='ltr'><em>εἰς</em></span> 
     </span>
    </p>
   </div>
   <div class='ocr_carea' id='block_1_103' title="bbox 2334 4611 2606 4656">
    <p class='ocr_par' dir='ltr' id='par_1_103' title="bbox 2334 4611 2606 4656">
     <span class='ocr_line' id='line_1_103' title="bbox 2334 4611 2606 4656; baseline 0.007 -2"><span class='ocrx_word' id='word_1_731' title='bbox 2334 4611 2606 4656; x_wconf 84' lang='grc' dir='ltr'><em>τοσοῦτον.</em></span> 
     </span>
    </p>
   </div>
   <div class='ocr_carea' id='block_1_104' title="bbox 2405 4689 3922 4769">
    <p class='ocr_par' dir='ltr' id='par_1_104' title="bbox 2405 4689 3922 4769">
     <span class='ocr_line' id='line_1_104' title="bbox 2405 4689 3922 4769; baseline 0.001 -27"><span class='ocrx_word' id='word_1_732' title='bbox 2405 4690 2542 4743; x_wconf 85' lang='grc' dir='ltr'><em>Ἐπεὶ</em></span> <span class='ocrx_word' id='word_1_733' title='bbox 2601 4689 2659 4743; x_wconf 79' lang='grc' dir='ltr'>δὲ</span> <span class='ocrx_word' id='word_1_734' title='bbox 2711 4697 2828 4764; x_wconf 88' lang='grc' dir='ltr'><em>περὶ</em></span> <span class='ocrx_word' id='word_1_735' title='bbox 2891 4696 3083 4753; x_wconf 83' lang='grc' dir='ltr'><em>ταύτης</em></span> <span class='ocrx_word' id='word_1_736' title='bbox 3125 4702 3216 4754; x_wconf 87' lang='grc' dir='ltr'><em>τῆς</em></span> <span class='ocrx_word' id='word_1_737' title='bbox 3263 4696 3479 4767; x_wconf 84' lang='grc' dir='ltr'><em>ἡμέρας,</em></span> <span class='ocrx_word' id='word_1_738' title='bbox 3535 4703 3631 4757; x_wconf 82' lang='grc' dir='ltr'>τῆς</span> <span class='ocrx_word' id='word_1_739' title='bbox 3690 4713 3922 4769; x_wconf 83' lang='grc' dir='ltr'><em>τρισκαι-</em></span> 
     </span>
    </p>
   </div>
   <div class='ocr_carea' id='block_1_105' title="bbox 2332 4775 3925 4856">
    <p class='ocr_par' dir='ltr' id='par_1_105' title="bbox 2332 4775 3925 4856">
     <span class='ocr_line' id='line_1_105' title="bbox 2332 4775 3925 4856; baseline 0.004 -26"><span class='ocrx_word' id='word_1_740' title='bbox 2332 4775 2551 4839; x_wconf 77' lang='grc' dir='ltr'><em>δεκάτης</em></span> <span class='ocrx_word' id='word_1_741' title='bbox 2579 4783 2669 4852; x_wconf 74' lang='grc' dir='ltr'><em>μὲν</em></span> <span class='ocrx_word' id='word_1_742' title='bbox 2720 4788 2810 4832; x_wconf 87' lang='grc' dir='ltr'><em>τοῦ</em></span> <span class='ocrx_word' id='word_1_743' title='bbox 2841 4785 3018 4853; x_wconf 84' lang='grc' dir='ltr'><em>μηνὸς,</em></span> <span class='ocrx_word' id='word_1_744' title='bbox 3080 4787 3315 4855; x_wconf 81' lang='grc' dir='ltr'><em>πέμπτης</em></span> <span class='ocrx_word' id='word_1_745' title='bbox 3373 4779 3432 4835; x_wconf 75' lang='grc' dir='ltr'>δὲ</span> <span class='ocrx_word' id='word_1_746' title='bbox 3470 4792 3560 4844; x_wconf 84' lang='grc' dir='ltr'>τῆς</span> <span class='ocrx_word' id='word_1_747' title='bbox 3617 4779 3925 4856; x_wconf 75' lang='grc' dir='ltr'><em>ἑϐδομάδος,</em></span> 
     </span>
    </p>
   </div>
   <div class='ocr_carea' id='block_1_106' title="bbox 2329 4869 3927 4947">
    <p class='ocr_par' dir='ltr' id='par_1_106' title="bbox 2329 4869 3927 4947">
     <span class='ocr_line' id='line_1_106' title="bbox 2329 4869 3927 4947; baseline 0.004 -29"><span class='ocrx_word' id='word_1_748' title='bbox 2329 4869 2541 4940; x_wconf 87' lang='grc' dir='ltr'><em>Μάρκος</em></span> <span class='ocrx_word' id='word_1_749' title='bbox 2603 4872 2692 4940; x_wconf 80' lang='grc' dir='ltr'>μέν</span> <span class='ocrx_word' id='word_1_750' title='bbox 2723 4889 2894 4941; x_wconf 77' lang='grc' dir='ltr'><em>φησι·</em></span> <span class='ocrx_word' id='word_1_751' title='bbox 2936 4875 3034 4923; x_wconf 78' lang='grc' dir='ltr'>Καὶ</span> <span class='ocrx_word' id='word_1_752' title='bbox 3084 4879 3145 4943; x_wconf 77' lang='grc' dir='ltr'><em>τῇ</em></span> <span class='ocrx_word' id='word_1_753' title='bbox 3199 4878 3380 4944; x_wconf 75' lang='grc' dir='ltr'><em>πρώτῃ</em></span> <span class='ocrx_word' id='word_1_754' title='bbox 3428 4874 3596 4947; x_wconf 76' lang='grc' dir='ltr'><em>ἡμέρᾳ</em></span> <span class='ocrx_word' id='word_1_755' title='bbox 3652 4882 3750 4925; x_wconf 87' lang='grc' dir='ltr'><em>τῶν</em></span> <span class='ocrx_word' id='word_1_756' title='bbox 3806 4873 3927 4934; x_wconf 76' lang='grc' dir='ltr'>ὀιζὺ-</span> 
     </span>
    </p>
   </div>
   <div class='ocr_carea' id='block_1_107' title="bbox 2326 4958 3926 5036">
    <p class='ocr_par' dir='ltr' id='par_1_107' title="bbox 2326 4958 3926 5036">
     <span class='ocr_line' id='line_1_107' title="bbox 2326 4958 3926 5036; baseline 0.006 -28"><span class='ocrx_word' id='word_1_757' title='bbox 2326 4976 2456 5029; x_wconf 83' lang='grc' dir='ltr'><em>μων,</em></span> <span class='ocrx_word' id='word_1_758' title='bbox 2490 4958 2572 5010; x_wconf 75' lang='grc' dir='ltr'><em>ὅτι</em></span> <span class='ocrx_word' id='word_1_759' title='bbox 2599 4961 2657 5010; x_wconf 88' lang='grc' dir='ltr'><em>τὸ</em></span> <span class='ocrx_word' id='word_1_760' title='bbox 2711 4977 2907 5031; x_wconf 89' lang='grc' dir='ltr'><em>πασχα</em></span> <span class='ocrx_word' id='word_1_761' title='bbox 2959 4961 3104 5012; x_wconf 81' lang='grc' dir='ltr'><em>ἔθυον</em></span> <span class='ocrx_word' id='word_1_762' title='bbox 3129 4977 3142 4990; x_wconf 79' lang='grc'><strong><em>⁸</em></strong></span> <span class='ocrx_word' id='word_1_763' title='bbox 3209 4966 3418 5023; x_wconf 87' lang='grc' dir='ltr'><em>Λουκᾶς</em></span> <span class='ocrx_word' id='word_1_764' title='bbox 3448 4958 3507 5013; x_wconf 78' lang='grc' dir='ltr'>δέ</span> <span class='ocrx_word' id='word_1_765' title='bbox 3535 4982 3546 4994; x_wconf 91' lang='grc'><strong>·</strong></span> <span class='ocrx_word' id='word_1_766' title='bbox 3579 4961 3736 5036; x_wconf 75' lang='grc' dir='ltr'><em>Ἦλθε</em></span> <span class='ocrx_word' id='word_1_767' title='bbox 3790 4959 3851 5016; x_wconf 65' lang='grc' dir='ltr'><em>δε</em></span> <span class='ocrx_word' id='word_1_768' title='bbox 3897 4965 3926 5021; x_wconf 76' lang='grc' dir='ltr'><strong>ἠ</strong></span> 
     </span>
    </p>
   </div>
   <div class='ocr_carea' id='block_1_108' title="bbox 2325 5045 3926 5124">
    <p class='ocr_par' dir='ltr' id='par_1_108' title="bbox 2325 5045 3926 5124">
     <span class='ocr_line' id='line_1_108' title="bbox 2325 5045 3926 5124; baseline 0.006 -28"><span class='ocrx_word' id='word_1_769' title='bbox 2325 5045 2495 5120; x_wconf 76' lang='grc' dir='ltr'><em>ἡμέρα</em></span> <span class='ocrx_word' id='word_1_770' title='bbox 2554 5055 2652 5099; x_wconf 87' lang='grc' dir='ltr'><em>τῶν</em></span> <span class='ocrx_word' id='word_1_771' title='bbox 2686 5047 2946 5119; x_wconf 83' lang='grc' dir='ltr'><em>Ἀζύμων,</em></span> <span class='ocrx_word' id='word_1_772' title='bbox 2980 5047 3027 5100; x_wconf 75' lang='grc' dir='ltr'><em>ἕν</em></span> <span class='ocrx_word' id='word_1_773' title='bbox 3151 5046 3256 5102; x_wconf 78' lang='grc' dir='ltr'><em>ἔδει</em></span> <span class='ocrx_word' id='word_1_774' title='bbox 3315 5052 3532 5102; x_wconf 80' lang='grc' dir='ltr'><em>θύεσθαι</em></span> <span class='ocrx_word' id='word_1_775' title='bbox 3578 5055 3638 5103; x_wconf 89' lang='lat'>1&#39;6</span> <span class='ocrx_word' id='word_1_776' title='bbox 3685 5053 3883 5124; x_wconf 86' lang='grc' dir='ltr'><em>πάσχα</em></span> <span class='ocrx_word' id='word_1_777' title='bbox 3912 5069 3926 5082; x_wconf 78' lang='grc'><em>”</em></span> 
     </span>
    </p>
   </div>
   <div class='ocr_carea' id='block_1_109' title="bbox 2323 5132 3929 5212">
    <p class='ocr_par' dir='ltr' id='par_1_109' title="bbox 2323 5132 3929 5212">
     <span class='ocr_line' id='line_1_109' title="bbox 2323 5132 3929 5212; baseline 0.006 -28"><span class='ocrx_word' id='word_1_778' title='bbox 2323 5136 2401 5198; x_wconf 90' lang='lat'><strong>1&#39;6,</strong></span> <span class='ocrx_word' id='word_1_779' title='bbox 2453 5132 2575 5187; x_wconf 87' lang='grc' dir='ltr'><em>Ὅτε</em></span> <span class='ocrx_word' id='word_1_780' title='bbox 2615 5139 2673 5187; x_wconf 89' lang='lat'>1&#39;6</span> <span class='ocrx_word' id='word_1_781' title='bbox 2738 5137 2932 5208; x_wconf 87' lang='grc' dir='ltr'><em>πάσχα</em></span> <span class='ocrx_word' id='word_1_782' title='bbox 2978 5139 3142 5204; x_wconf 74' lang='grc' dir='ltr'><em>ἔθυον,</em></span> <span class='ocrx_word' id='word_1_783' title='bbox 3196 5141 3396 5210; x_wconf 77' lang='grc' dir='ltr'><em>καὶτὸ,</em></span> <span class='ocrx_word' id='word_1_784' title='bbox 3442 5140 3526 5192; x_wconf 84' lang='grc' dir='ltr'><em>Ἐν</em></span> <span class='ocrx_word' id='word_1_785' title='bbox 3652 5137 3760 5192; x_wconf 83' lang='grc' dir='ltr'><em>ἔδει</em></span> <span class='ocrx_word' id='word_1_786' title='bbox 3813 5143 3929 5193; x_wconf 83' lang='grc' dir='ltr'><em>θύε-</em></span> 
     </span>
    </p>
   </div>
   <div class='ocr_carea' id='block_1_110' title="bbox 2324 5223 3931 5302">
    <p class='ocr_par' dir='ltr' id='par_1_110' title="bbox 2324 5223 3931 5302">
     <span class='ocr_line' id='line_1_110' title="bbox 2324 5223 3931 5302; baseline 0.006 -29"><span class='ocrx_word' id='word_1_787' title='bbox 2324 5223 2447 5273; x_wconf 89' lang='grc' dir='ltr'><em>σθαι</em></span> <span class='ocrx_word' id='word_1_788' title='bbox 2492 5227 2549 5276; x_wconf 87' lang='grc' dir='ltr'><strong>τό</strong></span> <span class='ocrx_word' id='word_1_789' title='bbox 2579 5227 2790 5296; x_wconf 89' lang='grc' dir='ltr'><em>πάσχα,</em></span> <span class='ocrx_word' id='word_1_790' title='bbox 2821 5231 2892 5297; x_wconf 80' lang='grc' dir='ltr'><em>μὴ</em></span> <span class='ocrx_word' id='word_1_791' title='bbox 2943 5229 3072 5299; x_wconf 86' lang='grc' dir='ltr'><em>πρὸς</em></span> <span class='ocrx_word' id='word_1_792' title='bbox 3130 5232 3224 5286; x_wconf 81' lang='grc' dir='ltr'>τὴν</span> <span class='ocrx_word' id='word_1_793' title='bbox 3274 5232 3483 5301; x_wconf 84' lang='grc' dir='ltr'><em>πρώτην</em></span> <span class='ocrx_word' id='word_1_794' title='bbox 3539 5236 3638 5280; x_wconf 87' lang='grc' dir='ltr'><em>τῶν</em></span> <span class='ocrx_word' id='word_1_795' title='bbox 3683 5229 3931 5302; x_wconf 82' lang='grc' dir='ltr'><em>Ἀζυμων</em></span> 
     </span>
    </p>
   </div>
   <div class='ocr_carea' id='block_1_111' title="bbox 2819 5349 3922 5420">
    <p class='ocr_par' dir='ltr' id='par_1_111' title="bbox 2819 5349 3922 5420">
     <span class='ocr_line' id='line_1_111' title="bbox 2819 5349 3922 5420; baseline 0.006 -15"><span class='ocrx_word' id='word_1_796' title='bbox 2819 5349 2838 5384; x_wconf 82' lang='grc'>¹</span> <span class='ocrx_word' id='word_1_797' title='bbox 2873 5351 3043 5406; x_wconf 83' lang='lat' dir='ltr'>Joan.</span> <span class='ocrx_word' id='word_1_798' title='bbox 3077 5367 3201 5419; x_wconf 84' lang='lat' dir='ltr'>xm,</span> <span class='ocrx_word' id='word_1_799' title='bbox 3242 5357 3289 5408; x_wconf 76' lang='grc' dir='ltr'><em>Ι.</em></span> <span class='ocrx_word' id='word_1_800' title='bbox 3369 5355 3390 5388; x_wconf 85' lang='grc'>²</span> <span class='ocrx_word' id='word_1_801' title='bbox 3421 5355 3593 5411; x_wconf 72' lang='lat' dir='ltr'>Marc.</span> <span class='ocrx_word' id='word_1_802' title='bbox 3649 5369 3769 5420; x_wconf 83' lang='lat' dir='ltr'>xiv,</span> <span class='ocrx_word' id='word_1_803' title='bbox 3831 5359 3922 5413; x_wconf 74' lang='lat' dir='ltr'>l2.</span> 
     </span>
    </p>
   </div>
   <div class='ocr_carea' id='block_1_112' title="bbox 1781 5516 2696 5594">
    <p class='ocr_par' dir='ltr' id='par_1_112' title="bbox 1781 5516 2696 5594">
     <span class='ocr_line' id='line_1_112' title="bbox 1781 5516 2696 5594; baseline 0.01 -11"><span class='ocrx_word' id='word_1_804' title='bbox 1781 5516 2004 5586; x_wconf 69' lang='lat' dir='ltr'>Variae</span> <span class='ocrx_word' id='word_1_805' title='bbox 2035 5519 2364 5591; x_wconf 87' lang='lat' dir='ltr'>lectiones</span> <span class='ocrx_word' id='word_1_806' title='bbox 2396 5535 2460 5591; x_wconf 74' lang='lat' dir='ltr'>et</span> <span class='ocrx_word' id='word_1_807' title='bbox 2492 5535 2696 5594; x_wconf 73' lang='lat' dir='ltr'>notae.</span> 
     </span>
    </p>
   </div>
   <div class='ocr_carea' id='block_1_113' title="bbox 629 5615 2360 5705">
    <p class='ocr_par' dir='ltr' id='par_1_113' title="bbox 629 5615 2360 5705">
     <span class='ocr_line' id='line_1_113' title="bbox 629 5615 2360 5705; baseline 0.016 -37"><span class='ocrx_word' id='word_1_808' title='bbox 629 5615 742 5686; x_wconf 91' lang='lat'>(90)</span> <span class='ocrx_word' id='word_1_809' title='bbox 774 5616 1148 5691; x_wconf 82' lang='grc' dir='ltr'><em>Ἐστάθμισαν,</em></span> <span class='ocrx_word' id='word_1_810' title='bbox 1173 5627 1229 5680; x_wconf 95' lang='lat' dir='ltr'>et</span> <span class='ocrx_word' id='word_1_811' title='bbox 1252 5626 1435 5696; x_wconf 86' lang='lat' dir='ltr'>paulo</span> <span class='ocrx_word' id='word_1_812' title='bbox 1465 5627 1710 5687; x_wconf 87' lang='lat' dir='ltr'>inferius</span> <span class='ocrx_word' id='word_1_813' title='bbox 1733 5635 2043 5705; x_wconf 82' lang='grc' dir='ltr'><em>σταθμίσαι,</em></span> <span class='ocrx_word' id='word_1_814' title='bbox 2077 5638 2266 5695; x_wconf 85' lang='lat' dir='ltr'>codex</span> <span class='ocrx_word' id='word_1_815' title='bbox 2295 5641 2360 5696; x_wconf 90' lang='lat' dir='ltr'>B.</span> 
     </span>
    </p>
   </div>
  </div>
