4170 6334
3903 315 4013 370 656

3534 439 3592 493 Ὁ
3666 436 4013 498 διδάσκαλος

3471 531 3599 582 ὅπου
3677 533 3734 582 τὸ
3801 531 4014 601 πάσχα

3508 624 3606 672 Καὶ
3654 619 3819 680 αὐτὸς
3883 620 4012 690 ὑμῖν

3515 706 3618 760 ἐκεῖ
3678 706 4012 780 ἑτοιμάσατε

625 343 731 398 655
1943 321 2292 382 EUTHYMII
2331 318 2660 376 ZlGABENl

621 465 846 536 pascha
898 477 1027 519 cum
1073 456 1381 529 discipulis
1421 456 1562 512 meis
1605 454 1792 511 edam.
1838 452 1912 506 Et
1962 450 2068 506 ille
2114 446 2277 503 vobis

2387 442 2502 515 ἐλθη
2513 484 2527 512 ,
2591 446 2762 495 εἴπατε
2860 448 2932 512 τῷ

625 530 889 612 ostendet
924 553 970 587 ιι
1003 550 1362 607 «maculam
1386 544 1620 618 grande
1643 543 1962 598 instratum
1988 555 2000 593 :
2029 537 2155 593 illic
2172 551 2277 605 pa-

2386 532 2538 603 λέγει’
2602 540 2708 584 Ποῦ
2781 531 2893 583 ἐστι
2968 532 3026 582 τὸ
3099 530 3390 602 κατάλυμα,

625 646 756 700 rate
788 641 972 699 nobis.
1003 637 1283 696 Proxima
1309 636 1403 692 his
1425 634 1605 692 etiam
1631 631 1862 703 scripsit
1889 629 2075 684 Lucas
2101 629 2168 679 η.

2386 623 2515 693 μετὰ
2569 630 2668 672 τῶν
2744 623 2988 692 μαθητῶν
3066 639 3165 691 μου
3243 620 3434 692 φάγω;

2387 706 2546 773 δείξει
2595 708 2827 782 ἀνώγεων
2883 713 3016 781 μέγα
3096 707 3431 781 ἐστρωμένον’

2385 799 2530 871 ἡμῖν.
2561 799 2638 852 Τά
2675 797 3019 872 παραπλήσια
3049 793 3107 849 δὲ
3131 801 3221 848 καὶ
3252 798 3276 848 ὁ
3309 802 3516 859 Λουκᾶς
3549 799 3822 872 ἱστόρησε.

2459 890 2648 961 Καιρὸν
2703 883 2761 938 δὲ
2809 886 2921 958 (94)
2983 885 3141 940 αὐτοῦ
3195 893 3405 958 νοοῦμεν
3467 885 3738 957 ἐγγίζοντα
3777 889 3872 938 τὸν
3920 895 4009 938 τοῦ

3041 435 3388 513 οἰκοδεσπότῃ
3446 459 3460 473 ·

703 894 957 963 Tempus
973 894 1174 947 autem
1185 887 1315 958 ejus
1331 878 2123 958 propinquum,intelligimus
2138 881 2279 932 tem-

634 997 751 1053 pus
780 980 990 1036 mortis
1030 977 1218 1050 ipsius
1251 976 1393 1031 Cum
1428 972 1732 1044 discipulis
1758 971 1908 1035 meis,
1943 965 2186 1032 addidit,
2218 970 2281 1020 ut

618 1085 744 1144 pro
772 1069 866 1125 his
890 1082 1128 1141 quoque
1153 1063 1451 1121 sufﬁciens
1480 1065 1919 1134 preepararetur
1945 1056 2278 1113 convivium

2390 977 2630 1029 θανάτου.
2691 978 2830 1028 Μετὰ
2874 983 2974 1027 τῶν
3021 977 3269 1047 μαθητῶν
3322 995 3420 1047 μου
3476 971 3536 1027 δὲ
3564 973 3717 1044 εἶπεν,
3774 976 3867 1026 ἵνα
3921 981 4009 1027 καὶ

2387 1068 2515 1136 πρὸς
2569 1067 2786 1124 τούτους
2836 1065 3098 1137 αὐτάρκης
3147 1066 3176 1122 ἡ
3234 1060 3482 1135 ὑποδοχὴ
3537 1068 3775 1135 γένηται,
3823 1069 4010 1118 Κατά-

635 1158 922 1230 Κατάλυμα
949 1172 1088 1213 vero
1117 1155 1279 1228 quod
1309 1155 1553 1210 Marcus
1585 1150 1730 1206 dixit
1757 1152 1834 1218 (et
1860 1164 1970 1204 nos
2003 1146 2280 1202 vertimus

632 1245 1048 1318 diversorium)
1069 1249 1160 1300 est
1179 1241 1576 1299 caenaculum.
1603 1241 1866 1310 Apparet
1885 1241 2083 1292 autem
2115 1232 2280 1305 quod

631 1335 826 1392 ﬁdelis
842 1335 934 1390 hic
946 1331 1386 1406 paterfamilias,
1401 1331 1523 1385 sive
1540 1328 1743 1384 divina
1759 1325 2135 1387 revelatione,
2157 1322 2279 1377 sive

631 1422 921 1496 corporali
969 1420 1292 1477 Salvatoris
1339 1416 1756 1485 collocutione,
1815 1418 2063 1470 noverat
2115 1409 2276 1483 quod

629 1512 797 1585 apud
841 1527 902 1567 se
932 1510 1198 1566 facturus
1245 1512 1403 1564 esset
1450 1507 1548 1564 ille
1605 1503 1860 1576 pascha:
1917 1507 1973 1558 et
2021 1500 2156 1556 ideo
2207 1499 2279 1554 ad

630 1601 1067 1672 susceptionem
1118 1600 1523 1670 praeparatum
1571 1593 1834 1650 habebat
1881 1589 2275 1646 cmuaculum.

629 1689 925 1746 Praeterea
951 1689 1013 1744 in
1043 1687 1154 1743 hoc
1184 1688 1363 1744 etiam
1389 1685 1522 1741 loco
1554 1699 1691 1739 cum
1727 1682 2074 1739 auctoritate
2101 1679 2278 1749 signi-

627 1777 788 1846 ﬁcat,
821 1782 1110 1850 tanquam
1133 1776 1403 1832 omnium
1443 1773 1753 1830 Dominus.

623 1916 626 1919 .
698 1867 936 1938 Mystice
958 1880 1096 1921 vero
1128 1864 1510 1935 signiﬁcatur,
1543 1860 1702 1933 quod
1741 1859 1820 1916 ad
1857 1870 2281 1931 quemcunque
2372 1851 2386 1855 ’

629 1950 902 2006 divinum
933 1949 1236 2020 baptisma
1271 1948 1613 2016 ingressum
1641 1944 1848 1999 fuerit:
1889 1959 2034 1998 nam
2079 1941 2139 1996 id
2167 1941 2282 2012 hy-

629 2037 777 2094 dries
806 2053 967 2108 aqua
993 2036 1306 2108 ﬁguratur,
1338 2034 1504 2106 apud
1542 2033 1706 2089 hunc
1743 2031 2003 2087 Christus
2051 2031 2281 2100 requie-

629 2125 755 2193 scit,
811 2124 1067 2181 maxime
1119 2125 1166 2180 si
1223 2124 1535 2179 instratum
1603 2120 1826 2177 habeat
1881 2119 2275 2184 coenaculum,

629 2216 755 2272 sive
779 2213 1159 2288 puriﬁcatam
1185 2217 1470 2280 mentem,
1503 2214 1559 2267 et
1588 2210 1941 2268 adornatam
1970 2208 2279 2281 splendore

629 2303 1203 2376 contemplationum
1252 2300 1810 2375 supernaturalium.
1862 2299 2018 2368 Illic,
2065 2297 2274 2370 inquit,

623 2400 838 2465 parate
863 2392 1052 2458 nobis,
1084 2408 1157 2449 ea
1196 2389 1472 2448 videlicet
1497 2406 1634 2463 qua;
1666 2388 1746 2446 ad
1783 2389 2019 2444 Paschee
2059 2387 2277 2443 festum

628 2482 1005 2548 conveniunt,
1052 2496 1300 2553 agnum,
1347 2495 1582 2552 azyma,
1625 2478 1888 2536 lactucas
1918 2481 2182 2550 agrestes
2207 2492 2278 2532 ac

625 2572 902 2631 baculos.

699 2664 741 2732 σι-
767 2661 981 2719 Civitas
1005 2660 1247 2733 quidem
1273 2661 1448 2731 juxta
1491 2672 1824 2729 anagogen,
1867 2656 2162 2713 sensibilis
2193 2659 2280 2711 est

629 2750 910 2807 mundus.
955 2751 1146 2805 Homo
1187 2764 1351 2814 vero,
1389 2747 1743 2818 generaliter
1793 2750 2009 2802 natura
2052 2749 2138 2800 est
2171 2744 2280 2800 hu-

630 2853 833 2896 mana.
862 2840 988 2893 Duo
1009 2841 1209 2893 autem
1231 2837 1336 2908 qui
1365 2835 1444 2892 ad
1467 2836 1631 2890 hunc
1659 2836 1975 2890 mittuntur
2003 2833 2279 2904 discipuli

628 2926 726 2983 lex
766 2925 991 2981 Veteris
1022 2941 1092 2982 ac
1123 2926 1267 2981 Novi
1309 2923 1666 2981 Testamenti
1705 2929 1993 2994 tanquam
2024 2937 2280 2994 praecur-

631 3031 798 3071 sores
841 3014 1093 3087 quidam
1122 3013 1352 3070 Christo
1392 3013 1716 3085 mysticum
1761 3012 2100 3068 convivium
2131 3027 2280 3082 pres-

2386 1152 2524 1224 λυμα
2582 1149 2641 1206 δὲ
2685 1153 2885 1224 λέγεται
2950 1156 3008 1204 τὸ
3068 1159 3416 1224 καταγώγιον.
3479 1157 3716 1206 Φαίνεται
3779 1149 3865 1219 δὲ,
3934 1157 4008 1207 ὃτι

2387 1245 2573 1302 πιστὸς
2637 1247 2703 1292 ὧν
2761 1241 2942 1302 ἐκεῖνος
2991 1243 3016 1293 6
3070 1239 3468 1306 οἰκοδεσπότης,
3518 1245 3618 1294 εἴτε
3673 1245 3818 1293 κατὰ
3878 1241 4008 1294 ἀπο-

2387 1330 2612 1402 κάλυψιν
2667 1332 2944 1405 θειοτέραν,
3003 1333 3102 1383 εἴτε
3154 1336 3242 1382 καὶ
3281 1333 3417 1382 κατὰ
3470 1335 3760 1402 συντυχὶαν
3824 1349 4008 1403 σωμαο

2387 1425 2530 1478 τικὴν
2579 1427 2670 1472 τοῦ
2723 1427 2979 1494 Σωτῆρος,
3039 1418 3287 1490 ἐγίνωσκε
3331 1427 3513 1472 τοῦτον
3561 1419 3683 1493 παρ’
3715 1419 3867 1488 αύτῷ
3929 1441 4006 1474 τε-

2387 1509 2601 1561 λέσοντα
2646 1513 2704 1561 τὸ
2750 1512 2963 1580 πάσχα,
3023 1513 3110 1560 καὶ
3182 1505 3274 1561 διά
3325 1516 3478 1561 τοῦτο
3527 1512 3659 1584 πρὸς
3711 1506 4006 1582 ὑποδοχὴν

2391 1598 2791 1672 ηύτρεπισμένον
2845 1595 2958 1668 εἶχε
2995 1602 3084 1650 καὶ
3143 1601 3204 1650 τὸ
3254 1595 3509 1670 ἀνώγεων.
3569 1598 3690 1651 Μετ’
3751 1597 4008 1662 ἐξουσίας

2392 1684 2450 1740 δὲ
2478 1689 2744 1740 κάνταῦθα
2771 1689 2974 1760 μηνύει,
3008 1688 3077 1748 ὡς
3111 1686 3347 1740 ἁπάντων
3380 1689 3588 1761 Κύριος.

2458 1879 2897 1952 Ὑποσημαίνεται
2945 1875 3004 1931 δὲ
3055 1883 3145 1931 καί
3200 1898 3252 1930 τι
3307 1882 3560 1951 μυστικὸν
3613 1879 3871 1947 ἐντεῦθεν,
3923 1885 4005 1935 ὅτι

2390 1970 2456 2030 εἰς
2481 1971 2534 2022 ὃν
2566 1968 2625 2020 ἆν
2651 1969 2852 2026 εἰσέλθη
2889 1971 2948 2020 τὸ
2981 1970 3113 2020 θεῖον
3162 1966 3464 2040 βάπτισμα·
3503 1975 3658 2021 τοῦτο
3689 1972 3794 2041 γὰρ
3836 1970 4006 2023 αἰνίτ-

2388 2078 2531 2111 τεται
2585 2061 2642 2110 τὸ
2694 2065 2785 2109 τοῦ
2842 2061 3090 2132 κεραμίου
3149 2053 3315 2128 ὕδωρ·
3403 2060 3549 2132 παρά
3598 2060 3765 2129 τούτῳ
3824 2065 3916 2112 καὶ
3981 2063 4004 2112 ό

2387 2150 2616 2221 Χριστὸς
2683 2145 3000 2199 ἀναπαύεται
3056 2163 3068 2175 ·

2389 2238 2501 2308 ἔχει
2531 2239 2588 2288 τὸ
2634 2235 2888 2307 ἀνώγεων,
2940 2238 3121 2307 ἤγουν,
3184 2237 3563 2310 κεκαθαρμένον
3601 2240 3689 2288 τὸν
3739 2245 3863 2291 νοῦν
3914 2244 4004 2292 καὶ

3138 2151 3226 2198 καὶ
3292 2145 3501 2218 μᾶλλον,
3577 2147 3621 2200 εἰ
3675 2145 4003 2221 ἐστρωμένον

2387 2328 2768 2398 κεκοσμημένον
2871 2331 2932 2396 τῆ
3009 2320 3322 2399 φαιδρότητι
3399 2333 3499 2376 τῶν
3572 2327 3676 2378 οῖνω
3749 2329 3998 2401 θεωριῶν.

2389 2414 2523 2467 Ἐκεῖ
2583 2411 2662 2481 δὲ,
2731 2418 2910 2485 φησὶν,
2988 2413 3296 2485 ἑτοιμάσατε
3375 2415 3501 2486 ἡμῖν
3583 2417 3648 2467 τά
3715 2419 3850 2491 πρὸς
3907 2423 4002 2476 τὴν

2385 2506 2479 2555 τόῦ
2511 2504 2710 2574 Πάσχα
2761 2502 2940 2577 ἑορτὴν
2969 2499 3264 2568 ἐπιτήδεια,
3296 2506 3381 2555 τὸν
3435 2502 3616 2576 ἀμνὸν,
3669 2506 3735 2557 τὰ
3791 2507 3996 2579 ἄζυμα,

2387 2594 2481 2654 τὰς
2509 2587 2779 2666 πικρίὸας,
2802 2593 2895 2652 τάς
2927 2589 3243 2663 βακτηρίας.

2465 2679 2591 2753 [Τοῦ
2623 2679 2774 2751 ἀγίου
2821 2680 2937 2750 (95)
2986 2678 3248 2751 Μαξίμου.
3306 2679 3465 2742 Πόλις
3521 2685 3608 2752 μὲν
3636 2683 3747 2734 κατ’
3791 2683 3999 2756 ἀναγω-

2387 2774 2484 2842 γὴν
2515 2771 2540 2820 6
2589 2769 2842 2830 αἰσθητὸς
2896 2772 3112 2840 κόσμος·
3172 2769 3446 2842 ἅνθρωπος
3501 2765 3556 2820 δὲ
3592 2771 3698 2838 (96)
3748 2772 3780 2828 ἡ
3827 2776 3998 2825 καθὸ.

2388 2859 2476 2911 λου
2525 2861 2676 2931 φύσις
2741 2866 2840 2910 τῶν
2913 2855 3208 2931 ἀνθρώπων·
3288 2853 3384 2909 δύο
3459 2853 3513 2910 δε
3570 2858 3791 2928 μαθηται
3844 2865 3992 2932 πρὸς

2389 2955 2568 2999 τοῦτον
2662 2945 3108 3018 ἀποστελλόμενοι,
3168 2947 3194 2996 6
3249 2953 3345 3007 τῆς
3430 2945 3650 3006 Παλαιᾶς
3718 2948 3982 3010 Διαθήκης

2387 3041 2538 3109 νόμος
2585 3037 2735 3088 καὶὸ
2792 3043 2886 3096 τῆς
2941 3041 3154 3103 Καινῆς,
3215 3036 3320 3087 οἷόν
3382 3055 3515 3096 τινες
3566 3032 3858 3110 πρόδρομοι
3899 3044 4000 3092 καὶ

626 3107 928 3178 parantes.
957 3103 1061 3159 llla
1082 3102 1328 3176 quidem
1349 3117 1456 3174 per
1485 3101 1928 3174 philosophiam
1952 3100 2277 3172 practicam

2389 3126 2697 3198 ἑτοιμασταὶ
2743 3133 2840 3185 τῆς
2890 3131 2980 3176 τοῦ
3039 3131 3274 3197 Χριστοῦ
3353 3133 3619 3196 μυστικῆς
3669 3125 3898 3197 εὐωχίας
3950 3127 3998 3180 ἐν

628 3208 730 3250 eos
747 3192 826 3250 ab
842 3193 1000 3248 omni
1015 3191 1426 3264 inquinatione
1437 3205 1781 3263 expurgans
1796 3207 1810 3256 ;
1824 3191 1951 3246 haec
1964 3193 2155 3246 autem
2174 3205 2280 3261 per

625 3282 954 3339 theoricam
969 3296 1274 3337 sacrorum
1303 3279 1686 3354 disciplinam
1709 3295 1746 3336 a
1765 3279 2178 3351 corporalibus
2201 3278 2280 3334 ad

626 3373 913 3441 cognatas
924 3369 1320 3440 intelligibiles
1332 3370 1589 3426 visiones
1604 3369 1820 3425 animos
1833 3374 2094 3424 mentem
2109 3367 2280 3424 attol-

623 3458 774 3516 lens.
793 3459 1073 3516 Practicm
1087 3459 1334 3531 quidem
1357 3459 1598 3528 signum
1615 3457 1725 3514 fuit
1749 3458 1972 3527 Petrus,
2004 3456 2279 3513 theoricae

625 3563 766 3604 vero
793 3551 1074 3605 Joannes.
1119 3549 1412 3603 Praeterea
1459 3546 1580 3611 illa,
1626 3546 1908 3617 lagonam
1953 3561 2129 3618 aquae
2175 3544 2278 3601 ba-

624 3635 828 3708 julans
857 3652 985 3692 esse
1013 3639 1218 3707 potest,
1239 3651 1372 3708 quae
1385 3650 1490 3707 per
1502 3635 1986 3707 operationemin
2011 3633 2278 3691 humeris

629 3724 936 3790 virtutum,
962 3729 1254 3798 tanquam
1276 3724 1336 3780 in
1354 3723 1589 3794 lagona,
1617 3723 1801 3793 idest,
1827 3723 2280 3781 mortiﬁcatione

629 3812 1036 3870 membrorum
1097 3813 1366 3886 corporis
1422 3829 1560 3886 quas
1619 3817 1762 3870 sunt
1803 3827 1983 3886 super
2040 3818 2277 3879 terram,

629 3902 914 3960 excubias
982 3906 1198 3973 servat,
1253 3917 1401 3976 puta
1461 3903 1717 3975 gratiam
1766 3901 2010 3974 Spiritus
2067 3902 2276 3969 sancti,

627 4008 764 4065 quae
793 4007 900 4065 per
935 3991 1118 4048 ﬁdem
1158 3992 1434 4064 puriﬁcat
1466 4007 1479 4046 :
1521 3992 1648 4048 haec
1677 4007 1819 4048 vero
1848 3990 2278 4063 paterfamilias

628 4080 877 4150 intelligi
905 4085 1120 4153 potest,
1149 4097 1282 4152 quae
1315 4096 1419 4152 per
1464 4081 1984 4152 contemplationis
2027 4079 2280 4136 altitudi-

626 4184 788 4235 nem,
843 4168 1101 4239 seipsam
1157 4167 1390 4222 excelsa
1437 4167 1826 4237 intelligentia
1869 4167 2160 4236 instravit,
2216 4173 2281 4224 ut

628 4256 748 4311 Deo
778 4255 974 4323 dignis
995 4254 1457 4324 cogitationibus
1483 4270 1553 4312 ac
1569 4254 1965 4326 dogmatibus,
2007 4255 2277 4314 divinum

629 4340 912 4414 suscipiat
949 4358 1308 4400 sermonem.

698 4540 742 4610 -ι-
767 4537 946 4596 Aliter
969 4538 1049 4598 ad
1073 4539 1252 4597 idem.
1286 4540 1498 4599 Civitas
1521 4545 1814 4617 cujusque
1834 4545 2039 4602 anima
2062 4549 2166 4614 est,
2199 4547 2279 4604 ad

629 4644 816 4702 quam
828 4645 864 4686 a
879 4629 998 4686 Deo
1015 4630 1351 4698 mittuntur;
1367 4631 1462 4688 hic
1475 4633 1732 4706 quidem,
1749 4649 1936 4691 sermo
1950 4636 2023 4692 de
2037 4635 2273 4706 virtute;

627 4718 722 4776 ille
738 4722 937 4777 autem
949 4719 1023 4776 de
1045 4719 1399 4792 cognitione.
1417 4721 1460 4787 Ο
1471 4722 1525 4778 ui
1537 4738 1678 4781 vero
1689 4723 1969 4794 lagenam
1983 4741 2157 4797 aquae
2173 4726 2277 4784 ba-

623 4808 796 4880 julat,
815 4813 901 4865 est
919 4808 1086 4866 fortis
1104 4810 1402 4880 cogitatio,
1425 4827 1561 4883 quae
1580 4814 1987 4886 temperantiae
2010 4814 2275 4873 humeris

626 4895 1029 4955 defertdatam
1043 4897 1159 4955 sibi
1171 4897 1230 4955 in
1243 4897 1545 4972 baptisma
1556 4901 2046 4970 gratiam.Domus
2058 4907 2271 4975 autem,

625 4997 761 5055 quae
782 5001 852 5041 ex
873 4985 1074 5042 multis
1101 5001 1172 5042 ae
1199 4988 1402 5057 variis,
1416 4987 1601 5044 ﬁrmis
1620 5005 1691 5047 ac
1719 4990 1984 5048 virilibus
2005 4993 2274 5051 moribus

626 5075 682 5128 et
694 5072 1174 5142 cogitationibus,
1193 5079 1484 5150 tanquam
1501 5076 1800 5151 lapidibus
1815 5079 2166 5151 mdiﬁcatur,
2185 5087 2272 5141 est

693 5277 740 5315 ¹²
768 5277 943 5335 Marc.
976 5293 1096 5348 xiv,
1150 5281 1348 5347 13,15.
1380 5282 1427 5318 ³³
1457 5281 1597 5340 Luc.
1628 5288 1767 5354 xxii,
1802 5286 1886 5360 10,
1919 5291 2006 5348 11.

2369 3223 2498 3276 ,τοῖς
2544 3213 2710 3277 ἀξίοις
2743 3221 2837 3276 τῆς
2903 3208 3185 3281 ἐπιδημίας
3254 3213 3433 3266 αὐτοῦ·
3493 3215 3520 3265 6
3571 3216 3682 3286 μὲν,
3747 3210 3846 3266 διὰ
3902 3223 4001 3276 τῆς

2388 3312 2684 3377 πρακτικῆς
2772 3301 3074 3375 φιλοσοφίας
3162 3306 3351 3364 παντὸς
3432 3302 3706 3376 μολυσμοῦ
3784 3306 4003 3364 τούτους

2390 3393 2774 3467 ἀποκαθαίρωνο
2832 3393 2858 3443 6
2912 3387 2990 3458 δὲ,
3051 3387 3145 3444 διὰ
3195 3400 3286 3452 τῆς
3341 3393 3665 3465 θεωρητικῆς
3714 3412 4001 3465 μυσταγω-

2387 3488 2510 3556 γίας
2554 3481 2654 3534 ἀπὸ
2702 3489 2802 3533 τῶν
2861 3488 3166 3552 σωματικῶν
3249 3483 3380 3554 πρὸς
3435 3483 3500 3533 τὰ
3559 3489 3782 3554 συγγενῆ
3838 3486 4002 3540 νοητὰ

2391 3574 2625 3644 θεάματα
2659 3577 2962 3642 γνωστικῶς
3038 3567 3362 3633 ἀναϐιϐάζων
3434 3573 3520 3622 τὸν
3572 3577 3710 3626 νοῦν.
3770 3577 4001 3646 Πρακτι-

2387 3667 2486 3722 κῆς
2549 3663 2638 3733 μὲν
2719 3661 2821 3734 γὰρ
2906 3657 3163 3731 σύμϐολον
3237 3661 3262 3711 ὁ
3319 3664 3523 3732 Πέτρος·
3602 3661 3928 3732 θεωρητικῆς
3975 3663 3999 3712 6

2390 3751 2646 3811 Ἰωάννης.
2681 3754 2781 3803 Καὶ
2838 3750 2864 3801 ὁ
2919 3750 3008 3821 μὶν
3042 3753 3101 3801 τό
3149 3751 3393 3822 κεράμιον
3442 3756 3533 3803 τοῦ
3563 3745 3754 3809 ὕδατος
3792 3748 4000 3821 βαστά-

2394 3844 2492 3904 ζων
2519 3843 2595 3898 εἶη
2661 3840 2724 3891 οἶν
2777 3839 2803 3890 6
2855 3834 2949 3890 διὰ
3009 3844 3104 3899 τῆς
3167 3847 3458 3911 πρακτικῆς
3512 3845 3624 3900 τοῖς
3668 3842 3836 3910 ὤμοις
3897 3846 3996 3889 τῶν

2389 3929 2599 4002 ἀρετῶν,
2656 3931 2723 3990 ὡς
2791 3927 2838 3979 ἐν
2876 3931 3149 4002 κεραμίῳ,
3207 3934 3268 3999 τῆ
3323 3932 3567 4002 ναρὼσει
3627 3935 3721 3979 τῶν
3765 3926 3857 3980 ἐπὶ
3896 3936 3998 3999 γῆς

2388 4019 2549 4093 μελῶν
2608 4025 2698 4070 τοῦ
2771 4021 3025 4089 σώματος,
3085 4019 3469 4091 φρουρουμένην
3532 4014 3821 4088 βαστάζων
3902 4021 3995 4074 τῆν

2390 4106 2485 4161 διὰ
2533 4114 2624 4167 τῆς
2678 4109 2901 4167 πίστεως
2949 4105 3269 4178 καθαρτικὴν
3323 4106 3484 4179 χάριν
3537 4112 3627 4158 τοῦ
3670 4107 3990 4178 Πνεύματος.

2384 4197 2443 4250 Ὀ
2477 4194 2536 4249 δὲ
2561 4191 2938 4255 οἰκοδεσπότης
2974 4195 3181 4253 νοηθείη
3212 4195 3294 4260 ἄν,
3344 4195 3371 4245 6
3403 4190 3497 4246 διὰ
3539 4201 3636 4256 τῆς
3675 4196 3996 4267 θεωρητικῆς

2386 4289 2445 4338 τὸ
2475 4284 2604 4356 ὕψος
2650 4293 2744 4346 τῆς
2788 4283 2971 4336 ἑαυτοῦ
3027 4282 3383 4355 μεγαλοφυοῦς
3413 4279 3647 4344 διανοίας
3686 4289 3994 4356 καταστρώ-

2389 4395 2486 4436 σας
2531 4376 2834 4449 θεοπρεπέσι
2895 4377 3124 4445 νοήμασί
3151 4392 3206 4425 τε
3261 4377 3352 4426 καὶ
3412 4369 3647 4446 δόγμασι
3688 4375 3822 4446 πρὸς
3857 4374 3993 4426 ὑπο-

2309 4486 2354 4542 D
2389 4460 2562 4535 δοχὴν
2599 4469 2689 4515 τοῦ
2715 4464 2940 4534 μεγάλου
2965 4461 3142 4534 λόγου.

2457 4552 2546 4616 Εἰς
2590 4555 2648 4605 τὸ
2727 4551 2876 4606 αὐτὸ.
2948 4550 3103 4613 Πόλις
3175 4553 3285 4623 μὲν,
3345 4551 3375 4609 ἡ
3427 4557 3519 4603 τοῦ
3596 4550 3718 4604 καθ’
3767 4551 3989 4603 ἕκαστον

2385 4641 2562 4714 ψυχὴ,
2594 4644 2720 4715 πρὸς
2776 4643 2837 4700 ῆν
2891 4639 3293 4693 ἀποστέλλονται
3337 4642 3483 4716 παρά
3530 4647 3624 4693 τοῦ
3675 4645 3800 4693 Θεοῦ
3845 4639 3876 4688 ὅ
3923 4657 3986 4690 τε

2383 4736 2501 4805 περὶ
2551 4729 2734 4804 ἀρετῆς
2780 4733 2879 4796 ,καὶ
2925 4731 2950 4781 ὁ
3001 4733 3120 4804 περί
3169 4734 3403 4801 γνώσεως
3431 4728 3605 4802 λόγος·
3639 4731 3665 4781 ό
3697 4724 3753 4780 6“:
3777 4728 3835 4779 τὸ
3883 4745 3986 4780 κε-

2382 4821 2570 4895 ράμιον
2598 4826 2688 4872 τοῦ
2737 4815 2924 4880 ὕδατος
2977 4816 3261 4891 βαστάζων
3306 4817 3464 4889 ἐστὶν,
3500 4820 3527 4871 ό
3557 4825 3664 4880 τοῖς
3701 4818 3859 4891 ὤμοις
3885 4823 3988 4880 τῆς

2382 4907 2679 4984 ἔγκρατείας
2718 4906 2916 4980 ἀνέχων
2959 4911 3054 4967 τὴν
3112 4904 3206 4961 διὰ
3263 4914 3355 4960 τοῦ
3409 4906 3784 4982 βαπτίσματος
3813 4903 3986 4960 δοθείο

2383 5017 2478 5052 σαν
2520 5001 2682 5073 χάριν
2754 5000 3050 5074 καρτερικὸς
3117 5001 3309 5070 τρόπος
3353 5001 3442 5051 καὶ
3493 4997 3769 5071 λογισμός
3844 4997 3988 5050 οἰκία

2381 5085 2440 5143 δί
2482 5089 2514 5148 ἡ
2565 5087 2622 5143 ἐκ
2667 5087 2864 5142 πολλῶν
2912 5091 3002 5140 καὶ
3045 5083 3328 5160 διαφόρων,
3385 5087 3558 5162 ὥσπερ
3601 5087 3781 5157 λίθων,
3833 5086 3989 5162 στερ-

1825 5441 2043 5511 Variae
2080 5444 2414 5514 lectiones
2471 5452 2541 5513 et
2575 5454 2778 5514 notae.

688 5598 804 5742 ἔθει)
831 5601 893 5650 Δέ
912 5599 1124 5656 omittit
1154 5601 1297 5660 Cod.
1331 5611 1392 5660 A.

714 5671 802 5739 95)
851 5671 1176 5742 Utrumque
1218 5675 1392 5734 schol;

714 5671 802 5739 95)
851 5671 1176 5744 Utrumque
1218 5675 1514 5736 scholium
1545 5680 1780 5738 Maximi
1805 5682 1991 5739 codex
2017 5689 2266 5759 uterque

2373 5617 2734 5702 inmens
2773 5616 3026 5702 exhitzst-

2446 5689 2558 5760 (96)
2598 5685 2896 5757 Ἀνθρωπος
2921 5685 3000 5755 δέ,
3027 5688 3241 5747 omittit
3270 5690 3332 5745 B.
