4170 6334
176 352 317 409 657

1208 349 1577 408 COMMENT.
1616 347 1687 404 IN
1725 345 2178 405 MATTHIEUM.
2205 377 2274 389 --
2299 347 2455 405 CAP.
2484 348 2681 405 XXVI.

3476 350 3583 409 668

190 483 313 557 ρῶν
342 500 395 534 τε
423 483 512 533 καὶ
558 478 670 551 (97)
705 476 964 552 ἀνδρικῶν
1011 480 1149 537 ἠθῶν
1210 481 1299 529 καί
1340 475 1625 557 λογισμῶν,
1672 479 1804 527 οὶκο·

1921 476 2112 529 status
2137 471 2496 546 habitusque
2523 472 2830 530 virtutum.
2861 474 3249 534 Cmnaculum
3274 480 3361 535 est
3388 478 3580 537 subli-

203 568 511 644 δομηθεῖσα
551 569 880 629 κατάστασις
935 573 1024 620 καὶ
1070 568 1171 630 ἕξις
1224 575 1322 619 τῶν
1373 556 1581 637 ἁβετῶν⁶
1642 565 1700 615 τὸ
1752 559 1810 614 δὲ

205 661 447 732 ἀνώγεων
502 660 533 715 ἡ
576 656 751 728 ὑψηλὴ
806 654 1012 710 διάνοια
1058 662 1147 709 καί
1205 659 1331 728 πρὸς
1385 663 1604 725 γνῶσιν
1635 651 1811 709 ἐπιτη-

205 746 440 815 δειότης,
486 746 780 820 ἐστρωμένη
830 748 985 807 θείοις
1029 750 1118 798 καὶ
1171 744 1479 819 ἀπορρήτοις
1526 742 1699 814 λογοις
1756 760 1809 793 τε

200 842 296 889 xxi
331 838 609 908 θεάμασιν·
660 836 685 887 6
737 832 795 888 δὲ
838 832 1235 900 οἰκοδεσπότης,
1271 836 1297 885 6
1326 840 1464 901 νοῦς,
1506 834 1530 884 6
1569 841 1640 902 τῷ
1682 831 1807 903 λαμ-

196 934 320 999 πρῷ
359 933 453 985 τῆς
481 925 598 977 κατ’
645 924 831 1000 ἀρετὴν
879 925 1042 985 οἰκίας
1070 924 1188 995 ὕψει
1237 929 1326 975 καὶ
1358 930 1427 993 τῷ
1473 923 1674 994 μεγέθει
1713 928 1807 981 τῆς

190 1020 447 1086 γνώσεως
504 1013 972 1087 ἐμπλατυνόμενος,
1026 1016 1157 1086 πρὸς
1204 1015 1256 1064 ὃν
1316 1018 1456 1065 ποιεῖ
1490 1015 1548 1062 τὸ
1607 1011 1808 1080 Πάσχα

185 1104 214 1154 ὁ
270 1105 493 1177 Κύριος,
538 1107 781 1155 τουτέστι
832 1101 1102 1168 διάϐασιν,
1159 1097 1428 1172 ἐπιδημῶν
1485 1099 1624 1168 αὐτῷ
1675 1099 1807 1170 μετὰ

185 1200 296 1244 τῶν
361 1194 606 1265 μαθητῶν
658 1192 838 1257 αὐτοῦ,
906 1190 1038 1263 λέγω
1087 1187 1153 1249 δὴ
1219 1198 1318 1242 τῶν
1369 1193 1487 1263 περὶ
1543 1192 1668 1241 Θεοῦ
1716 1190 1805 1239 καὶ

189 1282 359 1334 θείων
389 1280 718 1354 ὑψηλοτέρων
746 1279 911 1352 λόγων
950 1299 1003 1333 τε
1040 1284 1129 1332 καὶ
1160 1278 1443 1353 μυήσεων.]

272 1374 386 1423 Καὶ
415 1370 666 1428 ἐποίησαν
704 1401 771 1411 -
802 1371 828 1422 6
856 1370 1080 1432 Ἰησοῦςο
1120 1369 1208 1431 Ὧς
1237 1368 1351 1440 (98)
1381 1366 1722 1441 παρήγγειλε.

271 1578 381 1627 Καὶ
434 1576 729 1647 ἡτοίμασαν
782 1577 839 1625 τὸ
908 1576 1125 1645 Πάσχα.
1183 1572 1270 1625 Τὰ
1334 1580 1424 1625 τοῦ
1478 1573 1696 1645 Πάσχα,
1740 1575 1806 1625 τὰ

195 1667 334 1738 πρὸς
374 1668 469 1722 τήν
506 1672 599 1716 τοῦ
651 1666 852 1734 Πάσχα
895 1663 1068 1736 ἑορτὴν
1115 1659 1407 1731 ἐπιτήδεια,
1453 1664 1618 1722 καθὼς
1659 1665 1804 1735 εἴρη-

201 1772 313 1806 ται.
369 1756 587 1827 Φανερὸν
637 1753 745 1817 οὖν,
800 1754 879 1804 ὅτι
925 1754 949 1803 6
1010 1757 1241 1826 Χριστὸς
1287 1755 1440 1824 ἔφαγε
1486 1755 1543 1803 τὸ
1596 1755 1804 1823 νομικὸν

1919 562 2033 617 mis
2079 561 2465 632 intelligentia
2508 565 2565 618 et
2614 562 2887 634 aptitudo
2942 564 3022 621 ad
3065 566 3396 633 scientiam,
3438 584 3576 642 quas

1919 652 2197 706 sternitur
2214 650 2432 707 divinis
2462 655 2516 706 et
2554 650 2955 708 ineffabilibus
2979 656 3363 715 sermonibus
3392 673 3463 715 ac
3482 675 3577 717 re-

1917 738 2334 803 velationibus,
2376 739 2803 796 Paterfamilias
2850 757 3020 797 mens
3063 749 3175 814 est,
3210 761 3346 817 quae
3383 745 3572 818 ipsius

1917 829 2136 884 domus
2164 845 2264 900 per
2298 829 2573 884 virtutem
2612 833 2989 896 constructae,
3027 832 3186 889 clara
3223 834 3571 893 celsitudine

1918 921 1973 974 et
2015 917 2366 987 cognitionis
2402 917 2810 988 magnitudine
2840 918 3119 977 dilatatur
3150 939 3162 978 :
3193 926 3352 995 apud
3385 941 3569 997 quem

1915 1006 2053 1063 facit
2088 1007 2375 1064 Dominus
2415 1005 2661 1074 Pascha,
2703 1007 2817 1063 hoc
2861 1012 2970 1073 est,
3015 1011 3331 1068 transitum
3360 1028 3373 1067 :
3402 1028 3566 1070 acce-

1914 1096 2063 1152 dens
2094 1096 2171 1152 ad
2190 1112 2331 1152 eum
2360 1110 2477 1152 una
2496 1112 2633 1152 cum
2659 1095 2967 1169 discipulis
2997 1099 3138 1164 suis,
3162 1098 3225 1154 id
3245 1103 3356 1166 est,
3389 1100 3571 1157 subli-

1914 1186 2114 1241 mibus
2143 1185 2521 1242 sermonibus
2540 1200 2606 1241 ac
2625 1184 3135 1253 instructionibus,
3176 1203 3317 1260 quae
3350 1189 3425 1245 de
3447 1191 3569 1246 Deo

1911 1277 1968 1332 et
1993 1289 2031 1333 a
2051 1275 2173 1333 Deo
2203 1279 2363 1331 sunt.

1981 1382 2143 1439 Vers.
2178 1383 2264 1439 l9.
2306 1383 2385 1439 Et
2408 1383 2689 1453 fecerunt
2711 1412 2781 1424 —
2817 1383 3007 1440 Jesus.
3041 1383 3201 1441 Sicut
3240 1382 3568 1450 constituit,

1912 1472 2027 1529 hoc
2047 1475 2139 1528 est
2158 1472 2458 1545 praecepit.

1984 1564 2142 1617 Vers.
2183 1565 2262 1617 19.
2290 1562 2379 1617 Ac
2405 1568 2903 1632 prwparaverunt
2927 1562 3172 1632 pascha.
3206 1565 3574 1619 Paraverunt

1916 1650 2161 1721 pascha,
2190 1650 2248 1705 id
2268 1654 2353 1706 est
2374 1666 2443 1707 ea
2468 1666 2602 1722 quae
2616 1651 2693 1706 ad
2714 1650 2959 1707 Paschte
2976 1651 3189 1709 festum
3207 1667 3361 1725 opus
3378 1657 3568 1719 erant,

1917 1739 2071 1795 sicut
2119 1739 2339 1795 dictum
2388 1743 2498 1796 est.
2544 1739 2924 1796 Manifestum
2963 1755 3107 1810 ergo
3144 1745 3233 1797 est
3274 1740 3571 1797 Christum

200 1843 414 1912 Πάσχα
462 1844 602 1897 τότε.
645 1841 719 1893 Οὐ
762 1843 862 1913 γὰρ
904 1842 964 1893 οἶν
1010 1844 1177 1913 μάτην
1224 1843 1288 1893 τά
1317 1844 1440 1914 πρὸς
1480 1844 1571 1899 τὴν
1620 1845 1804 1913 χρείαν

1921 1832 2053 1884 tunc
2079 1828 2266 1897 legale
2291 1829 2521 1898 pascha
2540 1828 2944 1885 manducasse
2972 1846 2985 1884 :
3009 1845 3204 1902 neque
3228 1829 3392 1887 enim
3422 1829 3571 1886 frus-

201 1931 517 2002 ἡτοίμαζον.

276 2018 471 2090 Ὀψίας
546 2049 600 2060 --
683 2015 907 2072 δώδεκα.
978 2017 1168 2088 Ὀψίαν
1235 2024 1327 2075 τὴν
1396 2018 1611 2093 ἑσπέραν
1676 2016 1802 2073 εἶπε.

200 2113 307 2161 Καὶ
360 2109 385 2159 6
431 2112 636 2167 Λουκᾶς
684 2103 742 2159 δε
784 2126 959 2178 φησιν,
1003 2108 1082 2159 ὄτι
1115 2111 1215 2159 Καὶ
1266 2109 1343 2159 ὅτε
1382 2106 1575 2178 ἐγένετο
1609 2109 1638 2165 ἠ
1674 2108 1801 2181 ὥρα,

196 2194 452 2255 δηλονότι
490 2198 519 2254 ἡ
554 2204 647 2257 τῆς
688 2195 922 2270 ἑσπέρας.
964 2196 1220 2249 Ἐντεῦθεν
1262 2216 1388 2257 τινες
1435 2196 1805 2269 ἰσχυρίζονται

192 2291 268 2358 μὴ
331 2293 506 2358 φαγεῖν
548 2290 659 2337 τότε
706 2288 764 2336 τὸ
807 2288 1016 2358 νομικὸν
1054 2286 1247 2356 πάσχα
1292 2289 1375 2337 τὸν
1424 2288 1673 2359 Χριστὸν,
1717 2292 1804 2338 καὶ

191 2376 536 2449 παράγουσιν
588 2370 895 2436 ἀποδείξεις·
953 2377 1031 2426 ὅτι
1081 2371 1494 2449 τρισκαιδεκάτη
1551 2379 1665 2427 τότε
1714 2382 1803 2427 τοῦ

186 2467 367 2537 μηνὸς
415 2459 495 2521 ἦν·
540 2459 646 2515 ἔδει
687 2459 746 2515 δε
797 2466 931 2515 κατά
981 2467 1072 2522 τὴν
1121 2460 1700 2539 τεσσαρεσκαιδεκάτην
1745 2467 1802 2517 τὸ

193 2556 410 2624 Πάσχα
455 2560 650 2625 φαγεῖν.
697 2557 793 2605 Καὶ
841 2554 920 2605 ὅτι
965 2554 989 2604 6
1019 2555 1108 2625 μὲν
1139 2557 1288 2625 νόμος
1319 2553 1548 2615 ἑστῶτας
1586 2552 1803 2606 ἐκέλευεν

192 2641 399 2695 ἐσθίειν
448 2645 507 2693 τὸ
553 2643 772 2713 Πάσχα·
821 2642 965 2702 οὗτος
1015 2638 1072 2694 δέ
1131 2640 1359 2697 ἀνέπεσε.
1414 2647 1513 2695 Καὶ
1574 2644 1653 2694 ὅτι
1703 2649 1805 2704 πᾶς

191 2734 367 2807 οἰρτος
429 2732 669 2803 ζυμωτὸς
715 2730 941 2805 ἐξηρεῖτο
988 2734 1088 2804 πρὸ
1141 2740 1233 2793 τῆς
1289 2734 1491 2796 θυσίας,
1544 2737 1631 2784 καὶ
1678 2737 1805 2805 πυρὶ

189 2824 526 2874 κατεκαίετο·
570 2828 658 2871 νῦν
711 2817 769 2872 δὲ
816 2824 904 2872 καὶ
945 2819 1099 2894 ἆρτος
1146 2822 1456 2896 παράκειται
1497 2826 1586 2873 καὶ
1618 2818 1807 2894 διαμε-

190 2915 431 2984 ρίζεται.
468 2914 570 2961 Καὶ
599 2910 678 2961 ὅτι
704 2908 856 2961 ὀπτὸν
886 2914 1037 2982 μόνον
1068 2912 1207 2984 θέμις
1246 2907 1306 2968 ἧν
1344 2917 1546 2982 φαγεῖν’
1588 2910 1807 2963 ἐνταῦθα

196 2996 255 3052 δὲ
285 3003 392 3051 καὶ
425 3001 595 3070 ζωμὸς
615 3000 971 3072 παρατίθεται.

270 3090 481 3143 Λοιπὸν
521 3085 606 3139 οὖν
654 3091 779 3160 πρὸς
819 3087 1039 3147 ἑκάστην
1085 3087 1363 3161 ἀπολογίαν
1403 3088 1512 3161 (99)
1544 3087 1804 3161 ἀπολογη-

1916 1923 1999 1973 tra
2027 1933 2159 1989 quae
2182 1916 2522 1973 necessaria
2550 1920 2716 1972 erant
2744 1921 3175 1989 praepararant.

1985 2025 2142 2078 Vers.
2166 2023 2253 2078 20.
2296 2024 2547 2091 Vespera
2576 2052 2644 2062 —
2677 2023 3010 2079 duodecim.
3044 2025 3226 2079 Lucas
3252 2025 3454 2079 autem
3480 2023 3572 2079 di-

1911 2112 1994 2168 xit
2024 2129 2037 2167 :
2068 2111 2207 2167 Cum
2237 2101 2387 2167 hora
2411 2110 2742 2169 advenisset
2760 2113 2831 2182 3³,
2856 2110 3127 2167 videlicet
3156 2110 3415 2167 serotina
3446 2112 3569 2167 sive

1914 2201 2263 2272 vespertina.
2297 2199 2442 2255 Hinc
2481 2198 2782 2256 afﬁrmant
2810 2198 3061 2273 quidam
3089 2214 3211 2256 non
3237 2198 3571 2257 comedisse

1912 2294 2048 2345 tunc
2093 2290 2388 2345 Christum
2412 2288 2605 2358 legale
2630 2288 2879 2360 pascha,
2913 2292 2970 2346 et
2992 2303 3205 2346 causas
3234 2288 3564 2354 adducunt,

1913 2379 2075 2452 quod
2100 2379 2371 2435 decimus
2390 2378 2592 2435 tertius
2615 2381 2756 2435 tunc
2772 2377 2899 2433 dies
2916 2377 3141 2435 mensis
3163 2382 3315 2435 esset
3349 2396 3362 2447 ;
3398 2393 3570 2450 opor-

1912 2469 2073 2526 tebat
2089 2472 2286 2525 autem
2310 2467 2545 2523 decimo
2558 2473 2764 2538 quarto
2780 2466 3009 2537 pascha
3025 2466 3366 2533 comedere;
3385 2467 3570 2538 quod-

1912 2574 2031 2630 que
2058 2556 2153 2613 lex
2184 2560 2407 2612 stantes
2438 2555 2611 2612 edere
2628 2554 2865 2626 juberet
2888 2572 2900 2609 :
2926 2554 3052 2628 ipse
3069 2570 3210 2612 vero
3241 2554 3565 2613 discubuit.

1913 2647 2197 2702 Praeterea
2224 2644 2421 2700 omnis
2445 2643 2623 2717 panis
2643 2642 3034 2700 fermentatus
3054 2648 3193 2700 ante
3212 2643 3570 2701 immolatio-

1914 2750 2051 2791 nem
2065 2733 2475 2804 abjiciebatur,
2494 2732 2751 2804 igneque
2770 2730 3240 2788 comburebatur
3255 2748 3269 2799 ;
3285 2747 3444 2788 nunc
3464 2747 3567 2790 au-

1915 2830 2032 2881 tem
2058 2829 2114 2879 et
2141 2822 2311 2895 panis
2339 2822 2525 2887 adest,
2557 2823 2630 2890 .'et
2666 2820 2966 2878 dividitur.
3016 2820 3109 2876 Ad
3140 2820 3267 2878 haec
3296 2824 3564 2878 assatum

1914 2916 2144 2970 tantum
2169 2912 2343 2968 edere
2374 2910 2465 2969 fas
2493 2913 2619 2967 erat
2646 2926 2660 2977 ;
2687 2909 2782 2965 his
2811 2924 2951 2967 vero
2990 2910 3172 2967 etiam
3200 2909 3300 2981 jus
3327 2924 3449 2982 quo
3476 2909 3566 2966 in-

1913 3002 2155 3072 tingitur
2172 2999 2369 3073 panis,
2398 2998 2742 3071 apponitur.

1982 3089 2486 3162 Respondendum
2525 3103 2668 3159 ergo
2707 3090 2794 3144 est
2820 3086 2899 3145 ad
2929 3101 3421 3160 unamquamque
3449 3088 3564 3144 hae-

192 3183 328 3232 τίον.
386 3175 642 3248 Προελαϐε
681 3181 770 3249 μέν
818 3180 903 3229 τὸν
946 3182 1125 3250 καιρὸν
1158 3180 1326 3252 ἡμέρᾳ
1375 3183 1473 3251 μιᾷ
1513 3179 1631 3231 κατ’
1671 3179 1803 3231 οἰκο-

1921 3180 2273 3237 sitationem.
2301 3181 2559 3250 Tempus
2578 3175 2824 3249 quidem
2848 3176 3253 3249 dispensative
3279 3175 3563 3248 anticipa-

195 3270 406 3338 νομίαν.
463 3261 675 3322 Ἐπειδὴ
735 3268 836 3340 γὰρ
886 3264 1176 3337 ἐγίνωσκεν,
1231 3269 1309 3319 ὅτι
1360 3270 1491 3319 κατὰ
1542 3272 1635 3325 τὴν
1685 3287 1805 3320 τεσ-

202 3351 660 3428 σαρεσκαιδεκάτη
670 3376 692 3406 ν
757 3353 1089 3408 ἀποθανεῖται
1101 3371 1113 3383 ’

202 3446 342 3495 κατὰ
387 3448 480 3501 τὴν
533 3445 731 3517 ἡμέραν
776 3451 866 3504 τῆς
913 3444 990 3516 (1)
1036 3452 1127 3496 τοῦ
1163 3452 1382 3496 τυπικοῡ
1422 3443 1585 3516 ἀμνοῦ
1617 3446 1804 3505 θυσίας

210 3532 559 3592 θυσιασθῆναι
604 3536 696 3585 καὶ
735 3535 821 3585 τὸν
852 3532 1091 3591 ἀληθινὸν
1139 3532 1315 3605 ἀμνὸν,
1363 3535 1499 3595 ὅπως
1544 3533 1805 3592 καταλλή-

1193 3360 1281 3408 καὶ
1355 3359 1455 3429 γὰρ
1537 3356 1671 3418 εἰκὸς
1742 3354 1801 3415 ἦν

207 3618 304 3681 λως
346 3620 596 3693 ἐπενεχθῇ
638 3629 710 3693 τῷ
751 3624 897 3693 τύπῳ
936 3624 966 3679 ἡ
1020 3620 1253 3679 ἀλήθεια·
1304 3621 1481 3675 λοιπὸν
1530 3625 1660 3675 κατά
1709 3628 1801 3681 τὴν

212 3706 647 3780 τρισκαιδεκάτην
702 3708 863 3762 ἐσθίει
919 3712 975 3762 τὸ
1034 3714 1250 3782 Πάσχα,
1311 3715 1381 3783 μὴ
1447 3710 1802 3785 ἐγχωροϋντος

214 3796 391 3870 ἑτέρως
446 3806 535 3850 τοῦ
591 3801 918 3873 πράγματος.
978 3800 1128 3851 Οὕτω
1192 3802 1293 3873 γὰρ
1352 3804 1441 3851 καὶ
1487 3804 1543 3852 τὸ
1594 3803 1802 3872 νομικὸν

214 3882 477 3959 ἐπλήρωσε
548 3890 756 3958 πάσχα,
839 3892 925 3940 xui
985 3891 1043 3940 τὸ
1104 3890 1446 3959 πνευματικὸν
1510 3886 1795 3961 παρέδωκε,

212 3978 303 4026 καὶ
368 3974 553 4027 αὐτίκα
605 3975 651 4027 ἐν
703 3976 832 4049 αὐτῇ
890 3985 952 4049 τῇ
1012 3984 1160 4029 νυκτὶ
1219 3976 1503 4049 συνελήφθη
1532 3981 1675 4051 παρὰ
1701 3987 1801 4029 τῶν

208 4060 495 4118 Ἰουδαίων.
547 4068 632 4116 Διό
688 4066 776 4117 xui
820 4069 949 4139 πρὸς
991 4069 1109 4128 τοὺς
1148 4067 1386 4137 μαθητὰς
1438 4071 1596 4118 εἰπεῖν
1649 4067 1801 4119 αὐτὸν

214 4153 409 4225 ἱστορεῖ
482 4159 705 4217 Λουκᾶς,

208 4242 268 4291 τὸ
324 4243 525 4313 Πάσχα
566 4250 740 4314 φαγεῖν
791 4244 904 4316 μεθ’
967 4245 1109 4315 ὑμῶν
1158 4247 1257 4317 πρὸ
1330 4251 1422 4296 τοῦ
1479 4263 1542 4312 με
1596 4247 1797 4312 παθεῖν,

210 4334 466 4398 τουτέστι,
513 4328 718 4405 Σπουδῇ
772 4330 1083 4386 ἐσπούδασα
1114 4337 1173 4385 τὸ
1220 4340 1311 4385 τοῦ
1354 4332 1588 4386 ἐνιαυτοῦ
1617 4337 1799 4387 τούτου

211 4420 403 4491 πάσχα
446 4428 621 4492 φαγεῖν
670 4421 781 4494 μεθ’
828 4423 991 4493 ὑμῶν,
1037 4425 1105 4493 μὴ
1152 4420 1427 4487 ἀνάμείνας
1470 4425 1553 4475 τὸν
1607 4443 1799 4496 νενομι-

795 4156 869 4207 ὅτι
943 4154 1227 4227 Ἐπιθυμίᾳ
1278 4154 1582 4227 ἐπεθύμησα
1649 4156 1800 4208 τούτο

1912 3270 1991 3325 vit
2020 3284 2142 3323 uno
2166 3268 2281 3322 die.
2297 3267 2446 3335 Quia
2462 3266 2622 3321 enim
2646 3268 2891 3322 noverat
2916 3280 2976 3321 se
2988 3264 3223 3321 decimo
3235 3269 3446 3336 quarto
3468 3263 3564 3320 die

1912 3358 2266 3414 moriturum
2300 3373 2312 3410 :
2344 3354 2641 3426 siquidem
2671 3369 2908 3425 aequum
2949 3357 3075 3409 erat
3097 3357 3163 3409 ut
3185 3352 3281 3408 die
3301 3367 3422 3425 quo
3454 3352 3561 3407 im-

1912 3444 2245 3502 molabatur
2272 3442 2616 3514 ﬂgurativus
2643 3454 2857 3511 agnus,
2892 3445 2948 3497 et
2978 3456 3157 3497 verus
3195 3455 3438 3513 quoque
3468 3455 3564 3511 ag-

1912 3550 2025 3590 nus
2054 3532 2482 3597 immolaretur,
2505 3533 2571 3587 ut
2599 3530 2856 3586 invicem
2899 3529 3331 3602 responderent
3370 3531 3564 3599 ﬁgura

1911 3628 1967 3680 et
2022 3622 2255 3678 veritas.
2290 3620 2418 3676 Edit
2459 3619 2641 3690 igitur
2688 3618 2925 3675 decimo
2980 3619 3151 3674 tertio
3199 3617 3295 3674 die
3346 3618 3563 3689 pacha,

1910 3712 2091 3768 rebus
2122 3710 2289 3767 aliter
2313 3724 2434 3765 non
2463 3707 2797 3764 sinentibus
2827 3726 2840 3778 ;
2865 3724 3008 3764 nam
3043 3707 3124 3765 ita
3162 3715 3215 3764 et
3246 3706 3435 3776 legale
3457 3706 3567 3763 im-

1909 3800 2092 3874 plevit
2126 3799 2373 3871 pascha,
2412 3802 2467 3853 et
2497 3796 2795 3868 spirituale
2826 3796 3086 3861 tradidit,
3150 3796 3464 3868 statimque
3503 3797 3565 3851 id

1911 3894 1998 3947 est
2013 3905 2082 3944 ea
2107 3891 2278 3943 nocte
2298 3904 2333 3943 a
2360 3886 2578 3942 Judaeis
2606 3885 3075 3957 comprehensus
3097 3888 3204 3940 est.
3228 3884 3362 3939 Ideo
3382 3883 3564 3941 etiam

1909 3978 2120 4034 dixisse
2162 3992 2297 4031 eum
2328 3973 2628 4045 discipulis
2658 3973 2861 4029 scribit
2889 3974 3094 4041 Lucas,
3141 3972 3440 4028 Desiderio
3469 3972 3563 4028 de-

1908 4067 2167 4123 sideravi
2200 4066 2308 4122 hoc
2334 4063 2563 4134 pascha
2591 4063 2898 4121 comedere
2922 4068 3243 4132 antequam
3264 4062 3469 4131 patiar
3490 4062 3559 4128 ιι,

1908 4156 2020 4212 hoc
2062 4159 2169 4220 est,
2224 4153 2610 4210 Festinatione
2659 4150 2932 4208 festinavi
2982 4151 3091 4206 hoc
3139 4164 3299 4206 anno
3339 4149 3567 4221 pascha

1908 4245 2083 4301 edere
2120 4242 2436 4299 vobiscum
2463 4246 2786 4314 antequam
2815 4239 3005 4311 patiar
3038 4254 3053 4305 ;
3079 4238 3142 4294 id
3162 4243 3271 4306 est,
3288 4254 3409 4295 non
3437 4253 3568 4294 exs-

1908 4332 2140 4407 pectavi
2166 4337 2401 4404 tempus
2415 4331 2589 4401 alege
2609 4333 2916 4396 statutum,
2931 4343 3007 4385 ne
3022 4327 3423 4401 passiqcrucis
3435 4342 3573 4400 pro-

1908 4424 2139 4479 hiberet
2166 4421 2408 4491 legalem
2441 4435 2672 4478 coenam
2702 4433 2772 4476 ac
2801 4417 3138 4489 mysticam.
3183 4418 3250 4473 Et
3276 4414 3409 4473 haec
3438 4415 3569 4490 qui-

214 4512 391 4578 σμένον
437 4511 640 4582 καιρὸν,
683 4509 767 4560 ἵνα
803 4513 874 4580 μὴ
910 4513 969 4561 τὸ
1002 4510 1165 4571 πάθος
1202 4518 1293 4561 τοῦ
1327 4519 1554 4585 σταυροῦ
1591 4514 1797 4585 κωλύσῃ

1921 4511 2051 4568 dem
2080 4510 2155 4566 de
2180 4513 2469 4581 tempore.

209 4600 294 4647 xui
340 4599 426 4648 τὸν
454 4600 667 4669 νομικὸν
700 4594 904 4650 δεῖπνον
944 4602 1033 4650 καὶ
1070 4601 1157 4650 τὸν
1188 4602 1462 4670 μυστικόν.
1493 4605 1671 4651 Ταῦτα
1716 4604 1804 4671 μὲν

207 4688 319 4756 περὶ
349 4692 441 4738 τοῦ
475 4692 682 4759 καιροῦ.

280 4778 403 4847 Περὶ
443 4770 502 4828 δὲ
552 4782 646 4827 τοῦ
690 4778 883 4850 τρόπου
929 4783 1025 4837 τῆς
1077 4774 1347 4850 βρώσεως·
1409 4776 1541 4836 εἰκὸς
1604 4784 1807 4851 πρῶτον

214 4861 300 4929 μεν
341 4861 563 4925 ἑστῶτας
612 4870 791 4936 φαγεῖν
837 4867 896 4917 τὸ
940 4867 1134 4937 πάσχα
1182 4868 1317 4917 κατὰ
1357 4868 1442 4918 τὸν
1482 4869 1655 4938 νόμον,
1698 4864 1810 4920 εἶτα

217 4944 484 5002 ἀναπεσεῖν
512 4956 600 5004 καὶ
633 4948 881 5010 δειπνεῖν,
925 4953 984 5005 Ὀ
1017 4950 1051 5005 δ
1056 4955 1068 4974 ⁹
1094 4954 1248 5026 ἄρτος
1276 4958 1366 5006 xui
1395 4955 1421 5005 6
1453 4954 1627 5026 ζωμὸς
1654 4975 1807 5028 παρε-

216 5038 437 5096 τέθησαν
459 5042 586 5110 μετὰ
612 5044 670 5094 τὸ
698 5049 874 5114 φαγεῖν
904 5042 1091 5104 αὐτοὺς
1118 5045 1178 5095 τὸ
1199 5045 1395 5115 πάσχα
1416 5048 1508 5095 καὶ
1536 5041 1807 5097 ἀναπεσειν

288 5192 332 5227 ¹³
363 5192 500 5249 Luc.
532 5209 676 5263 xm,
708 5199 793 5251 14.
909 5196 957 5232 ¹⁴
988 5193 1133 5251 Ibid.
1169 5196 1256 5251 l5.

1988 4781 2066 4835 De
2085 4775 2268 4834 modo
2292 4776 2494 4831 autem
2510 4768 2940 4834 manducandi,
2959 4767 3273 4826 verisimile
3297 4771 3388 4825 est
3402 4769 3568 4840 quod

1916 4871 2138 4923 stantes
2202 4864 2467 4937 primum
2513 4858 3024 4917 manducaverunt
3081 4856 3300 4929 pascha
3358 4870 3566 4914 secun-

1917 4956 2064 5012 dum
2098 4955 2290 5025 legem
2331 4949 2580 5010 :deinde
2605 4945 3038 5004 discubuerant
3065 4951 3121 5001 et
3160 4950 3564 5002 cmnaverunt.

1918 5043 2091 5100 Panis
2142 5046 2340 5098 autem
2390 5046 2447 5094 et
2492 5041 2594 5108 jus
2642 5033 2918 5107 apposita
2962 5038 3101 5092 sunt
3148 5041 3456 5108 postquam
3484 5034 3567 5092 illi

1428 5318 1652 5388 Variae
1690 5320 2017 5389 lectiones
2048 5329 2113 5386 et
2143 5327 2346 5385 notae.

278 5488 390 5560 (97)
424 5487 540 5543 Pro
578 5506 633 5539 τε
653 5491 759 5555 καὶ,
787 5486 921 5543 cod.
950 5488 1018 5542 A.
1051 5488 1156 5560 dat
1176 5496 1293 5560 τῶν.

280 5557 394 5629 (98⁷)
431 5560 553 5634 Hoc
592 5563 649 5615 et
697 5560 1034 5629 proximum
1078 5558 1369 5615 scholium
1418 5562 1812 5634 conjunxerat

212 5627 555 5686 He‘ntenius.

285 5700 396 5772 (99)
427 5700 875 5768 Ha’sitatz'onem,
927 5700 1265 5758 Hentenius.
1318 5703 1483 5760 Forte
1531 5703 1813 5760 invenerit

1920 5486 2164 5561 ἀπορίαν.
2217 5481 2673 5561 Ἀπορίαν-ϐρίμῃ
2712 5478 2961 5561 propius
3002 5477 3233 5561 accedit
3264 5476 3344 5533 ad
3373 5477 3575 5561 simili:

1919 5548 2187 5616 tudinem
2202 5548 2479 5613 vocabuli
2510 5548 2810 5623 ἀπολογίαν,
2824 5548 3016 5623 quam
3033 5550 3112 5607 ad
3126 5551 3389 5617 ἔνστασιν,
3407 5548 3576 5621 quod

1920 5630 2204 5694 cuiquam
2237 5628 2298 5683 in
2324 5629 2585 5683 mentem
2614 5621 3052 5694 ve’nirepossit.

1993 5693 2069 5774 (Γ)
2095 5707 2200 5760 Τῆς
2227 5703 2281 5755 et
2301 5715 2440 5755 mox
2474 5698 2676 5765 θυσίας,
2716 5693 2927 5751 omittit
2957 5693 3019 5747 Β.
