4170 6334
559 271 672 327 659

1894 254 2188 314 EUTHYH
2199 253 2247 308 ΙΙ
2285 251 2611 318 ZIGABENI

3847 248 3950 304 660

554 397 777 470 pascha
808 395 1340 456 manducaverant,
1367 394 1426 447 et
1453 390 1515 445 in
1545 404 1719 445 omna
1745 386 2213 450 discubuerant;

2346 379 2380 431 ἓν
2426 387 2500 450 τῷ
2541 377 2757 450 δείπνῳ.
2797 382 2940 431 οῦπω
2975 381 3078 451 γὰρ
3124 376 3306 437 ἦλθενή
3356 371 3950 452 τεσσαρεσκαιδεκάτη,

559 485 833 542 nondum
861 483 1022 539 enim
1064 485 1304 538 venerat
1327 480 1596 538 decimus
1631 482 1883 550 quartus
1923 474 2070 542 dies,
2102 487 2224 544 quo

560 589 736 630 omne
765 572 1188 630 fermentatum
1227 570 1528 641 abjectum
1561 571 1705 624 erat.
1736 569 1850 622 Nec
1894 563 2226 637 quidquam

562 662 806 720 vetabat
826 661 1127 733 jurulenta
1156 675 1400 732 quoque
1430 658 1631 714 edere.

638 753 704 807 Et
744 766 924 823 quam
955 751 1034 806 ob
1066 764 1313 805 causam
1345 750 1648 803 tacuerunt
1677 743 2057 814 evangelistaa
2087 742 2226 798 Pas-

569 841 698 897 chae
721 839 1115 902 mutationem
1149 837 1268 908 (aa)
1297 835 1326 891 ‘P
1353 835 1503 901 Quia
1517 834 1927 890 necessarium
1957 847 2080 888 non
2104 835 2232 886 erat

570 930 647 987 de
675 930 790 986 hac
812 945 891 986 re
934 929 1131 984 dicere
1164 943 1176 981 :
1205 925 1350 999 quid
1382 925 1541 982 enim
1572 923 1918 980 Christianis
1969 921 2232 978 confere-

570 1019 679 1076 bat
707 1019 811 1089 huj
823 1035 889 1074 us
901 1016 1258 1073 reinarratio
1281 1016 1311 1072 ?
1344 1014 1508 1070 Hanc
1525 1028 1666 1082 ergo
1683 1011 2190 1084 prastermiserunt
2211 1025 2225 1074 ;

573 1123 883 1164 sermones
910 1111 1108 1162 tamen
1134 1119 1320 1160 coena;
1344 1102 1609 1174 mysticae
1621 1101 1964 1172 diligentius
1976 1104 2232 1172 pertrac-

570 1201 800 1263 tarunt,
845 1200 1048 1267 utpote
1080 1193 1341 1249 maxime
1385 1191 1759 1248 necessarios
1793 1206 1864 1253 ac
1903 1188 2231 1261 plurimum

567 1285 971 1341 conducentes
997 1283 1076 1338 ad
1097 1282 1280 1338 ﬁdem
1301 1285 1589 1336 nostram.
1615 1281 1682 1335 Et
1706 1279 1928 1351 ubique
1959 1277 2229 1346 regulam

564 1374 724 1430 hanc
755 1373 1098 1435 observant,
1135 1375 1196 1426 ut
1229 1385 1363 1442 quae
1391 1369 1722 1424 necessaria
1754 1383 1876 1424 non
1905 1372 2044 1422 sunt
2084 1382 2231 1438 prae-

564 1465 912 1527 tercurrant,
938 1461 1029 1517 vel
1058 1459 1115 1515 in
1135 1459 1380 1515 transitu
1405 1457 1601 1514 solum
1623 1457 1992 1513 mentionem
2019 1472 2229 1511 eorum

566 1551 805 1616 faciant,
839 1565 1083 1606 omnem
1105 1547 1476 1619 diligentiam
1497 1562 1565 1602 ac
1593 1546 1858 1602 studium
1890 1545 2042 1600 circa
2065 1543 2231 1598 utilia

569 1641 912 1710 dirigentes.

648 1729 868 1784 Verum
895 1743 1033 1783 cum
1060 1730 1192 1783 ante
1210 1725 1543 1796 legitimum
1572 1727 1812 1796 tempus
1834 1724 2100 1778 Christus
2132 1724 2231 1778 Pa—
2263 1727 2306 1781 Β

577 1817 722 1873 scha
760 1816 1087 1888 perfecerit,
1113 1813 1421 1887 quomodo
1449 1812 1636 1868 Judaei
1665 1812 1981 1868 manifesta
2002 1813 2115 1867 hac
2141 1826 2235 1866 ac-

579 1906 887 1960 cusatione
924 1903 1144 1971 relicta,
1189 1901 1534 1975 quaerebant
1563 1901 1780 1956 falsum
1834 1900 2237 1957 testimonium

582 1993 870 2050 adversus
883 1991 1131 2047 Iesum?
1153 1991 1302 2057 Quia
1327 1989 1593 2046 sciebant
1617 1989 1838 2044 nullam
1868 2004 1994 2044 esse
2021 1988 2234 2057 legem,
2266 2023 2273 2030 ς

583 2097 716 2153 qua;
775 2079 1203 2136 condemnaret
1230 2095 1369 2135 eum
1398 2079 1501 2151 qui
1535 2077 1768 2134 Pascha
1817 2082 1953 2133 ante
2001 2082 2239 2148 tempus

579 2170 937 2226 celebrasset
969 2186 982 2235 ;
1014 2167 1377 2242 praevidente
1426 2168 1566 2223 olim
1595 2169 1714 2223 Deo
1767 2166 1930 2239 quod
1975 2166 2238 2221 futurum

583 2263 729 2326 erat,
762 2258 1029 2330 nihilque
1069 2258 1139 2312 de
1179 2257 1292 2313 hoc
1324 2261 1639 2314 statuente.
1692 2258 1756 2310 Et
1783 2254 1915 2310 vide
1964 2270 2090 2310 rem
2135 2253 2240 2310 ad-

578 2347 894 2405 miratione
921 2347 1190 2418 dignam,
1236 2347 1402 2420 quod
1432 2350 1639 2402 contra
1668 2360 1827 2408 eum,
1861 2344 1964 2415 qui
1995 2347 2132 2416 post
2163 2343 2240 2400 1e-

580 2437 857 2508 gitimum
897 2441 1134 2511 tempus
1155 2437 1518 2493 celebrasset
1549 2437 1768 2489 statum
1791 2437 1933 2500 erat,
1967 2432 2079 2486 nisi
2112 2432 2239 2488 talis

580 2528 950 2583 occasionem
977 2527 1236 2582 maxime
1255 2523 1646 2581 necessariam
1673 2521 2040 2594 prtetexisset
2068 2539 2079 2574 :
2104 2537 2241 2577 con-

583 2620 678 2671 tra
720 2633 860 2672 eum
915 2631 1055 2669 vero
1083 2615 1186 2686 qui
1217 2617 1453 2686 tempus
1490 2613 1891 2686 praevenisset,
1927 2610 2089 2666 nulla
2120 2614 2243 2666 erat

585 2703 831 2758 deﬁnita
860 2718 1060 2773 poena.
1093 2704 1352 2757 Joannes
1385 2706 1586 2756 autem
1605 2700 1746 2754 dicit
1766 2701 1833 2763 ‘5,
1859 2699 2022 2772 quod
2041 2715 2178 2754 cum
2206 2715 2242 2755 a

588 2805 762 2845 coena
794 2790 1161 2857 surrexisset,
1188 2790 1488 2860 pedesque
1519 2787 1947 2859 discipulorum
1976 2787 2238 2852 lavisset,

587 2893 796 2932 rursus
815 2876 1116 2932 discubuit
1143 2893 1158 2941 ;
1192 2892 1335 2931 nam
1359 2875 1473 2932 hoc
1501 2882 1678 2947 caput
1707 2875 1784 2932 ab
1831 2876 1960 2932 aliis
1991 2891 2242 2946 evange-

588 2965 735 3021 listis
769 2969 856 3021 est
877 2965 1349 3038 praetermissum
1385 2983 1398 3020 :
1427 2965 1629 3032 etfideo
1646 2965 1879 3038 scripsit
1907 2965 2004 3021 ille
2033 2981 2243 3038 quem-

2333 471 2450 522 καθ’
2481 474 2542 528 ἦν
2588 469 2722 521 ἅπαν
2755 469 2991 540 ζυμωτόν
3023 468 3378 540 ἐξηφανίξετο,
3412 473 3512 520 Καὶ
3539 463 3696 519 οὐδὲν
3729 463 3951 517 ἐκώλυεν

2336 560 2410 611 ἔτι
2447 563 2537 610 καὶ
2579 561 2748 630 ζωμόν
2775 557 2984 612 ἐσθίειν.

2412 756 2512 806 Καὶ
2563 748 2711 804 διατί
2756 757 3168 825 παρεσιώπησαν
3204 753 3255 803 οἱ
3291 749 3659 822 εῦαγγελισταὶ
3714 753 3824 806 τὴν
3875 755 3955 799 τοῦ

2340 842 2541 913 Πάσχα
2584 839 2904 912 μετάληψιν;
2934 845 3077 893 Διότι
3123 839 3217 892 οὐκ
3260 841 3321 898 ἦν
3377 837 3655 910 ἀναγκαῖον
3714 839 3782 888 τὸ
3841 844 3955 907 περὶ

2337 931 2533 991 ταύτης
2575 928 2750 982 εἰπεῖν.
2808 933 2872 981 Τί
2916 930 3015 1000 γὰρ
3073 928 3135 979 οἷν
3192 932 3282 980 καὶ
3340 927 3629 980 συνετελεσε
3688 933 3957 998 Χριστιτι⁹

2337 1023 2443 1080 νοῖς
2489 1020 2520 1074 ἡ
2577 1020 2778 1080 ταύτης
2822 1013 3112 1088 διήγησις;
3165 1019 3253 1069 Διό
3292 1019 3482 1073 ταύτην
3539 1018 3629 1086 μεν
3679 1009 3957 1085 παρέδρα-

2338 1125 2452 1178 μον·
2512 1112 2619 1168 τοῖς
2674 1102 2734 1158 δὲ
2780 1105 2948 1177 λόγοις
3000 1112 3093 1158 τοῦ
3151 1112 3409 1177 μυστικοῦ
3466 1101 3679 1156 δείπνου
3740 1101 3959 1174 90.07::-

2338 1201 2551 1270 νωτερον
2635 1191 3076 1268 προσδιέτριψαν,
3179 1197 3244 1255 ὡς
3349 1193 3774 1266 ἀναγκαιοτάτου
3874 1199 3959 1242 καὶ

2342 1285 2782 1336 συνεκτικωτάτου
2846 1292 2940 1345 τῆς
3000 1286 3145 1355 ἡμῶν
3201 1288 3447 1345 πίστεως.
3506 1288 3605 1336 Kal
3662 1289 3957 1351 πανταχοῦ

2341 1369 2400 1426 δὲ
2437 1377 2524 1424 τόν
2573 1377 2761 1424 κανόνα
2796 1380 2973 1424 τοῦτον
3022 1380 3263 1444 τηροῦσι,
3315 1375 3382 1423 τά
3425 1377 3495 1444 μὴ
3539 1370 3811 1442 ἀναγκαῖα

2341 1466 2779 1537 παρατρέχοντες,
2839 1466 2868 1519 ἦ
2928 1465 3061 1513 κατά
3125 1457 3356 1535 πάροδον
3421 1460 3957 1534 ἓπιμιμνησκόμενοιο

2343 1558 2516 1603 πᾶσαν
2550 1547 2608 1602 δὲ
2639 1556 2724 1608 τὴν
2761 1549 3025 1625 ἀκρίϐειαν
3055 1555 3146 1602 καὶ
3189 1547 3420 1607 σπονδὴν
3454 1555 3570 1626 περὶ
3598 1553 3662 1602 τὰ
3693 1554 3959 1622 χρήσιμα

2350 1645 2715 1702 συντείνοντες.

2419 1734 2520 1781 Καὶ
2567 1727 2674 1781 ἐπεὶ
2715 1732 2815 1803 πρὸ
2869 1736 2960 1780 τοῦ
3007 1730 3208 1800 Πάσχα
3253 1732 3311 1780 τό
3372 1729 3572 1799 Πάσχα
3614 1726 3878 1779 τετίλεκεν
3937 1730 3958 1778 ό

2347 1821 2587 1890 Χριστός,
2642 1826 2750 1879 πῶς
2789 1813 3039 1870 Ἰουδαῖοι
3087 1821 3179 1875 τὴν
3235 1825 3469 1889 προφανῆ
3529 1819 3721 1874 ταύτην
3785 1836 3958 1873 κατη-

2345 1911 2526 1979 γορίαν
2589 1904 2813 1976 ἀφέντες,
2877 1906 3086 1968 ἐξήτουν
3151 1903 3608 1980 ψευδομαρτυρίαν
3662 1908 3804 1957 κατά
3862 1914 3958 1958 τοῦ

2345 1996 2559 2060 Ἰησοῦ;
2615 1999 2757 2045 Διότι
2813 1993 3108 2066 ἐγίνωσκον,
3158 1997 3222 2054 ὡς
3267 1994 3326 2046 οὐ
3374 2001 3541 2046 κεῖται
3585 1999 3737 2066 νόμος
3784 2014 3955 2046 κατα-

2350 2079 2581 2145 δικάζων
2637 2085 2722 2134 τόν
2781 2084 3197 2156 προεορτάζοντα
3245 2086 3302 2135 τό
3357 2086 3575 2156 Πάσχα,
3637 2083 3805 2136 πάλαι
3861 2094 3956 2136 τοῦ

2348 2177 2482 2223 Θεοῦ
2520 2167 2825 2245 προειδότος
2861 2175 2919 2223 τό
2965 2171 3164 2243 μέλλον,
3205 2177 3294 2224 καὶ
3325 2169 3491 2244 μηὸεν
3521 2192 3572 2224 τι
3614 2177 3730 2244 περὶ
3758 2175 3957 2224 τούτου

2347 2262 2806 2332 νομοθετήσαντος.
2861 2265 2961 2314 Καὶ
3009 2263 3106 2335 ὅρα
3157 2263 3480 2332 θαυμαστὸν,
3533 2263 3612 2313 ὅτι
3658 2264 3796 2313 κοιτά
3864 2267 3956 2334 μὲν

2348 2356 2439 2401 τοῦ
2502 2350 2930 2425 μεθεορτάςοντος
2991 2353 3378 2422 νενομοθέτητο,
3441 2350 3486 2403 εἰ
3556 2356 3630 2424 μὴ
3689 2355 3958 2426 πρόφασιν

2349 2437 2499 2498 οὗτος
2554 2437 2965 2510 ἀναγκαιοτάτην
3021 2437 3332 2512 προϐάλοιτο
3547 2442 3683 2492 κατὰ
3737 2437 3795 2492 δὲ
3863 2449 3956 2492 τοῦ

2347 2528 2785 2600 προεορτάζοντος
2841 2525 2992 2580 οὐδὲν
3044 2530 3237 2600 ὥριστο
3285 2528 3565 2601 ἐπιτίμιον.
3638 2536 3679 2581 Ο
3736 2528 3795 2581 δὲ
3849 2529 3958 2582 Ἰω-

2351 2618 2506 2677 άννης
2565 2621 2746 2688 φησὶν,
2822 2617 2900 2668 ὅτι
2957 2615 3187 2678 ἀναστὰς
3245 2616 3345 2670 ἀπὸ
3403 2625 3494 2670 τοῦ
3561 2616 3788 2686 δείπνου,
3859 2624 3957 2671 καὶ

2349 2704 2505 2775 νίψας
2581 2709 2697 2765 τοὺς
2768 2702 2940 2766 πόδας
3005 2726 3106 2757 των
3160 2708 3431 2779 μαθητῶν,
3495 2706 3640 2758 πάλιν.
3699 2704 3945 2761 ἀνέπεσε.

2353 2796 2580 2868 Παρείθη
2651 2797 2750 2868 γὰρ
2821 2797 2932 2856 τοῖς
2980 2794 3152 2856 ἄλλοις
3223 2795 3603 2868 εὐαγγελισταῐς
3661 2799 3801 2846 τουτὶ
3872 2800 3940 2847 τὸ

2350 2882 2642 2954 κεφάλαιον,
2697 2883 2757 2934 οὗ
2812 2885 2974 2956 χάριν
3042 2883 3199 2944 αὐτὸς
3253 2886 3502 2957 ἱστόρησε
3541 2887 3606 2935 τὰ
3652 2888 3763 2954 περὶ
3814 2887 3934 2935 τοῦ·

2349 2989 2463 3040 του,
2515 2972 2683 3031 καθὼς
2734 2969 2782 3023 ὲν
2834 2980 2906 3043 τῷ
2965 2972 3234 3045 Εῦαγγείῳ
3291 2973 3473 3038 αὐτοῦ,
3548 2979 3679 3026 Θεοῦ
3740 2968 3948 3038 δόντος,

589 3053 925 3111 admodum
963 3054 1022 3110 in
1067 3053 1442 3111 enarratione
1467 3053 1770 3124 Evangelii
1819 3055 1948 3126 ejus
1995 3057 2112 3110 Deo
2138 3054 2239 3110 do-

2350 3058 2735 3132 ἐξηγησόμεθα.

590 3146 769 3200 nante
794 3142 1143 3199 referemus.

658 3251 822 3306 Vers.
873 3253 960 3305 2i.
1002 3251 1079 3306 Et
1123 3250 1424 3306 edentibus
1476 3280 1547 3291 —
1596 3266 1688 3308 me
1735 3251 2070 3308 traditurus
2122 3259 2231 3311 est.

662 3338 897 3395 Marcus
925 3355 1068 3396 vero
1098 3339 1330 3396 addidit
1362 3357 1375 3396 :
1406 3339 1515 3406 Qui
1551 3341 1882 3399 manducat
1918 3358 2139 3400 mecum
2169 3345 2236 3409 ¹⁶,

587 3443 663 3484 ne
712 3430 1156 3499 suspicarentur
1201 3429 1367 3501 quod
1415 3445 1604 3486 unum
1642 3430 1860 3486 diceret
1899 3447 2108 3488 eorum
2139 3433 2238 3503 qui

588 3516 982 3582 crediderant,
1010 3518 1114 3590 qui
1144 3533 1268 3573 non
1293 3523 1448 3574 esset
1474 3533 1631 3574 unus
1660 3519 1736 3574 de
1769 3519 2087 3576 duodecim
2117 3521 2242 3577 dis-

590 3604 823 3676 cipulis.
858 3605 1045 3662 Simul
1076 3621 1316 3679 quoque
1339 3606 1505 3663 Iudas
1529 3607 1874 3665 clanculum
1905 3609 2237 3668 testabatur

594 3708 658 3748 se
697 3709 876 3750 nosse
914 3709 1017 3751 cor
1045 3695 1194 3766 ejus.
1223 3696 1447 3752 Etenim
1479 3696 1666 3769 pedes
1697 3697 1878 3754 etiam
1909 3699 2038 3769 ejus
2080 3700 2240 3769 lavit,

594 3781 674 3838 ad
698 3783 1106 3854 paenitentiam
1151 3799 1289 3840 eum
1321 3799 1635 3854 revocans,
1666 3801 2019 3859 quanquam
2061 3787 2154 3844 ille
2181 3788 2243 3845 in

592 3869 809 3928 duritia
833 3873 1180 3944 permansit.
1194 3873 1600 3933 Traditionem
1619 3879 1817 3931 autem
1839 3875 2095 3946 intellige
2109 3892 2244 3948 pro-

590 3959 899 4017 ditionem.
925 3961 1190 4018 Tradidit
1227 3963 1386 4018 enim
1431 3978 1565 4019 eum
1594 3963 1653 4019 in
1684 3968 1961 4033 mortem,
2007 3969 2063 4020 et
2090 3966 2244 4022 insi-

589 4048 921 4106 diatoribus
951 4050 1106 4106 hunc
1131 4049 1412 4122 prodidit.

658 4155 821 4208 Vers.
855 4157 942 4207 22.
964 4155 1043 4209 Et
1069 4154 1674 4212 contristati-Domine
1701 4158 1730 4211 ?
1755 4159 1885 4212 Haec
1901 4157 2080 4215 etiam
2101 4160 2242 4216 Mar-

587 4257 691 4297 cus
727 4241 876 4296 dixit
904 4242 972 4296 ".
1005 4242 1190 4312 Elegit
1231 4246 1433 4298 autem
1473 4243 1758 4310 Christus,
1804 4250 1869 4302 ut
1898 4248 2089 4304 caeteri
2115 4266 2241 4306 om-

2424 3278 2524 3326 Kal
2577 3273 2853 3326 ἐσθιόντων
2910 3305 2976 3315 -
3032 3271 3344 3347 παραδώσει
3391 3293 3473 3346 με.
3528 3275 3589 3327 Ὀ
3635 3271 3695 3328 δε
3745 3275 3961 3350 Μάρκος

2348 3364 2690 3435 προσέθηκεν,
2744 3364 2825 3415 ὅτι
2891 3363 2917 3414 ό
2971 3361 3156 3416 ἐσθίων
3208 3364 3319 3436 μετ’
3373 3362 3516 3436 ἐμοῦ,
3567 3366 3651 3416 ἵνα
3703 3369 3777 3437 μὴ
3831 3367 3958 3417 ὑπο-

2347 3449 2600 3517 λάϐωσιν,
2653 3452 2718 3511 ὡς
2772 3450 2861 3504 ἱνα
2910 3450 3047 3523 λέγει
3114 3460 3212 3505 τῶν
3261 3455 3656 3506 πιστευσάντων
3890 3454 3964 3515 εἰς

2350 3539 2524 3607 αὐτὸν,
2558 3544 2630 3612 μὴ
2667 3542 3127 3613 συνηριθμημίνων
3159 3537 3218 3593 δὲ
3257 3549 3362 3602 τοίς
3410 3538 3624 3596 δώδεκα
3667 3545 3958 3615 μαθηταῖς.

2347 3628 2491 3701 ⁴Ἅμα
2551 3626 2611 3682 δε
2662 3633 2751 3681 καὶ
2803 3632 2930 3704 πρὸς
2977 3632 3066 3681 τὸν
3111 3627 3318 3684 Ἰούδαν
3373 3629 3576 3703 ἀφανῶς
3629 3631 3960 3707 ίμαρτύρατο

2352 3718 2432 3772 ὃτι
2487 3722 2614 3790 ἔγνω
2671 3723 2765 3776 τὴν
2822 3715 3046 3790 καρδίαν
3113 3719 3294 3774 αὐτοῦ.
3369 3725 3471 3774 Καὶ
3520 3724 3622 3795 γὰρ
3680 3727 3769 3774 καὶ
3841 3726 3962 3782 τοῦς

2353 3806 2511 3860 αὐτοῦ
2554 3803 2725 3867 πόδας
2772 3807 2960 3878 ἔνιψεν,
3015 3808 3087 3870 εἰς
3135 3808 3470 3881 μεταμέλειαν
3516 3809 3666 3863 αὐτόν
3715 3809 3961 3864 ἐκκαλοῦο

2351 3915 2514 3968 μενος,
2567 3897 2610 3949 εί
2651 3900 2742 3948 καὶ
2787 3896 3010 3969 σκληρὸς
3058 3900 3216 3970 ἔμενε.
3262 3895 3569 3971 Παράδοσιν
3615 3899 3674 3953 δε
3715 3905 3821 3953 νόει
3862 3906 3959 3960 τὴν

2351 3983 2660 4058 προδοσίαν.
2733 3981 3012 4060 Παρέδωκε
3075 3989 3177 4059 γὰρ
3232 3986 3386 4040 αὐτὸν
3438 3987 3509 4050 εἰς
3570 3991 3807 4057 θάνατον,
3869 3996 3962 4043 καὶ

2350 4070 2654 4148 προδέδωκε
2684 4081 2863 4126 τοῦτον
2888 4081 2997 4136 τοῖς
3023 4075 3438 4130 ἐπιϐουλεύουσι.

2423 4165 2524 4216 Kal
2592 4161 2901 4234 λυπούμενοι
2971 4194 3040 4206 —-
3116 4167 3310 4240 Κύριε;
3343 4169 3521 4222 Ταῦτα
3571 4173 3660 4220 καὶ
3743 4171 3961 4243 Μάρκος

2351 4253 2568 4322 εἴρηκεν.
2625 4250 2799 4304 Εἵλετο
2850 4255 2949 4327 γὰρ
3008 4254 3036 4306 ὃ
3082 4257 3316 4326 Χριστὸς
3369 4255 3599 4327 φοϐῆσαι
3646 4263 3738 4310 καὶ
3793 4258 3959 4318 λυπῇς

584 4344 693 4385 nes
715 4329 991 4386 timerent
1029 4346 1099 4387 ac
1129 4331 1634 4403 contristarentur,
1680 4350 1803 4406 quo
1834 4335 2100 4407 perditus
2131 4340 2239 4395 dis-

2354 4358 2445 4391 σαι
2499 4341 2694 4401 πάντας
2747 4343 2865 4401 τοὺς
2915 4341 3121 4412 ἄλλους,
3176 4344 3302 4418 ὑπερ
3354 4351 3449 4396 τοῦ
3503 4343 3818 4419 ἐπιστρέψαι
3870 4351 3958 4400 τόν

589 4417 818 4487 cipulus
864 4423 1320 4476 converteretur.
1369 4423 1561 4487 Quare
1602 4427 1802 4480 autem
1845 4429 2032 4482 caeteri
2079 4429 2242 4485 anxii

588 4511 776 4574 erant,
800 4523 940 4563 cum
966 4508 1114 4564 nihil
1133 4509 1246 4566 tale
1273 4509 1384 4565 sibi
1410 4511 1635 4567 conscii
1657 4519 1852 4570 essent
1879 4516 1907 4571 ?
1929 4517 2078 4581 Quia
2099 4535 2242 4590 prae-

587 4595 811 4666 ceptori
839 4597 1100 4654 maxime
1147 4597 1474 4656 crededant
1513 4605 1797 4673 tanquam
1846 4607 2237 4675 veracissimo,

587 4688 644 4740 et
690 4684 942 4742 timebat
979 4686 1235 4760 quisque
1273 4703 1348 4744 ne
1387 4687 1537 4746 forte
1567 4690 1698 4747 talis
1728 4693 2003 4750 evaderet
2045 4704 2240 4753 mente

589 4777 941 4831 excaacatus.

658 4864 818 4919 Vers.
849 4862 936 4921 23.
971 4865 1048 4920 At
1077 4864 1271 4922 ille—
1299 4866 1520 4923 tradet.
1539 4867 1712 4924 Ponit
1738 4884 1980 4942 quoque
2012 4872 2241 4944 insigne

585 4964 708 5022 quo
737 4955 945 5022 posset
967 4951 1063 5006 ille
1083 4951 1385 5023 dignosci.
1425 4954 1659 5012 Marcus
1685 4971 1827 5013 vero
1856 4957 2002 5015 dixit
2033 4976 2046 5016 :
2081 4961 2238 5020 Unus

579 5050 650 5092 ea.
682 5035 986 5094 duodecim
1002 5040 1103 5108 qui
1127 5039 1372 5111 intingit
1397 5056 1625 5099 mecum
1640 5043 1706 5099 in
1728 5045 1992 5102 catinum
2019 5048 2088 5106 ³⁸.
2116 5052 2235 5107 Hoc

655 5160 701 5196 ιι
729 5159 904 5218 Joan.
935 5175 1055 5225 xm,
1084 5164 1137 5226 4,
1169 5164 1257 5219 12.
1373 5165 1420 5201 ¹⁶
1453 5167 1621 5223 Marc.
1661 5182 1781 5223 xiv.
1816 5170 1904 5225 18.

2019 5172 2067 5207 ³⁷
2097 5172 2243 5232 Ibid.
2271 5177 2361 5233 19.

2352 4428 2694 4501 ἀπολλύμενον
2753 4432 3015 4502 μαθητήν.
3069 4436 3217 4485 Διατί
3271 4429 3330 4486 δὴ
3383 4435 3432 4486 οἱ
3479 4433 3648 4487 λοιποὶ
3697 4436 3952 4508 ἠγωνίων,

2351 4514 2516 4591 μηδὲν
2556 4538 2607 4571 τι
2654 4527 2884 4573 τοιοῦτον
2934 4517 3230 4583 συνειδότες
3274 4521 3520 4591 ἐαυτοίς;
3556 4528 3700 4577 Διότι
3748 4522 3952 4597 σφόδρα

2349 4616 2420 4678 τῷ
2508 4604 2818 4678 διδασκάλῳ
2893 4608 3180 4673 ἐπίστευον,
3247 4613 3311 4672 ὡς
3385 4610 3774 4684 ἀψευδεστάτῳ,
3852 4615 3945 4663 καὶ

2352 4692 2621 4749 ἐδεδίεσαν
2660 4697 2896 4765 ἕκαστος,
2940 4703 3143 4769 μήποτε
3170 4707 3404 4762 τοιοῦτος
3445 4699 3638 4775 ἀποϐῇ,
3680 4701 3955 4774 τυφλωθεὶς

2351 4806 2437 4840 τον
2461 4806 2597 4842 νουν.

2419 4875 2477 4928 Ὀ
2531 4875 2590 4928 δὲ
2635 4906 2704 4917 —
2753 4873 3082 4953 παραδώσει,
3138 4880 3332 4938 Τίθησι
3383 4885 3474 4934 καὶ
3524 4884 3843 4955 παράσημον
3891 4885 3960 4945 εἰς

2350 4962 2634 5036 διάγνωσιν
2677 4965 2856 5022 αὐτοῦ.
2907 4969 3119 5040 Μάρκος
3167 4965 3228 5021 δε
3277 4967 3430 5036 εἶπεν,
3481 4972 3564 5023 ὃτι
3620 4972 3710 5035 Εἷς
3754 4971 3813 5025 ἔκ
3855 4982 3959 5026 τῶν

2350 5049 2561 5106 δώδεκα
2639 5055 2666 5106 ό
2737 5052 3116 5129 ἐμϐαπτόμενος
3181 5057 3294 5132 μετ’
3359 5058 3484 5132 ἇμοῦ
3559 5061 3630 5123 εἰς
3707 5064 3767 5114 τὸ
3835 5081 3961 5139 τρυο

2470 5177 2517 5213 ¹⁸
2546 5177 2700 5234 Ibid.
2735 5182 2824 5234 20.

1792 5321 2015 5390 Varia
2057 5325 2387 5396 lectiones
2418 5340 2484 5397 et
2504 5338 2706 5398 notae.

653 5469 733 5542 (2)
769 5466 1138 5542 Προϐάλλοιτο.
1169 5471 1314 5528 Cod.
1341 5474 1410 5530 Δ.

654 5594 773 5665 (aa)
803 5592 1209 5666 Mutationem,
1241 5596 1873 5660 Communicationem.
1908 5608 2228 5666 Hentenius

2346 5616 2508 5672 'tasse
2535 5614 2846 5672 invenerat
2872 5617 3203 5690 μετάμειψιν.
