4170 6334
234 322 341 376 664

1182 315 1553 371 COMMENT.
1604 313 1672 367 IN
1716 306 2162 371 MATTHEUM.
2205 339 2272 348 —-—
2309 307 2468 366 CAP.
2517 307 2721 362 XXVI.

3507 307 3613 361 662

237 444 408 513 ϐλίον,
468 449 649 517 ἤγουν,
705 446 732 496 ό
788 441 1080 515 ἐμϐάπτων.
1156 448 1319 494 Τοῦτο
1391 436 1441 492 δ’
1509 440 1765 509 ἐπήγαγεν
1820 457 1829 485 t

1955 438 2154 488 autem
2209 434 2473 489 Salvator
2513 433 2591 487 ad
2636 432 2803 487 ludas
2869 430 3278 487 confusionem
3332 430 3603 490 adduxit.

239 540 423 608 Σωτὴρ
480 538 604 606 πρός
680 532 929 604 ἐντροπὴν
995 539 1084 583 τοῦ
1140 526 1341 584 Ἰούδα.
1412 536 1668 581 Τοσοῦτον
1744 530 1843 599 γὰρ

240 633 339 677 τοῦ
392 621 718 676 διδασκάλου
777 625 1169 695 κατεφρόνησεν,
1224 623 1288 681 ὡς
1342 615 1471 689 μηδ’
1533 617 1843 670 ὑποστέλλε-

246 715 374 766 σθαι
428 720 608 764 τοῡτον
666 715 763 775 ἔτι,
823 709 925 761 ἀλλ’
978 708 1254 780 ἐμϐάπτειν
1328 708 1435 779 μετ’
1486 707 1664 760 αὐτοῦ.
1713 715 1842 765 Τρυ-

243 801 380 853 ϐλίον
413 801 489 872 (3)
518 797 577 852 δέ
607 798 768 867 ἐστιν,
794 796 932 859 εἶδος
966 804 1201 858 πίνακος.

314 890 370 941 Ὀ
418 893 508 961 μεν
558 892 673 949 Υἱός
724 919 789 929 -
840 885 1219 962 παραδίδοται.
1276 886 1507 958 Ὑπάγω,
1565 884 1677 937 ἀντὶ
1724 893 1836 954 τοῦ,

238 982 542 1053 Πορεύεται,
634 977 927 1051 μεταϐαίνει
1018 978 1118 1028 ἀπὸ
1206 985 1301 1037 τῆς
1374 975 1594 1027 ἐνταῦθα
1684 976 1832 1037 ζωῆς,

234 1063 409 1130 καθὼς
476 1072 767 1140 γέγραπται
832 1073 942 1127 τοῖς
1002 1070 1291 1138 προφήταις
1336 1070 1453 1139 περὶ
1506 1064 1687 1128 αὐτοῦ,
1730 1072 1840 1125 πῶς

232 1157 409 1230 μέλλει
439 1156 731 1213 ἀποθανεῖν.

317 1247 481 1300 Καλὸν
554 1279 620 1289 -—
680 1246 885 1308 ἐκεῖνος.
960 1250 1217 1319 Συμφέρον
1293 1242 1353 1303 ἧν
1419 1244 1579 1316 αὐτῷ,
1640 1247 1710 1297 ἔτι
1790 1242 1837 1294 ἐν

235 1344 302 1407 τῇ
362 1337 438 1407 (4)
483 1337 653 1408 κοιλίᾳ
708 1344 797 1396 τῆς
839 1338 1037 1409 μητρός
1094 1334 1319 1399 αὔξοντι,
1387 1337 1457 1405 μή
1530 1336 1837 1404 γεννηθῆναι

234 1424 367 1486 ὅλως
562 1433 791 1478 τοιοῦτον
846 1428 1009 1496 μύσος
1056 1424 1385 1495 ἐργάσασθαι
1432 1422 1683 1495 μέλλοντι,
1749 1428 1837 1475 καὶ

231 1512 558 1574 τηλικαύτης
611 1513 1012 1584 ἀξιωθησομένῳ
1073 1518 1347 1585 τιμωρίας.
1396 1517 1530 1564 Φασὶ
1581 1510 1641 1565 δέ
1688 1532 1836 1582 τινες,

234 1604 316 1653 ὅτι
388 1601 702 1674 ἀνέγκλητός
771 1601 903 1669 ἐστι,
966 1605 1022 1653 τό
1086 1605 1468 1675 προωρισμένον
1526 1601 1835 1661 ἐπιτελέσας.

237 1694 377 1764 ΙΙρός
408 1691 491 1751 οὓς
515 1691 743 1764 λέγομεν,
793 1694 870 1743 ὅτι
904 1691 961 1743 ού
1009 1686 1148 1742 διότι
1194 1696 1509 1764 προώριστο,
1546 1688 1638 1743 διὰ
1683 1699 1837 1743 τοῦτο

237 1776 573 1852 παρέδωκεν
629 1780 755 1831 ἀλλά
816 1777 955 1832 διότι
1002 1776 1291 1853 παρέδωκε,
1345 1776 1437 1831 διὰ
1480 1787 1630 1833 τοῦτο
1674 1786 1836 1853 προώ-

235 1888 410 1940 ριστο,
464 1878 554 1920 τοῦ
609 1877 740 1923 Θεοῦ
801 1865 1099 1943 προειδότος
1146 1873 1204 1921 τό
1262 1870 1460 1929 πάντως
1510 1868 1836 1942 ἀποϐησόμε-
1873 1890 1912 1942 Β

236 1974 359 2008 νον*
414 1957 585 2030 ἔμελλε
632 1961 727 2032 γὰρ
788 1962 939 2021 όντως
992 1957 1247 2017 ἀποϐῆναι
1302 1966 1545 2023 τοιοῦτος,
1619 1958 1711 2009 οὐκ
1782 1957 1836 2011 ἐκ

236 2049 459 2117 φύσεως,
495 2045 600 2097 ἀλλ’
638 2046 691 2098 ἐκ
722 2051 1087 2119 προαιρέσεως.

312 2141 413 2187 Καὶ
477 2132 619 2187 διατί
666 2135 945 2209 παρέλαϐεν
1003 2136 1157 2187 αὐτόν
1214 2136 1338 2197 ὅλως
1394 2136 1460 2195 εἰς
1512 2138 1748 2208 μαθητήν
1807 2137 1831 2187 ό

232 2228 485 2299 Χριστός,
558 2233 786 2277 τοιοῦτον
867 2224 1292 2297 ἀποϐησόμενονς
1368 2224 1478 2277 Ἵνα
1545 2233 1673 2297 φανῇ
1744 2230 1832 2277 καὶ

228 2322 325 2375 τῆς
356 2322 446 2365 τοῦ
488 2322 719 2388 Σωτῆρος
760 2313 1097 2386 ἀγαθότητος,
1152 2318 1239 2366 καὶ
1283 2323 1377 2374 τῆς
1427 2322 1517 2365 τοῦ
1568 2310 1828 2386 προδότου

220 2409 417 2465 κακίας
464 2405 493 2461 ἡ
547 2402 818 2477 ὑπερϐολὴ,
860 2412 970 2465 πῶς
1009 2405 1033 2454 ό
1071 2406 1158 2475 μὲν
1206 2406 1291 2454 τόν
1334 2403 1517 2455 ἑαυτοῦ
1564 2400 1828 2476 προδότην

221 2488 487 2545 ἐδίδασκε
542 2494 609 2545 τὰ
677 2498 913 2565 σωτήρια
959 2497 1046 2543 καὶ
1092 2493 1272 2563 ἠγάπα
1331 2497 1419 2544 καὶ
1479 2494 1826 2567 χαρισμάτων

221 2580 382 2642 ἠξίου
440 2586 529 2632 καὶ
587 2589 685 2631 τῶν
744 2581 905 2632 ἄλλων
960 2580 1052 2631 ούκ
1102 2580 1325 2656 ἐχώριζε
1399 2583 1664 2652 μαθητῶν,
1740 2586 1828 2634 καὶ

219 2671 403 2721 πάντα
458 2672 524 2721 τὰ
570 2673 699 2742 πρός
744 2669 1055 2744 ἐπιστροφήν
1111 2674 1199 2721 καὶ
1262 2666 1544 2742 διόρθωσιν
1598 2670 1823 2741 εἰσῆγεν,

224 2760 315 2810 ἵνα
377 2764 448 2830 μὴ
503 2755 701 2830 δυνηθῇ
757 2758 941 2829 λέγειν,
996 2762 1063 2820 ὡς
1116 2759 1209 2810 οὐκ
1259 2761 1414 2831 ἔτυχε
1472 2756 1823 2829 διδασκάλου,

223 2845 520 2919 δυναμένου
557 2848 741 2908 σώζειν
787 2852 903 2908 τοὺς
948 2847 1310 2920 βουλομένους,
1342 2850 1365 2899 ό
1398 2846 1456 2900 δὲ
1501 2854 1590 2900 καὶ
1633 2852 1825 2901 τούτων

223 2939 437 2989 πάντων
525 2935 840 3004 ἀπολαύσας,
921 2938 1073 2989 πάλιν
1148 2941 1307 3009 ἔμεινε
1377 2943 1614 3012 πονηρός.
1684 2939 1824 2993 Ἐπεὶ

224 3027 335 3099 γὰρ
396 3030 489 3083 τήν
537 3025 720 3096 ψυχὴν
769 3026 1065 3100 οἰκητήριον
1116 3034 1207 3079 τοῦ
1258 3024 1502 3079 διαϐόλου
1554 3034 1823 3097 πεποίηκε,

220 3123 326 3175 τῆς
381 3114 722 3188 φιλαργυρίας
776 3114 1056 3178 ἀνοιξάσης
1127 3122 1217 3169 καὶ
1282 3117 1672 3189 εἰσαγαγούσης
1738 3120 1828 3171 αύ-

215 3206 331 3272 τὸν,
384 3203 479 3255 οὐκ
528 3203 737 3275 ἐξέφυγε
778 3208 835 3256 τό
884 3206 1031 3275 ἄγος.
1072 3204 1222 3259 Ὅθεν
1272 3206 1336 3266 ὠς
1375 3206 1467 3257 ούκ
1509 3206 1827 3278 ἀναγκαστι-
1862 3237 1902 3292 C

213 3300 345 3360 κῶς,
406 3291 533 3344 ἀλλὰ
601 3302 976 3367 προαιρετικῶς
1021 3292 1285 3368 προδότην
1356 3300 1618 3367 γενόμενον
1671 3296 1823 3348 ταλα-

215 3382 353 3442 νίζει
402 3388 584 3433 τοῦτον
639 3383 664 3432 ό
717 3385 919 3456 Κύριος,
999 3383 1146 3436 ἐλεῶν
1203 3384 1413 3456 μᾶλλον,
1489 3385 1614 3456 παρ’
1670 3382 1821 3438 οὐδὲν

214 3471 311 3539 μεν
370 3470 569 3540 θέμενον
618 3474 742 3531 τοὺς
795 3472 1015 3535 πολλοὺς
1061 3473 1221 3525 αὐτοῦ
1274 3478 1391 3548 περὶ
1455 3473 1819 3546 ἀκτημοσύνης

214 3556 417 3628 λόγους,
476 3559 786 3631 εύχείρυτον
847 3558 905 3613 δὲ
957 3562 1036 3634 (6)
1088 3570 1149 3634 τῇ
1222 3562 1535 3637 φιλαργυρίᾳ
1609 3570 1697 3616 καὶ
1744 3573 1816 3635 τῷ

220 3640 471 3718 διαϐόλῳ.
538 3654 842 3721 γενόμενον·
923 3651 980 3702 ού
1066 3648 1136 3703 δι’
1213 3650 1477 3703 ἀσθένειαν
1548 3661 1645 3704 τῶν
1727 3661 1816 3705 τοῦ

220 3728 547 3787 διδασκάλου
622 3737 806 3808 λόγων,
884 3742 932 3792 οῖ
1002 3744 1089 3792 καὶ
1168 3740 1382 3800 τελώνας
1455 3739 1815 3794 ἐπεσπάσαντο

217 3825 309 3872 καὶ
404 3829 610 3898 πόρνας,
687 3826 814 3879 ἀλλὰ
903 3826 975 3880 δι’
1066 3829 1254 3880 οἰκείαν
1332 3828 1643 3902 ἀπροσεξίαν
1728 3835 1815 3882 καὶ

217 3929 383 3986 πονηρ
393 3916 491 3967 ίαν.

298 4007 433 4060 Ἀλλ’
478 4008 581 4083 ἐρεῖ
622 4032 698 4074 τις
740 4014 912 4079 πάλιν,
962 4017 1039 4067 ὅτι
1086 4021 1185 4069 Καὶ
1227 4017 1307 4087 (7)
1359 4017 1401 4068 εἰ
1439 4018 1591 4068 καλὸν
1637 4014 1698 4075 ἧν
1740 4026 1813 4089 τῷ

221 4093 424 4169 Ἰούδᾳ,
474 4099 518 4150 εἰ
570 4100 661 4152 οὐκ
708 4102 973 4173 ἐγεννήθην,
1028 4102 1175 4157 διατί
1214 4108 1380 4157 εἴασεν
1426 4106 1580 4158 αὐτόν
1630 4126 1811 4177 γεννη-

223 4187 415 4253 Orﬁum;
466 4192 609 4240 Διότι
659 4191 716 4243 οὐ
768 4197 924 4256 κακός
982 4193 1244 4265 ἐγεννήθη,
1307 4194 1434 4247 ἀλλὰ
1490 4198 1649 4256 κακός
1708 4196 1811 4268 ἐγέ-

219 4294 352 4340 νετο,
429 4280 704 4353 μοχθηρία
796 4288 1007 4354 γνώμης
1100 4288 1188 4334 καὶ
1268 4284 1552 4354 φανλότητι
1625 4305 1810 4359 προαι-

216 4368 424 4436 ρέσεως.
505 4364 707 4420 Οὐδένα
777 4367 835 4423 δὲ
911 4372 935 4421 ό
1011 4375 1134 4433 Θεὸς
1221 4372 1502 4444 ἀναγκάζει
1574 4377 1812 4446 γενέσθαι

217 4454 392 4521 καλὸν,
445 4454 488 4508 εἰ
543 4462 616 4528 μή
668 4458 796 4509 ἑκὼν
848 4459 924 4530 (8)
989 4464 1066 4517 εἴη
1127 4461 1298 4529 καλός,
1356 4462 1465 4514 ἀλλ’
1528 4466 1813 4521 ὑποτίθησι

214 4547 303 4616 μὲν
333 4548 395 4598 τὰ
444 4552 701 4619 σωτήρια,
751 4553 840 4600 καὶ
887 4558 1117 4622 συνεργεῖ
1160 4559 1231 4620 τῷ
1277 4553 1560 4625 αἱρουμένῳ
1609 4561 1806 4603 ταῦτα·
1844 4589 1891 4643 D

216 4642 493 4709 συγχωρεῖ
568 4633 628 4689 δὲ
703 4639 946 4710 φέρεσθαι
1025 4642 1260 4705 ἕκαστον,
1340 4643 1408 4702 ὡς
1458 4640 1809 4709 αὐτεξούσιον,

212 4724 333 4774 ἔνθα
386 4721 670 4795 βούλοιτο”
732 4728 884 4777 καὶὸ
936 4724 1139 4787 Ἰούδας
1192 4732 1382 4794 τοίνυν,

216 4809 482 4880 ἐγεννήθη,
561 4817 739 4885 γέγονε
806 4818 983 4882 κακὸς,
1073 4815 1199 4868 ἀλλά
1259 4813 1437 4875 ἐπειδὴ
1526 4816 1814 4891 ἐρρᾳθύμη-

221 4915 298 4950 σε.
351 4897 426 4969 (9)
482 4899 675 4962 Διπλῆς
730 4899 789 4955 δὲ
850 4904 897 4954 οὶ
955 4907 1212 4976 γινόμενοι
1274 4910 1490 4976 πονηροὶ
1562 4906 1814 4967 κολάσεως

217 4985 380 5053 ἄξιοι,
432 4984 571 5041 διότι
617 5010 669 5043 τε
708 4996 957 5063 γεγόνασι
1003 4998 1240 5067 πονηροὶ,
1291 4998 1379 5046 καὶ
1429 4990 1569 5047 διότι
1616 4996 1670 5046 ἐκ
1713 5004 1814 5047 τῶν

220 5075 432 5146 ἀγαθῶν
480 5077 572 5130 ούκ
602 5080 971 5153 ὠφελήθησαν·
1007 5083 1196 5153 ὁμοίως
1244 5078 1303 5134 δὲ
1331 5088 1420 5135 καὶ
1468 5085 1517 5134 οἱ
1557 5088 1815 5157 γινόμενοι

1458 4729 1551 4780 οὐκ
1632 4726 1809 4786 ἐπειδή

1953 522 2115 577 Adeo
2146 523 2302 577 enim
2332 526 2757 593 praeceptorem
2788 520 3162 592 despexerat,
3197 524 3260 574 ut
3296 520 3424 591 jam
3470 536 3610 576 eum

1953 626 2072 665 non
2101 615 2417 675 vereretur,
2449 610 2549 664 sed
2577 626 2715 664 cum
2755 626 2824 664 eo
2856 610 3190 681 intingeret.
3236 611 3475 666 Catinus
3506 626 3611 666 au-

1953 702 2069 754 tem
2102 704 2187 753 est
2217 699 2399 753 lancis
2433 714 2641 766 genus.

2022 789 2176 841 Vers.
2218 788 2303 840 24.
2347 788 2530 841 Filius
2568 787 2797 857 quidem
2827 817 2892 826 —
2938 788 3225 857 proditur.
3286 788 3437 852 Abit,
3492 788 3605 843 hoc

1950 880 2054 939 est,
2084 875 2265 941 vadit,
2307 876 2509 931 transit
2536 876 2613 930 ab
2645 875 2758 929 hac
2788 875 2922 938 vita,
2961 876 3109 931 sicut
3135 876 3419 947 scriptum
3451 879 3544 930 est
3568 890 3605 930 a

1948 963 2247 1034 prophetis
2290 964 2365 1020 de
2413 965 2561 1035 ipso,
2621 962 2931 1035 quomodo
2970 964 3237 1020 videlicet
3284 965 3603 1021 moriturus

1947 1057 2051 1106 est.

2016 1300 2177 1356 Vers.
2199 1303 2287 1356 24.
2325 1303 2551 1357 Bonum
2588 1332 2656 1340 —
2679 1301 2801 1357 ille.
2836 1299 2981 1356 Utile
3035 1300 3245 1356 fuisset
3277 1300 3329 1356 ei
3371 1316 3512 1357 cum
3543 1302 3605 1358 in

1946 1391 2111 1444 utero
2142 1389 2334 1444 matris
2364 1392 2651 1444 cresceret
2680 1390 2926 1444 omnino
2957 1403 3081 1444 non
3120 1390 3308 1454 nasci,
3340 1389 3442 1461 qui
3490 1389 3607 1446 tale

1944 1476 2241 1545 ﬂagitium
2301 1482 2742 1549 perpetraturus
2769 1482 2911 1542 erat,
2945 1480 3010 1533 ut
3051 1477 3154 1534 tali
3180 1477 3400 1547 dignus
3451 1484 3607 1535 esset

1945 1565 2178 1621 futurus
2204 1567 2517 1637 supplicio.
2545 1566 2756 1623 Dicunt
2784 1572 2985 1623 autem
3028 1566 3278 1638 quidam
3311 1568 3489 1638 culpa
3512 1584 3607 1625 ca-

1944 1670 2071 1709 rere
2102 1670 2258 1721 eum,
2283 1656 2386 1727 qui
2409 1658 2571 1727 quod
2595 1655 3035 1727 praedeﬁnitum
3062 1660 3181 1711 erat
3206 1655 3450 1727 peregit.
3472 1658 3606 1721 Qui-

1944 1742 2058 1797 bus
2081 1758 2193 1799 nos
2219 1744 2492 1810 dicimus,
2517 1744 2679 1815 quod
2692 1760 2808 1799 non
2834 1745 2978 1816 quia
2996 1744 3430 1816 praedeﬁnitum
3457 1752 3600 1810 erat,

1946 1833 2065 1887 Deo
2117 1833 2490 1904 praevidente,
2551 1833 2836 1904 quidquid
2885 1838 3234 1888 eventurum
3266 1838 3408 1888 erat.
3452 1835 3603 1889 Talis

1945 1921 2100 1976 enim
2137 1937 2423 1977 evasurus
2466 1927 2591 1977 erat
2619 1937 2742 1977 non
2796 1938 2833 1976 a
2871 1925 3109 1989 natura,
3144 1920 3252 1975 sed
3294 1936 3362 1975 ex
3398 1922 3602 1977 volun-

1945 2015 2083 2066 tate.

2014 2101 2080 2153 Et
2108 2114 2294 2170 quare
2315 2098 2562 2154 omnino
2598 2097 2859 2168 suscepit
2884 2097 3145 2151 Christus
3167 2098 3228 2151 in
3250 2096 3598 2168 discipulum

1942 2202 2079 2242 eum
2120 2189 2222 2258 qui
2272 2188 2404 2243 talis
2439 2190 2883 2245 evasuruserat
2920 2186 2947 2241 ?
2979 2188 3046 2241 Ut
3077 2184 3398 2242 manifesta
3435 2185 3599 2242 ﬁeret

1943 2276 2294 2345 magnitudo
2338 2276 2621 2331 bonitatis
2652 2274 2859 2330 Christi
2895 2278 2951 2330 et
2993 2274 3232 2329 malitia:
3258 2274 3594 2344 proditoris,

1939 2364 2247 2435 quomodo
2295 2364 2389 2419 ille
2421 2380 2597 2419 suum
2645 2363 3007 2434 proditorem
3074 2362 3361 2419 salutaria
3395 2363 3598 2418 docuit

1939 2468 2009 2507 ac
2049 2452 2272 2517 dilexit,
2305 2452 2630 2524 gratiisque
2669 2452 2921 2523 dignum
2958 2450 3128 2506 duxit
3156 2467 3170 2516 ;
3217 2466 3327 2504 nec
3359 2450 3435 2505 ab
3467 2450 3595 2506 aliis

1937 2542 2289 2611 segregavit,
2322 2542 2423 2596 sed
2442 2540 2645 2595 omnia
2665 2557 2800 2612 quas
2820 2540 2897 2594 ad
2918 2539 3366 2594 conversionem
3380 2556 3451 2594 ac
3471 2555 3595 2594 cor-

1936 2632 2254 2685 rectionem
2305 2631 2431 2701 ejus
2462 2634 2647 2694 erant,
2704 2628 2975 2686 induxit:
3016 2644 3089 2683 ne
3119 2627 3315 2683 dicere
3370 2632 3590 2698 posset,

1935 2719 2100 2790 quod
2130 2725 2536 2790 praeceptorem
2563 2722 2769 2773 nactus
2795 2732 2916 2772 non
2945 2716 3154 2780 fuerat,
3186 2717 3289 2787 qui
3334 2716 3592 2771 volentes

1934 2813 2136 2879 posset
2163 2824 2422 2864 servare.
2473 2810 2541 2862 At
2570 2806 2663 2861 ille
2691 2822 2824 2861 cum
2854 2805 3059 2860 omnia
3084 2805 3211 2859 haec
3237 2808 3591 2859 consecutus

1934 2896 2156 2961 fuisset,
2219 2896 2605 2952 nihilominus
2673 2895 2870 2950 malus
2927 2893 3278 2965 permansit.
3327 2893 3405 2946 Ex
3469 2907 3590 2962 quo

1935 2985 2091 3041 enim
2133 2986 2386 3041 animam
2441 3001 2612 3039 suam
2660 2982 3027 3038 domicilium
3062 2980 3300 3036 diabolo
3348 2979 3586 3049 fecerat,

1935 3076 2180 3130 avaritia
2229 3074 2282 3130 ei
2330 3073 2631 3146 aperiente
2674 3072 2963 3143 illumque
3002 3070 3428 3134 introducente,
3462 3084 3586 3124 non

1935 3163 2142 3233 effugit
2172 3163 2378 3218 scelus.
2415 3162 2579 3217 Unde
2606 3165 2898 3232 tanquam
2939 3174 3062 3213 non
3094 3162 3294 3213 coacte
3346 3158 3453 3212 sed
3482 3173 3586 3212 vo-

1932 3253 2184 3308 luntarie
2235 3251 2459 3306 factum
2497 3250 2885 3321 proditorem,
2933 3247 3200 3318 deplorat
3260 3246 3419 3301 hunc
3476 3246 3587 3301 Do-

1932 3342 2139 3406 minus,
2170 3340 2623 3395 commiseratus
2653 3338 2851 3408 potius
2877 3352 3039 3404 eum,
3061 3335 3165 3406 qui
3198 3334 3415 3389 multos
3441 3350 3583 3390 suos

1929 3431 2003 3486 de
2033 3430 2237 3500 inopia
2264 3441 2573 3482 sermones
2622 3426 2845 3481 frustra
2877 3424 3181 3487 audiverit,
3213 3427 3268 3477 et
3289 3438 3417 3477 sese
3447 3438 3581 3478 ava-

1926 3520 2071 3576 ritiae
2103 3534 2172 3573 ac
2211 3516 2449 3572 diabolo
2481 3514 2649 3570 facile
2679 3512 3043 3584 capiendum
3076 3511 3424 3566 tradiderit:
3459 3527 3580 3566 non

1927 3626 2069 3664 sane
2100 3608 2176 3663 ob
2202 3605 2584 3661 inefﬁcaciam
2634 3603 2954 3658 verborum
2987 3604 3391 3672 prwceptoris,
3443 3616 3578 3671 quae

1926 3703 1980 3752 et
2004 3698 2350 3769 publicanos
2394 3698 2758 3748 attraxerunt
2810 3698 2866 3746 et
2901 3690 3257 3753 meretrices,
3315 3690 3418 3743 sed
3450 3704 3580 3759 pro-

1924 3792 2055 3858 pter
2074 3785 2229 3839 illius
2261 3783 2569 3852 segnitiem
2601 3786 2657 3835 et
2680 3780 2986 3834 malitiam.

1994 4020 2211 4075 Verum
2243 4016 2380 4072 dicit
2408 4031 2610 4070 rursus
2636 4012 2849 4083 aliquis
2878 4034 2896 4064 :
2926 4011 2983 4067 Si
3006 4010 3237 4065 bonum
3268 4012 3392 4064 erat
3411 4009 3575 4063 Judaa

1924 4110 1971 4164 si
1994 4113 2169 4165 natus
2226 4122 2349 4161 non
2404 4104 2624 4167 fuisset,
2678 4117 2781 4155 cur
2844 4116 2983 4155 eum
3029 4098 3194 4154 nasci
3244 4096 3574 4169 permisit?

1923 4200 2072 4265 Quia
2102 4212 2224 4252 non
2254 4193 2451 4249 malus
2477 4196 2653 4247 natus
2679 4194 2782 4259 est,
2810 4189 2917 4244 sed
2942 4187 3158 4243 mentis
3203 4186 3467 4257 nequitia
3506 4201 3577 4241 ac

1920 4285 2240 4342 voluntatis
2286 4282 2578 4354 pravitate
2644 4278 2841 4334 malus
2886 4278 3126 4332 effectus
3181 4279 3306 4332 est:
3342 4274 3575 4329 nullum

1922 4381 2119 4431 autem
2151 4373 2305 4442 cogit
2345 4370 2470 4425 ﬁeri
2484 4370 2730 4433 bonum,
2762 4382 2832 4420 ne
2858 4364 3249 4420 involuntarie
3268 4363 3575 4425 sitbonus,

1924 4464 2028 4518 sed
2060 4461 2341 4517 salutaria
2372 4458 2651 4528 suggerit,
2684 4461 2740 4510 et
2766 4472 2835 4509 ea
2857 4453 3170 4522 eligentem
3205 4452 3526 4522 coadjuvat
3559 4468 3575 4504 :

1923 4550 2205 4623 permittit
2230 4554 2429 4603 autem
2464 4558 2951 4616 unumquemque
2977 4541 3113 4595 ferri
3139 4556 3260 4611 quo
3302 4538 3572 4603 voluerit,

1924 4645 2125 4712 utpote
2144 4638 2393 4693 liberum
2414 4635 2737 4690 habentem
2754 4630 3084 4686 arbitrium.
3107 4631 3172 4681 Et
3191 4627 3219 4680 J
3230 4626 3379 4681 udas
3412 4642 3571 4696 ergo,

1923 4744 2043 4784 non
2088 4727 2231 4800 quia
2288 4730 2463 4780 natus
2484 4726 2589 4788 est,
2630 4720 2827 4775 malus
2856 4717 3097 4772 effectus
3129 4720 3233 4779 est,
3284 4713 3387 4768 sed
3426 4712 3571 4800 quia

1922 4799 2165 4888 ignavia
2198 4810 2562 4885 torpuit.Qui
2587 4812 2788 4864 autem
2822 4804 2962 4861 mali
2992 4803 3344 4866 efﬁciuntur,
3379 4799 3570 4868 dupli-

1923 4922 2053 4961 cem
2101 4907 2401 4960 merentur
2442 4899 2766 4955 ultionem:
2801 4898 2856 4949 et
2888 4892 3032 4964 quia
3060 4890 3203 4946 mali
3242 4889 3377 4946 facti
3410 4890 3567 4952 sunt,

1924 4998 1981 5049 et
2008 4993 2155 5064 quia
2185 5008 2221 5047 a
2248 4989 2425 5046 bonis
2453 4986 2677 5042 nullam
2695 4985 2977 5055 ceperunt
3006 4978 3337 5044 utilitatem,
3364 4974 3574 5034 Simili-

1924 5088 2008 5139 ter
2038 5085 2094 5136 et
2124 5079 2222 5151 qui
2250 5078 2395 5133 boni
2440 5074 2789 5138 efﬁciuntur,
2832 5069 3052 5141 duplici
3088 5068 3255 5139 digni
3303 5069 3444 5123 sunt
3469 5064 3575 5120 ho-

1434 5226 1662 5294 Variae
1701 5225 2025 5295 lectiones
2063 5233 2128 5290 et
2149 5230 2353 5288 notae.

292 5355 379 5480 (ἓ)
408 5355 649 5430 Τριϐλίον
674 5377 686 5390 ·
724 5358 1036 5439 σκουτελιον,
1065 5357 1360 5442 ὀξυϐάφων..
1396 5359 1582 5441 Gloss.
1619 5360 1811 5432 Cyrill.

292 5450 313 5480 ν
383 5433 457 5480 ίον
481 5447 493 5459 ’
528 5429 844 5480 σκοπελιον.
879 5432 1149 5480 Lemnon.
1196 5431 1401 5480 medii.
1435 5431 1563 5480 Vid-
1605 5435 1811 5480 Meum.

212 5429 457 5495 τρυϐλίον
481 5447 493 5459 -
528 5429 844 5487 σκοδτέλιον.
879 5430 1150 5495 Lexicon,
1196 5429 1401 5486 inedit.
1435 5431 1563 5487 Vid.
1604 5429 1812 5489 Meurs.

265 5501 585 5588 lossarium
632 5500 1200 5588 graeco-Barbarum
1244 5518 1302 5573 p.
1343 5506 1464 5558 510.
1511 5505 1818 5560 Erotianus

211 5571 465 5646 χελίσκον
491 5592 502 5603 ·
531 5571 793 5645 τρυϐλίον.
1247 5571 1263 5573 ί

291 5642 369 5713 (4)
407 5650 483 5714 Τῇ
512 5644 731 5700 omittit
770 5642 915 5699 Cod.
956 5647 1021 5698 Α.
1056 5644 1187 5699 Mox
1215 5643 1375 5700 idem
1401 5644 1503 5702 dat
1530 5646 1821 5715 αύξάνοντι,

214 5730 330 5776 pro
359 5714 590 5776 αὔξοντι.

214 5730 330 5789 pro
359 5730 590 5776 αυςοντι.

1994 5358 2069 5429 (5)
2103 5359 2188 5413 Μή
2220 5354 2529 5429 γεννηθῆιζαι
2549 5350 2676 5412 ὅλως
2703 5346 2920 5405 omittit
2954 5343 3171 5402 COd.A.

2021 5424 2076 5492 6)
2105 5430 2182 5492 se,
2211 5424 2428 5479 Omittit
2456 5425 2513 5477 Β.

1999 5360 2045 5429 [5
2103 5359 2188 5413 Μή
2220 5358 2529 5425 γεννηθῆναι
2549 5358 2676 5412 ὅλως
2703 5358 2920 5405 οωιιιη
2954 5358 3007 5400 Ut

2021 5432 2054 5483 6
2105 5430 2182 5492 Δέ,
2211 5424 2428 5479 omittit
2456 5425 2513 5477 Β.

2022 5358 2076 5567 7)
2109 5502 2231 5562 Καί,
2264 5499 2401 5566 post.
2425 5496 2502 5547 ὅτι
2532 5492 2748 5549 omittit
2778 5489 2911 5547 Cod.
2946 5495 3007 5541 Δ.

2027 5572 2079 5642 8)
2108 5569 2299 5631 "Azan,
2326 5574 2381 5623 B.
2503 5638 2527 5642 Α
2592 5637 2606 5642 _
2686 5598 2689 5599 ν

2004 5572 2057 5642 (8
2108 5572 2299 5631 "Azan,
2326 5574 2381 5623 Β.
2686 5598 2689 5599 ν

2004 5572 2084 5714 (9)
2109 5640 2461 5712 Ἐρᾳθύμησε,
2491 5637 2631 5692 Cod.
2665 5640 2730 5691 A.
