4170 6334
578 332 685 388 663
1931 323 2278 381 EUTHYMII
2316 321 2648 380 ZlGABENI
3861 321 3975 376 66%

581 472 748 526 nore,
790 459 845 513 et
869 455 1005 528 quia
1026 453 1168 512 boni
1192 453 1335 513 facti
1352 457 1510 524 sunt,
1533 452 1748 527 etquia
1767 450 1989 510 amatis
2009 449 2237 507 nullum

2355 447 2565 521 ἁγαθοὶ,
2609 445 2798 510 διπλῆς
2841 447 2972 501 εἰσιν
3015 447 3155 512 ἄξιοι
3181 455 3361 521 τιμῆς,
3413 443 3554 500 διότι
3580 465 3635 499 τε
3675 449 3974 518 γεγόνασιν

583 548 1039 618 reportaverunt
1070 543 1386 601 damnum.

2355 538 2560 609 ἁγαθοὶ,
2613 544 2703 591 καὶ
2755 534 2896 592 διότι
2939 537 3034 591 οὐκ
3091 538 3206 610 (10)
3262 536 3316 590 ἐκ
3362 545 3462 589 τῶν
3516 544 3756 609 πονηρῶν
3815 535 3976 589 ἐϐλά-

2355 628 2548 685 ϐησαν.

2428 719 2754 792 Ἀποκριθεὶς
2807 747 2878 759 -
2955 715 3132 768 Ῥαϐϐί
3161 733 3173 782 ;
3248 715 3320 768 Ὠ
3364 723 3460 777 τῆς
3528 713 3971 787 ἀναισχυντίαςὲ

655 744 815 798 Vers.
834 741 926 800 25.
957 742 1336 810 Respondens
1353 771 1423 781 —
1443 739 1624 796 Rabbi
1653 740 1681 796 ?
1708 741 1751 796 Ο
1768 738 2207 811 impudentiam
2229 738 2241 793 l

2357 805 2538 881 ἐρωτᾷ,
2605 807 2772 860 λαθεῖν
2821 809 2943 866 τοὺς
3007 806 3246 878 μαθητὰς
3296 809 3422 866 τέως
3473 811 3814 876 πειρώμενος.
3881 805 3976 867 Ἐξ

584 833 912 901 interrogat
973 835 1207 886 tentans
1261 829 1496 885 interim
1553 829 1735 884 latere
1799 828 2148 900 discipulos.
2199 828 2246 881 Α

587 920 881 992 principio
926 919 1218 990 siquidem
1244 935 1365 974 non
1396 918 1779 986 interrogavit
1816 917 2065 988 quando
2105 916 2250 970 dixit

588 1010 851 1065 Christus
912 1025 924 1065 :
975 1009 1132 1064 Unus
1178 1022 1246 1062 ea:
1288 1008 1492 1076 vobis;
1539 1005 1790 1078 putabat
1853 1005 2011 1059 enim
2072 1004 2247 1060 latere

587 1103 1013 1170 praeceptorem
1039 1115 1053 1163 ;
1082 1096 1184 1152 ubi
1205 1112 1336 1151 vero
1354 1095 1639 1151 indicium
1667 1093 1915 1158 addidit,
1937 1095 2098 1149 novit
2119 1094 2247 1164 jam

589 1187 756 1261 quod
786 1186 1061 1257 cognitus
1091 1190 1246 1242 esset
1279 1203 1292 1251 ;
1328 1185 1430 1240 sed
1463 1184 1686 1240 caeteris
1716 1181 2244 1252 interrogantibus,

586 1280 913 1348 interrogat
946 1281 1002 1333 et
1025 1277 1176 1348 ipse,
1215 1275 1522 1331 conﬁdens
1559 1274 1634 1329 de
1661 1273 2048 1346 praeceptoris
2087 1272 2248 1328 beni-

591 1369 832 1439 gnitate,
867 1365 1032 1438 quod
1061 1364 1267 1437 palam
1311 1379 1452 1418 eum
1488 1362 1738 1419 omnino
1767 1377 1890 1418 non
1917 1365 2189 1434 argueret
2231 1377 2244 1427 ;

589 1456 728 1513 ideo
756 1470 1000 1528 quoque
1035 1453 1226 1510 Rabbi
1256 1453 1423 1508 ﬂium
1453 1455 1642 1520 vocat,
1669 1451 1784 1508 hoc
1813 1455 1900 1507 est
1945 1452 2244 1522 magister.

2359 895 2535 970 ἀρχῆς
2581 900 2670 968 μὲν
2713 898 2813 968 γὰρ
2855 895 2947 947 οὐκ
3001 896 3291 968 ἠρώτησεν,
3339 895 3420 947 ὅτε
3451 895 3476 946 ό
3515 896 3747 968 Χριστὸς
3783 891 3932 946 εἶπεν
3957 913 3969 923 ·

2357 986 2441 1046 Εἷς
2487 984 2539 1047 ἐξ
2577 987 2738 1056 ὑμῶν.
2793 983 2942 1056 ’ῼετο
2989 987 3090 1058 γὰρ
3131 986 3204 1035 ἔτι
3246 983 3511 1036 λανθάνειν
3555 987 3642 1035 τόν
3688 979 3973 1036 διδάσκα-

2356 1073 2461 1127 λον.
2527 1072 2647 1126 Ὀτι
2731 1070 2790 1126 δε
2873 1077 2963 1124 καὶ
3025 1075 3342 1146 παράσημον
3403 1073 3744 1145 προσέθηκεν,
3811 1075 3969 1143 ἔγνω,

2358 1164 2436 1215 ὅτι
2489 1159 2822 1234 διέγνωσται,
2879 1166 2969 1214 καὶ
3015 1161 3214 1227 λοιπὸν,
3264 1169 3364 1214 τῶν
3431 1161 3592 1213 ἄλλων
3653 1160 3974 1236 ἄρωτησοὲν-

2356 1271 2476 1318 των,
2527 1250 2692 1324 ἐρωτᾷ
2738 1257 2827 1304 καὶ
2856 1251 3023 1318 αὐτὸς,
3086 1249 3286 1326 θαρῥῶν
3323 1257 3418 1322 τῇν
3467 1249 3711 1323 ἐπιεικείᾳ
3739 1257 3840 1303 τοῦ
3892 1248 3977 1304 δι·

2359 1337 2648 1406 δασκάλου,
2709 1342 2789 1394 ὅτι
2831 1343 3033 1400 πάντως
3083 1339 3177 1392 οὐκ
3225 1338 3416 1412 ἐλέγξει
3462 1335 3732 1413 προδήλως
3782 1339 3970 1395 αὐτόν.

2357 1433 2452 1482 Διὰ
2516 1437 2669 1482 τοῦτο
2733 1432 2833 1502 γὰρ
2879 1434 2969 1483 καὶ
3029 1427 3207 1482 Ῥαϐϐὶ
3268 1436 3449 1483 τοῦτον
3496 1425 3750 1495 ἐκάλεσεν,
3827 1433 3970 1496 ἤτοι,

2359 1515 2702 1573 διδάσκαλον.

2431 1630 2584 1696 Λέγει
2651 1624 2812 1696 αὐτῷ,
2881 1629 2948 1678 Σὺ
3013 1622 3179 1687 εἶπας.
3248 1624 3406 1698 Ὅρα,
3483 1632 3593 1685 πῶς
3645 1622 3974 1689 ἀνεξικάκως

661 1651 824 1706 Vers.
858 1650 945 1705 25.
984 1649 1138 1705 Dicit
1169 1649 1266 1704 illi
1299 1663 1311 1702 :
1352 1649 1435 1702 Tu
1465 1647 1698 1703 dixisti.
1733 1646 1873 1701 Vide
1920 1661 2107 1718 quam
2139 1645 2251 1701 cle-

2360 1715 2513 1767 au’rov
2572 1714 2797 1788 ἐλέγχει,
2845 1717 2993 1783 ὅρους
3042 1717 3166 1786 ἡμῖν
3207 1718 3297 1766 καὶ
3340 1718 3557 1776 κανόνας
3597 1717 3974 1789 μακροθυμίας

590 1745 820 1796 menter
846 1744 1059 1808 arguat
1079 1754 1237 1801 eum,
1267 1738 1553 1794 terminos
1571 1737 1746 1791 nobis
1768 1751 1838 1791 ac
1854 1736 2090 1808 regulas
2120 1736 2251 1792 lon-
2287 1799 2328 1817 ἢ
2360 1736 2525 1817 αυτονι
2572 1736 2797 1817 ελξγχξιο
2832 1736 3011 1817 ,ορουξ-
3042 1736 3166 1786 ημιν
3190 1736 3297 1817 If”
3340 1736 3562 1817 κτξνοναξ
3597 1736 3666 1816 μσς

589 1799 964 1899 ganimitativs
1013 1799 1378 1882 describens.
1432 1827 1523 1882 Ait
1551 1826 1748 1880 enim:
1780 1827 1859 1881 Tu
1908 1799 2159 1881 testatus
2191 1842 2237 1881 es

2359 1808 2575 1876 πηγνύς.
2610 1810 2746 1863 Φησὶ
2784 1806 2906 1878 γὰρ,
2953 1807 3020 1856 Σὺ
3076 1805 3317 1870 κατέθου,
3371 1804 3451 1856 ὅτι
3507 1806 3571 1856 σὺ
3624 1801 3684 1856 εἰ.
3747 1811 3974 1879 Περιαι-

590 1891 645 1972 ἶθ
691 1933 846 1972 esse.
894 1915 1231 1970 Auferendo
1279 1914 1462 1980 enim,
1509 1915 1826 1985 Numquid,
1858 1914 2237 1987 relinquitur;

2359 1899 2609 1970 ρουμένου
2659 1893 2760 1968 γὰρ
2818 1900 2910 1945 τοῦ
2955 1897 3106 1964 μήτι,
3149 1895 3209 1945 τὸ
3263 1893 3398 1964 Ἐγώ
3456 1891 3562 1964 εἰμι
3588 1891 3786 1958 Ῥαϐϐὶ,
3823 1913 3972 1967 περι-

588 2004 716 2075 Ego
739 2021 869 2060 sum
896 2005 1102 2068 Rabbi,
1152 2003 1317 2076 quod
1348 1982 1774 2075 depositionem
1805 2019 1875 2059 ac
1929 1982 2237 2060 confessid

2359 1983 2606 2049 λείπεται,
2663 1984 2944 2035 κατάθεσιν
2993 1987 3084 2034 καὶ
3130 1982 3398 2053 ὁμολογίαν
3449 1982 3708 2054 ἐμφαῖνον.
3763 1982 3826 2035 Ὁ
3877 1989 3971 2057 μὲν

2394 2069 2417 2086 ιν
2511 2081 2552 2086 _.
2694 2075 2702 2086 .
2847 2068 2914 2086 ..μ
3139 2070 3168 2086 Α
3243 2070 3254 2086 .
3411 2078 3430 2086 -
3559 2070 3570 2080 .
3685 2067 3755 2086 ι.
3803 2075 3828 2086 -

589 2067 731 2150 nem
789 2093 1100 2163 signiﬁcat.
1153 2067 1643 2164 Christus-itaque
1673 2092 1817 2148 nihil
1869 2093 2237 2164 praetermisit

2360 2069 2448 2125 οὖν
2511 2075 2736 2145 Χριστὸς
2802 2068 2953 2124 οὐδὲν
3018 2070 3293 2144 παρέλειψε
3367 2078 3465 2122 τῶν
3529 2070 3596 2131 εἰς
3673 2067 3970 2146 διόρθωσιν

589 2198 798 2238 eorum
811 2197 948 2253 quae
962 2183 1040 2236 ad
1066 2183 1493 2237 correctionem
1515 2185 1788 2253 spectant
1819 2198 1832 2236 :
1853 2181 1928 2236 ob
1957 2182 2072 2237 hoc
2088 2183 2237 2238 enim

2363 2165 2741 2215 συντεινόντων.
2800 2163 2894 2213 Διά
2950 2166 3100 2212 τοῦτο
3169 2163 3269 2234 γὰρ
3325 2163 3413 2211 καὶ
3463 2155 3721 2234 διαφόρως
3778 2163 3969 2235 ὑπεμί-

589 2245 992 2327 diversimode
1005 2269 1295 2342 suggessit
1324 2286 1394 2326 ac
1433 2245 1689 2334 retinuit,
1719 2274 1774 2324 et
1809 2285 1915 2342 per
1959 2285 2144 2342 opera
2193 2277 2237 2327 et

2360 2269 2578 2322 μνησκε,
2611 2254 2700 2302 καὶ
2725 2256 2955 2321 κατεῖχε,
2995 2253 3084 2301 καὶ
3117 2245 3189 2300 δι’
3219 2250 3396 2322 ἔργων,
3427 2252 3515 2300 καὶ
3541 2245 3575 2301 δ
3581 2251 3633 2301 ιὰ
3657 2248 3846 2322 λογων,
3876 2259 3968 2305 καὶ

588 2376 690 2432 per
753 2375 1080 2426 sermones,
1145 2376 1251 2431 per
1291 2362 1567 2415 timorem
1606 2363 1664 2414 et
1714 2374 1820 2430 per
1864 2358 2244 2431 obsequium.

588 2450 882 2516 Quoniam
913 2466 1050 2505 vero
1072 2449 1222 2505 nihil
1247 2447 1413 2504 illum
1439 2449 1517 2504 ab
1547 2448 1897 2517 aegritudine
1923 2449 2243 2514 revocavit,

589 2540 698 2595 sed
731 2541 964 2610 penitus
992 2537 1338 2594 incurabilis
1389 2537 1736 2610 permansit,
1784 2553 1855 2594 eo
1880 2539 2013 2609 jam
2041 2538 2244 2596 relicto

589 2629 782 2701 pergit
805 2628 884 2685 ad
912 2633 1140 2683 castera.

934 2749 1090 2806 CAP.
1122 2750 1309 2805 LXIV.
1346 2751 1432 2806 De
1459 2765 1612 2807 caena
1631 2750 1904 2820 mystica.

658 2859 822 2912 Vers.
855 2858 944 2911 26.
976 2857 1299 2913 Edentibus
1317 2886 1388 2898 —
1417 2872 1632 2925 corpus
1657 2872 1870 2914 meum.
1922 2861 2245 2932 Postquam

2361 2335 2454 2392 διὰ
2497 2337 2676 2411 φόϐου,
2725 2343 2812 2391 καὶ
2846 2335 2938 2391 διὰ
2969 2340 3260 2410 θεραπείας,
3292 2341 3382 2389 καὶ
3414 2334 3508 2389 διὰ
3558 2339 3782 2394 πάντων.
3820 2341 3965 2394 Ἐπεὶ

2361 2425 2420 2480 δὲ
2446 2425 2596 2480 οὐδὲν
2624 2428 2778 2480 αὐτόν
2811 2426 3009 2500 ἀφίστα
3029 2447 3120 2480 του
3149 2431 3462 2499 νοσήματος,
3509 2432 3600 2480 καὶ
3622 2431 3959 2482 παντάπασιν

2358 2518 2562 2578 ἀνίατος
2635 2521 2792 2590 ἔμενε,
2857 2517 3034 2569 λοιπὸν
3095 2514 3280 2568 ἐκεῖνον
3334 2515 3503 2589 ἀφεὶς,
3569 2515 3651 2570 ἐπὶ
3713 2521 3782 2570 τὰ
3837 2519 3959 2584 ἑξῆς

2356 2610 2618 2682 τρέπεται.

2680 2754 2825 2806 ΚΕΦ.
2846 2747 2954 2802 ΞΔ’.
2990 2752 3115 2821 Περὶ
3137 2744 3349 2802 δείπνου
3379 2757 3632 2820 μυστικοῦ

2425 2857 2729 2910 Ἐσθιόντων
2757 2885 2829 2896 —
2860 2857 3012 2928 σῶμά
3041 2875 3161 2927 μου.
3194 2857 3342 2908 Μετὰ
3367 2858 3426 2908 τὸ
3454 2862 3612 2928 φαγεῖν
3635 2857 3690 2906 τὸ
3719 2861 3940 2927 νομικόν

585 2945 770 3016 legale
784 2944 1008 3016 pascha
1020 2943 1445 3014 comedissent,
1461 2945 1906 3002 discumbentes
1923 2949 2237 3005 cenabant

2356 2947 2576 3016 Πάσχα,
2658 2945 3048 3007 κατακλιθέντες
3107 2941 3394 3009 ἐδείπνουν,
3462 2947 3530 3007 ὡς
3599 2949 3932 3019 προείρηται·

587 3039 652 3090 ut
688 3033 1038 3105 prmdictum
1088 3038 1175 3089 est
1207 3053 1221 3104 ;
1251 3033 1467 3090 deinde
1518 3050 1655 3090 cum
1698 3036 2046 3092 surrexisset
2101 3037 2237 3094 lavit

2355 3032 2465 3086 εἶτα
2518 3032 2742 3093 ἀναστὰς
2790 3033 2900 3105 (li)
2950 3033 3090 3104 ἔνιψε
3143 3037 3266 3095 τοὺς
3313 3029 3480 3095 πόδας
3527 3043 3624 3086 τῶν
3679 3036 3948 3107 μαθητῶν,

585 3122 770 3196 pedes
823 3138 1052 3190 eorum,
1106 3127 1170 3180 ut
1219 3122 1302 3179 ait
1355 3125 1616 3180 Joannes
1662 3125 1731 3190 ‘9,
1783 3129 1841 3179 et
1872 3141 2071 3180 rursus
2127 3127 2237 3182 dis-

2354 3122 2422 3183 ὠς
2470 3123 2494 3173 ό
2546 3121 2780 3182 Ἰωάννης
2837 3127 2987 3195 φησὶ,
3020 3127 3110 3175 καὶ
3166 3119 3312 3184 αὖθις
3355 3121 3686 3184 ἁναπεσόντες
3727 3125 3948 3181 ἤσθιον.

586 3210 932 3268 cumbentes
992 3211 1269 3269 edebant.
1345 3211 1738 3270 Postmodum
1810 3230 2046 3272 coenam
2113 3234 2237 3290 my-

2353 3214 2529 3264 ἔπειτα
2584 3211 2777 3284 μεταξὺ
2831 3207 3102 3285 παρέδωκε
3157 3215 3217 3264 τό
3273 3215 3528 3285 μυστικὸν
3581 3208 3786 3266 δεῖπνον
3848 3221 3956 3274 τοῖς

585 3301 794 3356 sticam
860 3300 1101 3358 tradidit
1183 3301 1416 3357 interim
1487 3301 1819 3375 discipulis.
1896 3305 2238 3372 Edentibus,

585 3389 781 3461 inquit
829 3389 966 3457 illis,
1031 3396 1267 3462 sumpto
1314 3405 1486 3463 pane,
1535 3392 1640 3464 qui
1705 3392 1980 3450 videlicet
2054 3411 2246 3468 appo-

587 3479 737 3534 situs
759 3484 902 3546 erat,
929 3483 1033 3536 aut
1058 3479 1242 3536 altero
1269 3480 1376 3553 qui
1397 3480 1668 3537 similiter
1696 3483 1748 3538 ei
1777 3486 2071 3555 tanquam
2111 3501 2242 3541 ma-

586 3568 771 3640 gistro
819 3574 944 3624 erat
986 3569 1320 3641 appositus,
1377 3569 1548 3640 fregit
1599 3571 1721 3626 sive
1751 3573 2126 3638 comminuit,
2185 3579 2238 3632 et

2351 3305 2632 3375 μαθηταῖς.
2713 3302 3022 3356 Ἐσθιόντων
3082 3304 3201 3376 γὰρ,
3273 3306 3450 3374 φησὶν,
3526 3302 3715 3373 αὐτῶν,
3785 3302 3952 3356 λαϐὼν

2351 3394 2526 3467 ἄρτον,
2583 3387 2792 3450 δηλαδὴ
2848 3395 2934 3443 τὸν
2972 3396 3346 3464 παρακείμενον
3395 3391 3556 3462 αὐτῷ,
3589 3395 3622 3450 ἦ
3662 3395 3754 3444 καὶ
3783 3393 3952 3466 ἕτερον

2353 3485 2850 3555 συμπαρακείμενον,
2937 3483 3002 3541 ὡς
3066 3477 3397 3553 διδασκάλῳ,
3485 3480 3718 3546 ἔκλασεν,
3787 3483 3952 3534 εῖτουν

2353 3570 2660 3645 συνέθρυψε,
2679 3575 2766 3622 καὶ
2788 3566 3073 3642 μετέδωκεν
3091 3569 3288 3633 αὐτοῖς.
3312 3569 3370 3622 Ὀ
3393 3566 3453 3624 δε
3475 3575 3684 3633 Λουκᾶς
3698 3571 3916 3644 γραψας
3934 3592 3947 3604 ·

4108 2576 4109 2634 ι

4109 2923 4111 3000 ι

4109 3011 4111 3090 i

587 3654 829 3712 tradidit
852 3656 982 3712 illis.
1008 3657 1198 3714 Lucas
1229 3672 1372 3713 vero
1406 3663 1730 3730 postquam
1774 3661 2010 3732 scripsit
2064 3681 2076 3718 :
2108 3663 2240 3720 Hoc

586 3748 666 3802 est
700 3760 914 3815 corpus
941 3762 1148 3817 meum,
1187 3746 1420 3803 addidit
1449 3765 1466 3803 :
1498 3747 1666 3814 Quod
1699 3765 1810 3819 pro
1837 3750 1999 3807 vobis
2028 3751 2233 3820 datur,

583 3834 704 3890 sive
726 3837 990 3892 traditur
1011 3836 1076 3892 in
1105 3843 1351 3893 mortem
1379 3839 1450 3892 ³ο.

653 3924 782 3992 Egit
810 3930 1009 3980 autem
1035 3927 1255 3995 gratias
1280 3931 1336 3980 et
1363 3941 1525 3982 nunc
1555 3931 1691 3982 ante
1716 3943 1959 4000 panem,
1989 3935 2045 3987 et
2070 3936 2235 4003 post-

578 4012 831 4068 modum
856 4020 992 4068 ante
1015 4013 1299 4084 poculum
1324 4031 1337 4066 :
1365 4014 1589 4069 docens
1619 4017 1782 4086 quod
1804 4018 2027 4088 gratias
2058 4035 2234 4090 agere

578 4105 811 4172 oportet
840 4107 977 4156 ante
1007 4101 1355 4172 hujusmodi
1390 4103 1770 4173 mysterium,
1817 4107 1976 4177 quod
2016 4107 2235 4177 perfec-

578 4195 705 4245 tum
724 4194 810 4243 est
837 4190 913 4243 ad
929 4189 1340 4259 praestandum
1360 4195 1590 4245 naturae
1612 4197 1829 4248 nostra;
1855 4193 2230 4254 beneﬁcium.

581 4277 640 4334 Si
670 4276 829 4330 enim
870 4277 1010 4344 agni
1033 4277 1332 4346 ﬁgurativi
1363 4277 1697 4333 immolatio
1723 4279 1802 4336 ab
1829 4281 2233 4344 interiectione

576 4364 1010 4430 liberationem,
1039 4369 1095 4420 et
1123 4365 1452 4424 aservitute
1479 4366 1811 4427 libertatem
1839 4373 2062 4429 Judaais
2092 4392 2235 4446 prae-

2347 3667 2511 3712 Τοῦτο
2577 3657 2689 3710 ἔστι
2752 3662 2810 3711 τὸ
2881 3661 3031 3731 σῶμά
3118 3678 3219 3732 μου
3297 3660 3434 3731 (12),
3503 3661 3820 3735 προσέθηκε,
3888 3663 3949 3712 τό

2347 3750 2472 3820 ὑπὲρ
2551 3749 2694 3821 ὑμῶν
2760 3743 3056 3820 διδόμενον,
3132 3751 3314 3819 ἤγουν,
3388 3744 3812 3822 παραδιδόμενον
3881 3749 3948 3810 εἰς

2349 3839 2583 3892 θάνατον.

2419 3936 2800 4009 Ηὺχαρίστησε
2856 3929 2915 3987 δε
2980 3940 3068 3984 νῦν
3124 3934 3214 4006 μὶν
3261 3936 3362 4007 πρὸ
3416 3941 3509 3986 τοῦ
3577 3935 3764 4008 ἄρτου,
3815 3938 3949 4008 μετὰ

2345 4027 2497 4078 tam
2530 4023 2588 4078 δὲ
2635 4029 2724 4076 καὶ
2775 4027 2874 4098 πρὸ
2919 4030 3011 4076 τοῦ
3041 4027 3318 4098 ποτηρίου,
3378 4019 3670 4094 διδάσκων,
3727 4027 3809 4078 ὅτι
3868 4025 3947 4077 εὖ·

2344 4121 2620 4188 χαριστεῖν
2670 4110 2754 4166 δεῖ
2798 4116 2897 4184 πρὸ
2959 4119 3052 4164 τοῦ
3113 4114 3348 4164 τοιούτου
3402 4118 3721 4187 μυστηρίου,
3773 4113 3946 4168 τελου-

2343 4209 2496 4276 μένου
2540 4206 2666 4276 πρός
2718 4202 3010 4277 εὐεργεσίαν
3063 4210 3157 4263 τῆς
3214 4203 3360 4272 ἡμῶν
3412 4204 3630 4273 φύσεως.
3674 4203 3734 4255 Εἰ
3764 4205 3868 4279 γὰρ
3913 4207 3942 4262 ἡ

2343 4301 2432 4345 τοῦ
2479 4300 2700 4344 τυπικοῦ
2747 4292 2908 4364 ἀμνοῦ
2962 4293 3123 4344 θυσία
3180 4295 3268 4342 καὶ
3324 4289 3667 4365 ὁλοθρεύσιως
3715 4291 3945 4345 ἀπαλλα-

2342 4387 2462 4456 γὴν,
2517 4387 2606 4434 καὶ
2656 4378 2892 4443 δουλείας
2954 4379 3238 4455 ἐλευθερίαν
3299 4387 3403 4441 τοῖς
3458 4379 3715 4456 Ἑϐραίοις
3768 4381 3946 4453 ἐχαρί-

579 4452 740 4554 stitit,
758 4457 986 4558 quanto
1004 4456 1240 4526 majora
1255 4455 1551 4526 praestabit
1576 4459 1918 4518 Christianis
1942 4464 2060 4520 veri
2081 4468 2232 4537 Agni

2350 4452 2495 4540 σατο,
2527 4470 2695 4542 πολλῷ
2735 4469 2924 4540 μᾶλλον
2955 4472 2984 4528 ἡ
3024 4452 3390 4528 τοῦ-ἀληθινοῦ
3419 4452 3908 4546 τοῖς-Χριστιανοῖς
3927 4491 3942 4504 ·

579 4541 930 4598 immolatio.
957 4543 1140 4599 Simul
1163 4544 1340 4600 etiam
1373 4546 1709 4614 ostendens,
1736 4551 1895 4622 quod
1927 4552 2231 4612 ultroneus

579 4630 661 4688 ad
689 4630 1032 4702 passionem
1051 4633 1296 4700 veniret,
1329 4637 1685 4706 etpraaterea
1710 4639 1934 4696 docens
1961 4658 2072 4699 nos
2102 4660 2234 4714 gra-

579 4719 691 4778 tias
719 4735 894 4792 agere
924 4719 987 4775 in
1015 4722 1297 4778 omnibus
1325 4739 1461 4795 quae
1487 4725 1766 4796 patimur.

651 4809 813 4865 Sicut
871 4812 1070 4865 autem
1120 4810 1373 4881 pictores
1415 4813 1477 4867 in
1529 4829 1652 4870 una
1697 4815 1906 4874 tabula
1962 4824 2018 4876 et
2045 4821 2234 4880 lineas

576 4903 941 4970 supponunt,
978 4904 1035 4954 et
1076 4899 1340 4970 picturas
1398 4901 1775 4970 adumbrant,
1807 4910 1863 4961 et
1883 4907 2109 4965 colores
2138 4930 2234 4970 su-

573 4988 974 5060 perinducunt
1022 5004 1092 5044 ac
1133 4989 1394 5046 formant
1420 5005 1432 5040 :
1456 4991 1538 5049 ita
1570 5009 1808 5065 quoque
1863 4994 2129 5057 Christus
2168 5005 2232 5061 in

644 5110 692 5145 ¹⁶
716 5111 885 5168 Joan.
908 5124 1034 5179 xui,
1062 5110 1117 5164 4.
1194 5112 1243 5148 ²⁰
1273 5111 1414 5168 Luc.
1440 5129 1581 5180 xxu,
1621 5118 1712 5173 19.

2342 4562 2453 4634 ἅμα
2482 4557 2542 4614 δὲ
2566 4566 2655 4613 καὶ
2705 4556 2970 4624 δεικνύων,
3004 4559 3083 4610 ὅτι
3126 4558 3250 4610 ἑκὼν
3291 4561 3374 4610 ἐπὶ
3415 4561 3473 4611 τό
3511 4561 3675 4621 πάθος
3706 4563 3932 4633 ξοχεται,

2341 4655 2431 4704 καὶ
2500 4653 2716 4724 προσέτι
2770 4644 3032 4701 παιδεύων
3097 4649 3257 4720 ἡμᾶς,
3319 4647 3656 4722 εὐχαριστεῖν
3725 4648 3797 4720 ἐφ’
3857 4648 3932 4708 οἷς

2342 4741 2643 4812 πάσχομεν.

2411 4829 2611 4902 Ὠσπερ
2645 4823 2704 4880 δὲ
2755 4828 2804 4878 οἱ
2835 4827 3100 4902 ζωγράφοι
3135 4825 3220 4878 ἐπὶ
3261 4831 3353 4878 τοῦ
3398 4825 3557 4879 αὐτοῦ
3598 4831 3808 4889 πίνακος
3850 4832 3942 4879 καὶ

2341 4921 2432 4979 τὰς
2477 4919 2726 4990 γραμμὰς
2777 4916 3110 4968 ὑποτιθέασιν
3179 4913 3294 4986 (13)
3347 4919 3436 4967 καὶ
3502 4923 3941 4989 σκιαγραφοῠσιν,

2342 5013 2431 5061 καὶ
2483 5009 2548 5060 τὰ
2595 5011 2856 5080 χρώματα
2901 5003 3236 5058 ἐπιϐάλλουσι
3287 5007 3377 5057 καὶ
3424 5011 3716 5078 μορφοῦσιν
3751 5022 3764 5036 '
3811 5005 3942 5058 οὕτω

1789 5241 2005 5313 Variae
2043 5247 2370 5322 lectiones
2403 5261 2470 5320 et
2498 5263 2704 5320 notae.

635 5403 753 5540 (1οξ
775 5401 885 5454 οὐκ
913 5401 1096 5459 habet
1116 5402 1250 5459 cod.
1280 5405 1327 5460 Α
1366 5406 1504 5461 ante
1530 5403 1843 5482 ἐϐλάϐησαν.

637 5473 717 5540 (Η
778 5472 940 5527 Unde
993 5473 1090 5529 hic
1111 5477 1165 5530 et
1197 5490 1382 5540 supra
1433 5477 1510 5533 ad
1541 5493 1780 5536 versum
1807 5483 1838 5536 2

637 5473 684 5544 (1
703 5472 753 5552 ti
778 5472 965 5552 Unde_
993 5473 1090 5552 hic
1111 5477 1170 5552 et
1197 5490 1382 5552 supra
1433 5477 1510 5533 ad
1541 5472 1780 5536 versum
1807 5483 1896 5548 20,
1941 5483 2162 5548 ἀναστάς
2190 5489 2219 5544 ?

562 5546 801 5629 liam‘in
835 5548 1113 5628 contextu
1140 5546 1388 5629 Joannis
1419 5553 1665 5629 uterque
1699 5546 2216 5629 _coder_Euthymﬁ

560 5611 1063 5694 habet‘i-ycipcrar:
1083 5615 1301 5694 scilicet
1330 5611 1866 5694 ex_Chrjsostomo.
1896 5625 1982 5682 Ita
2017 5611 2212 5694 EﬁiB",

561 5685 724 5741 hunc
754 5683 1377 5757 locuminterpretans,
1403 5683 1627 5755 laudat,
1655 5697 1796 5748 tom.
1821 5695 1964 5760 Vlll,
1992 5714 2052 5768 p.
2085 5683 2208 5768 Iit—4;

2331 5423 2387 5498 l_)_
2402 5419 2910 5498 consentientibus
2935 5418 3115 5476 etiam
3141 5421 3450 5481 codicibus
3479 5426 3940 5498 Mosquensibus

2331 5492 2757 5564 Chrysostomi.

2398 5561 2511 5698 (1'2;
2553 5571 2686 5630 Μοῦ,
2721 5561 2934 5619 omittit
2976 5563 3035 5617 Β.

2398 5638 2484 5691 (13
2552 5635 2692 5691 Cod.
2721 5637 2766 5690 Α
2792 5632 3035 5689 ﬂuctuat

2393 5632 2508 5706 (13)
2552 5635 2692 5710 Cod.
2792 5632 3042 5710 ﬂuctuat
3073 5633 3224 5710 inter
3251 5636 3564 5705 ἕπιτίθίασι,
3598 5638 3934 5710 ἀποτιθέασι,

2324 5711 2380 5762 et
2406 5705 2571 5779 quod
2603 5705 2748 5763 nihil
2779 5710 2887 5775 est,
2920 5705 3265 5765 εὐπιτιθέασι.
