  <div class='ocr_page' id='page_1' title='image "/cluster/home/n/w/nwhite01/storage/ocr_20150623/129/mdp.39015061528470/342.png"; bbox 0 0 4170 6334; ppageno 0'>
   <div class='ocr_carea' id='block_1_1' title="bbox 280 372 391 427">
    <p class='ocr_par' dir='ltr' id='par_1_1' title="bbox 280 372 391 427">
     <span class='ocr_line' id='line_1_1' title="bbox 280 372 391 427; baseline 0 0"><span class='ocrx_word' id='word_1_1' title='bbox 280 372 391 427; x_wconf 81' lang='lat'><strong>665</strong></span> 
     </span>
    </p>
   </div>
   <div class='ocr_carea' id='block_1_2' title="bbox 1250 358 2724 424">
    <p class='ocr_par' dir='ltr' id='par_1_2' title="bbox 1250 358 2724 424">
     <span class='ocr_line' id='line_1_2' title="bbox 1250 358 2724 424; baseline -0.003 0"><span class='ocrx_word' id='word_1_2' title='bbox 1250 364 1605 424; x_wconf 85' lang='lat' dir='ltr'><strong>COMMENT.</strong></span> <span class='ocrx_word' id='word_1_3' title='bbox 1647 362 1718 419; x_wconf 90' lang='lat' dir='ltr'><strong>IN</strong></span> <span class='ocrx_word' id='word_1_4' title='bbox 1756 358 2207 419; x_wconf 67' lang='lat' dir='ltr'><strong>MATTIL‘EUM.</strong></span> <span class='ocrx_word' id='word_1_5' title='bbox 2247 392 2317 403; x_wconf 94' lang='lat'><strong>—</strong></span> <span class='ocrx_word' id='word_1_6' title='bbox 2347 362 2500 419; x_wconf 90' lang='lat' dir='ltr'><strong>CAP.</strong></span> <span class='ocrx_word' id='word_1_7' title='bbox 2533 362 2724 420; x_wconf 89' lang='lat' dir='ltr'><strong>XXVI.</strong></span> 
     </span>
    </p>
   </div>
   <div class='ocr_carea' id='block_1_3' title="bbox 3556 361 3664 417">
    <p class='ocr_par' dir='ltr' id='par_1_3' title="bbox 3556 361 3664 417">
     <span class='ocr_line' id='line_1_3' title="bbox 3556 361 3664 417; baseline 0 0"><span class='ocrx_word' id='word_1_8' title='bbox 3556 361 3664 417; x_wconf 87' lang='lat'><strong>666</strong></span> 
     </span>
    </p>
   </div>
   <div class='ocr_carea' id='block_1_4' title="bbox 283 483 1883 571">
    <p class='ocr_par' dir='ltr' id='par_1_4' title="bbox 283 492 1883 571">
     <span class='ocr_line' id='line_1_4' title="bbox 283 492 1883 571; baseline -0.005 -22"><span class='ocrx_word' id='word_1_9' title='bbox 283 501 379 551; x_wconf 85' lang='grc' dir='ltr'>καὶ</span> <span class='ocrx_word' id='word_1_10' title='bbox 411 499 438 551; x_wconf 88' lang='grc' dir='ltr'><strong>ό</strong></span> <span class='ocrx_word' id='word_1_11' title='bbox 470 498 702 571; x_wconf 87' lang='grc' dir='ltr'>Χριστὸς</span> <span class='ocrx_word' id='word_1_12' title='bbox 745 496 829 550; x_wconf 76' lang='grc' dir='ltr'><strong>ἐπὶ</strong></span> <span class='ocrx_word' id='word_1_13' title='bbox 870 504 962 557; x_wconf 81' lang='grc' dir='ltr'>τῆς</span> <span class='ocrx_word' id='word_1_14' title='bbox 1005 495 1168 557; x_wconf 73' lang='grc' dir='ltr'>αὐτῆς</span> <span class='ocrx_word' id='word_1_15' title='bbox 1216 492 1479 569; x_wconf 81' lang='grc' dir='ltr'><strong>τραπέζης</strong></span> <span class='ocrx_word' id='word_1_16' title='bbox 1508 496 1598 543; x_wconf 83' lang='grc' dir='ltr'>καὶ</span> <span class='ocrx_word' id='word_1_17' title='bbox 1650 492 1708 542; x_wconf 86' lang='grc' dir='ltr'>τὸ</span> <span class='ocrx_word' id='word_1_18' title='bbox 1737 508 1883 543; x_wconf 83' lang='grc' dir='ltr'>τυπι-</span> 
     </span>
    </p>
   </div>
   <div class='ocr_carea' id='block_1_5' title="bbox 2001 483 3662 571">
    <p class='ocr_par' dir='ltr' id='par_1_5' title="bbox 2002 483 3662 557">
     <span class='ocr_line' id='line_1_5' title="bbox 2002 483 3662 557; baseline -0.001 -14"><span class='ocrx_word' id='word_1_19' title='bbox 2002 486 2217 544; x_wconf 87' lang='lat' dir='ltr'><strong>eadem</strong></span> <span class='ocrx_word' id='word_1_20' title='bbox 2246 502 2458 545; x_wconf 88' lang='lat' dir='ltr'><strong>mensa</strong></span> <span class='ocrx_word' id='word_1_21' title='bbox 2487 492 2543 543; x_wconf 91' lang='lat' dir='ltr'><strong>et</strong></span> <span class='ocrx_word' id='word_1_22' title='bbox 2568 486 2948 557; x_wconf 86' lang='lat' dir='ltr'><strong>ﬁgurativum</strong></span> <span class='ocrx_word' id='word_1_23' title='bbox 2988 503 3054 543; x_wconf 82' lang='lat' dir='ltr'><strong>ac</strong></span> <span class='ocrx_word' id='word_1_24' title='bbox 3083 483 3397 542; x_wconf 83' lang='lat' dir='ltr'><strong>umbratile</strong></span> <span class='ocrx_word' id='word_1_25' title='bbox 3426 483 3662 542; x_wconf 83' lang='lat' dir='ltr'><strong>Pascha</strong></span> 
     </span>
    </p>
   </div>
   <div class='ocr_carea' id='block_1_6' title="bbox 282 578 1890 658">
    <p class='ocr_par' dir='ltr' id='par_1_6' title="bbox 282 578 1890 658">
     <span class='ocr_line' id='line_1_6' title="bbox 282 578 1890 658; baseline -0.005 -20"><span class='ocrx_word' id='word_1_26' title='bbox 282 590 375 640; x_wconf 89' lang='grc' dir='ltr'>κὸν</span> <span class='ocrx_word' id='word_1_27' title='bbox 415 591 505 640; x_wconf 84' lang='grc' dir='ltr'>καὶ</span> <span class='ocrx_word' id='word_1_28' title='bbox 553 583 775 648; x_wconf 79' lang='grc' dir='ltr'><strong>σκιῶδες</strong></span> <span class='ocrx_word' id='word_1_29' title='bbox 826 588 1026 657; x_wconf 84' lang='grc' dir='ltr'><strong>Πάσχα</strong></span> <span class='ocrx_word' id='word_1_30' title='bbox 1077 582 1367 658; x_wconf 71' lang='grc' dir='ltr'>ὑπέγραψε,</span> <span class='ocrx_word' id='word_1_31' title='bbox 1413 585 1502 633; x_wconf 86' lang='grc' dir='ltr'>καὶ</span> <span class='ocrx_word' id='word_1_32' title='bbox 1541 583 1599 633; x_wconf 88' lang='grc' dir='ltr'>τὸ</span> <span class='ocrx_word' id='word_1_33' title='bbox 1645 578 1890 637; x_wconf 81' lang='grc' dir='ltr'>ἀληθινὴν</span> 
     </span>
    </p>
   </div>
   <div class='ocr_carea' id='block_1_7' title="bbox 284 670 1886 751">
    <p class='ocr_par' dir='ltr' id='par_1_7' title="bbox 284 670 1886 751">
     <span class='ocr_line' id='line_1_7' title="bbox 284 670 1886 751; baseline -0.004 -23"><span class='ocrx_word' id='word_1_34' title='bbox 284 682 377 729; x_wconf 84' lang='grc' dir='ltr'>καὶ</span> <span class='ocrx_word' id='word_1_35' title='bbox 422 676 608 728; x_wconf 75' lang='grc' dir='ltr'>τελειον</span> <span class='ocrx_word' id='word_1_36' title='bbox 661 677 916 751; x_wconf 81' lang='grc' dir='ltr'><strong>προέθηκε</strong></span> <span class='ocrx_word' id='word_1_37' title='bbox 981 675 1114 745; x_wconf 73' lang='grc'>(14).</span> <span class='ocrx_word' id='word_1_38' title='bbox 1180 678 1279 726; x_wconf 75' lang='grc' dir='ltr'><strong>Καὶ</strong></span> <span class='ocrx_word' id='word_1_39' title='bbox 1345 670 1547 744; x_wconf 79' lang='grc' dir='ltr'>ἐπείπερ</span> <span class='ocrx_word' id='word_1_40' title='bbox 1621 671 1650 728; x_wconf 81' lang='grc' dir='ltr'>ἡ</span> <span class='ocrx_word' id='word_1_41' title='bbox 1714 673 1886 741; x_wconf 82' lang='grc' dir='ltr'>σφαγή</span> 
     </span>
    </p>
   </div>
   <div class='ocr_carea' id='block_1_8' title="bbox 286 757 1889 837">
    <p class='ocr_par' dir='ltr' id='par_1_8' title="bbox 286 757 1889 837">
     <span class='ocr_line' id='line_1_8' title="bbox 286 757 1889 837; baseline -0.004 -20"><span class='ocrx_word' id='word_1_42' title='bbox 286 774 379 817; x_wconf 91' lang='grc' dir='ltr'><strong>τοῦ</strong></span> <span class='ocrx_word' id='word_1_43' title='bbox 427 773 645 836; x_wconf 78' lang='grc' dir='ltr'>νομικοῦ</span> <span class='ocrx_word' id='word_1_44' title='bbox 691 764 853 837; x_wconf 82' lang='grc' dir='ltr'>ἀμνοῦ</span> <span class='ocrx_word' id='word_1_45' title='bbox 904 769 998 822; x_wconf 80' lang='grc' dir='ltr'>τὴν</span> <span class='ocrx_word' id='word_1_46' title='bbox 1054 768 1257 835; x_wconf 80' lang='grc' dir='ltr'>σφαγὴν</span> <span class='ocrx_word' id='word_1_47' title='bbox 1314 768 1405 813; x_wconf 90' lang='grc' dir='ltr'><strong>τοῦ</strong></span> <span class='ocrx_word' id='word_1_48' title='bbox 1458 760 1669 831; x_wconf 86' lang='grc' dir='ltr'>λογικοῦ</span> <span class='ocrx_word' id='word_1_49' title='bbox 1726 757 1889 831; x_wconf 87' lang='grc' dir='ltr'>ἀμνοῦ</span> 
     </span>
    </p>
   </div>
   <div class='ocr_carea' id='block_1_9' title="bbox 282 848 1887 928">
    <p class='ocr_par' dir='ltr' id='par_1_9' title="bbox 282 848 1887 928">
     <span class='ocr_line' id='line_1_9' title="bbox 282 848 1887 928; baseline -0.001 -21"><span class='ocrx_word' id='word_1_50' title='bbox 282 859 624 928; x_wconf 72' lang='grc' dir='ltr'><strong>προεμήνυεν,</strong></span> <span class='ocrx_word' id='word_1_51' title='bbox 676 850 781 906; x_wconf 76' lang='grc' dir='ltr'>ἔδει</span> <span class='ocrx_word' id='word_1_52' title='bbox 810 854 1006 913; x_wconf 84' lang='grc' dir='ltr'>πάντως</span> <span class='ocrx_word' id='word_1_53' title='bbox 1038 852 1149 923; x_wconf 80' lang='grc'>(15)</span> <span class='ocrx_word' id='word_1_54' title='bbox 1192 856 1283 909; x_wconf 76' lang='grc' dir='ltr'>τὴν</span> <span class='ocrx_word' id='word_1_55' title='bbox 1326 852 1477 902; x_wconf 78' lang='grc' dir='ltr'>σκιὰν</span> <span class='ocrx_word' id='word_1_56' title='bbox 1518 848 1887 920; x_wconf 76' lang='grc' dir='ltr'>ἀφανισθῆναι,</span> 
     </span>
    </p>
   </div>
   <div class='ocr_carea' id='block_1_10' title="bbox 281 940 1890 1015">
    <p class='ocr_par' dir='ltr' id='par_1_10' title="bbox 281 940 1890 1015">
     <span class='ocr_line' id='line_1_10' title="bbox 281 940 1890 1015; baseline -0.003 -21"><span class='ocrx_word' id='word_1_57' title='bbox 281 947 525 1015; x_wconf 78' lang='grc' dir='ltr'>φανέντος</span> <span class='ocrx_word' id='word_1_58' title='bbox 571 949 663 994; x_wconf 87' lang='grc' dir='ltr'><strong>τοῦ</strong></span> <span class='ocrx_word' id='word_1_59' title='bbox 714 942 883 1007; x_wconf 79' lang='grc' dir='ltr'>ἡλίου,</span> <span class='ocrx_word' id='word_1_60' title='bbox 940 947 1029 994; x_wconf 81' lang='grc' dir='ltr'>καὶ</span> <span class='ocrx_word' id='word_1_61' title='bbox 1071 944 1157 993; x_wconf 86' lang='grc' dir='ltr'><strong>τόν</strong></span> <span class='ocrx_word' id='word_1_62' title='bbox 1186 942 1344 992; x_wconf 77' lang='grc' dir='ltr'>τύπον</span> <span class='ocrx_word' id='word_1_63' title='bbox 1388 940 1758 1013; x_wconf 78' lang='grc' dir='ltr'>ὑποχωρῆσαι,</span> <span class='ocrx_word' id='word_1_64' title='bbox 1793 946 1890 998; x_wconf 82' lang='grc' dir='ltr'>τῆς</span> 
     </span>
    </p>
   </div>
   <div class='ocr_carea' id='block_1_11' title="bbox 278 1030 830 1092">
    <p class='ocr_par' dir='ltr' id='par_1_11' title="bbox 278 1030 830 1092">
     <span class='ocr_line' id='line_1_11' title="bbox 278 1030 830 1092; baseline 0.005 -10"><span class='ocrx_word' id='word_1_65' title='bbox 278 1030 526 1092; x_wconf 85' lang='grc' dir='ltr'>ἀληθείας</span> <span class='ocrx_word' id='word_1_66' title='bbox 558 1031 777 1089; x_wconf 80' lang='grc' dir='ltr'>ἑλθούση</span> <span class='ocrx_word' id='word_1_67' title='bbox 790 1050 830 1092; x_wconf 90' lang='grc' dir='ltr'><strong>ς.</strong></span> 
     </span>
    </p>
   </div>
   <div class='ocr_carea' id='block_1_12' title="bbox 356 1113 1889 1193">
    <p class='ocr_par' dir='ltr' id='par_1_12' title="bbox 356 1113 1889 1193">
     <span class='ocr_line' id='line_1_12' title="bbox 356 1113 1889 1193; baseline -0.004 -19"><span class='ocrx_word' id='word_1_68' title='bbox 356 1120 500 1193; x_wconf 78' lang='grc' dir='ltr'><strong>[Ἐπὶ</strong></span> <span class='ocrx_word' id='word_1_69' title='bbox 545 1120 656 1192; x_wconf 85' lang='grc'>(16)</span> <span class='ocrx_word' id='word_1_70' title='bbox 703 1123 894 1172; x_wconf 77' lang='grc' dir='ltr'>τούτων</span> <span class='ocrx_word' id='word_1_71' title='bbox 959 1118 1249 1191; x_wconf 77' lang='grc' dir='ltr'><strong>μετάληψις</strong></span> <span class='ocrx_word' id='word_1_72' title='bbox 1318 1120 1407 1190; x_wconf 71' lang='grc' dir='ltr'><strong>μεν</strong></span> <span class='ocrx_word' id='word_1_73' title='bbox 1468 1118 1688 1187; x_wconf 81' lang='grc' dir='ltr'>λέγεται,</span> <span class='ocrx_word' id='word_1_74' title='bbox 1751 1113 1889 1169; x_wconf 78' lang='grc' dir='ltr'>διότι</span> 
     </span>
    </p>
   </div>
   <div class='ocr_carea' id='block_1_13' title="bbox 281 1202 1886 1282">
    <p class='ocr_par' dir='ltr' id='par_1_13' title="bbox 281 1202 1886 1282">
     <span class='ocr_line' id='line_1_13' title="bbox 281 1202 1886 1282; baseline -0.002 -20"><span class='ocrx_word' id='word_1_75' title='bbox 281 1208 738 1282; x_wconf 78' lang='grc' dir='ltr'>μεταλαμϐάνομεν</span> <span class='ocrx_word' id='word_1_76' title='bbox 803 1208 971 1260; x_wconf 74' lang='grc' dir='ltr'>αὐτῶν</span> <span class='ocrx_word' id='word_1_77' title='bbox 1004 1225 1016 1239; x_wconf 90' lang='grc'><strong>·</strong></span> <span class='ocrx_word' id='word_1_78' title='bbox 1062 1212 1300 1260; x_wconf 78' lang='grc' dir='ltr'>κοινωνία</span> <span class='ocrx_word' id='word_1_79' title='bbox 1359 1203 1438 1276; x_wconf 68' lang='grc' dir='ltr'><strong>δὲ,</strong></span> <span class='ocrx_word' id='word_1_80' title='bbox 1498 1202 1637 1259; x_wconf 87' lang='grc' dir='ltr'>διότι</span> <span class='ocrx_word' id='word_1_81' title='bbox 1700 1226 1886 1259; x_wconf 89' lang='grc' dir='ltr'>κοινω-</span> 
     </span>
    </p>
   </div>
   <div class='ocr_carea' id='block_1_14' title="bbox 278 1292 1888 1373">
    <p class='ocr_par' dir='ltr' id='par_1_14' title="bbox 278 1292 1888 1373">
     <span class='ocr_line' id='line_1_14' title="bbox 278 1292 1888 1373; baseline -0.001 -23"><span class='ocrx_word' id='word_1_82' title='bbox 278 1299 465 1371; x_wconf 79' lang='grc' dir='ltr'>νοῦμεν</span> <span class='ocrx_word' id='word_1_83' title='bbox 510 1304 596 1351; x_wconf 80' lang='grc' dir='ltr'>καὶ</span> <span class='ocrx_word' id='word_1_84' title='bbox 643 1306 715 1369; x_wconf 85' lang='grc' dir='ltr'>τῷ</span> <span class='ocrx_word' id='word_1_85' title='bbox 760 1305 975 1373; x_wconf 79' lang='grc' dir='ltr'>Χριστῷ</span> <span class='ocrx_word' id='word_1_86' title='bbox 1023 1302 1112 1350; x_wconf 86' lang='grc' dir='ltr'>καὶ</span> <span class='ocrx_word' id='word_1_87' title='bbox 1158 1296 1387 1359; x_wconf 81' lang='grc' dir='ltr'>ἀλλήλοις</span> <span class='ocrx_word' id='word_1_88' title='bbox 1437 1292 1512 1349; x_wconf 84' lang='grc' dir='ltr'><strong>δι’</strong></span> <span class='ocrx_word' id='word_1_89' title='bbox 1562 1296 1750 1363; x_wconf 73' lang='grc' dir='ltr'>αὐτῶν,</span> <span class='ocrx_word' id='word_1_90' title='bbox 1798 1301 1888 1348; x_wconf 86' lang='grc' dir='ltr'>καὶ</span> 
     </span>
    </p>
   </div>
   <div class='ocr_carea' id='block_1_15' title="bbox 282 1384 1883 1459">
    <p class='ocr_par' dir='ltr' id='par_1_15' title="bbox 282 1384 1883 1459">
     <span class='ocr_line' id='line_1_15' title="bbox 282 1384 1883 1459; baseline -0.002 -19"><span class='ocrx_word' id='word_1_91' title='bbox 282 1390 572 1459; x_wconf 85' lang='grc' dir='ltr'>σύσσωμοι</span> <span class='ocrx_word' id='word_1_92' title='bbox 619 1388 864 1459; x_wconf 72' lang='grc' dir='ltr'>γινόμεθα</span> <span class='ocrx_word' id='word_1_93' title='bbox 912 1385 1025 1458; x_wconf 88' lang='grc'>(17)</span> <span class='ocrx_word' id='word_1_94' title='bbox 1072 1393 1306 1459; x_wconf 85' lang='grc' dir='ltr'>Χριστοῦ</span> <span class='ocrx_word' id='word_1_95' title='bbox 1335 1390 1423 1438; x_wconf 84' lang='grc' dir='ltr'>καὶ</span> <span class='ocrx_word' id='word_1_96' title='bbox 1462 1384 1587 1458; x_wconf 65' lang='grc' dir='ltr'>μελη</span> <span class='ocrx_word' id='word_1_97' title='bbox 1636 1384 1883 1443; x_wconf 84' lang='grc' dir='ltr'>ἀλλήλων.</span> 
     </span>
    </p>
   </div>
   <div class='ocr_carea' id='block_1_16' title="bbox 280 1472 1885 1548">
    <p class='ocr_par' dir='ltr' id='par_1_16' title="bbox 280 1472 1885 1548">
     <span class='ocr_line' id='line_1_16' title="bbox 280 1472 1885 1548; baseline -0.001 -20"><span class='ocrx_word' id='word_1_98' title='bbox 280 1479 419 1528; x_wconf 86' lang='grc' dir='ltr'>Οῦτε</span> <span class='ocrx_word' id='word_1_99' title='bbox 486 1472 547 1528; x_wconf 72' lang='grc' dir='ltr'><strong>δὲ</strong></span> <span class='ocrx_word' id='word_1_100' title='bbox 601 1477 916 1548; x_wconf 77' lang='grc' dir='ltr'>φθείρονται,</span> <span class='ocrx_word' id='word_1_101' title='bbox 982 1478 1098 1527; x_wconf 83' lang='grc' dir='ltr'>οῦτε</span> <span class='ocrx_word' id='word_1_102' title='bbox 1145 1474 1216 1537; x_wconf 81' lang='grc' dir='ltr'><strong>εἰς</strong></span> <span class='ocrx_word' id='word_1_103' title='bbox 1269 1472 1540 1547; x_wconf 79' lang='grc' dir='ltr'>ἀφεδρῶνα</span> <span class='ocrx_word' id='word_1_104' title='bbox 1596 1483 1885 1548; x_wconf 77' lang='grc' dir='ltr'>χωροῦσιν,</span> 
     </span>
    </p>
   </div>
   <div class='ocr_carea' id='block_1_17' title="bbox 280 1562 1886 1638">
    <p class='ocr_par' dir='ltr' id='par_1_17' title="bbox 280 1562 1886 1638">
     <span class='ocr_line' id='line_1_17' title="bbox 280 1562 1886 1638; baseline 0.001 -22"><span class='ocrx_word' id='word_1_105' title='bbox 280 1564 390 1616; x_wconf 87' lang='grc' dir='ltr'>ἀλλ’</span> <span class='ocrx_word' id='word_1_106' title='bbox 440 1565 512 1625; x_wconf 85' lang='grc' dir='ltr'><strong>εἰς</strong></span> <span class='ocrx_word' id='word_1_107' title='bbox 565 1567 826 1617; x_wconf 86' lang='grc' dir='ltr'>σύστασιν</span> <span class='ocrx_word' id='word_1_108' title='bbox 875 1563 1241 1617; x_wconf 80' lang='grc' dir='ltr'>ἀναλίσκονται</span> <span class='ocrx_word' id='word_1_109' title='bbox 1287 1562 1522 1623; x_wconf 74' lang='grc' dir='ltr'>οῦσιώδη</span> <span class='ocrx_word' id='word_1_110' title='bbox 1573 1574 1673 1617; x_wconf 88' lang='grc' dir='ltr'>τῶν</span> <span class='ocrx_word' id='word_1_111' title='bbox 1728 1584 1886 1638; x_wconf 83' lang='grc' dir='ltr'>μετα-</span> 
     </span>
    </p>
   </div>
   <div class='ocr_carea' id='block_1_18' title="bbox 278 1652 1887 1727">
    <p class='ocr_par' dir='ltr' id='par_1_18' title="bbox 278 1652 1887 1727">
     <span class='ocr_line' id='line_1_18' title="bbox 278 1652 1887 1727; baseline 0.001 -22"><span class='ocrx_word' id='word_1_112' title='bbox 278 1652 665 1725; x_wconf 84' lang='grc' dir='ltr'>λαμϐανόντων.</span> <span class='ocrx_word' id='word_1_113' title='bbox 726 1659 826 1706; x_wconf 83' lang='grc' dir='ltr'>Καὶ</span> <span class='ocrx_word' id='word_1_114' title='bbox 874 1654 1047 1725; x_wconf 83' lang='grc' dir='ltr'>ὥσπερ</span> <span class='ocrx_word' id='word_1_115' title='bbox 1104 1654 1208 1724; x_wconf 74' lang='grc' dir='ltr'>οὐχ</span> <span class='ocrx_word' id='word_1_116' title='bbox 1255 1656 1422 1727; x_wconf 77' lang='grc' dir='ltr'>ἕτερον</span> <span class='ocrx_word' id='word_1_117' title='bbox 1471 1655 1615 1727; x_wconf 79' lang='grc' dir='ltr'>παρὰ</span> <span class='ocrx_word' id='word_1_118' title='bbox 1656 1657 1714 1705; x_wconf 86' lang='grc' dir='ltr'>τὸ</span> <span class='ocrx_word' id='word_1_119' title='bbox 1759 1660 1887 1727; x_wconf 86' lang='grc' dir='ltr'>πρό-</span> 
     </span>
    </p>
   </div>
   <div class='ocr_carea' id='block_1_19' title="bbox 281 1742 1885 1815">
    <p class='ocr_par' dir='ltr' id='par_1_19' title="bbox 281 1742 1885 1815">
     <span class='ocr_line' id='line_1_19' title="bbox 281 1742 1885 1815; baseline 0.001 -20"><span class='ocrx_word' id='word_1_120' title='bbox 281 1762 428 1815; x_wconf 87' lang='grc' dir='ltr'>τερον</span> <span class='ocrx_word' id='word_1_121' title='bbox 463 1751 615 1815; x_wconf 84' lang='grc' dir='ltr'>σῶμα</span> <span class='ocrx_word' id='word_1_122' title='bbox 656 1747 744 1794; x_wconf 85' lang='grc' dir='ltr'>καὶ</span> <span class='ocrx_word' id='word_1_123' title='bbox 788 1743 920 1814; x_wconf 84' lang='grc' dir='ltr'>αἷμα</span> <span class='ocrx_word' id='word_1_124' title='bbox 964 1748 1055 1794; x_wconf 90' lang='grc' dir='ltr'><strong>τοῦ</strong></span> <span class='ocrx_word' id='word_1_125' title='bbox 1101 1742 1581 1815; x_wconf 85' lang='grc' dir='ltr'>μεταλαμϐάνοντος</span> <span class='ocrx_word' id='word_1_126' title='bbox 1634 1748 1885 1814; x_wconf 84' lang='grc' dir='ltr'>γίνονται,</span> 
     </span>
    </p>
   </div>
   <div class='ocr_carea' id='block_1_20' title="bbox 2003 572 3656 649">
    <p class='ocr_par' dir='ltr' id='par_1_20' title="bbox 2003 572 3656 649">
     <span class='ocr_line' id='line_1_20' title="bbox 2003 572 3656 649; baseline -0.002 -19"><span class='ocrx_word' id='word_1_127' title='bbox 2003 575 2379 649; x_wconf 85' lang='lat' dir='ltr'><strong>subscripsit,</strong></span> <span class='ocrx_word' id='word_1_128' title='bbox 2412 581 2469 633; x_wconf 89' lang='lat' dir='ltr'><strong>et</strong></span> <span class='ocrx_word' id='word_1_129' title='bbox 2495 592 2697 632; x_wconf 85' lang='lat' dir='ltr'><strong>verum</strong></span> <span class='ocrx_word' id='word_1_130' title='bbox 2729 592 2800 633; x_wconf 87' lang='lat' dir='ltr'><strong>ac</strong></span> <span class='ocrx_word' id='word_1_131' title='bbox 2827 577 3156 648; x_wconf 85' lang='lat' dir='ltr'><strong>perfectum</strong></span> <span class='ocrx_word' id='word_1_132' title='bbox 3192 574 3471 647; x_wconf 87' lang='lat' dir='ltr'><strong>apposuit</strong></span> <span class='ocrx_word' id='word_1_133' title='bbox 3517 572 3656 645; x_wconf 89' lang='lat' dir='ltr'><strong>(bb).</strong></span> 
     </span>
    </p>
   </div>
   <div class='ocr_carea' id='block_1_21' title="bbox 2001 662 3659 737">
    <p class='ocr_par' dir='ltr' id='par_1_21' title="bbox 2001 662 3659 737">
     <span class='ocr_line' id='line_1_21' title="bbox 2001 662 3659 737; baseline -0.001 -18"><span class='ocrx_word' id='word_1_134' title='bbox 2001 664 2067 719; x_wconf 90' lang='lat' dir='ltr'><strong>Et</strong></span> <span class='ocrx_word' id='word_1_135' title='bbox 2097 666 2241 737; x_wconf 84' lang='lat' dir='ltr'><strong>quia</strong></span> <span class='ocrx_word' id='word_1_136' title='bbox 2277 665 2469 721; x_wconf 68' lang='lat' dir='ltr'><strong>caedes</strong></span> <span class='ocrx_word' id='word_1_137' title='bbox 2509 667 2649 735; x_wconf 83' lang='lat' dir='ltr'><strong>agni</strong></span> <span class='ocrx_word' id='word_1_138' title='bbox 2674 665 2874 735; x_wconf 83' lang='lat' dir='ltr'><strong>legalis</strong></span> <span class='ocrx_word' id='word_1_139' title='bbox 2910 666 3134 721; x_wconf 65' lang='lat' dir='ltr'><strong>caedem</strong></span> <span class='ocrx_word' id='word_1_140' title='bbox 3163 664 3469 720; x_wconf 81' lang='lat' dir='ltr'><strong>rationalis</strong></span> <span class='ocrx_word' id='word_1_141' title='bbox 3504 662 3659 733; x_wconf 88' lang='lat' dir='ltr'><strong>Agni</strong></span> 
     </span>
    </p>
   </div>
   <div class='ocr_carea' id='block_1_22' title="bbox 2000 752 3660 826">
    <p class='ocr_par' dir='ltr' id='par_1_22' title="bbox 2000 752 3660 826">
     <span class='ocr_line' id='line_1_22' title="bbox 2000 752 3660 826; baseline -0.001 -18"><span class='ocrx_word' id='word_1_142' title='bbox 2000 752 2435 825; x_wconf 83' lang='lat' dir='ltr'><strong>praeﬁgurabat,</strong></span> <span class='ocrx_word' id='word_1_143' title='bbox 2457 754 2769 826; x_wconf 83' lang='lat' dir='ltr'><strong>oportebat</strong></span> <span class='ocrx_word' id='word_1_144' title='bbox 2785 756 3031 809; x_wconf 85' lang='lat' dir='ltr'><strong>omnino</strong></span> <span class='ocrx_word' id='word_1_145' title='bbox 3051 752 3323 809; x_wconf 81' lang='lat' dir='ltr'><strong>umbram</strong></span> <span class='ocrx_word' id='word_1_146' title='bbox 3340 765 3660 807; x_wconf 90' lang='lat' dir='ltr'><strong>evanesce-</strong></span> 
     </span>
    </p>
   </div>
   <div class='ocr_carea' id='block_1_23' title="bbox 1998 842 3655 914">
    <p class='ocr_par' dir='ltr' id='par_1_23' title="bbox 1998 842 3655 914">
     <span class='ocr_line' id='line_1_23' title="bbox 1998 842 3655 914; baseline -0.001 -18"><span class='ocrx_word' id='word_1_147' title='bbox 1998 857 2080 905; x_wconf 90' lang='lat' dir='ltr'><strong>re,</strong></span> <span class='ocrx_word' id='word_1_148' title='bbox 2096 848 2417 914; x_wconf 89' lang='lat' dir='ltr'><strong>apparente</strong></span> <span class='ocrx_word' id='word_1_149' title='bbox 2437 843 2579 909; x_wconf 91' lang='lat' dir='ltr'><strong>sole,</strong></span> <span class='ocrx_word' id='word_1_150' title='bbox 2600 848 2657 899; x_wconf 90' lang='lat' dir='ltr'><strong>et</strong></span> <span class='ocrx_word' id='word_1_151' title='bbox 2672 843 2930 911; x_wconf 90' lang='lat' dir='ltr'><strong>ﬁguram</strong></span> <span class='ocrx_word' id='word_1_152' title='bbox 2944 843 3169 909; x_wconf 90' lang='lat' dir='ltr'><strong>cedere,</strong></span> <span class='ocrx_word' id='word_1_153' title='bbox 3186 842 3538 898; x_wconf 80' lang='lat' dir='ltr'><strong>adveniente</strong></span> <span class='ocrx_word' id='word_1_154' title='bbox 3560 854 3655 895; x_wconf 89' lang='lat' dir='ltr'><strong>ve-</strong></span> 
     </span>
    </p>
   </div>
   <div class='ocr_carea' id='block_1_24' title="bbox 1997 930 2193 989">
    <p class='ocr_par' dir='ltr' id='par_1_24' title="bbox 1997 930 2193 989">
     <span class='ocr_line' id='line_1_24' title="bbox 1997 930 2193 989; baseline 0.015 -5"><span class='ocrx_word' id='word_1_155' title='bbox 1997 930 2193 989; x_wconf 86' lang='lat' dir='ltr'><strong>ritate.</strong></span> 
     </span>
    </p>
   </div>
   <div class='ocr_carea' id='block_1_25' title="bbox 2069 1037 3658 1111">
    <p class='ocr_par' dir='ltr' id='par_1_25' title="bbox 2069 1037 3658 1111">
     <span class='ocr_line' id='line_1_25' title="bbox 2069 1037 3658 1111; baseline -0.001 -19"><span class='ocrx_word' id='word_1_156' title='bbox 2069 1041 2111 1108; x_wconf 70' lang='grc' dir='ltr'><strong>-ξ-</strong></span> <span class='ocrx_word' id='word_1_157' title='bbox 2135 1038 2355 1095; x_wconf 81' lang='lat' dir='ltr'><strong>Dicitur</strong></span> <span class='ocrx_word' id='word_1_158' title='bbox 2374 1041 2488 1096; x_wconf 91' lang='lat' dir='ltr'><strong>hoc</strong></span> <span class='ocrx_word' id='word_1_159' title='bbox 2520 1044 2867 1111; x_wconf 81' lang='lat' dir='ltr'><strong>mysterium</strong></span> <span class='ocrx_word' id='word_1_160' title='bbox 2882 1038 3059 1094; x_wconf 86' lang='lat' dir='ltr'><strong>etiam</strong></span> <span class='ocrx_word' id='word_1_161' title='bbox 3090 1037 3486 1109; x_wconf 89' lang='lat' dir='ltr'><strong>participatio,</strong></span> <span class='ocrx_word' id='word_1_162' title='bbox 3512 1037 3658 1108; x_wconf 86' lang='lat' dir='ltr'><strong>quia</strong></span> 
     </span>
    </p>
   </div>
   <div class='ocr_carea' id='block_1_26' title="bbox 1998 1128 3659 1201">
    <p class='ocr_par' dir='ltr' id='par_1_26' title="bbox 1998 1128 3659 1201">
     <span class='ocr_line' id='line_1_26' title="bbox 1998 1128 3659 1201; baseline -0.002 -17"><span class='ocrx_word' id='word_1_163' title='bbox 1998 1130 2423 1201; x_wconf 87' lang='lat' dir='ltr'><strong>participamus</strong></span> <span class='ocrx_word' id='word_1_164' title='bbox 2451 1129 2580 1186; x_wconf 57' lang='lat' dir='ltr'><strong>haec</strong></span> <span class='ocrx_word' id='word_1_165' title='bbox 2616 1133 3016 1185; x_wconf 89' lang='lat' dir='ltr'><strong>sacramenta.</strong></span> <span class='ocrx_word' id='word_1_166' title='bbox 3058 1128 3276 1182; x_wconf 86' lang='lat' dir='ltr'><strong>Dicitur</strong></span> <span class='ocrx_word' id='word_1_167' title='bbox 3302 1131 3358 1181; x_wconf 91' lang='lat' dir='ltr'><strong>et</strong></span> <span class='ocrx_word' id='word_1_168' title='bbox 3388 1141 3659 1181; x_wconf 91' lang='lat' dir='ltr'><strong>commu-</strong></span> 
     </span>
    </p>
   </div>
   <div class='ocr_carea' id='block_1_27' title="bbox 1997 1212 3656 1290">
    <p class='ocr_par' dir='ltr' id='par_1_27' title="bbox 1997 1212 3656 1290">
     <span class='ocr_line' id='line_1_27' title="bbox 1997 1212 3656 1290; baseline -0.004 -17"><span class='ocrx_word' id='word_1_169' title='bbox 1997 1217 2119 1282; x_wconf 91' lang='lat' dir='ltr'><strong>nio,</strong></span> <span class='ocrx_word' id='word_1_170' title='bbox 2153 1219 2296 1290; x_wconf 88' lang='lat' dir='ltr'><strong>quia</strong></span> <span class='ocrx_word' id='word_1_171' title='bbox 2326 1218 2846 1275; x_wconf 85' lang='lat' dir='ltr'><strong>communicamus</strong></span> <span class='ocrx_word' id='word_1_172' title='bbox 2877 1222 2933 1273; x_wconf 90' lang='lat' dir='ltr'><strong>et</strong></span> <span class='ocrx_word' id='word_1_173' title='bbox 2961 1215 3190 1273; x_wconf 87' lang='lat' dir='ltr'><strong>Christo</strong></span> <span class='ocrx_word' id='word_1_174' title='bbox 3221 1220 3277 1270; x_wconf 90' lang='lat' dir='ltr'><strong>et</strong></span> <span class='ocrx_word' id='word_1_175' title='bbox 3301 1213 3475 1270; x_wconf 87' lang='lat' dir='ltr'><strong>nobis</strong></span> <span class='ocrx_word' id='word_1_176' title='bbox 3504 1212 3656 1268; x_wconf 87' lang='lat' dir='ltr'><strong>invi-</strong></span> 
     </span>
    </p>
   </div>
   <div class='ocr_carea' id='block_1_28' title="bbox 1996 1301 3653 1379">
    <p class='ocr_par' dir='ltr' id='par_1_28' title="bbox 1996 1301 3653 1379">
     <span class='ocr_line' id='line_1_28' title="bbox 1996 1301 3653 1379; baseline -0.002 -17"><span class='ocrx_word' id='word_1_177' title='bbox 1996 1321 2127 1363; x_wconf 88' lang='lat' dir='ltr'><strong>cem</strong></span> <span class='ocrx_word' id='word_1_178' title='bbox 2159 1322 2263 1378; x_wconf 88' lang='lat' dir='ltr'><strong>per</strong></span> <span class='ocrx_word' id='word_1_179' title='bbox 2297 1322 2367 1363; x_wconf 88' lang='lat' dir='ltr'><strong>ea</strong></span> <span class='ocrx_word' id='word_1_180' title='bbox 2395 1325 2408 1362; x_wconf 91' lang='lat'><strong>:</strong></span> <span class='ocrx_word' id='word_1_181' title='bbox 2444 1312 2498 1364; x_wconf 91' lang='lat' dir='ltr'><strong>et</strong></span> <span class='ocrx_word' id='word_1_182' title='bbox 2523 1308 2978 1379; x_wconf 86' lang='lat' dir='ltr'><strong>incorporamur</strong></span> <span class='ocrx_word' id='word_1_183' title='bbox 3008 1305 3257 1369; x_wconf 90' lang='lat' dir='ltr'><strong>Christo,</strong></span> <span class='ocrx_word' id='word_1_184' title='bbox 3292 1308 3347 1359; x_wconf 88' lang='lat' dir='ltr'><strong>et</strong></span> <span class='ocrx_word' id='word_1_185' title='bbox 3378 1301 3653 1358; x_wconf 90' lang='lat' dir='ltr'><strong>membra</strong></span> 
     </span>
    </p>
   </div>
   <div class='ocr_carea' id='block_1_29' title="bbox 1997 1395 3658 1453">
    <p class='ocr_par' dir='ltr' id='par_1_29' title="bbox 1997 1395 3658 1453">
     <span class='ocr_line' id='line_1_29' title="bbox 1997 1395 3658 1453; baseline -0.002 -2"><span class='ocrx_word' id='word_1_186' title='bbox 1997 1395 2150 1451; x_wconf 91' lang='lat' dir='ltr'><strong>inter</strong></span> <span class='ocrx_word' id='word_1_187' title='bbox 2191 1412 2303 1452; x_wconf 89' lang='lat' dir='ltr'><strong>nos</strong></span> <span class='ocrx_word' id='word_1_188' title='bbox 2338 1396 2590 1453; x_wconf 81' lang='lat' dir='ltr'><strong>invicem</strong></span> <span class='ocrx_word' id='word_1_189' title='bbox 2643 1396 2944 1452; x_wconf 81' lang='lat' dir='ltr'><strong>efﬁcimur.</strong></span> <span class='ocrx_word' id='word_1_190' title='bbox 2987 1398 3115 1451; x_wconf 79' lang='lat' dir='ltr'><strong>Non</strong></span> <span class='ocrx_word' id='word_1_191' title='bbox 3141 1398 3343 1449; x_wconf 86' lang='lat' dir='ltr'><strong>autem</strong></span> <span class='ocrx_word' id='word_1_192' title='bbox 3383 1408 3658 1448; x_wconf 89' lang='lat' dir='ltr'><strong>corrum-</strong></span> 
     </span>
    </p>
   </div>
   <div class='ocr_carea' id='block_1_30' title="bbox 1996 1480 3656 1559">
    <p class='ocr_par' dir='ltr' id='par_1_30' title="bbox 1996 1480 3656 1559">
     <span class='ocr_line' id='line_1_30' title="bbox 1996 1480 3656 1559; baseline -0.001 -20"><span class='ocrx_word' id='word_1_193' title='bbox 1996 1490 2221 1555; x_wconf 90' lang='lat' dir='ltr'><strong>puntur</strong></span> <span class='ocrx_word' id='word_1_194' title='bbox 2250 1486 2385 1551; x_wconf 89' lang='lat' dir='ltr'><strong>ista,</strong></span> <span class='ocrx_word' id='word_1_195' title='bbox 2430 1501 2623 1559; x_wconf 89' lang='lat' dir='ltr'><strong>neque</strong></span> <span class='ocrx_word' id='word_1_196' title='bbox 2650 1486 2710 1541; x_wconf 89' lang='lat' dir='ltr'><strong>in</strong></span> <span class='ocrx_word' id='word_1_197' title='bbox 2737 1500 3038 1541; x_wconf 88' lang='lat' dir='ltr'><strong>secessum</strong></span> <span class='ocrx_word' id='word_1_198' title='bbox 3064 1482 3416 1548; x_wconf 84' lang='lat' dir='ltr'><strong>abscedunt,</strong></span> <span class='ocrx_word' id='word_1_199' title='bbox 3459 1480 3566 1537; x_wconf 86' lang='lat' dir='ltr'><strong>sed</strong></span> <span class='ocrx_word' id='word_1_200' title='bbox 3595 1482 3656 1537; x_wconf 88' lang='lat' dir='ltr'><strong>in</strong></span> 
     </span>
    </p>
   </div>
   <div class='ocr_carea' id='block_1_31' title="bbox 1998 1570 3656 1645">
    <p class='ocr_par' dir='ltr' id='par_1_31' title="bbox 1998 1570 3656 1645">
     <span class='ocr_line' id='line_1_31' title="bbox 1998 1570 3656 1645; baseline -0.001 -18"><span class='ocrx_word' id='word_1_201' title='bbox 1998 1574 2389 1631; x_wconf 87' lang='lat' dir='ltr'><strong>substantiam</strong></span> <span class='ocrx_word' id='word_1_202' title='bbox 2441 1580 2902 1631; x_wconf 87' lang='lat' dir='ltr'><strong>coassumuntur</strong></span> <span class='ocrx_word' id='word_1_203' title='bbox 2951 1572 3317 1645; x_wconf 88' lang='lat' dir='ltr'><strong>spiritualem</strong></span> <span class='ocrx_word' id='word_1_204' title='bbox 3360 1571 3488 1642; x_wconf 90' lang='lat' dir='ltr'><strong>ejus</strong></span> <span class='ocrx_word' id='word_1_205' title='bbox 3554 1570 3656 1643; x_wconf 88' lang='lat' dir='ltr'><strong>qui</strong></span> 
     </span>
    </p>
   </div>
   <div class='ocr_carea' id='block_1_32' title="bbox 1998 1659 3655 1735">
    <p class='ocr_par' dir='ltr' id='par_1_32' title="bbox 1998 1659 3655 1735">
     <span class='ocr_line' id='line_1_32' title="bbox 1998 1659 3655 1735; baseline -0.003 -16"><span class='ocrx_word' id='word_1_206' title='bbox 1998 1663 2330 1735; x_wconf 88' lang='lat' dir='ltr'><strong>participat.</strong></span> <span class='ocrx_word' id='word_1_207' title='bbox 2381 1667 2444 1720; x_wconf 86' lang='lat' dir='ltr'><strong>Et</strong></span> <span class='ocrx_word' id='word_1_208' title='bbox 2494 1665 2647 1719; x_wconf 92' lang='lat' dir='ltr'><strong>sicut</strong></span> <span class='ocrx_word' id='word_1_209' title='bbox 2694 1679 2817 1719; x_wconf 91' lang='lat' dir='ltr'><strong>non</strong></span> <span class='ocrx_word' id='word_1_210' title='bbox 2859 1662 3017 1718; x_wconf 88' lang='lat' dir='ltr'><strong>aliud</strong></span> <span class='ocrx_word' id='word_1_211' title='bbox 3057 1678 3275 1734; x_wconf 86' lang='lat' dir='ltr'><strong>corpus</strong></span> <span class='ocrx_word' id='word_1_212' title='bbox 3309 1664 3364 1716; x_wconf 94' lang='lat' dir='ltr'><strong>et</strong></span> <span class='ocrx_word' id='word_1_213' title='bbox 3409 1659 3655 1729; x_wconf 87' lang='lat' dir='ltr'><strong>sanguis</strong></span> 
     </span>
    </p>
   </div>
   <div class='ocr_carea' id='block_1_33' title="bbox 1998 1748 3654 1825">
    <p class='ocr_par' dir='ltr' id='par_1_33' title="bbox 1998 1748 3654 1825">
     <span class='ocr_line' id='line_1_33' title="bbox 1998 1748 3654 1825; baseline -0.001 -20"><span class='ocrx_word' id='word_1_214' title='bbox 1998 1751 2150 1808; x_wconf 88' lang='lat' dir='ltr'><strong>ﬁunt</strong></span> <span class='ocrx_word' id='word_1_215' title='bbox 2180 1768 2216 1808; x_wconf 88' lang='lat' dir='ltr'><strong>a</strong></span> <span class='ocrx_word' id='word_1_216' title='bbox 2241 1769 2487 1825; x_wconf 86' lang='lat' dir='ltr'><strong>corpore</strong></span> <span class='ocrx_word' id='word_1_217' title='bbox 2514 1760 2569 1808; x_wconf 93' lang='lat' dir='ltr'><strong>et</strong></span> <span class='ocrx_word' id='word_1_218' title='bbox 2598 1753 2891 1821; x_wconf 79' lang='lat' dir='ltr'><strong>sanguine</strong></span> <span class='ocrx_word' id='word_1_219' title='bbox 2917 1752 3045 1823; x_wconf 89' lang='lat' dir='ltr'><strong>ejus</strong></span> <span class='ocrx_word' id='word_1_220' title='bbox 3063 1751 3164 1823; x_wconf 91' lang='lat' dir='ltr'><strong>qui</strong></span> <span class='ocrx_word' id='word_1_221' title='bbox 3197 1748 3545 1822; x_wconf 88' lang='lat' dir='ltr'><strong>participat;</strong></span> <span class='ocrx_word' id='word_1_222' title='bbox 3571 1748 3654 1804; x_wconf 90' lang='lat' dir='ltr'><strong>ita</strong></span> 
     </span>
    </p>
   </div>
   <div class='ocr_carea' id='block_1_34' title="bbox 285 1828 1883 1913">
    <p class='ocr_par' dir='ltr' id='par_1_34' title="bbox 285 1828 1883 1906">
     <span class='ocr_line' id='line_1_34' title="bbox 285 1828 1883 1906; baseline 0.001 -23"><span class='ocrx_word' id='word_1_223' title='bbox 285 1832 448 1892; x_wconf 79' lang='grc' dir='ltr'>οὕτως</span> <span class='ocrx_word' id='word_1_224' title='bbox 497 1828 619 1884; x_wconf 73' lang='grc' dir='ltr'>οὐδε</span> <span class='ocrx_word' id='word_1_225' title='bbox 667 1832 818 1884; x_wconf 87' lang='grc' dir='ltr'>πάλιν</span> <span class='ocrx_word' id='word_1_226' title='bbox 870 1833 1033 1906; x_wconf 82' lang='grc' dir='ltr'>ἕτερον</span> <span class='ocrx_word' id='word_1_227' title='bbox 1093 1840 1244 1904; x_wconf 85' lang='grc' dir='ltr'>σῶμα</span> <span class='ocrx_word' id='word_1_228' title='bbox 1301 1838 1390 1885; x_wconf 88' lang='grc' dir='ltr'>καὶ</span> <span class='ocrx_word' id='word_1_229' title='bbox 1454 1833 1584 1904; x_wconf 87' lang='grc' dir='ltr'>αἷμα</span> <span class='ocrx_word' id='word_1_230' title='bbox 1632 1836 1774 1906; x_wconf 86' lang='grc' dir='ltr'><strong>παρά</strong></span> <span class='ocrx_word' id='word_1_231' title='bbox 1829 1836 1883 1885; x_wconf 83' lang='grc' dir='ltr'>τὸ</span> 
     </span>
    </p>
   </div>
   <div class='ocr_carea' id='block_1_35' title="bbox 2001 1828 3654 1913">
    <p class='ocr_par' dir='ltr' id='par_1_35' title="bbox 2001 1838 3654 1913">
     <span class='ocr_line' id='line_1_35' title="bbox 2001 1838 3654 1913; baseline -0.002 -18"><span class='ocrx_word' id='word_1_232' title='bbox 2001 1856 2232 1896; x_wconf 89' lang='lat' dir='ltr'><strong>rursum</strong></span> <span class='ocrx_word' id='word_1_233' title='bbox 2259 1857 2454 1913; x_wconf 89' lang='lat' dir='ltr'><strong>neque</strong></span> <span class='ocrx_word' id='word_1_234' title='bbox 2485 1842 2648 1897; x_wconf 90' lang='lat' dir='ltr'><strong>aliud</strong></span> <span class='ocrx_word' id='word_1_235' title='bbox 2681 1857 2899 1913; x_wconf 91' lang='lat' dir='ltr'><strong>corpus</strong></span> <span class='ocrx_word' id='word_1_236' title='bbox 2929 1846 2983 1896; x_wconf 91' lang='lat' dir='ltr'><strong>et</strong></span> <span class='ocrx_word' id='word_1_237' title='bbox 3016 1838 3367 1908; x_wconf 89' lang='lat' dir='ltr'><strong>sanguinem</strong></span> <span class='ocrx_word' id='word_1_238' title='bbox 3400 1838 3654 1892; x_wconf 91' lang='lat' dir='ltr'><strong>dicimus</strong></span> 
     </span>
    </p>
   </div>
   <div class='ocr_carea' id='block_1_36' title="bbox 280 1922 1885 1995">
    <p class='ocr_par' dir='ltr' id='par_1_36' title="bbox 280 1922 1885 1995">
     <span class='ocr_line' id='line_1_36' title="bbox 280 1922 1885 1995; baseline 0 -22"><span class='ocrx_word' id='word_1_239' title='bbox 280 1928 374 1973; x_wconf 88' lang='grc' dir='ltr'><strong>τοῦ</strong></span> <span class='ocrx_word' id='word_1_240' title='bbox 430 1925 691 1973; x_wconf 88' lang='grc' dir='ltr'>Δεσπότου</span> <span class='ocrx_word' id='word_1_241' title='bbox 748 1926 895 1973; x_wconf 84' lang='grc' dir='ltr'>τοῦτο</span> <span class='ocrx_word' id='word_1_242' title='bbox 947 1922 1058 1993; x_wconf 90' lang='grc'>(18)</span> <span class='ocrx_word' id='word_1_243' title='bbox 1107 1941 1285 1993; x_wconf 84' lang='grc' dir='ltr'>φαμεν·</span> <span class='ocrx_word' id='word_1_244' title='bbox 1340 1928 1505 1974; x_wconf 87' lang='grc' dir='ltr'>Τοῦτο</span> <span class='ocrx_word' id='word_1_245' title='bbox 1555 1924 1679 1995; x_wconf 82' lang='grc' dir='ltr'>γὰρ,</span> <span class='ocrx_word' id='word_1_246' title='bbox 1735 1926 1885 1993; x_wconf 86' lang='grc' dir='ltr'>φησὶ,</span> 
     </span>
    </p>
   </div>
   <div class='ocr_carea' id='block_1_37' title="bbox 281 2007 1885 2084">
    <p class='ocr_par' dir='ltr' id='par_1_37' title="bbox 281 2007 1885 2084">
     <span class='ocr_line' id='line_1_37' title="bbox 281 2007 1885 2084; baseline -0.001 -21"><span class='ocrx_word' id='word_1_247' title='bbox 281 2014 400 2064; x_wconf 83' lang='grc' dir='ltr'>ἔστι</span> <span class='ocrx_word' id='word_1_248' title='bbox 460 2014 519 2064; x_wconf 87' lang='grc' dir='ltr'>τὸ</span> <span class='ocrx_word' id='word_1_249' title='bbox 580 2012 730 2083; x_wconf 85' lang='grc' dir='ltr'>σῶμά</span> <span class='ocrx_word' id='word_1_250' title='bbox 783 2031 902 2082; x_wconf 89' lang='grc' dir='ltr'>μου.</span> <span class='ocrx_word' id='word_1_251' title='bbox 974 2010 1101 2084; x_wconf 78' lang='grc' dir='ltr'><strong>[Καὶ</strong></span> <span class='ocrx_word' id='word_1_252' title='bbox 1158 2011 1270 2081; x_wconf 89' lang='grc'>(19)</span> <span class='ocrx_word' id='word_1_253' title='bbox 1329 2007 1516 2071; x_wconf 78' lang='grc' dir='ltr'>αὖθιςο</span> <span class='ocrx_word' id='word_1_254' title='bbox 1570 2018 1733 2063; x_wconf 89' lang='grc' dir='ltr'>Τοῦτο</span> <span class='ocrx_word' id='word_1_255' title='bbox 1783 2013 1885 2083; x_wconf 84' lang='grc' dir='ltr'><strong>γὰρ</strong></span> 
     </span>
    </p>
   </div>
   <div class='ocr_carea' id='block_1_38' title="bbox 280 2096 1886 2174">
    <p class='ocr_par' dir='ltr' id='par_1_38' title="bbox 280 2096 1886 2174">
     <span class='ocr_line' id='line_1_38' title="bbox 280 2096 1886 2174; baseline 0 -23"><span class='ocrx_word' id='word_1_256' title='bbox 280 2099 401 2152; x_wconf 83' lang='grc' dir='ltr'>ἐστι</span> <span class='ocrx_word' id='word_1_257' title='bbox 430 2103 489 2151; x_wconf 88' lang='lat'><strong>1&#39;6</strong></span> <span class='ocrx_word' id='word_1_258' title='bbox 520 2101 652 2163; x_wconf 84' lang='grc' dir='ltr'>αἷμά</span> <span class='ocrx_word' id='word_1_259' title='bbox 698 2101 843 2174; x_wconf 86' lang='grc' dir='ltr'>μου.]</span> <span class='ocrx_word' id='word_1_260' title='bbox 882 2100 1165 2171; x_wconf 81' lang='grc' dir='ltr'>’Υπερφνὴς</span> <span class='ocrx_word' id='word_1_261' title='bbox 1198 2096 1255 2152; x_wconf 73' lang='grc' dir='ltr'>δε</span> <span class='ocrx_word' id='word_1_262' title='bbox 1300 2102 1325 2151; x_wconf 89' lang='grc' dir='ltr'><strong>ό</strong></span> <span class='ocrx_word' id='word_1_263' title='bbox 1367 2099 1535 2171; x_wconf 88' lang='grc' dir='ltr'>λόγος.</span> <span class='ocrx_word' id='word_1_264' title='bbox 1582 2100 1641 2152; x_wconf 85' lang='grc' dir='ltr'>Εἰ</span> <span class='ocrx_word' id='word_1_265' title='bbox 1686 2097 1746 2151; x_wconf 70' lang='grc' dir='ltr'><strong>δὲ</strong></span> <span class='ocrx_word' id='word_1_266' title='bbox 1796 2104 1886 2152; x_wconf 87' lang='grc' dir='ltr'>καὶ</span> 
     </span>
    </p>
   </div>
   <div class='ocr_carea' id='block_1_39' title="bbox 276 2186 1884 2265">
    <p class='ocr_par' dir='ltr' id='par_1_39' title="bbox 276 2186 1884 2265">
     <span class='ocr_line' id='line_1_39' title="bbox 276 2186 1884 2265; baseline 0.002 -25"><span class='ocrx_word' id='word_1_267' title='bbox 276 2190 303 2240; x_wconf 88' lang='grc' dir='ltr'><strong>ό</strong></span> <span class='ocrx_word' id='word_1_268' title='bbox 354 2193 518 2261; x_wconf 82' lang='grc' dir='ltr'>μέγας</span> <span class='ocrx_word' id='word_1_269' title='bbox 567 2189 832 2252; x_wconf 75' lang='grc' dir='ltr'>Βασο.ειος</span> <span class='ocrx_word' id='word_1_270' title='bbox 884 2188 1142 2242; x_wconf 77' lang='grc' dir='ltr'>ἀντίτυπα</span> <span class='ocrx_word' id='word_1_271' title='bbox 1188 2197 1353 2241; x_wconf 89' lang='grc' dir='ltr'>ταῦτα</span> <span class='ocrx_word' id='word_1_272' title='bbox 1406 2186 1533 2257; x_wconf 86' lang='grc' dir='ltr'>εἶπε,</span> <span class='ocrx_word' id='word_1_273' title='bbox 1603 2189 1729 2243; x_wconf 84' lang='grc' dir='ltr'><strong>ἀλλά</strong></span> <span class='ocrx_word' id='word_1_274' title='bbox 1783 2194 1884 2265; x_wconf 87' lang='grc' dir='ltr'>πρὸ</span> 
     </span>
    </p>
   </div>
   <div class='ocr_carea' id='block_1_40' title="bbox 273 2277 1887 2355">
    <p class='ocr_par' dir='ltr' id='par_1_40' title="bbox 273 2277 1887 2355">
     <span class='ocr_line' id='line_1_40' title="bbox 273 2277 1887 2355; baseline 0.002 -26"><span class='ocrx_word' id='word_1_275' title='bbox 273 2285 371 2330; x_wconf 90' lang='grc' dir='ltr'><strong>τοῦ</strong></span> <span class='ocrx_word' id='word_1_276' title='bbox 404 2277 745 2350; x_wconf 82' lang='grc' dir='ltr'>ἁγιασθῆναι,</span> <span class='ocrx_word' id='word_1_277' title='bbox 779 2284 869 2331; x_wconf 86' lang='grc' dir='ltr'>καὶ</span> <span class='ocrx_word' id='word_1_278' title='bbox 912 2282 1011 2352; x_wconf 84' lang='grc' dir='ltr'>πρὸ</span> <span class='ocrx_word' id='word_1_279' title='bbox 1049 2278 1140 2331; x_wconf 75' lang='grc' dir='ltr'><strong>τοῦ</strong></span> <span class='ocrx_word' id='word_1_280' title='bbox 1192 2283 1280 2337; x_wconf 82' lang='grc' dir='ltr'>τὴν</span> <span class='ocrx_word' id='word_1_281' title='bbox 1323 2281 1483 2354; x_wconf 84' lang='grc' dir='ltr'>χάριν</span> <span class='ocrx_word' id='word_1_282' title='bbox 1512 2278 1702 2331; x_wconf 85' lang='grc' dir='ltr'>λαϐεῖν.</span> <span class='ocrx_word' id='word_1_283' title='bbox 1749 2279 1887 2355; x_wconf 91' lang='grc' dir='ltr'>Ὀρα</span> 
     </span>
    </p>
   </div>
   <div class='ocr_carea' id='block_1_41' title="bbox 273 2363 1883 2441">
    <p class='ocr_par' dir='ltr' id='par_1_41' title="bbox 273 2363 1883 2441">
     <span class='ocr_line' id='line_1_41' title="bbox 273 2363 1883 2441; baseline 0.001 -22"><span class='ocrx_word' id='word_1_284' title='bbox 273 2363 355 2429; x_wconf 69' lang='grc' dir='ltr'><strong>δὲ,</strong></span> <span class='ocrx_word' id='word_1_285' title='bbox 404 2376 516 2430; x_wconf 86' lang='grc' dir='ltr'>πῶς</span> <span class='ocrx_word' id='word_1_286' title='bbox 564 2366 617 2419; x_wconf 86' lang='grc' dir='ltr'>ἐκ</span> <span class='ocrx_word' id='word_1_287' title='bbox 664 2375 763 2420; x_wconf 83' lang='grc' dir='ltr'>τῶν</span> <span class='ocrx_word' id='word_1_288' title='bbox 814 2370 949 2419; x_wconf 87' lang='grc' dir='ltr'><strong>κατά</strong></span> <span class='ocrx_word' id='word_1_289' title='bbox 997 2370 1150 2439; x_wconf 83' lang='grc' dir='ltr'>φύσιν</span> <span class='ocrx_word' id='word_1_290' title='bbox 1198 2366 1246 2419; x_wconf 75' lang='grc' dir='ltr'>ἕν</span> <span class='ocrx_word' id='word_1_291' title='bbox 1295 2375 1402 2429; x_wconf 87' lang='grc' dir='ltr'>τοῖς</span> <span class='ocrx_word' id='word_1_292' title='bbox 1447 2370 1570 2440; x_wconf 78' lang='grc' dir='ltr'>ὑπὲρ</span> <span class='ocrx_word' id='word_1_293' title='bbox 1612 2372 1765 2440; x_wconf 80' lang='grc' dir='ltr'>φύσιν</span> <span class='ocrx_word' id='word_1_294' title='bbox 1799 2390 1883 2441; x_wconf 89' lang='grc' dir='ltr'>γι-</span> 
     </span>
    </p>
   </div>
   <div class='ocr_carea' id='block_1_42' title="bbox 274 2458 1882 2532">
    <p class='ocr_par' dir='ltr' id='par_1_42' title="bbox 274 2458 1882 2532">
     <span class='ocr_line' id='line_1_42' title="bbox 274 2458 1882 2532; baseline 0.002 -25"><span class='ocrx_word' id='word_1_295' title='bbox 274 2458 487 2529; x_wconf 83' lang='grc' dir='ltr'>νόμεθα.</span> <span class='ocrx_word' id='word_1_296' title='bbox 525 2460 670 2509; x_wconf 85' lang='grc' dir='ltr'>Κατά</span> <span class='ocrx_word' id='word_1_297' title='bbox 703 2459 857 2529; x_wconf 85' lang='grc' dir='ltr'>φύσιν</span> <span class='ocrx_word' id='word_1_298' title='bbox 892 2460 982 2529; x_wconf 74' lang='grc' dir='ltr'>μὲν</span> <span class='ocrx_word' id='word_1_299' title='bbox 1010 2458 1133 2530; x_wconf 81' lang='grc' dir='ltr'>γὰρ,</span> <span class='ocrx_word' id='word_1_300' title='bbox 1175 2458 1205 2514; x_wconf 84' lang='grc' dir='ltr'>ἡ</span> <span class='ocrx_word' id='word_1_301' title='bbox 1239 2464 1330 2509; x_wconf 91' lang='grc' dir='ltr'><strong>τοῦ</strong></span> <span class='ocrx_word' id='word_1_302' title='bbox 1358 2462 1694 2531; x_wconf 84' lang='grc' dir='ltr'>προκειμένου</span> <span class='ocrx_word' id='word_1_303' title='bbox 1723 2460 1882 2532; x_wconf 80' lang='grc' dir='ltr'>ἄρτου</span> 
     </span>
    </p>
   </div>
   <div class='ocr_carea' id='block_1_43' title="bbox 275 2543 1884 2621">
    <p class='ocr_par' dir='ltr' id='par_1_43' title="bbox 275 2543 1884 2621">
     <span class='ocr_line' id='line_1_43' title="bbox 275 2543 1884 2621; baseline 0.001 -23"><span class='ocrx_word' id='word_1_304' title='bbox 275 2551 368 2598; x_wconf 85' lang='grc' dir='ltr'>καὶ</span> <span class='ocrx_word' id='word_1_305' title='bbox 407 2549 547 2598; x_wconf 82' lang='grc' dir='ltr'>οἴνου</span> <span class='ocrx_word' id='word_1_306' title='bbox 576 2544 778 2621; x_wconf 84' lang='grc' dir='ltr'>βρῶσις</span> <span class='ocrx_word' id='word_1_307' title='bbox 805 2551 893 2599; x_wconf 88' lang='grc' dir='ltr'>καὶ</span> <span class='ocrx_word' id='word_1_308' title='bbox 942 2549 1119 2608; x_wconf 88' lang='grc' dir='ltr'>πόσις·</span> <span class='ocrx_word' id='word_1_309' title='bbox 1161 2547 1285 2621; x_wconf 67' lang='grc' dir='ltr'>ὑπὲρ</span> <span class='ocrx_word' id='word_1_310' title='bbox 1326 2549 1444 2598; x_wconf 85' lang='grc' dir='ltr'>ύσιν</span> <span class='ocrx_word' id='word_1_311' title='bbox 1486 2543 1561 2613; x_wconf 75' lang='grc' dir='ltr'>δε,</span> <span class='ocrx_word' id='word_1_312' title='bbox 1616 2544 1646 2605; x_wconf 79' lang='grc' dir='ltr'><strong>ἧ</strong></span> <span class='ocrx_word' id='word_1_313' title='bbox 1692 2550 1884 2600; x_wconf 83' lang='grc' dir='ltr'>τούτων</span> 
     </span>
    </p>
   </div>
   <div class='ocr_carea' id='block_1_44' title="bbox 283 2631 1887 2708">
    <p class='ocr_par' dir='ltr' id='par_1_44' title="bbox 283 2631 1887 2708">
     <span class='ocr_line' id='line_1_44' title="bbox 283 2631 1887 2708; baseline 0.002 -22"><span class='ocrx_word' id='word_1_314' title='bbox 283 2632 512 2708; x_wconf 76' lang='grc' dir='ltr'>ἐνέργειά</span> <span class='ocrx_word' id='word_1_315' title='bbox 539 2654 592 2687; x_wconf 90' lang='grc' dir='ltr'><strong>τε</strong></span> <span class='ocrx_word' id='word_1_316' title='bbox 639 2639 729 2687; x_wconf 86' lang='grc' dir='ltr'><strong>καὶ</strong></span> <span class='ocrx_word' id='word_1_317' title='bbox 756 2631 999 2707; x_wconf 80' lang='grc' dir='ltr'>δύναμις.</span> <span class='ocrx_word' id='word_1_318' title='bbox 1025 2634 1205 2706; x_wconf 78' lang='grc' dir='ltr'>Ἐνιψε</span> <span class='ocrx_word' id='word_1_319' title='bbox 1245 2632 1303 2688; x_wconf 77' lang='grc' dir='ltr'><strong>δὲ</strong></span> <span class='ocrx_word' id='word_1_320' title='bbox 1328 2644 1529 2708; x_wconf 87' lang='grc' dir='ltr'>πρῶτον</span> <span class='ocrx_word' id='word_1_321' title='bbox 1559 2640 1675 2698; x_wconf 87' lang='grc' dir='ltr'>τοὺς</span> <span class='ocrx_word' id='word_1_322' title='bbox 1720 2633 1887 2697; x_wconf 79' lang='grc' dir='ltr'>πόδας</span> 
     </span>
    </p>
   </div>
   <div class='ocr_carea' id='block_1_45' title="bbox 278 2720 1884 2796">
    <p class='ocr_par' dir='ltr' id='par_1_45' title="bbox 278 2720 1884 2796">
     <span class='ocr_line' id='line_1_45' title="bbox 278 2720 1884 2796; baseline 0.002 -21"><span class='ocrx_word' id='word_1_323' title='bbox 278 2731 381 2775; x_wconf 85' lang='grc' dir='ltr'>τῶν</span> <span class='ocrx_word' id='word_1_324' title='bbox 439 2725 707 2796; x_wconf 79' lang='grc' dir='ltr'>μαθητῶν,</span> <span class='ocrx_word' id='word_1_325' title='bbox 772 2720 880 2776; x_wconf 85' lang='grc' dir='ltr'>εἶτα</span> <span class='ocrx_word' id='word_1_326' title='bbox 935 2727 1139 2786; x_wconf 81' lang='grc' dir='ltr'>τούτοις</span> <span class='ocrx_word' id='word_1_327' title='bbox 1194 2732 1286 2776; x_wconf 89' lang='grc' dir='ltr'><strong>τοῦ</strong></span> <span class='ocrx_word' id='word_1_328' title='bbox 1349 2730 1644 2796; x_wconf 85' lang='grc' dir='ltr'>μυστηρίου</span> <span class='ocrx_word' id='word_1_329' title='bbox 1700 2729 1884 2778; x_wconf 78' lang='grc' dir='ltr'>τούτου</span> 
     </span>
    </p>
   </div>
   <div class='ocr_carea' id='block_1_46' title="bbox 278 2808 1883 2889">
    <p class='ocr_par' dir='ltr' id='par_1_46' title="bbox 278 2808 1883 2889">
     <span class='ocr_line' id='line_1_46' title="bbox 278 2808 1883 2889; baseline 0.003 -25"><span class='ocrx_word' id='word_1_330' title='bbox 278 2808 592 2884; x_wconf 83' lang='grc' dir='ltr'>μετέδωκεν,</span> <span class='ocrx_word' id='word_1_331' title='bbox 624 2814 708 2864; x_wconf 86' lang='grc' dir='ltr'>ἶνα</span> <span class='ocrx_word' id='word_1_332' title='bbox 732 2815 993 2885; x_wconf 84' lang='grc' dir='ltr'>μάθωμεν,</span> <span class='ocrx_word' id='word_1_333' title='bbox 1037 2816 1114 2866; x_wconf 77' lang='grc' dir='ltr'>ὅτι</span> <span class='ocrx_word' id='word_1_334' title='bbox 1142 2818 1253 2889; x_wconf 82' lang='grc' dir='ltr'>χρὴ</span> <span class='ocrx_word' id='word_1_335' title='bbox 1284 2822 1487 2888; x_wconf 85' lang='grc' dir='ltr'>πρῶτον</span> <span class='ocrx_word' id='word_1_336' title='bbox 1516 2816 1883 2888; x_wconf 76' lang='grc' dir='ltr'>καθαίρεσθαι,</span> 
     </span>
    </p>
   </div>
   <div class='ocr_carea' id='block_1_47' title="bbox 278 2898 849 2974">
    <p class='ocr_par' dir='ltr' id='par_1_47' title="bbox 278 2898 849 2974">
     <span class='ocr_line' id='line_1_47' title="bbox 278 2898 849 2974; baseline 0.004 -20"><span class='ocrx_word' id='word_1_337' title='bbox 278 2898 393 2954; x_wconf 84' lang='grc' dir='ltr'>εἶτα</span> <span class='ocrx_word' id='word_1_338' title='bbox 423 2899 849 2974; x_wconf 86' lang='grc' dir='ltr'>μεταλαμϐάνειν.</span> 
     </span>
    </p>
   </div>
   <div class='ocr_carea' id='block_1_48' title="bbox 347 3112 1880 3191">
    <p class='ocr_par' dir='ltr' id='par_1_48' title="bbox 347 3112 1880 3191">
     <span class='ocr_line' id='line_1_48' title="bbox 347 3112 1880 3191; baseline 0.002 -24"><span class='ocrx_word' id='word_1_339' title='bbox 347 3112 622 3189; x_wconf 70' lang='grc' dir='ltr'>’Ἀνθρακα</span> <span class='ocrx_word' id='word_1_340' title='bbox 673 3114 786 3187; x_wconf 75' lang='grc'>(20)</span> <span class='ocrx_word' id='word_1_341' title='bbox 840 3112 973 3169; x_wconf 78' lang='grc' dir='ltr'>εἶδεν</span> <span class='ocrx_word' id='word_1_342' title='bbox 1020 3115 1260 3180; x_wconf 75' lang='grc' dir='ltr'>Ἠσαΐαςο</span> <span class='ocrx_word' id='word_1_343' title='bbox 1312 3116 1509 3191; x_wconf 77' lang='grc' dir='ltr'>ἄνθραξ</span> <span class='ocrx_word' id='word_1_344' title='bbox 1561 3114 1638 3189; x_wconf 76' lang='grc' dir='ltr'><strong>δὲ,</strong></span> <span class='ocrx_word' id='word_1_345' title='bbox 1686 3119 1743 3171; x_wconf 76' lang='grc' dir='ltr'><strong>οῦ</strong></span> <span class='ocrx_word' id='word_1_346' title='bbox 1791 3119 1880 3182; x_wconf 80' lang='grc' dir='ltr'><strong>ξύ-</strong></span> 
     </span>
    </p>
   </div>
   <div class='ocr_carea' id='block_1_49' title="bbox 1998 1929 3654 2001">
    <p class='ocr_par' dir='ltr' id='par_1_49' title="bbox 1998 1929 3654 2001">
     <span class='ocr_line' id='line_1_49' title="bbox 1998 1929 3654 2001; baseline -0.003 -16"><span class='ocrx_word' id='word_1_347' title='bbox 1998 1945 2035 1985; x_wconf 90' lang='lat' dir='ltr'><strong>a</strong></span> <span class='ocrx_word' id='word_1_348' title='bbox 2065 1946 2311 2001; x_wconf 88' lang='lat' dir='ltr'><strong>corpore</strong></span> <span class='ocrx_word' id='word_1_349' title='bbox 2337 1937 2392 1986; x_wconf 91' lang='lat' dir='ltr'><strong>et</strong></span> <span class='ocrx_word' id='word_1_350' title='bbox 2420 1931 2710 1999; x_wconf 86' lang='lat' dir='ltr'><strong>sanguine</strong></span> <span class='ocrx_word' id='word_1_351' title='bbox 2736 1930 2970 1984; x_wconf 89' lang='lat' dir='ltr'><strong>Domini</strong></span> <span class='ocrx_word' id='word_1_352' title='bbox 3002 1931 3162 1984; x_wconf 72' lang='lat' dir='ltr'><strong>:Iioc</strong></span> <span class='ocrx_word' id='word_1_353' title='bbox 3176 1929 3327 1983; x_wconf 80' lang='lat' dir='ltr'><strong>enim</strong></span> <span class='ocrx_word' id='word_1_354' title='bbox 3343 1934 3423 1982; x_wconf 79' lang='lat' dir='ltr'><strong>est</strong></span> <span class='ocrx_word' id='word_1_355' title='bbox 3444 1942 3654 1995; x_wconf 81' lang='lat' dir='ltr'><strong>corpus</strong></span> 
     </span>
    </p>
   </div>
   <div class='ocr_carea' id='block_1_50' title="bbox 1996 2015 3652 2090">
    <p class='ocr_par' dir='ltr' id='par_1_50' title="bbox 1996 2015 3652 2090">
     <span class='ocr_line' id='line_1_50' title="bbox 1996 2015 3652 2090; baseline -0.002 -17"><span class='ocrx_word' id='word_1_356' title='bbox 1996 2033 2205 2085; x_wconf 88' lang='lat' dir='ltr'><strong>meum,</strong></span> <span class='ocrx_word' id='word_1_357' title='bbox 2242 2019 2452 2090; x_wconf 87' lang='lat' dir='ltr'><strong>inquit.</strong></span> <span class='ocrx_word' id='word_1_358' title='bbox 2481 2024 2763 2073; x_wconf 86' lang='lat' dir='ltr'><strong>Etrursus</strong></span> <span class='ocrx_word' id='word_1_359' title='bbox 2794 2018 2929 2073; x_wconf 86' lang='lat' dir='ltr'><strong>:Hic</strong></span> <span class='ocrx_word' id='word_1_360' title='bbox 2944 2024 3025 2073; x_wconf 87' lang='lat' dir='ltr'><strong>est</strong></span> <span class='ocrx_word' id='word_1_361' title='bbox 3044 2018 3192 2071; x_wconf 83' lang='lat' dir='ltr'><strong>enim</strong></span> <span class='ocrx_word' id='word_1_362' title='bbox 3206 2015 3451 2083; x_wconf 84' lang='lat' dir='ltr'><strong>sanguis</strong></span> <span class='ocrx_word' id='word_1_363' title='bbox 3471 2030 3652 2070; x_wconf 86' lang='lat' dir='ltr'><strong>meus.</strong></span> 
     </span>
    </p>
   </div>
   <div class='ocr_carea' id='block_1_51' title="bbox 1997 2104 3655 2178">
    <p class='ocr_par' dir='ltr' id='par_1_51' title="bbox 1997 2104 3655 2178">
     <span class='ocr_line' id='line_1_51' title="bbox 1997 2104 3655 2178; baseline -0.002 -17"><span class='ocrx_word' id='word_1_364' title='bbox 1997 2108 2093 2161; x_wconf 85' lang='lat' dir='ltr'><strong>Est</strong></span> <span class='ocrx_word' id='word_1_365' title='bbox 2132 2111 2334 2161; x_wconf 90' lang='lat' dir='ltr'><strong>autem</strong></span> <span class='ocrx_word' id='word_1_366' title='bbox 2379 2105 2831 2178; x_wconf 88' lang='lat' dir='ltr'><strong>supernaturale</strong></span> <span class='ocrx_word' id='word_1_367' title='bbox 2886 2104 3153 2160; x_wconf 82' lang='lat' dir='ltr'><strong>verbum.</strong></span> <span class='ocrx_word' id='word_1_368' title='bbox 3193 2106 3256 2158; x_wconf 90' lang='lat' dir='ltr'><strong>Et</strong></span> <span class='ocrx_word' id='word_1_369' title='bbox 3302 2116 3655 2174; x_wconf 87' lang='lat' dir='ltr'><strong>quanquam</strong></span> 
     </span>
    </p>
   </div>
   <div class='ocr_carea' id='block_1_52' title="bbox 1994 2190 3655 2266">
    <p class='ocr_par' dir='ltr' id='par_1_52' title="bbox 1994 2190 3655 2266">
     <span class='ocr_line' id='line_1_52' title="bbox 1994 2190 3655 2266; baseline -0.002 -18"><span class='ocrx_word' id='word_1_370' title='bbox 1994 2194 2252 2263; x_wconf 89' lang='lat' dir='ltr'><strong>Magnus</strong></span> <span class='ocrx_word' id='word_1_371' title='bbox 2277 2195 2522 2251; x_wconf 87' lang='lat' dir='ltr'><strong>Basilius</strong></span> <span class='ocrx_word' id='word_1_372' title='bbox 2569 2194 2938 2266; x_wconf 84' lang='lat' dir='ltr'><strong>exemplaria</strong></span> <span class='ocrx_word' id='word_1_373' title='bbox 2980 2192 3108 2248; x_wconf 68' lang='lat' dir='ltr'><strong>haec</strong></span> <span class='ocrx_word' id='word_1_374' title='bbox 3139 2208 3267 2248; x_wconf 92' lang='lat' dir='ltr'><strong>esse</strong></span> <span class='ocrx_word' id='word_1_375' title='bbox 3314 2190 3463 2246; x_wconf 87' lang='lat' dir='ltr'><strong>dixit</strong></span> <span class='ocrx_word' id='word_1_376' title='bbox 3495 2206 3507 2246; x_wconf 94' lang='lat'>:</span> <span class='ocrx_word' id='word_1_377' title='bbox 3538 2190 3655 2245; x_wconf 91' lang='lat' dir='ltr'><strong>hoc</strong></span> 
     </span>
    </p>
   </div>
   <div class='ocr_carea' id='block_1_53' title="bbox 1995 2279 3656 2355">
    <p class='ocr_par' dir='ltr' id='par_1_53' title="bbox 1995 2279 3656 2355">
     <span class='ocr_line' id='line_1_53' title="bbox 1995 2279 3656 2355; baseline -0.002 -17"><span class='ocrx_word' id='word_1_378' title='bbox 1995 2286 2197 2339; x_wconf 90' lang='lat' dir='ltr'><strong>tamen</strong></span> <span class='ocrx_word' id='word_1_379' title='bbox 2227 2289 2315 2339; x_wconf 92' lang='lat' dir='ltr'><strong>est</strong></span> <span class='ocrx_word' id='word_1_380' title='bbox 2344 2284 2696 2355; x_wconf 89' lang='lat' dir='ltr'><strong>priusquam</strong></span> <span class='ocrx_word' id='word_1_381' title='bbox 2726 2282 3163 2339; x_wconf 89' lang='lat' dir='ltr'><strong>sanctiﬁcentur</strong></span> <span class='ocrx_word' id='word_1_382' title='bbox 3188 2286 3242 2335; x_wconf 83' lang='lat' dir='ltr'><strong>et</strong></span> <span class='ocrx_word' id='word_1_383' title='bbox 3281 2279 3534 2350; x_wconf 85' lang='lat' dir='ltr'><strong>gratiam</strong></span> <span class='ocrx_word' id='word_1_384' title='bbox 3560 2293 3656 2334; x_wconf 86' lang='lat' dir='ltr'><strong>ac-</strong></span> 
     </span>
    </p>
   </div>
   <div class='ocr_carea' id='block_1_54' title="bbox 1994 2367 3655 2444">
    <p class='ocr_par' dir='ltr' id='par_1_54' title="bbox 1994 2367 3655 2444">
     <span class='ocr_line' id='line_1_54' title="bbox 1994 2367 3655 2444; baseline -0.003 -18"><span class='ocrx_word' id='word_1_385' title='bbox 1994 2371 2231 2443; x_wconf 92' lang='lat' dir='ltr'><strong>cipiant.</strong></span> <span class='ocrx_word' id='word_1_386' title='bbox 2264 2372 2412 2427; x_wconf 87' lang='lat' dir='ltr'><strong>Vide</strong></span> <span class='ocrx_word' id='word_1_387' title='bbox 2457 2377 2656 2429; x_wconf 89' lang='lat' dir='ltr'><strong>autem</strong></span> <span class='ocrx_word' id='word_1_388' title='bbox 2702 2370 3011 2444; x_wconf 91' lang='lat' dir='ltr'><strong>quomodo</strong></span> <span class='ocrx_word' id='word_1_389' title='bbox 3057 2386 3087 2425; x_wconf 92' lang='lat' dir='ltr'><strong>e</strong></span> <span class='ocrx_word' id='word_1_390' title='bbox 3129 2367 3506 2424; x_wconf 86' lang='lat' dir='ltr'><strong>naturalibus</strong></span> <span class='ocrx_word' id='word_1_391' title='bbox 3557 2383 3655 2422; x_wconf 87' lang='lat' dir='ltr'><strong>su-</strong></span> 
     </span>
    </p>
   </div>
   <div class='ocr_carea' id='block_1_55' title="bbox 1994 2457 3653 2532">
    <p class='ocr_par' dir='ltr' id='par_1_55' title="bbox 1994 2457 3653 2532">
     <span class='ocr_line' id='line_1_55' title="bbox 1994 2457 3653 2532; baseline -0.004 -15"><span class='ocrx_word' id='word_1_392' title='bbox 1994 2460 2393 2532; x_wconf 89' lang='lat' dir='ltr'><strong>pernaturalia</strong></span> <span class='ocrx_word' id='word_1_393' title='bbox 2415 2461 2586 2517; x_wconf 88' lang='lat' dir='ltr'><strong>ﬁant.</strong></span> <span class='ocrx_word' id='word_1_394' title='bbox 2630 2459 2922 2516; x_wconf 85' lang='lat' dir='ltr'><strong>Naturalis</strong></span> <span class='ocrx_word' id='word_1_395' title='bbox 2956 2458 3247 2530; x_wconf 89' lang='lat' dir='ltr'><strong>siquidem</strong></span> <span class='ocrx_word' id='word_1_396' title='bbox 3278 2457 3447 2512; x_wconf 88' lang='lat' dir='ltr'><strong>cibus</strong></span> <span class='ocrx_word' id='word_1_397' title='bbox 3472 2460 3559 2511; x_wconf 92' lang='lat' dir='ltr'><strong>est</strong></span> <span class='ocrx_word' id='word_1_398' title='bbox 3582 2471 3653 2511; x_wconf 93' lang='lat' dir='ltr'><strong>ac</strong></span> 
     </span>
    </p>
   </div>
   <div class='ocr_carea' id='block_1_56' title="bbox 1993 2548 3653 2622">
    <p class='ocr_par' dir='ltr' id='par_1_56' title="bbox 1993 2548 3653 2622">
     <span class='ocr_line' id='line_1_56' title="bbox 1993 2548 3653 2622; baseline -0.005 -16"><span class='ocrx_word' id='word_1_399' title='bbox 1993 2555 2171 2622; x_wconf 92' lang='lat' dir='ltr'><strong>potus</strong></span> <span class='ocrx_word' id='word_1_400' title='bbox 2197 2549 2374 2622; x_wconf 86' lang='lat' dir='ltr'><strong>panis</strong></span> <span class='ocrx_word' id='word_1_401' title='bbox 2387 2565 2457 2606; x_wconf 91' lang='lat' dir='ltr'><strong>ac</strong></span> <span class='ocrx_word' id='word_1_402' title='bbox 2487 2550 2605 2605; x_wconf 90' lang='lat' dir='ltr'><strong>vini</strong></span> <span class='ocrx_word' id='word_1_403' title='bbox 2634 2564 2769 2621; x_wconf 67' lang='lat' dir='ltr'><strong>qum</strong></span> <span class='ocrx_word' id='word_1_404' title='bbox 2792 2550 3224 2620; x_wconf 82' lang='lat' dir='ltr'><strong>praeponuntur</strong></span> <span class='ocrx_word' id='word_1_405' title='bbox 3256 2562 3268 2599; x_wconf 89' lang='lat'>:</span> <span class='ocrx_word' id='word_1_406' title='bbox 3303 2548 3653 2617; x_wconf 90' lang='lat' dir='ltr'><strong>supernatu-</strong></span> 
     </span>
    </p>
   </div>
   <div class='ocr_carea' id='block_1_57' title="bbox 1993 2634 3652 2708">
    <p class='ocr_par' dir='ltr' id='par_1_57' title="bbox 1993 2634 3652 2708">
     <span class='ocr_line' id='line_1_57' title="bbox 1993 2634 3652 2708; baseline -0.004 -15"><span class='ocrx_word' id='word_1_407' title='bbox 1993 2638 2135 2695; x_wconf 89' lang='lat' dir='ltr'><strong>ralis</strong></span> <span class='ocrx_word' id='word_1_408' title='bbox 2164 2654 2323 2707; x_wconf 87' lang='lat' dir='ltr'><strong>vero,</strong></span> <span class='ocrx_word' id='word_1_409' title='bbox 2353 2638 2567 2695; x_wconf 85' lang='lat' dir='ltr'><strong>efﬁcax</strong></span> <span class='ocrx_word' id='word_1_410' title='bbox 2587 2638 2805 2694; x_wconf 90' lang='lat' dir='ltr'><strong>horum</strong></span> <span class='ocrx_word' id='word_1_411' title='bbox 2840 2635 3127 2708; x_wconf 85' lang='lat' dir='ltr'><strong>operatio.</strong></span> <span class='ocrx_word' id='word_1_412' title='bbox 3153 2634 3416 2689; x_wconf 87' lang='lat' dir='ltr'><strong>Primum</strong></span> <span class='ocrx_word' id='word_1_413' title='bbox 3449 2637 3652 2689; x_wconf 90' lang='lat' dir='ltr'><strong>autem</strong></span> 
     </span>
    </p>
   </div>
   <div class='ocr_carea' id='block_1_58' title="bbox 1993 2722 3652 2799">
    <p class='ocr_par' dir='ltr' id='par_1_58' title="bbox 1993 2722 3652 2799">
     <span class='ocr_line' id='line_1_58' title="bbox 1993 2722 3652 2799; baseline -0.004 -17"><span class='ocrx_word' id='word_1_414' title='bbox 1993 2726 2139 2785; x_wconf 86' lang='lat' dir='ltr'><strong>lavit</strong></span> <span class='ocrx_word' id='word_1_415' title='bbox 2176 2728 2359 2799; x_wconf 90' lang='lat' dir='ltr'><strong>pedes</strong></span> <span class='ocrx_word' id='word_1_416' title='bbox 2384 2727 2842 2799; x_wconf 86' lang='lat' dir='ltr'><strong>discipulorum,</strong></span> <span class='ocrx_word' id='word_1_417' title='bbox 2876 2724 3091 2781; x_wconf 89' lang='lat' dir='ltr'><strong>deinde</strong></span> <span class='ocrx_word' id='word_1_418' title='bbox 3121 2740 3230 2780; x_wconf 88' lang='lat' dir='ltr'><strong>eos</strong></span> <span class='ocrx_word' id='word_1_419' title='bbox 3254 2722 3517 2795; x_wconf 85' lang='lat' dir='ltr'><strong>mysterii</strong></span> <span class='ocrx_word' id='word_1_420' title='bbox 3538 2722 3652 2777; x_wconf 91' lang='lat' dir='ltr'><strong>hu-</strong></span> 
     </span>
    </p>
   </div>
   <div class='ocr_carea' id='block_1_59' title="bbox 1989 2810 3652 2888">
    <p class='ocr_par' dir='ltr' id='par_1_59' title="bbox 1989 2810 3652 2888">
     <span class='ocr_line' id='line_1_59' title="bbox 1989 2810 3652 2888; baseline -0.004 -17"><span class='ocrx_word' id='word_1_421' title='bbox 1989 2816 2088 2886; x_wconf 91' lang='lat' dir='ltr'><strong>jus</strong></span> <span class='ocrx_word' id='word_1_422' title='bbox 2117 2815 2254 2873; x_wconf 86' lang='lat' dir='ltr'><strong>fecit</strong></span> <span class='ocrx_word' id='word_1_423' title='bbox 2293 2833 2423 2872; x_wconf 88' lang='lat' dir='ltr'><strong>esse</strong></span> <span class='ocrx_word' id='word_1_424' title='bbox 2472 2816 2803 2888; x_wconf 89' lang='lat' dir='ltr'><strong>participes,</strong></span> <span class='ocrx_word' id='word_1_425' title='bbox 2846 2821 2909 2869; x_wconf 88' lang='lat' dir='ltr'><strong>ut</strong></span> <span class='ocrx_word' id='word_1_426' title='bbox 2946 2814 3275 2876; x_wconf 89' lang='lat' dir='ltr'><strong>discamus,</strong></span> <span class='ocrx_word' id='word_1_427' title='bbox 3316 2810 3482 2883; x_wconf 92' lang='lat' dir='ltr'><strong>quod</strong></span> <span class='ocrx_word' id='word_1_428' title='bbox 3536 2810 3652 2881; x_wconf 89' lang='lat' dir='ltr'><strong>pri-</strong></span> 
     </span>
    </p>
   </div>
   <div class='ocr_carea' id='block_1_60' title="bbox 1994 2899 3652 2978">
    <p class='ocr_par' dir='ltr' id='par_1_60' title="bbox 1994 2899 3652 2978">
     <span class='ocr_line' id='line_1_60' title="bbox 1994 2899 3652 2978; baseline -0.004 -17"><span class='ocrx_word' id='word_1_429' title='bbox 1994 2921 2162 2962; x_wconf 93' lang='lat' dir='ltr'><strong>mum</strong></span> <span class='ocrx_word' id='word_1_430' title='bbox 2221 2906 2525 2978; x_wconf 90' lang='lat' dir='ltr'><strong>puriﬁcari</strong></span> <span class='ocrx_word' id='word_1_431' title='bbox 2599 2921 2700 2962; x_wconf 93' lang='lat' dir='ltr'><strong>eos</strong></span> <span class='ocrx_word' id='word_1_432' title='bbox 2759 2907 3043 2978; x_wconf 90' lang='lat' dir='ltr'><strong>oporteat,</strong></span> <span class='ocrx_word' id='word_1_433' title='bbox 3120 2901 3339 2958; x_wconf 92' lang='lat' dir='ltr'><strong>deinde</strong></span> <span class='ocrx_word' id='word_1_434' title='bbox 3420 2899 3652 2972; x_wconf 88' lang='lat' dir='ltr'><strong>partici-</strong></span> 
     </span>
    </p>
   </div>
   <div class='ocr_carea' id='block_1_61' title="bbox 1992 3010 2157 3066">
    <p class='ocr_par' dir='ltr' id='par_1_61' title="bbox 1992 3010 2157 3066">
     <span class='ocr_line' id='line_1_61' title="bbox 1992 3010 2157 3066; baseline 0 -16"><span class='ocrx_word' id='word_1_435' title='bbox 1992 3010 2157 3066; x_wconf 90' lang='lat' dir='ltr'><strong>pare.</strong></span> 
     </span>
    </p>
   </div>
   <div class='ocr_carea' id='block_1_62' title="bbox 2062 3098 3653 3172">
    <p class='ocr_par' dir='ltr' id='par_1_62' title="bbox 2062 3098 3653 3172">
     <span class='ocr_line' id='line_1_62' title="bbox 2062 3098 3653 3172; baseline -0.003 -16"><span class='ocrx_word' id='word_1_436' title='bbox 2062 3103 2105 3172; x_wconf 67' lang='grc' dir='ltr'><strong>-ι-</strong></span> <span class='ocrx_word' id='word_1_437' title='bbox 2137 3100 2472 3158; x_wconf 89' lang='lat' dir='ltr'><strong>Carbonem</strong></span> <span class='ocrx_word' id='word_1_438' title='bbox 2503 3100 2851 3157; x_wconf 86' lang='lat' dir='ltr'><strong>viditlsaias</strong></span> <span class='ocrx_word' id='word_1_439' title='bbox 2873 3102 2915 3136; x_wconf 84' lang='grc'>²¹</span> <span class='ocrx_word' id='word_1_440' title='bbox 2947 3116 2960 3166; x_wconf 90' lang='grc'>;</span> <span class='ocrx_word' id='word_1_441' title='bbox 2996 3098 3177 3155; x_wconf 91' lang='lat' dir='ltr'><strong>carbo</strong></span> <span class='ocrx_word' id='word_1_442' title='bbox 3200 3101 3399 3155; x_wconf 90' lang='lat' dir='ltr'><strong>autem</strong></span> <span class='ocrx_word' id='word_1_443' title='bbox 3423 3111 3545 3153; x_wconf 90' lang='lat' dir='ltr'><strong>non</strong></span> <span class='ocrx_word' id='word_1_444' title='bbox 3566 3100 3653 3152; x_wconf 90' lang='lat' dir='ltr'><strong>est</strong></span> 
     </span>
    </p>
   </div>
   <div class='ocr_carea' id='block_1_63' title="bbox 263 3177 1883 3280">
    <p class='ocr_par' dir='ltr' id='par_1_63' title="bbox 263 3202 1882 3280">
     <span class='ocr_line' id='line_1_63' title="bbox 263 3202 1882 3280; baseline 0.002 -23"><span class='ocrx_word' id='word_1_445' title='bbox 263 3203 355 3258; x_wconf 81' lang='grc' dir='ltr'><strong>λον</strong></span> <span class='ocrx_word' id='word_1_446' title='bbox 426 3203 575 3257; x_wconf 79' lang='grc' dir='ltr'>ἐστὶν</span> <span class='ocrx_word' id='word_1_447' title='bbox 639 3202 832 3271; x_wconf 81' lang='grc' dir='ltr'>ἁπλῶς,</span> <span class='ocrx_word' id='word_1_448' title='bbox 912 3205 1040 3258; x_wconf 89' lang='grc' dir='ltr'><strong>ἀλλά</strong></span> <span class='ocrx_word' id='word_1_449' title='bbox 1114 3212 1597 3280; x_wconf 85' lang='grc' dir='ltr'>πεπυρακτωμένον⁶</span> <span class='ocrx_word' id='word_1_450' title='bbox 1670 3209 1882 3279; x_wconf 78' lang='grc' dir='ltr'>φωτίζει</span> 
     </span>
    </p>
   </div>
   <div class='ocr_carea' id='block_1_64' title="bbox 2001 3177 3652 3280">
    <p class='ocr_par' dir='ltr' id='par_1_64' title="bbox 2001 3184 3652 3263">
     <span class='ocr_line' id='line_1_64' title="bbox 2001 3184 3652 3263; baseline -0.002 -18"><span class='ocrx_word' id='word_1_451' title='bbox 2001 3190 2340 3262; x_wconf 84' lang='lat' dir='ltr'><strong>simpliciter</strong></span> <span class='ocrx_word' id='word_1_452' title='bbox 2358 3191 2610 3263; x_wconf 88' lang='lat' dir='ltr'><strong>lignum,</strong></span> <span class='ocrx_word' id='word_1_453' title='bbox 2646 3190 2749 3245; x_wconf 92' lang='lat' dir='ltr'><strong>sed</strong></span> <span class='ocrx_word' id='word_1_454' title='bbox 2776 3190 3008 3260; x_wconf 87' lang='lat' dir='ltr'><strong>lignum</strong></span> <span class='ocrx_word' id='word_1_455' title='bbox 3043 3188 3317 3257; x_wconf 87' lang='lat' dir='ltr'><strong>ignitum.</strong></span> <span class='ocrx_word' id='word_1_456' title='bbox 3348 3184 3652 3241; x_wconf 88' lang='lat' dir='ltr'><strong>Illuminat</strong></span> 
     </span>
    </p>
   </div>
   <div class='ocr_carea' id='block_1_65' title="bbox 262 3292 1884 3369">
    <p class='ocr_par' dir='ltr' id='par_1_65' title="bbox 262 3292 1884 3369">
     <span class='ocr_line' id='line_1_65' title="bbox 262 3292 1884 3369; baseline 0.001 -21"><span class='ocrx_word' id='word_1_457' title='bbox 262 3297 360 3367; x_wconf 73' lang='grc' dir='ltr'>μὲν</span> <span class='ocrx_word' id='word_1_458' title='bbox 391 3296 517 3355; x_wconf 85' lang='grc' dir='ltr'>τοὺς</span> <span class='ocrx_word' id='word_1_459' title='bbox 545 3292 745 3361; x_wconf 81' lang='grc' dir='ltr'>ἀξίους,</span> <span class='ocrx_word' id='word_1_460' title='bbox 795 3293 991 3366; x_wconf 84' lang='grc' dir='ltr'>[φλέγει</span> <span class='ocrx_word' id='word_1_461' title='bbox 1036 3296 1146 3365; x_wconf 76' lang='grc'>(21)</span> <span class='ocrx_word' id='word_1_462' title='bbox 1192 3292 1251 3349; x_wconf 72' lang='grc' dir='ltr'>δε</span> <span class='ocrx_word' id='word_1_463' title='bbox 1278 3300 1396 3358; x_wconf 87' lang='grc' dir='ltr'>τοὺς</span> <span class='ocrx_word' id='word_1_464' title='bbox 1426 3295 1715 3369; x_wconf 87' lang='grc' dir='ltr'>ἀναξίους,]</span> <span class='ocrx_word' id='word_1_465' title='bbox 1749 3301 1884 3350; x_wconf 85' lang='grc' dir='ltr'>κατὰ</span> 
     </span>
    </p>
   </div>
   <div class='ocr_carea' id='block_1_66' title="bbox 264 3379 1882 3460">
    <p class='ocr_par' dir='ltr' id='par_1_66' title="bbox 264 3379 1882 3460">
     <span class='ocr_line' id='line_1_66' title="bbox 264 3379 1882 3460; baseline 0.002 -25"><span class='ocrx_word' id='word_1_466' title='bbox 264 3387 365 3441; x_wconf 80' lang='grc' dir='ltr'>τὴν</span> <span class='ocrx_word' id='word_1_467' title='bbox 397 3379 590 3443; x_wconf 79' lang='grc' dir='ltr'>διπλῆν</span> <span class='ocrx_word' id='word_1_468' title='bbox 618 3390 713 3436; x_wconf 83' lang='grc' dir='ltr'><strong>τοῦ</strong></span> <span class='ocrx_word' id='word_1_469' title='bbox 747 3386 913 3458; x_wconf 84' lang='grc' dir='ltr'>πυρὸς</span> <span class='ocrx_word' id='word_1_470' title='bbox 943 3381 1211 3460; x_wconf 71' lang='grc' dir='ltr'><strong>ἐνέργειαν⁸</strong></span> <span class='ocrx_word' id='word_1_471' title='bbox 1246 3386 1414 3457; x_wconf 85' lang='grc' dir='ltr'>φλέγει</span> <span class='ocrx_word' id='word_1_472' title='bbox 1440 3382 1519 3455; x_wconf 66' lang='grc' dir='ltr'><strong>δὲ,</strong></span> <span class='ocrx_word' id='word_1_473' title='bbox 1551 3396 1622 3457; x_wconf 82' lang='grc' dir='ltr'>τῷ</span> <span class='ocrx_word' id='word_1_474' title='bbox 1648 3386 1882 3451; x_wconf 79' lang='grc' dir='ltr'>κολάζειν</span> 
     </span>
    </p>
   </div>
   <div class='ocr_carea' id='block_1_67' title="bbox 270 3491 571 3532">
    <p class='ocr_par' dir='ltr' id='par_1_67' title="bbox 270 3491 571 3532">
     <span class='ocr_line' id='line_1_67' title="bbox 270 3491 571 3532; baseline 0.01 -7"><span class='ocrx_word' id='word_1_475' title='bbox 270 3491 571 3532; x_wconf 88' lang='grc' dir='ltr'>συντηκειν.</span> 
     </span>
    </p>
   </div>
   <div class='ocr_carea' id='block_1_68' title="bbox 348 3685 1888 3762">
    <p class='ocr_par' dir='ltr' id='par_1_68' title="bbox 348 3685 1888 3762">
     <span class='ocr_line' id='line_1_68' title="bbox 348 3685 1888 3762; baseline 0.002 -23"><span class='ocrx_word' id='word_1_476' title='bbox 348 3690 451 3739; x_wconf 77' lang='grc' dir='ltr'><strong>Καὶ</strong></span> <span class='ocrx_word' id='word_1_477' title='bbox 478 3685 645 3739; x_wconf 88' lang='grc' dir='ltr'>λαϐων</span> <span class='ocrx_word' id='word_1_478' title='bbox 673 3715 741 3727; x_wconf 91' lang='lat'><strong><em>—</em></strong></span> <span class='ocrx_word' id='word_1_479' title='bbox 773 3688 1051 3748; x_wconf 83' lang='grc' dir='ltr'>Διαθήκης.</span> <span class='ocrx_word' id='word_1_480' title='bbox 1084 3695 1188 3750; x_wconf 82' lang='grc' dir='ltr'><strong>Τῆς</strong></span> <span class='ocrx_word' id='word_1_481' title='bbox 1229 3698 1413 3749; x_wconf 87' lang='grc' dir='ltr'>καινῆς</span> <span class='ocrx_word' id='word_1_482' title='bbox 1454 3692 1734 3762; x_wconf 79' lang='grc' dir='ltr'>Διαθήκης,</span> <span class='ocrx_word' id='word_1_483' title='bbox 1767 3699 1888 3753; x_wconf 74' lang='grc' dir='ltr'>ἦτοι</span> 
     </span>
    </p>
   </div>
   <div class='ocr_carea' id='block_1_69' title="bbox 271 3778 1884 3851">
    <p class='ocr_par' dir='ltr' id='par_1_69' title="bbox 271 3778 1884 3851">
     <span class='ocr_line' id='line_1_69' title="bbox 271 3778 1884 3851; baseline 0.006 -23"><span class='ocrx_word' id='word_1_484' title='bbox 271 3784 369 3834; x_wconf 86' lang='grc' dir='ltr'>τῆς</span> <span class='ocrx_word' id='word_1_485' title='bbox 418 3779 533 3837; x_wconf 78' lang='grc' dir='ltr'>νέας</span> <span class='ocrx_word' id='word_1_486' title='bbox 573 3778 899 3848; x_wconf 89' lang='grc' dir='ltr'>νομοθεσίας.</span> <span class='ocrx_word' id='word_1_487' title='bbox 959 3780 1027 3829; x_wconf 90' lang='grc' dir='ltr'><strong>Τὸ</strong></span> <span class='ocrx_word' id='word_1_488' title='bbox 1072 3780 1161 3849; x_wconf 72' lang='grc' dir='ltr'><strong>μεν</strong></span> <span class='ocrx_word' id='word_1_489' title='bbox 1211 3780 1311 3850; x_wconf 81' lang='grc' dir='ltr'>γὰρ</span> <span class='ocrx_word' id='word_1_490' title='bbox 1360 3780 1493 3851; x_wconf 85' lang='grc' dir='ltr'>αἷμα</span> <span class='ocrx_word' id='word_1_491' title='bbox 1534 3788 1622 3833; x_wconf 89' lang='grc' dir='ltr'><strong>τοῦ</strong></span> <span class='ocrx_word' id='word_1_492' title='bbox 1666 3794 1884 3838; x_wconf 85' lang='grc' dir='ltr'>τοπικοῦ</span> 
     </span>
    </p>
   </div>
   <div class='ocr_carea' id='block_1_70' title="bbox 272 3862 1883 3936">
    <p class='ocr_par' dir='ltr' id='par_1_70' title="bbox 272 3862 1883 3936">
     <span class='ocr_line' id='line_1_70' title="bbox 272 3862 1883 3936; baseline 0.007 -22"><span class='ocrx_word' id='word_1_493' title='bbox 272 3863 460 3936; x_wconf 81' lang='grc' dir='ltr'>ἀμνοῦ,</span> <span class='ocrx_word' id='word_1_494' title='bbox 516 3872 609 3927; x_wconf 86' lang='grc' dir='ltr'>τῆς</span> <span class='ocrx_word' id='word_1_495' title='bbox 660 3864 887 3927; x_wconf 88' lang='grc' dir='ltr'>παλαιᾶς</span> <span class='ocrx_word' id='word_1_496' title='bbox 917 3862 977 3924; x_wconf 76' lang='grc' dir='ltr'>ἦν</span> <span class='ocrx_word' id='word_1_497' title='bbox 1018 3869 1301 3928; x_wconf 82' lang='grc' dir='ltr'>Διαθήκης·</span> <span class='ocrx_word' id='word_1_498' title='bbox 1335 3871 1393 3920; x_wconf 87' lang='grc' dir='ltr'><strong>τό</strong></span> <span class='ocrx_word' id='word_1_499' title='bbox 1420 3865 1479 3921; x_wconf 75' lang='grc' dir='ltr'>δε</span> <span class='ocrx_word' id='word_1_500' title='bbox 1507 3877 1599 3921; x_wconf 87' lang='grc' dir='ltr'><strong>τοῦ</strong></span> <span class='ocrx_word' id='word_1_501' title='bbox 1640 3869 1883 3930; x_wconf 79' lang='grc' dir='ltr'>ἀληθινοῦ</span> 
     </span>
    </p>
   </div>
   <div class='ocr_carea' id='block_1_71' title="bbox 268 3954 925 4025">
    <p class='ocr_par' dir='ltr' id='par_1_71' title="bbox 268 3954 925 4025">
     <span class='ocr_line' id='line_1_71' title="bbox 268 3954 925 4025; baseline 0.003 -20"><span class='ocrx_word' id='word_1_502' title='bbox 268 3954 488 4025; x_wconf 82' lang='grc' dir='ltr'>Ἀμνοῦ,</span> <span class='ocrx_word' id='word_1_503' title='bbox 514 3962 602 4015; x_wconf 80' lang='grc' dir='ltr'>τῆς</span> <span class='ocrx_word' id='word_1_504' title='bbox 627 3958 737 4015; x_wconf 84' lang='grc' dir='ltr'>νέας</span> <span class='ocrx_word' id='word_1_505' title='bbox 763 3954 925 4008; x_wconf 78' lang='grc' dir='ltr'>ἐστίν.</span> 
     </span>
    </p>
   </div>
   <div class='ocr_carea' id='block_1_72' title="bbox 342 4040 1883 4118">
    <p class='ocr_par' dir='ltr' id='par_1_72' title="bbox 342 4040 1883 4118">
     <span class='ocr_line' id='line_1_72' title="bbox 342 4040 1883 4118; baseline 0.006 -24"><span class='ocrx_word' id='word_1_506' title='bbox 342 4040 413 4094; x_wconf 83' lang='grc' dir='ltr'>Ἥ</span> <span class='ocrx_word' id='word_1_507' title='bbox 465 4044 573 4113; x_wconf 76' lang='grc'>(22)</span> <span class='ocrx_word' id='word_1_508' title='bbox 622 4051 777 4095; x_wconf 87' lang='grc' dir='ltr'>τοῦτο</span> <span class='ocrx_word' id='word_1_509' title='bbox 820 4041 928 4096; x_wconf 87' lang='grc' dir='ltr'>εἶπε</span> <span class='ocrx_word' id='word_1_510' title='bbox 977 4041 1069 4096; x_wconf 84' lang='grc' dir='ltr'><strong>διὰ</strong></span> <span class='ocrx_word' id='word_1_511' title='bbox 1118 4048 1177 4097; x_wconf 89' lang='grc' dir='ltr'>τὸ</span> <span class='ocrx_word' id='word_1_512' title='bbox 1219 4043 1351 4118; x_wconf 82' lang='grc' dir='ltr'>αἷμα</span> <span class='ocrx_word' id='word_1_513' title='bbox 1404 4051 1461 4099; x_wconf 90' lang='grc' dir='ltr'>τὸ</span> <span class='ocrx_word' id='word_1_514' title='bbox 1516 4056 1613 4109; x_wconf 85' lang='grc' dir='ltr'>τῆς</span> <span class='ocrx_word' id='word_1_515' title='bbox 1650 4049 1883 4113; x_wconf 85' lang='grc' dir='ltr'>Παλαιᾶς</span> 
     </span>
    </p>
   </div>
   <div class='ocr_carea' id='block_1_73' title="bbox 269 4129 1879 4208">
    <p class='ocr_par' dir='ltr' id='par_1_73' title="bbox 269 4129 1879 4208">
     <span class='ocr_line' id='line_1_73' title="bbox 269 4129 1879 4208; baseline 0.006 -25"><span class='ocrx_word' id='word_1_516' title='bbox 269 4133 559 4193; x_wconf 85' lang='grc' dir='ltr'>Διαθήκης.</span> <span class='ocrx_word' id='word_1_517' title='bbox 608 4130 687 4183; x_wconf 85' lang='grc' dir='ltr'>Ἐν</span> <span class='ocrx_word' id='word_1_518' title='bbox 748 4140 809 4204; x_wconf 77' lang='grc' dir='ltr'>τῇ</span> <span class='ocrx_word' id='word_1_519' title='bbox 844 4129 1039 4203; x_wconf 80' lang='grc' dir='ltr'>Ἐξόδῳ</span> <span class='ocrx_word' id='word_1_520' title='bbox 1081 4136 1181 4205; x_wconf 82' lang='grc' dir='ltr'>γὰρ</span> <span class='ocrx_word' id='word_1_521' title='bbox 1218 4137 1492 4208; x_wconf 83' lang='grc' dir='ltr'>υιοσχάρια</span> <span class='ocrx_word' id='word_1_522' title='bbox 1534 4138 1692 4198; x_wconf 87' lang='grc' dir='ltr'>θύσας</span> <span class='ocrx_word' id='word_1_523' title='bbox 1721 4146 1879 4192; x_wconf 87' lang='grc' dir='ltr'>Μωῦ-</span> 
     </span>
    </p>
   </div>
   <div class='ocr_carea' id='block_1_74' title="bbox 272 4221 1875 4303">
    <p class='ocr_par' dir='ltr' id='par_1_74' title="bbox 272 4221 1875 4303">
     <span class='ocr_line' id='line_1_74' title="bbox 272 4221 1875 4303; baseline 0.007 -34"><span class='ocrx_word' id='word_1_524' title='bbox 272 4228 389 4287; x_wconf 82' lang='grc' dir='ltr'>σῆς,</span> <span class='ocrx_word' id='word_1_525' title='bbox 422 4223 480 4271; x_wconf 85' lang='grc' dir='ltr'><strong>τό</strong></span> <span class='ocrx_word' id='word_1_526' title='bbox 528 4223 695 4291; x_wconf 80' lang='grc' dir='ltr'>ἣμισυ</span> <span class='ocrx_word' id='word_1_527' title='bbox 733 4228 821 4273; x_wconf 88' lang='grc' dir='ltr'><strong>τοῦ</strong></span> <span class='ocrx_word' id='word_1_528' title='bbox 862 4223 1082 4293; x_wconf 80' lang='grc' dir='ltr'>αἳματος</span> <span class='ocrx_word' id='word_1_529' title='bbox 1127 4221 1320 4294; x_wconf 72' lang='grc' dir='ltr'>ἐνέχεεν</span> <span class='ocrx_word' id='word_1_530' title='bbox 1357 4224 1427 4287; x_wconf 87' lang='grc' dir='ltr'><strong>εἰς</strong></span> <span class='ocrx_word' id='word_1_531' title='bbox 1457 4224 1569 4298; x_wconf 87' lang='lat'><strong>(&#39;23)</strong></span> <span class='ocrx_word' id='word_1_532' title='bbox 1616 4237 1875 4303; x_wconf 79' lang='grc' dir='ltr'>κρατῆρα,</span> 
     </span>
    </p>
   </div>
   <div class='ocr_carea' id='block_1_75' title="bbox 1992 3274 3646 3351">
    <p class='ocr_par' dir='ltr' id='par_1_75' title="bbox 1992 3274 3646 3351">
     <span class='ocr_line' id='line_1_75' title="bbox 1992 3274 3646 3351; baseline -0.004 -17"><span class='ocrx_word' id='word_1_533' title='bbox 1992 3279 2238 3351; x_wconf 91' lang='lat' dir='ltr'><strong>quidem</strong></span> <span class='ocrx_word' id='word_1_534' title='bbox 2288 3281 2463 3335; x_wconf 90' lang='lat' dir='ltr'><strong>carbo</strong></span> <span class='ocrx_word' id='word_1_535' title='bbox 2494 3279 2669 3349; x_wconf 90' lang='lat' dir='ltr'><strong>hujus</strong></span> <span class='ocrx_word' id='word_1_536' title='bbox 2720 3277 2987 3349; x_wconf 86' lang='lat' dir='ltr'><strong>mysterii</strong></span> <span class='ocrx_word' id='word_1_537' title='bbox 3015 3292 3116 3332; x_wconf 91' lang='lat' dir='ltr'><strong>eos</strong></span> <span class='ocrx_word' id='word_1_538' title='bbox 3145 3274 3247 3348; x_wconf 90' lang='lat' dir='ltr'><strong>qui</strong></span> <span class='ocrx_word' id='word_1_539' title='bbox 3280 3274 3446 3344; x_wconf 90' lang='lat' dir='ltr'><strong>digni</strong></span> <span class='ocrx_word' id='word_1_540' title='bbox 3491 3278 3646 3338; x_wconf 86' lang='lat' dir='ltr'><strong>sunt,</strong></span> 
     </span>
    </p>
   </div>
   <div class='ocr_carea' id='block_1_76' title="bbox 1990 3362 3649 3440">
    <p class='ocr_par' dir='ltr' id='par_1_76' title="bbox 1990 3362 3649 3440">
     <span class='ocr_line' id='line_1_76' title="bbox 1990 3362 3649 3440; baseline -0.004 -16"><span class='ocrx_word' id='word_1_541' title='bbox 1990 3367 2266 3440; x_wconf 86' lang='lat' dir='ltr'><strong>indignos</strong></span> <span class='ocrx_word' id='word_1_542' title='bbox 2324 3383 2464 3423; x_wconf 88' lang='lat' dir='ltr'><strong>vero</strong></span> <span class='ocrx_word' id='word_1_543' title='bbox 2520 3366 2874 3431; x_wconf 89' lang='lat' dir='ltr'><strong>inﬂammat,</strong></span> <span class='ocrx_word' id='word_1_544' title='bbox 2912 3369 3079 3437; x_wconf 82' lang='lat' dir='ltr'><strong>juxta</strong></span> <span class='ocrx_word' id='word_1_545' title='bbox 3123 3364 3423 3436; x_wconf 91' lang='lat' dir='ltr'><strong>duplicem</strong></span> <span class='ocrx_word' id='word_1_546' title='bbox 3491 3362 3649 3432; x_wconf 87' lang='lat' dir='ltr'><strong>ignis</strong></span> 
     </span>
    </p>
   </div>
   <div class='ocr_carea' id='block_1_77' title="bbox 1992 3451 3652 3529">
    <p class='ocr_par' dir='ltr' id='par_1_77' title="bbox 1992 3451 3652 3529">
     <span class='ocr_line' id='line_1_77' title="bbox 1992 3451 3652 3529; baseline -0.004 -16"><span class='ocrx_word' id='word_1_547' title='bbox 1992 3457 2420 3529; x_wconf 88' lang='lat' dir='ltr'><strong>operationem.</strong></span> <span class='ocrx_word' id='word_1_548' title='bbox 2464 3455 2803 3512; x_wconf 87' lang='lat' dir='ltr'><strong>Inﬂammat</strong></span> <span class='ocrx_word' id='word_1_549' title='bbox 2828 3459 3031 3512; x_wconf 91' lang='lat' dir='ltr'><strong>autem</strong></span> <span class='ocrx_word' id='word_1_550' title='bbox 3052 3452 3353 3528; x_wconf 92' lang='lat' dir='ltr'><strong>puniendo</strong></span> <span class='ocrx_word' id='word_1_551' title='bbox 3401 3455 3457 3507; x_wconf 90' lang='lat' dir='ltr'><strong>et</strong></span> <span class='ocrx_word' id='word_1_552' title='bbox 3482 3451 3652 3507; x_wconf 91' lang='lat' dir='ltr'><strong>absu-</strong></span> 
     </span>
    </p>
   </div>
   <div class='ocr_carea' id='block_1_78' title="bbox 1992 3545 2236 3605">
    <p class='ocr_par' dir='ltr' id='par_1_78' title="bbox 1992 3545 2236 3605">
     <span class='ocr_line' id='line_1_78' title="bbox 1992 3545 2236 3605; baseline 0 -2"><span class='ocrx_word' id='word_1_553' title='bbox 1992 3545 2236 3605; x_wconf 90' lang='lat' dir='ltr'><strong>mendo.</strong></span> 
     </span>
    </p>
   </div>
   <div class='ocr_carea' id='block_1_79' title="bbox 2066 3678 3649 3750">
    <p class='ocr_par' dir='ltr' id='par_1_79' title="bbox 2066 3678 3649 3750">
     <span class='ocr_line' id='line_1_79' title="bbox 2066 3678 3649 3750; baseline -0.002 -13"><span class='ocrx_word' id='word_1_554' title='bbox 2066 3685 2228 3737; x_wconf 87' lang='lat' dir='ltr'><strong>Vers.</strong></span> <span class='ocrx_word' id='word_1_555' title='bbox 2283 3682 2370 3737; x_wconf 80' lang='lat'><strong>2&#39;7.</strong></span> <span class='ocrx_word' id='word_1_556' title='bbox 2402 3681 2479 3735; x_wconf 80' lang='lat' dir='ltr'><strong>Et</strong></span> <span class='ocrx_word' id='word_1_557' title='bbox 2533 3684 2760 3750; x_wconf 81' lang='lat' dir='ltr'><strong>sumpto</strong></span> <span class='ocrx_word' id='word_1_558' title='bbox 2818 3679 3076 3735; x_wconf 88' lang='lat' dir='ltr'><strong>—Vers.</strong></span> <span class='ocrx_word' id='word_1_559' title='bbox 3132 3680 3223 3734; x_wconf 87' lang='lat'><strong>28.</strong></span> <span class='ocrx_word' id='word_1_560' title='bbox 3280 3678 3649 3734; x_wconf 80' lang='lat' dir='ltr'><strong>Testamenti.</strong></span> 
     </span>
    </p>
   </div>
   <div class='ocr_carea' id='block_1_80' title="bbox 1992 3765 3653 3839">
    <p class='ocr_par' dir='ltr' id='par_1_80' title="bbox 1992 3765 3653 3839">
     <span class='ocr_line' id='line_1_80' title="bbox 1992 3765 3653 3839; baseline -0.002 -13"><span class='ocrx_word' id='word_1_561' title='bbox 1992 3770 2144 3828; x_wconf 87' lang='lat' dir='ltr'><strong>Novi</strong></span> <span class='ocrx_word' id='word_1_562' title='bbox 2170 3769 2548 3838; x_wconf 88' lang='lat' dir='ltr'><strong>Testamenti,</strong></span> <span class='ocrx_word' id='word_1_563' title='bbox 2573 3768 2694 3824; x_wconf 85' lang='lat' dir='ltr'><strong>sive</strong></span> <span class='ocrx_word' id='word_1_564' title='bbox 2718 3784 2891 3824; x_wconf 68' lang='lat' dir='ltr'><strong>novas</strong></span> <span class='ocrx_word' id='word_1_565' title='bbox 2910 3767 3315 3837; x_wconf 89' lang='lat' dir='ltr'><strong>legislationis.</strong></span> <span class='ocrx_word' id='word_1_566' title='bbox 3346 3765 3653 3839; x_wconf 89' lang='lat' dir='ltr'><strong>Siquidem</strong></span> 
     </span>
    </p>
   </div>
   <div class='ocr_carea' id='block_1_81' title="bbox 1996 3855 3647 3929">
    <p class='ocr_par' dir='ltr' id='par_1_81' title="bbox 1996 3855 3647 3929">
     <span class='ocr_line' id='line_1_81' title="bbox 1996 3855 3647 3929; baseline -0.002 -14"><span class='ocrx_word' id='word_1_567' title='bbox 1996 3860 2245 3929; x_wconf 89' lang='lat' dir='ltr'><strong>sanguis</strong></span> <span class='ocrx_word' id='word_1_568' title='bbox 2284 3856 2587 3928; x_wconf 89' lang='lat' dir='ltr'><strong>ﬁgurativi</strong></span> <span class='ocrx_word' id='word_1_569' title='bbox 2642 3856 2803 3926; x_wconf 87' lang='lat' dir='ltr'><strong>agni,</strong></span> <span class='ocrx_word' id='word_1_570' title='bbox 2836 3856 3046 3911; x_wconf 88' lang='lat' dir='ltr'><strong>veteris</strong></span> <span class='ocrx_word' id='word_1_571' title='bbox 3085 3859 3211 3912; x_wconf 89' lang='lat' dir='ltr'><strong>erat</strong></span> <span class='ocrx_word' id='word_1_572' title='bbox 3249 3855 3647 3911; x_wconf 91' lang='lat' dir='ltr'><strong>Testamenti:</strong></span> 
     </span>
    </p>
   </div>
   <div class='ocr_carea' id='block_1_82' title="bbox 1995 3944 3127 4019">
    <p class='ocr_par' dir='ltr' id='par_1_82' title="bbox 1995 3944 3127 4019">
     <span class='ocr_line' id='line_1_82' title="bbox 1995 3944 3127 4019; baseline -0.005 -14"><span class='ocrx_word' id='word_1_573' title='bbox 1995 3948 2243 4019; x_wconf 87' lang='lat' dir='ltr'><strong>sanguis</strong></span> <span class='ocrx_word' id='word_1_574' title='bbox 2274 3952 2475 4003; x_wconf 88' lang='lat' dir='ltr'><strong>autem</strong></span> <span class='ocrx_word' id='word_1_575' title='bbox 2501 3946 2621 4003; x_wconf 85' lang='lat' dir='ltr'><strong>veri</strong></span> <span class='ocrx_word' id='word_1_576' title='bbox 2654 3945 2823 4016; x_wconf 88' lang='lat' dir='ltr'><strong>Agni,</strong></span> <span class='ocrx_word' id='word_1_577' title='bbox 2856 3950 2942 4001; x_wconf 91' lang='lat' dir='ltr'><strong>est</strong></span> <span class='ocrx_word' id='word_1_578' title='bbox 2962 3944 3127 4001; x_wconf 87' lang='lat' dir='ltr'><strong>novi.</strong></span> 
     </span>
    </p>
   </div>
   <div class='ocr_carea' id='block_1_83' title="bbox 2062 4050 3653 4124">
    <p class='ocr_par' dir='ltr' id='par_1_83' title="bbox 2062 4050 3653 4124">
     <span class='ocr_line' id='line_1_83' title="bbox 2062 4050 3653 4124; baseline -0.002 -16"><span class='ocrx_word' id='word_1_579' title='bbox 2062 4056 2098 4122; x_wconf 70' lang='lat'><strong>1-</strong></span> <span class='ocrx_word' id='word_1_580' title='bbox 2123 4055 2225 4110; x_wconf 89' lang='lat' dir='ltr'><strong>Vel</strong></span> <span class='ocrx_word' id='word_1_581' title='bbox 2277 4055 2393 4111; x_wconf 92' lang='lat' dir='ltr'><strong>hoc</strong></span> <span class='ocrx_word' id='word_1_582' title='bbox 2417 4053 2583 4123; x_wconf 80' lang='lat' dir='ltr'><strong>dixit,</strong></span> <span class='ocrx_word' id='word_1_583' title='bbox 2635 4057 2877 4124; x_wconf 91' lang='lat' dir='ltr'><strong>propter</strong></span> <span class='ocrx_word' id='word_1_584' title='bbox 2916 4052 3266 4121; x_wconf 88' lang='lat' dir='ltr'><strong>sanguinem</strong></span> <span class='ocrx_word' id='word_1_585' title='bbox 3319 4050 3393 4106; x_wconf 93' lang='lat' dir='ltr'><strong>de</strong></span> <span class='ocrx_word' id='word_1_586' title='bbox 3423 4065 3545 4122; x_wconf 92' lang='lat' dir='ltr'><strong>quo</strong></span> <span class='ocrx_word' id='word_1_587' title='bbox 3591 4050 3653 4105; x_wconf 90' lang='lat' dir='ltr'><strong>in</strong></span> 
     </span>
    </p>
   </div>
   <div class='ocr_carea' id='block_1_84' title="bbox 1991 4137 3656 4200">
    <p class='ocr_par' dir='ltr' id='par_1_84' title="bbox 1991 4137 3656 4200">
     <span class='ocr_line' id='line_1_84' title="bbox 1991 4137 3656 4200; baseline -0.004 -1"><span class='ocrx_word' id='word_1_588' title='bbox 1991 4144 2181 4200; x_wconf 85' lang='lat' dir='ltr'><strong>Veteri</strong></span> <span class='ocrx_word' id='word_1_589' title='bbox 2208 4146 2585 4200; x_wconf 89' lang='lat' dir='ltr'><strong>Testamento</strong></span> <span class='ocrx_word' id='word_1_590' title='bbox 2616 4143 2682 4196; x_wconf 91' lang='lat' dir='ltr'><strong>ﬁt</strong></span> <span class='ocrx_word' id='word_1_591' title='bbox 2724 4156 2944 4197; x_wconf 88' lang='lat' dir='ltr'><strong>sermo.</strong></span> <span class='ocrx_word' id='word_1_592' title='bbox 2980 4145 3042 4195; x_wconf 88' lang='lat' dir='ltr'><strong>In</strong></span> <span class='ocrx_word' id='word_1_593' title='bbox 3076 4139 3279 4195; x_wconf 82' lang='lat' dir='ltr'><strong>Exodo</strong></span> <span class='ocrx_word' id='word_1_594' title='bbox 3328 4139 3485 4194; x_wconf 90' lang='lat' dir='ltr'><strong>enim</strong></span> <span class='ocrx_word' id='word_1_595' title='bbox 3514 4137 3656 4194; x_wconf 92' lang='lat' dir='ltr'><strong>dici-</strong></span> 
     </span>
    </p>
   </div>
   <div class='ocr_carea' id='block_1_85' title="bbox 1992 4227 3652 4306">
    <p class='ocr_par' dir='ltr' id='par_1_85' title="bbox 1992 4227 3652 4306">
     <span class='ocr_line' id='line_1_85' title="bbox 1992 4227 3652 4306; baseline -0.005 -16"><span class='ocrx_word' id='word_1_596' title='bbox 1992 4240 2084 4291; x_wconf 88' lang='lat' dir='ltr'><strong>tur</strong></span> <span class='ocrx_word' id='word_1_597' title='bbox 2113 4234 2275 4306; x_wconf 91' lang='lat' dir='ltr'><strong>quod</strong></span> <span class='ocrx_word' id='word_1_598' title='bbox 2300 4237 2622 4304; x_wconf 88' lang='lat' dir='ltr'><strong>postquam</strong></span> <span class='ocrx_word' id='word_1_599' title='bbox 2650 4233 2837 4286; x_wconf 88' lang='lat' dir='ltr'><strong>Moses</strong></span> <span class='ocrx_word' id='word_1_600' title='bbox 2868 4229 3086 4287; x_wconf 86' lang='lat' dir='ltr'><strong>vitulos</strong></span> <span class='ocrx_word' id='word_1_601' title='bbox 3132 4227 3521 4293; x_wconf 87' lang='lat' dir='ltr'><strong>immolasset,</strong></span> <span class='ocrx_word' id='word_1_602' title='bbox 3567 4227 3652 4282; x_wconf 85' lang='lat' dir='ltr'><strong>di-</strong></span> 
     </span>
    </p>
   </div>
   <div class='ocr_carea' id='block_1_86' title="bbox 269 4306 1883 4391">
    <p class='ocr_par' dir='ltr' id='par_1_86' title="bbox 269 4306 1880 4387">
     <span class='ocr_line' id='line_1_86' title="bbox 269 4306 1880 4387; baseline 0.007 -27"><span class='ocrx_word' id='word_1_603' title='bbox 269 4313 364 4361; x_wconf 81' lang='grc' dir='ltr'>καὶ</span> <span class='ocrx_word' id='word_1_604' title='bbox 415 4306 584 4360; x_wconf 84' lang='grc' dir='ltr'>λαϐὼν</span> <span class='ocrx_word' id='word_1_605' title='bbox 631 4312 688 4361; x_wconf 87' lang='grc' dir='ltr'>τὸ</span> <span class='ocrx_word' id='word_1_606' title='bbox 736 4308 940 4382; x_wconf 84' lang='grc' dir='ltr'>βιϐλίον</span> <span class='ocrx_word' id='word_1_607' title='bbox 985 4320 1075 4372; x_wconf 83' lang='grc' dir='ltr'>τῆς</span> <span class='ocrx_word' id='word_1_608' title='bbox 1135 4314 1416 4379; x_wconf 88' lang='grc' dir='ltr'>Διαθήκης,</span> <span class='ocrx_word' id='word_1_609' title='bbox 1463 4316 1651 4387; x_wconf 80' lang='grc' dir='ltr'>ἀνέγνω</span> <span class='ocrx_word' id='word_1_610' title='bbox 1696 4318 1766 4380; x_wconf 81' lang='grc' dir='ltr'>εἰς</span> <span class='ocrx_word' id='word_1_611' title='bbox 1812 4322 1880 4373; x_wconf 82' lang='grc' dir='ltr'>τὰ</span> 
     </span>
    </p>
   </div>
   <div class='ocr_carea' id='block_1_87' title="bbox 2001 4306 3659 4391">
    <p class='ocr_par' dir='ltr' id='par_1_87' title="bbox 2001 4319 3659 4391">
     <span class='ocr_line' id='line_1_87' title="bbox 2001 4319 3659 4391; baseline -0.005 -12"><span class='ocrx_word' id='word_1_612' title='bbox 2001 4324 2243 4380; x_wconf 89' lang='lat' dir='ltr'><strong>midium</strong></span> <span class='ocrx_word' id='word_1_613' title='bbox 2266 4320 2621 4391; x_wconf 88' lang='lat' dir='ltr'><strong>sanguinem</strong></span> <span class='ocrx_word' id='word_1_614' title='bbox 2660 4319 2865 4375; x_wconf 79' lang='lat' dir='ltr'><strong>effudit</strong></span> <span class='ocrx_word' id='word_1_615' title='bbox 2900 4319 2960 4374; x_wconf 88' lang='lat' dir='ltr'><strong>iu</strong></span> <span class='ocrx_word' id='word_1_616' title='bbox 2991 4322 3302 4383; x_wconf 86' lang='lat' dir='ltr'><strong>craterem,</strong></span> <span class='ocrx_word' id='word_1_617' title='bbox 3328 4320 3659 4388; x_wconf 89' lang='lat' dir='ltr'><strong>sumptum-</strong></span> 
     </span>
    </p>
   </div>
   <div class='ocr_carea' id='block_1_88' title="bbox 273 4396 1877 4465">
    <p class='ocr_par' dir='ltr' id='par_1_88' title="bbox 273 4396 1877 4465">
     <span class='ocr_line' id='line_1_88' title="bbox 273 4396 1877 4465; baseline 0.007 -16"><span class='ocrx_word' id='word_1_618' title='bbox 273 4406 384 4450; x_wconf 87' lang='grc' dir='ltr'>ῶτα</span> <span class='ocrx_word' id='word_1_619' title='bbox 432 4404 523 4450; x_wconf 87' lang='grc' dir='ltr'><strong>τοῦ</strong></span> <span class='ocrx_word' id='word_1_620' title='bbox 564 4396 708 4451; x_wconf 76' lang='grc' dir='ltr'>λαοῦο</span> <span class='ocrx_word' id='word_1_621' title='bbox 763 4404 853 4452; x_wconf 85' lang='grc' dir='ltr'>καὶ</span> <span class='ocrx_word' id='word_1_622' title='bbox 907 4396 1079 4452; x_wconf 84' lang='grc' dir='ltr'>εἶπαν·</span> <span class='ocrx_word' id='word_1_623' title='bbox 1134 4404 1310 4455; x_wconf 84' lang='grc' dir='ltr'>Πάντά</span> <span class='ocrx_word' id='word_1_624' title='bbox 1364 4405 1464 4457; x_wconf 88' lang='grc' dir='ltr'>ὅσα</span> <span class='ocrx_word' id='word_1_625' title='bbox 1516 4403 1733 4465; x_wconf 82' lang='grc' dir='ltr'>ἐλάλησε</span> <span class='ocrx_word' id='word_1_626' title='bbox 1779 4411 1877 4460; x_wconf 79' lang='grc' dir='ltr'><strong>Κύ-</strong></span> 
     </span>
    </p>
   </div>
   <div class='ocr_carea' id='block_1_89' title="bbox 269 4487 1877 4563">
    <p class='ocr_par' dir='ltr' id='par_1_89' title="bbox 269 4487 1877 4563">
     <span class='ocr_line' id='line_1_89' title="bbox 269 4487 1877 4563; baseline 0.006 -25"><span class='ocrx_word' id='word_1_627' title='bbox 269 4506 386 4561; x_wconf 87' lang='grc' dir='ltr'>ριος</span> <span class='ocrx_word' id='word_1_628' title='bbox 431 4491 718 4561; x_wconf 82' lang='grc' dir='ltr'>ποιήσομεν</span> <span class='ocrx_word' id='word_1_629' title='bbox 763 4495 853 4541; x_wconf 83' lang='grc' dir='ltr'>καὶ</span> <span class='ocrx_word' id='word_1_630' title='bbox 907 4487 1256 4563; x_wconf 86' lang='grc' dir='ltr'>ἀκουσόμεθα.</span> <span class='ocrx_word' id='word_1_631' title='bbox 1306 4492 1493 4545; x_wconf 88' lang='grc' dir='ltr'>Λαϐὼν</span> <span class='ocrx_word' id='word_1_632' title='bbox 1542 4491 1602 4546; x_wconf 74' lang='grc' dir='ltr'>δε</span> <span class='ocrx_word' id='word_1_633' title='bbox 1648 4503 1877 4556; x_wconf 81' lang='grc' dir='ltr'>Μωῦσῆς</span> 
     </span>
    </p>
   </div>
   <div class='ocr_carea' id='block_1_90' title="bbox 268 4575 1876 4649">
    <p class='ocr_par' dir='ltr' id='par_1_90' title="bbox 268 4575 1876 4649">
     <span class='ocr_line' id='line_1_90' title="bbox 268 4575 1876 4649; baseline 0.005 -20"><span class='ocrx_word' id='word_1_634' title='bbox 268 4580 329 4629; x_wconf 86' lang='grc' dir='ltr'><strong>τό</strong></span> <span class='ocrx_word' id='word_1_635' title='bbox 384 4578 538 4649; x_wconf 83' lang='grc' dir='ltr'>αἷμα,</span> <span class='ocrx_word' id='word_1_636' title='bbox 592 4575 948 4631; x_wconf 78' lang='grc' dir='ltr'>κατεσκέδασε</span> <span class='ocrx_word' id='word_1_637' title='bbox 1012 4586 1105 4631; x_wconf 89' lang='grc' dir='ltr'><strong>τοῦ</strong></span> <span class='ocrx_word' id='word_1_638' title='bbox 1151 4579 1297 4649; x_wconf 90' lang='grc' dir='ltr'>λαοῦ,</span> <span class='ocrx_word' id='word_1_639' title='bbox 1357 4587 1445 4633; x_wconf 81' lang='grc' dir='ltr'>καὶ</span> <span class='ocrx_word' id='word_1_640' title='bbox 1518 4580 1671 4636; x_wconf 65' lang='grc' dir='ltr'>εἶπεν</span> <span class='ocrx_word' id='word_1_641' title='bbox 1736 4581 1876 4637; x_wconf 78' lang='grc' dir='ltr'><strong>Γδοὺ</strong></span> 
     </span>
    </p>
   </div>
   <div class='ocr_carea' id='block_1_91' title="bbox 262 4664 1878 4746">
    <p class='ocr_par' dir='ltr' id='par_1_91' title="bbox 262 4664 1878 4746">
     <span class='ocr_line' id='line_1_91' title="bbox 262 4664 1878 4746; baseline 0.006 -29"><span class='ocrx_word' id='word_1_642' title='bbox 262 4670 329 4718; x_wconf 85' lang='grc' dir='ltr'>τὸ</span> <span class='ocrx_word' id='word_1_643' title='bbox 377 4664 509 4738; x_wconf 82' lang='grc' dir='ltr'>αἷμα</span> <span class='ocrx_word' id='word_1_644' title='bbox 554 4674 648 4729; x_wconf 86' lang='grc' dir='ltr'>τῆς</span> <span class='ocrx_word' id='word_1_645' title='bbox 681 4666 962 4739; x_wconf 76' lang='grc' dir='ltr'>διαθήκης,</span> <span class='ocrx_word' id='word_1_646' title='bbox 998 4668 1056 4729; x_wconf 75' lang='grc' dir='ltr'>ἧς</span> <span class='ocrx_word' id='word_1_647' title='bbox 1096 4666 1294 4722; x_wconf 76' lang='grc' dir='ltr'>διέθετο</span> <span class='ocrx_word' id='word_1_648' title='bbox 1342 4673 1529 4744; x_wconf 83' lang='grc' dir='ltr'>Κύριος</span> <span class='ocrx_word' id='word_1_649' title='bbox 1577 4676 1708 4745; x_wconf 87' lang='grc' dir='ltr'>πρὸς</span> <span class='ocrx_word' id='word_1_650' title='bbox 1747 4675 1878 4746; x_wconf 81' lang='grc' dir='ltr'>ὑμᾶς</span> 
     </span>
    </p>
   </div>
   <div class='ocr_carea' id='block_1_92' title="bbox 259 4757 1876 4829">
    <p class='ocr_par' dir='ltr' id='par_1_92' title="bbox 259 4757 1876 4829">
     <span class='ocr_line' id='line_1_92' title="bbox 259 4757 1876 4829; baseline 0.005 -21"><span class='ocrx_word' id='word_1_651' title='bbox 259 4758 389 4829; x_wconf 82' lang='grc' dir='ltr'>περὶ</span> <span class='ocrx_word' id='word_1_652' title='bbox 443 4757 647 4808; x_wconf 86' lang='grc' dir='ltr'>πάντων</span> <span class='ocrx_word' id='word_1_653' title='bbox 720 4764 818 4809; x_wconf 87' lang='grc' dir='ltr'>τῶν</span> <span class='ocrx_word' id='word_1_654' title='bbox 894 4757 1053 4829; x_wconf 86' lang='grc' dir='ltr'>λόγων</span> <span class='ocrx_word' id='word_1_655' title='bbox 1101 4760 1318 4816; x_wconf 85' lang='grc' dir='ltr'>τούτων.</span> <span class='ocrx_word' id='word_1_656' title='bbox 1390 4759 1486 4813; x_wconf 88' lang='grc' dir='ltr'>Ἦν</span> <span class='ocrx_word' id='word_1_657' title='bbox 1556 4758 1642 4814; x_wconf 80' lang='grc' dir='ltr'>οὖν</span> <span class='ocrx_word' id='word_1_658' title='bbox 1718 4762 1876 4817; x_wconf 73' lang='grc' dir='ltr'>ἐκεῖνο</span> 
     </span>
    </p>
   </div>
   <div class='ocr_carea' id='block_1_93' title="bbox 340 4862 1431 4938">
    <p class='ocr_par' dir='ltr' id='par_1_93' title="bbox 340 4862 1431 4938">
     <span class='ocr_line' id='line_1_93' title="bbox 340 4862 1431 4938; baseline 0.009 -23"><span class='ocrx_word' id='word_1_659' title='bbox 340 4863 387 4898; x_wconf 83' lang='grc'>²¹</span> <span class='ocrx_word' id='word_1_660' title='bbox 416 4862 531 4919; x_wconf 92' lang='lat' dir='ltr'><strong>Isa.</strong></span> <span class='ocrx_word' id='word_1_661' title='bbox 565 4879 646 4929; x_wconf 79' lang='lat' dir='ltr'><strong>v1,</strong></span> <span class='ocrx_word' id='word_1_662' title='bbox 672 4862 725 4919; x_wconf 88' lang='lat'><strong>6.</strong></span> <span class='ocrx_word' id='word_1_663' title='bbox 805 4867 851 4901; x_wconf 83' lang='grc'>²²</span> <span class='ocrx_word' id='word_1_664' title='bbox 891 4866 1078 4922; x_wconf 83' lang='lat' dir='ltr'><strong>Exod.</strong></span> <span class='ocrx_word' id='word_1_665' title='bbox 1110 4882 1267 4933; x_wconf 84' lang='lat' dir='ltr'><strong>xxrv,</strong></span> <span class='ocrx_word' id='word_1_666' title='bbox 1298 4871 1431 4938; x_wconf 86' lang='lat'><strong>6,_7.</strong></span> 
     </span>
    </p>
   </div>
   <div class='ocr_carea' id='block_1_94' title="bbox 1989 4405 3655 4485">
    <p class='ocr_par' dir='ltr' id='par_1_94' title="bbox 1989 4405 3655 4485">
     <span class='ocr_line' id='line_1_94' title="bbox 1989 4405 3655 4485; baseline -0.005 -17"><span class='ocrx_word' id='word_1_667' title='bbox 1989 4427 2107 4485; x_wconf 90' lang='lat' dir='ltr'><strong>que</strong></span> <span class='ocrx_word' id='word_1_668' title='bbox 2151 4409 2505 4467; x_wconf 89' lang='lat' dir='ltr'><strong>Testamenti</strong></span> <span class='ocrx_word' id='word_1_669' title='bbox 2565 4408 2786 4464; x_wconf 89' lang='lat' dir='ltr'><strong>librum</strong></span> <span class='ocrx_word' id='word_1_670' title='bbox 2839 4407 2979 4479; x_wconf 88' lang='lat' dir='ltr'><strong>legit</strong></span> <span class='ocrx_word' id='word_1_671' title='bbox 3003 4408 3278 4463; x_wconf 90' lang='lat' dir='ltr'><strong>audiente</strong></span> <span class='ocrx_word' id='word_1_672' title='bbox 3308 4405 3555 4478; x_wconf 90' lang='lat' dir='ltr'><strong>populo,</strong></span> <span class='ocrx_word' id='word_1_673' title='bbox 3600 4408 3655 4461; x_wconf 89' lang='lat' dir='ltr'><strong>et</strong></span> 
     </span>
    </p>
   </div>
   <div class='ocr_carea' id='block_1_95' title="bbox 1988 4494 3653 4569">
    <p class='ocr_par' dir='ltr' id='par_1_95' title="bbox 1988 4494 3653 4569">
     <span class='ocr_line' id='line_1_95' title="bbox 1988 4494 3653 4569; baseline -0.004 -14"><span class='ocrx_word' id='word_1_674' title='bbox 1988 4502 2265 4556; x_wconf 87' lang='lat' dir='ltr'><strong>dixerunt</strong></span> <span class='ocrx_word' id='word_1_675' title='bbox 2294 4515 2307 4554; x_wconf 91' lang='lat'><strong>:</strong></span> <span class='ocrx_word' id='word_1_676' title='bbox 2343 4498 2553 4554; x_wconf 89' lang='lat' dir='ltr'><strong>Omnia</strong></span> <span class='ocrx_word' id='word_1_677' title='bbox 2575 4511 2942 4569; x_wconf 75' lang='lat' dir='ltr'><strong>quaecunque</strong></span> <span class='ocrx_word' id='word_1_678' title='bbox 2987 4498 3215 4552; x_wconf 80' lang='lat' dir='ltr'><strong>locutus</strong></span> <span class='ocrx_word' id='word_1_679' title='bbox 3246 4501 3330 4551; x_wconf 83' lang='lat' dir='ltr'><strong>est</strong></span> <span class='ocrx_word' id='word_1_680' title='bbox 3368 4494 3653 4550; x_wconf 79' lang='lat' dir='ltr'><strong>Dominus</strong></span> 
     </span>
    </p>
   </div>
   <div class='ocr_carea' id='block_1_96' title="bbox 1983 4586 3649 4660">
    <p class='ocr_par' dir='ltr' id='par_1_96' title="bbox 1983 4586 3649 4660">
     <span class='ocr_line' id='line_1_96' title="bbox 1983 4586 3649 4660; baseline -0.006 -14"><span class='ocrx_word' id='word_1_681' title='bbox 1983 4589 2295 4660; x_wconf 75' lang='lat' dir='ltr'><strong>facimus,</strong></span> <span class='ocrx_word' id='word_1_682' title='bbox 2330 4594 2384 4644; x_wconf 85' lang='lat' dir='ltr'><strong>et</strong></span> <span class='ocrx_word' id='word_1_683' title='bbox 2427 4586 2752 4642; x_wconf 77' lang='lat' dir='ltr'><strong>obedientes</strong></span> <span class='ocrx_word' id='word_1_684' title='bbox 2783 4586 2998 4642; x_wconf 78' lang='lat' dir='ltr'><strong>erimus</strong></span> <span class='ocrx_word' id='word_1_685' title='bbox 3019 4588 3096 4641; x_wconf 87' lang='grc'><strong>²².</strong></span> <span class='ocrx_word' id='word_1_686' title='bbox 3156 4586 3407 4654; x_wconf 87' lang='lat' dir='ltr'><strong>Sumpto</strong></span> <span class='ocrx_word' id='word_1_687' title='bbox 3459 4588 3649 4638; x_wconf 90' lang='lat' dir='ltr'><strong>autem</strong></span> 
     </span>
    </p>
   </div>
   <div class='ocr_carea' id='block_1_97' title="bbox 1986 4672 3650 4747">
    <p class='ocr_par' dir='ltr' id='par_1_97' title="bbox 1986 4672 3650 4747">
     <span class='ocr_line' id='line_1_97' title="bbox 1986 4672 3650 4747; baseline -0.005 -12"><span class='ocrx_word' id='word_1_688' title='bbox 1986 4682 2175 4736; x_wconf 87' lang='lat' dir='ltr'><strong>Moses</strong></span> <span class='ocrx_word' id='word_1_689' title='bbox 2202 4676 2494 4747; x_wconf 90' lang='lat' dir='ltr'><strong>sanguine</strong></span> <span class='ocrx_word' id='word_1_690' title='bbox 2517 4674 2770 4746; x_wconf 88' lang='lat' dir='ltr'><strong>aspersit</strong></span> <span class='ocrx_word' id='word_1_691' title='bbox 2790 4673 3105 4744; x_wconf 90' lang='lat' dir='ltr'><strong>populum,</strong></span> <span class='ocrx_word' id='word_1_692' title='bbox 3135 4676 3190 4728; x_wconf 88' lang='lat' dir='ltr'><strong>et</strong></span> <span class='ocrx_word' id='word_1_693' title='bbox 3211 4672 3290 4726; x_wconf 87' lang='lat' dir='ltr'><strong>ait</strong></span> <span class='ocrx_word' id='word_1_694' title='bbox 3318 4687 3331 4726; x_wconf 89' lang='lat'><strong>:</strong></span> <span class='ocrx_word' id='word_1_695' title='bbox 3355 4672 3650 4727; x_wconf 83' lang='lat' dir='ltr'><strong>Eccesan-</strong></span> 
     </span>
    </p>
   </div>
   <div class='ocr_carea' id='block_1_98' title="bbox 1985 4760 3650 4840">
    <p class='ocr_par' dir='ltr' id='par_1_98' title="bbox 1985 4760 3650 4840">
     <span class='ocr_line' id='line_1_98' title="bbox 1985 4760 3650 4840; baseline -0.007 -14"><span class='ocrx_word' id='word_1_696' title='bbox 1985 4770 2223 4840; x_wconf 82' lang='lat' dir='ltr'><strong>guinem</strong></span> <span class='ocrx_word' id='word_1_697' title='bbox 2255 4764 2584 4823; x_wconf 81' lang='lat' dir='ltr'><strong>testamenti</strong></span> <span class='ocrx_word' id='word_1_698' title='bbox 2612 4763 2768 4834; x_wconf 83' lang='lat' dir='ltr'><strong>quod</strong></span> <span class='ocrx_word' id='word_1_699' title='bbox 2793 4762 3022 4832; x_wconf 81' lang='lat' dir='ltr'><strong>pepigit</strong></span> <span class='ocrx_word' id='word_1_700' title='bbox 3045 4762 3336 4817; x_wconf 80' lang='lat' dir='ltr'><strong>vobiscum</strong></span> <span class='ocrx_word' id='word_1_701' title='bbox 3358 4760 3650 4816; x_wconf 86' lang='lat' dir='ltr'><strong>Dominus</strong></span> 
     </span>
    </p>
   </div>
   <div class='ocr_carea' id='block_1_99' title="bbox 1505 4976 2407 5050">
    <p class='ocr_par' dir='ltr' id='par_1_99' title="bbox 1505 4976 2407 5050">
     <span class='ocr_line' id='line_1_99' title="bbox 1505 4976 2407 5050; baseline 0 -4"><span class='ocrx_word' id='word_1_702' title='bbox 1505 4976 1728 5046; x_wconf 64' lang='lat' dir='ltr'><strong>Varia;</strong></span> <span class='ocrx_word' id='word_1_703' title='bbox 1748 4978 2077 5050; x_wconf 88' lang='lat' dir='ltr'><strong>lectiones</strong></span> <span class='ocrx_word' id='word_1_704' title='bbox 2111 4990 2175 5047; x_wconf 91' lang='lat' dir='ltr'><strong>et</strong></span> <span class='ocrx_word' id='word_1_705' title='bbox 2200 4990 2407 5048; x_wconf 80' lang='lat' dir='ltr'><strong>notae.</strong></span> 
     </span>
    </p>
   </div>
   <div class='ocr_carea' id='block_1_100' title="bbox 333 5097 1090 5310">
    <p class='ocr_par' dir='ltr' id='par_1_100' title="bbox 333 5097 1090 5310">
     <span class='ocr_line' id='line_1_100' title="bbox 333 5097 1090 5310; baseline 0.004 -159"><span class='ocrx_word' id='word_1_706' title='bbox 333 5097 456 5310; x_wconf 50' lang='grc' dir='ltr'><strong>με)</strong></span> <span class='ocrx_word' id='word_1_707' title='bbox 496 5098 819 5171; x_wconf 82' lang='grc' dir='ltr'>Προσέθηκε,</span> <span class='ocrx_word' id='word_1_708' title='bbox 848 5097 990 5154; x_wconf 92' lang='lat' dir='ltr'><strong>Cod.</strong></span> <span class='ocrx_word' id='word_1_709' title='bbox 1018 5108 1090 5153; x_wconf 81' lang='grc' dir='ltr'>Α.</span> 
     </span>
     <span class='ocr_line' id='line_1_101' title="bbox 362 5168 997 5236; baseline 0.005 -13"><span class='ocrx_word' id='word_1_710' title='bbox 362 5169 453 5234; x_wconf 82' lang='grc'><strong>15)</strong></span> <span class='ocrx_word' id='word_1_711' title='bbox 486 5170 719 5236; x_wconf 85' lang='grc' dir='ltr'>Πάντων,</span> <span class='ocrx_word' id='word_1_712' title='bbox 750 5168 893 5225; x_wconf 90' lang='lat' dir='ltr'><strong>Cod.</strong></span> <span class='ocrx_word' id='word_1_713' title='bbox 925 5172 997 5226; x_wconf 83' lang='lat' dir='ltr'><strong>A.</strong></span> 
     </span>
     <span class='ocr_line' id='line_1_102' title="bbox 360 5238 1086 5310; baseline 0.004 -16"><span class='ocrx_word' id='word_1_714' title='bbox 360 5240 452 5310; x_wconf 85' lang='grc'><strong>16)</strong></span> <span class='ocrx_word' id='word_1_715' title='bbox 492 5238 733 5296; x_wconf 89' lang='lat' dir='ltr'><strong>Inclusa</strong></span> <span class='ocrx_word' id='word_1_716' title='bbox 762 5240 822 5296; x_wconf 93' lang='lat' dir='ltr'><strong>in</strong></span> <span class='ocrx_word' id='word_1_717' title='bbox 852 5240 1086 5310; x_wconf 87' lang='lat' dir='ltr'><strong>margin</strong></span> 
     </span>
    </p>
   </div>
   <div class='ocr_carea' id='block_1_101' title="bbox 362 5168 997 5236">
    <p class='ocr_par' dir='ltr' id='par_1_101' title="bbox 362 5168 997 5236">
     <span class='ocr_line' id='line_1_103' title="bbox 362 5168 997 5236; baseline 0.005 -13"><span class='ocrx_word' id='word_1_718' title='bbox 362 5168 453 5234; x_wconf 83' lang='grc'><strong>15)</strong></span> <span class='ocrx_word' id='word_1_719' title='bbox 486 5168 719 5236; x_wconf 81' lang='grc' dir='ltr'>Πάντων,</span> <span class='ocrx_word' id='word_1_720' title='bbox 750 5168 893 5225; x_wconf 90' lang='lat' dir='ltr'><strong>Cod.</strong></span> <span class='ocrx_word' id='word_1_721' title='bbox 925 5172 997 5226; x_wconf 85' lang='lat' dir='ltr'><strong>A.</strong></span> 
     </span>
    </p>
   </div>
   <div class='ocr_carea' id='block_1_102' title="bbox 360 5238 1562 5312">
    <p class='ocr_par' dir='ltr' id='par_1_102' title="bbox 360 5238 1562 5312">
     <span class='ocr_line' id='line_1_104' title="bbox 360 5238 1562 5312; baseline 0.004 -19"><span class='ocrx_word' id='word_1_722' title='bbox 360 5240 452 5311; x_wconf 85' lang='grc'><strong>16)</strong></span> <span class='ocrx_word' id='word_1_723' title='bbox 492 5238 733 5296; x_wconf 89' lang='lat' dir='ltr'><strong>Inclusa</strong></span> <span class='ocrx_word' id='word_1_724' title='bbox 762 5240 822 5312; x_wconf 85' lang='lat' dir='ltr'><strong>in</strong></span> <span class='ocrx_word' id='word_1_725' title='bbox 852 5240 1122 5312; x_wconf 88' lang='lat' dir='ltr'><strong>margine</strong></span> <span class='ocrx_word' id='word_1_726' title='bbox 1146 5239 1372 5298; x_wconf 89' lang='lat' dir='ltr'><strong>habent</strong></span> <span class='ocrx_word' id='word_1_727' title='bbox 1395 5242 1462 5311; x_wconf 83' lang='lat' dir='ltr'><strong>A,</strong></span> <span class='ocrx_word' id='word_1_728' title='bbox 1498 5242 1562 5298; x_wconf 89' lang='grc' dir='ltr'>Β.</span> 
     </span>
    </p>
   </div>
   <div class='ocr_carea' id='block_1_103' title="bbox 335 5310 1034 5382">
    <p class='ocr_par' dir='ltr' id='par_1_103' title="bbox 335 5310 1034 5382">
     <span class='ocr_line' id='line_1_105' title="bbox 335 5310 1034 5382; baseline 0.003 -17"><span class='ocrx_word' id='word_1_729' title='bbox 335 5310 451 5381; x_wconf 88' lang='grc'>(17)</span> <span class='ocrx_word' id='word_1_730' title='bbox 492 5312 768 5382; x_wconf 86' lang='grc' dir='ltr'>Γενόμεθα,</span> <span class='ocrx_word' id='word_1_731' title='bbox 793 5310 917 5368; x_wconf 91' lang='lat' dir='ltr'><strong>Cod</strong></span> <span class='ocrx_word' id='word_1_732' title='bbox 943 5310 1034 5367; x_wconf 55' lang='grc' dir='ltr'>Α..</span> 
     </span>
    </p>
   </div>
   <div class='ocr_carea' id='block_1_104' title="bbox 366 5381 1601 5454">
    <p class='ocr_par' dir='ltr' id='par_1_104' title="bbox 366 5381 1601 5454">
     <span class='ocr_line' id='line_1_106' title="bbox 366 5381 1601 5454; baseline 0.002 -18"><span class='ocrx_word' id='word_1_733' title='bbox 366 5381 454 5452; x_wconf 85' lang='grc'><strong>18)</strong></span> <span class='ocrx_word' id='word_1_734' title='bbox 494 5381 678 5454; x_wconf 78' lang='grc' dir='ltr'>Τοῦτο,</span> <span class='ocrx_word' id='word_1_735' title='bbox 714 5387 844 5454; x_wconf 89' lang='lat' dir='ltr'><strong>post</strong></span> <span class='ocrx_word' id='word_1_736' title='bbox 875 5387 1136 5437; x_wconf 85' lang='grc' dir='ltr'>Δεσπότον</span> <span class='ocrx_word' id='word_1_737' title='bbox 1165 5383 1333 5440; x_wconf 86' lang='lat' dir='ltr'><strong>abest</strong></span> <span class='ocrx_word' id='word_1_738' title='bbox 1364 5384 1501 5442; x_wconf 91' lang='lat' dir='ltr'><strong>Cod.</strong></span> <span class='ocrx_word' id='word_1_739' title='bbox 1533 5388 1601 5442; x_wconf 81' lang='grc' dir='ltr'>Δ.</span> 
     </span>
    </p>
   </div>
   <div class='ocr_carea' id='block_1_105' title="bbox 364 5453 1243 5517">
    <p class='ocr_par' dir='ltr' id='par_1_105' title="bbox 364 5453 1243 5517">
     <span class='ocr_line' id='line_1_107' title="bbox 364 5453 1243 5517; baseline 0.003 -10"><span class='ocrx_word' id='word_1_740' title='bbox 364 5454 452 5517; x_wconf 88' lang='grc'>19)</span> <span class='ocrx_word' id='word_1_741' title='bbox 490 5453 729 5509; x_wconf 83' lang='lat' dir='ltr'><strong>Inclusa</strong></span> <span class='ocrx_word' id='word_1_742' title='bbox 756 5454 971 5511; x_wconf 89' lang='lat' dir='ltr'><strong>omittit</strong></span> <span class='ocrx_word' id='word_1_743' title='bbox 1003 5455 1147 5512; x_wconf 93' lang='lat' dir='ltr'><strong>Cod.</strong></span> <span class='ocrx_word' id='word_1_744' title='bbox 1177 5458 1243 5510; x_wconf 82' lang='lat' dir='ltr'><strong>A.</strong></span> 
     </span>
    </p>
   </div>
   <div class='ocr_carea' id='block_1_106' title="bbox 360 5523 1865 5604">
    <p class='ocr_par' dir='ltr' id='par_1_106' title="bbox 360 5523 1865 5604">
     <span class='ocr_line' id='line_1_108' title="bbox 360 5523 1865 5604; baseline 0.003 -25"><span class='ocrx_word' id='word_1_745' title='bbox 360 5523 454 5596; x_wconf 73' lang='grc'><strong>20)</strong></span> <span class='ocrx_word' id='word_1_746' title='bbox 490 5524 667 5580; x_wconf 83' lang='lat' dir='ltr'><strong>Aliud</strong></span> <span class='ocrx_word' id='word_1_747' title='bbox 688 5526 979 5604; x_wconf 70' lang='lat' dir='ltr'><strong>scholium</strong></span> <span class='ocrx_word' id='word_1_748' title='bbox 1005 5526 1274 5604; x_wconf 69' lang='lat' dir='ltr'><strong>i_ncipit_a</strong></span> <span class='ocrx_word' id='word_1_749' title='bbox 1294 5527 1584 5604; x_wconf 89' lang='lat' dir='ltr'><strong>vocabulo</strong></span> <span class='ocrx_word' id='word_1_750' title='bbox 1610 5530 1865 5604; x_wconf 43' lang='lat' dir='ltr'><strong>impacta,</strong></span> 
     </span>
    </p>
   </div>
   <div class='ocr_carea' id='block_1_107' title="bbox 250 5596 1868 5673">
    <p class='ocr_par' dir='ltr' id='par_1_107' title="bbox 250 5596 1868 5673">
     <span class='ocr_line' id='line_1_109' title="bbox 250 5596 1868 5673; baseline 0.004 -21"><span class='ocrx_word' id='word_1_751' title='bbox 250 5596 565 5653; x_wconf 82' lang='lat' dir='ltr'><strong>diversum</strong></span> <span class='ocrx_word' id='word_1_752' title='bbox 580 5611 615 5652; x_wconf 92' lang='lat' dir='ltr'><strong>a</strong></span> <span class='ocrx_word' id='word_1_753' title='bbox 637 5596 823 5668; x_wconf 89' lang='lat' dir='ltr'><strong>priori</strong></span> <span class='ocrx_word' id='word_1_754' title='bbox 840 5598 895 5653; x_wconf 91' lang='lat' dir='ltr'><strong>in</strong></span> <span class='ocrx_word' id='word_1_755' title='bbox 913 5596 1055 5654; x_wconf 91' lang='lat' dir='ltr'><strong>Cod.</strong></span> <span class='ocrx_word' id='word_1_756' title='bbox 1077 5596 1143 5653; x_wconf 72' lang='lat' dir='ltr'><strong>AI</strong></span> <span class='ocrx_word' id='word_1_757' title='bbox 1167 5598 1229 5653; x_wconf 93' lang='lat' dir='ltr'><strong>Id</strong></span> <span class='ocrx_word' id='word_1_758' title='bbox 1248 5603 1447 5667; x_wconf 89' lang='lat' dir='ltr'><strong>autem</strong></span> <span class='ocrx_word' id='word_1_759' title='bbox 1465 5596 1868 5673; x_wconf 81' lang='lat' dir='ltr'><strong>superioribus</strong></span> 
     </span>
    </p>
   </div>
   <div class='ocr_carea' id='block_1_108' title="bbox 1981 5106 2279 5178">
    <p class='ocr_par' dir='ltr' id='par_1_108' title="bbox 1981 5106 2279 5178">
     <span class='ocr_line' id='line_1_110' title="bbox 1981 5106 2279 5178; baseline -0.01 -16"><span class='ocrx_word' id='word_1_760' title='bbox 1981 5106 2185 5178; x_wconf 87' lang='lat' dir='ltr'><strong>jungit</strong></span> <span class='ocrx_word' id='word_1_761' title='bbox 2201 5107 2279 5178; x_wconf 88' lang='lat' dir='ltr'><strong>_B.</strong></span> 
     </span>
    </p>
   </div>
   <div class='ocr_carea' id='block_1_109' title="bbox 2056 5170 3657 5249">
    <p class='ocr_par' dir='ltr' id='par_1_109' title="bbox 2056 5170 3657 5249">
     <span class='ocr_line' id='line_1_111' title="bbox 2056 5170 3657 5249; baseline -0.002 -18"><span class='ocrx_word' id='word_1_762' title='bbox 2056 5170 2170 5249; x_wconf 51' lang='grc'>(2⁷1)</span> <span class='ocrx_word' id='word_1_763' title='bbox 2200 5174 2437 5249; x_wconf 85' lang='lat' dir='ltr'><strong>Inclusa</strong></span> <span class='ocrx_word' id='word_1_764' title='bbox 2467 5171 2680 5249; x_wconf 80' lang='lat' dir='ltr'><strong>omittit</strong></span> <span class='ocrx_word' id='word_1_765' title='bbox 2706 5170 2847 5249; x_wconf 82' lang='lat' dir='ltr'><strong>Cod.</strong></span> <span class='ocrx_word' id='word_1_766' title='bbox 2872 5172 3308 5249; x_wconf 70' lang='lat' dir='ltr'><strong>_A._Hentenius</strong></span> <span class='ocrx_word' id='word_1_767' title='bbox 3340 5172 3421 5229; x_wconf 88' lang='lat' dir='ltr'><strong>ita</strong></span> <span class='ocrx_word' id='word_1_768' title='bbox 3460 5171 3657 5228; x_wconf 92' lang='lat' dir='ltr'><strong>reddi-</strong></span> 
     </span>
    </p>
   </div>
   <div class='ocr_carea' id='block_1_110' title="bbox 1986 5239 3655 5326">
    <p class='ocr_par' dir='ltr' id='par_1_110' title="bbox 1986 5239 3655 5326">
     <span class='ocr_line' id='line_1_112' title="bbox 1986 5239 3655 5326; baseline -0.005 -23"><span class='ocrx_word' id='word_1_769' title='bbox 1986 5239 2089 5326; x_wconf 46' lang='lat' dir='ltr'><strong>dit;</strong></span> <span class='ocrx_word' id='word_1_770' title='bbox 2124 5239 2193 5303; x_wconf 69' lang='grc' dir='ltr'><strong>είο</strong></span> <span class='ocrx_word' id='word_1_771' title='bbox 2215 5246 2267 5326; x_wconf 56' lang='grc' dir='ltr'>εξ</span> <span class='ocrx_word' id='word_1_772' title='bbox 2284 5248 2421 5326; x_wconf 71' lang='lat' dir='ltr'><strong>p981:</strong></span> <span class='ocrx_word' id='word_1_773' title='bbox 2451 5248 2540 5326; x_wconf 77' lang='grc' dir='ltr'>μέν</span> <span class='ocrx_word' id='word_1_774' title='bbox 2566 5243 2795 5326; x_wconf 78' lang='lat' dir='ltr'><strong>legerit,</strong></span> <span class='ocrx_word' id='word_1_775' title='bbox 2820 5239 2924 5326; x_wconf 55' lang='grc' dir='ltr'>(Ξῦν</span> <span class='ocrx_word' id='word_1_776' title='bbox 2956 5246 2981 5295; x_wconf 89' lang='grc' dir='ltr'><strong>ὀ</strong></span> <span class='ocrx_word' id='word_1_777' title='bbox 3009 5243 3206 5326; x_wconf 79' lang='grc' dir='ltr'>οῖνθραξ</span> <span class='ocrx_word' id='word_1_778' title='bbox 3234 5251 3326 5296; x_wconf 87' lang='grc' dir='ltr'><strong>τοῦ</strong></span> <span class='ocrx_word' id='word_1_779' title='bbox 3356 5249 3655 5326; x_wconf 59' lang='grc' dir='ltr'>μυστηρίου</span> 
     </span>
    </p>
   </div>
   <div class='ocr_carea' id='block_1_111' title="bbox 1982 5314 3652 5374">
    <p class='ocr_par' dir='ltr' id='par_1_111' title="bbox 1982 5314 3652 5374">
     <span class='ocr_line' id='line_1_113' title="bbox 1982 5314 3652 5374; baseline -0.001 -3"><span class='ocrx_word' id='word_1_780' title='bbox 1982 5322 2194 5373; x_wconf 85' lang='grc' dir='ltr'>τούτου.</span> <span class='ocrx_word' id='word_1_781' title='bbox 2231 5314 2393 5374; x_wconf 80' lang='lat' dir='ltr'><strong>Certe</strong></span> <span class='ocrx_word' id='word_1_782' title='bbox 2419 5314 2548 5372; x_wconf 90' lang='lat' dir='ltr'><strong>sine</strong></span> <span class='ocrx_word' id='word_1_783' title='bbox 2578 5316 2703 5371; x_wconf 89' lang='lat' dir='ltr'><strong>istis</strong></span> <span class='ocrx_word' id='word_1_784' title='bbox 2746 5314 2907 5371; x_wconf 84' lang='lat' dir='ltr'><strong>nulla</strong></span> <span class='ocrx_word' id='word_1_785' title='bbox 2943 5322 3031 5372; x_wconf 89' lang='lat' dir='ltr'><strong>est</strong></span> <span class='ocrx_word' id='word_1_786' title='bbox 3084 5314 3557 5371; x_wconf 32' lang='lat' dir='ltr'><strong>accomm‘odatio</strong></span> <span class='ocrx_word' id='word_1_787' title='bbox 3582 5315 3652 5371; x_wconf 89' lang='lat' dir='ltr'><strong>ad</strong></span> 
     </span>
    </p>
   </div>
   <div class='ocr_carea' id='block_1_112' title="bbox 1984 5389 2401 5446">
    <p class='ocr_par' dir='ltr' id='par_1_112' title="bbox 1984 5389 2401 5446">
     <span class='ocr_line' id='line_1_114' title="bbox 1984 5389 2401 5446; baseline -0.012 0"><span class='ocrx_word' id='word_1_788' title='bbox 1984 5389 2149 5446; x_wconf 91' lang='lat' dir='ltr'><strong>hunc</strong></span> <span class='ocrx_word' id='word_1_789' title='bbox 2178 5390 2401 5445; x_wconf 91' lang='lat' dir='ltr'><strong>locum.</strong></span> 
     </span>
    </p>
   </div>
   <div class='ocr_carea' id='block_1_113' title="bbox 2057 5456 3468 5529">
    <p class='ocr_par' dir='ltr' id='par_1_113' title="bbox 2057 5456 3468 5529">
     <span class='ocr_line' id='line_1_115' title="bbox 2057 5456 3468 5529; baseline -0.002 -13"><span class='ocrx_word' id='word_1_790' title='bbox 2057 5461 2175 5529; x_wconf 82' lang='grc'>(22)</span> <span class='ocrx_word' id='word_1_791' title='bbox 2204 5459 2441 5515; x_wconf 90' lang='lat' dir='ltr'><strong>Inclusa</strong></span> <span class='ocrx_word' id='word_1_792' title='bbox 2461 5458 2519 5514; x_wconf 91' lang='lat' dir='ltr'><strong>in</strong></span> <span class='ocrx_word' id='word_1_793' title='bbox 2538 5457 2698 5513; x_wconf 90' lang='lat' dir='ltr'><strong>calce</strong></span> <span class='ocrx_word' id='word_1_794' title='bbox 2728 5457 2960 5529; x_wconf 71' lang='lat' dir='ltr'><strong>paginze</strong></span> <span class='ocrx_word' id='word_1_795' title='bbox 2987 5457 3170 5513; x_wconf 89' lang='lat' dir='ltr'><strong>habet</strong></span> <span class='ocrx_word' id='word_1_796' title='bbox 3208 5456 3355 5513; x_wconf 92' lang='lat' dir='ltr'><strong>Cod.</strong></span> <span class='ocrx_word' id='word_1_797' title='bbox 3398 5462 3468 5513; x_wconf 80' lang='grc' dir='ltr'>Α.</span> 
     </span>
    </p>
   </div>
   <div class='ocr_carea' id='block_1_114' title="bbox 2058 5461 2914 5605">
    <p class='ocr_par' dir='ltr' id='par_1_114' title="bbox 2058 5461 2914 5605">
     <span class='ocr_line' id='line_1_116' title="bbox 2058 5461 2911 5529; baseline -0.004 -13"><span class='ocrx_word' id='word_1_798' title='bbox 2058 5464 2149 5529; x_wconf 82' lang='grc'>(22</span> <span class='ocrx_word' id='word_1_799' title='bbox 2204 5461 2441 5515; x_wconf 90' lang='lat' dir='ltr'><strong>Inclusa</strong></span> <span class='ocrx_word' id='word_1_800' title='bbox 2461 5461 2519 5514; x_wconf 92' lang='lat' dir='ltr'><strong>in</strong></span> <span class='ocrx_word' id='word_1_801' title='bbox 2538 5461 2698 5513; x_wconf 90' lang='lat' dir='ltr'><strong>calce</strong></span> <span class='ocrx_word' id='word_1_802' title='bbox 2730 5473 2805 5521; x_wconf 85' lang='lat' dir='ltr'><strong>pa</strong></span> <span class='ocrx_word' id='word_1_803' title='bbox 2852 5461 2911 5513; x_wconf 88' lang='lat' dir='ltr'><strong>in</strong></span> 
     </span>
     <span class='ocr_line' id='line_1_117' title="bbox 2058 5461 2914 5605; baseline -0.004 -19"><span class='ocrx_word' id='word_1_804' title='bbox 2058 5461 2176 5605; x_wconf 46' lang='lat'><strong>(25;</strong></span> <span class='ocrx_word' id='word_1_805' title='bbox 2206 5531 2302 5594; x_wconf 88' lang='grc' dir='ltr'>Εἰς</span> <span class='ocrx_word' id='word_1_806' title='bbox 2324 5533 2413 5583; x_wconf 88' lang='grc' dir='ltr'>τὸν</span> <span class='ocrx_word' id='word_1_807' title='bbox 2432 5538 2691 5604; x_wconf 74' lang='grc' dir='ltr'>κρατῇρα,</span> <span class='ocrx_word' id='word_1_808' title='bbox 2716 5473 2847 5585; x_wconf 74' lang='grc' dir='ltr'><strong>1]Οὲ</strong></span> <span class='ocrx_word' id='word_1_809' title='bbox 2870 5531 2914 5583; x_wconf 88' lang='grc' dir='ltr'>Α</span> 
     </span>
    </p>
   </div>
   <div class='ocr_carea' id='block_1_115' title="bbox 338 5711 2191 5795">
    <p class='ocr_par' dir='ltr' id='par_1_115' title="bbox 338 5711 2191 5795">
     <span class='ocr_line' id='line_1_118' title="bbox 338 5711 2191 5795; baseline 0.003 -30"><span class='ocrx_word' id='word_1_810' title='bbox 338 5711 462 5784; x_wconf 84' lang='lat' dir='ltr'><strong>(bb)</strong></span> <span class='ocrx_word' id='word_1_811' title='bbox 496 5714 808 5781; x_wconf 81' lang='lat' dir='ltr'><strong>Apposuit.</strong></span> <span class='ocrx_word' id='word_1_812' title='bbox 843 5715 1015 5770; x_wconf 88' lang='lat' dir='ltr'><strong>Forte</strong></span> <span class='ocrx_word' id='word_1_813' title='bbox 1046 5714 1231 5769; x_wconf 82' lang='lat' dir='ltr'><strong>codex</strong></span> <span class='ocrx_word' id='word_1_814' title='bbox 1261 5714 1595 5788; x_wconf 88' lang='lat' dir='ltr'><strong>interpretis</strong></span> <span class='ocrx_word' id='word_1_815' title='bbox 1619 5717 1882 5777; x_wconf 89' lang='lat' dir='ltr'><strong>habebat</strong></span> <span class='ocrx_word' id='word_1_816' title='bbox 1908 5721 2191 5795; x_wconf 78' lang='grc' dir='ltr'>παρέθηκε.</span> 
     </span>
    </p>
   </div>
  </div>
