4170 6334
558 342 663 397 667
1869 333 2192 393 ΕΗΤΗΥΜῘ

2305 330 2588 388 [GABENI
3813 322 3930 376 668

555 467 623 520 de
651 467 909 522 omnibus
931 467 1032 522 hic
1058 465 1412 522 sermonibus
1442 467 1508 520 ³³.
1544 469 1680 522 Erat
1699 465 1902 537 itaque
1960 463 2199 532 sanguis

2316 461 2372 510 τὸ
2413 458 2564 529 αἷμα,
2613 459 2839 529 σφραγὶς
2887 462 2977 515 τῆς
3021 449 3300 520 διαθὴκης,
3344 455 3434 504 καὶ
3475 450 3780 524 μαρτύριον,
3831 450 3933 499 καὶ

554 555 653 611 ille
685 555 947 623 sigillum
975 557 1095 610 sive
1140 555 1515 624 signaculum
1563 554 1923 618 testamenti,
1958 568 2027 608 ac
2055 552 2199 608 testi-

2317 546 2537 617 βεϐαίως
2569 567 2613 607 ις
2640 554 2727 604 τῆς
2760 546 3022 606 συνθήκης
3054 562 3144 594 του
3173 541 3343 611 λαοῦ.]

557 643 827 698 monium
859 650 915 699 et
939 644 1304 700 conﬁrmatio
1336 644 1564 700 fmderis
1593 644 1821 716 populi.

627 736 794 789 Vers.
829 735 915 788 28.
951 734 1062 798 Qui
1088 750 1192 802 pro
1222 735 1427 790 multis
1457 735 1809 803 effunditur.
1838 733 1934 788 Ille
1958 731 2203 804 quidem

554 822 798 892 sanguis
817 838 925 894 pro
953 823 1094 878 solis
1120 822 1538 879 effundebatur
1554 824 1826 880 Hebraeis
1847 839 1860 888 ;
1887 822 1982 877 hic
2003 825 2204 877 autem

551 927 658 983 pro
687 911 970 967 omnibus
1001 912 1340 968 homnibus.
1374 914 1578 968 Multos
1610 912 1904 984 siquidem
1944 911 2040 966 hic
2064 910 2204 965 dicit

553 1016 764 1056 omnes
798 1019 811 1054 :
845 1017 989 1056 nam
1029 1017 1241 1057 omnes
1267 1001 1435 1058 multi
1471 1006 1627 1056 sunt.
1660 999 1755 1055 Vel
1787 1001 2017 1068 Multis,
2057 999 2203 1054 dixit

553 1090 999 1160 comparatione
1016 1091 1206 1159 gentis
1224 1089 1441 1146 horum
1457 1091 1837 1146 Hebraeorum
1871 1111 1882 1154 ;
1917 1089 2030 1143 illis
2043 1088 2202 1143 enim

552 1177 752 1249 plures
782 1185 919 1234 sunt
956 1178 1041 1244 hi,
1071 1180 1172 1252 qui
1222 1195 1292 1234 ex
1340 1179 1612 1236 omnibus
1631 1178 1949 1235 liberantur
1978 1182 2035 1233 et
2083 1177 2203 1234 sal-

551 1272 784 1332 vantur,
817 1273 1056 1340 propter
1076 1285 1221 1340 quos
1248 1268 1512 1324 Christus
1537 1273 1803 1324 mortuus
1833 1271 1943 1323 est.

2382 744 2450 793 T6
2522 745 2640 813 περὶ
2708 738 2902 791 πολλῶν
2975 737 3335 808 ἐκχυνόμενον.
3417 737 3540 807 Περὶ
3605 734 3714 804 (24)
3795 730 3930 782 πολ-

2311 828 2431 896 λῶν,
2485 828 2600 880 ἀντὶ
2671 835 2780 893 τοῦ,
2843 829 2969 901 ὑπὲρ
3039 826 3257 878 πολλῶν.
3322 825 3510 878 Ἐκεῖνο
3569 825 3654 875 μὲν
3701 824 3805 895 γὰρ
3862 826 3926 874 τὸ

2312 919 2443 990 αἷμα
2483 919 2608 989 ὑπερ
2664 925 2761 969 τῶν
2818 915 3062 988 Ἐϐραίων
3107 919 3272 986 μόνων
3324 913 3571 986 ἐξεχεῖτο·
3624 919 3777 965 τοῦτο
3834 907 3921 975 δὲ,

2311 1008 2436 1080 ὑπὲρ
2516 1009 2720 1058 πάντων
2785 1004 3084 1078 ἀνθρώπων.
3150 1003 3372 1063 Πολλοὺς
3437 1005 3540 1078 γὰρ
3613 1004 3730 1062 τοὺς
3789 1001 3929 1052 πάν-

2310 1115 2403 1156 τας
2476 1094 2696 1148 ἐνταῦθα
2783 1093 2925 1146 καλεῖ
3212 1097 3313 1146 Καὶ
3389 1093 3490 1165 γὰρ
3576 1092 3625 1143 οἱ
3700 1090 3925 1152 πάντες,

2308 1183 2506 1238 πολλοὶ.
2575 1191 2640 1236 Ἥ
2711 1181 2906 1235 πολλῶν
2967 1178 3095 1248 εἶπε,
3164 1183 3295 1252 πρὸς
3354 1183 3633 1254 σύγκρισιν
3663 1185 3756 1230 τοῦ
3816 1185 3926 1229 τῶν

2307 1272 2556 1347 Ἑϐραίων
2620 1275 2814 1334 ἔθνους.
2884 1271 3092 1330 Πλείους
3137 1272 3238 1344 ⁴γὰρ
3312 1270 3497 1335 αὐτῶν,
3551 1271 3599 1321 οἱ
3654 1267 3707 1331 ἐξ
3755 1266 3927 1319 ἁπάν-

2310 1383 2408 1414 των
2438 1360 2847 1436 ἐλευθεροῦμενοι
2891 1365 2979 1412 καὶ
3025 1359 3333 1431 σωζόμενοι,
3377 1355 3450 1412 δι’
3494 1358 3584 1419 οὕς
3625 1359 3651 1409 6
3682 1359 3930 1430 Χριστὸς

2313 1449 2577 1504 ἀπέθανεν.

2381 1539 2469 1600 Εἰς
2533 1541 2715 1610 ἄφεσιν
2785 1537 3070 1610 ἁμαρτιῶν.
3124 1535 3316 1588 Ἐκεῖνο
3383 1539 3472 1607 μὲν
3528 1537 3630 1608 ’γὰρ
3697 1533 3764 1594 εἰς
3821 1553 3928 1586 σω-

2309 1633 2492 1702 τηρίαν
2544 1635 2644 1679 τῶν
2692 1630 3032 1700 πρωτοτόκων
3092 1630 3259 1698 μόνων
3325 1623 3571 1696 ἐξεχεῖτοο
3619 1631 3773 1676 τοῦτο
3837 1620 3925 1692 δὲ,

2313 1717 2378 1778 εἰς
2430 1719 2612 1788 ἄφεσιν
2665 1713 2929 1790 ἁμαρτιῶν
2983 1722 3082 1766 τῶν
3126 1715 3330 1766 πάντων
3391 1713 3692 1787 ἀνθρώπων.
3755 1712 3926 1785 Ὀροι,

2237 1811 2280 1864 Β
2310 1810 2471 1858 πόσον
2533 1805 2635 1858 εἰσὶ
2680 1805 2896 1876 μείζονα
2945 1811 3040 1855 τῶν
3089 1802 3321 1854 παλαιῶν
3372 1805 3439 1855 τὰ
3488 1806 3575 1855 νέα
3620 1807 3923 1875 μυστήρια,

2313 1899 2720 1967 Προσφυέστατα
2773 1889 2832 1945 δὲ
2886 1901 2974 1943 νῦν
3032 1894 3296 1950 Διαθήκην
3355 1894 3610 1964 ὠνόμασε,
3682 1887 3776 1942 διὰ
3830 1894 3921 1943 τὸν

2309 1983 2723 2057 προσεγγίζοντα
2771 1983 3004 2035 θάνατον.
3061 1983 3384 2033 Διατίθενται
3438 1982 3539 2055 γὰρ
3597 1981 3647 2031 οἱ
3695 1978 3925 2037 ἀποθνή-

2314 2091 2542 2132 σκοντες.
2586 2071 2785 2142 Ὠσπερ
2831 2067 2918 2122 οὖν
2968 2072 2996 2127 ἡ
3047 2069 3252 2122 Παλαιὰ
3294 2071 3526 2141 Διαθὴκη
3579 2071 3785 2140 θύματα
3828 2074 3923 2120 καὶ

2310 2163 2510 2232 αἵματα
2539 2157 2696 2231 εἶχεν·
2733 2160 2892 2220 οὕτως
2920 2161 3024 2232 ἄρα
3053 2164 3142 2211 καὶ
3168 2161 3197 2217 ἠ
3244 2163 3432 2229 Καινὴ,
3471 2161 3530 2210 τὸ
3560 2167 3715 2231 σῶμα
3741 2162 3834 2211 καὶ
3861 2161 3920 2209 τό

2311 2249 2443 2304 αἷμα
2469 2256 2559 2300 τοῦ
2592 2252 2852 2301 Δεσπότου
2866 2289 2879 2304 .

622 1501 788 1554 Vers.
810 1503 897 1555 ‘28.
933 1501 1001 1555 In
1035 1501 1422 1556 remissionem
1445 1505 1839 1569 peccatorum.
1875 1498 1974 1553 Ille
2023 1498 2204 1574 siqui-

550 1587 690 1643 dem
720 1590 779 1643 in
811 1589 1060 1644 salutem
1088 1594 1313 1644 tantum
1372 1589 1900 1660 primogenitorum
1942 1587 2204 1642 effunde-

553 1679 724 1734 batur
754 1700 764 1742 ;
797 1677 892 1732 hic
923 1685 1121 1733 autem
1145 1678 1200 1732 in
1230 1677 1647 1732 remissionem
1677 1683 2055 1748 peccatorum
2079 1693 2203 1733 om-

551 1767 718 1822 nium
750 1765 1085 1822 hominum.
1121 1767 1259 1822 Vide
1282 1781 1422 1836 ergo
1455 1771 1680 1838 quanto
1728 1765 2029 1822 veteribus
2079 1782 2202 1821 ma-

545 1856 682 1927 jora
712 1856 825 1911 sint
855 1871 1010 1911 nova
1041 1857 1345 1927 mysteria.
1367 1856 1682 1928 Aptissime
1701 1871 1840 1910 vero
1870 1855 2202 1911 nominavit

549 1943 648 2000 hic
695 1946 1120 2000 Testamentum
1157 1950 1398 2017 propter
1431 1945 2014 2016 appropinquantem
2049 1960 2202 1998 mor-

549 2037 667 2089 tem
702 2039 1025 2099 ;testantur
1055 2034 1213 2090 enim
1244 2035 1348 2106 qui
1405 2034 1755 2088 moriuntur.
1815 2035 2014 2104 Itaque
2054 2033 2204 2088 sicut

547 2125 722 2178 Vetus
740 2127 1179 2180 Testamentum
1206 2123 1430 2178 hostias
1453 2127 1508 2177 et
1530 2121 1885 2191 sanguinem
1910 2121 2196 2177 habebat:

544 2212 628 2268 ita
659 2228 803 2268 sane
843 2218 898 2268 et
937 2216 1187 2280 Novum,
1211 2228 1430 2284 corpus
1462 2211 1731 2269 videlicet
1764 2216 1819 2267 et
1845 2211 2201 2281 sanguinem

547 2301 804 2356 Domini.

616 2393 742 2446 Non
774 2390 921 2446 dixit
949 2393 1144 2446 autem
1173 2407 1185 2445 :
1219 2393 1351 2446 Haec
1395 2393 1530 2445 sunt
1559 2389 1730 2460 signa
1760 2389 2024 2461 corporis
2081 2389 2201 2445 mei

544 2484 602 2534 et
631 2479 941 2549 sanguinis
973 2479 1085 2534 mei
1117 2499 1129 2532 :
1165 2479 1287 2545 sed,
1323 2479 1446 2534 Haec
1477 2483 1615 2534 sunt
1655 2493 1871 2550 corpus
1903 2495 2103 2533 meum
2145 2483 2200 2533 et

543 2567 786 2639 sanguis
809 2585 999 2623 meus.
1035 2570 1274 2638 Oportet
1297 2585 1433 2640 ergo
1447 2584 1566 2623 non
1596 2567 1672 2624 ad
1686 2572 1960 2624 naturam
1989 2583 2198 2622 eorum

541 2672 681 2728 quae
703 2660 1112 2727 proponuntur
1129 2655 1413 2728 aspicere,
1440 2657 1547 2711 sed
1566 2656 1642 2711 ad
1666 2656 1941 2711 virtutem
1967 2672 2195 2712 eorum.

543 2745 1066 2808 Quemadmodum
1098 2745 1254 2800 enim
1276 2744 1802 2816 supernaturaliter
1819 2749 2196 2817 assumptam

543 2847 786 2887 carnem
805 2831 1101 2887 deiﬁcavit
1130 2833 1201 2896 (si
1219 2833 1299 2888 ita
1312 2833 1472 2905 loqui
1489 2833 1697 2902 liceat),
1730 2835 1814 2889 ita
1835 2839 1890 2889 et
1907 2834 2025 2890 haec
2052 2835 2194 2890 inef-

541 2920 792 2976 fabiliter
808 2924 1169 2976 transmutat
1191 2921 1252 2977 in
1270 2922 1462 2994 ipsum
1482 2923 1774 2978 viviﬁcum
1789 2939 2006 2995 corpus
2022 2940 2196 2978 suum

543 3013 600 3064 et
627 3010 687 3063 in
715 3010 913 3080 ipsum
934 3013 1260 3082 pretiosum
1283 3011 1641 3082 sanguinem
1673 3028 1871 3081 suum,
1903 3017 1962 3066 et
1992 3013 2051 3066 in
2065 3027 2194 3082 gra-

541 3097 688 3154 tiam
723 3098 1008 3169 ipsorum.

2381 2433 2492 2484 Οῦκ
2530 2432 2642 2503 (26)
2675 2428 2784 2484 εἶπε
2829 2429 2909 2496 δὲ,
2943 2433 3023 2484 ὄτι
3062 2431 3241 2483 Ταῦτά
3277 2430 3382 2483 εἰσι
3414 2429 3653 2503 σύμϐολα
3681 2438 3772 2483 τοῦ
3812 2437 3920 2484 σώ-

2307 2525 2467 2595 ματός
2523 2541 2623 2593 μου
2668 2528 2758 2574 καὶ
2823 2529 2912 2574 τοῦ
2969 2523 3184 2594 αἵματος
3243 2537 3364 2592 μου’
3415 2518 3544 2591 ἀλλ’,
3599 2521 3681 2573 ὅτι
3741 2523 3922 2573 Ταῦτά

2310 2611 2440 2664 εἰσιν
2502 2611 2629 2662 αὐτὸ
2705 2613 2858 2682 σῶμά
2930 2629 3052 2682 μου,
3128 2614 3218 2661 καὶ
3290 2609 3415 2661 αὐτὸ
3491 2612 3548 2662 τὸ
3595 2611 3726 2680 αἷμά
3788 2629 3917 2681 μου.

2309 2703 2505 2755 Λοιπὸν
2551 2697 2658 2752 οὖν·
2715 2704 2826 2772 χρὴ
2878 2705 2949 2771 μὴ
2994 2703 3125 2772 πρὸς
3171 2703 3263 2757 τὴν
3313 2701 3468 2770 φύσιν
3512 2707 3609 2750 τῶν
3643 2702 3916 2770 προκειμέ-

2307 2811 2401 2842 νων
2451 2791 2597 2863 ὁρᾷν,
2639 2787 2767 2841 ἀλλά
2823 2791 2954 2862 πρὸς
3017 2792 3110 2846 τὴν
3170 2784 3392 2859 δύναμιν
3458 2787 3636 2841 αὐτῶν.
3704 2786 3905 2858 Ὠσπερ

2305 2881 2406 2952 γὰρ
2463 2880 2730 2952 ὑπερφυῶς
2804 2877 2988 2929 ἐθέωσε
3062 2881 3156 2934 τὴν
3228 2875 3634 2950 προσληφθεῖσαν
3703 2874 3897 2944 σάρκα·

2307 2969 2470 3028 οὕτως
2525 2965 2822 3041 ἀπορῥητως
2875 2973 3144 3038 μεταποιεῖ
3193 2970 3283 3017 καὶ
3335 2971 3501 3017 ταῦτα
3551 2963 3621 3023 εἰς
3671 2961 3791 3013 αὐτὸ
3839 2963 3898 3012 τὸ

2308 3057 2560 3116 ζωοποιόν
2608 3055 2767 3107 αὐτοῦ
2809 3063 2979 3127 σῶμα,
3029 3075 3119 3105 και
3164 3053 3234 3116 εἰς
3268 3054 3393 3106 αὐτὸ
3435 3055 3493 3105 τὸ
3532 3057 3705 3124 τίμιον
3753 3049 3912 3102 αὐτοῦ

2233 3151 2273 3214 ρ
2306 3142 2459 3218 αἷμα,
2490 3148 2578 3196 καὶ
2605 3144 2674 3206 εἰς
2705 3148 2798 3202 τὴν
2830 3145 2992 3218 χάριν
3019 3143 3207 3197 αὐτῶν.

2373 3233 2605 3306 Ἔχουσι
2657 3229 2716 3285 δέ
2756 3252 2871 3285 τινα
2923 3237 3011 3284 καὶ
3054 3233 3080 3283 6
3129 3233 3285 3306 ἄρτος
3327 3233 3458 3306 πρὸς
3499 3232 3558 3282 τό
3603 3237 3776 3302 σῶμα,
3824 3232 3914 3280 καὶ

2305 3324 2330 3376 6
2362 3317 2494 3385 οἶνος
2536 3325 2666 3397 πρὸς
2703 3325 2759 3374 τὸ
2797 3322 2928 3394 αἷμα
2958 3320 3244 3395 ἐμφέρειαν.
3280 3323 3380 3372 Καὶ
3425 3321 3449 3371 6
3492 3320 3651 3394 ἄρτος
3696 3320 3794 3393 γὰρ
3825 3322 3918 3370 καὶ

2304 3414 2362 3464 τὸ
2397 3420 2566 3484 σῶμα,
2599 3405 2795 3482 γεώδη,
2832 3415 2919 3462 καὶ
2950 3411 2974 3461 6
3007 3406 3139 3471 οἶνος
3172 3413 3260 3461 καὶ
3289 3412 3345 3460 τὸ
3378 3404 3526 3480 αἷμα,
3564 3409 3906 3481 θερμαντικά,

2307 3505 2407 3553 Καὶ
2455 3502 2627 3573 ὥσπερ
2679 3501 2704 3550 ὁ
2755 3499 2911 3571 ἄρτος
2972 3498 3233 3570 στηρίξει,
3296 3497 3430 3549 οὕτω
3495 3502 3584 3548 καὶ
3648 3499 3704 3548 τό
3761 3504 3919 3568 σῶμα

2305 3596 2397 3641 τοῦ
2438 3595 2674 3661 Χριστοῦ
2720 3591 2872 3639 τουτό
2925 3607 2980 3640 τε
3023 3594 3179 3656 ποιεῖ,
3217 3591 3306 3638 καὶ
3346 3587 3515 3653 πλέον,
3567 3585 3778 3657 ἁγιάζει
3825 3590 3918 3636 καὶ

2308 3685 2459 3750 σῶμα
2487 3683 2575 3730 καὶ
2603 3677 2809 3748 ψυχήν.
2867 3682 2965 3729 Καὶ
3005 3679 3178 3747 ὥσπερ
3215 3678 3240 3728 6
3273 3674 3407 3736 οἶνος
3445 3677 3722 3750 εὐφραίνει,
3775 3676 3916 3728 οὕτω

2305 3769 2484 3819 καὶτὸ
2525 3765 2656 3838 αἱμα
2682 3773 2774 3818 τοῦ
2803 3774 3039 3826 Χριστοῦ
3086 3769 3239 3818 τοῦτό
3282 3785 3338 3818 τε
3383 3772 3539 3831 ποιεῖ,
3602 3769 3693 3817 καὶ
3738 3765 3913 3830 πλέον,

615 3224 838 3280 Habent
862 3228 1058 3280 autem
1078 3223 1524 3281 similitudinem
1554 3225 1908 3297 quamdam,
1927 3227 2100 3299 panis
2118 3226 2196 3284 ad

541 3327 785 3384 corpus,
817 3317 872 3368 et
902 3313 1109 3369 vinum
1143 3315 1219 3370 ad
1250 3315 1624 3383 sanguinem.
1663 3314 1811 3372 Nam
1843 3320 1900 3372 et
1921 3316 2108 3388 panis,
2140 3320 2198 3372 et

541 3417 758 3474 corpus
788 3405 976 3458 terrea
1005 3407 1142 3458 sunt
1169 3419 1180 3458 :
1216 3403 1420 3458 vinum
1437 3409 1637 3459 autem
1663 3409 1720 3460 et
1750 3405 1995 3475 sanguis
2023 3421 2197 3462 aerea

540 3490 650 3562 (cc)
671 3496 725 3545 et
748 3491 960 3547 calida.
999 3493 1063 3546 Et
1116 3491 1623 3562 quemadmodum
1678 3494 1852 3564 panis
1881 3494 2192 3560 confortat,

540 3579 625 3634 ita
654 3583 710 3635 et
740 3579 949 3634 Christi
981 3596 1198 3652 corpus
1229 3581 1340 3636 hoc
1372 3580 1529 3648 facit,
1559 3597 1628 3638 ac
1647 3581 1842 3650 magis
1858 3583 2037 3638 etiam
2073 3599 2197 3638 cor-

540 3683 649 3740 pus
680 3672 734 3723 et
761 3667 1046 3735 {animam
1096 3669 1422 3726 sanctiﬁcat
1454 3687 1467 3724 :
1500 3675 1556 3726 et
1583 3670 1731 3726 sicut
1761 3671 1960 3726 vinum
2013 3671 2197 3727 laetiﬁ-

541 3760 654 3824 cat,
687 3756 766 3812 ita
795 3764 850 3811 et
873 3757 1117 3825 sanguis
1147 3757 1354 3814 Christi
1381 3758 1495 3816 hoc
1524 3758 1683 3824 facit,
1697 3764 1754 3815 et
1777 3761 2022 3834 insuper
2050 3776 2197 3833 prae-

543 3845 760 3902 sidium
791 3844 1066 3902 efﬁcitur.

614 3935 784 3999 Quod
813 3936 860 3989 si
884 3935 958 3990 de
984 3951 1104 3991 uno
1125 3951 1373 4008 corpore
1403 3942 1459 3992 et
1485 3937 1776 4007 sanguine
1812 3954 2024 3995 omnes
2054 3938 2197 3995 ﬁde-

542 4024 625 4079 les
660 4025 1109 4096 participamus,
1149 4041 1359 4081 omnes
1387 4041 1576 4082 unum
1617 4043 1823 4082 sumus
1861 4044 1966 4100 per
1998 4029 2194 4098 ipsam

539 4113 756 4168 horum
801 4113 1215 4183 mysteriorum
1256 4113 1772 4184 participationem
1803 4135 1816 4174 :
1847 4122 1903 4172 et
1944 4117 1998 4171 in
2037 4117 2196 4173 Chri-

541 4204 632 4256 sto
658 4215 892 4264 omnes,
920 4201 1253 4255 etChristus
1278 4201 1340 4256 in
1366 4201 1671 4258 omnibus.
1695 4204 1946 4271 Quiedit,
1979 4205 2190 4277 inquit,

541 4303 731 4344 meam
763 4302 995 4343 carnem
1017 4291 1069 4343 et
1096 4287 1232 4343 bibit
1264 4305 1456 4346 meum
1473 4291 1839 4360 sanguinem,
1873 4294 1937 4348 in
1961 4309 2054 4350 me
2080 4311 2192 4350 ma-

2305 4303 2420 4373 γὰρ,
2483 4303 2634 4370 φησὶ,
2691 4301 2785 4356 τὴν
2827 4300 3019 4372 σάρκα,
3069 4303 3158 4351 καὶ
3195 4303 3353 4351 πίνων
3402 4318 3501 4371 μου
3561 4301 3621 4350 τὸ
3661 4299 3815 4371 αζιια,
3863 4299 3913 4352 ἐν

541 4381 641 4432 net
666 4382 718 4431 et
751 4391 847 4445 ego
860 4377 922 4431 in
935 4376 1117 4432 illo".
1135 4377 1394 4434 Verbum
1409 4379 1694 4450 siquidem
1718 4397 1816 4452 per
1837 4385 2192 4456 assumptio~

2305 4388 2415 4455 ἐμοὶ
2473 4391 2628 4459 μένει,
2691 4388 2837 4458 κάγὼ
2878 4387 2928 4440 ἐν
2969 4387 3128 4459 αὐτῷ.
3188 4387 3245 4439 Ὀ
3291 4391 3381 4459 μὲν
3428 4390 3530 4462 γὰρ
3575 4392 3740 4460 Λόγος
3777 4390 3911 4445 ἕ)νὼ-

540 4481 675 4520 nem
705 4465 867 4520 carni
900 4466 1127 4522 unitum
1155 4471 1272 4523 est:
1306 4468 1434 4524 haec
1465 4485 1666 4525 rursus
1703 4487 1840 4528 caro
1870 4473 2070 4528 unitur
2089 4489 2192 4530 no-

2305 4479 2365 4535 θη
2413 4485 2475 4549 τῇ
2526 4481 2704 4550 σαρκὶ,
2747 4473 2840 4528 διὰ
2893 4485 2986 4538 τῆς
3041 4475 3400 4550 προσλήψεως·
3459 4477 3592 4536 αὕτη
3651 4473 3710 4531 δε
3754 4477 3910 4529 πάλιν

540 4554 635 4610 bis
661 4569 767 4626 per
791 4555 1320 4626 participationem.
1365 4560 1537 4615 Facta
1569 4565 1770 4616 autem
1798 4563 2107 4632 sanguinis
2136 4569 2192 4620 et

2305 4567 2502 4620 ἑνοῦται
2549 4569 2693 4637 ἡμῖν,
2758 4562 2852 4618 διὰ
2889 4574 2980 4626 τῆς
3019 4565 3375 4638 μεταλήψεως.
3425 4567 3661 4638 Αἰματος
3719 4563 3776 4619 δὲ
3814 4569 3900 4615 καὶ

539 4644 878 4700 testamenti
899 4647 1472 4712 mentione,rursum
1503 4657 1754 4705 mortem
1779 4667 1954 4708 suam
1979 4668 2193 4723 reprae-

2305 4653 2561 4715 διαθὴκης
2616 4657 2996 4727 μνημονεύσας,
3086 4658 3172 4708 τὸν
3239 4655 3455 4708 θάνατον
3523 4656 3686 4709 αὐτοῦ
3748 4652 3897 4706 πάλιν

540 4733 805 4799 sentavit,
823 4738 885 4789 ut
897 4733 1024 4790 haec
1035 4734 1208 4793 facile
1225 4736 1302 4795 ab
1315 4735 1399 4791 eis
1414 4737 1822 4811 susciperetur,
1838 4739 1965 4812 freq
1974 4741 2189 4796 uentis-

2305 4743 2521 4817 ἐνέφηνε,
2603 4750 2664 4815 τῇ
2743 4747 3028 4802 πυκνότητι
3084 4752 3181 4806 τῆς
3253 4749 3466 4816 μνήμης
3526 4740 3907 4818 εῦπαροὶδεκτον

540 4823 694 4878 sima
724 4823 1024 4879 mentione
1055 4825 1338 4880 efﬁciens.
1381 4828 1527 4881 Nam
1565 4827 1614 4882 si
1643 4828 1777 4897 hac,
1807 4828 1942 4884 licet
1973 4830 2191 4901 saepius

2305 4832 2480 4894 αὐτοῖς
2531 4838 2708 4884 τοῦτον
2760 4834 3044 4888 καθιστῶν.
3099 4833 3161 4884 Εἰ
3196 4835 3319 4908 γὰρ,
3371 4838 3461 4885 καὶ
3500 4832 3750 4894 πολλάκις
3791 4834 3908 4885 τού-

538 4913 916 4984 annuntiata,
941 4913 1019 4969 ad
1049 4914 1348 4986 passionis
1366 4919 1561 4971 tamen
1583 4931 1804 4972 nomen
1837 4917 1963 4990 (dd)
1996 4918 2193 4976 turba-

2305 4941 2390 4978 του
2447 4919 3004 4996 προκαταγγελθέντος,
3078 4924 3213 4994 ὅμως
3267 4920 3390 4994 παρ’
3447 4922 3572 4974 αὗτό
3625 4925 3684 4975 τὸ
3745 4923 3913 4983 πάθος

613 5030 660 5063 ³³
693 5028 858 5084 Exod
878 5045 995 5096 xxv,
1023 5028 1079 5084 8.
1156 5031 1204 5066 ²⁴
1227 5032 1394 5086 Joan.
1427 5047 1506 5097 v1,
1534 5033 1627 5089 56.

2303 3860 2496 3927 γίνεται
2519 3854 2890 3928 φυλακτήριον.

2376 3944 2436 3996 Εἰ
2493 3940 2542 3995 δ’
2575 3943 2680 4004 ἑνὸς
2733 3949 2968 4015 σώματος
2993 3948 3082 3995 καὶ
3139 3943 3362 4014 αἳματος
3403 3945 3452 3995 οἱ
3499 3944 3682 4003 πάντες
3727 3948 3918 3996 πιστοὶ

2303 4031 2777 4105 μεταλαμϐάνομεν,
2827 4034 2876 4083 οἱ
2925 4033 3106 4092 πάντες
3157 4031 3208 4084 ἓν
3255 4030 3428 4104 ἐσμεν,
3476 4029 3570 4084 διὰ
3607 4039 3704 4094 τῆς
3745 4031 3915 4093 αὐτῆς

2302 4130 2404 4174 τῶν
2462 4122 2630 4174 αὐτῶν
2683 4125 2986 4196 μυστηρίων
3034 4121 3390 4194 μεταλήψεως,
3438 4124 3527 4173 καὶ
3582 4120 3630 4173 ἐν
3690 4127 3913 4194 Χριστῷ

2303 4210 2507 4276 πάντες,
2568 4215 2657 4262 καὶ
2715 4211 2740 4261 6
2795 4214 3024 4283 Χριστός
3082 4209 3131 4260 ἐν
3191 4216 3374 4265 πᾶσιν.
3432 4209 3490 4262 Ὀ
3547 4215 3756 4284 τρώγων
3809 4230 3914 4282 μου

1759 5183 1985 5253 Variae
2018 5185 2344 5256 lectiones
2385 5195 2452 5255 et
2489 5197 2692 5256 notae.

2311 5329 2616 5387 codicibus
2672 5329 2955 5388 Parisinis
2993 5328 3056 5386 in
3107 5331 3188 5386 De
3234 5330 3786 5389 commentatoribus
3837 5330 3914 5388 N.

635 5323 725 5468 24g
753 5324 866 5380 Sex
891 5322 1094 5396 priora
1121 5323 1414 5382 vocabula
1445 5325 1644 5383 omisit
1664 5327 1978 5400 interpres.
2311 5329 2616 5387 codicibus

635 5397 702 5450 25
767 5400 1074 5468 Aéyez,_pro
1100 5395 1262 5468 καλεῖ,
1293 5396 1441 5468 Cod.
1491 5399 1558 5452 A.
2313 5405 2488 5468 Test.,
2515 5418 2571 5468 p.
2599 5403 2668 5458 84

2359 5415 2488 5468 εει,
2515 5418 2571 5473 p.
2599 5415 2689 5458 se.

634 5395 725 5466 25)
767 5395 940 5466 Λέγει,
966 5411 1074 5466 pro
1100 5395 1262 5462 καλεῖ,
1293 5396 1441 5466 Cod.
1491 5399 1558 5452 A.

634 5465 726 5539 26)
756 5465 1141 5520 Huhclbcum
1187 5465 1389 5523 laudat
1413 5468 1741 5526 Richardus
1790 5470 2094 5526 Simonius
2133 5486 2202 5526 ex

610 5327 630 5539 ἓ

617 5643 730 5716 (ec)
784 5643 997 5698 Aerea.
1073 5641 1248 5714 Ἀέρια
1316 5647 1425 5708 καί,
1484 5659 1608 5700 non
1681 5647 1864 5716 reperi
1941 5648 2003 5702 in
2054 5647 2204 5704 meis

545 5717 584 5770 Ο
617 5647 730 5771 (ﬁ)
784 5647 997 5698 Aerea.
1073 5647 1248 5714 Ἀἐρια
1316 5647 1425 5708 καί,
1484 5659 1608 5700 non
1681 5647 1864 5716 reperi
1941 5648 2003 5702 in
2054 5647 2204 5704 meis
2345 5647 2507 5730 ⁸(ιίςί)
2527 5647 2627 5771 ῥά
2641 5647 2934 5717 passionis
2952 5654 3140 5706 tamen
3159 5663 3391 5705 nomen.
3416 5653 3550 5720 Ipso
3569 5651 3761 5706 tamen
3782 5665 3921 5724 pas-

587 5731 620 5771 0
717 5754 729 5767 .
2313 5734 2495 5771 SIODIS
2551 5734 2806 5771 emnore.

2313 5719 2495 5775 sionis
2528 5722 2806 5792 tempore.

4097 153 4112 924 l
