4170 6334
278 287 389 343 669
1207 284 1574 341 COMMENT.
1619 284 1688 339 IN
1726 281 2159 339 MATTH/EUM.
2202 314 2270 324 —
2308 283 2460 339 CAP.
2505 282 2699 338 XXVI.
3544 278 3648 333 670

283 411 703 485 ἐθορυϐἡθησαν,
755 415 808 461 τί
883 411 977 464 οὐκ
1047 411 1108 463 ἆν
1183 413 1390 478 ἔπαθον,
1457 406 1623 482 μηδὲν
1683 428 1930 480 προμαη

1996 407 2251 464 bantur:
2283 409 2429 480 quid
2463 424 2585 463 non
2616 409 2771 480 passi
2800 408 3069 473 fuissent,
3117 406 3162 462 si
3193 406 3351 463 hanc
3379 406 3643 479 primum

287 503 456 561 θόντες
488 520 499 569 ;

1995 513 2115 552 non
2147 497 2544 552 didicissent?

360 596 563 649 Λουκᾶς
610 585 668 640 δὲ
721 587 857 658 λέγει
907 594 995 640 καὶ
1050 596 1199 639 τούτο
1258 588 1414 640 εἰπεῖν
1480 593 1589 639 τότε
1644 591 1727 639 τόν
1780 589 1853 639 Κύ

2064 585 2157 641 Ait
2182 590 2380 641 autem
2429 586 2617 641 Lucas
2659 587 2772 641 hoc
2802 603 3045 659 quoque
3074 587 3291 641 dixisse
3322 585 3640 649 Christum,

285 699 416 753 ριον,
472 680 551 730 ὅτι
605 685 771 730 Τοῦτο
828 678 1022 729 ποιείτε
1088 678 1155 737 εἰς
1225 682 1319 735 τὴν
1378 676 1503 749 ἐμὴν
1570 676 1880 748 ἀνάμνησιν·

1997 676 2115 729 Hoc
2134 676 2319 742 facile
2338 675 2397 729 in
2417 677 2531 730 mei
2547 676 2993 733 recordationem
3019 678 3101 741 ’5;
3132 676 3264 743 hoc,
3302 676 3513 747 inquit,
3540 690 3644 730 no-

284 776 455 830 1'0610,
510 772 661 838 φησὶ,
726 770 783 817 τὸ
840 770 1014 817 καινὸν
1068 771 1377 838 μυστήριον,
1436 770 1525 817 καὶ
1574 771 1645 835 μη
1707 764 1883 832 ἐκεῖνο,

1999 778 2133 817 vum
2166 763 2531 833 mysterium,
2565 769 2621 818 et
2650 780 2767 818 non
2791 764 2935 819 illud
2965 768 3158 819 vetus.
3207 764 3516 836 Siquidem
3556 778 3646 817 ve-

282 859 342 908 τὸ
394 854 635 907 παλαιόν.
673 856 864 907 Ἐκεῖνο
906 858 996 926 μὲν
1043 857 1165 929 γάρ,
1216 854 1273 907 τό
1316 857 1605 926 θυσίασμα,
1641 854 1705 913 εἰς
1758 852 1883 903 ἀνά-

1998 854 2091 905 tus
2123 850 2262 904 illud
2296 853 2646 922 mysterium
2704 852 2763 905 in
2816 852 3284 908 recordationem
3335 852 3645 907 inductum

281 964 475 1017 μνησιν
506 943 698 1016 ἐγίνετο
727 943 903 1008 τῆς-ἐν
927 944 1167 1015 Αἰγύπτῳ
1197 949 1453 1017 σωτηρίας
1486 951 1583 995 τῶν
1606 942 1886 1016 Ἑϐραϊκῶν

1997 944 2083 994 est
2105 938 2311 995 salutis
2341 940 2717 996 Hebraeorum
2735 942 3269 1013 primogenitorum
3292 942 3348 995 in
3368 944 3642 1015 Egypto,

281 1038 648 1108 πρωτοτόκων,
683 1038 772 1085 καὶ
819 1041 915 1094 τῆς
961 1042 1059 1084 τῶν
1108 1032 1357 1107 Ἐϐραίων
1388 1032 1688 1106 ἐλευθερίας·
1740 1038 1888 1083 τοῦτο

2000 1044 2065 1083 ac
2092 1027 2372 1084 libertatis
2390 1030 2804 1086 Hebraeorum:
2832 1030 2942 1085 hoc
2976 1034 3174 1085 autem
3200 1031 3259 1085 in
3292 1030 3647 1085 recordatio-

285 1120 347 1174 δὲ
378 1122 444 1182 εἷς
472 1120 759 1195 ἀνάμνησιν
797 1129 890 1173 τοῦ
935 1126 1213 1174 Δεσπότου.
1248 1124 1344 1173 Διά
1387 1130 1477 1182 τῆς
1518 1124 1757 1181 τοιαύτης
1790 1123 1887 1193 γὰρ

2001 1133 2135 1172 nem
2162 1118 2415 1173 Domini.
2453 1118 2561 1174 Per
2607 1118 2721 1175 tale
2748 1119 2907 1174 enim
2947 1118 3305 1174 sacriﬁcium
3334 1117 3648 1173 reminisci-

288 1212 480 1272 θυσίας
538 1210 1053 1284 ἀναμιμνησκόμεθα,
1112 1212 1188 1263 ὅτι
1248 1214 1305 1263 τὸ
1370 1219 1521 1283 σῶμα
1577 1212 1736 1263 αὐτοῦ
1796 1230 1890 1261 πα-

1999 1223 2151 1272 mur,
2181 1208 2343 1279 quod
2357 1223 2568 1279 corpus
2591 1225 2765 1262 suum
2788 1224 2895 1280 pro
2910 1208 3083 1263 nobis
3108 1208 3169 1263 in
3190 1211 3440 1262 mortem
3473 1206 3646 1263 tradi-

280 1296 509 1371 ρέδωκεν
594 1306 665 1362 εὶς
729 1302 944 1352 θάνατον
1016 1302 1141 1374 ύπερ
1228 1302 1391 1372 ἡμῶν,
1454 1304 1542 1352 καὶ
1619 1303 1674 1351 τό
1758 1301 1890 1371 αἷμα

1998 1294 2165 1366 derit,
2192 1300 2247 1351 et
2276 1298 2626 1366 sanguinem
2653 1314 2829 1352 suum
2847 1296 3138 1363 effuderit,
3164 1313 3233 1353 ac
3263 1298 3343 1353 ita
3356 1297 3645 1353 continui-

281 1388 447 1440 αὐτοῦ
488 1387 675 1460 ἐξέχεε,
710 1394 799 1441 καὶ
829 1398 890 1462 τῇ
952 1394 1198 1461 συνεχείᾳ
1245 1394 1339 1448 τὴν
1390 1395 1598 1463 μνήμην
1656 1387 1891 1440 ἀνανεού-

1261 1394 1339 1448 τὴν
1390 1395 1598 1463 μνήμην
1656 1387 1891 1440 ἀνανεού-
1998 1389 2113 1440 tate
2145 1386 2497 1441 memoriam
2527 1402 2908 1441 renovamus.

276 1479 436 1549 μεθα.

354 1562 530 1630 Εἶδες,
566 1574 677 1628 πῶς
712 1569 959 1639 μετέθηκε
996 1571 1115 1629 τούς
1145 1569 1382 1639 μαθητὰς
1416 1567 1515 1619 ἀπὸ
1546 1577 1636 1628 τῆς
1670 1568 1890 1627 παλαιᾶς

2068 1581 2279 1637 Vidisti
2306 1599 2426 1655 quo
2456 1587 2631 1653 pacto
2661 1582 2989 1655 discipulos
3012 1598 3047 1638 a
3076 1582 3256 1639 veteri
3288 1582 3573 1639 sacriﬁcio
3587 1584 3648 1639 in

283 1655 474 1714 θυσίας
505 1653 587 1706 ἐπὶ
636 1660 729 1713 τὴν
782 1661 984 1712 καινήν.
1037 1661 1167 1709 Ποία
1196 1660 1292 1729 γὰρ
1348 1657 1535 1717 εἰκόνος
1588 1659 1663 1709 ἔτι
1709 1658 1886 1729 χρεία,

2002 1688 2223 1727 novum
2253 1653 2613 1727 transtulerit
2642 1672 2668 1725 ‘?
2693 1653 2835 1727 Nam
2858 1688 2991 1744 quae
3020 1676 3105 1727 est
3130 1672 3412 1744 deinceps
3442 1672 3649 1744 imagi-

281 1749 399 1803 τοῖς
427 1740 527 1800 ἧδν
554 1747 609 1795 τὸ
640 1749 977 1819 πρωτότυπον
1018 1747 1207 1816 ἔχουσι
1240 1764 1253 1814 ;
1287 1751 1422 1804 Φησὶ
1450 1744 1508 1798 δὲ
1540 1749 1563 1797 ό
1593 1748 1890 1822 χρυσόστο-
1922 1744 1928 1799 Ἰ

2004 1761 2094 1816 nis
2113 1760 2350 1825 utilitas,
2392 1772 2591 1816 verum
2609 1762 2738 1831 jam
2764 1740 3073 1832 exemplar
3093 1740 3448 1817 habentibus
3462 1763 3491 1818 7
3506 1740 3650 1817 Dicit

284 1850 386 1902 μος
414 1831 553 1903 (27),
585 1835 663 1885 ὅτι
705 1837 792 1885 καὶ
828 1835 853 1884 ὁ
882 1837 1104 1905 Χριστὸς
1150 1843 1349 1906 πρῶτος
1403 1839 1517 1887 τότε
1546 1839 1772 1908 μετέσχε
1801 1842 1893 1887 τοῦ

2005 1855 2203 1905 autem
2236 1851 2714 1920 Chrysostomus,
2746 1850 2912 1920 quod
2933 1850 3194 1904 Christus
3225 1854 3365 1905 tunc
3418 1851 3648 1921 primus

284 1922 608 1992 μύστηρίου,
661 1923 742 1974 ἵνα
786 1926 857 1993 μὴ
915 1920 1237 1995 ἀηδισθῶσι,
1298 1928 1492 1999 σαρκός
1539 1928 1628 1976 καί
1681 1926 1897 1996 αἵματος

2005 1938 2288 2011 participe
2301 1938 2729 2009 vitmyterium,
2755 1954 2829 1993 ne
2843 1938 3159 1993 molestum
3172 1938 3256 1994 eis
3280 1920 3452 2002 esset,
3483 1938 3649 2010 quod

284 2008 595 2081 μεταλαϐεῖν
645 2010 1049 2087 ἑπιτρεπόμενοιο
1086 2017 1168 2064 καὶ
1200 2016 1384 2064 τούτου
1418 2010 1477 2065 δὲ
1505 2019 1802 2087 τεκμῄριον,
1835 2018 1893 2067 τὸ

2005 2044 2239 2083 carnem
2274 2032 2328 2082 et
2353 2028 2703 2095 sanguinem
2738 2026 3093 2097 participare
3138 2043 3240 2083 eos
3272 2028 3645 2094 hortaretur;

286 2099 451 2151 εἰπεῖν
483 2099 654 2151 αύτόν’

2002 2119 2172 2187 cujus
2198 2116 2379 2172 etiam
2410 2116 2652 2185 signum
2683 2123 2807 2172 erat
2826 2116 2969 2188 quia
2992 2116 3168 2172 dixit:

364 2193 500 2260 Λέγω
531 2219 594 2228 ——
652 2194 854 2264 Πατρός
886 2210 1013 2262 μου,
1079 2190 1137 2243 Εἰ
1196 2188 1254 2243 δὲ
1302 2197 1392 2243 τοῦ
1444 2196 1696 2264 ποτηρίου
1749 2197 1893 2265 μετέ-

2074 2206 2234 2261 Vers.
2264 2210 2349 2261 29.
2398 2206 2539 2261 Dico
2590 2236 2657 2245 —-—
2695 2206 2887 2261 Patris
2916 2208 3041 2262 mei.
3090 2207 3258 2272 Quod
3288 2206 3337 2261 si
3366 2207 3648 2279 poculum

288 2297 414 2349 σχε,
473 2278 741 2350 μετέλαϐεν
812 2281 916 2353 ἄρα
992 2284 1079 2332 καὶ
1141 2288 1231 2331 τοῦ
1280 2282 1459 2353 ἄρτου.
1514 2285 1583 2333 T0
1649 2285 1738 2354 μὲν
1804 2279 1890 2333 οὖν

2001 2294 2393 2366 participavit,
2421 2294 2624 2365 utique
2651 2298 2708 2349 et
2727 2310 2967 2366 panem.
2997 2295 3243 2351 Posthac
3268 2278 3425 2362 vero,
3454 2296 3514 2351 id
3540 2301 3645 2362 est,

282 2366 505 2441 ἀπάρτι,
566 2372 809 2440 σημαίνει
887 2372 966 2439 τὸ,
1057 2367 1156 2422 ἀπὸ
1218 2377 1309 2421 τοῦ
1390 2378 1495 2422 νῦν.
1553 2370 1772 2445 Ἠμέραν
1832 2368 1892 2423 δὲ

2001 2383 2075 2439 ab
2104 2384 2219 2439 hac
2248 2384 2413 2439 hora.
2438 2384 2602 2438 Diem
2635 2390 2834 2439 autem
2856 2384 3021 2439 illum
3047 2388 3221 2440 vocat
3248 2388 3483 2457 tempus
3512 2390 3648 2456 post

281 2454 480 2515 ἐκείνην
535 2456 672 2528 λέγει
710 2461 795 2509 τὸν
846 2459 977 2529 μετὰ
1047 2464 1140 2516 τὴν
1221 2458 1507 2511 ἀνάστασιν
1562 2460 1721 2512 αὐτοῦ
1776 2480 1885 2512 και-

2000 2472 2528 2537 Resurrectionem,
2558 2473 2804 2544 quando
2830 2472 2952 2527 edit
2968 2476 3023 2528 et
3050 2473 3195 2528 bibit
3235 2454 3647 2545 cum—discipu-

281 2549 395 2620 ρὸν,
456 2546 540 2598 ὅτε
592 2549 746 2619 ἔφαγε
792 2551 882 2599 καὶ
939 2553 1046 2599 ἔπιε
1096 2551 1225 2620 μετὰ
1281 2557 1379 2600 τῶν
1428 2551 1691 2622 μαθητῶν,
1747 2550 1891 2602 ὂκαὶ

2002 2562 2108 2617 lis:
2145 2561 2306 2632 quod
2357 2561 2534 2616 etiam
2574 2560 2687 2633 ipsi
2737 2567 3037 2617 sumentes
3090 2577 3198 2633 pro
3229 2567 3390 2618 certo
3436 2563 3648 2618 Resur-

284 2632 437 2686 αὐτοὶ
492 2637 791 2707 ποιούμενοι
851 2644 947 2697 τῆς
1004 2634 1333 2698 ἀναστάσεως
1394 2638 1553 2690 αὑτοῦ
1602 2635 1889 2707 ἀπόδειξιν,

2002 2650 2277 2706 rectionis
2302 2648 2546 2713 indicio,
2579 2632 2876 2715 dicebant,
2914 2652 3029 2718 Qui
3068 2632 3553 2707 manducavimus
3597 2656 3649 2706 et

283 2723 473 2795 ἔλεγον,
556 2724 669 2796 (28)
740 2726 936 2785 Οἰτινες
992 2729 1338 2798 συνεφάγομεν
1418 2732 1508 2779 καὶ
1589 2732 1890 2800 συνεπίομεν

2004 2739 2249 2795 bibimus
2271 2754 2398 2794 cum
2421 2755 2485 2794 eo
2516 2741 2589 2795 ³⁸,
2626 2742 2855 2794 Novum
2896 2755 3056 2804 vero,
3095 2739 3155 2793 id
3181 2743 3268 2794 est
3288 2755 3442 2795 novo
3468 2745 3523 2794 et
3549 2740 3650 2794 ad-

285 2813 449 2865 αύτῶ.
485 2816 675 2865 Καινόν
725 2810 803 2879 δε,
860 2812 973 2865 ἀντὶ
1012 2822 1122 2880 τοῦ,
1180 2824 1368 2877 καινῶς
1398 2821 1487 2867 καὶ
1542 2814 1879 2889 παραδόξως.

2004 2827 2278 2883 mirando
2299 2828 2504 2884 modo.
2541 2829 2685 2882 Cum
2715 2828 2877 2883 enim
2899 2844 3113 2899 corpus
3142 2828 3389 2883 haberet
3418 2829 3651 2883 immor-

283 2909 392 2955 T06
443 2906 687 2971 σώματος
738 2904 837 2978 γὰρ
897 2901 1349 2975 ἀθανατισθέντος,
1402 2910 1491 2957 καὶ
1541 2910 1728 2977 μηκέτι
1768 2903 1889 2957 δεο-

2007 2917 2134 2983 tale,
2191 2933 2297 2972 nec
2350 2916 2612 2987 amplius
2645 2917 2779 2972 cibo
2810 2921 3002 2986 egeret
3038 2923 3141 2973 aut
3188 2922 3351 2989 potu,
3393 2916 3654 2973 comedit

289 2994 446 3064 μένου
507 2988 752 3066 βρώσεως
806 2993 834 3050 ᾖ
884 2996 1102 3058 πόσεως,
1156 2996 1310 3065 ἔφαγε
1347 2999 1435 3047 καὶ
1482 2997 1636 3059 ἔπιεν,
1698 2995 1757 3046 ού
1799 2990 1891 3046 διὰ

2003 3011 2199 3063 tamen
2223 3012 2278 3061 et
2305 3005 2456 3061 bibit
2484 3023 2495 3061 :
2529 3022 2652 3062 non
2682 3006 2763 3061 ob
2803 2988 3237 3073 necessitatem,
3263 3006 3366 3061 sed
3388 3006 3463 3061 ob
3488 3007 3650 3063 certi-

284 3084 499 3153 χρείαν,
562 3077 689 3131 ἀλλά
754 3076 844 3132 διὰ
901 3080 1011 3153 (29)
1060 3081 1427 3155 πληροφορίαν,
1464 3092 1554 3136 τού
1598 3088 1669 3157 μὴ
1708 3086 1931 3157 φάσμα(

2005 3094 2289 3160 tudinem,
2314 3110 2383 3149 ne
2422 3095 2777 3165 phantasma
2806 3095 3121 3150 videretur.
3157 3097 3426 3164 Regnum
3452 3098 3652 3150 autem

290 3165 487 3222 δοκεῖν.
518 3167 790 3221 Βασιλείαν
818 3165 877 3221 δὲ
905 3169 1051 3222 καλεῖ
1074 3175 1166 3229 τὴν
1197 3168 1439 3224 δοθεῖσαν
1461 3173 1600 3243 αύτῷ
1631 3174 1889 3239 ἐξουσίαν,

2007 3188 2175 3240 vocat
2196 3187 2541 3255 potestatem
2569 3184 2771 3240 datam
2806 3183 2917 3239 sibi
2952 3187 3235 3255 tanquam
3259 3183 3488 3239 homini
3519 3186 3654 3253 post

286 3260 358 3318 ὡς
391 3255 665 3331 ἀνθρώπῳ,
707 3261 834 3328 μετά
892 3262 987 3316 τὴν
1044 3258 1349 3313 ἀνάστασιν.
1408 3258 1599 3319 Ἐδόθη
1631 3282 1721 3334 μοι
1768 3264 1890 3337 γὰρ,

2006 3272 2515 3327 resurrectionem.
2552 3272 2702 3327 Data
2732 3279 2811 3327 est
2842 3271 3007 3335 mihi,
3038 3271 3249 3343 inquit,
3290 3273 3474 3327 omnis
3497 3277 3653 3342 pote-

288 3350 438 3419 φησὶ,
481 3352 632 3399 πᾶσα
661 3345 875 3408 ἐξουσία
901 3346 950 3398 ἐν
980 3347 1178 3421 ούρανῷ
1198 3354 1287 3401 καὶ
1318 3348 1400 3403 ἐπὶ
1421 3359 1487 3421 γῆ
1501 3371 1539 3411 ς.
1572 3358 1675 3403 Τοῦ
1697 3355 1895 3423 Πατρός

2005 3367 2125 3416 stas
2164 3362 2225 3415 in
2254 3362 2390 3415 cwlo
2419 3361 2555 3416 etin
2584 3366 2747 3417 terra
2772 3362 2839 3414 ³⁷.
2898 3361 3091 3414 Patris
3122 3364 3320 3415 tamen
3372 3361 3487 3415 mei
3514 3360 3652 3415 dicit

285 3454 390 3507 μου
424 3432 503 3502 δὲ,
536 3440 801 3504 τουτέστι,
834 3442 895 3507 τῇ
931 3437 1030 3488 ύπό
1060 3445 1152 3489 τοῦ
1178 3444 1382 3510 Πατρός
1410 3456 1510 3511 μου
1534 3436 1748 3512 δοθείσῃ
1783 3460 1892 3512 μοι.

2003 3452 2118 3506 hoc
2146 3452 2248 3515 est,
2272 3449 2435 3522 quod
2466 3465 2503 3506 a
2538 3452 2703 3505 Patre
2734 3448 2881 3505 mihi
2906 3448 3116 3503 datum
3166 3452 3270 3503 est.
3306 3452 3424 3504 Hoc
3454 3452 3650 3504 autem

288 3526 454 3580 Τοῦτο
486 3520 546 3577 δε
578 3522 707 3591 εἶπε,
753 3528 843 3577 καὶ
873 3521 1013 3577 διότι
1041 3529 1169 3599 πρὸς
1196 3527 1349 3579 αὐτόν
1384 3526 1620 3603 ἀναφέρει
1640 3530 1808 3581 πάντα
1835 3530 1898 3581 τὰ

1868 3530 1898 3581 ἀ
2005 3538 2171 3604 dixit,
2189 3520 2329 3609 quia
2349 3538 2427 3595 ad
2456 3537 2623 3593 illum
2650 3536 2824 3593 refert
2844 3535 3049 3593 omnia
3074 3553 3201 3608 quae
3233 3552 3340 3591 sua
3362 3540 3515 3592 sunt.

292 3631 505 3667 εαυτου.

363 3709 583 3782 Ὁμοίως
613 3707 672 3763 δὲ
697 3716 786 3763 καὶ
830 3712 1041 3785 Μάρκος
1094 3713 1334 3787 ἔγραψεν.
1390 3713 1553 3767 Ὀταν
1611 3715 1736 3767 αὐτὸ
1766 3720 1896 3768 πίνω

2079 3734 2352 3791 Similiter
2373 3738 2427 3790 et
2456 3736 2681 3789 Marcus
2710 3731 2946 3804 scripsit
2969 3749 2981 3786 :
3004 3732 3247 3800 Quando
3268 3732 3457 3788 bibam
3479 3733 3651 3788 illum

194 3848 207 3857 ,
293 3801 472 3849 καινὸν
532 3800 579 3850 ἓν
635 3809 697 3873 τῇ
782 3800 1027 3874 βασιλείᾳ
1078 3810 1169 3854 1'06
1245 3810 1396 3855 Θεοῦ.
1484 3809 1587 3857 Ναὶ
1655 3810 1751 3876 μὴν
1808 3826 1839 3857 κ

314 3892 327 3903 .
457 3892 478 3902 -
593 3887 611 3903 .
643 3895 676 3903 ..
826 3891 845 3903 .
1004 3893 1016 3903 ,
1098 3889 1123 3903 η
1224 3890 1298 3903 ..
1472 3900 1491 3903 μ
1584 3898 1605 3903 -
1680 3901 1699 3903 _
1757 3892 1833 3903 μ-

2007 3840 2219 3880 novum
2248 3824 2312 3879 in
2339 3838 2511 3891 regno
2543 3822 2649 3879 Dei
2672 3823 2740 3876 ³⁸.
2770 3822 3058 3877 Praeterea
3088 3822 3269 3876 Lucas
3300 3837 3311 3876 :
3348 3821 3539 3877 Donec
3566 3836 3653 3876 re-

296 3892 527 3954 Λουκᾶς,
593 3889 749 3952 Ἐως
820 3891 937 3942 ὅτου
994 3893 1024 3949 ἡ
1088 3889 1335 3964 βασιλεία
1402 3900 1492 3944 τοῦ
1575 3898 1701 3946 Θεοῦ
1751 3892 1894 3967 ἔλθῃ·

2006 3929 2186 3984 gnum
2212 3914 2327 3968 Dei
2348 3889 2542 3969 veniat
2566 3914 2614 3947 ³ο
2645 3928 2658 3966 :
2688 3914 2967 3967 vocantes
2994 3910 3057 3966 hi
3087 3910 3354 3966 similiter
3377 3925 3652 3979 regnum,

296 3975 575 4048 βασιλείαν
600 3983 689 4030 καὶ
729 3979 891 4044 οὗτοι,
943 3984 1036 4038 τὴν
1087 3977 1427 4048 δηλωθεῐσαν,
1462 3981 1709 4053 λέγοντες,
1760 3982 1898 4045 ἐξου-

347 4069 358 4081 1
474 4064 529 4081 εΑ
585 4061 617 4081 “ι
685 4071 694 4081 ι
823 4073 843 4081 α.
904 4070 928 4081 Α.
1078 4073 1087 4081 ι
1250 4074 1258 4081 .
1381 4077 1400 4081 .-
1624 4080 1641 4081 7
1676 4078 1717 4081 _

2009 3975 2357 4075 praedictam
2375 4004 2747 4073 potestatem.
2769 4000 2951 4055 Lucas
2967 4000 3142 4055 etiam
3158 4001 3231 4055 de
3243 3999 3418 4069 legali
3432 3975 3656 4055 lsascha

299 4069 444 4116 σίαν.
474 4064 533 4117 Ὀ
574 4061 631 4118 δε
668 4071 876 4130 Λουκᾶς
903 4070 976 4120 ἔτι
1007 4073 1096 4121 καὶ
1149 4074 1267 4142 περὶ
1312 4077 1402 4122 1'06
1431 4080 1644 4143 νομικοῦ
1676 4078 1899 4143 Πασχα-

2009 4061 2302 4149 ἆὴτὶειιιω
2333 4091 2413 4147 ait
2442 4091 2690 4145 dixisse:
2720 4090 2855 4145 Non
2884 4089 3045 4145 edam
3074 4105 3148 4146 ex
3186 4104 3249 4145 eo
3297 4089 3471 4144 donec
3501 4104 3656 4144 com-

297 4159 465 4226 φησὶν
515 4159 669 4206 εἰπεῖν
711 4159 796 4208 τὸν
833 4161 1086 4231 Χριστόν,
1121 4159 1200 4210 ὅτι
1240 4159 1314 4210 Ού
1344 4164 1415 4231 μὴ
1450 4162 1597 4232 φάγω
1635 4161 1688 4224 ἐξ
1715 4162 1894 4230 αὐτοῦ,

299 4242 321 4257 ..
438 4243 458 4255 η
638 4242 657 4260 κ
785 4244 1270 4260 ._,_,...
1421 4247 1863 4260 ___....-

2008 4182 2249 4251 pleatur
2265 4197 2328 4236 ιη
2342 4195 2516 4251 regno
2531 4180 2642 4236 Dei
2666 4182 2734 4246 ³ο,
2758 4177 2924 4251 quod
2935 4177 3207 4233 videlicet
3228 4177 3333 4233 erit
3354 4178 3414 4232 in
3434 4177 3655 4233 saeculo

294 4242 394 4303 ἕως
430 4243 550 4294 ὅτου
602 4242 841 4319 πληρωθῇ
877 4244 925 4297 ἐν
955 4255 1016 4320 τῇ
1061 4246 1306 4320 βασιλείᾳ
1352 4256 1442 4300 τοῦ
1477 4258 1630 4319 Θεοῦ,
1664 4247 1896 4320 δηλαδὴ,

2009 4242 2255 4327 venturo
2282 4286 2295 4325 :
2337 4242 2475 4326 tunc
2505 4269 2664 4325 enim
2703 4242 2925 4325 Pascha
2964 4267 3225 4339 perﬁciet
3255 4271 3311 4323 et
3341 4266 3656 4338 perfectius

293 4340 361 4404 τῇ
429 4337 564 4385 κατὰ
618 4337 702 4386 τὸν
786 4337 947 4388 ἀίὠνα
997 4340 1084 4389 τὸν
1140 4337 1409 4410 μέλλοντα.
1472 4343 1572 4392 Καὶ
1631 4344 1745 4393 τότε
1799 4344 1897 4417 γὰρ

302 4420 317 4435 ς
437 4420 491 4437 η.
639 4427 648 4437 .
706 4426 788 4437 ...
1023 4424 1039 4437 .
1113 4430 1120 4437 .
1232 4432 1238 4437 .
1470 4432 1478 4437 .
1596 4430 1613 4437 -
1713 4434 1719 4437 .

2010 4363 2065 4415 et
2086 4359 2310 4430 purius,
2329 4357 2652 4413 immolans
2672 4337 2986 4413 ineffabile
2997 4356 3258 4411 Verbum
3273 4337 3590 4411 divinitatis
3602 4358 3657 4410 et

295 4420 569 4475 ἐπιτελέα-ει
598 4427 655 4475 τὸ
706 4426 910 4496 Πάσχα
967 4424 1273 4499 τελειότερον
1315 4447 1369 4479 τε
1398 4432 1487 4479 καὶ
1518 4430 1898 4502 καθαρώτερον,
1931 4442 1942 4495 ]

2009 4420 2397 4504 humanitatis
2423 4463 2565 4509 suae,
2586 4445 2787 4515 gladio
2800 4444 3083 4500 doctrinae
3102 4445 3406 4499 dissecans
3427 4442 3568 4498 illud
3586 4458 3656 4499 ac

297 4511 433 4562 θύων
481 4515 565 4564 τόν
625 4511 917 4588 ἀπόρρητον
970 4514 1119 4585 λόγον
1175 4524 1265 4587 τῇς
1324 4517 1563 4577 θεότητος
1601 4517 1761 4569 αὐτοῦ
1810 4524 1901 4571 καὶ

2013 4536 2281 4591 dividens
2307 4536 2399 4591 his
2439 4536 2545 4608 qui
2576 4549 2876 4591 sacrorum
2908 4549 3155 4589 suorum
3186 4531 3460 4588 doctrina
3490 4530 3660 4599 digni

289 4607 391 4671 τῇς
418 4598 831 4673 ἀνθρωπότητος,
868 4611 929 4675 τῇ
980 4607 1228 4676 μαχαίρᾳ
1258 4611 1352 4676 τῇς
1398 4600 1772 4669 διδασκαλίας,
1812 4612 1902 4658 καὶ
2011 4629 2205 4682 erunt.

289 4685 517 4763 διαιρῶν
554 4691 709 4743 αύτὸν
738 4696 829 4744 καὶ
874 4688 1129 4765 διανέμων
1164 4698 1273 4753 τοῖς
1331 4692 1495 4755 ἀξίοις
1534 4702 1628 4765 τῇς
1657 4698 1901 4758 τοιαύτης

286 4798 365 4851 μυ
374 4784 669 4851 σταγωγίας
678 4818 690 4831 .

366 4871 459 4930 Τίς
489 4864 549 4920 δε
576 4871 607 4926 ἡ
658 4872 811 4930 πόσις
1006 4875 1096 4923 καὶ
1118 4870 1168 4942 [ἡ
1225 4869 1516 4933 ἀπόλαυσις
1542 4888 1557 4939 ;
1588 4872 1759 4945 Ἠμῶν
1789 4877 1900 4947 μὲν,

2080 4872 2252 4942 Quod
2281 4875 2482 4929 autem
2519 4868 2613 4926 vel
2642 4871 2937 4942 quantum
2983 4864 3272 4936 gaudium
3300 4870 3406 4933 est,
3445 4868 3509 4921 ut
3545 4880 3658 4921 nos

365 4995 417 5029 ³⁵
461 4994 597 5050 Luc.
645 5009 789 5066 xm,
836 4999 919 5053 l9.
966 4996 1014 5031 ³⁸
1054 4997 1174 5052 Act.
1237 5011 1297 5061 x,
1340 4997 1430 5051 41.
1469 4998 1517 5032 ²¹¹
1562 4998 1757 5055 Matth.
1803 5013 1999 5066 xxvui,

2045 4998 2134 5053 18.
2186 4997 2235 5032 ³⁸
2284 4999 2456 5053 Marc.
2506 4995 2594 5059 14,
2650 4996 2739 5048 25.
2798 4994 2845 5027 ²⁹
2900 4992 3041 5048 Luc.
3094 5005 3193 5057 xx,
3253 4992 3342 5046 18.
3416 4990 3463 5026 ³ο
3508 4988 3658 5045 Ibid.

289 5085 386 5139 16.

1545 5264 2107 5333 Variaelectiones
2124 5272 2402 5332 etnotae.

390 5525 483 5601 28)
520 5528 667 5599 Ὅτι,
690 5544 802 5601 pro
827 5525 1006 5591 οἵτινες
1030 5530 1137 5587 dat
1160 5530 1304 5587 Cod.
1338 5532 1409 5589 A.
2016 5552 2037 5584 τ

2019 5538 2155 5588 πόση
2189 5525 2269 5592 τῖς
2284 5533 2338 5588 ἡ.
2368 5528 2482 5585 Sed
2500 5544 2594 5601 ea.
2615 5544 2795 5601 quam
2817 5543 2927 5601 nos
2949 5526 3352 5601 exhibuimus,
3377 5530 3463 5579 est
3491 5525 3666 5601 unica

392 5597 483 5669 29)
525 5597 888 5666 Ambo—mittit
919 5602 1065 5659 Cod.
1102 5606 1169 5659 A.
2016 5618 2153 5659 vera
2180 5602 2371 5658 lectio.
2400 5603 2487 5657 Ita
2507 5597 2665 5656 enim
2693 5599 2770 5655 ad
2807 5598 3062 5655 verbum
3088 5598 3253 5669 apud
3286 5597 3529 5663 Gregor.
3563 5598 3666 5649 Ne-

389 5458 481 5546 ἓῖὶ
517 5460 933 5546 ΤΒΨᾏῩῙΒΡ
966 5458 1201 5546 ⁷⁸ἓκ¹³λ
1263 5530 1280 5546 .
1353 5532 1366 5546 .
2018 5464 2036 5517 ί

2018 5464 2113 5517 tur
2163 5459 2416 5546 legisse":
2462 5460 2568 5546 ¹Τίς
2624 5454 2683 5509 δὲ
2744 5457 2833 5507 κὰὶ
2887 5456 3118 5546 «danti
3175 5453 3497 5546 ,ἀπόλαυσις
3567 5457 3664 5535 aut

389 5462 456 5515 27
517 5464 689 5517 Tom.
728 5460 933 5546 Vll,p.
966 5459 1090 5515 783.
1130 5458 1195 5514 Β.

390 5533 458 5585 28
520 5528 667 5599 Ὅτι,
690 5544 802 5601 pro
827 5549 1006 5591 οιτινες
1030 5530 1137 5587 dat
1160 5530 1304 5587 Cod.
1338 5532 1409 5589 A.

392 5605 460 5657 29
525 5604 640 5666 Διά,
670 5601 888 5657 omittit
919 5602 1065 5659 Cod.
1102 5606 1169 5659 A.

392 5676 461 5729 30
526 5676 772 5740 Ποσότις,
801 5688 910 5745 pro
935 5676 1107 5737 πόσις,
1137 5673 1283 5730 Cod.
1319 5676 1384 5730 A.
1414 5676 1731 5732 Hentenius
1746 5674 1907 5731 vide-

1130 5458 1195 5514 B.
2018 5464 2113 5517 tur
2163 5459 2378 5529 legisse
2404 5474 2416 5514 :
2475 5460 2568 5519 Τίς
2624 5458 2683 5509 δὲ

1093 5534 1137 5587 ιι
1160 5530 1304 5587 Cod.
1338 5532 1409 5589 Α.
2016 5538 2155 5588 πόση
2189 5533 2338 5592 τιςὴ.
2368 5528 2482 5585 Sed
2500 5544 2590 5588 ea.
2615 5544 2740 5598 qua:

1102 5606 1169 5659 A.
2016 5618 2153 5659 vera
2180 5602 2371 5658 lectio.
2400 5603 2487 5657 Ita
2507 5600 2665 5656 enim
2693 5616 2740 5655 a1

1094 5714 1107 5737 ,
1137 5673 1283 5730 Cod.
1319 5676 1384 5730 A.
1414 5676 1731 5732 Hentenius
1746 5674 1907 5731 vide-
2017 5676 2195 5730 zianz.
2225 5689 2285 5745 p.
2326 5673 2429 5729 258
2458 5672 2613 5729 circa
2637 5671 2740 5727 ﬁn.
