4170 6334
291 333 402 390 673

1241 324 1595 393 COMMENT.
1638 330 1707 388 IN
1745 325 2178 389 MATTHAEUM.
2218 366 2287 375 —
2318 336 2473 393 CAP.
2505 336 2700 393 XXVI.

3556 340 3662 401 674

293 461 573 513 Ματθαίου
632 464 892 532 φήσαντος
934 463 1015 514 611
1072 464 1097 514 6
1135 464 1367 535 Χριστὸς
1415 465 1515 534 πρὸ
1567 468 1662 522 τῆς
1714 457 1893 512 διανο-

2006 460 2179 516 modo
2202 476 2340 517 cum
2364 461 2673 517 Matthaaus
2710 462 2925 520 dixerit
2968 460 3266 522 Christum
3320 474 3455 524 ante
3487 469 3662 525 tradi-

295 558 403 621 μῆς
450 559 547 601 τῶν
589 555 894 621 μυστηρίων
945 550 1230 624 ἐφανέρωσε
1296 555 1381 603 τὸν
1437 546 1721 624 προδότην,
1764 548 1892 602 ἁπο-

295 641 493 713 κριθεὶς
540 642 671 712 πρὸς
709 638 863 691 αὐτὸν
911 644 966 691 τὸ
1020 644 1085 692 Σύ
1140 636 1303 705 εἶπας,
1362 635 1514 699 αὖθις
1557 641 1582 690 6
1632 639 1890 704 Ἰωάννης,

295 730 423 799 μετά
460 731 548 784 τὴν
608 723 883 801 διανομὴν,
933 728 1244 800 ἀγνοοῦντας
1305 731 1501 801 ἱστορεῖ
1556 731 1671 788 τοὺς
1728 728 1895 799 μαθη-

295 819 410 881 τὰς,
466 821 556 867 καὶ
600 815 1004 889 ἀπορουμένους,
1053 822 1133 870 ὅτε
1175 823 1266 870 καὶ
1314 818 1514 884 ἑαυτὸν,
1569 817 1668 868 ὑπὸ
1700 820 1895 889 Πέτρου

292 907 719 980 παρορμηθέντα,
782 903 1102 980 διερωτῆσαι
1166 906 1302 978 λέγει
1381 910 1467 958 τὸν
1549 902 1893 967 Διδάσκαλον,

290 999 386 1045 καὶ
432 991 653 1052 δοθῆναι
696 1002 908 1067 σημεῖον
952 999 1010 1047 τὸ
1070 994 1230 1067 βαφεν
1282 995 1509 1067 ψωμίον.
1578 992 1735 1051 Δῆλον
1778 993 1896 1062 (34)

288 1085 417 1157 γὰρ,
474 1086 542 1145 ὡς
593 1084 805 1158 ὕστερον
863 1092 1015 1136 τοῦτο
1058 1089 1233 1156 γέγονε
1282 1105 1295 1117 ο
1357 1083 1544 1136 Λαϐὼν
1572 1085 1696 1155 γὰρ,
1745 1086 1896 1153 φησὶ,

293 1176 357 1224 1'6
419 1172 622 1245 ψωμίον
688 1171 895 1236 ἐκεῖνος,
980 1173 1163 1235 εύθέως
1236 1172 1433 1235 ἐξῆλθε.
1488 1180 1609 1232 Τοῖς
1665 1174 1753 1243 μὲν
1811 1166 1898 1222 οὖν

296 1261 475 1322 ἄλλοις
523 1260 797 1332 ἐξηγηταῖς
874 1259 1123 1334 οὐδεμιᾶς
1202 1260 1514 1323 ἐπιστασίας
1593 1259 1787 1322 ἠξιώθη
1840 1260 1898 1311 τὸ

292 1354 465 1422 παρὸν
515 1350 745 1423 ζήτημα·
795 1350 1175 1422 φιλοπονήσασι
1226 1347 1283 1403 δὲ
1338 1352 1483 1422 ἡμῖν,
1517 1351 1541 1400 ὃ
1579 1346 1899 1419 διεγνώσθης

289 1438 613 1511 ῥηθήσεται.
646 1444 972 1512 Νωοήκαμεν
1024 1442 1148 1514 γὰρ,
1200 1440 1279 1491 ὅτι
1320 1443 1420 1514 πρὸ
1470 1446 1561 1490 τοῦ
1599 1439 1758 1511 ἄρτου
1810 1440 1899 1488 καὶ

288 1534 389 1579 τοῦ
446 1533 702 1601 ποτηρίου
764 1537 861 1579 τῶν
932 1532 1179 1601 μαθητῶν
1261 1537 1442 1590 κοινῶς
1504 1527 1895 1601 ἐρωτησάντων,

291 1618 320 1668 6
374 1621 607 1691 Χριστὸς
662 1626 863 1692 πρῶτον
923 1622 1012 1690 μὲν
1067 1615 1230 1671 ἔδωκε
1280 1624 1557 1692 γνώρισμα
1611 1620 1897 1689 κοινότερον

294 1708 377 1771 τὸ,
440 1706 498 1759 Ὀ
563 1705 803 1780 ἐμϐάψας
860 1707 969 1780 μετ’
1045 1706 1190 1780 ἐμοῦ,
1245 1712 1332 1760 καὶ
1385 1706 1444 1759 Ὀ
1497 1705 1894 1779 ἐμϐαπτόμενος.

300 1799 406 1847 Καὶ
475 1798 575 1870 γὰρ
646 1798 833 1857 πάντες
896 1802 987 1849 καὶ
1068 1796 1316 1868 ἐνέϐαψαν

298 1886 373 1936 ἔτι
572 1882 681 1937 εἶτα
703 1893 793 1937 τοῦ
830 1882 1095 1957 προδότου
1141 1882 1325 1946 ἰδικῶς
1359 1885 1735 1958 ἐρωτήσαντος,
1765 1904 1898 1959 προ-

300 1974 518 2032 σέθηκεν
560 1969 857 2049 ἰδικώτερον
906 1978 984 2039 16,
1033 1978 1097 2026 Σύ
1129 1971 1294 2036 εἶπας.
1348 1973 1501 2027 Ἀλλὰ
1547 1977 1604 2025 τὸ
1636 1976 1725 2045 μεν
1755 1981 1897 2045 πρῶ-

293 2081 383 2114 τον
426 2068 701 2135 γνώρισμα
755 2063 926 2116 πλεῖον
993 2068 1360 2127 συνεσκίαστο,
1433 2066 1490 2114 τὸ
1558 2060 1794 2135 δεύτερον
1841 2059 1900 2114 δε

293 2150 526 2204 ἔλαττον.
578 2150 752 2224 Ὀμως
792 2149 850 2204 δὲ
897 2157 987 2205 καὶ
1034 2160 1186 2205 τοῦτο
1259 2156 1623 2217 συνεσκίαστο,
1676 2147 1770 2203 διὰ
1816 2170 1901 2223 φι-

292 2240 645 2315 λανθρωπίαν,
690 2244 758 2303 ὡς
814 2242 895 2307 ἄν,
954 2241 1053 2294 ἀπὸ
1095 2261 1147 2294 τε
1188 2249 1279 2294 τοῦ
1333 2245 1622 2314 κοινοτέρου
1674 2245 1763 2292 καὶ
1808 2247 1901 2291 τοῦ

294 2327 377 2383 ἰδι
444 2334 633 2404 ωτέρου
694 2334 847 2401 γνοὺς
922 2332 947 2382 6
997 2331 1109 2403 (36)
1187 2327 1391 2393 Ἰούδας
1449 2332 1529 2383 ὅτι
1594 2330 1651 2382 ού
1702 2328 1900 2396 λέληθε,

286 2418 672 2491 μεταμεληθείη
750 2422 849 2492 πρὸ
943 2426 1033 2471 τοῦ
1112 2416 1505 2491 διαγνωσθῆναι
1564 2425 1674 2479 τοῖς
1735 2417 1905 2494 ἄλλοις

286 2509 574 2581 μαθηταῖς.
636 2507 774 2561 Ἀλλ’
828 2508 972 2561 οὗτοι
1018 2511 1127 2581 μὲν,
1185 2511 1299 2560 οὔτε
1366 2507 1466 2560 ἀπὸ
1547 2514 1637 2559 τοῦ
1694 2512 1902 2580 πρώτου

287 2602 674 2670 γνωρίσματος,
762 2601 877 2649 οὔτε
950 2596 1051 2649 ἀπὸ
1125 2604 1216 2649 τοῦ
1294 2593 1536 2672 δευτέρου
1602 2593 1902 2657 δυνηθέντες

291 2694 507 2752 νοῆσαι,
557 2690 637 2747 τίς
678 2688 703 2738 6
732 2684 1001 2759 προδότης
1048 2685 1179 2739 ἐστί’
1235 2690 1289 2739 16
1326 2690 1449 2760 γὰρ,
1492 2690 1558 2739 Σύ
1604 2682 1769 2750 εἶπας,
1815 2684 1901 2736 αἰ-

293 2780 515 2848 νίγματι
569 2775 732 2847 ἐῴκει·
791 2772 914 2828 ούδέ
964 2777 1062 2849 γὰρ
1118 2774 1172 2827 ἐκ
1221 2783 1311 2828 τοῦ
1367 2782 1659 2849 προφανοῦς
1710 2772 1903 2845 ὡμολό-

292 2884 480 2936 γησεν,
532 2866 612 2916 611
663 2866 792 2936 Ἐγώ
860 2865 985 2936 εἰμι,
1037 2863 1164 2916 ἀλλὰ
1240 2865 1353 2916 κατ’
1413 2864 1684 2939 ἐρώτησιν,
1758 2867 1901 2920 Μήτι

296 2952 404 3023 ἐγὼ
456 2952 601 3024 εἰμι;
652 2955 955 3024 ἡσύχασαν,
1009 2960 1209 3027 μήποτε
1256 2960 1345 3006 καὶ
1400 2954 1509 3025 (37)
1570 2948 1899 3028 προσονειδι-

300 3043 525 3105 σθῶσιν,
566 3044 635 3103 ὡς
677 3041 902 3101 ἀνόητοιο
958 3048 1047 3095 καὶ
1088 3046 1186 3117 ’γὰρ
1250 3048 1337 3096 καὶ
1382 3043 1560 3095 οἶλλοτε
1601 3050 1752 3095 τοῦτο
1802 3062 1895 3094 πε-

2001 548 2227 606 tionem
2265 551 2691 622 mysteriorum
2720 552 3127 611 manifestasse
3156 556 3542 628 proditorem,
3569 573 3662 613 re-

2005 639 2309 710 spondens
2340 639 2444 703 illi,
2488 640 2573 694 Tu
2602 640 2811 697 dixisti
2854 643 2922 698 3‘.
2952 646 3173 700 Rursus
3212 644 3471 702 Joannes
3527 653 3662 718 post

2006 728 2419 798 mysteriorum
2435 728 2813 787 traditionem
2830 731 3172 801 ignorantes
3187 734 3389 791 scribit
3401 736 3661 809 discipu-

2004 814 2093 870 los
2124 832 2190 870 ac
2221 817 2559 873 haesitantes
2588 834 2598 873 :
2626 820 2865 886 quando
2896 826 2951 875 et
2999 823 3263 895 seipsum
3313 840 3349 879 a
3378 828 3543 882 Petro
3574 825 3661 881 in-

2007 902 2271 968 citatum,
2314 904 2709 978 interrogasse
2753 908 2895 964 dicit
2947 910 3393 982 Praeceptorem,
3449 922 3505 970 et
3546 914 3659 970 sibi

2006 994 2202 1047 datum
2219 1009 2344 1049 esse
2364 994 2590 1065 signum
2613 996 2922 1052 intinctam
2941 997 3190 1055 offulam
3203 1001 3270 1054 ³⁸.
3287 1002 3657 1058 Manifestum

2007 1082 2167 1137 enim
2196 1088 2303 1146 est,
2321 1084 2483 1155 quod
2507 1085 2615 1139 hoc
2627 1089 2836 1156 postea
2866 1085 3090 1142 factum
3109 1094 3213 1143 est.
3236 1092 3383 1145 Nam
3404 1097 3655 1160 accepta,

2007 1169 2214 1243 inquit,
2230 1172 2330 1227 ille
2345 1173 2538 1241 o/Tula,
2558 1173 2739 1229 exivit
2761 1175 3036 1230 continuo
3055 1177 3126 1232 ³⁸.
3163 1176 3397 1233 Centeris
3415 1178 3659 1249 quidem

2007 1260 2450 1316 enarratoribus
2482 1261 2644 1317 nulla
2683 1279 2827 1319 cura
2865 1263 3050 1334 digna
3077 1265 3351 1337 apparuit
3391 1282 3657 1338 praesens

2007 1349 2250 1420 quaestio
2281 1366 2293 1403 :
2319 1366 2428 1407 nos
2455 1356 2653 1407 autem
2682 1354 2847 1424 quod
2878 1359 3009 1424 post
3046 1355 3265 1410 multos
3292 1355 3531 1412 labores
3574 1356 3661 1412 in-

2008 1437 2357 1503 telleximus,
2377 1439 2437 1493 in
2462 1439 2729 1496 medium
2751 1440 3090 1497 afferemus.
3117 1444 3491 1514 Percepimus
3515 1459 3659 1501 sane

2007 1527 2169 1598 quod
2223 1534 2357 1585 ante
2388 1545 2607 1601 panem
2667 1534 2723 1585 et
2751 1530 3033 1601 poculum
3090 1531 3387 1604 discipulis
3439 1534 3661 1604 pariter

2006 1616 2538 1685 interrogantibus,
2561 1617 2822 1674 Christus
2848 1620 3084 1690 signum
3108 1621 3269 1678 dedit
3291 1638 3613 1679 commune
3643 1640 3656 1675 :

2010 1705 2121 1772 Qui
2148 1706 2417 1771 intinxti,
2469 1707 2679 1779 inquit,
2740 1724 2965 1765 mecum
3000 1726 3011 1764 :
3046 1715 3141 1769 et:
3170 1710 3279 1776 Qui
3308 1711 3655 1782 intingitur.

1410 1801 1495 1848 καὶ
1570 1795 1898 1848 ἐνεϐάπτοντο

2009 1794 2313 1867 Siquidem
2344 1811 2555 1851 omnes
2587 1801 2644 1852 et
2688 1796 3061 1865 intinxerant,
3095 1806 3149 1854 et
3178 1800 3376 1855 adhuc
3411 1800 3659 1871 intinge-

2004 1884 2244 1939 bantur.
2264 1884 2481 1939 Deinde
2499 1884 2800 1955 proditore
2837 1887 3222 1956 singulariter
3256 1889 3658 1958 interrogante

2006 1970 2671 2043 addiditparticularius
2701 1973 2905 2028 dicens
2936 1991 2949 2039 ;
2982 1976 3067 2029 Tu
3105 1976 3321 2031 dixisti.
3353 1977 3466 2032 Sed
3493 1978 3657 2048 prius

2004 2060 2246 2132 quidem
2267 2060 2554 2116 indicium
2572 2061 2761 2130 magis
2778 2061 3177 2129 obumbravit,
3207 2066 3536 2121 secundum
3560 2082 3658 2122 au-

2007 2154 2145 2217 tem,
2169 2149 2368 2205 minus
2383 2149 2651 2221 quidem,
2676 2155 2937 2207 attamen
2956 2151 3134 2208 etiam
3154 2153 3266 2209 hoc
3291 2153 3658 2226 benignitate

2007 2238 2387 2295 obumbravit
2419 2254 2432 2305 ;
2463 2244 2521 2295 ut
2549 2239 2733 2296 Judas
2762 2241 3001 2312 cognito
3032 2246 3152 2298 tam
3186 2259 3216 2298 a
3260 2244 3657 2300 communiori

2010 2327 2199 2399 signo,
2220 2343 2405 2400 quam
2421 2344 2455 2383 a
2470 2328 2902 2400 particulariori
2920 2332 3081 2402 quod
3096 2347 3216 2387 non
3229 2331 3455 2397 lateret,
3476 2334 3657 2405 paeni-

2008 2417 2191 2475 tentia
2233 2417 2547 2473 duceretur
2579 2422 2900 2489 antequam
2930 2421 3155 2475 caeteris
3210 2420 3518 2493 discipulis
3548 2438 3653 2475 ma-

2009 2506 2406 2562 nifestaretur.
2441 2509 2651 2561 Verum
2691 2507 2751 2561 hi
2781 2523 2976 2579 neque
3001 2524 3037 2564 a
3076 2509 3254 2580 priori
3285 2509 3528 2577 indicio,
3558 2525 3657 2566 ne-

2009 2611 2126 2667 que
2169 2611 2205 2650 a
2246 2595 2553 2667 posteriori
2606 2596 2928 2666 intelligere
2979 2603 3299 2668 potuerunt
3340 2600 3475 2669 quis
3505 2603 3659 2655 esset

2010 2684 2280 2755 proditor
2312 2701 2325 2750 ;
2358 2685 2505 2740 illud
2536 2684 2695 2741 enim
2731 2702 2743 2741 :
2780 2687 2866 2741 Tu
2892 2685 3117 2752 dixisti,
3145 2687 3448 2759 aenigmati
3468 2688 3658 2743 simile

2008 2776 2150 2827 erat.
2207 2774 2322 2828 Nec
2366 2772 2523 2827 enim
2580 2772 2892 2829 manifeste
2932 2772 3245 2829 confessus
3298 2779 3423 2830 erat
3467 2792 3480 2829 :
3537 2778 3657 2847 Ego

2010 2877 2166 2926 sum,
2193 2861 2299 2917 sed
2329 2877 2430 2933 per
2460 2861 2986 2932 interrogationem
3010 2863 3343 2934 :Numqm'd
3362 2879 3466 2934 ego
3487 2864 3657 2920 sum?

2005 2950 2205 3022 itaque
2235 2954 2565 3015 tacuerunt,
2596 2966 2671 3006 ne
2711 2966 2832 3022 quo
2863 2951 3042 3007 modo
3071 2958 3361 3023 tanquam
3392 2952 3658 3010 insensa-

2006 3039 2077 3095 tis
2134 3039 2519 3110 exprobraret
2571 3038 2872 3099 Christus:
2906 3056 3048 3096 nam
3085 3045 3140 3096 et
3177 3041 3293 3096 hoc
3322 3041 3464 3097 alibi
3493 3042 3658 3113 passi

296 3132 573 3184 πόνθασιν·
633 3130 837 3193 Ἰούδας
889 3129 969 3200 δὲ,
1019 3131 1118 3184 ἀπὸ
1173 3140 1264 3184 τοῦ
1309 3129 1551 3206 δευτέρου
1604 3136 1900 3206 γνωρίσμα-

2008 3132 2162 3184 sunt.
2176 3130 2205 3182 J
2214 3129 2362 3184 udas
2378 3146 2516 3185 vero
2530 3146 2565 3185 a
2579 3129 2843 3185 secundo
2856 3130 3101 3201 quidem
3113 3130 3336 3186 indicio
3356 3131 3653 3199 intellexit,

290 3240 388 3282 10;
441 3228 631 3280 συνῆκε
659 3224 768 3292 μὲν,
816 3222 896 3273 611
945 3218 1237 3293 διεγνώσθη
1272 3230 1344 3293 τῷ
1392 3228 1633 3297 Χριστῷ’
1684 3221 1894 3292 λογισά-

289 3328 445 3382 μενος
507 3306 585 3378 δε,
640 3311 716 3361 611
769 3313 912 3362 οὔπω
969 3314 1094 3372 τέως
1142 3318 1247 3371 τοῖς
1303 3313 1566 3383 μαθηταῖς
1613 3315 1899 3383 πεφανέρω-

290 3417 404 3460 ται,
453 3403 524 3469 μὴ
576 3402 873 3457 νποηκόσιν
923 3402 1020 3470 ἔτι,
1053 3403 1140 3452 τὸν
1181 3400 1462 3473 ἀγνοοῦντα
1511 3407 1895 3473 προσεποιεῖτο,

285 3495 389 3550 τῆς
442 3494 534 3539 τοῦ
584 3484 915 3540 διδασκάλου
972 3489 1309 3565 καταθαῤῥῶν
1368 3489 1707 3553 ἀνεξικακίας·
1769 3493 1900 3561 μετὰ

293 3573 358 3629 δέ
397 3595 456 3648 γε
504 3581 599 3635 τὴν
641 3585 740 3629 τῶν
780 3582 1083 3651 μυστηρίων
1130 3575 1405 3651 διανομὴν,
1454 3578 1609 3632 πάλιν
1648 3580 1673 3631 6
1721 3581 1896 3650 Σωτὴρ

292 3664 676 3740 ἐμαρτύρησεν,
739 3666 918 3738 ἧγουν,
968 3663 1346 3741 διεμαρτύρατο
1415 3673 1533 3744 περὶ
1575 3676 1671 3730 τῆς
1706 3665 1898 3741 προδο-

299 3758 442 3819 σίας,
491 3756 561 3817 ὡς
616 3756 641 3807 6
676 3754 917 3817 Ἰωάννης
958 3755 1202 3829 ἔγραψεν,
1247 3758 1329 3809 ἵνα
1374 3758 1399 3809 6
1432 3754 1650 3822 Ἰούδας,
1701 3761 1898 3809 τοσαύ-

296 3861 399 3904 της
484 3842 720 3906 ἀξιωθεὶς
825 3847 1204 3919 μακροθυμίας,
1295 3850 1384 3899 καὶ
1472 3851 1543 3919 μὴ
1621 3844 1897 3918 προδήλως

295 3927 859 4006 παραδειγματισθεὶς,
917 3934 1026 4006 (38)
1080 3932 1218 4007 μηδὲ
1266 3943 1367 3987 τῶν
1425 3939 1729 4008 μυστηρίων
1777 3934 1897 3989 ἀπε-

295 4020 489 4085 λαθεὶς,
536 4022 661 4075 ἀλλὰ
715 4028 804 4075 καὶ
855 4026 1047 4076 τούτων
1084 4023 1270 4087 ἐπίσης
1320 4031 1432 4088 τοῖς
1473 4027 1733 4098 μαθηταῖς
1783 4027 1896 4098 (39)

296 4115 605 4183 μετασχὼν,
709 4117 921 4183 γένηται
1002 4112 1216 4186 βελτίων
1300 4119 1388 4167 καὶ
1464 4118 1892 4190 σωφρονέστερος’

296 4199 451 4262 εὐθὺς
509 4196 567 4253 δὲ
622 4202 669 4253 οἱ
719 4204 971 4274 μαθηταὶ,
1039 4207 1227 4275 μηκέτι
1285 4200 1583 4265 δυνηθέντες
1633 4210 1895 4280 καρτερεῖν

296 4287 386 4341 ἐπὶ
442 4288 631 4341 πλεῖον·
682 4296 769 4344 καὶ
822 4294 920 4367 γὰρ
977 4292 1232 4365 ἠγωνίων,
1298 4297 1388 4346 καὶ
1445 4292 1652 4346 ἔϐλεπον
1705 4294 1771 4354 εἰς
1811 4292 1896 4345 ἆλο

294 4377 501 4448 λήλους,
555 4378 917 4455 ἀπορούμενοι,
988 4387 1106 4456 περὶ
1156 4386 1297 4445 τίνος
1364 4382 1518 4454 λέγει·
1576 4383 1726 4437 αὐτοὶ
1805 4386 1893 4456 μεν

2006 3217 2170 3290 quod
2183 3217 2462 3273 aChristo
2476 3218 2750 3288 cognitus
2764 3224 2945 3274 esset:
2966 3223 3185 3290 putans
3198 3224 3387 3275 tamen
3400 3219 3543 3274 disci
3550 3235 3659 3291 pu-

2004 3306 2076 3362 lis
2108 3306 2380 3361 nondum
2412 3306 2861 3362 manifestatum
2887 3322 3033 3371 esse,
3068 3323 3206 3363 cum
3233 3307 3314 3362 illi
3341 3323 3463 3364 non
3493 3309 3659 3364 intel-

2006 3394 2305 3463 lexissent,
2324 3395 2699 3465 ignorantem
2718 3412 2779 3451 se
2804 3394 2993 3462 ﬁnxit,
3018 3401 3260 3467 sumpta
3281 3412 3316 3453 a
3345 3397 3659 3455 clementia

2006 3484 2386 3557 praeceptoris
2408 3484 2649 3540 ﬁducia.
2668 3486 2807 3540 Post
2832 3484 3191 3541 divisionem
3224 3491 3424 3542 autem
3445 3492 3657 3559 myste-

2007 3574 2228 3630 riorum
2259 3591 2464 3630 rursus
2494 3573 2764 3630 Salvator
2793 3573 2868 3630 de
2895 3574 3228 3646 proditione
3260 3580 3506 3631 testatur
3536 3575 3656 3633 sive

2006 3669 2362 3735 protestatus
2410 3668 2515 3730 est,
2564 3663 2739 3719 veluti
2771 3663 3005 3735 scripsit
3045 3665 3326 3729 Joannes,
3362 3670 3424 3721 ut
3452 3664 3546 3721 vel
3575 3666 3658 3722 sic

2004 3755 2189 3811 Judas
2220 3757 2447 3809 tantam
2474 3758 2752 3823 expertus
2774 3752 3312 3822 longanimitatem,
3335 3769 3445 3810 nec
3472 3754 3661 3811 mani-

2006 3842 2151 3898 feste
2202 3842 2529 3906 traductus,
2573 3856 2766 3912 neque
2822 3842 3118 3911 mysteriis
3161 3842 3497 3909 frustratus,
3550 3843 3659 3898 sed

2007 3947 2176 4003 aeque
2207 3947 2343 3986 cum
2367 3929 2671 4002 discipulis
2692 3930 2906 3985 horum
2932 3929 3227 4001 particeps
3250 3930 3514 3999 effectus,
3537 3946 3659 3988 me-

2004 4021 2115 4077 lior
2142 4037 2210 4077 ac
2238 4025 2430 4075 mente
2461 4018 2661 4074 sanior
2690 4018 3038 4074 efﬁceretur.
3069 4020 3282 4076 Statim
3311 4035 3452 4090 ergo
3478 4020 3659 4077 disci-

2004 4109 2147 4183 puli,
2178 4110 2304 4180 jam
2353 4108 2596 4164 ulterius
2625 4108 2876 4163 tolerare
2906 4114 3296 4180 nequeuntes,
3330 4109 3657 4181 plurimum

2005 4199 2165 4254 enim
2214 4198 2374 4254 anxii
2404 4202 2591 4262 erant,
2639 4200 2695 4252 et
2724 4197 2803 4252 ad
2833 4212 2898 4251 se
2936 4196 3192 4253 invicem
3237 4198 3656 4270 respiciebant,

2003 4287 2349 4344 haesitantes
2371 4287 2445 4342 de
2472 4301 2593 4359 quo
2622 4285 2842 4341 diceret
2866 4304 2879 4354 ;
2912 4285 3024 4357 ipsi
3063 4285 3308 4358 quidem
3334 4286 3661 4360 interroga-

2006 4376 2224 4433 tionem
2257 4375 2451 4432 facere
2486 4374 2617 4431 ausi
2646 4389 2766 4430 non
2813 4378 2969 4440 sunt,
2997 4373 3076 4431 ob
3103 4392 3236 4432 eam
3266 4392 3449 4449 quam
3477 4378 3659 4448 paulo

293 4471 387 4519 καὶ
431 4468 591 4531 οὕτως
648 4469 743 4522 ούκ
791 4469 1079 4543 ἐτόλμησαν
1140 4476 1231 4530 τὴν
1290 4470 1562 4546 ἐρώτησιν,
1596 4468 1672 4525 δι’
1719 4477 1781 4531 ἣν
1824 4472 1895 4526 εἰ·

2006 4470 2141 4522 ante
2194 4465 2455 4520 diximus
2505 4478 2801 4520 causam:
2842 4462 2949 4519 sed
2988 4462 3142 4519 hanc
3195 4466 3399 4521 Petrus
3446 4468 3660 4523 Joanni

289 4562 521 4630 ρήκαμεν
601 4558 793 4611 αἰτίαν-
858 4566 930 4630 τῷ
992 4560 1199 4633 Ἰωάννη
1267 4556 1325 4612 δε
1374 4563 1567 4619 ταύτην
1625 4559 1894 4633 ἐπέτρεψεν

290 4646 318 4698 6
372 4650 581 4720 Πέτρος,
638 4650 706 4708 ὡς
762 4648 1081 4721 ἠγαπημένῳ
1134 4648 1366 4721 μάλιστα
1436 4657 1509 4720 τῷ
1561 4646 1892 4722 διδασκάλῳ,

289 4740 386 4787 καὶ
442 4734 754 4809 ἀνακειμένῳ
830 4744 1119 4795 τηνικαῦτα
1200 4736 1248 4789 ἓν
1330 4744 1402 4808 τῷ
1458 4736 1630 4809 κόλπῳ
1708 4738 1891 4790 αὐτοῦ’

289 4823 316 4875 ὁ
352 4820 413 4877 δὲ
459 4830 855 4900 μεταστραφεὶς,
897 4831 986 4880 καὶ
1034 4826 1288 4880 ἐπιπεσὼν
1341 4826 1427 4880 ἐπὶ
1469 4830 1527 4880 16
1577 4829 1765 4888 στῆθος
1808 4827 1897 4880 αύ-

286 4919 406 4984 τοῦ,
438 4914 548 4987 μετ’
596 4913 857 4976 εὐλαϐείας
900 4916 1165 4989 ἠρώτησεν
1216 4916 1282 4976 εἰς
1328 4919 1386 4968 τὸ
1441 4912 1545 4982 οὖς,
1590 4920 1679 4969 καὶ
1720 4917 1897 4970 λοιπὸν

287 5004 317 5054 6
350 5006 528 5077 Σωτὴρ
580 5000 829 5073 συνιδὼν,
884 5006 965 5058 ὅτι
1023 5004 1227 5068 ἀνίατος
1276 5006 1301 5058 6
1350 5002 1553 5067 Ἰούδας
1581 5008 1739 5079 μένει,
1781 5004 1897 5060 οὐδ’

2005 4554 2326 4623 commisit,
2357 4559 2649 4624 tanquam
2681 4552 2934 4608 maxime
2973 4567 3009 4608 a
3033 4552 3400 4625 Praeceptore
3420 4554 3655 4621 dilecto,

2005 4648 2062 4699 et
2089 4650 2231 4699 tunc
2260 4644 2320 4698 in
2350 4643 2475 4713 ejus
2506 4642 2641 4697 sinu
2662 4641 3067 4697 recumbenti:
3098 4645 3159 4697 at
3187 4641 3282 4696 ille
3308 4658 3654 4710 conversus,

2005 4736 2061 4788 et
2091 4748 2230 4788 cum
2277 4730 2600 4787 reverentia
2648 4744 2821 4799 super
2862 4734 3070 4799 pectus
3101 4730 3230 4799 ejus
3259 4729 3548 4799 recidens,
3594 4732 3656 4787 in

2005 4837 2213 4878 aurem
2238 4817 2643 4888 interrogavit.
2672 4820 2898 4873 Ettunc
2925 4816 3198 4873 Salvator
3226 4817 3464 4887 cognito
3491 4819 3655 4891 quod

2004 4920 2031 4973 J
2039 4918 2188 4974 udas
2206 4915 2550 4973 incurabilis
2568 4917 2965 4987 permaneret,
2985 4929 3095 4971 nec
3111 4914 3194 4970 sic
3206 4914 3450 4987 quidem
3464 4917 3657 4989 publi-

2006 5008 2165 5064 cavit
2180 5022 2339 5072 eum,
2361 5004 2461 5062 sed
2489 5002 2800 5077 respondit
2830 5006 2887 5061 et
2908 5003 3042 5076 ipse
3067 5002 3131 5061 in
3157 5019 3362 5063 aurem
3397 5006 3551 5064 :Itle
3578 5012 3662 5065 est

362 5181 411 5216 ⁸⁸
440 5182 639 5239 Matth.
664 5198 820 5253 xxvr,
862 5184 953 5243 25.
1029 5184 1077 5220 ⁸⁸
1106 5185 1273 5242 Joan.
1303 5198 1425 5253 xm,
1450 5185 1541 5252 23,
1572 5184 1661 5239 26.
1731 5185 1779 5221 ³⁸
1806 5184 1959 5244 Ibid.
1986 5188 2074 5243 30.

1519 5323 1747 5395 Variae
1760 5326 2088 5397 lectiones
2108 5334 2175 5394 et
2195 5334 2400 5394 notae.

387 5485 477 5627 34g
511 5484 671 5543 Δῆλον
700 5489 823 5559 γὰρ,
854 5488 943 5548 ὡς.
976 5487 1111 5543 H830
1142 5488 1353 5543 omittit
1378 5486 1510 5544 cod.
1544 5490 1610 5544 Α.

387 5556 455 5612 35
493 5554 631 5627 Ἔτι,
652 5557 869 5627 omittit
888 5559 1021 5614 cod.
1056 5559 1120 5613 A.
1151 5560 1320 5615 Forte
1352 5559 1606 5627 Euthym

387 5554 631 5631 35)"!111,
652 5554 869 5631 omittit
888 5559 1021 5614 cod.
1049 5559 1120 5631 _A.
1136 5560 1320 5631 _Forte
1352 5558 1706 5631 Euthymius
1722 5559 1897 5617 etiam

282 5626 557 5703 dederat,
589 5626 884 5703 6118601111011,
905 5645 1015 5703 pro
1041 5628 1396 5683 ἑνεϐάπτοντο.

364 5697 481 5770 (36)
508 5696 589 5765 'o,
621 5700 835 5757 omittit
861 5696 922 5756 BZ

2103 5555 2192 5632 38)
2213 5563 2314 5612 Καὶ
2338 5555 2495 5632 μηδέ,
2531 5558 2673 5615 Cod.

2105 5488 2194 5544 37)
2228 5492 2329 5541 Καί
2355 5486 2572 5543 omittit
2601 5486 2736 5544 cod.
2766 5489 2832 5542 A.

2105 5491 2169 5543 37
2228 5492 2329 5541 Καί
2355 5488 2572 5543 omittit
2601 5488 2736 5544 cod.
2766 5489 2832 5542 A.

2078 5488 2194 5701 ἕΒΒξ
2213 5563 2314 5647 Καὶ
2338 5555 2495 5632 μηδέ,
2530 5558 2673 5648 βοά.
2702 5559 2777 5618 Α.

2102 5633 2168 5685 39
2196 5636 2306 5683 Των
2340 5633 2607 5704 μαθητων,
2635 5631 2781 5689 Cod.
2809 5632 2876 5686 Α.
