4170 6334
577 357 686 419 675

1771 359 2106 417 EUTHYM"
2142 355 2474 418 ZlGABENl

3837 360 3953 417 676

582 488 680 543 cui
695 501 799 555 ego
816 487 1135 540 intinctam
1149 500 1362 553 panem
1377 501 1723 556 perrexere,
1743 491 1797 541 et
1811 485 2116 542 intinctum
2133 501 2222 559 pa‘

2342 488 2476 538 οὕτω
2525 490 2613 546 μὲν
2662 485 3030 558 ἐθριάμϐενσει
3077 487 3250 551 αὐτὸν,
3299 486 3552 558 ἀπεκρίθη
3609 483 3670 538 δὲ
3713 491 3805 538 καὶ
3851 487 3958 537 αὖ·

581 590 716 630 nem
753 575 854 629 dat
883 573 1048 628 ludas
1081 574 1342 629 Simonis
1385 577 1698 630 lscariotaa.
1745 578 1943 632 Sciens
1977 593 2117 647 ergo
2141 579 2231 630 Ju-

578 662 682 717 das
704 662 866 734 quod
891 663 1002 717 hoc
1024 663 1258 732 signum
1283 670 1427 729 erat,
1457 669 1582 718 tum
1602 681 1636 719 a
1660 669 1884 720 secreta
1912 664 2122 719 Christi
2153 665 2228 720 ad

577 752 862 806 Joannem
889 751 1296 818 collocutione,
1318 761 1441 807 tum
1472 755 1605 824 quia
1634 754 1863 824 soliipsi
1898 754 2026 807 talis
2048 754 2230 809 oﬂ'ula

577 839 718 895 data
735 848 896 896 erat:
928 841 1056 895 haec
1078 843 1232 895 enim
1268 841 1386 897 alia
1416 850 1591 897 erata
1613 858 1788 913 pane.
1815 843 1916 913 qui
1945 844 2227 897 omnibus

576 927 803 984 divisus
851 935 957 984 est.
1009 929 1288 985 Praeterea
1344 947 1482 984 cum
1532 931 1800 985 audisset
1833 948 1845 984 :
1883 931 2046 996 Quod
2071 932 2228 999 facis

572 1018 676 1086 fac
698 1019 889 1083 citius,
912 1018 1027 1073 hoc
1054 1024 1158 1072 est.
1177 1018 1344 1082 Quod
1378 1019 1736 1088 cogitatione
1768 1019 1926 1083 facis,
1963 1020 2227 1090 perficito

577 1111 633 1161 et
663 1122 841 1178 opere
877 1123 890 1171 ;
918 1105 1210 1178 siquidem
1247 1113 1481 1178 tempus
1515 1109 1636 1177 iam
1665 1108 2220 1178 appropinquabat.

578 1195 940 1266 Quanquam
964 1195 1161 1250 adhuc
1191 1195 1497 1266 discipulis
1520 1196 1722 1263 ignota
1743 1202 1978 1251 erantet
1997 1212 2134 1268 quas
2154 1197 2228 1252 de

574 1282 757 1339 otl'ula
777 1289 963 1348 erant,
994 1289 1186 1354 utpote
1206 1284 1347 1338 solis
1376 1285 1588 1339 Joanni
1619 1289 1843 1339 secreto
1863 1283 2036 1340 dicta.
2070 1284 2227 1340 Alius

575 1371 778 1426 itidem
824 1388 1019 1427 sermo
1056 1374 1317 1427 incertus
1372 1373 1590 1428 eratad
1623 1373 1767 1444 quid
1821 1372 2013 1428 dictus
2053 1378 2223 1428 esset.

576 1460 829 1523 Quidam
860 1460 1037 1524 enim,
1074 1461 1264 1532 inquit
1297 1461 1366 1524 ⁸⁷,
1401 1460 1694 1531 putabant
1719 1460 2106 1532 quialoculos
2122 1461 2226 1516 ha-

572 1547 753 1604 bebat
782 1549 988 1612 Judas,
1034 1549 1197 1620 quod
1236 1548 1459 1603 diceret
1488 1549 1538 1603 ei
1577 1552 1746 1603 Jesus
1778 1568 1790 1600 :
1822 1550 1966 1605 Eme
2003 1566 2070 1606 ea
2099 1566 2226 1620 qua?

3521 575 3546 590 ν

2340 581 2422 635 τός
2481 577 2554 636 εἰς
2599 579 2655 626 τό
2709 572 2816 640 οὖς,
2893 577 2972 626 ὅτι
3041 576 3255 634 Ἐκεῖνός
3303 574 3460 638 ἐστιν,
3512 575 3550 643 ᾧ
3605 574 3704 644 ἐγὼ
3760 573 3956 647 βάψας

2339 665 2629 735 τό-ᾇωμίον
2688 661 2932 716 ἐπιδώσω
2967 682 2980 692 ’
3034 671 3123 716 καὶ
3177 663 3412 735 ἐμϐάψας
3470 667 3527 714 τό
3570 663 3776 734 ψωμίον
3839 663 3958 714 ἑπι-

2340 750 2588 808 διδωσιν.
2632 749 2837 813 Ἰούδας
2890 750 2949 805 δὲ
3018 752 3187 803 λαϐὼν
3237 757 3295 804 τό
3347 752 3575 824 ψωμίον,
3627 757 3718 803 καὶ
3789 758 3957 822 γνοὺς

2338 844 2418 894 ὅτι
2469 848 2738 912 τεκμήριον
2809 838 2870 897 ἦν
2923 841 3023 893 ἀπό
3097 860 3154 892 τε
3209 849 3299 900 τῆς
3347 848 3440 891 τοῦ
3517 847 3748 912 Χριστοῦ
3815 844 3954 912 πρὸς

2337 932 2575 987 Ἰωάννην
2640 935 2860 1004 κρυφίας
2940 931 3279 1000 κοινολογίας,
3351 934 3440 980 καὶ
3500 929 3600 980 ἀπὸ
3651 937 3743 981 τοῦ
3803 935 3953 1001 μόνῳ

2338 1021 2477 1089 αὑτῴ
2517 1028 2747 1071 τοιοῦτον
2799 1019 3002 1090 ψωμίον
3051 1016 3292 1077 δοθῆναι·
3348 1021 3517 1090 ἕτερον
3541 1020 3643 1090 γὰρ
3694 1014 3753 1075 ἦν
3786 1025 3951 1070 τοῦτο

2337 1112 2479 1181 παρά
2533 1112 2617 1159 τόν
2676 1105 3082 1182 διαμερισθέντα
3145 1114 3306 1160 πᾶσιν
3358 1107 3532 1180 ἄρτον·
3587 1113 3676 1159 καὶ
3721 1113 3951 1182 προσῄι

2338 1196 2583 1262 ἀκούσας,
2638 1198 2718 1248 ὄτι
2783 1199 2895 1266 (40)
2947 1196 3013 1248 Ὀ
3062 1204 3245 1262 ποιεῖς,
3291 1201 3512 1254 ποίησον
3558 1198 3767 1266 τάχιον,
3827 1216 3952 1248 τον-

2336 1291 2500 1351 τέστι,
2551 1285 2616 1337 Ὀ
2655 1293 2725 1355 τῷ
2772 1285 3007 1355 λογισμῷ
3050 1294 3232 1352 ποιεῖς,
3282 1291 3504 1342 ποίησον
3537 1290 3624 1336 καὶ
3667 1293 3739 1354 τῷ
3779 1287 3944 1356 ἓργῳ’

2336 1378 2526 1444 ἧγγισε
2567 1377 2668 1445 γὰρ
2726 1376 2752 1424 ὁ
2800 1379 2998 1447 καιρόςο
3061 1375 3102 1425 εἰ
3143 1379 3233 1424 καὶ
3287 1377 3362 1425 ἔτι
3405 1381 3511 1433 τοῖς
3548 1374 3817 1444 μαθηταῖς
3853 1382 3950 1426 καὶ

2335 1467 2399 1514 τα
2447 1469 2692 1534 περὶτοῦ
2744 1462 2954 1533 ψωμίον
3034 1464 3279 1533 ἠγνόητο,
3334 1467 3462 1535 πρὸς
3510 1467 3662 1534 μόνον
3715 1463 3950 1536 ῥηθέντα

2334 1557 2562 1622 κρυφίως
2613 1555 2698 1603 τόν
2745 1554 3007 1615 Ἰωάννην,
3059 1557 3148 1603 καὶ
3181 1553 3206 1602 ό
3245 1553 3396 1622 λόγος
3450 1547 3650 1612 ἄδηλος
3688 1547 3771 1615 ἦν,
3818 1555 3950 1624 πρὸς

573 1637 643 1691 ad
665 1638 886 1706 festum
920 1637 1084 1693 nobis
1099 1642 1428 1693 necessaria
1446 1645 1607 1702 sunt,
1629 1644 1728 1693 aut
1761 1640 2222 1710 pauperibus,ut

2335 1645 2385 1691 τί
2417 1639 2623 1712 ἐρρήθη·
2658 1643 2789 1701 τινες
2827 1643 2951 1712 γὰρ,
3007 1645 3185 1710 φησὶν,
3217 1637 3452 1704 ἐδόκουν,
3504 1639 3612 1692 ἐπεὶ
3650 1643 3708 1692 τὸ
3758 1639 3947 1710 γλωσ-

572 1724 796 1797 aliquid
854 1725 1044 1782 daret.
1081 1726 1238 1781 Tunc
1269 1726 1466 1798 itaque
1498 1741 1619 1781 non
1669 1726 1860 1781 ferens
1893 1727 2220 1787 infamiam.

571 1815 909 1885 suspicatus
964 1822 1052 1870 est
1082 1817 1251 1878 enim,
1294 1815 1450 1886 quod
1500 1815 1772 1870 omnibus
1817 1815 2225 1871 manifestatus

571 1908 821 1966 esset,et
846 1903 1164 1974 discipulos
1194 1919 1436 1975 quoque
1473 1905 1706 1972 timens,
1735 1920 1808 1960 ne
1865 1921 1928 1958 se
1978 1905 2222 1959 forsitan

571 1990 995 2062 discerperent,
1049 1992 1227 2047 exivit
1279 1993 1562 2047 continuo
1595 1998 1686 2057 ;et
1711 1993 1786 2048 ad
1854 1991 2223 2048 insidiatores

567 2078 729 2133 abiit.
764 2082 893 2134 Haec
923 2085 1123 2135 autem
1180 2080 1383 2136 omnia
1414 2082 1576 2136 solus
1613 2083 1871 2137 Joannes
1925 2082 2136 2145 retulit,
2162 2088 2224 2138 ut

571 2171 711 2239 pote
750 2167 829 2222 ab
861 2168 990 2223 aliis
1022 2169 1435 2240 praetermissa.

567 2260 688 2317 τοὺς
752 2255 1052 2318 ἐπιϐούλους
1119 2257 1332 2316 ἀπῆλθε.
1399 2265 1576 2311 Ταῦτα
1645 2257 1703 2311 δε
1769 2259 1937 2311 πάντα
1991 2263 2145 2332 μόνος
2206 2261 2231 2310 ὁ
2294 2259 2530 2321 Ἰωάννης
2606 2261 2938 2332 ἀπήγγειλεν,

2338 1734 2558 1799 σόκομον
2621 1725 2759 1799 εἶχεν
2811 1726 3034 1788 Ἰούδας,
3110 1731 3190 1780 ὅτι
3245 1729 3379 1799 λέγει
3437 1729 3576 1799 αὖτῷ
3628 1730 3653 1779 ό
3707 1728 3945 1792 Ἰησοῦς,

2335 1817 2624 1890 Ἀγόρασον
2701 1819 2768 1868 ὧν
2844 1823 3031 1890 χρείαν
3119 1821 3305 1889 ἔχομεν
3384 1817 3453 1877 iis
3515 1822 3608 1874 τήν
3668 1817 3942 1891 ἐορτὴν,ἧ

2335 1914 2444 1967 τοῖς
2485 1915 2722 1976 πτωχοῖς
2772 1908 2854 1957 ἶνα
2902 1926 2953 1958 τι
2994 1903 3092 1975 δῷ·
3148 1913 3236 1958 καὶ
3289 1914 3442 1958 τοῦτο
3494 1909 3604 1978 μὲν,
3656 1907 3752 1958 οὐκ
3807 1905 3946 1977 ἐνεγ-

2335 2001 2436 2045 κὼν
2482 2000 2575 2052 τήν
2621 1996 2905 2065 αἰσχύνην·
2952 1995 3172 2047 ὑπελαϐε
3216 1998 3317 2068 γάρ
3363 1993 3472 2053 ἤδη
3526 2001 3659 2047 πᾶσι
3705 2014 3941 2069 φανερω-

2338 2086 2508 2141 θῆναι·
2564 2092 2715 2134 τοῦτο
2763 2081 2841 2150 δὲ,
2882 2089 2971 2135 καὶ
3018 2083 3258 2154 φοϐηθεὶς
3292 2087 3412 2144 τοὺς
3453 2085 3714 2154 μαθητὰς,
3760 2090 3941 2156 μήπου

2337 2172 2426 2223 κάὶ
2458 2168 2894 2246 διασπαράξωσιν
2948 2173 3122 2224 αὐτόν’
3187 2173 3367 2232 εὐθέως
3422 2172 3621 2241 ἐξῆλθε,
3677 2177 3768 2225 καὶ
3813 2177 3944 2246 πρὸς

3034 2264 3104 2322 ὡς
3163 2261 3609 2336 παραλελειμμένα
3664 2268 3778 2323 τοῖς
3855 2263 3941 2314 ἄλο

568 2350 702 2406 λοις.

637 2433 784 2489 Illud
826 2451 959 2491 vero
992 2453 1004 2490 :
1040 2435 1176 2502 Quae
1192 2437 1274 2492 ad
1289 2436 1506 2504 festum
1537 2438 1704 2493 nobis
1721 2438 2220 2500 necessariasunt,
2254 2435 2295 2492 C

567 2523 766 2579 multis
816 2525 1248 2580 enarratoribus
1307 2524 1716 2582 difﬁcultatem
1749 2527 2009 2597 ingessit.
2057 2527 2220 2582 Diem

2403 2546 2472 2599 Τό
2532 2541 2610 2610 δὲ,
2669 2544 2766 2595 Ὧν
2823 2547 3008 2618 χρείαν
3061 2546 3250 2616 ἔχομεν
3290 2541 3360 2605 εἰς
3417 2547 3512 2601 τήν
3566 2544 3768 2617 ἑορτήν,
3815 2543 3934 2597 ἀπο·

566 2611 725 2667 enim
741 2613 977 2669 Pascha;
987 2615 1114 2685 jam
1147 2615 1608 2682 celebraverant,
1645 2622 1707 2672 ut
1740 2616 2086 2688 praedictum
2102 2622 2216 2680 est;

2330 2638 2448 2706 ρίαν
2525 2632 2732 2695 πολλοῖς
2805 2641 2905 2684 τῶν
2985 2631 3250 2703 ἐξηγητῶν
3327 2630 3617 2691 ἐνεποίησε.
3680 2639 3783 2691 Τήν
3833 2636 3934 2708 γὰρ

565 2716 706 2769 ergo
734 2702 1121 2757 manifestum
1145 2705 1534 2775 estquosdam
1555 2705 1978 2776 discipulorum
2001 2720 2216 2774 cogno-

2328 2731 2419 2774 τοῦ
2469 2724 2669 2793 Πάσχα
2724 2718 2831 2779 ήδη
2911 2720 3195 2796 ἑώρτασαν,
3280 2723 3350 2783 ὡς
3403 2728 3724 2796 προείρηται.
3774 2723 3935 2779 Δῆλον

565 2789 724 2842 visse
740 2803 924 2858 quam
949 2789 1027 2843 ob
1050 2806 1294 2845 causam
1311 2792 1582 2860 Magister
1611 2797 1966 2862 praevenerat
1981 2797 2216 2864 tempus
2331 2811 2418 2862 οὖν

563 2875 904 2932 celebrandi
964 2877 1228 2937 Pascha:
1271 2879 1521 2949 quidam
1573 2897 1707 2935 vero
1756 2880 2048 2935 intentum
2089 2882 2217 2951 ejus

563 2965 902 3034 ignorantes
943 2965 1232 3036 putabant
1255 2967 1418 3038 quod
1445 2968 1640 3040 ipsum
1672 2968 1871 3025 adhuc
1901 2969 2217 3025 celebratu-

561 3069 666 3109 rus
703 3059 857 3109 esset
906 3053 968 3110 in
1020 3055 1152 3127 ipsa
1188 3055 1530 3113 Parasceve.
1571 3061 1685 3114 Aut
1727 3057 1961 3125 festum,
2010 3057 2192 3114 intelli

562 3143 829 3216 gendum
853 3143 1029 3199 estde
1060 3143 1206 3201 {esto
1227 3147 1610 3217 Azymorum.

2471 2813 2566 2872 ,ὅτι
2614 2813 2742 2870 τινες
2790 2813 2880 2882 μὲν
2928 2819 3027 2860 τῶν
3075 2811 3322 2882 μαθητῶν
3361 2812 3545 2882 ἔμαθον
3600 2814 3680 2861 τὸν
3731 2813 3929 2860 σκοπὸν

2921 2899 3038 2950 καθ’
3102 2900 3155 2950 ὃν
3214 2905 3540 2974 προεώρτασε
3589 2901 3642 2950 τὸ
3699 2899 3914 2967 Πάσχα.

2423 2853 2439 2880 ἲ

2329 2907 2421 2952 τοῦ
2489 2896 2843 2967 Διδασκαλου,

2328 2991 2461 3050 τινες
2521 2985 2580 3040 δὲ
2637 2987 2960 3060 ἀγνοοῦντες,
3019 2983 3235 3040 ἐδόκουν
3292 2989 3372 3040 ὅτι
3424 2991 3501 3040 ἔτι
3551 2995 3700 3040 τοῦτο
3753 2987 3926 3059 ἑορτά.

2331 3098 2409 3130 σει
2457 3082 2547 3130 καὶ
2593 3080 2729 3129 κατὰ
2770 3082 2864 3135 τήν
2915 3083 3278 3151 Παρασκευήν.
3330 3081 3360 3136 ἦ
3393 3082 3483 3130 καὶ
3531 3081 3626 3135 τήν
3655 3084 3752 3129 τῶν
3781 3076 3932 3138 Ἀζύ-

2326 3188 2434 3239 μων
2465 3166 2644 3240 ἑορτήν
2676 3166 3019 3224 ὑποληπτέον.

635 3270 827 3332 Quare
852 3284 993 3324 vero
1019 3268 1250 3325 dicatur
1286 3271 1573 3326 Dominus
1623 3273 1917 3328 Joannem
1946 3272 2210 3342 diligere,

559 3362 618 3413 et
655 3373 842 3429 quare
871 3359 930 3414 in
963 3359 1099 3414 sinu
1125 3358 1254 3429 ejus
1284 3359 1637 3429 recubuerit,
1661 3360 1890 3416 dicetur
1913 3365 2213 3418 annuente

562 3447 814 3502 Domino
843 3447 904 3503 in
951 3446 1328 3503 enarratione
1349 3449 1607 3519 Evagelii
1639 3449 1976 3506 secundum
2037 3450 2212 3506 Joan-

559 3550 726 3592 nem.
763 3536 933 3601 Quod
964 3537 1012 3591 si
1046 3538 1231 3592 Lucas
1261 3539 1343 3593 ait
1372 3538 1432 3592 in
1455 3539 1671 3594 ludam
1699 3539 2034 3609 ingressum
2082 3557 2211 3597 esse

560 3626 845 3679 Satanam
880 3625 1227 3698 priusquam
1264 3624 1603 3697 loqueretur
1650 3643 1788 3683 cum
1846 3628 2210 3701 principibus

2327 3646 2660 3718 Εὐαγγελίου.
2723 3645 2783 3699 Εἰ
2834 3642 2892 3698 δὲ
2930 3624 3274 3718 Λίουκᾶς-μέν
3336 3665 3514 3718 φησιν,
3545 3645 3788 3698 εἰσελθεῖν
3843 3649 3929 3697 τὸν

561 3713 942 3768 sacerdotum
960 3717 1015 3769 et
1047 3714 1496 3784 magistratibus
1535 3715 1609 3771 de
1640 3717 1974 3788 proditione
2008 3718 2056 3753 ³⁸
2081 3734 2094 3784 ;
2120 3721 2212 3774 Jo-

2327 3741 2548 3788 Σατανᾶν
2601 3734 2670 3795 εἰς
2737 3730 2942 3787 Ἰούδαν
3007 3738 3107 3809 πρὸ
3157 3743 3246 3787 τοῦ
3301 3735 3627 3793 συλλαλῆσαι
3681 3741 3792 3795 τοῖς
3839 3733 3931 3809 ἀρ-

558 3817 746 3857 annes
795 3817 932 3857 vero
985 3807 1120 3874 post
1173 3807 1482 3876 acceptam
1526 3785 1775 3862 offulam
1815 3808 1880 3877 ³⁹,
1925 3806 2087 3863 nulla
2122 3811 2212 3862 est

2327 3831 2563 3898 χιερεῦσι
2631 3829 2721 3876 καὶ
2776 3831 3090 3896 στρατηγοῖς
3145 3828 3263 3898 περὶ
3323 3821 3633 3898 προδοσίας,
3687 3823 3932 3884 Ἰωάννης

555 3891 968 3946 contradictio.
985 3890 1248 3948 Primum
1266 3892 1428 3948 enim
1457 3893 1708 3950 Satanas
1735 3895 2209 3968 experimentum

555 3979 848 4044 sumebat,
879 3979 1291 4053 miserumque
1309 3981 1678 4052 explorabat;
1712 3983 2103 4055 postmodum
2117 3999 2210 4039 ve-

552 4083 621 4123 ro
651 4067 888 4135 cognito
918 4084 1055 4138 quia
1080 4068 1389 4136 designata
1421 4074 1606 4133 erant,
1629 4071 1760 4140 jam
1788 4071 1946 4126 velut
1972 4072 2209 4127 incorri-

554 4155 791 4224 gibilem
812 4171 1034 4224 magna
1051 4154 1267 4208 fiducia
1292 4155 1596 4223 ingressus
1615 4163 1725 4215 est.
1759 4161 1874 4213 Nec
1896 4164 2096 4214 tamen
2113 4159 2212 4214 de-

553 4243 863 4314 spicienda
906 4241 1110 4299 divina
1156 4244 1439 4313 mysteria
1478 4245 1779 4314 ingressus
1809 4251 1931 4302 est:
1963 4247 2026 4303 id
2056 4249 2210 4306 enim

552 4346 940 4403 nequaquam
963 4331 1090 4386 ﬁeri
1123 4334 1332 4404 potuit,
1363 4333 1468 4389 sed
1498 4333 1663 4406 quod
1688 4333 1848 4391 hunc
1864 4336 2037 4394 sciret
2066 4339 2210 4395 indi-

552 4434 741 4491 gnum
766 4419 870 4491 qui
900 4419 957 4474 in
987 4419 1076 4474 his
1102 4427 1436 4478 versaretur
1464 4422 1602 4496 (gg),
1637 4427 1695 4479 et
1717 4425 1884 4497 quod
1913 4426 2052 4484 inde
2085 4428 2208 4484 nul-

551 4508 674 4565 lam
707 4513 1055 4581 sumpturus
1081 4515 1236 4566 esset
1255 4511 1581 4569 utilitatem.

624 4615 786 4671 Vers.
814 4616 908 4673 30.
940 4617 1018 4673 Et
1065 4647 1134 4659 —
1175 4619 1500 4676 Oliuarum.
1533 4621 1760 4677 Gratias
1805 4622 2048 4694 quidem
2090 4624 2209 4694 egit

2396 3384 2544 3432 Διατί
2595 3375 2654 3431 δὲ
2687 3378 2888 3450 λεγεται
2943 3376 3151 3450 ἀγαπᾷν
3203 3381 3290 3430 τὸν
3342 3378 3583 3436 Ἰωάννην
3635 3377 3661 3429 ὁ
3722 3381 3927 3452 Κύριος,

2323 3481 2412 3522 και
2465 3465 2611 3521 δὶατί
2675 3466 2902 3520 ἀνέκειτο
2961 3465 3010 3519 ἐν
3059 3475 3130 3538 τῷ
3182 3467 3353 3539 κόλπῳ
3411 3467 3594 3535 αὐτοῦ,
3641 3468 3931 3541 ῥηθήσεται

2323 3566 2456 3613 Θεοῦ
2515 3554 2756 3618 διδόντος
2826 3557 2876 3608 ἐν
2931 3564 2991 3629 τῇ
3053 3555 3300 3627 ἐξηγήσει
3360 3564 3452 3609 τοῦ
3502 3558 3636 3609 κατά
3693 3557 3931 3614 Ἰωάννην

2323 3909 2403 3977 δὲ,
2473 3915 2604 3985 μετά
2650 3915 2707 3965 τὸ
2759 3912 2986 3985 ψωμίόν,
3041 3912 3135 3964 οὐκ
3182 3911 3616 3985 ὸαντιολογοῦσι,
3673 3917 3930 3988 Πρότερον

2320 4005 2410 4074 μὲν
2460 4004 2561 4074 γὰρ
2612 4002 2639 4054 ό
2687 4006 2917 4061 Σατανᾶς
2971 3999 3254 4075 ἀπόπειραν
3313 3999 3618 4068 ἐποιήσατο,
3685 4004 3772 4052 καὶ
3824 3997 3931 4054 διε-

2319 4087 2590 4143 κωδώνισε
2643 4091 2752 4161 (41)
2817 4093 2904 4142 τόν
2963 4088 3157 4142 ἄθλιον
3219 4090 3434 4163 ὕστερον
3484 4085 3543 4141 δὲ
3593 4093 3744 4162 γνοὺς
3806 4089 3931 4162 ἀφο-

2318 4181 2586 4252 ρισθέντα,
2685 4181 2753 4239 ὡς
2833 4175 3173 4250 ἀδιόρθωτον,
3243 4177 3509 4252 θαρρήσας
3570 4174 3924 4235 ἐπεπήδησεν·

2319 4269 2378 4321 οῦ
2429 4277 2527 4320 τῶν
2592 4269 2738 4320 θείων
2799 4263 2856 4320 δὲ
2938 4273 3242 4341 μυστηρίων
3299 4273 3702 4341 καταφρονήσας
3765 4267 3930 4341 εἰσερο

2317 4357 2439 4431 ῥύη·
2497 4364 2603 4417 πῶς
2653 4357 2796 4429 γάρ;
2857 4352 2964 4407 ἀλλ’
3016 4353 3221 4418 ἀνάξιον
3275 4355 3432 4408 αὑτὸν
3496 4353 3645 4417 εἰδὼς
3673 4364 3771 4418 τῆς
3812 4358 3928 4408 τοῦ·

2317 4465 2417 4498 των
2472 4444 2823 4517 μεταλήψεως,
2907 4449 2998 4497 καὶ
3053 4441 3220 4516 μηδεν
3281 4444 3508 4498 ἐντεῦθεν
3584 4445 3928 4518 ὠφελημένον-

2391 4628 2492 4678 Καὶ
2533 4654 2602 4664 —
2643 4623 2880 4680 Ἐλαιῶν,
2939 4621 3318 4696 Ηῦχαρίστησε
3352 4624 3442 4694 μὲν
3487 4625 3589 4696 πρὸ
3620 4631 3718 4686 τῆς
3745 4618 3906 4674 διανο-

619 4761 667 4796 ³τ
696 4760 869 4818 Joan.
898 4777 1015 4832 xm,
1048 4765 1134 4817 29.
1216 4761 1261 4797 ³⁸
1292 4761 1430 4818 Luc.
1458 4781 1596 4834 xxu,
1630 4769 1680 4820 3.
1763 4766 1808 4800 ³³
1835 4766 1998 4821 Joan.
2030 4781 2155 4831 xm,
2187 4772 2277 4823 27.

1754 4889 1976 4956 Variae
2020 4889 2350 4958 lectiones
2395 4901 2459 4957 et
2500 4901 2704 4958 notae.

2311 5032 2399 5093 Ὧς
2473 5029 2556 5084 ἐπὶ
2601 5034 2660 5084 τὸ
2711 5030 2950 5084 πλεῖστον
3009 5026 3070 5082 δε
3097 5029 3298 5101 λέγεται
3347 5029 3428 5082 ἐπὶ
3478 5035 3578 5101 τῶν
3637 5027 3922 5091 διαπαιζο-

2312 5109 2498 5176 μένων.
2525 5103 2847 5176 (Hactenus
2863 5100 3408 5176 consentitquoque
3431 5100 3690 5176 Glossar.
3717 5101 3922 5173 Cyrill.

2309 5169 2566 5230 Τέτακται
2613 5179 2702 5227 καὶ
2759 5173 2853 5247 ἐπὶΔ
2895 5180 3007 5241 τοῦ,
3065 5169 3540 5247 διατίειραᾷθὲντες.
3597 5169 3777 5232 Οὕτως
3816 5180 3922 5225 Λυο

2313 5251 2432 5308 σίας
2497 5248 2522 5297 ὁ
2579 5247 2777 5319 ῥήτωρ.
2843 5239 2998 5319 Ἀπὸ,
3057 5239 3116 5295 δὲ
3165 5239 3264 5319 τῶν
3315 5244 3483 5296 ἳππων
3537 5249 3918 5315 μετενήνεκται.

2310 5313 2588 5390 Εἰὼθασιξ
2618 5313 2733 5390 γὰρ’
2778 5315 2911 5367 οὕτω
2938 5313 3268 5390 ,δοκιμάζειν
3318 5319 3459 5390 ,τοῦ-ς
3517 5313 3783 5390 γενναίους
3834 5317 3919 5367 ἶπ-

2307 5409 2454 5456 πους,
2532 5387 2575 5440 εἰ
2763 5386 3228 5444 καταπλήσσονται
3275 5389 3361 5438 τόν
3414 5385 3463 5438 ἐν
3518 5386 3722 5458 πολέμῳ
3763 5388 3920 5460 θόρυ-

2309 5460 2416 5527 ϐον,
2439 5455 2558 5522 τοὺς
2583 5455 2832 5519 κῶδωνας
2856 5458 3161 5530 ψοφοῦντες.

644 5029 712 5081 40
738 5033 858 5079 Ὀτι
896 5025 1111 5083 omittit
1135 5030 1196 5084 Β.

643 5097 732 5168 In)
766 5098 1012 5174 Yide_de
1043 5099 1156 5153 hoc
1170 5099 1492 5174 Ayocabulo
1526 5102 1871 5174 Harpocrat.
1904 5119 1968 5174 p.
2023 5108 2110 5169 51,
2145 5109 2201 5160 et

545 5167 1042 5238 AristOph.,Ra’n.
1086 5185 1139 5222 v.
1168 5169 1237 5223 79
1280 5175 1336 5226 et
1363 5172 1486 5227 735.
1518 5167 1696 5227 Priori
1722 5172 1780 5228 in
1828 5167 1961 5230 loco
1987 5167 2202 5231 Aristo-

545 5239 766 5317 phanis
794 5237 1094 5317 scholium
1144 5241 1255 5317 cod
1301 5242 1506 5317 M_0s_q._
1541 5243 1643 5299 dat
1666 5240 1968 5317 dogmata-cs,
2023 5244 2078 5297 ἐκ
2115 5266 2199 5317 με·

545 5315 776 5381 ταφορᾷς
807 5315 905 5381 τῷν
936 5313 1286 5381 νομισμάτων.
1321 5313 1468 5381 ibid:
1493 5314 1552 5368 in
1604 5313 1837 5370 scholiis
1878 5316 2048 5371 editis
2076 5313 2200 5373 obr-

544 5375 1001 5503 Γὶςάψῖροδεεῖς,
1033 5375 1140 5452 ριίο
1165 5380 1455 5466 ψοφωδεις.
1493 5385 1689 5441 Altero
1729 5385 1790 5441 in
1819 5385 1948 5467 loco
1972 5388 2196 5470 scholia

548 5449 684 5507 cod.
801 5465 933 5521 osq.
981 5452 1207 5521 habent
1275 5455 1659 5521 ιξητασμένοις.
1720 5459 1969 5514 Lencon
2013 5460 2196 5515 medi-

672 5489 684 5502 ο
745 5479 933 5510 muauo
981 5479 1207 5509 uuucut
1275 5479 1659 5510 εςητασμενοις.
1720 5479 1969 5510 LBXICOH
2014 5479 2197 5510 ΙΠΘΟΙ-

548 5476 684 5507 cuu.
745 5476 933 5521 muaq.
981 5476 1207 5509 uuueut
1275 5476 1659 5529 εςητασμενοις.
1720 5476 1969 5514 Leucon
2013 5476 2054 5514 II

546 5528 730 5578 tum:
798 5520 1338 5595 Λιακωδωνισθίντες,
1398 5529 1535 5598 ἦτοι,
1600 5526 2054 5601 διαφημισθέντες,

615 5700 731 5773 (gg)
766 5700 878 5767 Qui
897 5701 954 5756 in
981 5703 1072 5758 his
1094 5711 1380 5761 versatur.
1431 5705 1541 5769 Qui
1570 5705 1787 5760 horum
1810 5705 1974 5761 ﬁeret
2007 5707 2330 5779 particeps.

4107 4385 4110 4588 ι
