4170 6334
247 330 349 398 677
1215 341 1580 399 COMMENT.
1624 322 1694 395 IN“
1733 322 2174 397 ΜΑΤΤΗΕΗΜ.
2217 372 2284 384 -
2323 342 2478 397 CAP.
2521 340 2723 400 xxvr.
3506 346 3614 407 678

250 476 372 540 μῆς,
426 468 627 541 ὕμνησε
685 464 743 519 δὲ
799 468 930 539 μετὰ
976 472 1069 526 τὴν
1119 466 1394 539 διανομὴν,
1451 468 1533 518 ἶνα
1571 470 1659 517 καὶ
1706 466 1897 535 ἡμεῖς)

1963 470 2097 521 ante
2144 466 2638 533 distributionem,
2672 467 2880 524 laudes
2929 473 3129 526 autem
3177 472 3448 530 dixerunt
3475 480 3610 547 post

251 559 387 610 οὕτω
444 566 668 629 ποιῶμεν
740 556 1172 631 εὐχαριστοῦντες
1238 562 1327 608 καὶ
1388 553 1689 617 δοξάζοντες
1765 557 1849 604 τὸν

1962 554 2436 610 distributionem
2462 573 2474 609 :
2511 562 2569 610 ut
2600 562 2655 611 et
2676 573 2783 612 nos
2812 557 2891 613 ita
2916 559 3225 625 faciamus,
3251 563 3466 633 gratias
3491 566 3609 620 Deo

254 652 402 713 Θεὸν,
460 649 547 697 τὸν
597 644 841 707 ἀξιοῦντα
881 648 1018 716 ἡμᾶς
1064 648 1306 697 τοιούτων
1360 645 1586 715 ἀγαθῶν,
1640 642 1850 705 Ἐξῆλθε

1958 647 2218 711 agentes,
2241 642 2559 714 ipsumque
2579 643 3113 719 gloriﬁcautes,qui
3135 665 3242 703 nos
3258 651 3605 720 hujusmodi

253 733 313 789 δὲ
353 736 418 795 εἰς
446 737 505 785 τὸ
537 738 655 806 ὄρος
684 743 783 786 τῶν
816 733 1028 786 Ἐλαιῶν
1074 735 1154 785 ἵνα
1204 740 1272 806 μή
1325 733 1451 805 δόξῃ
1502 738 1844 808 κρύπτεσθαι,

1959 730 2132 785 bonis
2160 732 2373 799 dignos
2402 732 2584 787 duxit.
2615 734 2800 788 Exivit
2830 742 3027 791 autem
3054 736 3114 791 in
3143 745 3407 795 montem
3424 741 3606 797 Oliva-

248 829 336 877 καὶ
368 826 448 875 ἵνα
476 828 549 895 μὴ
597 826 787 882 στάσις
825 821 872 874 ἐν
911 831 973 895 τῇ
1022 824 1165 875 πόλει
1203 828 1415 894 γένηται
1448 820 1519 875 δι’
1553 824 1727 879 αὐτὸν,
1778 827 1845 874 Τὸ

1959 834 2109 888 rum,
2146 835 2216 873 ne
2247 820 2528 875 occultari
2560 821 2877 890 videretur,
2910 830 2965 878 et
2992 841 3063 879 ne
3094 834 3336 898 propter
3362 845 3497 884 eum
3544 830 3606 885 in

249 909 308 964 δὲ
360 915 478 984 ὅρος
548 920 649 963 τῶν
708 910 916 964 Ἐλαιῶν
986 916 1143 986 πέραν
1217 919 1309 963 τοῦ
1384 912 1676 986 χειμάρρου
1747 921 1845 963 τῶν

1958 907 2185 962 civitate
2220 908 2382 964 ﬁeret
2430 909 2660 964 seditio.
2712 911 2878 964 Mons
2929 928 3067 968 vero
3117 915 3422 972 Olivarum
3453 918 3605 975 ultra

248 997 458 1074 Κέδρων
530 998 613 1068 ἦν,
689 1003 824 1052 κατά
903 1005 989 1058 τὴν
1070 1003 1305 1054 Ἰωάννου
1379 1006 1605 1074 Γραφήν,
1676 1000 1843 1052 ’Ὁπου

1956 998 2273 1050 torrentem
2302 996 2527 1052 Cedron
2558 1004 2700 1063 erat,
2722 1002 2894 1067 juxta
2923 1002 3164 1055 Joannis
3191 1006 3552 1075 Scripturam
3588 1025 3600 1066 :

243 1085 308 1147 ἧν
364 1094 454 1140 καὶ
506 1097 691 1155 κῆπος,
742 1090 811 1149 εἰς
860 1088 912 1140 ὃν
962 1089 1194 1147 εἰσῆλθεν
1247 1091 1404 1151 αὐτὸς
1476 1096 1565 1142 καὶ
1628 1092 1674 1141 οἱ
1747 1109 1845 1161 μα-

1961 1085 2070 1140 Ubi
2093 1091 2222 1141 erat
2250 1086 2450 1141 hortus
2478 1092 2540 1141 in
2572 1103 2741 1158 quem
2770 1087 3057 1157 ingressus
3083 1098 3162 1145 est
3192 1092 3319 1161 ipse
3358 1102 3407 1147 et
3433 1095 3606 1150 disci-

245 1180 405 1236 θηταὶ
435 1178 618 1233 αὐτοῦ.
670 1174 826 1229 ’Ἠδει
858 1174 936 1243 δὲ,
971 1184 1120 1249 φησὶ,
1164 1184 1253 1230 καὶ
1294 1176 1520 1242 Ἰούδας,
1556 1181 1580 1230 6
1612 1175 1841 1253 παραδι-

1957 1174 2084 1241 puli
2116 1176 2237 1242 ejus
2287 1176 2354 1225 ω.
2413 1175 2647 1230 Sciebat
2699 1181 2900 1231 autem
2947 1178 3135 1249 inquit
3167 1184 3224 1233 et
3268 1181 3474 1246 Iudas,
3507 1181 3604 1251 qui

245 1264 374 1326 δοὺς
399 1267 571 1334 αὐτὸν,
604 1271 690 1318 τὸν
720 1271 894 1331 τόπον,
926 1268 1006 1318 ὅτι
1027 1268 1271 1329 πολλάκις
1305 1271 1548 1338 συνήχθη
1583 1270 1606 1319 6
1636 1270 1843 1329 Ἰησοῦς

1959 1263 2222 1319 tradebat
2256 1280 2414 1329 eum,
2457 1264 2681 1333 locum,
2707 1265 2872 1336 quod
2906 1266 3240 1337 frequenter
3266 1270 3606 1324 conveniret

242 1354 352 1408 ἐκεῖ
400 1360 531 1429 μετά
576 1364 673 1407 τῶν
730 1358 973 1428 μαθητῶν
1030 1357 1209 1408 αὐτοῦ.
1269 1357 1426 1415 Δῆλον
1487 1358 1594 1421 οὖν,
1651 1358 1727 1408 ὅτι
1778 1359 1843 1408 τὰ

1956 1350 2088 1407 illuc
2113 1354 2281 1408 Jesus
2314 1370 2451 1409 cum
2508 1353 2816 1424 discipulis
2845 1354 2969 1409 suis
2998 1355 3064 1412 ‘0.
3109 1356 3479 1413 Manifestum
3515 1362 3603 1414 est

238 1443 411 1495 πολλά
491 1444 587 1507 ἔξω
666 1442 1038 1518 διενυκτέρευεν
1123 1444 1169 1496 ἐν
1239 1453 1346 1507 τοῖς
1436 1450 1580 1519 ὄρεσι
1620 1462 1631 1474 ⁸
1689 1453 1839 1497 τοῦτο

1951 1455 2090 1510 ergo
2121 1442 2276 1513 quod
2308 1445 2526 1513 saepius
2572 1443 2714 1497 foris
2759 1443 3149 1513 pernoctabat
3186 1447 3245 1499 in
3279 1447 3598 1511 montibus,

234 1536 332 1605 μὲν
390 1533 559 1605 εὐχῆς
608 1534 1007 1608 ἁπερισπάστου
1065 1537 1249 1606 χάριν,
1309 1543 1455 1586 τοῦτο
1516 1531 1574 1587 δὲ
1624 1540 1713 1586 καὶ
1760 1535 1841 1585 ἶνα

1950 1532 2066 1583 tum
2096 1536 2156 1584 ut
2179 1531 2403 1603 absque
2429 1531 2593 1586 nulla
2615 1532 2992 1587 distractione
3023 1539 3239 1600 oraret,
3274 1539 3398 1589 tum
3427 1536 3597 1590 etiam

234 1630 454 1694 κοινωνῇ
524 1631 632 1684 τοῖς
689 1625 950 1694 μαθηταῖς
1018 1622 1181 1693 λόγων
1239 1628 1659 1696 μυστικωτέρων.
1733 1626 1838 1696 Πρὸ

1951 1624 2011 1671 ut
2040 1618 2341 1690 discipulis
2390 1620 2735 1674 secretiores
2781 1637 3075 1677 sermones
3107 1625 3593 1680 communicaret.

236 1716 414 1782 μέντοι
456 1719 544 1762 τοῦ
596 1710 810 1772 ἐξελθεῖν
855 1711 927 1771 εἰς
965 1716 1022 1762 τὸ
1073 1716 1187 1786 ςῇοος
1244 1712 1405 1763 πολλά
1450 1709 1603 1778 εἶπεν,
1653 1713 1719 1763 ὧν
1772 1715 1839 1764 τά

1952 1707 2256 1777 Siquidem
2284 1709 2630 1779 priusquam
2662 1710 2844 1764 exiret
2866 1710 2925 1764 in
2949 1715 3211 1765 montem
3235 1711 3495 1783 plurima
3513 1713 3599 1767 di-

236 1801 333 1870 μὲν
365 1801 388 1851 6
417 1804 639 1866 Λουκᾶς,
673 1802 739 1851 τὰ
770 1796 827 1852 δὲ
856 1801 881 1852 6
914 1802 1153 1861 Ἰωάννης
1186 1803 1488 1875 ἱστόρησαν.
1870 1808 1883 1862 ]

1947 1795 2048 1860 xit,
2077 1811 2335 1866 quorum
2363 1797 2642 1867 quaedam
2668 1798 2896 1867 scripsit
2920 1798 3131 1863 Lucas,
3154 1799 3431 1869 quaedam
3458 1816 3594 1856 vero

1946 1886 2220 1947 Joannes,

310 2017 440 2065 Τότε
548 2012 681 2085 λέγει
779 2044 849 2054 -
956 2019 1193 2085 ποίμνης.
1286 2011 1828 2082 Σκανδαλισθήσεσθε,

2021 2002 2178 2054 Vers.
2205 2005 2287 2055 3t.
2328 2001 2487 2055 Tunc
2510 2001 2595 2056 ait
2630 2032 2689 2040 —-
2715 2002 2922 2072 gregis.
2951 2000 3385 2070 Offendiculum
3412 2005 3598 2072 patie-

235 2101 357 2154 ἀντὶ
402 2110 515 2166 τοῦ,
566 2101 948 2161 Σαλευθήσεσθε
1003 2108 1096 2160 τὴν
1142 2104 1212 2164 εἰς
1265 2104 1351 2174 ἐμὲ
1395 2109 1595 2169 πίστιν,
1672 2108 1831 2176 ἤγουν

1948 2088 2109 2154 mini,
2145 2088 2256 2142 hoc
2286 2093 2373 2142 est
2402 2089 2724 2143 excutietur
2750 2105 2783 2141 a
2814 2087 2983 2142 vobis
3012 2088 3163 2143 ﬁdes
3194 2105 3380 2161 quam
3410 2091 3469 2145 in
3501 2106 3595 2146 me

236 2191 505 2263 φεύξεσθε.
580 2198 681 2243 Τοῦ
761 2196 1028 2263 προφήτου
1103 2190 1160 2243 δὲ
1232 2198 1504 2263 Ζαχαρίου
1587 2198 1644 2245 τὸ
1716 2175 1832 2256 ἑξῆς

1950 2175 2203 2245 habetis,
2238 2176 2362 2230 sive
2396 2175 2647 2246 fugietis.
2682 2179 2777 2230 Est
2817 2183 3017 2231 autem
3052 2176 3358 2249 prophetas
3384 2180 3597 2235 Zacha-

231 2282 412 2354 ῥητὸν.
485 2284 703 2350 Λέγεται
772 2276 832 2332 δὲ
899 2282 924 2331 ὁ
1001 2285 1180 2352 Πατὴρ
1250 2282 1476 2344 πατάξαι
1530 2286 1614 2333 τὸν
1689 2285 1828 2349 Υἰὸν,

1949 2264 2046 2319 riae
2072 2265 2295 2319 dictum
2322 2265 2487 2337 quod
2537 2266 2802 2336 sequitur
2834 2266 2900 2316 ⁸1.
2928 2265 3147 2321 Dicitur
3190 2272 3391 2322 autem
3425 2267 3596 2324 Pater

229 2369 305 2428 ὡς
361 2375 662 2438 παταγῆναι
715 2368 870 2420 αὐτὸν
931 2374 1313 2443 συγχωρήσας,
1375 2379 1558 2434 εῑτουν,
1632 2370 1831 2445 ἀναιρε-

1948 2354 2308 2424 percussisse
2339 2353 2565 2422 Filium,
2616 2358 2816 2425 utpote
2847 2354 3194 2424 permittens
3222 2358 3285 2409 ut
3314 2356 3441 2426 ipse
3474 2356 3595 2411 vul-

229 2457 406 2513 θῆναι.
461 2456 717 2513 Δηλοῦται
775 2454 835 2509 δὲ
886 2462 976 2509 καὶ
1052 2458 1165 2529 (4-2)
1236 2457 1481 2527 ἐντεῦθεν,
1549 2461 1627 2511 ὃτι
1694 2463 1831 2511 κατά

1947 2447 2251 2497 neraretur
2277 2442 2397 2496 sive
2415 2440 2799 2496 occideretur.
2818 2441 2966 2496 Hinc
2991 2440 3191 2513 itaque
3213 2442 3594 2500 manifestum

222 2550 441 2617 γνώμην
514 2552 608 2597 τοῦ
688 2549 888 2619 Πατρός
969 2544 1367 2619 ἀναιρεθήσεται
1439 2545 1531 2599 διὰ
1597 2552 1689 2605 τὴν
1748 2550 1827 2600 οἰ-

1945 2533 2051 2597 est,
2082 2530 2246 2601 quod
2284 2529 2574 2585 voluntate
2600 2529 2787 2585 Patris
2817 2545 2887 2585 ac
2918 2529 3121 2587 divina
3150 2530 3591 2604 dispensatione

226 2638 497 2705 κονομίαν.

1944 2619 2175 2675 occisus
2202 2624 2306 2673 est.

303 2725 450 2774 Μετὰ
516 2720 575 2774 δὲ
630 2754 697 2763 -ι
769 2722 1063 2778 Γαλιλαίαν.
1149 2730 1410 2796 Προειπὼν
1470 2728 1535 2776 τά
1596 2724 1823 2798 λυπηρὰ,

2014 2727 2169 2779 Vers.
2220 2728 2306 2780 32.
2341 2725 2656 2795 Postquam
2687 2731 2876 2780 autem
2903 2756 2970 2765 ——
2998 2727 3316 2781 Galilwam.
3354 2725 3461 2781 Ubi
3490 2727 3591 2782 tri-

224 2810 470 2883 προλέγει
527 2815 617 2862 καὶ
667 2813 734 2863 τὰ
789 2814 1249 2884 παραμυθούμενα.
1304 2813 1517 2887 Προάξω
1582 2811 1658 2881 δὲ,
1718 2813 1829 2865 ἀντὶ

1946 2813 2059 2868 stia
2071 2812 2607 2883 predixit,prtedicit
2621 2813 2789 2867 etiam
2804 2813 3217 2868 consolatorie.
3228 2815 3587 2880 Praecedam,

227 2906 346 2965 τοῦ,
403 2898 655 2971 Προλαϐῶ
708 2900 837 2971 ὑμᾶς
888 2900 959 2961 εὶς
1026 2905 1116 2960 τὴν
1172 2900 1465 2968 Γαλιλαίαν,
1530 2901 1635 2954 ἐκεῖ
1677 2899 1828 2955 ἐκδε-

1944 2902 2059 2957 hoc
2090 2905 2194 2967 est,
2229 2902 2582 2972 praveniam
2606 2917 2715 2956 vos
2740 2902 2799 2956 in
2830 2901 3157 2971 Galilaeam,
3186 2901 3267 2957 ibi
3296 2918 3403 2957 vos
3428 2918 3591 2958 exce-

231 2991 477 3058 χόμενος.

1942 2996 2174 3062 pturus.

309 3076 637 3146 Ἀποκριθεὶς
687 3107 756 3115 -
816 3074 1364 3151 σκανδαλισθήσομαι.
1417 3084 1533 3132 Δέον
1597 3080 1829 3152 μάλιστα
1861 3126 1904 3183 C

341 3164 401 3183 η-
630 3169 640 3182 .
724 3165 735 3180 ρ
804 3173 822 3183 .
942 3168 1013 3183 η,
1175 3165 1203 3183 η
1255 3171 1304 3183 ,η
1497 3172 1509 3183 .
1566 3176 1587 3183 _
1707 3171 1719 3180 .
1781 3167 1814 3183 ε..

2013 3098 2172 3151 Vers.
2208 3100 2295 3153 33.
2321 3097 2689 3164 Respondens
2714 3127 2778 3136 —
2820 3097 3107 3167 oﬂ'endar.
3138 3096 3283 3151 Cum
3329 3098 3588 3154 maxime

230 3159 512 3233 δεηθῆναι,
560 3169 647 3216 καὶ
694 3165 848 3217 εἰπεῖν
879 3183 891 3195 ⁸
938 3168 1118 3241 Κύριε,
1168 3165 1439 3239 βοήθησον
1488 3172 1611 3240 ἡμῖν
1642 3190 1653 3201 ·
1697 3171 1723 3221 ὁ
1769 3167 1828 3222 δε
1862 3159 1877 3182 ι

1943 3185 2244 3255 deprecari
2275 3201 2430 3257 opus
2460 3185 2681 3250 fuisset,
2729 3201 2799 3239 ac
2828 3184 3024 3240 dicere
3056 3205 3068 3243 :
3106 3184 3374 3248 Domine,
3428 3186 3590 3241 auxi-

225 3255 353 3325 τρία
428 3253 557 3324 ὁμοῦ
630 3258 842 3306 πταίει·
894 3264 1115 3328 πρῶτον,
1189 3258 1269 3308 ὅτι
1333 3256 1534 3310 ἀντεῖπε
1599 3262 1686 3310 καὶ
1754 3267 1825 3329 τῷ

1940 3253 2076 3331 liare
2124 3253 2342 3330 nobis“:
2376 3274 2469 3329 ille
2517 3274 2576 3328 in
2614 3274 2803 3329 tribus
2851 3274 3085 3329 erravit.
3135 3274 3379 3328 Primun
3425 3274 3587 3346 quod

224 3344 492 3414 προφήτῃ,
531 3346 620 3394 καὶ
657 3351 729 3394 τῶ
770 3350 985 3416 Χριστῷ
1015 3359 1028 3373 ·
1081 3341 1336 3417 δεύτερον,
1388 3347 1468 3398 ὅτι
1519 3355 1616 3398 τῶν
1661 3347 1825 3399 ἄλλων

1939 3364 2238 3436 propheta:
2269 3379 2336 3419 ac
2357 3362 2588 3418 Christo
2626 3362 3002 3417 contradixit.
3036 3363 3308 3417 Secundo
3339 3341 3503 3434 quod
3525 3381 3586 3420 se

222 3429 409 3482 ἑαυτὸν
442 3432 693 3505 προέθηκε
723 3432 838 3503 (4-3)
864 3450 876 3462 ⁸
912 3438 1106 3506 τρίτον,
1142 3436 1219 3485 ὅτι
1251 3434 1414 3504 ἑαυτῷ
1446 3439 1603 3506 μόνῷ,
1647 3441 1736 3488 καὶ
1768 3437 1824 3488 οὐ

1939 3429 2069 3509 aliis
2094 3452 2440 3524 praeposuit.
2476 3451 2663 3507 Tertio
2693 3450 2857 3521 quod
2887 3450 2947 3505 in
2976 3450 3172 3521 seipso
3204 3429 3433 3516 solo,_et
3465 3468 3586 3508 non

220 3526 285 3591 τῇ
324 3518 544 3591 βοηθείᾳ
570 3527 662 3572 τοῦ
705 3524 831 3573 Θεοῦ
876 3521 1183 3596 τεθάρῤηκε,
1224 3526 1310 3575 Διὸ
1342 3529 1431 3575 καὶ
1466 3533 1825 3599 συγχωρεῖται

1937 3541 1994 3596 in
2050 3541 2252 3596 divino
2304 3539 2523 3595 auxilio
2573 3538 2861 3593 ﬁduciam
2913 3538 3166 3594 habuit:
3221 3540 3354 3595 ideo
3406 3540 3584 3595 etiam

216 3616 418 3674 πεσεῖν,
472 3609 555 3660 ἵνα
601 3609 861 3682 συσταλῇ,
903 3616 991 3663 καὶ
1038 3614 1179 3685 μάθῃ
1231 3618 1302 3684 μὴ
1360 3610 1567 3687 σφόδρα
1620 3613 1823 3687 θαρῥεῖν

1937 3631 2142 3686 cadere
2181 3629 2549 3701 permittitur,
2606 3634 2668 3682 ut
2716 3627 3068 3698 corripiatur
3111 3644 3180 3684 ac
3230 3629 3419 3684 discat
3461 3645 3584 3685 non

216 3697 411 3767 ἑαυτῷ,
454 3703 542 3749 καὶ
602 3694 933 3751 παιδευθῶσι
990 3706 1078 3752 καὶ
1134 3702 1311 3775 ἕτεροι.
1361 3700 1523 3774 ’Όπερ
1585 3700 1645 3754 δέ
1693 3723 1823 3775 φησι

1938 3719 2107 3774 nimis
2135 3720 2196 3773 in
2228 3719 2423 3789 seipso
2456 3716 2777 3781 conﬁdere,
2811 3720 2868 3770 et
2923 3718 3115 3771 caeteri
3140 3734 3381 3789 quoque
3409 3719 3585 3773 corri-

216 3793 448 3851 Λουκᾶς,
502 3788 582 3837 ὅτι
648 3792 837 3858 Σίμων,
898 3793 1084 3860 Σίμων,
1157 3786 1272 3841 ἰδοὺ
1331 3791 1357 3840 6
1414 3797 1639 3853 Σατανᾶς
1698 3790 1820 3861 ἐξῃ-

1931 3807 2188 3879 piantur.
2222 3786 2388 3873 Quod
2432 3813 2634 3861 autem
2676 3805 2752 3860 ait
2800 3805 2989 3860 Lucas
3025 3822 3036 3860 :
3072 3786 3302 3872 Simon,
3347 3808 3578 3874 Simon,

213 3880 419 3932 τήσατο
464 3876 619 3946 ὑμᾶς,
675 3883 763 3929 καὶ
802 3879 867 3928 τά
924 3876 1055 3942 ἑξῆς,
1101 3878 1215 3930 καθ’
1250 3879 1416 3951 ἕτερον
1458 3876 1566 3931 εἶπε
1618 3884 1816 3953 καιρὸν,

1931 3876 2053 3952 ecce
2067 3898 2327 3951 Satanas
2344 3895 2623 3965 expetivit
2638 3910 2731 3950 vos
2751 3897 2815 3959 ⁸³,
2833 3900 2962 3958 etc.,
2983 3893 3099 3949 alio
3130 3894 3275 3949 dixit
3295 3899 3578 3966 tempore,

216 3966 324 4034 πρὸ
378 3971 468 4014 τοῦ
530 3963 741 4027 ἐξελθεῖν
811 3966 883 4027 εἰς
952 3969 1009 4017 τὸ
1081 3971 1193 4040 ὅρος
1255 3976 1353 4018 τῶν
1418 3968 1651 4023 Ἐλαιῶν.
1732 3974 1819 4021 Διό

1933 3985 2276 4056 priusquam
2307 3963 2577 4039 videlicet
2605 3983 2981 4053 egrederetur
3012 3982 3071 4037 in
3099 3988 3365 4038 montem
3391 3963 3580 4040 (5Ιὶνᾶ-

216 4055 314 4102 xui
347 4049 515 4123 ἐτέρου
540 4052 691 4124 λόγου
718 4054 850 4107 εἰσὶν
886 4057 1069 4108 ἐκεῖνα.

1932 4090 2058 4129 rum
2088 4093 2101 4129 :
2134 4074 2269 4129 ideo
2290 4074 2467 4129 etiam
2501 4072 2740 4128 alterius
2762 4076 2898 4127 sunt
2919 4071 3017 4127 illa
3038 4072 3331 4143 propositi
3359 4089 3430 4128 ac
3461 4090 3579 4129 ser-

1926 4164 2143 4219 monis.

302 4258 435 4335 Ὲφη
506 4295 567 4304 -
625 4265 898 4341 ἀπαρνήσῃ
958 4288 1038 4339 με.
1111 4274 1237 4341 Πρὶν
1328 4269 1577 4342 ἀλέκτορα
1653 4281 1816 4342 φωνῆ-

1996 4273 2154 4326 Vers.
2213 4270 2300 4324 34.
2364 4269 2461 4323 Ait
2522 4299 2591 4307 -—
2642 4285 2725 4323 me
2800 4268 3138 4337 abnegabis.
3223 4268 3578 4340 Priusquam

219 4374 341 4420 σαι,
394 4352 503 4404 ἀντὶ
541 4362 649 4421 τοῦ,
702 4362 825 4430 πρὶν
863 4360 951 4417 τὰς
991 4361 1159 4423 φωνάς
1202 4359 1478 4432 πληρῶσαι
1535 4368 1626 4419 τῆς
1678 4359 1814 4431 ἀγω-

1929 4361 2119 4430 gallus
2150 4366 2346 4426 canat,
2371 4357 2428 4411 id
2453 4362 2560 4422 est,
2591 4362 2915 4428 antequam
2950 4356 3123 4411 ullius
3149 4358 3434 4428 temporis
3462 4358 3576 4429 (hh)

213 4450 339 4513 γῆς.
394 4444 552 4494 Εἵωθε
596 4446 697 4517 γάρ
745 4445 770 4496 ὁ
834 4444 1056 4519 ἀλέκτωρ
1124 4448 1244 4499 καθ’
1314 4448 1536 4506 ἑκάστην
1610 4448 1860 4534 ἀγωγὴν]

1932 4449 2151 4519 expleat
2194 4462 2395 4501 sonos.
2429 4446 2582 4501 Solet
2620 4461 2883 4516 namque
2933 4445 3118 4513 gallus
3150 4446 3322 4499 variis
3356 4452 3579 4517 tempo-

212 4529 462 4590 πολλάκις
506 4541 706 4603 φωνεῖν,
756 4535 865 4586 εἶτα
910 4531 1347 4600 διαναπαύεσθαι,
1396 4541 1485 4587 καὶ
1523 4540 1653 4607 μετά
1701 4557 1816 4587 τινα
1849 4529 1859 4534 ”

1927 4536 2087 4591 ribus
2144 4534 2367 4605 saepius
2434 4550 2668 4599 canere,
2727 4533 2939 4588 deinde
3022 4548 3278 4601 cessare,
3334 4538 3387 4588 et
3443 4538 3574 4603 post

208 4623 397 4694 καιρὸν
491 4620 645 4672 πάλιν
722 4621 804 4693 ἀφ’
881 4622 1055 4695 ἐτέρας
1132 4623 1303 4697 ἀρχῆς
1370 4632 1567 4696 φωνεῖν.
1648 4630 1812 4677 Τοῦτο

1926 4625 2295 4694 aliquantum
2343 4622 2631 4692 temporis
2671 4637 2879 4676 rursus
2921 4620 2998 4675 ab
3054 4620 3239 4674 altero
3285 4620 3573 4690 principio

208 4705 273 4761 δὲ
330 4711 545 4783 Μάρκος
597 4713 904 4782 ἐσαφήνισεν
950 4714 1146 4764 εἰπών·
1208 4717 1273 4765 Σὺ
1332 4717 1554 4786 σήμερον
1621 4711 1669 4764 ἐν
1744 4721 1811 4785 τῇ

1926 4728 2154 4768 canere.
2204 4712 2324 4765 Hoc
2384 4716 2582 4765 autem
2646 4712 2872 4764 Marcus
2938 4708 3171 4777 planius
3224 4708 3573 4776 signiﬁcavit

204 4802 364 4850 νυκτὶ
432 4801 622 4871 ταύτῃ,
679 4804 798 4874 πρὶν
839 4804 870 4859 ἧ
924 4798 1004 4861 δὶς
1062 4800 1310 4877 ἀλέκτορα
1379 4809 1636 4873 φωνῆσαι,
1700 4805 1814 4874 τρὶς

1926 4802 2151 4857 dicens:
2179 4803 2263 4856 Tu
2284 4799 2468 4864 hodie,
2493 4802 2548 4853 in
2574 4800 2686 4854 hac
2707 4804 2892 4864 nocte,
2915 4797 3257 4867 priusquam
3283 4797 3365 4851 bis
3377 4798 3573 4866 gallus

206 4886 494 4961 ἀπαρνήσῃ
542 4905 622 4959 με.
658 4886 679 4901 ”
722 4895 948 4961 Αρνησιν
990 4887 1048 4942 δὲ
1094 4890 1225 4962 λέγει
1284 4895 1377 4949 τὴν
1424 4898 1517 4941 τοῦ
1546 4895 1616 4962 μή
1674 4886 1811 4942 εἰδέ-

1923 4891 2218 4955 cecmeril,
2253 4896 2342 4945 ter
2389 4886 2709 4957 abnegabis
2756 4901 2845 4941 me
2891 4886 2958 4939 ⁴⁸.
3018 4885 3400 4954 Negationem
3430 4900 3570 4942 vero

200 4994 299 5027 ναι
342 4975 538 5027 αὐτόν’
601 4981 732 5048 φησὶ
786 4980 888 5052 γὰρ
940 4980 964 5029 6
1012 4984 1216 5039 Λουκᾶς
1262 4994 1274 5008 ·
1333 4978 1408 5031 Οὐ
1471 4983 1540 5050 μὴ
1594 4984 1811 5051 φωνήσῃ

1922 4979 2087 5047 dixit,
2122 4976 2533 5042 assertionem,
2584 4975 2749 5047 quod
2802 4990 2865 5029 se
2914 4990 3034 5029 non
3076 4974 3304 5031 noverit
3349 4974 3569 5032 Petrus.

284 5111 334 5145 ⁴⁰
363 5109 529 5165 Joan.
563 5117 723 5175 xvui,
762 5114 810 5175 l,
837 5115 889 5165 2.
922 5112 968 5147 ⁴¹
1000 5111 1243 5167 Zachar.
1274 5128 1392 5177 xm,
1427 5117 1479 5166 7.
1513 5113 1560 5146 ⁴²
1595 5113 1728 5167 Luc.
1761 5113 1899 5178 χχιι,
1934 5116 2021 5169 3t.
2058 5113 2103 5145 "
2131 5113 2309 5166 Marc.
2347 5125 2462 5174 xiv,
2496 5110 2583 5162 30.

1416 5216 1646 5307 Variae
1684 5222 2012 5304 lectiones
2054 5246 2121 5303 et
2165 5244 2366 5302 notae.

205 5435 229 5448 ~
283 5360 401 5433 (42)
429 5366 548 5430 Καὶ,
582 5363 801 5420 omittit
823 5362 966 5420 Cod.
994 5364 1062 5431 A,
1096 5364 1261 5420 addit
1282 5370 1485 5421 autem
1506 5380 1649 5421 mox
1677 5368 1813 5421 ante

1057 5405 1062 5426 ,
1096 5364 1261 5420 addit
1282 5370 1485 5421 autem
1506 5380 1649 5421 mox
1677 5368 1813 5421 ante
1992 5364 2105 5437 (43)
2136 5364 2427 5437 Προῦθηκε,
2463 5360 2607 5417 Cod.
2641 5364 2704 5416 A.

195 5453 311 5486 οτι.

279 5610 413 5688 (Illi)
442 5610 627 5688 Ullius
658 5609 1264 5688 temporisgontinui
1297 5617 1533 5688 tractus.
1568 5612 1807 5688 Ἀγωγήν
1918 5606 2079 5688 ctum
2112 5617 2309 5688 tamen
2360 5611 2484 5688 suis
2512 5608 2847 5688 intervallis.
2882 5608 3143 5688 Easdem
3184 5609 3342 5663 enim
3380 5622 3568 5688 voces

190 5679 1807 5755 appellatcantumgalligallinaceicontinuum,d'istin-
1918 5683 2233 5755 aliquoties
2262 5683 2540 5741 continuo
2584 5680 2794 5753 repetit
2845 5695 2912 5736 ac
2964 5679 3182 5735 deinde
3227 5679 3564 5748 requiescit.
