4170 6334
604 295 710 349 679

1904 269 2261 329 EUTHYMII
2299 267 2626 324 ZIGABENI

3869 255 3988 311 680

605 417 753 473 Dicit
769 415 929 470 enim
941 413 1131 466 Lucas
1153 427 1164 467 :
1182 407 1316 463 Non
1332 409 1500 462 eanet
1515 401 1687 460 hodie
1701 401 1897 473 gallus
1913 397 2259 469 priusquam

2370 397 2594 466 σήμερον
2682 390 2929 465 ἀλέκτωρ,
3014 393 3132 461 πρὶν
3205 391 3235 447 ἦ
3306 391 3419 460 τρὶς
3497 387 3806 456 ἀπαρνήσῃ,

609 513 698 562 ter
727 504 999 571 abneges,
1033 505 1087 554 te
1114 511 1280 552 nosse
1305 509 1393 550 me
1432 495 1502 547 “.

678 593 840 647 Vers.
895 590 984 645 35.
1053 586 1204 642 Dicit
1250 614 1319 625 —
1367 579 1686 651 abnegabo.
1734 579 1967 644 Quanto
2026 573 2256 630 ﬁrmius

608 681 869 738 afﬁrmat
895 677 1178 739 Christus,
1213 677 1373 728 tanto
1406 674 1606 726 Petrus
1636 683 1668 723 e
1697 667 1932 722 diverso
1964 663 2254 733 majorem

607 766 868 828 ostendit
894 763 1292 822 fortitudinem
1327 777 1341 827 ;
1369 759 1692 814 vehemens
1713 754 1876 811 enim
1897 756 2021 809 erat
2039 752 2102 807 in
2125 751 2254 823 ipso

608 859 852 916 affectus
878 855 1126 928 propriae
1148 847 1544 912 conﬁdentiae,
1568 846 1703 901 ideo
1727 844 2013 898 miserum
2035 839 2256 913 patitur

605 947 986 1016 naufragium
1021 959 1034 1008 ;
1069 959 1104 998 a
1157 940 1356 995 divino
1396 936 1615 991 auxilio
1667 932 1828 988 solus
1884 931 2142 998 relictus,
2194 931 2256 982 ut

610 1040 738 1109 ejus
759 1039 1042 1106 arguatur
1057 1029 1390 1087 infirmitas.
1408 1025 1547 1081 Vide
1565 1027 1766 1080 autem
1787 1018 2095 1091 quomodo
2122 1020 2256 1088 post

609 1107 737 1182 baac
764 1125 836 1180 sit
861 1123 935 1178 ad
985 1118 1331 1176 modestiam
1371 1115 1706 1170 revocatus.
1754 1107 2063 1180 Siquidem
2117 1120 2254 1159 cum

610 1219 748 1287 post
775 1209 1280 1268 Resurrectionem
1312 1204 1386 1258 de
1415 1205 1641 1258 Joanne
1670 1197 1918 1254 dixisset
1950 1212 1961 1250 :
2003 1194 2253 1259 Domine,

612 1283 702 1359 hic
731 1308 923 1359 autem
945 1298 1082 1370 quid
1114 1298 1158 1332 ⁸⁵
1189 1296 1216 1351 ?
1241 1298 1298 1350 et
1320 1291 1668 1364 impositum
1694 1290 1852 1343 esset
1879 1285 1929 1340 ei
1959 1283 2258 1339 silentium

608 1393 768 1450 illico
793 1389 1056 1447 obticuit.
1091 1390 1157 1442 Et
1199 1387 1335 1441 ante
1378 1379 1860 1450 Assumptionem
1891 1390 2029 1429 cum
2059 1372 2259 1429 audis-

612 1487 699 1538 set
727 1499 740 1536 :
773 1481 906 1536 Non
933 1484 1014 1534 est
1045 1482 1302 1532 vestrum
1328 1485 1492 1527 nosse
1523 1475 1785 1536 tempora
1819 1465 1909 1521 vel
1934 1463 2259 1520 occasiones

610 1579 938 1641 temporum
996 1568 1061 1634 ‘6,
1098 1562 1361 1620 similiter
1386 1557 1681 1616 conticuit.
1726 1558 1791 1610 Et
1829 1557 1964 1626 post
2009 1553 2138 1608 haec
2191 1549 2260 1604 de

609 1660 788 1716 linteo
814 1673 946 1712 cum
967 1653 1230 1711 audisset
1255 1666 1268 1705 :
1298 1649 1433 1716 Quae
1452 1649 1605 1703 Deus
1627 1644 1992 1716 pun’ficavzt,
2023 1649 2085 1695 ιιι
2112 1655 2261 1696 com-

2367 479 2559 535 εἱδέναι
2597 500 2680 553 με.

2437 575 2591 642 Λέγει
2644 600 2712 610 —
2767 567 2965 642 ἀπαρνὴ
2977 586 3155 636 σομαι.

2364 663 2612 733 Χριστὸς,
2663 665 2908 710 τοσοῦτον
2969 658 2994 708 ό
3048 658 3236 729 Πέτρος
3312 651 3770 724 ἀντισχυρίζεται.
3841 655 3983 719 Σφο-

2365 745 2487 821 δρὸν
2517 751 2617 820 γὰρ
2651 746 2698 799 ἐν
2727 755 2866 816 αυτῷ
2896 749 2952 797 τὸ
3003 746 3164 804 πάθος
3219 750 3312 805 τῆς
3359 739 3438 814 ἐφ’
3495 740 3659 809 ἐαυτῷ
3711 739 3986 793 πεποιθή-

2365 857 2512 899 σεως.
2565 839 2652 890 Διό
2705 841 2795 888 καὶ
2843 833 3073 907 χαλεπὸν
3122 834 3406 904 ὑφίσταται
3458 831 3727 900 ναυάγιον,
3776 829 3986 902 ἔρημος

2362 935 2456 989 τῆς
2485 930 2627 1002 παρὰ
2676 931 2802 979 Θεοῦ
2853 923 3096 997 βοηθείας
3150 921 3491 992 ἀπολειφθεὶς,
3525 923 3616 970 καὶ
3671 916 3980 988 ἐλεγχθεὶς,

2364 1018 2442 1069 ὅτι
2473 1016 2685 1077 ἀσθενής
2715 1015 2870 1069 ἐστιν.
2901 1013 3038 1088 ’Ὅρα
3089 1018 3210 1083 γοῦν
3257 1013 3388 1083 μετά
3439 1015 3623 1074 ταῦτα,
3682 1015 3791 1066 πῶς
3852 1026 3984 1057 κατ-

2366 1105 2670 1178 εσταλμένος
2709 1102 2840 1156 ἐστί.
2893 1107 2992 1155 Καὶ
3048 1103 3149 1176 γὰρ
3190 1103 3320 1173 μετὰ
3369 1104 3463 1157 την
3509 1098 3857 1160 Ἀνάστασιν,
3917 1095 3983 1147 εἰ-

2364 1199 2471 1246 πὼν
2526 1198 2642 1266 περὶ
2695 1200 2785 1244 τοῦ
2830 1192 3086 1257 Ἰωάννου,
3159 1190 3268 1260 (44)
3333 1192 3510 1263 Κύριε,
3563 1185 3711 1246 οὗτος
3771 1181 3837 1237 δὲ
3883 1188 3982 1242 τίζ

2365 1287 2455 1335 καὶ
2508 1282 2916 1356 ἐπιστομισθεὶς,
2974 1280 3165 1332 αὐτίκα
3213 1296 3481 1348 σεσιγηκε.
3557 1278 3658 1328 Καὶ
3719 1277 3828 1346 πρὸ
3884 1280 3984 1331 τῆς

3127 1367 3248 1438 Οὐχ
3351 1368 3492 1438 ὑμῶν
3580 1362 3692 1416 ἐστι
3779 1370 3984 1433 γνῶναι

3239 572 3398 618 Ὅσον
3480 559 3514 615 δ
3521 559 3898 614 ιαϐεϐαιοῦται
3961 560 3987 609 ὁ

2368 1369 2683 1439 ἀναλήψεως,
2771 1367 2897 1420 ἀκού
2906 1389 2999 1430 σας
3029 1387 3041 1400 ·

2367 1465 2592 1532 χρόνους
2647 1459 2676 1517 ἣ
2742 1461 2976 1532 καιροὺς,
3051 1458 3240 1529 ὁμοίως

2369 1557 2554 1616 ταῦτα,
2610 1546 2692 1600 ἐπὶ
2751 1555 2842 1608 τῆς
2890 1547 3073 1606 ὀθόνης
3129 1544 3444 1612 ἐνωτισθεὶς,
3506 1545 3584 1594 ὅτι
3641 1540 3706 1594 Ἀ,
3764 1541 3793 1592 ὁ
3846 1545 3983 1603 Θεὸς

3313 1457 3341 1513 ἡ
3353 1457 3581 1526 σύχασε.
3653 1456 3753 1505 Καὶ
3846 1453 3985 1522 μετὰ

2370 1637 2665 1712 ἐκαθάρισε,
2708 1639 2772 1688 σὺ
2817 1640 2888 1708 μὴ
2925 1641 3116 1704 κοίνου,
3152 1640 3240 1686 καὶ
3298 1629 3423 1686 οὔδε
3483 1639 3657 1704 σαφῶς
3707 1627 3865 1691 εἰδὼς
3918 1635 3980 1683 τὸ

609 1752 811 1807 munia
839 1762 908 1801 ne
933 1743 1156 1801 dixeris
1208 1742 1278 1805 ‘7,
1330 1751 1686 1810 quanquam
1737 1749 1862 1788 non
1911 1730 2259 1800 intelligeret

2366 1729 2540 1803 ῥηθὲν,
2610 1727 2746 1798 ὅμως
2818 1725 2911 1776 οὐκ
2974 1723 3252 1796 ἐτόλμησεν
3311 1721 3581 1776 ἀντειπεῖν.
3658 1727 3844 1772 Ταῦτα
3919 1717 3980 1772 δὲ

609 1836 920 1894 manifeste
966 1831 1125 1905 quod
1177 1827 1508 1893 dicebatur,
1541 1839 1664 1879 non
1709 1828 1906 1878 tamen
1953 1835 2135 1875 ausus
2174 1821 2260 1873 est

609 1924 985 1997 respondere.
1010 1921 1145 1975 Haec
1170 1920 1365 1972 autem
1391 1913 1596 1970 omnia
1622 1927 1798 1967 casus
1815 1909 1909 1964 ille
1925 1906 2258 1978 negationis

611 1995 882 2071 cor—rexit.
915 2013 978 2065 Et
993 2014 1128 2064 ante
1149 2007 1262 2061 hoc
1279 2003 1544 2077 quidem,
1567 1998 1863 2072 quidquid
1883 2003 2008 2053 erat
2037 1995 2172 2050 fidei
2198 1995 2260 2050 in

613 2119 678 2159 se
702 2100 1050 2174 reponebat,
1079 2096 1284 2150 dicens
1318 2108 1327 2145 :
1365 2092 1481 2162 Ego
1514 2098 1710 2146 tamen
1750 2103 2049 2158 nunquam
2080 2085 2262 2154 offen—

611 2193 727 2248 dar
765 2191 810 2224 ‘3
866 2207 878 2255 ;
932 2191 1034 2242 et:
1094 2183 1481 2255 Nequaquam
1532 2185 1586 2234 te
1632 2175 1936 2246 abnegabo
1990 2176 2036 2209 ιο
2074 2190 2088 2240 ;
2122 2186 2260 2229 cum

611 2277 961 2337 addendum
1010 2274 1216 2330 fuisset
1267 2288 1280 2324 :
1329 2269 1387 2324 Si
1459 2273 1512 2324 te
1580 2265 1851 2322 habuero
1903 2263 2257 2334 adiutorem.

611 2366 990 2424 Postmodum
1045 2368 1244 2418 autem
1297 2360 1372 2414 de
1440 2355 1637 2412 claudi
1700 2353 2006 2410 sanatione
2059 2350 2259 2423 palam

610 2457 849 2514 dicebat
876 2473 891 2509 :
920 2453 1073 2520 Quid
1114 2464 1217 2506 nos
1255 2445 1570 2504 intuemini
1614 2444 1789 2515 quasi
1816 2447 2018 2498 nostra
2046 2441 2262 2497 virtute

611 2550 718 2604 aut
744 2546 964 2614 pietate
1005 2537 1364 2611 e/Tecerimus
1395 2541 1459 2591 ut
1487 2534 1583 2592 hic
1615 2533 1948 2590 ambularet
1979 2531 2027 2566 ⁵ο
2057 2528 2086 2584 ‘I

682 2634 828 2689 Hinc
844 2647 984 2701 ergo
1005 2643 1295 2698 magnum
1317 2625 1604 2680 discimus
1621 2623 2072 2684 documentum,
2095 2617 2262 2689 quod

611 2738 798 2795 neque
823 2722 1091 2776 bumana
1109 2713 1516 2788 promptitudo
1546 2711 1874 2783 quidquam
1897 2708 2116 2765 efﬁciat
2133 2707 2260 2762 abs-

611 2827 730 2885 que
747 2809 951 2865 divino
971 2806 1212 2869 auxilio,
1237 2818 1424 2873 neque
1447 2800 1722 2856 divinum
1758 2797 2044 2853 auxilium
2071 2795 2262 2866 prosit

613 2884 844 2972 absque
885 2893 1354 2970 promptitudine
1382 2891 1672 2946 humana.
1707 2886 2021 2956 Utriusque
2051 2884 2133 2938 rei
2164 2899 2261 2938 ex-

614 2989 815 3060 empla
863 2990 1001 3042 sunt
1033 2989 1233 3040 Petrus
1282 2987 1337 3036 et
1365 2978 1569 3034 Judas.
1616 2975 1856 3047 Oportet
1898 2989 2038 3043 ergo
2070 2987 2259 3043 neque

612 3077 975 3144 obdormire,
1005 3073 1171 3130 omni
1199 3069 1437 3139 negotio
1484 3069 1545 3121 in
1577 3067 1748 3120 Deum
1799 3063 2036 3134 rejecto,
2067 3077 2260 3133 neque

611 3183 846 3224 rursum
862 3170 1066 3237 putare
1079 3161 1158 3215 sei
1167 3175 1305 3231 psos
1322 3171 1500 3213 omne
1518 3171 1670 3226 opus
1683 3152 1933 3210 efficere.
1959 3151 2260 3224 Siquidem

611 3272 722 3314 nec
742 3259 931 3312 totum
948 3253 1228 3324 operatur
1249 3246 1424 3310 Deus,
1459 3259 1531 3300 ne
1559 3243 1733 3300 otiosi
1761 3254 2258 3315 permaneamus;

611 3361 722 3401 nec
752 3350 943 3400 totum
997 3338 1166 3395 nobis
1195 3334 1495 3409 permittit,
1544 3349 1619 3388 ne
1650 3332 1992 3402 gloriemur,
2037 3330 2144 3385 sed
2182 3329 2260 3385 ab

611 3447 974 3506 unoquoque
1041 3426 1203 3501 quod
1250 3425 1533 3482 nocivum
1599 3429 1686 3480 est
1741 3421 2036 3489 auferens,
2095 3418 2262 3492 quod

612 3522 754 3579 utile
784 3526 874 3576 est
902 3517 1077 3575 nobis
1103 3515 1356 3588 reliquit.
1387 3511 1881 3583 Permisititaque
1911 3514 2260 3566 caeterorum

613 3609 945 3682 principem
975 3604 1208 3670 cadere,
1235 3618 1358 3659 non
1388 3604 1630 3674 propter
1653 3599 1841 3656 dictas
1867 3603 2101 3654 tantum
2127 3612 2262 3653 cau-

613 3713 732 3767 sas,
765 3712 975 3754 verum
1005 3695 1186 3750 etiam
1234 3697 1302 3748 ut
1347 3690 1604 3764 amplius
1652 3693 1922 3754 amaret;
1954 3687 2052 3743 cui
2099 3685 2260 3742 enim

612 3786 929 3843 dimissum
950 3785 1118 3840 fuerit
1140 3781 1398 3855 amplius
1421 3780 1518 3836 hic
1539 3777 1796 3850 amplius
1825 3776 2046 3848 diliget.

683 3880 747 3932 Et
779 3892 892 3932 nos
934 3875 1135 3946 itaque
1178 3871 1492 3928 credamus
1545 3867 1761 3939 ubique
1799 3867 1938 3930 Deo,
1978 3879 2089 3920 nec
2124 3879 2258 3920 con-

611 3965 996 4032 tradicamus,
1025 3961 1255 4018 etiamsi
1279 3958 1436 4030 quod
1468 3957 1545 4013 ab
1565 3971 1636 4012 eo
1661 3954 1876 4010 dicitur
1895 3954 2259 4010 contrarium

611 4070 741 4112 esse
756 4054 1028 4109 videatur
1053 4047 1271 4104 nostris
1301 4045 1765 4116 cogitationibus
1789 4047 1848 4098 et
1873 4042 2215 4115 aspectibus
2245 4057 2257 4098 :

611 4145 685 4200 sit
710 4145 912 4198 tamen
932 4137 1161 4193 firmior
1180 4150 1375 4190 sermo
1403 4133 1529 4204 ejus
1554 4133 1772 4188 nostris
1811 4131 2262 4201 cogitationibus

611 4234 669 4286 et
710 4225 1070 4299 aspectibus.
1113 4227 1196 4278 Ita
1225 4237 1460 4294 quoque
1489 4221 1550 4276 in
1597 4219 1924 4276 adorandis
1967 4220 2262 4292 mysteriis

608 4315 921 4380 faciamus,
954 4328 1076 4369 non
1103 4327 1173 4368 ea
1204 4311 1400 4367 solum
1429 4326 1565 4382 qua:
1597 4314 2005 4382 proponuntur
2033 4310 2260 4366 intuen-

613 4410 717 4473 tes,
750 4403 853 4459 sed
901 4401 1278 4458 sermonibus
1326 4401 1455 4471 ejus
1484 4399 1809 4456 credentes.
1855 4400 2122 4472 Cumque
2166 4398 2263 4455 ille

611 4495 771 4551 dicat
802 4510 816 4549 :
847 4494 976 4550 Hoc
1001 4497 1082 4548 est
1125 4505 1336 4561 corpus
1369 4504 1562 4546 meum
1594 4505 1609 4556 ;
1638 4493 1695 4545 et
1727 4504 1738 4542 :
1767 4487 1880 4545 Hic
1907 4494 1990 4546 est
2016 4487 2263 4559 sanguis

611 4598 790 4648 meus,
823 4587 878 4639 et
923 4595 1249 4655 pareamus
1275 4582 1334 4635 et
1362 4579 1698 4636 credamus.
1733 4578 2031 4650 Siquidem
2083 4577 2262 4635 etiam

609 4673 672 4730 in
689 4671 1012 4745 baptismo,
1033 4668 1332 4727 sensibilis
1359 4667 1604 4742 quidem
1629 4672 1912 4741 estaqua,
1935 4667 2040 4723 sed
2056 4667 2263 4724 intelli-

611 4761 793 4834 gibile
821 4761 1049 4818 donum
1079 4763 1164 4816 est
1213 4757 1606 4828 regeneratio.
1640 4757 1786 4825 Quia
1837 4757 1996 4813 enim
2027 4757 2262 4829 corpori

611 4855 884 4908 conserta
914 4853 1004 4906 est
1048 4849 1110 4905 in
1147 4847 1323 4905 nobis
1353 4847 1574 4911 anima,
1625 4847 1688 4903 in
1738 4845 2123 4903 sensibilibus
2173 4846 2261 4904 in-

610 4939 939 5012 telligibilia
966 4937 1208 4996 tradidit
1235 4935 1410 4993 nobis
1442 4937 1614 4992 Deus.

2365 1819 2534 1870 πάντα
2583 1818 2641 1868 τὸ
2692 1822 2878 1886 πτῶμα
2938 1812 3094 1866 ἐκεῖνο
3157 1821 3251 1874 τῆς
3313 1811 3572 1887 ἀρνήσεως
3628 1811 3976 1883 κατώρθωσε.

2368 1911 2470 1959 Καὶ
2508 1907 2606 1979 πρὸ
2634 1907 2818 1956 τούτου
2848 1906 2937 1976 μὲν
2977 1902 3138 1972 ἑαυτῷ
3185 1904 3242 1953 τὸ
3290 1906 3391 1953 πᾶν
3445 1908 3537 1961 τῆς
3587 1903 3812 1959 πίστεως
3866 1900 3979 1950 ἁνε-

2895 1993 3024 2063 Ἐγὼ
3111 1987 3169 2042 δὲ
3248 1986 3497 2042 οὐδέποτε
3573 1983 3975 2045 σκανδαλισθή-

3857 2072 3976 2128 δέον

2367 1997 2520 2063 τίθει,
2600 1992 2758 2064 λέγων
2802 2010 2814 2022 ·

2371 2102 2552 2156 σομαι,
2595 2086 2705 2148 καὶ,
2759 2081 2834 2133 Οὐ
2902 2085 2973 2152 μή
3060 2099 3117 2132 σε
3176 2077 3561 2153 ἀπαρνήσωμαι
3639 2077 3776 2147 (45),

2367 2176 2686 2244 παρακιρνᾷν
2739 2176 2844 2230 τοῖς
2900 2169 3094 2240 λόγοις,
3163 2170 3242 2220 ὅτι
3297 2168 3413 2220 Ἐὰν
3482 2169 3592 2237 ἔχω
3653 2185 3709 2218 σε
3750 2163 3973 2238 βοηθόν.

2366 2259 2606 2332 Ὕστερον
2645 2255 2724 2327 δὲ,
2784 2257 2868 2310 ἐπὶ
2918 2265 3008 2309 τοῦ
3057 2257 3257 2329 χωλοῦ,
3305 2252 3604 2330 διαρρήδην
3650 2254 3836 2324 ἔλεγε),
3898 2256 3978 2306 ὅτι

2371 2347 2522 2420 Ἡμῖν
2577 2351 2628 2399 τί
2685 2345 2960 2416 ἀτενίζετε,
3030 2348 3098 2408 ὡς
3168 2343 3282 2418 ἰδίᾳ
3359 2341 3578 2416 δυνάμει
3638 2345 3667 2403 ἦ
3739 2342 3976 2414 εὐσεϐείᾳ

2367 2440 2684 2494 πεποιηκόσι
2711 2443 2801 2488 τοῦ
2831 2442 3130 2509 περιπατεῖν
3161 2435 3315 2486 αὐτόν
3348 2452 3360 2503 ;

2439 2611 2695 2664 Ἐντεῦθεν
2748 2606 2834 2662 οὖν
2909 2614 3044 2682 μέγα
3102 2605 3278 2681 δόγμα
3337 2609 3659 2681 μανθάνομεν
3712 2609 3846 2679 (46),
3906 2612 3972 2670 ὡς

2369 2702 2484 2752 οὔτε
2546 2698 2838 2773 ἀνθρωπίνη
2917 2700 3186 2771 προθυμία
3251 2698 3500 2769 κατορθοῖ
3545 2716 3594 2748 τι
3659 2701 3829 2768 χωρίς
3876 2706 3972 2757 τῆς

2370 2790 2510 2847 θείας
2536 2789 2721 2862 ῥοπῆς,
2754 2789 2869 2839 οὔτε
2915 2787 3022 2838 θεία
3071 2786 3205 2860 ῥοπὴ
3256 2781 3442 2858 κέρδος
3473 2789 3599 2857 φέρει
3649 2789 3821 2853 χωρὶς
3869 2783 3965 2834 ἀν-

2370 2878 2627 2950 θρωπίνης
2677 2877 2990 2948 προθυμίας.
3050 2879 3148 2928 Καὶ
3193 2872 3489 2946 ἀμφοτέρων
3549 2867 3953 2946 παραδείγματα

2369 2967 2556 3036 Πέτρος
2612 2968 2702 3015 καὶ
2757 2960 2984 3024 Ἰούδας.
3037 2961 3187 3016 Ὀθεν
3254 2966 3364 3036 χρὴ
3420 2967 3552 3034 μήτε
3613 2963 3670 3011 τὸ
3720 2964 3819 3011 πᾶν
3873 2958 3961 3012 ἐπὶ

2368 3055 2455 3104 τὸν
2507 3055 2628 3105 Θεὸν
2677 3051 2932 3125 ῥίψαντας
2997 3048 3290 3118 καθεύδειν,
3353 3056 3484 3123 μήτε
3545 3045 3966 3113 σπουδάζοντας,

2369 3146 2427 3194 τὸ
2457 3147 2557 3194 πᾶν
2599 3140 2811 3204 ἑαυτοὺς
2841 3143 3042 3194 οἴεσθαι
3095 3142 3377 3214 κατορθοῦν
3404 3160 3416 3173 ο
3465 3142 3584 3191 οὔτε
3626 3141 3726 3212 γὰρ
3766 3141 3824 3189 τὸ
3867 3143 3968 3189 πᾶν

2371 3232 2396 3282 ό
2449 3233 2571 3292 Θεὸς
2647 3229 2944 3303 ἐργάζεται,
3002 3231 3103 3297 ἵνα,
3163 3233 3232 3302 μὴ
3316 3229 3468 3302 ἀργοὶ
3528 3231 3791 3300 μένωμεν⁸
3853 3229 3970 3278 οὔτε

2369 3324 2428 3373 τὸ
2479 3326 2578 3373 πᾶν
2619 3321 2743 3392 ἡμῖν
2783 3318 3008 3392 ἐφίησιν,
3062 3320 3143 3370 ἵνα
3189 3322 3260 3391 μὴ
3310 3317 3672 3389 καυχώμεθα·
3712 3315 3822 3367 ἀλλ’
3856 3315 3970 3367 ἐκα-

2369 3414 2518 3484 τέρου
2545 3413 2602 3462 τὸ
2636 3407 2886 3482 βλαϐερὸν
2914 3407 3128 3480 ἀφελὼν,
3181 3410 3238 3459 τὸ
3287 3412 3558 3480 χρήσιμον
3606 3407 3731 3476 ἡμῖν
3782 3404 3972 3457 ἀπολέ-

2368 3499 2559 3555 λοιπεν.
2616 3500 2836 3569 Ἀφῆκεν
2889 3492 2976 3549 οὖν
3025 3499 3112 3549 τὸν
3183 3503 3462 3570 κορυφαῖον
3513 3502 3707 3561 πεσεῖν,
3763 3494 3824 3547 οὐ
3881 3497 3972 3566 μό-

2368 3607 2450 3640 νον
2503 3584 2598 3640 διὰ
2648 3589 2742 3648 τὰς
2797 3587 3049 3661 ῥηθείσας
3093 3585 3285 3656 αἰτίας,
3339 3583 3466 3637 ἀλλά
3520 3588 3607 3637 καὶ
3655 3585 3738 3636 ἵνα
3797 3583 3971 3636 πλεῖον

2370 3677 2646 3750 ἀγαπήσῃ.
2751 3675 2821 3748 ᾯ.
2886 3674 2996 3748 (47)
3071 3677 3172 3748 γὰρ
3239 3673 3411 3728 πλεῖον
3515 3671 3698 3746 ἀφεθῇ,
3795 3671 3971 3726 πλεῖον

2370 3765 2545 3839 ἁγαπή
2556 3785 2653 3819 σει.

2442 3859 2542 3909 Καὶ
2603 3856 2749 3927 ἡμεῖς
2809 3856 2866 3905 τὸ
2918 3859 3006 3904 νῦν
3051 3853 3344 3925 πειθώμεθα
3394 3859 3670 3923 πανταχοῦ
3728 3857 3802 3921 τῷ
3862 3855 3970 3919 Θεῷ

2368 3947 2557 4016 καὶμὴ
2613 3941 2970 4014 ἁντιλέγωμεν,
3025 3945 3114 3994 καὶ
3157 3941 3201 3994 εἰ
3252 3942 3310 3992 τὸ
3358 3940 3483 4013 παρ’
3541 3940 3700 3992 αὐτοῦ
3753 3939 3972 4012 λεγόμε-

2367 4053 2450 4087 νον
2495 4031 2718 4084 ἐναντίον
2775 4027 2902 4082 εἶναι
2961 4027 3107 4083 δοκεί
3180 4035 3291 4092 τοῖς
3368 4031 3626 4104 ἡμετέροις
3693 4028 3969 4101 λογισμοῖς

2368 4126 2459 4175 καὶ
2496 4128 2610 4182 ταῖς
2669 4118 2858 4190 ὄψεσι·
2890 4123 2979 4171 καὶ
3027 4121 3160 4171 ἔστω
3208 4122 3295 4171 καὶ
3352 4117 3615 4191 λογισμῶν
3668 4121 3759 4169 καὶ
3803 4117 3969 4189 ὄψεων

2369 4215 2680 4286 κυριώτερος
2729 4209 2754 4260 ὁ
2792 4207 2944 4279 λόγος
2993 4207 3174 4262 αὐτοῦ.
3225 4207 3375 4260 Οὕτω
3431 4212 3521 4259 καὶ
3573 4205 3654 4260 ἐπὶ
3702 4214 3804 4258 τῶν
3855 4226 3969 4282 φρι-

2369 4306 2502 4350 κτῶν
2547 4302 2851 4370 μυστηρίων
2908 4304 3151 4369 ποιῶμεν,
3196 4300 3268 4369 μὴ
3332 4298 3397 4348 τὰ
3451 4299 3765 4370 προκείμενα
3818 4301 3969 4366 μόνον

2372 4385 2669 4460 βλέποντες,
2720 4384 2848 4438 ἀλλὰ
2893 4391 2997 4446 τοῖς
3049 4384 3223 4458 λόγοις
3269 4392 3360 4437 τοῦ
3414 4389 3674 4438 Δεσπότου
3726 4387 3969 4458 πειθόμε-

2294 4474 2340 4530 D
2369 4494 2471 4532 νοι.
2504 4480 2604 4528 Καὶ
2635 4471 2816 4533 ἐπειδὴ
2852 4493 2978 4547 φησι
3006 4492 3017 4504 ·
3050 4478 3214 4528 Τοῦτό
3245 4472 3358 4527 ἐστι
3394 4477 3452 4527 τὸ
3487 4475 3638 4546 σῶμά
3677 4493 3801 4547 μου,
3855 4478 3965 4538 καὶ,

2368 4569 2532 4619 Τοῦτό
2604 4562 2715 4616 ἐστι
2792 4566 2851 4616 τὸ
2935 4562 3067 4636 αἷμά
3134 4583 3255 4636 μου,
3342 4567 3433 4616 καὶ
3513 4565 3809 4636 ποιθώμεθα
3868 4567 3962 4614 καὶ

2367 4655 2716 4725 πιστεύωμεν.
2779 4657 2880 4705 Καὶ
2940 4655 3040 4727 γὰρ
3098 4657 3188 4705 καὶ
3265 4650 3348 4706 ἐπὶ
3421 4659 3514 4704 τοῦ
3595 4651 3965 4726 βαπτίσματος

2369 4743 2620 4801 αἰσθητὸν
2682 4743 2771 4814 μὲν
2827 4745 2885 4793 το
2965 4737 3132 4816 ὕδωρ,
3186 4739 3314 4793 ἀλλὰ
3387 4745 3570 4801 νοητὸν
3636 4746 3696 4794 τὸ
3775 4737 3963 4815 δῶρον,

2367 4834 2398 4890 ἡ
2480 4831 2845 4904 ἁναγέννησις·
2926 4828 3033 4883 ἐπεὶ
3100 4833 3200 4906 γὰρ
3285 4835 3492 4904 σώματι
3570 4829 3964 4904 συμπέπλεκται

2367 4923 2510 4994 ἡμῶν
2561 4921 2592 4979 ἡ
2651 4919 2830 4992 ψυχὴ,
2907 4919 2957 4972 ἓν
3023 4917 3292 4980 αἰσθητοῖς
3359 4922 3424 4973 τὰ
3492 4922 3657 4978 νοητὰ
3725 4916 3965 4996 παρέδω-

2367 5028 2450 5063 κεν
2476 5010 2602 5083 ἡμῖν
2632 5009 2658 5060 ό
2689 5012 2826 5069 Θεός.

685 5134 734 5170 ⁸⁸
788 5136 926 5190 Luc.
975 5133 1201 5202 xxn,34.
1258 5132 1505 5189 “Joan.
1566 5146 1680 5198 χχι,
1725 5133 1815 5188 22.
1867 5131 1916 5167 ⁴⁶
1967 5132 2092 5189 Act.
2153 5148 2194 5199 ι,
2246 5139 2259 5187 τ

2365 5135 2396 5171 ⁵⁷
2429 5135 2556 5190 Act.
2587 5150 2645 5200 κ,
2692 5138 2776 5190 l5.
2826 5133 2874 5169 ⁴³
2927 5132 3124 5191 Matth.
3181 5148 3343 5204 xxvr,
3400 5134 3489 5190 33.
3546 5135 3592 5168 ‘°
3667 5133 3819 5191 Ibid;
3879 5135 3970 5191 35.

611 5244 664 5283 ³ο
690 5244 818 5302 Act.
847 5259 929 5313 ιιι,
957 5243 1047 5298 12.

1811 5338 2036 5408 Variae
2073 5339 2399 5409 lectiones
2438 5349 2505 5407 et
2535 5347 2739 5407 notae.

683 5464 799 5606 με,
832 5463 942 5518 Pro
973 5465 1151 5535 Κύριε,
1180 5460 1283 5520 dat
1310 5466 1398 5516 καί
1429 5461 1570 5520 Cod.
1604 5467 1668 5519 Α.

709 5539 774 5590 45
825 5533 1247 5606 Ἀπαρνήσομαι,
1276 5533 1418 5590 Cod.
1450 5537 1510 5591 Β.
1559 5535 1644 5591 Ita

613 5533 1247 5666 cog'ti)x’tt1fdpvﬁaopat,
1276 5533 1418 5590 Cod.
1450 5537 1510 5591 Β.
1559 5535 1644 5591 Ita
1672 5549 1915 5607 quoque
1944 5536 2175 5594 variant
2202 5535 2264 5592 in

2599 5463 2966 5536 Μανθάνωμεν,
2995 5462 3136 5518 Cod.
3167 5466 3231 5518 A.

2445 5534 2565 5606 (47)
2596 5534 2850 5606 Respicit
2873 5534 3011 5590 Luc.
3049 5550 3144 5602 νη,
3171 5537 3260 5598 47,
3284 5537 3376 5591 48.
