  <div class='ocr_page' id='page_1' title='image "/cluster/home/n/w/nwhite01/storage/ocr_20150623/129/mdp.39015061528470/350.png"; bbox 0 0 4170 6334; ppageno 0'>
   <div class='ocr_carea' id='block_1_1' title="bbox 175 328 1822 399">
    <p class='ocr_par' dir='ltr' id='par_1_1' title="bbox 175 330 1822 399">
     <span class='ocr_line' id='line_1_1' title="bbox 175 330 1822 399; baseline -0.004 0"><span class='ocrx_word' id='word_1_1' title='bbox 175 340 285 399; x_wconf 86' lang='grc'><strong>681</strong></span> <span class='ocrx_word' id='word_1_2' title='bbox 1078 330 1428 394; x_wconf 87' lang='lat' dir='ltr'><strong>COMMENT</strong></span> <span class='ocrx_word' id='word_1_3' title='bbox 1441 381 1453 394; x_wconf 93' lang='lat'><strong>.</strong></span> <span class='ocrx_word' id='word_1_4' title='bbox 1505 330 1575 393; x_wconf 84' lang='lat' dir='ltr'><strong>IN</strong></span> <span class='ocrx_word' id='word_1_5' title='bbox 1618 336 1822 393; x_wconf 66' lang='grc' dir='ltr'><strong>ΜΑΤΤᾸ</strong></span> 
     </span>
    </p>
   </div>
   <div class='ocr_carea' id='block_1_2' title="bbox 1898 328 3545 399">
    <p class='ocr_par' dir='ltr' id='par_1_2' title="bbox 1898 328 3545 396">
     <span class='ocr_line' id='line_1_2' title="bbox 1898 328 3545 396; baseline 0.002 -3"><span class='ocrx_word' id='word_1_6' title='bbox 1898 330 2064 395; x_wconf 86' lang='lat' dir='ltr'><strong>EUM.</strong></span> <span class='ocrx_word' id='word_1_7' title='bbox 2111 368 2177 379; x_wconf 90' lang='lat'>—</span> <span class='ocrx_word' id='word_1_8' title='bbox 2218 334 2377 394; x_wconf 85' lang='lat' dir='ltr'><strong>CAP.</strong></span> <span class='ocrx_word' id='word_1_9' title='bbox 2416 328 2611 393; x_wconf 82' lang='lat' dir='ltr'>XXVI.</span> <span class='ocrx_word' id='word_1_10' title='bbox 3444 340 3545 396; x_wconf 76' lang='grc'><strong>682</strong></span> 
     </span>
    </p>
   </div>
   <div class='ocr_carea' id='block_1_3' title="bbox 255 456 1902 537">
    <p class='ocr_par' dir='ltr' id='par_1_3' title="bbox 255 456 1866 537">
     <span class='ocr_line' id='line_1_3' title="bbox 255 456 1866 537; baseline 0.001 -21"><span class='ocrx_word' id='word_1_11' title='bbox 255 464 478 537; x_wconf 83' lang='grc' dir='ltr'><strong>Ὁμοίως</strong></span> <span class='ocrx_word' id='word_1_12' title='bbox 540 490 606 502; x_wconf 89' lang='grc'><strong><em>-</em></strong></span> <span class='ocrx_word' id='word_1_13' title='bbox 667 456 828 517; x_wconf 79' lang='grc' dir='ltr'>εἶπον.</span> <span class='ocrx_word' id='word_1_14' title='bbox 894 464 1269 536; x_wconf 83' lang='grc' dir='ltr'>Μιμησοὶμενοι</span> <span class='ocrx_word' id='word_1_15' title='bbox 1332 466 1422 517; x_wconf 82' lang='grc' dir='ltr'>καὶ</span> <span class='ocrx_word' id='word_1_16' title='bbox 1488 463 1637 516; x_wconf 77' lang='grc' dir='ltr'>αὐτοὶ</span> <span class='ocrx_word' id='word_1_17' title='bbox 1701 465 1787 516; x_wconf 87' lang='grc' dir='ltr'><strong>τόν</strong></span> <span class='ocrx_word' id='word_1_18' title='bbox 1821 465 1866 518; x_wconf 87' lang='grc' dir='ltr'>Α</span> 
     </span>
    </p>
   </div>
   <div class='ocr_carea' id='block_1_4' title="bbox 1902 456 3549 537">
    <p class='ocr_par' dir='ltr' id='par_1_4' title="bbox 1975 462 3549 536">
     <span class='ocr_line' id='line_1_4' title="bbox 1975 462 3549 536; baseline -0.001 -15"><span class='ocrx_word' id='word_1_19' title='bbox 1975 467 2114 521; x_wconf 88' lang='lat' dir='ltr'><strong>Vers</strong></span> <span class='ocrx_word' id='word_1_20' title='bbox 2143 465 2230 521; x_wconf 82' lang='lat'><strong>35.</strong></span> <span class='ocrx_word' id='word_1_21' title='bbox 2262 462 2552 520; x_wconf 73' lang='lat' dir='ltr'><strong>Similiter</strong></span> <span class='ocrx_word' id='word_1_22' title='bbox 2578 494 2648 504; x_wconf 88' lang='lat'>—</span> <span class='ocrx_word' id='word_1_23' title='bbox 2681 463 2988 523; x_wconf 73' lang='lat' dir='ltr'><strong>dixerunt.</strong></span> <span class='ocrx_word' id='word_1_24' title='bbox 3016 464 3319 522; x_wconf 85' lang='lat' dir='ltr'><strong>Imitantes</strong></span> <span class='ocrx_word' id='word_1_25' title='bbox 3346 466 3404 520; x_wconf 89' lang='lat' dir='ltr'><strong>et</strong></span> <span class='ocrx_word' id='word_1_26' title='bbox 3432 463 3549 536; x_wconf 84' lang='lat' dir='ltr'><strong>ipsi</strong></span> 
     </span>
    </p>
   </div>
   <div class='ocr_carea' id='block_1_5' title="bbox 185 552 1832 611">
    <p class='ocr_par' dir='ltr' id='par_1_5' title="bbox 185 558 405 611">
     <span class='ocr_line' id='line_1_5' title="bbox 185 558 405 611; baseline 0 -2"><span class='ocrx_word' id='word_1_27' title='bbox 185 558 405 611; x_wconf 75' lang='grc' dir='ltr'>Πέτρον.</span> 
     </span>
    </p>
   </div>
   <div class='ocr_carea' id='block_1_6' title="bbox 513 552 2160 611">
    <p class='ocr_par' dir='ltr' id='par_1_6' title="bbox 1901 552 2160 611">
     <span class='ocr_line' id='line_1_6' title="bbox 1901 552 2160 611; baseline 0.012 -4"><span class='ocrx_word' id='word_1_28' title='bbox 1901 552 2160 611; x_wconf 89' lang='lat' dir='ltr'><strong>Petrum.</strong></span> 
     </span>
    </p>
   </div>
   <div class='ocr_carea' id='block_1_7' title="bbox 262 574 1909 717">
    <p class='ocr_par' dir='ltr' id='par_1_7' title="bbox 262 574 1909 717">
     <span class='ocr_line' id='line_1_7' title="bbox 263 574 1909 631; baseline -0.001 -23"><span class='ocrx_word' id='word_1_29' title='bbox 263 574 405 631; x_wconf 90' lang='grc' dir='ltr'>τρον.</span> <span class='ocrx_word' id='word_1_30' title='bbox 1901 574 1909 607; x_wconf 87' lang='lat' dir='ltr'><strong>l</strong></span> 
     </span>
     <span class='ocr_line' id='line_1_8' title="bbox 262 637 1792 717; baseline -0.001 -23"><span class='ocrx_word' id='word_1_31' title='bbox 262 645 389 699; x_wconf 82' lang='grc' dir='ltr'>Τότε</span> <span class='ocrx_word' id='word_1_32' title='bbox 404 672 471 681; x_wconf 90' lang='grc'><strong><em>-</em></strong></span> <span class='ocrx_word' id='word_1_33' title='bbox 491 637 614 695; x_wconf 75' lang='grc' dir='ltr'>ἐκεῖ.</span> <span class='ocrx_word' id='word_1_34' title='bbox 634 644 803 702; x_wconf 83' lang='grc' dir='ltr'><strong>Μόνος</strong></span> <span class='ocrx_word' id='word_1_35' title='bbox 827 641 1037 694; x_wconf 80' lang='grc' dir='ltr'><strong>ἄπεισιν</strong></span> <span class='ocrx_word' id='word_1_36' title='bbox 1059 640 1127 702; x_wconf 81' lang='grc' dir='ltr'><strong>εἰς</strong></span> <span class='ocrx_word' id='word_1_37' title='bbox 1154 646 1482 717; x_wconf 80' lang='grc' dir='ltr'>προσευχὴν,</span> <span class='ocrx_word' id='word_1_38' title='bbox 1517 638 1792 695; x_wconf 74' lang='grc' dir='ltr'><strong>διδάσκων</strong></span> 
     </span>
    </p>
   </div>
   <div class='ocr_carea' id='block_1_8' title="bbox 1904 574 3551 717">
    <p class='ocr_par' dir='ltr' id='par_1_8' title="bbox 1904 574 3551 700">
     <span class='ocr_line' id='line_1_9' title="bbox 1904 574 2161 611; baseline 0.012 -4"><span class='ocrx_word' id='word_1_39' title='bbox 1904 574 2161 611; x_wconf 67' lang='grc' dir='ltr'><strong>ι’θῐιΊΠΙΙ.</strong></span> 
     </span>
     <span class='ocr_line' id='line_1_10' title="bbox 1974 641 3551 700; baseline -0.003 -3"><span class='ocrx_word' id='word_1_40' title='bbox 1974 645 2116 699; x_wconf 83' lang='lat' dir='ltr'><strong>Vere</strong></span> <span class='ocrx_word' id='word_1_41' title='bbox 2140 645 2231 699; x_wconf 90' lang='lat'><strong>36.</strong></span> <span class='ocrx_word' id='word_1_42' title='bbox 2266 643 2511 697; x_wconf 82' lang='lat' dir='ltr'><strong>Tunc-</strong></span> <span class='ocrx_word' id='word_1_43' title='bbox 2549 641 2695 697; x_wconf 77' lang='lat' dir='ltr'><strong>illic.</strong></span> <span class='ocrx_word' id='word_1_44' title='bbox 2723 641 2895 699; x_wconf 92' lang='lat' dir='ltr'><strong>Solus</strong></span> <span class='ocrx_word' id='word_1_45' title='bbox 2938 641 3063 699; x_wconf 88' lang='lat' dir='ltr'><strong>abit</strong></span> <span class='ocrx_word' id='word_1_46' title='bbox 3106 642 3183 700; x_wconf 93' lang='lat' dir='ltr'><strong>ad</strong></span> <span class='ocrx_word' id='word_1_47' title='bbox 3231 642 3551 698; x_wconf 89' lang='lat' dir='ltr'><strong>orationem</strong></span> 
     </span>
    </p>
   </div>
   <div class='ocr_carea' id='block_1_9' title="bbox 191 730 1838 805">
    <p class='ocr_par' dir='ltr' id='par_1_9' title="bbox 191 731 1792 805">
     <span class='ocr_line' id='line_1_11' title="bbox 191 731 1792 805; baseline 0 -21"><span class='ocrx_word' id='word_1_48' title='bbox 191 733 271 784; x_wconf 79' lang='grc' dir='ltr'>ὅτι</span> <span class='ocrx_word' id='word_1_49' title='bbox 300 733 408 805; x_wconf 73' lang='grc' dir='ltr'>χρὴ</span> <span class='ocrx_word' id='word_1_50' title='bbox 440 732 525 780; x_wconf 90' lang='grc' dir='ltr'>τὸν</span> <span class='ocrx_word' id='word_1_51' title='bbox 545 731 746 805; x_wconf 79' lang='grc' dir='ltr'><strong>θερμῶς</strong></span> <span class='ocrx_word' id='word_1_52' title='bbox 764 733 1160 803; x_wconf 85' lang='grc' dir='ltr'>προσευχεσθαι</span> <span class='ocrx_word' id='word_1_53' title='bbox 1184 731 1429 804; x_wconf 82' lang='grc' dir='ltr'>μέλλοντα</span> <span class='ocrx_word' id='word_1_54' title='bbox 1453 736 1792 805; x_wconf 81' lang='grc' dir='ltr'>μεμονωνένον</span> 
     </span>
    </p>
   </div>
   <div class='ocr_carea' id='block_1_10' title="bbox 1901 730 3548 805">
    <p class='ocr_par' dir='ltr' id='par_1_10' title="bbox 1902 730 3548 803">
     <span class='ocr_line' id='line_1_12' title="bbox 1902 730 3548 803; baseline -0.001 -16"><span class='ocrx_word' id='word_1_55' title='bbox 1902 730 2127 787; x_wconf 88' lang='lat' dir='ltr'><strong>docens</strong></span> <span class='ocrx_word' id='word_1_56' title='bbox 2179 736 2449 803; x_wconf 83' lang='lat' dir='ltr'><strong>oportere</strong></span> <span class='ocrx_word' id='word_1_57' title='bbox 2498 745 2637 786; x_wconf 90' lang='lat' dir='ltr'><strong>eum</strong></span> <span class='ocrx_word' id='word_1_58' title='bbox 2680 732 2786 803; x_wconf 98' lang='lat' dir='ltr'><strong>qui</strong></span> <span class='ocrx_word' id='word_1_59' title='bbox 2819 730 3112 787; x_wconf 81' lang='lat' dir='ltr'><strong>ferventer</strong></span> <span class='ocrx_word' id='word_1_60' title='bbox 3136 736 3414 788; x_wconf 89' lang='lat' dir='ltr'><strong>oraturus</strong></span> <span class='ocrx_word' id='word_1_61' title='bbox 3444 731 3548 793; x_wconf 87' lang='lat' dir='ltr'><strong>est,</strong></span> 
     </span>
    </p>
   </div>
   <div class='ocr_carea' id='block_1_11' title="bbox 190 820 1837 893">
    <p class='ocr_par' dir='ltr' id='par_1_11' title="bbox 190 821 611 893">
     <span class='ocr_line' id='line_1_13' title="bbox 190 821 611 893; baseline -0.002 -20"><span class='ocrx_word' id='word_1_62' title='bbox 190 821 611 893; x_wconf 71' lang='grc' dir='ltr'><strong>προσεύχεσθαι.</strong></span> 
     </span>
    </p>
   </div>
   <div class='ocr_carea' id='block_1_12' title="bbox 810 820 2457 893">
    <p class='ocr_par' dir='ltr' id='par_1_12' title="bbox 1904 820 2457 876">
     <span class='ocr_line' id='line_1_14' title="bbox 1904 820 2457 876; baseline 0 -1"><span class='ocrx_word' id='word_1_63' title='bbox 1904 820 2231 876; x_wconf 89' lang='lat' dir='ltr'><strong>solitarium</strong></span> <span class='ocrx_word' id='word_1_64' title='bbox 2265 834 2457 875; x_wconf 89' lang='lat' dir='ltr'><strong>orare.</strong></span> 
     </span>
    </p>
   </div>
   <div class='ocr_carea' id='block_1_13' title="bbox 265 906 1912 984">
    <p class='ocr_par' dir='ltr' id='par_1_13' title="bbox 265 906 1797 984">
     <span class='ocr_line' id='line_1_15' title="bbox 265 906 1797 984; baseline 0.001 -24"><span class='ocrx_word' id='word_1_65' title='bbox 265 907 373 980; x_wconf 80' lang='grc' dir='ltr'><strong>[Ὦς</strong></span> <span class='ocrx_word' id='word_1_66' title='bbox 429 909 550 977; x_wconf 75' lang='grc'><strong>(48)</strong></span> <span class='ocrx_word' id='word_1_67' title='bbox 606 909 876 983; x_wconf 76' lang='grc' dir='ltr'>ἄνθρωπος</span> <span class='ocrx_word' id='word_1_68' title='bbox 925 909 1280 984; x_wconf 80' lang='grc' dir='ltr'><strong>προσηύξατο,</strong></span> <span class='ocrx_word' id='word_1_69' title='bbox 1342 906 1612 964; x_wconf 75' lang='grc' dir='ltr'><strong>διδάσκων</strong></span> <span class='ocrx_word' id='word_1_70' title='bbox 1677 914 1797 972; x_wconf 82' lang='grc' dir='ltr'>τοὺς</span> 
     </span>
    </p>
   </div>
   <div class='ocr_carea' id='block_1_14' title="bbox 1907 906 3554 984">
    <p class='ocr_par' dir='ltr' id='par_1_14' title="bbox 1974 907 3554 979">
     <span class='ocr_line' id='line_1_16' title="bbox 1974 907 3554 979; baseline -0.001 -16"><span class='ocrx_word' id='word_1_71' title='bbox 1974 911 2016 979; x_wconf 65' lang='grc' dir='ltr'><strong>-ξ-</strong></span> <span class='ocrx_word' id='word_1_72' title='bbox 2046 910 2087 979; x_wconf 71' lang='grc' dir='ltr'><strong>-ιε</strong></span> <span class='ocrx_word' id='word_1_73' title='bbox 2122 910 2191 963; x_wconf 90' lang='lat' dir='ltr'><strong>Ut</strong></span> <span class='ocrx_word' id='word_1_74' title='bbox 2254 908 2437 964; x_wconf 88' lang='lat' dir='ltr'><strong>homo</strong></span> <span class='ocrx_word' id='word_1_75' title='bbox 2487 907 2859 979; x_wconf 80' lang='lat' dir='ltr'><strong>precabatur,</strong></span> <span class='ocrx_word' id='word_1_76' title='bbox 2890 908 3108 965; x_wconf 88' lang='lat' dir='ltr'><strong>docens</strong></span> <span class='ocrx_word' id='word_1_77' title='bbox 3156 908 3433 965; x_wconf 82' lang='lat' dir='ltr'><strong>homines</strong></span> <span class='ocrx_word' id='word_1_78' title='bbox 3492 907 3554 961; x_wconf 89' lang='lat' dir='ltr'><strong>in</strong></span> 
     </span>
    </p>
   </div>
   <div class='ocr_carea' id='block_1_15' title="bbox 190 995 1837 1073">
    <p class='ocr_par' dir='ltr' id='par_1_15' title="bbox 190 995 1796 1073">
     <span class='ocr_line' id='line_1_17' title="bbox 190 995 1796 1073; baseline 0 -23"><span class='ocrx_word' id='word_1_79' title='bbox 190 996 498 1072; x_wconf 79' lang='grc' dir='ltr'><strong>ἀνθρώπους</strong></span> <span class='ocrx_word' id='word_1_80' title='bbox 530 995 579 1048; x_wconf 72' lang='grc' dir='ltr'>ἐν</span> <span class='ocrx_word' id='word_1_81' title='bbox 610 1006 925 1071; x_wconf 75' lang='grc' dir='ltr'>πειρασμοῖς</span> <span class='ocrx_word' id='word_1_82' title='bbox 967 1001 1379 1073; x_wconf 82' lang='grc' dir='ltr'>προσεύχεσθαι,</span> <span class='ocrx_word' id='word_1_83' title='bbox 1426 1005 1516 1052; x_wconf 86' lang='grc' dir='ltr'>καὶ</span> <span class='ocrx_word' id='word_1_84' title='bbox 1566 1000 1633 1060; x_wconf 83' lang='grc' dir='ltr'>εἰς</span> <span class='ocrx_word' id='word_1_85' title='bbox 1677 1003 1796 1053; x_wconf 81' lang='grc' dir='ltr'>Θεὸν</span> 
     </span>
    </p>
   </div>
   <div class='ocr_carea' id='block_1_16' title="bbox 1911 995 3558 1073">
    <p class='ocr_par' dir='ltr' id='par_1_16' title="bbox 1911 996 3558 1069">
     <span class='ocr_line' id='line_1_18' title="bbox 1911 996 3558 1069; baseline -0.002 -15"><span class='ocrx_word' id='word_1_86' title='bbox 1911 997 2335 1054; x_wconf 85' lang='lat' dir='ltr'><strong>tentationibus</strong></span> <span class='ocrx_word' id='word_1_87' title='bbox 2366 997 2592 1069; x_wconf 87' lang='lat' dir='ltr'><strong>precari</strong></span> <span class='ocrx_word' id='word_1_88' title='bbox 2625 1002 2681 1051; x_wconf 90' lang='lat' dir='ltr'><strong>et</strong></span> <span class='ocrx_word' id='word_1_89' title='bbox 2723 996 2797 1053; x_wconf 91' lang='lat' dir='ltr'><strong>ad</strong></span> <span class='ocrx_word' id='word_1_90' title='bbox 2850 999 3028 1052; x_wconf 90' lang='lat' dir='ltr'><strong>Deum</strong></span> <span class='ocrx_word' id='word_1_91' title='bbox 3053 997 3358 1053; x_wconf 81' lang='lat' dir='ltr'><strong>intendere</strong></span> <span class='ocrx_word' id='word_1_92' title='bbox 3393 1011 3558 1053; x_wconf 86' lang='lat' dir='ltr'><strong>men-</strong></span> 
     </span>
    </p>
   </div>
   <div class='ocr_carea' id='block_1_17' title="bbox 188 1084 1835 1163">
    <p class='ocr_par' dir='ltr' id='par_1_17' title="bbox 188 1085 1799 1163">
     <span class='ocr_line' id='line_1_19' title="bbox 188 1085 1799 1163; baseline 0.001 -24"><span class='ocrx_word' id='word_1_93' title='bbox 188 1085 578 1157; x_wconf 84' lang='grc' dir='ltr'>ἀνατείνεσθαι,</span> <span class='ocrx_word' id='word_1_94' title='bbox 607 1091 697 1139; x_wconf 84' lang='grc' dir='ltr'>καὶ</span> <span class='ocrx_word' id='word_1_95' title='bbox 728 1085 1074 1163; x_wconf 75' lang='grc' dir='ltr'>ἐκτενέστερον</span> <span class='ocrx_word' id='word_1_96' title='bbox 1104 1086 1462 1141; x_wconf 71' lang='grc' dir='ltr'>ἐπικαλεῖσθαι</span> <span class='ocrx_word' id='word_1_97' title='bbox 1486 1093 1577 1147; x_wconf 78' lang='grc' dir='ltr'>τὴν</span> <span class='ocrx_word' id='word_1_98' title='bbox 1606 1086 1799 1141; x_wconf 72' lang='grc' dir='ltr'>ἑκείνου</span> 
     </span>
    </p>
   </div>
   <div class='ocr_carea' id='block_1_18' title="bbox 1765 1084 3412 1163">
    <p class='ocr_par' dir='ltr' id='par_1_18' title="bbox 1768 1084 3412 1158">
     <span class='ocr_line' id='line_1_20' title="bbox 1768 1084 3412 1158; baseline -0.001 -18"><span class='ocrx_word' id='word_1_99' title='bbox 1768 1109 1799 1140; x_wconf 85' lang='grc' dir='ltr'><strong>υ</strong></span> <span class='ocrx_word' id='word_1_100' title='bbox 1908 1092 2027 1145; x_wconf 89' lang='lat' dir='ltr'><strong>tem</strong></span> <span class='ocrx_word' id='word_1_101' title='bbox 2054 1090 2229 1158; x_wconf 89' lang='lat' dir='ltr'><strong>atque</strong></span> <span class='ocrx_word' id='word_1_102' title='bbox 2259 1084 2568 1143; x_wconf 82' lang='lat' dir='ltr'><strong>ardentius</strong></span> <span class='ocrx_word' id='word_1_103' title='bbox 2596 1085 2727 1157; x_wconf 88' lang='lat' dir='ltr'><strong>ejus</strong></span> <span class='ocrx_word' id='word_1_104' title='bbox 2752 1084 3076 1156; x_wconf 85' lang='lat' dir='ltr'><strong>implorare</strong></span> <span class='ocrx_word' id='word_1_105' title='bbox 3104 1084 3412 1141; x_wconf 78' lang='lat' dir='ltr'><strong>auxilium.</strong></span> 
     </span>
    </p>
   </div>
   <div class='ocr_carea' id='block_1_19' title="bbox 190 1171 3567 1252">
    <p class='ocr_par' dir='ltr' id='par_1_19' title="bbox 190 1171 3567 1252">
     <span class='ocr_line' id='line_1_21' title="bbox 190 1171 3567 1252; baseline -0.002 -25"><span class='ocrx_word' id='word_1_106' title='bbox 190 1171 445 1246; x_wconf 78' lang='grc' dir='ltr'>βοήθειαν</span> <span class='ocrx_word' id='word_1_107' title='bbox 909 1242 917 1252; x_wconf 39' lang='grc'><strong><em>⁸</em></strong></span> <span class='ocrx_word' id='word_1_108' title='bbox 3562 1238 3567 1241; x_wconf 89' lang='lat'><em>_</em></span> 
     </span>
    </p>
   </div>
   <div class='ocr_carea' id='block_1_20' title="bbox 276 1260 1923 1343">
    <p class='ocr_par' dir='ltr' id='par_1_20' title="bbox 276 1260 1802 1341">
     <span class='ocr_line' id='line_1_22' title="bbox 276 1260 1802 1341; baseline 0.001 -25"><span class='ocrx_word' id='word_1_109' title='bbox 276 1268 377 1316; x_wconf 81' lang='grc' dir='ltr'><strong>Καὶ</strong></span> <span class='ocrx_word' id='word_1_110' title='bbox 428 1262 739 1337; x_wconf 77' lang='grc' dir='ltr'>παραλαϐὼν</span> <span class='ocrx_word' id='word_1_111' title='bbox 786 1294 845 1305; x_wconf 90' lang='grc'><strong>-</strong></span> <span class='ocrx_word' id='word_1_112' title='bbox 894 1260 1193 1338; x_wconf 77' lang='grc' dir='ltr'>ἀδημονεῖν.</span> <span class='ocrx_word' id='word_1_113' title='bbox 1246 1265 1425 1341; x_wconf 84' lang='grc' dir='ltr'>[Ἔστι</span> <span class='ocrx_word' id='word_1_114' title='bbox 1470 1267 1585 1337; x_wconf 81' lang='grc'><strong>(49)</strong></span> <span class='ocrx_word' id='word_1_115' title='bbox 1632 1264 1802 1320; x_wconf 82' lang='grc' dir='ltr'>δειλίοι</span> 
     </span>
    </p>
   </div>
   <div class='ocr_carea' id='block_1_21' title="bbox 1917 1260 3564 1343">
    <p class='ocr_par' dir='ltr' id='par_1_21' title="bbox 1980 1272 3564 1343">
     <span class='ocr_line' id='line_1_23' title="bbox 1980 1272 3564 1343; baseline -0.003 -12"><span class='ocrx_word' id='word_1_116' title='bbox 1980 1274 2142 1331; x_wconf 86' lang='lat' dir='ltr'><strong>Vcrs.</strong></span> <span class='ocrx_word' id='word_1_117' title='bbox 2174 1274 2265 1332; x_wconf 90' lang='lat'><strong>37.</strong></span> <span class='ocrx_word' id='word_1_118' title='bbox 2309 1273 2387 1329; x_wconf 81' lang='lat' dir='ltr'><strong>Et</strong></span> <span class='ocrx_word' id='word_1_119' title='bbox 2419 1279 2711 1343; x_wconf 81' lang='lat' dir='ltr'><strong>assumpto</strong></span> <span class='ocrx_word' id='word_1_120' title='bbox 2762 1302 2830 1311; x_wconf 92' lang='lat'><strong>-</strong></span> <span class='ocrx_word' id='word_1_121' title='bbox 2880 1274 3109 1328; x_wconf 72' lang='lat' dir='ltr'><strong>maestus</strong></span> <span class='ocrx_word' id='word_1_122' title='bbox 3147 1286 3282 1328; x_wconf 83' lang='lat' dir='ltr'><strong>esse.</strong></span> <span class='ocrx_word' id='word_1_123' title='bbox 3315 1272 3358 1342; x_wconf 80' lang='grc' dir='ltr'><strong>-ι-</strong></span> <span class='ocrx_word' id='word_1_124' title='bbox 3386 1272 3430 1341; x_wconf 70' lang='grc' dir='ltr'><strong>-ί-</strong></span> <span class='ocrx_word' id='word_1_125' title='bbox 3467 1272 3564 1326; x_wconf 89' lang='lat' dir='ltr'><strong>Est</strong></span> 
     </span>
    </p>
   </div>
   <div class='ocr_carea' id='block_1_22' title="bbox 188 1352 1835 1436">
    <p class='ocr_par' dir='ltr' id='par_1_22' title="bbox 188 1352 1802 1428">
     <span class='ocr_line' id='line_1_24' title="bbox 188 1352 1802 1428; baseline 0.002 -25"><span class='ocrx_word' id='word_1_126' title='bbox 188 1355 425 1424; x_wconf 72' lang='grc' dir='ltr'>φυσικὴ,</span> <span class='ocrx_word' id='word_1_127' title='bbox 484 1357 555 1425; x_wconf 78' lang='grc' dir='ltr'>μὴ</span> <span class='ocrx_word' id='word_1_128' title='bbox 619 1352 867 1413; x_wconf 75' lang='grc' dir='ltr'>θελούσης</span> <span class='ocrx_word' id='word_1_129' title='bbox 930 1363 1025 1416; x_wconf 81' lang='grc' dir='ltr'>τῆς</span> <span class='ocrx_word' id='word_1_130' title='bbox 1079 1354 1268 1427; x_wconf 74' lang='grc' dir='ltr'>ψυχῆς</span> <span class='ocrx_word' id='word_1_131' title='bbox 1327 1352 1657 1428; x_wconf 83' lang='grc' dir='ltr'>διαιρεθῆναι</span> <span class='ocrx_word' id='word_1_132' title='bbox 1709 1362 1802 1407; x_wconf 85' lang='grc' dir='ltr'>τοῦ</span> 
     </span>
    </p>
   </div>
   <div class='ocr_carea' id='block_1_23' title="bbox 1916 1352 3563 1436">
    <p class='ocr_par' dir='ltr' id='par_1_23' title="bbox 1916 1359 3563 1436">
     <span class='ocr_line' id='line_1_25' title="bbox 1916 1359 3563 1436; baseline -0.005 -16"><span class='ocrx_word' id='word_1_133' title='bbox 1916 1364 2087 1421; x_wconf 88' lang='lat' dir='ltr'><strong>timor</strong></span> <span class='ocrx_word' id='word_1_134' title='bbox 2132 1363 2383 1436; x_wconf 88' lang='lat' dir='ltr'><strong>quidam</strong></span> <span class='ocrx_word' id='word_1_135' title='bbox 2425 1361 2754 1417; x_wconf 89' lang='lat' dir='ltr'><strong>secundum</strong></span> <span class='ocrx_word' id='word_1_136' title='bbox 2793 1366 3092 1426; x_wconf 89' lang='lat' dir='ltr'><strong>naturam,</strong></span> <span class='ocrx_word' id='word_1_137' title='bbox 3140 1376 3278 1415; x_wconf 90' lang='lat' dir='ltr'><strong>cum</strong></span> <span class='ocrx_word' id='word_1_138' title='bbox 3326 1359 3563 1415; x_wconf 86' lang='lat' dir='ltr'><strong>animus</strong></span> 
     </span>
    </p>
   </div>
   <div class='ocr_carea' id='block_1_24' title="bbox 189 1437 1836 1523">
    <p class='ocr_par' dir='ltr' id='par_1_24' title="bbox 189 1437 1804 1517">
     <span class='ocr_line' id='line_1_26' title="bbox 189 1437 1804 1517; baseline 0.001 -23"><span class='ocrx_word' id='word_1_139' title='bbox 189 1446 467 1513; x_wconf 83' lang='grc' dir='ltr'>σώματος,</span> <span class='ocrx_word' id='word_1_140' title='bbox 529 1437 623 1493; x_wconf 81' lang='grc' dir='ltr'><strong>διὰ</strong></span> <span class='ocrx_word' id='word_1_141' title='bbox 677 1446 763 1499; x_wconf 71' lang='grc' dir='ltr'>τὴν</span> <span class='ocrx_word' id='word_1_142' title='bbox 812 1442 868 1505; x_wconf 79' lang='grc' dir='ltr'><strong>ἐξ</strong></span> <span class='ocrx_word' id='word_1_143' title='bbox 917 1441 1092 1516; x_wconf 80' lang='grc' dir='ltr'>ἀρχῆς</span> <span class='ocrx_word' id='word_1_144' title='bbox 1145 1443 1434 1498; x_wconf 76' lang='grc' dir='ltr'>ἐντεθεῖσαν</span> <span class='ocrx_word' id='word_1_145' title='bbox 1486 1444 1616 1517; x_wconf 75' lang='grc' dir='ltr'>αὐτῇ</span> <span class='ocrx_word' id='word_1_146' title='bbox 1662 1446 1804 1515; x_wconf 87' lang='grc' dir='ltr'>παρὰ</span> 
     </span>
    </p>
   </div>
   <div class='ocr_carea' id='block_1_25' title="bbox 1918 1437 3565 1523">
    <p class='ocr_par' dir='ltr' id='par_1_25' title="bbox 1918 1447 3565 1523">
     <span class='ocr_line' id='line_1_27' title="bbox 1918 1447 3565 1523; baseline -0.004 -13"><span class='ocrx_word' id='word_1_147' title='bbox 1918 1468 2030 1510; x_wconf 91' lang='lat' dir='ltr'><strong>non</strong></span> <span class='ocrx_word' id='word_1_148' title='bbox 2072 1454 2197 1508; x_wconf 87' lang='lat' dir='ltr'><strong>vult</strong></span> <span class='ocrx_word' id='word_1_149' title='bbox 2243 1451 2507 1523; x_wconf 81' lang='lat' dir='ltr'><strong>disjungi</strong></span> <span class='ocrx_word' id='word_1_150' title='bbox 2556 1468 2593 1507; x_wconf 92' lang='lat' dir='ltr'><strong>a</strong></span> <span class='ocrx_word' id='word_1_151' title='bbox 2631 1466 2894 1523; x_wconf 87' lang='lat' dir='ltr'><strong>corpore,</strong></span> <span class='ocrx_word' id='word_1_152' title='bbox 2946 1454 3186 1521; x_wconf 83' lang='lat' dir='ltr'><strong>propter</strong></span> <span class='ocrx_word' id='word_1_153' title='bbox 3232 1450 3469 1505; x_wconf 83' lang='lat' dir='ltr'><strong>insitam</strong></span> <span class='ocrx_word' id='word_1_154' title='bbox 3510 1447 3565 1503; x_wconf 89' lang='lat' dir='ltr'><strong>ei</strong></span> 
     </span>
    </p>
   </div>
   <div class='ocr_carea' id='block_1_26' title="bbox 185 1535 1832 1615">
    <p class='ocr_par' dir='ltr' id='par_1_26' title="bbox 185 1535 1801 1605">
     <span class='ocr_line' id='line_1_28' title="bbox 185 1535 1801 1605; baseline 0.004 -26"><span class='ocrx_word' id='word_1_155' title='bbox 185 1536 292 1580; x_wconf 82' lang='grc' dir='ltr'>τοῦ</span> <span class='ocrx_word' id='word_1_156' title='bbox 343 1535 677 1604; x_wconf 73' lang='grc' dir='ltr'>Δημιουργόύ</span> <span class='ocrx_word' id='word_1_157' title='bbox 734 1536 957 1603; x_wconf 77' lang='grc' dir='ltr'>φυσικὴν</span> <span class='ocrx_word' id='word_1_158' title='bbox 1018 1535 1343 1605; x_wconf 72' lang='grc' dir='ltr'>συμπάθειαν</span> <span class='ocrx_word' id='word_1_159' title='bbox 1389 1553 1441 1586; x_wconf 88' lang='grc' dir='ltr'><strong>τε</strong></span> <span class='ocrx_word' id='word_1_160' title='bbox 1488 1539 1577 1591; x_wconf 81' lang='grc' dir='ltr'>καὶ</span> <span class='ocrx_word' id='word_1_161' title='bbox 1619 1536 1801 1586; x_wconf 76' lang='grc' dir='ltr'>οἰκειό-</span> 
     </span>
    </p>
   </div>
   <div class='ocr_carea' id='block_1_27' title="bbox 1919 1535 3566 1615">
    <p class='ocr_par' dir='ltr' id='par_1_27' title="bbox 1919 1539 3566 1614">
     <span class='ocr_line' id='line_1_29' title="bbox 1919 1539 3566 1614; baseline -0.004 -16"><span class='ocrx_word' id='word_1_162' title='bbox 1919 1543 1975 1599; x_wconf 88' lang='lat' dir='ltr'><strong>in</strong></span> <span class='ocrx_word' id='word_1_163' title='bbox 2030 1542 2322 1614; x_wconf 89' lang='lat' dir='ltr'><strong>principio</strong></span> <span class='ocrx_word' id='word_1_164' title='bbox 2384 1557 2420 1596; x_wconf 89' lang='lat' dir='ltr'><strong>a</strong></span> <span class='ocrx_word' id='word_1_165' title='bbox 2473 1539 2747 1595; x_wconf 87' lang='lat' dir='ltr'><strong>Creatore</strong></span> <span class='ocrx_word' id='word_1_166' title='bbox 2796 1539 3278 1609; x_wconf 89' lang='lat' dir='ltr'><strong>compassionem</strong></span> <span class='ocrx_word' id='word_1_167' title='bbox 3329 1542 3386 1592; x_wconf 89' lang='lat' dir='ltr'><strong>et</strong></span> <span class='ocrx_word' id='word_1_168' title='bbox 3425 1552 3566 1591; x_wconf 91' lang='lat' dir='ltr'><strong>con-</strong></span> 
     </span>
    </p>
   </div>
   <div class='ocr_carea' id='block_1_28' title="bbox 188 1616 1835 1703">
    <p class='ocr_par' dir='ltr' id='par_1_28' title="bbox 188 1616 1807 1698">
     <span class='ocr_line' id='line_1_30' title="bbox 188 1616 1807 1698; baseline 0.001 -28"><span class='ocrx_word' id='word_1_169' title='bbox 188 1638 353 1677; x_wconf 81' lang='grc' dir='ltr'>τητα.</span> <span class='ocrx_word' id='word_1_170' title='bbox 397 1622 498 1671; x_wconf 80' lang='grc' dir='ltr'><strong>Καὶ</strong></span> <span class='ocrx_word' id='word_1_171' title='bbox 529 1621 641 1672; x_wconf 81' lang='grc' dir='ltr'>ἔστι</span> <span class='ocrx_word' id='word_1_172' title='bbox 694 1616 864 1672; x_wconf 78' lang='grc' dir='ltr'>δειλία</span> <span class='ocrx_word' id='word_1_173' title='bbox 892 1624 1035 1693; x_wconf 85' lang='grc' dir='ltr'>παρὰ</span> <span class='ocrx_word' id='word_1_174' title='bbox 1080 1624 1256 1694; x_wconf 77' lang='grc' dir='ltr'>φύσιν,</span> <span class='ocrx_word' id='word_1_175' title='bbox 1303 1622 1358 1675; x_wconf 76' lang='grc' dir='ltr'>ἐκ</span> <span class='ocrx_word' id='word_1_176' title='bbox 1390 1620 1679 1698; x_wconf 80' lang='grc' dir='ltr'>προδοσίας</span> <span class='ocrx_word' id='word_1_177' title='bbox 1723 1620 1807 1672; x_wconf 85' lang='grc' dir='ltr'>λο-</span> 
     </span>
    </p>
   </div>
   <div class='ocr_carea' id='block_1_29' title="bbox 1922 1616 3569 1703">
    <p class='ocr_par' dir='ltr' id='par_1_29' title="bbox 1922 1628 3569 1703">
     <span class='ocr_line' id='line_1_31' title="bbox 1922 1628 3569 1703; baseline -0.004 -17"><span class='ocrx_word' id='word_1_178' title='bbox 1922 1630 2302 1703; x_wconf 83' lang='lat' dir='ltr'><strong>iunctionem.</strong></span> <span class='ocrx_word' id='word_1_179' title='bbox 2358 1631 2453 1683; x_wconf 86' lang='lat' dir='ltr'><strong>Est</strong></span> <span class='ocrx_word' id='word_1_180' title='bbox 2508 1643 2640 1683; x_wconf 84' lang='lat' dir='ltr'><strong>vero</strong></span> <span class='ocrx_word' id='word_1_181' title='bbox 2681 1628 2855 1683; x_wconf 85' lang='lat' dir='ltr'><strong>etiam</strong></span> <span class='ocrx_word' id='word_1_182' title='bbox 2910 1629 3082 1681; x_wconf 84' lang='lat' dir='ltr'><strong>timor</strong></span> <span class='ocrx_word' id='word_1_183' title='bbox 3139 1631 3337 1681; x_wconf 86' lang='lat' dir='ltr'><strong>contra</strong></span> <span class='ocrx_word' id='word_1_184' title='bbox 3390 1630 3569 1679; x_wconf 87' lang='lat' dir='ltr'><strong>natu-</strong></span> 
     </span>
    </p>
   </div>
   <div class='ocr_carea' id='block_1_30' title="bbox 195 1707 1842 1791">
    <p class='ocr_par' dir='ltr' id='par_1_30' title="bbox 195 1707 1806 1783">
     <span class='ocr_line' id='line_1_32' title="bbox 195 1707 1806 1783; baseline 0.005 -26"><span class='ocrx_word' id='word_1_185' title='bbox 195 1716 410 1779; x_wconf 73' lang='grc' dir='ltr'>’γισμὼν</span> <span class='ocrx_word' id='word_1_186' title='bbox 459 1713 551 1760; x_wconf 84' lang='grc' dir='ltr'>καὶ</span> <span class='ocrx_word' id='word_1_187' title='bbox 610 1707 857 1770; x_wconf 80' lang='grc' dir='ltr'>ἀπιστίας</span> <span class='ocrx_word' id='word_1_188' title='bbox 920 1716 1293 1783; x_wconf 74' lang='grc' dir='ltr'>συνισταμένη,</span> <span class='ocrx_word' id='word_1_189' title='bbox 1348 1714 1414 1774; x_wconf 81' lang='grc' dir='ltr'>ὡς</span> <span class='ocrx_word' id='word_1_190' title='bbox 1460 1713 1579 1763; x_wconf 87' lang='grc' dir='ltr'>ὅταν</span> <span class='ocrx_word' id='word_1_191' title='bbox 1636 1731 1717 1772; x_wconf 83' lang='grc' dir='ltr'><strong>τις</strong></span> <span class='ocrx_word' id='word_1_192' title='bbox 1758 1709 1806 1765; x_wconf 73' lang='grc' dir='ltr'>ἓν</span> 
     </span>
    </p>
   </div>
   <div class='ocr_carea' id='block_1_31' title="bbox 1921 1707 3568 1791">
    <p class='ocr_par' dir='ltr' id='par_1_31' title="bbox 1921 1713 3568 1791">
     <span class='ocr_line' id='line_1_33' title="bbox 1921 1713 3568 1791; baseline -0.005 -16"><span class='ocrx_word' id='word_1_193' title='bbox 1921 1735 2047 1775; x_wconf 85' lang='lat' dir='ltr'><strong>rem</strong></span> <span class='ocrx_word' id='word_1_194' title='bbox 2076 1720 2179 1791; x_wconf 91' lang='lat' dir='ltr'><strong>qui</strong></span> <span class='ocrx_word' id='word_1_195' title='bbox 2208 1735 2278 1773; x_wconf 84' lang='lat' dir='ltr'><strong>ex</strong></span> <span class='ocrx_word' id='word_1_196' title='bbox 2309 1717 2586 1787; x_wconf 83' lang='lat' dir='ltr'><strong>neglectu</strong></span> <span class='ocrx_word' id='word_1_197' title='bbox 2631 1732 2795 1771; x_wconf 83' lang='lat' dir='ltr'><strong>sanae</strong></span> <span class='ocrx_word' id='word_1_198' title='bbox 2838 1715 3085 1771; x_wconf 82' lang='lat' dir='ltr'><strong>rationis</strong></span> <span class='ocrx_word' id='word_1_199' title='bbox 3113 1719 3171 1770; x_wconf 91' lang='lat' dir='ltr'><strong>et</strong></span> <span class='ocrx_word' id='word_1_200' title='bbox 3222 1713 3568 1769; x_wconf 86' lang='lat' dir='ltr'><strong>inﬁdelitate</strong></span> 
     </span>
    </p>
   </div>
   <div class='ocr_carea' id='block_1_32' title="bbox 199 1792 1846 1878">
    <p class='ocr_par' dir='ltr' id='par_1_32' title="bbox 199 1792 1846 1872">
     <span class='ocr_line' id='line_1_34' title="bbox 199 1792 1846 1872; baseline 0.002 -25"><span class='ocrx_word' id='word_1_201' title='bbox 199 1800 358 1848; x_wconf 81' lang='grc' dir='ltr'>νυκτὶ</span> <span class='ocrx_word' id='word_1_202' title='bbox 410 1792 578 1867; x_wconf 70' lang='grc' dir='ltr'>δειλιᾴ</span> <span class='ocrx_word' id='word_1_203' title='bbox 635 1793 729 1850; x_wconf 80' lang='grc' dir='ltr'><strong>διὰ</strong></span> <span class='ocrx_word' id='word_1_204' title='bbox 798 1801 861 1849; x_wconf 81' lang='grc' dir='ltr'><strong>τὰ</strong></span> <span class='ocrx_word' id='word_1_205' title='bbox 927 1800 1173 1872; x_wconf 75' lang='grc' dir='ltr'>φάσματα</span> <span class='ocrx_word' id='word_1_206' title='bbox 1242 1805 1331 1853; x_wconf 87' lang='grc' dir='ltr'>καὶ</span> <span class='ocrx_word' id='word_1_207' title='bbox 1362 1862 1367 1865; x_wconf 26' lang='grc' dir='ltr'><em>ι</em></span> <span class='ocrx_word' id='word_1_208' title='bbox 1403 1805 1520 1862; x_wconf 87' lang='grc' dir='ltr'>τούς</span> <span class='ocrx_word' id='word_1_209' title='bbox 1586 1800 1846 1872; x_wconf 69' lang='grc' dir='ltr'>ψόφους.]</span> 
     </span>
    </p>
   </div>
   <div class='ocr_carea' id='block_1_33' title="bbox 1921 1792 3568 1878">
    <p class='ocr_par' dir='ltr' id='par_1_33' title="bbox 1921 1805 3568 1878">
     <span class='ocr_line' id='line_1_35' title="bbox 1921 1805 3568 1878; baseline -0.006 -13"><span class='ocrx_word' id='word_1_210' title='bbox 1921 1809 2122 1873; x_wconf 90' lang='lat' dir='ltr'><strong>oritur,</strong></span> <span class='ocrx_word' id='word_1_211' title='bbox 2154 1807 2358 1873; x_wconf 85' lang='lat' dir='ltr'><strong>veluti,</strong></span> <span class='ocrx_word' id='word_1_212' title='bbox 2384 1822 2520 1860; x_wconf 88' lang='lat' dir='ltr'><strong>cum</strong></span> <span class='ocrx_word' id='word_1_213' title='bbox 2550 1805 2686 1878; x_wconf 89' lang='lat' dir='ltr'><strong>quis</strong></span> <span class='ocrx_word' id='word_1_214' title='bbox 2718 1810 2889 1860; x_wconf 89' lang='lat' dir='ltr'><strong>nocte</strong></span> <span class='ocrx_word' id='word_1_215' title='bbox 2913 1805 3096 1871; x_wconf 83' lang='lat' dir='ltr'><strong>timet,</strong></span> <span class='ocrx_word' id='word_1_216' title='bbox 3145 1808 3389 1874; x_wconf 82' lang='lat' dir='ltr'><strong>propter</strong></span> <span class='ocrx_word' id='word_1_217' title='bbox 3438 1817 3568 1872; x_wconf 89' lang='lat' dir='ltr'><strong>spe-</strong></span> 
     </span>
    </p>
   </div>
   <div class='ocr_carea' id='block_1_34' title="bbox 205 1882 1852 1964">
    <p class='ocr_par' dir='ltr' id='par_1_34' title="bbox 205 1882 1810 1964">
     <span class='ocr_line' id='line_1_36' title="bbox 205 1882 1810 1964; baseline 0.001 -26"><span class='ocrx_word' id='word_1_218' title='bbox 205 1888 419 1942; x_wconf 81' lang='grc' dir='ltr'>Ταύτην</span> <span class='ocrx_word' id='word_1_219' title='bbox 448 1882 505 1938; x_wconf 75' lang='grc' dir='ltr'><strong>δε</strong></span> <span class='ocrx_word' id='word_1_220' title='bbox 535 1890 627 1944; x_wconf 75' lang='grc' dir='ltr'><strong>την</strong></span> <span class='ocrx_word' id='word_1_221' title='bbox 675 1882 890 1959; x_wconf 76' lang='grc' dir='ltr'>δειλίαν,</span> <span class='ocrx_word' id='word_1_222' title='bbox 924 1891 987 1949; x_wconf 86' lang='grc' dir='ltr'>ὡς</span> <span class='ocrx_word' id='word_1_223' title='bbox 1017 1891 1162 1964; x_wconf 84' lang='grc' dir='ltr'>παρὰ</span> <span class='ocrx_word' id='word_1_224' title='bbox 1199 1892 1374 1963; x_wconf 84' lang='grc' dir='ltr'>φύσιν,</span> <span class='ocrx_word' id='word_1_225' title='bbox 1424 1892 1449 1941; x_wconf 90' lang='grc' dir='ltr'><strong>ό</strong></span> <span class='ocrx_word' id='word_1_226' title='bbox 1493 1892 1722 1963; x_wconf 85' lang='grc' dir='ltr'>Χριστὸς</span> <span class='ocrx_word' id='word_1_227' title='bbox 1751 1892 1810 1941; x_wconf 85' lang='grc' dir='ltr'><strong>ού</strong></span> 
     </span>
    </p>
   </div>
   <div class='ocr_carea' id='block_1_35' title="bbox 1927 1882 3574 1964">
    <p class='ocr_par' dir='ltr' id='par_1_35' title="bbox 1927 1890 3574 1961">
     <span class='ocr_line' id='line_1_37' title="bbox 1927 1890 3574 1961; baseline -0.006 -6"><span class='ocrx_word' id='word_1_228' title='bbox 1927 1904 2046 1955; x_wconf 86' lang='lat' dir='ltr'><strong>ctra</strong></span> <span class='ocrx_word' id='word_1_229' title='bbox 2073 1901 2177 1952; x_wconf 91' lang='lat' dir='ltr'><strong>aut</strong></span> <span class='ocrx_word' id='word_1_230' title='bbox 2199 1896 2446 1951; x_wconf 90' lang='lat' dir='ltr'><strong>sonitus.</strong></span> <span class='ocrx_word' id='word_1_231' title='bbox 2479 1893 2648 1948; x_wconf 89' lang='lat' dir='ltr'><strong>Hunc</strong></span> <span class='ocrx_word' id='word_1_232' title='bbox 2676 1894 2950 1948; x_wconf 85' lang='lat' dir='ltr'><strong>timorem</strong></span> <span class='ocrx_word' id='word_1_233' title='bbox 2982 1897 3204 1956; x_wconf 89' lang='lat' dir='ltr'><strong>autem,</strong></span> <span class='ocrx_word' id='word_1_234' title='bbox 3238 1890 3337 1961; x_wconf 88' lang='lat' dir='ltr'><strong>qui</strong></span> <span class='ocrx_word' id='word_1_235' title='bbox 3367 1897 3574 1945; x_wconf 85' lang='lat' dir='ltr'><strong>contra</strong></span> 
     </span>
    </p>
   </div>
   <div class='ocr_carea' id='block_1_36' title="bbox 206 1973 1853 2049">
    <p class='ocr_par' dir='ltr' id='par_1_36' title="bbox 206 1973 571 2048">
     <span class='ocr_line' id='line_1_38' title="bbox 206 1973 571 2048; baseline 0.003 -21"><span class='ocrx_word' id='word_1_236' title='bbox 206 1973 571 2048; x_wconf 62' lang='grc' dir='ltr'>προσήκατο]</span> 
     </span>
    </p>
   </div>
   <div class='ocr_carea' id='block_1_37' title="bbox 1395 1973 3042 2049">
    <p class='ocr_par' dir='ltr' id='par_1_37' title="bbox 1920 1979 3042 2049">
     <span class='ocr_line' id='line_1_39' title="bbox 1920 1979 3042 2049; baseline -0.014 -5"><span class='ocrx_word' id='word_1_237' title='bbox 1920 1996 2189 2044; x_wconf 81' lang='lat' dir='ltr'><strong>naturam</strong></span> <span class='ocrx_word' id='word_1_238' title='bbox 2221 1990 2329 2049; x_wconf 86' lang='lat' dir='ltr'><strong>est,</strong></span> <span class='ocrx_word' id='word_1_239' title='bbox 2367 1981 2630 2038; x_wconf 86' lang='lat' dir='ltr'><strong>Christus</strong></span> <span class='ocrx_word' id='word_1_240' title='bbox 2661 1997 2783 2036; x_wconf 93' lang='lat' dir='ltr'><strong>non</strong></span> <span class='ocrx_word' id='word_1_241' title='bbox 2815 1979 3042 2036; x_wconf 87' lang='lat' dir='ltr'><strong>habuit.</strong></span> 
     </span>
    </p>
   </div>
   <div class='ocr_carea' id='block_1_38' title="bbox 288 2064 1935 2139">
    <p class='ocr_par' dir='ltr' id='par_1_38' title="bbox 288 2064 1816 2139">
     <span class='ocr_line' id='line_1_40' title="bbox 288 2064 1816 2139; baseline 0.003 -24"><span class='ocrx_word' id='word_1_242' title='bbox 288 2066 400 2116; x_wconf 79' lang='grc' dir='ltr'><strong>Ούκ</strong></span> <span class='ocrx_word' id='word_1_243' title='bbox 448 2064 514 2125; x_wconf 85' lang='grc' dir='ltr'><strong>εἰς</strong></span> <span class='ocrx_word' id='word_1_244' title='bbox 577 2068 668 2123; x_wconf 80' lang='grc' dir='ltr'>τὴν</span> <span class='ocrx_word' id='word_1_245' title='bbox 724 2069 1030 2139; x_wconf 83' lang='grc' dir='ltr'>προσευχὴν</span> <span class='ocrx_word' id='word_1_246' title='bbox 1083 2066 1364 2139; x_wconf 76' lang='grc' dir='ltr'>παρελαϐεν</span> <span class='ocrx_word' id='word_1_247' title='bbox 1426 2066 1816 2133; x_wconf 25' lang='grc' dir='ltr'>αύτούς,ηάλλὰ</span> 
     </span>
    </p>
   </div>
   <div class='ocr_carea' id='block_1_39' title="bbox 1928 2064 3575 2139">
    <p class='ocr_par' dir='ltr' id='par_1_39' title="bbox 1994 2066 3575 2139">
     <span class='ocr_line' id='line_1_41' title="bbox 1994 2066 3575 2139; baseline -0.006 -10"><span class='ocrx_word' id='word_1_248' title='bbox 1994 2077 2125 2131; x_wconf 90' lang='lat' dir='ltr'><strong>Non</strong></span> <span class='ocrx_word' id='word_1_249' title='bbox 2155 2073 2226 2129; x_wconf 92' lang='lat' dir='ltr'><strong>ad</strong></span> <span class='ocrx_word' id='word_1_250' title='bbox 2253 2072 2577 2128; x_wconf 85' lang='lat' dir='ltr'><strong>orationem</strong></span> <span class='ocrx_word' id='word_1_251' title='bbox 2614 2085 2717 2126; x_wconf 91' lang='lat' dir='ltr'><strong>eos</strong></span> <span class='ocrx_word' id='word_1_252' title='bbox 2747 2068 3095 2139; x_wconf 85' lang='lat' dir='ltr'><strong>assumpsit,</strong></span> <span class='ocrx_word' id='word_1_253' title='bbox 3124 2066 3228 2122; x_wconf 89' lang='lat' dir='ltr'><strong>sed</strong></span> <span class='ocrx_word' id='word_1_254' title='bbox 3257 2070 3575 2137; x_wconf 83' lang='lat' dir='ltr'><strong>antequam</strong></span> 
     </span>
    </p>
   </div>
   <div class='ocr_carea' id='block_1_40' title="bbox 206 2151 1853 2229">
    <p class='ocr_par' dir='ltr' id='par_1_40' title="bbox 206 2151 1817 2228">
     <span class='ocr_line' id='line_1_42' title="bbox 206 2151 1817 2228; baseline 0.002 -24"><span class='ocrx_word' id='word_1_255' title='bbox 206 2156 318 2226; x_wconf 84' lang='grc' dir='ltr'>πρὸ</span> <span class='ocrx_word' id='word_1_256' title='bbox 362 2161 458 2215; x_wconf 83' lang='grc' dir='ltr'>τῆς</span> <span class='ocrx_word' id='word_1_257' title='bbox 496 2162 821 2227; x_wconf 81' lang='grc' dir='ltr'>προσευχῆς,</span> <span class='ocrx_word' id='word_1_258' title='bbox 879 2151 995 2226; x_wconf 81' lang='grc' dir='ltr'>ἰδίᾳ</span> <span class='ocrx_word' id='word_1_259' title='bbox 1036 2163 1136 2206; x_wconf 82' lang='grc' dir='ltr'>τῶν</span> <span class='ocrx_word' id='word_1_260' title='bbox 1179 2156 1342 2208; x_wconf 81' lang='grc' dir='ltr'>ἄλλων</span> <span class='ocrx_word' id='word_1_261' title='bbox 1385 2158 1650 2228; x_wconf 77' lang='grc' dir='ltr'>μαθητῶν,</span> <span class='ocrx_word' id='word_1_262' title='bbox 1684 2157 1817 2208; x_wconf 82' lang='grc' dir='ltr'>ὥστε</span> 
     </span>
    </p>
   </div>
   <div class='ocr_carea' id='block_1_41' title="bbox 1934 2151 3581 2229">
    <p class='ocr_par' dir='ltr' id='par_1_41' title="bbox 1934 2154 3581 2229">
     <span class='ocr_line' id='line_1_43' title="bbox 1934 2154 3581 2229; baseline -0.007 -9"><span class='ocrx_word' id='word_1_263' title='bbox 1934 2168 2137 2229; x_wconf 86' lang='lat' dir='ltr'><strong>oraret,</strong></span> <span class='ocrx_word' id='word_1_264' title='bbox 2203 2166 2269 2216; x_wconf 90' lang='lat' dir='ltr'><strong>ut</strong></span> <span class='ocrx_word' id='word_1_265' title='bbox 2315 2160 2563 2216; x_wconf 89' lang='lat' dir='ltr'><strong>seorsim</strong></span> <span class='ocrx_word' id='word_1_266' title='bbox 2620 2156 2910 2229; x_wconf 85' lang='lat' dir='ltr'><strong>separatis</strong></span> <span class='ocrx_word' id='word_1_267' title='bbox 2960 2156 3038 2212; x_wconf 90' lang='lat' dir='ltr'><strong>ab</strong></span> <span class='ocrx_word' id='word_1_268' title='bbox 3089 2155 3222 2211; x_wconf 88' lang='lat' dir='ltr'><strong>aliis</strong></span> <span class='ocrx_word' id='word_1_269' title='bbox 3273 2154 3581 2227; x_wconf 87' lang='lat' dir='ltr'><strong>discipulis</strong></span> 
     </span>
    </p>
   </div>
   <div class='ocr_carea' id='block_1_42' title="bbox 206 2239 1853 2317">
    <p class='ocr_par' dir='ltr' id='par_1_42' title="bbox 206 2239 1819 2317">
     <span class='ocr_line' id='line_1_44' title="bbox 206 2239 1819 2317; baseline 0.002 -23"><span class='ocrx_word' id='word_1_270' title='bbox 206 2247 373 2315; x_wconf 83' lang='grc' dir='ltr'>μόνον</span> <span class='ocrx_word' id='word_1_271' title='bbox 422 2239 755 2305; x_wconf 67' lang='grc' dir='ltr'>ἐνδείξασθαι</span> <span class='ocrx_word' id='word_1_272' title='bbox 802 2242 980 2311; x_wconf 79' lang='grc' dir='ltr'>αὐτοῖς</span> <span class='ocrx_word' id='word_1_273' title='bbox 1023 2246 1088 2296; x_wconf 83' lang='grc' dir='ltr'><strong>τὰ</strong></span> <span class='ocrx_word' id='word_1_274' title='bbox 1132 2252 1225 2307; x_wconf 85' lang='grc' dir='ltr'>τῆς</span> <span class='ocrx_word' id='word_1_275' title='bbox 1270 2244 1456 2306; x_wconf 85' lang='grc' dir='ltr'>λύπης.</span> <span class='ocrx_word' id='word_1_276' title='bbox 1499 2246 1710 2317; x_wconf 81' lang='grc' dir='ltr'>Μάρκος</span> <span class='ocrx_word' id='word_1_277' title='bbox 1760 2241 1819 2297; x_wconf 79' lang='grc' dir='ltr'>δέ</span> 
     </span>
    </p>
   </div>
   <div class='ocr_carea' id='block_1_43' title="bbox 1931 2239 3578 2317">
    <p class='ocr_par' dir='ltr' id='par_1_43' title="bbox 1931 2242 3578 2309">
     <span class='ocr_line' id='line_1_45' title="bbox 1931 2242 3578 2309; baseline -0.008 0"><span class='ocrx_word' id='word_1_278' title='bbox 1931 2268 2101 2309; x_wconf 86' lang='lat' dir='ltr'><strong>suam</strong></span> <span class='ocrx_word' id='word_1_279' title='bbox 2154 2250 2491 2306; x_wconf 88' lang='lat' dir='ltr'><strong>ostenderet</strong></span> <span class='ocrx_word' id='word_1_280' title='bbox 2535 2247 2850 2303; x_wconf 86' lang='lat' dir='ltr'><strong>tristitiam.</strong></span> <span class='ocrx_word' id='word_1_281' title='bbox 2904 2245 3136 2300; x_wconf 88' lang='lat' dir='ltr'><strong>Marcus</strong></span> <span class='ocrx_word' id='word_1_282' title='bbox 3171 2248 3366 2299; x_wconf 90' lang='lat' dir='ltr'><strong>autem</strong></span> <span class='ocrx_word' id='word_1_283' title='bbox 3419 2242 3578 2307; x_wconf 88' lang='lat' dir='ltr'><strong>dicit,</strong></span> 
     </span>
    </p>
   </div>
   <div class='ocr_carea' id='block_1_44' title="bbox 206 2329 1853 2414">
    <p class='ocr_par' dir='ltr' id='par_1_44' title="bbox 206 2330 1815 2405">
     <span class='ocr_line' id='line_1_46' title="bbox 206 2330 1815 2405; baseline 0.001 -21"><span class='ocrx_word' id='word_1_284' title='bbox 206 2350 378 2405; x_wconf 76' lang='grc' dir='ltr'>φησιν</span> <span class='ocrx_word' id='word_1_285' title='bbox 456 2332 537 2383; x_wconf 88' lang='grc' dir='ltr'>ὅτι</span> <span class='ocrx_word' id='word_1_286' title='bbox 604 2330 799 2403; x_wconf 77' lang='grc' dir='ltr'>ἤρξατο</span> <span class='ocrx_word' id='word_1_287' title='bbox 884 2330 1277 2404; x_wconf 74' lang='grc' dir='ltr'>ἕκθαμϐεῖσθαι,</span> <span class='ocrx_word' id='word_1_288' title='bbox 1358 2336 1519 2405; x_wconf 72' lang='grc' dir='ltr'>ἤγουν</span> <span class='ocrx_word' id='word_1_289' title='bbox 1600 2330 1815 2404; x_wconf 80' lang='grc' dir='ltr'>δειλιᾷν.</span> 
     </span>
    </p>
   </div>
   <div class='ocr_carea' id='block_1_45' title="bbox 1935 2329 3582 2414">
    <p class='ocr_par' dir='ltr' id='par_1_45' title="bbox 1935 2329 3582 2414">
     <span class='ocr_line' id='line_1_47' title="bbox 1935 2329 3582 2414; baseline -0.009 -16"><span class='ocrx_word' id='word_1_290' title='bbox 1935 2340 2093 2414; x_wconf 86' lang='lat' dir='ltr'><strong>quod</strong></span> <span class='ocrx_word' id='word_1_291' title='bbox 2125 2338 2298 2410; x_wconf 76' lang='lat' dir='ltr'><strong>ccepit</strong></span> <span class='ocrx_word' id='word_1_292' title='bbox 2323 2350 2736 2408; x_wconf 83' lang='lat' dir='ltr'><strong>expavescere,</strong></span> <span class='ocrx_word' id='word_1_293' title='bbox 2769 2333 2832 2390; x_wconf 92' lang='lat' dir='ltr'><strong>id</strong></span> <span class='ocrx_word' id='word_1_294' title='bbox 2855 2337 2948 2390; x_wconf 88' lang='lat' dir='ltr'><strong>est</strong></span> <span class='ocrx_word' id='word_1_295' title='bbox 2978 2333 3183 2387; x_wconf 87' lang='lat' dir='ltr'><strong>timere</strong></span> <span class='ocrx_word' id='word_1_296' title='bbox 3205 2332 3272 2385; x_wconf 73' lang='grc' dir='ltr'><strong>δι.</strong></span> <span class='ocrx_word' id='word_1_297' title='bbox 3303 2329 3582 2387; x_wconf 82' lang='lat' dir='ltr'><strong>Permisit</strong></span> 
     </span>
    </p>
   </div>
   <div class='ocr_carea' id='block_1_46' title="bbox 203 2416 1850 2497">
    <p class='ocr_par' dir='ltr' id='par_1_46' title="bbox 203 2419 1822 2495">
     <span class='ocr_line' id='line_1_48' title="bbox 203 2419 1822 2495; baseline 0 -22"><span class='ocrx_word' id='word_1_298' title='bbox 203 2421 405 2492; x_wconf 84' lang='grc' dir='ltr'>Ἐφῆκε</span> <span class='ocrx_word' id='word_1_299' title='bbox 452 2422 551 2492; x_wconf 74' lang='grc' dir='ltr'>’γὰρ</span> <span class='ocrx_word' id='word_1_300' title='bbox 602 2428 664 2492; x_wconf 74' lang='grc' dir='ltr'>τῇ</span> <span class='ocrx_word' id='word_1_301' title='bbox 722 2424 871 2492; x_wconf 84' lang='grc' dir='ltr'>φύσει</span> <span class='ocrx_word' id='word_1_302' title='bbox 919 2422 1151 2493; x_wconf 79' lang='grc' dir='ltr'>πάσχειν</span> <span class='ocrx_word' id='word_1_303' title='bbox 1190 2425 1248 2475; x_wconf 92' lang='grc' dir='ltr'>τὸ</span> <span class='ocrx_word' id='word_1_304' title='bbox 1296 2419 1459 2479; x_wconf 78' lang='grc' dir='ltr'>ἴδιον.</span> <span class='ocrx_word' id='word_1_305' title='bbox 1513 2419 1822 2495; x_wconf 85' lang='grc' dir='ltr'>Ἀδημονεῖν</span> 
     </span>
    </p>
   </div>
   <div class='ocr_carea' id='block_1_47' title="bbox 1933 2416 3580 2497">
    <p class='ocr_par' dir='ltr' id='par_1_47' title="bbox 1933 2416 3580 2497">
     <span class='ocr_line' id='line_1_49' title="bbox 1933 2416 3580 2497; baseline -0.01 -11"><span class='ocrx_word' id='word_1_306' title='bbox 1933 2431 2085 2487; x_wconf 91' lang='lat' dir='ltr'><strong>enim</strong></span> <span class='ocrx_word' id='word_1_307' title='bbox 2136 2432 2365 2484; x_wconf 82' lang='lat' dir='ltr'><strong>naturae</strong></span> <span class='ocrx_word' id='word_1_308' title='bbox 2422 2425 2547 2497; x_wconf 88' lang='lat' dir='ltr'><strong>pati</strong></span> <span class='ocrx_word' id='word_1_309' title='bbox 2606 2423 2769 2495; x_wconf 89' lang='lat' dir='ltr'><strong>quod</strong></span> <span class='ocrx_word' id='word_1_310' title='bbox 2837 2438 3014 2477; x_wconf 90' lang='lat' dir='ltr'><strong>suum</strong></span> <span class='ocrx_word' id='word_1_311' title='bbox 3074 2426 3217 2477; x_wconf 90' lang='lat' dir='ltr'><strong>erat.</strong></span> <span class='ocrx_word' id='word_1_312' title='bbox 3273 2416 3580 2491; x_wconf 78' lang='grc' dir='ltr'>Ἀδημονεῖν</span> 
     </span>
    </p>
   </div>
   <div class='ocr_carea' id='block_1_48' title="bbox 205 2502 1852 2590">
    <p class='ocr_par' dir='ltr' id='par_1_48' title="bbox 205 2502 1825 2583">
     <span class='ocr_line' id='line_1_50' title="bbox 205 2502 1825 2583; baseline 0.001 -22"><span class='ocrx_word' id='word_1_313' title='bbox 205 2502 279 2561; x_wconf 72' lang='grc' dir='ltr'>δὲ</span> <span class='ocrx_word' id='word_1_314' title='bbox 326 2514 413 2558; x_wconf 86' lang='grc' dir='ltr'>νῦν</span> <span class='ocrx_word' id='word_1_315' title='bbox 467 2511 523 2560; x_wconf 88' lang='grc' dir='ltr'>τὸ</span> <span class='ocrx_word' id='word_1_316' title='bbox 581 2511 904 2583; x_wconf 87' lang='grc' dir='ltr'>Βαρυθυμεῖν</span> <span class='ocrx_word' id='word_1_317' title='bbox 965 2517 1176 2566; x_wconf 84' lang='grc' dir='ltr'>νοεῖται.</span> <span class='ocrx_word' id='word_1_318' title='bbox 1231 2515 1336 2569; x_wconf 81' lang='grc' dir='ltr'><strong>Τὴν</strong></span> <span class='ocrx_word' id='word_1_319' title='bbox 1383 2513 1473 2582; x_wconf 73' lang='grc' dir='ltr'>μὲν</span> <span class='ocrx_word' id='word_1_320' title='bbox 1522 2507 1611 2563; x_wconf 83' lang='grc' dir='ltr'>οὖν</span> <span class='ocrx_word' id='word_1_321' title='bbox 1657 2511 1825 2569; x_wconf 86' lang='grc' dir='ltr'>λύπην</span> 
     </span>
    </p>
   </div>
   <div class='ocr_carea' id='block_1_49' title="bbox 1939 2502 3586 2590">
    <p class='ocr_par' dir='ltr' id='par_1_49' title="bbox 1939 2510 3586 2590">
     <span class='ocr_line' id='line_1_51' title="bbox 1939 2510 3586 2590; baseline -0.007 -15"><span class='ocrx_word' id='word_1_322' title='bbox 1939 2525 2131 2575; x_wconf 85' lang='lat' dir='ltr'><strong>autem</strong></span> <span class='ocrx_word' id='word_1_323' title='bbox 2153 2518 2284 2589; x_wconf 92' lang='lat' dir='ltr'><strong>(pro</strong></span> <span class='ocrx_word' id='word_1_324' title='bbox 2332 2530 2448 2588; x_wconf 89' lang='lat' dir='ltr'><strong>quo</strong></span> <span class='ocrx_word' id='word_1_325' title='bbox 2477 2520 2746 2569; x_wconf 72' lang='lat' dir='ltr'><strong>mwstum</strong></span> <span class='ocrx_word' id='word_1_326' title='bbox 2773 2528 2899 2568; x_wconf 88' lang='lat' dir='ltr'><strong>esse</strong></span> <span class='ocrx_word' id='word_1_327' title='bbox 2949 2512 3249 2579; x_wconf 89' lang='lat' dir='ltr'><strong>vertimus)</strong></span> <span class='ocrx_word' id='word_1_328' title='bbox 3284 2510 3586 2590; x_wconf 80' lang='lat' dir='ltr'><strong>signiﬁcat</strong></span> 
     </span>
    </p>
   </div>
   <div class='ocr_carea' id='block_1_50' title="bbox 202 2594 1849 2672">
    <p class='ocr_par' dir='ltr' id='par_1_50' title="bbox 202 2594 1829 2672">
     <span class='ocr_line' id='line_1_52' title="bbox 202 2594 1829 2672; baseline 0.001 -23"><span class='ocrx_word' id='word_1_329' title='bbox 202 2600 311 2649; x_wconf 79' lang='grc' dir='ltr'>καὶ</span> <span class='ocrx_word' id='word_1_330' title='bbox 361 2595 696 2670; x_wconf 82' lang='grc' dir='ltr'>βαρυθυμίαν</span> <span class='ocrx_word' id='word_1_331' title='bbox 750 2594 1090 2663; x_wconf 72' lang='grc' dir='ltr'>ἐνδείκνυται,</span> <span class='ocrx_word' id='word_1_332' title='bbox 1134 2595 1401 2667; x_wconf 83' lang='grc' dir='ltr'>δεικνύων,</span> <span class='ocrx_word' id='word_1_333' title='bbox 1448 2600 1526 2651; x_wconf 86' lang='grc' dir='ltr'>ὃτι</span> <span class='ocrx_word' id='word_1_334' title='bbox 1557 2601 1731 2672; x_wconf 83' lang='grc' dir='ltr'>ὥσπερ</span> <span class='ocrx_word' id='word_1_335' title='bbox 1761 2601 1829 2651; x_wconf 83' lang='grc' dir='ltr'>τὰ</span> 
     </span>
    </p>
   </div>
   <div class='ocr_carea' id='block_1_51' title="bbox 1938 2594 3585 2672">
    <p class='ocr_par' dir='ltr' id='par_1_51' title="bbox 1938 2598 3585 2669">
     <span class='ocr_line' id='line_1_53' title="bbox 1938 2598 3585 2669; baseline -0.008 -4"><span class='ocrx_word' id='word_1_336' title='bbox 1938 2623 2093 2665; x_wconf 92' lang='lat' dir='ltr'><strong>nunc</strong></span> <span class='ocrx_word' id='word_1_337' title='bbox 2149 2604 2363 2661; x_wconf 85' lang='lat' dir='ltr'><strong>acerbo</strong></span> <span class='ocrx_word' id='word_1_338' title='bbox 2412 2618 2544 2659; x_wconf 87' lang='lat' dir='ltr'><strong>esse</strong></span> <span class='ocrx_word' id='word_1_339' title='bbox 2595 2602 2818 2657; x_wconf 89' lang='lat' dir='ltr'><strong>animo.</strong></span> <span class='ocrx_word' id='word_1_340' title='bbox 2882 2600 3213 2656; x_wconf 71' lang='lat' dir='ltr'><strong>Mmstitiam</strong></span> <span class='ocrx_word' id='word_1_341' title='bbox 3276 2598 3474 2669; x_wconf 79' lang='lat' dir='ltr'><strong>itaque</strong></span> <span class='ocrx_word' id='word_1_342' title='bbox 3529 2602 3585 2652; x_wconf 90' lang='lat' dir='ltr'><strong>et</strong></span> 
     </span>
    </p>
   </div>
   <div class='ocr_carea' id='block_1_52' title="bbox 208 2685 1855 2763">
    <p class='ocr_par' dir='ltr' id='par_1_52' title="bbox 208 2685 1816 2763">
     <span class='ocr_line' id='line_1_54' title="bbox 208 2685 1816 2763; baseline 0.003 -24"><span class='ocrx_word' id='word_1_343' title='bbox 208 2688 394 2739; x_wconf 77' lang='grc' dir='ltr'>πάντα</span> <span class='ocrx_word' id='word_1_344' title='bbox 442 2690 567 2746; x_wconf 84' lang='grc' dir='ltr'>Θεὸς</span> <span class='ocrx_word' id='word_1_345' title='bbox 623 2685 785 2759; x_wconf 77' lang='grc' dir='ltr'>ἐστιν,</span> <span class='ocrx_word' id='word_1_346' title='bbox 854 2687 986 2739; x_wconf 88' lang='grc' dir='ltr'>ούτω</span> <span class='ocrx_word' id='word_1_347' title='bbox 1039 2692 1127 2740; x_wconf 81' lang='grc' dir='ltr'>καὶ</span> <span class='ocrx_word' id='word_1_348' title='bbox 1177 2690 1245 2741; x_wconf 82' lang='grc' dir='ltr'>τὰ</span> <span class='ocrx_word' id='word_1_349' title='bbox 1294 2691 1464 2741; x_wconf 81' lang='grc' dir='ltr'>πάντα</span> <span class='ocrx_word' id='word_1_350' title='bbox 1529 2690 1816 2763; x_wconf 80' lang='grc' dir='ltr'>ἄνθρωπος.</span> 
     </span>
    </p>
   </div>
   <div class='ocr_carea' id='block_1_53' title="bbox 1940 2685 3587 2763">
    <p class='ocr_par' dir='ltr' id='par_1_53' title="bbox 1940 2685 3587 2759">
     <span class='ocr_line' id='line_1_55' title="bbox 1940 2685 3587 2759; baseline -0.008 -6"><span class='ocrx_word' id='word_1_351' title='bbox 1940 2696 2114 2755; x_wconf 84' lang='lat' dir='ltr'><strong>animi</strong></span> <span class='ocrx_word' id='word_1_352' title='bbox 2169 2693 2557 2750; x_wconf 85' lang='lat' dir='ltr'><strong>acerbitatem</strong></span> <span class='ocrx_word' id='word_1_353' title='bbox 2602 2691 3014 2747; x_wconf 89' lang='lat' dir='ltr'><strong>demonstrat:</strong></span> <span class='ocrx_word' id='word_1_354' title='bbox 3049 2687 3377 2744; x_wconf 84' lang='lat' dir='ltr'><strong>ostendens</strong></span> <span class='ocrx_word' id='word_1_355' title='bbox 3421 2685 3587 2759; x_wconf 90' lang='lat' dir='ltr'><strong>quod</strong></span> 
     </span>
    </p>
   </div>
   <div class='ocr_carea' id='block_1_54' title="bbox 210 2769 1857 2849">
    <p class='ocr_par' dir='ltr' id='par_1_54' title="bbox 210 2769 1828 2849">
     <span class='ocr_line' id='line_1_56' title="bbox 210 2769 1828 2849; baseline 0.002 -22"><span class='ocrx_word' id='word_1_356' title='bbox 210 2769 391 2827; x_wconf 84' lang='grc' dir='ltr'>’Ἱδιον</span> <span class='ocrx_word' id='word_1_357' title='bbox 426 2771 485 2827; x_wconf 71' lang='grc' dir='ltr'>δὲ</span> <span class='ocrx_word' id='word_1_358' title='bbox 538 2773 859 2849; x_wconf 76' lang='grc' dir='ltr'>ἀνθρωπίνης</span> <span class='ocrx_word' id='word_1_359' title='bbox 906 2778 1108 2848; x_wconf 89' lang='grc' dir='ltr'>φύσεως</span> <span class='ocrx_word' id='word_1_360' title='bbox 1151 2775 1430 2830; x_wconf 87' lang='grc' dir='ltr'>λυπεῖσθαι</span> <span class='ocrx_word' id='word_1_361' title='bbox 1475 2774 1570 2829; x_wconf 85' lang='grc' dir='ltr'>διὰ</span> <span class='ocrx_word' id='word_1_362' title='bbox 1608 2782 1693 2829; x_wconf 87' lang='grc' dir='ltr'><strong>τόν</strong></span> <span class='ocrx_word' id='word_1_363' title='bbox 1739 2780 1828 2830; x_wconf 77' lang='grc' dir='ltr'><strong>θά-</strong></span> 
     </span>
    </p>
   </div>
   <div class='ocr_carea' id='block_1_55' title="bbox 1939 2769 3586 2849">
    <p class='ocr_par' dir='ltr' id='par_1_55' title="bbox 1939 2776 3586 2846">
     <span class='ocr_line' id='line_1_57' title="bbox 1939 2776 3586 2846; baseline -0.008 -4"><span class='ocrx_word' id='word_1_364' title='bbox 1939 2787 2092 2843; x_wconf 90' lang='lat' dir='ltr'><strong>sicut</strong></span> <span class='ocrx_word' id='word_1_365' title='bbox 2136 2784 2385 2841; x_wconf 89' lang='lat' dir='ltr'><strong>omnino</strong></span> <span class='ocrx_word' id='word_1_366' title='bbox 2440 2783 2593 2837; x_wconf 90' lang='lat' dir='ltr'><strong>Deus</strong></span> <span class='ocrx_word' id='word_1_367' title='bbox 2648 2784 2755 2846; x_wconf 90' lang='lat' dir='ltr'><strong>est,</strong></span> <span class='ocrx_word' id='word_1_368' title='bbox 2814 2780 2897 2834; x_wconf 91' lang='lat' dir='ltr'><strong>ita</strong></span> <span class='ocrx_word' id='word_1_369' title='bbox 2927 2778 3174 2834; x_wconf 90' lang='lat' dir='ltr'><strong>omnino</strong></span> <span class='ocrx_word' id='word_1_370' title='bbox 3216 2776 3402 2831; x_wconf 90' lang='lat' dir='ltr'><strong>homo</strong></span> <span class='ocrx_word' id='word_1_371' title='bbox 3455 2780 3586 2830; x_wconf 91' lang='lat' dir='ltr'><strong>est:</strong></span> 
     </span>
    </p>
   </div>
   <div class='ocr_carea' id='block_1_56' title="bbox 214 2855 1861 2950">
    <p class='ocr_par' dir='ltr' id='par_1_56' title="bbox 214 2863 1829 2937">
     <span class='ocr_line' id='line_1_58' title="bbox 214 2863 1829 2937; baseline 0.002 -22"><span class='ocrx_word' id='word_1_372' title='bbox 214 2883 399 2929; x_wconf 72' lang='grc' dir='ltr'>νατον,</span> <span class='ocrx_word' id='word_1_373' title='bbox 434 2868 525 2915; x_wconf 83' lang='grc' dir='ltr'>καὶ</span> <span class='ocrx_word' id='word_1_374' title='bbox 554 2863 784 2936; x_wconf 79' lang='grc' dir='ltr'>μάλιστα</span> <span class='ocrx_word' id='word_1_375' title='bbox 828 2868 911 2916; x_wconf 89' lang='grc' dir='ltr'>τὸν</span> <span class='ocrx_word' id='word_1_376' title='bbox 944 2863 1141 2937; x_wconf 84' lang='grc' dir='ltr'>βίαιον,</span> <span class='ocrx_word' id='word_1_377' title='bbox 1191 2870 1282 2918; x_wconf 85' lang='grc' dir='ltr'>καὶ</span> <span class='ocrx_word' id='word_1_378' title='bbox 1312 2865 1583 2937; x_wconf 80' lang='grc' dir='ltr'>φοϐεῖσθαι</span> <span class='ocrx_word' id='word_1_379' title='bbox 1624 2874 1829 2919; x_wconf 86' lang='grc' dir='ltr'>τοῦτον.</span> 
     </span>
    </p>
   </div>
   <div class='ocr_carea' id='block_1_57' title="bbox 1945 2855 3592 2950">
    <p class='ocr_par' dir='ltr' id='par_1_57' title="bbox 1945 2855 3592 2950">
     <span class='ocr_line' id='line_1_59' title="bbox 1945 2855 3592 2950; baseline -0.008 -19"><span class='ocrx_word' id='word_1_380' title='bbox 1945 2874 2246 2950; x_wconf 88' lang='lat' dir='ltr'><strong>proprium</strong></span> <span class='ocrx_word' id='word_1_381' title='bbox 2278 2878 2365 2927; x_wconf 91' lang='lat' dir='ltr'><strong>est</strong></span> <span class='ocrx_word' id='word_1_382' title='bbox 2410 2876 2611 2926; x_wconf 89' lang='lat' dir='ltr'><strong>autem</strong></span> <span class='ocrx_word' id='word_1_383' title='bbox 2642 2855 2927 2924; x_wconf 80' lang='lat' dir='ltr'><strong>humanae</strong></span> <span class='ocrx_word' id='word_1_384' title='bbox 2976 2871 3200 2922; x_wconf 80' lang='lat' dir='ltr'><strong>naturae</strong></span> <span class='ocrx_word' id='word_1_385' title='bbox 3247 2863 3592 2925; x_wconf 72' lang='lat' dir='ltr'><strong>maestitiam</strong></span> 
     </span>
    </p>
   </div>
   <div class='ocr_carea' id='block_1_58' title="bbox 220 2947 1867 3038">
    <p class='ocr_par' dir='ltr' id='par_1_58' title="bbox 220 2947 1833 3029">
     <span class='ocr_line' id='line_1_60' title="bbox 220 2947 1833 3029; baseline 0.001 -23"><span class='ocrx_word' id='word_1_386' title='bbox 220 2957 429 3013; x_wconf 86' lang='grc' dir='ltr'>Μόνοις</span> <span class='ocrx_word' id='word_1_387' title='bbox 482 2947 541 3003; x_wconf 69' lang='grc' dir='ltr'><strong>δε</strong></span> <span class='ocrx_word' id='word_1_388' title='bbox 602 2954 800 3013; x_wconf 76' lang='grc' dir='ltr'>τούτοις</span> <span class='ocrx_word' id='word_1_389' title='bbox 856 2949 1193 3021; x_wconf 72' lang='grc' dir='ltr'>ἐνδείκνυται,</span> <span class='ocrx_word' id='word_1_390' title='bbox 1266 2957 1331 3016; x_wconf 87' lang='grc' dir='ltr'>ὡς</span> <span class='ocrx_word' id='word_1_391' title='bbox 1396 2960 1579 3027; x_wconf 87' lang='grc' dir='ltr'>μόνοις</span> <span class='ocrx_word' id='word_1_392' title='bbox 1629 2957 1833 3029; x_wconf 86' lang='grc' dir='ltr'>θεωροῖς</span> 
     </span>
    </p>
   </div>
   <div class='ocr_carea' id='block_1_59' title="bbox 1950 2947 3597 3038">
    <p class='ocr_par' dir='ltr' id='par_1_59' title="bbox 1950 2947 3597 3038">
     <span class='ocr_line' id='line_1_61' title="bbox 1950 2947 3597 3038; baseline -0.007 -18"><span class='ocrx_word' id='word_1_393' title='bbox 1950 2947 2064 3038; x_wconf 79' lang='lat' dir='ltr'><strong>pati</strong></span> <span class='ocrx_word' id='word_1_394' title='bbox 2087 2965 2328 3035; x_wconf 87' lang='lat' dir='ltr'><strong>propter</strong></span> <span class='ocrx_word' id='word_1_395' title='bbox 2355 2965 2629 3026; x_wconf 88' lang='lat' dir='ltr'><strong>mortem,</strong></span> <span class='ocrx_word' id='word_1_396' title='bbox 2658 2956 2922 3013; x_wconf 81' lang='lat' dir='ltr'><strong>maxime</strong></span> <span class='ocrx_word' id='word_1_397' title='bbox 2944 2955 3289 3022; x_wconf 71' lang='lat' dir='ltr'><strong>vnolentam,</strong></span> <span class='ocrx_word' id='word_1_398' title='bbox 3317 2955 3597 3025; x_wconf 89' lang='lat' dir='ltr'><strong>hancque</strong></span> 
     </span>
    </p>
   </div>
   <div class='ocr_carea' id='block_1_60' title="bbox 228 3040 1875 3118">
    <p class='ocr_par' dir='ltr' id='par_1_60' title="bbox 228 3041 1836 3118">
     <span class='ocr_line' id='line_1_62' title="bbox 228 3041 1836 3118; baseline 0.004 -26"><span class='ocrx_word' id='word_1_399' title='bbox 228 3046 485 3113; x_wconf 70' lang='grc' dir='ltr'>γεγονόσι</span> <span class='ocrx_word' id='word_1_400' title='bbox 534 3045 624 3093; x_wconf 84' lang='grc' dir='ltr'>καὶ</span> <span class='ocrx_word' id='word_1_401' title='bbox 674 3049 768 3103; x_wconf 82' lang='grc' dir='ltr'>τῆς</span> <span class='ocrx_word' id='word_1_402' title='bbox 821 3041 869 3093; x_wconf 77' lang='grc' dir='ltr'>ἐν</span> <span class='ocrx_word' id='word_1_403' title='bbox 920 3050 981 3115; x_wconf 77' lang='grc' dir='ltr'><strong>τῇ</strong></span> <span class='ocrx_word' id='word_1_404' title='bbox 1040 3050 1434 3118; x_wconf 85' lang='grc' dir='ltr'>μεταμορφώσει</span> <span class='ocrx_word' id='word_1_405' title='bbox 1487 3046 1621 3106; x_wconf 87' lang='grc' dir='ltr'>θείας</span> <span class='ocrx_word' id='word_1_406' title='bbox 1673 3041 1836 3108; x_wconf 82' lang='grc' dir='ltr'>δόξης</span> 
     </span>
    </p>
   </div>
   <div class='ocr_carea' id='block_1_61' title="bbox 1951 3040 3598 3118">
    <p class='ocr_par' dir='ltr' id='par_1_61' title="bbox 1951 3040 3598 3115">
     <span class='ocr_line' id='line_1_63' title="bbox 1951 3040 3598 3115; baseline -0.008 -6"><span class='ocrx_word' id='word_1_407' title='bbox 1951 3054 2166 3111; x_wconf 83' lang='lat' dir='ltr'><strong>timere.</strong></span> <span class='ocrx_word' id='word_1_408' title='bbox 2201 3050 2349 3107; x_wconf 93' lang='lat' dir='ltr'><strong>Solis</strong></span> <span class='ocrx_word' id='word_1_409' title='bbox 2380 3054 2579 3105; x_wconf 89' lang='lat' dir='ltr'><strong>autem</strong></span> <span class='ocrx_word' id='word_1_410' title='bbox 2610 3046 2702 3102; x_wconf 90' lang='lat' dir='ltr'><strong>his</strong></span> <span class='ocrx_word' id='word_1_411' title='bbox 2733 3045 3195 3113; x_wconf 89' lang='lat' dir='ltr'><strong>demonstratur,</strong></span> <span class='ocrx_word' id='word_1_412' title='bbox 3246 3048 3310 3098; x_wconf 91' lang='lat' dir='ltr'><strong>ut</strong></span> <span class='ocrx_word' id='word_1_413' title='bbox 3341 3043 3444 3115; x_wconf 88' lang='lat' dir='ltr'><strong>qui</strong></span> <span class='ocrx_word' id='word_1_414' title='bbox 3485 3040 3598 3096; x_wconf 89' lang='lat' dir='ltr'><strong>soli</strong></span> 
     </span>
    </p>
   </div>
   <div class='ocr_carea' id='block_1_62' title="bbox 230 3129 1877 3217">
    <p class='ocr_par' dir='ltr' id='par_1_62' title="bbox 230 3129 1877 3215">
     <span class='ocr_line' id='line_1_64' title="bbox 230 3129 1877 3215; baseline 0.004 -34"><span class='ocrx_word' id='word_1_415' title='bbox 230 3129 425 3193; x_wconf 78' lang='grc' dir='ltr'>αὐτού,</span> <span class='ocrx_word' id='word_1_416' title='bbox 473 3134 560 3181; x_wconf 80' lang='grc' dir='ltr'>καὶ</span> <span class='ocrx_word' id='word_1_417' title='bbox 601 3129 787 3202; x_wconf 81' lang='grc' dir='ltr'>μᾶλλον</span> <span class='ocrx_word' id='word_1_418' title='bbox 816 3139 916 3184; x_wconf 85' lang='grc' dir='ltr'>τῶν</span> <span class='ocrx_word' id='word_1_419' title='bbox 968 3131 1131 3185; x_wconf 79' lang='grc' dir='ltr'>ἄλλων</span> <span class='ocrx_word' id='word_1_420' title='bbox 1176 3129 1578 3206; x_wconf 76' lang='grc' dir='ltr'>δυναμένοιςμή</span> <span class='ocrx_word' id='word_1_421' title='bbox 1615 3133 1877 3215; x_wconf 54' lang='grc' dir='ltr'>θορυϐηη</span> 
     </span>
    </p>
   </div>
   <div class='ocr_carea' id='block_1_63' title="bbox 1952 3129 3599 3217">
    <p class='ocr_par' dir='ltr' id='par_1_63' title="bbox 1952 3132 3599 3215">
     <span class='ocr_line' id='line_1_65' title="bbox 1952 3132 3599 3215; baseline -0.008 -17"><span class='ocrx_word' id='word_1_422' title='bbox 1952 3145 2302 3215; x_wconf 76' lang='lat' dir='ltr'><strong>spectatores</strong></span> <span class='ocrx_word' id='word_1_423' title='bbox 2332 3137 2559 3193; x_wconf 87' lang='lat' dir='ltr'><strong>fuerant</strong></span> <span class='ocrx_word' id='word_1_424' title='bbox 2588 3135 2806 3191; x_wconf 68' lang='lat' dir='ltr'><strong>divinze</strong></span> <span class='ocrx_word' id='word_1_425' title='bbox 2848 3134 3048 3204; x_wconf 82' lang='lat' dir='ltr'><strong>gloriae</strong></span> <span class='ocrx_word' id='word_1_426' title='bbox 3088 3133 3275 3204; x_wconf 86' lang='lat' dir='ltr'><strong>ipsius</strong></span> <span class='ocrx_word' id='word_1_427' title='bbox 3321 3132 3382 3185; x_wconf 92' lang='lat' dir='ltr'><strong>in</strong></span> <span class='ocrx_word' id='word_1_428' title='bbox 3415 3136 3599 3203; x_wconf 60' lang='lat' dir='ltr'><strong>trans:</strong></span> 
     </span>
    </p>
   </div>
   <div class='ocr_carea' id='block_1_64' title="bbox 231 3202 1878 3302">
    <p class='ocr_par' dir='ltr' id='par_1_64' title="bbox 231 3202 1878 3289">
     <span class='ocr_line' id='line_1_66' title="bbox 231 3202 1878 3289; baseline 0.004 -17"><span class='ocrx_word' id='word_1_429' title='bbox 231 3220 396 3277; x_wconf 83' lang='grc' dir='ltr'>θῆναι</span> <span class='ocrx_word' id='word_1_430' title='bbox 425 3222 514 3270; x_wconf 83' lang='grc' dir='ltr'>καὶ</span> <span class='ocrx_word' id='word_1_431' title='bbox 545 3227 874 3275; x_wconf 78' lang='grc' dir='ltr'>καταπεσεῖν.</span> <span class='ocrx_word' id='word_1_432' title='bbox 1147 3284 1152 3289; x_wconf 36' lang='grc'><strong>,</strong></span> <span class='ocrx_word' id='word_1_433' title='bbox 1674 3202 1684 3209; x_wconf 36' lang='grc' dir='ltr'><strong>Ι</strong></span> <span class='ocrx_word' id='word_1_434' title='bbox 1867 3202 1878 3215; x_wconf 31' lang='grc' dir='ltr'>Ἰ</span> 
     </span>
    </p>
   </div>
   <div class='ocr_carea' id='block_1_65' title="bbox 1954 3202 3601 3302">
    <p class='ocr_par' dir='ltr' id='par_1_65' title="bbox 1954 3202 3601 3302">
     <span class='ocr_line' id='line_1_67' title="bbox 1954 3202 3601 3302; baseline -0.009 -15"><span class='ocrx_word' id='word_1_435' title='bbox 1954 3202 2316 3302; x_wconf 67' lang='lat' dir='ltr'><strong>figuratione,</strong></span> <span class='ocrx_word' id='word_1_436' title='bbox 2368 3230 2425 3281; x_wconf 84' lang='lat' dir='ltr'><strong>et</strong></span> <span class='ocrx_word' id='word_1_437' title='bbox 2475 3224 2577 3296; x_wconf 91' lang='lat' dir='ltr'><strong>qui</strong></span> <span class='ocrx_word' id='word_1_438' title='bbox 2630 3223 2821 3293; x_wconf 83' lang='lat' dir='ltr'><strong>magis</strong></span> <span class='ocrx_word' id='word_1_439' title='bbox 2856 3202 3024 3278; x_wconf 72' lang='lat' dir='ltr'><strong>inter</strong></span> <span class='ocrx_word' id='word_1_440' title='bbox 3075 3202 3276 3275; x_wconf 81' lang='lat' dir='ltr'><strong>omnes</strong></span> <span class='ocrx_word' id='word_1_441' title='bbox 3325 3202 3601 3291; x_wconf 87' lang='lat' dir='ltr'><strong>poterant</strong></span> 
     </span>
    </p>
   </div>
   <div class='ocr_carea' id='block_1_66' title="bbox 1946 3312 2778 3377">
    <p class='ocr_par' dir='ltr' id='par_1_66' title="bbox 1946 3312 2778 3377">
     <span class='ocr_line' id='line_1_68' title="bbox 1946 3312 2778 3377; baseline -0.014 0"><span class='ocrx_word' id='word_1_442' title='bbox 1946 3335 2068 3377; x_wconf 93' lang='lat' dir='ltr'><strong>non</strong></span> <span class='ocrx_word' id='word_1_443' title='bbox 2099 3315 2327 3374; x_wconf 87' lang='lat' dir='ltr'><strong>turbari</strong></span> <span class='ocrx_word' id='word_1_444' title='bbox 2357 3319 2460 3370; x_wconf 90' lang='lat' dir='ltr'><strong>aut</strong></span> <span class='ocrx_word' id='word_1_445' title='bbox 2485 3312 2778 3368; x_wconf 87' lang='lat' dir='ltr'><strong>decidere.</strong></span> 
     </span>
    </p>
   </div>
   <div class='ocr_carea' id='block_1_67' title="bbox 310 3396 1957 3475">
    <p class='ocr_par' dir='ltr' id='par_1_67' title="bbox 310 3396 1841 3475">
     <span class='ocr_line' id='line_1_69' title="bbox 310 3396 1841 3475; baseline 0.001 -27"><span class='ocrx_word' id='word_1_446' title='bbox 310 3401 436 3449; x_wconf 86' lang='grc' dir='ltr'>Τότε</span> <span class='ocrx_word' id='word_1_447' title='bbox 486 3428 555 3436; x_wconf 93' lang='grc'><strong>-</strong></span> <span class='ocrx_word' id='word_1_448' title='bbox 615 3398 726 3471; x_wconf 88' lang='grc' dir='ltr'>μετ’</span> <span class='ocrx_word' id='word_1_449' title='bbox 781 3396 927 3471; x_wconf 76' lang='grc' dir='ltr'>ἐμοῦ.</span> <span class='ocrx_word' id='word_1_450' title='bbox 983 3404 1330 3475; x_wconf 75' lang='grc' dir='ltr'>Φανεροέντερον</span> <span class='ocrx_word' id='word_1_451' title='bbox 1402 3398 1691 3474; x_wconf 73' lang='grc' dir='ltr'>ἐξαγορεύει</span> <span class='ocrx_word' id='word_1_452' title='bbox 1748 3402 1841 3458; x_wconf 77' lang='grc' dir='ltr'>τὴν</span> 
     </span>
    </p>
   </div>
   <div class='ocr_carea' id='block_1_68' title="bbox 1955 3396 3602 3475">
    <p class='ocr_par' dir='ltr' id='par_1_68' title="bbox 2015 3397 3602 3463">
     <span class='ocr_line' id='line_1_70' title="bbox 2015 3397 3602 3463; baseline -0.008 0"><span class='ocrx_word' id='word_1_453' title='bbox 2015 3409 2174 3463; x_wconf 86' lang='lat' dir='ltr'><strong>Vers.</strong></span> <span class='ocrx_word' id='word_1_454' title='bbox 2220 3408 2309 3461; x_wconf 90' lang='lat'><strong>38.</strong></span> <span class='ocrx_word' id='word_1_455' title='bbox 2376 3403 2540 3458; x_wconf 85' lang='lat' dir='ltr'><strong>Tunc</strong></span> <span class='ocrx_word' id='word_1_456' title='bbox 2570 3432 2636 3441; x_wconf 91' lang='lat'><strong>—</strong></span> <span class='ocrx_word' id='word_1_457' title='bbox 2677 3414 2912 3456; x_wconf 87' lang='lat' dir='ltr'><strong>mecum.</strong></span> <span class='ocrx_word' id='word_1_458' title='bbox 2953 3397 3313 3454; x_wconf 83' lang='lat' dir='ltr'><strong>Manifestius</strong></span> <span class='ocrx_word' id='word_1_459' title='bbox 3376 3401 3602 3451; x_wconf 59' lang='lat' dir='ltr'><strong>natura!</strong></span> 
     </span>
    </p>
   </div>
   <div class='ocr_carea' id='block_1_69' title="bbox 231 3483 1878 3571">
    <p class='ocr_par' dir='ltr' id='par_1_69' title="bbox 231 3483 1845 3562">
     <span class='ocr_line' id='line_1_71' title="bbox 231 3483 1845 3562; baseline 0.001 -23"><span class='ocrx_word' id='word_1_460' title='bbox 231 3483 510 3539; x_wconf 78' lang='grc' dir='ltr'>ἀσθένειαν</span> <span class='ocrx_word' id='word_1_461' title='bbox 563 3493 660 3547; x_wconf 78' lang='grc' dir='ltr'>τῆς</span> <span class='ocrx_word' id='word_1_462' title='bbox 712 3488 932 3558; x_wconf 89' lang='grc' dir='ltr'>φύσεως,</span> <span class='ocrx_word' id='word_1_463' title='bbox 992 3490 1055 3547; x_wconf 86' lang='grc' dir='ltr'>ὡς</span> <span class='ocrx_word' id='word_1_464' title='bbox 1119 3490 1409 3562; x_wconf 79' lang='grc' dir='ltr'>ἄνθρωπος.</span> <span class='ocrx_word' id='word_1_465' title='bbox 1468 3491 1537 3545; x_wconf 86' lang='grc' dir='ltr'>Τό</span> <span class='ocrx_word' id='word_1_466' title='bbox 1586 3484 1667 3555; x_wconf 73' lang='grc' dir='ltr'>δὲ,</span> <span class='ocrx_word' id='word_1_467' title='bbox 1717 3487 1845 3548; x_wconf 76' lang='grc' dir='ltr'>Ἐως</span> 
     </span>
    </p>
   </div>
   <div class='ocr_carea' id='block_1_70' title="bbox 1956 3483 3603 3571">
    <p class='ocr_par' dir='ltr' id='par_1_70' title="bbox 1956 3484 3603 3571">
     <span class='ocr_line' id='line_1_72' title="bbox 1956 3484 3603 3571; baseline -0.009 -18"><span class='ocrx_word' id='word_1_468' title='bbox 1956 3496 2155 3571; x_wconf 87' lang='lat' dir='ltr'><strong>pandit</strong></span> <span class='ocrx_word' id='word_1_469' title='bbox 2181 3491 2589 3550; x_wconf 88' lang='lat' dir='ltr'><strong>inﬁrmitatem</strong></span> <span class='ocrx_word' id='word_1_470' title='bbox 2621 3494 2912 3561; x_wconf 88' lang='lat' dir='ltr'><strong>tanquam</strong></span> <span class='ocrx_word' id='word_1_471' title='bbox 2944 3489 3150 3544; x_wconf 93' lang='lat' dir='ltr'><strong>homo.</strong></span> <span class='ocrx_word' id='word_1_472' title='bbox 3184 3484 3358 3551; x_wconf 87' lang='lat' dir='ltr'><strong>Quod</strong></span> <span class='ocrx_word' id='word_1_473' title='bbox 3402 3488 3603 3540; x_wconf 90' lang='lat' dir='ltr'><strong>autem</strong></span> 
     </span>
    </p>
   </div>
   <div class='ocr_carea' id='block_1_71' title="bbox 235 3572 1882 3655">
    <p class='ocr_par' dir='ltr' id='par_1_71' title="bbox 235 3572 1843 3651">
     <span class='ocr_line' id='line_1_73' title="bbox 235 3572 1843 3651; baseline 0.001 -23"><span class='ocrx_word' id='word_1_474' title='bbox 235 3576 493 3643; x_wconf 78' lang='grc' dir='ltr'>θανάτου,</span> <span class='ocrx_word' id='word_1_475' title='bbox 541 3572 654 3627; x_wconf 81' lang='grc' dir='ltr'><strong>ἀντὶ</strong></span> <span class='ocrx_word' id='word_1_476' title='bbox 695 3582 808 3640; x_wconf 81' lang='grc' dir='ltr'>τοῦ,</span> <span class='ocrx_word' id='word_1_477' title='bbox 840 3578 909 3636; x_wconf 84' lang='grc' dir='ltr'>ὡς</span> <span class='ocrx_word' id='word_1_478' title='bbox 952 3574 999 3627; x_wconf 83' lang='grc' dir='ltr'>ἐν</span> <span class='ocrx_word' id='word_1_479' title='bbox 1033 3578 1260 3648; x_wconf 76' lang='grc' dir='ltr'>θανάτῳ,</span> <span class='ocrx_word' id='word_1_480' title='bbox 1317 3580 1596 3651; x_wconf 74' lang='grc' dir='ltr'>Γρηγορεῖν</span> <span class='ocrx_word' id='word_1_481' title='bbox 1647 3574 1705 3630; x_wconf 74' lang='grc' dir='ltr'>δὲ</span> <span class='ocrx_word' id='word_1_482' title='bbox 1736 3576 1843 3650; x_wconf 81' lang='grc' dir='ltr'>μετ’</span> 
     </span>
    </p>
   </div>
   <div class='ocr_carea' id='block_1_72' title="bbox 1961 3572 3608 3655">
    <p class='ocr_par' dir='ltr' id='par_1_72' title="bbox 1961 3573 3608 3655">
     <span class='ocr_line' id='line_1_74' title="bbox 1961 3573 3608 3655; baseline -0.009 -12"><span class='ocrx_word' id='word_1_483' title='bbox 1961 3588 2069 3643; x_wconf 84' lang='lat' dir='ltr'><strong>ait:</strong></span> <span class='ocrx_word' id='word_1_484' title='bbox 2112 3585 2302 3655; x_wconf 85' lang='lat' dir='ltr'><strong>Usque</strong></span> <span class='ocrx_word' id='word_1_485' title='bbox 2331 3582 2411 3638; x_wconf 87' lang='lat' dir='ltr'><strong>ad</strong></span> <span class='ocrx_word' id='word_1_486' title='bbox 2440 3587 2701 3643; x_wconf 85' lang='lat' dir='ltr'><strong>mortem,</strong></span> <span class='ocrx_word' id='word_1_487' title='bbox 2737 3575 3117 3633; x_wconf 88' lang='lat' dir='ltr'><strong>tantumdem</strong></span> <span class='ocrx_word' id='word_1_488' title='bbox 3147 3580 3235 3631; x_wconf 90' lang='lat' dir='ltr'><strong>est</strong></span> <span class='ocrx_word' id='word_1_489' title='bbox 3265 3590 3335 3631; x_wconf 89' lang='lat' dir='ltr'><strong>ac</strong></span> <span class='ocrx_word' id='word_1_490' title='bbox 3369 3573 3417 3629; x_wconf 90' lang='lat' dir='ltr'><strong>si</strong></span> <span class='ocrx_word' id='word_1_491' title='bbox 3448 3573 3608 3629; x_wconf 90' lang='lat' dir='ltr'><strong>dicat</strong></span> 
     </span>
    </p>
   </div>
   <div class='ocr_carea' id='block_1_73' title="bbox 236 3662 1883 3739">
    <p class='ocr_par' dir='ltr' id='par_1_73' title="bbox 236 3664 1847 3739">
     <span class='ocr_line' id='line_1_75' title="bbox 236 3664 1847 3739; baseline 0.001 -22"><span class='ocrx_word' id='word_1_492' title='bbox 236 3664 407 3718; x_wconf 78' lang='grc' dir='ltr'>αὐτοῦ</span> <span class='ocrx_word' id='word_1_493' title='bbox 477 3664 671 3716; x_wconf 78' lang='grc' dir='ltr'>κελεύει</span> <span class='ocrx_word' id='word_1_494' title='bbox 723 3667 1060 3739; x_wconf 88' lang='grc' dir='ltr'>παραμυθίας</span> <span class='ocrx_word' id='word_1_495' title='bbox 1108 3668 1290 3731; x_wconf 76' lang='grc' dir='ltr'>ἕνεκεν,</span> <span class='ocrx_word' id='word_1_496' title='bbox 1340 3669 1409 3727; x_wconf 87' lang='grc' dir='ltr'>ὡς</span> <span class='ocrx_word' id='word_1_497' title='bbox 1465 3668 1578 3727; x_wconf 82' lang='grc' dir='ltr'>ἔθος</span> <span class='ocrx_word' id='word_1_498' title='bbox 1634 3674 1744 3729; x_wconf 89' lang='grc' dir='ltr'>τοῖς</span> <span class='ocrx_word' id='word_1_499' title='bbox 1800 3665 1847 3718; x_wconf 85' lang='grc' dir='ltr'>ἐν</span> 
     </span>
    </p>
   </div>
   <div class='ocr_carea' id='block_1_74' title="bbox 1962 3662 3609 3739">
    <p class='ocr_par' dir='ltr' id='par_1_74' title="bbox 1962 3662 3609 3737">
     <span class='ocr_line' id='line_1_76' title="bbox 1962 3662 3609 3737; baseline -0.01 -4"><span class='ocrx_word' id='word_1_500' title='bbox 1962 3675 2117 3733; x_wconf 86' lang='lat' dir='ltr'><strong>Sicut</strong></span> <span class='ocrx_word' id='word_1_501' title='bbox 2172 3674 2231 3727; x_wconf 91' lang='lat' dir='ltr'><strong>in</strong></span> <span class='ocrx_word' id='word_1_502' title='bbox 2284 3675 2493 3734; x_wconf 90' lang='lat' dir='ltr'><strong>morte,</strong></span> <span class='ocrx_word' id='word_1_503' title='bbox 2543 3667 2794 3737; x_wconf 84' lang='lat' dir='ltr'><strong>Vigilare</strong></span> <span class='ocrx_word' id='word_1_504' title='bbox 2840 3681 2979 3722; x_wconf 88' lang='lat' dir='ltr'><strong>vero</strong></span> <span class='ocrx_word' id='word_1_505' title='bbox 3028 3680 3272 3735; x_wconf 37' lang='lat' dir='ltr'><strong>secum;</strong></span> <span class='ocrx_word' id='word_1_506' title='bbox 3286 3662 3461 3735; x_wconf 78' lang='lat' dir='ltr'><strong>jubet</strong></span> <span class='ocrx_word' id='word_1_507' title='bbox 3506 3677 3609 3717; x_wconf 87' lang='lat' dir='ltr'><strong>eos</strong></span> 
     </span>
    </p>
   </div>
   <div class='ocr_carea' id='block_1_75' title="bbox 240 3748 1887 3829">
    <p class='ocr_par' dir='ltr' id='par_1_75' title="bbox 240 3748 1849 3829">
     <span class='ocr_line' id='line_1_77' title="bbox 240 3748 1849 3829; baseline 0.001 -23"><span class='ocrx_word' id='word_1_508' title='bbox 240 3755 643 3825; x_wconf 78' lang='grc' dir='ltr'>περιστάσεσιν.</span> <span class='ocrx_word' id='word_1_509' title='bbox 676 3748 809 3806; x_wconf 84' lang='grc' dir='ltr'>Εἶτα</span> <span class='ocrx_word' id='word_1_510' title='bbox 831 3759 921 3807; x_wconf 87' lang='grc' dir='ltr'>καὶ</span> <span class='ocrx_word' id='word_1_511' title='bbox 949 3756 1165 3816; x_wconf 88' lang='grc' dir='ltr'>τούτους</span> <span class='ocrx_word' id='word_1_512' title='bbox 1191 3753 1402 3826; x_wconf 76' lang='grc' dir='ltr'>ἀφίησιν</span> <span class='ocrx_word' id='word_1_513' title='bbox 1433 3753 1553 3828; x_wconf 79' lang='grc' dir='ltr'>ἐκεῖ,</span> <span class='ocrx_word' id='word_1_514' title='bbox 1579 3760 1668 3807; x_wconf 85' lang='grc' dir='ltr'>καὶ</span> <span class='ocrx_word' id='word_1_515' title='bbox 1697 3759 1849 3829; x_wconf 87' lang='grc' dir='ltr'>μόνος</span> 
     </span>
    </p>
   </div>
   <div class='ocr_carea' id='block_1_76' title="bbox 1968 3748 3615 3829">
    <p class='ocr_par' dir='ltr' id='par_1_76' title="bbox 1968 3750 3615 3827">
     <span class='ocr_line' id='line_1_78' title="bbox 1968 3750 3615 3827; baseline -0.01 -6"><span class='ocrx_word' id='word_1_516' title='bbox 1968 3760 2380 3821; x_wconf 73' lang='lat' dir='ltr'><strong>consolationis</strong></span> <span class='ocrx_word' id='word_1_517' title='bbox 2430 3757 2637 3827; x_wconf 84' lang='lat' dir='ltr'><strong>gratia.</strong></span> <span class='ocrx_word' id='word_1_518' title='bbox 2689 3756 2842 3810; x_wconf 90' lang='lat' dir='ltr'><strong>sicut</strong></span> <span class='ocrx_word' id='word_1_519' title='bbox 2870 3753 3053 3809; x_wconf 91' lang='lat' dir='ltr'><strong>moris</strong></span> <span class='ocrx_word' id='word_1_520' title='bbox 3098 3757 3190 3808; x_wconf 89' lang='lat' dir='ltr'><strong>est</strong></span> <span class='ocrx_word' id='word_1_521' title='bbox 3240 3752 3301 3807; x_wconf 91' lang='lat' dir='ltr'><strong>in</strong></span> <span class='ocrx_word' id='word_1_522' title='bbox 3351 3750 3615 3805; x_wconf 75' lang='lat' dir='ltr'><strong>afﬂictio-</strong></span> 
     </span>
    </p>
   </div>
   <div class='ocr_carea' id='block_1_77' title="bbox 250 3837 1897 3917">
    <p class='ocr_par' dir='ltr' id='par_1_77' title="bbox 250 3841 1034 3917">
     <span class='ocr_line' id='line_1_79' title="bbox 250 3841 1034 3917; baseline 0.003 -24"><span class='ocrx_word' id='word_1_523' title='bbox 250 3841 463 3894; x_wconf 81' lang='grc' dir='ltr'>ἄπεισιν</span> <span class='ocrx_word' id='word_1_524' title='bbox 492 3842 564 3903; x_wconf 81' lang='grc' dir='ltr'><strong>εἰς</strong></span> <span class='ocrx_word' id='word_1_525' title='bbox 587 3846 680 3901; x_wconf 84' lang='grc' dir='ltr'>τὴν</span> <span class='ocrx_word' id='word_1_526' title='bbox 703 3848 1034 3917; x_wconf 78' lang='grc' dir='ltr'>προσευχήν.</span> 
     </span>
    </p>
   </div>
   <div class='ocr_carea' id='block_1_78' title="bbox 1970 3837 3617 3917">
    <p class='ocr_par' dir='ltr' id='par_1_78' title="bbox 1970 3837 3617 3913">
     <span class='ocr_line' id='line_1_80' title="bbox 1970 3837 3617 3913; baseline -0.009 -7"><span class='ocrx_word' id='word_1_527' title='bbox 1970 3852 2154 3908; x_wconf 83' lang='lat' dir='ltr'><strong>nibus.</strong></span> <span class='ocrx_word' id='word_1_528' title='bbox 2187 3846 2410 3903; x_wconf 86' lang='lat' dir='ltr'><strong>Deinde</strong></span> <span class='ocrx_word' id='word_1_529' title='bbox 2437 3846 2617 3902; x_wconf 89' lang='lat' dir='ltr'><strong>etiam</strong></span> <span class='ocrx_word' id='word_1_530' title='bbox 2646 3844 2757 3900; x_wconf 89' lang='lat' dir='ltr'><strong>hos</strong></span> <span class='ocrx_word' id='word_1_531' title='bbox 2787 3842 2868 3898; x_wconf 85' lang='lat' dir='ltr'><strong>ibi</strong></span> <span class='ocrx_word' id='word_1_532' title='bbox 2890 3840 3187 3913; x_wconf 88' lang='lat' dir='ltr'><strong>relinquit,</strong></span> <span class='ocrx_word' id='word_1_533' title='bbox 3210 3844 3269 3896; x_wconf 90' lang='lat' dir='ltr'><strong>et</strong></span> <span class='ocrx_word' id='word_1_534' title='bbox 3298 3839 3463 3897; x_wconf 85' lang='lat' dir='ltr'><strong>solue</strong></span> <span class='ocrx_word' id='word_1_535' title='bbox 3490 3837 3617 3907; x_wconf 79' lang='lat' dir='ltr'><strong>abit</strong></span> 
     </span>
    </p>
   </div>
   <div class='ocr_carea' id='block_1_79' title="bbox 1396 3936 2987 3997">
    <p class='ocr_par' dir='ltr' id='par_1_79' title="bbox 1396 3936 2987 3997">
     <span class='ocr_line' id='line_1_81' title="bbox 1396 3936 2987 3997; baseline -0.005 1"><span class='ocrx_word' id='word_1_536' title='bbox 1396 3950 1401 3951; x_wconf 67' lang='lat'><strong><em>&#39;</em></strong></span> <span class='ocrx_word' id='word_1_537' title='bbox 1963 3941 2041 3997; x_wconf 91' lang='lat' dir='ltr'><strong>ad</strong></span> <span class='ocrx_word' id='word_1_538' title='bbox 2066 3936 2390 3994; x_wconf 88' lang='lat' dir='ltr'><strong>orandum.</strong></span> <span class='ocrx_word' id='word_1_539' title='bbox 2980 3970 2987 3977; x_wconf 68' lang='grc' dir='ltr'><strong>ο</strong></span> 
     </span>
    </p>
   </div>
   <div class='ocr_carea' id='block_1_80' title="bbox 332 4018 1979 4100">
    <p class='ocr_par' dir='ltr' id='par_1_80' title="bbox 332 4018 1855 4100">
     <span class='ocr_line' id='line_1_82' title="bbox 332 4018 1855 4100; baseline 0.001 -26"><span class='ocrx_word' id='word_1_540' title='bbox 332 4020 437 4074; x_wconf 86' lang='grc' dir='ltr'>Και</span> <span class='ocrx_word' id='word_1_541' title='bbox 482 4019 739 4093; x_wconf 79' lang='grc' dir='ltr'>προελθὼν</span> <span class='ocrx_word' id='word_1_542' title='bbox 782 4051 851 4060; x_wconf 91' lang='lat'><strong>-—</strong></span> <span class='ocrx_word' id='word_1_543' title='bbox 895 4020 1076 4073; x_wconf 78' lang='grc' dir='ltr'>αὐτοῦ.</span> <span class='ocrx_word' id='word_1_544' title='bbox 1130 4026 1334 4082; x_wconf 84' lang='grc' dir='ltr'>Λουκᾶς</span> <span class='ocrx_word' id='word_1_545' title='bbox 1366 4018 1424 4074; x_wconf 74' lang='grc' dir='ltr'>δὲ</span> <span class='ocrx_word' id='word_1_546' title='bbox 1452 4026 1541 4075; x_wconf 87' lang='grc' dir='ltr'>καὶ</span> <span class='ocrx_word' id='word_1_547' title='bbox 1584 4024 1642 4074; x_wconf 87' lang='grc' dir='ltr'><strong>τό</strong></span> <span class='ocrx_word' id='word_1_548' title='bbox 1672 4027 1855 4100; x_wconf 85' lang='grc' dir='ltr'>μέτρον</span> 
     </span>
    </p>
   </div>
   <div class='ocr_carea' id='block_1_81' title="bbox 1976 4018 3623 4100">
    <p class='ocr_par' dir='ltr' id='par_1_81' title="bbox 2036 4019 3623 4091">
     <span class='ocr_line' id='line_1_83' title="bbox 2036 4019 3623 4091; baseline -0.008 -8"><span class='ocrx_word' id='word_1_549' title='bbox 2036 4030 2192 4083; x_wconf 89' lang='lat' dir='ltr'><strong>Vers.</strong></span> <span class='ocrx_word' id='word_1_550' title='bbox 2249 4026 2338 4081; x_wconf 85' lang='lat'><strong>39.</strong></span> <span class='ocrx_word' id='word_1_551' title='bbox 2390 4023 2468 4079; x_wconf 82' lang='lat' dir='ltr'><strong>Et</strong></span> <span class='ocrx_word' id='word_1_552' title='bbox 2505 4034 2950 4091; x_wconf 80' lang='lat' dir='ltr'><strong>progressus—</strong></span> <span class='ocrx_word' id='word_1_553' title='bbox 3001 4033 3190 4075; x_wconf 89' lang='lat' dir='ltr'><strong>suam.</strong></span> <span class='ocrx_word' id='word_1_554' title='bbox 3240 4019 3428 4072; x_wconf 87' lang='lat' dir='ltr'><strong>Lucas</strong></span> <span class='ocrx_word' id='word_1_555' title='bbox 3482 4030 3623 4072; x_wconf 85' lang='lat' dir='ltr'><strong>vero</strong></span> 
     </span>
    </p>
   </div>
   <div class='ocr_carea' id='block_1_82' title="bbox 259 4103 1906 4186">
    <p class='ocr_par' dir='ltr' id='par_1_82' title="bbox 259 4103 1858 4181">
     <span class='ocr_line' id='line_1_84' title="bbox 259 4103 1858 4181; baseline 0.003 -21"><span class='ocrx_word' id='word_1_556' title='bbox 259 4115 357 4160; x_wconf 84' lang='grc' dir='ltr'>τοῦ</span> <span class='ocrx_word' id='word_1_557' title='bbox 383 4103 417 4159; x_wconf 89' lang='grc' dir='ltr'><strong>δ</strong></span> <span class='ocrx_word' id='word_1_558' title='bbox 424 4113 745 4181; x_wconf 80' lang='grc' dir='ltr'>ιαστήματος</span> <span class='ocrx_word' id='word_1_559' title='bbox 773 4108 926 4176; x_wconf 85' lang='grc' dir='ltr'>εἶπεν,</span> <span class='ocrx_word' id='word_1_560' title='bbox 956 4111 1036 4162; x_wconf 69' lang='grc' dir='ltr'>ὅτι</span> <span class='ocrx_word' id='word_1_561' title='bbox 1065 4107 1381 4169; x_wconf 77' lang='grc' dir='ltr'>ἀπεσπάσθη</span> <span class='ocrx_word' id='word_1_562' title='bbox 1420 4110 1508 4164; x_wconf 82' lang='grc' dir='ltr'>ἀπ’</span> <span class='ocrx_word' id='word_1_563' title='bbox 1540 4111 1707 4164; x_wconf 86' lang='grc' dir='ltr'>αύτῶν</span> <span class='ocrx_word' id='word_1_564' title='bbox 1734 4115 1858 4166; x_wconf 84' lang='grc' dir='ltr'>ὡσεὶ</span> 
     </span>
    </p>
   </div>
   <div class='ocr_carea' id='block_1_83' title="bbox 1977 4103 3624 4186">
    <p class='ocr_par' dir='ltr' id='par_1_83' title="bbox 1977 4104 3624 4186">
     <span class='ocr_line' id='line_1_85' title="bbox 1977 4104 3624 4186; baseline -0.009 -13"><span class='ocrx_word' id='word_1_565' title='bbox 1977 4117 2148 4173; x_wconf 82' lang='lat' dir='ltr'><strong>etiam</strong></span> <span class='ocrx_word' id='word_1_566' title='bbox 2222 4112 2400 4186; x_wconf 90' lang='lat' dir='ltr'><strong>spatii</strong></span> <span class='ocrx_word' id='word_1_567' title='bbox 2474 4111 2622 4166; x_wconf 83' lang='lat' dir='ltr'><strong>dixit</strong></span> <span class='ocrx_word' id='word_1_568' title='bbox 2689 4123 3060 4172; x_wconf 85' lang='lat' dir='ltr'><strong>mensuram,</strong></span> <span class='ocrx_word' id='word_1_569' title='bbox 3133 4108 3298 4178; x_wconf 87' lang='lat' dir='ltr'><strong>quod</strong></span> <span class='ocrx_word' id='word_1_570' title='bbox 3380 4104 3624 4162; x_wconf 89' lang='lat' dir='ltr'><strong>avulsus</strong></span> 
     </span>
    </p>
   </div>
   <div class='ocr_carea' id='block_1_84' title="bbox 259 4195 1906 4273">
    <p class='ocr_par' dir='ltr' id='par_1_84' title="bbox 259 4195 1004 4270">
     <span class='ocr_line' id='line_1_86' title="bbox 259 4195 1004 4270; baseline -0.001 -19"><span class='ocrx_word' id='word_1_571' title='bbox 259 4198 412 4251; x_wconf 88' lang='grc' dir='ltr'>λίθου</span> <span class='ocrx_word' id='word_1_572' title='bbox 451 4195 627 4269; x_wconf 78' lang='grc' dir='ltr'>βολήν.</span> <span class='ocrx_word' id='word_1_573' title='bbox 998 4265 1004 4270; x_wconf 15' lang='grc' dir='ltr'>ἡ</span> 
     </span>
    </p>
   </div>
   <div class='ocr_carea' id='block_1_85' title="bbox 1624 4195 3271 4273">
    <p class='ocr_par' dir='ltr' id='par_1_85' title="bbox 1968 4195 3271 4273">
     <span class='ocr_line' id='line_1_87' title="bbox 1968 4195 3271 4273; baseline -0.011 -11"><span class='ocrx_word' id='word_1_574' title='bbox 1968 4210 2056 4262; x_wconf 88' lang='lat' dir='ltr'><strong>est</strong></span> <span class='ocrx_word' id='word_1_575' title='bbox 2080 4205 2158 4261; x_wconf 90' lang='lat' dir='ltr'><strong>ab</strong></span> <span class='ocrx_word' id='word_1_576' title='bbox 2189 4204 2271 4259; x_wconf 90' lang='lat' dir='ltr'><strong>eis</strong></span> <span class='ocrx_word' id='word_1_577' title='bbox 2301 4205 2597 4273; x_wconf 88' lang='lat' dir='ltr'><strong>quantum</strong></span> <span class='ocrx_word' id='word_1_578' title='bbox 2617 4199 2812 4269; x_wconf 89' lang='lat' dir='ltr'><strong>jactus</strong></span> <span class='ocrx_word' id='word_1_579' title='bbox 2843 4202 2928 4252; x_wconf 90' lang='lat' dir='ltr'><strong>est</strong></span> <span class='ocrx_word' id='word_1_580' title='bbox 2952 4195 3170 4268; x_wconf 86' lang='lat' dir='ltr'><strong>lapidis</strong></span> <span class='ocrx_word' id='word_1_581' title='bbox 3203 4197 3271 4249; x_wconf 72' lang='grc'><strong>⁵³.</strong></span> 
     </span>
    </p>
   </div>
   <div class='ocr_carea' id='block_1_86' title="bbox 338 4280 1985 4363">
    <p class='ocr_par' dir='ltr' id='par_1_86' title="bbox 338 4286 1862 4363">
     <span class='ocr_line' id='line_1_88' title="bbox 338 4286 1862 4363; baseline 0.004 -24"><span class='ocrx_word' id='word_1_582' title='bbox 338 4290 765 4360; x_wconf 82' lang='grc' dir='ltr'>Προσευχόμενος</span> <span class='ocrx_word' id='word_1_583' title='bbox 820 4316 887 4328; x_wconf 92' lang='grc'><strong>--</strong></span> <span class='ocrx_word' id='word_1_584' title='bbox 942 4289 1010 4348; x_wconf 81' lang='grc' dir='ltr'>ὡς</span> <span class='ocrx_word' id='word_1_585' title='bbox 1059 4289 1143 4344; x_wconf 88' lang='grc' dir='ltr'><strong>σύ.</strong></span> <span class='ocrx_word' id='word_1_586' title='bbox 1203 4286 1372 4341; x_wconf 84' lang='grc' dir='ltr'>Εἰπὼν</span> <span class='ocrx_word' id='word_1_587' title='bbox 1424 4292 1514 4363; x_wconf 75' lang='grc' dir='ltr'><strong>μεν</strong></span> <span class='ocrx_word' id='word_1_588' title='bbox 1557 4292 1636 4343; x_wconf 87' lang='grc' dir='ltr'>ὅτι</span> <span class='ocrx_word' id='word_1_589' title='bbox 1674 4291 1730 4345; x_wconf 74' lang='grc' dir='ltr'><strong>Εἰ</strong></span> <span class='ocrx_word' id='word_1_590' title='bbox 1771 4289 1862 4345; x_wconf 78' lang='grc' dir='ltr'>δυ-</span> 
     </span>
    </p>
   </div>
   <div class='ocr_carea' id='block_1_87' title="bbox 1984 4280 3631 4363">
    <p class='ocr_par' dir='ltr' id='par_1_87' title="bbox 2041 4280 3631 4357">
     <span class='ocr_line' id='line_1_89' title="bbox 2041 4280 3631 4357; baseline -0.009 -7"><span class='ocrx_word' id='word_1_591' title='bbox 2041 4296 2203 4350; x_wconf 86' lang='lat' dir='ltr'><strong>Vers.</strong></span> <span class='ocrx_word' id='word_1_592' title='bbox 2230 4292 2316 4347; x_wconf 88' lang='lat'><strong>39.</strong></span> <span class='ocrx_word' id='word_1_593' title='bbox 2351 4290 2535 4345; x_wconf 85' lang='lat' dir='ltr'><strong>Orans</strong></span> <span class='ocrx_word' id='word_1_594' title='bbox 2576 4318 2644 4327; x_wconf 90' lang='lat'><strong>—</strong></span> <span class='ocrx_word' id='word_1_595' title='bbox 2669 4286 2820 4343; x_wconf 75' lang='lat' dir='ltr'><strong>sicut</strong></span> <span class='ocrx_word' id='word_1_596' title='bbox 2852 4291 2935 4340; x_wconf 82' lang='lat' dir='ltr'><strong>tu.</strong></span> <span class='ocrx_word' id='word_1_597' title='bbox 2974 4286 3181 4357; x_wconf 87' lang='lat' dir='ltr'><strong>Dicens</strong></span> <span class='ocrx_word' id='word_1_598' title='bbox 3212 4301 3229 4338; x_wconf 87' lang='lat'><strong>:</strong></span> <span class='ocrx_word' id='word_1_599' title='bbox 3269 4283 3341 4339; x_wconf 72' lang='lat' dir='ltr'><strong>Si</strong></span> <span class='ocrx_word' id='word_1_600' title='bbox 3360 4280 3631 4353; x_wconf 75' lang='lat' dir='ltr'><strong>possibile</strong></span> 
     </span>
    </p>
   </div>
   <div class='ocr_carea' id='block_1_88' title="bbox 263 4370 1910 4455">
    <p class='ocr_par' dir='ltr' id='par_1_88' title="bbox 263 4373 1864 4455">
     <span class='ocr_line' id='line_1_90' title="bbox 263 4373 1864 4455; baseline 0.002 -26"><span class='ocrx_word' id='word_1_601' title='bbox 263 4380 420 4429; x_wconf 80' lang='grc' dir='ltr'>νατόν</span> <span class='ocrx_word' id='word_1_602' title='bbox 502 4373 631 4442; x_wconf 73' lang='grc' dir='ltr'>ἕστε,</span> <span class='ocrx_word' id='word_1_603' title='bbox 716 4376 1013 4449; x_wconf 72' lang='grc' dir='ltr'>παρελθέτω</span> <span class='ocrx_word' id='word_1_604' title='bbox 1091 4375 1179 4429; x_wconf 80' lang='grc' dir='ltr'><strong>ἀπ’</strong></span> <span class='ocrx_word' id='word_1_605' title='bbox 1264 4376 1386 4451; x_wconf 75' lang='grc' dir='ltr'>ἐμου</span> <span class='ocrx_word' id='word_1_606' title='bbox 1470 4384 1527 4432; x_wconf 85' lang='grc' dir='ltr'>τὸ</span> <span class='ocrx_word' id='word_1_607' title='bbox 1619 4387 1864 4455; x_wconf 82' lang='grc' dir='ltr'>ποτήριον</span> 
     </span>
    </p>
   </div>
   <div class='ocr_carea' id='block_1_89' title="bbox 1986 4370 3633 4455">
    <p class='ocr_par' dir='ltr' id='par_1_89' title="bbox 1986 4370 3633 4453">
     <span class='ocr_line' id='line_1_91' title="bbox 1986 4370 3633 4453; baseline -0.009 -14"><span class='ocrx_word' id='word_1_608' title='bbox 1986 4390 2073 4448; x_wconf 71' lang='lat' dir='ltr'><strong>est,</strong></span> <span class='ocrx_word' id='word_1_609' title='bbox 2108 4376 2371 4437; x_wconf 68' lang='lat' dir='ltr'><strong>transeat</strong></span> <span class='ocrx_word' id='word_1_610' title='bbox 2417 4393 2454 4434; x_wconf 90' lang='lat' dir='ltr'><strong>a</strong></span> <span class='ocrx_word' id='word_1_611' title='bbox 2484 4392 2574 4433; x_wconf 86' lang='lat' dir='ltr'><strong>me</strong></span> <span class='ocrx_word' id='word_1_612' title='bbox 2598 4375 2883 4453; x_wconf 77' lang='lat' dir='ltr'><strong>poculum</strong></span> <span class='ocrx_word' id='word_1_613' title='bbox 2912 4373 3093 4443; x_wconf 79' lang='lat' dir='ltr'><strong>istud,</strong></span> <span class='ocrx_word' id='word_1_614' title='bbox 3143 4372 3483 4428; x_wconf 90' lang='lat' dir='ltr'><strong>humanum</strong></span> <span class='ocrx_word' id='word_1_615' title='bbox 3533 4370 3633 4425; x_wconf 91' lang='lat' dir='ltr'><strong>de-</strong></span> 
     </span>
    </p>
   </div>
   <div class='ocr_carea' id='block_1_90' title="bbox 265 4460 1912 4567">
    <p class='ocr_par' dir='ltr' id='par_1_90' title="bbox 265 4461 1912 4567">
     <span class='ocr_line' id='line_1_92' title="bbox 265 4461 1912 4567; baseline 0.001 -48"><span class='ocrx_word' id='word_1_616' title='bbox 265 4474 442 4530; x_wconf 81' lang='grc' dir='ltr'>τοῡτο,</span> <span class='ocrx_word' id='word_1_617' title='bbox 519 4461 680 4529; x_wconf 78' lang='grc' dir='ltr'>ἔδειξε</span> <span class='ocrx_word' id='word_1_618' title='bbox 747 4471 842 4524; x_wconf 72' lang='grc' dir='ltr'>τὴν</span> <span class='ocrx_word' id='word_1_619' title='bbox 921 4465 1245 4539; x_wconf 79' lang='grc' dir='ltr'>ἀνθρωπίνην</span> <span class='ocrx_word' id='word_1_620' title='bbox 1327 4464 1543 4538; x_wconf 78' lang='grc' dir='ltr'>δειλίαν,</span> <span class='ocrx_word' id='word_1_621' title='bbox 1620 4474 1912 4567; x_wconf 76' lang='grc' dir='ltr'>ποτήριον]</span> 
     </span>
    </p>
   </div>
   <div class='ocr_carea' id='block_1_91' title="bbox 1982 4460 3629 4567">
    <p class='ocr_par' dir='ltr' id='par_1_91' title="bbox 1982 4460 3629 4535">
     <span class='ocr_line' id='line_1_93' title="bbox 1982 4460 3629 4535; baseline -0.01 -7"><span class='ocrx_word' id='word_1_622' title='bbox 1982 4460 2331 4528; x_wconf 85' lang='lat' dir='ltr'><strong>monstravit</strong></span> <span class='ocrx_word' id='word_1_623' title='bbox 2380 4465 2668 4532; x_wconf 89' lang='lat' dir='ltr'><strong>timorem,</strong></span> <span class='ocrx_word' id='word_1_624' title='bbox 2724 4462 3006 4535; x_wconf 88' lang='lat' dir='ltr'><strong>p0culum</strong></span> <span class='ocrx_word' id='word_1_625' title='bbox 3070 4476 3295 4517; x_wconf 89' lang='lat' dir='ltr'><strong>vocans</strong></span> <span class='ocrx_word' id='word_1_626' title='bbox 3350 4465 3629 4517; x_wconf 84' lang='lat' dir='ltr'><strong>mortem.</strong></span> 
     </span>
    </p>
   </div>
   <div class='ocr_carea' id='block_1_92' title="bbox 263 4547 1910 4629">
    <p class='ocr_par' dir='ltr' id='par_1_92' title="bbox 263 4547 1910 4629">
     <span class='ocr_line' id='line_1_94' title="bbox 263 4547 1910 4629; baseline 0.001 -20"><span class='ocrx_word' id='word_1_627' title='bbox 263 4554 426 4626; x_wconf 75' lang='grc' dir='ltr'>λέγων</span> <span class='ocrx_word' id='word_1_628' title='bbox 479 4557 537 4606; x_wconf 87' lang='grc' dir='ltr'>τὸ</span> <span class='ocrx_word' id='word_1_629' title='bbox 589 4561 682 4607; x_wconf 85' lang='grc' dir='ltr'>τοῦ</span> <span class='ocrx_word' id='word_1_630' title='bbox 741 4555 979 4607; x_wconf 69' lang='grc' dir='ltr'>θανάτοψ</span> <span class='ocrx_word' id='word_1_631' title='bbox 1036 4554 1189 4607; x_wconf 81' lang='grc' dir='ltr'>εἰπὼν</span> <span class='ocrx_word' id='word_1_632' title='bbox 1230 4552 1289 4607; x_wconf 75' lang='grc' dir='ltr'>δὲ</span> <span class='ocrx_word' id='word_1_633' title='bbox 1342 4557 1423 4608; x_wconf 87' lang='grc' dir='ltr'><strong>ὅτι</strong></span> <span class='ocrx_word' id='word_1_634' title='bbox 1467 4556 1600 4615; x_wconf 71' lang='grc' dir='ltr'>Πλὴν</span> <span class='ocrx_word' id='word_1_635' title='bbox 1649 4557 1753 4629; x_wconf 85' lang='grc' dir='ltr'><strong>ούχ</strong></span> <span class='ocrx_word' id='word_1_636' title='bbox 1801 4547 1910 4621; x_wconf 60' lang='grc' dir='ltr'><strong>ὡς³</strong></span> 
     </span>
    </p>
   </div>
   <div class='ocr_carea' id='block_1_93' title="bbox 1984 4547 3631 4629">
    <p class='ocr_par' dir='ltr' id='par_1_93' title="bbox 1984 4547 3631 4623">
     <span class='ocr_line' id='line_1_95' title="bbox 1984 4547 3631 4623; baseline -0.009 -7"><span class='ocrx_word' id='word_1_637' title='bbox 1984 4560 2185 4616; x_wconf 90' lang='lat' dir='ltr'><strong>Dicens</strong></span> <span class='ocrx_word' id='word_1_638' title='bbox 2224 4562 2445 4623; x_wconf 91' lang='lat' dir='ltr'><strong>autem,</strong></span> <span class='ocrx_word' id='word_1_639' title='bbox 2505 4555 2914 4609; x_wconf 80' lang='lat' dir='ltr'><strong>Verumtamen</strong></span> <span class='ocrx_word' id='word_1_640' title='bbox 2968 4566 3087 4605; x_wconf 83' lang='lat' dir='ltr'><strong>non</strong></span> <span class='ocrx_word' id='word_1_641' title='bbox 3140 4548 3291 4603; x_wconf 81' lang='lat' dir='ltr'><strong>sicut</strong></span> <span class='ocrx_word' id='word_1_642' title='bbox 3322 4562 3424 4617; x_wconf 87' lang='lat' dir='ltr'><strong>ego</strong></span> <span class='ocrx_word' id='word_1_643' title='bbox 3474 4547 3631 4613; x_wconf 81' lang='lat' dir='ltr'><strong>volo,</strong></span> 
     </span>
    </p>
   </div>
   <div class='ocr_carea' id='block_1_94' title="bbox 264 4635 1911 4718">
    <p class='ocr_par' dir='ltr' id='par_1_94' title="bbox 264 4638 1870 4718">
     <span class='ocr_line' id='line_1_96' title="bbox 264 4638 1870 4718; baseline 0.002 -23"><span class='ocrx_word' id='word_1_644' title='bbox 264 4646 368 4716; x_wconf 70' lang='grc' dir='ltr'><strong>ἐγὼ</strong></span> <span class='ocrx_word' id='word_1_645' title='bbox 413 4642 562 4711; x_wconf 70' lang='grc' dir='ltr'>θέλω,</span> <span class='ocrx_word' id='word_1_646' title='bbox 612 4642 718 4696; x_wconf 80' lang='grc' dir='ltr'>ἀλλ’</span> <span class='ocrx_word' id='word_1_647' title='bbox 748 4646 811 4705; x_wconf 85' lang='grc' dir='ltr'>ὡς</span> <span class='ocrx_word' id='word_1_648' title='bbox 859 4646 947 4713; x_wconf 80' lang='grc' dir='ltr'>σὺ,</span> <span class='ocrx_word' id='word_1_649' title='bbox 998 4640 1239 4706; x_wconf 80' lang='grc' dir='ltr'>ἐδίδαξεν</span> <span class='ocrx_word' id='word_1_650' title='bbox 1284 4645 1359 4696; x_wconf 86' lang='grc' dir='ltr'>ὅνι</span> <span class='ocrx_word' id='word_1_651' title='bbox 1402 4638 1491 4697; x_wconf 79' lang='grc' dir='ltr'>καὶ</span> <span class='ocrx_word' id='word_1_652' title='bbox 1535 4653 1625 4707; x_wconf 85' lang='grc' dir='ltr'>τῆς</span> <span class='ocrx_word' id='word_1_653' title='bbox 1672 4648 1870 4718; x_wconf 87' lang='grc' dir='ltr'>φύσεως</span> 
     </span>
    </p>
   </div>
   <div class='ocr_carea' id='block_1_95' title="bbox 1984 4635 3631 4718">
    <p class='ocr_par' dir='ltr' id='par_1_95' title="bbox 1984 4635 3631 4712">
     <span class='ocr_line' id='line_1_97' title="bbox 1984 4635 3631 4712; baseline -0.011 -5"><span class='ocrx_word' id='word_1_654' title='bbox 1984 4649 2080 4707; x_wconf 86' lang='lat' dir='ltr'><strong>sed</strong></span> <span class='ocrx_word' id='word_1_655' title='bbox 2107 4648 2259 4704; x_wconf 81' lang='lat' dir='ltr'><strong>sicut</strong></span> <span class='ocrx_word' id='word_1_656' title='bbox 2291 4650 2373 4709; x_wconf 83' lang='lat' dir='ltr'><strong>tu,</strong></span> <span class='ocrx_word' id='word_1_657' title='bbox 2407 4642 2609 4698; x_wconf 89' lang='lat' dir='ltr'><strong>docuit</strong></span> <span class='ocrx_word' id='word_1_658' title='bbox 2638 4640 2824 4712; x_wconf 92' lang='lat' dir='ltr'><strong>qnod,</strong></span> <span class='ocrx_word' id='word_1_659' title='bbox 2859 4640 3080 4693; x_wconf 86' lang='lat' dir='ltr'><strong>natura</strong></span> <span class='ocrx_word' id='word_1_660' title='bbox 3106 4636 3242 4693; x_wconf 88' lang='lat' dir='ltr'><strong>licet</strong></span> <span class='ocrx_word' id='word_1_661' title='bbox 3273 4635 3631 4701; x_wconf 87' lang='lat' dir='ltr'><strong>retrahente,</strong></span> 
     </span>
    </p>
   </div>
   <div class='ocr_carea' id='block_1_96' title="bbox 262 4720 1909 4810">
    <p class='ocr_par' dir='ltr' id='par_1_96' title="bbox 262 4732 1866 4807">
     <span class='ocr_line' id='line_1_98' title="bbox 262 4732 1866 4807; baseline 0.001 -21"><span class='ocrx_word' id='word_1_662' title='bbox 262 4732 619 4795; x_wconf 77' lang='grc' dir='ltr'>ἀνθελκούσης</span> <span class='ocrx_word' id='word_1_663' title='bbox 676 4736 785 4807; x_wconf 81' lang='grc' dir='ltr'>χρὴ</span> <span class='ocrx_word' id='word_1_664' title='bbox 836 4734 1053 4786; x_wconf 82' lang='grc' dir='ltr'>ἕπεσθαι</span> <span class='ocrx_word' id='word_1_665' title='bbox 1111 4741 1183 4804; x_wconf 83' lang='grc' dir='ltr'>τῷ</span> <span class='ocrx_word' id='word_1_666' title='bbox 1238 4732 1485 4806; x_wconf 77' lang='grc' dir='ltr'>θελήματι</span> <span class='ocrx_word' id='word_1_667' title='bbox 1556 4742 1647 4787; x_wconf 81' lang='grc' dir='ltr'><strong>τού¹</strong></span> <span class='ocrx_word' id='word_1_668' title='bbox 1715 4743 1866 4801; x_wconf 79' lang='grc' dir='ltr'>Θεοῦ,</span> 
     </span>
    </p>
   </div>
   <div class='ocr_carea' id='block_1_97' title="bbox 1985 4720 3632 4810">
    <p class='ocr_par' dir='ltr' id='par_1_97' title="bbox 1985 4720 3632 4810">
     <span class='ocr_line' id='line_1_99' title="bbox 1985 4720 3632 4810; baseline -0.012 -15"><span class='ocrx_word' id='word_1_669' title='bbox 1985 4735 2150 4810; x_wconf 89' lang='lat' dir='ltr'><strong>sequi</strong></span> <span class='ocrx_word' id='word_1_670' title='bbox 2195 4736 2465 4807; x_wconf 86' lang='lat' dir='ltr'><strong>oporteat</strong></span> <span class='ocrx_word' id='word_1_671' title='bbox 2514 4728 2613 4784; x_wconf 90' lang='lat' dir='ltr'><strong>Dei</strong></span> <span class='ocrx_word' id='word_1_672' title='bbox 2660 4726 3029 4805; x_wconf 85' lang='lat' dir='ltr'><strong>voluntatem</strong></span> <span class='ocrx_word' id='word_1_673' title='bbox 3072 4724 3353 4793; x_wconf 87' lang='lat' dir='ltr'><strong>illamque</strong></span> <span class='ocrx_word' id='word_1_674' title='bbox 3374 4720 3632 4792; x_wconf 70' lang='lat' dir='ltr'><strong>propriae</strong></span> 
     </span>
    </p>
   </div>
   <div class='ocr_carea' id='block_1_98' title="bbox 264 4807 1911 4896">
    <p class='ocr_par' dir='ltr' id='par_1_98' title="bbox 264 4818 1872 4896">
     <span class='ocr_line' id='line_1_100' title="bbox 264 4818 1872 4896; baseline 0.004 -25"><span class='ocrx_word' id='word_1_675' title='bbox 264 4825 365 4872; x_wconf 78' lang='grc' dir='ltr'>καὶ</span> <span class='ocrx_word' id='word_1_676' title='bbox 403 4826 663 4894; x_wconf 84' lang='grc' dir='ltr'>προτιμᾷν</span> <span class='ocrx_word' id='word_1_677' title='bbox 702 4821 828 4877; x_wconf 78' lang='grc' dir='ltr'>αύτό</span> <span class='ocrx_word' id='word_1_678' title='bbox 857 4829 950 4875; x_wconf 81' lang='grc' dir='ltr'>τοῦ</span> <span class='ocrx_word' id='word_1_679' title='bbox 998 4818 1147 4875; x_wconf 81' lang='grc' dir='ltr'>ἰδίου</span> <span class='ocrx_word' id='word_1_680' title='bbox 1186 4822 1488 4896; x_wconf 81' lang='grc' dir='ltr'>θελήματος,</span> <span class='ocrx_word' id='word_1_681' title='bbox 1524 4826 1590 4886; x_wconf 88' lang='grc' dir='ltr'>ὡς</span> <span class='ocrx_word' id='word_1_682' title='bbox 1615 4822 1872 4878; x_wconf 84' lang='grc' dir='ltr'>λυσιτελέ-</span> 
     </span>
    </p>
   </div>
   <div class='ocr_carea' id='block_1_99' title="bbox 1984 4807 3631 4896">
    <p class='ocr_par' dir='ltr' id='par_1_99' title="bbox 1984 4807 3631 4893">
     <span class='ocr_line' id='line_1_101' title="bbox 1984 4807 3631 4893; baseline -0.012 -10"><span class='ocrx_word' id='word_1_683' title='bbox 1984 4807 2270 4882; x_wconf 74' lang='lat' dir='ltr'><strong>voiuntati</strong></span> <span class='ocrx_word' id='word_1_684' title='bbox 2317 4830 2685 4893; x_wconf 60' lang='lat' dir='ltr'><strong>praeponere,</strong></span> <span class='ocrx_word' id='word_1_685' title='bbox 2742 4820 3035 4881; x_wconf 87' lang='lat' dir='ltr'><strong>tanquam</strong></span> <span class='ocrx_word' id='word_1_686' title='bbox 3098 4811 3358 4866; x_wconf 82' lang='lat' dir='ltr'><strong>maxime</strong></span> <span class='ocrx_word' id='word_1_687' title='bbox 3406 4807 3631 4863; x_wconf 86' lang='lat' dir='ltr'><strong>utilem.</strong></span> 
     </span>
    </p>
   </div>
   <div class='ocr_carea' id='block_1_100' title="bbox 270 4896 1917 4989">
    <p class='ocr_par' dir='ltr' id='par_1_100' title="bbox 270 4906 1872 4989">
     <span class='ocr_line' id='line_1_102' title="bbox 270 4906 1872 4989; baseline 0.003 -27"><span class='ocrx_word' id='word_1_688' title='bbox 270 4928 477 4982; x_wconf 79' lang='grc' dir='ltr'>στερον.</span> <span class='ocrx_word' id='word_1_689' title='bbox 508 4914 578 4963; x_wconf 88' lang='grc' dir='ltr'>Τό</span> <span class='ocrx_word' id='word_1_690' title='bbox 630 4906 709 4975; x_wconf 74' lang='grc' dir='ltr'>δὲ,</span> <span class='ocrx_word' id='word_1_691' title='bbox 761 4911 900 4970; x_wconf 79' lang='grc' dir='ltr'>Πλὴν</span> <span class='ocrx_word' id='word_1_692' title='bbox 954 4911 1048 4964; x_wconf 77' lang='grc' dir='ltr'>οὐκ</span> <span class='ocrx_word' id='word_1_693' title='bbox 1098 4914 1167 4975; x_wconf 87' lang='grc' dir='ltr'>ὡς</span> <span class='ocrx_word' id='word_1_694' title='bbox 1214 4910 1311 4983; x_wconf 78' lang='grc' dir='ltr'><strong>ἐγὼ</strong></span> <span class='ocrx_word' id='word_1_695' title='bbox 1354 4912 1497 4979; x_wconf 81' lang='grc' dir='ltr'>θέλω,</span> <span class='ocrx_word' id='word_1_696' title='bbox 1539 4918 1872 4989; x_wconf 77' lang='grc' dir='ltr'>σαφέστερον,</span> 
     </span>
    </p>
   </div>
   <div class='ocr_carea' id='block_1_101' title="bbox 1989 4896 3636 4989">
    <p class='ocr_par' dir='ltr' id='par_1_101' title="bbox 1989 4896 3636 4980">
     <span class='ocr_line' id='line_1_103' title="bbox 1989 4896 3636 4980; baseline -0.012 -11"><span class='ocrx_word' id='word_1_697' title='bbox 1989 4914 2156 4980; x_wconf 84' lang='lat' dir='ltr'><strong>Quod</strong></span> <span class='ocrx_word' id='word_1_698' title='bbox 2184 4927 2321 4968; x_wconf 84' lang='lat' dir='ltr'><strong>vero</strong></span> <span class='ocrx_word' id='word_1_699' title='bbox 2368 4909 2484 4965; x_wconf 91' lang='lat' dir='ltr'><strong>ait:</strong></span> <span class='ocrx_word' id='word_1_700' title='bbox 2544 4906 2952 4960; x_wconf 81' lang='lat' dir='ltr'><strong>Verumtamen</strong></span> <span class='ocrx_word' id='word_1_701' title='bbox 2995 4917 3103 4954; x_wconf 82' lang='lat' dir='ltr'><strong>non</strong></span> <span class='ocrx_word' id='word_1_702' title='bbox 3144 4898 3294 4955; x_wconf 82' lang='lat' dir='ltr'><strong>sicut</strong></span> <span class='ocrx_word' id='word_1_703' title='bbox 3339 4912 3443 4969; x_wconf 89' lang='lat' dir='ltr'><strong>ego</strong></span> <span class='ocrx_word' id='word_1_704' title='bbox 3495 4896 3636 4960; x_wconf 83' lang='lat' dir='ltr'><strong>volo,</strong></span> 
     </span>
    </p>
   </div>
   <div class='ocr_carea' id='block_1_102' title="bbox 268 4985 1915 5081">
    <p class='ocr_par' dir='ltr' id='par_1_102' title="bbox 268 4985 1899 5077">
     <span class='ocr_line' id='line_1_104' title="bbox 268 4985 1899 5077; baseline 0.004 -27"><span class='ocrx_word' id='word_1_705' title='bbox 268 5000 299 5073; x_wconf 80' lang='grc' dir='ltr'><strong>ό</strong></span> <span class='ocrx_word' id='word_1_706' title='bbox 363 5004 572 5061; x_wconf 79' lang='grc' dir='ltr'>Λουκᾶς</span> <span class='ocrx_word' id='word_1_707' title='bbox 634 4998 959 5074; x_wconf 65' lang='grc' dir='ltr'>ἀπήγγειλεν,</span> <span class='ocrx_word' id='word_1_708' title='bbox 1017 5001 1189 5069; x_wconf 82' lang='grc' dir='ltr'>εἰπὼν,</span> <span class='ocrx_word' id='word_1_709' title='bbox 1244 5000 1384 5061; x_wconf 79' lang='grc' dir='ltr'>Πλὴν</span> <span class='ocrx_word' id='word_1_710' title='bbox 1439 5006 1513 5075; x_wconf 77' lang='grc' dir='ltr'>μὴ</span> <span class='ocrx_word' id='word_1_711' title='bbox 1563 5005 1622 5056; x_wconf 88' lang='grc' dir='ltr'>τὸ</span> <span class='ocrx_word' id='word_1_712' title='bbox 1680 4985 1899 5077; x_wconf 20' lang='grc' dir='ltr'>θελημά,</span> 
     </span>
    </p>
   </div>
   <div class='ocr_carea' id='block_1_103' title="bbox 1995 4985 3642 5081">
    <p class='ocr_par' dir='ltr' id='par_1_103' title="bbox 1995 4985 3642 5067">
     <span class='ocr_line' id='line_1_105' title="bbox 1995 4985 3642 5067; baseline -0.01 -8"><span class='ocrx_word' id='word_1_713' title='bbox 1995 5002 2088 5059; x_wconf 82' lang='lat' dir='ltr'><strong>sed</strong></span> <span class='ocrx_word' id='word_1_714' title='bbox 2129 5003 2289 5057; x_wconf 81' lang='lat' dir='ltr'><strong>sicut.</strong></span> <span class='ocrx_word' id='word_1_715' title='bbox 2336 5004 2423 5067; x_wconf 83' lang='lat' dir='ltr'><strong>tu,</strong></span> <span class='ocrx_word' id='word_1_716' title='bbox 2472 4993 2717 5067; x_wconf 75' lang='lat' dir='ltr'><strong>planius</strong></span> <span class='ocrx_word' id='word_1_717' title='bbox 2760 4987 2960 5045; x_wconf 85' lang='lat' dir='ltr'><strong>retulit</strong></span> <span class='ocrx_word' id='word_1_718' title='bbox 3007 4990 3195 5046; x_wconf 85' lang='lat' dir='ltr'><strong>Lucas</strong></span> <span class='ocrx_word' id='word_1_719' title='bbox 3228 4987 3479 5045; x_wconf 88' lang='lat' dir='ltr'><strong>dicens:</strong></span> <span class='ocrx_word' id='word_1_720' title='bbox 3540 4985 3642 5043; x_wconf 88' lang='lat' dir='ltr'><strong>Ve-</strong></span> 
     </span>
    </p>
   </div>
   <div class='ocr_carea' id='block_1_104' title="bbox 353 5140 1427 5210">
    <p class='ocr_par' dir='ltr' id='par_1_104' title="bbox 353 5140 1427 5210">
     <span class='ocr_line' id='line_1_106' title="bbox 353 5140 1427 5210; baseline 0.002 -13"><span class='ocrx_word' id='word_1_721' title='bbox 353 5141 398 5177; x_wconf 78' lang='grc'><strong>⁵¹</strong></span> <span class='ocrx_word' id='word_1_722' title='bbox 432 5140 613 5199; x_wconf 90' lang='lat' dir='ltr'><strong>Marc.</strong></span> <span class='ocrx_word' id='word_1_723' title='bbox 654 5156 776 5210; x_wconf 72' lang='lat' dir='ltr'><strong>xw,</strong></span> <span class='ocrx_word' id='word_1_724' title='bbox 808 5141 897 5200; x_wconf 90' lang='lat'><strong>33.</strong></span> <span class='ocrx_word' id='word_1_725' title='bbox 926 5143 974 5179; x_wconf 72' lang='grc' dir='ltr'><strong>δ’</strong></span> <span class='ocrx_word' id='word_1_726' title='bbox 1007 5144 1144 5201; x_wconf 89' lang='lat' dir='ltr'><strong>Luc.</strong></span> <span class='ocrx_word' id='word_1_727' title='bbox 1171 5159 1305 5209; x_wconf 71' lang='grc' dir='ltr'>χχιι,</span> <span class='ocrx_word' id='word_1_728' title='bbox 1336 5144 1427 5199; x_wconf 74' lang='grc'><strong>41.</strong></span> 
     </span>
    </p>
   </div>
   <div class='ocr_carea' id='block_1_105' title="bbox 1432 5320 2444 5394">
    <p class='ocr_par' dir='ltr' id='par_1_105' title="bbox 1432 5320 2444 5394">
     <span class='ocr_line' id='line_1_107' title="bbox 1432 5320 2444 5394; baseline -0.009 0"><span class='ocrx_word' id='word_1_729' title='bbox 1432 5330 1437 5335; x_wconf 82' lang='grc'><em>’</em></span> <span class='ocrx_word' id='word_1_730' title='bbox 1484 5320 1712 5393; x_wconf 86' lang='lat' dir='ltr'><strong>Variae</strong></span> <span class='ocrx_word' id='word_1_731' title='bbox 1760 5321 2091 5394; x_wconf 90' lang='lat' dir='ltr'><strong>lectiones</strong></span> <span class='ocrx_word' id='word_1_732' title='bbox 2135 5330 2201 5392; x_wconf 91' lang='lat' dir='ltr'><strong>et</strong></span> <span class='ocrx_word' id='word_1_733' title='bbox 2240 5328 2444 5390; x_wconf 68' lang='lat' dir='ltr'><strong>notae.</strong></span> 
     </span>
    </p>
   </div>
   <div class='ocr_carea' id='block_1_106' title="bbox 363 5484 3659 5601">
    <p class='ocr_par' dir='ltr' id='par_1_106' title="bbox 363 5484 3659 5601">
     <span class='ocr_line' id='line_1_108' title="bbox 363 5484 3659 5601; baseline -0.005 -28"><span class='ocrx_word' id='word_1_734' title='bbox 363 5513 474 5601; x_wconf 62' lang='lat'><strong>(43)</strong></span> <span class='ocrx_word' id='word_1_735' title='bbox 516 5515 653 5574; x_wconf 67' lang='lat' dir='ltr'><strong>Huic</strong></span> <span class='ocrx_word' id='word_1_736' title='bbox 691 5519 942 5601; x_wconf 75' lang='lat' dir='ltr'><strong>uterque</strong></span> <span class='ocrx_word' id='word_1_737' title='bbox 977 5514 1165 5601; x_wconf 56' lang='lat' dir='ltr'><strong>code;</strong></span> <span class='ocrx_word' id='word_1_738' title='bbox 1208 5517 1384 5601; x_wconf 71' lang='lat' dir='ltr'><strong>habet</strong></span> <span class='ocrx_word' id='word_1_739' title='bbox 1428 5516 1808 5601; x_wconf 32' lang='lat' dir='ltr'><strong>inamargine‘,</strong></span> <span class='ocrx_word' id='word_1_740' title='bbox 1855 5518 1900 5574; x_wconf 89' lang='lat' dir='ltr'><strong>A</strong></span> <span class='ocrx_word' id='word_1_741' title='bbox 2011 5517 2185 5601; x_wconf 55' lang='lat'><strong>&quot;(49)</strong></span> <span class='ocrx_word' id='word_1_742' title='bbox 2218 5492 2834 5601; x_wconf 72' lang='lat' dir='ltr'><strong>Eliamhaecuterque</strong></span> <span class='ocrx_word' id='word_1_743' title='bbox 2860 5484 3131 5569; x_wconf 70' lang='lat' dir='ltr'><strong>hebetia</strong></span> <span class='ocrx_word' id='word_1_744' title='bbox 3171 5509 3457 5581; x_wconf 77' lang='lat' dir='ltr'><strong>margine.</strong></span> <span class='ocrx_word' id='word_1_745' title='bbox 3493 5501 3659 5577; x_wconf 83' lang='lat' dir='ltr'><strong>Apud</strong></span> 
     </span>
    </p>
   </div>
   <div class='ocr_carea' id='block_1_107' title="bbox 288 5584 2771 5719">
    <p class='ocr_par' dir='ltr' id='par_1_107' title="bbox 288 5584 2771 5719">
     <span class='ocr_line' id='line_1_109' title="bbox 288 5584 2771 5719; baseline -0.002 -73"><span class='ocrx_word' id='word_1_746' title='bbox 288 5584 537 5719; x_wconf 53' lang='grc' dir='ltr'><strong>ξιὲιέἷίξὲιι</strong></span> <span class='ocrx_word' id='word_1_747' title='bbox 567 5589 749 5662; x_wconf 89' lang='lat' dir='ltr'><strong>paulo</strong></span> <span class='ocrx_word' id='word_1_748' title='bbox 774 5584 1038 5654; x_wconf 81' lang='lat' dir='ltr'><strong>inferius,</strong></span> <span class='ocrx_word' id='word_1_749' title='bbox 1068 5589 1108 5642; x_wconf 89' lang='grc' dir='ltr'><strong>Β</strong></span> <span class='ocrx_word' id='word_1_750' title='bbox 1137 5588 1253 5647; x_wconf 90' lang='lat' dir='ltr'><strong>hoc</strong></span> <span class='ocrx_word' id='word_1_751' title='bbox 1277 5588 1435 5650; x_wconf 90' lang='lat' dir='ltr'><strong>loco.</strong></span> <span class='ocrx_word' id='word_1_752' title='bbox 1475 5584 1730 5648; x_wconf 63' lang='lat' dir='ltr'><strong>CaretEo</strong></span> <span class='ocrx_word' id='word_1_753' title='bbox 1754 5584 1902 5647; x_wconf 85' lang='lat' dir='ltr'><strong>Hen-</strong></span> <span class='ocrx_word' id='word_1_754' title='bbox 2011 5584 2362 5645; x_wconf 84' lang='lat' dir='ltr'><strong>Hentenium</strong></span> <span class='ocrx_word' id='word_1_755' title='bbox 2392 5599 2513 5643; x_wconf 92' lang='lat' dir='ltr'><strong>non</strong></span> <span class='ocrx_word' id='word_1_756' title='bbox 2538 5584 2771 5655; x_wconf 75' lang='lat' dir='ltr'><strong>legitur.</strong></span> 
     </span>
    </p>
   </div>
   <div class='ocr_carea' id='block_1_108' title="bbox 581 5712 2228 5818">
    <p class='ocr_par' dir='ltr' id='par_1_108' title="bbox 581 5754 2169 5818">
     <span class='ocr_line' id='line_1_110' title="bbox 581 5754 2169 5818; baseline -0.002 -2"><span class='ocrx_word' id='word_1_757' title='bbox 581 5756 801 5816; x_wconf 59' lang='lat' dir='ltr'><strong>Parnm.</strong></span> <span class='ocrx_word' id='word_1_758' title='bbox 838 5756 943 5818; x_wconf 80' lang='lat' dir='ltr'><strong>Ga.</strong></span> <span class='ocrx_word' id='word_1_759' title='bbox 985 5754 1233 5817; x_wconf 84' lang='lat' dir='ltr'><strong>CXXIX.</strong></span> <span class='ocrx_word' id='word_1_760' title='bbox 1298 5756 1329 5795; x_wconf 73' lang='grc' dir='ltr'>ι’</span> <span class='ocrx_word' id='word_1_761' title='bbox 2164 5762 2169 5767; x_wconf 74' lang='grc'><em>’</em></span> 
     </span>
    </p>
   </div>
   <div class='ocr_carea' id='block_1_109' title="bbox 1737 5712 3384 5818">
    <p class='ocr_par' dir='ltr' id='par_1_109' title="bbox 2164 5712 3384 5807">
     <span class='ocr_line' id='line_1_111' title="bbox 2164 5712 3384 5807; baseline -0.002 -40"><span class='ocrx_word' id='word_1_762' title='bbox 2164 5762 2169 5767; x_wconf 83' lang='lat'><strong>.</strong></span> <span class='ocrx_word' id='word_1_763' title='bbox 2630 5736 2631 5739; x_wconf 49' lang='grc' dir='ltr'><strong>η</strong></span> <span class='ocrx_word' id='word_1_764' title='bbox 2930 5732 2931 5739; x_wconf 67' lang='lat'>‘</span> <span class='ocrx_word' id='word_1_765' title='bbox 3178 5728 3183 5735; x_wconf 89' lang='lat'><strong>&#39;</strong></span> <span class='ocrx_word' id='word_1_766' title='bbox 3315 5744 3384 5807; x_wconf 70' lang='lat'><strong>22</strong></span> 
     </span>
    </p>
   </div>
  </div>
