4170 6334
618 346 723 407 683
1935 338 2282 397 EUTHYMII
2318 337 2649 401 ZIGABENI

3890 354 4000 414 684

615 479 943 529 rumtamen
964 486 1081 526 non
1104 483 1234 526 mea
1254 468 1554 536 voluntas,
1578 469 1679 526 sed
1704 475 1808 527 tua
1827 470 1931 538 ﬁat
1957 471 2003 506 ⁵³
2044 470 2257 526 Marcu:

2380 492 2503 545 μου,
2560 474 2691 527 ἀλλά
2730 478 2788 527 τὸ
2841 479 2932 528 σὸν
2978 479 3200 548 γινέσθω
3251 478 3394 551 (50).
3450 483 3659 557 Μάρκος
3708 479 3773 536 δέ
3823 503 3997 555 φησιν

616 565 814 615 autem
869 558 1007 614 dicit
1063 558 1227 631 quod
1300 558 1507 614 orabat
1542 563 1620 624 ut,
1676 559 1725 613 si
1756 558 2043 630 possibile
2094 564 2268 624 esset,

2380 563 2453 614 ὅτι
2506 566 2849 636 προσηύχετο
2897 563 2979 617 ἳνα
3039 566 3168 638 (51),
3210 567 3252 620 εἰ
3298 565 3520 622 δυνατόν
3569 570 3703 637 ἐστι,
3742 573 3993 646 παρέλθῄ

614 648 891 707 transiret
950 664 987 703 a
1042 663 1103 703 se
1156 647 1319 715 hora,
1377 646 1647 703 videlicet
1698 649 1925 704 mortis.
1984 647 2052 701 Et
2114 648 2257 720 quoc'

2380 648 2467 702 ἀπ’
2516 651 2677 704 αὐτοῦ
2707 654 2737 711 ἡ
2785 655 2910 727 ὥρα,
2944 655 3123 725 ἤγουν,
3157 657 3187 714 ἠ
3218 663 3312 708 τοῦ
3344 660 3588 712 θανάτου·
3621 665 3711 714 καὶ
3746 664 3837 714 ὅτι
3874 661 3997 735 (52)

616 736 876 793 dicebat:
923 736 1091 792 Abba
1139 737 1345 804 Pater,
1386 738 1584 792 omnia
1627 736 1737 792 tibi
1776 737 2073 806 possibilia
2107 744 2267 802 sunt,

618 828 885 896 transfer
905 826 1186 895 poculum
1217 826 1320 881 hoc
1344 841 1381 882 a
1406 841 1514 891 me,
1543 827 1645 882 sed
1668 842 1785 882 non
1814 828 1973 899 quod
1990 842 2091 897 ego
2121 826 2266 893 volo,

616 917 717 973 sed
745 916 902 988 quod
945 922 1009 971 tu
1062 916 1130 969 ⁵⁸.
1156 914 1337 971 Dictio
1368 915 1535 971 Abba
1572 915 1850 971 Hebraica
1883 921 1991 981 est,
2047 915 2271 985 signiﬁ-

618 1020 761 1062 cans
787 1004 949 1060 idem
978 1004 1143 1077 quod
1173 1006 1390 1061 Pater:
1419 1004 1555 1060 ideo
1580 1020 1823 1077 quoque
1854 1020 1963 1060 sua
1987 1005 2267 1077 interpre—

619 1094 763 1151 tatio
806 1095 1085 1166 apposita
1112 1097 1217 1148 est.
1252 1092 1426 1159 Quod
1455 1098 1655 1150 autem
1686 1094 1941 1160 additur,
1990 1094 2109 1152 Sed
2147 1110 2266 1151 non

615 1183 771 1255 quod
797 1198 901 1253 ego
922 1182 1186 1249 volo,sed
1195 1182 1347 1253 quod
1368 1188 1453 1249 tu,
1474 1182 1763 1239 defectiva
1779 1183 1968 1239 oratio
1991 1187 2081 1239 est
2105 1202 2116 1242 :
2143 1184 2267 1240 Fiat

612 1287 736 1329 non
762 1271 926 1346 quod
958 1287 1069 1341 ego
1098 1271 1253 1341 volo,
1284 1270 1389 1326 sed
1413 1272 1573 1344 quod
1605 1277 1686 1327 tu.

683 1361 852 1433 Apud
900 1363 1116 1417 Lucam
1162 1375 1305 1416 vero
1351 1361 1637 1432 scriptum
1672 1366 1799 1418 est:
1850 1362 2052 1427 Pater,
2087 1361 2139 1417 si
2174 1362 2263 1418 vis

613 1451 938 1519 transferre
975 1451 1254 1519 poculum
1287 1449 1397 1506 hoc
1433 1465 1471 1507 a
1504 1466 1596 1507 me
1625 1451 1691 1486 δι’
1721 1467 1735 1518 ;
1768 1454 1825 1507 et
1873 1450 2138 1506 similiter
2179 1453 2264 1507 est

610 1537 802 1595 oratio
842 1536 1135 1595 defectiva
1189 1536 1391 1593 deﬁcit
1426 1537 1608 1605 enim,
1663 1539 1955 1595 Transfer.
1992 1540 2061 1595 Ut
2086 1538 2262 1596 homo

610 1631 811 1683 autem
841 1625 1098 1695 dicebat,
1130 1626 1199 1683 Si
1233 1626 1510 1697 possibile
1534 1633 1637 1694 est,
1671 1628 1786 1684 hoc
1815 1631 1923 1692 est,
1970 1626 2261 1694 Quatenus

608 1713 735 1771 ﬁeri
764 1718 959 1786 potest
986 1732 999 1781 ;
1029 1714 1369 1772 humanum
1414 1720 1506 1772 est
1533 1717 1692 1773 enim
1735 1716 1941 1773 timere
1973 1717 2077 1788 (ii).
2113 1716 2265 1773 Veri-

2376 740 2558 811 ἕλειγεν,
2611 741 2775 793 Ἀϐϐά
2828 744 2853 793 ὁ
2916 748 3118 818 Πατὴρ,
3180 748 3351 798 πάντα
3399 744 3600 801 δυνατά
3650 769 3755 802 σοι·
3822 758 3997 824 παρέ-

2376 848 2521 900 νεγκε
2594 834 2653 883 τὸ
2717 836 2965 905 ποτήριον
3036 831 3122 886 ἀπ’
3195 835 3320 908 ἐμοῦ
3390 845 3560 892 τοῦτο·
3632 837 3740 891 ἀλλ’
3811 842 3874 892 οὗ
3944 848 3995 894 τί

2376 916 2479 989 ἐγὼ
2529 918 2673 985 θελω,
2728 919 2855 973 ἀλλὰ
2901 926 2951 974 τί
2997 927 3085 978 σύ.
3135 928 3204 977 Τὸ
3257 929 3347 997 μὲν
3399 946 3487 980 ουν
3531 927 3709 996 Ἀϐϐἁ,
3754 929 3985 1005 ἐϐραίκὲ

2374 1005 2508 1069 λέξις
2550 1007 2683 1075 ἐστὶ,
2728 1017 2980 1082 σημαῖνον
3036 1015 3093 1064 τὸ
3139 1011 3198 1066 Ὀ
3248 1020 3446 1090 Πατήρ·
3487 1013 3573 1069 διὸ
3612 1023 3702 1071 καὶ
3731 1021 3762 1077 ἡ
3809 1019 3985 1093 ἑρμη-

2372 1100 2481 1149 νεία
2530 1100 2716 1150 τούτου
2769 1103 3083 1175 χροσετέθη.
3138 1105 3209 1155 Τό
3273 1100 3351 1168 δὲ,
3415 1105 3491 1157 Οὐ
3546 1111 3598 1159 τί
3651 1106 3752 1180 ἐγὼ
3830 1109 3987 1179 θέλω,

2374 1184 2501 1238 ἀλλὰ
2572 1192 2623 1239 τί
2697 1192 2786 1255 σὺ,
2867 1188 3044 1249 ἐλλιπῆ
3130 1195 3286 1250 εἰσιν.
3382 1193 3625 1249 Ἑλλείπει
3708 1199 3816 1271 γάρ
3902 1204 3981 1266 τό,

2373 1277 2623 1332 Γινέσθω.
2678 1275 2832 1330 Ἐστι
2882 1281 2983 1351 γὰρ
3029 1282 3087 1332 τὸ
3132 1281 3340 1356 πλῆρες,
3386 1282 3466 1335 ὃτι
3510 1286 3753 1355 Γινέσθω,
3804 1286 3920 1359 οὐχ
3962 1292 3985 1341 5

2371 1362 2469 1435 ἐγὼ
2498 1365 2642 1431 θέλω,
2676 1364 2782 1418 ἀλλ’
2816 1369 2842 1419 δ
2875 1371 2961 1423 σύ.

2443 1458 2594 1527 Παρὰ
2650 1451 2711 1507 δὲ
2763 1464 2835 1526 τῷ
2882 1463 3065 1529 Λουκᾴ
3123 1462 3435 1532 γέγραπται·
3494 1464 3685 1537 Πάτερ,
3745 1464 3791 1517 εἰ
3854 1464 3986 1538 βού-

2369 1540 2443 1594 λει
2525 1552 2854 1619 παρενεγκεῖν
2937 1549 2997 1598 τὸ
3077 1552 3327 1623 ποτήριον
3410 1555 3563 1604 τοῦτό
3648 1552 3737 1604 ἀπ’
3828 1553 3982 1629 ἐμοῦ.

2374 1636 2475 1684 Καὶ
2525 1634 2640 1685 ἔστι
2709 1638 2799 1686 καὶ
2870 1642 3023 1688 τοῦτο
3099 1635 3314 1701 ἐλλιπές.
3395 1636 3637 1694 Ἐλλείπει
3707 1645 3814 1715 γὰρ
3899 1650 3980 1712 τὸ,

2372 1724 2676 1795 Παρένεγκε.
2758 1723 2818 1775 Ὠ
2889 1726 3158 1797 ἄνθρωπος
3236 1723 3295 1779 δ”ε
3373 1724 3528 1783 εἶπεν.
3604 1729 3662 1785 Εἰ
3747 1729 3985 1788 δυνατὸν

609 1802 803 1860 simile
827 1808 919 1859 est
946 1807 1150 1861 autem
1179 1805 1382 1860 omnia
1411 1821 1518 1877 per
1546 1810 1747 1877 partes
1771 1805 1933 1863 dicta
1962 1822 2117 1863 esse.
2164 1808 2257 1863 So-

2373 1808 2531 1877 ἐστιν,
2583 1810 2696 1864 ἀντὶ
2726 1819 2838 1879 τοῦ,
2894 1812 2936 1865 εἰ
2966 1811 3329 1887 ἐνδεχόμενον,
3373 1816 3721 1893 Ἀνθρώπινον
3766 1825 3877 1895 γὰρ
3925 1828 3982 1876 τὸ

607 1890 803 1951 lemus
833 1891 994 1948 enim
1021 1893 1081 1948 in
1121 1893 1564 1965 precationibus
1611 1910 1800 1951 unum
1826 1900 1883 1951 et
1912 1895 2073 1951 idem
2103 1895 2262 1951 vario

611 1980 797 2037 modo
827 1980 1042 2037 dicere.

682 2220 848 2278 Vers.
876 2223 963 2277 40.
1004 2221 1084 2277 Et
1107 2228 1263 2280 venit
1292 2255 1361 2262 —
1390 2223 1515 2281 sic?
1550 2223 1648 2281 Sic
1670 2238 1776 2295 per
1800 2223 2052 2282 modum
2088 2225 2262 2281 inter-

610 2310 935 2381 rogationis
997 2310 1315 2383 legendum
1344 2318 1432 2369 est
1494 2312 1724 2384 pudore
1761 2328 2019 2385 namque
2067 2314 2262 2371 affecit

609 2415 770 2457 eum.
811 2400 984 2473 Atqui
1023 2400 1200 2457 etiam
1246 2401 1343 2455 alii
1373 2400 1774 2457 dormiebant.
1808 2402 1918 2458 Sed
1960 2402 2122 2460 hunc
2167 2420 2258 2459 ve-

608 2487 942 2545 hementius
959 2488 1297 2560 objurgavit
1317 2493 1605 2561 tanquam
1629 2490 1823 2561 magis
1856 2493 2256 2563 temerarium,

606 2577 807 2634 dicens
841 2592 853 2633 :
890 2576 981 2634 Sic
1012 2584 1065 2633 te
1095 2576 1428 2650 promisisti
1460 2577 1759 2636 facturum
1786 2580 1813 2634 ?

676 2669 911 2722 VersJLO
926 2667 1055 2722 Non
1076 2698 1145 2707 —
1164 2682 1388 2723 mecum
1414 2668 1442 2724 ?
1462 2670 1688 2723 Mecum
1704 2669 1858 2724 mori
1880 2670 2253 2742 promisistis,

604 2759 663 2815 et
688 2768 805 2810 n0n
832 2755 1105 2825 potuistis
1130 2771 1253 2810 una
1272 2755 1421 2811 hora
1446 2755 1693 2825 vigilare
1725 2774 1959 2814 mecum
1980 2761 2008 2813 φ
2032 2764 2256 2817 Marcus

604 2834 805 2899 autem
836 2841 917 2898 ait
947 2841 1167 2897 dixisse
1197 2844 1364 2898 Petro
1389 2860 1402 2898 :
1447 2844 1668 2914 Simon,
1699 2847 1921 2903 dormis
1943 2847 1971 2902 ?
1998 2850 2130 2905 Non
2158 2867 2258 2920 po-

605 2929 775 2987 tuisti
795 2945 915 2985 una
931 2930 1074 2987 hora
1096 2931 1334 3002 vigilare
1350 2934 1397 2967 55
1416 2931 1444 2987 ?
1463 2933 1766 3007 Praecipue
1798 2937 1959 2993 enim
1980 2939 2057 2994 ad
2087 2939 2255 2997 illum

601 3016 814 3075 direxit
840 3033 1200 3085 sermonem,
1232 3018 1452 3076 deinde
1484 3021 1665 3078 etiam
1696 3023 1775 3078 ad
1806 3024 1975 3081 alios.

672 3108 830 3162 Vers.
896 3110 986 3163 41.
1050 3109 1290 3180 Vigilate
1324 3142 1390 3151 —
1451 3115 1846 3169 tentationem.
1899 3118 2024 3171 Non
2081 3116 2252 3174 vobis

598 3194 743 3268 ipsis
774 3196 1107 3263 conﬁdatis,
1138 3213 1334 3271 neque
1366 3216 1592 3271 magna
1621 3203 1998 3273 promittatis,
2034 3207 2139 3261 sed
2172 3212 2254 3262 at-

597 3285 809 3341 tendite
835 3290 891 3341 et
915 3291 1077 3342 orate
1108 3302 1182 3342 ne
1206 3288 1432 3344 intretis
1460 3290 1519 3345 in
1553 3292 1960 3350 tentationem.
1994 3294 2253 3362 Quidam

596 3388 739 3431 vero
808 3375 1198 3434 tentationem
1265 3378 1730 3451 interpretantur
1782 3383 1878 3439 hic
1930 3385 2005 3440 de
2036 3457 2041 3463 ⁸
2072 3401 2254 3458 nega-

598 3459 778 3519 tione.

672 3692 831 3749 Vers.
886 3693 975 3751 41.
1030 3695 1283 3766 Spiritus
1329 3698 1558 3769 quidem
1606 3731 1674 3742 —
1726 3699 1989 3772 inﬁma.
2049 3708 2253 3768 Anima

600 3782 847 3855 quidem
877 3791 1158 3858 prompta
1208 3790 1296 3843 est
1341 3792 1397 3845 et
1444 3789 1732 3848 audenter
1760 3795 1988 3852 accedit
2025 3799 2252 3869 pericu-

599 3869 726 3927 lum
752 3885 776 3940 ,'
803 3888 943 3930 caro
987 3890 1133 3932 vero
1178 3891 1315 3932 cum
1366 3876 1607 3935 inﬁrma
1659 3881 1750 3950 sit,
1807 3881 2110 3953 formidat,
2145 3904 2253 3945 nec

597 3961 749 4018 adeo
778 3967 1061 4019 constans
1099 3970 1191 4020 est
1218 3979 1232 4029 ;
1270 3964 1406 4021 ideo
1437 3969 1710 4024 convenit
1738 3986 1812 4027 ne
1842 3976 2251 4045 promptitudi-

595 4064 735 4106 nem
784 4052 1001 4106 animae
1041 4051 1408 4107 attendentes
1462 4054 1840 4127 insolescant,
1893 4063 1998 4118 sed
2057 4068 2251 4123 carnis

596 4136 1003 4194 inﬁrmitatem
1035 4138 1409 4195 advertentes
1442 4142 1692 4199 modesti
1724 4147 1858 4202 sint.

667 4226 828 4279 Vers.
860 4224 952 4282 42.
984 4226 1208 4281 Rursus
1234 4257 1301 4267 -—
1326 4230 1598 4286 voluntas
1630 4237 1753 4290 tua.
1786 4236 2017 4295 Marcus
2049 4247 2247 4302 autem

598 4312 837 4383 scripsit
865 4314 1025 4385 quod
1056 4314 1337 4372 eumdem
1382 4317 1593 4376 dixerit
1625 4337 1963 4384 sermonem
2000 4332 2067 4387 ³⁸.
2098 4335 2250 4392 Veri-

598 4400 790 4457 simile
816 4406 904 4458 est
929 4418 1070 4475 ergo
1102 4408 1159 4460 et
1182 4405 1343 4462 hunc
1372 4417 1428 4464 et
1458 4408 1623 4466 illum
1654 4411 1889 4472 dixisse.

669 4491 832 4546 Vers.
866 4495 954 4549 43.
982 4494 1061 4549 Et
1093 4496 1244 4550 venit
1273 4528 1343 4537 —
1379 4501 1637 4569 gravati.
1669 4504 2084 4568 Gravabantur
2126 4531 2247 4572 non

598 4584 832 4637 tantum
850 4598 1084 4651 somno,
1110 4584 1213 4639 sed
1230 4590 1285 4641 et
1311 4602 1583 4655 maerore,
1616 4589 1765 4649 sicut
1785 4594 1932 4652 dixit
1957 4599 2145 4658 Lucas
2177 4606 2245 4659 ⁵⁷.

594 4669 727 4725 Jam
771 4671 924 4727 enim
970 4673 1247 4730 certiores
1289 4674 1425 4733 facti
1469 4686 1639 4737 erant
1668 4683 1743 4739 de
1796 4695 1983 4744 morte
2035 4692 2245 4765 ipsius.

595 4758 828 4851 Marcus
852 4776 994 4818 vero
1026 4762 1206 4824 dixit:
1242 4765 1317 4822 Et
1338 4769 1675 4828 nesciebant
1695 4774 1841 4845 quid
1868 4779 1924 4834 ei
1942 4758 2249 4851 responde-

595 4854 732 4906 rent
762 4850 834 4907 ⁸⁸.

2373 1896 2690 1963 indotatas
2739 1902 2879 1973 (53).
2940 1900 3026 1964 Ὠς
3077 1907 3179 1975 γὰρ
3234 1909 3364 1967 Θεὸς
3408 1905 3681 1979 ἐγίνωσκεν
3722 1913 3828 1963 εἴτε
3880 1910 3983 1965 δυ-

2370 1991 2521 2040 νατὸν
2553 1985 2635 2056 ἦν,
2668 1992 2762 2042 εἴτε
2802 1987 3079 2049 ἀδύνανον.
3120 1993 3273 2056 Εἰκὸς
3304 1991 3381 2066 δε,
3413 1998 3584 2049 πάντα
3619 1997 3853 2072 ῥηθῆναι
3886 2001 3983 2055 ἆνὰ

2370 2080 2543 2150 μέρος.
2591 2078 2855 2152 Εἰώθαμεν
2893 2084 2994 2156 γὰρ
3025 2079 3074 2134 έν
3103 2089 3219 2144 ταῖς
3264 2093 3590 2159 προσευχαῖς
3622 2083 3894 2163 διαφόρως
3921 2098 3980 2145 τὸ

2371 2165 2497 2217 αὐτὸ
2528 2165 2709 2238 λέγειν.

2443 2259 2543 2308 Καὶ
2599 2258 2813 2328 ἔρχεται
2870 2289 2936 2299 -
2995 2260 3155 2320 οὕτως
3201 2276 3214 2327 ;
3272 2263 3341 2313 Τὸ
3408 2260 3609 2331 οὓτως;
3664 2267 3782 2318 κατ’
3851 2267 3977 2343 ἐρώ-

2366 2362 2521 2401 τησιν
2599 2346 2789 2404 ἠθικὴν
2862 2346 3235 2419 ἀνα-γνωστέον.
3298 2350 3563 2426 Ἐνέτρεψε
3620 2356 3722 2430 γὰρ
3796 2357 3973 2426 αὐτόν,

2366 2437 2539 2485 καίτοι
2609 2438 2697 2485 καὶ
2746 2444 2864 2487 ιτῶν
2928 2436 3091 2489 ἄλλων
3151 2434 3532 2492 καθευδόντων·
3598 2441 3725 2496 ἀλλὰ
3786 2451 3975 2502 τούτου

2367 2518 2712 2595 διαφερόντως
2784 2524 3083 2597 καθήψατο,
3155 2530 3229 2590 ὡς
3295 2535 3728 2607 προπετεστέρου,
3790 2533 3972 2608 λέγων·

2367 2612 2546 2673 Οὕτως
2584 2614 2825 2685 ὑπέσχου
2852 2630 2865 2681 ;

2439 2701 2553 2753 Οὐκ
2605 2732 2675 2743 -
2731 2704 2842 2775 μετ’
2888 2704 3178 2776 έμοῦςΣὺν
3225 2708 3340 2779 ἐμοὶ
3387 2705 3656 2762 ἀποθανεῖν
3709 2709 3972 2784 ἕπηηεί-

2365 2788 2546 2860 λασθε,
2623 2795 2711 2844 καὶ
2777 2792 2870 2844 οὐκ
2932 2793 3194 2865 ἰσχύσατε
3262 2800 3385 2867 μίαν
3445 2800 3573 2869 ὥραν
3620 2808 3973 2872 γρηγορῆσαί

2365 2880 2477 2952 μετ’
2532 2879 2690 2952 έμοῡς
2719 2884 2929 2954 Μάρκος
2981 2879 3040 2934 δε
3091 2903 3270 2956 φησιν,
3332 2887 3413 2938 ὅτι
3450 2885 3575 2958 λέγει
3624 2894 3691 2958 τῷ
3736 2893 3945 2963 Πέτρῳ·

2366 2973 2552 3040 Σίμων,
2612 2967 2923 3036 καθεύδειςς
2984 2972 3094 3024 Οὐκ
3150 2976 3391 3045 ἴσχυσας
3457 2980 3584 3047 μίαν
3637 2977 3766 3049 ὥραν
3816 2998 3967 3052 γρη-

2293 3066 2628 3131 ργορῆσαις
2672 3063 3078 3132 Προηγόυμένως
3121 3064 3212 3134 μὲν
3264 3065 3364 3139 γὰρ
3414 3068 3547 3137 πρὸς
3598 3062 3781 3117 ἐκεῖνον
3838 3064 3968 3122 ἀπε-

2362 3150 2584 3216 τείνατο,
2613 3143 2724 3201 εἶτα
2753 3152 2841 3200 καὶ
2871 3153 3001 3223 πρὸς
3034 3154 3154 3213 τοὺς
3183 3150 3388 3214 ἄλλους.

2436 3241 2741 3309 Γρηγορεῖτε
2792 3268 2863 3278 -
2919 3243 3227 3312 πειρασμόν.
3292 3244 3378 3299 Μὴ
3441 3240 3675 3316 θαρῥεῖτε
3740 3243 3963 3313 ἑαυτοῖς,

2363 3324 2502 3396 μηδὲ
2583 3324 2954 3397 έπαγγέλλεσθε
3029 3328 3249 3399 μεγάλα,
3318 3328 3445 3382 ἀλλὰ
3509 3335 3800 3404 προσέχετε
3875 3338 3966 3385 καὶ

2362 3416 2727 3488 προσεύχεσθε
2789 3419 2860 3487 μὴ
2921 3415 3163 3470 εἰσελθεῖν
3215 3417 3289 3479 εἰς
3336 3424 3649 3492 πειρασμὸν.
3704 3424 3851 3483 Τινὲς
3907 3419 3968 3476 δε

2363 3508 2653 3577 πειρασμόν
2692 3502 2910 3558 ἐνταῦθα
2937 3508 3026 3559 τὸν
3056 3514 3145 3568 τῆς
3172 3505 3433 3581 ἀρνήσεως
3466 3508 3830 3583 ἑρμηνεύουσε.

2431 3726 2501 3775 Τὸ
2526 3724 2616 3795 μὲν
2648 3731 2847 3798 πνεῦμα
2872 3757 2940 3767 -
2968 3727 3205 3791 ἀσθενής.
3238 3726 3297 3783 Ἢ
3322 3732 3412 3803 μεν
3432 3730 3585 3804 ψυχὴ
3618 3735 3967 3807 προθυμεῖται

2360 3816 2451 3865 καὶ
2507 3813 2810 3886 κατατολμᾷ
2856 3822 2948 3868 τοῦ
3002 3814 3267 3872 κινδύνου·
3329 3821 3359 3879 ἡ
3428 3817 3488 3873 δὲ
3540 3821 3693 3897 σὰρξ,
3744 3822 3970 3887 ἀσθενὴς

2361 3899 2514 3956 οὖσα.
2547 3903 2914 3957 ὑποστέλλεται
2948 3911 3037 3958 καὶ
3069 3906 3161 3958 οὐκ
3189 3908 3397 3961 εὐτονεί·
3447 3905 3532 3963 διὸ
3568 3918 3831 3986 προσήκει
3866 3921 3964 3987 μὴ,

2359 3994 2486 4065 πρὸς
2532 3996 2625 4051 τὴν
2688 4002 2783 4055 τῆς
2819 3992 3002 4065 ψυχῆς
3058 3998 3354 4071 προθυμίαν
3411 3996 3712 4073 βλέποντας,
3767 4004 3968 4077 θρασύ-

2358 4082 2560 4151 νεσθαι,
2603 4080 2748 4153 ἀλλὰ,
2786 4085 2912 4158 πρὸς
2939 4088 3033 4143 τὴν
3068 4092 3162 4147 τῆς
3194 4089 3384 4162 σαρκὸς
3415 4085 3679 4142 ἀσθένειαν
3710 4091 3965 4164 ὁρῶντας,

2358 4177 2756 4243 μετριοφρονεῖν.

2431 4257 2590 4310 Πάλιν
2640 4288 2711 4299 —-
2771 4258 2968 4333 θέλημά
3023 4280 3138 4317 σου.
3204 4260 3263 4316 Ὁ
3322 4260 3380 4318 δε
3440 4269 3655 4340 Μάρκος
3715 4270 3963 4344 ἔγραψεν,

2359 4348 2439 4398 ὅτι
2486 4350 2572 4398 τὸν
2626 4346 2781 4401 αὐτ-ἐν
2823 4348 2973 4423 λόγον
3020 4348 3175 4419 εἶπεν,
3226 4354 3280 4406 ὄν
3345 4359 3436 4408 καὶ
3488 4360 3759 4432 πρότερον.
3816 4361 3969 4421 Εἰκὸς

2283 4426 2329 4481 D
2362 4430 2420 4489 δὲ
2456 4440 2546 4488 καὶ
2577 4434 2782 4504 ἐκεῖνον,
2815 4444 2905 4493 καὶ
2934 4448 3115 4494 τοῦτον
3142 4442 3321 4509 ἐίπείν.

2433 4528 2533 4577 Καὶ
2607 4525 2762 4579 ἐλθὼν
2842 4559 2910 4570 -
2983 4528 3352 4605 βεϐαρημένοι.
3410 4532 3699 4607 Βεϐοὲρηντο
3757 4536 3815 4590 οὗ
3893 4547 3963 4608 τῷ

2358 4612 2500 4686 ὕπνῳ
2547 4619 2719 4687 μόνον,
2772 4615 2902 4670 ἀλλὰ
2951 4622 3039 4672 καὶ
3074 4627 3137 4693 τῇ
3178 4619 3339 4693 λύπῃ,
3379 4624 3547 4684 καθὼς
3581 4621 3690 4679 εἶπε
3731 4631 3954 4687 Λουκᾶς.

2356 4700 2499 4762 Ἤδη
2549 4705 2649 4780 γὰρ
2699 4704 3199 4782 έπληροφορήθησαν
3233 4715 3349 4784 περὶ
3388 4718 3479 4764 τοῦ
3513 4714 3734 4766 θανάτου
3765 4713 3957 4770 αὐτοῦ.

2355 4791 2414 4845 '0
2465 4789 2524 4846 δὲ
2576 4796 2787 4869 Μάρκος
2838 4794 2974 4851 εἶπεν
3024 4800 3106 4852 ὅτι
3155 4803 3255 4853 Καὶ
3304 4799 3400 4855 οὐκ
3441 4792 3684 4876 ᾔδεισαν,
3734 4808 3787 4857 τί
3826 4803 3969 4874 αὐτῷ

2361 4881 2527 4959 ἁποκρ
2538 4886 2737 4943 ιθῶσιν.

662 4999 710 5034 ss
742 5003 905 5074 Luc,
952 5020 1090 5072 xm,
1121 5006 1212 5062 42.
1270 5007 1319 5045 “
1349 5010 1521 5066 Marc.
1578 5028 1695 5082 xw,
1743 5020 1830 5073 35.
1891 5021 1959 5057 ⁵⁸·
2016 5026 2154 5086 Luc.
2189 5045 2257 5088 xx

718 5088 765 5112 η
796 5092 944 5112 ιι---
1007 5108 1097 5112 --μ
1170 5097 1229 5112 Ἀ

2383 5035 2471 5090 42.
2534 5036 2581 5073 ⁵⁵
2622 5039 2791 5094 Marc.
2854 5036 2939 5106 14,
2991 5040 3081 5098 37.
3122 5040 3171 5077 "
3227 5040 3493 5112 lbid.39,
3543 5044 3591 5081 ⁸⁷
3648 5042 3790 5104 Luc.
3823 5061 3965 5105 nn.

592 5086 683 5144 45.
718 5088 765 5125 ⁸⁸
795 5092 969 5150 Marc.
1006 5108 1118 5166 xiv,
1161 5097 1250 5152 4ο.

1825 5256 2040 5329 Variae
2086 5263 2419 5339 lectiones
2471 5280 2536 5339 et
2583 5279 2787 5341 nota.

664 5372 780 5446 (50)
812 5378 1059 5446 Γενέσθω.
1091 5382 1234 5439 Cod.
1267 5386 1334 5442 Α.

661 5444 771 5515 (751)
799 5444 912 5500 Ἵνα
940 5453 1153 5509 omittit
1186 5456 1320 5511 cod.
1362 5460 1427 5515 A.

663 5448 742 5501 (51
799 5446 912 5500 Ἵνα
940 5453 1153 5509 omittit
1186 5456 1320 5511 cod.
1362 5460 1427 5515 A.

663 5446 777 5589 (emi
806 5516 927 5571 Ὀτι
955 5524 1172 5581 omittit
1201 5526 1336 5583 00d.
1368 5535 1434 5587 Α.

2430 5415 2550 5485 (53)
2603 5415 2994 5545 Freqluentius
3049 5416 3262 5491 legitur
3313 5414 3621 5484 ἐνδοιάζειν.
3680 5421 3797 5480 Sed
3851 5422 3972 5482 hoc

2430 5501 2603 5545 ioaue
2637 5502 2746 5545 nro
2792 5501 2912 5545 um.

2358 5500 2603 5560 quoque
2637 5500 2912 5561 pronum.

667 5688 755 5769 (ii)
793 5691 1043 5755 Timere.
1066 5696 1361 5762 Dubitare.
1398 5707 1468 5768 Ut
1497 5711 1650 5769 Deus
1683 5716 1865 5788 enim,
1892 5727 2067 5782 norat
2097 5731 2289 5787 utrum
2319 5730 2446 5792 ﬁeri
2484 5740 2689 5811 posset
2716 5752 2925 5799 necne.
