4170 6334
207 349 317 413 688

281 497 383 545 Καὶ
439 492 584 566 ἀφεὶς
642 521 700 535 —-
761 495 934 549 εἰπών.
999 492 1086 550 Ἐκ
1141 493 1384 570 δευτέρου
1445 498 1556 567 μεν,
1611 499 1700 548 καὶ
1758 493 1888 548 ὶκΑ

207 585 388 654 τρίτου
446 582 803 656 προσηύξατο,
871 580 1146 636 διδάσκων
1216 585 1294 637 ὅτι
1377 587 1485 655 χρὴ
1564 584 1813 647 πολλάκις

207 672 600 743 προσεύχεσθα,
656 677 744 724 καὶ
778 678 850 744 μὴ
906 672 1239 745 ἀποκάμνειν.
1291 672 1448 725 Ἦλθε
1485 669 1543 724 δὲ
1583 677 1640 725 τὸ
1695 670 1810 726 δεύ-

206 777 352 830 τερον
397 762 521 830 πρὸς
611 765 728 823 τούς
814 763 1071 833 μαθητὰς,
1133 762 1358 833 ἐλέγχων
1414 765 1500 818 τὴν
1546 760 1810 815 ἀσθένειαν

205 846 394 913 αὐτῶν,
439 850 505 909 ὡς
536 845 677 921 μηδε
728 853 858 922 μετά
912 855 1006 908 τήν
1059 849 1360 922 ἐπιτίμησιν
1409 848 1806 922 βελτιωθέντων,

201 934 334 986 ἀλλά
397 941 487 988 καὶ
554 946 804 990 τοσοῦτον
871 937 1294 1011 βεϐαπτισμένων
1350 948 1421 1010 τῷ
1478 939 1640 1010 ὕπνῳ,
1688 941 1809 992 ὅσον

193 1021 344 1096 μηδὶ
401 1021 665 1079 δύνασθαι
697 1025 1042 1100 ἀποκριθῆναι
1075 1029 1234 1099 αύτῷ.
1287 1030 1372 1080 Διὸ
1405 1025 1527 1080 οὐδὲ
1569 1027 1808 1100 καθήψα-

195 1132 262 1165 το
291 1113 459 1166 αύτῶν
486 1123 796 1172 τηνικαῦτα.

278 1208 487 1265 Λουκᾶς
536 1202 594 1256 ὀὶ
648 1204 959 1280 πλατύτερον
1015 1204 1121 1259 εἶπε
1175 1210 1259 1258 καὶ
1319 1208 1399 1258 ὅτι
1452 1205 1624 1278 Ὠφθη
1670 1206 1808 1278 αύτῷ

199 1291 426 1363 ἄγγελος
511 1291 598 1345 ἀπ’
684 1293 903 1369 ούρανοῦ
1001 1293 1258 1366 ἐνισχύων
1352 1293 1527 1358 αύτον,
1623 1299 1804 1367 ἤγουν,

197 1380 416 1451 ἰσχύειν
479 1387 568 1433 καὶ
635 1385 1019 1457 κραταιοῦσθαι
1072 1383 1528 1456 ἐπιφθεγγόμενος,
1587 1387 1655 1446 ὡς
1721 1383 1806 1435 ἀν-

197 1471 432 1539 Θρωπῳ·
492 1475 583 1522 καὶ
637 1472 735 1536 ὅτι,
796 1477 885 1523 καὶ
939 1476 1205 1543 γενόμενος
1251 1473 1299 1524 ὲν
1350 1471 1564 1545 ἀγωνίᾳ,
1621 1472 1806 1526 ἐκτενέ-

196 1577 386 1630 στερον
457 1562 838 1633 προσηύχετο·
895 1557 1159 1612 παιδεύων
1214 1563 1368 1630 ἡμᾶς,
1437 1560 1484 1613 έν
1561 1559 1807 1631 ἀνάγκαις

197 1645 550 1718 ἐκτενέστερον
640 1651 1078 1721 προσεύχεσθαιο

1167 1655 1256 1702 καὶ
1323 1650 1399 1701 ὅτι
1478 1649 1704 1721 Ἐγένετο
1780 1651 1805 1700 ό

1212 357 1560 419 COMMENT
1601 359 1668 419 IN
1708 360 2150 425 MATTH/EUM.
2192 399 2262 410 —
2299 367 2454 422 CAP.
2499 361 2692 423 XXVI.

3467 365 3574 424 686

1993 493 2152 549 Vers.
2183 487 2272 548 44.
2316 493 2389 548 Ει
2419 493 2647 548 relictis
2669 522 2735 536 -
2775 495 2992 551 dicens.
3042 493 3315 551 Secundo
3345 496 3400 548 et
3451 497 3566 549 ter-

1922 581 2000 638 tio
2053 582 2260 645 oravit,
2307 581 2531 636 docens
2568 582 2733 653 quod
2778 584 2991 653 saepius
3047 599 3216 639 orare
3275 585 3568 654 oporteat,

1921 673 1976 725 et
2001 685 2124 726 non
2155 669 2490 738 defatigari.
2516 670 2684 726 Venit
2702 678 2901 727 autem
2925 671 3185 727 secundo
3207 670 3285 726 ad
3316 669 3566 742 discipu-

1920 757 2029 826 los,
2059 760 2415 813 convincens
2437 757 2840 814 inﬁrmitatem
2874 760 3127 825 illorum,
3158 759 3260 832 qui
3287 763 3421 832 post
3445 774 3572 814 cor-

1919 846 2249 918 reptionem
2285 846 2553 902 meliores
2591 847 2801 902 redditi
2834 864 2954 902 non
2984 849 3259 911 fuissent,
3285 847 3388 903 sed
3416 847 3569 903 adeo

1920 950 2134 990 somno
2159 935 2416 990 demersi
2447 940 2662 1000 essent,
2691 941 2750 990 ut
2772 952 2964 1008 neque
2986 938 3348 1009 respondere
3370 935 3420 991 ei
3438 939 3570 1008 pes-

1919 1029 2048 1079 sent
2077 1040 2090 1089 ;
2122 1024 2255 1081 ideo
2287 1030 2422 1081 tunc
2452 1040 2574 1080 non
2613 1025 2953 1096 objurgavit
2983 1041 3103 1091 eos,

1990 1199 2177 1255 Lucas
2223 1204 2423 1256 autem
2480 1199 2664 1256 latius
2700 1199 2866 1265 dixit,
2922 1199 3089 1271 quod
3147 1201 3426 1269 apparuit
3477 1199 3574 1255 illi

1917 1288 2161 1358 angelus
2191 1289 2256 1344 de
2283 1290 2416 1345 caelo
2442 1289 2785 1359 confortans
2806 1306 2930 1346 eum
2954 1290 3002 1324 5’
3032 1305 3044 1356 ;
3070 1289 3275 1344 dicens
3304 1287 3577 1344 videlicet

1917 1378 1969 1432 ei
1990 1382 2277 1450 tanquam
2300 1377 2523 1434 homini
2549 1384 2608 1434 ut
2630 1377 3059 1434 confortaretur
3087 1395 3155 1433 ac
3180 1379 3572 1434 roboraretur.

1918 1465 2209 1537 Quodque
2241 1466 2425 1521 factus
2460 1467 2522 1521 in
2558 1467 2798 1536 agonia,
2848 1466 2962 1521 hoc
2994 1470 3082 1521 est
3133 1482 3356 1536 angore
3387 1481 3578 1521 corre-

1916 1558 2072 1624 ptus,
2115 1555 2504 1624 protendebat
2545 1555 2917 1623 orationem;
2950 1555 3176 1610 docens
3212 1571 3345 1619 nos,
3397 1560 3460 1610 ut
3512 1555 3572 1608 in

1916 1643 2368 1697 necessitatibus
2419 1644 2748 1698 orationem
2801 1643 3246 1713 protendamus.
3305 1646 3367 1697 Et
3410 1642 3574 1715 quod

203 1731 372 1808 ἱδρὼς
441 1736 601 1787 αὐτοῦ
670 1739 794 1788 ὡσεὶ
863 1736 1081 1811 θρόμϐοι
1138 1740 1353 1810 αἵματος
1413 1738 1806 1800 καταϐαίνοντες

1933 1731 2115 1786 l'actus
2161 1738 2242 1786 est
2271 1733 2460 1786 sudor
2487 1734 2613 1800 ejus
2652 1739 2797 1786 stcut
2826 1733 3022 1800 grumi
3048 1732 3358 1802 sanguinis
3388 1732 3575 1787 decur

203 1821 287 1874 ἐπὶ
339 1827 428 1881 τήν
474 1832 592 1895 γῆν.
651 1823 879 1898 Θρόμϐοι
936 1826 1054 1898 (54)
1106 1823 1164 1878 δὲ
1214 1829 1428 1898 αἵματος
1471 1829 1518 1878 οἱ
1565 1831 1807 1898 παχύτα-

207 1931 298 1963 τοι
360 1911 649 1985 σταλαγμοί
704 1921 796 1966 τοῦ
845 1915 1084 1985 αἳματος,
1135 1921 1297 1968 Τοῦτο
1352 1912 1410 1968 δὲ
1459 1912 1582 1982 εἶπε,
1637 1913 1806 1973 δηλῶν

202 2000 317 2072 οὐχ
351 2003 432 2052 ὅτι
461 2002 586 2074 αἷμα
628 1999 872 2075 ἵδρωσεν,
927 2002 1032 2054 ἀλλ’
1071 2005 1150 2055 ὅτι
1205 2004 1316 2075 (55)
1348 2012 1541 2075 παχεῖς
1587 2015 1807 2076 κατῆγεν

206 2086 441 2162 ἱδρῶτας
494 2091 724 2152 ὑπὸτῆς
777 2089 1022 2162 ἀγωνίας.
1067 2091 1177 2144 Ἵνα
1217 2095 1317 2165 γὰρ
1371 2097 1442 2164 μὴ
1505 2090 1631 2165 δόξῃ
1684 2095 1810 2145 ύπό-

201 2197 388 2249 κρισις
445 2182 500 2230 τό
541 2184 824 2251 γινόμενον,
884 2180 977 2231 ούκ
1035 2179 1119 2232 ἐπὶ
1177 2189 1264 2233 τοῦ
1318 2187 1599 2253 προσώπου
1657 2184 1808 2253 μόνον

205 2264 526 2319 ἐνδείκνυται
583 2273 677 2326 τὴν
733 2268 921 2334 λύπην,
969 2267 1097 2320 ἀλλά
1153 2275 1242 2321 καὶ
1300 2275 1642 2344 φανερώτερον
1699 2269 1810 2332 ἐξα-

202 2357 408 2428 γορεύει
469 2359 686 2422 ταύτην,
755 2361 845 2408 καὶ
917 2361 1272 2430 προσεύχεται
1343 2362 1668 2431 πυκνότερον,
1724 2363 1810 2410 καὶ

203 2444 425 2516 ἄγγελος
484 2445 625 2514 αύτῷ
683 2450 916 2516 φαίνεται
971 2451 1098 2520 πρὸς
1147 2444 1388 2521 ἀνδρείαν
1448 2449 1560 2517 (56)
1617 2447 1812 2500 ἐπαλεί-

206 2554 336 2604 φων,
387 2539 476 2585 καὶ
519 2537 594 2585 ἔτι
625 2533 842 2605 ἀγωνιᾷ,
895 2541 983 2586 καὶ
1036 2534 1382 2608 ἐκτενέστερον
1436 2539 1808 2607 προσεύχεται,

207 2627 302 2673 καὶ
339 2619 552 2696 ἱδρῶτες
579 2620 736 2698 ἁδροὶ
781 2622 1154 2697 καταρῥέουσι,
1188 2629 1277 2675 καὶ
1316 2626 1486 2676 πάντα
1531 2633 1696 2676 ταῦτα
1722 2629 1813 2676 καὶ

211 2718 353 2763 ποιεῖ
403 2716 494 2764 καὶ
553 2714 777 2782 πάσχει,
820 2710 1042 2784 βεϐαιῶν
1097 2715 1178 2764 ὅτι
1238 2713 1298 2764 ού
1346 2715 1481 2764 κατά
1528 2717 1812 2784 φαντασίαν

209 2799 632 2872 ένηνθρώπησεν,
678 2799 803 2852 ἀλλὰ
833 2803 944 2852 κατ’
980 2799 1244 2859 ἀλήθειαν.
1281 2802 1339 2854 Ei
1363 2804 1463 2873 γὰρ
1493 2807 1579 2854 καὶ
1620 2805 1814 2854 τούτων

210 2887 667 2962 ἀνθρωποπρεπῶς
710 2889 841 2941 οὕτω
879 2894 1176 2963 γενομένων,
1210 2896 1300 2942 καὶ
1346 2900 1442 2952 τῆς
1489 2898 1814 2965 μαρτυρικῆς

209 2973 622 3049 καταδεέστερον
649 2983 1024 3048 γενναιότητος,
1059 2981 1193 3051 ὅμως
1220 2979 1322 3031 εἰσί
1361 2999 1492 3040 τινες
1534 2979 1814 3033 ἀπιστοῡν-
1854 3007 1894 3064 C

209 3084 292 3126 τες
321 3073 384 3136 τῇ
413 3065 796 3139 ένανθρωπήσει
825 3067 1005 3136 αύτόῦ,
1036 3069 1228 3139 πολλῷ,
1267 3069 1414 3121 ἄλλον
1441 3070 1698 3127 ἠπίστουν
1731 3069 1812 3135 οἷν,

208 3155 255 3207 εἰ
278 3159 353 3226 μὴ
389 3161 553 3206 ταῦτα
581 3159 800 3226 γέγονεν.

281 3241 461 3305 ’Δξιον
515 3239 573 3295 δι
639 3244 894 3310 ζητῆσαι,
964 3247 1122 3298 πόθεν
1182 3247 1232 3298 οἱ
1289 3245 1649 3318 εύαγγελισταὶ
1716 3266 1818 3319 μα-

210 3335 385 3392 θόντες
463 3332 878 3406 συνεγράψαντο,
951 3339 1004 3386 τί
1075 3353 1128 3387 τε
1206 3341 1628 3407 προσευχόμενος
1711 3333 1818 3388 εἶπε

209 3428 525 3491 τηνικαῦτα,
576 3425 665 3472 καὶ
708 3425 935 3485 ποσάκις
983 3423 1340 3495 προσηύξατο,
1389 3430 1478 3475 καὶ
1527 3423 1700 3486 ἁπλῶς
1755 3427 1819 3476 τὰ

207 3515 326 3583 περὶ
378 3517 470 3562 τοῦ
525 3508 779 3581 ἀγγέλου,
839 3517 928 3562 καὶ
995 3515 1060 3564 τά
1113 3512 1248 3574 ἑξῆς.
1312 3515 1377 3564 Οἱ
1429 3515 1662 3584 μαθηταὶ
1717 3515 1817 3588 γὰρ

209 3603 402 3660 πάντες
472 3603 590 3650 τότε
645 3602 736 3671 μεν
812 3596 1126 3652 έκάθευδον·
1201 3601 1416 3674 ὕστερον
1474 3598 1532 3654 δε
1619 3601 1820 3673 ἀφέντες

213 3687 370 3738 αύτόν
427 3689 634 3759 ἔφυγον.
697 3695 844 3740 Δοκεῖ
892 3689 990 3763 γάρ
1051 3709 1139 3762 μοι
1200 3694 1328 3761 μετά
1387 3695 1478 3748 τὴν
1533 3689 1820 3744 ἀνάστασιν

214 3775 374 3837 αὐτὸς
426 3778 450 3827 ό
505 3773 832 3840 Διδάσκαλος
892 3777 1049 3830 εἰπεῖν
1102 3785 1191 3830 καὶ
1258 3786 1424 3830 ταῦτα
1480 3786 1590 3840 τοίς
1649 3781 1822 3850 μαθη-

216 3872 330 3923 ταῖς
385 3866 465 3916 ὃτε
513 3862 584 3917 δι’
645 3869 848 3939 ἡμερῶν
902 3871 1298 3940 τεσσαράκοντα
1357 3867 1698 3939 ὀπτανόμενος
1760 3865 1822 3925 ἦν

217 3953 414 4017 αὐτοῖς,
455 3956 569 4015 ὡςῇ
616 3953 789 4027 βίϐλος
825 3961 954 4027 φησί
994 3964 1090 4008 τῶν
1135 3956 1395 4029 Πράξεων.

290 4046 418 4094 Τότε
461 4071 530 4086 -
617 4042 962 4098 ἀναπαύεσθε.
1041 4045 1321 4120 Ἐντρέπων
1405 4045 1594 4107 αύτούς
1671 4051 1823 4097 τοῦτο

216 4129 381 4201 λέγει,
431 4136 517 4183 καὶ
565 4134 968 4204 καθαπτόμενος,
1032 4129 1118 4186 οἷα
1175 4137 1504 4206 κοιμωμένων
1569 4133 1616 4185 έν
1659 4142 1824 4208 καιρῷ

218 4216 495 4284 κινδύνου,
542 4226 628 4273 καὶ
686 4230 785 4273 τῶν
840 4221 1038 4274 πολλῶν
1085 4221 1246 4275 αὐτοῦ
1310 4229 1428 4296 περὶ
1493 4231 1584 4275 τοῦ
1630 4242 1824 4296 γρηγο-

220 4316 332 4382 ρεῑν
405 4311 488 4360 καὶ
543 4313 938 4384 προσεύχεσθαι
1005 4312 1366 4385 παραγγελιῶν
1427 4311 1821 4384 ἔπιλαθομένων,

223 4401 417 4450 ὡσανεί
461 4397 655 4470 λέγων·
705 4398 847 4451 Ἐπεὶ
899 4402 1062 4471 μέχρι
1116 4408 1210 4454 τοῦ
1264 4409 1351 4453 νῦν
1405 4402 1498 4453 οὐκ
1542 4401 1826 4476 ίγρηγορή-
1858 4437 1902 4490 D

227 4504 371 4550 σατε,
413 4490 470 4538 τὸ
514 4486 694 4540 λοιπόν
749 4484 1047 4554 καθεύδετε,
1099 4493 1189 4541 καὶ
1241 4488 1584 4561 ἀναπαύεσθε,
1638 4491 1680 4542 εἰ
1733 4487 1825 4542 δύο

222 4577 403 4629 vadet.

293 4660 433 4718 Ἰδοὺ
491 4667 707 4736 ἤγγικεν
759 4666 788 4724 ἠ
852 4665 982 4740 ὥρα.
1047 4663 1104 4720 Ἦ
1157 4675 1254 4728 τῆς
1306 4662 1616 4739 προδοσίας.
1676 4668 1826 4742 Μάρο

220 4773 316 4816 κος
379 4749 440 4805 δέ
495 4772 654 4826 φησιν
707 4754 864 4807 εἰπεῖν
922 4755 1073 4820 αὐτὸν
1116 4758 1215 4830 πρὸ
1273 4763 1364 4807 τοῦ
1413 4755 1567 4826 λόγου
1617 4758 1824 4820 τούτου,

220 4845 305 4896 ὅτι
364 4841 602 4914 ’Δπέχεε,
656 4849 944 4914 τουτέστιν,
995 4844 1142 4897 ﬁtst
1193 4849 1286 4903 τὴν
1344 4846 1460 4896 κατ’
1508 4843 1632 4916 έμοῦ
1679 4844 1826 4907 ἐξου-

223 4937 350 4986 σίαν
379 4933 406 4984 ό
437 4928 703 5000 διάϐολος,
740 4933 770 4990 ἦ
804 4931 992 5006 ἀπέχει
1031 4935 1098 4987 τά
1123 4933 1240 5002 κατέ
1278 4931 1384 5006 έμε,
1437 4937 1616 5004 ἤγουν,
1670 4940 1829 5008 πέρας

218 5023 362 5094 ἔχει.
402 5025 502 5074 Καὶ
532 5023 634 5096 γὰρ
677 5026 766 5074 καὶ
795 5025 940 5098 παρὰ
989 5031 1059 5096 τῷ
1118 5027 1300 5104 Aouqu
1360 5025 1580 5097 εἴρηκεν,
1634 5025 1711 5075 ὅτι
1753 5027 1829 5076 Τά

217 5114 348 5187 περὶ
378 5107 502 5182 έμοῦ
527 5111 670 5174 τελος
699 5113 834 5184 ἔχει.

1916 1828 2100 1875 rentes
2113 1820 2177 1874 in
2193 1827 2405 1876 terram
2419 1822 2482 1873 ⁸ο.
2503 1819 2706 1875 Grumi
2724 1820 3055 1889 sanguinis,
3077 1822 3190 1875 hoc
3207 1826 3315 1884 est,
3332 1821 3575 1875 crassis-

1917 1908 2085 1963 simaa
2136 1908 2447 1978 sanguinis
2478 1915 2672 1977 guttae,
2718 1908 3063 1977 signiﬁcans
3099 1923 3218 1964 non
3251 1907 3411 1979 quod
3440 1924 3574 1963 san-

1917 1997 2160 2066 guinem
2224 1996 2547 2061 sudaverit,
2599 1997 2704 2050 sed
2759 1996 2924 2068 quod
2983 2011 3217 2052 crassos
3266 1996 3577 2051 deduxerit

1918 2084 2191 2140 sudores.
2241 2087 2320 2140 Ne
2363 2084 2524 2140 fictio
2556 2083 2828 2140 videatur
2865 2085 3029 2152 quod
3064 2085 3287 2141 factum
3318 2090 3422 2154 est,
3453 2099 3575 2140 non

1919 2174 1974 2228 in
2028 2173 2177 2229 facie
2234 2178 2466 2230 tantum
2517 2173 2864 2230 maestitiam
2925 2174 3312 2239 demonstrat,
3365 2174 3467 2229 sed
3522 2179 3580 2230 et

1921 2261 2284 2318 manifestius
2312 2263 2468 2318 hanc
2514 2263 2730 2335 prodit,
2771 2267 2828 2319 et
2867 2267 2997 2318 orat
3021 2262 3390 2334 frequentius
3425 2279 3438 2328 ;
3474 2279 3574 2318 an-

1921 2353 2208 2423 gelusque
2258 2353 2309 2407 ei
2357 2356 2628 2424 apparet,
2677 2351 2755 2407 ad
2806 2352 3211 2407 fortitudinem
3260 2367 3574 2419 exercens;

1920 2445 1977 2496 et
2033 2456 2258 2510 angore
2313 2441 2646 2511 corripitur,
2706 2455 2778 2495 ac
2833 2440 3137 2511 protendit
3202 2441 3575 2506 orationem;

1921 2529 2224 2599 crassique
2243 2527 2515 2582 deﬂuunt
2535 2527 2804 2582 sudores.
2827 2529 2959 2583 Haec
2978 2533 3178 2584 autem
3195 2529 3398 2584 omnia
3419 2534 3477 2585 et
3496 2529 3582 2584 far-

1921 2617 1998 2672 cit
2035 2622 2091 2671 et
2131 2617 2351 2688 patitur
2391 2615 2780 2680 conﬁrmans,
2833 2617 2999 2688 quod
3039 2632 3160 2672 non
3205 2617 3581 2689 phantastice

1920 2704 2361 2760 humanitatem
2414 2705 2832 2776 assumpserit,
2881 2705 2987 2759 sed
3033 2705 3208 2776 juxta
3248 2706 3579 2762 veritatem.

1924 2794 2153 2849 Etenim
2177 2793 2245 2859 si,
2270 2793 2450 2848 etiam
2473 2792 2564 2847 his
2587 2793 2670 2848 ita
2691 2792 2862 2849 factis
2884 2808 3021 2864 quae
3045 2793 3122 2848 ad
3140 2793 3582 2850 humanitatem

1923 2882 2320 2955 pertinebant,
2343 2881 2594 2954 quidam
2611 2881 2808 2938 adhuc
2821 2883 2950 2952 ejus
2971 2882 3443 2939 incarnationem
3460 2898 3585 2939 non

1926 2971 2190 3035 credunt,
2220 2976 2447 3043 quanto
2481 2971 2675 3042 magis
2697 2969 2987 3027 increduli
3008 2976 3226 3040 essent,
3250 2972 3298 3026 si
3313 2971 3442 3027 hinc
3464 2970 3585 3028 facs

1929 3066 1985 3118 ta
2010 3075 2134 3116 non
2165 3060 2419 3116 fuissent
2441 3062 2469 3117 f

1999 3239 2255 3308 Dignum
2289 3241 2375 3294 est
2404 3241 2624 3308 autem,
2658 3242 2723 3293 ut
2751 3238 3148 3310 inquiramus,
3175 3237 3332 3294 unde
3364 3238 3584 3294 didice-

1929 3327 2044 3383 rint
2081 3325 2467 3398 evangelistte
2509 3327 2654 3397 quid
2689 3333 2826 3382 tunc
2858 3343 3039 3382 orans
3074 3326 3308 3392 dixerit,
3343 3332 3401 3383 et
3436 3343 3584 3399 quo-

1929 3416 2035 3472 ties
2056 3415 2263 3480 oravit,
2290 3431 2359 3470 ac
2392 3419 2454 3469 ut
2479 3413 2659 3469 semel
2687 3413 2906 3479 dicam,
2934 3415 3006 3469 de
3028 3414 3242 3484 angelo
3269 3421 3324 3470 et
3357 3418 3583 3471 caeteris

1929 3520 2064 3577 quas
2095 3503 2172 3560 ab
2193 3503 2308 3559 hoc
2323 3503 2454 3560 loco
2468 3509 2818 3574 sequuntur,
2849 3503 3146 3575 siquidem
3164 3504 3434 3577 discipuli
3453 3522 3584 3561 om-

1929 3608 2037 3649 nes
2067 3598 2206 3647 tunc
2246 3591 2637 3655 dormiebant,
2678 3592 3065 3662 postmodum
3096 3608 3236 3648 vero
3276 3609 3348 3649 eo
3375 3593 3582 3649 relicto

1931 3681 2226 3751 fugerunt.
2248 3681 2379 3736 Mihi
2407 3696 2549 3735 sane
2581 3686 2831 3750 apparet
2855 3681 3012 3750 quod
3042 3685 3176 3752 post
3195 3683 3585 3737 resurrectio-

1931 3784 2070 3826 nem
2109 3768 2450 3838 Praeceptor
2479 3768 2605 3838 ipse
2638 3767 2814 3823 etiam
2846 3768 2975 3822 hinc
3004 3768 3316 3840 discipulis
3345 3769 3582 3834 dixerit,

1931 3856 2178 3930 quando
2210 3872 2315 3925 per
2349 3855 2475 3910 dies
2506 3855 2913 3927 quadraginta
2943 3856 3027 3911 eis
3061 3857 3360 3928 apparuit,
3409 3858 3584 3912 sicuti

1933 3946 2109 4001 refert
2132 3948 2411 3999 Actorum
2443 3944 2590 3999 liber
2626 3946 2691 3998 ⁶¹.

2005 4035 2169 4089 Vers.
2195 4037 2282 4088 45.
2320 4035 2480 4088 Tunc
2503 4062 2568 4074 --
2591 4031 2951 4104 requiescite.
2989 4032 3217 4089 Pudore
3235 4035 3585 4091 suffundens

1934 4138 2036 4178 eos
2069 4137 2137 4177 ac
2168 4121 2503 4192 objurgans
2533 4122 2648 4178 hoc
2678 4122 2838 4186 dicit,
2873 4122 3038 4192 quod
3067 4121 3126 4176 in
3158 4123 3407 4180 articulo
3438 4124 3594 4196 peri-

1934 4211 2046 4268 culi
2090 4210 2503 4275 dormitarent,
2551 4215 2924 4265 cumtamen
2969 4210 3166 4266 multis
3194 4227 3297 4267 eos
3345 4213 3588 4284 vigilare

1933 4300 2315 4372 praecepisset
2362 4305 2418 4354 et
2462 4314 2648 4362 orare,
2692 4298 2770 4354 illi
2811 4304 3010 4356 autem
3049 4299 3336 4356 oblivioni
3375 4308 3592 4357 cuncta

1935 4389 2333 4452 tradidissent,
2376 4403 2446 4443 ac
2492 4388 2538 4442 si
2577 4388 2833 4445 diceret:
2874 4390 2951 4442 Ex
2986 4405 3102 4458 quo
3148 4390 3438 4446 hactenus
3469 4407 3588 4446 non

1934 4477 2200 4549 vigilatis,
2221 4476 2348 4547 jam
2387 4477 2675 4548 deinceps
2717 4475 2977 4532 dormite
3023 4483 3079 4531 et
3122 4479 3494 4549 requiescite,
3543 4481 3590 4535 si

1936 4564 2201 4638 potestis.

2011 4656 2170 4709 Vers.
2189 4657 2276 4709 45.
2309 4654 2461 4708 Erce
2491 4652 2988 4723 appropinquavit
3017 4652 3186 4708 hora.
3214 4655 3365 4708 Hora
3388 4655 3590 4724 prodi-

1936 4742 2129 4801 tionis.
2168 4745 2395 4798 Marcus
2435 4747 2632 4796 autem
2677 4739 2758 4794 ait
2795 4756 2931 4794 eum
2978 4746 3113 4795 ante
3157 4741 3318 4796 hunc
3366 4757 3592 4798 sermo-

1936 4847 2074 4888 nem
2106 4831 2321 4886 dixisse
2356 4830 2570 4899 Ἀπέχει
2605 4829 2804 4897 aufert
2841 4829 2908 4892 ⁵³,
2943 4829 3055 4883 hoc
3087 4835 3192 4893 est,
3225 4831 3456 4900 accepit
3489 4832 3593 4886 ad-

1936 4935 2181 4976 versum
2231 4934 2326 4974 me
2377 4917 2655 4972 diabolus
2717 4921 3092 4986 potestatem.
3151 4917 3246 4972 Vel
3269 4919 3594 4978 abscedunt

1936 5024 2068 5080 quae
2103 5008 2176 5062 de
2209 5023 2302 5062 me
2340 5011 2495 5072 sunt,
2534 5005 2661 5060 sive
2703 5005 2886 5060 ﬁnem
2929 5005 3170 5061 habent.
3217 5010 3362 5063 Nam
3412 5009 3592 5067 etiam

1938 5096 2102 5168 apud
2135 5097 2355 5151 Lucam
2386 5095 2532 5150 dixit
2565 5110 2577 5149 :
2615 5095 2696 5149 Ea
2732 5109 2864 5166 quae
2907 5099 3046 5150 sunt
3081 5095 3152 5152 de
3176 5111 3268 5152 me
3286 5093 3461 5166 ﬁnem
3491 5099 3595 5158 ha-

1942 5186 2074 5241 bent
2108 5187 2178 5222 ⁸³·

302 5306 352 5344 5°
383 5305 524 5364 Luc.
555 5320 698 5376 nn,
732 5308 821 5364 43.
857 5309 903 5344 ⁸ο
933 5305 1082 5366 ibid.
1109 5309 1196 5365 44.
1233 5307 1274 5345 ⁶¹
1308 5308 1429 5366 Act.
1464 5321 1502 5374 1,
1533 5310 1584 5365 3.
1619 5309 1666 5345 θ’
1697 5308 1820 5365 Mar

1933 5312 2026 5381 :iv,
2056 5313 2147 5366 41.
2183 5310 2230 5345 ⁸³
2262 5308 2400 5365 Luc.
2436 5324 2578 5374 xxu,
2606 5308 2694 5364 37.

1432 5432 1656 5502 Variae
1698 5433 2030 5502 lectiones
2093 5443 2158 5502 et
2199 5444 2401 5501 notas.

304 5571 426 5720 (54;
458 5573 712 5632 Lexicon
738 5573 939 5631 inedit.
975 5548 1244 5652 Θρόμϐος·
1269 5578 1503 5647 πεπηγὸς
1547 5573 1696 5650 αἷμα.

305 5649 398 5717 (55
480 5646 908 5720 Theophyiact,
959 5664 1012 5720 ρ.
1066 5651 1161 5720 521
1219 5647 1298 5704 C:
1350 5651 1605 5720 Σταγόσιν
1654 5649 1696 5701 ἀι

305 5644 424 5720 (55)
480 5646 908 5722 Theophyiact,
937 5644 1032 5722 #9..
1066 5644 1161 5722 52}
1219 5647 1298 5704 C:
1350 5644 1613 5722 §ra766_tv'
1654 5644 1844 5722 ἁδραῖς

228 5716 480 5797 ἱδρώτων
504 5716 898 5796 περιεστάζετο.
933 5716 1318 5791 Theophanes
1337 5716 1676 5776 Ceramicus
1701 5716 1842 5794 pag.

1959 5579 2115 5665 μηνὶ
2128 5571 2487 5665 θρομξοειδιῖς
2526 5569 2770 5665 ἱδρῶτας.
2802 5575 3104 5642 ἀπέσταξεν.

2026 5649 2140 5722 (59)
2160 5645 2428 5723 Ἀνδρίαν,
2458 5645 2592 5705 cod.
2621 5652 2689 5706 Α.
