4170 6334
603 370 709 428 687

1925 350 2269 411 EUTHYMII
2309 347 2642 410 ZIGABENI

672 493 838 546 Vers.
890 491 978 545 45.
1023 486 1103 543 Et
1147 514 1210 526 —
1254 489 1642 556 peccatorum.
1699 483 1818 538 Hoc
1864 479 2251 538 manifestum

2429 478 2536 533 Καὶ
2565 505 2633 518 -
2666 469 3007 548 ἁμαρτωλῶν.
3040 474 3204 525 Τοῦτο
3232 469 3415 541 σαφές.

601 583 710 640 est.

929 692 1078 748 CAP.
1112 691 1264 747 LXV.
1296 689 1385 746 De
1413 686 1738 744 traditione
1763 686 1922 743 Jesu.

668 803 834 858 Vers.
871 803 963 857 46.
983 799 1213 870 Surgite
1233 829 1301 839 —
1329 813 1420 853 me
1441 796 1644 851 tradit.
1680 794 1867 850 Etiam
1893 793 2032 850 hinc
2054 796 2251 849 osten-

597 890 706 958 dit,
753 889 917 964 quod
970 885 1294 944 voluntarie
1349 889 1670 957 pateretur.
1727 882 2038 938 Praesciens
2093 882 2249 936 enim

597 995 701 1038 eos
733 979 996 1052 quicum
1026 975 1324 1048 proditore
1351 973 1639 1041 venirent,
1673 987 1793 1028 non
1816 970 1984 1042 fugit,
2011 970 2117 1026 sed
2142 984 2253 1042 po-

596 1071 718 1129 tius
761 1070 824 1126 in
867 1083 1188 1125 occursum
1234 1081 1441 1121 eorum
1493 1064 1646 1120 exire
1695 1061 1953 1128 festinat,
2005 1061 2246 1117 dicens:

600 1161 824 1216 Eamus
855 1157 931 1212 ad
963 1156 1115 1222 illos,
1144 1155 1332 1210 Lucas
1371 1158 1570 1210 autem
1600 1153 1680 1210 ait
1718 1168 1856 1208 eum
1886 1151 2103 1207 dixisse
2132 1151 2252 1206 dis-

599 1248 817 1322 cipulis
843 1264 856 1303 :
896 1248 963 1304 Ut
997 1247 1141 1318 quid
1169 1244 1429 1300 dormitis
1455 1242 1482 1300 ‘2
1510 1243 1732 1314 surgite
1747 1247 1799 1299 et
1824 1247 2006 1312 orate,
2044 1247 2108 1297 ut
2134 1256 2249 1296 non

597 1338 834 1394 intretis
873 1339 936 1392 in
971 1335 1340 1392 tentationem
1372 1335 1442 1387 δι.
1477 1331 1800 1388 Verisimile
1828 1339 1914 1386 est
1943 1346 2083 1401 ergo
2119 1331 2249 1386 haec

595 1419 858 1500 primum
890 1425 1124 1490 dixisse,
1151 1421 1362 1480 deinde
1394 1420 1743 1478 addidisse:
1777 1421 2003 1492 Surgite
2031 1435 2245 1478 eamus.

664 1623 822 1678 Vere.
853 1621 942 1677 47.
971 1621 1048 1679 Et
1068 1619 1262 1677 adhuc
1289 1649 1358 1658 —
1378 1617 1598 1690 populi.
1630 1617 1796 1674 Unus
1822 1615 1893 1672 de
1925 1616 2246 1674 duodecim

591 1709 834 1769 additur
845 1725 954 1782 pro
981 1709 1200 1765 indicio
1223 1707 1302 1764 ad
1328 1707 1791 1776 signiﬁcandum
1823 1706 1986 1778 quod
2007 1722 2037 1762 e
2061 1705 2249 1778 primo

591 1799 1033 1870 discipulorum
1080 1798 1264 1854 choro
1317 1801 1465 1886 erat.
1505 1798 1570 1852 Et
1605 1795 1870 1886 positum
1917 1800 2004 1850 est
2022 1795 2150 1886 hoc
2179 1795 2246 1886 in
2278 1832 2320 1886 Β

593 1888 762 1944 Iudas
792 1886 1260 1944 accusationem.
1290 1884 1495 1953 Tangit
1521 1887 1721 1939 autem
1752 1883 1866 1939 hoc
1897 1888 1953 1938 et
1979 1882 2128 1939 alios
2159 1884 2248 1939 di-

596 1975 884 2046 scipulos,
916 1990 1038 2030 non
1071 1972 1610 2042 tamenlpudeﬁunt
1631 1971 1950 2028 scribentes
1977 1987 2049 2027 ea
2073 1988 2253 2028 evan-

593 2065 822 2138 gelista:
841 2081 856 2131 ;
876 2064 1103 2136 ubique
1123 2063 1281 2119 enim
1302 2061 1523 2118 veritati
1548 2061 1806 2118 student.
1823 2063 2085 2118 Joannes
2105 2078 2249 2119 vero

592 2156 668 2212 de
692 2157 718 2210 J
725 2154 844 2212 uda
866 2153 1024 2219 dicit,
1055 2152 1221 2225 quod
1236 2155 1477 2224 sumpta
1490 2151 1733 2210 cohorte
1749 2155 1804 2207 et
1819 2169 1852 2207 a
1867 2151 2250 2223 pontiﬁcibus

592 2248 649 2302 et
675 2243 983 2301 Pharisaais
1005 2242 1314 2309 ministris,
1339 2241 1496 2298 venit
1511 2240 1648 2300 illuc
1669 2257 1807 2298 cum
1831 2240 2070 2297 laternis
2092 2246 2148 2298 et
2167 2242 2249 2300 fa-

589 2331 762 2390 cibus
795 2347 865 2390 ac
895 2331 1079 2388 armis
1109 2333 1178 2386 ⁸⁵.

2505 738 2651 787 ΚΕΦ.
2688 729 2798 785 ΞΕ.
2830 733 2956 802 Περὶ
2990 735 3081 788 τῆς
3105 720 3450 798 παραδόσεως
3490 729 3582 775 τοῦ
3613 721 3823 781 Ἰησοῦ,

2430 823 2723 897 Ἐγείρεσθε
2781 851 2849 861 -
2919 812 3267 890 παραδιδούςΔ
3311 833 3394 886 με.
3475 811 3756 866 Κάντεῦθεν
3837 807 3992 863 ἔδει·

2361 911 2439 975 ξεν
2483 913 2563 964 ὅτι
2624 909 2749 962 ἑκὼν
2810 907 3172 962 ἀποθανεῖται,
3248 898 3509 979 Προειδὼς
3559 904 3659 974 γὰρ
3728 899 3988 973 ἐρχομέ-

2359 1020 2472 1062 νους
2512 1002 2632 1062 τοὺς
2673 1002 2791 1071 περί
2833 1001 2919 1048 τὸν
2966 991 3254 1070 προδότην,
3299 992 3358 1044 ού
3408 997 3560 1063 μόνον
3612 989 3707 1042 ούκ
3757 992 3986 1062 ἔφυγεν,

2360 1087 2488 1142 ἀλλά
2542 1093 2631 1142 καὶ
2687 1088 2760 1148 εἰς
2817 1085 3103 1143 ἀπάντησιν
3161 1082 3326 1134 αὐτῶν
3384 1080 3566 1144 ἐξιέναι
3623 1083 3987 1155 παρασκευή-

2360 1179 2527 1247 ζεται,
2575 1177 2770 1248 λέγων·
2826 1174 3064 1247 Ἄγωμεν
3145 1175 3274 1248 πρὸς
3339 1171 3548 1232 αύτούς.
3625 1175 3845 1231 Λουκᾶς
3923 1167 3988 1221 δέ

2359 1287 2516 1341 φησιν
2575 1267 2730 1320 εἰπεῖν
2786 1264 2941 1317 αὐτὸν
3002 1269 3113 1324 τοῖς
3167 1263 3467 1334 μαθηταῖς·
3525 1265 3588 1312 Τί
3645 1255 3982 1326 καθεύδετε;

2357 1355 2668 1416 ἀναστάντες
2752 1352 3131 1426 προσιύχεσθε,
3220 1351 3302 1402 ἱνα
3387 1353 3459 1422 μή
3541 1347 3810 1405 εἰσελθητε
3906 1349 3984 1410 εἰς

2355 1449 2664 1519 πειρασμὸν.
2746 1443 2899 1502 Εἰκὸς
2953 1437 3011 1494 δὲ
3079 1447 3229 1493 τοῦτο
3309 1446 3511 1512 πρῶτον
3583 1437 3759 1504 εἰπεῖν,

2357 1533 2579 1588 ἐπειπεῖν
2605 1536 2661 1586 τὸ
2695 1532 3005 1604 Ἐγείρεσθε,
3041 1531 3269 1602 ἄγωμεν.

2431 1628 2531 1676 Καὶ
2560 1625 2635 1675 ἔτι
2664 1652 2733 1662 -
2766 1628 2858 1676 τοῦ
2887 1619 3033 1673 λαοῦ.
3088 1618 3175 1679 Εἰς
3227 1625 3324 1670 τῶν
3383 1612 3597 1669 δώδεκα
3647 1616 3759 1688 (57)
3806 1622 3978 1692 πρόσ.

2359 1731 2523 1766 κειται
2559 1715 2856 1786 γνώρισμα,
2912 1705 3103 1765 δηλοῦν
3153 1709 3231 1760 ὅτι
3285 1705 3338 1758 ἐκ
3393 1713 3486 1758 τοῦ
3533 1709 3741 1780 πρῶτον
3795 1717 3979 1780 χοροῦ

2359 1810 2456 1854 τῶν
2494 1803 2740 1874 μαθητῶν
2794 1796 2878 1858 ἧν,
2911 1797 3011 1851 Καὶ
3041 1800 3155 1850 ἔστι
3181 1799 3266 1872 ρεν
3313 1802 3466 1848 τοῦτο
3524 1800 3827 1866 κατηγορία
3881 1807 3978 1850 τοῦ

2359 1877 2578 1944 Ἰούδαο
2633 1890 2957 1942 καθάπτεται
3028 1883 3088 1940 δε
3143 1890 3233 1938 καὶ
3300 1893 3397 1937 τῶν
3459 1883 3624 1936 ἄλλων
3675 1886 3974 1956 μαθητῶν·

2357 1979 2468 2032 ἀλλ’
2513 1978 2607 2031 οὐκ
2660 1979 3074 2048 ἐπαισχύνονται
3129 1982 3283 2026 τοῦτο
3327 1976 3602 2048 γράφοντες
3648 1976 3696 2026 οὶ
3747 1974 3977 2048 εὐαγγε-

2357 2068 2553 2122 λισταί.
2611 2074 2891 2138 Πανταχοῦ
2939 2068 3040 2137 γὰρ
3105 2073 3203 2126 τῆς
3277 2063 3523 2125 ἀληθείας
3575 2065 3974 2136 φροντίζουσιν.

2354 2158 2415 2210 '0
2469 2153 2521 2209 δ’
2557 2155 2797 2218 Ἰωάννης
2856 2159 2976 2230 περὶ
3032 2162 3124 2206 τοῦ
3177 2149 3354 2207 Ἰούδα
3409 2158 3566 2223 φησὶν
3635 2155 3736 2220 ὅτι,
3801 2153 3976 2208 λαϐὼν

2356 2249 2449 2304 τὴν
2508 2250 2744 2320 σπεῖραν,
2795 2249 2886 2297 καὶ
2940 2243 2998 2296 ἐκ
3054 2251 3154 2295 τῶν
3194 2241 3481 2320 ἀρχιερέων
3528 2246 3619 2295 καὶ
3668 2249 3975 2317 Φαρισαίων

2359 2335 2639 2407 ὑπηρέτας,
2695 2335 2905 2407 ἔρχεται
2962 2331 3068 2386 ἐκεῖ
3118 2334 3250 2404 μετά
3301 2338 3468 2402 φανῶν
3524 2335 3617 2384 καὶ
3675 2331 3975 2403 λαμπάδων

3859 1435 3984 1491 εἶτα

588 2435 679 2490 καὶ
729 2430 918 2484 ὃπλων.
961 2429 1020 2484 Ἦ
1081 2436 1271 2507 σπεῖρα
1323 2429 1436 2502 (58)
1490 2431 1580 2503 μεν
1629 2426 1717 2482 οὖν
1755 2425 1816 2489 ἦν
1845 2432 2025 2503 τάγμα
2073 2435 2471 2508 στρατιωτικὸν,
2511 2437 2787 2504 χρήμασιν
2836 2429 3232 2485 ἀναπεισθεῖσα.
3289 2434 3444 2484 Φανοῖ
3493 2425 3554 2482 δε
3607 2433 3673 2484 τὰ
3721 2429 3976 2506 λεγόμενα

589 2522 753 2597 φανάρ
762 2542 835 2577 ια.

657 2620 816 2676 Vers.
856 2622 946 2675 48.
985 2618 1100 2687 Οιιί
1139 2648 1211 2660 -
1262 2633 1408 2675 eum.
1466 2618 1508 2688 -ι-
1533 2619 1575 2688 ·ι-
1621 2617 1890 2674 Proditor
1935 2618 2014 2674 ad
2052 2635 2247 2675 exem-
2275 2621 2318 2679 C

588 2706 758 2780 plum
789 2707 954 2762 Judaa
995 2712 1102 2772 est,
1138 2707 1242 2777 qui
1276 2706 1569 2762 rationem
1607 2705 1806 2777 prodit
1842 2706 2156 2763 affectibus
2191 2713 2248 2764 et

592 2795 950 2852 modestiam
989 2795 1208 2850 mentis
1249 2793 1645 2851 immodestia)
1680 2795 2005 2851 actionum.
2033 2799 2248 2868 Negrat

591 2888 794 2941 autem
814 2883 1004 2950 illum,
1034 2883 1207 2939 sicuti
1240 2883 1468 2949 Petrus,
1491 2883 1594 2955 qui
1621 2889 1862 2955 propter
1887 2889 2114 2941 metum
2138 2885 2246 2940 ho-

590 2977 764 3030 nesta
797 2972 1036 3030 deserit.
2060 2991 2062 2996 ·

661 3063 804 3118 Post
844 3067 1006 3120 tanta
1045 3065 1401 3132 argumenta
1439 3061 1731 3118 occultare
1771 3062 2043 3120 studebat
2080 3062 2247 3136 quod

588 3151 718 3226 ipse
739 3168 875 3209 eum
907 3151 1184 3226 proderet
1207 3170 1219 3220 ;
1243 3151 1378 3208 ideo
1398 3151 1599 3224 palam
1621 3151 1865 3224 quidem
1885 3168 2003 3208 non
2027 3153 2243 3225 prodit,

589 3242 696 3298 sed
723 3241 1001 3298 osculum
1026 3240 1273 3312 efﬁngit,
1305 3240 1592 3297 ﬁduciam
1618 3240 1847 3297 habens
1875 3241 1944 3297 de
1971 3257 2242 3298 mensue-

587 3331 794 3390 tudine
817 3329 1164 3392 Salvatoris.
1187 3330 1355 3403 quod
1372 3345 1512 3386 eum
1538 3346 1660 3387 non
1675 3330 2002 3402 repelleret,
2025 3348 2162 3388 cum
2183 3331 2246 3387 id

592 3421 787 3491 magis
837 3422 1146 3491 suﬂiceret,
1203 3425 1266 3476 ut
1308 3435 1444 3476 eum
1496 3420 1904 3489 confunderet,
1957 3422 2246 3493 omnique

591 3510 769 3566 venia
805 3510 1081 3582 privaret,
1116 3511 1221 3582 qui
1253 3509 1406 3566 adeo
1435 3508 1771 3566 humanum
1809 3511 2126 3581 prodebat.
2159 3511 2248 3565 Ti-

593 3612 768 3654 mens
802 3603 1002 3654 autem
1034 3612 1108 3653 ne
1151 3597 1300 3654 forte
1335 3596 1711 3654 insidiatores
1743 3597 2048 3668 effugeret,
2080 3598 2248 3670 quod

595 3685 937 3758 frequenter
955 3687 1194 3754 fecerat,
1229 3686 1515 3743 admonet
1535 3687 1736 3743 dicens
1761 3703 1775 3743 :
1802 3688 2248 3757 Apprehendite

597 3791 725 3833 eum
751 3781 806 3833 et
825 3775 1089 3834 abducite
1116 3781 1287 3834 caute
1311 3779 1358 3814 ⁸⁸
1382 3796 1395 3848 ;
1420 3777 1534 3834 hoc
1555 3777 1717 3834 enim
1740 3776 1972 3834 addidit
1995 3777 2245 3834 Marcus.

2425 2618 2484 2675 Ὁ
2531 2649 2601 2660 -
2630 2617 2784 2670 αὐτόν
2815 2614 3112 2691 [Προδότης
3154 2617 3272 2688 (59)
3317 2618 3408 2689 μὶν
3457 2620 3592 2671 κατά
3638 2621 3725 2672 τὸν
3756 2617 3971 2673 Ἰούδαν

2356 2711 2382 2761 ὁ
2405 2705 2698 2784 προδιδούς
2723 2707 2842 2780 (69)
2887 2710 2974 2759 τὸν
3002 2705 3153 2776 λόγον
3181 2713 3289 2766 τοῖς
3317 2707 3531 2772 πάθεσι,
3561 2712 3647 2758 καὶ
3686 2711 3781 2765 τὴν
3810 2709 3966 2762 εὐνο-

2355 2801 2482 2870 μίαν
2538 2805 2637 2859 τῆς
2685 2795 2871 2868 ψυχῆς
2925 2802 2987 2868 τῇ
3033 2799 3334 2869 παρανομίᾳ
3388 2803 3485 2846 τῶν
3538 2794 3782 2868 πράξεων.
3832 2797 3962 2869 ’Δρ-

2354 2893 2514 2938 νεῖται
2559 2883 2620 2938 δι
2667 2885 2843 2956 αὐτὸν,
2896 2885 3032 2938 κατά
3083 2888 3172 2936 τὸν
3233 2888 3445 2958 Πέτρον,
3485 2885 3512 2935 6
3557 2879 3646 2936 διὰ
3693 2882 3845 2956 φόϐον
3882 2888 3950 2936 τό

2355 2974 2512 3027 καλὸν
2549 2972 3012 3047 παραιτούμενος.]

2426 3064 2572 3116 Μετὰ
2619 3070 2862 3116 τοσοῦτον
2903 3058 2962 3114 δὲ
3024 3061 3142 3133 (61)
3198 3060 3431 3132 ἔλεγχον,
3487 3059 3658 3114 λαθεῖν
3701 3061 3968 3115 ἐσπούδα-

2357 3152 2460 3217 ζεν,
2521 3152 2599 3203 ὅτι
2659 3150 2841 3213 αύτοός
2879 3150 3035 3202 αὐτὸν
3099 3146 3421 3223 προδίδωσι.
3475 3153 3564 3202 Διό
3605 3155 3703 3218 ,καὶ
3757 3150 3812 3203 ἐκ
3873 3159 3967 3204 τοῦ

2355 3247 2573 3316 φανεροῦ
2813 3240 2874 3292 ού
2923 3235 3247 3312 προδίδωσι,
3331 3240 3730 3311 σχηματίζεται
3786 3237 3848 3294 δέ
3906 3245 3964 3293 τὸ

2356 3329 2574 3402 φίλημα,
2639 3328 2906 3404 θαρρήσας
2960 3335 3020 3400 τῇ
3083 3329 3365 3400 ἡμερότητι
3415 3335 3507 3380 τοῦ
3578 3336 3833 3403 Σωτῆρος,
3886 3332 3967 3382 ὅτι

2355 3418 2448 3471 ούκ
2497 3417 2762 3471 ἀπώσεται
2812 3418 2988 3483 αὐτὸν,
3049 3416 3075 3468 ὃ
3121 3422 3212 3469 καὶ
3259 3419 3372 3488 (62)
3421 3416 3612 3488 μᾶλλον
3676 3421 3852 3471 ἱκανόν
3905 3416 3966 3477 ἦν

2356 3506 2597 3580 ἔντρέψαι
2652 3514 2834 3559 τοῦτον
2904 3510 2994 3559 καὶ
3058 3507 3231 3566 πάσης
3309 3504 3672 3578 ἀποστερῆσαι
3731 3515 3965 3579 συγγνῶο

2357 3608 2477 3668 μὴς,
2530 3597 2611 3648 ὅτι
2662 3598 2750 3648 τὸν
2803 3595 2940 3648 οὕτω
2999 3599 3290 3670 πραότατον
3347 3591 3659 3666 προεδίδου,
3718 3597 3968 3660 Φοϐηθεὶς

2359 3681 2418 3738 δε
2485 3688 2686 3757 μήποτε
2762 3681 2798 3737 δ
2805 3686 2994 3757 ιαφύγῃ
3055 3687 3176 3746 τούς
3225 3682 3668 3754 ἂπιϐοὑλεύοντας,
3699 3684 3727 3738 ὃ
3774 3686 3964 3739 πολλὰ·

2356 3793 2440 3835 κις
2527 3773 2758 3840 ἐποίησε,
2829 3778 3174 3848 παρήγγειλεν
3233 3774 3324 3825 ,ὃτι
3401 3779 3706 3846 Κρατήσατε

2357 3867 2447 3915 καὶ
2529 3862 2829 3936 ἀπαγάγετε
2905 3861 3150 3936 ἀσφαλῶς
3185 3879 3198 3893 ο
3257 3871 3407 3916 τοῦτο
3475 3866 3575 3940 γὰρ
3641 3865 3668 3916 ὁ
3757 3868 3965 3940 Μάρκος

3784 3776 3960 3846 αὐτόν,

2281 3971 2326 4026 Ι)
2358 3953 2698 4027 προσέθηκεν.

2428 4041 2570 4094 ’Λλλ’
2623 4043 2649 4094 6
2707 4043 2956 4114 Χριστὸς,
3015 4039 3242 4112 ἔλίγχων
3305 4039 3460 4094 αὐτὸν
3509 4043 3681 4114 μάτην
3741 4042 3962 4118 ἐξασφα-

2358 4129 2646 4203 λιξὸμενον,
2693 4135 2783 4182 καὶ
2819 4127 3088 4195 δεικνύων,
3142 4131 3221 4182 ὅτι
3273 4130 3368 4182 οὐκ
3425 4129 3486 4182 ἃν
3535 4138 3718 4184 τοῦτον
3770 4135 3962 4188 ἄκοντα

2359 4217 2638 4284 καθίζοιεν,
2716 4217 2924 4281 ἐξελθὼν
3008 4214 3143 4271 εἶπεν
3215 4217 3392 4280 αὐτοῖς
3463 4221 3534 4280 ὡς
3619 4221 3646 4272 6
3721 4221 3962 4286 Ἰωάννης

2363 4309 2635 4382 ἱστόρησε.
2701 4310 2828 4359 Τίνα
2899 4307 3136 4375 ζητεῖτες
3199 4306 3583 4380 Ἀπεκρίθησαν
3635 4309 3807 4381 αὐτῷ.
3865 4314 3962 4370 Ἰη-

2363 4402 2486 4448 σοῡν
2564 4398 2652 4448 τὸν
2743 4395 3072 4468 Ναζωραῖον.
3163 4399 3320 4468 Λέγει
3395 4396 3573 4458 αὐτοῖς
3637 4399 3664 4449 6
3715 4399 3957 4462 Ἰησοῦςο

2360 4484 2496 4556 Ἐγώ
2570 4484 2695 4558 εἰμι.
2777 4485 3021 4544 Εἰστήκει
3077 4481 3138 4538 δι
3199 4489 3289 4538 καὶ
3357 4486 3468 4558 (63)
3537 4484 3739 4550 Ἰούδας
3789 4492 3815 4541 ὁ
3855 4510 3954 4543 πα.

600 4568 674 4625 Ut
703 4582 841 4638 ergo
870 4565 1029 4622 dixit
1045 4565 1146 4633 eis,
1183 4566 1313 4637 Ego
1343 4583 1492 4634 sum,
1519 4567 1790 4625 abierunt
1823 4576 2160 4639 retrorsum,
2194 4579 2250 4628 et

2357 4569 2616 4647 ραδιδούς
2681 4573 2834 4626 αὐτὸν
2907 4573 3019 4647 μετ’
3073 4574 3260 4631 αὐτῶν.
3340 4573 3427 4635 Ὠς
3493 4576 3605 4647 (6i)
3667 4573 3753 4630 οὖν
3818 4575 3870 4629 si

591 4656 921 4715 ceciderunt
933 4654 997 4711 in
1021 4660 1237 4712 terram
1263 4657 1332 4712 ⁵⁷.
1354 4657 1397 4712 Ο
1421 4657 1582 4712 verbi
1607 4658 1936 4729 potentiam
1964 4676 1977 4726 ;
2001 4675 2122 4714 non
2147 4676 2250 4732 po-

2358 4662 2536 4724 αύτοῖς
2616 4665 2699 4716 ὅτι
2781 4664 2914 4736 Ἐγώ
2980 4663 3148 4736 εἰμι,’
3189 4663 3428 4723 ἀπῆλθον’
3493 4665 3567 4727 εἰς
3632 4668 3696 4719 τὰ
3757 4665 3948 4733 ὀπίσω,

590 4749 828 4804 tuerunt
839 4745 1129 4800 sustinere
1146 4749 1398 4810 tantum,
1422 4746 1540 4817 Ego
1553 4762 1677 4802 sum
1691 4764 1706 4813 ;
1731 4747 1868 4802 ideo
1881 4764 2010 4803 cum
2023 4753 2079 4803 et
2094 4747 2249 4804 taces

2357 4757 2446 4804 καὶ
2497 4754 2679 4805 ἔπεσον
2713 4755 2915 4825 χαμαί.
2969 4750 3041 4804 ’Ὠ
3095 4751 3250 4824 λόγου
3305 4747 3612 4825 δυνάμεωςι
3642 4753 3736 4806 οὐκ
3784 4756 3957 4827 ’ἰσχυ-

591 4837 883 4894 haberent
929 4838 986 4890 et
1035 4833 1367 4906 lampades,
1425 4837 1707 4892 excecati
1757 4842 1893 4893 sunt
1948 4852 2068 4893 una
2107 4855 2246 4896 cum

2358 4860 2454 4894 σαν
2508 4842 2800 4913 ὑπενεγκεῖν
2844 4843 2926 4908 τὸ,
2980 4841 3109 4912 Ἐγὼ
3163 4841 3291 4914 εἰμι,
3337 4845 3453 4914 (65)
3500 4847 3673 4914 μόνον.
3725 4846 3814 4896 Διὸ
3869 4849 3956 4898 καὶ

594 4925 914 5000 proditore.
947 4923 1232 4981 Praeterea
1259 4940 1395 4980 cum
1425 4923 1639 4995 gladiis
1663 4929 1720 4981 et
1749 4925 2003 4982 fustibus
2033 4930 2245 4985 armati

2357 4933 2543 5003 φανούς
2747 4935 2839 4984 καὶ
2886 4927 3168 5004 λαμπάδας
3230 4933 3438 5005 ἔχοντες
3489 4932 3605 5005 (66)
3653 4931 3956 5008 ἕτυφλοῦντο

669 4037 784 4095 Sed
799 4036 1059 4094 Christus
1078 4034 1562 4101 huncevincens,
1589 4036 1756 4108 quod
1779 4036 1998 4093 frustra
2023 4053 2082 4093 se
2113 4038 2251 4094 ﬁcto

593 4127 766 4196 signo
797 4124 1092 4185 munierit,
1125 4137 1197 4177 ac
1226 4123 1552 4178 ostendens
1573 4123 1740 4195 quod
1770 4139 1832 4179 se
1866 4125 2120 4181 invitum
2152 4141 2252 4181 ne-

592 4227 890 4287 quaquam
905 4214 1143 4282 possent
1156 4211 1678 4282 comprehendere,
1693 4227 1972 4281 egressus
1985 4213 2134 4270 dixit
2145 4214 2248 4280 eis,

593 4301 752 4358 sicut
777 4299 1013 4370 scripsit
1045 4297 1342 4357 Joannes:
1379 4298 1556 4366 Quem
1587 4301 1849 4372 quaeritis
1870 4302 1898 4357 ?
1938 4304 2252 4374 Responde-

591 4387 1034 4454 runteiJesum
1045 4387 1440 4444 Nazarenam.
1459 4388 1612 4446 Dicit
1638 4390 1719 4446 eis
1736 4390 1920 4457 Iesus,
1937 4393 2064 4462 Ego
2095 4409 2246 4450 sum.

589 4478 808 4536 Stabat
831 4484 1017 4533 autem
1045 4482 1099 4532 et
1123 4476 1301 4533 Judas
1325 4477 1426 4549 qui
1448 4479 1724 4535 tradebat
1746 4495 1898 4546 eum,
1929 4497 2063 4537 cum
2081 4482 2246 4552 ipsis.

669 5050 716 5085 “
748 5051 879 5106 Luc.
911 5063 1050 5116 xm,
1083 5047 1171 5105 46.
1209 5049 1256 5084 ⁸³
1286 5050 1458 5107 Joan.
1491 5066 1642 5119 xvm,
1671 5053 1722 5107 3.
1758 5051 1805 5087 σο
1833 5049 2012 5108 Marc.
2043 5069 2158 5120 xxv,
2196 5056 2252 5110 44

2386 5056 2560 5112 Joan.
2588 5069 2744 5124 xviii,
2779 5059 2828 5124 ti,
2863 5060 2917 5112 6.-

1793 5159 2020 5229 Variae
2055 5160 2388 5231 lectiones
2429 5172 2494 5230 et
2525 5172 2724 5231 notae.

663 5279 781 5423 (57)
813 5279 1112 5356 Πρὸκειται.
1140 5281 1274 5338 cod.
1303 5284 1368 5338 A.

690 5355 756 5408 58
866 5353 1115 5408 Lexicon
1184 5354 1392 5410 incdit.
1475 5359 1664 5423 σπεῖρα
1730 5355 1960 5423 σύνάξις,
2047 5353 2243 5420 πλῆθος

2425 5293 2437 5348 t
2451 5287 2540 5358 62)
2581 5287 2884 5362 Cbrysost.
2918 5287 3206 5363 tomﬂfll,
3229 5304 3293 5362 p.
3329 5289 3461 5362 793.

2425 5359 2538 5423 (63)
2583 5365 2681 5411 Καί
2710 5361 2924 5414 omittit
2951 5359 3084 5415 cod.
3114 5362 3180 5414 Α.

690 5353 781 5423 58)
861 5353 1115 5428 Lexicon
1184 5354 1392 5410 incdit.
1475 5359 1664 5428 σπεῖρα
1730 5355 1960 5423 σύνάξις,
2047 5353 2243 5420 πλῆθος

2425 5353 2538 5428 (63)
2583 5353 2924 5428 ιιᾳίόωίιιὶι
2951 5359 3084 5415 cod.
3114 5353 3180 5414 Ἀ.

663 5359 781 5423 (58)
866 5359 1115 5436 hexicon
1184 5359 1392 5410 incdit.
1475 5359 1664 5428 σπεῖρα
1730 5359 1960 5423 σύνάξις,
2047 5359 2243 5420 πλῆθος

1066 5495 1276 5573 codex
1305 5496 1350 5551 A
1380 5495 1563 5553 habet
1586 5496 1647 5554 in
1687 5497 1977 5571 margine.
2025 5500 2240 5559 Hente-

2583 5359 2924 5442 Kat’omitti‘t
2951 5359 3084 5415 cod.
3114 5359 3180 5414 Ἀ.
3232 5359 3251 5362 ⁷
3381 5359 3386 5362 ’

2449 5433 2514 5486 64
2579 5436 2682 5482 Ουν
2714 5435 2926 5488 omittit
2963 5433 3097 5486 cod.
3138 5432 3205 5486 A.

2447 5502 2534 5570 65)
2573 5506 2759 5569 Μόνον,
2791 5501 2968 5559 habet
2991 5502 3125 5559 cod.
3156 5503 3410 5573 Apaulo
3455 5507 3615 5573 ante,
3670 5509 3807 5573 post
3859 5507 3882 5560 ύ

807 5493 1276 5584 inclusa‘codex
1305 5496 1350 5551 A
1380 5495 1563 5553 habet
1586 5496 1647 5554 in
1687 5497 1977 5571 margine.
2025 5500 2240 5559 Hente-
2423 5493 2543 5584 (65)
2573 5506 2759 5582 Μόνον,
2791 5501 2968 5559 habet
2991 5502 3125 5584 cod.
3156 5504 3203 5558 A
3227 5503 3410 5575 paulo
3455 5507 3615 5576 ante,
3670 5509 3807 5578 post
3859 5507 3954 5560 ὑπ-

587 5563 726 5624 nius
756 5563 879 5619 non
900 5563 1101 5622 habet.

661 5635 775 5789 εει
809 5630 1119 5767 recte
1314 5638 1388 5765 ι·

2350 5577 2604 5627 ενεσνκεῖν.’

814 5619 1104 5709 Παραδούς.
1147 5635 1284 5694 Cod.
1317 5638 1388 5694 A.

814 5709 877 5763 At
900 5707 1119 5767 omittit
1147 5707 1284 5767 Cod.
1314 5709 1385 5767 A.

2357 5619 2700 5721 "166513...
2727 5646 2958 5720 ἔχοντες,
2985 5645 3154 5705 addit
3181 5619 3319 5713 cod.
3345 5651 3388 5701 Α
3417 5650 3530 5704 και.
