4170 6334
238 306 245 359 ῖ
277 321 401 381 ess
1259 317 1622 377 COMNENT.
1669 315 1741 373 lN
1791 312 2236 372 MATTHJEUM.
2279 347 2342 360 -
2386 315 2540 374 CAP.
2583 316 2781 374 xxvr.
3528 316 3660 385 eeo

236 462 243 475 "
280 451 427 522 μετὰ
480 455 573 503 τοῦ
624 435 905 523 προδότου·
944 449 1241 522 μαχαίραις
1288 441 1348 500 δὲ
1393 451 1482 498 καὶ
1533 444 1703 508 ξύλοις
1733 442 1872 496 ὠπλι·

1996 446 2211 507 essent,
2242 441 2511 499 dissoluti
2535 446 2673 499 sunt
2703 447 2758 500 et
2785 443 3147 501 ceciderunt.
3189 442 3513 517 Postquam
3550 457 3657 511 au-

284 544 475 608 σμένοι
555 539 884 610 τυχοίνοντες,
982 537 1293 611 παρελύοντο
1377 540 1466 588 καὶ
1553 540 1865 587 κατέπιπτον

1996 534 2117 587 tem
2148 548 2323 588 suam
2366 531 2626 588 ostendit
2669 533 2971 599 virtutem,
3018 532 3303 605 deinceps
3347 532 3650 606 permittit,

240 648 243 651 ‘
285 630 437 683 Ἐπεὶ
478 623 535 680 δὲ
582 624 748 690 ἔδειξε
793 631 887 684 τήν
925 626 1085 698 ἰσχύν
1135 625 1317 693 αὐτοῦ,
1346 630 1461 678 τότε
1516 624 1693 676 λοιπόν
1737 642 1872 676 συνε-

1995 635 2065 675 ac
2094 621 2307 676 iterum
2334 619 2723 689 interrogavit
2743 637 2847 677 eos
2875 641 2887 678 :
2916 624 3092 691 Quem
3118 624 3384 695 quartus
3411 623 3438 679 θ
3457 625 3528 679 At
3561 620 3653 678 illi

279 724 528 792 χωρησε,
580 721 670 769 καὶ
716 716 871 768 πάλιν
917 716 1108 775 αύτούς
1142 714 1447 789 ἐπηρώτησε
1481 732 1492 745 ·
1540 719 1667 767 Τίνα
1707 714 1872 775 ζητεῖ-

1992 710 2302 773 dizerunt,
2331 712 2523 766 Jssum
2536 711 3269 781 Nazarenam.Respondit
3289 712 3456 769 Jesus
3476 731 3488 770 :
3508 711 3649 767 Dici

278 824 385 872 1's;
434 808 499 859 Οἱ
576 804 635 859 δὲ
684 805 861 859 εἷπον·
929 805 1131 862 Ἰησοῦν
1201 808 1287 856 τὸν
1356 804 1685 879 Ναζωραῖον.
1740 803 1872 856 Ἀπε-

1991 798 2169 867 vobis,
2196 799 2352 868 quod
2379 813 2479 868 ego
2502 814 2659 855 sum.
2696 799 2763 855 Si
2785 817 2909 871 ergo
2928 816 3019 857 me
3041 801 3330 872 quaeritis,
3356 801 3531 857 sinite
3550 799 3645 857 hos

275 899 443 971 κρίθη
492 896 703 957 Ἰησοῦς
736 911 750 925 ⁸
812 890 967 947 Εἶπον
1002 894 1144 965 ὑμῖν,
1187 895 1263 945 ὅτι
1321 894 1451 965 Ἐγώ
1508 894 1629 965 εἰμι.
1692 892 1751 945 Εἰ
1798 889 1872 944 oin

1992 887 2159 943 abire
2194 888 2262 941 ⁸⁸.
2293 887 2477 943 Judas
2502 903 2637 943 vero
2666 887 2759 942 his
2791 904 3033 961 quoque
3061 891 3141 946 ita
3170 890 3359 956 factis,
3389 905 3513 946 non
3550 891 3645 946 est

275 982 375 1055 ἐμὲ
448 981 670 1052 ζητεῖτε,
726 985 875 1056 οῖφετε
942 986 1155 1043 τούτους
1228 983 1463 1055 ὑπάγειν.
1521 982 1579 1035 Ὀ
1633 978 1692 1034 δὲ
1754 980 1872 1034 Ἰού·

1990 980 2259 1032 mutatus
2291 995 2303 1034 :
2332 991 2443 1031 nec
2469 976 2720 1033 minimo
2745 977 2984 1049 quidem
3024 983 3248 1050 puncto
3279 978 3354 1035 ab
3381 978 3478 1036 his
3503 993 3639 1052 qua

275 1069 406 1143 δας,
457 1078 547 1126 καὶ
618 1075 814 1126 τούτων
886 1075 1019 1124 οὕτω
1091 1077 1387 1145 γινομένων,
1457 1072 1516 1124 ού
1589 1069 1872 1144 μετεϐλήθη

1990 1064 2387 1136 disposuerat,
2423 1064 2719 1121 discessit.

273 1168 383 1214 κᾶν
407 1169 531 1235 γοῦν
560 1166 766 1237 μικρὸν,
798 1157 922 1214 οὐδὲ
944 1170 1045 1213 τῶν
1074 1158 1399 1234 δεδογμένων
1424 1160 1709 1233 ἀπέσχετο.

364 1258 461 1306 Καὶ
522 1253 705 1314 εύθίως
745 1283 812 1292 -
868 1251 1041 1306 αὐτόν.
1076 1257 1212 1309 Φησὶ
1267 1249 1327 1304 d's
1376 1256 1461 1304 xui
1502 1252 1635 1323 (67).
1674 1256 1881 1311 Λουκᾶς

275 1341 444 1395 εἰπεῖν
510 1345 596 1394 τὸν
648 1344 876 1414 Χριστόν
930 1344 1058 1415 πρὸς
1116 1338 1344 1407 Ἰούδαν,
1404 1340 1686 1413 ἕγγίσαντα
1732 1340 1879 1412 φιλῆ-

276 1449 377 1483 σαι
412 1431 586 1483 αὐτόν·
646 1428 840 1498 Ἰούδα,
902 1429 1153 1502 φιληματι
1208 1434 1295 1483 τόν
1353 1433 1472 1483 Υίόν
1533 1436 1624 1482 τοῦ
1683 1427 1876 1501 ἀνθρώ-

264 1537 379 1572 που
455 1517 805 1595 παραδίδως;
860 1522 1223 1593 Μακροθύμως
1282 1523 1383 1593 γὰρ
1464 1519 1653 1583 ἐξεῖπεν
1734 1519 1873 1589 αύτῷ

266 1613 366 1661 καὶ
414 1612 500 1661 τόν
554 1612 746 1662 σκοπόν
803 1616 896 1661 τοῦ
959 1608 1265 1682 φιλήματος,
1316 1613 1404 1660 καὶ
1472 1604 1870 1681 προσωνείδισε,

2058 1294 2223 1351 Vers.
2256 1294 2345 1351 49.
2377 1296 2455 1351 Et
2484 1294 2767 1365 confestim
2800 1326 2855 1338 —
2888 1310 3039 1353 eum.
3072 1296 3166 1353 Ait
3195 1298 3399 1355 autem
3445 1299 3639 1357 Lucas

1985 1384 2203 1441 dixisse
2222 1384 2517 1441 Christum
2528 1384 2556 1440 J
2567 1384 2698 1441 udae
2713 1402 2851 1442 cum
2866 1386 3261 1457 accederet,ut
3272 1388 3641 1447 oscularetur

1983 1492 2123 1532 eum
2150 1476 2353 1541 :Juda,
2371 1476 2557 1532 osculo
2571 1476 2791 1533 Filium
2811 1476 3065 1533 hominis
3088 1478 3277 1534 tradis
3294 1480 3339 1515 δ’
3363 1480 3390 1535 ‘2
3410 1480 3640 1537 Patien-

1982 1569 2068 1621 ter
2092 1565 2251 1621 enim
2283 1564 2576 1636 expressit
2604 1564 2657 1620 ei
2688 1565 2784 1636 (ᾔ)
2816 1580 2938 1637 quo
2970 1565 3089 1621 fine
3122 1566 3293 1621 fuerit
3337 1567 3433 1623 ille
3462 1584 3636 1625 oscu-

1979 1652 2176 1721 latus;
2210 1659 2264 1710 et
2294 1653 2672 1725 exprobravit
2716 1652 2883 1726 quod
2929 1655 3150 1710 amoris
3184 1655 3426 1727 signum
3470 1655 3638 1712 fecis-

1882 1775 1947 1843 εδ
1984 1748 2072 1801 set
2110 1744 2351 1815 signum
2411 1742 2806 1815 proditionis;
2860 1747 2917 1800 et
2964 1747 3167 1800 tamen
3220 1761 3343 1801 non
3395 1746 3632 1818 repulit,

1982 1834 2090 1890 sed
2115 1838 2171 1890 et
2195 1832 2471 1889 osculum
2497 1832 2774 1904 suscepit,
2798 1835 2855 1888 et
2879 1848 2940 1889 se
2968 1836 3032 1889 ut
3056 1833 3454 1890 abduceretur
3482 1851 3633 1908 prae-

1978 1922 2125 1979 buit.
2172 1922 2271 1978 Ille
2321 1926 2521 1978 autem
2572 1938 2710 1977 cum
2760 1924 2989 1977 tantum
3042 1924 3364 1994 accepisset
3410 1925 3633 1996 experi-

1976 2016 2247 2068 mentum
2293 2010 2528 2066 virtutis
2561 2009 2717 2066 illius
2743 2014 2799 2066 et
2826 2010 3215 2066 humanitatis
3242 2028 3309 2067 ac
3355 2028 3632 2068 mansue-

1976 2101 2212 2167 tudinis,
2265 2100 2433 2157 omni
2488 2104 2688 2156 tamen
2743 2100 3073 2172 permansit
3126 2099 3253 2157 fera
3308 2100 3627 2157 crudelior.

264 1703 557 1756 ποιήσαντι
614 1702 672 1752 τό
728 1698 980 1772 σύμϐολον
1032 1707 1124 1760 τῆς
1174 1697 1384 1769 ἀγάπης
1437 1697 1691 1771 σύμϐολον
1743 1716 1876 1773 προ-

266 1784 504 1849 δοσίας·
553 1793 640 1841 καὶ
693 1789 825 1861 ὅμως
884 1788 976 1841 οὐκ
1032 1787 1299 1852 ἀπώσατο,
1362 1786 1490 1840 ἀ).λά
1541 1792 1630 1839 καὶ
1683 1790 1740 1839 τό
1796 1791 1874 1858 φί-

260 1875 417 1950 λημα
483 1873 715 1943 ἐδέξατο,
756 1883 845 1930 καὶ
902 1880 1165 1951 παρέσχεν
1219 1877 1398 1929 ἑαυτὸν
1452 1876 1524 1938 εἰς
1573 1875 1686 1947 (68)
1742 1874 1871 1927 ἀπα-

261 1972 467 2039 γωγήν.
527 1967 586 2019 Ὀ
645 1963 723 2031 δὲ,
786 1972 875 2020 καὶ
940 1975 1033 2028 τῆς
1093 1964 1355 2039 δυνάμεως
1408 1966 1563 2018 αὐτοῦ
1612 1968 1868 2023 τοσαύτην

259 2053 440 2107 λαϐὼν
496 2051 785 2121 ἀπόδειξιν,
847 2061 936 2109 καὶ
992 2063 1081 2116 τῆς
1138 2055 1414 2117 ἐπιεικείας
1464 2060 1553 2108 καὶ
1615 2056 1865 2127 ἡμερότηο

261 2163 375 2207 τος,
402 2148 581 2219 θηρίου
612 2148 804 2207 παντός
832 2144 1193 2220 χαλεπώτερος
1225 2148 1407 2217 ἔμενεν.

342 2232 403 2286 Ὀ
468 2231 526 2287 δὲ
603 2234 805 2294 Ἰησοῦς
864 2266 933 2275 -
1006 2237 1179 2309 πάρει.
1256 2233 1391 2308 Ὀρα
1474 2233 1864 2307 εύσπλαγχνίαν

261 2320 666 2395 ἀνεκδιήγητον,
720 2322 892 2395 ’Ἄχρι
953 2326 1050 2396 γὰρ
1129 2328 1217 2375 καὶ
1295 2321 1584 2397 παρεδόθη,
1648 2321 1862 2383 ἐκήδετο

2042 2332 2466 2390 Vers.50.Jesus
2481 2331 2977 2389 autem—venisti.
2998 2332 3136 2388 Vide
3153 2332 3627 2391 misericordiam

255 2421 355 2464 τοῦ
416 2409 697 2487 προδότου.
757 2416 843 2465 Διὸ
919 2418 1007 2465 καὶ
1073 2420 1159 2464 νῦν
1223 2412 1423 2485 ἑταῖρον
1483 2413 1719 2486 ὠνόμασε
1774 2419 1861 2467 τὸν

1992 2422 2455 2480 nenarrabilem.
2499 2422 2805 2494 Siquidem
2850 2420 3041 2476 donec
3080 2422 3332 2478 traditus
3378 2426 3484 2488 est,
3518 2423 3626 2481 fuit

253 2504 539 2573 ἔχθιστον.
594 2504 663 2555 Τό
719 2497 796 2567 δὲ,
849 2500 959 2574 Ἐφ’
1111 2505 1282 2574 πάρει,
1330 2502 1422 2554 ούκ
1466 2501 1861 2577 ἒρωτηματικῶς

1986 2513 2055 2570 lli
2105 2529 2248 2569 cura
2294 2512 2369 2567 de
2414 2511 2731 2582 proditore.
2778 2512 2914 2566 Ideo
2961 2510 3121 2579 enim
3169 2526 3324 2566 nunc
3344 2510 3625 2569 amicum

253 2589 633 2662 ἀναγνωστέον·
698 2589 945 2662 ἐγίνωσκε
989 2594 1110 2663 γὰρ,
1159 2589 1231 2663 ἐφ’
1382 2596 1699 2666 παρεγένετο·
1752 2592 1857 2645 ἀλλ’

1986 2601 2296 2656 mminavit
2330 2615 2490 2666 eum,
2539 2599 2642 2671 qui
2685 2602 2810 2654 erat
2846 2597 3148 2655 inimicus.
3199 2598 3372 2665 Quod
3419 2604 3624 2656 autem

252 2680 639 2754 ἀποφάντικῶς.
682 2680 839 2738 Δηλοῖ
879 2676 938 2732 δε
977 2681 1055 2732 ότι
1096 2680 1170 2734 Δι’
1204 2679 1228 2731 ὃ
1260 2686 1638 2755 παραγέγονας,
1674 2686 1854 2753 ἤγουν,

1986 2690 2139 2745 tddit
2166 2706 2177 2745 :
2203 2688 2294 2744 Ad
2317 2688 2477 2761 quod
2496 2688 2705 2744 venisti
2729 2688 2757 2744 7
2780 2703 2901 2743 non
2923 2692 3013 2743 est
3037 2702 3145 2759 per
3172 2688 3424 2746 modum
3446 2689 3624 2744 inter-

252 2773 315 2821 τὸ
369 2772 502 2822 κατά
542 2772 736 2822 σκοπόν
785 2775 998 2843 πρᾶττε,
1032 2776 1122 2821 τοῦ
1175 2775 1559 2843 προσχήματος
1588 2770 1852 2844 ἀφέμενος.

1986 2777 2294 2847 'ogationis
2306 2776 2627 2846 legendum
2644 2793 2658 2836 :
2679 2775 3073 2831 sciebatenim
3088 2775 3165 2831 ad
3181 2776 3324 2847 quid
3353 2780 3619 2843 venerat;

250 2862 457 2920 Σκοπὸς
512 2861 600 2930 μὲν
648 2861 749 2932 γὰρ
799 2855 859 2916 ἧν
911 2860 941 2917 ἡ
999 2855 1281 2934 προδοσία,
1334 2865 1631 2933 πρόσχημα
1688 2857 1747 2915 δε
1797 2866 1854 2915 τὸ

1986 2867 2073 2922 led
2117 2866 2472 2922 enuntiative
2524 2881 2537 2932 ;
2585 2863 2881 2934 significat
2910 2864 3069 2920 enim
3121 2884 3135 2920 :
3168 2864 3258 2919 Ad
3288 2864 3349 2920 id
3379 2869 3622 2937 propter

257 2948 465 3022 φίλημα
485 2949 574 3000 καὶ
604 2948 628 2999 ὁ
656 2946 824 3020 λόγος·

1986 2955 2130 3028 [uod
2149 2954 2461 3018 advenisti,
2481 2953 2543 3009 id
2559 2958 2665 3017 est,
2676 2954 2842 3022 juxta
2856 2952 3153 3009 intentum
3170 2958 3338 3009 tuum
3370 2968 3619 3025 operare

1963 3044 2164 3100 relicto
2216 3043 2580 3100 velamento.
2619 3042 2779 3097 Finis
2830 3041 3129 3114 siquidem
3161 3046 3289 3098 erat
3334 3041 3615 3114 proditio,

1884 3127 1929 3197 Β
1960 3133 2369 3190 velamentum
2401 3136 2624 3195 autem,
2652 3131 2927 3187 osculum
2951 3134 3009 3187 et
3032 3146 3248 3187 sermo.

2032 3223 2200 3278 Vers.
2236 3226 2322 3277 50.
2347 3222 2727 3276 Tunc—eum.
2755 3220 3095 3277 Secundum
3120 3219 3328 3275 datum
3351 3218 3612 3289 signum.

328 3292 430 3340 Καὶ
487 3284 602 3340 ἰδού
655 3319 723 3327 -
780 3291 951 3340 ὠτίον.
1007 3287 1066 3341 Ὀ
1124 3284 1182 3341 δὲ
1250 3295 1451 3349 Λουκᾶς
1503 3290 1723 3361 ἔγραψεν
1773 3293 1852 3343 ὅτι

2032 3311 2198 3366 Vers.
2259 3310 2345 3365 51.
2394 3310 2473 3363 Et
2534 3322 2663 3365 ecce
2712 3340 2780 3348 —
2819 3308 3170 3364 auriculam.
3200 3309 3383 3363 Lucas
3408 3284 3612 3364 autem

247 3373 472 3438 Ἰδόντες
530 3380 577 3429 οἱ
656 3380 771 3451 περὶ
855 3377 1009 3429 αὐτὸν
1066 3380 1125 3429 τὸ
1217 3376 1453 3450 ἐσόμενον
1526 3376 1663 3431 εἶπον
1738 3376 1849 3451 (69)

1986 3400 2195 3471 ῖοτὶρεὶῐ
2230 3413 2241 3453 :
2286 3398 2557 3454 Videntes
2614 3398 2676 3452 hi
2703 3397 2796 3467 qui
2839 3397 2993 3453 circa
3034 3399 3221 3465 ipsum
3264 3401 3431 3452 erant
3462 3397 3613 3468 quod

246 3467 427 3537 αύτῷ·
490 3469 668 3541 Κύριε,
713 3466 763 3518 οἰ
813 3465 1105 3539 πατάξομεν
1164 3465 1213 3518 ἐν
1268 3471 1555 3540 μαχαίρας
1596 3471 1696 3520 Καὶ
1731 3466 1850 3519 ἐπά-

1986 3465 2225 3544 ‘uturum
2265 3487 2421 3551 erat,
2461 3465 2747 3542 dixerunt
2779 3486 2849 3551 ei,
2878 3485 3125 3541 Domine
3164 3465 3611 3555 percutiemusne

241 3555 394 3618 ταξεν
449 3554 515 3616 εἷς
571 3573 651 3616 τις
686 3574 687 3579 ‘
729 3553 783 3617 ἐξ
857 3554 1023 3606 αὐτῶν
1094 3559 1180 3607 τὸν
1256 3553 1438 3608 δοῦλον
1508 3563 1598 3607 τοῦ
1669 3554 1850 3629 ἀρχιε-

1986 3576 2190 3633 νιαίίίοῗ
2219 3578 2297 3633 Et
2323 3575 2598 3647 percussit
2638 3590 2788 3630 unus
2840 3574 3136 3646 quispiam
3165 3553 3243 3630 ex
3278 3574 3357 3628 eis
3386 3588 3609 3630 servum

243 3649 398 3719 ρέως,
462 3650 550 3696 καὶ
613 3641 808 3716 ἀφεῖλεν
861 3644 1023 3696 αὐτοῦ
1070 3647 1128 3696 τὸ
1182 3642 1270 3705 οὖς
1324 3647 1381 3696 τό
1442 3642 1629 3707 δεξιόν.
1687 3644 1745 3697 Ὀ
1796 3642 1848 3696 δ’

1986 3668 2247 3737 "incipis
2270 3665 2656 3732 sacerdotum,
2686 3671 2736 3719 et
2765 3663 3097 3735 amputavit
3118 3663 3453 3719 auriculam
3480 3664 3608 3731 ejus

242 3735 489 3796 Ἰωάννης
541 3731 769 3793 ἐδήλωσε
825 3738 913 3786 καὶ
971 3737 1057 3786 τὸν
1111 3734 1430 3799 πατάξαντα,
1486 3734 1626 3786 εἰπόν
1680 3734 1794 3805 (70)
1830 3751 1841 3763 ·

1986 3731 2233 3812 Zextram
2283 3754 2352 3808 ⁷ο.
2404 3731 2665 3807 Joannes
2721 3731 2878 3807 vero'
2916 3767 3054 3807 eum
3084 3765 3325 3822 quoque
3356 3749 3606 3805 manife-

243 3829 417 3895 Σίμων
496 3818 582 3875 οὖν
654 3827 845 3896 Πέτρος
918 3824 1055 3894 ἔχων
1117 3824 1409 3897 μάχαιραν,
1463 3821 1693 3875 εἵλκυσεν
1756 3824 1839 3874 αύ-

1986 3843 2124 3900 tavit
2145 3842 2250 3914 qui
2268 3840 2576 3913 percussit,
2600 3840 2804 3895 dicens
2824 3859 2836 3898 :
2856 3840 3053 3895 Simon
3075 3854 3213 3910 ergo
3235 3840 3447 3894 Petrus
3470 3853 3604 3894 cum

243 3918 365 3981 τὴν,
436 3917 527 3964 καὶ
592 3912 773 3965 ἔπαισε
847 3915 933 3963 τόν
1004 3918 1092 3963 τοῦ
1152 3910 1435 3986 ἀρχιερέως
1496 3909 1699 3977 δοῦλον,
1754 3917 1843 3964 καὶ

1986 3909 2193 3988 κτὸενεέ
2211 3909 2495 4001 gladium,
2514 3929 2926 3991 exseruiteum,
2947 3931 2999 3983 et
3015 3909 3294 3997 percussit
3303 3925 3603 3996 pontificis

243 4001 501 4073 ἀπέκοψεν
553 4000 714 4054 αὐτοῦ
779 4003 835 4053 τὸ
889 4001 1039 4052 ὠτίον
1108 4003 1166 4052 τὸ
1226 3997 1412 4063 δεξιόν.
1473 4000 1569 4053 Ἤν
1624 3997 1682 4053 δὲ
1732 4001 1840 4073 (Ἠ)

1986 3997 2893 4090 ervum,amputavitque,auricu
2902 4017 3016 4072 lam
3029 4016 3155 4083 ejus
3171 4014 3602 4070 dextramErat

245 4095 409 4163 ὄνομα
490 4099 561 4161 τῷ
639 4087 809 4161 δούλῳ
881 4088 1116 4161 Μάλχος.
1197 4088 1313 4142 Ἔτι
1381 4092 1478 4163 γὰρ
1528 4098 1628 4142 τῶν
1677 4089 1839 4143 ἄλλων

1986 4118 2147 4166 utem
2178 4087 2391 4165 nomen
2436 4087 2605 4164 servo
2631 4105 2905 4161 Mulchus
2939 4106 3008 4158 τί.
3037 4106 3183 4159 Nam
3233 4118 3370 4157 cum
3401 4101 3602 4157 adhuc

245 4182 565 4254 ἑρωτώντων,
625 4180 780 4243 αὐτὸς
858 4179 952 4233 ούκ
1029 4178 1298 4251 ἀναμείνας
1371 4185 1464 4238 τὴν
1539 4180 1837 4255 ἀπόκρισιν,

1986 4200 2144 4255 ueteri
2168 4199 2619 4266 interrogarent,
2648 4196 2775 4266 ipse
2812 4208 2933 4248 non
2966 4195 3304 4261 exspectata
3349 4205 3602 4262 respon-

246 4273 333 4325 οἶα
387 4272 716 4344 θερμότατος,
800 4268 1044 4332 ἐπάταξεν
1102 4273 1190 4341 μὲν
1268 4272 1403 4322 κατά
1451 4278 1539 4331 τῆς
1594 4271 1834 4343 κεφαλῆς,

1986 4289 2134 4352 ioue,
2172 4293 2371 4359 utpote
2400 4283 2893 4352 ferventissimus,
2920 4280 3210 4353 percussit
3266 4278 3513 4351 quidem
3540 4278 3603 4334 in

248 4358 477 4428 ἀπέκοψε
535 4355 593 4411 δὲ
638 4363 695 4411 τό
750 4359 913 4413 ὠτίον.
951 4354 1113 4429 Εἶχον
1160 4361 1260 4433 γὰρ
1322 4355 1418 4410 δύο
1462 4365 1747 4433 μαχαίρας,
1776 4364 1839 4420 ὡς

1986 4381 2150 4448 aput,
2184 4354 2289 4430 sed
2318 4374 2645 4429 auriculam
2678 4370 3037 4442 amputavit.
3102 4367 3413 4424 Habebant
3440 4365 3601 4422 enim

248 4452 338 4520 ἔφη
410 4454 628 4513 Λουκᾶς,
688 4447 788 4500 ἀπὸ
859 4453 950 4499 τοῦ
1028 4443 1236 4499 δείπνου
1304 4450 1513 4511 ταύτας,
1575 4451 1639 4508 ὡς
1686 4452 1833 4513 ἔοικε,

1986 4420 2019 4431 ..
2072 4420 2150 4443 ...,
2184 4420 2289 4430 ην..
2318 4420 2645 4429 ......-..-..._
2679 4420 3037 4442 ___,.___._--
3102 4420 3343 4424 --μ-ρ---
3376 4420 3411 4423 ,_
3448 4420 3489 4421 κν
3542 4420 3599 4422 ἡ

1995 4420 2101 4519 uis
2132 4465 2383 4534 gladios,
2436 4464 2589 4517 sicut
2637 4461 2780 4515 dixit
2827 4460 3015 4514 Lucas
3064 4459 3136 4522 ⁷³,
3169 4472 3339 4528 quos,
3364 4460 3428 4519 ut
3457 4455 3602 4510 veri-

244 4535 504 4607 λαϐόντες,
530 4536 754 4609 μεγάλας
809 4539 988 4601 οὔσας,
1043 4538 1176 4588 ὥστε
1231 4538 1474 4609 χρῆσθαι
1525 4539 1655 4608 πρὸς
1703 4538 1837 4608 άμυς

1986 4552 2138 4608 imile
2164 4557 2272 4621 est,
2302 4568 2337 4607 a
2362 4567 2534 4607 coena
2551 4552 2967 4622 sumpserant:
2998 4545 3217 4617 quibus
3243 4548 3445 4615 utpote
3477 4559 3601 4599 ma-

329 3184 455 3233 Τότε
482 3210 547 3221 -
579 3179 750 3234 αὐτόν.
788 3182 934 3233 Κατὰ
956 3183 1016 3233 τὸ
1058 3182 1319 3253 σύνθημα.

240 4645 331 4679 ναν
356 4634 454 4678 τῶν
485 4626 679 4678 ἐπιέναι
705 4624 1002 4698 μελλόντων.

1986 4643 2081 4698 nis
2109 4641 2194 4697 uti
2246 4644 2490 4714 possent
2538 4640 2596 4694 in
2664 4637 2951 4694 auxilium
3012 4634 3304 4689 abversus
3360 4647 3462 4688 eos
3494 4631 3600 4704 qui

1948 4731 2213 4787 invasuri
2244 4733 2430 4786 erant.
3596 4746 3597 4749 η

315 4818 447 4876 ῐδών
506 4818 566 4875 δι
620 4823 679 4873 τὸ
731 4822 939 4892 γεγονὸς
982 4821 1008 4871 ό
1038 4824 1289 4895 Χριστός,
1323 4816 1456 4873 εἶπεν
1483 4840 1495 4853 ·
1548 4821 1689 4874 Ἐᾶτε
1727 4824 1837 4884 ’ἔως

2021 4820 2242 4878 Videns
2289 4822 2486 4873 autem
2534 4816 2704 4869 Iesus
2747 4810 2905 4883 quod
2950 4809 3175 4865 factum
3226 4809 3368 4871 erat,
3427 4805 3593 4895 dixit,

237 4915 471 4966 τούτου.’
507 4917 609 4964 Καὶ
690 4908 951 4982 ἁψάμενος
1017 4917 1107 4962 τοῦ
1194 4910 1347 4961 ὠτίου
1415 4910 1593 4973 αὑτοῦ,
1655 4910 1838 4964 ἰάσατο

1986 4910 2142 4966 τιηίιε
2170 4909 2287 4965 huc
2317 4919 2517 4977 usque,
2558 4907 2835 4975 tactaque
2879 4898 3037 4955 illius
3067 4895 3334 4953 auricula
3361 4894 3597 4950 sanavit

312 5038 358 5074 ⁸⁸
381 5039 541 5095 Joan.
572 5020 736 5102 xvm,
765 5035 817 5100 7,
844 5035 903 5091 8.
988 5033 1034 5070 ³9
1063 5033 1199 5090 Luc.
1233 5050 1375 5105 xxu,
1405 5035 1492 5090 48.
1571 5035 1618 5069 το
1647 5036 1790 5090 Luc.
1830 5052 1872 5091 x:

1997 5034 2087 5103 49,
2119 5033 2207 5088 50.
2285 5032 2329 5066 τι
2362 5032 2509 5087 Joan
2538 5042 2699 5093 xvui,
2732 5026 2820 5096 to,
2869 5024 2952 5080 li.
3028 5023 3079 5057 τ’
3119 5022 3254 5077 Luc.
3308 5034 3455 5076 χχιι.
3490 5017 3584 5077 38.

1454 5210 1666 5280 Variae
1686 5211 2020 5281 lectiones
2062 5218 2127 5277 et
2158 5215 2355 5275 notae.

312 5411 429 5483 (67)
452 5413 565 5483 _Kui
590 5407 808 5465 omittit
820 5406 969 5483 Δ(εοᾴ.
999 5410 1060 5483 ᾼ.

2019 5403 2135 5483 (‘70)
2170 5402 2345 5483 Εζπὼν
2402 5397 2619 5482 omittit
2645 5397 2708 5453 Β.
2758 5472 2777 5483 _
2979 5424 3039 5483 nr

312 5411 429 5548 (67?
464 5413 565 5463 Kui
590 5407 808 5465 omittit
836 5406 969 5462 cod.
999 5410 1060 5461 Α.

311 5486 400 5547 (68
449 5481 777 5552 ’ὶ’παγο›γὴν.
814 5477 957 5552 _Cod.
992 5479 1056 5532 Α.

2019 5404 2113 5476 (⁸70
2177 5403 2345 5456 Εἰπὼν
2402 5403 2619 5456 omittit
2645 5403 2708 5453 Β.
3036 5424 3039 5425 ν

2016 5403 2135 5549 (71;
2168 5479 2389 5545 Τὸνομα,
2417 5472 2517 5537 sic,
2551 5485 2660 5542 pro
2686 5472 2929 5543 τοῦνομα.
2976 5466 3118 5522 Cod.
3155 5472 3215 5520 Α.

312 5554 429 5626 (69)
464 5549 612 5624 Αὐτῷ
639 5549 852 5607 Omittit
882 5553 1023 5605 cod.
1060 5552 1124 5603 A.

310 5679 413 5753 (jj)
444 5678 743 5736 Patienter
765 5676 924 5735 enim
949 5673 1229 5745 expressit
1257 5675 1329 5733 ei.
1365 5674 1747 5749 indulgenter
1780 5672 2057 5748 patefecit
2081 5671 2153 5729 ei.
