4170 6334
569 302 670 365 691

1890 287 2236 349 EUTHYMII
2274 288 2605 353 ZIGABENI

540 445 710 489 ‘cum
733 428 805 484 τι.
836 428 986 486 Nam
1020 426 1079 483 et
1105 421 1222 481 hoc
1250 418 1484 480 addidit
1529 416 1744 476 Lucas.
1774 416 1990 475 Dicens
2022 417 2220 489 itaque

2332 413 2508 483 αὐτόν,
2551 414 2609 469 '0
2657 414 2816 479 αὐτὸς
2851 410 2912 471 δε
2958 420 3049 471 καὶ
3096 418 3245 471 τοῦτό
3298 434 3428 489 φησι
3476 418 3709 480 Λουκᾶς.
3766 416 3995 471 Εἰπὼν

567 520 879 576 Christus:
912 515 1091 571 Sinite
1118 514 1231 570 huc
1277 526 1483 584 usque,
1536 508 1795 567 ostendit
1840 507 2007 582 quod
2049 508 2223 577 juxta

567 605 1080 682 dispensationem
1109 603 1307 659 ablata
1338 602 1411 657 sit
1435 615 1601 657 servo
1633 596 1918 671 principis
1948 597 2222 653 sacerdo-

544 688 547 691 ’
566 702 694 756 tum
713 694 1069 760 auricula,in
1087 694 1327 762 signum
1340 690 1506 763 quod
1524 689 1822 761 principes
1836 685 2220 743 sacerdotum

565 803 691 862 prae
728 784 957 841 invidia
986 782 1195 839 auditu
1237 780 1446 853 privati
1477 782 1693 842 essent,
1743 792 1818 832 ne
1864 775 2137 831 audirent
2166 778 2223 830 et

566 876 954 945 intelligerent
1004 888 1105 927 eas
1135 886 1266 943 quae
1325 869 1401 923 de
1451 866 1587 939 ipso
1638 868 1807 922 erant
1852 864 2217 936 prophetiae.

567 965 805 1021 Sanans
828 967 1028 1018 autem
1049 959 1242 1023 illum,
1266 956 1524 1013 ostendit
1545 954 2010 1010 misericordiam
2034 967 2222 1024 quam

568 1069 712 1123 erga
757 1051 887 1107 illos
936 1050 1205 1117 haberet,
1258 1046 1544 1119 quodque
1592 1043 1667 1099 de
1692 1041 1823 1110 illis,
1854 1042 1905 1095 si
1940 1040 2224 1096 libuisset

568 1157 782 1215 poenas
831 1137 1183 1210 sumpsisset
1233 1154 1247 1204 ;
1280 1150 1489 1190 verum
1531 1130 1790 1187 ostendit
1819 1134 2089 1200 Oportere
2121 1145 2223 1200 po-

571 1232 688 1287 tius
712 1228 1004 1287 beneﬁcio
1035 1224 1263 1282 afﬁcere
1293 1220 1753 1279 malefacientes.
1782 1219 1894 1274 Sed
1916 1219 2223 1290 quomodo

571 1321 640 1391 is,
674 1319 778 1392 qui
810 1318 883 1373 de
930 1331 1050 1372 non
1097 1310 1438 1370 ulciscendo
1484 1309 1840 1366 mandatum
1891 1311 2219 1378 acceperat,

571 1409 773 1481 gladio
806 1405 1099 1479 percutit?
1125 1402 1395 1458 Primum
1452 1400 1697 1473 quidem
1748 1413 1865 1452 non
1899 1412 2001 1469 pro
2029 1396 2222 1466 seipso

569 1497 684 1554 hoc
714 1495 869 1561 fecit,
908 1493 1011 1550 sed
1068 1508 1177 1565 pro
1224 1493 1586 1560 Praeceptore
1622 1504 1635 1555 ;
1665 1486 1901 1549 deinde,
1950 1484 2223 1540 nondum

574 1586 875 1663 perfectus
926 1588 1050 1639 erat
1081 1601 1093 1639 :
1127 1579 1515 1654 postmodum
1561 1581 1760 1633 autem
1808 1574 2011 1630 videas
2067 1573 2225 1628 hunc

575 1678 884 1732 sexcentas
917 1672 1039 1745 pati
1068 1669 1328 1744 injurias,
1362 1672 1541 1743 atque
1574 1664 1779 1723 omnia
1805 1666 2111 1719 mansuete
2142 1666 2226 1718 to-

568 1764 881 1823 lerantem.

638 1854 934 1910 Admirarl
987 1850 1167 1906 etiam
1233 1845 1540 1921 quispiam
1622 1843 1853 1917 poterit,
1914 1840 2224 1915 quomodo

566 1959 692 2001 non
723 1937 1280 2012 comprehenderint
1341 1935 1670 2007 discipulos
1703 1948 1774 1989 ac
1806 1930 2225 1988 trucidaverint

567 2037 813 2107 propter
839 2030 899 2085 id
951 2027 1117 2101 quod
1149 2026 1373 2082 factum
1429 2023 1606 2079 estin
1656 2037 1890 2079 servum
1939 2019 2224 2093 principis

564 2119 966 2177 sacerdotum.
1003 2115 1117 2173 Sed
1144 2130 1279 2170 vere
1327 2114 1463 2184 ipsa
1491 2113 1677 2168 virtus
1734 2127 1870 2183 quae
1904 2110 2014 2166 hos
2046 2126 2226 2165 excie-

570 2213 810 2266 caverat
831 2223 901 2263 ac
923 2202 1459 2279 prostraverat,illa
1480 2202 1658 2257 etiam
1682 2206 1822 2256 tunc
1843 2200 2018 2269 iram,
2036 2214 2225 2271 quam

567 2298 645 2356 de
673 2296 957 2355 auriculas
1004 2293 1419 2366 amputatione
1460 2294 1879 2364 conceperant,
1914 2286 2215 2359 dispersit.

640 2405 805 2461 Vers.
862 2406 948 2460 52.
1028 2403 1195 2458 Tum:
1240 2401 1324 2456 ait
1368 2428 1438 2440 —-
1512 2398 1859 2454 morientur.
1931 2394 2045 2450 Ubi
2087 2409 2227 2449 eum

565 2488 801 2565 increpa
813 2498 934 2549 sset
955 2491 1377 2562 docuit,neque
1393 2488 1574 2544 etiam
1596 2502 1703 2558 pro
1720 2486 1840 2541 Deo
1852 2481 2230 2540 defendendo

565 2582 857 2638 utendum
870 2597 1001 2637 esse
1019 2580 1246 2651 gladio.
1270 2578 1378 2633 Per
1403 2576 1669 2647 gladium
1686 2572 2045 2630 veroomnia
2059 2587 2227 2628 arma

562 2670 890 2742 prohibuit.
914 2669 1089 2736 Quod
1117 2673 1321 2724 autem
1352 2666 1495 2721 dicit
1521 2682 1534 2721 :
1567 2665 1773 2721 Omnes
1804 2662 1903 2733 qui
1924 2660 2225 2730 accipiunt

562 2758 840 2829 gladium,
872 2756 1182 2829 prophetia
1206 2760 1293 2810 est
1338 2752 1692 2824 perditionis
1741 2750 2085 2807 Iudaeorum
2118 2750 2221 2821 qui

563 2847 856 2903 adversus
896 2846 1097 2917 ipsum
1149 2847 1458 2910 venerant,
1488 2844 1747 2897 Joannes
1776 2855 1918 2895 vero
1947 2839 2031 2896 ait
2081 2855 2219 2895 eum

563 2935 784 2991 dixisse
817 2957 829 2991 :
864 2934 954 2989 An
1002 2948 1118 2988 non
1152 2932 1339 2988 bibam
1383 2930 1659 2999 poculum
1687 2928 1838 3001 quod
1866 2928 2023 2984 dedit
2068 2929 2215 2985 mihi

562 3026 743 3083 Pater
762 3025 839 3081 7‘?
856 3021 1177 3079 ostendens
1196 3020 1325 3076 hinc
1342 3034 1464 3075 non
1477 3035 1512 3075 a
1532 3023 1822 3091 potestate
1836 3017 2070 3073 illorum
2089 3016 2215 3073 ﬁeri

564 3114 672 3171 sed
695 3112 885 3169 Patris
905 3110 1317 3185 permissione,
1342 3107 1629 3181 quodque
1654 3107 1806 3164 Patri
1832 3108 1907 3163 sit
1927 3106 2214 3163 obediens
2250 3105 2297 3171 α

562 3219 756 3276 usque
779 3202 858 3258 ad
886 3205 1158 3257 mortem.

634 3292 799 3348 Vers.
832 3296 918 3349 53.
943 3291 1035 3346 An
1059 3294 1239 3359 putas
1266 3319 1327 3328 —
1351 3288 1703 3358 angelorum
1725 3287 1754 3343 ?
1784 3285 1962 3354 Legio
1994 3300 2213 3357 agmen

561 3386 649 3438 est
696 3380 946 3437 militare
997 3377 1245 3434 maximi
1296 3375 1551 3433 numeri.
1608 3378 1735 3431 Non
1784 3375 1945 3431 dixit.
1989 3380 2211 3441 autem,

563 3470 821 3527 Possum
847 3484 950 3524 eos
980 3466 1247 3540 perdere,
1276 3481 1352 3521 ne
1386 3464 1654 3521 absurda
1705 3464 1866 3536 loqui
1915 3464 2209 3530 videatur,

561 3564 805 3631 propter
834 3561 1143 3628 susceptas
1174 3554 1535 3620 aﬂectiones,
1579 3569 1895 3609 maerorem
1923 3552 2210 3621 videlicet,

561 3662 870 3721 pavorem,
902 3645 1206 3715 agoniam,
1258 3643 1528 3710 sudores,
1556 3649 1612 3698 et
1630 3657 2003 3715 quaecunque
2034 3642 2214 3715 paulo

564 3740 699 3792 ante
721 3740 1009 3807 tanquam
1034 3734 1217 3790 homo
1237 3748 1452 3806 passus
1470 3736 1560 3789 est
1598 3732 1874 3788 Nondum
1897 3731 2056 3788 enim
2079 3747 2216 3790 eam

562 3840 747 3897 quam
770 3823 1040 3887 decebat,
1097 3827 1495 3895 conceperant
1546 3821 1621 3877 de
1647 3837 1718 3877 eo
1757 3821 2125 3893 opinionem,
2158 3824 2216 3877 et

562 3913 785 3970 idcirco
834 3912 1084 3969 humilia
1131 3912 1205 3968 de
1238 3927 1299 3968 se
1341 3911 1625 3983 loquitur.
1684 3911 1751 3965 In
1802 3914 1966 3965 tanto
2012 3915 2215 3966 autem

562 4018 815 4059 numero
844 4002 1106 4074 legiones
1132 4001 1276 4055 dixit
1324 4000 1677 4068 angelorum
1710 4003 1775 4053 ut
1803 3997 2046 4054 abunde
2079 4013 2218 4054 con-

562 4092 880 4153 forteteos,
930 4089 1035 4162 qui
1084 4088 1289 4142 timore
1338 4094 1507 4141 erant
1536 4102 1688 4157 pene
1739 4086 2013 4141 emortui.
2052 4089 2215 4142 Unus

562 4179 851 4250 siquidem
875 4176 1124 4245 angelus
1148 4175 1455 4246 quondam
1478 4178 1715 4229 centum
1738 4172 2218 4245 octogintaquin-

562 4283 680 4340 que
721 4264 903 4319 millia
937 4263 1251 4319 hominum
1298 4261 1462 4317 brevi
1507 4267 1773 4332 tempore
1804 4260 2096 4318 interfecit
2141 4263 2213 4317 ⁷⁸.

636 4356 796 4407 Vers.
822 4353 911 4406 δι.
941 4350 1308 4420 Quomodo~
1328 4350 1475 4421 fieri
1508 4353 1537 4405 ?
1560 4349 1679 4405 Nisi
1718 4349 1802 4406 ita
1826 4349 2218 4423 interemptus

564 4440 752 4503 fuero,
793 4438 999 4511 inquit,
1037 4439 1346 4510 quomodo
1390 4437 1852 4509 complebantur
1898 4438 2215 4510 Scriptum
2248 4448 2294 4507 D

565 4528 936 4601 propheticee,
982 4532 1276 4601 quotquot
1328 4528 1402 4583 de
1453 4533 1641 4584 morte
1685 4544 1819 4584 mea
1867 4528 2212 4600 loquuntur,

563 4634 700 4691 quae
723 4618 985 4673 scribunt
1004 4616 1169 4689 quod
1190 4617 1272 4673 ita
1291 4621 1556 4690 oporteat
1578 4617 1728 4685 ﬁeri,
1752 4618 1918 4690 quod
1941 4618 2020 4675 ita
2041 4635 2216 4691 opor-

565 4711 686 4764 teat
715 4722 810 4764 me
838 4706 989 4763 mori
1032 4705 1061 4761 ‘l

636 4797 799 4852 Vers.
835 4801 919 4852 55.
957 4796 1029 4852 In
1057 4794 1169 4852 illa
1196 4825 1264 4837 —
1293 4796 1771 4867 apprehendislis
1794 4811 1903 4853 me.
1949 4796 2217 4853 Ostendit

564 4884 654 4939 his
682 4900 940 4957 quoque,
975 4884 1137 4956 quod
1165 4900 1286 4940 non
1317 4901 1427 4941 sua
1467 4884 1680 4940 virtute
1710 4883 2215 4956 apprehenderint

564 4989 723 5030 eum.
759 4973 917 5029 Sicut
942 4972 1101 5029 enim
1140 4978 1277 5029 tunc
1306 4989 1428 5030 non
1473 4976 1794 5045 potuerunt
1838 4989 1968 5028 eum
2013 4989 2213 5044 appre-

561 5061 842 5126 hendere,
890 5061 972 5116 ita
1014 5076 1209 5132 neque
1256 5077 1432 5125 nunc,
1466 5061 1576 5116 nisi
1607 5060 1857 5116 omnino
1904 5061 2207 5117 voluisset.

562 5150 749 5205 Lucas
778 5163 918 5204 vero
948 5147 1032 5204 ait
1068 5148 1197 5206 hac
1231 5164 1370 5206 eum
1408 5148 1624 5205 dixisse
1648 5148 1760 5217 his,
1788 5149 1893 5222 qui
1923 5156 2209 5208 venerant

630 5354 679 5390 ⁷³
711 5353 847 5409 Luc.
877 5366 1017 5415 nn,
1048 5351 1138 5407 51.
1213 5352 1262 5387 ¹¹⁴
1291 5352 1461 5409 Joan.
1492 5368 1643 5420 XVlll,
1678 5353 1762 5409 11.

2256 1750 2306 1813 Β

2331 507 2421 577 μεν
2472 502 2560 558 οὖν
2616 506 2641 558 ό
2694 508 2926 579 Χριστὸς
2998 508 3078 559 ὅτι
3128 506 3261 569 Ἐως
3307 508 3515 572 τούτου,
3568 510 3817 579 ἐνέφηνεν
3901 509 3994 560 ὅτι

2330 595 2445 647 κατ’
2479 595 2777 667 οἰκονομίαν
2826 594 3057 668 ἀφῃρέθη
3102 598 3163 651 τὸ
3215 591 3302 657 οὖς
3347 596 3373 647 ὁ
3405 590 3590 657 δοῦλος
3620 602 3716 648 τοῦ
3752 594 3996 670 ἀρχιε-

2329 688 2479 758 ρέως,
2530 684 2602 745 εἰς
2661 691 2873 757 σημεῖον
2929 692 3020 738 τοῦ
3078 684 3419 759 ἀφαιρεθῆναι
3483 688 3605 745 τοὺς
3661 682 3991 758 ἀρχιερεῖς

2331 774 2431 825 ὑπό
2482 774 2667 844 φθόνου
2714 777 2773 825 τὸ
2824 771 3025 826 ἀκούειν
3073 782 3173 827 τῶν
3221 778 3340 847 περὶ
3393 773 3552 826 αὐτοῦ
3582 783 3983 847 προφητειὼν,

2332 864 2513 933 ἤγουν,

2332 946 2494 1012 ἔδειξε
2545 953 2634 1023 μὲν
2688 956 2777 1004 καὶ
2831 954 2918 1003 τόν
2968 951 3041 1014 εἰς
3102 951 3293 1013 αὐτοὺς
3342 950 3497 1015 ἔλεον,
3538 955 3630 1004 καὶ
3673 952 3765 1003 ὅτι
3816 953 3988 1023 ἠμύ-

2330 1057 2453 1091 νατο
2505 1037 2565 1090 ἂν
2618 1038 2803 1099 αὐτοὺς
2858 1042 2997 1112 εἴπερ
3050 1040 3245 1103 ἤθελεν,
3308 1036 3554 1103 Ἐδίδαξε
3612 1036 3671 1092 δὲ
3721 1045 3828 1092 καὶ
3894 1042 3985 1091 ὅτι

2330 1132 2429 1199 κρὴ
2473 1127 2675 1199 μᾶλλον
2722 1128 2998 1202 εὐεργετεῖν
3044 1133 3164 1191 τοὺς
3211 1138 3384 1192 κακῶς
3426 1136 3725 1191 ποιοῦντας.
3778 1128 3983 1184 Ἀλλὰ

2330 1224 2441 1277 πῶς
2472 1218 2497 1269 ό
2540 1222 2612 1289 μὴ
2677 1216 2965 1289 ἀμύνεσθαι
3019 1219 3380 1292 προσταχθεὶς
3426 1220 3687 1271 πατάσσει
3736 1216 3795 1270 έν
3852 1239 3983 1289 μα-

2592 865 2651 914 τὸ
2706 865 2935 915 συνιέναι
3001 865 3214 925 ταύτας.
3274 862 3570 935 ’ἰασάμενος
3627 859 3687 915 δε
3760 862 3984 929 αὐτὸν,

2332 1310 2501 1380 χαίρᾳ
2535 1324 2547 1369 ;
2582 1313 2790 1378 Πρῶτον
2832 1304 2922 1378 μέν
2972 1305 3076 1378 οὐχ
3121 1308 3247 1379 ὑπερ
3294 1306 3477 1359 ἑαυτοῦ
3523 1314 3676 1359 τοῦτο
3716 1312 3981 1365 πεποίη-

2332 1413 2436 1461 κεν,
2489 1392 2594 1446 ἀλλ’
2646 1395 2772 1467 ὑπὲρ
2825 1402 2915 1448 τοῦ
2990 1391 3321 1448 Διδασκάλου
3356 1412 3370 1425 ⁸

2332 1482 2491 1537 τέλειο
2502 1505 2522 1545 ς
2575 1480 2635 1541 ἧν
2670 1504 2683 1518 ο

3420 1397 3596 1449 ἔπειτα
3646 1400 3738 1448 καὶ
3801 1400 3978 1449 οὔπω

2738 1484 2951 1558 ὕστερον
3018 1481 3079 1537 δε
3155 1483 3313 1557 βλέπε
3370 1492 3551 1537 τοῦτον
3616 1490 3793 1561 μυρία
3854 1488 3975 1539 ποί-

2337 1591 2558 1644 σχοντα,
2591 1576 2680 1626 καὶ
2708 1574 2885 1647 πράως
2918 1572 3126 1627 ἅπαντα
3144 1574 3484 1646 ὑπομένοντα.

2408 1821 2710 1893 Θαυμάσειε
2762 1817 2813 1874 δ’
2861 1821 2922 1874 ἄν
2976 1840 3076 1890 τις,
3116 1829 3221 1883 πῶς
3261 1821 3321 1874 οὑ
3366 1820 3639 1875 συνέλαϐον
3689 1827 3784 1875 καὶ
3831 1825 3971 1882 τοὺς

2334 1912 2591 1983 μαθητὰς,
2665 1915 2755 1963 καὶ
2806 1909 3116 1982 κατέκοψαν,
3187 1907 3282 1965 διὰ
3349 1914 3409 1964 τό
3465 1916 3809 1984 γεγενημένον
3885 1912 3971 1973 εἰς

2334 2002 2420 2052 τόν
2484 1996 2668 2052 δοῦλον
2738 2008 2831 2051 τοῦ
2900 1998 3206 2073 ἀρχιερέως.
3263 1998 3399 2051 Ἀλλ’
3456 2002 3614 2063 ὄντως
3671 1998 3703 2059 ἦ
3758 2008 3962 2076 πηρὼ-

2339 2107 2481 2141 σασα
2525 2093 2614 2141 καὶ
2668 2088 2876 2163 ῥίψασα
2929 2090 3146 2150 τούτους
3192 2084 3416 2161 δύναμις
3460 2087 3623 2147 ἐκείνη
3677 2094 3770 2142 καὶ
3832 2096 3967 2143 τότε

2337 2174 2651 2231 διεσκέδασε
2720 2180 2804 2231 τὸν
2872 2175 2955 2231 ἐπὶ
3022 2185 3083 2255 τῇ
3144 2176 3381 2251 ἀποκοπῇ
3430 2185 3521 2231 τοῦ
3566 2178 3721 2231 ὠτίου
3778 2180 3963 2252 θυμὸν

2338 2286 2505 2318 αυτων
2515 2307 2527 2320 ι

2407 2360 2534 2409 Τότε
2604 2354 2738 2428 λέγει
2790 2387 2856 2398 -
2908 2355 3307 2427 ἀποθανοῦνται,
3364 2358 3719 2429 Ἐπιτιμήσας
3777 2357 3951 2430 αὐτῷ,

2339 2442 2555 2508 ἐδίδαξε
2624 2441 2754 2517 μηδ’
2828 2447 2954 2520 ὑπὲρ
3020 2453 3112 2498 τοῦ
3166 2453 3298 2499 Θεοῦ
3353 2449 3600 2520 χρῆσθαι
3656 2453 3944 2524 μαχαίρᾳ.

2340 2537 2435 2588 Διὰ
2487 2531 2545 2587 δὲ
2590 2543 2682 2597 τῆς
2736 2538 3011 2608 μαχαίρας
3062 2540 3151 2588 καὶ
3198 2544 3299 2588 παν
3354 2534 3508 2589 ὁπλον
3566 2535 3807 2591 ἐκώλυσε.
3870 2542 3950 2591 Τὸ

2339 2620 2398 2675 δε
2466 2624 2654 2685 Πάντες
2723 2626 2773 2675 οἱ
2837 2622 3080 2686 λαϐόντες
3148 2626 3434 2698 μάγαιραν,
3487 2626 3773 2700 προφητεία
3825 2624 3947 2679 έστὶ

2335 2721 2429 2774 τῆς
2505 2710 2762 2789 διαφθρᾶς
2810 2722 2910 2765 τῶν
2968 2711 3276 2766 έπελθόντων
3347 2713 3487 2786 αὐτῷ
3537 2710 3819 2768 Ἰουδαίων.
3874 2714 3940 2767 Ὀ

2335 2797 2388 2853 δ’
2438 2801 2676 2864 Ἰωάννης
2733 2801 2888 2854 εἰπεῖν
2933 2801 3088 2855 αὐτὸν
3140 2801 3275 2872 λέγει
3319 2807 3409 2855 καὶ
3450 2803 3523 2854 ὅτι
3551 2805 3616 2855 Τό
3646 2806 3921 2873 ποτήριον,

2332 2888 2357 2940 ὃ
2416 2885 2615 2942 δέδωκέ
2663 2891 2775 2961 (72)
2826 2909 2915 2962 μοι
2990 2892 3015 2942 ὁ
3074 2895 3279 2963 Πατὴρ,
3333 2891 3391 2944 οὗ
3463 2896 3533 2965 μὴ
3595 2895 3695 2943 πίω
3748 2890 3924 2959 atii-6',

2331 2974 2632 3030 δεικνύοντα
2682 2980 2761 3031 ὃτι
2817 2978 2876 3031 οὐ
2943 2988 3037 3041 τῆς
3111 2978 3311 3032 έκείνων
3386 2977 3651 3053 δυνάμεως
3703 2978 3815 3033 ἰστι
3871 2984 3934 3033 τὸ

2326 3071 2610 3139 γινόμενον,
2661 3066 2788 3119 ἀλλά
2830 3077 2922 3128 τῆς
2965 3075 3055 3121 τοῦ
3094 3072 3295 3144 Πατρός
3340 3074 3793 3145 παραχωρήσεως,
3844 3075 3937 3123 καὶ

2328 3157 2408 3208 ὅτι
2439 3158 2664 3218 ὑπήκοος
2693 3155 2807 3210 ἔστι
2838 3166 2910 3229 τῷ
2942 3162 3110 3232 Πατρὶ
3142 3162 3305 3231 μέχρι
3333 3160 3582 3217 θανάτου.

2396 3245 2463 3299 Ἥ
2549 3242 2723 3307 δοκεῖς
2796 3277 2863 3287 -
2938 3246 3223 3318 ἀγγέλων;
3278 3253 3480 3320 Λεγιών
3566 3247 3677 3301 ἑστι
3755 3250 3937 3321 τάγμα

2328 3339 2709 3411 στρατιωτνκόν
2757 3335 3133 3411 πολυάριθμόν.
3192 3336 3302 3390 Οὐκ
3352 3335 3459 3390 εἶπε
3516 3334 3595 3403 δε,
3638 3340 3719 3391 ὅτι
3775 3342 3933 3391 Δύνα-

2325 3445 2421 3497 μαι
2464 3423 2648 3485 αὐτοὺς
2700 3424 2971 3489 ἀπολέσαι,
3018 3428 3105 3478 ἵνα
3149 3430 3220 3498 μὴ
3280 3422 3408 3497 δόξῃ
3454 3424 3618 3497 λέγειν
3676 3425 3928 3494 ἀπίθανα,

2327 3511 2421 3567 διὰ
2459 3515 2524 3565 τὰ
2574 3512 2899 3585 προλαϐόντα
2942 3515 3107 3581 πάθη,
3162 3518 3257 3573 τὴν
3307 3512 3497 3581 λύπην,
3556 3519 3651 3573 τὴν
3707 3513 3929 3582 δειλίαν,

2325 3607 2418 3661 τὴν
2471 3603 2720 3672 ἀγωνίαν,
2771 3606 2892 3663 τοὺς
2962 3599 3209 3676 ἱδρῶτας,
3278 3608 3367 3655 καὶ
3437 3605 3536 3657 ὅσα
3582 3608 3682 3677 πρό
3735 3613 3931 3681 μικροῦ

2329 3692 2572 3745 πέπονθεν
2627 3693 2695 3753 ὡς
2750 3692 3040 3766 ἄνθρωπος.
3106 3696 3266 3745 Οὔπω
3320 3694 3423 3765 γὰρ
3481 3698 3575 3752 την
3632 3699 3935 3767 προσήκουο

2327 3800 2422 3833 σαν
2462 3784 2577 3851 περὶ
2630 3778 2788 3833 αὐτοῦ
2840 3780 3099 3851 ὑπόληψιν
3154 3782 3319 3853 εἶχον.
3382 3784 3478 3834 Διὰ
3521 3790 3671 3836 τοῦτο
3715 3781 3804 3835 οὖν
3845 3804 3933 3837 τας

2324 3871 2475 3922 πεινά
2521 3870 2815 3942 φθέγγεται.
2864 3872 3133 3931 Τοσαύτας
3181 3866 3239 3923 δε
3286 3869 3536 3942 λεγεῶνας
3585 3869 3720 3926 εἶπεν
3782 3873 3930 3946 ἀγγέ-

2325 3956 2444 4023 λων,
2522 3959 2603 4009 ῖνα
2705 3956 2759 4009 έκ
2835 3962 3140 4031 περιουσίας
3236 3959 3610 4035 παραθαρῥύνῃ
3691 3964 3931 4031 τούτους,

2328 4043 2737 4108 ἀποτεθνηκότας
2794 4054 2867 4116 τῷ
2924 4044 3047 4102 δέει.
3106 4051 3205 4101 Καὶ
3265 4050 3366 4122 γὰρ
3422 4051 3494 4111 εἷς
3546 4049 3763 4122 ἄγγελος
3822 4052 3935 4105 έκα-

2327 4140 2412 4187 τόν
2490 4131 2961 4207 ὀγδοηκονταπέντε
3032 4133 3285 4209 χιλιάδας
3365 4136 3553 4192 ἀνεῖλεν
3622 4138 3670 4192 έν
3734 4139 3936 4215 βραχεῖ

2328 4224 2514 4277 πάλαι.

2400 4320 2517 4374 Πῶς
2593 4344 2663 4355 -
2738 4316 3043 4386 γενέσθαις
3122 4314 3181 4369 Εἰ
3261 4320 3332 4388 μὴ
3421 4316 3585 4378 οὕτως
3655 4314 3930 4394 ἀναιρεθῶ,

2328 4408 2479 4475 φησὶ,
2532 4410 2636 4464 πῶς
2686 4402 3030 4476 πληρωθῶσιν
3091 4405 3145 4457 αἱ
3216 4408 3416 4477 Γραφαὶ
3485 4404 3541 4457 αἱ
3591 4413 3926 4482 προφητικαὶ,

2328 4493 2448 4545 ὅσαι
2496 4497 2611 4566 περὶ
2666 4500 2755 4545 τοῦ
2812 4493 3032 4544 θανάτου
3084 4511 3184 4565 μου
3227 4490 3516 4560 διεξίασιν;
3548 4496 3603 4547 αἱ
3631 4499 3926 4571 γράφουσαι

2328 4583 2408 4634 ὅτι
2437 4580 2571 4634 οὕτω
2597 4577 2679 4633 δεῖ
2706 4582 2966 4653 γενέσθαι,
2998 4583 3077 4633 ὅτι
3106 4581 3240 4634 οὕτω
3270 4586 3381 4655 χρή
3414 4581 3688 4638 ἀποθανεῖν
3716 4604 3793 4658 με.

2399 4793 2480 4847 Ἐν
2555 4794 2719 4866 έκείνῃ
2801 4823 2871 4834 -
2947 4792 3273 4866 έκρατησατέ
3354 4814 3440 4867 με.
3538 4801 3776 4851 Δείκνυσι
3839 4802 3929 4851 καὶ

2325 4885 2527 4944 τούτοις
2583 4885 2662 4935 ὅτι
2714 4881 2818 4953 οὐχ
2878 4882 2978 4935 ὑπὸ
3037 4890 3127 4943 τῆς
3180 4883 3348 4936 αὐτῶν
3411 4888 3710 4957 κατεσχέθη
3770 4884 3929 4941 δυνά-

2322 4992 2475 5046 μεως.
2526 4971 2725 5045 Ὠσπερ
2780 4972 2878 5043 γὰρ
2933 4974 3048 5023 τότε
3088 4980 3378 5044 κατασχεῖν
3430 4973 3586 5026 αὐτόν
3643 4974 3737 5027 οὐκ
3795 4973 3925 5035 ἠδυ-

2325 5064 2578 5126 ⁸νήθησοιν,
2636 5062 2794 5122 οὕτως
2843 5055 2965 5112 οὐδέ
3013 5066 3120 5126 νῦν,
3172 5060 3215 5113 εἰ
3271 5066 3342 5133 μὴ
3390 5064 3597 5126 πάντως
3652 5064 3921 5124 ἠθέλησεν,

2319 5156 2524 5211 Λουκᾶς
2574 5147 2633 5203 δέ
2681 5169 2840 5223 φησιν
2876 5148 3033 5201 εἰπεῖν
3078 5157 3245 5202 ταῦτα
3294 5154 3416 5227 πρὸς
3454 5155 3575 5213 τοὺς
3606 5152 3720 5227 (73)
3745 5173 3919 5227 παρα-

1840 5354 1888 5395 ⁷⁸
1915 5353 1991 5409 IV
2021 5356 2158 5426 Heg.
2187 5370 2309 5424 XIX,
2343 5358 2432 5411 33.

1896 5504 2115 5573 Varia
2153 5505 2505 5574 lectiones.

630 5646 742 5719 (γε)
772 5645 836 5697 “o
877 5640 1056 5709 ἔδωκε,
1103 5643 1245 5703 Cod.
1278 5644 1348 5701 A.

2389 5649 2505 5723 (73)
2543 5652 2870 5724 Γενομένονς,
2896 5645 3047 5709 Cod.
3086 5649 3143 5705 Β.
3179 5648 3312 5711 Mox
3340 5653 3465 5727 πρὸς
3495 5653 3673 5723 αὐτόν,
3698 5656 3765 5713 Α.

4124 2222 4125 2269 1

4123 2392 4125 2465 i

4123 2560 4125 2609 1
