  <div class='ocr_page' id='page_1' title='image "/cluster/home/n/w/nwhite01/storage/ocr_20150623/129/mdp.39015061528470/356.png"; bbox 0 0 4170 6334; ppageno 0'>
   <div class='ocr_carea' id='block_1_1' title="bbox 180 288 348 363">
    <p class='ocr_par' dir='ltr' id='par_1_1' title="bbox 180 288 348 363">
     <span class='ocr_line' id='line_1_1' title="bbox 180 288 348 363; baseline 0 -12"><span class='ocrx_word' id='word_1_1' title='bbox 180 288 348 363; x_wconf 44' lang='grc'>,603</span> 
     </span>
    </p>
   </div>
   <div class='ocr_carea' id='block_1_2' title="bbox 1207 290 2693 353">
    <p class='ocr_par' dir='ltr' id='par_1_2' title="bbox 1207 290 2693 353">
     <span class='ocr_line' id='line_1_2' title="bbox 1207 290 2693 353; baseline -0.001 -2"><span class='ocrx_word' id='word_1_2' title='bbox 1207 290 1572 352; x_wconf 86' lang='lat' dir='ltr'>COMMENT.</span> <span class='ocrx_word' id='word_1_3' title='bbox 1617 294 1686 351; x_wconf 84' lang='lat' dir='ltr'>IN</span> <span class='ocrx_word' id='word_1_4' title='bbox 1726 294 2154 352; x_wconf 66' lang='lat' dir='ltr'>MATTHIEUM.</span> <span class='ocrx_word' id='word_1_5' title='bbox 2192 325 2260 338; x_wconf 89' lang='lat'>--</span> <span class='ocrx_word' id='word_1_6' title='bbox 2291 294 2445 353; x_wconf 82' lang='lat' dir='ltr'>CAP.</span> <span class='ocrx_word' id='word_1_7' title='bbox 2490 293 2693 352; x_wconf 84' lang='lat' dir='ltr'>XXVI.</span> 
     </span>
    </p>
   </div>
   <div class='ocr_carea' id='block_1_3' title="bbox 3509 295 3615 353">
    <p class='ocr_par' dir='ltr' id='par_1_3' title="bbox 3509 295 3615 353">
     <span class='ocr_line' id='line_1_3' title="bbox 3509 295 3615 353; baseline 0.009 -1"><span class='ocrx_word' id='word_1_8' title='bbox 3509 295 3615 353; x_wconf 70' lang='grc'>694</span> 
     </span>
    </p>
   </div>
   <div class='ocr_carea' id='block_1_4' title="bbox 216 415 1837 495">
    <p class='ocr_par' dir='ltr' id='par_1_4' title="bbox 216 415 1837 494">
     <span class='ocr_line' id='line_1_4' title="bbox 216 415 1837 494; baseline 0.001 -24"><span class='ocrx_word' id='word_1_9' title='bbox 216 420 550 491; x_wconf 72' lang='grc' dir='ltr'>γενομένους</span> <span class='ocrx_word' id='word_1_10' title='bbox 598 415 677 470; x_wconf 72' lang='grc' dir='ltr'>ἐπ’</span> <span class='ocrx_word' id='word_1_11' title='bbox 732 416 885 470; x_wconf 74' lang='grc' dir='ltr'>αὐτὸν</span> <span class='ocrx_word' id='word_1_12' title='bbox 939 416 1202 493; x_wconf 73' lang='grc' dir='ltr'>ἀρχιερεῖς</span> <span class='ocrx_word' id='word_1_13' title='bbox 1253 424 1717 494; x_wconf 49' lang='grc' dir='ltr'>καὶνστρατηγοὺς</span> <span class='ocrx_word' id='word_1_14' title='bbox 1753 428 1837 474; x_wconf 73' lang='grc' dir='ltr'>τοῦ</span> 
     </span>
    </p>
   </div>
   <div class='ocr_carea' id='block_1_5' title="bbox 1953 415 3616 495">
    <p class='ocr_par' dir='ltr' id='par_1_5' title="bbox 1956 418 3616 495">
     <span class='ocr_line' id='line_1_5' title="bbox 1956 418 3616 495; baseline -0.001 -18"><span class='ocrx_word' id='word_1_15' title='bbox 1956 421 2033 477; x_wconf 88' lang='lat' dir='ltr'>ad</span> <span class='ocrx_word' id='word_1_16' title='bbox 2045 421 2267 495; x_wconf 86' lang='lat' dir='ltr'>ipsum,</span> <span class='ocrx_word' id='word_1_17' title='bbox 2284 420 2649 494; x_wconf 79' lang='lat' dir='ltr'>principibus</span> <span class='ocrx_word' id='word_1_18' title='bbox 2665 420 3136 479; x_wconf 25' lang='lat' dir='ltr'>sacerdotumrac</span> <span class='ocrx_word' id='word_1_19' title='bbox 3158 418 3616 492; x_wconf 70' lang='lat' dir='ltr'>magistratibus</span> 
     </span>
    </p>
   </div>
   <div class='ocr_carea' id='block_1_6' title="bbox 224 504 1844 582">
    <p class='ocr_par' dir='ltr' id='par_1_6' title="bbox 224 504 1844 582">
     <span class='ocr_line' id='line_1_6' title="bbox 224 504 1844 582; baseline 0.002 -24"><span class='ocrx_word' id='word_1_20' title='bbox 224 508 388 581; x_wconf 79' lang='grc' dir='ltr'>ἱεροῦ</span> <span class='ocrx_word' id='word_1_21' title='bbox 435 511 523 560; x_wconf 82' lang='grc' dir='ltr'>καὶ</span> <span class='ocrx_word' id='word_1_22' title='bbox 566 504 969 581; x_wconf 81' lang='grc' dir='ltr'>πρεσϐυτέρους.</span> <span class='ocrx_word' id='word_1_23' title='bbox 1013 508 1165 569; x_wconf 84' lang='grc' dir='ltr'><strong>Εἰκὸς</strong></span> <span class='ocrx_word' id='word_1_24' title='bbox 1213 504 1273 561; x_wconf 74' lang='grc' dir='ltr'>δε</span> <span class='ocrx_word' id='word_1_25' title='bbox 1316 514 1405 562; x_wconf 81' lang='grc' dir='ltr'>καὶ</span> <span class='ocrx_word' id='word_1_26' title='bbox 1451 513 1578 582; x_wconf 83' lang='grc' dir='ltr'>πρὸς</span> <span class='ocrx_word' id='word_1_27' title='bbox 1630 512 1844 571; x_wconf 78' lang='grc' dir='ltr'>τούτους</span> 
     </span>
    </p>
   </div>
   <div class='ocr_carea' id='block_1_7' title="bbox 220 593 1843 669">
    <p class='ocr_par' dir='ltr' id='par_1_7' title="bbox 220 593 1843 669">
     <span class='ocr_line' id='line_1_7' title="bbox 220 593 1843 669; baseline 0.001 -21"><span class='ocrx_word' id='word_1_28' title='bbox 220 597 528 656; x_wconf 72' lang='grc' dir='ltr'>κάκείνους.</span> <span class='ocrx_word' id='word_1_29' title='bbox 572 600 811 649; x_wconf 76' lang='grc' dir='ltr'>Φαίνεται</span> <span class='ocrx_word' id='word_1_30' title='bbox 866 593 943 667; x_wconf 72' lang='grc' dir='ltr'>δε,</span> <span class='ocrx_word' id='word_1_31' title='bbox 999 598 1078 648; x_wconf 83' lang='grc' dir='ltr'>ὅτι</span> <span class='ocrx_word' id='word_1_32' title='bbox 1132 599 1157 649; x_wconf 98' lang='lat'>6</span> <span class='ocrx_word' id='word_1_33' title='bbox 1384 595 1610 668; x_wconf 80' lang='grc' dir='ltr'>Ἰούδας,</span> <span class='ocrx_word' id='word_1_34' title='bbox 1675 598 1843 653; x_wconf 79' lang='grc' dir='ltr'>λαϐὼν</span> 
     </span>
    </p>
   </div>
   <div class='ocr_carea' id='block_1_8' title="bbox 223 685 1842 762">
    <p class='ocr_par' dir='ltr' id='par_1_8' title="bbox 223 685 1842 762">
     <span class='ocr_line' id='line_1_8' title="bbox 223 685 1842 762; baseline 0.001 -25"><span class='ocrx_word' id='word_1_35' title='bbox 223 689 342 743; x_wconf 72' lang='grc' dir='ltr'>τὴν</span> <span class='ocrx_word' id='word_1_36' title='bbox 388 691 623 760; x_wconf 87' lang='grc' dir='ltr'>σπεῖραν,</span> <span class='ocrx_word' id='word_1_37' title='bbox 678 690 768 739; x_wconf 86' lang='grc' dir='ltr'>καὶ</span> <span class='ocrx_word' id='word_1_38' title='bbox 810 685 869 738; x_wconf 82' lang='grc' dir='ltr'>ἐκ</span> <span class='ocrx_word' id='word_1_39' title='bbox 924 693 1023 738; x_wconf 80' lang='grc' dir='ltr'>τῶν</span> <span class='ocrx_word' id='word_1_40' title='bbox 1076 685 1361 760; x_wconf 80' lang='grc' dir='ltr'>ἀρχιερέων</span> <span class='ocrx_word' id='word_1_41' title='bbox 1409 692 1498 739; x_wconf 85' lang='grc' dir='ltr'>καὶ</span> <span class='ocrx_word' id='word_1_42' title='bbox 1547 693 1842 762; x_wconf 78' lang='grc' dir='ltr'>Φαρισαίων</span> 
     </span>
    </p>
   </div>
   <div class='ocr_carea' id='block_1_9' title="bbox 223 772 1841 851">
    <p class='ocr_par' dir='ltr' id='par_1_9' title="bbox 223 772 1841 851">
     <span class='ocr_line' id='line_1_9' title="bbox 223 772 1841 851; baseline 0.002 -25"><span class='ocrx_word' id='word_1_43' title='bbox 223 774 522 848; x_wconf 75' lang='grc' dir='ltr'>ὑπηρέτας,</span> <span class='ocrx_word' id='word_1_44' title='bbox 565 782 811 849; x_wconf 63' lang='grc' dir='ltr'>προῆγεν</span> <span class='ocrx_word' id='word_1_45' title='bbox 855 776 1057 827; x_wconf 82' lang='grc' dir='ltr'>εἵποντο</span> <span class='ocrx_word' id='word_1_46' title='bbox 1107 772 1166 828; x_wconf 71' lang='grc' dir='ltr'>δε</span> <span class='ocrx_word' id='word_1_47' title='bbox 1217 780 1306 827; x_wconf 86' lang='grc' dir='ltr'>καί</span> <span class='ocrx_word' id='word_1_48' title='bbox 1352 796 1479 838; x_wconf 81' lang='grc' dir='ltr'>τινες</span> <span class='ocrx_word' id='word_1_49' title='bbox 1522 786 1619 830; x_wconf 85' lang='grc' dir='ltr'>τῶν</span> <span class='ocrx_word' id='word_1_50' title='bbox 1649 776 1841 851; x_wconf 83' lang='grc' dir='ltr'>ἀρχιε-</span> 
     </span>
    </p>
   </div>
   <div class='ocr_carea' id='block_1_10' title="bbox 220 866 1839 941">
    <p class='ocr_par' dir='ltr' id='par_1_10' title="bbox 220 866 1839 941">
     <span class='ocr_line' id='line_1_10' title="bbox 220 866 1839 941; baseline 0.001 -25"><span class='ocrx_word' id='word_1_51' title='bbox 220 869 369 937; x_wconf 81' lang='grc' dir='ltr'>ρέων</span> <span class='ocrx_word' id='word_1_52' title='bbox 421 868 511 915; x_wconf 82' lang='grc' dir='ltr'>καὶ</span> <span class='ocrx_word' id='word_1_53' title='bbox 572 871 881 938; x_wconf 73' lang='grc' dir='ltr'>στρατηγῶν</span> <span class='ocrx_word' id='word_1_54' title='bbox 945 871 1035 917; x_wconf 80' lang='grc' dir='ltr'>τοῦ</span> <span class='ocrx_word' id='word_1_55' title='bbox 1090 866 1226 936; x_wconf 78' lang='grc' dir='ltr'>ἱεροῦ</span> <span class='ocrx_word' id='word_1_56' title='bbox 1295 870 1384 919; x_wconf 79' lang='grc' dir='ltr'>καὶ</span> <span class='ocrx_word' id='word_1_57' title='bbox 1456 866 1839 941; x_wconf 82' lang='grc' dir='ltr'>πρεσϐυτέρων,</span> 
     </span>
    </p>
   </div>
   <div class='ocr_carea' id='block_1_11' title="bbox 221 950 1843 1029">
    <p class='ocr_par' dir='ltr' id='par_1_11' title="bbox 221 950 1843 1029">
     <span class='ocr_line' id='line_1_11' title="bbox 221 950 1843 1029; baseline 0.003 -26"><span class='ocrx_word' id='word_1_58' title='bbox 221 952 333 1014; x_wconf 77' lang='grc' dir='ltr'>οὖς</span> <span class='ocrx_word' id='word_1_59' title='bbox 373 960 461 1005; x_wconf 76' lang='grc' dir='ltr'>νῦν</span> <span class='ocrx_word' id='word_1_60' title='bbox 516 953 541 1005; x_wconf 88' lang='lat'>6</span> <span class='ocrx_word' id='word_1_61' title='bbox 589 952 707 1025; x_wconf 72' lang='grc'>(74)</span> <span class='ocrx_word' id='word_1_62' title='bbox 766 958 973 1016; x_wconf 78' lang='grc' dir='ltr'>Λουκᾶς</span> <span class='ocrx_word' id='word_1_63' title='bbox 1032 950 1312 1013; x_wconf 76' lang='grc' dir='ltr'>ἐδήλωσεν·</span> <span class='ocrx_word' id='word_1_64' title='bbox 1360 954 1470 1028; x_wconf 81' lang='grc' dir='ltr'>ἄμα</span> <span class='ocrx_word' id='word_1_65' title='bbox 1532 960 1623 1029; x_wconf 71' lang='grc' dir='ltr'>μὲν</span> <span class='ocrx_word' id='word_1_66' title='bbox 1675 975 1843 1029; x_wconf 86' lang='grc' dir='ltr'>παρα-</span> 
     </span>
    </p>
   </div>
   <div class='ocr_carea' id='block_1_12' title="bbox 222 1040 1842 1119">
    <p class='ocr_par' dir='ltr' id='par_1_12' title="bbox 222 1040 1842 1119">
     <span class='ocr_line' id='line_1_12' title="bbox 222 1040 1842 1119; baseline 0.001 -26"><span class='ocrx_word' id='word_1_67' title='bbox 222 1043 488 1112; x_wconf 74' lang='grc' dir='ltr'>θήγοντες</span> <span class='ocrx_word' id='word_1_68' title='bbox 537 1046 655 1103; x_wconf 82' lang='grc' dir='ltr'>τοὺς</span> <span class='ocrx_word' id='word_1_69' title='bbox 711 1040 1146 1115; x_wconf 76' lang='grc' dir='ltr'>ἀπεσταλμένους,</span> <span class='ocrx_word' id='word_1_70' title='bbox 1200 1043 1311 1114; x_wconf 84' lang='grc' dir='ltr'>οἶμα</span> <span class='ocrx_word' id='word_1_71' title='bbox 1358 1040 1417 1097; x_wconf 70' lang='grc' dir='ltr'>δε</span> <span class='ocrx_word' id='word_1_72' title='bbox 1454 1049 1544 1097; x_wconf 84' lang='grc' dir='ltr'>καὶ</span> <span class='ocrx_word' id='word_1_73' title='bbox 1600 1047 1842 1119; x_wconf 82' lang='grc' dir='ltr'>θεωροῦν-</span> 
     </span>
    </p>
   </div>
   <div class='ocr_carea' id='block_1_13' title="bbox 220 1128 1840 1209">
    <p class='ocr_par' dir='ltr' id='par_1_13' title="bbox 220 1128 1840 1209">
     <span class='ocr_line' id='line_1_13' title="bbox 220 1128 1840 1209; baseline 0.002 -27"><span class='ocrx_word' id='word_1_74' title='bbox 220 1150 349 1197; x_wconf 82' lang='grc' dir='ltr'>τες,</span> <span class='ocrx_word' id='word_1_75' title='bbox 424 1132 508 1183; x_wconf 81' lang='grc' dir='ltr'>ἳνα</span> <span class='ocrx_word' id='word_1_76' title='bbox 593 1136 663 1204; x_wconf 79' lang='grc' dir='ltr'>μὴ</span> <span class='ocrx_word' id='word_1_77' title='bbox 739 1128 1174 1205; x_wconf 82' lang='grc' dir='ltr'>δωροδοκηθὼσι.</span> <span class='ocrx_word' id='word_1_78' title='bbox 1235 1138 1565 1209; x_wconf 86' lang='grc' dir='ltr'>Στρατηγοὺς</span> <span class='ocrx_word' id='word_1_79' title='bbox 1622 1131 1681 1188; x_wconf 64' lang='grc' dir='ltr'>δὲ</span> <span class='ocrx_word' id='word_1_80' title='bbox 1749 1141 1840 1187; x_wconf 87' lang='grc' dir='ltr'>τοῦ</span> 
     </span>
    </p>
   </div>
   <div class='ocr_carea' id='block_1_14' title="bbox 231 1220 1838 1296">
    <p class='ocr_par' dir='ltr' id='par_1_14' title="bbox 231 1220 1838 1296">
     <span class='ocr_line' id='line_1_14' title="bbox 231 1220 1838 1296; baseline 0.004 -24"><span class='ocrx_word' id='word_1_81' title='bbox 231 1221 390 1293; x_wconf 82' lang='grc' dir='ltr'>ἱεροῦ</span> <span class='ocrx_word' id='word_1_82' title='bbox 466 1220 602 1292; x_wconf 82' lang='grc' dir='ltr'>λέγει</span> <span class='ocrx_word' id='word_1_83' title='bbox 688 1220 809 1282; x_wconf 81' lang='grc' dir='ltr'>τούς</span> <span class='ocrx_word' id='word_1_84' title='bbox 871 1220 1233 1293; x_wconf 73' lang='grc' dir='ltr'>φυλάσσοντας</span> <span class='ocrx_word' id='word_1_85' title='bbox 1314 1222 1440 1276; x_wconf 74' lang='grc' dir='ltr'>αὐτὸ</span> <span class='ocrx_word' id='word_1_86' title='bbox 1515 1227 1644 1295; x_wconf 78' lang='grc' dir='ltr'>μετὰ</span> <span class='ocrx_word' id='word_1_87' title='bbox 1725 1223 1838 1296; x_wconf 77' lang='grc'>(75)</span> 
     </span>
    </p>
   </div>
   <div class='ocr_carea' id='block_1_15' title="bbox 226 1309 1840 1387">
    <p class='ocr_par' dir='ltr' id='par_1_15' title="bbox 226 1309 1840 1387">
     <span class='ocr_line' id='line_1_15' title="bbox 226 1309 1840 1387; baseline 0.003 -27"><span class='ocrx_word' id='word_1_88' title='bbox 226 1317 350 1361; x_wconf 84' lang='grc' dir='ltr'>τῶν</span> <span class='ocrx_word' id='word_1_89' title='bbox 404 1318 748 1383; x_wconf 81' lang='grc' dir='ltr'>στρατιωτῶν,</span> <span class='ocrx_word' id='word_1_90' title='bbox 808 1310 881 1371; x_wconf 83' lang='grc' dir='ltr'>οἷς</span> <span class='ocrx_word' id='word_1_91' title='bbox 936 1315 1026 1364; x_wconf 79' lang='grc' dir='ltr'>καὶ</span> <span class='ocrx_word' id='word_1_92' title='bbox 1085 1309 1320 1387; x_wconf 75' lang='grc' dir='ltr'>ἀνωτέρω</span> <span class='ocrx_word' id='word_1_93' title='bbox 1407 1311 1749 1371; x_wconf 72' lang='grc' dir='ltr'>συνελάλησεν</span> <span class='ocrx_word' id='word_1_94' title='bbox 1813 1313 1840 1365; x_wconf 86' lang='grc' dir='ltr'><strong>ὀ</strong></span> 
     </span>
    </p>
   </div>
   <div class='ocr_carea' id='block_1_16' title="bbox 217 1394 474 1459">
    <p class='ocr_par' dir='ltr' id='par_1_16' title="bbox 217 1394 474 1459">
     <span class='ocr_line' id='line_1_16' title="bbox 217 1394 474 1459; baseline -0.008 -8"><span class='ocrx_word' id='word_1_95' title='bbox 217 1394 474 1459; x_wconf 83' lang='grc' dir='ltr'>Ἰούδας,</span> 
     </span>
    </p>
   </div>
   <div class='ocr_carea' id='block_1_17' title="bbox 310 1483 1835 1562">
    <p class='ocr_par' dir='ltr' id='par_1_17' title="bbox 310 1483 1835 1562">
     <span class='ocr_line' id='line_1_17' title="bbox 310 1483 1835 1562; baseline 0.004 -23"><span class='ocrx_word' id='word_1_96' title='bbox 310 1493 480 1540; x_wconf 81' lang='grc' dir='ltr'>Τοῦτο</span> <span class='ocrx_word' id='word_1_97' title='bbox 529 1483 587 1540; x_wconf 67' lang='grc' dir='ltr'>δε</span> <span class='ocrx_word' id='word_1_98' title='bbox 635 1517 703 1528; x_wconf 92' lang='grc'><strong>-</strong></span> <span class='ocrx_word' id='word_1_99' title='bbox 757 1496 1055 1561; x_wconf 75' lang='grc' dir='ltr'>προφητῶν.</span> <span class='ocrx_word' id='word_1_100' title='bbox 1109 1491 1272 1545; x_wconf 83' lang='grc' dir='ltr'>Τοῦτο</span> <span class='ocrx_word' id='word_1_101' title='bbox 1320 1486 1380 1545; x_wconf 72' lang='grc' dir='ltr'>δε</span> <span class='ocrx_word' id='word_1_102' title='bbox 1426 1489 1562 1557; x_wconf 83' lang='grc' dir='ltr'>ὅλον,</span> <span class='ocrx_word' id='word_1_103' title='bbox 1604 1488 1835 1562; x_wconf 77' lang='grc' dir='ltr'>δηλαδὴ,</span> 
     </span>
    </p>
   </div>
   <div class='ocr_carea' id='block_1_18' title="bbox 224 1576 1841 1650">
    <p class='ocr_par' dir='ltr' id='par_1_18' title="bbox 224 1576 1841 1650">
     <span class='ocr_line' id='line_1_18' title="bbox 224 1576 1841 1650; baseline 0.004 -23"><span class='ocrx_word' id='word_1_104' title='bbox 224 1578 293 1627; x_wconf 82' lang='grc' dir='ltr'>τὸ</span> <span class='ocrx_word' id='word_1_105' title='bbox 358 1576 573 1635; x_wconf 73' lang='grc' dir='ltr'>θελῆσαι</span> <span class='ocrx_word' id='word_1_106' title='bbox 643 1580 1043 1649; x_wconf 81' lang='grc' dir='ltr'>κατασχεθῆναί</span> <span class='ocrx_word' id='word_1_107' title='bbox 1115 1598 1197 1650; x_wconf 80' lang='grc' dir='ltr'>με,</span> <span class='ocrx_word' id='word_1_108' title='bbox 1264 1582 1491 1650; x_wconf 83' lang='grc' dir='ltr'>γέγονεν,</span> <span class='ocrx_word' id='word_1_109' title='bbox 1560 1581 1643 1633; x_wconf 87' lang='grc' dir='ltr'>ἱνα</span> <span class='ocrx_word' id='word_1_110' title='bbox 1703 1580 1841 1641; x_wconf 86' lang='grc' dir='ltr'>τέλος</span> 
     </span>
    </p>
   </div>
   <div class='ocr_carea' id='block_1_19' title="bbox 219 1663 1840 1743">
    <p class='ocr_par' dir='ltr' id='par_1_19' title="bbox 219 1663 1840 1743">
     <span class='ocr_line' id='line_1_19' title="bbox 219 1663 1840 1743; baseline 0.003 -26"><span class='ocrx_word' id='word_1_111' title='bbox 219 1663 472 1719; x_wconf 79' lang='grc' dir='ltr'>λάϐωσιν</span> <span class='ocrx_word' id='word_1_112' title='bbox 521 1668 575 1718; x_wconf 85' lang='grc' dir='ltr'>αἱ</span> <span class='ocrx_word' id='word_1_113' title='bbox 634 1671 836 1739; x_wconf 77' lang='grc' dir='ltr'>Γραφαὶ</span> <span class='ocrx_word' id='word_1_114' title='bbox 898 1674 998 1718; x_wconf 82' lang='grc' dir='ltr'>τῶν</span> <span class='ocrx_word' id='word_1_115' title='bbox 1060 1676 1359 1743; x_wconf 69' lang='grc' dir='ltr'>προφητῶν,</span> <span class='ocrx_word' id='word_1_116' title='bbox 1410 1671 1534 1721; x_wconf 85' lang='grc' dir='ltr'>ὅσαι</span> <span class='ocrx_word' id='word_1_117' title='bbox 1583 1674 1702 1743; x_wconf 86' lang='grc' dir='ltr'>περὶ</span> <span class='ocrx_word' id='word_1_118' title='bbox 1748 1677 1840 1722; x_wconf 79' lang='grc' dir='ltr'>τοῦ</span> 
     </span>
    </p>
   </div>
   <div class='ocr_carea' id='block_1_20' title="bbox 227 1751 1072 1827">
    <p class='ocr_par' dir='ltr' id='par_1_20' title="bbox 227 1751 1072 1827">
     <span class='ocr_line' id='line_1_20' title="bbox 227 1751 1072 1827; baseline 0 -19"><span class='ocrx_word' id='word_1_119' title='bbox 227 1756 468 1808; x_wconf 84' lang='grc' dir='ltr'>θανάτου</span> <span class='ocrx_word' id='word_1_120' title='bbox 497 1774 598 1827; x_wconf 89' lang='grc' dir='ltr'>μου</span> <span class='ocrx_word' id='word_1_121' title='bbox 630 1751 665 1807; x_wconf 86' lang='grc' dir='ltr'>δ</span> <span class='ocrx_word' id='word_1_122' title='bbox 670 1754 1072 1827; x_wconf 87' lang='grc' dir='ltr'>ιαλαμϐάνουσι.</span> 
     </span>
    </p>
   </div>
   <div class='ocr_carea' id='block_1_21' title="bbox 309 1844 1837 1917">
    <p class='ocr_par' dir='ltr' id='par_1_21' title="bbox 309 1844 1837 1917">
     <span class='ocr_line' id='line_1_21' title="bbox 309 1844 1837 1917; baseline 0.001 -20"><span class='ocrx_word' id='word_1_123' title='bbox 309 1848 442 1897; x_wconf 80' lang='grc' dir='ltr'>Τότε</span> <span class='ocrx_word' id='word_1_124' title='bbox 505 1875 575 1885; x_wconf 91' lang='lat'>-—</span> <span class='ocrx_word' id='word_1_125' title='bbox 630 1847 842 1917; x_wconf 74' lang='grc' dir='ltr'>ἔφυγον.</span> <span class='ocrx_word' id='word_1_126' title='bbox 906 1844 1266 1910; x_wconf 79' lang='grc' dir='ltr'>Ἀκούσαντες,</span> <span class='ocrx_word' id='word_1_127' title='bbox 1326 1847 1407 1899; x_wconf 87' lang='grc' dir='ltr'>ὅτι</span> <span class='ocrx_word' id='word_1_128' title='bbox 1478 1844 1602 1899; x_wconf 75' lang='grc' dir='ltr'>ἆκὼν</span> <span class='ocrx_word' id='word_1_129' title='bbox 1658 1845 1837 1899; x_wconf 77' lang='grc' dir='ltr'>έαυτόν</span> 
     </span>
    </p>
   </div>
   <div class='ocr_carea' id='block_1_22' title="bbox 224 1930 1838 2007">
    <p class='ocr_par' dir='ltr' id='par_1_22' title="bbox 224 1930 1838 2007">
     <span class='ocr_line' id='line_1_22' title="bbox 224 1930 1838 2007; baseline 0.001 -22"><span class='ocrx_word' id='word_1_130' title='bbox 224 1930 517 2006; x_wconf 82' lang='grc' dir='ltr'>παρέδωκε</span> <span class='ocrx_word' id='word_1_131' title='bbox 545 1936 682 1987; x_wconf 81' lang='grc' dir='ltr'>κατὰ</span> <span class='ocrx_word' id='word_1_132' title='bbox 708 1936 803 1996; x_wconf 81' lang='grc' dir='ltr'>τὰς</span> <span class='ocrx_word' id='word_1_133' title='bbox 850 1936 1077 2007; x_wconf 71' lang='grc' dir='ltr'>Γραφὰς,</span> <span class='ocrx_word' id='word_1_134' title='bbox 1117 1939 1207 1987; x_wconf 78' lang='grc' dir='ltr'>καὶ</span> <span class='ocrx_word' id='word_1_135' title='bbox 1253 1931 1471 2001; x_wconf 72' lang='grc' dir='ltr'>ἰδόντες,</span> <span class='ocrx_word' id='word_1_136' title='bbox 1519 1937 1599 1989; x_wconf 89' lang='grc' dir='ltr'>ὅτι</span> <span class='ocrx_word' id='word_1_137' title='bbox 1629 1935 1722 1988; x_wconf 81' lang='grc' dir='ltr'>οὐκ</span> <span class='ocrx_word' id='word_1_138' title='bbox 1764 1936 1838 1989; x_wconf 76' lang='grc' dir='ltr'>ἔτι</span> 
     </span>
    </p>
   </div>
   <div class='ocr_carea' id='block_1_23' title="bbox 230 2018 1837 2099">
    <p class='ocr_par' dir='ltr' id='par_1_23' title="bbox 230 2018 1837 2099">
     <span class='ocr_line' id='line_1_23' title="bbox 230 2018 1837 2099; baseline 0.001 -24"><span class='ocrx_word' id='word_1_139' title='bbox 230 2018 600 2095; x_wconf 76' lang='grc' dir='ltr'>διαφεύξεται,</span> <span class='ocrx_word' id='word_1_140' title='bbox 646 2022 823 2075; x_wconf 83' lang='grc' dir='ltr'>λοιπὸν</span> <span class='ocrx_word' id='word_1_141' title='bbox 863 2026 1069 2095; x_wconf 72' lang='grc' dir='ltr'>ἔφυγον,</span> <span class='ocrx_word' id='word_1_142' title='bbox 1118 2027 1253 2076; x_wconf 85' lang='grc' dir='ltr'>κατά</span> <span class='ocrx_word' id='word_1_143' title='bbox 1295 2027 1388 2083; x_wconf 74' lang='grc' dir='ltr'>τήν</span> <span class='ocrx_word' id='word_1_144' title='bbox 1438 2021 1643 2096; x_wconf 75' lang='grc' dir='ltr'>ἀψευδῆ</span> <span class='ocrx_word' id='word_1_145' title='bbox 1676 2024 1837 2099; x_wconf 76' lang='grc' dir='ltr'>πρόρ-</span> 
     </span>
    </p>
   </div>
   <div class='ocr_carea' id='block_1_24' title="bbox 226 2109 1839 2187">
    <p class='ocr_par' dir='ltr' id='par_1_24' title="bbox 226 2109 1839 2187">
     <span class='ocr_line' id='line_1_24' title="bbox 226 2109 1839 2187; baseline 0.001 -24"><span class='ocrx_word' id='word_1_146' title='bbox 226 2112 399 2187; x_wconf 81' lang='grc' dir='ltr'>ῥησιν</span> <span class='ocrx_word' id='word_1_147' title='bbox 446 2111 629 2180; x_wconf 75' lang='grc' dir='ltr'>αὐτοῦ,</span> <span class='ocrx_word' id='word_1_148' title='bbox 671 2114 882 2185; x_wconf 83' lang='grc' dir='ltr'>Μάρκος</span> <span class='ocrx_word' id='word_1_149' title='bbox 926 2109 985 2165; x_wconf 73' lang='grc' dir='ltr'>δε</span> <span class='ocrx_word' id='word_1_150' title='bbox 1022 2114 1339 2185; x_wconf 78' lang='grc' dir='ltr'>προσέθηκεν</span> <span class='ocrx_word' id='word_1_151' title='bbox 1387 2114 1468 2166; x_wconf 83' lang='grc' dir='ltr'>ὅτι</span> <span class='ocrx_word' id='word_1_152' title='bbox 1506 2118 1595 2166; x_wconf 83' lang='grc' dir='ltr'>καὶ</span> <span class='ocrx_word' id='word_1_153' title='bbox 1642 2110 1712 2175; x_wconf 83' lang='grc' dir='ltr'>εἷς</span> <span class='ocrx_word' id='word_1_154' title='bbox 1758 2133 1839 2175; x_wconf 89' lang='grc' dir='ltr'>τις</span> 
     </span>
    </p>
   </div>
   <div class='ocr_carea' id='block_1_25' title="bbox 1243 2200 1838 2275">
    <p class='ocr_par' dir='ltr' id='par_1_25' title="bbox 1243 2200 1838 2275">
     <span class='ocr_line' id='line_1_25' title="bbox 1243 2200 1838 2275; baseline 0.002 -22"><span class='ocrx_word' id='word_1_155' title='bbox 1243 2200 1667 2275; x_wconf 85' lang='grc' dir='ltr'>περιϐεϐλημένος</span> <span class='ocrx_word' id='word_1_156' title='bbox 1726 2221 1838 2255; x_wconf 89' lang='grc' dir='ltr'>σιν-</span> 
     </span>
    </p>
   </div>
   <div class='ocr_carea' id='block_1_26' title="bbox 236 2286 1828 2363">
    <p class='ocr_par' dir='ltr' id='par_1_26' title="bbox 236 2286 1828 2363">
     <span class='ocr_line' id='line_1_26' title="bbox 236 2286 1828 2363; baseline 0 -20"><span class='ocrx_word' id='word_1_157' title='bbox 236 2286 275 2343; x_wconf 83' lang='grc' dir='ltr'>δ</span> <span class='ocrx_word' id='word_1_158' title='bbox 280 2295 376 2343; x_wconf 86' lang='grc' dir='ltr'>ὀνα</span> <span class='ocrx_word' id='word_1_159' title='bbox 412 2289 495 2343; x_wconf 72' lang='grc' dir='ltr'>ἐπὶ</span> <span class='ocrx_word' id='word_1_160' title='bbox 540 2296 760 2363; x_wconf 82' lang='grc' dir='ltr'>γυμνοῦ.</span> <span class='ocrx_word' id='word_1_161' title='bbox 814 2295 913 2343; x_wconf 80' lang='grc' dir='ltr'>Καὶ</span> <span class='ocrx_word' id='word_1_162' title='bbox 960 2298 1242 2363; x_wconf 73' lang='grc' dir='ltr'>κρατοῦσιν</span> <span class='ocrx_word' id='word_1_163' title='bbox 1276 2291 1431 2343; x_wconf 75' lang='grc' dir='ltr'>αὐτὸν</span> <span class='ocrx_word' id='word_1_164' title='bbox 1461 2293 1510 2344; x_wconf 79' lang='grc' dir='ltr'>οἱ</span> <span class='ocrx_word' id='word_1_165' title='bbox 1546 2296 1828 2344; x_wconf 78' lang='grc' dir='ltr'>νεανίσκοι·</span> 
     </span>
    </p>
   </div>
   <div class='ocr_carea' id='block_1_27' title="bbox 231 2200 1160 2272">
    <p class='ocr_par' dir='ltr' id='par_1_27' title="bbox 231 2200 1160 2272">
     <span class='ocr_line' id='line_1_27' title="bbox 231 2200 1160 2272; baseline 0.002 -20"><span class='ocrx_word' id='word_1_166' title='bbox 231 2205 505 2262; x_wconf 80' lang='grc' dir='ltr'>νεανίσκος</span> <span class='ocrx_word' id='word_1_167' title='bbox 576 2200 928 2259; x_wconf 75' lang='grc' dir='ltr'>ἠκολούθησεν</span> <span class='ocrx_word' id='word_1_168' title='bbox 998 2201 1160 2272; x_wconf 72' lang='grc' dir='ltr'>αὐτῷ,</span> 
     </span>
    </p>
   </div>
   <div class='ocr_carea' id='block_1_28' title="bbox 234 2375 1835 2453">
    <p class='ocr_par' dir='ltr' id='par_1_28' title="bbox 234 2375 1835 2453">
     <span class='ocr_line' id='line_1_28' title="bbox 234 2375 1835 2453; baseline 0.001 -21"><span class='ocrx_word' id='word_1_169' title='bbox 234 2381 264 2432; x_wconf 85' lang='grc' dir='ltr'><strong>ό</strong></span> <span class='ocrx_word' id='word_1_170' title='bbox 328 2376 389 2433; x_wconf 67' lang='grc' dir='ltr'>δὲ</span> <span class='ocrx_word' id='word_1_171' title='bbox 444 2379 740 2433; x_wconf 88' lang='grc' dir='ltr'>καταλιπὼν</span> <span class='ocrx_word' id='word_1_172' title='bbox 803 2383 897 2438; x_wconf 73' lang='grc' dir='ltr'>την</span> <span class='ocrx_word' id='word_1_173' title='bbox 957 2375 1191 2450; x_wconf 86' lang='grc' dir='ltr'>σινδόνα,</span> <span class='ocrx_word' id='word_1_174' title='bbox 1259 2384 1455 2452; x_wconf 83' lang='grc' dir='ltr'>γυμνὸς</span> <span class='ocrx_word' id='word_1_175' title='bbox 1510 2383 1690 2453; x_wconf 66' lang='grc' dir='ltr'>ἔφυγεν</span> <span class='ocrx_word' id='word_1_176' title='bbox 1748 2380 1835 2433; x_wconf 80' lang='grc' dir='ltr'>ἀπ’</span> 
     </span>
    </p>
   </div>
   <div class='ocr_carea' id='block_1_29' title="bbox 231 2468 1836 2541">
    <p class='ocr_par' dir='ltr' id='par_1_29' title="bbox 231 2468 1836 2541">
     <span class='ocr_line' id='line_1_29' title="bbox 231 2468 1836 2541; baseline 0.001 -20"><span class='ocrx_word' id='word_1_177' title='bbox 231 2468 431 2521; x_wconf 73' lang='grc' dir='ltr'>αὐτῶν.</span> <span class='ocrx_word' id='word_1_178' title='bbox 482 2472 628 2530; x_wconf 71' lang='grc' dir='ltr'>Τινὲς</span> <span class='ocrx_word' id='word_1_179' title='bbox 673 2470 762 2540; x_wconf 69' lang='grc' dir='ltr'>μὶν</span> <span class='ocrx_word' id='word_1_180' title='bbox 816 2475 903 2520; x_wconf 77' lang='grc' dir='ltr'>ουν</span> <span class='ocrx_word' id='word_1_181' title='bbox 952 2488 1108 2541; x_wconf 77' lang='grc' dir='ltr'>φασιν</span> <span class='ocrx_word' id='word_1_182' title='bbox 1157 2468 1257 2521; x_wconf 81' lang='grc' dir='ltr'>ἀπὸ</span> <span class='ocrx_word' id='word_1_183' title='bbox 1307 2478 1397 2531; x_wconf 81' lang='grc' dir='ltr'>τῆς</span> <span class='ocrx_word' id='word_1_184' title='bbox 1444 2471 1613 2531; x_wconf 82' lang='grc' dir='ltr'>οἰκίας</span> <span class='ocrx_word' id='word_1_185' title='bbox 1642 2469 1836 2531; x_wconf 74' lang='grc' dir='ltr'>ἕκείνης</span> 
     </span>
    </p>
   </div>
   <div class='ocr_carea' id='block_1_30' title="bbox 233 2554 1837 2632">
    <p class='ocr_par' dir='ltr' id='par_1_30' title="bbox 233 2554 1837 2632">
     <span class='ocr_line' id='line_1_30' title="bbox 233 2554 1837 2632; baseline 0.001 -22"><span class='ocrx_word' id='word_1_186' title='bbox 233 2554 372 2611; x_wconf 82' lang='grc' dir='ltr'>εἶναι</span> <span class='ocrx_word' id='word_1_187' title='bbox 418 2561 504 2611; x_wconf 87' lang='grc' dir='ltr'>τὸν</span> <span class='ocrx_word' id='word_1_188' title='bbox 553 2562 837 2623; x_wconf 85' lang='grc' dir='ltr'>νεανίσκον,</span> <span class='ocrx_word' id='word_1_189' title='bbox 888 2556 937 2609; x_wconf 73' lang='grc' dir='ltr'>ἓν</span> <span class='ocrx_word' id='word_1_190' title='bbox 992 2558 1020 2630; x_wconf 72' lang='grc' dir='ltr'><em>ᾇ</em></span> <span class='ocrx_word' id='word_1_191' title='bbox 1069 2561 1126 2610; x_wconf 88' lang='grc' dir='ltr'>τὸ</span> <span class='ocrx_word' id='word_1_192' title='bbox 1174 2559 1368 2630; x_wconf 86' lang='grc' dir='ltr'>πάσχα</span> <span class='ocrx_word' id='word_1_193' title='bbox 1412 2562 1594 2631; x_wconf 77' lang='grc' dir='ltr'>ἔφαγεν</span> <span class='ocrx_word' id='word_1_194' title='bbox 1642 2560 1667 2610; x_wconf 91' lang='lat'>6</span> <span class='ocrx_word' id='word_1_195' title='bbox 1707 2567 1837 2632; x_wconf 84' lang='grc' dir='ltr'>Χρι-</span> 
     </span>
    </p>
   </div>
   <div class='ocr_carea' id='block_1_31' title="bbox 236 2642 1837 2720">
    <p class='ocr_par' dir='ltr' id='par_1_31' title="bbox 236 2642 1837 2720">
     <span class='ocr_line' id='line_1_31' title="bbox 236 2642 1837 2720; baseline -0.001 -20"><span class='ocrx_word' id='word_1_196' title='bbox 236 2652 383 2708; x_wconf 74' lang='grc' dir='ltr'>σ’τός⁸</span> <span class='ocrx_word' id='word_1_197' title='bbox 466 2647 629 2720; x_wconf 80' lang='grc' dir='ltr'>ἓτεροι</span> <span class='ocrx_word' id='word_1_198' title='bbox 703 2642 763 2699; x_wconf 69' lang='grc' dir='ltr'>δὲ</span> <span class='ocrx_word' id='word_1_199' title='bbox 842 2646 1082 2718; x_wconf 78' lang='grc' dir='ltr'>λέγουσιν</span> <span class='ocrx_word' id='word_1_200' title='bbox 1146 2649 1276 2700; x_wconf 88' lang='grc' dir='ltr'>εἶναι</span> <span class='ocrx_word' id='word_1_201' title='bbox 1348 2656 1528 2700; x_wconf 84' lang='grc' dir='ltr'>τοῦτον</span> <span class='ocrx_word' id='word_1_202' title='bbox 1597 2647 1837 2701; x_wconf 88' lang='grc' dir='ltr'>Ἰάκωϐον</span> 
     </span>
    </p>
   </div>
   <div class='ocr_carea' id='block_1_32' title="bbox 231 2734 1836 2811">
    <p class='ocr_par' dir='ltr' id='par_1_32' title="bbox 231 2734 1836 2811">
     <span class='ocr_line' id='line_1_32' title="bbox 231 2734 1836 2811; baseline -0.001 -22"><span class='ocrx_word' id='word_1_203' title='bbox 231 2740 327 2789; x_wconf 86' lang='grc' dir='ltr'>τὸν</span> <span class='ocrx_word' id='word_1_204' title='bbox 377 2734 597 2809; x_wconf 75' lang='grc' dir='ltr'>ἀδελφὸν</span> <span class='ocrx_word' id='word_1_205' title='bbox 659 2742 751 2788; x_wconf 83' lang='grc' dir='ltr'>τοῦ</span> <span class='ocrx_word' id='word_1_206' title='bbox 826 2740 1043 2810; x_wconf 80' lang='grc' dir='ltr'>Κυρίου,</span> <span class='ocrx_word' id='word_1_207' title='bbox 1104 2738 1159 2797; x_wconf 87' lang='grc' dir='ltr'>ὅς</span> <span class='ocrx_word' id='word_1_208' title='bbox 1219 2742 1307 2792; x_wconf 83' lang='grc' dir='ltr'>καὶ</span> <span class='ocrx_word' id='word_1_209' title='bbox 1363 2736 1484 2811; x_wconf 79' lang='grc' dir='ltr'>παρ’</span> <span class='ocrx_word' id='word_1_210' title='bbox 1547 2738 1669 2796; x_wconf 81' lang='grc' dir='ltr'>ὅλην</span> <span class='ocrx_word' id='word_1_211' title='bbox 1742 2741 1836 2796; x_wconf 82' lang='grc' dir='ltr'>τὴν</span> 
     </span>
    </p>
   </div>
   <div class='ocr_carea' id='block_1_33' title="bbox 233 2823 1838 2899">
    <p class='ocr_par' dir='ltr' id='par_1_33' title="bbox 233 2823 1838 2899">
     <span class='ocr_line' id='line_1_33' title="bbox 233 2823 1838 2899; baseline -0.001 -21"><span class='ocrx_word' id='word_1_212' title='bbox 233 2824 431 2878; x_wconf 80' lang='grc' dir='ltr'>ἑαυτοῦ</span> <span class='ocrx_word' id='word_1_213' title='bbox 522 2826 662 2885; x_wconf 77' lang='grc' dir='ltr'>ζωὴν</span> <span class='ocrx_word' id='word_1_214' title='bbox 742 2823 814 2877; x_wconf 71' lang='grc' dir='ltr'>ἑνὶ</span> <span class='ocrx_word' id='word_1_215' title='bbox 887 2823 1199 2899; x_wconf 80' lang='grc' dir='ltr'>περιϐολαίῳ</span> <span class='ocrx_word' id='word_1_216' title='bbox 1294 2824 1570 2897; x_wconf 71' lang='grc' dir='ltr'>ἐκέχρητο.</span> <span class='ocrx_word' id='word_1_217' title='bbox 1665 2832 1838 2897; x_wconf 85' lang='grc' dir='ltr'>Περιε-</span> 
     </span>
    </p>
   </div>
   <div class='ocr_carea' id='block_1_34' title="bbox 236 2909 1839 2987">
    <p class='ocr_par' dir='ltr' id='par_1_34' title="bbox 236 2909 1839 2987">
     <span class='ocr_line' id='line_1_34' title="bbox 236 2909 1839 2987; baseline 0.001 -21"><span class='ocrx_word' id='word_1_218' title='bbox 236 2912 463 2971; x_wconf 79' lang='grc' dir='ltr'>ϐέϐλητο</span> <span class='ocrx_word' id='word_1_219' title='bbox 510 2910 569 2966; x_wconf 67' lang='grc' dir='ltr'>δε</span> <span class='ocrx_word' id='word_1_220' title='bbox 621 2917 715 2972; x_wconf 75' lang='grc' dir='ltr'>τὴν</span> <span class='ocrx_word' id='word_1_221' title='bbox 774 2909 989 2967; x_wconf 77' lang='grc' dir='ltr'>σινδόνα</span> <span class='ocrx_word' id='word_1_222' title='bbox 1042 2912 1127 2967; x_wconf 78' lang='grc' dir='ltr'>ἐπὶ</span> <span class='ocrx_word' id='word_1_223' title='bbox 1177 2922 1397 2987; x_wconf 77' lang='grc' dir='ltr'>γυμνοῦ,</span> <span class='ocrx_word' id='word_1_224' title='bbox 1448 2922 1539 2968; x_wconf 84' lang='grc' dir='ltr'>τοῦ</span> <span class='ocrx_word' id='word_1_225' title='bbox 1597 2920 1839 2987; x_wconf 84' lang='grc' dir='ltr'>σώματος</span> 
     </span>
    </p>
   </div>
   <div class='ocr_carea' id='block_1_35' title="bbox 243 2995 491 3059">
    <p class='ocr_par' dir='ltr' id='par_1_35' title="bbox 243 2995 491 3059">
     <span class='ocr_line' id='line_1_35' title="bbox 243 2995 491 3059; baseline 0.004 -7"><span class='ocrx_word' id='word_1_226' title='bbox 243 2995 491 3059; x_wconf 84' lang='grc' dir='ltr'>δηλονότι</span> 
     </span>
    </p>
   </div>
   <div class='ocr_carea' id='block_1_36' title="bbox 1955 509 3613 582">
    <p class='ocr_par' dir='ltr' id='par_1_36' title="bbox 1955 509 3613 582">
     <span class='ocr_line' id='line_1_36' title="bbox 1955 509 3613 582; baseline 0.001 -17"><span class='ocrx_word' id='word_1_227' title='bbox 1955 509 2158 582; x_wconf 82' lang='lat' dir='ltr'>templi</span> <span class='ocrx_word' id='word_1_228' title='bbox 2184 516 2237 569; x_wconf 90' lang='lat' dir='ltr'>et</span> <span class='ocrx_word' id='word_1_229' title='bbox 2266 510 2595 566; x_wconf 84' lang='lat' dir='ltr'>senioribus</span> <span class='ocrx_word' id='word_1_230' title='bbox 2622 512 2693 567; x_wconf 75' lang='grc'><strong>⁷⁵.</strong></span> <span class='ocrx_word' id='word_1_231' title='bbox 2722 509 3044 568; x_wconf 80' lang='lat' dir='ltr'>Verisimile</span> <span class='ocrx_word' id='word_1_232' title='bbox 3073 513 3161 567; x_wconf 91' lang='lat' dir='ltr'>est</span> <span class='ocrx_word' id='word_1_233' title='bbox 3185 515 3411 579; x_wconf 90' lang='lat' dir='ltr'>autem,</span> <span class='ocrx_word' id='word_1_234' title='bbox 3440 509 3613 567; x_wconf 86' lang='lat' dir='ltr'>ethis</span> 
     </span>
    </p>
   </div>
   <div class='ocr_carea' id='block_1_37' title="bbox 1952 599 3613 673">
    <p class='ocr_par' dir='ltr' id='par_1_37' title="bbox 1952 599 3613 673">
     <span class='ocr_line' id='line_1_37' title="bbox 1952 599 3613 673; baseline 0 -17"><span class='ocrx_word' id='word_1_235' title='bbox 1952 604 2007 657; x_wconf 88' lang='lat' dir='ltr'>et</span> <span class='ocrx_word' id='word_1_236' title='bbox 2030 600 2146 657; x_wconf 86' lang='lat' dir='ltr'>illis</span> <span class='ocrx_word' id='word_1_237' title='bbox 2178 616 2307 656; x_wconf 89' lang='lat' dir='ltr'>eum</span> <span class='ocrx_word' id='word_1_238' title='bbox 2332 599 2571 655; x_wconf 83' lang='lat' dir='ltr'>dixisse.</span> <span class='ocrx_word' id='word_1_239' title='bbox 2602 601 2867 672; x_wconf 82' lang='lat' dir='ltr'>Apparet</span> <span class='ocrx_word' id='word_1_240' title='bbox 2902 616 3046 673; x_wconf 88' lang='lat' dir='ltr'>ergo</span> <span class='ocrx_word' id='word_1_241' title='bbox 3074 599 3236 673; x_wconf 89' lang='lat' dir='ltr'>quod</span> <span class='ocrx_word' id='word_1_242' title='bbox 3266 599 3451 656; x_wconf 90' lang='lat' dir='ltr'>Judas</span> <span class='ocrx_word' id='word_1_243' title='bbox 3480 599 3613 673; x_wconf 81' lang='lat' dir='ltr'>qui-</span> 
     </span>
    </p>
   </div>
   <div class='ocr_carea' id='block_1_38' title="bbox 1951 688 3608 761">
    <p class='ocr_par' dir='ltr' id='par_1_38' title="bbox 1951 688 3608 761">
     <span class='ocr_line' id='line_1_38' title="bbox 1951 688 3608 761; baseline 0.002 -18"><span class='ocrx_word' id='word_1_244' title='bbox 1951 689 2090 745; x_wconf 91' lang='lat' dir='ltr'>dem</span> <span class='ocrx_word' id='word_1_245' title='bbox 2117 694 2352 760; x_wconf 85' lang='lat' dir='ltr'>sumpta</span> <span class='ocrx_word' id='word_1_246' title='bbox 2374 688 2636 754; x_wconf 83' lang='lat' dir='ltr'>cohorte,</span> <span class='ocrx_word' id='word_1_247' title='bbox 2660 693 2716 744; x_wconf 91' lang='lat' dir='ltr'>et</span> <span class='ocrx_word' id='word_1_248' title='bbox 2739 704 2775 743; x_wconf 89' lang='lat' dir='ltr'>a</span> <span class='ocrx_word' id='word_1_249' title='bbox 2796 690 3179 761; x_wconf 88' lang='lat' dir='ltr'>pontiﬁcibus</span> <span class='ocrx_word' id='word_1_250' title='bbox 3213 696 3270 746; x_wconf 90' lang='lat' dir='ltr'>et</span> <span class='ocrx_word' id='word_1_251' title='bbox 3295 688 3608 746; x_wconf 70' lang='lat' dir='ltr'>Pharisasis</span> 
     </span>
    </p>
   </div>
   <div class='ocr_carea' id='block_1_39' title="bbox 1954 778 3603 851">
    <p class='ocr_par' dir='ltr' id='par_1_39' title="bbox 1954 778 3603 851">
     <span class='ocr_line' id='line_1_39' title="bbox 1954 778 3603 851; baseline 0.001 -18"><span class='ocrx_word' id='word_1_252' title='bbox 1954 778 2258 845; x_wconf 81' lang='lat' dir='ltr'>ministris,</span> <span class='ocrx_word' id='word_1_253' title='bbox 2286 779 2651 849; x_wconf 64' lang='lat' dir='ltr'>praecesserit</span> <span class='ocrx_word' id='word_1_254' title='bbox 2680 794 2694 845; x_wconf 90' lang='lat'><strong>;</strong></span> <span class='ocrx_word' id='word_1_255' title='bbox 2720 780 2903 833; x_wconf 86' lang='lat' dir='ltr'>secuti</span> <span class='ocrx_word' id='word_1_256' title='bbox 2931 786 3067 835; x_wconf 89' lang='lat' dir='ltr'>sunt</span> <span class='ocrx_word' id='word_1_257' title='bbox 3091 784 3287 835; x_wconf 90' lang='lat' dir='ltr'>autem</span> <span class='ocrx_word' id='word_1_258' title='bbox 3311 794 3451 835; x_wconf 88' lang='lat' dir='ltr'>eum</span> <span class='ocrx_word' id='word_1_259' title='bbox 3473 778 3603 851; x_wconf 86' lang='lat' dir='ltr'>qui-</span> 
     </span>
    </p>
   </div>
   <div class='ocr_carea' id='block_1_40' title="bbox 1951 865 3604 939">
    <p class='ocr_par' dir='ltr' id='par_1_40' title="bbox 1951 865 3604 939">
     <span class='ocr_line' id='line_1_40' title="bbox 1951 865 3604 939; baseline 0.001 -18"><span class='ocrx_word' id='word_1_260' title='bbox 1951 866 2094 924; x_wconf 88' lang='lat' dir='ltr'>dam</span> <span class='ocrx_word' id='word_1_261' title='bbox 2111 865 2289 922; x_wconf 89' lang='lat' dir='ltr'>etiam</span> <span class='ocrx_word' id='word_1_262' title='bbox 2304 865 2529 922; x_wconf 89' lang='lat' dir='ltr'>summi</span> <span class='ocrx_word' id='word_1_263' title='bbox 2543 866 2882 922; x_wconf 78' lang='lat' dir='ltr'>sacerdotes</span> <span class='ocrx_word' id='word_1_264' title='bbox 2902 882 2971 922; x_wconf 87' lang='lat' dir='ltr'>ac</span> <span class='ocrx_word' id='word_1_265' title='bbox 2994 868 3373 937; x_wconf 77' lang='lat' dir='ltr'>magistratus</span> <span class='ocrx_word' id='word_1_266' title='bbox 3396 866 3604 939; x_wconf 88' lang='lat' dir='ltr'>templi</span> 
     </span>
    </p>
   </div>
   <div class='ocr_carea' id='block_1_41' title="bbox 1950 955 3602 1028">
    <p class='ocr_par' dir='ltr' id='par_1_41' title="bbox 1950 955 3602 1028">
     <span class='ocr_line' id='line_1_41' title="bbox 1950 955 3602 1028; baseline 0.001 -17"><span class='ocrx_word' id='word_1_267' title='bbox 1950 960 2008 1011; x_wconf 89' lang='lat' dir='ltr'>et</span> <span class='ocrx_word' id='word_1_268' title='bbox 2054 956 2337 1019; x_wconf 85' lang='lat' dir='ltr'>seniores,</span> <span class='ocrx_word' id='word_1_269' title='bbox 2382 971 2536 1028; x_wconf 90' lang='lat' dir='ltr'>quos</span> <span class='ocrx_word' id='word_1_270' title='bbox 2577 971 2734 1010; x_wconf 89' lang='lat' dir='ltr'>nunc</span> <span class='ocrx_word' id='word_1_271' title='bbox 2763 957 2949 1011; x_wconf 88' lang='lat' dir='ltr'>Lucas</span> <span class='ocrx_word' id='word_1_272' title='bbox 2989 955 3384 1028; x_wconf 80' lang='lat' dir='ltr'>signiﬁcavit;</span> <span class='ocrx_word' id='word_1_273' title='bbox 3420 955 3602 1013; x_wconf 86' lang='lat' dir='ltr'>simul</span> 
     </span>
    </p>
   </div>
   <div class='ocr_carea' id='block_1_42' title="bbox 1949 1043 3602 1117">
    <p class='ocr_par' dir='ltr' id='par_1_42' title="bbox 1949 1043 3602 1117">
     <span class='ocr_line' id='line_1_42' title="bbox 1949 1043 3602 1117; baseline 0 -18"><span class='ocrx_word' id='word_1_274' title='bbox 1949 1044 2190 1117; x_wconf 87' lang='lat' dir='ltr'>quidem</span> <span class='ocrx_word' id='word_1_275' title='bbox 2221 1048 2285 1100; x_wconf 86' lang='lat' dir='ltr'>ut</span> <span class='ocrx_word' id='word_1_276' title='bbox 2327 1060 2429 1100; x_wconf 88' lang='lat' dir='ltr'>eos</span> <span class='ocrx_word' id='word_1_277' title='bbox 2470 1044 2575 1116; x_wconf 88' lang='lat' dir='ltr'>qui</span> <span class='ocrx_word' id='word_1_278' title='bbox 2620 1043 2791 1099; x_wconf 91' lang='lat' dir='ltr'>missi</span> <span class='ocrx_word' id='word_1_279' title='bbox 2836 1048 3003 1100; x_wconf 90' lang='lat' dir='ltr'>erant</span> <span class='ocrx_word' id='word_1_280' title='bbox 3047 1045 3376 1109; x_wconf 85' lang='lat' dir='ltr'>incitarent,</span> <span class='ocrx_word' id='word_1_281' title='bbox 3422 1044 3602 1101; x_wconf 91' lang='lat' dir='ltr'>simul</span> 
     </span>
    </p>
   </div>
   <div class='ocr_carea' id='block_1_43' title="bbox 1950 1132 3601 1204">
    <p class='ocr_par' dir='ltr' id='par_1_43' title="bbox 1950 1132 3601 1204">
     <span class='ocr_line' id='line_1_43' title="bbox 1950 1132 3601 1204; baseline 0 -15"><span class='ocrx_word' id='word_1_282' title='bbox 1950 1135 2131 1189; x_wconf 88' lang='lat' dir='ltr'>etiam</span> <span class='ocrx_word' id='word_1_283' title='bbox 2157 1149 2231 1189; x_wconf 92' lang='lat' dir='ltr'>ne</span> <span class='ocrx_word' id='word_1_284' title='bbox 2257 1133 2608 1189; x_wconf 88' lang='lat' dir='ltr'>muneribus</span> <span class='ocrx_word' id='word_1_285' title='bbox 2629 1132 3019 1189; x_wconf 90' lang='lat' dir='ltr'>allicerentur.</span> <span class='ocrx_word' id='word_1_286' title='bbox 3051 1132 3425 1204; x_wconf 83' lang='lat' dir='ltr'>Magistratus</span> <span class='ocrx_word' id='word_1_287' title='bbox 3459 1148 3601 1189; x_wconf 87' lang='lat' dir='ltr'>vero</span> 
     </span>
    </p>
   </div>
   <div class='ocr_carea' id='block_1_44' title="bbox 1949 1220 3603 1295">
    <p class='ocr_par' dir='ltr' id='par_1_44' title="bbox 1949 1220 3603 1295">
     <span class='ocr_line' id='line_1_44' title="bbox 1949 1220 3603 1295; baseline -0.002 -16"><span class='ocrx_word' id='word_1_288' title='bbox 1949 1222 2153 1295; x_wconf 86' lang='lat' dir='ltr'>templi</span> <span class='ocrx_word' id='word_1_289' title='bbox 2181 1222 2321 1278; x_wconf 89' lang='lat' dir='ltr'>dicit</span> <span class='ocrx_word' id='word_1_290' title='bbox 2339 1239 2460 1288; x_wconf 91' lang='lat' dir='ltr'>eos,</span> <span class='ocrx_word' id='word_1_291' title='bbox 2489 1221 2592 1294; x_wconf 88' lang='lat' dir='ltr'>qui</span> <span class='ocrx_word' id='word_1_292' title='bbox 2618 1221 2765 1278; x_wconf 89' lang='lat' dir='ltr'>illud</span> <span class='ocrx_word' id='word_1_293' title='bbox 2787 1238 2921 1277; x_wconf 91' lang='lat' dir='ltr'>cum</span> <span class='ocrx_word' id='word_1_294' title='bbox 2957 1220 3237 1277; x_wconf 82' lang='lat' dir='ltr'>militibus</span> <span class='ocrx_word' id='word_1_295' title='bbox 3260 1221 3603 1288; x_wconf 79' lang='lat' dir='ltr'>servabant,</span> 
     </span>
    </p>
   </div>
   <div class='ocr_carea' id='block_1_45' title="bbox 1949 1311 3609 1386">
    <p class='ocr_par' dir='ltr' id='par_1_45' title="bbox 1949 1311 3609 1386">
     <span class='ocr_line' id='line_1_45' title="bbox 1949 1311 3609 1386; baseline 0 -17"><span class='ocrx_word' id='word_1_296' title='bbox 1949 1329 2089 1370; x_wconf 91' lang='lat' dir='ltr'>cum</span> <span class='ocrx_word' id='word_1_297' title='bbox 2127 1312 2346 1386; x_wconf 89' lang='lat' dir='ltr'>quibus</span> <span class='ocrx_word' id='word_1_298' title='bbox 2375 1312 2554 1369; x_wconf 89' lang='lat' dir='ltr'>etiam</span> <span class='ocrx_word' id='word_1_299' title='bbox 2603 1311 2877 1385; x_wconf 84' lang='lat' dir='ltr'>superius</span> <span class='ocrx_word' id='word_1_300' title='bbox 2940 1311 3170 1368; x_wconf 90' lang='lat' dir='ltr'>locutus</span> <span class='ocrx_word' id='word_1_301' title='bbox 3209 1326 3346 1369; x_wconf 87' lang='lat' dir='ltr'>esse</span> <span class='ocrx_word' id='word_1_302' title='bbox 3389 1311 3609 1369; x_wconf 85' lang='lat' dir='ltr'>dicitur</span> 
     </span>
    </p>
   </div>
   <div class='ocr_carea' id='block_1_46' title="bbox 1946 1403 3580 1463">
    <p class='ocr_par' dir='ltr' id='par_1_46' title="bbox 1946 1403 3580 1463">
     <span class='ocr_line' id='line_1_46' title="bbox 1946 1403 3580 1463; baseline -0.009 -4"><span class='ocrx_word' id='word_1_303' title='bbox 1946 1403 2149 1459; x_wconf 89' lang='lat' dir='ltr'>Judas.</span> <span class='ocrx_word' id='word_1_304' title='bbox 3577 1458 3580 1463; x_wconf 9' lang='grc' dir='ltr'><strong><em>ἢ</em></strong></span> 
     </span>
    </p>
   </div>
   <div class='ocr_carea' id='block_1_47' title="bbox 2019 1490 3608 1560">
    <p class='ocr_par' dir='ltr' id='par_1_47' title="bbox 2019 1490 3608 1560">
     <span class='ocr_line' id='line_1_47' title="bbox 2019 1490 3608 1560; baseline 0 -14"><span class='ocrx_word' id='word_1_305' title='bbox 2019 1492 2179 1547; x_wconf 83' lang='lat' dir='ltr'>Vers.</span> <span class='ocrx_word' id='word_1_306' title='bbox 2215 1491 2302 1545; x_wconf 88' lang='lat'>56.</span> <span class='ocrx_word' id='word_1_307' title='bbox 2325 1491 2660 1547; x_wconf 77' lang='lat' dir='ltr'>Hocautem</span> <span class='ocrx_word' id='word_1_308' title='bbox 2691 1490 3219 1560; x_wconf 79' lang='lat' dir='ltr'>—prophetarum.</span> <span class='ocrx_word' id='word_1_309' title='bbox 3253 1490 3376 1546; x_wconf 88' lang='lat' dir='ltr'>Hoc</span> <span class='ocrx_word' id='word_1_310' title='bbox 3390 1493 3608 1559; x_wconf 90' lang='lat' dir='ltr'>totum,</span> 
     </span>
    </p>
   </div>
   <div class='ocr_carea' id='block_1_48' title="bbox 1952 1578 3610 1652">
    <p class='ocr_par' dir='ltr' id='par_1_48' title="bbox 1952 1578 3610 1652">
     <span class='ocr_line' id='line_1_48' title="bbox 1952 1578 3610 1652; baseline -0.001 -17"><span class='ocrx_word' id='word_1_311' title='bbox 1952 1587 2094 1651; x_wconf 91' lang='lat' dir='ltr'>puta</span> <span class='ocrx_word' id='word_1_312' title='bbox 2120 1580 2284 1652; x_wconf 91' lang='lat' dir='ltr'>quod</span> <span class='ocrx_word' id='word_1_313' title='bbox 2331 1595 2428 1635; x_wconf 93' lang='lat' dir='ltr'>me</span> <span class='ocrx_word' id='word_1_314' title='bbox 2469 1579 2759 1635; x_wconf 79' lang='lat' dir='ltr'>voluerim</span> <span class='ocrx_word' id='word_1_315' title='bbox 2808 1578 3196 1651; x_wconf 88' lang='lat' dir='ltr'>apprehendi,</span> <span class='ocrx_word' id='word_1_316' title='bbox 3248 1579 3468 1636; x_wconf 83' lang='lat' dir='ltr'>factum</span> <span class='ocrx_word' id='word_1_317' title='bbox 3520 1582 3610 1635; x_wconf 87' lang='lat' dir='ltr'>est</span> 
     </span>
    </p>
   </div>
   <div class='ocr_carea' id='block_1_49' title="bbox 1951 1668 3608 1741">
    <p class='ocr_par' dir='ltr' id='par_1_49' title="bbox 1951 1668 3608 1741">
     <span class='ocr_line' id='line_1_49' title="bbox 1951 1668 3608 1741; baseline -0.001 -16"><span class='ocrx_word' id='word_1_318' title='bbox 1951 1674 2013 1725; x_wconf 90' lang='lat' dir='ltr'>ut</span> <span class='ocrx_word' id='word_1_319' title='bbox 2033 1668 2462 1740; x_wconf 88' lang='lat' dir='ltr'>complerentur</span> <span class='ocrx_word' id='word_1_320' title='bbox 2484 1684 2554 1724; x_wconf 91' lang='lat' dir='ltr'>ac</span> <span class='ocrx_word' id='word_1_321' title='bbox 2578 1670 2994 1740; x_wconf 88' lang='lat' dir='ltr'>perﬁcerentur</span> <span class='ocrx_word' id='word_1_322' title='bbox 3021 1669 3335 1740; x_wconf 70' lang='lat' dir='ltr'>Scriptum</span> <span class='ocrx_word' id='word_1_323' title='bbox 3358 1669 3608 1741; x_wconf 90' lang='lat' dir='ltr'>prophe-</span> 
     </span>
    </p>
   </div>
   <div class='ocr_carea' id='block_1_50' title="bbox 1859 1738 3293 1830">
    <p class='ocr_par' dir='ltr' id='par_1_50' title="bbox 1859 1738 3293 1830">
     <span class='ocr_line' id='line_1_50' title="bbox 1859 1738 3293 1830; baseline 0.001 -19"><span class='ocrx_word' id='word_1_324' title='bbox 1952 1738 2182 1823; x_wconf 50' lang='lat' dir='ltr'>tarum,</span> <span class='ocrx_word' id='word_1_325' title='bbox 2207 1762 2503 1830; x_wconf 89' lang='lat' dir='ltr'>quotquot</span> <span class='ocrx_word' id='word_1_326' title='bbox 2548 1738 2788 1813; x_wconf 83' lang='lat' dir='ltr'>narrant</span> <span class='ocrx_word' id='word_1_327' title='bbox 2824 1756 2899 1812; x_wconf 92' lang='lat' dir='ltr'>de</span> <span class='ocrx_word' id='word_1_328' title='bbox 2930 1764 3119 1812; x_wconf 88' lang='lat' dir='ltr'>morte</span> <span class='ocrx_word' id='word_1_329' title='bbox 3149 1738 3293 1812; x_wconf 79' lang='lat' dir='ltr'>mea.</span> 
     </span>
    </p>
   </div>
   <div class='ocr_carea' id='block_1_51' title="bbox 2021 1844 3606 1918">
    <p class='ocr_par' dir='ltr' id='par_1_51' title="bbox 2021 1844 3606 1918">
     <span class='ocr_line' id='line_1_51' title="bbox 2021 1844 3606 1918; baseline 0.001 -17"><span class='ocrx_word' id='word_1_330' title='bbox 2021 1849 2179 1903; x_wconf 87' lang='lat' dir='ltr'>Vers.</span> <span class='ocrx_word' id='word_1_331' title='bbox 2208 1850 2292 1902; x_wconf 81' lang='lat'>56.</span> <span class='ocrx_word' id='word_1_332' title='bbox 2329 1847 2491 1902; x_wconf 86' lang='lat' dir='ltr'>Tunc</span> <span class='ocrx_word' id='word_1_333' title='bbox 2522 1878 2586 1887; x_wconf 92' lang='lat'><em>—</em></span> <span class='ocrx_word' id='word_1_334' title='bbox 2609 1848 2924 1916; x_wconf 84' lang='lat' dir='ltr'>fugerunt.</span> <span class='ocrx_word' id='word_1_335' title='bbox 2965 1846 3184 1902; x_wconf 87' lang='lat' dir='ltr'>Audito</span> <span class='ocrx_word' id='word_1_336' title='bbox 3214 1845 3377 1918; x_wconf 91' lang='lat' dir='ltr'>quod</span> <span class='ocrx_word' id='word_1_337' title='bbox 3405 1844 3606 1902; x_wconf 88' lang='lat' dir='ltr'>volun-</span> 
     </span>
    </p>
   </div>
   <div class='ocr_carea' id='block_1_52' title="bbox 1947 1934 3603 2007">
    <p class='ocr_par' dir='ltr' id='par_1_52' title="bbox 1947 1934 3603 2007">
     <span class='ocr_line' id='line_1_52' title="bbox 1947 1934 3603 2007; baseline 0.001 -18"><span class='ocrx_word' id='word_1_338' title='bbox 1947 1935 2093 1990; x_wconf 90' lang='lat' dir='ltr'>tarie</span> <span class='ocrx_word' id='word_1_339' title='bbox 2142 1936 2407 2007; x_wconf 86' lang='lat' dir='ltr'>seipsum</span> <span class='ocrx_word' id='word_1_340' title='bbox 2450 1934 2707 1990; x_wconf 86' lang='lat' dir='ltr'>traderet</span> <span class='ocrx_word' id='word_1_341' title='bbox 2749 1934 3085 1989; x_wconf 89' lang='lat' dir='ltr'>secundum</span> <span class='ocrx_word' id='word_1_342' title='bbox 3133 1935 3487 2005; x_wconf 83' lang='lat' dir='ltr'>Scripturas,</span> <span class='ocrx_word' id='word_1_343' title='bbox 3545 1939 3603 1990; x_wconf 92' lang='lat' dir='ltr'>et</span> 
     </span>
    </p>
   </div>
   <div class='ocr_carea' id='block_1_53' title="bbox 1948 2021 3596 2095">
    <p class='ocr_par' dir='ltr' id='par_1_53' title="bbox 1948 2021 3596 2095">
     <span class='ocr_line' id='line_1_53' title="bbox 1948 2021 3596 2095; baseline 0.001 -18"><span class='ocrx_word' id='word_1_344' title='bbox 1948 2024 2075 2079; x_wconf 90' lang='lat' dir='ltr'>viso</span> <span class='ocrx_word' id='word_1_345' title='bbox 2102 2023 2266 2095; x_wconf 90' lang='lat' dir='ltr'>quod</span> <span class='ocrx_word' id='word_1_346' title='bbox 2296 2024 2576 2094; x_wconf 90' lang='lat' dir='ltr'>deinceps</span> <span class='ocrx_word' id='word_1_347' title='bbox 2602 2022 2867 2078; x_wconf 85' lang='lat' dir='ltr'>futurum</span> <span class='ocrx_word' id='word_1_348' title='bbox 2898 2036 3017 2077; x_wconf 91' lang='lat' dir='ltr'>non</span> <span class='ocrx_word' id='word_1_349' title='bbox 3043 2029 3174 2079; x_wconf 86' lang='lat' dir='ltr'>erat</span> <span class='ocrx_word' id='word_1_350' title='bbox 3204 2027 3267 2078; x_wconf 90' lang='lat' dir='ltr'>ut</span> <span class='ocrx_word' id='word_1_351' title='bbox 3295 2021 3596 2092; x_wconf 77' lang='lat' dir='ltr'>effugeret,</span> 
     </span>
    </p>
   </div>
   <div class='ocr_carea' id='block_1_54' title="bbox 1934 2110 3595 2184">
    <p class='ocr_par' dir='ltr' id='par_1_54' title="bbox 1934 2110 3595 2184">
     <span class='ocr_line' id='line_1_54' title="bbox 1934 2110 3595 2184; baseline -0.002 -15"><span class='ocrx_word' id='word_1_352' title='bbox 1934 2116 2087 2169; x_wconf 78' lang='lat' dir='ltr'>tunc</span> <span class='ocrx_word' id='word_1_353' title='bbox 2117 2113 2396 2181; x_wconf 89' lang='lat' dir='ltr'>fugerunt</span> <span class='ocrx_word' id='word_1_354' title='bbox 2417 2112 2592 2184; x_wconf 82' lang='lat' dir='ltr'>juxta</span> <span class='ocrx_word' id='word_1_355' title='bbox 2632 2110 2945 2167; x_wconf 86' lang='lat' dir='ltr'>infallibile</span> <span class='ocrx_word' id='word_1_356' title='bbox 2996 2110 3190 2182; x_wconf 90' lang='lat' dir='ltr'>ipsius</span> <span class='ocrx_word' id='word_1_357' title='bbox 3230 2110 3595 2167; x_wconf 85' lang='lat' dir='ltr'>vaticinium.</span> 
     </span>
    </p>
   </div>
   <div class='ocr_carea' id='block_1_55' title="bbox 1947 2198 3599 2272">
    <p class='ocr_par' dir='ltr' id='par_1_55' title="bbox 1947 2198 3599 2272">
     <span class='ocr_line' id='line_1_55' title="bbox 1947 2198 3599 2272; baseline -0.001 -15"><span class='ocrx_word' id='word_1_358' title='bbox 1947 2203 2167 2257; x_wconf 88' lang='lat' dir='ltr'>Marcus</span> <span class='ocrx_word' id='word_1_359' title='bbox 2198 2216 2338 2256; x_wconf 88' lang='lat' dir='ltr'>vero</span> <span class='ocrx_word' id='word_1_360' title='bbox 2369 2199 2613 2269; x_wconf 89' lang='lat' dir='ltr'>addidit,</span> <span class='ocrx_word' id='word_1_361' title='bbox 2654 2198 2820 2271; x_wconf 83' lang='lat' dir='ltr'>quod</span> <span class='ocrx_word' id='word_1_362' title='bbox 2850 2214 3005 2263; x_wconf 79' lang='lat' dir='ltr'>unus</span> <span class='ocrx_word' id='word_1_363' title='bbox 3035 2199 3340 2272; x_wconf 90' lang='lat' dir='ltr'>quispiam</span> <span class='ocrx_word' id='word_1_364' title='bbox 3372 2199 3599 2255; x_wconf 85' lang='lat' dir='ltr'>adoles-</span> 
     </span>
    </p>
   </div>
   <div class='ocr_carea' id='block_1_56' title="bbox 1945 2288 3601 2361">
    <p class='ocr_par' dir='ltr' id='par_1_56' title="bbox 1945 2288 3601 2361">
     <span class='ocr_line' id='line_1_56' title="bbox 1945 2288 3601 2361; baseline -0.002 -13"><span class='ocrx_word' id='word_1_365' title='bbox 1945 2290 2221 2348; x_wconf 89' lang='lat' dir='ltr'>centulus</span> <span class='ocrx_word' id='word_1_366' title='bbox 2242 2290 2603 2361; x_wconf 81' lang='lat' dir='ltr'>sequebatur</span> <span class='ocrx_word' id='word_1_367' title='bbox 2627 2289 2795 2345; x_wconf 90' lang='lat' dir='ltr'>illum</span> <span class='ocrx_word' id='word_1_368' title='bbox 2829 2290 3314 2345; x_wconf 86' lang='lat' dir='ltr'>circumamictus</span> <span class='ocrx_word' id='word_1_369' title='bbox 3347 2288 3601 2345; x_wconf 90' lang='lat' dir='ltr'>sindone</span> 
     </span>
    </p>
   </div>
   <div class='ocr_carea' id='block_1_57' title="bbox 1946 2376 3599 2453">
    <p class='ocr_par' dir='ltr' id='par_1_57' title="bbox 1946 2376 3599 2453">
     <span class='ocr_line' id='line_1_57' title="bbox 1946 2376 3599 2453; baseline -0.001 -17"><span class='ocrx_word' id='word_1_370' title='bbox 1946 2396 2124 2453; x_wconf 87' lang='lat' dir='ltr'>super</span> <span class='ocrx_word' id='word_1_371' title='bbox 2149 2378 2401 2445; x_wconf 92' lang='lat' dir='ltr'>nudum,</span> <span class='ocrx_word' id='word_1_372' title='bbox 2435 2383 2491 2433; x_wconf 90' lang='lat' dir='ltr'>et</span> <span class='ocrx_word' id='word_1_373' title='bbox 2515 2378 2973 2450; x_wconf 89' lang='lat' dir='ltr'>apprehendunt</span> <span class='ocrx_word' id='word_1_374' title='bbox 2990 2392 3129 2432; x_wconf 89' lang='lat' dir='ltr'>eum</span> <span class='ocrx_word' id='word_1_375' title='bbox 3150 2376 3599 2435; x_wconf 87' lang='lat' dir='ltr'>adolescentuli.</span> 
     </span>
    </p>
   </div>
   <div class='ocr_carea' id='block_1_58' title="bbox 1950 2465 3600 2534">
    <p class='ocr_par' dir='ltr' id='par_1_58' title="bbox 1950 2465 3600 2534">
     <span class='ocr_line' id='line_1_58' title="bbox 1950 2465 3600 2534; baseline -0.001 -11"><span class='ocrx_word' id='word_1_376' title='bbox 1950 2474 2019 2525; x_wconf 85' lang='lat' dir='ltr'>At</span> <span class='ocrx_word' id='word_1_377' title='bbox 2047 2469 2143 2524; x_wconf 91' lang='lat' dir='ltr'>ille</span> <span class='ocrx_word' id='word_1_378' title='bbox 2159 2467 2358 2523; x_wconf 89' lang='lat' dir='ltr'>relicta</span> <span class='ocrx_word' id='word_1_379' title='bbox 2384 2466 2633 2522; x_wconf 89' lang='lat' dir='ltr'>sindone</span> <span class='ocrx_word' id='word_1_380' title='bbox 2658 2466 2858 2521; x_wconf 85' lang='lat' dir='ltr'>nudus</span> <span class='ocrx_word' id='word_1_381' title='bbox 2877 2465 3118 2534; x_wconf 87' lang='lat' dir='ltr'>fugitab</span> <span class='ocrx_word' id='word_1_382' title='bbox 3140 2468 3224 2520; x_wconf 90' lang='lat' dir='ltr'>eis</span> <span class='ocrx_word' id='word_1_383' title='bbox 3245 2467 3315 2520; x_wconf 93' lang='grc'><strong>⁷⁷.</strong></span> <span class='ocrx_word' id='word_1_384' title='bbox 3343 2465 3600 2532; x_wconf 86' lang='lat' dir='ltr'>Quidam</span> 
     </span>
    </p>
   </div>
   <div class='ocr_carea' id='block_1_59' title="bbox 1932 2553 3600 2629">
    <p class='ocr_par' dir='ltr' id='par_1_59' title="bbox 1932 2553 3600 2629">
     <span class='ocr_line' id='line_1_59' title="bbox 1932 2553 3600 2629; baseline 0 -18"><span class='ocrx_word' id='word_1_385' title='bbox 1932 2557 2146 2629; x_wconf 88' lang='lat' dir='ltr'>itaque</span> <span class='ocrx_word' id='word_1_386' title='bbox 2171 2557 2337 2613; x_wconf 89' lang='lat' dir='ltr'>aiunt</span> <span class='ocrx_word' id='word_1_387' title='bbox 2367 2572 2403 2612; x_wconf 90' lang='lat' dir='ltr'>a</span> <span class='ocrx_word' id='word_1_388' title='bbox 2427 2555 2611 2611; x_wconf 92' lang='lat' dir='ltr'>domo</span> <span class='ocrx_word' id='word_1_389' title='bbox 2631 2554 2734 2610; x_wconf 88' lang='lat' dir='ltr'>illa</span> <span class='ocrx_word' id='word_1_390' title='bbox 2759 2553 2939 2610; x_wconf 87' lang='lat' dir='ltr'>fuisse</span> <span class='ocrx_word' id='word_1_391' title='bbox 2964 2554 3498 2623; x_wconf 84' lang='lat' dir='ltr'>adolescentulum,</span> <span class='ocrx_word' id='word_1_392' title='bbox 3538 2554 3600 2611; x_wconf 90' lang='lat' dir='ltr'><strong>in</strong></span> 
     </span>
    </p>
   </div>
   <div class='ocr_carea' id='block_1_60' title="bbox 1944 2642 3600 2716">
    <p class='ocr_par' dir='ltr' id='par_1_60' title="bbox 1944 2642 3600 2716">
     <span class='ocr_line' id='line_1_60' title="bbox 1944 2642 3600 2716; baseline -0.002 -14"><span class='ocrx_word' id='word_1_393' title='bbox 1944 2662 2067 2715; x_wconf 87' lang='lat' dir='ltr'>qua</span> <span class='ocrx_word' id='word_1_394' title='bbox 2111 2646 2377 2703; x_wconf 88' lang='lat' dir='ltr'>Christus</span> <span class='ocrx_word' id='word_1_395' title='bbox 2434 2644 2661 2716; x_wconf 88' lang='lat' dir='ltr'>pascha</span> <span class='ocrx_word' id='word_1_396' title='bbox 2708 2642 3191 2699; x_wconf 88' lang='lat' dir='ltr'>manducaverat.</span> <span class='ocrx_word' id='word_1_397' title='bbox 3244 2642 3349 2698; x_wconf 77' lang='lat' dir='ltr'>Alii</span> <span class='ocrx_word' id='word_1_398' title='bbox 3398 2646 3600 2701; x_wconf 87' lang='lat' dir='ltr'>autem</span> 
     </span>
    </p>
   </div>
   <div class='ocr_carea' id='block_1_61' title="bbox 1944 2730 3601 2803">
    <p class='ocr_par' dir='ltr' id='par_1_61' title="bbox 1944 2730 3601 2803">
     <span class='ocr_line' id='line_1_61' title="bbox 1944 2730 3601 2803; baseline -0.002 -12"><span class='ocrx_word' id='word_1_399' title='bbox 1944 2735 2105 2791; x_wconf 89' lang='lat' dir='ltr'>hunc</span> <span class='ocrx_word' id='word_1_400' title='bbox 2147 2734 2333 2790; x_wconf 89' lang='lat' dir='ltr'>fuisse</span> <span class='ocrx_word' id='word_1_401' title='bbox 2363 2732 2571 2790; x_wconf 90' lang='lat' dir='ltr'>dicunt</span> <span class='ocrx_word' id='word_1_402' title='bbox 2599 2732 2895 2788; x_wconf 85' lang='lat' dir='ltr'>Jacobum</span> <span class='ocrx_word' id='word_1_403' title='bbox 2935 2731 3175 2787; x_wconf 83' lang='lat' dir='ltr'>fratrem</span> <span class='ocrx_word' id='word_1_404' title='bbox 3206 2730 3462 2796; x_wconf 90' lang='lat' dir='ltr'>Domini,</span> <span class='ocrx_word' id='word_1_405' title='bbox 3495 2730 3601 2803; x_wconf 91' lang='lat' dir='ltr'>qui</span> 
     </span>
    </p>
   </div>
   <div class='ocr_carea' id='block_1_62' title="bbox 1944 2819 3600 2880">
    <p class='ocr_par' dir='ltr' id='par_1_62' title="bbox 1944 2819 3600 2880">
     <span class='ocr_line' id='line_1_62' title="bbox 1944 2819 3600 2880; baseline -0.003 0"><span class='ocrx_word' id='word_1_406' title='bbox 1944 2824 2123 2880; x_wconf 86' lang='lat' dir='ltr'>etiam</span> <span class='ocrx_word' id='word_1_407' title='bbox 2153 2827 2277 2879; x_wconf 89' lang='lat' dir='ltr'>tota</span> <span class='ocrx_word' id='word_1_408' title='bbox 2306 2822 2423 2879; x_wconf 89' lang='lat' dir='ltr'>vita</span> <span class='ocrx_word' id='word_1_409' title='bbox 2452 2837 2559 2878; x_wconf 90' lang='lat' dir='ltr'>sua</span> <span class='ocrx_word' id='word_1_410' title='bbox 2586 2823 2761 2876; x_wconf 85' lang='lat' dir='ltr'>unica</span> <span class='ocrx_word' id='word_1_411' title='bbox 2789 2824 2953 2876; x_wconf 89' lang='lat' dir='ltr'>veste</span> <span class='ocrx_word' id='word_1_412' title='bbox 2980 2820 3273 2876; x_wconf 90' lang='lat' dir='ltr'>utebatur.</span> <span class='ocrx_word' id='word_1_413' title='bbox 3309 2819 3600 2875; x_wconf 76' lang='lat' dir='ltr'>Circums-</span> 
     </span>
    </p>
   </div>
   <div class='ocr_carea' id='block_1_63' title="bbox 1948 2908 3599 2981">
    <p class='ocr_par' dir='ltr' id='par_1_63' title="bbox 1948 2908 3599 2981">
     <span class='ocr_line' id='line_1_63' title="bbox 1948 2908 3599 2981; baseline -0.001 -13"><span class='ocrx_word' id='word_1_414' title='bbox 1948 2912 2160 2968; x_wconf 90' lang='lat' dir='ltr'>mictus</span> <span class='ocrx_word' id='word_1_415' title='bbox 2185 2915 2381 2968; x_wconf 90' lang='lat' dir='ltr'>autem</span> <span class='ocrx_word' id='word_1_416' title='bbox 2409 2914 2535 2967; x_wconf 89' lang='lat' dir='ltr'>erat</span> <span class='ocrx_word' id='word_1_417' title='bbox 2554 2909 2808 2966; x_wconf 88' lang='lat' dir='ltr'>sindone</span> <span class='ocrx_word' id='word_1_418' title='bbox 2838 2924 3021 2981; x_wconf 86' lang='lat' dir='ltr'>super</span> <span class='ocrx_word' id='word_1_419' title='bbox 3044 2909 3302 2976; x_wconf 90' lang='lat' dir='ltr'>nudum,</span> <span class='ocrx_word' id='word_1_420' title='bbox 3329 2908 3599 2966; x_wconf 82' lang='lat' dir='ltr'>videlicet</span> 
     </span>
    </p>
   </div>
   <div class='ocr_carea' id='block_1_64' title="bbox 1946 3016 2189 3068">
    <p class='ocr_par' dir='ltr' id='par_1_64' title="bbox 1946 3016 2189 3068">
     <span class='ocr_line' id='line_1_64' title="bbox 1946 3016 2189 3068; baseline -0.016 -10"><span class='ocrx_word' id='word_1_421' title='bbox 1946 3016 2189 3068; x_wconf 89' lang='lat' dir='ltr'>corpus.</span> 
     </span>
    </p>
   </div>
   <div class='ocr_carea' id='block_1_65' title="bbox 320 3080 1837 3168">
    <p class='ocr_par' dir='ltr' id='par_1_65' title="bbox 320 3087 1837 3168">
     <span class='ocr_line' id='line_1_65' title="bbox 320 3087 1837 3168; baseline 0.003 -26"><span class='ocrx_word' id='word_1_422' title='bbox 320 3093 388 3143; x_wconf 78' lang='grc' dir='ltr'><strong>Οἱ</strong></span> <span class='ocrx_word' id='word_1_423' title='bbox 428 3087 488 3142; x_wconf 70' lang='grc' dir='ltr'>δὲ</span> <span class='ocrx_word' id='word_1_424' title='bbox 509 3120 575 3132; x_wconf 86' lang='lat'>—-</span> <span class='ocrx_word' id='word_1_425' title='bbox 603 3093 968 3163; x_wconf 78' lang='grc' dir='ltr'>συνήχθησαν.</span> <span class='ocrx_word' id='word_1_426' title='bbox 1000 3093 1079 3144; x_wconf 84' lang='grc' dir='ltr'>Τὰ</span> <span class='ocrx_word' id='word_1_427' title='bbox 1106 3092 1261 3163; x_wconf 87' lang='grc' dir='ltr'>ὃμοια</span> <span class='ocrx_word' id='word_1_428' title='bbox 1288 3096 1377 3144; x_wconf 83' lang='grc' dir='ltr'>καὶ</span> <span class='ocrx_word' id='word_1_429' title='bbox 1405 3093 1619 3168; x_wconf 82' lang='grc' dir='ltr'>Μάρκος</span> <span class='ocrx_word' id='word_1_430' title='bbox 1645 3092 1837 3168; x_wconf 76' lang='grc' dir='ltr'>ἔγραψε</span> 
     </span>
    </p>
   </div>
   <div class='ocr_carea' id='block_1_66' title="bbox 1953 3080 3598 3168">
    <p class='ocr_par' dir='ltr' id='par_1_66' title="bbox 2019 3083 3598 3157">
     <span class='ocr_line' id='line_1_66' title="bbox 2019 3083 3598 3157; baseline -0.003 -13"><span class='ocrx_word' id='word_1_431' title='bbox 2019 3094 2179 3146; x_wconf 90' lang='lat' dir='ltr'>Vers.</span> <span class='ocrx_word' id='word_1_432' title='bbox 2201 3091 2286 3145; x_wconf 82' lang='lat'>57.</span> <span class='ocrx_word' id='word_1_433' title='bbox 2310 3090 2389 3144; x_wconf 84' lang='lat' dir='ltr'>At</span> <span class='ocrx_word' id='word_1_434' title='bbox 2412 3088 2509 3144; x_wconf 84' lang='lat' dir='ltr'>illi</span> <span class='ocrx_word' id='word_1_435' title='bbox 2524 3118 2595 3129; x_wconf 90' lang='lat'>—-</span> <span class='ocrx_word' id='word_1_436' title='bbox 2623 3086 2967 3157; x_wconf 85' lang='lat' dir='ltr'>congregati</span> <span class='ocrx_word' id='word_1_437' title='bbox 2992 3090 3186 3143; x_wconf 84' lang='lat' dir='ltr'>erant.</span> <span class='ocrx_word' id='word_1_438' title='bbox 3210 3083 3435 3141; x_wconf 88' lang='lat' dir='ltr'>Similia</span> <span class='ocrx_word' id='word_1_439' title='bbox 3449 3100 3598 3156; x_wconf 92' lang='lat' dir='ltr'>quo-</span> 
     </span>
    </p>
   </div>
   <div class='ocr_carea' id='block_1_67' title="bbox 237 3178 1837 3256">
    <p class='ocr_par' dir='ltr' id='par_1_67' title="bbox 237 3178 1837 3256">
     <span class='ocr_line' id='line_1_67' title="bbox 237 3178 1837 3256; baseline 0.003 -25"><span class='ocrx_word' id='word_1_440' title='bbox 237 3184 334 3232; x_wconf 85' lang='grc' dir='ltr'>καὶ</span> <span class='ocrx_word' id='word_1_441' title='bbox 401 3186 625 3242; x_wconf 75' lang='grc' dir='ltr'>Λουκᾶςο</span> <span class='ocrx_word' id='word_1_442' title='bbox 681 3181 707 3232; x_wconf 89' lang='lat'>6</span> <span class='ocrx_word' id='word_1_443' title='bbox 752 3178 801 3233; x_wconf 87' lang='grc' dir='ltr'>δ’</span> <span class='ocrx_word' id='word_1_444' title='bbox 834 3179 1074 3243; x_wconf 81' lang='grc' dir='ltr'>Ἰωάννης</span> <span class='ocrx_word' id='word_1_445' title='bbox 1114 3180 1430 3255; x_wconf 77' lang='grc' dir='ltr'>πλατύτερον</span> <span class='ocrx_word' id='word_1_446' title='bbox 1480 3187 1570 3235; x_wconf 79' lang='grc' dir='ltr'>καὶ</span> <span class='ocrx_word' id='word_1_447' title='bbox 1632 3182 1837 3256; x_wconf 76' lang='grc' dir='ltr'>ἀκριϐέ-</span> 
     </span>
    </p>
   </div>
   <div class='ocr_carea' id='block_1_68' title="bbox 240 3268 1837 3341">
    <p class='ocr_par' dir='ltr' id='par_1_68' title="bbox 240 3268 1837 3341">
     <span class='ocr_line' id='line_1_68' title="bbox 240 3268 1837 3341; baseline 0.003 -21"><span class='ocrx_word' id='word_1_448' title='bbox 240 3287 423 3337; x_wconf 88' lang='grc' dir='ltr'>στερον</span> <span class='ocrx_word' id='word_1_449' title='bbox 474 3272 539 3321; x_wconf 82' lang='grc' dir='ltr'>τὰ</span> <span class='ocrx_word' id='word_1_450' title='bbox 586 3268 811 3322; x_wconf 62' lang='lat' dir='ltr'>tamen</span> <span class='ocrx_word' id='word_1_451' title='bbox 854 3270 1086 3341; x_wconf 66' lang='grc' dir='ltr'>γράφων,</span> <span class='ocrx_word' id='word_1_452' title='bbox 1129 3270 1215 3322; x_wconf 85' lang='grc' dir='ltr'>οἷα</span> <span class='ocrx_word' id='word_1_453' title='bbox 1258 3274 1435 3340; x_wconf 88' lang='grc' dir='ltr'>παρὼν</span> <span class='ocrx_word' id='word_1_454' title='bbox 1474 3271 1671 3335; x_wconf 79' lang='grc' dir='ltr'>αὐτοῖς,</span> <span class='ocrx_word' id='word_1_455' title='bbox 1702 3272 1837 3324; x_wconf 74' lang='grc' dir='ltr'>οὕτω</span> 
     </span>
    </p>
   </div>
   <div class='ocr_carea' id='block_1_69' title="bbox 237 3354 1837 3433">
    <p class='ocr_par' dir='ltr' id='par_1_69' title="bbox 237 3354 1837 3433">
     <span class='ocr_line' id='line_1_69' title="bbox 237 3354 1837 3433; baseline 0.003 -25"><span class='ocrx_word' id='word_1_456' title='bbox 237 3362 418 3429; x_wconf 78' lang='grc' dir='ltr'>φησίν·</span> <span class='ocrx_word' id='word_1_457' title='bbox 471 3356 529 3410; x_wconf 83' lang='grc' dir='ltr'><strong>Ἠ</strong></span> <span class='ocrx_word' id='word_1_458' title='bbox 570 3354 657 3410; x_wconf 86' lang='grc' dir='ltr'>οὖν</span> <span class='ocrx_word' id='word_1_459' title='bbox 696 3365 885 3433; x_wconf 86' lang='grc' dir='ltr'>σπεῖρα</span> <span class='ocrx_word' id='word_1_460' title='bbox 912 3363 1001 3410; x_wconf 82' lang='grc' dir='ltr'>καὶ</span> <span class='ocrx_word' id='word_1_461' title='bbox 1040 3360 1065 3410; x_wconf 91' lang='lat'>6</span> <span class='ocrx_word' id='word_1_462' title='bbox 1102 3358 1392 3431; x_wconf 82' lang='grc' dir='ltr'>χιλίαρχος</span> <span class='ocrx_word' id='word_1_463' title='bbox 1434 3364 1523 3411; x_wconf 85' lang='grc' dir='ltr'>καὶ</span> <span class='ocrx_word' id='word_1_464' title='bbox 1562 3362 1611 3412; x_wconf 85' lang='grc' dir='ltr'>οἱ</span> <span class='ocrx_word' id='word_1_465' title='bbox 1649 3360 1837 3431; x_wconf 80' lang='grc' dir='ltr'>ὑπηρέ-</span> 
     </span>
    </p>
   </div>
   <div class='ocr_carea' id='block_1_70' title="bbox 234 3443 1836 3515">
    <p class='ocr_par' dir='ltr' id='par_1_70' title="bbox 234 3443 1836 3515">
     <span class='ocr_line' id='line_1_70' title="bbox 234 3443 1836 3515; baseline 0.001 -16"><span class='ocrx_word' id='word_1_466' title='bbox 234 3455 429 3499; x_wconf 83' lang='grc' dir='ltr'>ταιτῶν</span> <span class='ocrx_word' id='word_1_467' title='bbox 483 3443 755 3500; x_wconf 80' lang='grc' dir='ltr'>Ἰουδαίων</span> <span class='ocrx_word' id='word_1_468' title='bbox 816 3446 1089 3501; x_wconf 76' lang='grc' dir='ltr'>συνελαϐον</span> <span class='ocrx_word' id='word_1_469' title='bbox 1136 3451 1221 3500; x_wconf 86' lang='grc' dir='ltr'>τὸν</span> <span class='ocrx_word' id='word_1_470' title='bbox 1288 3446 1511 3515; x_wconf 80' lang='grc' dir='ltr'>Ἰησοῦν,</span> <span class='ocrx_word' id='word_1_471' title='bbox 1565 3453 1653 3502; x_wconf 82' lang='grc' dir='ltr'>καὶ</span> <span class='ocrx_word' id='word_1_472' title='bbox 1716 3445 1836 3507; x_wconf 81' lang='grc' dir='ltr'>ἔδη-</span> 
     </span>
    </p>
   </div>
   <div class='ocr_carea' id='block_1_71' title="bbox 239 3533 1836 3610">
    <p class='ocr_par' dir='ltr' id='par_1_71' title="bbox 239 3533 1836 3610">
     <span class='ocr_line' id='line_1_71' title="bbox 239 3533 1836 3610; baseline 0.001 -22"><span class='ocrx_word' id='word_1_473' title='bbox 239 3554 339 3588; x_wconf 89' lang='grc' dir='ltr'>σαν</span> <span class='ocrx_word' id='word_1_474' title='bbox 394 3536 568 3604; x_wconf 72' lang='grc' dir='ltr'>αὑτὸν,</span> <span class='ocrx_word' id='word_1_475' title='bbox 614 3541 705 3588; x_wconf 84' lang='grc' dir='ltr'>καὶ</span> <span class='ocrx_word' id='word_1_476' title='bbox 761 3533 1033 3608; x_wconf 76' lang='grc' dir='ltr'>ἀπήγαγον</span> <span class='ocrx_word' id='word_1_477' title='bbox 1081 3536 1236 3589; x_wconf 79' lang='grc' dir='ltr'>αὐτὸν</span> <span class='ocrx_word' id='word_1_478' title='bbox 1283 3540 1412 3610; x_wconf 88' lang='grc' dir='ltr'>πρὸς</span> <span class='ocrx_word' id='word_1_479' title='bbox 1468 3536 1653 3589; x_wconf 71' lang='grc' dir='ltr'>’Ἅνναν</span> <span class='ocrx_word' id='word_1_480' title='bbox 1699 3545 1836 3610; x_wconf 83' lang='grc' dir='ltr'>πρῶ-</span> 
     </span>
    </p>
   </div>
   <div class='ocr_carea' id='block_1_72' title="bbox 235 3624 1836 3700">
    <p class='ocr_par' dir='ltr' id='par_1_72' title="bbox 235 3624 1836 3700">
     <span class='ocr_line' id='line_1_72' title="bbox 235 3624 1836 3700; baseline 0.001 -24"><span class='ocrx_word' id='word_1_481' title='bbox 235 3641 350 3676; x_wconf 90' lang='grc' dir='ltr'>τον·</span> <span class='ocrx_word' id='word_1_482' title='bbox 430 3632 493 3696; x_wconf 83' lang='grc' dir='ltr'>ῇν</span> <span class='ocrx_word' id='word_1_483' title='bbox 558 3628 660 3697; x_wconf 80' lang='grc' dir='ltr'>γὰρ</span> <span class='ocrx_word' id='word_1_484' title='bbox 729 3626 971 3700; x_wconf 85' lang='grc' dir='ltr'>πενθερὸς</span> <span class='ocrx_word' id='word_1_485' title='bbox 1038 3632 1130 3678; x_wconf 83' lang='grc' dir='ltr'>τοῦ</span> <span class='ocrx_word' id='word_1_486' title='bbox 1204 3627 1428 3697; x_wconf 73' lang='grc' dir='ltr'>Καῖάφα,</span> <span class='ocrx_word' id='word_1_487' title='bbox 1508 3627 1558 3686; x_wconf 88' lang='grc' dir='ltr'>ὃς</span> <span class='ocrx_word' id='word_1_488' title='bbox 1613 3627 1674 3699; x_wconf 75' lang='grc' dir='ltr'>ᾖν</span> <span class='ocrx_word' id='word_1_489' title='bbox 1749 3624 1836 3700; x_wconf 82' lang='grc' dir='ltr'>ἁρ-</span> 
     </span>
    </p>
   </div>
   <div class='ocr_carea' id='block_1_73' title="bbox 238 3711 1836 3788">
    <p class='ocr_par' dir='ltr' id='par_1_73' title="bbox 238 3711 1836 3788">
     <span class='ocr_line' id='line_1_73' title="bbox 238 3711 1836 3788; baseline 0.001 -23"><span class='ocrx_word' id='word_1_490' title='bbox 238 3717 450 3787; x_wconf 83' lang='grc' dir='ltr'>χιερεύς</span> <span class='ocrx_word' id='word_1_491' title='bbox 523 3720 615 3765; x_wconf 82' lang='grc' dir='ltr'>τοῦ</span> <span class='ocrx_word' id='word_1_492' title='bbox 694 3712 930 3766; x_wconf 75' lang='grc' dir='ltr'>ἔνιαυτοῡ</span> <span class='ocrx_word' id='word_1_493' title='bbox 1005 3712 1225 3770; x_wconf 79' lang='grc' dir='ltr'>ἐκείνου.</span> <span class='ocrx_word' id='word_1_494' title='bbox 1312 3711 1440 3767; x_wconf 83' lang='grc' dir='ltr'>Εἶτα</span> <span class='ocrx_word' id='word_1_495' title='bbox 1494 3718 1625 3766; x_wconf 82' lang='grc' dir='ltr'>κατὰ</span> <span class='ocrx_word' id='word_1_496' title='bbox 1684 3718 1836 3788; x_wconf 83' lang='grc' dir='ltr'>μέρος</span> 
     </span>
    </p>
   </div>
   <div class='ocr_carea' id='block_1_74' title="bbox 239 3800 1832 3875">
    <p class='ocr_par' dir='ltr' id='par_1_74' title="bbox 239 3800 1832 3875">
     <span class='ocr_line' id='line_1_74' title="bbox 239 3800 1832 3875; baseline 0.001 -22"><span class='ocrx_word' id='word_1_497' title='bbox 239 3800 562 3873; x_wconf 79' lang='grc' dir='ltr'>ἀπαγγείλας</span> <span class='ocrx_word' id='word_1_498' title='bbox 649 3803 716 3855; x_wconf 75' lang='grc' dir='ltr'>τὰ</span> <span class='ocrx_word' id='word_1_499' title='bbox 770 3800 816 3854; x_wconf 76' lang='grc' dir='ltr'>ἓν</span> <span class='ocrx_word' id='word_1_500' title='bbox 872 3810 945 3873; x_wconf 84' lang='grc' dir='ltr'>τῷ</span> <span class='ocrx_word' id='word_1_501' title='bbox 1012 3801 1135 3873; x_wconf 77' lang='grc' dir='ltr'>οἱκῳ</span> <span class='ocrx_word' id='word_1_502' title='bbox 1192 3809 1283 3854; x_wconf 80' lang='grc' dir='ltr'>τοῦ</span> <span class='ocrx_word' id='word_1_503' title='bbox 1355 3802 1514 3856; x_wconf 77' lang='grc' dir='ltr'>Ἀννα</span> <span class='ocrx_word' id='word_1_504' title='bbox 1568 3807 1832 3875; x_wconf 83' lang='grc' dir='ltr'>γενόμενα,</span> 
     </span>
    </p>
   </div>
   <div class='ocr_carea' id='block_1_75' title="bbox 237 3887 1837 3965">
    <p class='ocr_par' dir='ltr' id='par_1_75' title="bbox 237 3887 1837 3965">
     <span class='ocr_line' id='line_1_75' title="bbox 237 3887 1837 3965; baseline -0.001 -22"><span class='ocrx_word' id='word_1_505' title='bbox 237 3891 368 3964; x_wconf 80' lang='grc' dir='ltr'>ἅπερ</span> <span class='ocrx_word' id='word_1_506' title='bbox 422 3894 471 3943; x_wconf 84' lang='grc' dir='ltr'>οἱ</span> <span class='ocrx_word' id='word_1_507' title='bbox 526 3890 639 3963; x_wconf 86' lang='grc'>(76)</span> <span class='ocrx_word' id='word_1_508' title='bbox 680 3890 824 3944; x_wconf 71' lang='grc' dir='ltr'>ἄλλοι</span> <span class='ocrx_word' id='word_1_509' title='bbox 871 3887 1207 3965; x_wconf 72' lang='grc' dir='ltr'>παρέδραμον</span> <span class='ocrx_word' id='word_1_510' title='bbox 1260 3890 1643 3963; x_wconf 73' lang='grc' dir='ltr'>εύαγγελισταὶ,</span> <span class='ocrx_word' id='word_1_511' title='bbox 1696 3891 1837 3953; x_wconf 82' lang='grc' dir='ltr'>τέλος</span> 
     </span>
    </p>
   </div>
   <div class='ocr_carea' id='block_1_76' title="bbox 236 3976 1835 4054">
    <p class='ocr_par' dir='ltr' id='par_1_76' title="bbox 236 3976 1835 4054">
     <span class='ocr_line' id='line_1_76' title="bbox 236 3976 1835 4054; baseline -0.001 -21"><span class='ocrx_word' id='word_1_512' title='bbox 236 3980 392 4052; x_wconf 84' lang='grc' dir='ltr'>λέγει·</span> <span class='ocrx_word' id='word_1_513' title='bbox 449 3978 771 4034; x_wconf 79' lang='grc' dir='ltr'>Ἀπέστειλεν</span> <span class='ocrx_word' id='word_1_514' title='bbox 825 3980 979 4032; x_wconf 71' lang='grc' dir='ltr'>αὐτὸν</span> <span class='ocrx_word' id='word_1_515' title='bbox 1038 3981 1063 4031; x_wconf 89' lang='lat'>6</span> <span class='ocrx_word' id='word_1_516' title='bbox 1124 3978 1308 4041; x_wconf 79' lang='grc' dir='ltr'>Ἀννας</span> <span class='ocrx_word' id='word_1_517' title='bbox 1371 3976 1643 4051; x_wconf 82' lang='grc' dir='ltr'>δεδεμένον</span> <span class='ocrx_word' id='word_1_518' title='bbox 1708 3983 1835 4054; x_wconf 87' lang='grc' dir='ltr'>πρὸς</span> 
     </span>
    </p>
   </div>
   <div class='ocr_carea' id='block_1_77' title="bbox 244 4067 886 4142">
    <p class='ocr_par' dir='ltr' id='par_1_77' title="bbox 244 4067 886 4142">
     <span class='ocr_line' id='line_1_77' title="bbox 244 4067 886 4142; baseline 0 -20"><span class='ocrx_word' id='word_1_519' title='bbox 244 4071 478 4142; x_wconf 76' lang='grc' dir='ltr'>Καϊάφαν</span> <span class='ocrx_word' id='word_1_520' title='bbox 500 4072 586 4121; x_wconf 89' lang='grc' dir='ltr'>τὸν</span> <span class='ocrx_word' id='word_1_521' title='bbox 618 4067 886 4142; x_wconf 74' lang='grc' dir='ltr'>ἀρχιερέα.</span> 
     </span>
    </p>
   </div>
   <div class='ocr_carea' id='block_1_78' title="bbox 312 4154 1833 4233">
    <p class='ocr_par' dir='ltr' id='par_1_78' title="bbox 312 4154 1833 4233">
     <span class='ocr_line' id='line_1_78' title="bbox 312 4154 1833 4233; baseline 0.001 -22"><span class='ocrx_word' id='word_1_522' title='bbox 312 4157 369 4211; x_wconf 82' lang='grc' dir='ltr'>Ὀ</span> <span class='ocrx_word' id='word_1_523' title='bbox 418 4154 477 4210; x_wconf 69' lang='grc' dir='ltr'>δε</span> <span class='ocrx_word' id='word_1_524' title='bbox 527 4161 716 4231; x_wconf 83' lang='grc' dir='ltr'>Πέτρος</span> <span class='ocrx_word' id='word_1_525' title='bbox 769 4188 835 4199; x_wconf 90' lang='grc'><strong>-</strong></span> <span class='ocrx_word' id='word_1_526' title='bbox 876 4156 1180 4233; x_wconf 80' lang='grc' dir='ltr'>ἀρχιερέως.</span> <span class='ocrx_word' id='word_1_527' title='bbox 1225 4156 1667 4230; x_wconf 71' lang='grc' dir='ltr'>’Υποστρέψαντες</span> <span class='ocrx_word' id='word_1_528' title='bbox 1721 4158 1833 4231; x_wconf 80' lang='grc'>(77)</span> 
     </span>
    </p>
   </div>
   <div class='ocr_carea' id='block_1_79' title="bbox 245 4244 1835 4321">
    <p class='ocr_par' dir='ltr' id='par_1_79' title="bbox 245 4244 1835 4321">
     <span class='ocr_line' id='line_1_79' title="bbox 245 4244 1835 4321; baseline -0.001 -20"><span class='ocrx_word' id='word_1_529' title='bbox 245 4247 396 4309; x_wconf 75' lang='grc' dir='ltr'>εὐθὺς</span> <span class='ocrx_word' id='word_1_530' title='bbox 453 4247 603 4308; x_wconf 70' lang='grc' dir='ltr'>αὐτὸς</span> <span class='ocrx_word' id='word_1_531' title='bbox 657 4253 747 4299; x_wconf 80' lang='grc' dir='ltr'>καὶ</span> <span class='ocrx_word' id='word_1_532' title='bbox 793 4248 818 4299; x_wconf 92' lang='lat'>6</span> <span class='ocrx_word' id='word_1_533' title='bbox 879 4247 1115 4308; x_wconf 84' lang='grc' dir='ltr'>Ἰωάννης</span> <span class='ocrx_word' id='word_1_534' title='bbox 1168 4246 1613 4321; x_wconf 74' lang='grc' dir='ltr'>παρηκολούθουν.</span> <span class='ocrx_word' id='word_1_535' title='bbox 1662 4247 1720 4300; x_wconf 80' lang='grc' dir='ltr'><strong>Ὀ</strong></span> <span class='ocrx_word' id='word_1_536' title='bbox 1788 4244 1835 4300; x_wconf 76' lang='grc' dir='ltr'>δ’</span> 
     </span>
    </p>
   </div>
   <div class='ocr_carea' id='block_1_80' title="bbox 242 4332 1834 4410">
    <p class='ocr_par' dir='ltr' id='par_1_80' title="bbox 242 4332 1834 4410">
     <span class='ocr_line' id='line_1_80' title="bbox 242 4332 1834 4410; baseline 0.002 -24"><span class='ocrx_word' id='word_1_537' title='bbox 242 4335 480 4397; x_wconf 85' lang='grc' dir='ltr'>Ἰωάννης</span> <span class='ocrx_word' id='word_1_538' title='bbox 543 4343 888 4410; x_wconf 69' lang='grc' dir='ltr'>συνεχωρεῖτο</span> <span class='ocrx_word' id='word_1_539' title='bbox 941 4341 1031 4388; x_wconf 85' lang='grc' dir='ltr'>καὶ</span> <span class='ocrx_word' id='word_1_540' title='bbox 1093 4336 1422 4405; x_wconf 76' lang='grc' dir='ltr'>πλησιάζειν,</span> <span class='ocrx_word' id='word_1_541' title='bbox 1470 4332 1554 4389; x_wconf 84' lang='grc' dir='ltr'>οἷα</span> <span class='ocrx_word' id='word_1_542' title='bbox 1610 4340 1834 4408; x_wconf 70' lang='grc' dir='ltr'>γνωστὸς</span> 
     </span>
    </p>
   </div>
   <div class='ocr_carea' id='block_1_81' title="bbox 1944 3176 3597 3252">
    <p class='ocr_par' dir='ltr' id='par_1_81' title="bbox 1944 3176 3597 3252">
     <span class='ocr_line' id='line_1_81' title="bbox 1944 3176 3597 3252; baseline -0.005 -17"><span class='ocrx_word' id='word_1_543' title='bbox 1944 3195 2063 3252; x_wconf 90' lang='lat' dir='ltr'>que</span> <span class='ocrx_word' id='word_1_544' title='bbox 2090 3179 2450 3249; x_wconf 87' lang='lat' dir='ltr'>scripserunt</span> <span class='ocrx_word' id='word_1_545' title='bbox 2480 3180 2706 3233; x_wconf 81' lang='lat' dir='ltr'>Marcus</span> <span class='ocrx_word' id='word_1_546' title='bbox 2735 3177 2779 3211; x_wconf 94' lang='grc'>⁷⁷</span> <span class='ocrx_word' id='word_1_547' title='bbox 2815 3180 2872 3231; x_wconf 92' lang='lat' dir='ltr'>et</span> <span class='ocrx_word' id='word_1_548' title='bbox 2904 3176 3087 3230; x_wconf 88' lang='lat' dir='ltr'>Lucas</span> <span class='ocrx_word' id='word_1_549' title='bbox 3111 3176 3160 3210; x_wconf 77' lang='grc'><strong>⁷³</strong></span> <span class='ocrx_word' id='word_1_550' title='bbox 3197 3191 3209 3229; x_wconf 89' lang='lat'><strong>:</strong></span> <span class='ocrx_word' id='word_1_551' title='bbox 3244 3178 3304 3229; x_wconf 90' lang='lat' dir='ltr'>at</span> <span class='ocrx_word' id='word_1_552' title='bbox 3339 3176 3597 3229; x_wconf 82' lang='lat' dir='ltr'>Joannes</span> 
     </span>
    </p>
   </div>
   <div class='ocr_carea' id='block_1_82' title="bbox 1944 3260 3596 3335">
    <p class='ocr_par' dir='ltr' id='par_1_82' title="bbox 1944 3260 3596 3335">
     <span class='ocr_line' id='line_1_82' title="bbox 1944 3260 3596 3335; baseline -0.004 -12"><span class='ocrx_word' id='word_1_553' title='bbox 1944 3268 2119 3325; x_wconf 86' lang='lat' dir='ltr'>latius</span> <span class='ocrx_word' id='word_1_554' title='bbox 2154 3284 2225 3323; x_wconf 91' lang='lat' dir='ltr'>ac</span> <span class='ocrx_word' id='word_1_555' title='bbox 2254 3266 2594 3335; x_wconf 88' lang='lat' dir='ltr'>diligentius</span> <span class='ocrx_word' id='word_1_556' title='bbox 2635 3264 2894 3320; x_wconf 89' lang='lat' dir='ltr'>scribens</span> <span class='ocrx_word' id='word_1_557' title='bbox 2927 3279 2998 3319; x_wconf 92' lang='lat' dir='ltr'>ea</span> <span class='ocrx_word' id='word_1_558' title='bbox 3036 3278 3173 3333; x_wconf 66' lang='lat' dir='ltr'>quas</span> <span class='ocrx_word' id='word_1_559' title='bbox 3213 3261 3291 3317; x_wconf 89' lang='lat' dir='ltr'>ab</span> <span class='ocrx_word' id='word_1_560' title='bbox 3321 3260 3436 3316; x_wconf 90' lang='lat' dir='ltr'>hoc</span> <span class='ocrx_word' id='word_1_561' title='bbox 3464 3261 3596 3317; x_wconf 91' lang='lat' dir='ltr'>loco</span> 
     </span>
    </p>
   </div>
   <div class='ocr_carea' id='block_1_83' title="bbox 1947 3348 3592 3427">
    <p class='ocr_par' dir='ltr' id='par_1_83' title="bbox 1947 3348 3592 3427">
     <span class='ocr_line' id='line_1_83' title="bbox 1947 3348 3592 3427; baseline -0.004 -15"><span class='ocrx_word' id='word_1_562' title='bbox 1947 3360 2301 3427; x_wconf 88' lang='lat' dir='ltr'>sequuntur,</span> <span class='ocrx_word' id='word_1_563' title='bbox 2357 3358 2561 3425; x_wconf 89' lang='lat' dir='ltr'>utpote</span> <span class='ocrx_word' id='word_1_564' title='bbox 2603 3353 2705 3425; x_wconf 89' lang='lat' dir='ltr'>qui</span> <span class='ocrx_word' id='word_1_565' title='bbox 2762 3351 2943 3406; x_wconf 89' lang='lat' dir='ltr'>rebus</span> <span class='ocrx_word' id='word_1_566' title='bbox 2983 3349 3095 3405; x_wconf 89' lang='lat' dir='ltr'>illis</span> <span class='ocrx_word' id='word_1_567' title='bbox 3144 3349 3354 3413; x_wconf 88' lang='lat' dir='ltr'>adfuit,</span> <span class='ocrx_word' id='word_1_568' title='bbox 3406 3348 3592 3405; x_wconf 89' lang='lat' dir='ltr'>dicit:</span> 
     </span>
    </p>
   </div>
   <div class='ocr_carea' id='block_1_84' title="bbox 1945 3438 3598 3513">
    <p class='ocr_par' dir='ltr' id='par_1_84' title="bbox 1945 3438 3598 3513">
     <span class='ocr_line' id='line_1_84' title="bbox 1945 3438 3598 3513; baseline -0.007 -10"><span class='ocrx_word' id='word_1_569' title='bbox 1945 3446 2166 3503; x_wconf 82' lang='lat' dir='ltr'>Cohors</span> <span class='ocrx_word' id='word_1_570' title='bbox 2180 3444 2369 3513; x_wconf 78' lang='lat' dir='ltr'>igitur</span> <span class='ocrx_word' id='word_1_571' title='bbox 2381 3448 2433 3499; x_wconf 87' lang='lat' dir='ltr'>et</span> <span class='ocrx_word' id='word_1_572' title='bbox 2450 3441 2719 3496; x_wconf 81' lang='lat' dir='ltr'>tribunus</span> <span class='ocrx_word' id='word_1_573' title='bbox 2733 3455 2805 3495; x_wconf 87' lang='lat' dir='ltr'>ac</span> <span class='ocrx_word' id='word_1_574' title='bbox 2826 3438 3084 3495; x_wconf 80' lang='lat' dir='ltr'>ministri</span> <span class='ocrx_word' id='word_1_575' title='bbox 3095 3438 3439 3493; x_wconf 68' lang='lat' dir='ltr'>Judaeorum</span> <span class='ocrx_word' id='word_1_576' title='bbox 3451 3452 3598 3493; x_wconf 87' lang='lat' dir='ltr'>com-</span> 
     </span>
    </p>
   </div>
   <div class='ocr_carea' id='block_1_85' title="bbox 1942 3527 3598 3603">
    <p class='ocr_par' dir='ltr' id='par_1_85' title="bbox 1942 3527 3598 3603">
     <span class='ocr_line' id='line_1_85' title="bbox 1942 3527 3598 3603; baseline -0.005 -14"><span class='ocrx_word' id='word_1_577' title='bbox 1942 3533 2376 3603; x_wconf 81' lang='lat' dir='ltr'>prehenderunt</span> <span class='ocrx_word' id='word_1_578' title='bbox 2393 3531 2611 3594; x_wconf 74' lang='lat' dir='ltr'>Iesum,</span> <span class='ocrx_word' id='word_1_579' title='bbox 2626 3535 2681 3585; x_wconf 87' lang='lat' dir='ltr'>et</span> <span class='ocrx_word' id='word_1_580' title='bbox 2695 3529 3023 3599; x_wconf 82' lang='lat' dir='ltr'>ligaverunt</span> <span class='ocrx_word' id='word_1_581' title='bbox 3036 3541 3189 3590; x_wconf 86' lang='lat' dir='ltr'>eum,</span> <span class='ocrx_word' id='word_1_582' title='bbox 3211 3542 3278 3583; x_wconf 82' lang='lat' dir='ltr'>ac</span> <span class='ocrx_word' id='word_1_583' title='bbox 3296 3527 3598 3583; x_wconf 76' lang='lat' dir='ltr'>duxerunt</span> 
     </span>
    </p>
   </div>
   <div class='ocr_carea' id='block_1_86' title="bbox 1945 3614 3591 3688">
    <p class='ocr_par' dir='ltr' id='par_1_86' title="bbox 1945 3614 3591 3688">
     <span class='ocr_line' id='line_1_86' title="bbox 1945 3614 3591 3688; baseline -0.006 -8"><span class='ocrx_word' id='word_1_584' title='bbox 1945 3639 2075 3681; x_wconf 88' lang='lat' dir='ltr'>eum</span> <span class='ocrx_word' id='word_1_585' title='bbox 2104 3622 2185 3678; x_wconf 84' lang='lat' dir='ltr'>ad</span> <span class='ocrx_word' id='word_1_586' title='bbox 2214 3621 2443 3676; x_wconf 87' lang='lat' dir='ltr'>Annam</span> <span class='ocrx_word' id='word_1_587' title='bbox 2470 3618 2732 3688; x_wconf 82' lang='lat' dir='ltr'>primum</span> <span class='ocrx_word' id='word_1_588' title='bbox 2762 3635 2775 3673; x_wconf 90' lang='lat'>:</span> <span class='ocrx_word' id='word_1_589' title='bbox 2805 3622 2933 3673; x_wconf 85' lang='lat' dir='ltr'>erat</span> <span class='ocrx_word' id='word_1_590' title='bbox 2961 3617 3111 3672; x_wconf 83' lang='lat' dir='ltr'>enim</span> <span class='ocrx_word' id='word_1_591' title='bbox 3139 3630 3302 3671; x_wconf 84' lang='lat' dir='ltr'>socer</span> <span class='ocrx_word' id='word_1_592' title='bbox 3334 3614 3591 3683; x_wconf 60' lang='lat' dir='ltr'>Caiphav,</span> 
     </span>
    </p>
   </div>
   <div class='ocr_carea' id='block_1_87' title="bbox 1944 3702 3597 3786">
    <p class='ocr_par' dir='ltr' id='par_1_87' title="bbox 1944 3702 3597 3786">
     <span class='ocr_line' id='line_1_87' title="bbox 1944 3702 3597 3786; baseline -0.007 -17"><span class='ocrx_word' id='word_1_593' title='bbox 1944 3714 2050 3786; x_wconf 85' lang='lat' dir='ltr'>qui</span> <span class='ocrx_word' id='word_1_594' title='bbox 2067 3714 2196 3768; x_wconf 81' lang='lat' dir='ltr'>erat</span> <span class='ocrx_word' id='word_1_595' title='bbox 2214 3709 2484 3781; x_wconf 70' lang='lat' dir='ltr'>pontifex</span> <span class='ocrx_word' id='word_1_596' title='bbox 2508 3707 2651 3764; x_wconf 85' lang='lat' dir='ltr'>anni</span> <span class='ocrx_word' id='word_1_597' title='bbox 2668 3706 2839 3763; x_wconf 74' lang='lat' dir='ltr'>illius</span> <span class='ocrx_word' id='word_1_598' title='bbox 2864 3707 2933 3759; x_wconf 73' lang='lat'>7°.</span> <span class='ocrx_word' id='word_1_599' title='bbox 2961 3704 3183 3760; x_wconf 88' lang='lat' dir='ltr'>Deinde</span> <span class='ocrx_word' id='word_1_600' title='bbox 3210 3702 3309 3759; x_wconf 91' lang='lat' dir='ltr'>ubi</span> <span class='ocrx_word' id='word_1_601' title='bbox 3340 3702 3597 3774; x_wconf 86' lang='lat' dir='ltr'>particu-</span> 
     </span>
    </p>
   </div>
   <div class='ocr_carea' id='block_1_88' title="bbox 1944 3792 3594 3868">
    <p class='ocr_par' dir='ltr' id='par_1_88' title="bbox 1944 3792 3594 3868">
     <span class='ocr_line' id='line_1_88' title="bbox 1944 3792 3594 3868; baseline -0.008 -10"><span class='ocrx_word' id='word_1_602' title='bbox 1944 3801 2142 3858; x_wconf 78' lang='lat' dir='ltr'>lariter</span> <span class='ocrx_word' id='word_1_603' title='bbox 2158 3797 2421 3854; x_wconf 88' lang='lat' dir='ltr'>recitavit</span> <span class='ocrx_word' id='word_1_604' title='bbox 2437 3812 2572 3868; x_wconf 73' lang='lat' dir='ltr'>qum</span> <span class='ocrx_word' id='word_1_605' title='bbox 2594 3796 2653 3850; x_wconf 90' lang='lat' dir='ltr'>in</span> <span class='ocrx_word' id='word_1_606' title='bbox 2674 3794 2859 3850; x_wconf 90' lang='lat' dir='ltr'>domo</span> <span class='ocrx_word' id='word_1_607' title='bbox 2883 3792 3254 3851; x_wconf 75' lang='lat' dir='ltr'>Annaefacta</span> <span class='ocrx_word' id='word_1_608' title='bbox 3275 3796 3432 3855; x_wconf 87' lang='lat' dir='ltr'>sunt,</span> <span class='ocrx_word' id='word_1_609' title='bbox 3460 3806 3594 3862; x_wconf 77' lang='lat' dir='ltr'>quae</span> 
     </span>
    </p>
   </div>
   <div class='ocr_carea' id='block_1_89' title="bbox 1944 3878 3589 3960">
    <p class='ocr_par' dir='ltr' id='par_1_89' title="bbox 1944 3878 3589 3960">
     <span class='ocr_line' id='line_1_89' title="bbox 1944 3878 3589 3960; baseline -0.005 -14"><span class='ocrx_word' id='word_1_610' title='bbox 1944 3890 2041 3946; x_wconf 87' lang='lat' dir='ltr'>alii</span> <span class='ocrx_word' id='word_1_611' title='bbox 2082 3885 2585 3960; x_wconf 70' lang='lat' dir='ltr'>prmtermiserunt</span> <span class='ocrx_word' id='word_1_612' title='bbox 2631 3880 3028 3950; x_wconf 58' lang='lat' dir='ltr'>evangelista,</span> <span class='ocrx_word' id='word_1_613' title='bbox 3090 3878 3330 3935; x_wconf 90' lang='lat' dir='ltr'>tandem</span> <span class='ocrx_word' id='word_1_614' title='bbox 3387 3878 3527 3934; x_wconf 89' lang='lat' dir='ltr'>dicit</span> <span class='ocrx_word' id='word_1_615' title='bbox 3576 3896 3589 3937; x_wconf 91' lang='lat'>:</span> 
     </span>
    </p>
   </div>
   <div class='ocr_carea' id='block_1_90' title="bbox 1942 3966 3597 4041">
    <p class='ocr_par' dir='ltr' id='par_1_90' title="bbox 1942 3966 3597 4041">
     <span class='ocr_line' id='line_1_90' title="bbox 1942 3966 3597 4041; baseline -0.009 -5"><span class='ocrx_word' id='word_1_616' title='bbox 1942 3981 2020 4036; x_wconf 84' lang='lat' dir='ltr'>Et</span> <span class='ocrx_word' id='word_1_617' title='bbox 2059 3977 2211 4032; x_wconf 75' lang='lat' dir='ltr'>misit</span> <span class='ocrx_word' id='word_1_618' title='bbox 2242 3990 2371 4032; x_wconf 85' lang='lat' dir='ltr'>eum</span> <span class='ocrx_word' id='word_1_619' title='bbox 2421 3973 2629 4029; x_wconf 81' lang='lat' dir='ltr'>Annos</span> <span class='ocrx_word' id='word_1_620' title='bbox 2660 3970 2905 4041; x_wconf 79' lang='lat' dir='ltr'>ligatum</span> <span class='ocrx_word' id='word_1_621' title='bbox 2954 3970 3035 4026; x_wconf 87' lang='lat' dir='ltr'>ad</span> <span class='ocrx_word' id='word_1_622' title='bbox 3083 3968 3371 4038; x_wconf 87' lang='lat' dir='ltr'>Caipham</span> <span class='ocrx_word' id='word_1_623' title='bbox 3398 3966 3597 4037; x_wconf 81' lang='lat' dir='ltr'>ponti-</span> 
     </span>
    </p>
   </div>
   <div class='ocr_carea' id='block_1_91' title="bbox 1943 4068 2217 4142">
    <p class='ocr_par' dir='ltr' id='par_1_91' title="bbox 1943 4068 2217 4142">
     <span class='ocr_line' id='line_1_91' title="bbox 1943 4068 2217 4142; baseline -0.015 -18"><span class='ocrx_word' id='word_1_624' title='bbox 1943 4069 2116 4142; x_wconf 84' lang='lat' dir='ltr'>ficem</span> <span class='ocrx_word' id='word_1_625' title='bbox 2149 4068 2217 4120; x_wconf 82' lang='grc' dir='ltr'>⁸ο.</span> 
     </span>
    </p>
   </div>
   <div class='ocr_carea' id='block_1_92' title="bbox 2015 4144 3593 4217">
    <p class='ocr_par' dir='ltr' id='par_1_92' title="bbox 2015 4144 3593 4217">
     <span class='ocr_line' id='line_1_92' title="bbox 2015 4144 3593 4217; baseline -0.008 -6"><span class='ocrx_word' id='word_1_626' title='bbox 2015 4157 2178 4211; x_wconf 87' lang='lat' dir='ltr'>Vers.</span> <span class='ocrx_word' id='word_1_627' title='bbox 2214 4154 2307 4210; x_wconf 80' lang='lat'>58.</span> <span class='ocrx_word' id='word_1_628' title='bbox 2344 4152 2553 4209; x_wconf 84' lang='lat' dir='ltr'>Petrus</span> <span class='ocrx_word' id='word_1_629' title='bbox 2583 4153 2779 4205; x_wconf 87' lang='lat' dir='ltr'>autem</span> <span class='ocrx_word' id='word_1_630' title='bbox 2801 4178 2868 4187; x_wconf 96' lang='lat'><strong><em>—</em></strong></span> <span class='ocrx_word' id='word_1_631' title='bbox 2893 4144 3177 4217; x_wconf 63' lang='lat' dir='ltr'>principis</span> <span class='ocrx_word' id='word_1_632' title='bbox 3203 4144 3593 4202; x_wconf 84' lang='lat' dir='ltr'>sacerdotum.</span> 
     </span>
    </p>
   </div>
   <div class='ocr_carea' id='block_1_93' title="bbox 1944 4233 3593 4310">
    <p class='ocr_par' dir='ltr' id='par_1_93' title="bbox 1944 4233 3593 4310">
     <span class='ocr_line' id='line_1_93' title="bbox 1944 4233 3593 4310; baseline -0.008 -9"><span class='ocrx_word' id='word_1_633' title='bbox 1944 4244 2180 4302; x_wconf 86' lang='lat' dir='ltr'>Reversi</span> <span class='ocrx_word' id='word_1_634' title='bbox 2236 4241 2455 4306; x_wconf 87' lang='lat' dir='ltr'>statim,</span> <span class='ocrx_word' id='word_1_635' title='bbox 2514 4238 2642 4310; x_wconf 90' lang='lat' dir='ltr'>ipse</span> <span class='ocrx_word' id='word_1_636' title='bbox 2685 4240 2742 4292; x_wconf 90' lang='lat' dir='ltr'>et</span> <span class='ocrx_word' id='word_1_637' title='bbox 2816 4238 3074 4292; x_wconf 82' lang='lat' dir='ltr'>Joannes</span> <span class='ocrx_word' id='word_1_638' title='bbox 3127 4233 3530 4306; x_wconf 84' lang='lat' dir='ltr'>sequebantur</span> <span class='ocrx_word' id='word_1_639' title='bbox 3578 4247 3593 4287; x_wconf 90' lang='lat'><strong>:</strong></span> 
     </span>
    </p>
   </div>
   <div class='ocr_carea' id='block_1_94' title="bbox 1942 4322 3600 4399">
    <p class='ocr_par' dir='ltr' id='par_1_94' title="bbox 1942 4322 3600 4399">
     <span class='ocr_line' id='line_1_94' title="bbox 1942 4322 3600 4399; baseline -0.01 -8"><span class='ocrx_word' id='word_1_640' title='bbox 1942 4337 2200 4391; x_wconf 89' lang='lat' dir='ltr'>Joannes</span> <span class='ocrx_word' id='word_1_641' title='bbox 2230 4345 2368 4386; x_wconf 86' lang='lat' dir='ltr'>vero</span> <span class='ocrx_word' id='word_1_642' title='bbox 2398 4326 2725 4399; x_wconf 89' lang='lat' dir='ltr'>permissus</span> <span class='ocrx_word' id='word_1_643' title='bbox 2756 4338 2998 4397; x_wconf 90' lang='lat' dir='ltr'>quoque</span> <span class='ocrx_word' id='word_1_644' title='bbox 3035 4326 3123 4378; x_wconf 90' lang='lat' dir='ltr'>est</span> <span class='ocrx_word' id='word_1_645' title='bbox 3155 4322 3600 4394; x_wconf 86' lang='lat' dir='ltr'>appropinqua-</span> 
     </span>
    </p>
   </div>
   <div class='ocr_carea' id='block_1_95' title="bbox 249 4408 1837 4501">
    <p class='ocr_par' dir='ltr' id='par_1_95' title="bbox 249 4422 1834 4501">
     <span class='ocr_line' id='line_1_95' title="bbox 249 4422 1834 4501; baseline 0 -25"><span class='ocrx_word' id='word_1_646' title='bbox 249 4425 322 4494; x_wconf 79' lang='grc' dir='ltr'>τῷ</span> <span class='ocrx_word' id='word_1_647' title='bbox 352 4422 600 4499; x_wconf 75' lang='grc' dir='ltr'>ἀρχιερεῖ,</span> <span class='ocrx_word' id='word_1_648' title='bbox 650 4428 819 4487; x_wconf 85' lang='grc' dir='ltr'>καθὼς</span> <span class='ocrx_word' id='word_1_649' title='bbox 844 4424 997 4487; x_wconf 76' lang='grc' dir='ltr'>αὐτὸς</span> <span class='ocrx_word' id='word_1_650' title='bbox 1044 4427 1258 4501; x_wconf 86' lang='grc' dir='ltr'>ἱστορεῖ.</span> <span class='ocrx_word' id='word_1_651' title='bbox 1304 4424 1440 4479; x_wconf 84' lang='grc' dir='ltr'>Ἀλλ’</span> <span class='ocrx_word' id='word_1_652' title='bbox 1474 4427 1521 4477; x_wconf 85' lang='grc' dir='ltr'>οὶ</span> <span class='ocrx_word' id='word_1_653' title='bbox 1569 4429 1657 4492; x_wconf 71' lang='grc' dir='ltr'>μὲν</span> <span class='ocrx_word' id='word_1_654' title='bbox 1703 4433 1834 4498; x_wconf 83' lang='grc' dir='ltr'>τρεῖς</span> 
     </span>
    </p>
   </div>
   <div class='ocr_carea' id='block_1_96' title="bbox 1953 4408 3598 4501">
    <p class='ocr_par' dir='ltr' id='par_1_96' title="bbox 1953 4408 3598 4493">
     <span class='ocr_line' id='line_1_96' title="bbox 1953 4408 3598 4493; baseline -0.009 -14"><span class='ocrx_word' id='word_1_655' title='bbox 1953 4440 2026 4487; x_wconf 83' lang='lat' dir='ltr'>re,</span> <span class='ocrx_word' id='word_1_656' title='bbox 2062 4425 2261 4493; x_wconf 89' lang='lat' dir='ltr'>utpote</span> <span class='ocrx_word' id='word_1_657' title='bbox 2285 4423 2464 4473; x_wconf 90' lang='lat' dir='ltr'>notus</span> <span class='ocrx_word' id='word_1_658' title='bbox 2492 4414 2781 4487; x_wconf 88' lang='lat' dir='ltr'>pontiﬁci,</span> <span class='ocrx_word' id='word_1_659' title='bbox 2811 4415 2964 4466; x_wconf 90' lang='lat' dir='ltr'>sicut</span> <span class='ocrx_word' id='word_1_660' title='bbox 2991 4410 3122 4482; x_wconf 90' lang='lat' dir='ltr'>ipse</span> <span class='ocrx_word' id='word_1_661' title='bbox 3146 4410 3342 4466; x_wconf 89' lang='lat' dir='ltr'>scribit</span> <span class='ocrx_word' id='word_1_662' title='bbox 3371 4410 3439 4464; x_wconf 73' lang='grc'><strong>⁸1.</strong></span> <span class='ocrx_word' id='word_1_663' title='bbox 3472 4408 3598 4465; x_wconf 47' lang='lat' dir='ltr'>Ca»</span> 
     </span>
    </p>
   </div>
   <div class='ocr_carea' id='block_1_97' title="bbox 252 4510 1831 4586">
    <p class='ocr_par' dir='ltr' id='par_1_97' title="bbox 252 4510 1831 4586">
     <span class='ocr_line' id='line_1_97' title="bbox 252 4510 1831 4586; baseline 0.002 -23"><span class='ocrx_word' id='word_1_664' title='bbox 252 4510 611 4584; x_wconf 80' lang='grc' dir='ltr'>εύαγγε).ισταὶ</span> <span class='ocrx_word' id='word_1_665' title='bbox 661 4521 753 4566; x_wconf 78' lang='grc' dir='ltr'>τού</span> <span class='ocrx_word' id='word_1_666' title='bbox 810 4517 1004 4586; x_wconf 78' lang='grc' dir='ltr'>Πέτρου</span> <span class='ocrx_word' id='word_1_667' title='bbox 1059 4518 1210 4585; x_wconf 85' lang='grc' dir='ltr'>μόνον</span> <span class='ocrx_word' id='word_1_668' title='bbox 1265 4517 1647 4585; x_wconf 76' lang='grc' dir='ltr'>μνημονεύουσι</span> <span class='ocrx_word' id='word_1_669' title='bbox 1702 4533 1831 4586; x_wconf 87' lang='grc' dir='ltr'>συμ-</span> 
     </span>
    </p>
   </div>
   <div class='ocr_carea' id='block_1_98' title="bbox 249 4598 1835 4675">
    <p class='ocr_par' dir='ltr' id='par_1_98' title="bbox 249 4598 1835 4675">
     <span class='ocr_line' id='line_1_98' title="bbox 249 4598 1835 4675; baseline 0.002 -22"><span class='ocrx_word' id='word_1_670' title='bbox 249 4607 419 4675; x_wconf 69' lang='grc' dir='ltr'>φώνως</span> <span class='ocrx_word' id='word_1_671' title='bbox 485 4599 578 4655; x_wconf 78' lang='grc' dir='ltr'>διὰ</span> <span class='ocrx_word' id='word_1_672' title='bbox 633 4606 688 4655; x_wconf 82' lang='grc' dir='ltr'>τὸ</span> <span class='ocrx_word' id='word_1_673' title='bbox 741 4601 1041 4674; x_wconf 82' lang='grc' dir='ltr'>ἀναγκαῖον,</span> <span class='ocrx_word' id='word_1_674' title='bbox 1088 4602 1170 4653; x_wconf 84' lang='grc' dir='ltr'>ἶνα</span> <span class='ocrx_word' id='word_1_675' title='bbox 1230 4620 1283 4653; x_wconf 89' lang='grc' dir='ltr'>τε</span> <span class='ocrx_word' id='word_1_676' title='bbox 1331 4598 1544 4663; x_wconf 86' lang='grc' dir='ltr'>δείξωσι</span> <span class='ocrx_word' id='word_1_677' title='bbox 1585 4606 1676 4659; x_wconf 81' lang='grc' dir='ltr'>τὴν</span> <span class='ocrx_word' id='word_1_678' title='bbox 1720 4607 1835 4675; x_wconf 83' lang='grc' dir='ltr'>περὶ</span> 
     </span>
    </p>
   </div>
   <div class='ocr_carea' id='block_1_99' title="bbox 248 4688 1837 4764">
    <p class='ocr_par' dir='ltr' id='par_1_99' title="bbox 248 4688 1837 4764">
     <span class='ocr_line' id='line_1_99' title="bbox 248 4688 1837 4764; baseline -0.001 -21"><span class='ocrx_word' id='word_1_679' title='bbox 248 4700 340 4753; x_wconf 84' lang='grc' dir='ltr'>τῆς</span> <span class='ocrx_word' id='word_1_680' title='bbox 394 4690 658 4764; x_wconf 78' lang='grc' dir='ltr'>ἀρνήσεως</span> <span class='ocrx_word' id='word_1_681' title='bbox 714 4692 872 4744; x_wconf 72' lang='grc' dir='ltr'>αὐτοῦ</span> <span class='ocrx_word' id='word_1_682' title='bbox 950 4688 1236 4764; x_wconf 82' lang='grc' dir='ltr'>πρόρῥησιν</span> <span class='ocrx_word' id='word_1_683' title='bbox 1312 4696 1403 4741; x_wconf 83' lang='grc' dir='ltr'>τοῦ</span> <span class='ocrx_word' id='word_1_684' title='bbox 1470 4697 1703 4763; x_wconf 65' lang='grc' dir='ltr'>Σωτῆρος</span> <span class='ocrx_word' id='word_1_685' title='bbox 1767 4690 1837 4752; x_wconf 82' lang='grc' dir='ltr'>εἰς</span> 
     </span>
    </p>
   </div>
   <div class='ocr_carea' id='block_1_100' title="bbox 250 4775 1837 4848">
    <p class='ocr_par' dir='ltr' id='par_1_100' title="bbox 250 4775 1837 4848">
     <span class='ocr_line' id='line_1_100' title="bbox 250 4775 1837 4848; baseline -0.001 -15"><span class='ocrx_word' id='word_1_686' title='bbox 250 4779 383 4842; x_wconf 72' lang='grc' dir='ltr'>τελος</span> <span class='ocrx_word' id='word_1_687' title='bbox 442 4779 798 4848; x_wconf 72' lang='grc' dir='ltr'>ἐκϐεϐηκυῖαν,</span> <span class='ocrx_word' id='word_1_688' title='bbox 842 4784 934 4832; x_wconf 83' lang='grc' dir='ltr'>καὶ</span> <span class='ocrx_word' id='word_1_689' title='bbox 990 4780 1072 4831; x_wconf 79' lang='grc' dir='ltr'>ἵνα</span> <span class='ocrx_word' id='word_1_690' title='bbox 1124 4775 1436 4843; x_wconf 78' lang='grc' dir='ltr'>διδάξωσιν,</span> <span class='ocrx_word' id='word_1_691' title='bbox 1494 4780 1668 4831; x_wconf 80' lang='grc' dir='ltr'>ὁποῖον</span> <span class='ocrx_word' id='word_1_692' title='bbox 1726 4777 1837 4831; x_wconf 78' lang='grc' dir='ltr'>ἐστι</span> 
     </span>
    </p>
   </div>
   <div class='ocr_carea' id='block_1_101' title="bbox 250 4865 1838 4944">
    <p class='ocr_par' dir='ltr' id='par_1_101' title="bbox 250 4865 1838 4944">
     <span class='ocr_line' id='line_1_101' title="bbox 250 4865 1838 4944; baseline -0.002 -22"><span class='ocrx_word' id='word_1_693' title='bbox 250 4872 401 4922; x_wconf 83' lang='grc' dir='ltr'>κακὸν</span> <span class='ocrx_word' id='word_1_694' title='bbox 455 4874 514 4921; x_wconf 81' lang='grc' dir='ltr'>τὸ</span> <span class='ocrx_word' id='word_1_695' title='bbox 571 4868 771 4944; x_wconf 76' lang='grc' dir='ltr'>θαρρεῖν</span> <span class='ocrx_word' id='word_1_696' title='bbox 832 4867 906 4941; x_wconf 77' lang='grc' dir='ltr'>ἐφ’</span> <span class='ocrx_word' id='word_1_697' title='bbox 961 4868 1124 4938; x_wconf 78' lang='grc' dir='ltr'>ἐαυτῷ</span> <span class='ocrx_word' id='word_1_698' title='bbox 1177 4887 1312 4933; x_wconf 87' lang='grc' dir='ltr'>τινα,</span> <span class='ocrx_word' id='word_1_699' title='bbox 1366 4871 1456 4920; x_wconf 83' lang='grc' dir='ltr'>καὶ</span> <span class='ocrx_word' id='word_1_700' title='bbox 1503 4872 1573 4939; x_wconf 81' lang='grc' dir='ltr'>μὴ</span> <span class='ocrx_word' id='word_1_701' title='bbox 1634 4865 1716 4919; x_wconf 81' lang='grc' dir='ltr'>ἐπὶ</span> <span class='ocrx_word' id='word_1_702' title='bbox 1767 4876 1838 4939; x_wconf 85' lang='grc' dir='ltr'>τῷ</span> 
     </span>
    </p>
   </div>
   <div class='ocr_carea' id='block_1_102' title="bbox 251 4953 1841 5030">
    <p class='ocr_par' dir='ltr' id='par_1_102' title="bbox 251 4953 1841 5030">
     <span class='ocr_line' id='line_1_102' title="bbox 251 4953 1841 5030; baseline -0.003 -18"><span class='ocrx_word' id='word_1_703' title='bbox 251 4966 385 5030; x_wconf 85' lang='grc' dir='ltr'>Θεῷ.</span> <span class='ocrx_word' id='word_1_704' title='bbox 438 4957 497 5010; x_wconf 82' lang='grc' dir='ltr'><strong>Ὀ</strong></span> <span class='ocrx_word' id='word_1_705' title='bbox 547 4955 598 5011; x_wconf 84' lang='grc' dir='ltr'>δ’</span> <span class='ocrx_word' id='word_1_706' title='bbox 654 4958 892 5018; x_wconf 81' lang='grc' dir='ltr'>Ἰωάννης</span> <span class='ocrx_word' id='word_1_707' title='bbox 930 4961 1018 5009; x_wconf 83' lang='grc' dir='ltr'>καὶ</span> <span class='ocrx_word' id='word_1_708' title='bbox 1058 4956 1241 5008; x_wconf 77' lang='grc' dir='ltr'>ἑαυτοῦ</span> <span class='ocrx_word' id='word_1_709' title='bbox 1290 4953 1660 5029; x_wconf 80' lang='grc' dir='ltr'>ἐμνημόνευσεν</span> <span class='ocrx_word' id='word_1_710' title='bbox 1695 4954 1841 5028; x_wconf 78' lang='grc' dir='ltr'>ἀκρι-</span> 
     </span>
    </p>
   </div>
   <div class='ocr_carea' id='block_1_103' title="bbox 1946 4498 3598 4575">
    <p class='ocr_par' dir='ltr' id='par_1_103' title="bbox 1946 4498 3598 4575">
     <span class='ocr_line' id='line_1_103' title="bbox 1946 4498 3598 4575; baseline -0.008 -8"><span class='ocrx_word' id='word_1_711' title='bbox 1946 4511 2049 4567; x_wconf 90' lang='lat' dir='ltr'>teri</span> <span class='ocrx_word' id='word_1_712' title='bbox 2080 4513 2280 4565; x_wconf 88' lang='lat' dir='ltr'>autem</span> <span class='ocrx_word' id='word_1_713' title='bbox 2324 4511 2441 4561; x_wconf 88' lang='lat' dir='ltr'>tres</span> <span class='ocrx_word' id='word_1_714' title='bbox 2470 4502 2857 4575; x_wconf 64' lang='lat' dir='ltr'>evangelista:</span> <span class='ocrx_word' id='word_1_715' title='bbox 2889 4498 3259 4556; x_wconf 88' lang='lat' dir='ltr'>concorditer</span> <span class='ocrx_word' id='word_1_716' title='bbox 3290 4498 3444 4554; x_wconf 89' lang='lat' dir='ltr'>Petri</span> <span class='ocrx_word' id='word_1_717' title='bbox 3474 4502 3598 4554; x_wconf 87' lang='lat' dir='ltr'>tan-</span> 
     </span>
    </p>
   </div>
   <div class='ocr_carea' id='block_1_104' title="bbox 1947 4586 3601 4660">
    <p class='ocr_par' dir='ltr' id='par_1_104' title="bbox 1947 4586 3601 4660">
     <span class='ocr_line' id='line_1_104' title="bbox 1947 4586 3601 4660; baseline -0.008 -4"><span class='ocrx_word' id='word_1_718' title='bbox 1947 4605 2067 4657; x_wconf 91' lang='lat' dir='ltr'>tum</span> <span class='ocrx_word' id='word_1_719' title='bbox 2096 4596 2515 4660; x_wconf 87' lang='lat' dir='ltr'>meminerunt,</span> <span class='ocrx_word' id='word_1_720' title='bbox 2548 4592 2895 4649; x_wconf 88' lang='lat' dir='ltr'>necessitate</span> <span class='ocrx_word' id='word_1_721' title='bbox 2925 4586 3105 4651; x_wconf 91' lang='lat' dir='ltr'>ducti,</span> <span class='ocrx_word' id='word_1_722' title='bbox 3136 4590 3197 4642; x_wconf 91' lang='lat' dir='ltr'>ut</span> <span class='ocrx_word' id='word_1_723' title='bbox 3217 4586 3601 4642; x_wconf 85' lang='lat' dir='ltr'>ostenderent</span> 
     </span>
    </p>
   </div>
   <div class='ocr_carea' id='block_1_105' title="bbox 1949 4674 3600 4746">
    <p class='ocr_par' dir='ltr' id='par_1_105' title="bbox 1949 4674 3600 4746">
     <span class='ocr_line' id='line_1_105' title="bbox 1949 4674 3600 4746; baseline -0.01 -2"><span class='ocrx_word' id='word_1_724' title='bbox 1949 4686 2264 4746; x_wconf 87' lang='lat' dir='ltr'>Salvatoris</span> <span class='ocrx_word' id='word_1_725' title='bbox 2316 4681 2658 4740; x_wconf 89' lang='lat' dir='ltr'>vaticinium</span> <span class='ocrx_word' id='word_1_726' title='bbox 2703 4679 2777 4733; x_wconf 92' lang='lat' dir='ltr'>de</span> <span class='ocrx_word' id='word_1_727' title='bbox 2813 4678 2965 4739; x_wconf 86' lang='lat' dir='ltr'>illius</span> <span class='ocrx_word' id='word_1_728' title='bbox 3022 4675 3341 4743; x_wconf 86' lang='lat' dir='ltr'>negatione</span> <span class='ocrx_word' id='word_1_729' title='bbox 3416 4674 3600 4735; x_wconf 82' lang='lat' dir='ltr'>fuisse</span> 
     </span>
    </p>
   </div>
   <div class='ocr_carea' id='block_1_106' title="bbox 1947 4760 3599 4847">
    <p class='ocr_par' dir='ltr' id='par_1_106' title="bbox 1947 4760 3599 4847">
     <span class='ocr_line' id='line_1_106' title="bbox 1947 4760 3599 4847; baseline -0.01 -15"><span class='ocrx_word' id='word_1_730' title='bbox 1947 4775 2307 4847; x_wconf 88' lang='lat' dir='ltr'>completum</span> <span class='ocrx_word' id='word_1_731' title='bbox 2336 4789 2348 4824; x_wconf 90' lang='lat'><strong>:</strong></span> <span class='ocrx_word' id='word_1_732' title='bbox 2376 4775 2556 4841; x_wconf 81' lang='lat' dir='ltr'>utque</span> <span class='ocrx_word' id='word_1_733' title='bbox 2575 4765 2953 4824; x_wconf 87' lang='lat' dir='ltr'>ostenderent</span> <span class='ocrx_word' id='word_1_734' title='bbox 2974 4767 3262 4831; x_wconf 86' lang='lat' dir='ltr'>quantum</span> <span class='ocrx_word' id='word_1_735' title='bbox 3285 4762 3356 4817; x_wconf 90' lang='lat' dir='ltr'>sit</span> <span class='ocrx_word' id='word_1_736' title='bbox 3373 4760 3599 4817; x_wconf 89' lang='lat' dir='ltr'>malum</span> 
     </span>
    </p>
   </div>
   <div class='ocr_carea' id='block_1_107' title="bbox 1946 4848 3602 4935">
    <p class='ocr_par' dir='ltr' id='par_1_107' title="bbox 1946 4848 3602 4935">
     <span class='ocr_line' id='line_1_107' title="bbox 1946 4848 3602 4935; baseline -0.01 -15"><span class='ocrx_word' id='word_1_737' title='bbox 1946 4866 2008 4920; x_wconf 90' lang='lat' dir='ltr'><strong>in</strong></span> <span class='ocrx_word' id='word_1_738' title='bbox 2026 4864 2220 4935; x_wconf 88' lang='lat' dir='ltr'>seipso</span> <span class='ocrx_word' id='word_1_739' title='bbox 2235 4858 2605 4932; x_wconf 87' lang='lat' dir='ltr'>quempiam,</span> <span class='ocrx_word' id='word_1_740' title='bbox 2630 4870 2748 4911; x_wconf 92' lang='lat' dir='ltr'>non</span> <span class='ocrx_word' id='word_1_741' title='bbox 2770 4853 2830 4908; x_wconf 92' lang='lat' dir='ltr'>in</span> <span class='ocrx_word' id='word_1_742' title='bbox 2853 4853 2970 4907; x_wconf 92' lang='lat' dir='ltr'>Deo</span> <span class='ocrx_word' id='word_1_743' title='bbox 2991 4848 3309 4906; x_wconf 86' lang='lat' dir='ltr'>conﬁdere.</span> <span class='ocrx_word' id='word_1_744' title='bbox 3342 4849 3602 4905; x_wconf 86' lang='lat' dir='ltr'>Joannes</span> 
     </span>
    </p>
   </div>
   <div class='ocr_carea' id='block_1_108' title="bbox 1950 4937 3602 5021">
    <p class='ocr_par' dir='ltr' id='par_1_108' title="bbox 1950 4937 3602 5021">
     <span class='ocr_line' id='line_1_108' title="bbox 1950 4937 3602 5021; baseline -0.01 -12"><span class='ocrx_word' id='word_1_745' title='bbox 1950 4968 2090 5010; x_wconf 87' lang='lat' dir='ltr'>vero</span> <span class='ocrx_word' id='word_1_746' title='bbox 2121 4952 2212 5007; x_wconf 86' lang='lat' dir='ltr'>sui</span> <span class='ocrx_word' id='word_1_747' title='bbox 2244 4948 2432 5021; x_wconf 90' lang='lat' dir='ltr'>ipsius</span> <span class='ocrx_word' id='word_1_748' title='bbox 2466 4946 2641 5002; x_wconf 87' lang='lat' dir='ltr'>etiam</span> <span class='ocrx_word' id='word_1_749' title='bbox 2697 4942 2832 4998; x_wconf 89' lang='lat' dir='ltr'>fecit</span> <span class='ocrx_word' id='word_1_750' title='bbox 2879 4938 3245 4995; x_wconf 91' lang='lat' dir='ltr'>mentionem</span> <span class='ocrx_word' id='word_1_751' title='bbox 3282 4937 3602 5008; x_wconf 68' lang='lat' dir='ltr'>diligentiae.</span> 
     </span>
    </p>
   </div>
   <div class='ocr_carea' id='block_1_109' title="bbox 319 5049 1837 5150">
    <p class='ocr_par' dir='ltr' id='par_1_109' title="bbox 319 5078 1837 5150">
     <span class='ocr_line' id='line_1_109' title="bbox 319 5078 1837 5150; baseline -0.002 -12"><span class='ocrx_word' id='word_1_752' title='bbox 319 5082 365 5119; x_wconf 78' lang='grc'><strong>⁷⁸</strong></span> <span class='ocrx_word' id='word_1_753' title='bbox 387 5082 525 5139; x_wconf 84' lang='lat' dir='ltr'>Luc.</span> <span class='ocrx_word' id='word_1_754' title='bbox 555 5098 689 5149; x_wconf 72' lang='grc' dir='ltr'>χχιι,</span> <span class='ocrx_word' id='word_1_755' title='bbox 707 5082 796 5137; x_wconf 78' lang='lat'>52.</span> <span class='ocrx_word' id='word_1_756' title='bbox 876 5082 922 5116; x_wconf 87' lang='grc'>⁷⁷</span> <span class='ocrx_word' id='word_1_757' title='bbox 946 5082 1243 5150; x_wconf 64' lang='lat' dir='ltr'>Marcmv,</span> <span class='ocrx_word' id='word_1_758' title='bbox 1271 5080 1359 5147; x_wconf 83' lang='lat' dir='ltr'>5t,</span> <span class='ocrx_word' id='word_1_759' title='bbox 1382 5084 1468 5136; x_wconf 75' lang='lat'>52.</span> <span class='ocrx_word' id='word_1_760' title='bbox 1543 5080 1592 5116; x_wconf 90' lang='grc'>⁷⁷</span> <span class='ocrx_word' id='word_1_761' title='bbox 1612 5078 1758 5134; x_wconf 84' lang='lat' dir='ltr'>ibid.</span> <span class='ocrx_word' id='word_1_762' title='bbox 1785 5080 1837 5135; x_wconf 73' lang='lat'>5!:</span> 
     </span>
    </p>
   </div>
   <div class='ocr_carea' id='block_1_110' title="bbox 1953 5049 3606 5150">
    <p class='ocr_par' dir='ltr' id='par_1_110' title="bbox 1960 5049 3606 5139">
     <span class='ocr_line' id='line_1_110' title="bbox 1960 5049 3606 5139; baseline -0.007 -9"><span class='ocrx_word' id='word_1_763' title='bbox 1960 5076 2009 5111; x_wconf 80' lang='grc'><strong>⁷⁸</strong></span> <span class='ocrx_word' id='word_1_764' title='bbox 2035 5076 2170 5130; x_wconf 88' lang='lat' dir='ltr'>Luc.</span> <span class='ocrx_word' id='word_1_765' title='bbox 2197 5088 2336 5139; x_wconf 67' lang='grc' dir='ltr'>χχιι,</span> <span class='ocrx_word' id='word_1_766' title='bbox 2364 5072 2451 5127; x_wconf 74' lang='grc'>54.</span> <span class='ocrx_word' id='word_1_767' title='bbox 2530 5069 2762 5125; x_wconf 76' lang='lat' dir='ltr'>&quot;Joan.</span> <span class='ocrx_word' id='word_1_768' title='bbox 2791 5080 2953 5136; x_wconf 82' lang='lat' dir='ltr'>xvm,</span> <span class='ocrx_word' id='word_1_769' title='bbox 2980 5049 3073 5133; x_wconf 82' lang='lat' dir='ltr'>l2,</span> <span class='ocrx_word' id='word_1_770' title='bbox 3103 5062 3191 5121; x_wconf 78' lang='lat' dir='ltr'>t3.</span> <span class='ocrx_word' id='word_1_771' title='bbox 3276 5065 3324 5101; x_wconf 80' lang='grc' dir='ltr'><strong><em>⁸ο</em></strong></span> <span class='ocrx_word' id='word_1_772' title='bbox 3349 5061 3606 5122; x_wconf 67' lang='grc' dir='ltr'>Ιὺίἀ.24.</span> 
     </span>
    </p>
   </div>
   <div class='ocr_carea' id='block_1_111' title="bbox 247 5170 648 5227">
    <p class='ocr_par' dir='ltr' id='par_1_111' title="bbox 247 5170 648 5227">
     <span class='ocr_line' id='line_1_111' title="bbox 247 5170 648 5227; baseline 0 -1"><span class='ocrx_word' id='word_1_773' title='bbox 247 5174 291 5212; x_wconf 69' lang='grc'><strong>⁸⁷</strong></span> <span class='ocrx_word' id='word_1_774' title='bbox 355 5170 502 5227; x_wconf 83' lang='lat' dir='ltr'>Ibid.</span> <span class='ocrx_word' id='word_1_775' title='bbox 564 5175 648 5226; x_wconf 82' lang='grc'>15.</span> 
     </span>
    </p>
   </div>
   <div class='ocr_carea' id='block_1_112' title="bbox 1660 5339 2269 5413">
    <p class='ocr_par' dir='ltr' id='par_1_112' title="bbox 1660 5339 2269 5413">
     <span class='ocr_line' id='line_1_112' title="bbox 1660 5339 2269 5413; baseline -0.013 0"><span class='ocrx_word' id='word_1_776' title='bbox 1660 5344 1884 5413; x_wconf 70' lang='lat' dir='ltr'>Variae</span> <span class='ocrx_word' id='word_1_777' title='bbox 1914 5339 2269 5409; x_wconf 88' lang='lat' dir='ltr'>lectiones.</span> 
     </span>
    </p>
   </div>
   <div class='ocr_carea' id='block_1_113' title="bbox 341 5542 1061 5617">
    <p class='ocr_par' dir='ltr' id='par_1_113' title="bbox 341 5542 1061 5617">
     <span class='ocr_line' id='line_1_113' title="bbox 341 5542 1061 5617; baseline -0.007 -17"><span class='ocrx_word' id='word_1_778' title='bbox 341 5544 429 5617; x_wconf 72' lang='grc'>74)</span> <span class='ocrx_word' id='word_1_779' title='bbox 459 5543 603 5617; x_wconf 77' lang='lat' dir='ltr'>Cod.</span> <span class='ocrx_word' id='word_1_780' title='bbox 638 5546 683 5599; x_wconf 81' lang='grc' dir='ltr'><strong>Α</strong></span> <span class='ocrx_word' id='word_1_781' title='bbox 712 5542 1003 5617; x_wconf 57' lang='lat' dir='ltr'>omittite.</span> <span class='ocrx_word' id='word_1_782' title='bbox 1060 5552 1061 5555; x_wconf 78' lang='lat'>‘</span> 
     </span>
    </p>
   </div>
   <div class='ocr_carea' id='block_1_114' title="bbox 344 5611 1379 5688">
    <p class='ocr_par' dir='ltr' id='par_1_114' title="bbox 344 5611 1379 5688">
     <span class='ocr_line' id='line_1_114' title="bbox 344 5611 1379 5688; baseline -0.004 -19"><span class='ocrx_word' id='word_1_783' title='bbox 344 5611 432 5683; x_wconf 63' lang='lat'>75&#39;)</span> <span class='ocrx_word' id='word_1_784' title='bbox 454 5616 595 5672; x_wconf 85' lang='lat' dir='ltr'>Post</span> <span class='ocrx_word' id='word_1_785' title='bbox 622 5617 755 5688; x_wconf 66' lang='grc' dir='ltr'>μετα</span> <span class='ocrx_word' id='word_1_786' title='bbox 781 5613 998 5688; x_wconf 71' lang='lat' dir='ltr'>omittit</span> <span class='ocrx_word' id='word_1_787' title='bbox 1019 5619 1119 5664; x_wconf 78' lang='grc' dir='ltr'>τῶν</span> <span class='ocrx_word' id='word_1_788' title='bbox 1148 5611 1283 5669; x_wconf 91' lang='lat' dir='ltr'>cod.</span> <span class='ocrx_word' id='word_1_789' title='bbox 1313 5616 1379 5667; x_wconf 77' lang='grc' dir='ltr'><strong>Α.</strong></span> 
     </span>
    </p>
   </div>
   <div class='ocr_carea' id='block_1_115' title="bbox 320 5686 867 5761">
    <p class='ocr_par' dir='ltr' id='par_1_115' title="bbox 320 5686 867 5761">
     <span class='ocr_line' id='line_1_115' title="bbox 320 5686 867 5761; baseline -0.007 -19"><span class='ocrx_word' id='word_1_790' title='bbox 320 5686 433 5761; x_wconf 84' lang='lat'>(76)</span> <span class='ocrx_word' id='word_1_791' title='bbox 467 5688 533 5739; x_wconf 86' lang='grc' dir='ltr'><strong>Οἰ</strong></span> <span class='ocrx_word' id='word_1_792' title='bbox 561 5686 783 5743; x_wconf 89' lang='lat' dir='ltr'>omittit</span> <span class='ocrx_word' id='word_1_793' title='bbox 806 5687 867 5738; x_wconf 88' lang='grc' dir='ltr'><strong>Β.</strong></span> 
     </span>
    </p>
   </div>
   <div class='ocr_carea' id='block_1_116' title="bbox 2045 5521 3613 5608">
    <p class='ocr_par' dir='ltr' id='par_1_116' title="bbox 2045 5521 3613 5608">
     <span class='ocr_line' id='line_1_116' title="bbox 2045 5521 3613 5608; baseline -0.013 -16"><span class='ocrx_word' id='word_1_794' title='bbox 2045 5537 2158 5608; x_wconf 83' lang='lat'>(’77)</span> <span class='ocrx_word' id='word_1_795' title='bbox 2223 5537 2341 5608; x_wconf 76' lang='lat' dir='ltr'>Hoc</span> <span class='ocrx_word' id='word_1_796' title='bbox 2410 5531 2657 5587; x_wconf 83' lang='lat' dir='ltr'>refertur</span> <span class='ocrx_word' id='word_1_797' title='bbox 2704 5526 2798 5608; x_wconf 77' lang='lat' dir='ltr'>ad</span> <span class='ocrx_word' id='word_1_798' title='bbox 2839 5522 3135 5608; x_wconf 64' lang='lat' dir='ltr'>superius,</span> <span class='ocrx_word' id='word_1_799' title='bbox 3209 5522 3412 5596; x_wconf 79' lang='grc' dir='ltr'>ἀφέντες</span> <span class='ocrx_word' id='word_1_800' title='bbox 3458 5521 3613 5574; x_wconf 77' lang='grc' dir='ltr'>αὐτὸν</span> 
     </span>
    </p>
   </div>
   <div class='ocr_carea' id='block_1_117' title="bbox 1956 5595 3282 5681">
    <p class='ocr_par' dir='ltr' id='par_1_117' title="bbox 1956 5595 3282 5681">
     <span class='ocr_line' id='line_1_117' title="bbox 1956 5595 3282 5681; baseline -0.012 -19"><span class='ocrx_word' id='word_1_801' title='bbox 1956 5595 2161 5681; x_wconf 65' lang='grc' dir='ltr'>ἓφυῖγονί</span> <span class='ocrx_word' id='word_1_802' title='bbox 2199 5606 2349 5667; x_wconf 76' lang='grc' dir='ltr'>αὐτὸς</span> <span class='ocrx_word' id='word_1_803' title='bbox 2382 5608 2603 5669; x_wconf 90' lang='lat' dir='ltr'>autem,</span> <span class='ocrx_word' id='word_1_804' title='bbox 2632 5602 2881 5658; x_wconf 85' lang='lat' dir='ltr'>refertur</span> <span class='ocrx_word' id='word_1_805' title='bbox 2910 5595 2988 5653; x_wconf 87' lang='lat' dir='ltr'>ad</span> <span class='ocrx_word' id='word_1_806' title='bbox 3031 5595 3282 5651; x_wconf 83' lang='lat' dir='ltr'>Petrum.</span> 
     </span>
    </p>
   </div>
  </div>
