4170 6334
547 220 665 283 695
1565 210 1567 213 ’
1876 206 2228 270 EUTHYMII
2267 205 2608 268 ZIGABENI

3845 205 3968 268 696

532 359 742 406 causa
765 361 780 402 τ
799 360 874 403 ne
896 347 1100 403 tamen
1121 341 1390 416 seipsum
1418 337 1669 398 laudare
1690 337 1980 408 videatur,
2007 341 2212 410 utpote

2328 332 2566 406 ϐολογίας
2623 333 2786 388 ἕνεκα·
2835 331 2969 393 πλὴν
3025 332 3108 386 ἵνα
3157 335 3230 407 μὴ
3283 329 3409 408 δόξῃ
3462 339 3686 387 επαινείν
3721 333 3960 399 ἑαυτὸν,

555 436 721 509 quod
751 435 812 490 in
860 432 1212 506 hujusmodi
1264 429 1531 503 periculis
1577 433 1817 486 secutus
1857 428 1953 491 sit,
1999 441 2212 484 nomen

533 524 866 597 proprium
920 521 1199 578 conticuit
1244 524 1300 575 et
1347 519 1489 574 dixit
1527 534 1540 573 :
1597 517 1963 590 Sequebatur
2013 520 2210 572 autem

553 609 753 670 Iesum
781 611 984 669 Simon
1022 611 1231 667 Petrus
1272 615 1327 666 et
1352 607 1509 665 alius
1539 607 1870 678 discipulus
1892 608 1959 660 ³³.

626 792 794 847 Vers.
830 793 915 846 58.
968 791 1048 845 Et
1098 789 1390 860 ingressus
1447 818 1514 828 —-
1541 788 1740 856 ﬁnem.
1773 788 1911 842 Tres
1963 785 2211 858 quidem

556 879 940 950 evangelista
969 885 1086 935 tres
1112 878 1261 934 Petri
1295 876 1640 948 negationes
1668 877 1728 930 in
1757 876 1996 947 Caiphae
2027 875 2211 931 domo

559 969 748 1025 factas
777 985 909 1025 esse
939 969 1164 1034 dicunt,
1209 969 1462 1022 Joannes
1487 971 1688 1021 autem
1721 965 1782 1020 in
1813 965 1996 1020 domo
2026 969 2212 1020 Annua

562 1060 752 1115 soceri
780 1060 990 1130 ipsius,
1019 1073 1139 1113 nec-
1164 1062 1364 1114 tamen
1395 1057 1474 1112 ob
1513 1056 1626 1111 hoc
1666 1055 1817 1110 inter
1846 1070 1947 1110 eos
1977 1059 2064 1110 est
2093 1055 2214 1110 dis-

549 1149 858 1204 .sonantia.
915 1147 1220 1220 Siquidem
1277 1146 1596 1202 amborum
1650 1160 1772 1201 una
1809 1145 2026 1200 domus
2067 1152 2210 1210 erat,

543 1237 846 1310 Lidemque
876 1236 1108 1300 atrium,
1137 1236 1363 1292 habens
1389 1235 1450 1290 in
1489 1251 1552 1291 se
1579 1234 1700 1290 duo
1726 1233 2067 1291 habitacula
2085 1250 2120 1290 a
2151 1249 2212 1289 se

561 1328 819 1384 invicem
859 1330 1147 1398 separata.

545 1455 554 1464 -
638 1417 794 1473 Scire
806 1419 1005 1472 autem
1018 1408 1266 1486 oportet,
1282 1414 1444 1485 quod
1460 1412 1761 1470 Matthaaus
1775 1411 1918 1468 dicit
1933 1412 2212 1468 ancillam

2321 424 2391 484 ὡς
2466 421 2514 475 ἓν
2589 425 2846 484 τοιούτοις
2924 419 3114 484 δεινοῖς
3178 421 3559 476 ἀκολουθοῦντα
3614 431 3690 494 τῷ
3778 419 3826 476 δ
3832 421 3962 477 εδα-

2323 512 2520 584 σκάλῳ,
2577 518 2951 583 παρεσιὼπησε
3011 515 3068 566 τὸ
3141 509 3280 566 ἴδιον
3349 517 3526 586 ὄνομα,
3602 517 3698 565 καὶ
3770 511 3958 581 εἶπεν,

2321 601 2622 654 Ἠκολούθει
2687 599 2749 655 δε
2820 610 2893 674 τῷ
2974 603 3154 660 Ἰησοῦ
3219 607 3390 676 Σίμων
3461 605 3649 677 Πίτρος
3732 607 3844 656 κοιὶ
3929 606 3956 657 ὁ

2320 690 2467 752 ἄλλος
2490 692 2700 763 μαθητή
2711 711 2753 753 ς.

2394 784 2494 833 Καὶ
2550 780 2788 833 εἰσελθὼν
2843 810 2912 820 -
2958 779 3121 843 τέλος.
3181 782 3247 833 Οἱ
3301 783 3390 852 μὶν
3445 786 3582 854 τρεῖς
3643 777 3950 853 ενῦαγτελιο

2323 873 2446 922 σταὶ
2475 872 2563 930 τὰς
2588 876 2726 943 τρεῖς
2745 867 2983 944 ἀρνήσεις
3019 876 3111 922 τοῦ
3147 873 3344 944 Πέτρου
3385 877 3448 941 τῇ
3486 868 3535 920 ἐν
3572 876 3663 922 τοῦ
3706 873 3952 943 liuius»:

2321 957 2450 1029 αὐλῇ
2507 960 2746 1030 γενέσθαι
2808 958 3066 1030 λέγουσιν,
3121 960 3148 1010 ὁ
3201 955 3251 1011 δ’
3304 957 3538 1019 Ἰωάννης
3603 958 3650 1010 ἓν
3710 967 3778 1032 τῇ
3847 970 3950 1013 τοῦ

2319 1045 2502 1114 ”Αννα,
2567 1054 2658 1098 τοῦ
2713 1048 2958 1119 πενθεροῦ
3014 1046 3200 1104 αὐτοῦ.
3279 1051 3380 1100 Καὶ
3437 1047 3531 1099 οὐκ
3582 1040 3706 1100 ἔστί
3772 1058 3948 1102 τοῦτο

2324 1131 2599 1206 διαφωνία.
2663 1141 2763 1188 Καὶ
2820 1138 2923 1209 γὰρ
2977 1137 3090 1207 (78)
3146 1135 3446 1209 ἀμφοτέρων
3504 1137 3576 1198 εἷς
3632 1135 3785 1198 οἶκος
3850 1144 3950 1190 καὶ

2323 1228 2421 1295 μία
2465 1223 2618 1291 αὐλὴ,
2655 1227 2862 1296 ἔχουσα
2903 1223 2951 1276 ἓν
2996 1224 3152 1298 ἑαυτῇ
3196 1222 3295 1277 δύο
3335 1221 3546 1287 διαίτας
3599 1225 3717 1298 (79)
3769 1223 3951 1278 ἰδίαι-

2322 1331 2479 1372 τατας
2486 1355 2497 1366 .

2398 1406 2509 1474 Χρὴ
2569 1398 2628 1454 δὲ
2663 1408 2937 1473 γινώσκειν
2979 1403 3060 1454 ὅτι
3234 1404 3262 1455 ὁ
3290 1405 3557 1466 Ματθαῖος
3583 1406 3675 1477 μὲν
3721 1413 3950 1480 πρῶτον

559 1505 822 1578 primum
841 1504 1114 1560 terruisse
1133 1504 1361 1558 Petrum
1385 1502 1630 1571 ;exinde
1647 1501 1896 1558 alteram
1920 1506 2215 1574 ;postmo-

2328 1488 2617 1548 παιδίσκην
2677 1490 2814 1562 λέγει
2876 1499 3109 1550 πτοῆσαι
3163 1495 3251 1545 τὸν
3311 1498 3520 1566 Πέτρονο
3575 1491 3685 1546 εἶτα
3745 1495 3948 1553 ἄλλην·

558 1595 697 1652 durn
713 1609 853 1650 vero
870 1595 1381 1650 astantes.Marcus
1395 1608 1533 1648 vero
1546 1591 1798 1664 primum
1813 1592 2215 1658 ancillam,ex—

2328 1582 2502 1631 ἔπειτα
2556 1584 2678 1643 τοὺς
2725 1580 2971 1641 ἑστῶτας·
3026 1583 3256 1656 [Μάρκος
3301 1583 3414 1654 (81)
3447 1579 3508 1635 δὲ
3544 1591 3754 1658 πρῶτον
3805 1605 3950 1637 παι-

557 1683 700 1741 inde
717 1698 922 1739 rursus
941 1681 1214 1738 eamdem
1235 1681 1841 1754 ipsam,postmodum
1863 1685 2125 1738 astantes
2143 1684 2210 1736 ".

2328 1665 2541 1737 δίσκην,
2597 1666 2708 1722 εἶτα
2774 1675 2868 1729 τὴν
2919 1670 3081 1729 αὐτὴν
3135 1670 3310 1737 πάλιν,
3365 1674 3543 1724 ἔπειτα
3594 1675 3715 1734 τοὺς
3775 1693 3947 1749 παρε-

545 1776 633 1828 -At
647 1771 833 1827 Lucas
848 1771 1111 1843 primum
1135 1769 1436 1835 ancillam,
1453 1770 1668 1825 deinde
1689 1770 1962 1835 alterum,
1976 1775 2034 1825 et
2059 1775 2216 1840 post-

2328 1757 2576 1830 στῶτας.]
2626 1764 2828 1820 Λουκᾶς
2879 1755 2940 1812 δε
2984 1767 3184 1834 πρῶτον
3222 1756 3542 1830 παιδίσκην,
3583 1757 3697 1813 εἶτα
3731 1764 3944 1837 ἕτερον,

562 1860 815 1917 modum
831 1859 1014 1915 alium
1028 1859 1354 1932 quemdam
1369 1859 1416 1894 ⁸⁸
1430 1903 1442 1916 .
1455 1859 1717 1914 Joannes
1740 1863 1937 1914 autem
1955 1860 2214 1929 primum

2328 1850 2500 1900 ἔπειτα
2548 1847 2697 1900 ἄλλον
2743 1849 2884 1900 τινοὶ·
2951 1848 3190 1911 Ἰωάννης
3247 1845 3308 1902 δε
3349 1857 3552 1921 πρῶτον
3602 1848 3938 1918 παιδίσκην,

565 1948 844 2006 ancillam
858 1949 1170 2005 ostiariam
1182 1948 1228 1984 ⁸⁵
1248 1965 1260 2001 :
1277 1948 1486 2004 exinde
1499 1947 1798 2018 quosdam
1818 1962 1830 2000 :
1847 1947 2014 2002 tertio
2032 1962 2218 2003 unum

2328 1941 2418 1994 τὴν
2475 1939 2723 2011 θυρωρόν
2784 1935 2895 1990 εἶτα
2949 1940 3108 1999 τινάς·
3173 1941 3348 1991 ἔπειτα
3412 1939 3499 1991 ἕνα
3555 1947 3655 1992 τῶν
3722 1938 3941 1994 δούλων

566 2054 640 2096 ex
664 2039 851 2094 servis
870 2037 1188 2111 pontiﬁcis,
1218 2037 1349 2108 ejus
1377 2042 1700 2108 cognatum
1727 2037 1820 2093 cui
1844 2037 2046 2094 Petrus
2072 2037 2218 2094 auri-

2328 2032 2416 2078 τοῦ
2486 2024 2787 2100 ἀρχιερέως,
2881 2035 3127 2099 συγγενῆ,
3191 2027 3252 2080 οὗ
3325 2025 3554 2100 ἀπέκοψε
3611 2033 3809 2105 Πέτρος
3873 2036 3939 2084 τό

569 2127 770 2185 culam
825 2127 1182 2184 absciderat.

2328 2114 2500 2169 ὠτίον.

643 2217 702 2274 Si
745 2222 946 2273 tamen
1005 2216 1409 2283 advertamus,
1451 2230 1560 2271 nec
1591 2214 1680 2272 sic
1710 2215 2071 2273 dissonantia
2101 2217 2223 2274 ulla

567 2306 875 2378 reperitur.
908 2308 966 2360 In
994 2305 1188 2377 prima
1214 2302 1512 2372 siquidem
1539 2305 1856 2374 negatione
1879 2305 2088 2361 eadem
2120 2322 2224 2362 an-

566 2394 702 2451 cilla
731 2397 894 2466 apud
916 2399 1178 2466 quatuor
1196 2392 1590 2462 evangelistas
1617 2393 1795 2450 fuisse
1819 2399 2182 2450 memoratur
2205 2410 2219 2448 :

568 2484 630 2539 in
662 2483 927 2538 secunda
957 2497 1094 2536 vero
1123 2480 1420 2553 quosdam
1471 2482 1730 2538 ostendit
1761 2482 2024 2539 Joannes
2051 2485 2226 2539 inter—

573 2586 813 2640 rogasse
856 2571 1089 2625 Petrum
1121 2585 1133 2624 :
1172 2575 1232 2624 at
1267 2568 1329 2624 hi
1368 2569 1634 2642 quidam,
1677 2575 1848 2626 erant
1898 2571 2115 2628 ancilla
2152 2572 2224 2627 de

565 2674 692 2730 qua
747 2659 894 2714 dixit
943 2657 1270 2723 Mattheus,
1351 2662 1408 2712 et
1473 2659 1636 2728 prior
1705 2659 1918 2715 ancilla
1975 2660 2048 2716 de
2105 2675 2226 2731 qua

566 2747 649 2802 ait
678 2747 929 2812 Marcus,
956 2751 1011 2801 et
1036 2745 1181 2802 alter
1205 2745 1278 2800 de
1303 2761 1426 2818 quo
1457 2747 1696 2818 scripsit
1724 2747 1928 2804 Lucas.
1964 2750 2024 2803 ln
2058 2751 2225 2806 tertia

566 2837 770 2892 autem
800 2834 1116 2904 negatione
1144 2834 1355 2890 eodem
1379 2835 1562 2890 modo
1582 2838 1809 2891 Marcus
1836 2841 1891 2891 et
1922 2839 2106 2892 Lucas
2139 2839 2218 2894 di-

2330 2836 2520 2911 ἔτερος,
2553 2841 2669 2911 περὶ
2709 2836 2769 2888 οὗ
2813 2839 3064 2909 ἱστόρησε
3112 2842 3340 2898 Λουκᾶς·
3400 2837 3484 2890 ἐπὶ
3528 2835 3583 2891 δέ
3609 2846 3697 2900 τῆς
3741 2845 3931 2914 τρίτης

567 2927 802 2987 xerunt,
837 2929 1101 2979 astantes
1156 2923 1378 2979 scilicet
1415 2923 1817 2995 interrogasse
1877 2929 2129 2993 Petrum,
2165 2929 2218 2983 in

2333 2924 2597 2998 ἀρνήσεως
2662 2926 2853 2998 ὁμοίως
2905 2926 3115 3000 Μάρκος
3183 2931 3272 2978 καὶ
3322 2926 3435 2998 (83)
3493 2929 3760 2989 Ματθαίος
3809 2933 3934 2991 τοὺς

567 3011 793 3084 quibus
825 3016 952 3068 erat
973 3016 1027 3067 et
1047 3011 1198 3067 alius
1223 3014 1298 3067 de
1323 3028 1446 3083 quo
1475 3013 1638 3084 apud
1666 3013 1905 3080 Lucam,
1933 3021 1988 3072 et
2015 3016 2110 3072 hic
2137 3021 2218 3072 est

2331 3022 2669 3084 παρεστῶτας
2745 3011 2882 3067 εἶπον
2948 3013 3209 3089 ἕρωτῆσαι
3257 3014 3432 3079 αὑτὸν,
3494 3014 3544 3067 ἓν
3597 3017 3675 3078 οἷς
3731 3017 3929 3090 ἔμελλεν

571 3101 677 3174 qui
707 3115 744 3157 a
771 3102 1000 3156 Joanne
1033 3101 1247 3156 dicitur
1286 3116 1494 3156 servus
1542 3102 1860 3174 pontiﬁcis.
1896 3107 2218 3177 Postquam

2333 3104 2462 3155 εἶναι
2505 3107 2592 3154 καὶ
2631 3105 2655 3155 ὁ
2687 3102 2856 3169 ἄλλος,
2894 3104 2920 3155 ὁ
2950 3106 3093 3177 παρά
3121 3111 3192 3174 τῷ
3236 3108 3439 3174 Λουκᾷ,
3492 3103 3659 3167 Οὗτος
3700 3102 3762 3158 δέ
3790 3105 3927 3158 ἔστιν

571 3203 714 3258 ergo
735 3204 804 3245 ea
824 3204 960 3261 quae
984 3189 1316 3244 necessaria
1342 3193 1510 3245 erant
1527 3189 2220 3260 signiﬁcavimus,decla-

567 3277 763 3336 randa
791 3282 1084 3349 suntquae
1111 3277 1350 3334 ulterius
1389 3284 1738 3350 sequuntur.
1774 3281 1916 3345 Quae
1948 3282 2006 3336 in
2038 3281 2223 3339 domo

568 3365 808 3438 Caiphae
835 3365 991 3422 facta
1021 3370 1174 3435 sunt,
1207 3382 1331 3422 non
1363 3372 1502 3422 sunt
1534 3369 1777 3425 recitata
1807 3385 1843 3426 a
1871 3369 2120 3438 Joanne,
2153 3387 2222 3428 eo

569 3454 734 3528 quod
764 3471 801 3512 a
825 3455 1048 3511 caeteris
1073 3455 1226 3512 dicta
1266 3460 1486 3514 essent.

2402 2213 2541 2271 Πλὴν
2599 2212 2684 2265 ἐὰν
2738 2216 3102 2289 προσέχωμεν,
3155 2211 3268 2267 οὐδ’
3331 2214 3468 2267 οὕτω
3529 2212 3798 2290 διαφωνία
3863 2240 3945 2282 τις

2331 2304 2685 2375 εὑρεθήσεται.
2765 2303 2883 2355 Ἐπὶ
2945 2305 3036 2375 μὶν
3089 2305 3191 2378 γὰρ
3250 2311 3342 2365 τῆς
3396 2309 3609 2379 πρώτης
3677 2305 3945 2381 ἀρνήσεως

2331 2393 2362 2450 ἡ
2405 2391 2534 2450 αὐτή
2585 2387 2847 2450 παιδίσκη
2881 2390 3046 2458 ἐστὶν,
3080 2395 3110 2451 ἠ
3144 2395 3288 2467 παρὰ
3328 2400 3436 2454 τοῖς
3464 2398 3752 2470 τέσσαρσιν
3782 2399 3941 2470 εὐαγ-

2335 2481 2598 2553 γελισταίς
2649 2484 3087 2554 μνημονευομένη·
3139 2480 3223 2534 ἕπὶ
3277 2478 3335 2535 δε
3399 2489 3489 2543 τῆς
3556 2479 3796 2558 δευτέρας
3861 2507 3939 2539 τι·

2329 2573 2422 2631 νὰς
2471 2571 2497 2622 ὁ
2547 2569 2784 2631 Ἰωάννης
2827 2568 3054 2643 ἐνέφηνεν
3105 2568 3368 2645 ἐρωτῆσαι
3413 2575 3501 2623 τὸν
3542 2577 3746 2646 Πέτρον,
3794 2579 3940 2628 οἵτι-

2329 2678 2410 2720 νες
2447 2656 2580 2718 ἦσαν
2611 2661 2639 2717 ἡ
2673 2655 2936 2716 παιδίσκη
2976 2678 3045 2726 τε,
3097 2664 3212 2734 περὶ
3259 2660 3320 2722 ἧς
3368 2667 3475 2713 εἰπε
3514 2663 3798 2727 Μπθαῖος,
3837 2671 3937 2719 καὶ

2331 2750 2362 2806 ἡ
2413 2752 2590 2822 πρώτη
2638 2747 2750 2820 (82)
2795 2744 3084 2813 παιδίσκη,
3123 2753 3241 2821 περὶ
3280 2749 3342 2810 ἧς
3392 2751 3477 2821 ἔφη
3507 2751 3730 2822 Μάρκος,
3769 2757 3861 2804 καὶ
3894 2755 3922 2804 ὀ

2333 3193 2359 3244 ὁ
2389 3195 2531 3267 παρά
2577 3200 2649 3262 τῷ
2683 3191 2888 3266 Ἰωάννη
2941 3188 3126 3255 δοῦλος
3163 3200 3256 3245 τοῦ
3299 3191 3602 3268 ἀρχιερέως.
3646 3193 3785 3249 Ἐπεὶ
3817 3192 3924 3267 οὖν,

2333 3282 2462 3357 ἅπερ
2555 3279 2660 3334 ἔδει
2755 3283 3178 3354 σημειώσασθαι,
3273 3287 3731 3358 παρπηρήσαμεν,
3826 3283 3929 3336 λοι-

2332 3374 2426 3424 πὸν
2487 3369 2817 3445 ἒρμηνευτέον
2883 3373 2950 3423 τὰ
3013 3370 3151 3439 ἑξῆς,
3212 3371 3341 3447 οἷπερ
3400 3375 3448 3424 ἓν
3515 3380 3586 3442 τῷ
3651 3376 3776 3444 οἰκῳ
3839 3376 3930 3445 μὲν

2332 3466 2424 3511 τοῦ
2503 3461 2712 3531 Καΐοίφα
2790 3463 3088 3532 γεγόνασιν,
3167 3460 3260 3512 οὐκ
3332 3458 3786 3533 ἓμνημονεύθησαν
3870 3459 3929 3516 δὲ

2332 3551 2474 3621 παρά
2497 3555 2590 3600 τοῦ
2617 3547 2873 3617 Ἰωάννου,
2906 3545 3000 3600 διὰ
3027 3551 3086 3601 τὸ
3113 3548 3339 3623 ῥηθῆναι
3367 3552 3512 3623 ποιρά
3539 3557 3639 3603 τῶν
3670 3549 3854 3604 ἄλλων.

643 3631 802 3687 Vers.
847 3635 932 3688 59.
968 3631 1264 3704 Principes
1297 3639 1483 3689 autem
1537 3635 1904 3692 sacerdotum
1959 3667 2027 3678 —
2055 3638 2219 3694 Vers.

570 3719 660 3776 60.
692 3720 1082 3777 inveniebant.
1118 3724 1185 3777 Ut
1228 3722 1347 3777 illis
1375 3722 1622 3793 quidem
1653 3724 1984 3792 videbatur,
2016 3741 2223 3783 verum

572 3809 974 3864 testimonium
1010 3826 1022 3865 :
1051 3815 1112 3865 ut
1140 3817 1341 3867 autem
1371 3811 1454 3866 rei
1472 3813 1687 3868 veritas
1719 3819 1861 3878 erat,
1895 3814 2119 3870 falsum
2147 3820 2224 3871 te-

571 3897 947 3955 stimonium.
983 3898 1082 3954 Vel
1111 3901 1290 3955 etiam
1322 3916 1459 3954 cum
1491 3902 1709 3956 scirent
1737 3903 1899 3973 quod
1931 3904 2224 3959 adversus

573 3984 950 4042 innocentem
976 4003 1183 4042 verum
1234 3988 1637 4043 testimonium
1694 4005 1815 4044 non
1867 3991 2223 4062 invenirent,

569 4075 697 4144 jam
719 4075 931 4130 falsum
951 4067 1182 4145 queque
1200 4076 1590 4146 exquirebant.
1616 4078 2042 4133 testimonium.
2064 4081 2227 4137 Vole-

573 4162 723 4218 bant
753 4177 896 4216 sane
927 4169 1215 4232 tanquam
1247 4178 1415 4217 reum
1443 4165 1844 4220 condemnare
1870 4167 2057 4235 illum,
2089 4168 2218 4228 ideo

2333 4189 2423 4236 καὶ
2481 4185 2703 4246 ζητοῦσι
2751 4182 3256 4262 ψευδομαρτυρίαν,]
3316 4186 3466 4240 αὐτοὶ
3521 4193 3610 4240 καὶ
3674 4162 3921 4243 δικασταὶ

572 4250 754 4306 etiam
771 4249 967 4304 forum
986 4249 1268 4319 judiciale
1298 4249 1604 4320 efﬁngunt,
1638 4268 1708 4308 ac
1727 4253 1936 4310 falsum
1962 4257 2218 4316 testimo-

2333 4279 2423 4326 καὶ
2500 4280 2783 4348 κατήγοροι
2853 4279 3130 4348 γινόμενοι,
3202 4280 3292 4329 καὶ
3361 4273 3751 4341 σπουδάζοντες
3809 4278 3921 4352 παρ’

570 4338 739 4395 nium
762 4343 1049 4410 quarunt,
1075 4339 1185 4410 ipsi
1204 4345 1258 4396 et
1266 4339 1500 4411 judices
1530 4347 1588 4397 et
1608 4351 1986 4400 accusatores
2011 4347 2218 4417 effecti,

2335 4363 2530 4424 ἑαυτοῖς
2599 4371 2778 4415 τοῦτον
2844 4361 3223 4420 καταδικασαι.
3301 4365 3615 4418 Ἠπίσταντο
3679 4369 3779 4441 γὰρ
3843 4370 3916 4418 ὅτι

571 4431 627 4482 et
651 4425 967 4482 studebant
988 4443 1124 4482 eum
1144 4429 1308 4500 apud
1335 4445 1400 4485 se
1426 4431 1862 4489 condemnare:
1895 4449 2036 4491 nam
2060 4439 2222 4509 apud

562 4514 798 4588 judices
826 4515 952 4586 (kk)
975 4516 1346 4589 difﬁdebant,
1376 4519 1536 4591 quod
1567 4519 1746 4590 hujus
1777 4523 1997 4595 negotii
2029 4529 2223 4584 essent

563 4605 924 4677 reportaturi
974 4605 1303 4664 victoriam.

639 4729 686 4765 ⁸³
715 4729 883 4788 Joan.
911 4745 1069 4798 xvm,
1107 4731 1190 4787 l5.
1268 4732 1506 4790 "Marc.
1544 4733 1675 4801 XIV,
1706 4739 1795 4792 66.

2406 3657 2472 3706 Οἱ
2518 3651 2577 3706 δὲ
2643 3653 2906 3728 ἀρχιερεις
2957 3684 3026 3696 -
3083 3651 3247 3729 εὖρον.
3293 3657 3384 3719 Ὠς
3431 3660 3520 3728 μὲν
3565 3655 3772 3716 ἐκείνοις
3813 3653 3927 3709 ὶδόο

2331 3762 2430 3808 κει,
2481 3747 2792 3818 μαρτυρίαν,
2833 3746 2901 3803 ὡς
2950 3740 3009 3797 δε
3050 3751 3111 3816 τῇ
3155 3743 3391 3818 ἀληθείᾳ,
3429 3742 3915 3821 ψευδομαρτυρίαν,

2331 3830 2398 3883 Ἣ
2452 3836 2542 3884 καὶ
2591 3837 2928 3904 γινώσκοντες
2992 3835 3072 3886 ὅτι
3125 3838 3418 3910 μαρτυρίαν
3477 3835 3581 3907 οὐχ
3638 3836 3925 3909 εὑρήσουσι

2333 3923 2469 3972 κατά
2515 3928 2606 3973 τοῦ
2679 3919 3044 3993 ἀνεπιλήπτόυ,
3102 3921 3280 3975 λοιπὸν
3347 3922 3564 3983 ἐζήτουν
3619 3920 3922 3999 ψευδομαρ-

2335 4013 2534 4084 τυρίαν.
2590 4008 2908 4080 [Ἐϐούλοντο
2976 4010 3086 4082 (84)
3145 4013 3243 4086 γάρ
3300 4014 3367 4074 ὡς
3423 4014 3704 4065 ὑπεύθυνον
3771 4033 3922 4066 κατα-

2335 4093 2558 4149 δικάσαι
2607 4098 2780 4153 αὐτὸν.
2839 4102 2925 4151 Διό
2982 4103 3070 4151 καὶ
3125 4099 3528 4172 σχηματίζουσι
3581 4097 3921 4178 δικαστήριον

2331 4453 2453 4527 παρ’
2512 4451 2700 4526 ἑτέροις
2776 4448 3052 4514 δίκασταῖς
3130 4453 3224 4506 οὐκ
3280 4453 3340 4506 ἄν
3396 4473 3519 4508 ποτε
3573 4455 3686 4528 (85)
3741 4458 3908 4508 τούτου

2330 4545 2676 4620 περιγένοιντο
2691 4585 2702 4598 ,

1872 4737 1918 4772 ⁸³
1948 4739 2084 4798 Luc.
2111 4755 2252 4806 xxn,
2280 4740 2352 4796 56
2384 4753 2553 4811 seqq.
2631 4737 2678 4772 ⁸⁸
2711 4738 2877 4794 Joan.
2910 4752 3072 4808 xvm,
3113 4741 3175 4794 t7

2000 4863 2228 4932 Variae
2257 4863 2609 4934 lectiones.

641 4970 753 5050 (Ζίέ)
781 4969 1111 5050 Ϊᾼμφίὲτε.ρον›
1158 4971 1230 5033 εἷς
1258 4969 1415 5050 “3‘99-
1447 4973 1508 5050 B:
1628 5019 1631 5021 »
1680 5046 1707 5050 _
1752 4993 1780 5050 '_
1857 5047 1863 5050 _

2328 4977 2513 5035 Paulo
2543 4977 2700 5034 enim
2725 4981 2862 5036 ante
2890 4976 2966 5034 de
2991 4977 3257 5036 secunda
3280 4977 3448 5050 dixit,
3489 4976 3618 5036 Εἶτα
3641 4984 3735 5041 τὴν
3761 4981 3910 5041 αὐτὴν

641 4989 753 5040 (ιδ)
793 4989 836 5024 Α
883 4989 1111 5042 φοι-ερον,
1158 4989 1230 5033 εις
1258 4991 1415 5033 οικος.
1447 4989 1508 5027 υ.
1628 5019 1631 5021 .
1752 4993 1756 4999 '
2327 4989 2501 5035 Paule

782 4989 1134 5124 :i‘dltaé’ouoqg,
1162 5058 1270 5124 pro
1305 5039 1622 5106 ἰδιαιτάτας.
1669 5046 1801 5101 Cod.
1839 5047 1903 5102 A.
2296 5041 2300 5046 ’
2328 5050 2501 5124 πάλινἲ

637 5110 844 5193 (ἓΨὮ
879 5113 1110 5193 ρωίῖίίί·
1164 5110 1292 5193 3.2-..
1425 5185 1442 5193 -
1526 5185 1535 5193 .
1618 5187 1658 5193 _

2399 5121 2511 5193 (83)
2538 5121 2626 5193 Ita
2650 5120 2867 5193 scripsi
2895 5135 2999 5193 pro
3034 5125 3262 5193 Λουκᾶς.

575 5253 587 5267 ρ
639 5182 752 5267 (ξω
794 5182 1030 5267 Inclusa
1084 5183 1298 5267 omittit
1335 5185 1468 5243 cod.
1508 5185 1574 5242 Α.
1617 5187 1791 5244 Error
1841 5193 2005 5246 ortus
2033 5195 2120 5250 est
2145 5207 2217 5249 ex
2359 5259 2362 5264 _
2398 5182 2510 5264 (84)
2549 5182 3028 5267 Ιηοὶιιεειόῑῄίιῐὶε
3056 5191 3198 5267 Ced.
3243 5192 3307 5247 A.
3345 5193 3524 5251 Error
3555 5193 3762 5252 scribas
3796 5210 3911 5252 rur-

565 5258 794 5338 ἑστῶτας
825 5261 881 5308 et
926 5262 1282 5335 παρεστῶτας.
1377 5325 1388 5336 _

2328 5258 2431 5321 εἰιὲ
2453 5258 2616 5320 ortus
2646 5279 2718 5319 ex
2745 5262 2960 5335 duplici
2986 5258 3468 5338 ψευδομαρτυρίαν.

637 5323 748 5396 (82)
802 5323 1019 5398 Πρώτην
1075 5326 1234 5392 dixit,
1287 5325 1432 5398 quia
1483 5327 1689 5385 eadem
1720 5335 1807 5386 est
1835 5334 1891 5387 et
1925 5334 2209 5391 secunda.

2394 5440 2507 5512 (85)
2540 5443 2684 5495 Ante
2715 5441 2898 5517 τούτου
2927 5440 3059 5496 cod.
3195 5440 3364 5497 addit
3390 5446 3530 5517 περί.

2319 5527 2566 5589 prorsus
2599 5511 2964 5589 neglectum.
3006 5515 3202 5589 Τούτου
3233 5511 3604 5589 autem'non
3636 5515 3715 5573 ad
3749 5532 3909 5589 nego-

2319 5583 2488 5649 tium,
2513 5584 2617 5640 sed
2647 5583 2725 5641 ad
2754 5583 3049 5641 Christum
3081 5585 3350 5642 refertur.

634 5496 758 5579 (kl_c)
788 5499 944 5579 Nam
980 5499 1134 5579 apud
1161 5501 1402 5571 iudices,
1449 5507 1556 5558 etc.
1614 5503 1891 5579 Sciebant
1937 5511 2114 5578 enim,
2151 5527 2212 5569 se

562 5567 727 5642 apud
754 5568 900 5623 alios
930 5567 1166 5641 judices
1187 5587 1258 5628 eo
1289 5567 1409 5629 non
1441 5574 1776 5646 superiores
1809 5578 1952 5634 fore.
1989 5567 2211 5656 Ἐτέροις
