4170 6334
238 332 351 393 697

1150 321 1520 385 COMMENT.
1562 320 1632 378 IN
1667 314 2112 379 MATTHEUM.
2154 347 2223 360 —
2259 316 2418 373 CAP.
2457 315 2658 373 XXVI.

3499 318 3606 376 698

322 464 427 516 Καὶ
494 456 690 514 πολλῶν
750 486 820 499 --
894 452 1060 532 εὗρον.
1128 452 1368 505 Ἐναντία
1432 451 1531 522 γὰρ
1608 445 1842 505 ἀλλήλοις

2025 442 2183 497 Vers.
2235 445 2322 499 60.
2373 441 2634 513 Cumque
2674 443 2853 500 multi
2898 474 2966 484 —
3008 443 3405 503 inveniebant.
3452 448 3601 504 Nam

240 547 586 625 ἐμαρτύρουν.
634 550 773 605 Φησὶ
810 546 911 620 γὰρ
966 545 991 597 ὀ
1037 544 1250 617 Μάρκος
1291 542 1370 592 ὅτι
1411 538 1523 611 (86)
1558 541 1678 589 «Καὶ
1734 532 1846 587 ἶσαι

244 642 305 692 αἱ
345 643 629 714 μαρτυρίαι
680 636 775 689 οὐκ
827 632 982 694 ἦσαν.
1045 632 1363 705 Ἐπληροῦτο
1403 625 1461 681 δε
1505 631 1594 680 καὶ
1632 628 1663 684 ἠ
1697 630 1848 678 Δαυῐ-

242 733 369 786 τικὴ
414 731 703 802 προφητεία
750 726 780 783 ἠ
835 724 1101 795 λέγουσαο
1170 720 1538 779 Ζητηθήσεται
1590 718 1620 774 ἠ
1684 714 1847 789 ἁμαρ-

240 822 337 869 τία
364 816 543 881 αὐτοῦ,
580 819 671 867 καὶ
708 813 767 867 ού
794 818 863 885 μή
899 814 1099 887 εὑρεθῇ.

316 912 561 978 Ὕστερον
611 935 680 944 -—
737 902 911 956 αὐτόν.
964 898 1133 967 Εἶπεν,
1202 897 1310 951 ἀλλ’
1362 896 1456 949 ούκ
1513 892 1639 961 εἶπε,
1700 896 1843 960 Λύω,

240 993 397 1063 ἀλλὰ,
432 996 662 1058 Λύσατε,
708 989 831 1044 ούδε
870 995 987 1065 περὶ
1015 997 1107 1042 τοῦ
1135 995 1259 1041 ναοῦ
1305 994 1397 1039 τοῦ
1449 988 1845 1058 χειροποιήτου,

241 1080 378 1134 ἀλλὰ
428 1086 545 1154 περὶ
594 1087 686 1132 τοῦ
746 1077 885 1132 ἰδίου
946 1084 1209 1151 σώματος.
1276 1079 1370 1129 Διὰ
1416 1082 1566 1126 τοῦτο
1615 1069 1701 1124 οὖν
1760 1074 1849 1122 καὶ

241 1174 468 1233 τούτους
530 1167 965 1242 ψευδομάρτυρας
1043 1170 1067 1219 ὁ
1143 1165 1508 1238 εύαγγελιστὴς
1590 1162 1844 1234 ὠνόμασε.

243 1262 462 1331 Μάρκος
501 1256 558 1311 δέ
601 1275 760 1330 φησι’
816 1262 916 1310 Καί
965 1276 1091 1316 τινες
1137 1254 1468 1317 ἀναστάντες,
1520 1251 1848 1323 ἐψευδομαρ-

240 1350 437 1421 τύρουν
505 1348 621 1399 κατ’
691 1347 872 1413 αὐτοῦ,
926 1345 1173 1417 λέγοντες,
1233 1346 1310 1397 ὅνι
1378 1344 1553 1416 Ἡμεῖς
1621 1342 1850 1399 ἠκούσα-

239 1456 341 1508 μεν
423 1436 582 1488 αὑτοῦ
672 1435 926 1507 λέγοντος,
1003 1436 1082 1487 ὅτι
1171 1434 1303 1505 Ἐγὼ
1396 1432 1673 1484 καταλύσω
1760 1434 1846 1482 τὸν

236 1527 368 1576 ναὸν
455 1532 635 1577 τοῦτον
707 1528 793 1578 τὸν
875 1527 1268 1597 χειροποίητον,
1344 1526 1430 1574 καὶ
1513 1518 1606 1574 διὰ
1691 1528 1847 1595 τριῶν

235 1616 448 1689 ἡμερῶν
543 1614 693 1666 ἄλλον
793 1613 1196 1689 ἀχειροποίητον
1282 1608 1640 1684 οἰκοδομήσω.
1749 1614 1845 1662 Καὶ

237 1702 371 1756 οὐδὲ
418 1704 583 1765 οὕτως
628 1706 719 1761 ἴση
776 1700 837 1761 ἧν
890 1704 920 1762 ἡ
976 1706 1242 1777 μαρτυρία
1284 1701 1472 1753 αὐτῶν.
1528 1699 1710 1753 Ηολλοὶ
1758 1702 1847 1771 μὲν

1956 532 2252 587 contraria
2263 531 2374 587 sibi
2395 536 2603 586 mutuo
2617 534 3005 589 testabantur.
3022 535 3117 589 Ait
3148 534 3308 590 enim
3334 537 3563 592 Marcus
3585 551 3599 590 ε

1954 621 2027 676 Et
2076 621 2279 677 idonea
2316 620 2638 677 testimonia
2677 638 2797 678 non
2837 629 3011 680 erant
3052 625 3122 679 ⁸⁵.
3162 626 3470 695 Completa
3518 629 3604 683 est

1955 715 2154 766 autem
2181 716 2236 767 et
2265 711 2548 766 Davidica
2578 712 2891 782 prophetia
2918 728 3055 785 quas
3086 714 3257 771 dicit:
3294 716 3605 783 Quaretur

1952 805 2263 868 peccatum
2290 799 2456 855 illius
2486 805 2540 855 et
2565 815 2685 855 non
2712 801 3041 857 invenietur
3069 804 3139 855 ⁸⁸.

2026 907 2190 962 Vers.
2232 910 2319 961 60.
2359 907 2817 962 Postmodum—
2863 908 3020 964 Vers.
3074 911 3158 967 61.
3210 911 3381 967 illud.
3429 911 3601 976 Dixit,

1958 1000 2019 1052 at
2076 1011 2199 1051 non
2248 995 2413 1061 dixit,
2466 995 2730 1061 Solvam,
2793 997 2920 1067 sed,
2976 997 3229 1065 Solvite;
3279 1016 3474 1072 neque
3530 1000 3605 1056 de

1957 1085 2181 1155 templo
2265 1084 2627 1155 manufacto,
2689 1085 2792 1139 sed
2867 1085 2940 1141 de
3003 1087 3249 1158 proprio
3330 1104 3601 1160 corpore.

1958 1174 2202 1246 Propter
2249 1174 2363 1229 hoc
2411 1174 2570 1229 enim
2621 1174 2799 1229 etiam
2853 1174 2966 1229 hos
3012 1175 3378 1246 evangelista
3423 1175 3605 1233 falsos

1955 1267 2131 1319 testes
2154 1263 2498 1335 appellavit.
2520 1266 2747 1319 Marcus
2763 1279 2902 1320 vero
2919 1264 3024 1320 ait:
3057 1266 3126 1320 Et
3148 1266 3382 1337 quidam
3406 1281 3611 1322 assur-

1953 1353 2179 1424 gebant,
2203 1359 2255 1408 et
2264 1353 2486 1423 falsum
2508 1353 2899 1409 testimonium
2934 1354 3217 1410 adversus
3245 1356 3419 1411 illum
3447 1357 3609 1425 fere-

1958 1443 2115 1511 bant,
2156 1443 2449 1499 dicentes:
2494 1443 2614 1499 Nos
2660 1444 2991 1499 audivimus
3054 1444 3244 1512 ipsum
3293 1444 3604 1501 dicentem.

1954 1534 2078 1604 Ego
2120 1534 2435 1590 dissolvam
2481 1534 2766 1603 templum
2822 1534 2931 1589 hoc
2972 1534 3409 1605 manu/actum,
3447 1542 3501 1590 et
3544 1535 3607 1589 in

1957 1624 2152 1679 triduo
2215 1623 2377 1679 aliud
2454 1639 2569 1678 non
2653 1624 3064 1693 manufactum
3143 1623 3449 1693 aediﬁcabo.
3526 1624 3607 1679 Et

1956 1728 2064 1769 nec
2087 1714 2165 1770 sic
2193 1713 2456 1769 idoneum
2486 1718 2613 1769 erat
2651 1715 3043 1769 testimonium
3076 1712 3319 1770 illorum
3350 1714 3417 1767 ⁸⁷.
3448 1712 3605 1770 Multi

234 1795 344 1865 γὰρ
385 1796 503 1867 περὶ
548 1800 640 1854 τῆς
690 1795 939 1855 τοιαύτης
995 1794 1286 1851 ὑποθέσεως
1338 1790 1698 1864 ἐμαρτύρουν·
1751 1786 1842 1843 δύο

1960 1802 2256 1874 siquidem
2299 1803 2373 1858 de
2424 1802 2526 1857 tali
2578 1802 2826 1858 materia
2867 1802 3254 1867 testabantur,
3294 1802 3415 1859 duo
3463 1816 3603 1858 vero

240 1879 307 1935 δέ
353 1884 731 1954 ὡμοφώνησαν,
771 1881 855 1942 οὓς
908 1878 1014 1935 εἶπε
1069 1882 1337 1942 Ματθαῖος
1364 1898 1379 1914 ο
1412 1882 1460 1931 οἱ
1491 1876 1543 1931 δ’
1563 1878 1707 1931 οἷλλοι
1738 1875 1850 1931 διε-

240 1977 465 2043 φωνουν,
530 1967 603 2023 δι’
654 1969 743 2033 οὓς
790 1974 988 2042 εἴρηκεν
1041 1972 1066 2023 ό
1113 1974 1341 2044 Μάρκος,
1392 1971 1469 2021 ὅτι
1516 1965 1639 2020 οὐδὲ
1687 1969 1847 2029 οὕτως

238 2063 337 2118 ἴση
370 2057 432 2120 ἧν
453 2061 482 2119 ἡ
513 2065 776 2135 μαρτυρία
806 2060 993 2113 αύτῶν.

322 2151 423 2203 Keil
489 2148 711 2209 ἀναστὰς
781 2180 847 2189 -
912 2148 1130 2203 ἐσιώπα,
1201 2148 1401 2200 Βλέπων
1472 2149 1561 2219 μὲν
1636 2151 1726 2199 καὶ
1784 2148 1843 2197 τὸ

244 2236 589 2313 δικαστήριον
662 2240 996 2314 παράνομον·
1054 2240 1198 2309 ἐῴκει
1400 2236 1603 2310 λῃστῶν
1658 2254 1843 2311 κριτη-

237 2333 341 2403 ρίῳ
410 2334 499 2381 καὶ
567 2336 854 2402 τυραννικῷ
921 2327 1163 2400 βήματι·
1234 2324 1385 2389 εἰδὼς
1466 2323 1525 2379 δε
1601 2331 1690 2378 καὶ
1765 2327 1844 2378 ὅτι

233 2417 414 2492 μάτην
443 2415 799 2492 ἀποκρινεῖται
826 2418 969 2490 παρὰ
998 2418 1273 2487 τοιούτοις,
1308 2416 1528 2469 ἐσιώπα.

314 2653 414 2701 Καὶ
461 2645 761 2722 ἀποκριθεὶς
819 2677 885 2687 -
939 2654 1029 2700 τοῦ
1081 2653 1235 2700 Θεοῦ.
1293 2644 1598 2721 Ἐξορκίζει,
1661 2644 1843 2718 βουλος

231 2757 386 2812 μενος
429 2737 583 2790 αὐτὸν
633 2738 707 2799 εἰς
757 2735 1038 2807 ἀπολογίαν
1091 2744 1447 2801 καταστῆσαι,
1492 2737 1594 2804 ἱνα,
1650 2738 1844 2795 ταύτης

234 2824 583 2898 δραξάμενος,
642 2824 697 2877 ἐκ
737 2829 933 2886 ταύτης
987 2834 1166 2879 τοῦτον
1205 2823 1565 2898 καταδικάσῃ.
1622 2830 1843 2897 Προστί-

239 2917 374 2973 θησι
403 2912 463 2967 δε
504 2917 586 2981 τὸ,
610 2913 671 2968 Ὀ
694 2917 813 2976 Υἱὸς
857 2922 949 2968 τοῦ
984 2922 1139 2984 Θεοῦ,
1186 2911 1328 2968 διότι
1380 2919 1469 2967 καὶ
1514 2917 1562 2967 οἰ
1605 2914 1842 2986 βασιλεῖς

240 3005 336 3054 καὶ
374 3003 424 3055 οἱ
474 3012 733 3075 προφῆται
776 3009 995 3079 χριστοὶ
1040 3002 1141 3057 ἀπο
1196 3012 1289 3056 τοῦ
1337 3006 1591 3076 χρίεσθαι
1637 3005 1841 3075 ὠνομά-

246 3089 419 3151 ζοντο.
476 3092 687 3164 Μάρκος
722 3089 782 3146 δέ
828 3113 986 3166 φησιν
1034 3095 1114 3147 ὅτι
1152 3095 1178 3146 ὁ
1225 3096 1341 3155 Υἱὸς
1390 3101 1482 3146 τοῦ
1539 3094 1839 3166 εὐλογητοῦ,

243 3181 381 3244 ἤτοι,
416 3188 507 3233 τοῦ
539 3188 692 3248 Θεοῦ,
722 3190 814 3235 τοῦ
846 3182 1147 3255 εὐλογητοῦ,
1186 3190 1275 3235 τοῦ
1308 3185 1554 3255 ὑμνητοῦ.

320 3273 473 3339 Λέγει
504 3300 569 3310 -
601 3269 761 3332 εἶπας.
799 3274 1094 3343 Κάνταῦθα,
1144 3278 1570 3347 περιαιρουμένου
1600 3281 1690 3325 τοῦ
1731 3274 1842 3345 (81)

238 3356 325 3421 Εἰ,
390 3358 823 3431 ύπολιμπάνεται,
882 3365 947 3413 σὺ
1015 3358 1060 3414 εἷ
1111 3363 1136 3412 ό
1193 3364 1446 3433 Χριστὸς,
1506 3363 1531 3413 ὀ
1584 3364 1697 3422 Υἱὸς
1752 3370 1843 3415 τοῦ

240 3450 393 3500 Θεοῦ.
444 3452 597 3519 Λέγει
643 3445 701 3501 δε
749 3452 961 3523 Μάρκος
1009 3450 1165 3503 εἰπεῖν
1213 3450 1365 3503 αὐτὸν
1413 3452 1493 3503 ὅτι
1537 3451 1668 3522 Ἐγὼ
1717 3451 1842 3524 εἰμι.

242 3534 349 3588 Καὶ
385 3536 540 3608 οἶμφω
593 3540 694 3612 γὰρ
750 3537 874 3603 εἶπε,
924 3542 991 3593 Σύ
1048 3537 1190 3599 εἶπας
1241 3541 1319 3591 ὃτι
1367 3538 1467 3611 ἐγώ
1514 3540 1641 3612 εἰμι.
1691 3546 1820 3592 Γινώ

242 3642 381 3677 σκων
432 3622 520 3678 οὖν
571 3627 652 3678 ὃτι
708 3626 765 3678 ού
814 3629 1247 3691 πιστευθήσεται,
1299 3630 1433 3700 ὅμως
1484 3631 1839 3693 κατατιθεται,

240 3713 328 3765 ἵνα
356 3718 427 3785 μὴ
481 3710 741 3767 δύνωνται
771 3715 933 3786 λέγειν
960 3717 1173 3791 ὔστερον
1204 3718 1285 3770 ὅτι
1330 3718 1390 3770 Εἰ
1428 3721 1557 3791 μετὰ
1594 3722 1652 3771 τὸ
1705 3717 1843 3790 ἔξορ-

236 3804 492 3863 κισθῆναι
514 3802 863 3876 ὡμολόγησεν,
890 3804 1270 3879 ἐπιστεύσαμεν
1296 3807 1378 3861 οἶν.

317 3998 456 4058 Πλὴν
505 4028 575 4040 ——
628 3999 865 4069 ούρανοῦ.
928 3999 1170 4074 ’Δπάρτι,
1236 3999 1350 4054 ἀντὶ
1405 4008 1517 4073 τοῦ,
1553 4006 1697 4057 Μετὰ
1748 4025 1841 4076 μι-

238 4092 387 4162 κρόν.
420 4087 573 4145 Δηλοῖ
604 4085 664 4141 δι
710 4092 795 4140 τὸν
834 4094 997 4162 μέχρι
1027 4098 1123 4152 τῆς
1170 4089 1504 4154 ἀναστάσεως
1541 4092 1700 4145 αὐτοῦ
1728 4113 1842 4145 και-

238 4182 351 4251 ρόν.
396 4176 630 4248 ’Ὁψεσθέ
672 4195 754 4249 με,
809 4182 897 4230 τὸν
946 4180 1069 4251 παρ’
1122 4181 1263 4251 ὑμῶν
1314 4180 1698 4255 ἀναιρούμενον,
1750 4203 1841 4235 κα·

241 4269 461 4337 θήμενον
516 4265 569 4317 ἐκ
628 4261 813 4328 δεξιῶν
874 4276 966 4328 τῆς
1024 4265 1293 4340 δυνάμεως
1362 4278 1454 4331 τῆς
1522 4278 1613 4323 τοῦ
1683 4280 1834 4338 Θεοῦ,

245 4354 438 4428 [ἤγουν
470 4356 601 4426 (88),
650 4358 925 4428 σύνθρονον
972 4366 1044 4428 τῷ
1085 4366 1200 4427 Θεῷ
1255 4364 1344 4411 καὶ
1401 4365 1584 4433 Πατρί.
1630 4359 1745 4414 "Era
1782 4358 1841 4414 δὲ

241 4448 337 4496 καὶ
367 4446 640 4518 ἐρχόμενον
685 4448 820 4498 κατὰ
867 4451 960 4505 τήν
992 4442 1236 4519 δευτέραν
1284 4454 1577 4522 παρουσίαν
1629 4448 1840 4503 ἐπὶτῶν

240 4532 454 4605 νεφελῶν
512 4541 602 4586 τοῦ
658 4534 897 4608 ούρανοῦ,
966 4538 1030 4596 ὡς
1082 4541 1230 4590 Θεὸν.
1284 4534 1517 4607 ’Ὀψεσθε
1572 4534 1631 4589 δὲ
1681 4537 1834 4610 εἶπεν,

240 4622 351 4694 ὀύχ
384 4625 453 4683 ὡς
502 4619 797 4696 δυναμένων
838 4624 1001 4684 οὕτως
1054 4621 1184 4677 ἰδεῖν
1235 4625 1407 4691 αὐτὸν,
1464 4624 1571 4677 ἀλλ’
1612 4628 1680 4686 ὡς
1725 4623 1839 4679 δια-

238 4717 658 4787 μαρτυρόμενος·
698 4714 727 4772 i;
779 4718 868 4766 καὶ
916 4718 1046 4787 πρὸς
1090 4718 1209 4776 τοὺς
1247 4714 1519 4787 μέλλοντας
1572 4713 1626 4777 ἐξ
1672 4715 1837 4767 αὐτῶν

1957 1893 2329 1948 concorditer
2364 1891 2656 1955 ferebant,
2695 1908 2850 1964 quos
2900 1892 3049 1947 dixit
3097 1892 3410 1948 Matthaeus
3444 1910 3458 1959 ;
3509 1891 3606 1948 alii

1954 1996 2098 2037 vero
2110 1981 2232 2037 duo
2244 1981 2481 2037 diversa
2493 1981 2588 2052 (ιι)
2602 1980 3023 2053 loquebantur,
3040 1984 3278 2052 propter
3292 1981 3445 2053 quod
3460 1980 3607 2036 dixit

1954 2071 2203 2138 Marcus,
2221 2070 2383 2143 quod
2398 2086 2510 2126 non
2528 2069 2933 2125 eratidoneum
2952 2070 3341 2126 testimonium
3354 2070 3602 2127 illorum.

2025 2163 2184 2217 Vers.
2217 2160 2305 2215 62.
2339 2161 2416 2215 Et
2445 2174 2692 2229 surgens
2723 2190 2791 2199 -—
2820 2161 2981 2215 Vers.
3014 2163 3064 2215 6.
3097 2159 3348 2216 tacebat.
3389 2160 3606 2216 Videns

1954 2254 2009 2306 et
2032 2250 2239 2323 judicii
2268 2248 2465 2306 forum
2503 2249 2780 2322 iniquum
2810 2264 2825 2315 ;
2866 2264 3007 2305 nam
3047 2248 3345 2305 latronum
3374 2248 3604 2320 judicio

1953 2340 2145 2397 simile
2184 2339 2518 2405 videbatur,
2559 2344 2617 2395 et
2652 2339 3031 2412 tyrannicum
3073 2338 3353 2394 tribunal.
3402 2338 3604 2394 Sciens

1952 2430 2132 2485 etiam
2170 2429 2336 2501 quod
2382 2427 2541 2501 apud
2580 2428 2926 2499 huiusmodi
2947 2427 3168 2485 frustra
3200 2442 3603 2501 responsurus

1953 2524 2124 2587 esset,
2155 2517 2406 2573 tacebat.

2022 2628 2180 2681 Vers.
2216 2629 2300 2681 63.
2331 2625 2408 2681 Et
2426 2625 2778 2693 respondens
2803 2656 2869 2664 —
2890 2625 3011 2680 Dei.
3046 2623 3370 2696 Adjuravit,
3394 2623 3602 2679 volens

1953 2730 2091 2770 eum
2148 2713 2225 2770 ad
2277 2713 2733 2785 responsionem
2787 2714 3100 2779 attrahere,
3158 2718 3221 2769 ut
3269 2713 3381 2768 bac
3420 2712 3597 2777 facta,

1950 2803 2112 2859 hunc
2139 2820 2210 2859 ex
2236 2819 2306 2859 ea
2323 2801 2769 2859 condemnaret.
2798 2802 3036 2858 Addidit
3054 2806 3253 2858 autem
3277 2800 3455 2857 Filius
3479 2800 3597 2865 Dei,

1952 2892 2095 2964 quia
2124 2893 2301 2948 etiam
2334 2906 2502 2962 reges
2533 2897 2587 2947 et
2612 2893 2921 2963 prophetae
2952 2891 3153 2947 cbristi
3184 2890 3538 2946 dicebantur
3567 2904 3604 2946 a

1951 2984 2225 3056 χρίεσθαι,
2266 2982 2381 3037 hoc
2419 2986 2510 3037 est
2558 2981 2717 3051 ungi.
2770 2981 3001 3036 Marcus
3050 2995 3192 3036 vero
3250 2979 3364 3036 ait:
3408 2980 3602 3035 Filius

1955 3070 2239 3129 benedicti
2262 3072 2327 3137 ⁸⁸,
2361 3072 2498 3139 sive,
2545 3070 2643 3126 Dei
2682 3070 2786 3142 qui
2813 3069 3162 3126 benedictus
3191 3074 3277 3125 est
3306 3073 3360 3126 et
3391 3068 3607 3127 lauda-

1880 3150 1920 3207 C
1953 3163 2068 3218 tus.

2024 3267 2185 3321 Vers.
2230 3267 2317 3322 64.
2359 3266 2508 3321 Dicit
2535 3298 2603 3306 —
2641 3265 2868 3322 dixisti.
2913 3265 3098 3321 Etiam
3135 3264 3230 3321 hic
3271 3264 3475 3320 ablata
3511 3264 3604 3321 di-

1954 3354 2165 3417 ctione.
2199 3356 2329 3425 An,
2356 3355 2728 3428 relinquitur,
2763 3363 2825 3408 tu
2855 3371 2908 3412 es
2944 3354 3216 3410 Christus
3256 3354 3441 3411 Filius
3473 3356 3600 3417 Det.

1953 3444 2043 3499 Ait
2068 3448 2260 3499 autem
2292 3446 2516 3499 Marcus
2535 3460 2671 3499 eum
2696 3442 2933 3509 dixisse,
2968 3445 3087 3513 Ego
3104 3459 3231 3499 sum
3256 3444 3302 3478 ⁸9
3330 3462 3343 3512 ;
3372 3448 3599 3501 utrum-

1952 3548 2070 3605 que
2100 3533 2259 3588 enim
2290 3532 2471 3594 dixit:
2512 3534 2593 3589 Tu
2634 3532 2861 3599 dixisti,
2895 3532 3054 3604 quod
3082 3547 3179 3602 ego
3212 3547 3355 3588 sum.
3399 3533 3601 3590 Sciens

1953 3637 2094 3690 ergo
2124 3621 2288 3694 quod
2324 3637 2445 3676 non
2487 3621 2819 3677 crediturus
2851 3624 3028 3684 esset,
3062 3626 3261 3676 tamen
3292 3622 3600 3679 veritatem

1952 3710 2199 3781 deponit
2235 3710 2405 3781 (mm),
2448 3726 2521 3766 ne
2559 3710 2946 3782 postmodum
2985 3710 3176 3765 dicere
3214 3715 3461 3781 possent
3494 3729 3506 3765 :
3544 3711 3599 3769 Si

1951 3803 2120 3871 poste
2134 3816 2168 3855 a
2184 3815 2367 3871 quam
2396 3799 2493 3870 adj
2503 3804 2707 3855 uratus
2728 3804 2819 3855 est
2834 3798 3138 3855 confessus
3149 3798 3371 3865 fuisset,
3402 3799 3601 3871 utique

1951 3888 2434 3944 credidissemus.

2020 4004 2183 4059 Vers.
2217 4007 2302 4061 64.
2333 4005 2740 4061 Verumtamen
2772 4032 2840 4045 -
2868 4003 3008 4067 aceti,
3043 4004 3089 4057 Α
3132 4002 3454 4068 modo,hoc
3485 4009 3596 4075 est,

1953 4096 2079 4149 Non
2106 4093 2286 4164 longo
2308 4098 2447 4165 post
2486 4097 2771 4163 tempore.
2812 4092 3115 4162 Signiﬁcat
3146 4096 3334 4148 autem
3362 4098 3601 4167 tempus

1951 4188 2089 4255 post
2135 4180 2648 4237 resurrectionem.
2705 4180 2985 4235 Videbitis
3044 4196 3140 4235 me
3192 4180 3290 4251 qui
3344 4196 3381 4236 a
3428 4180 3599 4237 vobis

1950 4272 2258 4327 interimor
2288 4270 2591 4325 sedentem
2617 4284 2652 4324 a
2682 4268 2938 4324 dexteris
2956 4268 3181 4325 virtutis
3208 4285 3343 4341 quae
3365 4275 3453 4326 est
3476 4270 3597 4339 Dei,

1951 4361 2014 4431 Η-
2054 4360 2273 4415 Eodem
2317 4358 2586 4414 videlicet
2623 4357 2839 4415 throno
2870 4374 3006 4413 cum
3042 4361 3158 4413 Deo
3197 4363 3254 4413 et
3290 4358 3479 4415 Patre.
3510 4360 3599 4416 In-

1951 4465 2132 4520 super
2161 4448 2496 4503 venientem
2527 4463 2770 4519 quoque
2801 4447 3062 4503 secundo
3090 4463 3197 4501 suo
3237 4448 3496 4504 adventu
3536 4449 3598 4505 in

1950 4537 2215 4593 nubibus
2243 4536 2372 4592 cceli
2394 4542 2682 4608 tanquam
2708 4536 2914 4591 Deum.
2958 4534 3233 4591 Videbitis
3260 4539 3462 4592 autem
3510 4538 3597 4593 di-

1948 4628 2050 4688 xit,
2083 4641 2204 4681 non
2236 4626 2400 4697 quod
2429 4626 2489 4680 hi
2519 4641 2656 4680 eum
2690 4629 2883 4681 essent
2912 4623 2991 4679 ita
3025 4623 3223 4688 visuri,
3268 4625 3369 4680 sed
3400 4630 3599 4697 prote-

1950 4720 2137 4773 status
2165 4718 2254 4771 est
2281 4714 2442 4787 quod
2472 4714 2551 4769 ita
2576 4718 2856 4769 venturus
2887 4716 3061 4778 esset,
3095 4716 3197 4768 aut
3226 4712 3304 4769 ad
3334 4712 3594 4769 eosdiri-

309 4855 357 4891 ³⁵
387 4856 558 4914 Marc.
585 4871 697 4920 xiv,
731 4858 814 4912 56.
845 4855 891 4891 ⁸⁸
931 4855 1085 4922 Psal,
1111 4872 1189 4911 x1.
1217 4856 1303 4912 36.
1333 4856 1633 4921 Marcmv,
1665 4860 1754 4922 57,
1788 4862 1871 4915 59.
1904 4858 1950 4893 ⁸⁸
1982 4860 2157 4916 Marc.
2187 4872 2301 4922 xiv,
2332 4857 2418 4910 61.
2462 4857 2508 4891 ⁸ο
2541 4853 2692 4912 Ibid.
2722 4858 2813 4911 62.

1464 4977 1691 5046 Variae
1728 4978 2059 5047 lectiones
2092 4987 2157 5045 et
2197 4985 2399 5043 notae.

308 5121 425 5192 (86)
454 5120 575 5175 Ὀτι
612 5121 824 5177 omittit
856 5120 987 5177 cod.
1025 5125 1088 5177 Α.

310 5190 424 5263 (87)
481 5192 741 5265 Refertur
772 5193 847 5250 ad
879 5193 1097 5265 priora,
1148 5192 1249 5249 ubi
1296 5192 1529 5263 legitur,
1566 5192 1607 5245 εἰ
1636 5196 1695 5245 οὺ
1738 5190 1781 5246 εἰ
1811 5194 1835 5245 ὁ

234 5268 489 5339 Χριστός)
525 5284 574 5315 κ·
608 5264 735 5339 tal-

310 5336 425 5407 (88)
449 5337 592 5402 Quae
621 5335 715 5391 hic
740 5334 1115 5401 inclusimus,
1141 5351 1210 5391 ea
1234 5335 1548 5393 Hentenius
1574 5334 1837 5392 habebat

311 5550 405 5622 (ιι)
437 5552 568 5605 Duo
597 5548 1010 5622 diversa._Duo
1039 5562 1160 5603 non
1193 5553 1279 5604 est
1308 5548 1368 5622 in
1408 5548 1627 5622 Graeco.

308 5620 474 5691 (mm)
499 5620 813 5678 Veritatem
825 5620 1831 5689 deponitAsseMltur,ait,at‘ﬁrmat.

240 5690 627 5750 Κατατίθεσθαι
653 5697 740 5749 est
761 5690 1057 5759 assentiri,
1083 5692 1482 5761 comprobare,
1507 5692 1831 5763 afﬁrmare.

1946 5122 2008 5177 in
2040 5121 2179 5187 ﬁne,
2210 5124 2340 5192 post
2368 5124 2487 5192 γενή
2500 5122 3001 5192 aopm,_tanquam
3026 5118 3319 5177 scholium
3341 5137 3411 5178 ex
3440 5138 3598 5181 mar-

1950 5194 2086 5264 gine
2117 5189 2450 5264 sui'codicts
2476 5189 2593 5247 huc
2618 5189 2893 5250 relatum.
2918 5192 3086 5250 Forte
3101 5192 3331 5252 omissa
3360 5192 3597 5254 fuerant

1945 5263 2025 5321 Ob
2055 5263 2278 5337 duplex
2306 5270 2398 5315 τοῦ
2425 5270 2577 5317 Θεοῦ.
2600 5270 2601 5273 “
3308 5270 3313 5275 ~
3406 5266 3411 5273 ι

1945 5550 2428 5623 Συγκατατίθεσθαι
2465 5548 2641 5623 habet
2670 5548 2811 5618 Luc,
2844 5564 2994 5617 XXIII,
3032 5553 3119 5617 57,
3175 5553 3229 5607 et
3266 5550 3361 5609 hic
3410 5553 3594 5623 paulo

1944 5621 2187 5678 inferius
2214 5621 2597 5697 Euthymius.
2942 5644 2947 5647 -
