4170 6334
583 294 693 351 699

1893 279 2639 345 EUTHYMHJAGABENI

3855 268 3959 327 700

586 421 748 491 gitur
784 434 979 475 sermo
1016 417 1115 490 qui
1153 432 1226 474 ex
1264 416 1350 473 eis
1393 414 1672 473 credituri
1709 417 1899 470 erant.
1942 412 2234 467 Praeterea

2345 408 2603 461 πιστεύειν
2660 405 2686 456 6
2732 402 2898 474 λόγος.
2950 404 3022 456 T6
3075 396 3134 454 δε
3190 398 3423 473 Ὀψισθε
3474 393 3632 456 δηλοῖ
3698 400 3796 449 καὶ
3876 399 3952 448 τὸ.

584 509 861 571 verbum,
913 507 1196 570 Videbitis,
1240 506 1535 576 signiﬁcat
1581 506 1785 565 etiam,
1833 501 2230 572 Cognoscetis.

588 596 733 654 Dicit
765 601 965 653 autem
1016 596 1179 668 apud
1229 599 1447 652 Lucam
1483 612 1497 652 :
1546 595 1641 651 Ea:
1673 595 1779 650 hoc
1827 598 2081 662 tempore
2122 592 2233 647 erit

585 688 772 743 Filius
789 687 1038 742 hominis
1067 686 1267 741 sedens
1294 701 1329 741 a
1359 685 1586 741 dextris
1611 684 1846 740 virtutis
1872 684 1976 739 Dei
1998 684 2092 747 9°),
2122 681 2233 736 hoc

585 781 691 841 est,
719 778 901 831 Breve
940 778 1048 831 erit
1077 782 1312 847 tempus
1341 775 1688 830 insidiarum
1716 790 1851 847 qum
1880 776 1938 829 in
1968 788 2062 827 me
2095 771 2236 826 inci-

583 870 721 922 tatas
752 870 890 931 sunt
922 881 935 931 ;
977 881 1163 936 parvo
1195 864 1355 919 enim
1395 864 1625 936 expleto
1658 869 1927 935 tempore
1966 862 2237 934 superior

585 955 863 1013 omnibus
897 954 1151 1011 inimicis
1181 954 1330 1011 meis
1358 953 1598 1010 efﬁciar.

590 1106 593 1109 _
657 1047 816 1101 Vers.
861 1050 947 1099 65.
988 1046 1145 1099 Tunc
1171 1076 1242 1085 —-
1276 1045 1512 1101 testibus
1541 1046 1569 1097 φ
1608 1043 1778 1100 Moris
1818 1045 1943 1098 erat
1989 1041 2231 1107 Judteis,

585 1149 726 1190 cum
767 1133 991 1205 aliquid
1019 1134 1179 1189 triste
1210 1133 1495 1188 vidissent
1517 1130 1605 1187 vel
1635 1131 1960 1196 audissent,
2002 1130 2236 1186 descin-

582 1222 729 1279 dere
757 1222 1115 1279 vestimenta
1140 1238 1281 1279 sua:
1317 1222 1481 1295 quod
1521 1222 1699 1277 etiam
1748 1236 1909 1276 nunc
1959 1236 2235 1275 summus

584 1310 869 1368 sacerdos
892 1311 1043 1380 fecit,
1073 1316 1359 1382 tanquam
1390 1310 1599 1366 audita
1628 1309 2003 1381 blasphemia
2029 1308 2236 1364 intole-

585 1400 782 1463 rabili.
827 1404 891 1457 Et
918 1401 1032 1457 hoc
1062 1401 1237 1468 facto,
1267 1402 1400 1457 licet
1438 1401 1677 1465 invitus,
1711 1400 1890 1456 simul
1919 1400 2236 1472 propheta-

585 1490 670 1546 vit
703 1490 870 1562 quod
907 1490 1334 1547 discindendus
1374 1497 1529 1546 esset
1567 1489 1952 1562 pontiﬁcatus
1988 1490 2017 1543 J
2038 1488 2235 1545 udaso—

584 1593 742 1635 rum.

657 1670 811 1724 Vers.
880 1671 966 1725 65.
1028 1668 1178 1725 Ecce
1215 1697 1283 1709 —
1342 1670 1504 1724 Vers.
1570 1671 1658 1724 66.
1719 1667 1998 1724 videtur?
2060 1666 2235 1723 Auxit

2343 496 2629 550 Γνὼσεσθε.
2690 497 2828 551 Φησὶ
2893 487 2953 544 δε
3006 494 3096 543 καὶ
3150 491 3176 541 6
3234 495 3444 550 Λουκᾶς
3518 490 3598 540 ὅτι
3655 488 3800 541 Ἀπὸ
3865 492 3957 536 τοῦ

2341 592 2429 637 νῦν
2511 587 2661 636 ἔσται
2712 583 2738 633 ὁ
2799 583 2915 641 Υἱὸς
2996 588 3088 632 τοῦ
3167 577 3439 652 ἀνθρώπου
3526 577 3831 648 καθήμενος
3908 571 3959 623 ἐκ

2344 671 2526 736 δεξιῶν
2574 680 2667 734 τῆς
2726 667 2995 742 δυνάμεως
3043 676 3135 721 τοῦ
3192 666 3367 740 Θεοῦ,]
3422 670 3681 731 τουτέστι,
3734 664 3960 736 Βραχὺς

2342 764 2368 814 ό
2423 764 2599 833 καιρὸς
2667 768 2763 821 τῆς
2821 758 2938 810 κατ’
2999 756 3123 830 ἐμοῦ
3186 756 3299 827 (89)
3348 753 3659 815 ἐπιϐουλῆς·
3724 750 3828 804 οὐκ
3892 750 3961 809 εὶς

2342 852 2546 925 μακρὰν
2584 852 2684 922 γὰρ
2731 846 2979 923 ἀνώτερος
3019 854 3118 898 τῶν
3162 843 3586 897 ἐπιϐουλευόντων
3629 845 3958 912 γενήσομαι.

2411 1035 2537 1081 Τοτε
2590 1057 2660 1068 -
2710 1027 3024 1101 μαρτύρων;
3086 1023 3239 1085 ’Ἐθος
3307 1029 3415 1084 τοῖς
3477 1016 3786 1083 Ἰουδαίοις,
3836 1018 3962 1069 ὅταν

2341 1137 2394 1172 τι
2431 1117 2660 1190 χαλεπὸν
2691 1120 2781 1167 καὶ
2810 1117 3021 1187 φρικτόν
3049 1110 3239 1165 ἴδωσιν
3270 1113 3298 1172 ἦ
3342 1110 3629 1175 ἀκούσωσι,
3677 1105 3885 1183 δεαρῥη
3898 1126 3962 1160 σ-

2348 1227 2452 1260 σειν
2506 1208 2572 1259 τὰ
2631 1206 2813 1278 ἱμάτια
2860 1202 3051 1272 αὐτῶν,
3116 1203 3236 1274 ὅπερ
3294 1205 3384 1253 καὶ
3436 1207 3523 1251 νῦν
3580 1200 3605 1249 ό
3672 1196 3964 1270 ἀρχιερεὺς

2342 1294 2604 1363 ἕποίησεν,
2658 1295 2723 1354 ὡς
2768 1291 2998 1353 ἀκούσας
3051 1287 3209 1350 δῆθεν
3271 1289 3611 1362 βλασφημίας
3670 1286 3770 1340 οὐκ
3852 1284 3962 1338 ἀνι-

2342 1393 2490 1447 κτῆς.
2521 1382 2663 1456 Ἅμα
2693 1379 2752 1435 δε
2799 1386 2887 1434 καὶ
2926 1383 3085 1447 οἴκων,
3133 1379 3217 1452 ἀφ’
3250 1379 3316 1429 ὧν
3348 1377 3582 1442 ἐποίησε,
3635 1380 3964 1451 προεφήτευ-

2345 1493 2447 1544 σεν,
2510 1475 2590 1525 ὅτι
2634 1469 3100 1547 διαρῥηχθήσεται
3152 1471 3181 1527 ἡ
3239 1466 3604 1543 ἀρχιερωσύνη
3659 1474 3764 1518 τῶν
3818 1465 3961 1519 Ἰου-

2345 1558 2525 1618 δαίων.

2414 1647 2525 1704 Ἴδε
2554 1680 2624 1691 --
2666 1646 2849 1715 δοκεῖς
2902 1647 3148 1711 Αὐεήσας
3205 1650 3298 1704 τὴν
3346 1649 3667 1720 κατηγορίαν
3718 1651 3820 1697 τοῦ
3873 1642 3963 1697 λε-

584 1756 764 1813 etiam
821 1772 931 1812 suo
978 1756 1138 1813 dicto
1177 1758 1644 1821 accusationem,
1698 1761 1754 1813 et
1790 1756 2233 1829 blasphemiam

2345 1741 2581 1811 χθέντος,
2623 1743 2711 1791 καὶ
2752 1737 3092 1810 βλασφημίαν
3123 1743 3276 1789 τοῦτο
3315 1734 3561 1803 καλέσας,
3615 1738 3706 1787 καὶ
3757 1753 3960 1807 προκα-

583 1860 806 1902 vocans
824 1862 1207 1918 responsum,
1231 1851 1289 1902 et
1309 1846 1657 1918 prejudicio
1682 1846 1981 1901 damnans
2001 1862 2160 1912 eum,
2179 1848 2237 1901 et

586 1936 793 1993 exinde
820 1936 1050 1992 caeteris
1083 1938 1243 1991 viam
1279 1937 1497 1992 faciens
1538 1937 1611 1991 ad
1650 1952 1787 1991 eum
1828 1936 2236 1990 condemnau-

586 2025 754 2091 dum,
781 2025 957 2098 quasi
989 2025 1212 2081 scilicet
1241 2026 1617 2081 manifestato
1643 2025 1726 2081 eis
1755 2024 1991 2093 delicto,
2017 2039 2233 2093 cogens

585 2130 689 2171 eos
740 2115 819 2171 ad
858 2116 1366 2188 pronuntiandam
1407 2114 1786 2181 sententiam,
1824 2119 1887 2170 ut
1940 2115 2020 2169 ita
2057 2113 2235 2170 robo-

584 2210 746 2262 retur
774 2204 1213 2272 condemnatio,
1242 2210 1298 2261 et
1318 2220 1389 2261 ex
1403 2205 1537 2270 hoc,
1555 2210 1841 2277 tanquam
1859 2219 2026 2260 reum
2046 2203 2235 2260 Pilato

588 2294 825 2351 tradant
851 2300 913 2351 ut
932 2295 1327 2351 iuterimatur.

658 2386 824 2440 Vers.
868 2388 954 2441 66.
996 2384 1070 2440 At
1117 2385 1217 2441 illi
1240 2416 1309 2426 —-
1350 2390 1456 2441 est.
1496 2384 1662 2451 Quod
1704 2383 1988 2440 volebant
2016 2387 2235 2439 statue-

588 2478 745 2530 runt.
787 2478 937 2530 Nam
969 2479 1247 2547 corrupta
1290 2491 1461 2530 mens
1493 2480 1837 2546 corruptam
1874 2474 1984 2530 fert
2013 2479 2069 2529 et
2105 2489 2236 2528 sen-

588 2564 854 2620 tentiam.
892 2566 1076 2621 Lucas
1106 2580 1243 2621 vero
1268 2563 1520 2636 scripsit,
1553 2564 1719 2636 quod
1749 2564 2045 2620 duxerunt
2069 2563 2234 2619 illum

587 2652 650 2706 in
676 2651 982 2708 concilium
1011 2668 1188 2708 suum
1214 2653 1501 2719 dicentes,
1536 2654 1601 2710 Si
1628 2660 1691 2707 tu
1732 2669 1785 2708 es
1817 2653 2109 2716 Christus,
2140 2652 2237 2708 dic

588 2739 770 2795 nobis.
805 2742 907 2795 Ait
929 2746 1127 2797 autem
1155 2741 1305 2797 illis:
1326 2741 1390 2797 Si
1405 2741 1608 2798 dixero
1624 2742 1799 2805 vobis,
1820 2758 1938 2797 non
1954 2742 2196 2798 credetis
2221 2758 2233 2796 :

589 2828 748 2901 quod
771 2828 821 2884 si
840 2828 1013 2884 etiam
1033 2828 1500 2899 interrogauero,
1519 2846 1636 2885 non
1650 2830 2058 2901 respondebitis
2071 2831 2234 2894 mihi,

590 2931 779 2989 neque
806 2916 1143 2973 absolvetis.
1160 2918 1377 2974 Eae/ioc
1391 2925 1641 2989 tempore
1659 2920 1770 2974 erit
1790 2919 1975 2974 Filius
1990 2920 2238 2976 hominis

590 3005 794 3063 sedens
812 3022 847 3063 a
864 3006 1092 3063 dextris
1107 3007 1335 3062 virtutis
1356 3009 1477 3064 Dei.
1500 3008 1788 3065 Dixerunt
1807 3016 2001 3065 autem
2015 3024 2205 3065 omnes
2222 3028 2235 3063 :

2341 1824 2636 1888 ταδικάσας
2664 1827 2840 1894 αὐτὸν,
2872 1831 2960 1879 καὶ
3011 1822 3130 1886 ὁδός
3174 1825 3285 1898 (90)
3340 1820 3446 1884 ἤδη
3489 1828 3579 1876 καὶ
3613 1830 3723 1884 τοῖς
3779 1822 3963 1884 ἄλλοις

2342 1918 2414 1978 εἰς
2474 1920 2532 1970 τό
2588 1913 2950 1970 καταδικάσαι
3004 1919 3281 1987 γενόμενος,
3352 1912 3552 1977 λοιπὸν,
3607 1914 3677 1973 ὡς
3731 1922 3960 1987 φανεροῦ

2342 2014 2433 2059 τοῦ
2488 2005 2929 2078 πλημμελήματος
2995 2007 3155 2072 ὄντος,

2344 2094 2730 2167 ἀποφήνασθαι,
2779 2095 2880 2158 ἵνα,
2929 2094 3256 2165 κυρωθείσης
3306 2092 3441 2144 οὕτω
3488 2099 3586 2153 τῆς
3633 2086 3957 2156 καταδίκης,

2344 2186 2625 2237 ὑπεύθυνον
2679 2182 2979 2236 ἀπεντεῠθεν
3038 2181 3192 2235 αὐτὸν
3261 2176 3546 2255 παραδοῖεν
3602 2188 3674 2251 τῷ
3743 2179 3959 2252 Πιλάτῳ

3237 2002 3522 2074 ἀναγκάζει
3600 2005 3693 2054 καὶ
3760 2001 3959 2063 αὐτοὺς

2342 2278 2475 2349 πρὸς
2524 2272 2808 2346 ἀναίρεσιν.

2416 2364 2482 2415 Οἱ
2514 2359 2669 2415 δέ-
2717 2364 2878 2418 ἐστίν.
2932 2360 3094 2434 Ὀπιρ
3147 2358 3433 2425 ἐϐούλοντο,
3485 2365 3640 2411 τοῦτο
3693 2363 3784 2410 καὶ
3836 2356 3960 2410 ἀπε-

2346 2457 2591 2524 φήναντο,
2683 2452 3063 2524 Διεφθαρμίνης
3144 2445 3232 2499 οὖν
3315 2453 3528 2518 γνώμης
3601 2442 3955 2520 διεφθαρμένη

2344 2546 2433 2593 καὶ
2484 2543 2514 2599 ἡ
2574 2538 2855 2611 ἀπόφασις.
2908 2538 2965 2590 ’0
3031 2534 3090 2590 δε
3139 2543 3346 2597 Λουκᾶς
3420 2535 3644 2610 ἔγραψεν
3700 2537 3780 2587 ὅτι
3866 2540 3957 2587 καὶ

2346 2629 2608 2701 ἀνήγαγον
2674 2628 2826 2680 αὐτὸν
2875 2627 2947 2689 εἰς
2990 2630 3048 2679 τὸ
3102 2622 3373 2699 συνέδριον
3431 2624 3622 2689 αὐτῶν,
3679 2623 3950 2694 λέγοντες“

2345 2719 2407 2772 Εἰ
2453 2723 2519 2771 σὺ
2582 2716 2628 2771 εἰ
2682 2719 2707 2770 6
2765 2719 3015 2791 Χριστὸς,
3071 2715 3177 2768 εἰπε
3235 2716 3383 2786 ἡμῖν.
3438 2715 3559 2767 Είπε
3619 2709 3677 2764 δὲ
3721 2713 3949 2772 αὐτοῖς·

2346 2809 2469 2864 Ἐὰν
2516 2807 2637 2879 ὑμῖν
2691 2810 2835 2873 εἴπω,
2899 2805 2959 2857 οὐ
3033 2809 3101 2877 μὴ
3174 2806 3526 2862 πιστεύσητεο
3575 2799 3655 2852 ἐὰν
3719 2796 3779 2851 δι
3846 2806 3943 2851 καὶ

2346 2895 2611 2969 ίρωτὴσω,
2685 2894 2743 2947 οὐ
2814 2898 2885 2966 μὴ
2972 2893 3293 2966 ἀποκριθῆτί
3362 2910 3453 2965 μοι
3520 2891 3547 2949 ἦ
3626 2887 3943 2946 ἀπολύσητε.

2347 2984 2482 3039 Ἀπὸ
2540 2993 2633 3037 τοῦ
2704 2992 2792 3035 νῦν
2850 2986 3000 3035 ἔσται
3055 2984 3080 3034 6
3138 2982 3253 3042 Υἱὸς
3318 2988 3409 3035 τοῦ
3472 2981 3742 3052 ἀνθρώπου
3791 2979 3957 3035 καθη-

586 3075 685 3150 ⁸Τιι
706 3112 832 3167 ergo
858 3111 915 3152 es
946 3095 1132 3151 Filius
1153 3098 1260 3151 Dei
1278 3098 1306 3151 ?
1329 3099 1452 3167 Ipse
1472 3113 1599 3153 vero
1620 3100 1706 3154 ait
1725 3098 1801 3153 ad
1822 3098 1969 3165 illos,
2016 3099 2121 3154 Vos
2150 3064 2237 3153 iii-

2346 3092 2513 3147 μενος,
2583 3071 2637 3125 ἐκ
2699 3068 2882 3134 δεξιῶν
2934 3080 3029 3132 τῆς
3096 3069 3367 3142 δυνάμεως
3424 3077 3517 3122 τοῦ
3581 3076 3736 3121 Θεοῦ.
3792 3064 3952 3121 Εἶπαν

590 3184 717 3240 citis
745 3186 898 3259 quod
926 3200 1029 3256 ego
1060 3201 1203 3241 sum.
1230 3188 1308 3241 At
1339 3185 1437 3243 illi
1466 3187 1775 3253 dixerunt,
1807 3187 1962 3255 Quid
1985 3188 2240 3259 amplius

589 3274 751 3330 nobis
784 3290 926 3343 opus
950 3282 1035 3330 est
1063 3275 1294 3331 testibus
1315 3280 1340 3331 .7
1369 3277 1484 3345 ipsi
1516 3277 1672 3332 enim
1711 3276 2036 3333 audivimus
2053 3292 2130 3333 ex
2144 3292 2242 3333 ore

592 3365 802 3433 eius".
822 3362 1148 3419 Verisimile
1169 3369 1259 3419 est
1278 3365 1436 3421 enim
1464 3368 1519 3420 et
1550 3381 1835 3421 summun
1868 3365 2238 3422 sacerdotem

591 3466 971 3508 consessores
1002 3452 1395 3524 interrogasse
1421 3460 1476 3509 et
1516 3454 1894 3510 examinasse
1921 3471 2075 3521 eum,
2108 3471 2241 3511 rur-

594 3556 849 3615 sumque
879 3542 1076 3613 ipsum
1104 3546 1159 3598 et
1187 3542 1266 3597 illi
1294 3548 1351 3599 et
1376 3542 1499 3598 istis
1529 3542 1932 3615 respondisse.

666 3772 857 3837 Quare
883 3777 1085 3830 autem
1107 3773 1333 3830 occulte
1363 3774 1561 3846 ipsum
1596 3789 1717 3831 non
1739 3774 2085 3831 occiderunt
2108 3775 2137 3831 ι
2159 3775 2240 3832 Ne

594 3860 811 3918 invidia
842 3864 987 3919 moti
1018 3863 1301 3919 occidisse
1331 3880 1469 3919 eum
1520 3864 1876 3920 viderentur.
1912 3865 2243 3922 Studebant

594 3966 736 4021 ergo
767 3952 1002 4025 publice
1030 3954 1191 4011 illum
1234 3959 1522 4026 tanquam
1555 3953 1894 4010 maleficum
1924 3956 2196 4011 occidere
2225 3971 2237 4008 :

594 4042 842 4113 perdere
890 4041 1144 4098 nitentes
1197 4043 1541 4113 opinionem
1590 4058 1775 4116 quam
1823 4043 1897 4098 de
1943 4060 2015 4099 eo
2055 4044 2241 4099 turbas

593 4135 1007 4200 conceperant.
1036 4131 1175 4185 Ideo
1200 4131 1379 4186 etiam
1399 4131 1716 4202 petierunt,
1742 4137 1803 4187 ut
1832 4132 2244 4202 cruciﬁgerent

593 4234 734 4273 eum
759 4234 772 4272 :
806 4222 864 4274 et
890 4217 1068 4273 simul
1098 4234 1234 4274 cum
1262 4233 1333 4274 eo
1354 4218 1612 4276 latrones
1642 4220 2079 4277 crueiﬁxeruut.
2115 4222 2242 4277 Edi-

593 4320 768 4361 verso
796 4310 993 4361 autem
1017 4306 1240 4363 factum
1271 4311 1564 4380 estquam
1591 4307 1672 4364 illi
1694 4314 2063 4381 optaverant.
2092 4314 2241 4369 Nam

594 4393 736 4467 quia
769 4393 1002 4467 publice
1047 4394 1440 4467 interemptus
1491 4403 1596 4462 est,
1645 4398 1837 4468 magis
1880 4400 2243 4472 resplenduit

594 4482 785 4555 gloria
836 4484 988 4555 ejus.
1040 4487 1415 4558 Rursumque
1458 4486 1517 4541 in
1554 4486 1827 4559 sepulcro
1859 4489 2051 4561 sigilla
2090 4490 2243 4545 mili-

596 4578 843 4647 tumque
882 4574 1155 4632 custodia
1185 4574 1493 4632 veritatem
1542 4578 1736 4648 magis
1775 4578 2056 4651 effulgere
2099 4580 2244 4635 fece-

592 4669 753 4722 runt.

668 4755 825 4809 Vers.
861 4757 947 4809 67.
974 4754 1138 4810 Tunc
1168 4785 1235 4795 —
1265 4754 1402 4824 ejus.
1437 4758 1701 4825 Horreto,
1727 4756 1940 4812 cmlum
1976 4760 2032 4812 et
2067 4761 2237 4822 terra,

594 4844 993 4915 universaque
1021 4848 1306 4909 creatura,
1338 4844 1398 4899 in
1429 4860 1613 4916 quam
1631 4844 1866 4910 faciem,
1890 4861 2075 4918 quam
2094 4846 2241 4901 intu-

594 4932 786 4989 lerunt
814 4931 1114 5003 injuriam.

668 5022 826 5077 Vers.
852 5025 941 5076 67.
968 5021 1045 5076 Et
1075 5051 1132 5063 --
1186 5019 1349 5076 Vers.
1400 5021 1488 5078 68.
1533 5022 1631 5093 qui
1658 5029 1711 5079 te
1736 5024 2064 5096 percussit?
2094 5026 2241 5093 Quia

669 5198 719 5234 '0
746 5197 889 5254 Luc.
919 5214 1056 5264 xxu,
1091 5197 1176 5255 69.
1213 5200 1256 5236 ⁹¹
1290 5201 1426 5255 Luc.
1461 5214 1598 5267 xxu,
1625 5201 1810 5258 66-71.

2349 3160 2408 3217 δὲ
2438 3164 2653 3223 πάντες·
2706 3169 2771 3213 Συ
2823 3161 2911 3213 οὖν
2952 3160 2994 3213 εἰ
3044 3161 3071 3217 6
3118 3162 3238 3220 Υἱὸς
3266 3168 3357 3212 τοῦ
3414 3164 3574 3220 Θεοῦς
3619 3157 3677 3209 ’0
3737 3154 3797 3209 δὲ
3828 3161 3953 3230 πρός

2347 3252 2535 3315 αὐτοὺς
2614 3254 2705 3323 ἔφη
2737 3267 2751 3281 '
2806 3249 2975 3323 Ὑμεῖς
3020 3249 3187 3321 λέγετε
3253 3251 3334 3301 ὅτι
3390 3246 3492 3320 ἐγώ
3566 3248 3692 3319 εἰμι.
3761 3248 3829 3299 Oi
3900 3243 3959 3298 δε

2348 3344 2505 3395 εἶπον·
2580 3346 2643 3393 Τί
2728 3342 2802 3392 ἔτι
2876 3343 3063 3411 χρείαν
3138 3341 3325 3410 ἔχομεν
3410 3342 3735 3411 μαρτυρίαςς
3809 3335 3958 3387 αὐτοὶ

2344 3434 2445 3503 γὰρ
2522 3430 2821 3501 ἠκούσαμεν
2903 3426 3002 3479 ἀπὸ
3064 3434 3157 3479 τοῦ
3242 3430 3499 3499 στόματος
3564 3426 3744 3477 αὐτοῦ.
3809 3424 3961 3483 Εἰκὸς

2344 3522 2446 3595 γὰρ
2528 3524 2617 3570 καὶ
2678 3521 2766 3569 τὸν
2825 3515 3094 3591 ἀρχιερέα,
3179 3519 3269 3568 καὶ
3324 3518 3442 3575 τοὺς
3520 3511 3961 3588 συνεδριάζοντας

2347 3606 2603 3682 ἐπερωτᾷν
2632 3611 2723 3658 καὶ
2763 3604 3051 3679 ἀνακρίνειν
3090 3603 3267 3671 αὐτὸν,
3317 3603 3472 3656 πάλιν
3510 3622 3565 3655 τε
3621 3602 3777 3655 αὐτὸν
3826 3604 3959 3653 ἀπο-

2346 3698 2615 3771 κρίνεσθαι
2644 3700 2733 3747 καὶ
2756 3697 2881 3765 πρὸς
2911 3693 3117 3760 ἐκεῖνον,
3145 3697 3234 3745 καὶ
3261 3696 3393 3767 πρὸς
3432 3691 3643 3754 αὐτοὺς.

2421 3787 2524 3840 Καὶ
2573 3781 2719 3836 διατί
2765 3788 2837 3856 μὴ
2907 3784 3071 3855 λάθρα
3122 3789 3302 3834 τοῦτον
3360 3780 3591 3846 ἀνεῖλον;
3639 3782 3734 3833 Διὰ
3777 3783 3837 3831 τὸ
3881 3784 3957 3851 μὴ

2350 3871 2505 3937 δόξαι
2560 3876 2696 3926 κατά
2752 3874 2935 3946 φθόνον
2984 3871 3138 3923 αὐτόν
3192 3869 3399 3924 ἀνελεῖν.
3457 3866 3818 3932 Ἐσπούδάζον
3869 3866 3960 3920 οὖν

2350 3960 2589 4035 δημοσίᾳ
2650 3970 2830 4014 τοῦτον
2892 3964 2959 4023 ὡς
3011 3967 3301 4033 κακοῦργον
3360 3958 3709 4032 ἀναιρεθῆναι,
3770 3978 3962 4031 μηχα-

2347 4058 2559 4125 νώμενοι
2600 4049 2805 4123 βλάψαι
2841 4054 2935 4107 τὴν
2976 4048 3234 4119 ὑπόληψιν
3289 4047 3468 4102 αὑτοῦ.
3520 4050 3614 4100 Διά
3650 4054 3803 4100 τοῦτο
3854 4051 3957 4121 γὰρ

2348 4146 2438 4194 καὶ
2487 4147 2697 4212 σταυρῷ
2746 4146 2924 4191 τοῦτον
2979 4136 3311 4211 ἀναιρεθῆναι
3373 4137 3660 4201 ἠτήσαντο,
3710 4141 3800 4187 καὶ
3858 4135 3958 4207 λη-

2351 4232 2475 4289 στὰς
2540 4228 2679 4298 αὐτῷ
2741 4229 3196 4299 συνεσταύρωσαν.
3275 4228 3453 4297 Γέγονε
3518 4222 3576 4277 δι
3638 4228 3957 4291 τούναντίον,

2349 4316 2426 4379 οἷς
2492 4315 2778 4369 ἐϐούλοντο.
2862 4320 3104 4387 Δημοσίᾳ
3163 4316 3262 4387 γάρ
3334 4315 3701 4387 ἀναιρεθέντος,
3764 4312 3958 4385 μᾶλλον

2350 4405 2629 4478 ἐξέλαμψεν
2678 4406 2708 4462 ἡ
2762 4400 2894 4466 δόξα
2968 4404 3147 4459 αὐτοῦ.
3212 4408 3311 4457 Καὶ
3373 4400 3457 4455 ἐπὶ
3528 4410 3619 4455 τοῦ
3676 4402 3841 4474 τάφου
3901 4397 3958 4455 δε

2349 4494 2501 4547 πάλιν
2566 4495 2622 4546 αἱ
2700 4488 2990 4565 σφραγῖδες
3046 4498 3135 4544 καὶ
3224 4492 3253 4549 ἡ
3336 4490 3684 4564 παραφυλακὴ
3762 4489 3955 4563 μᾶλλον

2353 4580 2654 4655 διαλάμψαι
2683 4586 2777 4640 τὴν
2807 4580 2900 4639 ἀλή
2913 4583 3050 4634 θειαν
3077 4584 3419 4638 πεποιήκασι.

2420 4763 2546 4812 Τότε
2589 4790 2657 4800 —
2700 4757 2878 4811 αὐτοῦ.
2940 4758 3142 4833 Φρίξον,
3198 4756 3379 4832 οὗρανὶ
3429 4760 3517 4809 καὶ
3556 4765 3623 4827 γῆ
3674 4762 3763 4808 καὶ
3823 4758 3954 4827 σύμ-

2350 4867 2499 4899 πασα
2554 4852 2743 4912 κτίσις,
2794 4846 2866 4908 εἰς
2914 4847 3017 4899 οἷον
3059 4851 3337 4922 πρόσωπον
3394 4847 3506 4899 οἷαν
3562 4844 3780 4918 ἀτιμίαν
3834 4844 3957 4903 ἕπη-

2388 4956 2513 4992 ανον
2546 4937 2559 4992 l

2388 4957 2421 4989 α
2458 4957 2513 4989 ον
2547 4957 2559 4992 ι

2349 4957 2383 5009 7
2423 4957 2526 5079 ῖςαὶ
2573 5056 2640 5068 -
2701 5030 2900 5088 παίσας
2958 5039 3049 5092 σε;
3112 5024 3247 5077 Ἐπεὶ
3307 5022 3445 5098 παρὰ
3500 5022 3705 5084 πολλοῖς
3759 5030 3956 5099 προφη-

1844 5380 2065 5449 Varias
2094 5381 2417 5450 lectiones
2449 5390 2515 5449 et
2554 5390 2750 5448 nolaa.

697 5570 785 5644 89)
820 5569 945 5623 Κατ’
976 5568 1081 5644 ἔμε.
1113 5570 1256 5644 Cod.
1289 5572 1354 5626 Α.

697 5570 764 5625 89
820 5570 945 5623 Κατ’
976 5570 1081 5644 ἔμε.
1113 5570 1256 5627 Cod.
1289 5572 1354 5626 Α.
2226 5572 2229 5573 ⁷

671 5570 785 5716 θοοὶ
821 5644 1040 5699 Durum
1071 5642 1525 5716 quodammodo
1556 5646 1613 5697 τὸ
1642 5641 1786 5706 ὁδός,
1827 5646 2022 5705 Malim
2055 5645 2246 5720 ὁδηγός

2354 5577 2610 5650 Uterque
2641 5581 2841 5633 tamen
2874 5574 3059 5650 codex
3097 5574 3392 5632 consentit
3422 5574 3481 5631 in
3512 5571 3652 5637 ὁδός.
3689 5576 3958 5635 Heutenii

2352 5646 2753 5722 interpretatio
2782 5646 3071 5719 ambigua
3097 5652 3211 5704 est.
