4170 6334
217 324 341 384 701
1184 328 1564 390 COMMENT.
1610 328 1685 387 IN
1722 327 1820 386 MA

1944 330 2172 391 mum.
2216 364 2279 376 —
2323 334 2484 393 CAP.
2534 336 2736 395 xxvr.
3498 332 3605 391 702

218 468 333 514 της
389 450 607 526 Mm,
661 450 935 517 διέπαιζον
992 454 1170 523 αὐτὸν,
1225 458 1296 519 ὡς
1366 451 1814 529 ψευδοπροφήτην

1945 472 1983 513 a
2012 457 2213 514 multis
2236 459 2523 533 propheta
2543 462 2871 529 dicebatur,
2889 459 3284 521 verberabant
3304 476 3446 519 eum
3471 464 3603 518 tan-

220 543 687 614 Περικαλύψαντες
740 548 841 617 γὰρ
927 545 1116 617 ίματίῳ
1190 548 1249 597 τό
1322 549 1601 617 πρόσωπον
1653 543 1813 596 αὐτοῦ

1945 562 2128 619 quam
2155 547 2361 604 falsum
2380 550 2755 622 prophetam,
2786 552 2932 609 facie
2953 555 3082 622 ejus
3108 556 3275 608 veste
3302 555 3594 614 contecta,

219 634 372 705 πρὸς
413 636 471 684 τὸ
526 637 597 705 μὴ
647 633 876 705 βλέπειν,
925 637 996 698 ὡς
1046 637 1255 710 Μάρκος
1296 638 1387 687 καὶ
1429 640 1632 692 Λουκᾶς
1675 630 1813 686 εἷπον

1946 651 2021 691 ne
2059 637 2303 703 videret,
2352 639 2521 695 slcuti
2581 641 2814 697 Marcus
2863 645 2920 697 et
2967 644 3153 697 Lucas
3190 641 3470 697 dixerunt
3526 642 3597 705 ⁰²,

216 728 386 774 τοῦτο
547 720 872 795 έκολοξφιζον,
929 731 1082 777 τοῦτο
1130 720 1189 777 δι
1244 722 1541 799 έῤῥοίπιζον,
1589 721 1814 793 λέγοντες

1946 726 2111 780 Nunc
2150 731 2343 783 antem
2383 727 2713 794 credebant,
2755 744 2915 785 nunc
2946 745 3085 785 vero
3130 729 3331 802 alapas
3370 729 3602 785 dabant

224 815 607 882 Προφήτευσον
691 814 838 884 ἡμῖν,
917 816 1132 885 Χριστε,
1208 818 1288 875 τίς
1360 812 1501 865 έστιν
1560 813 1585 864 ὁ
1638 816 1820 864 παίσαι

1944 811 2206 868 dicentes
2241 831 2253 870 :
2278 816 2638 885 Prop/tetiza
2664 818 2849 882 nobis,
2875 818 3123 883 Christe,
3152 821 3284 891 quis
3310 824 3394 874 est
3422 818 3526 889 qui
3545 822 3601 873 te

220 917 289 951 σε
323 917 337 967 ;
368 902 524 954 Ἐστι
583 897 644 953 δὲ
695 905 1015 974 κολαφιομὸς
1066 906 1156 975 μεν
1205 906 1264 955 τὸ
1328 906 1498 955 παίειν
1554 904 1689 955 κατὰ
1743 908 1820 953 τοι

1944 903 2226 971 percussit
2254 903 2283 958 ?
2313 906 2411 960 Est
2446 910 2638 961 autem
2668 907 2959 979 colaphus
2993 907 3324 963 verberatio
3367 923 3505 980 quae
3534 906 3598 961 in

209 987 506 1061 τραχήλου
548 989 698 1062 κοίλῃ
748 990 875 1063 ἀφῇ,
933 994 1064 1066 πρὸς
1111 995 1169 1044 τὸ
1219 998 1382 1045 ποιεῖν
1434 991 1602 1063 ψόφον
1634 1011 1648 1025 ο
1680 991 1820 1064 ῥαπι-

1944 990 2096 1047 οοΙΙο
2114 992 2179 1046 ﬁt
2199 1008 2386 1049 vacua
2402 994 2533 1066 (nn)
2548 1010 2732 1051 manu
2752 1002 2814 1050 ut
2827 1011 3046 1051 sonum
3069 996 3207 1053 edat
3227 1014 3240 1050 :
3262 995 3441 1067 alapa
3458 1010 3598 1052 vero

215 1080 367 1148 σμὸς
399 1074 459 1130 δι
486 1081 544 1130 τὸ
574 1084 745 1133 παίειν
774 1083 910 1132 κατὰ
937 1088 1034 1133 τοῦ
1063 1086 1369 1151 προσώπου.

1944 1077 2003 1134 in
2046 1079 2257 1138 faciem
2290 1083 2489 1139 datur.

299 1168 447 1222 una
501 1170 602 1241 γὰρ
632 1172 725 1227 τὴν
768 1165 954 1223 ἄδικον
1006 1166 1319 1240 καταδίκην,
1374 1173 1442 1232 ὡς
1488 1169 1671 1242 ἄτιμόν
1717 1188 1820 1221 τινο

2010 1188 2147 1241 Post
2172 1186 2455 1259 injustam
2512 1190 2671 1246 enim
2702 1191 3268 1248 condamnationem
3307 1194 3598 1262 tanquam

215 1258 321 1306 καὶ
364 1254 477 1327 (91)
528 1257 920 1330 τριωϐολιμαῖον
971 1258 1207 1319 λαϐόντες
1252 1262 1409 1332 μέσον
1440 1259 1615 1323 αὑτὸν,
1655 1260 1704 1310 οἰ
1742 1261 1820 1329 μὶν

1944 1254 2248 1347 abjectum
2271 1280 2609 1351 quempiam
2642 1286 2699 1336 et
2724 1281 3124 1337 ’triobolarem
3172 1281 3234 1337 in
3266 1254 3462 1336 medio
3501 1295 3606 1337 su-

214 1348 410 1395 πᾶσαν
463 1345 535 1405 είς
590 1345 744 1398 αὑτὸν
802 1343 1145 1400 ἐνεδείκνυντο
1197 1352 1490 1422 παροινίαν,
1547 1348 1640 1399 οὐκ
1697 1345 1820 1399 έλεύ-

1944 1343 2188 1433 mentes,
2230 1343 2560 1439 hi-quid-em
2599 1369 2898 1443 quidquid
2939 1370 3000 1426 in
3043 1370 3291 1426 buccam
3322 1370 3600 1426 veniebat

220 1431 377 1503 θεροι
430 1436 602 1504 μόνον,
651 1433 779 1487 ἀλλά
824 1440 914 1488 καὶ
973 1432 1173 1505 δοῦλοι,
1204 1441 1294 1489 καὶ
1332 1441 1579 1489 παντοίαν
1633 1435 1820 1489 έκίνοω

1944 1431 2470 1512 debaccbabantur
2497 1457 2558 1513 in
2606 1431 2918 1523 eum-non
2964 1459 3132 1515 liberi
3163 1458 3376 1527 solum,
3405 1459 3511 1514 sed
3540 1463 3598 1515 et

212 1520 347 1572 κατ’
420 1524 581 1575 αὐτοῦ
646 1530 854 1597 μανίαν,
921 1528 1011 1577 καὶ
1062 1521 1232 1588 ἡδέως
1283 1534 1379 1587 τῆς
1424 1525 1615 1588 λύττης
1668 1524 1820 1597 ένεφο-

1944 1543 2089 1598 servi
2130 1561 2144 1600 :
2174 1544 2270 1600 alii
2297 1561 2433 1601 vero
2465 1547 2880 1604 omnimodam
2910 1548 3198 1604 adversus
3229 1564 3368 1603 eum
3397 1563 3595 1605 move-

213 1616 413 1684 ροῠντο
441 1626 456 1642 ο
502 1613 529 1663 ὁ
562 1608 622 1665 δι
671 1615 840 1665 πάντα
873 1612 1260 1686 μεγαλοψύχως
1288 1616 1520 1688 ὑπέμενε,
1555 1611 1590 1667 δ
1596 1611 1820 1667 ιδοὶσκωι

1944 1630 2085 1688 bant
2106 1632 2423 1702 insaniam,
2449 1636 2854 1709 gaudentique
2874 1638 3081 1693 animo
3104 1637 3335 1693 rabiem
3359 1652 3595 1692 evome—

217 1698 535 1771 ἀνέχεσθαι.
596 1702 698 1757 Καὶ
754 1698 815 1760 ἦν
868 1702 993 1772 παρ’
1042 1701 1253 1766 έκείνοις
1304 1706 1413 1777 μεν,
1446 1707 1629 1765 κακίας
1675 1705 1820 1778 ὑπερ-

1944 1722 2103 1779 bant.
2174 1724 2450 1781 Universa
2489 1730 2687 1781 autem
2730 1743 2955 1797 magno
3014 1726 3220 1782 animo
3269 1726 3597 1782 sustinebat

215 1786 379 1859 ϐολὴ,
404 1791 551 1864 παρά
578 1792 745 1863 τούτῳ
775 1787 811 1843 δ
815 1794 857 1856 ι,
886 1788 1228 1854 ἀνεξικακίας.

1944 1811 2157 1867 docens
2186 1828 2297 1869 nos
2349 1814 2598 1884 injurias
2660 1786 2930 1871 tolerai'e.
2963 1817 3029 1871 Et
3057 1820 3183 1872 erat
3239 1816 3404 1887 apud
3456 1814 3595 1872 illos

1933 1900 2256 1957 vehemens
2287 1902 2590 1973 pravitatis
2629 1902 3017 1971 abundantia,
3065 1905 3237 1977 apud
3265 1904 3425 1960 hunc
3451 1919 3594 1960 vero

1932 1988 2265 2047 tolerantia.

2003 2080 2100 2133 Est
2122 2084 2320 2135 autem
2352 2078 2743 2137 admiratione
2769 2081 3044 2151 dignum,
3092 2082 3402 2155 quomodo
3425 2097 3599 2138 evan-

1932 2167 2151 2237 gelistae
2190 2172 2477 2241 tanquam
2533 2170 2793 2226 veritatis
2832 2177 3154 2239 amatores,
3215 2187 3346 2244 qum
3413 2170 3591 2228 etiam

1933 2257 2194 2312 maxime
2243 2257 2529 2325 probrosa
2582 2259 2870 2325 videntur,
2931 2260 3212 2323 referunt,
3270 2265 3325 2315 et
3397 2274 3595 2332 neque

1930 2346 2146 2401 Iudam
2177 2352 2279 2402 aut
2306 2348 2547 2403 Judaaos
2576 2354 2865 2420 tanquam
2894 2349 3168 2404 inimicos
3196 2349 3480 2405 conviciis
3509 2348 3594 2405 la-

1933 2441 2202 2491 cessunt:
2225 2452 2417 2509 neque
2440 2438 2800 2506 Magistrum,
2828 2443 3117 2509 tanquam
3137 2444 3594 2510 praeceptorem:

1932 2525 2252 2580 sublimem
2283 2525 2550 2590 eﬁ'erunt,
2586 2527 2692 2582 sed
2730 2527 2903 2599 quasi
2957 2526 3120 2582 nullo
3173 2527 3318 2583 moti
3376 2527 3592 2584 affectu

1933 2613 2139 2669 omnia
2175 2620 2441 2681 narrant,
2475 2631 2545 2671 ac
2592 2615 2775 2671 solius
2808 2631 3018 2671 curam
3049 2615 3273 2672 habent
3303 2616 3587 2682 veritatis,

1934 2708 1992 2759 et
2012 2703 2235 2776 ubique
2264 2704 2343 2760 ad
2364 2703 2424 2760 id
2449 2706 2607 2776 quod
2634 2720 2725 2760 res
2754 2704 3013 2775 postulat
3052 2720 3113 2760 se
3145 2704 3479 2761 conferunt.

290 2038 473 2104 ’Δξιον
522 2035 581 2094 δι
646 2042 915 2113 θαυμάσαι
970 2046 1060 2096 καὶ
1104 2046 1221 2105 τοὺς
1277 2043 1665 2116 εὐαγγελιστὰς,
1714 2052 1824 2105 πῶς

209 2134 307 2183 καὶ
363 2132 428 2183 τὰ
503 2126 760 2184 δοκοῦντα
834 2129 1170 2186 έπονείδιστα
1238 2133 1524 2206 φιλαληθῶς
1581 2133 1822 2206 ἐπαγγέλ-

204 2217 393 2287 λουσι,
444 2224 534 2272 καὶ
583 2224 701 2275 οὔτε
756 2224 843 2274 τὸν
902 2217 1105 2276 Ἰούδαν
1162 2227 1192 2283 ἦ
1251 2228 1374 2286 τοὺς
1424 2220 1717 2285 Ἰουδαίους
1753 2227 1822 2286 ὡς

209 2306 445 2382 έχθροὺς
500 2304 873 2385 διασύρουσιν,
925 2314 1043 2364 οὔτε
1088 2316 1174 2364 τὸν
1204 2309 1529 2366 Διδάσκαλον
1569 2316 1637 2377 ὡς
1668 2309 1822 2367 διδα-

215 2396 414 2451 σκαλον
466 2396 693 2469 ὑψοῡσιν
727 2415 740 2428 ο
793 2397 901 2451 ἀλλ’
958 2398 1168 2462 ἀπαθῶς
1231 2402 1447 2455 ἅπαντα
1486 2399 1818 2474 διηγοῦνται,

213 2491 312 2540 καὶ
359 2491 521 2558 μόνης
576 2496 670 2549 τῆς
714 2486 958 2551 ἀληθείας
1008 2491 1365 2563 φροντίζουσι,
1420 2497 1508 2545 καὶ
1546 2498 1823 2563 πανταχοῦ

215 2580 458 2648 γίνονται
483 2584 578 2639 τῆς
606 2581 815 2652 χρείας.

411 2801 555 2849 ΚΕΦ.
589 2793 697 2860 Ξς·’.
736 2799 861 2870 Περὶ
890 2802 987 2857 τῆς
1020 2793 1275 2870 ἀρνήσεως
1303 2802 1394 2848 τοῦ
1427 2799 1643 2871 Πέτρου.

2290 2838 2447 2896 CAP.
2473 2838 2652 2894 LXVI.
2684 2839 2766 2895 De
2790 2840 3101 2910 negatione
3150 2839 3328 2896 Petri.

296 2906 341 2952 Ο
388 2897 447 2954 δι
495 2905 684 2976 Πέτρος
738 2934 803 2944 -
859 2906 911 2955 τί
947 2901 1123 2973 λέγεις.
1184 2907 1385 2967 Σκόπει,
1445 2912 1550 2964 πῶς
1597 2906 1683 2956 τὸν
1722 2906 1820 2978 πρὸ

2003 2949 2167 3004 Vers.
2198 2947 2287 3003 69.
2323 2948 2532 3003 Petrus
2558 2952 2756 3003 autem
2788 2977 2855 2986 —
2906 2948 3062 3002 Vers.
3096 2950 3189 3003 70.
3228 2946 3376 3018 quid
3400 2946 3584 3004 dicas.

1931 3036 2076 3093 Vide
2100 3036 2410 3110 quomodo
2436 3052 2594 3103 eum,
2628 3036 2729 3109 qui
2756 3035 2934 3108 paulo
2968 3039 3104 3092 ante
3152 3036 3304 3091 adeo
3330 3052 3458 3093 sese
3489 3037 3588 3107 ja-

1851 3133 1890 3191 C
1931 3126 2152 3195 ctabat,
2179 3126 2415 3182 inﬁrma
2436 3124 2719 3181 ansillula
2739 3130 3159 3197 praeceptorem
3182 3140 3401 3197 negare
3429 3126 3587 3194 fecit,

1930 3220 2133 3288 utpote
2163 3214 2364 3271 divina
2392 3213 2743 3270 destitutum
2776 3213 2995 3283 gratia.

2000 3306 2161 3359 Vers.
2176 3304 2239 3357 71
2256 3346 2270 3360 .
2294 3304 2443 3359 Cum
2460 3308 2656 3358 autem
2668 3303 2868 3359 exisset
2887 3334 2946 3343 —-
2960 3301 3121 3357 Vers.
3137 3305 3226 3356 72.
3249 3301 3575 3358 Hominem.

218 2997 418 3062 μικροῦ
511 2988 797 3047 τηλικαῦτα
857 2992 1342 3064 μεγαλαυχήσαντα
1431 2990 1821 3067 θεραπαινίδιον

220 3074 435 3140 ἀσθενὲς
467 3077 735 3147 έπτόησεν,
781 3081 851 3143 ὡς
899 3082 997 3132 ὑπό
1037 3090 1127 3142 τῆς
1169 3083 1304 3143 θείας
1334 3083 1553 3155 χάριτος
1605 3081 1820 3155 έγκατα-

214 3164 507 3239 λειφθέντα.
1414 3174 1415 3177 “

295 3255 589 3320 Ἑξελθόντα
644 3255 702 3311 δε
774 3257 930 3311 αὐτὸν
1011 3291 1078 3299 -
1146 3262 1234 3312 τὸν
1320 3261 1607 3336 ἄνθρωπον.
1687 3262 1814 3316 ψεῡέ

218 3345 307 3397 οἱα
356 3341 595 3405 διέθηκεν
629 3347 784 3400 αὐτὸν
817 3348 841 3399 ὁ
874 3346 1047 3420 φόϐος.
1082 3348 1158 3400 Οὐ
1206 3353 1358 3421 μόνον
1400 3352 1501 3424 γὰρ
1533 3352 1816 3426 ἠρνήσατο,

220 3431 351 3486 ἀλλὰ
394 3440 484 3488 καὶ
530 3436 642 3509 μεθ’
696 3439 870 3512 ὅρκου.
906 3437 1119 3500 Ἐξῆλθε
1169 3434 1246 3504 δὲ,
1276 3442 1369 3490 οὐκ
1398 3439 1494 3502 ἔξω
1522 3447 1613 3492 τοῦ
1656 3440 1819 3493 πυλῶ-

219 3544 322 3588 νος,
378 3522 487 3576 ἀλλ⁹
568 3524 636 3588 εἰς
699 3530 785 3578 τὸν
838 3525 1064 3595 πυλῶνα,
1122 3531 1409 3592 τουτέστιν,
1464 3534 1534 3591 είς
1590 3532 1645 3581 τὸ
1693 3550 1819 3604 προ-

222 3612 420 3683 αὐλιον,
451 3616 522 3677 ὡς
553 3616 579 3667 ὁ
608 3617 819 3689 Μάρκος
847 3611 974 3670 εἶπε.

1930 3392 2048 3447 lleu
2075 3391 2323 3464 qualem
2352 3390 2608 3446 reddidit
2646 3390 2757 3461 (oo)
2786 3406 2925 3445 eum
2957 3390 3130 3446 timor
3171 3389 3183 3443 ι
3219 3392 3344 3447 Non
3391 3390 3587 3449 solum

1927 3480 2086 3538 enim
2119 3481 2377 3551 negavit,
2435 3480 2541 3537 sed
2570 3480 2748 3536 etiam
2798 3496 2935 3535 cum
2982 3480 3341 3551 juramento.
3400 3480 3589 3538 Exivit

1926 3577 2127 3628 autem
2156 3586 2278 3627 non
2304 3574 2467 3627 extra
2515 3568 2894 3634 vestibulum,
2947 3569 3047 3624 sed
3084 3568 3146 3624 in
3200 3568 3583 3635 vestibulum,

1925 3660 2041 3717 hoc
2069 3664 2175 3726 est,
2209 3659 2471 3730 priorem
2501 3658 2633 3715 atrii
2667 3664 2919 3732 partem.
2953 3661 3101 3715 Nam
3134 3661 3362 3717 Marcus
3390 3661 3584 3732 προαύ-

1925 3749 2032 3802 λιον
2067 3750 2241 3804 dixit.

296 3830 438 3880 Μετά
504 3830 688 3901 μικρὸν
754 3859 824 3869 -
880 3831 967 3881 τὸν
1028 3830 1314 3902 ἄνθρωπον.
1383 3828 1441 3881 Ὀ
1499 3825 1558 3883 δι
1609 3831 1817 3901 Μάρκος

365 3916 376 3932 .
495 3917 1129 3932 .-.....,.-
1257 3914 1279 3932 εν
1411 3918 1678 3932 .....

1999 3859 2157 3912 Vers.
2183 3860 2273 3912 '73.
2300 3856 2371 3911 Et
2398 3860 2524 3924 post
2548 3855 2832 3926 pusillum
2864 3884 2929 3895 —
2958 3857 3115 3910 Vers.
3148 3858 3240 3911 74.
3271 3854 3583 3912 Hominem

219 3916 442 3992 ἔγραψεν
488 3918 566 3970 ὅτι
616 3922 717 3971 Καὶ
766 3921 868 3991 ’γὰρ
914 3917 1177 3979 Γαλιλαῖος
1232 3916 1292 3982 εἶ,
1339 3923 1428 3970 καὶ
1458 3920 1487 3977 ἡ
1529 3918 1680 3971 λαλιά
1721 3938 1815 3971 σου

1944 3948 2151 4003 [arcus
2178 3948 2375 4001 autem
2398 3916 2586 3999 dixit}
2612 3944 2758 3999 Nam
2789 3950 2842 3999 et
2871 3941 3161 3999 Galilceus
3183 3951 3328 4007 es,et
3354 3943 3586 4015 loquela

218 4007 458 4077 ὁμοιάζει
487 4022 498 4034 ·
531 4005 677 4079 εἶχον
710 4010 811 4081 γάρ
861 4026 911 4059 τι
961 4009 1277 4082 παράσημον
1331 4007 1512 4068 στολῆς
1564 4010 1613 4061 οἱ
1662 4007 1817 4061 Γαλι-

1944 4042 2027 4090 ‘ua
2068 4033 2339 4091 convenit
2368 4035 2439 4091 ".
2472 4032 2786 4089 Habebant
2814 4031 2973 4088 enim
3009 4005 3318 4104 quidpiam
3347 4005 3585 4103 insigne

216 4095 373 4163 λαῖοι,
404 4099 488 4149 ναὶ
536 4100 640 4168 μὴν
685 4100 776 4147 καὶ
833 4092 1095 4167 ἰδιώματα
1145 4116 1263 4148 τινα
1305 4092 1602 4152 διαλέκτου.
1646 4104 1814 4151 Κατα-

224 4187 245 4197 -
390 4186 437 4197 ...
565 4186 666 4197 η.-.
736 4180 784 4197 ι.
839 4182 849 4197 .
1027 4188 1036 4197 .
1096 4183 1107 4197 .
1190 4186 1211 4197 -
1359 4185 1404 4197 .._
1541 4186 1605 4197 -..
1759 4190 1769 4197 .

1944 4122 2149 4179 Ξειιὶιωὶ
2189 4122 2252 4178 in
2282 4128 2460 4192 veste,
2518 4126 2573 4177 et
2601 4121 2900 4193 quasdam
2942 4127 3229 4192 praeterea
3283 4120 3585 4177 idiomatis

219 4186 509 4256 θεματίζειν
558 4186 673 4255 (93)
724 4180 784 4236 δέ
830 4182 943 4236 έστι
986 4188 1044 4237 τὸ
1086 4183 1498 4257 ἀναθεματίζειν.
1532 4186 1682 4239 Οὕτω
1712 4190 1812 4259 γὰρ

1944 4212 2335 4284 )roprietates.
2366 4209 2669 4267 Exsecrari
2697 4214 2897 4265 autem
2928 4214 3024 4264 est.
3068 4209 3379 4266 devovere.
3412 4206 3579 4266 Unde

216 4276 491 4349 ὁΜάρκος
548 4272 674 4341 εἷπε,
730 4278 820 4326 καὶ
879 4275 1033 4347 ἄμφω
1083 4270 1142 4328 δε
1192 4280 1344 4328 ταυτὶ
1395 4278 1454 4328 τὸ
1484 4279 1813 4349 καταρᾶσθαι

1944 4270 2150 4359 larens
2203 4301 2441 4373 scripsit
2480 4299 2871 4372 ἀναθεματίζειν
2912 4301 2980 4354 ’⁵.
3017 4298 3208 4356 Ambo
3245 4314 3385 4356 vero
3432 4298 3580 4370 hac,

219 4360 254 4418 δ
257 4363 463 4421 ηλοῦσιο
1926 4390 2371 4447 maledictiones
2401 4389 2614 4445 inferre
2665 4388 3023 4458 signiﬁcant.

288 4474 388 4523 Kal
452 4469 635 4530 εὐθέως
693 4499 759 4510 -
810 4487 891 4541 με.
960 4472 1174 4539 Μάρκος
1227 4467 1287 4523 δέ
1336 4490 1515 4544 φησιν,
1584 4474 1669 4525 ὅτε
1723 4476 1812 4545 μεν

1995 4480 2159 4535 Vers.
2216 4479 2305 4534 74.
2334 4478 2664 4550 Statimque
2716 4507 2783 4519 —
2831 4476 2995 4533 Vers.
3055 4477 3147 4531 75.
3200 4491 3312 4535 me.
3355 4479 3585 4535 Marcus

218 4558 354 4622 ἅπαξ
398 4560 424 4611 ὀ
475 4562 666 4633 Πέτρος
715 4559 1005 4633 ἠρνήσατο,
1047 4563 1161 4611 τότε
1211 4564 1299 4612 τὸν
1346 4560 1596 4636 ἀλέκτορα
1649 4572 1783 4634 φωνῆ

1944 4574 2124 4624 tutem
2156 4567 2322 4634 dixit,
2349 4567 2512 4639 quod
2539 4582 2677 4622 cum
2704 4569 2902 4623 Petrus
2924 4565 3107 4620 semel
3134 4566 3393 4634 negavit,
3438 4570 3582 4621 tune

221 4667 308 4701 σαι
330 4651 389 4699 τὸ
414 4655 616 4721 πρῶτον
650 4667 663 4679 ·
698 4648 779 4700 ὅτε
810 4643 870 4699 δε
898 4652 1091 4722 τρίτον,
1120 4652 1235 4700 τότε
1275 4652 1335 4702 τὸ
1368 4646 1623 4723 δεύτερον.
1661 4658 1807 4713 Ἐσηο

1944 4658 2111 4729 gallus
2142 4658 2405 4729 primum
2437 4656 2646 4711 cecinit
2679 4671 2690 4711 :
2726 4655 2972 4725 quando
3011 4669 3152 4709 vero
3200 4654 3367 4709 tertio
3396 4670 3579 4724 nega-

218 4743 473 4809 μειώσατο
522 4732 581 4789 δι
624 4743 796 4800 τοῦτο,
839 4732 1010 4794 δηλῶν
1066 4738 1142 4788 ὃτι
1190 4740 1307 4790 οὔτε
1355 4740 1385 4796 ἠ
1442 4745 1618 4812 πρώτη
1669 4748 1807 4813 φωνὴ

1944 4749 2016 4814 νὴ,
2049 4752 2185 4803 tunc
2217 4745 2484 4801 secundo
2535 4743 2748 4799 cecinit
2773 4746 2841 4796 ’⁸.
2899 4742 3131 4799 Notavit
3183 4746 3385 4797 autem
3436 4743 3573 4807 hoc,

219 4832 306 4877 τοῦ
360 4824 627 4899 ἀλέκτορος
677 4825 959 4897 ἀνέμνησεν
1014 4825 1189 4880 αὐτόν.
1246 4833 1346 4881 Καὶ
1405 4830 1430 4880 ὁ
1489 4836 1695 4894 Λουκᾶς
1750 4829 1809 4886 δὲ

1944 4834 2309 4892 nanifestans
2335 4832 2498 4904 quod
2539 4832 2795 4902 primum
2825 4829 3191 4900 gallicinium
3226 4844 3346 4884 non
3375 4829 3576 4886 admo-

215 4913 347 4986 λέγει
423 4913 572 4967 πάλιν
646 4915 724 4967 ὅτι
805 4916 936 4986 μετὰ
1002 4916 1061 4966 τὸ
1119 4923 1356 4987 φωνῆσαι
1402 4920 1490 4969 τὸν
1537 4916 1804 4994 ἀλέκτορα,

1944 4926 2045 4981 iuit
2072 4940 2231 4979 eum.
2262 4925 2515 4977 Rursum
2538 4924 2728 4976 autem
2751 4919 2935 4975 Lucas
2966 4919 3186 4984 scribit,
3220 4917 3386 4991 quod
3415 4922 3573 4992 post-

281 5040 328 5075 "
358 5041 528 5096 Marc.
569 5054 692 5104 xiv,
722 5038 836 5107 65;
880 5038 1016 5095 Luc.
1051 5054 1196 5110 xxu,
1241 5040 1331 5095 64.
1414 5042 1460 5076 ”
1510 5043 1686 5099 Marc.
1744 5063 1820 5102 xu

1944 5049 1990 5104 Β.
2069 5049 2117 5083 9⁸
2166 5046 2308 5103 Ibid.
2367 5049 2460 5101 70.
2545 5046 2592 5080 ⁸⁵
2654 5043 2807 5099 Ibid.
2864 5044 2953 5099 71.
3031 5044 3080 5080 ⁸⁸
3123 5042 3271 5099 Ibid.
3328 5046 3415 5110 68,
3471 5048 3559 5103 72.

1413 5155 1635 5227 Variae
1674 5159 2001 5232 lectiones
2041 5172 2108 5230 et
2148 5170 2351 5229 notae.
3490 5238 3493 5243 .

277 5289 387 5369 (91)
426 5287 511 5345 lta
535 5288 835 5362 Cbrysost.
865 5288 971 5345 sed
992 5288 1066 5345 de
1088 5304 1149 5345 re
1176 5289 1313 5359 alia,
1334 5294 1478 5349 tom.
1511 5293 1629 5365 VII,
1658 5310 1795 5368 pag.
1978 5298 2089 5367 (93)
2121 5296 2207 5353 Ita
2234 5295 2413 5352 etiam
2442 5298 2692 5369 uterque
2722 5296 2799 5369 in
2836 5298 3110 5369 contextu
3139 5294 3418 5369 Matthaai.
3457 5298 3571 5369 Be-

209 5363 381 5441 42113“
418 5430 459 5441 ,μ
540 5431 552 5441 ,
596 5426 617 5441 ,
658 5427 715 5441 __
824 5430 840 5441 _
962 5432 1000 5441 ﬁ
1616 5363 1622 5365 ⁷
1660 5363 1677 5368 ’
1742 5363 1771 5368 ⁷
1903 5363 2013 5428 cie.
2044 5363 2328 5441 Alterum,
2353 5367 2519 5441 quod
2558 5363 2667 5424 nec
2706 5366 3142 5441 Complutensis
3174 5366 3350 5424 editio
3379 5366 3577 5425 habet

278 5431 390 5505 (92)
418 5430 501 5493 Ὠς
530 5431 556 5486 ὁ
584 5426 928 5494 διδάσκαλος.
962 5432 1024 5487 Β.

1944 5426 1986 5498 fx'
2006 5458 2111 5498 suo
2137 5426 2345 5496 Lexico
2371 5426 2763 5512 'deprompsit
2807 5426 3112 5496 Erasmus.

277 5610 403 5685 (nn)
429 5612 658 5694 _Vacua.
692 5614 817 5669 lmo
845 5626 1014 5670 cava.
1043 5610 1211 5668 Forte
1241 5631 1359 5688 κενῃ
1394 5630 1502 5688 pro
1532 5614 1676 5693 κοίλῃ
1705 5616 1793 5675 in-
1974 5620 2081 5694 (oo)
2113 5620 2360 5689 Qualem
2398 5617 2680 5677 reddidit.
2732 5616 3051 5686 Quomodo
3105 5615 3318 5675 affecit.

209 5688 465 5743 venerat.
