4170 6334
637 307 745 365 703

1951 303 2305 366 EUTHYMII
2328 302 2688 364 'ZIGABENI'

3897 306 4019 368 ’τοι

617 447 823 508 'quam
859 435 1050 507 gallus
1070 436 1294 504 cecinit,
1339 451 1661 495 conversus
1712 436 1998 494 Dominus
2032 433 2263 534 respe‘xi

2372 436 2652 505 ,στραφεὶς
2728 433 2755 484 6
2840 434 3052 508 Κύριος,
3097 431 3326 507 ἐνέϐλεψε
3369 441 3441 506 τῷ
3493 438 3692 511 Πέτρῳ,
3755 428 3864 488 διὰ
3929 442 4018 487 τοῦ

623 526 892 591 Petrum,
927 541 1033 598 per
1055 531 1357 598 aspectum
1389 528 1466 583 ad
1517 527 1871 583 memoriam
1921 540 2060 582 eum
2119 523 2292 580 redu-

943 615 1105 672 Adeo
1153 617 1314 672 enim
1390 617 1550 672 illum
1601 616 1901 672 devicerat
1975 615 2172 681 timor,
2231 618 2292 668 ut

637 629 780 669 cens
824 616 891 670 ’7.

634 703 1021 776 paulominus
1050 705 1222 761 fuerit
1249 711 1557 762 emortuus
1587 721 1600 760 :
1629 720 1887 778 cumque
1935 703 2130 774 gallus
2167 717 2288 758 non

635 793 820 848 semel
844 798 1093 863 tantum,
1122 796 1224 850 sed
1276 800 1334 852 et
1377 796 1470 851 bis
1495 795 1821 860 cecinisset,
1851 807 2044 865 neque
2091 793 2167 848 ita
2208 794 2288 848 ad

635 897 877 938 sensum
906 884 1175 950 redierat,
1207 887 1305 940 sed
1331 901 1484 957 opus
1513 885 1690 940 etiam
1727 883 1915 940 fuerat
1959 881 2285 938 Salvatoris

634 977 895 1044 aspectu.
937 972 1083 1029 Vide
1139 989 1282 1044 ergo
1329 973 1730 1030 inﬁrmitatem
1783 973 1843 1028 in
1888 988 2076 1044 quam
2117 969 2282 1026 brevi

634 1064 901 1132 tempore
930 1062 1098 1118 tertio
1131 1064 1454 1132 negaverit,
1471 1068 1528 1118 et
1559 1063 1891 1118 successive
1923 1066 2040 1118 tres
2069 1059 2284 1116 emise—

631 1149 707 1206 rit
740 1151 1237 1222 negationes,non
1267 1152 1698 1224 questionibus
1730 1151 2120 1217 examinatus,
2151 1150 2280 1206 sed-

632 1237 782 1294 forte
808 1239 1048 1296 fortuna
1073 1241 1134 1296 in
1183 1243 1437 1298 transitu
1480 1241 1817 1313 requisitus.

703 1328 864 1384 Vers.
896 1331 990 1386 75.
1059 1331 1136 1386 Et
1173 1347 1435 1401 egressus
1484 1363 1551 1372 —
1595 1346 1820 1388 amare.
1875 1334 2160 1401 Egressus
2190 1336 2278 1388 est

631 1416 807 1483 foras,
867 1433 942 1474 ne
991 1419 1140 1475 forte
1204 1420 1354 1476 ﬂens
1403 1428 1461 1476 et
1513 1421 1639 1492 ipse
1693 1420 2266 1493 apprehenderetur.

628 1506 814 1562 Flevit
842 1513 1065 1572 autem,
1098 1524 1220 1564 non
1261 1515 1583 1582 utcunque,
1634 1512 1737 1566 sed
1771 1511 2003 1566 acerbe.
2048 1513 2277 1567 Marcus

629 1599 831 1650 autem
852 1596 992 1652 dicit
1014 1598 1084 1662 9',
1113 1599 1278 1671 quod
1305 1599 1592 1670 adjiciens
1611 1599 1804 1666 ﬂevit;
1824 1599 2134 1670 adjiciens,
2161 1599 2276 1654 hoc

625 1686 716 1738 est
749 1683 1058 1758 incipiens.
1091 1686 1355 1744 Joannes
1384 1705 1522 1745 vero
1550 1689 1686 1757 hoc,
1720 1694 2009 1762 tanquam
2039 1689 2118 1746 ab
2145 1689 2274 1745 aliis

624 1771 851 1829 dictum
881 1777 1274 1844 praetermisit.

697 1861 899 1918 Vidisti
942 1869 1254 1935 peccatum
1274 1866 1303 1922 ‘?
1333 1866 1462 1922 vide
1488 1872 1540 1922 et
1572 1867 2003 1940 ptenitentiam.
2037 1867 2125 1926 0b
2158 1867 2272 1924 hoc

625 1950 784 2006 enim
832 1958 1076 2023 peccata
1126 1959 1182 2010 et
1231 1955 1588 2026 poenitentiae
1653 1963 1995 2013 sanctorum
2053 1959 2273 2029 scripta

624 2044 780 2095 sunt.
832 2041 1165 2098 Permissus
1217 2048 1304 2098 est
1347 2051 1548 2099 autem
1601 2045 1813 2101 cadere
1869 2049 2092 2112 Petrus,
2148 2062 2271 2102 non

622 2133 864 2201 propter
901 2130 1084 2186 dictas
1119 2137 1353 2187 tantum
1383 2149 1620 2200 causas,
1651 2136 1748 2190 sed
1789 2134 1969 2192 etiam
1999 2141 2063 2191 ut
2104 2135 2270 2208 igno-

620 2233 783 2273 scere
812 2218 1008 2274 discat
1043 2219 1138 2275 his
1167 2236 1406 2294 quoque
1438 2222 1543 2294 qui
1573 2222 1866 2288 labuntur,
1900 2225 2115 2281 horum
2158 2226 2265 2281 im-

617 2305 994 2363 becillitatem
1023 2323 1092 2364 ex
1127 2325 1241 2364 sua
1269 2326 1676 2380 cognoscens:
1710 2329 1851 2370 nam
1888 2318 2089 2386 pastor
2125 2330 2265 2370 con-

601 2394 950 2451 stituendus
985 2403 1112 2454 erat
1144 2415 1157 2453 :
1192 2404 1248 2454 et
1279 2405 1339 2456 ut
1371 2417 1732 2471 magnorum
1772 2402 1964 2459 factus
1989 2407 2266 2476 operator

615 2484 1064 2553 miraculorum,
1106 2487 1417 2545 modestus
1443 2491 1535 2555 sit,
1568 2506 1638 2547 ac
1663 2493 1754 2548 sui
1785 2509 1962 2550 casus
1991 2493 2265 2550 recorda-

607 2577 731 2636 tus,
764 2575 877 2630 Deo
907 2590 1033 2630 rem
1059 2591 1302 2634 omnem
1334 2579 1610 2636 ascribat.
1645 2581 1951 2653 Siquidem
1972 2587 2028 2639 et
2048 2582 2264 2639 Paulus

614 2676 751 2717 cum
769 2662 1192 2721 tentationibus
1214 2668 1545 2737 permissus
1565 2674 1654 2724 est
1679 2686 1970 2741 pugnare,
1986 2687 2061 2728 ne
2082 2689 2150 2728 ex
2161 2672 2263 2728 tol-

611 2747 848 2817 leretur,
881 2756 944 2806 ut
971 2752 1098 2822 ipse
1138 2754 1219 2810 ait
1256 2757 1324 2810 θ’.
1368 2757 1746 2814 Potissimum
1775 2764 1998 2827 autem,
2031 2767 2094 2816 ut
2123 2777 2251 2832 pec~

611 2837 915 2893 catoribus
959 2839 1185 2897 clarum
1216 2849 1368 2899 esset
1394 2845 1757 2915 paenitentiae
1789 2850 2148 2921 exemplum.
2200 2851 2259 2905 Si

608 2925 770 2982 enim
796 2931 1147 2986 caeterorum
1197 2932 1475 3005 princeps
1501 2935 1932 3006 apostolorum,
1985 2939 2084 3009 qui
2115 2938 2258 2994 tales

608 3013 850 3072 virtutes
876 3022 932 3073 et
968 3017 1198 3076 viderat
1244 3025 1301 3077 et
1323 3020 1560 3093 fecerat,
1599 3024 1841 3081 tandem
1887 3027 1947 3082 in
1991 3027 2255 3097 negatio-

605 3118 746 3160 nem
777 3105 984 3178 lapsus
1014 3112 1100 3164 est
1125 3125 1138 3164 :
1167 3108 1382 3166 deinde
1405 3113 1607 3182 agnito
1637 3113 1846 3172 delicto
1876 3115 2042 3171 illum
2071 3118 2256 3188 poeni-
2291 3135 2330 3191 α

605 3193 732 3260 tuit,
749 3200 806 3252 et
831 3211 949 3252 non
983 3197 1179 3254 solum
1197 3199 1361 3256 brevi
1394 3205 1656 3274 tempore
1681 3205 1979 3261 maculam
2009 3222 2254 3263 omnem

605 3282 905 3350 abstersit,
937 3287 1040 3360 sed
1081 3291 1135 3344 et
1185 3297 1528 3348 caeterorum
1570 3297 1772 3364 pastor
1823 3295 2254 3368 discipulorum

606 3379 843 3430 creatus
874 3381 980 3442 est,
1021 3381 1077 3432 et
1119 3379 1429 3436 multorum
1462 3397 1528 3436 ac
1581 3399 1938 3454 magnorum
1979 3391 2256 3458 operator

605 3461 1032 3520 miraculorum
1049 3468 1382 3538 appellatus
1409 3475 1494 3525 est
1528 3487 1542 3537 ;
1576 3471 1805 3528 nullum
1837 3473 1942 3546 qui
1973 3475 2256 3531 ceciderit

601 3548 924 3622 desperare
955 3556 1247 3622 convenit,
1281 3557 1387 3613 sed
1422 3558 1579 3616 illico
1610 3563 2021 3632 paenitentiam
2078 3580 2252 3634 agere

603 3652 742 3694 cum
801 3641 1034 3700 divitias
1101 3651 1421 3716 cognoscat
1458 3651 1937 3708 mansuetudinis
1999 3654 2249 3710 Domini.

672 3887 738 3945 Et
783 3889 876 3947 hic
931 3907 1174 3966 quoque
1224 3897 1695 3968 observandum,
1747 3903 1909 3973 quod
1939 3902 2252 3961 Matthmus

597 3977 846 4048 quidem
887 3981 905 4017 ί
937 3986 993 4037 et
1016 3983 1239 4040 Marcus
1269 3989 1290 4022 ³
1339 3990 1700 4060 scripserunt
1730 3992 1992 4062 primum
2028 3993 2251 4051 factam

599 4079 732 4122 esse
757 4083 788 4121 a
812 4068 1079 4139 principe
1105 4073 1484 4131 sacerdotum
1508 4076 2055 4148 interrogationem,
2085 4083 2248 4138 dein-

598 4153 673 4242 de
703 4155 1044 4212 Judaeorum
1073 4157 1343 4229 injurias,
1379 4167 1438 4218 et
1467 4166 1856 4236 postmodum
1887 4170 2036 4225 Petri
2073 4186 2252 4242 nega-

599 4240 810 4296 tiones.
841 4243 1031 4301 Lucas
1059 4261 1197 4302 vero
1221 4247 1488 4318 primum
1513 4253 1665 4309 Petri
1691 4255 2059 4324 negationes,
2086 4240 2249 4318 dein-

597 4327 668 4384 de
690 4328 961 4398 injurias,
977 4336 1364 4405 postmodum
1383 4338 1541 4397 facto
1557 4341 1687 4412 jam
1715 4343 1809 4399 die
1836 4345 2249 4417 interrogatio-

2402 519 2697 594 βλέμματος
2791 523 3202 596 ὑπομιμνήσκων
3287 525 3463 580 αὐτόν.
3544 531 3811 578 Τοσοῦτον

2399 610 2560 663 αὐτοῦ
2632 614 3016 687 κατεκράτησεν
3097 615 3124 665 6
3209 613 3379 686 φόϐος,
3459 617 3528 676 ὡς
3595 613 4019 672 ἀποτεθνηκέναι

2396 708 2608 773 μικροῦ,
2664 706 2754 754 καὶ
2821 709 2911 755 τοῦ
2991 701 3263 778 ἀλέκτορος
3339 710 3666 776 φωνήσαντος
3729 703 3793 756 οὐ
3855 709 4012 775 μόνον

2395 789 2555 857 ἅπαξ,
2587 788 2712 842 ἀ).λά
2755 796 2843 844 καὶ
2888 787 2993 856 δὶς,
3026 789 3157 864 μηδ’
3197 794 3359 856 οὕτως
3403 795 3476 855 εἰς
3525 795 3778 851 αἳσθησιν
3815 792 4007 856 ἂθεῐν,

2394 877 2521 931 ἀλλά
2565 875 2817 938 δεηθῆναι
2863 885 2952 933 καὶ
3005 889 3096 933 τοῦ
3129 881 3423 955 βλέμματος
3467 889 3560 935 τοῦ
3595 890 3861 958 Σωτῆρος.
3900 880 4010 936 Ίδε

2390 975 2516 1038 γοῦν
2547 967 2832 1035 ἀσθένειαν,
2885 978 2990 1030 πῶς
3047 975 3098 1024 έν
3153 970 3352 1045 βραχεῖ
3402 991 3566 1043 καιρῳ
3613 976 3797 1045 τρίτον
3840 973 4007 1047 ἠρνή-

2394 1077 2541 1125 σατο,
2575 1063 2664 1110 καὶ
2703 1058 2756 1111 ἐκ
2789 1056 3061 1132 διαδοχῆς
3109 1063 3204 1122 τάς
3243 1069 3377 1135 τρεῖς
3403 1061 3640 1134 ἀρνήσεις
3679 1061 4003 1128 ἐποιήσατο,

2389 1149 2477 1198 καὶ
2524 1147 2618 1199 οὐκ
2669 1145 2990 1220 ἐταξόμενος,
3041 1147 3170 1215 ἀλλ’,
3226 1151 3296 1212 ὡς
3345 1152 3524 1222 ἔτυχε,
3572 1153 3709 1204 κατά
3758 1148 4004 1224 πάροδον

2388 1233 2707 1308 ἐρωτώμενος
2719 1277 2732 1290 .

2462 1329 2562 1377 Καὶ
2631 1323 2842 1387 ἐξελθὼν
2891 1356 2962 1366 -
3018 1335 3237 1402 πικρῶς.
3293 1327 3532 1391 Ἐξῆλθεν
3601 1327 3717 1395 ἔξω,
3811 1328 4003 1401 φοϐού-

2387 1431 2534 1484 μενος
2608 1417 2809 1484 μήποτε
2887 1413 3075 1466 κλαίων
3138 1419 3447 1488 κατασχιθῇ
3522 1421 3611 1470 καὶ
3673 1417 3860 1480 αὐτός.
3920 1419 4002 1473 Ἐο

2385 1500 2580 1554 κλαυσε
2610 1499 2670 1555 δε
2699 1503 2805 1574 οὐχ
2836 1502 3026 1568 ἀπλῶς,
3063 1503 3190 1557 ἀλλά
3217 1515 3430 1577 πικρῶς.
3452 1505 3512 1558 Ὀ
3537 1502 3596 1558 δὲ
3620 1509 3844 1580 Μάρκος
3859 1505 4000 1561 εἶπεν

2385 1593 2465 1643 ὅτι
2537 1589 2790 1644 ἐπιϐαλὼν
2865 1592 3060 1646 ἔκλαιεν
3084 1611 3097 1624 ⁸
3131 1592 3404 1659 ἐπιϐαλων,
3469 1594 3583 1648 ἀντὶ
3645 1603 3762 1660 τοῦ,
3839 1596 4000 1670 ἀρξά-

2384 1699 2555 1752 μενος.
2605 1681 2848 1744 Ἰωάννης
2895 1679 2956 1734 δὲ
3006 1687 3094 1736 καὶ
3137 1690 3291 1736 τοῦτο
3349 1680 3702 1757 παρέδραμεν,
3753 1689 3834 1749 ὡς
3887 1695 3997 1751 τοῖς

2385 1769 2557 1832 ἄλλοις
2587 1770 2873 1844 εἰρημένον.

2453 1855 2600 1918 Εἶδες
2653 1864 2746 1916 τὴν
2795 1859 3073 1934 ἁμαρτίαν,
3127 1857 3212 1913 ἴδε
3271 1866 3360 1914 καὶ
3415 1866 3508 1921 τὴν
3553 1866 3857 1936 μετάνοιαν.
3899 1871 3996 1921 Διά

2381 1955 2532 2000 τοῦτο
2587 1951 2687 2021 γὰρ
2753 1953 2842 2000 καὶ
2908 1954 2962 2001 αὶ
3010 1949 3262 2023 ἁμαρτίαι
3307 1955 3392 2002 καὶ
3448 1953 3502 2003 αἱ
3553 1955 3826 2024 μετάνοιαι
3889 1967 3991 2010 τῶν

2379 2035 2542 2107 ἁγίων
2606 2035 2922 2111 ἐγράφησαν,
2978 2039 3079 2103 ἵνα,
3135 2040 3255 2091 ὃταν
3309 2039 3640 2114 ἀμάρτωμεν,
3699 2049 3992 2118 μιμώμεθα

2378 2130 2472 2183 τὴν
2536 2129 2731 2178 τοὺτων
2802 2129 3096 2199 μετάνοιαν.
3151 2131 3516 2204 Παρεχωρήθη
3591 2127 3650 2184 δὲ
3705 2143 3890 2187 πεσεῖν
3963 2140 3988 2189 ό

2379 2218 2568 2286 Πέτρος
2608 2214 2667 2266 οὐ
2716 2219 2869 2287 μόνον
2922 2212 3016 2269 διά
3062 2218 3151 2276 τάς
3199 2215 3432 2290 ἀνωτέρω
3477 2219 3727 2293 ῥηθείσας
3784 2224 3984 2292 αἰτίας,

2375 2301 2503 2356 ἀλλά
2539 2309 2626 2356 καὶ
2679 2306 2760 2356 ἵνα
2801 2306 2940 2378 μάθῃ
2985 2314 3364 2378 συγγνωμονεῖν
3417 2315 3529 2371 τοῖς
3568 2309 3984 2380 όλισθαίνουσιν,

2374 2391 2429 2445 ἐκ
2484 2401 2581 2456 τῆς
2635 2393 2829 2456 οἰκείας
2871 2393 3138 2456 ἀσθενείας
3192 2399 3282 2447 καὶ
3338 2401 3432 2454 τὴν
3487 2401 3684 2452 τούτων
3743 2401 3988 2475 ἐπιγινώ-

2374 2500 2530 2534 σκων·
2587 2482 2754 2554 ἔμελλε
2807 2486 2908 2556 γάρ
2967 2489 3160 2556 ποιμὴν
3216 2493 3565 2544 καταστῆναι*
3620 2495 3711 2542 καὶ
3766 2493 3851 2545 ἵνα
3895 2515 3984 2548 τε-

2370 2570 2670 2646 λεσιουργός
2738 2572 2971 2644 μεγάλων
3053 2575 3330 2645 θαυμάτων
3409 2581 3694 2650 γινόμενος,
3766 2601 3982 2657 πετρω-

2371 2669 2551 2735 φρονῇ⁶
2605 2665 2693 2714 καὶ
2741 2669 2832 2713 τοῦ
2883 2667 3153 2733 πτώματος
3212 2667 3559 2736 μνημονεύων,
3618 2677 3689 2738 τῷ
3743 2677 3859 2741 Θεῷ
3917 2675 3979 2725 τὸ

2369 2756 2469 2803 πᾶν
2516 2749 2884 2823 ἐπιγράφηται.
2944 2755 3040 2804 Καὶ
3090 2751 3292 2813 Παῦλος
3338 2756 3442 2827 γάρ
3496 2765 3795 2828 πειρασμοῖς
3846 2761 3975 2832 (94)

2370 2837 2528 2911 ἀφέθη
2588 2839 2842 2908 παλαίειν,
2904 2841 2986 2892 ἱνα
3033 2846 3129 2913 μὴ,
3199 2843 3262 2902 ὡς
3320 2843 3475 2905 αὑτός
3524 2863 3696 2916 φησιν,
3745 2847 3966 2920 ὑπεραί-

2365 2947 2544 3003 ρηται.
2598 2932 2655 2980 τὸ
2706 2925 2764 2980 δὲ
2816 2929 3015 3000 μεῖζον,
3063 2931 3143 2982 ἶνα
3187 2937 3295 2993 τοῖς
3335 2931 3686 3007 ἁμαρτάνουσι
3718 2933 3966 3008 λαμπρὸν

2366 3019 2443 3075 εἴη
2488 3014 2827 3090 παράδειγμα
2869 3022 3160 3090 μετανοίας.
3215 3020 3275 3072 Εἰ
3327 3021 3442 3092 (95)
3482 3025 3582 3095 γάρ
3627 3023 3652 3074 6
3685 3032 3968 3096 κορυφαῖος

2365 3114 2464 3158 τῶν
2513 3108 2776 3178 μαθητῶν,
2824 3108 2850 3159 6
2898 3107 3214 3166 τηλικούτων
3260 3106 3526 3183 δυνάμεων
3556 3114 3644 3174 τάς
3692 3116 3784 3185 μὲν
3819 3110 3959 3180 ἰδών,

2365 3197 2454 3256 τάς
2503 3192 2562 3249 δί
2607 3195 2834 3261 τελέσας,
2867 3196 3081 3272 ὕστερον
3127 3197 3416 3256 ώλίσθησεν
3456 3200 3528 3263 εἰς
3569 3202 3816 3274 ἄρνησιν,
3860 3201 3968 3256 εἶτα

2363 3287 2422 3337 τὸ
2485 3283 2975 3358 πεπλημμελημένον
3043 3285 3281 3358 ἐπιγνοὺς
3339 3293 3428 3340 καὶ
3501 3297 3852 3360 μετανοήσας,
3909 3292 3966 3345 οὑ

2363 3378 2515 3446 μόνον
2567 3373 2615 3426 ἐν
2673 3372 2829 3444 ὀλίγῳ
2881 3383 3045 3448 καιρῷ
3096 3375 3260 3428 τέλεον
3303 3377 3440 3428 ἅπαν
3498 3379 3780 3451 ἰπήλειψεν
3826 3382 3967 3454 (96),

2363 3461 2490 3515 ἀλλά
2517 3468 2606 3515 καὶ
2641 3468 2834 3536 ποιμὴν
2888 3472 2986 3516 τῶν
3035 3463 3196 3516 ἄλλων
3227 3467 3475 3538 μαθητῶν
3521 3469 3834 3542 προεϐλήθη,
3881 3477 3969 3524 καὶ

2361 3551 2556 3605 πολλῶν
2613 3557 2703 3605 καὶ
2764 3553 2996 3625 μεγάλων
3056 3555 3330 3626 θαυμάτων
3381 3555 3669 3630 αὐτουργὸς
3727 3557 3969 3634 ἐχρημά-

2360 3660 2501 3694 τισεν
2531 3659 2543 3672 ·
2576 3639 2763 3694 οὐδένα
2794 3646 3019 3694 πεσόντα
3063 3647 3174 3716 χρὴ
3230 3653 3559 3714 καταπεσεῖν,
3609 3645 3718 3698 ἀλλ’
3777 3648 3971 3701 αὐτίκα

2361 3737 2640 3800 μετανοεῖν,
2694 3730 2960 3782 ἐννοοῦντα
3018 3734 3104 3783 τὸν
3160 3730 3380 3785 πλοῦτον
3431 3741 3529 3796 τῆς
3570 3743 3661 3788 τοῦ
3698 3742 3966 3790 Δεσπότου

2360 3823 2752 3894 χρηστότητος.

2433 3910 2712 3962 Κάνταῦθα
2785 3904 2846 3961 δὲ
2918 3913 3314 3980 παρατηρητέον
3393 3913 3476 3964 ὅτι
3544 3914 3812 3976 Ματθαῖος
3872 3920 3965 3988 μεν

2359 4002 2448 4050 καὶ
2491 3999 2700 4070 Μάρκος
2750 3996 2982 4070 εγραψαν
3038 4007 3239 4072 πρῶτον
3273 4002 3515 4071 γενέσθαι
3557 4006 3648 4060 τὴν
3679 4006 3825 4076 παρά
3870 4011 3965 4056 τοῦ

2360 4084 2646 4160 ἀρχιερέως
2702 4084 2974 4159 ἐρώτησιν,
3027 4084 3137 4139 εἶτα
3189 4090 3279 4149 τάς
3331 4087 3434 4141 ἀπὸ
3514 4099 3614 4142 τῶν
3685 4089 3962 4145 Ἰουδαίων

2359 4173 2587 4246 ἀτιμίας,
2644 4178 2820 4227 ἔπειτα
2867 4178 2963 4237 τάς
3018 4174 3259 4248 ἀρνήσεις
3304 4185 3396 4229 τοῦ
3455 4183 3650 4252 Πέτρου
3685 4200 3698 4213 ·
3751 4187 3962 4245 Λουκᾶς

2358 4259 2417 4315 δὲ
2458 4272 2660 4336 πρῶτον
2703 4266 2796 4324 τὰς
2844 4262 3086 4339 ἀρνήσεις
3115 4281 3128 4296 '
3183 4262 3291 4318 εἶτα
3340 4268 3434 4326 τὰς
3485 4265 3716 4340 ἀτιμίας,
3759 4272 3958 4338 ἔπειτα,

2353 4357 2621 4424 γενομένης
2669 4355 2869 4425 ἡμέρας
2925 4353 3123 4419 λοιπὸν,
3156 4358 3250 4412 τὴν
3299 4353 3572 4429 ἐρώτησιν.
3615 4360 3680 4409 Οἱ
3718 4362 3808 4430 μὶν
3857 4363 3959 4435 γὰρ

593 4431 704 4473 nes
728 4421 782 4517 ‘3.
823 4419 906 4476 Illi
943 4422 1244 4494 siquidem
1274 4442 1394 4483 non
1426 4429 1622 4488 solum
1652 4447 1724 4489 ea
1755 4450 1890 4506 quas
1928 4434 2080 4492 facta
2110 4445 2246 4494 sunt

2372 4441 2413 4494 νύ
2453 4419 2604 4513 μόνον
2663 4419 2984 4514 ἀπήγγειλαν
3036 4446 3100 4495 τά
3147 4419 3506 4517 πεπραγμένα,
3542 4445 3670 4499 ἀλλά
3718 4419 3810 4500 καὶ
3865 4419 3976 4510 ἐξ

592 4505 936 4579 retulerunt,
969 4512 1078 4568 sed
1107 4519 1163 4570 et
1187 4514 1416 4573 ordinis
1446 4534 1644 4576 rerum
1696 4505 2002 4592 gestarum
2037 4543 2244 4584 curam

589 4593 933 4656 habuerunt
963 4617 978 4656 :
1006 4601 1100 4659 hic
1140 4610 1341 4662 autem
1373 4607 1532 4665 facta
1582 4613 1813 4668 tantum
1844 4614 2130 4673 relatione
2159 4633 2246 4672 re-

588 4700 726 4741 rum
757 4694 1250 4762 perpetratarum,
1283 4695 1508 4753 ordinis
1533 4714 1738 4756 curam
1761 4718 1880 4759 non
1907 4703 2138 4762 habuit.

665 4779 806 4850 Cap.
837 4781 1034 4836 XXVII.
1068 4781 1235 4841 Vers.
1262 4785 1326 4839 .1.
1367 4787 1543 4846 Mane
1573 4818 1638 4830 —
1670 4791 1830 4846 Vers.
1865 4796 1924 4849 2.
1962 4795 2242 4852 Prasa‘di.

587 4865 864 4926 Similiter
887 4873 944 4926 et
972 4871 1200 4929 Marcus
1233 4877 1290 4931 et
1334 4874 1525 4934 Lucas
1570 4877 1898 4936 dixerunt‘
1940 4884 2244 4948 ;Joannes

587 5153 678 5208 66.
757 5156 776 5187 ³
810 5152 948 5210 Luc.
990 5172 1131 5223 χχιι,
1175 5162 1259 5225 56,
1287 5159 1374 5226 63,
1416 5161 1503 5217 66.

2354 4531 2546 4594 τάξεως
2592 4530 2762 4583 αὐτῶν
2819 4531 3126 4606 ἐφρόντισαν
3151 4549 3163 4560 ·
3199 4533 3226 4583 6
3255 4528 3338 4600 δὲ,
3367 4538 3531 4604 μόνης
3578 4543 3670 4597 τῆς
3726 4534 3956 4608 ἀπαγγε-

2352 4619 2466 4680 λίας
2517 4627 2616 4671 τῶν
2665 4625 3036 4692 πεπραγμένων
3083 4625 3369 4693 γενόμενος,
3401 4631 3497 4685 τῆς
3553 4625 3743 4688 τάξεως
3785 4626 3946 4678 αὐτῶν

2355 4708 2448 4762 οὐκ
2479 4709 2792 4782 ἐφρόντισεν.

2429 4799 2637 4872 Πρωῖας
2710 4827 2774 4837 -
2856 4799 3092 4869 ἡγεμόνι.
3138 4797 3361 4871 Ὀμοίως
3446 4805 3536 4853 καὶ
3602 4804 3810 4877 Μάρκος
3867 4809 3956 4856 καὶ

2359 4893 2568 4950 Λουκᾶς
2615 4882 2773 4940 εἶπον.
2835 4885 3069 4948 Ἰωάννης
3139 4883 3198 4941 δὲ
3251 4907 3408 4960 φησιν
3457 4891 3534 4943 ὅτι
3587 4890 3809 4964 ⁴Αγουσι
3870 4897 3954 4945 τὸν

607 5055 612 5059 ’
657 5063 700 5097 ’⁷
735 5063 868 5120 Luc.
910 5081 1044 5135 χχιι,
1075 5071 1160 5124 61.
1239 5070 1287 5105 ⁸⁸
1316 5071 1484 5128 Marc.
1517 5076 1774 5130 x1v.72..
1853 5077 1900 5111 θ’
1924 5077 1970 5133 lI
1995 5079 2127 5136 Cor.
2162 5099 2263 5151 xu,

2427 5085 2443 5120 ¹
2491 5081 2692 5141 Matth.
2722 5063 2882 5148 xxvi,
2918 5086 3002 5152 59,
3035 5083 3126 5155 67,
3155 5084 3241 5140 69.
3321 5086 3342 5120 ³
3375 5085 3551 5143 Marc.
3582 5103 3701 5153 11v,
3737 5090 3825 5155 55,
3863 5093 3954 5155 65,

1583 5164 1604 5198 ⁴
1643 5165 1818 5221 Marc.
1854 5167 2008 5234 ΠΛ
2057 5185 2072 5236 ;
2117 5172 2248 5228 Luc.
2281 5187 2403 5240 xm,
2440 5172 2492 5227 1.
2725 5167 2730 5174 ’

1802 5341 2020 5412 Varias
2058 5345 2388 5416 lectiones
2428 5358 2493 5417 et
2535 5359 2735 5417 notas.

796 5523 1030 5611 Ἀφείθη,
1060 5527 1206 5611 Cod.
1257 5526 1421 5611 ᾼηῐη
1451 5529 1568 5611 boc
1613 5533 1954 5611 plerumque
1985 5541 2236 5598 variant.

655 5594 774 5666 (95)
806 5594 977 5664 Εἰκὸς,
1011 5613 1121 5666 pro
1152 5605 1210 5663 εὶ,
1241 5599 1345 5655 dat
1380 5601 1512 5656 cod.
1541 5594 1810 5662 A.'Male.

657 5667 774 5738 (96)
804 5666 1119 5742 Λπήλειψεν,
1153 5672 1212 5739 Β,
1249 5669 1549 5745 amant“,
1603 5679 1674 5732 Α,
1728 5677 1879 5735 mud
1929 5681 2107 5740 etiam
2159 5683 2242 5741 in.

2351 5542 2507 5617 venit
2533 5543 2866 5617 Hentenius.
2904 5546 3068 5617 Ergo
3092 5544 3285 5600 scriba
3324 5545 3458 5600 cod.
3483 5545 3524 5600 Α
3560 5545 3830 5602 confudit
3859 5564 3956 5604 vo-

2354 5615 2532 5690 cales,
2567 5619 2628 5690 ut
2664 5613 2827 5690 alibi.
2868 5613 3026 5673 Alia's
3059 5616 3118 5672 in
3152 5620 3410 5673 mentem
3437 5617 3717 5690 cuiquam
3753 5620 3954 5676 venire

2355 5687 2540 5760 possit
2572 5685 2868 5761 ἀπείληφεν.
