4170 6334
167 357 341 412 ’705

1077 348 1442 409 COMMENT.
1489 352 1556 408 IN
1595 340 2042 408 MATTHEUM.
2080 378 2148 389 -
2188 347 2345 404 CAP.
2385 344 2615 404 XXVII.

3474 344 3580 402 706

164 480 424 542 Ἰὴσοῦν
474 477 574 533 ἀπὸ
629 482 725 532 τοῦ
791 478 1002 551 Καίάφα
1062 476 1134 540 εἰς
1204 480 1260 529 τό
1318 483 1653 553 πραιτώριον.
1714 477 1811 529 Ἦν

1933 490 2056 529 vero
2086 474 2201 530 ait:
2238 476 2469 530 Ducunt
2499 474 2690 531 Jesum
2720 489 2758 531 a
2789 473 3058 543 Caiapha
3095 471 3175 529 ad
3204 470 3576 542 praetorium.

179 568 263 625 δὲ
354 573 548 643 πρωία,
618 572 731 622 Καὶν
791 567 936 620 αὐτοὶ
990 567 1084 619 οὐκ
1136 567 1372 626 εἰσῆλθον
1426 567 1496 629 εἰς
1546 571 1605 619 τὸ
1660 585 1815 638 πραι-

178 665 427 735 τώριον,
499 660 583 711 ἵνα
647 661 720 729 μὴ
791 659 1100 730 μιανθῶσιν,
1177 656 1279 709 ἀλλ’
1356 658 1437 709 ἱνα
1492 658 1696 729 φάγωσι
1755 658 1814 707 τὸ

182 754 433 822 πάσχα.
485 753 543 800 Δι
583 747 701 808 ὅλης
746 749 847 821 γὰρ
896 754 987 807 τῆς
1038 750 1215 807 νυκτὸς
1270 748 1464 807 ἦταζον
1508 750 1679 817 αὑτὸν,
1727 750 1816 798 καὶ

180 843 505 913 μετέφερον.
556 836 689 891 Ἀλλ’
739 840 779 887 ὤ
830 845 925 897 τῆς
975 835 1149 896 ἀνοίας
1197 837 1209 891 l
1268 845 1508 909 φονῶντες
1565 839 1675 909 μεν,
1726 840 1816 887 καὶ

184 929 272 990 εἰς
336 930 555 981 θάνατον
606 922 1005 999 παραδιδόντες,
1062 925 1157 977 ούκ
1210 923 1425 978 ἔδὸκουν
1493 927 1812 998 μιαίνεσθαι·

184 1022 261 1071 τὸ
322 1014 378 1071 δ’
426 1015 669 1075 ἐπιϐῆναι
718 1022 811 1069 τοῦ
854 1011 1201 1090 δικαστηρίου
1231 1018 1464 1086 μιασμόν
1507 1014 1742 1087 ἐνόμιζον
1769 1015 1817 1065 οἱ

186 1109 300 1158 τὸν
359 1110 583 1158 κώνωπα
638 1100 955 1165 διυλίζοντες
1011 1108 1101 1156 καὶ
1160 1106 1253 1161 τὴν
1307 1103 1540 1176 κάμηλον
1592 1109 1816 1155 καταπῖ-

193 1214 392 1258 νοντες
406 1239 419 1252 .

436 1341 582 1392 ΚΕΦ.
608 1332 726 1392 ΞΖ’.
766 1337 893 1409 Περὶ
923 1341 1018 1395 τῆς
1052 1329 1226 1387 Ἰούδα
1255 1334 1609 1407 μεταμελείας.

283 1446 421 1495 Τότε
476 1472 544 1485 -ο
587 1439 770 1495 ἀθῶον.
821 1437 967 1494 Ἰδὼν
1007 1442 1087 1493 ὅτι
1120 1443 1400 1516 κατεκρίθη
1449 1444 1648 1513 θανάτῳ
1676 1446 1820 1512 παρὰ

193 1538 315 1583 τῶν
359 1526 625 1583 Ἰουδαίων
670 1531 695 1581 ὁ
740 1534 991 1604 Χριστός.
1044 1526 1194 1591 ¹Ἔδει
1241 1526 1299 1583 δε
1346 1533 1446 1604 πρὸ
1490 1540 1587 1593 τῆς
1621 1529 1819 1605 προδο-

196 1624 336 1680 σίας
387 1617 823 1691 μεταμεληθῆναι.
880 1617 1036 1672 Ἀλλά
1072 1626 1302 1679 τοιοῦτος
1352 1621 1377 1671 ὁ
1419 1617 1676 1681 διάϐολος·
1718 1625 1819 1695 πρὸ

196 1709 306 1778 μὲν
353 1714 448 1768 τῆς
500 1706 760 1781 ἁμαρτίας
811 1707 905 1759 ούκ
948 1706 1163 1779 ἀφίησι)
1212 1705 1341 1760 ἰδεῖν
1386 1712 1443 1761 τὸ
1499 1715 1679 1779 κακὸν,
1739 1712 1821 1763 ἱνα

197 1799 285 1868 μὴ
327 1799 545 1867 γενηται
585 1799 850 1869 μετάνοια·
911 1800 1041 1868 μετὰ
1086 1795 1145 1849 ὁε
1184 1800 1241 1849 τὸ
1290 1796 1679 1869 ἀπαρτισθῆναι
1725 1805 1819 1858 τὴν

199 1884 501 1958 ἁμαρτίαν,
555 1890 770 1957 ἀφίησιν
827 1883 976 1952 ἰδεῖν,
1034 1887 1116 1938 ἵνα
1172 1885 1382 1959 λυπήσῃ
1437 1893 1527 1940 καὶ
1585 1888 1655 1949 εἰς
1695 1889 1819 1941 ὀιπό-

199 1993 413 2044 γνωσιν
462 1974 743 2046 συνελάσῃ.
801 1972 1087 2048 Ἥμαρτον,
1142 1981 1293 2047 φησι,
1351 1973 1624 2049 παραδούς
1689 1980 1820 2051 αἷμα

204 2062 412 2133 ἀθῶον,
452 2063 522 2125 εἰς
551 2065 610 2115 τὸ
638 2064 893 2135 χυθῆναι.

292 2310 362 2362 Οἱ
400 2305 458 2362 δὲ
497 2341 566 2351 --
603 2308 739 2381 ὄψει.
790 2316 892 2364 Καὶ
936 2308 1189 2375 ὀἹούδας
1227 2312 1380 2366 εἰπὼν
1411 2316 1487 2367 ὅτι
1530 2315 1815 2392 Ἥμαρτον,

208 2394 495 2473 παραδοὺς
560 2398 699 2471 αἷμα
756 2397 940 2471 ἀθῶον,
1011 2399 1207 2463 ἀδίκως
1266 2403 1420 2455 αὑτὸν
1476 2404 1819 2465 ἀποθνήσκειν

209 2487 572 2563 ἐμαρτύρησε·
638 2493 729 2540 καὶ
796 2491 845 2542 οἱ
904 2486 1172 2560 Ἰουδαῖοι,
1239 2500 1509 2565 φήσαντες,
1564 2500 1626 2547 Τί
1691 2501 1821 2571 πρὸς

210 2578 400 2649 ἠμᾶς;
456 2581 521 2629 σὺ
580 2575 714 2647 ὄφει,
765 2584 827 2650 τῇ
886 2586 1150 2653 μαρτυρίᾳ
1195 2585 1377 2635 τούτου
1430 2589 1818 2656 συγκατίθεντο·

211 2670 313 2718 καὶ
366 2667 396 2723 ἡ
460 2665 674 2723 ἀλήθεια
720 2668 863 2741 παρὰ
913 2674 1011 2720 τὼν
1066 2668 1268 2745 exspor...
1336 2673 1667 2744 ὡμολογήθη.
1718 2682 1819 2728 Τοῦ

219 2756 396 2827 θυμοῦ
455 2751 514 2807 δὲ
566 2756 834 2827 θήγοντος,
887 2756 1022 2809 ἅπαν
1072 2762 1130 2810 τὸ
1185 2760 1419 2832 ἔγκλημα
1457 2761 1823 2835 προσαψαντες

216 2851 297 2914 τῷ
328 2840 527 2915 Ἰούδᾳ,
570 2842 747 2896 λοιπὸν
792 2845 964 2917 αὐτοὶ,
1005 2854 1076 2899 τῶ
1106 2850 1258 2901 πάθει
1296 2851 1586 2922 μεθύοντες,
1621 2851 1703 2904 ἐπὶ
1736 2856 1821 2906 τὸν

220 2936 379 3004 φόνον
406 2932 676 3003 ἁπείγοντο
712 2934 819 3006 (97)
830 2974 842 2987 .

306 3060 402 3109 Καὶ
458 3087 528 3097 --
578 3055 863 3129 ἀπήγξατο.
910 3063 980 3113 Τὸ
1032 3062 1121 3134 μὲν
1179 3062 1667 3136 ἐξομολογήσασθαι
1728 3073 1822 3127 τὴν

1920 564 2073 619 Erat
2113 570 2299 619 autem
2334 578 2522 632 mane,
2553 569 2605 618 et
2636 563 2756 632 ipsi
2782 580 2902 619 non
2936 562 3294 619 introierunt
3321 561 3386 617 in
3421 576 3576 631 prae-

1925 653 2164 718 torium,
2216 659 2285 707 ut
2326 669 2437 707 non
2485 655 3060 719 contaminarentur,
3097 651 3192 705 sed
3236 657 3301 706 ut
3347 651 3577 707 ederent

1921 741 2146 811 pascha
2180 742 2221 793 ⁵.
2255 742 2364 796 Per
2393 746 2577 797 totam
2610 742 2771 796 enim
2802 748 3039 797 noctem
3078 741 3577 798 examinaverant

1925 846 2082 896 eum,
2117 835 2173 886 et
2199 845 2359 886 nunc
2386 831 2505 901 (pp)
2533 830 2985 886 transferebant.
3012 830 3144 901 Sed,
3180 847 3213 884 o
3235 827 3571 885 insaniam!

1926 919 2151 977 caedem
2179 923 2581 991 perpetrantes
2611 923 2669 974 et
2703 918 2780 974 ad
2814 924 3068 974 mortem
3097 918 3420 984 tradentes,
3452 933 3576 973 non

1926 1008 2219 1079 putabant
2259 1024 2321 1063 se
2367 1008 2661 1079 inquinari
2695 1023 2707 1061 :
2753 1007 2982 1075 ingredi
3031 1011 3233 1062 autem
3274 1007 3352 1062 ad
3394 1006 3576 1061 tribu-

1927 1097 2040 1162 nal,
2074 1096 2648 1154 contaminationem
2660 1095 2982 1161 ducebant,
2998 1094 3575 1167 culicemliquantes,

1927 1191 1982 1243 et
2007 1185 2305 1243 camelum
2342 1185 2679 1255 glutientes.

2202 1309 2352 1366 CAP.
2380 1309 2589 1366 LXVII.
2621 1309 2698 1365 De
2724 1309 2898 1367 Judae
2931 1307 3290 1379 poenitentia.

1997 1420 2160 1474 Vers.
2193 1417 2248 1473 3.
2300 1414 2459 1474 Tunc
2488 1454 2558 1464 —
2600 1415 2764 1475 Vers.
2814 1421 2866 1473 4.
2924 1418 3307 1473 innocentem.
3356 1414 3577 1471 Videns

1926 1508 2090 1578 quod
2138 1509 2215 1563 ad
2262 1516 2514 1567 mortem
2558 1510 2997 1569 condemnatus
3042 1510 3197 1563 esset.
3254 1522 3290 1561 a
3353 1505 3577 1561 Iudaeis

1927 1598 2206 1653 Christus.
2255 1598 2576 1670 Oportebat
2605 1605 2805 1657 autem
2849 1602 2985 1654 ante
3032 1595 3423 1669 proditionem
3454 1610 3575 1666 pne-

1929 1687 2173 1743 nitentia
2211 1689 2368 1744 duci.
2409 1691 2522 1745 Sed
2560 1691 2697 1746 talis
2740 1687 3123 1744 estdiabolus
3159 1692 3332 1741 :ante
3372 1699 3578 1756 pecca-

1926 1782 2053 1832 tum
2082 1792 2201 1833 nou
2232 1780 2513 1849 permittit
2537 1780 2732 1835 videre
2772 1777 3021 1841 malum,
3068 1790 3141 1831 ne
3173 1781 3458 1847 sequatur
3487 1789 3575 1829 re-

1927 1869 2261 1938 sipiscentia
2292 1886 2303 1923 :
2340 1877 2661 1942 postquam
2701 1872 2903 1924 autem
2936 1872 3249 1939 peccatum
3291 1864 3577 1921 omnibus

1925 1957 2190 2011 numeris
2235 1964 2325 2013 est
2371 1958 2693 2030 expletum,
2746 1957 2939 2012 videre
2980 1955 3284 2027 permittit,
3319 1960 3381 2008 ut
3422 1967 3575 2008 mce-

1926 2060 2057 2101 rore
2096 2045 2326 2111 adiciat,
2372 2052 2426 2102 et
2456 2047 2514 2100 in
2554 2046 3032 2118 desperationem
3064 2041 3403 2115 praecipitet.
3436 2042 3576 2097 Pec-

1925 2136 2071 2199 cavi,
2128 2136 2340 2206 inquit,
2402 2134 2632 2190 tradens
2680 2135 3025 2206 sanguinem
3077 2133 3461 2198 innocentem,
3514 2132 3583 2186 ut

1927 2223 2352 2279 effunderetur.

1999 2330 2159 2386 Vers.
2203 2331 2254 2385 4.
2284 2333 2365 2386 At
2406 2331 2501 2387 illi
2536 2362 2595 2373 —
2635 2328 2869 2387 videris.
2914 2329 3101 2384 Etiam
3138 2327 3320 2383 Judas
3351 2327 3574 2392 dicens,

1928 2420 2186 2487 Peccavi,
2236 2420 2479 2477 tradens
2525 2420 2875 2490 sanguinem
2926 2420 3306 2482 innocentem,
3362 2416 3578 2487 injuste

1928 2525 2066 2564 eum
2101 2508 2249 2564 mori
2281 2513 2525 2565 testatus
2559 2515 2662 2564 est.
2707 2508 2891 2563 Judaei
2922 2522 3166 2580 quoque
3208 2504 3576 2577 responden-

1931 2604 2036 2663 tes,
2082 2598 2239 2661 Quid
2275 2598 2355 2655 ad
2383 2613 2483 2654 nos
2514 2600 2542 2653 7
2580 2605 2642 2653 tu
2674 2597 2894 2654 videris
2921 2618 2933 2662 ;
2967 2595 3308 2652 testimonio
3340 2593 3465 2665 ejus
3490 2609 3581 2649 as-

1930 2693 2258 2754 senserunt,
2319 2692 2374 2744 et
2434 2687 2762 2751 veritatem,
2819 2686 2955 2741 licet
3021 2685 3270 2751 inimici,
3320 2680 3580 2738 confessi

1934 2782 2113 2830 sunt:
2155 2777 2471 2848 instigante
2504 2780 2704 2833 autem
2754 2773 2971 2841 furore,
3015 2788 3191 2828 omne
3246 2771 3474 2827 crimen
3517 2770 3580 2826 in

1930 2867 2143 2923 Judam
2175 2866 2564 2931 declinantes,
2597 2865 2709 2936 ipsi
2753 2864 3064 2920 atfectione
3104 2863 3230 2933 jam
3280 2860 3448 2928 ebrii,
3503 2860 3581 2917 ad

1931 2958 2152 3013 caedem
2193 2955 2409 3012 Christi
2448 2952 2859 3027 impelluntur.
3284 2968 3287 2969 ν

2002 3067 2163 3123 Vers.
2205 3071 2256 3121 5.
2304 3066 2380 3121 Et
2410 3095 2478 3105 —-—
2516 3079 2575 3121 se
2618 3061 2943 3133 suspendit.
2985 3060 3298 3116 Peccatum
3339 3058 3580 3131 qnidem

224 3143 488 3216 ἁμαρτίαν
532 3142 736 3199 ἐνώπιον
778 3149 1000 3215 πάντων,
1051 3156 1140 3203 καὶ
1188 3155 1244 3203 τὸ
1281 3153 1437 3227 ῥίψαι
1479 3157 1545 3207 τὰ
1576 3154 1820 3230 ἀργύρια,

1933 3172 2134 3212 coram
2163 3155 2446 3211 omnibus
2478 3153 2764 3216 conﬁteri,
2799 3167 2869 3207 ac
2913 3150 3201 3223 projicere
3250 3154 3578 3219 argenteos,

220 3232 559 3306 μεταμελείας
628 3235 752 3288 εἰσί·
806 3240 866 3289 τὸ
931 3234 990 3290 δὲ
1056 3237 1396 3311 ἀπάγξασθαι
1462 3242 1818 3316 ἀπογνώσεως.

221 3321 449 3393 Ἐπέγνω
521 3327 613 3395 μὲν
675 3326 777 3399 γὰρ
842 3328 901 3377 τὸ
954 3330 1133 3395 κακόν,
1193 3334 1281 3381 καὶ
1332 3333 1672 3404 μετεμελήθη,
1734 3341 1823 3389 καὶ

227 3409 681 3500 ἔξωμολογήσατο·
757 3412 850 3466 ούκ
915 3414 1140 3475 ἐζήτησε
1204 3415 1263 3470 δὲ
1324 3427 1637 3495 συγγνώμην
1684 3429 1828 3500 παρὰ

227 3505 322 3551 τοῦ
369 3496 655 3572 δυναμένου
706 3499 889 3555 δοῦναι
925 3507 1145 3563 ταύτην.
1195 3506 1270 3559 Ού
1304 3511 1405 3582 γὰρ
1447 3508 1638 3583 ἀφῆκεν
1674 3496 1827 3567 αὐτὸν

230 3587 259 3639 ὃ
310 3584 550 3651 διάϐολος
586 3600 908 3662 μετανοῆσαι
948 3592 1062 3663 (98)
1102 3599 1234 3669 πρὸς
1280 3600 1366 3649 τὸν
1404 3604 1650 3674 Χριστὸν,
1681 3603 1747 3664 εἰς
1776 3604 1828 3655 ὃν

233 3675 533 3761 ἐξήμαρτεν.
591 3677 720 3731 ἀλλά
769 3681 1094 3755 προεξήγαγε
1154 3692 1334 3738 τοῦτον
1385 3696 1480 3751 τῆς
1534 3698 1823 3764 μετανοίας.

234 3766 303 3825 ὡς
337 3771 406 3838 μὴ
454 3770 668 3841 φέροντα
704 3772 791 3821 τὸν
832 3769 931 3822 ἀπὸ
979 3779 1069 3824 τοῦ
1111 3773 1406 3837 συνειδότος
1444 3777 1678 3852 ἔλεγχον,
1714 3786 1829 3835 Δίον

235 3849 324 3906 οὖν
374 3855 459 3908 ἐπὶ
534 3859 620 3909 τὸν
686 3855 978 3921 ἀνεξίκακον
1036 3868 1215 3914 τοῦτον
1267 3875 1608 3939 καταφυγείν’
1679 3872 1703 3922 ὁ
1772 3867 1831 3923 δὲ

235 3941 439 4018 μᾶλλον
500 3942 583 3997 ἐπὶ
656 3948 741 3998 τὸν
825 3949 1042 4001 θάνατον
1103 3956 1406 4024 κατέφυγεν,
1462 3958 1594 4018 ὅπως
1649 3960 1831 4013 θᾶττον

238 4031 553 4104 ὄιωαλλαγείη
604 4042 700 4096 τῆς
752 4042 1176 4110 κατεγνωσμένης
1222 4046 1311 4094 καὶ
1360 4041 1829 4121 ἐπωδύνουξζωῆς.

239 4127 339 4177 Καὶ
376 4119 497 4176 οὐδὲ
548 4126 734 4177 τούτου
779 4132 1080 4201 παραυτίκα
1113 4132 1421 4203 τετύχηκεν,
1455 4138 1524 4197 ὡς
1568 4119 1825 4210 ἐγλίχετο·

239 4208 582 4298 διάγνωσθεὶς
618 4215 720 4287 γὰρ
752 4215 852 4266 ύπὸ
895 4236 1066 4283 τινων,
1111 4221 1375 4294 καθῃρέθη
1416 4231 1510 4286 τῆς
1561 4208 1819 4298 ἀγχόνης·

240 4296 347 4354 εἶτα
374 4297 422 4351 ἓν
453 4295 717 4361 ίδιάζοντι
740 4306 882 4373 τόπῳ
911 4301 1125 4365 διέζησε
1155 4312 1334 4384 καιρὸν
1365 4308 1554 4384 ὀλίγον,
1715 4317 1827 4392 (99)

238 4393 403 4465 πρηνῆ
414 4410 435 4451 ς
527 4394 816 4462 γενόμενος,
903 4395 1085 4459 εἷτουν,

1194 4406 1523 4473 πεπρησμένο
1534 4425 1573 4473 ς,
1676 4405 1829 4480 ἐξωγ-

1932 3243 2351 3317 ι-θεὶρίςοθηιίεε
2404 3241 2695 3298 fuerunt:
2749 3239 2968 3312 laqueo
3022 3253 3156 3293 vero
3207 3253 3267 3292 se
3322 3250 3584 3307 suspen-

1935 3336 2093 3401 dere,
2126 3330 2579 3404 desperationis.
2624 3329 2880 3399 Agnovit
2910 3325 3206 3399 siquidem
3237 3329 3293 3381 et
3334 3323 3585 3396 penituit

1936 3439 2095 3489 eum,
2124 3438 2192 3478 ac
2223 3419 2529 3477 confessus
2560 3423 2682 3473 est:
2734 3416 2976 3472 veniam
3016 3420 3216 3471 autem
3242 3412 3316 3469 ab
3365 3429 3436 3469 eo
3477 3412 3584 3485 qui

1936 3514 2087 3569 hanc
2118 3511 2261 3567 dare
2310 3511 2555 3582 poterat,
2606 3522 2729 3562 non
2776 3503 3115 3576 requisivit:
3176 3516 3375 3575 neque
3423 3500 3583 3557 enim

1938 3600 2203 3675 permisit
2223 3616 2361 3655 eum
2389 3596 2663 3653 diabolus
2690 3596 2771 3651 sic
2798 3592 3145 3663 paenitentia
3174 3591 3335 3661 duci,
3364 3604 3485 3663 quo
3508 3590 3586 3647 ad

1940 3692 2237 3749 Christum
2268 3690 2374 3744 iret
2404 3690 2465 3742 in
2495 3702 2675 3760 quem
2702 3688 3087 3758 peccaverat:
3125 3681 3232 3737 sed
3260 3682 3421 3737 hunc
3453 3686 3586 3737 ante

1940 3781 2262 3853 perfectam
2286 3777 2693 3850 paenitentiam
2715 3772 2975 3838 abduxit,
2993 3776 3194 3845 utpote
3209 3770 3585 3827 conscientias

1939 3885 2274 3926 remorsum
2315 3883 2435 3922 non
2477 3864 2780 3921 ferentem.
2815 3861 2963 3917 Cum
3004 3875 3146 3929 ergo
3174 3859 3251 3915 ad
3280 3859 3441 3915 hunc
3469 3858 3589 3914 cle-

1940 3957 2383 4015 mentissimum
2414 3952 2733 4022 confugere
2764 3954 3078 4023 oporteret,
3107 3947 3201 4003 ille
3232 3948 3308 4003 ad
3334 3950 3587 4029 mortem

1941 4048 2137 4121 potius
2166 4045 2450 4115 confugit,
2486 4049 2547 4098 ut
2572 4060 2608 4099 a
2637 4042 2956 4112 desperata
2977 4038 3247 4110 tristique
3273 4035 3391 4092 vita
3413 4036 3587 4091 citius

1882 4137 2300 4219 (liberaretur.
2331 4136 2399 4189 Et
2438 4147 2635 4205 neque
2678 4130 2739 4186 id
2786 4127 3066 4184 continuo
3118 4132 3427 4187 assecutus
3475 4129 3601 4205 est,»

1896 4220 2115 4300 (prout
2145 4222 2459 4296 cupiebat:
2494 4221 2730 4290 agnitus
2761 4218 2920 4274 enim
2949 4232 2983 4271 a
3008 4214 3377 4287 quibusdam
3407 4214 3589 4285 depo.

1939 4317 2083 4373 situs
2117 4315 2238 4387 (qq)
2280 4317 2366 4369 est
2403 4327 2476 4367 ne
2507 4308 2964 4383 praefocaretur:
3011 4303 3227 4360 deinde
3266 4309 3589 4376 postquam

1937 4407 1999 4461 in
2026 4408 2243 4459 secreto
2272 4401 2541 4475 quodam
2571 4398 2722 4463 loco,
2760 4395 2999 4451 modico
3018 4393 3265 4448 vixisset
3300 4398 3586 4463 tempore,

243 4480 473 4551 κωμένος,
524 4477 727 4532 ἔλάκισε
766 4482 848 4549 (1)
882 4486 989 4559 stati
1048 4480 1298 4560 διεῤῥάγη
1357 4494 1531 4561 μέσος,
1590 4498 1679 4546 καὶ
1726 4477 1823 4559 ἐξε-

301 4568 347 4585 ,η
429 4568 500 4585 ,ηι
576 4570 586 4583 .
718 4567 737 4585 κ
772 4571 784 4585 ,
1020 4571 1034 4585 ,
1113 4581 1130 4585 _
1272 4579 1327 4585 -.
1596 4584 1603 4585 ,
1663 4581 1678 4585 Α
1727 4583 1739 4585 -

1937 4510 2204 4568 praeceps
2224 4492 2413 4549 factus
2444 4489 2562 4545 sive
2586 4486 3008 4560 praecipitatus,
3032 4483 3296 4551 inﬂatus,
3320 4481 3590 4552 diruptus

243 4568 381 4639 γύθη
425 4568 598 4638 (2)151
646 4567 930 4642 σπλάγχνα
973 4571 1153 4638 αὐτοῦ,
1194 4579 1366 4639 καθώς
1396 4600 1552 4651 φησιν
1583 4584 1611 4640 ἡ
1647 4581 1830 4655 βίϐλος

244 4664 341 4709 τῶν
396 4656 659 4729 Ηράξεων,
736 4659 793 4711 Εἰ
847 4656 906 4711 δὲ
961 4665 1049 4712 καὶ
1112 4666 1403 4737 γέγραπται
1460 4668 1508 4720 ἐν
1562 4670 1690 4745 αὐτῇ
1748 4677 1827 4727 ὅτι

317 4753 336 4788 ⁵
359 4754 526 4810 Joan.
557 4770 717 4822 xvm,
748 4754 840 4815 28.
874 4757 894 4792 ⁹
929 4758 1052 4815 Act.
1088 4776 1127 4826 1,
1161 4759 1245 4817 18.

1938 4601 2006 4641 ac
2023 4581 2285 4638 difﬁssus
2306 4585 2393 4636 est
2416 4577 2674 4639 medius,
2697 4581 2752 4631 et
2768 4574 2959 4630 effusa
2980 4577 3121 4627 sunt
3140 4570 3346 4626 omnia
3364 4571 3592 4626 viscera

1937 4672 2083 4746 ejus,
2114 4672 2264 4727 sicut
2307 4670 2389 4727 ait
2426 4667 2576 4724 liber
2608 4668 2886 4721 Actorum
2926 4663 2969 4719 θ.
3020 4659 3191 4726 Quod
3220 4658 3267 4714 si
3321 4658 3499 4716 etiam
3528 4657 3592 4712 in

1442 4855 1660 4928 Variae
1705 4860 2034 4935 lectiones
2087 4872 2154 4931 et
2190 4850 2389 4927 notae.

318 4948 439 5040 (97)
461 4931 766 5040 ῘΥττείγοντΙα
810 4956 877 5022 Α,
923 4955 1088 5028 quod
1114 4932 1276 5018 nihili
1305 4966 1414 5021 est.
1466 4970 1664 5040 Neque
1700 4931 1834 5031 ὑπέδζ

245 5039 386 5094 γοντο
417 5027 871 5094 conjiciendum.

317 5094 425 5182 (βξ)
459 5094 810 5182 "fientenius
859 5098 1105 5182 videtur.
1144 5104 1362 5174 legisse
1418 5121 1830 5182 μετανοστῆσαι,

246 5163 599 5290 Ἣιοά.ωἱὴί
640 5168 817 5224 etiam
857 5171 917 5224 in
952 5163 1234 5231 mentemv
1250 5163 1511 5257 venerat,
1558 5163 1839 5244 uenditi;

247 5252 265 5290 1
310 5242 904 5290 iusinternretatione
931 5241 1187 5290 insnenta
1774 5258 1777 5259 ν

247 5243 904 5313 iuiusinterpretatione
930 5243 1218 5313 inspecta.

316 5305 451 5393 (99,);
470 5305 678 5381 [πρηνής
696 5316 803 5393 ,εει
819 5305 1068 5393 pronus.
1100 5316 1251 5388 Ergo
1275 5320 1677 5393 interpretatio
1702 5327 1836 5385 huic

247 5375 523 5473 Ioco-Eon
539 5375 832 5473 convenit:
846 5375 1209 5473 Creldqerg‘o'
1218 5375 1836 5473 E'thhymiui'u'Ieg—iss-e

247 5450 514 5577 Εἰέἶξὲξς,
553 5456 613 5507 ut
651 5458 738 5533 est
775 5454 834 5510 in
867 5455 1093 5513 scholio
1118 5450 1489 5537 Epolliparii,
1510 5450 1837 5553 inw

462 5524 816 5595 squensibus
847 5528 923 5583 ad
957 5527 1116 5585 hunc
1141 5531 1360 5592 locum.
1382 5539 1531 5596 Nam
1561 5540 1837 5611 adjectivx

315 5616 437 5691 (pp)
475 5619 671 5678 Nunc.
700 5624 822 5681 Non
861 5629 951 5684 est
978 5626 1043 5684 in
1068 5628 1290 5688 Graeco.

1940 4974 2183 5046 πρηττής
2202 4966 2479 5039 equidem
2505 4960 2784 5031 exempla
2805 4958 3035 5027 ignoro.
3057 4953 3200 5009 Vide
3226 4951 3404 5034 etiam
3427 4950 3592 5007 Mun-

1940 5042 2427 5079 mnimmomantn
2447 5034 2686 5079 Patrum
2704 5031 3063 5079 (ἴκτεροι-ιλιι).
3095 5028 3317 5079 Fascio.
3340 5027 3378 5079 I.
3398 5040 3460 5079 D.
3488 5024 3552 5078 17
3574 5039 3591 5079 ζ

1939 5028 2432 5107 terinFragmenta
2446 5028 3063 5090 Patrum'Grtecorum.
3095 5028 3317 5082 Fascic.
3340 5028 3460 5095 ιιι).
3488 5028 3610 5101 17;:

1942 5110 2169 5169 Ha‘fniaa
2209 5108 2427 5173 t788,8.
2455 5105 2661 5162 Nititur
2690 5107 2888 5157 autem
2907 5099 3037 5173 haec
3067 5104 3184 5173 tota
3200 5109 3294 5152 res
3315 5094 3594 5173 fabulosa

1892 5238 1893 5243 η
1940 5168 2276 5260 οιᾋνᾶείρε
2314 5168 2654 5260 narratione.
2683 5170 3195 5260 Papiaenhomi‘n‘is
3247 5168 3501 5260 uulgacis‘
3523 5183 3594 5223 ac

1940 5239 2170 5312 sane;
2198 5252 2359 5307 ﬁdei.
2403 5252 2516 5304 Nec
2563 5246 2724 5302 enim
2765 5239 3043 5317 ἔξηγήσεις
3084 5241 3202 5309 ille,
3235 5239 3343 5295 sed
3397 5239 3594 5312 μύθους

1945 5326 2201 5397 scripsit.
2229 5394 2241 5397 _
2306 5384 2311 5389 ,
2366 5384 2371 5389 _

2049 5383 2092 5464 ιδ
2122 5401 2204 5452 lta
2229 5384 2433 5464 legunt
2453 5389 2640 5464 etiam
2661 5385 2932 5445 nonnulli
2962 5386 3024 5443 in
3045 5383 3310 5441 Actibus.

2015 5342 2204 5543 figit:
2229 5384 2433 5464 legunt
2453 5389 2635 5447 etiam
2661 5404 2767 5445 nor

2015 5397 2071 5541 (2
2128 5470 2324 5532 Πάντα,
2353 5462 2669 5535 interponit
2698 5465 2767 5518 A.

317 5706 419 5784 (qq)
450 5706 779 5783 Depositus,
811 5718 920 5774 etc.
954 5718 1186 5793 Laqueo
1212 5720 1440 5781 solutus
1461 5729 1579 5789 est.
1606 5726 1782 5790 Forte
1797 5729 2049 5792 κατετέθη
2076 5725 2243 5802 tegit.
