4170 6334
589 342 695 401 707

1947 329 2295 395 EUTHYMII
2314 331 2671 401 'ZIGABENI

3844 334 3957 397 7m

580 486 651 526 eo
670 460 959 541 scriptum
972 466 1082 531 est,
1096 460 1260 540 quod
1273 466 1571 539 praedium
1583 464 1956 538 comparavit
1969 466 2044 521 de
2073 481 2226 521 mer-

2336 468 2593 526 εκτήσατο
2645 471 2843 541 χωρίον
2893 480 2948 521 εκ
3007 469 3206 541 μισθου
3263 474 3357 528 τῆς
3425 463 3657 536 ἀδικίας,
3719 466 3829 519 ἀλλ’
3891 467 3952 519 οὐ

580 559 723 614 cede
752 557 1099 629 iniquitatis,
1130 571 1250 611 non
1278 562 1476 613 tamen
1506 556 1620 612 hoc
1653 556 1761 611 fuit
1789 559 1923 627 post
1955 559 2232 624 strangu-

574 647 876 708 lationem.
919 651 983 701 ut
1022 644 1270 717 quidam
1316 650 1549 717 putant.
1602 644 1667 700 Id
1711 644 1870 699 enim
1916 643 2231 699 declarans

577 737 1054 809 Chrysostomus,
1087 750 1299 805 agrum
1339 735 1504 805 ﬁguli
1542 735 1724 790 fuisse
1754 735 1895 791 dicit
1933 734 2229 806 pradium

574 826 738 883 illud.
769 824 1029 897 Triginta
1058 822 1357 895 siquidem
1390 824 1653 894 argentei
1684 822 1903 895 quibus
1931 823 2028 879 hic
2058 839 2232 896 para-

576 922 671 975 tus
718 920 807 971 est
856 929 1017 984 ager,
1050 914 1161 985 ipsi
1206 913 1373 969 Juda
1426 929 1652 969 merces
1701 919 1827 968 erat
1875 912 2227 983 iniquitatis,

576 1021 761 1079 quam
820 1004 1105 1061 adversus
1158 1008 1586 1075 praceptorem
1643 1004 2022 1074 perpetravit.
2075 1002 2230 1068 Quid

578 1093 740 1151 enim
777 1092 960 1164 hujus
976 1092 1311 1163 proditione
1334 1092 1592 1163 iniquius
1612 1090 1640 1145 i
1656 1090 2069 1161 lntelligamus
2088 1107 2231 1163 ergo

575 1184 680 1256 qui
711 1182 939 1252 argenti
965 1197 1176 1236 sumus
1229 1186 1549 1247 amatores,
1594 1179 1906 1252 quomodo
1951 1180 2136 1237 ludas
2173 1183 2231 1237 et

578 1275 891 1345 peccatum
912 1268 1291 1342 perpetravit,
1315 1275 1371 1324 et
1401 1270 1665 1341 pecunia
1688 1268 1949 1325 fructum
1975 1283 2097 1325 non
2128 1284 2226 1325 ac-

579 1361 752 1435 cepit,
782 1364 835 1416 et
860 1360 1163 1432 propriam
1196 1360 1460 1414 animam
1493 1357 1773 1430 perdidit.

650 1469 808 1523 Vers.
855 1468 912 1523 9.
950 1464 1246 1535 Principes
1273 1495 1341 1507 —
1386 1467 1489 1521 est.
1549 1464 1929 1535 Impudenter
1972 1463 2230 1519 fatentur

577 1557 834 1628 pretium
873 1571 1000 1610 esse
1048 1554 1359 1623 sanguinis
1414 1553 1539 1609 sive
1598 1553 1778 1609 cadis
1838 1558 2223 1624 emptionem.

577 1644 880 1701 Corbonas
926 1648 1124 1699 autem
1178 1650 1305 1698 erat
1377 1641 1634 1698 thesauri
1688 1640 2107 1715 repositorium
2166 1641 2227 1697 in

576 1733 819 1807 templo,
851 1735 965 1791 hoc
986 1740 1095 1799 est,
1128 1733 1429 1789 donorum
1456 1734 1919 1805 receptaculum.
1947 1732 2093 1788 Puto
2126 1748 2226 1786 au-

576 1831 695 1882 tem
721 1824 784 1879 id
816 1824 997 1880 fuisse
1015 1822 1180 1894 quod
1192 1822 1502 1878 dicebatur
1519 1822 2044 1895 Gazophylacium.
2068 1821 2228 1878 Gaza.

577 1914 737 1970 enim
764 1913 1053 1969 Romanis
1082 1911 1300 1967 divitia
1325 1911 1725 1983 appellantur.

648 2020 811 2075 Vers.
843 2021 895 2072 7.
932 2017 1187 2075 Consilio
1216 2021 1411 2074 autem
1444 2018 1594 2073 inito
1622 2046 1691 2056 -—-
1720 2015 1879 2072 Vers.
1916 2018 1968 2071 8.
2002 2014 2229 2071 hodier-

577 2125 719 2166 num
751 2108 924 2165 diem.
957 2107 1136 2163 Multo
1175 2106 1391 2162 melius
1426 2122 1508 2162 eis
1550 2106 1751 2162 fuisset
1788 2106 1898 2161 hos
1926 2105 1989 2160 in
2019 2104 2228 2160 corbo-

577 2214 719 2254 nam
742 2197 974 2253 misisse
1003 2213 1015 2251 :
1042 2211 1423 2268 nequaquam
1446 2195 1605 2250 enim
1628 2194 1791 2267 quod
1824 2198 2229 2266 perpetratum

578 2293 666 2344 est
681 2285 834 2343 adeo
864 2284 1239 2355 divulgatum
1261 2284 1481 2340 fuisset.
1507 2284 1622 2357 Ipsi
1659 2298 1798 2338 vero
1837 2282 1915 2338 ad
1949 2282 2231 2351 redargu-

579 2376 801 2433 tionem
840 2374 978 2431 {adi
1031 2372 1339 2431 homicidii
1367 2372 1456 2428 sui
1488 2388 1701 2443 agrum
1732 2376 2020 2437 emerunt,
2056 2371 2228 2441 cujus

575 2480 799 2521 nomen
852 2464 996 2521 tuba
1057 2464 1276 2519 clarius
1325 2461 1469 2517 illud
1496 2461 1847 2533 publicaret.
1890 2464 2084 2533 Neque
2115 2460 2228 2515 hoc

576 2560 881 2627 utcunque
924 2553 1169 2617 faciunt,
1207 2551 1315 2607 sed
1357 2557 1601 2624 sumpto
1640 2551 1788 2607 inter
1835 2566 1898 2608 se
1944 2548 2223 2606 consilio:

576 2644 803 2717 ubique
827 2642 985 2699 enim
1018 2641 1332 2697 consilium
1364 2642 1589 2709 ineunt,
1636 2646 1697 2696 ut
1731 2656 1911 2696 nemo
1942 2639 2228 2695 immunis

575 2732 963 2803 relinquatur.
988 2730 1163 2786 Liber
1188 2745 1425 2801 quoque
1450 2732 1731 2785 Actorum
1757 2728 1839 2784 ait
1858 2729 1899 2791 ⁷,
1936 2728 2228 2800 pradium

577 2820 724 2875 illud
767 2825 1046 2875 vocatum
1085 2833 1215 2873 esse
1257 2818 1595 2881 Aceldema,
1638 2816 1749 2871 hoc
1781 2820 1886 2881 est,
1931 2816 2226 2888 praedium

578 2908 906 2977 sanguinis.
942 2908 1054 2965 Hic
1084 2908 1286 2977 itaque
1313 2912 1397 2963 est
1423 2921 1565 2976 ager
1594 2904 1669 2961 de
1698 2921 1820 2978 quo
1846 2904 1943 2961 ille
1971 2905 2121 2962 liber
2147 2905 2230 2962 lo-

576 2996 804 3069 quitur.

650 3102 810 3157 Vers.
831 3102 882 3156 9.
916 3100 1078 3157 Tunc
1106 3099 1351 3156 —Vers.
1382 3102 1464 3155 l0.
1493 3099 1786 3155 Dominus.
1829 3098 1892 3154 ln
1927 3097 2078 3156 libro
2104 3100 2229 3174 qui-

574 3190 714 3247 dem
731 3188 1768 3262 Jeremiaquicommuniterlegitur,
1800 3188 1915 3244 hoc
1941 3190 2226 3262 scriptum

572 3296 697 3337 non
728 3286 834 3345 est,
867 3283 1046 3335 restat
1076 3294 1217 3348 ergo
1245 3284 1307 3333 ut
1332 3280 1393 3334 in
1425 3271 1772 3350 apocrypha
1786 3278 1914 3348 ejus
1939 3281 2228 3350 scriptum

574 3370 647 3427 sit
672 3367 1023 3439 (Verisimile
1055 3368 1232 3424 etiam
1278 3372 1364 3424 est
1396 3366 1787 3438 postmodum
1832 3367 2069 3439 abjecta
2099 3368 2227 3425 hac

573 3473 701 3516 esse
725 3458 803 3515 ab
828 3474 898 3514 eo
924 3457 1078 3513 libro
1110 3457 1207 3529 qui
1238 3456 1470 3527 legitur,
1497 3456 1636 3512 dolo
1658 3473 1727 3512 ac
1750 3456 1973 3513 malitia
1993 3458 2225 3513 Judao-

572 3562 732 3611 rum,
759 3547 913 3603 sicut
942 3545 1123 3603 etiam
1154 3547 1214 3601 in
1242 3546 1451 3601 multis
1482 3545 1609 3601 aliis
1638 3546 1837 3601 verbis
1868 3546 1979 3619 (rr)
2003 3545 2225 3602 factum

574 3635 710 3707 est.)
740 3639 1111 3707 Acceperunt
1147 3649 1289 3704 ergo
1332 3634 1552 3689 summi
1592 3634 1931 3691 sacerdotes
1970 3635 2225 3708 pretium

572 3723 787 3781 Christi
820 3723 1233 3796 pretiosissimi
1258 3739 1439 3797 quem
1474 3723 1918 3781 astimaverunt
1946 3725 2050 3797 qui
2090 3728 2227 3781 sunt

573 3828 611 3870 a
638 3812 780 3870 filiis
802 3812 1001 3879 Israel,
1038 3811 1311 3868 videlicet
1339 3810 1622 3867 Israelita.
1658 3810 1802 3868 Dicit
1850 3819 2048 3869 autem
2096 3829 2226 3869 eos-

569 3902 711 3960 dem
743 3918 1017 3959 summos
1044 3901 1407 3969 sacerdotes,
1442 3901 1688 3975 quando
1719 3901 1796 3957 ad
1828 3918 1929 3958 eos
1959 3902 2105 3958 dixit
2129 3901 2226 3958 Ju-

570 3991 677 4050 das
704 4008 718 4047 :
743 3992 895 4059 Quid
920 3992 1100 4048 vultis
1131 3990 1277 4048 mihi
1306 3990 1473 4054 dare,
1507 3997 1557 4047 et
1608 4006 1705 4061 ego
1741 3992 1898 4048 vobis
1928 4008 2056 4049 eum
2105 3998 2227 4049 tra-

570 4082 709 4139 dam
738 4081 758 4117 ³
785 4082 813 4138 ‘I
853 4083 924 4137 At
953 4080 1037 4135 illi
1075 4078 1510 4135 constituerunt
1540 4078 1591 4135 ei
1625 4079 1864 4150 triginta
1895 4085 2222 4151 argenteos.

574 4169 882 4227 Constituit
908 4169 1065 4233 mihi,
1099 4168 1214 4223 hoc
1235 4172 1339 4231 est,
1369 4166 1520 4222 dixit
1546 4167 1679 4221 mihi
1701 4168 2011 4223 Dominus.

642 4259 801 4313 Vers.
831 4256 919 4314 11.
944 4258 1110 4311 Jesus
1130 4264 1328 4311 autem
1355 4286 1416 4294 —
1439 4255 1709 4323 praside.
1740 4255 1847 4312 Ubi
1877 4272 2015 4313 eum
2036 4257 2228 4314 addu-

570 4344 797 4401 xissent
835 4343 913 4400 ad
946 4343 1311 4415 pratorium,
1344 4342 1482 4398 dicit
1515 4345 1794 4410 Joannes,
1836 4345 2001 4417 quod
2049 4348 2227 4405 exivit

571 4434 654 4493 ad
680 4448 782 4489 eos
810 4432 1047 4499 Pilatus,
1077 4438 1133 4489 et
1164 4432 1246 4488 ait
1272 4449 1284 4488 :
1326 4432 1512 4500 Quam
1541 4436 1971 4491 accusationem
2003 4436 2224 4507 affertis

574 4524 853 4580 adversus
878 4522 1161 4580 hominem
1182 4523 1335 4579 hunc
1355 4522 1382 4577 ‘I
1402 4521 1916 4591 Responderuntet
1939 4527 2223 4584 dixerunt

572 4612 628 4670 ei
646 4631 659 4673 :
690 4611 822 4669 Nisi
841 4619 979 4669 esset
1002 4612 1099 4668 hic
1118 4612 1491 4683 male/actor,
1512 4628 1630 4667 non
1656 4612 1761 4669 tibi
1785 4615 2223 4672 tradidissemus

573 4717 726 4759 eum.
760 4699 925 4757 Dixit
956 4714 1102 4772 ergo
1132 4702 1211 4757 eis
1228 4701 1457 4756 Pilatus
1490 4720 1503 4760 :
1537 4701 1764 4758 Sumite
1784 4719 1912 4758 eum
1946 4720 2043 4759 vos
2070 4709 2122 4759 et
2146 4721 2226 4759 se-

569 4791 816 4847 cundum
842 4792 1013 4862 legem
1045 4796 1297 4846 vestram
1327 4788 1586 4857 iudicate
1616 4805 1748 4846 eum
1789 4793 1832 4859 9,
1862 4797 1973 4847 etc.
2007 4792 2095 4846 Illi
2120 4794 2222 4849 ita-

571 4893 690 4951 que
716 4878 1083 4936 tradiderant
1107 4894 1242 4935 eum
1272 4877 1459 4934 Pilato
1480 4878 1557 4933 ad
1580 4877 2082 4945 interﬁciendum,
2101 4894 2222 4937 non

571 5031 752 5114 ττΑοι.
786 5071 825 5123 ι,
854 5056 945 5115 ts.
979 5056 999 5091 ε
1030 5056 1231 5114 Matth.
1265 5055 1587 5124 xxv1,i5.9
1619 5055 1790 5114 Joan.
1829 5072 1982 5128 xvm,
2009 5058 2199 5119 29-31.

2257 4158 2305 4217 D

2334 558 2466 627 μετὰ
2505 561 2601 615 τὴν
2638 556 2898 628 ἀγχόνην,
2925 557 2994 619 ὣς
3022 576 3155 619 τινες
3185 560 3406 615 οἴονται.
3441 562 3603 609 Τοῦτο
3635 560 3740 629 γὰρ
3774 554 3951 630 ἑρμη-

2335 648 2489 696 νεύων
2565 648 2592 698 ὀ
2668 652 3067 719 Χρυσόστομος,
3143 650 3231 699 τὸν
3310 645 3469 719 ἀγρὸν
3534 653 3628 698 τοῦ
3680 650 3955 719 κεραμέως

2338 734 2467 785 εἶναι
2502 738 2561 787 τὸ
2598 740 2798 809 χωρίον
2838 734 2997 789 ἐκεῖνο
3035 735 3193 806 λέγει.
3243 738 3322 789 Τὰ
3359 736 3639 809 τριάκοντα
3687 737 3799 809 γὰρ

2336 825 2513 895 γύρια,
2558 822 2611 886 ίξ
2656 825 2725 875 ὧν
2754 826 3024 899 ἠγοράσθη
3068 825 3237 889 οὗτος,
3271 826 3462 895 μισθὸς
3491 825 3623 881 ἦσαν
3655 832 3729 895 τῷ
3763 820 3957 895 Ἰούδᾳ

2336 920 2427 972 τῆς
2461 908 2675 973 ἀδικίας
2729 922 2823 975 τῆς
2859 913 2928 975 εἰς
2976 916 3062 965 τὸν
3112 909 3458 968 Διδάσκαλον.
3499 918 3563 966 Τί
3595 915 3696 988 γὰρ
3746 909 3956 965 ἀδικώ-

2338 1019 2479 1072 τερον
2531 1010 2623 1063 τῆς
2670 998 2962 1077 προδοσίας
3005 1002 3210 1069 αύτοῦ;
3263 1002 3615 1074 Ἐννοὴσωμεν
3666 1005 3851 1054 τοίνυν
3902 1004 3954 1053 oi

2337 1088 2664 1164 φιλάργυροι,
2716 1099 2824 1154 πῶς
2869 1092 2895 1143 ὁ
2942 1088 3150 1153 Ἰούδας
3196 1095 3286 1145 καὶ
3320 1096 3411 1150 τὴν
3464 1090 3725 1164 ἁμαρτίαν
3768 1090 3956 1164 εἰργά-

2338 1197 2485 1242 σατο,
2543 1184 2631 1231 καὶ
2689 1188 2787 1231 τῶν
2843 1181 3135 1254 χρημάτων
3197 1179 3291 1233 ούκ
3345 1178 3639 1247 ἀπήλαυσε,
3695 1183 3793 1233 καὶ
3853 1184 3958 1237 τὸν

2341 1263 2481 1319 ἰδίαν
2518 1267 2706 1340 ψυχὴν
2746 1267 3027 1329 ἀπώλεσεν.

2408 1448 2473 1499 Oi
2529 1476 2595 1486 —
2656 1444 2815 1501 ἔστιν.
2894 1446 3353 1519 ’Δνεπαισχύντως
3421 1446 3793 1519 ὁμολογοῦσιν,
3866 1448 3954 1499 ὅτι

2335 1540 2459 1608 τιμὴ
2515 1537 2731 1596 αἵματός
2796 1535 2956 1603 ἔστιν,
3016 1539 3199 1600 εἶτουν,
3256 1537 3359 1594 ὠνὴ
3426 1541 3598 1608 φόνου.
3679 1533 3955 1606 Κορϐονείς

2338 1622 2396 1678 δι
2437 1622 2497 1683 ἦν
2543 1629 2602 1677 τὸ
2632 1631 2725 1677 τοῦ
2753 1633 2878 1677 ναοῦ
2911 1625 3419 1699 θησαυροφυλάκιον,
3461 1629 3518 1677 τό
3553 1621 3949 1699 δωρὸδοχείον.

2338 1712 2501 1786 Οἶμαι
2545 1711 2604 1767 δε
2633 1722 2785 1767 τοῦτο
2830 1712 2959 1767 εἶναι
2992 1718 3051 1766 τὸ
3098 1714 3368 1787 λεγόμενον
3407 1714 3801 1786 γαζοφυλάκιον

2336 1806 2479 1865 Γάζα
2502 1807 2600 1879 γὰρ
2627 1806 2770 1877 παρὰ
2791 1803 3067 1876 Ῥωμαίοις
3095 1806 3121 1855 ὁ
3148 1804 3363 1865 πλοῦτος
3391 1803 3645 1859 καλεῖται.

2406 1997 2718 2071 Συμϐούλιον
2774 1993 2832 2051 di
2870 1997 3111 2061 λαϐόντες
3150 2028 3218 2037 -—-
3260 2002 3509 2072 σήμερον.
3562 1996 3700 2051 Πολύ
3732 1998 3950 2053 κάλλιον

2336 2086 2395 2147 ἧν
2437 2088 2614 2149 αὐτοῖς
2662 2088 2728 2148 εἰς
2766 2090 2850 2140 τὸν
2894 2086 3140 2162 κορϐονᾶν
3182 2095 3349 2139 ταῦτα
3393 2086 3596 2161 βαλεῖν
3646 2088 3704 2141 ού
3735 2092 3843 2163 γὰρ
3887 2091 3950 2143 ἅτ

2337 2178 2470 2229 οὕτω
2514 2172 2810 2234 κατάδηλον
2849 2180 2906 2228 τὸ
2939 2177 3016 2247 (4)
3062 2183 3281 2250 πρᾶγμα
3329 2175 3549 2248 ίγίνετο.
3610 2180 3675 2229 Οἱ
3722 2175 3782 2231 δε
3812 2183 3953 2252 πρὸς

2336 2266 2548 2337 ἔλεγχον
2578 2274 2666 2326 τῆς
2708 2266 2876 2318 αὐτῶν
2907 2270 3203 2339 μιαιφονίας
3234 2266 3504 2339 ἠγόρασαν
3534 2270 3623 2319 τὸν
3669 2264 3856 2340 ἀγρὸν,
3889 2269 3951 2321 οὗ

2336 2356 2395 2405 τό
2437 2358 2596 2426 ὄνομα
2623 2354 2906 2426 σάλπιγγος
2935 2354 3289 2428 λαμπρότερον
3329 2357 3527 2412 ταύτην
3561 2353 3939 2431 ἀνακηρύττει.

2341 2447 2439 2496 Καὶ
2492 2439 2615 2496 ούδε
2672 2443 2845 2503 ἁπλῶς
2899 2451 3048 2496 τοῦτο
3112 2450 3372 2508 ποιοῦσιν,
3428 2441 3559 2496 ἀλλὰ
3624 2444 3947 2518 συμϐούλιον

2336 2531 2595 2594 λαϐόντες’
2644 2537 2733 2584 καὶ
2769 2540 3044 2603 πανταχοῦ
3092 2531 3403 2601 συμϐούλιον
3438 2532 3792 2606 λαμϐάνουσιν
3831 2536 3943 2606 (5),

2336 2623 2419 2673 ἶνα
2459 2617 2643 2694 μηδεὶς
2692 2618 2859 2684 ἁθῶος
2906 2621 3209 2694 ὑπολειφθῇ.
3271 2626 3371 2674 Καὶ
3425 2622 3454 2681 ἡ
3507 2621 3687 2695 βίϐλος
3739 2620 3800 2676 δὲ
3834 2633 3944 2676 τῶν

2339 2710 2577 2785 [Ιράξεὼν
2622 2730 2751 2783 φησι
2792 2710 3046 2769 κληθῆναι
3096 2713 3153 2763 τό
3184 2715 3384 2786 χωρίον
3425 2714 3579 2765 ἐκεῖνο
3612 2709 3938 2784 Ἁκελδαμά,

2336 2804 2591 2863 τουτέστι,
2623 2804 2821 2875 χωρίον
2865 2800 3103 2872 αἳματος.
3145 2799 3305 2853 Ὠστε
3350 2805 3498 2853 τοῦτό
3538 2799 3662 2865 ἐστι,
3704 2805 3820 2874 πιρί
3861 2801 3940 2852 οὗ

2335 2886 2546 2947 κάκείνη
2578 2888 2734 2961 λέγει.

2405 3108 2533 3157 Τότε
2575 3134 2645 3145 -
2699 3105 2907 3179 Κύριος.
2957 3101 3035 3156 Ἐν
3083 3111 3146 3176 τῇ
3197 3101 3655 3177 ἀναγινωσκομένη
3710 3104 3801 3177 μεν
3844 3100 3946 3175 βί-

2336 3191 2438 3264 ϐλῳ
2490 3199 2580 3244 τοῦ
2617 3192 2861 3265 Ἰερεμίου
2907 3199 3060 3245 τοῦτο
3114 3191 3173 3243 ού
3215 3195 3534 3266 γέγραπται.
3598 3194 3794 3245 Λοιπὸν
3850 3187 3940 3242 οὖν

2336 3280 2384 3333 ἕν
2432 3288 2493 3353 τῇ
2546 3278 2827 3356 ἀποκρύφῳ
2874 3279 3032 3332 αὑτοῦ
3082 3282 3375 3353 ἱστόρηται.
3425 3279 3606 3353 [Εἰκὸς
3761 3276 3823 3332 δε
3851 3284 3944 3331 καὶ

2335 3371 2550 3443 ὕστερον
2607 3368 2919 3427 ἐκϐληθῆναι
2974 3375 3141 3421 ταῦτα
3196 3366 3297 3421 ἀπὸ
3363 3377 3457 3431 τῆς
3524 3367 3944 3441 ἀναγινωσκομά⁴

2334 3478 2427 3520 νης
2470 3458 2525 3511 ἐκ
2572 3463 2885 3533 κακουργίας
2923 3466 3023 3510 τῶν
3074 3454 3368 3526 Ἰουδαίων,
3424 3460 3546 3531 ὅπερ
3586 3463 3677 3510 καὶ
3726 3456 3813 3509 ἐπὶ
3854 3456 3944 3508 ἀλ-

2333 3548 2430 3601 λων
2485 3547 2655 3623 ῥητῶν
2711 3545 2954 3619 ἐγένετο]
3008 3545 3224 3599 Ἐλαϐον
3278 3546 3367 3598 οὖν
3425 3549 3473 3598 οἰ
3526 3545 3790 3620 ἀρχιερεῖς
3843 3550 3944 3604 τὴν

2334 3638 2460 3695 ὧνὴν
2516 3644 2608 3688 τοῦ
2657 3640 2915 3708 παντίμου
2977 3643 3232 3708 Χριστοῦ,
3286 3638 3341 3687 ὃν
3406 3630 3781 3708 διπιμήσαντο
3835 3634 3942 3687 ἀπὸ

2334 3728 2456 3778 υἱῶν
2502 3724 2741 3797 Ἰσραὴλ,
2773 3728 2955 3796 ἤγουν,
2990 3727 3038 3775 οὶ
3076 3722 3417 3798 Ἰσραηλῖται.
3452 3728 3605 3797 Λέγει
3644 3721 3704 3777 δι
3743 3724 3941 3786 αὐτούς

2332 3819 2449 3874 τούς
2499 3814 2787 3888 ἀρχιερεῖς,
2842 3815 2923 3865 ὅτε
2969 3817 3092 3888 πρὸς
3145 3814 3333 3876 αύτούς
3391 3809 3527 3867 εἶπεν
3590 3809 3814 3875 Ἰούδας
3876 3818 3942 3866 Τί

2337 3904 2499 3957 θέλετέ
2564 3922 2653 3974 μοι
2723 3899 2926 3970 δοῦναι,
2985 3901 3131 3974 κάγώ
3185 3904 3306 3975 ύμῖν
3371 3898 3678 3978 παραδώσω
3736 3902 3939 3969 «urbe;

2336 3994 2401 4045 Oi
2432 3989 2490 4045 δι
2530 3994 2754 4050 ἔστησαν
2790 3990 2929 4063 αύτῷ
2962 3993 3241 4065 τριάκοντα
3280 3989 3527 4067 ἀργύρια.
3570 3991 3815 4055 Συνίταξί
3849 4010 3943 4065 μοι

2337 4079 2395 4135 δι
2423 4080 2537 4134 ἀντὶ
2577 4088 2691 4151 τοῦ,
2724 4076 2834 4133 εἶπί
2861 4100 2973 4153 μοι.

2404 4259 2463 4313 Ὀ
2516 4255 2573 4313 δι
2614 4257 2820 4323 Ἰησοῦς
2860 4290 2925 4299 -
2972 4259 3249 4331 ἡγεμόνος.
3295 4256 3626 4330 Ἀγαγὸντων
3671 4255 3827 4310 αύτὸν
3874 4257 3946 4319 εἰς

2334 4354 2391 4402 τό
2435 4354 2770 4424 πραιτώριον,
2814 4352 2971 4420 φησὶν
3019 4349 3044 4399 ὁ
3077 4347 3317 4408 Ἰωάννης
3350 4348 3430 4399 ὅτι
3480 4345 3686 4408 ίξῆλθεν
3718 4347 3743 4396 ὁ
3777 4345 3944 4399 Πιλά-

2333 4458 2420 4501 τος
2467 4442 2599 4512 πρὸς
2645 4434 2854 4503 αύτούς,
2909 4441 2998 4488 καὶ
3048 4432 3173 4488 εἶπε·
3223 4440 3352 4488 Τίνα
3400 4439 3719 4508 κατηγορίαν
3770 4439 3943 4510 φέρετε

2333 4529 2469 4580 κατὰ
2550 4533 2642 4577 τοῦ
2729 4523 3000 4597 ἀνθρώπου
3079 4527 3306 4592 τούτου;
3382 4521 3769 4597 Ἀπεκρίθησαν
3851 4527 3939 4574 καὶ

2335 4613 2473 4668 εἶπον
2539 4612 2699 4683 αύτῷ·
2770 4614 2828 4666 Εἰ
2892 4617 2961 4685 μὴ
3021 4608 3082 4671 ἦν
3145 4610 3293 4675 οὗτος
3352 4613 3654 4675 κακοποιὸς,
3716 4611 3811 4663 ούκ
3872 4612 3931 4661 ὧν

2337 4723 2421 4755 σοι
2476 4699 2851 4777 παρεδώκαμεν
2927 4702 3102 4756 αὐτὸν.
3159 4694 3309 4754 Εἶπεν
3365 4694 3452 4753 οὖν
3506 4699 3685 4762 αύτοῖς
3741 4700 3768 4751 ὁ
3834 4705 3938 4752 [Ιο-

2332 4792 2506 4855 λάτος·
2564 4789 2757 4844 Λάϐετε
2824 4789 2978 4842 αὐτὸν
3053 4791 3218 4863 ὑμεῖς,
3291 4794 3382 4842 καὶ
3443 4790 3577 4841 κατὰ
3637 4788 3725 4841 τόν
3783 4793 3937 4861 νόμον

2333 4882 2478 4955 ύμῶν
2524 4885 2732 4955 κρίνατε
2787 4878 2866 4952 (7)
2915 4882 3092 4945 αὐτὸν,
3145 4882 3233 4931 καὶ
3284 4880 3348 4931 τὰ
3398 4877 3534 4942 ἑξῆς.
3591 4878 3657 4930 Oi
3698 4880 3790 4951 μεν
3834 4880 3937 4951 γὰρ

1781 5181 1999 5253 Varia
2029 5183 2357 5254 lectiones
2384 5192 2449 5253 et
2483 5194 2688 5254 nota.

646 5322 722 5395 (3)
755 5322 919 5389 Quod
945 5322 1306 5381 vocabulum
1334 5324 1634 5383 multoties
1664 5325 1727 5382 in
1756 5328 1821 5384 N.
1854 5328 1912 5383 T.
1946 5328 2221 5388 occurrit.

642 5399 723 5471 (4)
764 5399 832 5448 Τὸ
862 5400 1237 5471 ηπρυψμθυ,
1271 5401 1338 5453 Α·

672 5466 722 5539 5)
756 5466 1132 5539 Λαμϐάνοντες,
1166 5474 1227 5539 ᾼ,

670 5538 729 5609 6)
784 5538 924 5603 Qua
963 5538 1058 5594 hic
1086 5538 1460 5608 inclusimus,
1488 5552 1561 5595 ea
1594 5539 1934 5609 Hentenius,
1967 5546 2025 5599 ut
2055 5542 2226 5601 scho-

703 5322 723 5539 ξ

2330 5327 2479 5401 lium
2508 5343 2585 5401 ex
2612 5327 2882 5401 margine
2919 5325 3009 5401 sui
3057 5322 3286 5383 Codicis
3314 5328 3651 5401 repetitum,
3702 5327 3940 5387 exhibet

2330 5400 2391 5457 in
2421 5398 2539 5455 ﬁne
2570 5397 2767 5469 hujus
2782 5397 3008 5456 scholii.

2348 5488 2375 5537 ἡ·
2518 5475 2778 5537 Κτείνατε,
2806 5475 2863 5529 Β.

645 5715 758 5797 (rr)
780 5715 987 5775 Mulli:
1009 5716 1146 5776 aliis
1171 5715 1352 5775 vobis.
1381 5715 1523 5774 Aliis
1544 5715 1733 5774 dictis.
1765 5718 1979 5778 Multis
1996 5732 2118 5779 non
2136 5724 2245 5779 Ist.
2263 5721 2341 5779 in
2353 5721 2578 5781 Graeco.
2609 5760 2622 5774 ο
