4170 6334
186 346 337 409 709

1176 348 1541 412 COMMENT.
1580 346 1659 411 ῘΝ
1697 344 2139 413 ΜΑΤΤΗᾹΞΗΜ.
2182 391 2247 403 —
2287 360 2446 417 CAP.
2480 359 2709 416 XXVII.

3494 365 3601 420 710

188 473 538 553 παρέδωκαν
621 478 773 531 αὐτὸν
828 498 900 551 τῳ
972 480 1176 552 Πιλάτῳ
1223 484 1354 553 πρὸς
1412 479 1697 556 ἀναίρεσιν,
1772 482 1823 534 οὐ

1948 482 2026 539 ad
2052 484 2505 557 inquirendum.
2567 486 2639 541 At
2674 484 2772 541 ille
2803 502 2925 543 non
2946 486 3097 553 tulit,
3151 492 3213 544 ut
3241 488 3595 563 priusquam

192 571 361 639 πρὸς
414 566 683 630 ἐξέτασιν·
727 570 752 619 6
812 566 872 623 δὲ
935 573 1035 644 πρὸ
1093 570 1369 633 ἐξετάσεως
1430 571 1525 623 οὐκ
1579 573 1835 645 ἠνέσχετο

196 663 410 708 τοῦτον
452 654 663 713 ἀνελεῖν.
696 656 791 710 Δίἁ
818 666 972 711 τοῦτο
1025 662 1170 722 ζητεῖ
1221 661 1421 732 μαθεῖν,
1476 665 1555 721 τίς
1586 662 1615 718 ἡ
1678 680 1838 720 κατη-

195 751 384 818 γορία
408 763 418 774 ·
461 747 509 797 οἱ
540 742 617 810 δὲ,
652 750 723 819 μὴ
780 748 1081 821 θαρροῦντες
1133 748 1354 815 ἑαυτοῖς,
1389 749 1447 801 οὐ
1503 750 1714 821 λέγουσι
1744 755 1836 822 μὲν

200 838 569 908 κατηγορίαν,
594 840 723 907 φασὶ
756 832 815 888 δε
844 840 1017 908 μόνον,
1069 838 1149 890 ὅτι
1199 838 1256 890 Εἰ
1312 843 1382 910 μὴ
1433 835 1494 897 ἦν
1547 840 1699 902 οὗτος
1745 860 1838 891 κα-

202 929 468 994 κοῦργος,
546 922 640 975 οὐκ
697 925 759 975 ἄν
821 944 904 977 σοι
963 922 1337 1001 παρεδώκαμεν
1400 929 1476 999 (8)
1528 928 1703 993 αὑτὸν,
1768 930 1836 991 ὡς

202 1007 388 1071 δῆθεν
418 1007 571 1065 οὐδ’ἐν
602 1009 788 1066 ἄδικον
817 1022 1102 1076 ποιοῦντες..
1130 1014 1190 1067 Ὀ
1236 1013 1295 1068 δε
1346 1017 1563 1078 Πιλᾶτος
1603 1014 1837 1069 δυσανα-

206 1106 520 1172 σχετήσας,
568 1104 633 1161 ὡς
663 1099 986 1175 βουλομένων
1013 1100 1152 1176 δίχα
1202 1112 1299 1166 τῆς
1351 1105 1510 1156 αὐτοῦ
1567 1104 1836 1168 ἐξετάσεως

208 1195 414 1241 τοῦτον
468 1188 674 1255 ἀνελεῖν,
730 1191 904 1252 αὐτοῖς
956 1190 1216 1267 ἐπιτρέπει
1265 1197 1357 1251 τὴν
1401 1194 1685 1269 ἀναίρεσιν.
1747 1195 1833 1249 ’Λα

211 1282 547 1348 ποτυχόντες
595 1275 653 1332 δε
704 1287 798 1341 τῆς
853 1276 1199 1356 προσδοκίας,
1249 1281 1428 1334 λοιπὸν
1479 1291 1833 1358 κατηγοροῦσι

210 1369 319 1416 καὶ
354 1368 580 1435 ἄκοντες,
633 1366 759 1442 οἷπερ
801 1370 827 1420 6
876 1375 1085 1432 Λουκᾶς
1142 1372 1407 1442 ἱστόρησε,
1467 1373 1693 1444 γράψας,
1751 1375 1832 1426 ὅτι

216 1452 495 1526 Ἤρξαντο
590 1450 898 1530 κατηγορεῖν
993 1458 1171 1530 αὐτοῦ,
1278 1458 1504 1531 λέγοντες
1534 1477 1547 1492 ·

207 1542 440 1615 εὕρομεν
513 1540 897 1619 διαστρέφοντα
972 1550 1031 1599 τὸ
1108 1549 1243 1609 ἔθνος
1315 1550 1482 1620 ἡμῶν,
1568 1556 1655 1603 καὶ
1727 1572 1827 1604 κω-

203 1629 414 1684 λύοντα
484 1637 711 1707 Καίσαρι
795 1639 983 1708 φόρους
1050 1633 1281 1704 διδόναι,
1356 1638 1568 1710 λέγοντα
1650 1640 1829 1693 ἑαυτὸν

204 1723 456 1793 Χριστὸν
514 1718 737 1794 βασιλέα
794 1721 941 1778 εἶναι.
1012 1730 1112 1779 Καὶ
1178 1727 1273 1800 ὅρα
1346 1733 1687 1802 κακουργίαν.
1743 1735 1829 1783 Θέ-

1636 1464 1831 1515 Τοῦτον

1946 574 2313 646 perquireret
2349 573 2719 630 occideretur
2752 597 2764 630 :
2798 576 2932 632 ideo
2963 576 3186 633 discere
3215 577 3336 633 vult
3364 595 3497 651 quae
3523 581 3597 636 sit

1947 663 2272 721 accusatio.
2304 664 2426 735 Ipsi
2452 668 2652 719 autem
2684 663 2959 722 ﬁduciam
2987 667 3061 722 de
3096 667 3311 740 seipsis
3335 669 3468 739 {non
3494 669 3598 725 ha-

1945 750 2170 818 bentes,
2214 753 2654 809 accusationem
2694 755 2926 826 quidem
2957 771 3080 812 non
3128 756 3352 821 dicunt,
3383 758 3487 815 sed
3511 774 3599 815 re-

1947 842 2240 911 spondent
2266 858 2278 896 :
2303 842 2433 898 Nisi
2458 849 2601 899 esset
2630 844 2722 899 hic
2738 846 3109 913 male/“actor,
3131 863 3250 903 non
3283 848 3395 903 tibi
3413 848 3594 905 tradi-

1946 929 2226 987 dissemus
2272 947 2414 996 eum,
2450 938 2650 1003 utpote
2702 935 2807 1006 qui
2856 934 3000 989 nihil
3053 935 3270 1005 injuste
3323 938 3586 1007 agimus.

1946 1018 2167 1075 Pilatus
2191 1036 2334 1077 vero
2355 1022 2611 1091 graviter
2646 1023 2858 1086 ferens,
2893 1023 3059 1094 quod
3089 1025 3287 1097 ipsum
3317 1027 3591 1082 occidere

1944 1108 2155 1165 vellent
2183 1110 2415 1183 absque
2452 1128 2563 1168 sua
2591 1112 2989 1185 inquisitione,
3022 1112 3484 1171 interfectionem
3508 1116 3592 1172 eis

1942 1203 2242 1275 permittit.
2267 1205 2473 1277 Itaque
2495 1221 2603 1277 spe
2619 1221 2727 1262 sua
2748 1205 3034 1273 frustrati,
3063 1206 3193 1275 jam
3214 1206 3380 1264 inviti
3411 1208 3593 1264 etiam

1942 1296 2227 1349 accusant
2247 1309 2408 1360 eum,
2438 1295 2513 1351 de
2528 1296 2620 1351 his
2647 1311 2783 1368 qum
2811 1295 3051 1368 scripsit
3076 1296 3287 1367 Lucas,
3344 1298 3444 1369 qui
3470 1297 3587 1354 ait:

1943 1381 2246 1452 Coeperunt
2299 1392 2490 1441 autem
2532 1387 2702 1441 illum
2748 1401 3031 1443 accusare
3071 1385 3317 1442 dicentes
3359 1405 3371 1445 :
3418 1386 3594 1444 Hunc

1938 1470 2264 1529 invenimus
2294 1480 2717 1543 pervertentem
2744 1481 2966 1547 gentem
2996 1482 3281 1542 nostram,
3309 1481 3364 1532 et
3390 1476 3594 1545 prohi-

1942 1562 2167 1619 bentem
2195 1563 2423 1619 tributa
2453 1563 2587 1618 dari
2608 1565 2854 1631 Οωδανὶ,
2881 1563 3165 1621 dicentem
3196 1580 3256 1620 se
3289 1565 3590 1621 Christum

1939 1665 2118 1722 regem
2146 1654 2352 1709 esse“.
2378 1654 2441 1707 Et
2470 1652 2605 1709 vide
2634 1652 2843 1709 dolum
2873 1668 2945 1709 ac
2971 1651 3286 1709 malitiam.
3321 1652 3594 1710 Volentes

1940 1742 2101 1797 enim
2128 1740 2291 1797 Pilati
2318 1742 2471 1797 iram
2527 1757 2816 1799 exacuere
2860 1741 3148 1797 adversus
3182 1742 3499 1808 Christum,
3537 1747 3595 1798 et

204 1809 395 1871 λοντες
445 1813 546 1885 γὰρ
607 1809 805 1882 ἀνάψαι
858 1817 945 1865 τὸν
1010 1815 1170 1886 θυμὸν
1237 1822 1328 1867 τοῦ
1400 1816 1625 1869 Πιλάτου
1696 1820 1823 1871 κατὰ

1941 1829 2227 1886 abducere
2241 1830 2342 1902 (ss)
2355 1846 2471 1902 quo
2483 1846 2610 1886 eum
2625 1831 2794 1889 citius
2806 1830 3511 1901 occiderent,defectionis
3523 1847 3594 1887 ac

207 1905 482 1971 Χριστοῦ,
528 1904 618 1952 καὶ
684 1904 1019 1976 συναρπάσαι
1071 1906 1197 1978 πρὸς
1254 1907 1312 1957 τὸ
1367 1908 1574 1977 ταχέως
1643 1905 1829 1959 ἀνελεῖν

208 1986 401 2057 αὐτὸν,
460 1987 788 2051 ἁποστασὶας
848 1996 937 2043 καὶ
1002 1990 1304 2067 τυραννίδος
1369 1994 1603 2067 ἔγκλημα
1662 1998 1829 2067 τούτῳ

208 2078 643 2149 προσάπτουσιν,
679 2077 790 2151 οἶμα
838 2075 896 2132 δί
939 2087 1047 2145 καὶ,
1118 2082 1218 2149 ἵνα,
1272 2082 1516 2154 φοϐηθεὶς
1562 2087 1651 2136 τὸν
1700 2089 1831 2137 Καί-

214 2184 366 2240 σαρα
418 2165 661 2235 Πιλάτος,
701 2164 841 2237 μηδέ
871 2166 1179 2243 βουλόμενος
1239 2167 1438 2244 δυνηθῇ
1488 2178 1668 2224 τοῦτον
1725 2172 1829 2236 ἐξε-

209 2253 408 2307 λέσθαι
437 2262 531 2307 τοῦ
561 2257 783 2309 θανάτου
797 2302 809 2313 .

297 2348 399 2396 Καὶ
460 2374 530 2385 --
572 2342 754 2416 λέγεις.
807 2348 876 2398 T6
922 2350 987 2398 Σὺ
1044 2347 1225 2418 λέγεις,
1285 2354 1374 2402 xui
1429 2353 1486 2402 τὸ
1537 2354 1603 2403 Σὺ
1658 2348 1823 2419 εἶπας,

207 2436 310 2484 καὶ
368 2434 434 2484 τὰ
498 2438 737 2502 τοιαῦτα,
793 2434 1042 2507 ὁμολογία
1104 2439 1181 2497 τίς
1248 2436 1388 2490 ἐστιν
1462 2438 1824 2505 ἀνεπίληπτος,

204 2525 308 2574 καὶ
386 2526 550 2593 μεστὴ
609 2526 1070 2597 μετριοφροσύνης.
1148 2526 1391 2589 Ἰωάννης
1453 2524 1513 2580 δε
1576 2528 1826 2583 πλατύτε-

206 2629 308 2683 ρον
354 2615 443 2662 καὶ
501 2616 617 2684 περὶ
673 2614 860 2664 τούτου
905 2621 997 2665 τοῦ
1044 2614 1321 2687 κεφαλαίου
1384 2622 1541 2689 φησὶν
1594 2620 1673 2670 ὃτι
1713 2619 1824 2672 εἰσ-

207 2699 368 2758 ἦλθεν
450 2700 520 2763 εἰς
586 2710 644 2753 τὸ
724 2708 1042 2776 πραιτώριον
1115 2704 1269 2755 πάλιν
1324 2705 1349 2756 6
1416 2705 1653 2772 Πιλάτος,
1736 2713 1825 2761 καὶ

209 2788 450 2860 ἐφώνησε
514 2794 602 2843 τὸν
667 2789 892 2860 Ἰησοῦν,
944 2797 1033 2844 xul
1096 2790 1229 2847 εἶπεν
1315 2795 1492 2865 αὐτῷ’
1549 2801 1615 2849 Σὺ
1676 2794 1725 2850 εἶ
1799 2800 1824 2851 6

213 2876 469 2950 βασιλεὺς
524 2887 623 2929 τῶν
692 2876 963 2932 Ἰουδαίων
1024 2899 1037 2949 ;
1111 2882 1388 2955 Ἀπεκρίθη
1446 2884 1585 2955 αὐτῷ
1642 2888 1667 2938 6
1725 2887 1822 2945 Ἰη-

1940 1919 2271 1989 tyrannidis
2301 1919 2525 1976 crimen
2559 1920 2698 1976 huic
2729 1920 3025 1989 efﬁngunt
3052 1936 3066 1987 ;
3110 1919 3291 1975 simul
3320 1920 3500 1976 etiam
3534 1924 3596 1988 ut

1937 2009 2153 2063 timens
2198 2009 2492 2065 Casarem
2539 2008 2779 2076 Pilatus,
2813 2009 3048 2066 etiamsi
3104 2008 3296 2078 vellet,
3340 2009 3503 2066 hunc
3557 2024 3597 2067 a

1939 2105 2126 2154 morte
2156 2098 2381 2171 eripere
2406 2113 2529 2154 non
2559 2104 2795 2170 posset.

2007 2332 2174 2388 Vers.
2215 2332 2294 2387 tl.
2323 2332 2400 2387 Et
2427 2362 2492 2371 —
2519 2331 2684 2387 dicis.
2716 2328 2899 2399 Istud,
2935 2331 3021 2386 Tu
3052 2329 3211 2390 dicis,
3237 2333 3312 2395 et,
3343 2331 3423 2385 Tu
3440 2330 3594 2387 dixi-

1934 2423 2026 2489 sti,
2057 2421 2292 2494 aliaque
2325 2419 2695 2492 hujusmodi,
2741 2418 2948 2475 similis
2975 2418 3066 2491 (tt)
3107 2418 3426 2490 cujusdam
3453 2422 3593 2474 sunt

1935 2510 2179 2566 rationis
2221 2508 2749 2582 irreprehensibilis
2782 2507 3085 2580 plenaeque
3129 2507 3450 2562 modestiae.
3491 2508 3590 2562 Jo-

1935 2616 2122 2655 annes
2153 2600 2227 2654 de
2265 2598 2378 2654 hoc
2430 2614 2673 2671 quoque
2709 2598 2901 2669 capite
2940 2596 3111 2652 latius
3171 2595 3436 2651 scribens
3485 2595 3586 2663 ait,

1933 2689 2098 2762 quod
2120 2689 2422 2758 ingressus
2442 2690 2520 2743 est
2540 2702 2776 2742 rursum
2797 2689 2859 2741 in
2870 2685 3213 2756 praetorium
3235 2684 3467 2741 Pilatus
3492 2700 3505 2739 :
3534 2689 3588 2739 et

1934 2778 2160 2835 vocavit
2213 2779 2427 2841 Jesum,
2464 2776 2735 2848 dixitque
2763 2775 2834 2842 ei,
2866 2776 2939 2830 Tu
2966 2791 3023 2831 es
3052 2790 3162 2831 rex
3188 2774 3529 2830 Judxorum
3560 2773 3589 2829 Υ

1933 2866 2496 2937 ResponditeiJesus
2513 2884 2528 2920 :
2544 2866 2588 2921 Α
2616 2865 2914 2933 temetipso
2938 2870 3001 2920 tu
3022 2866 3131 2920 hoc
3156 2864 3303 2920 dicis
3329 2883 3340 2922 :
3361 2879 3439 2918 an
3477 2861 3589 2919 alii

217 2973 388 3025 σοῦς·
447 2965 559 3038 Ἀφ’
616 2966 800 3020 ἑαυτοῦ
852 2973 917 3021 σὺ
975 2977 1126 3023 τοῦτο
1198 2950 1380 3043 λέγεις,
1433 2973 1462 3032 ἢ
1517 2950 1661 3027 ἄλλοι
1738 2996 1822 3029 σοι

1936 2960 2038 3014 tibi
2067 2960 2349 3016 dixerunt
2367 2958 2438 3013 de
2468 2956 2597 3012 me?
2643 2955 2951 3025 Respondit
2979 2954 3205 3043 Pilatus
3235 2970 3248 3007 :
3279 2950 3590 3043 Numquid

220 3059 365 3106 εἷπον
428 3059 545 3127 περὶ
627 3056 788 3128 ἐμοῦ’;
869 3058 1148 3132 Ἀπεκρίθη
1237 3062 1261 3111 6
1332 3062 1589 3125 Πιλάτος⁶
1678 3070 1819 3123 Μήτι

209 3146 293 3214 γὼ
347 3138 613 3205 Ἰουδαῖός
672 3144 827 3215 εἰμι;
892 3150 962 3199 Τὸ
1020 3149 1161 3209 ἔθνος
1212 3153 1268 3202 τὸ
1316 3156 1426 3216 σὸν,
1481 3158 1569 3204 καὶ
1626 3155 1673 3206 οἱ
1727 3153 1819 3231 ἀρ-

213 3238 413 3306 χιερεῖς
489 3229 800 3305 παρέδωκάν
873 3254 929 3287 σε
986 3234 1122 3308 ἐμοί.
1196 3242 1260 3291 Τί
1331 3239 1619 3309 ἐποίησας
1670 3229 1820 3297 Ἀπε-

204 3320 365 3393 κρίθη
434 3320 690 3385 Ἰησοῦςε
744 3321 801 3376 ’Π
860 3321 1108 3396 βασιλεία
1162 3327 1192 3384 ἡ
1253 3325 1347 3399 ἐμὴ
1403 3328 1497 3381 οὐκ
1549 3332 1690 3383 ἔστιν
1764 3331 1819 3385 ἐκ

205 3410 302 3461 τοῦ
361 3414 562 3482 κόσμου
624 3413 835 3464 τούτου·
897 3413 939 3465 εἰ
1006 3413 1060 3466 ἐκ
1117 3422 1208 3467 τοῦ
1259 3420 1459 3489 κόσμου
1511 3422 1697 3473 τούτου
1756 3419 1817 3481 ἦν

205 3497 237 3554 ἡ
298 3495 543 3569 βασιλεία
605 3501 636 3559 ἡ
694 3498 816 3574 ἐμὴ,
877 3503 929 3554 οἱ
985 3503 1236 3578 ὑπηρέται
1296 3504 1355 3557 ἃν
1409 3508 1458 3558 οἱ
1509 3507 1623 3581 ἐμοὶ
1680 3511 1815 3582 ἠγω-

207 3585 427 3652 νιζοντο,
500 3589 583 3641 ἶνα
654 3592 728 3665 μὴ
801 3589 1089 3666 παραδοθῶ
1164 3601 1275 3657 τοῖς
1347 3594 1649 3661 Ἰουδαίοις
1725 3610 1812 3654 νῦν

1929 3067 2027 3123 ego
2046 3050 2285 3106 Iudaeus
2306 3065 2436 3105 sum
2460 3051 2484 3100 ἵ
2509 3048 2653 3103 Gens
2676 3052 2780 3101 tua
2818 3048 2871 3100 et
2884 3041 3181 3115 pontiﬁces
3203 3039 3588 3098 tradiderunt

1928 3148 1982 3197 te
2009 3140 2178 3195 mihi.
2234 3138 2378 3205 Quid
2426 3135 2675 3206 fecisti?
2720 3132 3037 3202 Respondit
3081 3132 3247 3186 Jesus
3279 3148 3292 3186 :
3327 3129 3584 3200 Regnum

1926 3244 2116 3285 meum
2147 3244 2263 3283 non
2280 3234 2363 3283 est
2383 3241 2459 3283 ex
2491 3226 2594 3281 hoc
2620 3224 2841 3279 mundo
2871 3222 2951 3276 :si
2977 3236 3046 3277 ex
3074 3220 3185 3276 hoc
3203 3219 3416 3273 mundo
3440 3221 3586 3274 esset

1927 3333 2169 3387 regnum
2199 3330 2412 3383 meum,
2440 3312 2697 3369 ministri
2722 3310 2927 3381 utique
2965 3308 3078 3365 mei
3106 3307 3483 3372 decertarent,
3514 3321 3586 3362 ne

1928 3406 2194 3463 traderer
2219 3404 2441 3460 Iudaeis
2476 3420 2489 3458 :
2521 3418 2679 3457 nunc
2709 3404 2903 3456 autem
2940 3414 3191 3469 regnum
3222 3412 3413 3452 meum
3461 3411 3582 3451 non

1923 3502 2008 3553 est
2040 3496 2199 3553 hinc.
2227 3494 2396 3549 Dixit
2427 3507 2556 3563 ergo
2584 3492 2634 3545 ei
2657 3490 2883 3546 Pilatus
2910 3503 2929 3542 :
2958 3486 3115 3542 Num
3151 3484 3352 3557 itaque
3387 3498 3498 3539 rex
3526 3498 3583 3540 es

1927 3605 1992 3656 tu
2016 3594 2043 3649 ‘l
2068 3583 2383 3656 Respondit
2399 3582 2570 3638 Jesus
2597 3597 2610 3636 :
2642 3581 2728 3635 Tu
2748 3578 2918 3645 dicis,
2941 3575 3098 3649 quod
3121 3590 3228 3631 rex
3249 3590 3378 3631 sum
3400 3587 3494 3644 ego
3513 3573 3583 3628 ιι.

209 3670 269 3726 δέ
297 3675 327 3732 ἡ
370 3674 616 3748 βασιλεία
736 3676 830 3751 ἐμὴ
876 3662 977 3732 οὐκ
1017 3683 1156 3734 ἔστιν
1203 3681 1450 3739 ἐντεῦθεν.
1485 3683 1634 3741 Εἶπεν
1680 3687 1766 3743 οὖν
1808 3688 1951 3761 αὐτῷ
1992 3687 2018 3740 ὁ
2056 3678 2295 3737 Πιλᾶτος·
2338 3673 2540 3731 Οὐκοῦν
2582 3668 2830 3744 βασιλεὺς
2857 3662 2903 3721 εἰ
2932 3669 3015 3721 σθ’
3052 3663 3329 3741 Ἀπεκρίθη
3362 3663 3587 3729 Ἰησοῦς·

210 3765 275 3815 Σὺ
298 3761 471 3835 λέγεις,
499 3767 578 3818 ὃτι
611 3763 887 3839 βασιλεύς,
924 3769 1031 3842 εἰμι
1061 3767 1177 3841 ἐγώ.

278 3850 335 3903 Ὀ
393 3855 485 3924 μὲν
516 3916 521 3919 ¹
557 3853 645 3906 οὗν
712 3856 956 3925 Πιλάτος,
1017 3856 1247 3922 ἀκούσας
1307 3866 1425 3937 περὶ
1490 3863 1818 3930 ἁποστασίας

210 3943 300 3992 καὶ
344 3939 672 4015 τυραννίδος,
730 3948 819 3997 καὶ
865 3945 1130 4018 φοϐηθεὶς,
1177 3945 1291 4023 ἰδίᾳ
1333 3960 1514 4005 τοῦτον
1553 3955 1815 4031 ἠρώτησε,

214 4035 598 4129 μυστικώτερόν
663 4050 717 4084 τι
781 4037 964 4106 μαθεῖν
1016 4033 1348 4110 βουλόμενος·
1397 4042 1421 4093 6
1467 4039 1526 4096 δὲ
1590 4049 1819 4119 Χριστὸς
1850 4082 1895 4137 D

216 4115 592 4192 ἀντηρώτησεν,
671 4123 751 4175 ὅτι
825 4124 938 4196 Ἀφ’
1018 4124 1206 4178 ἑαυτοῦ
1280 4133 1339 4181 οὺ
1412 4139 1563 4185 τοῦτο
1632 4135 1812 4207 λέγεῐς,

217 4206 245 4265 ἢ
301 4206 449 4260 ἄλλοι
506 4228 590 4263 σοι
654 4208 794 4264 εἷπον
857 4217 975 4288 περὶ
1043 4213 1167 4288 ἐμοῦ
1220 4232 1234 4285 ;
1285 4218 1388 4291 οὐχ
1458 4224 1526 4283 ὡς
1596 4206 1812 4296 ἀγνοῶν,

217 4294 337 4348 ἄλλά
405 4298 791 4373 καθαπτόμενος
840 4301 1057 4371 ναύτοῦ,
1122 4301 1260 4358 διότι
1323 4307 1383 4359 οὐ
1447 4294 1815 4387 συμπαρίστηξ

218 4404 299 4438 σεν
372 4386 509 4457 αὐτῷ
592 4392 717 4453 τοὺς
789 4394 1138 4466 κατηγόρους,
1224 4392 1347 4449 οὐδὲ
1423 4386 1812 4473 κατηνάγκασεν

216 4473 394 4537 αὐτοὺς
441 4472 623 4540 δεῖξαι
656 4487 850 4552 σημεῖα
904 4488 1000 4542 τῆς
1057 4481 1388 4547 ἀποστάσιας
1436 4493 1526 4541 καὶ
1577 4472 1811 4563 τυραννί-

217 4558 323 4632 δος,
361 4565 443 4615 ἵνα
478 4571 568 4618 καὶ
610 4567 805 4637 μᾶλλον
849 4573 1338 4642 καταισχυνθῶσιν.
1380 4574 1440 4626 Ὀ
1484 4573 1543 4629 δὲ
1595 4558 1811 4641 Πιλάτος

216 4649 637 4726 ἀπολογούμενος,
703 4659 783 4709 ὅτι
866 4658 960 4709 οὐκ
1036 4657 1120 4731 ἀφ’
1178 4659 1364 4713 ἑαυτοῦ
1434 4672 1587 4717 τοῦτο
1651 4666 1807 4739 λέγει,

216 4746 356 4813 φησὶ,
385 4746 529 4800 Μήτι
568 4742 666 4816 ἒγὼ
710 4742 971 4808 Ἰουδαῖός
1018 4747 1147 4819 εἰμι,
1198 4750 1285 4802 ἴνα
1321 4757 1564 4823 γινώσκω
1590 4758 1656 4806 τὰ
1701 4759 1805 4825 σά;

215 4830 279 4881 0i
328 4831 577 4902 ὁμοεθνεῖς
648 4852 741 4886 σου
800 4832 1111 4908 παρέδωκάν
1162 4857 1220 4891 σε
1275 4837 1407 4913 ἐμοὶ,
1465 4846 1554 4894 καὶ
1613 4845 1806 4895 τούτων

214 4919 261 4973 οἱ
294 4926 488 4994 πρῶτοι
532 4926 621 4974 καὶ
664 4928 963 4997 τιμιώτεροι
1010 4931 1100 4978 καὶ
1147 4927 1295 4981 αὐτοὶ
1341 4937 1494 4982 τοῦτο
1543 4930 1800 5003 λέγουσιν.

284 5096 330 5136 ιο
353 5096 491 5155 Luc.
528 5115 691 5168 nm,
719 5101 773 5171 l,
795 5105 848 5162 2.
928 5104 973 5143 ¹¹
1002 5105 1175 5165 Joan.
1206 5122 1373 5175 xvm,
1405 5108 1595 5167 33-37.

2001 3862 2224 3919 Pilatus
2253 3871 2397 3926 ergo
2449 3850 2654 3909 audita
2686 3848 2761 3905 de
2814 3842 3143 3903 defectione
3192 3846 3247 3898 et
3270 3839 3587 3913 tyrannide

1928 3950 2332 4011 accusatione,
2355 3960 2426 4000 ac
2449 3942 2683 4006 timens,
2710 3935 2989 4010 privatim
3014 3948 3154 3989 eum
3176 3929 3583 4000 interrogavit,

1927 4040 2208 4099 secretius
2238 4032 2466 4106 aliquid
2494 4030 2573 4086 ab
2602 4044 2674 4084 eo
2716 4027 2943 4082 discere
2996 4023 3260 4093 cupiens.
3319 4016 3585 4105 Christus

1923 4147 2069 4187 vero
2098 4143 2300 4185 rursus
2347 4138 2487 4180 eum
2517 4114 2918 4186 interrogavit,
2949 4112 2995 4166 Α
3040 4111 3330 4180 temetipso
3356 4113 3421 4164 tu
3473 4107 3582 4163 hoc

1922 4220 2082 4286 dicis,
2112 4230 2188 4272 an
2215 4214 2322 4271 alii
2353 4210 2459 4269 tibi
2489 4208 2771 4265 dixerunt
2790 4204 2856 4260 de
2882 4216 2973 4257 me
3004 4199 3033 4254 ‘l
3067 4202 3191 4254 Non
3223 4195 3389 4270 quod
3417 4196 3583 4286 igne-

1922 4282 2099 4377 raret,
2131 4305 2237 4362 sed
2264 4302 2599 4372 objurgans
2622 4311 2783 4359 eum,
2806 4290 2970 4365 quod
2993 4293 3373 4346 accusatores
3398 4282 3581 4377 simul

1922 4374 2247 4469 praesentes
2283 4406 2415 4451 esse
2445 4403 2569 4447 non
2595 4385 2811 4441 faceret
2844 4397 2857 4437 ε
2896 4394 3092 4451 neque
3127 4379 3362 4469 cogeret
3378 4374 3580 4469 eos-ut

1923 4461 2097 4555 signa
2120 4479 2470 4539 defectionis
2494 4474 2862 4537 exbiberent,
2886 4484 3007 4561 quo
3034 4466 3228 4561 magis
3254 4461 3580 4561 confunde-

1917 4579 2143 4631 rentur.
2177 4571 2395 4627 Pilatus
2423 4571 2625 4624 autem
2652 4561 2817 4624 dicit,
2846 4557 3006 4630 quod
3036 4557 3150 4612 hoc
3179 4570 3215 4610 a
3255 4556 3578 4623 semetipso

1918 4678 2041 4720 non
2067 4662 2281 4717 diceret
2310 4677 2322 4710 :
2356 4660 2500 4715 Num
2528 4668 2636 4725 ego
2664 4650 2911 4706 Judaaus
2944 4662 3072 4700 sum
3107 4648 3168 4698 ut
3197 4658 3290 4697 res
3324 4646 3456 4696 tuas
3481 4655 3579 4695 co-

1918 4766 2210 4822 gnoscam
2238 4749 2265 4804 ‘I
2289 4747 2399 4814 Qui
2422 4742 2611 4815 gentis
2635 4745 2750 4795 tua:
2778 4741 2914 4792 sunt
2937 4732 3305 4822 tradiderunt
3327 4728 3573 4822 te_m_ihi,

1915 4814 1973 4899 et
2014 4842 2230 4898 horum
2269 4814 2448 4908 primi
2504 4830 2820 4900 magisque
2850 4821 3144 4889 honorati,
3203 4824 3259 4875 et
3292 4816 3406 4891 ipsi
3453 4814 3579 4908 hoc

1913 4930 2143 4988 dicunt.
2182 4904 2405 4983 Deinde
2467 4920 2811 4989 interrogat,
2846 4912 3002 4980 Quid
3052 4909 3265 4975 fecisti,
3309 4904 3475 4980 quod
3500 4904 3576 4963 de

1437 5259 1663 5331 Variae
1692 5259 2020 5337 lectiones
2049 5269 2116 5329 et
2146 5264 2349 5347 nota}.

286 5418 359 5494 (8)
386 5417 863 5500 Παραδεδώκαμεν,
896 5431 953 5487 Β.

283 5603 381 5675 (ss)
400 5603 452 5681 ίᾼ
463 5604 734 5681 bducere.
758 5609 1093 5681 Συναρπάσαι
1112 5624 1236 5681 non
1256 5611 1345 5666 est
1362 5609 1675 5681 abducere,
1698 5608 1805 5666 sed

218 5676 517 5754 repentino
534 5679 803 5754 quodam
827 5676 1049 5754 impetu
1065 5679 1371 5754 abripere,
1379 5680 1733 5754 compellere
1748 5687 1806 5738 et

221 5745 534 5822 opprimere
546 5745 1117 5828 aliquem,utaliquid
1129 5745 1501 5812 faéiat.Forte
1512 5745 1807 5815 adducere

1985 5429 2067 5504 (9)
2100 5426 2272 5501 Ἠμῶν
2319 5419 2553 5482 addunt
2585 5419 2765 5477 etiam
2798 5417 2861 5475 in
2892 5415 3173 5473 contextu
3211 5411 3377 5467 Lucae
3410 5409 3477 5466 A.
3504 5407 3571 5465 Β.

1914 5608 2356 5753 ωῦῧῗὲξὲέιίε,
2389 5678 2507 5753 .etc.
2539 5618 2849 5753 Professioi
2873 5664 3150 5742 quaedam
3179 5663 3271 5721 est
3322 5652 3574 5732 irnepre-

1914 5740 2226 5811 hehsibilis
2258 5752 2317 5807 et
2338 5740 2526 5821 plena
2565 5740 2899 5801 modestiae;
3342 5764 3343 5767 η
