4170 6334
655 307 756 361 7H

654 430 874 486 talibus
905 432 958 484 te
988 431 1271 486 accusent
1305 427 1334 485 7
1365 430 1432 485 Et
1456 427 1675 486 deinde
1725 429 1896 488 solvit
1924 431 2188 488 Christus
2219 435 2304 504 ty-

652 516 924 574 rannidis
963 517 1390 589 suspicionem,
1435 517 1644 574 dicens
1673 534 1918 590 regnum
1958 537 2136 577 suum
2179 535 2303 577 non

652 620 781 662 ese
819 622 889 662 ex
909 605 1139 662 mundo
1168 605 1284 663 hoc
1325 623 1338 662 :
1372 611 1426 663 et
1457 607 1708 664 Pilatum
1737 608 1944 665 timore
1971 609 2162 666 solvit.
2196 610 2302 666 Po-

651 695 742 752 nit
768 701 967 751 autem
993 700 1050 750 et
1080 695 1638 766 considerationem,
1662 714 1800 770 qua
1831 703 1888 755 et
1911 699 2026 756 hoc
2055 693 2302 755 demou-

653 788 811 840 stret.
845 788 992 841 Nam
1013 800 1266 855 regnum
1296 786 1464 857 quod
1489 803 1562 842 ex
1579 787 1692 844 hoc
1709 788 1939 844 mundo
1970 793 2076 853 est,
2101 788 2161 844 in
2193 789 2300 846 mi-

649 874 851 930 nistris
877 873 1051 930 habet
1089 874 1495 932 fortitudinem
1527 892 1540 930 :
1569 876 1751 947 hujus
1784 882 1986 934 autem
2031 893 2295 948 regnum,

651 978 790 1019 cum
807 963 1046 1019 caeleste
1060 964 1154 1030 sit,
1179 980 1216 1021 a
1235 964 1435 1037 seipso
1457 965 1640 1022 robur
1653 965 1898 1024 obtinet.
1917 966 2122 1022 Diceus
2135 983 2295 1037 vero,

651 1055 911 1124 Regnum
937 1069 1130 1110 meum
1152 1069 1268 1110 non
1298 1060 1377 1110 est
1413 1069 1489 1112 ea:
1517 1055 1624 1112 hoc
1646 1057 1881 1122 mundo,
1905 1072 2022 1112 non
2047 1057 2302 1116 detrahit

648 1156 838 1212 regno
867 1142 1178 1200 mundano
1208 1159 1378 1200 suam
1428 1143 1854 1212 fortitudinem,
1910 1145 2011 1202 sed
2045 1146 2300 1204 ostendit

647 1231 817 1305 quod
845 1247 1023 1288 suum
1051 1248 1174 1290 non
1217 1233 1294 1289 sit
1321 1237 1384 1290 ut
1407 1249 1594 1304 regna
1621 1235 1834 1291 mundi
1885 1235 2086 1308 hujus,
2130 1236 2300 1293 mini-

651 1321 788 1377 stris
818 1321 1111 1393 indigens,
1144 1321 1456 1395 timorique
1503 1321 1858 1395 subjectum,
1893 1341 1962 1382 ac
1989 1325 2173 1383 ﬁnem
2202 1341 2300 1383 ca-

649 1425 821 1482 piens
833 1453 850 1467 .

719 1609 934 1666 Deinde
969 1627 1246 1683 egressus
1296 1610 1516 1667 Pilatus
1548 1612 1792 1668 tentavit
1831 1613 2082 1672 liberare
2134 1630 2293 1672 eum.

645 1699 747 1756 Ait
776 1699 936 1756 enim
966 1678 1153 1758 Lucas
1172 1699 1331 1774 quod
1356 1699 1570 1757 dixerit
1593 1702 1672 1757 ad
1698 1703 1997 1776 principes
2025 1705 2298 1762 sacerdo«

2408 1678 2580 1732 αὐτόν.
2635 1683 2707 1734 Φη
2716 1681 2772 1729 σὶ

645 1791 774 1844 tum
805 1793 862 1844 et
892 1789 1094 1846 turbas
1119 1789 1321 1846 :Nihil
1345 1790 1583 1846 invenio
1615 1806 1778 1846 noxae
1803 1792 1866 1847 in
1898 1793 2007 1850 hoc
2040 1794 2294 1852 homine.

645 1876 690 1930 Λ
706 1882 728 1929 t
747 1875 845 1930 illi
857 1876 1293 1934 invalescebant
1333 1879 1633 1934 dicentes:
1654 1877 1983 1937 Commovet
2012 1884 2296 1952 populum

645 1963 854 2020 docens
863 1979 974 2035 per
984 1967 1318 2023 universam
1330 1969 1621 2034 Judaeum,
1643 1984 1888 2025 exorsus
1901 1986 1937 2025 a
1952 1971 2187 2028 Galitwa
2204 1987 2295 2027 us-

646 2068 760 2125 que
787 2053 863 2109 ad
893 2055 1052 2112 hunc
1085 2057 1290 2112 locum.
1323 2057 1549 2113 Pilatus
1574 2064 1766 2114 autem
1794 2059 1997 2114 audita
2024 2061 2293 2131 Galilza,

642 2141 1026 2214 interrogavit
1041 2151 1241 2201 utrum
1257 2146 1426 2202 homo
1441 2147 1716 2202 Galilaeus
1729 2154 1892 2204 esset.
1907 2149 1985 2203 Et
2003 2153 2065 2203 ut
2087 2164 2296 2220 cogno-

645 2231 729 2288 vit
759 2233 911 2305 quod
934 2234 1012 2288 ad
1062 2235 1313 2292 Herodis
1352 2236 1632 2293 ditionem
1681 2237 2026 2307 pertineret,
2074 2238 2296 2294 remisit

643 2320 816 2378 illum
846 2323 928 2378 ad
955 2323 1253 2391 Herodem,
1286 2327 1386 2396 qui
1411 2332 1466 2381 et
1506 2325 1626 2394 ipse
1667 2326 2034 2397 Jerosolymis
2073 2335 2196 2383 erat
2233 2329 2295 2384 in

643 2407 762 2466 iliis
800 2411 1000 2469 diebus
1033 2415 1098 2483 1’,
1146 2419 1254 2470 etc.
1322 2413 1534 2469 Pilatus
1592 2413 1790 2487 itaque
1842 2432 1979 2472 cum
2039 2416 2299 2474 audisset

645 2500 927 2557 aCbristo
957 2503 1032 2558 de
1052 2519 1239 2574 regno
1261 2504 1447 2578 ipsius
1468 2503 1631 2576 quod
1664 2519 1734 2559 ex
1763 2505 1991 2561 mundo
2020 2506 2134 2562 hoc
2175 2522 2298 2563 non

645 2597 800 2646 esset
831 2606 844 2645 :
879 2595 936 2646 et
957 2592 1194 2664 cognito
1218 2591 1382 2664 quod
1403 2608 1526 2648 non
1543 2593 1786 2649 haberet
1807 2601 2162 2666 apparatum
2189 2595 2300 2651 ali-

643 2693 826 2749 quem
849 2681 1227 2750 tyranuicum
1255 2682 1373 2736 sive
1393 2681 1624 2752 insigne
1655 2682 1868 2737 terreni
1895 2684 2058 2752 regni
2084 2706 2096 2739 :
2123 2688 2179 2739 et
2204 2701 2298 2740 co-

641 2779 940 2836 gnoscens
971 2783 1094 2822 non
1125 2784 1255 2823 esse
1285 2768 1662 2840 probabilem
1703 2771 2146 2827 accusationem
2179 2772 2297 2827 :in-

643 2851 943 2924 culpatum
968 2871 1106 2922 eum
1136 2855 1479 2912 declaravit.
1509 2856 1630 2928 Ipsi
1656 2871 1795 2912 vero
1840 2873 1973 2914 cum
2005 2860 2296 2916 dictarum

641 2941 1098 2999 accusationum
1148 2944 1320 3014 signa
1373 2959 1491 2999 non
1539 2951 1784 3017 possent
1830 2950 2163 3015 ostendere,
2222 2949 2295 3004 ad

642 3027 886 3086 alteram
911 3021 1315 3101 digrediuntur
1340 3031 1786 3090 accusationem
1812 3034 2108 3092 dicentes:
2139 3037 2296 3093 Com-
2332 3061 2370 3117 ρ

640 3125 851 3184 movet,
882 3119 1009 3176 sive
1035 3122 1361 3193 perturbat,
1388 3124 1672 3194 populum
1703 3123 1935 3180 docens.
1966 3123 2030 3181 Et
2053 3127 2292 3196 quidem

640 3209 807 3280 quod
829 3207 1040 3266 doceat
1069 3216 1345 3266 astruunt
1374 3228 1387 3267 :
1411 3227 1534 3268 non
1565 3210 1766 3268 dicunt
1793 3219 1995 3270 autem
2017 3215 2164 3288 quid
2194 3215 2296 3273 do-

642 3301 790 3362 ceat,
856 3314 930 3355 ne
981 3299 1307 3358 rideantur.
2145 3309 2147 3311 ’

658 3625 665 3629 _
717 3557 824 3614 Ubi
871 3562 1074 3614 autem
1115 3558 1348 3620 fecisset
1386 3559 1646 3617 Herodes
1686 3577 1822 3634 quae
1873 3563 2047 3620 refert
2085 3565 2292 3622 Lucas.

640 3660 854 3704 rursus
868 3661 1001 3702 eum
1021 3648 1244 3704 remisit
1257 3649 1332 3704 ad
1349 3649 1621 3719 Pilatum,
1651 3651 2298 3725 insequentibusetiam

639 3735 1011 3808 principibus
1031 3737 1404 3793 sacerdotum
1428 3754 1498 3794 ac
1517 3739 1747 3806 scribis,
1767 3747 1823 3796 et
1848 3743 2138 3799 adversus
2158 3760 2296 3800 eum

639 3824 1103 3882 vociferantibus
1133 3828 1199 3882 ¹³.
1231 3827 1447 3884 Pilatus
1482 3845 1614 3886 vero
1635 3832 1975 3888 convocatis
2007 3833 2300 3906 principi-

637 3912 756 3970 bus
781 3916 1159 3972 sacerdotum
1187 3918 1804 3988 etmagistratibus,ac
1831 3921 2018 3991 plebe,
2048 3923 2199 3977 dixit
2219 3923 2298 3979 ad

638 4003 775 4060 illos
811 4023 824 4058 :
853 4021 996 4060 nam
1025 4004 1086 4059 id
1110 4021 1348 4076 quoque
1375 4006 1550 4061 refert
1575 4009 1760 4062 Lucas
1789 4024 1803 4064 :
1834 4009 2128 4068 obtulistis
2147 4012 2298 4069 mihi

643 4092 806 4148 hunc
842 4091 1144 4161 hominem,
1187 4097 1469 4164 tanquam
1505 4101 1856 4152 avertentem
1899 4099 2195 4169 populum,
2239 4108 2295 4157 et

641 4195 774 4238 ecce
801 4196 905 4249 ego
933 4195 1131 4236 coram
1163 4181 1313 4235 vobis
1335 4197 1458 4237 cum
1493 4182 1878 4253 inquisissem,
1920 4187 2074 4242 nihil
2099 4188 2297 4246 inveni

643 4269 912 4327 criminis
924 4267 985 4322 in
1009 4268 1232 4324 homine
1246 4268 1353 4324 isto
1367 4284 1438 4326 ex
1449 4270 1534 4325 his
1547 4272 1618 4328 de
1639 4272 1850 4343 quibus
1865 4277 2158 4332 accusatis
2166 4294 2293 4336 eum

642 4359 746 4415 sed
770 4373 840 4413 ne
868 4357 1125 4413 Herodes
1154 4359 1408 4429 quidem.
1435 4360 1586 4416 Nam
1616 4361 1820 4418 remisi
1839 4379 1934 4420 vos
1958 4367 2036 4420 ad
2057 4365 2247 4436 ipsum
2273 4389 2294 4435 ,-
2323 4410 2369 4466 Β

643 4453 698 4504 et
715 4461 838 4502 ecce
859 4445 1018 4502 nihil
1032 4447 1276 4518 dignum
1295 4455 1486 4505 morte
1509 4456 1706 4506 actum
1731 4458 1812 4507 est
1839 4454 1903 4508 ei.
1941 4454 2290 4527 Correptum

642 4551 776 4606 ergo
802 4535 991 4605 ipsum
1022 4537 1322 4594 absolvam
1357 4539 1405 4574 ¹⁴
1438 4555 1451 4593 :
1480 4541 1909 4612 correptionem
1951 4544 2047 4601 hic
2079 4561 2292 4602 vocans

635 4615 1004 4682 mediocrem
1019 4625 1497 4698 ﬂagellationem,
1511 4629 1589 4684 ad
1615 4630 1888 4687 solatium
1904 4637 1960 4688 et
1975 4636 2294 4705 repressio-

641 4730 782 4772 nem
820 4715 921 4771 ira:
959 4715 1216 4782 illorum,
1252 4720 1315 4772 ut
1361 4717 1468 4772 visi
1509 4717 1675 4775 illum
1733 4719 2025 4777 devicisse
2049 4723 2292 4780 cohibe-

639 4810 845 4862 rentur
870 4805 948 4860 ab
977 4805 1232 4862 ulteriori
1255 4803 1510 4862 insania.
1536 4813 1606 4863 At
1627 4808 1707 4863 illi
1729 4824 1836 4865 nec
1881 4810 2047 4865 sicin
2090 4812 2293 4886 aliquo

639 4896 841 4951 minus
871 4893 1116 4966 eﬂerati,
1162 4894 1550 4952 immobiliter
1610 4897 1690 4952 ad
1737 4897 1798 4952 id
1827 4906 2179 4973 spectantes,
2228 4907 2296 4959 ut

644 4984 912 5041 velociter
939 4984 1384 5050 interficeretur,
1447 5001 1656 5042 rursus
1700 4986 2006 5046 oblatrant.

715 5253 762 5288 ¹²
787 5251 928 5308 Luc.
955 5267 1116 5320 mu,
1147 5254 1260 5311 4-7.
1339 5255 1385 5290 ¹³
1413 5254 1548 5311 Luc.
1582 5270 1748 5328 xxni,
1783 5257 1866 5313 lt.

1947 5259 1995 5294 ¹⁴
2024 5259 2169 5318 Πιίά·
2200 5263 2384 5324 13-16.

2003 307 2352 365 EUTHYMII
2401 303 2740 368 ZIGABENI
3906 305 3986 363 7t!

2411 431 2537 488 Εἶτα
2566 432 2752 505 ἐρωτᾷ.
2805 433 2868 484 Τί
2903 428 3174 499 ἐποίησας,
3223 429 3304 482 ὅτι
3353 430 3572 483 τοιαῦτα
3631 446 3722 481 σοι
3786 426 3986 501 ίγκαλοῦ-

2413 539 2510 590 σι,
2551 526 2652 576 Καὶ
2699 520 2874 573 λοιπόν
2923 518 3030 572 λύει
3077 523 3171 577 τὴν
3219 518 3448 590 ὑποψίαν
3495 527 3594 580 τῆς
3652 515 3987 592 τυραννίδοςό

2409 614 2660 686 Χριστός,
2715 610 2873 682 λέγων
2930 613 3023 668 την
3087 606 3359 681 βασιλείαν
3425 608 3586 660 αὐτοῦ
3649 612 3727 680 μὴ
3795 604 3912 661 εἶναι
3948 609 3986 660 ἐκ

2407 708 2501 753 τοῦ
2543 705 2742 772 κόσμου
2773 701 2982 764 τούτου,
3014 702 3103 750 καὶ
3151 695 3364 749 ἀπολύει
3421 704 3511 750 τοῦ
3542 695 3713 769 φόϐου
3745 700 3832 748 τὸν
3863 697 3987 749 Πιλά-

2407 810 2512 844 τον.
2554 791 2750 848 Τίθησι
2782 786 2841 841 δε
2885 793 2974 840 καὶ
3020 786 3292 860 λογισμόν,
3347 786 3474 838 αύτό
3523 805 3578 838 τε
3623 792 3783 838 τοῦτο
3827 781 3984 838 diem.

2407 898 2548 945 οντα,
2608 882 2698 931 καὶ
2749 879 2830 930 ὅτι
2884 878 2914 934 ἠ
2977 875 3032 928 ἐκ
3079 883 3172 928 τοῦ
3220 880 3421 948 κόσμου
3489 873 3748 948 βασιλεία
3804 873 3848 926 ἐν
3907 884 3986 937 τοῖς

2407 969 2690 1042 ὑπηρέταις
2742 969 2855 1038 ἔχει
2910 970 3000 1024 τὴν
3069 965 3252 1036 ἰσχύν·
3309 967 3338 1023 ἡ
3393 961 3452 1017 δὲ
3505 966 3700 1017 τούτου
3757 961 3983 1037 βασιλεία,

2408 1057 2641 1130 οὐράνιος
2688 1052 2842 1121 οὖσα,
2895 1053 2979 1127 ἀφ’
3034 1053 3222 1115 ἑαυτῆς
3277 1057 3522 1112 κέκτηται
3571 1056 3636 1106 τὸ
3689 1056 3893 1129 κράτος.
3923 1054 3982 1105 Εἰς

2407 1149 2515 1196 πὼν
2565 1141 2624 1196 δι
2684 1145 2765 1196 ὅτι
2809 1142 2867 1195 Ἣ
2928 1140 3180 1214 βασιλεία
3231 1142 3259 1200 ἠ
3309 1140 3406 1213 ἐμὴ
3467 1139 3560 1194 οὐκ
3625 1142 3773 1192 ἔστιν
3822 1140 3874 1191 ix
3922 1147 3985 1191 τοῦ

2408 1238 2610 1305 κόσμου
2663 1234 2866 1298 τούτου,
2922 1229 3027 1302 ούχ
3092 1229 3389 1301 ὑπεξήγαγε
3443 1238 3536 1290 τῆς
3599 1227 3795 1281 ἑαυτοῦ
3849 1233 3986 1303 κυριό-

2407 1341 2562 1382 τητος
2599 1324 2686 1373 τόν
2735 1324 2952 1393 κόσμον,
3015 1317 3122 1370 ἀλλ’
3175 1317 3403 1390 ἐνέφηνεν
3457 1320 3537 1370 ὅτι
3585 1317 3689 1370 οὐκ
3746 1320 3901 1385 ἔστιν,
3940 1321 3986 1378 ὡς

2411 1413 2586 1464 αἰτοῦ
2631 1413 2832 1482 κόσμου
2872 1410 3059 1461 τούτου
3106 1404 3398 1480 βασιλεῖαι,
3457 1403 3682 1481 δεομένη
3739 1408 3983 1482 ὑπηρετῶν,

2407 1505 2496 1554 καὶ
2526 1501 2834 1570 ὑποκειμένη
2875 1495 3070 1570 φόϐοις,
3103 1501 3192 1548 καὶ
3224 1495 3365 1557 τέλος
3392 1499 3622 1568 ἔχουσα.

2479 1585 2605 1641 Εἶτα
2654 1586 2863 1650 ἐξελθὼν
2917 1587 2941 1638 ό
3000 1585 3223 1646 [Ιιλατος
3275 1583 3519 1660 ἐπειράθη
3568 1585 3694 1656 (10)
3765 1584 3984 1648 ἓξελέσθαι

2819 1678 2917 1748 γὰρ
2965 1675 2990 1726 ό
3036 1680 3242 1735 Λουκᾶς
3295 1676 3372 1726 ὅτι
3429 1683 3536 1727 εἰπε
3588 1679 3729 1746 πρὸς
3768 1677 3878 1734 τοὺς
3917 1672 3984 1747 ἀρ-

2405 1774 2602 1842 χιερεῖς
2663 1771 2753 1819 καὶ
2819 1768 2942 1826 τοὺς
2987 1763 3183 1835 ὄχλους
3231 1759 3400 1816 Οὐδὲν
3467 1764 3701 1838 εὑρίσκω
3765 1767 3915 1815 αἴτιον
3948 1764 3981 1813 ἓν

2405 1865 2478 1926 τῷ
2556 1855 2807 1928 ἀνθρώπῳ
2878 1855 3061 1924 τούτῳ·
3143 1853 3192 1905 οἱ
3269 1849 3326 1905 δε
3400 1850 3688 1923 ἐπίσχυον,
3767 1851 3980 1923 λέγοντες,

2405 1947 2485 1998 ὅτι
2541 1944 2798 1999 Ἀνασείει
2859 1945 2944 1994 τὸν
3000 1941 3144 2008 λαόν,
3219 1936 3493 1993 διδάσκων
3562 1941 3688 1994 καθ’
3751 1939 3867 2000 ὅλης
3913 1947 3979 1997 τῆς

2408 2031 2691 2101 Ἰουδαίας,
2793 2030 3076 2107 ἀρξάμενος
3160 2028 3260 2082 ἀπό
3366 2038 3459 2091 τῆς
3554 2029 3836 2092 Γαλιλαίας
3911 2029 3980 2086 ἕως

2405 2123 2526 2178 ὧὸε.
2609 2120 2833 2182 Πιλᾶτος
2909 2117 2988 2182 δε,
3074 2117 3303 2179 ἀκούσας
3371 2117 3676 2186 Γαλιλαίαν,
3750 2117 3979 2191 ἐπηρώπο

2409 2231 2513 2276 σεν,
2599 2211 2642 2263 εἰ
2717 2211 2742 2261 ό
2817 2211 3083 2284 ἄνθρωπος
3161 2207 3434 2269 Γαλιλαίός
3513 2205 3651 2265 ἔστι.
3736 2211 3832 2261 Καὶ
3898 2204 3980 2257 ἔπιε

2405 2304 2580 2372 γνοὺς,
2651 2300 2732 2352 ὅτι
2794 2297 2848 2350 ἐκ
2911 2306 3002 2358 τῆς
3067 2296 3306 2360 ἐξουσίας
3377 2292 3618 2368 Ἡρώδου
3689 2295 3840 2363 ἐστὶν,
3897 2293 3978 2345 ἀνίη

2406 2389 2603 2462 επεμψεν
2676 2387 2830 2440 αὐτόν
2897 2389 3024 2462 πρὸς
3069 2382 3331 2459 Ἡρώδην,
3391 2389 3514 2437 ὄντα
3583 2389 3674 2437 καὶ
3745 2384 3884 2436 αὐτόν
3942 2384 3978 2432 ἓν

2406 2476 2785 2553 Ἱεροσολύμοις
2856 2473 2906 2527 ἕν
2978 2476 3192 2534 ταύταις
3265 2480 3383 2544 ταῖς
3464 2474 3708 2546 ἡμέραις,
3785 2475 3866 2522 καὶ
3929 2471 3978 2520 τὰ

2407 2567 2544 2630 ἑξῆς.
2585 2565 2644 2619 Ὀ
2703 2567 2794 2638 μεν
2843 2563 2930 2615 οὖν
2982 2562 3215 2627 Πιλάτος,
3271 2561 3501 2624 ἀκούσας
3554 2565 3696 2637 παρὰ
3740 2568 3824 2613 τοῦ
3863 2566 3975 2633 Χρι-

2410 2663 2536 2709 στοῦ
2567 2659 2685 2730 περὶ
2710 2661 2802 2715 τῆς
2833 2651 3110 2726 βασιλείας
3163 2651 3342 2716 αὐτοῦ,
3390 2652 3468 2703 ὅτι
3508 2651 3602 2703 οὐκ
3641 2655 3769 2703 ἔστιν
3807 2647 3858 2700 ἐκ
3900 2651 3976 2698 τοῦ

2407 2749 2609 2816 κόσμου
2663 2747 2870 2809 τούτου,
2923 2746 3013 2794 καὶ
3070 2743 3226 2813 γνοὺς
3275 2742 3356 2793 ὅτι
3407 2739 3501 2792 ούκ
3547 2743 3652 2811 ἔχει
3704 2754 3972 2810 παρασκευ-

2408 2833 2469 2890 ἠν
2523 2851 2638 2884 τινα
2693 2835 3027 2905 τυραννικὴν,
3085 2830 3116 2888 ἢ
3172 2832 3229 2881 τό
3287 2831 3486 2882 οἱονοῦν
3533 2830 3820 2902 παράσημον
3867 2825 3967 2874 ἑπι-

2405 2924 2546 2992 γείου
2587 2919 2884 2992 βασιλείας,
2933 2923 3023 2972 καὶ
3071 2915 3319 2992 διαγνούς
3368 2917 3614 2971 ἀπίθανον
3645 2920 3730 2974 τὴν
3766 2929 3968 2981 κατηγο·

2403 3029 2540 3082 ριαν,
2582 3011 2811 3062 ἀναίτιον
2862 3009 3017 3061 αὑτὸν
3074 3006 3341 3080 ἀπέφηνεν·
3395 3007 3545 3060 αὐτοὶ
3599 3003 3678 3072 δί,
3727 3007 3789 3076 μή
3836 2996 3970 3053 δυνά-

2405 3118 2548 3172 μενοι
2602 3095 2772 3161 δεῖξαι
2831 3105 3024 3172 σημεῖα
3075 3106 3174 3150 τῶν
3211 3096 3465 3169 ῥηθέντων
3519 3095 3861 3169 ἐγκλημάτων,
3901 3105 3961 3159 μί·

2404 3186 2629 3248 τέϐησαν
2685 3190 2757 3260 ἐφ’
2809 3187 2980 3261 ἑτέραν
3037 3190 3377 3260 κατηγορίαν,
3435 3184 3670 3258 λέγοντες
3723 3185 3800 3236 ὅτι
3850 3179 3962 3233 ’Δναο

2407 3281 2533 3331 σείει
2581 3279 2668 3328 τὸν
2730 3275 2872 3341 λαόν,
2938 3279 3100 3346 ἤγουν
3167 3273 3470 3340 ἀναστατοῖ,
3544 3269 3831 3327 διδάσκων.
3889 3267 3965 3320 Καὶ

2405 3366 2485 3418 ὅτι
2523 3368 2612 3437 μεν
2662 3361 2912 3418 διδάσκει
2951 3362 3184 3435 λέγουσι·
3218 3367 3270 3415 τί
3316 3358 3376 3415 δι
3409 3358 3688 3434 διδάσκει,
3727 3360 3782 3414 ού
3820 3357 3966 3429 λόγου·

2408 3474 2510 3521 σιν,
2541 3455 2622 3506 ἱνα
2649 3458 2721 3526 μὴ
2745 3453 3224 3526 καταγελασθῶσιν.

2475 3543 2532 3595 Ὀ
2581 3538 2640 3595 δε
2692 3538 2955 3616 Ἡρώδης,
3005 3546 3234 3603 ποιήσας
3281 3542 3383 3594 ὅσα
3430 3544 3561 3613 φησὶ
3617 3543 3840 3600 Λουκᾶς,
3881 3527 3967 3604 (Η)

2407 3631 2697 3704 ἀντέπεμψε
2747 3639 2929 3684 τοῦτον
2991 3630 3143 3706 πάλιν
3195 3633 3324 3703 πρὸς
3389 3635 3477 3683 τόν
3529 3629 3774 3698 Πιλᾶτον,
3827 3623 3969 3696 ἐφεπο-

2406 3726 2567 3795 μένων
2626 3725 2716 3772 καὶ
2785 3728 2884 3772 τῶν
2965 3719 3249 3794 ἀρχιερέων
3314 3724 3404 3772 καὶ
3469 3727 3568 3772 τῶν
3638 3713 3968 3796 Γραμματέωνν

2406 3816 2496 3862 καὶ
2548 3807 2937 3863 καταϐοώντων.
2990 3809 3212 3870 Πιλᾶτος
3257 3804 3831 3884 δὲνσυγκαλεσάμενος
3879 3799 3971 3884 τοὺς

2407 3898 2668 3973 ἀρχιερεῖς
2718 3903 2808 3950 καὶ
2882 3901 3000 3959 τούς
3067 3899 3333 3973 ἄρχοντας
3393 3902 3484 3950 καὶ
3545 3901 3634 3949 τόν
3700 3897 3834 3962 λαόν,
3889 3883 3970 3939 εἶπε

2404 3992 2534 4062 πρὸς
2570 3987 2776 4048 αὐτούς’
2837 3989 2862 4039 ὁ
2919 3993 3126 4049 Λουκᾶς
3173 3991 3263 4039 καὶ
3306 3987 3472 4039 ταῦτά
3519 4006 3671 4059 φησι.
3718 3978 3971 4075 Προσηνθζ

2404 4081 2527 4128 κατέ
2611 4095 2702 4148 μοι
2787 4079 2876 4128 τόν
2963 4077 3230 4152 ἄνθρωπον
3324 4083 3524 4146 τοῦτον,
3605 4077 3680 4137 ὡς
3761 4075 3968 4137 ἀποστρε-

2406 4184 2564 4236 φοντα
2629 4168 2716 4218 τόν
2793 4164 2936 4233 λαὸν,
2989 4170 3102 4218 ,καὶ
3179 4161 3296 4218 ἰδού
3385 4163 3504 4236 ἕγὼ,
3573 4163 3784 4217 ἐνώπιον
3858 4157 3968 4227 ὑμῶν

2405 4251 2702 4328 ἀνακρίνας,
2785 4251 2937 4306 οὐδὲν
3013 4253 3156 4328 εὗρον
3223 4251 3271 4306 ἄν
3358 4261 3431 4324 τῷ
3504 4251 3760 4325 ἀνθρώπῳ
3836 4248 3968 4338 τούτὲι

2403 4345 2587 4414 αἴτιον,
2672 4342 2740 4394 ὧν
2827 4350 3158 4417 κατηγορεῖτε
3226 4342 3343 4394 κατ’
3430 4341 3591 4394 αὐτοῦ
3635 4360 3647 4373 -
3701 4336 3801 4392 ἀλλ’
3872 4323 3967 4384 οὐδ’

2400 4417 2656 4504 εΗρώδης.
2731 4430 3027 4502 Ἀνίπεμψα
3079 4421 3197 4504 ’γὰρ
3277 4431 3409 4502 ὑμᾶς
3473 4433 3604 4504 πρὸς
3667 4429 3839 4492 αὐτὸν,
3898 4417 3965 4468 καί

2405 4518 2543 4586 ἰδού,
2651 4516 2803 4572 ούδὶν
2893 4520 3037 4582 ἄξιον
3133 4521 3353 4572 θανάτου
3452 4518 3561 4571 ἐστὶ
3653 4511 3964 4590 πεπραγμένον

2405 4609 2516 4681 (12)
2572 4608 2732 4680 αύτῷ.
2790 4605 3092 4669 Παιδεύσας
3155 4606 3242 4661 οὖν
3318 4607 3472 4661 αὐτὸν
3542 4607 3808 4660 ἀπολύσω,
3864 4595 3957 4692 Παξ-

2404 4694 2584 4750 δευσιν
2643 4697 2861 4752 ἐνταῦθα
2910 4702 3002 4756 τὴν
3071 4701 3284 4772 μετρίαν
3339 4701 3674 4770 μαστίγωσιν
3725 4696 3864 4764 λέγων
3907 4697 3962 4739 εις

2401 4787 2738 4861 παραμυθίαν
2785 4791 2874 4840 καὶ
2918 4785 3244 4856 καταστολὴ-ν
3307 4793 3400 4838 τοῦ
3461 4787 3630 4858 θυμοῦ
3679 4785 3856 4842 αὐτῶν,
3885 4772 3960 4834 ἶνα)

2404 4871 2665 4944 δόξαντες,
2721 4877 3083 4951 περιγενέσθαι
3144 4874 3326 4940 αὐτοῦ,
3393 4876 3702 4930 παύσωνται
3768 4876 3853 4928 τῆς
3894 4875 3963 4961 ξε·

2402 4968 2622 5039 ραιτίρω
2658 4969 2862 5037 μανίας.
2913 4967 2978 5016 Οἱ
3023 4960 3082 5016 δὲ
3111 4967 3201 5016 καὶ
3231 4963 3390 5023 οὕτως
3437 4958 3587 5015 οὐδὲν
3641 4961 3839 5014 ἔλαττον

2406 5031 2700 5132 θηριόῦντό,
2768 5055 2898 5125 πρὸς
2967 5050 3015 5105 ἓν
3092 5056 3268 5126 μόνον
3307 5049 3525 5112 ἀκλινῶς
3586 5052 3815 5127 ὁρῶντες,
3873 5031 3962 5111 (‘5)

2405 5140 2594 5195 ἀνελεῖν
2612 5131 2768 5195 αὐτὸν
2799 5144 3054 5214 τάχιστα.
3085 5145 3172 5195 Διό
3210 5140 3363 5195 πάλιν
3393 5138 3799 5195 καθυλακτοῦσι.

1869 5383 2085 5455 Variae
2121 5387 2449 5460 lectiones
2489 5401 2554 5460 et
2583 5401 2764 5460 notae

743 5520 830 5596 lO)
865 5520 1226 5596 ΔἘπειροίςι·θη,
1283 5527 1354 5596 ᾼ.

743 5522 807 5578 10
881 5520 1226 5596 Ἐπειράσθη,
1283 5527 1354 5581 Α,

711 5520 832 5677 ἕης
864 5592 1150 5677 ίΑνὲπεμψε
1179 5593 1585 5677 scribendum,
1619 5597 1898 5674 uthabet
1916 5600 2107 5660 codex
2137 5610 2289 5664 uter-

639 5665 760 5744 que
798 5665 956 5725 infra
982 5665 1054 5724 in’
1075 5665 1354 5742 contextu
1387 5667 1578 5725 Lucae.
1694 5671 1696 5674 ’
1843 5681 1849 5686 ·
1889 5735 1892 5738 ,

2498 5534 2582 5684 12}
2613 5535 2691 5589 Ἐν
2720 5533 3050 5620 interponit
3078 5535 3145 5616 Α,

2498 5608 2555 5664 ts
2609 5605 2900 5684 Interpom
2931 5609 3122 5682 potest
3147 5609 3204 5661 τό

2492 5605 2578 5684 13)
2609 5605 2903 5684 Interponi
2931 5608 3231 5682 potest'ré.

4059 1199 4062 1328 ι
