4170 6334
140 296 293 355 713

1074 308 1441 371 COMMENT.
1482 312 1551 370 IN
1588 315 2040 377 MATTHEUM.
2092 354 2158 363 -—-
2197 322 2351 379 CAP.
2392 326 2617 384 XXVII.

3458 344 3559 401 714

258 429 375 478 Καὶ
424 457 490 467 -
525 427 851 502 ἁπεκρίνατο.
897 430 1139 505 Σφοδρῶς
1191 438 1292 509 γὰρ
1347 434 1453 497 ἤδη
1503 440 1776 499 λυττησάν-

1976 446 2138 503 Vers.
2172 449 2257 503 12.
2290 450 2369 505 Et
2392 481 2458 491 —
2479 455 2803 522 respondit.
2833 459 2981 515 Cum
3005 460 3165 519 enim
3187 463 3563 533 vehementer

148 530 288 563 των
356 514 423 575 εἰς
472 518 556 567 τὸν
613 523 760 589 φονον
819 520 996 585 αὐτοῦ,
1048 528 1136 575 καὶ
1189 524 1485 579 ἀχαθέκτων
1540 530 1662 591 ὅλως
1714 551 1794 603 γε-

528 607 655 676 ἓγνω
724 615 950 680 ματαίαν
1020 609 1149 665 εἶναι
1213 623 1302 666 τοῦ
1361 616 1543 671 λοιποῦ
1620 627 1793 674 πᾶσαν

148 621 197 670 '7
208 607 444 668 ονὸτων,

158 688 499 763 ἀπολογίαν.

251 786 395 834 Τότε
468 814 537 823 -—
606 798 1073 863 καταμαρτυροῦσι
1095 811 1106 855 ;

155 878 348 920 κινῶν
394 872 550 923 αὐτὸν
610 874 681 935 εἰς
737 879 793 928 τὸ
853 876 1287 950 ἀπολογήσασθαι
1336 890 1424 937 καὶ
1487 886 1790 962 ἀπαλλαγῆ-

155 975 286 1008 ναι·
348 960 436 1011 καὶ
492 964 595 1036 γὰρ
657 962 930 1034 ἐγίνωσκεν
984 970 1064 1021 ὅτι
1102 972 1226 1044 ῥᾷον
1278 968 1518 1027 διαλύσει
1562 980 1653 1039 τὰς
1695 998 1789 1030 συ-

155 1053 472 1119 κοφαντίας
501 1050 687 1103 αὐτῶν.

256 1140 370 1188 Καὶ
422 1170 490 1178 —
534 1140 697 1212 ῥῆμα.
754 1146 822 1194 T6
874 1143 987 1206 ἑξῆς
1034 1148 1133 1220 γὰρ
1183 1156 1427 1222 περιττὴν
1485 1155 1661 1224 ἠγεῖτο
1699 1162 1788 1209 καὶ

161 1226 281 1280 τὴν
354 1229 478 1297 πρὸς
519 1228 670 1279 αὑτὸν
703 1228 999 1306 ἀπόκρισιν,
1046 1238 1111 1295 ως
1156 1243 1225 1308 μὴ
1277 1236 1556 1312 δυνάμενον
1599 1244 1788 1306 αὐτοὺς

164 1309 516 1367 ἀναστεῖλαι.
583 1323 679 1370 Καὶ
729 1326 831 1394 γαρ
886 1319 946 1379 ἦν
1012 1328 1100 1396 μὲν
1157 1334 1510 1404 μισοπόνηρος
1552 1334 1576 1383 ὁ
1620 1334 1784 1386 Πιλά-

158 1418 287 1464 τος,
361 1408 450 1455 καὶ
519 1404 722 1481 σφόδρα
777 1410 1024 1468 ἠθέλησεν
1082 1413 1338 1476 ἐξελέσθαι
1401 1424 1486 1471 τὸν
1557 1422 1780 1479 Ἰησοῦν

156 1488 422 1559 μαλακὸς
454 1489 513 1545 δὲ
541 1495 626 1561 ὠν,
661 1494 897 1551 ἐνεδίδου
920 1509 1030 1562 ταῖς
1063 1501 1261 1557 ἐκείνων
1292 1508 1496 1580 ὁρμαῖς.

1202 801 1366 847 Τοῦτο
1421 796 1555 868 λέγει
1630 821 1793 873 παρα-

1904 534 1982 589 ad
2012 536 2141 606 ejus
2191 538 2420 594 caedem
2476 540 2824 612 insanirent,
2864 564 2973 604 nec
3014 554 3261 610 omnino
3291 560 3562 615 revocari

1904 629 2173 692 possent,
2207 626 2431 683 sciebat
2474 628 2691 688 frustra
2719 634 2986 694 dandum
3016 639 3086 695 iri
3121 641 3403 717 deinceps
3437 663 3565 706 om-

1902 726 2040 766 nem
2068 717 2550 786 responsionem.

1972 821 2132 875 Vers.
2174 822 2257 876 13.
2325 825 2490 881 Tunc
2545 857 2615 867 —-
2653 830 2852 887 dicunt
2905 836 3233 897 testimonia
3266 840 3293 895 ?
3327 845 3447 900 Hoc
3477 844 3559 901 ait

1901 909 2207 965 concitans
2248 927 2387 967 eum
2416 919 2477 970 ut
2507 921 2908 989 responderet,
2952 940 3023 979 ac
3050 926 3132 981 sic
3162 928 3553 989 liberaretur:

1900 996 2123 1053 sciebat
2146 1000 2306 1057 enim
2331 1003 2494 1073 quod
2522 1004 2697 1062 facile
2728 1015 2927 1079 posset
2953 1012 3191 1072 illorum
3213 1018 3438 1078 diluere
3461 1038 3554 1080 ca-

1898 1083 2183 1142 lumnias.

1968 1194 2128 1248 Vers.
2158 1198 2239 1250 14.
2255 1197 2334 1252 Et
2350 1230 2418 1238 —
2434 1201 2685 1257 verbum.
2705 1204 2989 1279 Deinceps
3008 1209 3166 1267 enim
3184 1215 3554 1285 superﬂuam

1896 1278 2305 1340 fore‘ducebat
2342 1292 2794 1359 responsionem
2821 1278 2957 1366 quas
2988 1297 3098 1369 ipsi
3130 1300 3389 1370 daretur,
3416 1321 3553 1361 cum

1895 1383 2016 1425 non
2044 1379 2246 1441 posset
2262 1374 2389 1429 illos
2407 1380 2823 1450 comprimere.
2846 1383 3139 1456 Siquidem
3165 1390 3392 1446 malum
3414 1394 3554 1450 ode-

1893 1462 1983 1513 rat
2011 1458 2261 1532 Pilatus,
2293 1468 2349 1520 et
2385 1465 2587 1523 Jesum
2628 1470 2891 1527 maxime
2952 1480 3218 1545 optasset
3256 1479 3502 1537 liberare
3538 1499 3550 1537 :

1894 1562 2102 1604 verum
2133 1565 2261 1606 cum
2302 1554 2497 1609 mollis
2532 1562 2703 1623 esset,
2736 1558 2976 1618 illorum
3020 1565 3271 1623 cedebat
3299 1568 3551 1627 affectio-

1892 1636 2093 1693 nibus.

243 1702 416 1756 Ὠστε
472 1737 536 1747 -
586 1707 717 1762 λίαν.
775 1714 1097 1787 Θαυμάζειν,
1140 1726 1245 1777 πῶς
1283 1715 1601 1775 ἐνδείκνυται
1659 1744 1776 1777 τοσ-

1963 1728 2129 1783 Vers.
2170 1728 2257 1783 14.
2276 1730 2436 1786 Adeo
2457 1738 2523 1788 ut
2549 1764 2616 1773 —
2632 1750 2817 1804 supra
2842 1741 3105 1798 modum.
3144 1744 3548 1804 Admiraretur

160 1793 348 1848 αὐτην
382 1792 675 1864 ἐπιείκειαν,
701 1806 829 1866 πῶς,
864 1798 1147 1874 δυνάμενος
1176 1804 1547 1879 ἀπολογεῖσθαι
1577 1818 1666 1865 καὶ
1692 1834 1782 1866 κα-

158 1884 493 1952 ταισχύνειν
520 1884 729 1956 αὐτοὺς,
762 1887 888 1939 ἑκὼν
921 1897 1049 1961 σιγᾷ
1076 1898 1164 1945 καὶ
1196 1892 1457 1967 ἀνέχεται.

250 2096 402 2145 Κατά
455 2091 512 2147 δὲ
573 2097 752 2170 ἑορτὴν
818 2133 876 2141 -
924 2109 1189 2178 Χριστόν;
1252 2114 1397 2162 Κατά
1460 2111 1517 2166 δὲ
1577 2115 1775 2189 ἑορτὴν,

164 2188 274 2242 τὴν
343 2192 435 2237 τοῦ
490 2189 690 2259 Πάσχα
740 2188 997 2250 δηλονότι.
1044 2201 1179 2255 Φησὶ
1226 2203 1326 2274 γὰρ
1375 2202 1660 2267 ὀἹωάννης
1703 2210 1778 2259 εἰ-

166 2280 294 2325 πεῖν
356 2278 443 2326 τὸν
518 2277 752 2333 Πιλάτον.
813 2280 964 2335 ’Ἐστι
1018 2282 1075 2336 δὲ
1145 2292 1392 2346 συνήθεια
1456 2295 1570 2366 (1-4)
1636 2299 1776 2369 ὑμῖν,

170 2362 266 2413 ἵνα
315 2364 403 2415 ἕνα
457 2366 577 2437 ὑμῖν
640 2365 885 2422 ἀπολύσω
942 2374 1053 2444 (l5)
1121 2374 1169 2426 ἐν
1232 2386 1303 2449 τῷ
1378 2384 1594 2454 Πάσχα.
1654 2393 1778 2461 Περὶ

171 2448 238 2503 δὲ
289 2459 381 2503 τοῦ
440 2453 681 2527 Βαραϐϐᾶ
735 2457 869 2529 λέγει
929 2448 1279 2538 φανερώτερον
1330 2470 1354 2519 6
1428 2448 1631 2534 Λουκᾶς
1697 2448 1776 2528 ὅτι

172 2535 239 2596 ἦν
293 2537 386 2591 διὰ
443 2545 628 2595 στάσιν
690 2550 805 2598 τινα
849 2555 1121 2622 γενομένην
1167 2553 1215 2605 ἐν
1262 2565 1323 2627 τῇ
1380 2560 1521 2612 πόλει
1560 2568 1646 2614 καὶ
1680 2569 1775 2636 φο-

171 2647 262 2679 νον
336 2627 646 2703 βεϐλημένος
712 2634 784 2695 εἰς
842 2638 1090 2708 φυλακήν,
1146 2642 1202 2695 Ὀ
1264 2646 1481 2709 Πιλάτος
1534 2647 1642 2716 οὖν,
1702 2659 1772 2725 μὴ

175 2712 427 2781 δυνηθεὶς
465 2723 531 2782 ὡς
591 2721 755 2775 ἀθῶον
819 2723 1078 2787 ἐξελέσθαι
1128 2735 1213 2783 τὸν
1256 2740 1508 2807 Χριστὸν,
1568 2739 1775 2812 ἐπεχεί-

1889 1816 2200 1885 quomodo
2230 1818 2666 1879 demonstraret
2717 1829 2944 1883 tantam
2969 1835 3495 1892 mansuetudinem
3529 1855 3543 1891 :

1889 1906 2213 1973 quomodo,
2236 1922 2372 1961 cum
2398 1911 2762 1979 respondere
2793 1922 2996 1984 posset
3016 1918 3269 1991 illosque
3295 1924 3544 1981 confun-

1888 1990 2048 2055 dere,
2090 1993 2423 2051 voluntarie
2452 1997 2649 2055 sileret
2678 2015 2748 2057 ac
2770 2004 3105 2062 sustineret.

1959 2098 2121 2155 Vers.
2167 2104 2250 2154 15.
2285 2102 2357 2155 In
2394 2102 2541 2172 festo
2563 2111 2754 2162 autem
2785 2138 2856 2149 —
2894 2109 3057 2166 Vers.
3088 2114 3168 2169 17.
3208 2115 3480 2175 Christus
3517 2117 3545 2174 ‘2

1886 2185 1951 2240 In
1978 2185 2126 2241 festo
2150 2187 2399 2244 Paschw
2426 2191 2711 2248 videlicet.
2741 2197 2832 2252 Ait
2853 2199 3009 2254 enim
3036 2201 3298 2259 Joannes
3325 2206 3546 2265 dixisse

1890 2276 2139 2331 Pilatum
2175 2297 2190 2333 :
2223 2278 2328 2333 Est
2356 2287 2545 2337 autem
2572 2289 2927 2343 consuetudo
2961 2291 3141 2361 vobis,
3166 2300 3229 2348 ut
3255 2311 3433 2352 unum
3449 2298 3547 2353 ab-

1883 2366 2106 2420 solvam
2136 2367 2292 2422 vobis
2324 2369 2387 2423 in
2410 2371 2644 2428 Pascha
2671 2374 2738 2428 ¹⁵.
2762 2376 3156 2445 De;Barabba
3194 2398 3331 2438 vero
3360 2389 3548 2442 mani-

1885 2452 2087 2508 festius
2104 2454 2237 2511 dicit
2269 2456 2458 2512 Lucas
2484 2460 2670 2529 quod,
2693 2468 2936 2534 propter
2953 2467 3310 2527 seditionem
3336 2490 3546 2544 quam-

1885 2540 2027 2596 dam
2057 2541 2275 2598 factam
2306 2545 2365 2598 in
2385 2546 2617 2602 civitate
2646 2557 2701 2604 et
2727 2554 2973 2624 caedem,
3008 2558 3315 2628 conjectus
3343 2565 3539 2621 eratin

1885 2640 2185 2681 carcerem
2218 2629 2286 2682 ιο.
2314 2629 2531 2684 Pilatus
2548 2647 2689 2702 ergo
2716 2650 2855 2691 cum
2882 2653 3003 2693 non
3030 2648 3233 2711 posset
3256 2650 3540 2719 tanquam

1884 2714 2256 2770 innocentem
2278 2716 2528 2773 liberare
2559 2721 2878 2789 Christum,
2911 2730 3308 2788 tentaviteum
3327 2714 3538 2794 saltem

174 2825 313 2878 ρησε
352 2810 447 2859 κᾶν
494 2818 618 2881 γοῦν
667 2818 730 2872 ὡς
781 2813 1066 2870 κατάδικον
1119 2827 1457 2895 χαρίσασθαι
1488 2836 1666 2881 τοῦτον
1711 2841 1772 2891 τῆ

1895 2807 1945 2858 ut
1976 2804 2204 2873 judicio
2244 2805 2600 2865 damnatum
2640 2811 2864 2868 donare
2902 2815 3106 2886 ipsum
3132 2818 3302 2877 festo.

178 2894 359 2968 ἑορτῇ.

254 2981 409 3035 ⁴Ηδει
458 3017 527 3025 -
578 2988 746 3042 αὑτὸν.
807 2997 994 3064 Διέγνω
1045 3006 1219 3067 τοῦτο,
1275 3007 1363 3054 καὶ
1414 3006 1646 3074 ἣλπιζεν,
1696 3010 1775 3063 ὃτι

183 3071 280 3122 οὐκ
332 3071 391 3123 ἂν
449 3084 815 3147 προτιμησωσι
866 3086 950 3133 τὸν
991 3083 1301 3159 ἀνδροφόνον
1342 3095 1630 3168 Βαραϐϐᾶν.
1681 3103 1775 3151 Δίά

178 3167 335 3212 τοῦτο
418 3167 586 3214 τοίνυν
655 3167 921 3241 θαρρήσας
997 3172 1179 3247 ἐρωτᾷ,
1246 3184 1371 3232 Τίνα
1426 3184 1587 3237 θέλετε
1650 3186 1773 3240 ἀπο-

175 3248 318 3300 λύσω
384 3252 542 3322 ὑμῐν;
588 3253 675 3316 Ὠς
737 3254 796 3309 δε
842 3258 974 3332 λέγει
1033 3267 1261 3338 Μάρκος,
1303 3276 1401 3342 πρὸ
1446 3283 1539 3335 τῆς
1583 3274 1773 3348 ἐρωτή-

181 3355 310 3398 σεως
352 3337 648 3405 ἀναϐοήσας
696 3347 721 3397 6
776 3346 964 3418 ὄχλος,
1020 3354 1210 3424 ἣρξατο
1266 3358 1545 3433 αἰτεῖσθαι,
1599 3369 1771 3430 καθὼς

179 3420 259 3475 ἀεὶ
306 3424 463 3479 ἐποίει
515 3431 709 3500 αὐτοῖς,
766 3439 948 3507 ἤγουν,
1007 3441 1268 3496 αἰτεῖσθαι
1327 3448 1437 3518 (16)
1495 3456 1760 3523 γενέσθαι,

176 3511 275 3564 Ἠν
330 3511 388 3567 δὲ
443 3519 472 3575 ἡ
516 3523 729 3585 αἴτησις
770 3531 886 3600 περὶ
937 3537 1025 3581 τοῦ
1075 3530 1333 3587 ἀπολύσαι
1376 3538 1462 3590 ἕνα
1507 3550 1578 3611 τῷ
1627 3544 1767 3616 ὄχλῳ

193 3597 241 3616 ιι,
460 3605 478 3616 -
497 3614 511 3616 -
539 3610 554 3616 -
674 3608 691 3616 ι
771 3613 795 3616 υ

832 3597 840 3600 ,
1549 3597 1557 3611 .
1655 3597 1749 3616 ι...

180 3597 414 3673 δέσμιον.
460 3605 610 3661 Ὀθεν
661 3608 976 3686 δραξάμενος
1024 3618 1261 3695 ἀφορμῆς
1310 3627 1334 3677 6
1390 3627 1624 3698 Πιλάτος,
1678 3633 1771 3685 ἐπ-

181 3696 474 3765 εχείρησεν,
502 3698 569 3759 ὡς
601 3702 822 3773 εἴρηται,
852 3710 940 3758 καὶ
972 3712 1233 3782 ἠρώτησε.

259 3908 556 3980 Καθημένου
610 3945 677 3954 -
731 3920 903 3971 αὐτόν.
964 3920 1139 3985 Ἀὐτὸς
1191 3930 1280 3998 μὲν
1342 3932 1434 3983 οὐκ
1483 3934 1597 4007 (17)
1666 3937 1770 3993 εἶδε

183 4002 409 4048 τοιοῦτον
465 4003 605 4075 ὄναρ,
662 4004 691 4061 ἡ
748 4009 814 4068 ὡς
869 4008 1096 4077 ἀνάξιος,
1154 4017 1182 4073 ἦ
1245 4020 1324 4069 ὅτι
1374 4022 1543 4093 ἔμελλε
1594 4036 1767 4099 σιγᾷν,

186 4086 251 4144 ὡς
300 4092 493 4159 κριτὴς,
553 4090 581 4147 ἣ
641 4094 719 4144 ὄτι
776 4097 970 4168 ἔμελλεν
1030 4100 1387 4175 ἀπιστεῖσθαι,
1440 4114 1503 4172 ὡς
1552 4115 1771 4170 πλαττο-

187 4193 331 4245 μενος
380 4177 534 4239 αὐτὸς
606 4185 736 4254 πρὸς
807 4190 864 4237 τὸ
937 4188 1115 4251 ἐξελεῖν
1169 4199 1338 4253 αὐτόν,
1398 4199 1455 4252 Ἡ
1524 4211 1650 4274 γυνὴ
1714 4206 1772 4261 δὲ

190 4260 359 4334 βλέπει
402 4266 609 4337 μᾶλλον.

187 4355 306 4412 τοὺς
358 4352 668 4423 Ἰουδαίους,
741 4362 822 4415 ἶνα
873 4368 937 4425 ὡς
990 4366 1266 4444 ἀνυπόπτῳ
1334 4381 1496 4452 ταύτῃ
1553 4389 1774 4437 πιστεύ-

191 4460 359 4502 σαντες
415 4443 887 4517 ἀναχαιτισθῶσιν.
950 4461 1048 4509 Καὶ
1108 4460 1165 4511 οὐ
1217 4462 1394 4533 βλέπει
1433 4474 1607 4539 μόνον,
1650 4474 1777 4527 ἀλλὰ

191 4536 278 4581 καὶ
325 4535 543 4605 πάσχει,
590 4543 878 4608 τουτέστιν,
924 4542 1180 4617 ἐταζεται,
1230 4554 1312 4605 ῖνα
1357 4565 1416 4627 τῇ
1478 4566 1776 4637 συμπαθείᾳ

194 4715 305 4773 τῶν,
369 4711 578 4785 κωλύσῃ
638 4721 723 4768 τόν
764 4723 930 4790 φόνον.
986 4728 1054 4775 T6
1098 4722 1157 4778 δὲ
1209 4728 1388 4787 Μηδέν
1434 4754 1516 4787 σοι
1563 4745 1651 4791 καὶ
1703 4752 1774 4814 τῷ

210 4792 231 4814 a
328 4801 337 4814 ι
446 4798 458 4814 ’
530 4807 539 4814 -
708 4804 720 4814 ·
796 4813 800 4814 ν
1150 4812 1158 4814 ‘

198 4792 377 4868 δικαίῳ
438 4798 627 4874 ἐκείνῳ,
697 4804 811 4860 ἀντὶ
862 4818 972 4882 τοῦ,
1039 4812 1219 4873 Μηδὲν
1305 4839 1389 4874 σοι
1461 4830 1547 4876 καὶ
1608 4827 1773 4902 ἐκείνῳ

206 4883 217 4898 Ἰ
359 4884 387 4902 Ω
475 4894 485 4902 ι
774 4893 786 4902 ⁸

197 4883 387 4957 ἀμφισϐ
390 4894 487 4946 ητή
498 4909 669 4963 σιμον,
763 4893 967 4968 ἀπέχου
1038 4902 1216 4959 αὐτου.

1300 4916 1613 4982 Σημειωτέον
1692 4916 1769 4985 δὲ,

194 4975 269 5026 ὅτι
289 4978 344 5027 τὸ
372 4981 596 5053 Σήμερον
621 4987 711 5035 καὶ
740 4982 823 5037 ἐπὶ
854 4988 1038 5052 νυκτὸς
1063 4990 1285 5064 λέγεται.

262 5100 306 5134 ³⁵
332 5101 497 5158 Joan.
531 5122 684 5177 xvui,
718 5113 803 5166 39.
883 5114 929 5148 ¹⁶
955 5114 1091 5170 Luc.
1124 5134 1284 5192 xxm,
1312 5123 1395 5179 19.

1956 3046 2113 3099 Vers.
2152 3048 2239 3103 18.
2290 3047 2528 3105 Sciebat
2566 3082 2635 3089 —
2677 3067 2829 3109 eum.
2867 3057 3099 3115 Sciebat
3144 3061 3281 3129 hoc,
3318 3068 3374 3120 et
3404 3083 3534 3139 spe-

1882 3132 2055 3188 rabat
2069 3134 2232 3204 quod
2250 3150 2637 3209 nequaquam
2666 3153 3078 3214 praeponerent
3094 3148 3146 3202 ei
3167 3132 3535 3211 homicidam

1881 3221 2235 3278 Barabbam.
2268 3226 2510 3296 t’ropter
2537 3228 2653 3282 hoc
2679 3246 2821 3299 ergo
2848 3241 3090 3305 sumpta
3114 3237 3333 3296 ﬁducia
3363 3242 3537 3299 inter-

1879 3316 2089 3377 rogat:
2126 3312 2297 3377 Quem
2331 3314 2506 3369 vallis
2532 3316 2826 3374 absolvam
2866 3323 3022 3377 vobis
3060 3322 3087 3377 i’
3120 3327 3188 3380 Ut
3222 3333 3422 3385 autem
3449 3333 3536 3387 di-

1880 3398 1956 3451 cit
1982 3398 2229 3464 Marcus,
2257 3406 2393 3456 ante
2418 3402 2945 3473 interrogationem
2975 3426 3113 3467 cum
3144 3412 3538 3477 acclamasset

1880 3485 2054 3541 turba
2084 3489 2256 3558 coepit
2285 3494 2500 3560 petere,
2543 3492 2694 3548 sicut
2725 3510 2962 3566 semper
2990 3500 3246 3559 faciebat
3272 3506 3356 3560 eis
3392 3524 3405 3562 :
3434 3524 3533 3578 pe-

1880 3580 1996 3630 tere
2024 3575 2299 3633 videlicet
2343 3583 2405 3634 ut
2450 3578 2615 3635 ﬁeret
2646 3583 2762 3655 (ua)
2820 3585 2973 3641 sicut
3016 3604 3243 3662 semper
3278 3575 3535 3655 faciebat

1878 3665 1962 3718 eis
1992 3665 2059 3717 ίτ.
2094 3667 2227 3720 Erat
2263 3672 2463 3723 autem
2512 3670 2731 3740 petitio,
2780 3678 2842 3730 ut
2872 3691 3027 3732 unus
3066 3695 3138 3733 ex
3168 3681 3373 3739 vinctis
3424 3686 3530 3742 ab-

1878 3752 2421 3810 solvereturturbze.
2447 3759 2607 3812 Unde
2636 3764 2848 3816 nactus
2879 3767 3256 3827 occasionem
3284 3772 3528 3843 Pilatus,

1878 3842 2144 3905 tentavit,
2186 3848 2248 3897 ut
2279 3843 2506 3900 dictum
2532 3852 2639 3913 est,
2673 3854 2729 3904 et
2757 3850 3159 3923 interrogavit.

1948 3949 2106 4003 Vers.
2140 3949 2225 4003 19.
2258 3949 2490 4007 Sedente
2516 3984 2584 3993 —
2613 3954 2826 4023 ipsum.
2880 3960 3009 4030 Ipse
3049 3963 3294 4034 quidem
3320 3967 3533 4038 hujus-

1882 4037 2045 4091 modi
2068 4040 2369 4094 somnium
2396 4056 2518 4095 non
2540 4043 2790 4109 viderat,
2813 4047 2905 4102 vel
2922 4054 3203 4120 tanquam
3230 4054 3531 4126 indignus,

1881 4125 1971 4180 vel
2002 4127 2146 4197 quia
2195 4128 2473 4184 taciturus
2506 4129 2728 4198 fuisset,
2773 4141 2969 4206 utpote
3017 4141 3223 4210 judex,
3270 4125 3537 4218 veliquia

1880 4214 2027 4269 ﬁdes
2054 4216 2105 4269 ei
2137 4216 2403 4273 adhibita
2433 4235 2555 4274 non
2581 4220 2802 4287 fuisset,
2830 4227 2999 4295 quasi
3038 4229 3098 4284 id
3117 4231 3195 4286 ad
3219 4248 3356 4289 eum
3396 4214 3536 4293 libe-

689 4274 757 4334 ὡς
824 4273 944 4337 ἀξία
998 4286 1086 4332 καὶ
1139 4286 1204 4345 ὡς
1256 4289 1581 4366 πιθανωτέρα
1642 4301 1774 4368 πρὸς

741 4362 759 4377 .
886 4368 897 4377 .
1001 4366 1011 4381 .
1139 4376 1146 4384 .
1415 4381 1424 4388 .

2490 4273 2497 4274 ,
2549 4273 2801 4287 manu,
2835 4273 2999 4295 1-“-
3038 4273 3098 4284 η.
3117 4273 3195 4286 ..μ
3219 4273 3356 4289 νυ...
3396 4273 3536 4293 υνυ-

1895 4304 2137 4359 randum
2152 4304 2471 4377 efﬁngeuti.
2491 4311 2641 4365 Uxor
2661 4317 2860 4367 autem
2879 4317 3079 4386 potius
3105 4320 3284 4388 videt,
3308 4325 3401 4378 vel
3418 4331 3541 4382 tan-

1883 4409 2067 4463 quam
2087 4394 2310 4456 melior,
2327 4395 2418 4450 vel
2435 4400 2723 4469 tanquam
2739 4403 2902 4472 apud
2915 4403 2940 4456 J
2954 4406 3153 4463 udeeos
3170 4410 3289 4467 ﬁde
3302 4412 3541 4483 dignior

1888 4486 1948 4535 ut
1974 4481 2114 4536 huic
2152 4485 2322 4552 quasi
2362 4500 2483 4539 non
2510 4494 2801 4559 suspectas
2826 4491 3003 4548 fidem
3030 4496 3339 4564 habentes,
3364 4481 3542 4559 refre-

1884 4574 2185 4625 narentur.
2218 4572 2332 4627 Nec
2364 4573 2517 4628 videt
2548 4577 2764 4645 solum,
2789 4580 2895 4634 sed
2922 4589 2975 4635 et
3006 4586 3245 4653 patitur,
3280 4589 3392 4644 hoc
3429 4599 3535 4659 est,

1886 4662 2174 4713 tormento
2186 4659 2455 4725 afﬁcntur,
2476 4668 2535 4717 ut
2550 4666 2753 4719 uxoris
2770 4672 3209 4739 compassione,
3226 4674 3335 4730 illis
3357 4679 3538 4737 etiam

1884 4762 2004 4801 non
2020 4748 2552 4819 acquiescentibus,
2569 4752 2652 4805 vir
2664 4753 2713 4823 ej
2727 4771 2792 4807 us
2808 4757 3410 4825 prohiberetcsedem:
3432 4769 3539 4823 Ni-

1886 4835 1978 4889 hil
1999 4836 2104 4890 tibi
2133 4852 2266 4892 cum
2305 4840 2455 4904 iusto
2486 4840 2611 4903 illo,
2640 4840 2752 4896 hoc
2782 4848 2891 4908 est,
2917 4846 3063 4901 nihil
3092 4853 3535 4911 contentiosum

1886 4925 1958 4978 sit
1998 4923 2149 4978 inter
2196 4931 2250 4979 te
2289 4930 2345 4980 et
2383 4926 2569 4992 illum,
2629 4929 2859 4985 abstine
2893 4933 2969 4988 ab
3017 4934 3138 4992 illo.
3196 4940 3537 5001 Notandum

1886 5016 1972 5067 est
2002 5022 2220 5077 autem,
2263 5014 2425 5085 quod
2450 5019 2674 5089 σήμερον
2706 5018 2948 5089 (hodie),
2987 5022 3060 5079 de
3090 5032 3263 5085 nocte
3300 5030 3535 5092 dicitur.

1476 5129 1518 5162 ¹⁷
1554 5133 1726 5190 Marc.
1760 5152 1860 5201 xv,
1893 5140 1942 5192 8.

1421 5243 1637 5315 Variae
1685 5250 2006 5321 lectiones
2031 5264 2095 5319 et
2126 5264 2323 5322 notae.

262 5333 370 5477 (I4;
392 5333 564 5409 Ἡμῖν.
603 5347 658 5392 B'

263 5405 349 5477 (15
402 5406 658 5465 Ἀπολύσιι

260 5405 370 5547 ἕίὸ)
402 5405 782 5486 Ἀ’πολύσωμεν.
813 5422 868 5470 Β.

285 5476 367 5547 16)
396 5478 505 5536 Pro
533 5485 830 5543 vocabulo
859 5493 1120 5547 γενέσθαι.
1151 5500 1213 5547 Α.
1241 5501 1423 5547 renati

285 5476 367 5550 16)
396 5478 505 5536 Pro
533 5476 830 5543 vocabulo
859 5493 1120 5564 γενέσθαι,
1151 5500 1213 5563 Α,
1241 5501 1451 5571 repetit
1469 5503 1600 5562 haec
1627 5525 1638 5563 :
1676 5516 1781 5563 Κα-

1963 5371 2057 5429 θὼς
2086 5372 2165 5421 άεί
2196 5373 2354 5423 ἐποίει
2385 5374 2582 5436 αὐτοῖς.

1961 5440 2069 5513 (17)
2112 5438 2259 5497 Οἵδε.
2302 5446 2377 5502 Α.

263 5601 382 5674 (uu)
413 5605 563 5677 Ergo
592 5610 911 5670 Hentenius
944 5622 1075 5687 post
1104 5624 1343 5691 γενέσθαι
1364 5626 1578 5689 iterum
1612 5632 1776 5691 inven

1898 5637 2031 5697 αθως
2063 5634 2139 5689 ἀεὶ
2165 5636 2323 5693 ἐποίει
2355 5640 2548 5706 αὐτοῖς.

506 5704 721 5763 PATROL
735 5754 748 5767 .
797 5710 901 5773 Gn.
940 5713 1174 5775 CXXIX.

3173 5754 3243 5808 23
