4170 6334
659 325 767 381 715
2006 318 2306 376 ΕυΤΙ-ΙΥΜξ

2387 315 2713 376 ZIGABENI
3932 321 4034 374 ’716

733 450 888 504 Vers.
905 445 1491 517 20.Pﬁncipesautem
1511 445 1870 502 sacerdotum
1893 476 1962 485 —
1982 444 2315 515 perderent.
2347 447 2380 500 Α

2388 493 2394 500 .
2501 447 2566 496 Οἱ
2633 441 2692 496 δὲ
2760 443 3026 519 ἀρχιερεῖς
3078 475 3147 483 -
3199 442 3541 498 ἀπολέσωσιν.
3597 445 3663 497 Οἱ
3723 448 3898 515 φονεῖς
3951 463 4035 495 τον

661 536 986 594 Homicida!
997 535 1366 592 homicidam
1381 535 1435 591 ei
1451 535 1554 607 qui
1569 535 1756 591 vitam
1768 534 1972 590 tribuit
1986 549 2308 605 praeposue-

2427 537 2576 605 φονέα
2623 537 3039 607 προτετιμήκασι
3080 541 3172 584 τοῦ
3215 529 3504 602 ζωοδότου,
3557 537 3646 584 καὶ
3697 532 3809 604 οὐχ
3859 532 4037 592 ἁπλῶς

657 630 824 682 runt:
847 640 956 682 nec
973 624 1318 697 simpliciter
1337 623 1729 690 homicidam,
1751 623 1855 679 sed
1878 623 2173 692 insignem
2196 622 2304 676 sive

2426 626 2594 694 φονέα,
2665 621 2770 673 ἀλλ’
2820 621 3095 694 ἐπίσημον,
3156 625 3340 687 εἶτουν,
3392 621 3698 694 περιϐόητον
3749 621 3844 673 ἐπὶ
3905 641 4034 672 xu-

657 714 1029 785 divulgatum
1059 723 1118 770 in
1145 713 1404 770 malitia:
1437 711 1590 769 adeo
1620 711 2020 768 inﬂammavit
2049 727 2150 766 eos
2172 711 2304 766 invi

2426 714 2632 783 ουργίᾳ.
2723 717 2981 762 Τοσοῦτον
3070 712 3094 762 ό
3178 713 3357 782 φθόνος
3449 709 3718 773 ἐξέκαυσεν
3811 710 4030 770 αὐτούς.

656 803 776 860 dia.
810 803 1084 875 Corrupti
1113 807 1314 859 autem
1345 800 1463 872 ipsi
1492 805 1889 873 corruperunt
1918 806 1974 856 et
2001 800 2231 866 turbas,
2253 805 2303 854 ut

2426 801 2755 873 Διεφθορότες
2821 797 2880 852 δε
2931 800 3102 864 αὐτοὶ,
3157 797 3452 874 διέφθειραν
3502 804 3592 852 καὶ
3645 804 3764 860 τοὺς
3838 800 4032 872 ὄχλους

656 892 769 949 ί.Πῶ
791 907 1034 966 quoque
1045 891 1272 949 fraudis
1289 905 1414 946 sum
1442 905 1652 962 poenas
1667 890 1914 947 luerent.
1929 892 2154 947 Marcus
2179 903 2303 944 verc

2427 892 2508 941 ἳνα
2545 893 2633 940 καὶ
2674 897 2771 951 τῆς
2799 891 2993 941 τούτων
3031 887 3233 949 ἀπάτης
3277 886 3432 948 δίκην
3473 888 3842 947 ἁπαιτηθῶσι.
3879 892 4028 963 Μοίρ-

657 981 814 1050 dicit,
829 982 996 1055 quod
1005 981 1456 1040 concitaverunt
1467 979 1587 1035 sive
1598 978 1974 1050 agitaverunt
1986 977 2227 1035 turbam
2244 977 2304 1029 1⁸.

2424 998 2514 1039 κος
2565 975 2625 1031 δέ
2685 997 2843 1049 φησιν
2899 980 2978 1030 ὅτι
3026 975 3296 1031 ἀνέσεισαν
3349 981 3435 1030 τόν
3474 977 3650 1050 ὄχλον,
3707 982 3906 1048 ἤγουν,
3952 976 4029 1029 ἆ»-

2425 1071 2563 1125 εκίνη
2572 1085 2685 1121 σαν.

729 1160 894 1216 Vers.
912 1159 976 1216 21
988 1199 1003 1216 .
1025 1157 1394 1228 Res-pandens
1409 1187 1474 1198 —
1488 1155 1648 1213 vobis
1669 1155 1697 1212 ‘2
1716 1154 1981 1211 Primum
1992 1154 2053 1210 in
2061 1156 2318 1223 terroga-

2493 1155 2819 1228 Ἃποκριθεὶς
2871 1185 2940 1196 --
3000 1157 3120 1227 ύμῖν
3177 1174 3190 1225 ;
3257 1155 3524 1230 Ἠρὼτησε
3575 1162 3809 1228 πρῶτον,
3884 1159 4024 1208 οὔπω

655 1252 838 1318 verat,
866 1247 972 1304 sed
995 1252 1323 1320 antequam
1343 1245 1740 1318 respondisset
1763 1248 2092 1316 occupatus
2119 1248 2207 1299 est
2236 1242 2302 1300 ad

2426 1242 2484 1298 δὲ
2541 1244 2938 1318 ἀποκριθέντων,
3007 1242 3326 1316 ἀσχοληθεὶς
3376 1247 3503 1317 πρὸς
3551 1248 3610 1296 τὸ
3663 1248 3899 1316 μήνυμα
3944 1255 4026 1306 τῆς

653 1336 1098 1408 suggestionem
1128 1335 1329 1392 uxoris
1359 1350 1484 1391 suae
1521 1334 1761 1406 :itaque
1800 1348 1963 1390 nunc
1991 1347 2198 1389 rursus
2227 1331 2300 1388 in!

2153 1348 2198 1387 ts
2227 1331 2312 1388 in-
2421 1337 2668 1406 γυναικὸς
2696 1332 2877 1398 αὐτοῦ,
2908 1332 3060 1384 πάλιν
3087 1333 3358 1386 ὶπανέλαϐε
3391 1334 3483 1392 τήν
3513 1331 3800 1409 ἐρώτησιν.

652 1425 1113 1497 terrogationem
1139 1424 1370 1498 repetit.

722 1515 886 1570 Vers.
914 1513 1002 1568 21.
1027 1515 1111 1570 At
1130 1512 1680 1570 illi—Barabbam.
1713 1511 1870 1568 Sicut
1897 1511 2093 1569 edocti
2121 1514 2308 1568 erant.

1948 1511 2093 1569 iocti
2121 1514 2308 1568 erant.
2490 1513 2556 1565 Οἱ
2587 1508 2646 1563 δὲ
2676 1538 2743 1551 --
2769 1509 3057 1585 Βαραϐϐᾶν.
3091 1509 3178 1572 Ὠς
3199 1507 3595 1583 ἐδιδάχθησαν.

720 1603 886 1660 Vers.
918 1602 1007 1658 22.
1046 1603 1149 1657 Att
1185 1633 1254 1642 —
1284 1601 1560 1659 Christus
1595 1601 1624 1656 i’
1679 1602 1795 1672 Spe
1844 1599 2159 1658 frustratus
2187 1616 2309 1658 rur-

2489 1604 2643 1671 Λέγει
2716 1630 2784 1640 -
2853 1603 3078 1674 Χριστόν
3138 1617 3152 1666 ;
3220 1599 3563 1672 Ἀστοχήσας
3625 1607 3722 1660 τῆς
3784 1596 4022 1670 ἐλπίδος,

649 1707 786 1748 sum
816 1691 892 1749 de
922 1707 994 1749 eo
1031 1691 1374 1762 interrogat,
1419 1706 1653 1764 ponens
1681 1705 1809 1747 rem
1846 1691 1909 1746 in
1938 1690 2176 1748 illorum
2205 1706 2296 1762 po-

2417 1689 2584 1764 ἐρωτᾷ
2633 1687 2786 1741 πάλιν
2838 1692 2956 1763 περὶ
2999 1688 3180 1754 αὐτοῦ,
3238 1693 3328 1741 καὶ
3384 1692 3593 1762 κυρίους
3649 1688 3849 1751 αὐτοὺς
3913 1709 4024 1742 ποι-

647 1784 884 1838 testate:
907 1781 991 1837 ita
1015 1778 1314 1852 obsequio
1338 1779 1470 1837 illos
1497 1784 1748 1852 captans
1775 1794 1847 1836 ac
1869 1779 2168 1850 mitigans,
2193 1779 2294 1850 ipsi

2374 1806 2379 1848 ι
2417 1786 2548 1831 εἷται
2565 1784 2656 1830 τοῦ
2683 1779 3007 1851 πράγματος,
3035 1778 3324 1851 θεραπεύων
3343 1776 3478 1829 οὓτω
3499 1781 3589 1830 καὶ
3617 1775 4021 1850 μειλισσόμενος

645 1874 850 1926 tamen
884 1883 1050 1940 inque
1089 1872 1282 1924 truces
1307 1872 1680 1939 permanent.

2415 1867 2619 1927 αύτούς·
2649 1863 2787 1936 οἰξδε
2814 1869 3054 1938 μένουσιν
3085 1862 3368 1918 ἀνένδοτοι.

715 1956 882 2011 Vers.
899 1959 986 2012 22.
1009 1956 1309 2012 Dicunt—
1327 1955 1753 2026 Cruciﬁgatur.
1780 1956 2019 2019 Omnes,
2039 1970 2162 2011 non
2189 1958 2305 2011 tur-

2484 1960 2742 2027 Λέγουσιν
2790 1985 2860 1995 -
2925 1956 3298 2027 Σταυρωθήτω.
3353 1955 3558 2020 Πάντες,
3614 1954 3720 2025 ούχ
3773 1957 3822 2006 οἱ
3868 1957 4021 2028 ὄχλοι

641 2044 738 2101 hae
762 2043 980 2110 solum,
1005 2043 1113 2100 sed
1133 2049 1189 2099 et
1213 2045 1514 2116 principes
1542 2043 1917 2100 sacerdotum
1943 2050 2000 2101 et
2020 2045 2280 2100 seniores

2413 2048 2580 2116 μόνοι,
2623 2042 2751 2096 ἀλλὰ
2787 2048 2876 2095 καὶ
2909 2045 2958 2094 οἱ
2997 2041 3276 2118 ἀρχιερεῖς,
3309 2047 3398 2095 καὶ
3429 2045 3478 2094 οἱ
3507 2041 3875 2118 πρεσϐύτεροι.
3926 2052 4021 2099 Καὶ

640 2135 756 2191 Nec
780 2132 988 2189 dicunt
1019 2132 1377 2204 :Occidatur,
1409 2133 1515 2188 sed
1566 2133 2010 2204 :Cruciﬁgatur,
2063 2138 2128 2190 ut
2151 2149 2287 2189 mor-

2413 2132 2472 2185 ού
2518 2131 2751 2203 λέγουσι,
2801 2132 3116 2196 Φονευθήτω,
3173 2131 3302 2183 ἀλλὰ
3352 2133 3728 2204 Σταυρωθήτω,
3786 2131 3880 2185 ἱνα
3935 2140 4018 2186 καὶ

637 2223 712 2279 tis
743 2238 986 2296 quoque
1012 2237 1227 2293 genere
1248 2221 1590 2280 maleﬁcum
1617 2239 1755 2279 eum
1773 2239 1902 2280 esse
1920 2223 2280 2280 convincunt

2181 2227 2298 2280 ant.
2412 2224 2469 2273 τὸ
2497 2217 2636 2282 εἶδος
2660 2228 2751 2272 τοῦ
2782 2221 3002 2272 θανάτου
3032 2227 3322 2292 κακοῦργον
3355 2218 3620 2292 ἆπελέγχη
3654 2219 3828 2274 αὐτόν.

707 2311 874 2369 Vers.
903 2311 991 2368 23.
1015 2313 1234 2369 Prwses
1258 2318 1458 2369 autem
1489 2342 1543 2354 —
1550 2313 1700 2383 fecit
1723 2315 1752 2367 ἵ
1776 2312 1926 2368 Cum
1945 2311 2180 2384 placare
2195 2327 2300 2369 eos

2479 2308 2538 2362 Ὀ
2565 2306 2625 2362 δὲ
2649 2311 2852 2381 ἡγεμὼν
2878 2340 2945 2348 -
2968 2307 3180 2367 ἐποίησε
3203 2325 3216 2375 ;
3249 2313 3334 2367 Μὴ
3370 2305 3654 2381 δυνάμενος
3687 2305 4019 2368 δυσωπῆσαι

633 2417 756 2459 non
785 2407 1001 2474 posset,
1034 2406 1238 2474 aperte
1264 2401 1626 2458 contradicit.

1511 2402 1626 2458 icit.
2409 2401 2643 2463 τούτους,
2677 2396 2926 2468 ἀντιλέγει
2954 2397 3155 2456 λοιπόν,

706 2490 871 2548 Vers.
892 2491 1260 2549 23.Atz‘ltz‘—
1290 2492 1716 2564 Cruciﬁgatur.
1755 2491 2149 2555 Vehementer,
2181 2490 2297 2546 hoc

2479 2489 2544 2539 Οἱ
2593 2482 2651 2539 δὲ
2709 2518 2774 2526 —
2829 2487 3210 2560 Σταυρωθήτω.
3263 2517 3328 2527 --
3382 2493 3676 2562 Περισσῶς,
3729 2484 3842 2538 ἀντὶ
3897 2495 4012 2550 τοῦ,

633 2580 1174 2647 estvehementius,
1193 2581 1450 2638 itaenim
1480 2581 1714 2654 scripsit
1743 2581 1974 2637 Marcus
2004 2581 2073 2634 η.
2103 2580 2280 2635 Lucas

2406 2579 2819 2648 Περισσοτέρως,
2908 2574 3058 2627 Οὒτω
3125 2577 3226 2649 γὰρ
3309 2574 3501 2647 ἔγραψε
3558 2577 3790 2654 Μάρκοςο
3857 2576 3888 2626 ό
3953 2572 4012 2627 δὲ

633 2674 836 2727 autem
852 2670 1014 2736 dixit,
1039 2669 1206 2742 quod
1223 2669 1526 2726 instabant
1544 2652 1793 2725 vocibus
1817 2669 2073 2740 magnis,
2091 2672 2280 2740 postu-

2403 2669 2610 2725 Λουκᾶς
2670 2661 2804 2717 εἶπεν
2871 2663 2950 2715 ὃτι
3015 2663 3271 2716 ἐπέκειντο
3338 2652 3567 2736 φωναῖς.
3583 2664 3843 2736 μεγάλαις,
3929 2663 4010 2715 αἱ·

630 2755 819 2813 lantes
851 2763 912 2832 ut
940 2757 1383 2828 cruciﬁgeretur
1411 2759 1474 2812 ³ο.
1514 2760 1580 2812 Et
1615 2756 2065 2813 invalescebant
2110 2771 2277 2813 voces

2400 2755 2632 2825 τοᾶμενοι
2679 2752 2833 2804 αὐτόν
2883 2754 3266 2826 σταυρωθῆναι,
3313 2757 3404 2804 καὶ
3429 2758 3710 2824 κατίσχυον
3738 2753 3794 2802 αἱ
3822 2757 4009 2822 φωναὶ

633 2860 844 2901 eorum
869 2860 941 2901 ac
969 2860 1350 2900 summorum
1381 2844 1778 2900 sacerdotum.

1498 2844 1778 2900 ardotum.
2396 2841 2566 2894 αὐτῶν
2596 2845 2685 2894 καὶ
2714 2849 2813 2893 τῶν
2844 2839 3145 2914 ἀρχιερέων.

703 2932 872 2989 Vers.
905 2933 996 2987 24.
1036 2931 1237 2989 Videns
1263 2938 1462 2989 autem
1482 2962 1549 2972 —
1577 2931 1862 2988 videritis.
1892 2934 2098 2988 Manus
2125 2947 2286 3004 aqua

2467 2927 2619 2983 Ἰδὼν
2676 2927 2736 2982 δὲ
2786 2961 2855 2969 —
2929 2929 3137 3000 ὄψεσθε.
3210 2928 3464 3002 Ἐκάθηρε
3524 2931 3611 2988 τὰς
3674 2933 3854 3000 χεῖρας
3919 2936 3997 2998 τῷ

627 3021 924 3094 purgavit,
948 3021 1272 3078 ostendens
1293 3020 1458 3094 quod
1484 3035 1666 3092 purus
1682 3024 1856 3086 esset,
1883 3026 1939 3077 et
1961 3035 2084 3076 non
2111 3021 2274 3092 parti-

2394 3015 2574 3083 ὒδατι,
2633 3015 2879 3070 δεικνύων
2940 3019 3020 3070 ὃτι
3093 3019 3314 3090 καθαρὸς
3387 3023 3476 3070 καὶ
3544 3017 3803 3090 ἀμέτοχος
3879 3015 3993 3069 ἐστι

625 3126 768 3182 ceps
798 3110 1000 3168 caedis.
1031 3113 1180 3168 Nam
1195 3110 1257 3167 id
1284 3109 1512 3167 Judaici
1544 3109 1755 3166 mortis
1777 3114 1921 3175 erat,
1953 3110 2070 3166 hoc
2102 3111 2272 3166 modc

2334 3115 2486 3202 1τοῦ
2535 3111 2706 3180 φόνου.
2759 3103 3052 3160 Ἰουδαῖκὸν
3105 3109 3206 3182 γὰρ
3260 3109 3372 3169 ἔθος
3417 3103 3479 3165 ἧν
3529 3106 3664 3160 οὕτω
3707 3107 3826 3179 (ί8)
3874 3102 3981 3157 δια-

623 3201 941 3273 protestari
965 3215 1067 3257 eos
1096 3199 1198 3272 qui
1225 3199 1452 3256 nollent
1479 3197 1732 3268 alicujus
1779 3197 1928 3255 caedi
1952 3199 2270 3255 communi-

2341 3196 2357 3201 "
2393 3199 2754 3272 μαρτύρεσθαι
2813 3200 2928 3257 τοὺς
2992 3199 3064 3268 μὴ
3121 3196 3354 3257 θέλοντας
3411 3200 3566 3268 φόνου
3632 3199 3770 3255 τινὸς
3817 3214 3988 3247 κοινω-

623 3304 779 3346 care.
812 3289 904 3345 Ait
930 3289 1092 3345 enim
1134 3293 1190 3346 et
1227 3288 1418 3346 David
1460 3309 1473 3343 :
1513 3288 1745 3345 Lavabo
1774 3288 1929 3345 inter
1955 3288 2270 3346 innocentes

2393 3296 2570 3346 νῆσαι.
2615 3291 2751 3344 Φησὶ
2778 3287 2879 3358 γὰρ
2911 3289 2999 3337 καὶ
3029 3286 3054 3336 ό
3099 3281 3283 3337 Δαυίδο
3316 3284 3556 3357 Νίψομαι
3588 3284 3636 3336 έν
3671 3283 3856 3344 ἀθώοις
3897 3286 3989 3345 τὰς

623 3393 839 3436 manus
868 3393 1028 3436 meas
1059 3379 1131 3433 ³1.

1079 3379 1131 3433 τι.
2391 3378 2579 3449 χεῖράς
2606 3395 2726 3448 μου.

694 3467 859 3524 Vers.
893 3472 980 3524 25.
1007 3469 1086 3524 Et
1114 3497 1183 3509 —
1222 3472 1475 3524 nostros.
1508 3465 1876 3537 Sanguinem
1908 3470 2120 3523 vocant
2149 3483 2283 3523 san-

2467 3470 2566 3518 Καὶ
2621 3497 2690 3504 -
2742 3465 2910 3536 ἡμῶν.
2981 3459 3122 3535 Αἷμα
3193 3462 3408 3533 λέγουσι
3462 3467 3555 3520 τὴν
3612 3470 3704 3515 τοῦ
3770 3460 3991 3534 αἳματος

624 3555 820 3626 guinis
845 3556 1431 3613 condemnationem.
1453 3557 1496 3612 Ο
1519 3555 1830 3612 scelestam
1855 3570 2062 3611 vocem
2089 3555 2101 3610 Ι
2127 3557 2271 3612 Oex-

2391 3551 2702 3612 καταδίκην.
2736 3552 2804 3604 Ὠ
2833 3559 3023 3625 μιαρᾶς
3057 3560 3228 3623 φωνῆς
3262 3551 3272 3605 !
3308 3552 3346 3602 ὦ
3382 3551 3668 3624 τολμηρίας
3698 3549 3940 3623 ἐσχάτης
3975 3551 3987 3602 ἶ

622 3651 878 3701 tremam
906 3644 1254 3701 audaciam!
1287 3644 1458 3717 Atqui
1478 3660 1599 3700 non
1623 3644 1820 3701 solum
1852 3645 2142 3700 adversus
2173 3646 2269 3701 sei.

2393 3641 2525 3693 Ἀλλ’
2557 3643 2604 3693 οἰ
2661 3645 2750 3713 μὲν
2805 3640 2863 3692 ού
2927 3646 3079 3712 μόνον
3129 3640 3246 3692 καθ’
3293 3640 3504 3704 ἑαυτῶν,
3549 3639 3674 3692 ἀλλά
3717 3645 3807 3692 καὶ
3854 3644 3991 3692 κατὰ

625 3748 792 3805 psos,
820 3733 925 3789 sed
943 3733 1126 3790 etiam
1146 3733 1430 3790 adversus
1454 3733 1608 3789 ﬁlios
1631 3749 1776 3790 suos
1805 3733 2044 3789 trahunt
2065 3733 2272 3805 impre-

2388 3738 2488 3782 τῶν
2535 3735 2720 3782 τέκνων
2769 3729 2977 3782 ἕλκουσι
3015 3733 3107 3787 τὴν
3157 3727 3305 3802 ἀράν·
3358 3730 3383 3780 ό
3439 3725 3498 3781 δὲ
3538 3733 3761 3802 Χριστὸς
3800 3734 3892 3781 καὶ
3937 3729 3991 3792 ἐξ

626 3823 943 3878 cationem.
986 3823 1250 3880 Christus
1311 3839 1447 3879 vero
1500 3827 1557 3878 et
1615 3822 1688 3877 de
1755 3822 1860 3890 eis,
1917 3827 1972 3877 et
2021 3822 2096 3877 de
2142 3820 2273 3877 ﬁliis

2389 3819 2575 3885 αὐτῶν,
2620 3823 2708 3870 καὶ
2773 3818 2828 3869 ὲκ
2886 3826 2984 3869 τῶν
3039 3822 3223 3870 τέκνων
3283 3814 3500 3888 δέχεται
3550 3821 3665 3879 τοὺς
3733 3823 3988 3890 μετανοή-

623 3926 832 3968 eorum
870 3911 1279 3984 résipiscentes
1338 3911 1598 3983 suscepit
1625 3929 1643 3982 ;
1678 3927 1787 3967 nec
1837 3910 2034 3966 solum
2073 3910 2270 3980 hujus-

2389 3927 2595 3969 σαντας”
2645 3914 2735 3960 καὶ
2784 3907 2841 3960 οὐ
2881 3912 3032 3980 μόνον
3077 3905 3355 3979 ἐξαιρεῖται
3401 3916 3492 3967 τῆς
3540 3909 3782 3968 τοιαύτης
3830 3908 3983 3981 ἀρᾶς,

621 4000 786 4057 modi
814 3999 1026 4057 liberat
1054 4001 1494 4072 imprecatione,
1547 3999 1655 4054 sed
1707 4004 1763 4055 et
1792 3998 1952 4054 mille
1988 3999 2162 4054 bonis
2192 3999 2268 4054 di-

2386 3998 2512 4050 ἀλλὰ
2548 4003 2638 4050 καὶ
2687 4001 2883 4072 μυρίων
2932 3995 3137 4068 ἀγαθῶν
3168 3993 3330 4058 ἀξιοῖ.
3384 4000 3482 4048 Καὶ
3510 3999 3610 4070 γὰρ
3647 4001 3736 4048 καὶ
3780 3998 3988 4060 Παῦλος

619 4102 772 4158 gnos
797 4089 979 4145 ducit.
1003 4090 1152 4144 Nam
1182 4093 1237 4143 et
1266 4088 1480 4143 Paulus
1511 4103 1584 4142 ex
1613 4087 1696 4142 eis
1722 4091 1869 4155 erat,
1893 4093 1948 4143 et
1974 4087 2266 4143 innumeri

2383 4088 2436 4151 ἐξ
2463 4087 2629 4140 αὐτῶν
2661 4083 2740 4157 ἦν,
2775 4088 2860 4138 καὶ
2904 4081 3157 4160 μυριάδες
3187 4093 3287 4137 τῶν
3316 4091 3733 4137 πεπιστευκότων
3765 4084 3817 4137 ἐν
3868 4087 3986 4157 (19)

615 4176 941 4248 οοτιιωξιιιιὶ
961 4175 1346 4248 postmodum
1384 4175 1816 4245 Hierosolymis
1872 4175 2262 4234 crediderunt.

1132 4175 1346 4232 nodum
1384 4175 1816 4245 Hierosolymis
1872 4175 2268 4234 crediderunt.
2380 4175 2779 4250 Ἰεροσολύμοις.

685 4265 848 4320 Vers.
880 4267 967 4318 26.
994 4265 1152 4320 Tunc
1175 4295 1245 4304 —
1270 4265 1739 4333 cruciﬁgeretur.
1771 4265 1994 4319 Marcus
2023 4263 2172 4320 dixit
2200 4269 2268 4336 η,

2451 4269 2578 4318 Τότε
2631 4295 2700 4305 -
2761 4264 3061 4338 σταυρωθῇ.
3122 4264 3336 4334 Μάρκος
3389 4265 3479 4331 μὲν
3536 4259 3671 4315 εἶπεν
3722 4262 3802 4316 ὅτι
3854 4263 3983 4336 βουο

611 4352 780 4424 quod
835 4351 1041 4408 volens
1079 4351 1305 4425 populo
1346 4350 1686 4409 satisfacere
1720 4368 1734 4420 ;
1784 4353 1974 4408 Lucas
2029 4369 2167 4410 vero
2196 4356 2258 4420 ³⁸,

2378 4354 2586 4427 λόμενος
2625 4361 2696 4423 τῷ
2735 4351 2878 4424 ὄχλῳ
2927 4354 2985 4404 τὸ
3021 4353 3193 4404 ἰκανὸν
3231 4359 3473 4411 ποιῆσαιο
3516 4357 3725 4413 Λουκᾶς
3776 4349 3861 4417 δὲ,
3901 4356 3981 4406 ὅτι

609 4441 776 4514 quod
801 4440 1172 4512 adjudicavit
1203 4441 1331 4498 ﬁeri
1386 4441 1734 4514 petitionem
1776 4457 2008 4499 eorum.
2049 4443 2256 4517 Φραγέλ·

2331 4443 2604 4540 ,ἐπέκρινε
2655 4443 2894 4512 γενέσθαι
2950 4444 3009 4493 τὸ
3072 4443 3272 4512 αἴτημα
3315 4440 3503 4495 αὐτῶν,
3560 4445 3628 4494 Τὸ
3669 4437 3730 4494 δε
3779 4447 3978 4516 φραγέ-

607 4527 716 4583 λιον
758 4534 960 4587 autem
1007 4530 1197 4604 (quod
1243 4546 1354 4588 nos
1393 4529 1680 4602 ﬂagellum
1725 4531 2004 4604 dicimus)
2057 4533 2254 4590 verbei

2324 4527 2344 4541 ’
2375 4533 2481 4586 λιον
2537 4531 2734 4604 μάστιξ
2784 4527 2845 4588 ἧν
2911 4529 2965 4581 ἐκ
3021 4533 3250 4602 σχοίνων
3302 4530 3332 4589 ἢ
3400 4528 3574 4603 λώρων
3626 4529 3971 4603 πεπλεγμένη,

606 4623 789 4676 orate
833 4618 1115 4676 funiculis
1159 4623 1262 4678 aut
1299 4619 1442 4676 loris
1482 4625 1847 4687 contextum,
1904 4637 2026 4692 quo
2078 4622 2253 4678 dorsa

2373 4622 2489 4695 μεθ’
2542 4621 2600 4682 ἧς
2655 4622 2870 4673 ἔτυπτον
2921 4621 2989 4671 τὰ
3025 4627 3160 4671 νῶτα
3216 4627 3314 4670 τῶν
3363 4615 3684 4674 καταδίκων.
3739 4620 3969 4692 Ἐσαφή-

604 4709 1146 4767 condemnatorum
1166 4709 1585 4766 verberabant.
1622 4709 2100 4782 Flagellationem
2121 4726 2251 4767 verc

2371 4729 2483 4763 νισε
2558 4707 2616 4762 δὲ
2697 4713 2791 4767 τὴν
2857 4709 3176 4781 φραγέλωσιν
3237 4708 3262 4760 ὁ
3337 4706 3570 4768 Ἰωάννης
3621 4708 3834 4782 γράψας
3893 4711 3968 4761 ὅτι

603 4798 1280 4855 manifestavitJoannes
1295 4798 1502 4854 dicens
1523 4815 1536 4852 :
1557 4799 1794 4867 Accepit
1811 4798 2040 4855 Pilatus
2064 4799 2250 4855 Iesum

2369 4798 2542 4851 ἔλαϐεν
2586 4800 2611 4850 ὁ
2661 4797 2881 4859 Πιλάτος
2911 4800 2997 4850 τὸν
3042 4798 3268 4862 Ἰησοῦν,
3313 4801 3402 4848 καὶ
3437 4795 3790 4869 ἐμαστίγωσε.
3822 4803 3963 4850 Ταῦ-

600 4893 655 4943 et
687 4887 1013 4958 ﬂagellauit
1042 4889 1110 4941 ²⁴.
1144 4889 1277 4943 Haec
1303 4891 1505 4943 autem
1544 4885 1699 4950 fecit,
1737 4892 1796 4941 ut
1823 4888 2081 4956 rigorem
2103 4887 2247 4946 infa-

2368 4907 2435 4940 τα
2481 4885 2539 4940 δὲ
2584 4891 2880 4952 πεποίηκεν,
2931 4884 3145 4937 ἐκλῦσαι
3183 4888 3271 4938 τὸν
3316 4889 3458 4938 τόνον
3500 4893 3592 4945 τῆς
3639 4891 3828 4956 μανίας
3867 4895 3965 4938 τῶν

595 4974 733 5030 miae
762 4975 1107 5031 Judinorum
1127 4980 1252 5032 arte
1272 4974 1755 5045 retraheret(vv),
1782 4979 1844 5030 ut
1873 4975 2002 5032 visa
2032 4975 2242 5048 injuria

2365 4973 2636 5030 Ἰουδαίων
2687 4981 3079 5048 μηχανώμενος,
3151 4973 3304 5040 ὃπως,
3371 4970 3565 5035 ἰδόντες
3629 4979 3725 5033 τὴν
3792 4974 3962 5050 ὓϐριν,

593 5076 733 5134 quas
762 5061 824 5118 in
861 5079 1002 5119 eum
1043 5063 1201 5122 facta
1237 5067 1395 5119 esset
1439 5063 1758 5135 auditaque
1810 5065 2100 5123 sententia
2129 5081 2240 5138 qua

2364 5071 2458 5125 τὴν
2529 5066 2596 5127 εἰς
2674 5065 2828 5118 αὐτὸν
2899 5067 3260 5136 γεγενημένην,
3337 5067 3426 5116 καὶ
3493 5061 3808 5126 ἀκούσαντες
3873 5072 3968 5127 τῆς

666 5187 712 5221 ¹³
751 5188 927 5245 Marc.
973 5204 1069 5254 xv,
1111 5190 1201 5245 11.
1288 5191 1333 5225 ‘9
1365 5188 1508 5245 ibid.
1538 5191 1621 5245 14.
1700 5191 1748 5225 ²⁰
1777 5192 1892 5247 Luc
1921 5207 2079 5258 mn,
2115 5195 2208 5249 23.
2288 5193 2308 5226 ³

666 5290 705 5330 ι.
738 5275 792 5330 5.
825 5292 981 5330 xxni.
1007 5276 1094 5330 24.

2321 5193 2332 5229 ¹
2365 5190 2524 5249 Psal.
2554 5207 2690 5260 xxv,
2713 5195 2766 5248 6.
2842 5191 2890 5226 ²²
2926 5191 3110 5246 Marc.
3148 5203 3249 5257 xv,
3281 5189 3362 5245 t5.
3441 5191 3488 5225 ³³
3539 5189 3679 5247 Luc.
3713 5191 3762 5227 ⁸⁵
3788 5189 3968 5248 Joan.

587 5289 705 5340 xui,
738 5279 792 5332 5.
825 5292 981 5350 χχιιι,
1007 5279 1094 5333 24.

1826 5406 2048 5475 Variae
2073 5407 2409 5480 lectiones
2448 5419 2514 5478 et
2539 5416 2720 5478 notae

653 5543 769 5618 (18)
800 5545 1288 5620 Διαμαρτύρασθαι.
1318 5549 1390 5604 Α.
2435 5554 2549 5628 (19)
2574 5554 2838 5634 Ὕστερον,
2866 5559 3004 5614 ante
3041 5553 3110 5629 ἓν,
3146 5553 3307 5613 addit
3332 5552 3406 5614 Α.

648 5695 766 5774 (vv)
795 5697 1158 5757 Retraheret.
1190 5698 1357 5759 Forte
1384 5714 1494 5776 pro
1523 5700 1741 5759 ἐκλῦσαι
1771 5701 1952 5760 inven
1973 5702 2018 5761 it
2039 5701 2276 5767 ἑλκύσαι.
2301 5704 2473 5769 Male.
