4170 6334
146 338 265 394 ’71⁸7

1220 326 1587 390 COMMENT.
1632 325 1701 383 IN
1740 324 2187 387 MATTH/EUM.
2230 360 2294 371 —
2335 329 2490 385 CAP.
2533 328 2753 387 XXVII.

3418 333 3523 389 718

152 462 495 535 ἀποφάσεως,
551 457 898 535 παραδούσης
960 467 1137 513 τοῦτον
1222 465 1295 528 τῷ
1370 455 1621 527 θελήματι
1675 451 1765 503 αύ·

1889 467 2013 509 aum
2052 454 2371 511 tradiderat
2392 455 2681 512 voluntati
2705 470 2935 524 eorum,
2959 458 3024 513 ut
3059 456 3208 514 dixit
3231 457 3421 516 Lucas
3450 463 3520 525 ³⁸,

151 561 289 621 τῶν,
344 554 413 613 ὡς
467 552 492 602 6
551 555 755 609 Λουκᾶς
812 548 964 619 εἶπεν,
1008 552 1189 619 ἤγουν,
1223 554 1294 615 τῷ
1346 545 1760 619 σταυρωθῆναι·

156 649 324 693 τοῦτο
374 641 473 714 γὰρ
534 636 595 696 ἧν
622 641 679 689 τὸ
740 638 935 709 θέλημα
987 637 1153 689 αὐτῶν
1179 653 1192 666 ·
1227 634 1514 707 χαλάσωσι
1554 638 1645 690 τὴν
1677 632 1764 705 ὁρ-

159 733 289 799 γὴν,
332 733 421 780 καὶ
465 726 720 798 ἑμέσωσιν
768 726 863 796 ὀψέ
902 745 1026 778 ποτε
1083 725 1198 794 (ΞΟ)
1242 728 1327 775 τόν
1368 724 1458 776 ἱόν.
1490 726 1583 774 Διά
1613 730 1764 773 τοῦτο

160 821 270 888 γὰρ
320 821 409 868 καὶ
460 819 527 867 τὰ
577 815 695 877 ἑξῆς
754 820 1091 886 συνεχώρησε
1133 814 1389 883 γενέσθαι,
1424 816 1517 869 τὴν
1556 814 1763 884 περίθε-

170 924 256 956 σιν
297 913 393 966 τῆς
444 900 745 975 χλαμύδος,
797 907 890 959 την
945 901 1173 953 ἐπίθεσιν
1221 908 1313 952 τοῦ
1368 902 1639 971 στεφάνου,
1671 904 1764 957 τὴν

167 990 322 1045 δόσιν
352 1001 444 1045 τοῦ
474 991 731 1063 καλάμου,
761 996 850 1042 καὶ
878 994 967 1042 τὸν
996 989 1143 1041 ἄλλον
1165 988 1478 1061 ἐμπαιγμόν.

238 1087 368 1134 Τότε
421 1112 491 1121 --
543 1079 625 1132 ἐπὶ
700 1084 793 1137 τὴν
861 1075 1035 1140 δεξιὰν
1116 1078 1295 1131 αὐτοῦ.
1354 1082 1459 1135 Τὴν
1511 1073 1767 1148 χλαμύδα

162 1176 366 1231 ταύτην
435 1176 643 1247 Μάρκος
708 1175 796 1243 μὲν
861 1172 1129 1244 πορφύραν
1207 1165 1363 1237 εἶπεν,
1424 1168 1658 1228 Ἰωάννης
1708 1164 1767 1220 δὲ

165 1264 379 1333 ἱμάτιον
409 1268 700 1335 πορφυροῦν
721 1277 732 1290 ⁸
766 1260 990 1331 Ἰμάτιον
1022 1255 1081 1310 δε
1110 1255 1170 1315 ἧν
1197 1262 1594 1331 πορφυρόχροον
1631 1258 1760 1326 (21).

156 1349 221 1402 Ὀ
303 1347 364 1403 δὲ
428 1352 695 1410 Ματθαῖος
763 1345 1057 1419 ἀδιαφόρως
1115 1350 1358 1404 κοκκίνην
1416 1344 1623 1397 ἐκάλεσε
1672 1351 1766 1403 τὴν

156 1442 417 1497 τοιαύτην
494 1438 687 1507 βαφὴν,
740 1440 809 1498 ὡς
864 1436 1110 1489 ἐοικυῖαν.
1174 1436 1249 1487 Οὔ
1304 1438 1405 1507 γὰρ
1458 1433 1654 1497 ἀληθὴς
1704 1432 1766 1493 ἦν

153 1531 429 1602 πορφύρα.
482 1529 621 1580 Ἐπεὶ
658 1529 759 1600 γὰρ
808 1524 1056 1598 βασιλεὺς
1101 1533 1201 1576 τῶν
1248 1520 1516 1576 Ἰουδαίων
1549 1522 1764 1594 ἐλέγετο,

150 1616 367 1682 λοιπόν,
426 1618 490 1675 ὡς
544 1614 787 1688 βασιλέα,
845 1622 1023 1665 τοῦτον
1082 1610 1373 1679 διέπαιζον,
1429 1616 1523 1670 τὴν
1574 1614 1769 1684 πορφύ-

149 1725 263 1777 ραν
334 1704 526 1761 ἐκείνην
588 1704 869 1777 περιθέντες
944 1700 1053 1753 ἀντὶ
1128 1698 1461 1773 ἁλουργίδας,
1520 1705 1609 1752 καὶ
1681 1703 1766 1751 τὸν

1876 542 1999 598 sive
2044 548 2108 599 ut
2156 545 2601 615 cruciﬁgeretur
2624 546 2790 615 (nam
2819 546 2947 603 haec
2999 562 3209 603 eorum
3242 548 3522 606 voluntas

1874 632 2019 702 erat)
2040 632 2375 702 mitigarent
2393 633 2564 699 iram,
2595 650 2666 690 ac
2686 635 2775 689 vel
2804 651 2935 692 sero
2956 637 3199 693 tandem
3225 652 3522 694 venenum

1874 725 2233 775 evomerent.
2262 724 2502 793 Propter
2521 722 2634 777 hoc
2655 724 2814 778 enim
2836 726 3014 780 etiam
3037 741 3173 797 quas
3191 730 3523 797 sequuntur

1874 807 2000 863 ﬁeri
2020 810 2305 878 permisit,
2334 810 2606 866 videlicet
2627 816 2692 865 ut
2711 813 3150 870 circumdarent
3170 815 3222 870 ei
3253 816 3522 887 chlamy-

1874 895 2033 961 dem,
2049 903 2104 951 et
2116 897 2795 969 imponerentcoronam,
2811 900 3137 974 darentque
3151 904 3517 968 arundinem,

1874 1000 1942 1039 ac
1971 985 2264 1057 reliquam
2296 987 2598 1056 explerent
2626 988 2985 1045 illusionem.

1945 1074 2107 1129 Vers.
2164 1080 2251 1129 27.
2300 1077 2464 1132 Tunc
2500 1108 2569 1118 —
2604 1079 2760 1133 Vers.
2809 1078 2895 1132 29.
2948 1079 3019 1134 In
3049 1079 3334 1135 dexteram
3376 1083 3521 1149 ejus.

1876 1160 2267 1234 Chlamydem
2294 1166 2448 1221 hanc
2473 1166 2707 1222 Marcus
2733 1167 2881 1223 dixit
2912 1184 3244 1239 purpuram
3274 1168 3523 1224 "Joan-

1875 1266 1980 1307 nes
2011 1268 2152 1308 vero
2190 1260 2412 1310 vestem
2453 1272 2819 1328 purpuream
2849 1258 2919 1311 ’7.
2950 1258 3085 1313 Erat
3114 1262 3315 1313 autem
3345 1257 3524 1313 vestis

1875 1342 2161 1413 purpurei
2209 1343 2443 1400 coloris.
2484 1346 2792 1402 Matthaeus
2835 1351 3034 1403 autem
3083 1346 3317 1419 absque
3359 1345 3525 1401 diffe—

1875 1430 2083 1495 rentia,
2131 1432 2429 1489 coccinam
2492 1435 2724 1491 vocavit
2770 1434 3122 1506 hujusmodi
3180 1436 3524 1499 tincturam,

1876 1523 2080 1589 utpote
2127 1535 2405 1591 purpuras
2449 1521 2706 1578 similem
2740 1539 2752 1576 :
2785 1538 2978 1595 neque
3017 1523 3177 1578 enim
3234 1538 3374 1579 vera
3403 1527 3529 1578 erat

1876 1621 2156 1679 purpura.
2199 1609 2351 1673 Quia
2386 1616 2588 1666 autem
2619 1627 2721 1666 rex
2770 1613 3107 1667 Iudaeorum
3147 1611 3341 1667 dictus
3379 1615 3523 1675 erat,

1878 1695 2011 1752 ideo
2034 1701 2318 1768 tanqaum
2340 1698 2465 1767 regi
2492 1699 2841 1765 illudebant,
2870 1716 3133 1771 purpura
3158 1699 3259 1755 illa
3275 1699 3527 1755 circum-

151 1792 221 1856 ig
295 1792 529 1845 ἀκανθῶν
600 1796 844 1863 στέφανον
916 1789 1166 1849 ἐπιθέντες
1233 1788 1347 1840 ἀντὶ
1411 1785 1763 1861 διαδήματος,

1889 1784 2089 1841 iantes
2103 1801 2210 1856 pro
2224 1790 2545 1859 vestepurp
2553 1804 2709 1853 urea,
2726 1793 2783 1843 et
2794 1804 3077 1844 coronam
3090 1788 3165 1843 de
3176 1788 3365 1860 spinis
3387 1802 3527 1843 con-

152 1888 260 1934 καὶ
304 1886 388 1934 τόν
446 1880 678 1953 κάλαμον
728 1878 1122 1952 ἐγχειρίσαντες
1174 1877 1285 1931 ἀντὶ
1352 1883 1635 1951 σκήπιρου,
1680 1881 1769 1929 καὶ

152 1974 376 2032 ἄκοντες
412 1967 588 2028 δὲτὴν
621 1968 855 2027 ἀλήθειαν
885 1967 1269 2040 ἐσχημάτιζον.

247 2152 348 2201 Καὶ
399 2177 467 2186 -
522 2152 616 2205 τὴν
679 2145 899 2217 κεφαλὴν
954 2145 1133 2197 αὐτοῦ.
1189 2144 1256 2196 Ὦ.
1302 2145 1608 2196 ἁνεικάστου
1675 2163 1771 2214 μα-

158 2234 491 2307 κροθυμίαςῑ
548 2236 587 2284 ὡ
654 2236 823 2286 πάντα
904 2234 1053 2303 λόγον
1118 2238 1348 2292 νικώσης
1411 2231 1765 2294 ἀνεξικακίαςί

158 2326 418 2386 Ἰωάννης
468 2320 528 2376 δέ
580 2343 739 2395 φησιν
792 2325 872 2374 ὅτι
928 2328 1018 2374 καὶ
1067 2319 1281 2374 ἐδίδουν
1322 2322 1460 2391 αύτῷ
1506 2322 1770 2394 ῥαπίσμα-

156 2434 254 2467 τα.
308 2420 487 2465 Πᾶσαν
553 2416 652 2486 γὰρ
732 2410 879 2484 ὕϐριν
932 2412 1072 2480 αὐτῷ
1128 2419 1394 2482 προσῆγον
1454 2412 1502 2461 οἱ
1562 2415 1763 2482 μιαροὶ,

159 2503 519 2576 χαριζόμενοι
592 2509 702 2562 τοῖς
772 2502 1102 2571 θεοπυγέσιν
1158 2496 1454 2558 Ἰουδαίοις.
1513 2498 1571 2549 Ὀ
1621 2499 1770 2557 αὐτὸς

168 2590 236 2644 δε
307 2592 546 2650 Ἰωάννης
611 2594 701 2640 καὶ
770 2590 835 2641 τὰ
904 2586 1128 2640 ἐντεῦθεν
1189 2590 1486 2661 ἱστόρησεν,
1544 2590 1612 2647 ὡς
1663 2594 1770 2648 τοῖς

1219 2676 1457 2737 Ἐξῆλθεν
1530 2676 1617 2726 οὖν
1675 2678 1771 2726 πά-

164 2770 252 2822 λιν
326 2768 420 2831 ἔξω
490 2773 515 2820 ό
588 2767 830 2829 Πιλάτος,
888 2771 977 2817 καὶ
1031 2771 1162 2836 λέγει
1222 2765 1437 2824 αύτοίς·

166 2680 351 2740 ἄλλοις
423 2677 883 2752 παραλελειμμένα,
958 2676 1116 2747 λέγων
1150 2695 1161 2708 ·

1495 2760 1605 2816 Ἴδε
1662 2763 1772 2835 ἆγω

168 2860 301 2931 ὑμῖν
363 2857 516 2908 αύτὸν
573 2856 688 2922 ἔξω,
743 2860 832 2907 καὶ
878 2858 943 2905 τά
991 2854 1110 2916 ἑξῆς
1171 2853 1305 2925 ἀχρι
1352 2860 1463 2920 τοῦ,
1513 2856 1639 2905 Τότε
1686 2849 1772 2905 οὖν

167 2943 479 3021 παρέδωκεν
504 2944 657 2996 αὐτόν
690 2944 885 3011 αὐτοῖς,
920 2944 1003 2995 ἵνα
1034 2944 1334 3017 σταυρωθῇ.

1878 1878 2097 1930 textam
2111 1880 2580 1946 superponentes
2592 1892 2701 1948 pro
2714 1877 3067 1940 diademate,
3088 1892 3157 1933 ac
3170 1875 3528 1931 arundinem

1876 1978 1986 2034 pro
2004 1967 2239 2034 sceptro
2259 1963 2316 2018 iu
2329 1979 2578 2019 manum
2596 1965 2960 2035 porrigentes
2981 1965 3163 2021 :etita
3183 1978 3528 2037 quanquam

1878 2051 2166 2115 nolentes,
2198 2052 2501 2108 veritatem
2528 2053 2959 2122 ﬁguraverunt.

1950 2142 2116 2195 Vers.
2144 2143 2232 2195 29.
2259 2141 2338 2195 Et
2372 2170 2440 2183 --
2470 2143 2628 2196 Vers.
2671 2145 2762 2199 30.
2813 2142 3005 2211 Caput
3053 2143 3193 2211 ejus.
3222 2142 3267 2197 Ο
3303 2140 3530 2196 incom-

1878 2228 2163 2299 parabilis
2178 2229 2483 2299 patientia!
2520 2230 2562 2284 Ο
2585 2230 2924 2287 innocentia
2938 2247 3075 2301 quas
3088 2245 3331 2287 omnem
3356 2244 3531 2301 supe-

1878 2324 1968 2373 rat
1998 2332 2336 2373 sermonem
2370 2318 2382 2370 l
2415 2319 2673 2374 Joannes
2704 2323 2904 2374 autem
2946 2318 3106 2386 dicit,
3152 2318 3319 2389 quod
3350 2318 3530 2374 etiam

1879 2406 2107 2462 dabant
2154 2407 2206 2461 ei
2248 2407 2451 2478 alapas
2495 2409 2563 2462 ²⁸.
2598 2409 2850 2463 Omnem
2901 2406 3062 2463 enim
3112 2405 3448 2462 inferebant
3477 2406 3532 2461 ei

1881 2493 2110 2549 scelesti
2165 2494 2468 2564 injuriam,
2510 2511 2637 2551 rem
2677 2502 2906 2565 gratam
2940 2495 3163 2550 Judaais
3215 2494 3317 2550 Dei
3349 2494 3531 2549 osori-

1880 2580 1993 2636 bus
2049 2582 2326 2637 exhibere
2378 2584 2702 2655 cupientes.
2752 2586 2879 2655 Ipse
2922 2600 3066 2640 vera
3101 2585 3363 2639 Joannes
3393 2598 3532 2654 quae

1882 2671 2101 2725 abhinc
2132 2678 2459 2741 sequuntur
2492 2673 2748 2744 scripsit,
2784 2678 3072 2744 tanquam
3099 2672 3176 2727 ab
3207 2671 3340 2728 aliis
3371 2686 3532 2743 prae-

1883 2759 2173 2827 termissa,
2197 2760 2400 2816 dicens
2424 2778 2437 2815 :
2459 2762 2663 2817 Exibit
2690 2778 2828 2832 ergo
2846 2763 3061 2818 iterum
3082 2762 3243 2830 foras
3282 2761 3530 2825 Pilatus,

1882 2854 1933 2903 et
1958 2850 2051 2906 ait
2074 2849 2193 2905 illis
2222 2871 2232 2905 :
2262 2850 2409 2906 Ecce
2432 2852 2664 2907 adduco
2691 2852 2846 2906 vobis
2875 2840 3007 2907 eum
3031 2853 3213 2920 foras,
3248 2853 3359 2906 etc.
3398 2865 3533 2920 quas

1884 2945 2214 3010 sequuntur
2233 2955 2427 3012 usque
2440 2940 2517 2995 ad
2539 2956 2678 2995 eum
2693 2939 2888 2995 locum
2904 2959 2916 2997 :
2953 2940 3125 2997 Tunc
3141 2954 3274 3010 ergo
3287 2938 3532 2995 tradidit

1884 3026 1959 3081 eis
1980 3026 2149 3081 illum
2180 3033 2244 3081 ut
2269 3028 2704 3097 cruciﬁgeretur
2733 3029 2801 3080 ³³.
3136 3068 3139 3071 γ

257 3137 497 3186 Φαίνεται
563 3134 662 3204 γὰρ
726 3133 806 3184 ὅτι
873 3128 953 3192 δὶς
1014 3131 1165 3184 αὐτὸν
1226 3127 1523 3204 παρέδωκεν
1596 3130 1665 3192 εἰς
1717 3136 1774 3184 τό

1956 3119 2212 3187 Apparet
2248 3116 2451 3188 itaque
2480 3116 2645 3188 quod
2682 3115 2777 3171 bis
2817 3132 2954 3172 eum
2984 3115 3288 3172 tradiderit
3318 3118 3383 3170 ut
3406 3130 3536 3170 cru-

174 3224 549 3296 σταυρωθῆναι
587 3238 598 3248 ·
662 3220 788 3272 ἀλλά
851 3225 909 3272 τὸ
961 3230 1161 3295 πρῶτον
1236 3225 1324 3291 μὲν
1398 3220 1447 3271 ἐν
1503 3222 1776 3295 ὑποκρίσει

173 3308 277 3363 διὰ
321 3315 412 3367 τὴν
472 3314 847 3384 προειρημένην
906 3309 1075 3361 αἰτίαν
1102 3325 1113 3338 ·
1149 3308 1256 3361 ἐπεὶ
1304 3310 1437 3379 (21')
1488 3306 1566 3377 δὲ,
1610 3312 1777 3361 πάντα

169 3401 644 3472 μηχανησάμενος,
722 3396 857 3450 εἶδεν
926 3398 1116 3458 αύτούς
1184 3400 1515 3449 παντάπασιν
1565 3396 1777 3450 ἀνενδόο

170 3507 325 3555 τους,
377 3492 571 3546 ἤκουσε
634 3484 693 3539 δὲ
763 3491 852 3538 καὶ
905 3487 1020 3557 (22)
1095 3486 1380 3539 τελευταῖον
1433 3488 1555 3559 παρ’
1608 3488 1775 3539 αὐτῶν

172 3579 263 3629 ὅτι
311 3578 429 3629 Ἐὰν
479 3584 658 3627 τοῦτον
713 3573 1002 3647 ἀπολύσῃς,
1059 3576 1152 3626 οὐκ
1209 3572 1257 3626 εἶ
1308 3575 1448 3647 φίλος
1502 3584 1591 3627 τοῦ
1644 3582 1776 3629 Καί-

178 3684 347 3739 σαρος
407 3685 419 3697 ο
464 3671 566 3725 πᾶς
641 3666 666 3715 6
741 3662 965 3736 βασιΜα
1042 3663 1221 3716 ἑαυτὸν
1304 3672 1463 3717 ποιῶν
1530 3664 1779 3735 ἀντιλέγει

176 3762 257 3824 τῷ
313 3758 541 3827 Καίσαρι
572 3770 584 3782 ⁶
634 3756 748 3804 τότε
820 3752 997 3805 λοιπὸν
1063 3751 1110 3803 ἐν
1189 3752 1406 3824 ἀληθείᾳ
1481 3750 1779 3827 παρέδωκεν

178 3842 344 3895 αὐτὸν
395 3842 589 3906 αὐτοῖς,
646 3842 730 3893 ἶνα
784 3843 1080 3914 σταυρωθῇ.
1132 3844 1219 3893 Διό
1289 3846 1377 3893 καὶ
1446 3845 1504 3893 τό
1579 3851 1781 3916 πρῶτον

179 3934 279 4004 μὲν
333 3930 506 3992 ἁπλῶς
548 3930 703 3982 αὐτὸν
757 3926 1029 4003 παρέδωκε
1065 3948 1075 3958 ·

181 4017 380 4074 ἐδωκεν
407 4019 562 4071 αὐτόν
591 4019 788 4081 αὐτοῖς.

1133 3934 1191 3982 τὸ
1251 3926 1488 4005 δεύτερον
1538 3928 1596 3983 δὲ
1642 3950 1782 4004 παρ-

262 4113 442 4183 Μυρία
496 4111 585 4180 μὲν
629 4103 715 4160 οὖν
786 4109 810 4158 6
870 4107 1092 4169 Πιλάτος
1149 4106 1629 4182 ἐπραγματεύσατο,
1686 4112 1783 4162 πά-

189 4217 290 4258 σης
337 4197 547 4257 εὐθύνης
607 4200 693 4248 τὸν
737 4200 965 4270 Χριστὸν
1029 4195 1383 4263 ἀπαλλάττων,
1440 4203 1529 4250 καὶ
1576 4204 1786 4251 παντοί-

186 4308 284 4353 ως,
338 4290 409 4359 μὴ
471 4285 804 4359 ἀναιρεθῆναι
852 4293 1051 4353 τοῦτον,
1096 4284 1507 4359 ἀγωνιζόμενος·
1568 4285 1675 4341 ἔδει
1729 4286 1787 4342 δε

187 4377 351 4430 αὐτὸν
398 4374 699 4433 ἀντιστῆναι
757 4370 1213 4449 δικαστικώτερον,
1274 4382 1363 4428 καὶ
1416 4381 1485 4449 μὴ
1536 4397 1788 4450 παραχω-

1887 3204 2215 3273 ciligeretur
2264 3222 2276 3258 ε
2330 3204 2433 3259 sed
2466 3205 2730 3275 primum
2762 3205 3008 3276 quidem
3056 3205 3117 3259 in
3158 3203 3534 3259 simulatione

1887 3296 2126 3363 propter
2149 3308 2331 3363 supra
2348 3292 2569 3348 dictam
2588 3309 2855 3349 causam.
2870 3293 3022 3360 Quia
3042 3308 3179 3347 vero
3210 3297 3534 3364 postquam

1886 3381 2086 3437 omnia
2145 3380 2548 3451 excogitasset,
2577 3382 2717 3437 vidit
2745 3397 2847 3436 eos
2890 3382 3135 3436 omnino
3171 3379 3533 3447 immobiles,

1886 3468 2253 3541 tandemque
2268 3469 2587 3525 audivitab
2609 3470 2720 3524 illis
2759 3487 2771 3524 :
2800 3470 2866 3526 Si
2885 3470 3035 3525 hunc
3059 3469 3393 3537 absolveris,
3423 3485 3536 3523 non

1887 3574 1943 3614 es
1972 3558 2193 3614 amicus
2227 3559 2470 3615 Caesaris
2499 3576 2515 3612 :
2548 3560 2885 3631 quicunque
2904 3575 2959 3613 se
2990 3573 3183 3629 regem
3207 3558 3374 3628 facit,
3406 3572 3536 3612 con-

1889 3646 2119 3702 tradicit
2138 3647 2353 3703 Caesari
2384 3650 2430 3682 ³ο
2458 3664 2471 3702 :
2506 3652 2644 3703 tunc
2654 3648 2781 3717 jam
2802 3647 2862 3702 in
2888 3647 3127 3717 veritate
3149 3646 3537 3703 tradiditeum

1889 3735 2003 3790 illis
2030 3741 2095 3791 ut
2117 3735 2581 3805 cruciﬁgererur.
2606 3736 2745 3791 ldeo
2770 3751 3008 3808 quoque
3029 3737 3293 3807 primum
3316 3734 3539 3806 simpli-

1892 3824 2034 3881 citer
2056 3824 2441 3881 tradiditeum
2474 3847 2485 3891 ;
2521 3825 2789 3880 secundo
2818 3840 2954 3881 vero
2975 3824 3212 3881 tradidit
3230 3839 3368 3879 eum
3399 3822 3535 3877 illis.

1966 4107 2112 4165 Mille
2142 4107 2336 4179 itaque
2374 4105 2588 4163 modos
2625 4104 2984 4176 excogitavit
3007 4105 3253 4173 Pilatus,
3286 4109 3353 4161 ut
3382 4104 3540 4163 Chri-

1896 4202 2051 4252 stum
2081 4196 2246 4252 omni
2271 4210 2454 4267 poena
2496 4194 2790 4259 liberaret,
2814 4198 2872 4249 et
2914 4194 3161 4250 omnino
3205 4210 3279 4249 ne
3310 4192 3541 4249 occide-

1897 4291 2055 4343 retur
2078 4285 2387 4341 laboravit.
2416 4286 2636 4340 Verum
2674 4284 2936 4355 oportuit
2969 4300 3103 4340 eum
3130 4284 3334 4339 fortius
3375 4299 3540 4339 more

1894 4376 2111 4447 judicis
2137 4374 2422 4439 resistere,
2456 4390 2565 4428 nec
2606 4372 2835 4443 injustis
2886 4372 3213 4428 assentire:
3257 4377 3359 4428 aut
3406 4388 3546 4427 eum

186 4473 361 4541 ρῆσαι
398 4471 506 4525 τοῖς
544 4461 814 4530 ἀδικοῦσι,
856 4460 992 4535 μηδὲ
1034 4461 1322 4538 προδοῦναι
1369 4469 1454 4516 τὸν
1498 4466 1586 4517 ὑπ’
1630 4466 1774 4519 αὐτοί

1900 4465 2168 4537 prodere,
2203 4462 2304 4534 qui
2345 4463 2423 4518 ab
2453 4462 2710 4533 ipsomet
2737 4461 2915 4517 Pilato
2942 4461 3345 4516 testimonium
3388 4477 3549 4516 acce-

189 4552 388 4606 ἑκείνου
450 4555 867 4628 μαρτυρούμενον
949 4551 1175 4606 ἀναίτιον
1248 4554 1314 4613 εἰς
1388 4556 1621 4607 θάνατον.
1671 4555 1791 4607 Ὀτι

188 4645 298 4715 γὰρ
345 4638 599 4707 ἠδύνατο,
652 4638 809 4700 δῆλον
859 4641 959 4695 ἀπὸ
1008 4650 1099 4695 τοῦ
1144 4643 1299 4695 εἰπεῖν
1342 4642 1495 4695 αὐτόν
1528 4664 1539 4676 ·
1573 4644 1682 4695 Ούκ
1721 4642 1792 4696 οἶ-

396 4733 473 4784 ὃτι
525 4730 761 4794 ἐξουσίαν
837 4734 944 4803 ἔχω
1005 4736 1308 4804 σταυρωσαί
1385 4751 1457 4795 σε,
1506 4738 1594 4784 καὶ
1654 4732 1794 4796 ἐξου-

197 4822 321 4869 σίαν
386 4821 495 4891 ἔχω
564 4820 822 4872 ἀπολῦσαί
878 4837 985 4886 σε;
1041 4824 1127 4872 Διό
1198 4825 1287 4872 καὶ
1342 4822 1367 4871 6
1418 4825 1646 4893 Χριστὸς
1700 4822 1795 4889 οὐκ

195 4906 451 4961 ἀπελυσεν
526 4909 680 4961 αὐτόν
746 4906 1057 4974 καταδίκης,
1111 4909 1261 4961 εἰπὼν
1315 4910 1395 4961 ὅτι
1449 4910 1507 4962 Ὀ
1562 4910 1741 4986 παραδ
1749 4934 1795 4964 ι-

194 4727 319 4799 δας,

272 5062 323 5098 ³⁵
382 5061 527 5118 Luc.
592 5076 752 5128 χχιιι,
795 5066 883 5118 25.

198 5153 246 5188 ⁸³
277 5150 417 5208 ibid.
453 5151 537 5207 10.

960 5063 1013 5098 ³³
1054 5061 1223 5118 Marc.
1264 5078 1363 5129 xv,
1419 5064 1505 5117 17.

1584 5067 1631 5101 ³⁷
1692 5068 1864 5124 Joan.
1924 5080 2033 5130 xix,
2074 5064 2126 5117 2.

1901 4558 2089 4625 perat,
2117 4552 2284 4623 quod
2340 4551 2548 4606 mortis
2606 4550 2787 4606 noxia
2818 4550 3153 4605 carebat“.
3191 4549 3361 4613 Quod
3387 4550 3549 4604 enim

1902 4643 2158 4715 potuerit
2209 4657 2347 4696 eum
2394 4656 2515 4695 non
2557 4641 2787 4695 tradere
2823 4638 3205 4693 manifestum
3245 4643 3424 4692 estex
3455 4653 3548 4706 eo,

1902 4730 2065 4804 quod
2095 4733 2220 4801 ipse
2252 4729 2398 4783 dixit
2426 4745 2438 4782 :
2471 4729 2668 4783 Nescis
2709 4728 2868 4796 quod
2906 4731 3241 4794 potestatem
3301 4725 3545 4779 habeam

1903 4819 2283 4889 cruciﬁgendi
2312 4826 2381 4881 te,
2415 4824 2466 4872 et
2483 4820 2819 4885 potestatem
2836 4815 3082 4870 habeam
3105 4812 3434 4869 absolvendi
3459 4810 3552 4869 te?

1905 4912 2042 4965 Ideo
2061 4908 2242 4964 etiam
2266 4906 2529 4961 Christus
2559 4921 2596 4961 a
2624 4904 3118 4959 condemuatione
3136 4918 3267 4957 eum
3297 4916 3419 4957 non
3450 4901 3554 4957 ab-

2204 5061 2252 5096 "
2300 5058 2440 5114 ibid.
2499 5062 2550 5113 3.
2629 5058 2674 5091 '9
2706 5054 2852 5110 ibid.
2908 5055 3059 5109 4-l6.
3139 5058 3185 5091 ³ο
3242 5054 3391 5111 ibid.
3466 5059 3554 5114 12.

1407 5306 1631 5379 Variae
1677 5310 2007 5380 lectiones
2053 5314 2118 5375 et
2158 5312 2361 5371 notae.

279 5473 397 5552 (20)
425 5476 618 5552 Malim
647 5493 804 5535 nunc
832 5495 844 5534 :
868 5478 978 5552 ρψε
1005 5485 1129 5552 γοῦν
1160 5497 1301 5552 ποτε.
1321 5479 1507 5552 ,Εφζίθ
1525 5479 1694 5552 enim
1722 5478 1807 5552 ita

204 5548 513 5608 invenerat
528 5549 836 5610 interpres.
862 5548 1029 5608 certe
1048 5550 1205 5608 istud
1237 5551 1329 5609 vet
1350 5551 1410 5608 id
1437 5550 1703 5610 indicare
1726 5550 1807 5608 vi-

207 5621 404 5680 detur.
451 5620 553 5677 Ex
579 5620 896 5679 Addendis.

280 5693 395 5767 (2i)
422 5696 871 5771 Πορφυρόχροιον.
905 5695 977 5753 Α.

2010 5478 2098 5545 ξι)
2131 5474 2364 5537 Ἔπειτα,
2393 5471 2524 5545 loco
2551 5467 2683 5527 ἓπεί,

2014 5536 2097 5620 22)
2137 5536 2384 5620 Τούτους,
2438 5540 2758 5620 interponit
2944 5542 2998 5595 et
3052 5543 3188 5620 post
3254 5536 3565 5612 τελευταῖον,

1915 5613 2087 5680 addit
2107 5618 2357 5680 εἰπόντας·
2389 5616 2510 5690 παρ’
2541 5613 2705 5667 αὐτῶν
2731 5618 2931 5671 autem
2962 5613 3203 5669 omittit.
