4170 6334
616 309 723 365 ’119
1931 301 2275 359 EUTHYMII

2382 299 2657 357 [GABENI
3891 299 4004 354 7Ξο

615 432 806 500 solvit,
837 431 1042 488 dicens
1077 417 1186 500 Qui
1210 428 1456 486 tradidit
1487 443 1579 486 me
1607 428 1714 486 tibi
1742 431 1938 500 majus
1962 433 2270 498 peccatum

2382 423 2507 488 δούς
2544 430 2608 498 μέ
2670 445 2754 478 σοι
2799 425 3013 498 μείζονα
3068 424 3326 499 ἁμαρτίαν
3374 429 3486 498 ἰχει
3519 443 3532 455 ⁸
3586 424 3833 496 μείζονα,
3896 420 4001 481 δη-

617 523 787 579 habet
809 522 857 556 ³²
881 537 895 577 :
929 521 1128 591 majus
1151 520 1422 576 videlicet
1455 535 1642 592 quam
1666 520 1739 574 sit
1757 525 1947 574 tuum.

2382 511 2537 580 λαδὴ,
2562 522 2653 574 τῆς
2685 522 2805 576 σῆς.

688 614 889 682 Neque
925 611 1087 666 enim
1141 624 1338 665 sermo
1368 607 1438 664 de
1469 607 1784 680 tyrannide
1832 607 2043 663 liberat
2080 622 2219 662 eum
2255 620 2267 660 :

2453 601 2593 656 Ούδὶ
2639 607 2740 675 γὰρ
2796 605 2822 655 6
2851 609 2967 676 περὶ
3016 612 3111 665 τῆς
3139 600 3441 677 τυραννίδος
3479 603 3632 674 λόγος
3666 601 4002 655 ἀπαλλάττει

619 699 932 772 Oportebat
959 700 1119 755 enim
1168 714 1308 754 cum
1346 698 1406 754 id
1450 697 1738 762 audisset,
1771 700 2140 752 accusatores
2170 693 2273 749 ad-

621 803 856 854 vocare,
888 803 958 844 ac
988 788 1528 844 demonstrationes
1558 785 1875 856 inquirere,
1909 789 1966 840 et
1986 798 2272 855 quaecun-

624 891 743 949 que
787 875 1121 948 tyrannidis
1149 876 1319 946 signa
1357 880 1570 939 essent,
1605 879 1805 946 utpote
1859 872 1909 927 si
1947 872 2271 928 exercitum

627 965 1047 1032 conscriberet,
1081 965 1128 1020 si
1159 964 1440 1036 pecunias
1470 963 1788 1033 colligeret,
1823 962 1872 1016 si
1904 977 2073 1017 arma
2098 960 2275 1016 fabri-

629 1058 808 1120 caret,
843 1055 966 1110 etsi
995 1054 1143 1125 quid
1174 1059 1262 1110 est
1293 1052 1668 1124 hujusmodi.
1703 1051 1805 1106 llle
1844 1056 2044 1107 autem
2075 1050 2274 1105 statim

625 1145 692 1197 ut
719 1141 938 1197 audivit
965 1142 1254 1212 ignaviter
1288 1142 1500 1212 timuit,
1554 1146 1611 1197 et
1653 1139 2053 1195 indiscussam
2104 1137 2276 1194 relin-

625 1245 814 1302 quens
826 1229 1004 1287 talem
1029 1231 1473 1288 accusationem
1506 1245 1832 1302 persuasus
1853 1232 1942 1284 est
1969 1235 2025 1283 et
2047 1226 2276 1300 percul-

625 1335 751 1386 sus,
785 1320 1018 1385 Quanto
1047 1321 1199 1376 enim
1215 1320 1485 1376 duriores
1506 1323 1674 1375 erant
1697 1317 1882 1373 Judaei
1911 1321 1967 1372 et
1997 1316 2277 1373 audacio-

623 1423 739 1473 res,
765 1412 930 1465 tanto
957 1409 1053 1465 ille
1083 1409 1318 1466 mollior
1359 1411 1486 1465 erat
1514 1425 1584 1466 ac
1615 1407 1900 1471 timidior,
1943 1410 1999 1462 et
2022 1406 2157 1462 ideo
2197 1405 2278 1461 le-

623 1497 713 1552 vis
742 1497 1034 1570 facileque
1061 1498 1322 1554 mobilis.
1343 1499 1550 1564 Quaere
1571 1512 1814 1570 quoque
1836 1495 2276 1551 enarrationem

625 1601 857 1655 eorum,
882 1601 1039 1659 quae,
1058 1591 1125 1643 ut
1148 1588 1373 1643 dictum
1391 1591 1498 1653 est,
1514 1603 1549 1642 a
1571 1589 1797 1643 Joanne
1816 1589 2237 1658 proponuntur
2259 1599 2273 1638 :

625 1675 953 1749 plurimum
970 1677 1132 1732 enim
1156 1677 1468 1733 conferunt
1483 1676 1558 1732 ad
1573 1692 1646 1732 ea
1657 1692 1792 1748 quae
1807 1675 2104 1748 proposita
2117 1677 2275 1728 sunt.

699 1765 863 1821 Vers.
923 1769 1010 1821 31.
1042 1765 1126 1820 Et
1164 1797 1233 1805 —
1262 1769 1328 1820 ut
1359 1737 1826 1834 cruciﬁgeretur:
1855 1737 1936 1820 Ex
1966 1779 2084 1836 quo
2123 1763 2277 1818 chla-

2463 1763 2564 1810 Καὶ
2617 1789 2682 1798 -
2736 1758 2808 1820 εἰς
2859 1737 2915 1812 τὸ
2984 1737 3309 1833 σταυρῶσαι.
3365 1759 3508 1813 Ἐπεὶ
3575 1755 3837 1822 ἐξέδυσαν
3886 1762 4000 1830 (24)

631 1854 792 1910 mide
821 1869 960 1910 eum
982 1859 1286 1922 exuerent,
1337 1855 1542 1925 utique
1571 1854 1751 1910 etiam
1781 1869 2065 1909 coronam
2102 1853 2277 1924 depo-

2391 1852 2484 1906 τὴν
2539 1845 2814 1920 χλαμύδα,
2873 1849 3123 1922 περιειλον
3178 1853 3376 1911 πάντας
3426 1854 3517 1901 καὶ
3572 1852 3656 1900 τὸν
3719 1854 3999 1921 στέφανον.

635 1947 900 1998 suerunt.
954 1945 1213 1998 Joannes
1262 1946 1462 1998 autem
1529 1943 1668 1998 dicit
1719 1942 1887 2014 quod
1940 1944 2277 2012 acceperunt

2392 1937 2634 1998 Ἰωάννης
2725 1933 2786 1989 δέ
2853 1957 3009 2010 φησιν
3087 1940 3167 1990 ὃτι
3249 1936 3543 2010 Παρελαϐον
3623 1941 3711 1989 τὸν
3789 1937 4002 1996 Ἰησοῦν

635 2029 834 2086 Jesum
859 2034 913 2085 et
941 2031 1237 2086 duxerunt
1263 2031 1328 2085 in
1343 2030 1686 2100 praetorium
1718 2032 1766 2065 ³²
1796 2048 1813 2100 ;
1841 2029 2063 2085 Judaais
2085 2035 2142 2085 et
2169 2029 2277 2085 hoc

2391 2031 2482 2078 καὶ
2533 2030 2729 2097 ἤγαγον
2777 2027 2848 2089 εἰς
2905 2030 3014 2096 (25)
3065 2031 3123 2078 τὸ
3179 2032 3516 2102 πραιτώριον,
3570 2035 3669 2078 τῶν
3721 2025 4000 2080 Ἰουδαίων

637 2117 1006 2190 optantibus,
1025 2123 1089 2174 ut
1102 2119 1240 2174 inde
1255 2119 1503 2176 eductus
1515 2119 1950 2175 condemnatus
1967 2119 2277 2175 videretur.

2392 2120 2482 2166 καὶ
2551 2123 2704 2168 τοῦτο
2781 2112 3207 2183 σπουδασάντων,
3262 2117 3344 2168 ἵνα
3425 2115 3612 2168 ἐκεῖθεν
3692 2115 4002 2190 ἐξαγόμενος

2395 2200 2431 2256 δ
2434 2212 2524 2276 οκῇ
2559 2207 2886 2277 κατάκριτος.

2380 701 2561 745 τοῦτον
2610 709 2622 720 ⁸
2692 693 2855 766 ἐχρῆν
2909 695 3036 766 γὰρ,
3093 691 3411 756 ἀκούσαντα,
3469 699 3825 766 παραστῆσαι
3880 699 4002 750 τοὺς

2381 786 2726 854 κατηγόρους,
2793 787 2881 832 καὶ
2940 778 3227 844 ἀποδείξεις
3301 780 3641 847 ἐπιζητῆσαι,
3711 786 3809 832 καὶ
3899 783 4003 832 ὅσα

2381 866 2685 941 τυραννίδος
2739 875 3013 943 τεκμήρια,
3075 871 3180 922 οἷον
3231 870 3275 922 εἰ
3315 866 3648 943 στρατόπεδα
3691 869 3996 939 κατέλεγεν,

2384 958 2427 1010 εἰ
2482 964 2740 1032 χρήματα
2789 959 3069 1029 συνελεγεν,
3103 958 3147 1010 εἰ
3202 957 3335 1010 ὅπλα
3384 957 3652 1030 ἐχάλκευε,
3697 963 3796 1009 καὶ
3847 961 3900 1008 εἰ
3951 977 3998 1008 τι

2382 1056 2635 1100 τοιοῦτον.
2687 1047 2746 1100 Ὀ
2794 1044 2871 1112 δὲ,
2931 1053 3084 1120 μόνον
3155 1046 3404 1115 ἀκούσας,
3465 1047 3678 1110 ἔπτηξεν
3739 1046 3997 1117 ἀγεννῶς,

2383 1140 2472 1187 καὶ
2557 1135 2885 1199 ἀνεξέταστον
2971 1136 3116 1208 ἀφεὶς
3186 1142 3277 1195 τὴν
3354 1139 3602 1194 τοιαύτην
3664 1142 3998 1210 κατηγορίαν

2382 1225 2605 1296 ὑπήχθη
2687 1231 2776 1278 καὶ
2841 1229 3138 1299 παρεσύρη.
3188 1224 3348 1278 Ὀσον
3397 1229 3497 1300 γὰρ
3564 1222 3700 1284 ἦσαν
3753 1229 3808 1277 οἱ
3870 1226 3998 1278 Ἴου-

2385 1309 2530 1365 δαίοι
2580 1314 2796 1387 σκληροὶ
2847 1320 2934 1366 καὶ
2976 1314 3248 1388 τολμηροὶ,
3268 1323 3516 1368 τοσοῦτον
3560 1315 3713 1377 οὗτος
3755 1315 4002 1387 μαλακός

2383 1407 2472 1454 καὶ
2526 1400 2710 1469 δειλὸς,
2737 1408 2827 1456 καὶ
2884 1401 2978 1456 διὰ
3018 1411 3172 1456 τοῦτο
3215 1411 3404 1476 κοῦφος
3447 1408 3536 1456 καὶ
3587 1404 4001 1476 εὐπαράγωγος,

2385 1495 2624 1548 Ζήτησον
2673 1489 2732 1544 δε
2775 1497 2865 1545 καὶ
2917 1498 3009 1552 τὴν
3065 1492 3316 1564 ἐξήγησιν
3357 1501 3479 1561 τῶν,
3513 1494 3582 1554 ὡς
3611 1495 3824 1567 εἴρηται
3863 1497 4000 1558 (23),

2385 1581 2764 1653 προστεθέντων
2832 1585 2975 1654 παρὰ
3050 1589 3140 1634 τοῦ
3199 1583 3454 1648 Ἰωάννου,
3527 1579 3735 1656 σφόδρα
3820 1601 4000 1634 συντε-

2386 1667 2604 1721 λούντων
2633 1670 2698 1730 εἰς
2726 1673 2792 1722 τὰ
2821 1675 3159 1743 προκείμενα.

2463 2292 2824 2367 Ἐξερχόμενοι
2901 2325 2971 2335 -
3043 2297 3130 2346 τὸν
3220 2297 3434 2367 σιαυρὸν
3531 2293 3712 2346 αὐτοῦ.
3780 2297 4000 2367 Μάρκος

2393 2387 2482 2455 μὲν
2545 2385 2884 2456 προσέθηκεν,
2934 2385 3015 2435 ὃτι
3076 2385 3174 2435 Τὸν
3229 2387 3432 2455 Πατέρα
3493 2379 3842 2456 Ἀλεξάνδρου
3910 2388 3999 2434 καὶ

2392 2472 2602 2544 Ῥούφου
2637 2490 2648 2502 ·
2703 2479 2910 2533 Λουκᾶς
2979 2468 3057 2537 δὲ,
3118 2473 3199 2524 ὅτι
3249 2471 3566 2546 Ἐρχόμενος
3765 2471 3938 2544 ἀγροῦ
3982 2493 3996 2502 ·

2394 2560 2420 2610 6
2479 2557 2537 2612 δὲ
2582 2561 2814 2621 Ἰωάννης
2870 2558 3004 2613 εἶπεν
3057 2561 3136 2612 ὅτι
3200 2566 3296 2613 Καὶ
3347 2559 3627 2632 βαστάζων
3678 2565 3763 2613 τὸν
3833 2580 4000 2613 σταυ-

708 2315 870 2371 Vers.
904 2317 997 2375 32.
1025 2316 1316 2372 Exeuntes
1339 2347 1394 2358 —
1436 2331 1665 2373 crucem
1714 2318 1866 2386 ejus.
1906 2317 2134 2372 Marcus
2159 2314 2285 2389 qui-

634 2403 773 2461 dem
804 2404 1035 2461 addidit
1066 2427 1078 2459 :
1117 2407 1352 2462 Patrem
1371 2405 1712 2462 Alexandri
1740 2409 1793 2461 et
1817 2406 2016 2475 Ruﬁ"
2051 2422 2064 2471 ;
2098 2405 2286 2460 Lucas

634 2499 836 2550 autem
875 2494 1207 2551 Venientem
1235 2495 1310 2552 ab
1337 2511 1478 2566 agro
1509 2496 1576 2549 ³⁵.
1605 2495 1867 2550 Joannes
1907 2510 2048 2551 vero
2087 2494 2234 2550 dixit
2267 2511 2280 2550 ;

633 2582 918 2652 Bajulans
945 2598 1176 2640 crucem
1205 2598 1372 2640 suam
1397 2584 1579 2640 exivit
1621 2586 1668 2619 "
1693 2585 1954 2639 Primum
1987 2583 2281 2656 siquidem

631 2671 1054 2742 imposuerunt
1072 2673 1188 2744 ipsi
1210 2688 1448 2728 crucem
1480 2678 1754 2744 tanquam
1775 2673 2196 2737 condemnato,
2231 2677 2287 2729 et

633 2758 918 2829 bajulans
949 2775 1083 2816 eam
1111 2761 1308 2816 exivit.
1330 2762 1550 2816 Deinde
1575 2762 1800 2817 Simoni
1825 2761 2068 2817 obviant
2090 2780 2102 2819 :
2125 2761 2285 2817 hunc

601 2851 606 2853 ’
637 2827 959 2916 coegerunt
986 2851 1201 2903 uteam
1232 2847 1474 2903 tolleret.
1499 2851 1689 2904 Lucas
1728 2864 1867 2903 vero
1905 2849 2151 2920 insuper
2184 2849 2277 2906 ad-

2396 2827 2598 2890 ἐξῆλθεν
2631 2843 2643 2856 ·
2680 2830 2808 2894 εἶτα,
2877 2836 2950 2898 τῷ
3027 2832 3218 2899 Σίμωνι
3293 2834 3711 2889 συναντήσαντες,
3791 2833 3995 2880 τοῦτόν

2404 2917 2416 2930 ς
2526 2919 2536 2931 ο
2785 2918 2803 2933 η
2929 2919 2949 2931 ιι
3097 2916 3109 2934 3
3160 2921 3168 2929 ο
3296 2923 3307 2934 Α
3437 2923 3456 2933 δ
3521 2913 3554 2934 δι
3670 2920 3679 2932 ι
3719 2918 3738 2934 9

636 2935 805 2991 didit.
829 2936 991 3008 quod
1009 2937 1400 3007 sequebantur
1425 2952 1550 2993 eum
1571 2954 1779 3008 magna
1800 2916 2123 2994 multitudo
2155 2955 2277 2994 mu-

2395 2917 2749 2988 ἠγγάρευσαν,
2785 2918 2866 2968 ἵνα
2913 2919 3013 2990 άρη
3049 2916 3202 2968 αύτὸν
3231 2938 3244 2950 ο
3279 2923 3484 2977 Λουκᾶς
3510 2916 3567 2968 δὲ
3603 2920 3689 2967 καὶ
3719 2918 3793 2967 ’ἔτι
3820 2935 3997 2988 προσ·

641 3023 869 3091 lierum,
885 3026 1200 3096 quaetiam
1209 3027 1562 3097 plangebant
1577 3032 1630 3082 et
1650 3027 2126 3083 lamentabantur
2138 3043 2282 3084 eum.

2393 2653 2481 2724 ρόν
2520 2651 2702 2713 αὐτοῦ,
2753 2649 2948 2713 ἕξηλθε.
2995 2657 3204 2724 Πρῶτον
3378 2652 3480 2725 γὰρ
3525 2650 3658 2719 αύτῷ
3708 2653 3795 2701 τὸν
3827 2669 4001 2702 σταυ-

2393 2743 2482 2813 ρὸν
2535 2739 2810 2807 ἐπέθηκαν,
2865 2742 2934 2799 ὡς
3003 2735 3295 2810 καταδίκῳ,
3342 2745 3433 2791 καὶ
3497 2737 3770 2810 βαστάζων
3823 2739 3998 2792 αὐτὸν

2395 3006 2593 3073 έθηκεν,
2670 3007 2750 3057 ὅτι
2822 3005 3119 3058 Ἠκολούθει
3193 3006 3331 3075 αύτῷ
3409 3005 3538 3057 πολὺ
3621 3003 3817 3065 πλῆθος
3904 3014 3990 3057 τοῦ

641 3093 1612 3172 οοηυενεξιεααιωηὰάίίιὰδλεεω
1633 3116 1816 3172 απαξ
1845 3115 2020 3172 Filia?
2041 3118 2288 3173 Jerusa_
2394 3093 2519 3146 λαοῦ
2575 3099 2664 3146 καὶ
2724 3103 3001 3166 γυναικῶν,
3077 3093 3130 3146 αἳ
3201 3097 3282 3145 καὶ
3341 3093 3616 3146 ἐκόπτοντο
3687 3098 3778 3146 καὶ
3843 3093 3981 3166 ἐθρέ-

641 3203 772 3268 lem,
788 3219 864 3260 ne
874 3204 1152 3272 ﬂeveritis
1172 3219 1348 3274 super
1364 3219 1472 3275 me,
1491 3205 1587 3260 sed
1621 3221 1796 3274 super
1810 3205 1959 3261 vobis
1975 3207 2110 3276 ipsis
2131 3207 2284 3276 ﬂete,

635 3297 692 3349 et
717 3307 898 3361 super
912 3293 1053 3357 ﬁliis
1093 3293 1297 3349 vestris
1324 3309 1336 3348 :
1363 3293 1628 3364 quoniam
1656 3309 1786 3350 ecce
1826 3295 2053 3351 venient
2076 3296 2196 3352 dies
2214 3296 2283 3362 ⁸⁷,

634 3386 744 3437 etc.
765 3381 1007 3438 Dicens:
1040 3383 1128 3439 Ne
1150 3383 1426 3452 ﬂeveritis
1444 3399 1618 3453 super
1662 3399 1771 3452 me,
1799 3387 1917 3440 Hoc
1939 3389 2022 3440 est
2045 3391 2286 3458 propter

633 3486 752 3537 me,
786 3471 891 3526 sed
915 3477 1156 3543 propter
1171 3473 1470 3544 vosipsas,
1497 3477 1552 3528 et
1575 3478 1822 3544 propter
1845 3473 2000 3528 ﬁlios
2025 3480 2280 3530 vestros:

633 3559 1175 3632 quiaeccevenient
1207 3561 1355 3627 dies,
1376 3561 1732 3632 signiﬁcavit
1759 3560 1890 3618 dies
1931 3563 2283 3634 captivitatis

638 3647 1212 3721 Hierosolymorum.

2394 3203 2511 3235 νουν
2567 3183 2747 3240 αὐτόν.
2820 3188 3066 3258 Στραφεὶς
3123 3179 3182 3236 δὲ
3253 3187 3382 3258 πρὸς
3441 3183 3606 3244 αὐτὰς
3682 3184 3708 3234 6
3762 3183 3987 3244 Ἰησοῦς,

2395 3270 2502 3326 εἶπε
2558 3287 2570 3300 ’
2657 3277 2943 3345 Θυγατέρες
3049 3272 3406 3346 Ἰερουσαλὴμ,
3483 3276 3555 3343 μὴ
3652 3271 3850 3324 κλαίετε
3916 3269 3990 3321 ἐπ’

2394 3362 2499 3435 ἐμὲ,
2559 3363 2684 3421 πλην
2754 3361 2830 3435 ἐφ’
2904 3363 3086 3422 ἑαυτὰς
3156 3360 3374 3424 κλαίετε,
3433 3365 3524 3412 καὶ
3579 3359 3664 3413 ἐπὶ
3719 3363 3789 3412 τὰ
3842 3364 3996 3411 τέκνα

2639 3453 2719 3504 ὅτι
2779 3448 2896 3504 ἰδού
2957 3455 3202 3526 ἔρχονται
3279 3452 3489 3522 ἡμέραι,
3547 3454 3637 3501 καὶ
3719 3452 3786 3501 τὰ
3852 3448 3992 3510 ἑξῆς.

2392 3546 2478 3600 Μὴ
2536 3541 2734 3593 κλαίετε
2784 3541 2940 3611 λέγων
2998 3539 3074 3592 ἐπ’
3133 3539 3237 3612 ἐμέ,
3298 3543 3481 3610 ἤγουν,
3543 3535 3616 3590 δι’
3680 3537 3770 3609 ἐμέ
3803 3555 3815 3567 “
3863 3537 3999 3589 ἀλλὰ

2393 3631 2466 3684 Δι’
2520 3630 2704 3691 ἑαυτὰς
2742 3635 2831 3682 καὶ
2881 3627 2974 3681 διὰ
3007 3631 3076 3682 τὰ
3133 3633 3286 3681 τέκνα
3331 3627 3494 3700 ὑμῶν,
3528 3629 3607 3680 ὃτι
3641 3625 3756 3679 ἰδού
3802 3629 3995 3699 ἔρχον-

2393 3455 2534 3523 ύμῶν
2573 3467 2586 3478 ⁸

2391 3740 2478 3772 ται
2559 3721 2770 3793 ἡμέραι,
2825 3721 2881 3771 ui
2957 3727 3050 3780 τῆς
3132 3717 3370 3779 ἁλώσεως
3442 3725 3542 3770 τῶν
3622 3715 3997 3789 Ἰεροσολύμων

2393 3806 2428 3862 δ
2432 3809 2654 3867 ηλονότι.

2466 3902 2564 3951 Καὶ
2611 3897 2830 3958 ἐλθόντες
2897 3928 2966 3938 —
3040 3895 3322 3968 Γολγοθάν.
3392 3895 3556 3956 Οὗτος
3617 3897 3644 3947 6
3694 3899 3856 3956 τόπος
3909 3897 3994 3967 ἆγε

707 3953 868 4010 Vers.
896 3957 984 4010 33.
1001 3953 1260 4025 Cumque
1275 3954 1648 4011 venissent—
1672 3955 1978 4025 Golgotha.
2000 3954 2277 4011 Hiclocus

2389 3990 2485 4058 γύς
2510 3984 2570 4044 ἦν
2598 3996 2692 4048 τῆς
2716 3987 2923 4052 πόλεως,
2956 3989 3026 4047 ὡς
3055 3987 3080 4037 6
3111 3953 3350 4044 ’ίωάννης
3375 3983 3616 4057 ἔγραψεν.

631 4042 855 4100 civitati
874 4042 1254 4114 propinquus
1295 4049 1441 4107 erat,
1483 4043 1632 4098 sicut
1661 4044 1892 4114 scripsit
1928 4045 2188 4100 Joannes
2211 4046 2278 4100 ³⁸.

703 4133 863 4186 Vers.
891 4133 977 4185 33.
1013 4129 1175 4196 Quod
1211 4158 1281 4168 -—
1321 4135 1500 4184 iocus.
1535 4131 1725 4195 Quod,
1760 4131 2032 4187 videlicet
2057 4147 2280 4188 nomen

629 4217 921 4286 Golgotha
945 4215 1172 4272 dictum
1197 4216 1319 4271 sive
1346 4232 1582 4272 versum
1624 4217 1703 4272 ab
1751 4218 2043 4274 Hebraica
2073 4219 2280 4290 lingua

623 4307 686 4362 in
713 4304 1005 4370 Latinam,
1038 4307 1127 4358 est
1150 4310 1207 4360 et
1233 4303 1464 4372 dicitur,
1487 4305 1768 4362 Calvariae
1798 4307 1966 4362 locus
2000 4311 2066 4363 3°.
2100 4308 2278 4366 Aiunt

625 4398 828 4451 autem
867 4392 1118 4465 quidam
1139 4393 1224 4450 ibi
1249 4393 1439 4450 Adam
1465 4398 1766 4452 mortuum
1792 4411 1920 4452 esse
1945 4412 2014 4452 ac
2039 4397 2235 4470 jacere
2259 4417 2272 4456 :

623 4489 680 4541 et
723 4482 1082 4555 dispositum
1117 4488 1230 4552 est,
1279 4489 1343 4538 ut
1381 4483 1488 4539 ubi
1531 4488 1698 4540 vetus
1728 4485 1920 4542 Adam
1967 4488 2176 4544 cecidit
2212 4488 2274 4545 in

619 4577 887 4643 mortem,
919 4571 1001 4629 ibi
1038 4573 1217 4630 etiam
1246 4573 1387 4629 novi
1410 4573 1602 4629 Adam
1633 4578 1924 4647 tropaeum
1951 4578 2274 4648 erigeretur

619 4667 825 4722 contra
852 4667 1129 4729 mortem,
1161 4662 1299 4720 dico
1330 4678 1472 4720 sane
1505 4679 1766 4721 crucem.

2459 4094 2518 4146 Ὀ
2552 4126 2610 4136 -
2655 4097 2829 4156 τόπος.
2873 4092 3057 4166 Ὀπερ,
3112 4094 3171 4144 τὸ
3228 4090 3479 4163 Γολγοθά,
3534 4088 3798 4156 δηλονότι,
3847 4091 3991 4163 λιγό·

2310 4173 2556 4256 Πμενον,
2609 4188 2746 4247 ἤτοι,
2815 4184 3330 4254 μεθερμηνευόμενον,
3390 4182 3456 4241 ὡς
3530 4183 3556 4232 6
3637 4183 3851 4255 Μάρκος
3923 4179 3992 4233 εἷ-

2387 4292 2496 4340 πεν,
2548 4271 2648 4326 ἀπό
2702 4280 2793 4332 τῆς
2837 4267 3111 4342 Ἑϐραίδος
3164 4267 3438 4322 διαλέκτου
3492 4275 3619 4343 πρὸς
3668 4275 3762 4328 τὴν
3808 4269 3990 4328 Ἑλληο

2383 4358 2528 4428 νίδα,
2582 4363 2692 4413 ἔστι
2739 4365 2829 4412 καὶ
2875 4360 3079 4431 λέγεται
3137 4363 3358 4434 Κρανίου
3407 4363 3582 4420 τόπος.
3635 4364 3771 4413 Φασὶ
3822 4357 3883 4411 δέ
3912 4379 3988 4411 τι-

2859 4445 3034 4521 Ἀδὰμ.

2381 4544 2470 4591 καὶ
2512 4539 2833 4611 ᾠκονόμήθη,
2891 4539 2973 4589 ἵνα
3025 4539 3153 4590 ὅπου
3207 4539 3233 4589 6
3290 4537 3506 4598 παλαιὸς
3573 4534 3751 4609 Ἀδὰμ
3801 4540 3979 4589 ἔπεσεν

2381 4631 2480 4682 ὑπὸ
2528 4636 2616 4681 του
2667 4629 2908 4694 θανάτου,
2951 4625 3054 4680 ἐκεῖ
3093 4631 3182 4679 καὶ
3229 4630 3287 4678 τὸ
3345 4634 3436 4679 τοῦ
3487 4631 3600 4679 νέου
3650 4623 3827 4698 Ἀδὰμ
3867 4633 3976 4699 τρό-

2379 4736 2532 4772 παιον
2583 4724 2678 4790 στῇ
2739 4719 2874 4770 κατά
2917 4723 3010 4769 τοῦ
3065 4717 3308 4782 θανάτου,
3356 4715 3487 4788 λέγω
3545 4711 3638 4781 δὴ,
3677 4719 3764 4768 τὸν
3819 4735 3973 4768 σταυ-

2377 4815 2489 4889 ρόν.

2383 4469 2462 4512 νες
2513 4448 2616 4502 ἐκεῖ
2688 4453 2775 4500 τὸν
2859 4447 3034 4518 Ἀδὰμ.
3111 4447 3538 4518 τετελευτηκέναι,
3587 4453 3676 4501 καὶ
3751 4449 3982 4513 κεῖσθαι,

646 5081 663 5092 _
688 5013 736 5049 ⁸³
766 5013 939 5083 Joan,
982 5029 1098 5082 xix,
1133 5012 1220 5067 11.
1296 5014 1342 5046 ³³
1373 5010 1519 5070 idid.
1551 5013 1638 5068 16.
1717 5013 1764 5049 ³⁴
1794 5015 1966 5071 Marc.
2005 5031 2104 5082 xv,
2159 5020 2251 5074 2t.

2431 5016 2567 5073 Luc.
2597 5023 2759 5084 xxiu,
2787 5015 2875 5072 ‘26.
2953 5015 3000 5053 ³⁸
3025 5015 3191 5073 Joan.
3240 5018 3362 5080 xix,
3398 5019 3482 5072 17.
3559 5016 3602 5052 ³⁷
3635 5011 3781 5074 Luc.
3804 5030 3967 5080 xxm,

611 5103 803 5162 20-29.
878 5103 925 5138 ³⁸
950 5103 1124 5162 Joan.
1151 5115 1274 5170 xix,
1293 5103 1383 5158 20.
1465 5102 1511 5136 '9
1541 5102 1718 5159 Marc.
1746 5118 1846 5170 xv,
1875 5103 1968 5160 22.

1835 5282 2057 5352 Variae
2081 5283 2410 5354 lectiones
2430 5291 2496 5354 et
2518 5293 2722 5354 notae.

703 5475 794 5545 23)
826 5475 1195 5545 Προτεθίντων.
1221 5475 1292 5531 Α.
1326 5475 1419 5531 Sic
1450 5475 1792 5534 Hentenius.

702 5543 790 5616 24)
811 5543 1000 5607 Αὑτὸν,
1030 5543 1353 5616 interponit
1380 5547 1446 5600 A.

701 5614 791 5684 25)
845 5616 930 5688 Εἰς
985 5614 1042 5666 τό
1098 5614 1412 5688 πρᾴιτώριον
1461 5618 1687 5674 addunt
1737 5618 1917 5676 etiam
1949 5623 1995 5675 A
2030 5620 2154 5676 etB
2183 5621 2245 5678 in

605 5688 886 5745 contextu
895 5685 1167 5742 Joannis.
1183 5687 1264 5745 Ex
1293 5685 1650 5746 lectionariis
1666 5689 1824 5746 venit
1843 5691 1906 5746 in
1921 5692 2243 5750 nonnullos

2364 5481 2597 5537 codices
2609 5483 2672 5552 7N
2681 5523 2693 5535 .
2725 5475 3102 5552 Testamenti,
3132 5478 3451 5536 instructos
3476 5477 3746 5552 ischoliis.
3804 5479 3965 5552 Chry

2365 5557 2510 5608 sost.
2546 5550 2729 5624 LYII,
2753 5567 2818 5624 p.
2864 5551 2964 5607 503
2995 5553 3058 5618 D,
3091 5564 3213 5624 non
3246 5551 3680 5624 agnoscit‘Nec
3712 5550 3965 5624 Cyrinus

2352 5629 2521 5702 t_om._
2552 5623 2646 5702 μζ,
2679 5619 2909 5702 p.105?!
2956 5624 3024 5702 Αἶ
3060 5621 3247 5702 Habet
3294 5619 3456 5702 enim
3487 5639 3504 5675 :
3538 5619 3846 5702 ’ᾼπάγουσι
3871 5624 3962 5702 μὲν

2351 5698 2417 5756 ὡς
2442 5690 2802 5770 τεθνηξόμενον
2832 5690 2939 5754 ἤδη
2973 5696 3060 5748 τὸν
3084 5701 3180 5757 τῆς
3213 5694 3350 5756 ζωῆς
3379 5691 3645 5769 ἀρχηγόν,
