4170 6334
162 342 288 398 721
1137 337 1511 397 COMMENT.
1552 337 1622 393 IN
1662 335 2113 397 MATTHZEUM.
2149 369 2217 381 -
2249 340 2412 399 CAP.
2452 339 2671 398 XXVII.
3456 344 3565 402 722

252 468 503 525 Ἐδωκαν
546 501 614 510 -
653 476 807 522 πιεῖν.
870 468 928 521 '0
983 465 1041 521 δὲ
1096 470 1309 542 Μάρκος
1362 464 1496 520 εἶπεν
1552 468 1631 519 ὅτι
1682 466 1789 537 (26)

1976 468 2142 523 Vers.
2175 468 2261 524 34.
2296 467 2601 526 Dederunt
2630 499 2698 509 —
2742 469 2947 526 bibere.
2981 472 3207 528 Marcus
3236 473 3435 527 autem
3474 472 3563 529 di-

167 566 277 613 κοιὶ
335 557 550 613 ἐδίδουν
603 558 744 629 αὐτῷ
799 567 934 611 πιεῖν
1000 558 1404 631 ἐσμυρνισμένον
1463 554 1614 609 οἶνον
1668 558 1694 606 6
1737 552 1789 609 δὲ

1905 559 1982 614 cit
2007 560 2075 623 ‘0,
2108 558 2275 630 quod
2299 558 2474 613 etiam
2500 558 2791 613 dederunt
2810 560 2863 615 ei
2894 559 2973 614 ad
3004 560 3316 615 bibendum
3346 561 3557 617 vinum

168 650 282 702 οὐκ
358 648 520 703 ἔλαϐε.
586 653 685 701 Καὶ
765 647 1027 724 ἀμφότερα
1094 646 1151 701 δε
1223 651 1581 721 προσήνεγκαν
1653 646 1789 715 αὐτῷ

1903 647 2146 718 myrrha
2189 646 2468 711 mistum;
2500 648 2562 700 at
2608 646 2701 700 ille
2727 662 2848 701 non
2888 649 3117 719 accepit
3156 666 3169 715 ;
3232 652 3555 722 utrumque

170 740 483 810 παίζοντες,
557 744 646 790 καὶ
711 737 1120 810 λειποθυμοῦντα
1190 735 1347 795 δῆθεν
1426 735 1788 807 ἀνακτώμενοι.

1903 742 2103 791 autem
2137 734 2479 791 obtulerunt
2507 734 2559 789 ei
2597 734 2886 798 ludentes,
2939 741 2994 792 et
3022 740 3311 809 tanquam
3350 739 3553 795 animo

171 837 270 900 Τῷ
319 830 424 891 ὄξει
479 832 567 900 μὲν
616 828 703 880 οὖν
758 833 851 887 τήν
901 828 1062 898 χολήν
1125 827 1323 899 ἔμιξαν,
1377 827 1460 878 ἳνα
1513 829 1571 877 τὸ
1631 823 1789 900 δριμὺ

1903 825 2277 880 deﬁcientem
2297 824 2718 881 refocillantes.
2757 828 2935 880 Aceto
2966 824 3169 897 itaque
3199 826 3273 882 fel
3298 827 3551 885 miscue-

175 924 406 990 γένηται
473 922 563 970 καὶ
630 922 833 991 πικρόν.
892 917 1145 989 Ἐνὲφαινε
1203 917 1315 987 (27)
1375 912 1434 969 δε
1484 923 1649 968 ταῦτα
1698 923 1789 975 τῆς

1903 920 2059 977 runt,
2093 918 2153 969 ut
2184 914 2379 968 acrius
2407 914 2573 969 ﬁeret
2603 917 2660 967 et
2689 913 2972 968 amarius.
3016 917 3149 969 Haac
3178 919 3376 972 autem
3421 933 3547 973 ma-

176 1016 292 1059 τῶν
351 1004 625 1061 Ἰουδαίων
679 1007 863 1079 ψυχῆς
920 1012 1008 1065 τὴν
1062 1003 1363 1078 δριμύτητα
1414 1010 1503 1058 καὶ
1558 1009 1789 1076 πικρίαν.

1904 1003 2537 1058 nit‘estantJudaeorum
2562 1000 2948 1056 acerbitatem
2970 1006 3027 1057 et
3052 1004 3545 1062 amaritudinem:

182 1101 299 1149 Καὶ
331 1096 461 1155 αὐτή
496 1093 604 1154 δεῇ
636 1098 839 1169 σμύρνα
862 1098 1149 1169 πικροτάτη
1180 1096 1342 1149 ἐστίν.

1903 1107 2042 1146 nam
2073 1092 2207 1162 ipsa
2245 1092 2421 1147 etiam
2453 1090 2699 1162 myrrha
2719 1090 3099 1147 amarissima
3127 1096 3235 1148 est.

265 1185 433 1239 Ἀλλὰ
484 1189 580 1258 πρὸ
632 1189 721 1257 μεν
778 1192 870 1236 τοῦ
918 1183 1137 1237 ἀνελθεῖν
1190 1185 1258 1245 εἰς
1311 1187 1397 1236 τὸν
1453 1186 1676 1257 σταυρὸν
1728 1185 1789 1235 τὰ

1973 1180 2087 1237 Sed
2112 1180 2399 1252 praedicta
2434 1178 2677 1251 quidem
2708 1179 3064 1251 priusquam
3095 1179 3157 1235 in
3188 1196 3427 1237 crucem
3461 1198 3554 1238 as-

1526 1275 1792 1334 Ματθαῖος
1900 1269 2196 1335 cenderet,
2228 1268 2572 1324 obtulerunt
2600 1269 2672 1334 ei,
2705 1267 2856 1324 sicut
2883 1268 3193 1324 Matthaaus
3237 1274 3293 1326 et
3323 1269 3554 1327 Marcus

1898 1358 2178 1415 dixerunt
2202 1359 2246 1394 ⁴¹
2283 1375 2297 1426 ;
2329 1361 2646 1431 postquam
2692 1372 2834 1413 vero
2887 1358 3173 1429 ascendit,
3203 1358 3399 1415 solum
3424 1376 3555 1417 ace-

1900 1451 2028 1503 tum
2053 1451 2119 1503 ut
2140 1446 2201 1503 hi
2226 1446 2338 1519 ipsi
2364 1461 2570 1502 rursus
2596 1444 2893 1517 simulque
2924 1448 3105 1505 Lucas
3138 1452 3195 1505 et
3212 1448 3477 1505 Joannes
3504 1450 3551 1485 "

1896 1536 2121 1593 dicunt.

176 1275 423 1349 ῥηθέντα
494 1276 932 1348 προσηνέχθησαν
1024 1275 1186 1344 αὐτῷ,
1276 1275 1447 1335 καθὼς

174 1369 284 1415 καὶ
345 1367 555 1439 Μάρκος
602 1362 759 1416 εἷπον·
813 1366 943 1435 μετὰ
991 1360 1049 1416 δὲ
1098 1368 1156 1415 τὸ
1214 1362 1457 1431 ἀνελθεῖν,
1512 1362 1627 1433 (28)
1681 1362 1791 1424 ὄξος

175 1456 369 1524 μόνον,
420 1456 489 1514 ὡς
556 1453 704 1505 αὐτοὶ
752 1452 904 1504 πάλιν
953 1452 1116 1517 οὗτοι,
1170 1456 1259 1504 καὶ
1312 1458 1519 1514 Λουκᾶς
1570 1450 1790 1504 καὶἸω-

176 1543 343 1603 άννης
374 1546 519 1614 φασί.

259 1634 665 1704 Παρατηρητέον
744 1628 803 1683 δε
876 1636 965 1683 καὶ
1057 1633 1156 1697 ὅτι,
1223 1634 1309 1683 τὸν
1385 1630 1788 1705 ἐσμυρνισμένον

1970 1626 2422 1682 Observandum
2445 1627 2536 1681 est
2551 1626 2773 1689 autem,
2796 1623 2959 1696 quod
2990 1639 3131 1680 cum
3158 1624 3366 1682 vinum
3392 1642 3551 1700 myr-

177 1717 347 1787 οἶνον,
404 1723 470 1781 ὡς
511 1722 748 1795 ἄκαιρον,
806 1724 877 1792 μή
932 1719 1121 1783 λαϐὼν,
1179 1728 1265 1771 νῦν
1313 1724 1401 1792 μεν
1454 1728 1545 1773 τοῦ
1594 1725 1789 1793 μίγμα-

1903 1715 2007 1771 rha
2024 1715 2270 1771 mistum
2302 1721 2589 1786 tanquam
2620 1712 3110 1784 intempestivum
3135 1728 3258 1769 non
3289 1716 3548 1788 accepis-

176 1829 274 1870 τος
336 1817 430 1861 τοῦ
490 1808 633 1871 ὄξους
683 1814 773 1861 καὶ
823 1817 919 1871 τῆς
969 1809 1137 1881 χολῆς
1184 1808 1430 1880 ἐγεύσατο
1489 1806 1582 1861 διὰ
1628 1814 1786 1882 μόνην

1903 1808 2000 1868 set,
2036 1819 2196 1859 nunc
2222 1803 2537 1858 misturam
2568 1802 2718 1857 aceti
2748 1805 2803 1857 et
2840 1800 2991 1857 fellis
3019 1802 3281 1872 gustavit
3303 1808 3550 1876 propter

1901 1892 2098 1949 solum
2155 1892 2252 1957 fel,
2308 1896 2372 1947 ut
2400 1890 2798 1962 compleretur
2839 1890 3005 1961 quod
3048 1890 3275 1946 dictum
3308 1897 3394 1948 est
3427 1909 3440 1949 :
3468 1894 3550 1949 Et

1900 1983 2186 2038 dederunt
2210 1982 2271 2036 in
2313 1996 2502 2036 escam
2555 1995 2743 2035 meam
2770 1980 2862 2048 fel
2903 1980 2996 2044 “;
3046 1979 3362 2035 cruciﬁxus
3411 1996 3549 2037 vero

1903 2071 2089 2126 solum
2120 2075 2353 2124 acetum
2387 2068 2719 2139 potandum
2758 2068 3003 2137 accepit,
3035 2073 3276 2139 propter
3302 2067 3361 2123 id
3391 2069 3553 2139 quod

1900 2161 2163 2231 sequitur
2196 2176 2208 2212 :
2239 2159 2317 2212 Et
2344 2158 2404 2212 in
2437 2158 2539 2211 siti
2576 2171 2709 2212 mea
2738 2156 3057 2226 potandum
3086 2156 3372 2213 dederunt
3403 2157 3554 2213 mihi

1900 2254 2151 2306 acetum.
2181 2246 2360 2320 Atqui
2379 2247 2439 2302 in
2462 2261 2581 2301 uno
2599 2249 2653 2301 et
2674 2245 2889 2301 eodem
2917 2244 2994 2300 fel
3010 2247 3066 2300 et
3096 2250 3323 2301 acetum
3357 2250 3554 2317 gusta-

1898 2338 1997 2408 vit,
2017 2340 2073 2393 et
2091 2336 2152 2392 in
2178 2352 2300 2391 uno
2321 2341 2377 2391 et
2409 2335 2619 2390 eodem
2638 2333 2872 2389 videtur
2896 2333 3218 2390 terminum
3252 2335 3552 2406 accepisse

1897 2432 2220 2497 utrumque
2258 2425 2503 2480 dictum.
2536 2424 2755 2477 Verum
2810 2422 2955 2492 quia
2985 2422 3272 2492 scriptum
3313 2426 3440 2479 est:
3478 2424 3551 2479 In

1895 2515 1998 2571 siti
2020 2529 2169 2578 mea,
2200 2528 2323 2568 non
2354 2511 2587 2567 sitiebat
2610 2514 2812 2566 autem
2841 2510 3192 2581 priusquam
3227 2510 3289 2566 in
3311 2526 3551 2567 crucem

1897 2603 2256 2665 ascenderet,
2307 2601 2411 2656 sed
2454 2604 2778 2671 postquam
2826 2598 3220 2656 ascendisset.
3257 2599 3350 2655 Ait
3386 2600 3549 2655 enim

1895 2693 2153 2748 Joannes
2187 2706 2199 2745 :
2232 2690 2491 2745 Intuitus
2527 2690 2698 2745 Jesus
2723 2688 2878 2759 quod
2897 2688 3092 2743 omnia
3110 2689 3238 2757 jam
3280 2703 3551 2744 consum-

1892 2786 2047 2837 mata
2059 2785 2265 2845 essent,
2282 2784 2348 2833 ut
2360 2776 3108 2847 complereturScriptura,
3124 2776 3268 2831 dicit
3284 2794 3299 2833 :
3314 2777 3464 2833 Sitio
3478 2778 3548 2831 “.

1968 2870 2236 2925 Primum
2276 2867 2567 2939 siquidem
2604 2882 2641 2922 a
2672 2865 2879 2936 seipsis
2903 2865 3016 2935 ipsi
3046 2864 3239 2920 dictas
3276 2865 3551 2935 potiones

1896 2960 2063 3015 lusus
2094 2957 2286 3028 gratia
2316 2955 2675 3020 obtulerant,
2727 2959 2790 3009 ut
2836 2952 3121 3008 diximus.
3159 2953 3551 3010 Postmodum

177 1904 287 1957 τήν
336 1898 524 1971 χολὴν,
575 1900 708 1959 ὅπως
752 1898 998 1971 πληρωθῇ
1064 1902 1143 1963 1'6,
1199 1900 1306 1952 Καὶ
1358 1896 1556 1951 ἔδωκαν
1613 1899 1685 1961 εἰς
1728 1902 1787 1950 τὸ

186 1987 389 2063 βρῶμά
419 2008 518 2059 μου
570 1988 737 2059 χολήν
771 2007 783 2019 ο
821 1990 1132 2061 σταυρωθεὶς
1186 1986 1263 2055 δὲ,
1314 1993 1465 2061 μόνον
1512 1989 1633 2051 ὄξως
1676 1988 1790 2041 ἐπο-

181 2079 378 2143 τίσθη,
420 2073 513 2128 διὰ
555 2080 612 2128 τὸ
659 2076 850 2144 λεῖπον,
886 2077 1015 2148 λέγω
1061 2074 1127 2134 δή
1175 2080 1254 2147 τὸ,
1306 2082 1406 2130 Καὶ
1458 2078 1526 2140 εἰς
1569 2082 1663 2135 τήν
1709 2074 1790 2129 δί-

184 2165 300 2237 ψαν
356 2185 455 2237 μου
487 2164 732 2218 ἐπότισάν
786 2186 849 2237 με
900 2166 1037 2229 ὅξος.
1102 2172 1201 2220 Καὶ
1253 2171 1355 2239 μὴν
1412 2166 1459 2218 ἐν
1497 2174 1670 2236 ταυτῷ
1701 2170 1790 2219 καὶ

184 2254 338 2317 ὄξους
366 2258 456 2306 καὶ
496 2254 664 2326 χολῆς
694 2254 960 2326 ἐγεύσατο,
1008 2260 1095 2307 καὶ
1126 2256 1173 2307 ἐν
1228 2255 1401 2326 ταύτῷ
1441 2253 1661 2308 δοκοῦσι
1699 2260 1788 2307 καὶ

183 2345 348 2416 ἄμφω
407 2347 473 2396 τὰ
518 2345 656 2419 ῥητὰ
710 2347 768 2395 τὸ
806 2348 960 2417 πέρας
1015 2344 1204 2397 λαϐεῖν·
1240 2344 1379 2397 Ἀλλ’
1426 2346 1514 2406 Εἰς
1560 2351 1654 2403 τήν
1705 2342 1790 2397 δί-

178 2433 296 2503 ψαν
346 2452 445 2505 μου
504 2438 818 2506 γέγραπται·
875 2434 968 2485 οὐκ
1011 2431 1172 2504 ἐδίψα
1238 2431 1296 2486 δὲ
1343 2438 1442 2507 πρὸ
1506 2442 1599 2485 τοῦ
1648 2434 1785 2487 ἀνελ-

183 2524 295 2574 θεῖν
348 2522 414 2582 εἰς
465 2525 552 2573 τὸν
613 2526 857 2597 σταυρόν,
912 2520 1037 2573 ἀλλὰ
1080 2525 1210 2595 μετὰ
1255 2526 1313 2575 τὸ
1359 2522 1600 2576 ἀνελθεῖν.
1650 2527 1787 2579 Φησὶ

178 2613 289 2683 γὰρ
364 2613 389 2662 6
458 2611 693 2671 Ἰωάννης
752 2612 830 2663 ὅτι
892 2609 1039 2664 Ἰδὼν
1097 2614 1122 2662 6
1195 2614 1399 2671 Ἰησοῦς
1469 2614 1549 2663 ὅτι
1619 2613 1787 2663 πάντα

179 2696 294 2757 ἤδη
370 2700 684 2765 τετῦιεσται,
764 2708 845 2752 ἱνα
918 2700 1165 2776 πληρωθῇ
1240 2703 1270 2758 ἡ
1357 2704 1557 2775 Γραφή,
1628 2700 1783 2771 λέγει’

181 2788 349 2860 Διψῶ.

259 2885 469 2950 Πρῶτον
538 2882 625 2950 μεν
697 2882 798 2953 γὰρ
866 2882 1063 2932 οἴκοθεν
1135 2879 1283 2932 αὐτοὶ
1352 2881 1418 2932 τὰ
1490 2876 1788 2937 δηλωθέντα

186 2972 405 3038 πόματα
456 2972 762 3042 προσέφερον
831 2970 1119 3034 παίζοντες,
1175 2972 1240 3030 ὡς
1300 2968 1587 3044 εἰρήκαμεν·
1640 2969 1786 3020 ὕστε-

188 3074 281 3130 ρον
336 3051 414 3119 δὲ,
470 3054 781 3118 ἀκούσαντες
828 3060 907 3110 ὅτι
967 3055 1120 3129 διψᾷ,
1181 3064 1513 3131 προσήγαγον
1561 3062 1618 3111 τὸ
1651 3058 1783 3120 ὅξος

1898 3053 2097 3105 autem
2114 3047 2318 3103 audito
2331 3046 2496 3118 quod
2514 3045 2717 3109 sitiret,
2732 3042 3145 3115 produxerunt
3160 3046 3414 3098 acetum.
3439 3044 3554 3100 Sed

188 3148 281 3195 καὶ
352 3142 459 3196 ἐπεὶ
527 3149 819 3219 γέγραπται
883 3148 961 3200 ὅτι
1030 3145 1269 3201 Ἔδωκαν
1342 3148 1408 3208 εἰς
1476 3152 1533 3199 1'6
1600 3146 1789 3221 βρῶμά

1903 3154 2038 3195 cum
2092 3136 2379 3207 scriptum
2429 3134 2543 3189 sit:
2586 3133 2869 3189 Dederunt
2917 3132 2978 3187 in
3003 3146 3193 3188 escam
3240 3146 3428 3187 meam
3446 3132 3551 3201 fel,

190 3252 293 3305 μου
344 3232 531 3303 χολήν,
584 3238 767 3306 ἤγουν,
813 3236 883 3297 εἰς
939 3240 996 3289 τὸ
1042 3246 1219 3309 φαγεῖν
1273 3258 1355 3310 με,
1409 3248 1518 3299 πῶς
1547 3239 1693 3291 αὐτοὶ
1720 3239 1790 3299 εἰς

190 3325 251 3372 τὸ
301 3330 432 3374 πιεῖν
490 3329 580 3376 καὶ
631 3327 826 3383 ταύτην
879 3322 1223 3394 δεδώκασιν;
1267 3327 1429 3400 Οἶμαι
1477 3332 1644 3402 τρύφη
1702 3330 1789 3390 ξη-

188 3416 291 3481 ρᾶς
326 3410 489 3482 χολῆς
540 3411 871 3486 ἐντεθρύφθαι
916 3425 988 3486 τῷ
1032 3416 1153 3483 ὄξει,
1188 3418 1271 3468 ἵνα
1300 3421 1357 3468 1'6
1404 3421 1495 3488 μὲν
1536 3420 1613 3475 εἰη
1674 3417 1787 3470 ἀντὶ

190 3506 285 3551 τοῦ
332 3503 490 3566 οἴνου,
548 3504 616 3553 τὰ
687 3499 745 3555 δὲ
793 3502 903 3555 ἀντὶ
954 3504 1160 3577 ψωμοῡ.
1233 3511 1332 3558 Καὶ
1395 3512 1790 3579 προηγουμένως

1900 3228 2018 3283 sive
2050 3230 2115 3281 ut
2140 3225 2369 3280 ederem
2401 3240 2412 3276 :
2445 3221 2749 3293 quomodo
2806 3220 2965 3275 idem
3011 3219 3087 3275 fel
3124 3219 3234 3290 ipsi
3260 3219 3555 3277 dederunt

1899 3322 1963 3371 ut
1991 3315 2219 3370 biberet
2250 3312 2276 3365 ‘2
2305 3311 2567 3366 Arbitror
2591 3310 2927 3377 fragmenta
2955 3307 3104 3362 aridi
3130 3306 3278 3362 fellis
3294 3306 3356 3362 in
3387 3310 3552 3364 aceto

1900 3402 2161 3460 emollita
2190 3400 2392 3465 fuisse,
2426 3404 2490 3454 ut
2519 3400 2752 3454 acetum
2790 3395 3034 3466 quidem
3068 3395 3200 3450 loco
3229 3394 3353 3450 vini
3374 3400 3545 3459 esset,

1898 3493 2001 3548 illa
2021 3506 2158 3547 vero
2187 3490 2519 3559 fragmenta
2542 3500 2651 3558 pro
2670 3482 2938 3539 buccella
2949 3483 3143 3555 panis.
3170 3484 3235 3538 Et
3255 3483 3551 3555 praecipue

1900 3597 2046 3637 sane
2086 3584 2296 3652 potum
2326 3577 2638 3645 dederunt,
2678 3572 3055 3629 consecutive
3084 3587 3222 3627 vero
3261 3570 3442 3627 etiam
3473 3571 3552 3627 ci-

1897 3671 2059 3725 bum.
2130 3667 2229 3721 His
2282 3665 2440 3721 enim
2487 3664 2591 3736 qui
2628 3663 2829 3718 animo
2869 3660 3293 3724 destituuntur,
3333 3660 3549 3717 vinum

1898 3758 2164 3832 praebere
2184 3755 2468 3819 solemus,
2498 3752 2716 3822 injecto
2737 3764 2895 3822 pane
2919 3766 2932 3805 :
2955 3756 3021 3803 ut
3048 3749 3311 3820 primum
3340 3748 3549 3804 biben-

1899 3853 2005 3913 tes,
2045 3843 2434 3917 postmodum
2454 3841 2634 3897 etiam
2659 3838 2889 3911 possint
2918 3837 3112 3893 edere.
3153 3835 3322 3903 Quod
3352 3836 3401 3890 si
3423 3851 3546 3892 non

1898 3938 1981 3992 ita
2008 3931 2484 3993 intellexerimus,
2522 3944 2641 3984 non
2670 3926 3037 3983 inveniemus
3081 3923 3225 3981 alibi
3263 3924 3471 3979 datum
3499 3924 3552 3980 ei

1904 4025 1977 4081 fel
1997 4025 2056 4080 in
2086 4024 2308 4079 cibum.
2336 4019 2459 4077 Nisi
2483 4017 2621 4091 quis
2641 4016 2736 4083 fel,
2766 4014 3091 4085 anagogice
3115 4014 3549 4086 interpretetur,

1902 4111 2363 4171 amaritudinem
2383 4123 2570 4181 quam
2584 4106 2635 4161 ei
2660 4106 2722 4160 in
2744 4103 2947 4160 cibum
2970 4103 3277 4168 dederunt,
3305 4102 3416 4157 hoc
3437 4106 3547 4168 est,

1902 4204 2033 4259 loco
2064 4200 2182 4257 cibi
2207 4199 2355 4270 ejus,
2397 4194 2662 4270 quotidie
2702 4209 2840 4250 eum
2879 4190 3173 4248 irritantes
3207 4194 3265 4247 et
3293 4189 3373 4246 ad
3400 4189 3554 4247 iram

1826 4285 1873 4341 D
1904 4294 2314 4365 provocantes.

1977 4402 2134 4455 Vers.
2166 4401 2254 4453 35.
2298 4397 2556 4465 Cumque
2592 4390 3013 4459 cruciﬁzerunt
3040 4418 3111 4429 -
3157 4393 3386 4443 sortem.
3420 4388 3555 4442 Pro-

1904 4489 2068 4544 xima
2102 4488 2197 4543 his
2230 4486 2312 4542 ait
2366 4488 2423 4539 et
2478 4483 2667 4537 Lucas
2698 4481 2743 4515 ’⁸⁸
2781 4480 3049 4547 ;Marcus
3099 4480 3301 4532 autem
3349 4474 3494 4530 dixit
3537 4491 3551 4530 :

1903 4578 2192 4634 Mittentes
2208 4578 2418 4631 sortem
2436 4586 2614 4641 super
2640 4570 2751 4626 illa
2770 4567 2898 4640 quis
2924 4565 3065 4638 quid
3088 4566 3317 4620 tolleret
3340 4564 3408 4617 ‘9.
3436 4562 3553 4618 Sed

1904 4667 1962 4723 hi
1996 4666 2242 4738 quidem
2285 4660 2675 4729 Evangelistse
2725 4655 3063 4726 simpliciter
3103 4656 3158 4707 et
3214 4650 3552 4706 indistincte

1905 4756 2283 4829 scripserunt,
2316 4748 2471 4822 quod
2492 4746 2689 4802 divisa
2718 4744 2851 4808 sint,
2883 4741 3167 4814 quodque
3196 4743 3414 4829 sortem
3442 4738 3549 4793 mi-

1904 4824 2082 4902 serint
2098 4863 2113 4915 ;
2145 4844 2549 4897 Joannesvero
2575 4830 2945 4891 manifestius
2974 4830 3048 4885 de
3068 4829 3182 4884 hac
3194 4842 3254 4882 re
3284 4824 3551 4881 scribens

1907 4935 1983 4991 ait
1998 4951 2010 4989 :
2026 4933 2243 4991 Milites
2255 4943 2387 4999 ergo
2400 4941 2532 4983 cum
2546 4921 2974 4992 cruciﬁxissent
2985 4919 3553 4985 Jesum,acceperunt

190 3592 283 3661 μεν
314 3589 426 3659 (29)
480 3594 626 3662 πόμα
656 3587 971 3658 δεδώκασιν,
1007 3594 1297 3656 ἀκολούθως
1337 3592 1396 3648 δὲ
1448 3602 1537 3649 καὶ
1578 3596 1783 3671 βρῶμα.

192 3684 316 3739 Τοῖς
382 3682 482 3752 γὰρ
557 3678 959 3753 λειποθυμοῡσιν
1046 3683 1239 3756 ὀρέγειν
1323 3688 1570 3758 εἰώθαμεν
1633 3684 1787 3751 οἶνον,

195 3769 351 3841 ἄρτον
444 3766 766 3839 ἐμϐαλόντες,
847 3773 947 3836 ἵνα,
1026 3782 1226 3847 πρῶτον
1309 3780 1528 3840 πιόντες,
1616 3779 1791 3828 ἔπειτα

196 3860 287 3907 καὶ
342 3857 567 3927 φάγοιεν.
618 3857 679 3909 Εἰ
733 3861 833 3931 γὰρ
891 3865 962 3932 μή
1012 3862 1146 3913 οὕτω
1192 3869 1475 3936 νοήσωμεν,
1528 3864 1641 3935 (30)
1685 3864 1791 3935 οὐχ

200 3944 482 4016 εὑρήσομεν
557 3948 832 4021 ἱστορικῶς
907 3948 1140 4023 ἀλλαχοῦ
1220 3949 1502 4025 δεδομένην
1585 3954 1655 4014 εἰς
1732 3956 1790 4005 1'6

202 4030 393 4105 βρῶμα
437 4033 595 4087 αὐτοῦ
646 4036 831 4107 χολήν,
892 4039 936 4090 εἰ
992 4045 1063 4112 μή
1117 4060 1193 4102 τις
1243 4042 1407 4112 χολὴν
1461 4042 1793 4115 ἁναγωγικῶς

202 4121 529 4193 ἐρμηνεύσοι,
572 4129 665 4183 τὴν
716 4132 947 4200 πικρίαν,
1002 4129 1061 4187 ἢν
1116 4126 1315 4183 ἔδωκαν
1372 4132 1442 4194 εἰς
1491 4135 1550 4184 1'6
1604 4130 1794 4204 βρῶμα

202 4210 383 4277 αὐτοῦ,
454 4217 739 4281 τουτέστιν,
811 4215 925 4270 ἀντὶ
997 4218 1276 4293 βρώματος
1331 4221 1491 4273 αὐτοῦ
1560 4241 1791 4296 παραπο-

201 4304 486 4374 κραίνοντες
516 4302 669 4354 αὐτὸν
699 4307 1044 4366 καθεκάστην.

274 4395 669 4463 Σταυρώσαντες
752 4391 811 4447 δὲ
882 4425 949 4437 -
1024 4397 1228 4473 κλῆρον.
1297 4404 1373 4453 Τὰ
1450 4401 1797 4474 παραπλήσια

200 4477 335 4548 λέγει
365 4484 453 4531 καὶ
488 4482 513 4531 6
544 4483 659 4550 (31)
706 4489 927 4545 Λουκᾶς·
961 4488 987 4537 6
1019 4484 1077 4539 δὲ
1120 4491 1329 4563 Μάρκος
1363 4489 1496 4542 εἶπεν
1540 4493 1621 4541 ὅτι
1670 4490 1795 4562 βάλ-

199 4566 369 4629 λοντες
412 4568 599 4643 κλῆρον
648 4571 725 4623 ἐπ’
773 4574 925 4639 αὐτὰ,
976 4581 1053 4633 τίς
1094 4582 1147 4629 τί
1198 4579 1322 4649 ἄρῃ.
1360 4578 1493 4631 Ἀλλ’
1524 4579 1667 4630 οὗτοι
1704 4582 1793 4651 μὲν

204 4658 253 4708 οἱ
321 4657 683 4730 εύαγγελισταὶ
758 4662 931 4724 ἁπλῶς
996 4670 1084 4716 καὶ
1165 4664 1485 4728 ἀδιαστόλως
1564 4667 1794 4741 ἔγραψαν

205 4747 282 4797 ὅτι
332 4743 713 4821 διεμερίσαντο,
773 4757 860 4804 καὶ
912 4755 989 4805 ὅτι
1038 4753 1245 4807 ἔϐαλλον
1292 4756 1498 4829 κλῆρον·
1557 4758 1796 4819 Ἰωάννης

207 4832 265 4889 δὲ
320 4842 632 4911 σαφέστερον
680 4846 796 4912 περὶ
846 4850 936 4895 τοῦ
981 4850 1313 4918 προκειμένου
1355 4847 1566 4920 γράψας
1614 4851 1791 4918 φησίν·

207 4928 272 4977 Οἱ
322 4926 409 4977 οὖν
470 4938 810 5002 στρατιῶται,
878 4935 957 4986 ὅτε
1024 4934 1356 5009 ἐσταύρωσαν
1421 4939 1506 4987 τὸν
1567 4938 1791 5000 Ἰησοῦν,

277 5108 318 5141 ⁴⁰
346 5106 524 5161 Marc.
555 5124 656 5172 xv,
685 5109 770 5164 23.
850 5112 893 5147 ⁴¹
907 5112 1106 5169 Matth.
1140 5128 1315 5180 xxvu,
1338 5113 1406 5170 48
1441 5131 1454 5181 ;
1530 5117 1703 5171 Marc.
1726 5130 1825 5181 xv,
1845 5117 1940 5174 36.
2023 5113 2069 5147 "
2091 5110 2231 5174 Luc,
2253 5121 2414 5173 xxm,
2433 5105 2501 5161 36
2526 5120 2541 5171 ;
2570 5102 2743 5159 Joan.
2768 5113 2889 5164 xIx,
2925 5096 3017 5154 20.
3091 5093 3139 5131 ⁴³
3164 5090 3318 5151 Psal.
3356 5103 3558 5163 vani,

206 5200 294 5253 22.
374 5199 421 5233 “
450 5200 623 5256 Joan.
664 5216 761 5267 xv,
803 5202 891 5256 28.
968 5202 1017 5237 ‘5
1056 5202 1191 5269 Luc,
1216 5218 1378 5269 xxm,
1415 5206 1501 5260 34.
1579 5205 1627 5239 ⁴⁶
1667 5207 1838 5261 Marc.
1858 5219 1953 5270 xv,
1987 5203 2076 5256 24.

1418 5381 1643 5453 Variae
1663 5381 1992 5451 lectiones
2032 5385 2098 5445 et
2129 5383 2334 5443 notae.

281 5584 397 5653 (26)
440 5586 561 5648 Καὶ,
602 5581 835 5639 omittit.
865 5585 931 5638 A.

283 5657 403 5712 (27)
440 5655 692 5712 Ἐνέφηνε.
720 5654 787 5708 Α.

2014 5573 2103 5643 29)
2142 5572 2247 5624 M‘sv
2276 5570 2335 5620 1'6
2362 5569 2508 5639 πόμα
2532 5570 2594 5620 Δ.

1989 5574 2105 5712 (30)
2130 5646 2415 5712 Νοήσομεν.
2442 5640 2543 5712 B._

440 5640 692 5727 ’Evs’qmve.
720 5654 787 5708 Α.
1005 5721 1020 5727 _
1048 5722 1106 5727 __r
1180 5723 1187 5727 _
2130 5640 2499 5727 ΙΣοήσρμεν.-Β.

439 5726 527 5789 Εἰς
557 5709 644 5779 τόν
676 5728 917 5799 σταυρόν,
948 5721 1131 5782 addit.
1160 5723 1225 5779 A.
1996 5709 2109 5787 (31)
2138 5717 2237 5770 Καὶ
2261 5709 2484 5772 Λουκᾶς.
2512 5709 2571 5766 Β.
