4170 6334
618 332 749 391 “7%3
1958 324 2311 388 EUTHYMII
2349 321 2656 381 ZIGABEN
2662 324 2682 383 Ι
3926 324 4031 384 79,4

622 461 994 518 uestimenta
1015 459 1151 529 ejus,
1183 464 1239 515 et
1256 459 1530 530 fecerunt
1555 461 1814 530 quatuor
1827 464 2047 528 partes,
2072 456 2292 512 unicui-

2406 450 2586 505 ὒαϐον
2647 455 2715 506 τὰ
2785 457 2969 528 ἱμάτια
3017 455 3194 523 αὐτοῦ,
3280 459 3370 508 καὶ
3446 453 3696 528 ἕμοίησαν
3777 459 4033 528 τέσσαρα

643 566 750 621 que
773 549 958 604 militi
993 553 1239 619 partem,
1269 554 1324 605 et
1351 549 1628 604 tunicam.
1669 548 1818 603 Erat
1853 552 2048 603 autem
2100 545 2292 602 tunica

2403 545 2555 613 μέρη,
2616 543 2818 616 ἑκάστῳ
2895 552 3187 620 στρατιώτῃ
3244 549 3416 618 μέρος,
3484 549 3574 597 καὶ
3627 548 3716 597 τὸν
3783 552 4023 616 χιτῶνα,

643 637 1036 702 inconsutilis,
1060 653 1097 693 a
1116 653 1339 692 summo
1358 653 1463 693 con
1473 643 1637 693 texta
1649 651 1760 704 per
1772 640 1970 692 totum.
1995 636 2292 691 Dixerunt

2402 629 2600 697 ἔλαϐον,
2655 629 2915 692 δηλονότι.
2971 635 3068 687 Ἤν
3118 631 3178 687 δὲ
3233 636 3258 686 ὁ
3301 638 3455 685 χιτὼν
3503 633 3748 708 ᾶρῥαφος,
3817 632 3875 685 ἐκ
3925 642 4026 684 τῶν

645 728 846 798 itaque
870 727 1022 782 inter
1039 741 1159 782 sese
1190 727 1308 781 :Ne
1327 726 1661 781 scindamus
1686 739 1834 789 eam,
1859 725 1954 780 sed
1981 725 2292 779 sortiamur

2402 720 2592 772 ἄνωθεν
2660 723 2876 793 ὑφαντὸς
2955 719 3153 776 διόλου.
3245 721 3401 776 Εἶπον
3475 719 3564 773 οὖν
3640 725 3774 797 πρὸς
3855 719 4026 779 ἀλλή-

644 817 712 872 de
738 817 852 872 itta
863 818 1029 885 cujus
1045 817 1122 870 sit
1146 832 1164 881 ;
1195 821 1256 869 ut
1276 816 1596 883 Scriptura
1607 815 2008 884 compleretur,
2031 829 2153 883 quae
2172 814 2289 872 ait:

2401 807 2542 871 λους.
2614 815 2700 868 Μὴ
2777 816 3049 884 σχίσωμεν
3125 811 3299 877 αὐτὸν,
3375 810 3503 863 ἀλλὰ
3568 810 3819 883 λάχωμεν
3902 816 4022 884 περὶ

644 906 866 963 Partiti
883 912 1014 961 sunt
1035 906 1373 961 vestimenta
1395 919 1525 960 mea
1553 905 1684 972 sibi,
1710 910 1763 960 et
1785 906 1847 960 in
1875 911 2084 960 vestem
2105 919 2292 960 meam

2402 897 2584 961 αὐτοῦ,
2664 904 2798 960 τίνος
2869 902 3040 953 ἔσται·
3121 901 3202 953 ἳνα
3257 903 3287 959 ἠ
3349 904 3524 974 Γραφῆ
3585 900 3699 971 (32)
3748 898 4017 972 πληρωθῇ

645 995 935 1052 miserunt
979 1000 1188 1050 sortem
1236 995 1305 1047 ‘7.
1342 993 1478 1050 Sola
1514 1007 1656 1062 ergo
1707 992 1915 1049 Christi
1947 994 2292 1048 vestimenta

2403 987 2433 1042 ἠ
2492 985 2734 1057 λέγουσαο
2807 993 3168 1061 Διεμερίσαντο
3239 991 3305 1041 τὰ
3383 990 3570 1060 ἱμάτιά
3626 1008 3726 1060 μου
3780 989 4015 1054 ἑαυτοῖς,

645 1082 838 1138 divisa
854 1086 1010 1147 sunt,
1025 1098 1163 1138 cum
1182 1087 1380 1138 tamen
1392 1081 1694 1138 latronum
1710 1082 2076 1138 vestimentis
2102 1085 2292 1137 essent

2404 1078 2492 1124 καὶ
2556 1074 2638 1127 ἐπὶ
2692 1079 2777 1128 τὸν
2837 1078 3118 1149 ἱματισμόν
3183 1097 3282 1150 μου
3355 1076 3533 1130 ἔϐαλον
3592 1076 3802 1150 κλῆρον.
3870 1083 4020 1131 Μόνα

630 1172 876 1237 viliora,
928 1174 993 1227 ut
1050 1171 1334 1227 Davidica
1394 1171 1711 1243 prophetia
1767 1187 1904 1243 quae
1943 1171 2017 1226 de
2055 1171 2145 1226 his
2176 1178 2292 1227 erat

2405 1170 2531 1233 γοῦν
2587 1166 2652 1216 τὰ
2706 1173 2797 1216 τοῦ
2848 1173 3084 1241 Χριστοῦ
3143 1168 3328 1239 ἱμάτια
3389 1163 3771 1242 διεμερίσαντο,
3843 1174 4020 1220 καίτοι

647 1261 1040 1332 compleretur
1057 1277 1071 1326 ;
1093 1259 1388 1331 siquidem
1401 1260 1462 1315 in
1477 1259 1570 1314 his
1581 1275 1824 1332 quoque
1837 1259 2292 1326 subsannantes,

2408 1251 2732 1328 εὐτελέστερα
2786 1263 2886 1306 τῶν
2945 1258 3161 1327 ἱματίων
3217 1264 3316 1308 τῶν
3383 1255 3587 1330 λῃστῶν
3643 1259 3785 1323 ὄντα,
3855 1257 3946 1308 ἱνα
3991 1259 4016 1315 ἑ

645 1349 821 1422 quasi
849 1349 1004 1421 regis
1056 1350 1402 1406 vestimenta
1453 1354 1668 1415 essent,
1725 1365 1796 1405 ea
1838 1349 2212 1405 diviserunt:
2245 1354 2292 1406 el

2407 1345 2525 1414 περὶ
2579 1344 2771 1394 τούτων
2819 1349 3108 1418 προφητεία
3163 1351 3254 1397 τοῦ
3311 1341 3478 1397 Δαυῐδ
3533 1343 3665 1417 λάϐῃ
3714 1345 3887 1406 τέλος.
3957 1349 4018 1399 Οἱ

643 1439 728 1496 ita
767 1438 1106 1494 ordinatum
1137 1445 1228 1494 est
1257 1443 1321 1494 ut
1350 1438 1664 1510 prophetia
1697 1454 1829 1511 qua:
1867 1439 1942 1493 de
1966 1438 2061 1492 his
2095 1438 2292 1505 fuerat,

2408 1431 2498 1501 μὶν
2551 1434 2653 1502 γὰρ
2701 1436 2791 1484 καὶ
2843 1431 2927 1484 ἐπὶ
2979 1436 3180 1494 τούτοις
3221 1432 3583 1504 χλευάζοντες,
3632 1437 3696 1494 ὡς
3745 1433 4018 1506 βασιλέως

644 1531 708 1582 ut
731 1527 956 1584 dictum
982 1530 1088 1593 est,
1119 1526 1532 1598 compleretur.
1577 1531 1645 1583 Et
1678 1527 2033 1583 vestimenta
2059 1527 2292 1598 quidem

2410 1514 2566 1576 δῆθεν
2599 1522 2800 1592 ἱμάτια,
2844 1529 3010 1573 ταῦτα
3060 1518 3433 1597 διεμερίζοντοο
3488 1523 3796 1594 ᾠκονομεῖτο
3856 1520 3922 1576 δὴ
3963 1529 4019 1576 τὸ

632 1615 840 1672 divisa
868 1622 1007 1671 sunt
1038 1631 1051 1671 :
1075 1615 1150 1671 de
1178 1616 1376 1673 tunica
1403 1631 1545 1672 vero
1573 1615 1913 1672 inconsutili
1941 1631 2126 1688 quam
2167 1631 2299 1688 pro-

648 1704 848 1778 phetia
877 1707 1161 1778 ἱματισμὸν
1182 1704 1480 1776 apellavit,
1515 1709 1736 1762 sortem
1768 1705 2072 1762 miserunt.

2407 1607 2548 1669 τέλος
2611 1616 2708 1670 τῆς
2767 1615 2886 1684 περὶ
2949 1613 3159 1679 τούτων,
3227 1613 3299 1672 ὡς
3367 1613 3593 1686 εἴρηται,
3663 1618 4014 1686 προφητείας.

2409 1701 2508 1749 Καὶ
2559 1700 2625 1749 τὰ
2671 1700 2761 1769 μὲν
2807 1700 2991 1770 ἱμάτια
3029 1696 3418 1772 διεμερίσαντο·
3475 1699 3560 1752 ἐπὶ
3591 1697 3650 1753 δε
3685 1703 3771 1753 τὸν
3799 1711 4018 1772 χιτῶνι

2327 1795 2373 1852 Β
2405 1788 2491 1837 τὸν
2543 1785 2771 1860 ἄῤῥαφον
2841 1785 3017 1840 ἔϐαλον
3074 1787 3282 1862 κλῆρον,
3342 1795 3533 1841 Τοῦτον
3585 1791 3688 1862 γὰρ
3740 1789 4015 1864 ὠνόμασεν

716 1971 828 2029 Sed
865 1972 1011 2044 quot
1035 1970 1250 2026 fuerint
1274 1971 1628 2028 vestimenta
1664 1973 1866 2029 nullus
1897 1975 2297 2047 Evangelista—

643 2077 778 2116 rum
801 2059 1184 2129 signiﬁcavit.
1208 2059 1346 2115 Ideo
1359 2059 1605 2130 quidam
1630 2060 1811 2117 fuisse
1823 2063 2100 2120 dixerunt
2124 2066 2296 2136 quin-

631 2145 761 2221 que
794 2163 806 2204 :
863 2151 1124 2220 quatuor
1161 2147 1399 2219 quidem
1438 2152 1695 2219 quatuor
1723 2150 2006 2207 militibus
2054 2153 2290 2220 divisa;

642 2238 920 2310 quintum
942 2251 1084 2293 vero
1105 2237 1368 2292 tunicam
1383 2237 1826 2296 inconsutilem.
1839 2240 2081 2297 Videtur
2093 2247 2292 2299 autem

643 2325 990 2382 incredibile
1037 2325 1284 2391 dictum,
1319 2341 1390 2381 eo
1435 2327 1600 2398 quod
1652 2328 1940 2384 indecens
2004 2331 2294 2388 Salvatori

644 2416 853 2471 fuisset
882 2415 1017 2487 (xx)
1050 2432 1063 2470 :
1106 2430 1286 2470 nemo
1325 2415 1504 2482 enim,
1534 2431 1609 2471 ne
1639 2417 1890 2473 aliorum
1926 2419 2172 2491 quidem
2195 2421 2294 2477 ho-

641 2505 876 2560 minum
931 2507 1014 2559 tot
1051 2503 1313 2559 vestibus
1363 2503 1652 2561 induitur.
1703 2507 2109 2576 Conjectantes
2153 2525 2292 2581 ergo

637 2592 906 2658 dicimus,
937 2608 1047 2648 nec
1067 2592 1272 2664 procul
1290 2592 1541 2650 fortasse
1571 2592 1648 2649 ab
1670 2610 1740 2651 eo
1761 2596 1926 2667 quod
1955 2612 2290 2668 congruum

639 2686 742 2747 est,
774 2681 886 2736 tria
909 2680 1092 2736 fuisse
1120 2681 1396 2738 universa
1428 2699 1442 2738 :
1476 2698 1663 2738 unum
1706 2684 1952 2755 quidem
1993 2686 2168 2742 fuisse
2205 2691 2291 2743 tu-

640 2771 836 2826 nicam
867 2770 1094 2839 corpori
1133 2769 1494 2840 applicatam
1550 2770 1612 2826 in
1665 2773 1916 2828 modum
1957 2775 2283 2847 subuculee,

638 2858 774 2914 dico
800 2871 942 2912 sane
966 2857 1222 2911 tunicam
1247 2857 1403 2913 hanc
1423 2859 1843 2916 inconsutilem
1865 2881 1882 2932 ;
1906 2864 2157 2920 alterum
2183 2881 2288 2922 au-

637 2952 760 3004 tem
789 2961 911 3019 quo
939 2961 1118 3016 super
1140 2946 1407 3017 primum
1431 2947 1808 3018 vestiebatur,
1838 2955 1896 3007 et
1925 2953 2156 3010 tertium
2187 2969 2286 3012 ex-

639 3035 819 3093 terius
849 3034 1292 3092 indumentum.

708 3128 870 3182 Hanc
914 3138 1058 3180 vero
1095 3123 1359 3180 tunicam
1389 3139 1421 3180 e
1448 3124 1765 3184 traditione
1803 3129 2035 3186 Patrum
2063 3133 2288 3204 accepi-
2315 3141 2358 3200 ε

636 3231 772 3272 mus
785 3229 940 3286 opus
969 3213 1150 3269 fuisse
1168 3213 1271 3268 Dei
1299 3214 1491 3270 Matris
1513 3233 1548 3271 a
1577 3218 1988 3288 superioribus
2013 3223 2282 3294 partibus

636 3305 997 3372 contextam,
1018 3301 1199 3358 veluti
1222 3306 1362 3358 sunt
1385 3304 1550 3376 apud
1570 3320 1684 3362 nos
1711 3307 1921 3380 capitis
1938 3313 2038 3366 aut
2063 3310 2288 3382 pedum

635 3391 940 3464 hyemalia
968 3391 1352 3463 operimenta.
1389 3394 1552 3450 Unde
1584 3397 1901 3452 commode
1932 3398 2006 3454 de
2045 3416 2116 3456 ea
2149 3401 2285 3457 alle-

637 3481 834 3554 gorice
862 3479 1208 3552 loquuntur,
1245 3481 1349 3552 qui
1383 3482 1583 3538 dicunt
1615 3484 1811 3540 solum
1842 3485 1901 3541 id
1927 3488 2094 3558 quod
2131 3505 2167 3545 a
2189 3490 2290 3546 Dei

629 3571 822 3626 Matre
878 3576 1178 3640 sumptum
1229 3573 1340 3624 est‘
1369 3585 1601 3642 corpus,
1645 3574 1898 3646 desuper
1946 3575 2123 3632 fuisse
2152 3594 2290 3635 con-

638 3662 866 3714 textum
897 3674 910 3712 :
939 3657 1054 3714 hoc
1084 3661 1194 3722 est,
1225 3673 1261 3713 a
1292 3658 1440 3715 caelo
1479 3665 1814 3734 coaptatam
1845 3664 1956 3720 sibi
2003 3665 2289 3724 habuisse

641 3747 996 3804 divinitatem
1028 3762 1041 3803 :
1074 3746 1165 3803 vel
1193 3762 1229 3804 a
1248 3749 1367 3805 Deo
1393 3749 1575 3807 fuisse
1605 3751 1666 3807 in
1694 3768 1892 3809 rerum
1912 3759 2123 3812 natura
2154 3772 2289 3828 pro-

640 3836 900 3902 ductum,
927 3839 980 3892 et
1004 3852 1122 3894 non
1151 3853 1186 3894 a
1212 3838 1439 3894 semine
1462 3839 1746 3898 humano.
1783 3842 2070 3900 Eduobus
2086 3849 2284 3902 autem

639 3926 882 4000 reliquis
910 3926 1271 3983 vestimentis
1303 3933 1562 3999 quatuor
1585 3935 1786 4002 partes
1814 3931 2081 3990 fecerunt
2109 3934 2288 3992 disse-

641 4021 842 4071 cantes
865 4030 955 4070 ea.
986 4014 1296 4086 Siquidem
1325 4031 1457 4071 cum
1497 4017 1569 4072 de
1614 4017 1954 4075 inconsutili
1984 4021 2182 4078 tunica
2203 4023 2286 4078 di-

638 4104 868 4158 xissent
891 4118 902 4156 :
927 4102 1013 4158 Ne
1042 4102 1381 4157 scindamus
1410 4119 1560 4168 eam,
1587 4105 2090 4174 signiﬁcaverunt,
2121 4110 2286 4179 quod

637 4189 870 4260 reliqua
904 4187 1216 4244 sciderant.
1258 4191 1455 4258 Neque
1495 4190 1656 4246 enim
1697 4199 1984 4264 tanquam
2025 4197 2287 4267 pretiosa

640 4276 969 4330 diviserunt
998 4291 1086 4342 ea,
1116 4280 1180 4331 ut
1208 4293 1243 4332 a
1280 4275 1570 4332 faciendis
1602 4280 1874 4350 partibus
1901 4282 2280 4356 abstinerent,
2337 4272 2349 4322 ί

641 4380 747 4419 seu
790 4363 1121 4431 illudentes,
1153 4368 1218 4422 ut
1271 4364 1620 4438 praedictum
1676 4374 1782 4427 est.
1825 4371 1895 4427 Et
1933 4373 1993 4429 hi
2038 4375 2284 4447 quidem

2407 1877 2690 1947 ἱματισμὸν
2721 1877 2750 1934 ἡ
2781 1880 3091 1951 προφητεία.

2476 1963 2637 2017 Ἀλλὰ
2691 1968 2832 2016 πόσα
2884 1968 2950 2017 τὰ
3011 1967 3196 2037 ἱμάτια
3250 1967 3407 2033 ἦσαν,
3476 1964 3651 2029 οὐδεὶς
3723 1976 3822 2020 τῶν

2404 2052 2782 2123 εὐαγγελιστῶν
2855 2050 3106 2112 ἐδήλωσε,
3159 2059 3246 2108 Διὸ
3299 2075 3428 2117 τινες
3478 2060 3623 2110 πέντε
3683 2061 3853 2110 ταῦτά
3925 2081 4014 2130 φα-

2406 2159 2461 2192 σι
2493 2159 2506 2172 ⁸
2589 2145 2824 2216 τέσσαρα
2907 2147 2997 2214 μὲν
3085 2147 3152 2196 τὰ
3235 2151 3340 2204 τοῖς
3417 2150 3678 2217 τέσσαρσι
3757 2167 4013 2220 στρατιω-

2402 2249 2518 2290 ταις
2579 2226 2998 2304 διαμερισθέντα·
3055 2237 3284 2305 πέμπτον
3364 2230 3423 2286 δὲ
3494 2237 3581 2286 τὸν
3659 2245 3871 2307 χιτῶνα
3929 2243 4009 2290 τόν

2401 2316 2654 2392 ἄρῥαφον.
2691 2326 2838 2371 Δοκεῖ
2868 2316 2927 2371 δὲ
2956 2318 3201 2381 ἀπίθανος
3249 2323 3274 2373 ὀ
3322 2321 3471 2393 λόγος
3526 2319 3622 2377 διὰ
3663 2328 3724 2376 τὸ
3773 2333 3866 2377 τοῦ
3914 2334 4013 2379 Σω-

2399 2414 2558 2479 τῆρος
2611 2406 2878 2481 ἀπέριττον
2926 2425 2938 2438 ⁶
2989 2406 3166 2472 οὐδεὶς
3215 2413 3314 2485 γὰρ
3370 2408 3496 2464 οὐδὲ
3550 2421 3650 2464 τῶν
3698 2413 3863 2466 ἄλλων
3925 2414 4009 2466 ἇν-

2403 2497 2617 2567 θρώπων
2685 2504 2920 2550 τοσαῦτα
2992 2497 3374 2573 περιϐάλλεται.
3453 2502 3840 2574 Στοχαζόμενοι
3925 2501 4009 2556 οὖν

2401 2583 2549 2637 αὐτοὶ
2603 2584 2831 2656 λέγομεν,
2891 2592 2979 2639 καὶ
3030 2590 3160 2648 ἴσως
3231 2588 3290 2640 οὐ
3354 2587 3533 2663 πόῤῥω
3575 2598 3666 2642 τοῦ
3714 2598 4010 2665 προσῆκον-

2398 2693 2502 2738 τος,
2555 2678 2676 2746 τρία
2714 2671 2842 2727 εἶναι
2895 2679 2960 2728 τὰ
3008 2679 3194 2729 πάντα·
3246 2675 3294 2730 ἓν
3347 2680 3437 2749 μὲν
3491 2681 3572 2730 τὸν
3617 2677 3698 2730 ἐπὶ
3748 2689 3842 2732 τοῦ
3893 2688 3997 2734 σώ-

2398 2782 2558 2836 ματος
2595 2772 2818 2834 χιτῶνα,
2872 2763 3003 2836 λέγω
3056 2761 3149 2832 δὴ,
3193 2773 3376 2818 τοῦτον
3425 2769 3506 2819 τόν
3555 2766 3802 2841 οῖρῥαφον·
3866 2766 4002 2822 δεύ-

2397 2871 2540 2924 τερον
2599 2847 2658 2904 δε
2717 2855 2776 2904 τὸ
2825 2851 2908 2906 ἐπὶ
2956 2856 3124 2925 τούτῳ
3169 2853 3514 2928 περιϐόλαιον·
3570 2860 3734 2928 τρίτον
3790 2853 3872 2922 δε,
3935 2861 3998 2911 τό

2399 2939 2634 3003 ἐξωτάτω
2664 2938 2942 3014 ἐπίϐλημα,

2468 3141 2659 3187 Τοῦτον
2712 3131 2771 3188 δὲ
2837 3139 2925 3188 τόν
2984 3146 3188 3209 χιτῶνα
3252 3137 3306 3191 ἐκ
3362 3137 3708 3213 παραδόσεως
3765 3145 3987 3216 Πατέρων

2399 3223 2696 3296 ἠκούσαμεν
2762 3227 2906 3298 ἔργον
2971 3224 3100 3278 εἶναι
3176 3235 3266 3288 τῆς
3353 3234 3704 3304 Θεομῆτορος,
3773 3229 3828 3282 ἐκ
3897 3239 3992 3281 τῶν

2397 3312 2588 3364 ἄνωθεν
2650 3321 2815 3386 μερῶν
2872 3315 3113 3386 ὑφαντὸν,
3178 3320 3356 3386 ῆγουν,
3416 3316 3518 3370 ἀπὸ
3583 3327 3676 3370 τοῦ
3728 3318 3994 3393 τραχήλου

2397 3405 2486 3458 τῆν
2544 3399 2719 3474 ἀρχὴν
2779 3410 2873 3464 τῆς
2931 3404 3064 3475 ὑφῆς
3115 3403 3352 3471 λαϐόντα,
3406 3410 3498 3458 καὶ
3548 3407 3765 3460 πλεκτὸν
3821 3405 3996 3461 διόλου

2397 3491 2754 3561 τυγχάνοντα,
2802 3493 3032 3567 καθάπερ
3081 3495 3146 3544 τὰ
3193 3497 3467 3567 χειμερινὰ
3517 3497 3641 3569 παρ’
3677 3498 3804 3568 ἡμῖν
3847 3516 3997 3570 περι-

2406 3576 2589 3630 ϐόλαια
2648 3587 2747 3631 τῶν
2825 3576 3001 3632 ποδῶν
3061 3585 3149 3633 καὶ
3217 3590 3316 3634 τῶν
3368 3582 3623 3655 κεφαλῶν,
3688 3582 3844 3637 Ὀθεν
3911 3590 3998 3637 καὶ

2397 3676 2677 3740 προσφυῶς
2732 3666 3108 3741 ἀλληγοροῦσιν
3179 3670 3355 3740 αὐτὸν,
3419 3671 3648 3742 λέγοντες
3705 3675 3785 3726 ὅτι
3842 3679 3997 3745 μόνον

2395 3759 2454 3808 τὸ
2493 3755 2550 3807 ἐκ
2588 3765 2684 3818 τῆς
2731 3762 3061 3831 Θεομήτορος
3105 3757 3292 3830 ληφθὲν
3344 3767 3496 3832 σῶμα
3551 3761 3605 3812 ἐκ
3659 3770 3754 3813 τῶν
3803 3764 3998 3815 ἀνωθεν

2397 3842 2459 3904 ἦν
2506 3846 2747 3912 ὑφαντὸν,
2801 3850 3089 3915 τουτέστιν,
3135 3844 3188 3898 ἐκ
3231 3855 3323 3899 τοῦ
3365 3849 3584 3923 οὐρανοῦ
3636 3847 3749 3922 εἶχε
3797 3871 3997 3923 συνυφο

2397 3939 2623 4006 ασμένην
2681 3935 2864 3988 ἑαυτοῦ
2937 3940 3030 3993 τὴν
3106 3937 3344 4004 θεότητα,
3391 3938 3420 3997 ἡ
3477 3937 3532 3990 ἐκ
3597 3947 3686 3990 τοῦ
3756 3945 3888 3993 Θεοῦ
3936 3942 3996 3998 ἦν

2396 4025 2649 4094 ὑφεστὼς,
2682 4027 2771 4075 καὶ
2819 4023 2912 4075 οὐκ
2957 4024 3012 4076 ἐκ
3054 4029 3347 4096 σπέρματος
3387 4024 3726 4099 ἀνθρωπίνου.
3777 4032 3856 4081 Τὰ
3901 4027 3997 4082 δύο

2397 4110 2455 4164 δε
2523 4114 2704 4184 ἱμάτια
2773 4115 3007 4184 τέσσαρα
3082 4117 3211 4185 μέρη
3280 4120 3622 4184 πεποιήκασι,
3708 4123 3998 4188 σχίσαντες

2396 4201 2558 4255 αὐτάς
2599 4205 2696 4253 Καὶ
2733 4203 2833 4274 γὰρ
2880 4201 2994 4271 (34)
3034 4201 3267 4262 εἰπόντες
3322 4208 3440 4274 περὶ
3479 4212 3568 4256 τοῦ
3622 4203 3857 4279 ἆρῥαφον
3904 4227 3997 4278 χι-

2395 4297 2548 4350 τῶνος
2608 4291 2688 4341 ὅτι
2753 4295 2838 4347 Μὴ
2893 4294 3164 4361 σχίσωμεν
3222 4291 3398 4359 αὐτόν,
3452 4289 3738 4358 ἐδήλωσαν,
3793 4297 3876 4347 ὅτι
3932 4299 3996 4347 τὰ

2395 4377 2524 4430 οἴλλα
2569 4381 2812 4449 ἔσχισαν.
2850 4375 2990 4431 Οὐδὲ
3031 4381 3132 4450 γὰρ
3173 4381 3242 4441 ὡς
3273 4380 3523 4440 πολυτελῆ
3555 4390 3722 4434 ταῦτα
3767 4380 3995 4456 διεμερί-

633 4450 1034 4522 ignominiose
1080 4468 1216 4524 quas
1264 4454 1525 4526 pretiosa
1553 4462 1720 4515 erant
1775 4459 2144 4524 diviserunt:
2179 4482 2286 4538 per

2397 4486 2574 4536 σαντο,
2608 4467 2690 4518 ἶνα
2743 4472 2832 4519 καὶ
2870 4463 3150 4539 φείδωνται
3190 4476 3290 4520 τῶν
3341 4466 3588 4543 μερίδων,
3626 4469 3755 4523 ἀλλὰ
3800 4471 3992 4543 χλενοί·

642 4556 779 4615 quce
803 4540 942 4597 talia
970 4540 1128 4599 facta
1156 4547 1292 4601 sunt
1322 4543 1630 4615 miracula,
1663 4548 1770 4606 sed
1798 4554 1932 4608 tunc
1969 4553 2150 4611 virtus
2180 4570 2284 4612 eo-

640 4646 778 4689 rum
806 4629 1195 4689 detinebatur.

714 4846 758 4882 ‘7
799 4847 967 4906 Joan.
999 4863 1122 4914 χιχ,
1151 4845 1244 4917 23,
1284 4851 1372 4918 24.

2396 4557 2582 4622 ζοντες,
2640 4557 2710 4616 ὡς
2767 4559 3093 4628 προείρηται.
3167 4561 3266 4608 Καὶ
3321 4556 3464 4609 οὗτοι
3535 4562 3624 4630 μεν
3678 4558 3874 4632 ἀτίμως
3924 4563 3988 4612 τὰ

2392 4650 2546 4718 τίμια
2597 4641 2971 4719 διεμερίζοντο,
3029 4641 3100 4696 δι’
3153 4645 3220 4695 ὧν
3273 4644 3564 4703 τηλικαῦτα
3616 4649 3861 4721 θαύματα
3911 4668 3984 4720 γε·

2393 4739 2607 4806 γόνασιν
2639 4751 2652 4764 ο
2681 4736 2711 4792 ἡ
2756 4731 2815 4787 δὲ
2841 4736 3032 4786 τούτων
3063 4730 3282 4806 δύναμις
3313 4733 3569 4807 ἐπείχετο.

1864 4977 2085 5047 Variae
2109 4979 2438 5052 lectiones
2480 4990 2547 5051 et
2569 4991 2771 5051 notas.

619 5119 637 5146 ι
711 5115 823 5186 (32)
856 5113 971 5170 Soli
1002 5129 1064 5170 er
1109 5129 1144 5171 o
1197 5115 1413 5172 Joanni
1463 5116 1592 5174 hac
1645 5118 1847 5175 tribuit
1908 5120 2282 5194 Euthymius.

634 5186 810 5240 Recte
857 5199 998 5240 ertzo
1050 5128 1150 5240 iﬁa
1192 5187 1358 5240 apud
1413 5190 1753 5240 Matthmum
1810 5191 2067 5240 delenda
2124 5200 2282 5240 sunt-

634 5186 998 5312 nggesgrgo
1050 5185 1150 5242 illa
1192 5187 1358 5258 apud
1413 5190 1753 5246 Matthmum
1810 5185 2081 5250 delenda'
2124 5200 2283 5260 sunt,

633 5271 789 5312 vers.
820 5271 910 5312 35.

708 5325 823 5398 (33)
850 5325 1066 5393 Ἀλλων,
1097 5326 1282 5385 addit.
1317 5331 1383 5386 Β.
1436 5329 1598 5387 Male.
1632 5331 1748 5388 Nec
1783 5335 1944 5390 enim
1971 5336 2281 5394 Matthaeus
2344 5397 2351 5410 ,

703 5536 833 5616 (xz)
861 5538 948 5594 Eo
977 5539 1136 5616 quod
1173 5540 1446 5597 indecens
1498 5543 1797 5616 Saluatori
1845 5547 2074 5616 fuisset.
2108 5549 2272 5614 Quod

631 5608 906 5693 $_ervator
934 5608 1142 5693 paucis
1167 5617 1477 5693 contentus
1506 5613 1641 5693 Afuit.
1652 5621 1778 5693 aut
1799 5608 2045 5693 promer
2068 5608 2276 5693 fruga-

632 5681 880 5751 titatem,
907 5681 1158 5755 propter
1174 5682 1606 5755 simplicitatem
1634 5681 1982 5750 Salvator-is.
2011 5681 2271 5750 Fortevin

2359 5143 2365 5148 ‘
2396 5126 2510 5183 hac
2539 5126 2613 5183 de
2637 5143 2719 5193 re,
2759 5129 2862 5183 aut
2897 5125 3054 5182 ullus
3085 5125 3236 5183 alius
3268 5125 3659 5198 evangelista,
3692 5130 3992 5187 memoriae

2394 5198 2676 5270 prodidit.

2487 5269 2577 5340 34)
2608 5269 2786 5324 Εἶπον.
2816 5269 2883 5323 Α.

2487 5270 2577 5340 34)
2608 5270 2786 5324 Εἶπον.
2816 5270 2883 5323 Α.

2463 5270 2578 5412 E35)
2621 5343 2957 5415 Ἀποροῦσιν.
2999 5340 3062 5394 Α.

2383 5549 2825 5636 siglam‘incidit
2847 5550 3168 5636 Hentenius
3185 5565 3258 5633 ac
3281 5550 3533 5623 conjecit
3551 5549 3796 5636 ἀπρεπὲς,
3824 5557 3987 5630 quod

2381 5627 2578 5680 tamen
2606 5622 2755 5680 huic
2774 5622 3200 5681 constructioni
3235 5637 3358 5680 non
3387 5622 3682 5692 convenit.
