4170 6334
300 261 418 317 725

1217 258 1589 318 COMMENT.
1636 258 1707 314 IN
1745 254 2192 314 MATTHIEUM.
2234 283 2303 297 —
2342 253 2500 311 CAP.
2541 254 2766 310 XXVII.

3570 253 3678 311 726

381 388 529 448 Τινὲς
555 381 614 439 δὲ
644 384 757 457 (35)
790 381 1155 458 διαποροῦσιν,
1198 385 1265 445 ὡς
1310 385 1417 437 ἐπεὶ
1454 391 1565 447 τοῖς
1604 383 1883 437 ἆποστόλοι

2099 380 2355 449 Quidam
2407 395 2544 436 vero
2592 378 2893 448 dubitant,
2924 376 3237 451 quomodo
3270 376 3529 435 Christus
3570 378 3678 450 qui

301 474 680 548 ἐνομοθέτησεν
730 476 755 525 6
808 478 1039 548 X9:016;
1090 479 1161 546 μὴ
1217 476 1444 525 κτᾶσθαι
1503 471 1598 525 δύο
1654 483 1907 545 χιτῶνας,

301 573 419 627 πῶς
484 564 640 625 αὐτὸς
688 563 901 636 εὕρηται
957 562 1165 615 πλείονα
1230 567 1572 635 κεκτημένος;
1620 566 1757 635 Πρὸς
1821 562 1909 625 οὓς

302 651 675 723 ἀπολογητέον,
713 654 792 705 ὅτι
823 657 911 705 καὶ
942 652 1092 713 αὐτὸς
1139 652 1223 705 ἕνα
1273 660 1478 724 χιτῶνα
1516 647 1646 724 εἶχε,
1698 654 1784 702 τὸν
1824 650 1906 703 ἐπὶ

300 750 403 794 τοῦ
468 747 706 813 σώματος
738 758 750 770 ·
802 741 962 794 τᾶλλα
1021 744 1121 815 γὰρ
1168 741 1261 792 ούκ
1309 738 1441 799 ἦσαν
1498 750 1739 813 χιτῶνες,
1795 739 1905 791 ἀλλ’

302 832 512 903 ἱμάτια.
566 835 736 885 Χιτὼν
791 833 892 906 γὰρ
947 835 1135 906 κυρίως
1189 833 1247 883 τὸ
1301 827 1578 883 ἐνδοτάτω.
1633 835 1732 883 Καὶ
1784 834 1902 905 περὶ

295 924 396 994 μὲν
433 922 625 974 τούτων
656 920 834 982 οὕτως.

373 1117 511 1191 Ὀρα
566 1114 623 1170 δε
673 1122 769 1170 πᾶν
807 1119 866 1168 τὸ
927 1122 1080 1188 σῶμα
1119 1121 1210 1168 τοῦ
1268 1122 1504 1189 Σωτῆρος
1540 1115 1892 1190 ὑϐριζόμενον.

292 1211 398 1265 τὴν
454 1206 672 1278 κεφαλὴν
718 1208 808 1279 μεν
859 1202 952 1257 διὰ
1016 1212 1105 1256 τοῦ
1168 1207 1440 1257 ακανθίνου
1500 1206 1749 1277 στεφάνου
1807 1209 1895 1256 καὶ

290 1304 394 1347 τοῦ
430 1298 709 1348 τύπτεσθαι
748 1303 818 1365 τῷ
858 1294 1092 1367 καλάμῳ,
1134 1297 1192 1347 16
1243 1300 1519 1368 πρόσωπον
1557 1291 1615 1346 δὲ
1660 1291 1753 1345 διὰ
1793 1302 1893 1345 τῶν

290 1383 702 1458 ἐμπτυσμάτων,
766 1387 858 1445 τὰς
917 1388 1163 1454 σιαγόνας
1223 1380 1281 1435 δὲ
1342 1379 1435 1434 διὰ
1481 1391 1578 1434 τῶν
1624 1384 1893 1457 ῥαπισμάσ

286 1483 415 1539 τῶν,
446 1476 503 1524 τὸ
540 1478 710 1545 στόμα
749 1469 807 1525 δὲ
845 1470 937 1525 διὰ
972 1482 1061 1533 τῆς
1112 1472 1273 1543 χολῆς
1306 1477 1394 1524 καὶ
1446 1480 1536 1524 τοῦ
1587 1473 1765 1535 ὄξους·
1800 1476 1890 1534 τὰς

290 1552 541 1622 ἀκοὰςδε
573 1559 667 1614 διὰ
713 1570 811 1614 τῶν
843 1561 1211 1634 βλασφημιῶν,
1256 1566 1342 1614 τὸν
1383 1562 1646 1633 τράχηλον
1688 1559 1745 1613 δὲ
1800 1559 1893 1614 διὰ

287 1658 395 1701 τῶν
450 1650 873 1722 κολαφισμάτῶν,
935 1654 999 1703 τὰ
1049 1660 1183 1703 νῶτα
1232 1648 1290 1703 δε
1333 1656 1421 1703 καὶ
1472 1654 1536 1702 τὰ
1576 1654 1763 1723 στέρνα
1799 1646 1891 1701 διὰ

285 1747 392 1790 τῶν
444 1739 878 1813 φραγελωμάτων,
932 1743 1043 1797 ἤτοι
1092 1744 1385 1811 μαστίγων,
1440 1741 1533 1800 τὰς
1584 1746 1772 1811 χεῖρας
1831 1735 1889 1790 δὲ

285 1832 383 1879 καὶ
432 1832 553 1890 τοὺς
588 1825 773 1899 πόδας,
819 1825 913 1881 διὰ
958 1836 1056 1879 τῶν
1096 1828 1251 1895 ἡλων,
1300 1834 1387 1886 τὴν
1436 1829 1656 1902 πλευρὰν
1698 1824 1755 1880 δὲ
1795 1823 1890 1879 διὰ

282 1924 386 1979 τῆς
455 1916 680 1989 λόγχης,
757 1919 822 1978 ὡς
902 1919 927 1969 ὁ
987 1918 1099 1988 (36)
1178 1919 1418 1979 Ἰωάννης
1498 1920 1724 1991 ἱστορεΡ
1798 1921 1887 1968 καὶ

2018 470 2212 541 legem
2231 468 2707 540 deditapostolis,
2734 484 2807 523 ne
2828 468 2982 524 duas
3009 466 3387 539 possiderent
3413 466 3668 535 tunicas,

2019 561 2149 633 ipse
2180 559 2381 631 plures
2412 558 2683 613 inventus
2735 562 2821 612 est
2873 556 3179 629 possidere
3208 556 3236 610 ?
3270 555 3497 621 Quibus
3551 572 3676 613 res-

2017 648 2407 721 pondendum
2438 651 2547 715 est,
2588 646 2756 719 quod
2786 645 2914 716 ipse
2945 662 3188 719 quoque
3220 645 3463 702 unicam
3487 644 3672 703 habe-

2013 739 2119 794 bat
2162 739 2446 802 tunicam,
2498 752 2633 809 quae
2691 736 2928 808 corpori
2985 735 3334 792 adhaerebat
3381 750 3397 791 :
3453 739 3668 795 caetera

2012 828 2170 882 enirn
2211 826 2429 882 tunicae
2469 841 2589 881 non
2631 828 2818 895 erant,
2851 824 2957 880 sed
2986 824 3185 895 pallia,
3222 823 3465 896 Proprie
3500 825 3663 881 enim

2010 920 2176 987 χιτὼν
2205 914 2392 986 (quod
2431 929 2541 968 nos
2582 916 2842 968 tunicam
2885 910 3195 979 vertimus)
3252 911 3471 969 dicitur
3520 928 3659 986 quae

2008 1004 2221 1065 intima
2252 1007 2339 1059 est
2367 1002 2567 1059 vestis.
2614 1004 2681 1057 Et
2704 1001 2779 1057 de
2809 1000 2899 1056 his
2926 999 3171 1073 quidem
3198 1000 3299 1056 ita.

2077 1109 2405 1166 Considera
2434 1124 2574 1165 vero
2601 1111 2790 1165 totum
2826 1106 3147 1165 Salvatoris
3185 1120 3402 1179 corpus
3428 1105 3659 1179 injuriis

2006 1199 2309 1257 allectum.
2340 1199 2528 1271 Caput
2556 1197 2794 1270 quidem
2825 1212 2932 1269 per
2962 1196 3231 1268 spineam
3262 1211 3553 1251 coronam
3578 1200 3655 1263 et,

2004 1289 2311 1347 arundinis
2338 1286 2809 1360 percussionem,
2827 1285 3038 1341 faciem
3057 1300 3163 1357 per
3176 1288 3372 1357 sputa,
3391 1283 3659 1342 maxillas

2004 1383 2204 1436 autem
2234 1393 2335 1449 per
2363 1377 2589 1449 alapas,
2625 1392 2692 1431 os
2722 1391 2862 1431 vero
2892 1391 2998 1447 per
3023 1374 3098 1430 fel
3123 1378 3179 1430 et
3196 1378 3453 1444 acetum,
3480 1390 3658 1431 aures

2002 1485 2107 1542 per
2129 1466 2554 1539 blasphemiae,
2598 1465 2817 1521 collum
2845 1480 2945 1534 per
2984 1464 3294 1536 colaphos,
3326 1463 3576 1520 dorsum
3602 1468 3659 1521 et

2003 1561 2210 1629 pectus
2236 1554 2486 1625 ﬂagellis
2508 1559 2564 1610 et
2593 1553 2961 1621 verberibus,
3000 1567 3218 1608 manus
3249 1555 3447 1609 autem
3480 1556 3536 1608 et
3556 1568 3658 1625 pe—

2000 1647 2106 1702 des
2134 1644 2340 1709 clavis,
2375 1643 2547 1708 latus,
2581 1658 2717 1698 vero
2747 1641 2979 1706 lancea,
3017 1641 3202 1696 veluti
3234 1640 3438 1696 scribit
3481 1642 3656 1698 Joan-

1998 1751 2104 1791 nes
2120 1734 2188 1801 ‘3,
2205 1738 2445 1789 caeteras
2474 1746 2706 1803 quoque
2736 1735 2932 1802 partes
2954 1729 3276 1802 chlamyde
3297 1744 3368 1786 ac
3382 1728 3651 1786 nuditate

1997 1828 2071 1889 et,
2105 1828 2170 1878 ut
2199 1822 2380 1878 semel
2411 1821 2631 1889 dicam,
2676 1825 2864 1875 totum
2896 1834 3138 1892 corpus,
3170 1818 3343 1892 qnod
3386 1818 3449 1874 in
3478 1834 3649 1875 cruce

1995 1911 2335 1984 spectaculo
2373 1913 2462 1965 est
2498 1908 2859 1980 expositum.

282 2009 354 2059 τὰ
383 2006 541 2058 λοιπὰ
562 2010 691 2080 μέρη
726 2003 820 2059 διὰ
849 2015 943 2069 τῆς
982 2003 1260 2079 χλαμύδος
1306 2011 1397 2059 καὶ
1444 2014 1541 2068 τῆς
1598 2022 1933 2079 γυμνωσεως·
1986 2006 2075 2055 καὶ
2131 2000 2297 2059 ἁπλῶς
2349 2002 2407 2050 16
2462 1997 2573 2050 ὅλον
2624 2004 2777 2069 σῶμα
2830 1993 2923 2048 διὰ
2975 2003 3071 2058 τῆς
3122 1995 3207 2048 ἐπὶ
3262 2001 3354 2047 τοῦ
3413 2003 3644 2072 σταυροῦ

283 2094 693 2170 θριαμϐεύσεως.

356 2182 517 2236 Ὀταν
604 2180 692 2236 οὖν
757 2185 787 2243 ἡ
873 2183 1354 2257 βλασφημηθῶμεν,
1423 2186 1450 2244 ἡ
1538 2185 1877 2258 αἰκισθῶμεν,

281 2274 313 2332 ἡ
373 2271 811 2346 θριαμϐευθῶμεν,
875 2275 1021 2326 ταῦτ’
1064 2274 1338 2335 ἐννοοῦντες
1415 2280 1588 2327 πᾶσαν
1655 2274 1882 2326 ἐκϐάλω-

280 2382 376 2435 μεν
425 2361 525 2414 ὰπὸ
576 2370 667 2422 τῆς
713 2361 895 2434 ψυχῆς
938 2362 1237 2435 φλεγμονὴν,
1292 2363 1614 2435 λογιζόμενοι
1665 2369 1754 2415 καὶ
1802 2364 1882 2415 ὅτι

282 2453 309 2503 ὀ
342 2454 434 2523 μὲν
476 2454 600 2511 Θεὸς
638 2448 722 2519 ἦν,
762 2453 911 2523 ἡμεῖς
951 2449 1008 2504 δὲ
1047 2453 1308 2526 ἄνθρωποι
1333 2470 1344 2481 ⁸
1375 2457 1464 2505 καὶ
1494 2454 1519 2504 6
1563 2456 1651 2524 μὲν
1692 2457 1883 2505 Δεσπό·

284 2560 404 2605 της,
474 2541 621 2612 ἡμεῖς
691 2537 749 2593 δὲ
806 2537 1029 2592 δοῦλοι·
1097 2543 1261 2592 καὶὸ
1337 2544 1425 2613 μὲν
1500 2540 1879 2614 ἀναμάρτητος,

284 2631 441 2701 ἡμεῖς
472 2625 530 2681 δὲ
568 2628 862 2701 ἁμαρτωλοὶ
891 2648 901 2661 ·
937 2633 1026 2681 καὶ
1055 2631 1080 2682 6
1109 2632 1199 2702 μὲν
1229 2632 1372 2703 παρά
1404 2626 1600 2682 δούλων
1630 2633 1879 2702 ἔπασχεν,

282 2720 440 2790 ἡμεις
474 2714 532 2771 δὲ
559 2720 703 2791 παρά
744 2714 1038 2770 συνδούλων
1070 2737 1082 2750 '
1116 2722 1201 2770 καὶ
1227 2720 1251 2769 6
1296 2721 1384 2791 μὲν
1427 2716 1499 2771 δι’
1529 2721 1683 2791 ἡμᾶς,
1733 2722 1883 2791 ἡμεῖς

284 2803 349 2858 δὲ
383 2803 456 2858 δι’
510 2805 755 2868 ἑαυτοὺς·
799 2811 887 2859 καὶ
916 2808 941 2859 6
970 2809 1059 2880 μὲν
1109 2809 1429 2880 θεωρούντων
1476 2804 1748 2861 Ἰουδαίων
1792 2814 1881 2862 καὶ

281 2892 554 2965 Ῥωμαίων
605 2899 693 2946 καὶ
748 2895 1012 2963 Ἐλλήνων,
1067 2900 1215 2968 ἡμεῖς
1289 2893 1347 2949 δὲ
1404 2895 1613 2950 ἐνώπιον
1670 2896 1876 2969 ὀλίγων,

287 2986 332 3035 εἰ
370 2980 430 3034 δὲ
460 2987 548 3035 καὶ
575 2981 833 3048 πλειόνων,
866 2982 971 3036 ἀλλ’
1004 2985 1062 3038 ού
1092 2988 1372 3038 τοσούτων.

356 3176 484 3251 [Τοῦ
536 3177 686 3250 ἁγίου
736 3179 979 3249 Μαξίμου
1019 3182 1044 3233 ὁ
1092 3180 1205 3252 (37)
1259 3184 1348 3254 μὲν
1402 3183 1593 3235 ἄνωθεν
1658 3187 1880 3256 υφαντὸς

278 3271 451 3338 χιτὼν
504 3268 533 3326 ἡ
600 3265 634 3319 δ
641 3267 876 3331 ιάλληλος
928 3268 1040 3322 ἔστι
1079 3278 1176 3321 τῶν
1234 3268 1425 3344 ἀρετῶν
1467 3271 1629 3330 πλοκὴ
1689 3292 1743 3325 τε
1789 3278 1878 3325 καὶ

282 3360 516 3427 συνοχὴ,
576 3353 671 3409 διὰ
724 3366 820 3419 τῆς
898 3360 1087 3411 ἄνωθεν
1138 3361 1361 3433 χάριτος
1440 3361 1705 3432 ὑφασμένη
1787 3367 1876 3414 καὶ

277 3441 432 3495 ἔνδον
517 3450 786 3497 σκέπουσα
849 3450 935 3499 τὸν
993 3445 1041 3498 ἐν
1102 3449 1224 3519 ἡμῖν
1291 3448 1461 3520 λόγον,
1515 3449 1575 3501 οὗ
1638 3450 1879 3513 πολλάκις

276 3540 593 3603 γυμνοῦντες
675 3535 809 3606 ἡμᾶς
872 3539 985 3604 (38)
1051 3539 1099 3588 οἱ
1174 3542 1411 3608 φονευταὶ
1490 3535 1730 3610 δαίμονες
1805 3536 1876 3591 δι’

281 3617 524 3692 ἀμελείας
561 3626 649 3675 καὶ
694 3625 958 3697 ῥᾳθυμίας
1003 3626 1136 3696 ὅμως
1183 3625 1241 3677 ού
1293 3634 1694 3699 συγχωροῦνται
1750 3632 1880 3700 σχί-

281 3728 380 3761 σαι
434 3710 611 3778 αὐτὸν,
658 3714 790 3765 ὥστε
836 3717 906 3784 μὴ
961 3715 1227 3789 γνωρίζειν
1277 3716 1415 3787 ἡμᾶς
1481 3716 1596 3788 (39)
1654 3719 1729 3768 ἔτι
1784 3722 1878 3776 τὴν

278 3796 511 3872 ἀρετήν·
574 3804 663 3852 καὶ
740 3801 874 3854 οὕτω
949 3806 1046 3876 γὰρ
1128 3801 1207 3855 ἀεὶ
1291 3804 1608 3877 γνωρίζομεν
1692 3805 1873 3873 αύτὴν,

280 3886 329 3938 εἰ
381 3892 470 3939 καὶ
529 3893 600 3960 μὴ
654 3888 1063 3963 περιϐαλλόμεθα
1115 3896 1208 3950 τὴν
1273 3891 1329 3944 ἐκ
1384 3895 1581 3954 ταύτης
1640 3898 1872 3952 σκέπηνο

277 3978 349 4027 τὰ
404 3972 463 4028 δὲ
557 3980 845 4049 σχισθέντα
922 3981 952 4037 ἡ
1016 3979 1197 4042 ἔξωθέν
1277 3980 1386 4033 ἐστι
1452 3981 1692 4054 περιϐολὴ
1786 3991 1877 4036 τοῦ

278 4065 541 4123 αἰσθητοῦ
575 4067 819 4134 πλούτου,
878 4064 1215 4143 διαιρουμένη
1259 4070 1325 4130 εἰς
1375 4074 1610 4144 τέσσαρα
1645 4075 1877 4145 κοσμικά

2018 2249 2025 2259 ρ
2059 2212 2314 2282 Quando
2357 2226 2501 2282 ergo
2528 2209 2894 2283 blasplemiaa
2930 2208 3108 2267 nobis
3136 2208 3507 2282 ingeruntur,
3539 2216 3645 2270 aut

1989 2301 2355 2361 contumelia
2384 2300 2702 2369 efﬁcimur,
2743 2298 2867 2356 sive
2892 2298 3236 2372 spectaculo
3259 2300 3638 2371 exponimur,

1988 2395 2117 2451 haec
2147 2391 2611 2455 considerantes,
2654 2403 2897 2445 omnem
2935 2388 3291 2458 abjiciamus
3331 2388 3408 2445 ab
3439 2390 3645 2448 anima

1992 2481 2238 2539 tumoris
2280 2480 2596 2535 ﬂammam
2639 2477 3009 2547 :cogitantes
3062 2477 3258 2542 simul,
3319 2478 3486 2550 quod
3513 2478 3645 2551 ipse

1989 2571 2234 2643 quidem
2261 2570 2414 2623 Deus
2427 2572 2567 2633 erat,
2591 2582 2702 2623 nos
2732 2570 2936 2622 autem
2951 2565 3227 2622 homines
3257 2566 3425 2637 ;ipse
3443 2568 3645 2624 Domi-

1920 2695 1962 2753 C
1989 2675 2123 2725 nus,
2152 2674 2265 2713 nos
2284 2662 2482 2713 autem
2506 2656 2689 2727 servi;
2721 2655 2845 2726 ipse
2869 2654 2994 2711 sine
3019 2659 3286 2726 peccato,
3308 2671 3420 2712 nos
3441 2660 3645 2713 autem

1989 2751 2331 2821 peccatores
2372 2762 2386 2812 ;
2419 2746 2549 2817 ipse
2597 2760 2633 2801 a
2672 2744 2861 2800 servis
2891 2743 3249 2815 patiebatur,
3282 2759 3395 2800 nos
3441 2748 3643 2801 autem

1990 2851 2026 2893 a
2053 2835 2359 2892 conservie
2392 2852 2404 2903 ;
2433 2834 2562 2906 ipse
2591 2836 2832 2905 prapter
2854 2847 2989 2897 nos,
3017 2846 3128 2888 nos
3162 2834 3365 2889 autem
3399 2837 3646 2904 propter

1985 2924 2279 2995 nosipsos
2313 2938 2327 2989 ;
2356 2924 2479 2993 ipse
2500 2920 2748 2993 quidem
2764 2919 3415 2993 spectantibusJudaeis,
3434 2923 3644 2979 Roma-

1985 3012 2079 3068 nis
2108 3017 2165 3069 et
2194 3010 2421 3081 Graecis,
2451 3025 2565 3066 nos
2600 3025 2744 3066 vero
2774 3025 2979 3066 coram
3009 3009 3237 3082 paucis,
3281 3013 3339 3067 et
3369 3009 3417 3066 si
3439 3025 3641 3069 coram

1987 3101 2278 3173 pluribus,
2312 3104 2368 3156 at
2396 3115 2520 3156 non
2546 3102 2668 3155 tam
2697 3098 2924 3155 multis.

2055 3192 2097 3261 ιι-
2127 3191 2169 3261 -ι-
2211 3190 2412 3246 Sancti
2466 3188 2729 3245 Maximi.
2788 3187 3019 3243 Tunica
3082 3184 3328 3259 quidem
3380 3186 3640 3261 desupre

1985 3285 2287 3342 contexta,
2328 3286 2419 3334 est
2447 3279 2730 3334 virtutum
2764 3277 2918 3332 inter
2963 3292 3026 3332 se
3056 3277 3343 3333 connexio
3374 3279 3431 3332 et
3474 3293 3639 3334 com-

1984 3368 2202 3440 plexio,
2230 3367 2433 3423 divina
2453 3366 2643 3435 gratia
2673 3370 2967 3427 contexta,
3000 3365 3159 3420 intus
3185 3369 3390 3434 tegens
3413 3365 3642 3422 intelle-

1985 3461 2147 3513 ctum
2175 3461 2463 3519 nostrum,
2494 3470 2619 3527 qua
2664 3453 2874 3510 crebro
2904 3468 3015 3509 nos
3070 3452 3296 3509 caedem
3327 3454 3640 3511 molientes

1985 3545 2295 3601 deamones
2324 3544 2553 3600 nudant
2584 3558 2690 3615 per
2747 3540 3197 3613 incogitantiam
3248 3548 3306 3598 et
3338 3542 3640 3614 negligen-

1984 3634 2152 3697 tiam,
2204 3648 2315 3688 nec
2361 3636 2565 3688 tamen
2609 3632 2692 3687 eis
2739 3630 2907 3687 illam
2951 3629 3220 3686 scindere
3257 3631 3634 3703 permittitur,

1984 3725 2051 3778 ut
2100 3736 2175 3776 ne
2224 3734 2554 3776 noscamus
2615 3718 2875 3791 amplius
2944 3718 3244 3775 virtutem.
3310 3723 3500 3792 Atque
3553 3721 3639 3780 ita

1986 3809 2233 3881 quidem
2324 3823 2560 3880 semper
2637 3822 2768 3864 eam
2865 3806 3191 3873 noscimus,
3267 3808 3508 3864 tametsi
3566 3824 3638 3866 ea

1985 3913 2109 3954 non
2198 3898 2386 3953 simus
2466 3896 2623 3954 tecti.
2703 3896 2901 3952 Scissa
2984 3898 3187 3952 autem
3258 3900 3483 3953 notant
3536 3912 3636 3955 ex-

1986 3987 2163 4042 terius
2218 3985 2592 4042 sensibilium
2660 3984 3002 4041 divitiarum
3065 3983 3504 4052 indumentum,
3570 3987 3631 4042 in

1984 4079 2245 4146 quatuor
2261 4074 2473 4130 mundi
2520 4074 2814 4130 elementa
2828 4072 3114 4141 divisum,
3146 4072 3365 4145 quibus
3405 4078 3468 4129 ut
3494 4089 3634 4132 cum

279 4163 549 4225 στοιχεῖα,
598 4152 674 4216 οἷς
708 4155 947 4229 ἐμπαθῶς
984 4161 1283 4230 κεχρῆσθαι
1334 4162 1602 4214 πείθουσιν
1637 4165 1777 4235 ἡμᾶς
1826 4166 1876 4216 οἱ

1997 4163 2201 4221 affectu
2233 4169 2475 4220 utamur
2502 4162 2678 4219 nobis
2708 4161 2963 4217 suadent
2991 4160 3307 4218 illudentes
3333 4162 3468 4219 vitae
3494 4163 3634 4219 insi-

275 4240 615 4314 ἐμπαίζοντες
670 4250 951 4316 μιαιφόνοι.
1012 4245 1110 4306 Εἷη
1171 4245 1220 4299 δ’
1284 4247 1343 4299 ἂν
1390 4254 1479 4301 καὶ
1533 4251 1650 4303 καθ’
1708 4253 1874 4325 ἓτερον

274 4330 432 4401 λόγον
478 4338 643 4403 χιτὼν
694 4337 783 4405 μὲν
836 4335 1025 4387 ἄνωθεν
1074 4336 1294 4407 ὑφαντὸς
1346 4339 1374 4395 ἡ
1428 4338 1649 4391 ἑκάστου
1697 4339 1870 4412 ψυχὴ,

276 4420 473 4471 ἄνωθεν
540 4419 955 4492 ἐμπνευσθεῖσα·
1015 4427 1104 4475 καὶ
1156 4423 1384 4498 ἄῤῥαφος
1444 4429 1533 4497 μὲν
1602 4430 1666 4486 ὡς
1737 4427 1870 4487 ἁπλῆ

274 4513 372 4560 καὶ
420 4507 712 4573 ἀσύνθετος,
774 4512 1038 4582 οῖσχιστος
1092 4509 1150 4564 δὲ
1188 4515 1250 4573 ὡς
1300 4513 1583 4574 ἀθάνατος·
1642 4511 1876 4589 διαιρού-

272 4616 409 4669 μενα
470 4594 528 4650 δὲ
595 4600 778 4670 ἱμάτια
840 4604 896 4651 τὸ
956 4609 1126 4672 σῶμα,
1193 4604 1259 4663 ὡς
1316 4601 1369 4652 ἐκ
1438 4604 1627 4675 φθορᾶς
1681 4604 1747 4663 εἰς
1812 4607 1876 4656 τὰ

274 4690 519 4758 τέσσαρα
546 4694 788 4759 στοιχεῖα
818 4683 851 4739 δ
858 4687 1202 4760 ιαλυόμενον.]

355 4778 553 4827 Καὶ-
603 4778 723 4829 ἐκεῖ.
768 4777 1076 4849 Ἐφύλαττον
1122 4778 1298 4849 αύτὸν,
1332 4778 1413 4831 ἵνα
1462 4783 1533 4852 μὴ
1586 4783 1870 4857 κατενεχθῇ

273 4864 425 4938 παρά
450 4881 607 4925 τινος.

353 5041 401 5079 ⁴⁸
438 5040 601 5100 Joan.
624 5055 744 5110 xxx,
768 5040 856 5098 34.

1962 4806 1965 4807 ν
2053 4786 2218 4840 Vers.
2262 4784 2351 4840 26.
2410 4785 2487 4840 Et
2538 4814 2604 4824 —
2647 4784 2748 4839 ibi.

1984 4254 2260 4310 diatores.
2301 4252 2430 4309 Alia
2458 4256 2659 4309 autem
2682 4250 2932 4318 ratione,
2951 4250 3151 4308 tunica
3179 4250 3428 4323 quidem
3466 4251 3634 4309 desu-

1984 4356 2085 4413 per
2130 4346 2289 4398 texta
2324 4340 2511 4413 possit
2564 4356 2693 4396 esse
2725 4340 3017 4411 cujusque
3055 4339 3318 4405 animus,
3372 4341 3633 4412 desuper

1982 4429 2330 4501 inspiratus,
2379 4435 2434 4485 et
2463 4428 2837 4485 inconsutilis
2889 4427 3154 4501 quidem,
3197 4432 3261 4484 ut
3289 4428 3543 4502 simplex
3575 4435 3635 4488 et

1984 4533 2101 4572 non
2130 4518 2495 4589 compositus
2523 4536 2536 4587 ;
2571 4534 2695 4574 non
2725 4518 2947 4572 scissus
2977 4520 3197 4584 autem,
3238 4520 3304 4573 ut
3332 4518 3630 4576 immorta~

1982 4606 2052 4662 lis
2080 4626 2093 4675 ;
2137 4607 2329 4664 divisa
2358 4612 2558 4663 autem
2591 4607 2959 4676 vestimenta,
2991 4621 3228 4676 corpus,
3247 4607 3414 4678 quod
3434 4623 3629 4665 corru-

1980 4695 2183 4767 ptione
2214 4697 2274 4751 in
2303 4701 2563 4768 quatuor
2595 4694 2937 4751 dissolvitur
2973 4694 3285 4752 elementa.

2815 4781 3238 4841 Custodiebant
3282 4797 3419 4842 eum
3472 4799 3549 4842 ne
3591 4802 3629 4845 a

1982 4888 2294 4947 quoquam
2319 4871 2743 4947 deponeretur.

1395 5221 1622 5292 Variae
1648 5222 1978 5295 lectiones
2009 5232 2075 5294 et
2100 5232 2302 5294 notae.

356 5418 473 5489 (36)
513 5419 663 5488 Ergo
692 5416 789 5489 hic
814 5416 1001 5489 solus.
1049 5416 1169 5489 Non
1202 5418 1523 5486 Matthaaus,
1564 5426 1630 5477 ut
1656 5420 1883 5479 habent

276 5488 527 5566 codices
550 5488 913 5566 recensionis
933 5488 1208 5566 _'I_‘a_tianaa
1238 5494 1295 5545 et
1340 5492 1881 5566 Constantinopoli-

277 5568 440 5620 tanta
472 5559 899 5632 Chrysostomi,
931 5559 1154 5632 Matth.
1181 5577 1352 5630 xxvu,
1393 5567 1480 5621 49.
1517 5564 1633 5623 Sed
1671 5559 1881 5624 contra

280 5631 597 5706 ejusmodi
614 5645 809 5703 nugas
841 5645 1017 5690 nemo
1046 5631 1199 5692 serio
1226 5633 1515 5707 disputat.

2061 5423 2172 5495 (37)
2201 5425 2335 5478 Haec
2360 5418 2724 5495 iamargine
2776 5417 3104 5477 exhibent..
3130 5424 3177 5477 A
3203 5424 3263 5480 Β.
3307 5424 3638 5483 Hentenius

1990 5491 2230 5567 prorsus
2263 5507 2384 5548 non
2420 5491 2618 5567 habet.

2062 5566 2175 5637 (se)
2204 5564 2367 5637 ’Πμᾶς
2388 5563 2623 5637 omittit.
2645 5562 2706 5637 Β.

2064 5634 2179 5710 (39)
2218 5634 2386 5710 Ἦμᾶς
2415 5634 2646 5694 omittit.
2682 5635 2747 5693 Α.
