4170 6334
595 315 702 371 727

1917 313 2265 369 EUTHYMII
2307 311 2636 369 ZIGABENI
3843 312 3921 367 728

671 441 831 496 Vers.
860 439 948 493 37.
981 439 1060 494 Et
1083 468 1151 481 —
1188 437 1559 495 Judteorum.
1597 439 1682 508 -Η-
1712 436 1966 511 Scriptio
1990 438 2052 494 in
2085 438 2248 495 titulo

2432 444 2534 492 Καὶ
2571 471 2639 480 -—
2680 436 2967 494 Ἰουδαίων.
3004 440 3024 514 [
3065 441 3123 493 Ἠ
3338 437 3385 490 ἐν
3441 446 3510 507 τῷ
3565 437 3728 509 τίτλῳ
3780 444 3920 509 γραφὴ

596 528 891 601 practicte,
950 528 1284 584 theoretica:
1334 531 1391 582 et
1449 527 1797 598 theologicae
1852 527 2249 600 philosophiae

594 633 799 688 regem
849 623 1017 673 notat
1066 633 1225 682 eum,
1277 617 1378 687 qui
1411 617 1726 672 cruciﬁxus
1767 623 1910 672 erat.
1973 617 2249 672 Practicze

595 708 862 780 quidem,
889 708 1053 780 quod
1085 708 1371 779 scriptum
1404 710 1528 761 erat
1560 709 1966 762 Romanroum
1998 706 2202 775 lingua
2232 725 2246 774 ;

596 811 850 866 regnum
877 797 1037 852 enim
1069 797 1410 851 Romanum
1434 795 1820 850 fortissimum
1846 795 1993 850 vidit
2013 795 2238 852 Daniel.

598 886 871 958 practice;
925 890 1125 941 autem
1171 889 1264 940 est
1296 884 1602 940 fortitudo.
1661 885 2036 948 Theoreticm,
2082 883 2250 955 quod

599 975 889 1047 scriptum
919 979 1045 1031 erat
1069 973 1268 1029 Graace
1296 991 1310 1039 ;
1336 973 1512 1030 Graeci
1532 974 1691 1029 enim
1712 989 1833 1045 prae
1852 973 2093 1044 reliquis
2111 987 2251 1042 gen-

598 1064 760 1120 tibus
792 1065 1113 1120 theoretici.
1145 1064 1533 1132 Theologicac,
1566 1066 1808 1134 propter
1850 1061 2202 1117 Hebraicum
2231 1076 2248 1129 ;

602 1154 828 1209 Hebraei
858 1154 1016 1208 enim
1049 1153 1310 1208 maxime
1341 1153 1612 1208 omnium
1631 1151 1905 1220 theologi.

672 1263 926 1316 Causam
957 1260 1036 1316 ob
1084 1275 1265 1330 quam
1298 1263 1452 1314 esset
1485 1259 1802 1314 cruciﬁxus
1841 1274 1852 1311 :
1887 1257 2050 1313 illam
2089 1257 2251 1312 enim

599 1350 660 1405 in
713 1349 920 1405 tabula
977 1349 1328 1418 inscriptam
1383 1349 1766 1420 superposuit
1805 1347 2047 1412 Pilatus,
2086 1353 2146 1400 ut
2174 1345 2252 1401 ab

599 1438 875 1495 omnibus
927 1438 1043 1506 legi
1088 1444 1306 1508 posset,
1350 1441 1405 1492 et
1444 1437 1546 1508 qui
1586 1442 1904 1508 prmsentes
1950 1441 2138 1498 erant,
2199 1440 2254 1490 et

597 1528 700 1601 qui
715 1527 1112 1598 praeteribant.
1127 1527 1353 1580 Marcus
1375 1541 1519 1581 sane
1533 1525 1673 1580 dicit
1695 1526 1796 1580 :Et
1812 1531 1933 1580 erat
1957 1525 2254 1594 inscriptio

595 1618 920 1685 causwejus
940 1617 1162 1684 scripta
1187 1632 1198 1668 :
1219 1615 1343 1670 Rex
1372 1615 1711 1669 Iudaeorum
1744 1615 1790 1647 ‘9
1810 1629 1832 1681 ,'
1852 1614 2041 1668 Lucas
2070 1628 2211 1667 vero
2236 1629 2249 1666 :

595 1706 748 1761 Erat
766 1711 956 1760 autem
974 1707 1026 1760 et
1050 1703 1362 1773 inscriptio
1393 1705 1621 1771 scripta
1664 1718 1842 1770 super
1882 1717 2011 1757 eum
2038 1701 2252 1756 litteris

600 1793 811 1849 Graecis
841 1800 894 1848 et
922 1793 1150 1849 Latinis
1174 1807 1244 1848 ac
1271 1792 1584 1847 Hebraicis
1607 1792 1754 1847 :Hic
1783 1798 1864 1846 est
1887 1805 1996 1846 rex
2020 1789 2252 1846 Iudico-

597 1900 732 1938 rum
747 1884 794 1916 ⁵ο
810 1885 926 1937 Hoc
939 1886 1124 1936 autem
1137 1881 1326 1935 tribus
1341 1881 1672 1952 inscriptum
1689 1885 1770 1933 est
1782 1879 1994 1950 linguis
2009 1894 2080 1932 eo
2109 1878 2251 1948 quod

597 1977 740 2026 tunc
771 1970 940 2024 multi
969 1970 1046 2024 ad
1067 1971 1368 2025 civitatem
1391 1974 1675 2024 venerant
1703 1968 2044 2022 Judaaorum
2077 1966 2253 2022 Graeci

599 2074 670 2114 ac
695 2057 879 2112 Latini
915 2074 927 2121 ;
958 2057 1219 2111 Joannes
1279 2072 1416 2111 vero
1467 2055 1610 2110 dicit
1664 2055 1920 2123 Scripsit
1968 2062 2161 2110 autem
2201 2059 2254 2108 et

599 2147 840 2202 titulum
868 2145 1117 2212 Pilatus,
1138 2144 1458 2214 posuitque
1488 2158 1668 2212 super
1686 2158 1933 2198 crucem.
1965 2144 2114 2198 Erat
2155 2157 2256 2198 au-

601 2241 709 2292 tem
747 2234 1032 2305 scriptum
1077 2234 1282 2288 :Jesus
1331 2233 1698 2296 Namrenus,
1754 2247 1859 2287 rex
1886 2231 2252 2286 Iudaeorum.

602 2325 781 2380 Hunc
809 2339 948 2392 ergo
979 2324 1218 2378 titulum
1253 2323 1422 2377 multi
1457 2323 1716 2391 legerunt
1746 2321 2085 2377 Iudaeorum
2119 2319 2256 2390 quia

598 2413 1070 2484 propecivitatem
1097 2417 1216 2466 erat
1248 2413 1409 2467 locus
1431 2411 1530 2465 ubi
1547 2411 1872 2477 cruciﬁxus
1886 2417 1965 2465 est
1983 2411 2177 2464 Jesus:
2203 2412 2257 2464 et

599 2508 730 2559 erat
755 2502 1030 2574 scriptum
1057 2501 1369 2566 Hebraice,
1400 2500 1600 2557 Graece
1630 2506 1682 2555 et
1708 2499 1936 2556 Latine.
1971 2499 2255 2554 Dicebant

601 2607 740 2662 ergo
751 2593 944 2648 Pilato
957 2592 1264 2661 pontiﬁces
1275 2590 1621 2646 Judxorum
1639 2605 1652 2655 ;
1674 2589 1818 2644 Noli
1828 2587 2110 2644 scribere:
2131 2588 2258 2642 Rex

2360 539 2675 601 πρακτικῆς,
2721 535 2811 581 καὶ
2863 532 3200 604 θεωρητικῆς,
3259 534 3347 580 καὶ
3399 527 3704 599 θεολογικῆς
3747 526 3923 598 φιλοσο-

2361 623 2479 688 φίας
2538 617 2761 689 βασιλέα
2810 623 2898 671 τόν
2958 621 3318 693 σταυρωθέντα
3379 617 3602 687 ἐμήνυε·
3669 626 3926 679 «plurimi;

2360 708 2468 776 μεν,
2517 704 2609 759 διά
2661 716 2752 760 τοῦ
2815 708 3099 781 Ῥωμαῐστὶ
3158 709 3480 781 γεγράφθαι·
3522 710 3622 763 τὴν
3668 705 3926 776 Ῥωμαίκῂν

2358 800 2456 867 γὰρ
2517 795 2788 868 βασιλείαν
2841 796 3199 871 ἀνδρειοτέραν
3257 805 3435 848 πασῶν
3491 797 3516 847 6
3568 793 3763 852 Δανιὴλ
3810 793 3924 846 ἐθιά-

2363 904 2490 936 σατο
2514 901 2527 915 ⁸
2561 896 2851 957 πρακτικῆς
2894 884 2953 939 δε
2982 883 3120 939 ἴδιον
3151 889 3181 944 ἠ
3226 881 3416 959 ἀνδρία
3448 902 3461 914 ⁸
3494 881 3588 936 διά
3627 880 3690 935 δι
3726 891 3813 934 τοῦ
3851 883 3929 936 Ἐλο

2357 974 2586 1042 ληνιστὶ,
2660 977 3008 1049 θεωρητικῆς⁶
3067 974 3303 1035 Ἕλληνες
3348 976 3448 1048 γὰρ
3523 975 3928 1045 θεωρητικώτεροι

2357 1071 2456 1114 τῶν
2490 1063 2652 1114 ἄλλων
2683 1063 2834 1116 ἐθνῶν
2859 1081 2872 1093 ⁸
2912 1061 3005 1116 διὰ
3031 1061 3090 1116 δὲ
3136 1071 3228 1115 τοῦ
3270 1061 3559 1136 Ἐϐραϊστὶ,
3623 1061 3927 1131 θεολογικῆςο

2362 1151 2776 1228 θεολογικὼτεροι
2803 1155 2905 1225 γάρ
2931 1155 3131 1205 πάντων
3153 1150 3421 1224 Ἑϐραῖοι]

2431 1264 2535 1316 Τὴν
2568 1259 2755 1326 αἰτίαν,
2806 1257 2878 1311 δι’
2925 1260 2980 1316 ἣν
3034 1259 3332 1331 ἐσταυρώθη
3369 1280 3380 1292 ·
3445 1254 3631 1310 σανίδι
3681 1261 3781 1332 γὰρ
3831 1261 3934 1309 ταύ-

2361 1367 2455 1404 την
2509 1347 2893 1422 ἐγχαράξαντες
2949 1351 2997 1400 οἱ
3053 1355 3168 1423 περὶ
3220 1353 3306 1400 τόν
3377 1347 3620 1412 Πιλοίτον,
3689 1347 3930 1414 ἐπέθηκαν,

2363 1439 2495 1488 ὥστε
2548 1439 2647 1488 ὑπὸ
2704 1441 2907 1489 πάντων
2962 1437 3408 1508 ἀναγινώσκεσθαι
3453 1445 3552 1488 τῶν
3599 1455 3656 1488 τε
3703 1441 3933 1510 παρόντων

2363 1532 2451 1577 καὶ
2506 1533 2604 1577 τῶν
2653 1527 2767 1598 (41)
2825 1532 3140 1600 παριόντων,
3207 1530 3417 1600 Μάρκος
3494 1530 3588 1598 μὲν
3651 1523 3738 1578 οὖν
3810 1523 3929 1578 εἰπε·

2365 1619 2465 1666 Καὶ
2524 1612 2583 1672 ἦν
2657 1617 2686 1672 ἡ
2747 1615 3001 1687 ἐπιγραφὴ
3088 1623 3178 1675 τῆς
3248 1615 3420 1674 αἰτίας
3494 1614 3661 1666 αὐτοῦ
3731 1633 3934 1688 γεγραμ-

2362 1707 2485 1775 μένη
2518 1721 2531 1733 ’
2561 1703 2619 1754 Ὀ
2670 1702 2919 1776 βασιλεὺς
2976 1713 3074 1755 τῶν
3127 1699 3398 1756 Ἰουδαίων
3422 1720 3435 1734 ⁸
3477 1709 3688 1763 Λουκᾶς
3723 1699 3780 1755 δὲ
3807 1720 3818 1731 ·
3862 1702 3934 1754 Ἦν

2364 1788 2421 1843 δὲ
2453 1797 2540 1843 καὶ
2572 1795 2600 1850 ἡ
2641 1791 2898 1866 ἐπιγραφὴ
2953 1797 3282 1866 γεγραμμένη
3340 1791 3416 1843 ἐπ’
3470 1792 3616 1862 αὐτῷ
3665 1795 3937 1865 γράμμασιν

3804 1881 3937 1940 Οὗτός

2363 1967 2502 2020 ἐστιν
2559 1971 2584 2020 6
2645 1968 2893 2041 βασιλεὺς
2952 1979 3050 2021 τῶν
3099 1966 3392 2024 Ἰουδαίων.
3459 1977 3629 2022 Τοῦτο
3686 1967 3743 2023 δὲ
3797 1975 3937 2041 τρισὶν

2364 2055 2559 2130 ἐγράφη
2594 2055 2906 2124 διαλέκτοις,
2949 2055 3042 2110 διὰ
3082 2063 3139 2110 τό
3180 2058 3401 2120 πολλοὺς
3442 2057 3814 2131 ἐπιχωριάζειν
3851 2064 3940 2111 τότε

2363 2153 2424 2217 τῇ
2485 2146 2629 2198 πόλει
2681 2155 2780 2198 τῶν
2838 2143 3110 2200 Ἰουδαίων
3165 2147 3413 2209 Ἕλληνας
3490 2154 3581 2200 καὶ

2360 1878 2666 1940 Ἑλληνικοῖς
2734 1886 2825 1932 καὶ
2889 1880 3193 1952 Ῥωμαϊκοῖς
3249 1886 3338 1933 καὶ
3405 1880 3744 1953 Ἑϐραϊκοῖς⁸

3663 2147 3936 2220 Ῥωμαίους.

2367 2237 2588 2296 Ιωοίννης
2659 2232 2719 2287 δέ
2790 2254 2988 2307 φησιν·
3047 2237 3280 2310 Ἔγραψε
3365 2233 3423 2288 δε
3503 2242 3595 2288 καὶ
3679 2238 3838 2289 τίτλον
3908 2239 3927 2288 6

3741 2326 3828 2378 Ἦν
3891 2323 3938 2378 δι

3709 2417 3732 2466 6
3804 2412 3939 2486 βασι·

3612 2507 3695 2556 τὸν
3789 2501 3934 2553 τίτλον

2366 2323 2606 2390 Πιλᾶτος,
2674 2329 2762 2376 καὶ
2833 2327 3011 2382 έθηκεν
3081 2324 3164 2377 ἐπὶ
3222 2333 3312 2377 τοῦ
3403 2333 3658 2399 σταυροῦ.

2362 2417 2716 2486 γεγραμμένον
2748 2434 2760 2446 ·

2362 2500 2446 2553 λεύ
2457 2522 2478 2562 ς
2559 2510 2658 2552 τῶν

2837 2413 2910 2471 Ἰη
2922 2422 3062 2480 σοῡς,
3164 2416 3189 2465 6
3286 2414 3618 2486 Ναζωραῖος,

2736 2499 3028 2560 Ἰουδαίων.
3136 2506 3326 2559 Τοῦτον
3425 2501 3511 2555 οὖν

2363 2589 2542 2642 πολλοὶ
2612 2589 2903 2662 ἀνέγνωσαν
2975 2601 3073 2644 τῶν
3153 2589 3442 2657 Ἰουδαίων,
3521 2594 3602 2644 ὃτι
3672 2592 3813 2663 ἔγγὺς
3883 2587 3935 2648 ἦν

601 2681 958 2745 Judworum,
993 2680 1111 2745 sed,
1141 2679 1298 2749 quod
1317 2679 1421 2734 ille
1445 2677 1665 2733 dixerit
1691 2693 1702 2730 :
1730 2677 1856 2733 Rex
1874 2692 2003 2731 sum
2030 2677 2258 2731 Judxo-

2369 2679 2584 2738 ότόπος
2653 2688 2743 2739 τῆς
2815 2679 3022 2744 πόλεως,
3099 2681 3227 2732 ὅπου
3298 2683 3599 2752 ἐσταυρώθη
3651 2683 3673 2731 6
3725 2679 3930 2738 Ἰησοῦς.

602 2784 754 2823 rum.
789 2768 1102 2836 Respondit
1148 2768 1418 2822 Pilatus:
1458 2766 1625 2832 Quod
1675 2765 1906 2833 scripsi,
1953 2765 2155 2832 scripsi
2184 2766 2252 2819 εί.

603 2855 828 2912 Titulus
902 2855 1102 2925 itaque
1183 2853 1346 2924 apud
1425 2856 1726 2908 Romanos
1782 2868 1970 2908 causa
2021 2853 2253 2907 dicitur.

606 2945 625 3016 (
657 2947 698 3014 -ι-
729 2945 770 3013 -ι-
789 2947 904 2998 lsta
934 2947 1170 2997 autem:
1202 2942 1575 3012 Propinquus
1601 2956 1737 2997 vero
1768 2951 1894 2997 erat
1924 2942 2075 2995 locus
2099 2942 2254 2996 urbi.

604 3033 708 3088 ubi
737 3032 1058 3099 cruciﬁxus
1092 3037 1175 3087 est
1220 3031 1404 3095 Iesus,
1457 3031 1539 3086 ita
1581 3029 1921 3087 ordinanda
1964 3045 1976 3084 :
2017 3029 2258 3085 Vicinus

606 3121 738 3178 urbi
771 3125 896 3178 erat
921 3121 1082 3176 locus
1104 3120 1204 3176 ubi
1237 3118 1560 3176 cruciﬁxus
1585 3123 1671 3176 est
1695 3122 1885 3175 Jesus.
1920 3119 1938 3190 )

2369 2772 2468 2819 Καὶ
2525 2764 2586 2824 ἧν
2632 2773 2985 2842 γεγραμμένον
3022 2767 3312 2843 Ἐϐραϊστὶ,
3363 2769 3660 2831 Ἑλληνιστὶ,
3688 2767 3929 2839 Ῥωμαϊσ-

2366 2860 2439 2910 τί.
2509 2853 2714 2925 Ἔλεγον
2802 2853 2888 2908 οὖν
2963 2866 3032 2927 τῷ
3120 2857 3320 2928 Πιλάτῳ
3401 2859 3448 2909 οἱ

2369 2939 2641 2995 Ἰουδαίων
2671 2964 2683 2976 ·

2371 3031 2477 3082 ἀλλ’
2560 3034 2638 3084 ὅτι

2375 3117 2667 3175 Ἰουδαίων.

3532 2856 3774 2931 ἀρχιερεῖς
3845 2864 3934 2906 τῶν

2737 2950 2822 3002 Μὴ
2877 2947 3062 3020 γράφε,
3120 2948 3145 2997 6
3205 2946 3452 3007 Βασιλεὺς
3510 2956 3610 2998 τῶν
3673 2941 3932 3008 Ἰουδαίων,

2745 3032 2933 3095 ἐκεῖνος
3031 3032 3138 3087 εἰπε
3193 3052 3204 3064 ·
3311 3035 3557 3097 Βασιλεὺς

3113 3123 3171 3176 '0
3237 3123 3454 3184 Πιλάτος
3483 3145 3495 3158 ο

3664 3034 3764 3107 εἰμι
3856 3040 3931 3084 τῶν

2748 3122 3034 3198 Ἀπεκρίθη
3113 3123 3171 3176 '0
3237 3123 3495 3184 Πιλάτοςο
3574 3131 3640 3178 '0
3717 3128 3930 3196 γέγραφα,

609 3215 860 3286 γέγραφα.
920 3209 1098 3270 Τίτλος
1149 3212 1239 3282 μὲν
1295 3205 1402 3280 οὖν,
1483 3211 1617 3264 κατά
1679 3208 1991 3274 Ῥωμαίους,
2047 3209 2077 3266 ἠ
2133 3207 2306 3268 αἰτίας
2339 3223 2353 3238 ⁸
2417 3207 2517 3281 [τὸ
2577 3209 2689 3282 (42)
2770 3212 2958 3282 Ἐγγύς
3003 3210 3063 3270 ἧν
3114 3215 3140 3264 ὁ
3197 3217 3353 3275 τόπος
3414 3222 3509 3274 τῆς
3577 3213 3782 3277 πόλεως,
3825 3213 3936 3263 όπσα

609 3299 914 3374 ἐσταυρώθη
985 3299 1012 3350 6
1076 3299 1282 3361 Ἰησοῦς
1360 3298 1500 3351 αὖτω
1588 3301 1896 3351 συντακτίον

610 3389 637 3440 6
667 3387 885 3450 Ἰησοῦς,
913 3387 936 3460 ]

681 3484 924 3557 Scripsit
943 3499 1086 3554 ergo
1097 3484 1322 3542 Pilatus
1351 3485 1580 3542 dictam
1605 3501 1875 3552 causam,
1896 3483 2270 3555 instituitque

607 3580 673 3631 ut
703 3574 940 3644 scripta,
974 3573 1200 3628 cunctis
1225 3577 1370 3631 nota
1412 3574 1600 3643 ﬁeret,
1633 3589 1708 3629 ne
1736 3577 1980 3646 possent
2009 3589 2120 3628 sua
2144 3588 2272 3628 ma-

609 3662 733 3718 litia
761 3663 884 3734 (yy)
908 3661 1095 3717 Judaei
1121 3661 1349 3720 Christo
1376 3663 1558 3720 aliam
1583 3679 1837 3719 causam
1869 3661 2132 3733 afﬁgere,
2166 3667 2268 3718 aut

612 3750 922 3821 divulgare
961 3751 1070 3822 (zz)
1105 3767 1118 3806 :
1149 3752 1445 3825 simulque
1472 3757 1529 3808 et
1553 3753 1664 3809 hos
1703 3753 1932 3809 notavit
1961 3751 2119 3807 etilli
2164 3768 2268 3823 pa-

613 3839 934 3896 trocinatus
972 3843 1078 3906 est,
1109 3842 1277 3912 quod
1321 3845 1552 3914 propter
1582 3841 1874 3898 invidiam
1905 3846 2059 3898 esset
2083 3841 2268 3898 cruci-

613 3927 789 3984 ﬁxus.

689 4037 836 4091 Cum
866 4038 1068 4091 autem
1089 4035 1290 4090 litterae
1321 4036 1384 4090 in
1434 4036 1621 4092 altum
1666 4038 1877 4108 positis
1907 4037 1990 4108 (a)
2021 4053 2268 4106 regnum

618 4124 746 4192 ejus
759 4123 914 4178 clare
928 4123 1391 4194 promulgarent,
1407 4130 1700 4180 conantur
1718 4127 2026 4195 pontiﬁces
2039 4127 2270 4181 Iudaeo-

617 4226 752 4266 rum
778 4209 1213 4280 inscriptionem
1247 4210 1554 4272 invertere,
1584 4211 1847 4266 dicentes
1874 4213 2062 4268 Pilato
2088 4229 2099 4266 :
2132 4215 2273 4269 Noli

619 4297 903 4352 scribere:
930 4296 1424 4362 RexJudceorum,
1444 4315 1517 4354 ne
1532 4314 1670 4354 vera
1683 4299 2272 4373 videaturinscriptio

618 4385 722 4441 sed
775 4384 922 4456 quod
944 4385 1046 4441 ille
1073 4386 1327 4441 dixerit:
1359 4389 1485 4444 Rex
1525 4405 1651 4444 sum
1691 4390 2058 4453 Judtearum,
2090 4397 2151 4448 ut
2178 4392 2272 4448 ille

620 4471 881 4528 mendax
918 4480 1223 4544 appareat.
1278 4477 1386 4532 Sed
1419 4493 1805 4549 nequaquam
1843 4487 2272 4551 persuaserunt

619 4562 693 4618 ci.
720 4562 1043 4634 Respondit
1069 4563 1228 4620 enim
1271 4582 1284 4631 ;
1320 4566 1480 4631 Quod
1516 4567 1750 4635 scripsi,
1781 4569 2008 4638 scripsi,
2033 4569 2146 4626 hoc
2185 4579 2271 4627 est

622 4649 788 4724 quod
838 4653 1120 4724 scriptum
1163 4659 1251 4710 est
1286 4670 1409 4710 non
1456 4655 1731 4712 immuto.
1772 4659 1954 4714 Juxta
2003 4659 2266 4718 divinam

697 4776 743 4811 δ’
767 4777 936 4834 Marc.
978 4793 1076 4843 xv,
1109 4778 1206 4835 26.
1287 4781 1335 4815 ⁸ο
1366 4779 1507 4837 Luc.
1540 4796 1696 4848 xxiii,
1732 4783 1824 4840 38.

2001 3313 2013 3326 '
2088 3297 2169 3348 ὅτι
2244 3295 2430 3368 Ἐγγύς
2521 3305 2616 3360 τῆς
2702 3299 2892 3363 πόλεως
2968 3297 3028 3359 ἧν
3108 3303 3134 3353 6
3215 3306 3372 3363 τόπος
3463 3303 3592 3355 ὅπου
3673 3299 3936 3372 ἐσταυρώθη

2448 3502 2460 3519 '
2493 3510 2535 3556 Ο
2562 3505 2652 3575 μεν
2682 3504 2769 3556 οὖν
2828 3503 3045 3565 Πιλᾶτος
3083 3504 3277 3580 ἔγραψε
3336 3509 3429 3564 τὴν
3473 3507 3725 3580 ῥηθεῖσαν
3778 3505 3941 3565 αἰτίαν,

2379 3597 2468 3644 καὶ
2523 3592 2864 3653 στηλιτεύσας
2925 3600 3059 3645 πᾶσι
3108 3599 3423 3652 κατέστησεν
3481 3595 3646 3654 αὐτὴν
3694 3600 3941 3667 γνώριμον,

2380 3683 2462 3733 ἶνα
2504 3686 2575 3752 μὴ
2630 3678 2886 3734 δύνωνται
2928 3678 3181 3735 Ἰουδαῖοι
3239 3689 3552 3757 κακουργίας
3594 3685 3750 3742 οἴλλην
3800 3683 3946 3734 αἰτίαν

2377 3769 2692 3843 ἐπιφημίσαι
2720 3779 2790 3822 τῶ
2837 3779 3070 3846 Χριστῷ.
3124 3778 3222 3824 Καὶ
3263 3773 3391 3844 ὁμοῦ
3441 3776 3530 3845 μὲν
3587 3778 3796 3833 τούτους
3832 3772 3946 3842 ἦμῦ·

2376 3879 2497 3912 νατο
2531 3880 2542 3892 ·
2579 3862 2706 3932 ὁμοῦ
2739 3858 2797 3912 6‘s
2822 3859 3014 3913 ἐκείνου
3048 3862 3160 3933 (43)
3201 3862 3722 3935 ὑπιραπολογήσατο,
3773 3865 3846 3915 ότι
3874 3857 3950 3912 διὰ

2379 3952 2559 4020 φθόνον
2591 3948 2916 4022 ἐσταυρώθη.

2451 4039 2591 4091 Ἐπεὶ
2640 4035 2698 4090 δὲ
2749 4038 3001 4090 ἀνέκειντο
3056 4041 3122 4090 τὰ
3176 4041 3461 4112 γράμματα
3539 4040 3788 4115 λαμπρως
3851 4058 3950 4091 ανα-

2379 4131 2702 4201 κηρύττοντα
2758 4133 2850 4186 τὴν
2907 4126 3178 4200 βασιλείαν
3256 4129 3434 4192 αὐτοῦ,
3511 4130 3864 4206 ἐπιχειροῦσιν
3913 4129 3952 4178 οἰ

2383 4214 2646 4290 ἀρχιερεῖς
2714 4236 2811 4268 των
2869 4214 3138 4269 Ἰουδαίων
3199 4219 3519 4290 μετατρέψαι
3574 4225 3672 4278 τὴν
3734 4221 3952 4273 τοιαύτην

2382 4304 2691 4379 ἐπιγραφὴν,
2739 4305 2966 4376 λέγοντες
3018 4314 3088 4375 τῷ
3137 4307 3378 4378 Πιλάτῳο
3421 4313 3507 4366 Μὴ
3563 4313 3732 4382 γράφε
3774 4309 3829 4360 '0
3873 4305 3953 4378 βα-

2385 4393 2555 4455 σιλεὺς
2601 4403 2700 4445 τῶν
2753 4391 3042 4464 Ἰουδαίων,
3098 4397 3180 4448 ἶνα
3229 4401 3299 4467 μὴ
3375 4395 3573 4458 ἀληθὴς
3620 4401 3650 4456 ὴ
3723 4397 3950 4468 ἐπιγραφὴ

2383 4481 2512 4555 δοκῇ
2538 4502 2548 4513 '

2379 4569 2671 4638 Ἰουδαίων,
2739 4574 2821 4622 ἵνα
2895 4568 3096 4642 ψευδὴς

2627 4482 2733 4535 ἀλλ’
2791 4485 2868 4534 ὅτι
2937 4482 3122 4544 ἐκεῖνος
3189 4482 3332 4536 εἴπεο
3404 4487 3648 4548 Βασιλεύς
3720 4487 3820 4558 εἰμι
3871 4492 3951 4535 τῶν

3183 4571 3370 4634 ἐκεῖνος
3431 4583 3588 4646 φανῇ.
3679 4575 3810 4628 Ἀλλ’
3877 4571 3951 4623 οὐκ

2381 4662 2430 4714 ἐν
2487 4664 2653 4733 τούτῳ
2723 4666 2847 4722 τέως
2903 4666 3219 4733 παρέπεισαν
3283 4662 3454 4717 αὐτόν.
3521 4663 3795 4738 Ἀπεκριθν
3851 4664 3951 4734 γὰρ,

1912 4785 1955 4818 ⁸¹
1985 4785 2152 4840 Joan.
2187 4801 2310 4855 xix,
2345 4786 2520 4843 19-22.

1946 4908 2170 4976 Variae
2211 4910 2557 4978 lectiones.

699 5023 825 5102 (159)
846 5025 907 5102 In
938 5024 1208 5102 margine
1236 5025 1362 5084 haec
1381 5026 1558 5084 habet
1582 5027 1772 5086 codex
1806 5033 2076 5102 uterque.
2108 5034 2279 5089 Caret

627 5094 700 5152 iis
739 5095 1076 5150 Hentenius.

698 5164 814 5235 (41)
846 5170 1148 5238 Περῑόντων.
1180 5171 1242 5220 Δ.

698 5341 825 5413 (yy)
857 5340 974 5422 _Sua
1001 5343 1258 5399 malitia.
1291 5347 1371 5399 Ac
1399 5346 1444 5399 si
1483 5345 1687 5414 legerit
1716 5351 1771 5400 ‘sx
1819 5356 2162 5423 κακουργίας.
2210 5355 2278 5409 Ut

698 5429 738 5467 ‘0
777 5412 936 5467 edidi
968 5418 1283 5467 κακουργίας
1312 5416 1558 5467 refertur
1581 5419 1657 5467 ad
1689 5424 1879 5467 αἰτίαν.

626 5429 738 5485 ego
777 5416 936 5468 edidi
968 5418 1283 5488 κακουργίας
1312 5416 1558 5473 refertur
1581 5419 1657 5473 ad
1689 5424 1879 5471 αἰτίαν.
1986 5416 1994 5423 ’
2026 5416 2036 5422 ⁷

700 5483 810 5553 (zz)
831 5486 1096 5554 Afﬁgere
1122 5493 1224 5539 aut
1255 5487 1567 5556 divulgare.
1601 5493 1659 5542 In
1693 5495 1892 5546 Graeco
1936 5497 2019 5547 est
2043 5500 2276 5551 tantum

626 5557 980 5637 ἐπιφημίζειν,
1009 5556 1168 5637 quod
1197 5563 1284 5637 est
1313 5559 1401 5612 rei
1432 5574 1650 5637 nomen
1673 5562 1840 5637 dare.
1890 5565 2150 5621 Reddas-
2191 5568 2276 5622 Ne

623 5624 761 5696 quid
791 5624 959 5682 aliud
979 5624 1219 5682 crimini
1243 5628 1390 5684 dare
1417 5636 1650 5697 possent
1678 5633 1936 5690 Christo.

2460 5033 2573 5176 (42;
2606 5032 2837 5090 Inclusa
2866 5047 2987 5089 non
3020 5034 3291 5102 agnoscit
3323 5035 3658 5092 Hentenius.

2461 5108 2548 5176 (43
2603 5103 3136 5176 Ὑπεραπελογήσατο.
3168 5108 3239 5161 Α.

2461 5103 2572 5176 (43)
2603 5103 3136 5178 Ὑπεραπελογήσατο.
3168 5108 3239 5161 Α.

2457 5369 2493 5428 a
2518 5354 2592 5428 In
2610 5356 2796 5428 altum
2822 5354 3040 5428 posita.
3070 5354 3404 5428 Ἀνακεῖσθαι
3430 5353 3660 5422 dicitur,
3683 5348 3954 5428 quidquid

2387 5425 2622 5498 publice
2645 5431 2744 5482 aut
2764 5426 2820 5480 in
2850 5424 3090 5494 publico
3123 5425 3251 5498 loco
3283 5425 3567 5498 scriptum
3591 5424 3952 5498 aut—positum

2387 5501 2489 5552 est.
2508 5497 2706 5552 Redde
2739 5514 2754 5550 :
2786 5499 2926 5552 Cum
2951 5497 3307 5551 verotitulus
3324 5497 3426 5553 ille
3443 5499 3672 5566 publice
3691 5497 3953 5567 expositus

2390 5569 2722 5625 lucutenter
2749 5583 2936 5641 regem
2965 5584 3097 5625 eum
3130 5569 3479 5626 declararet.

4041 1776 4047 1962 ί
