4170 6334
305 340 415 393 729

302 462 373 514 Ὀ
458 468 706 536 δέγραφα,
805 466 1059 538 γέγραφα,
1144 469 1431 531 τουτέστιν,

304 554 365 602 τὸ
424 557 633 625 γραφέν.
688 557 834 606 Κατὰ
886 557 1024 607 Θείαν
1080 552 1139 607 δὲ
1190 558 1394 615 πάντως
1440 558 1681 626 πρόνοιαν
1734 555 1758 603 ό
1818 557 1901 604 τί·

305 640 423 701 τ)ος
472 640 677 700 ἐπετέθη
737 648 874 715 μόνῳ
932 652 1003 715 τῷ
1061 652 1269 718 σταυρῷ
1334 651 1425 695 τοῦ
1483 649 1736 716 Χριστοῦ.
1791 648 1900 693 Τῶν

304 738 467 804 τριῶν
518 734 619 805 γὰρ
668 731 775 803 ἅμα
824 738 939 784 τότε
983 735 1450 805 καταχωσθέντων,
1504 736 1717 804 χρόνοις
1754 730 1902 783 ὕστε-

306 838 400 894 ρον
431 820 455 871 6
505 824 815 882 Δεσποτικός
844 819 1208 889 ἀναζητηθεὶς,
1243 820 1343 874 ἀπὸ
1386 828 1478 874 τοῦ
1507 821 1681 873 τίτλου
1713 820 1901 892 μᾶλλον

304 911 485 978 γέγονε
515 914 790 983 γνώριμος.

378 1002 507 1049 Τότε
561 1028 626 1037 -—
673 998 963 1070 εὐωνύμων.
1017 1004 1117 1052 Καὶ
1160 1006 1313 1051 τοῦτο
1347 1008 1441 1060 τῆς
1482 1007 1579 1051 τῶν
1633 996 1900 1052 Ἰουδαίων

305 1081 370 1142 ἦν
423 1082 675 1151 σπουδῆς,
729 1088 827 1153 ἵνα,
884 1087 1043 1158 μέσον
1091 1096 1190 1140 τῶν
1232 1090 1534 1162 κακούργων
1569 1091 1896 1159 κρεμάμενος,

302 1182 596 1248 κακοῦργος
648 1180 737 1227 καὶ
781 1176 928 1236 αύτός
979 1174 1133 1243 δοκῆ,
1189 1182 1279 1229 καὶ
1324 1177 1407 1229 ἱνα
1454 1179 1483 1234 ἡ
1535 1181 1775 1228 κοινωνία
1810 1184 1902 1235 τῆς

304 1268 559 1335 τιμωρίας
622 1267 859 1315 κοινωνόν
916 1265 1069 1317 αὐτόν
1126 1265 1453 1341 ἀνακηρύττη
1509 1271 1597 1318 καὶ
1657 1273 1752 1326 τῆς
1811 1285 1903 1316 κα-

302 1357 579 1425 κουργίας.
619 1356 716 1404 Διά
758 1361 910 1405 τοῦτο
940 1357 1041 1426 γὰρ
1088 1359 1177 1407 καὶ
1229 1352 1466 1427 δημοσίᾳ
1502 1362 1681 1407 τοῦτον
1714 1354 1900 1406 ἐσταύ-

300 1459 503 1513 ρωσαν,
554 1443 757 1493 πάντων
811 1444 1061 1517 ὁρώντων
1120 1449 1249 1516 φησί
1300 1447 1400 1517 γὰρ
1457 1446 1481 1495 6
1536 1449 1762 1510 Λουκᾶς,
1822 1444 1902 1495 ὅτι

301 1533 397 1581 καὶ
454 1532 681 1587 εἱστήκει
741 1532 765 1582 6
830 1531 953 1593 λαός
1012 1534 1232 1604 θεωρῶνσ
1282 1538 1371 1585 καὶ
1426 1538 1587 1607 χερσὶ
1649 1553 1899 1608 στρατιω-

301 1626 475 1678 τικαῖς
582 1618 735 1671 αὐτὸν

836 1623 1201 1692 σταυρωθῆναι
1301 1625 1715 1697 παρεσκεύασαν,
1811 1627 1901 1674 καὶ

302 1708 478 1757 πάντα
561 1713 929 1777 πεποιήκασιν,
999 1712 1081 1761 ἶνα
1154 1716 1487 1781 καταχέωσιν
1542 1712 1701 1763 αὐτοῦ
1758 1714 1901 1786 παρὰ

300 1800 438 1846 πᾶσι
482 1800 709 1868 πονηρὰν
758 1797 1037 1869 ὑπόληψιν.
1087 1799 1404 1874 Ἐπληροῦτο
1454 1797 1512 1852 δὲ
1560 1799 1824 1852 κάνταῦθα
1866 1802 1896 1858 ἠ

298 1891 396 1934 τοῦ
452 1883 668 1936 Ἡσαΐου
728 1886 839 1955 (44)
894 1892 1182 1962 προφητεία
1239 1890 1268 1947 ἠ
1316 1889 1559 1959 λέγουσα·
1618 1894 1717 1941 Καὶ
1772 1893 1901 1961 μετὰ

301 1970 508 2043 ἀνόμων
539 1972 803 2045 ἐλογίσθη.

376 2065 478 2113 Καὶ
526 2065 575 2113 οἱ
624 2065 714 2134 μὲν
765 2060 861 2115 δύο
908 2064 1101 2136 λῃσταὶ
1146 2069 1266 2126 τοὺς
1300 2062 1396 2118 δύο
1444 2065 1595 2127 λαοὺς
1636 2068 1900 2139 ᾐνίττοντο

297 2152 389 2200 τόν
451 2169 504 2202 τε
556 2150 797 2221 παλαιόν,
848 2158 937 2204 καὶ
989 2158 1075 2204 τόν
1118 2158 1251 2210 νέον.
1312 2157 1515 2207 Τούτων
1566 2158 1667 2226 ’γὰρ
1735 2157 1760 2206 6
1811 2158 1900 2227 μὲν

300 2236 629 2311 βλασφημῶν
679 2240 832 2292 αὐτὸν
884 2240 1147 2293 ἀπέθανεν·
1184 2244 1208 2294 6
1250 2240 1307 2295 δὲ
1346 2246 1475 2316 πρὸς
1524 2252 1595 2313 τῷ
1624 2243 1753 2295 τελει
1783 2252 1901 2295 τοῦ-

296 2346 388 2378 τον
456 2326 646 2398 ἐπέγνω
702 2333 849 2381 Θεόν.
903 2330 1066 2391 Αὐτός
1121 2327 1178 2382 δὲ
1234 2335 1386 2401 μέσος
1452 2332 1746 2404 ἐκρεμάσθη
1801 2341 1900 2383 τῶν

299 2412 403 2467 δύο
445 2419 659 2481 τούτων,
712 2419 780 2478 ὡς
818 2422 975 2489 μέσος
1016 2423 1277 2490 γενόμενος
1319 2428 1415 2481 τῆς
1456 2440 1509 2473 τε
1548 2422 1775 2482 Παλαιᾶς
1813 2426 1901 2474 καὶ

298 2511 398 2566 τῆς
428 2509 562 2566 Νέας
594 2508 824 2565 Διαθὴκη
837 2528 876 2569 ς.

372 2720 441 2781 οἱ
472 2713 531 2770 δὲ
580 2748 648 2758 -
699 2727 948 2793 σταυροῦ.
1003 2723 1068 2772 Οἱ
1116 2727 1592 2795 παραπορευόμενοι
1633 2727 1725 2782 τὴν
1774 2720 1896 2777 ὀδόν

296 2805 497 2864 ἐκείνην
567 2803 837 2861 Ἰουδαῖοι.
911 2811 1124 2883 Μάρκος
1188 2807 1246 2862 δέ
1317 2830 1471 2882 φησιν
1552 2813 1631 2863 ὅτι
1704 2812 1892 2884 ἔλεγον·

296 2894 419 2945 Οὐὰ
469 2896 493 2945 6
545 2895 810 2947 καταλύων
854 2900 939 2948 τόν
991 2902 1129 2963 ναόν,
1173 2905 1261 2951 καὶ
1312 2903 1377 2951 τὰ
1430 2900 1567 2963 ἑξῆς.
1624 2900 1776 2954 ’Ἐστι
1836 2899 1895 2954 δὲ

298 2986 361 3033 τό
434 2984 546 3048 osa,
624 2984 970 3055 χλευαστικὸν
1042 2986 1305 3062 ἐπίρρημα
1368 2994 1457 3041 καὶ
1535 2989 1891 3063 ἐμπαικτικόν,

298 3069 510 3141 Ἔλεγον
590 3069 647 3126 δὲ
718 3078 782 3126 τα
850 3084 1088 3144 τοιαῦτα,
1160 3074 1533 3150 κωμῳδοῦντες
1606 3080 1760 3132 αὐτὸν
1827 3085 1895 3141 ὡς

291 3157 398 3229 φεύ
407 3179 554 3218 στην,

366 3246 587 3320 Ὁμοίως
630 3282 698 3291 —
743 3252 933 3306 σῶσαι.
984 3256 1053 3305 T6
1098 3259 1330 3325 Ὁμοίως,
1375 3252 1467 3308 διὰ
1510 3261 1601 3315 τῆν
1657 3256 1893 3329 βλασφη-

291 3340 421 3407 μίαν
474 3337 693 3411 εἱρηται.
756 3345 851 3393 Καὶ
908 3341 1055 3394 αὐτοὶ
1121 3346 1221 3416 γὰρ
1283 3345 1469 3415 ὁμοίως
1530 3344 1894 3418 ἐϐλασφήμουν

290 3425 472 3489 αὐτόν,
506 3427 549 3479 εἰ
577 3434 665 3480 καὶ
695 3427 741 3479 ἐν
774 3429 959 3504 ἑτέροις
986 3432 1209 3504 ῥήμασι.
1238 3435 1306 3483 Τὸ
1342 3429 1399 3484 δὲ
1429 3433 1647 3496 ’Ἄλλους
1679 3438 1891 3507 ἔσωσεν,

293 3511 461 3579 εἷπον,
506 3512 868 3578 διαϐάλλοντες
909 3523 1002 3579 τὰς
1048 3522 1472 3594 θαυματουργίας
1508 3523 1687 3590 αὐτοῦ,
1739 3527 1807 3586 ὡς
1846 3524 1892 3577 ἐν

291 3608 511 3676 ’γοητείᾳ
536 3610 828 3677 γενομένας.

371 3816 430 3868 Εἰ
477 3847 545 3858 -
594 3816 669 3869 ἐπ’
719 3819 878 3889 αύτῷ.
925 3826 1089 3872 Τοῦτο
1138 3821 1278 3874 εἶπον
1328 3819 1422 3874 διὰ
1470 3830 1563 3882 τὴν
1603 3824 1891 3899 ἐπιγραφὴν

292 3912 388 3957 τοῦ
432 3905 625 3960 τίτλον.
682 3912 766 3965 Μὴ
819 3904 1123 3969 δυνηθέντες
1170 3912 1270 3984 ’γὰρ
1325 3910 1486 3969 αὐτὴν
1549 3916 1888 3989 μετατρέψαι,

288 4002 574 4067 πειρῶνται
637 3993 808 4066 ψευδῆ
878 4000 1072 4055 ταύτην
1130 3997 1425 4069 ἀπελέγξαι,
1484 3998 1577 4053 διὰ
1640 4011 1731 4055 τοῦ
1799 4006 1889 4066 ζη·

291 4089 400 4133 τεῖν
456 4080 612 4141 δῆθεν
676 4081 931 4142 ἀδύνατα.
988 4091 1088 4139 Καὶ
1144 4086 1334 4145 κατέϐη
1396 4088 1475 4154 ἂν,
1538 4091 1580 4143 εἰ
1634 4096 1891 4146 πιστεύειν

290 4170 499 4242 ἔμελλον
507 4212 520 4226 .

371 4263 615 4314 Πέποιθεν
670 4294 739 4302 -
798 4265 935 4324 Υἱός.
987 4271 1053 4316 Ὅ
1124 4274 1334 4338 προεῖπε
1386 4266 1551 4322 Δαυῖδ
1617 4270 1670 4322 ἐκ
1730 4292 1889 4346 προσ-

289 4354 437 4400 ώπου
477 4349 662 4420 αὐτῶν,
708 4358 795 4401 νῦν
840 4352 985 4405 αὐτοὶ
1030 4353 1142 4424 (47)
1187 4363 1337 4407 τοῦτο
1379 4356 1637 4426 λέγουσιν,
1684 4363 1889 4432 ἄγοντες

292 4437 369 4497 εἰς
416 4442 569 4511 πέρας
616 4443 709 4497 τὴν
758 4444 1003 4498 τοιαύτην
1046 4448 1382 4515 προφητείαν.
1431 4451 1725 4519 Γέγραπται
1764 4454 1885 4525 γάρ·

289 4526 544 4579 Ἠλπισεν
642 4527 726 4580 ἐπὶ
835 4532 1041 4603 Κύριον,
1136 4532 1389 4604 ῥυσάσθω

294 4618 442 4668 σάτω
513 4616 685 4683 αὐτὸν,
764 4619 843 4669 ὅτι
904 4618 1032 4671 θελει
1104 4619 1305 4689 minim]

1490 4536 1664 4597 αὐτόν,
1764 4540 1889 4608 [σω-

1382 4622 1581 4693 Ἔλεγον
1634 4626 1721 4676 οὗν
1774 4626 1888 4680 ἐπι-

291 4711 675 4777 κερτομοῦντες·
725 4708 970 4759 Πέποιθεν
1019 4706 1101 4759 ἐπὶ
1148 4713 1233 4760 τὸν
1265 4714 1412 4777 Θεὸν,
1455 4714 1522 4774 ὡς
1556 4716 1669 4774 Υἱός
1707 4716 1886 4783 αὐτοῦ,

293 4794 515 4851 σωθήτω
557 4794 676 4867 παρ’
731 4794 910 4849 αὐτοῦ.
965 4802 1127 4848 Τοῦτο
1186 4794 1245 4850 δὲ
1296 4798 1486 4871 ὓεγον,
1537 4801 1640 4873 οὐχ
1689 4806 1752 4864 ὡς
1799 4814 1889 4858 τοῦ

291 4889 428 4936 Θεοῦ
467 4886 538 4953 μὴ
596 4879 882 4955 δυναμένου
936 4885 1206 4959 ῥύσασθαι
1257 4887 1432 4939 αὐτόν·
1482 4888 1584 4941 ἀλλ’
1626 4894 1693 4953 ὡς
1732 4893 1889 4947 αὐτοῦ

1268 339 1634 397 ΟΟΜΜΕΝΤ.
1679 338 1746 394 ΙΝ
1786 336 2227 395 ΜΑΤΤΗιΕΗΜ.
2272 370 2338 379 -
2376 338 2531 395 CAP.
2574 339 2799 397 XXVII.

1524 464 1633 516 Ούκ
1719 462 1895 515 ἀλλοιῶ

2012 470 2205 519 autem
2235 465 2484 520 omnino
2533 466 2971 537 providentiam
3000 467 3198 524 titulus
3250 479 3432 539 super
3462 466 3658 523 solam

3555 337 3660 395 730

2013 553 2222 609 Christi
2247 570 2479 609 crucem
2521 556 2752 627 positus
2785 563 2893 612 est.
2924 559 3070 613 Cum
3119 557 3278 613 enim
3308 563 3419 612 tres
3452 572 3656 612 cruces

2012 642 2187 697 simul
2220 646 2371 698 terra
2421 650 2561 699 tunc
2591 645 2996 713 obruerentur,
3048 646 3247 702 multis
3291 646 3656 717 temporibus

2010 731 2291 802 requisita
2319 734 2701 803 postmodum
2750 735 2976 790 Domini
3018 751 3181 805 crux,
3215 753 3250 791 a
3281 735 3445 792 titulo
3478 735 3657 807 potis-

2011 819 2230 874 simum
2258 820 2365 877 fuit
2405 822 2658 892 cognita.

2083 1032 2239 1087 Vers.
2297 1034 2382 1088 38.
2424 1034 2584 1091 Tunc
2632 1065 2701 1077 -—
2738 1035 3011 1090 sinistris.
3061 1038 3125 1091 Et
3154 1040 3267 1091 hoc
3313 1037 3657 1092 Judaaorum

2011 1137 2195 1194 opera
2224 1122 2447 1179 factum
2486 1128 2592 1187 est,
2641 1129 2704 1181 ut
2733 1125 2793 1180 in
2824 1125 3018 1180 medio
3057 1126 3315 1180 duorum
3356 1125 3661 1180 maleﬁco-

2010 1226 2143 1265 rum
2172 1211 2454 1281 pendens,
2488 1217 2542 1267 et
2568 1212 2695 1285 ipse
2752 1214 3061 1269 maleﬁcus
3089 1218 3390 1286 putaretur
3428 1230 3441 1268 :
3475 1216 3659 1283 utque

2011 1299 2385 1370 participatio
2399 1302 2668 1372 supplicii
2684 1303 3033 1374 participem
3047 1319 3281 1374 quoque
3300 1318 3434 1356 eum
3450 1301 3661 1373 praedi-

2012 1393 2170 1444 caret
2214 1390 2516 1447 maleﬁcii.
2555 1392 2637 1447 0b
2684 1392 2799 1446 hoc
2826 1392 3119 1463 siquidem
3150 1407 3289 1445 eum
3320 1391 3547 1446 cunctis
3577 1391 3661 1445 vi-

2011 1477 2293 1557 dentibus
2315 1479 2553 1550 publice
2577 1480 3019 1536 cruciﬁxerunt.
3053 1480 3197 1535 Dicit
3217 1485 3415 1535 autem
3445 1479 3523 1550 (b)
3549 1480 3661 1534 Lu-

2009 1581 2111 1621 cas
2153 1567 2309 1638 quod
2351 1572 2529 1624 staret
2558 1568 2819 1640 populus
2851 1574 3147 1640 spectans,
3184 1574 3365 1640 utque
3401 1568 3475 1639 (c)
3510 1567 3660 1623 mili-

2010 1657 2135 1710 tum
2163 1656 2444 1711 manibus
2470 1658 2907 1727 cruciﬁgeretur
2940 1658 3222 1714 laborans
3255 1659 3359 1729 (ά),
3384 1665 3440 1713 et
3458 1657 3657 1712 modis

1935 1760 1977 1815 Β
2008 1745 2291 1800 omnibus
2320 1745 2544 1801 faciens
2572 1746 2665 1817 (e).
2703 1752 2766 1801 ut
2806 1763 2989 1817 prava
3031 1747 3105 1802 de
3135 1763 3206 1802 eo
3259 1746 3461 1818 opinio
3493 1746 3657 1816 apud

2007 1849 2219 1888 omnes
2248 1833 2678 1889 diffunderetur
2725 1837 2795 1891 ⁵³.
2837 1835 3140 1905 Completa
3166 1851 3408 1907 quoque
3451 1841 3537 1889 est
3561 1834 3657 1889 hic

2009 1922 2177 1976 Isaiae
2204 1922 2505 1993 prophetia
2550 1939 2685 1995 quae
2733 1923 2875 1979 dicit
2906 1925 3016 1979 :Et
3065 1940 3191 1979 cum
3223 1924 3432 1993 iniquis
3484 1923 3657 1993 depu-

2009 2016 2168 2067 tatus
2199 2017 2304 2065 est.
2346 2012 2412 2064 ⁵⁸.

2082 2102 2208 2155 Duo
2228 2115 2369 2154 vero
2392 2099 2648 2154 latrones
2669 2099 2819 2155 duos
2839 2099 3095 2171 populos
3116 2099 3485 2168 aenigmatice
3510 2098 3658 2168 ﬁgu-

2007 2192 2233 2252 rarunt,
2257 2194 2509 2243 veterem
2530 2189 2752 2244 scilicet
2774 2204 2842 2244 ac
2859 2204 3102 2244 novum.
3121 2192 3339 2244 Horum
3359 2188 3657 2259 siquidem

2008 2276 2104 2332 ille
2134 2277 2520 2348 blasphemiis
2553 2294 2690 2332 eum
2736 2284 3024 2349 appetens
3077 2283 3348 2333 mortuus
3379 2282 3463 2332 est
3499 2298 3508 2340 ;
3560 2276 3656 2332 hic

2007 2370 2208 2421 autem
2241 2366 2428 2421 Deum
2458 2366 2519 2421 in
2566 2367 2685 2421 ﬁne
2718 2366 2958 2421 tandem
2986 2366 3147 2421 hunc
3187 2365 3433 2434 agnovit
3483 2383 3495 2430 ;
3529 2365 3655 2435 ipse

2008 2470 2143 2509 vero
2185 2454 2416 2509 medius
2468 2455 2618 2510 inter
2647 2455 2757 2509 hos
2813 2454 3111 2525 pependit,
3168 2458 3369 2525 utpote
3420 2453 3654 2508 medius

2006 2541 2250 2599 effectus
2280 2543 2607 2600 interVetus
2635 2546 2981 2614 Novumque
3008 2545 3462 2599 Testamentum-

2076 2759 2240 2813 Vers.
2274 2761 2360 2814 39.
2423 2758 2536 2824 Qui
2573 2765 2768 2814 autem
2818 2789 2885 2798 —
2942 2760 3100 2812 Vers.
3145 2758 3231 2812 40.
3290 2772 3482 2813 cruce.
3540 2756 3650 2823 Qui

1930 2843 1971 2898 C
2005 2847 2403 2920 praeteribant,
2439 2852 2579 2918 puta
2608 2847 2707 2903 illa
2754 2847 2848 2902 via
2878 2847 3090 2903 Judaei.
3122 2848 3355 2901 Marcus
3399 2861 3533 2900 vero
3573 2846 3656 2902 ait

2002 2936 2168 3008 quod
2191 2936 2499 2992 dicebant:
2526 2936 2655 2992 Vah
2676 2939 2779 3009 qui
2802 2936 3078 2993 destruis.
3109 2937 3178 3001 ⁵⁸,
3210 2939 3319 2991 etc.
3345 2937 3654 2991 Estautem

2003 3025 2102 3079 6υά
2119 3026 2411 3082 irridentis
2438 3042 2508 3082 ac
2535 3026 2954 3082 subsannantis
2979 3024 3334 3081 adverbium
3358 3024 3544 3095 (quod
3573 3024 3655 3079 in-

2004 3117 2133 3173 Vah
2164 3116 2490 3187 vertimus).
2548 3116 2681 3171 Haec
2712 3121 2912 3172 autem
2961 3114 3013 3170 ei
3042 3115 3217 3187 quasi
3246 3112 3521 3169 mendaci
3568 3113 3655 3168 di-

2004 3204 2221 3263 cebant
2253 3204 2663 3275 suggillantes.

2077 3295 2235 3347 Vers.
2266 3295 2352 3346 4i.
2387 3293 2669 3349 Similiter
2723 3322 2795 3336 —
2849 3293 2991 3348 Vers
3042 3292 3131 3346 42.
3164 3289 3405 3345 Salvum
3450 3290 3655 3358 facere

2007 3382 2299 3447 Similiter,
2334 3386 2576 3453 propter
2620 3381 3059 3452 blasphemiam
3112 3380 3268 3435 dicit.
3303 3381 3451 3434 Nam
3507 3383 3563 3433 et
3589 3378 3652 3434 hi

2004 3486 2244 3542 quoque
2256 3469 2644 3541 blasphemiis
2668 3486 2803 3525 eum
2824 3468 3209 3541 appetebant,
3238 3467 3344 3523 etsi
3372 3466 3498 3523 aliis
3522 3482 3651 3522 ver-

2001 3561 2115 3616 bis.
2169 3560 2450 3615 Dixerunt
2505 3563 2725 3615 autem:
2757 3559 2917 3615 Alios
2946 3560 3134 3615 salvos
3159 3558 3327 3628 fecit,
3362 3555 3654 3614 miracula

2002 3650 2131 3720 ejus
2155 3648 2607 3718 calumniantes,
2661 3652 2949 3720 tanquam
3002 3647 3317 3719 praestigiis
3346 3645 3502 3702 facta
3530 3646 3653 3702 fue-

2001 3738 2137 3794 rint.

2070 3827 2236 3882 Vers.
2272 3829 2359 3881 42.
2398 3826 2467 3882 Si
2505 3855 2573 3864 —
2602 3826 2665 3880 in
2722 3840 2869 3881 eum.
2931 3827 3050 3880 Hoc
3081 3824 3353 3879 dicebant
3412 3825 3652 3894 propter

2002 3916 2150 3972 tituli
2203 3915 2670 3986 inscriptionem.
2737 3916 2885 3969 Cum
2948 3914 3107 3969 enim
3161 3929 3277 3968 non
3352 3911 3654 3984 potuerint

2002 4021 2137 4061 eam
2177 4005 2535 4070 subvertere,
2567 4002 2781 4059 falsam
2840 4004 3109 4059 nituntur
3159 4002 3321 4058 illam
3377 4015 3648 4070 arguere,

2000 4111 2071 4150 eo
2100 4095 2265 4167 quod
2317 4094 2428 4149 sibi
2482 4092 2899 4164 impossibillia
2952 4091 3290 4165 quaesierit”
3345 4094 3411 4146 Et
3448 4090 3651 4161 utique

1926 4157 1970 4210 Ι)
2000 4183 2415 4247 descendisset,
2449 4183 2497 4237 si
2518 4181 2631 4253 ipsi
2661 4182 2931 4238 credituri
2960 4181 3222 4237 fuissent.

2074 4276 2229 4329 Vers.
2259 4276 2347 4328 43.
2381 4272 2627 4343 Conﬁdit
2668 4302 2724 4311 —
2748 4272 2931 4339 ﬁlius.
2962 4270 3131 4336 Quod
3166 4268 3433 4341 praedixit
3460 4269 3651 4325 David

1999 4363 2060 4417 in
2089 4378 2349 4435 persona
2396 4377 2604 4417 eorum
2639 4360 2774 4428 hoc,
2805 4358 2913 4431 ipsi
2967 4375 3130 4414 nunc
3175 4358 3398 4423 dicunt,
3445 4357 3651 4429 hujus-

2000 4450 2166 4507 modi
2188 4450 2566 4522 prophetiam
2593 4449 2670 4505 ad
2695 4448 2877 4503 ﬁnem
2911 4447 3300 4519 perducentes
3324 4465 3337 4513 ;
3364 4448 3650 4519 scriptum

1999 4545 2088 4596 est
2115 4540 2272 4595 enim
2308 4556 2320 4594 :
2352 4540 2622 4608 Speravit
2654 4540 2717 4593 in
2746 4536 3072 4601 Dominum,
3104 4537 3322 4604 eripiat
3352 4552 3502 4605 eum,
3536 4538 3650 4592 sal-

1999 4644 2137 4685 vum
2166 4629 2345 4700 faciat
2384 4644 2535 4694 eum,
2588 4626 2867 4698 quoniam
2900 4627 3029 4681 vult
3078 4640 3209 4680 eum
3266 4626 3334 4680 ⁵⁵.
3372 4624 3651 4681 Dicebant

1999 4733 2141 4787 ergo
2164 4717 2417 4774 convitia
2442 4713 3025 4786 jactanteszconﬁdit
3045 4714 3101 4768 in
3132 4714 3337 4780 Deum,
3356 4718 3647 4784 tanquam

2000 4807 2171 4862 Filius
2203 4807 2353 4879 ejus,
2397 4809 2655 4861 servetur
2687 4802 2758 4858 ab
2790 4817 2879 4857 eo.
2915 4802 3037 4857 Hoc
3095 4807 3291 4858 autem
3346 4801 3644 4869 dicebant,

2000 4912 2119 4952 non
2143 4894 2307 4967 quod
2339 4898 2491 4950 Deus
2521 4908 2657 4949 eum
2691 4906 2927 4948 servare
2948 4906 3069 4947 non
3095 4896 3313 4963 posset,
3347 4890 3450 4948 sed
3481 4894 3649 4963 quod

364 5026 412 5061 ⁸³
439 5025 577 5081 Luc.
609 5042 771 5093 mn,
805 5027 893 5083 35.
972 5028 1020 5064 ⁸³
1064 5028 1180 5086 Isa.
1214 5046 1330 5101 Lm,
1358 5032 1445 5087 12.
1523 5033 1571 5069 ⁸⁸
1602 5037 1774 5092 Marc.
1810 5054 1895 5106 xv,

2014 5080 2026 5093 .
2105 5040 2153 5075 ⁵⁵
2178 5038 2319 5093 ΡεαΙ·
2355 5054 2474 5103 xxx,
2502 5037 2556 5090 9.

1650 5160 1871 5231 Variae
1917 5162 2269 5232 lectiones.

363 5292 480 5434 ΞΗ)
510 5290 568 5345 Ὀ
600 5291 769 5348 abest
805 5298 859 5347 B.

389 5366 479 5434 45)
503 5362 562 5416 Ἦ
592 5371 682 5415 τοῦ
702 5364 859 5417 Ἦσαῖ

389 5362 479 5434 45)
503 5362 562 5416 Ἦ
592 5371 682 5415 τοῦ
702 5364 940 5429 Ἡσαΐου,
969 5364 1183 5423 absunt
1212 5377 1277 5422 Α.

361 5538 438 5611 (b)
480 5539 656 5623 Dicit.
692 5540 885 5623 malim
929 5540 1105 5596 etiam
1147 5548 1283 5601 ante
1314 5545 1460 5603 dicit
1492 5550 1548 5604 et
1576 5554 1710 5621 post
1738 5567 1884 5623 spec-

289 5617 423 5683 tans
453 5611 575 5683 duo
596 5617 819 5683 puncta
848 5627 1089 5683 ponere.

364 5681 438 5754 (ο)
460 5681 575 5739 Pro
598 5681 799 5755 utque,
834 5681 1043 5740 malim
1075 5690 1129 5741 et
1160 5689 1245 5741 ut.

2091 5304 2180 5361 46)
2211 5311 2374 5357 Τοῦτο
2405 5311 2492 5356 νῦν
2522 5302 2691 5356 αὐτοί.
2732 5309 2793 5358 Δ.

2091 5304 2158 5361 46
2211 5311 2374 5357 Τοῦτο
2405 5311 2492 5356 νῦν
2522 5304 2691 5356 αὐτοί.
2732 5309 2793 5358 Δ.

2066 5304 2180 5450 $47;
2209 5377 2439 5433 Inclusa
2473 5375 2707 5432 desunt.
2762 5375 2829 5429 A.

2065 5554 2148 5625 (d)
2184 5553 2508 5609 Laborans.
2538 5551 2936 5625 Laborarunt.

2060 5622 2139 5697 (ἐ)
2166 5625 2356 5682 Medis
2380 5624 2653 5681 omnibus
2678 5624 2930 5694 faciens.
2976 5623 3190 5682 Omnia
3217 5622 3507 5681 fecerunt.
