4170 6334
348 369 462 426 733

1252 369 1624 428 COMMENT.
1676 368 1746 424 IN
1786 363 2234 423 MATTI-IAEUM-
2275 394 2345 407 -ο
2382 362 2539 421 CAP.
2583 363 2810 423 XXVII.

3604 359 3712 417 734

425 496 581 550 Ἐστι
634 493 694 550 δέ
743 502 833 550 καὶ
882 498 1057 570 ἑτέρως
1105 497 1264 550 εἰπεῖν
1310 499 1411 565 ὅτι,
1456 493 1563 556 ἤδη
1611 495 1942 552 ἀποθνήσκων

2130 492 2322 547 Potest
2350 496 2548 547 autem
2580 493 2635 547 et
2667 491 2833 546 aliter
2856 490 2997 559 dici,
3038 489 3203 562 quod
3230 489 3359 560 jam
3386 502 3491 560 pro
3518 487 3710 544 homi-

351 586 483 658 ὑπὲρ
566 594 664 638 τῶν
737 585 1035 661 ἀνθρωπων,

351 671 638 746 ἀνθρώπων
716 673 963 733 ἀνεϐόησε
1038 679 1131 733 τὴν
1191 672 1511 732 δηλωθείσαν
1568 680 1756 745 φωνήν,
1817 677 1951 729 Φησὶ

350 766 459 834 γὰρ
530 764 554 813 6
622 765 869 834 Θεολὸγος
950 768 1227 837 Γρηγόριος
1297 764 1377 814 ὃτι
1456 761 1503 813 ἐν
1575 762 1741 832 ἐαυτῷ
1796 768 1952 813 τυποῖ

351 854 414 902 τὸ
480 853 742 924 ἡμέτερον.
800 850 969 923 Ἡμεῖς
1023 855 1126 926 γὰρ
1172 852 1297 924 ἦμεν
1347 853 1395 902 οἱ
1443 850 1950 922 ὶγκαταλιλειμμένοι

350 944 445 992 καὶ
496 944 884 1014 παρεωραμένοι
942 946 1212 1015 πρότερον,
1257 936 1367 993 εἶτα
1416 947 1504 991 νῦν
1567 939 1949 1015 προσειλημμέ-

347 1047 430 1080 νοι
455 1034 546 1080 καὶ
569 1034 887 1100 σεσωσμένοι
914 1038 1022 1089 τοίς
1052 1030 1211 1082 αὐτοῦ
1240 1031 1450 1083 πάθεσι.

422 1120 562 1177 Τινὲς
593 1149 661 1159 -—
690 1117 853 1179 οὗτος.
889 1126 1206 1193 Στρατιώται
1235 1124 1322 1171 καὶ
1355 1118 1493 1171 οὗτοι
1522 1120 1657 1176 ἦσαν
1681 1118 1944 1184 Ῥωμαῖοι,

350 1210 448 1264 τὴν
476 1204 729 1279 Ἐϐραίδα
758 1213 926 1279 φωνὴν
954 1208 1269 1279 ἁγνοοῦντις.

425 1296 529 1349 Καὶ
603 1295 787 1357 εὐθέως
852 1327 920 1337 -
986 1296 1217 1359 ἐπότιζεν
1277 1298 1448 1351 αὐτόν.
1518 1298 1730 1358 Παίζων
1793 1305 1946 1350 τοῦτο

350 1389 603 1442 πεποίηκε
655 1386 767 1455 (49)
807 1395 1119 1461 παρηγορῶν
1168 1384 1345 1453 δῆθεν,
1396 1390 1568 1449 καθὼς
1624 1391 1713 1439 καὶ
1768 1388 1792 1439 6
1847 1390 1947 1462 πρὸ

348 1473 532 1543 αὐτοῦ,
575 1474 605 1532 ἦ
656 1478 746 1526 καὶ
793 1476 875 1527 ἶνα
927 1478 956 1534 ἠ
1018 1474 1281 1549 δριμύτης
1319 1484 1406 1529 τοῦ
1456 1476 1605 1539 ὄξους
1667 1479 1944 1551 προσθήκη

347 1566 563 1633 γένηται
593 1570 685 1625 τῆς
717 1560 875 1623 ὀδύνη
886 1585 924 1627 ς.

423 1652 491 1703 Οἱ.
520 1681 587 1692 -
618 1652 798 1711 αὐτόν,
839 1657 1045 1724 Μάρκος
1104 1651 1163 1706 δέ
1215 1674 1372 1725 φησιν
1412 1656 1489 1707 ὅτι
1538 1656 1692 1717 αὐτὸς
1722 1655 1884 1727 ὓεγεν
1924 1672 1936 1684 ·

348 1738 558 1811 Ἀφετε,
600 1737 815 1813 ἴδωμεν,
872 1742 916 1794 εἰ
971 1746 1181 1815 ἔρχεται
1242 1743 1416 1804 Ἠλίας
1475 1744 1701 1797 καθελεῖν
1769 1745 1942 1799 αὐτὸν.

347 1828 505 1893 Εἰκὸς
534 1826 568 1882 δ
572 1833 593 1882 's
612 1838 764 1883 τοῦτο
794 1830 954 1903 λέγειν
979 1831 1248 1893 κάκείνους
1271 1838 1361 1886 καὶ
1389 1841 1589 1887 τοῦτον.

1115 592 1375 660 προσώπῳ
1437 593 1529 637 τοῦ
1607 589 1786 655 γένους
1853 593 1949 636 τῶν

418 2042 477 2095 Ὀ
528 2040 586 2096 δι
638 2044 847 2107 Ἰησοῦς
898 2077 965 2087 --
1008 2054 1234 2118 πνεῦμα.
1308 2052 1400 2109 Τίς
1472 2044 1530 2100 δὲ
1583 2049 1645 2107 ἦν
1698 2050 1727 2107 ἠ
1780 2053 1941 2119 φωνὴ,

347 2128 610 2189 ἕδήλωσεν
642 2135 667 2185 6
718 2139 939 2199 Λουκας,
988 2136 1067 2187 ὅτι
1120 2138 1308 2208 Πάτερ,
1367 2136 1439 2197 εἰς
1494 2139 1676 2208 χεῖράς
1722 2156 1813 2189 σου
1849 2156 1943 2188 πα-

345 2223 651 2294 ραθήσομαι
698 2225 755 2275 τὸ
804 2226 1003 2296 πνεῦμά
1044 2244 1165 2295 μου.
1224 2224 1440 2297 Ἔκραξε
1491 2222 1548 2277 δε
1598 2233 1734 2297 φωνῇ
1787 2227 1945 2297 μεγά-

345 2309 436 2382 λη,
497 2311 579 2362 ἵνα
632 2314 818 2372 πάντες
871 2311 1157 2381 ἀκούσωσι,
1215 2318 1302 2364 καὶ
1354 2315 1537 2375 πάντες
1589 2311 1799 2366 εἰδῶσιν
1866 2316 1944 2366 ὅτι

347 2402 515 2472 μέχρι
571 2408 665 2462 τῆς
722 2400 1008 2462 τελευταίας
1064 2403 1201 2476 ὧρας
1264 2406 1461 2475 πατέρα
1511 2406 1596 2454 τὸν
1654 2406 1780 2455 Θεὸν
1840 2402 1944 2455 ὀνο-

347 2488 529 2561 μάζει,
573 2493 661 2540 καὶ
715 2489 853 2560 αὐτῷ
900 2494 957 2542 τὸ
1018 2497 1119 2543 πᾶν
1171 2489 1469 2557 ἀνατίθησι,
1528 2496 1614 2543 καὶ
1665 2492 1758 2543 οὐκ
1804 2494 1944 2543 ἔστιν

349 2576 580 2639 ἀντίθεος
634 2599 646 2611 ·
702 2581 774 2630 ἔτι
829 2575 885 2631 δε
932 2584 1022 2631 καὶ
1079 2583 1162 2631 ἵνα
1225 2583 1462 2653 μάθωσιν
1516 2582 1593 2632 ὅτι
1646 2582 1760 2632 κατ’
1801 2579 1946 2642 ἐξου-

352 2672 493 2732 σίαν,
565 2668 646 2720 ὅτε
730 2667 998 2737 ἠθέλησεν,
1072 2667 1406 2727 ἀποθνήσκει.
1459 2668 1583 2721 Ὀτε
1646 2672 1746 2742 γὰρ
1810 2668 1943 2722 εἶπεν

349 2758 433 2807 ὅτι
464 2758 652 2829 Πάτερ,
706 2757 779 2816 εἰς
828 2759 1012 2829 χεῖράς
1054 2777 1147 2809 σου
1202 2760 1579 2831 παραθήσομαι
1633 2762 1691 2811 τὸ
1744 2760 1943 2830 πνεῦμά

346 2864 472 2918 μου,
530 2850 644 2899 τότε
694 2845 872 2898 λοιπὸν
921 2854 993 2917 τῷ
1061 2848 1262 2918 θανάτῳ
1317 2854 1664 2922 παρεχώρησε
1722 2852 1939 2922 προσέρ-

348 2934 550 3005 χεσθαι
580 2934 737 3004 αὐτῷ.

427 3021 536 3073 Οὐκ
582 3020 686 3075 εἶπε
738 3019 796 3075 δὲ
848 3025 928 3075 ὅτι
976 3026 1330 3098 Παρατίθημι,
1400 3024 1505 3077 ἀλλ’
1564 3027 1643 3078 ὅτι
1692 3028 1940 3099 Παραθή·

2060 580 2242 635 nibus
2293 580 2553 635 moriens
2595 579 2654 635 in
2702 595 2956 650 persona
2985 580 3217 651 generis
3261 578 3512 633 humani
3550 578 3709 634 dicta

2059 669 2337 724 clamavit
2380 682 2551 725 voce.
2627 668 2721 723 Ait
2770 670 2929 724 enim
2988 668 3301 738 Gregorius
3352 667 3706 737 Theologus,

2059 758 2223 829 quod
2253 758 2313 811 in
2346 758 2542 829 seipso
2572 757 2787 825 ﬁgurat
2825 757 2989 829 quod
3021 762 3287 812 nostrum
3318 758 3413 814 est
3442 772 3454 821 ;
3491 771 3601 810 nos
3633 756 3707 810 si-

2058 846 2303 917 quidem
2318 846 2577 918 primum
2592 846 2848 901 derelicti
2867 862 3095 901 eramus
3110 862 3176 900 ac
3189 844 3470 917 despecti,
3490 844 3707 899 deinde

2060 949 2219 989 nunc
2249 935 2544 1007 assumpti
2569 951 2636 991 ac
2666 935 2877 991 servati
2922 950 3129 990 sumus
3166 934 3319 988 illius
3364 932 3707 989 afﬂictioni-

2057 1022 2192 1078 bus.

2133 1113 2289 1168 Vers.
2320 1115 2407 1167 47.
2445 1112 2696 1180 Quidam
2711 1112 2919 1168 —iste.
2934 1110 3139 1166 Milites
3161 1110 3221 1166 hi
3242 1114 3411 1165 erant
3427 1108 3702 1179 Romani,

2055 1216 2264 1257 vocem
2298 1201 2645 1257 Hebraicam
2675 1203 3037 1271 ignorantes.

2128 1290 2288 1345 Vers.
2333 1294 2421 1345 48.
2472 1290 2806 1361 Statimque
2834 1322 2903 1330 —
2941 1295 3008 1345 ut
3054 1289 3289 1344 biberet.
3346 1288 3465 1343 Hoc
3524 1286 3704 1342 etiam

2056 1376 2265 1432 ludens
2291 1378 2425 1434 fecit
2454 1378 2531 1434 ad
2562 1378 2811 1433 modum
2840 1377 3201 1433 consolantis
3223 1377 3372 1431 sicut
3400 1380 3456 1431 et
3488 1390 3705 1447 praece-

2055 1465 2279 1530 dentes,
2313 1473 2415 1523 aut
2444 1467 2623 1523 etiam
2654 1471 2715 1522 ut
2769 1466 2918 1522 aceti
2959 1466 3251 1522 acerbitas
3290 1464 3509 1521 additio
3538 1464 3705 1520 ﬁeret

2054 1553 2133 1610 illi
2164 1556 2406 1611 doloris.

2126 1646 2283 1699 Vers.
2316 1647 2403 1701 49.
2441 1645 2658 1701 theri
2685 1675 2752 1685 —
2780 1660 2931 1699 eum.
2966 1647 3191 1700 Marcus
3221 1658 3363 1699 vero
3401 1642 3504 1706 ait,
3538 1640 3703 1713 quod

2053 1732 2166 1788 hoc
2195 1733 2406 1789 dixerit
2438 1751 2454 1788 :
2484 1734 2695 1799 Sinite,
2746 1733 3050 1790 videamus
3082 1747 3161 1788 an
3194 1735 3391 1789 veniat
3423 1732 3590 1787 Etias
3620 1731 3704 1787 ad

1976 1837 2018 1891 Β
2054 1822 2454 1893 deponendum
2484 1838 2628 1878 eum.
2673 1821 2997 1879 Verisimile
3037 1826 3127 1877 est
3156 1826 3349 1877 autem
3376 1825 3434 1877 et
3458 1821 3619 1875 hunc
3645 1822 3703 1875 et

2054 1911 2181 1967 illos
2211 1911 2326 1967 hoc
2346 1911 2581 1967 dixisse.

2125 2000 2287 2055 Vers.
2322 2004 2409 2056 50.
2440 2002 2600 2056 Jesus
2647 2007 2839 2057 autem
2866 2029 2935 2041 —
2981 1999 3281 2068 spiritum.
3328 1998 3469 2061 Quae
3499 1999 3701 2052 autem

2052 2088 2227 2144 fuerit
2254 2104 2392 2154 vox,
2423 2088 2780 2158 signiﬁcavit
2821 2090 3023 2154 Lucas,
3057 2086 3328 2142 videlicet
3361 2100 3371 2138 :
3406 2086 3603 2148 Pater,
3641 2084 3702 2138 in

2051 2193 2258 2233 manus
2283 2183 2416 2234 tuas
2443 2178 2850 2233 commendabo
2878 2177 3153 2246 spiritum
3171 2190 3361 2231 meum
3385 2175 3451 2227 σο.
3474 2173 3702 2229 Clama-

2052 2266 2136 2321 vit
2160 2271 2361 2321 autem
2392 2282 2538 2321 voce
2581 2282 2823 2336 magna,
2872 2270 2935 2321 ut
2985 2280 3198 2320 omnes
3242 2262 3534 2328 audirent,
3576 2277 3703 2317 om-

2052 2371 2277 2427 nesque
2300 2355 2540 2423 scirent,
2567 2354 2730 2426 quod
2756 2355 2832 2409 ad
2858 2360 3185 2409 extremum
3214 2367 3401 2423 usque
3429 2351 3701 2422 spiritum

2053 2448 2281 2500 Patrem
2303 2447 2486 2499 Deum
2504 2443 2843 2515 appellaret,
2880 2442 3157 2497 universa
3178 2441 3237 2496 in
3269 2456 3340 2495 eo
3362 2442 3695 2511 reponeret,

2053 2549 2159 2589 nec
2188 2538 2341 2588 esset
2368 2531 2421 2586 ei
2453 2531 2785 2587 contrarius
2819 2547 2831 2586 :
2865 2546 3057 2601 usque
3086 2530 3376 2585 discerent
3398 2527 3564 2599 quod
3591 2542 3701 2583 sua

2051 2626 2342 2693 potestate
2388 2620 2631 2692 quando
2667 2619 2852 2675 voluit
2891 2623 3163 2674 mortuus
3210 2622 3316 2673 est.
3362 2616 3507 2672 Cum
3538 2615 3699 2670 enim

2051 2710 2198 2765 dixit
2225 2726 2238 2765 :
2271 2710 2466 2775 Pater,
2498 2710 2562 2764 in
2592 2724 2800 2764 manus
2832 2713 2961 2763 tuas
2986 2706 3399 2764 commendabo
3428 2705 3699 2776 spiritum

2050 2814 2266 2862 meum,
2294 2802 2435 2854 tunc
2466 2798 2711 2853 demum
2737 2797 2914 2853 morti
2936 2796 3225 2868 permisit,
3258 2800 3322 2851 ut
3346 2793 3426 2851 ad
3456 2810 3517 2849 se
3538 2806 3701 2848 acce-

2050 2887 2233 2944 deret.

351 3127 533 3185 σομαι,
590 3108 758 3169 δηλῶν
807 3113 887 3164 ὅτι
952 3115 1083 3185 μετὰ
1144 3117 1328 3188 μικρὸν
1380 3112 1660 3169 ἑκπνεύσει.
1712 3118 1784 3167 Τὰ
1837 3118 1938 3189 γὰρ

2121 3125 2246 3179 Non
2268 3126 2467 3179 autem
2505 3120 2668 3188 dixit,
2704 3119 3091 3187 Commendo,
3140 3118 3245 3175 sed
3277 3117 3698 3176 Commendabo

344 3206 475 3277 μετὰ
538 3205 631 3259 τὴν
685 3200 955 3275 εἰρημένην
1011 3207 1238 3274 κραυγὴν
1308 3206 1623 3276 προσέθηκεν
1688 3206 1714 3257 6
1774 3206 1941 3259 Ἰωάνο

343 3312 454 3358 νης,
488 3294 556 3352 ὡς
602 3295 691 3342 καὶ
730 3290 864 3342 αὐτὰ
904 3291 1341 3364 παραλελειμμένα
1382 3300 1485 3353 τοῖς
1531 3294 1718 3361 ὀᾶλοις,
1760 3294 1938 3366 λέγων·

346 3384 690 3439 Εἱστηκεισαν
763 3377 822 3431 δὲ
895 3382 1039 3453 παρά
1098 3389 1169 3450 τῷ
1244 3391 1452 3454 σταυρῷ
1516 3391 1606 3434 τοῦ
1676 3383 1851 3441 Ἰησοῦ
1907 3386 1936 3441 ἡ

345 3476 538 3544 Μήτηρ
581 3470 761 3536 αὐτοῦ,
793 3472 976 3520 καὶτὰ
1019 3469 1154 3532 ἑξῆς.
1210 3472 1374 3523 Εἰπὼν
1433 3469 1511 3535 δὲ,
1556 3480 1666 3533 πῶς
1694 3475 1941 3546 παρέθετο

345 3564 443 3617 τὴν
500 3559 838 3630 ἠγαπημένην
886 3563 1097 3631 Μητέρα
1163 3558 1251 3611 xui.
1308 3562 1555 3633 παρθένον
1612 3570 1683 3631 τῷ
1738 3563 1944 3632 ἠγαπη-

345 3650 481 3718 μένῳ
531 3649 739 3719 μαθητῇ
790 3652 879 3699 καὶ
934 3650 1187 3722 παρθένῳ,
1238 3653 1327 3699 καὶ
1378 3658 1487 3710 πῶς
1540 3646 1774 3720 διψήσας
1835 3653 1942 3703 ἔπιε

348 3740 409 3788 τὸ
449 3734 583 3804 ὄξος,
614 3734 898 3788 τελευταῖόν
938 3756 1094 3808 φησιν
1128 3756 1140 3769 ο
1190 3736 1313 3790 Ὀτε
1364 3734 1450 3789 οὖν
1480 3738 1626 3791 ἔλαϐε
1670 3743 1728 3791 τὸ
1772 3740 1884 3802 ὄξος
1917 3742 1941 3792 6

349 3823 577 3889 Ἰησοῦς,
619 3822 745 3877 εἷπε.
812 3825 1112 3878 Τετέλεσται
1168 3844 1179 3854 ·
1235 3832 1324 3878 καὶ
1391 3827 1564 3889 κλίνας
1629 3832 1721 3886 τὴν
1786 3849 1943 3901 κεφα-

344 3912 460 3978 λὴν,
511 3910 778 3985 παρέδωκε
823 3918 880 3965 τὸ
928 3921 1146 3986 πνεῦμα.
1198 3920 1322 3989 Περὶ
1361 3916 1427 3966 ὧν
1484 3916 1719 3969 ἁπάντων
1781 3920 1940 3979 ζήτη-

347 4020 439 4053 σον
474 4000 520 4053 ὶν
548 4010 616 4072 τῷ
647 4004 778 4055 κατὰ
809 4002 1047 4060 Ἰωάννην
1086 4003 1397 4076 Εὐαγγελίῳ.

418 4092 527 4145 Καὶ
559 4087 676 4142 ἰδοὺ
717 4122 781 4130 —
835 4090 1184 4163 ἐσχίσθησαν.
1244 4094 1529 4165 [Ἐσχίσθη
1583 4095 1694 4166 (51)
1745 4098 1802 4147 τὸ
1850 4098 1941 4148 κά-

341 4179 525 4251 λυμμα
575 4187 665 4231 τοῦ
706 4188 850 4246 ναοῦ,
905 4184 991 4231 καὶ
1038 4179 1357 4243 ἀνεκαλῦφθη
1406 4186 1469 4235 τὰ
1514 4185 1940 4257 ὑποκεκρυμμένα

2051 3211 2392 3283 signiﬁcans
2419 3211 2583 3283 quod
2609 3211 2791 3283 paulo
2815 3214 2952 3283 post
2968 3210 3375 3281 exspiraturus
3408 3207 3498 3262 sit.
3536 3206 3698 3263 Unde

2048 3305 2107 3359 et
2134 3302 2413 3363 Joannes,
2455 3315 2589 3371 quae
2642 3303 2777 3370 post
2824 3299 3049 3353 dictam
3096 3313 3304 3352 vocem
3353 3296 3511 3351 facta
3562 3299 3700 3351 sunt

2049 3390 2243 3453 refert,
2263 3392 2551 3460 tanquam
2576 3387 2753 3442 etiam
2774 3387 2851 3442 ab
2878 3385 3007 3441 aliis
3030 3386 3426 3456 praetermissa
3451 3384 3656 3439 dicens
3681 3404 3695 3440 :

2047 3479 2257 3537 Stabat
2273 3483 2465 3533 autem
2483 3477 2662 3546 juxta
2682 3490 2909 3531 crucem
2930 3474 3091 3530 Iesus
3112 3475 3310 3530 Mater
3338 3476 3464 3543 ejus
3491 3474 3559 3538 ⁸1,
3584 3476 3694 3529 etc.

2050 3569 2161 3627 Ubi
2191 3573 2391 3623 autem
2442 3566 2606 3633 dixit,
2662 3566 2966 3637 quomodo
3008 3564 3288 3619 dilectam
3333 3564 3577 3619 Matrem
3628 3578 3699 3620 ac

2050 3658 2347 3727 Virginem
2379 3656 2594 3710 dilecto
2627 3652 3134 3709 commendaverit
3162 3652 3453 3725 discipulo
3486 3668 3556 3707 ac
3581 3651 3702 3708 vir-

2050 3746 2192 3817 gini,
2222 3750 2277 3801 et
2303 3743 2611 3816 quomodo
2642 3742 2857 3798 sitienti
2886 3741 3095 3797 datum
3127 3741 3199 3796 sit
3230 3746 3465 3797 acetum
3494 3741 3573 3797 ad
3602 3756 3701 3813 po-

2050 3833 2301 3890 tandum
2333 3849 2345 3899 ;
2378 3832 2617 3888 tandem
2640 3832 2720 3888 ait
2752 3847 2766 3886 :
2804 3830 3284 3887 Consummatum
3316 3836 3397 3886 est
3431 3832 3498 3882 ⁸³.
3532 3834 3587 3886 et
3616 3831 3702 3885 in-

2049 3923 2270 3978 clinato
2293 3921 2483 3992 capite
2500 3919 3051 3991 tradiditspiritum,
3074 3918 3147 3973 de
3178 3918 3393 3990 quibus
3420 3918 3703 3974 omnibus

2048 4027 2246 4084 quaere
2272 4010 2332 4065 in
2365 4008 2684 4079 Evangelio
2714 4007 3049 4063 secundum
3078 4009 3391 4063 Joannem.

2121 4100 2282 4154 Vers.
2314 4104 2397 4153 51.
2431 4099 2515 4155 Et
2544 4113 2672 4154 ecce
2698 4128 2767 4138 —
2797 4098 2993 4153 scissae
3023 4105 3151 4151 sunt
3184 4097 3291 4167 (τει-
3321 4097 3583 4153 Scissum
3614 4098 3704 4152 est

2048 4187 2451 4243 velamentum
2495 4186 2698 4258 templi
2732 4192 2787 4241 et
2814 4185 3076 4242 revelata
3124 4191 3262 4240 sunt
3292 4190 3448 4240 tecta
3488 4184 3598 4239 sub
3632 4199 3703 4240 eo

340 4271 510 4338 τούτῳ
724 4273 1014 4341 μυστήρια.
1069 4269 1292 4345 Ἐῤῥάγη
1347 4274 1413 4323 τὰ
1456 4281 1546 4324 τοῦ
1611 4276 1935 4347 γράμματος,

2060 4276 2354 4349 mysteria.
2388 4278 2580 4347 Rupta
2612 4280 2749 4330 sunt
2786 4291 2855 4331 ea
2885 4291 3019 4346 quas
3050 4280 3219 4330 erant
3256 4274 3482 4339 litterae,
3518 4288 3705 4345 appa-

340 4361 433 4409 καὶ
482 4356 637 4429 ἐφάνη
698 4358 765 4407 τὰ
812 4364 903 4407 τοῦ
955 4360 1262 4429 πνεύματος.
1314 4364 1404 4429 Ἦ]
1460 4362 1485 4413 ὁ
1528 4366 1617 4433 μεν
1662 4363 1806 4425 ἣλιος
1845 4364 1940 4436 ἠμ-

344 4448 559 4517 φιέσατο
613 4448 818 4512 σκότος,
862 4446 886 4495 6
934 4441 991 4497 δε
1029 4449 1144 4507 ναὸς
1184 4449 1373 4519 ἔσχισε
1424 4452 1480 4501 τὸ
1538 4456 1935 4520 καταπέτασμα,

346 4530 618 4593 δηλοῦντες
680 4534 759 4584 ὅτι
814 4535 1087 4585 πενθοῦσιν
1149 4534 1233 4587 ἐπὶ
1306 4544 1376 4606 τῷ
1440 4540 1719 4612 παραλόγῳ
1776 4544 1939 4612 τούτῳ

346 4623 583 4693 θεάματι.
627 4622 949 4673 Πενθοῦντων
992 4624 1092 4695 γὰρ
1134 4620 1262 4694 ἐστι,
1312 4630 1401 4676 καὶ
1443 4629 1501 4677 τὸ
1550 4628 1791 4701 ῥηγνύειν
1847 4634 1939 4687 τὴν

341 4708 562 4773 ἆσθῆτα,
620 4714 710 4761 καὶ
763 4712 821 4761 τὸ
872 4712 1229 4783 περιτίθεσθαι
1280 4712 1462 4771 στολὴν
1520 4714 1780 4785 μιλαιναν.
1836 4724 1942 4779 Τῆς

343 4796 404 4853 δὲ
468 4806 565 4870 γῆς
639 4798 958 4865 σεισθιίσης,
1019 4803 1107 4850 καὶ
1173 4808 1271 4851 τῶν
1331 4810 1528 4874 πετρῶν
1592 4806 1937 4875 σχισθεισών,

2048 4370 2295 4421 ruerunt
2348 4380 2417 4420 ea
2445 4380 2580 4436 quae
2640 4368 2779 4419 sunt
2808 4363 3069 4435 spiritus.
3117 4364 3262 4434 Aut)
3316 4366 3407 4419 sol
3458 4362 3705 4435 quidem

2051 4453 2307 4509 tenebris
2356 4452 2599 4508 indutus
2648 4456 2754 4517 est,
2788 4451 3075 4523 templum
3112 4468 3252 4507 vero
3302 4451 3473 4507 scidit
3504 4450 3705 4507 velum

2051 4558 2249 4607 suum,
2275 4541 2672 4612 signiﬁcando
2694 4540 2859 4613 quod
2879 4540 3453 4611 propterabsurdum
3478 4555 3546 4597 ac
3562 4540 3705 4595 irra-

2052 4630 2333 4687 tionabile
2369 4628 3148 4701 (g)spectaculumlugeret;
3183 4627 3515 4696 lugentium
3544 4627 3703 4683 enim

2053 4725 2140 4776 est
2184 4724 2401 4775 vestem
2449 4717 2736 4782 scindere,
2792 4717 3077 4788 nigraque
3150 4716 3318 4771 indui
3366 4716 3535 4772 stola.
3600 4716 3705 4770 Per

2053 4813 2270 4865 terram
2300 4811 2498 4864 autem
2534 4810 2783 4877 motam,
2818 4809 3135 4878 petrasque
3174 4804 3391 4863 scissas
3442 4803 3707 4865 ostendit

414 4924 462 4959 σθ
493 4924 668 4979 Marc.
699 4937 798 4989 xv,
832 4925 920 4979 36.
951 4922 997 4958 ⁸ο
1021 4922 1159 4979 Luc.
1188 4939 1347 4990 χχιιι,
1380 4927 1471 4984 46.
1502 4927 1545 4963 ⁶¹
1575 4927 1747 4986 Joan.
1771 4945 1894 4997 nx,
1921 4931 1942 4986 Ξ

2060 4934 2089 4968 ’³
2116 4931 2263 4987 Ibid.
2288 4934 2380 4986 30.

1706 5077 1931 5148 Varias
1967 5080 2316 5150 lectiones.

416 5243 527 5314 (49)
554 5241 899 5299 Addidcrim
921 5244 1008 5305 ὡς.
1038 5244 1227 5315 Atque
1252 5242 1335 5301 ita
1354 5243 1600 5302 fortasse
1626 5247 1944 5308 Hentenius

346 5314 530 5458 Ιϐῗέἱῧ)
566 5383 826 5459 Intelligo
853 5400 865 5441 ε
893 5384 952 5439 ὀ
976 5381 1331 5460 προσδραμὼν
1357 5391 1445 5441 καὶ
1472 5393 1709 5451 παίσας’

347 5562 429 5634 (g)
466 5562 811 5634 Absurdum
847 5578 921 5621 ac
947 5562 1382 5634 irrationabile.
1427 5568 1487 5622 tn
1517 5566 1723 5625 Graeco
1754 5584 1942 5625 unum

348 5633 437 5709 est
480 5633 1187 5710 vocabulumgwapalo'w.
1230 5636 1527 5710 Παράλογον
1581 5655 1725 5696 sane
1758 5646 1846 5697 est
1884 5642 1946 5698 id

348 5705 515 5777 quOd
544 5705 610 5763 ﬁt
634 5707 778 5777 παρὰ
820 5705 989 5776 λόγον,
1035 5705 1244 5765 contra
1278 5705 1587 5768 νὰιίοὴειη.
1630 5711 1829 5770 Malim
1863 5718 1945 5779 ll-

2100 5251 2238 5333 .(51)
2270 5250 2506 5309 Inclusa
2534 5251 2595 5307 in
2624 5266 2816 5323 marg.
2847 5249 3053 5310 habet.
3082 5251 3148 5307 A.
3177 5249 3462 5309 Omiserat
3488 5251 3704 5311 liente-

2052 5338 2209 5379 D1118.

2126 5394 2239 5467 (52)
2268 5398 2579 5468 Μυστηρίῳ.
2612 5394 2674 5450 B.

2052 5586 2212 5697 Enen,
2254 5570 2622 5641 inusitatum,
2662 5572 3010 5639 inauditum,
3041 5568 3704 5643 stupendum,fhorren-

2092 5659 2207 5697 um.

2092 5659 2207 5700 um.
