4170 6334
516 339 621 394 ’135

1823 333 2173 391 EUTYHMII
2211 331 2541 394 ZIGABENI

3769 337 3879 393 736

521 465 686 538 quod
738 467 948 536 potens
986 467 1140 518 esset
1167 463 1228 518 in
1276 477 1558 534 aggerem
1590 477 1693 518 eos
1760 463 2062 519 cumulare
2109 464 2166 516 et

2284 459 2465 526 ἔδειξεν
2497 465 2522 516 6
2567 467 2798 540 Χριστὸς
2850 466 2930 517 ὃτι
2975 461 3189 526 δυνατός
3235 465 3297 524 ἧν
3349 463 3615 536 ἐπιχῶσαι
3665 469 3756 516 καὶ
3784 483 3880 515 κα-

521 559 803 612 obruere:
839 555 942 610 sed
983 571 1097 610 non
1135 554 1307 610 vellet
1335 561 1577 626 propter
1602 570 1774 608 suam
1814 560 2166 611 mansuetu-

523 645 736 711 dinem,
785 649 839 700 et
870 650 1110 715 pr0pter
1134 643 1265 700 illos
1295 644 1400 716 qui
1430 660 1502 700 ex
1531 643 1615 698 eis
1643 646 1814 699 erant
1865 645 2164 714 credituri,

519 735 838 806 lucemque
875 733 1073 788 daturi
1111 734 1215 805 (ἡ).

595 825 836 895 Proprie
877 828 1074 878 autem
1134 823 1334 878 velum
1384 823 1589 895 templi
1641 822 1896 878 scissum
1949 827 2038 879 est
2093 823 2168 878 ad

521 927 728 967 eorum
775 911 1281 979 redargutionem,
1314 911 1408 966 cui
1444 911 1849 967 contradicere
1879 927 2002 967 non
2027 927 2167 983 pos-

522 1005 654 1056 sent
683 1018 695 1053 :
730 1005 793 1055 ut
822 999 869 1054 si
901 1001 1220 1054 niterentur
1245 999 1502 1064 causari,
1535 1005 1590 1054 et
1620 999 1697 1054 ad
1728 1015 1797 1054 ea
1827 1016 1962 1072 qua:
2002 1007 2168 1057 natu-

522 1090 722 1146 raliter
760 1088 1057 1157 accidunt,
1116 1087 1422 1160 passiones
1468 1088 1772 1144 obscurati
1817 1089 1960 1145 solis
2000 1095 2169 1146 terra;

524 1183 722 1243 motae,
775 1183 1189 1249 petrarumque
1228 1178 1547 1233 scissarum
1577 1179 1898 1236 reducere:
1945 1195 2013 1235 os
2058 1179 2170 1235 illis

524 1267 898 1322 obturaretur
937 1282 1041 1338 per
1083 1267 1195 1322 veli
1247 1267 1615 1335 scissionem,
1683 1285 1822 1324 cum
1885 1268 1995 1326 tale
2031 1270 2171 1340 quid

527 1371 654 1412 esse
675 1372 942 1427 unquam
964 1355 1190 1412 factum
1212 1357 1623 1413 demonstrare
1649 1373 1769 1414 non
1797 1365 2062 1430 possent.

597 1446 796 1501 Scisso
817 1449 1018 1500 autem
1040 1445 1188 1511 velo,
1212 1446 1475 1502 ostendit
1502 1447 1674 1514 Deus,
1698 1447 1865 1518 quod
1884 1463 1920 1503 a
1947 1447 2172 1519 templo

526 1535 728 1589 divina
769 1534 1064 1590 avolasset
1092 1535 1286 1604 gratia
1317 1551 1329 1588 :
1358 1535 1645 1607 quodque
1691 1536 1994 1608 interiora,
2025 1541 2174 1608 puta

525 1624 733 1679 Sancta
777 1627 1122 1679 sanctorum
1166 1623 1449 1679 omnibus
1488 1624 1694 1696 pervia
1745 1641 1816 1680 ac
1845 1626 2174 1697 conspicua

524 1712 939 1769 constituenda
952 1719 1146 1768 essent
1162 1729 1174 1766 :
1189 1713 1355 1784 quod
1373 1713 1552 1769 etiam
1567 1715 1956 1785 postmodum
1978 1715 2170 1785 ingre-

523 1801 821 1858 dientibus
851 1801 1134 1857 Romanis
1161 1800 1382 1857 factum
1414 1809 1520 1857 est.

595 1891 765 1954 Quod
795 1897 996 1945 autem
1030 1890 1175 1945 mihi
1207 1891 1399 1961 magis
1430 1891 1628 1962 placet
1659 1893 1860 1964 accipe
1891 1894 1983 1964 (ί).
2025 1894 2174 1955 Quia

525 1979 804 2033 interiora
848 1977 961 2032 veli
1015 1978 1208 2045 ﬁgura
1260 1987 1428 2034 erant
1480 1980 1628 2044 caeli,
1685 1983 1975 2037 exteriora
2031 1999 2172 2039 vero

526 2069 744 2122 terram
775 2065 1128 2135 ﬁgurabant,
1154 2066 1410 2120 scissum
1426 2067 1554 2137 jam
1576 2068 1796 2135 velum,
1820 2071 2176 2138 signiﬁcavit

525 2153 784 2209 divisum
809 2155 932 2224 jam
969 2170 1099 2209 esse
1132 2154 1396 2210 medium
1445 2155 1729 2227 parietem
1773 2159 1926 2214 inter
1955 2159 2172 2216 coelum

525 2249 582 2300 et
628 2249 845 2299 terram
890 2245 1059 2316 (puta
1088 2243 1483 2317 inimicitiam)
1513 2247 1612 2318 qui
1651 2246 1802 2303 inter
1830 2248 2017 2304 Deum
2049 2256 2175 2306 erat

525 2337 580 2388 et
630 2333 946 2388 homines:
1002 2336 1060 2388 et
1110 2332 1338 2388 factum
1381 2350 1509 2389 esse
1563 2335 1783 2392 coelum
1837 2337 2176 2395 hominibus

523 2422 815 2495 pervium'
851 2421 1044 2478 soluto
1069 2422 1197 2493 jam
1228 2438 1335 2493 per
1373 2423 1668 2480 Christum
1701 2425 2010 2483 obstaculo
2043 2444 2173 2483 me-

523 2512 625 2568 dio
655 2513 724 2578 ⁶³,
759 2511 978 2585 talique
1003 2512 1179 2569 nobis
1205 2529 1454 2569 ascensu
1479 2515 1784 2572 innovato.
1820 2517 2174 2574 Universali-

523 2605 612 2657 ter
638 2605 834 2657 autem
887 2617 1018 2673 qum
1049 2601 1205 2658 facta
1235 2606 1395 2668 sunt,
1419 2603 1639 2660 divinae
1671 2605 1773 2661 iraa
1806 2606 1976 2676 signa
2007 2613 2176 2665 erant

523 2689 868 2746 Judaeorum
889 2691 1392 2748 insensibilitatem
1417 2694 1923 2765 reprehendentia,
1955 2696 2174 2753 horum

523 2794 642 2851 que
671 2779 1063 2850 perditionem
1091 2780 1494 2851 praedicantia.

595 2869 756 2922 Vers.
783 2868 872 2920 52.
912 2869 990 2922 Et
1027 2897 1098 2908 -—-
1142 2877 1547 2926 surrexerunt.
1581 2871 1670 2926 Ad
1718 2872 2176 2931 demonstratio-

524 2971 661 3012 nem
698 2956 976 3027 potentiae
1007 2972 1130 3011 suae
1159 2963 1214 3012 et
1235 2957 1349 3012 hoc
1380 2958 1601 3014 factum
1636 2967 1740 3027 est,
1775 2967 2175 3037 terroremque

523 3045 905 3102 Judaeorum:
955 3051 1017 3100 ut
1064 3046 1520 3118 perpenderent,
1571 3051 1737 3122 quod
1787 3052 1837 3106 is
1887 3053 1990 3124 qui
2022 3055 2174 3110 adeo

525 3133 696 3190 facile
748 3139 1012 3190 mortuos
1069 3134 1413 3200 viviﬁcaret,
1471 3137 1706 3215 facilius
1759 3147 1960 3210 posset
2011 3143 2174 3198 vivos
2205 3167 2247 3225 ρ

525 3224 701 3279 morti
731 3223 894 3279 dare.
925 3223 1213 3280 Praeterea
1242 3227 1416 3282 etiam
1450 3226 1524 3282 ad
1559 3227 1770 3285 futurae
1801 3232 2176 3288 resurrectio-

524 3312 619 3368 nis
648 3313 1184 3370 conﬁrmationem.

597 3401 869 3457 Vers.53.
901 3403 980 3458 Et
1013 3434 1079 3444 —
1104 3405 1327 3460 multis.
1375 3405 1601 3474 Egressi
1631 3411 1770 3463 sunt
1797 3412 1854 3464 et
1884 3424 2179 3482 apparue-

525 3495 683 3556 runt,
717 3507 791 3546 ne
829 3491 1213 3564 phantastica
1241 3492 1516 3549 videatur
1554 3496 1966 3566 sepulcrorum
2009 3515 2178 3570 aper-

529 3580 630 3646 tio,
666 3595 736 3634 ac
765 3579 1192 3636 dormientium
1221 3583 1592 3639 resurrectio.
1639 3585 1776 3641 Post
1804 3589 2179 3645 resurrectio-

527 3685 667 3724 nem
699 3675 899 3724 autem
927 3670 1055 3739 ejus
1077 3671 1299 3740 egressi
1329 3677 1469 3726 sunt
1491 3673 1565 3730 de
1586 3674 1897 3746 sepulcris,
1922 3691 2176 3733 acvene-

525 3763 664 3816 ruut
691 3757 752 3814 in
783 3764 1046 3815 sanctam
1077 3759 1393 3828 civitatem,
1426 3767 1480 3818 et
1519 3770 1922 3836 apparuerunt
1959 3766 2176 3838 multis,

528 3853 594 3904 ut
631 3866 700 3904 ex
738 3865 946 3905 eorum
987 3851 1412 3908 resurrectione
1443 3853 1721 3909 certiores
1757 3854 2085 3912 reddantur
2127 3861 2183 3912 et

529 3939 603 3994 de
641 3941 1073 3996 resurrectione
1117 3940 1295 4011 illius,
1337 3942 1666 4013 cogitantes
1715 3945 1880 4015 quod
1925 3945 2027 4017 qui
2071 3945 2182 4001 hos

527 4028 924 4095 resuscitavit,
984 4029 1176 4084 multo
1233 4031 1426 4100 magis
1490 4033 1756 4104 seipsum
1814 4035 2182 4091 resuscitavit

531 4118 732 4174 Sancti
789 4133 926 4172 vero
983 4123 1380 4182 surrexerunt,
1436 4123 1501 4173 ut
1551 4120 1669 4175 ﬁde
1724 4121 1890 4191 digni
1939 4124 2181 4178 videan-

529 4210 644 4270 tur,
677 4205 780 4275 qui
809 4205 883 4259 de
936 4204 1158 4260 cbristo
1197 4205 1544 4277 loquuntur.
1607 4210 1928 4280 Postquam
1979 4216 2179 4268 autem

531 4295 957 4364 apparuerunt,
990 4292 1204 4347 iterum
1230 4291 1613 4351 dormierunt.

601 4380 768 4434 Vers.
830 4383 916 4435 54.
967 4381 1246 4439 Centurio
1295 4389 1493 4439 autem
1532 4416 1601 4425 —
1658 4392 1780 4442 erat
1830 4387 1955 4444 iste.
2013 4388 2181 4445 Hunc

529 4471 758 4526 Marcus
780 4484 918 4524 voce
935 4469 1139 4525 Latina
1161 4471 1566 4528 centurionem
1591 4478 1764 4530 vocat
1781 4476 1847 4529 ⁸⁸.
1878 4477 2182 4534 Mattbaaus

529 4574 670 4615 vero
710 4559 911 4614 Graeca
942 4559 1340 4634 ἑκατόνταρχον,
1370 4561 1530 4616 idem
1571 4563 1979 4632 signiﬁcante:
2015 4567 2180 4638 quod

532 4647 692 4704 enim
751 4649 932 4703 Graeci
988 4649 1187 4713 ἑκατὸν,
1248 4649 1362 4705 hoc
1405 4650 1592 4707 Latini
1651 4660 1885 4710 centum
1926 4661 2176 4712 vocant:

532 4738 761 4804 Videas,
779 4739 987 4812 inquit,
1014 4742 1291 4807 centurio,
1326 4741 1428 4812 qui
1443 4756 1518 4797 ea:
1533 4742 1775 4799 adverso
1787 4748 1914 4815 ejus
1931 4746 2177 4815 astabat,

532 4829 690 4902 quod
704 4830 786 4886 sic
802 4831 994 4886 emisso
1015 4830 1256 4885 clamore
1269 4831 1632 4899 exspirasset,
1650 4833 1798 4890 dixit
1814 4853 1826 4890 :
1845 4836 1988 4891 Vere
2008 4835 2180 4893 homo

603 4919 652 4955 ⁸³
680 4917 858 4976 Hebr.
883 4935 940 4986 κ,
971 4920 1061 4974 20.
1099 4920 1146 4955 ⁶⁴
1177 4921 1348 4976 Marc.
1376 4935 1474 4988 xv,
1505 4921 1594 4977 39.

2211 4301 2258 4356 D

2275 562 2522 625 ταχῶσαι
2574 554 2780 614 αύτούς.
2832 554 2965 608 Ἀλλ’
3017 555 3110 607 οὐκ
3167 555 3386 613 ἠθέλησε
3441 551 3512 608 δι’
3572 554 3764 606 οἰκείαν
3823 571 3881 605 τε

2274 648 2640 716 χρηστότητα,
2703 649 2793 696 καὶ
2843 639 2936 695 διὰ
2984 647 3100 704 τούς
3156 643 3428 716 μέλλοντας
3478 643 3531 706 ἐξ
3575 643 3740 695 αὐτῶν
3787 661 3879 694 πι-

2277 740 2496 784 στεῦσαι
2532 738 2622 784 καὶ
2652 732 2874 806 λάμψαι.

2349 818 2670 896 ’ἰδικώτερον
2728 819 2787 874 δε
2838 825 2895 874 τό
2946 825 3325 894 καταπέτασμα
3364 829 3456 874 τοῦ
3512 829 3640 874 ναοῦ
3689 821 3881 892 σχίζε·

2275 931 2362 964 ται
2414 915 2544 984 πρὸς
2609 910 2972 986 ἀναντίρρητον
3037 913 3249 983 ἔλεγχον
3327 911 3516 976 αὐτῶν,
3598 911 3698 976 ἵνα,
3764 928 3878 962 πει-

2274 1005 2493 1073 ρώμενοι
2545 999 2870 1070 αἰτιολογεῖν,
2918 1003 3008 1051 καὶ
3060 998 3264 1071 ἀνάγειν
3309 999 3375 1061 εἰς
3425 1002 3492 1051 τὰ
3533 1001 3666 1051 κατὰ
3716 1000 3878 1071 φύσιν

2276 1090 2418 1146 πάθη
2467 1093 2554 1140 τόν
2592 1107 2645 1140 τε
2691 1096 2782 1140 τοῦ
2826 1088 2970 1146 ἡλίου
3019 1092 3337 1160 σκοτασμὸν,
3369 1093 3459 1141 καὶ
3499 1096 3596 1149 τῆς
3645 1096 3741 1158 γῆς
3784 1089 3880 1138 τὸν

2280 1181 2516 1249 σεισμόν,
2577 1181 2668 1229 καὶ
2741 1185 2838 1229 τῶν
2916 1186 3110 1250 πετρῶν
3164 1182 3257 1235 τὴν
3333 1183 3541 1249 σχίσιν,
3606 1175 3880 1248 ἐπιστομί-

2283 1270 2472 1329 ζωνται
2528 1275 2588 1338 τῇ
2669 1271 2854 1337 σχίσει
2926 1274 3018 1318 τοῦ
3080 1269 3558 1339 καταπετάσματος,
3626 1261 3884 1318 οὐδέποτε

2281 1352 2555 1427 δυνάμενοι
2583 1353 2752 1418 δεῖξαι
2781 1364 3012 1409 τοιοῦτον
3041 1360 3326 1428 γενόμενον.

2349 1451 2452 1497 Τοῦ
2509 1447 2974 1518 καταπετάσματος
3033 1442 3091 1498 δε
3155 1446 3487 1516 σχισθέντος,
3538 1439 3798 1502 ἐδήλωσεν
3854 1444 3885 1494 ὁ

2279 1538 2401 1596 Θεὸς
2459 1536 2538 1587 ὅτι
2591 1533 2790 1592 ἀπέστη
2824 1534 2937 1606 (53)
2969 1534 3144 1587 λοιπὸν
3184 1535 3214 1592 ἡ
3275 1535 3385 1586 θεία
3430 1535 3589 1606 χάρις
3636 1531 3738 1584 ειπό
3785 1539 3887 1584 τοῦ

2279 1630 2423 1693 ναοῦ,
2457 1627 2544 1675 καὶ
2589 1624 2670 1674 ὃτι
2724 1626 2791 1675 τὰ
2830 1619 2998 1692 ἔνδον,
3039 1626 3175 1687 ἤτοι,
3235 1624 3300 1673 τὰ
3347 1620 3509 1692 Ἀγια
3544 1628 3642 1672 τῶν
3696 1620 3885 1692 ἁγίων,

2281 1718 2414 1764 πᾶσι
2467 1711 2605 1784 βατὰ
2650 1717 2740 1764 καὶ
2789 1714 2946 1765 θεατὰ
3000 1716 3444 1774 καταστήσονται,
3479 1709 3504 1762 ὃ
3543 1715 3632 1761 καὶ
3673 1713 3886 1781 γέγονεν

2207 1821 2248 1876 Β
2281 1801 2517 1874 ὕστερον,
2539 1809 2638 1852 τῶν
2667 1801 2928 1873 Ῥωμαίων
2960 1800 3306 1853 εἰσελθόντων.

2351 1893 2420 1942 Τό
2458 1887 2516 1942 δέ
2545 1892 2908 1965 χαριέστερον,
2960 1888 3066 1941 ἐπεὶ
3116 1891 3181 1940 τὰ
3223 1892 3311 1960 μὲν
3351 1887 3486 1948 ἐντὸς
3531 1894 3623 1939 τοῦ
3660 1906 3884 1940 καταπε·

2282 1980 2547 2050 τάσματος
2577 1981 2737 2040 τύπος
2783 1979 2918 2036 ἦσαν
2946 1985 3038 2030 τοῦ
3091 1978 3333 2051 ούρανοῦ,
3385 1979 3451 2028 τὰ
3500 1972 3552 2028 δ’
3592 1974 3737 2038 ἐκτὸς
3784 1979 3879 2027 τύ-

2282 2085 2372 2126 πος
2401 2073 2462 2123 τῆ
2476 2075 2589 2137 ς’)’ῆ
2603 2086 2646 2136 ς,
2696 2069 2920 2138 σχισθεν
2975 2062 3049 2124 ἥδ
3052 2085 3082 2123 η
3135 2069 3191 2117 τό
3239 2068 3618 2137 καταπέτασμα
3647 2061 3882 2123 δεδήλω-

2281 2173 2383 2224 κεν,
2417 2156 2496 2206 ὃτι
2527 2154 2760 2226 ἐσχίσθη
2789 2151 2896 2214 ἤδη
2943 2159 2998 2207 τὸ
3028 2159 3340 2227 μεσότοιχον
3392 2161 3484 2206 τοῦ
3529 2153 3746 2226 ούρανοῦ
3790 2157 3880 2204 καὶ

2282 2251 2377 2305 τῆς
2405 2252 2522 2314 γῆς,
2553 2247 2737 2314 ἤγουν,
2768 2245 2798 2302 ἡ
2832 2246 3001 2317 ἔχθρα
3049 2245 3080 2302 ἠ
3135 2242 3326 2315 μεταξύ
3355 2249 3445 2295 τοῦ
3497 2246 3624 2295 Θεοῦ
3652 2248 3742 2294 καὶ
3779 2249 3880 2292 τῶν

2286 2332 2587 2407 ἀνθρώπων,
2645 2338 2734 2385 καὶ
2793 2338 2996 2404 γέγονεν
3051 2334 3076 2386 6
3141 2333 3352 2407 ούρανός
3409 2330 3575 2404 βατός
3629 2339 3734 2392 τοίς
3796 2329 3882 2382 ἁν-

2289 2424 2533 2494 θρώποις,
2590 2429 2682 2474 τοῦ
2747 2429 2985 2496 Χριστοῦ
3035 2421 3290 2484 λύσαντος
3350 2425 3554 2472 τουτονὶ
3609 2424 3696 2472 τὸν
3749 2439 3882 2492 φρα-

2285 2515 2438 2584 γμὸν,
2494 2516 2584 2563 καὶ
2628 2515 2722 2570 τὴν
2775 2513 3021 2569 τοιαύτην
3073 2507 3259 2563 ἄνοδον
3305 2512 3429 2573 ἡμῖν
3477 2509 3878 2581 ἐγκαινίσαντος.

2287 2604 2518 2654 Καθόλου
2575 2596 2632 2653 δε
2695 2597 2890 2672 δεῖγμα
2941 2603 3213 2674 θεομηνίας
3261 2601 3396 2658 ἦσαν
3445 2602 3509 2651 τὰ
3549 2603 3878 2671 γεγενημένα,

2283 2692 2650 2762 καθαπτόμενα
2715 2697 2810 2750 τῆς
2883 2698 2982 2742 τῶν
3040 2685 3309 2742 Ἰουδαίων
3369 2687 3734 2753 ἀναισθησίας,
3787 2690 3878 2739 καὶ

2283 2782 2700 2854 προαγορεύοντα
2727 2783 2820 2837 τὴν
2845 2780 3037 2830 τούτων
3070 2776 3324 2830 ἀπώλειαν
3356 2777 3489 2848 (54).

2359 2873 2459 2921 Καὶ
2501 2896 2566 2910 —
2619 2869 2842 2939 ἠγέρθη.
2904 2867 2990 2929 Εἰς
3060 2863 3274 2929 ἔνδειξιν
3331 2871 3420 2918 καὶ
3490 2871 3635 2916 τοῦτο
3695 2866 3874 2934 γέγονε

2282 2965 2372 3017 τῆς
2439 2953 2703 3028 δυνάμεως
2772 2955 2930 3008 αὐτοῦ
2983 2960 3072 3007 καὶ
3127 2953 3279 3027 φόϐον
3331 2963 3430 3006 τῶν
3475 2949 3766 3017 Ἰουδαίων,
3797 2953 3879 3003 ἶνα

2282 3045 2615 3116 λογίσωνται,
2689 3046 2770 3097 ὅτι
2831 3046 2856 3096 6
2923 3045 3141 3106 ζωὼσας
3221 3045 3378 3104 ούτως
3460 3042 3684 3114 εὐχερῶς
3766 3045 3877 3100 τοὺς

2283 3137 2490 3208 νεκρούς
2547 3133 2912 3206 εὐχερέστερον
2989 3131 3049 3184 ἂν
3116 3129 3344 3191 ἠδύνατο
3404 3134 3704 3184 θανατῶσαι
3765 3133 3869 3188 τούς

2289 3228 2484 3287 ζῶντας
2520 3238 2532 3251 ⁸
2590 3225 2659 3275 ἔτι
2720 3219 2778 3274 δε
2828 3227 2918 3275 καὶ
2979 3222 3046 3283 εἰς
3099 3220 3382 3294 βεϐαίωσιν
3440 3228 3537 3283 τῆς
3591 3219 3868 3293 μελλούσης

2286 3311 2644 3374 ἀναστάσεως.

2359 3406 2460 3454 Καὶ
2533 3432 2601 3441 —
2656 3399 2877 3460 πολλοῖς.
2949 3398 3202 3457 Εἰσῆλθον
3279 3404 3368 3451 καὶ
3448 3397 3875 3470 ἐνεφανίσθησαν,

2289 3492 2371 3542 ἱνα
2430 3494 2500 3562 μὴ
2561 3485 2688 3561 δόξῃ
2751 3491 2886 3540 κατὰ
2937 3492 3220 3557 φαντασίαν
3272 3491 3302 3546 ἥ
3362 3506 3415 3540 τε
3466 3495 3563 3538 τῶν
3620 3491 3882 3559 μνημείων

2287 3579 2478 3641 ἄνοιξις
2528 3583 2617 3630 καὶ
2668 3580 2697 3636 ἡ
2757 3586 2856 3629 τῶν
2908 3581 3290 3649 κεκοιμημένων
3343 3579 3556 3649 ἓγερσις.
3611 3577 3755 3629 Μετὰ
3793 3579 3882 3632 τὴν

2288 3672 2490 3743 ἔγερσιν
2549 3664 2608 3719 δε
2688 3666 2846 3718 αὐτοῦ
2922 3663 3130 3728 ἐξῆλθον
3187 3663 3242 3716 ἐκ
3305 3673 3402 3716 τῶν
3449 3668 3729 3736 μνημείων,
3793 3668 3887 3715 καὶ

2290 3756 2528 3816 εἰσῆλθον
2559 3755 2630 3816 εἰς
2672 3760 2765 3813 τὴν
2809 3754 2960 3825 ἁγίαν
3011 3754 3177 3818 πόλιν,
3207 3758 3296 3806 καὶ
3327 3752 3734 3825 ἐνεφανίσθησαν
3762 3750 3888 3803 πολ-

2289 3846 2414 3911 λοῖς,
2450 3847 2532 3897 ἱνα
2577 3844 2632 3897 ἐκ
2663 3852 2753 3905 τῆς
2781 3846 2972 3895 τούτων
3022 3841 3268 3916 έγέρσεως
3307 3841 3747 3916 πληροφορηθῶσι
3795 3845 3888 3893 καὶ

2289 3939 2408 4008 περὶ
2475 3941 2566 3994 τῆς
2613 3932 2823 4002 ἐκείνου,
2892 3931 3219 4002 λογιζόμενοι
3266 3933 3346 3982 ὅτι
3411 3933 3436 3982 6
3501 3932 3713 3990 τούτους
3765 3928 3888 3981 ἀνα-

2292 4029 2496 4084 στήσας
2551 4022 2720 4092 πολλῷ
2775 4019 2965 4094 μᾶλλον
3019 4020 3196 4073 ἑαυτὸν
3245 4019 3543 4078 ἀνέστησεν.
3600 4017 3777 4090 ’Λγιοι
3826 4015 3888 4071 δε

2290 4113 2611 4185 ἠγέρθησαν,
2675 4112 2756 4162 ἶνα
2818 4106 3042 4171 δόξωσιν
3100 4107 3416 4172 ἀξιόπιστοι,
3473 4107 3699 4179 λέγοντες
3763 4111 3886 4181 περὶ

2288 4207 2378 4252 τοῦ
2421 4207 2679 4275 Χριστοῦ.
2714 4199 3138 4272 Ἐμφανισθέντες
3187 4194 3265 4266 δε,
3307 4197 3458 4250 πάλιν
3505 4195 3884 4269 ἐκοιμήθησαν.

2358 4389 2416 4441 Ὀ
2482 4384 2540 4441 δι
2598 4385 2981 4458 ἑκατόνταρχος
3037 4416 3106 4424 -
3173 4380 3234 4442 ἧν
3301 4383 3467 4444 οὗτος.
3541 4386 3731 4439 Τοῦτον
3797 4387 3886 4436 τὸν

2289 4479 2668 4551 ἑκατόνταρχον
2723 4477 2748 4527 6
2795 4477 3003 4546 Μάρκος
3069 4477 3380 4545 κεντυρίωνα
3435 4472 3670 4544 ὠνόμασε
3709 4490 3722 4501 ’
3773 4491 3886 4524 κενο

2287 4573 2477 4642 τυρίων
2531 4569 2632 4641 γὰρ
2683 4567 2826 4639 παρὰ
2881 4562 3150 4635 Ῥωμαίοις
3204 4564 3228 4614 ό
3283 4561 3665 4635 ἑκατόνταρχος
3703 4558 3881 4618 ἐπειδὴ

2288 4664 2378 4710 καὶ
2434 4659 2500 4708 τὰ
2573 4655 2772 4717 ἑκατὸν,
2846 4656 2987 4704 κέντε
3060 4651 3175 4722 (55)
3248 4650 3507 4722 λέγουσιν.
3578 4646 3731 4702 Ἰδὼν
3805 4646 3881 4714 δε,

2292 4751 2470 4820 φησὶν,
2571 4745 2595 4794 6
2682 4745 2957 4816 κεντυρίων
3065 4741 3090 4791 6
3177 4743 3517 4813 παρεστηκὼς
3606 4737 3885 4800 ἐξεναντίας

2291 4837 2472 4900 αὑτοῦ,
2572 4834 2650 4885 ὅτι
2743 4831 2900 4890 οὕτως
2995 4828 3190 4902 κράξας
3271 4826 3581 4896 ἐξέπνευσεν,
3679 4826 3813 4880 εἶπεν
3868 4845 3879 4856 ·

1890 5013 2110 5084 Variae
2149 5017 2499 5086 lectiones.

743 5115 863 5194 "91':
883 5116 1092 5194 utrium
1119 5116 1315 5194 λοιπόν.
1449 5116 1530 5194 lta
1559 5117 1899 5194 Hentenius.

606 5188 962 5264 (54)-Hic_in_
993 5188 1262 5264 margine
1294 5188 1516 5244 codicis
1546 5189 1597 5264 A_
1639 5205 1888 5264 amanu
1933 5207 2178 5264 prorsus

529 5259 750 5318 recenti
775 5258 1006 5330 adjecta
1038 5263 1177 5330 sunt
1205 5259 1332 5314 haec
1383 5261 1725 5330 recentioris
1751 5258 1960 5318 Graaci':
2014 5271 2178 5318 Τοῦτο

531 5334 590 5384 τὸ
647 5329 1027 5409 καταπέτασμα
1076 5329 1308 5409 ἐσχίσθη
1377 5330 1449 5409 εἰς
1497 5329 1614 5385 δύο·
1665 5332 1886 5409 ύφαντόν
1907 5336 2033 5409 Δγὸιρ
2093 5332 2174 5394 ἧν.

531 5407 590 5456 τὸ
762 5401 1039 5474 στημόνιον
1089 5403 1268 5454 ἵστατο
1317 5404 1508 5476 ὄρθιον
1563 5406 1621 5456 τὸ
1679 5401 1738 5458 δὲ
1789 5401 2014 5477 ὑφάδιον
2062 5409 2176 5461 ἔπε-

604 5581 682 5654 (h)
737 5581 1310 5655 Lucemque_daturi.
1358 5584 1425 5638 Et
1453 5581 1846 5655 splendituri:
1890 5584 2177 5642 nimirum

533 5650 750 5712 dietate
795 5654 852 5707 et
885 5650 1219 5708 virtutibus.

603 5725 667 5798 (ι)
696 5723 858 5791 Quod
876 5729 1069 5781 autem
1099 5752 1170 5768 -—
1197 5725 1406 5796 accipe.
1437 5724 1652 5795 Acoipe
1679 5739 1924 5796 prorsus
1948 5741 2068 5784 non
2091 5729 2178 5786 est

2293 5141 2378 5175 σεν
2434 5120 2596 5171 κάτω.
2656 5113 2832 5176 Οὕτως
2901 5115 3174 5187 ἱστόρηται
3219 5113 3364 5187 παρα
3407 5119 3480 5187 τῷ
3527 5117 3696 5186 Πατρὶ
3743 5115 3888 5185 ἡμῶν

2290 5194 2498 5276 Ἰωάννῃ
2526 5195 2598 5259 τῷ
2629 5182 3024 5270 ξζρυσοστόμῳζ
3054 5184 3170 5240 Sed
3201 5182 3366 5256 apud
3396 5182 3891 5255 Chrysos'tom'um

2286 5263 2434 5322 nihil
2467 5263 2724 5331 reperio.

2357 5333 2473 5404 (55)
2511 5332 2636 5404 Imo
2678 5331 2914 5404 κέντουμ,
2959 5329 3023 5404 ut
3074 5329 3287 5382 notum
3337 5327 3445 5404 est.
3496 5325 3651 5404 Fecit
3688 5329 3891 5383 autem

2286 5398 2523 5463 Graecus
2553 5400 2633 5458 ad
2671 5398 2930 5456 formam
2961 5399 3326 5463 Graecorum,
3351 5402 3416 5454 ut
3446 5398 3612 5451 πέντε.

2285 5587 2347 5639 in
2371 5583 2592 5638 Graeco.
2615 5575 2856 5633 Brevius
2880 5573 3131 5632 reddas:
3162 5574 3330 5643 Quod
3353 5589 3490 5632 vero
3506 5573 3890 5645 probabilius.

2284 5655 2568 5730 Ἐρμηνεία
2589 5652 2911 5730 χαριεστέρα
2947 5653 3036 5730 est
3063 5646 3470 5720 interpretatio
3500 5645 3890 5719 probabilior,

2284 5720 2533 5790 acutior,
2569 5720 2862 5792 subtilior,
2893 5720 3109 5778 verior.
