4170 6334
280 288 394 345 737

1379 289 1747 347 COMMENT.
1790 291 1860 348 ΙΝ
1900 288 2343 348 ΜΑΤΤΗᾸΕΟΜ.
2392 324 2459 332 -
2496 292 2650 348 CAP.
2691 290 2913 347 XXVII.

3555 291 3659 346 738

282 414 536 476 ’Δληθῶς
610 416 635 465 ὁ
698 415 966 487 ἄνθρωπος
1027 414 1177 475 οὗτος
1232 415 1353 474 Υἱὸς
1404 418 1464 472 ἠν
1524 423 1683 472 Θεοῦ.
1750 414 1899 469 Ἰδὼν

2019 416 2108 473 hic
2128 418 2309 473 Filius
2339 417 2445 473 Dei
2473 422 2601 472 erat
2633 418 2700 470 ⁸⁵.
2738 418 2984 472 lntuitus
3004 415 3293 487 siquidem
3328 415 3489 486 quod
3519 431 3659 470 cum

282 504 373 555 ὅτι
409 504 551 573 (56),
585 506 715 576 μετὰ
764 503 1063 577 παρρησίας
1107 508 1312 575 Πατέρα
1361 507 1447 555 τόν
1499 508 1625 557 Θεὸν
1656 506 1897 591 καλέσας,

285 597 390 644 καὶ
436 593 509 653 εἰς
554 600 738 665 χεῖρας
791 593 951 644 αὐτοῦ
1004 594 1312 666 παραθεῖναι
1359 598 1450 651 τὴν
1489 593 1675 665 ψυχὴν
1718 595 1901 647 ἑαυτοῦ

282 680 747 752 ἐπαγγειλάμενος,
824 683 959 753 μοτὰ
1014 685 1199 753 μικρὸν
1255 679 1547 743 ἐξέπνευσεν
1598 704 1610 715 ·
1669 680 1793 735 ἰδὼν
1846 681 1903 735 δὲ

284 775 387 821 καὶ
445 772 513 821 τὰ
564 776 854 827 τηνικαῦτα
905 774 1149 841 γενόμενα
1200 772 1409 842 φρικτὰ,
1462 770 1766 824 ἐπίστευσεν
1825 774 1904 824 ὅτι

286 859 416 919 Υἱὸς
476 855 537 915 ἧν
592 865 745 911 Θεοῦ.
800 857 859 910 c0
892 856 951 910 δε
1005 864 1211 919 Λουκᾶς
1260 858 1392 929 λέγει
1447 864 1565 931 περὶ
1606 860 1767 911 αὐτοῦ
1823 861 1903 912 ὅτι

286 942 449 999 Ἰδὼν
522 947 547 997 ό
620 946 1007 1018 ἑκατόνταρχος
1076 950 1135 998 τό
1209 952 1497 1019 γενόμενον,
1554 945 1773 1009 ἐδόξασε
1814 952 1901 1001 τόν

290 1038 449 1104 Θεὸν,
506 1034 665 1106 λέγων
705 1050 719 1065 ⁸
782 1034 983 1097 ’Ὀντως
1046 1054 1072 1086 ο
1133 1036 1397 1107 ἄνθρωπος
1460 1036 1608 1098 οὗτος
1695 1034 1901 1099 δίκαιος

286 1125 361 1182 ἦν
393 1140 405 1153 ’
441 1120 664 1188 δίκαιον,
697 1120 866 1197 οἶμαι,
910 1128 993 1176 τόν
1041 1126 1173 1176 θεῖον
1207 1124 1487 1196 ὀνομάσας.
1534 1125 1600 1178 Ἦ
1645 1131 1735 1177 καὶ
1763 1134 1899 1199 πρῶ-

288 1231 385 1264 τον
424 1216 513 1285 μεν
559 1212 732 1273 ἁπλῶς
777 1210 935 1279 εἶπεν,
962 1214 1043 1265 ὅτι
1089 1210 1290 1274 δίκαιος
1321 1210 1381 1271 ἧν
1410 1232 1421 1243 ’
1454 1213 1564 1266 εἶτα
1581 1215 1895 1288 τελεώτερον,

294 1302 380 1353 ὅτι
432 1304 547 1363 Υἱός
595 1298 655 1360 ἧν
721 1309 881 1358 Θεοῦ.
950 1304 1251 1376 Προσέθηκε
1310 1299 1371 1354 δὲ
1416 1308 1624 1365 Λουκᾶς
1683 1306 1763 1356 ὅτι
1809 1308 1899 1356 καὶ

293 1392 485 1451 πάντες
542 1392 591 1442 οἱ
645 1395 1160 1464 συμπαραγενόμενοι
1209 1390 1356 1461 ὅψλει
1403 1390 1486 1444 ἐπὶ
1542 1396 1636 1450 τὴν
1686 1394 1899 1466 θεωρίαν

295 1481 516 1547 ταύτην,
578 1480 879 1554 θεωροῦντες
936 1483 1003 1531 τὰ
1053 1483 1317 1551 γενόμενα,
1376 1484 1651 1541 τύπτοντες
1704 1481 1898 1532 ἑαυτῶν

292 1569 367 1620 τὰ
434 1570 601 1626 στήθη
680 1567 1011 1641 ὑπέστρεφον.
1067 1573 1152 1626 Μὴ
1226 1569 1509 1640 τολμῶντες
1566 1572 1666 1641 γὰρ
1732 1569 1899 1622 λαλεῖν

300 1653 400 1708 διὰ
448 1660 535 1709 τὸν
588 1655 740 1728 φόϐον
804 1665 903 1708 τῶν
962 1656 1269 1731 ἀρχιερέων,
1324 1660 1538 1709 ἔτυπτον
1587 1658 1778 1709 ἑαυτῶν
1836 1660 1902 1710 τὰ

2009 505 2277 561 libertate
2305 504 2491 559 Deum
2520 508 2748 560 Patrem
2783 510 3068 571 vocasset,
3100 510 3153 559 et
3180 504 3241 559 in
3288 520 3503 559 manus
3528 504 3657 575 ejus

2013 594 2287 665 spiritum
2335 609 2512 649 suum
2553 594 2977 649 commendare
3004 609 3069 648 se
3096 597 3340 649 testatus
3370 598 3542 658 esset,
3591 609 3660 649 ac

2015 682 2195 753 paulo
2223 688 2356 754 post
2380 686 2733 754 exspirasset
2765 700 2777 738 :
2807 683 3045 738 intuitus
3071 697 3312 754 quoque
3345 682 3495 739 adeo
3523 682 3659 738 hor-

2013 771 2201 827 renda
2228 787 2362 843 quae
2392 771 2634 827 ﬁebant.
2665 771 2910 826 credidit
2933 771 3139 826 Filium
3162 787 3290 827 esse
3323 771 3439 827 Dei.
3469 773 3660 827 Lucas

2014 876 2147 916 vero
2175 861 2249 915 de
2271 876 2341 916 eo
2372 860 2511 915 dicit
2531 877 2543 915 :
2571 860 2782 915 Videns
2803 862 3069 915 centurio
3084 861 3239 931 quod
3257 862 3486 930 factum
3509 867 3658 925 erat,

2010 949 2369 1019 gloriﬁcavit
2387 948 2569 1004 Deum
2584 949 2801 1015 dicens,
2833 950 2970 1005 Vere
2983 948 3142 1004 homo
3154 950 3284 1018 hicj
3288 955 3445 1004 ustus
3455 953 3574 1004 erat
3586 952 3634 984 δε
3642 967 3660 1019 ;

2008 1040 2261 1102 Justum,
2296 1044 2357 1093 ut
2394 1037 2625 1108 opinor,
2660 1038 2935 1093 divinum
2966 1037 3310 1093 nominans.
3351 1038 3448 1093 Vel
3482 1040 3661 1093 etiam

2009 1125 2269 1198 primum
2302 1127 2533 1198 quidem
2579 1127 2744 1191 dixit,
2806 1126 2970 1198 quod
2996 1126 3193 1196 justus
3244 1129 3369 1182 erat
3404 1143 3417 1192 ;
3452 1125 3664 1181 deinde

2010 1214 2252 1271 tandem
2284 1215 2448 1287 quod
2474 1215 2651 1271 Filius
2673 1214 2773 1270 Dei
2806 1220 2950 1271 erat.
2985 1214 3164 1270 Addit
3192 1221 3389 1270 autem
3431 1215 3619 1270 Lucas
3646 1234 3658 1273 :

2009 1303 2084 1358 Et
2101 1319 2291 1359 omnes
2314 1304 2497 1359 turba:
2524 1319 2657 1375 quae
2677 1305 2853 1360 simul
2877 1309 3240 1360 accesserant
3259 1304 3339 1359 ad
3363 1308 3665 1372 spectacu-

2011 1391 2129 1449 lum
2141 1393 2320 1463 illud,
2339 1394 2595 1449 videntes
2607 1409 2737 1464 quae
2768 1393 3001 1461 ﬁebant,
3025 1394 3406 1463 percutientes
3419 1398 3608 1461 pecto:
3628 1409 3662 1449 a

2008 1497 2119 1538 sua
2148 1483 2602 1540 revertebantur
2628 1482 2675 1517 ⁶⁷
2704 1484 2779 1552 (j)
2801 1498 2815 1549 ;
2834 1482 3103 1539 dolorem
3130 1482 3400 1539 videlicet
3426 1482 3666 1538 interio-

2008 1587 2135 1627 rem
2177 1572 2603 1641 signiﬁcantes.
2619 1572 3031 1642 Intelligebant
3054 1573 3212 1628 enim
3232 1589 3263 1629 a
3283 1573 3665 1644 praecedenti—

2010 1661 2124 1716 bus
2154 1662 2359 1731 signis,
2391 1665 2448 1716 et
2468 1662 2544 1717 ab
2567 1661 2659 1715 his
2679 1677 2816 1732 quae
2847 1662 3220 1727 accidebant,
3243 1662 3398 1727 quod
3422 1666 3479 1717 et
3503 1677 3663 1717 crea-

301 1747 500 1810 στήθη,
561 1748 901 1817 σημαίνοντες
948 1750 1040 1803 τὴν
1092 1744 1225 1805 ἐντός
1264 1743 1475 1803 ὀδύνην.
1519 1753 1747 1805 Συνῆκαν
1777 1748 1896 1818 γὰρ,

2019 1755 2144 1805 tura
2222 1750 2565 1822 passionem
2614 1749 2771 1805 illius
2835 1766 2959 1807 non
3010 1751 3203 1806 ferens
3261 1750 3663 1823 compatieba-

299 1832 406 1886 ἀπό
459 1852 512 1885 τε
559 1842 657 1886 τῶν
706 1832 1067 1908 προλαϐόντων
1128 1838 1376 1907 σημείων,
1408 1833 1509 1887 ἀπό
1558 1854 1612 1887 τε
1656 1844 1756 1887 τῶν
1788 1840 1901 1888 τότε

298 1926 603 1995 γενομένων,
659 1924 736 1975 ὅτι
790 1924 923 1983 θεῖος
981 1923 1249 1994 ἄνθρωπος
1303 1920 1383 1988 ἦν,
1441 1929 1530 1975 καὶ
1588 1926 1901 1996 συμπάσχει

300 2012 448 2083 αὐτῷ
480 2013 509 2069 ἡ
542 2015 737 2075 κτίσις,
768 2016 839 2083 μὴ
870 2015 1099 2084 φέρουσα
1123 2015 1181 2063 τὸ
1207 2013 1371 2073 πάθος
1403 2012 1585 2067 αὐτοῦ.

378 2100 548 2153 Ἦσαν
580 2131 645 2140 -
695 2100 855 2169 αὐτῷ.
890 2107 1229 2171 Χορηγοῦσαι
1278 2103 1344 2152 τὰ
1380 2104 1510 2175 πρός
1562 2104 1655 2152 τάν
1695 2106 1902 2176 χρείαν.

303 2194 481 2263 Χορός
537 2188 638 2263 γὰρ
690 2185 825 2247 ἦσαν
891 2194 981 2241 καὶ
1033 2190 1187 2241 αὗται
1244 2190 1355 2260 (56)
1415 2192 1735 2262 μαθητριῶν,
1787 2195 1905 2264 περὶ

302 2285 402 2337 τὴν
458 2281 766 2352 Θεομάτορα
820 2282 1152 2350 τεταγμέναι,
1203 2280 1292 2330 καί
1348 2283 1683 2353 παρέχουσαι
1738 2276 1908 2331 δαπά-

301 2388 394 2428 νας
451 2366 507 2419 ἐκ
557 2376 654 2418 τῶν
702 2371 998 2439 προσόντων
1049 2367 1253 2429 αὐταῖς.
1310 2373 1409 2420 Καὶ
1480 2370 1575 2443 ὅρα
1621 2373 1715 2426 τὴν
1763 2369 1907 2431 τάξιν

302 2456 769 2530 ἀντιστραφεῖσαν.
821 2458 886 2508 Οἱ
934 2458 1169 2529 μαθηταὶ
1220 2459 1320 2530 γὰρ
1377 2459 1582 2529 ἔφυγον,
1612 2460 1666 2509 αἱ
1710 2455 1769 2510 δε
1806 2478 1910 2529 μα-

312 2546 526 2620 θήτριαι
556 2548 887 2619 παρέμειναν.

382 2633 466 2685 Ἐν
513 2663 579 2674 -
631 2642 731 2685 τῶν
784 2636 907 2685 υἱῶν
963 2630 1264 2686 Ζεϐεδαίου.
1331 2632 1498 2706 [Τινὲς
1550 2634 1665 2707 (58)
1714 2631 1774 2686 δὲ
1832 2635 1905 2687 λέ-

305 2742 491 2794 γουσι,
550 2726 681 2794 μετὰ
729 2725 786 2775 τὸ
843 2730 1070 2794 ταφῆναι
1125 2726 1212 2775 τὸν
1264 2727 1518 2797 Χριστόν,
1586 2722 1908 2776 ἀπελθοῦσαν

306 2816 404 2869 τὴν
465 2816 715 2865 Θεοτόκον
778 2818 1088 2863 καταπεσεῖν
1156 2814 1256 2864 ὑπὸ
1323 2812 1490 2873 λύπης
1565 2812 1908 2887 ὑπερϐαλλού-

310 2920 429 2970 σης,
489 2905 578 2951 καὶ
630 2896 760 2971 μηδ’
792 2900 1070 2972 ἀφικέσθαι
1112 2904 1242 2972 μετὰ
1285 2908 1438 2952 τοῦτο
1466 2904 1591 2974 πρὸς
1615 2906 1698 2953 τὸν
1728 2904 1906 2973 τάφον,

311 2985 720 3045 ἆδυνατήσασαν
792 2988 848 3040 ἐκ
919 2985 1147 3063 σφοδρᾶς
1196 2986 1563 3063 περιωδυνίας,
1620 2988 1747 3042 ἀλλὰ
1802 2999 1907 3043 κεῖ-

314 3077 442 3128 σθαι
501 3081 588 3128 καὶ
641 3078 839 3153 θρηνεῖν
904 3082 1068 3152 μέχρι
1128 3086 1225 3129 τῶν
1295 3077 1597 3150 εὐαγγελίων
1653 3084 1742 3131 καὶ
1790 3078 1978 3166 ἀνα-α

311 3163 597 3238 στάσεως]

382 3253 585 3306 Πολλῶν
656 3254 846 3325 οὐσῶν,
900 3257 989 3316 τὰς
1063 3253 1439 3329 ἐπισημοτέρας
1514 3254 1904 3330 ἁπαριθμεῖται.

304 3345 451 3404 Τινὲς
504 3345 593 3416 μὲν
644 3339 730 3395 οὖν
792 3363 968 3415 φασιν,
1002 3346 1069 3405 ὡς
1110 3346 1138 3402 ἡ
1203 3350 1452 3405 Θεοτόκος
1506 3343 1644 3396 ἐστὶν
1697 3347 1726 3403 ἠ
1768 3349 1910 3420 παρὰ

303 3438 419 3492 τοῖς
466 3431 864 3503 εὐαγγελισταῖς
919 3432 1281 3506 ὀνομαζομένη
1338 3436 1461 3485 ποτε
1513 3436 1603 3505 μὲν
1656 3440 1748 3485 τοῦ
1806 3434 1907 3487 Ἰα-

304 3522 481 3572 κώϐου
535 3526 626 3574 καὶ
693 3522 847 3580 Ἰωσῆ
904 3526 1102 3595 μήτηρ,
1161 3525 1283 3574 ποτε
1349 3518 1409 3574 δε
1474 3526 1651 3594 Μαρία
1705 3522 1815 3593 (59)
1875 3525 1904 3581 ἡ

308 3608 581 3679 Ἰακώϐου,
635 3613 759 3662 ποτέ
833 3607 892 3662 δε
956 3615 1136 3683 Μαρία
1190 3612 1220 3668 ἡ
1286 3618 1377 3663 τοῦ
1448 3610 1599 3669 Ἰωσῆ
1638 3628 1650 3640 '
1723 3607 1910 3672 παῖδες

305 3699 411 3769 γὰρ
464 3698 608 3750 οὗτοι
662 3707 735 3769 τῷ
796 3698 1009 3771 Ἰωσήφ.
1065 3705 1163 3752 Καὶ
1220 3701 1392 3773 ὥσπερ
1445 3701 1469 3750 ό
1530 3704 1703 3772 πατὴρ
1742 3699 1907 3751 αὐτῶν

307 3784 440 3859 ἀνὴρ
489 3786 653 3847 αὐτῆς
711 3788 1003 3859 ὠνομάζετο
1080 3785 1174 3840 διὰ
1230 3794 1322 3846 τὴν
1404 3789 1719 3860 οἰκονομίαν,
1776 3788 1908 3840 οὕτω

306 3880 399 3927 καὶ
442 3875 591 3927 αὐτοὶ
628 3876 779 3928 πάλιν
836 3878 940 3928 υἱοὶ
984 3877 1166 3937 αὐτῆς.
1215 3875 1653 3952 Δυσπαράδεκτος
1697 3877 1809 3948 (60)
1852 3874 1909 3930 δὲ

306 3964 335 4015 ὁ
363 3963 515 4036 λόγος
569 3966 719 4027 οὗτος
758 3962 919 4019 δοκεῖ.
980 3973 1188 4041 Πρῶτον
1227 3969 1316 4037 μὲν
1355 3969 1455 4038 γὰρ
1513 3964 1662 4019 οὐδὲν
1721 3966 1907 4019 ἐκώλυε

305 4057 508 4125 μητέρα
558 4061 650 4106 τοῦ
685 4056 860 4113 Ἰησοῦ
891 4058 1084 4114 ταύτην
1136 4055 1392 4129 ὀνομάσαι
1426 4076 1437 4088 ·
1472 4064 1623 4108 τοῦτο
1654 4059 1754 4130 γὰρ
1785 4054 1905 4109 δια-

303 4147 473 4216 φόρως
526 4144 684 4202 αὐτὴν
724 4149 1000 4218 ὠνόμασαν
1048 4144 1095 4196 ἐν
1133 4153 1245 4205 ταῖς
1292 4145 1676 4219 προλαϐοῦσαις
1716 4143 1907 4217 διηγή-

305 4246 494 4283 σεσιν’
530 4233 704 4284 ἔπειτα
761 4238 850 4285 καὶ
907 4235 1200 4307 παράλογον
1266 4242 1541 4306 πανταχοῦ
1602 4238 1904 4310 προτάττειν

303 4318 463 4380 αὐτῆς
510 4324 603 4379 τὴν
657 4318 1013 4392 Μαγδαληνὴν
1068 4319 1115 4373 ἐν
1168 4331 1276 4384 τοῖς
1338 4322 1513 4395 ἐφεξῆς
1575 4323 1762 4394 λόγοις,
1816 4329 1905 4376 καὶ

2011 1845 2108 1895 tur
2134 1839 2203 1895 ei.

2085 2088 2247 2144 Vers.
2282 2088 2368 2143 55.
2406 2089 2687 2143 Erantet.
2729 2087 3188 2159 Suppeditantes
3216 2102 3349 2160 quae
3377 2088 3427 2143 ei
3458 2103 3664 2144 neces-

2018 2178 2179 2233 saria
2199 2183 2345 2234 erat.
2388 2178 2612 2233 Chorus
2652 2178 2811 2232 enim
2852 2182 2977 2233 erat
3018 2177 3452 2249 discipularum
3500 2180 3663 2249 apud

2018 2266 2119 2322 Dei
2142 2270 2381 2322 Matrem
2413 2266 2887 2336 conjunctarum,
2920 2271 2977 2321 et
3001 2281 3300 2337 expensas
3331 2266 3406 2322 de
3433 2267 3554 2321 suis
3584 2266 3666 2323 fa-

2018 2356 2334 2411 cultatibus
2352 2356 2881 2427 suppeditantium.
2917 2355 2982 2410 Et
3012 2356 3144 2410 vide
3176 2371 3533 2410 conversum
3576 2372 3666 2411 or-

2017 2444 2219 2499 dinem
2241 2463 2253 2497 :
2272 2444 2549 2515 discipuli
2567 2443 2869 2515 siquidem
2887 2444 3174 2512 fugerant,
3196 2443 3498 2515 discipulae
3517 2460 3653 2501 vero

2017 2532 2353 2589 assistentes
2384 2533 2836 2604 permanebant.

2088 2620 2254 2676 Vers.
2285 2623 2374 2676 56.
2408 2622 2574 2677 Inter
2612 2652 2680 2660 —
2706 2621 2968 2688 ﬁliorum
2997 2621 3277 2677 Zebedaei.
3302 2624 3345 2692 σξ-
3388 2623 3429 2691 -ί-
3456 2620 3666 2676 Dicunt

2016 2710 2306 2775 nonnulli,
2335 2712 2646 2782 Deiparam
2669 2715 2802 2781 post
2819 2710 3185 2782 sepulturam
3210 2710 3419 2766 Christi
3450 2709 3666 2765 abiisse

2016 2816 2086 2855 ac
2106 2800 2289 2855 nimio
2310 2815 2561 2855 maerore
2579 2798 2935 2864 concidisse,
2969 2814 3078 2854 nec
3108 2803 3319 2870 postea
3351 2798 3429 2854 ad
3469 2799 3668 2868 sepul-

2018 2904 2177 2944 crum
2200 2892 2536 2954 accessisse,
2560 2888 2737 2943 nimio
2754 2886 2957 2943 dolore
2978 2887 3273 2953 afﬂictam,
3296 2887 3400 2943 sed
3410 2887 3667 2957 jacuisse

2019 2994 2090 3034 ac
2118 2978 2291 3034 ﬂesse
2319 2994 2506 3051 usque
2545 2977 2623 3034 ad
2648 2976 3093 3034 resurrectionis
3142 2978 3444 3033 nuntium.

2091 3250 2236 3304 Cum
2283 3247 2485 3304 multae
2534 3252 2749 3311 essent,
2785 3246 3138 3315 insigniores
3168 3250 3499 3301 enumerat.
3531 3246 3669 3310 Qui-

2018 3337 2163 3392 dam
2186 3337 2388 3408 itaque
2418 3336 2642 3401 dicunt,
2685 3335 2851 3407 quod
2878 3334 2979 3390 Dei
3010 3337 3187 3390 Mater
3210 3340 3316 3398 est,
3348 3350 3481 3405 qua:
3509 3334 3668 3405 apud

2019 3426 2424 3495 Evangelistas
2476 3439 2635 3479 nunc
2674 3423 2919 3495 quidem
2949 3422 3158 3478 Jacobi
3198 3427 3255 3477 et
3308 3423 3443 3477 Jose
3476 3429 3668 3478 mater

2017 3514 2384 3579 nominatur,
2416 3513 2783 3586 quandoque
2811 3517 3011 3567 autem
3033 3510 3214 3567 Maria
3235 3511 3461 3575 Jacobi,
3492 3511 3667 3567 inter-

2018 3602 2165 3659 dum
2202 3619 2343 3659 vero
2382 3602 2557 3660 Maria
2594 3602 2730 3657 Jose
2764 3619 2777 3667 ;
2812 3617 2954 3657 nam
2980 3600 3040 3655 hi
3066 3600 3168 3670 ﬁlii
3202 3605 3369 3655 erant
3422 3601 3665 3672 Joseph.

2018 3695 2085 3750 Et
2104 3691 2624 3765 quemadmodum
2650 3696 2818 3762 pater
2833 3690 3068 3746 illorum
3097 3689 3186 3744 vir
3201 3690 3329 3759 ejus
3359 3688 3668 3745 dicebatur

2018 3787 2262 3855 propter
2337 3780 2866 3852 dispensationem,
2931 3779 3012 3834 ita
3074 3794 3284 3833 rursus
3356 3777 3472 3849 ipsi
3564 3778 3665 3832 ﬁlii

2019 3871 2287 3941 Virginis.
2352 3870 2566 3925 Verum
2644 3884 2840 3923 sermo
2904 3868 2999 3922 hic
3048 3866 3350 3922 absurdus
3413 3865 3664 3920 videtur.

2016 3962 2277 4017 Primum
2312 3958 2629 4032 siquidem,
2653 3957 2798 4030 quid
2818 3956 3169 4027 prohibebat
3192 3971 3327 4009 eam
3368 3954 3669 4026 appellare

2019 4054 2261 4107 Matrem
2292 4051 2430 4105 Jesu
2468 4050 2496 4104 ‘I
2526 4046 2850 4121 praesertim
2891 4062 3027 4101 cum
3087 4046 3147 4099 in
3190 4043 3664 4116 praecedentibus

2016 4139 2453 4197 narrationibus
2482 4142 2547 4192 ut
2576 4136 2903 4208 plurimum
2932 4135 3012 4189 ita
3051 4149 3185 4188 eam
3217 4132 3668 4204 appellaverint.

2018 4229 2235 4285 Deinde
2273 4227 2605 4284 absurdum
2636 4239 2877 4297 quoque
2909 4223 3057 4278 foret
3094 4224 3153 4277 in
3194 4222 3341 4277 locis
3369 4220 3669 4293 sequenti-

2013 4319 2129 4373 bus
2168 4317 2391 4389 ubique
2427 4314 2818 4383 Magdalenen
2856 4312 2906 4367 ei
2962 4312 3244 4382 praeponi,
3279 4315 3336 4366 et
3359 4309 3668 4365 ostendere

304 4403 556 4461 δεικνύειν
631 4411 938 4482 θερμοτέραν
1006 4419 1095 4470 τῆς
1170 4416 1518 4485 Θεομὴτορος.
1575 4412 1725 4465 Ὀθεν
1784 4416 1904 4465 ὑπο-

2019 4407 2176 4462 illam
2215 4406 2394 4461 fuisse
2441 4407 2615 4459 Matre
2672 4402 2771 4457 Dei
2801 4401 3236 4456 ferventiorem.
3272 4400 3437 4454 Unde
3465 4400 3672 4469 suspi-

302 4505 514 4570 νοοῦμεν
573 4500 653 4550 ὅτι
709 4498 835 4557 άλλη
905 4519 979 4559 τις
1050 4495 1110 4557 ἦν
1191 4502 1219 4558 ἡ
1279 4507 1458 4574 Μαρία
1507 4502 1662 4567 αὕτη,
1727 4508 1901 4577 μήτηρ

305 4582 441 4639 οὖσα
494 4585 745 4640 Ἰακώϐου
792 4594 885 4639 τοῦ
942 4594 1148 4662 Μικροῦ
1195 4591 1282 4639 καὶ
1339 4589 1517 4658 Ἰωσῆ,
1551 4589 1608 4640 οῦ
1649 4598 1747 4641 ⁴τῶν
1778 4592 1902 4642 υἱῶν

302 4683 399 4729 τοῦ
444 4675 660 4749 Ἰωσὴφ,
711 4675 817 4728 ἀλλ’
857 4676 1058 4752 ἑτέρων,
1112 4674 1213 4728 ἀπὸ
1262 4684 1360 4729 τῶν
1410 4673 1769 4750 ἐϐδομήκοντα
1800 4700 1902 4751 μα-

377 4882 426 4920 ⁶⁸
454 4880 636 4938 Marc.
671 4896 750 4953 v1,
784 4881 871 4938 39.

951 4880 997 4918 °°
1023 4880 1161 4938 Luc.
1188 4896 1348 4954 nni,
1374 4882 1467 4939 47.
1544 4882 1591 4919 ⁸⁷
1621 4882 1778 4940 ibid.
1807 4887 1902 4941 48.

2015 4512 2224 4552 camur
2245 4495 2492 4550 alteram
2522 4490 2847 4565 quamdam
2870 4489 3056 4543 fuisse
3076 4489 3232 4543 hanc
3254 4487 3518 4552 Mariam,
3539 4503 3669 4558 quae

2014 4590 2204 4641 mater
2232 4588 2357 4640 erat
2383 4581 2589 4638 Jacobi
2632 4580 2805 4635 Parvi
2835 4583 2891 4633 et
2923 4580 3073 4647 Jose,
3120 4592 3243 4630 non
3281 4575 3540 4630 ﬁliorum
3572 4576 3678 4631 Jo-

2016 4675 2180 4747 seph,
2212 4674 2317 4729 sed
2337 4671 2613 4734 aliorum,
2638 4667 2743 4739 qui
2764 4670 2930 4722 erant
2950 4681 2982 4720 e
3007 4662 3387 4735 septuaginta
3407 4662 3677 4736 discipu-

1640 5085 1866 5158 Variae
1894 5087 2254 5159 lectiones.

373 5312 486 5387 (_5_6)
526 5313 652 5387 reip,
695 5315 830 5368 ante
868 5311 969 5379 ὅτι,
1010 5309 1355 5384 interponit.
1395 5311 1469 5367 A.

373 5385 487 5451 (57)
524 5385 803 5441 Μαθητῶν.
830 5388 890 5434 Α.

374 5453 488 5528 (58)
524 5456 655 5511 Haec
673 5458 921 5526 uterque
937 5453 1122 5511 codex
1141 5453 1203 5510 in
1228 5453 1501 5525 margine
1523 5453 1784 5513 exhibet.
1804 5455 1909 5512 Ca-

373 5628 447 5703 (j)
484 5635 629 5688 Ante
645 5628 907 5704 dolorem
921 5630 1216 5704 addemon
1239 5632 1526 5691 addentes
1538 5634 1698 5691 enim
1718 5632 1902 5704 loqui,

294 5701 545 5776 propter
554 5710 760 5762 metum
769 5701 1109 5775 principum
1120 5701 1907 5776 sacerdotum,percutiebant

2019 5314 2107 5368 ret
2130 5309 2200 5365 iis
2230 5302 2563 5364 Hentenius.

2089 5382 2204 5452 (59)
2229 5381 2313 5446 ’H,
2346 5378 2534 5434 abest.
2568 5377 2635 5432 A.

2092 5452 2207 5525 (eo)
2232 5458 2356 5508 Τοῦ.
2398 5454 2464 5506 Α.

2013 5629 2397 5703 (plangebant)
2438 5632 2683 5703 pectora
2707 5640 2833 5686 sua.
2873 5622 3041 5682 Forte
3069 5618 3199 5680 haec
3228 5615 3575 5677 exciderant
3605 5629 3681 5675 ex.

2015 5699 2221 5762 codice
2255 5699 2554 5762 Hentenii.
