4170 6334
490 287 597 345 739

1806 281 2150 341 EUTHYMII
2201 281 2534 342 ZIGABENI

3743 277 3856 338 HO

490 415 580 472 lis.
615 417 766 471 Nam
787 412 993 469 multae
1023 412 1167 469 tales
1195 411 1404 469 similis
1453 414 1622 469 erant
1662 411 1926 468 nominis
1978 410 2129 484 apud

2253 412 2439 469 θητῶν.
2503 410 2693 464 Πολλαὶ
2746 412 2848 484 γὰρ
2901 411 3192 481 όμωνυμίαι
3244 411 3484 462 τοιαῦται
3541 410 3687 481 παρὰ
3736 415 3852 470 τοῖς

488 505 750 562 ιιιάωοε.

561 591 888 650 Verisimile
926 595 1016 648 est
1076 593 1277 647 autem
1317 594 1459 646 tunc
1500 589 1598 646 Dei
1629 591 1870 646 Matrem
1902 589 2144 662 propin-

488 684 670 755 quius
700 682 859 736 cruci
889 679 1141 736 astitisse
1166 695 1346 750 quam
1367 682 1607 734 caeteras
1632 677 1909 732 mulieres
1935 678 2141 752 :idque

487 771 784 828 viscerum
822 768 1395 838 inﬂammatione(k)
1417 767 1755 822 Judaaorum
1772 767 2040 824 vincente
2077 770 2140 824 ti-

489 877 721 918 morem
754 857 1058 917 :fortassis
1075 873 1211 912 vero
1250 858 1431 912 etiam
1445 856 1809 921 circumisse,
1829 873 1968 912 cum
2004 873 2139 929 pro-

489 956 620 1023 pter
648 954 871 1006 natura:
901 947 1139 1004 aculeos
1165 946 1232 1018 (ι)
1261 946 1319 1002 in
1347 946 1559 1002 eodem
1598 945 1730 1001 loco
1759 961 1999 1002 manere
2020 962 2136 1002 non

487 1045 716 1112 posset:
751 1038 1127 1110 postmodum
1176 1042 1377 1090 autem
1436 1034 1602 1106 apud
1671 1041 2136 1092 monumentum

485 1128 782 1186 mansisse
811 1130 868 1182 et
895 1123 1133 1194 singula
1171 1124 1575 1196 conspexisse.

557 1215 728 1282 Quod
743 1216 790 1271 si
813 1215 928 1270 hoc
946 1214 1282 1285 recipimus,
1300 1213 1683 1285 querendum
1702 1217 1806 1281 est,
1829 1213 2134 1286 quomodo

485 1306 672 1379 ipsius
693 1321 815 1361 non
846 1303 1247 1360 meminerunt
1291 1303 1680 1374 Evangelistm
1716 1303 1744 1358 ‘I
1775 1304 1926 1369 Quia
1951 1304 2022 1360 de
2062 1320 2136 1360 ea

483 1401 696 1452 notum
716 1398 855 1461 erat,
887 1392 1052 1464 quod
1099 1390 1372 1456 adfuerit,
1432 1396 1490 1448 et
1525 1408 1653 1462 quae
1684 1397 1946 1448 matrum
1998 1398 2136 1450 sunt

483 1481 1004 1540 demonstraverit.
1030 1479 1288 1551 Ideoque
1313 1495 1509 1552 neque
1526 1481 1827 1552 planctum
1849 1482 1976 1553 ejus
1997 1483 2135 1538 scri-

482 1577 732 1646 pserunt
755 1589 768 1626 :
793 1570 1027 1627 abunde
1045 1569 1205 1626 enim
1228 1569 1637 1626 satisfecerunt
1657 1573 2130 1642 pronuntiantes,

481 1662 643 1735 quod
674 1662 862 1716 ﬁlium
887 1659 1202 1715 docentem
1230 1657 1610 1730 sequebatur.
1654 1659 1898 1732 Oportet
1932 1665 2132 1717 autem

2249 496 2544 560 Ἰουδαίοις.

2323 589 2473 650 Εἰκὸς
2519 585 2578 641 δε
2628 592 2744 640 τότε
2792 591 2882 660 μὲν
2933 592 3024 646 τὴν
3079 591 3328 641 Θεοτόκον
3380 585 3639 660 ἐγγυτέρω
3699 588 3850 659 παρὰ

2250 681 2343 739 τὰς
2394 677 2551 739 ἄλλοις
2606 679 2858 730 ἱστασθαι
2921 683 3188 748 γυναῖκας,
3247 685 3340 738 τῆς
3399 675 3688 747 φλεγμονῆς
3745 684 3846 726 τῶν

2251 765 2564 837 σπλάγχνων
2610 773 2839 828 νικώσης
2882 769 2968 817 τὸν
3021 764 3173 831 φόϐον
3221 774 3321 816 τῶν
3365 761 3662 817 Ἰουδαίων⁹
3721 768 3841 829 ῑσω,

2250 850 2309 907 δε
2363 861 2452 908 καὶ
2495 856 2890 928 περιέρχεσθαι,
2937 858 3008 925 μὴ
3062 851 3351 925 δυναμένην
3400 853 3475 924 ἐφ’
3527 853 3632 914 ἑνός
3681 857 3843 904 τόπου

2247 948 2410 1016 μένειν
2442 941 2477 996 δ
2483 949 2534 996 ιά
2568 947 2634 996 τὰ
2671 950 2854 1017 κέντρα
2883 951 2976 1004 τῆς
3006 946 3224 1015 φύσεως·
3275 944 3489 1016 ὕστερον
3521 939 3580 995 δε
3607 946 3842 1016 παραμέσ-

2245 1051 2345 1086 νειν
2373 1041 2444 1103 τῷ
2473 1039 2727 1106 μνημείῳ,
2754 1037 2842 1085 καὶ
2868 1035 2990 1106 όρᾴν
3019 1033 3233 1086 ἕκαστα.

2318 1233 2418 1281 Καὶ
2466 1231 2509 1280 εἰ
2552 1235 2704 1280 τοῦτο
2751 1224 3024 1300 δεξόμεθα,
3076 1227 3347 1292 ζητητέον,
3392 1233 3504 1284 πῶς
3546 1223 3640 1276 οὐκ
3688 1222 3843 1294 ἔμνη-

2243 1321 2497 1389 μόνευσαν
2568 1317 2730 1378 αὐτῆς
2800 1318 2849 1368 οἱ
2907 1315 3310 1386 εὐαγγελισταὴ
3371 1318 3512 1366 Διότι
3580 1317 3839 1386 γνώριμον

2245 1403 2304 1464 ἦν
2373 1410 2492 1479 περὶ
2551 1406 2712 1465 αὐτῆς
2785 1406 2866 1456 ὄτι
2933 1408 3136 1465 πάντως
3189 1409 3381 1476 παρῆν,
3456 1405 3547 1454 καὶ
3610 1403 3673 1453 τὰ
3732 1420 3840 1473 μη-

2241 1499 2396 1566 τέρων
2476 1491 2825 1548 ἐπεδείκνυτο.
2903 1493 2997 1543 Διὰ
3059 1499 3213 1542 τοῦτο
3279 1493 3382 1563 γὰρ
3456 1486 3580 1542 οὐδὲ
3654 1491 3838 1563 θρῆνον

2243 1583 2402 1644 αὐτῆς
2493 1585 2798 1654 ἱστόρησαν.
2893 1582 3163 1652 Ἐφθασαν
3244 1581 3346 1652 γὰρ
3433 1577 3841 1650 ἀπαγγείλαντες

2243 1674 2322 1724 ὅτι
2353 1672 2619 1730 ἠκολούθει
2663 1671 2782 1742 (61)
2821 1677 2893 1740 τῷ
2941 1671 3036 1739 υἱῷ
3084 1665 3418 1722 διδάσκοντι.
3465 1673 3580 1742 Χρὴ
3637 1665 3716 1734 δε,
3747 1673 3840 1721 καὶ

482 1751 675 1809 ethoc
701 1755 759 1807 et
786 1747 936 1805 illud
965 1747 1132 1814 scire,
1161 1747 1465 1820 quodque:
1488 1753 1715 1806 natura;
1764 1749 2129 1807 conformius

2247 1769 2399 1813 τοῦτο
2485 1759 2690 1812 κάκεῖνο
2763 1764 3055 1830 γινώσκειν,
3124 1761 3214 1809 καὶ
3288 1761 3347 1809 τό
3416 1761 3840 1831 προσφυέστερον

482 1844 574 1898 est
612 1840 935 1911 suscipere.

553 1931 778 1986 Marcus
795 1947 938 1988 vero
955 1933 1036 1989 ait
1062 1949 1075 1987 :
1098 1933 1294 1988 Erant
1310 1936 1500 1986 autem
1531 1934 1584 1984 et
1615 1929 1891 1984 mulieres
1908 1927 2134 1983 eminus

481 2017 824 2086 aspicientes
853 2019 924 2082 ⁸⁸,
956 2020 1107 2075 inter
1131 2035 1284 2090 quas
1305 2023 1433 2074 erat
1476 2015 1655 2072 Maria
1695 2013 2057 2084 Magdalene,
2078 2018 2135 2069 et

480 2103 660 2161 Maria
679 2106 883 2161 Jacobi
914 2107 1088 2162 Parvi
1117 2108 1319 2162 etJose
1351 2111 1559 2170 mater,
1584 2109 1640 2160 et
1669 2104 1919 2159 Salome.
1967 2103 2132 2158 Hanc

480 2198 681 2250 autem
711 2194 990 2251 Salomen
1046 2195 1295 2267 quidam
1325 2210 1460 2251 eam
1501 2209 1629 2249 esse
1658 2193 1950 2258 dixerunt,
1995 2207 2130 2264 qua:

479 2283 645 2356 apud
673 2283 1008 2342 Matthmum
1039 2285 1254 2341 dicitur
1283 2289 1464 2342 mater
1481 2283 1740 2340 ﬁliorum
1765 2282 2056 2339 Zebedmi.

605 2479 762 2534 CAP.
797 2480 1034 2535 LXVIII.
1068 2481 1137 2537 De
1159 2481 1432 2552 petitione
1459 2481 1714 2552 corporis
1739 2479 1997 2537 Domini.

549 2660 712 2714 Vers.
744 2661 834 2714 57.
869 2661 1005 2716 Cum
1035 2676 1163 2717 sero
1189 2666 1380 2717 autem
1417 2662 1642 2730 factum
1697 2669 1836 2718 esset
1864 2693 1930 2701 —
1971 2661 2124 2718 Iesu.

479 2747 742 2804 Joannes
760 2765 899 2804 vero
927 2750 1107 2806 etiam
1131 2749 1531 2821 aliaquaedam
1558 2749 1911 2821 priusquam
1929 2751 2004 2806 ad
2027 2751 2132 2806 ho-

476 2851 612 2891 rum
646 2837 953 2893 accederet
975 2839 1376 2893 narrationem
1411 2839 1649 2909 scripsit
1674 2839 1878 2893 dicens
1909 2840 2133 2910 :Igitur

475 2924 672 2980 Judzi
681 2940 754 2980 ne
765 2932 1138 2982 remanerent
1151 2927 1213 2981 in
1236 2942 1410 2983 cruce
1425 2942 1680 2996 corpora
1693 2927 1972 2998 Sabbato,
1997 2928 2130 3000 quia

477 3013 789 3070 Parasceve
818 3021 947 3071 erat
983 3016 1053 3079 ‘9,
1086 3019 1219 3080 etc.,
1259 3015 1334 3070 de
1373 3031 1615 3071 crurum
1646 3015 1949 3072 latronum
1993 3032 2132 3072 con-

474 3100 780 3167 tractione,
803 3107 861 3159 et
899 3103 974 3159 de
1003 3103 1306 3175 apertione
1329 3103 1528 3160 lateris
1549 3105 1806 3163 Domini.
1834 3108 1999 3161 Hunc
2023 3123 2133 3162 au—
2168 3098 2209 3154 C

475 3194 594 3246 tem
618 3192 839 3263 Joseph
868 3195 1094 3248 Marcus
1119 3193 1434 3249 honestum
1461 3199 1799 3250 senatorem
1814 3196 2128 3267 scripsit“,

473 3295 544 3336 ac
569 3287 1013 3352 exspectantem
1043 3298 1296 3353 regnum
1335 3283 1457 3338 Dei.
1501 3286 1823 3339 Honestum
1855 3284 2126 3356 quidem,

473 3373 680 3441 utpote
727 3385 972 3440 gravem
1025 3377 1081 3426 et
1127 3372 1468 3428 modestum
1515 3389 1528 3427 :
1577 3378 1913 3430 senatorem
1963 3391 2126 3444 vero,

470 3473 690 3530 nempe
749 3475 935 3514 unum
977 3465 1321 3516 senatorum
1379 3461 1630 3518 civitatis
1667 3468 1877 3519 :erant
1931 3470 2128 3520 autem

473 3552 778 3602 senatores
809 3548 1174 3616 decuriones,
1204 3549 1536 3617 consiliarii,
1558 3551 2124 3610 acofﬁcialescurim.

473 3637 839 3705 Exspectans
868 3636 1008 3691 item
1038 3652 1291 3706 regnum
1320 3639 1444 3707 Dei,
1477 3640 1640 3711 quod
1674 3641 1943 3698 videlicet
1972 3643 2130 3700 circa

473 3723 809 3780 secundum
841 3725 1074 3782 Domini
1104 3727 1431 3784 adventum
1470 3727 1734 3785 futurum
1765 3736 1908 3787 erat.
1943 3731 2130 3788 Lucas

471 3816 672 3868 autem
700 3813 894 3870 virum
920 3815 1153 3888 justum
1184 3823 1240 3872 et
1267 3816 1498 3873 bonum
1525 3834 1664 3874 eum
1695 3820 2028 3876 nominavit
2055 3821 2127 3892 τί,

470 3907 527 3958 et
558 3903 718 3974 quod
748 3919 870 3960 non
906 3912 1290 3962 consenserat
1325 3907 1570 3962 consilio
1607 3923 1677 3964 ac
1709 3907 1862 3965 facto
1892 3909 2129 3965 Iudaeo-

469 4006 604 4047 rum
637 4008 650 4046 :
684 3993 974 4048 oriundus
1004 3993 1082 4049 ab
1108 3995 1472 4051 Arimatbaea
1497 3997 1730 4052 civitate
1759 3998 2124 4055 Iudaeorum.

467 4082 729 4137 Joannes
759 4097 897 4137 vero
927 4082 1286 4153 discipulum
1323 4084 1566 4154 quidem
1605 4101 1744 4141 eum
1775 4087 1955 4141 fuisse
1987 4087 2130 4143 dicit

468 4171 606 4224 Jesu
624 4171 693 4236 ⁷³,
717 4171 1014 4225 occultum
1029 4174 1228 4226 autem
1246 4177 1488 4242 propter
1509 4178 1735 4228 metum
1757 4175 2124 4242 Judaeorum,

468 4260 526 4312 et
551 4262 677 4313 erat
706 4274 779 4312 ex
809 4259 1188 4329 septuaginta
1217 4258 1555 4332 discipulis.

539 4451 698 4506 Vers.
730 4451 818 4507 58.
852 4452 967 4508 Hic
997 4483 1066 4491 —
1099 4469 1305 4524 corpus
1332 4455 1494 4510 Jesu.
1528 4457 1608 4512 Eo
1642 4457 1808 4528 quod
1841 4458 1916 4514 illi
1949 4464 2125 4518 notus
2160 4436 2207 4492 D

468 4548 644 4596 esset.
685 4543 910 4597 Marcus
936 4557 1078 4597 vero
1107 4541 1248 4598 dicit
1283 4543 1450 4615 quod
1480 4554 1722 4617 sumpta
1752 4549 2007 4607 audacia
2041 4551 2129 4608 in-

468 4645 708 4702 gressus
754 4640 836 4686 est
885 4632 962 4686 ad
1000 4631 1270 4700 Pilatum,
1313 4637 1368 4690 et
1404 4635 1570 4706 petiit
1607 4651 1824 4709 corpus
1870 4641 2006 4696 Jesu
2059 4649 2124 4700 ⁷³.

539 4731 587 4764 ⁶⁸
639 4731 812 4789 Marc.
841 4746 936 4798 xv,
976 4733 1068 4785 40.
1182 4733 1228 4767 ⁶⁹
1267 4733 1437 4790 Joan.
1479 4749 1596 4801 nx,
1632 4735 1722 4790 51.

537 4821 585 4854 ⁷³
626 4820 801 4877 Marc.
834 4836 931 4892 xv,
971 4820 1062 4876 43.

1835 4739 1884 4775 ⁷ο
1922 4743 2093 4799 Marc.
2137 4761 2228 4812 xv,
2268 4748 2357 4800 43.

2246 1847 2627 1921 ἀποδέχεσθαι.

2314 1941 2526 2012 Μάρκος
2590 1935 2650 1990 δέ
2712 1955 2890 2009 φησιν.
2941 1934 3112 1987 Ἦσαν
3165 1930 3224 1986 δὲ
3286 1937 3376 1986 καὶ
3434 1941 3678 2005 γυναῖκες
3734 1933 3837 1987 ἀπὸ

2241 2029 2496 2101 μακρόθεν
2548 2029 2855 2100 θεωροῦσαι,
2912 2023 2959 2076 ἐν
3013 2024 3095 2084 αἷς
3143 2020 3203 2081 ἧν
3249 2027 3340 2075 καὶ
3385 2028 3566 2098 Μαρία
3608 2025 3638 2081 ἠ
3691 2031 3838 2096 Mary-

2243 2113 2464 2182 δαληνη,
2509 2121 2598 2166 καὶ
2638 2119 2817 2188 Μαρία
2853 2115 2882 2171 ἡ
2933 2121 3024 2165 τοῦ
3070 2110 3316 2165 Ἰακώϐου
3364 2120 3456 2164 τοῦ
3501 2120 3706 2186 Μικροῦ
3747 2120 3838 2166 καὶ

2239 2205 2387 2264 Ἰωσῆ
2443 2209 2627 2278 μῆτερ,
2691 2208 2780 2254 καὶ
2839 2202 3078 2274 Σαλώμη.
3135 2205 3338 2258 Ταύτην
3397 2199 3457 2254 δὲ
3513 2207 3604 2259 τὴν
3662 2202 3838 2254 Σαλώ-

2240 2315 2342 2368 μην
2389 2298 2517 2355 τινες
2560 2290 2698 2345 εἶπον
2745 2291 2873 2344 εἶναι
2901 2297 2994 2350 τὴν
3024 2293 3168 2364 παρὰ
3197 2298 3269 2361 τῷ
3309 2292 3562 2362 Ματθαίῳ
3585 2292 3839 2364 ῥηθεῖσαν

2239 2388 2440 2458 μητέρα
2463 2391 2562 2435 τῶν
2594 2384 2716 2433 υἱῶν
2741 2377 3042 2433 Ζεϐεδαίου.

2243 2515 2386 2562 ΚΕΦ.
2448 2506 2564 2563 ΗΞ.
2626 2511 2751 2582 Περὶ
2825 2514 2922 2568 τῆς
2987 2505 3242 2566 αἰτήσεως
3300 2511 3391 2556 τοῦ
3437 2509 3677 2576 σώματος
3741 2512 3840 2557 τοῦ

2241 2599 2438 2656 Ἰησοῦ.

2311 2686 2498 2758 Ὀψίας
2570 2682 2628 2738 δὲ
2697 2689 2968 2757 γενομένης
3033 2713 3102 2724 —-
3158 2682 3354 2740 Ἰησοῦ.
3412 2681 3470 2734 Ὁ
3532 2678 3592 2734 δὲ
3662 2683 3839 2736 Ἰωάν-

2238 2797 2330 2838 νης
2377 2781 2466 2828 καὶ
2500 2775 2650 2840 ἄλλα,
2691 2778 2791 2847 πρό
2839 2781 2929 2824 τοῦ
2975 2772 3130 2824 ἐλθεῖν
3169 2779 3370 2838 νοῦτον,
3421 2773 3707 2843 ἱστόρησεν,
3761 2772 3831 2821 Οἱ

2240 2863 2327 2918 οὖν
2371 2861 2641 2934 Ἰουδαῖοι,
2693 2863 2873 2935 λέγων,
2926 2863 3008 2914 ἶνα
3062 2866 3132 2933 μὴ
3189 2866 3333 2933 μείνῃ
3396 2860 3476 2912 ἐπὶ
3523 2866 3612 2910 τοῦ
3671 2878 3830 2910 σταυ-

2239 2962 2333 3028 ροῦ
2388 2957 2454 3006 τὰ
2509 2960 2729 3024 σώματα
2793 2954 2841 3003 ἐν
2894 2959 2966 3022 τῷ
3030 2949 3296 3020 Σαϐϐάτῳ,
3370 2948 3456 3001 ἐπὶ
3517 2952 3830 3022 Παρασκευή

2241 3041 2322 3106 ἦν,
2389 3047 2479 3094 καὶ
2554 3043 2620 3094 τὰ
2701 3040 2838 3102 ἑξῆς·
2923 3044 3041 3114 περί
3117 3057 3172 3090 τε
3236 3045 3330 3099 τῆς
3384 3035 3673 3098 κατεάξεως
3736 3044 3837 3087 τῶν

2243 3131 2431 3185 σκελῶν
2501 3139 2593 3183 τῶι
2674 3128 2902 3202 λῃστῶν,
2972 3133 3061 3180 καὶ
3127 3131 3241 3199 περὶ
3315 3134 3410 3186 τῆς
3476 3125 3660 3187 νύξεως
3745 3135 3833 3183 τῆς

2238 3221 2463 3296 πλευρᾶς
2510 3225 2602 3272 τοῦ
2650 3223 2865 3292 Κυρίου.
2915 3222 3103 3270 Τοῦτον
3152 3213 3211 3268 δε
3252 3217 3337 3267 τόν
3378 3216 3576 3285 Ἰωσὴφ
3617 3215 3643 3266 ό
3691 3216 3830 3284 Μάρ-

2237 3330 2322 3371 κος
2395 3310 2706 3380 εὐσχήμονα
2783 3305 3068 3380 βουλευτὴν
3136 3303 3408 3378 ἀνέγραψε,
3470 3308 3556 3355 καὶ
3609 3298 3834 3376 προσδε-

2237 3403 2458 3471 χόμενον
2489 3403 2582 3455 τήν
2613 3395 2884 3470 βασιλείαν
2922 3404 3012 3447 τοῦ
3057 3400 3209 3450 Θεοῦ.
3251 3393 3577 3465 Εὐσχήμονα
3619 3396 3730 3464 μὲν,
3774 3395 3838 3452 ὡς

2241 3491 2421 3558 σεμνόν
2467 3491 2557 3537 καὶ
2596 3490 2833 3556 κόσμιον
2879 3481 3155 3556 βουλευτὴν
3198 3479 3276 3550 δὲ,
3323 3483 3390 3541 ὡς
3437 3482 3523 3533 ἕνα
3561 3489 3661 3532 τῶν
3711 3479 3839 3553 βου-

2236 3576 2424 3629 λευτῶν
2467 3584 2557 3635 τῆς
2603 3573 2812 3634 πόλεως’
2863 3572 3180 3646 ὀφφικιάλιοι
3234 3567 3292 3623 δὲ
3339 3567 3474 3628 ἦσαν
3524 3571 3572 3622 οἰ
3611 3568 3838 3642 βουλευ-

2238 3670 2349 3718 rai‘
2406 3660 2829 3737 προσδεχόμενον
2878 3659 2936 3714 δὲ
2975 3666 3068 3720 τὴν
3118 3659 3390 3733 βασιλείαν
3432 3667 3524 3712 τοῦ
3564 3663 3710 3723 Θεοῦ,
3741 3662 3836 3716 τήν

2238 3754 2546 3828 μελλουσαν,
2598 3758 2691 3810 τὴν
2739 3753 2874 3804 κατὰ
2922 3751 3036 3823 (64)
3093 3755 3186 3808 τὴν
3238 3753 3536 3822 παρουσίαν
3581 3751 3672 3806 την
3716 3743 3838 3799 δευ-

2236 3848 2386 3916 τέραν
2438 3850 2529 3895 τοῦ
2581 3848 2836 3916 Χριστοῦ,
2892 3846 3100 3900 Λουκᾶς
3151 3835 3210 3891 δὲ
3263 3835 3434 3912 ἄνδρα
3493 3836 3690 3908 ἀγαθόν
3743 3839 3829 3886 καὶ

2239 3929 2444 3986 δίκαιον
2501 3931 2656 3984 αὐτὸν
2727 3930 2980 4002 ὠνόμασε,
3058 3932 3148 3980 καὶ
3219 3931 3289 3999 μὴ
3371 3925 3832 3998 συγκατατεθειμέ-

2235 4041 2318 4074 νον
2358 4021 2470 4092 (65)
2519 4028 2579 4093 τῇ
2616 4018 2778 4092 βουλῇ
2811 4023 2900 4070 καὶ
2938 4025 3000 4090 τῇ
3043 4015 3227 4092 πράξει
3265 4024 3364 4068 τῶν
3397 4011 3691 4078 Ἰουδαίων,
3729 4010 3830 4064 ἀπὸ

2237 4109 2600 4183 Ἀριμαθαίας,
2663 4107 2850 4168 πόλεως
2923 4115 3023 4158 τῶν
3097 4101 3390 4160 Ἰουδαίων.
3467 4104 3704 4163 Ἰωάννης
3773 4098 3832 4154 δί

2235 4199 2473 4271 μαθητὴν
2515 4201 2606 4270 μὲν
2659 4196 2814 4248 αὐτὸν
2859 4193 2984 4248 εἶναι
3034 4194 3168 4266 λέγει
3214 4200 3302 4245 τοῦ
3355 4192 3552 4257 Ἰησοῦ,
3607 4210 3830 4263 κεκρυμ-

2237 4291 2382 4360 μένον
2441 4283 2500 4339 δὲ
2549 4282 2641 4338 διὰ
2682 4288 2767 4337 τὸν
2821 4283 2973 4357 φόϐον
3019 4292 3119 4336 τῶν
3179 4277 3462 4337 Ἰουδαίων.
3518 4279 3615 4333 Ἦν
3670 4276 3730 4332 δὲ
3777 4277 3831 4331 ἐκ

2236 4385 2335 4429 τῶν
2367 4371 2728 4447 ἐϐδομήκοντα
2757 4375 3023 4446 μαθητῶν,

2313 4465 2474 4526 Οὗτος
2517 4495 2586 4505 -
2623 4466 2682 4515 τό
2724 4471 2875 4535 σῶμα
2925 4469 3014 4514 τοῦ
3059 4462 3258 4518 Ἰησοῦ.
3301 4463 3562 4533 Γνὼριμος
3605 4457 3673 4509 ὧν
3715 4458 3829 4528 (66)

2241 4555 2402 4624 αὐτῷ.
2451 4555 2663 4627 Μάρκος
2731 4549 2790 4604 ὁε
2843 4547 2976 4603 εἶπεν
3027 4551 3108 4602 ὅτι
3161 4553 3249 4600 καὶ
3301 4547 3568 4619 τολμήσας
3625 4545 3831 4604 εἰσῆλθε

2239 4649 2364 4718 πρὸς
2412 4643 2652 4707 Πιλάτον,
2692 4646 2781 4693 καὶ
2829 4641 3062 4714 ᾐτήσατο
3103 4642 3161 4690 τό
3194 4647 3345 4710 σῶμα
3373 4645 3463 4689 τοῦ
3495 4636 3692 4694 Ἰηῦοῦ.
3726 4640 3831 4693 Τὴν

2470 4743 2514 4777 τί
2548 4741 2681 4795 Luc.
2722 4755 2886 4806 xxiii,
2920 4741 3006 4802 50,
3041 4737 3125 4792 51.
3238 4737 3286 4771 ⁷³
3326 4734 3496 4790 Joan.
3563 4751 3686 4802 χιχ,
3741 4734 3827 4789 38.

1702 4896 1930 4968 Variae
1960 4902 2288 4975 lectiones
2329 4913 2398 4970 et
2423 4911 2622 4969 notae.

540 5032 652 5104 (6t)
684 5033 872 5104 Hujus
899 5034 1326 5116 sententiarest
1349 5035 1650 5116 Chrzsost.
1680 5044 1719 5096 t.
1754 5043 1867 5108 VII,
1902 5060 1961 5116 p.
1996 5046 2124 5114 827,

464 5105 527 5162 B.
552 5119 748 5179 quam
781 5105 987 5179 repetit
1012 5107 1318 5178 Tneophil.
1346 5124 1406 5179 p.
1446 5105 1565 5178 [75,
1598 5111 1664 5166 D.
1854 5105 1861 5108 ⁷
1905 5105 1924 5157 ἶ

564 5175 629 5230 62
683 5175 1045 5230 Ἠκολούθουν.
1081 5182 1136 5231 Β.

538 5175 654 5318 ἓϐδ)
682 5246 748 5301 In
777 5246 872 5302 his
911 5247 1136 5318 Theopt

559 5246 654 5316 63)
682 5246 748 5301 In
777 5246 872 5302 his
911 5247 1332 5320 Theophylact.
1375 5266 1435 5323 p.
1468 5251 1592 5322 175,
1627 5251 1688 5308 D.

537 5422 648 5504 (Ιί).Δ
671 5424 962 5504 Viseerum
1001 5427 1484 5504 inﬂammatione.
1539 5435 1603 5486 In
1645 5431 1844 5490 libello
1885 5435 2118 5492 medico

462 5493 695 5576 bmc'ita
714 5496 790 5550 ad
809 5497 1049 5553 verbum
1063 5493 1304 5576 reddita
1325 5516 1470 5576 esse,
1496 5505 2116 5576 nemogreprehendat.

464 5569 567 5624 Hic
595 5569 801 5649 autem
819 5581 941 5621 non
961 5569 1365 5649 proprie,‘sed_
1381 5573 1662 5649 translate
1681 5569 1963 5649 loquitur.
1993 5578 2118 5649 ,Φλε-

462 5641 630 5715 ῃιονὴ
663 5634 983 5710 σπλάγχνωῦ
1005 5634 1146 5710 ergo
1163 5634 1248 5698 est
1268 5641 1440 5700 dolor
1460 5634 1864 5705 acutissimus.
1888 5648 2116 5720 Redde,

2305 5045 2418 5116 (64)
2451 5047 2596 5099 Κατὰ
2631 5047 2717 5100 τὴν
2759 5038 3002 5117 δευτέραν
3033 5040 3192 5093 αὐτοῦ
3223 5045 3516 5115 παρουσίαν
3564 5048 3658 5094 τοῦ
3705 5048 3832 5115 Χρε·

2233 5125 2386 5171 στοῦ.
2426 5122 2487 5169 Α.

2301 5189 2415 5258 (65)
2447 5186 2966 5258 Συγκατατιθέμενον.
2997 5188 3063 5240 Α.

2326 5189 2415 5254 65)
2447 5189 2917 5258 Συγκατατιθέμενο

2301 5189 2418 5331 ἒϐϐ)
2449 5257 2567 5330 Ὧν,
2595 5257 2815 5315 omittit
2845 5255 2917 5313 Β.

2227 5435 2514 5494 acerrimo
2535 5433 2758 5501 dolore,
2789 5447 3016 5490 summa
3053 5428 3326 5492 tristitia.

2299 5506 2363 5580 (ι)
2392 5507 2651 5580 Naturae
2665 5498 2916 5580 aculeos.
2949 5504 3249 5580 Φύσις-1100
3287 5503 3420 5580 loco
3443 5506 3609 5580 notat
3646 5498 3824 5560 aﬂ‘ec-

2227 5575 2453 5636 tionem
2481 5577 2687 5634 matris
2715 5576 3003 5634 adversus
3028 5575 3256 5648 "ﬁlium.
3301 5575 3524 5643 Redde,
3564 5581 3814 5648 prapter

2226 5649 2640 5710 vehemcntiam
2672 5649 2930 5707 matemi
2965 5646 3232 5721 affectus.
