4170 6334
303 304 411 362 741

1284 311 1653 371 COMMENT.
1706 313 1775 369 IN
1814 304 2256 370 MATTHAEUM.
2296 342 2363 351 —
2402 309 2561 369 CAP.
2614 309 2839 367 XXVII.

3560 310 3664 365 742

301 435 563 506 προτέραν
614 435 712 508 γὰρ
765 432 961 490 δειλίαν
1014 445 1076 510 τῇ
1132 438 1349 512 ὕστερον
1396 438 1655 513 τολμηρίᾳ
1710 441 1891 511 θαυμαι

2016 436 2277 492 Priorem
2306 435 2467 491 enim
2495 435 2765 491 timorem
2806 433 3071 508 sequenti
3099 433 3351 489 audacia
3379 434 3665 491 mirabili-

307 525 437 581 σίως
499 520 805 595 ἀπενίψατο,
856 533 944 579 καὶ
1011 528 1083 589 εἰς
1140 530 1355 580 θάνατον
1417 525 1659 590 ἐξέδωκεν
1730 529 1905 581 ἑαυτὸν

300 616 370 681 τῇ
420 613 549 683 πρὸς
605 617 690 665 τὸν
746 610 1069 668 διδάσκαλον
1121 617 1312 689 εὐνοίᾳ,
1369 623 1460 675 τὴν
1508 621 1647 690 παρὰ
1703 620 1904 670 πάντων

304 706 411 749 τῶν
446 697 713 754 Ἰουδαίων
745 701 1028 775 ἀπέχθειαν
1060 702 1449 778 ἀναδεξάμενος.

383 792 509 841 Τότε
552 821 621 830 -
688 800 857 864 σῶμα.
931 797 1144 869 Μάρκος
1202 792 1261 847 δε
1318 815 1475 867 φησιν
1537 797 1616 847 ὅτι
1685 795 1906 856 Πιλάτος

310 874 627 949 ἔθαύμασεν,
707 880 750 931 εἰ
822 878 928 939 ἤδη
1019 884 1246 948 τέθνηκε,
1324 889 1413 935 καὶ
1484 884 1905 956 προσκαλεσάμε-

308 982 399 1026 νος
479 970 565 1017 τὸν
643 974 975 1043 κεντυρίωνα,
1063 969 1394 1044 ἐπηρώτησεν
1455 973 1631 1037 αὐτὸν,
1711 973 1755 1024 εἰ
1805 977 1905 1024 πά-

306 1051 400 1105 λαι
473 1052 691 1107 ἀπέθανε
722 1073 735 1085 ⁸
806 1063 897 1110 καὶ
974 1079 1128 1130 γνους
1209 1059 1309 1113 ἀπὸ
1387 1067 1476 1113 τοῦ
1549 1063 1901 1133 κεντυρίωνος,

305 1137 617 1214 ἐδωρήσατο
680 1147 739 1196 τὸ
802 1154 953 1218 σῶμα
1019 1156 1091 1218 τῷ
1137 1148 1353 1221 Ἰωσήφ.
1419 1146 1725 1222 ιῖροσεδόκα
1778 1152 1901 1223 γὰρ,

306 1226 547 1303 βραδέως
602 1230 872 1286 ἀποθανεῖν
926 1235 1102 1303 αὐτὸν,
1158 1239 1222 1298 ὡς
1282 1240 1412 1290 θεῖόν
1462 1258 1578 1290 τινα
1640 1242 1727 1290 καὶ
1774 1239 1901 1311 ὑπερ

302 1322 425 1378 τοὺς
464 1319 699 1383 πολλούς.
744 1323 904 1385 Αὐτὸς
951 1321 1031 1390 δὲ,
1077 1328 1142 1387 ὡς
1183 1328 1468 1400 ἄνθρωπος,
1518 1331 1656 1399 νόμῳ
1703 1329 1904 1399 φύσεως

305 1404 538 1467 ἔτελεύτη
549 1428 624 1464 σε.

378 1502 478 1549 Καὶ
527 1497 694 1551 λαϐὼν
754 1531 823 1541 -
890 1505 1115 1576 καθαρᾷ.
1164 1504 1223 1556 Ὀ
1282 1501 1340 1557 δε
1395 1505 1637 1567 Ἰωάννης
1709 1505 1902 1558 πλατύ-

301 1603 450 1658 τερον
485 1588 730 1662 ἱστόρησε
767 1589 926 1661 λέγων
979 1613 992 1624 ·
1022 1590 1205 1645 Ἦλθεν
1237 1593 1325 1645 οὖν
1359 1598 1448 1646 καὶ
1497 1590 1588 1668 ἦρε
1634 1598 1692 1646 τό
1750 1603 1901 1667 σῶμα

304 1680 399 1725 τοῦ
429 1675 627 1732 Ἰησόῦ.
662 1675 850 1750 [Ἦλθε
894 1681 1011 1751 (67)
1062 1677 1120 1733 δὲ
1172 1686 1257 1733 καὶ
1314 1679 1639 1755 Νικόδημος,
1673 1684 1698 1734 6
1746 1682 1899 1735 ἐλθὼν

2015 532 2104 582 ter
2128 526 2333 587 abluit,
2355 528 2412 580 et
2438 524 2517 578 sei
2528 539 2702 595 psum
2733 525 2791 579 in
2815 530 3069 580 mortem
3101 523 3362 588 tradidit,
3384 523 3463 579 ob
3485 524 3662 581 bene-

2014 614 2335 669 volentiam
2356 628 2542 683 quam
2571 612 2970 682 gerebaterga
3005 616 3450 683 praeceptorem,
3480 613 3659 669 susci-

2014 703 2180 774 piens
2209 702 2268 756 in
2300 716 2361 756 se
2392 706 2745 755 cunctorum
2773 699 3144 756 inimicitiam
3172 702 3532 757 Judmorum.

2090 793 2243 845 Vers.
2286 793 2371 844 58.
2419 790 2577 845 Tunc
2605 820 2674 829 —
2726 804 2959 858 corpus.
3004 791 3229 845 Marcus
3261 796 3460 845 autem
3491 791 3656 859 dixit,

2014 881 2176 952 quod
2197 880 2431 935 Pilatus
2449 879 2861 935 admirabatur
2881 881 2933 933 si
2946 880 3081 947 jam
3110 886 3375 934 mortuus
3399 887 3541 936 esset
3568 896 3582 947 ;
3606 887 3661 937 et

2012 968 2291 1024 accersito
2322 968 2677 1033 centurione,
2706 966 3099 1035 interrogavit
3130 981 3280 1031 eum,
3314 983 3393 1023 an
3429 968 3661 1028 iamdu-

2012 1057 2155 1112 dum
2178 1063 2437 1112 mortuus
2456 1062 2623 1112 esset:
2650 1061 2703 1112 et
2723 1070 2831 1112 rea
2852 1055 3195 1111 centurione
3215 1058 3473 1126 cognita,
3488 1058 3664 1113 dona-

2013 1145 2097 1201 vit
2113 1160 2315 1216 corpus
2342 1146 2454 1214 ipsi
2470 1144 2685 1213 Joseph
2712 1145 2779 1200 7‘.
2810 1143 3103 1215 Sperabat
3124 1144 3284 1199 enim
3310 1145 3474 1200 tarde
3497 1144 3663 1201 illum

2014 1234 2387 1299 moriturum,
2402 1238 2694 1305 tanquam
2706 1232 2979 1289 divinum
2996 1232 3326 1305 quemdam
3353 1232 3658 1290 hominem

2011 1323 2117 1396 qui
2148 1328 2392 1380 cancros
2420 1323 2749 1379 excederet.
2783 1323 2914 1395 Ipse
2943 1337 3086 1378 vero
3105 1322 3234 1393 lege
3251 1326 3476 1379 natura;
3506 1339 3661 1381 mor-

2011 1416 2150 1468 tuus
2181 1420 2272 1469 est
2300 1418 2591 1485 tanquam
2616 1428 2792 1468 verus
2816 1412 3019 1468 homo.

2081 1502 2242 1557 Vers.
2269 1502 2354 1558 59.
2380 1504 2805 1571 Sumptumque
2826 1530 2891 1540 —
2914 1498 3148 1555 munda.
3173 1502 3430 1556 Joannes
3455 1506 3659 1559 autem

2011 1588 2186 1645 latius
2237 1590 2463 1661 scripsit
2505 1590 2748 1645 dicens:
2794 1588 2959 1644 Venit
3004 1605 3140 1659 ergo
3184 1595 3235 1645 et
3266 1588 3401 1644 tulit
3442 1606 3659 1660 corpus

2008 1679 2164 1735 Iesu.
2209 1681 2377 1735 Venit
2406 1685 2603 1735 autem
2635 1685 2690 1735 et
2718 1679 3065 1735 Nicodemus
3111 1678 3161 1732 is
3190 1677 3293 1748 qui
3317 1688 3559 1736 venerat
3583 1681 3661 1736 ad

299 1766 431 1837 πρὸς
495 1768 580 1816 τόν
638 1768 845 1824 Ἰησοῦν
896 1773 1079 1831 νυκτός
1124 1776 1180 1822 τό
1236 1780 1456 1845 πρῶτον,
1514 1777 1672 1845 φέρων
1725 1777 1891 1845 μίγμα

2006 1766 2200 1824 Iesum
2231 1774 2395 1824 nocte
2409 1768 2691 1837 primum,
2724 1768 2927 1836 ferens
2966 1769 3273 1823 misturam
3312 1769 3579 1838 myrrhas
3604 1774 3659 1826 et

304 1854 537 1925 σμύρνης
587 1859 675 1907 καὶ
726 1853 903 1922 ἀλόης,
987 1861 1104 1911 ὡσεὶ
1173 1859 1344 1928 λίτρας
1415 1862 1613 1916 ἑκατόν.
1681 1860 1899 1915 Ἐλαϐον

301 1937 393 1992 οὖν
431 1945 486 1993 τὸ
529 1951 680 2015 σῶμα
713 1952 806 1996 τοῦ
852 1946 1080 2017 Ἰησοῡ,]
1131 1953 1219 2000 καὶ
1256 1945 1452 2007 ἔδησαν
1511 1950 1636 2002 αὐτὸ
1686 1950 1733 2002 ἓν
1786 1951 1897 2004 ὀθο-

300 2034 434 2091 νίοις
484 2034 611 2101 μετὰ
688 2041 786 2083 τῶν
844 2033 1148 2107 ἀρωμάτων,
1209 2039 1376 2097 καθώς
1437 2041 1548 2099 ἔθος
1621 2038 1733 2092 ἐστὶ
1790 2049 1897 2105 τοῖς

302 2114 585 2182 Ἰουδαίοις
648 2119 990 2193 ἐνταφιάζειν.
1058 2124 1341 2198 Ἐπίσημος
1390 2130 1479 2199 μὲν
1554 2129 1640 2180 οὖν
1698 2126 1758 2186 ἦν
1810 2135 1898 2182 καὶ

298 2212 550 2282 πρότερον
592 2211 617 2261 ό
664 2211 880 2282 Ἰωσήφ,
938 2210 1313 2287 ἐπισημότερος
1365 2212 1423 2268 δὲ
1483 2220 1685 2288 ’γέγονεν
1734 2220 1788 2270 ἔκ
1843 2238 1897 2271 τε

293 2303 387 2348 τοῦ
417 2296 676 2369 τολμῆσαι
702 2297 874 2351 λαϐεῖν
911 2304 968 2352 τὸ
1002 2310 1172 2373 σῶμα,
1224 2307 1312 2354 καὶ
1346 2312 1436 2356 τοὺ
1476 2315 1701 2377 τιμῆσαι
1746 2308 1891 2362 αὐτό.

298 2388 403 2437 Καὶ
456 2388 557 2458 γὰρ
609 2386 667 2438 οὐ
713 2392 865 2459 μόνον
906 2385 1045 2462 ἦρεν,
1091 2389 1221 2442 ἀλλά
1258 2398 1347 2444 καὶ
1393 2393 1676 2455 πολυτελῶς
1726 2394 1894 2449 ἔνετα-

296 2478 453 2544 φίασε
527 2477 658 2545 μετά
708 2474 1039 2549 Νικοδήμου.
1119 2484 1354 2552 Μίγματι
1409 2478 1466 2534 δε
1522 2486 1755 2556 σμύρνης
1807 2490 1896 2538 καὶ

294 2557 456 2622 ἀλόης
509 2569 657 2614 τοῦτο
719 2562 1076 2636 ἕνεταφίασαν,
1135 2568 1265 2619 ὥστε
1340 2564 1599 2641 διαμένειν
1659 2573 1895 2630 ἄσηπτον

296 2653 389 2701 καὶ
440 2647 664 2713 εὐῶδες·
721 2654 796 2704 ἔτι
854 2656 954 2725 γὰρ
1009 2657 1078 2716 ὡς
1134 2657 1400 2729 ἄνθρωπον
1466 2658 1637 2729 ψιλόν,
1711 2660 1895 2734 ἐτίμων

298 2738 474 2791 αὐτόν.
511 2744 610 2792 Καὶ
635 2741 785 2812 ἡμεῖς
827 2742 934 2810 οὖν,
970 2746 1028 2794 τό
1076 2752 1228 2816 σῶμα
1270 2754 1361 2797 τοῦ
1416 2754 1607 2823 Κυρίου
1662 2746 1755 2802 διὰ
1802 2759 1896 2812 τῆς

297 2826 629 2899 μεταλήψεως
713 2828 1074 2901 λαμϐάνοντες,
1164 2838 1463 2909 μυρίσωμεν
1555 2846 1707 2890 τοῦτο
1785 2847 1895 2900 ταῖς

298 2911 543 2977 εὐωδίαις
576 2924 674 2968 τῶν
724 2916 915 2992 ἀρετῶν
952 2928 1042 2980 τῆς
1090 2939 1145 2973 τε
1208 2923 1440 2996 πράξεως
1493 2930 1583 2977 καὶ
1632 2934 1727 2989 τῆς
1774 2928 1894 2981 θεω-

298 3006 436 3074 ρίας.

2008 1858 2161 1911 aloes
2171 1857 2247 1911 ad
2261 1857 2446 1911 libras
2457 1858 2647 1925 ferme
2658 1861 2912 1911 centum.
2932 1856 3305 1924 Acceperunt
3321 1857 3519 1928 itaque
3532 1873 3659 1913 cor-

2004 1960 2117 2013 pus
2132 1946 2287 2011 Jesu,
2307 1950 2360 2001 et
2389 1945 2795 2013 objunxerunt
2820 1944 2980 1998 illud
3007 1943 3193 1999 linteis
3214 1959 3346 2000 cum
3373 1947 3656 2001 aromati-

2009 2032 2133 2102 bus,
2166 2033 2317 2088 sicut
2346 2049 2467 2088 mos
2496 2039 2579 2088 est
2607 2032 2827 2088 luditis
2856 2033 3095 2100 sepelire
3123 2034 3193 2085 ⁷⁵.
3229 2033 3484 2101 Insignis
3514 2049 3657 2105 ergo

2007 2124 2136 2177 erat
2173 2125 2228 2176 et
2267 2128 2443 2176 antea
2479 2120 2721 2192 Joseph,
2760 2120 2863 2176 sed
2902 2120 3195 2191 insignior
3231 2120 3422 2176 factus
3460 2127 3549 2177 est
3584 2136 3656 2178 eo

2006 2209 2172 2281 quod
2198 2210 2405 2265 Christi
2436 2224 2647 2280 corpus
2671 2226 2857 2264 ausus
2880 2208 3051 2264 fuerit
3078 2210 3367 2281 accipere,
3392 2209 3655 2283 illudque

2003 2296 2320 2353 honorare.
2355 2300 2550 2367 Neque
2581 2298 2740 2351 enim
2770 2297 2962 2352 solum
2996 2296 3148 2362 tulit,
3182 2298 3286 2352 sed
3317 2302 3375 2353 et
3405 2299 3657 2370 pretiose

2005 2400 2074 2441 ac
2104 2385 2428 2441 honoriﬁce
2458 2402 2596 2440 cum
2628 2387 2945 2440 Nicodemo
2986 2386 3271 2457 sepelivit.
3314 2387 3378 2441 In
3412 2388 3658 2445 mistura

2004 2480 2205 2530 autem
2234 2474 2495 2545 myrrhae
2541 2478 2597 2529 et
2625 2474 2788 2529 aloes
2824 2474 2962 2529 illud
3004 2474 3382 2545 sepelierunt,
3427 2483 3489 2531 ut
3526 2477 3654 2532 sine

2004 2562 2378 2633 corruptione
2408 2566 2466 2617 et
2494 2562 2556 2617 in
2586 2562 2748 2617 bono
2787 2562 2970 2618 odore
2999 2569 3373 2633 permaneret
3406 2581 3418 2618 :
3453 2564 3654 2620 adhuc

2003 2651 2165 2706 enim
2196 2655 2259 2705 ut
2288 2651 2520 2706 nudum
2558 2651 2866 2706 hominem
2905 2651 3109 2723 ipsum
3146 2651 3545 2708 honorabant.
3587 2657 3654 2710 Et

2003 2754 2116 2795 nos
2153 2754 2296 2809 ergo
2342 2739 2576 2795 Domini
2619 2755 2837 2811 corpus
2886 2755 2991 2811 per
3026 2741 3539 2812 participationem
3592 2743 3652 2796 in

2005 2828 2177 2884 altari
2230 2828 2335 2900 (m)
2383 2829 2759 2900 accipientes,
2810 2829 3219 2885 odoramentis
3269 2829 3415 2885 illud
3466 2846 3655 2902 unga-

2002 2932 2158 2985 mus,
2174 2917 2464 2974 suavibus
2477 2918 2740 2974 videlicet
2759 2919 3045 2975 virtutum
3067 2917 3371 2991 operibus,
3390 2935 3457 2975 ac
3476 2934 3652 2991 opere

2001 3010 2057 3063 et
2081 3006 2600 3078 contemplatione.

372 3095 473 3143 Kui
520 3122 586 3133 -—
640 3093 882 3163 ἀπῆλθεν,
944 3097 1107 3158 Οὗτος
1162 3102 1252 3171 μεν
1307 3101 1332 3152 6
1381 3102 1753 3175 εὖαγγελιστής
1800 3116 1891 3161 τοῦ

2070 3122 2230 3177 Vers.
2249 3125 2335 3178 60.
2361 3122 2441 3178 Et
2475 3154 2537 3164 —
2563 3122 2729 3178 abiit.
2759 3122 2861 3178 Hic
2886 3122 3133 3195 quidem
3160 3122 3536 3192 Evangelista
3563 3123 3651 3196 ip-

295 3177 489 3252 Ἰωσὴφ
549 3178 676 3234 εἶναι
738 3188 795 3236 τὸ
848 3193 1095 3258 μνημεῖον
1144 3185 1297 3255 εἶπεν,
1363 3193 1411 3242 οἱ
1480 3192 1624 3246 ἄλλοι
1682 3192 1741 3247 δε
1798 3197 1891 3248 οὐκ

290 3265 699 3343 ἐσημειώσαντο,
780 3279 916 3335 τίνος
996 3272 1075 3333 ἦν.
1152 3283 1287 3334 Φησὶ
1363 3283 1463 3353 γὰρ
1531 3284 1555 3333 6
1605 3283 1886 3347 ’[wu'wng-

290 3356 392 3409 ’[Ιν
456 3354 516 3411 δὲ
578 3359 627 3412 ἔν
685 3370 757 3432 τῷ
842 3368 1004 3436 τόπῳ,
1092 3368 1219 3418 ὅπου
1304 3366 1627 3444 ἐσταυρώθη,
1705 3381 1887 3439 κῆπος,

294 3450 385 3498 καὶ
457 3445 505 3498 ἓν
560 3458 632 3519 τῷ
698 3454 849 3521 κήπῳ
923 3463 1168 3525 μνημεῖον
1248 3460 1408 3523 κενὸν,
1488 3458 1537 3509 ἐν
1685 3457 1891 3512 οὐδέπω

295 3531 471 3596 οὐδεὶς
513 3535 680 3603 ἕτέθη,
731 3544 820 3591 xui
875 3543 942 3592 τὰ
997 3541 1131 3604 ἑξῆς.
1187 3544 1338 3607 Εἰκὸς
1388 3542 1493 3613 οὖν,
1550 3555 1641 3599 τοῦ
1698 3550 1890 3622 Ἰωσὴφ

293 3625 553 3697 ὑπάρχειν
604 3631 689 3678 τὸν
736 3635 921 3697 κῆπον,
978 3628 1024 3682 ἓν
1155 3633 1217 3690 ἧν
1269 3638 1326 3685 τὸ
1383 3654 1626 3707 μνημεον.
1679 3636 1889 3711 ’ῼκονο-

293 3714 437 3785 μήθη
488 3710 546 3766 δε
595 3720 736 3767 κενὸν
786 3714 912 3769 εἶναι
958 3727 1130 3784 τοῦτο,
1185 3723 1266 3772 ῖνα
1329 3731 1421 3773 τοῦ
1474 3732 1705 3799 Σωτῆρος
1766 3727 1888 3779 ἀνα-

291 3805 506 3862 στάντος
549 3809 619 3875 μὴ
676 3808 899 3879 νομισθῇ
952 3809 1119 3883 ἕτερος
1174 3808 1477 3871 ἀναστῆναι,
1538 3816 1887 3888 Προσεκύλισε

289 3894 464 3962 μέντοι
537 3893 677 3945 λίθον
750 3899 929 3967 μέγαν,
1010 3903 1360 3972 συναραμένου
1432 3902 1571 3973 αὗτῴ
1638 3909 1727 3956 καὶ
1791 3914 1882 3959 τοῦ

286 3976 620 4052 Νικοδήμου.
689 3986 759 4035 T6
823 3980 880 4036 δε
948 3994 1194 4057 μνημεῖον
1251 3989 1612 4055 σπηλαιοειδές
1667 3994 1728 4053 ἦν
1788 3994 1885 4047 λα-

288 4067 486 4131 ξευτόν.

356 4162 455 4210 Ἦν
497 4155 555 4247 δε
585 4190 653 4200 --
695 4162 881 4233 τάφου.
929 4166 1137 4238 Μάρκος
1181 4162 1239 4219 δε
1283 4188 1439 4240 φησιν
1465 4191 1476 4203 ·
1504 4169 1561 4223 Ἠ
1603 4167 1662 4225 δὲ
1708 4181 1885 4247 Μαρια

285 4246 316 4304 ἠ
376 4244 701 4319 Μαγδαληνὴ
753 4256 842 4302 καὶ
891 4258 1070 4327 Μαρία
1130 4257 1158 4313 ἡ
1231 4265 1322 4309 τοῦ
1395 4257 1547 4318 Ἰωσῆ
1613 4244 1880 4338 ἕθεὼρουν,

283 4343 385 4387 ποῦ
476 4339 693 4391 τίθεται.
776 4342 979 4402 Λουκᾶς
1073 4340 1131 4396 δὲ
1218 4344 1348 4418 λέγει
1382 4365 1393 4378 ·
1479 4352 1882 4414 Κατακολουθὴ-

1999 3210 2119 3266 sius
2140 3211 2362 3282 Joseph
2390 3211 2535 3267 dicit
2554 3212 2734 3267 fuisse
2760 3216 3255 3267 monumentum:
3282 3211 3475 3266 caateri
3507 3227 3648 3267 vero

1998 3314 2118 3354 non
2144 3299 2631 3369 signiﬁcaverunt
2653 3299 2825 3369 cujus
2845 3299 3018 3356 fuerit
3038 3319 3048 3352 ;
3069 3302 3329 3355 Joannes
3351 3300 3509 3354 enim
3529 3300 3609 3356 ait
3631 3316 3643 3354 :

2025 3388 2177 3442 Erat
2210 3388 2474 3444 autemin
2507 3389 2631 3443 loco
2663 3388 2764 3442 ubi
2793 3390 3109 3456 cruciﬁxus
3136 3394 3213 3441 est
3242 3387 3463 3451 hortus,
3498 3395 3551 3443 et
3582 3388 3646 3443 in

2002 3476 2172 3531 horto
2200 3483 2639 3531 monumentum
2668 3491 2904 3539 novum,
2940 3478 3002 3530 in
3046 3492 3155 3546 quo
3185 3476 3446 3531 nondum
3493 3476 3649 3546 quis-

1997 3581 2176 3636 quam
2188 3564 2621 3632 positusfuerat
2636 3566 2706 3631 τε,
2727 3570 2836 3619 etc.
2856 3563 3182 3619 Verisimile
3206 3580 3347 3633 ergo
3365 3565 3647 3635 estipsius

1994 3654 2207 3725 Joseph
2229 3653 2407 3708 fuisse
2424 3653 2736 3709 hortumin
2754 3668 2873 3724 quo
2905 3657 3521 3709 eratmonumentum.
3548 3654 3648 3709 Or-

1995 3742 2268 3797 dinatum
2299 3747 2385 3797 est
2416 3746 2616 3797 autem
2642 3748 2703 3797 ut
2731 3742 2881 3796 illud
2902 3742 3077 3797 fuerit
3106 3758 3354 3810 novum,
3393 3759 3463 3797 ne
3490 3746 3648 3815 post-

1996 3845 2181 3902 quam
2196 3829 2611 3885 resurrexisset
2624 3830 2914 3896 Salvator,
2936 3829 3201 3900 suspicio
3222 3829 3428 3884 haberi
3448 3836 3648 3901 posset

1994 3918 2179 3974 alium
2214 3920 2621 3973 resurrexisse.
2657 3919 2927 3974 Advolvit
2958 3934 3200 3990 quoque
3233 3934 3447 3974 saxum
3481 3935 3648 3990 mag-

1992 4023 2160 4071 num,
2192 4007 2479 4063 auxilium
2509 4008 2625 4079 ipsi
2651 4013 2969 4079 prmstante
2994 4013 3051 4063 et
3077 4007 3417 4063 Nicodemo.
3450 4011 3647 4063 Monu-

1992 4101 2263 4152 mentum
2289 4100 2481 4151 autem
2502 4096 2559 4150 in
2595 4095 2897 4167 spelunca
2926 4095 3171 4151 modum
3204 4099 3331 4151 erat
3353 4097 3641 4151 excisum.

2059 4187 2216 4241 Vers.
2246 4186 2340 4240 60.
2380 4186 2539 4242 Erat
2578 4191 2775 4241 autem
2809 4216 2877 4224 —
2904 4184 3187 4254 sepulcri.
3218 4186 3447 4241 Marcus
3492 4199 3633 4254 vero

1989 4275 2071 4330 ait
2104 4290 2115 4329 :
2147 4274 2348 4333 Maria
2377 4281 2575 4331 autem
2610 4274 2982 4344 Magdalene,
3025 4279 3077 4329 et
3104 4273 3306 4330 Maria
3329 4272 3461 4329 Jose
3484 4273 3641 4341 aspi-

1990 4363 2219 4420 ciebant
2237 4364 2331 4418 ubi
2354 4369 2681 4432 poneretur
2703 4364 2751 4397 ⁷⁷
2777 4378 2791 4428 ;
2817 4362 3005 4418 Lucas
3030 4366 3232 4418 autem
3260 4383 3271 4417 :
3304 4362 3642 4418 Subsecuta:

289 4443 452 4477 σασαι
493 4422 552 4478 δὲ
588 4435 846 4497 γυναῖκες,
893 4432 1079 4494 αἵτινες
1127 4430 1260 4491 ἦσαν
1304 4438 1699 4496 συνεληλυθυῖαι
1740 4444 1879 4515 αὐτῷ

2006 4458 2144 4517 :unt,
2164 4451 2376 4523 inquit,
2391 4452 2687 4515 mulieres,
2705 4466 2835 4523 quw
2856 4466 2989 4507 cum
3008 4466 3071 4507 eo
3094 4456 3379 4506 venerant
3404 4450 3469 4505 de
3490 4450 3641 4505 Gali-

285 4511 341 4564 ἇκ
396 4522 491 4576 τῆς
562 4516 853 4582 Γαλιλαίας,
910 4518 1185 4574 ἐθεάσαντο
1236 4528 1291 4576 τό
1340 4535 1606 4598 μνημεῖον,
1662 4537 1752 4583 καὶ
1806 4511 1874 4595 ὡς

285 4600 430 4661 ἰτέθη
477 4611 548 4673 τῷ
600 4613 751 4677 σῶμα
794 4606 972 4663 αὐτοῦ.
1022 4608 1445 4683 ’Υποστρέψασαι
1476 4612 1535 4668 δὲ
1582 4619 1879 4691 ἡτοίμασαν

286 4687 540 4763 ἀρώματα
566 4698 655 4745 xui
684 4697 842 4767 μύρα,
890 4699 954 4747 Αἰ
981 4698 1225 4771 meum
1254 4704 1375 4774 γὰρ,
1410 4687 1880 4779 κατακολομ-θήσα-

288 4796 381 4830 σαι
435 4787 539 4841 τοῖς
597 4783 900 4855 θάπτουσιν,
959 4785 1205 4839 ἐκάθισαν
1261 4790 1501 4844 ἀπέναντι
1556 4803 1645 4847 τοῦ
1692 4802 1877 4872 τάφου,

288 4866 575 4941 θεωροῦσαι
626 4879 725 4923 ποῦ
782 4875 976 4926 τίθεται
1020 4880 1076 4928 τό
1128 4886 1299 4948 σῶμα,
1352 4886 1442 4933 καὶ
1492 4891 1602 4946 πῶς
1658 4866 1877 4957 τίθεται,

284 4956 386 5023 ἵνα,
421 4955 738 5013 ἀπελθοῦσαι
780 4968 869 5015 καὶ
912 4963 1259 5037 ἐτοιμάσασαι
1298 4967 1549 5042 ἀρώματα
1594 4979 1684 5026 καὶ
1714 4955 1875 5050 μύρα,

281 5042 497 5100 ἔλθωσιν
542 5048 590 5100 ἒν
635 5057 698 5123 τῇ
740 5057 997 5128 κυριακῇ,
1048 5060 1136 5109 καὶ
1185 5055 1585 5131 ἀρωματίσωσιν
1634 5070 1724 5117 καὶ
1774 5042 1875 5139 μυ-

278 5139 504 5208 ρίσωσιν
535 5137 681 5195 αὐτό.

1993 4540 2100 4596 lava
2134 4555 2145 4593 :
2180 4539 2457 4597 viderunt
2486 4546 2951 4609 monumentum,
2988 4544 3043 4595 et
3073 4539 3362 4609 quomodo
3384 4540 3640 4607 positum

1991 4635 2120 4685 erat
2142 4644 2348 4700 corpus
2369 4630 2519 4700 ejus;
2545 4643 2795 4685 reversae
2816 4644 2947 4683 vero
2970 4632 3344 4696 paraverunt
3369 4635 3643 4683 aromata

1989 4724 2043 4773 et
2073 4723 2375 4788 unguenta
2403 4718 2473 4771 ⁷⁸.
2508 4718 2654 4771 Cum
2682 4715 2843 4769 enim
2866 4730 2967 4769 eos
2990 4716 3090 4785 qui
3121 4713 3485 4785 sepeliebant
3505 4714 3643 4768 sub«

1990 4807 2159 4877 sequi
2188 4811 2244 4861 et
2272 4822 2411 4860 cum
2441 4804 2524 4859 eis
2554 4804 2767 4859 reverti
2804 4802 3204 4857 decrevissent
3237 4801 3527 4856 sedebant
3566 4818 3640 4857 ex

1988 4895 2246 4950 adverso
2264 4892 2534 4964 sepulcri,
2561 4893 2914 4964 aspicientes
2936 4891 3039 4945 ubi
3062 4896 3380 4962 poneretur
3401 4906 3634 4961 corpus,

1986 4988 2043 5038 et
2080 4983 2389 5054 quomodo
2430 4986 2783 5053 poneretur:
2828 4986 2890 5036 ut
2926 4996 3200 5045 reversae,
3244 4980 3469 5052 paratis
3511 4995 3641 5036 aro-

1986 5070 2246 5129 matibus
2288 5086 2357 5126 ac
2401 5070 2740 5141 unguentis,
2788 5070 3055 5125 venirent
3089 5069 3184 5125 die
3229 5069 3538 5126 Dominico
3581 5072 3639 5127 et

1989 5158 2358 5217 aromatibus
2388 5164 2445 5216 et
2472 5163 2777 5230 unguento
2802 5157 2948 5215 illud
2980 5163 3294 5231 ungerent.

281 5260 327 5297 ἠ
357 5264 529 5321 Marc.
563 5266 651 5333 44,
683 5267 766 5323 15.
792 5266 839 5305 ⁷³
868 5270 1034 5327 Joan.
1066 5288 1179 5329 xxx.
1211 5275 1301 5347 39,
1330 5278 1418 5333 40.
1449 5279 1496 5316 ⁷⁸
1528 5279 1673 5338 ibid.
1700 5284 1791 5339 41.
1827 5284 1873 5322 ⁷⁷

2006 5303 2086 5345 rc.
2116 5300 2212 5357 xv,
2240 5289 2328 5341 47.
2358 5285 2405 5322 ⁷⁸
2436 5287 2569 5342 Luc.
2599 5302 2754 5351 xxm,
2790 5291 2876 5355 55,
2910 5288 2997 5354 56,

1506 5378 1725 5450 Variae
1761 5382 2095 5454 lectiones
2128 5390 2195 5454 et
2235 5395 2438 5453 notae.

350 5502 462 5583 (67)
490 5502 730 5571 Inclusa
752 5508 1117 5587 eXciderunt,
1146 5512 1225 5575 ob
1253 5521 1571 5594 repetitum
1600 5525 1794 5585 vocab
1811 5527 1984 5586 ulum
2005 5522 2204 5587 Ἰησοῦ.
2232 5532 2299 5583 Α.

349 5634 452 5709 (m)
480 5636 549 5693 In
576 5638 781 5696 altari.
823 5639 890 5696 In
929 5641 1129 5700 Graeco
1156 5657 1281 5702 non
1317 5644 1619 5720 leguntur,
1653 5647 1828 5709 Forte
1861 5649 2295 5728 perspicuitatis
2323 5664 2511 5713 causa
2543 5649 2675 5712 haec
2711 5651 2835 5713 add
2852 5649 2941 5712 dit
2976 5610 3266 5726 interpres
3293 5691 3310 5713 .
