4170 6334
569 280 673 336 743

567 583 726 638 dere.
758 581 944 636 Judaei
975 581 1134 636 enim
1174 596 1465 652 vesperan
1506 581 1664 636 illius
1697 581 2050 639 Parasceves
2085 602 2214 642 ma-

563 671 724 727 xime
747 670 1128 726 honorabant
1156 685 1276 724 non
1302 669 1496 724 solum
1520 676 1802 740 tanquam
1835 671 2076 728 Sabbati
2101 674 2212 729 fes-

563 764 694 816 tum
719 760 1082 832 praecedens,
1117 759 1220 814 sed
1239 759 1416 814 etiam
1434 762 1725 830 tanquam
1747 759 1962 816 festum
1975 767 2215 833 propter

563 849 799 905 Pascha
827 865 840 914 ;
871 849 930 904 in
956 849 1070 904 hac
1101 847 1262 903 enim
1288 846 1602 919 oportebat
1638 848 1862 904 Pascha
1889 849 2208 906 immolari.

563 938 819 994 Sabbato
859 953 1026 1006 vero,
1058 937 1410 1008 quieverunt
1451 943 1685 1008 propter
1737 937 1952 1006 legem.
2002 939 2210 994 Adhuc

562 1028 720 1083 enim
743 1025 1238 1083 consuetudinem
1260 1031 1314 1080 et
1339 1024 1532 1094 legem
1560 1026 1900 1084 servabant.
1935 1025 2210 1083 Caeterum

561 1115 658 1170 die
695 1115 1003 1170 Dominico
1042 1114 1119 1169 ad
1158 1113 1497 1184 sepulcrum
1535 1117 1737 1170 venire
1784 1114 2206 1187 disponebant,

561 1205 726 1276 quod
739 1219 883 1259 sane
904 1203 1084 1258 etiam
1097 1203 1379 1267 fecerunt,
1407 1202 1579 1258 veluti
1607 1203 1787 1275 paulo
1807 1209 1940 1275 post
1955 1205 2203 1260 dicetur.

561 1292 711 1348 Cum
739 1293 899 1347 enim
933 1291 1203 1348 nondum
1228 1292 1476 1364 quidam
1506 1292 1806 1348 excelsum
1834 1293 1908 1349 de
1946 1309 2209 1350 resurre-

560 1381 753 1438 ctione
773 1380 1214 1452 cognovissent,
1234 1379 1533 1452 sepultum
1556 1397 1774 1454 corpus
1790 1383 2206 1440 seinventuras

560 1471 905 1544 sperabant.

627 1562 790 1616 Vers.
825 1564 910 1616 62.
943 1561 1178 1616 Postero
1215 1564 1412 1616 autem
1442 1560 1537 1616 die
1566 1591 1631 1599 —
1668 1562 1827 1616 Vers.
1859 1563 1946 1617 64.
1978 1562 2200 1630 priore.

555 1650 764 1706 Muniri
803 1649 1161 1721 sepulcrum,
1195 1653 1340 1721 puta
1379 1649 1640 1718 sigillum
1672 1650 1890 1722 apponi
1923 1655 1979 1706 et
2009 1655 2202 1707 custo-

1889 272 2249 338 EUTHYMII
2287 274 2615 338 ZIGABENI

642 403 942 475 Siquidem
981 401 1226 474 quando
1265 401 1531 473 sepultus
1562 405 1649 458 est
1671 403 1801 473 jam
1837 421 2090 477 vespera
2118 423 2220 479 ap-
2249 408 2295 461 Α

567 493 826 566 petebat,
858 493 916 547 in
939 508 1062 564 qua
1092 507 1211 546 non
1237 491 1447 547 licebat
1472 491 1549 546 ad
1577 500 2025 549 monumentum
2053 512 2218 551 acce-

3823 287 3927 349 744

2397 414 2518 460 Ὅτε
2554 412 2644 480 μὲν
2693 411 2793 483 γὰρ
2839 412 3021 484 ἐτάφη,
3066 413 3259 488 ἑσπέρα
3315 411 3421 472 ἤδη
3476 415 3718 469 κατέλαϐε
3743 461 3758 485 ,
3810 419 3926 470 καθ’

2327 497 2388 554 ἣν
2450 497 2542 548 οὐκ
2599 497 2716 561 ἐξῆν
2769 500 2836 559 εἱς
2905 510 3150 574 μνημεῖον
3215 499 3486 575 βαδίζειν.
3550 504 3771 573 Ἐτίμων
3825 510 3924 582 γάρ

2330 583 2578 638 Ἰουδαῖοι
2646 589 2878 659 μάλιστα
2956 595 3046 649 τὴν
3117 591 3338 666 ἑσπέραν
3406 601 3500 652 τῆς
3578 600 3927 667 Παρασκευῆς

2325 672 2539 740 ἐκείνης,
2619 677 2678 728 οὐ
2752 684 2903 749 μόνον
2969 683 3032 739 ὡς
3097 687 3394 755 προεόρτιον
3465 689 3556 733 τοῦ
3631 682 3921 752 Σαϐϐάτόυ,

2325 761 2451 815 ἀλλά
2503 769 2592 817 καὶ
2635 768 2702 827 ὡς
2756 767 2948 841 ἐόρτιον
2995 765 3088 820 διὰ
3143 774 3200 821 τό
3242 773 3458 842 Πάσχα.
3493 770 3576 825 Ἐν
3607 775 3774 844 ταύτῃ
3822 776 3920 844 γὰρ

2322 849 2429 904 ἔδει
2471 855 2686 906 θύεσθαι
2733 859 2790 906 τὸ
2845 859 3061 928 Πάσχα.
3112 862 3181 911 Τό
3231 855 3289 910 δὲ
3333 858 3590 911 Σάϐϐατον
3639 862 3919 932 ἡσύχαζον

2323 938 2416 992 διά
2455 945 2538 994 τόν
2565 947 2737 1013 νόμον.
2773 943 2890 998 Ἔτι
2919 948 3019 1019 γάρ
3074 952 3163 998 καὶ
3219 950 3284 1000 τά
3333 949 3422 1006 ἔθη
3482 954 3572 1000 καὶ
3625 952 3713 1001 τόν
3768 955 3920 1022 νόμον

2320 1028 2618 1102 ἐφύλαττον.
2675 1037 2870 1085 Λοιπὸν
2948 1031 3035 1086 οὖν
3100 1035 3150 1087 ἐν
3342 1043 3575 1110 κυριακῇ
3647 1042 3785 1110 πρὸς
3837 1043 3918 1090 τὸν

2320 1121 2476 1190 τάφον
2533 1118 2689 1172 ἐλθεῖν
2739 1121 3022 1189 ἐϐούλοντο,
3077 1124 3102 1175 ὃ
3162 1121 3228 1182 δή
3285 1132 3374 1178 καὶ
3427 1132 3806 1196 πεποιήκασιν,
3860 1132 3920 1189 ὡς

2317 1207 2429 1277 μετ’
2495 1207 2666 1280 ὀλίγον
2721 1211 3026 1284 ῥηθήσεται.
3089 1216 3248 1265 Οὔπω
3322 1217 3422 1288 γάρ
3489 1213 3640 1268 οὐδὲν
3721 1216 3917 1287 ὑψηλὸν

2317 1292 2513 1348 εἰδυῖαι
2560 1302 2675 1371 περὶ
2714 1309 2806 1361 τῆς
2854 1299 3209 1372 ἀναστάσεως,
3241 1302 3459 1364 ἤλπιζον
3485 1306 3646 1378 εὑρεῖν
3675 1309 3736 1357 τό
3773 1315 3920 1378 σῶμα

2315 1386 2648 1458 τεθαμμένον.

2383 1562 2455 1627 Τῇ
2503 1587 2568 1597 -
2621 1562 2851 1631 πρώτης.
2905 1559 3327 1631 Ἀσφαλίσασθαι
3381 1564 3467 1613 τὸν
3514 1564 3692 1634 τάφον,
3759 1568 3917 1636 ἤγουν

2314 1650 2606 1717 σφραγίσαι
2634 1651 2723 1698 καὶ
2755 1656 3068 1718 φρουρῆσαι.
3103 1650 3243 1702 Ἐπεὶ
3275 1645 3333 1702 δὲ
3381 1646 3489 1702 ἔδει
3540 1653 3911 1716 πιστευθῆναι,

550 1738 735 1796 diam.
771 1739 924 1805 Quia
953 1744 1156 1795 autem
1187 1738 1341 1794 credi
1373 1739 1710 1810 Oportebat,
1745 1740 1908 1810 quod
1943 1746 2198 1796 mortuu

2313 1735 2392 1785 ὅτι
2421 1739 2509 1784 καὶ
2539 1732 2774 1801 ἀπέθανε,
2807 1741 2896 1787 καὶ
2940 1735 3118 1808 ἐτάφη,
3151 1743 3240 1790 καὶ
3271 1736 3480 1804 ἀνέστη,
3529 1737 3685 1810 βλέπε
3716 1745 3812 1792 καὶ
3855 1743 3917 1792 τά

551 1833 708 1884 esset
734 1833 789 1884 et
819 1829 1108 1900 sepultus,
1137 1827 1420 1900 quodque
1448 1827 1888 1898 resurrexisset,
1931 1829 2066 1885 vide
2093 1830 2203 1887 tria

551 1917 680 1972 haec
709 1917 1082 1972 inimicorum
1123 1915 1479 1971 testimoniis
1508 1917 1844 1988 approbata
1873 1936 1885 1985 ;
1927 1919 2200 1974 conside-

550 2005 742 2061 randa
767 2011 905 2060 sunt
928 2005 1088 2060 enim
1123 2005 1304 2059 verba
1330 2020 1559 2060 eorum.
1594 2005 1766 2070 Quod
1793 2006 1950 2061 enim
1986 2007 2153 2063 aiunt
2183 2028 2195 2067 :

550 2094 861 2150 Recordati
878 2109 1100 2158 sumus,
1115 2093 1274 2164 quod
1290 2093 1572 2160 impostor
1590 2095 1694 2149 ille
1723 2095 1877 2150 dixit
1900 2095 2099 2152 adhuc
2120 2112 2200 2152 υι-

551 2196 710 2244 vens,
743 2185 1050 2236 attestatur
1077 2179 1244 2252 quod
1271 2185 1540 2235 mortuus
1563 2181 1655 2238 sit.
1683 2182 1852 2246 Quod
1881 2188 2084 2238 autem
2112 2199 2200 2239 se-

549 2270 752 2342 quitur
771 2286 782 2322 :
811 2269 958 2326 lube
971 2269 1195 2324 muniri
1212 2270 1572 2338 sepulcrum,
1597 2274 1910 2327 attestatur
1924 2272 2090 2344 quod
2111 2289 2200 2329 se-

549 2359 752 2431 pultus
776 2359 868 2414 sit.
900 2359 1083 2414 Porro
1112 2359 1273 2431 quod
1296 2359 1703 2430 subjungunt:
1737 2360 1826 2417 Ave
1843 2362 2084 2432 quando
2109 2378 2196 2419 ve-

549 2450 772 2505 nientes
799 2449 1056 2517 dicipuli
1073 2449 1202 2517 ejus
1226 2449 1512 2517 furentur
1537 2465 1753 2520 ipsum,
1786 2449 2025 2521 plenam
2057 2449 2194 2508 facit

2311 1827 2432 1896 τρία
2462 1831 2628 1874 ταυτα
2673 1827 3071 1896 μαρτυρούμενα
3117 1829 3259 1901 παρά
3310 1835 3409 1878 τῶν
3450 1826 3672 1900 ἐχθρῶν.
3714 1836 3913 1887 Σκοπη-

2310 1916 2419 1964 τέον
2467 1915 2568 1986 γὰρ
2623 1915 2741 1973 τοὺς
2793 1912 2978 1983 λόγους
3023 1915 3205 1968 αὐτῶν.
3241 1919 3309 1968 Τὸ
3357 1919 3467 1988 μὲν,
3526 1916 3907 1989 Ἐμνήσθημεν,

2309 2001 2390 2051 ὅτι
2447 2001 2471 2050 ό
2528 2000 2717 2062 πλάνος
2764 1999 2950 2060 ἐκεῖνος
3018 1999 3151 2054 εἶπεν
3215 2005 3288 2054 ἔτι
3355 2004 3477 2069 ζῶν,
3529 2014 3789 2079 μαρτυρεῖ
3834 2008 3911 2058 ὅτι

2310 2087 2544 2140 ἀπέθανε·
2601 2092 2658 2140 τό
2709 2085 2787 2153 δὲ,
2850 2089 3098 2142 Κέλευσον
3147 2089 3536 2163 ἀσφαλισθῆναι
3589 2098 3676 2144 τόν
3727 2097 3906 2166 τάφον,

2309 2176 2516 2250 βεϐαιοῖ
2568 2179 2646 2228 ὅτι
2697 2177 2854 2249 ἐτάφη
2893 2201 2903 2210 -
2941 2183 2997 2230 τό
3044 2177 3120 2242 δε,
3169 2185 3382 2238 Μήποτε
3440 2181 3668 2242 ἐλθόντες
3707 2185 3759 2234 οἱ
3809 2204 3909 2255 μα-

2307 2269 2459 2324 θηταὶ
2511 2267 2669 2318 αὐτοῦ
2714 2266 2972 2337 κλέψωσιν
3029 2267 3204 2337 αὐτὸν,
3276 2269 3592 2345 πληροφορεῖ
3658 2273 3739 2323 ὅτι
3797 2272 3905 2343 (68)

2305 2355 2711 2428 ἀσφαλισθέντος
2742 2355 2854 2427 (69)
2900 2356 2958 2407 οὔ
3011 2356 3356 2416 κλαπήσεται.
3400 2364 3501 2412 Καὶ
3543 2359 3720 2412 λοιπόν
3762 2359 3902 2412 ἀναν-

2301 2447 2546 2522 τίῤῥητος
2580 2447 2609 2502 ἡ
2645 2443 2956 2506 ἀνάστασις.

547 2545 744 2614 ﬁdem,
790 2547 948 2618 quod
988 2547 1217 2602 munito
1266 2546 1560 2618 sepulcro,
1608 2562 1732 2604 non
1762 2547 1834 2602 sit
1877 2548 2034 2605 furto
2090 2548 2396 2605 sublatum
2443 2559 2684 2614 corpus,
2727 2548 2782 2598 et
2824 2543 2904 2598 ita
2937 2544 3355 2600 resurrectioni
3416 2544 3739 2602 contradici
3781 2561 3900 2602 non

547 2640 765 2708 potest.

618 2752 874 2821 Dignum
914 2757 999 2807 est
1035 2757 1235 2807 autem
1275 2755 1339 2806 ut
1376 2751 1752 2822 inquiramus
1790 2753 1886 2808 ubi
1928 2753 2139 2810 dixerit
2170 2773 2182 2812 :

545 2839 680 2896 Post
722 2847 838 2895 tres
869 2841 990 2896 dies
1029 2855 1357 2910 resurgam.
1394 2841 1700 2911 Siquidem
1732 2843 1910 2897 variis
1952 2844 2012 2897 in
2050 2842 2194 2898 locis

545 2929 685 2986 dixit
703 2928 1038 3000 discipulis:
1063 2930 1259 2984 Tertia
1273 2929 1367 2984 die
1387 2944 1705 3024 resargam.
1724 2929 1786 2984 Id
1806 2935 2036 2988 autem:
2057 2933 2194 3024 Post
2230 2969 2270 3024 C

546 3024 664 3074 tres
680 3018 798 3073 dies
812 3033 1140 3088 resurgam,
1158 3032 1458 3089 nusquam
1483 3018 1646 3072 dixit.
1664 3021 1781 3074 Hoc
1793 3019 2031 3091 itaquel
2041 3019 2193 3075 udeei

545 3109 618 3164 ab
645 3107 915 3178 exemplo
945 3109 1107 3162 Jonte
1127 3107 1292 3179 quod
1324 3107 1402 3164 ad
1427 3123 1530 3163 eos
1555 3107 1784 3163 dixerat
1809 3108 2187 3179 colligebant.
2235 3133 2240 3174 ς

544 3197 930 3255 Postremum
951 3212 1093 3252 vero
1113 3212 1373 3252 errorem
1389 3197 1681 3263 dicebant,
1709 3196 1875 3268 quod
1897 3213 1926 3251 a
1941 3198 2190 3253 mortuis

541 3284 925 3342 resurrexerit
950 3303 964 3352 ;
998 3285 1257 3357 priorem
1286 3301 1424 3343 vero
1451 3285 1617 3359 quod
1656 3287 1730 3344 sit
1759 3286 1936 3342 Filius
1972 3286 2092 3342 Dei.

614 3587 748 3653 Sed,
775 3603 811 3641 ο
843 3585 1146 3653 insensati,
1187 3601 1310 3658 quo
1335 3585 1579 3642 tandem
1609 3588 1728 3643 ﬁne
1759 3593 1957 3645 essent
1984 3591 2186 3663 ipsum

540 3676 696 3732 furto
728 3674 1010 3731 sublaturi
1035 3673 1063 3728 7
1100 3675 1219 3729 Nisi
1258 3675 1418 3730 enim
1457 3676 1624 3732 tertio
1662 3677 1758 3732 die
1798 3682 2188 3738 resurrexerit

540 3765 690 3821 sicut
725 3765 1014 3837 promisit,
1057 3763 1438 3820 manifestum
1483 3770 1572 3820 est
1618 3767 1782 3838 quod
1831 3767 2077 3841 decepti,
2131 3778 2188 3826 et

535 3859 780 3929 propter
804 3870 943 3910 eum
970 3854 1047 3909 ab
1072 3854 1347 3909 omnibus
1376 3854 1651 3924 gentibus
1673 3856 1812 3912 odio
1838 3857 2039 3929 habiti,
2061 3859 2186 3915 sine

535 3942 818 3998 domibus
840 3947 895 3997 et
913 3946 1172 3996 extorres
1190 3941 1346 4005 facti,
1364 3941 1559 4012 potius
1576 3945 2010 4002 aversabuntur
2026 3964 2181 4015 eum,

535 4036 594 4087 et
622 4032 761 4087 odio
791 4030 1097 4086 habebant
1127 4035 1411 4100 tanquam
1443 4030 1852 4101 impostorem,
1888 4040 1945 4090 et
1973 4037 2053 4093 ita
2083 4055 2185 4095 no-

533 4119 809 4175 lenteum
838 4118 1042 4173 furari.
1070 4116 1182 4172 Sed
1207 4132 1402 4186 neque
1426 4120 1648 4188 populo
1678 4124 2040 4191 persuadere
2072 4142 2184 4196 po-

534 4212 746 4269 terunt,
780 4206 944 4276 quod
975 4220 1011 4259 a
1040 4203 1292 4258 mortuis
1323 4207 1654 4262 surrexerit.
1694 4208 1797 4263 Cui
1837 4212 1996 4267 enim
2035 4214 2187 4271 inni-

533 4298 730 4350 tentur
750 4293 777 4347 ?
795 4308 874 4381 an
893 4290 1275 4381 vehementiae
1303 4296 1693 4350 sermonum?
1717 4299 1881 4370 atqui
1906 4300 2183 4361 illitterati
2217 4326 2261 4381 ι)
2295 4315 2394 4368 ἀπὸ

534 4385 689 4438 sunt.
723 4383 813 4436 An
843 4380 987 4436 forte
1015 4380 1401 4437 abundantia
1422 4398 1620 4440 rerum
1648 4386 1677 4443 ?
1703 4388 1869 4459 atqui
1897 4397 2035 4448 sunt
2058 4409 2184 4450 om-

527 4472 698 4530 nium
712 4471 1096 4544 pauperrimi.
1116 4471 1359 4526 Generis
1380 4472 1644 4530 fortassis
1661 4476 1948 4536 claritati?
1975 4498 2178 4540 verum

527 4562 822 4632 ignobiles
854 4567 1008 4627 sunt,
1043 4567 1099 4617 et
1129 4560 1206 4616 ab
1229 4560 1593 4630 ignobilibus
1619 4570 1932 4637 progeniti.
1969 4571 2180 4632 Utrum

532 4652 896 4724 suiipsorum
924 4650 1282 4707 multitudini
1309 4650 1336 4705 ?
1367 4659 1426 4707 at
1449 4667 1570 4708 non
1601 4655 1799 4726 plures
1830 4665 1966 4714 sunt
1995 4678 2182 4732 quam

528 4741 863 4796 duodecim.
885 4741 1088 4796 Utrum
1109 4739 1319 4812 patriae
1345 4740 1692 4812 splendori?
1717 4761 1917 4801 verum
1944 4763 1980 4802 a
1998 4750 2182 4818 regio-

527 4830 708 4886 nibus
733 4835 869 4885 sunt
889 4829 1161 4884 obscuris
1183 4829 1634 4898 etignobilibus.
1662 4837 1749 4887 An
1766 4837 1986 4905 putatis
2015 4839 2181 4908 quod

526 4919 908 4992 praeceptoris
932 4916 1423 4990 promissionibus
1444 4918 1471 4973 ?
1495 4919 1720 4984 Quibus
1740 4922 1767 4976 ?
1791 4924 1845 4978 Si
1875 4925 2034 4981 enim
2061 4943 2178 4984 non

526 5007 928 5073 resurrexerit,
957 5021 1150 5078 neque
1166 5005 1276 5061 illis
1308 5006 1584 5063 credituri
1611 5016 1768 5066 sunt.
1801 5013 2179 5074 Demonstra-

525 5100 653 5151 tum
683 5101 771 5152 est
794 5096 971 5168 igitur
998 5095 1164 5168 quod
1191 5111 1338 5151 vane
1383 5099 1770 5168 suspicamini
1818 5101 1975 5157 hunc
2017 5103 2176 5161 furto

526 5184 923 5243 auferendum
947 5200 1109 5242 esse:
1135 5183 1214 5240 ob
1239 5185 1428 5241 dictas
1453 5187 1614 5243 enim
1641 5204 1852 5247 causas
1881 5196 1967 5248 est
1989 5192 2176 5251 incre-

525 5271 722 5332 dibile.

2376 2812 2553 2874 Ἄξιον
2608 2806 2666 2862 δε
2733 2809 2984 2876 ζητῆσαι,
3047 2817 3148 2861 ποῦ
3214 2809 3370 2879 εἶπεν,
3439 2813 3514 2864 ὅτι
3569 2815 3705 2864 Μετά
3756 2819 3891 2885 τρεῖς

2304 2903 2500 2972 ἡμέρας
2551 2901 2839 2971 ἐγείρομαι.
2889 2897 3008 2950 Ὀτι
3081 2901 3172 2970 μὲν
3227 2902 3328 2971 γάρ
3407 2908 3467 2973 τῇ
3531 2906 3674 2974 τρίτη
3726 2903 3891 2974 ἡμέρα

2302 2987 2672 3052 ἀναστήσεται,
2743 2984 3002 3059 διαφόρως
3059 2983 3168 3038 εἶπε
3221 2992 3352 3062 πρὸς
3417 2992 3543 3050 τοὺς
3615 2993 3890 3060 μαθητάς·

2300 3078 2380 3128 ὅτι
2456 3073 2515 3130 δὲ
2585 3077 2730 3129 Μετά
2804 3082 2940 3148 τρεῖς
3007 3076 3201 3148 ἡμέρας
3262 3075 3548 3149 ἐγείρομαι,
3617 3078 3711 3130 οὐκ
3768 3076 3888 3131 εἶπεν

2299 3163 2556 3236 οὐδαμοῦ.
2608 3167 2803 3216 Λοιπὸν
2857 3163 2942 3215 οὖν
3000 3162 3248 3216 Ἰουδαῖοι
3305 3163 3405 3217 ἀπὸ
3471 3174 3564 3218 τοῦ
3617 3171 3750 3220 κατά
3806 3172 3884 3218 τὸν

2297 3254 2472 3306 Ἰωνᾶν
2539 3249 2989 3325 παραδείγματος,
3057 3261 3148 3305 τοῦ
3221 3254 3463 3327 ῥηθέντος
3520 3259 3652 3330 πρὸς
3697 3257 3886 3324 αὐτοὺς,

2295 3350 2448 3394 τοῦτο
2493 3342 2910 3413 συνελογίσαντο.
2961 3341 3230 3413 Ἐσχάτην
3283 3346 3373 3414 μὲν
3429 3343 3516 3395 οὖν
3574 3344 3767 3403 πλάνην
3816 3345 3894 3397 λέ·-

2294 3451 2453 3503 γουσι
2499 3435 2618 3505 περὶ
2658 3438 2768 3495 τοῦ,
2821 3431 2901 3482 ὅτι
2952 3432 3145 3503 ἠγέρθη
3203 3429 3302 3483 ἀπὸ
3353 3439 3452 3483 τῶν
3499 3441 3687 3508 νεκρῶν
3719 3455 3731 3466 ·
3764 3440 3894 3506 πρώ-

2295 3540 2388 3578 την
2415 3516 2474 3572 δε
2504 3524 2620 3592 περὶ
2652 3526 2762 3586 τοῦ,
2801 3520 2882 3570 ὅτι
2912 3522 3029 3580 Υίός
3063 3527 3195 3572 Θεοῦ
3222 3520 3307 3578 ἧν.

2365 3607 2503 3664 Ἀλλ’
2536 3606 2574 3659 ὦ
2615 3607 2824 3665 ἀνόητοι
2858 3606 2869 3660 !
2921 3613 3244 3672 σκοπήσατε,
3297 3613 3438 3672 τίνος
3485 3612 3642 3663 ἕνεκεν
3681 3611 3899 3684 κλέψου-

2298 3715 2379 3749 σιν
2432 3696 2632 3763 αὐτόν;
2688 3697 2804 3749 Ἐἀν
2847 3698 2948 3770 γὰρ
3003 3697 3098 3748 οὐκ
3139 3696 3334 3770 ἀναστῇ
3390 3707 3452 3770 τῇ
3505 3704 3654 3773 τρίτη
3709 3702 3896 3775 ἡμέρᾳ,

2294 3787 2468 3846 καθὼς
2514 3785 2880 3858 ἐπηγγείλατο,
2925 3782 3211 3861 πρόδηλον,
3264 3788 3354 3852 ὡς,
3400 3785 3763 3855 ἀπατηθέντες,
3815 3795 3900 3842 καὶ

2295 3871 2367 3926 δι’
2423 3873 2576 3926 αὐτὸν
2626 3876 2756 3946 πρὸς
2807 3873 2919 3925 ὅλον
2977 3877 3034 3926 τὸ
3090 3876 3228 3934 ἔθνος
3293 3873 3748 3948 ἐκπολεμωθέντες,
3816 3883 3899 3930 καὶ

2294 3965 2484 4033 ἄοικοι,
2555 3967 2643 4014 καὶ
2730 3959 2974 4023 ἀπόλιδες
3042 3967 3319 4034 γενόμενοι,
3399 3963 3900 4038 ἀποστραφήσονται

2293 4053 2482 4123 μᾶλλον
2561 4057 2650 4103 καὶ
2721 4055 3043 4123 μισήσουσιν
3126 4053 3297 4118 αὐτόν,
3376 4056 3440 4114 ὡς
3506 4054 3714 4109 πλάνον.
3802 4062 3900 4110 Καὶ

2295 4137 2389 4192 διὰ
2438 4148 2590 4192 τοῦτο
2646 4143 2735 4212 μὲν
2789 4139 2846 4191 οὗ
2903 4139 3210 4198 θελήσουσιν
3269 4141 3444 4208 αὑτὸν,
3504 4142 3617 4214 (70)
3684 4143 3894 4216 κλέψαι,

2297 4227 2432 4281 Ἀλλ’
2482 4225 2606 4281 οὐδὲ
2656 4225 2974 4286 δυνήσονται
3025 4236 3204 4280 πεῖσαι
3251 4233 3336 4281 τόν
3387 4230 3506 4282 λαόν
3561 4233 3640 4283 ὅτι
3697 4233 3897 4308 ἠγέρθη

2441 4326 2538 4368 τῶν
2606 4325 2812 4388 νεκρῶν.
2879 4321 2987 4369 Τίνι
3054 4320 3154 4389 γάρ
3219 4323 3307 4369 καὶ
3380 4318 3778 4392 θαριόήσουσιν;
3837 4328 3894 4393 τῇ

2296 4400 2555 4462 δεινότητι
2606 4413 2705 4456 τῶν
2752 4404 2914 4475 λόγων
2964 4425 2974 4463 ;
3025 4411 3113 4457 καὶ
3159 4411 3260 4478 μὴν
3328 4408 3667 4480 ἀγράμματοί
3718 4409 3851 4462 εἰσιν
3882 4427 3892 4438 ·

2295 4491 2450 4545 Ἀ).λά
2479 4501 2539 4564 τῇ
2596 4498 2872 4565 περιουσίᾳ
2908 4501 3006 4544 τῶν
3051 4496 3344 4567 χρημάτων
3387 4513 3400 4562 ;
3447 4500 3535 4548 καὶ
3582 4501 3684 4567 μὴν
3733 4497 3893 4549 ἀπάν-

2291 4601 2390 4632 των
2445 4581 2545 4632 εἰσὶ
2603 4585 2914 4653 πενέστεροι.
2986 4581 3139 4634 Ἀλλὰ
3197 4591 3258 4655 τῇ
3328 4589 3628 4658 περιφανεία
3675 4593 3766 4637 τοῦ
3820 4591 3894 4659 γέ-

3605 4673 3766 4728 tam
3826 4683 3890 4744 τῷ

2289 4757 2476 4815 πλήθει
2531 4758 2721 4810 ἑαυτῶν
2770 4776 2783 4826 ;
2833 4765 2922 4811 καὶ
2971 4765 3072 4831 μήν
3143 4761 3200 4812 οὐ
3254 4760 3455 4821 πλείους
3511 4762 3612 4814 εἰσὶ
3661 4770 3763 4814 τῶν
3817 4765 3892 4816 ἐν·

2291 4689 2445 4736 νους;
2478 4675 2566 4721 καὶ
2615 4675 2718 4742 μὴν
2767 4670 2980 4731 εὐτελεῖς
3015 4671 3142 4723 εἰσὶν
3193 4671 3245 4734 ἐξ
3291 4671 3499 4724 εὐτελῶν
3532 4691 3542 4701 ·

2291 4843 2438 4900 δεκα.
2485 4845 2638 4899 Ἀλλά
2686 4856 2757 4918 τῷ
2798 4849 3002 4920 μεγέθει
3057 4856 3150 4910 τῆς
3193 4847 3448 4923 πατρίδος
3486 4868 3499 4918 ;
3531 4855 3619 4902 καὶ
3659 4855 3762 4922 μὴν
3793 4851 3890 4904 ἀπὸ

2287 4940 2499 5008 χωρίων
2558 4935 2687 4987 εἰσὶν
2737 4934 2948 5008 ἀσήμων
3002 4953 3014 4966 ·
3071 4935 3198 4989 ἀλλά
3242 4944 3357 4999 ταῖς
3414 4937 3745 5010 ἐπαγγελίαις
3802 4947 3891 4992 τοῦ

2293 5020 2623 5076 διδασκάλου
2653 5041 2667 5091 ;
2697 5029 2875 5085 ΙΙοίαις
2908 5041 2922 5092 ;
2968 5025 3027 5078 Εἰ
3079 5029 3149 5098 μὴ
3205 5025 3401 5100 ἀναστῇ
3457 5030 3578 5101 γὰρ,
3619 5025 3735 5081 οὐδ’
3767 5029 3891 5081 ἐκεί-

2289 5132 2401 5174 ναις
2443 5115 2780 5170 πιστεύουσι.
2843 5110 3111 5167 Δέδεικται
3171 5120 3341 5167 τοίνυν
3407 5117 3487 5168 ὅτι
3550 5119 3720 5188 μάτην
3766 5119 3894 5170 ὐπο-

2292 5203 2500 5254 πτεύετε
2542 5201 2802 5262 κλαπῆναι
2840 5209 3041 5256 τοῦτονο
3079 5203 3174 5256 οὐκ
3211 5200 3482 5277 ἐνδέχεται
3517 5208 3619 5282 γὰρ
3669 5203 3766 5259 διὰ
3801 5209 3890 5268 τὰς

2295 5289 2566 5364 εἰρημένας
2585 5291 2779 5354 αἰτίας.

1751 5404 1973 5477 Variae
2000 5408 2329 5483 lectiones
2353 5424 2639 5484 etnotae.

594 5543 708 5689 (68g
729 5542 872 5611 Ὀτι,
899 5541 1088 5597 abest.
1121 5546 1189 5599 A.

594 5616 684 5689 (69
747 5620 852 5669 Τοῦ
887 5613 1072 5686 τάφου.

593 5613 708 5693 (69)
747 5620 852 5669 Τοῦ
887 5613 1072 5686 τάφου.

2359 5557 2471 5633 (70)
2507 5564 2719 5627 Τοῦτον,
2750 5573 2861 5634 pro
2890 5557 3066 5618 αὐτόν.
3100 5565 3141 5616 Δ
