4170 6334
450 329 559 389 74⁸7
1787 305 2130 368 EUTHYMI!

2238 301 2492 364 ΘΑΒΕΝΙ
3718 289 3831 346 148

451 462 511 514 et
536 470 649 513 nos
680 465 986 524 vesperam
1023 452 1127 506 aut
1168 461 1372 502 serum
1419 442 1536 499 diei
1567 441 1831 496 dicentes
1863 436 1989 492 sive
2025 451 2114 490 se-

2238 434 2374 505 laan
2416 433 2540 504 γὰρ,
2605 427 2700 499 ὀψὲ
2763 432 2854 486 τῆς
2919 426 3110 498 ἡμέρας
3178 421 3421 494 λέγοντες,
3483 423 3512 479 ἣ
3580 418 3678 489 δψξ
3728 426 3829 478 τῆς

453 560 590 603 rum
610 542 822 608 noctis,
845 539 1337 609 ultimaipsorum
1359 530 1793 603 signiﬁcamus.
1831 525 1984 582 Finis
2011 540 2114 579 au-

455 638 576 692 tem
597 637 825 703 septem
851 629 1084 684 dierum
1112 622 1512 681 hebdomadas
1542 635 1666 674 non
1687 617 1877 672 solum
1906 615 2111 703 ipsum

458 701 700 795 proprie
738 719 956 775 dicitur
984 716 1340 777 Sabbatum,
1373 709 1473 766 sed
1513 713 1570 764 et
1625 706 1814 778 ipsius
1871 701 2112 795 sabbati

460 791 618 866 linis.
650 812 729 864 Ne
754 813 957 864 autem
984 810 1174 876 putes,
1217 801 1382 874 quod
1412 800 1474 854 in
1513 797 1633 852 ﬁne
1653 795 1840 867 ipsius
1872 791 2114 849 Sabbati

465 899 731 956 venerint
753 896 1046 969 praedictas
1087 891 1365 948 mulieres
1395 887 1472 944 ad
1495 889 1975 946 monumentum,
2009 879 2115 934 sed

461 988 524 1043 in
556 987 855 1059 principio
879 982 1143 1046 diluenti,
1168 979 1376 1036 addit:
1408 977 1547 1043 Qua
1580 973 1834 1035 lucescit,
1870 971 1980 1025 hoc
2006 975 2112 1034 est,

463 1079 777 1147 appetente
795 1073 920 1143 jam
951 1071 1068 1137 die,
1096 1071 1516 1141 prospectante
1541 1069 1599 1119 et
1620 1061 1842 1118 oriente
1865 1075 1878 1125 ;
1902 1063 1959 1114 et
1998 1073 2113 1112 ser-

462 1179 705 1218 monem
730 1161 922 1232 magis
947 1159 1272 1230 explicans,
1299 1155 1464 1212 addit
1495 1171 1508 1208 :
1538 1155 1604 1208 In
1628 1167 1807 1207 unum
1833 1148 2116 1204 Sabbato-

458 1267 616 1308 rum.
639 1253 802 1307 Unus
828 1254 1029 1305 autem
1058 1247 1483 1311 Sabbatorum,
1502 1242 1619 1297 sive
1641 1241 1869 1313 primus
1884 1241 2114 1308 septem

458 1340 715 1405 dierum,
737 1337 1078 1394 Dominicus
1097 1340 1201 1402 est,
1239 1335 1390 1390 sicut
1406 1330 1816 1405 praediximus.
1841 1329 1989 1383 Cum
2013 1341 2116 1380 au-

461 1431 577 1484 tem
600 1429 682 1484 ita
706 1419 1669 1499 scripsitMatthmus,principium
1684 1414 1972 1472 Dominici
2004 1411 2115 1466 diei

462 1515 869 1572 manifestavit
881 1556 895 1569 .
916 1515 1105 1570 Omne
1118 1525 1257 1568 vero
1277 1509 1604 1565 diluculum
1619 1511 1760 1578 post
1771 1509 1999 1560 sentam
2014 1517 2118 1556 no—

462 1605 571 1670 ctis
591 1606 806 1662 horam
830 1602 1131 1675 incipitur,
1159 1599 1410 1673 quando
1431 1597 1690 1670 primum
1713 1593 1852 1665 galli
1872 1595 2115 1648 canunt.

539 1831 697 1888 Idem
729 1843 973 1903 quoque
1001 1832 1240 1897 tempus
1273 1821 1511 1896 scripsit
1531 1827 1588 1877 et
1605 1822 1836 1876 Marcus
1867 1819 2070 1874 dicens
2107 1835 2118 1872 :

463 1922 540 1977 Et
571 1919 737 1976 valde
766 1933 935 1974 mane
966 1933 1084 1973 uno
1111 1915 1505 1972 Sabbatorum
1534 1913 1780 1968 veniunt
1816 1909 1897 1965 ad
1924 1924 2122 1963 monu-

465 2015 724 2065 mentum
747 2013 873 2061 orto
902 2007 1021 2061 sole
1044 2005 1112 2056 ⁷⁸.
1148 2001 1328 2057 Valde
1363 2015 1539 2056 mane
1568 1999 1728 2053 enim
1759 1996 2124 2069 principium

465 2101 558 2152 est
582 2093 850 2151 diluculi.
883 2091 1104 2148 Verum
1135 2091 1184 2146 si
1209 2089 1381 2146 valde
1412 2102 1589 2143 mane
1619 2090 1760 2152 erat,
1815 2083 2126 2157 quomodo

463 2183 613 2240 dixit
641 2200 654 2239 :
689 2182 832 2238 Orto
856 2181 979 2238 sole
1002 2175 1032 2234 τ
1057 2179 1208 2246 Quia
1229 2183 1368 2233 tunc
1394 2174 1638 2250 proprie
1668 2173 1758 2229 sol
1785 2174 1993 2237 oritur,
2021 2169 2128 2226 etsi

463 2272 640 2330 nobis
679 2271 954 2327 nondum
1011 2270 1320 2341 appareat,
1375 2264 1722 2320 demoratus
1750 2262 1942 2317 adhuc
1975 2260 2132 2315 circa

465 2359 980 2434 profundissimas
1035 2365 1453 2428 extremasque
1511 2353 1764 2410 Orientis
1818 2353 2030 2423 partes,
2079 2353 2136 2404 et

467 2447 762 2522 paulatim
804 2461 1149 2518 exsurgens,
1184 2445 1356 2516 cujus
1394 2441 1802 2500 testimonium
1859 2443 1947 2495 est
1978 2435 2134 2508 galli-

469 2537 712 2594 cinium.
769 2540 919 2593 Nam
950 2534 1092 2606 galli
1130 2533 1309 2606 primi
1354 2533 1506 2588 inter
1561 2528 1769 2586 omnia
1807 2524 2135 2584 animantia

473 2627 794 2683 sentientes
821 2624 976 2680 illius
992 2623 1276 2686 calorem,
1299 2623 1541 2693 repente
1567 2619 1848 2682 clamant,
1879 2617 2132 2688 ejusque

473 2714 862 2788 praesentiam
889 2712 1235 2769 hominibus
1263 2709 1686 2782 prtenuntiant.

545 2944 710 3000 Idem
723 2956 966 3015 quoque
992 2945 1230 3013 tempus
1247 2939 1598 3011 signiﬁcavit
1612 2946 1666 2993 et
1682 2939 1870 2992 Lucas
1891 2936 2124 2992 dicens:

472 3032 722 3091 Sabbato
734 3031 970 3104 quidem
984 3031 1332 3102 quieverunt
1344 3027 1666 3085 secundum
1678 3031 2038 3096 prsic-optum
2057 3025 2125 3078 ⁸ο.

2221 525 2422 589 νυκτὸς,
2516 520 2584 570 τὰ
2667 516 2933 568 τελευταῖα
3020 515 3215 564 τούτων
3314 507 3590 582 δηλοῦμεν.
3671 507 3830 566 Τέλος

2223 607 2284 662 δὲ
2312 617 2412 661 τῶν
2464 608 2594 660 ἑπτὰ
2640 607 2843 678 ἡμερῶν
2891 611 2983 662 τῆς
3033 597 3346 664 ἑϐδομάδος,
3391 598 3450 651 ού
3499 603 3650 670 μόνον
3694 595 3829 647 αύτό

2225 703 2278 750 τὸ
2325 702 2513 772 κυρίως
2570 693 2852 756 Σάϐϐατον,
2901 690 3028 742 ἀλλὰ
3074 693 3250 741 καὶτὸ
3290 691 3478 742 τούτου
3509 687 3668 747 τέλος.
3710 684 3830 736 Ἵνα

2225 784 2285 840 δέ
2327 791 2400 859 μὴ
2452 789 2645 855 νοήσῃς
2685 783 2765 835 ὅτι
2810 779 2858 831 ἕν
2907 787 2980 848 τῷ
3025 777 3155 830 τέλει
3193 779 3378 829 τούτου
3421 783 3514 828 τοῦ
3557 772 3827 826 Σαϐϐάτου

2224 878 2280 929 αἱ
2334 872 2657 932 δηλωθείσαι
2721 876 2961 941 γυναῖκες
3017 864 3172 924 ἦλθον
3236 866 3307 927 εἰς
3348 869 3434 917 τὸν
3474 883 3653 936 τάφον,
3714 861 3828 912 ἀλλ’

2225 963 2273 1016 ἐν
2313 963 2459 1037 ἀρχῇ
2502 969 2594 1014 τοῦ
2647 962 2834 1033 ὄρθρου
2882 965 2974 1018 τῆς
3021 959 3309 1028 Κυριακῆς,
3362 955 3700 1027 προσέθηκεν,
3745 951 3829 1002 ὅτι

2222 1060 2297 1126 Τῇ
2358 1052 2748 1123 ἐπιφωσκούσῃ,
2809 1050 3049 1098 τουτέστι
3107 1046 3170 1116 τῇ
3231 1043 3572 1115 ίπιφαινούση
3633 1042 3826 1114 ἠμρᾳ,

2224 1150 2285 1214 τῇ
2337 1139 2729 1210 ἐπαυγαζούση,
2787 1143 2848 1206 τῇ
2902 1132 3332 1205 ἐπανατελλούση.
3385 1131 3502 1184 Ἔτι
3549 1127 3609 1182 δὶ
3655 1148 3832 1199 σαφη-

2223 1231 2378 1292 νίζων
2444 1232 2532 1280 τὸν
2599 1227 2772 1297 λόγον,
2829 1223 3100 1295 ίπήιγαγεν·
3167 1223 3246 1272 ὅτι
3311 1221 3398 1280 Εἰς
3465 1224 3589 1291 μίαν
3654 1215 3833 1269 Σαϐϐά

2223 1340 2340 1384 των,
2405 1323 2516 1372 Μία
2569 1313 2628 1368 δε
2681 1312 2972 1374 Σαϐϐάτων,
3037 1315 3220 1382 ἤγουν,
3283 1315 3464 1384 πρώτη
3533 1316 3633 1360 τῶν
3703 1306 3836 1360 ἑπτὰ

2225 1410 2448 1480 ἡμερῶν,
2524 1407 2556 1464 ἠ
2631 1403 2892 1478 Κυριακῆ,
2965 1402 3141 1460 καθὼς
3204 1403 3603 1471 προειρήκαμεν.
3675 1394 3836 1448 Ἀλλὰ

2225 1497 2490 1555 Ματθαῖος
2541 1496 2651 1566 μεν,
2693 1492 2829 1543 οὕτω
2871 1488 3098 1564 γράψας,
3141 1491 3236 1544 τὴν
3283 1485 3458 1558 ἀρχὴν
3499 1493 3592 1537 τοῦ
3639 1486 3834 1557 ὄρθρου

2226 1592 2320 1645 τῆς
2353 1591 2618 1655 Κυριακῆς
2660 1579 2908 1651 ἆνέφηνεν,
2943 1575 3200 1650 ’Ἃρχεται
3240 1571 3300 1627 δε
3337 1580 3440 1634 πᾶς
3471 1574 3669 1645 ὄρθρος,
3701 1575 3838 1642 μετὰ

2226 1677 2321 1730 τήν
2347 1673 2498 1728 ἕκτην
2527 1672 2662 1744 ὥραν
2702 1675 2799 1729 τῆς
2822 1669 3026 1728 νυκτὸς,
3079 1666 3163 1716 ὅτε
3185 1672 3388 1737 πρῶτον
3421 1664 3472 1714 οἱ
3505 1659 3837 1735 ἀλεκτρυόνες

2157 1783 2199 1839 Β
2231 1768 2479 1834 φωνοῦσι.

2301 1854 2399 1902 Τὸν
2443 1848 2597 1900 αὐτὸν
2645 1842 2703 1900 δὲ
2746 1847 2924 1916 καιρὸν
2965 1847 3054 1894 καὶ
3084 1844 3292 1914 Μάρκος
3339 1842 3614 1914 ἱστόρησεν
3653 1837 3832 1891 εἰπὼν.

2234 1941 2338 1994 Καὶ
2397 1937 2510 1990 λίαν
2570 1937 2705 2010 πρωί
2761 1941 2856 1996 τῆς
2914 1938 3034 2003 μιᾶς
3100 1928 3374 1988 Σαϐϐητων
3443 1930 3690 2002 ἔρχονται
3744 1925 3837 1979 ἐπὶ

2233 2030 2291 2080 τὸ
2350 2033 2619 2099 μνημεῖον,
2698 2021 3051 2082 ἁνατεῧαντος
3122 2018 3238 2090 (75)
3307 2025 3398 2070 τοῦ
3461 2016 3631 2074 ἡλίου.
3701 2019 3836 2068 Λίαν

2234 2120 2332 2188 γὰρ
2376 2117 2514 2188 πρωί
2540 2113 2700 2175 ἐστιν,
2739 2113 2769 2169 ἡ
2814 2109 2956 2184 ἀρχὴ
2999 2108 3089 2162 τού
3130 2109 3338 2181 ὄρθρου.
3374 2111 3474 2158 Kal
3513 2103 3598 2158 ἰὰν
3630 2101 3691 2162 ἧν
3718 2104 3838 2156 λίαν

2237 2208 2394 2279 πρῶί,
2479 2211 2584 2263 πῶς
2651 2200 2806 2264 εἰπιν,
2891 2200 2972 2250 ὃτι
3045 2195 3392 2256 ἁνατέίλαντος
3469 2201 3561 2246 τοῦ
3641 2193 3837 2263 ἡλίου,

2242 2298 2382 2346 Διότι
2431 2295 2547 2343 τότε
2602 2294 2794 2363 κυρίως
2853 2285 3106 2339 ἀνατέλλει
3158 2286 3183 2336 ὁ
3228 2283 3392 2348 ἣλιος,
3452 2283 3496 2336 εἰ
3546 2286 3635 2334 καὶ
3712 2284 3842 2354 ἡμῖν

2243 2385 2386 2435 οὔπω
2434 2384 2688 2452 φαίνεται,
2731 2373 3014 2448 διατρίϐων
3060 2377 3134 2426 ἔτι
3164 2377 3280 2446 περὶ
3324 2374 3390 2424 τὰ
3436 2369 3710 2443 βαθύτατα
3749 2377 3846 2422 καὶ

2245 2470 2507 2545 ἀκρότατα
2535 2472 2663 2540 μέρη
2714 2472 2809 2525 τῆς
2859 2462 3152 2523 Ἀνατολῆς,
3199 2466 3289 2514 καὶ
3319 2464 3453 2512 κατὰ
3495 2463 3680 2532 μικρὸν
3719 2458 3846 2511 ἔπα-

2241 2559 2513 2612 ναϐαίνων.
2573 2560 2672 2609 Καὶ
2715 2557 2900 2606 τούτου
2968 2554 3273 2625 μαρτύριον,
3325 2551 3354 2608 ἡ
3424 2557 3523 2601 τῶν
3573 2547 3848 2620 ἀλεκτρυό-

2240 2670 2336 2701 νων
2382 2643 2518 2718 ᾠδὴ.
2580 2651 2782 2717 Πρῶτοι
2828 2643 2929 2715 ⁹γὰρ
2980 2642 3178 2693 πάντων
3227 2646 3325 2690 τῶν
3379 2638 3542 2699 ζώων,
3591 2637 3845 2687 αἰσθανό-

2239 2756 2382 2810 μενοι
2432 2744 2527 2797 τῆς
2583 2736 2771 2806 θέρμης
2822 2731 3002 2796 αὐτοῦ,
3057 2728 3346 2801 κράξουσιν
3389 2726 3590 2788 αὐτίκα,
3620 2728 3709 2775 καί
3742 2727 3843 2782 τὴν

2237 2828 2423 2878 τούτου
2505 2822 2618 2894 (76)
2700 2823 2993 2892 παρουσίαν
3055 2819 3416 2891 προμηνύουσι
3477 2820 3587 2874 τοῖς
3661 2809 3837 2884 ἀνθρὼ

2243 2933 2380 2978 ποις.

2307 3005 2405 3054 Τὸν
2459 2999 2615 3052 αὐτὸν
2664 2994 2722 3050 δὲ
2773 2998 2955 3074 καιρὸν
3004 2998 3094 3046 καὶ
3140 2999 3342 3052 Λουκᾶς
3391 2987 3625 3049 ἐδήλωσε
3654 2987 3838 3058 λέγων’

481 3124 604 3180 Uno
617 3075 816 3177 autem
831 3075 1023 3176 Sabe
1035 3125 1231 3174 torum
1254 3116 1544 3188 profundo
1573 3075 1831 3172 dilurcuto
1845 3075 2128 3170 vlenerunt

2238 3092 2318 3143 ὅτι
2367 3093 2437 3142 Τὸ
2492 3091 2580 3159 μὶν
2639 3084 2901 3139 meeum»
2964 3085 3253 3154 ἡσύχασαν
3321 3082 3456 3132 κατὰ
3533 3082 3627 3136 τὴν
3700 3075 3843 3128 ἕντο-

2239 3178 2255 3188 .
2287 3183 2296 3188 -
2440 3183 2512 3188 -μ
2588 3171 2621 3188 ι.
2783 3179 2802 3188 -
2916 3180 2933 3188 ..
3036 3177 3067 3188 π.
3111 3168 3209 3188 pp:
3395 3168 3575 3188 3_A__,,
3638 3162 3812 3188 n--a.'--

475 3212 556 3270 ad
607 3214 1054 3267 monumentum
1096 3208 1356 3277 ferentes
1404 3219 1535 3278 quae
1584 3209 1952 3276 paraverant
2003 3216 2131 3258 aro—

475 3306 640 3357 mata
660 3300 731 3351 ".
751 3300 828 3354 De
853 3297 1026 3353 Maria
1049 3302 1251 3353 autem
1275 3293 1646 3365 Magdalene,
1669 3293 1840 3364 cujus
1863 3289 2134 3346 meminit

480 3389 741 3445 Joannes
769 3387 831 3443 in
863 3384 1248 3458 sequentibus
1268 3400 1378 3440 suo
1415 3382 1550 3439 loco
1587 3382 1884 3439 dicemus.

561 3565 728 3620 Vers.
761 3566 810 3618 2.
845 3565 926 3621 Et
955 3579 1086 3621 ecce
1112 3593 1182 3604 -—
1212 3564 1378 3617 Vers.
1435 3564 1490 3619 2.
1544 3561 1689 3618 Nix.
1719 3560 1983 3615 Christus
2011 3556 2140 3632 qui-

490 3654 628 3710 dem
675 3658 1013 3708 surrexerat
1040 3652 1392 3724 priusquam
1427 3648 1680 3722 angelus
1732 3648 2136 3705 descenderet.

490 3741 1001 3809 Quemadmodum
1059 3741 1218 3797 enim
1250 3745 1423 3796 natus
1477 3743 1563 3795 est
1615 3738 1859 3795 servatis
1898 3736 2140 3807 integris

472 3832 755 3917 claustris
790 3831 1063 3902 Virginis,
1104 3831 1186 3886 ita
1237 3843 1476 3902 quoque
1532 3827 1854 3884 resurrexit
1891 3827 2139 3882 servatis

485 3921 729 3994 integris
755 3920 1129 3976 monumenti
1151 3917 1497 3989 signaculis.
1520 3921 1911 3974 Terrasmotus
1937 3921 2137 3972 autem

482 4011 674 4070 factus
713 4013 805 4066 est
842 4013 1086 4080 propter
1137 4008 1468 4064 assidentes
1507 4006 1782 4079 sepulcro
1839 4004 2138 4072 custodes,

484 4104 550 4157 ut
579 4099 792 4156 timore
823 4103 983 4152 terra;
1009 4100 1210 4152 motus
1250 4096 1445 4160 erecti,
1474 4100 1532 4151 et
1583 4095 1831 4150 horrore
1860 4098 2138 4166 aspectus

486 4188 615 4258 ejus
644 4185 751 4257 qui
789 4183 1052 4254 lapidem
1081 4181 1414 4238 revolverat
1452 4182 1837 4248 consternati,
1869 4181 2144 4250 fugerent

487 4279 543 4330 et
581 4274 708 4328 haec
753 4271 976 4330 Iudaeis
1027 4271 1392 4336 nuntiarent,
1444 4285 1515 4326 ac
1568 4274 1744 4326 testes
1785 4270 1896 4341 ipsi
1934 4270 2144 4326 ﬁerent

487 4361 749 4419 veritatis
777 4376 789 4414 :
813 4359 940 4416 ὶιιθο
965 4359 1124 4416 enim
1155 4359 1415 4416 maxime
1444 4358 1671 4429 fulgere
1702 4358 1870 4426 solet,
1903 4359 2142 4431 quando

493 4451 572 4509 ab
602 4449 858 4506 inimicis
896 4451 1018 4506 suis
1057 4449 1380 4522 prasdicata
1417 4448 1611 4505 fuerit.
1667 4448 1954 4521 Lapidem
2003 4463 2221 4533 vero‘b

491 4539 742 4598 revolvit
779 4539 1029 4610 angelus
1085 4545 1319 4611 propter
1347 4537 1648 4605 mulieres,
1691 4545 1754 4594 ut
1804 4538 2145 4612 sepulcrum

494 4630 767 4689 viderent
800 4644 1077 4699 vacuum,
1118 4644 1189 4686 ac
1229 4628 1558 4686 surrexisse
1582 4627 1906 4687 crederent.

568 4875 796 4932 Marcus
824 4876 1025 4929 autem
1061 4869 1136 4926 de
1173 4869 1266 4926 his
1311 4869 1662 4926 mulieribus
1702 4869 1801 4936 ait,
1842 4868 2006 4942 quod
2051 4870 2141 4926 dis

2239 3178 2358 3236 λὴν,
2440 3183 2512 3250 Τῇ
2576 3171 2636 3227 δὲ
2709 3179 2807 3246 μιᾷ
2869 3180 2969 3224 τῶν
3036 3168 3333 3237 Σαϐϐάτων,
3387 3168 3577 3242 ὄρθρου
3633 3162 3836 3238 βαθέος,

2242 3263 2397 3329 ἦλθον
2451 3264 2531 3317 ἐπὶ
2580 3265 2638 3315 τὸ
2689 3270 2888 3335 μνῆμα,
2946 3263 3196 3334 φέρουσαι
3275 3257 3311 3308 ἆ
3366 3258 3658 3329 ἡτοίμασαν
3705 3249 3845 3325 ειρὼ-

2244 3375 2403 3431 ματα.
2461 3357 2585 3426 Ηερὶ
2643 3347 2701 3402 δὲ
2751 3353 2960 3425 Μαρίας
3015 3356 3110 3408 τῆς
3155 3342 3538 3418 Μαφδαληνῆς,
3596 3339 3656 3403 ἧς
3691 3339 3849 3413 ἐμνη·

2246 3450 2487 3519 μόνευσεν
2515 3444 2540 3494 ὁ
2564 3441 2818 3506 Ἰωάννης,
2842 3436 3052 3512 ἐροῦμεν
3074 3440 3332 3510 προίόντες
3354 3432 3402 3486 ἓν
3425 3441 3496 3504 τῷ
3527 3436 3849 3507 προσήκοντι

2246 3541 2409 3606 τόπῳ.

2322 3627 2422 3676 Καὶ
2473 3616 2589 3673 ἰδοὺ
2643 3649 2711 3658 -
2759 3621 2915 3690 χιών.
2963 3614 3021 3667 Ὀ
3077 3617 3165 3687 μὲν
3219 3613 3452 3687 Χριστὸς
3496 3608 3702 3681 ἀνέστη,
3746 3610 3854 3682 πρὸ

2249 3719 2340 3765 τοῦ
2396 3716 2688 3766 κατακῆναι
2743 3709 2829 3758 τὸν
2904 3703 3138 3776 ἄγγελον.
3225 3702 3467 3774 Καθάπερ
3536 3701 3637 3773 γὰρ
3715 3695 3858 3768 ἐγεν-

2249 3804 2404 3867 νήθη,
2456 3804 2600 3852 σώων
2659 3794 3046 3870 φυλαττομένων
3101 3800 3196 3852 τῶς
3243 3789 3487 3864 κλείθρων
3557 3794 3652 3848 τῆς
3719 3805 3855 3857 nap-

2253 3893 2437 3952 θενίας·
2537 3886 2702 3946 οὕτως
2774 3882 2970 3950 ἐξῆλθε,
3054 3885 3199 3933 σώων
3283 3879 3670 3951 φυλαττομένων
3749 3881 3856 3926 τῶν

2253 3974 2556 4055 σφραγίδων
2638 3981 2726 4026 τοῦ
2792 3976 3076 4044 μνήματος,
3149 3968 3207 4021 Ὀ
3257 3965 3316 4020 δὲ
3369 3969 3588 4039 σεισμὸς
3653 3964 3856 4036 ἐγένετο

2409 4070 2528 4126 τούς
2583 4063 3047 4139 παρακαθημένους
3121 4066 3193 4130 τῷ
3242 4059 3385 4130 τάφῳ
3446 4054 3696 4128 φύλακας,
3767 4051 3858 4102 ἱνα

2249 4164 2321 4226 τῷ
2373 4153 2511 4228 φόϐῳ
2553 4160 2644 4206 τοῦ
2692 4169 2910 4224 σεισμου
2950 4149 3076 4218 (77)
3116 4145 3449 4212 ἀναστάντες,
3491 4147 3581 4195 καὶ
3633 4149 3704 4212 τῷ
3738 4159 3859 4212 φρι-

2250 4252 2357 4316 κτῷ
2407 4251 2500 4316 τῇς
2565 4237 2704 4302 ἰδέας
2757 4247 2849 4292 τοῦ
2922 4241 3006 4290 τὸν
3053 4236 3195 4289 λίθον
3229 4233 3635 4292 ἀποκυλίσαντος
3666 4228 3860 4282 ἐκπλα-

2251 4337 2440 4406 γέντες,
2525 4334 2730 4404 φύγωσι
2793 4332 2882 4379 καὶ
2940 4324 3294 4398 ἀπαγγείλωσι
3345 4330 3514 4375 ταῦτα
3562 4327 3665 4379 τοῖς
3728 4322 3858 4370 Ἰου⁹

2255 4419 2444 4492 δαίοις,
2465 4427 2556 4474 καὶ
2584 4422 2841 4494 μάρτυρες
2870 4415 3016 4468 αὐτοὶ
3035 4419 3282 4484 γίνωνται
3313 4413 3428 4483 (78)
3470 4419 3560 4472 τῆς
3586 4408 3855 4468 ἀληθείας.

2255 4512 2500 4566 Μάλιστα
2549 4513 2649 4584 γὰρ
2708 4506 2838 4564 αὓτη
2895 4505 3114 4577 λὰμπειν
3165 4504 3356 4566 εἴωθεν,
3414 4502 3534 4552 ὅταν
3599 4498 3698 4549 ὑπὸ
3753 4503 3857 4548 τὼν

2257 4601 2458 4676 ἐχθρῶν
2489 4583 2648 4660 αὐτῆς
2685 4596 3128 4671 ἁνακηρύττηται.
3149 4589 3460 4645 Ἀπεκύλισε
3505 4585 3562 4641 δὲ
3592 4590 3678 4639 τὸν
3708 4583 3856 4636 λίθον

2258 4693 2283 4745 ὁ
2339 4689 2571 4762 ἄγγελος,
2623 4685 2716 4740 διὰ
2752 4689 2846 4747 τὰς
2892 4691 3166 4756 γυναῖκας,
3216 4682 3298 4733 ἵνα
3347 4675 3512 4731 ἴδωσι
3548 4679 3634 4728 τὸν
3691 4677 3856 4744 τάφον

2255 4784 2415 4852 κενὸν,
2448 4784 2538 4831 καὶ
2561 4778 2914 4831 πιστεύσωσιν
2946 4774 3026 4824 ὅτι
3056 4773 3351 4844 ἐγήγερται.

2323 4871 2537 4943 Μάρκος
2594 4863 2654 4920 δέ
2707 4883 2838 4938 φησι
2876 4865 2993 4936 περὶ
3051 4867 3152 4913 τῶν
3196 4864 3455 4930 γυναικῶν
3506 4855 3720 4907 τούτων.
3772 4852 3861 4903 ὅτι

566 5051 618 5085 τ·
649 5051 832 5108 Marc.
865 5061 977 5117 τινι,
1005 5049 1060 5104 Ω.
1135 5049 1186 5084 ⁸⁸
1217 5047 1361 5106 Luc.
1388 5058 1592 5115 xxxm,
1635 5052 1723 5106 50.
1801 5047 1847 5084 ³¹
1890 5047 2031 5105 Luc.
2063 5064 2221 5121 xxiv,
2257 5049 2308 5105 t.

1745 5251 1965 5322 Variae
1979 5251 2306 5321 lectiones
2328 5259 2613 5318 etnotae.

569 5473 998 5555 ('75)”Co§np_ara
1028 5473 1086 5526 in
1117 5472 1274 5555 banc
1307 5473 2145 5555 reminterpretationemﬁu-

499 5543 713 5629 thymii
742 5543 1027 5628 adﬂare.
1062 5559 1102 5608 ι,
1133 5543 1223 5629 35,
1262 5546 1367 5629 ubi
1405 5543 1670 5601 similiter
1718 5546 1934 5617 ἔννυχον
1983 5550 2038 5602 et
2064 5565 2147 5620 γε·

501 5619 712 5688 νομίνης
735 5619 931 5688 ἡμέρας
962 5619 1405 5684 comparantur.

570 5685 686 5759 (76)
723 5687 922 5740 Τούτου
950 5681 1271 5758 παρῥησίαν.
1303 5684 1449 5742 Male
1475 5687 1540 5742 Β.

2329 5475 2494 5528 Forte
2528 5469 2683 5542 quis
2739 5467 3035 5538 conjiciat,
3090 5462 3477 5520 ἀνασταθέντες.
3536 5457 3648 5514 Sed
3697 5455 3866 5512 istud

2252 5544 2408 5602 bene
2434 5558 2495 5598 se
2525 5540 2726 5597 habet.

2329 5613 2442 5688 (78)
2470 5617 2718 5666 Γίνωνται
2739 5617 2801 5665 Δ.
