4170 6334
344 459 514 531 ἔλεγον
568 463 697 533 πρὸς
754 459 952 519 ἑαυτάς·

349 550 434 601 θον
489 549 600 619 (ῖ9)
682 547 737 599 ἐκ
791 556 883 609 τῆς
940 550 1101 620 θύρας
1171 555 1260 599 του
1320 553 1620 619 pauperior);
1674 552 1763 599 καὶ
1821 546 1943 597 ἀνα-

349 637 609 708 ϐλέψασαι
686 639 983 708 θεωρουσιν,
1067 639 1141 688 ὅτι
1217 635 1624 689 ἀποκεκύλισται
1688 638 1713 688 6
1779 636 1941 696 λίθος.

348 727 445 779 Ἦν
500 728 600 798 γάρ
681 731 845 797 μέγας
903 722 1133 799 σφόδρα·
1190 726 1466 777 Ἰἰλθουσαι
1532 730 1621 797 μὲν
1673 728 1795 798 γὰρ,
1848 724 1946 777 ἔλε-

348 835 437 886 γον
479 819 605 889 πρὸς
656 814 880 876 ἀλλήλας
922 814 1103 876 οὕτως·
1163 814 1211 866 ἐν
1255 817 1359 885 ὅσῳ
1406 811 1464 867 δὲ
1506 823 1672 867 ταῦτα
1730 811 1948 884 διελογί-

352 904 522 966 ζοντο,
553 908 729 974 γέγονε
780 907 870 975 μεν
929 905 953 954 6
1005 906 1239 975 σεισμὸς,
1294 903 1590 977 προσελθὼν
1622 900 1680 955 δε
1718 905 1743 955 6
1797 904 1950 973 ἄγγε-

348 992 434 1055 λος
487 991 765 1045 ἀπεκύλισε
828 996 913 1044 τὸν
970 992 1117 1044 λὸθον
1186 998 1276 1045 καὶ
1340 992 1517 1044 λοιπὸν
1593 991 1950 1062 ἀναϐλέψασαι

349 1084 475 1155 πρὸς
505 1084 590 1132 τὸν
634 1088 813 1153 τάφον,
877 1084 1177 1156 θεωροῦσιν,
1236 1082 1316 1132 ὃτι
1371 1079 1773 1133 ἀποκεκύλισται
1820 1083 1847 1132 6
1875 1081 1948 1133 λί-

353 1172 461 1231 θος.

424 1258 481 1310 Ὀ
538 1261 747 1331 Μάρκος

824 1256 904 1327 δὲ,
965 1264 1239 1331 φροντίσας
1325 1267 1419 1320 τῆς
1480 1264 1780 1331 συντομίας,
1839 1262 1954 1311 οὔτε

355 1352 441 1399 τὸν
502 1352 714 1419 σεισμὸν
786 1345 1090 1420 ἀνέγραψεν,
1158 1350 1289 1413 οὔτε,
1369 1353 1445 1408 τίς
1510 1348 1789 1399 ἀπεκύλισε
1867 1351 1953 1399 τὸν

355 1436 514 1500 λίθον,
576 1432 835 1497 ἐδάὸαξεν.
878 1436 1100 1508 Ὀμοίως
1150 1433 1208 1488 δὲ
1262 1441 1349 1488 καὶ
1403 1439 1428 1488 6
1480 1443 1679 1497 Λουκᾶς
1716 1439 1956 1507 συνέτεμε

355 1530 448 1583 τὴν
503 1528 620 1598 περὶ
699 1528 892 1576 τούτων
975 1522 1248 1594 διήγησιν,
1306 1525 1475 1579 εὶπων.
1540 1526 1698 1597 Εὗρον
1758 1522 1815 1577 δε
1868 1528 1954 1577 τὸν

1826 1619 1955 1666 Πότε

359 1704 447 1771 μὲν
477 1697 563 1751 οὖν
613 1698 763 1758 ἦλθον
816 1702 884 1763 εἰς
936 1705 990 1753 τὸ
1040 1710 1285 1773 μνημεῖον
1337 1704 1391 1753 αἱ
1437 1710 1695 1773 γυναῖκες,
1754 1700 1952 1761 ἐδήλω-

355 1612 496 1665 λίθον
577 1611 1042 1679 ἀποκεκυλισμένον
1124 1611 1224 1665 ἀπὸ
1304 1621 1391 1666 τοῦ
1471 1620 1741 1686 μνημείου.

1277 330 1638 388 COMMENT.
1682 332 1753 388 IN
1796 324 2238 388 ΜΛΤΤΗΑΞΗΜ.
2278 361 2348 373 -
2390 332 2551 390 CAP.
2592 330 2841 391 XXVIII.

3609 338 3714 393 750

1036 464 1122 519 Τίς
1180 458 1484 510 ἀποκυλίσει
1542 461 1664 529 ἡμῖν
1728 462 1812 510 τὸν
1869 459 1991 510 λί‹Λ

2090 455 2265 512 ebant
2309 457 2460 512 inter
2491 473 2621 512 sese
2654 476 2667 511 :
2704 459 2844 527 Quis
2874 460 3133 516 revolvet
3171 457 3337 515 nobis
3372 460 3610 529 lapidem
3639 462 3714 519 ab

2055 548 2195 601 ostio
2215 552 2569 602 monumenta
2590 547 2617 599 ?
2636 545 2902 619 (Tumque
2914 549 3326 619 respexissent,
3354 549 3549 605 vident
3562 552 3718 623 quod

2054 636 2353 690 revolutus
2384 641 2525 690 esset
2567 636 2714 705 lapis
2748 653 2760 689 :
2795 643 2925 692 erat
2954 639 3109 693 enim
3150 638 3388 708 grandis
3422 640 3597 696 valde
3642 640 3710 695 ⁸³.

2058 721 2211 776 Dum
2264 722 2467 794 itaque
2522 724 2804 789 venirent,
2857 725 2937 780 ita
2983 725 3259 781 dicebant
3316 726 3469 783 inter
3509 743 3634 783 sese
3695 747 3709 787 :

2055 810 2283 865 interim
2308 826 2437 866 vero
2461 811 2609 867 dum
2634 811 2761 867 haec
2774 813 3269 885 colloquerentur,
3292 814 3481 871 factus
3503 820 3711 872 estter—

2059 903 2337 954 rmmotus
2376 917 2389 966 ;
2445 916 2705 972 cumque
2753 902 3109 958 accessisset
3155 902 3423 972 angelus,
3467 904 3713 962 revolvit

2057 987 2337 1059 lapidem,
2371 993 2427 1043 et
2471 988 2600 1059 jam
2652 989 2731 1045 ad
2786 996 3248 1046 monumentum
3300 992 3709 1063 respicientes,

2059 1076 2262 1133 vident
2291 1077 2449 1149 quod
2479 1077 2784 1134 revolutus
2824 1082 2979 1134 esset
3002 1078 3176 1149 lapis.

2135 1256 2363 1310 Marcus
2390 1270 2534 1311 sane
2575 1254 2850 1312 brevitati
2883 1256 3152 1320 studens,
3185 1272 3378 1329 neque
3419 1261 3717 1315 terreemo-

2064 1346 2191 1399 tum
2221 1343 2473 1416 scripsit,
2498 1359 2691 1416 neque
2717 1345 2851 1416 quis
2875 1344 3138 1416 lapidem
3160 1346 3475 1403 revolverit
3496 1346 3715 1403 docuit.

2066 1432 2345 1488 Similiter
2375 1438 2429 1488 et
2449 1434 2638 1489 Lucas
2664 1434 3070 1490 narrationem
3102 1434 3177 1490 de
3203 1434 3296 1490 his
3326 1435 3714 1499 abbreviavit,

2065 1522 2269 1577 dicens
2303 1522 2689 1578 :Invenerunt
2737 1523 2995 1592 lapidem
3019 1531 3453 1580 amonumento
3493 1525 3721 1582 revolu-

2066 1616 2189 1666 tum
2205 1612 2271 1665 ⁸³.
2286 1610 2483 1680 Itaque
2498 1611 2740 1681 quando
2753 1610 2830 1666 ad
2846 1615 3300 1667 monumentum
3316 1614 3651 1670 venerintm
3664 1630 3722 1668 u-

2067 1698 2255 1763 lieres,
2274 1698 2758 1769 signiﬁcaverunt
2773 1699 3149 1770 evangelistae
3171 1718 3183 1769 ;
3203 1702 3451 1772 quando
3472 1717 3613 1758 vero
3633 1717 3721 1758 re-

364 1808 461 1841 σαν
504 1790 551 1840 οἱ
594 1789 971 1859 εύαγγελισταί·
1031 1795 1153 1841 ποτε
1200 1786 1258 1842 δὲ
1306 1789 1492 1848 ἀνέστη
1544 1792 1569 1843 6
1613 1794 1820 1863 Κύριος,
1874 1791 1991 1857 ού-Ῑ

2085 1788 2386 1844 surrexerit
2406 1789 2697 1855 Christus,
2736 1789 2933 1844 nullus
2956 1805 3161 1845 eorum
3204 1790 3489 1846 indicavit
3515 1808 3527 1845 :
3557 1791 3719 1847 solus

366 1874 471 1938 δεὶς
522 1877 690 1929 αὐτῶν
747 1885 1237 1953 παρεσημειὼσατο.
1291 1884 1456 1940 Μόνος
1496 1883 1596 1954 γὰρ
1638 1876 1748 1931 οἶδε
1782 1887 1956 1948 τουτο,

362 1966 388 2018 6
415 1970 587 2038 μόνος,
621 1968 689 2027 ὡς
720 1963 879 2035 οἷὸεν,
914 1966 1159 2028 ἀναστάς.

439 2055 627 2115 Πάντες
671 2052 729 2108 δὲ
769 2061 1051 2128 συμφώνως
1099 2058 1147 2108 οἱ
1198 2058 1324 2130 ἱεροὶ
1381 2061 1603 2129 Πκτέρες
1648 2061 1736 2108 καὶ
1790 2053 1956 2108 διδα-

367 2143 550 2195 σκαλοι
611 2146 790 2216 καιρὸν
868 2152 957 2204 τῆς
1023 2142 1355 2205 ἀναστάσεως
1427 2146 1586 2197 αὐτοῦ
1654 2164 1801 2215 φασι,
1868 2150 1960 2202 τὴν

365 2238 573 2306 πρώτην
627 2242 724 2285 τῶν
780 2230 1125 2307 ἀλεκτρυόνων
1204 2230 1366 2305 ᾠδὴν,
1434 2239 1549 2296 ἥτις
1614 2232 1718 2292 ἤδη
1774 2237 1833 2286 τὸ
1867 2242 1961 2295 τῆς

370 2328 641 2397 Κνριακῆς
709 2326 1110 2395 προανεκρούετο
1195 2330 1318 2394 φῶς.
1370 2326 1458 2374 Διό
1528 2328 1616 2374 καὶ
1691 2326 1820 2394 μετὰ
1875 2327 1963 2380 τὴν

364 2411 519 2469 ἕκτην
570 2412 705 2484 ὥραν
772 2418 863 2471 τῆς
922 2414 1104 2472 νυκτὸς
1155 2413 1203 2462 οἱ
1256 2411 1517 2484 φιλάρετοι
1570 2416 1661 2469 τὴν
1724 2416 1963 2469 νηστείαν

364 2499 720 2569 καταλύοντες,
755 2507 848 2561 τῆς
876 2499 1189 2573 εὐφροσύνης
1220 2497 1567 2572 ἀπάρχονται.

438 2589 657 2659 Ἀνέστη
706 2585 764 2641 δε
814 2596 878 2660 τῇ
936 2593 1086 2663 τρίτῃ
1137 2590 1326 2662 ἡμέρᾳ,
1376 2591 1547 2649 καθὼς
1600 2589 1781 2660 ἔλεγεν.
1828 2589 1966 2642 Ἐπεὶ

365 2679 463 2749 γάρ
514 2677 562 2728 ἐν
614 2686 674 2749 τῇ
728 2676 879 2750 ἐνάτῃ
959 2679 1067 2749 ὥρᾳ
1148 2685 1243 2739 τῆς
1296 2685 1631 2750 παρασκευῆς
1700 2678 1965 2746 ἀπέθανεν,

367 2764 666 2841 ἀριθμεῖται
742 2771 921 2840 πρώτη
993 2769 1081 2838 μὲν
1152 2767 1319 2839 ἡμέρα
1365 2768 1394 2825 ἡ
1466 2772 1795 2840 παρασκευῇ,
1853 2763 1968 2818 δευ-

365 2859 489 2929 τέρα
538 2852 596 2907 δὲ
650 2858 707 2906 τὸ
765 2853 1046 2918 Σάϐϐατον,
1109 2859 1259 2929 τρίτη
1317 2851 1376 2907 δὲ
1428 2856 1458 2912 ἡ
1509 2860 1765 2929 κυριακῇ,
1817 2854 1862 2906 ἐν
1913 2855 1965 2927 ᾖ,

2067 1878 2225 1932 enim
2256 1878 2365 1931 hoc
2396 1877 2583 1943 novit,
2612 1876 2718 1949 qui
2763 1877 2923 1932 solus
2954 1878 3206 1934 surrexit
3231 1883 3291 1934 ut
3323 1879 3501 1935 novit.

2142 2073 2362 2129 Omnes
2390 2075 2590 2127 autem
2622 2070 2980 2127 unanimiter
3006 2072 3193 2127 sancti
3218 2071 3418 2128 Patres
3443 2078 3499 2129 et
3523 2073 3725 2131 docto-

2070 2176 2162 2215 res
2203 2166 2437 2231 tempus
2464 2158 2926 2215 Resurrectionis
2953 2159 3083 2230 ejus
3120 2159 3308 2217 fuisse
3338 2160 3544 2218 dicunt
3573 2162 3730 2218 circa

2072 2249 2327 2320 primum
2359 2247 2747 2317 gallicinium,
2779 2247 2875 2319 qui
2899 2247 3025 2318 jam
3075 2249 3357 2305 Dominici
3387 2249 3503 2305 diei
3531 2250 3731 2307 lucem

2070 2336 2441 2410 praeferebat.
2478 2336 2612 2392 Ideo
2626 2352 2868 2408 quoque
2887 2341 3022 2408 post
3048 2342 3278 2393 sextam
3300 2340 3492 2395 noctis
3516 2339 3732 2396 horam

2072 2425 2302 2482 virtutis
2318 2429 2653 2490 sectatores,
2673 2424 2867 2481 soluto
2879 2425 3110 2497 jejunio
3131 2425 3248 2482 Iusti
3259 2427 3399 2484 tiam
3416 2428 3733 2500 auspican-

2074 2520 2186 2569 tur.

2149 2600 2410 2658 Surrexit
2442 2605 2643 2658 autem
2688 2601 2856 2658 tertio
2885 2601 2981 2658 die
3004 2606 3181 2675 prout
3211 2603 3462 2661 dixerat.
3497 2608 3580 2660 Ex
3607 2621 3730 2677 quo

2079 2690 2239 2747 enim
2254 2690 2404 2746 hora
2416 2705 2578 2745 nona
2590 2691 2947 2747 Parasceves
2968 2696 3239 2747 mortuus
3261 2698 3365 2757 est,
3386 2699 3733 2751 numeratur

2078 2779 2305 2851 primus
2317 2779 2443 2834 dies
2459 2782 2800 2842 Parasceve,
2818 2780 3118 2834 secundus
3142 2780 3498 2847 Sabbatum,
3528 2782 3733 2838 tertius

2078 2868 2206 2923 dies
2227 2867 2587 2935 Dominicus,
2604 2868 2666 2923 in
2683 2883 2806 2939 quo
2828 2867 3149 2941 incipiente
3168 2869 3452 2937 diluculo,
3480 2871 3737 2927 surrexit

369 2944 662 3015 ἀρχομένου
712 2952 802 2995 τοῦ
851 2946 1058 3017 ὄρθρου,
1122 2942 1332 3010 ἀνέστη,
1390 2948 1574 3016 μικρὸν
1631 2965 1680 2996 τι
1720 2948 1818 3019 πρὸ
1875 2952 1970 3003 τῆς

2085 2956 2259 3030 paulo
2282 2961 2601 3029 antequam
2623 2957 2901 3013 mulieres
2922 2959 3269 3015 accederent
3297 2977 3307 3013 :
3330 2964 3385 3015 et
3414 2976 3737 3016 connume-

371 3041 471 3084 τῶν
532 3041 785 3103 γυναικῶν
862 3031 1095 3104 ἀφίξεως,
1176 3037 1265 3084 καὶ

369 3124 461 3195 μὲν
491 3129 829 3195 παρασκευῆς
877 3124 934 3172 τὸ
982 3121 1141 3187 τέλος,
1189 3130 1281 3183 τῆς
1333 3117 1391 3173 δὲ
1433 3128 1696 3193 Κυριακῆς
1734 3124 1763 3180 ἡ
1801 3120 1969 3196 ἀρχή.

370 3210 512 3262 Ἐπεὶ
558 3206 617 3262 δὲ
665 3208 714 3262 ἒν
768 3218 839 3281 τῷ
893 3212 1028 3261 κατά
1080 3213 1165 3261 τὸν
1195 3209 1364 3262 Ἰωνᾶν
1416 3207 1807 3282 παραδείγματι
1854 3212 1968 3279 ἔφη.

370 3299 551 3360 Οὕτως
608 3302 755 3351 ἔσται
808 3304 897 3350 καὶ
948 3300 974 3349 6
1026 3301 1129 3359 νίὸς
1176 3306 1266 3350 τού
1326 3296 1596 3373 ἀνθρώπου
1643 3298 1689 3350 ἐν
1735 3307 1795 3371 τῇ
1851 3317 1975 3373 καρ-

378 3385 473 3459 (ira;
561 3397 657 3449 τῆς
723 3397 816 3465 γῆς
875 3395 1013 3462 τρεῖς

379 3582 468 3614 ται
490 3566 611 3636 γάρ,

457 3710 581 3779 Περὶ
624 3703 683 3758 δέ
736 3725 797 3776 γε
846 3714 944 3757 τῶν
990 3714 1188 3758 νυκτῶν
1230 3705 1458 3780 ἐροῦμεν,
1512 3708 1576 3766 ὡς
1637 3708 1685 3758 οἱ
1725 3703 1979 3759 Ἰουδαῖοι

385 3794 479 3855 ἕως
524 3799 700 3869 τρίτης
750 3797 948 3868 ἡμέρας
1006 3794 1362 3867 ἠσφαλίσαντο
1422 3798 1507 3846 τὸν
1560 3797 1736 3868 τάφον,
1789 3800 1976 3866 ἤγομν,

782 3891 875 3944 τῆς
959 3892 1288 3959 παρασκευῆς
1362 3886 1454 3943 ἕως
1529 3892 1620 3944 τῆς
1691 3890 1977 3957 Κυριακῆς,

386 3970 537 4030 ἡλίου
567 3968 824 4032 δύνοντος.
880 3974 1029 4025 Οὕτω
1080 3976 1182 4047 γὰρ
1232 3972 1569 4045 ἐψηφίσαντο.
1624 3978 1730 4031 Τὴν
1763 3974 1877 4043 (80)
1921 3968 1980 4024 δὲ

384 4064 567 4134 τρίτην
614 4064 777 4113 νύκτα
818 4066 908 4122 τῆς
963 4060 1246 4134 ἀσφαλείας
1284 4061 1425 4122 ἐκτὸς
1472 4061 1693 4134 ἀφῆκαν.
1739 4066 1839 4114 Καὶ
1872 4061 1978 4113 λοι-

385 4153 501 4215 πὸν,
550 4150 593 4201 εἰ
649 4155 735 4202 καὶ
777 4153 971 4208 ταύτην
1022 4150 1292 4224 ἀνέμεινεν,
1345 4150 1513 4223 ἔμελλε
1576 4154 1816 4223 ’γενέσθαι
1858 4151 1981 4203 ύπο-

386 3881 474 3935 ἀπ’
546 3882 703 3943 αὐτῆς

385 4257 512 4299 me;
562 4242 593 4297 ἠ
658 4238 967 4302 ἀνάστασις.
1015 4244 1115 4293 Καὶ
1165 4244 1266 4313 γὰρ
1325 4240 1558 4292 ἀντεῖπον
1608 4242 1689 4306 ᾱίν,
1734 4243 1819 4309 ὡς,

388 4327 527 4390 ἐντὸς
576 4336 666 4381 τοῦ
716 4337 901 4404 καιροῦ
958 4338 1055 4391 τῆς
1111 4328 1392 4399 ἀσφαλείας
1444 4330 1535 4382 ούκ
1574 4329 1779 4395 ἀνέστη,
1818 4329 1984 4382 λυθεί-

392 4435 491 4477 σης
544 4419 752 4487 ταύτης,
823 4419 1049 4479 ἄπιστος
1124 4420 1153 4476 ἡ
1225 4417 1529 4479 ἀνάστασις.
1593 4418 1818 4476 Ἐκλάπη
1881 4420 1981 4489 γὰρ

390 4502 596 4569 οὐδενός
654 4506 1008 4579 φυλάττοντος.
1056 4510 1249 4560 Λοιπὸν
1307 4504 1414 4573 οἷν,
1475 4510 1549 4559 ἔτι
1608 4506 1983 4577 φυλαττόντων,

389 4595 597 4661 ἀνέστη,
652 4604 935 4671 περιαιρῶν
991 4602 1164 4648 πᾶσαν
1213 4596 1524 4667 ἀντιλογίανε
1586 4601 1683 4648 Καὶ
1730 4592 1853 4647 οὐδὲ
1895 4600 1987 4653 τὴν

389 4688 573 4758 τρίτην
625 4684 746 4742 ὅλην
806 4684 1056 4758 ἀνέμεινεν
1110 4688 1324 4759 ἡμέραν,
1385 4684 1491 4737 ἀλλ’
1550 4685 1700 4746 εὐθὺς
1764 4683 1989 4757 ἀρχομέ-

392 4792 484 4833 νης
529 4773 725 4847 ἠγέρθη
773 4774 910 4845 (81).
956 4778 1026 4826 Τὸ
1070 4778 1160 4846 μὲν
1196 4778 1298 4848 ’γὰρ
1349 4772 1487 4836 ἐντὸς
1537 4782 1628 4826 τοῦ
1674 4780 1859 4845 καιροῦ
1898 4781 1993 4833 τῆς

398 4858 679 4929 ἀσφαλείας
732 4861 1038 4929 ἀναστῆναι,
1089 4861 1438 4935 ἀνέγκλητον;
1484 4866 1543 4915 τὸ
1593 4859 1651 4914 δὲ
1703 4864 1995 4937 ὑστερῆσαι

398 4950 606 5015 τούτου,
658 4951 911 5007 ὕποπτον.
977 4956 1076 5005 Καὶ
1126 4955 1184 5004 τὸ
1249 4955 1339 5024 μεν
1390 4954 1679 5024 ταχύτερον
1734 4960 1826 5011 τῆς
1869 4970 1994 5024 προ-

1227 5045 1286 5094 τό
1339 5038 1399 5094 δὲ
1453 5037 1798 5116 βραδύτερον,
1843 5039 1995 5092 ἀσθε-

402 5039 638 5110 θεσμίας,
700 5035 964 5112 δυνάμεώς
1002 5040 1112 5094 ἐστι
1156 5058 1173 5075 ·

397 5130 549 5188 ναΐας.

1367 3035 1808 3106 συναριθμοννται
1882 3040 1971 3092 τῆς

1106 3389 1304 3462 ἡμέρας
1384 3392 1472 3439 καὶ
1556 3394 1690 3463 τρεῖς
1764 3389 1972 3448 νύκτας·

377 3481 495 3551 περὶ
543 3480 631 3549 μὲν
673 3484 772 3528 τῶν
826 3476 1029 3550 ἡμερῶν
1074 3474 1168 3528 ούκ
1215 3477 1325 3527 ἔστι
1377 3471 1665 3548 διαπορεῖν·
1722 3477 1975 3549 ὴρίθπην-

1875 4239 1982 4291 ἐπεὶ

2012 4297 2059 4352 D

2078 3050 2287 3103 rantur
2324 3044 2513 3116 ipsius
2544 3044 2680 3101 ﬁnis
2720 3046 3092 3116 Parasceves,
3124 3052 3179 3103 et
3204 3048 3491 3104 Dominici
3521 3050 3737 3120 princi-

2081 3135 2273 3207 pium.
2305 3134 2473 3199 Quod
2500 3138 2701 3190 autem
2734 3134 2792 3189 in
2822 3134 3097 3207 exemplo
3128 3137 3201 3190 de
3228 3135 3382 3191 Jona
3410 3136 3551 3192 dixit
3576 3154 3588 3192 :
3619 3138 3737 3193 Ita-

2081 3224 2189 3280 erit
2217 3228 2269 3279 et
2285 3222 2473 3278 Filius
2497 3222 2746 3278 hominis
2764 3222 2826 3277 in
2849 3224 3025 3278 corde
3046 3229 3223 3281 terrae
3246 3225 3429 3279 (ribus
3460 3225 3663 3281 diebus
3685 3232 3738 3281 et

2085 3311 2273 3366 tribus
2304 3311 2570 3365 noctibus
2598 3311 2665 3371 ⁸⁸,
2695 3308 2769 3363 de
2798 3310 3010 3364 diebus
3039 3311 3284 3381 quidem
3311 3328 3433 3368 non
3463 3319 3549 3367 est
3572 3312 3739 3384 quod

2083 3400 2446 3463 haesitemus,
2475 3399 2601 3470 jam
2631 3398 2791 3454 enim
2823 3400 3154 3456 enumerati
3198 3405 3356 3458 sunt.

2160 3704 2238 3757 De
2267 3700 2543 3757 noctibus
2590 3714 2732 3756 vero
2782 3699 3072 3767 dicemus,
3104 3700 3265 3772 quod
3294 3699 3487 3757 Judaei
3520 3701 3598 3758 ad
3629 3706 3739 3759 ter-

2086 3791 2235 3846 tium
2252 3805 2445 3862 usque
2461 3789 2622 3844 diem
2637 3786 2977 3860 sepulcrum
3009 3790 3359 3859 munierant,
3375 3790 3644 3847 videlicet
3661 3792 3739 3847 ab

2086 3880 2218 3951 ipsa
2231 3878 2552 3933 Parasceve
2578 3892 2768 3949 usque
2788 3878 2862 3933 ad
2874 3877 3035 3933 diem
3051 3878 3424 3935 Dominicum
3445 3880 3742 3937 occidente

2088 3968 2211 4023 sole
2245 3984 2255 4021 :
2299 3967 2379 4022 ita
2417 3965 2576 4023 enim
2615 3967 3020 4022 decreverant.
3054 3967 3307 4023 Tertiam
3336 3982 3477 4024 vero
3507 3974 3745 4025 noctem

2090 4058 2323 4130 absque
2341 4058 2673 4113 munitione
2687 4056 3109 4128 relinquebant
3132 4074 3145 4123 ;
3161 4072 3300 4113 nam
3321 4058 3368 4113 si
3390 4058 3569 4115 etiam
3588 4059 3747 4116 hanc

2090 4151 2513 4219 exspectasset,
2565 4150 2845 4217 suspecta
2896 4146 3098 4203 habita
3136 4146 3348 4203 fuisset
3376 4150 3748 4205 resurrectio.

2093 4236 2554 4309 Respondissem
2573 4235 2754 4305 enim,
2776 4234 2943 4307 quod
2963 4252 3035 4291 ex
3054 4251 3177 4307 quo
3205 4236 3362 4293 intra
3384 4242 3603 4310 tempus
3626 4255 3756 4295 mu-

2094 4326 2334 4382 nitionis
2361 4341 2483 4381 non
2528 4330 2945 4391 resurrexerat,
2978 4325 3093 4381 hac
3120 4327 3336 4393 soluta,
3370 4327 3490 4384 ﬁde
3515 4328 3760 4385 carebat

2094 4414 2489 4479 resurrectio;
2523 4413 2678 4469 furto
2726 4413 2887 4468 enim
2938 4414 3210 4471 sublatus
3258 4422 3399 4482 erat,
3447 4417 3609 4473 nullo
3659 4434 3759 4473 cu-

2094 4504 2401 4560 stodiente.
2432 4504 2635 4574 Itaque
2662 4518 2799 4558 cum
2826 4502 3024 4558 adhuc
3042 4504 3421 4569 custodirent,
3442 4506 3760 4561 resurrexit

2096 4609 2341 4651 omnem
2376 4591 2586 4649 tollens
2635 4592 3162 4648 contradictionem
3197 4610 3209 4646 :
3244 4596 3300 4647 et
3338 4608 3532 4663 neque
3572 4599 3757 4650 totum

2099 4682 2335 4738 tertium
2356 4682 2712 4751 exspectavit
2743 4680 2923 4744 diem,
2950 4680 3057 4734 sed
3089 4680 3285 4735 statim
3310 4696 3447 4735 cum
3474 4682 3759 4752 inciperet

2100 4771 2369 4829 surrexit.
2423 4768 2589 4835 Quod
2633 4769 2787 4823 enim
2829 4768 2984 4823 intra
3038 4773 3268 4838 tempus
3298 4769 3640 4825 munitionis
3674 4786 3757 4825 re-

2103 4862 2393 4929 surgeret,
2419 4856 2589 4926 argui
2615 4871 2736 4911 non
2758 4861 2980 4927 poterat
3006 4874 3017 4911 :
3042 4856 3202 4927 quod
3226 4857 3272 4911 si
3295 4856 3353 4911 id
3377 4858 3760 4928 postmodum

2103 4949 2340 5013 faceret,
2375 4949 2719 5017 suspectum
2743 4949 2887 5000 erat.
2912 4947 3060 5000 Nam
3088 4945 3251 5016 quod
3281 4944 3451 5001 citius
3476 4962 3663 5018 quam
3694 4948 3767 5005 sit

2107 5036 2495 5093 constitutum
2520 5032 2787 5100 efﬁcitur,
2813 5032 3095 5105 potentias
3117 5038 3223 5103 est;
3249 5035 3415 5107 quod
3432 5040 3633 5093 autem
3654 5041 3767 5093 tar-

2108 5127 2269 5192 dius,
2339 5122 2774 5180 imbecillitatis.

472 5248 520 5287 υ
549 5242 725 5309 Marc.
758 5269 874 5321 ενι,
910 5254 964 5325 3,
990 5244 1042 5310 ε.
1121 5255 1171 5290 ⁸³
1202 5255 1339 5311 Luc.
1371 5260 1527 5323 xxiv,
1558 5246 1611 5311 2.
1689 5255 1737 5289 ³⁴
1762 5253 1962 5311 Matth.
1989 5270 2095 5353 xu,
2117 5254 2209 5309 40.

1626 5431 1844 5499 Variae
1872 5429 2203 5499 lectiones
2235 5434 2301 5495 et
2331 5435 2533 5493 notas.

510 5628 601 5700 ’19)
632 5628 783 5699 Ἀπὸ,
813 5643 923 5700 pro
953 5627 1027 5700 ἐκ,
1056 5633 1121 5681 Α.

510 5629 578 5682 ’79
632 5628 783 5699 Ἀπὸ,
813 5643 923 5700 pro
953 5627 1027 5699 ἐκ,
1056 5633 1121 5681 Α.

482 5627 601 5770 ἔδοξ
625 5703 731 5756 Τὴν
760 5703 940 5774 τρίτην
972 5696 1049 5764 δέ,
1085 5706 1152 5757 Α.

2194 5624 2308 5695 (81)
2378 5627 2600 5695 Asiam,
2637 5639 2748 5696 pro
2797 5626 3011 5698 ἠγέρθη,
3049 5630 3107 5678 Α.
