4170 6334
488 331 590 387 751

562 454 789 511 Etenim
814 469 917 510 rex
943 468 1187 526 quoque
1223 453 1328 526 qui
1369 452 1449 509 ad
1479 457 1707 509 certum
1740 450 1898 506 diem
1929 448 2145 505 beneﬁ-
2178 448 2226 503 Α

491 543 651 599 cium
670 541 1031 614 quibusdam
1046 539 1313 597 conferre
1330 538 1624 613 promisit,
1641 539 1688 593 si
1704 545 1837 594 ante
1851 540 2143 593 statutum

490 631 649 688 diem
681 630 1037 687 beneﬁcium
1072 629 1158 686 eis
1186 628 1474 695 conferat,
1509 644 1628 684 non
1660 627 1849 682 solum
1892 625 2143 697 promis-

492 736 626 776 sum
651 719 991 791 complevit,
1012 719 1121 775 sed
1144 723 1201 774 et
1220 719 1401 774 aliam
1426 717 1681 787 gratiam
1703 715 2028 771 velocitatis
2044 713 2148 769 ad-

492 808 660 865 didit.
692 808 842 864 Nihil
872 815 1073 865 autem
1099 807 1264 864 aliud
1299 806 1487 862 Judaei
1514 805 1798 879 appositis
1825 802 2150 875 signaculis

493 912 565 955 ac
575 896 924 955 custodibus
935 895 1950 969 apparabant,quamutresurrectio
1962 891 2151 965 publi-

496 992 749 1051 caretur,
775 991 1155 1058 sumeretque
1190 985 1264 1042 ab
1301 985 1450 1057 ipsis
1492 984 1844 1041 custodibus
1888 982 2151 1040 testimo-

495 1075 686 1131 nium.
705 1073 822 1131 Sed
837 1090 1077 1132 rursum
1094 1075 1175 1131 ad
1188 1074 1483 1131 dictorum
1504 1073 1861 1130 narrationis
1877 1072 2149 1129 ordinem

494 1163 914 1221 revertendum
955 1168 1063 1220 est.

565 1358 729 1413 Vers.
759 1359 809 1412 4.
838 1357 964 1412 Prw
978 1358 1188 1414 timore
1215 1363 1415 1414 autem
1438 1387 1505 1397 —
1525 1356 1764 1412 mortui.
1796 1359 1916 1411 Prae
1942 1355 2149 1411 timore

495 1445 1180 1511 terrmmotuanitenim
1196 1461 1450 1516 magnus
1478 1462 1492 1513 ;
1514 1451 1618 1501 aut
1633 1445 1855 1518 angeli,
1873 1443 2149 1499 fuitenim

495 1537 744 1604 aspectu
760 1531 1049 1589 terribilis.
1071 1532 1356 1589 Concussi
1368 1540 1505 1589 sunt
1522 1538 1742 1598 autem,
1766 1532 1876 1588 hoc
1896 1538 1998 1598 est,
2020 1534 2149 1587 Tre-

495 1623 810 1688 muerunt;
837 1618 1053 1676 deinde
1074 1620 1151 1676 ad
1177 1636 1241 1676 se
1268 1621 1486 1677 reversi
1510 1620 1808 1691 fugerunt,
1833 1627 1890 1676 et
1910 1620 1991 1676 ita
2020 1635 2151 1675 mu-

494 1706 736 1764 lieribus
757 1706 898 1764 data
929 1712 1021 1765 est
1061 1709 1365 1766 securitas.

569 1905 728 1960 Vers.
754 1907 803 1958 5.
835 1904 1215 1972 Respondens
1239 1934 1310 1946 —
1332 1920 1452 1961 vos.
1474 1904 1581 1971 Ne,
1609 1904 1809 1976 inquit,
1840 1905 2152 1962 timueritis

498 2008 616 2058 vos,
649 1991 757 2048 sed
776 1991 835 2048 hi
860 1996 1006 2063 puta
1025 1992 1323 2060 custodes,
1346 2008 1679 2066 omnesque
1705 1993 1929 2049 inimici
1960 1993 2155 2049 Domi-

492 2081 577 2137 ni.
601 2080 867 2136 Primum
887 2079 1086 2154 itaque
1109 2081 1318 2137 timore
1339 2080 1472 2137 illas
1497 2080 1775 2137 liberavit
1795 2088 1851 2136 et
1878 2097 2153 2138 sermone

490 2173 549 2227 et
575 2168 807 2234 habitu,
844 2168 1060 2225 deinde
1084 2169 1160 2225 de
1184 2171 1615 2226 resurrectione
1640 2170 1899 2225 disserit.

560 2258 727 2315 Vers.
756 2259 809 2314 5.
841 2258 970 2315 Scio
994 2288 1061 2299 -—
1086 2259 1374 2331 queritis.
1398 2263 1527 2316 Non
1556 2259 1936 2315 confunditur
1955 2259 2151 2316 dicere

488 2348 811 2404 Dominum
837 2363 1015 2403 suum
1046 2346 1399 2404 cruciﬁxum
1429 2366 1444 2416 ;
1472 2365 1616 2422 quia
1645 2349 1739 2405 his
1772 2349 2019 2421 quidem
2048 2348 2150 2422 qui

484 2440 619 2493 ante
635 2435 837 2508 ipsum
858 2434 1123 2492 cruciﬁxi
1147 2440 1305 2501 sunt,
1320 2452 1463 2493 crux
1489 2438 1821 2508 ignominia
1843 2442 1987 2502 erat,
2009 2452 2146 2492 cum

483 2531 908 2597 argumentum
920 2530 1075 2583 esset
1093 2526 1369 2583 maleﬁcii
1387 2543 1592 2584 eorum
1611 2544 1623 2582 :
1640 2528 1779 2584 huic
1797 2544 1930 2583 vero
1948 2527 2147 2600 potius

484 2614 694 2684 gloria,
713 2630 852 2670 cum
870 2614 1036 2671 fuerit
1060 2614 1490 2672 demonstratio
1506 2615 1779 2673 beneﬁcii
1796 2617 1854 2672 in
1874 2616 2148 2673 homines

483 2701 700 2767 collati,
731 2707 970 2774 propter
998 2702 1165 2775 quod
1199 2703 1277 2759 ad
1298 2719 1536 2760 crucem
1571 2706 2008 2761 condemnatus
2038 2709 2144 2761 est.

566 2788 725 2845 Vers.
755 2794 806 2845 6.
822 2790 952 2845 Non
972 2820 1040 2831 -—
1063 2791 1364 2847 Dominus.
1391 2792 1600 2848 Dicens
1622 2813 1635 2851 :
1660 2796 1700 2847 A
1714 2794 1938 2855 ccedite.
1955 2794 2147 2850 videte

487 2877 673 2934 locum
701 2875 805 2932 ubi
822 2877 1052 2947 positus
1078 2883 1212 2933 erat
1243 2879 1541 2946 Dominus,
1589 2881 1953 2948 signiﬁcavit
1981 2881 2146 2954 quod

485 2969 729 3039 propter
757 2981 883 3033 eas,
901 2970 966 3022 ut
985 2965 1267 3031 viderent,
1297 2966 1556 3040 lapidein
1583 2969 1927 3025 revolverat.

557 3055 715 3111 Vers.
741 3055 792 3108 7.
815 3055 892 3110 Et
907 3055 1390 3112 cito—videbitis.
1412 3059 1729 3122 Praecedet,
1754 3059 1866 3114 hoc
1892 3064 1977 3115 est
1994 3059 2145 3116 Pras-

479 3143 681 3200 veniet
699 3158 831 3200 vos.
859 3143 1033 3200 Jubet
1064 3149 1266 3201 autem
1290 3144 1455 3202 abire
1485 3161 1587 3202 eos
1625 3147 1686 3202 in
1720 3146 2042 3215 Galilaeam,
2078 3149 2141 3205 in

477 3248 602 3306 qua
627 3232 755 3288 sine
770 3232 1120 3289 Judaaorum
1144 3234 1353 3290 timore
1379 3235 1456 3291 ad
1475 3250 1610 3291 eum
1632 3237 1928 3293 accessuri
1950 3243 2138 3306 erant,

480 3326 538 3378 et
567 3336 707 3377 cum
734 3336 807 3378 eo
835 3320 1209 3378 collocutnri.

546 3411 708 3466 Vers.
735 3415 792 3465 7.
835 3408 988 3467 Ecce
1034 3410 1166 3467 dixi
1202 3410 1378 3469 vobis.
1418 3412 1499 3467 De
1528 3411 1817 3469 omnibus
1849 3413 2133 3472 videlicet.

477 3497 580 3555 Vel
619 3497 787 3554 aliter
818 3517 831 3557 :
864 3500 1010 3554 Ecce
1040 3499 1329 3557 admonui
1364 3517 1468 3558 vos
1507 3502 1577 3557 de
1603 3502 1929 3575 discipulis.
1955 3504 2138 3561 Nolite

475 3586 680 3660 itaque
704 3586 1180 3645 admonitionem
1210 3589 1528 3662 negligere.
1572 3591 1675 3647 Hic
1707 3607 1851 3662 ergo
1886 3593 2137 3665 angelus

475 3679 644 3732 extra
655 3674 999 3747 sepulcrum
1017 3693 1198 3750 super
1212 3677 1475 3752 lapidem
1500 3680 1733 3745 sedens,
1755 3681 2039 3753 praedicta
2054 3681 2140 3738 di-

474 3764 562 3821 xit
591 3763 957 3821 mulieribus.
985 3765 1136 3832 Quia
1155 3782 1293 3824 vero
1317 3783 1440 3825 non
1470 3768 1632 3825 ausis
1649 3770 2138 3843 appropinquare

476 3853 772 3927 praecepit,
793 3858 858 3911 ut
878 3854 1215 3927 sepulcrum
1237 3856 1690 3928 ingrederentur
1711 3859 1876 3930 (nam
1894 3860 2004 3916 hoc
2024 3860 2139 3932 sig-

474 3943 693 4005 niﬁcat,
712 3943 755 3999 A
769 3943 1010 4010 ccedite,
1027 3944 1219 4002 videte
1235 3946 1429 4004 locum
1444 3946 1549 4003 ubi
1558 3948 1786 4018 positus
1802 3954 1928 4005 erat
1945 3950 2138 4007 Domi-

472 4032 606 4103 nus)
636 4031 926 4102 ingressa
973 4038 1135 4089 sunt.

548 4227 662 4283 Sed
672 4225 983 4281 Mattheus
993 4222 1229 4296 quidem
1243 4240 1433 4298 usque
1446 4226 1524 4281 ad
1536 4227 1867 4298 ingressum
1879 4230 2135 4302 sepulcri

471 4313 752 4379 narravit,
780 4312 1011 4385 reliqua
1029 4312 1395 4386 praeteriens;
1415 4315 1612 4371 cteteri
1628 4331 1771 4372 vero
1783 4317 2000 4374 relictis
2019 4318 2135 4391 his,
2169 4358 2216 4414 D

470 4418 608 4476 quas
629 4417 818 4475 usque
836 4401 914 4458 ad
927 4400 1179 4474 sepulcri
1195 4400 1539 4472 ingressum
1550 4405 2059 4481 acciderant,quaa
2075 4410 2137 4467 in

472 4506 545 4549 eo
559 4490 717 4548 facta
727 4496 862 4548 sunt
874 4491 1440 4562 conscripserunt.Et
1452 4492 1561 4549 hoc
1572 4495 1827 4567 estquod
1839 4497 2136 4556 maximam

471 4579 700 4653 praebet
738 4594 862 4636 non
898 4578 1348 4636 advertentibus
1378 4580 1832 4640 haesitationem.
1860 4586 1954 4643 Ait
1974 4587 2135 4643 enim

472 4672 696 4727 Marcus
713 4685 726 4725 :
746 4669 820 4725 Et
831 4671 1112 4740 ingressas
1122 4669 1183 4725 in
1207 4677 1666 4743 monumentum,
1694 4674 1963 4731 viderunt
1992 4677 2136 4733 ado-

474 4757 850 4816 lescentulum
860 4757 1152 4816 sedentem
1164 4758 1229 4814 in
1240 4757 1486 4826 dextris,
1508 4761 1792 4819 amictum
1811 4764 1970 4820 stola
1997 4779 2136 4821 can-

470 4846 638 4918 dida,
658 4852 713 4903 et
738 4846 1181 4919 obstupuerunt.
1208 4846 1318 4905 Ille
1340 4854 1538 4905 autem
1554 4848 1696 4905 dicit
1714 4850 1794 4905 eis
1819 4865 1831 4907 :
1857 4851 1934 4908 Ne
1944 4852 2135 4909 obstu-

468 4935 932 5005 pescatisJesum
944 4935 1195 5008 quam'ti:
1203 4935 1586 4994 Nazarenam
1597 4939 1955 5008 cruciﬁxum
1977 4957 1989 4996 :
2004 4957 2134 4999 sur-

465 5022 777 5088 rexit,non
793 5029 875 5081 est
891 5023 1003 5080 hic.
1025 5025 1178 5081 Ecce
1192 5025 1356 5081 locus
1378 5025 1481 5081 ubi
1501 5035 1829 5096 posuerunt
1850 5042 2003 5086 eum.
2018 5031 2135 5089 Sed

462 5109 646 5167 abite:
670 5110 846 5168 dicite
882 5112 1192 5181 discipulis
1215 5114 1339 5183 ejus
1359 5121 1412 5170 et
1435 5114 1639 5184 Petro,
1660 5116 1815 5187 quod
1838 5120 2132 5186 praecedet

462 5212 558 5254 vos
570 5198 634 5254 in
656 5197 966 5255 Galilaeam
988 5217 1001 5255 :
1023 5200 1107 5255 ibi
1121 5215 1244 5257 eum
1261 5200 1704 5269 videbitis,sicut
1716 5205 1873 5262 dixit
1883 5207 2041 5265 vobis
2056 5209 2125 5264 ⁸⁵.

462 5284 623 5339 αὐτοῦ
707 5286 798 5339 καὶ
867 5295 938 5359 τῷ
1012 5291 1208 5364 Ηέτρῳ,
1294 5289 1374 5342 ὅτι
1457 5294 1677 5364 προάγει
1740 5294 1872 5366 ὑμᾶς
1927 5280 2013 5359 εἰς¹
2076 5283 2173 5358 τήν
2244 5296 2541 5353 Γαλιλαίαν.

461 5379 607 5447 υμὶν.

536 5473 584 5508 ³⁵
615 5473 907 5538 Marc.xvi,
957 5477 1010 5542 5,
1037 5479 1092 5529 7.

1819 318 2171 379 EUTHYMII
2210 316 2535 378 ZIGABENI

2182 1765 2229 1823 Β
2335 1765 2664 1861 Ἀποκριθεὶς
2744 1816 2812 1826 —
2896 1787 3061 1858 ὑμεῖς.

3756 325 3866 381 752

2333 454 2434 503 Καὶ
2464 452 2565 522 γὰρ
2598 448 2710 522 (8‘2)
2768 454 2858 501 καὶ
2905 449 3175 522 βασιλεὺς,
3227 448 3660 523 ἐπαγγειλάμενος
3713 449 3862 523 εύερ-

2258 544 2480 607 γετῆσαί
2526 558 2665 599 τινας
2712 538 2783 600 εἰς
2823 539 3013 612 ῥητήν,
3072 542 3286 613 ἡμέραν,
3346 536 3456 592 εἶτα
3500 542 3600 613 πρὸ
3665 542 3863 600 ταύτης

2262 626 2603 699 εὐεργετήσας
2661 628 2871 695 αύτούς,
2932 628 2991 680 οὗ
3044 633 3196 700 μόνον
3246 626 3510 703 ἐπλήρωσε
3558 633 3651 686 τήν
3702 626 3863 700 ἑπαγ-

2260 715 2453 787 γελίαν,
2520 715 2646 768 ἀλλὰ
2703 723 2793 769 καὶ
2844 718 3007 789 χάριν
3054 716 3211 774 ἄλλην
3253 715 3562 791 προσέθηκε,
3616 721 3712 776 τῆν
3762 725 3863 779 τῆς

2262 807 2583 876 ταχύτητος·
2663 802 2831 859 Ούδέν
2875 803 2935 858 δε
2980 806 3146 880 ἕτερον
3209 801 3545 858 ἐσπούδασαν
3604 802 3862 859 Ἰουδαῖοι

2263 896 2353 954 τὰς
2392 891 2692 967 σφραγῖδας
2742 893 3063 957 ἐπιϐαλόντες
3119 898 3210 947 καὶ
3261 898 3379 955 τούς
3420 894 3653 967 φύλακας
3692 915 3861 969 ιιιιάρα⁹

2263 984 2568 1043 καθίσαντες
2614 987 2645 1041 ἦ
2697 987 2755 1036 τό
2809 980 3225 1056 δημοσιευθῆναι
3267 988 3360 1041 τήν
3410 981 3722 1054 ἀνάστασιν,
3767 988 3863 1037 καὶ

2264 1074 2573 1145 μαρτυρηθῆ
2585 1091 2665 1124 θαι
2728 1076 2870 1146 παρὰ
2954 1080 3055 1124 τῶν
3134 1071 3371 1146 φυλάκων
3454 1072 3648 1129 αὐτῶν.
3723 1072 3860 1126 Ἀλλ’

2265 1158 2524 1214 ἐπανιτέον
2570 1160 2722 1214 πάλιν
2778 1164 2909 1236 πρὸς
2964 1165 3058 1219 τήν
3108 1159 3415 1213 ἀκολουθίαν
3470 1169 3567 1221 τῆς
3613 1168 3713 1212 τῶν
3768 1162 3864 1236 ῥη-

2264 1257 2362 1301 τῶν
2393 1249 2710 1322 ἐξηγήσεως.

2336 1338 2463 1391 Ἀπὸ
2518 1336 2577 1392 δὲ
2613 1347 2706 1392 τοῦ
2750 1338 2908 1412 φόϐου
2978 1370 3045 1379 -
3101 1342 3288 1412 νεκροί.
3351 1338 3480 1391 Ἀπὸ
3528 1346 3621 1392 τοῦ
3681 1337 3866 1412 φόϐου,

2263 1434 2356 1480 τοῦ
2415 1436 2633 1501 σεισμοῦ
2680 1446 2693 1458 ·
2740 1433 2901 1500 μέγας
2955 1430 3056 1503 γὰρ
3111 1425 3172 1487 ἦν
3204 1443 3217 1456 ⁶
3254 1428 3283 1486 ή
3314 1434 3407 1480 τοῦ
3436 1425 3678 1500 ἀγγέλου,
3708 1448 3871 1481 κατα-

2263 1517 2545 1579 πληκτικὸς
2644 1519 2747 1593 γὰρ
2830 1514 2911 1576 ἦν.
2990 1518 3338 1575 Ἐσείσθησαν
3405 1513 3484 1584 δε,
3563 1517 3676 1569 ἀντὶ
3749 1525 3869 1587 τοῦ,

2262 1606 2601 1681 Ἐτρὸμαξαν.
2661 1604 2794 1662 Εἶτα
2848 1606 3214 1678 ἀνανήψαντες,
3265 1609 3469 1679 ἔφυγον.
3511 1610 3602 1659 καὶ
3657 1610 3868 1679 γέγονεν

2263 1692 2419 1750 ἄδεια
2446 1704 2560 1760 ταῖς
2583 1696 2843 1769 γυναιξίν.

3162 1789 3248 1843 Μή
3331 1784 3593 1857 φοϐεῖσθε,
3678 1789 3863 1857 φησὶν,

2261 1876 2422 1946 ὑμεῖς.
2478 1873 2586 1927 ἀλλ’
2638 1874 2802 1942 οὗτοι,
2873 1870 3100 1944 δηλαδὴ,
3160 1875 3210 1925 οἱ
3257 1873 3478 1944 φύλακες
3543 1878 3633 1926 καὶ
3679 1874 3867 1935 πάντες

2261 1966 2311 2015 οἱ
2353 1962 2536 2037 ἐχθροὶ
2592 1971 2686 2015 τοῦ
2736 1968 2958 2038 Κυρίου.
3012 1970 3219 2036 Πρῶτον
3281 1964 3371 2034 μὲν
3433 1958 3522 2015 οὖν
3579 1960 3869 2025 ἀπήλλαξεν

2263 2051 2424 2114 αύτὰς
2473 2059 2564 2104 τοῦ
2625 2049 2778 2114 δέους
2857 2056 2945 2104 καὶ
2998 2050 3134 2123 λόγῳ
3208 2056 3298 2103 καὶ
3352 2057 3617 2123 σχήματι·
3687 2052 3870 2103 ἔπειτα

2260 2146 2379 2214 περὶ
2410 2149 2505 2204 τῆς
2537 2141 2872 2203 ἀναστάσεως
2902 2137 2936 2193 δ
2942 2139 3223 2212 ιαλίγεται.

2333 2226 2474 2282 Οἶδα
2528 2262 2596 2271 -
2629 2231 2852 2291 ζητεῖτε,
2910 2230 3022 2282 Ούκ
3070 2228 3452 2301 ἐπαισχύνεται
3482 2227 3644 2300 λέγων
3678 2226 3870 2280 ἕσταυ-

2259 2323 2482 2393 ρωμένον
2511 2323 2597 2372 τὸν
2641 2323 2904 2377 Δεσπότην
2943 2318 3120 2389 άύτοῦ,
3157 2314 3292 2371 διότι
3327 2325 3436 2379 τοῖς
3482 2321 3574 2391 μεν
3620 2320 3722 2392 πρὸ
3775 2316 3867 2369 αύ-

2257 2415 2350 2461 τοῦ
2401 2410 2799 2482 σταυρωθεῖσιν,
2862 2407 3096 2480 αἰσχύνη
3150 2409 3177 2459 6
3236 2410 3460 2479 σταυρὸς
3516 2403 3598 2465 ἦν.
3648 2406 3868 2478 ἔλεγχος

2258 2501 2325 2548 ὧν
2379 2505 2469 2558 τῆς
2505 2501 2824 2571 κακουργίας
2881 2496 3067 2548 αὐτῶν·
3137 2499 3304 2568 τούτῳ
3352 2492 3412 2548 δὲ
3465 2492 3596 2558 δόξα
3646 2494 3862 2568 μᾶλλον,

2259 2581 2528 2649 ἀπόδειξις
2579 2591 2646 2637 ὧν
2694 2594 2789 2647 τῆς
2835 2585 3125 2660 εὐεργεσίας
3181 2592 3278 2636 τῶν
3337 2583 3638 2660 ἀνθρώπων,
3671 2581 3745 2636 δι’
3790 2586 3867 2643 ἦα

2254 2682 2430 2727 τοῦτον
2450 2671 2623 2728 καταδ
2627 2671 2687 2728 εδ
2692 2679 2925 2738 ἰκασται.

2328 2765 2438 2818 Ούκ
2494 2796 2560 2805 -
2616 2766 2824 2839 Κύριος.
2879 2763 3068 2827 Εἰπὼν,
3130 2768 3300 2826 Δεῦτε,
3358 2758 3493 2814 ἴδετε
3546 2764 3630 2813 τὸν
3684 2764 3851 2813 τόπον

2256 2855 2384 2906 ὅπου
2437 2856 2598 2907 ἔκειτο
2648 2855 2673 2906 ό
2705 2857 2914 2926 Κύριος,
2970 2849 3230 2910 ἐδήλωσεν
3290 2852 3370 2904 ὅτι
3417 2846 3485 2902 δι’
3544 2849 3717 2917 αὐτὰς,
3759 2850 3850 2902 ἶνα

2257 2940 2464 3011 ἴδωσιν,
2499 2941 2777 2996 ἀπεκύλισε
2801 2946 2887 2995 τὸν
2907 2941 3068 2995 λίθον.

2334 3055 2432 3103 Καὶ
2463 3054 2605 3122 ταχύ
2653 3080 2722 3091 -
2753 3048 2959 3121 ὄψεσθε.
3012 3047 3291 3123 Προλάγει,
3327 3044 3441 3100 ἀντὶ
3467 3049 3580 3117 τόῦ,
3611 3044 3856 3119 Ηρολαμ-

2254 3138 2394 3192 ϐάνει
2451 3140 2611 3212 ὑμᾶς.
2695 3141 2896 3192 Κελεύει
2976 3134 3035 3191 δε
3109 3136 3298 3198 αύτούς
3359 3134 3595 3189 ἀπελθεῖν
3641 3134 3706 3195 εἰς
3754 3138 3851 3192 τὴν

2255 3227 2550 3294 Γαλιλαίαν,
2593 3227 2641 3280 ἕν
2694 3228 2932 3302 ᾖχωρὶς
2986 3225 3145 3300 φόϐου
3192 3235 3290 3279 τῶν
3341 3221 3611 3279 Ἰουδαίων
3649 3222 3847 3297 ἔμελλον

2251 3316 2485 3391 ἐντυχεῖν
2512 3319 2677 3388 αὐτῷ.

2323 3422 2462 3479 Ἰδοὺ
2516 3423 2654 3478 εἶπον
2711 3425 2851 3498 ύμῖν.
2904 3427 3026 3499 Περὶ
3072 3424 3276 3476 πάντων
3345 3418 3579 3482 δηλαδή.
3638 3419 3707 3474 Ἠ
3761 3423 3854 3473 καὶ

2249 3513 2449 3590 ἑτέρως,
2487 3512 2649 3582 Ἰδού,
2703 3512 3032 3587 παρήγγειλα
3086 3513 3227 3586 ύμῖν,
3279 3516 3399 3585 περὶ
3448 3519 3547 3564 τῶν
3582 3511 3850 3583 μαθητῶν.

2251 3607 2445 3657 Λοιπὸν
2500 3600 2610 3670 οὖν,
2690 3609 2762 3675 μὴ
2834 3602 3129 3676 ἀμελήσητε
3208 3609 3303 3662 τῆς
3353 3599 3727 3676 παραγγελίας.
3787 3596 3849 3651 Ὀ

2247 3695 2337 3764 μὲν
2389 3689 2477 3745 οὖν
2529 3692 2744 3765 ἄγγελος
2785 3692 2956 3757 οὗτος,
3012 3691 3105 3754 ἔξω
3162 3698 3253 3744 τοῦ
3305 3692 3467 3763 τάφου
3532 3692 3849 3762 καθήμενος,

2247 3781 2415 3835 ἐπάνω
2465 3786 2558 3834 τόῦ
2621 3781 2789 3848 λίθου,
2868 3784 2933 3833 τὰ
2984 3781 3208 3855 ῥηθέντα
3253 3798 3378 3854 προς
3450 3780 3541 3840 τὰς
3600 3785 3853 3850 γυναῖκας

2248 3868 2402 3927 εἶπεν.
2462 3872 2602 3924 Ἐπεὶ
2656 3867 2734 3937 δὲ,
2796 3869 2832 3923 δ
2835 3874 2865 3929 ὴ
2918 3869 3186 3942 τολμὼσας
3252 3867 3484 3941 ἒγγίσαε,
3544 3867 3853 3943 παρεκελεύ-

2249 3980 2378 4013 σατο
2407 3959 2649 4013 εἰσελθεῖν
2700 3958 2773 4020 εἰς
2823 3961 2911 4011 τὸν
2948 3960 3128 4030 τάφον
3171 3964 3324 4010 τοῦτο
3369 3959 3468 4030 γὰρ
3501 3954 3729 4029 ἐμφαίνει
3764 3958 3849 4021 τὸ,

2247 4051 2416 4115 Δεῦτε,
2502 4045 2642 4101 ἴδετε
2717 4051 2805 4101 τὸν
2886 4052 3041 4101 τόπον
3116 4048 3251 4100 όπαυ
3327 4049 3489 4099 ἔκειτο
3553 4045 3580 4097 ό
3634 4046 3848 4117 Κύριος·

2248 4136 2507 4196 εἰσῆλθον.

2320 4231 2422 4279 Καὶ
2476 4229 2502 4279 ὁ
2558 4230 2649 4299 μὲν
2705 4227 2989 4292 Ματθαῖος,
3047 4227 3116 4278 τὰ
3168 4228 3332 4299 μέχρι
3384 4231 3480 4285 τῆς
3520 4220 3855 4284 εἰσελεύσεως

2247 4314 2421 4382 εἰπὼν,
2480 4317 2548 4368 τὰ
2602 4318 2799 4378 ταύτης
2846 4310 3199 4389 παρέδραμεν
3251 4314 3277 4365 ὁ
3317 4308 3375 4365 δὲ
3426 4313 3637 4387 Μάρκος
3688 4315 3780 4363 καὶ
3821 4311 3852 4363 ό

2246 4410 2470 4472 Λουκᾶς,
2536 4408 2604 4458 τὰ
2650 4409 2814 4478 μέχρι
2892 4412 2983 4465 τῆς
3055 4402 3383 4464 εἰσελεύσεως
3445 4399 3849 4473 παραλιπόντες,

2244 4496 2310 4547 τὰ
2354 4496 2547 4556 ταύτης
2602 4496 2906 4568 ἱστόρησαν.
2975 4497 3076 4545 Καὶ
3125 4495 3274 4545 τοῦτό
3327 4488 3441 4542 ἔστι
3497 4492 3556 4541 τό
3613 4487 3853 4561 μάλιστα

2247 4586 2479 4656 παρέχον
2519 4590 2623 4645 τοῖς
2673 4587 2743 4655 μή
2799 4584 3135 4658 προσέχουσι
3164 4580 3258 4639 τήν
3289 4577 3532 4652 ἀπορίαν.
3574 4580 3710 4635 Φησὶ
3737 4577 3846 4649 γὰρ

2246 4674 2273 4725 ό
2324 4675 2557 4748 Μάρκος,
2612 4673 2692 4726 ὅτι
2770 4675 2871 4724 Καὶ
2952 4669 3281 4723 εἰσελθοῦσαι
3337 4667 3403 4729 εἰς
3459 4669 3519 4719 τὸ
3572 4670 3845 4739 μνημεῖον,

2246 4758 2385 4816 εἶδόν
2441 4766 2704 4815 νεανίσκον
2781 4760 3069 4832 καθήμενον
3149 4756 3197 4811 ἐν
3249 4764 3355 4818 τοῖς
3419 4751 3631 4822 δεξιοῖς,
3701 4771 3849 4827 περι-

2245 4849 2549 4924 ϐεϐλημένον
2641 4849 2828 4908 στολήν
2905 4847 3111 4908 λευκήν.
3223 4850 3314 4899 καὶ
3387 4842 3846 4917 ἔξεθαμϐήθησαν.

2241 4940 2300 4994 Ὀ
2368 4937 2428 4994 δὲ
2517 4939 2654 5013 λέγει
2726 4937 2933 5000 αύταῖς·
3011 4940 3100 4996 Μὴ
3207 4933 3569 5008 ἐκθαμϐεῖσθε,
3640 4932 3852 4991 Ἰησοῦν

2245 5030 2448 5092 ζητεῖτε
2524 5032 2613 5081 τὸν
2684 5027 3013 5100 Ναζαρηνὸν,
3089 5028 3177 5079 τὸν
3237 5023 3646 5096 ἐσταυρωμένον*
3727 5021 3857 5093 ἠγέ-

2239 5120 2363 5194 ρθη,
2421 5117 2516 5171 ούκ
2568 5119 2710 5171 ἔστιν
2775 5112 2899 5169 ὧδε.
2954 5110 3069 5169 Ἴδε
3117 5115 3145 5167 6
3198 5117 3370 5181 τόπος,
3441 5112 3570 5164 ὃπου
3658 5111 3855 5168 ἔθηκαν

2239 5207 2415 5262 αὐτόν.
2528 5205 2664 5261 Ἀλλ’
2775 5205 3020 5277 ὑπάγετε,
3122 5205 3298 5256 εἴπατε
3393 5206 3502 5263 τοῖς
3586 5200 3857 5277 μαθηταῖς

2634 5296 2773 5351 Ἐκεῖ
2871 5292 3026 5347 αὐτὸν
3133 5292 3343 5365 ὄψεσθε,
3449 5290 3622 5352 καθὼς
3714 5284 3857 5343 εἶπεν

1682 5577 1903 5647 Variae
1930 5581 2259 5653 lectiones
2290 5592 2358 5652 et
2397 5591 2600 5650 notae.

531 5684 646 5758 (82)
668 5683 795 5756 Καὶ,
822 5683 1013 5749 abest,
1056 5687 1127 5740 A.
