4170 6334
409 296 516 353 753
1379 299 1731 354 COMMENT.
1776 299 1843 352 IN
1883 296 2334 354 MATTHIEUM.
2376 329 2443 337 —
2473 299 2628 353 CAP.
2663 299 2904 355 XXVIII.
3681 303 3785 358 754

499 427 624 475 Επεὶ
687 441 787 496 γαρ
843 424 868 474 6
923 422 1018 486 ἔξω
1071 425 1356 495 καθήμενος
1429 423 1641 495 ἄγγελος
1719 423 2015 496 παρεκελεύ-

2200 421 2346 486 Quia
2375 421 2530 476 enim
2555 423 2606 476 is
2635 423 2738 494 qui
2769 424 2912 479 foris
2937 424 3178 481 sedebat
3205 424 3454 493 angelus
3486 441 3784 498 praecepe-

417 531 546 564 σατο
595 513 790 573 ταύτας
837 511 1099 576 εἰσελθεῖν,
1154 512 1480 564 εἰσελθοῦσαι
1531 513 1600 575 εἰς
1643 517 1700 564 τό
1745 520 2011 584 μνημεῖον,

2107 515 2214 566 .rat
2236 510 2318 564 eis
2340 510 2588 580 ingredi,
2620 511 2906 581 ingressae
2934 513 2992 569 in
3019 519 3474 570 monumentum
3509 513 3782 570 viderunt

417 598 554 654 εἶδον
612 601 777 674 ἕτερον
826 600 1062 672 ἄγγελον,
1107 604 1395 673 καθήμενον
1443 601 1490 654 ἐν
1533 611 1639 663 τοῖς
1695 599 1881 664 δεξιοῖς
1927 602 2015 654 αὖ·

2123 598 2368 654 alterum
2397 599 2676 670 angelum
2707 601 3016 657 sedentem
3049 619 3083 657 a
3108 607 3316 659 dextra
3347 602 3538 674 ipsius
3565 608 3732 674 parte
3762 621 3775 670 ;

417 697 510 742 τοῦ
567 694 767 763 μέρεσι,
841 695 951 754 καὶ,
1006 692 1076 752 ὡς
1130 691 1284 760 εἰκός,
1355 689 1802 764 ἐξεθαμϐήθησαν,
1876 690 2012 752 ἐξαί-

2121 693 2177 744 et
2208 693 2268 743 ut
2296 687 2613 746 verisimile
2639 695 2749 752 est,
2780 690 2908 745 viso
2938 697 3181 762 repente
3205 707 3275 748 eo
3302 691 3767 764 obstupuerunt.

417 797 540 850 φνης
589 776 910 850 ἐντυχοῦσαι
967 778 1126 850 αὐτῷ.
1159 779 1216 832 Ὀ
1269 777 1329 832 δὲ
1373 779 1506 851 λέγει
1552 779 1749 840 αὐταῖς·
1782 785 1867 838 Μή
1927 778 2012 831 ἐκ·

2120 781 2193 833 Αι
2232 776 2327 832 ille
2384 777 2532 832 dixit
2572 777 2654 832 eis
2689 799 2700 830 :
2744 779 2834 834 Ne
2884 779 3330 849 Obstupescatis,
3362 785 3475 836 etc.
3530 783 3592 836 Et
3625 781 3778 837 sicut

416 866 717 939 θαμϐεῖσθε,
777 873 867 921 καὶ
923 871 988 920 τὰ
1043 868 1183 932 ἑξῆς.
1242 869 1457 942 Ὀμοίως
1499 867 1557 922 6'";
1613 878 1683 940 τῷ
1731 868 1871 930 ἐκτὸς
1924 868 2012 941 ἀγ-

2117 865 2373 922 exterior
2403 866 2667 936 angelus,
2710 865 2792 922 ita
2839 874 2895 922 et
2921 867 3182 933 interior,
3222 870 3484 941 primum
3529 870 3772 943 quidem

410 956 562 1028 γέλῳ,
623 961 712 1009 καὶ
760 959 786 1009 6
839 956 996 1027 ἐντός,
1050 968 1249 1032 πρῶτον
1305 957 1614 1011 ἀπαλλάττει
1669 962 1857 1020 ταύτας
1918 965 2009 1010 τοῦ

2117 959 2358 1028 stupore
2385 971 2486 1010 eas
2518 955 2775 1021 liberat;
2817 956 3034 1012 deinde
3088 973 3160 1014 ea
3215 975 3340 1030 quin
3379 959 3453 1014 de
3510 975 3772 1016 resurre-

414 1044 682 1118 θάμϐους·
747 1048 924 1100 ἔπειτα
977 1052 1094 1122 περὶ
1147 1056 1240 1110 τῆς
1294 1046 1628 1110 ἀναστάσεως
1689 1045 2004 1120 διαλέγετσι.

2117 1043 2310 1100 ctione
2341 1050 2510 1100 erant
2539 1044 2792 1100 disserit.
2855 1047 2921 1102 Et
2953 1050 3110 1101 certe
3172 1044 3425 1102 exterior
3471 1047 3772 1103 timendus

415 1139 516 1188 Καὶ
554 1136 579 1186 6
627 1138 718 1208 μὲν
769 1135 930 1201 ἐκτὸς,
979 1135 1189 1210 φοϐερὸς
1238 1134 1319 1202 ἦν,
1371 1135 1466 1190 διὰ
1513 1142 1630 1198 τοὺς
1683 1137 1947 1210 ﬁlium;
1981 1138 2007 1189 6

2115 1137 2243 1188 erat
2289 1139 2526 1206 propter
2575 1133 2894 1200 custodes;
2953 1134 3198 1190 interior
3244 1149 3389 1191 vero
3461 1133 3592 1191 talis
3649 1150 3774 1192 non

411 1222 463 1276 δ’
510 1222 665 1291 ἐντὸς,
716 1225 773 1277 οὐ
831 1233 1082 1293 τοιοῦτος,
1134 1223 1227 1278 διὰ
1272 1229 1366 1288 τὰς
1415 1233 1686 1298 γυναῖκας.
1737 1231 1823 1279 Διὸ
1881 1227 2009 1279 ἐκεῖ-

2114 1226 2256 1287 erat,
2283 1227 2520 1294 propter
2551 1221 2854 1279 mulieres.
2887 1222 3028 1280 Ideo
3057 1222 3156 1280 illo
3186 1222 3434 1296 quidem
3469 1223 3617 1288 viso,
3652 1224 3773 1279 istae

410 1332 494 1365 νον
536 1316 626 1385 μὲν
677 1311 909 1380 ἰδοῦσαι,
943 1313 1273 1387 ἐφοϐήθησαν
1317 1316 1502 1369 αὗται·
1536 1324 1715 1369 τοῦτον
1761 1313 1820 1368 δὲ
1866 1313 2008 1368 ἰδοῦ-

2117 1311 2436 1366 timuerunt
2467 1327 2480 1377 ;
2512 1310 2627 1366 hoc
2658 1320 2860 1367 autem
2895 1312 3042 1377 viso,
3071 1311 3530 1385 obstupuerunt.
3571 1310 3769 1367 Nomi-

412 1419 502 1452 σαι
544 1400 993 1473 ἐξεθαμϐήθησαν,
1049 1407 1118 1457 T6
1152 1401 1229 1468 δε,
1276 1402 1384 1457 Ἴδε
1435 1407 1460 1456 6
1508 1410 1682 1466 τόπος,
1736 1404 1848 1456 ἀντὶ
1891 1413 2001 1470 τοῦ,

2113 1398 2287 1452 natim
2316 1403 2514 1454 autem
2550 1399 2787 1454 Petrum
2845 1399 3092 1466 addidit,
3128 1405 3192 1456 ut
3241 1399 3413 1456 sciret
3444 1399 3767 1456 remissum

409 1485 551 1542 Ἰδοὺ
595 1491 620 1542 6
665 1496 842 1554 τόπος.
893 1491 1174 1564 Ὀνομαστὶ
1222 1490 1280 1545 δὲ
1331 1497 1620 1567 προσέθηκε
1658 1498 1742 1545 τόν
1795 1497 2003 1565 Πέτρον,

2115 1486 2224 1541 sibi
2253 1502 2380 1542 esse
2422 1488 2586 1542 trinae
2614 1488 2946 1557 negationis
2975 1488 3235 1560 lapsum,
3271 1493 3514 1560 propter
3539 1487 3768 1544 ferven-

409 1580 493 1630 ἶνα
540 1587 665 1650 γνῷ,
716 1581 798 1632 ὅτι
842 1587 1251 1656 συγκεχώρηται
1281 1585 1337 1634 τό
1389 1584 1599 1654 σφάλμα
1645 1591 1739 1644 τῆς
1787 1582 2007 1656 τριπλῆς

2115 1581 2226 1630 tem
2269 1575 2697 1647 paenitentiam,
2732 1581 2787 1631 et
2814 1576 3137 1648 respiraret
3167 1594 3180 1632 :
3239 1577 3561 1649 absorptus
3590 1577 3769 1649 siqui-

413 1665 677 1740 ἀρνήσεως
735 1665 828 1722 διὰ
877 1675 970 1728 τήν
1029 1673 1220 1743 θερμήν
1276 1675 1567 1742 μετάνοιαν,
1627 1677 1716 1723 καὶ
1764 1670 2006 1724 ἀναπνεῦ-

2113 1664 2250 1719 dem
2281 1668 2408 1720 erat
2433 1665 2728 1720 immenso
2759 1681 3034 1721 maerore.
3063 1665 3298 1721 Addens
3325 1671 3527 1720 autem
3554 1683 3568 1720 :
3599 1665 3769 1722 Sicut

413 1775 503 1828 σῃ.
542 1761 639 1810 Καὶ
669 1759 769 1830 γὰρ
818 1757 1116 1812 ἑϐεϐὐθιστο
1161 1768 1221 1832 τῇ
1257 1759 1460 1833 ἀμέτρῳ
1493 1761 1648 1833 λύπῃ.
1701 1763 2005 1831 Ἐπαγαγὼν

2113 1752 2266 1808 dixit
2307 1753 2486 1817 vobis,
2527 1751 2758 1809 reduxit
2785 1753 2868 1807 eis
2900 1753 2979 1808 ad
3011 1754 3364 1809 memoriam
3416 1753 3476 1808 id
3516 1753 3679 1824 quod
3705 1753 3766 1809 in

412 1840 490 1910 δὲ,
526 1846 607 1897 ὅτι
652 1848 835 1909 Καθὼς
865 1844 999 1901 εἶπεν
1043 1849 1185 1920 ὑμῖν,
1219 1847 1498 1920 ἀνέμνησεν
1529 1849 1718 1910 αὐτοὺς
1765 1850 1824 1901 οὗ
1869 1850 2003 1901 εἶπεν

2119 1848 2315 1896 monte
2346 1840 2641 1896 Olivarum
2663 1840 2888 1897 dixerat
2913 1860 2926 1897 :
2949 1842 3267 1912 Postquam
3287 1847 3484 1897 autem
3507 1857 3768 1898 resurre-

408 1931 457 1986 ἓν
505 1942 576 2004 τῷ
609 1939 713 2007 (itm
763 1944 862 1988 τῶν
911 1936 1145 2004 Ἐλαιῶν,
1197 1940 1275 1990 ὅτι
1307 1941 1448 1991 Μετά
1489 1938 1548 1991 16
1596 1937 1865 2010 ἐγερθῆναι
1918 1957 2000 2010 με,

2111 1944 2277 1993 xero,
2308 1929 2636 1998 prmi-edam
2665 1945 2759 1984 vos
2789 1931 2852 1984 in
2894 1931 3225 1995 Galilaeam,
3259 1929 3411 1985 sicut
3448 1929 3594 1985 dixit
3619 1930 3762 1986 Mat-

406 2025 617 2096 προκξω
650 2027 784 2098 ὑμᾶς
815 2026 882 2088 εἰς
916 2032 1010 2086 τήν
1036 2027 1330 2095 Γαλιλαίαν,
1365 2033 1428 2090 ὡς
1460 2032 1630 2102 εἴρηκε
1671 2031 1934 2090 Ματθαῖος
1954 2027 2002 2080 ἐν
2115 2017 2304 2073 ίῙὶωιιε
2342 2017 2622 2073 Vica-“timo
2653 2021 2820 2073 εθΧίο
2849 2019 3044 2088 capite
3082 2018 3151 2072 "-

405 2120 478 2182 τῷ
510 2113 776 2185 ἓξηκοστῷ
807 2118 1032 2191 τετάρτῳ
1061 2117 1339 2190 κεφαλαίῳ.

476 2201 534 2254 Ὀ
601 2199 660 2256 δὲ
738 2209 944 2266 Λουκᾶς
1017 2206 1254 2279 ἔγραψεν,
1329 2208 1409 2259 ότι
1487 2211 1583 2259 Καὶ
1653 2206 1998 2274 εἰσελθοῦσαι,

2187 2231 2370 2285 Lucas
2401 2244 2542 2284 vero
2564 2227 2835 2300 scripsit:
2869 2230 2934 2284 Et
2953 2229 3234 2299 ingressu
3254 2243 3374 2284 non
3405 2227 3763 2285 invenerunt

405 2295 510 2362 οὐχ
559 2295 702 2366 εὖρον
751 2296 807 2345 τό
870 2302 1022 2365 σῶμα
1067 2302 1157 2346 τοῦ
1217 2299 1410 2368 Κυρίου
1464 2295 1659 2353 Ἰησοῦ.
1733 2301 1827 2348 Καὶ
1886 2295 2000 2367 ἐγέ-

2112 2333 2327 2387 corpus
2370 2317 2611 2373 Domini
2649 2295 2811 2374 .fesu.
2858 2317 2939 2372 Et
2963 2295 3200 2386 fectum
3247 2321 3332 2372 est
3388 2317 3530 2372 dum
3577 2322 3770 2373 mente

403 2397 514 2430 νετο
572 2379 636 2432 ἐν’
704 2389 776 2451 τῷ
831 2379 1201 2457 διαπορεῖσθαι
1261 2384 1416 2446 αὐτας
1472 2390 1589 2458 περὶ
1653 2387 1854 2450 τούτου,
1913 2391 2002 2438 καὶ

410 2464 463 2484 ’Ἀ
509 2472 518 2483 ι
650 2471 670 2482 μ
715 2466 736 2484 ἢ
919 2468 928 2484 ι
957 2475 967 2484 ι
1093 2471 1104 2482 ι
1161 2476 1171 2484 ι
1509 2474 1518 2484 ε
1598 2483 1608 2484 κ
1727 2474 1738 2484 ι
1859 2476 1866 2484 ι
1917 2477 1932 2484 Α
1960 2479 1969 2484 ρ

2111 2412 2501 2463 consternatae
2517 2412 2701 2462 essent
2725 2420 2904 2474 super
2933 2405 3065 2475 hoc,
3087 2410 3141 2461 et
3158 2419 3290 2461 ecce
3312 2405 3430 2460 duo
3454 2404 3570 2460 viri
3596 2411 3765 2462 stete-

407 2466 548 2533 ἰδοὺ,
634 2466 821 2544 ἄνδρες
907 2468 1002 2524 ὁῦο
1084 2471 1376 2530 ἐπέστησαν
1459 2474 1641 2535 αὑταῖς
1720 2474 1769 2526 ἐν
1847 2476 2000 2533 ἐσθή-

2109 2502 2254 2551 runt
2263 2499 2450 2564 juxta
2475 2496 2617 2550 itlas
2647 2495 2709 2550 in
2740 2466 2993 2550 vestibus
3015 2466 3487 2564 fulgurantibus.
3509 2493 3769 2565 Cumque

412 2575 555 2610 σεσιν
649 2560 1096 2633 ἀστραπτοῦσαις.
1207 2561 1472 2633 ἰ-Σμφόϐων
1574 2560 1632 2615 δὲ
1721 2567 2000 2634 γενομένων

2109 2560 2506 2652 expavissent,
2534 2589 2588 2640 et
2609 2583 2972 2640 declinarent
3000 2560 3231 2638 vultum
3254 2583 3315 2636 in
3337 2586 3581 2648 terram,
3603 2560 3766 2638 diue-

407 2647 594 2709 αὖτῶν,
627 2653 715 2699 καὶ
747 2647 1030 2701 κλινουσῶν
1073 2654 1129 2702 τὸ
1158 2655 1435 2722 πρόσωπον
1465 2651 1536 2712 εἰς
1578 2657 1673 2710 τήν
1707 2660 1826 2723 γῆν,
1863 2649 2000 2704 εἶπον

2109 2647 2253 2728 runt
2271 2673 2350 2729 ad
2369 2673 2511 2729 ittas
2531 2689 2542 2728 :
2562 2673 2716 2739 Quid
2727 2671 2992 2743 quaeritis
3007 2671 3292 2728 viventem
3311 2685 3442 2726 cum
3465 2647 3717 2726 mortuis
3737 2671 3766 2725 ?

404 2739 530 2810 πρὸς
569 2737 738 2798 αὑτάς
769 2743 831 2791 Τί
879 2740 1082 2800 ζητεῖτε
1128 2743 1214 2792 τὸν
1258 2740 1428 2800 ζῶντα
1456 2743 1586 2812 μετὰ
1628 2749 1727 2792 τῶν
1769 2750 1956 2814 νεκρῶν
1977 2760 1994 2812 ;

2107 2762 2169 2817 Ν
2169 2777 2243 2817 οη
2256 2768 2338 2818 est
2351 2763 2464 2825 hic,
2479 2737 2868 2818 sed—surrexit.
2883 2760 3227 2815 Mementote
3236 2758 3524 2829 quomodo
3539 2761 3766 2814 locutus

408 2824 648 2898 Ἠγέρθη,
712 2827 826 2898 (83)
890 2827 983 2880 οὐκ
1037 2832 1176 2881 ἔστιν
1233 2826 1354 2884 ὧδε.
1409 2831 1522 2899 (84)
1577 2832 1877 2896 Μνήσθητε,
1931 2833 2000 2894 ὡς

2107 2851 2182 2905 sit
2208 2850 2385 2919 vobis,
2415 2824 2547 2906 cum
2570 2848 2768 2904 adhuc
2787 2855 2931 2904 esset
2955 2848 3020 2903 in
3043 2824 3294 2904 Gatitaia
3309 2847 3510 2903 dicens
3537 2862 3558 2902 .·
3583 2846 3763 2915 Opor-

407 2916 648 2972 ἐλαλήσεν
687 2916 826 2987 ὑμῖν,
884 2919 958 2969 ἔτι
987 2921 1054 2968 ὧν
1095 2916 1142 2969 ὲν
1167 2927 1226 2990 τῇ
1281 2917 1546 2990 Γαλιλαία,
1593 2919 1750 2990 λέγων
1807 2922 1888 2972 ὅτι
1918 2927 2003 2973 Δεῖ

2111 2944 2189 2995 tet
2201 2916 2424 2994 Filium
2440 2939 2692 2994 hominis
2705 2937 2868 2993 tradi
2881 2938 2944 2992 in
2958 2950 3169 2992 manus
3184 2935 3487 2991 hominum
3499 2939 3767 3004 peccato-

406 3004 493 3052 τόν
555 3005 672 3054 Υἰόν
731 3012 821 3056 τοῦ
892 3003 1157 3078 ἄνθρωπον
1237 3004 1604 3078 πυραδοθῆναι
1675 3009 1746 3068 εἰς
1819 3017 1998 3084 χεῖρας

2110 3043 2265 3095 rum,
2299 3033 2353 3084 et
2378 3027 2662 3098 cruciﬁgi,
2692 3041 2764 3082 ac
2787 3025 2958 3082 tertio
2979 3025 3074 3082 die
3103 3039 3431 3095 resurgere.
3467 3003 3549 3079 Et
3570 3037 3764 3079 recor-

406 3092 684 3165 ἀνθρώπων
714 3093 1045 3168 ἁμαρτωλῶν,
1081 3101 1170 3148 καὶ
1211 3098 1595 3170 σταυρωθῆναι,
1624 3103 1712 3150 καὶ
1751 3106 1811 3170 τῇ
1845 3103 1996 3172 τρίτῃ

2110 3092 2268 3172 datae
2297 3123 2429 3172 sunt
2459 3092 2765 3172 verb-orum
2791 3115 2956 3170 illius
2986 3113 3062 3171 ⁸⁷.

402 3182 571 3254 ήμέρα
639 3180 948 3240 ἀναστῆναι.
1021 3189 1116 3236 Καὶ
1193 3183 1530 3256 ἐμνήσθησαν
1587 3194 1687 3238 τῶν
1751 3187 1998 3260 ῥημάτων
2039 3220 2082 3276 c

401 3289 582 3322 αυτόν.

471 3358 528 3413 Ὀ
585 3363 674 3432 μὲν
728 3363 828 3435 γὰρ
899 3363 1183 3434 καθήμενος
1238 3361 1286 3414 ἐν
1346 3369 1452 3424 τοῖς
1511 3359 1702 3425 δεξιοῖς
1763 3363 1994 3434 ἅγγελος,

2179 3361 2438 3433 Angelus
2471 3363 2662 3433 itaque
2687 3359 2790 3432 qui
2812 3358 3057 3416 sedebat
3083 3375 3120 3415 a
3148 3358 3394 3424 dextris,
3427 3357 3651 3430 quique
3678 3358 3756 3414 ad

406 3447 556 3499 εἰπὼν
620 3453 745 3522 πρὸς
799 3450 980 3510 αὐτὰς,
1034 3453 1135 3503 ὅσα
1190 3453 1400 3523 Μάρκος
1466 3450 1792 3523 ἀπήγγειλεν,
1847 3453 1996 3514 ὑπεξ-

2108 3469 2206 3508 eas
2229 3451 2455 3507 dixerat
2480 3466 2551 3506 ea
2575 3465 2709 3522 quae
2736 3447 2930 3504 retulit
2959 3448 3213 3513 Marcus,
3246 3446 3552 3519 disparuit.
3583 3445 3755 3512 Quod

404 3535 575 3602 ἢλθεν,
616 3540 641 3590 6
687 3544 777 3590 καὶ
835 3539 958 3591 αὐτὸ
1016 3542 1421 3612 παρασιωπηθεν
1473 3549 1545 3610 τῷ
1599 3548 1812 3615 Μαρκῳ,
1869 3544 1995 3613 μετὰ

2108 3542 2308 3605 etiam,
2337 3540 2481 3612 quia
2504 3557 2538 3594 a
2567 3541 2758 3595 Marco
2790 3537 3026 3592 silentio
3081 3536 3437 3608 praeteritum
3466 3540 3570 3600 est,
3613 3550 3752 3590 cum

404 3630 494 3676 καὶ
549 3634 647 3677 τῶν
715 3624 1047 3685 δηλωθέντων
1127 3630 1225 3680 ὑπὸ
1296 3636 1386 3680 τοῦ
1461 3635 1660 3692 έὶουκά,
1733 3630 1995 3703 παρέσχεν

2107 3631 2198 3686 his
2215 3646 2349 3701 quae
2371 3645 2406 3684 a
2434 3631 2584 3684 Luca
2605 3631 2845 3683 narrata
2865 3630 3020 3691 sunt,
3040 3623 3306 3680 similiter
3326 3623 3751 3679 obscuritatem

407 3716 594 3786 ὁμοίως
635 3714 875 3790 ἀπορίαν.
922 3717 1060 3770 Ἐπεὶ
1108 3714 1166 3769 δε
1213 3717 1317 3789 οὐχ
1365 3718 1507 3789 εὖρον
1557 3719 1712 3770 αὗται
1739 3722 1795 3770 τὸ
1846 3728 1997 3790 σῶμα

2107 3718 2346 3790 peperit.
2365 3718 2513 3772 Cum
2539 3721 2739 3771 autem
2760 3715 2909 3786 ipsae
2935 3728 3156 3784 corpus
3191 3711 3425 3768 Domini
3449 3711 3589 3766 Jesu
3631 3725 3754 3766 non

405 3812 498 3856 τοῦ
545 3810 736 3879 Κυρίου
786 3805 982 3871 Ἰησοῦ,
1036 3803 1323 3881 διηπόρουν
1371 3812 1488 3878 περὶ
1541 3807 1718 3876 αὑτοῦ,
1753 3813 1803 3859 τί
1850 3811 1995 3878 7676-

2107 3806 2490 3870 invenissent,
2522 3807 2883 3874 expaverunt
2912 3801 3262 3870 cogitantes,
3288 3799 3434 3871 quid
3461 3799 3535 3854 de
3565 3814 3636 3854 eo
3667 3798 3753 3854 fa-

404 3912 520 3946 νιν·
581 3897 722 3945 οῦπω
792 3897 892 3968 γὰρ
958 3891 1214 3952 ἠδύναντο
1265 3898 1543 3960 πιστεύειν,
1617 3898 1696 3948 ὅτι
1767 3895 1994 3954 ἀνέστηι

2108 3901 2270 3952 ctum
2297 3898 2467 3949 esset.
2502 3892 2774 3950 Nondum
2799 3891 2960 3947 enim
2998 3889 3237 3945 credere
3275 3891 3549 3960 poterant
3586 3886 3752 3958 quod

404 3984 542 4034 οὕτω
597 3979 656 4034 δε
704 3980 1135 4056 διαπορουμέναις
1179 3983 1469 4042 ἐπέστησαν
1516 3985 1699 4047 αὐταῖς
1745 3987 1794 4037 οἱ
1841 3984 1999 4060 προρ-

2107 3983 2519 4041 resurrexisset
2551 3999 2564 4047 ;
2615 3981 2694 4036 ita
2722 3978 3113 4036 consternatis
3165 3977 3311 4048 ipsis
3342 3978 3753 4047 apparuerunt

402 4073 638 4146 ῥηθέντες
696 4068 792 4124 δύο
843 4073 1072 4144 οἰγγελοι,
1127 4075 1180 4125 ὃν
1236 4093 1290 4125 τε
1343 4070 1481 4126 εἶδον
1521 4074 1615 4136 ἔξω
1671 4082 1761 4126 τοῦ
1811 4077 1995 4146 τάφου,

2108 4075 2225 4129 duo
2257 4071 2520 4144 praedicti
2546 4069 2764 4139 angeli,
2797 4067 2922 4123 etis
2953 4065 3227 4122 videlicet
3251 4079 3428 4136 quem
3463 4067 3630 4119 extra
3668 4077 3756 4118 se-

403 4165 495 4213 καὶ
545 4163 597 4212 ὃν
650 4160 926 4214 ἐθεάσαντο
979 4157 1124 4214 ἔνδον
1182 4161 1359 4231 αὐτοῦ,
1411 4165 1996 4235 μετασχηματισθέιτες

2107 4162 2375 4235 pulcrum
2415 4160 2701 4221 viderant,
2730 4160 2786 4213 et
2814 4171 2996 4227 quem
3037 4154 3096 4208 in
3128 4153 3258 4224 ipso
3298 4155 3753 4224 conspexerant,

404 4249 452 4302 ἓν
502 4248 779 4308 ἐσθήσεσιν
829 4249 1274 4323 ἁστραπτούσαις,
1336 4254 1418 4303 ἵνα
1452 4257 1540 4304 καὶ
1597 4253 1784 4324 μᾶλλον
1845 4255 1998 4324 οἶγγε-

2107 4249 2514 4320 transfigurati
2531 4248 2591 4302 in
2611 4245 2877 4301 vestibus
2897 4241 3358 4313 fulgurantibus,
3379 4244 3443 4296 ut
3469 4239 3650 4296 etiam
3676 4239 3756 4295 ob

402 4340 484 4391 λοι
531 4347 663 4392 Θεοῦ
708 4335 926 4407 δόξωσι,
980 4348 1050 4410 τῷ
1087 4336 1258 4412 ῥᾳὸίῳ
1303 4349 1394 4391 τοῦ
1438 4350 1992 4414 μενασχηματισμοῦ·

2109 4339 2490 4412 splendorem
2507 4337 2596 4408 (η)
2611 4331 3149 4391 transformationis
3162 4329 3421 4400 apertius
3446 4328 3640 4398 angeli
3655 4327 3757 4383 Dei

2107 4429 2466 4484 viderentur.
2501 4427 2648 4480 Cum
2691 4425 2890 4478 autem
2938 4435 3098 4476 novo
3129 4422 3372 4490 aspectu
3424 4416 3755 4472 conterritus

2108 4521 2320 4581 essent,
2355 4531 2464 4570 nec
2493 4515 2740 4585 possent
2781 4510 2860 4566 ob
2889 4508 3144 4564 vestium
3189 4505 3664 4562 coruscationem
3695 4505 3755 4558 in

406 4565 582 4588 ντ---η
773 4565 842 4590 Γπ.
1258 4565 1454 4590 ,νη-ημ-
1523 4565 1593 4579 -ντ
1643 4565 1845 4586 unus,
1909 4565 1996 4571 νη-

399 4611 457 4658 τὸ
527 4615 626 4658 τῶν
700 4605 932 4664 ἐσθήτων
989 4606 1099 4676 (85)
1169 4604 1584 4679 ἀστραπηϐό).ον,
1662 4605 1798 4659 εἷπον
1874 4611 1997 4681 πρὸς

2110 4565 2320 4581 --___-,
2357 4565 2461 4570 -η
2499 4565 2735 4585 τμηην
2793 4565 2805 4566 ,

2107 4623 2208 4662 eos
2237 4605 2548 4676 respicere,
2578 4601 2854 4656 dixerunt
2877 4597 2956 4653 ad
2995 4612 3097 4651 eas
3135 4609 3256 4650 non
3279 4594 3407 4664 jam
3442 4596 3754 4648 mansuete

400 4696 583 4759 αὑτὰς,
640 4695 809 4748 οὐκέτι
877 4698 1070 4769 πράως,
1133 4697 1200 4756 ῶς
1266 4699 1530 4770 πρότερον,
1606 4696 1712 4747 ἀλλ’
1779 4696 1995 4755 ἐπιπλη-

2108 4700 2167 4750 ut
2193 4693 2376 4765 prius,
2427 4689 2532 4746 sed
2561 4683 2924 4757 objurgandi
2953 4681 3136 4736 modo
3161 4768 3168 4770 Α
3195 4684 3434 4770 propter
3485 4680 3752 4750 ipsarum

401 4793 610 4848 κτικῶς,
644 4781 736 4836 διὰ
764 4789 858 4842 τήν
898 4783 1148 4836 ἀπιστίαν
1180 4783 1348 4836 αὐτῶν
1373 4801 1385 4813 ’
1419 4788 1482 4836 Τί
1517 4787 1712 4847 ζητεῖτε
1751 4788 1835 4836 τὸν
1869 4786 2000 4845 ζῶν-

2107 4779 2627 4840 incredulitatem:
2679 4775 2751 4832 Ut
2790 4771 2935 4844 quid
2986 4768 3244 4841 quaeritis
3295 4770 3574 4823 viventem
3623 4781 3755 4822 cum

404 4891 470 4924 τα
530 4875 660 4944 μετα
743 4881 841 4924 τῶν
904 4882 1114 4945 νεκρῶν,
1178 4876 1361 4944 ἤγουν,
1426 4875 1493 4935 ὡς
1564 4878 1771 4947 νεκρόν;
1834 4882 1998 4928 Τοῦτο

2109 4870 2409 4928 mortuis?
2457 4872 2746 4936 tanquam
2786 4859 3059 4917 videlicet
3097 4860 3403 4912 mortuum
3427 4855 3455 4908 ?
3503 4859 3650 4912 Nam
3695 4855 3756 4911 id

404 4427 634 4500 ἐμφόϐων
707 4425 766 4481 δὲ
821 4433 1098 4500 γενομένων
1171 4428 1360 4491 αὐτῶν,
1416 4429 1498 4482 ἐπὶ
1565 4439 1634 4498 τῷ
1687 4440 1846 4501 καινῲ
1907 4441 1996 4490 τῆς

400 4518 582 4588 ὄψεως,
631 4523 720 4570 καὶ
773 4523 844 4590 μὴ
908 4514 1202 4589 δυναμένων
1258 4517 1463 4590 βλέπειν
1522 4519 1594 4579 εἰς
1641 4519 1845 4586 αὐτοὺς,
1906 4517 1996 4571 δια

478 4995 525 5029 ⁸⁸
557 4995 753 5050 Matth.
790 5011 940 5062 xxvn,
996 4999 1082 5050 32.
1161 4997 1208 5030 ⁸⁷
1235 4995 1372 5050 Luc.
1397 5011 1551 5062 XXIV,
1584 4995 1697 5050 3-8.

1643 5147 1870 5214 Variae
1901 5147 2228 5214 lectiones
2271 5149 2336 5208 et
2367 5147 2569 5205 notae.

475 5315 590 5458 (se;
629 5314 890 5406 fin/afen,
905 5313 1094 5379 abest,
1123 5317 1189 5394 Α,

477 5389 566 5458 (84
645 5385 746 5439 Αλλ
795 5387 1016 5458 ηγερθη,
1046 5384 1234 5453 addit,
1263 5389 1331 5440 Α.

2192 5310 2308 5380 (85)
2349 5307 2403 5360 Ἀ
2414 5307 2617 5380 στραπή
2627 5300 2793 5366 ϐολον,
2845 5306 2881 5352 Α

477 5384 590 5459 (84)
629 5384 763 5439 Ἀλλ’
795 5386 1016 5458 ἠγέρθη,
1046 5384 1234 5453 addit,
1263 5389 1331 5440 Α.

480 5566 563 5637 (n)
591 5564 675 5620 0b
705 5563 1100 5633 splendorem.
1134 5561 1222 5618 Ob
1247 5560 1610 5629 facilitatem,
1643 5562 2022 5620 celeritatem.
2051 5559 2260 5616 Nescio
2293 5571 2439 5613 sane
2477 5553 2619 5627 quid
2649 5551 2854 5623 legerit
2881 5548 3190 5618 interpres,
3251 5544 3418 5604 Forte
3473 5549 3545 5612 τῷ
3575 5541 3770 5612 ὡραίῳ»

409 5657 541 5712 loco
570 5663 644 5726 εῷ
669 5650 841 5729 ραδιῳ
855 5697 867 5710 .
