4170 6334
405 290 510 344 757

1353 288 1707 345 COMMENT.
1750 291 1818 345 IN
1858 290 2291 347 MATTHXEUM.
2332 323 2401 331 —
2432 293 2587 349 CAP.
2618 293 2869 349 XXVIII.

3663 298 3768 354 758

404 424 547 477 κρῆς.
600 416 848 474 Ἐλάλησε
905 412 984 483 δὲ,
1037 417 1118 467 ἶνα
1173 416 1404 488 μάλιστα
1456 421 1786 488 γνωρίσωσιν
1826 417 1977 469 αὐτόν

2114 418 2191 474 ad
2221 417 2571 473 habendum
2602 435 2941 476 maerorem.
2972 421 3231 477 Locutus
3261 425 3351 477 est
3390 424 3612 486 autem,
3638 428 3701 477 ut
3729 436 3767 478 a

405 504 508 558 ἀπὸ
562 514 651 565 τῆς
704 512 892 577 φωνῆς,
945 510 1035 555 καὶ
1093 507 1121 562 ἡ
1186 511 1366 578 πρώτη
1418 510 1554 578 φωνὴ
1616 505 1775 557 αὐτοῦ
1828 512 1976 579 χαρᾶ

2113 522 2256 562 voce
2290 507 2481 576 magis
2512 514 2939 577 cognoscerent
2967 526 3107 565 eum
3137 526 3150 577 ;
3186 513 3242 566 et
3272 510 3462 581 prima
3488 510 3616 580 ejus
3648 525 3764 566 vox

405 594 719 666 εὐαγγέλιον.

476 686 540 736 Αἱ
594 714 663 723 -
719 682 882 753 αύτῷ,
928 685 991 736 Αἱ
1032 686 1122 754 μὲν
1160 682 1216 734 ἐκ
1268 685 1428 735 πόθου
1474 687 1562 735 καὶ
1610 690 1764 755 τιμῆς
1792 686 2000 745 τούτους

2109 593 2311 650 laetum
2344 594 2548 664 gaudii
2580 597 2850 653 nuntium
2887 597 3012 654 fuit.

2180 685 2338 738 Vers.
2371 688 2421 739 9.
2458 685 2589 739 Illae
2618 715 2687 725 —
2722 702 2871 741 eum.
2914 686 3030 743 Illa
3068 686 3313 758 quidem
3353 702 3426 742 ex
3463 685 3761 745 desiderio

402 772 520 845 (96)
592 771 911 845 ἐκράτησαν·
981 773 1007 821 ό
1075 768 1134 824 δὲ
1203 772 1297 824 οὐκ
1368 770 1684 842 ἀπεκὼλυσε,
1752 777 1977 845 παρέχον

2107 776 2163 827 et
2201 772 2527 828 reverentia
2562 773 2674 828 hos
2712 777 3073 831 tenuerunt:
3114 775 3243 846 ipse
3280 789 3421 833 vero
3460 789 3586 833 non
3626 790 3760 848 pro-

398 862 861 936 nlnp'JpopnOﬁvm
893 857 987 913 διὰ
1010 869 1105 922 τῆς
1129 860 1284 932 ἁφῆς,
1308 863 1389 914 ὅτι
1421 860 1514 913 οὐκ
1543 862 1656 913 ἔστι
1686 862 1887 934 φάσμα.

468 1042 595 1091 Τότε
634 1067 692 1077 -
723 1036 996 1110 φοβεῖσθε.
1061 1037 1223 1090 Πάλιν
1267 1041 1356 1089 καὶ
1385 1036 1542 1099 αὐτὸς
1567 1040 1626 1089 τό
1675 1033 1793 1100 δέος
1826 1038 1994 1091 αὐτῶν

398 1126 512 1199 (97)
576 1125 805 1179 ἐκϐάλλει
859 1134 1081 1200 πρῶτον·
1148 1122 1260 1178 εἶτα
1319 1125 1661 1199 παραγ-γέλλει
1715 1132 1832 1199 περὶ
1896 1136 1994 1181 τῶν

397 1217 661 1289 μαθητῶν,
738 1214 981 1287 βεϐαιῶν,
1058 1216 1138 1267 ὅτι
1204 1214 1415 1286 ἄγγελοι
1481 1222 1642 1268 αὑτοῦ
1719 1212 1875 1284 ἦσαν,
1944 1217 1995 1268 οἱ

393 1308 732 1379 προφανέντες
751 1308 839 1356 καὶ
868 1303 978 1375 (98)
1014 1308 1579 1378 προπαραγγείπαντες.

465 1393 711 1464 Ὑπάγετε
754 1424 818 1433 --
890 1391 1126 1462 ὄψονται.
1195 1399 1321 1454 Ταῖς
1393 1393 1625 1464 γυναιξὶν
1685 1392 1993 1455 ἀποστόλοις

391 1481 664 1556 ἐχρήσατο
694 1484 825 1551 πρὸς
862 1484 982 1542 τοὺς
1033 1479 1375 1546 ἀποστόλους,
1426 1487 1650 1553 τιμήσας
1694 1486 1752 1534 τὸ
1799 1481 1990 1554 6:73p.»-

394 1572 475 1623 θεν
520 1575 662 1641 γένος
724 1570 778 1621 ἐκ
834 1578 930 1631 τῆς
997 1568 1196 1630 ἀπάτης
1268 1578 1360 1621 τοῦ
1413 1574 1589 1641 ὄφεως.
1644 1575 1743 1623 Καὶ
1807 1567 1986 1630 ἐπειδὴ

378 1658 553 1711 ππάλαι
604 1662 732 1729 γυνὴ
791 1661 966 1729 ’γέγονε
1020 1665 1091 1728 τῷ
1145 1655 1300 1732 ἀνδρὶ
1359 1655 1602 1721 διάκονος
1647 1659 1833 1726 λύπης,
1898 1667 1987 1712 νῦν

389 1755 627 1819 γυναῖκες

391 1834 669 1908 Ἀδελφούς
726 1834 783 1889 δὲ
836 1840 956 1898 τοὺς
1000 1835 1317 1897 ἀποστόλους
1380 1841 1817 1910 προσηγόρευσεν.
1875 1838 1987 1909 οἶμα

387 1929 480 1998 μὲν
533 1922 628 1978 διὰ
689 1930 783 1984 τὴν
840 1924 1249 2000 ἐνανθρὼπησιν.
1316 1922 1528 1997 ἀδελφόὶ
1592 1929 1694 1998 γὰρ
1758 1924 1983 1984 ἀλλήλων

385 2014 606 2076 ἅπαντες
636 2015 915 2089 ἄνθρωποι.
942 2014 1051 2086 ἅμα
1082 2011 1141 2067 δὲ
1170 2019 1259 2066 καὶ
1285 2017 1413 2089 πρὸς
1437 2018 1599 2087 τιμὼν
1625 2014 1811 2069 αὐτῶν.

457 2186 819 2256 Πορευομένων
877 2178 936 2234 δὲ
991 2181 1159 2233 αὐτῶν
1204 2213 1273 2222 -
1318 2184 1385 2234 τὰ
1429 2186 1693 2253 γενόμενα.
1748 2181 1815 2234 Οἱ
1868 2182 1980 2253 (99)

382 2271 796 2343 καταλειφθέντες
850 2271 973 2345 παρ’
1028 2270 1099 2342 (ί)
1152 2271 1292 2342 αύτῷ
1342 2270 1581 2344 φύλακες,
1627 2272 1656 2330 ἦ
1702 2273 1755 2324 οἱ
1800 2269 1982 2329 ἐπιση-

377 2364 587 2432 μότεροι
616 2361 831 2414 τούτων.

453 2452 553 2502 Καὶ
634 2480 699 2489 -
781 2452 1130 2520 κοιμωμένων.
1224 2453 1478 2521 Πρότερον

378 2540 465 2590 τόν
515 2542 660 2610 φόνον
691 2536 873 2603 αὐτοῦ,
923 2545 1011 2589 νῦν
1053 2534 1111 2590 δὲ
1154 2538 1402 2590 ὠνοῦνται
1448 2542 1539 2591 καὶ
1594 2542 1687 2595 τὴν
1740 2537 1981 2597 ἀληθειαν

1555 2451 1647 2521 μὲν
1716 2450 1817 2507 εἴ)νή
1829 2468 1981 2501 σαντο

379 2634 477 2689 τῆς
521 2625 853 2689 ἀναστάσεως
886 2624 1061 2689 αᾶτοῦ,
1097 2632 1186 2678 καὶ
1215 2633 1441 2680 πατοῦσι
1488 2629 1546 2678 τό
1589 2625 1774 2678 οἰκεῖον
1808 2646 1981 2679 συνει-

381 2711 496 2782 δός,
529 2719 618 2767 καὶ
647 2711 771 2766 ούδε
800 2717 919 2776 τούς
960 2713 1191 2786 φύλακας
1235 2711 1529 2779 αἰδοῦνται,
1571 2722 1981 2788 κακουργοῦντες

379 2808 467 2855 καὶ
501 2801 939 2874 συγχαλύπτοντες
965 2806 1053 2874 μὲν
1085 2807 1177 2862 τὴν
1210 2801 1302 2861 ἀλὴ
1314 2805 1471 2869 θειαν,
1503 2802 1805 2863 πλάττοντες
1831 2799 1890 2856 δὲ
1917 2805 1976 2856 τὸ

377 2887 593 2962 ψεῦδος,
641 2895 730 2942 καὶ
776 2896 1038 2965 χρώμενοι
1085 2895 1268 2945 τούτου
1316 2890 1390 2963 (2)
1436 2887 1695 2951 διακόνοις
1742 2897 1850 2956 τοῖς
1897 2892 1974 2964 (3)

377 2979 571 3041 ἐκείνης
607 2978 685 3051 (4)
714 2982 994 3053 μάρτυσιν.

2105 859 2320 925 hibuit,
2350 864 2646 932 praestans
2678 865 2743 917 ut
2766 876 2872 934 per
2902 866 3125 920 tactum
3153 863 3432 920 certiores
3458 862 3759 921 efﬁceren-

2106 952 2219 1013 tur,
2249 948 2416 1021 quod
2440 949 2803 1021 phantasma
2827 965 2950 1006 non
2980 955 3152 1007 esset.

2174 1038 2338 1093 Vers.
2372 1038 2458 1093 10.
2491 1040 2655 1095 Tunc
2674 1068 2744 1080 —
2768 1040 2982 1097 timete.
3008 1041 3265 1097 Rursum
3288 1044 3343 1096 et
3361 1040 3487 1113 ipse
3510 1055 3755 1113 quoque

2102 1126 2325 1197 repellit
2340 1127 2536 1198 primo
2553 1128 2828 1184 timorem
2848 1143 3079 1194 earum,
3111 1127 3328 1184 deinde
3352 1128 3428 1184 de
3446 1128 3755 1202 discipulis

2104 1215 2372 1287 praecipit
2404 1232 2415 1270 :
2444 1219 2814 1273 conﬁrmans
2838 1232 3006 1283 suos,
3040 1217 3225 1275 fuisse
3250 1215 3494 1285 angelos
3518 1231 3621 1273 eos
3648 1216 3756 1289 qui

2102 1304 2266 1375 prius
2294 1309 2719 1376 apparuerant,
2745 1308 2807 1360 et
2833 1306 3049 1362 eadem
3081 1308 3499 1377 praeceperant.

2172 1389 2334 1443 Vers.
2372 1389 2456 1443 10.
2489 1389 2578 1445 Ite
2613 1420 2665 1429 -
2702 1389 2997 1446 videbunt.
3026 1390 3361 1446 Mulieribus
3385 1405 3497 1461 pro
3518 1393 3755 1462 aposto-

2097 1474 2171 1532 lis
2194 1492 2339 1532 usus
2365 1482 2451 1533 est
2485 1477 2563 1533 ad
2592 1478 2918 1550 apostolos,
2943 1479 3248 1535 honorans
3270 1493 3458 1550 genus
3487 1478 3653 1551 quod
3682 1493 3754 1541 ex

2096 1566 2387 1638 serpentis
2414 1567 2757 1623 seductione
2781 1566 3005 1623 infame
3031 1566 3255 1624 factum
3277 1567 3487 1623 fuerat.
3520 1569 3589 1623 Et
3609 1568 3754 1640 quia

2095 1654 2239 1710 olim
2271 1654 2481 1710 mulier
2505 1654 2627 1711 viro
2659 1654 2814 1712 facta
2842 1659 2932 1711 est
2961 1654 3236 1712 ministra
3265 1655 3558 1722 mceroris,
3592 1671 3753 1712 nunc

709 1751 940 1818 γίνονται
1005 1755 1111 1807 τοῖς
1181 1744 1408 1822 ἀνδράσι
1491 1745 1725 1801 διάκονοι
1789 1754 1977 1822 χαρᾶς.

2101 1743 2372 1799 mulieres
2401 1743 2551 1799 ﬁunt
2589 1743 2737 1800 viris
2776 1745 3059 1801 ministra;
3081 1744 3307 1815 gaudii,
3341 1746 3567 1800 Fratres
3608 1761 3750 1803 vero

2090 1832 2416 1904 appellavit
2444 1832 2768 1903 apostolos.
2796 1833 2974 1889 simul
3004 1833 3248 1905 quidam
3287 1837 3532 1905 propter
3560 1833 3751 1895 incar-

2088 1921 2439 1980 nationem:
2481 1920 2692 1976 fratres
2731 1920 3030 1994 siquidem
3069 1926 3208 1977 sunt
3243 1921 3397 1977 inter
3434 1937 3499 1976 se
3536 1927 3749 1978 mutuo

2088 2025 2298 2065 omnes
2334 2008 2651 2080 homines;
2692 2008 2870 2065 simul
2909 2008 3088 2066 etiam
3126 2010 3207 2065 ad
3246 2009 3542 2069 honorem
3581 2009 3750 2081 ipso-

2090 2114 2247 2155 rum.

2162 2187 2321 2240 Vers.
2338 2185 2399 2239 11
2412 2227 2425 2240 .
2443 2185 2569 2241 Illis
2586 2191 2785 2242 autem
2794 2184 3141 2245 abeuntibus
3154 2212 3219 2227 --
3233 2184 3746 2257 quaedde

2094 2274 2363 2341 Quidam,
2381 2274 2419 2330 ii
2439 2274 2727 2340 videlicet,
2742 2274 2846 2347 qui
2859 2274 2937 2331 ab
2950 2274 3322 2339 eiscustodss
3334 2273 3518 2333 relicti
3540 2278 3711 2338 erant
3729 2290 3742 2330 :

2089 2364 2204 2431 vel,
2236 2364 2340 2436 qui
2363 2380 2436 2419 ex
2462 2364 2543 2418 eis
2568 2364 2923 2434 insigniores
2948 2366 3138 2425 erant.

2161 2456 2320 2509 Vere.
2351 2457 2432 2509 l2.
2456 2453 2537 2509 Et
2562 2483 2632 2494 —
2652 2453 2817 2509 Vers.
2848 2456 2928 2511 i3.
2954 2451 3400 2511 dormientibus.
3428 2451 3596 2509 Prius
3616 2451 3748 2525 qui-

2090 2541 2225 2598 dem
2249 2546 2522 2598 emerunt
2544 2540 2771 2598 eadem
2801 2542 2954 2612 ejus,
2984 2555 3146 2599 nunc
3167 2556 3309 2597 vero
3331 2541 3511 2601 etiam
3539 2541 3749 2597 verita-

2088 2635 2208 2687 tem
2237 2635 2443 2687 emuut
2472 2630 2924 2686 resurrectionis
2972 2629 3157 2694 illius,
3181 2633 3239 2685 et
3264 2630 3570 2702 propriam
3600 2644 3744 2685 con-

2087 2720 2325 2776 culcaut
2362 2718 2791 2775 conscientiam
2825 2741 2838 2772 :
2871 2734 2980 2773 nec
3011 2718 3192 2789 pudet
3224 2717 3387 2789 ipsos
3415 2718 3741 2788 depravare

2088 2810 2383 2875 custodes,
2413 2808 2517 2863 sed
2546 2806 2738 2864 efﬁcto
2766 2806 3087 2863 mendacio
3116 2805 3297 2861 simul
3321 2821 3461 2863 cum
3485 2806 3569 2861 eis
3593 2805 3741 2861 veri-

2084 2901 2266 2953 tatem
2322 2897 2641 2962 occultant,
2694 2899 2925 2952 utentes
2976 2894 3055 2953 iis
3109 2893 3211 2967 qui
3259 2893 3520 2955 veritatis
3558 2897 3739 2953 testes

2081 2989 2271 3052 erant,
2305 2990 2368 3042 ut
2396 2985 2692 3049 mendacii
2713 2984 2924 3043 ﬁerent
2935 2982 3206 3041 ministri.

451 3082 552 3130 Καὶ
605 3106 676 3119 -
725 3082 1029 3149 ποιήσομεν.
1086 3081 1299 3130 Πείσετε
1349 3077 1525 3143 αὐτόν,
1604 3080 1670 3138 ὡς
1729 3078 1974 3141 εὐεξαπά-

2155 3074 2319 3131 Vers.
2366 3074 2450 3129 14.
2490 3073 2568 3130 Et
2611 3102 2682 3115 --
2730 3073 3039 3142 faciemus.
3080 3070 3519 3135 Persuadebilis
3555 3070 3630 3142 ei,
3672 3074 3738 3129 ut

372 3186 550 3225 τητον.
621 3165 682 3219 Εἰ
731 3168 833 3239 γὰρ
895 3167 1153 3238 σταθηρὸς
1207 3165 1367 3231 ἐστιν,
1448 3166 1542 3220 ούιι
1615 3166 1676 3218 ἆν
1736 3172 1969 3226 πείσητε.

374 3251 584 3329 Σφόδρα
632 3258 734 3328 γὰρ
779 3253 1024 3317 ἀπίθανος
1081 3256 1107 3306 ό
1158 3254 1309 3325 λόγος
1339 3256 1500 3326 ὑμῶν.
1546 3260 1608 3308 Τὶ
1645 3257 1746 3328 γὰρ
1786 3252 1974 3329 κερδᾶ-

372 3365 465 3397 και
510 3344 769 3415 μέλλοντες
816 3343 1033 3414 ἔκλεψαν
1099 3343 1159 3394 ἆν
1217 3342 1408 3409 αύτόν;
1438 3350 1556 3405 Πῶς
1612 3340 1671 3396 δε
1726 3343 1804 3413 (ὅ)
1862 3348 1972 3412 καὶ,

377 3434 610 3505 φυλάκων
680 3435 941 3485 τοσούτων
1020 3436 1110 3484 καὶ
1214 3435 1459 3484 τοιούτων
1534 3434 1974 3507 παρακαθημένων

376 3523 553 3575 ἔλαθον
603 3524 664 3573 ἄν
694 3539 708 3587 ;
738 3527 854 3583 Ηώς
898 3517 955 3573 δε
994 3526 1085 3574 καὶ
1141 3523 1378 3574 τοιούτου
1434 3518 1678 3574 κινδύνου
1738 3520 1975 3573 κατετόλ-

381 3631 572 3677 αησαν,
619 3611 895 3669 εὐπτόητοι
924 3607 1129 3683 ἄνδρες,
1176 3612 1244 3661 ὧν
1292 3612 1317 3663 ὁ
1352 3614 1442 3682 μὲν
1486 3618 1764 3684 κορυφαῖος
1799 3630 1975 3681 ’γυναι-

375 3702 555 3774 κάριον
607 3697 872 3761 δειλιάσας
928 3700 1195 3774 ἠρνήσατο
1260 3702 1346 3752 τὸν
1401 3696 1745 3752 Διδάσκαλον·
1817 3701 1866 3752 οἱ
1920 3695 1973 3753 δ’

374 3789 541 3857 ἄλλοι,
609 3785 956 3862 δεσμούμενον
1014 3789 1171 3842 αύτὸν
1231 3785 1444 3855 ἰδόντες,
1496 3791 1680 3860 ἔφυγον
1708 3805 1722 3855 ;
1755 3796 1863 3850 πῶς
1914 3786 1974 3842 δὲ

373 3883 485 3943 καὶ,
537 3874 813 3949 δυνάμενοι
855 3877 1041 3948 κλεψαι
1087 3876 1242 3929 αὐτόν
1274 3873 1564 3938 ἀκινδύνως
1605 3875 1654 3929 ἓν
1697 3884 1759 3949 τῇ
1789 3881 1968 3949 πρώτη

369 3971 538 4031 νυκτὶ,
621 3968 704 4019 ὅτε
779 3962 955 4026 οὐδεὶς
1029 3969 1117 4017 τὸν
1180 3970 1341 4037 τήφον
1429 3964 1724 4036 ἐφύλαττεν,
1782 3964 1971 4018 εἵλοντο

371 4054 561 4125 κλέψαι
611 4055 764 4107 αὐτόν
818 4050 1157 4114 ἐπικινδύνως
1214 4054 1263 4106 ἐν
1310 4061 1372 4126 τῇ
1409 4050 1631 4128 δευτέρᾳ
1686 4059 1857 4121 νυκτὶ,
1888 4055 1971 4107 ὅτε

373 4151 615 4216 παρῆσαν
664 4143 713 4196 οἰ
768 4143 1024 4216 φύλακεςς
1086 4142 1220 4196 Ἀλλ’
1271 4144 1386 4215 ὅρα,
1443 4150 1552 4204 πῶς
1603 4143 1719 4195 καθ’
1778 4142 1969 4195 ἑαυτῶν

372 4229 707 4286 ἐσπούδασαν
756 4235 805 4285 οἱ
861 4235 1231 4306 ματαιόφρονες
1277 4228 1548 4300 Ἰουδαῖοι,
1622 4233 1795 4292 καθὼς
1843 4229 1968 4284 ἀνω-

372 4324 502 4395 τέρω
524 4323 605 4392 (6)
656 4318 1045 4391 δεδηλώκαμεν.
1088 4320 1148 4372 Εἰ
1200 4322 1301 4391 γὰρ
1353 4319 1412 4372 ού
1448 4322 1805 4393 παρεκάθισαν
1853 4323 1969 4379 τοὺς

2081 3163 2185 3236 qui
2214 3161 2382 3218 facile
2410 3164 2602 3233 potest
2634 3160 2773 3218 falli.
2807 3164 2956 3223 Nam
2982 3161 3031 3225 si
3059 3159 3285 3221 stabilis
3312 3162 3488 3226 esset,
3512 3174 3736 3231 nequa-

2081 3267 2269 3325 quam
2306 3249 2359 3306 ei
2397 3249 2857 3321 persuaderitis;
2898 3248 3070 3305 valde
3107 3248 3271 3305 enim
3313 3247 3614 3307 absurdus
3649 3251 3737 3303 est

2083 3355 2281 3395 sermo
2311 3344 2517 3393 vester.
2552 3338 2682 3403 Quo
2711 3337 2930 3392 etenim
2957 3336 3125 3393 lucro
3155 3340 3326 3392 erant
3350 3335 3549 3407 ipsum
3579 3334 3734 3392 furto

2086 3426 2417 3484 sublaturi?
2438 3425 2752 3495 Quomodo
2773 3424 2837 3480 in
2856 3428 3020 3480 tanto
3048 3422 3303 3496 periculo
3327 3423 3457 3479 ausi
3486 3422 3737 3478 fuissent

2083 3517 2236 3575 adeo
2274 3515 2514 3572 timidi?
2552 3530 2812 3586 quorum
2850 3514 2899 3569 is
2938 3512 3043 3586 qui
3083 3512 3421 3584 pracipuus
3463 3511 3540 3583 (ο)
3586 3516 3735 3580 erat,

2083 3606 2443 3665 muliercula
2476 3610 2636 3660 metu
2666 3603 3096 3674 Praeceptorem
3116 3603 3352 3671 negavit
3381 3616 3396 3667 ;
3424 3599 3617 3656 caeteri
3639 3616 3737 3655 au-

2082 3701 2222 3761 tem,
2249 3710 2389 3750 cum
2410 3693 2697 3749 vidissent
2718 3692 2882 3764 quod
2905 3690 3126 3759 ligatus
3143 3693 3320 3754 esset,
3345 3688 3737 3759 aufugerunt?

2082 3782 2392 3851 Quomodo
2416 3781 2618 3847 etiam,
2646 3796 2787 3835 cum
2808 3779 3001 3851 prima
3024 3782 3199 3834 nocte
3220 3777 3449 3849 absque
3471 3775 3735 3848 periculo

2081 3872 2264 3929 furari
2290 3887 2432 3928 eum
2463 3869 2807 3941 potuissent,
2848 3866 3097 3940 quando
3123 3865 3319 3927 nullus
3342 3864 3622 3925 servabat
3648 3880 3736 3921 se-

2079 3962 2376 4035 pulcrum,
2416 3959 2723 4028 elegerunt
2759 3956 2959 4030 potius
2997 3954 3267 4013 secunda
3304 3958 3478 4013 nocte
3508 3968 3732 4023 magno

2081 4066 2219 4106 cum
2250 4046 2512 4121 periculo
2529 4046 2731 4119 ipsum
2751 4044 2953 4109 furari,
2977 4041 3369 4115 prasentibus
3383 4044 3515 4113 jam
3540 4044 3735 4098 custo-

2079 4140 2254 4196 dibus
2285 4138 2312 4194 ἵ
2347 4135 2461 4192 Sed
2502 4134 2640 4191 vide
2666 4131 2979 4206 quomodo
3018 4131 3300 4189 adversus
3344 4130 3575 4202 seipsos
3604 4128 3735 4186 dili-

2079 4228 2338 4300 gentiam
2370 4224 2778 4283 adhibuerunt
2806 4236 2961 4281 vane
2983 4220 3283 4291 sapientiae
3300 4220 3531 4290 Judmii,
3553 4219 3737 4276 veluti

2079 4318 2257 4375 etiam
2299 4314 2570 4386 superius
2602 4310 3093 4382 signiﬁcavimus.
3124 4310 3242 4371 Nisi
3271 4310 3431 4367 enim
3451 4310 3734 4366 custodes

370 4410 617 4483 φύλακας,
677 4407 925 4464 ἐδύναντό
954 4428 1006 4461 τι
1053 4408 1215 4477 λέγειν
1247 4413 1364 4480 περὶ
1421 4408 1616 4470 κλοπῆς
1650 4425 1661 4438 ·
1689 4416 1775 4459 νῦν
1821 4405 1878 4460 δὲ
1909 4408 1967 4461 ού

2101 4405 2332 4477 ιρροεὶιὶ
2350 4400 2857 4472 fuissent,aliquid
2869 4397 3333 4488 defurtodicere
3357 4399 3690 4488 potuissent
3713 4413 3727 4463 ;

370 4497 623 4553 δύνανται
674 4501 820 4572 παρὰ
857 4494 1141 4560 δικασταῖς
1175 4497 1368 4563 εύθέσι,
1407 4496 1728 4567 πολλαχόθεν
1762 4496 1968 4557 ἐπιστο-

367 4590 661 4663 μιζόμενοι.

443 4679 510 4730 Οἰ
572 4675 632 4730 δὲ
687 4709 751 4719 -—-
785 4681 1028 4750 σήμερον.
1079 4674 1139 4728 Εἰ
1184 4682 1277 4727 τοῦ
1328 4675 1570 4747 μαθητοῦ
1620 4677 1968 4748 περιεγένοντο

2078 4511 2233 4551 nunc
2244 4496 2433 4549 autem
2449 4491 2611 4563 apud
2625 4504 2827 4560 equos
2836 4485 3067 4559 iudices
3079 4486 3225 4549 nihil
3236 4487 3442 4551 mutire
3452 4490 3731 4559 possunt,

2079 4582 2349 4654 undique
2373 4579 2656 4652 imposito
2686 4577 2773 4635 eis
2803 4575 3057 4641 silentio,

2150 4673 2309 4727 Vers.
2340 4674 2421 4724 l5.
2452 4667 2556 4722 Illi
2580 4672 2776 4722 autem
2796 4695 2866 4703 —
2894 4662 3245 4719 hodiernum
3271 4662 3445 4718 diem.
3465 4661 3531 4727 Si
3558 4660 3734 4721 disci-

1606 4850 1827 4919 Variae
1860 4851 2187 4923 lectiones
2218 4854 2511 4916 etnotae.

442 5052 563 5125 (96)
586 5050 825 5125 -Ἰξούτου,
854 5055 915 5104 Δ.
954 5047 1495 5125 τούτουςεὶηθητοὺς
1520 5042 1718 5125 πόδας,
1772 5046 1979 5125 Ηθιξίβ..

370 5117 501 5182 nius
528 5117 733 5179 addito
762 5117 932 5191 signo
965 5120 1165 5176 crucis
1190 5117 1367 5191 habet
1398 5134 1477 5175 os.
1520 5118 1691 5173 Forte
1715 5132 1855 5188 ergo
1881 5117 1980 5174 hic

369 5199 684 5266 corruptus
705 5189 1041 5266 erat'codex
1078 5192 1228 5262 ejus.
1253 5189 1403 5258 Lege
1440 5204 1548 5244 eos.

439 5263 566 5337 (97)'
593 5264 791 5332 Αὐτῶν,
823 5263 999 5337 abest
1032 5267 1100 5316 Α.

440 5334 554 5411 (98)
580 5334 1077 5411 “paeana-17st:th
1088 5353 1143 5411 ;,_
1162 5336 1225 5386 At.

436 5401 552 5481 (99)
582 5401 730 5463 A'nte
780 5401 855 5461 οἷ.
888 5402 1225 5460 Hentenius
1283 5401 1518 5458 videtur
1556 5402 1789 5473 legisse,
1833 5406 1980 5463 τινές.

439 5480 704 5539 Δηλονότι.

440 5658 518 5730 (ο)
548 5655 913 5725 Praecipuus.
954 5653 1084 5708 Imo
1105 5690 1120 5716 ,
1156 5648 1299 5717 dux,
1332 5648 1628 5720 princeps.

2156 5042 2235 5115 (1)
2276 5039 2407 5115 Παρ’
2458 5038 2626 5115 atina?
2676 5037 2743 5093 A.
3026 5035 3109 5099 ita.
3146 5029 3490 5095 Hentenius.
3528 5027 3729 5084 Αὐτῶν.

2088 5109 2391 5190 ἀρχιερέων.
2436 5109 2605 5178 Αῦτῷ⁶
2648 5115 2720 5181 τῷ
2760 5113 2996 5182 Χριστῷ.

2160 5184 2240 5239 ('2)
2278 5189 2381 5235 Τοῦ
2419 5177 2667 5239 ψεύδους.

2184 5182 2381 5255 Τοῦ
2419 5182 2667 5252 ψεύδους.

2184 5257 2240 5321 3)
2274 5256 2677 5325 Τοὺς-βῑίωοχ
2714 5253 2984 5325 μάρτυρας
3024 5254 3081 5303 Β.

2186 5326 2243 5385 4)
2266 5332 2374 5385 Τῆς
2403 5322 2646 5383 ἀληθείας
2659 5365 2671 5378 .

2192 5393 2244 5463 5)
2284 5400 2364 5463 Δέ,
2396 5393 2612 5449 omittit
2647 5394 2715 5446 A.

2192 5403 2220 5453 5
2284 5402 2343 5448 Δέ
2396 5402 2612 5449 omittit

2163 5402 2245 5541 (ϐξ
2271 5440 2641 5538 Ἀν⁷ωτέρωθεν.

2225 5326 2245 5539 ξ
