4170 6334
473 316 580 371 759
1797 309 2147 365 EUTHYMII
2185 308 2518 366 ZIGABENI
3737 308 3848 362 760

475 441 690 512 pulum
739 439 1007 497 vicerunt
1042 440 1338 514 pecuniis,
1397 437 1586 494 multo
1640 437 1835 506 magis
1891 435 2124 491 milites.

2253 436 2301 485 τὰ
2357 433 2602 507 ἀργύρια,
2641 434 2811 505 πολλῷ
2867 435 3055 506 μᾶλλον
3112 443 3210 487 τῶν
3272 441 3620 506 στρατιωτῶν.
3692 437 3846 502 Μέγα

474 531 617 584 Vere
657 529 856 600 itaque
894 545 1186 600 magnum
1238 534 1324 584 est
1365 527 1590 583 malum
1633 525 1902 598 pecuniae
1934 541 2124 588 amor,

475 621 532 673 et
563 633 920 688 magnorum
954 635 1139 674 causa
1178 619 1496 674 malorum.
1541 616 1890 670 Sermonem
1929 621 2128 668 autem

474 706 846 776 divulgatum
879 708 1040 773 dicit,
1081 707 1247 780 quod
1289 706 1445 761 furto
1493 704 1762 760 sublatus
1808 704 1882 758 sit
1932 704 2123 764 Jesus,

473 795 662 851 Lucas
688 811 826 851 vero
856 797 928 852 de
959 796 1311 852 mulieribus
1343 794 1456 850 ait:
1493 795 1569 849 Et
1597 807 1902 850 reverswa
1925 807 2131 848 monu-

475 891 671 941 mento
722 886 1157 943 nuntiaverunt
1216 885 1338 942 hac
1391 883 1590 939 omnia
1649 882 1788 951 ipsis
1833 881 2128 945 undecim,

475 974 811 1046 celerisque
829 975 1098 1031 omnibus
1110 976 1179 1042 θι,
1199 972 1470 1029 videlicet
1491 971 1887 1044 septuaginta.
1913 970 2131 1026 Deinde

476 1070 790 1120 enumerat
815 1079 919 1120 eas
942 1064 1148 1120 dicens
1182 1082 1196 1119 :
1226 1061 1412 1119 Erant
1439 1067 1634 1118 autem
1664 1060 1865 1117 Maria
1890 1060 2133 1130 Magda-

478 1152 629 1221 lene,
660 1157 714 1206 et
740 1153 997 1222 Joanna,
1038 1158 1093 1209 et
1137 1151 1333 1209 Maria
1373 1149 1599 1215 Jacobi,
1634 1164 1706 1206 ac
1748 1155 1969 1206 mterce
2001 1165 2133 1221 quae

477 1255 611 1298 cum
649 1240 731 1296 eis
768 1246 962 1308 erant,
993 1255 1128 1312 quae
1164 1240 1437 1297 dicebant
1467 1239 1548 1295 ad
1584 1239 1868 1308 apostolos
1908 1238 2020 1293 hac
2060 1240 2128 1290 ⁸³.

475 1328 693 1384 Verum
726 1329 1030 1385 Matthaaus
1059 1329 1305 1402 quidem
1344 1328 1586 1385 Mariam
1630 1326 2036 1399 Magdalenen,
2079 1331 2136 1382 et

479 1416 664 1474 Maria
708 1418 913 1473 Jacobi
965 1423 1020 1472 et
1065 1419 1200 1473 Jose
1246 1417 1606 1487 conscripsit
1649 1419 1742 1471 ’3:
1798 1431 1914 1470 non
1961 1414 2135 1486 quasi

479 1505 659 1570 solas,
688 1505 791 1560 sed
819 1510 1109 1578 tanquam
1140 1506 1367 1561 ceteris
1394 1521 1530 1577 quae
1560 1521 1700 1560 cum
1739 1505 1821 1558 eis
1853 1509 2022 1559 erant
2051 1503 2136 1558 in-

479 1593 767 1665 siguiores
785 1609 800 1660 ;
817 1596 1042 1649 Marcus
1054 1599 1255 1650 autem
1267 1593 1446 1650 etiam
1459 1591 1816 1665 signiﬁcavit
1829 1592 2096 1649 Salomen
2120 1609 2133 1658 ;

483 1683 670 1737 Lucas
689 1697 828 1737 vero
847 1681 1124 1738 Salomen
1136 1682 1386 1754 quidem
1399 1682 1633 1753 absque
1652 1696 1933 1752 expresso
1950 1681 2138 1735 nomi-

481 1785 556 1826 ne
586 1769 838 1842 reliquit,
882 1769 1277 1827 manifestavit
1307 1776 1506 1826 autem
1535 1772 1856 1825 Joannam.
1891 1769 2137 1824 Addens

482 1873 622 1915 vero
642 1874 654 1914 :
669 1859 747 1914 Et
763 1865 988 1916 caetera
1001 1875 1134 1931 quas
1143 1875 1274 1916 cum
1290 1859 1370 1916 eis
1387 1865 1582 1924 erant,
1599 1858 1893 1927 signiﬁcat
1906 1865 1960 1913 et
1977 1857 2140 1913 Salo-

485 1962 646 2012 men,
674 1951 731 2001 et
758 1945 904 2002 alias
915 1946 1216 2020 quasdam
1235 1948 1304 2000 9‘.
1323 1949 1456 2003 Post
1476 1946 1700 2002 dictam
1721 1947 1920 2018 itaque
1936 1946 2139 2001 mulie-

484 2049 619 2090 rum
651 2034 1166 2090 enumerationem
1197 2049 1436 2089 rursum
1467 2033 1778 2104 subjunxit
1810 2034 2031 2090 Lucas:
2062 2035 2139 2090 Et

487 2122 614 2180 visa
641 2128 780 2178 sunt
809 2137 1010 2179 coram
1039 2123 1160 2179 illis
1176 2127 1465 2194 tanquam
1486 2122 1942 2178 deliramentum
1965 2123 2142 2179 verba

485 2225 716 2280 earum,
746 2226 850 2267 nec
886 2210 1266 2267 crediderunt
1294 2211 1431 2281 ipsis
1469 2213 1538 2264 ".

559 2298 704 2355 Hinc
728 2314 872 2369 ergo
898 2305 1144 2355 sumunt
1162 2299 1416 2365 initium,
1439 2315 1573 2373 quas
1598 2298 1672 2354 de
1702 2298 1882 2356 Maria
1907 2300 2140 2370 Magda-

485 2389 618 2446 lene
640 2388 798 2444 solus
816 2389 1050 2460 scripsit
1074 2390 1355 2455 Joannes,
1382 2389 1561 2445 veluti
1593 2405 1664 2444 ea
1687 2405 1949 2460 quorum
1977 2389 2143 2461 apud

485 2478 746 2551 reliquos
778 2478 942 2535 nulla
969 2483 1057 2535 est
1087 2479 1236 2536 facta
1274 2479 1494 2534 mentio
1521 2481 1590 2531 ’7.
1635 2480 1787 2544 Quia
1813 2480 1973 2534 enim
2012 2480 2142 2535 visa

487 2573 627 2623 sunt
649 2583 853 2624 coram
873 2567 1158 2640 apostolis
1188 2573 1478 2640 tanquam
1509 2567 1972 2624 deliramentum
2003 2584 2138 2622 ver-

487 2656 570 2712 ba
597 2656 962 2712 mulierum:
1008 2657 1142 2729 ipsa
1180 2657 1452 2728 cogitans
1497 2655 1652 2712 intra
1694 2673 1755 2712 se
1801 2658 1964 2729 quod
2009 2673 2142 2712 vere

491 2744 756 2815 deceptas
786 2750 1004 2810 essent,
1023 2745 1301 2816 quodque
1323 2761 1427 2817 per
1448 2745 1831 2816 phantasiam
1854 2746 2146 2802 vidissent

492 2847 628 2904 qum
669 2831 958 2895 viderant,
992 2837 1050 2887 et
1078 2832 1382 2888 audissent
1409 2849 1548 2904 quas
1578 2833 1894 2888 audierant
1925 2833 2144 2905 (neque

494 2919 654 2976 enim
691 2919 857 2974 aliter
893 2924 1184 2992 tanquam
1231 2919 1694 2976 deliramentum
1736 2922 2147 2991 apparuissent

494 3007 927 3064 cordatioribus
965 3013 1022 3064 et
1061 3007 1545 3080 sapientioribus)
1592 3024 1712 3064 non
1749 3009 1996 3081 quievit,
2040 3011 2145 3066 sed

497 3097 628 3153 sola
641 3096 997 3169 protinusad
1011 3102 1470 3153 monumentum
1491 3099 1767 3163 cucurrit,
1789 3114 1927 3154 cum
1947 3097 2148 3154 adhuc

495 3187 755 3242 tenebras
770 3190 986 3252 essent,
999 3186 1244 3258 opinata
1263 3185 1430 3258 quod
1460 3186 1661 3259 ipsum
1687 3186 1964 3243 clausum
1995 3191 2150 3243 esset

495 3279 818 3346 repertura.
840 3273 1062 3330 Videns
1093 3279 1294 3330 autem
1324 3274 1483 3348 quod
1516 3270 1786 3330 sublatus
1811 3281 1966 3332 esset
1990 3275 2146 3348 lapis

497 3381 535 3420 a
565 3367 977 3429 monumento,
1022 3363 1170 3420 nihil
1211 3363 1482 3420 meminit
1523 3379 1752 3430 eorum,
1799 3380 1936 3436 quae
1982 3366 2147 3438 prius

497 3451 653 3508 facta
697 3450 950 3518 fuerant,
987 3456 1192 3524 utpote
1233 3452 1672 3509 renuntiatione
1710 3469 1898 3525 quam
1943 3453 2016 3509 de
2057 3454 2149 3509 his

499 3540 736 3607 fecerat,
753 3556 790 3596 a
804 3540 1110 3613 discipulis
1127 3543 1450 3612 reprobate.
1476 3558 1488 3596 :
1509 3543 1817 3614 suspicata
1839 3550 1926 3597 est
1946 3548 2148 3600 autem

501 3629 927 3700 transpositum
978 3645 1108 3685 esse
1153 3645 1372 3702 corpus
1413 3647 1450 3687 a
1500 3631 1720 3702 Joseph
1768 3631 1830 3687 in
1876 3633 2150 3688 tutiorem

502 3717 722 3774 locum.
756 3718 946 3774 Currit
969 3733 1110 3788 ergo
1135 3724 1192 3776 et
1217 3721 1375 3776 venit
1397 3719 1477 3776 ad
1507 3719 1812 3777 Simonem
1843 3722 2076 3777 Petrum
2097 3727 2154 3778 et

505 3806 582 3862 ad
623 3805 806 3862 alium
843 3805 1203 3880 discipulum
1233 3824 1416 3881 quem
1455 3807 1739 3880 diligebat
1767 3811 1955 3877 Jesus,
1989 3815 2046 3866 ct
2075 3809 2156 3866 ait

503 3894 650 3950 illis:
691 3895 981 3952 Tulerunt
1013 3897 1318 3954 Dominum
1339 3913 1533 3955 nicum
1569 3899 1642 3955 de
1669 3905 2070 3968 monumento,
2098 3904 2155 3955 et

505 3983 795 4040 nescimus
822 3985 924 4040 ubi
957 3991 1276 4055 posuerunt
1323 4002 1478 4053 eum,
1523 3991 1657 4053 etc.,
1687 4003 1824 4060 qua:
1876 3988 2155 4060 deinceps

505 4069 658 4126 facta
688 4076 846 4135 sunt,
881 4071 1027 4126 sicut
1056 4073 1294 4144 scripsit
1329 4076 1594 4130 Joannes
1619 4077 1688 4127 9⁸.

582 4161 1057 4214 Demonstratum
1080 4163 1168 4214 est
1191 4160 1368 4227 igitur
1392 4178 1576 4217 unam
1597 4179 1727 4217 esse
1753 4165 1917 4233 apud
1944 4180 2156 4220 omnes
2190 4172 2235 4227 D

506 4245 904 4314 evangelistas
925 4246 1330 4317 concordiam,
1353 4253 1409 4303 et
1427 4263 1646 4320 corpus
1664 4250 1925 4306 historiis
1941 4267 2156 4322 unum,

507 4333 690 4390 rebus
727 4333 940 4390 scilicet
975 4337 1351 4393 convenienti
1387 4336 1594 4394 ordine
1631 4340 1942 4396 enarratis.
1985 4341 2158 4406 Quod

509 4421 671 4478 enim
708 4421 805 4477 hic
847 4423 1213 4493 evangelista
1243 4426 1544 4498 praeteriit,
1573 4428 1685 4484 hoc
1713 4427 1808 4484 ille
1833 4428 1915 4485 ita
1952 4430 2160 4488 divina

511 4510 864 4581 disponente
893 4513 1083 4582 gratia
1110 4512 1278 4579 dixit,
1305 4519 1369 4571 ut
1396 4513 1574 4571 etiam
1604 4517 1746 4573 hinc
1771 4518 2157 4575 manifestum

512 4615 644 4656 esse
671 4599 874 4671 possit,
905 4601 1064 4672 quod
1084 4617 1208 4658 non
1231 4618 1304 4659 ex
1330 4606 1662 4676 composito
1692 4610 1796 4662 aut
1817 4611 1990 4678 pacto
2014 4608 2160 4664 scri-

512 4689 760 4763 pserint.

588 4798 748 4853 Vers.
769 4798 857 4852 16.
897 4797 1173 4854 Undecim
1200 4815 1336 4856 vero
1358 4831 1426 4841 —
1448 4800 1775 4859 Galilaeam.
1803 4804 1936 4860 Non
1960 4803 2159 4860 statim

515 4884 791 4942 abierunt
831 4884 894 4941 in
933 4885 1249 4953 Galilaeam,
1291 4887 1592 4962 siquidem
1633 4891 1692 4946 in
1722 4893 1854 4964 ipso
1899 4892 1997 4949 die
2037 4909 2159 4966 quo

2238 521 2325 575 οὖν
2373 528 2531 575 κακὸν
2573 527 2725 583 ὄντως
2774 527 2802 581 ἠ
2854 523 3187 597 φιλαργυρία,
3247 528 3338 574 καὶ
3379 522 3612 595 μεγάλων
3670 531 3843 572 κακών

2239 613 2399 667 αἰτία.
2459 618 2626 684 Λόγον
2678 610 2736 665 δὲ
2787 610 3207 684 διαφημισθέντα
3243 612 3396 683 λέγει,
3440 615 3526 664 τὸν
3588 616 3706 683 περὶ
3750 618 3844 662 τοῦ

2239 702 2499 760 κλαπῆναι
2554 703 2727 755 αὐτὸν.
2788 702 2845 754 Ὀ
2904 698 2962 754 δὲ
3008 709 3199 762 Λουκᾶς
3259 707 3375 775 περὶ
3422 709 3522 752 τών
3581 708 3844 771 γυναικών

2241 789 2396 856 εἶπεν,
2454 793 2535 842 ὅτι
2604 796 2704 844 Καὶ
2774 791 3173 866 ὑποστρέψασαι
3246 789 3346 842 ἀπὸ
3417 798 3510 842 τοῦ
3565 795 3841 862 μνημείου,

2240 878 2560 951 ἀπήγγειλαν
2615 888 2780 932 ταῦτα
2828 882 2997 932 πάντα
3037 887 3146 942 τοῖς
3200 877 3384 932 ἕνδεκα
3436 884 3527 932 καὶ
3563 885 3697 931 πᾶσι
3736 886 3845 940 τοῖς

2240 967 2460 1033 λοιποῖς,
2505 973 2682 1040 ἤγουν,
2723 975 2830 1030 τοίς
2875 968 3252 1041 ἐϐδομήκοντα.
3307 968 3434 1021 Εἶτα
3473 966 3847 1041 ἀπαριθμείται

2241 1060 2432 1118 ταύτας
2473 1057 2652 1128 λέγων’
2698 1057 2867 1110 Ἦσαν
2911 1056 2970 1110 δὲ
3029 1060 3054 1116 ὁ
3117 1053 3440 1129 Μαγδαληνὴ
3499 1061 3698 1131 Μαρία,
3757 1061 3848 1108 καὶ

2243 1146 2474 1212 Ἰωάννα,
2517 1150 2607 1198 καὶ
2648 1151 2828 1218 Μαρία
2885 1146 2961 1218 (7)
3015 1148 3046 1204 ἡ
3106 1144 3380 1213 Ἰακώϐου,
3431 1150 3522 1198 καὶ
3569 1148 3623 1197 αἱ
3668 1145 3847 1197 λοιπαὶ

2246 1239 2340 1288 σὺν
2419 1235 2621 1306 αὐταῖς,
2719 1235 2773 1287 αἱ
2848 1235 3018 1306 ἔλεγον
3110 1238 3239 1308 πρὸς
3315 1239 3435 1297 τοῦς
3529 1233 3847 1297 ἀποστόλους

2243 1331 2430 1378 ταῦτα.
2464 1323 2619 1376 Ἀλλὰ
2656 1327 2922 1386 Man-Gaio;
2975 1327 3063 1396 μὲν
3107 1329 3308 1396 Μαρίαν
3354 1327 3446 1381 τήν
3490 1321 3848 1394 Μαγδαληνην

2244 1417 2334 1464 καὶ
2380 1418 2586 1478 Μαρίαν
2635 1418 2729 1471 τήν
2772 1421 2863 1466 τοῦ
2913 1413 3160 1466 Ἰακώϐου
3213 1418 3302 1465 καὶ
3346 1413 3497 1472 Ἰωσῆ
3543 1412 3844 1487 avie/perpav-

2246 1502 2351 1572 οὐχ
2400 1501 2464 1562 ὡς
2505 1507 2684 1573 μόνας,
2723 1501 2831 1553 ἀλλ’
2876 1505 2939 1562 ὡς
2969 1501 3344 1576 ἐπισημοτέρας
3379 1510 3477 1553 τῶν
3506 1505 3596 1553 σὺν
3642 1500 3844 1561 αὰταῖς’

2248 1593 2459 1663 Μάρκος
2518 1586 2577 1642 δι
2628 1596 2718 1643 καὶ
2765 1595 2859 1649 τήν
2934 1591 3180 1664 Σαλώμην
3226 1587 3474 1648 ἐδήλωσε·
3530 1595 3730 1650 Λουκᾶς
3789 1586 3849 1642 δε

2248 1684 2343 1737 τήν
2395 1682 2485 1751 μὲν
2536 1678 2781 1750 Σαλώμην
2837 1678 3186 1751 ἁνονόμαστον
3246 1677 3458 1750 ἀφῆκεν,
3510 1676 3740 1736 ἐδήλωσε
3789 1676 3850 1732 δὲ

2253 1769 2330 1840 (8)
2384 1772 2477 1827 τήν
2531 1767 2789 1822 Ἰωάνναν·
2849 1771 3095 1844 προσθεὶς
3146 1765 3223 1833 δὲ,
3278 1771 3359 1820 ὅτι
3415 1773 3514 1820 Καὶ
3563 1770 3618 1820 αἱ
3671 1767 3851 1820 λοιπαι

2255 1861 2348 1909 σὺν
2389 1857 2588 1921 αὑταῖς,
2631 1856 2859 1929 ἐνέφηνεν
2890 1857 3051 1916 αὐτὴν
3081 1876 3135 1910 τε
3168 1865 3262 1915 τῆν
3301 1856 3547 1928 Σαλώμην
3578 1860 3667 1908 καὶ
3697 1857 3852 1917 οῖλλας

2251 1949 2413 2008 τινας.
2492 1949 2638 1999 Μετὰ
2705 1951 2878 2018 μέντοι
2951 1951 3044 2005 τήν
3125 1945 3393 2019 εἰρημένην
3428 1954 3528 1997 τῶν
3597 1954 3852 2017 γυναικῶν

2255 2033 2638 2109 ἀπαρίθμησιν,
2699 2033 2931 2107 ἐπήγαγε
3004 2036 3155 2088 πάλιν
3227 2036 3252 2086 ὁ
3327 2040 3557 2097 Λουκᾶς,
3613 2037 3691 2087 ὅτι
3754 2041 3854 2088 Καὶ

2255 2123 2409 2195 ἐφάνη
2421 2143 2514 2176 σαν
2543 2123 2754 2178 ἐνώπιον
2805 2124 2971 2177 αὐτῶν
2998 2130 3122 2177 ώσει
3145 2123 3297 2198 λῆρος
3325 2127 3392 2176 τὰ
3417 2124 3632 2199 ῥήματα
3663 2124 3850 2191 αὐτων,

2254 2217 2345 2265 καὶ
2372 2215 2626 2270 ἠπίστουν
2658 2213 2862 2276 αὑταῖς.

2327 2302 2589 2356 Ἐντεῦθεν
2647 2299 2735 2354 οὖν
2784 2304 3044 2377 ἄρχονται
3095 2304 3162 2354 τὰ
3211 2307 3329 2376 περὶ
3379 2306 3582 2374 Μαρίας
3639 2302 3716 2373 (9)
3762 2311 3857 2363 τῆς

2255 2388 2630 2462 Μαγδαληνῆς,
2679 2391 2714 2443 ἃ
2760 2395 2911 2463 μὸτος
2941 2392 2966 2442 ὁ
3007 2392 3244 2452 Ἰωάννης
3300 2394 3592 2466 ἱστόρησεν,
3653 2394 3721 2452 ὡς
3767 2395 3857 2444 καὶ

2255 2479 2390 2532 αὐτὰ
2448 2482 2556 2550 (l0)
2626 2485 2697 2553 μή
2771 2481 3184 2552 μνημονευθέντα
3262 2483 3405 2554 παρὰ
3473 2488 3584 2542 τοῖς
3661 2479 3855 2541 ἄλλοις.

2255 2569 2396 2622 Ἐπεὶ
2441 2571 2544 2642 γὰρ
2612 2570 2872 2642 ἐφάνησαν
2926 2568 3138 2621 ἐνώπιον
3206 2578 3303 2622 τῶν
3368 2568 3664 2622 ἀποστόλων
3731 2571 3856 2621 ὡσεὶ

2255 2657 2418 2729 λῆρος
2485 2662 2550 2710 τὰ
2618 2660 2830 2733 ῥήματα
2893 2667 2992 2709 τῶν
3046 2667 3324 2730 γυναικῶν·
3365 2659 3493 2714 αὕτη
3532 2658 3848 2729 λογισαμένη

2255 2748 2375 2799 καθ’
2452 2747 2658 2814 ἑαυτὴν,
2739 2749 2819 2799 ὅτι
2887 2749 3039 2810 ὅντως
3110 2749 3466 2815 ἠπατήθησαν,
3543 2748 3674 2796 κατὰ
3723 2765 3848 2816 φαν-

2256 2841 2444 2888 τασίαν
2510 2833 2742 2906 ἰδοῦσαι,
2811 2838 2914 2888 ὅσα
2978 2833 3136 2903 εἶδον,
3210 2842 3300 2889 καὶ
3370 2834 3678 2903 ἀκούσασαι,
3744 2835 3844 2884 ὅσα

2258 2930 2512 2984 ἤκουσαν.
2569 2926 2628 2978 οῦ
2683 2928 2785 2999 γὰρ
2831 2925 2890 2977 ἂν
2943 2929 3066 2979 ὡσεὶ
3121 2926 3274 3000 λῆρος
3337 2934 3503 2977 ταῦτα
3551 2932 3658 2985 τοῖς
3727 2942 3845 2975 συν-

2191 2992 2519 3088 Οετωτέροις
2593 3013 2871 3086 ἐφάνησαν·
2948 3015 3039 3066 οῦκ
3122 3015 3402 3090 ἠρέμησεν,
3485 3012 3588 3065 ἀλλ’
3668 3012 3856 3064 αὐτίκα

2259 3108 2388 3176 μόνη
2443 3101 2663 3179 ἔδραμεν
2724 3103 2809 3157 ἐπὶ
2849 3108 2908 3156 τὸ
2963 3111 3233 3177 μνημεῖον,
3276 3108 3491 3165 σκοτίας
3544 3105 3622 3155 ἔτι
3672 3105 3854 3170 οὔσης,

2258 3191 2618 3268 προσδοκῶσα
2673 3193 3025 3266 κεκλεισμένον
3105 3195 3265 3266 εὑρεῖν
3337 3194 3482 3244 αὐτὸ·
3567 3195 3852 3264 θεασαμένη

2261 3281 2321 3337 δε
2376 3286 2460 3336 τὸν
2513 3283 2652 3336 λίθον
2710 3285 2927 3358 ἠρμένον
2993 3281 3047 3334 ἐκ
3093 3291 3184 3334 τοῦ
3245 3287 3522 3354 μνημείου,
3566 3278 3716 3334 οὐδὲν
3770 3284 3857 3343 μὲν

2261 3372 2556 3446 ἀνεμνήσθη
2671 3381 2770 3424 τῶν
2871 3376 3339 3446 προγεγενημένων,
3429 3374 3499 3431 ὡς
3607 3366 3857 3422 ἀποδοκι-

2259 3464 2556 3536 μασθείσης
2611 3469 2700 3522 τῆς
2768 3466 2883 3535 περὶ
2948 3460 3060 3532 (ll)
3137 3460 3304 3512 αὐτῶν
3371 3459 3693 3532 ἀπαγγελίας
3760 3460 3859 3510 ὑπὸ

2261 3561 2360 3604 τῶν
2417 3553 2683 3624 μαθητῶνο
2735 3549 2954 3622 ὑμέλ.αϐε
3001 3548 3060 3602 δὲ
3106 3552 3376 3622 μετατεθεν
3421 3549 3534 3620 (12)
3592 3553 3650 3601 τὸ
3711 3558 3863 3621 σῶμα

2259 3643 2402 3714 παρὰ
2456 3648 2547 3692 τοῦ
2607 3640 2798 3711 Ἰωσήφ
2855 3638 2926 3701 εἰς
2991 3643 3146 3692 τόπον
3212 3637 3613 3712 ἀσφαλέστερον.
3669 3642 3862 3712 Τρέχει

2263 3726 2371 3795 οὖν,
2419 3734 2508 3781 καὶ
2557 3731 2770 3800 ἔρχεται
2821 3731 2947 3802 πρὸς
2987 3732 3191 3799 Σίμωνα
3235 3731 3444 3802 Πέτρον,
3477 3732 3567 3780 καὶ
3615 3731 3746 3799 πρὸς
3774 3729 3862 3778 τὸν

2264 3819 2412 3871 ἄλλον
2469 3819 2724 3890 μαθητὴν,
2768 3819 2821 3869 ὃν
2879 3816 3039 3888 ἐφίλει
3090 3819 3116 3868 ὁ
3165 3817 3390 3881 Ἰησοῦς,
3443 3821 3532 3868 καὶ
3584 3815 3720 3887 λέγει
3771 3814 3861 3866 av}-

2269 3917 2384 3969 τοῖς·
2450 3908 2615 3980 Ἦραν
2663 3910 2746 3959 τόν
2803 3909 2990 3980 Κύριον
3039 3905 3092 3959 ἐκ
3151 3914 3240 3958 τοῦ
3296 3911 3572 3978 μνημείου,
3626 3910 3716 3958 καὶ
3769 3905 3863 3957 οῦκ

2265 3995 2480 4071 οἴδαμεν
2502 4005 2602 4050 ποῦ
2627 3998 2814 4054 ἔθηκαν
2846 3995 3018 4049 αὐτόν.
3047 4000 3146 4048 Καὶ
3167 3997 3231 4048 τὰ
3256 3995 3374 4058 ἑξῆς
3399 3999 3696 4066 γεγόνασιν,
3729 3997 3798 4056 ὡς
3837 3995 3862 4046 ὁ

2265 4089 2504 4147 Ἰωάννης
2529 4084 2741 4161 ἔγραψε.

2338 4173 2606 4229 Δέδεικται
2668 4179 2836 4227 τοίνυν
2897 4173 3120 4246 ἁρμονία
3178 4178 3276 4245 μία
3352 4175 3495 4246 παρὰ
3559 4179 3692 4225 πᾶσι
3761 4180 3866 4233 τοίς

2267 4264 2676 4336 εῦαγγελισταίς,
2754 4268 2843 4315 καὶ
2917 4271 3070 4334 σῶμα
3147 4271 3243 4322 τῆς
3320 4264 3578 4335 ἱστορίας,
3659 4260 3728 4325 ἓν,
3780 4263 3867 4314 οἵα

2266 4362 2364 4406 τῶν
2419 4355 2589 4428 ῥητῶν
2640 4355 2776 4405 κατὰ
2825 4356 2918 4410 τὴν
2973 4356 3347 4422 προσήκουσαν
3407 4351 3553 4414 τάξιν
3618 4351 3864 4423 ἐρμηνευ·

2269 4445 2471 4497 θέντων.
2520 4449 2585 4494 '0
2627 4445 2728 4515 γὰρ
2775 4441 2919 4501 οὗτος
2956 4449 3184 4513 παρῆκεν
3225 4442 3250 4492 ὁ
3290 4439 3677 4512 εὐαγγελιοτίκ,
3710 4447 3864 4492 τοῦτο

2267 4533 2449 4594 ἐκεῖνος
2485 4531 2617 4586 εἶπεν
2651 4549 2664 4562 ·
2711 4532 2840 4584 οὕτω
2869 4539 2962 4591 τῆς
2993 4532 3128 4590 θείας
3166 4533 3388 4604 χάριτος
3423 4530 3863 4602 οἰκονομησάσης,

2270 4626 2353 4676 ἶνα
2393 4622 2660 4675 κάντεῦθεν
2723 4624 2799 4678 ἐίη
2873 4617 3051 4684 δῆλον,
3121 4622 3192 4681 ὡς
3251 4619 3344 4672 οὐκ
3409 4618 3464 4672 ἐκ
3533 4621 3864 4692 συνθήματος

2268 4713 2524 4787 ἔγραψανο

2341 4805 2407 4855 Oi
2459 4799 2518 4854 δὲ
2564 4797 2747 4854 ἕνδεκα
2803 4831 2859 4841 -
2937 4797 3234 4851 Γαλιλαίαν.
3287 4797 3396 4849 Οὐκ
3449 4797 3595 4858 εὐθὺς
3655 4796 3863 4872 ἐπορεύ-

2271 4895 2457 4951 θησαν.
2495 4894 2594 4944 Καὶ
2636 4893 2735 4964 γὰρ
2781 4887 2829 4941 ἓν
2877 4888 3005 4960 αὐτῇ
3053 4895 3115 4960 τῇ
3167 4888 3355 4960 ἡμέρᾳ,
3409 4888 3526 4940 καθ’
3569 4887 3631 4946 ἠν
3676 4885 3861 4944 ἀνέστη

588 5061 633 5097 ³⁸
693 5061 832 5119 Luc.
883 5078 1043 5130 xxiv,
1110 5068 1162 5121 9.
1213 5067 1262 5101 ⁸³
1302 5065 1449 5124 Ibid.
1510 5069 1596 5123 10.
1653 5071 1700 5104 ’³
1759 5070 1954 5136 Matth,
2017 5087 2145 5127 xxv:

2279 5073 2403 5138 l,“
2452 5072 2626 5127 Marc.
2683 5085 2798 5134 nv,
2854 5069 2904 5122 1.
2955 5065 3095 5122 Luc.
3155 5081 3308 5121 xxiv.
3357 5069 3440 5122 10.
3491 5067 3538 5100 ⁸⁸
3579 5064 3724 5121 ibid.
3777 5066 3866 5122 11.

517 5149 561 5183 ’⁷
593 5147 766 5207 Joan.
786 5165 886 5216 xx,
920 5151 1138 5225 iseqq.
1215 5154 1264 5190 θ’
1291 5154 1441 5211 Ibid.
1474 5156 1506 5209 2
1540 5172 1709 5230 seqq.

1732 5334 1955 5403 Variae
1986 5335 2312 5404 lectiones
2341 5345 2407 5403 et
2436 5345 2639 5403 notae.

583 5518 663 5603 εξ)
691 5518 1083 5603 $3130.33}:

582 5589 664 5732 ξιξ
695 5590 1124 5732 sese;

703 5665 924 5736 Μαρίας,
963 5661 1131 5721 abest
1165 5667 1232 5720 Α.

643 5518 664 5734 l

2338 5531 2452 5601 (ιο)
2490 5534 2593 5595 Μή,
2626 5527 2842 5601 omittit
2866 5529 2924 5584 B.

2341 5599 2454 5674 (11)
2496 5604 2620 5674 Περὶ
2649 5599 2803 5674 αὐτὸν
2834 5603 2904 5656 Α.

2339 5671 2451 5745 (12)
2489 5671 2850 5726 Μετατεθεῑναι
2873 5674 2938 5728 Α.

4135 265 4150 300 l

4136 309 4149 336 π
