4170 6334
325 340 425 395 ’161
1196 337 1564 395 COMMENT.
1609 335 1677 390 IN
1715 328 2150 388 MA'I'I'HIEUM.
2191 363 2260 372 —
2300 333 2452 387 CAP.
2500 333 2749 389 XXVIII.

327 493 383 543 ἐκ
462 499 669 563 νεκρῶν,
740 492 884 562 ὤφθη
969 491 1160 556 αὐτοῖς,
1235 487 1380 541 οὖσιν

332 579 532 652 σαλὴμ,
618 584 715 631 Καὶ
804 587 957 631 τούτο
1032 578 1339 651 ἐμφαίνουσι
1409 581 1496 648 μὲν
1550 581 1639 627 καὶ
1716 575 1928 646 Μάρκος

329 673 420 719 καὶ⁵
499 673 730 728 Λουκᾶς,
818 674 1164 743 Φανερώτερον
1249 664 1306 719 δὲ
1390 669 1582 718 τούτων
1655 666 1928 736 ἱστόρησεν

327 758 596 817 Ἰωάννης.
664 760 807 809 Μετὰ
878 760 979 830 γὰρ
1038 761 1097 809 τὸ
1165 756 1492 828 ὑποστρέψαι
1547 758 1677 828 πρὸς
1744 752 1930 811 αύτούς

329 849 536 920 Μαρίαν
593 850 681 903 τὴν
733 842 1109 917 Μαγδαληνὴν,
1169 850 1329 919 φησὶν
1395 846 1475 896 ὅτι
1536 842 1714 904 Οὔσης
1779 840 1931 913 ὀψίας

328 940 391 1005 τῇ
448 935 619 1008 ἡμέρᾳ
664 932 852 1007 ἐκείνῃ,
910 944 971 1007 τῇ
1034 940 1133 1007 μιᾷ
1190 943 1288 987 τῶν
1338 933 1630 999 Σαϐϐάτων,
1689 936 1779 984 καὶ
1832 938 1930 983 τῶν

602 1022 989 1095 κεκλεισμένων,
1089 1026 1216 1076 ὅπου
1312 1022 1447 1081 ἦσαν
1550 1024 1600 1074 οἱ
1697 1022 1930 1093 μαθηταὶ

333 1112 765 1186 θυνηθροισμένοι
849 1111 960 1183 (13)
1042 1108 1137 1165 διὰ
1213 1115 1299 1164 τὸν
1378 1110 1530 1184 φόϐον
1612 1119 1713 1163 τῶν

333 1197 518 1265 δαίων,
588 1197 737 1259 ἦλθεν
791 1201 817 1253 ὁ
876 1200 1080 1262 Ἰησοῦς
1139 1205 1228 1253 καὶ
1285 1203 1409 1259 ἔστη
1486 1200 1556 1263 εἰς
1621 1203 1678 1252 τὸ
1749 1203 1926 1271 μέσον,

332 1023 500 1096 θυρῶν
602 1022 989 1095 κεκλεισμένων,
1089 1026 1216 1076 ὅπου
1312 1022 1447 1081 ἦσαν
1550 1024 1600 1074 οἱ

1796 1110 1930 1162 Ἰου-

331 1292 422 1340 καὶ
477 1287 610 1359 λέγει
665 1289 856 1353 αὐτοῖς,
913 1289 1105 1363 Εἰρήνη
1163 1292 1308 1362 ύμῖν,
1382 1294 1482 1343 Καὶ
1538 1296 1690 1341 τοῦτο
1751 1288 1925 1352 εἰπὼν,

330 1374 522 1439 ἔδειξεν
574 1378 754 1439 αὐτοῖς
800 1379 893 1440 τάς
942 1385 1127 1453 χεῖρας
1176 1384 1264 1431 καὶ
1308 1384 1402 1437 τὴν
1455 1378 1676 1452 πλευρὰν
1718 1380 1925 1450 Κύριον,

330 1471 419 1517 καὶ
449 1468 515 1517 τά
545 1465 630 1528 ἐξῆ
641 1488 683 1528 ς.

404 1555 562 1614 Δῆλον
602 1553 713 1623 οὖν,
755 1558 835 1608 ὅτι
869 1556 1083 1631 ὕστερον
1128 1556 1482 1632 ἐπορεύθησαν
1531 1557 1598 1618 εἰς
1636 1561 1730 1614 τήν
1770 1555 1926 1607 Γαλι-

330 1643 501 1696 λαίαν.
576 1644 688 1696 Ούκ
744 1644 999 1715 ἐψεύσατο
1076 1643 1154 1712 δε,
1228 1648 1400 1709 καθὼς
1474 1645 1702 1708 ἀνοήτως
1766 1645 1928 1716 ἔλεγεν

334 1733 359 1783 ὁ
410 1732 712 1806 παραϐάτης
765 1733 1055 1797 Ἰουλιανὸς,
1106 1734 1154 1786 ἐν
1208 1743 1267 1806 τῇ
1328 1735 1577 1807 Γαλιλαίᾳ
1626 1738 1716 1807 μεν
1761 1735 1928 1807 ὀφθῆ-

332 1840 418 1872 ναι
479 1828 584 1882 τοῖς
632 1824 891 1894 μαθηταῖς
940 1823 1391 1897 ἐπαγγειλάμενος,
1451 1823 1499 1876 ἐν

334 1904 395 1961 δὲ
471 1913 673 1973 τούτοις
751 1910 940 1983 ὀφθείς·
1015 1912 1121 1965 ἀλλ’
1188 1914 1453 1987 ἐπλήρωσε
1509 1917 1598 1985 μὲν
1672 1919 1762 1965 καὶ
1836 1918 1929 1971 τὴν

332 2001 583 2058 τοιαύτην
641 1999 965 2072 ἐπαγγελίαν,
1019 2002 1186 2075 ὀφθεὶς
1239 2004 1412 2065 αὐτοῖς
1469 2004 1682 2075 ὕστερον
1748 2002 1798 2053 ἐν
1863 2009 1924 2073 τῇ

330 2087 602 2160 Γαλιλαίου
652 2086 955 2163 ἐδωρήσατό
991 2087 1051 2143 δὲ
1094 2097 1184 2144 καὶ
1223 2092 1395 2167 ἑτέραν
1442 2094 1624 2166 χάριν,
1669 2110 1929 2163 προεμφα-

329 2178 524 2237 νισθεὶς
575 2178 751 2240 αύτοὶς
798 2178 848 2231 ἐν
902 2179 1294 2255 Ἰεροσολύμοις,
1348 2183 1430 2233 ἵνα
1483 2187 1572 2233 καὶ
1627 2185 1721 2238 τὴν
1762 2180 1928 2237 λύπην

331 2263 500 2317 αὐτῶν
547 2265 701 2334 λύση,
756 2272 842 2319 καὶ
886 2267 1152 2343 βεϐαιώσῃ
1208 2274 1326 2332 τοὺς
1375 2270 1557 2342 λόγους
1604 2279 1702 2322 τῶν
1750 2289 1927 2342 γυναι-

330 2362 453 2420 κῶν,
497 2359 585 2407 καὶ
613 2364 712 2407 τῶν
760 2356 922 2408 ἄλλων
966 2367 1064 2409 τῶν
1112 2356 1324 2411 ἰδόντων
1369 2360 1523 2412 αὐτὸν
1569 2360 1922 2434 ἐγηγερμένον.

402 2442 460 2494 Ὀ
489 2446 579 2516 μὲν
624 2440 711 2496 οὖν
756 2448 1020 2507 Ματθαῖος
1060 2456 1261 2521 παρῆκε
1298 2452 1363 2501 τὰ
1401 2452 1564 2521 μέχρι
1602 2457 1693 2501 τοῦ
1736 2468 1927 2520 πορευ-

334 2533 486 2589 θῆναι
534 2536 657 2595 τούς
702 2536 943 2605 μαθητάς
994 2536 1067 2598 εἰς
1113 2542 1206 2595 τὴν
1256 2537 1547 2590 Γαλιλαὶαν·
1596 2541 1644 2589 οἱ
1689 2534 1737 2590 δ’
1786 2537 1930 2589 ἄλλοι

333 2621 698 2693 εύαγγελισταὶ
760 2630 850 2677 καὶ
908 2633 1074 2677 ταῦτα
1130 2627 1456 2702 συνέγραψαν
1518 2628 1649 2698 (14)·
1719 2628 1931 2701 Μάρκος

331 2713 421 2781 μὲν
490 2710 869 2787 ἐπιτομὸτερον·
939 2722 1147 2778 Λουκᾶς
1218 2713 1295 2783 δὲ,
1360 2716 1695 2789 πλατύτερον·
1762 2717 1929 2768 Ἰωάνο

330 2818 423 2860 ιης
456 2796 532 2865 δὲ,
565 2797 1009 2876 διεξοδικώτεροδ,

407 2888 496 2947 Εἰς
558 2919 619 2929 -
681 2892 904 2952 Ἰησοῦς.
973 2893 1051 2945 Οὖ
1112 2892 1322 2956 ἐτάξατο
1387 2894 1582 2962 αὐτοῖς,
1652 2894 1761 2947 ἀντὶ
1815 2903 1926 2961 τοῦ,

331 2976 503 3032 Ὀπου
579 2976 850 3032 ἐνετείλατο
928 2982 1101 3044 αὐτοῖς
1172 2980 1265 3036 διὰ
1338 2992 1436 3036 τῶν
1501 2993 1781 3056 γυναικῶν,
1867 2988 1930 3046 ὡς

333 3070 661 3138 προείρηται,
719 3072 1051 3142 πορευθῆναι·
1133 3077 1163 3131 ἦ
1226 3074 1352 3125 ὅπου
1411 3076 1673 3147 ὑπέσχετο
1731 3074 1926 3140 αὐτοῖς,

334 3157 418 3207 ὅτε
484 3152 607 3220 εἷπε,
684 3158 793 3230 (l5)
870 3163 1013 3213 Μετὰ
1094 3165 1151 3214 τὸ
1237 3161 1510 3237 ἐγερθῆναί
1583 3184 1644 3236 με

332 3245 465 3316 ὑμᾶς
508 3244 578 3307 εἰς
635 3251 724 3305 τὴν
768 3247 1065 3307 Γαλίλαίαν,
1124 3253 1223 3304 Καὶ
1260 3257 1361 3323 μὴν
1398 3253 1465 3315 εἰς
1508 3254 1604 3312 τὴλ
1654 3254 1927 3307 Γαλιλαίαν

333 3333 446 3405 (16)
501 3333 714 3398 ἐτάξατο
771 3337 948 3399 αύτοῐς
998 3343 1323 3414 πορευθῆναι,
1377 3347 1495 3416 περὶ
1541 3340 1601 3394 δὲ
1643 3352 1734 3396 τοῦ
1783 3344 1928 3417 ὅρους

334 3420 484 3475 οὐδὲν
542 3422 952 3497 ἀναγέγραπται.
1018 3428 1156 3487 Πλὴν
1222 3431 1358 3493 εἰκὸς
1422 3434 1450 3491 ἣ
1521 3432 1677 3485 εἰπεῖν
1735 3433 1927 3497 αὐτοῖς,

335 3515 365 3569 ἧ
399 3516 629 3583 μηνύσαι
672 3520 762 3567 καὶ
800 3522 916 3589 περὶ
958 3520 1143 3571 τούτου
1176 3516 1268 3572 διά
1306 3529 1405 3572 τῶν
1444 3531 1722 3593 γυναικῶν,
1770 3523 1813 3574 εἰ
1842 3528 1931 3575 καὶ

335 3604 405 3671 μὴ
458 3599 863 3677 ἀναγέγραπται.
916 3605 1109 3669 Ἀλλως
1158 3627 1211 3661 τε
1260 3605 1319 3661 δὲ
1356 3610 1447 3661 καί
1490 3612 1706 3673 σύνηθες
1754 3611 1931 3672 αὐτοῖς

336 3685 397 3747 ἦν
455 3688 633 3743 ἐκειῑνο
706 3697 764 3745 τὸ
834 3693 968 3767 ὃρος.
1045 3696 1183 3748 Ἐκεῖ
1242 3701 1342 3772 γὰρ
1400 3699 1631 3770 μάλιστα
1694 3697 1788 3753 διὰ
1837 3705 1931 3759 τήν

334 3779 570 3849 ἡσυχίαν
602 3780 893 3842 ηύλιζοντο.

412 3872 511 3919 Καὶ
592 3866 646 3921 id
649 3878 787 3933 οντες

333 3955 583 4030 προέλαϐε
610 3962 732 4032 γάρ.

410 4046 476 4096 Oi
524 4042 582 4098 δὲ
622 4044 927 4104 ἐδίστασαν.
976 4055 1120 4114 Τινὲς
1168 4050 1227 4105 δὲ
1274 4053 1439 4106 αὐτῶν
1488 4052 1775 4109 ἐδίστασαν
1814 4064 1932 4133 περὶ

337 4133 519 4199 αὐτοῦ,
566 4134 868 4207 φοϐούμενοι
910 4144 1002 4198 τὴν
1048 4140 1264 4199 πλάνην.
1327 4148 1441 4218 Χρὴ
1505 4142 1563 4197 δὲ
1609 4150 1680 4218 μὴ
1736 4146 1929 4215 ζητεῖν,

335 4225 469 4284 τίνες
513 4220 645 4281 ἦσαν
689 4226 851 4279 οὗτοι·
905 4235 1255 4288 σεσιώπηνται
1300 4234 1423 4303 γάρ·
1474 4236 1625 4305 μόνον
1677 4232 1733 4288 δὲ
1779 4242 1931 4307 γινώο

341 4329 498 4381 σκειν,
564 4315 640 4365 ὅτι
693 4321 783 4367 καὶ
826 4316 970 4369 οὗτοι
1026 4318 1393 4391 προσελθόντος
1448 4323 1564 4391 (17)
1613 4324 1787 4387 αὐτοῖς
1832 4324 1934 4378 ἐϐε-

338 4397 662 4459 ϐαιὼθησαν.

867 3904 937 3913 --
1019 3874 1179 3944 αὐτῷ.
1250 3873 1469 3938 Ἰδόντες
1547 3878 1721 3945 αύτόν,
1808 3878 1927 3933 ἐκεῖ·

409 4599 508 4648 Καὶ
573 4595 658 4649 ἐπὶ
713 4606 829 4668 γῆς.
891 4595 1085 4658 Ἐδόθη
1135 4621 1245 4673 μοι,
1300 4607 1479 4675 φησὶν,
1534 4607 1602 4665 ὡς
1660 4604 1933 4680 ἀνθρώπῳ,

336 4686 397 4743 ἣν
423 4682 589 4756 εἶχον,
623 4688 691 4748 ὡς
730 4690 878 4748 Θεὸς.

408 4878 740 4949 Πορευθέντες
815 4911 883 4920 --
968 4882 1106 4939 ἔθνη.
1188 4889 1261 4955 Τῇ
1343 4879 1552 4958 δοθείσῃ
1630 4906 1720 4957 μοι
1795 4886 1933 4951 ἐξου-

341 4967 432 5036 σίᾳ
463 4964 781 5039 θαρροῦντες.
816 4970 995 5021 Πάντα
1038 4971 1153 5043 (I8)
1186 4968 1244 5024 δὲ
1272 4974 1337 5023 τὰ
1374 4974 1491 5031 ἔθνη
1540 4974 1713 5044 εἰπὼν,
1754 4982 1843 5029 καὶ
1872 4982 1930 5031 τὸ

337 5061 435 5104 τῶν
481 5052 726 5127 Ἑϐραίων
768 5061 912 5128 γένος
954 5055 1206 5117 ἐδὰλωσε.
1266 5065 1365 5113 Καὶ
1415 5064 1559 5135 παρά
1603 5071 1675 5134 τῷ
1729 5069 1925 5141 Μάρκῳ

408 5208 455 5242 ⁹⁹
489 5208 664 5264 Marc.
695 5224 813 5277 1m,
848 5211 948 5276 i4;
984 5210 1123 5267 Luc.
1151 5228 1311 5279 xxxv,
1345 5216 1432 5271 36.

1548 5217 1565 5252 ¹
1594 5217 1763 5274 Joan.
1796 5235 1897 5287 xx,
1930 5220 2018 5287 19,
2050 5219 2143 5278 20.

3590 331 3692 386 762

1474 491 1547 539 ἔτι
1632 485 1676 537 ἐς,
1747 480 2353 555 Ἱερου-Ατθευττθχίι
2408 500 2444 539 a
2501 486 2749 540 mortuis
2794 485 2950 541 visus
3006 491 3093 542 est
3140 485 3243 550 eis,
3302 500 3439 539 cum
3494 488 3693 539 essent

2039 570 2237 626 adhuc
2264 572 2706 645 Hierosolymis.
2750 574 2816 628 lit
2850 575 2955 630 hoc
2996 591 3134 630 sane
3166 578 3388 630 Marcus
3417 579 3473 627 et
3504 573 3691 628 Lucas

2037 660 2356 715 Ostendunt
2404 663 2450 695 ’9
2489 681 2500 725 ;
2545 662 2912 717 manifestius
2953 668 3153 718 tamen
3192 663 3281 717 his
3322 661 3555 732 scripsit
3599 663 3692 715 Jo-

2039 762 2245 802 annes.
2278 748 2598 821 Postquam
2629 751 2788 805 enim
2812 750 2888 804 ad
2911 751 3239 822 discipulos
3269 766 3507 805 reversa
3538 754 3695 805 esset

2039 836 2227 891 Maria
2255 837 2620 906 Magdalene,
2654 838 2733 894 ait
2764 855 2780 892 :
2824 839 2971 895 Cum
3003 846 3144 895 esset
3176 854 3301 895 sero
3339 838 3429 895 die
3457 838 3561 893 illo
3585 838 3695 909 qui

2038 931 2158 980 erat
2195 941 2343 980 unus
2380 926 2784 993 Sabbatorum,
2826 934 2880 983 et
2916 930 3070 996 fores
3101 934 3281 984 essent
3318 929 3550 991 clausae.
3592 926 3696 981 ubi

2039 1020 2206 1070 erant
2236 1013 2504 1086 discipuli
2539 1018 2899 1086 congregati,
2938 1023 3181 1085 propter
3217 1022 3437 1072 metum
3468 1015 3693 1070 Iudaeo—

2038 1120 2167 1159 rum
2196 1126 2206 1157 :
2232 1105 2387 1160 venit
2405 1104 2591 1169 Iesus,
2613 1107 2951 1178 stetitquein
2968 1106 3180 1167 medio,
3195 1111 3246 1162 et
3269 1105 3355 1161 ait
3378 1105 3500 1159 illis
3526 1121 3538 1157 :
3560 1105 3694 1159 Pax

2041 1193 2220 1249 vobis.
2247 1194 2509 1264 Cumque
2527 1194 2631 1250 hoc
2641 1194 3164 1259 dixisset,ostendit
3188 1195 3265 1250 eis
3285 1208 3497 1249 manus
3514 1206 3586 1248 ac
3610 1192 3693 1247 ta-

2041 1287 2133 1337 tus
2151 1297 2344 1338 suum.
2380 1283 2575 1340 Gavisi
2593 1290 2722 1339 sunt
2756 1298 2891 1355 ergo
2920 1282 3205 1353 discipuli
3236 1283 3357 1339 viso
3378 1282 3627 1337 Domino
3648 1280 3690 1332 ¹.

2106 1529 2482 1587 Manifeslum
2521 1536 2605 1587 est
2641 1532 2863 1605 itaque,
2903 1531 3070 1603 quod
3106 1529 3498 1601 postmodum
3537 1528 3697 1585 abie-

2035 1623 2176 1675 runt
2194 1620 2253 1674 in
2276 1619 2599 1678 Galilaeam.
2623 1624 2745 1677 Non
2770 1626 2966 1676 autem
2996 1620 3275 1675 mentitus
3296 1624 3382 1674 est
3402 1618 3691 1683 Christus,

2038 1708 2203 1779 quod
2243 1709 2415 1765 stulte
2453 1709 2597 1765 dixit
2628 1714 2901 1782 Apostata
2930 1708 3219 1774 Julianus,
3260 1707 3433 1780 quasi
3474 1707 3695 1779 promi-

1557 1795 1928 1897 ;Ιεροσολύμοις

2053 1796 2183 1851 serit
2206 1813 2268 1852 se
2297 1796 2359 1851 in
2386 1797 2625 1853 Galiltea
2654 1798 2975 1853 videndum
3009 1814 3161 1862 esse,
3195 1802 3251 1851 et
3277 1795 3693 1866 Hierosolymis

2039 1901 2102 1939 se
2129 1885 2212 1939 eis
2252 1885 2573 1941 videndum
2611 1886 2947 1958 praebuerit.
2991 1886 3105 1941 Sed
3146 1890 3202 1940 et
3239 1885 3353 1940 hoc
3383 1884 3696 1954 complevit

2040 1973 2422 2043 promissum,
2465 1976 2630 2029 visus
2668 1974 2747 2029 ab
2777 1973 2858 2030 eis
2891 1973 3272 2045 postmodum
3312 1974 3371 2027 in
3410 1971 3691 2037 Galilaea;

2038 2059 2287 2117 donavit
2309 2066 2510 2117 autem
2541 2067 2596 2117 et
2626 2062 2871 2118 alteram
2898 2062 3170 2130 gratiam,
3204 2060 3370 2132 prius
3402 2060 3486 2115 eis
3515 2074 3694 2131 appa-

2036 2164 2173 2204 rens
2204 2149 2647 2222 Hierosolymis,
2671 2156 2732 2205 ut
2763 2155 2819 2206 et
2844 2165 3162 2205 maerorem
3183 2164 3388 2204 eorum
3418 2147 3689 2214 solveret,

2038 2243 2094 2294 et
2130 2238 2451 2294 mulierum
2490 2239 2675 2295 verba
2714 2239 3104 2303 conﬁrmaret,
3147 2237 3546 2309 aliorumque,
3588 2234 3693 2307 qui

2036 2343 2175 2383 eum
2216 2327 2485 2383 viderant
2514 2333 2837 2400 postquam
2877 2331 3298 2384 resurrexerat.

2110 2416 2411 2471 Matthteus
2437 2432 2578 2486 ergo
2596 2417 2872 2488 praeteriit
2889 2432 2958 2471 ea
2980 2433 3113 2488 quae
3135 2415 3481 2470 acciderunt
3501 2413 3693 2469 donec

2038 2504 2263 2559 abirent
2302 2503 2575 2575 discipuli
2614 2505 2675 2559 in
2725 2504 3062 2571 Galilaeam;
3107 2504 3298 2559 caeteri
3340 2518 3479 2557 vero
3519 2516 3692 2557 evan-

2039 2592 2266 2664 gelista:
2305 2595 2483 2648 etiam
2513 2592 2611 2649 illa
2641 2593 3156 2664 conscripserunt;
3191 2595 3415 2648 Marcus
3455 2590 3692 2662 quidem

2038 2681 2318 2748 brevius;
2350 2681 2543 2737 Lucas
2570 2686 2771 2737 autem
2797 2681 3007 2748 latius;
3040 2682 3299 2737 Joannes
3322 2695 3464 2735 vero
3495 2678 3694 2734 adhuc

2043 2770 2252 2825 fusius.

2110 2877 2275 2933 Vers.
2320 2878 2405 2931 16.
2437 2877 2507 2932 In
2537 2908 2606 2916 —-
2633 2876 2815 2933 Iesus.
2864 2878 2932 2931 In
2963 2892 3077 2947 quo
3109 2874 3411 2931 constituit
3441 2874 3541 2939 eis,
3582 2873 3695 2929 hoc

2038 2969 2145 3030 est,
2188 2964 2293 3021 Ubi
2334 2981 2440 3037 per
2478 2964 2757 3021 mulieres
2815 2965 3093 3038 praecepit
3134 2964 3218 3020 eis
3259 2968 3322 3018 ut
3359 2962 3697 3036 proﬁcisce-

2037 3058 2257 3119 rentur,
2292 3054 2445 3109 sicut
2483 3053 2832 3126 praedictum
2866 3060 2992 3120 est;
3033 3052 3127 3109 vel
3164 3052 3268 3107 ubi
3311 3051 3581 3124 promisit
3610 3051 3694 3106 eis

1721 3164 1927 3237 προάξω
1958 3166 2009 3228 c
2039 3143 2284 3216 quando
2313 3143 2458 3198 dixit
2490 3160 2501 3197 :
2536 3145 2861 3214 Postquam
2891 3150 3082 3197 autem
3115 3156 3513 3205 resurrexero,
3540 3155 3695 3209 prce-

2039 3234 2239 3290 cedam
2264 3248 2362 3289 vos
2382 3235 2441 3287 in
2465 3233 2771 3289 Gatitceam
2793 3235 2833 3287 ³.
2851 3232 3099 3304 Atquiin
3124 3231 3424 3287 Galilaeam
3446 3229 3693 3302 quidem

2038 3320 2338 3377 constituit
2361 3320 2475 3374 illis
2503 3326 2566 3375 ut
2591 3321 2853 3385 abirent;
2884 3321 2953 3375 de
2981 3323 3180 3375 monte
3208 3333 3347 3372 vero
3374 3316 3517 3371 nihil
3550 3315 3695 3371 scri-

2037 3415 2208 3482 ptum
2238 3414 2343 3465 est.
2371 3410 2692 3466 Verisimile
2717 3413 2803 3464 est
2821 3415 3019 3464 tamen
3046 3414 3100 3463 et
3122 3407 3195 3462 de
3215 3407 3329 3462 hoc
3356 3405 3443 3462 vel
3474 3405 3693 3461 dixisse

2039 3499 2173 3564 illis,
2202 3498 2471 3555 velnunc
2494 3513 2598 3569 per
2618 3498 2893 3553 mulieres
2920 3496 3308 3566 signiﬁcasse,
3339 3509 3691 3567 quanquam

2041 3589 2323 3659 scriptum
2368 3603 2492 3643 non
2532 3587 2623 3642 sit.
2669 3590 2951 3642 Praeterea
3006 3584 3313 3641 familiaris
3351 3583 3530 3639 etiam
3582 3581 3693 3637 illis

2041 3682 2166 3733 erat
2217 3692 2391 3733 mons
2425 3677 2563 3743 iste;
2622 3675 2704 3731 ibi
2754 3675 2913 3730 enim
2954 3679 3196 3747 propter
3250 3672 3510 3745 quietem
3568 3687 3694 3729 ma-

2040 3767 2200 3821 xime
2238 3767 2649 3821 versabantur.

2111 3875 2272 3928 Vers.
2324 3874 2409 3927 t6.
2465 3872 2725 3942 Cumque
2772 3870 3048 3927 vidissent
3088 3899 3155 3912 -—
3208 3885 3360 3925 eum.
3418 3870 3565 3925 Cum
3613 3866 3696 3922 vi-

2041 3963 2267 4018 dissent
2295 3962 2460 4018 illum
2492 3961 2574 4016 ibi
2609 3977 2619 4015 :
2655 3976 2754 4016 eos
2783 3960 2945 4016 enim
2972 3959 3195 4015 ibidem
3218 3959 3622 4030 praecesserat.

2112 4054 2274 4107 Vers.
2293 4052 2378 4106 17.
2396 4051 2644 4119 Quidam
2668 4065 2803 4106 vero
2819 4049 3263 4105 dubitaverunt.
3282 4046 3537 4112 Quidam
3555 4060 3697 4100 vero

2042 4156 2250 4197 eorum
2302 4139 2727 4195 dubitaverunt
2765 4137 2838 4193 de
2885 4136 3041 4208 ipso,
3086 4136 3357 4191 timentes
3409 4149 3694 4189 errorem.

2042 4233 2167 4286 Non
2223 4233 2424 4285 autem
2463 4243 2725 4299 quaerere
2773 4231 3004 4297 oportet
3042 4224 3293 4297 quinam
3335 4222 3390 4278 hi
3441 4222 3698 4287 fuerint;

2044 4335 2187 4374 nam
2240 4317 2470 4373 silentio
2524 4315 2802 4388 praeteriti
2867 4320 3023 4371 sunt.
3089 4313 3203 4369 Sed
3253 4311 3399 4367 scire
3465 4315 3697 4367 tantum

2044 4410 2296 4477 oportet,
2327 4405 2494 4477 quod
2512 4411 2565 4461 et
2585 4404 2666 4472 hi,
2690 4420 2825 4460 cum
2850 4402 3199 4460 accessisset
3219 4400 3297 4457 ad
3318 4401 3484 4472 ipsos
3503 4400 3695 4463 Jesus,

1967 4515 2013 4571 ι)
2046 4492 2382 4550 conﬁrmati
2413 4498 2571 4548 sunt.

2118 4604 2271 4657 Vers.
2315 4602 2400 4657 ‘18.
2443 4600 2517 4655 Et
2548 4631 2616 4640 —
2652 4601 2712 4653 in
2753 4603 2934 4653 terra.
2970 4599 3115 4651 Data
3144 4600 3237 4651 est
3273 4594 3441 4659 mihi,
3482 4594 3695 4667 inquit,

2042 4695 2334 4764 tanquam
2385 4688 2636 4753 homini,
2677 4691 2942 4759 potestas
2992 4701 3177 4757 quam
3215 4683 3521 4740 habebam
3576 4689 3700 4740 tan-

2042 4797 2228 4854 quam
2264 4780 2435 4835 Deus.

2114 4887 2274 4942 Vers.
2311 4887 2396 4941 19.
2419 4884 2641 4941 Euntes
2661 4912 2725 4923 ——
2746 4886 2960 4952 gentes.
2982 4880 3045 4935 In
3068 4878 3209 4935 data
3230 4878 3378 4933 mihi
3406 4882 3698 4951 potestate

2038 4977 2326 5033 ﬁduciam
2351 4974 2662 5030 habentes.
2705 4970 2912 5025 Dicens
2954 4973 3153 5023 autem
3200 4990 3211 5021 :
3250 4967 3450 5024 Omnes
3479 4974 3696 5038 gentes,

2039 5065 2222 5122 etiam
2271 5062 2652 5120 Hebraeorum
2710 5073 2898 5129 genus
2955 5055 3334 5127 signiﬁcavit.
3393 5057 3698 5129 Siquidem

2256 5220 2277 5253 ³
2303 5214 2501 5273 Matth.
2534 5227 2692 5280 xxvr,
2718 5212 2808 5265 32.

1567 5341 1783 5412 Variae
1811 5344 2139 5413 lectiones
2172 5351 2238 5408 et
2266 5348 2469 5407 notae.

548 5478 884 5550 ξυνηγμένοι,
916 5490 1027 5547 pro
1064 5477 1516 5550 συνηθροισμένοι.
1548 5482 1615 5549 Α,
1646 5489 1823 5543 recte.

429 5546 520 5609 14)
562 5546 780 5602 Horum
813 5546 948 5602 loca
972 5548 1156 5604 modo
1185 5546 1391 5606 notata
1419 5556 1576 5609 sunt.

405 5616 522 5689 (15)
557 5623 677 5669 ὀτι
716 5616 1040 5689 interponit
1077 5622 1143 5674 A.

405 5687 521 5759 (ιδ)
558 5688 682 5757 ut»,
712 5687 1033 5761 interponit
1058 5691 1126 5745 A.

2126 5483 2240 5555 (l7)
2288 5480 2666 5555 Προσελθὸντες
2700 5481 2765 5545 Α,
2832 5476 3007 5533 male.
3056 5478 3447 5553 Προσελθόντος,
3489 5473 3697 5536 δηλαδὴ

2043 5552 2142 5610 τοῡή
2159 5552 2343 5612 Ἰησοῦ
2370 5552 2566 5613 αὐτοῖς.

2120 5628 2234 5698 (t8)
2265 5629 2344 5692 Δέ,
2377 5622 2595 5682 omittit
2615 5624 2680 5677 A.
