4170 6334
493 308 599 364 767
1805 303 2154 362 EUTHYMII
2194 302 2525 362 ZIGABENI
3747 308 3858 364 768

493 431 596 502 κγ’.
640 436 759 507 Περὶ
789 438 881 483 τού
904 429 1116 503 τυφλοῦ.
1150 429 1311 500 (VIII,
1342 428 1456 500 2‘2.)

495 517 603 577 κδ’.
646 525 772 593 Περὶ
854 527 947 583 τῆς
1025 518 1073 571 ἐν
1142 523 1433 592 Καισαρείᾳ
1506 518 1891 594 ἐπερωτήσεως.
1985 517 2146 589 (VIII,

706 608 818 681 27.)
850 611 955 663 MO.
991 607 1088 680 17'.
1116 614 1245 662 Λου.
1273 608 1377 661 κθ’.

495 697 589 755 κε’.
631 704 758 774 Περὶ
837 706 931 760 τῆς
998 703 1462 771 μεταμορφώσεως.
1534 698 1645 769 (ΙΧ,
1729 697 1809 769 ‘2.)
1877 698 1983 750 MO.
2045 692 2147 749 λὸν.

711 793 841 841 Λου.
872 785 932 841 λ’.

495 874 584 938 σις’.
633 880 758 950 Περὶ
826 883 918 929 τού
986 876 1440 949 σεληνιαζομένου.
1525 876 1632 947 (IX,
1706 874 1816 946 14.)
1889 875 1990 931 MO.
2062 871 2146 928 λε’.

714 971 845 1019 Λου.
875 964 976 1021 λα’.

496 1053 597 1115 κζ’.
640 1058 767 1127 Περὶ
862 1062 963 1105 τῶν
1050 1050 1497 1126 διαλογιζομένον,
1586 1056 1666 1114 τίς
1752 1051 1941 1124 μείζων
2035 1050 2147 1122 (ΙΧ,

710 1141 829 1214 33.)
860 1144 965 1198 ne.
1002 1140 1097 1203 λς.
1140 1147 1267 1196 Λου.
1299 1139 1403 1215 λβ⁸

496 1231 598 1292 κη’.
642 1236 767 1305 Περὶ
839 1239 938 1285 τῶν
1004 1230 1459 1305 ίπιρωτησάντων,

714 1340 805 1373 σαι
835 1325 928 1380 τὴν
956 1328 1198 1393 γυναῖκα.
1256 1323 1339 1389 (Χ,
1373 1321 1453 1392 1.)
1476 1321 1582 1373 MO.
1615 1318 1687 1391 μ’.

496 1408 593 1465 xO'.
636 1414 761 1482 Περὶ
859 1416 951 1461 τοῦ

712 1505 858 1554 σούυ.
891 1497 973 1570 (X,
1005 1499 1117 1564 I7.)
1147 1499 1254 1555 MO.
1282 1495 1388 1570 μα’.
1424 1502 1550 1562 Λου,
1579 1495 1674 1566 ξ’γ’.

528 1586 587 1641 λ’.
632 1591 755 1660 Περὶ
785 1595 882 1639 τῶν
908 1588 1032 1639 υἱῶν
1061 1584 1342 1639 Ζεϐεδαίου
1372 1587 1461 1658 (Χ,
1636 1587 1740 1640 MO.
1774 1584 1884 1658 μ’γ’.

496 1674 599 1729 λα’.
643 1680 768 1750 Περὶ
800 1679 1141 1750 Βαρτιμαίου.
1170 1678 1256 1744 (Χ,
1283 1676 1397 1747 46.)
1429 1678 1534 1729 MO.
1570 1671 1677 1747 μὸν-
1710 1680 1840 1729 Λου.
1870 1670 1971 1737 ξδ’.

496 1761 600 1837 λβ.
639 1768 763 1836 Περί
809 1770 902 1816 τού
966 1763 1159 1818 πώλου.
1230 1763 1362 1853 (XL.
1408 1763 1484 1835 1.)
1543 1764 1648 1819 MO.
1701 1761 1794 1836 με’.
1858 1767 1983 1817 Λου.
2046 1761 2146 1825 ξη’.
2183 1777 2224 1834 Β

713 1851 817 1907 Ἰω.
850 1849 939 1905 ιδ’.

713 1858 817 1907 Ἰω.
850 1858 939 1905 ιδ’.

495 1940 591 2013 λγλ
634 1945 760 2015 Περὶ
832 1948 926 2003 τῆς
1005 1940 1350 2016 ξηρανθείσης
1416 1948 1578 2002 συκῆς

494 2113 593 2171 λόν.
638 2027 1193 2192 ιίεζξίιμνήσικακίας.
1226 2117 1339 2189 (XI,
1370 2117 1486 2190 25.)

493 2204 583 2258 λε’.
627 2210 754 2279 Περὶ
824 2214 923 2258 τῶν

708 2390 839 2437 Λου.
872 2383 973 2437 κθ’.

489 2470 582 2534 λς’.
626 2478 749 2546 Περὶ
844 2480 936 2526 τοῦ
1038 2472 1352 2547 ἀμπελῶνος.

709 2568 839 2618 Λου.
872 2562 935 2615 o’.

1459 2475 1591 2547 (xu,

567 2776 656 2830 23.
699 2773 779 2828 De
818 2789 988 2830 caeco.

562 2865 651 2918 2i.
693 2862 779 2918 De
814 2862 1275 2933 interrogatione
1297 2865 1361 2921 in
1394 2866 1683 2924 Cwsarea.

561 2954 649 3006 25.
692 2952 777 3007 De
796 2952 1325 3021 trans/ormatione
1352 2955 1593 3011 Domini.

560 3042 648 3094 26.
695 3039 780 3096 De
812 3040 1071 3095 tunatico
1116 3041 1368 3099 habente
1395 3044 1663 3115 spiritum
1695 3051 1955 3104 mutum.

559 3129 649 3185 27.
687 3129 774 3185 De
796 3129 1253 3199 disputantibus,
1291 3133 1417 3205 quis
1452 3139 1591 3190 esset
1634 3138 1839 3203 major.

558 3218 650 3274 28.
691 3219 775 3274 De
848 3218 941 3274 his
992 3220 1098 3291 qui
1147 3222 1591 3293 interrogabant
1641 3225 2002 3283 Dominum:
2047 3228 2138 3283 An

491 3304 688 3363 ticeret
712 3322 845 3362 cum
868 3322 1055 3365 uxore
1087 3308 1412 3367 divortium
1439 3311 1662 3378 facere.

558 3397 646 3451 29.
688 3395 776 3452 De
798 3396 981 3453 divite
1007 3399 1114 3468 qui
1139 3399 1450 3456 Dominum
1475 3400 1906 3474 interrogabat.

560 3482 649 3537 30.
692 3484 777 3540 De
801 3484 939 3553 ﬁliis
967 3486 1256 3544 Zebedasi.

560 3572 648 3626 3t.
696 3571 776 3627 De
805 3571 1134 3630 Bartimeeo.

562 3662 648 3715 3'2.
690 3658 772 3715 De
796 3662 991 3729 pulto.

557 3749 649 3805 33.
695 3749 779 3806 De
799 3750 919 3818 ﬁcu
957 3766 1084 3822 qua
1111 3755 1363 3809 exaruit.

555 3836 645 3892 34.
694 3839 774 3895 De
801 3839 1098 3896 oblivione
1121 3841 1511 3912 injuriarum.

557 3929 644 3982 35.
681 3928 751 3982 De
772 3928 1237 4000 interrogantibus
1270 3932 1579 3999 Dominum,
1605 3933 1669 3988 In
1721 3951 1829 4006 qua
1869 3940 2142 4007 potestate

555 4119 1184 4179 INTERPRETATIO
1219 4124 1672 4184 EVANGELII
1697 4128 1972 4187 MARCI.

2181 428 2222 483 Λ
2258 426 2356 488 λζ’.
2402 435 2525 502 Περὶ
2603 438 2703 481 τῶν

1557 1230 1600 1284 εἰ
1676 1229 1873 1292 ἔξεστιν
1958 1227 2122 1281 ἁπολύ
2135 1258 2148 1268 -

1034 1407 1451 1482 ἕπερωτήσαντος
1536 1408 1789 1461 πλουσίου
1877 1410 1964 1460 τόν
2053 1407 2152 1466 Ἰη-

1660 1942 1769 2012 (Χι,
1844 1940 1957 2012 12.)
2041 1941 2147 1995 me.

1007 2205 1442 2282 incommodarum
1534 2209 1615 2260 τόν
1699 2210 1888 2281 Κύριον
1969 2206 2151 2283 ἀρχιε-

484 2338 492 2347 .
604 2357 609 2363 η
707 2298 833 2368 ρέων
907 2299 998 2347 καὶ
1059 2294 1441 2369 πρεσϐυτέρων.
1510 2296 1620 2368 (XI,
1682 2295 1797 2369 9.7.)
1865 2297 1971 2350 MO.
2039 2294 2145 2369 μη’.

1696 2475 1776 2547 1.)
1877 2476 1984 2529 MO.
2086 2473 2146 2531 ν’.

2783 431 3212 504 ἐπερωτησάντων
3289 427 3384 484 διὰ
3461 434 3547 483 τὸν
3637 438 3852 490 κῆνσον.

2473 518 2603 589 (XII,
2638 519 2747 589 I3.)
2774 522 2880 573 MO.
2913 519 3013 592 νβ’.
3048 526 3172 572 Αου.
3206 518 3300 573 οα’.

2256 602 2352 662 λη’.
2397 611 2520 677 Περὶ
2576 615 2676 658 τῶν
2733 603 3124 660 Σαδδουκαίων.
3185 608 3348 680 (XIII,
3402 607 3513 679 IS.)
3569 607 3686 674 ΜΨ,
3749 609 3850 681 νγ¹.

2474 701 2603 748 Λου.
2637 693 2740 769 οβ’.

2256 780 2355 835 λθ¹.
2396 788 2521 858 Περὶ
2593 792 2686 837 τοῦ
2756 790 3119 861 Γραμματίως.
3182 786 3314 850 (XII,
3389 786 3502 858 '28.)
3563 786 3682 840 MO'.
3754 783 3849 840 ιδ’.

2472 878 2602 928 Λου.
2633 871 2724 928 λε’.

2292 958 2367 1031 μ’.
2411 966 2531 1035 Περὶ
2610 970 2702 1024 τῆς
2768 968 2862 1016 τόύ
2960 967 3155 1037 Κυρίου
3231 962 3615 1038 ἐπερωτήσεως.
3721 964 3849 1033 (XII,

2471 1052 2587 1120 35.)
2616 1051 2724 1107 MO.
2753 1051 2836 1106 νε’.
2872 1059 3001 1107 Λου.
3032 1053 3127 1125 ον’.

2258 1136 2369 1211 μα’.
2411 1143 2534 1214 Περὶ
2577 1148 2671 1203 τῆς
2720 1144 2788 1194 τὰ
2841 1138 2939 1195 δύο
2980 1141 3139 1195 λεπτὰ
3194 1140 3485 1215 βαλούσης.
3547 1144 3683 1212 (XII,
3738 1142 3850 1215 41.)

2476 1234 2604 1282 Λου.
2640 1225 2739 1281 οδ’.

2258 1314 2371 1389 μβ.
2411 1322 2534 1392 Περὶ
2601 1316 2911 1379 συντελείας.
2977 1317 3131 1391 (XIII,
3209 1319 3287 1391 3.)
3367 1320 3473 1374 MO.
3559 1318 3654 1380 νζ.
3722 1325 3849 1373 Λου.

2470 1407 2558 1459 οῖ’.

2257 1492 2363 1567 μγ’.
2407 1499 2531 1567 Περὶ
2582 1502 2677 1557 τῆς
2734 1497 2929 1569 ἡμέρας
2993 1501 3084 1549 καὶ
3140 1498 3295 1571 ὧρας.
3354 1497 3505 1569 (XIII,
3569 1498 3683 1568 32.)
3746 1499 3852 1551 MO.

2472 1602 2571 1641 νη.

2260 1667 2373 1743 μδ’.
2420 1676 2539 1740 Περὶ
2608 1680 2701 1735 τῆς
2755 1671 3037 1745 ἀλειψάσης
3094 1677 3179 1726 τόν
3239 1676 3428 1748 Κύριον
3489 1677 3637 1747 μύρῳ
3695 1675 3854 1746 (XIV,

2474 1760 2552 1833 3.)
2581 1763 2686 1815 MO.
2856 1768 2984 1816 Λου.
3016 1763 3120 1815 xu’.
3151 1761 3251 1817 Ἰω.
3282 1761 3380 1836 ιβ’.

2258 1848 2353 1922 με’.
2400 1854 2521 1924 Περὶ
2562 1858 2655 1903 τού
2705 1853 2922 1924 Πάσχα.
2992 1852 3153 1923 (XIV,
3218 1853 3328 1924 I‘Z.)
3387 1853 3494 1905 MO.
3559 1851 3660 1923 57'.
3724 1857 3855 1906 Λου.

2474 1958 2561 2001 ος.

2258 2045 2363 2117 μς’.
2408 2050 2532 2121 Περὶ
2591 2055 2684 2108 τῆς
2749 2044 3088 2123 παραδόσεωὸ
3154 2066 3447 2122 προφητεια
3519 2048 3678 2119 (XIV,
3751 2052 3859 2118 I7.)

2259 2222 2366 2295 μζ.
2410 2132 2746 2298 Πεῖἒθπξῖ.
2788 2223 3072 2301 ἀρνήσεως.
3153 2225 3315 2298 (XIV,
3391 2225 3506 2297 66.)
3575 2226 3682 2280 MO.
3772 2224 3854 2289 εξ.

2474 2318 2605 2367 Λου.
2637 2313 2735 2373 οη’.

2258 2400 2367 2474 μη’.
2411 2407 2535 2475 Περὶ
2615 2412 2707 2465 τῆς
2782 2403 3042 2466 αἰτήσεως
3111 2410 3204 2456 τοῦ
3279 2409 3520 2476 σώματος
3592 2410 3685 2456 τοῦ
3755 2409 3858 2457 Κυο

2469 2496 2608 2565 ρίου.
2664 2492 2798 2562 (XV,
2830 2492 2944 2565 42.)
2984 2494 3090 2547 MO.
3133 2490 3233 2555 En'.
3279 2498 3410 2545 Λου.
3440 2490 3553 2565 πβ.
3604 2491 3707 2547 Ἰω.
3762 2491 3856 2553 ιη’,

2254 2705 2373 2763 haec
2406 2706 2559 2776 facis
2586 2711 2614 2763 Σ)

2321 2800 2407 2852 36.
2453 2796 2533 2850 De
2565 2796 2749 2852 vinea.

2319 2886 2406 2940 37.
2446 2886 2529 2941 De
2557 2885 2647 2942 his
2669 2885 2773 2958 qui
2800 2885 3252 2957 interrogabant
3295 2883 3588 2941 occasione
3617 2897 3835 2939 census.

2318 2973 2407 3029 38.
2449 2976 2530 3029 De
2564 2974 2924 3031 Sadducais.

2318 3064 2406 3118 39.
2438 3064 2521 3120 De
2543 3064 2756 3120 scriba.

2177 3133 2218 3190 (δ
2317 3154 2404 3206 lio.
2448 3154 2531 3209 De
2560 3153 3025 3223 interrogatione
3055 3152 3308 3208 Domini.

2313 3241 2403 3295 41.
2448 3242 2531 3298 De
2553 3241 2735 3298 vidua
2766 3257 2891 3313 quas
2915 3242 3033 3298 duo
3064 3242 3293 3298 minuta
3326 3240 3562 3297 obtulit.

2317 3331 2405 3385 42.
2443 3332 2523 3387 De
2553 3332 3068 3387 consummatione.

2315 3418 2404 3473 43.
2450 3421 2534 3476 De
2579 3419 2673 3474 die
2701 3419 2804 3475 itto
2843 3424 2895 3475 et
2926 3420 3096 3477 hora.

2320 3508 2407 3563 44.
2456 3511 2533 3565 De
2561 3523 2630 3565 ea
2654 3524 2780 3579 qum
2809 3510 2969 3563 unxit
3004 3509 3310 3565 Dominum
3340 3512 3648 3576 unguento.

2318 3598 2407 3651 45.
2452 3599 2534 3653 De
2561 3598 2808 3654 Pascha.

2319 3689 2404 3743 46.
2444 3690 2529 3744 De
2562 3688 2893 3754 proditione
2924 3688 3278 3759 prophetica.

2317 3780 2406 3835 47.
2440 3778 2529 3833 De
2554 3777 2855 3847 negatione
2875 3777 3063 3835 Petri.

2322 3867 2408 3923 48.
2452 3869 2535 3923 De
2556 3866 2827 3938 petitione
2853 3868 3108 3939 corporis
3140 3866 3376 3925 Christi.

2924 4137 3098 4186 ΚΑΤΑ
3194 4137 3476 4187 ΜΑΡΚΟΝ
3574 4137 3853 4186 ΙιῖΥΛΓΓΕ-

2967 4226 3002 4273 Α
3015 4226 3144 4274 ΙΟΥ.

2254 4138 2590 4187 ΕΡΜΗΝΕΙΑ
2692 4139 2822 4186 ΤΟΥ

557 4298 785 4353 Marcus
810 4297 968 4353 tilius
1018 4299 1125 4355 fuit
1182 4300 1397 4369 Marias,
1429 4318 1567 4375 quia
1596 4303 1654 4361 in
1687 4304 1871 4363 domo
1910 4324 2020 4366 sua
2053 4310 2148 4365 be-

2324 4313 2533 4384 Μάρκος
2580 4311 2605 4363 ό
2659 4310 3050 4383 εὐαγγελιστὴς,
3099 4312 3208 4371 υἱός
3261 4313 3353 4383 μὶν
3399 4313 3578 4382 γέγονε
3625 4314 3851 4384 Μαρίας,

487 4385 667 4458 nigne
714 4387 1021 4458 apostolos
1073 4390 1422 4462 excipiebat.
1455 4392 1787 4451 Vocabatur
1833 4401 2035 4455 autem
2090 4403 2148 4457 et

2256 4409 2349 4462 τῆς
2398 4397 2784 4473 ὃςξιωσαμένης
2824 4397 2873 4452 ἓν
2917 4407 2977 4473 τῇ
3039 4398 3226 4457 ἑαυτῆς
3272 4398 3413 4471 οἰκίᾳ
3457 4402 3575 4459 τοὺς
3631 4397 3853 4451 ἀποστό-

485 4474 765 4541 Joannes,
789 4476 1303 4546 quemadmodum
1334 4478 1393 4535 in
1430 4482 1588 4537 Actis
1619 4484 2032 4554 apostolorum
2060 4488 2148 4544 in-

2256 4489 2409 4552 λους’
2475 4488 2702 4542 ἐκαλεῖτο
2757 4486 2816 4542 δὲ
2863 4494 2953 4542 καὶ
3006 4489 3261 4553 Ἰωάννης,
3329 4490 3393 4548 ὡς
3450 4486 3499 4539 ἐν
3552 4494 3664 4548 ταῖς
3717 4489 3851 4560 Προί-

485 4562 760 4619 venimus
786 4581 803 4620 :
832 4565 1060 4632 Petrus,
1089 4566 1303 4639 inquit,
1323 4571 1610 4641 recognita
1624 4574 1777 4630 venit
1804 4574 1885 4630 ad
1904 4575 2145 4634 domum

483 4654 695 4710 matris
727 4654 990 4721 Joannis,
1034 4656 1136 4728 qui
1185 4659 1719 4728 cognominabatur
1747 4662 2015 4729 Marcus,
2047 4666 2147 4721 ubi

481 4747 648 4799 erant
671 4744 848 4799 multi
869 4745 1207 4816 congregati
1261 4752 1315 4803 et
1368 4754 1602 4807 orantes
1633 4751 1675 4804 ί.
1706 4750 1772 4806 Et
1797 4750 1954 4808 circa
1985 4753 2145 4825 priu-

481 4830 637 4904 cipia
657 4831 903 4905 quidem
925 4835 1279 4906 conjunctus
1296 4838 1687 4908 estBarnabae
1707 4840 2006 4899 avunculo
2036 4859 2143 4898 suo

482 4925 539 4975 et
567 4922 769 4991 Paulo,
802 4922 971 4979 sicuti
1004 4923 1154 4980 liber
1172 4927 1455 4982 Actorum
1488 4931 1736 4984 testatur
1769 4931 1813 4995 ³,
1839 4934 1896 4985 et
1923 4930 2143 4987 Paulus

483 5008 539 5063 in
574 5009 848 5078 Epistolis
880 5012 1249 5069 mentionem
1272 5015 1402 5086 ejus
1428 5014 1670 5082 faciens,
1708 5022 1768 5074 ut
1788 5016 1849 5073 in
1880 5019 2144 5091 Epistola

484 5094 564 5151 ad
602 5094 988 5156 Colossenses
1005 5102 1046 5167 ³,
1082 5107 1137 5156 et
1175 5100 1235 5157 in
1267 5104 1534 5161 secunda
1575 5104 1654 5161 ad
1677 5106 2050 5164 Timotheum
2084 5109 2132 5166 ‘.

2255 4579 2367 4641 ξεσι
2419 4587 2519 4631 τῶν
2577 4577 2873 4631 ἀποστόλων
2921 4578 3248 4651 εὑρίσκομεν.
3310 4572 3536 4629 Συνιὸὼν
3573 4579 3696 4650 γὰρ,
3748 4595 3847 4648 φη-

2256 4672 2359 4735 σὶν,
2437 4669 2463 4719 ὁ
2538 4671 2724 4742 Πέτρος
2801 4664 2951 4739 ἦλθεν
3018 4664 3102 4719 ἐπὶ
3167 4670 3261 4725 τὴν
3326 4666 3495 4718 οἰκίαν
3583 4673 3675 4726 τῆς
3752 4685 3851 4738 μή·

2250 4760 2367 4830 τρός
2460 4758 2695 4808 Ἰωίίννου
2783 4762 2873 4807 τοῦ
2960 4753 3364 4828 ἐπικαλουμένου
3458 4756 3697 4830 Μάρκου,
3790 4753 3851 4806 οὗ

2255 4842 2388 4917 ᾖσαν
2476 4847 2642 4897 ἱκανοὶ
2734 4845 3167 4918 συνηθροισμένοι
3244 4848 3331 4895 καὶ
3413 4848 3849 4916 προσευχόμενοι.

2255 4938 2357 4987 Καὶ
2421 4936 2693 5008 καταρχὰς
2759 4936 2849 5006 μὲν
2938 4937 3201 4986 συνείπετο
3268 4932 3526 5007 Βαρνάϐᾳ,
3593 4940 3667 5002 τῷ
3737 4933 3855 5004 θείῳ

2255 5022 2436 5089 αὐτοῦ,
2479 5027 2570 5075 καὶ
2599 5020 2807 5094 Παύλῳ,
2845 5023 3019 5083 καθὼς
3066 5024 3096 5081 ἦ
3151 5039 3207 5074 τε
3235 5019 3419 5095 βίϐλος
3461 5030 3560 5074 τῶν
3613 5021 3855 5096 Πράξεων

2256 5117 2510 5187 παριστᾷ,
2558 5115 2649 5164 καὶ
2703 5110 2921 5177 Παῦλος,
2976 5109 3026 5163 ἐν
3074 5109 3402 5172 Ἐπιστολαῖς
3444 5115 3652 5186 μνήμην
3697 5110 3859 5165 αὐτοῦ

557 5273 574 5309 ¹
605 5277 727 5331 Act.
759 5290 859 5345 xu,
890 5277 977 5335 t2.
1055 5279 1076 5313 ³
1107 5279 1245 5337 Act.
1282 5297 1384 5349 xu,
1439 5287 1507 5340 25
1535 5300 1550 5351 ;
1581 5300 1678 5352 xv,
1705 5285 1794 5355 37,
1825 5290 1912 5345 39.
1991 5291 2013 5326 ³
2041 5292 2148 5349 (ἔοι

2256 5333 2265 5348 .
2296 5307 2379 5360 1v,
2413 5291 2499 5346 10.
2579 5292 2600 5325 ⁸
2631 5290 2679 5345 ΙΙ
2706 5290 2856 5348 Tim.
2887 5306 2962 5358 ιν,
2984 5291 3090 5357 11.

1842 5438 2060 5509 Variae
2080 5440 2407 5511 lectiones
2445 5451 2513 5509 et
2542 5450 2744 5511 notae.

571 5614 631 5668 ‘0
650 5618 907 5678 ommitit
935 5624 996 5680 Β.
1014 5622 1173 5680 Idem
1202 5640 1360 5692 mox,
1388 5628 1726 5699 postoixtav,
1748 5632 2032 5692 insertum
2059 5637 2242 5695 habet
2263 5642 2490 5712 Μαρίας.
