4170 6334
294 325 403 388 769

1413 329 1780 387 COMMENT.
1823 331 1894 387 IN
1935 327 2260 391 MARCUM.
2301 363 2372 377 -—
2409 334 2562 391 CAP.
2605 337 2647 391 Ι.

3573 343 3679 396 770

295 452 622 523 ποιούμενος,
682 458 743 522 τῇ
835 469 887 502 τε
943 455 1074 524 πρὸς
1133 451 1454 515 Κολασσαείς
1483 459 1572 506 καὶ
1643 463 1704 528 τῇ
1773 459 1899 532 πρὸς

2015 457 2227 513 Deinde
2275 475 2410 515 cum
2444 463 2608 515 Petro
2640 463 2839 518 Romte
2869 466 3259 518 conversatus
3304 468 3412 532 est,
3461 481 3669 538 quem-

296 541 544 612 Τιμόθεον
598 535 834 611 δευτέρῳ
899 536 1010 592 εἶτα
1057 549 1128 611 τῷ
1185 546 1358 617 Πέτρῳ
1401 551 1559 602 συνῆν
1611 541 1658 594 ἐν
1704 543 1894 617 Ῥώμη,

297 629 363 688 ὡς
412 630 441 686 ἡ
494 633 671 702 πρώτη
741 629 900 680 αὐτοῦ
951 629 1233 690 Ἐπιστολὴ
1288 629 1570 697 δείκνυσιν,
1627 632 1676 684 ἐν
1811 638 1899 685 καὶ

297 719 410 768 υἱὸν
442 716 600 768 αὐτοῦ
653 720 788 769 κατὰ
838 725 1040 791 πνεῦμα
1069 723 1154 771 τὸν
1201 721 1412 794 Μάρκον
1457 721 1603 782 οὗτος
1642 722 1894 795 ὠνόμασε,

302 805 428 879 παρ’
469 805 529 856 οὗ
558 810 648 857 καὶ
697 805 808 858 ὅλον
849 811 936 859 τὸν
991 816 1080 860 τοῦ
1125 809 1440 881 Εὑαγγελίου
1487 809 1635 881 λ.ῤ,γον
1682 813 1707 862 6
1751 814 1899 886 Μάρ-

300 912 395 953 κος
444 896 740 966 μεμάθηκεν
786 895 884 966 (2).
937 894 1152 949 Ἔπειτα
1201 897 1562 970 συνεγράψατο
1617 904 1676 952 τὸ
1730 900 1903 971 Εὐαγ-

298 981 490 1053 γέλιον,
545 985 615 1046 ὡς
670 987 762 1056 μὲν
805 987 1003 1058 ἱστορεῖ
1057 991 1146 1038 καὶ
1199 985 1410 1058 Κλήμης
1461 988 1486 1038 6
1545 992 1898 1061 Στρωματεὺς,

299 1068 347 1122 ἐν
378 1071 508 1144 αὐτῇ
543 1080 603 1144 τῇ
654 1072 847 1146 Ῥώμῃ,
879 1075 1016 1126 κατὰ
1045 1071 1104 1126 δὲ
1156 1079 1242 1127 τὸν
1297 1081 1673 1150 Χρυσὸστομον
1707 1077 1804 1148 (3),
1851 1075 1899 1128 ἐν

302 1160 569 1232 Αἰγύπτῳ,
619 1162 968 1238 παρακληθεὶς
1037 1165 1138 1216 ὑπό
1193 1173 1291 1216 τῶν
1348 1163 1450 1217 ἐκεῖ
1506 1175 1724 1231 πιστῶν,
1771 1169 1900 1238 μετά

301 1252 386 1307 ἔτη
419 1246 548 1302 δέκα
591 1261 682 1313 τῆς
735 1259 826 1304 τοῦ
873 1259 1110 1324 Σωτῆρος
1164 1250 1479 1324 ἀναλήψεως.
1535 1263 1796 1328 Συμφωνεί
1839 1252 1898 1308 δὲ

302 1346 375 1407 τῷ
431 1341 682 1411 Ματθαίῳ
731 1340 864 1403 λίαν,
913 1340 1046 1399 πλὴν
1099 1343 1218 1394 ὅσον
1259 1340 1440 1403 ἐκεῖνός
1498 1341 1610 1395 ἐστι
1652 1343 1899 1396 πλατύτε-

297 1444 404 1496 ρος.
439 1433 553 1500 Χρὴ
611 1425 677 1488 δή
727 1430 947 1482 καθόλου
987 1436 1279 1502 γινώσκειν,
1324 1434 1390 1494 ὡς
1445 1435 1492 1484 οἱ
1534 1433 1898 1504 εὐαγγελισταὶ

301 1519 426 1567 ποτὲ
465 1519 554 1588 μὲν
603 1521 736 1570 κατά
782 1519 927 1582 τάξιν
971 1518 1357 1592 ἀπαγγελλουσι
1403 1525 1497 1582 τὰς
1549 1519 1898 1584 διδασκαλίας

301 1608 392 1656 καὶ
442 1607 506 1656 τὰ
563 1607 806 1678 θαύματα
860 1616 950 1660 τοῦ
990 1614 1242 1680 Χρὶστοῦ,
1297 1615 1436 1682 νόμῳ
1501 1613 1750 1685 ἱστορίας
1808 1632 1898 1664 “o-

302 1696 356 1745 τε
405 1689 482 1760 δὲ,
539 1695 597 1747 οὐ
647 1704 868 1771 τηροῦσι
921 1697 1088 1765 τάξιν,
1146 1695 1452 1761 σπεύδοντες
1507 1705 1660 1773 μόνον
1717 1702 1789 1765 εἰς
1839 1705 1896 1753 τὸ

304 1781 640 1856 ἀπαγγέλλειν
665 1785 818 1840 αὐτά.

375 1999 546 2072 Ἀρχὴ
621 2007 711 2051 τοῦ
768 2030 826 2038 -
878 2008 988 2062 τοῖς
1063 2007 1375 2073 προφήταις.
1442 2003 1752 2076 Εὐαγγέλιον
1811 2013 1898 2058 νῦν

304 2091 330 2139 6
397 2089 627 2162 Μάρκος,
700 2093 793 2146 τήν
843 2094 1030 2147 Καινήν
1080 2092 1358 2155 Διαθηκην,
1418 2096 1510 2150 τήν
1532 2097 1644 2146 νέαν
1695 2096 1901 2167 νομοθε-

305 2182 424 2229 σίαν
475 2185 566 2229 τοῦ
617 2184 851 2248 Χριστοῦ
907 2177 1140 2236 κέκληκε.
1200 2185 1348 2232 Διατί
1405 2177 1464 2234 δὲ
1513 2182 1676 2244 οὕτως
1739 2183 1900 2241 αὐτὴν

301 2266 583 2337 ὠνόμασεν,
654 2268 853 2338 εἷρηται
904 2264 952 2317 ἐν
1003 2276 1074 2337 τῶ
1131 2273 1388 2342 προοιμίῳ
1458 2278 1553 2330 τῆς
1609 2269 1900 2342 ἐξηγήσεως

299 2363 392 2406 τοῦ
441 2356 574 2406 κατὰ
621 2356 887 2407 Ματθαῖον
939 2355 1280 2427 Εὖαγγελίου,
1341 2359 1462 2410 ἔνθα
1502 2364 1619 2432 περὶ
1660 2367 1748 2420 τῆς
1797 2359 1903 2412 ἐπι-

297 2450 506 2516 γραφῆς
536 2450 633 2493 τῶν
665 2441 989 2513 Εὐαγγελίων
1020 2440 1444 2517 προδιειληπται.
1477 2451 1615 2504 Φησὶ
1647 2443 1706 2499 δὲ
1736 2449 1761 2499 6
1799 2468 1903 2500 πα-

301 2552 402 2604 ρων
433 2530 825 2602 εὖαγγελιστής,
871 2533 950 2583 ὄτὶ
999 2530 1142 2605 ἁρχὴ
1186 2542 1278 2595 τῆς
1329 2534 1443 2596 νέας
1491 2536 1568 2607 (4)
1599 2539 1904 2609 νομοθεσίας

307 2627 533 2691 Χριστοῦ
597 2621 731 2672 οὔτω
787 2625 1010 2691 γέγονεν,
1067 2623 1136 2682 ὡς
1184 2626 1477 2696 γέγραπται
1527 2624 1577 2676 ἐν
1626 2632 1736 2686 τοῖς
1780 2645 1903 2700 προ-

303 2713 488 2779 φήταις
548 2724 566 2739 ⁶
595 2707 731 2780 λέγει
779 2705 840 2761 δὲ
895 2710 1178 2782 Μαλαχίαν
1231 2717 1321 2764 καὶ
1358 2712 1596 2768 ’Πσαῖαν.
1648 2712 1776 2767 Εἶτα
1816 2719 1900 2766 τί-

304 2796 431 2852 θησι
483 2801 570 2848 καὶ
614 2799 680 2848 τὰ
725 2797 860 2868 ῥητὰ
929 2807 1030 2850 τῶν
1109 2809 1405 2873 προφητῶν,
1449 2803 1529 2854 ἵνα
1577 2805 1765 2875 μάθῃς,
1819 2805 1900 2855 ὅτι

301 2887 518 2942 τοιαύτη
577 2883 719 2958 ἀρχὴ
787 2895 880 2938 τοῦ
933 2887 1246 2960 Εὐαγγελίου
1299 2894 1521 2961 γέγονεν,
1577 2893 1687 2943 οἷαν
1735 2894 1901 2944 ταῦτά

302 2991 483 3042 φασιν.
538 2979 715 3025 Ταῦτα
775 2971 834 3026 δέ
892 2995 1067 3046 φασιν,
1144 2975 1320 3049 ἀρχὴν
1372 2980 1531 3031 αὐτοῦ
1584 2983 1899 3051 γενήσεσθαι

299 3063 388 3112 τὸν
451 3061 711 3122 Ἰωάννην,
767 3066 836 3125 ὡς
893 3063 1326 3140 ἀναπτυσσὸμενα
1413 3065 1694 3131 δείξουσιν.
1760 3070 1898 3124 Ἐπεὶ

1928 1804 1977 1860 Β
2006 1792 2148 1840 vant
2201 1802 2214 1840 :

2009 547 2340 602 admodum
2405 549 2562 619 prior
2611 549 2740 620 ejus
2789 550 3050 621 Epistola
3098 551 3493 620 demonstrat,
3559 572 3676 626 qua

2010 635 2180 689 etiam
2216 635 2309 689 hic
2340 637 2527 691 ﬁlium
2564 653 2740 693 suum
2768 638 2940 708 juxta
2971 640 3247 710 spiritum
3281 643 3540 698 Marcum
3573 659 3678 716 ap-

2012 723 2242 792 pellavit
2281 724 2302 757 ⁵
2335 743 2348 782 :
2383 741 2414 777 a
2439 741 2562 795 quo
2602 741 2847 798 insuper
2881 733 3070 782 totum
3120 730 3412 800 Evangelii
3453 747 3677 786 sermo-

2011 826 2148 865 nem
2194 813 2418 866 Marcus
2467 813 2691 880 didicit,
2743 820 2800 869 et
2857 816 3244 885 postmodum
3291 819 3674 889 Evangelium

2011 901 2379 971 conscripsit,
2431 901 2757 956 secundum
2814 902 3179 958 Clementem
3234 907 3671 972 Stromaticum,

2009 977 2124 1042 hoc
2170 993 2274 1059 est,
2326 988 2425 1059 qui
2481 989 2647 1044 varia
2706 991 2763 1044 in
2820 1006 3009 1046 unum
3063 994 3384 1056 contexuit,
3431 994 3490 1048 iu
3549 996 3676 1066 ipsa

2010 1077 2198 1132 Roma
2225 1094 2238 1131 :
2265 1077 2432 1148 juxta
2455 1077 2945 1149 Chrysostomnm
2970 1084 3168 1134 autem
3200 1080 3257 1134 in
3281 1083 3552 1153 zEgypto,
3585 1099 3678 1139 ro-

2009 1169 2183 1235 gatus
2215 1181 2250 1220 a
2281 1165 2558 1220 fratribus
2581 1167 2683 1238 qui
2713 1165 2932 1222 ibidem
2960 1167 3374 1237 morabantur,
3411 1175 3546 1240 post
3576 1170 3677 1224 de-

2008 1252 2232 1308 cimum
2272 1269 2308 1308 a
2355 1253 2676 1310 Salvatoris
2712 1255 3137 1325 Assumptione
3187 1271 3439 1312 annum.
3492 1257 3673 1312 Pluri-

2007 1356 2177 1396 mum
2208 1348 2408 1398 autem
2439 1359 2575 1398 cum
2604 1343 2880 1400 Mattth
2901 1345 3216 1406 consentit.
3247 1345 3360 1399 nisi
3391 1345 3558 1417 quod
3582 1345 3667 1402 la-

2007 1429 2123 1485 tius
2191 1430 2287 1486 ille
2334 1435 2550 1486 cuncta
2605 1432 2899 1487 describit.
2973 1432 3198 1504 Ubique
3251 1440 3452 1489 autem
3519 1435 3671 1491 scire

2006 1525 2252 1591 oportet,
2276 1519 2441 1591 quod
2467 1520 2837 1589 evangelista)
2859 1520 3161 1576 interdum
3184 1521 3431 1593 quidem
3455 1522 3670 1580 Christi

2006 1607 2341 1663 doctrinam
2389 1624 2457 1663 ac
2489 1608 2772 1668 miracula
2826 1609 3034 1664 ordine
3061 1609 3404 1666 describunt
3434 1611 3496 1666 in
3545 1628 3669 1666 mo-

2006 1695 2152 1752 dum
2195 1696 2467 1764 historize,
2503 1697 2870 1770 quandoque
2901 1713 3039 1753 vero
3069 1697 3343 1754 ordinem
3373 1714 3496 1754 non
3551 1715 3670 1754 ser-

2271 1785 2330 1841 id
2357 1785 2553 1843 solum
2581 1787 2908 1852 studentes,
2957 1791 3035 1854 ut,
3069 1787 3232 1859 quod
3284 1787 3510 1844 dictum
3563 1791 3669 1845 aut

2007 1871 2231 1930 factum
2263 1880 2372 1939 est,
2416 1875 2790 1930 annuntient.

2081 1983 2230 2037 CAP.
2280 1981 2319 2034 l.
2354 1979 2518 2035 Vers.
2558 1985 2605 2035 t.
2659 1979 2904 2036 Initium
2944 2010 3014 2019 —
3043 1980 3204 2035 Vers.
3235 1984 3286 2034 2.
3333 1981 3662 2050 prophetis.

2008 2067 2393 2138 Evangelium
2421 2084 2579 2124 nunc
2608 2070 2833 2124 Marcus
2860 2067 3184 2140 appellavit
3213 2071 3442 2124 Novum
3475 2072 3669 2126 Testa-

2009 2163 2298 2222 mentum,
2332 2173 2553 2212 novam
2584 2156 2794 2212 Christi
2835 2155 3287 2225 legislationem.
3321 2158 3437 2212 Cur
3465 2162 3668 2213 autem

2009 2245 2090 2302 ita
2133 2245 2551 2310 nominaverit,
2603 2245 2827 2300 dictum
2861 2249 2953 2301 est
2982 2245 3042 2300 in
3087 2245 3378 2301 Procemio
3426 2261 3670 2302 enarra-

2010 2334 2185 2390 tionis
2233 2334 2535 2404 Evangelii
2560 2334 2731 2405 juxta
2760 2333 3124 2398 Matthteum,
3161 2333 3259 2389 ubi
3291 2335 3366 2390 de
3419 2350 3669 2405 evange-

2010 2424 2227 2481 liorum
2251 2423 2630 2495 inscriptione
2657 2428 2974 2479 tractatum
2998 2427 3100 2478 est.
3126 2424 3375 2493 Aitergo
3401 2439 3667 2494 praesens

2009 2512 2399 2582 evangelista,
2427 2511 2592 2584 quod
2620 2511 2974 2584 principium
2995 2527 3165 2567 novas
3191 2511 3404 2566 Christi
3432 2511 3668 2581 legisla-

2009 2600 2185 2657 tionis
2225 2601 2307 2656 ita
2357 2601 2483 2670 fuit,
2535 2601 2683 2655 sicut
2721 2601 2775 2655 in
2807 2599 3112 2672 prophetis
3161 2600 3449 2672 scriptum
3501 2605 3593 2656 est
3649 2621 3662 2654 :

2010 2689 2360 2745 dicitautem
2390 2689 2608 2744 Isaiam
2632 2693 2690 2744 et
2712 2689 3077 2745 Malachiam.
3099 2688 3318 2744 Deinde
3341 2704 3409 2744 ea
3423 2704 3666 2761 quoque

2009 2777 2196 2851 ponit,
2236 2794 2371 2850 quin
2403 2794 2438 2833 a
2469 2777 2764 2848 prOphetis
2816 2777 2973 2833 dicta
3003 2782 3160 2837 sunt,
3198 2781 3261 2832 ut
3291 2777 3494 2832 videas
3557 2776 3666 2833 tale

2008 2867 2185 2924 fuisse
2219 2867 2517 2937 Evangelii
2545 2867 2922 2940 principium,
2969 2866 3148 2937 quale
3179 2865 3381 2921 dicunt
3411 2867 3666 2938 prophe-

2009 2963 2102 3014 tae.
2156 2959 2334 3012 Aiuut
2378 2962 2576 3012 autem
2610 2956 2668 3011 hi
2695 2956 2988 3011 Joannem
3046 2955 3230 3010 fuisse
3285 2955 3667 3027 principium,

2003 3047 2185 3103 veluti
2215 3047 2371 3102 dicta
2401 3061 2609 3101 eorum
2650 3044 2939 3116 explicata
2969 3044 3486 3100 demonstrabunt.
3523 3045 3668 3110 Quia

294 3152 398 3223 γὰρ
444 3152 635 3213 πάντες
691 3154 738 3204 οἱ
780 3163 1044 3226 προφῆται
1092 3161 1180 3208 καὶ
1233 3158 1258 3208 6
1314 3161 1470 3231 νόμος
1516 3161 1608 3221 ἓως
1661 3159 1896 3213 Ἰωάννου

2015 3137 2162 3192 enim
2187 3151 2383 3193 omnes
2402 3135 2708 3204 prop/tem
2729 3140 2781 3190 et
2804 3135 2903 3190 lex
2924 3149 3106 3206 usque
3118 3135 3200 3189 ad
3214 3134 3506 3189 Joannem
3524 3149 3668 3202 pro-

294 3245 704 3312 προεφήτευσαν,
787 3246 922 3295 κατά
999 3247 1085 3297 τὸν
1151 3253 1240 3298 τοῦ
1320 3252 1512 3321 Κυρίου
1569 3247 1740 3320 λόγον,
1794 3247 1899 3303 ἔδει

297 3336 499 3394 τοῦτον,
552 3329 689 3391 τέλος
769 3335 890 3384 ὄντα
954 3341 1044 3394 τῆς
1124 3334 1374 3402 Παλαιᾱς,
1433 3336 1608 3410 ἀρχὴν
1664 3341 1900 3410 γενέσθαι

301 3426 398 3479 τῆς
425 3422 578 3481 Νέας.
612 3419 774 3473 Ἀλλὰ
825 3417 1108 3496 διαιρετέον
1164 3420 1277 3498 ἰδίᾳ
1324 3434 1422 3477 τῶν
1474 3423 1571 3478 δύο
1627 3437 1898 3501 προφητῶν

306 3508 373 3558 τὰ
399 3507 551 3580 ῥητά.

379 3591 544 3661 Ἰδοὺ,
580 3595 679 3669 ἐγὼ
728 3629 798 3638 —
854 3601 1143 3674 ἔμπροσθέν
1210 3621 1328 3658 σου.
1376 3603 1658 3676 Μαλαχίου
1713 3608 1801 3678 μὲν
1843 3608 1900 3656 τὸ

305 3683 479 3758 ῥητόν·
531 3689 732 3760 εἴρηται
790 3686 849 3741 δὲ
903 3693 1020 3764 περὶ
1071 3693 1254 3743 τούτου
1303 3701 1479 3764 σαφῶς
1509 3691 1556 3744 ἐν
1593 3701 1655 3766 τῇ
1707 3693 1899 3766 ἐξηγὴ-

304 3791 386 3824 σει
420 3780 510 3824 τοῦ
538 3773 771 3828 εἰκοστοῦ
818 3777 1095 3848 κεφαλαίου
1131 3787 1222 3832 τοῦ
1254 3783 1387 3832 κατὰ
1425 3783 1690 3834 Ματθαῶν
1730 3783 1902 3855 Εὐαγ-

300 3860 495 3931 γελίου.
569 3867 666 3915 Καὶ
742 3869 980 3940 περιττὸν
1043 3869 1107 3920 τὰ
1164 3867 1298 3921 αὐτὰ
1374 3869 1525 3921 πάλιν
1607 3871 1676 3932 εἰς
1745 3877 1901 3944 μέσον

299 3951 470 4021 ἄγειν.

373 4043 520 4096 Φωνὴ
587 4071 656 4080 -
715 4042 926 4117 τρίϐους
996 4044 1176 4102 αὐτοῦ.
1277 4045 1601 4119 [Ἑτοιμάζει
1661 4050 1734 4122 (5)
1812 4053 1902 4123 μὲν

298 4132 396 4186 τὴν
427 4124 549 4180 ὁδὸν
581 4135 798 4206 Κυρίου,
848 4133 875 4183 6
921 4138 1016 4192 τὴν
1064 4133 1249 4209 ἀρετὴν
1292 4133 1648 4209 ἐργαζόμενος·
1683 4139 1777 4191 οὐκ
1824 4139 1900 4192 εῦ-

302 4219 441 4278 θείας
495 4214 554 4271 δε
600 4228 737 4273 ποιεῖ
783 4223 878 4284 τὰς
921 4221 1126 4296 τρίϐους
1171 4224 1353 4296 αὐτοῦ,
1404 4227 1428 4277 6
1481 4231 1552 4299 μὴ
1602 4231 1730 4304 πρὸς
1784 4229 1903 4283 εὐα-

299 4309 548 4379 ρέστησιν
602 4316 756 4376 Θεοῦ,
828 4309 958 4363 ἀλλὰ
1010 4307 1086 4364 δι’
1135 4311 1639 4389 ἁνθρωπαρέσκειαν,
1698 4318 1728 4376 ἣ
1789 4337 1905 4370 τινα

305 4399 516 4468 σκοπὸν,
598 4397 693 4449 οὐκ
790 4396 1004 4470 ἀγαθὸν,
1080 4403 1271 4460 ταύτην
1332 4401 1688 4477 ἔργαζὸιιιενος.
1743 4407 1905 4467 Οὗτος

2005 3227 2418 3295 phetaverunt,
2468 3225 2637 3295 juxta
2697 3224 2925 3279 Domini
2957 3222 3206 3278 verbum
3254 3224 3296 3289 ⁸,
3351 3222 3666 3293 Oportebat

2005 3315 2185 3380 hunc,
2226 3314 2324 3385 qui
2352 3313 2487 3368 ﬁnis
2518 3318 2641 3367 erat
2675 3312 2888 3367 Veteris
2918 3311 3292 3379 Testamenti,
3327 3309 3473 3366 Novi
3511 3325 3668 3383 quo-

2005 3419 2122 3476 que
2141 3419 2266 3458 esse
2290 3401 2666 3474 principium.
2684 3400 2901 3455 Verum
2925 3399 3354 3468 distinguenda
3370 3403 3512 3454 sunt
3538 3414 3668 3470 pro-

2007 3493 2136 3565 pria
2159 3492 2417 3547 duorum
2457 3489 2886 3562 prophetarum
2912 3488 3173 3544 oracula.

2080 3581 2243 3635 Vers.
2293 3584 2345 3634 2.
2400 3579 2542 3634 Ecce
2582 3593 2680 3648 ego
2719 3608 2778 3617 -‹
2817 3591 3018 3633 coram
3075 3581 3148 3632 te.
3207 3575 3510 3632 Malachitn
3568 3591 3670 3634 va-

2009 3669 2273 3725 ticinium
2320 3673 2424 3723 est.
2487 3667 2563 3720 De
2629 3667 2742 3721 hoc
2807 3669 3008 3721 autem
3064 3665 3380 3721 manifeste
3439 3665 3667 3721 dictum

2008 3763 2099 3814 est
2149 3757 2432 3812 vicesimo
2487 3756 2680 3827 capite
2737 3752 3033 3822 Evangelii
3085 3753 3254 3824 juxta
3311 3754 3664 3819 Mattheum,

2009 3846 2168 3902 unde
2200 3843 2569 3916 superﬂuum
2601 3846 2754 3898 esset
2794 3841 3007 3897 eadem
3038 3856 3275 3896 rursum
3307 3841 3366 3895 in
3398 3841 3667 3896 medium

2011 3935 2325 3991 adducere.

2083 4045 2242 4098 Vers.
2297 4045 2348 4097 3.
2409 4041 2530 4096 Vox
2562 4071 2630 4080 —
2658 4040 2896 4098 semitas
2925 4039 3068 4109 ejus.
3097 4039 3139 4108 -ξ-
3188 4039 3488 4108 Praeparat
3538 4035 3670 4108 qui-

2009 4131 2149 4189 dem
2182 4131 2434 4188 Domino
2461 4131 2644 4195 viam,
2678 4129 2783 4201 qui
2812 4127 3092 4184 virtutem
3118 4131 3421 4199 operatur.
3458 4124 3667 4180 Verum

2009 4237 2134 4278 non
2170 4225 2362 4277 rectas
2389 4219 2529 4276 facit
2557 4218 2798 4274 semitas
2853 4218 3001 4290 ejus,
3031 4215 3134 4286 qui
3165 4231 3285 4271 non
3317 4213 3396 4270 ad
3428 4214 3530 4270 Dei
3569 4213 3668 4270 be-

2010 4312 2396 4386 neplacitum,
2437 4309 2538 4366 sed
2570 4311 2645 4365 ad
2678 4307 2945 4365 studium
2978 4305 3328 4363 hominibus
3363 4303 3667 4378 placendi,

2012 4407 2114 4460 aut
2137 4399 2398 4474 aliquem
2423 4398 2607 4454 alium
2637 4398 2819 4454 ﬁnem
2849 4412 2972 4453 non
3002 4395 3255 4465 bonum,
3278 4393 3436 4450 hanc
3461 4409 3670 4466 opera-

300 4486 388 4536 τὸν
435 4487 524 4557 μὲν
603 4490 758 4539 πόνον
809 4496 903 4550 τῆς
965 4487 1264 4561 ἐτοιμασίας
1343 4492 1645 4564 ὑφίσταται,
1701 4497 1787 4546 τὸν
1845 4492 1900 4548 δὴ

2015 4497 2124 4547 tur.
2157 4490 2259 4546 Hic
2283 4489 2442 4545 enim
2467 4487 2739 4544 laborem
2789 4487 3033 4559 quidem
3065 4483 3512 4557 prmparationis
3544 4499 3671 4538 sus-

302 4576 432 4626 Θεὸν
476 4573 571 4626 οὐκ
610 4577 724 4646 ἔχει
790 4584 907 4638 ταῖς
951 4580 1215 4640 τοιαύταις
1265 4579 1460 4654 τρίϐοις
1502 4579 1905 4655 ἐμπεριπατοῦν-

298 4663 407 4733 τα.]

372 4757 539 4804 Τοῦτο
591 4760 682 4804 τοῦ
732 4752 950 4808 Ἠσαίου
993 4752 1156 4808 ἐστίν’
1188 4758 1510 4830 ἡρμήνευται
1553 4754 1613 4812 δὲ
1662 4764 1752 4812 καὶ
1789 4768 1906 4814 τοῦ-

303 4857 362 4890 το
414 4839 570 4891 πάλιν
610 4840 660 4893 ἐν
700 4851 762 4915 τῇ
813 4842 1062 4914 ἐξηγήσει
1116 4853 1209 4898 τοῦ
1263 4851 1443 4921 τρίτου
1491 4847 1768 4920 κεφαλαίου
1812 4857 1904 4902 τοῦ

300 4929 440 4979 κατὰ
489 4931 756 4983 Ματθαῖον
803 4931 1140 5004 Εὐαγγελίου,
1181 4939 1271 4988 καὶ
1335 4939 1473 4999 ζήτει
1521 4934 1640 4988 ἆκεί.
1691 4939 1769 4989 Τὰ
1813 4941 1904 5010 μεν

302 5010 392 5066 οὖν
458 5021 756 5089 προφητικὰ
811 5028 980 5073 ταῦτα
1031 5023 1167 5098 ῥητὰ
1221 5030 1508 5098 συμφώνως
1561 5027 1900 5098 κεκράγασιν,

299 5104 380 5156 ὃτι
421 5105 447 5156 6
500 5105 733 5170 Ἰωάενης
781 5106 1094 5184 προοδεύσει
1149 5121 1240 5166 τοῦ
1287 5121 1542 5186 Χριστοῦ,
1596 5118 1686 5167 καὶ
1733 5114 1902 5190 εὑτρε-

373 5283 396 5318 “
429 5283 451 5338 1
478 5283 632 5342 Petr.
661 5302 720 5352 v,
753 5289 838 5345 13.
954 5290 977 5324 ⁸
1002 5290 1201 5348 Matth.
1231 5307 1314 5358 x1,
1347 5291 1434 5347 13.

2012 4580 2173 4645 tinet,
2219 4579 2404 4633 Deum
2438 4585 2636 4633 autem
2668 4589 2788 4630 non
2818 4573 3002 4629 habet
3027 4571 3370 4644 bujusmodi
3423 4570 3669 4627 semitas

2013 4667 2556 4741 perambulantem.
3684 4711 3688 4716 ,

2084 4757 2248 4812 Isaiae
2280 4753 2686 4813 testimonium
2716 4755 2826 4818 est,
2867 4748 3033 4823 quod
3063 4749 3241 4804 etiam
3273 4747 3672 4818 explanatum

2012 4851 2100 4902 est
2149 4845 2210 4902 in
2261 4843 2635 4900 enarratione
2692 4839 2842 4896 tertii
2893 4837 3105 4910 capitis
3153 4834 3450 4908 Evangelii
3498 4835 3674 4906 juxta

2013 4935 2371 4998 Matthteum,
2390 4931 2469 4987 ibi
2493 4945 2633 5001 ergo
2653 4927 2924 5002 qumrito.
2956 4926 3086 4982 Hinc
3104 4926 3305 4998 itaque
3327 4923 3672 4998 prophetica

2012 5024 2170 5080 dicta
2182 5019 2555 5078 concorditer
2575 5018 2856 5082 clamant,
2875 5015 3038 5089 quod
3052 5016 3314 5071 Joannes
3346 5029 3672 5087 praecessu-

2012 5128 2116 5170 rus
2179 5115 2307 5168 erat
2371 5107 2688 5175 Christum,
2753 5105 3032 5178 viamque
3098 5103 3151 5160 ei
3217 5108 3669 5176 praeparaturus

1527 5415 1752 5483 Variae
1770 5415 2104 5485 lectiones
2146 5423 2211 5481 et
2244 5420 2446 5480 notas.

329 5623 336 5632 .
373 5549 456 5623 (2)
484 5554 561 5632 _I_J_t
587 5569 662 5610 ex
689 5555 1008 5632 Sophronii
1036 5556 1098 5613 in
1127 5560 1384 5616 Marcum
1411 5557 1761 5615 Prtefatione
1791 5559 1906 5616 col-

301 5623 446 5698 ligo,
481 5623 590 5698 lib.
627 5644 676 5680 v1
721 5623 1029 5698 Ifypotyp.

377 5693 458 5765 (2)
482 5696 642 5752 Tom.
679 5693 801 5761 VII,
820 5693 860 5769 p
873 5742 885 5754 .
927 5693 989 5753 δ.

2099 5558 2176 5628 (4)
2201 5560 2350 5628 Νέας,
2378 5555 2566 5612 abest.
2594 5552 2659 5628 Α,

2097 5619 2173 5700 (5)
2207 5619 2342 5684 [ιη
2368 5631 2611 5699 uterque
2638 5625 2700 5681 in
2727 5621 2997 5694 margine
3021 5619 3278 5678 exhibet.
