4170 6334
593 306 698 364 775

1915 296 2266 360 EUTHYMII
2306 303 2636 362 ZIGABENI

3871 311 3991 366 776

668 433 826 489 Vers.
867 435 953 488 11.
986 434 1060 488 Ει
1091 448 1198 490 vox
1227 464 1294 473 —
1334 432 1736 502 complacitum
1774 434 1878 486 est.
1937 429 2003 484 In
2061 430 2244 483 Evan-

2439 435 2537 483 Καὶ
2589 435 2725 502 φωνὴ
2778 463 2847 472 -
2896 427 3181 492 εὐδόκησα.
3239 434 3323 488 Ἐν
3371 443 3443 506 τῷ
3511 439 3644 488 κατά
3701 438 3987 489 ΜατΘαῖον

593 522 744 588 gelio
795 523 968 593 juxta
1030 523 1365 579 Matthteum
1431 523 1724 593 scriptum
1783 524 1869 574 est
1933 519 2104 573 :Hic
2169 523 2253 573 est

592 612 782 667 Filius
824 627 984 667 meus
1018 613 1084 663 ⁸³.
1147 614 1374 666 Marcus
1405 619 1601 665 autem
1633 614 1688 664 et
1749 608 1938 662 Lucas
1990 606 2247 662 habent:

599 701 684 754 Tu
711 716 764 756 es
815 701 1003 756 Filius
1052 717 1214 755 meus
1247 703 1318 754 ³³.
1369 699 1520 768 Quid
1577 714 1716 770 ergo
1747 699 2009 752 dicemus
2037 701 2060 746 ?
2097 693 2250 750 Nihil

591 789 752 844 aliud
780 805 964 860 quam
997 791 1158 860 quod
1184 789 1347 861 apud
1377 789 1718 843 ltlatthteum
1743 786 2001 841 diximus
2031 799 2044 840 :
2086 783 2250 857 quod

589 879 958 948 evangelista:
1012 879 1308 933 interdum
1341 878 1584 949 quidem
1633 877 1852 945 integre
1899 872 2251 945 hujusmodi

589 967 906 1023 verborum
975 967 1341 1022 mentionem
1390 965 1614 1021 faciunt
1656 964 2060 1037 :quandoque
2106 977 2249 1018 vero

593 1056 946 1112 sententiam
980 1055 1222 1127 quidem
1281 1059 1519 1111 servant
1569 1055 1862 1122 integram
1895 1069 1908 1107 :
1941 1050 2247 1124 quasdam

591 1150 793 1200 autem
816 1145 1105 1200 dictiones
1137 1161 1255 1200 non
1278 1149 1556 1200 curantes
1587 1144 1925 1208 immutaut,
1955 1141 2102 1196 dum
2131 1140 2248 1196 hoc

593 1233 853 1289 sermoni
876 1234 1021 1289 nihil
1045 1239 1233 1305 potest
1257 1236 1488 1296 obesse,
1517 1232 1679 1304 quod
1713 1248 1820 1304 pro
1845 1248 1964 1286 una
1989 1231 2247 1287 dictione

591 1323 706 1379 alia
737 1323 892 1378 idem
919 1324 1263 1393 signiﬁcans
1290 1323 1626 1379 adducitur.
1662 1324 1803 1376 Nam
1824 1320 1980 1376 idem
2001 1319 2247 1376 demon-

592 1417 781 1469 strant
812 1413 918 1468 Hic
948 1418 1003 1468 et
1037 1414 1140 1467 Tu.

664 1504 916 1556 Rursum
950 1501 1142 1556 simile
1189 1507 1276 1556 est
1319 1501 1480 1572 quod
1539 1500 1843 1556 Matthaeus
1899 1505 1953 1555 et
2019 1501 2246 1556 Marcus

591 1591 981 1661 scripserunt:
1019 1591 1086 1644 In
1115 1605 1230 1661 quo
1257 1589 1404 1644 mihi
1429 1590 1572 1646 bene
1591 1590 2008 1658 complacitum
2038 1593 2118 1644 est
2173 1587 2242 1657 ¹⁴,

589 1685 645 1736 et
669 1679 828 1752 quod
860 1679 1044 1735 Lucas
1079 1680 1185 1737 :In
1246 1685 1300 1735 te
1327 1679 1474 1734 mihi
1527 1679 1660 1735 bene
1697 1679 2114 1748 complacitum
2163 1683 2244 1733 est

2361 521 2472 590 μὲν,
2542 520 2704 580 Οὗτός
2749 520 2888 573 ἐστιν
2943 524 2968 573 ὁ
3021 526 3140 586 Υἱός
3189 543 3312 596 μου,
3384 529 3697 599 γέγραπταιο
3758 529 3986 598 Μάρκος

2363 605 2539 662 δὲκαὶ
2580 617 2808 676 Λουκᾶς,
2861 616 2926 664 Σύ
2973 609 3067 665 εἷό
3113 616 3231 676 Υἱός
3280 635 3397 686 μον,
3448 617 3730 688 γράφουσι.
3788 618 3852 670 Τί
3885 611 3983 665 οὖν

2362 696 2617 772 ἐροῦμεν;
2667 697 2835 753 Ούὸὶν
2889 702 3074 776 ἕτερον,
3149 704 3178 761 ἦ
3240 705 3360 778 ὅπερ
3420 704 3529 774 (1‘2)
3600 702 3647 756 ἐν
3705 705 3776 774 τῷ
3832 705 3984 756 κατὰ

2360 789 2632 840 ΙνῙατθαίον
2680 789 2972 863 εἰρήκαμεν,
3025 793 3105 844 ὃτι
3162 795 3211 844 οἱ
3261 792 3625 864 εὐαγγελισταὶ
3675 795 3799 844 ποτε
3857 795 3980 864 μὶν,

2362 871 2612 948 ἀκεραίων
2683 886 2782 930 τῶν
2849 882 3093 932 τοιούτων
3190 881 3361 955 ῥητῶν
3457 880 3975 954 ἀπομνημονεύουσι·

2357 967 2482 1016 ποτε
2540 961 2617 1031 δὲ,
2650 970 2741 1024 τὴν
2771 968 2861 1040 μὲν
2918 976 3008 1020 τοῦ
3053 970 3216 1043 ⁸ὁητοῦ
3267 966 3503 1022 διάνοιαν
3525 970 3808 1043 ὁλοκλήρον
3833 969 3977 1022 ἁπο-

2360 1053 2614 1121 σώζουσι,
2673 1055 2827 1118 λέξεις
2904 1053 2963 1110 δέ
3016 1078 3160 1120 τινας
3233 1057 3644 1133 ἀπαρατηρήτως
3698 1057 3978 1110 ὑπαλλάτ-

2357 1161 2556 1209 τουσιν,
2609 1145 2728 1196 ὅταν
2769 1142 2918 1198 οὐδέν
2977 1167 3028 1199 τι
3075 1146 3228 1220 μέλλῃ
3289 1156 3359 1217 τῷ
3406 1147 3541 1219 λόγῳ
3575 1156 3728 1200 τοῦτο
3780 1147 3978 1220 λυμαι-

2355 1233 2554 1289 νεσθαι.
2612 1241 2707 1296 τῆς
2776 1235 3222 1307 ἀντεισαχθείσης
3272 1237 3450 1299 λέξεως
3502 1237 3687 1288 ταύτὸν
3771 1257 3977 1308 σημαι-

2355 1323 2568 1382 νούσης.

2358 1412 2446 1463 Σύ.

2427 1517 2593 1580 Αὖθις
2641 1515 2728 1571 οὗν
2780 1527 2872 1571 τοῦ
2946 1523 3217 1574 Ματθαίου
3285 1525 3375 1594 μὲν
3429 1527 3519 1574 καὶ
3593 1529 3685 1574 τοῦ
3746 1523 3973 1595 Μάρκου

3739 1610 3822 1663 Ἐν
3884 1616 3973 1662 σοὶ

2646 1328 2885 1376 Δεικτικὰ
2931 1327 3030 1399 ’γὰρ
3080 1328 3254 1399 ἄμφω,
3303 1329 3496 1391 καὶτὸ,
3531 1325 3712 1390 Οὗτος,
3755 1331 3844 1377 καὶ
3889 1331 3974 1394 τὸ,

2357 1606 2684 1680 ’γραψάντων-
2735 1610 2820 1660 Ἐν
2963 1606 3250 1668 εὐδόκησα·
3329 1612 3355 1662 ο
3433 1617 3654 1671 Λουκᾶς.

2361 1693 2650 1766 εὐδόκησα,
2681 1701 2872 1772 εἴρηκε.
2911 1703 3008 1752 Καὶ
3036 1707 3190 1752 τοῦτο
3215 1705 3380 1751 κανὼν
3413 1703 3545 1753 ἔστω
3579 1719 3662 1752 σοι
3691 1699 3973 1760 καθολικός

591 1770 661 1824 ¹⁵.
703 1771 766 1824 Et
795 1769 890 1824 hic
906 1769 1006 1824 tibi
1021 1783 1214 1824 canon
1238 1768 1532 1838 generalis
1546 1775 1671 1824 esto
1691 1767 1766 1823 ad
1789 1768 1995 1823 omnia
2007 1766 2242 1822 similia.

2360 1783 2443 1837 ἐπὶ
2473 1794 2572 1838 τῶν
2594 1790 2836 1840 τοιούτῶν
2863 1790 3085 1840 πάντων.

665 1857 827 1912 Vers.
860 1858 946 1911 12.
970 1888 1038 1899 -
1068 1857 1408 1928 Statimque.
1445 1857 1608 1913 Vers.
1647 1856 1985 1913 l3.Satana.
2018 1856 2246 1911 Dictum

587 1952 678 2004 est
692 1946 768 2002 de
796 1947 890 2002 his
922 1946 1086 2002 tertio
1097 1947 1266 2017 juxta
1296 1947 1632 2002 Mattheum
1657 1947 1866 2017 capite.
1901 1946 1999 2001 Ille
2029 1951 2247 2008 tamen,

590 2036 769 2092 simul
801 2041 854 2090 et
883 2038 1069 2091 Lucas
1110 2035 1416 2090 dixerunt:
1451 2035 1496 2089 Α
1533 2035 1764 2090 diabolo
1793 2036 1859 2096 ¹⁸,
1902 2035 1996 2089 hic
2023 2040 2246 2099 autem,

590 2127 638 2180 Α
659 2125 900 2181 Salana.
933 2125 1082 2178 Cum
1114 2123 1271 2178 enim
1304 2123 1543 2178 dremou
1598 2123 1787 2178 multa
1817 2123 2036 2178 habeat
2060 2123 2250 2178 nomi-

589 2229 689 2280 na,
715 2220 768 2269 et
791 2213 869 2269 ab
899 2229 1258 2285 unaquaque
1303 2211 1526 2268 malitia
1565 2228 1677 2267 sua
1709 2211 1952 2284 recipiat
1981 2211 2248 2284 appella-

591 2303 812 2360 tionem
835 2319 848 2358 :
867 2301 942 2358 illi
961 2302 1204 2374 quidem
1222 2318 1412 2356 unum
1429 2306 1777 2373 posuerunt,
1798 2301 1893 2358 hic
1907 2317 2048 2357 vero
2061 2300 2245 2358 aliud.

665 2497 858 2552 Dictus
887 2500 972 2552 est
1017 2502 1216 2552 autem
1277 2495 1550 2560 Satanas,
1582 2496 1697 2552 hoc
1751 2501 1840 2552 est
1892 2495 2246 2562 contrarius,

589 2586 737 2642 Nam
770 2587 884 2641 Deo
906 2585 1243 2642 contrarius
1274 2592 1359 2642 est
1384 2586 1645 2652 daemon,
1689 2591 1744 2642 et
1782 2586 2080 2643 contraria
2126 2591 2248 2642 sta-

589 2681 785 2729 tuens.

663 2765 821 2819 Vers.
869 2763 949 2817 13.
980 2763 1056 2818 Ει
1083 2769 1210 2819 erat
1237 2779 1370 2819 cum
1399 2764 1610 2818 bestiis.
1638 2764 1944 2820 Matthaeus
1975 2768 2029 2819 et
2055 2765 2244 2820 Lucas

595 2866 815 2921 genera
839 2867 1080 2923 quoque
1112 2853 1502 2907 tentationum
1534 2852 1891 2922 scripserunt
1921 2853 1989 2904 1⁷.
2023 2855 2247 2908 Marcus

588 2955 727 2994 vero
749 2954 887 2994 cum
926 2955 1110 3010 supra
1165 2943 1413 2994 caeteros
1467 2939 1766 2994 brevitatis
1812 2946 1963 2995 esset
1989 2948 2241 3008 amator,

589 3027 733 3082 satis
761 3027 989 3099 putavit
1036 3027 1232 3083 dicere
1263 3029 1380 3083 :Et
1433 3027 1796 3084 tentabatur.
1827 3029 1890 3083 In
1943 3028 2058 3084 hoc
2087 3031 2242 3084 enim

588 3131 808 3186 genera
836 3132 1078 3188 quoque
1126 3117 1473 3189 complexus
1503 3121 1613 3172 est.
1651 3117 1816 3183 Quod
1861 3123 2061 3173 autem
2121 3125 2247 3174 erat

587 3221 724 3261 cum
757 3205 979 3269 bestiis,
1001 3211 1536 3278 proptermagnam
1553 3206 1662 3261 loci
1689 3206 2070 3262 solitudinem
2093 3208 2244 3263 acci-

587 3293 672 3350 dit
712 3313 726 3362 ;
761 3301 824 3351 ut
851 3295 1028 3351 etiam
1055 3294 1133 3350 ab
1163 3295 1275 3350 hoc
1315 3295 1526 3362 discas,
1586 3294 1746 3368 quod
1803 3296 1852 3350 is
1893 3296 1994 3369 qui
2052 3301 2244 3353 tuetur

587 3383 806 3439 animae
827 3383 1202 3454 dignitatem,
1235 3383 1432 3439 bestiis
1467 3385 1656 3456 potius
1709 3384 2101 3441 formidabilis
2132 3389 2239 3441 est.

587 3474 734 3527 Ante
764 3472 1232 3528 inobcdientiam
1273 3474 1422 3528 enim
1444 3473 1680 3544 jussum
1708 3479 1832 3529 erat
1861 3481 1924 3530 ut
1962 3475 2240 3530 omnibus

584 3561 770 3617 homo
808 3561 1232 3617 dominaretur.

659 3651 816 3707 Vers.
850 3653 934 3706 13.
964 3652 1042 3707 Ει
1070 3652 1274 3722 angeli
1303 3683 1371 3692 —
1400 3652 1476 3709 ei.
1507 3653 1641 3708 Post
1665 3653 2016 3709 tentationes
2038 3653 2241 3710 videli-

583 3743 694 3805 cet,
719 3745 852 3812 post
883 3741 1252 3797 manifestam
1276 3741 1350 3796 de
1369 3747 1656 3798 tentatore
1687 3743 2241 3815 victoriam,quem-

584 3827 916 3886 admodum
945 3829 1300 3900 signiﬁcavit
1338 3829 1670 3886 Matthaaus.

657 3920 812 3974 Vers.
845 3920 929 3974 14.
961 3921 1280 3990 Postquam
1306 3926 1494 3976 autem
1529 3951 1598 3960 ——
1627 3921 1752 3976 Dei.
1793 3922 2027 3978 Dictum
2059 3927 2148 3978 est
2184 3926 2243 3979 et

581 4007 657 4064 de
682 4007 775 4063 his
805 4008 1017 4064 eodem
1049 4008 1263 4080 capite,
1296 4008 1682 4080 Evangelium
1705 4013 1906 4066 autem
1941 4011 2110 4081 regni
2142 4011 2242 4067 Dei

580 4095 726 4151 dicit
755 4112 911 4151 nunc
956 4099 1185 4151 Novum
1245 4102 1691 4162 testamentum,
1746 4102 1946 4170 utpote
2011 4116 2244 4156 annun-

584 4183 740 4239 tians
805 4183 880 4238 de
945 4199 1126 4252 regno
1199 4184 1316 4254 Dei,
1390 4190 1445 4239 et
1513 4184 1804 4241 inducens
1836 4187 1915 4242 ad
1987 4203 2241 4259 regnum

584 4270 706 4327 Dei.

657 4359 938 4416 Vers.15.
970 4361 1049 4416 Et
1091 4361 1284 4417 dicens
1345 4391 1392 4401 -—
1465 4369 1704 4430 tempus.
1752 4364 2001 4436 Tempus
2031 4380 2068 4420 a
2121 4365 2241 4422 Deo

581 4448 959 4504 constitutum
1006 4449 1438 4506 conversationi
1489 4451 1702 4506 Veteris
1751 4454 2122 4520 Testamenti,
2165 4455 2238 4512 de

581 4553 702 4610 quo
728 4537 872 4594 dicit
901 4541 1212 4610 Apostolus
1244 4557 1259 4593 :
1293 4540 1402 4595 Ubi
1424 4539 1579 4596 venit
1610 4543 1914 4613 completio
1936 4545 2234 4617 temporis,

583 4625 737 4682 misit
761 4627 907 4684 Deus
928 4628 1148 4684 Filium
1168 4643 1340 4685 suum
1362 4629 1429 4682 ¹⁸.

655 4840 817 4896 Vers.
847 4841 930 4896 15.
953 4841 1031 4897 Ει
1077 4872 1145 4882 -
1172 4842 1296 4900 Dei.
1352 4843 1867 4916 Appropinquavit
1917 4849 1984 4901 ut
2029 4854 2234 4919 regnet

581 4944 757 5001 super
781 4930 1106 5002 credentes,
1150 4931 1301 4988 sicut
1330 4931 1699 4989 manifestius
1745 4934 2106 5008 interpretati
2137 4953 2231 4994 su-

580 5035 719 5075 mus
745 5019 1029 5090 praedicto
1060 5021 1272 5093 capite.

655 5146 701 5178 ¹²
741 5145 938 5200 Matth.
973 5164 1051 5210 ιιι,
1099 5153 1180 5201 17.
1260 5149 1306 5182 ¹³
1347 5149 1484 5204 Luc.
1518 5165 1594 5215 ιιι,
1635 5149 1722 5204 22.

583 5233 782 5290 Matth.
815 5250 892 5303 xv,
918 5234 951 5289 3
979 5253 997 5305 ;
1033 5237 1172 5292 Luc.
1208 5255 1282 5304 iv,
1325 5241 1355 5293 3
1381 5253 1550 5310 seqq.
1631 5240 1678 5274 ¹⁸
1710 5242 1899 5298 Gatat.
1927 5260 2002 5311 IV,
2026 5248 2081 5301 4.

1802 5152 1847 5186 ¹³
1875 5153 2077 5210 Matth.
2119 5173 2193 5228 ix,
2225 5156 2314 5212 17.

2433 1881 2533 1929 Καὶ
2591 1876 2743 1939 εὐθὺς
2791 1908 2856 1917 -
2912 1884 3132 1930 Σατανᾶ.
3205 1882 3426 1951 Εἴρηται
3481 1884 3571 1931 καὶ
3618 1883 3736 1953 περὶ
3768 1880 3971 1929 τούτων

2359 1963 2409 2016 ἓν
2473 1973 2546 2036 τῷ
2611 1971 2771 2038 τρίτῳ
2826 1966 3084 2038 κεφαλαίῳ
3133 1975 3225 2019 τοῦ
3276 1969 3411 2019 κατὰ
3473 1969 3760 2021 Ματθαῖον.
3829 1967 3969 2017 Ἀλλ’

2358 2053 2546 2116 ἐκεῖνος
2590 2057 2699 2127 μεν,
2760 2058 2834 2107 ἔτι
2889 2053 2946 2107 δι
3006 2061 3095 2108 καὶ
3144 2063 3366 2122 Λουκᾶς,
3438 2056 3560 2109 ’Υπό
3625 2064 3714 2109 τοῦ
3783 2052 3974 2107 διαϐό-

2357 2143 2466 2196 λου·
2538 2144 2696 2210 εἷπον,
2749 2147 2955 2218 Μάρκος
3008 2142 3086 2204 δὲ,
3135 2145 3256 2198 Ὑπὸ
3323 2154 3414 2198 τοῦ
3473 2153 3691 2198 Σατανᾶ.
3759 2144 3974 2197 Πολυω-

2357 2235 2520 2304 νύμου
2571 2234 2672 2307 γὰρ
2719 2237 2860 2295 ὄντος
2895 2241 2986 2285 τοῦ
3027 2230 3296 2306 δαίμονος,
3345 2238 3432 2286 καὶ
3486 2233 3570 2306 ἀφ’
3611 2233 3837 2295 ἑκάστης
3869 2233 3974 2286 αύ-

2359 2328 2449 2374 τοῦ
2478 2325 2662 2382 κακίας
2692 2321 3092 2395 ὀνομαζομένου,
3142 2327 3199 2376 τὸ
3231 2327 3319 2395 μὲν
3360 2323 3522 2389 οὗτοι,
3575 2326 3632 2375 τὸ
3685 2320 3764 2392 δὲ,
3813 2323 3972 2385 οὗτος

2360 2411 2622 2485 εἰρήκασι.

2432 2504 2652 2572 Λέγεται
2678 2495 2736 2552 δε
2763 2507 3012 2565 Σατανᾶς,
3053 2502 3078 2552 ὁ
3110 2499 3474 2573 ἀντικείμενος.
3514 2499 3828 2555 ’Λντίκειται
3856 2504 3964 2576 γὰρ

2358 2589 2383 2640 ὁ
2407 2583 2605 2661 δαίμων
2636 2596 2708 2660 τῷ
2741 2597 2877 2660 Θεῷ,
2908 2592 2974 2641 τὰ
3003 2589 3205 2642 ἐναντία
3230 2592 3534 2662 νομοθετῶν.

2430 2807 2530 2855 Καὶ
2578 2799 2640 2860 ἦν
2712 2804 2843 2873 μετὰ
2897 2810 2996 2854 τῶν
3075 2804 3286 2874 Θηρίων.
3357 2805 3628 2864 Man-Gaio;
3700 2806 3789 2874 μὲν
3861 2809 3962 2857 καὶ

2358 2897 2560 2951 Λουκᾶς
2615 2896 2705 2943 καὶ
2772 2894 2838 2944 τὰ
2902 2888 3017 2949 εἴδη
3097 2899 3197 2942 τῶν
3254 2901 3555 2966 πειρασμῶν
3621 2894 3775 2942 αὐτοῦ
3833 2889 3960 2944 ἀνέ-

2352 2981 2562 3053 γραψαν
2619 2981 2751 3052 (13)-

2812 2982 2838 3032 ὁ
2888 2977 2946 3033 δὲ
2998 2982 3229 3055 Μάρκος,
3286 2980 3660 3053 φιλοσύντομος
3709 2981 3776 3031 ὢν
3828 2983 3958 3056 ὑπὲρ

2276 3081 2319 3139 C
2354 3074 2474 3131 τοὺς
2497 3068 2700 3135 ἄλλους,
2751 3069 2979 3142 ἠρκέσθη
3031 3078 3103 3140 τῷ
3135 3071 3248 3140 (14)
3279 3069 3457 3136 εἰπεῖν,
3509 3071 3587 3120 ὅτι
3616 3075 3718 3122 Καὶ
3759 3070 3821 3126 ἦν
3851 3089 3962 3122 πει-

2351 3162 2649 3232 ραζόμενος.
2703 3160 2769 3212 Εν
2812 3159 2976 3228 τούτῳ
3031 3159 3133 3230 γὰρ
3185 3162 3274 3209 καὶ
3330 3159 3393 3210 τά
3443 3154 3558 3216 εἴδή
3615 3157 3958 3232 συμπεριέλαι

2353 3245 2455 3298 ϐεν.
2506 3246 2601 3298 Ἦν
2657 3243 2715 3298 δὲ
2767 3245 2898 3318 μετὰ
2943 3255 3042 3298 τῶν
3116 3248 3328 3318 θηρίων,
3389 3243 3483 3298 διὰ
3558 3267 3612 3299 τε
3677 3251 3771 3305 τὴν
3824 3249 3960 3318 οἰγαν

2353 3333 2568 3408 ἐρημίαν
2622 3343 2713 3387 τοῦ
2762 3340 2943 3399 τόπου,
2994 3339 3083 3387 καὶ
3136 3337 3219 3386 ἴνα
3265 3337 3434 3408 μάθῃς
3486 3338 3564 3388 ὅτι
3616 3338 3640 3387 ὁ
3689 3336 3960 3408 φυλάττων

2350 3428 2408 3477 τὸ
2449 3424 2653 3497 ἀξίωμα
2693 3433 2786 3486 τῆς
2838 3423 3040 3496 ψυχῇς,
3091 3423 3298 3498 φοϐερὸς
3351 3424 3539 3477 πᾶλλον
3586 3432 3696 3486 τοῖς
3751 3426 3960 3497 θηρίοις

2351 3512 2510 3566 ἐστίν.
2559 3513 2777 3588 ’Ἃρχειν
2828 3516 2929 3588 γὰρ
2961 3515 3164 3566 πάντων
3215 3513 3384 3566 αύτών
3422 3518 3521 3588 πρὸ
3553 3523 3647 3576 τῆς
3680 3522 3959 3588 παρακοῆς

2350 3605 2376 3656 ὁ
2401 3605 2670 3675 ἄνθρωπος
2700 3602 2994 3661 ἐκελεύσθη.

2423 3698 2524 3745 Καὶ
2582 3695 2630 3744 0i
2685 3693 2896 3764 ἄγγελοι
2953 3723 3020 3733 —
3060 3691 3222 3762 αὐτῷ.
3280 3694 3422 3745 Μετὰ
3465 3695 3586 3752 τοὺς
3623 3696 3952 3766 πειρασμοῦς

2352 3778 2610 3847 δηλονότι,
2642 3783 2732 3832 κάὶ
2757 3783 2888 3853 μετὰ
2929 3785 3022 3838 τήν
3071 3783 3204 3833 κατὰ
3233 3789 3324 3833 τοῦ
3372 3788 3655 3853 πειραστοῦ
3688 3789 3948 3856 περιφανῆ

2348 3875 2518 3934 νίκην,
2551 3872 2620 3933 ὡς
2648 3871 2674 3922 ὁ
2704 3871 2972 3932 Ματθαῖος
3001 3869 3373 3942 ἐπεσημήνατο.

2422 3963 2561 4014 Μετὰ
2615 3956 2674 4012 δὲ
2723 3990 2793 3998 -
2843 3966 2935 4010 τοῦ
2984 3967 3137 4013 Θεοῦ.
3185 3961 3398 4031 Εἴρηται
3445 3962 3530 4009 καὶ
3584 3961 3701 4031 περὶ
3749 3961 3955 4010 τούτων

2351 4048 2398 4101 ἐν
2444 4058 2516 4121 τῷ
2592 4048 2732 4119 αὐτῷ
2791 4047 3071 4120 κεφαλαίῳ.
3154 4046 3461 4119 Εύαγγέλιον
3512 4043 3570 4099 δε
3625 4053 3720 4108 τῆς
3790 4045 3955 4118 βασι-

2350 4137 2488 4197 λείας
2539 4145 2630 4190 τοῦ
2679 4141 2804 4189 Θεοῦ
2833 4144 2941 4200 νῦν,
2991 4141 3079 4194 τὴν
3132 4140 3322 4194 Καινὴν
3372 4137 3633 4194 Διαθηκην
3664 4133 3820 4206 λέγει,
3883 4138 3952 4198 ὡς

2349 4228 2650 4298 μηνύουσαν
2678 4229 2794 4298 περὶ
2843 4233 2938 4286 τῆς
2990 4223 3264 4298 βασιλείας
3305 4232 3397 4278 τοῦ
3441 4232 3594 4290 Θεοῦ,
3636 4228 3664 4282 ἦ
3701 4227 3770 4287 ὡς
3807 4226 3952 4276 εἱσά-

2347 4335 2546 4386 γουσαν
2577 4315 2650 4377 εἰς
2676 4320 2770 4374 τὴν
2797 4313 3070 4387 βασιλείαν
3102 4322 3194 4367 τοῦ
3221 4322 3375 4368 Θεοῦ.

2271 4432 2320 4488 D
2424 4409 2522 4458 Καὶ
2573 4404 2732 4476 λέγων
2797 4435 2866 4443 -
2939 4406 3136 4477 καιρὸς.
3195 4403 3254 4455 Ὀ
3330 4405 3513 4477 καιρὸς
3567 4404 3592 4454 ὁ
3645 4401 3950 4475 ἀφορισθεὶς

2348 4497 2489 4567 παρὰ
2561 4499 2689 4547 Θεοῦ
2758 4502 2818 4566 τῇ
2888 4491 3121 4564 πολιτείᾳ
3198 4499 3292 4554 τῆς
3349 4491 3579 4554 Παλαιᾶς
3662 4493 3938 4555 Διαθήκης,

2346 4588 2463 4657 περὶ
2545 4579 2602 4636 οὗ
2679 4601 2835 4656 φησιν
2894 4583 2918 4634 ὁ
2992 4580 3327 4644 Ἀπόστολος·
3405 4582 3484 4633 ὄτι
3535 4579 3658 4632 Ὀτι
3709 4576 3824 4637 ἦλθε
3874 4581 3933 4628 τό

2344 4671 2602 4746 πλήρωμα
2649 4679 2740 4724 τοῦ
2795 4675 3014 4746 χρόνου,
3063 4669 3412 4734 ἐξαπέστειλεν
3465 4671 3490 4721 ὁ
3540 4672 3660 4730 Θεὸς
3702 4668 3782 4718 τὸν
3813 4666 3931 4717 Υἰόν

2345 4761 2525 4814 αὐτοῦ.

2416 4855 2517 4904 Καὶ
2561 4881 2633 4892 -
2684 4857 2838 4904 Θεοῦ.
2894 4848 3143 4922 Ἤγγικεν
3197 4851 3282 4900 ἴνα
3329 4845 3622 4920 βασιλεύσῃ
3697 4852 3795 4897 τῶν
3850 4863 3942 4896 πι-

2342 4945 2642 5011 στευόντων,
2694 4941 2758 5001 ὡς
2803 4939 3100 5012 ἡρμηνεύθη
3160 4943 3528 5012 φανερώτερον
3564 4932 3612 4988 ἓν
3660 4943 3732 5005 τῷ
3777 4930 3948 4991 δηλω-

2347 5032 2482 5083 θέντι
2521 5027 2802 5102 κεφαλαίῳ.

2396 5158 2442 5193 ³⁵
2498 5157 2634 5212 Luc.
2693 5171 2768 5222 ιιι,
2798 5157 2886 5209 22.
2967 5155 3014 5190 ¹⁶
3039 5153 3240 5210 Matth.
3268 5169 3346 5218 ιν,
3386 5153 3420 5206 5
3455 5170 3468 5220 ;
3501 5153 3638 5206 Luc.
3672 5154 3819 5217 111,2.
3902 5151 3950 5186 η

1800 5418 2021 5489 Variae
2060 5423 2390 5492 lectiones
2430 5433 2496 5493 et
2525 5434 2728 5491 notae.

655 5605 768 5674 (12)
799 5605 959 5674 *Οπερ
992 5612 1079 5658 καὶ
1117 5607 1165 5659 ἐν
1190 5610 1246 5662 Β.

656 5675 769 5750 (13)
797 5675 1071 5749 Ἔγραψα..
1097 5679 1154 5734 Β.

2413 5620 2526 5692 (14)
2555 5626 2658 5692 Τῴ,
2681 5618 2850 5676 abest
2874 5620 2938 5672 A.
