4170 6334
247 347 355 408 777

226 505 234 513 -
330 470 631 530 Μετανοεῖτε
709 505 777 515 —
884 472 1201 544 Εύαγογε).ἰῳ.

258 565 501 630 ἐνταῦθα,
575 569 669 623 τὴν
758 567 945 620 Καινὴν
1023 565 1284 620 Διαθὴκην
1343 563 1600 633 ὠνόμασε,
1673 575 1861 631 παραι-

256 665 376 724 νῶν,
432 659 511 707 ὅτι
564 655 837 706 Πιστεύετε
893 659 954 725 τῇ
1017 658 1176 723 Καινῇ
1234 653 1491 723 Διαθὴκῃ,
1548 652 1730 719 ἤγουν,
1791 647 1859 706 ὡς

260 745 392 801 αὕτη
417 744 722 800 ὑποτίθησι.

332 839 637 906 Περιπατῶν
701 861 768 871 -
826 829 1001 890 ἁλιεῖς.
1058 833 1274 904 Εἴρηται
1334 833 1422 881 καὶ
1495 831 1612 901 περὶ
1666 827 1858 878 τούτων

257 920 308 973 ἰν
346 929 418 992 τῷ
449 924 670 992 τοιούτῳ
698 919 980 992 κεφαλαίῳ.

333 1014 434 1062 Καὶ
497 1008 630 1061 εἶπεν
685 1038 757 1050 -
806 1007 1167 1066 ἠκολούθησαν
1221 1007 1377 1079 αὐτῷ.
1435 1011 1534 1060 Καὶ
1575 1008 1692 1079 περὶ
1743 1004 1859 1054 τού-

256 1119 358 1152 των
385 1100 576 1170 όμοιως
601 1097 647 1150 ἓν
674 1097 847 1168 ἐκείνῳ
878 1100 1100 1169 εἴρηται.

335 1191 430 1240 Καὶ
490 1186 689 1260 προϐὰς
745 1215 813 1226 --
864 1186 1046 1238 αὑτοῦ.
1120 1189 1339 1254 Εἶρηται
1402 1190 1492 1237 καὶ
1552 1188 1668 1256 περὶ¹
1738 1182 1859 1234 τού·

255 1296 356 1329 των
386 1276 509 1329 ἐκεῖ.

336 1370 436 1419 Καὶ
514 1365 902 1438 εἰσπορεύονται
971 1395 1038 1402 —-
1113 1361 1388 1416 ἐδίδασκε.
1457 1370 1634 1415 Ταῦτα
1692 1361 1782 1414 καί
1832 1362 1858 1412 6

259 1459 472 1515 Λουκᾶς
529 1457 825 1525 ἱστόρησεν.
886 1453 1077 1506 Ἦλθον
1135 1450 1195 1504 δέ
1245 1453 1317 1514 εἰς
1372 1455 1710 1526 Καπερναούμ.
1756 1452 1858 1503 ἀπό

258 1550 352 1603 τῆς
425 1542 690 1616 Ναζαρὶτ,
756 1545 824 1604 ὡς
904 1543 930 1593 6
995 1541 1148 1602 αὑτός
1219 1542 1335 1611 (15)
1417 1540 1857 1612 ἐπεσημειώσατο.

260 1638 378 1691 Τοῖς
437 1629 672 1684 Σάϐϐασι
722 1629 804 1693 δὴ,
862 1629 975 1684 ἀντὶ
1025 1639 1139 1695 τοῦ,
1199 1631 1277 1684 Ἐν
1327 1637 1438 1689 ταῖς
1494 1632 1707 1703 ἡμέραις
1762 1638 1861 1682 τῶν

263 1719 560 1786 Σαϐϐάτων,
622 1721 706 1772 ὅτι
762 1716 822 1778 ἦν
877 1716 1086 1777 δηλαδὴ
1161 1718 1441 1772 Σάϐϐατόν.
1517 1719 1596 1770 Ἐν
1650 1720 1862 1778 ταύταις

1377 338 1746 405 COMMENT.
1790 333 1857 392 IN
1881 330 2217 392 MARCUM.
2259 371 2326 386 —
2365 341 2521 402 CAP,
2563 342 2606 399 ι,

1303 472 1461 526 [ια’λιν
1551 460 1858 540 Macr/ﬁlo”

2048 462 2205 520 Vers.
2243 467 2324 533 15,
2353 469 2686 538 Resipiscite
2708 466 3136 541 —Evangelio.
3160 471 3416 527 Rursum
3438 469 3630 528 Evan-

3529 341 3637 401 778

1971 551 2193 620 gelium
2219 557 2662 614 nominavithic
2681 562 3118 616 Testamentum
3139 561 3392 630 Novum,
3411 560 3630 617 adhor-

1970 644 2099 696 tans
2141 647 2204 698 ut
2232 647 2392 700 Novo
2418 649 2796 705 Testamento
2827 651 3088 707 credant.
3123 648 3249 717 Vel,
3294 651 3446 708 sicut
3475 649 3624 707 illud

1969 730 2208 787 credere
2241 735 2470 791 suadet.

2040 819 2208 875 Vers.
2237 823 2323 876 16.
2363 826 2683 882 Ambulans
2711 857 2777 870 —
2805 830 3148 899 piscatores.
3183 832 3261 886 De
3284 828 3379 885 his
3409 828 3624 886 eodem

1969 908 2163 979 capite
2193 911 2418 968 dictum
2451 919 2558 970 est.

2040 999 2196 1054 Vers.
2233 1003 2317 1056 17.
2360 1003 2440 1058 Et
2471 1005 2627 1060 dixit
2658 1037 2724 1046 —
2749 1006 2910 1062 Vers.
2954 1009 3037 1063 18.
3080 1007 3266 1064 secuti
3294 1014 3432 1064 sunt
3470 1025 3618 1064 eum.

1968 1085 2249 1144 Similiter
2273 1096 2328 1146 et
2353 1091 2426 1146 de
2452 1093 2541 1148 his
2573 1094 2786 1150 eodem
2816 1097 3002 1168 capite
3024 1096 3251 1153 dictum
3279 1102 3382 1153 est.

2039 1176 2198 1232 Vers.
2232 1180 2318 1234 19.
2347 1181 2424 1236 Ει
2451 1198 2792 1255 progressus
2815 1216 2885 1227 —
2916 1186 3074 1242 Vers.
3095 1186 3357 1243 20.eum.
3391 1186 3624 1244 Dictum

1967 1271 2053 1321 est
2078 1267 2152 1322 de
2182 1268 2274 1323 his
2303 1269 2544 1328 ibidem.

2039 1356 2200 1411 Vers.
2235 1363 2320 1414 2i.
2347 1361 2424 1415 Et
2456 1363 2969 1433 ingrediuntur—
2993 1365 3255 1422 docebat.
3281 1365 3422 1422 Hec
3453 1366 3624 1422 etiam

1967 1443 2155 1501 Lucas
2188 1450 2436 1521 scripsit.
2470 1454 2766 1509 Venerunt
2795 1459 2997 1510 autem
3037 1454 3415 1527 Capernaum
3445 1471 3480 1511 a
3509 1458 3628 1512 Na-

1968 1536 2190 1607 zareth,
2222 1539 2371 1595 sicut
2400 1539 2493 1596 ille
2525 1541 2889 1611 signiﬁcavit
2913 1545 2980 1598 1°.
3012 1544 3286 1601 Sabbatis
3315 1560 3475 1611 vero,
3509 1545 3627 1601 hoc

1970 1629 2077 1689 est,
2108 1626 2320 1682 diebus
2358 1629 2758 1687 Sabbatorum
2787 1637 2932 1688 erat.
2963 1639 3029 1688 In
3066 1634 3160 1689 his
3201 1634 3361 1690 enim
3391 1633 3626 1704 diebus,

1971 1715 2118 1772 dum
2144 1716 2254 1773 illis
2279 1719 2465 1776 otium
2497 1725 2638 1787 erat,
2672 1723 3051 1794 permittebat
3085 1724 3179 1781 lex
3207 1728 3274 1781 ut
3302 1740 3627 1796 congrega-

264 1811 368 1882 γάρ
425 1815 539 1870 ταῖς
595 1810 810 1882 ἡμέραις
864 1807 1112 1882 ἀργοῦσιν
1165 1808 1336 1865 αὐτοῖς
1388 1806 1652 1882 ἐπέτρεπεν
1704 1809 1730 1859 6
1777 1811 1858 1859 νό-

1981 1810 2175 1862 rentur
2199 1823 2270 1863 ac
2293 1807 2453 1878 leges
2483 1810 2815 1867 recitarent.
2835 1814 2993 1869 Tunc
3019 1827 3162 1883 ergo
3183 1814 3484 1885 ingressus
3511 1817 3623 1880 est,

265 1916 363 1968 μος
435 1898 775 1968 συνάγεσθαι,
848 1902 936 1948 καὶ
1007 1900 1123 1956 τοὺς
1195 1902 1379 1968 νόμους
1472 1895 1860 1968 ἀναγινώσκειν.

263 1989 392 2040 Τότε
461 1982 549 2038 οὖν
599 1985 898 2059 εἰσήρχετο,
967 1986 1049 2037 ἵνα
1113 1988 1295 2046 πάντες
1357 1983 1652 2038 ἀκούσωσιν
1706 1985 1864 2038 αὐτοῦ

263 2077 396 2128 κατὰ
424 2073 648 2146 σχολὴν.

341 2168 442 2217 Καὶ
486 2162 863 2226 ἐξεπλήσσοντο
895 2195 960 2206 -
1007 2165 1055 2216 οἱ
1098 2169 1448 2238 Γραμματιίς.
1492 2171 1669 2217 Ταῦτα
1707 2169 1796 2216 καὶ
1837 2168 1864 2218 6

266 2255 535 2315 Ματθαῖος
580 2255 870 2324 ,παρέθηκεν
915 2251 963 2304 ἕν
1008 2261 1080 2322 τῷ
1124 2253 1254 2306 τέλει
1301 2262 1389 2305 τοῦ
1440 2257 1674 2326 πέμπτου
1713 2273 1864 2326 κεφα-

262 2341 433 2394 λαίου.
477 2341 611 2394 Ἀλλ’
655 2340 862 2408 ἐκεῖνος,
913 2342 984 2403 εἰς
1029 2345 1085 2394 τό
1127 2346 1244 2414 ὅρος
1291 2340 1544 2401 ἀναϐῆναι
1589 2342 1724 2413 λέγει
1775 2346 1861 2394 τόν

262 2433 519 2503 Χριστόν,
560 2429 710 2482 κάκεῖ
746 2432 1036 2482 καθίσαντα
1081 2427 1300 2493 διδάξαι
1342 2435 1456 2492 τοὺς
1497 2433 1735 2503 μαθητὰς
1775 2431 1862 2482 αύ-

262 2526 376 2584 τοῡ,
403 2526 745 2592 παρεστώτων
783 2528 880 2572 τῶν
911 2519 1103 2590 ὄχλων.
1139 2518 1262 2573 Εἶτα
1305 2523 1436 2592 μετὰ
1473 2523 1676 2594 μακρὰν
1707 2516 1861 2573 διδα-

265 2607 481 2661 σκαλίαν
525 2607 706 2680 ἐπάγει
732 2610 813 2662 ὄτι
859 2614 949 2661 καὶ
978 2607 1353 2671 ἐξεπλήσσοντο
1391 2611 1440 2661 οἱ
1471 2609 1623 2681 ὄχλοι
1671 2609 1754 2662 ἐπὶ
1793 2618 1855 2682 τῇ

264 2693 474 2769 διδαχῇ
527 2697 708 2763 αὐτοῦ,
741 2702 829 2749 καὶ
870 2699 934 2750 τὰ
978 2697 1112 2760 ἑξῆς.
1150 2697 1308 2756 Δῆλον
1339 2695 1425 2750 οὖν
1457 2697 1616 2766 ἐστιν,
1659 2700 1736 2752 ὅτι
1774 2705 1862 2752 καὶ

263 2783 529 2858 ἀμφότερα
569 2790 864 2857 γεγόνασιν.

562 2937 708 2985 ΚΕΦ.
742 2929 816 2984 Α“.
852 2936 973 3007 Περὶ
996 2939 1084 2984 τοῦ
1111 2927 1562 3006 δαιμονιζομένου.

341 3023 442 3071 Καὶ
475 3017 535 3077 ἧν
574 3052 638 3059 -
684 3029 774 3073 τοῦ
807 3024 952 3074 Θεού.
1001 3029 1179 3074 Ταῦτα
1224 3027 1311 3075 καὶ
1353 3025 1379 3076 6
1428 3030 1632 3084 Λουκᾶς
1663 3027 1860 3097 εἴρηκεν

265 3105 582 3183 Ἀκάθαρτον
640 3105 697 3161 δὲ
748 3109 966 3161 καλοῦσι
1018 3114 1074 3162 τό
1133 3108 1422 3184 δαιμόνιον,
1485 3116 1546 3174 ὡς
1614 3110 1861 3184 ἐφηδυνόο

263 3216 411 3269 μενον
480 3205 593 3258 ταῖς
669 3196 1018 3270 ἀκαθαρσίαις
1097 3205 1186 3252 καὶ
1255 3207 1513 3274 μιαρίαις.
1590 3202 1859 3277 Ἀνέκραξε

264 3282 323 3339 δὲ
359 3287 384 3338 ὁ
423 3288 704 3361 ἅνθρωπος,
758 3292 829 3360 μὴ
882 3293 1112 3361 φέροντος
1166 3297 1256 3341 τοῦ
1305 3288 1352 3341 ἐν
1395 3291 1534 3362 αύτῷ
1585 3287 1858 3364 δαιμονίου

261 3379 356 3434 τὴν
387 3375 679 3450 προσϐολὴν
711 3383 807 3439 τῆς
839 3379 1093 3438 θεότητος.
1132 3375 1230 3431 "Ea
1261 3374 1339 3448 δὲ,
1384 3377 1499 3431 ἀντὶ
1540 3388 1650 3433 τοῦ.
1704 3381 1860 3453 ‘Aps;

264 3463 423 3535 ἡμᾶς.
474 3470 537 3519 Τί
581 3469 749 3518 κοινόν
806 3467 930 3538 ἡμῖν
981 3470 1068 3518 καὶ
1118 3471 1244 3534 σοί;
1297 3469 1603 3544 Ναζαρηνὸν
1658 3467 1716 3523 δέ
1772 3475 1857 3523 τόν

266 3557 494 3628 Χριστόν
569 3555 852 3628 ὠνόμασεν,
925 3557 995 3617 ὡς
1063 3555 1413 3631 ἀνατραφέντα
1478 3557 1525 3610 ἐν
1583 3567 1644 3632 τῇ
1714 3559 1858 3613 πόλει

261 3642 522 3718 Ναζαρὲτ,
553 3645 724 3707 καθώς
753 3644 868 3716 (16)
898 3644 923 3696 ὁ
954 3647 1222 3708 Ματθαῖος
1253 3648 1543 3720 ἱστόρησεν.

332 3817 608 3875 Ἀπώλιιαν
658 3819 716 3875 δε
761 3821 982 3875 ἐνταῦθα
1021 3821 1133 3896 (17)
1184 3825 1209 3876 ό
1258 3820 1480 3898 δαίμων,
1523 3830 1617 3884 τὴν
1657 3825 1855 3900 ἐποχὴν

258 3918 355 3974 τῆς
414 3908 679 3984 δυνάμεως
728 3916 818 3964 καὶ
870 3911 1235 3988 ἁνινιργησίαν
1287 3919 1376 3966 καὶ
1431 3913 1610 3978 δίωξιν
1664 3917 1856 3969 ἑαυτῶν

256 4000 424 4052 καλεῖ.
476 4004 544 4053 Τό
594 3997 669 4052 δέ·
722 3996 860 4054 Οἶδά
910 4021 966 4054 σε
1015 4007 1094 4063 τίς
1146 3999 1208 4072 εἶ,
1257 4000 1382 4069 εἶπε,
1440 4004 1726 4057 κολακεύων
1768 4005 1857 4057 αύ-

254 4092 363 4156 τὸν,
419 4088 501 4140 ἵνα
554 4094 793 4162 prium-au
841 4091 1022 4142 αὐτοῦ*
1079 4091 1173 4143 οὐκ
1222 4088 1328 4144 εἶπε
1386 4089 1445 4145 δί
1493 4091 1695 4164 Ἀγιος,
1748 4092 1854 4146 ἀλλ’

254 4177 316 4231 Ὀ
365 4177 534 4249 ἅγιος,
589 4181 717 4251 μετά
765 4186 861 4240 τῆς
917 4187 1009 4232 τοῦ
1058 4181 1254 4254 ἄρθρου
1301 4185 1627 4254 προσθήκης.
1682 4182 1856 4256 Ἀγιοι

257 4271 349 4342 μὲν
392 4271 491 4344 γὰρ
535 4274 625 4322 καὶ
675 4272 725 4322 οἱ
767 4279 1048 4345 προφῆται,
1099 4270 1227 4323 ἀλλά
1273 4275 1407 4326 κατὰ
1457 4280 1708 4347 μετοχὴν·
1764 4281 1855 4349 μό.

256 4377 346 4420 νος
373 4354 433 4411 δὲ
462 4360 486 4410 6
517 4362 642 4419 Θεός
673 4362 824 4430 φύσει
848 4364 937 4411 καὶ
975 4363 1165 4434 κυρίως
1197 4360 1361 4434 ἅγιος.
1388 4367 1480 4416 Διά
1507 4372 1657 4418 τοῦτο
1684 4372 1853 4419 τοίνυν

257 4443 416 4516 εἶπεν,
485 4446 544 4501 '0
613 4447 780 4520 ἅγιος,
856 4446 970 4501 ἀντὶ
1041 4457 1154 4518 τοῦ,
1201 4452 1227 4503 6
1297 4455 1447 4524 φύσει
1513 4458 1603 4507 καὶ
1667 4460 1855 4530 κυρίως

253 4536 425 4609 ἅγιος.

329 4629 431 4679 Καὶ
480 4624 784 4699 ἔπετίμηστν
842 4625 896 4690 ἐξ
946 4625 1128 4681 αὐτοῦ.
1197 4659 1264 4670 —
1312 4629 1676 4704 Ἐπιτίμησεν,
1747 4635 1856 4687 ἀντι

251 4722 370 4778 τοῦ,
425 4712 815 4786 Ἐπεστόμισεν.
865 4713 1002 4789 Ὀρα
1057 4713 1138 4782 δὲ,
1194 4725 1304 4778 πῶς
1354 4718 1446 4770 οὐκ
1500 4717 1712 4783 ἐδέξατο
1762 4728 1856 4782 τὴν

257 4801 361 4855 ἀπό
406 4811 497 4855 τοῦ
548 4800 795 4876 δαίμονος
825 4809 1111 4878 μαρτυρίαν
1161 4807 1185 4858 6
1231 4811 1479 4881 Χριστός,
1518 4816 1690 4863 καίτοι
1735 4811 1857 4872 ἀλη-

261 4893 560 4959 θεύοντα-ις
613 4902 815 4967 πρῶτον
874 4898 984 4967 μὲν,
1031 4897 1110 4947 ὅτι
1157 4895 1250 4948 οὐκ
1298 4898 1522 4969 ἔχρῃζεν
1567 4900 1596 4958 ἡ
1643 4899 1859 4958 ἀλήθεια

259 4984 660 5054 “eameam
712 4986 855 5057 παρὰ
918 4992 1009 5037 τοῦ
1076 4982 1324 5056 ψεύδους·
1388 4989 1562 5038 ἔπειτα
1619 4986 1858 5053 ἐδίδαξεν

259 5073 423 5141 ἡμᾶς,
457 5075 524 5141 μὴ
581 5076 837 5126 πιστεύειν
881 5080 991 5135 τοῖς
1022 5070 1264 5146 δαίμοσι,
1307 5073 1402 5128 κᾶν
1449 5074 1603 5135 ἀλνθῆ
1647 5078 1856 5148 λέγωσι.

261 5155 598 5229 Φιλόψευδεῖς
645 5163 743 5236 γάρ
823 5166 962 5224 ὅντες
1027 5168 1116 5216 καὶ
1201 5164 1598 5236 πολεμιώτατοι,
1654 5166 1745 5218 οὐκ
1801 5169 1860 5219 οἶν

1972 1899 2037 1951 ut
2067 1911 2172 1968 per
2195 1897 2382 1952 otium
2412 1913 2621 1956 omnes
2648 1901 2927 1956 audirent
2953 1902 3175 1975 ipsum.

2043 2127 2205 2184 Vers.
2237 2133 2327 2186 22.
2359 2131 2440 2187 Et
2461 2131 2776 2201 stupebant
2803 2163 2874 2175 -—
2897 2133 3130 2191 Scriba.
3164 2137 3296 2191 Hac
3313 2134 3627 2192 Matthaeus

1968 2233 2213 2291 quoque
2237 2220 2439 2291 posuit
2467 2221 2527 2276 in
2551 2221 2670 2278 ﬁne
2698 2223 2891 2297 quinti
2930 2225 3141 2296 capitis
3169 2226 3240 2280 ³ο.
3273 2227 3491 2282 Verum
3528 2224 3630 2283 ille

1968 2307 2267 2365 Christum
2305 2310 2366 2367 in
2405 2316 2672 2368 montem
2710 2313 3058 2370 ascendisse
3095 2314 3249 2384 dicit,
3293 2315 3497 2389 ibique
3538 2331 3631 2372 se-

1968 2397 2209 2454 dentem
2236 2399 2554 2471 discipulos
2585 2417 2729 2458 suos
2751 2402 3047 2473 docuisse,
3070 2404 3405 2461 astantibus
3428 2409 3484 2461 et
3503 2409 3626 2462 tur-

1966 2486 2060 2543 bis
2093 2503 2109 2553 ;
2135 2487 2352 2545 deinde
2377 2495 2513 2562 post
2530 2490 2780 2561 longum
2811 2508 3149 2550 sermonem
3181 2493 3426 2560 inducit,
3459 2494 3626 2567 quod

1966 2576 2150 2632 etiam
2189 2578 2374 2634 turbae
2411 2584 2762 2652 stupuerunt
2789 2597 2971 2653 super
3005 2582 3280 2640 doctrina
3315 2583 3507 2656 ipsius
3548 2585 3621 2650 ³³,

1966 2671 2076 2722 etc.
2102 2667 2472 2726 Manifestum
2499 2685 2640 2741 ergo
2663 2674 2771 2736 est,
2804 2674 3123 2745 utrumque
3144 2673 3370 2730 factum
3398 2688 3550 2730 esse.

2414 2918 2570 2976 CAP.
2603 2919 2657 2973 1.
2685 2919 2770 2976 De
2797 2921 3177 2978 dzemoniaco.

2041 3018 2197 3072 Vers.
2241 3017 2326 3071 23.
2365 3018 2442 3073 Et
2481 3025 2629 3075 erat.
2673 3049 2737 3059 --
2771 3021 2932 3076 Vers.
2972 3024 3060 3075 24.
3095 3021 3220 3077 Dei.
3268 3023 3401 3078 Huic
3441 3022 3622 3078 etiam

1969 3106 2114 3162 dixit
2145 3107 2332 3162 Lucas
2362 3111 2434 3161 ".
2477 3106 2699 3164 Vocant
2730 3115 2931 3165 autem
2971 3111 3333 3164 daemonium
3364 3111 3623 3167 immun-

1967 3195 2134 3263 dum,
2159 3198 2331 3269 quasi
2363 3198 2753 3253 immunditiis
2792 3215 2863 3255 ac
2893 3199 3210 3254 sceleribus
3241 3200 3619 3269 gaudentem.

1968 3286 2253 3342 Clamavit
2282 3302 2429 3342 sane
2453 3286 2654 3353 homo,
2686 3303 2809 3343 non
2848 3287 3069 3344 ferente
3099 3288 3264 3361 quod
3295 3289 3356 3344 in
3381 3303 3456 3344 eo
3493 3295 3622 3346 erat

1966 3374 2266 3429 daemonio
2293 3375 2410 3430 vim
2436 3375 2946 3441 divinitatis.Sine,
2972 3376 3086 3432 hoc
3103 3381 3209 3442 est,
3239 3377 3468 3433 Dimitte
3485 3393 3619 3434 nos.

1967 3463 2121 3529 Quid
2153 3463 2255 3519 tibi
2284 3463 2600 3520 nobiscum
2626 3479 2946 3521 commune
2975 3469 3064 3521 est
3087 3466 3117 3522 τ
3147 3465 3444 3522 Christum
3473 3482 3624 3540 quo-

1965 3568 2084 3626 que
2108 3554 2344 3610 vocavit
2373 3556 2764 3620 Nazarenum,
2793 3570 2864 3612 eo
2893 3555 3059 3628 quod
3089 3555 3150 3612 in
3179 3555 3413 3612 civitate
3441 3559 3623 3615 Naza-

1964 3642 2094 3699 reth
2134 3643 2388 3700 nutritus
2434 3647 2608 3714 esset,
2652 3643 3167 3716 quemadmodum
3209 3643 3446 3718 scripsit
3485 3648 3622 3703 lat-

1965 3732 2154 3788 thaaus
2183 3734 2252 3791 ”.

2036 3821 2433 3878 Perditionem
2465 3825 2686 3890 autem,
2713 3826 2886 3879 vocat
2909 3822 3006 3879 hic
3034 3823 3276 3880 daemon
3305 3823 3620 3881 cohibitio-

1965 3926 2103 3967 nem
2141 3927 2264 3967 sure
2308 3912 2634 3984 potestatis,
2684 3912 3082 3985 virtutemque
3119 3913 3503 3982 contrariam,
3547 3928 3619 3972 ac

1964 4001 2463 4073 persecutionem.
2488 4002 2549 4057 Id
2561 4001 2743 4058 etiam
2759 4002 2925 4074 quod
2943 4002 3183 4059 additur
3209 4019 3223 4058 :
3243 4003 3398 4060 Novi
3413 4009 3468 4060 te
3483 4003 3618 4075 quis

1963 4091 2062 4160 sis,
2095 4090 2402 4147 adulando
2433 4091 2484 4147 ei
2515 4091 2678 4156 dixit,
2713 4095 2776 4147 ut
2803 4091 2915 4163 ipsi
2944 4096 3232 4163 parceret.
3263 4095 3392 4149 Non
3418 4092 3617 4149 solum

1964 4184 2164 4237 autem
2187 4181 2330 4236 dixit
2353 4180 2616 4246 Sanctus,
2640 4180 2764 4246 sed,
2791 4180 2899 4237 ille
2917 4182 3197 4248 Sanctus,
3216 4197 3360 4238 cum
3387 4180 3618 4238 articuli

1964 4269 2286 4326 additione.
2321 4269 2630 4342 Siquidem
2659 4273 2717 4324 et
2756 4270 3062 4342 prophetae
3094 4271 3289 4328 sancti
3316 4275 3474 4337 sunt,
3510 4271 3618 4327 sed

1963 4375 2068 4433 per
2100 4360 2603 4432 participationem
2637 4374 2649 4413 :
2684 4358 2846 4414 solus
2876 4364 3076 4416 autem
3104 4363 3258 4416 Deus
3291 4359 3532 4432 proprie
3561 4363 3622 4416 et

1964 4454 2180 4506 natura
2217 4453 2459 4505 sanctus
2490 4452 2596 4504 est.
2629 4449 2713 4505 Ob
2741 4447 2800 4503 id
2833 4462 2976 4518 ergo
2997 4448 3174 4506 dixit:
3214 4453 3464 4506 Sanctus
3497 4449 3616 4515 ille,

1885 4511 1932 4570 θ
1963 4539 2079 4594 hoc
2108 4543 2193 4594 est
2219 4543 2431 4594 natura
2454 4537 2692 4611 proprie
2724 4511 2985 4593 sanctus.

2033 4630 2194 4684 Vers.
2225 4628 2311 4683 25.
2360 4627 2436 4682 Et
2474 4627 2807 4696 increpavit
2836 4657 2906 4668 -
2936 4627 3012 4682 ab
3061 4642 3147 4685 eo.
3175 4657 3247 4669 —-
3271 4626 3620 4696 Increpavit,

1968 4718 2078 4774 hoc
2109 4722 2213 4780 est,
2246 4718 2322 4771 Os
2342 4716 2662 4772 obturavit.
2691 4714 2836 4770 Vide
2858 4721 3055 4771 autem
3087 4715 3251 4786 quod
3279 4731 3400 4771 non
3423 4731 3620 4771 susce-

1968 4807 2114 4880 perit
2143 4806 2407 4862 Christus
2441 4821 2476 4860 a
2505 4805 2778 4860 daemone
2808 4805 3232 4874 testimonium,
3264 4820 3620 4876 quanquam

1967 4913 2103 4952 vera
2123 4895 2632 4952 diceret.Primum
2660 4893 2904 4964 quidem
2935 4893 3078 4964 quia
3110 4909 3232 4949 non
3264 4894 3387 4950 vult
3409 4894 3622 4950 veritas

1970 4992 2032 5041 ut
2061 4986 2173 5041 sibi
2204 5002 2238 5040 a
2267 4985 2525 5040 falsitate
2551 4981 2926 5054 perhibeatur
2949 4983 3378 5039 testimonium.
3405 4981 3624 5039 Deinde

1970 5075 2169 5131 docuit
2218 5090 2328 5129 nos
2380 5090 2453 5130 ne
2500 5072 2875 5127 daemonibus
2948 5088 3216 5145 unquam
3283 5073 3622 5140 credamus,

1972 5167 2148 5223 etiam
2227 5180 2368 5220 vera
2453 5162 2786 5218 dicentibus
2868 5178 2880 5215 :
2961 5178 3098 5218 cum
3177 5163 3336 5220 enim
3425 5168 3627 5221 ament

332 5303 379 5338 ¹⁹
407 5303 540 5358 Luc.
575 5317 654 5369 Iv,
719 5305 800 5360 16.
879 5306 928 5340 ³ο
959 5305 1166 5362 Matth.
1200 5323 1253 5374 ν,
1293 5311 1340 5365 1.
1417 5309 1460 5343 ²¹
1489 5309 1688 5364 Matth.
1719 5314 1858 5372 vn.E

2018 5313 2063 5346 ²²
2095 5311 2228 5365 Luc.
2264 5324 2339 5373 xv,
2371 5309 2458 5363 33.
2537 5310 2583 5342 ³³
2625 5309 2760 5362 Luc.
2784 5321 2860 5374 1v,
2898 5306 2978 5361 16.

1476 5451 1696 5520 Variae
1728 5453 2052 5522 lectiones
2085 5464 2150 5521 et
2191 5462 2391 5519 notae.

329 5603 447 5752 £15;
483 5611 990 5682 Παρισημειὼσατο.
1023 5609 1081 5663 Β.

357 5677 424 5734 to
486 5683 718 5745 Λουκᾶς,
747 5679 1081 5749 corrigendi

357 5677 447 5749 to)
486 5677 718 5745 Λουκᾶς,
747 5679 1198 5749 corrigendum.

553 5776 773 5833 Parnm.
812 5777 916 5833 Gn.
959 5776 1204 5852 CXXIX.

2021 5614 2139 5686 (17)
2162 5615 2470 5688 Λέγει,Ρο81
2497 5611 2736 5681 ἐνταῦθα,
2765 5608 2929 5668 addit
2959 5613 3024 5668 Δ.
