4170 6334
537 327 662 396 277.9

1876 311 2221 383 EUTHYMII
2261 307 2597 368 ZIGAB‘ENI

3809 306 3922 366 780

545 446 958 513 mendacium,
984 445 1220 518 sintque
1244 443 1417 501 nobis
1447 441 1858 508 inimicissimi,
1894 453 2205 512 nunquam

2313 457 2437 490 ποτε
2485 437 2840 504 ἁληθεύσαιεν,
2910 437 2952 490 εἰ
2999 441 3070 509 μὴ
3142 439 3268 510 πρὸς
3324 435 3524 494 ἀπάτην
3581 443 3644 508 τῇ
3701 433 3922 508 ἀληθείᾳ

543 553 692 598 .vera
718 537 1066 609 loquuntur,
1093 533 1211 590 nisi
1238 537 1299 591 ut
1322 533 1398 590 ad
1413 531 1765 598 fallendum,
1787 531 2024 587 veritate
2037 526 2205 601 quasi

549 641 690 684 esca
717 625 984 698 quadam
1014 627 1278 680 utantur.

620 714 784 772 Vers.
830 713 918 769 26.
977 714 1056 769 Et
1112 727 1243 768 cum
1284 711 1686 781 discerpsisset
1727 740 1795 750 -
1845 708 1919 765 ab
1964 722 2047 763 eo.
2097 705 2205 760 Pro

549 803 958 873 Discerpsisset
1000 802 1142 859 dicit
1170 801 1384 865 Lucas,
1409 800 1758 870 Projecisset
1782 800 1843 853 in
1858 795 2109 853 medium
2133 796 2202 850 ’⁵.

550 893 780 950 addens
795 891 962 966 quod
990 890 1137 948 nihil
1164 889 1245 946 illi
1267 889 1489 946 nocuit.
1522 888 1582 942 Ei
1606 888 1900 960 siquidem
1936 884 2206 956 permisit

546 981 857 1046 Dominus,
881 985 945 1038 ut
955 981 1262 1037 hominem
1278 978 1608 1052 projiceret,
1626 993 1747 1049 quo
1761 975 2205 1030 demonstratur

545 1070 916 1146 projicientis
951 1067 1179 1126 malitia
1210 1087 1223 1134 ;
1258 1082 1471 1123 nocere
1514 1070 1715 1122 autem
1759 1079 1878 1119 non
1915 1061 2200 1134 permisit,

545 1163 612 1215 ut
640 1163 954 1232 appareret
993 1157 1338 1230 expellentis
1374 1154 1652 1228 potentia.
1697 1151 1986 1210 Clamavit
2024 1150 2202 1206 etiam

545 1263 688 1304 voce
710 1261 935 1318 magna
953 1245 1291 1318 ﬂagellatus
1319 1243 1570 1317 imperio
1601 1240 1925 1324 Dominico.
1958 1240 2088 1295 Non
2116 1237 2203 1294 di-

545 1336 626 1392 xit
656 1341 858 1394 tamen
885 1335 1032 1408 quid
1057 1333 1423 1400 clamaverit,
1447 1348 1517 1389 eo
1546 1331 1711 1405 quod
1751 1345 1929 1386 voces
1961 1327 2107 1402 nihil
2129 1327 2202 1382 si-

545 1425 902 1498 gniﬁcantes
929 1424 1198 1480 ediderit.

553 1563 558 1568 .
617 1518 778 1572 Vers.
806 1515 895 1570 27.
923 1515 1003 1570 Et
1031 1513 1314 1570 admirati
1338 1518 1472 1568 sunt
1507 1542 1576 1552 —
1604 1510 1880 1567 obediant
1909 1509 1966 1565 ei
1991 1509 2020 1563 ἵ
2049 1506 2200 1575 QuiJ

545 1610 655 1682 est,
674 1605 790 1661 hoc
801 1603 967 1676 quod
981 1602 1251 1659 videmus
1272 1602 1299 1657 ?
1323 1601 1611 1657 Dicebant
1622 1604 1822 1656 autem
1837 1599 2015 1654 etiam
2039 1611 2200 1652 nunc

545 1693 619 1766 (ε)
650 1693 862 1750 Christi
883 1691 1234 1756 doctrinam,
1265 1695 1464 1763 utpote
1486 1689 1853 1745 dit‘ferentem
1870 1704 1907 1744 a
1927 1687 2201 1743 doctrina

544 1783 907 1847 Scribarum,
928 1785 1032 1838 aut
1059 1780 1241 1836 etiam
1273 1797 1307 1834 a
1325 1779 1599 1835 doctrina
1617 1777 1867 1835 Joannis
1893 1777 2194 1847 Baptistae.

541 1854 624 1927 illi
645 1869 943 1943 siquidem
957 1868 1257 1943 docebant
1274 1873 1490 1924 tantum
1519 1884 1532 1932 ;
1565 1865 1832 1922 Christus
1856 1880 1989 1921 vero
2020 1864 2199 1919 etiam

541 1940 840 2017 daemones
885 1940 1024 2014 cum
1064 1961 1358 2029 potestate
1415 1956 1762 2028 expellebat.
1815 1953 2197 2009 Auctoritatis

541 2063 806 2121 namque
818 2052 906 2104 est
930 2064 942 2101 ε
965 2047 1308 2104 Obmutesce
1332 2052 1384 2102 et
1397 2045 1511 2102 exi.
1537 2045 1727 2101 Lucas
1743 2059 1884 2100 vero
1913 2043 2046 2098 loco
2069 2041 2197 2112 ejus

542 2137 708 2212 quod
733 2137 950 2194 dicitur
974 2145 994 2192 ':
1031 2137 1171 2204 Quae
1189 2136 1456 2192 doctrina
1473 2149 1628 2191 nova
1654 2135 1786 2200 hac,
1809 2133 1956 2188 dixit
1988 2149 2000 2186 :
2033 2130 2203 2198 Quod

542 2234 623 2286 est
662 2227 772 2284 hoc
810 2225 1046 2283 verbum
1072 2226 1120 2262 ³⁵
1143 2225 1172 2282 ‘2
1201 2225 1519 2281 nominans
1549 2223 1821 2286 verbum,
1864 2219 2200 2276 doctrinam

541 2332 678 2390 quae
697 2331 805 2388 per
827 2314 1077 2372 verbum
1107 2314 1200 2382 ﬁt;
1233 2319 1338 2371 aut
1353 2313 1560 2369 dicens
1579 2312 1848 2375 verbum,
1873 2310 2018 2366 illud
2035 2307 2201 2381 quod

543 2405 624 2464 ad
648 2406 987 2462 daemonem
1025 2405 1251 2462 factum
1281 2410 1388 2469 est,
1420 2409 1584 2476 puta.
1629 2403 1962 2458 Obmutesce
1982 2406 2052 2456 ‘et
2083 2399 2199 2454 exi.

547 2495 712 2553 Unde
735 2496 916 2552 etiam
938 2494 1173 2551 addidit
1201 2510 1214 2549 :
1242 2493 1385 2560 Quia
1405 2509 1534 2550 cum
1560 2492 1916 2548 auctoritate
1937 2505 2005 2545 ac
2023 2494 2201 2560 potes-

545 2589 669 2642 tate
688 2584 946 2654 imperat
973 2584 1282 2654 spiritibus
1293 2582 1611 2639 immundis
1628 2587 1682 2638 et
1699 2580 2084 2638 exeunt.Cum
2104 2593 2207 2632 au-

544 2675 776 2732 toritate
803 2673 1074 2748 quidem,
1119 2689 1192 2730 eo
1219 2674 1385 2746 quod
1411 2671 1644 2743 juberet
1685 2688 1700 2738 ;
1733 2686 1872 2726 cum
1913 2673 2206 2742 potestate

543 2779 706 2829 vero,
734 2779 803 2818 eo
833 2761 987 2835 quod
1014 2761 1291 2828 efﬁceret,
1325 2760 1493 2833 quod
1518 2759 1712 2816 vellet.

613 2871 778 2926 Vers.
810 2869 900 2926 28.
927 2868 1137 2927 Ezivit
1161 2875 1351 2925 autem
1376 2865 1731 2924 --Galilwa°.
1759 2864 1986 2922 Dictum
2017 2867 2103 2920 est
2127 2863 2202 2920 de

542 2957 660 3049 hoc
690 2962 904 3030 quarto
926 2957 1099 3031 ju'xta
1123 2956 1466 3014 Matthtnum
1495 2954 1708 3026 capite.

919 3099 1077 3155 CAP.
1113 3101 1176 3154 11.
1203 3099 1284 3154 De
1313 3113 1485 3154 socru
1514 3096 1784 3155 Simonis.

557 3246 567 3255 ,
620 3191 782 3246 Vers.
813 3187 902 3246 29.
940 3189 1018 3246 Et
1051 3189 1253 3246 statim
1279 3218 1348 3228 —
1375 3189 1603 3243 Joanne.
1640 3187 1766 3251 Qua
1799 3184 1874 3240 de
1909 3199 2093 3240 causa
2132 3197 2204 3238 eo
2237 3184 2252 3220 ῖ

547 3277 1056 3352 veneritsuperius
1083 3276 1310 3333 dictum
1331 3280 1420 3332 est
1437 3281 1652 3332 octavo
1665 3276 1839 3346 juxta
1862 3272 2204 3330 Matthaeum

548 3368 768 3442 capite.

554 3501 563 3507 .
623 3459 784 3516 Vers.
823 3457 913 3513 30.
953 3457 1170 3514 Socrus
1198 3460 1395 3514 autem
1427 3453 1674 3510 —-Vers.
1698 3455 1786 3510 31.
1813 3453 1972 3522 ipsis.
2006 3453 2085 3508 De
2113 3451 2206 3508 his

551 3561 793 3620 quoque
812 3546 1039 3604 dictum
1058 3550 1150 3602 est
1169 3545 1381 3602 eodem
1411 3543 1622 3617 capite.
1646 3541 1795 3599 Vide
1816 3546 2018 3599 autem
2045 3540 2207 3614 quod

554 3634 823 3694 Christus
890 3635 1112 3708 sapius
1147 3634 1230 3692 ob
1267 3633 1523 3691 aliorum
1574 3632 1757 3688 ﬁdem
1817 3631 2046 3688 confert
2080 3630 2210 3686 aliis

557 3723 893 3791 sanitatem,
925 3723 1168 3797 quando
1196 3723 1465 3779 futurum
1495 3725 1598 3786 est,
1632 3725 1696 3777 ut
1720 3721 1769 3777 is
1798 3735 2041 3794 quoque
2089 3735 2212 3776 cre-

557 3812 662 3871 dat
719 3812 824 3886 qui
855 3816 1115 3879 curatur,
1144 3817 1202 3869 et
1231 3827 1352 3868 non
1386 3815 1578 3884 potest
1631 3811 1707 3868 ad
1751 3826 1815 3867 se
1841 3810 2060 3875 venire,
2108 3813 2212 3866 aut

555 3907 803 3976 propter
838 3901 1279 3974 mgritudinem,
1319 3905 1425 3960 aut
1452 3905 1691 3973 propter
1729 3899 2211 3972 intempestivam

558 3996 818 4060 etatem,
838 3996 941 4049 aut
956 3991 1146 4048 etiam
1169 3989 1836 4062 propterignorantiam.
1863 3991 2012 4045 Nam
2042 3992 2105 4044 et.
2120 3987 2212 4046 hic

559 4081 660 4139 alii
687 4096 828 4137 eum
852 4079 1154 4150 deprecati
1181 4083 1339 4134 sunt.
2150 4125 2156 4130 .

633 4168 1044 4240 Suscipiamus
1072 4166 1252 4237 igitur
1275 4171 1333 4223 et
1369 4182 1480 4223 nos
1510 4166 1805 4224 Christum
1834 4166 1954 4222 sive
1996 4180 2214 4221 sermo-

561 4271 704 4314 nem
727 4256 878 4329 ejus,
913 4260 976 4311 ut
1003 4254 1216 4312 febrim
1241 4254 1623 4312 atfectionum
1665 4256 1725 4310 in
1774 4254 1947 4310 nobis
1997 4253 2211 4310 exstin-

562 4349 726 4418 guat.
761 4346 1044 4416 Suscepto
1060 4349 1260 4400 autem
1275 4343 1569 4400 beneﬁcio
1595 4344 1998 4399 ministremus
2028 4343 2101 4408 ei,
2121 4359 2216 4399 cu-

561 4433 756 4511 rando
785 4448 1100 4506 pauperes.
1121 4432 1424 4506 Quidquid
1435 4434 1607 4496 enim,
1641 4433 1832 4505 inquit
1853 4432 2081 4502 fecistis
2107 4435 2215 4490 uni

560 4620 790 4682 tremus
821 4616 878 4668 et
896 4610 1105 4684 hisqui
1127 4610 1588 4668 eumimitantur
1605 4611 1776 4683 quasi
1806 4610 2114 4683 discipulis
2130 4611 2216 4684 ip-

565 4703 713 4769 sius,
738 4705 802 4759 ut
827 4703 887 4758 et
908 4699 990 4756 illi
1007 4715 1115 4772 pro
1132 4701 1308 4756 nobis
1345 4699 1750 4772 deprecentur.

743 4899 902 4956 CAP.
934 4897 1028 4957 III.
1067 4899 1153 4956 De
1169 4899 1390 4956 curatis
1418 4913 1456 4956 a
1481 4898 1660 4956 variis
1681 4896 2042 4972 langoribus.

637 5093 798 5153 Vers.
827 5096 913 5152 32.
945 5095 1133 5154 Facta
1185 5101 1380 5152 autem
1406 5109 1646 5165 vespera
1672 5124 1742 5136 —
1797 5094 1957 5151 Vers.
2009 5099 2098 5153 33.
2117 5098 2214 5169 ja-

639 5229 687 5266 “
711 5228 857 5288 ibid.
888 5233 977 5288 35.
1055 5229 1102 5266 ³⁸
1133 5227 1281 5287 Ibid.
1315 5233 1402 5286 36.
1481 5229 1529 5265 ³⁸
1581 5227 1785 5286 Matth.
1818 5245 1955 5297 xxv,
1987 5233 2080 5288 40.

564 4539 639 4582 ea:
651 4523 742 4580 his
759 4521 1052 4594 fratribus
1069 4521 1204 4578 meis
1217 4522 1497 4588 minimis,
1513 4521 1892 4592 mihifecistis
1907 4524 1953 4557 ιο
1980 4537 1994 4588 ;
2018 4521 2218 4577 minis-
2247 4486 2294 4566 Β

2312 532 2610 600 χρήσονται
2643 527 2753 600 (18)
2781 529 3011 601 καθάπερ
3035 530 3138 578 τινὶ
3172 522 3393 579 δελέατι.

2387 745 2487 793 Καὶ
2567 739 2837 813 σπαράξαν
2925 771 2993 780 —
3072 738 3124 802 ἐξ
3202 739 3383 791 αὐτοῦ.
3463 741 3534 791 Τὸ
3613 737 3910 810 σπαράξαν,

2310 828 2466 902 ῥίψαν
2509 828 2640 882 εἶπεν
2691 831 2715 880 ὁ
2763 835 2988 894 Λουκᾶς,
3043 830 3310 903 προσθείς·
3356 829 3434 880 ὅτι
3483 823 3648 899 μηδὲν
3699 825 3913 898 βλάψαν

2312 917 2484 970 αὐτόν.
2529 917 2704 989 Ῥίψαι
2751 921 2840 990 μὲν
2887 921 2986 991 γὰρ
3035 921 3121 970 τὸν
3171 920 3436 991 ἄνθρωπον
3483 922 3851 990 συνεχώρησεν
3883 917 3912 967 ὁ

2309 1010 2531 1081 χριστὸς
2553 1008 2682 1078 (19),
2706 1008 2788 1059 ἳνα
2805 1004 2997 1079 δειχθῇ
3026 1014 3117 1058 τοῦ
3143 1006 3391 1081 ῥίψαντος
3417 1007 3447 1064 ἡ
3471 1010 3636 1057 κακία
3664 1025 3676 1036 ·
3706 1003 3913 1077 βλάψαι

2313 1091 2372 1148 δὲ
2429 1096 2522 1147 οὐκ
2578 1099 2763 1161 εἴασεν,
2811 1099 2896 1147 ἵνα
2947 1103 3076 1168 φανῇ
3124 1103 3216 1147 τοῦ
3259 1093 3626 1154 ἀπελαύνοντος
3676 1094 3832 1146 αὐτὸν
3881 1096 3912 1152 ἡ

2312 1181 2554 1257 δύναμις.
2605 1184 2826 1257 Ἐκραξε
2883 1181 2943 1236 δε
2991 1192 3128 1256 φωνῇ
3179 1184 3402 1258 μεγάλη,
3454 1185 3752 1255 μαστιχθεν
3810 1184 3915 1234 ύιτό

2309 1283 2400 1335 τῆς
2456 1281 2774 1337 Δεσποτικῆς
2823 1282 3008 1347 φωνῆς.
3050 1274 3160 1327 Ούκ
3207 1273 3314 1326 εἶπε
3353 1271 3430 1345 δὲ,
3475 1277 3526 1326 τί
3573 1273 3800 1346 ἔκραξεν,
3847 1275 3916 1333 ὡς

2311 1361 2587 1435 ἀσήμαντα
2611 1363 2917 1436 κράξαντος.

2383 1456 2483 1504 Καὶ
2565 1450 2936 1524 ἐθαμϐήθησαν
3027 1483 3094 1492 —
3152 1452 3512 1503 ὑπακούουσιν
3581 1450 3760 1522 αύτῷς
3850 1454 3918 1502 Τί

2309 1539 2420 1592 ἔστι
2464 1548 2618 1592 τοῦτο
2676 1542 2702 1592 ὃ
2745 1539 3039 1614 βλέπομενς
3089 1537 3330 1612 Διδαχήν
3381 1536 3440 1592 δὲ
3490 1544 3672 1597 καινὴν
3717 1538 3911 1610 ἔλεγον,

2307 1634 2400 1688 τὴν
2441 1638 2534 1682 τοῦ
2590 1638 2845 1703 Χριστοῦ,
2891 1633 2960 1692 ὡς
3013 1629 3478 1705 παραλλάττουσαν
3522 1637 3618 1690 τῆς
3667 1625 3917 1699 διδαχῆς

2306 1728 2407 1772 τῶν
2461 1724 2830 1792 Γραμματέων,
2893 1723 2923 1778 ἧ
2983 1727 3073 1780 τῆς
3123 1727 3216 1771 τού
3283 1726 3580 1771 Βαπτιστού
3647 1718 3912 1770 Ἰωάννου.

2233 1786 2273 1855 β
2309 1810 2374 1860 Οἱ
2427 1786 2515 1880 μὲν
2555 1786 2654 1884 γάρ
2696 1805 2980 1861 ἐδίδασκον
3029 1814 3204 1880 μόνον,
3255 1810 3280 1860 6
3327 1805 3386 1860 δε
3431 1811 3655 1882 Χριστὸς
3698 1810 3773 1859 ἔτι
3821 1813 3916 1861 καὶ

2310 1895 2563 1969 δαίμονας
2642 1897 2903 1955 ἀπήλαυνε
2971 1898 3085 1949 κατ’
3157 1896 3412 1960 ἐξουσίαν.
3485 1895 3916 1959 Ἐξουσιαστικὸν

2306 1989 2408 2058 γὰρ
2467 1989 2545 2053 τὸ,
2597 1989 2886 2059 Φιμώθητι,
2940 1991 3028 2038 καὶ
3083 1990 3162 2052 τὸ,
3208 1985 3428 2049 Ἔξελθε.
3473 1985 3531 2037 Ὀ
3579 1982 3639 2038 δὲ
3679 1991 3912 2053 Λουκᾶς,

2310 2073 2418 2128 ἀντὶ
2461 2082 2554 2127 τοῦ
2583 2095 2594 2107 ·
2637 2080 2730 2137 Τίς
2772 2077 2801 2132 ἡ
2856 2072 3065 2148 διδαχὴ
3113 2077 3143 2135 ἡ
3194 2080 3344 2134 καινὴ
3397 2076 3572 2139 αύτηλς
3615 2079 3706 2136 Τίς
3747 2076 3773 2126 6
3820 2073 3916 2126 λό-

2307 2183 2400 2236 γος
2445 2164 2610 2231 οὗτος,
2676 2167 2848 2239 εἴρηκε
2881 2184 2894 2196 ·
2941 2164 3090 2236 λόγον
3138 2164 3420 2237 ὀνομάσας,
3469 2168 3565 2222 την
3614 2161 3707 2216 διὰ
3755 2163 3916 2235 λόγου

2311 2249 2571 2325 διδαχὴν·
2605 2258 2636 2312 ἤ
2681 2253 2830 2324 λόγον
2885 2253 3064 2326 λέγων,
3109 2257 3196 2306 τὸν
3237 2253 3491 2326 λεχθέντα
3527 2256 3660 2326 πρὸς
3696 2257 3754 2306 τὸ
3797 2249 3921 2305 δαι-

2311 2346 2506 2416 μόνιον,
2557 2346 2615 2395 τὸ
2665 2344 2955 2415 Φιμώθητι,
3011 2347 3102 2395 καὶ
3154 2346 3234 2411 τὸ,
3310 2341 3539 2405 Ἔξελθε.
3617 2345 3921 2418 Προσέθηκε

2310 2433 2409 2506 γὰρ
2443 2451 2456 2464 ·
2533 2431 2652 2484 Ὀτι
2743 2430 2790 2483 ἐν
2881 2430 3091 2503 ἐξουσίᾳ
3177 2436 3266 2484 καὶ
3345 2429 3566 2504 δυνάμει
3645 2432 3921 2484 ἐπιτάσσει

2311 2529 2420 2584 τοῖς
2489 2521 2806 2594 ἀκαθάρτοις
2874 2523 3185 2594 πνεύμασιν.
3259 2523 3337 2574 Ἐν
3395 2519 3610 2594 ἐξουσίᾳ
3660 2525 3771 2594 μὲν,
3825 2518 3922 2574 διὰ

2313 2614 2370 2664 τὸ
2410 2613 2784 2685 προστάσσεινο
2820 2608 2868 2661 ὢν
2899 2606 3120 2682 δυνάμει
3150 2605 3228 2678 δὲ,
3265 2605 3359 2662 διὰ
3387 2613 3444 2662 τὸ
3476 2608 3663 2663 ἀνύειν.

2383 2878 2594 2943 Ἐξῆλθε
2643 2874 2702 2930 δε
2762 2906 2825 2915 ο-
2882 2875 3170 2938 Γαλιλαίας.

2312 2967 2360 3020 ἐν
2391 2977 2462 3040 τῷ
2491 2969 2719 3041 τετάρτῳ
2743 2965 2999 3038 κεφαλαίῳ
3025 2973 3115 3017 τοῦ
3142 2967 3276 3017 κατὰ
3301 2968 3588 3019 Ματθαῖον.

2597 3063 2742 3109 ΚΕΦ.
2775 3053 2844 3108 Β’.
2875 3060 2998 3127 Περὶ
3029 3061 3117 3115 τῆς
3137 3056 3378 3130 πενθερᾶς
3406 3059 3624 3129 Πέτρου.

2385 3150 2482 3199 Καὶ
2535 3145 2715 3206 εύθέως
2765 3176 2834 3184 --
2886 3145 3143 3197 Ἰωάννου.
3195 3147 3345 3204 Τίνος
3396 3143 3559 3196 ἕνεκεν
3605 3139 3751 3202 ἦλθεν
3795 3141 3919 3208 ἐκεῖ,

3250 2879 3470 2949 Εἴρηται
3540 2880 3655 2949 περὶ
3714 2877 3900 2930 τούτου

2316 3241 2620 3311 προείρηται
2673 3233 2721 3286 ἐν
2768 3242 2840 3305 τῷ
2897 3230 3069 3305 ὀγδόῳ
3125 3233 3381 3306 κεφαλαίῳ
3447 3241 3540 3286 τού
3593 3235 3726 3286 κατὰ
3779 3239 3926 3286 Ματ-

2318 3327 2344 3378 θ
2351 3333 2460 3378 αῖον
2470 3365 2482 3377 .

2384 3414 2444 3467 ’Π
2489 3410 2548 3466 δὲ
2589 3412 3080 3488 πενθερὰ-αὑτοῖς.
3142 3414 3362 3486 Εῖρηται
3411 3412 3503 3464 καί
3558 3415 3674 3484 περὶ
3729 3413 3926 3464 τούτων

2318 3502 2367 3555 ἐν
2422 3511 2494 3573 τῷ
2557 3502 2697 3573 αύτῷ
2745 3500 3021 3574 κεφαλαίῳ·
3082 3505 3266 3553 σκόπει
3324 3497 3401 3571 δὲ,
3463 3502 3542 3552 ὅτι
3594 3500 3842 3561 πολλάκις
3901 3501 3927 3552 6

2317 3596 2548 3666 Χριστὸς
2610 3599 2670 3664 τῇ
2740 3590 2918 3664 ἑτέρων
2987 3595 3163 3642 πίστει
3241 3589 3529 3662 χαρίζεται
3593 3593 3688 3647 τὴν
3741 3589 3929 3663 ἑτέρων

2317 3681 2482 3747 ἴασιν,
2541 3682 2660 3733 ὅταν
2727 3679 2900 3752 μέλλοι
2960 3681 3220 3732 πιστεύειν
3276 3683 3364 3730 καὶ
3414 3679 3439 3730 6
3497 3679 3926 3753 θεραπευόμενος,

2318 3776 2409 3824 καὶ
2451 3774 2522 3843 μὴ
2575 3767 2795 3828 δύνηται
2844 3772 2976 3842 πρὸς
3025 3767 3179 3820 αὑτὸν
3229 3765 3407 3836 ἐλθεῖν,
3459 3767 3490 3825 ᾖ
3534 3763 3629 3819 διὰ
3667 3771 3842 3837 νόσον,
3894 3772 3925 3828 ἦ

2322 3857 2392 3913 δι’
2434 3862 2599 3935 ἄωρον
2648 3859 2873 3925 ἠλικίαν,
2925 3862 2955 3917 ἦ
3005 3863 3095 3910 καὶ
3147 3853 3221 3910 δι’
3267 3859 3499 3930 ἄγνοιαν.
3558 3861 3656 3910 Καὶ
3708 3858 3806 3931 γάρ
3847 3856 3930 3910 ἐν-

2321 3952 2490 4003 ταῦθα
2514 3949 2674 4025 ἕτεροι
2704 3947 2858 4002 αὐτόν
2893 3946 3264 4022 παρεκάλεσαν.

2392 4177 2786 4253 ’Υποδεξὼμεθα
2849 4175 2935 4231 οὖν
2997 4184 3088 4231 καὶ
3154 4181 3305 4252 ἡμεῖς
3367 4181 3452 4231 τὸν
3516 4179 3764 4253 Χριστόν,
3822 4179 3932 4229 εἴτ-

2325 4289 2435 4338 ουν,
2475 4273 2562 4322 τὸν
2615 4269 2765 4340 λόγον
2819 4268 2999 4335 αὐτού,
3040 4269 3121 4319 ἶνα
3174 4277 3274 4320 τῶν
3335 4265 3386 4319 ἐν
3434 4268 3558 4339 ἡμῖν
3610 4267 3787 4318 παθῶν
3833 4268 3931 4324 τὴν

2323 4362 2558 4434 πύρωσιν
2617 4356 2906 4430 ἀποσϐἑση’
2970 4361 3216 4428 τυχόντες
3275 4353 3334 4408 δι
3378 4355 3692 4429 εὐεργεσίας,
3744 4350 3930 4406 διακο-

2323 4449 2560 4522 νήσωμῖεν
2639 4448 2801 4519 αύτῷ,
2871 4447 3232 4522 θεραπεύοντες
3293 4449 3412 4508 τοὺς
3485 4449 3735 4506 πένητας.
3821 4443 3932 4516 Ἐφ’

2326 4541 2445 4591 ὁσον
2501 4539 2622 4612 γὰρ,
2685 4540 2864 4609 φησίν,
2925 4533 3206 4594 ἐποιήσατε
3264 4536 3335 4587 ἐνὶ
3383 4537 3576 4587 τούτων
3630 4543 3728 4585 τῶν
3785 4530 3927 4586 ἁδελ-

2325 4636 2430 4702 φῶν
2498 4646 2598 4700 μου
2655 4634 2756 4678 τῶν
2813 4624 3126 4698 ἐλαχίστων,
3197 4626 3310 4696 ἐμοὶ
3377 4621 3684 4682 ἐποιήσατε.
3745 4631 3918 4674 Διακο-

2323 4723 2560 4790 νὴσωμεν
2607 4713 2666 4769 δὲ
2710 4719 2800 4768 καὶ
2852 4723 2961 4776 τοῖς
3005 4715 3162 4766 αὐτοῦ
3219 4719 3496 4786 μιμηταῖς,
3544 4714 3616 4775 ὡς
3661 4713 3922 4785 μαθηταῖς

2325 4806 2485 4861 αὐτοῦ
2522 4811 2613 4858 καὶ
2649 4808 2720 4866 ὡς
2756 4806 2882 4879 ὑπερ
2913 4806 3059 4876 ἡμῶν
3085 4805 3419 4856 ἱκετεύουσιν.

2521 4901 2670 4951 ΚΕΦ.
2701 4892 2770 4948 I".
2798 4897 2923 4967 Περὶ
2951 4901 3051 4947 τῶν
3080 4891 3319 4945 ἰαθίντων
3348 4888 3448 4944 ἀπὸ
3477 4889 3725 4944 ποικίλων

3023 5004 3188 5053 νόσων
3201 5043 3215 5057 .

2394 5091 2584 5165 Ὀψίας
2647 5091 2707 5145 δε
2757 5092 3033 5164 γενομένης
3087 5120 3156 5130 -
3207 5092 3302 5150 τὴν
3343 5089 3522 5164 θύραν.
3565 5089 3788 5162 Εἴρηται
3838 5089 3934 5140 καὶ

1767 5369 1993 5442 Varia;
2025 5373 2354 5443 lectiones
2387 5382 2452 5442 et
2491 5381 2693 5441 notaa.

639 5530 754 5604 (18)
785 5530 970 5600 Forte,
1002 5533 1321 5607 χρήσαιντο.

2398 5529 2511 5604 (19)
2548 5527 2606 5584 Ὀ
2643 5532 2862 5605 Κύριος.
2900 5531 2962 5586 Β.

643 5655 714 5731 (ς)
753 5652 937 5718 Etiam
963 5671 1142 5714 nunc.
1171 5655 1427 5728 Corrige,
1456 5671 1690 5714 novam.
1723 5651 2042 5715 Hentenius
2069 5653 2205 5716 loco

2311 5660 2418 5717 ινήν
2443 5656 2677 5715 videtur
2705 5654 2999 5733 invenisse
3023 5655 3115 5708 καὶ
3137 5646 3248 5707 νῦν.
