4170 6334
284 302 389 363 781

1385 304 1748 364 COMMENT.
1790 303 1876 360 IN
1901 300 2222 363 MARCUM.
2259 339 2327 349 —
2358 307 2512 365 CAP.
2556 309 2605 365 Ι.

3544 308 3656 367 783

290 437 412 508 περὶ
465 435 651 485 τούτου
710 430 759 483 ἐν
802 438 874 502 τῷ
926 430 1086 503 ἐνάτῳ
1134 432 1388 505 κεφαλαίῳ
1452 440 1543 486 τοῦ
1590 434 1723 484 κατὰ
1750 436 1893 484 Ματ-

2023 446 2203 488 mam.
2237 434 2467 491 Dictum
2496 438 2582 491 est
2611 437 2668 491 et
2690 434 2766 492 de
2794 434 2886 492 his
2915 435 3106 509 capite
3134 436 3297 493 nono
3319 435 3491 507 juxta
3513 437 3657 494 Mat-

298 524 463 575 θαίον.

371 616 471 665 Καὶ
500 610 809 684 ἐθεράπευσε
885 639 955 651 -
1002 608 1222 674 ἐξέϐαλε.
1296 610 1354 663 ⁸0
1412 613 1501 683 μὲν
1557 611 1762 683 Μάρκος
1828 609 1894 661 εἷ-

296 719 406 765 πεν,
462 701 543 752 ὅτι
612 698 921 770 ἐθεράπευσε
987 700 1222 761 πολλούς’
1281 702 1305 752 6
1356 699 1414 753 δὲ
1470 702 1753 765 Ματθαῐος,
1815 700 1895 750 ὅτι

294 790 509 849 πάντας.
558 788 779 861 Ὁμοίως
831 785 890 841 δὲ
948 795 1034 841 καὶ
1080 795 1197 863 περὶ
1245 798 1343 841 τῶν
1390 786 1693 861 δαιμονίων,
1736 789 1761 839 ό
1805 791 1893 857 μὲν

294 879 530 951 Μάρκος,
599 880 679 931 ὅτι
721 876 970 951 δαιμόνια
1011 879 1174 931 πολλά
1224 878 1449 941 ἐξέϐαλεν
1493 899 1505 911 ο
1559 881 1584 931 6
1635 875 1693 931 δὲ
1750 879 1895 931 Ματ-

297 969 463 1035 θαῑος,
514 970 594 1020 ὅτι
650 967 851 1030 ἐξέϐαλε
921 972 986 1020 τὰ
1047 972 1332 1040 πνεύματα,
1386 964 1645 1033 δηλονότι,
1708 969 1892 1019 πάντα.

367 1062 431 1109 Τί
481 1057 569 1127 οὖν
619 1062 821 1129 (pall/iv;
867 1062 936 1110 T6
986 1058 1204 1118 πολλοὺς
1253 1056 1474 1109 ἐνταῦθα
1525 1063 1610 1108 καὶ
1656 1060 1715 1108 τὸ
1765 1055 1899 1108 Πολ-

294 1146 363 1198 λὰ
407 1147 725 1222 προσέθηκεν
783 1148 808 1198 ό
855 1146 1250 1218 εὐαγγελιστὴς,
1322 1146 1427 1218 οὐχ
1507 1148 1587 1198 ὅτι
1650 1145 1899 1218 παρέλιπε

295 1255 445 1297 τινας
475 1235 872 1311 ἁθεραπεύτους,
920 1238 946 1288 ό
997 1238 1185 1310 Κύριος
1217 1233 1330 1287 οὐδ’
1375 1239 1455 1287 ὃτι
1489 1232 1739 1308 δαιμόνιά
1782 1253 1900 1287 τινα

299 1324 515 1397 ἀφῆκεν,
572 1324 696 1389 ἀλλ’,
742 1327 822 1377 ἶνα
852 1321 998 1397 δείξῃ
1043 1329 1195 1396 μόνον
1246 1326 1270 1377 6
1313 1327 1534 1399 Μάρκος,
1580 1326 1661 1377 ὅτι
1702 1324 1899 1384 πλῆθος

297 1412 435 1474 ἦσαν
485 1415 533 1466 οἰ
565 1416 973 1486 θεραπευθέντες,
1032 1419 1122 1467 καὶ
1179 1416 1259 1467 ὅτι
1305 1414 1467 1466 πολλα
1514 1411 1574 1471 ἧν
1624 1415 1690 1465 τὰ
1718 1412 1901 1471 ἐκϐλη-

302 1504 452 1556 θέντα
481 1500 751 1576 δαιμόνια.
802 1509 984 1556 Σκόπει
1016 1500 1095 1569 δὲ,
1138 1512 1244 1564 πῶς
1286 1506 1343 1555 τὸ
1394 1501 1646 1576 δαιμονᾶν
1677 1502 1734 1554 οὐ
1780 1521 1900 1554 συν-

300 1594 477 1645 τάττει
529 1600 645 1654 ταῖς
690 1593 870 1655 ἄλλαις
919 1597 1088 1654 νόσοις
1140 1592 1248 1645 ἀλλ’
1298 1589 1449 1655 ἰδίως
1489 1593 1615 1645 αὐτὸ
1663 1593 1894 1659 τίθησιν,

303 1684 369 1742 ὡς
407 1680 794 1752 χαλεπώτατον.

381 1878 480 1927 Καὶ
525 1874 619 1927 οὐκ
670 1906 736 1915 -
794 1875 967 1928 αὐτὸν.
1023 1875 1268 1930 Ἐκὼλυεν
1338 1878 1454 1949 (ῗο)
1518 1878 1652 1930 αὐτὰ
1709 1879 1897 1947 λαλεῖν,

306 1967 423 2038 περὶ
469 1962 653 2016 ἑαυτοῦ
706 1965 987 2039 κράζοντα,
1034 1968 1171 2018 καθά
1202 1965 1316 2037 (‘21)
1372 1966 1647 2041 ἱστόρησεν
1698 1969 1723 2019 6
1767 1975 1902 2022 Λου-

302 2059 420 2118 κᾶς,
479 2058 568 2105 καὶ
618 2052 848 2124 λέγοντα,
904 2056 984 2105 ὃτι
1042 2059 1108 2106 Σὺ
1139 2051 1189 2106 εἶ
1231 2056 1256 2106 6
1288 2058 1537 2129 Χριστὸς,
1580 2058 1604 2107 6
1655 2059 1773 2117 Υἱὸς
1810 2061 1900 2109 τόῦ

305 2149 461 2196 Θεοῦ.
490 2142 731 2195 Ἐλάλουν
762 2139 821 2196 δὲ
874 2148 991 2216 περὶ
1018 2144 1173 2196 αὐτοῦ
1209 2144 1346 2215 (22),
1395 2146 1476 2196 ὅτι
1517 2142 1716 2218 ᾔδεσαν
1748 2146 1901 2198 αὐτὸν

306 2235 430 2284 ὄντα
489 2235 575 2284 τὸν
642 2235 894 2306 Χριστὸν,
982 2236 1051 2294 ὡς
1102 2235 1128 2283 6
1196 2238 1399 2294 Λουκᾶς
1450 2234 1603 2286 πάλιν
1680 2238 1898 2307 εἴρηκεν.

304 2324 617 2394 Ἐγίνωσκον
690 2317 750 2373 δὲ
828 2321 1002 2389 αὐτὸν,
1069 2320 1468 2394 προσϐαλούσης
1543 2323 1720 2385 αὐτοῖς
1782 2343 1905 2395 mpo-

306 2409 443 2487 δρῶς
486 2420 581 2473 τῆς
633 2409 835 2470 ἀκτῖνος
880 2418 976 2473 τῆς
1035 2412 1288 2479 θεότητος,
1333 2415 1497 2482 πυρὸς
1528 2409 1683 2470 δίκην
1737 2432 1749 2445 θ
1811 2414 1903 2465 οὐκ

306 2505 388 2555 εἶα
418 2497 476 2553 δὲ
518 2499 653 2552 αὐτὰ
697 2499 885 2565 λαλεῖν,
933 2496 1028 2552 διὰ
1072 2504 1165 2558 τ’ὴν
1211 2500 1402 2565 αἰτίαν,
1448 2505 1511 2559 ἣν
1557 2498 1903 2555 ἀποδεδώκα-

306 2610 397 2665 μεν
458 2588 711 2664 ἀνωτέρω,
768 2591 889 2642 ἔνθα
958 2588 1183 2662 ἓφίμωσε
1246 2594 1303 2641 τό
1372 2588 1657 2666 ἀκάθαρτον
1708 2599 1904 2663 πνεῦμα

309 2687 396 2734 τοῦ
427 2678 475 2732 ἐν
504 2686 566 2752 τῇ
603 2685 882 2750 συναγωγῇ
911 2681 1053 2741 ὄντος
1085 2676 1377 2751 ἀνθρώπου.

383 2774 485 2822 Καὶ
558 2770 695 2841 πρωΐ
775 2770 987 2837 ἔννυχον
1051 2799 1121 2808 -
1185 2770 1541 2841 προσηύχετο.
1627 2768 1901 2841 Ἐννυχον,

309 2858 427 2911 ἀντὶ
477 2865 589 2922 τοῦ,
646 2858 847 2917 Νυκτός
920 2859 993 2908 ἔτι
1039 2859 1222 2918 οὔσης.
1296 2861 1365 2909 T6
1430 2860 1531 2932 γὰρ
1583 2858 1696 2910 λίαν
1742 2861 1901 2932 πρωί,

311 2950 526 3017 ἔννυχον
592 2944 754 3014 ἐστιν,
815 2948 999 3012 εἶτουν,
1067 2947 1326 2998 ἔνσκοτον.
1392 2950 1544 2999 Οὕτω
1590 2950 1691 3020 γὰρ
1730 2953 1820 3000 καὶ
1874 2949 1901 3000 ό

310 3038 532 3095 Ιωάννης
583 3037 780 3109 εἴρηκεν
842 3032 891 3085 ἐν
937 3033 1128 3102 ἄλλοις,
1208 3036 1288 3088 ὅτι
1359 3035 1541 3109 Μαρία
1595 3038 1625 3094 ἡ
1685 3034 1902 3107 Μαγδα-

308 3125 436 3183 ληνὴ
497 3126 709 3198 ἔρχεται
795 3126 950 3196 πρωΐ,
1034 3128 1245 3185 σκοτίας
1294 3126 1364 3176 ἔτι
1442 3127 1622 3189 οὔσης,
1702 3126 1774 3188 εἰς
1847 3128 1904 3178 τό

307 3220 556 3287 μνημεῖον
609 3232 621 3244 ·
683 3210 810 3263 ἀλλὰ
1050 3218 1140 3265 καὶ
1222 3214 1425 3289 Μάρκος
1480 3217 1590 3287 μεν,
1648 3213 1905 3286 ’Ἐννυχον

308 3307 419 3357 εἰπε
466 3321 477 3333 ·
532 3307 737 3362 Λουκᾶς
797 3297 876 3367 δὲ,
927 3305 1198 3374 ’γενομένης
1253 3304 1469 3376 ἡμέρας.
1530 3303 1641 3356 Οὐκ
1684 3306 1794 3356 ἔστι
1848 3300 1906 3356 δε

311 3392 692 3462 ἑναντιοφωνία.
771 3392 841 3442 T6
906 3392 1007 3463 ’γὰρ
1091 3389 1205 3443 λίαν
1288 3394 1445 3465 πρωΐ,
1543 3394 1781 3445 ἔνσκοτόν
1852 3411 1907 3445 τε

313 3479 445 3544 ἐστὶ,
474 3486 564 3532 καὶ
594 3478 737 3552 ἁρχὴ
771 3485 862 3539 τῆς
886 3480 1097 3552 ἡμέρας.

390 3568 615 3628 Ἀπῆλθε
663 3565 721 3621 δὲ
786 3568 859 3630 εἰς
910 3566 1145 3641 ἐρημίαν,
1202 3566 1474 3623 διδάσκων
1537 3572 1688 3642 ἡμᾶς,
1740 3569 1825 3623 ἐάν
1855 3575 1907 3623 τί

305 3678 428 3713 ποτε
490 3662 791 3730 ποιήσωμεν
875 3656 1316 3731 ἁξιοθαύμαστον,
1366 3663 1568 3732 φεύγειν
1628 3665 1712 3712 τὸν
1795 3659 1897 3712 ἀπὸ

302 3757 404 3801 τῶν
459 3745 737 3821 ἀνθρώπων
803 3749 1028 3812 ἔπαινον,
1100 3752 1190 3800 καὶ
1259 3751 1393 3801 κατὰ
1456 3754 1645 3821 μόνους
1695 3754 1903 3822 γινομέ-

302 3855 426 3897 νους
477 3835 807 3908 εὐχαριστεῖν
836 3855 889 3889 τε
936 3844 1007 3905 τῷ
1059 3844 1194 3907 Θεῷ,
1248 3845 1321 3908 τῷ
1365 3834 1510 3890 δόντι
1562 3840 1720 3912 χάριν
1757 3840 1902 3911 ἡμῖν,

302 3929 396 3977 καὶ
464 3926 860 3996 προσεύχεσθαι
946 3921 1379 3998 ἐνδυναμωθῆναι
1445 3928 1538 3979 ἔτι.
1600 3924 1909 3986 Ἐπιτηδεία

306 4011 343 4068 δ
346 4018 367 4067 's
400 4012 472 4074 εἰς
500 4018 804 4085 προσευχὴν
825 4015 855 4071 ἡ
887 4012 1095 4086 ἐρημία,
1131 4012 1165 4067 δ
1170 4018 1223 4067 ιὰ
1247 4019 1304 4067 τὸ
1329 4017 1739 4091 ἀπερίσπαστον.

385 4106 487 4154 Καὶ
537 4099 858 4166 κατεδίωξαν
916 4135 984 4145 -
1023 4104 1267 4165 ζητοῦσι.
1340 4106 1549 4179 Μάρκος
1604 4109 1693 4177 μὲν
1749 4106 1906 4178 λέγει,

310 4192 393 4243 ὅτι
457 4189 515 4242 Ὀ
566 4196 730 4264 Σίμων
795 4197 885 4245 καὶ
958 4194 1007 4245 οἱ
1062 4193 1171 4265 μετ’
1222 4193 1380 4246 αὐτοῦ
1455 4197 1689 4267 μαθηταὶ
1751 4215 1909 4248 κατα·

314 4275 591 4342 διώξαντες
634 4281 777 4355 εὗρον
830 4281 985 4333 αὐτόν
1014 4300 1027 4314 ι
1073 4283 1098 4333 ὀ
1148 4278 1208 4335 δε
1260 4289 1463 4345 Λουκᾶς
1505 4285 1587 4336 ὅτι
1643 4287 1691 4336 οὶ
1758 4284 1911 4357 ὄχλοι

313 4369 469 4431 Εἰκὸς
523 4366 602 4439 δὲ,
647 4374 733 4422 καὶ
802 4372 955 4444 ἄμφω
1014 4379 1179 4424 ταῦτα
1256 4376 1516 4444 ⁴γενέσθαι,
1557 4378 1647 4427 καὶ
1710 4384 1911 4449 πρῶτον

1926 1778 1977 1839 Β
2008 1774 2119 1827 est.

1999 520 2245 578 tbaaum.

2074 612 2232 666 Vers.
2250 612 2337 668 34.
2353 613 2428 669 Et
2445 615 2763 671 curavit—
2779 616 2967 685 ejecii.
2992 618 3216 673 Marcus
3227 615 3473 689 quidem
3486 615 3652 682 dixit,

2002 700 2167 770 quod
2180 702 2399 757 multos
2414 704 3034 761 curaverit.Matthaeus
3048 721 3186 760 vero
3198 705 3356 777 quod
3370 705 3656 761 omnes".

2007 788 2281 845 Similiter
2311 798 2509 847 autem
2537 800 2593 847 et
2608 793 2681 848 de
2705 793 3018 848 daemoniis
3048 794 3188 849 dixit
3210 796 3456 857 Marcus,
3489 792 3657 865 quod

2005 877 2305 935 daemonia
2319 881 2505 936 multa
2527 882 2698 953 ejecit
2718 882 3056 945 ;Mattha3us
3076 897 3212 937 vero
3238 884 3402 954 quod
3418 884 3656 955 spiritus

2006 967 2176 1037 ejecit
2205 969 2275 1036 ⁸⁸,
2306 974 2452 1040 puta
2484 985 2715 1026 omnes.

2079 1056 2232 1121 Quid
2290 1073 2429 1129 ergo
2482 1058 2779 1116 dicimus?
2831 1060 3003 1125 Quod
3057 1061 3278 1116 Multos
3334 1064 3392 1116 et
3439 1059 3656 1125 Multa,

2005 1144 2234 1202 addidit
2260 1147 2356 1202 hic
2386 1148 2779 1217 Evangelista,
2812 1164 2934 1205 non
2960 1149 3124 1221 quod
3154 1148 3391 1220 aliquos
3422 1151 3660 1220 praster-

2007 1234 2230 1290 miserit
2258 1236 2570 1303 Dominus,
2593 1238 2740 1310 quin
2770 1239 3080 1310 curaverit,
3106 1242 3207 1294 aut
3227 1237 3530 1294 daemonia
3558 1237 3662 1294 ali-

2006 1338 2129 1395 qua
2172 1324 2492 1397 reliquerit,
2529 1329 2634 1382 sed
2667 1332 2921 1392 tantum,
2966 1331 3032 1382 ut
3081 1327 3361 1383 ostendat
3401 1327 3658 1392 Marcus,

2006 1413 2173 1485 quod
2202 1414 2367 1470 multi
2397 1416 2635 1471 fuerunt
2662 1416 2767 1489 qui
2795 1415 2988 1473 sanati
3016 1421 3174 1481 sunt,
3206 1416 3515 1489 multaque
3546 1416 3663 1487 ejeo

2008 1508 2103 1558 cta
2145 1503 2465 1559 dmmonia.
2500 1504 2816 1561 Considera
2844 1508 3046 1561 autem
3077 1506 3385 1577 quomodo
3422 1505 3659 1561 daamo-

2006 1591 2249 1648 niacum
2297 1608 2444 1659 esse,
2498 1607 2621 1648 non
2650 1593 2980 1664 conjungat
3011 1593 3143 1650 aliis
3189 1594 3658 1660 inﬁrmitatibus,

2008 1680 2115 1737 sed
2132 1680 2247 1737 hoc
2265 1696 2373 1754 per
2396 1697 2459 1738 se
2478 1687 2666 1754 ponat
2686 1686 2976 1754 tanquam
2993 1682 3054 1738 id
3074 1682 3235 1755 quod
3255 1684 3663 1740 miserrimum

2078 1859 2242 1914 Vers.
2275 1859 2363 1914 34.
2388 1860 2465 1914 Et
2490 1875 2606 1916 non
2634 1890 2703 1901 —
2726 1859 2935 1928 ipsum.
2958 1859 3314 1916 Prohibebat
3336 1860 3472 1932 ipsa
3493 1861 3568 1916 de
3598 1875 3667 1918 se

2008 1947 2195 2019 loqui,
2245 1948 2570 2004 clamantia
2614 1948 2759 2003 sicut
2803 1949 2953 2003 dixit
3000 1949 3186 2004 Lucas
3233 1948 3600 2005 etdicentia
3645 1964 3665 2005 :

2015 2037 2103 2091 Tu
2127 2051 2182 2092 es
2214 2037 2482 2093 Christus
2511 2036 2703 2092 Filius
2736 2037 2842 2094 Dei
2870 2038 2939 2091 '9.
2975 2036 3393 2109 Loquebantur
3421 2052 3565 2093 vero
3591 2038 3665 2094 de

2009 2140 2082 2181 eo
2119 2126 2407 2196 quoniam
2438 2130 2726 2182 noverant
2765 2125 2964 2198 ipsum
2991 2140 3121 2180 esse
3154 2124 3466 2192 Christum,
3511 2125 3667 2183 sicut

2010 2230 2249 2271 rursum
2287 2214 2432 2269 dixit
2464 2217 2669 2270 Lucas.
2706 2214 3160 2287 Cognoscebant
3187 2220 3388 2271 autem
3421 2231 3528 2287 per
3564 2231 3667 2272 ra-

2011 2304 2179 2360 dium
2210 2303 2559 2368 divinitatis,
2588 2303 2692 2376 qui
2718 2305 2777 2359 in
2800 2320 2901 2359 eos
2925 2303 3001 2359 ad
3026 2303 3277 2359 modum
3301 2304 3457 2375 ignis
3481 2304 3662 2375 jacie-

2009 2392 2208 2449 batur.
2249 2395 2377 2448 Non
2419 2392 2653 2449 sinebat
2690 2392 2871 2448 etiam
2927 2408 2997 2449 ea
3038 2392 3203 2465 loquu
3242 2396 3484 2464 propter
3520 2408 3666 2451 cau-

2013 2496 2142 2536 sam
2171 2496 2351 2552 quam
2383 2481 2654 2552 superius
2692 2480 3086 2548 reddidimus,
3123 2481 3223 2537 ubi
3255 2482 3667 2548 obmutescere

2011 2570 2148 2626 fecit
2161 2570 2434 2643 spiritum
2455 2569 2841 2627 immundum
2860 2570 3121 2627 hominis
3144 2570 3204 2627 in
3228 2572 3550 2645 Synagoga
3568 2587 3669 2629 ve-

2008 2660 2151 2717 xati.
2911 2683 2924 2694 -
3036 2686 3039 2689 -

2081 2768 2251 2824 Vers.
2294 2769 2380 2825 35.
2421 2767 2494 2821 Et
2527 2782 2752 2824 summa
2778 2782 2956 2825 mane
2982 2798 3053 2809 —-
3087 2754 3325 2825 orabat.
3351 2767 3414 2823 In
3436 2782 3666 2839 crepu-

2012 2857 2197 2923 sculo,
2215 2857 2331 2913 hoc
2352 2862 2459 2923 est,
2482 2872 2618 2913 cum
2639 2856 2838 2913 adhuc
2859 2873 2977 2913 nox
2999 2863 3183 2923 esset;
3209 2862 3520 2913 summum
3543 2863 3670 2914 mai

2011 2962 2086 3003 ne
2115 2946 2277 3004 enim
2313 2944 2733 3019 crepusculum
2760 2950 2848 3002 est
2878 2947 3003 3002 sive
3030 2944 3368 3002 diluculum.
3402 2947 3493 3003 Sic
3518 2944 3671 3002 enini

2011 3036 2153 3093 alibi
2178 3051 2420 3109 quoque
2442 3036 2587 3091 dixit
2612 3037 2891 3103 Joannes,
2918 3036 3082 3107 quod
3106 3036 3297 3091 Maria
3314 3031 3671 3107 Magdalene

1939 3115 1981 3172 C
2013 3125 2167 3183 venit
2190 3141 2416 3181 summo
2436 3141 2606 3182 mane
2624 3141 2747 3180 cum
2771 3124 2971 3182 adhuc
2994 3125 3247 3181 tenebrae
3270 3131 3443 3182 essent
3460 3127 3538 3183 ³ο.
3561 3125 3673 3181 Ve-‘

2011 3230 2146 3271 rum
2173 3218 2393 3271 Marcus
2427 3214 2663 3286 quidem
2688 3214 2803 3270 hoc
2830 3213 2964 3269 loco
2984 3213 3148 3279 dixit,
3182 3214 3245 3268 In
3276 3213 3628 3285 crepuSculo
3644 3218 3673 3286 ;'

2013 3303 2202 3358 Lucas
2233 3319 2369 3359 vero
2402 3320 2419 3357 :
2454 3302 2630 3359 Facto
2655 3302 2750 3358 die
2779 3303 2846 3356 ³¹.
2873 3301 3001 3357 Non
3028 3306 3116 3358 est
3142 3307 3343 3357 autem
3374 3302 3677 3359 contradia‘

2012 3391 2161 3456 ctio;
2199 3408 2341 3447 nam
2371 3390 2543 3448 valde
2573 3405 2751 3447 mane
2781 3394 2836 3446 et
2874 3390 3292 3462 crepusculum
3321 3394 3428 3461 est,
3462 3394 3520 3447 et
3553 3390 3679 3448 diei‘

2012 3480 2402 3553 principium.
3668 3476 3677 3509 τ

2084 3571 2241 3627 Abiit
2269 3575 2469 3627 autem
2500 3570 2562 3626 in
2592 3569 2893 3626 desertum
2921 3568 3142 3637 locum,
3174 3572 3240 3625 ut
3268 3585 3378 3627 nos
3408 3569 3670 3642 doceret,

2014 3660 2180 3734 quod
2204 3660 2253 3715 si
2282 3660 2528 3732 quando
2552 3659 2939 3715 admiratione
2970 3658 3155 3730 digna
3182 3656 3516 3728 fecerimus,
3544 3658 3673 3718 lau-

2014 3751 2152 3806 dem
2187 3750 2265 3806 ab
2281 3749 2628 3805 hominibus
2654 3748 2993 3818 fugiamus:
3018 3754 3073 3805 et
3094 3748 3168 3804 ab
3191 3748 3320 3804 aliis
3349 3750 3671 3821 segregati,

2015 3842 2134 3896 Deo
2158 3838 2263 3912 qui
2283 3838 2458 3894 nobis
2476 3836 2835 3893 beneficium
2862 3836 3110 3893 contulit
3136 3837 3359 3908 gratias
3392 3853 3670 3907 agamus,

2015 3944 2085 3983 ac
2127 3927 2516 3999 deprecemur
2558 3930 2622 3981 ut
2669 3925 2818 3981 illud
2865 3926 2927 3981 in
2978 3929 3281 3998 posterum
3334 3926 3670 3984 conﬁrmet.

2016 4016 2356 4073 Undelocus
2377 4016 2643 4070 desertus
2659 4014 2907 4070 orationi
2918 4014 3278 4071 conveniens
3296 4018 3403 4081 est,
3422 4029 3493 4071 eo
3505 4015 3676 4088 quod

2016 4105 2461 4161 distractionem
2490 4119 2608 4159 non
2639 4101 2869 4159 afferat.

2090 4212 2253 4268 Vers.
2283 4215 2370 4267 36.
2394 4211 2469 4265 Et
2489 4210 2782 4282 prosecuti
2799 4215 2938 4266 sunt
2964 4239 3030 4249 —
3055 4208 3219 4267 Vers.
3251 4210 3337 4266 37.
3370 4208 3695 4278 Quaerunt."

2018 4304 2244 4360 Marcus
2282 4300 2525 4372 quidem
2565 4300 2645 4355 ait
2677 4316 2690 4355 :
2722 4299 2946 4365 Simon,
2980 4306 3033 4355 et
3063 4299 3162 4371 qui
3198 4314 3333 4355 cum
3369 4299 3468 4355 illo
3506 4302 3680 4356 erant

1996 4392 2311 4461 prosecuti
2372 4391 2721 4446 invenerunt
2768 4404 2919 4446 eum.
2987 4388 3179 4444 Lucas
3227 4393 3450 4453 autem,
3512 4386 3695 4460 quod'

315 4460 427 4530 μὲν,
460 4461 578 4521 τοὺς
608 4460 851 4531 μαθητὰς
902 4466 1055 4512 τοῦτο
1093 4466 1314 4518 ποιῆσαι
1356 4480 1368 4493 ο
1403 4457 1515 4514 εἶτα
1552 4465 1673 4523 τοὺς
1698 4461 1903 4534 ὄχλους.

2023 4457 2214 4535 turbae
2260 4478 2329 4534 ³³.
2371 4478 2698 4534 Verisimile
2757 4493 2898 4549 ergo
2937 4483 3046 4546 est,
3088 4482 3408 4548 utrumque
3456 4457 3681 4531 factum

320 4553 420 4601 Καὶ
475 4550 578 4622 γὰρ
649 4546 993 4623 προλαϐόντες
1048 4550 1096 4602 οἱ
1148 4552 1402 4622 μαθηταὶ,
1467 4552 1553 4603 οἶα
1619 4553 1916 4626 θερμότερον

318 4637 475 4690 αὐτόν
524 4636 845 4708 ἀγαπῶντές,
894 4633 1033 4690 εἷπον
1086 4643 1203 4712 περὶ
1259 4647 1358 4691 τῶν
1415 4639 1607 4711 ὄχλων,
1652 4642 1732 4692 ὅτι
1785 4644 1917 4694 Πάν-

317 4745 402 4787 τες
453 4744 510 4777 σε
557 4726 828 4786 ζητοῦσιν.
880 4724 1017 4801 Ὀρα
1073 4723 1133 4780 δὲ
1179 4728 1315 4790 ὅπως
1370 4729 1398 4787 ἡ
1451 4727 1792 4804 ἀναχώρησις
1830 4750 1923 4784 πο-

325 4816 602 4889 θεινότερον
633 4815 788 4868 αὐτὸν
818 4818 1056 4875 εποίησε.

398 5011 500 5061 Καὶ
562 5006 713 5080 λέγει.
770 5038 840 5051 -·
912 5009 1213 5074 ἐξελήλυθα.
1302 5010 1454 5072 Πόλις
1509 5015 1599 5084 μέν
1658 5010 1817 5082 ἐστιν,
1886 5016 1915 5074 ἡ

323 5100 711 5171 τετειχισμένη·
743 5105 893 5173 κώμη
944 5097 1023 5165 δὲ,
1069 5102 1099 5159 ἡ
1143 5099 1467 5173 ἀτείχιστος.
1501 5101 1794 5174 κωμόπολις
1838 5099 1916 5168 δί,

397 5224 447 5260 ³⁷
473 5222 668 5281 Matth.
702 5241 818 5291 vni,
854 5224 943 5283 16.
1056 5227 1104 5262 ³⁸
1134 5225 1286 5282 Ibid.
1399 5228 1445 5262 ¹⁹
1472 5226 1612 5282 Luc.
1643 5243 1720 5293 1v,
1752 5229 1842 5285 41.

1955 5229 2003 5265 ⁸ο
2032 5230 2201 5285 Joan.
2229 5243 2330 5296 xx,
2364 5231 2412 5283 l.

2025 4583 2174 4634 esse,
2224 4571 2279 4623 et
2326 4567 2587 4638 primum
2625 4565 2872 4639 quidem
2909 4564 3234 4636 discipulos
3284 4564 3400 4620 hoc
3448 4562 3703 4629 fecisse;

2028 4656 2242 4714 deinde
2271 4671 2409 4712 vero
2440 4655 2664 4711 turbas.
2700 4655 2928 4710 Etenim
2974 4651 3307 4724 discipulis,
3342 4657 3406 4708 ut
3432 4651 3537 4723 qui
3566 4646 3702 4708 fer-5

2031 4749 2264 4804 ventius
2294 4762 2432 4801 eum
2463 4744 2749 4800 amabant
2786 4742 3280 4814 anticipaverunt,
3313 4740 3578 4796 dicentes
3605 4738 3702 4796 de-

2032 4836 2218 4892 turbis
2241 4852 2255 4890 :
2275 4834 2483 4891 Omnes
2504 4837 2779 4904 qum-unt
2802 4838 2874 4888 te.
2904 4830 3040 4886 Vide
3057 4833 3258 4885 autem
3275 4829 3579 4902 quomodo
3596 4840 3705 4886 se-'

2030 4924 2222 4982 cessio
2253 4922 2802 4980 desiderabiliorem
2841 4936 2978 4975 eum
3009 4918 3362 4975 reddiderat.
3704 4932 3710 4995 ξ

2098 5015 2261 5070 Vers.
2304 5012 2391 5069 38.
2432 5012 2508 5067 Et
2546 5011 2631 5067 ait
2670 5040 2737 5050 —
2766 5023 3027 5080 egressus
3065 5024 3215 5064 sum.
3258 5006 3559 5081 Oppidum
3596 5006 3689 5065 vel

2030 5102 2234 5159 civitas
2272 5106 2381 5168 est,
2422 5116 2553 5174 qua
2591 5115 2796 5155 muros
2825 5098 3044 5165 habet;
3086 5112 3281 5170 pagus
3322 5100 3526 5154 autem
3566 5096 3712 5155 sive

2524 5226 2568 5262 ⁸1
2604 5228 2739 5281 Luc.
2769 5239 2843 5291 ιν,
2876 5222 2969 5282 42.
3080 5224 3127 5259 ⁸³
3158 5220 3300 5280 Luc.
3332 5237 3412 5295 ιν,
3447 5224 3536 5281 42·

1523 5395 1748 5476 Variae
1782 5404 2113 5522 lectiopes
2161 5416 2226 5475 et
2263 5413 2463 5473 notae.

408 5598 524 5672 (20)
552 5595 788 5653 Ἐκώλυσ
808 5618 856 5653 ν.
891 5604 957 5655 Α.

408 5672 525 5740 (21)
558 5673 759 5735 Καθὼς.
792 5672 859 5728 Β.

1918 5587 1945 5625 ίι
2000 5592 2009 5627 έ
2048 5594 2081 5628 *⁵
2118 5567 2239 5676 (22)
2274 5606 2442 5676 Διότι.
2469 5605 2526 5676 Β.

2049 5675 2160 5751 (23)
2195 5674 2296 5731 Καί
2323 5674 2549 5733 omittit
2570 5675 2634 5732 Β.
