4170 6334
571 356 687 415 983
1890 344 2236 408 EUTHYMII
2280 342 2641 404 ZAGABENI
3841 349 3945 406 ’πει

568 480 719 538 uilla
755 481 863 537 aut
897 476 1090 544 vicus,
1128 491 1268 551 qua
1302 476 1491 535 muris
1527 480 1721 544 caret;
1762 473 2056 548 κωμοπολις
2092 484 2215 527 veri

2298 492 2313 522 ι
2346 472 2376 529 ἦ
2427 470 2475 524 ἐν
2525 477 2667 547 μέρει
2736 477 2825 547 μὲν
2867 474 3165 546 ἀτείχιστος
3206 494 3218 507 ·
3272 473 3320 526 ἐν
3387 477 3530 548 μέρει
3590 470 3651 526 δὲ
3724 492 3945 545 τετειχι-

576 569 740 639 quod
754 568 851 624 hic
868 568 1129 640 ponitur,
1147 568 1312 624 vicos
1336 566 1626 638 signiﬁcat
1643 567 1923 638 majores,
1943 566 2049 620 aut
2068 559 2223 633 oppi-

2347 565 2527 627 σμένη.
2607 565 2898 635 Ἐχομένας
2973 561 3033 617 δέ
3095 563 3248 634 λέγει,
3356 567 3448 624 τὰς
3522 562 3940 625 πλησιαζούσας.

576 656 1052 725 dularusticana,
1066 672 1204 729 quas
1225 657 1407 713 etvici
1431 662 1489 712 et
1506 656 1733 729 oppida
1746 654 1928 711 videri
1941 654 2196 726 possunt
2218 666 2223 704 :

2341 650 2686 723 Ἀπελθωμεν,
2743 659 2893 725 φησὶ,
2961 657 3051 705 καὶ
3104 653 3177 715 εἰς
3218 656 3430 713 ταύτας.
3499 654 3594 704 Διὰ
3630 658 3783 703 τοῦτο
3842 653 3942 724 γὰρ

578 747 797 820 partim
826 746 1075 819 quidem
1104 745 1292 803 muris
1335 745 1545 811 cincta,
1575 746 1789 817 partim
1823 749 2018 799 autem
2049 740 2225 796 muris

2344 737 2638 805 ἐξελήλυθα,
2687 738 2781 794 διὰ
2831 746 2889 794 τὸ
2946 743 3186 817 κηρύξαι,
3247 737 3478 808 δηλαδὴ,
3512 747 3603 794 καὶ
3651 740 3698 792 ἐν
3739 741 3938 800 αὐταῖς.

576 836 861 894 carentia.
892 835 1214 901 Abeamus,
1236 836 1446 907 inquit,
1468 835 1529 890 in
1556 835 1665 890 hos
1693 836 1872 889 etiam
1894 834 2079 895 vicos,
2110 831 2223 884 sive

2340 824 2397 879 Ὀ
2447 824 2507 879 δὲ
2563 835 2760 891 Λουκᾶς
2803 836 2891 884 καὶ
2958 836 3014 884 τὸ
3070 828 3209 893 εἶδος
3253 838 3342 883 τοῦ
3390 830 3723 903 κῆρὺγματος
3770 849 3938 903 προσ-

577 925 659 982 ad
686 925 817 982 hac
844 924 1152 998 oppidula,
1176 928 1240 980 ut
1265 925 1326 980 in
1352 924 1465 980 illis
1493 940 1735 998 quoque
1760 922 2098 995 praedicem.
2127 919 2224 973 Lu-

2340 917 2538 982 ἐθηκεν,
2603 919 2755 972 εἰπών
2798 940 2810 952 ·
2871 922 2952 973 ὃτι
3015 920 3470 992 Εὐαγγιλίσασθαί
3543 939 3606 993 με
3695 915 3778 972 δεῖ
3842 922 3938 977 τὴν

579 1030 681 1071 cas
692 1030 832 1070 vero
854 1029 1043 1084 genus
1059 1028 1293 1085 quoque
1314 1013 1741 1086 praedicationis
1760 1011 1977 1067 addidit
1996 1010 2193 1064 dicens
2213 1023 2225 1062 :

2341 1003 2615 1077 βασιλείαν
2678 1016 2769 1061 τοῦ
2822 1016 2974 1080 Θεοῦ,
3025 1006 3232 1067 δηλαδὴ
3281 1011 3363 1061 ὅτι
3414 1010 3646 1081 ἣγγικεν,
3707 1010 3789 1060 ἶνα
3841 1007 3940 1081 βα-

571 1104 805 1176 .0partet
834 1119 927 1160 me
952 1104 1311 1161 annuntiare
1335 1117 1586 1173 regnum
1610 1101 1718 1159 Dei
1745 1102 1813 1165 ³³,
1843 1098 2010 1172 quod
2034 1096 2218 1154 videli-

2341 1094 2556 1168 σιλεύσῃ
2606 1105 2703 1149 τῶν
2753 1103 3119 1165 πιστευόντων,
3188 1101 3256 1160 ὡς
3304 1099 3419 1151 κατ’
3477 1097 3652 1171 ἀρχάς
3697 1105 3787 1150 τοῦ
3845 1117 3941 1155 κη-

570 1197 668 1251 cet
704 1192 1298 1267 appropinquaverit,
1332 1197 1398 1248 ut
1434 1206 1613 1263 super
1645 1189 1952 1246 credentes
2000 1194 2217 1257 regnet,

2337 1185 2602 1256 ρύγματος
2681 1194 2772 1239 τοῦ
2856 1194 3093 1261 Χριστοῦ
3183 1186 3231 1239 ἐν
3304 1195 3375 1258 τῷ
3454 1190 3590 1239 κατά
3673 1188 3938 1244 Ματθαῖον

568 1282 1096 1356 quemadmodum
1116 1282 1275 1339 circa
1298 1281 1591 1354 principia
1615 1276 2057 1353 praedicationis
2074 1274 2215 1331 Chri-

2339 1273 2638 1347 Εὐαγγελίῳ
2701 1280 3027 1349 προείρηται.
3097 1276 3250 1330 Ἀλλὰ
3304 1278 3511 1351 Μάρκος
3719 1294 3877 1348 φησιν
3922 1294 3934 1308 ·

569 1372 647 1428 sti
691 1372 756 1428 in
780 1370 1104 1442 Evangelio
1129 1371 1299 1443 juxta
1345 1370 1683 1427 Mattheeum
1713 1368 1937 1424 dictum
1967 1371 2073 1422 est.
2115 1364 2216 1420 Sed

2338 1360 2420 1412 ὃτι
2486 1362 2794 1425 Ἐξελήλυθα
2857 1382 2871 1397 ’
2933 1370 3139 1426 Λουκᾶς
3216 1362 3295 1433 δὲ,
3372 1366 3455 1417 ὅτι
3545 1364 3931 1437 ’Δπέσταλμαι.

566 1461 801 1519 Marcus
827 1460 1076 1533 quidem
1100 1459 1284 1517 habet
1309 1477 1322 1516 :
1350 1459 1640 1529 Egressus
1664 1473 1791 1513 sum
1817 1478 1828 1523 ς
1858 1456 2041 1512 Lucas
2064 1469 2213 1512 vero

2338 1448 2491 1513 Εἰκὸς
2539 1447 2599 1505 δὲ
2648 1458 2737 1506 καὶ
2791 1453 2945 1526 ἄμφω
2994 1454 3220 1529 ῥηθῆναι
3270 1460 3357 1505 νῦν
3409 1457 3499 1526 μὲν
3546 1461 3719 1523 τοῦτο,
3760 1460 3849 1505 νῦν
3878 1450 3942 1507 δὲ

569 1550 785 1607 Missus
810 1566 935 1606 sum
963 1551 1036 1606 ⁸⁸.
1064 1549 1180 1607 Sed
1204 1547 1519 1605 verisimile
1540 1553 1628 1605 est
1654 1552 1975 1618 utrumque
2000 1544 2216 1601 dictum

2336 1539 2515 1593 ἐκεῖνο.
2586 1546 2688 1594 Καὶ
2752 1540 2860 1595 ἐπεὶ
2932 1539 3149 1605 διπλοῦς
3207 1539 3269 1601 ἦν
3318 1544 3345 1595 ὁ
3399 1547 3651 1616 Χριστὸς,
3722 1546 3781 1595 τὸ

568 1637 779 1709 fuisse,
821 1653 985 1696 nunc
1024 1638 1156 1706 hoc,
1188 1653 1351 1695 nunc
1380 1642 1580 1695 autem
1606 1636 1773 1693 illud.
1807 1638 1873 1692 Et
1919 1634 2062 1708 quia
2106 1634 2215 1691 duc

2341 1629 2714 1702 Ἀπέσταλμαι,
2765 1633 2834 1694 ὡς
2888 1628 3154 1706 ἄνθρωπος
3230 1633 3404 1706 εἴρηκε
3436 1650 3449 1665 ο
3505 1634 3564 1684 τὸ
3617 1626 3679 1684 δὲ
3731 1630 3944 1694 Ἐξελή-

566 1727 854 1801 quasdam
892 1733 1060 1785 erant
1097 1729 1159 1785 in
1197 1727 1448 1796 Christo,
1498 1726 1665 1798 quod
1702 1725 1917 1782 dicitur
1958 1740 1970 1780 :
2013 1723 2213 1780 Missa:

1119 1743 1159 1785 n
1197 1727 1448 1796 Christo,
1498 1726 1665 1798 quod
1702 1725 1917 1782 dicitur
1958 1740 1970 1780 :
2013 1723 2227 1780 Missus
2335 1715 2487 1784 λυθα,
2512 1721 2581 1781 ὡς
2612 1723 2763 1780 Θεὸς-

568 1833 717 1883 εαηι,
773 1816 1116 1887 intelligitur
1171 1821 1462 1888 tanquam
1500 1816 1722 1881 homo;
1781 1814 1949 1886 quod
2001 1818 2223 1879 autem,
2256 1816 2302 1877 Β

567 1907 856 1977 Egressus
881 1922 1033 1973 sum,
1065 1906 1239 1979 quasi
1270 1906 1433 1961 Deus.

643 1997 802 2052 Vers.
834 1999 923 2053 39.
955 1996 1031 2051 Et
1056 1994 1428 2064 praedicabat
1456 2021 1526 2035 --
1554 1991 1843 2063 ejiciebat.
1873 1995 1921 2047 A
1949 1991 2222 2048 doctrina

2409 2024 2509 2074 Καὶ
2565 2018 2625 2080 ἧν
2706 2025 2987 2095 κηρύσσων
3045 2054 3113 2064 -
3169 2022 3441 2076 ἐκϐάλλων.
3490 2023 3619 2077 Ἀπὸ
3686 2033 3781 2088 τῆς
3852 2021 3939 2078 δι-

567 2084 860 2142 transibat
904 2083 985 2141 ad
1031 2063 1341 2147 miracula,
1396 2086 1461 2137 ut
1509 2097 1664 2153 quos
1721 2096 1839 2136 non
1889 2079 2214 2136 attrahebat

2410 2063 2509 2074 .-.η
2568 2063 2622 2080 .,,
2706 2063 2985 2095 mw---“
3089 2063 3094 2064 γ
3169 2063 3441 2076 ...υννυηηη
3507 2063 3618 2077 ..ην
3694 2063 3780 2088 ..η
3852 2063 3939 2078 υ.-

2336 2106 2623 2171 δασκαλίας
2687 2110 2975 2183 μετέϐαινεν
3045 2110 3128 2164 ἐπὶ
3192 2115 3256 2165 τὰ
3327 2114 3588 2186 θαύματα,
3700 2115 3781 2167 ἵνα
3846 2115 3940 2177 οὖς

567 2189 788 2245 sermo,
814 2173 1136 2231 attraheret
1163 2169 1593 2227 miraculorum
1619 2169 1903 2242 potentia,
1929 2175 1986 2225 et
2011 2172 2077 2224 ut
2107 2183 2214 2224 ser-

2333 2197 2620 2252 ἐπισπᾶται
2668 2200 2780 2271 (24)
2842 2201 2867 2252 ὁ
2930 2200 3104 2272 λόγος,
3166 2201 3354 2274 ἑλκύσῃ
3410 2169 3510 2254 τῶν
3575 2205 3852 2275 θαυμάτων
3899 2207 3932 2264 ἡ

565 2279 811 2322 monem
841 2263 1241 2322 conﬁrmaret.

2334 2284 2572 2361 δύναμις,
2623 2294 2713 2342 καὶ
2768 2290 2851 2342 ἶνα
2902 2287 3181 2364 βαϐαιὼσῃ
3256 2263 3341 2344 τὸν
3410 2290 3560 2364 λόγον
3630 2263 3738 2355 τοῖς
3812 2295 3938 2347 θαύ-

574 2480 579 2483 ·
635 2458 829 2517 Simul
874 2458 1056 2517 etiam
1083 2458 1281 2530 ﬁgura
1308 2456 1483 2515 nobis
1514 2455 1641 2523 fuit,
1675 2459 1740 2513 ut
1768 2471 1888 2513 non
1913 2454 2103 2512 solum
2146 2455 2221 2512 de

2330 2396 2485 2451 μασι.

2405 2472 2502 2520 Καὶ
2555 2467 2666 2541 ἅμα
2724 2470 2881 2530 τύπος
2934 2469 3057 2540 ἡμῖν
3105 2466 3316 2540 ἐγίνετο,
3369 2477 3461 2522 τοῦ
3513 2475 3587 2545 μὴ
3656 2476 3807 2546 μόνον
3854 2472 3935 2526 λέ-

562 2548 779 2608 virtute
806 2548 1152 2623 loquamur,
1183 2562 1390 2604 verum
1421 2547 1600 2604 etiam
1630 2562 1970 2620 operemur.

1735 2562 1970 2604 iremur.
2327 2575 2434 2629 γειν
2462 2562 2581 2631 περὶ
2612 2556 2815 2632 ἀρετῆς,
2851 2555 2976 2610 ἀλλὰ
3004 2562 3095 2610 καὶ
3118 2560 3382 2635 πράττειν.

1052 2690 1200 2747 CAP.
1226 2689 1320 2747 IV.
1352 2692 1439 2749 De
1468 2692 1718 2760 leproso.

2758 2706 2904 2757 ΚΕΦ.
2937 2698 3003 2757 Δ’.
3047 2706 3173 2774 Περὶ
3203 2710 3298 2756 τοῦ
3325 2701 3535 2779 λεπροῦ,

632 2796 800 2856 Vers.
846 2796 936 2854 lio.
967 2798 1047 2855 Et
1075 2799 1227 2896 venit
1256 2828 1325 2840 —
1368 2796 1675 2896 mundare.
1708 2798 1789 2853 De
1817 2796 1933 2854 hoc
1980 2797 2218 2870 teproso

2398 2820 2497 2871 Καὶ
2579 2817 2790 2888 ἔρχεται
2848 2847 2918 2858 -
2982 2820 3294 2891 καθαρίσαι.
3373 2823 3585 2893 Εἴρηται
3664 2826 3921 2896 περὶτοῦ

560 2886 909 2986 dictum—est
1123 2886 1297 2959 juxta
1327 2886 1668 2986 Matthseum
1694 2886 1903 2958 capite.
1937 2885 2207 2944 Videntur

2324 2905 2603 2978 κεφαλαίου
2651 2909 2838 2959 τούτου
2894 2905 2942 2958 ἓν
2999 2914 3071 2959 τῶ
3134 2909 3265 2980 ἕκτῳ
3328 2910 3582 2982 κεφαλαίῳ
3636 2918 3727 2963 τοῦ
3788 2914 3918 2965 κατὰ

559 2975 1179 3075 autem-Evangeliste
1206 2974 1638 3075 aliquantulum
1669 2975 1825 3032 circa
1855 2980 2093 3048 tempus
2125 2992 2206 3033 sa-

2328 2996 2624 3050 Marreaiov.
2688 2999 2957 3049 Φαίνονται
3032 2992 3093 3048 δι
3146 2994 3368 3055 ἐνταῦθα
3441 3004 3559 3072 περὶ
3609 3002 3691 3051 τὸν
3745 3004 3923 3075 καιρὸν

558 3065 820 3165 nationis
839 3065 1022 3138 hujus
1035 3064 1375 3139 discrepare
1389 3080 1404 3132 ;
1427 3064 1733 3162 Matthmus
1749 3064 2046 3138 siquidem
2058 3070 2205 3127 ante-

2282 3148 2298 3165 ‘
2327 3091 2423 3146 τῆς
2470 3084 2657 3146 ἰάσεως
2724 3086 2774 3136 οἱ
2850 3083 3217 3157 εὐαγγελισταὶ
3286 3091 3472 3163 μικρὸν
3506 3064 3577 3140 ’τι
3640 3064 3929 3165 παραλλάτι

922 3169 1163 3229 800mm
1183 3152 1621 3253 θωᾞξθίιροηίί
1646 3168 1865 3253 gum}?
1886 3153 2217 3253 ἐθιέῐξτοξο
2255 3148 2300 3211 G
2326 3192 2521 3236 τοντες.
2586 3175 2845 3234 Mareade;
3055 3177 3178 3248 γὰρ,
3242 3148 3343 3248 πρὸ
3382 3148 3486 3229 ’τοῦ
3548 3148 3928 3253 θεραπευθῆναι

556 3248 696 3305 sunt
723 3244 793 3300 ³⁵.
823 3246 1053 3302 Marcus
1082 3258 1222 3301 vero
1250 3248 1307 3300 et
1337 3244 1525 3299 Lucas
1550 3248 1760 3316 postea
1788 3245 1856 3298 ³⁸.
1886 3241 2203 3301 Verisimile

2324 3267 2419 3321 τὴν
2473 3264 2718 3338 πενθερὰν
2794 3266 3010 3336 Πέτρου,
3073 3241 3418 3337 παρατίθεται
3498 3268 3565 3318 τὰ
3602 3241 3762 3319 ’κατὰ
3841 3271 3925 3320 τὸν

553 3338 643 3405 est
666 3337 872 3409 autem
883 3332 996 3391 hos
1009 3331 1366 3395 miraculum
1388 3336 1621 3389 tantum
1634 3337 2036 3406 perscrutatos
2061 3348 2200 3399 esse,

2324 3350 2506 3427 λεπρόν
2552 3371 2565 3384 ·
2600 3331 2809 3424 ἠάρκος
2845 3331 2904 3405 δέ
2950 3331 3041 3405 καὶ
3086 3331 3315 3417 Λουκᾶς.
3373 3353 3485 3426 μετ’
3536 3355 3721 3414 αὐτήν.
3775 3356 3927 3420 Εἰκὸς

552 3427 613 3499 οι
628 3422 711 3499 de
741 3427 1010 3518 tempore
1030 3437 1153 3480 non
1175 3436 1543 3518 magnopere
1563 3436 1827 3491 curasse,
1847 3437 1911 3478 re
1942 3421 2199 3479 videlicet

2325 3438 2385 3494 δὲ
2417 3421 2427 3427 ’
2457 3421 2693 3512 αὐτοὺςί
2748 3444 2807 3494 τὸ
2880 3443 3058 3513 θαῦμα
3104 3446 3257 3515 μόνον
3326 3421 3921 3518 ἀκριϐολογησαμένους,

553 3526 680 3569 non
701 3510 1046 3569 necessaria
1070 3533 1084 3568 :
1110 3509 1279 3584 quod
1305 3514 1363 3567 et
1386 3510 1536 3569 alias
1559 3510 1900 3584 frequenter
1923 3509 2200 3568 fecerunt.

2320 3533 2393 3602 μὴ
2434 3509 2941 3604 πολυπραγμονῆσαι
2982 3509 3074 3582 τὸν
3104 3509 3321 3607 ”καιρὸν,
3373 3509 3444 3594 ὧς
3493 3509 3589 3587 οὐκ
3620 3509 3921 3607 ἀναγκαῖονς

2319 3619 2347 3670 ὅ
2371 3622 2460 3670 καὶ
2484 3617 2753 3691 πολλαχοῦ
2781 3621 3149 3676 πεποιήκασιν.

624 3708 787 3766 Vers.
815 3705 905 3763 41.
930 3706 1093 3763 Iesus
1119 3711 1314 3764 autem
1343 3736 1413 3747 —
1442 3707 1602 3763 Vera.
1632 3709 1721 3762 42.
1753 3707 2077 3764 mundatus
2104 3712 2206 3767 est.

2386 3706 2444 3760 e0
2498 3704 2559 3760 δὲ
2617 3708 2822 3769 Ἰησοῦς
2872 3738 2941 3750 -—
2975 3706 3321 3782 ἕκαθαρίσθη.
3384 3712 3603 3783 Εἰρηται
3652 3715 3742 3764 καὶ
3804 3716 3922 3788 περὶ

549 3795 832 3855 Similiter
860 3801 915 3853 et
938 3795 1014 3853 de
1043 3796 1159 3853 hoc
1184 3795 1407 3852 ibidem
1441 3795 1667 3852 dictum
1696 3800 1803 3851 est.

2315 3798 2512 3850 τούτὼν
2539 3798 2731 3869 ὁμοίως
2759 3799 2809 3849 ἓν
2847 3804 2921 3867 τῷ
2958 3798 3167 3872 ῥηθέντι
3198 3797 3482 3870 κεφᾶλαίῳ.

622 3888 784 3945 Vers.
812 3889 904 3943 43.
930 3886 1006 3942 Et
1033 3888 1417 3943 comminatus
1445 3914 1517 3926 --
1541 3885 1702 3941 νοτε.
1734 3887 1824 3941 44.
1856 3885 2001 3956 illis,
2037 3884 2208 3943 Com-

2390 3890 2486 3940 Kai
2577 3885 3029 3961 ἐμϐριμησάμινος
3117 3917 3184 3927 -—
3253 3887 3450 3949 αὐτοῖς.
3515 3888 3920 3963 Ἐνεϐριμὴσατο

548 3977 804 4036 minatus
840 3980 933 4033 est
962 3980 1019 4031 et
1045 3976 1287 4032 duobus
1318 3975 1512 4031 caacis.
1546 3976 1751 4040 Quaere
1781 3980 1980 4031 autem
2031 3991 2195 4032 enar-

2313 3980 2403 4028 καὶ
2452 3982 2560 4037 τοῖς
2615 3971 2744 4028 δυσὶ
2800 3976 3027 4047 τυφλοῖς,
3088 3980 3178 4027 καὶ
3243 3976 3475 4036 ζήτησον
3523 3982 3618 4037 τὴν
3673 3978 3919 4051 έεὴγησιν

546 4065 843 4124 rationem
886 4064 1105 4120 decimi
1139 4065 1370 4136 septimi
1400 4064 1609 4135 capitis
1637 4064 1799 4135 juxta
1841 4065 2193 4133 Matthesum,

2312 4072 2405 4117 τοῦ
2457 4062 2903 4118 ἑπτακαιδεκάτου
2948 4063 3224 4137 κεφαλαίου
3274 4073 3364 4118 τοῦ
3434 4071 3566 4119 κατὰ
3625 4070 3913 4137 Ματθαῖον,

542 4154 607 4210 in
649 4169 769 4226 quo
815 4152 890 4209 de
915 4152 1383 4208 comminatione
1408 4151 1635 4207 dictum
1664 4157 1773 4206 est.
1821 4152 2028 4209 Emisit
2061 4169 2189 4210 verc

2312 4153 2361 4206 ἕν
2418 4154 2449 4226 ᾖ
2506 4158 2707 4229 εἴρηται
2779 4158 2898 4228 περὶ
2952 4162 3044 4214 τῆς
3107 4152 3481 4229 ἐμϐριμήσιως.
3559 4156 3794 4220 Ἐξίϐκλε
3857 4157 3917 4213 δέ

541 4256 683 4315 eum
707 4257 747 4298 a
771 4246 1093 4313 conspectu
1120 4255 1251 4306 suo,
1290 4240 1406 4297 hoc
1434 4243 1524 4298 est
1548 4240 1916 4297 amandavit.

2312 4243 2467 4296 αὑτὸν
2489 4243 2774 4297 ἀπενώπιον
2805 4243 2986 4309 αὐτοῦ,
3010 4247 3298 4309 τουτέστιν,
3327 4242 3568 4298 ἀπέλυσε.

609 4330 692 4395 De
726 4329 822 4388 bis
846 4333 1047 4389 autem
1075 4345 1212 4404 quin
1254 4334 1587 4402 sequuntur
1615 4329 1756 4387 data
1782 4334 1873 4387 est
1914 4329 2201 4404 interpre-

2382 4334 2503 4403 Περὶ
2556 4326 2615 4382 δὲ
2661 4337 2761 4381 τῶν
2830 4328 2949 4392 ἑξῆς
3009 4330 3331 4404 ἡρμήνευται
3383 4332 3435 4381 ἓν
3493 4338 3567 4401 τῷ
3625 4326 3914 4389 δηλωθέντι

538 4419 682 4478 tatio
709 4419 992 4493 praedicto
1018 4423 1187 4478 sexto
1216 4418 1433 4489 capite.

1099 4423 1187 4476 tto
1216 4418 1433 4489 capite.
2309 4420 2439 4491 ἕκτῳ
2466 4417 2746 4491 κεφαλαίῳ.

609 4509 772 4565 Vers.
821 4511 912 4567 45.
956 4508 1065 4567 Ille
1109 4514 1306 4567 autem
1359 4537 1431 4551 ——
1472 4507 1751 4581 undique.
1795 4507 1943 4573 Cum
1995 4493 2256 4581 gratus]:

2258 4494 2279 4551 )
2376 4507 2436 4560 Ὁ
2499 4504 2559 4561 δε
2622 4538 2691 4548 -
2744 4507 3095 4579 πανταχὸθεν.
3157 4505 3445 4579 Εὗγνώμων
3493 4505 3562 4559 ὧν
3617 4508 3644 4560 ὃ
3700 4507 3905 4582 λεπρὸς,

535 4613 664 4673 esse
691 4597 871 4656 vellet
889 4597 1180 4671 leprosus,
1210 4612 1329 4654 non
1350 4596 1478 4654 tulit
1497 4601 1561 4653 ut
1578 4596 1935 4654 beneﬁcium
1960 4598 2182 4657 silentic

2306 4597 2401 4650 οὐκ
2456 4598 2709 4670 ἠνέσχετο
2766 4603 2891 4670 σιγῇ
2965 4595 3199 4668 καλύψαι
3245 4601 3339 4655 τὴν
3404 4595 3724 4669 εὐεργεσίαν,
3795 4597 3901 4650 ἀλλ’

534 4692 849 4763 tegeretur,
888 4688 996 4745 sed
1030 4686 1392 4760 praedicabat
1444 4685 1637 4743 multa
1663 4686 1737 4744 de
1780 4687 1992 4744 Christi
2032 4693 2181 4760 potet

2305 4686 2554 4759 ὶκήρυττε
2609 4684 2776 4738 πολλὰ
2835 4690 2951 4761 περὶ
3016 4692 3112 4746 τῆς
3174 4682 3439 4757 δυνάμεως
3494 4693 3584 4738 τοῦ
3649 4694 3898 4760 Χριστοῦ,

533 4782 707 4846 state,
725 4781 784 4836 et
800 4777 1233 4835 disseminabat
1249 4775 1520 4840 verbum,
1536 4775 1700 4848 quod
1714 4776 1792 4832 ad
1810 4792 1949 4833 eum
1962 4776 2180 4834 dixerat

2302 4780 2393 4828 καὶ
2440 4772 2718 4849 διεφήμιζε
2755 4778 2842 4828 τὸν
2902 4774 3070 4846 λόγον,
3138 4775 3192 4826 ὃν
3258 4777 3458 4848 εἴρηκεν
3518 4773 3659 4845 αὐτῷ
3700 4777 3726 4827 ὁ
3775 4783 3903 4848 Χρι-

531 4867 817 4935 Christus,
848 4871 989 4939 puta
1016 4889 1029 4920 :
1074 4866 1229 4931 Volo,
1284 4865 1597 4931 mundare,
1631 4870 1922 4938 tanquam
1954 4882 2059 4937 per
2087 4882 2178 4923 au-

2303 4869 2443 4935 στὸς,
2493 4862 2726 4932 δηλαδὴ,
2766 4868 2825 4916 τὸ
2870 4863 3025 4930 Θιλω,
3083 4864 3461 4935 καθαρίσθητι,
3500 4865 3566 4924 ὡς
3619 4863 3731 4937 μετ’
3765 4863 3909 4927 ἕξου-

528 4956 863 5013 ctoritatem
905 4955 1150 5022 factum,
1186 4955 1511 5027 statimque
1536 4954 1597 5010 in
1628 4970 1779 5025 opus
1824 4955 2175 5012 deductum.

2300 4960 2418 5018 σίας
2470 4959 2758 5028 γενόμενον,
2816 4957 2905 5005 καὶ
2968 4953 3085 5025 (25)
3160 4954 3307 5012 εὐθὺς
3360 4953 3431 5014 εἰς
3490 4955 3637 5027 ἔργον
3693 4952 3906 5013 ἐκϐεϐη-

527 5045 857 5103 Veniebant
872 5050 1072 5101 autem
1094 5043 1361 5115 undique
1382 5044 1457 5099 ad
1472 5042 1789 5111 Christum,
1809 5048 2009 5116 utpote
2022 5044 2174 5101 fama

2294 5050 2441 5098 κότα.
2498 5043 2762 5118 Ἧρχοντο
2822 5040 2881 5095 δε
2936 5046 3063 5116 πρὸς
3112 5045 3198 5094 τὸν
3259 5046 3489 5116 Χριστὸν
3541 5046 3902 5115 πανταχόθεν,

525 5134 607 5192 ad
658 5149 868 5190 omnes
912 5138 1311 5205 percurrente.
1363 5134 1506 5188 Dicit
1554 5133 1712 5188 enim
1765 5135 1968 5204 Lucas,
2017 5135 2172 5207 quod

2292 5135 2376 5188 οἷα
2422 5143 2511 5196 τῆς
2563 5139 2740 5206 φήμας
2778 5131 2860 5185 ἐπὶ
2912 5135 3107 5193 πάντας
3169 5127 3515 5192 διαθεδύσης.
3564 5137 3701 5191 Φησὶ
3739 5135 3841 5207 γὰρ
3876 5136 3904 5186 ὁ

521 5225 968 5297 pervagabatur
992 5223 1184 5295 magis
1207 5222 1281 5278 de
1301 5223 1401 5279 illo
1423 5238 1627 5278 rumor
1648 5224 1714 5289 ³⁷,
1741 5222 1853 5278 hoc
1876 5232 1960 5277 est
1979 5224 2168 5284 fama:

2290 5230 2493 5283 Λουκᾶς
2546 5225 2624 5274 ὅτι
2684 5218 2936 5293 διήρχετο
3006 5220 3195 5291 μᾶλλον
3244 5221 3270 5271 ὁ
3326 5219 3479 5290 λόγος
3543 5226 3663 5296 περὶ
3714 5221 3899 5287 αὑτοῦ,

519 5319 577 5370 et
620 5314 881 5369 laborem
931 5312 1205 5367 vincebat
1253 5312 1547 5384 cupiditas
1574 5311 2025 5379 videndi'eum,
2070 5315 2166 5386 qui

2286 5316 2576 5379 τουτέστιν,
2632 5313 2661 5368 ἡ
2718 5314 2885 5383 φήμη,
2951 5314 3041 5361 καὶ
3090 5307 3233 5361 ἐνίκα
3294 5312 3382 5361 τὸν
3432 5314 3587 5362 κόπον
3638 5310 3667 5369 ἦ
3722 5309 3903 5363 ἐπιθυ-

518 5404 672 5460 adeo
702 5403 799 5458 div
809 5403 1043 5472 ulgatus
1072 5406 1246 5459 esset.

2283 5409 2379 5477 μία
2402 5410 2492 5455 τοῦ
2526 5398 2651 5454 ἰδεῖν
2678 5403 2765 5452 τὸν
2797 5402 3171 5472 φημιζόμενον.

589 5514 637 5549 ³³
668 5510 810 5567 ibid.
842 5512 931 5567 48.
1043 5512 1092 5546 ἰ
1120 5509 1266 5566 ibid.
1381 5511 1428 5545 ³⁵
1453 5509 1654 5566 Matth.
1690 5526 1807 5567 vni.
1838 5512 1892 5577 4,
1927 5512 2015 5567 14.
2139 5514 2189 5551 ⁸⁸
2222 5512 2236 5572 1

1705 5526 1807 5567 nu.
1838 5512 1892 5577 4,
1927 5512 2015 5567 14.
2139 5514 2189 5551 ⁸⁸
2222 5512 2364 5572 Luc.
2399 5527 2477 5581 ιν,
2504 5510 2612 5576 38;
2647 5525 2701 5576 v,
2733 5511 2820 5566 12.
2932 5507 2980 5542 ³⁷
3010 5508 3143 5564 Luc.
3174 5522 3229 5575 v,
3263 5510 3352 5565 15.

1732 5609 1958 5683 Variae
1994 5612 2328 5683 lectiones
2361 5621 2429 5679 et
2457 5617 2658 5676 notae.

581 5728 697 5804 (24)
720 5727 909 5797 Forte,
940 5727 1200 5781 ἐπεσπᾶτο
1225 5737 1330 5782 seu
1365 5721 1732 5781 ἀπεσπάσατο.

1544 5724 1732 5781 ἄσατο.
2361 5724 2474 5802 (25)
2503 5722 2610 5793 Ὡς,
2641 5722 2775 5782 loco
2803 5726 2895 5778 καί
2917 5719 3102 5781 habet
3125 5722 3191 5778 Β.
