  <div class='ocr_page' id='page_1' title='image "/cluster/home/n/w/nwhite01/storage/ocr_20150623/129/mdp.39015061528470/403.png"; bbox 0 0 4170 6334; ppageno 0'>
   <div class='ocr_carea' id='block_1_1' title="bbox 535 307 2223 382">
    <p class='ocr_par' dir='ltr' id='par_1_1' title="bbox 535 310 2206 382">
     <span class='ocr_line' id='line_1_1' title="bbox 535 310 2206 382; baseline -0.009 0"><span class='ocrx_word' id='word_1_1' title='bbox 535 314 647 382; x_wconf 68' lang='grc'>’18⁸1</span> <span class='ocrx_word' id='word_1_2' title='bbox 1546 354 1555 363; x_wconf 74' lang='grc' dir='ltr'>ι</span> <span class='ocrx_word' id='word_1_3' title='bbox 1851 310 2206 375; x_wconf 82' lang='lat' dir='ltr'>EUTHYMII</span> 
     </span>
    </p>
   </div>
   <div class='ocr_carea' id='block_1_2' title="bbox 2332 307 3917 382">
    <p class='ocr_par' dir='ltr' id='par_1_2' title="bbox 2332 307 3917 377">
     <span class='ocr_line' id='line_1_2' title="bbox 2332 307 3917 377; baseline 0.008 -11"><span class='ocrx_word' id='word_1_4' title='bbox 2332 307 2581 369; x_wconf 82' lang='lat' dir='ltr'>GABENI</span> <span class='ocrx_word' id='word_1_5' title='bbox 3795 321 3917 377; x_wconf 90' lang='lat'><strong>788</strong></span> 
     </span>
    </p>
   </div>
   <div class='ocr_carea' id='block_1_3' title="bbox 543 434 2223 519">
    <p class='ocr_par' dir='ltr' id='par_1_3' title="bbox 543 439 2195 519">
     <span class='ocr_line' id='line_1_3' title="bbox 543 439 2195 519; baseline -0.006 -12"><span class='ocrx_word' id='word_1_6' title='bbox 543 439 810 507; x_wconf 71' lang='lat' dir='ltr'>Ostendit</span> <span class='ocrx_word' id='word_1_7' title='bbox 850 439 990 519; x_wconf 70' lang='lat' dir='ltr'>ergo</span> <span class='ocrx_word' id='word_1_8' title='bbox 1035 442 1200 518; x_wconf 81' lang='lat' dir='ltr'>quod</span> <span class='ocrx_word' id='word_1_9' title='bbox 1247 458 1371 502; x_wconf 91' lang='lat' dir='ltr'>non</span> <span class='ocrx_word' id='word_1_10' title='bbox 1416 444 1591 517; x_wconf 85' lang='lat' dir='ltr'>quasi</span> <span class='ocrx_word' id='word_1_11' title='bbox 1624 443 1830 516; x_wconf 82' lang='lat' dir='ltr'>judex,</span> <span class='ocrx_word' id='word_1_12' title='bbox 1870 443 1977 499; x_wconf 87' lang='lat' dir='ltr'>sed</span> <span class='ocrx_word' id='word_1_13' title='bbox 2016 441 2195 515; x_wconf 86' lang='lat' dir='ltr'>quasi</span> 
     </span>
    </p>
   </div>
   <div class='ocr_carea' id='block_1_4' title="bbox 2332 434 3915 519">
    <p class='ocr_par' dir='ltr' id='par_1_4' title="bbox 2332 438 3915 515">
     <span class='ocr_line' id='line_1_4' title="bbox 2332 438 3915 515; baseline 0.008 -28"><span class='ocrx_word' id='word_1_14' title='bbox 2332 441 2670 510; x_wconf 66' lang='grc' dir='ltr'>παραγέγονεν,</span> <span class='ocrx_word' id='word_1_15' title='bbox 2715 439 2822 492; x_wconf 85' lang='grc' dir='ltr'>ἀλλ’</span> <span class='ocrx_word' id='word_1_16' title='bbox 2871 440 2937 503; x_wconf 85' lang='grc' dir='ltr'>ὠς</span> <span class='ocrx_word' id='word_1_17' title='bbox 2986 441 3180 515; x_wconf 83' lang='grc' dir='ltr'>ἰατρός.</span> <span class='ocrx_word' id='word_1_18' title='bbox 3238 447 3324 497; x_wconf 91' lang='grc' dir='ltr'><strong>Διό</strong></span> <span class='ocrx_word' id='word_1_19' title='bbox 3370 438 3476 507; x_wconf 83' lang='grc' dir='ltr'>τοῖς</span> <span class='ocrx_word' id='word_1_20' title='bbox 3520 452 3738 500; x_wconf 85' lang='grc' dir='ltr'>νοσοῦσι</span> <span class='ocrx_word' id='word_1_21' title='bbox 3773 465 3915 499; x_wconf 84' lang='grc' dir='ltr'>συν-</span> 
     </span>
    </p>
   </div>
   <div class='ocr_carea' id='block_1_5' title="bbox 541 529 2223 600">
    <p class='ocr_par' dir='ltr' id='par_1_5' title="bbox 541 533 2193 600">
     <span class='ocr_line' id='line_1_5' title="bbox 541 533 2193 600; baseline -0.004 -6"><span class='ocrx_word' id='word_1_22' title='bbox 541 537 814 594; x_wconf 91' lang='lat' dir='ltr'>medicus</span> <span class='ocrx_word' id='word_1_23' title='bbox 857 534 1166 591; x_wconf 85' lang='lat' dir='ltr'>advenerit</span> <span class='ocrx_word' id='word_1_24' title='bbox 1190 550 1204 600; x_wconf 92' lang='lat'><strong>;</strong></span> <span class='ocrx_word' id='word_1_25' title='bbox 1234 533 1371 590; x_wconf 89' lang='lat' dir='ltr'>ideo</span> <span class='ocrx_word' id='word_1_26' title='bbox 1397 533 1580 590; x_wconf 87' lang='lat' dir='ltr'>etiam</span> <span class='ocrx_word' id='word_1_27' title='bbox 1607 549 1747 589; x_wconf 92' lang='lat' dir='ltr'>cum</span> <span class='ocrx_word' id='word_1_28' title='bbox 1771 533 2023 589; x_wconf 86' lang='lat' dir='ltr'>inﬁrmis</span> <span class='ocrx_word' id='word_1_29' title='bbox 2065 547 2193 588; x_wconf 91' lang='lat' dir='ltr'>ver-</span> 
     </span>
    </p>
   </div>
   <div class='ocr_carea' id='block_1_6' title="bbox 2332 529 2804 600">
    <p class='ocr_par' dir='ltr' id='par_1_6' title="bbox 2332 529 2804 600">
     <span class='ocr_line' id='line_1_6' title="bbox 2332 529 2804 600; baseline 0.013 -23"><span class='ocrx_word' id='word_1_30' title='bbox 2332 532 2636 600; x_wconf 79' lang='grc' dir='ltr'>ενεστρέφετο</span> <span class='ocrx_word' id='word_1_31' title='bbox 2669 529 2804 599; x_wconf 82' lang='lat'>(&#39;27).</span> 
     </span>
    </p>
   </div>
   <div class='ocr_carea' id='block_1_7' title="bbox 541 627 1051 685">
    <p class='ocr_par' dir='ltr' id='par_1_7' title="bbox 541 627 1051 685">
     <span class='ocr_line' id='line_1_7' title="bbox 541 627 1051 685; baseline -0.004 -2"><span class='ocrx_word' id='word_1_32' title='bbox 541 627 809 685; x_wconf 86' lang='lat' dir='ltr'>sabatur.</span> <span class='ocrx_word' id='word_1_33' title='bbox 1050 662 1051 667; x_wconf 60' lang='grc' dir='ltr'>η</span> 
     </span>
    </p>
   </div>
   <div class='ocr_carea' id='block_1_8' title="bbox 614 712 2197 773">
    <p class='ocr_par' dir='ltr' id='par_1_8' title="bbox 614 712 2197 773">
     <span class='ocr_line' id='line_1_8' title="bbox 614 712 2197 773; baseline -0.004 0"><span class='ocrx_word' id='word_1_34' title='bbox 614 715 781 773; x_wconf 89' lang='lat' dir='ltr'>Vers.</span> <span class='ocrx_word' id='word_1_35' title='bbox 825 718 909 771; x_wconf 79' lang='grc'>18.</span> <span class='ocrx_word' id='word_1_36' title='bbox 954 715 1034 772; x_wconf 84' lang='lat' dir='ltr'>Et</span> <span class='ocrx_word' id='word_1_37' title='bbox 1076 718 1248 771; x_wconf 85' lang='lat' dir='ltr'>erant</span> <span class='ocrx_word' id='word_1_38' title='bbox 1292 745 1361 754; x_wconf 96' lang='lat'><strong>—</strong></span> <span class='ocrx_word' id='word_1_39' title='bbox 1403 715 1568 770; x_wconf 89' lang='lat' dir='ltr'>Vers.</span> <span class='ocrx_word' id='word_1_40' title='bbox 1608 717 1695 769; x_wconf 87' lang='lat'>20.</span> <span class='ocrx_word' id='word_1_41' title='bbox 1737 713 1960 770; x_wconf 81' lang='lat' dir='ltr'>diebus.</span> <span class='ocrx_word' id='word_1_42' title='bbox 2006 712 2197 768; x_wconf 82' lang='lat' dir='ltr'>Etiam</span> 
     </span>
    </p>
   </div>
   <div class='ocr_carea' id='block_1_9' title="bbox 696 739 3915 827">
    <p class='ocr_par' dir='ltr' id='par_1_9' title="bbox 696 739 3915 827">
     <span class='ocr_line' id='line_1_9' title="bbox 767 739 3870 770; baseline 0 -1"><span class='ocrx_word' id='word_1_43' title='bbox 767 754 781 769; x_wconf 78' lang='grc' dir='ltr'>ο</span> <span class='ocrx_word' id='word_1_44' title='bbox 895 756 909 770; x_wconf 80' lang='grc' dir='ltr'>ο</span> <span class='ocrx_word' id='word_1_45' title='bbox 1109 739 1141 770; x_wconf 75' lang='grc'>7⁷</span> <span class='ocrx_word' id='word_1_46' title='bbox 1184 739 1248 769; x_wconf 81' lang='grc' dir='ltr'>ηι</span> <span class='ocrx_word' id='word_1_47' title='bbox 1292 745 1361 754; x_wconf 85' lang='lat'><strong>—</strong></span> <span class='ocrx_word' id='word_1_48' title='bbox 1415 739 1568 770; x_wconf 64' lang='grc' dir='ltr'>γῦπε.</span> <span class='ocrx_word' id='word_1_49' title='bbox 1610 739 1695 769; x_wconf 75' lang='grc' dir='ltr'>Ζυ.</span> <span class='ocrx_word' id='word_1_50' title='bbox 1737 739 1960 770; x_wconf 72' lang='grc' dir='ltr'>αιευιιδ.</span> <span class='ocrx_word' id='word_1_51' title='bbox 2009 739 2197 768; x_wconf 62' lang='lat' dir='ltr'>nciam</span> <span class='ocrx_word' id='word_1_52' title='bbox 2544 739 2567 757; x_wconf 65' lang='grc' dir='ltr'><strong>ν</strong></span> <span class='ocrx_word' id='word_1_53' title='bbox 2880 746 2891 760; x_wconf 74' lang='grc' dir='ltr'>ι</span> <span class='ocrx_word' id='word_1_54' title='bbox 2962 750 2971 762; x_wconf 83' lang='grc' dir='ltr'><strong><em>σ</em></strong></span> <span class='ocrx_word' id='word_1_55' title='bbox 3442 756 3451 769; x_wconf 71' lang='grc'><strong>1</strong></span> <span class='ocrx_word' id='word_1_56' title='bbox 3581 759 3599 768; x_wconf 86' lang='grc'>..</span> <span class='ocrx_word' id='word_1_57' title='bbox 3778 754 3791 768; x_wconf 72' lang='grc' dir='ltr'>ν</span> <span class='ocrx_word' id='word_1_58' title='bbox 3858 758 3870 770; x_wconf 73' lang='grc' dir='ltr'><strong><em>σ</em></strong></span> 
     </span>
     <span class='ocr_line' id='line_1_10' title="bbox 696 739 3915 827; baseline 0.009 -52"><span class='ocrx_word' id='word_1_59' title='bbox 696 739 1033 827; x_wconf 32' lang='lat' dir='ltr'>Phili-ff</span> <span class='ocrx_word' id='word_1_60' title='bbox 1071 739 1411 827; x_wconf 42' lang='lat' dir='ltr'>fug—“nd‘</span> <span class='ocrx_word' id='word_1_61' title='bbox 1449 798 1633 827; x_wconf 33' lang='grc' dir='ltr'>--.ἀμ</span> <span class='ocrx_word' id='word_1_62' title='bbox 2378 746 2479 794; x_wconf 89' lang='lat' dir='ltr'>Kal</span> <span class='ocrx_word' id='word_1_63' title='bbox 2539 762 2671 800; x_wconf 88' lang='grc' dir='ltr'>ησαν</span> <span class='ocrx_word' id='word_1_64' title='bbox 2748 774 2814 783; x_wconf 93' lang='grc'><strong>-</strong></span> <span class='ocrx_word' id='word_1_65' title='bbox 2871 764 3104 818; x_wconf 86' lang='grc' dir='ltr'>ημεραις.</span> <span class='ocrx_word' id='word_1_66' title='bbox 3178 754 3276 802; x_wconf 80' lang='grc' dir='ltr'>Καὶ</span> <span class='ocrx_word' id='word_1_67' title='bbox 3343 769 3459 824; x_wconf 89' lang='grc' dir='ltr'>περι</span> <span class='ocrx_word' id='word_1_68' title='bbox 3511 771 3690 804; x_wconf 87' lang='grc' dir='ltr'>τουτον</span> <span class='ocrx_word' id='word_1_69' title='bbox 3745 772 3915 827; x_wconf 82' lang='grc' dir='ltr'>ευρη-</span> 
     </span>
    </p>
   </div>
   <div class='ocr_carea' id='block_1_10' title="bbox 543 803 1657 876">
    <p class='ocr_par' dir='ltr' id='par_1_10' title="bbox 543 803 1657 876">
     <span class='ocr_line' id='line_1_11' title="bbox 543 803 1657 876; baseline -0.006 -13"><span class='ocrx_word' id='word_1_70' title='bbox 543 805 621 863; x_wconf 86' lang='lat' dir='ltr'>de</span> <span class='ocrx_word' id='word_1_71' title='bbox 649 805 743 864; x_wconf 93' lang='lat' dir='ltr'>his</span> <span class='ocrx_word' id='word_1_72' title='bbox 771 803 1036 862; x_wconf 88' lang='lat' dir='ltr'>invenies</span> <span class='ocrx_word' id='word_1_73' title='bbox 1070 803 1415 876; x_wconf 86' lang='lat' dir='ltr'>supradicto</span> <span class='ocrx_word' id='word_1_74' title='bbox 1444 803 1657 876; x_wconf 81' lang='lat' dir='ltr'>capite.</span> 
     </span>
    </p>
   </div>
   <div class='ocr_carea' id='block_1_11' title="bbox 2309 829 3917 912">
    <p class='ocr_par' dir='ltr' id='par_1_11' title="bbox 2309 829 3917 912">
     <span class='ocr_line' id='line_1_12' title="bbox 2309 829 3917 912; baseline 0.008 -31"><span class='ocrx_word' id='word_1_75' title='bbox 2309 847 2417 892; x_wconf 83' lang='grc' dir='ltr'>σεις</span> <span class='ocrx_word' id='word_1_76' title='bbox 2460 830 2508 883; x_wconf 76' lang='grc' dir='ltr'>ἓν</span> <span class='ocrx_word' id='word_1_77' title='bbox 2559 840 2628 902; x_wconf 84' lang='grc' dir='ltr'>τῷ</span> <span class='ocrx_word' id='word_1_78' title='bbox 2683 829 2967 891; x_wconf 79' lang='grc' dir='ltr'>δηλωθέντι</span> <span class='ocrx_word' id='word_1_79' title='bbox 3014 835 3290 909; x_wconf 87' lang='grc' dir='ltr'>κεφαλαίῳ.</span> <span class='ocrx_word' id='word_1_80' title='bbox 3341 842 3410 891; x_wconf 91' lang='grc' dir='ltr'>Τό</span> <span class='ocrx_word' id='word_1_81' title='bbox 3443 836 3503 893; x_wconf 68' lang='grc' dir='ltr'>δὲ</span> <span class='ocrx_word' id='word_1_82' title='bbox 3557 840 3640 893; x_wconf 91' lang='grc' dir='ltr'>Ἐν</span> <span class='ocrx_word' id='word_1_83' title='bbox 3678 842 3739 912; x_wconf 80' lang='grc' dir='ltr'>ᾧ,</span> <span class='ocrx_word' id='word_1_84' title='bbox 3792 840 3917 895; x_wconf 78' lang='grc' dir='ltr'>ἀντὶ</span> 
     </span>
    </p>
   </div>
   <div class='ocr_carea' id='block_1_12' title="bbox 2305 920 2730 993">
    <p class='ocr_par' dir='ltr' id='par_1_12' title="bbox 2305 920 2730 993">
     <span class='ocr_line' id='line_1_13' title="bbox 2305 920 2730 993; baseline 0.005 -23"><span class='ocrx_word' id='word_1_85' title='bbox 2305 926 2414 985; x_wconf 81' lang='grc' dir='ltr'>τοῦ,</span> <span class='ocrx_word' id='word_1_86' title='bbox 2446 920 2559 993; x_wconf 89' lang='grc' dir='ltr'>Ἐφ’</span> <span class='ocrx_word' id='word_1_87' title='bbox 2590 923 2730 974; x_wconf 86' lang='grc' dir='ltr'>όσον.</span> 
     </span>
    </p>
   </div>
   <div class='ocr_carea' id='block_1_13' title="bbox 618 998 2223 1093">
    <p class='ocr_par' dir='ltr' id='par_1_13' title="bbox 618 998 2198 1073">
     <span class='ocr_line' id='line_1_14' title="bbox 618 998 2198 1073; baseline -0.001 -16"><span class='ocrx_word' id='word_1_88' title='bbox 618 1002 798 1073; x_wconf 82' lang='lat' dir='ltr'>Vers._</span> <span class='ocrx_word' id='word_1_89' title='bbox 826 1001 912 1056; x_wconf 79' lang='grc'>21.</span> <span class='ocrx_word' id='word_1_90' title='bbox 946 1000 1025 1057; x_wconf 86' lang='lat' dir='ltr'>Et</span> <span class='ocrx_word' id='word_1_91' title='bbox 1054 1015 1223 1056; x_wconf 86' lang='lat' dir='ltr'>nemo</span> <span class='ocrx_word' id='word_1_92' title='bbox 1251 1030 1320 1039; x_wconf 94' lang='lat'><strong>—</strong></span> <span class='ocrx_word' id='word_1_93' title='bbox 1358 1000 1448 1070; x_wconf 77' lang='lat' dir='ltr'>ﬁt.</span> <span class='ocrx_word' id='word_1_94' title='bbox 1482 1002 1548 1055; x_wconf 95' lang='lat' dir='ltr'>Et</span> <span class='ocrx_word' id='word_1_95' title='bbox 1574 998 1703 1055; x_wconf 68' lang='lat' dir='ltr'>haec</span> <span class='ocrx_word' id='word_1_96' title='bbox 1732 1013 1975 1071; x_wconf 88' lang='lat' dir='ltr'>quoque</span> <span class='ocrx_word' id='word_1_97' title='bbox 2016 1014 2198 1071; x_wconf 84' lang='lat' dir='ltr'>para-</span> 
     </span>
    </p>
   </div>
   <div class='ocr_carea' id='block_1_14' title="bbox 2332 998 3915 1093">
    <p class='ocr_par' dir='ltr' id='par_1_14' title="bbox 2381 1007 3915 1093">
     <span class='ocr_line' id='line_1_15' title="bbox 2381 1007 3915 1093; baseline 0.009 -33"><span class='ocrx_word' id='word_1_98' title='bbox 2381 1013 2481 1061; x_wconf 85' lang='lat' dir='ltr'>Kal</span> <span class='ocrx_word' id='word_1_99' title='bbox 2511 1007 2677 1071; x_wconf 78' lang='grc' dir='ltr'>οὐδεὶς</span> <span class='ocrx_word' id='word_1_100' title='bbox 2708 1042 2776 1051; x_wconf 90' lang='grc'><strong>-</strong></span> <span class='ocrx_word' id='word_1_101' title='bbox 2818 1016 3034 1082; x_wconf 81' lang='grc' dir='ltr'>γίνεται.</span> <span class='ocrx_word' id='word_1_102' title='bbox 3081 1018 3181 1067; x_wconf 82' lang='grc' dir='ltr'>Καὶ</span> <span class='ocrx_word' id='word_1_103' title='bbox 3207 1016 3338 1074; x_wconf 84' lang='grc' dir='ltr'>αὕτη</span> <span class='ocrx_word' id='word_1_104' title='bbox 3371 1019 3401 1075; x_wconf 83' lang='grc' dir='ltr'>η</span> <span class='ocrx_word' id='word_1_105' title='bbox 3430 1018 3696 1092; x_wconf 79' lang='grc' dir='ltr'>παραϐολὴ</span> <span class='ocrx_word' id='word_1_106' title='bbox 3750 1019 3800 1072; x_wconf 79' lang='grc' dir='ltr'>έν</span> <span class='ocrx_word' id='word_1_107' title='bbox 3839 1029 3915 1093; x_wconf 81' lang='grc' dir='ltr'>τῷ</span> 
     </span>
    </p>
   </div>
   <div class='ocr_carea' id='block_1_15' title="bbox 544 1088 2223 1171">
    <p class='ocr_par' dir='ltr' id='par_1_15' title="bbox 544 1088 1619 1163">
     <span class='ocr_line' id='line_1_16' title="bbox 544 1088 1619 1163; baseline -0.006 -14"><span class='ocrx_word' id='word_1_108' title='bbox 544 1090 690 1149; x_wconf 87' lang='lat' dir='ltr'>bola</span> <span class='ocrx_word' id='word_1_109' title='bbox 720 1091 931 1148; x_wconf 90' lang='lat' dir='ltr'>eodem</span> <span class='ocrx_word' id='word_1_110' title='bbox 956 1090 1148 1163; x_wconf 82' lang='lat' dir='ltr'>capite</span> <span class='ocrx_word' id='word_1_111' title='bbox 1177 1088 1479 1146; x_wconf 86' lang='lat' dir='ltr'>declarata</span> <span class='ocrx_word' id='word_1_112' title='bbox 1508 1093 1619 1145; x_wconf 91' lang='lat' dir='ltr'>est.</span> 
     </span>
    </p>
   </div>
   <div class='ocr_carea' id='block_1_16' title="bbox 2332 1088 3235 1171">
    <p class='ocr_par' dir='ltr' id='par_1_16' title="bbox 2332 1098 3235 1171">
     <span class='ocr_line' id='line_1_17' title="bbox 2332 1098 3235 1171; baseline 0.009 -23"><span class='ocrx_word' id='word_1_113' title='bbox 2332 1100 2525 1170; x_wconf 79' lang='grc' dir='ltr'>ὀιούτῳ</span> <span class='ocrx_word' id='word_1_114' title='bbox 2555 1098 2813 1171; x_wconf 78' lang='grc' dir='ltr'>κεφαλαίῳ</span> <span class='ocrx_word' id='word_1_115' title='bbox 2838 1106 3235 1171; x_wconf 81' lang='grc' dir='ltr'>σεσαφήνισται.</span> 
     </span>
    </p>
   </div>
   <div class='ocr_carea' id='block_1_17' title="bbox 561 1185 2223 1270">
    <p class='ocr_par' dir='ltr' id='par_1_17' title="bbox 561 1195 2201 1266">
     <span class='ocr_line' id='line_1_18' title="bbox 561 1195 2201 1266; baseline -0.001 -12"><span class='ocrx_word' id='word_1_116' title='bbox 561 1196 571 1219; x_wconf 72' lang='grc'><strong><em>⁸</em></strong></span> <span class='ocrx_word' id='word_1_117' title='bbox 620 1201 776 1255; x_wconf 85' lang='lat' dir='ltr'>Vers.</span> <span class='ocrx_word' id='word_1_118' title='bbox 809 1203 897 1254; x_wconf 86' lang='lat'>22.</span> <span class='ocrx_word' id='word_1_119' title='bbox 930 1197 1154 1255; x_wconf 85' lang='lat' dir='ltr'>Nullus</span> <span class='ocrx_word' id='word_1_120' title='bbox 1179 1203 1470 1266; x_wconf 63' lang='lat' dir='ltr'>praeterea</span> <span class='ocrx_word' id='word_1_121' title='bbox 1510 1224 1575 1237; x_wconf 89' lang='lat'>—</span> <span class='ocrx_word' id='word_1_122' title='bbox 1601 1195 1954 1254; x_wconf 78' lang='lat' dir='ltr'>mittendum</span> <span class='ocrx_word' id='word_1_123' title='bbox 1984 1204 2085 1253; x_wconf 82' lang='lat' dir='ltr'>est.</span> <span class='ocrx_word' id='word_1_124' title='bbox 2119 1195 2201 1252; x_wconf 92' lang='lat' dir='ltr'>De</span> 
     </span>
    </p>
   </div>
   <div class='ocr_carea' id='block_1_18' title="bbox 2332 1185 3915 1270">
    <p class='ocr_par' dir='ltr' id='par_1_18' title="bbox 2381 1185 3915 1270">
     <span class='ocr_line' id='line_1_19' title="bbox 2381 1185 3915 1270; baseline 0.01 -31"><span class='ocrx_word' id='word_1_125' title='bbox 2381 1192 2482 1240; x_wconf 91' lang='lat' dir='ltr'>Kal</span> <span class='ocrx_word' id='word_1_126' title='bbox 2543 1185 2713 1250; x_wconf 79' lang='grc' dir='ltr'>οὐδεὶς</span> <span class='ocrx_word' id='word_1_127' title='bbox 2772 1214 2842 1231; x_wconf 75' lang='lat'>-—-</span> <span class='ocrx_word' id='word_1_128' title='bbox 2907 1189 3145 1262; x_wconf 75' lang='grc' dir='ltr'>βλητέον.</span> <span class='ocrx_word' id='word_1_129' title='bbox 3216 1198 3317 1247; x_wconf 83' lang='lat' dir='ltr'>Kal</span> <span class='ocrx_word' id='word_1_130' title='bbox 3381 1202 3498 1270; x_wconf 83' lang='grc' dir='ltr'>περὶ</span> <span class='ocrx_word' id='word_1_131' title='bbox 3564 1200 3759 1263; x_wconf 82' lang='grc' dir='ltr'>ταύτης</span> <span class='ocrx_word' id='word_1_132' title='bbox 3821 1210 3915 1262; x_wconf 78' lang='grc' dir='ltr'>τῆς</span> 
     </span>
    </p>
   </div>
   <div class='ocr_carea' id='block_1_19' title="bbox 548 1285 1984 1359">
    <p class='ocr_par' dir='ltr' id='par_1_19' title="bbox 548 1285 1984 1359">
     <span class='ocr_line' id='line_1_20' title="bbox 548 1285 1984 1359; baseline -0.004 -13"><span class='ocrx_word' id='word_1_133' title='bbox 548 1288 665 1346; x_wconf 89' lang='lat' dir='ltr'>hac</span> <span class='ocrx_word' id='word_1_134' title='bbox 695 1287 959 1357; x_wconf 81' lang='lat' dir='ltr'>similiter</span> <span class='ocrx_word' id='word_1_135' title='bbox 986 1285 1279 1359; x_wconf 81' lang='lat' dir='ltr'>parabole.</span> <span class='ocrx_word' id='word_1_136' title='bbox 1302 1286 1503 1357; x_wconf 80' lang='lat' dir='ltr'>quaere</span> <span class='ocrx_word' id='word_1_137' title='bbox 1533 1285 1744 1341; x_wconf 90' lang='lat' dir='ltr'>eodem</span> <span class='ocrx_word' id='word_1_138' title='bbox 1770 1285 1984 1356; x_wconf 83' lang='lat' dir='ltr'>capite.</span> 
     </span>
    </p>
   </div>
   <div class='ocr_carea' id='block_1_20' title="bbox 620 1373 2205 1444">
    <p class='ocr_par' dir='ltr' id='par_1_20' title="bbox 620 1373 2205 1444">
     <span class='ocr_line' id='line_1_21' title="bbox 620 1373 2205 1444; baseline -0.003 -10"><span class='ocrx_word' id='word_1_139' title='bbox 620 1374 784 1434; x_wconf 78' lang='lat' dir='ltr'>Vers.</span> <span class='ocrx_word' id='word_1_140' title='bbox 813 1377 902 1432; x_wconf 85' lang='lat'>23.</span> <span class='ocrx_word' id='word_1_141' title='bbox 928 1374 1007 1431; x_wconf 85' lang='lat' dir='ltr'>Et</span> <span class='ocrx_word' id='word_1_142' title='bbox 1033 1376 1262 1444; x_wconf 82' lang='lat' dir='ltr'>factum</span> <span class='ocrx_word' id='word_1_143' title='bbox 1285 1381 1365 1429; x_wconf 88' lang='lat' dir='ltr'>est</span> <span class='ocrx_word' id='word_1_144' title='bbox 1391 1404 1459 1413; x_wconf 98' lang='lat'><strong>—</strong></span> <span class='ocrx_word' id='word_1_145' title='bbox 1478 1374 1639 1428; x_wconf 86' lang='lat' dir='ltr'>Vers.</span> <span class='ocrx_word' id='word_1_146' title='bbox 1668 1376 1756 1429; x_wconf 83' lang='grc'>24.</span> <span class='ocrx_word' id='word_1_147' title='bbox 1794 1373 1971 1431; x_wconf 81' lang='lat' dir='ltr'>licet?</span> <span class='ocrx_word' id='word_1_148' title='bbox 1998 1373 2205 1440; x_wconf 82' lang='lat' dir='ltr'>Quaere</span> 
     </span>
    </p>
   </div>
   <div class='ocr_carea' id='block_1_21' title="bbox 549 1457 2204 1534">
    <p class='ocr_par' dir='ltr' id='par_1_21' title="bbox 549 1457 2204 1534">
     <span class='ocr_line' id='line_1_22' title="bbox 549 1457 2204 1534; baseline -0.003 -10"><span class='ocrx_word' id='word_1_149' title='bbox 549 1467 626 1524; x_wconf 88' lang='lat' dir='ltr'>de</span> <span class='ocrx_word' id='word_1_150' title='bbox 667 1466 764 1523; x_wconf 90' lang='lat' dir='ltr'>his</span> <span class='ocrx_word' id='word_1_151' title='bbox 804 1465 961 1521; x_wconf 89' lang='lat' dir='ltr'>circa</span> <span class='ocrx_word' id='word_1_152' title='bbox 1001 1457 1185 1519; x_wconf 74' lang='lat' dir='ltr'>ﬁnem</span> <span class='ocrx_word' id='word_1_153' title='bbox 1232 1461 1495 1518; x_wconf 83' lang='lat' dir='ltr'>vicesimi</span> <span class='ocrx_word' id='word_1_154' title='bbox 1521 1460 1746 1534; x_wconf 66' lang='lat' dir='ltr'>capitis</span> <span class='ocrx_word' id='word_1_155' title='bbox 1782 1462 1844 1518; x_wconf 92' lang='lat' dir='ltr'>in</span> <span class='ocrx_word' id='word_1_156' title='bbox 1887 1463 2204 1534; x_wconf 84' lang='lat' dir='ltr'>Evangelia</span> 
     </span>
    </p>
   </div>
   <div class='ocr_carea' id='block_1_22' title="bbox 553 1552 1995 1613">
    <p class='ocr_par' dir='ltr' id='par_1_22' title="bbox 553 1552 1995 1613">
     <span class='ocr_line' id='line_1_23' title="bbox 553 1552 1995 1613; baseline -0.01 0"><span class='ocrx_word' id='word_1_157' title='bbox 553 1554 889 1613; x_wconf 77' lang='lat' dir='ltr'>secundum</span> <span class='ocrx_word' id='word_1_158' title='bbox 917 1552 1277 1612; x_wconf 68' lang='lat' dir='ltr'>Matthmum.</span> <span class='ocrx_word' id='word_1_159' title='bbox 1414 1568 1417 1571; x_wconf 93' lang='grc'><strong>·</strong></span> <span class='ocrx_word' id='word_1_160' title='bbox 1992 1608 1995 1611; x_wconf 16' lang='grc' dir='ltr'>δ</span> 
     </span>
    </p>
   </div>
   <div class='ocr_carea' id='block_1_23' title="bbox 570 1632 2223 1721">
    <p class='ocr_par' dir='ltr' id='par_1_23' title="bbox 570 1639 2208 1714">
     <span class='ocr_line' id='line_1_24' title="bbox 570 1639 2208 1714; baseline -0.001 -14"><span class='ocrx_word' id='word_1_161' title='bbox 570 1699 577 1709; x_wconf 80' lang='grc'>,</span> <span class='ocrx_word' id='word_1_162' title='bbox 622 1644 661 1711; x_wconf 71' lang='grc'><strong>1·</strong></span> <span class='ocrx_word' id='word_1_163' title='bbox 698 1643 807 1709; x_wconf 85' lang='lat' dir='ltr'>Qui</span> <span class='ocrx_word' id='word_1_164' title='bbox 847 1646 984 1714; x_wconf 89' lang='lat' dir='ltr'>post</span> <span class='ocrx_word' id='word_1_165' title='bbox 1020 1640 1433 1713; x_wconf 85' lang='lat' dir='ltr'>operationem</span> <span class='ocrx_word' id='word_1_166' title='bbox 1462 1639 1525 1697; x_wconf 92' lang='lat' dir='ltr'>in</span> <span class='ocrx_word' id='word_1_167' title='bbox 1562 1639 1979 1701; x_wconf 85' lang='lat' dir='ltr'>immobilitate</span> <span class='ocrx_word' id='word_1_168' title='bbox 2017 1640 2208 1699; x_wconf 83' lang='lat' dir='ltr'>animi</span> 
     </span>
    </p>
   </div>
   <div class='ocr_carea' id='block_1_24' title="bbox 2332 1632 3920 1721">
    <p class='ocr_par' dir='ltr' id='par_1_24' title="bbox 2332 1632 3920 1721">
     <span class='ocr_line' id='line_1_25' title="bbox 2332 1632 3920 1721; baseline 0.009 -36"><span class='ocrx_word' id='word_1_169' title='bbox 2332 1719 2338 1721; x_wconf 10' lang='grc' dir='ltr'>ἒ</span> <span class='ocrx_word' id='word_1_170' title='bbox 2387 1632 2706 1706; x_wconf 87' lang='grc' dir='ltr'>[Τίλλοντες’</span> <span class='ocrx_word' id='word_1_171' title='bbox 2763 1638 2810 1688; x_wconf 85' lang='grc' dir='ltr'>οἱ</span> <span class='ocrx_word' id='word_1_172' title='bbox 2881 1636 2993 1708; x_wconf 86' lang='grc'>(29)</span> <span class='ocrx_word' id='word_1_173' title='bbox 3054 1642 3186 1712; x_wconf 88' lang='grc' dir='ltr'>μιτὰ</span> <span class='ocrx_word' id='word_1_174' title='bbox 3252 1646 3347 1700; x_wconf 81' lang='grc' dir='ltr'>τὴν</span> <span class='ocrx_word' id='word_1_175' title='bbox 3395 1649 3687 1717; x_wconf 80' lang='grc' dir='ltr'>πρακτικὴν</span> <span class='ocrx_word' id='word_1_176' title='bbox 3745 1644 3794 1699; x_wconf 75' lang='grc' dir='ltr'>ἕν</span> <span class='ocrx_word' id='word_1_177' title='bbox 3855 1657 3920 1721; x_wconf 73' lang='grc' dir='ltr'>τῇ</span> 
     </span>
    </p>
   </div>
   <div class='ocr_carea' id='block_1_25' title="bbox 554 1719 2223 1808">
    <p class='ocr_par' dir='ltr' id='par_1_25' title="bbox 554 1730 2208 1805">
     <span class='ocr_line' id='line_1_26' title="bbox 554 1730 2208 1805; baseline -0.002 -15"><span class='ocrx_word' id='word_1_178' title='bbox 554 1731 859 1791; x_wconf 80' lang='lat' dir='ltr'>constituti</span> <span class='ocrx_word' id='word_1_179' title='bbox 899 1734 1060 1797; x_wconf 88' lang='lat' dir='ltr'>sunt,</span> <span class='ocrx_word' id='word_1_180' title='bbox 1101 1745 1411 1785; x_wconf 86' lang='lat' dir='ltr'>sermones</span> <span class='ocrx_word' id='word_1_181' title='bbox 1459 1730 1789 1802; x_wconf 88' lang='lat' dir='ltr'>decerpunt</span> <span class='ocrx_word' id='word_1_182' title='bbox 1827 1730 1906 1787; x_wconf 87' lang='lat' dir='ltr'>ab</span> <span class='ocrx_word' id='word_1_183' title='bbox 1940 1731 2034 1787; x_wconf 89' lang='lat' dir='ltr'>his</span> <span class='ocrx_word' id='word_1_184' title='bbox 2072 1748 2208 1805; x_wconf 71' lang='lat' dir='ltr'>quas</span> 
     </span>
    </p>
   </div>
   <div class='ocr_carea' id='block_1_26' title="bbox 2332 1719 3926 1808">
    <p class='ocr_par' dir='ltr' id='par_1_26' title="bbox 2332 1719 3926 1808">
     <span class='ocr_line' id='line_1_27' title="bbox 2332 1719 3926 1808; baseline 0.012 -36"><span class='ocrx_word' id='word_1_185' title='bbox 2332 1719 2542 1794; x_wconf 77' lang='grc' dir='ltr'>ἰιπαθείᾳ</span> <span class='ocrx_word' id='word_1_186' title='bbox 2607 1728 2887 1797; x_wconf 87' lang='grc' dir='ltr'>γενόμενοι,</span> <span class='ocrx_word' id='word_1_187' title='bbox 2961 1732 3080 1790; x_wconf 72' lang='grc' dir='ltr'>τοὺς</span> <span class='ocrx_word' id='word_1_188' title='bbox 3151 1728 3334 1801; x_wconf 78' lang='grc' dir='ltr'>λόγους</span> <span class='ocrx_word' id='word_1_189' title='bbox 3390 1734 3502 1805; x_wconf 88' lang='grc'>(30)</span> <span class='ocrx_word' id='word_1_190' title='bbox 3588 1719 3926 1808; x_wconf 64' lang='grc' dir='ltr'>ἀναλέγονταε</span> 
     </span>
    </p>
   </div>
   <div class='ocr_carea' id='block_1_27' title="bbox 556 1790 2223 1896">
    <p class='ocr_par' dir='ltr' id='par_1_27' title="bbox 556 1790 2209 1891">
     <span class='ocr_line' id='line_1_28' title="bbox 556 1790 2209 1891; baseline -0.002 -11"><span class='ocrx_word' id='word_1_191' title='bbox 556 1822 713 1881; x_wconf 73' lang='lat' dir='ltr'>facta</span> <span class='ocrx_word' id='word_1_192' title='bbox 748 1826 904 1887; x_wconf 88' lang='lat' dir='ltr'>sunt,</span> <span class='ocrx_word' id='word_1_193' title='bbox 930 1790 1144 1891; x_wconf 57' lang='lat' dir='ltr'>hisaue</span> <span class='ocrx_word' id='word_1_194' title='bbox 1166 1818 1260 1891; x_wconf 92' lang='lat' dir='ltr'>pie</span> <span class='ocrx_word' id='word_1_195' title='bbox 1283 1819 1513 1875; x_wconf 86' lang='lat' dir='ltr'>aluntur</span> <span class='ocrx_word' id='word_1_196' title='bbox 1538 1833 1552 1886; x_wconf 93' lang='lat'><strong>;</strong></span> <span class='ocrx_word' id='word_1_197' title='bbox 1582 1790 1912 1877; x_wconf 72' lang='lat' dir='ltr'>sabbatum</span> <span class='ocrx_word' id='word_1_198' title='bbox 1943 1790 2113 1877; x_wconf 68' lang='lat' dir='ltr'>enini</span> <span class='ocrx_word' id='word_1_199' title='bbox 2130 1822 2209 1877; x_wconf 90' lang='lat' dir='ltr'>ad</span> 
     </span>
    </p>
   </div>
   <div class='ocr_carea' id='block_1_28' title="bbox 2332 1790 3925 1896">
    <p class='ocr_par' dir='ltr' id='par_1_28' title="bbox 2332 1790 3925 1896">
     <span class='ocr_line' id='line_1_29' title="bbox 2520 1790 3919 1808; baseline 0.011 -14"><span class='ocrx_word' id='word_1_200' title='bbox 2520 1790 2530 1794; x_wconf 85' lang='lat'>-</span> <span class='ocrx_word' id='word_1_201' title='bbox 2614 1790 2624 1795; x_wconf 63' lang='grc' dir='ltr'><strong><em>γ</em></strong></span> <span class='ocrx_word' id='word_1_202' title='bbox 2725 1790 2734 1797; x_wconf 86' lang='grc'><em>.</em></span> <span class='ocrx_word' id='word_1_203' title='bbox 2873 1790 2881 1793; x_wconf 89' lang='grc'><strong><em>-</em></strong></span> <span class='ocrx_word' id='word_1_204' title='bbox 3217 1790 3230 1801; x_wconf 74' lang='grc' dir='ltr'><em>υ</em></span> <span class='ocrx_word' id='word_1_205' title='bbox 3320 1790 3327 1791; x_wconf 44' lang='grc' dir='ltr'>ί</span> <span class='ocrx_word' id='word_1_206' title='bbox 3396 1790 3407 1803; x_wconf 82' lang='lat'><strong><em>\</em></strong></span> <span class='ocrx_word' id='word_1_207' title='bbox 3483 1790 3497 1805; x_wconf 89' lang='grc' dir='ltr'><strong><em>Ι</em></strong></span> <span class='ocrx_word' id='word_1_208' title='bbox 3745 1790 3761 1808; x_wconf 82' lang='grc' dir='ltr'><strong>Ι</strong></span> <span class='ocrx_word' id='word_1_209' title='bbox 3916 1790 3919 1791; x_wconf 45' lang='grc'><strong><em>⁷</em></strong></span> 
     </span>
     <span class='ocr_line' id='line_1_30' title="bbox 2332 1816 3925 1896; baseline 0.011 -35"><span class='ocrx_word' id='word_1_210' title='bbox 2332 1818 2414 1862; x_wconf 71' lang='grc' dir='ltr'>τῶν</span> <span class='ocrx_word' id='word_1_211' title='bbox 2460 1816 2757 1883; x_wconf 72' lang='grc' dir='ltr'>γεγονότων,</span> <span class='ocrx_word' id='word_1_212' title='bbox 2825 1820 2915 1867; x_wconf 84' lang='grc' dir='ltr'>καὶ</span> <span class='ocrx_word' id='word_1_213' title='bbox 2969 1819 3173 1880; x_wconf 75' lang='grc' dir='ltr'>τούτοις</span> <span class='ocrx_word' id='word_1_214' title='bbox 3222 1819 3446 1884; x_wconf 75' lang='grc' dir='ltr'>εὐσεϐῶς</span> <span class='ocrx_word' id='word_1_215' title='bbox 3509 1828 3796 1896; x_wconf 85' lang='grc' dir='ltr'>τρέφονται.</span> <span class='ocrx_word' id='word_1_216' title='bbox 3850 1831 3925 1880; x_wconf 88' lang='grc' dir='ltr'>Τὸ</span> 
     </span>
    </p>
   </div>
   <div class='ocr_carea' id='block_1_29' title="bbox 555 1900 2223 1987">
    <p class='ocr_par' dir='ltr' id='par_1_29' title="bbox 555 1906 2211 1981">
     <span class='ocr_line' id='line_1_31' title="bbox 555 1906 2211 1981; baseline -0.002 -11"><span class='ocrx_word' id='word_1_217' title='bbox 555 1912 747 1970; x_wconf 86' lang='lat' dir='ltr'>otium</span> <span class='ocrx_word' id='word_1_218' title='bbox 758 1907 1443 1977; x_wconf 83' lang='lat' dir='ltr'>factum,immobilitatis</span> <span class='ocrx_word' id='word_1_219' title='bbox 1454 1906 1641 1965; x_wconf 90' lang='lat' dir='ltr'>animi</span> <span class='ocrx_word' id='word_1_220' title='bbox 1655 1908 1894 1978; x_wconf 91' lang='lat' dir='ltr'>signum</span> <span class='ocrx_word' id='word_1_221' title='bbox 1906 1915 2211 1981; x_wconf 89' lang='lat' dir='ltr'>estquem-</span> 
     </span>
    </p>
   </div>
   <div class='ocr_carea' id='block_1_30' title="bbox 2332 1900 3922 1987">
    <p class='ocr_par' dir='ltr' id='par_1_30' title="bbox 2332 1900 3922 1987">
     <span class='ocr_line' id='line_1_32' title="bbox 2332 1900 3922 1987; baseline 0.011 -36"><span class='ocrx_word' id='word_1_222' title='bbox 2332 1903 2417 1975; x_wconf 71' lang='grc' dir='ltr'>γὰρ</span> <span class='ocrx_word' id='word_1_223' title='bbox 2468 1900 2746 1967; x_wconf 85' lang='grc' dir='ltr'>Σάϐϐατόν,</span> <span class='ocrx_word' id='word_1_224' title='bbox 2795 1901 3045 1967; x_wconf 81' lang='grc' dir='ltr'>ἀπαθείας</span> <span class='ocrx_word' id='word_1_225' title='bbox 3090 1908 3366 1979; x_wconf 80' lang='grc' dir='ltr'>σύμϐολον,</span> <span class='ocrx_word' id='word_1_226' title='bbox 3420 1907 3513 1963; x_wconf 82' lang='grc' dir='ltr'>διὰ</span> <span class='ocrx_word' id='word_1_227' title='bbox 3560 1918 3652 1972; x_wconf 74' lang='grc' dir='ltr'>τὴν</span> <span class='ocrx_word' id='word_1_228' title='bbox 3707 1913 3922 1987; x_wconf 74' lang='grc' dir='ltr'>ἀργίαν,</span> 
     </span>
    </p>
   </div>
   <div class='ocr_carea' id='block_1_31' title="bbox 558 1991 2223 2074">
    <p class='ocr_par' dir='ltr' id='par_1_31' title="bbox 558 1997 2212 2071">
     <span class='ocr_line' id='line_1_33' title="bbox 558 1997 2212 2071; baseline -0.001 -12"><span class='ocrx_word' id='word_1_229' title='bbox 558 2000 892 2059; x_wconf 81' lang='lat' dir='ltr'>admodum</span> <span class='ocrx_word' id='word_1_230' title='bbox 929 1999 1056 2056; x_wconf 87' lang='lat' dir='ltr'>dies</span> <span class='ocrx_word' id='word_1_231' title='bbox 1086 1997 1510 2069; x_wconf 62' lang='lat' dir='ltr'>praecedentes,</span> <span class='ocrx_word' id='word_1_232' title='bbox 1543 1998 1920 2067; x_wconf 86' lang='lat' dir='ltr'>operationis,</span> <span class='ocrx_word' id='word_1_233' title='bbox 1967 2003 2212 2071; x_wconf 87' lang='lat' dir='ltr'>propter</span> 
     </span>
    </p>
   </div>
   <div class='ocr_carea' id='block_1_32' title="bbox 2332 1991 3925 2074">
    <p class='ocr_par' dir='ltr' id='par_1_32' title="bbox 2332 1991 3925 2074">
     <span class='ocr_line' id='line_1_34' title="bbox 2332 1991 3925 2074; baseline 0.011 -33"><span class='ocrx_word' id='word_1_234' title='bbox 2332 1991 2491 2065; x_wconf 74' lang='grc' dir='ltr'>ὖσπερ</span> <span class='ocrx_word' id='word_1_235' title='bbox 2518 1995 2606 2041; x_wconf 85' lang='grc' dir='ltr'>καὶ</span> <span class='ocrx_word' id='word_1_236' title='bbox 2641 2002 2953 2066; x_wconf 74' lang='grc' dir='ltr'>πρακτικῆς,</span> <span class='ocrx_word' id='word_1_237' title='bbox 2982 1997 3036 2047; x_wconf 84' lang='grc' dir='ltr'>αἱ</span> <span class='ocrx_word' id='word_1_238' title='bbox 3066 2001 3166 2072; x_wconf 88' lang='grc' dir='ltr'>πρό</span> <span class='ocrx_word' id='word_1_239' title='bbox 3196 2000 3390 2056; x_wconf 82' lang='grc' dir='ltr'>ταύτην</span> <span class='ocrx_word' id='word_1_240' title='bbox 3421 2001 3630 2074; x_wconf 70' lang='grc' dir='ltr'>ἡμέραι,</span> <span class='ocrx_word' id='word_1_241' title='bbox 3684 1999 3779 2055; x_wconf 79' lang='grc' dir='ltr'>διὰ</span> <span class='ocrx_word' id='word_1_242' title='bbox 3823 2010 3925 2064; x_wconf 78' lang='grc' dir='ltr'>τὴν</span> 
     </span>
    </p>
   </div>
   <div class='ocr_carea' id='block_1_33' title="bbox 2310 1275 3375 1352">
    <p class='ocr_par' dir='ltr' id='par_1_33' title="bbox 2310 1275 3375 1352">
     <span class='ocr_line' id='line_1_35' title="bbox 2310 1275 3375 1352; baseline 0.008 -24"><span class='ocrx_word' id='word_1_243' title='bbox 2310 1275 2611 1350; x_wconf 85' lang='grc' dir='ltr'>παραϐολῆς</span> <span class='ocrx_word' id='word_1_244' title='bbox 2632 1280 2822 1350; x_wconf 87' lang='grc' dir='ltr'>ὁμοίως</span> <span class='ocrx_word' id='word_1_245' title='bbox 2851 1278 2898 1331; x_wconf 81' lang='grc' dir='ltr'>ἐν</span> <span class='ocrx_word' id='word_1_246' title='bbox 2923 1278 3094 1352; x_wconf 78' lang='grc' dir='ltr'>ἐκείνῳ</span> <span class='ocrx_word' id='word_1_247' title='bbox 3127 1282 3375 1343; x_wconf 80' lang='grc' dir='ltr'>ζήτησον.</span> 
     </span>
    </p>
   </div>
   <div class='ocr_carea' id='block_1_34' title="bbox 2387 1366 3916 1453">
    <p class='ocr_par' dir='ltr' id='par_1_34' title="bbox 2387 1366 3916 1453">
     <span class='ocr_line' id='line_1_36' title="bbox 2387 1366 3916 1453; baseline 0.009 -36"><span class='ocrx_word' id='word_1_248' title='bbox 2387 1370 2486 1418; x_wconf 89' lang='lat' dir='ltr'>Kal</span> <span class='ocrx_word' id='word_1_249' title='bbox 2531 1366 2724 1438; x_wconf 76' lang='grc' dir='ltr'>ἐγένετο</span> <span class='ocrx_word' id='word_1_250' title='bbox 2754 1400 2817 1410; x_wconf 86' lang='lat'>—-—</span> <span class='ocrx_word' id='word_1_251' title='bbox 2848 1370 3057 1438; x_wconf 85' lang='grc' dir='ltr'>ἒξεστι;</span> <span class='ocrx_word' id='word_1_252' title='bbox 3110 1378 3349 1431; x_wconf 82' lang='grc' dir='ltr'>Ζήτησον</span> <span class='ocrx_word' id='word_1_253' title='bbox 3397 1380 3515 1449; x_wconf 86' lang='grc' dir='ltr'>περὶ</span> <span class='ocrx_word' id='word_1_254' title='bbox 3559 1380 3749 1431; x_wconf 78' lang='grc' dir='ltr'>τούτων</span> <span class='ocrx_word' id='word_1_255' title='bbox 3796 1379 3916 1453; x_wconf 83' lang='lat'>(28)</span> 
     </span>
    </p>
   </div>
   <div class='ocr_carea' id='block_1_35' title="bbox 2312 1456 3920 1536">
    <p class='ocr_par' dir='ltr' id='par_1_35' title="bbox 2312 1456 3920 1536">
     <span class='ocr_line' id='line_1_37' title="bbox 2312 1456 3920 1536; baseline 0.011 -31"><span class='ocrx_word' id='word_1_256' title='bbox 2312 1458 2442 1527; x_wconf 88' lang='grc' dir='ltr'>πρός</span> <span class='ocrx_word' id='word_1_257' title='bbox 2507 1464 2579 1527; x_wconf 82' lang='grc' dir='ltr'>τῷ</span> <span class='ocrx_word' id='word_1_258' title='bbox 2642 1456 2772 1510; x_wconf 80' lang='grc' dir='ltr'>τέλει</span> <span class='ocrx_word' id='word_1_259' title='bbox 2833 1466 2924 1510; x_wconf 85' lang='grc' dir='ltr'>τοῦ</span> <span class='ocrx_word' id='word_1_260' title='bbox 2985 1460 3225 1514; x_wconf 76' lang='grc' dir='ltr'>εἰκοστοῦ</span> <span class='ocrx_word' id='word_1_261' title='bbox 3285 1463 3564 1536; x_wconf 73' lang='grc' dir='ltr'>κεφαλαίου</span> <span class='ocrx_word' id='word_1_262' title='bbox 3625 1476 3714 1520; x_wconf 83' lang='grc' dir='ltr'>τοῦ</span> <span class='ocrx_word' id='word_1_263' title='bbox 3775 1474 3920 1523; x_wconf 83' lang='grc' dir='ltr'>κατὰ</span> 
     </span>
    </p>
   </div>
   <div class='ocr_carea' id='block_1_36' title="bbox 2314 1546 2602 1599">
    <p class='ocr_par' dir='ltr' id='par_1_36' title="bbox 2314 1546 2602 1599">
     <span class='ocr_line' id='line_1_38' title="bbox 2314 1546 2602 1599; baseline 0.007 -2"><span class='ocrx_word' id='word_1_264' title='bbox 2314 1546 2602 1599; x_wconf 81' lang='grc' dir='ltr'>Ματθαίον.</span> 
     </span>
    </p>
   </div>
   <div class='ocr_carea' id='block_1_37' title="bbox 558 2078 2223 2155">
    <p class='ocr_par' dir='ltr' id='par_1_37' title="bbox 558 2092 849 2148">
     <span class='ocr_line' id='line_1_39' title="bbox 558 2092 849 2148; baseline -0.007 -2"><span class='ocrx_word' id='word_1_265' title='bbox 558 2092 849 2148; x_wconf 85' lang='lat' dir='ltr'>laborem.</span> 
     </span>
    </p>
   </div>
   <div class='ocr_carea' id='block_1_38' title="bbox 2332 2078 2615 2155">
    <p class='ocr_par' dir='ltr' id='par_1_38' title="bbox 2332 2078 2615 2155">
     <span class='ocr_line' id='line_1_40' title="bbox 2332 2078 2615 2155; baseline 0.004 -25"><span class='ocrx_word' id='word_1_266' title='bbox 2332 2078 2615 2155; x_wconf 53' lang='grc' dir='ltr'>ἐργασίαι]</span> 
     </span>
    </p>
   </div>
   <div class='ocr_carea' id='block_1_39' title="bbox 572 2167 2223 2254">
    <p class='ocr_par' dir='ltr' id='par_1_39' title="bbox 572 2177 2212 2252">
     <span class='ocr_line' id='line_1_41' title="bbox 572 2177 2212 2252; baseline -0.001 -15"><span class='ocrx_word' id='word_1_267' title='bbox 572 2220 595 2230; x_wconf 85' lang='grc'><strong>-</strong></span> <span class='ocrx_word' id='word_1_268' title='bbox 630 2181 793 2238; x_wconf 88' lang='lat' dir='ltr'>Vers.</span> <span class='ocrx_word' id='word_1_269' title='bbox 834 2182 927 2235; x_wconf 77' lang='lat'>25.</span> <span class='ocrx_word' id='word_1_270' title='bbox 958 2178 1033 2235; x_wconf 90' lang='lat' dir='ltr'>Et</span> <span class='ocrx_word' id='word_1_271' title='bbox 1070 2206 1141 2218; x_wconf 95' lang='lat'><strong>—</strong></span> <span class='ocrx_word' id='word_1_272' title='bbox 1181 2178 1339 2233; x_wconf 83' lang='lat' dir='ltr'>Vers.</span> <span class='ocrx_word' id='word_1_273' title='bbox 1379 2177 1466 2233; x_wconf 87' lang='lat'>26.</span> <span class='ocrx_word' id='word_1_274' title='bbox 1510 2178 1726 2234; x_wconf 76' lang='lat' dir='ltr'>erant?</span> <span class='ocrx_word' id='word_1_275' title='bbox 1769 2180 1930 2235; x_wconf 83' lang='lat' dir='ltr'>Hanc</span> <span class='ocrx_word' id='word_1_276' title='bbox 1967 2194 2212 2252; x_wconf 87' lang='lat' dir='ltr'>quoque</span> 
     </span>
    </p>
   </div>
   <div class='ocr_carea' id='block_1_40' title="bbox 2332 2167 3927 2254">
    <p class='ocr_par' dir='ltr' id='par_1_40' title="bbox 2394 2167 3927 2254">
     <span class='ocr_line' id='line_1_42' title="bbox 2394 2167 3927 2254; baseline 0.009 -34"><span class='ocrx_word' id='word_1_277' title='bbox 2394 2171 2495 2220; x_wconf 89' lang='lat' dir='ltr'>Kal</span> <span class='ocrx_word' id='word_1_278' title='bbox 2526 2199 2590 2209; x_wconf 91' lang='lat'><em>—</em></span> <span class='ocrx_word' id='word_1_279' title='bbox 2629 2167 2750 2222; x_wconf 83' lang='grc' dir='ltr'>οὖσι</span> <span class='ocrx_word' id='word_1_280' title='bbox 2774 2188 2785 2200; x_wconf 91' lang='grc'><strong>·</strong></span> <span class='ocrx_word' id='word_1_281' title='bbox 2845 2177 2946 2227; x_wconf 82' lang='grc' dir='ltr'>Καὶ</span> <span class='ocrx_word' id='word_1_282' title='bbox 3001 2176 3193 2233; x_wconf 85' lang='grc' dir='ltr'>ταύτην</span> <span class='ocrx_word' id='word_1_283' title='bbox 3231 2180 3324 2235; x_wconf 80' lang='grc' dir='ltr'>τὴν</span> <span class='ocrx_word' id='word_1_284' title='bbox 3380 2179 3612 2253; x_wconf 82' lang='grc' dir='ltr'>ἱστορίαν</span> <span class='ocrx_word' id='word_1_285' title='bbox 3663 2178 3713 2233; x_wconf 81' lang='grc' dir='ltr'>έν</span> <span class='ocrx_word' id='word_1_286' title='bbox 3742 2179 3927 2254; x_wconf 74' lang='grc' dir='ltr'>ἐκείνῳ</span> 
     </span>
    </p>
   </div>
   <div class='ocr_carea' id='block_1_41' title="bbox 555 2254 2223 2339">
    <p class='ocr_par' dir='ltr' id='par_1_41' title="bbox 555 2268 1367 2339">
     <span class='ocr_line' id='line_1_43' title="bbox 555 2268 1367 2339; baseline -0.014 -7"><span class='ocrx_word' id='word_1_287' title='bbox 555 2269 869 2332; x_wconf 82' lang='lat' dir='ltr'>historiam</span> <span class='ocrx_word' id='word_1_288' title='bbox 899 2284 971 2325; x_wconf 93' lang='lat' dir='ltr'>eo</span> <span class='ocrx_word' id='word_1_289' title='bbox 999 2268 1132 2323; x_wconf 92' lang='lat' dir='ltr'>loco</span> <span class='ocrx_word' id='word_1_290' title='bbox 1157 2281 1367 2339; x_wconf 68' lang='lat' dir='ltr'>qurere.</span> 
     </span>
    </p>
   </div>
   <div class='ocr_carea' id='block_1_42' title="bbox 2332 2254 2576 2339">
    <p class='ocr_par' dir='ltr' id='par_1_42' title="bbox 2332 2254 2576 2316">
     <span class='ocr_line' id='line_1_44' title="bbox 2332 2254 2576 2316; baseline 0.008 -9"><span class='ocrx_word' id='word_1_291' title='bbox 2332 2254 2388 2316; x_wconf 74' lang='grc' dir='ltr'>ζὴ</span> <span class='ocrx_word' id='word_1_292' title='bbox 2397 2275 2458 2313; x_wconf 85' lang='grc' dir='ltr'>τη</span> <span class='ocrx_word' id='word_1_293' title='bbox 2469 2276 2576 2309; x_wconf 90' lang='grc' dir='ltr'>σον.</span> 
     </span>
    </p>
   </div>
   <div class='ocr_carea' id='block_1_43' title="bbox 632 2343 2223 2429">
    <p class='ocr_par' dir='ltr' id='par_1_43' title="bbox 632 2355 2218 2427">
     <span class='ocr_line' id='line_1_45' title="bbox 632 2355 2218 2427; baseline 0 -11"><span class='ocrx_word' id='word_1_294' title='bbox 632 2364 815 2416; x_wconf 87' lang='lat' dir='ltr'>Istum</span> <span class='ocrx_word' id='word_1_295' title='bbox 832 2356 1328 2422; x_wconf 64' lang='lat' dir='ltr'>autemAbiathar</span> <span class='ocrx_word' id='word_1_296' title='bbox 1343 2358 1571 2427; x_wconf 81' lang='lat' dir='ltr'>Regum</span> <span class='ocrx_word' id='word_1_297' title='bbox 1582 2355 1827 2413; x_wconf 85' lang='lat' dir='ltr'>historia</span> <span class='ocrx_word' id='word_1_298' title='bbox 1838 2357 2218 2417; x_wconf 82' lang='lat' dir='ltr'>Achimelech</span> 
     </span>
    </p>
   </div>
   <div class='ocr_carea' id='block_1_44' title="bbox 2332 2343 3935 2429">
    <p class='ocr_par' dir='ltr' id='par_1_44' title="bbox 2340 2343 3935 2429">
     <span class='ocr_line' id='line_1_46' title="bbox 2340 2343 3935 2429; baseline 0.012 -33"><span class='ocrx_word' id='word_1_299' title='bbox 2340 2426 2343 2429; x_wconf 10' lang='grc' dir='ltr'>ι</span> <span class='ocrx_word' id='word_1_300' title='bbox 2395 2351 2584 2398; x_wconf 82' lang='grc' dir='ltr'>Τοῦτον</span> <span class='ocrx_word' id='word_1_301' title='bbox 2638 2343 2695 2400; x_wconf 69' lang='grc' dir='ltr'>δὲ</span> <span class='ocrx_word' id='word_1_302' title='bbox 2744 2352 2831 2402; x_wconf 87' lang='grc' dir='ltr'>τὸν</span> <span class='ocrx_word' id='word_1_303' title='bbox 2880 2350 3155 2428; x_wconf 82' lang='grc' dir='ltr'>’Δϐιάθαρ,</span> <span class='ocrx_word' id='word_1_304' title='bbox 3205 2356 3233 2413; x_wconf 80' lang='grc' dir='ltr'>η</span> <span class='ocrx_word' id='word_1_305' title='bbox 3289 2359 3378 2426; x_wconf 68' lang='grc' dir='ltr'>μὲν</span> <span class='ocrx_word' id='word_1_306' title='bbox 3410 2355 3591 2429; x_wconf 88' lang='grc' dir='ltr'>βίϐλος</span> <span class='ocrx_word' id='word_1_307' title='bbox 3620 2367 3721 2411; x_wconf 84' lang='grc' dir='ltr'>τῶν</span> <span class='ocrx_word' id='word_1_308' title='bbox 3770 2367 3935 2415; x_wconf 84' lang='grc' dir='ltr'>Βασι-</span> 
     </span>
    </p>
   </div>
   <div class='ocr_carea' id='block_1_45' title="bbox 2324 2432 3937 2518">
    <p class='ocr_par' dir='ltr' id='par_1_45' title="bbox 2324 2432 3937 2518">
     <span class='ocr_line' id='line_1_47' title="bbox 2324 2432 3937 2518; baseline 0.011 -32"><span class='ocrx_word' id='word_1_309' title='bbox 2324 2432 2472 2486; x_wconf 88' lang='grc' dir='ltr'>λειῶν</span> <span class='ocrx_word' id='word_1_310' title='bbox 2528 2436 2821 2510; x_wconf 81' lang='grc' dir='ltr'>’Λχιμέλεχ</span> <span class='ocrx_word' id='word_1_311' title='bbox 2878 2439 3153 2512; x_wconf 74' lang='grc' dir='ltr'>ὀνομάζει·</span> <span class='ocrx_word' id='word_1_312' title='bbox 3210 2445 3238 2501; x_wconf 77' lang='grc' dir='ltr'>ἡ</span> <span class='ocrx_word' id='word_1_313' title='bbox 3292 2441 3350 2497; x_wconf 71' lang='grc' dir='ltr'>δὲ</span> <span class='ocrx_word' id='word_1_314' title='bbox 3412 2444 3595 2518; x_wconf 88' lang='grc' dir='ltr'>βίϐλος</span> <span class='ocrx_word' id='word_1_315' title='bbox 3646 2457 3747 2500; x_wconf 72' lang='grc' dir='ltr'>τῶν</span> <span class='ocrx_word' id='word_1_316' title='bbox 3793 2451 3937 2505; x_wconf 74' lang='grc' dir='ltr'>Ψαλ-</span> 
     </span>
    </p>
   </div>
   <div class='ocr_carea' id='block_1_46' title="bbox 2327 2523 3936 2612">
    <p class='ocr_par' dir='ltr' id='par_1_46' title="bbox 2327 2523 3936 2612">
     <span class='ocr_line' id='line_1_48' title="bbox 2327 2523 3936 2612; baseline 0.011 -38"><span class='ocrx_word' id='word_1_317' title='bbox 2327 2531 2455 2596; x_wconf 86' lang='grc' dir='ltr'>μῶν,</span> <span class='ocrx_word' id='word_1_318' title='bbox 2499 2523 2798 2598; x_wconf 86' lang='grc' dir='ltr'>Ἀϐιμέλεχ.</span> <span class='ocrx_word' id='word_1_319' title='bbox 2842 2527 3002 2588; x_wconf 84' lang='grc' dir='ltr'>Δῆλον</span> <span class='ocrx_word' id='word_1_320' title='bbox 3052 2527 3159 2595; x_wconf 81' lang='grc' dir='ltr'>οὖν,</span> <span class='ocrx_word' id='word_1_321' title='bbox 3202 2534 3283 2585; x_wconf 86' lang='grc' dir='ltr'>ὅτι</span> <span class='ocrx_word' id='word_1_322' title='bbox 3328 2530 3587 2606; x_wconf 83' lang='grc' dir='ltr'>διώνυμος</span> <span class='ocrx_word' id='word_1_323' title='bbox 3636 2534 3717 2606; x_wconf 72' lang='grc' dir='ltr'>ἦν,</span> <span class='ocrx_word' id='word_1_324' title='bbox 3767 2537 3936 2612; x_wconf 82' lang='grc' dir='ltr'>ἀμφό-</span> 
     </span>
    </p>
   </div>
   <div class='ocr_carea' id='block_1_47' title="bbox 2328 2614 3938 2699">
    <p class='ocr_par' dir='ltr' id='par_1_47' title="bbox 2328 2614 3938 2699">
     <span class='ocr_line' id='line_1_49' title="bbox 2328 2614 3938 2699; baseline 0.011 -35"><span class='ocrx_word' id='word_1_325' title='bbox 2328 2632 2451 2685; x_wconf 86' lang='grc' dir='ltr'>τερα</span> <span class='ocrx_word' id='word_1_326' title='bbox 2530 2614 2855 2686; x_wconf 84' lang='grc' dir='ltr'>καλούμενος,</span> <span class='ocrx_word' id='word_1_327' title='bbox 2935 2618 3227 2692; x_wconf 85' lang='grc' dir='ltr'>Ἀχιμέλεχ</span> <span class='ocrx_word' id='word_1_328' title='bbox 3312 2631 3402 2675; x_wconf 76' lang='grc' dir='ltr'>καὶ</span> <span class='ocrx_word' id='word_1_329' title='bbox 3477 2623 3779 2699; x_wconf 82' lang='grc' dir='ltr'>Ἀϐιμέλεχ,</span> <span class='ocrx_word' id='word_1_330' title='bbox 3862 2631 3938 2693; x_wconf 83' lang='grc' dir='ltr'>ὡς</span> 
     </span>
    </p>
   </div>
   <div class='ocr_carea' id='block_1_48' title="bbox 2329 2703 3930 2793">
    <p class='ocr_par' dir='ltr' id='par_1_48' title="bbox 2329 2703 3930 2793">
     <span class='ocr_line' id='line_1_50' title="bbox 2329 2703 3930 2793; baseline 0.01 -39"><span class='ocrx_word' id='word_1_331' title='bbox 2329 2707 2418 2755; x_wconf 87' lang='grc' dir='ltr'>καὶ</span> <span class='ocrx_word' id='word_1_332' title='bbox 2484 2703 2629 2757; x_wconf 80' lang='grc' dir='ltr'>ἄλλοι</span> <span class='ocrx_word' id='word_1_333' title='bbox 2692 2706 2868 2759; x_wconf 86' lang='grc' dir='ltr'>πολλοὶ</span> <span class='ocrx_word' id='word_1_334' title='bbox 2924 2716 3023 2761; x_wconf 87' lang='grc' dir='ltr'>τῶν</span> <span class='ocrx_word' id='word_1_335' title='bbox 3081 2709 3350 2784; x_wconf 87' lang='grc' dir='ltr'>Ἐϐραίων.</span> <span class='ocrx_word' id='word_1_336' title='bbox 3411 2718 3481 2767; x_wconf 86' lang='grc' dir='ltr'>Τό</span> <span class='ocrx_word' id='word_1_337' title='bbox 3550 2713 3607 2769; x_wconf 72' lang='grc' dir='ltr'>δε</span> <span class='ocrx_word' id='word_1_338' title='bbox 3670 2716 3930 2793; x_wconf 78' lang='grc' dir='ltr'>Ἀϐιάθαρ</span> 
     </span>
    </p>
   </div>
   <div class='ocr_carea' id='block_1_49' title="bbox 2330 2793 3922 2879">
    <p class='ocr_par' dir='ltr' id='par_1_49' title="bbox 2330 2793 3922 2879">
     <span class='ocr_line' id='line_1_51' title="bbox 2330 2793 3922 2879; baseline 0.01 -36"><span class='ocrx_word' id='word_1_339' title='bbox 2330 2800 2699 2866; x_wconf 82' lang='grc' dir='ltr'>προσωνυμίαν</span> <span class='ocrx_word' id='word_1_340' title='bbox 2765 2793 2898 2867; x_wconf 85' lang='grc' dir='ltr'>εἶχε,</span> <span class='ocrx_word' id='word_1_341' title='bbox 2960 2804 3319 2872; x_wconf 79' lang='grc' dir='ltr'>καταγομένην</span> <span class='ocrx_word' id='word_1_342' title='bbox 3379 2801 3432 2854; x_wconf 82' lang='grc' dir='ltr'>ἐκ</span> <span class='ocrx_word' id='word_1_343' title='bbox 3499 2810 3767 2879; x_wconf 85' lang='grc' dir='ltr'>προγόνων.</span> <span class='ocrx_word' id='word_1_344' title='bbox 3828 2810 3922 2859; x_wconf 88' lang='grc' dir='ltr'><strong>Διό</strong></span> 
     </span>
    </p>
   </div>
   <div class='ocr_carea' id='block_1_50' title="bbox 2330 2882 3572 2957">
    <p class='ocr_par' dir='ltr' id='par_1_50' title="bbox 2330 2882 3572 2957">
     <span class='ocr_line' id='line_1_52' title="bbox 2330 2882 3572 2957; baseline 0.012 -25"><span class='ocrx_word' id='word_1_345' title='bbox 2330 2886 2420 2933; x_wconf 86' lang='grc' dir='ltr'>καὶ</span> <span class='ocrx_word' id='word_1_346' title='bbox 2443 2882 2467 2932; x_wconf 89' lang='lat'>6</span> <span class='ocrx_word' id='word_1_347' title='bbox 2492 2886 2597 2944; x_wconf 77' lang='grc' dir='ltr'>υἱός</span> <span class='ocrx_word' id='word_1_348' title='bbox 2629 2884 2786 2937; x_wconf 72' lang='grc' dir='ltr'>αὑτοῦ</span> <span class='ocrx_word' id='word_1_349' title='bbox 2819 2887 3007 2957; x_wconf 85' lang='grc' dir='ltr'>ὁμοίως</span> <span class='ocrx_word' id='word_1_350' title='bbox 3030 2888 3282 2957; x_wconf 78' lang='grc' dir='ltr'>Ἀϐιάθαρ</span> <span class='ocrx_word' id='word_1_351' title='bbox 3311 2890 3572 2951; x_wconf 76' lang='grc' dir='ltr'>ἐκέκλητο.</span> 
     </span>
    </p>
   </div>
   <div class='ocr_carea' id='block_1_51' title="bbox 2402 2969 3931 3059">
    <p class='ocr_par' dir='ltr' id='par_1_51' title="bbox 2402 2969 3931 3059">
     <span class='ocr_line' id='line_1_53' title="bbox 2402 2969 3931 3059; baseline 0.01 -36"><span class='ocrx_word' id='word_1_352' title='bbox 2402 2969 2546 3044; x_wconf 80' lang='grc' dir='ltr'>[Ἐπὶ</span> <span class='ocrx_word' id='word_1_353' title='bbox 2606 2973 2716 3044; x_wconf 83' lang='grc'>(31)</span> <span class='ocrx_word' id='word_1_354' title='bbox 2772 2974 3053 3047; x_wconf 81' lang='grc' dir='ltr'>’Δϐιάθαρ-</span> <span class='ocrx_word' id='word_1_355' title='bbox 3111 2980 3136 3029; x_wconf 98' lang='lat'>6</span> <span class='ocrx_word' id='word_1_356' title='bbox 3194 2982 3283 3051; x_wconf 74' lang='grc' dir='ltr'>μεν</span> <span class='ocrx_word' id='word_1_357' title='bbox 3342 2980 3595 3057; x_wconf 82' lang='grc' dir='ltr'>Ἀϐιάθαρ</span> <span class='ocrx_word' id='word_1_358' title='bbox 3653 2981 3931 3059; x_wconf 77' lang='grc' dir='ltr'>ἀρχιερεὺς</span> 
     </span>
    </p>
   </div>
   <div class='ocr_carea' id='block_1_52' title="bbox 2334 3056 3937 3148">
    <p class='ocr_par' dir='ltr' id='par_1_52' title="bbox 2334 3056 3937 3148">
     <span class='ocr_line' id='line_1_54' title="bbox 2334 3056 3937 3148; baseline 0.012 -40"><span class='ocrx_word' id='word_1_359' title='bbox 2334 3056 2568 3148; x_wconf 11' lang='grc' dir='ltr'>ἐνταῦθα,</span> <span class='ocrx_word' id='word_1_360' title='bbox 2625 3060 3044 3137; x_wconf 79' lang='grc' dir='ltr'>ἀναγέγραπται·</span> <span class='ocrx_word' id='word_1_361' title='bbox 3123 3070 3207 3119; x_wconf 89' lang='grc' dir='ltr'>τόν</span> <span class='ocrx_word' id='word_1_362' title='bbox 3287 3066 3346 3122; x_wconf 76' lang='grc' dir='ltr'>δε</span> <span class='ocrx_word' id='word_1_363' title='bbox 3422 3056 3719 3145; x_wconf 70' lang='grc' dir='ltr'>Ἀχιμελεχ</span> <span class='ocrx_word' id='word_1_364' title='bbox 3798 3056 3937 3148; x_wconf 70' lang='grc' dir='ltr'>ίερέα.</span> 
     </span>
    </p>
   </div>
   <div class='ocr_carea' id='block_1_53' title="bbox 2334 3145 3930 3232">
    <p class='ocr_par' dir='ltr' id='par_1_53' title="bbox 2334 3145 3930 3232">
     <span class='ocr_line' id='line_1_55' title="bbox 2334 3145 3930 3232; baseline 0.011 -34"><span class='ocrx_word' id='word_1_365' title='bbox 2334 3145 2706 3222; x_wconf 76' lang='grc' dir='ltr'>παραδίδωσιν</span> <span class='ocrx_word' id='word_1_366' title='bbox 2765 3155 2794 3211; x_wconf 85' lang='grc' dir='ltr'><strong>ἠ</strong></span> <span class='ocrx_word' id='word_1_367' title='bbox 2846 3162 2943 3206; x_wconf 86' lang='grc' dir='ltr'>τῶν</span> <span class='ocrx_word' id='word_1_368' title='bbox 2990 3156 3268 3209; x_wconf 85' lang='grc' dir='ltr'>Βασιλειών</span> <span class='ocrx_word' id='word_1_369' title='bbox 3328 3161 3555 3232; x_wconf 81' lang='grc' dir='ltr'>ἱστορία.</span> <span class='ocrx_word' id='word_1_370' title='bbox 3604 3162 3762 3224; x_wconf 84' lang='grc' dir='ltr'>Εἰκὸς</span> <span class='ocrx_word' id='word_1_371' title='bbox 3820 3145 3930 3229; x_wconf 78' lang='grc' dir='ltr'>οὖν,</span> 
     </span>
    </p>
   </div>
   <div class='ocr_carea' id='block_1_54' title="bbox 2334 3239 3935 3317">
    <p class='ocr_par' dir='ltr' id='par_1_54' title="bbox 2334 3239 3935 3317">
     <span class='ocr_line' id='line_1_56' title="bbox 2334 3239 3935 3317; baseline 0.012 -30"><span class='ocrx_word' id='word_1_372' title='bbox 2334 3240 2419 3287; x_wconf 88' lang='grc' dir='ltr'>τὸν</span> <span class='ocrx_word' id='word_1_373' title='bbox 2463 3241 2552 3309; x_wconf 70' lang='grc' dir='ltr'>μὲν</span> <span class='ocrx_word' id='word_1_374' title='bbox 2594 3239 2846 3317; x_wconf 83' lang='grc' dir='ltr'>Ἀϐιάθαρ</span> <span class='ocrx_word' id='word_1_375' title='bbox 2881 3242 3258 3313; x_wconf 78' lang='grc' dir='ltr'>ἀναπαύεσθαι,</span> <span class='ocrx_word' id='word_1_376' title='bbox 3316 3250 3397 3301; x_wconf 85' lang='grc' dir='ltr'>ὅτε</span> <span class='ocrx_word' id='word_1_377' title='bbox 3450 3251 3475 3301; x_wconf 90' lang='grc' dir='ltr'>ό</span> <span class='ocrx_word' id='word_1_378' title='bbox 3535 3248 3702 3304; x_wconf 78' lang='grc' dir='ltr'>Δαυῖδ</span> <span class='ocrx_word' id='word_1_379' title='bbox 3760 3252 3935 3311; x_wconf 77' lang='grc' dir='ltr'>εἰσῆλ-</span> 
     </span>
    </p>
   </div>
   <div class='ocr_carea' id='block_1_55' title="bbox 560 2445 2216 2516">
    <p class='ocr_par' dir='ltr' id='par_1_55' title="bbox 560 2445 2216 2516">
     <span class='ocr_line' id='line_1_57' title="bbox 560 2445 2216 2516; baseline -0.001 -9"><span class='ocrx_word' id='word_1_380' title='bbox 560 2452 774 2516; x_wconf 89' lang='lat' dir='ltr'>vocat;</span> <span class='ocrx_word' id='word_1_381' title='bbox 814 2448 958 2505; x_wconf 91' lang='lat' dir='ltr'>liber</span> <span class='ocrx_word' id='word_1_382' title='bbox 984 2451 1185 2503; x_wconf 90' lang='lat' dir='ltr'>autem</span> <span class='ocrx_word' id='word_1_383' title='bbox 1222 2445 1597 2503; x_wconf 88' lang='lat' dir='ltr'>Psalmorum</span> <span class='ocrx_word' id='word_1_384' title='bbox 1625 2446 1968 2504; x_wconf 78' lang='lat' dir='ltr'>Abimelech</span> <span class='ocrx_word' id='word_1_385' title='bbox 1994 2450 2058 2502; x_wconf 66' lang='grc' dir='ltr'>ω.</span> <span class='ocrx_word' id='word_1_386' title='bbox 2103 2451 2216 2505; x_wconf 87' lang='lat' dir='ltr'>Ma-</span> 
     </span>
    </p>
   </div>
   <div class='ocr_carea' id='block_1_56' title="bbox 561 2535 2217 2610">
    <p class='ocr_par' dir='ltr' id='par_1_56' title="bbox 561 2535 2217 2610">
     <span class='ocr_line' id='line_1_58' title="bbox 561 2535 2217 2610; baseline -0.002 -13"><span class='ocrx_word' id='word_1_387' title='bbox 561 2539 847 2597; x_wconf 88' lang='lat' dir='ltr'>nifestum</span> <span class='ocrx_word' id='word_1_388' title='bbox 883 2552 1027 2609; x_wconf 88' lang='lat' dir='ltr'>ergo</span> <span class='ocrx_word' id='word_1_389' title='bbox 1056 2539 1143 2593; x_wconf 90' lang='lat' dir='ltr'>est</span> <span class='ocrx_word' id='word_1_390' title='bbox 1172 2535 1337 2607; x_wconf 89' lang='lat' dir='ltr'>quod</span> <span class='ocrx_word' id='word_1_391' title='bbox 1364 2535 1695 2593; x_wconf 86' lang='lat' dir='ltr'>binominis</span> <span class='ocrx_word' id='word_1_392' title='bbox 1725 2535 1917 2603; x_wconf 86' lang='lat' dir='ltr'>fuerit,</span> <span class='ocrx_word' id='word_1_393' title='bbox 1966 2542 2217 2610; x_wconf 88' lang='lat' dir='ltr'>utroque</span> 
     </span>
    </p>
   </div>
   <div class='ocr_carea' id='block_1_57' title="bbox 561 2622 2219 2699">
    <p class='ocr_par' dir='ltr' id='par_1_57' title="bbox 561 2622 2219 2699">
     <span class='ocr_line' id='line_1_59' title="bbox 561 2622 2219 2699; baseline -0.002 -13"><span class='ocrx_word' id='word_1_394' title='bbox 561 2627 747 2686; x_wconf 91' lang='lat' dir='ltr'>modo</span> <span class='ocrx_word' id='word_1_395' title='bbox 760 2622 1497 2699; x_wconf 81' lang='lat' dir='ltr'>appellatus&#39;Achimelech</span> <span class='ocrx_word' id='word_1_396' title='bbox 1517 2624 1605 2679; x_wconf 89' lang='lat' dir='ltr'>vel</span> <span class='ocrx_word' id='word_1_397' title='bbox 1627 2622 1991 2695; x_wconf 77' lang='lat' dir='ltr'>Abimelech,</span> <span class='ocrx_word' id='word_1_398' title='bbox 2012 2643 2219 2698; x_wconf 87' lang='lat' dir='ltr'>quem-</span> 
     </span>
    </p>
   </div>
   <div class='ocr_carea' id='block_1_58' title="bbox 564 2713 2221 2783">
    <p class='ocr_par' dir='ltr' id='par_1_58' title="bbox 564 2713 2221 2783">
     <span class='ocr_line' id='line_1_60' title="bbox 564 2713 2221 2783; baseline -0.001 -11"><span class='ocrx_word' id='word_1_399' title='bbox 564 2715 897 2773; x_wconf 88' lang='lat' dir='ltr'>admodum</span> <span class='ocrx_word' id='word_1_400' title='bbox 930 2720 987 2770; x_wconf 92' lang='lat' dir='ltr'>et</span> <span class='ocrx_word' id='word_1_401' title='bbox 1007 2713 1099 2769; x_wconf 84' lang='lat' dir='ltr'>alii</span> <span class='ocrx_word' id='word_1_402' title='bbox 1124 2713 1373 2769; x_wconf 72' lang='lat' dir='ltr'>Hebraei.</span> <span class='ocrx_word' id='word_1_403' title='bbox 1400 2715 1748 2783; x_wconf 88' lang='lat' dir='ltr'>Cognomen</span> <span class='ocrx_word' id='word_1_404' title='bbox 1770 2730 1911 2770; x_wconf 88' lang='lat' dir='ltr'>vero</span> <span class='ocrx_word' id='word_1_405' title='bbox 1938 2714 2221 2772; x_wconf 84' lang='lat' dir='ltr'>Abiathar</span> 
     </span>
    </p>
   </div>
   <div class='ocr_carea' id='block_1_59' title="bbox 563 2802 2221 2876">
    <p class='ocr_par' dir='ltr' id='par_1_59' title="bbox 563 2802 2221 2876">
     <span class='ocr_line' id='line_1_61' title="bbox 563 2802 2221 2876; baseline -0.002 -13"><span class='ocrx_word' id='word_1_406' title='bbox 563 2805 778 2863; x_wconf 87' lang='lat' dir='ltr'>habuit</span> <span class='ocrx_word' id='word_1_407' title='bbox 808 2820 842 2857; x_wconf 88' lang='lat' dir='ltr'>a</span> <span class='ocrx_word' id='word_1_408' title='bbox 863 2802 1342 2875; x_wconf 84' lang='lat' dir='ltr'>progenitoribus</span> <span class='ocrx_word' id='word_1_409' title='bbox 1359 2802 1699 2857; x_wconf 87' lang='lat' dir='ltr'>deductum.</span> <span class='ocrx_word' id='word_1_410' title='bbox 1723 2803 1864 2859; x_wconf 92' lang='lat' dir='ltr'>Ideo</span> <span class='ocrx_word' id='word_1_411' title='bbox 1889 2803 2045 2859; x_wconf 89' lang='lat' dir='ltr'>ﬁlius</span> <span class='ocrx_word' id='word_1_412' title='bbox 2073 2820 2221 2876; x_wconf 87' lang='lat' dir='ltr'>quo-</span> 
     </span>
    </p>
   </div>
   <div class='ocr_carea' id='block_1_60' title="bbox 564 2879 1861 2968">
    <p class='ocr_par' dir='ltr' id='par_1_60' title="bbox 564 2879 1861 2968">
     <span class='ocr_line' id='line_1_62' title="bbox 564 2879 1861 2968; baseline -0.002 -19"><span class='ocrx_word' id='word_1_413' title='bbox 564 2879 677 2968; x_wconf 57' lang='lat' dir='ltr'>due</span> <span class='ocrx_word' id='word_1_414' title='bbox 708 2893 839 2963; x_wconf 89' lang='lat' dir='ltr'>ejus</span> <span class='ocrx_word' id='word_1_415' title='bbox 868 2891 1138 2947; x_wconf 90' lang='lat' dir='ltr'>similiter</span> <span class='ocrx_word' id='word_1_416' title='bbox 1161 2890 1449 2946; x_wconf 78' lang='lat' dir='ltr'>Abiathar</span> <span class='ocrx_word' id='word_1_417' title='bbox 1474 2895 1722 2946; x_wconf 90' lang='lat' dir='ltr'>vocatus</span> <span class='ocrx_word' id='word_1_418' title='bbox 1754 2897 1861 2947; x_wconf 89' lang='lat' dir='ltr'>est.</span> 
     </span>
    </p>
   </div>
   <div class='ocr_carea' id='block_1_61' title="bbox 635 2978 2217 3054">
    <p class='ocr_par' dir='ltr' id='par_1_61' title="bbox 635 2978 2217 3054">
     <span class='ocr_line' id='line_1_63' title="bbox 635 2978 2217 3054; baseline -0.001 -17"><span class='ocrx_word' id='word_1_419' title='bbox 635 2984 678 3054; x_wconf 59' lang='grc' dir='ltr'>-ί-</span> <span class='ocrx_word' id='word_1_420' title='bbox 715 2980 1000 3037; x_wconf 83' lang='lat' dir='ltr'>Abiathar</span> <span class='ocrx_word' id='word_1_421' title='bbox 1046 2980 1155 3035; x_wconf 90' lang='lat' dir='ltr'>iste</span> <span class='ocrx_word' id='word_1_422' title='bbox 1195 2978 1475 3051; x_wconf 87' lang='lat' dir='ltr'>princeps</span> <span class='ocrx_word' id='word_1_423' title='bbox 1516 2980 1895 3037; x_wconf 85' lang='lat' dir='ltr'>sacerdotum</span> <span class='ocrx_word' id='word_1_424' title='bbox 1934 2980 2150 3038; x_wconf 85' lang='lat' dir='ltr'>dicitur</span> <span class='ocrx_word' id='word_1_425' title='bbox 2204 3005 2217 3036; x_wconf 89' lang='lat'><strong>:</strong></span> 
     </span>
    </p>
   </div>
   <div class='ocr_carea' id='block_1_62' title="bbox 565 3058 2221 3142">
    <p class='ocr_par' dir='ltr' id='par_1_62' title="bbox 565 3058 2221 3142">
     <span class='ocr_line' id='line_1_64' title="bbox 565 3058 2221 3142; baseline 0.001 -14"><span class='ocrx_word' id='word_1_426' title='bbox 565 3059 798 3142; x_wconf 66' lang='lat' dir='ltr'>Regum’</span> <span class='ocrx_word' id='word_1_427' title='bbox 859 3074 1060 3125; x_wconf 90' lang='lat' dir='ltr'>autem</span> <span class='ocrx_word' id='word_1_428' title='bbox 1119 3068 1366 3124; x_wconf 87' lang='lat' dir='ltr'>historia</span> <span class='ocrx_word' id='word_1_429' title='bbox 1414 3058 1796 3125; x_wconf 17' lang='lat' dir='ltr'>’Achimelech</span> <span class='ocrx_word' id='word_1_430' title='bbox 1853 3070 2221 3128; x_wconf 89' lang='lat' dir='ltr'>sacerdotem</span> 
     </span>
    </p>
   </div>
   <div class='ocr_carea' id='block_1_63' title="bbox 567 3130 2305 3237">
    <p class='ocr_par' dir='ltr' id='par_1_63' title="bbox 567 3130 2305 3237">
     <span class='ocr_line' id='line_1_65' title="bbox 567 3130 2305 3237; baseline -0.002 -19"><span class='ocrx_word' id='word_1_431' title='bbox 567 3130 749 3218; x_wconf 65' lang='lat' dir='ltr'>fuisse</span> <span class='ocrx_word' id='word_1_432' title='bbox 796 3158 974 3217; x_wconf 83' lang='lat' dir='ltr'>tradit</span> <span class='ocrx_word' id='word_1_433' title='bbox 1012 3158 1078 3210; x_wconf 65' lang='grc' dir='ltr'>ιι.</span> <span class='ocrx_word' id='word_1_434' title='bbox 1122 3152 1449 3213; x_wconf 90' lang='lat' dir='ltr'>Verisimile</span> <span class='ocrx_word' id='word_1_435' title='bbox 1500 3164 1768 3237; x_wconf 87' lang='lat' dir='ltr'>ergoest</span> <span class='ocrx_word' id='word_1_436' title='bbox 1804 3158 2090 3215; x_wconf 85' lang='lat' dir='ltr'>Abiathar</span> <span class='ocrx_word' id='word_1_437' title='bbox 2136 3176 2223 3216; x_wconf 87' lang='lat' dir='ltr'>re-</span> <span class='ocrx_word' id='word_1_438' title='bbox 2261 3130 2305 3199; x_wconf 61' lang='grc' dir='ltr'>θ</span> 
     </span>
    </p>
   </div>
   <div class='ocr_carea' id='block_1_64' title="bbox 566 3236 2220 3324">
    <p class='ocr_par' dir='ltr' id='par_1_64' title="bbox 566 3236 2220 3324">
     <span class='ocr_line' id='line_1_66' title="bbox 566 3236 2220 3324; baseline -0.001 -19"><span class='ocrx_word' id='word_1_439' title='bbox 566 3249 878 3324; x_wconf 78' lang='lat' dir='ltr'>quievisse,</span> <span class='ocrx_word' id='word_1_440' title='bbox 915 3263 1051 3303; x_wconf 91' lang='lat' dir='ltr'>cum</span> <span class='ocrx_word' id='word_1_441' title='bbox 1078 3241 1263 3303; x_wconf 87' lang='lat' dir='ltr'>David</span> <span class='ocrx_word' id='word_1_442' title='bbox 1290 3246 1350 3301; x_wconf 91' lang='lat' dir='ltr'>in</span> <span class='ocrx_word' id='word_1_443' title='bbox 1373 3236 1623 3302; x_wconf 88' lang='lat' dir='ltr'>domum</span> <span class='ocrx_word' id='word_1_444' title='bbox 1648 3236 1748 3302; x_wconf 91' lang='lat' dir='ltr'>Dei</span> <span class='ocrx_word' id='word_1_445' title='bbox 1780 3244 2083 3317; x_wconf 77' lang='lat' dir='ltr'>ingressus</span> <span class='ocrx_word' id='word_1_446' title='bbox 2111 3254 2220 3320; x_wconf 89' lang='lat' dir='ltr'>est,</span> 
     </span>
    </p>
   </div>
   <div class='ocr_carea' id='block_1_65' title="bbox 568 3326 2223 3410">
    <p class='ocr_par' dir='ltr' id='par_1_65' title="bbox 568 3326 2223 3410">
     <span class='ocr_line' id='line_1_67' title="bbox 568 3326 2223 3410; baseline 0 -15"><span class='ocrx_word' id='word_1_447' title='bbox 568 3326 661 3395; x_wconf 70' lang='lat' dir='ltr'>vel</span> <span class='ocrx_word' id='word_1_448' title='bbox 693 3341 934 3410; x_wconf 78' lang='lat' dir='ltr'>propter</span> <span class='ocrx_word' id='word_1_449' title='bbox 964 3335 1189 3390; x_wconf 90' lang='lat' dir='ltr'>summi</span> <span class='ocrx_word' id='word_1_450' title='bbox 1232 3335 1537 3391; x_wconf 87' lang='lat' dir='ltr'>sacerdotii</span> <span class='ocrx_word' id='word_1_451' title='bbox 1563 3338 1987 3408; x_wconf 64' lang='lat' dir='ltr'>praestantiam,</span> <span class='ocrx_word' id='word_1_452' title='bbox 2021 3338 2112 3394; x_wconf 88' lang='lat' dir='ltr'>vel</span> <span class='ocrx_word' id='word_1_453' title='bbox 2144 3338 2223 3395; x_wconf 93' lang='lat' dir='ltr'>ob</span> 
     </span>
    </p>
   </div>
   <div class='ocr_carea' id='block_1_66' title="bbox 568 3426 2224 3497">
    <p class='ocr_par' dir='ltr' id='par_1_66' title="bbox 568 3426 2224 3497">
     <span class='ocr_line' id='line_1_68' title="bbox 568 3426 2224 3497; baseline 0.001 -13"><span class='ocrx_word' id='word_1_454' title='bbox 568 3426 1041 3484; x_wconf 88' lang='lat' dir='ltr'>imbecillitatem</span> <span class='ocrx_word' id='word_1_455' title='bbox 1055 3440 1177 3497; x_wconf 62' lang='lat' dir='ltr'>prae</span> <span class='ocrx_word' id='word_1_456' title='bbox 1200 3428 1518 3480; x_wconf 91' lang='lat' dir='ltr'>senectute.</span> <span class='ocrx_word' id='word_1_457' title='bbox 1535 3426 1914 3483; x_wconf 85' lang='lat' dir='ltr'>Achimelech</span> <span class='ocrx_word' id='word_1_458' title='bbox 1928 3443 2065 3483; x_wconf 89' lang='lat' dir='ltr'>vero</span> <span class='ocrx_word' id='word_1_459' title='bbox 2082 3432 2224 3485; x_wconf 89' lang='lat' dir='ltr'>tunc</span> 
     </span>
    </p>
   </div>
   <div class='ocr_carea' id='block_1_67' title="bbox 571 3515 2225 3588">
    <p class='ocr_par' dir='ltr' id='par_1_67' title="bbox 571 3515 2225 3588">
     <span class='ocr_line' id='line_1_69' title="bbox 571 3515 2225 3588; baseline -0.001 -14"><span class='ocrx_word' id='word_1_460' title='bbox 571 3532 642 3575; x_wconf 89' lang='lat' dir='ltr'>ea</span> <span class='ocrx_word' id='word_1_461' title='bbox 679 3532 813 3588; x_wconf 72' lang='lat' dir='ltr'>quae</span> <span class='ocrx_word' id='word_1_462' title='bbox 849 3515 1035 3570; x_wconf 90' lang='lat' dir='ltr'>divini</span> <span class='ocrx_word' id='word_1_463' title='bbox 1074 3516 1268 3570; x_wconf 78' lang='lat' dir='ltr'>Cultus</span> <span class='ocrx_word' id='word_1_464' title='bbox 1299 3518 1468 3571; x_wconf 85' lang='lat' dir='ltr'>erant</span> <span class='ocrx_word' id='word_1_465' title='bbox 1506 3515 1880 3571; x_wconf 81' lang='lat' dir='ltr'>exercuisse:</span> <span class='ocrx_word' id='word_1_466' title='bbox 1924 3520 2023 3571; x_wconf 85' lang='lat' dir='ltr'>aut</span> <span class='ocrx_word' id='word_1_467' title='bbox 2060 3516 2225 3588; x_wconf 89' lang='lat' dir='ltr'>quod</span> 
     </span>
    </p>
   </div>
   <div class='ocr_carea' id='block_1_68' title="bbox 573 3604 2226 3678">
    <p class='ocr_par' dir='ltr' id='par_1_68' title="bbox 573 3604 2226 3678">
     <span class='ocr_line' id='line_1_70' title="bbox 573 3604 2226 3678; baseline 0.002 -15"><span class='ocrx_word' id='word_1_468' title='bbox 573 3606 704 3663; x_wconf 89' lang='lat' dir='ltr'>aliis</span> <span class='ocrx_word' id='word_1_469' title='bbox 734 3604 1145 3662; x_wconf 85' lang='lat' dir='ltr'>sacerdotibus</span> <span class='ocrx_word' id='word_1_470' title='bbox 1172 3604 1543 3675; x_wconf 82' lang='lat' dir='ltr'>praestantior</span> <span class='ocrx_word' id='word_1_471' title='bbox 1586 3609 1758 3672; x_wconf 91' lang='lat' dir='ltr'>esset,</span> <span class='ocrx_word' id='word_1_472' title='bbox 1792 3610 1895 3662; x_wconf 92' lang='lat' dir='ltr'>aut</span> <span class='ocrx_word' id='word_1_473' title='bbox 1922 3606 2086 3678; x_wconf 90' lang='lat' dir='ltr'>quod</span> <span class='ocrx_word' id='word_1_474' title='bbox 2113 3623 2226 3666; x_wconf 81' lang='lat' dir='ltr'>sua</span> 
     </span>
    </p>
   </div>
   <div class='ocr_carea' id='block_1_69' title="bbox 574 3693 1919 3753">
    <p class='ocr_par' dir='ltr' id='par_1_69' title="bbox 574 3693 1919 3753">
     <span class='ocr_line' id='line_1_71' title="bbox 574 3693 1919 3753; baseline -0.001 0"><span class='ocrx_word' id='word_1_475' title='bbox 574 3700 730 3753; x_wconf 90' lang='lat' dir='ltr'>sorte</span> <span class='ocrx_word' id='word_1_476' title='bbox 760 3695 871 3751; x_wconf 92' lang='lat' dir='ltr'>iliis</span> <span class='ocrx_word' id='word_1_477' title='bbox 900 3693 1115 3751; x_wconf 89' lang='lat' dir='ltr'>diebus</span> <span class='ocrx_word' id='word_1_478' title='bbox 1147 3710 1355 3751; x_wconf 89' lang='lat' dir='ltr'>curam</span> <span class='ocrx_word' id='word_1_479' title='bbox 1383 3693 1651 3752; x_wconf 89' lang='lat' dir='ltr'>haberet.</span> <span class='ocrx_word' id='word_1_480' title='bbox 1904 3726 1919 3751; x_wconf 69' lang='grc' dir='ltr'>ι</span> 
     </span>
    </p>
   </div>
   <div class='ocr_carea' id='block_1_70' title="bbox 641 3783 2225 3856">
    <p class='ocr_par' dir='ltr' id='par_1_70' title="bbox 641 3783 2225 3856">
     <span class='ocr_line' id='line_1_72' title="bbox 641 3783 2225 3856; baseline 0.001 -14"><span class='ocrx_word' id='word_1_481' title='bbox 641 3786 804 3842; x_wconf 87' lang='lat' dir='ltr'>Vers.</span> <span class='ocrx_word' id='word_1_482' title='bbox 846 3789 933 3840; x_wconf 87' lang='grc'>27.</span> <span class='ocrx_word' id='word_1_483' title='bbox 976 3783 1263 3856; x_wconf 75' lang='lat' dir='ltr'>Dixitque</span> <span class='ocrx_word' id='word_1_484' title='bbox 1294 3815 1358 3824; x_wconf 94' lang='lat'><em>—</em></span> <span class='ocrx_word' id='word_1_485' title='bbox 1398 3783 1558 3839; x_wconf 84' lang='lat' dir='ltr'>Vers.</span> <span class='ocrx_word' id='word_1_486' title='bbox 1592 3788 1679 3840; x_wconf 86' lang='lat'>28.</span> <span class='ocrx_word' id='word_1_487' title='bbox 1720 3784 1988 3842; x_wconf 78' lang='lat' dir='ltr'>Sabbatz&#39;.</span> <span class='ocrx_word' id='word_1_488' title='bbox 2036 3785 2225 3844; x_wconf 88' lang='lat' dir='ltr'>Etiam</span> 
     </span>
    </p>
   </div>
   <div class='ocr_carea' id='block_1_71' title="bbox 573 3871 1726 3946">
    <p class='ocr_par' dir='ltr' id='par_1_71' title="bbox 573 3871 1726 3946">
     <span class='ocr_line' id='line_1_73' title="bbox 573 3871 1726 3946; baseline -0.004 -11"><span class='ocrx_word' id='word_1_489' title='bbox 573 3876 705 3935; x_wconf 76' lang='lat' dir='ltr'>haec</span> <span class='ocrx_word' id='word_1_490' title='bbox 734 3875 796 3932; x_wconf 92' lang='lat' dir='ltr'>in</span> <span class='ocrx_word' id='word_1_491' title='bbox 821 3871 980 3932; x_wconf 89' lang='lat' dir='ltr'>dicto</span> <span class='ocrx_word' id='word_1_492' title='bbox 1020 3874 1207 3946; x_wconf 89' lang='lat' dir='ltr'>capite</span> <span class='ocrx_word' id='word_1_493' title='bbox 1236 3872 1539 3931; x_wconf 88' lang='lat' dir='ltr'>declarata</span> <span class='ocrx_word' id='word_1_494' title='bbox 1570 3876 1726 3931; x_wconf 92' lang='lat' dir='ltr'>sunt.</span> 
     </span>
    </p>
   </div>
   <div class='ocr_carea' id='block_1_72' title="bbox 2337 3327 3938 3415">
    <p class='ocr_par' dir='ltr' id='par_1_72' title="bbox 2337 3327 3938 3415">
     <span class='ocr_line' id='line_1_74' title="bbox 2337 3327 3938 3415; baseline 0.009 -37"><span class='ocrx_word' id='word_1_495' title='bbox 2337 3328 2416 3379; x_wconf 88' lang='grc' dir='ltr'>θεν</span> <span class='ocrx_word' id='word_1_496' title='bbox 2443 3327 2511 3388; x_wconf 81' lang='grc' dir='ltr'>εἰς</span> <span class='ocrx_word' id='word_1_497' title='bbox 2539 3332 2626 3380; x_wconf 88' lang='grc' dir='ltr'>τὸν</span> <span class='ocrx_word' id='word_1_498' title='bbox 2674 3327 2811 3383; x_wconf 84' lang='grc' dir='ltr'>οἶκον</span> <span class='ocrx_word' id='word_1_499' title='bbox 2867 3340 2957 3384; x_wconf 81' lang='grc' dir='ltr'>τοῦ</span> <span class='ocrx_word' id='word_1_500' title='bbox 2997 3339 3143 3400; x_wconf 83' lang='grc' dir='ltr'>Θεοῦ,</span> <span class='ocrx_word' id='word_1_501' title='bbox 3204 3340 3233 3394; x_wconf 84' lang='grc' dir='ltr'>ἤ</span> <span class='ocrx_word' id='word_1_502' title='bbox 3268 3338 3332 3397; x_wconf 83' lang='grc' dir='ltr'>ὡς</span> <span class='ocrx_word' id='word_1_503' title='bbox 3366 3339 3688 3412; x_wconf 76' lang='grc' dir='ltr'>ὑπερέχοντα</span> <span class='ocrx_word' id='word_1_504' title='bbox 3715 3350 3777 3413; x_wconf 75' lang='grc' dir='ltr'>τῇ</span> <span class='ocrx_word' id='word_1_505' title='bbox 3841 3342 3938 3415; x_wconf 83' lang='grc' dir='ltr'>ἁρ-</span> 
     </span>
    </p>
   </div>
   <div class='ocr_carea' id='block_1_73' title="bbox 2333 3420 3937 3503">
    <p class='ocr_par' dir='ltr' id='par_1_73' title="bbox 2333 3420 3937 3503">
     <span class='ocr_line' id='line_1_75' title="bbox 2333 3420 3937 3503; baseline 0.011 -36"><span class='ocrx_word' id='word_1_506' title='bbox 2333 3420 2655 3492; x_wconf 77' lang='grc' dir='ltr'>χιερωσύνη,</span> <span class='ocrx_word' id='word_1_507' title='bbox 2690 3424 2720 3478; x_wconf 81' lang='grc' dir='ltr'><strong>ἣ</strong></span> <span class='ocrx_word' id='word_1_508' title='bbox 2753 3423 2821 3483; x_wconf 87' lang='grc' dir='ltr'>ὡς</span> <span class='ocrx_word' id='word_1_509' title='bbox 2861 3420 3047 3483; x_wconf 81' lang='grc' dir='ltr'>ἀσθενῆ</span> <span class='ocrx_word' id='word_1_510' title='bbox 3083 3420 3178 3477; x_wconf 82' lang='grc' dir='ltr'>διὰ</span> <span class='ocrx_word' id='word_1_511' title='bbox 3218 3429 3275 3477; x_wconf 88' lang='grc' dir='ltr'>τό</span> <span class='ocrx_word' id='word_1_512' title='bbox 3328 3436 3530 3499; x_wconf 81' lang='grc' dir='ltr'>γῆρας·</span> <span class='ocrx_word' id='word_1_513' title='bbox 3578 3433 3665 3481; x_wconf 88' lang='grc' dir='ltr'>τὸν</span> <span class='ocrx_word' id='word_1_514' title='bbox 3710 3432 3937 3503; x_wconf 83' lang='grc' dir='ltr'>Ἀχιμέ-</span> 
     </span>
    </p>
   </div>
   <div class='ocr_carea' id='block_1_74' title="bbox 2333 3503 3938 3592">
    <p class='ocr_par' dir='ltr' id='par_1_74' title="bbox 2333 3503 3938 3592">
     <span class='ocr_line' id='line_1_76' title="bbox 2333 3503 3938 3592; baseline 0.011 -36"><span class='ocrx_word' id='word_1_515' title='bbox 2333 3505 2430 3577; x_wconf 88' lang='grc' dir='ltr'>λεχ</span> <span class='ocrx_word' id='word_1_516' title='bbox 2476 3503 2534 3558; x_wconf 79' lang='grc' dir='ltr'>δε</span> <span class='ocrx_word' id='word_1_517' title='bbox 2572 3510 2638 3560; x_wconf 84' lang='grc' dir='ltr'>τὰ</span> <span class='ocrx_word' id='word_1_518' title='bbox 2674 3517 2764 3572; x_wconf 85' lang='grc' dir='ltr'>τῆς</span> <span class='ocrx_word' id='word_1_519' title='bbox 2816 3510 3049 3585; x_wconf 83' lang='grc' dir='ltr'>λατρείας</span> <span class='ocrx_word' id='word_1_520' title='bbox 3102 3522 3390 3571; x_wconf 79' lang='grc' dir='ltr'>τηνικαῦτα</span> <span class='ocrx_word' id='word_1_521' title='bbox 3443 3520 3938 3592; x_wconf 77' lang='grc' dir='ltr'>μεταχειρίζεσθαι,</span> 
     </span>
    </p>
   </div>
   <div class='ocr_carea' id='block_1_75' title="bbox 2334 3592 3942 3680">
    <p class='ocr_par' dir='ltr' id='par_1_75' title="bbox 2334 3592 3942 3680">
     <span class='ocr_line' id='line_1_77' title="bbox 2334 3592 3942 3680; baseline 0.01 -35"><span class='ocrx_word' id='word_1_522' title='bbox 2334 3597 2364 3653; x_wconf 81' lang='grc' dir='ltr'>ἦ</span> <span class='ocrx_word' id='word_1_523' title='bbox 2427 3596 2498 3657; x_wconf 83' lang='grc' dir='ltr'>ὡς</span> <span class='ocrx_word' id='word_1_524' title='bbox 2528 3592 2840 3671; x_wconf 74' lang='grc' dir='ltr'>διαφέροντα</span> <span class='ocrx_word' id='word_1_525' title='bbox 2890 3610 2988 3651; x_wconf 83' lang='grc' dir='ltr'>τῶν</span> <span class='ocrx_word' id='word_1_526' title='bbox 3037 3601 3199 3655; x_wconf 58' lang='lat' dir='ltr'>emant</span> <span class='ocrx_word' id='word_1_527' title='bbox 3255 3606 3443 3677; x_wconf 76' lang='grc' dir='ltr'>ἱερέων,</span> <span class='ocrx_word' id='word_1_528' title='bbox 3491 3610 3521 3665; x_wconf 78' lang='grc' dir='ltr'><strong><em>ἦ</em></strong></span> <span class='ocrx_word' id='word_1_529' title='bbox 3578 3610 3647 3670; x_wconf 85' lang='grc' dir='ltr'>ὡς</span> <span class='ocrx_word' id='word_1_530' title='bbox 3702 3607 3942 3680; x_wconf 83' lang='grc' dir='ltr'>λαχόντα</span> 
     </span>
    </p>
   </div>
   <div class='ocr_carea' id='block_1_76' title="bbox 2336 3681 3421 3765">
    <p class='ocr_par' dir='ltr' id='par_1_76' title="bbox 2336 3681 3421 3765">
     <span class='ocr_line' id='line_1_78' title="bbox 2336 3681 3421 3765; baseline 0.011 -32"><span class='ocrx_word' id='word_1_531' title='bbox 2336 3681 2663 3757; x_wconf 78' lang='grc' dir='ltr'>ἔφημερεύειν</span> <span class='ocrx_word' id='word_1_532' title='bbox 2694 3684 2741 3737; x_wconf 86' lang='grc' dir='ltr'>ἐν</span> <span class='ocrx_word' id='word_1_533' title='bbox 2763 3687 2977 3749; x_wconf 84' lang='grc' dir='ltr'>ἐκείναις</span> <span class='ocrx_word' id='word_1_534' title='bbox 3005 3697 3122 3751; x_wconf 87' lang='grc' dir='ltr'>ταῖς</span> <span class='ocrx_word' id='word_1_535' title='bbox 3150 3690 3421 3765; x_wconf 57' lang='grc' dir='ltr'>ἡμέραις]</span> 
     </span>
    </p>
   </div>
   <div class='ocr_carea' id='block_1_77' title="bbox 2411 3771 3943 3857">
    <p class='ocr_par' dir='ltr' id='par_1_77' title="bbox 2411 3771 3943 3857">
     <span class='ocr_line' id='line_1_79' title="bbox 2411 3771 3943 3857; baseline 0.008 -32"><span class='ocrx_word' id='word_1_536' title='bbox 2411 3777 2511 3825; x_wconf 87' lang='lat' dir='ltr'>Kal</span> <span class='ocrx_word' id='word_1_537' title='bbox 2540 3771 2675 3844; x_wconf 87' lang='grc' dir='ltr'>λέγει</span> <span class='ocrx_word' id='word_1_538' title='bbox 2720 3805 2786 3815; x_wconf 93' lang='grc'><strong><em>-</em></strong></span> <span class='ocrx_word' id='word_1_539' title='bbox 2838 3776 3124 3831; x_wconf 82' lang='grc' dir='ltr'>Σαϐϐάτου.</span> <span class='ocrx_word' id='word_1_540' title='bbox 3188 3785 3287 3832; x_wconf 84' lang='lat' dir='ltr'>Kal</span> <span class='ocrx_word' id='word_1_541' title='bbox 3325 3788 3493 3833; x_wconf 79' lang='grc' dir='ltr'>ταῦτα</span> <span class='ocrx_word' id='word_1_542' title='bbox 3536 3780 3585 3834; x_wconf 77' lang='grc' dir='ltr'>ἐν</span> <span class='ocrx_word' id='word_1_543' title='bbox 3627 3790 3699 3853; x_wconf 83' lang='grc' dir='ltr'>τῷ</span> <span class='ocrx_word' id='word_1_544' title='bbox 3728 3783 3943 3857; x_wconf 78' lang='grc' dir='ltr'>ῥηθέντι</span> 
     </span>
    </p>
   </div>
   <div class='ocr_carea' id='block_1_78' title="bbox 2337 3861 3330 3940">
    <p class='ocr_par' dir='ltr' id='par_1_78' title="bbox 2337 3861 3330 3940">
     <span class='ocr_line' id='line_1_80' title="bbox 2337 3861 3330 3940; baseline 0.008 -27"><span class='ocrx_word' id='word_1_545' title='bbox 2337 3861 2596 3934; x_wconf 75' lang='grc' dir='ltr'>κεφαλαίῳ</span> <span class='ocrx_word' id='word_1_546' title='bbox 2624 3870 2977 3935; x_wconf 83' lang='grc' dir='ltr'>τετυχήκασιν</span> <span class='ocrx_word' id='word_1_547' title='bbox 3016 3866 3173 3940; x_wconf 83' lang='grc' dir='ltr'>ἐξηγὴ</span> <span class='ocrx_word' id='word_1_548' title='bbox 3184 3887 3330 3931; x_wconf 87' lang='grc' dir='ltr'>σεως.</span> 
     </span>
    </p>
   </div>
   <div class='ocr_carea' id='block_1_79' title="bbox 676 3998 2133 4070">
    <p class='ocr_par' dir='ltr' id='par_1_79' title="bbox 676 3998 2133 4070">
     <span class='ocr_line' id='line_1_81' title="bbox 676 3998 2133 4070; baseline 0.001 -12"><span class='ocrx_word' id='word_1_549' title='bbox 676 4000 826 4069; x_wconf 65' lang='lat' dir='ltr'>CAP.</span> <span class='ocrx_word' id='word_1_550' title='bbox 857 4000 975 4056; x_wconf 85' lang='lat' dir='ltr'>VII.</span> <span class='ocrx_word' id='word_1_551' title='bbox 1007 4001 1093 4055; x_wconf 90' lang='lat' dir='ltr'>De</span> <span class='ocrx_word' id='word_1_552' title='bbox 1118 4015 1181 4054; x_wconf 90' lang='lat' dir='ltr'>eo</span> <span class='ocrx_word' id='word_1_553' title='bbox 1210 4001 1315 4070; x_wconf 81' lang='lat' dir='ltr'>qui</span> <span class='ocrx_word' id='word_1_554' title='bbox 1344 3998 1594 4055; x_wconf 81' lang='lat' dir='ltr'>habebat</span> <span class='ocrx_word' id='word_1_555' title='bbox 1621 4015 1866 4057; x_wconf 85' lang='lat' dir='ltr'>manum</span> <span class='ocrx_word' id='word_1_556' title='bbox 1896 4002 2133 4059; x_wconf 79' lang='lat' dir='ltr'>aridam</span> 
     </span>
    </p>
   </div>
   <div class='ocr_carea' id='block_1_80' title="bbox 651 4104 2231 4165">
    <p class='ocr_par' dir='ltr' id='par_1_80' title="bbox 651 4104 2231 4165">
     <span class='ocr_line' id='line_1_82' title="bbox 651 4104 2231 4165; baseline -0.004 -2"><span class='ocrx_word' id='word_1_557' title='bbox 651 4108 803 4163; x_wconf 87' lang='lat' dir='ltr'>CAP.</span> <span class='ocrx_word' id='word_1_558' title='bbox 868 4107 964 4161; x_wconf 83' lang='grc' dir='ltr'>ΙΙΙ.</span> <span class='ocrx_word' id='word_1_559' title='bbox 1025 4105 1186 4159; x_wconf 82' lang='lat' dir='ltr'>Vers.</span> <span class='ocrx_word' id='word_1_560' title='bbox 1256 4104 1304 4157; x_wconf 90' lang='grc'>1.</span> <span class='ocrx_word' id='word_1_561' title='bbox 1352 4104 1530 4159; x_wconf 78' lang='lat' dir='ltr'>Et—</span> <span class='ocrx_word' id='word_1_562' title='bbox 1592 4107 1754 4161; x_wconf 86' lang='lat' dir='ltr'>Vers.</span> <span class='ocrx_word' id='word_1_563' title='bbox 1796 4107 1850 4160; x_wconf 81' lang='grc'>2.</span> <span class='ocrx_word' id='word_1_564' title='bbox 1913 4124 2064 4165; x_wconf 91' lang='lat' dir='ltr'>eum.</span> <span class='ocrx_word' id='word_1_565' title='bbox 2134 4110 2231 4164; x_wconf 85' lang='lat' dir='ltr'>Di-</span> 
     </span>
    </p>
   </div>
   <div class='ocr_carea' id='block_1_81' title="bbox 579 4191 2232 4264">
    <p class='ocr_par' dir='ltr' id='par_1_81' title="bbox 579 4191 2232 4264">
     <span class='ocr_line' id='line_1_83' title="bbox 579 4191 2232 4264; baseline 0.001 -11"><span class='ocrx_word' id='word_1_566' title='bbox 579 4201 745 4253; x_wconf 92' lang='lat' dir='ltr'>ctum</span> <span class='ocrx_word' id='word_1_567' title='bbox 784 4197 872 4251; x_wconf 90' lang='lat' dir='ltr'>est</span> <span class='ocrx_word' id='word_1_568' title='bbox 896 4193 970 4249; x_wconf 92' lang='lat' dir='ltr'>de</span> <span class='ocrx_word' id='word_1_569' title='bbox 999 4192 1112 4249; x_wconf 93' lang='lat' dir='ltr'>hoc</span> <span class='ocrx_word' id='word_1_570' title='bbox 1138 4191 1426 4247; x_wconf 88' lang='lat' dir='ltr'>vicesimo</span> <span class='ocrx_word' id='word_1_571' title='bbox 1466 4192 1659 4264; x_wconf 91' lang='lat' dir='ltr'>primo</span> <span class='ocrx_word' id='word_1_572' title='bbox 1681 4194 1853 4264; x_wconf 83' lang='lat' dir='ltr'>juxta</span> <span class='ocrx_word' id='word_1_573' title='bbox 1889 4198 2232 4255; x_wconf 72' lang='lat' dir='ltr'>Matthaeum</span> 
     </span>
    </p>
   </div>
   <div class='ocr_carea' id='block_1_82' title="bbox 702 4284 796 4339">
    <p class='ocr_par' dir='ltr' id='par_1_82' title="bbox 702 4284 796 4339">
     <span class='ocr_line' id='line_1_84' title="bbox 702 4284 796 4339; baseline 0 0"><span class='ocrx_word' id='word_1_574' title='bbox 702 4284 796 4339; x_wconf 90' lang='lat' dir='ltr'>ite.</span> 
     </span>
    </p>
   </div>
   <div class='ocr_carea' id='block_1_83' title="bbox 581 4300 2236 4435">
    <p class='ocr_par' dir='ltr' id='par_1_83' title="bbox 581 4300 2236 4435">
     <span class='ocr_line' id='line_1_85' title="bbox 700 4300 796 4340; baseline -0.01 0"><span class='ocrx_word' id='word_1_575' title='bbox 700 4300 796 4340; x_wconf 79' lang='lat' dir='ltr'>ire.</span> 
     </span>
     <span class='ocr_line' id='line_1_86' title="bbox 581 4301 2236 4435; baseline 0.004 -6"><span class='ocrx_word' id='word_1_576' title='bbox 581 4301 814 4429; x_wconf 44' lang='lat' dir='ltr'>“seu.</span> <span class='ocrx_word' id='word_1_577' title='bbox 860 4375 912 4429; x_wconf 85' lang='lat'>3.</span> <span class='ocrx_word' id='word_1_578' title='bbox 959 4371 1035 4427; x_wconf 88' lang='lat' dir='ltr'>Et</span> <span class='ocrx_word' id='word_1_579' title='bbox 1065 4370 1151 4427; x_wconf 82' lang='lat' dir='ltr'>ait</span> <span class='ocrx_word' id='word_1_580' title='bbox 1183 4401 1248 4411; x_wconf 89' lang='lat'><em>—</em></span> <span class='ocrx_word' id='word_1_581' title='bbox 1278 4372 1436 4427; x_wconf 84' lang='lat' dir='ltr'>Vers.</span> <span class='ocrx_word' id='word_1_582' title='bbox 1471 4372 1523 4428; x_wconf 73' lang='grc'>4.</span> <span class='ocrx_word' id='word_1_583' title='bbox 1554 4373 1847 4430; x_wconf 82' lang='lat' dir='ltr'>tacebant.</span> <span class='ocrx_word' id='word_1_584' title='bbox 1887 4376 2111 4432; x_wconf 91' lang='lat' dir='ltr'>Horum</span> <span class='ocrx_word' id='word_1_585' title='bbox 2150 4377 2236 4435; x_wconf 88' lang='lat' dir='ltr'>in-</span> 
     </span>
    </p>
   </div>
   <div class='ocr_carea' id='block_1_84' title="bbox 2414 3970 3698 4053">
    <p class='ocr_par' dir='ltr' id='par_1_84' title="bbox 2414 3970 3698 4053">
     <span class='ocr_line' id='line_1_87' title="bbox 2414 3970 3698 4053; baseline 0.007 -31"><span class='ocrx_word' id='word_1_586' title='bbox 2414 3976 2559 4025; x_wconf 80' lang='grc' dir='ltr'>ΚΕΦ.</span> <span class='ocrx_word' id='word_1_587' title='bbox 2600 3970 2669 4025; x_wconf 92' lang='grc' dir='ltr'>Ζ’.</span> <span class='ocrx_word' id='word_1_588' title='bbox 2706 3977 2829 4043; x_wconf 83' lang='grc' dir='ltr'>Περὶ</span> <span class='ocrx_word' id='word_1_589' title='bbox 2851 3981 2941 4025; x_wconf 80' lang='grc' dir='ltr'>τοῦ</span> <span class='ocrx_word' id='word_1_590' title='bbox 2974 3974 3133 4049; x_wconf 85' lang='grc' dir='ltr'>ξηρὰν</span> <span class='ocrx_word' id='word_1_591' title='bbox 3164 3977 3372 4046; x_wconf 81' lang='grc' dir='ltr'>ἔχοντος</span> <span class='ocrx_word' id='word_1_592' title='bbox 3400 3980 3494 4034; x_wconf 83' lang='grc' dir='ltr'>τὴν</span> <span class='ocrx_word' id='word_1_593' title='bbox 3520 3986 3698 4053; x_wconf 86' lang='grc' dir='ltr'>χεῖρα.</span> 
     </span>
    </p>
   </div>
   <div class='ocr_carea' id='block_1_85' title="bbox 2416 4061 3945 4139">
    <p class='ocr_par' dir='ltr' id='par_1_85' title="bbox 2416 4061 3945 4139">
     <span class='ocr_line' id='line_1_88' title="bbox 2416 4061 3945 4139; baseline 0.008 -28"><span class='ocrx_word' id='word_1_594' title='bbox 2416 4065 2513 4112; x_wconf 81' lang='grc' dir='ltr'>Καὶ</span> <span class='ocrx_word' id='word_1_595' title='bbox 2562 4090 2631 4101; x_wconf 89' lang='grc'><strong><em>-</em></strong></span> <span class='ocrx_word' id='word_1_596' title='bbox 2688 4061 2869 4116; x_wconf 75' lang='grc' dir='ltr'>αὐτοῦ.</span> <span class='ocrx_word' id='word_1_597' title='bbox 2924 4066 3140 4138; x_wconf 77' lang='grc' dir='ltr'>Εἴρηται</span> <span class='ocrx_word' id='word_1_598' title='bbox 3190 4069 3310 4139; x_wconf 84' lang='grc' dir='ltr'>περὶ</span> <span class='ocrx_word' id='word_1_599' title='bbox 3363 4068 3547 4118; x_wconf 78' lang='grc' dir='ltr'>τούτου</span> <span class='ocrx_word' id='word_1_600' title='bbox 3594 4067 3641 4119; x_wconf 75' lang='grc' dir='ltr'>ἐν</span> <span class='ocrx_word' id='word_1_601' title='bbox 3700 4076 3773 4139; x_wconf 81' lang='grc' dir='ltr'>τῷ</span> <span class='ocrx_word' id='word_1_602' title='bbox 3808 4070 3945 4123; x_wconf 74' lang='grc' dir='ltr'>εἰκοο</span> 
     </span>
    </p>
   </div>
   <div class='ocr_carea' id='block_1_86' title="bbox 2345 4151 3551 4224">
    <p class='ocr_par' dir='ltr' id='par_1_86' title="bbox 2345 4151 3551 4224">
     <span class='ocr_line' id='line_1_89' title="bbox 2345 4151 3551 4224; baseline 0.007 -25"><span class='ocrx_word' id='word_1_603' title='bbox 2345 4155 2451 4218; x_wconf 84' lang='grc' dir='ltr'>στῷ</span> <span class='ocrx_word' id='word_1_604' title='bbox 2479 4155 2665 4224; x_wconf 85' lang='grc' dir='ltr'>πρώτῳ</span> <span class='ocrx_word' id='word_1_605' title='bbox 2697 4151 2954 4224; x_wconf 85' lang='grc' dir='ltr'>κεφαλαίῳ</span> <span class='ocrx_word' id='word_1_606' title='bbox 2980 4160 3072 4205; x_wconf 86' lang='grc' dir='ltr'>τοῦ</span> <span class='ocrx_word' id='word_1_607' title='bbox 3102 4156 3236 4206; x_wconf 84' lang='grc' dir='ltr'>κατὰ</span> <span class='ocrx_word' id='word_1_608' title='bbox 3265 4156 3551 4210; x_wconf 88' lang='grc' dir='ltr'>Ματθαῖον.</span> 
     </span>
    </p>
   </div>
   <div class='ocr_carea' id='block_1_87' title="bbox 2420 4373 3946 4450">
    <p class='ocr_par' dir='ltr' id='par_1_87' title="bbox 2420 4373 3946 4450">
     <span class='ocr_line' id='line_1_90' title="bbox 2420 4373 3946 4450; baseline 0.006 -24"><span class='ocrx_word' id='word_1_609' title='bbox 2420 4378 2518 4427; x_wconf 82' lang='grc' dir='ltr'>Καὶ</span> <span class='ocrx_word' id='word_1_610' title='bbox 2604 4373 2739 4446; x_wconf 82' lang='grc' dir='ltr'>λέγει</span> <span class='ocrx_word' id='word_1_611' title='bbox 2836 4407 2893 4416; x_wconf 92' lang='lat'>-—</span> <span class='ocrx_word' id='word_1_612' title='bbox 2984 4373 3238 4430; x_wconf 75' lang='grc' dir='ltr'>ἐσιώπων.</span> <span class='ocrx_word' id='word_1_613' title='bbox 3337 4375 3770 4450; x_wconf 80' lang='grc' dir='ltr'>Ἠρμηνεύθησαν</span> <span class='ocrx_word' id='word_1_614' title='bbox 3855 4386 3946 4435; x_wconf 77' lang='grc' dir='ltr'>καὶ</span> 
     </span>
    </p>
   </div>
   <div class='ocr_carea' id='block_1_88' title="bbox 582 4460 2223 4547">
    <p class='ocr_par' dir='ltr' id='par_1_88' title="bbox 582 4460 2223 4541">
     <span class='ocr_line' id='line_1_91' title="bbox 582 4460 2223 4541; baseline 0.002 -20"><span class='ocrx_word' id='word_1_615' title='bbox 582 4462 920 4535; x_wconf 88' lang='lat' dir='ltr'>terpretatio</span> <span class='ocrx_word' id='word_1_616' title='bbox 941 4460 1083 4517; x_wconf 89' lang='lat' dir='ltr'>data</span> <span class='ocrx_word' id='word_1_617' title='bbox 1103 4465 1190 4516; x_wconf 90' lang='lat' dir='ltr'>est</span> <span class='ocrx_word' id='word_1_618' title='bbox 1203 4460 1483 4532; x_wconf 65' lang='lat' dir='ltr'>praedicto</span> <span class='ocrx_word' id='word_1_619' title='bbox 1506 4462 1711 4533; x_wconf 90' lang='lat' dir='ltr'>capite.</span> <span class='ocrx_word' id='word_1_620' title='bbox 1730 4464 2011 4521; x_wconf 80' lang='lat' dir='ltr'>Animam</span> <span class='ocrx_word' id='word_1_621' title='bbox 2034 4471 2223 4541; x_wconf 84' lang='lat' dir='ltr'>autem</span> 
     </span>
    </p>
   </div>
   <div class='ocr_carea' id='block_1_89' title="bbox 2332 4460 3944 4547">
    <p class='ocr_par' dir='ltr' id='par_1_89' title="bbox 2345 4462 3944 4537">
     <span class='ocr_line' id='line_1_92' title="bbox 2345 4462 3944 4537; baseline 0.005 -22"><span class='ocrx_word' id='word_1_622' title='bbox 2345 4470 2507 4515; x_wconf 85' lang='grc' dir='ltr'>ταῦτα</span> <span class='ocrx_word' id='word_1_623' title='bbox 2547 4462 2598 4516; x_wconf 82' lang='grc' dir='ltr'>ἐν</span> <span class='ocrx_word' id='word_1_624' title='bbox 2628 4472 2700 4534; x_wconf 83' lang='grc' dir='ltr'>τῷ</span> <span class='ocrx_word' id='word_1_625' title='bbox 2743 4466 2961 4536; x_wconf 83' lang='grc' dir='ltr'>τοιούτῳ</span> <span class='ocrx_word' id='word_1_626' title='bbox 3018 4464 3298 4536; x_wconf 74' lang='grc' dir='ltr'>κεφαλαίῳ.</span> <span class='ocrx_word' id='word_1_627' title='bbox 3354 4471 3544 4537; x_wconf 74' lang='grc' dir='ltr'>Ψυχὴν</span> <span class='ocrx_word' id='word_1_628' title='bbox 3577 4464 3635 4520; x_wconf 75' lang='grc' dir='ltr'>δε</span> <span class='ocrx_word' id='word_1_629' title='bbox 3687 4476 3797 4534; x_wconf 85' lang='grc' dir='ltr'>νῦν,</span> <span class='ocrx_word' id='word_1_630' title='bbox 3858 4475 3944 4523; x_wconf 81' lang='grc' dir='ltr'>τὸν</span> 
     </span>
    </p>
   </div>
   <div class='ocr_carea' id='block_1_90' title="bbox 584 4548 2238 4625">
    <p class='ocr_par' dir='ltr' id='par_1_90' title="bbox 584 4548 2238 4625">
     <span class='ocr_line' id='line_1_93' title="bbox 584 4548 2238 4625; baseline 0.002 -17"><span class='ocrx_word' id='word_1_631' title='bbox 584 4550 727 4608; x_wconf 90' lang='lat' dir='ltr'>dicit</span> <span class='ocrx_word' id='word_1_632' title='bbox 754 4564 914 4605; x_wconf 93' lang='lat' dir='ltr'>nunc</span> <span class='ocrx_word' id='word_1_633' title='bbox 944 4548 1273 4618; x_wconf 89' lang='lat' dir='ltr'>hominem,</span> <span class='ocrx_word' id='word_1_634' title='bbox 1305 4564 1341 4604; x_wconf 90' lang='lat' dir='ltr'>a</span> <span class='ocrx_word' id='word_1_635' title='bbox 1362 4552 1527 4622; x_wconf 85' lang='lat' dir='ltr'>parte</span> <span class='ocrx_word' id='word_1_636' title='bbox 1553 4555 1739 4607; x_wconf 91' lang='lat' dir='ltr'>totum</span> <span class='ocrx_word' id='word_1_637' title='bbox 1771 4551 2126 4625; x_wconf 84' lang='lat' dir='ltr'>intelligens.</span> <span class='ocrx_word' id='word_1_638' title='bbox 2154 4559 2238 4611; x_wconf 89' lang='lat' dir='ltr'>ln-</span> 
     </span>
    </p>
   </div>
   <div class='ocr_carea' id='block_1_91' title="bbox 584 4637 2234 4713">
    <p class='ocr_par' dir='ltr' id='par_1_91' title="bbox 584 4637 2234 4713">
     <span class='ocr_line' id='line_1_94' title="bbox 584 4637 2234 4713; baseline 0.002 -15"><span class='ocrx_word' id='word_1_639' title='bbox 584 4646 846 4709; x_wconf 86' lang='lat' dir='ltr'>terrogat</span> <span class='ocrx_word' id='word_1_640' title='bbox 874 4638 1034 4695; x_wconf 91' lang='lat' dir='ltr'>enim</span> <span class='ocrx_word' id='word_1_641' title='bbox 1065 4653 1142 4694; x_wconf 90' lang='lat' dir='ltr'>an</span> <span class='ocrx_word' id='word_1_642' title='bbox 1162 4637 1471 4695; x_wconf 92' lang='lat' dir='ltr'>hominem</span> <span class='ocrx_word' id='word_1_643' title='bbox 1493 4640 1667 4697; x_wconf 89' lang='lat' dir='ltr'>liceat</span> <span class='ocrx_word' id='word_1_644' title='bbox 1693 4656 1729 4698; x_wconf 81' lang='grc' dir='ltr'>ο.</span> <span class='ocrx_word' id='word_1_645' title='bbox 1758 4649 1947 4700; x_wconf 90' lang='lat' dir='ltr'>morte</span> <span class='ocrx_word' id='word_1_646' title='bbox 1979 4660 2234 4713; x_wconf 90' lang='lat' dir='ltr'>servare,</span> 
     </span>
    </p>
   </div>
   <div class='ocr_carea' id='block_1_92' title="bbox 588 4729 989 4788">
    <p class='ocr_par' dir='ltr' id='par_1_92' title="bbox 588 4729 989 4788">
     <span class='ocr_line' id='line_1_95' title="bbox 588 4729 989 4788; baseline -0.012 0"><span class='ocrx_word' id='word_1_647' title='bbox 588 4746 665 4788; x_wconf 86' lang='lat' dir='ltr'>an</span> <span class='ocrx_word' id='word_1_648' title='bbox 705 4729 989 4787; x_wconf 91' lang='lat' dir='ltr'>occidere.</span> 
     </span>
    </p>
   </div>
   <div class='ocr_carea' id='block_1_93' title="bbox 658 4818 2238 4890">
    <p class='ocr_par' dir='ltr' id='par_1_93' title="bbox 658 4818 2238 4890">
     <span class='ocr_line' id='line_1_96' title="bbox 658 4818 2238 4890; baseline 0.004 -15"><span class='ocrx_word' id='word_1_649' title='bbox 658 4818 819 4876; x_wconf 80' lang='lat' dir='ltr'>Vers.</span> <span class='ocrx_word' id='word_1_650' title='bbox 856 4823 905 4874; x_wconf 86' lang='lat'>5.</span> <span class='ocrx_word' id='word_1_651' title='bbox 942 4818 1201 4890; x_wconf 83' lang='lat' dir='ltr'>Cumque</span> <span class='ocrx_word' id='word_1_652' title='bbox 1233 4818 1737 4890; x_wconf 74' lang='lat' dir='ltr'>circumspexisset</span> <span class='ocrx_word' id='word_1_653' title='bbox 1773 4852 1843 4864; x_wconf 92' lang='lat'><strong>—</strong></span> <span class='ocrx_word' id='word_1_654' title='bbox 1873 4822 2077 4880; x_wconf 84' lang='lat' dir='ltr'>altera.</span> <span class='ocrx_word' id='word_1_655' title='bbox 2105 4824 2238 4881; x_wconf 69' lang='lat' dir='ltr'>iam</span> 
     </span>
    </p>
   </div>
   <div class='ocr_carea' id='block_1_94' title="bbox 585 4906 1881 4981">
    <p class='ocr_par' dir='ltr' id='par_1_94' title="bbox 585 4906 1881 4981">
     <span class='ocr_line' id='line_1_97' title="bbox 585 4906 1881 4981; baseline -0.002 -14"><span class='ocrx_word' id='word_1_656' title='bbox 585 4908 717 4967; x_wconf 73' lang='lat' dir='ltr'>haec</span> <span class='ocrx_word' id='word_1_657' title='bbox 743 4907 1013 4965; x_wconf 87' lang='lat' dir='ltr'>similiter</span> <span class='ocrx_word' id='word_1_658' title='bbox 1038 4906 1197 4963; x_wconf 89' lang='lat' dir='ltr'>dicto</span> <span class='ocrx_word' id='word_1_659' title='bbox 1221 4906 1353 4966; x_wconf 93' lang='lat' dir='ltr'>loco</span> <span class='ocrx_word' id='word_1_660' title='bbox 1378 4908 1699 4981; x_wconf 86' lang='lat' dir='ltr'>explanata</span> <span class='ocrx_word' id='word_1_661' title='bbox 1725 4913 1881 4967; x_wconf 91' lang='lat' dir='ltr'>sunt.</span> 
     </span>
    </p>
   </div>
   <div class='ocr_carea' id='block_1_95' title="bbox 590 4997 2240 5067">
    <p class='ocr_par' dir='ltr' id='par_1_95' title="bbox 590 4997 2240 5067">
     <span class='ocr_line' id='line_1_98' title="bbox 590 4997 2240 5067; baseline 0.006 -16"><span class='ocrx_word' id='word_1_662' title='bbox 590 5000 597 5007; x_wconf 84' lang='lat'><strong><em>&#39;</em></strong></span> <span class='ocrx_word' id='word_1_663' title='bbox 663 4998 825 5055; x_wconf 89' lang='lat' dir='ltr'>Vers.</span> <span class='ocrx_word' id='word_1_664' title='bbox 863 4998 918 5053; x_wconf 89' lang='lat'>6.</span> <span class='ocrx_word' id='word_1_665' title='bbox 953 4997 1030 5053; x_wconf 86' lang='lat' dir='ltr'>Et</span> <span class='ocrx_word' id='word_1_666' title='bbox 1070 4997 1287 5067; x_wconf 81' lang='lat' dir='ltr'>egressi</span> <span class='ocrx_word' id='word_1_667' title='bbox 1322 5027 1391 5039; x_wconf 95' lang='lat'><em>—</em></span> <span class='ocrx_word' id='word_1_668' title='bbox 1439 4998 1607 5056; x_wconf 86' lang='lat' dir='ltr'>Vers.</span> <span class='ocrx_word' id='word_1_669' title='bbox 1642 5000 1696 5055; x_wconf 92' lang='lat'>7.</span> <span class='ocrx_word' id='word_1_670' title='bbox 1732 5016 1912 5058; x_wconf 83' lang='lat' dir='ltr'>mare.</span> <span class='ocrx_word' id='word_1_671' title='bbox 1954 5004 2240 5062; x_wconf 82' lang='lat' dir='ltr'>Praeterea</span> 
     </span>
    </p>
   </div>
   <div class='ocr_carea' id='block_1_96' title="bbox 588 5088 943 5169">
    <p class='ocr_par' dir='ltr' id='par_1_96' title="bbox 588 5088 943 5169">
     <span class='ocr_line' id='line_1_99' title="bbox 588 5088 943 5169; baseline -0.011 -22"><span class='ocrx_word' id='word_1_672' title='bbox 588 5090 767 5169; x_wconf 83' lang='lat' dir='ltr'>etiam</span> <span class='ocrx_word' id='word_1_673' title='bbox 795 5088 943 5145; x_wconf 63' lang='lat' dir='ltr'>haec.</span> 
     </span>
    </p>
   </div>
   <div class='ocr_carea' id='block_1_97' title="bbox 585 5211 1911 5288">
    <p class='ocr_par' dir='ltr' id='par_1_97' title="bbox 585 5211 1911 5288">
     <span class='ocr_line' id='line_1_100' title="bbox 585 5211 1911 5288; baseline 0.009 -26"><span class='ocrx_word' id='word_1_674' title='bbox 585 5252 601 5262; x_wconf 87' lang='lat'>.</span> <span class='ocrx_word' id='word_1_675' title='bbox 660 5212 711 5253; x_wconf 68' lang='grc' dir='ltr'>ιο</span> <span class='ocrx_word' id='word_1_676' title='bbox 735 5211 893 5273; x_wconf 82' lang='lat' dir='ltr'>Psal.</span> <span class='ocrx_word' id='word_1_677' title='bbox 922 5227 1117 5283; x_wconf 80' lang='lat' dir='ltr'>mm,</span> <span class='ocrx_word' id='word_1_678' title='bbox 1153 5218 1201 5271; x_wconf 84' lang='grc'><strong>1.</strong></span> <span class='ocrx_word' id='word_1_679' title='bbox 1318 5214 1361 5254; x_wconf 71' lang='grc' dir='ltr'>υ</span> <span class='ocrx_word' id='word_1_680' title='bbox 1393 5214 1417 5272; x_wconf 93' lang='grc' dir='ltr'><strong>Ι</strong></span> <span class='ocrx_word' id='word_1_681' title='bbox 1447 5215 1592 5288; x_wconf 81' lang='lat' dir='ltr'>Reg.</span> <span class='ocrx_word' id='word_1_682' title='bbox 1621 5230 1737 5284; x_wconf 70' lang='lat' dir='ltr'>xxx,</span> <span class='ocrx_word' id='word_1_683' title='bbox 1771 5216 1826 5285; x_wconf 84' lang='grc'>1,</span> <span class='ocrx_word' id='word_1_684' title='bbox 1856 5217 1911 5273; x_wconf 90' lang='lat'>8.</span> 
     </span>
    </p>
   </div>
   <div class='ocr_carea' id='block_1_98' title="bbox 2347 4552 3933 4631">
    <p class='ocr_par' dir='ltr' id='par_1_98' title="bbox 2347 4552 3933 4631">
     <span class='ocr_line' id='line_1_101' title="bbox 2347 4552 3933 4631; baseline 0.003 -27"><span class='ocrx_word' id='word_1_685' title='bbox 2347 4554 2614 4628; x_wconf 82' lang='grc' dir='ltr'>ἄνθρωπον</span> <span class='ocrx_word' id='word_1_686' title='bbox 2665 4552 2829 4625; x_wconf 82' lang='grc' dir='ltr'>λέγει·</span> <span class='ocrx_word' id='word_1_687' title='bbox 2888 4552 2987 4606; x_wconf 79' lang='grc' dir='ltr'>ἀπὸ</span> <span class='ocrx_word' id='word_1_688' title='bbox 3035 4557 3242 4626; x_wconf 84' lang='grc' dir='ltr'>μέρους,</span> <span class='ocrx_word' id='word_1_689' title='bbox 3281 4557 3338 4606; x_wconf 86' lang='grc' dir='ltr'>τὸ</span> <span class='ocrx_word' id='word_1_690' title='bbox 3396 4554 3528 4607; x_wconf 86' lang='grc' dir='ltr'>ὅλον.</span> <span class='ocrx_word' id='word_1_691' title='bbox 3565 4556 3765 4631; x_wconf 85' lang='grc' dir='ltr'>Ἐρωτᾴ</span> <span class='ocrx_word' id='word_1_692' title='bbox 3817 4561 3933 4631; x_wconf 78' lang='grc' dir='ltr'>γὰρ,</span> 
     </span>
    </p>
   </div>
   <div class='ocr_carea' id='block_1_99' title="bbox 2348 4640 3935 4717">
    <p class='ocr_par' dir='ltr' id='par_1_99' title="bbox 2348 4640 3935 4717">
     <span class='ocr_line' id='line_1_102' title="bbox 2348 4640 3935 4717; baseline 0.003 -23"><span class='ocrx_word' id='word_1_693' title='bbox 2348 4641 2543 4704; x_wconf 83' lang='grc' dir='ltr'>ἔξεστιν</span> <span class='ocrx_word' id='word_1_694' title='bbox 2601 4644 2868 4717; x_wconf 81' lang='grc' dir='ltr'>ἄνθρωπον</span> <span class='ocrx_word' id='word_1_695' title='bbox 2936 4650 3108 4695; x_wconf 84' lang='grc' dir='ltr'>σῶσαι</span> <span class='ocrx_word' id='word_1_696' title='bbox 3173 4640 3275 4695; x_wconf 80' lang='grc' dir='ltr'>ἀπὸ</span> <span class='ocrx_word' id='word_1_697' title='bbox 3344 4645 3567 4698; x_wconf 85' lang='grc' dir='ltr'>θανάτου</span> <span class='ocrx_word' id='word_1_698' title='bbox 3606 4649 3637 4703; x_wconf 77' lang='grc' dir='ltr'><strong>ἦ</strong></span> <span class='ocrx_word' id='word_1_699' title='bbox 3708 4645 3935 4699; x_wconf 80' lang='grc' dir='ltr'>ἀποκτεῖ-</span> 
     </span>
    </p>
   </div>
   <div class='ocr_carea' id='block_1_100' title="bbox 2346 4749 2467 4799">
    <p class='ocr_par' dir='ltr' id='par_1_100' title="bbox 2346 4749 2467 4799">
     <span class='ocr_line' id='line_1_103' title="bbox 2346 4749 2467 4799; baseline 0.008 -17"><span class='ocrx_word' id='word_1_700' title='bbox 2346 4752 2430 4783; x_wconf 89' lang='grc' dir='ltr'>ναι</span> <span class='ocrx_word' id='word_1_701' title='bbox 2455 4749 2467 4799; x_wconf 89' lang='grc'><strong>;</strong></span> 
     </span>
    </p>
   </div>
   <div class='ocr_carea' id='block_1_101' title="bbox 2422 4819 3017 4894">
    <p class='ocr_par' dir='ltr' id='par_1_101' title="bbox 2422 4819 3017 4894">
     <span class='ocr_line' id='line_1_104' title="bbox 2422 4819 3017 4894; baseline -0.007 -17"><span class='ocrx_word' id='word_1_702' title='bbox 2422 4825 2523 4877; x_wconf 73' lang='lat' dir='ltr'><strong><em>Ka&#39;a</em></strong></span> <span class='ocrx_word' id='word_1_703' title='bbox 2582 4819 3017 4894; x_wconf 68' lang='grc' dir='ltr'>περιϐλεψάμενος</span> 
     </span>
    </p>
   </div>
   <div class='ocr_carea' id='block_1_102' title="bbox 2348 4920 2532 4965">
    <p class='ocr_par' dir='ltr' id='par_1_102' title="bbox 2348 4920 2532 4965">
     <span class='ocr_line' id='line_1_105' title="bbox 2348 4920 2532 4965; baseline -0.005 0"><span class='ocrx_word' id='word_1_704' title='bbox 2348 4920 2532 4965; x_wconf 81' lang='grc' dir='ltr'>ταῦτα.</span> 
     </span>
    </p>
   </div>
   <div class='ocr_carea' id='block_1_103' title="bbox 2423 4998 3735 5066">
    <p class='ocr_par' dir='ltr' id='par_1_103' title="bbox 2423 4998 3735 5066">
     <span class='ocr_line' id='line_1_106' title="bbox 2423 4998 3735 5066; baseline 0 -11"><span class='ocrx_word' id='word_1_705' title='bbox 2423 5006 2523 5055; x_wconf 85' lang='lat' dir='ltr'>Kal</span> <span class='ocrx_word' id='word_1_706' title='bbox 2546 4999 2828 5066; x_wconf 81' lang='grc' dir='ltr'>ἐξελθόντες</span> <span class='ocrx_word' id='word_1_707' title='bbox 2860 5030 2926 5040; x_wconf 90' lang='grc'><strong><em>-</em></strong></span> <span class='ocrx_word' id='word_1_708' title='bbox 2960 4998 3248 5052; x_wconf 87' lang='grc' dir='ltr'>θάλασσαν.</span> <span class='ocrx_word' id='word_1_709' title='bbox 3282 4999 3400 5056; x_wconf 84' lang='grc' dir='ltr'>Ἔτι</span> <span class='ocrx_word' id='word_1_710' title='bbox 3430 5020 3516 5054; x_wconf 83' lang='grc' dir='ltr'>και</span> <span class='ocrx_word' id='word_1_711' title='bbox 3549 5008 3735 5055; x_wconf 84' lang='grc' dir='ltr'>ταῦτα.</span> 
     </span>
    </p>
   </div>
   <div class='ocr_carea' id='block_1_104' title="bbox 3109 4820 3947 4896">
    <p class='ocr_par' dir='ltr' id='par_1_104' title="bbox 3109 4820 3947 4896">
     <span class='ocr_line' id='line_1_107' title="bbox 3109 4820 3947 4896; baseline 0.008 -24"><span class='ocrx_word' id='word_1_712' title='bbox 3109 4850 3180 4862; x_wconf 94' lang='lat'><strong>—</strong></span> <span class='ocrx_word' id='word_1_713' title='bbox 3244 4823 3273 4880; x_wconf 81' lang='grc' dir='ltr'><strong>ἠ</strong></span> <span class='ocrx_word' id='word_1_714' title='bbox 3359 4820 3510 4880; x_wconf 70' lang='grc' dir='ltr'>ἄλλο.</span> <span class='ocrx_word' id='word_1_715' title='bbox 3573 4822 3797 4896; x_wconf 84' lang='grc' dir='ltr'>Ὀμοίως</span> <span class='ocrx_word' id='word_1_716' title='bbox 3856 4830 3947 4879; x_wconf 78' lang='grc' dir='ltr'>καὶ</span> 
     </span>
    </p>
   </div>
   <div class='ocr_carea' id='block_1_105' title="bbox 1788 5342 2735 5413">
    <p class='ocr_par' dir='ltr' id='par_1_105' title="bbox 1788 5342 2735 5413">
     <span class='ocr_line' id='line_1_108' title="bbox 1788 5342 2735 5413; baseline -0.003 -1"><span class='ocrx_word' id='word_1_717' title='bbox 1788 5342 2014 5412; x_wconf 64' lang='lat' dir='ltr'>Variae</span> <span class='ocrx_word' id='word_1_718' title='bbox 2052 5342 2381 5413; x_wconf 87' lang='lat' dir='ltr'>lectiones</span> <span class='ocrx_word' id='word_1_719' title='bbox 2422 5352 2486 5410; x_wconf 91' lang='lat' dir='ltr'>et</span> <span class='ocrx_word' id='word_1_720' title='bbox 2535 5352 2735 5410; x_wconf 63' lang='lat' dir='ltr'>notae.</span> 
     </span>
    </p>
   </div>
   <div class='ocr_carea' id='block_1_106' title="bbox 687 5486 1295 5558">
    <p class='ocr_par' dir='ltr' id='par_1_106' title="bbox 687 5486 1295 5558">
     <span class='ocr_line' id='line_1_109' title="bbox 687 5486 1295 5558; baseline -0.003 -18"><span class='ocrx_word' id='word_1_721' title='bbox 687 5486 776 5558; x_wconf 81' lang='lat'>27)</span> <span class='ocrx_word' id='word_1_722' title='bbox 809 5487 1198 5558; x_wconf 62' lang='grc' dir='ltr'>Συνεστρέφετο.</span> <span class='ocrx_word' id='word_1_723' title='bbox 1228 5486 1295 5540; x_wconf 80' lang='grc' dir='ltr'>Α.</span> 
     </span>
    </p>
   </div>
   <div class='ocr_carea' id='block_1_107' title="bbox 687 5553 1747 5628">
    <p class='ocr_par' dir='ltr' id='par_1_107' title="bbox 687 5553 1747 5628">
     <span class='ocr_line' id='line_1_110' title="bbox 687 5553 1747 5628; baseline -0.004 -17"><span class='ocrx_word' id='word_1_724' title='bbox 687 5553 779 5628; x_wconf 82' lang='grc'>28)</span> <span class='ocrx_word' id='word_1_725' title='bbox 810 5559 935 5628; x_wconf 65' lang='grc' dir='ltr'>ηερὶ</span> <span class='ocrx_word' id='word_1_726' title='bbox 969 5553 1028 5628; x_wconf 78' lang='grc' dir='ltr'>δέ</span> <span class='ocrx_word' id='word_1_727' title='bbox 1056 5553 1153 5607; x_wconf 76' lang='grc' dir='ltr'>τῶν</span> <span class='ocrx_word' id='word_1_728' title='bbox 1183 5554 1377 5628; x_wconf 76' lang='grc' dir='ltr'>λοιπῶν</span> <span class='ocrx_word' id='word_1_729' title='bbox 1404 5554 1655 5628; x_wconf 77' lang='grc' dir='ltr'>ζήτησον.</span> <span class='ocrx_word' id='word_1_730' title='bbox 1689 5558 1747 5613; x_wconf 87' lang='grc' dir='ltr'>Β.</span> 
     </span>
    </p>
   </div>
   <div class='ocr_carea' id='block_1_108' title="bbox 690 5626 1637 5696">
    <p class='ocr_par' dir='ltr' id='par_1_108' title="bbox 690 5626 1637 5696">
     <span class='ocr_line' id='line_1_111' title="bbox 690 5626 1637 5696; baseline 0.002 -16"><span class='ocrx_word' id='word_1_731' title='bbox 690 5626 780 5696; x_wconf 81' lang='grc'>29)</span> <span class='ocrx_word' id='word_1_732' title='bbox 814 5626 943 5696; x_wconf 67' lang='lat' dir='ltr'>Haec</span> <span class='ocrx_word' id='word_1_733' title='bbox 975 5627 1032 5681; x_wconf 94' lang='lat' dir='ltr'>in</span> <span class='ocrx_word' id='word_1_734' title='bbox 1066 5627 1336 5696; x_wconf 88' lang='lat' dir='ltr'>margine</span> <span class='ocrx_word' id='word_1_735' title='bbox 1365 5626 1547 5683; x_wconf 87' lang='lat' dir='ltr'>habet</span> <span class='ocrx_word' id='word_1_736' title='bbox 1571 5628 1637 5696; x_wconf 75' lang='grc' dir='ltr'>Α.</span> 
     </span>
    </p>
   </div>
   <div class='ocr_carea' id='block_1_109' title="bbox 690 5695 1596 5775">
    <p class='ocr_par' dir='ltr' id='par_1_109' title="bbox 690 5695 1596 5775">
     <span class='ocr_line' id='line_1_112' title="bbox 690 5695 1596 5775; baseline -0.006 -20"><span class='ocrx_word' id='word_1_737' title='bbox 690 5695 779 5775; x_wconf 83' lang='grc'>30)</span> <span class='ocrx_word' id='word_1_738' title='bbox 808 5695 1173 5775; x_wconf 82' lang='grc' dir='ltr'>³Δναλέγοντες.</span> <span class='ocrx_word' id='word_1_739' title='bbox 1202 5695 1270 5755; x_wconf 76' lang='grc' dir='ltr'>Ᾱ.</span> <span class='ocrx_word' id='word_1_740' title='bbox 1536 5702 1569 5750; x_wconf 81' lang='lat'>..&#39;</span> <span class='ocrx_word' id='word_1_741' title='bbox 1586 5695 1596 5704; x_wconf 90' lang='grc'><em>’</em></span> 
     </span>
    </p>
   </div>
   <div class='ocr_carea' id='block_1_110' title="bbox 755 5484 780 5775">
    <p class='ocr_par' dir='ltr' id='par_1_110' title="bbox 755 5484 780 5775">
     <span class='ocr_line' id='line_1_113' title="bbox 755 5484 780 5775; baseline 0 -39"><span class='ocrx_word' id='word_1_742' title='bbox 755 5484 780 5775; x_wconf 64' lang='grc' dir='ltr'>ἓ</span> 
     </span>
    </p>
   </div>
   <div class='ocr_carea' id='block_1_111' title="bbox 2428 5456 3954 5559">
    <p class='ocr_par' dir='ltr' id='par_1_111' title="bbox 2428 5456 3954 5559">
     <span class='ocr_line' id='line_1_114' title="bbox 2428 5456 3954 5559; baseline -0.003 -16"><span class='ocrx_word' id='word_1_743' title='bbox 2428 5486 2541 5559; x_wconf 85' lang='grc'>(31)</span> <span class='ocrx_word' id='word_1_744' title='bbox 2580 5486 2715 5559; x_wconf 68' lang='lat' dir='ltr'>Haec</span> <span class='ocrx_word' id='word_1_745' title='bbox 2745 5482 2997 5559; x_wconf 81' lang='lat' dir='ltr'>inferius</span> <span class='ocrx_word' id='word_1_746' title='bbox 3047 5483 3109 5559; x_wconf 86' lang='lat' dir='ltr'>in</span> <span class='ocrx_word' id='word_1_747' title='bbox 3165 5486 3335 5559; x_wconf 80' lang='lat' dir='ltr'>te_xtu_</span> <span class='ocrx_word' id='word_1_748' title='bbox 3371 5456 3555 5541; x_wconf 88' lang='lat' dir='ltr'>habet</span> <span class='ocrx_word' id='word_1_749' title='bbox 3570 5486 3623 5559; x_wconf 80' lang='lat' dir='ltr'>_B</span> <span class='ocrx_word' id='word_1_750' title='bbox 3656 5485 3812 5559; x_wconf 87' lang='lat' dir='ltr'>post</span> 
     </span>
    </p>
   </div>
   <div class='ocr_carea' id='block_1_112' title="bbox 2354 5552 3952 5631">
    <p class='ocr_par' dir='ltr' id='par_1_112' title="bbox 2354 5552 3952 5631">
     <span class='ocr_line' id='line_1_115' title="bbox 2354 5552 3952 5631; baseline -0.003 -20"><span class='ocrx_word' id='word_1_751' title='bbox 2354 5552 2533 5617; x_wconf 63' lang='grc' dir='ltr'>κλητοί</span> <span class='ocrx_word' id='word_1_752' title='bbox 2576 5556 2785 5631; x_wconf 64' lang='lat' dir='ltr'>Incipit</span> <span class='ocrx_word' id='word_1_753' title='bbox 2815 5554 3163 5631; x_wconf 10' lang='lat' dir='ltr'>autemsicr:</span> <span class='ocrx_word' id='word_1_754' title='bbox 3200 5553 3281 5631; x_wconf 68' lang='lat' dir='ltr'>_&#39;H</span> <span class='ocrx_word' id='word_1_755' title='bbox 3313 5554 3522 5631; x_wconf 77' lang='grc' dir='ltr'>ἑτέρως·</span> <span class='ocrx_word' id='word_1_756' title='bbox 3557 5557 3583 5608; x_wconf 90' lang='grc' dir='ltr'>ό</span> <span class='ocrx_word' id='word_1_757' title='bbox 3613 5552 3703 5629; x_wconf 72' lang='grc' dir='ltr'>μεν</span> <span class='ocrx_word' id='word_1_758' title='bbox 3733 5574 3785 5609; x_wconf 90' lang='grc' dir='ltr'>κ.</span> <span class='ocrx_word' id='word_1_759' title='bbox 3820 5572 3869 5610; x_wconf 89' lang='grc' dir='ltr'>τ.</span> <span class='ocrx_word' id='word_1_760' title='bbox 3902 5552 3952 5607; x_wconf 84' lang='grc' dir='ltr'>λ.</span> 
     </span>
    </p>
   </div>
   <div class='ocr_carea' id='block_1_113' title="bbox 2356 5625 3250 5705">
    <p class='ocr_par' dir='ltr' id='par_1_113' title="bbox 2356 5625 3250 5705">
     <span class='ocr_line' id='line_1_116' title="bbox 2356 5625 3250 5705; baseline -0.004 -18"><span class='ocrx_word' id='word_1_761' title='bbox 2356 5634 2420 5687; x_wconf 89' lang='lat' dir='ltr'>In</span> <span class='ocrx_word' id='word_1_762' title='bbox 2450 5625 2722 5700; x_wconf 76' lang='lat' dir='ltr'>margine</span> <span class='ocrx_word' id='word_1_763' title='bbox 2747 5627 2875 5685; x_wconf 69' lang='lat' dir='ltr'>hinc</span> <span class='ocrx_word' id='word_1_764' title='bbox 2907 5625 3147 5705; x_wconf 76' lang='lat' dir='ltr'>exhibet</span> <span class='ocrx_word' id='word_1_765' title='bbox 3182 5626 3250 5683; x_wconf 86' lang='lat' dir='ltr'>A.</span> 
     </span>
    </p>
   </div>
  </div>
