4170 6334
312 316 421 405 789

314 562 498 633 δάνου,
553 568 713 635 ἤγουν
770 565 817 616 οἱ
871 567 1027 638 πέραν
1073 570 1163 615 τοῦ
1223 558 1507 637 Ἰορδάνου.
1568 555 1909 610 Ἠκολούθουν

314 651 393 717 δὲ,
440 657 487 706 οἱ
529 656 617 726 μὲν
649 652 949 729 ἀρρώστους
1000 653 1320 725 κομίζοντες,
1354 652 1401 703 οἱ
1455 646 1533 718 δὲ,
1586 650 1718 705 ὅπως
1761 642 1909 695 αὐτοὶ

311 745 551 815 τύχωσιν
611 742 814 804 ἰάσεως·
872 743 920 794 οὶ
982 740 1060 808 δὲ,
1119 742 1201 792 ἶνα
1283 741 1568 793 θεάσωνται
1644 737 1904 795 θαύματα.

313 837 414 885 Καὶ
460 831 568 903 ούχ
612 830 842 906 Ἑϐραῖοι
888 835 1062 903 μόνον,
1093 830 1221 881 ἀλλά
1267 833 1357 882 καὶ
1398 826 1688 901 ἀλλόφυλοι,
1743 818 1909 876 Ἰδου-

305 929 456 994 μαῖοι
500 926 588 973 καὶ
632 924 813 993 Τύριοι
858 925 947 972 καὶ
980 917 1236 972 Σιδώνιοι.
1272 922 1371 971 Καὶ
1402 918 1449 969 οἱ
1492 919 1580 989 μὲν
1633 912 1908 984 ἀλλογενεῖς

306 1014 541 1085 ἤρχοντο
566 1014 698 1083 πρὸς
736 1010 910 1063 αὐτόν·
954 1011 1002 1063 οἱ
1033 1006 1091 1061 δε
1132 1015 1397 1085 συγγενεῖς
1428 1002 1680 1060 Ἰουδαῖοι
1718 1002 1905 1077 μᾶλλον

304 1105 588 1174 ἐρχόμενον
612 1102 743 1173 πρὸς
764 1099 950 1160 αύτούς
979 1095 1191 1151 ἐδίωκον
1230 1097 1405 1149 αύτὸν.

381 1196 482 1245 Καὶ
534 1186 640 1244 εἶπε
702 1221 767 1230 -
834 1189 979 1260 εἶχον
1054 1190 1335 1261 μάστιγας.
1387 1218 1454 1227 -
1532 1190 1900 1259 Προσκαρτερῇ

304 1279 442 1353 (32),
472 1283 587 1333 ἀντὶ
632 1286 745 1346 τοῦ,
775 1277 1049 1351 ’Υπηρετῇ.
1084 1276 1293 1348 Ἔμελλε
1312 1277 1433 1350 γὰρ,
1466 1273 1626 1346 ἐμϐὰς
1655 1274 1723 1335 εἰς
1752 1272 1900 1338 αὐτὸ,

300 1374 375 1442 μὴ
428 1369 778 1441 ἐνοχλεῖσθαι.
821 1367 1006 1439 Θλίψιν
1048 1362 1106 1419 δε
1148 1370 1246 1419 νόει
1296 1373 1402 1428 νῦν,
1458 1368 1550 1423 τὴν
1596 1360 1898 1436 Σύσφιγξιν·

298 1460 575 1531 Μάστιγας
615 1454 692 1525 δε,
727 1461 815 1518 τὰς
834 1460 1039 1520 νόσους.

374 1554 475 1602 Καὶ
555 1550 621 1600 τὰ
689 1548 960 1620 πνεύματα
1037 1576 1106 1587 -
1190 1548 1505 1603 ποιήσωσιν.
1582 1542 1904 1613 Ἐπιγνόντες

298 1642 394 1697 τὴν
457 1640 595 1690 θείαν
650 1632 871 1708 δύναμιν
942 1637 990 1687 οἱ
1049 1630 1312 1706 δαίμονες,
1391 1635 1740 1706 προσέπιπτον
1812 1634 1902 1682 καὶ

301 1725 638 1800 ἀνεκήρυττον
713 1726 862 1778 αύτόν
920 1727 1039 1777 Υὶὸν
1096 1731 1185 1777 τοῦ
1231 1730 1383 1777 Θεοῦ·
1434 1730 1583 1775 τοῦτο
1646 1724 1734 1794 μὲν
1806 1724 1901 1778 τὴν

300 1913 392 1957 τοῦ
417 1909 491 1978 μὴ
524 1904 914 1978 βασανισθῆναι
937 1900 1188 1975 δεόμενοι.
1220 1901 1560 1974 Ἐπεστόμιξε
1590 1897 1649 1953 δε
1687 1900 1896 1967 αύτούς,

300 1996 383 2047 ἵνα
406 1998 503 2067 μὴ,
542 1996 750 2067 φανερὸν
777 1993 930 2047 αύτὸν
957 1996 1286 2057 ποιήσαντες,
1318 1989 1559 2071 ἀνάψωσι
1588 1992 1674 2041 τὸν
1716 1991 1898 2061 φθόνον

296 2092 395 2136 τῶν
419 2080 691 2137 Ἰουδαίων
704 2128 716 2140 .

364 2178 605 2232 Ζήτησόν
659 2168 717 2225 δὲ
769 2176 856 2224 καὶ
909 2170 957 2223 ἐν
1016 2173 1161 2244 ἀρχῇ
1212 2176 1303 2223 τοῦ
1359 2173 1565 2243 πρώτου
1616 2165 1893 2238 κεφαλαίου

294 2260 466 2335 [διατί
533 2262 643 2334 (33)
707 2262 990 2335 ἐπετίμησε
1028 2269 1101 2333 τῷ
1158 2259 1435 2334 ἀκαθάρτῳ
1480 2259 1752 2330 πνεύματι,
1804 2261 1893 2309 καὶ

289 2354 531 2422 εὑρήσεις
587 2351 738 2413 αὖθις
790 2351 964 2425 ἐτέρας
1019 2349 1207 2410 αἰτίας.
1260 2347 1417 2400 Ἀλλὰ
1466 2351 1555 2398 καὶ
1605 2345 1653 2397 ἓν
1710 2354 1781 2416 τῷ
1826 2345 1891 2398 εἰ-

284 2448 461 2511 κοστῷ
482 2445 671 2514 πρώτῳ
692 2438 975 2513 κεφαλαίῳ]
1004 2447 1095 2491 τοῦ
1127 2440 1263 2491 κατά
1295 2438 1562 2491 Ματθαίον
1614 2433 1891 2507 ἐπετίμησε

284 2539 396 2591 τοῖς
440 2530 637 2603 ὅχλόις,
684 2531 768 2582 ἶνα
812 2534 886 2603 μὴ
934 2532 1146 2605 φανερὸν
1215 2528 1366 2581 αύτον
1422 2530 1709 2585 ποιήσωσι.
1789 2529 1890 2578 Καὶ

286 2621 521 2681 ζήτησον
548 2616 699 2673 κάκεῖ
716 2624 810 2679 τὴν
850 2619 1125 2691 ίξήσγησιν.

517 2766 664 2820 ΚΕΦ.
698 2761 773 2818 Η’.
805 2767 930 2838 Περὶ
954 2770 1041 2823 τῆς
1062 2760 1279 2832 ἐκλογῆς
1308 2780 1406 2814 των
1430 2756 1658 2817 δώδεκα.

366 2874 467 2923 Καὶ
527 2868 785 2922 ἀναϐαίνει
856 2901 921 2909 -
979 2866 1247 2942 δάιμόνια.
1319 2874 1522 2928 Λουκᾶς
1597 2863 1656 2920 δὲ
1732 2885 1888 2939 φησιν

290 2960 375 3011 ὅτι
432 2958 669 3021 Ἐξῆλθεν
723 2958 793 3021 εἰς
853 2962 911 3012 τὸ
987 2964 1103 3035 ὄρος
1173 2957 1585 3031 προσεύξασθαι,
1658 2960 1747 3008 καὶ
1825 2956 1887 3013 ἦν

292 3045 699 3123 διανυκτερεύων
773 3048 822 3102 ἐν
893 3056 954 3121 τῇ
1035 3056 1310 3121 προσευχῇ
1388 3054 1480 3100 τοῦ
1551 3054 1704 3101 Θεοῦ.
1787 3049 1888 3099 Καὶ

1352 339 1722 401 COMMENT.
1765 335 1834 393 IN
1872 305 2200 391 uiaticum.
2241 320 2325 383 -ή
2349 339 2507 400 CAP.
2549 341 2644 398 III.

319 452 325 457 ἢ
387 479 489 530 Καὶ
550 472 679 528 πολὺ
727 472 922 535 πλῆθος
968 503 1034 515 -
1093 445 1251 526 αὐτόν.
1301 504 1369 513 -
1418 474 1582 545 Πέραν
1637 472 1729 519 τοῦ
1782 464 1893 537 Ἰορ·

2034 466 2043 471 ’⁷
2089 463 2248 519 Vers.
2291 464 2344 519 7-
2386 445 2465 526 Et
2494 444 2809 524 multitudo.
2838 448 3139 540 magnaé—
3175 465 3343 523 Vers.
3375 468 3428 524 8.
3460 447 3681 523 eum-3-

3573 328 3688 397 790‘

3660 451 3677 475 Ρ

2026 553 2212 609 Trans
2223 555 2564 622 Jordanem,
2581 556 2763 622 idest,
2779 560 2881 630 qui
2899 557 3260 614 habitabant
3280 557 3436 614 ultra
3466 556 3681 614 Jorda—

2019 657 2175 699 nem.
2197 645 2386 701 Secuti
2406 652 2544 701 sunt
2565 653 2762 703 autem
2791 648 2878 703 :hi
2895 648 3143 720 quidem
3163 647 3485 719 languidos
3518 647 3682 704 dete-

2016 738 2212 786 rentes
2235 751 2251 803 ;
2286 734 2523 790 illivero
2544 739 2608 791 ut
2632 736 3008 808 ipsisalutem
3035 743 3561 809 consequerentur,
3577 740 3681 793 aut.

2016 820 2308 878 miracula
2320 823 2596 880 viderent.
2617 828 2731 881 Nec
2742 826 2851 882 soli
2869 826 3089 882 Hebraei
3101 866 3114 892 ,
3128 842 3338 883 verum
3352 827 3527 883 etiam
3540 826 3677 883 alie-

2016 909 2244 978 nigenae
2270 911 2332 967 Id
2345 913 2536 969 umiei.
2567 914 2748 986 Tyrii,
2778 919 2834 971 et
2862 915 3110 971 Sidonii.
3144 914 3505 988 Alienigenae
3532 930 3676 986 ergo

2017 1000 2333 1057 veniebant
2347 1003 2426 1058 ad
2450 1017 2611 1067 eum,
2638 1004 2877 1073 cognati
2898 1019 3037 1061 vero
3052 1003 3242 1061 Judaei
3259 1004 3340 1071 ad
3357 1020 3420 1061 se
3436 1005 3675 1069 venien-

2016 1092 2133 1145 tem
2164 1090 2357 1160 magis
2386 1092 2921 1164 persequebantur.
3660 1160 3663 1161 ν

2088 1181 2247 1234 Vers.
2288 1184 2339 1236 9.
2378 1181 2455 1235 Et
2493 1180 2651 1238 dixit
2679 1212 2748 1223 -—
2776 1184 2934 1245 Vers.
2972 1184 3061 1239 10.
3093 1179 3563 1253 inﬁrmabantur.
3604 1183 3677 1245 Ut

2015 1267 2127 1324 sibi
2148 1267 2488 1342 deserviret,
2516 1269 2593 1327 ad
2636 1270 3089 1330 ascendendum
3126 1270 3189 1328 in
3226 1270 3498 1339 illam,ne
3533 1285 3675 1330 eum

2013 1356 2343 1419 turbarent.
3658 1394 3661 1397 -

2081 1571 2249 1628 Vers.
2284 1574 2372 1637 11,
2399 1571 2664 1642 Spiritus
2690 1587 2922 1645 quoque
2960 1570 3030 1614 —'~
3067 1572 3232 1630 Vers.
3269 1572 3353 1628 l2.
3379 1574 3669 1643 facerent.

2012 1660 2160 1717 Cum
2179 1660 2445 1718 divinam
2466 1663 2595 1734 ejus
2610 1661 2937 1734 potentiam
2951 1662 3670 1735 cognovissentdaamones

1782 1750 1901 1826 ff"
1936 1784 1977 1826 λ
2011 1750 2397 1822 procidebant
2419 1766 2488 1806 ac
2518 1751 2929 1823 praedicabant
2953 1767 3092 1808 eum
3123 1766 3252 1808 esse
3279 1750 3384 1807 Dei
3408 1750 3619 1808 Filium
3649 1766 3666 1808 :

301 1819 567 1887 ὑποταγὴν
599 1813 875 1876 δηλοῦντες
923 1819 1011 1866 καὶ
1060 1814 1283 1877 ἄκοντες,
1338 1819 1490 1865 τοῦτο
1546 1808 1603 1863 δε
1646 1822 1734 1863 καὶ
1772 1811 1897 1882 ύπερ
1936 1812 1979 1869 Β

2009 1838 2156 1895 illud
2192 1840 2459 1913 quidem,
2502 1841 2821 1913 imperium
2851 1840 3008 1896 illius
3047 1840 3521 1907 manifestando;
3552 1840 3669 1897 hoc

2010 1934 2228 1990 autem.
2253 1946 2327 1985 ne
2348 1945 2418 2003 se.
2434 1933 2737 2001 torqueret
2759 1928 3162 2001 deprecando.
3190 1927 3503 1984 Silentium
3524 1942 3669 1999 ergo

2005 2016 2117 2073 illis
2138 2018 2509 2089 imponebat,
2530 2033 2606 2074 ne
2638 2033 2699 2073 se
2723 2016 3107 2074 manifestum
3128 2016 3669 2083 facerent,-Judmo-

2004 2121 2141 2161 rum
2171 2105 2461 2162 invidiam
2490 2106 2861 2162 accedentes.
3644 2130 3649 2185 ς

2075 2197 2283 2262 Quiere
2328 2199 2527 2252 autem
2558 2196 2617 2250 in
2657 2193 2944 2266 principio
2986 2192 3165 2266 primi
3205 2192 3433 2267 capitis,
3476 2207 3664 2267 quare

2001 2285 2319 2342 immundo
2349 2284 2581 2358 spiritui
2607 2283 2685 2340 sit
2701 2283 3136 2349 interminatus,
3158 2287 3215 2339 et
3231 2282 3380 2339 alias
3394 2283 3659 2341 invenies

2001 2392 2257 2442 causas;
2290 2375 2394 2430 sed
2427 2373 2791 2431 etvicesimo
2808 2372 3000 2445 capite
3011 2372 3537 2444 juxtaMatthaaum
3567 2372 3660 2430 in-

1998 2466 2357 2522 terminatus
2390 2469 2477 2522 est
2505 2464 2692 2534 turbis
2725 2479 2801 2519 ne
2831 2479 2893 2520 se
2914 2463 3298 2522 manifestum
3320 2463 3655 2535 facerent",

1998 2570 2196 2628 quaere
2224 2554 2302 2611 ibi
2333 2570 2566 2628 quoque
2592 2554 3059 2612 enarrationem.

2248 2770 2396 2825 CAP.
2430 2767 2568 2824 VIII.
2588 2767 2669 2825 De
2692 2766 2964 2825 electione
2987 2767 3402 2837 apostolorum.
3468 2776 3473 2779 ‘

2070 2879 2227 2933 Vers.
2261 2876 2348 2931 13.
2381 2876 2456 2932 Et
2496 2874 2753 2932 ascendit
2781 2905 2849 2933 -,-
2880 2876 3037 2937 Vers.
3070 2874 3159 2929 15.
3182 2873 3513 2933 daemonia.
3544 2875 3657 2932 Lu-

1997 2983 2099 3023 cas
2122 2970 2321 3022 autem
2340 2965 2500 3030 dicit,
2515 2963 2679 3037 quod
2697 2963 2873 3020 exivit
2894 2962 2954 3018 in
2966 2969 3217 3019 montem
3234 2963 3311 3018 ad
3326 2964 3617 3021 orandum
3637 2981 3652 3034 ;

1996 3062 2047 3111 et
2080 3062 2206 3112 erat
2235 3062 2585 3125 pernoctans
2606 3053 2670 3109 in
2702 3053 2955 3109 oratione
2990 3052 3114 3108 Dei.
3160 3053 3427 3125 Cumque
3458 3053 3655 3123 factus

296 3133 374 3187 ὅ-ε
454 3134 642 3208 ἐγένετο
723 3140 911 3211 ἡμέρα,
994 3143 1364 3213 προσεφώνησε
1443 3140 1564 3197 τοὺς
1645 3137 1885 3208 μαθητὰς

2007 3152 2138 3203 esset
2160 3145 2302 3211 dies,
2326 3143 2629 3201 advocavit
2657 3143 2971 3212 discipulos
2996 3156 3150 3207 suos,
3177 3149 3229 3198 et
3248 3141 3411 3213 elegit
3432 3142 3655 3199 duode-

292 3219 466 3293 αὐτοῦ,
540 3230 627 3278 καὶ
692 3225 1016 3299 ἐκλεξάμενος
1093 3226 1182 3279 ἀπ’
1253 3226 1416 3278 αὐτῶν
1490 3222 1718 3290 δώδεκα,
1796 3223 1883 3288 οὓς

289 3313 382 3362 καὶ
426 3312 745 3376 ἀποστόλους
811 3317 1069 3389 ὠνόμασε,
1127 3321 1218 3368 καὶ
1292 3318 1357 3368 τὰ
1412 3314 1548 3378 ἑξῆς.
1626 3318 1883 3367 Διενυκτέ-

289 3417 445 3473 ρευσε
472 3406 574 3475 γὰρ
623 3403 670 3456 ἐν
718 3413 779 3478 τῇ
836 3414 1134 3478 προσευχῇ,
1167 3413 1228 3478 τῇ
1274 3408 1400 3477 πρὸς
1440 3408 1586 3470 Θεὸν,
1621 3400 1882 3456 παιδεύων

296 3489 459 3560 ἡμᾶς,
505 3495 625 3546 ὅταν
676 3498 793 3547 τινὰ
847 3497 957 3563 (34)
1005 3494 1385 3569 προκαλλεσθαι
1430 3494 1705 3566 μέλλωμεν,
1766 3490 1884 3546 δια-

290 3597 598 3652 νυκτερεύειν
650 3588 1128 3657 προσευχομένους,
1188 3584 1270 3636 ἵνα
1310 3586 1335 3636 ὁ
1376 3583 1521 3646 ἄξιος
1569 3585 1692 3655 ἡμῖν
1742 3604 1881 3653 γνω-

292 3669 477 3739 ρισθῇ,
530 3677 610 3724 καὶ
662 3678 733 3744 μὴ
793 3679 1184 3745 κοινωνήσωμεν
1251 3673 1541 3745 ἀλλοτρίαις
1580 3672 1877 3745 ἁμαρτίαις.

295 3754 584 3818 Ἐξελέξατο
654 3758 713 3814 δὲ
791 3761 845 3813 ἐκ
913 3765 1116 3814 πάντων
1182 3770 1281 3814 τῶν
1347 3763 1733 3815 πιστευσάντων
1811 3761 1882 3823 εἰς

294 3843 475 3912 αὐτὸν,
534 3844 622 3908 οὓς
687 3850 853 3915 ἤθελε,
920 3848 1152 3919 δηλαδὴ,
1236 3855 1357 3911 τούς
1430 3850 1877 3923 ἀξιολογωτέρους.

294 3931 563 3996 ἐπελέξατο
621 3933 675 3989 δι
708 3941 797 3992 καί
844 3937 1049 3993 Ἰούδαν
1102 3944 1187 3993 τὸν
1240 3941 1602 4015 Ἰσκαριώτην,
1671 3944 1740 4001 ὡς
1786 3960 1880 3998 τη·

291 4030 516 4075 νικαῦτα
569 4025 729 4077 καλὸν
798 4027 1022 4095 δεικνύς,
1080 4032 1161 4082 ὅτι
1210 4034 1482 4104 προσίεται
1546 4033 1630 4082 τὸν
1702 4029 1875 4102 καλὸν,

292 4115 490 4187 μέχρις
542 4112 600 4165 ἂν
652 4118 853 4185 ’γένηται
918 4122 1097 4187 κακὸς,
1170 4119 1214 4171 εἰ
1272 4124 1360 4171 καὶ
1418 4123 1765 4192 προ-γινώσκει
1818 4120 1876 4169 τὸ

291 4200 496 4274 μέλλον,
527 4207 615 4256 καί
640 4203 732 4255 ούκ
755 4211 845 4260 οπὸ
873 4217 963 4268 τῆς
984 4209 1055 4269 εἰς
1076 4209 1288 4283 ὕστερον
1309 4213 1499 4269 κακίας
1521 4208 1877 4280 ἀποπέμπεται

290 4293 380 4343 τὸν
429 4292 518 4365 ἄρι
561 4292 735 4345 καλὸν⁹
769 4294 889 4349 ἀλλὰ
938 4297 1039 4350 ἀπὸ
1066 4307 1161 4360 τῆς
1208 4306 1296 4350 νῦν
1344 4297 1547 4373 ἀρετῆς,
1599 4298 1878 4351 οἰκειοῦται

289 4382 375 4433 τὸν
407 4380 478 4442 εἰς
503 4381 717 4455 ὕστερον
742 4391 975 4462 πονηρόν.

364 4469 638 4533 Ἐξουσίαν
685 4469 744 4524 δε
771 4476 886 4540 νόει,
937 4481 1029 4535 τὴν
1076 4473 1296 4549 δύναμιν
1333 4484 1429 4530 τοῦ
1469 4480 1760 4553 θεραπεύειν
1789 4481 1878 4539 τὰς

286 4562 471 4620 νόσους
502 4565 592 4612 καὶ
623 4560 881 4613 ἐκϐάλλειν
902 4569 966 4618 τὰ
1013 4563 1281 4638 δαιμόνια.
1328 4567 1454 4619 Εἶτα
1503 4567 1639 4639 λέγει
1680 4573 1768 4621 καὶ
1815 4572 1880 4622 τά

284 4648 519 4721 ὀνόματα
543 4646 637 4702 διὰ
660 4653 779 4713 τούς
805 4650 1274 4721 ψευδαποστόλους.

366 4875 468 4923 Καὶ
516 4870 728 4931 ἐπέθηκε
787 4906 851 4915 -
912 4878 1113 4950 Πέτρον.
1176 4883 1276 4931 Καὶ
1328 4883 1431 4951 μὴν
1500 4877 1547 4930 ἐν
1607 4887 1678 4949 τῷ
1748 4883 1880 4933 κατά

292 4961 516 5017 Ιωάννην
595 4962 886 5035 Εύαγγελίῳ
961 4969 1291 5040 μαιθάνομεν,
1370 4969 1468 5034 ὅτι,
1535 4969 1617 5020 ὅτε
1678 4977 1878 5042 πρῶτον

292 5050 318 5101 ὁ
369 5045 589 5121 ἀδελφὸς
647 5050 806 5104 αὐτοῦ
854 5049 1089 5127 Ἀνδρέας
1157 5060 1348 5129 ἤγαγεν
1403 5057 1556 5108 αύτόν
1616 5062 1742 5129 πρὸς
1793 5062 1879 5111 τὸν

291 5140 521 5205 Ἰησοῦν,
579 5144 693 5193 τότε
749 5140 1005 5214 ἐμϐλέψας
1057 5146 1186 5218 αότῷ
1260 5149 1284 5198 ό
1347 5147 1572 5213 Ἰησοῦς,
1626 5147 1749 5201 εἶπε·
1813 5152 1878 5202 Σύ

288 5224 340 5281 εἷ
387 5235 571 5300 Σιμων,
629 5230 654 5281 ὁ
727 5232 832 5294 νὶός
896 5231 1060 5302 Ἰωνᾶ,
1131 5238 1187 5287 τύ
1255 5235 1495 5309 κληθήσῃ
1576 5243 1777 5309 Κηφᾶς,
1853 5240 1879 5293 ὃ

357 5381 407 5416 ⁴²
436 5379 634 5437 Matth.
675 5396 780 5446 xu,
810 5385 896 5439 16.
929 5383 978 5418 ⁴³
1011 5384 1143 5440 Luc.
1166 5399 1239 5457 γι,
1269 5390 1355 5453 12,
1388 5386 1475 5444 13.
1510 5387 1557 5425 ιι
1586 5389 1760 5445 Joan.
1788 5404 1829 5446 ι.
1858 5392 1949 5446 42.

1993 3235 2106 3292 cim
2137 3250 2207 3291 eo:
2230 3235 2329 3300 eis,
2363 3249 2505 3305 quos
2531 3238 2585 3289 et
2607 3234 2896 3301 apostolos
2923 3230 3250 3288 nominavit
3276 3231 3351 3297 ⁴³,
3382 3234 3490 3286 etc.
3524 3231 3654 3288 Per-

1992 3324 2271 3379 noctabat
2309 3322 2470 3377 enim
2524 3323 2585 3377 in
2628 3321 2893 3377 oratione
2950 3319 3029 3374 ad
3077 3322 3299 3379 Deum:
3348 3319 3651 3376 instruens

1990 3429 2119 3479 nos,
2146 3416 2210 3469 ut
2234 3413 2281 3467 si
2317 3410 2565 3483 quando
2594 3409 2853 3481 aliquem
2894 3407 3134 3463 electuri
3172 3422 3406 3472 sumus,
3429 3408 3490 3464 in
3521 3423 3652 3467 ora-

1991 3503 2149 3560 tione
2166 3507 2602 3576 pernoctemus,
2620 3515 2741 3572 quo
2758 3499 2808 3554 is
2831 3497 2932 3570 qui
2946 3497 3169 3567 dignus
3187 3502 3275 3553 est
3294 3496 3646 3567 innotescat,

1992 3606 2063 3648 ne
2092 3591 2607 3648 communicemus
2629 3587 2886 3661 peccatis
2900 3585 3128 3642 alienis.
3158 3585 3345 3656 Elegit
3361 3590 3559 3642 autem
3576 3602 3650 3644 ex

1990 3681 2267 3737 omnibus
2305 3678 2683 3735 credentibus
2721 3677 2781 3732 in
2820 3676 3021 3748 ipsum
3060 3691 3209 3747 quos
3246 3675 3454 3741 voluit,
3500 3681 3650 3748 puta

1989 3771 2309 3842 digniores.
2339 3769 2521 3839 Elegit
2550 3768 2688 3824 item
2718 3771 2771 3822 et
2799 3768 2825 3821 J
2834 3765 3015 3821 udam
3045 3764 3403 3830 lscariotem,
3448 3771 3511 3821 ut
3540 3765 3647 3837 qui

1991 3842 2129 3916 tunc
2167 3860 2356 3914 bonus
2407 3862 2566 3923 erat;
2610 3855 2931 3912 ostendens
2980 3868 3043 3909 se
3092 3852 3322 3909 bonum
3366 3853 3645 3926 recipere,

1987 3949 2177 4005 donec
2194 3949 2389 4003 malus
2405 3946 2713 4002 efﬁciatur.
2734 3947 2798 3999 Et
2817 3958 3170 4016 quanquam
3197 3946 3650 4014 prtecoguoscat

1988 4038 2149 4110 quod
2178 4038 2443 4093 futurum
2474 4040 2579 4102 est,
2606 4050 2722 4091 non
2756 4038 2959 4089 tamen
2988 4032 3066 4088 ob
3096 4031 3359 4088 futuram
3388 4032 3647 4103 pravita-

1988 4132 2106 4184 tem
2132 4144 2270 4183 eum
2302 4125 2538 4198 abjecit,
2570 4124 2672 4197 qui
2711 4139 2869 4179 nunc
2896 4122 3090 4178 bonus
3128 4125 3232 4186 est,
3267 4120 3372 4176 sed
3402 4125 3646 4194 propter

1986 4217 2261 4273 virtutem
2275 4220 2624 4289 praesentem
2643 4213 2758 4270 sibi
2774 4210 3129 4269 familiarem
3143 4209 3456 4294 facitillum
3472 4211 3647 4298 etiam

1987 4305 2089 4378 qui
2114 4305 2313 4363 malus
2351 4305 2583 4361 futurus
2610 4308 2720 4360 est.

1911 4520 1957 4586 Β
2058 4523 2419 4578 Potestatem
2436 4493 2592 4574 vero
2618 4514 2889 4586 intelligit
2916 4491 3197 4570 virtutem
3237 4492 3647 4569 curandarum

1988 4610 2408 4684 aegritudinum
2426 4605 2979 4679 ejiciendorumque
3008 4602 3376 4657 daemonum.
3419 4599 3647 4655 Deinde

1986 4706 2228 4775 propter
2242 4698 2423 4755 falsos
2439 4693 2767 4769 apostolos,
2786 4691 3036 4747 nomina
3052 4704 3292 4762 quoque
3315 4688 3484 4761 ponit
3500 4702 3646 4760 apo-

1990 4790 2337 4935 “(tigillis
2369 4874 2444 4929 Et
2464 4872 2742 4944 imposuit
2763 4888 2833 4910 -—-'
2850 4868 3073 4924 Petrus.
3099 4865 3276 4938 Atqui
3290 4865 3361 4921 ‘in
3381 4866 3645 4935 Evange-

1986 4968 2066 5026 lio
2082 4968 2249 5037 juxta
2272 4966 2563 5021 Joannem
2585 4960 2895 5029 discimus,
2918 4955 3083 5029 quod
3106 4953 3354 5027 quando
3374 4953 3641 5025 primum

1988 5057 2165 5113 frater
2195 5054 2323 5125 ejus
2350 5051 2611 5107 Andreas
2638 5048 2806 5104 duxit
2830 5046 2997 5103 illum
3025 5044 3102 5102 ad
3131 5045 3359 5110 Iesum,
3391 5042 3641 5101 intuitus

1990 5161 2127 5202 eum
2156 5144 2326 5198 Jesus
2357 5140 2503 5197 dixit
2530 5156 2542 5194 :
2585 5140 2669 5195 Tu
2695 5153 2761 5211 es.
2779 5137 2976 5209 Simon
3000 5135 3165 5205 ﬁlius
3186 5133 3359 5204 Jona,
3384 5140 3447 5190 tu
3473 5148 3640 5191 voca-

1993 5234 2143 5293 beris
2158 5232 2395 5304 Cephas,
2419 5229 2576 5303 quod
2590 5235 2691 5297 est,
2715 5227 2764 5284 si
2777 5226 2898 5300 quis
2913 5226 3332 5296 interpretetur
3343 5224 3555 5281 Petrus
3569 5223 3639 5303 δί’,

1491 5515 1715 5583 Variae
1746 5514 2073 5611 lectiones
2114 5520 2181 5581 et
2208 5517 2410 5580 notia.

356 5649 470 5720 (32)
506 5650 683 5705 Multa
703 5650 804 5722 hic
822 5650 1040 5722 desunt
1069 5650 1231 5722 apud
1256 5623 1632 5713 Hentenium.

358 5724 473 5792 (33)
499 5722 638 5786 Quae
654 5721 749 5778 hic
770 5720 1007 5777 inclusa
1028 5720 1190 5787 sunt,
1213 5725 1544 5784 exciderant
1564 5743 1635 5784 ex
1657 5727 1791 5787 cod.
1813 5728 1886 5797 A,

1992 5656 2071 5713 ob
2102 5652 2518 5726 repetitionem
2546 5654 2658 5726 τοῦ,
2690 5649 2789 5726 τοῦ,
2818 5644 3025 5726 πρώτου
3060 5660 3174 5718 κεφ.

2063 5716 2187 5799 (34Ϊ
2210 5725 2500 5784 Nimirum
2540 5716 2672 5798 ἱερέα
2705 5721 2736 5782 ἣ
2769 5716 3050 5773 ἐπίσκοπον
