4170 6334
542 348 647 408 795

1857 347 2211 406 EUTHYMII
2248 346 2559 411 ZIGABEN
2566 351 2587 407 Ι

3796 352 3913 407 796

616 478 776 533 νοτε.
808 480 888 533 13.
917 477 987 533 Et
1005 478 1084 534 ait
1104 507 1170 520 —
1192 478 1534 549 cognoscetis
1562 479 1589 536 τ
1611 478 1829 535 Omnes
1854 474 2195 550 parabolas,

2380 481 2481 529 Καὶ
2527 476 2658 549 λέγει
2713 509 2777 518 -
2835 480 3137 550 γνώσεσθε;
3199 479 3382 539 ιιοξσας
3436 479 3529 539 τὰς
3584 475 3911 552 παραϐολὰς,

544 582 697 638 quas
736 566 957 623 scilicet
1002 568 1062 622 in
1105 584 1392 639 processu
1437 568 1704 624 dicturus
1751 573 1895 622 erat.
1944 567 2000 621 Si
2044 565 2198 621 hanc

543 655 806 721 nescitis,
856 656 1164 729 quomodo
1206 656 1338 711 illas
1381 658 1753 726 cognoscetis
1782 656 1809 710 ἱ)
1836 659 1953 711 Hoc
1999 660 2199 710 autem

542 744 710 810 dixit,
743 762 864 818 quo
894 747 1234 801 attentiores
1279 763 1382 802 eos
1415 747 1705 813 redderet,
1738 747 2022 818 ipsosque
2050 742 2201 799 exci-

544 834 714 887 taret.
749 831 968 886 Deinde
991 831 1404 901 interpretatur
1427 832 1648 888 dictam
1675 830 2053 904 parabolam.

616 920 781 977 Vers.
816 925 897 978 14.
933 921 1043 986 Qui
1068 954 1132 963 —
1159 924 1421 980 seminat.
1463 923 1687 980 Scilicet
1717 922 2019 979 doctrinae.

616 1028 777 1084 Vers.
831 1034 912 1085 l5.
958 1031 1041 1085 Hi
1069 1036 1258 1087 autem
1305 1063 1374 1071 —
1422 1031 1574 1087 viam
1620 1030 1707 1095 Hi,
1744 1028 1951 1102 quales
1989 1026 2017 1082 ?
2047 1041 2203 1099 quos

548 1118 814 1174 dicturus
853 1123 960 1174 est.

562 1218 574 1227 '
617 1208 789 1265 Vers.
814 1209 901 1263 15.
932 1208 1041 1265 Ubi
1062 1225 1372 1267 —eorum.
1392 1241 1459 1254 -
1489 1210 1597 1267 Ubi
1608 1209 1930 1267 seminatur
1944 1207 2200 1273 verbum,

546 1296 663 1354 hoc
702 1301 806 1353 est.
851 1299 912 1353 In
934 1313 1086 1370 quos
1117 1298 1462 1356 seminatur.
1496 1299 1727 1356 Dictum
1754 1302 1840 1355 est
1866 1301 2063 1352 autem
2128 1295 2203 1351 de

548 1386 643 1443 his
673 1386 955 1458 praedicto
1003 1388 1213 1460 capite.

560 1480 565 1483 “
621 1475 783 1532 Vers.
821 1481 903 1533 16.
950 1479 1026 1532 Et
1054 1478 1204 1534 hi—
1246 1478 1408 1534 Vers.
1440 1478 1527 1533 17.
1556 1477 1942 1547 οπθηάαηιιιν,
1972 1477 2203 1533 Dictum

551 1565 637 1617 est
674 1560 749 1615 de
772 1560 865 1615 his
904 1561 1062 1617 dicto
1092 1562 1303 1634 capite.

621 1649 782 1706 Vers.
822 1654 903 1706 18.
932 1653 1009 1707 Et
1046 1651 1107 1707 hi
1148 1682 1216 1692 —
1259 1652 1423 1707 Vers.
1478 1653 1567 1708 19.
1616 1650 1885 1723 efficitur.
1931 1649 2205 1708 Similiter

549 1753 793 1813 quoque
818 1739 892 1796 de
923 1741 1013 1796 his
1053 1740 1279 1796 dictum
1310 1746 1418 1798 est.

622 1827 980 1887 Vers.20.Hi
1016 1834 1308 1899 praeterea
1348 1861 1417 1873 —
1466 1830 1967 1888 centum.Dictum
2006 1833 2095 1886 est
2130 1827 2203 1885 de

548 1916 667 1973 his.
1634 1925 1641 1933 '

626 2024 790 2082 Vers.
811 2028 897 2080 21.
921 2026 1001 2080 Et
1016 2027 1239 2083 dicebat
1260 2056 1329 2067 ——
1345 2027 1636 2096 ponatur?
1662 2058 1727 2067 —
1760 2027 1944 2097 Venit,
1964 2026 2077 2083 hoc
2098 2030 2204 2093 est,

555 2113 633 2170 ad
645 2113 894 2181 ducitur,
916 2113 1174 2182 aﬂertur,
1194 2114 1423 2170 Dictum
1444 2121 1530 2172 est
1550 2120 1748 2172 autem
1765 2116 1839 2171 de
1856 2116 1990 2181 hoc,
2016 2115 2207 2187 capite

556 2202 757 2275 quinto
770 2203 1067 2275 Evangelii
1082 2204 1417 2260 secundum
1432 2205 1788 2272 Matthaaum,
1811 2210 1943 2277 post
1955 2204 2205 2261 beatitu-

554 2292 750 2348 dines.

568 2430 573 2435 .
625 2381 786 2436 Vers.
812 2381 903 2449 22,
927 2382 1046 2438 Non
1066 2413 1134 2424 —
1159 2383 1590 2453 manifestatur.
1621 2383 1794 2452 Quod
1817 2398 1936 2440 non
1960 2382 2209 2439 manife-

557 2472 760 2526 stetur.

568 2630 571 2633 .
626 2578 789 2633 Vers.
834 2579 921 2634 22.
950 2578 1145 2651 Neque
1173 2607 1248 2622 κ-
1274 2581 1484 2644 veniat.
1509 2582 1709 2653 Neque
1728 2580 1857 2647 fuit,
1882 2579 2088 2653 inquit,
2116 2595 2205 2636 se-

556 2670 804 2733 cretum,
835 2672 891 2724 ut
922 2668 1167 2723 omnino
1193 2675 1484 2725 secretum
1509 2674 1685 2736 esset,
1714 2669 1817 2725 sed
1847 2675 1910 2725 ut
1933 2669 2208 2741 quando-

555 2770 673 2826 que
688 2755 750 2809 in
771 2755 1146 2827 propatulum
1178 2759 1390 2815 veniat.
1417 2758 1499 2814 De
1518 2759 1633 2814 hoc
1650 2762 1848 2814 autem
1868 2758 2094 2815 dictum
2119 2765 2205 2813 est

555 2842 792 2901 decimo
817 2860 978 2900 nono
1005 2847 1197 2917 capite
1229 2847 1563 2903 secundum
1591 2848 1951 2904 Matthmum.

566 2986 571 2989 .
629 2932 792 2989 Vers.
841 2938 894 2989 2.
953 2934 1013 2989 Si
1057 2936 1189 3006 quis
1240 2966 1307 2977 ——
1350 2936 1580 2992 audiat.
1632 2936 1914 3008 Superius
1972 2936 2047 2994 de
2092 2936 2205 2993 hoc

556 3028 871 3079 tractatum
904 3029 1011 3081 est.

2308 565 2369 626 ἇς
2431 566 2596 637 μέλλει
2638 573 2831 643 προῖὼν
2889 567 3039 642 ἐρεῖν.
3074 568 3130 621 Εἰ
3178 571 3374 625 ταύτην
3427 567 3520 619 οὐκ
3570 563 3769 636 οἴδατε,
3802 574 3912 627 πῶς

2309 653 2499 718 ἐκείνας
2537 660 2832 728 γνώσεσθε;
2865 665 3029 710 Τοῦτο
3081 654 3140 710 δὲ
3173 654 3325 723 εἶπεν,
3356 655 3561 729 ἐγείρων
3602 656 3789 718 αὐτοὺς
3819 661 3911 709 καὶ

2312 741 2773 823 διορατικωτέρους
2818 756 2997 799 ποιῶν.
3050 744 3180 802 Εἶτα
3224 747 3489 822 ἐρμηνεύει
3517 751 3608 805 τήν
3656 746 3910 823 ῥηθεῖσαν

2310 853 2414 906 παρ
2422 833 2608 892 αϐολήν
2618 877 2630 889 .

2379 922 2437 973 Ὀ
2463 954 2531 962 --
2559 928 2777 997 σπείρει.
2810 927 2908 977 Τὸν
2935 932 3024 985 τῆς
3052 920 3424 984 διδασκαλίας.

2382 1012 2541 1065 Οὗτοι
2574 1009 2633 1065 δε
2664 1044 2717 1054 -
2755 1009 2898 1067 ὁδὸν.
2932 1014 3112 1081 Οὗτοι,
3152 1020 3327 1079 ποῖοι;
3371 1012 3475 1074 Οὗς
3505 1011 3627 1086 ἐρεῖ.

2388 1206 2545 1260 Ὀπου
2610 1231 2667 1242 -
2737 1208 2924 1262 αὐτῶν,
2991 1238 3051 1249 -
3116 1208 3284 1262 Ὀπου
3339 1212 3604 1281 σπείρεται
3652 1209 3678 1259 ὁ
3736 1206 3911 1279 λόγος,

2312 1295 2426 1349 ἀντὶ
2452 1305 2563 1363 τοῦ,
2597 1298 2690 1360 Εἰς
2717 1298 2802 1359 οῦς
2830 1302 3116 1371 σπείρεται.
3150 1301 3371 1371 Εἴρηται
3403 1295 3462 1351 δε
3492 1302 3608 1372 περὶ
3639 1300 3835 1351 τούτων
3858 1296 3914 1351 ἐν

2312 1394 2385 1456 τῷ
2416 1386 2759 1463 προῤῥηθέντι
2788 1387 3064 1461 κεφαλαίῳ.

2385 1481 2486 1529 Κάὶ
2521 1476 2664 1528 οὗτοι
2695 1508 2759 1517 -
2788 1474 3243 1537 σκανδαλίζονται.
3287 1478 3505 1547 Εἴρηται
3532 1481 3622 1528 καὶ
3653 1480 3769 1549 περὶ
3795 1479 3917 1529 τού-

2312 1585 2412 1618 των
2442 1564 2489 1618 ἐν
2522 1564 2693 1639 ἐκείνῳ
2705 1608 2717 1622 .

2386 1658 2487 1707 Καὶ
2537 1654 2681 1707 οὗτοι
2735 1684 2806 1695 -
2856 1658 3074 1726 γίνεται.
3134 1657 3349 1727 Εἴρηται
3406 1658 3496 1706 καὶ
3548 1658 3665 1727 περὶ
3715 1658 3918 1709 τούτων

2315 1744 2476 1816 ὁμοίω
2486 1764 2526 1806 ς.

2390 1837 2489 1886 Καὶ
2519 1834 2659 1886 οὗτοι
2697 1863 2764 1875 -
2796 1831 2992 1887 ἑκατόν.
3027 1835 3242 1907 Εἴρηται
3266 1836 3355 1885 καὶ
3385 1837 3503 1907 περὶ
3531 1834 3747 1889 τούτων.

2387 2015 2487 2065 Καὶ
2516 2011 2677 2083 ἔλεγεν
2714 2044 2773 2052 -
2801 2014 2920 2084 τεθῇ
2944 2030 2957 2079 ;
2991 2042 3060 2054 —
3082 2011 3361 2085 Ἔρχεται,
3392 2010 3505 2064 ἀντὶ
3534 2019 3646 2083 τοῦ,
3672 2010 3916 2083 Ἀγεται,

2313 2104 2605 2173 κομίζεται.
2646 2103 2859 2174 Εἴρηται
2895 2097 2954 2153 δε
2991 2105 3075 2153 καὶ
3127 2105 3244 2174 περὶ
3288 2103 3472 2153 τούτου
3519 2098 3566 2152 ἓν
3598 2108 3669 2172 τῷ
3698 2103 3917 2173 πέμπτῳ

2314 2189 2573 2262 κεφαλαίῳ
2601 2198 2693 2243 τοῦ
2719 2192 2853 2243 κατὰ
2879 2192 3169 2246 Ματθαῖον.

2386 2385 2463 2438 Οὐ
2492 2417 2553 2427 -
2588 2387 2875 2460 φανερωθῇ.
2900 2384 2965 2438 Ὀ
2991 2387 3052 2438 ἄν
3079 2386 3194 2458 (38)
3226 2385 3285 2437 οὐ
3308 2387 3603 2459 φανερωθῇ.

2387 2569 2527 2626 Οὐδὲ
2562 2603 2623 2613 ·-
2654 2574 2800 2646 ἔλθῃ.
2832 2568 2973 2625 Οὐδὲ
3002 2571 3215 2644 ἐγένετο,
3257 2576 3434 2646 φησὶν.
3468 2571 3784 2645 ἀπόκρυφον,
3828 2572 3911 2623 ἴνα

2314 2665 2515 2737 κρυφθῇ
2551 2663 2661 2734 (39)
2713 2659 2806 2715 διὰ
2857 2666 3069 2727 παντὸς,
3120 2661 3225 2714 ἀλλ’
3274 2663 3356 2714 ἴνα
3397 2664 3521 2715 ποτε
3576 2662 3647 2724 εἰς
3699 2664 3907 2733 φανερὸν

2313 2753 2456 2826 ἔλθῃ.
2510 2756 2633 2826 Περὶ
2679 2754 2864 2805 τούτου
2916 2748 2975 2804 δι
3014 2754 3218 2824 εἴρηται
3266 2750 3313 2804 ἐν
3362 2758 3433 2822 τῷ
3474 2746 3896 2818 ἕννεακαιδεκοίτῳ

2313 2845 2570 2912 κεφαλαίῳ
2601 2848 2690 2893 τοῦ
2720 2843 2855 2893 κατὰ
2878 2842 3166 2895 Mareotica.

628 3114 793 3168 Vers.
819 3115 909 3170 24.
941 3115 1018 3170 Et
1043 3113 1264 3172 dicebat
1302 3146 1369 3157 —
1417 3115 1677 3173 audiatis
1716 3146 1785 3159 —
1826 3117 2046 3189 Videte,
2089 3117 2205 3174 hoc

2387 3112 2486 3161 Καὶ
2518 3106 2650 3179 λέγει
2689 3139 2755 3148 -
2782 3106 3009 3163 ἀκούετε.
3051 3138 3117 3149 -
3150 3106 3379 3175 Βλέπετε,
3413 3106 3527 3160 ἀντὶ
3568 3114 3683 3175 τοῦ,
3736 3112 3907 3179 Προσ-

556 3206 664 3268 est,
702 3203 1020 3259 Attendite.

569 3341 573 3344 .
616 3292 780 3349 Vers.
812 3296 900 3349 24.
930 3293 1058 3361 Qua
1095 3309 1376 3351 mensura
1430 3325 1500 3336 —
1546 3294 1722 3351 vobis.
1757 3297 1884 3361 Qua
1921 3311 2208 3352 mensura

555 3383 847 3439 metimlni
878 3384 1285 3453 attentionem,
1319 3385 1379 3440 in
1408 3385 1622 3441 eadem
1652 3386 1927 3442 metietur
1955 3386 2126 3443 vobis
2147 3386 2207 3442 in

554 3472 913 3541 cognitione,
930 3472 1043 3529 hoc
1059 3478 1166 3539 est,
1193 3480 1485 3545 quantum
1509 3474 1816 3531 intuleritis
1840 3475 2205 3543 attentionis,

555 3565 788 3617 tantum
810 3562 1145 3617 conferetur
1171 3562 1344 3619 vobis
1373 3565 1755 3634 cognitionis.

570 3665 579 3673 '
628 3651 791 3706 Vers.
818 3655 906 3707 24.
938 3652 1018 3707 Ει
1040 3652 1293 3709 addetur
1310 3654 1472 3719 vobis
1492 3654 1596 3725 qui
1609 3654 1848 3710 auditis.
1878 3657 1994 3711 Nec
2010 3654 2205 3711 solum

553 3755 660 3813 per
686 3741 842 3797 hanc
875 3757 1246 3809 mensuram,
1269 3758 1478 3799 verum
1520 3744 1697 3801 etiam
1736 3744 2024 3816 amplius.

626 3831 786 3886 Vers.
820 3832 905 3885 25.
939 3832 1330 3903 Quincunque
1350 3833 1504 3890 enim
1534 3865 1602 3876 -
1632 3834 1702 3890 ab
1732 3850 1816 3891 eo.
1852 3834 2207 3906 Quicunque

553 3919 830 3977 habuerit
853 3923 1242 3977 attentionem
1281 3922 1522 3981 dabitur
1563 3924 1615 3979 ei
1682 3924 1941 3993 cognitio
1974 3941 1988 3991 ;
2021 3930 2075 3980 et
2104 3924 2209 3997 qui

556 4025 680 4075 non
734 4009 934 4076 habet,
992 4027 1198 4067 semen
1235 4013 1595 4081 cognitionis
1645 4013 1945 4070 auferetur
1988 4008 2065 4069 ab
2114 4029 2205 4070 eo.

557 4099 1084 4167 Quemadmodum
1141 4101 1300 4156 enim
1333 4101 1594 4157 studium
1628 4108 1807 4171 auget
1835 4102 1948 4159 tale
1979 4118 2206 4171 semen,

557 4189 641 4243 ita
666 4187 943 4256 segnities
970 4188 1318 4259 corrumpit.

629 4277 695 4332 In
721 4275 1038 4345 Evangelia
1063 4280 1262 4333 autem
1303 4278 1633 4334 secundum
1686 4279 2029 4336 Matthmum
2078 4280 2210 4337 hinc

560 4364 676 4421 alio
708 4364 891 4420 modo
912 4364 1070 4422 dicta
1100 4370 1253 4433 sunt,
1287 4370 1347 4423 et
1381 4367 1553 4438 juxta
1596 4367 1781 4424 alium
1818 4368 2206 4426 intellectum.

2382 2932 2444 2983 Εἴ
2483 2949 2559 2991 τις
2600 2961 2663 2969 -
2709 2929 2954 2983 ἀκουέτω.
3002 2928 3261 3005 Ἀνωτέρω
3308 2934 3423 3005 περὶ
3469 2931 3649 2982 τούτου
3707 2923 3905 2984 διείλη-

2312 3037 2459 3073 πται.

2314 3195 2479 3269 ἔχετε.

2385 3288 2466 3340 Ἐν
2590 3290 2760 3360 μέτρῳ
2803 3318 2872 3328 -
2918 3289 3060 3356 ὑμῖν.
3108 3292 3189 3340 Ἐν
3319 3290 3489 3362 μέτρῳ
3535 3292 3761 3358 μετρεῖτε
3816 3287 3911 3343 τήν

2314 3381 2610 3450 προσοχὴν,
2644 3379 2692 3428 ἐν
2739 3384 2807 3447 τῷ
2838 3376 2977 3446 αὐτῷ
3010 3378 3396 3449 μετρηθήσεται
3434 3376 3554 3447 ὑμῖν
3612 3377 3641 3434 ἡ
3701 3382 3909 3446 γνῶσις,

2315 3470 2598 3529 τουτέστιν,
2644 3467 2773 3523 ὅσην
2820 3465 3075 3539 εἰσφέρετε
3130 3469 3427 3539 προσοχὴν,
3470 3467 3702 3522 τοσαύτη
3747 3482 3913 3535 παρα-

2319 3557 2637 3627 σχεθήσεται
2669 3556 2788 3626 ὑμῖν
2812 3563 3029 3626 γνῶσις.

2390 3649 2489 3697 Καὶ
2512 3645 2929 3717 προστεθήσεται
2958 3644 3079 3715 ὑμῖν
3108 3650 3215 3703 τοῖς
3246 3640 3515 3697 ἀκούουσι.
3552 3647 3653 3695 Καὶ
3674 3640 3731 3694 οὐ
3759 3645 3913 3714 μόνον

2317 3740 2364 3793 ἐν
2391 3750 2462 3812 τῷ
2494 3741 2633 3812 αὐτῷ
2663 3745 2853 3815 μέτρῳ,
2889 3739 3014 3792 ἀλλὰ
3037 3744 3129 3792 καὶ
3150 3739 3317 3793 πλέον.

2386 3830 2481 3891 ’ος
2536 3833 2636 3904 γὰρ
2698 3861 2761 3870 —
2825 3828 2913 3881 ἀπ’
2971 3829 3145 3883 αὐτοῦ.
3197 3836 3287 3890 Ὃς
3333 3830 3394 3881 ἄν
3455 3831 3555 3901 εχη
3610 3832 3913 3903 προσοχὴν,

2319 3916 2604 3979 δοθήσεται
2635 3918 2774 3990 αὐτῷ
2820 3926 3035 3990 γνῶσις,
3081 3923 3170 3971 καὶ
3202 3919 3255 3979 ὅς
3288 3918 3380 3970 οὐκ
3407 3920 3541 3990 ἔχει,
3590 3924 3700 3984 καὶ,
3742 3920 3769 3969 ὃ
3802 3920 3914 3988 ἰχει

2321 4013 2529 4081 σπέρμα
2556 4014 2815 4081 γνώσεως,
2843 4009 3132 4079 ἀρθήσεται
3167 4005 3258 4059 ἀπ’
3278 4014 3457 4061 αυτοῦ.
3490 4008 3734 4080 Καθάπερ
3759 4010 3858 4080 γὰρ
3877 4008 3907 4063 ἠ

2320 4095 2525 4156 σπουδή
2558 4098 2702 4160 αὔξει
2744 4101 2801 4149 τὸ
2830 4104 3083 4161 τοιοῦτον,
3135 4096 3270 4149 οὕτω
3298 4101 3387 4149 καὶ
3430 4095 3544 4168 (40)
3594 4098 3625 4155 ἠ
3681 4097 3917 4170 ῥᾳθυμία

2321 4184 2628 4259 διαφθείρει.

2390 4277 2471 4329 Ἐν
2494 4285 2566 4347 τῷ
2604 4277 2739 4328 κατὰ
2765 4275 3033 4329 Ματθαῖον
3082 4270 3161 4341 δὲ,
3194 4278 3383 4349 τρόπον
3422 4276 3589 4349 ἕτερον
3620 4272 3917 4349 ἐρρήθησαν

2317 4373 2504 4431 ταῦτα,
2534 4369 2625 4417 καὶ
2653 4365 2767 4416 κατ’
2800 4362 2957 4420 οἰλλην
2988 4365 3203 4420 ἔννοιαν.

631 4456 790 4509 νοτε.
825 4458 914 4510 26.
946 4454 1025 4509 Et
1052 4455 1279 4511 dicebat
1312 4485 1376 4498 --
1406 4457 1572 4512 Vers.
1602 4458 1689 4512 27.
1722 4457 1895 4513 nescit
1942 4459 2066 4515 itte.
2106 4461 2206 4515 Re-

2392 4459 2492 4508 Καὶ
2542 4454 2705 4525 ἔλεγεν
2751 4483 2816 4494 -—
2876 4448 3015 4505 οἶδεν
3064 4452 3236 4512 αὐτός.
3296 4451 3566 4505 Βασιλείαν
3597 4458 3688 4505 τοῦ
3741 4459 3915 4505 Θεοῦ·

562 4558 750 4614 gnum
780 4559 939 4600 nunc
966 4543 1069 4599 Dei
1094 4544 1359 4615 seipsum
1381 4545 1660 4618 appellat,
1703 4551 1984 4619 tanquam
2006 4563 2208 4619 regem

563 4638 619 4691 et
651 4636 860 4689 Deum.
920 4633 1192 4690 Similiter
1229 4642 1286 4690 et
1324 4635 1631 4692 hominem
1678 4652 1738 4692 se
1774 4642 1963 4703 vocat,
2009 4643 2208 4710 utpote

562 4725 959 4781 incarnatum.
994 4723 1199 4779 Semen
1243 4731 1445 4781 autem
1485 4725 1828 4795 evangelica
1886 4734 2206 4800 pracepta.

561 4816 799 4875 Terram
853 4828 992 4868 vero
1040 4813 1314 4868 homines
1345 4820 1629 4879 terrenos,
1670 4820 1931 4872 attamen
1975 4815 2208 4886 bonos;

560 4918 706 4960 nam
737 4902 808 4958 de
848 4902 989 4958 solis
1018 4902 1113 4956 his
1144 4902 1211 4957 ﬁt
1234 4903 1324 4958 hic
1354 4920 1569 4959 sermo.
1622 4906 1915 4961 Somnum
1943 4922 2207 4979 quoque,

561 4992 851 5063 requiem.
882 4991 1168 5047 Excitatur
1198 5006 1357 5061 ergo,
1414 4996 1585 5048 nocte
1615 4992 1882 5065 quidem,
1916 4994 2054 5050 dum
2083 5012 2213 5067 per-

566 5080 743 5135 mittit
769 5079 971 5135 induci
1008 5080 1383 5149 tentationes,
1412 5096 1548 5158 quae
1577 5098 1688 5138 nos
1715 5081 1796 5138 ad
1822 5088 2061 5153 gratum
2093 5085 2213 5142 Deo

566 5168 918 5240 obsequium
939 5174 1286 5241 provocant.
1321 5172 1446 5227 Nox
1476 5170 1636 5226 enim
1663 5172 2020 5228 tentationes
2049 5178 2209 5243 sunt,

568 5260 808 5330 propter
832 5257 1255 5316 obscuritatem
1294 5259 1565 5315 tristitiae.
1598 5260 1697 5316 Die
1735 5276 1898 5329 vero,
1931 5262 2078 5318 dum
2107 5278 2216 5335 per

2318 4548 2403 4597 νύν
2445 4543 2687 4615 ὁνομαζει
2728 4541 2927 4606 ἑαυτὸν,
2982 4544 3052 4602 ὡς
3106 4539 3332 4613 βασιλέα
3384 4546 3474 4593 καὶ
3505 4545 3671 4595 Θεὸν·
3730 4543 3920 4613 ὁμοίως

2321 4632 2379 4687 δὲ
2418 4638 2507 4685 καὶ
2547 4633 2659 4703 (41)
2721 4632 3011 4705 ἄνθρωπον,
3061 4632 3129 4691 ὡς
3172 4628 3659 4702 ἐνανθρωπήσαντα.
3723 4636 3918 4703 Σπόρον

2321 4721 2380 4777 δὲ
2425 4722 2580 4794 λέγει,
2648 4723 2739 4783 τὰς
2799 4719 3129 4791 εὐαγγελικὰς
3200 4718 3440 4781 ἐντολάς’
3496 4727 3595 4790 γῆν
3664 4714 3741 4787 δί,
3802 4722 3921 4779 τοὺς

2321 4813 2575 4885 ἐπιγείους
2631 4809 2950 4884 ἀνθρώπους,
3010 4808 3139 4859 ἀλλὰ
3176 4812 3297 4869 τοὺς
3355 4806 3609 4879 ἀγαθούς·
3659 4812 3777 4881 περὶ
3826 4812 3921 4879 μό-

2320 4924 2415 4955 νων
2462 4904 2562 4975 γὰρ
2620 4902 2814 4950 τούτων
2872 4898 2896 4948 ὁ
2944 4895 3097 4967 λόγος
3154 4898 3402 4950 ἐνταῦθα·
3458 4893 3781 4955 καθεύδησιν
3836 4893 3917 4967 δε,

2322 4996 2414 5048 τήν
2463 4989 2757 5061 ἀναμονήν·
2793 4988 3043 5061 ἐγείρεται
3088 4982 3165 5052 δὲ,
3216 4988 3375 5039 νύκτα
3429 4989 3539 5058 μὲν,
3590 4987 3711 5037 ὅταν
3748 5004 3922 5059 παραυ

2323 5088 2473 5153 χωρῇ
2562 5080 2678 5137 τοὺς
2764 5078 3081 5147 πειρασμοὺς
3157 5074 3465 5146 ἐπάγεσθαι,
3545 5071 3924 5135 διανιστώντας

2324 5174 2463 5243 ἡμᾶς
2509 5167 2579 5229 εἰς
2631 5165 2968 5240 εὐαρέστησιν
3018 5170 3161 5217 Θεου·
3209 5165 3303 5227 νὺξ
3348 5166 3471 5238 γὰρ,
3501 5166 3549 5217 οἱ
3613 5168 3921 5237 πειρασμοὶ,

2326 5257 2420 5314 διὰ
2456 5261 2542 5310 τὸν
2584 5256 2864 5325 σκοτισμόν
2904 5260 2994 5313 τῆς
3021 5252 3222 5316 λύπης’
3274 5255 3469 5327 ἡμέραν
3526 5250 3604 5320 δε,
3658 5254 3777 5305 ὅταν
3828 5248 3928 5305 δια

1784 5414 2010 5485 Variae
2038 5414 2365 5484 lectiones
2402 5418 2470 5480 et
2508 5418 2712 5478 noue.

572 5555 581 5573 τ
618 5579 757 5651 ,(38)
781 5580 955 5651 Apud
984 5578 1332 5636 Hentenium
1358 5581 1457 5637 hic
1480 5598 1689 5639 versus
1720 5599 1842 5639 uno
1872 5584 2095 5639 scholio
2123 5600 2216 5639 ex-

571 5650 845 5727 plicatur.
875 5654 1021 5727 Ergo
1062 5653 1273 5706 desunt
1310 5654 1435 5709 haec
1459 5659 1716 5726 quatuor
1743 5654 2055 5721 vocabula,
2083 5671 2220 5727 quae

573 5722 871 5795 explicant
894 5726 977 5777 ἐάν
1008 5728 1102 5795 μή.

2424 5579 2515 5649 39)
2557 5576 2757 5652 Κρυϐῇ,
2795 5582 2851 5631 Β.

2426 5648 2517 5719 40)
2558 5648 2683 5713 Καί,
2705 5648 2893 5719 abest.
2921 5653 2978 5719 Β.

2340 5744 2348 5781 ;
2401 5716 2523 5795 (Ml
2553 5720 2770 5795 ξομοίως
2797 5716 2877 5792 δέ,
2906 5717 3125 5777 absunt
3150 5719 3221 5773 Α.
3312 5750 3317 5755 ι
