4170 6334
277 342 381 403 797
1226 336 1591 394 COMMENT.
1637 333 1704 391 ΙΝ
1744 330 2076 389 MARCUM.
2115 362 2183 372 -—-
2222 330 2379 388 CAP.
2422 333 2512 391 IV.
3513 333 3625 392 798

266 476 365 523 τῶν
451 467 821 539 χρηστοτίρων
950 476 1055 538 παρ
1063 466 1350 537 αμυθῆται,
1452 464 1859 537 παραθηγόντων

2002 457 2203 514 ιιὶΙὶοτδ
2224 459 2586 527 consolatur,
2602 477 2736 534 quae
2758 476 2869 519 nos
2894 460 2974 519 ad
2989 461 3260 519 virtutem
3276 466 3574 518 exacuunt
3599 474 3616 518 :

270 560 399 630 ἡμᾶς
437 556 503 616 εἰς
555 553 739 628 ἀρετήν
783 573 795 585 ’
844 555 1014 627 ἡμέρα
1064 557 1165 628 γὰρ
1216 563 1401 621 ταῦτα,
1437 550 1533 605 διὰ
1568 556 1653 604 τόν
1708 570 1862 623 φωτι-

2002 562 2112 601 iam
2138 548 2265 603 hinc
2296 549 2451 604 diem
2475 549 2828 620 signiﬁcant,
2854 556 3095 623 propter
3121 552 3618 608 illuminationem

267 651 394 719 σμόν
424 654 512 705 τῆς
543 645 862 718 εὐφροσύνης
904 664 916 677 ·
971 643 1282 717 βλαστάνειν
1323 642 1382 697 δὲ
1420 650 1508 697 καὶ
1538 644 1862 716 μηκύνεσθαι

2002 635 2204 691 Eetitiaa.
2237 636 2581 693 Germiuare
2612 655 2749 694 vero
2782 646 3060 709 segetem,
3106 644 3163 697 et
3185 640 3244 696 in
3276 640 3461 696 altum
3494 656 3620 696 sur-

262 739 350 787 τόν
402 738 593 808 σπόρον
646 733 697 786 ἐν
755 733 942 806 ἀγνοίᾳ
1013 742 1102 786 τοῦ
1190 739 1496 810 σπείραντος
1554 731 1708 803 εἶπεν,
1776 732 1863 803 ἐμ-

2002 738 2109 787 :ere
2129 723 2293 791 dixit,
2340 726 2486 781 dum
2517 728 2751 797 ignorat
2790 728 2840 783 is
2869 729 2971 800 qui
3020 729 3352 798 seminavit,
3382 734 3623 801 sponta-

262 828 450 897 φαίνων
500 826 560 875 τό
609 822 902 895 αὐτόματον
952 830 1047 885 τῆς
1095 826 1340 884 τοιαύτης
1393 822 1733 897 βλαστήσεως
1772 825 1862 873 καὶ

2002 828 2151 868 ιειιω
2183 831 2336 886 opus
2370 817 2759 873 manifestans
2789 819 3233 889 germinationis
3277 824 3453 891 atque
3498 834 3618 875 cre-

260 912 543 975 αὐξήσεως,
605 916 691 964 καὶ
740 913 821 964 ὅτι
875 915 1009 965 κατὰ
1061 918 1389 988 προαίρεσιν,
1445 917 1535 965 καὶ
1601 912 1658 965 οὐ
1728 912 1864 963 κατὰ

2002 902 2157 958 uenti
2212 905 2542 976 :quodque
2581 906 2753 976 juxta
2782 905 3147 963 voluntatem
3192 912 3250 963 et
3298 923 3418 963 non
3452 909 3621 978 juxta

260 1000 491 1072 ἀνάγκην
524 999 808 1074 βλαστάνει
836 1006 924 1054 καὶ
966 1001 1193 1065 αὔξεται.
1249 1008 1350 1055 Καὶ
1381 1010 1529 1055 τοῦτο
1578 999 1734 1061 δῆλον
1763 1000 1862 1052 ἀπὸ

2002 992 2385 1049 ιοοθεεὶίειῐθω
2402 994 2700 1063 germinat
2712 1011 2780 1050 ac
2794 994 3001 1052 crescit
3022 1012 3034 1061 ;
3052 1000 3108 1052 et
3122 997 3235 1053 hoc
3247 996 3625 1053 manifestum

258 1098 358 1145 τῶν
386 1090 521 1153 ἑξῆς.

2002 1085 2062 1136 ist
2083 1097 2156 1137 ex
2183 1081 2275 1137 his
2304 1098 2440 1154 quae
2471 1090 2822 1156 sequuntur.

332 1180 617 1252 Αὐτομάτη
665 1211 733 1222 -—
788 1183 1009 1252 στάχυῐ.
1075 1186 1274 1254 Χόρτον
1318 1188 1407 1254 μὲν
1458 1182 1862 1255 βλαστάνουσιν,

2044 1171 2207 1227 Vers.
2234 1173 2321 1226 28.
2359 1173 2526 1228 Ultro
2552 1204 2619 1214 —
2644 1175 2702 1229 in
2731 1173 2909 1243 spica.
2943 1173 3201 1230 Herbam
3219 1173 3467 1246 quidem
3496 1189 3625 1244 ger-

262 1270 310 1321 οί
378 1267 558 1344 ἀρχὴν
634 1278 723 1330 τῆς
807 1268 991 1345 ἀρετῆς
1049 1277 1473 1345 παραφαίνοντες,
1533 1270 1621 1324 καὶ
1678 1271 1867 1324 ἁπαλοὶ

2002 1260 2226 1325 uiuant,
2247 1261 2349 1333 qui
2374 1260 2599 1319 virtutis
2620 1262 2982 1335 principium
3012 1263 3516 1329 demonstrantes,
3544 1263 3625 1320 ad

258 1360 391 1430 πρὸς
419 1357 625 1430 ἀγῶνας
677 1362 810 1420 ὄντες
866 1361 941 1411 ἔτι
974 1377 985 1389 ·
1048 1346 1256 1432 στάχυν
1304 1357 1382 1430 δὲ,
1438 1361 1867 1437 οἰπροκόψαντες

2002 1350 2300 1407 :ertamina
2330 1351 2707 1408 suntadh’uc
2751 1352 3005 1409 delicati.
3050 1354 3288 1425 Spicam
3325 1368 3488 1419 vero,
3520 1352 3628 1426 qui

258 1447 326 1507 εἰς
380 1449 441 1499 τό
490 1446 690 1519 ἀγαθὸν
758 1453 848 1501 καὶ
905 1448 1229 1524 στερρότεροι
1290 1454 1417 1524 πρὸς
1480 1453 1571 1513 τὰς
1621 1454 1866 1525 ἐπηρείας

2002 1454 2035 1497 n
2060 1438 2218 1495 bono
2248 1440 2559 1510 progressi,
2594 1444 2652 1497 et
2682 1441 2763 1498 ad
2808 1440 3184 1497 suﬂ‘erendas
3241 1442 3627 1498 contumelias

253 1540 530 1608 γεγονότες
582 1541 671 1589 καὶ
721 1540 823 1611 γὰρ
869 1539 896 1592 ὁ
948 1541 1155 1611 Στάχυς
1208 1544 1298 1592 καὶ
1345 1540 1457 1612 (42)
1510 1545 1697 1612 γόνασι
1750 1538 1865 1593 δια-

2002 1528 2242 1585 luriores
2269 1528 2457 1586 eﬁ'ecti
2492 1535 2627 1587 sunt
2659 1547 2671 1586 :
2716 1531 2883 1604 spica
2920 1531 3219 1602 siquidem
3271 1530 3628 1588 internodiis

256 1624 539 1691 ζώννυται,
568 1631 658 1679 καὶ
713 1628 882 1700 ὄρθιος
914 1628 1171 1700 ἵσταται).
1214 1629 1385 1703 πλήρη
1419 1627 1478 1683 δε
1524 1639 1687 1696 σῖτον,
1719 1633 1769 1682 οἱ
1807 1633 1864 1683 τό

2002 1618 2375 1689 listinguitur,
2422 1623 2478 1675 et
2526 1624 2689 1677 recta
2738 1620 2799 1676 in
2834 1620 3020 1677 altum
3058 1621 3321 1690 erigitur.
3375 1620 3627 1677 Plenum

260 1713 451 1766 τέλειον
481 1722 948 1792 καρποφοροῦντες.
1368 1701 1380 1713 .

2002 1712 2175 1764 tutem
2231 1706 2618 1776 frumentum,
2663 1709 2767 1782 qui
2813 1708 3137 1782 perfectam
3187 1710 3463 1767 virtutem
3510 1708 3626 1766 Eru-

1944 1864 1945 1867 η
1973 1796 2252 1853 ctiﬁcant.

2006 1942 2010 1944 γ
2048 1887 2211 1941 Vers.
2240 1888 2331 1941 29.
2358 1887 2506 1943 Cum
2529 1893 2799 1944 autem—
2815 1888 3011 1945 messis
3034 1917 3122 1942 .—
3138 1888 3289 1945 Cum
3308 1888 3629 1957 productus

1971 1975 2462 2045 fuerit,sivecum
2487 1976 2996 2032 maturuerit:hoc
3018 1981 3123 2042 est,
3148 1976 3251 2031 ubi
3281 1991 3492 2032 omnes
3523 1975 3631 2048 qui

1975 2063 3381 2123 frnetumsuntallaturifructiﬁcaverint.Falcem
3394 2080 3535 2120 vero
3548 2064 3631 2120 di-

1977 2153 2053 2208 cit
2066 2152 2332 2218 verbum,
2349 2168 2471 2225 quo
2490 2154 2697 2209 mundi
2712 2154 3637 2227 imperabitconsummationem.

1978 2241 2180 2298 lassis
2237 2246 2456 2308 autem,
2515 2242 2781 2300 collectio
2822 2243 3120 2313 justorum
3176 2248 3297 2309 est;
3336 2242 3415 2298 .hi
3470 2242 3634 2299 enim

1976 2330 2202 2386 fructus
2230 2337 2369 2386 sunt
2393 2332 2753 2403 evangelicae
2777 2333 3012 2405 segetis.

2048 2419 2214 2478 Vere.
2254 2420 2344 2477 30.
2374 2420 2454 2477 Et
2498 2421 2725 2478 dicebat
2753 2454 2822 2465 —
2848 2422 2996 2477 illud
3032 2422 3061 2476 Υ
3106 2422 3488 2492 Confercmus
3518 2420 3633 2477 hoc

1979 2515 2089 2576 est,
2106 2509 2380 2581 exemplo
2406 2511 2935 2568 manifestabimus.

2053 2601 2215 2655 Vers.
2249 2602 2339 2657 31.
2368 2600 2470 2655 Est
2496 2600 2649 2657 sicut
2661 2616 2913 2672 granum
2936 2599 3178 2670 sinapis.
3204 2601 3407 2666 Quaere
3433 2605 3633 2656 autem

1981 2689 2157 2747 totius
2174 2688 2349 2760 hujus
2364 2690 2669 2762 parabolas
2685 2690 3110 2762 expositionem
3124 2690 3411 2745 vicesimo
3423 2692 3633 2761 quarto

1983 2779 2173 2849 capite
2203 2779 2671 2853 Evangeliijuxta
2704 2780 3062 2837 Matthmum.

331 1923 499 1979 Ὀταν
533 1924 590 1980 δὲ
647 1960 714 1970 —-
763 1931 788 1982 ό
848 1932 1111 2006 θερισμός.
1150 1962 1219 1972 ——
1274 1930 1437 1984 Ὀταν
1466 1929 1709 2005 παραδῷ,
1754 1932 1866 1986 ἀντὶ

257 2023 374 2081 τοῦ,
430 2016 599 2069 Ὀταν
638 2019 829 2092 ὥριμος
881 2024 1114 2092 γένηται,
1170 2026 1459 2087 τουτέστιν,
1519 2025 1635 2075 ὅταν
1684 2026 1867 2085 πάντες

260 2106 310 2157 οἱ
368 2115 775 2180 καρποφορῆσαι
868 2109 1131 2181 μέλλοντες
1214 2118 1680 2185 καρποφορήσωσι.
1743 2117 1868 2187 Δρέ-

257 2213 421 2247 πανον
469 2191 554 2260 δὲ,
588 2198 612 2247 ὁ
641 2196 811 2269 λόγος,
867 2200 891 2250 ὁ
938 2203 1032 2257 τὴν
1082 2200 1370 2254 συντέλειαν
1412 2210 1503 2254 τοῦ
1551 2208 1751 2275 κόσμου
1781 2223 1870 2256 κε-

258 2282 438 2336 λεύων
510 2287 753 2358 θερισμός
835 2284 914 2353 δὲ,
998 2290 1026 2347 ἡ
1087 2287 1387 2361 συγκομιδὴ
1448 2300 1546 2343 τῶν
1628 2288 1865 2349 δικαίων.

256 2373 418 2427 Οὗτοι
448 2376 563 2449 γὰρ
600 2381 791 2449 καρποὶ
810 2384 899 2429 τοῦ
929 2378 1262 2450 εὐαγγελικοῡ
1296 2383 1608 2454 σπέρματος.

269 2456 275 2461 ’
331 2467 435 2515 Καὶ
469 2462 613 2534 ἔλεγε
644 2496 708 2506 -—
758 2465 956 2534 αὖτήν;
999 2497 1066 2508 -
1108 2467 1509 2544 Παραϐαλοῡμεν
1570 2471 1703 2542 (43),
1758 2472 1871 2523 ἀντὶ

252 2559 369 2616 τοῦ,
402 2549 823 2627 Παραδείξομεν.

325 2640 443 2704 Ὠς
556 2646 740 2696 κόκκον
822 2645 1095 2708 σινάπεως.
1203 2644 1587 2721 Παραδείξομεν
1685 2648 1868 2715 αὐτὴν,

256 2725 532 2789 δηλονότι.
571 2737 809 2791 Ζήτησον
871 2731 928 2787 δὲ
979 2740 1073 2793 τὴν
1130 2728 1375 2808 ἐξήγησιν
1438 2747 1533 2799 τῆς
1577 2737 1873 2813 παραϐολῆς

256 2823 461 2889 ταύτης
525 2820 646 2882 ὅλης
690 2820 738 2873 ἐν
794 2831 865 2894 τῷ
916 2824 1133 2897 εἰκοστῷ
1210 2829 1435 2899 τετάρτῳ
1486 2827 1742 2902 κεφαλαίῳ
1782 2836 1874 2883 τοῦ

260 2912 400 2960 κατὰ
433 2912 726 2963 Ματθαῖον.

336 2996 436 3059 ’ος
520 3000 638 3051 ὅταν
676 3030 746 3042 --
801 3010 1176 3061 κατασκηνοῦν.
1236 3010 1428 3080 Τρίτην
1488 3008 1725 3079 εὑρήσεις
1785 3012 1873 3066 τὴν

339 3105 343 3106 ν
423 3086 455 3106 ρ
488 3086 544 3106 η.
733 3092 745 3106 .
1131 3098 1139 3106 ,
1296 3097 1305 3106 .
1470 3103 1488 3106 μ
1711 3094 1736 3106 ,.
1767 3095 1782 3106 .
1836 3101 1856 3106 _

2060 3032 2215 3087 Vers.
2256 3031 2348 3087 3t.
2393 3030 2558 3097 Quod
2585 3030 2722 3086 dum
2748 3061 2811 3074 -—
2844 3029 3007 3085 Vers.
3040 3032 3126 3085 33.
3154 3028 3473 3099 nidi/imre.
3504 3029 3635 3085 Ter-

266 3086 582 3160 παραϐολὴν
655 3092 847 3148 ταύτην
917 3098 1229 3165 τεταγμένην
1286 3097 1333 3146 ἐν
1396 3103 1506 3157 ταῖς
1559 3094 1873 3172 παραϐολαῖς

2002 3122 2067 3178 .ἰο
2090 3120 2224 3177 loco
2246 3120 2601 3193 parabolam
2630 3121 2787 3176 hanc
2833 3119 3100 3175 invenies
3131 3118 3284 3174 inter
3312 3117 3637 3191 parabolas

265 3184 361 3227 τοῦ
386 3179 639 3250 ῥηθέντος
664 3179 898 3233 εἰκοστοῦ
928 3185 1174 3256 τετάρτου
1204 3184 1501 3257 κεφαλαίου.

2002 3210 2126 3267 iicti
2149 3210 2411 3266 vicesimi
2436 3209 2634 3283 quarti
2664 3209 2887 3280 capitis.

343 3271 448 3319 Kal
518 3271 785 3331 τοιαύταις
852 3301 920 3311 —
973 3270 1194 3324 ἀκούειν.
1266 3275 1451 3336 Καθὼς
1530 3271 1664 3332 ἦσαν
1740 3273 1873 3336 ἄξιοι

275 3352 327 3374 ’ν
382 3357 394 3371 ν
566 3360 627 3374 π.
857 3356 890 3374 “ι
1036 3365 1046 3374 ι
1198 3367 1206 3374 ι
1328 3365 1338 3374 ι
1496 3362 1507 3374 ς
1627 3372 1644 3374 η
1723 3360 1744 3374 ﬁ
1785 3364 1801 3374 ς

2059 3301 2225 3354 Vers.
2260 3302 2346 3355 33.
2404 3270 2477 3354 Et
2512 3270 2846 3367 hujusmcdi
2875 3326 2941 3338 —
2971 3297 3207 3354 audire.
3266 3296 3445 3352 Prout
3472 3294 3641 3366 digni

266 3356 506 3411 ἀκούειν.
566 3360 787 3431 Εἴρηται
845 3356 904 3411 δὲ
966 3365 1054 3412 καὶ
1102 3367 1214 3433 περὶ
1254 3365 1437 3414 τούτου
1488 3362 1535 3415 ἐν
1582 3372 1653 3435 τῷ
1711 3360 1873 3420 δηλω-

272 3443 337 3465 Δέ.
364 3463 408 3465 _,
438 3464 441 3465 ,
478 3463 490 3465 _
568 3443 587 3465 Ἴ
642 3445 654 3459 ⁸
764 3445 776 3461 θ
823 3452 833 3465 ι
909 3448 939 3465 Α
1110 3458 1129 3465 ..
1343 3450 1372 3465 Δ
1401 3452 1418 3465 ι
1444 3460 1463 3465 ..

2002 3393 2156 3444 erant
2183 3393 2240 3460 et
2264 3388 2387 3460 apti
2413 3386 2493 3444 ad
2521 3356 2911 3443 audiendum.
2938 3387 3169 3442 Dictum
3200 3389 3285 3441 est
3324 3388 3524 3440 autem
3539 3356 3639 3439 vde

271 3443 413 3550 θεν-ξι
434 3443 719 3550 κξφαλαίῳν
756 3445 840 3550 ἐπὶ
866 3448 1041 3550 τέξξυς
1065 3458 1173 3550 ῖῶν.
1193 3450 1518 3550 παραϐέλῶν·
1572 3543 1583 3550 _
1662 3546 1672 3550 _
1988 3478 2102 3537 hoc
2128 3443 2402 3550 praedicto
2431 3477 2624 3549 capite
2654 3477 2811 3532 circa
2836 3476 3020 3532 ﬁnem
3046 3474 3495 3547 parabolarum.

2062 3569 2218 3623 Vers.
2265 3571 2350 3624 34.
2378 3566 2606 3633 Sinc—
2634 3567 2852 3622 omnia.
2879 3563 3109 3621 Ibidem
3139 3564 3354 3621 omnia
3386 3562 3514 3619 haec
3542 3561 3643 3619 de-

1989 3656 2214 3712 clarata
2242 3660 2397 3712 sunt.

344 3538 528 3608 Χωρὶς
575 3566 642 3576 -—
694 3538 883 3592 πάντα.
935 3542 1016 3591 Ἐν
1069 3538 1242 3612 ἐκείνῳ
1294 3548 1459 3594 ταῦτα
1512 3543 1679 3595 πάντά
1726 3562 1880 3596 σεσα-

273 3624 549 3693 φήνισται.

458 3770 605 3818 ΚΕΦ.
634 3764 688 3819 Ι’.
722 3772 846 3841 Περὶ
874 3776 970 3830 τῆς
994 3766 1336 3842 ἐπιτιμήσεως
1364 3779 1463 3823 τῶν
1489 3769 1716 3825 ὑδάτων.

2170 3798 2322 3855 CAP.
2376 3799 2434 3854 X.
2468 3798 2549 3854 De
2571 3796 2967 3867 increpatione
2995 3796 3158 3851 venti
3186 3799 3240 3850 et
3264 3794 3463 3851 maris.

355 3873 461 3922 Kal
496 3870 630 3943 λέγει
658 3904 724 3914 -
755 3873 935 3947 πλοίῳ.
969 3907 1039 3917 -
1079 3877 1167 3939 Ὠς
1214 3879 1297 3943 ἧν,
1343 3877 1456 3931 ἀντὶ
1486 3887 1595 3945 τοῦ,
1644 3879 1728 3940 Ὠς
1758 3879 1873 3932 ἐκά-

2062 3887 2220 3942 Vers.
2271 3889 2361 3942 35.
2393 3889 2459 3942 Et
2489 3889 2575 3944 ait
2605 3919 2670 3927 —
2695 3889 2852 3941 Vers.
2886 3886 2973 3941 36.
3001 3883 3255 3954 navigio.
3298 3914 3350 3923 —
3394 3884 3466 3939 Ut
3494 3887 3641 3954 erat,

277 3960 415 4016 Θητο
470 3958 516 4011 ἐν
568 3970 639 4031 τῴ
694 3962 875 4036 πλοίῳ.
934 3967 1016 4019 Ἐν
1057 3969 1220 4039 τούτῳ
1271 3970 1369 4042 γὰρ
1436 3970 1724 4040 καθήμενος
1772 3965 1873 4022 ἐδί-

2002 3975 2105 4031 hoc
2126 3980 2232 4043 est,
2270 3978 2429 4033 Sicut
2457 3975 2781 4032 sedebatin
2806 3975 3081 4044 navigio;
3106 3974 3165 4028 in
3188 3988 3258 4027 eo
3289 3971 3470 4039 eni'm,
3493 3971 3645 4027 sicut

276 4044 506 4116 δασκεν,
580 4054 649 4112 ὡς
702 4058 1026 4129 προείρηται.
1118 4059 1187 4108 Τό
1278 4053 1356 4122 δὲ,
1438 4057 1521 4109 Ἐν
1580 4056 1742 4132 ἐκείνη
1816 4067 1873 4132 τῇ

2002 4064 2217 4120 dictum
2253 4073 2360 4134 est,
2404 4065 2613 4121 sedens
2644 4065 2917 4120 docebat.
2945 4063 3109 4128 Quod
3150 4066 3354 4119 autem
3380 4060 3594 4116 dicitur
3623 4076 3643 4117 ε

276 4138 479 4210 ἡμέρᾳ,
520 4141 633 4192 ἴσον
663 4138 774 4193 ἐστὶ
829 4152 921 4213 τῷ,
954 4143 1035 4197 Ἐν
1088 4150 1185 4216 μιᾶ
1238 4154 1336 4197 τῶν
1387 4147 1607 4219 ἡμερῶν,
1660 4150 1730 4209 ὡς
1778 4146 1873 4201 εἶπε

2002 4154 2075 4216 1η
2112 4158 2348 4223 dieillo,
2378 4154 2623 4228 perinde
2653 4159 2743 4209 est
2773 4170 2843 4210 ac
2874 4154 2922 4208 si
2951 4152 3195 4208 dixisset
3228 4168 3239 4204 :
3266 4152 3336 4207 In
3383 4167 3492 4205 uno
3526 4150 3642 4205 die-

277 4232 518 4288 Λουκᾱς.
578 4226 717 4282 Οὐδὲ
768 4232 884 4303 (44)
931 4234 1029 4305 γὰρ
1084 4232 1280 4293 ἐκείνην
1325 4231 1495 4302 δηλοῖ,
1528 4237 1647 4288 καθ’
1676 4241 1737 4295 ἣν
1778 4234 1873 4290 εἶπε

2002 4266 2148 4315 rum,
2174 4226 2714 4316 sicuthabetLucas
2732 4244 2799 4297 ⁸⁷.
2817 4244 3020 4315 Neque
3047 4241 3207 4299 enim
3228 4239 3395 4295 illum
3426 4238 3642 4309 innuit,

274 4320 373 4378 τὰς
440 4318 739 4392 παραϐολάς
819 4319 926 4374 ἀλλ’
988 4322 1182 4396 ἑτέραν,
1272 4324 1391 4377 καθ’
1452 4329 1512 4384 ἣν
1596 4328 1663 4378 τὰ
1722 4328 1873 4402 paen.

2002 4340 2056 4396 in
2093 4354 2214 4412 quo
2234 4336 2383 4392 dixit
2424 4333 2768 4408 parabolas,
2820 4332 2924 4387 sed
2947 4330 3148 4396 alium,
3185 4346 3302 4401 quo
3330 4330 3485 4385 facta
3505 4332 3647 4384 sunt

276 4411 482 4480 σόμενα
534 4413 729 4481 γέγονε,
796 4412 971 4473 καθὼς
1042 4417 1132 4465 καὶ
1207 4411 1255 4464 ἐν
1326 4416 1470 4486 ἀρχῇ
1560 4422 1653 4467 τοῦ
1705 4420 1873 4488 τρίτοι

2002 4446 2065 4486 ea
2094 4411 2229 4501 quas
2286 4425 2575 4489 dicentur,
2632 4421 2787 4478 sicut
2836 4421 3012 4476 etiam
3057 4419 3112 4474 in
3167 4418 3461 4491 principio
3491 4415 3645 4473 tertii

269 4497 563 4570 κεφαλαίου
659 4506 751 4552 τοῦ
861 4504 995 4554 κατὰ
1098 4504 1366 4556 Ματθαίον
1458 4508 1873 4578 παρεσημειωσά·

270 4589 437 4640 αεθα.

2002 4497 2205 4590 capitis
2228 4516 2401 4587 juxta
2431 4506 3286 4579 Matthaaum’signiﬁcavimus.

266 4606 437 4661 μευα.

347 4681 461 4730 Καὶ
506 4676 639 4729 ἄλλα
684 4709 754 4717 -—
804 4679 983 4733 αὐτοῦ.
1044 4680 1167 4734 Μετ’
1217 4680 1377 4733 αὐτοῦ
1419 4688 1509 4733 τοῦ
1559 4681 1755 4746 πλοίου,
1789 4679 1890 4742 δη-

270 4770 476 4820 λονότι.
524 4769 825 4839 Προσέθηκε
870 4765 929 4821 δε
976 4773 1093 4841 περὶ
1150 4778 1249 4821 τῶν
1297 4770 1479 4834 ἄλλων,
1534 4771 1638 4842 οὐχ
1694 4770 1884 4843 ἁπλῶς,

272 4854 416 4906 ἀλλὰ
503 4851 671 4918 δεῖξαι
736 4857 908 4924 θέλων,
969 4860 1048 4911 ὅτι
1122 4865 1273 4911 τοῦτο
1329 4863 1481 4932 μόνον
1530 4856 1885 4921 ἓκλυδωνίσθη

272 4941 403 4994 κατ’
438 4941 750 5017 οἰκονομίαν.

2004 4707 2012 4714 ’
2066 4713 2227 4767 Vers.
2252 4713 2339 4774 36,
2368 4707 2487 4764 Sed
2510 4713 2562 4762 et
2588 4705 2722 4763 alia:
2755 4698 2973 4759 -ῖιιο,
2999 4701 3145 4756 Cum
3175 4699 3274 4755 illo
3311 4700 3456 4770 puta
3482 4696 3648 4753 navi-

1996 4802 2270 4873 gio(nam
2287 4797 2482 4864 πλοῖον,
2505 4794 2667 4867 quod
2688 4793 2889 4877 nacim
2908 4792 3032 4845 sive
3045 4789 3329 4859 navigium
3351 4786 3648 4877 signiﬁcat

1997 4889 2209 4949 Graecis
2250 4890 2525 4944 neutrum
2557 4882 2685 4953 est).
2718 4874 2964 4938 Addidit
3005 4882 3207 4935 autem
3237 4877 3312 4933 de
3336 4874 3492 4940 aliis,
3522 4890 3648 4931 non

1995 4983 2229 5052 absque
2255 4992 2451 5044 causa,
2486 4972 2591 5029 sed
2621 4977 2685 5029 ut
2711 4970 3006 5035 ostendat,
3036 4967 3200 5041 quod
3236 4983 3346 5024 sua
3384 4965 3648 5036 disposi-

1994 5071 2153 5129 tione
2176 5067 2369 5123 solum
2400 5071 2514 5121 hoc
2534 5061 2840 5132 navigium
2884 5057 3212 5131 periculum
3269 5054 3639 5115 sustinuerit.

357 5160 468 5211 Kal
564 5163 761 5230 γίνεται
853 5190 919 5201 --
1021 5161 1351 5234 γεμίζεσθαι.
1455 5164 1677 5237 Εἴρηται
1768 5168 1873 5239 περ]

2066 5157 2230 5212 Vers.
2263 5158 2350 5211 37.
2379 5153 2455 5209 Et
2477 5149 2669 5206 oritur
2697 5179 2757 5189 -
2790 5142 3156 5218 impleretur.
3197 5146 3428 5200 Dictum
3456 5147 3547 5199 est
3578 5143 3649 5200 de

264 5250 483 5301 τούτων
552 5245 600 5301 ἓν
673 5257 745 5322 τῷ
802 5245 1058 5323 ἑνδεκάτῳ
1118 5250 1377 5323 κεφαλαίῳ
1407 5257 1498 5304 τοῦ
1555 5252 1693 5304 κατὰ
1745 5259 1873 5306 Ματ-

2002 5249 2134 5313 hoc,
2160 5244 2352 5318 capite
2377 5239 2692 5300 undecimo
2718 5238 2890 5311 juxta
2919 5236 3272 5295 Matthaeum.

265 5342 455 5394 θαῖον.

258 5429 265 5437 ’
342 5439 399 5476 ιτ
433 5437 577 5494 Luc.
610 5451 736 5508 vui,
763 5440 853 5494 22.

1503 5537 1727 5615 Varia:
1765 5539 2092 5615 lectiones
2133 5538 2441 5621 etnotae.

506 5653 703 5729 Gloss.
733 5652 917 5729 Labb.
949 5653 1191 5729 Nodus:
1220 5658 1343 5729 γόνυ
1374 5635 1631 5729 καλάμου.
1756 5641 1765 5646 ”

2002 5642 2175 5729 paulo
2207 5653 2343 5729 aute
2377 5645 2565 5729 etiam
2615 5641 2897 5729 exhibere
2951 5639 3267 5729 debebant,
3296 5638 3646 5729 ὁμονώσομεν.

371 5656 450 5710 42
506 5654 696 5709 Gloss.
733 5654 917 5708 Labb.
949 5654 1153 5708 Nodus
1180 5671 1191 5707 :
1220 5658 1343 5726 ’γόνυ
1374 5654 1631 5727 καλάμου.

342 5654 474 5804 21:3;
502 5725 592 5784 ita
609 5723 774 5783 enim
798 5724 1004 5797 legunt
1030 5725 1264 5783 codices
1285 5727 1353 5793 A,
1374 5727 1433 5793 Β,
1452 5726 1513 5783 in
1537 5730 1718 5785 textu.
1733 5729 1873 5802 Erga

2002 5654 2343 5801 ρδᾶὕθόιξιθ
2377 5654 2565 5771 etaiam
2615 5654 2897 5711 exhibere
2951 5654 3267 5711 debebant,
3296 5654 3563 5729 ομονωσομ

2262 5738 2447 5793 υγαρ,
2528 5758 2541 5772 .
2668 5728 2703 5742 ’·
3234 5728 3241 5732 ·
3472 5738 3563 5747 .,
