4170 6334
528 304 638 358 799
1846 295 2198 356 EUTHYMIF
2231 295 2561 356 ZIGABENI
3778 300 3876 358 800

544 453 551 488 :
593 428 755 484 Vers.
781 429 868 484 38.
899 427 978 484 Et
1002 432 1157 486 erat.
1190 456 1261 470 —-
1281 427 1444 484 Vers.
1464 429 1551 484 39.
1575 441 1812 499 magna.
1842 426 2073 483 Dictum
2091 428 2178 482 est

2228 423 2258 480 ι
2363 430 2466 479 Καί
2503 427 2566 486 ἦν
2609 457 2680 469 —
2751 427 2975 500 μεγάλη.
3030 426 3258 503 Ἐῥρἠθη
3326 429 3416 479 καὶ
3505 428 3622 500 περὶ
3691 427 3875 477 τούτων

522 515 742 574 ibidem
773 517 847 571 de
881 516 972 571 his
1005 516 1307 572 omnibus.

1140 516 1307 572 libus.
2285 516 2488 567 πάντων
2512 515 2558 568 ἐν
2589 516 2762 588 ἐκείνῳ
2775 562 2787 574 ,

594 607 756 662 Vers.
787 605 878 674 40,
903 606 983 662 Et
1004 606 1159 661 dixit
1189 637 1258 646 —
1308 605 1388 661 ita
1413 607 1442 660 ?
1471 605 1545 662 Ut
1597 605 1744 679 quid
1783 606 1866 662 ita
1906 605 2118 662 timetis
2146 603 2175 659 Ἰ

2359 610 2459 658 Καὶ
2503 603 2637 659 εἶπεν
2683 638 2751 648 -
2803 607 2962 667 οὕτως
2995 625 3008 674 ;
3037 608 3184 659 Διατί
3237 605 3477 678 φοϐεῖσθε
3520 603 3700 672 οὕτως,
3737 604 3878 674 ἕχον-

522 711 659 751 cum
687 710 781 751 me
811 695 1126 750 vobiscum
1156 695 1574 768 habeatis,qui
1596 711 1849 767 possum
1880 695 1954 751 de
1986 698 2169 750 morte

2283 714 2361 755 τες
2389 694 2498 767 μεθ’
2550 695 2742 749 ἑαυτῶν
2781 696 2886 768 ἔμε,
2945 700 3031 749 τόν
3092 697 3274 758 σώζειν
3333 695 3387 747 ἐκ
3436 696 3662 748 θανάτου
3719 694 3875 767 ἰσχύ-

524 799 776 853 servare,
811 789 867 840 et
890 783 1099 840 omnia
1131 801 1392 855 possum.

2283 803 2424 852 οντα,
2455 790 2544 838 καὶ
2573 788 2739 838 πάντα
2769 783 3050 858 δυνάμενον
3074 802 3085 851 ;

593 876 750 928 Vers.
793 876 881 928 40.
918 874 1211 942 Quomodo
1236 873 1606 943 —ﬁduciam
1641 875 1667 931 9
1696 873 1956 930 Firmam
1998 888 2069 930 ac
2090 872 2175 929 in-

1917 889 1956 928 n
1998 888 2069 930 ac
2090 872 2175 929 in-
2356 881 2541 937 Πῶς-
2573 879 2772 940 πίστιν,
2802 872 3166 944 Ἀδίστακτον,
3201 871 3564 947 ἀναμφίϐολον.

523 961 883 1020 dubitatam.

593 1052 759 1108 Vers.
791 1055 879 1107 41.
911 1053 988 1108 Et
1047 1051 1373 1109 timuerunt
1417 1081 1489 1093 —
1544 1052 1620 1109 ei.
1654 1051 1842 1109 Etiam
1872 1051 1948 1108 de
1971 1050 2065 1108 his
2092 1048 2170 1106 ibi

523 1140 750 1198 dictum
788 1145 896 1198 est.

2358 1092 2459 1141 Καὶ
2516 1086 2846 1161 ἔφοϐἠθησαν
2911 1118 2978 1130 -
3026 1086 3189 1159 αὐτῷ.
3230 1089 3338 1143 Καὶ
3384 1090 3502 1162 περὶ
3539 1086 3735 1140 τούτων
3783 1081 3883 1138 ἐκιῖ

2296 1174 2459 1198 ὶ-“ιἻ‹
2503 1197 2519 1198 7

881 1181 896 1196 °
2286 1174 2582 1236 δεδήλωται
2595 1221 2608 1236 .

1027 1319 1175 1375 CAP.
1204 1319 1289 1374 x1.
1321 1321 1404 1376 De
1430 1317 1676 1391 legione.
2535 1390 2553 1391 η
2643 1310 2674 1357 κ

2643 1309 2792 1360 ΚΕΦ.
2833 1298 2932 1358 IA’.
2966 1305 3088 1378 Περὶ⁵
3117 1309 3209 1355 τοῦ
3233 1301 3499 1374 λιγεῶνος.

595 1409 759 1468 CAP.
797 1411 860 1465 V.
891 1408 1054 1466 Vers.
1079 1410 1131 1464 1.
1178 1410 1259 1466 Et
1301 1388 1584 1466 venerunt
1611 1439 1682 1452 -—
1708 1409 2171 1476 Gadarenorvm,

2357 1393 2465 1448 Καὶ
2526 1390 2680 1452 ἦλθον
2745 1423 2817 1435 -
2881 1388 3216 1467 Γαδαρηνῶν.
3303 1393 3526 1464 Εἴρηται
3589 1393 3703 1464 περὶ
3771 1389 3883 1440 τού-

526 1498 760 1554 Dictum
785 1503 872 1555 est
891 1498 966 1555 de
994 1498 1088 1554 his
1131 1498 1492 1555 duodecimo
1520 1498 1814 1570 Evangelii
1836 1499 2007 1570 juxta
2032 1499 2173 1556 Mat-

2283 1501 2383 1534 των
2448 1481 2497 1535 iv
2566 1491 2637 1554 τῷ
2695 1477 2978 1553 δωδεκάτῳ
3047 1480 3305 1556 κεφαλαίῳ
3390 1487 3483 1533 τοῦ
3539 1480 3673 1532 κατὰ
3735 1484 3882 1533 Ματ-

525 1587 739 1645 thaeum
769 1587 984 1659 capite.

805 1587 984 1659 αρίιε,
2286 1573 2447 1628 θαίον.

596 1675 762 1734 Vers.
789 1679 843 1731 2.
883 1676 959 1732 Et
990 1692 1210 1747 egresso
1252 1706 1322 1719 —
1347 1676 1507 1734 Vers.
1555 1677 1610 1743 3,
1646 1677 2055 1734 monumentis.
2088 1675 2176 1732 lbi

2358 1666 2458 1714 Καὶ
2538 1659 2812 1723 ἐξελθόντι.
2897 1690 2968 1701 -
3031 1664 3316 1733 μνήμασιν.
3388 1659 3523 1715 Ἐκεῖ
3569 1663 3658 1712 καὶ
3718 1665 3886 1711 ταῦτα

525 1765 706 1822 etiam
727 1766 856 1821 haec
888 1782 1112 1836 quaere.

889 1782 1112 1836 quam.
2210 1777 2255 1833 Β
2287 1750 2536 1810 ζήτησον.

599 1857 762 1911 Vers.
791 1859 842 1910 3.
891 1857 960 1911 Et
1018 1869 1198 1926 neque
1245 1885 1316 1898 —-
1374 1857 1533 1910 Vers.
1567 1855 1620 1911 6.
1683 1856 1950 1912 adoravit
2008 1871 2166 1913 eum.

2360 1844 2460 1892 Καὶ
2517 1842 2632 1892 οὔτε
2725 1870 2777 1879 -—
2826 1840 3208 1914 προσεκύνησεν
3302 1838 3459 1909 αὐτῷ.
3522 1845 3660 1912 Σαφῆ
3719 1843 3886 1890 ταῦτα

527 1943 700 2002 Clara
727 1945 1004 2000 sunthaec
1028 1949 1084 2000 et
1110 1944 1439 2001 manifesta.

1028 1949 1084 2000 et
1110 1944 1439 2001 manifesta.
2285 1933 2374 1981 καὶ
2409 1927 2671 2002 πρόδηλα.

598 2032 764 2089 Vers.
795 2039 849 2089 7.
877 2033 953 2089 Et
991 2034 1254 2090 clamans
1279 2065 1346 2076 —
1374 2034 1608 2091 Επεὺί
1633 2035 1661 2089 7
1689 2035 1898 2102 Qumre
1928 2035 1989 2091 in
2018 2033 2177 2090 dicto

2361 2022 2461 2070 Καὶ
2509 2018 2699 2092 κράξας
2752 2049 2816 2060 —-
2873 2017 3172 2090 ’Υψίστους
3259 2021 3498 2075 Ζήτησον
3552 2014 3602 2068 ἕν
3658 2023 3729 2087 τῷ
3783 2015 3879 2090 ῥη-

527 2123 683 2180 loco.

2289 2108 2425 2159 θέντι
2452 2106 2729 2179 κεφαλαίῳ.

599 2213 758 2268 Vers.
786 2217 840 2267 7.
892 2212 1125 2283 Adjuro
1149 2241 1220 2254 —
1267 2217 1551 2284 torqueas.
1613 2213 1767 2270 Sane
1794 2212 1913 2270 hoc
1936 2227 2180 2287 quoque

2356 2194 2584 2271 Ὁρκίζω
2669 2228 2736 2237 -
2839 2195 3154 2270 βασανίσῃς.
3275 2195 3494 2248 Ἐκεῖθεν
3573 2213 3662 2246 και
3734 2199 3884 2245 τοῦτο

528 2301 729 2359 licebit
754 2306 816 2357 ut
839 2301 977 2358 inde
1016 2316 1365 2372 cognoscas.
1959 2286 1970 2287 ί

918 2301 977 2356 ie
1016 2316 1365 2372 cognoscas.
1959 2286 1970 2287 ί
2287 2291 2433 2358 γνοίη
2447 2305 2467 2346 ς
2487 2286 2565 2340 ἄν.

601 2392 756 2446 Vers.
797 2393 850 2447 8.
895 2365 1140 2448 Dicebdt
1173 2419 1234 2432 —
1267 2389 1517 2447 homins.
1577 2390 1768 2447 Multis
1813 2390 2181 2448 daemonibus

2360 2373 2532 2446 Ἔλεγε
2593 2405 2659 2416 -—
2711 2372 3001 2446 ἀνθρώπου.
3059 2370 3143 2434 Ὠς
3198 2372 3289 2439 ivi,
3338 2378 3448 2433 τοῖς
3502 2370 3706 2432 πολλοῖς
3763 2365 3886 2423 δαί-

529 2479 784 2552 imperat
811 2480 984 2553 quasi
1023 2495 1179 2536 unus
1225 2484 1401 2547 esset,
1443 2484 1690 2553 propter
1711 2480 2176 2538 imbecillitatem

1889 2480 2180 2538 mutatam
2289 2482 2465 2537 μοσιν,
2502 2461 2782 2528 ἐπιτάττει,
2817 2458 2910 2515 διὰ
2932 2465 3023 2521 τὴν
3056 2460 3319 2516 ἀσθένειαν
3348 2460 3536 2516 αὐτῶν.

531 2585 824 2643 ipsorum.

602 2658 769 2714 Vers.
811 2662 862 2715 9.
897 2659 976 2713 Et
1025 2657 1428 2729 interrogabat
1470 2689 1540 2700 —
1580 2674 1805 2716 sumus.
1873 2658 2181 2715 Hominem

2366 2665 2465 2714 Καὶ
2509 2659 2752 2733 ἐπηρώτα
2805 2690 2872 2700 -
2923 2658 3094 2732 ἔσμέν.
3149 2661 3248 2712 Τὸν
3301 2659 3571 2733 ἄνθρωπον
3629 2660 3718 2730 μεν
3769 2656 3889 2715 ἐπη-

533 2747 1210 2820 quideminterrogahat,
1229 2749 1330 2803 sed
1360 2748 1622 2819 pervenit
1649 2748 1898 2820 quaestio
1911 2749 1982 2804 ad
2000 2747 2180 2804 multi-

2290 2756 2433 2826 ρώτα
2482 2771 2494 2782 ·
2537 2752 2666 2825 πρὸς
2721 2751 2779 2801 τὲ
2841 2748 3032 2808 πλῆθος
3099 2744 3157 2799 δὲ
3214 2755 3312 2799 τῶν
3343 2747 3393 2799 ἐν
3447 2746 3588 2817 αὐτῷ
3627 2743 3882 2817 δαιμόνων

530 2836 800 2894 tudinem
831 2835 1308 2908 daamonum,qui
1333 2837 1394 2891 in
1413 2838 1542 2909 ipso
1556 2841 1725 2892 erant
1749 2837 1915 2894 :ideo
1940 2854 2177 2911 quoque

2294 2835 2544 2892 διέϐαινεν
2593 2840 2622 2897 ἡ
2687 2837 2956 2911 ἐρώτησις.
3037 2839 3122 2888 Διὸ
3171 2841 3260 2888 καὶ
3317 2839 3374 2887 τὸ
3427 2836 3619 2897 πλῆθος
3688 2836 3877 2887 τούτων

530 2924 839 2997 respondit
869 2923 1186 2980 multitudo
1219 2923 1477 2980 illorum.
1510 2925 1683 2996 Legio
1726 2930 1920 2981 autem
1942 2931 2177 2999 propter

2291 2929 2568 2999 ἀπεκρίθη.
2640 2931 2840 2999 Λεγιὼν
2896 2923 2955 2979 δε
3029 2925 3343 2998 ὠνομάζετο,
3421 2921 3514 2977 διὰ
3569 2927 3626 2978 τὸ
3673 2922 3879 2983 πλῆθος.

533 3012 974 3070 multitudinem
1007 3012 1147 3068 dicti
1174 3017 1328 3068 sunt.
1363 3014 1599 3085 Proprie
1646 3015 1803 3069 enim
1836 3014 1991 3086 legio
2033 3013 2180 3070 mili-

2291 3021 2491 3088 Λεγέὼν
2574 3019 2674 3091 γὰρ
2751 3019 2963 3088 κυρίως,
3043 3018 3221 3088 τάγμα
3300 3015 3418 3085 (45)
3492 3016 3887 3086 στρατιωτικόν.

532 3109 659 3159 tum
674 3117 892 3173 agmen
917 3107 1022 3158 est.
1041 3102 1452 3173 lnterrogabat
1465 3118 1627 3170 vero,
1663 3109 1725 3160 ut
1749 3110 2179 3175 cognoscerent

2242 3107 2570 3183 ζἘπηρώτα
2627 3103 2703 3176 δε,
2750 3107 2832 3158 ἶνα
2884 3113 3076 3178 γνῶσιν
3129 3107 3177 3156 οἱ
3233 3109 3502 3176 παρόντες,
3568 3104 3648 3156 ὃτι
3694 3102 3889 3156 πολλῶν

531 3193 636 3265 qui
675 3197 997 3264 praesentes
1029 3198 1214 3258 erant,
1243 3192 1409 3266 quod
1457 3191 1781 3250 multorum
1833 3193 2178 3252 daemonum

1833 3193 2181 3252 daemonum
2293 3192 2552 3267 δαιμόνων
2574 3195 2873 3270 οἰκητήριον
2905 3195 2930 3246 ό
2962 3195 3032 3255 εἷς
3061 3195 3329 3268 ἄνθρωπος
3359 3201 3441 3253 ἧν.

531 3279 937 3338 habitaculum
965 3284 1089 3336 erat
1121 3295 1277 3336 unus
1308 3281 1514 3336 homo.

601 3370 766 3427 Vers.
799 3371 886 3426 10.
941 3371 1018 3425 Et
1073 3370 1500 3440 deprecabatur
1534 3402 1604 3411 —
1632 3371 1951 3442 regionem.
1997 3373 2182 3429 Lucas

2367 3378 2466 3427 Καὶ
2536 3373 2813 3448 παρεκάλει
2860 3403 2928 3413 --
2977 3377 3174 3445 χώρας.
3219 3372 3277 3425 Ὀ
3334 3369 3392 3426 δε
3443 3377 3652 3433 Λουκᾶς
3708 3371 3843 3426 εἶπεν
3875 3391 3888 3405 ·

532 3475 672 3516 vero
702 3459 867 3524 dixit,
891 3459 1057 3532 quod
1078 3461 1257 3516 etiam
1287 3459 1765 3532 deprecabantur
1811 3477 1971 3528 eum,
1999 3477 2072 3518 ne
2089 3462 2179 3534 ju-

2294 3465 2374 3516 ὁτι
2411 3469 2500 3516 καὶ
2529 3462 2804 3538 παρεκάλει
2852 3462 3026 3532 αὐτὸν,
3087 3465 3168 3514 ἰνα
3218 3466 3289 3534 μὴ
3341 3460 3556 3534 ἐπιτάξῃ
3602 3461 3779 3523 αὐτοῖς
3828 3460 3893 3521 εἰς

532 3549 698 3606 beret
727 3549 865 3622 ipsis
917 3554 977 3603 ut
1011 3549 1071 3604 in
1104 3549 1394 3621 abyssum
1427 3551 1577 3606 irent
1607 3551 1673 3603 ⁴⁶.
1725 3549 2053 3607 Verisimile
2092 3555 2179 3608 est

2293 3558 2384 3612 τήν
2415 3551 2647 3604 ἄϐυσσον
2697 3550 2948 3605 ἀπελθεῖν.
3008 3550 3155 3611 Εἰκὸς
3210 3551 3332 3625 ⁹γιΞιρ,
3393 3555 3481 3602 καὶ
3539 3555 3657 3624 περὶ
3712 3552 3894 3602 τούτου

533 3642 746 3704 autem,
777 3637 938 3709 quod
981 3643 1037 3694 et
1065 3639 1179 3694 hoc
1205 3643 1260 3695 et
1293 3638 1438 3694 illud
1469 3638 1968 3711 deprecabantur.

1254 3654 1260 3695 ;
1293 3638 1438 3694 illud
1469 3638 1968 3711 deprecabantur.
2294 3641 2532 3695 κάκείνου
2567 3640 2901 3714 παρακαλεῖν.

610 3729 769 3784 Vers.
805 3732 887 3782 11.
924 3729 1066 3784 Erat
1090 3734 1285 3784 autem
1340 3759 1410 3770 —
1443 3730 1605 3785 Vers.
1667 3733 1747 3785 13.
1803 3729 1863 3784 in
1891 3731 2070 3787 mari.
2105 3731 2186 3786 De

2366 3732 2462 3784 'Hv
2507 3727 2566 3784 δε
2624 3761 2690 3770 —
2747 3729 2798 3782 ἐν
2837 3737 2899 3802 τῇ
2959 3727 3222 3801 θαλάσσῃ.
3279 3733 3403 3802 Περὶ
3442 3729 3638 3780 τούτων
3691 3730 3893 3801 εἴρητα,

534 3817 626 3874 his
669 3816 1088 3890 particularius
1118 3817 1347 3874 dictum
1377 3822 1464 3875 est
1494 3818 1776 3891 praedicto
1823 3820 2016 3892 capite
2042 3819 2181 3877 duo-

2296 3821 2618 3894 λεπτομερῶς
2700 3817 2748 3871 ἓν
2839 3827 2912 3890 τῷ
2977 3817 3319 3893 προρῥηθέντι
3405 3813 3688 3890 δωδεκάτῳ
3746 3837 3895 3890 κεφα-

534 3907 790 3966 decimo.

2297 3910 2444 3982 λαίῳ.

608 3997 770 4053 Vers.
794 3998 881 4052 14.
946 3995 1055 4063 Qui
1074 4011 1208 4053 vero
1239 3995 1548 4060 pascebant
1574 4027 1639 4037 —
1683 3997 1843 4069 quod
1869 3998 2185 4056 acciderat.

2371 4001 2438 4056 Oi
2497 3996 2555 4052 δὲ
2614 3997 2897 4071 βόσκοντες
2971 4025 3042 4040 --
3090 4000 3320 4068 γεγονός.
3374 3994 3592 4069 Ὁμοίως
3644 4001 3734 4050 καὶ
3781 3997 3897 4068 περὶ

538 4085 816 4144 Similiter
837 4089 895 4140 et
914 4085 986 4140 de
1017 4085 1109 4139 his
1140 4084 1365 4140 dictum
1400 4089 1506 4141 est.

866 4089 895 4138 ιι
914 4085 986 4140 de
1017 4085 1109 4139 his
1140 4084 1365 4140 dictum
1400 4089 1506 4141 est.
2300 4092 2513 4142 τούτων.

610 4177 766 4228 \‘ers.
801 4174 888 4230 15.
921 4173 994 4229 Et
1021 4173 1259 4228 veniunt
1280 4204 1346 4212 —
1379 4174 1719 4230 timuerunt.
1764 4176 1951 4231 Lucas
1988 4179 2190 4234 autem

2373 4181 2474 4231 Καὶ
2544 4179 2788 4250 ἔρχονται
2876 4205 2944 4216 -
3027 4173 3379 4247 ἐφοϐήθησαν.
3464 4173 3522 4226 Ὀ
3570 4171 3629 4228 δὲ
3695 4181 3899 4236 Λουκᾶς

538 4261 680 4318 dixit
709 4262 882 4317 etiam
920 4278 931 4316 :
963 4261 1073 4318 Ubi
1097 4262 1449 4318 invenerunt
1475 4277 1602 4319 eum
1628 4263 1908 4320 sedentem
1943 4266 2013 4332 ",
2047 4271 2185 4338 puta

2303 4263 2428 4336 εἶπε,
2481 4271 2570 4318 καὶ
2623 4272 2731 4318 Ποῦ
2797 4261 2940 4339 εὖρον
2999 4264 3154 4317 αὐτὸν
3210 4265 3519 4336 καθήμενον,
3615 4265 3695 4316 ότι
3757 4267 3901 4336 παρὰ

539 4351 618 4410 ad
646 4350 829 4423 pedes
852 4350 1011 4407 Jesu.

2301 4360 2417 4418 τοὺς
2445 4353 2614 4418 πόδας
2641 4362 2730 4406 τοῦ
2759 4355 2961 4412 Ἰησοῦ.

611 4439 774 4531 Vers.
807 4441 896 4498 l9.
930 4439 1284 4531 Narrabant
1319 4472 1403 4531 A—
1441 4440 1822 4500 daemoniaco.
1876 4445 2191 4510 Quomodo
2226 4474 2258 4531 π

2248 4475 2272 4530 )
2373 4450 2702 4517 Διηγήσαντο
2755 4474 2818 4483 -
2875 4439 3306 4515 δαιμονιζομένῳ.
3357 4447 3467 4498 Πῶς
3514 4436 3711 4508 εγενετο
3751 4437 3895 4506 αὐτῷ

539 4529 693 4587 facta
717 4529 910 4585 fuerat
939 4529 998 4584 in
1017 4545 1088 4585 eo
1119 4529 1369 4586 mutatio
1400 4547 1470 4587 ac
1502 4547 1649 4588 sana
1680 4548 1868 4588 mens.

1440 4548 1470 4587 c
1502 4547 1649 4588 sana
1680 4548 1868 4588 mens.
2227 4529 2255 4531 ἡ
2302 4537 2331 4594 ἠ
2361 4534 2614 4608 μεταϐολὴ
2647 4537 2736 4585 καὶ
2760 4534 3087 4607 σωφροσύνη.

612 4620 772 4673 Vers.
810 4619 893 4675 16.
941 4620 1013 4674 Et
1052 4619 1125 4676 de
1151 4621 1362 4687 porcis.
1421 4622 1736 4687 Quomodo
1777 4622 1838 4678 hi
1869 4623 2186 4693 perierant.

1968 4623 2186 4680 ierant.
2376 4629 2476 4677 Καὶ
2505 4629 2623 4695 περὶ
2653 4631 2745 4681 τῆν
2776 4627 2993 4695 χοίρων.
3022 4628 3136 4682 Πῶς
3166 4616 3310 4672 οὗτοι
3339 4615 3615 4670 ἀπώλοντο.

611 4709 774 4764 Vers.
808 4713 890 4764 l7.
920 4709 1357 4780 Cmperuntq-ue
1383 4741 1448 4750 ——
1477 4725 1697 4767 eorum.
1735 4711 2010 4768 Similiter
2036 4718 2091 4768 et
2117 4712 2191 4769 de

2375 4717 2474 4767 Καὶ
2503 4713 2724 4784 ἤρξαντο
2771 4741 2828 4752 σ-
2875 4709 3064 4763 αὖτῶν.
3102 4713 3202 4762 Καὶ
3255 4712 3373 4782 περὶ
3403 4709 3593 4758 τούτων
3625 4704 3814 4775 ὁμοίως
3836 4703 3895 4754 τὸ

541 4799 635 4856 his
668 4797 841 4854 docet
881 4797 1204 4871 capitulum
1243 4799 1407 4854 illud.

2301 4804 2572 4876 κεφάλαιον
2604 4800 2759 4853 ἐκεῖνο
2788 4795 3059 4855 διδάσκει.

613 4887 776 4944 Vers.
812 4889 895 4943 18.
928 4887 1184 4959 Cumque
1207 4889 1550 4945 ascendisset
1583 4921 1652 4930 —
1682 4906 1807 4946 cum
1859 4905 1941 4947 eo.
1976 4890 2190 4948 Gratus

2374 4898 2473 4946 Καὶ
2531 4889 2772 4963 ἐμϐάντος
2830 4919 2896 4927 -
2949 4887 3059 4960 μετ’
3112 4886 3289 4941 αὐτοῦ.
3366 4884 3511 4956 Ἀμα
3561 4886 3650 4954 μεν
3723 4881 3907 4952 εὐγνω-

545 4977 743 5043 simul,
775 4983 831 5034 et
859 4978 1166 5034 daemones
1195 4978 1430 5044 timens,
1462 4995 1534 5036 ne
1573 4980 1695 5036 sine
1743 4979 1843 5037 illo
1889 4980 2190 5050 inventus,

2303 4990 2488 5056 μονῶν,
2551 4980 2660 5052 ἅμα
2708 4975 2766 5030 δε
2822 4981 2909 5028 καὶ
2961 4975 3272 5048 φοϐούμενος
3328 4977 3448 5034 τοὺς
3512 4969 3785 5044 δαίμονας,
3833 4973 3904 5041 μὴ

544 5083 786 5126 rursum
816 5067 902 5124 eis
932 5068 1279 5125 traderetur.

2305 5055 2472 5144 χωρὶς
2528 5069 2686 5121 αὑτοῦ
2747 5073 2927 5118 τοῦτον
2985 5065 3233 5138 εὑρόντες,
3300 5061 3453 5114 πάλιν
3503 5055 3911 5117 ἒπιπηδήσωσιν

2306 5180 2464 5213 αυτω·

618 5245 782 5302 Vers.
827 5245 914 5300 19.
946 5245 1110 5302 Jesus
1134 5251 1331 5303 autem
1361 5276 1430 5289 -
1461 5247 1736 5305 misertus
1766 5249 1840 5305 sit
1867 5249 1973 5306 tui.
2023 5249 2197 5307 Dimi-

2373 5249 2432 5301 Ὀ
2483 5244 2541 5299 δε
2617 5245 2823 5306 Ἰησοῦς
2903 5274 2970 5284 -
3049 5242 3319 5302 ἡλέησέσε.
3397 5237 3674 5290 Ἀπίλυσεν
3733 5237 3915 5302 αὑτὸν,

548 5335 621 5390 sit
645 5348 784 5391 eum
806 5333 1040 5404 abjecto
1065 5350 1210 5391 sane
1225 5334 1302 5391 ab
1319 5351 1390 5392 eo
1410 5336 1513 5410 huj
1525 5338 1764 5396 usmodi
1782 5337 2013 5410 timore,
2032 5339 2194 5412 quod

2304 5346 2456 5392 τοῦτο
2513 5339 2602 5408 μὲν
2653 5337 2738 5386 τὸν
2793 5340 3023 5387 νοιοῦτον
3087 5330 3240 5405 φόϐον
3297 5328 3524 5382 ἐκϐαλῶν
3577 5326 3666 5379 ἀπ’
3731 5326 3917 5391 αὐτοῦ,

621 5441 670 5478 ⁸⁸
700 5441 840 5497 Luc.
869 5441 1075 5497 vm3l.
1154 5443 1200 5478 "
1227 5441 1376 5499 Ibid.
1410 5443 1498 5500 35.

1757 5543 1983 5614 Varia
2011 5544 2339 5614 lectiones
2381 5551 2447 5612 et
2472 5549 2673 5608 notae.

625 5656 737 5731 (45)
775 5655 1033 5728 Τάγματα
1066 5658 1437 5733 στρατιωτικά.
1467 5663 1530 5714 Δ.
