4170 6334
277 341 379 402 804

1401 329 1746 396 COMM-ENT
1779 325 1854 390 1N
1895 314 2219 400 ΜᾼΒΟΗΜ.
2260 366 2328 378 -
2366 335 2522 392 CAP.
2567 329 2634 392 v.

3539 340 3644 396 803

281 479 353 540 ὡς
418 480 613 550 ,μηκέτι
688 481 789 526 τῶν
860 468 1124 543 δαιμόνων
1187 471 1622 542 κατατολμωντων
1703 460 1880 517 αὐτοῦ.

2006 471 2118 513 non
2146 459 2435 520 auderent
2451 461 2527 516 ad
2541 477 2678 516 eum
2691 460 3000 520 demones
3017 462 3318 528 accedere,
3338 465 3468 520 etut
3487 462 3644 530 illos,

282 576 437 620 τουτο
491 562 567 634 δε,
620 568 708 615 καὶ
759 563 841 613 ἶνα
890 568 992 622 τοῖς
1045 559 1092 612 ἐν
1146 569 1216 632 τῷ
1264 563 1386 630 οἴκῳ
1433 562 1518 610 καὶ
1552 565 1612 628 τῇ
1670 548 1887 627 πατρίδι

285 655 448 707 ἀύτοῦ
505 649 830 710 διδάσκαλος
884 657 974 702 τοῦ
1027 651 1288 721 θαύματος
1340 653 1569 720 γένηται.
1622 644 1731 696 Οῦκ
1781 640 1887 694 εἷπε

287 740 367 811 δὲ,
423 745 503 794 ὄτι
548 747 693 792 ’Ὁσα
725 759 809 791 σοι
839 739 1117 802 πεποίηκα,
1169 736 1274 789 ἀλλ’
1308 739 1387 789 ὅτι
1416 734 1555 788 Ὀσα
1599 753 1682 786 σοι
1722 734 1746 783 6
1785 739 1882 784 Κυ-

283 851 398 904 ριος
467 835 741 893 πεποίηκε,
808 836 879 898 τῷ
952 832 1120 903 Πατρὶ
1175 831 1232 879 τὸ
1306 829 1481 898 θαῦμα
1549 823 1887 897 ἐπιγραφόμε-

282 940 389 985 νος,
439 924 528 972 καὶ
587 915 851 971 παιδεύων
903 918 1056 989 ἡμᾶς,
1124 924 1195 987 τῷ
1236 919 1348 986 Θέῷ
1406 916 1470 967 τὰ
1507 914 1890 987 κατορθώματα

285 1008 688 1082 ἐπιγράφεσθαι.

363 1102 464 1151 Καὶ
521 1095 717 1155 ἀπῆλθε
756 1126 824 1135 -
887 1094 1198 1168 ἐθαύμαζον.
1256 1093 1314 1146 Ὀ
1369 1097 1459 1163 μὲν
1516 1094 1748 1165 Χριστὸς
1803 1092 1888 1162 μέ-

285 1194 624 1262 τριοφρονῶν,
677 1193 749 1255 τῷ
825 1189 992 1256 Πατρὶ
1051 1187 1109 1235 τὸ
1177 1186 1323 1258 ἔργον
1394 1181 1653 1239 ἀνέθηκεν·
1724 1182 1749 1232 6
1827 1175 1885 1231 δὲ

289 1276 618 1347 θεραπευθεὶς
705 1273 1054 1345 εὐγνωμονῶν,
1134 1280 1206 1343 τῷ
1292 1278 1503 1346 Χριστῷ
1582 1278 1734 1323 τοῦτο
1803 1268 1886 1321 ειν-

285 1364 466 1416 ετίθει.

361 1490 506 1537 ΚΕΦ·
537 1483 635 1537 ΙΒ’.
671 1488 794 1558 Περὶ
822 1491 913 1544 τῆς
941 1484 1196 1556 θυγατρὸς
1225 1491 1315 1536 τοῦ
1347 1481 1812 1558 ἀρχισυναγώγου.

359 1578 462 1627 Καὶ
511 1570 933 1647 διαπεράσαντος
986 1580 1081 1625 τοῦ
1138 1574 1315 1631 Ἰησοῦ
1345 1604 1415 1614 --
1467 1571 1711 1645 ἑσχάτῶς
1749 1575 1883 1644 ἔχει.
1915 1594 1955 1649 Β

287 1665 415 1736 Περὶ
485 1665 672 1714 τούτου
758 1658 1060 1734 διελάϐομεν
1133 1661 1182 1714 ἓν
1267 1669 1340 1733 τῷ
1440 1661 1884 1734 πεντεκαιδεκατῳ

286 1750 546 1822 κεφαλαίῳ
576 1757 668 1804 τοῦ
704 1753 842 1803 κατὰ
889 1753 1181 1809 Ματθαῐον.
1215 1754 1285 1805 Τὸ
1337 1748 1399 1804 δε
1428 1751 1705 1825 Ἐσχάτῶς
1746 1755 1881 1824 ἔχει,

290 1838 405 1892 ἀντὶ
431 1848 542 1906 τοῦ,
573 1840 850 1893 Τελωταία
876 1844 1031 1895 πνέει.

362 1927 475 1983 Ἵνα
525 1927 677 1982 ἐλθὼν
727 1960 797 1969 -
854 1929 1097 1990 ζήσεται.
1169 1929 1295 1982 Καθ’
1334 1929 1618 2004 ὑπερϐατόν
1662 1929 1803 1984 ἔστιν
1850 1934 1880 1990 ἡ

289 2025 390 2070 τῶν
442 2018 612 2092 ῥητῶν
645 2018 906 2083 σύνταξις,
952 2020 1033 2070 ὅτι
1061 2018 1340 2094 παρεκάλει
1370 2020 1525 2071 αὐτὸν
1569 2019 1750 2084 πολλὰ,
1803 2021 1885 2071 ἵνα

287 2104 446 2158 ἐλθὼν
475 2105 624 2178 ἐπιθῇ
666 2106 805 2178 αὐτῷ
834 2110 926 2168 τὰς
967 2115 1170 2180 χεῖρας,
1203 2112 1290 2159 καὶ
1324 2111 1388 2160 τὰ
1426 2107 1557 2170 έξῆς.
1591 2106 1717 2161 Εἶτα
1745 2111 1803 2161 τὸ
1833 2107 1882 2160 ἐν

284 2199 452 2267 μέσῳ.

363 2289 464 2337 Καὶ
495 2283 692 2344 ἀπῆλθε
719 2316 790 2326 -
838 2285 1014 2340 αὐτὸν.
1055 2290 1377 2359 Συνέπνιγον,
1421 2287 1554 2340 εἶπεν
1595 2288 1620 2339 6
1653 2293 1878 2352 Λουκᾶς,

283 2377 454 2428 εἶτουν
487 2375 749 2428 συνώθουν
762 2417 775 2431 .

590 2523 734 2572 ΚΕΦ.
765 2515 859 2572 ῙΓ.
890 2520 1011 2590 Περὶ
1041 2526 1136 2580 τῆς
1161 2516 1564 2593 αἰμορῥοούσης.

358 2611 460 2661 Καὶ
498 2612 628 2680 γυνή
661 2639 730 2648 -
761 2607 940 2660 αὐτοῦ.
972 2611 1040 2660 Τὸ
1066 2607 1337 2680 κεφάλαιον
1366 2617 1515 2662 τοῦτο
1539 2616 1882 2686 φανερώτερον

282 2695 522 2759 ἐξέθηκεν
541 2698 566 2749 6
593 2703 821 2762 Λουκᾶς,
846 2701 935 2750 καὶ
958 2697 1184 2758 ζήτησον
1207 2697 1328 2774 παρ’
1351 2698 1491 2769 αὐτῷ
1511 2703 1604 2757 τὴν
1632 2699 1881 2773 ἐξήγησιν
1911 2731 1952 2787 C

282 2793 377 2839 τοῦ
405 2786 641 2839 εἰκοστοῦ
677 2787 826 2839 ἕκτου
857 2785 1156 2858 κεφαλαίου.

361 2979 539 3052 Ἐλεγε
587 3012 656 3020 —-
710 2983 1040 3054 σωθήσομαι.
1091 2984 1309 3054 Εἴρηται
1355 2987 1473 3056 περὶ
1508 2986 1693 3036 τούτου
1734 2983 1782 3038 ἓν
1810 2994 1884 3059 τῷ

288 3066 639 3141 ἑξκαιδεκάτῳ
667 3069 921 3143 κεφαλαίῳ
945 3079 1037 3124 τοῦ
1066 3073 1199 3125 κατὰ
1226 3073 1510 3128 Ματθαῑον.

358 3287 460 3337 Καὶ
500 3283 684 3347 εὐθέως
732 3315 804 3326 —-
847 3286 1124 3358 μάστιγος.
1162 3285 1331 3358 Ἐγνὼ
1375 3283 1470 3340 διὰ
1497 3296 1589 3341 τοῦ
1619 3294 1879 3362 σώματος,

278 3376 472 3446 μηκέτι
507 3373 808 3448 ῥαινομένου
838 3383 944 3436 τοῖς
974 3375 1314 3447 σταλαγμοῖς,
1361 3379 1442 3430 ὃτι
1491 3380 1878 3454 τεθεράπευται.

279 3460 536 3534 Maia-717a
553 3459 587 3514 δ
590 3467 631 3527 ι,
664 3469 758 3522 τὴν
778 3470 928 3517 νόσον
954 3464 1206 3533 ἐκάλεσεν,
1231 3468 1296 3528 ὡς
1315 3467 1678 3540 μαστίζουσαν
1695 3468 1878 3538 αὐτὴν,

277 3554 462 3623 καὶτῷ
492 3556 630 3625 πόνῳ
658 3558 750 3606 καὶ
775 3561 838 3626 τῇ
864 3553 1121 3629 αἰσχύνῃ.

352 3751 454 3799 Καὶ
494 3747 674 3809 εὐθέως
730 3780 800 3789 -
843 3753 938 3808 τὴν
972 3757 1122 3802 τοῦτο
1152 3755 1482 3809 ποιήσασαν.
1524 3757 1762 3811 Ζήτησον
1790 3756 1879 3806 καὶ

281 3840 398 3908 περὶ
415 3840 606 3888 τούτων
630 3837 678 3889 ἐν
699 3845 760 3910 τῇ
787 3838 1032 3910 ἐξηγήσει
1052 3847 1142 3891 τοῦ
1170 3841 1402 3892 εἰκοστοῦ
1424 3842 1572 3893 ἕκτου
1603 3841 1878 3913 κεφαλαίου

279 3932 374 3977 τοῦ
404 3931 536 3977 κατὰ
566 3933 772 3980 Λουκᾱν
795 3928 1126 4000 Εύαγγελίου.
1155 3933 1224 3980 T6
1255 3925 1333 3997 δὲ,
1368 3928 1608 4000 ἐπιγνοὺς
1637 3930 1684 3982 ἐν
1716 3932 1880 4005 ἑαυτῷ

1995 547 2100 618 qui
2128 549 2366 604 erantin
2384 549 2567 604 domo
2585 555 2636 604 et
2656 550 2844 620 patria
2860 568 2988 618 sua,
3008 551 3246 609 doceret
3271 552 3645 608 miraculum.

1995 637 2120 690 Non
2140 636 2288 691 dixit
2316 643 2512 693 autem
2545 656 2556 692 :
2584 639 2811 703 Quanta
2833 640 2936 695 tibi
2951 640 3209 711 fecerim,
3240 641 3345 695 sed
3380 660 3392 696 :
3419 641 3649 706 Quanta

2000 725 2105 778 tibi
2134 726 2417 782 Dominus
2433 729 2666 796 fecerit,
2692 727 2844 783 Patri
2870 729 3218 786 miraculum
3250 731 3551 786 ascribens
3578 746 3648 787 ac

1997 813 2221 870 docens
2264 831 2399 880 nos,
2444 821 2507 871 ut
2533 817 2772 888 egregia
2799 819 3081 875 virtutum
3108 835 3288 892 opera
3324 821 3443 876 Deo
3488 819 3648 877 attri-

1996 901 2274 959 buamus.

2068 1151 2228 1206 Vers.
2266 1155 2354 1208 20.
2399 1152 2474 1208 Et
2499 1151 2650 1210 abiit
2677 1183 2745 1193 -
2774 1152 3164 1211 mirabantur.
3213 1153 3480 1212 Christus
3519 1173 3649 1214 mo-

1996 1238 2197 1295 destiae
2242 1256 2425 1296 causa
2474 1241 2630 1297 Patri
2678 1240 3036 1298 miraculum
3079 1243 3442 1301 attribuebat
3479 1264 3490 1300 :
3541 1245 3649 1319 qui

1997 1332 2194 1383 autem
2234 1333 2476 1385 curatus
2512 1328 2724 1397 fuerat,
2776 1347 2913 1386 cum
2959 1336 3163 1403 gratus
3202 1336 3373 1401 esset,
3420 1331 3648 1392 Christo

1997 1415 2355 1475 ascribebat.

2280 1542 2430 1599 CAP.
2473 1543 2578 1599 XII.
2610 1544 2694 1599 De
2718 1544 2853 1614 ﬁlia
2889 1545 3362 1620 arohisynagogi.

2066 1647 2232 1706 Vers.
2264 1653 2354 1705 2t.
2389 1650 2653 1723 Cumque
2673 1653 2836 1708 Jesus
2859 1652 3003 1709 navi
3027 1654 3350 1726 traiecisset
3380 1685 3448 1696 —-
3478 1653 3645 1712 Vers.

1993 1740 2082 1794 23.
2125 1740 2190 1794 in
2219 1741 2500 1796 extremis
2528 1746 2631 1796 est.
2679 1742 2760 1795 De
2789 1740 2904 1797 hoc
2933 1742 3374 1812 disputavimus
3417 1744 3648 1801 decimo

1993 1827 2199 1899 quinto
2239 1829 2430 1900 capite
2471 1829 2772 1900 Evangelii
2804 1830 3138 1888 secundum
3176 1832 3531 1889 Matthaeum.
3573 1834 3647 1889 In

1993 1917 2276 1974 extremis
2305 1923 2410 1982 est,
2426 1918 2539 1973 hoc
2556 1923 2646 1974 est
2665 1918 3063 1975 novissimum
3083 1920 3323 1977 exhalat
3352 1922 3645 1993 spiritum.

2064 2005 2226 2062 Vers.
2258 2010 2344 2063 23.
2387 2008 2458 2063 Ut
2492 2009 2720 2064 veniens
2762 2037 2828 2050 -ι
2861 2009 3099 2066 viveret.
3137 2010 3242 2065 Per
3266 2010 3648 2083 hyperbaton

1993 2099 2084 2150 est
2116 2096 2264 2152 ordo
2305 2096 2620 2152 verborum
2654 2116 2666 2154 :
2700 2096 2861 2168 quod
2905 2097 3175 2154 videlicet
3215 2099 3648 2170 deprecabatur

1992 2200 2131 2240 eum
2179 2185 2454 2251 multum,
2497 2191 2557 2241 ut
2594 2188 2857 2252 veniens,
2897 2186 3234 2259 imponeret
3271 2188 3354 2244 illi
3409 2205 3644 2261 manus,

1992 2278 2126 2339 etc.,
2159 2274 2375 2330 deinde
2404 2274 2681 2344 addatur,
2713 2275 2876 2348 quod
2906 2275 2964 2331 in
2997 2277 3197 2333 medio
3227 2283 3336 2334 est.

2064 2362 2233 2419 Vers.
2264 2366 2350 2418 24.
2380 2364 2456 2419 Et
2486 2364 2654 2420 abiit.
2683 2394 2752 2406 —
2771 2380 2924 2422 eum.
2959 2365 3352 2424 Coarctabant
3378 2383 3532 2434 eum,
3567 2367 3647 2425 ait

1993 2453 2178 2508 Lucas
2205 2452 2276 2521 ⁵ο,
2317 2452 2442 2508 sive
2472 2452 2880 2524 impellebant.

1992 2573 2147 2631 CAP.
2179 2573 2342 2629 XIII.
2376 2574 2450 2631 De
2474 2574 2722 2631 muliere
2734 2573 2968 2645 sanguis
2996 2577 3286 2646 proﬂuvio
3315 2576 3644 2638 laborante.

2062 2681 2222 2737 Vers.
2280 2684 2368 2737 25.
2426 2683 2494 2737 Et
2557 2683 2794 2738 mulier.
2861 2712 2932 2722 —
3001 2684 3157 2738 Vers.
3222 2687 3310 2740 27.
3372 2685 3512 2755 ejus.
3575 2715 3649 2729 —

1993 2770 2185 2842 Caput
2246 2769 2362 2826 hoc
2392 2771 2765 2827 manifestius
2807 2769 3118 2842 proposuit
3147 2771 3334 2827 Lucas
3365 2789 3380 2828 :
3445 2789 3647 2846 quaere

1992 2875 2132 2931 ergo
2195 2859 2352 2931 apud
2416 2875 2554 2916 eum
2620 2858 3057 2916 enarrationem
3125 2859 3412 2918 vicesimo
3480 2867 3646 2927 sexto

1993 2949 2206 3021 capite.

2065 3039 2231 3094 Vers.
2265 3040 2354 3094 28.
2389 3038 2630 3096 Dicebat
2655 3069 2725 3080 —
2749 3038 2906 3093 salva
2924 3054 3041 3095 ero.
3061 3038 3294 3095 Dictum
3317 3043 3405 3096 est
3428 3039 3502 3096 de
3531 3041 3647 3098 hoc

1991 3127 2229 3185 decimo
2277 3132 2442 3184 sexto
2507 3128 2702 3199 capite
2763 3127 3070 3198 Evangelii
3122 3129 3456 3185 secundum
3508 3132 3650 3188 Mat-

1991 3217 2233 3274 thieum.

2063 3306 2234 3362 Vers.
2288 3305 2374 3362 29.
2425 3305 2500 3362 Et
2539 3306 2812 3362 continuo
2849 3335 2921 3347 —
2954 3306 3207 3376 ﬂagello.
3251 3307 3536 3376 Cognovit
3583 3309 3646 3365 in

1990 3410 2259 3468 corpore,
2282 3395 2469 3467 quod,
2491 3410 2564 3450 ex
2583 3410 2706 3467 quo
2726 3395 2856 3466 jam
2883 3410 3006 3451 non
3030 3394 3283 3452 ﬂuerent
3311 3401 3490 3466 guttas
3511 3412 3648 3454 san-

1989 3484 2206 3557 guinis,
2255 3482 2467 3540 sanata
2493 3491 2667 3540 esset.
2694 3483 3022 3554 Flagellum
3051 3499 3194 3540 vero
3236 3484 3641 3543 inﬁrmitatem

1989 3573 2345 3638 nominavit,
2373 3580 2438 3630 ut
2463 3589 2602 3646 quin
2625 3573 2823 3645 ipsam
2845 3578 2972 3630 tum
3002 3572 3228 3640 labore,
3257 3577 3383 3630 tum
3413 3575 3646 3647 pudore

1988 3661 2414 3733 ﬂagellaverat.

2060 3753 2222 3808 Vers.
2253 3751 2343 3806 30.
2363 3751 2690 3823 Statimque
2712 3781 2777 3792 —
2800 3751 2962 3810 Vers.
2982 3752 3072 3808 32.
3104 3767 3235 3824 qua
3260 3753 3372 3809 hoc
3392 3755 3644 3824 fecerat.

1992 3843 2196 3908 Quare
2217 3841 2397 3897 etiam
2419 3841 2494 3895 de
2506 3839 2598 3896 bis
2621 3840 2684 3896 in
2697 3840 3068 3912 expositione
3088 3842 3356 3897 vicesimi
3377 3843 3528 3899 sexti
3549 3859 3646 3900 ca-

1991 3931 2128 4004 pitis
2159 3928 2457 3998 Evangelii
2497 3929 2829 3985 secundum
2864 3931 3106 3986 Lucam.

276 4023 374 4073 τῆν
430 4013 482 4077 ἐξ
546 4015 703 4069 αὐτοῦ
758 4014 981 4089 δύναμιν
1038 4017 1361 4087 ἐξελθοῦσαν,
1396 4020 1514 4072 καθ’
1560 4021 1844 4095 ὑπερϐατὸν
1884 4021 2258 4097 ἀναγνωστέον,
2287 4020 2367 4071 ὅτι
2407 4017 2641 4090 ἐπιγνοὺς
2670 4017 2718 4071 ἓν
2744 4022 2904 4091 έουτῷ
2932 4024 3027 4078 τήν
3057 4019 3362 4083 ἐξελθοῦσαν
3387 4019 3441 4084 ἐξ
3484 4021 3647 4075 αὑτοῦ

279 4099 527 4176 δύναμιν.

1288 4201 1387 4250 Καὶ
1468 4205 1636 4251 ταῦτα
1708 4203 1875 4254 πάντα

279 4277 741 4356 διηρμηνεύθησαν
793 4283 842 4336 ἐν
891 4292 962 4356 τῷ
1009 4286 1219 4360 ῥηθέντι
1267 4286 1484 4357 εἰκοστῷ
1529 4290 1660 4360 ἕκτῷ
1716 4307 1875 4363 κεφα-

276 4370 426 4443 λαίῳ.

349 4467 448 4514 Καὶ
501 4463 615 4515 ισθι
673 4492 732 4502 -
783 4463 1039 4536 μάστιγός
1089 4483 1204 4517 σου.
1254 4470 1418 4518 Τοῦτο
1481 4464 1594 4518 οὗτε
1651 4470 1676 4519 6
1728 4473 1873 4520 Ματ-

278 4551 438 4613 θαῖος,
483 4550 601 4603 οὗτε
644 4551 669 4603 ὁ
726 4556 934 4615 Λουκᾶς
980 4555 1398 4626 προστεθείκασι,
1447 4559 1537 4606 καὶ
1572 4557 1748 4607 καινὸν
1779 4554 1872 4608 ού-

276 4634 381 4691 δέν.
427 4642 644 4712 Εἷρηται
687 4642 814 4713 γὰρ,
848 4642 929 4693 ὅτι
968 4643 1034 4692 τὰ
1078 4646 1148 4712 μὴ
1183 4640 1462 4713 ἀναγκαῖα,
1496 4643 1624 4704 τινες
1652 4645 1741 4714 μὲν
1771 4651 1869 4696 τῶν

273 4726 648 4800 εύαγγελιστῶν
679 4729 1080 4802 παρελίμπανον,
1117 4735 1396 4802 συντομίας
1426 4732 1606 4803 χάριν·
1649 4734 1782 4794 τινες
1813 4729 1872 4785 δὴ

271 4821 362 4868 καὶ
417 4825 585 4870 ταῦτα
642 4822 974 4892 συνέγραφον,
1046 4817 1310 4892 ἀκριϐείας
1357 4821 1535 4874 ἕνεκεν.
1590 4819 1737 4881 Εἰκὸς
1787 4818 1865 4888 δὲ,

348 4191 409 4246 Ἠ
481 4189 540 4246 δι
618 4199 746 4267 γυνὴ
832 4225 901 4235 --
969 4196 1194 4269 εἰρηνην,

1904 4416 1947 4472 D

272 4905 458 4968 αὐτοὺς
501 4912 591 4959 καὶ
638 4916 737 4959 τῶν
785 4911 873 4980 μὲν
923 4909 1198 4980 θαυμάτων
1251 4911 1608 4982 μνημονεύειν·
1669 4917 1766 4962 τῶν
1812 4907 1870 4962 δε

267 4995 517 5071 ῥημάτων
543 5001 614 5070 μὴ
648 4999 870 5050 πάντων.

341 5171 456 5226 "Eri
509 5205 577 5214 -
627 5171 990 5240 διδάσκαλον;
1023 5205 1092 5216 —-
1145 5171 1432 5249 Ἐρχονται
1490 5173 1590 5227 ἀπὸ
1642 5182 1732 5227 τοῦ
1783 5173 1870 5248 ἀρ-

265 5269 670 5335 χισυναγώγου,
764 5268 1056 5320 τουτέστιν,
1147 5262 1246 5316 ἀπὸ
1327 5271 1422 5324 τῆς
1519 5263 1689 5326 οἰκίας
1778 5271 1869 5315 τοῦ

266 5351 734 5427 ἀρχισυναγώγου.
795 5353 1027 5413 meum
1085 5349 1163 5416 δὲ,
1233 5351 1341 5405 ἀντὶ
1400 5359 1510 5418 τοῦ,
1582 5358 1865 5426 Περισπᾷς,

266 5439 516 5512 ἕνοχλείς.
578 5445 642 5494 Oi
703 5445 802 5515 γὰρ
859 5447 977 5514 περὶ
1040 5445 1149 5518 τὸν.
1193 5440 1627 5515 ἀρχισυνάγωγον
1721 5440 1869 5504 ἅτελή

263 5534 442 5583 πίστιν
487 5531 559 5593 εἰς
604 5535 835 5606 Χριστὸν
877 5533 1103 5603 ἔχοντες,
1153 5530 1528 5604 ὑπελάμϐανον,
1579 5532 1659 5582 ὃτι
1704 5536 1868 5590 νοσή-

261 5636 411 5696 ματα
464 5623 553 5693 μεν
607 5622 778 5675 πάντα
815 5617 1038 5674 δύναται
1096 5622 1410 5697 θεραπεύειν,
1452 5619 1750 5679 ἀναστῆσαι
1810 5617 1869 5673 δὲ

340 5718 390 5754 ⁸ο
420 5717 562 5776 Luc.
591 5723 709 5792 vui,
734 5723 824 5777 42.
935 5721 980 5756 ⁶¹
1012 5718 1211 5778 Matth.
1238 5734 1319 5786 ix,
1353 5722 1443 5776 22.

2055 4203 2214 4257 Vers.
2268 4201 2357 4254 33.
2407 4197 2625 4254 Mulier
2662 4203 2862 4254 autem
2902 4227 2971 4244 -.-
3011 4197 3173 4254 Vers.
3217 4201 3306 4256 3t.
3356 4196 3430 4254 In
3475 4213 3644 4270 pace.

1980 4290 2117 4346 Haec
2144 4302 2387 4362 quoque
2415 4288 2624 4343 omnia
2651 4285 2958 4344 declarata
2979 4292 3119 4345 sunt
3149 4287 3209 4344 in
3240 4287 3530 4360 praedicto
3559 4289 3646 4345 vi-

1981 4379 2204 4436 cesimo
2246 4381 2415 4433 sexto
2453 4375 2669 4448 capite.

2052 4466 2218 4524 Vers.
2271 4469 2359 4522 34.
2417 4466 2481 4520 Et
2521 4471 2638 4520 esto
2675 4492 2748 4505 —
2791 4464 3033 4536 ﬂagello
3075 4471 3197 4522 tuo.
3252 4466 3456 4537 Neque
3507 4467 3647 4523 llat-

1979 4555 2171 4612 thaeus
2184 4555 2226 4591 ⁶¹
2238 4569 2454 4626 ,neque
2466 4553 2657 4610 Lucas
2676 4555 2722 4588 "
2734 4553 2851 4609 hoc
2862 4553 3251 4609 addiderunt:
3268 4568 3378 4608 nec
3392 4552 3611 4609 mirum
3628 4595 3644 4611 .

1981 4643 2288 4716 Siquidem
2310 4643 2537 4698 dictum
2556 4645 2666 4707 est,
2695 4641 2861 4714 quod
2883 4657 2969 4707 ea,
3000 4657 3132 4713 quin
3149 4641 3481 4697 necessaria
3510 4657 3639 4697 non

1977 4740 2165 4800 erant,
2205 4732 2455 4806 quidam
2485 4730 2873 4800 Evangelistzn
2910 4730 3460 4801 praetermittebant,
3503 4730 3633 4786 bre-

1978 4821 2176 4878 vitatis
2213 4821 2407 4891 gratia
2448 4835 2459 4873 :
2503 4817 2759 4891 quidam
2797 4832 2938 4873 vero
2976 4819 3156 4873 etiam
3195 4818 3323 4873 haec
3365 4816 3636 4874 ascribe-

1977 4907 2143 4975 bant,
2176 4908 2496 4977 diligentia:
2529 4922 2733 4962 causa.
2766 4903 3090 4960 Verisimile
3119 4921 3362 4977 quoque
3392 4911 3502 4976 est,
3534 4923 3638 4963 eos

1979 4997 2407 5053 miraculorum
2438 4996 2682 5068 quidem
2717 4995 3081 5066 meminisse,
3125 5010 3248 5051 non
3277 4999 3478 5074 autem
3510 5012 3639 5054 om-

1978 5086 2148 5142 nium
2189 5086 2527 5141 verborum.
3374 5075 3380 5081 ”

2049 5173 2526 5232 Vers.35.Adhuc
2544 5204 2610 5212 —
2624 5172 2977 5243 magistrum
2994 5175 3022 5227 ?
3047 5172 3300 5228 Veniunt
3314 5188 3349 5228 a
3361 5175 3639 5244 principe

1978 5266 2326 5335 Synagagw,
2357 5264 2468 5319 hoc
2498 5267 2604 5331 est,
2639 5271 2682 5318 Α
2720 5263 2903 5317 domo
2933 5261 3141 5334 ipsius.
3189 5263 3376 5320 Vexas
3407 5268 3634 5332 autem,

1978 5353 2093 5409 hoc
2131 5358 2238 5420 est,
2272 5353 2559 5417 Molestus,
2595 5352 2817 5408 turbas.
2863 5352 3182 5408 Domestici
3216 5352 3376 5408 enim
3421 5354 3640 5424 princi-

1978 5443 2070 5512 pis
2088 5441 2451 5514 Synagogue.
2470 5458 2606 5497 cum
2634 5439 3046 5512 imperfectam
3069 5442 3128 5497 in
3143 5441 3440 5498 Christum
3451 5442 3638 5500 ﬁdem

1976 5530 2285 5597 haberent,
2319 5530 2801 5604 suspicabantur,
2832 5530 2998 5603 quod
3014 5545 3259 5587 omnem
3286 5536 3439 5588 certe
3469 5531 3640 5602 aegri-

1979 5618 2252 5686 tudinem
2281 5636 2494 5683 sanare
2523 5625 2746 5696 posset,
2775 5626 3082 5688 mortuum
3107 5623 3313 5688 autem
3343 5619 3636 5684 suscitare

1558 5720 1605 5756 ⁵²
1631 5719 1772 5777 Luc.
1801 5733 1928 5791 vui,
1955 5721 2047 5776 48.
