4170 6364
560 311 666 372 803

1915 316 2273 387 ΕΗΤΗΥΜῘΙ
2316 322 2622 394 ZlGABEN
2628 341 2651 399 Ι

3818 345 3933 410 804

558 455 681 495 non
696 446 919 512 posset.
937 442 1213 501 Nondum
1238 446 1397 505 enim
1429 450 1649 507 factum
1677 454 1755 509 ab
1772 470 1844 511 eo
1859 456 2190 527 hujusmod

2321 466 2494 534 νεκρὸν
2525 466 2583 517 ού
2615 463 2856 521 δύναται.
2891 468 3052 523 Οὓπω
3076 475 3177 545 γὰρ
3209 471 3347 526 εἶδον
3385 481 3616 529 τοιοῦτον
3647 476 3732 529 ὑπ’
3760 479 3931 532 αὐτοῦ

558 528 914 585 miraculum
945 532 1237 590 viderant.
1271 536 1532 611 Ideoque
1558 542 1837 601 dicebant
1871 564 1885 598 :
1917 546 2079 603 [vilia
2110 553 2212 603 tua

557 626 795 675 mortua
825 625 925 686 est,
949 621 1090 692 quid
1104 624 1299 682 adhuc
1320 643 1497 685 vexas
1513 632 1880 703 Magistrum,
1907 651 2045 691 cum
2076 652 2209 692 eam

555 721 679 763 non
710 711 899 779 possit
928 712 1211 769 suscitare
1235 717 1264 771 ?

628 797 792 853 Vers.
835 802 921 855 36.
962 800 1129 856 Jesus
1163 811 1359 862 autem
1408 838 1478 848 —
1516 811 1695 867 crede.
1738 814 2004 883 Cognito,
2047 815 2212 887 quod

555 886 1072 960 archisynagogus
1104 890 1258 948 circa
1288 895 1467 952 tidem
1509 899 1825 967 dubitaret,
1863 908 2063 975 utpote
2093 920 2213 959 ser-

554 976 837 1031 monibus
875 977 1111 1034 illorum
1153 982 1453 1051 seductus,
1484 988 1775 1046 confortat
1813 1007 1969 1059 eum,
2015 1009 2086 1049 ac
2124 1009 2211 1048 re-

556 1061 711 1118 fovet
739 1064 879 1120 ﬁdei
913 1065 1070 1121 illius
1104 1069 1584 1131 imbecillitatem.

625 1169 786 1225 Vers.
819 1172 906 1228 37.
936 1174 1001 1227 Et
1034 1190 1148 1230 non
1180 1209 1247 1216 —
1275 1178 1492 1236 Jacobi.
1539 1183 1704 1240 Solos
1734 1184 1846 1242 hos
1872 1187 2024 1243 inter
2054 1189 2207 1245 alios

554 1258 875 1332 discipulos
889 1266 1304 1337 coassumpsit,
1321 1270 1487 1340 quasi
1503 1273 1725 1327 caeteris
1742 1276 2203 1345 praestantiores.

553 1346 706 1404 Nam
735 1354 791 1406 et
820 1351 881 1405 in
909 1368 1019 1408 sua
1050 1353 1559 1425 transﬁguratione
1588 1361 1748 1419 solos
1775 1363 1885 1419 hos
1918 1370 2207 1437 spectato-

552 1452 647 1493 res
677 1454 882 1495 secum
915 1444 1262 1514 assumpsit.
1844 1442 1854 1451 ”

626 1528 835 1592 Quaere
856 1525 1049 1586 etiam
1081 1525 1376 1591 tricesimo
1413 1543 1630 1608 quarto
1660 1540 1852 1611 capite
1901 1542 2200 1612 Evangelii

547 1613 720 1685 juxta
748 1616 1083 1674 Matthaeum
1107 1632 1344 1687 causas,
1364 1623 1444 1680 ob
1455 1626 1765 1697 quasistos
1791 1637 2165 1702 praeponeret
2188 1650 2200 1687 :

552 1705 609 1756 et
645 1708 859 1773 praeter
897 1703 1027 1760 illas
1058 1708 1236 1763 etiam
1265 1710 1624 1781 praeferebat
1651 1729 1773 1780 eos,
1810 1720 1873 1771 ut
1911 1722 1969 1773 et
2010 1719 2203 1774 caeteri

549 1790 696 1847 tales
725 1790 877 1848 efﬁci
908 1802 1285 1853 conarentur.

552 1938 564 1950 .
623 1898 784 1954 Vere.
814 1902 901 1954 38.
928 1901 1008 1955 Et
1034 1904 1192 1958 venit
1225 1935 1291 1946 --
1319 1908 1685 1980 multumque
1714 1912 2024 1980 ejulantes.
2048 1915 2200 1971 Tibi-

549 1985 711 2041 cines
742 1986 1085 2044 luctuosum
1117 1998 1357 2048 cantum
1378 1995 1703 2065 pulsabant
1724 1999 2201 2071 (quihis-dicitur

548 2072 822 2144 ejulatus,
864 2092 1217 2148 quanquam
1260 2084 1496 2154 proprie
1524 2084 1816 2151 ἀλαλάζειν,
1861 2095 1949 2145 est
1990 2106 2197 2164 perpe-

547 2166 650 2218 tuo
708 2163 907 2219 sonitu
964 2170 1222 2238 strepere
1276 2186 1347 2226 ac
1386 2172 1599 2229 tinnire
1642 2190 1654 2229 :

545 2251 807 2307 diximus
838 2252 1072 2309 decimo
1101 2261 1267 2313 sexto
1292 2259 1465 2329 juxta
1494 2263 1834 2321 Matthaeum
1867 2268 2080 2339 capite.

616 2343 774 2396 Vers.
801 2342 886 2396 39.
920 2344 995 2397 Et
1008 2345 1630 2415 ingressus—dormit.
1661 2353 1925 2411 Primum
1950 2357 2195 2429 quidem

542 2429 658 2485 hoc
705 2430 871 2498 dixit,
936 2431 1229 2491 tristitiam
1271 2452 1479 2494 eorum
1532 2442 1925 2499 consolando.
1974 2445 2197 2503 Deinde

545 2520 748 2598 etiam,
788 2524 952 2592 quod
985 2522 1097 2577 illis
1127 2525 1373 2596 quidem
1415 2535 1648 2587 mortua
1680 2537 1821 2598 erat,
1850 2533 1963 2590 sibi
1998 2542 2197 2594 autem

543 2595 879 2665 dormiebat
918 2626 930 2666 :
980 2611 1059 2666 illi
1089 2595 1350 2687 namque
1382 2620 1663 2675 suscitare
1694 2637 1824 2676 eam
1869 2638 1990 2678 non
2036 2632 2199 2697 pote-

541 2690 694 2763 ξέοι,
736 2698 1045 2769 ipse'vero
1076 2694 1393 2772 perfacile:
1429 2708 1695 2764 tribuens
1734 2708 2021 2782 praeterea
2060 2732 2198 2772 con-

541 2785 865 2852 ﬁdentiam,
907 2791 1072 2859 quod
1100 2797 1349 2848 mortem
1392 2797 1561 2866 quasi
1592 2814 1871 2855 somnum
1910 2801 2193 2873 abigeret,

541 2879 745 2947 utpote
772 2876 980 2932 mortis
1009 2893 1079 2934 ac
1117 2878 1250 2936 vitae
1274 2882 1579 2941 Dominus.

613 3106 776 3161 Vers.
813 3111 900 3162 40.
942 3108 1017 3162 Et
1044 3104 1372 3167 irridebant
1408 3130 1559 3171 eum.
1592 3119 1770 3182 Quasi
1812 3122 2070 3180 dormire
2108 3126 2194 3182 di-

540 3201 771 3251 centem
800 3195 958 3252 illam
987 3214 1122 3268 quae
1146 3208 1381 3258 mortua
1396 3211 1541 3272 erat,
1571 3208 1821 3265 scientes
1846 3213 2005 3282 quod
2036 3231 2189 3272 mor-

538 3287 642 3340 tua
676 3289 786 3350 est,
822 3285 972 3341 sicut
999 3287 1138 3343 dicit
1178 3291 1364 3349 Lucas
1406 3293 1477 3347 ⁵³.
1510 3294 1705 3353 Voluit
1730 3305 1933 3356 autem
1957 3309 2026 3359 -et
2064 3304 2192 3377 ipse

537 3373 791 3442 irrideri,
835 3379 896 3429 ut
932 3380 989 3431 et
1026 3375 1298 3434 tibicines
1335 3386 1393 3437 et
1430 3384 1533 3455 qui
1572 3384 1912 3460 irrisissent,
1953 3373 2191 3467 aliaque

537 3461 776 3531 similia,
802 3462 1230 3522 demonstratio
1254 3466 1463 3526 ﬁerent
1482 3474 1820 3545 manifesta,
1843 3481 2006 3551 quod
2036 3461 2194 3540 mor-

536 3554 639 3607 tua
692 3550 896 3606 fuisset
942 3553 1163 3642 puella,
1213 3571 1319 3612 nec
1372 3567 1575 3630 posset
1620 3563 1816 3621 dicere
1862 3550 2190 3642 quisquam

536 3638 947 3710 postmodum,
968 3640 1134 3713 quod
1158 3649 1395 3702 mortua
1418 3662 1539 3703 non
1562 3649 1756 3708 fuerit.
1778 3638 1923 3711 Nam
1953 3638 2192 3731 propter

534 3725 651 3783 hoc
670 3742 913 3799 quoque
934 3728 1016 3784 im
1025 3738 1290 3788 moratus
1307 3739 1394 3791 est
1409 3735 1563 3794 circa
1584 3725 2189 3804 miraculum—factum

532 3815 596 3872 in
633 3816 900 3884 muliere,
933 3833 1070 3890 quae
1103 3823 1416 3892 sanguinis
1444 3824 1678 3884 ﬂuxum
1710 3832 2040 3902 patiebatur
2072 3856 2084 3895 :
2130 3844 2191 3893 ut

534 3904 845 3962 manifeste
864 3908 1057 3977 puella
1076 3919 1424 3980 moreretur,
1449 3921 1506 3970 et
1531 3918 1799 3977 tibicines
1812 3922 2188 3997 inferrentur,

533 3998 865 4067 caeteraque
897 4012 1006 4051 suo
1044 3999 1253 4056 ﬁerent
1281 4001 1512 4059 ordine.

602 4082 765 4138 Vers.
795 4087 885 4138 40.
917 4085 995 4139 Ει
1020 4088 1215 4155 ejectis
1244 4091 1513 4147 omnibus
1545 4125 1610 4134 —
1636 4111 1842 4169 eosque
1865 4104 1969 4171 qui
1990 4118 2189 4161 secum

530 4177 727 4231 erant.
766 4174 891 4227 Eos.
917 4173 1020 4244 qui
1050 4190 1256 4231 secum
1288 4178 1542 4248 ingressi
1574 4190 1758 4239 erant.
1803 4189 1951 4246 Dicit
1973 4198 2187 4249 autem

530 4260 791 4321 Petrum,
831 4260 1124 4318 Iacobum
1164 4269 1220 4320 et
1263 4266 1578 4325 Joannem.
1621 4272 1848 4332 Patrem
1890 4279 2187 4352 siquidem

531 4353 902 4421 matremque
924 4350 1150 4421 puellae,
1172 4355 1442 4411 miraculi
1462 4365 1814 4430 spectatores
1835 4350 2184 4442 assumpsit,

528 4439 1049 4529 tanquampuellaa
1074 4444 1269 4515 magis
1291 4445 1652 4506 domesticos
1673 4467 1687 4518 ;
1711 4452 2033 4529 discipulos
2047 4439 2184 4518 vero

528 4531 822 4599 tanquam
851 4527 1099 4602 sibiipsi
1124 4534 1319 4603 magis
1342 4535 1681 4595 familiares.
1714 4527 1966 4604 Caeteros
1983 4556 2184 4607 autem

526 4630 741 4671 omnes
779 4616 969 4687 ejecit,
1009 4618 1245 4691 fugiens
1282 4637 1493 4682 eorum
1531 4627 1794 4687 laudem.
1839 4636 1982 4691 Cum
2020 4640 2183 4697 enim

525 4720 841 4776 nunquam
885 4711 999 4764 tale
1028 4710 1344 4782 quidpiam
1376 4714 1442 4786 (t)
1475 4716 1781 4788 vidissent,
1831 4726 2183 4796 applausuri

526 4802 717 4861 erant,
750 4801 806 4851 et
834 4812 1018 4868 supra
1044 4800 1297 4856 modum
1326 4802 1648 4863 laudaturi.

600 4884 763 4940 Vers.
781 4888 871 4941 40.
887 4885 961 4941 Et
977 4886 1311 4959 ingreditur
1324 4894 1561 4949 -Vers.
1576 4898 1663 4953 42.
1683 4900 2051 4962 ambulabat.
2069 4909 2181 4982 Ap-

543 5012 554 5018 '
599 5008 648 5045 ⁸³
676 5008 811 5066 Luc.
847 5026 966 5078 vni,
995 5014 1091 5068 53.

2325 552 2500 624 θαῦμα
2538 562 2891 630 γεγενημένον.
2930 563 3017 613 Διό
3065 566 3154 613 καὶ
3209 559 3374 620 εἷπον.
3424 562 3482 617 Ἦ
3533 567 3768 640 θυγάτηρ
3819 588 3932 641 σομ-

2323 638 2559 711 ἀπέθανε,
2588 649 2638 696 τί
2668 648 2742 698 ἔτι
2775 647 3008 710 σκύλλεις
3038 653 3124 702 τόν
3156 647 3503 713 διδάσκαλον,
3537 658 3608 727 μὴ
3636 652 3930 729 δυνάμενον

2322 730 2483 788 αὐτὴν
2512 734 2711 793 ἄναστῆ
2722 755 2807 787 σαι
2830 753 2843 803 ;

2390 820 2449 875 Ὀ
2483 818 2541 873 δὲ
2573 823 2777 886 Ἰησοῦς
2814 857 2883 866 -
2911 831 3142 880 πίστευε.
3178 834 3335 893 Γνοὺς
3363 834 3449 883 τὸν
3482 831 3928 907 ἀρχισυνάγωγον

2322 906 2672 979 ἀμϐλυνθέντα
2714 919 2831 989 περὶ
2885 920 2978 974 τὴν
3008 922 3207 984 πίστιν,
3256 918 3341 971 οἶα
3373 925 3777 994 συναπαχθέντα
3812 933 3931 987 τοῖς

2318 995 2488 1068 λόγοις
2514 1001 2699 1063 αὐτῶν,
2738 1001 3060 1079 ἐπιθαῤῥύνει
3088 1012 3180 1059 καὶ
3207 1006 3492 1063 ἀνακτάται
3516 1016 3609 1069 τὴν
3654 1012 3927 1067 ἀσθένειαν

2317 1095 2406 1146 τῆς
2427 1088 2587 1141 αὐτοῦ
2612 1095 2856 1153 πίστεως.

2393 1201 2490 1248 Καὶ
2543 1197 2636 1250 ούκ
2691 1230 2756 1238 -
2806 1200 3076 1267 Ἰακώϐου,
3142 1206 3339 1267 Μόνους
3392 1209 3608 1270 τούτους
3661 1206 3762 1261 ἀπὸ
3820 1219 3925 1263 τῶν

2315 1284 2477 1338 ἄλλων
2506 1289 2752 1360 μαθητῶν
2790 1292 3199 1364 συμπαρέλαϐεν,
3234 1296 3303 1357 ὡς
3329 1291 3745 1371 διαφορωτέρους
3797 1309 3927 1352 τῶνι

2314 1375 2499 1430 ἄλλων.
2558 1382 2657 1430 Καὶ
2703 1381 2804 1451 γὰρ
2856 1384 2945 1432 καὶ
2997 1380 3080 1433 ἐπὶ
3130 1390 3220 1443 τῆς
3262 1391 3703 1457 μεταμορφώσεως
3732 1388 3919 1461 αὐτοῦ,

2314 1469 2503 1536 μόνους
2529 1469 2745 1530 τούτους
2782 1468 3038 1543 παρέλαϐε
3068 1472 3271 1533 θεατας.

2389 1559 2488 1607 Καὶ
2538 1559 2767 1618 ζήτησον
2807 1556 2855 1609 ἐν
2911 1565 2985 1629 τῷ
3030 1568 3328 1631 τριακοστῷ
3375 1564 3603 1638 τετὰρτῳ
3655 1566 3922 1640 κεφαλαίῳ

2312 1652 2404 1696 τοῦ
2429 1648 2565 1697 κατά
2590 1649 2857 1699 Ματθαίον
2887 1649 2980 1710 τὰς
3017 1648 3181 1710 αἰτίας
3208 1659 3304 1713 τῆς
3327 1658 3691 1725 προτιμήσεως
3721 1655 3919 1707 αὐτῶν.

2316 1740 2578 1807 Προετίμα
2639 1732 2701 1788 δε
2776 1739 3005 1802 τούτους,
3075 1738 3157 1790 ἵνα
3207 1743 3297 1792 καὶ
3375 1742 3424 1792 οἱ
3475 1741 3620 1794 ἄλλοι
3690 1751 3923 1797 τοιοῦτοι

2311 1828 2574 1895 γένωνται.

2384 1919 2486 1967 Kal
2517 1916 2732 1989 ἔρχεται
2758 1945 2824 1955 -
2850 1919 2940 1967 καὶ
2973 1914 3319 1978 ἀλαλάζοντας
3339 1916 3522 1971 πολλά.
3546 1918 3835 1983 Ἠλάλαξον
3869 1926 3921 1976 οἰ

2311 2003 2555 2071 αὐληταὶ,
2586 2008 2704 2079 περὶ
2728 2004 2796 2055 ὧν
2821 2004 3098 2077 εἰρήκαμεν
3121 2003 3169 2056 ἐν
3189 2013 3261 2076 τῷ
3280 2003 3633 2080 ἐξκαιδεκάτῳ
3654 2010 3919 2085 κεφαλαίῳ

2309 2100 2401 2146 τοῦ
2438 2095 2573 2145 κατὰ
2603 2095 2885 2145 Ματθαῖον.

1698 2192 1845 2231 sono
1885 2194 2099 2235 sonum
2139 2184 2486 2256 excipiente,
2529 2182 3047 2254 quemadmodum
3088 2182 3150 2238 ﬁt
3202 2182 3263 2239 in
3323 2184 3640 2255 lebetibus)
3696 2188 3772 2244 de
3824 2189 3920 2247 his

2384 2384 2483 2432 Καί
2540 2377 2779 2431 εἰσελθὼν
2838 2409 2905 2417 —
2975 2375 3239 2431 καθεύδει.
3301 2380 3423 2432 Εἶπε
3481 2388 3655 2448 τοῦτο,
3730 2392 3915 2458 πρῶτα

2308 2470 2417 2540 μὲν,
2485 2472 2577 2526 τὴν
2654 2467 2820 2523 λύπην
2909 2467 3077 2517 αὐτῶν
3160 2471 3641 2542 παραμυθούμενος·

2306 2561 2395 2609 καὶ
2445 2553 2737 2620 διδάσκων,
2785 2557 2865 2607 ὅτι
2903 2555 3024 2629 παρ’
3092 2554 3299 2619 ἰκείνοις
3356 2560 3447 2631 μὲν
3502 2561 3733 2631 τέθνηκε,
3784 2563 3910 2637 παρ’

2307 2646 2447 2716 αύτῷ
2506 2642 2565 2698 δὲ
2612 2638 2881 2717 κοιμᾶταιο
2946 2650 3034 2697 καὶ
3077 2638 3178 2721 γὰρ
3228 2645 3409 2699 ἐκείνοι
3461 2651 3571 2720 μεν,
3633 2649 3727 2701 ούκ
3774 2647 3907 2708 ἠδύ-

3736 2474 3914 2525 ἔπειτα

2305 2755 2454 2787 ναντο
2521 2733 2821 2792 ἀναστῆσαι
2877 2736 3092 2792 ταύτηνυ
3167 2734 3323 2798 αὐτὸς
3392 2732 3450 2788 δὲ
3514 2742 3605 2790 καὶ
3650 2740 3899 2811 μάλιστα·

2306 2821 2417 2879 εἶτα
2470 2829 2560 2876 καὶ
2620 2820 2808 2883 διδοὺς
2858 2820 3060 2897 θαρρεῖν
3118 2824 3230 2896 (46)
3286 2826 3366 2877 ὅτι
3438 2828 3664 2899 καθάπερ
3738 2831 3894 2879 ὕπνον

2306 2912 2550 2966 ἀπελάσει
2603 2916 2688 2965 τὸν
2749 2914 2984 2976 θάνατον,
3035 2915 3103 2975 ὡς
3161 2915 3351 2987 Κύριος
3401 2916 3638 2980 θανάτου,
3688 2935 3774 2967 και
3821 2919 3890 2977 ὡς

2228 3004 2269 3060 C
2305 3002 2436 3063 ζωή.

2376 3096 2475 3144 Καὶ
2526 3087 2807 3161 κατεγέλων
2874 3088 3061 3146 αὐτοῦ.
3151 3089 3239 3152 Ὠς
3319 3090 3550 3164 λέγοντος
3632 3089 3901 3146 καθεύδειν

2299 3184 2392 3239 τὴν
2445 3182 2772 3247 τεθνηκυῖαν,
2832 3175 3033 3241 εἰδότος
3088 3181 3167 3233 ὅτι
3235 3180 3501 3250 ἀπέθανεν,
3534 3183 3651 3243 ὡςό
3700 3188 3902 3243 Λουκᾶς

2301 3271 2454 3323 εἶπεν.
2513 3268 2778 3322 Ἐϐούλετο
2836 3265 2895 3321 δὲ
2939 3273 3030 3321 καὶ
3084 3269 3237 3331 αὐτὸς
3290 3270 3764 3342 καταγελασθῆναι,
3820 3273 3901 3324 ἵνα

2298 3363 2390 3411 καὶ
2435 3360 2483 3410 οἰ
2534 3357 2755 3415 αὐληταὶ
2798 3361 2887 3409 καὶ
2944 3358 2970 3409 ὁ
3007 3357 3323 3429 κατάγελως,
3390 3365 3481 3413 καὶ
3537 3364 3603 3413 τὰ
3660 3368 3897 3426 τοιαῦτα,

2302 3451 2470 3519 σαφὴς
2527 3445 2621 3499 εἰεν
2680 3442 2943 3508 ἀπόδειξις
2996 3454 3088 3499 τού
3148 3449 3444 3506 τεθνηκέναι
3497 3453 3554 3501 τὸ
3631 3453 3897 3523 κοράσιον,

2298 3540 2387 3587 καὶ
2416 3532 2604 3609 μηδεὶς
2632 3536 2845 3607 ὕστερον
2886 3534 3133 3594 δυνηθείη
3189 3536 3374 3609 λέγειν,
3424 3539 3500 3590 ὃτι
3557 3538 3615 3590 ού
3665 3541 3895 3597 τέθνηκε·

2300 3620 2392 3676 διὰ
2436 3631 2585 3677 τοῦτο
2631 3627 2732 3699 γὰρ
2766 3629 2854 3676 καὶ
2910 3632 2983 3696 τῷ
3032 3627 3168 3677 κατὰ
3212 3630 3305 3684 τὴν
3349 3625 3630 3700 αἰμοῤῥόυν
3672 3630 3899 3699 θαύματι

2298 3710 2646 3786 ἐνεϐράδυνεν·
2707 3714 2790 3764 ἶνα
2853 3710 3132 3787 προδήλως
3200 3718 3259 3767 τό
3333 3712 3546 3767 παιδίον
3636 3714 3897 3789 ἀποθάνῃ,

2297 3806 2387 3854 καὶ
2421 3802 2758 3875 εἰσενεχθῶσι
2792 3804 2881 3875 μὲν
2931 3804 2979 3854 οἱ
3023 3803 3263 3871 αὐληταὶ,
3296 3808 3542 3875 γένωνται
3600 3802 3658 3858 δὲ
3700 3810 3791 3858 καὶ
3833 3808 3901 3859 τὰ

2299 3890 2432 3955 έξης.

2367 4110 2424 4163 Ὀ
2480 4107 2539 4164 δὲ
2587 4111 2814 4164 ἐκϐαλὼν
2865 4114 3065 4176 πάντας
3111 4146 3181 4155 -
3236 4119 3325 4167 καὶ
3374 4117 3490 4177 τοὺς
3541 4116 3654 4168 πετ⁹
3721 4116 3899 4172 αὑτοῦ.

2296 4203 2430 4261 Τοὺς
2475 4201 2588 4273 μετ’
2619 4202 2778 4253 αὐτοῦ
2825 4202 3267 4269 συνεισελθόντας,
3311 4204 3446 4275 λέγει
3479 4200 3538 4257 δὲ
3586 4208 3780 4277 Πέτρον
3811 4209 3901 4257 καὶ

2299 4289 2539 4343 Ἰάκωϐον
2597 4296 2686 4343 καὶ
2748 4292 3007 4351 Ἰωάννην.
3079 4296 3177 4346 Τὸν
3234 4296 3325 4366 μὶν
3396 4294 3483 4345 οὖν
3539 4299 3742 4369 πατέρα
3811 4300 3899 4347 καὶ

2295 4384 2388 4437 τὴν
2440 4384 2640 4453 μητέρα
2691 4388 2785 4441 τῆς
2840 4386 3001 4453 κόρης
3057 4382 3313 4455 παρέλαϐε
3366 4384 3552 4445 θεατὰς
3607 4392 3700 4436 τοῦ
3777 4386 3898 4437 θαύ-

2293 4487 2457 4542 ματος
2518 4471 2586 4531 ὡς
2642 4469 2858 4531 οἰκείούς
2924 4470 3109 4543 ἐκείνη⁸
3182 4476 3301 4534 τοὺς
3374 4468 3433 4525 δε
3509 4474 3768 4543 μαθητὰς,
3826 4474 3896 4535 ὡς

2294 4556 2510 4618 οἰκείους
2567 4558 2751 4629 ἑαυτῷ
2822 4562 2937 4620 τοὺς
2994 4560 3177 4621 ἄλλους
3251 4558 3311 4613 δε
3382 4562 3580 4623 πάντας
3666 4559 3881 4630 ἐξέϐαλε,

2294 4649 2491 4719 φεύγων
2557 4650 2644 4700 τὸν
2682 4647 2807 4721 παρ’
2894 4647 3061 4700 αὐτῶν
3137 4650 3361 4702 ἔπαινον.
3455 4646 3713 4702 Οὐδέποτε
3780 4650 3880 4721 γὰρ

2291 4743 2525 4788 τοιοῦτον
2586 4733 2797 4798 ἰδόντες.
2849 4737 3050 4810 ἔμελλον
3103 4738 3256 4791 αὐτὸν
3302 4746 3565 4811 κροτῆσαι
3612 4741 3700 4791 καὶ
3737 4737 3891 4812 ὑπερ-

2294 4833 2499 4898 ευφημῆ
2509 4845 2619 4879 σαι.

2364 4915 2469 4970 Καὶ
2522 4916 2875 4992 εἰσπορεύεται
2928 4947 2995 4957 -
3049 4917 3164 4990 (47)
3212 4918 3535 4992 περιεπάτει.
3605 4915 3899 4991 Ἐκρὰτησε

1731 5151 1957 5221 Variae
1982 5154 2310 5231 lectiones
2341 5172 2407 5230 et
2446 5172 2647 5233 notae.

552 5289 554 5293 '
597 5274 711 5353 (l6)
742 5274 1206 5353 Qap’pci’v,abesl_.
1238 5280 1305 5335 A.

543 5366 554 5375 -
596 5349 1081 5429 (4.7)“Hentenius
1120 5350 1199 5406 ad
1235 5367 1384 5429 vers.
1426 5357 1503 5429 H7
1534 5364 1737 5417 monet
1792 5364 2179 5429 scribendum

523 5419 922 5507 essetaliatba,
940 5420 1196 5507 addens
1219 5437 1233 5479 :
1260 5424 1304 5478 A
1314 5429 1451 5507 tque
1462 5428 1591 5507 _hoc
1602 5433 1773 5489 modo
1786 5419 2182 5507 altilia???-

523 5490 762 5551 venitur
804 5491 869 5546 in
914 5493 1222 5549 nonnullis
1258 5490 1498 5555 vetustis
1544 5490 2182 5579 exemplaribusT-tant

2293 5303 2530 5370 Graecis,
2562 5320 2739 5377 quam
2770 5304 3022 5364 Latinis.
3048 5307 3185 5369 Qua;
3205 5324 3342 5365 vero
3373 5312 3512 5364 sunt
3539 5307 3652 5365 ista
3668 5311 3902 5367 vetusta

2290 5377 2652 5455 exemplaria
2678 5377 2707 5432 ?
2742 5377 2892 5455 Alibi
2945 5384 3239 5437 memorat
3282 5379 3777 5455 Complutensem
3843 5385 3903 5437 et

2291 5447 2657 5504 Erasmicam
2687 5448 3043 5508 editionem.

552 5612 663 5724 ‘J(i)
718 5611 857 5724 Tale
903 5614 1260 5724 quidpiam:
1284 5618 1519 5724 Videtur
1570 5641 1710 5700 ergo
1738 5629 1961 5702 legisse
1994 5640 2227 5715 τοιοῦτὸν
2254 5662 2326 5710 τι,
2356 5643 2519 5717 quod
2551 5652 2661 5704 nec
2715 5643 2861 5703 mihi
2916 5645 3211 5722 displicet.
3270 5633 3465 5724 Supra
3525 5634 3785 5707 advers.
3830 5632 3919 5707 35?

552 5702 627 5765 de
656 5718 716 5762 re
745 5701 954 5761 eadem
983 5707 1090 5772 est,
1120 5702 1353 5761 τοιοῦτον
1379 5711 1574 5786 θαύμα.
