4170 6364
222 335 332 395 805
1275 318 1653 383 COMMENT.
1700 316 1770 374 IN
1808 306 2135 373 MARCUM.
2179 347 2242 359 -
2286 318 2447 374 CAP.
2495 311 2592 376 VI.
3483 317 3587 374 806

226 471 322 523 τῆς
378 460 557 535 χειρὸς
624 454 784 515 αὐτῆς
843 456 933 505 καὶ
990 450 1267 524 έφώνησεν,
1324 453 1405 504 ἰνα
1455 452 1485 508 ἡ
1548 443 1684 520 φωνὴ
1741 442 1830 515 μὶν

1990 440 2255 498 rehendit
2282 456 2533 497 manum
2566 441 2697 512 ejus
2726 445 2784 497 et
2812 441 3065 507 vocavit,
3097 446 3163 500 ut
3179 458 3294 500 vox
3319 444 3584 501 animam

230 530 521 624 ἐπιστρέφῃ
572 550 665 604 τὴν
705 543 985 616 οἰχομένην
1037 541 1245 614 ψυχὴν,
1276 544 1305 599 ἡ
1355 537 1414 592 δὲ
1455 542 1575 612 χεὶρ
1620 538 1831 607 συμπή-

1990 546 2078 585 uaa
2108 530 2471 596 discedebat,
2512 536 2831 598 revocaret,
2867 548 3085 589 manus
3133 538 3333 590 autem
3371 548 3591 606 corpus

234 640 295 714 ξῃ
328 642 386 691 τὸ
415 646 586 709 σῶμα.

1990 621 2297 692 isponeret.

306 728 377 780 Ἠ
430 708 518 778 καὶ
568 723 765 798 ἑτέρως,
814 721 1069 794 ἐκράτησε
1118 727 1210 781 τῆς
1262 723 1438 793 χειρὸς
1495 716 1679 778 αὐτῆς,
1732 711 1838 767 δει.

2019 708 2115 764 Vel
2145 710 2325 765 etiam
2351 709 2513 765 aliter
2559 731 2571 763 :
2604 709 2808 765 Tenuit
2854 727 3100 767 manum
3133 713 3279 784 ejus,
3307 716 3373 769 ut
3401 717 3593 769 osten-

234 820 360 878 κνύς
403 820 480 867 ὅτι
532 818 622 866 καὶ
664 814 694 871 ἡ
735 816 968 883 παναγία
1022 809 1154 884 σαρξ
1210 808 1368 861 αὑτοῦ
1429 808 1670 869 ζωοποιεῖ
1718 808 1838 863 τοὺς

1992 802 2131 867 eret,
2160 800 2321 869 quod
2338 799 2717 856 sanctissima
2741 816 2978 872 quoque
3001 818 3140 858 caro
3170 803 3298 873 ejus
3329 808 3595 859 mortuos

234 908 468 966 νεκρούς.

1990 886 2288 944 iviﬁcaret.

310 960 407 1047 1έΗν
437 1012 539 1066 γαρ
591 1022 659 1031 -
704 986 934 1044 δώδεκα.
979 984 1195 1047 Ἐπειδὴ
1242 984 1455 1040 παιδίον
1498 988 1603 1039 ἄνω
1645 986 1839 1039 ταύτην

2021 978 2180 1033 Vers.
2202 979 2291 1031 42.
2325 978 2462 1033 Erat
2485 980 2639 1033 enim
2667 1007 2735 1019 —-
2755 978 3066 1036 duodecim.
3092 982 3242 1047 Quia
3261 997 3393 1037 eam
3424 996 3598 1053 supe-

237 1084 398 1157 ἔλεγε,
429 1091 516 1135 νῦν
558 1080 832 1153 σαφηνίζει
857 1083 945 1131 καὶ
975 1082 1059 1136 τὴν
1086 1078 1290 1137 ἡλικίαν
1320 1076 1500 1138 αὐτῆς.

1990 1065 2075 1121 ius
2094 1066 2273 1157 modo
2288 1066 2545 1138 puellam
2562 1067 2900 1139 appellavit,
2929 1070 3111 1127 modo
3128 1070 3451 1141 puellulam
3470 1069 3558 1141 (ιι)
3580 1084 3595 1125 :

1951 1170 2112 1211 nunc
2142 1156 2323 1211 etiam
2355 1162 2594 1212 aetatem
2622 1158 2754 1227 ejus
2782 1159 3141 1214 manifestat.

2025 1246 2185 1299 Vers.
2201 1245 2287 1299 42.
2302 1245 2379 1299 Et
2395 1245 2824 1314 obstupuerunt
2839 1277 2905 1286 —
2920 1246 3028 1302 hoc
3038 1248 3226 1302 sciret.
3244 1278 3309 1287 -—
3321 1245 3603 1316 Praecepit

1952 1332 2063 1389 hoc
2092 1339 2198 1399 est,
2231 1334 2556 1389 Admonuit
2588 1351 2603 1401 ;
2638 1335 2720 1390 sic
2753 1335 2913 1391 enim
2944 1335 3125 1392 habet
3174 1335 3364 1392 Lucas
3418 1336 3487 1402 ⁵³,
3515 1335 3603 1391 Ob

1953 1421 2065 1479 hoc
2089 1422 2248 1479 enim
2302 1422 2478 1479 etiam
2509 1422 2658 1478 alios
2688 1439 2899 1480 omnes
2940 1425 3128 1497 ejecit.
3160 1427 3223 1482 Et
3253 1440 3606 1498 quanquam

1955 1513 2130 1568 sciret
2165 1511 2427 1568 futurum
2455 1528 2601 1577 esse,
2625 1518 2690 1569 ut
2729 1515 2999 1570 miraculi
3042 1530 3240 1570 sermo
3272 1514 3490 1587 ubique
3519 1512 3606 1568 di-

1954 1601 2335 1673 vulgaretur:
2382 1619 2526 1658 nam
2565 1607 2620 1658 et
2648 1604 2959 1661 Matthaaus
3012 1605 3157 1660 dixit
3186 1607 3254 1670 ⁸⁵,
3296 1604 3457 1681 quod
3478 1602 3607 1659 exi-

1956 1690 2040 1745 vit
2060 1690 2223 1747 fama
2254 1691 2383 1747 haec
2408 1692 2468 1747 in
2493 1684 2831 1749 universam
2854 1694 3147 1765 regionem
3173 1693 3336 1749 illam
3361 1714 3374 1749 :
3406 1698 3607 1750 tamen

1882 1791 1928 1849 Β
1957 1779 2123 1852 quod
2153 1795 2330 1835 suum
2358 1785 2444 1836 est
2474 1780 2689 1852 ubique
2720 1782 2877 1837 facit.
3378 1848 3381 1851 Α

2030 1869 2198 1926 Vers.
2243 1871 2331 1924 43.
2396 1870 2767 1941 Dixitque—
2810 1871 2882 1926 ad
2919 1871 3425 1947 manducandum.
3488 1869 3612 1924 Hoc

1958 1956 2149 2029 jussit,
2183 1972 2256 2012 ne
2286 1958 2370 2012 eis
2401 1958 2770 2029 phantastice
2796 1960 3079 2014 suscitata
3106 1961 3422 2039 videretur.
3444 1958 3613 2014 Unde

1962 2051 2203 2118 propter
2232 2046 2386 2101 hanc
2416 2062 2664 2103 causam
2695 2061 2890 2119 neque
2918 2048 3048 2119 ipse
3074 2046 3179 2103 dat
3204 2048 3284 2102 illi
3325 2047 3404 2102 ad
3441 2062 3612 2102 man-

1964 2135 2328 2202 ducandum,
2398 2136 2503 2191 sed
2554 2136 2904 2208 parentibus
2963 2142 3024 2193 ut
3060 2136 3177 2193 hoc
3214 2135 3440 2211 faciant
3486 2150 3618 2208 per-

1963 2224 2157 2281 mittit.

2034 2350 2191 2405 CAP.
2219 2351 2307 2405 Vl.
2339 2351 2497 2406 Vers.
2540 2355 2583 2405 t.
2612 2351 2691 2406 Et
2714 2350 2899 2407 exivit
2926 2380 2992 2393 --
3022 2353 3182 2406 Vers.
3209 2354 3262 2407 3.
3291 2365 3398 2419 per
3422 2350 3614 2405 illum.

1966 2438 2330 2503 Ascenditin
2378 2439 2623 2511 patriam
2655 2454 2850 2506 suam,
2882 2454 3003 2495 non
3044 2440 3329 2510 ignorans
3353 2439 3619 2495 futurum

1966 2532 2032 2585 ut
2052 2544 2117 2583 se
2129 2528 2519 2599 despicerent,
2539 2528 2645 2584 sed
2657 2544 2731 2584 ne
2747 2528 3137 2601 postmodum
3157 2528 3351 2584 dicere
3373 2530 3622 2598 possent

1967 2617 2132 2690 quod
2160 2631 2279 2672 non
2309 2617 2612 2672 docuisset
2649 2632 2771 2673 eos.
2806 2616 2993 2673 Simul
3019 2616 3199 2673 etiam
3223 2616 3511 2672 invidiam
3526 2631 3624 2672 eo-

1969 2722 2106 2763 rum
2130 2706 2485 2762 convincens
2508 2724 2524 2776 ;
2553 2722 2691 2763 cum
2717 2705 2877 2762 enim
2902 2706 2978 2762 de
2999 2722 3069 2763 eo
3085 2706 3277 2778 potius
3302 2706 3447 2779 ipsis
3471 2706 3627 2761 esset

1973 2795 2386 2867 gaudendum,
2413 2796 2517 2869 qui
2566 2796 2817 2867 patriam
2867 2810 3033 2851 suam
3065 2795 3335 2851 doctrina
3369 2800 3426 2851 et
3449 2794 3633 2849 mira-

1976 2883 2125 2941 culis
2176 2889 2453 2942 ornaret:
2486 2884 2684 2955 magis
2741 2883 3194 2941 offendebantur
3233 2899 3341 2957 per
3378 2899 3518 2941 eum
3547 2882 3629 2940 ob

1979 2975 2209 3047 generis
2236 2974 2423 3046 ipsius
2449 2973 2907 3043 ignobilitatem.

320 1303 421 1352 Καὶ
496 1295 772 1359 ἐξέστησαν
833 1325 902 1334 —
960 1301 1066 1364 γνῷ
1126 1299 1298 1345 τοῦτο.
1363 1322 1431 1331 --
1497 1288 1839 1353 Διεστείλατο,

241 1386 357 1440 ἀντὶ
418 1393 533 1456 τοῦ,
582 1382 953 1458 Παρήγγειλεν.
1006 1382 1157 1434 Οὖτω
1210 1384 1312 1455 γὰρ
1366 1377 1499 1434 εἶπεν
1548 1381 1574 1431 6
1615 1382 1841 1439 Λουκᾶς.

241 1479 340 1529 Διὰ
389 1483 544 1528 τοῦτο
600 1476 701 1545 γὰρ
773 1477 864 1524 καὶ
928 1474 1049 1533 τοὺς
1119 1469 1298 1532 ἄλλους
1364 1469 1558 1529 πάντας
1624 1466 1841 1530 ἐξέϐαλε.

244 1570 522 1619 Γινώσκων
575 1560 635 1615 δὲ
682 1564 763 1614 ὅτι
808 1568 1083 1633 πανταχοῦ
1134 1557 1413 1635 δραμεῖται
1449 1565 1540 1612 τοῦ
1584 1560 1847 1628 θαύματος

246 1656 273 1707 6
324 1654 497 1726 λόγος·
551 1657 639 1705 καὶ
678 1654 777 1726 γάρ
832 1652 857 1702 6
909 1652 1173 1711 Ματθαῖος
1228 1648 1383 1717 εἶπεν,
1438 1650 1519 1702 ὅτι
1565 1647 1770 1711 ἐξῆλθεν
1813 1646 1863 1703 ἦ

250 1748 395 1816 φήμη
446 1742 578 1799 αὕτη
634 1740 705 1802 εἰς
757 1740 877 1798 ὃλην
935 1744 1029 1798 τὴν
1066 1746 1165 1811 γῆν
1217 1742 1430 1798 ἐκείνην·
1482 1740 1615 1810 ὅμως
1660 1740 1717 1790 τὸ
1770 1736 1848 1789 οἰ-

253 1840 390 1885 κεῖον
430 1831 543 1903 (48)
571 1837 849 1901 πανταχοῦ
878 1835 1030 1882 ποιεῖ.

332 1924 434 1974 Καὶ
491 1916 596 1972 εἶπε
650 1950 717 1960 -
776 1925 973 1990 φαγεῖν.
1033 1924 1195 1971 Τοῦτο
1251 1919 1582 1991 προσέταξεν,
1643 1919 1725 1970 ἱνα
1777 1921 1847 1989 μὴ

257 2013 445 2083 φάσμα
475 2005 602 2082 δόξῃ
633 2011 837 2069 τούτοις
875 2010 905 2067 ἡ
952 2008 1245 2061 ἀναστᾶσα.
1289 2012 1383 2061 Διὰ
1410 2018 1563 2061 τοῦτο
1603 2011 1705 2082 γὰρ
1737 2002 1850 2059 οὐδ’

256 2100 416 2162 αὐτὸς
464 2095 690 2151 δίδωσιν
738 2098 868 2171 αὐτῇ
920 2105 1118 2172 φαγεῖν,
1162 2097 1290 2151 ἀλλὰ
1324 2106 1430 2159 τοῖς
1472 2105 1708 2171 γονεῦσιν
1747 2095 1851 2149 έπι-

254 2191 431 2262 τρέπει
469 2194 622 2241 τοῦτο
646 2196 889 2248 ποιῆσαι.

331 2404 433 2454 Καὶ
483 2399 689 2464 ἐξῆλθεν
745 2430 811 2442 --
862 2399 941 2452 ἐπ’
982 2399 1143 2471 αύτῷ,
1199 2398 1480 2454 Ἐπιϐαίνει
1530 2409 1621 2462 τῆς
1671 2405 1855 2476 πατρί-

256 2487 367 2559 δος,
429 2489 523 2542 οὐκ
578 2489 791 2561 ἀγνοῶν,
844 2492 923 2541 ὅτι
967 2494 1452 2565 καταφρονήσουσιν
1513 2490 1693 2555 αὐτοῦ,
1750 2490 1856 2543 ἀλλ’

256 2579 341 2631 ἱνα
401 2582 472 2651 μὴ
524 2574 782 2630 δύνωνται
833 2578 991 2650 λέγειν
1043 2578 1277 2652 ὕστερον,
1340 2583 1420 2631 ὅτι
1470 2579 1564 2632 οὐκ
1616 2576 1857 2642 ἐδίδαξεν

257 2668 464 2738 αὐτούς,
519 2667 630 2741 ἅμα
688 2664 749 2720 δε
798 2673 887 2720 καὶ
941 2670 1026 2719 τὸν
1085 2669 1266 2740 φθόνον
1334 2668 1499 2720 αὐτῶν
1555 2668 1855 2741 ἐξελέγχων.

257 2760 378 2809 Δέον
422 2760 520 2829 γὰρ
573 2762 781 2830 χαίρειν
823 2756 901 2809 ἐπ’
942 2756 1102 2828 αὐτῷ,
1156 2764 1440 2830 κοσμοῦντι
1488 2763 1580 2816 τὴν
1626 2755 1863 2833 πατρίδα

261 2846 434 2899 αὐτῶν
499 2842 873 2906 διδασκαλίαις
928 2850 1018 2897 καὶ
1079 2848 1361 2918 θαύμασιν,
1429 2844 1864 2909 έσκανδαλίζοντο

264 2933 457 3008 μᾶλλον
510 2932 585 2986 ἐπ’
640 2934 779 3004 αύτῷ
835 2930 930 2987 διὰ
982 2938 1076 2993 τὴν
1136 2942 1228 2987 τοῦ
1274 2940 1449 3007 γένους
1507 2935 1667 2989 αὐτοῦ
1724 2937 1868 2991 εύτέ-

267 3023 409 3076 λειαν
418 3064 430 3076 .

345 3114 415 3163 Τὸ
466 3107 544 3181 δὲ,
598 3115 698 3163 Καὶ
738 3107 985 3183 δυνάμεις
1019 3120 1259 3165 τοιαῦται
1310 3115 1419 3185 (49)
1470 3110 1563 3168 διά
1618 3122 1718 3169 τῶν
1748 3136 1870 3189 χει-

267 3206 376 3275 ρῶν
442 3199 602 3250 αὶτοῦ
676 3203 921 3271 γίνονται,
998 3199 1302 3254 ἕλλειπτικόν
1383 3202 1549 3260 ἐστιν.
1631 3204 1874 3258 Ἐλλείπει

266 3290 373 3362 γὰρ
423 3290 504 3350 τὸ,
558 3290 737 3341 Πόθεν
785 3289 909 3353 οἷον,
946 3294 1046 3342 Καὶ
1082 3292 1234 3343 πόθεν
1279 3287 1523 3365 δυνάμεις
1552 3292 1665 3365 (50)
1696 3301 1877 3346 τοιαῦο

267 3397 359 3429 ται
388 3372 483 3429 διὰ
505 3385 606 3429 τῶν
634 3386 834 3451 χειρῶν
860 3377 1020 3430 αὐτοῦ
1049 3384 1316 3450 γίνονται;

2053 3063 2225 3130 Quod
2250 3070 2450 3119 autem
2488 3063 2723 3119 additur
2757 3079 2770 3119 :
2798 3064 2878 3119 Et
2908 3062 3147 3120 virtutes
3196 3064 3341 3121 tales
3364 3079 3493 3135 qua?
3524 3079 3634 3135 per

1905 3139 1949 3199 ο
1982 3169 2189 3210 manu:
2211 3154 2335 3224 ejus
2370 3155 2547 3221 ﬁunt,
2579 3152 2867 3208 defectiva
2893 3151 3084 3208 oratio
3114 3157 3222 3208 est.
3250 3153 3451 3209 Deﬁcit
3470 3152 3634 3209 enim

1986 3243 2174 3309 Unde,
2207 3246 2272 3297 ut
2298 3242 2530 3298 dicatur
2570 3257 2583 3296 :
2619 3244 2686 3298 Et
2714 3241 2875 3298 unde
2904 3241 3154 3297 virtutes
3186 3240 3330 3297 tales
3366 3256 3500 3313 quae
3531 3256 3637 3315 per

1984 3345 2202 3387 manus
2230 3330 2280 3402 ej
2292 3347 2357 3385 us
2377 3330 2547 3385 ﬁunt.

2054 3419 2283 3474 Dictum
2311 3424 2399 3475 est
2441 3424 2642 3474 autem
2666 3418 2741 3473 de
2773 3418 2865 3473 his
2889 3418 3173 3475 vicesimo
3202 3424 3410 3491 quarto
3449 3419 3637 3491 capite

1986 3506 2286 3579 Evangelii
2308 3506 2638 3563 secundum
2656 3506 2993 3564 Matthaaum
3007 3507 3164 3564 circa
3186 3506 3371 3564 ﬁnem
3389 3513 3521 3579 post
3543 3523 3642 3564 ex-

1935 3647 1943 3657 .
1988 3596 2178 3671 pletas
2208 3596 2555 3670 parabolas.

2060 3689 2225 3744 Vers.
2258 3687 2311 3740 4.
2342 3686 2584 3743 Dicebat
2629 3692 2815 3743 autem
2845 3716 2915 3728 —
2937 3702 3060 3743 sua.
3089 3686 3279 3744 Etiam
3321 3685 3395 3743 de
3425 3686 3520 3742 his
3548 3702 3645 3743 eo-

1989 3776 2130 3833 dem
2159 3776 2353 3848 capite
2380 3776 2754 3847 disputatum
2783 3782 2890 3832 est.

2062 3876 2221 3930 Vers.
2257 3878 2307 3930 5.
2357 3873 2479 3930 Nec
2512 3904 2577 3915 —
2600 3875 2761 3930 Vers.
2815 3876 2868 3929 6.
2906 3873 3164 3931 illorum.
3216 3873 3408 3931 Etiam
3451 3873 3525 3929 de
3552 3873 3647 3929 his

1994 3962 2304 4020 manifeste
2344 3967 2661 4018 tractatum
2708 3968 2813 4019 est.
2844 3962 3195 4035 Intelligitur
3232 3970 3433 4019 autem
3465 3979 3476 4017 :
3512 3964 3648 4019 Non

1992 4059 2248 4133 poterat,
2278 4052 2392 4107 hoc
2423 4058 2528 4117 est,
2558 4058 2849 4124 tanquam
2878 4052 3243 4124 impossibile
3270 4052 3549 4108 ducebat.

2069 4143 2159 4199 Ait
2173 4142 2331 4198 enim
2343 4141 2662 4213 Gregorius
2673 4141 3031 4211 Theologus,
3050 4142 3210 4214 quod
3227 4141 3409 4197 simul
3423 4148 3654 4198 utrum-

1998 4248 2116 4305 que
2161 4230 2563 4288 necessarium
2606 4238 2696 4286 est
2743 4231 2822 4287 ad
2905 4230 3296 4302 perﬁciendas
3344 4231 3647 4295 sanitates,

420 4319 431 4336 ⁸
470 4319 480 4335 Ι
582 4319 591 4337 ι
740 4319 794 4340 Μ
1000 4319 1011 4341 ι
1076 4319 1090 4330 σ
1212 4319 1227 4331 υ
1275 4319 1456 4335 ητ---ιι
1508 4319 1593 4323 νην-
1647 4319 1731 4334 -τιτ
1797 4319 1855 4325 υν-

283 4355 701 4429 θεραπευομένων
775 4360 1017 4425 πίστεως,
1088 4362 1177 4409 καὶ
1245 4365 1336 4419 τῆς
1399 4367 1491 4411 τοῦ
1576 4362 1856 4432 θεραπευτο

1999 4326 2057 4378 et
2083 4321 2233 4377 ﬁ‘des
2258 4336 2465 4376 eorum
2510 4320 2612 4392 qui
2646 4319 2894 4375 curandi
2924 4326 3082 4389 sunt,
3112 4325 3169 4375 et
3213 4320 3480 4393 potentia
3523 4320 3655 4391 ejus

2007 4411 2102 4432 ..ηε
2152 4426 2347 4432 ---_.__-
2388 4410 2557 4432 ..-Ι-,1.
2590 4408 2991 4432 .---....ΑΔ--Λ
3019 4426 3202 4432 --_-_...
3243 4411 3286 4432 _:
3325 4407 3628 4432 J-n-:-a-l

289 4405 349 4429 η,
539 4405 548 4425 ,
642 4405 665 4406 η
1407 4405 1486 4411 η-
1578 4405 1854 4432 --ε-πη--.-

281 4440 573 4515 δυνάμεως,
616 4443 709 4495 ούκ
768 4440 1034 4516 ἐνεδέχετο
1083 4449 1141 4497 τὸ
1192 4446 1379 4519 ἕτερον,
1412 4455 1503 4500 τοῦ
1550 4449 1783 4521 συζύγου
1816 4450 1861 4502 ἐ)

2001 4411 2104 4484 qui
2144 4426 2353 4466 curare
2382 4410 2559 4466 debet
2590 4425 2733 4465 :nec
2749 4408 2997 4481 prodest
3019 4426 3208 4465 unum
3240 4411 3288 4464 si
3319 4407 3557 4465 deﬁciat
3575 4408 3658 4463 al-

2003 4505 2190 4521 A-____..
2250 4499 2401 4521 _-_-.I
2436 4498 2511 4521 III:
2564 4500 2941 4521 --_.:.-..-A--...
2982 4514 3102 4521 Α---
3157 4498 3321 4521 ΔΑιΑι
3376 4498 3499 4521 1...-
3546 4513 3655 4521 ..-ρ

770 4491 1031 4516 ν---ηιππ
1091 4491 1137 4497 -ν
1193 4491 1379 4519 ⁷’⁹Γ⁷⁷’
1421 4491 1501 4500 --ν
1551 4491 1780 4521 -ντνινν
1816 4491 1855 4502 ·’

279 4530 565 4591 λείποντος.
612 4530 724 4586 Ούκ
763 4532 878 4604 (5'2)
920 4529 1043 4585 οἶδα
1075 4530 1153 4600 δε,
1200 4534 1243 4586 εἰ
1282 4540 1352 4607 μὴ
1386 4542 1476 4588 καὶ
1515 4544 1665 4590 τοῦτο
1697 4547 1768 4607 τῷ
1808 4539 1860 4591 εύ

2003 4505 2217 4566 terum,
2245 4499 2401 4571 quod
2434 4498 2514 4554 illi
2557 4500 2945 4582 conjunctum
2977 4514 3105 4563 esse
3150 4498 3341 4577 debet.
3375 4498 3503 4554 Imo
3546 4513 3658 4554 nec

279 4620 418 4692 λόγῳ
463 4622 800 4692 προσθετέον.
863 4622 939 4673 Ou’
983 4625 1083 4696 γὰρ
1115 4588 1318 4694 εὔλογος
1359 4627 1505 4687 ἴασις
1546 4632 1657 4687 τοῖς
1687 4594 1857 4699 βλαϐη

2005 4588 2159 4658 s'cio,
2178 4589 2326 4646 sitne
2356 4588 2533 4644 etiam
2572 4588 2683 4643 hoc
2716 4588 3088 4655 addendum,
3114 4592 3180 4642 ut
3213 4588 3373 4657 justa
3400 4592 3455 4641 et
3483 4588 3660 4641 ratio-

2006 4677 2223 4699 _-L:l:_
2258 4676 2327 4699 -1L
2385 4678 2607 4699 --..:a_..
2664 4678 2860 4699 λῖΑ---Α
2913 4675 3064 4699 λικε...
3100 4674 3252 4699 3....ιιι
3303 4674 3528 4699 -.η-ει-..
3575 4678 3659 4699 Α..ι

284 4676 528 4783 σοὶιένοιέ
556 4706 609 4771 εξ
639 4707 904 4772 ἀπιϐτίας·
990 4676 1063 4696 ’⁸
1238 4676 1317 4694 ”
2006 4677 2226 4783 “abit”?
2256 4676 3662 4783 ⁸³⁸,,εέθῖξίῗδζῗῗῗίξῗθ-ῗὲίξτῗέέἱῗῗῗῖἒῗίῖδ,ῗῗί

2008 4783 2144 4841 quae
2162 4766 2255 4822 his
2280 4765 2598 4831 confertur,
2617 4762 2838 4834 quibus
2858 4761 3448 4835 perincredulitatem
3477 4776 3661 4818 nocu-

2012 4862 2283 4913 mentum
2313 4859 2399 4912 est
2427 4852 2699 4911 allatura.

342 3468 566 3539 Εἵρηται
625 3462 683 3518 δι
731 3471 851 3535 περὶ
912 3470 1106 3519 τούτων
1156 3466 1204 3519 ἐν
1255 3476 1329 3540 τῷ
1369 3473 1584 3542 εἰκοστῷ
1656 3473 1876 3545 τετάρτῳ

267 3555 531 3628 κεφαλαίῳ
574 3563 667 3608 τοῦ
714 3558 852 3609 κατὰ
897 3558 1182 3628 Ματθαῖον,
1236 3562 1370 3632 πρὸς
1415 3568 1488 3631 τῷ
1536 3560 1686 3629 τέλει,
1749 3565 1879 3634 μετὰ

270 3649 362 3703 την
387 3644 762 3717 συμπλήρωσιν
786 3653 885 3697 τῶν
913 3645 1239 3720 παραϐολῶν.

346 3732 521 3805 Ἔλεγε
565 3729 624 3786 δε
671 3764 741 3773 -
794 3733 976 3786 αὐτοῦ.
1032 3740 1132 3788 Καὶ
1176 3740 1293 3809 περὶ
1353 3739 1548 3790 τούτων
1605 3738 1656 3791 ἐν
1706 3738 1880 3813 ἐκείνῳ

276 3828 350 3892 τῷ
380 3821 638 3893 κεφαλαίω
669 3819 705 3875 δ
709 3823 990 3881 ιείληπται.

355 3914 457 3962 Καὶ
504 3910 597 3962 οὐκ
647 3942 716 3952 —-
758 3912 947 3964 αὐτῶν.
993 3918 1093 3966 Καὶ
1144 3919 1255 3987 περὶ
1310 3918 1500 3967 τούτων
1553 3924 1729 3989 σαφῶς
1784 3916 1886 3970 ἐκεῖ

279 3995 684 4074 διηρμήνευται.
726 4008 937 4054 Νοεῖται
985 3998 1044 4055 δι
1084 4006 1163 4069 τὸ,
1197 4004 1308 4055 Ούκ
1355 4000 1603 4071 ἠδύνατο,
1634 4011 1725 4058 καὶ
1772 4005 1885 4060 ἀντὶ

276 4095 397 4153 τοῦ,
436 4087 548 4139 Οῦκ
577 4086 912 4162 ἐνδεχόμενον
944 4088 1165 4163 ἐνόμιζε.

356 4180 492 4234 Φησὶ
527 4179 625 4249 γὰρ
668 4179 694 4229 6
725 4178 973 4250 Θεολόγος
1021 4180 1133 4251 (51)
1166 4185 1471 4256 Γρηγόριος,
1513 4183 1611 4253 ὅτι,
1654 4182 1759 4237 ἐπεὶ
1795 4192 1887 4237 τοῦ

281 4268 674 4337 συναμφοτέρου
740 4272 898 4340 χρεία
962 4269 1091 4341 πρὸς
1135 4272 1227 4331 τάς
1269 4272 1456 4335 ἰάσεις,
1505 4275 1595 4323 καὶ
1639 4279 1732 4334 τῆς
1788 4280 1889 4325 τῶν

364 4971 417 5010 δι
445 4972 585 5030 Luc.
625 4990 744 5042 vm,
777 4975 869 5034 56.
944 4976 993 5013 ⁸⁵
1020 4977 1218 5036 Matth.
1244 4994 1324 5046 ιχ,
1357 4980 1447 5036 26.

1516 5104 1740 5175 Varia:
1763 5105 2093 5177 lectiones
2120 5111 2186 5174 et
2220 5114 2422 5174 notae.

496 5242 783 5320 lntellige,
817 5247 993 5320 φεύγει
1020 5249 1107 5300 τὸν
1137 5249 1362 5302 ἔπαινον.

2086 5249 2200 5320 (51)
2231 5263 2371 5320 pag.
2410 5248 2533 5303 215.

363 5242 458 5458 ζινὸ
496 5242 783 5315 lntellige,
817 5247 993 5317 φεύγει
1020 5249 1107 5300 τὸν
1137 5249 1362 5302 ἔπαινον.

392 5314 489 5457 ιε9)
528 5318 631 5408 βαι
667 5315 993 5402 interpopit
1022 5320 1090 5374 Α.

394 5389 463 5442 οΟ
535 5393 778 5441 Γοιαυται
803 5393 1019 5447 omittit
1058 5393 1122 5447 Β.

2084 5249 2200 5395 ἕὸι)
2231 5263 2371 5377 Eag.
2410 5248 2533 5303 215.
3000 5320 3031 5332 η

2106 5322 2195 5393 52)
2280 5326 2424 5378 tiam
2441 5320 2570 5376 haec
2599 5320 2738 5377 sunt
2774 5316 3057 5390 Gregorii.

394 5389 489 5447 50)
528 5393 778 5441 Τοιαῦται
803 5389 1019 5447 omittit
1058 5393 1122 5447 Β.

312 5622 317 5625 ν
376 5560 464 5642 _(u)
502 5560 681 5642 Modo
710 5562 1062 5642 puellulam.
1107 5561 1277 5642 Forte
1305 5582 1449 5639 ergo
1486 5567 1647 5642 legit,
1690 5567 1904 5631 Ἐπειδὴ
2016 5586 2089 5628 ex
2117 5569 2323 5627 codice
2349 5585 2481 5637 suo,
2513 5566 2975 5642 veleXplicandi
3004 5581 3203 5642 causa
3230 5566 3306 5624 de
3338 5581 3450 5642 suo
3494 5566 3663 5625 addi-

299 5628 407 5716 καξ
420 5628 643 5716 παιδίου
672 5628 764 5687 καὶ
790 5638 1037 5709 κοράσιον
1065 5639 1282 5697 ταύτην.
1371 5628 1406 5639 ν
1546 5628 1581 5641 ν
1630 5628 1646 5642 ’

2017 5643 2121 5716 dit,
2150 5658 2286 5716 quas
2315 5658 2425 5716 nec
2455 5628 2623 5716 apud
2651 5628 3021 5714 Gregorium,
3048 5652 3157 5696 nec
3191 5640 3256 5698 in
3301 5639 3451 5701 meis
3496 5654 3663 5714 repe-

384 5702 465 5775 (υ)
485 5704 608 5761 Imo
633 5736 701 5746 —
731 5702 1130 5778 manatura.
1154 5709 1335 5768 Multa
1352 5709 1452 5769 hic
1476 5714 1795 5772 Hentenius
1814 5712 1913 5773 vel
2017 5702 2252 5773 riu'nt‘ur
2279 5702 2608 5777 codicilius.
2763 5702 2799 5714 ”
3006 5702 3020 5711 ’
3152 5743 3157 5749 ι
3218 5742 3225 5745 -
3432 5757 3440 5765 .
3502 5758 3512 5765 .
3563 5702 3585 5714 “
3680 5716 3696 5741 δ
