4170 6364
220 332 329 388 809
1231 318 1607 377 COMMENT.
1658 313 1728 369 IN
1768 307 2100 367 M'ARCUM-
2140 336 2209 349 -—
2247 304 2406 362 CAP.
2448 302 2547 364 VI.
3482 294 3588 356 810

300 469 341 513 Η
398 456 456 512 δὲ
508 451 768 531 Ἡρωδιὰς
833 481 900 492 -—-
959 455 1132 509 ἤκουε.
1192 447 1311 500 "Eri
1371 451 1461 498 καὶ
1524 448 1641 517 περὶ
1704 440 1828 493 τού-

2005 435 2168 490 Vers.
2212 437 2295 489 19.
2327 429 2616 488 Herodias
2643 436 2835 489 autem
2875 458 2944 471 —
2972 428 3135 486 Vers.
3166 428 3256 485 20.
3288 425 3586 485 audiebat.

222 572 343 604 των.
569 520 578 531 ’
1936 524 2227 579 Praeterea
2256 524 2314 578 et
2341 521 2416 577 de
2444 520 2556 576 his.

306 642 404 692 Καὶ
462 667 529 677 --
606 640 699 693 τῆς
779 628 1044 704 βασιλείας
1102 647 1221 700 μου.
1298 624 1518 696 Ὁμοίως
1570 625 1660 672 καὶ
1710 622 1828 692 περὶ

2012 612 2168 668 Vers.
2208 616 2298 667 2t.
2339 611 2415 667 Et
2452 641 2522 652 -—
2550 611 2707 667 Vers.
2746 613 2835 666 23.
2863 607 3023 681 regni
3056 606 3184 665 mei.
3225 606 3499 679 Similiter
3535 611 3595 664 et

227 733 440 782 τούτων.
779 700 788 704 ὴ
1937 700 2011 757 de
2037 700 2147 756 his.

301 819 360 871 Ἠ
406 813 465 869 δὲ
504 846 571 854 —
617 815 780 885 μητρὶ
806 810 988 869 αὐτῆς.
1046 810 1144 860 Καὶ
1187 810 1305 879 περὶ
1343 805 1537 855 τούτων
1564 802 1767 854 πάντων
1796 798 1826 856 ἡ

2009 791 2172 845 Vers.
2229 790 2319 844 24.
2375 789 2490 845 Illa
2539 794 2833 845 autem—
2868 790 3027 845 Vers.
3085 786 3177 844 28.
3225 788 3404 845 matri
3443 800 3590 845 suce.

319 864 360 871 "'
411 864 464 869 "
617 864 626 885 1
677 864 686 869 ·
726 864 734 885 1
923 864 930 867 -
956 864 968 869 -
1250 864 1260 879 ι

232 909 488 979 ἐξήγησις
518 903 708 956 ἐκείνου
732 906 821 952 τοῦ
851 897 1124 970 κεφαλαίου
1153 891 1389 957 διέξεισι.

1990 877 2130 935 tiam
2160 876 2236 932 de
2260 877 2353 933 his
2377 876 2661 933 omnibus
2687 876 2897 949 capitis
2920 876 3079 933 illius
3107 876 3403 935 enarratio
3433 891 3597 934 com-

1941 971 2256 1024 memorat.

794 1118 806 1131 ,
933 1116 991 1131 η,
1086 1130 1089 1131 ν
1374 1111 1487 1131 ,μί
1535 1106 1727 1131 ,ΔΑ-ω,
1787 1102 1834 1131 λ,
2012 1058 2171 1112 Vers.
2203 1057 2292 1113 29.
2324 1056 2401 1113 Et
2428 1061 2906 1113 —-monumento.
2933 1054 3166 1113 Dictum
3193 1059 3287 1112 est
3310 1054 3387 1112 de
3408 1055 3503 1112 his
3533 1054 3596 1112 in

313 1124 414 1174 Καὶ
480 1148 545 1157 -
617 1120 868 1189 μνημείῳ.
932 1120 1149 1184 Εἴρηται
1229 1120 1317 1160 καί
1371 1120 1487 1179 περι
1533 1124 1727 1158 τουτων
1786 1122 1834 1155 εν

1990 1145 2044 1202 lo
2072 1144 2231 1204 loco.

237 1208 438 1280 ἐκείνῳ,

314 1305 349 1314 -.
397 1302 406 1314 ι
611 1296 621 1310 ι
792 1313 797 1314 ,
991 1290 1258 1314 _.‘_-_-:--_.-.
1330 1286 1441 1314 12m
1532 1286 1669 1314 ἰς’...τ
1745 1286 1830 1314 ..ι-ι

2015 1234 2182 1291 Vers.
2223 1237 2310 1291 30.
2352 1235 2429 1291 Et
2457 1238 2892 1307 congregantur
2918 1264 2987 1276 —
3012 1235 3171 1290 Vers.
3213 1236 3303 1291 31.
3343 1239 3596 1291 vacaret.

314 1302 415 1351 Καὶ
493 1296 803 1366 συνάγονται
859 1322 925 1333 -—
987 1290 1258 1362 εὐκαίρουν
1532 1286 1669 1336 Ἐκεί
1745 1286 1835 1335 καὶ

1945 1323 2030 1380 lbi
2058 1324 2231 1380 etiam
2260 1325 2335 1381 de
2364 1323 2457 1380 his
2476 1340 2699 1396 quaere.
2726 1324 2870 1380 Hinc
2894 1327 3099 1380 autem
3121 1322 3411 1379 docemur
3424 1337 3601 1395 opor-

1945 1418 2065 1470 tere
2107 1413 2375 1470 Ecclesiae
2406 1413 2726 1483 magistros
2753 1428 2875 1469 non
2903 1427 3141 1484 semper
3168 1427 3468 1484 exponere
3506 1428 3603 1467 se-

1945 1502 2108 1574 ipsos
2120 1502 2491 1573 multitudini,
2502 1501 2610 1557 sed
2626 1517 2751 1557 cum
2768 1501 2943 1558 datur
2957 1499 3604 1573 opportunitas,ret_rahi

1947 1607 2018 1648 ac
2060 1592 2353 1649 solitarios
2380 1607 2530 1657 esse,
2563 1595 2943 1663 mentemque
2973 1591 3047 1647 ab
3077 1589 3350 1647 exteriori
3374 1588 3605 1651 distra-

1949 1680 2144 1737 ctione
2167 1695 2470 1745 revocare,
2498 1679 2746 1752 etquod
2766 1695 2871 1736 eos
2897 1679 3001 1751 qui
3027 1679 3367 1737 ministrant
3393 1692 3608 1735 conve-

1876 1788 1921 1846 Β
1950 1770 2076 1826 niat
2112 1771 2501 1841 requiescere,
2544 1774 2597 1825 et
2637 1775 2774 1841 post
2812 1768 3210 1825 ministerium
3250 1768 3433 1825 etiam
3469 1782 3606 1824 cor-

234 1389 589 1461 περὶτούτων
622 1385 868 1445 ζήτησον.
927 1375 1295 1448 Διδασκόμεθα
1348 1373 1406 1427 δὲ
1462 1373 1705 1445 ἐντεῦθεν,
1756 1374 1836 1425 ὅτι

236 1458 346 1546 χρὴ
384 1477 507 1535 τοὺς
538 1468 893 1529 διδασκάλους
946 1475 1036 1527 τῆς
1092 1466 1398 1525 Έκκλησίας
1439 1468 1507 1536 μὴ
1553 1458 1586 1515 δ
1594 1464 1838 1522 ιαπαντός

236 1565 453 1625 ἑαυτούς
496 1557 767 1613 ἐκδιδόναι
823 1566 929 1621 τοῖς
985 1557 1255 1625 πλήθεσιν,
1302 1552 1406 1605 ἀλλ’
1458 1551 1505 1604 ἐν
1548 1558 1715 1625 καιρῷ
1749 1569 1839 1603 συ-

242 1653 558 1717 στέλλεσθαι,
592 1656 681 1701 καὶ
724 1645 966 1711 ἰδιάζειν,
1013 1651 1102 1697 καὶ
1160 1646 1398 1714 συνάγειν
1455 1645 1540 1694 τὸν
1592 1648 1706 1693 νοῦν
1739 1637 1838 1692 ἀπὸ

241 1751 339 1805 τῆς
392 1741 484 1803 ἔξω
530 1744 814 1814 περιφορᾶς
854 1757 867 1768 ·
918 1740 1006 1787 καὶ
1057 1737 1136 1787 ὅτι
1201 1738 1456 1806 προσήκει
1501 1728 1840 1782 διαναπαύειν

244 1836 363 1891 τοὺς
416 1827 802 1892 διακονοῦντας,
861 1830 950 1877 καὶ
1011 1832 1314 1896 σωματικῶς
1361 1827 1674 1896 παρηγορεῖν
1713 1822 1842 1892 μετὰ

244 1926 341 1979 τὴν
371 1916 655 1972 διακονίαν.

323 2014 424 2062 Καὶ
478 2006 702 2066 ἀπῆλθον
753 2037 822 2045 -—
875 2002 995 2058 ἐκεῖ.
1076 2002 1342 2061 Ὡσαύτως
1415 2004 1504 2052 καὶ
1554 2003 1672 2074 περὶ
1724 2000 1842 2050 τού-

245 2119 369 2153 των.
398 2098 527 2151 Ἀπὸ
581 2104 762 2148 πασῶν
822 2090 882 2147 δε
932 2101 1031 2147 τῶν
1091 2092 1304 2158 πόλεων,
1332 2097 1431 2142 τῶν
1469 2088 1620 2162 πέριξ
1662 2085 1842 2147 δηλον-

246 2208 351 2242 οτι.

393 2317 537 2366 ΚΕΦ.
576 2308 668 2371 ις’.
703 2312 828 2383 Περὶ
857 2315 956 2359 τῶν
986 2310 1131 2359 πέντε
1160 2306 1329 2381 ἄρτων
1352 2310 1560 2357 καὶτῶν
1594 2300 1691 2356 δύο

943 2397 1159 2468 ἰχθύων.

319 2497 419 2546 Καὶ
479 2490 688 2554 ἐξελθὼν
732 2519 797 2529 -
830 2490 1066 2560 ποιμένα.
1122 2490 1220 2539 Καὶ
1276 2488 1393 2559 περὶ
1441 2486 1636 2536 τούτων
1691 2482 1738 2534 ἐν
1772 2490 1845 2553 τῷ

239 2579 687 2655 προδιαληφθέντι
764 2576 1023 2649 κεφαλαίῳ
1104 2571 1422 2630 διείληπται.
1507 2576 1731 2644 Ποιμίνα
1790 2567 1848 2624 δε

240 2673 382 2743 λέγει
414 2671 753 2745 φροντίζοντα
776 2674 874 2727 τῆς
906 2668 1164 2739 σωτηρίας
1195 2663 1384 2715 αὐτῶν.

326 2765 426 2813 Καὶ
472 2757 667 2828 ἤρξατο
726 2787 795 2795 -
862 2761 1056 2828 φαγεῖν.
1112 2758 1211 2806 Καὶ
1283 2760 1449 2804 ταῦτα
1503 2749 1687 2803 ἐκεῖθεν
1737 2746 1852 2803 διαο

251 2850 557 2923 γνωσθῆναι
587 2841 794 2921 ῥᾴδιον.

332 2941 434 2989 Καὶ
486 2934 722 3005 λέγουσιν
780 2964 848 2971 —
905 2939 1127 3004 φαγεῖν;
1182 2937 1345 2983 Τοῦτο
1409 2930 1524 2981 κατ’
1600 2927 1855 3003 ἐρώτησιν

258 3022 635 3095 ἀναγνωστέον.
678 3025 1035 3097 Βαρυνομένων
1075 3017 1134 3073 δε
1163 3022 1188 3072 ό
1218 3026 1449 3080 τοιοῦτος
1474 3018 1639 3090 λόγος.

331 3234 390 3289 Ὀ
445 3232 504 3289 δὲ
572 3267 624 3276 -
685 3239 1023 3293 πεντήκοντα.
1093 3239 1213 3309 Περὶ
1272 3235 1464 3287 τούτων
1542 3235 1743 3306 εἴρηται
1808 3229 1855 3283 ἐν

252 3336 332 3398 τῷ
359 3326 580 3396 εἰκοστῷ
605 3328 733 3396 ἕκτῳ
763 3325 1019 3397 κεφαλαίῳ
1049 3332 1141 3377 τοῦ
1167 3327 1299 3377 κατὰ
1325 3325 1613 3380 ΙνῙατθαίον,

334 3529 436 3577 Καὶ
487 3521 656 3575 λαϐὼν
712 3552 782 3563 --
838 3517 1043 3596 ἄνδρες.
1102 3522 1183 3574 Ἐν
1240 3520 1410 3593 ἐκείνῳ
1467 3526 1555 3573 καὶ
1590 3525 1708 3594 περὶ
1745 3522 1861 3572 τού-

258 3634 359 3667 των
389 3615 592 3669 πάντων
629 3610 746 3686 ἐρῥή
757 3613 819 3669 θη
832 3652 843 3666 .

342 3707 441 3755 Καὶ
489 3702 669 3761 εὐθέως
728 3732 796 3741 —
869 3700 1277 3775 προσεύξασθαι.
1327 3699 1545 3772 Ὁμοίως
1604 3704 1692 3753 καὶ
1747 3704 1865 3774 περὶ

266 3792 482 3844 τούτων.
541 3788 951 3861 ’Δποταξάμενος
1022 3786 1081 3842 δε
1133 3790 1328 3856 αὐτοῖς,
1400 3788 1516 3842 ἀντὶ
1569 3797 1683 3860 τοῦ,
1742 3787 1869 3842 ἀπο-

266 3880 438 3941 λύσας
467 3879 672 3947 αὐτοὺς,
712 3875 921 3937 δηλαδὴ
963 3882 1080 3940 τοὺς
1110 3878 1323 3951 ὄχλους.
1382 3879 1532 3932 Οὕτω
1582 3881 1683 3951 γὰρ
1733 3874 1867 3931 εἶπεν

269 3971 296 4023 ὁ
328 3970 617 4031 Ματθαίος.

348 4101 495 4149 ΚΕΦ.
530 4094 626 4148 IZ’.
663 4098 787 4168 Περὶ
808 4101 900 4147 τοῦ
921 4093 968 4145 ἐν
1002 4094 1238 4168 θαλάσσῃ
1266 4098 1578 4168 περιπάτου,

348 4189 450 4238 Καὶ
498 4183 650 4255 ὀψίας
702 4216 769 4224 -
824 4183 1120 4245 θαλάσσης.
1183 4190 1422 4243 Ζήτησον
1496 4190 1613 4260 περὶ
1681 4187 1871 4238 τούτων

273 4275 323 4327 ἓν
382 4281 453 4344 τῷ
511 4274 727 4345 εἰκοστῷ
788 4269 996 4346 ἑϐδόμῳ
1066 4274 1323 4347 κεφαλαίῳ
1387 4282 1480 4327 τοῦ
1534 4278 1671 4328 κατὰ
1726 4283 1873 4329 Ματ-

1951 1858 2231 1932 poraliter
2270 1858 2587 1915 consolari.

2022 1970 2184 2023 Vers.
2255 1970 2340 2022 32.
2393 1966 2473 2021 Et
2514 1966 2723 2036 egressi
2759 1969 2919 2023 sunt.
2971 1995 3041 2005 —
3086 1966 3248 2020 Vers.
3294 1967 3382 2021 33.
3444 1963 3606 2021 ittuc.

1950 2057 2132 2129 tEque
2144 2055 2318 2111 etiam
2338 2061 2393 2111 et
2417 2054 2617 2111 dehis.
2634 2053 2722 2111 Ab
2734 2053 3017 2111 omnibus
3030 2056 3232 2110 autem
3244 2052 3607 2119 civitatibus,

1950 2160 2087 2219 quae
2116 2145 2389 2202 videlicet
2425 2143 2813 2201 circumcirca
2841 2143 3223 2216 adjacebant.

2024 2307 2180 2363 CAP.
2197 2304 2335 2363 XVI.
2352 2304 2436 2363 De
2460 2303 2711 2378 quinque
2733 2302 2987 2376 panibus
3018 2308 3075 2360 et
3091 2302 3321 2367 duobus
3332 2301 3610 2374 piscibus.

2026 2519 2187 2573 Vers.
2230 2519 2318 2573 34.
2350 2515 2426 2572 Et
2452 2530 2717 2588 egressus
2741 2545 2810 2558 —
2847 2520 3164 2586 pastorem.
3192 2516 3383 2573 Etiam
3414 2514 3490 2573 de
3525 2515 3617 2573 his

1956 2607 2235 2680 praedicto
2259 2606 2452 2678 capite
2472 2604 2885 2663 disseruimus.
2903 2606 3206 2663 Pastorem
3239 2610 3443 2662 autem
3475 2603 3620 2662 dicit

1961 2712 2117 2760 eum,
2154 2695 2256 2769 qui
2287 2696 2362 2751 de
2394 2695 2581 2751 salute
2620 2710 2831 2751 earum
2861 2710 3069 2751 curam
3097 2694 3367 2752 haberet.

2032 2788 2195 2842 Vers.
2238 2789 2326 2841 34.
2367 2785 2438 2839 Et
2476 2785 2651 2854 coepit
2675 2815 2745 2825 ——
2775 2784 2937 2843 Vers.
2967 2784 3057 2840 37.
3097 2785 3179 2841 ad
3215 2784 3514 2842 edendum.
3554 2786 3623 2842 Et

1965 2875 2094 2931 haec
2123 2889 2367 2946 quoque
2396 2873 2538 2929 inde
2577 2874 2823 2944 cognitu
2852 2870 3050 2931 facilia
3082 2880 3241 2930 sunt.

2035 2964 2199 3019 Vers.
2234 2967 2322 3019 37.
2352 2963 2427 3017 Et
2456 2963 2662 3019 dicunt
2692 2994 2759 3004 —
2776 2963 2857 3020 ad
2880 2963 3339 3020 comedendum?
3366 2962 3489 3020 Hoc
3515 2977 3624 3036 per

1965 3051 2492 3121 interrogationem
2530 3051 2852 3123 legendum
2891 3056 2997 3109 est.
3032 3052 3138 3107 Est
3167 3058 3369 3108 autem
3406 3052 3625 3124 hujus-

1894 3137 1935 3195 C
1966 3141 2128 3198 modi
2158 3157 2355 3197 sermo
2381 3156 2609 3209 eorum,
2643 3142 2745 3214 qui
2776 3157 2839 3197 se
2869 3141 3102 3206 gravari
3131 3148 3497 3213 queruntur.

2036 3233 2192 3286 Vers.
2235 3234 2323 3286 38.
2367 3232 2482 3286 Ille
2518 3237 2713 3286 autem
2752 3261 2822 3271 —
2858 3231 3021 3287 Vers.
3062 3234 3153 3285 40.
3195 3230 3623 3302 quinquageni.

1966 3321 2047 3375 De
2084 3319 2176 3374 his
2206 3318 2432 3373 dictum
2462 3323 2549 3373 est
2585 3319 2869 3375 vicesimo
2901 3322 3068 3375 sexto
3099 3319 3286 3389 capite
3325 3316 3628 3389 Evangelii

1971 3406 2306 3464 secundum
2341 3406 2709 3462 Mattheeum.

2043 3498 2200 3552 Vers.
2226 3499 2313 3549 41.
2334 3495 2410 3550 Ει
2431 3498 2683 3563 acceptis
2713 3525 2781 3537 —
2810 3494 2977 3550 Vers.
3005 3495 3076 3549 44
3096 3494 3380 3553 virorum.
3402 3494 3631 3553 Ibidem

1973 3585 2048 3642 de
2075 3585 2168 3640 his
2206 3600 2448 3657 quoque
2478 3584 2704 3641 dictum
2730 3590 2839 3641 est.

2044 3675 2207 3730 Vers.
2237 3677 2326 3729 45.
2355 3673 2686 3745 Statimque
2713 3703 2782 3715 —
2801 3674 2962 3731 Vers.
2994 3677 3083 3731 46.
3113 3679 3180 3730 ut
3209 3680 3426 3732 oraret.
3462 3674 3634 3732 Simio

1976 3763 2105 3821 liter
2134 3769 2191 3820 et
2228 3763 2303 3819 de
2341 3763 2434 3819 his
2460 3763 2530 3819 ⁵³.

2126 4100 2271 4157 CAP.
2304 4098 2477 4153 XVII.
2518 4098 2597 4153 De
2636 4097 3042 4157 ambulatione
3078 4114 3249 4169 super
3278 4113 3493 4173 aquas.

2054 4191 2216 4245 Vers.
2278 4191 2367 4244 47.
2421 4188 2672 4257 Vespera
2735 4195 2926 4244 autem
2966 4219 3035 4228 —
3093 4187 3255 4244 Vers.
3321 4190 3408 4243 48.
3451 4204 3635 4246 mare.

1987 4282 2190 4346 Quaere
2229 4278 2302 4334 de
2330 4277 2425 4333 his
2457 4277 2740 4333 vicesimo
2773 4277 3026 4349 septimo
3053 4278 3245 4351 capite
3276 4278 3445 4350 juxta
3488 4279 3643 4335 Mat-

277 4367 443 4420 θαῖον,

1990 4369 2231 4426 thaaum.

353 4456 449 4505 Καὶ
519 4452 666 4511 ἤθελε
740 4483 808 4492 —-
880 4442 1089 4514 αύτούς.
1160 4450 1270 4506 Ἰνα
1359 4453 1506 4507 πλέον
1577 4453 1851 4527 ἀγωνιάσω

2059 4460 2221 4512 Vers.
2254 4460 2345 4512 48.
2390 4456 2742 4528 Volebatque
2770 4486 2837 4497 —
2864 4455 3014 4513 illos.
3050 4459 3117 4513 Ut
3142 4455 3351 4513 fortius
3384 4462 3536 4513 esset
3561 4456 3646 4513 eis

276 4560 381 4595 σιν.

1991 4552 2315 4604 certamen.

349 4632 417 4682 Οἱ
446 4626 508 4682 δε
556 4661 622 4670 -
666 4633 737 4703 μὴ
786 4629 1045 4702 φοϐεῖσθε.
1093 4636 1192 4684 Καὶ
1238 4636 1355 4705 περὶ
1398 4634 1591 4685 τούτων
1621 4631 1668 4684 ἐν
1708 4632 1851 4686 inim

2060 4639 2224 4691 Vers.
2264 4639 2352 4691 49.
2390 4634 2493 4689 Illi
2527 4638 2725 4690 autem
2762 4664 2833 4674 —
2872 4636 3032 4690 Vers.
3075 4637 3162 4689 50.
3204 4633 3383 4690 nolite
3417 4633 3641 4690 timere.

279 4722 506 4795 εἴρηται.

1991 4726 2182 4783 Etiam
2211 4724 2286 4779 de
2316 4723 2408 4779 his
2438 4723 2662 4777 ibidem
2695 4722 2921 4777 dictum
2948 4726 3057 4778 est.

359 4813 459 4860 Καὶ
515 4806 664 4866 ἀνέϐη
719 4838 788 4848 --
844 4810 1045 4881 ἀνεμος.
1106 4814 1373 4884 Συνέτεμεν
1436 4812 1461 4862 ὁ
1536 4813 1748 4886 Μάρκος
1816 4832 1851 4865 τη

2062 4814 2229 4869 Vers.
2275 4814 2360 4868 51.
2409 4812 2486 4867 Et
2515 4810 2769 4867 ascendit
2796 4841 2866 4851 —
2898 4816 3122 4866 ventus.
3173 4809 3381 4866 Omisit
3422 4812 3651 4867 Marcus

280 4898 420 4947 κατὰ
471 4899 557 4947 τόν
615 4901 825 4969 Πέτρον,
880 4900 953 4950 ἔτι
1009 4895 1069 4951 δὲ
1097 4905 1186 4952 καὶ
1218 4900 1243 4951 ὁ
1274 4901 1512 4961 Ἰωάννης
1545 4917 1556 4929 ·
1587 4902 1612 4951 ὁ
1645 4898 1703 4953 δὲ
1736 4908 1885 4953 Ματ-

285 4988 435 5047 θαῐος
456 4990 546 5037 καὶ
570 4994 733 5040 ταῦτα
766 4995 939 5060 σαφῶς
971 4986 1279 5062 ἀνέγραψεν.

357 5079 458 5127 Καὶ
479 5074 591 5127 λίαν
621 5107 685 5119 -
739 5081 1115 5150 πιπωρωμένη.
1156 5083 1259 5132 Καὶ
1300 5086 1468 5131 ταῦτα
1506 5080 1553 5131 ἓν
1599 5086 1670 5149 τῷ
1718 5082 1885 5132 τοιού·

277 5182 353 5235 τῳ
382 5165 639 5237 κεφαλαίῳ
671 5161 706 5218 δ
711 5167 1081 5238 ιασεσάφηται.

354 5258 455 5306 Καὶ
513 5248 921 5328 διαπεράσαντες
972 5286 1043 5298 -
1091 5258 1365 5319 εσώζοντο.
1420 5260 1561 5313 Ἐκεῖ
1628 5263 1717 5311 καὶ
1771 5264 1892 5336 περὶ

348 5379 396 5415 ⁸³
428 5377 637 5437 Matth.
680 5396 775 5449 xv,
814 5384 906 5437 23.

1992 4920 2128 4977 quae
2184 4902 2259 4958 de
2299 4902 2464 4957 Petro
2504 4898 2887 4964 acciderunt;
2955 4897 3220 4954 similiter
3256 4901 3315 4954 et
3364 4900 3649 4956 Joannes.

1993 4993 2296 5051 Mattheeus
2325 5004 2467 5045 vero
2492 4988 2803 5059 diligenter
2826 4987 2927 5043 illa
2952 4986 3329 5060 conscripsit.

2067 5081 2230 5136 Vers.
2266 5083 2351 5133 51.
2380 5079 2453 5132 Et
2480 5077 2850 5134 vehementer
2878 5107 2946 5117 ——
2984 5078 3144 5133 Vers.
3181 5081 3267 5132 52.
3298 5078 3656 5137 obcaecatum

1997 5177 2138 5228 erat.
2172 5168 2362 5224 Etiam
2392 5169 2522 5223 haec
2550 5164 2765 5221 eodem
2795 5166 2988 5238 capite
3018 5170 3158 5222 sunt
3184 5166 3528 5239 explanata.

2074 5261 2234 5316 Vers.
2252 5260 2338 5313 53.
2360 5255 2619 5327 Cumque
2633 5256 2997 5326 trajecissent
3018 5287 3086 5296 —
3106 5255 3270 5313 Vers.
3287 5257 3373 5315 56.
3392 5255 3545 5315 salvi
3560 5258 3661 5327 ﬁe-

1540 5517 1767 5587 Variae
1798 5518 2132 5587 lectiones
2167 5526 2232 5584 et
2259 5525 2461 5584 notae.

356 5663 471 5738 (55)
505 5664 819 5722 Hentenius
849 5664 1083 5722 videtur
1110 5664 1322 5739 legisse
1353 5667 1603 5745 εὐκαίρει,
1634 5670 1801 5746 quod
1827 5672 2128 5746 repugnat
2158 5670 2391 5744 utrique
2420 5682 2720 5729 meorum.

585 5764 822 5819 PATROL.
864 5765 969 5823 Gn.
1010 5762 1255 5823 CXXIX.

3312 5767 3385 5821 26
