4170 6364
607 334 706 389 3“
1637 358 1644 365 .
1923 311 2266 369 EUTHYMII
2319 310 2650 369 ZIGABENI
3871 307 3982 362 812

607 457 767 513 bant.
827 454 909 510 Ibi
929 452 1111 510 etiam
1141 448 1216 506 de
1246 447 1340 504 his
1372 437 1658 502 omnibus
1710 440 1993 498 invenies.
2049 438 2206 495 Salvc

2320 441 2570 492 .mévrcov
2636 439 2829 490 τούτων
2884 438 3117 511 εὑρήσεις
3183 451 3195 463 ’
3280 440 3538 510 σωτηρίαν
3605 431 3664 487 δε
3719 443 3807 488 νῦν
3880 440 3981 493 τήν

604 551 807 604 autem
837 541 1106 611 intelligit
1127 539 1224 596 hic
1253 553 1452 594 sanos.
1626 571 1634 580 α

2364 528 2538 598 ὑγείαν
2575 533 2676 580 νόει
2691 571 2702 582 .

711 633 868 693 CAP.
903 616 1085 688 XVIII.
1118 631 1198 685 De
1227 624 1684 698 transgressione
1707 620 1993 692 pracepti
2023 618 2144 673 Dei.

2365 622 2509 671 ΚΕΦ.
2576 615 2677 672 ΙΗ’.
2735 620 2860 687 Περὶ
2918 621 3011 675 τῆς
3063 613 3407 686 παραϐάσεως
3462 622 3554 675 τῆς
3627 612 3831 675 ἐντολῆς
3879 623 3979 668 τοῦ

2039 750 2044 754 ι
3084 711 3238 757 Θεοῦ.

673 811 829 867 CAP.
851 809 964 866 Vll.
983 807 1220 863 VersJ.
1247 805 1320 860 Et
1340 799 1697 860 conveniunt
1716 829 1785 838 ——
1804 797 1967 852 Vers.
1987 799 2040 850 4.
2064 809 2206 850 come

2433 799 2534 847 Kal
2585 796 2897 865 συνάγονται
2953 824 3020 832 —
3077 792 3340 850 ἐσθίουσι,
3415 797 3514 846 Kal
3583 798 3700 868 περὶ
3765 797 3972 847 τούτων

599 902 876 958 dunt.~De
895 899 988 955 his
1001 911 1238 970 quoque
1259 891 1494 949 disserit
1516 887 1727 961 capitis
1753 886 1908 942 illius
1932 884 2206 940 enarratit

2360 885 2389 942 ἡ
2423 883 2667 955 ἐξήγησις
2699 883 2888 935 ἐκείνου
2921 889 3012 935 τοῦ
3043 882 3319 954 κεφαλαίου
3363 879 3724 954 διαλαμϐάνει.

674 994 831 1047 Vers.
860 992 912 1045 4.
939 989 1237 1057 Multaque
1262 987 1404 1039 sunt
1424 980 1545 1036 alia
1564 1010 1632 1018 —
1659 977 1955 1033 lectorum.
1991 973 2073 1029 lbi
2104 988 2206 1044 qut

2431 978 2531 1025 Kal
2579 972 2710 1024 ἄλλα
2755 971 2919 1024 πολλὰ
2948 970 3087 1023 ἐστιν
3131 1002 3198 1010 —
3246 970 3452 1026 κλινῶν.
3515 972 3649 1024 Ἐκεῖ
3693 977 3784 1024 καὶ
3844 979 3967 1045 περὶ

596 1096 715 1154 que
745 1079 821 1135 de
845 1077 941 1134 his
971 1076 1198 1132 dictum
1227 1077 1338 1129 est.

2356 1064 2550 1114 τούτων
2578 1064 2800 1135 εἴρηται.

666 1169 829 1224 Vers.
865 1172 915 1222 5.
946 1163 1168 1220 Deinde
1194 1193 1264 1202 —
1295 1160 1451 1215 Vers.
1487 1161 1538 1214 8.
1567 1155 1789 1226 facitis.
1823 1152 2044 1208 Horum
2075 1148 2206 1205 inte]

2427 1149 2644 1203 Ἔπειτα
2700 1183 2769 1190 -
2822 1156 3034 1202 ποιεῖτε.
3089 1148 3146 1201 Ἠ
3195 1151 3388 1201 τούτων
3443 1145 3728 1221 διάγνωσις
3780 1149 3829 1202 ἐν
3890 1160 3968 1222 τῷ

590 1257 777 1314 lectus
805 1254 1090 1311 vicesimo
1115 1256 1328 1308 octavo
1357 1247 1550 1319 capite
1581 1241 1877 1314 Evangelii
1911 1238 2206 1299 secundm

2355 1239 2571 1311 εἰκοστῷ
2620 1236 2793 1310 ὀγδόῳ
2851 1238 3108 1311 κεφαλαίῳ
3172 1244 3264 1291 τοῦ
3330 1241 3467 1290 κατὰ
3531 1241 3796 1292 Ματθαίον
3856 1248 3966 1292 κεί-

589 1345 928 1403 Matthasum
957 1340 1196 1414 positus
1226 1341 1334 1394 est.
2352 1347 2459 1382 ται.

658 1435 826 1492 Vers.
854 1437 910 1491 9.
940 1431 1017 1488 Et
1047 1428 1274 1488 dicebat
1308 1455 1375 1467 -
1402 1422 1668 1483 servetis.
1702 1421 1814 1477 Per
1843 1417 2099 1475 ironiam
2129 1415 2206 1474 ho

2425 1421 2526 1470 Kal
2609 1417 2774 1489 ἔλεγεν
2842 1448 2909 1458 -
2992 1421 3278 1490 τηρήσητε.
3351 1416 3738 1492 Κατέἱρωνείαν
3804 1423 3967 1472 τοῦτὸ

586 1523 748 1580 dicit.

2353 1526 2504 1580 ?HUL

655 1613 817 1668 Vers.
871 1613 958 1666 10.
1006 1608 1190 1668 Moses
1229 1636 1298 1647 —
1335 1605 1503 1659 Vers.
1543 1605 1630 1657 11.
1668 1600 1731 1654 in
1773 1605 1941 1654 tuum
1988 1594 2206 1652 vertitu

2421 1603 2654 1659 Μωύσής
2702 1627 2768 1636 —
2817 1595 3110 1668 ὠφεληθῇς.
3173 1599 3275 1648 Καὶ
3324 1598 3439 1669 περὶ
3492 1597 3685 1648 τούτων
3735 1595 3785 1648 ἰν
3834 1594 3966 1650 ἐκεί-

582 1700 972 1760 commodum.
1022 1697 1209 1754 Etiam
1240 1695 1315 1752 de
1338 1693 1432 1750 his
1478 1691 1541 1748 in
1569 1690 1670 1747 illo
1700 1687 1893 1762 capite
1941 1683 2206 1756 sigillatin

2349 1707 2417 1758 νῳ
2443 1694 2514 1758 τῷ
2534 1685 2792 1758 κεφαλαίῳ
2827 1684 3271 1756 λελεπτολόγηται.

580 1791 808 1849 dictum
833 1794 938 1847 est.
2271 1776 2318 1833 Β

650 1882 811 1937 Vers.
842 1881 930 1937 12.
961 1877 1037 1934 Et
1067 1907 1136 1918 —
1164 1871 1365 1932 matri.
1391 1869 1754 1942 Quidquam,
1779 1865 1943 1939 quod
1973 1863 2086 1919 illis
2110 1878 2206 1936 gra

2422 1887 2521 1934 Kal
2549 1911 2616 1922 —
2642 1885 2824 1956 μητρί.
2856 1878 3024 1933 Ούὸεν
3047 1880 3341 1954 εύάρεστον.

577 1975 708 2030 tum
737 1974 828 2026 sit.

647 2061 816 2116 Vers.
843 2061 926 2115 13.
949 2056 1201 2112 Irritum
1212 2052 1497 2125 facientes
1517 2081 1584 2092 -
1601 2047 1825 2119 facitis.
1852 2043 2111 2100 Verbum
2135 2045 2206 2098 De

621 2149 632 2160 .
679 2149 710 2160 ..
755 2147 770 2160 -
1484 2141 1774 2160 .-μ-η,
1803 2134 1960 2160 MM.
2026 2134 2206 2160 nm“

2414 2072 2749 2148 Ἀκυροῦντες
2777 2102 2846 2112 -
2887 2079 3096 2125 ποιεῖτε.
3150 2075 3318 2142 Λόγον
3361 2077 3452 2122 τοῦ
3502 2078 3633 2124 Θεοῦ
3669 2069 3821 2142 λέγει,
3866 2076 3954 2125 τὸν

575 2114 724 2206 dicit
733 2114 983 2219 vlegem,
1000 2162 1136 2219 quae
1175 2114 1451 2217 parentes
1482 2114 1777 2196 honorare
1799 2134 1981 2207 jubet.
2026 2134 2206 2198 Quaeri

2431 2114 2749 2148 .-..-,.---.-,
2891 2114 3096 2125 ..---..-.
3150 2114 3313 2142 .-ηπ
3370 2114 3450 2122 .-ν
3505 2114 3630 2124 ν---
3671 2114 3821 2142 ..-,--,
3875 2114 3951 2125 η,

2343 2161 2610 2214 κελεύοντα
2639 2167 2794 2234 τιμᾴν
2825 2165 2942 2223 τοὺς
2970 2169 3156 2233 γονεῖς.
3198 2165 3354 2218 Ζήτει
3398 2156 3458 2212 δὲ
3486 2165 3574 2212 καὶ
3605 2165 3721 2231 περὶ
3752 2164 3954 2214 τούτων

575 2239 754 2296 etiam
784 2215 859 2293 de
887 2236 980 2292 his
1010 2215 1070 2290 in
1101 2215 1258 2290 dicto
1289 2230 1502 2303 capite.

2694 2215 2703 2234 ι
2749 2215 2758 2232 ι
2927 2215 2940 2223 -
2977 2215 2992 2233 σ

2343 2249 2391 2303 ἐν
2420 2259 2490 2322 τῷ
2519 2251 2729 2326 ῥηθέντι
2758 2249 3035 2322 κεφαλαίῳ.

643 2327 810 2384 Vers.
843 2329 924 2382 14.
957 2326 1041 2382 Et
1068 2355 1137 2368 —
1165 2323 1330 2379 Vers.
1368 2325 1450 2377 15.
1487 2317 1802 2375 hominem.
1835 2312 1922 2368 Ibi
1950 2311 2130 2367 etiam
2162 2308 2206 2364 dt

2461 2306 2470 2322 ο
2519 2306 2529 2326 ι
2573 2306 2581 2310 -
2823 2306 2834 2322 .
2989 2306 2997 2321 .

2416 2345 2516 2394 Kal
2563 2372 2631 2380 —
2674 2343 2760 2393 τὸν
2814 2341 3101 2412 ἄνθρωπον.
3151 2339 3286 2392 Ἐκεῖ
3335 2343 3424 2390 καὶ
3471 2343 3589 2412 περὶ
3642 2341 3836 2392 τούτων
3887 2343 3953 2393 εῖ-

568 2417 663 2474 his
694 2417 922 2474 dictum
949 2419 1056 2472 est.

2341 2450 2518 2506 pﬂTGL

639 2507 801 2564 Vers.
847 2507 931 2562 16.
973 2505 1042 2578 Si
1073 2502 1204 2577 quis
1235 2531 1302 2543 —
1332 2497 1557 2557 audiat.
1601 2497 1720 2551 Hoc
1757 2492 2097 2564 frequenter
2134 2488 2206 2545 de

2341 2488 2351 2506 ι
2397 2488 2401 2489 ν

2413 2522 2474 2573 Εἴ
2503 2539 2584 2581 τις
2614 2551 2677 2560 —
2723 2517 2975 2574 ἀκουέτω.
3014 2523 3178 2570 Τοῦτο
3208 2516 3453 2580 πολλάκις
3485 2519 3806 2581 ήρμηνεύθη.

566 2596 862 2654 claratum
895 2573 1033 2651 ests
1081 2571 1103 2577 -
2414 2571 2451 2573 ἡ
2516 2571 2519 2572 ν
2569 2571 2584 2581 ’
2965 2571 2974 2574 ⁷
3438 2571 3452 2580 ’
3500 2571 3563 2593 ’⁸⁸

639 2685 808 2744 Vers.
853 2686 940 2741 17.
983 2683 1242 2753 Cumque
1279 2709 1349 2721 —
1378 2678 1538 2734 Vers.
1577 2678 1660 2732 19.
1703 2687 1884 2730 escas.
1926 2670 2014 2728 Ibi
2052 2670 2206 2724 etian

565 2777 641 2836 de
667 2776 762 2844 his
791 2777 996 2832 exacte
1034 2771 1320 2845 traditum
1353 2770 1462 2824 est.
1999 2846 2010 2858 .

2415 2720 2516 2769 Kal
2543 2716 2625 2766 ὅτε
2673 2745 2740 2755 -
2791 2710 3067 2788 βρώματα.
3116 2711 3252 2765 Ἐκεῖ
3301 2714 3390 2763 καὶ
3431 2715 3769 2785 περὶτούτων
3801 2709 3950 2787 ἀκρι-

2343 2803 2570 2858 ϐέστατα
2599 2800 3008 2858 διεσαφηνίσθη.

639 2821 1411 2921 Ϋῖὲεῗῂἦτε.
1586 2852 1900 2909 hominem.
1956 2845 2206 2904 Similitei

2343 2821 2570 2858 δεστατα
2599 2821 3008 2876 οιεσαφηνισυη.

2411 2893 2589 2962 Ἐλεγε
2659 2924 2728 2933 -
2800 2893 3090 2962 ἄνθρωπον,
3161 2895 3382 2962 Ὁμοίως
3465 2894 3555 2943 καὶ
3636 2893 3747 2962 περὶ
3814 2892 3936 2940 τού-

567 2907 1200 3014 ειᾉῖ”ιὶίεῖ””’””’
1450 2907 1535 2910 ﬂ
1706 2907 1737 2908 ”

2424 2907 2589 2966 Ελεγε
2659 2924 2728 2933 -
2800 2907 3090 2964 ανυρωπον,
3165 2907 3382 2962 ξυμοιως
3465 2910 3555 2943 και
3636 2907 3747 2962 περι
3814 2907 3908 2940 του

2342 3005 2465 3040 των.

1204 3093 1346 3195 XIX;
1360 3091 1437 3195 Re
1464 3086 1865 3195 Ῑῗήαῗτξίξδξιζιῌ
1915 3170 2053 3195 ‘11-“
2088 3170 2206 3195 ΠΛ
2263 3123 2306 3181 c
2684 3113 2827 3160 ΚΕΦ.
2859 3105 2942 3160 ΙΘ’
2977 3109 3101 3180 Περὶ
3126 3113 3222 3166 τῆς
3248 3108 3602 3164 Φοινικίσσης.

637 3187 797 3245 Vers.
817 3189 907 3242 24.
938 3184 1013 3240 Et
1040 3183 1179 3239 inde
1209 3212 1276 3222 —
1303 3178 1550 3238 Sidonis.
1585 3178 1649 3231 In
1674 3178 1886 3247 partes,
1911 3170 2059 3227 dixit
2087 3170 2206 3225 Mat

2413 3202 2513 3251 Kal
2569 3197 2754 3249 ἐκεῖθεν
2811 3226 2880 3237 -
2929 3170 3167 3254 Σιδωνος.
3223 3193 3306 3253 Εἰς
3361 3195 3427 3244 τὰ
3491 3197 3621 3266 μέρη
3673 3193 3944 3254 Ματθαῑος

565 3278 774 3336 thaaus.
809 3277 1014 3342 Quaere
1039 3276 1243 3330 autem
1273 3265 1760 3341 explanationem
1790 3261 1925 3317 ﬁnis
1955 3261 2204 3315 vicesim

2339 3286 2466 3344 εἶπε.
2498 3292 2737 3346 Ζήτησον
2785 3282 2842 3338 δὲ
2889 3289 2981 3341 τήν
3033 3282 3280 3355 ἐξήγησιν
3327 3289 3418 3334 τοῦ
3466 3285 3641 3344 τέλους
3684 3283 3798 3355 (56)
3848 3290 3942 3334 τοῦ

564 3366 760 3428 octavi
783 3363 995 3436 capitis
1022 3361 1192 3416 illius.

633 3455 683 3461 _-
848 3456 903 3461 _-
985 3452 1050 3461 _-
1093 3450 1102 3461 .
1504 3444 1516 3461 l
1564 3449 1676 3461 .-,__
1734 3441 1816 3461 ’τι-ξ
1859 3453 2096 3461 -_--_-_.
2141 3435 2196 3461 .1:

2337 3377 2575 3430 εἰκοστοῦ
2607 3373 2798 3448 ογδόου
2831 3373 3109 3447 κεφαλαίου
3142 3372 3323 3424 αὐτού.

633 3455 802 3511 Vers.
843 3435 936 3510 24.
972 3452 1052 3508 Et
1079 3450 1366 3522 ingressus
1398 3477 1467 3488 —
1499 3444 1698 3501 latere.
1733 3441 1821 3497 Ibi
1852 3453 2102 3496 causam
2137 3435 2206 3492 di

2409 3472 2509 3520 Kal
2566 3465 2806 3518 εἰσελθὼν
2871 3493 2938 3505 -
2995 3462 3186 3516 λαθεῖν.
3250 3461 3446 3514 Ἐκεῖσε
3498 3464 3592 3519 τὴν
3637 3459 3805 3513 αἰτίαν
3867 3461 3941 3512 εἰ-

560 3561 782 3602 leus.

633 3634 682 3640 __
811 3635 870 3640 μ-
916 3631 949 3640 -
1151 3629 1160 3640 .
1342 3627 1377 3640 ..
1475 3633 1486 3640 .
1607 3622 1718 3640 πη,
1780 3623 1842 3640 οη
1899 3631 2096 3640 --..-..-
2143 3613 2206 3640 ἢ,

2333 3561 2396 3630 ρή
2409 3575 2590 3629 σαμεν.

633 3631 1050 3690 Vers.25.0um
1062 3629 1218 3687 enim
1231 3627 1507 3684 audisset.
1525 3655 1594 3664 —
1607 3622 1752 3678 Vers
1763 3623 1866 3675 .26.
1890 3631 2113 3689 genere.
2143 3613 2206 3670 De

727 3722 760 3733 ..
808 3727 817 3733 .
1029 3726 1039 3733 .
1111 3718 1122 3730 ο
1232 3718 1242 3728 .
1401 3729 1535 3733 ,-__
1579 3711 1760 3733 ___..-
1797 3705 2096 3733 nmmum
2131 3719 2196 3733 ,Δ

2333 3613 2392 3630 ικ
2478 3613 2486 3629 .

2405 3645 2711 3697 Ἀκούσασα
2774 3645 2874 3716 γὰρ
2937 3672 3005 3680 -
3076 3644 3228 3712 γένει.
3296 3641 3519 3714 Εἴρηται
3579 3643 3698 3712 περὶ
3748 3641 3945 3699 ταύτης

559 3721 676 3780 hoc
704 3722 931 3779 dictum
957 3726 1047 3776 est
1073 3718 1352 3774 vicesimo
1383 3729 1544 3772 nono
1571 3711 1764 3784 capite
1796 3706 2100 3778 Evangelii
2131 3719 2206 3759 set

2332 3732 2379 3787 ἒν
2436 3743 2507 3801 τῷ
2565 3733 2780 3801 εἰκοστῷ
2849 3730 3008 3801 ἐνάτῳ
3085 3728 3342 3801 κεφαλαίῳ
3415 3735 3506 3781 τοῦ
3579 3729 3715 3779 κατὰ
3786 3733 3940 3780 Ματ-

561 3811 832 3870 cundum
858 3809 1222 3867 Matthteum.
1669 3815 1674 3825 ‘

2336 3785 2367 3787 Ἢ
2479 3785 2499 3806 ι⁷
2572 3785 2577 3786 ⁷
2753 3786 2761 3802 ι
2981 3786 2989 3802 ι
3151 3785 3162 3801 ι
3314 3785 3322 3800 ε

2334 3825 2494 3876 θαῑον.

631 3903 793 3959 Vers.
823 3900 912 3956 27.
943 3899 1022 3954 Et
1051 3897 1293 3969 rogabat
1317 3923 1383 3936 —
1431 3893 1560 3963 ﬁlia
1584 3905 1712 3947 sua.
1741 3890 1783 3960 -ξ-
1810 3889 1852 3960 -ι-
1881 3886 2088 3962 Ἠρωτα
2117 3897 2206 3939 ῃο·

2404 3919 2504 3966 Kal
2551 3913 2729 3985 ἠρώτα
2775 3941 2843 3950 -
2890 3909 3148 3983 θυγατρὸς
3195 3906 3377 3968 αὐτῆς.
3447 3937 3504 3946 -
3548 3904 3754 3978 Ἠρώτα
3797 3905 3938 3977 (5³7),

557 3995 644 4052 tat
672 3989 944 4062 rogabat,
973 3993 1035 4043 ut
1061 3986 1125 4042 in
1153 3984 1253 4041 illo
1276 3987 1552 4041 notatum
1577 3984 1682 4036 est.

2331 4001 2444 4055 ἀντὶ
2486 4009 2598 4069 τού,
2656 3999 2951 4073 παρεκάλει,
3013 3999 3078 4058 ὡς
3149 3996 3199 4049 ἐν
3265 3994 3435 4066 ἐκείνῳ
3503 4000 3939 4068 παρασεσημείω-

628 4156 788 4224 Vers.
824 4166 914 4220 28.
954 4163 1118 4220 Iesus
1156 4163 1352 4219 autem
1381 4190 1449 4200 —
1478 4159 1645 4213 Vers.
1687 4159 1775 4211 29.
1815 4153 1947 4223 ﬁlia
1988 4154 2112 4206 tua.
2153 4150 2206 4204 In

2327 4112 2439 4146 ται.

2395 4180 2454 4233 ⁸0
2499 4177 2558 4232 δὲ
2606 4180 2810 4238 Ἰησοῦς
2860 4209 2927 4218 -
2983 4177 3244 4248 θυγατρός
3303 4193 3418 4227 σου.
3485 4174 3567 4228 Ἑν
3630 4181 3703 4244 τῷ
3761 4176 3934 4226 τοιού-

555 4256 657 4314 illo
688 4255 882 4328 capite
907 4251 1113 4310 omnia
1152 4251 1264 4306 ista
1293 4247 1595 4304 declarata
1626 4246 1782 4298 sunt.

2422 4229 2443 4233 -
2505 4229 2555 4232 -_
3055 4229 3068 4247 ,
3153 4229 3242 4248 ι,
3673 4229 3682 4244 ⁸

2324 4291 2396 4342 τῳ
2427 4269 2683 4341 κεφαλαίῳ
2705 4269 2873 4320 πάντα
2893 4273 3061 4318 ταῦτα
3084 4261 3570 4338 διηρμηνεύθησαν.

625 4347 788 4402 Vers.
841 4347 928 4400 30.
971 4343 1048 4398 Et
1084 4354 1344 4413 regressa
1388 4368 1450 4378 —
1493 4337 1731 4392 tectum.
1768 4334 2091 4394 Jacentem,
2153 4334 2206 4384 in

2398 4363 2498 4411 Kal
2537 4357 2832 4410 ἀπελθουσα
2869 4385 2934 4395 -—
2966 4353 3161 4414 κλίνης.
3201 4356 3450 4414 Κειμένην
3479 4349 3528 4403 ἐν
3560 4352 3759 4414 εἰρήνη.

553 4453 700 4513 pace
739 4452 808 4494 ac
837 4433 1026 4493 salute
1068 4405 1177 4504 (ar):
2243 4476 2290 4532 Β
3293 4405 3303 4425 ‘
3406 4405 3415 4410 ⁷
3605 4405 3614 4424 ‘
3655 4405 3665 4410 '
3712 4410 3720 4424 ‘

2695 4539 2839 4587 ΚΕΦ.
2876 4531 2949 4587 κ’.
2984 4535 3110 4606 Περὶ
3138 4537 3231 4582 τοῦ
3262 4527 3568 4603 μογιλάλον.

2393 4632 2494 4681 Kal
2540 4624 2694 4678 πάλιν
2751 4621 2961 4685 ἐξελθὼν
3019 4652 3085 4660 -
3155 4617 3497 4680 δεκαπόλεως.
3558 4617 3662 4670 Ούκ
3725 4611 3910 4686 ἐμϐραο

2320 4713 2460 4770 δύνει
2487 4722 2590 4776 τοῖς
2633 4716 2813 4787 μέρεσι
2835 4720 2932 4764 τῶν
2965 4709 3137 4776 ἐθνῶν,
3173 4709 3255 4760 ἱνα
3290 4711 3361 4781 μή
3415 4705 3742 4780 κατηγορηθῇ
3787 4701 3907 4775 παρ’

2318 4802 2614 4867 Ἰουδαίων,
2647 4806 2711 4863 ὡς
2739 4809 2842 4862 τοῖς
2873 4798 3090 4860 ἓθνικοῐς
3121 4797 3536 4870 ἐπιμιγνύμενος.

1051 4550 1199 4606 CAP.
1242 4546 1361 4602 XX.
1396 4546 1480 4601 De
1519 4543 1708 4600 balba.

620 4645 783 4700 Vers.
811 4643 899 4700 31.
933 4641 1193 4712 Cumque
1219 4651 1460 4693 rursum
1493 4633 1706 4691 exisset
1735 4661 1806 4674 —
1833 4628 2204 4699 Decapoteos.

547 4737 675 4793 Non
725 4733 1078 4790 immoratur
1103 4729 1165 4783 in
1193 4726 1415 4782 ﬁnibus
1441 4723 1772 4796 gentilium,
1801 4735 1877 4775 ne
1907 4735 1943 4775 a
1986 4717 2208 4773 Judaais

545 4829 946 4884 accusaretur,
979 4817 1144 4892 quod
1175 4815 1448 4886 gentibus
1479 4811 1988 4868 commisceretur.

617 4879 782 4970 Vers.
817 4917 905 4967 32.
1040 4879 1300 4977 a/fervunt
1330 4934 1396 4945 —-
1430 4904 1590 4958 Vers.
1621 4905 1709 4956 33.
1740 4899 2007 4968 linguam
2055 4897 2201 4967 ejus.

2391 4899 2490 4948 Kal
2561 4897 2802 4967 φέρουσιν
2875 4920 2944 4928 -
3031 4887 3275 4958 γλώσσης
3374 4885 3554 4937 αὐτοῦ.
3641 4879 3919 4937 ’Δπὲλαϐεν

543 5000 948 5076 Apprehendit
970 5014 1105 5054 eum
1138 5011 1174 5052 a
1205 4993 1385 5053 turba
1415 4990 1688 5054 seorsim,
1716 4988 1830 5043 hoc
1861 4993 1952 5042 est
1976 5003 2204 5042 assum-

2320 4983 2465 5036 αὐτὸν
2523 4981 2622 5034 ἀπὸ
2689 4987 2779 5032 τοῦ
2841 4977 3003 5049 ὄχλου
3059 4971 3321 5041 κατιδίαν,
3384 4977 3642 5036 τουτέστι,
3699 4970 3920 5046 nuptia-

543 5092 675 5166 psit,
727 5088 1038 5162 separavit,
1072 5101 1147 5141 ne
1190 5080 1479 5140 miracula
1518 5079 1818 5134 videretur
1863 5075 2200 5148 spectaculo

2320 5073 2415 5140 ϐεν,
2462 5071 2737 5144 ἐχώρισεν,
2787 5068 2868 5119 ἶνα
2911 5071 2980 5138 μή
3033 5062 3160 5138 δόξῃ
3205 5065 3483 5135 θεατρίζειν
3533 5081 3600 5114 τα
3648 5063 3914 5132 θαύματα,

537 5196 852 5252 exponere,
873 5176 1198 5234 etmaxime
1229 5186 1619 5242 cognoscens,
1645 5147 2197 5238 multitudiniquos-

2320 5167 2400 5215 καὶ
2466 5160 2714 5234 μάλιστα,
2769 5158 2924 5229 γνούς
2976 5173 3115 5214 τινας
3162 5161 3260 5205 τῶν
3313 5155 3676 5224 μεμψιμοίρων
3732 5147 3918 5221 ἀναμε-

536 5272 681 5330 dam
713 5267 1011 5324 immistos
1039 5278 1188 5329 esse,
1221 5261 1324 5334 qui
1353 5257 1870 5332 reprehenderent.

2320 5255 2587 5324 κιγμένους
2615 5255 2726 5310 τοῖς
2753 5246 2854 5304 πλή
2865 5247 3004 5298 θεσιν
3015 5285 3027 5298 .

606 5361 890 5416 Praeterea
900 5353 1268 5427 quandoque
1292 5328 1581 5406 miracula
1610 5360 1814 5402 coram
1838 5343 2038 5399 multis
2052 5357 2192 5415 ope-

2377 5340 2570 5400 Ἂλλως
2625 5357 2696 5410 τε,
2756 5338 2880 5390 ποτε
2926 5337 3015 5409 μὲν
3072 5331 3284 5386 ἕνώπιον
3333 5328 3532 5384 πολλῶν
3585 5330 3913 5402 θαυματουρο

1780 5442 2006 5510 Variae
2029 5442 2356 5533 lectiones
2388 5449 2452 5508 et
2482 5446 2691 5505 notae.

632 5566 720 5638 56)
750 5571 854 5618 Τοῦ
879 5563 1069 5625 τέλους.
1103 5557 1319 5616 omittit
1348 5560 1416 5611 Α.

603 5567 718 5712 ξω)
749 5637 867 5692 Hoc
895 5633 1188 5692 scholium
1217 5627 1416 5686 omisei

632 5585 720 5638 50)
750 5585 854 5618 ἰ’ου
879 5585 1069 5625 τεΛους,
1103 5585 1319 5616 υωιιιιι
1348 5585 1416 5611 Α.
1744 5585 1748 5588 -

628 5643 718 5710 57)
749 5637 867 5692 Hoc
895 5633 1188 5692 scholium
1217 5627 1501 5686 omiserat
1530 5623 1870 5681 Hentenius.
1899 5621 2110 5679 Scriba
2142 5621 2362 5680 saltum
2387 5619 2624 5675 fecerat.

601 5703 1039 5813 ('x)-Vocabula,
1063 5746 1134 5789 ac
1149 5729 1357 5797 salute,
1373 5720 1861 5798 inte'rpretationii
1886 5736 2073 5778 causa
2099 5719 2404 5778 addidisse
2421 5710 2981 5775 videturHenlenius
2997 5707 3224 5783 absque
3255 5706 3475 5766 codicis
3521 5703 3906 5764 auctoritate.
