4170 6364
223 316 331 372 813
1381 298 1752 361 COMMENT.
1796 295 1866 352 IN
1906 291 2234 351 MARCUM.
2278 325 2343 337 ——
2383 293 2540 351 CAP.
2583 294 2727 353 VIII.
3485 292 3589 350 8H

221 450 328 513 7d,
408 438 481 493 δι’
551 437 790 510 ὠφελειαν
872 444 973 489 τῶν
1037 435 1314 509 ὁρώντων·
1382 431 1505 482 ποτε
1583 423 1664 494 δὲ,
1729 441 1868 476 κατ.

1940 420 2198 485 rebatur,
2223 425 2465 493 propter
2478 420 2876 493 spectantium
2907 419 3215 477 utilitatem
3249 418 3587 477 :interdum

228 529 392 598 ἰδίαν,
437 526 529 582 διὰ
574 532 633 580 τὸ
678 530 877 600 φεύγειν
920 529 1007 577 τὸν
1057 526 1284 587 ἔπαινον,
1345 522 1415 579 ὡς
1462 519 1625 588 τύφου
1650 532 1831 586 γεννη-

1944 525 2078 565 vero
2109 508 2452 582 separatim,
2484 514 2548 565 ut
2574 509 2814 566 laudem
2842 508 3090 582 fugeret,
3110 513 3399 582 tanquam
3416 525 3591 583 gene-

226 626 392 674 τικον.
435 617 624 674 ’Ἐϐαλε
678 614 737 669 δὲ
787 620 904 675 τούς
957 611 1245 672 δακτύλους
1285 608 1443 661 αὐτοῦ
1491 607 1556 666 εἰς
1606 606 1672 656 τὰ
1724 599 1831 654 ὦτα

1943 598 2192 655 rativam
2205 596 2512 671 superbiae.
2539 598 2701 656 Misit
2727 604 2923 655 autem
2948 599 3164 671 digitos
3183 596 3325 656 suos
3342 599 3590 657 inaures

230 710 412 774 αὐτοῦ,
442 708 528 760 ἕνα
569 709 660 779 μὶν
697 713 790 767 τῆς
838 703 1009 767 δεξιᾶς
1052 705 1253 775 χειρὸς,
1295 699 1366 761 εἰς
1407 704 1557 750 τοῦτο
1599 697 1657 747 τὸ
1697 689 1781 753 οὖς
1813 709 1827 722 ⁸

1944 687 2068 758 ejus
2103 708 2113 739 :
2139 702 2323 742 unum
2348 685 2594 759 quidem
2616 686 2837 742 dextrae
2863 703 3081 744 manus
3112 687 3173 744 in
3194 688 3465 746 dextram
3487 704 3591 746 au-

230 802 321 852 ἕνα
359 795 416 851 δὲ
450 805 541 856 τῆς
588 795 884 870 ἀριστερᾶς,
936 792 1007 854 εἰς
1044 791 1225 856 ἐκεῖνο,
1273 784 1368 841 διὰ
1420 788 1476 839 τὸ
1523 786 1695 836 στενὸν
1742 786 1833 833 καὶ

1942 791 2086 839 rem,
2113 790 2422 847 unumque
2440 774 2690 831 sinistrae
2720 774 2780 831 in
2799 776 3118 842 sinistram,
3133 781 3371 849 propter
3401 792 3589 851 angu-

231 886 374 960 βαθὺ
404 895 498 947 τῆς
528 862 706 947 rixo-73;,
741 884 823 934 ἶνα
866 882 981 953 θίξῃ
1033 883 1227 940 ταύτης
1266 921 1278 932 .
1326 872 1585 929 Ἠδύνατο
1630 869 1688 925 δὲ
1742 875 1831 923 καὶ

1941 864 2116 919 stiam
2162 880 2228 919 ac
2280 862 2744 935 profunditatem
2796 864 3051 931 auditus,
3093 869 3149 924 et
3189 862 3352 923 hunc
3391 869 3588 924 acuat.

234 981 420 1052 τρόπον
471 976 637 1048 ἕτερον
694 974 1011 1044 θεραπεῦσαι
1068 968 1244 1037 αύτόν,
1306 964 1411 1018 ἀλλ’
1474 966 1555 1016 ἵνα
1612 970 1831 1034 γνῶμεν,

1947 957 2172 1009 Poterat
2198 968 2437 1026 quoque
2462 957 2517 1010 et
2542 953 2659 1010 alio
2697 953 2880 1011 modo
2902 955 3066 1012 hunc
3095 954 3347 1014 curare:
3382 956 3489 1013 sed
3512 957 3594 1014 ita

232 1069 317 1120 ὅτι
357 1071 459 1119 πᾶν
507 1068 660 1137 μέρος
712 1069 803 1113 τοῦ
850 1060 1002 1131 ἁγίου
1054 1065 1294 1130 σώματος
1347 1055 1505 1107 αὐτοῦ
1562 1055 1698 1113 θείας
1743 1047 1836 1103 δυ-

1945 1042 2188 1109 curavit,
2218 1048 2275 1099 ut
2301 1043 2588 1099 sciremus
2626 1060 2869 1101 omnem
2899 1050 3133 1117 partem
3159 1044 3351 1102 sancti
3384 1061 3592 1118 corpo-

234 1159 432 1228 νάμεως
470 1156 659 1225 μεστὸν
699 1147 759 1209 ἦν
812 1192 825 1205 .
881 1147 1022 1203 Ἰδού
1080 1150 1180 1223 ’γὰρ
1236 1150 1325 1197 καὶ
1373 1148 1430 1196 τὸ
1469 1142 1683 1196 πτύελον
1744 1147 1835 1192 τοῦ

1948 1134 2025 1189 ris
2055 1132 2239 1206 ipsius
2270 1132 2472 1189 divina
2513 1132 2756 1205 plenam
2794 1149 2923 1190 esse
2960 1133 3188 1191 virtute.
3238 1134 3386 1191 Ecce
3436 1134 3595 1192 enim

238 1221 511 1318 ἆλράντοῦ
567 1244 842 1312 στόματος,
901 1237 1013 1309 μεθ’
1075 1221 1277 1296 οὖντῆς
1344 1241 1543 1305 μογγῆς
1593 1230 1836 1318 γλώσσης

1950 1228 2181 1295 sputum
2212 1222 2392 1278 etiam
2440 1221 2812 1280 immaculati
2840 1223 2962 1280 oris
3002 1224 3115 1292 sui,
3158 1239 3281 1296 quo
3327 1223 3597 1294 linguam

239 1333 437 1405 ἦψατο,
488 1333 622 1390 θείας
658 1335 867 1401 μετεῖχε
910 1323 1193 1397 δυνάμεως,
1248 1328 1334 1375 καὶ
1380 1324 1551 1373 πάντα
1598 1316 1656 1372 δε
1712 1320 1837 1371 πάν-

1955 1312 2132 1382 tetigit
2181 1311 2552 1383 impeditam,
2598 1311 2868 1368 divinam
2912 1326 3157 1385 quoque
3204 1312 3602 1386 participabat

234 1440 342 1481 τως
372 1422 436 1471 τὰ
462 1423 831 1491 περιττώματα
858 1423 949 1467 τοῦ
983 1410 1289 1486 θεανδρικοῡ
1329 1418 1566 1483 σώματος
1597 1408 1725 1480 άγια
1753 1404 1834 1473 ἦν,

1955 1401 2246 1467 virtutem,
2279 1416 2349 1456 ac
2378 1402 2627 1457 omnino
2670 1407 3043 1459 excrementa
3093 1401 3275 1459 divini
3332 1402 3602 1475 corporis

237 1512 311 1571 ὡς
343 1489 586 1561 τοιούτου
639 1489 899 1579 σώματος.
945 1503 1225 1577 Ἐνήρσγουν
1278 1497 1339 1554 δε
1385 1505 1537 1572 μόνον
1594 1497 1728 1569 (58),
1756 1498 1837 1548 ὅτε

1951 1489 2153 1546 omnia
2182 1493 2393 1545 sancta
2438 1494 2621 1557 erant,
2657 1494 2860 1561 utpote
2898 1489 3029 1547 talis
3068 1490 3339 1564 corporis
3368 1490 3598 1549 :solum

238 1597 408 1657 ἤθελε,
720 1578 723 1579 ⁷
1948 1583 2149 1635 autem
2180 1578 2601 1650 operabantur,
2632 1578 2780 1635 dum
2810 1578 3003 1637 vellet.

321 1690 419 1740 Καὶ
464 1683 513 1736 ἐν
560 1692 632 1755 τῷ
683 1683 898 1753 εἰκοστῷ
956 1677 1015 1734 δε
1056 1684 1213 1755 τρίτῳ
1260 1677 1517 1751 κεφαλαίῳ
1566 1684 1657 1729 τοῦ
1708 1693 1842 1750 παρ-

2018 1667 2310 1723 Preaterea
2348 1667 2631 1724 vicesimo
2669 1666 2839 1724 tertio
2867 1668 3170 1740 praesentis
3218 1669 3604 1743 Evangelistas

247 1782 391 1837 ὁντος
458 1773 842 1845 Εύαγγελιστοῦ
912 1770 1114 1841 πτυελῳ
1186 1773 1317 1843 πρὸς
1403 1771 1495 1825 τὴν
1573 1768 1894 1839 θεραπείαν]

1955 1755 2163 1828 capite,
2198 1761 2376 1828 sputo
2407 1755 2586 1812 etiam
2611 1772 2752 1812 usus
2783 1761 2872 1813 est
2904 1756 2983 1815 ad
3039 1757 3180 1814 caci
3212 1759 3602 1825 curationem,

249 1866 521 1940 ἐχρήσατο
548 1869 640 1914 τοῦ
686 1860 899 1933 τυφλοῦ,
932 1865 1019 1911 καὶ
1068 1857 1116 1911 ἐν
1160 1866 1232 1928 τῷ
1265 1854 1466 1927 δεκάτῳ
1515 1852 1574 1908 δὲ
1611 1862 1703 1906 τοῦ
1732 1854 1843 1907 Ἰω-

1960 1844 2051 1902 Ad
2076 1844 2200 1901 haec
2229 1846 2475 1901 Joannis
2505 1844 2698 1917 capite
2727 1845 2979 1914 decimo,
3023 1846 3271 1919 quando
3317 1863 3545 1904 cmcum
3571 1863 3607 1904 a

249 1957 425 2019 άννου,
470 1953 552 2004 ὅτε
578 1954 664 2003 τὸν
707 1949 762 2002 εκ
804 1958 1008 2020 γενετῆς
1064 1949 1181 2018 (59)
1227 1945 1416 2018 τυφλὸν
1458 1945 1663 1997 ἰάσατο.
1709 1950 1845 1996 Τοῦ-

1961 1933 2258 1990 nativitate
2283 1934 2530 1990 curavit.
2560 1933 2683 1990 Hoc
2710 1939 2908 1990 autem
2937 1936 3167 2005 agebat,
3210 1939 3276 1991 ut
3311 1935 3497 1993 ﬁdem
3525 1935 3608 1992 fa—

247 2061 306 2095 το
365 2038 426 2093 δε
477 2038 636 2092 ἐποίει
690 2041 815 2114 πρὸς
888 2042 1146 2090 πίστωσιν
1207 2043 1301 2097 τῆς
1368 2036 1633 2107 ἡνωμένης
1706 2033 1847 2103 αύτῷ

1962 2026 2115 2078 ceret
2139 2021 2317 2078 unitas
2347 2021 2461 2078 sibi
2499 2022 2821 2078 divinitatis
2852 2040 2869 2078 :
2900 2039 3024 2098 quo
3062 2023 3222 2081 enim
3252 2027 3427 2097 pacto
3477 2023 3609 2081 haec

253 2133 512 2191 θεότητος.
565 2136 679 2190 Πῶς
716 2110 817 2202 φὰρ
875 2128 937 2179 ἄν
978 2124 1226 2201 ἐνήργουν
1284 2130 1467 2193 ταῦτα,
1510 2122 1553 2175 εἰ
1594 2128 1666 2195 μή
1719 2126 1850 2183 Θεὸς

1215 2146 1226 2174 ρ
1284 2130 1467 2193 ταῦτα,
1510 2122 1553 2175 εἰ
1594 2128 1666 2195 μή
1719 2126 1850 2183 Θεὸς
1955 2116 2321 2183 operaretur,
2348 2110 2461 2167 nisi
2480 2112 2635 2168 Deus
2652 2113 2862 2169 esset?

252 2236 360 2280 ηνς

326 2262 429 2362 ΙΞαὶ
459 2305 750 2378 ἀναϐλέψας
790 2337 859 2347 —
890 2304 1077 2381 ὀρθῶς.
1109 2301 1381 2374 Ἀνέϐλεψε
1409 2305 1498 2375 μεν
1526 2301 1599 2363 εἰς
1646 2303 1732 2353 τὸν
1761 2300 1850 2353 ού-

2004 2291 2193 2381 Δγονέι..
2225 2291 2314 2381 34.
2340 2290 2414 2345 Et
2441 2289 2756 2381 suspiciens
2778 2322 2845 2333 -
2869 2292 3033 2381 Vers.
3064 2293 3153 2348 35.
3188 2298 3363 2350 recte.
3399 2293 3613 2367 Suspe-

247 2401 423 2474 ρανὸν,
460 2392 732 2449 διδάσκων
761 2399 883 2456 τοὺς
920 2379 1189 2468 μέλλοντας
1239 2394 1533 2468 θεραπεύειν
1562 2393 1692 2464 πρὸς
1721 2394 1850 2445 Θεὸν

1964 2379 2044 2435 xit
2064 2380 2127 2436 in
2154 2380 2393 2447 caelum,
2424 2380 2649 2437 docens
2672 2397 2796 2447 eos,
2823 2382 2929 2454 qui
2950 2380 3097 2438 alios
3121 2385 3292 2439 erant
3323 2382 3611 2452 sanaturi,

252 2469 471 2561 αφορᾷν,
504 2490 594 2537 καὶ
620 2484 741 2559 παρ’
796 2484 955 2536 αὐτοῦ
1000 2480 1221 2554 δύναμιν
1273 2482 1432 2534 αἰτεῖν
1465 2501 1477 2511 ·
1512 2478 1744 2542 ἐστέναξε
1770 2475 1849 2545 δὲ,

1969 2469 2039 2525 ad
2071 2471 2256 2526 Deum
2281 2484 2563 2541 aspicere,
2595 2474 2653 2525 et
2681 2470 2961 2527 virtutem
2990 2470 3069 2526 ab
3099 2486 3171 2527 eo
3200 2475 3418 2543 petere.
3448 2474 3616 2542 lnge-

253 2575 704 2649 ἕπικαμπτόμενος
733 2581 842 2635 τοῖς
866 2574 1058 2625 πάθεσι
1084 2579 1175 2624 τοῦ
1211 2569 1504 2642 ἀνθρώπου,
1526 2573 1609 2621 καὶ
1640 2586 1851 2620 κατοικ-

1966 2559 2103 2615 muit
2133 2564 2356 2628 autem,
2391 2566 2588 2614 motus
2613 2558 2876 2615 hominis
2921 2558 3361 2627 afﬂictionibus,
3402 2575 3474 2617 ac
3504 2560 3613 2617 hu-

252 2671 432 2741 τείρων
484 2669 580 2724 τὴν
631 2661 952 2738 ἀνθρωπίνην
992 2664 1167 2733 φύσιν,
1225 2660 1387 2722 οὕτως
1439 2658 1852 2733 ἐπηρεαζομίνην

1965 2662 2154 2705 manas
2182 2647 2456 2703 misertus
2494 2652 2739 2713 naturai,
2780 2663 2913 2720 quas
2943 2652 3069 2704 tum
3126 2663 3164 2704 a
3205 2648 3612 2714 dmmonibus,

252 2756 357 2808 ύπό
394 2773 450 2808 τε
481 2759 645 2807 νόσων
674 2757 766 2805 καὶ
796 2748 1079 2825 δαιμόνων,
1109 2747 1203 2803 διὰ
1231 2754 1325 2809 τὴν
1346 2757 1435 2810 τῆς
1461 2748 1663 2809 ἐντολῆς
1692 2747 1856 2819 παρά-

1969 2744 2095 2794 tum
2120 2736 2655 2793 abinﬁrmitatibus
2682 2736 2835 2794 adeo
2859 2737 3179 2810 impetitur,
3211 2744 3445 2810 propter
3465 2754 3616 2812 prai-

258 2843 435 2897 ϐασιν.

1966 2827 2119 2899 cepti
2148 2825 2704 2895 transgressionem.

335 2937 438 2984 Καὶ
464 2929 786 2984 διεστείλατο
816 2959 878 2970 -
905 2928 1092 2982 λαλεῖν.
1124 2933 1228 2988 Τὴν
1250 2927 1442 2996 αἰτίαν,
1468 2923 1540 2980 δι’
1566 2926 1627 2986 ἣν
1649 2930 1856 2999 παρήγ-
2037 2918 2199 2971 Vers.
2229 2915 2313 2970 35.
2343 2914 2417 2969 Et
2439 2914 2717 2985 praecepit
2736 2916 2971 2971 —-Vers.
3000 2919 3095 2974 37.
3130 2915 3311 2987 loqui.
3338 2915 3618 2984 Causam,

263 3019 402 3093 γειλε
442 3024 615 3091 σιγᾷν,
653 3018 925 3094 εἰρήκαμεν
966 3016 1244 3091 διαφόρως.

1975 3004 2046 3062 ob
2075 3019 2261 3076 quam
2286 3007 2480 3060 tacere
2510 3002 2908 3077 praecipiebat,
2938 3004 3116 3061 variis
3146 3004 3208 3060 in
3271 3004 3416 3065 locis
3463 3004 3622 3064 dixi-

1895 3116 1937 3174 C
1971 3111 2131 3152 Inus.

567 3219 711 3269 ΚΕΦ.
744 3212 864 3270 KA'.
899 3220 1023 3288 Περὶ
1060 3233 1161 3267 των
1202 3214 1329 3267 ἐπτὰ
1359 3214 1550 3286 ἄρτων.

2306 3236 2456 3291 CAP.
2484 3235 2626 3292 XXI.
2658 3236 2743 3292 De
2763 3240 2980 3305 septem
3002 3234 3264 3306 panibus.
3366 3232 3375 3241 ’

336 3321 419 3374 Ἐν
491 3320 705 3384 ἐκείναις
770 3352 839 3364 -—-
896 3324 1135 3380 ἣκουσιν.
1210 3324 1431 3395 Εἴρηται
1491 3323 1610 3392 περὶ
1667 3322 1861 3372 τούτων

2043 3325 2212 3383 CAP.
2246 3324 2362 3380 VII.
2398 3327 2555 3381 Vers.
2586 3328 2642 3382 1.
2681 3324 2750 3380 In
2778 3324 2923 3384 illis.
2950 3356 3017 3366 —
3046 3326 3204 3380 Vers.
3240 3328 3293 3383 3.
3320 3331 3620 3382 venerunt.

260 3412 351 3464 ἐπὶ
417 3410 593 3473 τέλους
674 3417 764 3463 τοῦ
838 3417 1153 3485 τριακοστοῡ
1230 3410 1508 3483 κεφαλαίου
1572 3416 1665 3462 τοῦ
1729 3412 1864 3461 κατὰ

1976 3415 2204 3471 Dictum
2228 3419 2319 3470 est
2346 3414 2421 3470 de
2451 3414 2542 3470 his
2568 3412 2629 3470 in
2661 3412 2781 3469 ﬁne
2803 3414 3079 3469 tricesimi
3097 3412 3267 3485 juxta
3286 3414 3623 3471 Matthaaum

260 3502 552 3557 Ματθαῑον.

1973 3503 2206 3578 capitis.
3108 3568 3110 3571 λ

337 3592 440 3645 Καὶ
493 3590 851 3663 ἀπεκρίθησαν
904 3618 973 3629 --
1020 3597 1092 3660 τῷ
1148 3588 1311 3660 ὄχλῳ.
1366 3588 1587 3650 Διίξεισι
1620 3592 1711 3640 καὶ
1752 3592 1866 3662 περὶ

2046 3595 2185 3648 Vers
2214 3594 2266 3647 4.
2299 3592 2373 3648 Et
2402 3592 2858 3661 responderunt.
2902 3592 3164 3649 —-Vers.
3206 3596 3257 3649 6.
3310 3591 3518 3649 turba.
3548 3593 3629 3647 De

262 3682 464 3734 τούτων
484 3683 542 3732 τὸ
566 3681 877 3752 τριακοστὸν
914 3686 1117 3751 πρῶτον
1148 3677 1421 3750 κεφάλαιον
1449 3684 1539 3730 τοῦ
1568 3679 1701 3730 κατὰ
1731 3680 1865 3733 Ματ-

1984 3682 2067 3739 his
2098 3681 2253 3737 facta
2277 3685 2364 3737 est
2392 3680 2616 3737 mentio
2654 3680 2954 3737 tricesimo
2992 3682 3190 3753 primo
3220 3682 3413 3754 capite
3444 3684 3631 3739 Evan—

270 3769 416 3821 θαῖον
427 3810 439 3823 .

1977 3769 2112 3841 gelii
2144 3770 2479 3826 secundum
2506 3770 2863 3826 Matthmum.
3382 3798 3384 3801 -

344 3859 444 3908 Καὶ
488 3852 632 3929 εἶχον
660 3887 731 3897 —
788 3855 995 3917 αύτούς.
1041 3862 1141 3910 Καὶ
1182 3864 1350 3909 ταῦτα
1383 3855 1432 3908 ἓν
1483 3855 1656 3928 ἐκείνῳ
1696 3858 1872 3932 ἡρμή-

2050 3861 2213 3916 Vers-
2236 3863 2267 3915 ’7
2291 3859 2369 3913 Et
2404 3857 2688 3915 habebant
2734 3890 2805 3901 —
2836 3859 3001 3916 Vers.
3051 3863 3249 3917 9..eos.
3283 3859 3474 3917 Etiam
3503 3858 3633 3916 haec

266 3963 465 3997 νευται.

1980 3949 2061 4006 ibi
2093 3947 2390 4005 declarata
2422 3952 2577 4004 sunt.

348 4037 450 4086 Καὶ
494 4032 673 4095 εὐθέως
721 4065 791 4076 -
848 4034 1023 4089 αὐτόν.
1065 4034 1204 4088 Ἐκεῖ
1247 4035 1337 4088 καί
1377 4039 1496 4109 περὶ
1548 4037 1744 4089 τούτων
1796 4034 1873 4111 ἐρ-

2052 4039 2215 4095 Vers.
2245 4040 2336 4095 10.
2361 4037 2438 4092 Et
2465 4036 2669 4094 statim
2697 4067 2765 4078 —-
2789 4036 2955 4094 Vers.
2985 4040 3067 4096 11.
3092 4052 3240 4096 eum.
3281 4038 3364 4095 lbi
3392 4052 3635 4112 quoque

268 4122 436 4197 ῥήθη.

1980 4128 2055 4185 de
2078 4127 2170 4183 his
2199 4126 2424 4183 dictum
2454 4132 2560 4181 est.

350 4216 451 4264 Καὶ
492 4209 839 4275 ἀναστενάξας
891 4243 955 4255 -
1009 4213 1247 4274 ίπιζητεί
1303 4213 1568 4287 ςὈμοίως
1617 4218 1706 4267 καὶ
1756 4218 1875 4289 περὶ
1906 4268 1950 4289 n

2056 4218 2223 4272 Vers.
2267 4219 2349 4271 12.
2383 4216 2645 4287 Cumque
2662 4215 3035 4286 ingemuisset
3063 4247 3133 4257 -
3152 4216 3404 4288 requirit
3429 4215 3642 4273 ?Simi—

270 4302 489 4355 τούτων.
536 4306 607 4354 Τὸ
649 4298 727 4371 δὲ,
760 4306 824 4354 Τί
855 4309 1090 4374 σημεῖον,
1128 4302 1241 4356 ἀντὶ
1272 4310 1382 4369 τοῦ,
1416 4304 1590 4356 ὁποῖον
1638 4310 1873 4377 σημεῖον,
1907 4298 1917 4324 ³

1991 4308 2115 4362 liter
2138 4310 2197 4361 et
2245 4304 2320 4360 de
2361 4303 2476 4359 his.
2522 4309 2586 4357 Τί
2630 4320 2770 4361 vero
2823 4305 3160 4376 significare
3202 4310 3399 4377 potest
3446 4306 3638 4377 quid:

271 4388 344 4442 Ἦ
366 4394 437 4456 τί,
466 4388 583 4442 ἀντὶ
621 4397 735 4457 τοῦ,
764 4387 799 4442 δ
805 4395 939 4449 ιατί.
975 4397 1144 4463 Ἔγνω
1172 4392 1286 4464 (60)
1314 4394 1414 4467 γὰρ
1445 4397 1539 4452 τήν
1575 4392 1764 4464 αἰτίαν,
1802 4389 1875 4445 δι’

1998 4396 2049 4452 id
2078 4401 2182 4466 est,
2216 4395 2292 4451 ad
2320 4393 2467 4466 quid
2494 4392 2524 4447 Τ
2544 4409 2734 4465 quare
2756 4393 2784 4448 ?
2811 4394 2979 4462 Quod
3012 4407 3024 4447 :
3062 4395 3177 4450 hoc
3209 4399 3321 4459 est,
3361 4396 3537 4467 quale
3570 4395 3645 4451 si-

275 4478 338 4536 ἣν
366 4486 603 4532 τοιούτου
632 4487 845 4552 σημεῖον
876 4480 1175 4542 ἐπεζήτουν.

2000 4482 2219 4557 gnum?
2248 4483 2472 4540 sciebat
2500 4498 2782 4555 namque,
2817 4482 2894 4538 ob
2937 4498 3124 4556 quam
3144 4498 3393 4539 causam
3444 4484 3647 4555 hujus-

1990 4573 2155 4631 modi
2182 4573 2423 4642 signum
2451 4572 2836 4642 requirerent.
3384 4620 3391 4625 .

352 4657 518 4729 Ἀμὴν
550 4656 683 4729 λέγω
707 4687 777 4699 -
806 4660 969 4731 ταύτῃ
1014 4665 1247 4731 σημεῖον.
1306 4656 1394 4731 [Εἰ
1424 4654 1734 4724 δοθήσεται,
1766 4656 1882 4711 ἀντὶ

2062 4665 2226 4719 Vers.
2266 4661 2354 4716 12.
2378 4661 2551 4716 Amen
2576 4660 2701 4716 dico
2723 4690 2792 4700 —
2824 4659 2959 4715 huic
2994 4661 3243 4730 signum.
3293 4659 3353 4714 Si
3387 4659 3648 4726 dabitur,

278 4752 397 4815 τοῦ,
437 4745 497 4797 ού
556 4741 854 4805 δοθήσεται.
898 4744 1120 4821 ’ἰδίωμα
1151 4750 1252 4821 γὰρ
1292 4755 1445 4801 τοῦτο
1487 4755 1584 4809 τῆς
1610 4743 1884 4823 Ἐϐραίδος

2006 4753 2057 4809 id
2086 4755 2195 4815 est,
2234 4766 2356 4807 non
2386 4747 2661 4806 dabitur:
2709 4748 2827 4804 hoc
2878 4747 3041 4803 enim
3075 4748 3295 4819 linguae
3350 4748 3653 4805 Hebraicis

284 4832 564 4888 διαλέκτου
574 4873 586 4886 .

1997 4842 2224 4900 idioma
2252 4844 2358 4895 est.

364 4928 466 4977 Καὶ
533 4922 677 4997 ἀφεὶς
745 4926 934 4990 αὐτοὺς
997 4958 1064 4969 --
1114 4929 1187 4992 εἰς
1252 4932 1308 4982 τὸ
1370 4932 1550 5004 πέραν.
1618 4928 1734 4982 Ἔτι
1799 4936 1889 4983 καὶ

2072 4933 2233 4997 Vers,
2262 4932 2352 4985 13.
2384 4928 2461 4984 Et
2480 4926 2728 4984 dimissis
2756 4928 2834 4983 eis
2861 4956 2932 4967 —
2968 4927 3029 4981 in
3057 4926 3397 4983 ulteriorem
3436 4941 3652 4997 ripam.

281 5019 405 5090 περὶ
434 5015 626 5067 τούτων
665 5013 714 5067 ἐν
743 5013 914 5089 ἐκείνῳ
942 5025 1016 5089 τῷ
1046 5018 1304 5091 κεφαλαίῳ
1335 5015 1654 5078 διείληπται.

2006 5020 2299 5077 Praeterea
2326 5021 2383 5074 et
2401 5016 2476 5073 de
2502 5016 2595 5071 his
2634 5015 2696 5071 in
2722 5014 2823 5071 illo
2857 5015 3047 5088 capite
3075 5013 3451 5087 disputatum
3476 5020 3585 5073 est.

1497 5196 1727 5266 Varias
1782 5198 2114 5271 lectiones
2146 5206 2217 5270 et
2254 5204 2458 5265 notae.

363 5388 477 5466 (58)
517 5395 706 5459 Μόνον,
735 5390 927 5459 abest,
961 5392 1029 5448 Α.

2022 5395 2296 5466 leguntur
2325 5407 2361 5449 a
2387 5407 2519 5465 cap,
2574 5407 2668 5447 vui
2701 5406 2851 5457 vers,
2887 5390 2973 5466 12,
3016 5405 3053 5447 a
3087 5388 3287 5466 verbis
3326 5388 3484 5466 ᾄμὴν,
3534 5389 3669 5463 λέγω

388 5461 480 5543 Ψ)
522 5468 791 5543 Emittis:
837 5469 905 5519 Α·
1091 5534 1104 5543 .
1179 5534 1191 5543 .
1314 5536 1325 5543 .
1381 5538 1390 5543 .
1577 5539 1585 5543 .
1652 5534 1683 5543 ,.
1777 5535 1788 5543 .
1852 5536 1862 5543 .
2017 5469 2035 5520 ί

2023 5461 2272 5543 ὑμὶν,βά
2320 5461 2476 5543 cap;
2504 5479 2628 5543 vni,
2675 5478 2828 5543 vers.
2882 5462 2971 5530 34,
3012 5461 3211 5543 verba,
3257 5461 3520 5543 μαθηταῖς

363 5463 480 5605 ἑδθ)
522 5468 791 5533 Γεννητῆςν
837 5469 905 5519 Α·
2017 5463 2161 5540 ὐμῖῖν,
2193 5465 2272 5521 ad
2320 5463 2475 5536 cap.‘
2507 5479 2628 5529 vui,
2675 5478 2828 5518 vers.
2882 5463 2971 5530 34,
3012 5463 3211 5526 verba,
3257 5463 3520 5534 μαθηταῖς
3563 5466 3671 5543 ,αύ-

388 5538 478 5609 ρο)
520 5536 651 5609 Haec
675 5535 886 5609 ultima
916 5551 1059 5609 pars
1090 5534 1270 5607 hujus
1311 5534 1824 5609 interpretationis
1840 5536 1913 5609 in
2021 5545 2115 5591 τού
2148 5536 2303 5609 εἶπεν.
2345 5536 2404 5609 in
2432 5534 2911 5609 interpretatione
2935 5540 3134 5592 autem
3159 5549 3290 5609 quas
3320 5534 3673 5601 exciderint,

290 5605 498 5680 codice
529 5605 567 5658 Β
594 5605 865 5680 radendo
896 5605 1134 5664 sublata
1175 5605 1286 5663 est.
1314 5605 1664 5680 Praeterea,
1688 5608 1918 5666 excide-
2026 5609 2120 5668 his
2150 5608 2339 5680 signis
2382 5605 2473 5679 ["]
2508 5605 2789 5665 iudicavi.

289 5682 435 5734 runt
471 5678 692 5733 haeczln
722 5681 1001 5735 contextu
1030 5694 1196 5735 sacro
1225 5678 1468 5751 quidem
1496 5696 1594 5737 om
1610 5679 1921 5760 nino,quee
2044 5710 2049 5713 ι
