4170 6364
642 318 749 375 815
1973 318 2289 377 EUTHYM]

2395 319 2707 377 EIGABENI
3924 328 4042 384 816

854 444 1007 499 CAP.
1044 445 1201 500 xxu.
1220 445 1303 502 De
1330 445 1617 516 fermento
1647 446 2075 503 Pharisaeorum.
2324 447 2371 500 A

2569 453 2721 502 ΚΕΦ.
2763 449 2864 500 ΚΒ’
2897 453 3020 522 Περὶ
3051 458 3147 512 τῆς
3179 451 3352 522 ζύμης
3381 459 3480 504 τῶν
3512 457 3835 526 Φαρισαίων.

710 534 872 589 Vers.
905 534 991 589 14.
1024 532 1096 588 Et
1124 534 1295 590 obliti
1334 538 1473 590 sunt
1500 565 1566 574 —
1599 536 1758 590 Vers.
1792 536 1878 590 15.
1913 536 2186 591 Herodis.
2213 538 2291 591 De

2477 541 2574 588 Καὶ
2632 534 2933 590 ἐπελάθοντο
3005 571 3063 578 -
3110 540 3281 611 ζύμης
3330 538 3587 612 Ἡρώδου.
3644 546 3771 617 Περὶ
3816 546 4037 595 τούτων

634 620 727 677 his
747 621 920 695 plene
939 623 1204 679 invenies
1251 623 1552 680 tricesimo
1579 622 1844 680 secundo
1884 625 2075 698 capite
2106 624 2281 682 Evan-

2401 625 2638 698 εὑρήσεις
2678 623 2904 698 ἀκριϐῶς
2947 625 2993 678 ἐν
3023 636 3091 697 τῷ
3139 637 3434 700 τριακοστῷ
3494 626 3715 703 δευτέρῳ
3747 632 4035 704 κεφαλαίῳ

633 708 773 781 gelii
796 711 1133 768 secundum
1170 711 1540 769 Matthaaum.

1307 712 1540 768 “.haaum.
2398 719 2490 764 τοῦ
2512 715 2645 764 κατά
2668 716 2954 771 Ματθαῖον.

704 798 872 856 Vers.
904 804 994 859 16.
1024 801 1103 857 Et
1130 802 1515 871 conferebant
1555 833 1622 842 —
1660 802 1817 858 Vers.
1854 803 1938 860 18.
1970 818 2076 860 nec
2105 819 2287 859 recor-

2474 807 2573 854 Kal
2604 800 2956 876 διελογίζοντο
2988 837 3050 846 -
3088 805 3146 858 οὐ
3173 808 3512 879 μνημονεύετε
3545 823 3557 875 ;
3604 812 3703 861 Καὶ
3736 813 3869 885 περὶ
3905 815 4032 862 τού-

632 887 904 946 damini?
927 892 1214 946 Praeterea
1251 893 1307 946 et
1344 889 1417 946 de
1443 890 1555 946 his.
2398 911 2516 944 των.

704 978 862 1034 Vers.
896 978 983 1036 I9.
1014 978 1262 1045 Quando
1284 1010 1353 1020 —
1382 980 1544 1035 Vers.
1577 984 1664 1035 21.
1685 979 2067 1037 consideratis
2095 979 2288 1035 7Prae-

2465 978 2589 1033 Ὀτε
2621 1013 2681 1021 -
2734 981 2791 1033 οὐ
2840 988 3038 1036 συνίετε
3068 1003 3084 1055 ;
3118 989 3429 1059 Σαφέστερον
3458 987 3482 1037 ὀ
3510 988 3785 1049 Ματθαῖος
3814 991 3885 1039 τὸ
3922 1009 4026 1040 παι

630 1082 767 1123 sens
796 1073 978 1139 caput
1017 1068 1388 1125 manifestius
1419 1069 1655 1142 scripsit
1692 1070 1996 1127 Matthaeus
2035 1088 2047 1123 :
2084 1085 2277 1144 quaere

2395 1070 2484 1141 ρόν
2513 1070 2786 1141 κεφάλαιον
2816 1069 3092 1144 ἀνέγραψε.
3144 1078 3244 1127 Καὶ
3295 1074 3527 1135 ζήτησον
3584 1075 3690 1128 ἐκεῖ
3718 1082 3850 1149 περὶ
3881 1082 4029 1129 πάν-

630 1169 772 1228 ergo
802 1155 885 1212 ibi
922 1154 997 1212 de
1023 1156 1323 1213 omnibus.
2395 1176 2512 1208 των.

1100 1300 1255 1357 CAP.
1299 1301 1487 1358 XXIII.
1528 1302 1613 1358 De
1633 1316 1805 1358 caeco.

2786 1308 2931 1358 ΚΕΦ.
2968 1302 3084 1359 Kl".
3114 1308 3238 1377 Περὶ
3272 1312 3364 1357 τοῦ
3388 1305 3602 1377 τυφλοῦ.

696 1388 860 1444 Vers.
899 1391 988 1443 22.
1022 1389 1099 1445 Et
1124 1391 1280 1446 venit
1306 1420 1375 1431 —
1406 1390 1571 1447 Vers.
1614 1394 1892 1460 23.'ea:tra
1921 1391 2126 1446 vicum.
2156 1394 2280 1447 Non

2466 1393 2566 1441 Kal
2598 1391 2811 1464 ἔρχεται
2860 1423 2923 1433 —-
2962 1393 3057 1455 ἔξω
3109 1402 3199 1455 τῆς
3229 1400 3430 1465 κώμης.
3487 1396 3562 1448 Οὐ
3613 1400 3715 1470 γὰρ
3757 1395 3913 1457 ἦσαν
3975 1404 4022 1453 οἱ

608 1477 787 1534 enim
811 1476 977 1547 digni
992 1482 1161 1535 erant
1176 1479 1286 1535 vici
1316 1478 1472 1535 illius
1502 1479 1736 1550 incolat,
1771 1484 1834 1535 ut
1858 1479 1980 1535 ﬂeri
2007 1479 2255 1536 videren

2389 1484 2485 1538 τῆς
2513 1484 2689 1551 κώμης
2713 1482 2911 1541 ταύτης
2941 1482 3210 1556 οἰκήτορες
3238 1483 3376 1545 ἄξιοι
3409 1486 3697 1538 θεάσασθαι
3724 1493 4014 1561 γινόμενον

620 1565 959 1637 hujusmoni
995 1568 1376 1625 miraculum.
1405 1572 1551 1625 Nam
1569 1585 1711 1626 cum
1751 1569 1867 1627 alia
1883 1568 2071 1626 multa
2098 1568 2267 1626 vidis.

2388 1569 2446 1617 τὸ
2472 1574 2703 1620 τοιοῦτον
2735 1570 2928 1641 θαῦμα.
2964 1570 3135 1623 Πολλὰ
3171 1574 3273 1645 γὰρ
3300 1572 3430 1625 ἄλλα
3462 1575 3792 1647 θεασάμενοι,
3837 1598 4011 1651 μεμε-

621 1660 771 1727 sent,
813 1662 1162 1715 manserant
1190 1658 1501 1715 increduli.

1219 1658 1478 1715 ncreduli
1488 1697 1501 1712 .
2386 1660 2621 1715 νήκασιν,
2630 1658 2866 1735 ᾄπιστοι.

690 1747 855 1856 Vel-Ls.
896 1752 985 1856 23.
1010 1749 1234 1805 Etcum
1263 1750 1577 1856 exspuisset
1617 1781 1684 1792 —
1715 1749 1958 1856 videret.
1994 1751 2179 1821 Sputo
2210 1766 2275 1806 ac
2308 1800 2337 1856 Ε

2460 1749 2560 1798 Καὶ
2597 1749 2801 1808 πτύσας
2834 1778 2899 1789 --
2937 1747 3134 1820 βλέπει.
3173 1752 3452 1822 Πτύσματι
3509 1756 3599 1804 καί
3626 1758 3790 1827 χερσὶ
3859 1766 3965 1809 τοῦ
3993 1780 4004 1791 ·

2386 1852 2468 1856 ___.
2508 1833 2621 1856 ξι--.
2704 1831 2751 1856 ,9.
2852 1840 2861 1853 ι
2957 1838 2975 1849 ⁴
3142 1838 3168 1856 ι-
3305 1842 3315 1855 1
3477 1840 3494 1856 ς
3518 1845 3527 1853 ο
3744 1848 3752 1856 .
3897 1848 3960 1856 _..

620 1836 901 1893 manibus
931 1838 1092 1893 hunc
1123 1844 1309 1903 sanat,
1344 1838 1685 1903 ostendens,
1713 1838 1880 1909 quod
1910 1853 2107 1893 sermo
2137 1854 2267 1894 con-

2467 1854 2469 1869 ι
2504 1833 2665 1899 ἰᾶται,
2698 1831 2921 1900 δεικνὺς,
2950 1838 3030 1889 ὄτι
3065 1838 3455 1911 συζευγνύμενα
3477 1840 3628 1911 λόγος
3671 1848 3760 1895 καὶ
3803 1848 4007 1918 πρᾶξις

611 1928 856 1995 junctus
884 1925 1165 1997 operibus
1197 1926 1557 1982 miraculum
1596 1906 1833 1998 operari
1886 1931 2105 1998 potest.
2146 1928 2258 1982 Ser-

2477 1942 2627 1995 »ματα
2656 1923 2971 1996 ἐργάζεσθαι
2994 1906 3262 1980 δύνανται.
3294 1906 3654 2003 ΣυμϐολαΠγὰρ
3689 1906 3855 2001 λόγου
4114 1906 4117 1999 γη

615 2013 813 2069 monis
838 2013 1333 2084 quidemsignum
1360 2019 1701 2087 estsputum
1727 2030 1739 2069 :
1763 2019 2084 2085 utrumque
2112 2016 2262 2072 enim

2380 2014 2438 2063 τὸ
2469 2014 2705 2085 πτύσμα·
2734 2019 2823 2066 καὶ
2862 2016 3015 2087 ἄμφω
3044 2017 3142 2088 γὰρ
3172 2014 3273 2069 ἀπὸ
3332 2026 3423 2070 τοῦ
3455 2023 3714 2091 στόματος
3746 2019 4006 2094 ἐξέρχον-

613 2100 692 2157 ab
722 2116 823 2157 ore
851 2101 1152 2171 egreditur
1178 2121 1192 2156 :
1224 2103 1423 2174 operis
1451 2118 1613 2169 vero,
1645 2116 1883 2157 manus.
1920 2102 2260 2157 Sermonem

2380 2119 2468 2153 ται
2501 2122 2512 2134 ·
2540 2102 2773 2177 πράξεως
2804 2100 2879 2174 δὲ,
2916 2106 2971 2155 αἱ
2996 2112 3193 2179 χεῖρες.
3220 2110 3389 2178 Λόγον
3420 2104 3481 2161 δε
3510 2108 3640 2181 λέγω
3670 2113 3758 2162 τὸν
3791 2109 4000 2165 ἐπαινε-

610 2193 815 2248 autem
838 2190 973 2249 dico
1000 2191 1181 2251 laude
1221 2193 1471 2265 dignum
1506 2210 1518 2247 :
1563 2192 1831 2248 similiter
1880 2196 1936 2247 et
1973 2193 2257 2263 aperatio-

1393 2210 1471 2249 Im
1506 2210 1518 2247 :
1563 2192 1831 2248 similiter
1880 2196 1936 2247 et
1973 2193 2267 2263 aperatio-
2377 2193 2485 2259 τὸν,
2515 2196 2602 2243 καὶ
2622 2191 2810 2266 πρᾶξιν
2836 2193 3040 2264 ὁμοίως.

609 2293 770 2337 nem.

679 2368 902 2427 Dictum
928 2373 1019 2427 est
1047 2374 1249 2427 autem
1267 2370 1341 2427 de
1367 2369 1545 2427 simili
1576 2369 1758 2426 altero
1784 2385 2028 2443 quoque
2058 2369 2263 2436 modo,

2446 2389 2666 2460 Εἴρηται
2692 2382 2857 2439 δὲκαὶ
2882 2392 3071 2462 τρόπον
3090 2386 3257 2464 ἓτερον
3282 2388 3332 2442 ἐν
3360 2399 3430 2444 τῶ
3469 2392 3687 2465 εἰκοστῷ
3718 2396 3991 2468 κεφαλαίῳ

605 2458 891 2517 vicesimo
920 2460 1118 2533 capite
1155 2460 1468 2532 prmsentis
1498 2459 1812 2530 Evangelii.

2372 2482 2464 2527 τοῦ
2493 2457 2747 2548 παρέντος
2773 2457 3106 2548 Εὐαγγελίου.
3168 2457 3177 2464 1
3657 2457 3665 2465 ’
3785 2457 3796 2468 ⁸
3962 2457 3971 2471 ⁸

676 2548 872 2607 Primo
917 2565 1061 2607 vero
1116 2566 1337 2607 caecum
1393 2550 1557 2606 hunc
1612 2548 1952 2621 imperfecte
2011 2548 2256 2615 curavit,

2443 2564 2659 2625 Ἀτελῶς
2688 2561 2747 2616 δὲ
2770 2568 2858 2616 τὸν
2887 2566 3075 2637 τυφλὸν
3096 2574 3274 2620 τοῦτον
3305 2567 3661 2642 ἐθεράπευσεν,
3689 2576 3763 2635 ὡς
3786 2572 3985 2639 ἀτελῶς

605 2642 807 2711 utpote
836 2640 1183 2712 imperfecte
1213 2640 1595 2696 credentem:
1638 2639 1774 2695 ideo
1804 2639 1986 2695 etiam
2016 2638 2252 2696 interro-

2369 2654 2701 2706 πιστεύοντα.
2736 2657 2823 2705 Διὸ
2857 2659 2947 2706 καὶ
2979 2653 3312 2728 ἐπηρώτησεν
3369 2658 3543 2727 αὐτὸν,
3588 2663 3631 2712 εἰ
3668 2680 3718 2713 τι
3768 2660 3974 2735 βλέπει,

606 2728 769 2799 gavit
805 2744 964 2800 eum,
992 2729 1040 2785 si
1070 2729 1219 2801 quid
1248 2729 1504 2793 vederet,
1548 2734 1613 2783 ut
1642 2728 1747 2799 qui
1785 2744 2003 2800 parum
2059 2729 2253 2785 adhuc

2371 2742 2454 2793 ἵνα
2477 2745 2662 2817 μικρὸν
2696 2740 3004 2813 ἀναϐλέψας,
3036 2743 3138 2797 ἀπὸ
3167 2753 3261 2808 τῆς
3291 2753 3483 2818 μικρᾶς
3514 2749 3680 2820 ὄψεως
3707 2756 3972 2820 πιστεύσῃ

600 2816 972 2888 respiciebat,
1005 2832 1111 2890 per
1146 2817 1443 2873 modicum
1484 2821 1799 2889 aspectum
1835 2820 2097 2873 crederet
2126 2834 2247 2889 peri

2369 2830 2684 2903 τελεώτερον,
2750 2836 2835 2884 καὶ
2889 2832 3006 2905 ἰαθῇ
3071 2833 3385 2910 τελεώτερον.
3457 2842 3617 2910 Σοφός
3671 2841 3765 2910 γόῳ
3817 2840 3969 2892 ἔστιν

598 2903 811 2961 tectius
842 2920 914 2962 ac
942 2910 1257 2964 sanaretur
1284 2905 1603 2979 perfectius
1628 2922 1642 2961 :
1684 2905 1925 2978 sapiens
1951 2906 2111 2962 enim
2134 2912 2259 2964 erat
2372 2918 2565 2993 ἰατρός,

599 2994 893 3051 medicus.

668 3084 831 3143 Vers.
868 3087 957 3142 24.
986 3085 1390 3158 Etrespiciens
1418 3115 1490 3129 —
1533 3084 1795 3143 homines
1845 3084 2126 3154 Obscura,
2172 3087 2257 3144 vi-

591 3113 831 3230 delvi:;:.
868 3113 957 3142 ﬁt.
986 3113 1066 3141 ne
1088 3113 1389 3158 respectans
1418 3115 1490 3129 —
1533 3113 1795 3143 ιιυυιιησδ
1845 3113 2126 3154 uusuurc,
2178 3113 2257 3144 γι·
2289 3152 2330 3209 C
2439 3117 2543 3170 Καὶ
2565 3113 2854 3187 ἀναϐλέψας
2885 3148 2947 3157 -
2981 3121 3097 3180 τοὺς
3116 3116 3450 3193 ἀνθρώποως.
3486 3119 3764 3196 Αμυδρῶς,
3802 3122 3974 3184 δηλο-

2364 3209 2491 3258 νότι.

661 3263 825 3319 Vcrs.
863 3264 953 3320 24.
989 3263 1279 3332 Quoniam
1298 3264 1456 3322 vetui
1478 3295 1543 3306 —
1578 3263 1963 3323 ambulantes.
2011 3267 2255 3339 Propter

631 3352 751 3378 ιη..-
786 3351 1205 3378 Annua-.-“
1246 3354 1323 3378 ι-..

2431 3293 2551 3347 Ὀτι
2590 3296 2660 3356 ὡς
2706 3326 2775 3334 -
2825 3304 3256 3369 περιπατοῦντας.
3310 3300 3406 3352 Διὰ
3457 3305 3552 3358 τὴν
3623 3298 3977 3378 ἀμυδρότητα

588 3352 753 3409 visus
782 3351 1211 3411 obscuritatem
1244 3354 1325 3427 (ῃ)

2360 3380 2455 3445 τῆς
2520 3382 2705 3454 ὅψεως.
2755 3386 2825 3437 Τὸ
2878 3351 2957 3437 ἑτι
3021 3387 3283 3459 παρέλκει,
3331 3388 3449 3440 καθ’
3495 3351 3970 3465 ἘϐραίκόνΓὶδίω-

2361 3493 2453 3545 μα.

661 3548 827 3606 Vers.
858 3550 947 3607 25.
995 3550 1210 3607 Deinde
1254 3566 1461 3608 rursus
1509 3582 1578 3594 -
1606 3567 1809 3608 omnes.
1844 3554 2248 3622 Augmentum

2429 3558 2554 3614 Εἶτα
2577 3561 2728 3614 πάλιν
2752 3592 2823 3603 --
2859 3561 3111 3625 ἅπαντας.
3135 3562 3193 3616 Ἠ
3225 3560 3465 3627 ἐπίδοσις
3483 3575 3580 3628 τῆς
3604 3574 3835 3632 πίστεως
3851 3568 3968 3623 ἐπί-

588 3639 728 3695 ﬁdei
746 3645 1142 3712 augmentum
1158 3641 1485 3714 promeruit
1516 3640 1808 3698 sanitatis.

1805 3683 1808 3694 .
2357 3647 2509 3703 δοσιν
2539 3651 2678 3721 αὐτῷ
2709 3658 2796 3713 τῆς
2826 3653 2996 3723 ὑγείας
3028 3658 3452 3726 περιεποιήσατο.

661 3738 816 3794 Vers.
857 3741 946 3794 26.
975 3738 1054 3795 Et
1091 3737 1313 3794 dimisit
1351 3770 1411 3781 -ο
1450 3741 1512 3795 in
1564 3740 1699 3796 vico-
1762 3740 2010 3811 Propter
2034 3755 2244 3796 eorum

2428 3745 2528 3792 Kal
2569 3738 2861 3792 ἀπέστειλεν
2907 3772 2971 3780 —
3004 3740 3052 3793 ἐν
3089 3749 3152 3813 τῇ
3205 3751 3377 3815 κώμη.
3434 3747 3527 3797 Διὰ
3568 3751 3663 3804 τήν
3709 3746 3966 3802 ἀπιστίαν

585 3826 1082 3896 incredulitatem,
1122 3828 1227 3900 qui
1267 3827 1325 3883 in
1355 3828 1453 3885 illo
1483 3834 1671 3897 erant,
1718 3834 1775 3885 et
1802 3844 1876 3885 ne
1906 3828 2087 3886 ﬁdem
2112 3830 2232 3900 ejus

2481 3828 2529 3881 ἐν
2556 3828 2708 3901 αὐτῇ,
2743 3833 2831 3881 καὶ
2863 3831 2945 3882 ἵνα
2972 3834 3044 3903 μὴ
3104 3828 3473 3906 διαστρέψωσι
3514 3839 3611 3893 τήν
3662 3841 3842 3891 πίστιν
3872 3840 3967 3892 αὖ·

585 3923 997 3989 perverterent.

821 3923 997 3973 erent.
2352 3926 2465 3972 τοῦ.

723 4024 874 4080 CAP.
902 4022 1083 4080 XXIV.
1126 4024 1210 4079 De
1234 4022 1687 4095 interrogatione
1710 4023 1774 4078 in
1810 4024 2091 4081 Casarea.

2461 4032 2605 4080 ΚΕΦ.
2644 4025 2761 4082 ΚΔ’.
2791 4029 2914 4099 Περὶ
2947 4034 3042 4089 τῆς
3072 4024 3119 4078 ἓν
3145 4033 3435 4102 Καισαρείᾳ
3461 4028 3849 4103 ἐπερωτήσεως.

658 4111 817 4178 Vers.
849 4112 937 4167 27.
969 4113 1047 4168 Et
1074 4112 1256 4199 exivit
1282 4142 1350 4152 —
1376 4112 1540 4167 Vers.
1575 4116 1642 4168 28
1670 4112 2116 4181 prophetarum.
2150 4114 2242 4170 Di-

2424 4120 2525 4169 Kal
2597 4114 2802 4177 ἐξῆλθεν
2870 4147 2938 4154 -
3015 4125 3115 4169 τῶν
3179 4125 3477 4189 προφητῶν.
3551 4124 3772 4195 Εἴρηται
3836 4131 3958 4199 περὶ

584 4204 749 4258 ctum
777 4203 870 4256 est
907 4200 983 4256 de
1019 4200 1112 4255 his
1143 4198 1445 4257 tricesimo
1482 4201 1650 4257 tertio
1690 4200 1881 4273 capite
1903 4203 2075 4274 juxta
2100 4204 2231 4260 Mat-

2350 4207 2544 4257 τούτων
2575 4203 2622 4255 ἑν
2651 4212 2720 4274 τῷ
2752 4213 3043 4277 τριακοστῷ
3057 4210 3212 4280 τρίτῳ
3242 4206 3502 4279 κεφαλαίῳ
3530 4217 3625 4261 τοῦ
3648 4215 3786 4263 κατὰ
3812 4198 3956 4266 Ματ-

585 4290 830 4345 ιιιωυω.
2354 4295 2517 4347 θαῖον.

652 4377 815 4434 Vers.
849 4380 938 4434 29.
970 4379 1049 4435 Et
1072 4380 1195 4449 ipse
1232 4408 1289 4420 -
1329 4379 1488 4436 Vers.
1521 4383 1608 4436 30.
1648 4380 1715 4438 de
1761 4397 1835 4437 se.
1888 4380 2077 4438 Etiam
2116 4382 2240 4440 haec

2425 4386 2524 4434 Kal
2551 4380 2704 4444 αὐτὸς
2735 4412 2803 4423 -
2827 4386 2945 4458 περὶ
2972 4382 3151 4440 αὐτοῦ.
3194 4386 3294 4436 Καὶ
3324 4391 3491 4438 ταῦτα
3517 4383 3567 4437 ἓν
3597 4384 3769 4459 ἐκείνῳ
3795 4385 3952 4463 διηρ-

581 4466 661 4526 ad
681 4482 949 4538 unguem
969 4467 1275 4526 declarata
1295 4473 1432 4525 sunt
1450 4469 1661 4525 eodem
1694 4470 1908 4543 capite.

1391 4473 1432 4525 It
1450 4469 1661 4525 eodem
1694 4470 1925 4561 capite.
2270 4506 2317 4561 D
2348 4473 2682 4561 μηνεύθησαν
2699 4471 3038 4561 λεπτομερῷς.

652 4558 812 4614 Vers.
846 4559 933 4614 31.
1002 4557 1301 4629 σκρίιᾳαε
1351 4588 1419 4599 -
1468 4572 1797 4631 resurgere.
1846 4559 1931 4617 Ibi
1991 4576 2236 4635 quoque
2270 4557 2299 4561 ”

2294 4557 2305 4561 ’
2421 4566 2520 4614 Kal
2564 4560 2757 4635 ήρξατο
2820 4593 2883 4601 -
2940 4560 3245 4621 ἀναστῆναι.
3282 4561 3416 4616 Ἐκεῖ
3479 4568 3568 4616 καὶ
3599 4569 3706 4637 περὶ
3746 4566 3941 4617 τούτων

583 4647 658 4704 de
679 4646 774 4703 his
805 4646 1033 4705 dictum
1063 4653 1169 4704 est.

916 4654 1033 4704 tum
1063 4653 1169 4704 est.
2346 4651 2563 4726 ἐῤῥήθη.

654 4736 821 4793 Vers.
853 4741 941 4793 32.
996 4737 1074 4792 Et
1098 4744 1299 4806 aperte
1322 4766 1391 4776 —-
1420 4736 1784 4809 loquebatur.
1836 4738 2133 4795 Manifeste
2163 4756 2233 4797 ac

2419 4746 2517 4793 Kal
2543 4738 2712 4815 παῤῥη
2723 4743 2813 4812 σία
2832 4770 2903 4780 -
2918 4738 3098 4793 ἐλάλει.
3127 4744 3359 4814 ⁴βανερώς
3378 4746 3469 4794 καὶ
3491 4738 3936 4815 ἀπαρακαλύπτως

582 4826 711 4882 sine
742 4826 861 4882 ullo
882 4830 1224 4897 tegumento
1254 4826 1414 4881 hunc
1446 4826 1681 4882 dicebat
1707 4843 2067 4883 sermonem.

1373 4842 1414 4880 1c
1446 4826 1681 4882 dicebat
1707 4843 2067 4883 sermonem.
2342 4834 2428 4883 τὸν
2455 4831 2603 4902 λόγον
2628 4837 2808 4881 τοῦτον
2840 4827 3020 4883 ἐλάλει.

654 4917 817 4972 Vers.
849 4920 935 4972 32.
971 4917 1050 4970 Et
1073 4915 1462 4985 apprehendit
1485 4946 1555 4957 -—-
1584 4916 1743 4972 Vers.
1787 4920 1873 4973 33.
1908 4917 2228 4977 hominum.

2418 4925 2517 4972 Kal
2546 4917 2963 4991 προσλαϐόμενος
2995 4948 3064 4958 -
3111 4926 3208 4971 τῶν
3263 4917 3563 4993 ἀνθρώπων.
3607 4919 3827 4994 Ὁμοίως
3856 4927 3944 4975 καὶ

582 5005 861 5062 Similiter
887 5009 945 5062 et
963 5004 1038 5060 de
1062 5004 1176 5060 his.

2342 5013 2459 5085 περὶ
2487 5010 2699 5064 τούτων.
2738 5007 2776 5077 ’]
3896 5018 3900 5021 Α

651 5096 809 5151 Vers.
850 5093 937 5150 34.
968 5095 1045 5149 Et
1069 5093 1366 5150 advocatis
1395 5124 1464 5136 —-
1486 5094 1651 5152 Vers.
1686 5094 1777 5153 35.
1803 5096 2053 5153 servabit
2080 5114 2225 5157 eam.

2416 5103 2515 5152 Kal
2545 5096 3027 5170 προσκαλεσάμενος
3053 5127 3120 5137 -
3150 5100 3309 5150 σώσει
3338 5096 3521 5156 αὐτήν.
3567 5095 3679 5153 Ἐτι
3699 5104 3791 5153 καὶ
3826 5105 3944 5176 περὶ

578 5187 864 5240 Praeterea
892 5185 951 5239 et
978 5181 1052 5238 de
1080 5181 1176 5237 his
1206 5182 1431 5238 dictum
1459 5187 1565 5239 est.

914 5185 951 5237 et
978 5181 1052 5238 de
1080 5181 1176 5237 his
1206 5182 1431 5238 dictum
1459 5187 1565 5239 est.
2341 5191 2561 5245 τούτων.

650 5272 810 5329 Vers.
837 5273 926 5329 36.
961 5271 1117 5340 Quid
1148 5273 1301 5330 enim
1352 5303 1422 5315 —
1447 5273 1615 5329 Vers.
1672 5276 1759 5330 37.
1809 5274 2004 5333 anima
2060 5292 2166 5333 sua
2197 5277 2227 5335 7

2060 5292 2166 5333 sua
2197 5277 2227 5335 7
2406 5281 2470 5329 Ti
2493 5279 2594 5349 γὰρ
2624 5307 2694 5317 -
2718 5274 2905 5348 ψυχῆς
2926 5271 3085 5329 αὐτοῦ
3122 5290 3137 5342 ;
3172 5278 3272 5329 Kal
3296 5280 3415 5352 περὶ
3433 5279 3652 5331 τούτων.

576 5362 767 5422 Etiam
796 5362 873 5421 de
899 5362 1016 5420 his.

1796 5488 2019 5559 Varia:
2050 5490 2377 5564 lectiones
2410 5501 2476 5562 et
2505 5501 2710 5563 notae.

652 5683 736 5761 (υ)
767 5683 999 5744 Partem
1025 5682 1299 5744 ultimam
1318 5683 1527 5746 scholii
1555 5699 1681 5746 non
1717 5688 2013 5761 expressit
2070 5689 2387 5765 interpres.
