4170 6364
196 341 319 397 817
1299 324 1667 384 ΟΟΜΜΕΝΤ.
1712 320 1779 378 ΙΝ

1946 317 2143 376 iCUM.
2187 347 2253 359 -
2291 316 2447 373 CAP.
2490 317 2584 371 1x.
3478 308 3605 387 διες.

282 464 386 527 ³⁷ος
410 465 512 538 γὰρ
556 493 623 501 --
652 466 752 513 τῶν
799 457 1024 531 ἀγγέλων
1071 465 1169 510 τῶν
1219 454 1404 527 ἁγίων,
1444 450 1630 512 Ὅστις
1679 448 1818 502 ἐπαὶ-

2002 446 2163 501 Vers.
2201 447 2288 501 38.
2322 443 2724 512 Quemcunque
2760 471 2828 481 —
2884 435 3106 509 cingetis
3135 433 3373 495 sanctis.
3417 434 3587 502 Quis-

207 523 431 628 a’xwﬂf;
464 523 526 625 με
568 523 895 623 ὁμολογῆσαι
935 551 1084 613 Θεὸν²
1129 550 1218 599 καὶ
1261 523 1386 605 τοὺς
1435 542 1588 615 ἐμοὺς
1637 538 1818 609 λόγους

1946 534 2069 606 quis
2124 534 2353 605 pudore
2412 535 2596 586 tactus
2658 544 2782 585 non
2857 545 3042 584 ausus
3087 525 3267 581 fuerit
3315 523 3587 581 conﬁteri

205 644 545 717 ὁμολογῆσαι
599 644 727 692 Θεοῦ
773 637 904 708 161),
956 633 1049 689 διὰ
1091 640 1184 694 τὴν
1241 633 1491 687 εὐτέλειαν
1544 639 1633 690 τῆς
1688 628 1818 680 ἐναν-

1946 639 2025 678 ne
2056 638 2184 678 esse
2214 622 2424 683 Deum,
2452 634 2736 688 meosque
2800 632 3107 673 sermones
3137 631 3263 671 esse
3300 614 3417 682 Dei,
3446 628 3586 686 pro-

208 736 556 807 θρωπήσεως,
608 733 698 782 καὶ
747 725 839 779 ὸιά
868 729 934 778 τὰ
972 727 1111 783 πάθη
1161 728 1249 778 καὶ
1279 727 1365 776 τὸν
1398 723 1643 795 σταυρὸν,
1674 717 1818 791 κάγὼ

1946 716 2059 782 pter
2089 709 2517 766 incarnationis
2541 707 2965 772 humilitatem,
2985 704 3339 761 afﬂictiones
3364 719 3433 759 ac
3457 718 3589 759 cru-

205 822 719 893 ἐπαισχυνθήσομαι
760 816 915 868 αὐτόν
966 814 1291 887 ὁμολογῆσαι
1332 815 1470 884 ἐμὸν,
1517 812 1635 862 ὅταν
1667 807 1814 872 ἔλθω,

1946 815 2056 855 :em
2076 816 2087 853 :
2106 815 2198 855 me
2216 814 2451 871 quoque
2467 796 2714 870 pudebit
2726 795 3013 861 conﬁteri,
3032 794 3199 850 illum
3212 809 3341 849 esse
3356 808 3583 858 meum,

204 912 391 965 οὐκέτι
441 910 688 971 ταπεινὸς,
742 908 806 966 ὡς
854 912 962 973 νῦν,
1007 903 1114 956 ἀλλ’
1163 900 1388 971 ἔνδοξος,
1442 902 1513 961 ὡς
1560 900 1585 950 6
1636 902 1814 969 Πατήρ

1946 904 2061 943 :um
2095 903 2333 953 venero,
2363 902 2484 942 non
2520 886 2647 957 jam
2676 885 2963 955 abjectus,
3001 886 3064 937 ut
3093 897 3272 946 nunc,
3335 880 3437 937 sed
3466 879 3587 954 glo-

203 1019 338 1073 μου.
397 1005 480 1051 Δεῖ
532 968 748 1069 ’γὰρμὴ
796 968 958 1068 aevo;
976 996 1254 1056 πιστεύειν,
1308 968 1435 1043 ἀλλά
1481 993 1570 1041 καὶ
1616 968 1813 1060 παρῥηῗο

1946 976 2135 1043 'iosns,
2158 978 2304 1032 sicut
2342 977 2512 1032 Pater
2551 990 2737 1030 meus.
2770 974 3010 1045 Oportet
3047 971 3197 1026 enim
3247 986 3371 1026 non
3401 968 3583 1025 modo

208 1056 216 1073 .
540 1056 552 1069 .
605 1056 613 1069 .
677 1056 686 1069 .
796 1056 805 1068 .
1692 1056 1733 1060 .-

208 1093 312 1161 σία
335 1090 621 1161 κηρύσσειν
635 1128 647 1140 .

1946 1066 2183 1136 :redere,
2219 1082 2425 1122 verum
2451 1063 2629 1121 etiam
2656 1063 2838 1119 libere
2864 1058 3205 1133 praedicare.
3380 1056 3383 1059 “

289 1146 299 1161 .
409 1145 417 1161 .

288 1173 603 1249 Μοιχαλίδα
655 1171 715 1228 6":
754 1179 847 1233 τήν
900 1174 1074 1244 γενεὰν
1129 1180 1229 1224 τῶν
1283 1168 1479 1223 ἀσεϐῶν
1529 1169 1812 1240 ὠνόμασεν,

1997 1156 2338 1211 Adulteram
2370 1170 2527 1223 vero,
2557 1152 2881 1225 impiorum
2907 1148 3351 1220 generationem
3378 1145 3587 1219 appel-

205 1270 280 1329 ὡς
334 1266 642 1319 ἀποστᾶσαν
682 1268 771 1337 μεν
819 1270 947 1315 Οεοῦ
997 1270 1087 1314 τοῦ
1148 1264 1374 1333 τπορέως
1428 1267 1519 1319 τῆς
1563 1255 1818 1316 εὐσεϐείας

1948 1245 2067 1301 avit
2095 1263 2107 1301 :
2137 1248 2333 1317 utpote
2359 1259 2393 1299 a
2433 1246 2571 1308 Deo,
2607 1241 2712 1314 qui
2742 1239 2976 1313 pietatis
3030 1253 3099 1293 ac
3149 1236 3380 1292 virtutis
3426 1238 3586 1291 sator

204 1360 307 1406 καὶ
361 1354 600 1415 ἀληθείας
633 1372 643 1383 ·
678 1353 1016 1411 κολληθεῐσαν
1049 1347 1106 1404 δὲ
1137 1357 1205 1421 τῷ
1244 1347 1477 1423 δαίμονι,
1528 1356 1599 1419 τῷ
1638 1351 1818 1420 σπορεί

1946 1337 2034 1398 3st,
2057 1333 2432 1390 deﬁcientem
2462 1347 2531 1388 ac
2558 1328 2818 1387 daemoni
2871 1327 3299 1392 adhaerentem,
3325 1322 3431 1398 qui
3477 1323 3587 1381 im-

205 1452 308 1504 τῆς
338 1442 573 1504 ἀσεϐείας
602 1448 691 1496 καὶ
721 1447 930 1503 κακίας.

1946 1424 2205 1494 pietatem
2246 1439 2316 1478 ac
2346 1421 2639 1477 malitiam
2668 1417 2942 1475 seminat.

290 1538 392 1585 Kal
422 1532 585 1603 ἔλεγεν
618 1563 685 1571 -
730 1531 780 1583 ἐν
835 1527 1073 1602 δυνάμει.
1126 1533 1226 1582 Kal
1277 1531 1396 1603 περὶ
1428 1528 1618 1579 τούτων
1671 1527 1719 1578 ἓν
1748 1533 1818 1596 τῷ

2000 1513 2151 1568 CAP.
2184 1513 2272 1567 1x.
2304 1513 2473 1569 Vers.
2530 1513 2584 1567 1.
2638 1509 2715 1564 Ει
2751 1507 2979 1563 dicebat
3032 1536 3102 1546 —
3124 1503 3191 1560 in
3246 1502 3479 1560 virtute.
3507 1504 3587 1560 De

210 1622 280 1696 ῥα
291 1622 426 1674 θέντι
454 1595 714 1693 κε’φαλαίῳ
741 1595 1147 1691 διασεσάρηται.
1341 1595 1350 1603 .
1794 1595 1798 1596 7

1946 1601 2023 1658 lis
2058 1617 2292 1674 quoque
2323 1599 2607 1673 praedicto
2635 1597 2826 1669 capite
2852 1595 3226 1668 disputatum
3257 1596 3368 1647 est.

2103 1726 2258 1784 CAP.
2295 1726 2458 1781 XXV.
2510 1723 2587 1779 De
2619 1720 3124 1790 transformatione
3147 1715 3412 1774 Domini.

1858 1791 1904 1846 Β
2004 1818 2173 1875 Vers.
2199 1820 2251 1871 2.
2285 1815 2361 1869 Et
2385 1818 2509 1885 post
2540 1842 2607 1853 —
2636 1813 2795 1867 Vers.
2827 1812 2881 1865 4.
2920 1807 3077 1865 Iesu.
3120 1807 3355 1863 Dictum
3384 1807 3472 1863 est
3514 1803 3592 1861 de

1936 1907 2029 1965 his
2047 1904 2350 1962 tricesimo
2406 1905 2622 1974 quarto
2661 1900 2834 1971 juxta
2863 1897 3203 1952 Matthaaum
3229 1893 3447 1966 capite.

2006 1998 2164 2052 Vers.
2194 1995 2250 2048 5.
2281 1993 2357 2048 Et
2381 1989 2746 2059 respondens.
2786 1987 3035 2042 —Vers.
3060 1984 3121 2039 6.
3173 1981 3463 2040 exterriti.
3510 1982 3594 2038 De

482 1768 629 1816 ΚΕΦ.
662 1760 774 1816 KE'.
809 1765 933 1835 Περὶ
965 1768 1061 1823 τῆς
1090 1764 1558 1833 μεταμορφώσεως.

295 1856 394 1905 Kal
431 1852 545 1923 μεθ’
589 1882 659 1892 —-
714 1851 908 1909 Ἰησοῦ.
961 1852 1183 1917 Εἵρηται
1240 1852 1355 1921 περὶ
1406 1850 1599 1901 τούτων
1653 1846 1700 1899 ἐν
1753 1856 1824 1920 τῷ

213 1960 517 2018 τριακοστῳ
548 1942 775 2013 τετάρτῳ
814 1939 1071 2012 κεφαλαίῳ
1102 1945 1194 1991 τοῦ
1229 1940 1365 1989 κατὰ
1394 1939 1679 1994 Ματθαῖον,

288 2036 391 2085 Kal
437 2029 737 2105 ἀποκριθεὶς
788 2060 855 2070 -
911 2027 1138 2102 ἔκφοϐοι,
1174 2033 1289 2081 Ἔτι
1364 2030 1453 2079 καὶ
1518 2031 1637 2100 περὶ
1707 2028 1824 2079 τού-
1931 2027 2250 2105 L.'°”"‘"
2281 2027 2755 2105 ¹²⁶¹ῗςζξ¹ζῗ⁴⁹ωζίζ

291 2076 391 2085 un-
438 2076 736 2105 η--ν-τ--η,
912 2076 1138 2102 ν--τ---πν
1198 2076 1288 2081 -ν-
1523 2076 1634 2100 -κτ-

214 2140 317 2172 των
359 2118 611 2193 ἀκριϐῶς.

1946 2084 2024 2141 his
2058 2087 2336 2156 praeterea
2362 2078 2650 2135 subtiliter
2678 2076 2759 2132 ibi
2782 2077 3100 2131 tractatum
3124 2076 3231 2128 est.

2003 2175 2139 2193 ιν-..-
2187 2173 2222 2193 n
2288 2170 2563 2193 n_‘4--..-
2692 2167 2828 2193 nr---
2879 2164 2910 2193 Ω
2974 2177 3157 2193 annnam
3213 2161 3231 2193 ε

296 2157 316 2171 .
359 2157 611 2193 ...φησιν

292 2215 393 2264 Kal
424 2208 614 2280 ἐγένετο
655 2239 723 2250 -
766 2207 877 2279 μεθ’
922 2207 1137 2262 ἑαυτῶν.
1183 2207 1407 2280 Ὀμοίως
1443 2210 1532 2259 καὶ
1560 2224 1678 2278 περι
1707 2206 1818 2258 τού-

2003 2175 2159 2230 Vers.
2187 2173 2245 2228 7.
2282 2170 2563 2241 Factaque
2592 2197 2659 2209 —
2692 2167 2849 2223 Vers.
2877 2164 2932 2218 8.
2969 2177 3179 2220 secum.
3212 2158 3491 2221 Similiter
3517 2157 3591 2215 de

212 2318 343 2355 των.
387 2297 635 2361 Ἐξάπινα
666 2293 745 2361 δὲ,
774 2295 888 2349 ἀντὶ
922 2304 1032 2362 τοῦ,
1072 2295 1331 2369 ἐξαίφνης.
1931 2264 2047 2369 his;
2190 2352 2224 2369 Λ
2297 2350 2333 2369 ἢ
2509 2346 2541 2369 Δ
2618 2343 2689 2369 HL
3129 2338 3142 2352 ,

296 2339 343 2355 ⁷⁸
403 2339 635 2361 υν“⁸·””
667 2339 745 2361 ν’,
774 2339 888 2349 ’“’⁹“
929 2339 1032 2362 ’ννῗ
1072 2339 1331 2369 ”Ὅ⁹“’γ’“¹ἳ’

288 2386 716 2441 Καταϐαινόντων
774 2416 842 2426 -
908 2384 1128 2458 ἀναστῇ.
1190 2384 1305 2439 Ἔτι
1378 2389 1468 2438 καὶ
1522 2388 1640 2458 περὶ
1695 2384 1818 2436 τού-

2004 2354 2161 2409 Vers.
2190 2352 2252 2409 9.
2288 2343 2763 2406 Descendentibus
2799 2372 2871 2385 —
2904 2339 3275 2400 surrexisset.
3305 2339 3593 2398 Praeterea

1946 2456 2169 2496 moaue
2193 2440 2263 2495 de
2300 2437 2411 2496 his.
3378 2486 3381 2489 η

212 2495 344 2533 των.

1946 2456 2169 2517 quoque
2193 2455 2263 2495 ne
2303 2455 2411 2496 ωε.
3378 2486 3381 2489 ,

291 2570 392 2619 Kal
434 2597 492 2606 —
527 2568 659 2639 πρὸς
688 2564 920 2631 ἑαυτούς,
969 2567 1068 2616 Τὸν
1119 2562 1289 2631 λόγον,
1335 2566 1419 2615 τὸν
1475 2566 1593 2638 περὶ
1646 2568 1736 2615 τοῦ
1767 2561 1818 2614 ἐκ

2001 2551 2159 2604 Vers.
2192 2546 2280 2602 10.
2312 2546 2396 2601 Et
2423 2573 2491 2585 --
2522 2541 2677 2614 apud
2704 2554 2844 2597 sese.
2876 2537 3140 2596 Verbum
3170 2534 3336 2609 quod
3368 2537 3496 2639 erat
3512 2533 3592 2592 de

213 2662 407 2725 νεκρῶν
468 2652 755 2712 ἀναστῆναι
804 2653 979 2706 αὐτόν.
1034 2651 1360 2727 Ἐκράτησαν
1404 2655 1529 2725 πρὸς
1585 2651 1817 2716 ἑαυτοὺς,

1946 2636 2355 2696 resurrectione
2381 2635 2510 2707 ejus
2538 2648 2574 2689 a
2594 2629 2843 2688 mortuis
2872 2644 2885 2684 :
2910 2629 3222 2685 tenuerunt
3251 2623 3413 2697 apud
3440 2638 3593 2691 sese,

212 2745 349 2815 πρός
377 2739 582 2814 μηδένα
611 2743 780 2814 ἕτερον
811 2750 990 2795 τοῦτον
1022 2726 1321 2805 ἐξεὶπόντες.

1946 2727 2074 2783 iulli
2108 2726 2207 2782 alii
2234 2726 2570 2781 narrantes.

1999 2815 2117 2880 Vel,
2191 2813 2443 2870 verbum
2517 2809 2685 2883 quod
2743 2809 2869 2864 erat
2932 2805 3009 2863 de
3065 2801 3590 2862 transformatione

1925 2904 2102 2962 lllius.

1994 2996 2159 3050 Vers.
2225 2993 2310 3048 10.
2403 2989 2770 3061 Disputantes
2818 2997 3142 3056 resurgere.
3213 2980 3362 3037 Cum
3421 2977 3587 3036 enim.

1924 3084 2227 3141 neminem
2255 3080 2543 3137 vidissent
2567 3078 2831 3151 seipsum
2861 3091 2898 3131 a
2937 3072 3187 3129 mortuis
3242 3070 3579 3135 suscitasse,

1925 3190 2118 3246 neque
2133 3173 2306 3227 etiam
2324 3170 2656 3233 audissent,
2684 3165 3092 3239 opinabantur
3120 3165 3176 3217 et
3200 3160 3315 3217 hoc
3331 3158 3583 3232 parabm

1922 3264 2041 3320 tam
2069 3277 2216 3325 esse,
2246 3265 2303 3316 et
2328 3257 2724 3329 disputabant
2745 3253 2890 3327 quid
2918 3249 3296 3322 signiﬁcaret.

1996 3351 2228 3406 Dictum
2254 3352 2342 3405 est
2360 3352 2562 3403 autem
2607 3345 2682 3401 de
2711 3343 2829 3399 hoc
2858 3342 3038 3397 etiam
3069 3339 3131 3395 in
3160 3338 3289 3394 ﬁne
3342 3350 3579 3393 enarra.

1921 3439 2096 3497 tionis
2121 3435 2401 3495 tricesimi
2429 3433 2621 3508 quinti
2653 3431 2869 3505 capitis
2916 3426 3215 3499 Evangelii
3252 3425 3580 3483 secundum

1924 3528 2280 3585 Mattheeum.

1992 3620 2153 3673 Vers.
2186 3617 2274 3671 11.
2300 3614 2377 3669 Et
2402 3608 2845 3682 interrogabant
2897 3637 2966 3649 —
3029 3606 3190 3662 Vers.
3232 3604 3317 3661 t2.
3367 3602 3577 3661 omnia.

1923 3707 2153 3764 Dictum
2206 3708 2293 3761 est
2316 3708 2515 3759 autem
2542 3705 2598 3757 et
2653 3700 2728 3755 de
2764 3698 2857 3754 his
2917 3695 3207 3769 praedicto
3248 3692 3581 3752 tricessimo

1920 3802 2135 3869 quarto
2161 3795 2331 3866 juxta
2354 3790 2691 3848 Matthmum
2719 3787 2930 3860 capite.

1990 3885 2150 3940 Vers.
2182 3885 2269 3938 12.
2294 3882 2369 3936 Ει
2399 3879 2672 3953 quomodo
2696 3907 2765 3920 -—
2802 3876 3230 3933 contemnatur.
3286 3874 3406 3928 Hoc
3432 3870 3581 3927 dixit

1918 3973 2240 4044 conjiciens
2269 3971 2331 4026 in
2355 3967 2789 4024 dubitationem
2810 3961 3216 4037 responsionis
3239 3962 3408 4034 ipsos
3429 3958 3581 4016 Seri-

1919 4062 2042 4118 bas.
2079 4061 2137 4117 Si
2166 4060 2327 4117 enim
2366 4056 2693 4114 secundum
2717 4056 2879 4125 ipsos
2921 4068 3059 4108 cum
3102 4049 3365 4107 nondum
3401 4062 3580 4105 vene-

1919 4152 1994 4208 rit
2022 4150 2193 4215 Elias,
2226 4148 2499 4204 nondum
2528 4145 2684 4201 venit
2714 4141 3000 4199 Christus.
3034 4140 3189 4197 Elias
3204 4145 3404 4196 autem
3435 4153 3576 4196 cum

1920 4240 2083 4313 prius
2096 4238 2338 4301 venerit,
2364 4236 2625 4293 restituet
2646 4232 2873 4296 omnia,
2904 4231 3019 4287 hoc
3041 4233 3147 4296 est,
3178 4228 3343 4285 uniet
3362 4232 3421 4285 et
3435 4242 3579 4285 con-

1920 4333 2106 4386 vertet
2144 4338 2395 4383 omnem
2444 4323 2716 4380 Judaeum
2741 4322 2819 4378 ad
2886 4320 3225 4376 Christum:
3262 4315 3578 4391 quomodo

1923 4417 2212 4489 scriptum
2234 4419 2321 4470 est
2346 4413 2421 4469 de
2446 4411 2590 4468 Filio
2622 4410 2897 4477 hominis,
2927 4409 3045 4464 sive
3075 4406 3151 4463 de
3175 4406 3426 4473 Christo,
3456 4409 3521 4463 ut
3539 4421 3580 4465 α

1846 4498 1893 4555 D
1921 4506 2140 4563 Judaais
2170 4503 2348 4559 multa
2379 4502 2638 4575 patiatur
2666 4501 2694 4557 ?
2733 4500 2782 4556 si
2812 4499 2974 4554 enim
2996 4496 3076 4554 ad
3103 4497 3302 4569 ipsum
3330 4510 3580 4552 conver-

218 4585 378 4595 ..-μη
429 4585 563 4611 ..-.-._,
616 4585 754 4616 ...τη
817 4585 902 4593 ..π
974 4585 1220 4595 .--ς-...υ
1259 4585 1272 4609 ,
1307 4585 1369 4597 μ.
1426 4585 1516 4619 μη..
1567 4585 1811 4618 ...ηυντ

216 4636 472 4703 φήσονται
502 4633 633 4703 πρὸς
663 4629 838 4697 αὐτὸν,
878 4640 988 4693 πῶς
1036 4631 1197 4683 πολλά
1233 4634 1373 4705 πάθῃ
1420 4635 1542 4706 παρ’
1597 4633 1763 4686 αὐτῶν
1798 4653 1810 4703 ;

1947 4596 2083 4653 endi
2126 4599 2282 4659 sunt,
2340 4590 2648 4665 quomodo
2693 4589 2771 4645 ab
2821 4588 2963 4659 ipsis
3012 4585 3324 4658 patietur?
3370 4585 3577 4656 Itaque

1946 4682 2402 4706 m2__mL-_L:s--
2459 4684 2590 4706 -..ιιι
2619 4676 2943 4706 anAn-all...“
2995 4672 3202 4706 ριςνςοις
3251 4672 3573 4706 aﬂunnham

218 4672 472 4703 τηηη...
506 4672 632 4703 ..πη
664 4672 838 4697 ..-.-.,
883 4672 988 4693 ...η
1039 4672 1197 4683 ..-ηηη
1238 4672 1372 4705 ...ην
1424 4672 1524 4706 ...ηρ
1597 4672 1761 4686 ..-μω
1798 4678 1810 4703 ,

213 4720 374 4772 Ὠστε
406 4719 581 4779 Ἠλίας
610 4722 635 4770 ό
670 4718 927 4782 Θεσϐίτης
976 4723 1077 4793 πρὸ
1112 4728 1203 4781 τῆς
1248 4717 1489 4793 δευτέρας
1536 4731 1627 4775 τοῦ
1681 4731 1815 4793 Χρι-

1946 4687 2077 4742 ﬁlias
2103 4682 2405 4740 Thesbites
2458 4684 2591 4734 ante
2618 4676 2947 4733 secundum
2995 4672 3204 4731 Christi
3249 4672 3577 4729 adventum

1954 4781 2207 4793 ,,,_.,_-___
2272 4775 2350 4793 --ι
2426 4766 2665 4793 ...μην-1,.
2734 4765 2786 4793 1.:
2820 4764 2918 4793 ...ης
2987 4767 3125 4793 ειη-η.
3164 4765 3335 4793 ...η-ηιμ
3394 4760 3574 4793 huius:

236 4744 374 4772 ιιστε
426 4744 581 4779 ηιειας
610 4744 635 4770 ο
670 4744 927 4782 σεσοιτης
976 4744 1077 4793 προ
1112 4744 1203 4781 της
1248 4744 1489 4793 σευτερας
1536 4744 1627 4775 του
1690 4744 1815 4798 Ᾱρι·

221 4814 346 4860 στοῦ
376 4813 670 4879 παροῦσίας
712 4808 989 4869 ἐλεύσεται,
1038 4811 1118 4861 ὅτε
1148 4812 1196 4861 οἱ
1239 4819 1527 4868 τηνικαῦτα
1566 4808 1816 4866 Ἰουδαῖοι

1946 4781 2209 4832 renturus
2266 4775 2372 4835 est,
2421 4766 2667 4841 quando
2733 4765 2789 4819 hi
2818 4764 2923 4836 qui
2987 4767 3127 4819 tunc
3164 4765 3339 4818 erunt
3386 4760 3578 4817 Judmi

2094 4864 2344 4879 ,,,.__i___.
2386 4857 2455 4879 -.ι
2490 4855 2687 4879 :__.-...
2738 4854 2902 4879 Mn..-
2935 4855 3131 4879 Λιιδηυνι
3158 4851 3389 4879 νηίτην-ι.
3417 4846 3573 4879 [πμ-εγ

1926 4864 2345 4920 convertentur
2384 4857 2460 4913 ad
2490 4855 2711 4927 ipsum.
2738 4854 2905 4908 Nunc
2934 4855 3133 4906 autem
3158 4851 3391 4922 primus
3417 4846 3577 4904 Chri-

1927 4952 1998 5008 sti
2038 4950 2327 5007 adventus
2350 4950 2456 5010 est,
2491 4959 2629 5000 cum
2676 4957 2715 4998 a
2736 4939 2957 4996 Judaais
2982 4938 3166 4996 multa
3199 4937 3439 5011 patitur,
3472 4952 3577 4995 cu-

1922 5045 2021 5114 jus
2052 5041 2381 5096 Praacursor
2408 5050 2528 5091 non
2553 5030 2872 5098 Thesbites,
2915 5028 3021 5086 sed
3044 5029 3326 5087 Joannes.

286 2830 353 2883 Ἦ
382 2834 468 2882 τὸν
492 2830 665 2903 λόγον,
693 2834 779 2884 τὸν
810 2836 927 2905 περὶ
951 2838 1043 2892 τῆς
1065 2834 1533 2905 μεταμορφώσεως.

287 3030 636 3090 Συζητοῦντες
709 3059 777 3068 -
855 3026 1160 3087 ἀναστῆναι.
1227 3030 1373 3085 Μήτε
1445 3029 1546 3100 γὰρ
1621 3023 1814 3088 ἰδόντες

209 3120 329 3170 τινὰ
410 3115 782 3175 ἀναστήσαντα
856 3116 1031 3170 ἑαυτὸν
1108 3116 1161 3169 ἐκ
1233 3124 1440 3189 νεκρῶν,
1504 3121 1635 3188 μήτε
1709 3122 1812 3189 μὴν
1850 3146 1893 3204 C

205 3206 526 3268 ἀκοῦσαντες
582 3211 741 3277 ᾤοντο
798 3206 1092 3281 παραϐολὴν
1158 3203 1286 3258 εἶναι
1357 3210 1445 3258 καὶ
1504 3213 1677 3271 τοῦτο,
1722 3211 1811 3259 καὶ

208 3296 529 3355 συνεζήτουν
561 3300 611 3347 τί
644 3291 799 3353 δηλοί
832 3312 846 3361 ;

281 3388 498 3458 Εἰρηται
553 3380 612 3436 ὁέ
659 3389 778 3458 περὶ
834 3385 1018 3435 τούτου
1073 3387 1159 3436 καὶ
1212 3383 1259 3436 ἐν
1300 3391 1373 3454 τῷ
1421 3382 1546 3436 τελει
1576 3390 1671 3445 τῆς
1701 3382 1813 3446 ἐξη-

210 3478 399 3545 ογώσως
439 3480 531 3525 τοῦ
579 3480 895 3547 τριακοστοῦ
944 3477 1178 3546 πέμπτου
1219 3472 1498 3545 κεφαλαίου
1545 3480 1634 3524 τοῦ
1678 3475 1814 3526 κατά

214 3564 499 3619 Ματθαῖον.

289 3656 390 3705 Καὶ
430 3650 703 3725 ἐπηρώτων
748 3681 816 3691 -
861 3653 1044 3706 πάντα.
1096 3651 1319 3726 Ἐῤῥηθη
1378 3656 1469 3703 καὶ
1524 3655 1641 3725 περὶ
1694 3654 1812 3705 τού-

218 3760 314 3791 των
367 3742 414 3791 ἐν
466 3749 537 3810 τῷ
614 3745 968 3815 προειρημένῳ
1026 3749 1321 3815 τριακοστῶ
1385 3742 1603 3813 τετάοτῳ
1662 3760 1812 3813 κεφα-

218 3846 363 3901 Ααιῳ.

290 3922 391 3971 Καὶ
433 3925 541 3979 πῶς
589 3950 651 3958 -
710 3915 1052 3991 ἐξουδενωθῇ.
1116 3925 1278 3971 Τοῦτο
1346 3917 1480 3972 εἶπεν
1552 3917 1811 3991 ἐμϐάλλων

217 4006 288 4067 εἰς
352 4005 570 4081 ἀπορίαν
640 4005 921 4080 ἀπολογίας
988 4012 1106 4070 τοὺς
1179 4015 1507 4083 Γραμματεῖς
1556 4026 1568 4037 ’
1613 4008 1655 4060 εἰ
1709 4010 1810 4082 γὰρ

215 4095 329 4149 κατ’
360 4094 568 4162 αὐτοὺς,
614 4101 771 4168 μήπω
819 4096 1048 4160 ἐλθόντος
1094 4104 1183 4150 τοῦ
1230 4098 1449 4164 Ἠλιοῦ,,
1491 4101 1632 4151 οῦπω
1663 4095 1810 4156 ἦλθεν

217 4187 242 4237 6
300 4188 550 4259 Χριστὸς,
616 4186 797 4249 Ἠλίας
860 4183 918 4239 δε
984 4186 1138 4240 ἐλθὼν
1210 4196 1409 4259 πρῶτον
1482 4186 1815 4259 ἀποκαθιστᾴ

216 4276 403 4337 πάντα,
456 4279 743 4341 τουτέστιν,
815 4275 1033 4328 ἑνοποιεῐ
1102 4275 1395 4350 ἐπιστρέφει
1453 4279 1623 4329 πάντα
1672 4280 1812 4330 Ἰου-

220 4360 365 4416 δαῖον
422 4367 552 4438 πρὸς
603 4368 687 4417 τόν
760 4369 1011 4438 Χριστὸν,
1083 4373 1193 4428 πῶς
1243 4371 1533 4441 ’γέγραπται
1587 4366 1671 4419 ἐπὶ
1726 4370 1811 4420 τὸν

218 4454 333 4504 Υἱόν
386 4459 478 4504 τοῦ
528 4450 820 4525 ἀνθρώπου,
868 4457 1050 4523 ἤγουν,
1106 4459 1214 4527 περὶ
1272 4463 1363 4507 τοῦ
1419 4462 1675 4529 Χριστοῦ,
1733 4458 1815 4507 ῖνα

214 4541 378 4595 πολλά
424 4544 564 4611 πάθῃ
611 4545 754 4616 παρά
808 4551 907 4593 τῶν
952 4540 1224 4595 Ἰουδαίων
1259 4560 1272 4609 ;
1307 4544 1369 4597 Εἰ
1419 4547 1517 4619 γὰρ
1567 4545 1812 4618 ἐπιστρα-

223 4896 699 4971 ἐπιστραφησονται
774 4901 904 4971 πρὸς
974 4898 1126 4950 αὐτόν
1184 4916 1194 4928 ·
1247 4906 1334 4950 νῦν
1404 4895 1463 4952 δὲ
1536 4902 1564 4958 ἠ
1630 4907 1809 4974 πρώτη

225 4989 486 5058 παρουσία
515 4993 605 5037 τοῦ
638 4994 868 5059 Χριστοῦ
899 4986 1057 5059 ἐστιν³
1109 4989 1189 5041 ὅτε
1235 4988 1396 5040 πολλά
1446 4990 1649 5062 πάσχει
1675 4993 1819 5065 παρὰ

222 5082 319 5127 τῶν
369 5070 658 5143 Ἰουδαίων,
708 5077 770 5136 ἧς
802 5074 1106 5152 Πρόδρομος
1134 5077 1239 5150 οὐχ
1266 5079 1291 5129 ό
1323 5076 1600 5145 Θεσϐίτης,
1650 5076 1758 5130 ἀλλ’
1793 5081 1818 5132 6

223 5163 428 5222 Ἰωάννη
440 5183 480 5225 ς.

288 5251 451 5307 Ἀλλά
497 5252 627 5325 λέγω
673 5283 741 5295 -—
787 5253 1055 5313 ίθέλησαν.
1108 5258 1418 5331 Σαφέστερον
1476 5257 1501 5308 ό
1554 5257 1818 5318 Ματθαῖος

2000 5256 2157 5310 Vers.
2191 5255 2272 5308 13.
2313 5249 2428 5307 Sed
2451 5248 2579 5306 dico
2599 5277 2668 5287 —
2698 5245 3026 5311 voluerunt.
3058 5244 3141 5301 De
3167 5243 3285 5301 hoc
3331 5242 3581 5309 munita.

218 5345 387 5416 εἴρηκε
442 5347 560 5415 περὶ
611 5344 820 5411 τούτου,
876 5349 966 5397 καὶ
1018 5344 1249 5405 ζήτησον
1304 5343 1353 5396 ἐν
1408 5352 1480 5417 τῷ
1537 5340 1818 5403 δηλωθέντι

1946 5346 2076 5402 stius
2103 5343 2334 5398 locutus
2366 5342 2456 5395 est
2494 5334 2840 5395 Mattheus:
2874 5350 3076 5409 quaere
3124 5336 3267 5407 ergo
3294 5332 3583 5407 praedicto

220 5440 511 5506 τριακοστῷ
542 5435 771 5507 τετάρτῳ
799 5433 1076 5506 κεφαλαίῳ.

1946 5432 2231 5490 ;ricesimo
2253 5432 2468 5503 quarto
2488 5427 2695 5500 capite.

1449 5560 1675 5629 Variae
1702 5561 2033 5632 lectiones
2058 5568 2125 5627 et
2154 5566 2356 5624 notae.

254 5718 257 5719 '
292 5699 404 5773 (61)
432 5699 601 5759 Forte
628 5700 919 5775 interpres
946 5699 1172 5787 invenit
1197 5696 1520 5777 ὁμολογῆσαι
1554 5702 1681 5771 εἶναι
1723 5710 1818 5763 Θεό

1946 5703 2074 5789 god
2103 5718 2211 5761 nec
2240 5698 2388 5759 mihi
2416 5696 2714 5772 displicet.
