4170 6364
547 316 654 375 819

1870 313 2231 375 EUTHYMII
2269 302 2597 374 ZIGABENI

3819 320 3962 377 820

616 443 779 499 Vers.
950 438 1105 498 Sicut
1129 469 1197 483 —
1225 438 1294 496 de
1333 453 1418 498 eo.
1451 440 1538 512 H-
1567 439 1738 498 Sicut
1775 441 2064 513 scriptum
2096 448 2201 511 est,

2386 444 2571 504 Καθὼς
2611 473 2677 483 -
2730 442 2809 497 ἐπ’
2862 443 3033 499 αὐτόν.
3082 445 3173 513 [Τὸ
3216 445 3398 506 Καθὼς
3447 443 3559 516 (62)
3598 448 3954 519 γέγραπται,

548 533 754 605 accipe
785 530 859 588 de
886 529 1183 588 vocabulo
1212 532 1386 587 venit.
1443 531 1586 587 Dicit
1615 532 1774 588 enim
1811 533 2001 590 Isaias
2029 548 2043 588 :
2083 533 2207 589 Vox

550 616 866 680 clamantis
894 620 955 676 in
982 620 1227 685 deserto,
1257 624 1312 676 et
1341 620 1572 693 reliqua
1597 623 1665 677 ⁸ο.

580 701 599 709 ’
623 710 905 767 Praedixit
927 710 1081 767 enim
1109 709 1294 766 Isaias
1319 709 1394 765 de
1423 711 1672 767 Joannis
1694 710 1874 767 etiam
1900 710 2202 784 passione.

554 880 711 948 CAP.
746 890 919 946 XXVI.
948 889 1030 945 De
1060 887 1318 945 lunatico
1347 887 1592 945 habente
1624 889 1898 959 spiritum
1954 896 2198 949 mutum.

623 978 795 1036 Vers.
831 980 915 1034 14.
969 976 1220 1049 Cumque
1243 978 1490 1034 venisset
1516 1008 1576 1019 —-
1624 977 1768 1033 illis.
1799 978 2098 1051 Dicipulos
2125 979 2209 1035 di-

554 1068 631 1126 cit
658 1082 819 1124 nunc
866 1081 1087 1123 novem
1134 1065 1395 1138 reliquos
1424 1065 1529 1138 qui
1555 1082 1691 1123 cum
1719 1082 1790 1124 eo
1826 1068 1887 1123 in
1941 1073 2210 1125 montem

554 1148 680 1231 non
710 1154 1103 1213 ascenderant
1133 1176 1146 1211 :
1174 1170 1314 1210 cum
1346 1155 1504 1211 enim
1532 1155 1642 1211 hos
1669 1156 1828 1213 solos
1849 1157 2212 1214 invenissent

560 1245 794 1311 Scribaa,
848 1243 1397 1301 circumveniebant
1425 1244 2017 1317 interrOgationibus,
2048 1247 2211 1303 futu-

556 1352 693 1393 rum
742 1336 1071 1407 sperantes,
1116 1337 1177 1390 ut
1232 1332 1365 1390 illos
1417 1334 1825 1407 compedirent
1874 1351 1979 1392 seu
2054 1336 2214 1393 falle-

558 1429 703 1483 rent.

630 1515 798 1569 Vers.
832 1512 919 1569 15.
947 1512 1272 1585 Statimque
1295 1543 1365 1554 —
1393 1513 1705 1583 obstupuit.
1743 1512 2082 1587 Obstupuit,
2116 1522 2219 1572 aut

560 1608 803 1677 propter
835 1617 1112 1659 accessus
1127 1603 1653 1676 opportunitatem,
1680 1603 1856 1675 quasi
1876 1619 2221 1676 praecogno-

563 1693 704 1750 verit
734 1686 1077 1751 Scribarum
1129 1691 1522 1759 invasionem,
1571 1692 1823 1766 ideoque
1848 1693 1927 1749 ad
1964 1694 2221 1768 discipu-

564 1782 760 1840 lorum
786 1781 1076 1840 auxilium
1106 1781 1431 1838 advenerit.

637 1870 743 1928 Vel
775 1876 1016 1944 propter
1058 1871 1439 1943 splendorem
1494 1875 1773 1943 aspectus
1802 1872 1949 1941 ejus.
1991 1873 2218 1931 Etenim

566 1956 885 2018 verisimile
899 1965 1033 2016 esta
1058 1959 1581 2017 transformatione
1602 1962 1857 2031 gratiam
1883 1961 2217 2035 quamdam

566 2053 933 2107 contractam
963 2063 1113 2104 esse.

638 2142 800 2196 Vers.
837 2140 921 2195 t5.
952 2139 1029 2195 Et
1053 2141 1425 2196 accurrentes
1455 2170 1524 2181 -
1548 2154 1697 2197 eum.
1731 2140 1841 2207 Qui
1892 2140 2162 2198 videlicet
2186 2156 2219 2198 e

570 2230 747 2286 turba
766 2232 935 2286 erant
963 2227 1362 2285 desiderantes
1391 2245 1529 2285 eum
1581 2230 1751 2301 quasi
1781 2229 2220 2287 benefactorem

569 2330 640 2376 ac
671 2317 1038 2375 Salvatorem
1062 2333 1080 2372 :
1106 2331 1227 2373 non
1253 2323 1449 2373 autem
1472 2318 1658 2374 invidi
1685 2319 1928 2376 Scribae.

641 2409 804 2465 Vers.
870 2407 953 2464 16.
1018 2407 1094 2463 Et
1164 2409 1542 2480 interrogavit
1600 2439 1671 2450 —
1726 2425 1816 2466 eos
1864 2411 1893 2464 φ
1930 2410 2072 2465 Cum
2124 2408 2222 2466 ille

568 2499 1003 2570 interrogasset,
1062 2496 1265 2554 nullus
1324 2496 1561 2557 illorum
1618 2499 1983 2571 respondere
2039 2515 2224 2556 ausus

568 2592 678 2649 est.

641 2680 802 2735 Vers.
828 2679 919 2735 17.
946 2676 1025 2732 Et
1061 2675 1417 2746 respondens
1442 2706 1511 2717 —
1536 2677 1695 2733 Vers.
1732 2678 1817 2733 18.
1847 2679 2080 2736 arescit.
2106 2680 2226 2735 Mu-

571 2765 871 2824 tum'dixit
913 2764 1201 2835 spiritum,
1261 2768 1464 2835 utpote
1510 2765 1937 2837 impedientem
1988 2767 2093 2825 ﬁlii
2132 2767 2225 2824 sui

573 2854 879 2928 loquelam
911 2869 923 2908 :
951 2868 1062 2909 nec
1118 2852 1180 2908 id
1216 2857 1468 2920 tantum,
1500 2854 1606 2910 sed
1641 2859 1698 2911 et
1743 2856 2017 2912 auditum
2068 2857 2220 2928 ejus,

576 2944 748 3003 sicuti
808 2948 1045 3015 postea.
1083 2942 1512 3001 declarabitur.
1578 2946 1819 3001 Lacerat
1848 2950 2069 3014 autem,
2116 2948 2226 3004 hoc

576 3043 681 3100 est,
719 3031 920 3105 dejicit
972 3032 1033 3088 in
1073 3036 1310 3089 terram.
1337 3033 1581 3101 Arescit,
1629 3033 1692 3090 id
1744 3039 1848 3101 est,
1884 3034 2010 3092 sine
2039 3051 2225 3093 sensu

575 3129 683 3180 est.

646 3212 957 3271 Mattheus
1011 3227 1154 3271 vero
1214 3212 1510 3270 tricesimo
1557 3213 1763 3286 quinto
1855 3215 2046 3288 capite
2124 3216 2227 3285 ait,

575 3303 776 3376 ipsum
802 3302 1018 3360 dixisse
1051 3322 1065 3363 :
1097 3303 1353 3368 Domine,
1382 3304 1648 3361 miserere
1669 3303 1780 3372 ﬁlii
1799 3304 1929 3371 mei,
1970 3306 2113 3377 quia
2140 3308 2229 3362 lu-

573 3393 809 3450 naticus
836 3396 912 3448 est
936 3392 1196 3449 etmisere
1207 3392 1504 3463 afﬂigitur
1529 3394 1595 3447 θ’.
1629 3393 1947 3453 Verisimile
1964 3409 2107 3466 ergo
2119 3399 2227 3465 est,

574 3487 630 3538 et
669 3482 784 3539 hoc
814 3486 875 3539 et
903 3481 1051 3538 illud
1080 3484 1279 3554 ipsum
1310 3481 1549 3537 dixisse.

610 3620 613 3623 .
646 3571 809 3627 Vers.
858 3572 942 3626 18.
973 3571 1049 3626 Et
1073 3570 1228 3627 dixit
1255 3602 1324 3611 —
1349 3571 1512 3627 Vers.
1546 3572 1638 3629 t9.
1683 3571 1758 3628 ad
1777 3586 1886 3630 me.
1918 3576 1983 3629 ln
2008 3572 2109 3631 illo
2133 3590 2230 3632 ca-

574 3658 696 3732 pite
715 3659 790 3717 de
813 3659 904 3716 his
940 3659 1306 3732 disputatum
1337 3664 1443 3716 est.

651 3750 807 3805 Vers.
838 3750 932 3807 20.
966 3749 1044 3806 Et
1090 3751 1418 3806 attulerunt
1447 3780 1517 3791 —
1582 3765 1886 3821 spumans.
1950 3752 2231 3811 Permisit

576 3839 707 3896 hinc
733 3839 931 3911 ipsum
959 3838 1097 3912 pati,
1148 3845 1209 3896 ut
1230 3839 1496 3896 viderent
1545 3839 1648 3913 qui
1694 3844 2009 3912 praesentes
2061 3848 2229 3900 erant

577 3927 858 4001 aquibus
907 3927 1345 3985 calamitatibus
1406 3927 1757 3985 liberandus
1805 3935 2003 3986 esset:
2046 3936 2228 4004 utque

577 4022 899 4089 postquam
962 4016 1205 4073 vidisset
1267 4020 1437 4088 pater
1499 4017 1628 4087 ejus
1686 4016 2055 4075 daemonium
2100 4022 2229 4077 viso

580 4105 809 4163 Christo
838 4104 1086 4170 turbari,
1119 4103 1198 4160 ad
1226 4104 1512 4161 ﬁduciam
1542 4107 1617 4160 de
1646 4104 1776 4174 ejus
1808 4106 2022 4163 virtute
2050 4108 2228 4165 indu-

579 4196 831 4250 ceretur.

650 4283 810 4338 Vers.
837 4284 926 4338 2t.
959 4281 1034 4339 Et
1059 4281 1447 4353 interrogavit
1496 4312 1564 4324 -
1594 4281 1758 4338 Vers.
1814 4286 1902 4339 22.
1961 4300 2089 4342 eum
2145 4287 2232 4344 In-

578 4370 898 4441 terrogavit
917 4375 982 4427 ut
1001 4369 1102 4427 illo
1118 4370 1515 4444 respondente
1539 4379 1968 4443 cognoscerent
1985 4375 2230 4432 audien-

2314 529 2397 584 ἐπὶ
2450 539 2541 585 τοῦ
2599 531 2822 601 ἐλήλυθε,
2878 538 3083 591 νόησον.
3146 538 3283 591 Φησὶ
3328 536 3430 609 γὰρ
3477 534 3696 598 Ἡσαΐας
3744 552 3759 567 '
3814 543 3957 591 Φω-

2312 624 2372 680 νὴ
2400 620 2621 692 βοῶντος
2652 621 2699 674 ἐν
2726 630 2787 695 τῇ
2832 621 3027 699 ἐρήμῳ,
3059 627 3150 674 καὶ
3179 625 3245 675 τὰ
3285 622 3401 685 ἑξῆς
3431 624 3566 694 (63).
3599 623 3623 697 ]

2388 712 2572 773 Καθὼς
2599 715 2889 784 γέγραπται
2918 716 3035 787 περὶ
3076 711 3256 764 αὐτοῦ.
3300 718 3521 788 Προεῑπε
3560 715 3662 786 γὰρ
3700 711 3957 774 Ἡσαΐας

2314 804 2405 852 καὶ
2433 804 2551 876 περὶ
2575 808 2667 854 τοῦ
2696 803 2897 864 πάθους
2925 808 3016 854 τοῦ
3049 800 3307 857 Ἰωάννου.

2589 932 2731 981 ΚΕΦ.
2769 926 2883 987 KC’.
2920 930 3045 999 Περὶ
3070 933 3160 979 τοῦ
3193 924 3643 999 σεληνιαζομένου.

2392 1018 2493 1066 Καὶ
2545 1012 2698 1067 ἐλθων
2746 1045 2813 1055 —
2858 1014 3056 1077 αὐτοῖς.
3114 1016 3368 1076 Μαθητὰς
3439 1023 3527 1067 νῦν
3592 1021 3708 1077 τοὺς
3785 1015 3959 1070 ἐννέα

2317 1100 2472 1173 λέγει,
2536 1106 2653 1164 τοὺς
2734 1108 2804 1177 μη
2883 1102 3266 1165 συναναϐάντας
3323 1104 3461 1176 αὐτῷ
3522 1104 3593 1167 είς
3662 1108 3720 1157 τὸ
3783 1110 3958 1179 ὄρος.

2320 1191 2547 1253 Τούτους
2599 1196 2700 1265 γὰρ
2756 1195 2985 1268 εὑρόντες
3060 1197 3249 1265 μόνους
3328 1195 3377 1246 οἱ
3448 1200 3778 1269 Γραμματείς
3832 1214 3957 1247 πε-

2320 1279 2540 1352 ριείλκον
2590 1289 2701 1342 ταῖς
2765 1280 3074 1357 ἐρωτήσεσι,
3134 1279 3594 1357 προσδοκήσαντες
3654 1281 3959 1357 συμποδί-

2325 1368 2449 1428 ζειν.

2401 1571 2501 1619 Καὶ
2548 1566 2733 1630 εὐθεως
2780 1599 2848 1610 —
2909 1567 3256 1642 ἐξεθαμϐήθη.
3318 1568 3700 1642 Ἐξεθαμϐἠθη,
3759 1571 3793 1630 ἦ
3840 1568 3961 1624 δια

2327 1658 2385 1708 τὸ
2438 1660 2638 1726 καίριον
2702 1664 2797 1718 τῆς
2862 1653 3163 1730 ἐπιδημίας,
3229 1658 3315 1711 οἶα
3388 1663 3774 1734 προεγνωκότος
3845 1665 3957 1719 τὴν

2256 1789 2296 1845 Β
2328 1743 2555 1798 ἐπίθεσιν
2620 1753 2721 1797 τῶν
2787 1751 3156 1818 Γραμματέων,
3210 1752 3299 1799 καὶ
3351 1745 3444 1800 διὰ
3508 1756 3657 1801 τοῦτο
3722 1754 3955 1821 ταχέως

2328 1832 2634 1897 ἐπιστάντος
2662 1838 2787 1907 πρὸς
2812 1834 3112 1909 ἐπικουρίαν
3139 1844 3237 1889 τῶν
3267 1839 3532 1909 μαθητῶν.

2395 1923 2462 1976 Ἠ
2524 1920 2618 1976 διὰ
2669 1928 2762 1982 τὴν
2809 1921 3140 1998 φαιδρότητα
3191 1935 3282 1986 τῆς
3329 1934 3531 1998 μορφῆς
3583 1926 3763 1980 αὐτοῦ.
3830 1928 3959 1981 Καὶ

2325 2016 2426 2086 ’γὰρ
2459 2013 2592 2074 εἰκὸς
2622 2012 2920 2085 ἕφέλκεσθαί
2967 2034 3083 2067 τινα
3133 2017 3294 2091 χάριν
3349 2014 3404 2068 ἐκ
3447 2025 3544 2078 τῆς
3589 2025 3956 2091 μεταμορφὼ-

2331 2121 2429 2155 σεω
2438 2123 2477 2164 ς.

2400 2196 2501 2245 Καὶ
2579 2196 2995 2265 προστρέχοντες
3057 2222 3125 2234 —
3188 2193 3362 2247 αὐτόν.
3434 2197 3499 2247 Οἱ
3571 2202 3662 2247 τοῦ
3746 2196 3952 2268 ὄχλου,

2328 2282 2607 2342 ποθοῦντες
2636 2280 2810 2352 αὐτὸν,
2850 2284 2919 2342 ὡς
2970 2280 3234 2356 εὐεργέτην
3287 2288 3377 2336 καὶ
3421 2292 3634 2359 Σωτῆρα
3668 2302 3678 2315 ·
3722 2286 3782 2338 οὗ
3841 2291 3951 2358 μὴν

2330 2370 2379 2422 οἱ
2421 2367 2680 2441 βάσκανοι
2703 2376 3033 2443 Γρομμοτείς.

2404 2463 2505 2512 Καὶ
2541 2457 2848 2533 ἐπηρώτησε
2877 2490 2947 2500 -
2975 2460 3166 2523 αὐτούς
3198 2478 3211 2528 ;
3249 2461 3724 2536 Ἐπερωτὴσαντος,
3768 2462 3951 2528 οὐδεὶς

2332 2548 2533 2601 ἐκείνων
2563 2546 2841 2622 ἐτόλμησεν
2869 2547 3236 2625 ἀποκριθῆναι.

2407 2749 2507 2798 Καὶ
2561 2742 2862 2818 ἀποκριθεὶς
2921 2775 2988 2785 --
3051 2744 3367 2818 ξηραίνεται.
3422 2743 3641 2798 Ἃλαλον
3701 2743 3807 2798 εἷπε
3874 2750 3936 2799 τό

2333 2841 2554 2906 πνεῦμα,
2587 2836 2652 2894 ὡς
2695 2832 2881 2905 ἐπέχον
2930 2838 3021 2892 τὴν
3078 2833 3257 2885 λαλιὰν
3322 2842 3413 2886 τοῦ
3463 2836 3579 2886 υἱοῦ
3623 2834 3797 2890 αὐτοῦ.
3847 2834 3928 2886 Οὐ

2334 2927 2486 2996 μόνον
2518 2919 2577 2975 δὲ
2624 2925 2834 2987 ταύτην,
2886 2921 3012 2974 ἀλλὰ
3053 2926 3142 2973 καὶ
3198 2927 3292 2981 τὴν
3350 2921 3510 2982 ἀκοὴν
3542 2923 3721 2989 αὐτοῦ,
3760 2924 3939 2985 καθὼς

2336 3012 2453 3075 ἑξῆς
2496 3009 2875 3069 δηλωθήσεται.
2908 3016 2978 3064 Τὸ
3008 3015 3097 3083 μεν
3129 3012 3216 3063 οὖν
3245 3013 3458 3086 ῥήσσει,
3491 3010 3601 3065 ἀντὶ
3630 3021 3743 3079 τοῦ,
3776 3032 3943 3065 κατα-

2254 3100 2507 3196 Οϐάλλει
2537 3100 2610 3163 εἰς
2636 3109 2735 3173 ’γῆν
2774 3121 2787 3134 ο
2824 3103 2882 3152 τό
2927 3097 2986 3153 δὲ
3045 3101 3360 3176 ξηραίνεται,
3418 3100 3532 3154 ἀντὶ
3583 3109 3695 3165 τοῦ,
3757 3102 3945 3155 ἀναισ-

2340 3193 2503 3249 θητεῖ.

2408 3282 2673 3340 Ματθαίος
2721 3276 2779 3332 δέ
2838 3299 2994 3351 φησιν
3048 3278 3096 3331 ἐν
3149 3288 3219 3352 τῷ
3257 3289 3552 3355 τριακοστῷ
3599 3285 3818 3353 πέμπτῳ
3864 3301 3941 3334 κε-

2338 3370 2557 3444 φαλαίῳ,
2603 3370 2759 3423 εἰπεῖν
2804 3369 2954 3421 αὐτόν
2984 3389 2996 3401 ·
3033 3371 3208 3443 Κύριε,
3254 3368 3461 3427 ἐλέησόν
3515 3390 3613 3441 μου
3660 3373 3749 3423 τόν
3807 3374 3941 3436 υἱόν,

2337 3461 2418 3513 ὅτι
2470 3459 2827 3519 σεληνιάζεται
2873 3462 2962 3511 καὶ
3013 3466 3187 3521 κακῶς
3240 3460 3462 3531 πάσχει.
3524 3458 3676 3519 Εἰκὸς
3734 3456 3816 3529 δε,
3850 3466 3942 3514 καὶ

2335 3556 2487 3601 τοῦτο
2514 3547 2718 3601 κάκεῖνο
2749 3548 2905 3600 εἰπεῖν
2934 3547 3113 3603 αὐτόν.

2409 3643 2509 3692 Καὶ
2532 3635 2671 3691 εἶπον
2713 3670 2779 3677 -
2808 3642 2936 3713 πρός
2965 3656 3046 3709 με.
3097 3637 3177 3690 Ἐν
3229 3635 3400 3709 ἐκείνῳ
3431 3644 3503 3708 τῷ
3533 3637 3793 3711 κεφαλαίῳ
3825 3645 3942 3713 περὶ

2334 3731 2527 3781 τούτων
2556 3727 2881 3799 ἐσαφηνίσθη
2893 3766 2905 3777 .

2409 3822 2511 3871 Καὶ
2581 3821 2800 3888 ἤνεγκαν
2870 3846 2938 3857 -
3025 3813 3278 3888 ἀφρίζων.
3352 3822 3694 3889 Συνεχὼρησε
3777 3826 3941 3871 ταῦτα

2334 3909 2517 3960 παθεῖν
2561 3906 2736 3974 αὐτόν,
2776 3906 2859 3957 ἶνα
2896 3901 3085 3957 ἴδωσιν
3140 3906 3189 3956 οἱ
3226 3908 3490 3978 παρόντες,
3532 3906 3645 3966 οἰας
3698 3903 3940 3979 ἐπηρείας

2338 3995 2757 4049 ἀπαλλάττεσθαι
2804 3993 2993 4067 μέλλει,
3048 3999 3137 4045 καὶ
3191 3995 3274 4045 ἵνα
3326 3998 3483 4065 γνοὺς
3538 3995 3564 4045 ό
3612 3998 3810 4063 πατὴρ,
3859 3995 3938 4045 ὅτι

2338 4083 2632 4159 θορυϐεῖται
2682 4086 2740 4136 τό
2798 4080 3087 4155 δαιμόνιον,
3140 4079 3252 4135 ἰδόν
3313 4085 3398 4135 τὸν
3450 4085 3704 4157 Χριστόν,
3753 4082 3822 4144 εἰς
3857 4087 3940 4134 πί-

2340 4193 2453 4227 στιν
2478 4181 2574 4235 τῆς
2594 4172 2750 4225 αὐτοῦ
2782 4169 3050 4245 δυνάμεως
3076 4170 3294 4244 ἐναχθῇ.

2412 4374 2506 4423 Καὶ
2582 4367 2887 4444 ἐπηρώτησε
2966 4400 3034 4409 --
3110 4367 3283 4423 αὐτόν.
3379 4367 3766 4441 Ἐπηρώτησεν,
3855 4368 3934 4419 ἱνα

580 4463 693 4526 tes,
722 4459 889 4532 quod
913 4459 1045 4533 jam
1070 4458 1211 4517 olim
1238 4458 1592 4533 perdidisset
1616 4477 1777 4528 eum,
1807 4462 1921 4519 nisi
1945 4462 2221 4522 divinitus

2341 4459 2701 4533 ἀποκριθέντος
2768 4457 2980 4524 ἐκείνου,
3036 4464 3201 4529 γνοῖεν
3268 4458 3316 4509 οἰ
3357 4454 3644 4525 ἀκούοντες,
3702 4459 3776 4507 ὅτι
3824 4458 3924 4507 πά-

579 4549 781 4607 fuisset
808 4549 1119 4606 cohibitus.

653 4639 815 4695 Vers.
844 4640 934 4695 22.
965 4638 1075 4696 Sed
1097 4639 1151 4695 si
1176 4638 1326 4711 quid
1344 4670 1409 4680 —
1435 4641 1635 4697 nostri.
1669 4640 1841 4698 Vides
1866 4640 2032 4714 quod
2048 4641 2231 4700 ﬁdem

580 4742 704 4786 non
732 4727 951 4786 habeat
968 4727 1383 4785 indubitatam.

652 4818 819 4876 Vers.
842 4822 929 4876 23.
960 4819 1128 4876 Iesus
1157 4822 1353 4876 autem
1383 4849 1437 4859 —
1499 4820 1779 4877 credenti.
1812 4819 2136 4876 Potentiam
2168 4821 2230 4877 in

579 4909 699 4965 ﬁde
720 4907 877 4965 illius
904 4908 1169 4980 reposuit
1196 4907 1368 4976 ;hinc
1396 4907 1644 4980 quidem
1696 4908 1959 4978 dirigens
1989 4923 2128 4966 eum
2152 4910 2231 4967 ad

580 4998 785 5065 ﬁdem,
811 4996 968 5055 illinc
982 5011 1121 5055 vero
1149 4996 1224 5054 de
1275 5013 1338 5056 se
1366 4997 1504 5071 ipso
1558 4996 1822 5055 modeste
1878 4998 2117 5071 sapiens
2159 5015 2230 5058 ac

580 5085 853 5160 loquens.

612 5250 619 5254 ’
652 5264 700 5302 ⁸ο
730 5266 842 5325 Isa.
872 5280 968 5338 κε,
996 5268 1026 5324 3
1140 5266 1182 5304 οι
1216 5264 1420 5326 Matth.
1448 5280 1588 5331 xvu,
1624 5268 1683 5322 15

2338 4550 2425 4602 λαι
2477 4547 2536 4600 ἃν
2602 4547 2834 4601 ἀπώλεσε
2888 4554 3090 4612 τοῦτον,
3154 4547 3197 4599 εἰ
3275 4550 3347 4619 μὴ
3429 4548 3599 4599 θεόθεν
3670 4544 3916 4615 (hixuri-

2342 4639 2477 4700 ζετο.

2411 4726 2546 4782 Ἀλλ’
2588 4728 2632 4779 εἶ
2683 4745 2732 4777 τι
2778 4756 2841 4765 -
2874 4726 3031 4797 ἡμᾶς.
3081 4723 3259 4800 Ὁρᾷς,
3317 4732 3427 4785 πῶς
3478 4725 3572 4777 οὐκ
3621 4719 3730 4795 εἶχε
3757 4726 3923 4774 πίστιν

2341 4814 2661 4870 ἁδίστακτον
2672 4858 2682 4869 .

2408 4907 2466 4958 Ὁ
2525 4902 2583 4958 δὲ
2629 4905 2837 4963 Ἰησοῦς
2888 4933 2957 4943 --
3007 4904 3329 4957 πιστεύοντι.
3395 4910 3466 4975 Τῇ
3541 4906 3719 4953 πίστει
3782 4899 3929 4951 αὐτοῦ

2338 5000 2429 5055 τὴν
2462 4992 2682 5066 δύναμιν
2724 4991 2958 5050 ἀνέθηκε.
3009 4999 3175 5045 Τοῦτο
3218 4995 3330 5065 μὶν,
3388 4994 3802 5066 προτρεπόμενος
3852 4988 3932 5041 αὖα

2341 5089 2426 5140 τὸν
2454 5084 2520 5145 εἰς
2547 5087 2745 5149 πίστιν,
2778 5088 2934 5135 τοῦτο
2970 5076 3046 5153 δε,
3076 5090 3451 5156 μετριοφρονῶν
3478 5080 3655 5142 αὐτὸς.

1868 5441 2093 5513 Variae
2131 5441 2458 5512 lectiones
2480 5448 2547 5508 et
2576 5445 2781 5506 notae.

681 5637 771 5710 62)
800 5636 929 5694 Hac
959 5636 1021 5710 in
1073 5637 1347 5710 margine
1376 5639 1442 5693 A.

681 5638 771 5710 62)
800 5638 929 5694 Hac
959 5638 1021 5694 in
1073 5638 1347 5707 margine
1376 5639 1442 5693 A.

650 5638 765 5784 é63)
797 5710 938 5777 Quae
958 5709 1052 5768 hic
1083 5712 1161 5768 ab
1186 5708 1355 5767 initio
1385 5710 1570 5781 signis
1610 5708 1981 5780 inclusimus,
2030 5725 2100 5768 ea
2131 5725 2227 5767 co-

2306 5592 2309 5593 ν
2335 5636 2451 5709 dex
2477 5636 2522 5709 Β
2568 5632 2688 5709 ᾕὶοᾼ
2713 5631 2784 5709 in
2829 5632 2949 5709 ﬁne

2311 5702 2629 5781 ‘p'a'rticula
2657 5706 2715 5768 ἦ.
2747 5702 3099 5762 Gerebat—iis
3135 5702 3484 5762 Hentenius.

3001 5635 3136 5704 post
3182 5631 3417 5704 Ἰωάννου
3476 5626 3669 5697 addit,
3698 5626 3931 5704 praeﬁxa
