4170 6364
233 358 340 417 821

347 487 449 539 Καὶ
479 482 662 541 εὐθέως
689 508 758 519 -
783 496 882 550 μου
922 481 984 548 τῇ
1029 471 1270 543 ἀπιστίᾳ.
1311 476 1384 543 Τῇ
1419 470 1583 541 μέχρι
1618 471 1726 518 νῦν.

310 676 459 734 Ἰδὼν
513 708 579 718 -
609 675 910 749 ἀκαθάρτῳ.
935 672 1147 742 Ταχέως
1178 666 1414 724 ἀπήλασε
1444 667 1501 716 τὸ
1546 660 1837 735 δαιμόνιον,

243 773 327 823 ἵνα
355 774 425 841 μὴ
455 768 556 820 ύπό
583 764 824 818 πλειόνων
849 762 1102 834 κροτηθῇ.

314 862 491 929 Λέγων
559 887 627 896 -
682 853 862 906 αὐτοῦ.
916 850 1047 921 Ἐγὼ
1129 866 1213 900 σοι
1271 845 1561 912 ἐπιτάσσω,
1633 842 1686 893 ὃν
1760 836 1841 890 οἶ-

242 946 359 1010 δας.

315 1040 417 1091 Καὶ
447 1065 516 1076 -
544 1034 719 1087 αὐτόν.
774 1038 938 1084 Τοῦτο
989 1026 1117 1096 εἷπε,
1149 1021 1426 1099 προειδὼς,
1460 1024 1539 1075 ὅτι
1573 1022 1661 1071 καὶ
1692 1014 1843 1075 eam;

243 1126 443 1199 ἔμελλεν
478 1124 627 1187 ἀξίως
650 1117 983 1178 ἐπιπηὸἤσαι
1022 1117 1185 1187 αύτῷ,
1220 1112 1315 1167 διὰ
1351 1118 1445 1171 τήν
1474 1112 1721 1163 ἀπιστίαν
1752 1102 1841 1157 αὖ·

238 1224 354 1271 τοῦ.
417 1214 613 1268 Κωλύει
656 1208 742 1265 οὖν
774 1210 922 1277 αὐτὸ,
952 1209 1032 1258 ἵνα
1062 1211 1131 1279 μὴ
1177 1203 1302 1278 δόξῃ
1339 1205 1419 1255 ὅτι
1474 1201 1567 1253 οὐκ
1599 1196 1840 1255 ἀπηλάθη

241 1310 512 1381 πρότερον.

319 1503 419 1553 Καὶ
448 1497 727 1572 κράξανο-
750 1490 1213 1565 ἀνέστη.”Εκραξε,
1247 1494 1519 1561 σημαῖνον,
1554 1486 1633 1537 ὅτι
1658 1482 1847 1557 βιαίως

246 1589 601 1642 ἀπελαύνεται.

327 1790 427 1839 Καὶ
484 1782 775 1836 εἰσελθόντα
856 1810 924 1818 ——
979 1777 1106 1830 αύτό
1169 1794 1181 1843 ;
1245 1780 1314 1831 Τὸ
1392 1776 1490 1843 ὅτι,
1554 1772 1669 1825 ἀντὶ
1733 1778 1845 1839 τοῦ,

1979 1813 2119 1852 ωηο
2150 1793 2446 1864 signiﬁcat
2474 1802 2660 1860 quare
2690 1804 2703 1841 :
2738 1784 2819 1838 ita
2843 1780 3003 1837 enim
3034 1775 3181 1833 dixit
3213 1771 3481 1829 Matthaau

254 1873 420 1930 διατί.
457 1873 607 1926 Οὕτω
651 1872 752 1944 γάρ
817 1866 950 1922 εἶπεν
1003 1869 1028 1919 ό
1084 1868 1349 1926 Ματθαῐος
1408 1884 1420 1897 ·
1455 1865 1483 1923 ἣ
1534 1866 1591 1914 τὸ
1646 1860 1850 1935 ἐπηρώ-

249 1985 348 2017 των
406 1962 581 2026 αὐτὸν,
663 1959 775 2011 ἀντὶ
849 1964 963 2021 τοῦ,
1030 1958 1194 2027 ἔλεγον
1252 1955 1412 2023 αὐτῷ.
1492 1951 1681 2004 ῐΙολλαὶ
1744 1952 1845 2022 γὰρ

250 2061 492 2106 τοιαῦται
543 2052 903 2123 καταχρήσεις
944 2048 1088 2121 παρά
1137 2052 1209 2115 τῷ
1258 2046 1475 2117 Μάρκῳ.
1534 2044 1749 2115 Εἴρηται
1789 2034 1848 2090 δὲ

249 2148 339 2195 καὶ
364 2147 483 2217 περὶ
530 2142 723 2200 ταύτης
754 2145 847 2198 τῆς
873 2135 1169 2210 ἐρωτήσεως
1202 2133 1250 2186 ἐν
1281 2142 1352 2203 τῷ
1386 2128 1670 2190 δηλωθέντι
1699 2148 1848 2202 κεφα-

247 2231 396 2305 λαίῳ.

322 2521 423 2571 Καὶ
458 2516 592 2568 εἶπεν
632 2544 700 2555 -
729 2514 963 2583 νηστείᾳ.
1006 2510 1088 2563 Ἐν
1117 2504 1290 2561 οὐδενὶ
1322 2507 1472 2580 ἑτέρῳ
1501 2508 1691 2579 τρόπῳ.
1718 2504 1852 2556 Ἐκεῖ

249 2604 309 2660 δὲ
340 2612 431 2659 καὶ
460 2609 579 2680 περὶ
603 2606 788 2656 τούτου
830 2598 1149 2658 διείληπται.

324 2700 424 2749 Καὶ
446 2693 632 2747 ἐκεῖθεν
664 2691 937 2754 ἐξελθόντες
961 2721 1029 2729 —
1052 2696 1177 2761 γνῷ.
1203 2689 1352 2739 Διατί
1381 2685 1475 2737 ούκ
1504 2682 1669 2750 ἤθελε,
1700 2680 1855 2740 δηλοῖ

246 2788 305 2837 τὸ
351 2784 682 2856 ἐπαγόμενον,
741 2782 823 2833 ἵνα
854 2776 1042 2853 μηδεὶς
1073 2778 1240 2852 ἔτερος
1278 2777 1442 2848 μάθῃ,
1502 2777 1620 2846 περὶ
1645 2773 1710 2823 ὧν
1740 2776 1853 2824 τότε

254 2868 535 2943 διελέγετο.

329 2957 617 3013 Ἐδίδασκε
656 2989 714 2998 -
750 2957 1119 3015 ἀναστήσεται.
1156 2958 1369 3029 Εἴρηται
1398 2955 1488 3005 καὶ
1514 2956 1632 3023 περὶ
1670 2952 1852 3003 τούτου

256 3047 344 3101 ἰπὶ
381 3048 555 3110 τελους
597 3054 686 3101 τοῦ
739 3048 983 3123 ῥηθέντος
1038 3050 1354 3120 τριακοστοῦ
1401 3046 1636 3114 πέμπτου
1693 3059 1854 3111 κεφα-

253 3137 427 3191 λαίου.

329 3230 395 3280 Οἱ
445 3223 504 3279 δὲ
562 3257 630 3266 -
687 3224 1011 3300 ἐπερωτῆσαι
1063 3263 1075 3276 .

250 3336 368 3371 του.

1146 3222 1369 3294 Ὁμοίως
1425 3225 1515 3273 καὶ
1570 3223 1688 3294 περὶ
1740 3220 1855 3271 τού-

328 3429 476 3477 ΚΕΦ.
520 3422 638 3476 KZ’.
678 3425 799 3494 Περὶ
836 3428 934 3473 τῶν
963 3416 1421 3490 διαλογιζομένων,
1448 3420 1526 3477 τίς
1570 3416 1779 3488 μείζων.

330 3516 431 3564 Καὶ
484 3508 628 3570 ἦλθεν
704 3542 770 3551 —
838 3510 1048 3582 μείζων.
1123 3509 1388 3561 Ἐσιώπων
1465 3506 1852 3577 αἰσχυνθέντες,

254 3603 322 3662 ὡς
354 3599 461 3659 ἤδη
511 3602 975 3671 καταγνωσθέντες.
1028 3596 1436 3669 Παρεσημειὼθη
1480 3591 1538 3647 δὲ
1582 3598 1698 3667 περὶ
1731 3596 1852 3645 τού-

252 3709 346 3742 του
373 3688 421 3740 ἐν
450 3697 522 3761 τῷ
556 3696 851 3764 τριακοστῷ
883 3684 1087 3759 ἑϐδόμῳ
1126 3685 1386 3757 κεφαλαίῳ
1432 3691 1525 3736 τοῦ
1579 3685 1713 3735 κατά
1742 3690 1854 3736 Μα-

253 3780 454 3832 τθαῖον.

329 3872 427 3920 Καὶ
474 3868 702 3928 καθίσας
762 3897 830 3906 -
872 3862 1073 3925 δοῦλος.
1117 3866 1305 3938 Εἶρηκε
1352 3869 1504 3915 τοῦτο
1547 3866 1636 3914 καὶ
1688 3862 1736 3914 ἐν
1784 3870 1855 3933 τῷ

249 3963 662 4031 τεσσαρακοστῷ
716 3959 872 4027 τρίτῳ
919 3952 1177 4026 κεφαλαίῳ
1229 3959 1320 4004 τοῦ
1370 3954 1504 4004 κατὰ
1564 3953 1852 4015 Ματθαῑον,

250 4051 344 4097 καὶ
426 4046 656 4106 ζήτησον
723 4047 844 4118 περὶ
898 4046 956 4095 τὸ
1031 4044 1187 4113 μέσον
1239 4048 1329 4092 τοῦ
1413 4044 1650 4093 τοιούτου
1706 4059 1857 4113 κεφα-

250 4134 427 4187 λαίου.

330 4227 432 4275 Καὶ
460 4220 624 4273 λαϐὼν
660 4253 716 4261 -
760 4224 847 4272 τὸν
878 4219 1255 4272 ἀποστείλαντά
1286 4238 1367 4291 με.
1400 4222 1505 4293 Πρὸ
1544 4221 1727 4271 τούτου
1767 4223 1857 4273 καὶ

255 4313 405 4386 ἕτερα
434 4308 585 4374 εἶπεν,
620 4310 747 4383 οἷπερ
781 4312 805 4361 ό
858 4311 1123 4370 Ματθαίος
1154 4308 1431 4381 ἀνέγραψε,
1472 4314 1588 4382 περὶ
1628 4309 1693 4359 ὧν
1728 4310 1857 4380 ὁμοῦ

252 4402 457 4454 πάντων
494 4400 543 4452 ἓν
574 4409 645 4471 τῷ
671 4407 967 4474 τριακοστῷ
998 4394 1203 4470 ἑϐδόμῳ
1229 4398 1485 4469 κεφαλαίῳ
1511 4405 1600 4449 τοῦ
1623 4400 1735 4449 κατ’
1762 4398 1858 4449 αύ-

252 4494 339 4542 τόν
371 4488 686 4560 Εὐαγγελίου
716 4486 1162 4558 λελεπτολόγηται.

324 4579 606 4653 Ἀπεκρίθη
664 4607 729 4616 —
786 4578 932 4648 ἡμῖν.
967 4578 1265 4648 Προσέθηκε
1290 4580 1377 4626 καὶ
1426 4580 1518 4633 τήν
1571 4575 1740 4627 αἰτίαν
1768 4584 1858 4638 τῆς

250 4666 543 4731 κωλύσεως,
581 4666 659 4717 ὅτι
690 4664 782 4717 ούκ
814 4663 1083 4716 ἀκολουθεῖ
1118 4666 1260 4735 ἡμῖν.
1293 4666 1435 4724 Τινὲς
1463 4666 1561 4735 γὰρ
1599 4672 1696 4715 τῶν
1724 4685 1856 4717 πισ-

252 4757 565 4820 τευσάντων,
601 4757 749 4825 ἔρωτι
777 4750 1241 4825 δόξης,ἐμιμούντο
1267 4755 1385 4811 τοὺς
1410 4750 1748 4817 ἀποστόλους,
1768 4760 1857 4807 καὶ

254 4852 317 4915 τῇ
362 4842 630 4900 ἐπικλήσει
650 4849 742 4894 τοῦ
784 4841 1034 4914 ὀνόματος
1072 4849 1163 4893 τοῦ
1190 4848 1422 4916 Χριστοῦ
1456 4837 1703 4912 δαίμονας
1728 4840 1858 4900 ἀπή-

255 4932 460 4995 λαυνον,
516 4930 606 4982 οὐκ
638 4930 952 4989 ἠκολούθουν
985 4926 1043 4983 δε
1083 4930 1249 4996 αύτοί,
1310 4926 1403 4982 διὰ
1431 4934 1524 4987 τὴν
1556 4928 1856 5003 ἐγκράτειαν

258 5028 350 5075 καὶ
383 5022 781 5096 σκληραγωγίαν
811 5022 1001 5075 αὐτῶν.

331 5201 390 5253 Ὁ
444 5196 503 5253 δὲ
561 5200 764 5262 Ἰησοῦς
816 5233 883 5240 -—
948 5198 1306 5270 κακολογῆσαί
1364 5218 1446 5272 με.
1510 5196 1855 5271 Δοξαζόμενος

253 5292 360 5363 γὰρ
396 5286 486 5343 διὰ
515 5297 607 5341 τοῦ
649 5288 895 5362 ὀνόματός
957 5308 1078 5361 μου,
1140 5285 1375 5362 βραδέως
1432 5290 1492 5340 οἶν
1537 5307 1599 5359 με
1647 5289 1856 5343 κακολο-

253 5386 424 5452 γήσῃ,
454 5383 739 5451 τουτέστιν,
798 5381 890 5442 ἕως
937 5377 996 5429 ἂν
1028 5378 1119 5451 ἐρᾷ
1174 5375 1329 5441 δόξης
1374 5382 1460 5429 καὶ
1489 5386 1610 5451 ποιῇ
1665 5388 1858 5451 σημεῖα

256 5466 353 5522 διὰ
382 5476 472 5520 τοῦ
530 5468 782 5541 ὀνόματός
819 5489 940 5540 μου,
977 5468 1069 5520 οὐκ
1109 5466 1167 5519 ἂν
1200 5466 1562 5540 βλασφημήση
1606 5487 1687 5539 με.
1730 5476 1856 5521 Συν-

255 5563 448 5632 εχὼρει
489 5554 547 5609 δὲ
586 5562 675 5609 καὶ
724 5561 930 5620 τούτοις
998 5559 1430 5631 θαυματουργεῖν,
1486 5558 1597 5628 οἶμα
1624 5560 1735 5629 μὲν,
1788 5561 1860 5623 εἰς

329 5710 376 5743 η
404 5707 601 5765 Matth.
633 5721 773 5763 xvn.
808 5706 893 5762 19.

1435 336 1805 399 COMMENT.
1846 332 1917 390 IN
1958 327 2292 388 MARCUM.
2339 355 2407 367 —-
2445 323 2600 382 CAP.
2641 319 2733 377 IX.

1866 459 1915 512 A
1961 478 1967 483 δ
2018 461 2183 515 Vers.
2226 457 2315 511 24.
2348 450 2676 521 Statimque
2706 475 2772 489 —
2801 436 3222 502 :‘ncredulitalz'
3253 448 3415 500 mele,
3464 432 3604 498 Qua

1945 552 2234 606 hactenus
2264 542 2392 599 fuit.

3496 304 3604 361 8'22

2018 639 2183 693 Vers.
2203 639 2288 689 25.
2326 633 2473 686 Cum
2503 627 2737 683 vidisset
2763 656 2829 664 —
2854 618 3174 679 immundo.
3200 612 3407 672 Statim
3424 624 3611 684 expug

1946 727 2013 784 lit
2036 727 2374 782 daemonem
2402 734 2475 774 ne
2506 715 2727 772 diutius
2758 712 2855 767 ille
2878 711 3210 765 vexaretur.

2019 817 2186 871 Vers.
2246 816 2333 867 25.
2388 809 2595 863 Dicens
2640 834 2697 846 —
2741 817 2826 858 eo.
2868 801 2991 870 Ego
3030 810 3213 869 quem
3263 792 3438 855 nosti,
3488 786 3609 859 tibi

1951 902 2250 976 prmcipio.

2029 964 2181 1049 Vers.
2213 995 2302 1047 25.
2327 986 2566 1045 Et—in
2595 998 2746 1040 eum.
2780 975 3060 1034 Hocdixit
3079 969 3411 1047 praevidens
3441 964 3611 1040 quod

1954 1084 2218 1141 futurum
2247 1082 2388 1144 erat,
2424 1079 2489 1131 ut
2512 1074 2734 1143 dignus
2771 1070 2926 1124 esset
2951 1069 3192 1137 propter
3217 1074 3391 1114 suam
3419 1056 3611 1112 incre-

1953 1172 2284 1233 dulitatem,
2302 1143 2626 1222 utrursum
2650 1159 2727 1217 ad
2754 1172 2890 1213 eum
2914 1154 3320 1210 reverteretur.
3337 1143 3613 1201 Prohibet

1953 1278 2096 1332 ergo
2138 1275 2298 1326 eum,
2332 1271 2404 1312 ne
2436 1254 2714 1324 cuiquam
2760 1246 3055 1311 videatur,
3084 1238 3252 1317 quod
3280 1235 3449 1309 prius
3488 1245 3613 1288 non

1953 1352 2121 1408 fuerit
2158 1349 2402 1421 ejectus.

2025 1413 2207 1496 Vers:
2237 1442 2326 1493 26.
2383 1436 2461 1490 E't
2508 1447 2640 1489 cum
2682 1425 2994 1485 clamasset
3024 1451 3091 1461 —
3132 1416 3294 1473 Vers.
3345 1413 3435 1470 27.
3479 1423 3617 1467 sur-

1956 1532 2130 1588 rexit.
2167 1525 2471 1589 Clamavit,
2494 1516 2842 1594 signiﬁcans
2867 1509 3033 1585 quod
3052 1505 3341 1564 violenter
3364 1498 3618 1574 expelle-

1956 1622 2135 1675 retur.

2028 1710 2185 1763 Vers.
2226 1708 2314 1760 28.
2350 1703 2606 1771 Cumque
2645 1697 2939 1767 ingressus
2977 1694 3111 1746 esset
3137 1715 3206 1725 —
3234 1679 3456 1739 illum?
3493 1676 3618 1730 Ὀτι

3486 1784 3513 1822 s
3543 1767 3614 1823 θ’.

1958 1893 2067 1941 Aut
2126 1888 2401 1957 ἐπηρώτων
2468 1857 2644 1943 ἀύτὸν,
2700 1871 2829 1944 capi
2897 1870 3108 1940 potest,
3170 1878 3240 1918 ac
3308 1859 3360 1915 si
3426 1857 3615 1921 dicas,

1956 1943 2235 2030 dicebant
2258 1972 2328 2025 ei.
2363 1967 2549 2025 Multae
2567 1943 2863 2035 siquidem
2892 1950 3247 2025 hujusmodi
3266 1943 3621 2035 improprie-

1957 2070 2106 2123 tates
2161 2061 2323 2134 apud
2367 2031 3055 2121 Marcum—reperiuntur.
3087 2044 3154 2097 Et
3200 2040 3280 2091 ὅτι
3328 2031 3624 2105 signiﬁcat

1956 2153 2117 2228 quod
2128 2193 2142 2218 ,
2171 2124 2261 2206 vel
2277 2145 2567 2209 abundat,
2586 2140 2748 2215 quod
2774 2138 3057 2228 frequens
3071 2132 3163 2187 est
3174 2125 3337 2199 apud
3355 2124 3622 2228 Graecos.

1961 2211 2195 2299 ﬁicturn
2236 2241 2323 2295 est
2353 2240 2553 2292 autem
2584 2211 2658 2287 de
2696 2229 2805 2285 hac
2835 2220 3294 2291 interrogatione
3331 2211 3619 2287 praedicto

1959 2338 2196 2478 “si;
2227 2422 2315 2474 29.
2348 2412 2592 2471 Etdtxit
2618 2439 2683 2450 —
2702 2400 3144 2478 jejunium.Per
3173 2393 3407 2452 nullum
3432 2389 3619 2449 alium

1961 2510 2230 2568 modum.
2261 2505 2345 2561 lbi
2375 2507 2576 2560 autem
2607 2501 2664 2553 et
2693 2497 2762 2551 de
2787 2494 2903 2550 hoc
2932 2488 3303 2562 disputatum
3329 2484 3435 2539 est.

2031 2620 2196 2673 Vers.
2239 2617 2327 2671 30.
2366 2612 2441 2667 Et
2467 2625 2597 2666 cum
2633 2604 2768 2661 inde
2792 2601 3050 2659 exissent
3078 2626 3145 2635 —
3189 2592 3381 2649 sciret.
3425 2590 3618 2667 Quare

1961 2705 2202 2765 noluit?
2247 2701 2417 2764 Quod
2463 2696 2731 2770 sequitur
2779 2687 3120 2747 manifestat
3160 2701 3174 2736 :
3225 2696 3300 2736 ne
3348 2676 3620 2734 videlicet

1961 2798 2279 2871 quisquam
2309 2768 2659 2857 intelligeret
2683 2798 2752 2838 ea
2773 2781 2846 2836 de
2872 2776 3095 2851 quibus
3121 2768 3543 2843 loquebantur.

2034 2855 2195 2941 Vers.
2248 2886 2334 2939 3t.
2368 2855 2607 2935 Dicebat
2636 2904 2705 2913 -—
2731 2869 3020 2939 resurget.
3053 2862 3285 2918 Dictum
3311 2860 3401 2913 est
3436 2855 3619 2911 etiam

1964 2977 2033 3032 de
2063 2975 2175 3029 hoc
2206 2972 2266 3028 in
2279 2966 2549 3025 ﬁnedicti
2582 2958 2859 3019 tricesimi
2883 2949 3295 3029 quinticapitis
3316 2942 3619 3016 Evangelii

1964 3063 2295 3121 secundum
2322 3057 2676 3117 Matthzeum.
3334 3044 3338 3048 '

1891 3142 1935 3203 α
2034 3155 2195 3211 Vers.
2234 3154 2319 3207 32.
2362 3148 2437 3203 At
2466 3144 2563 3201 illi
2604 3140 3090 3205 —interrogare.
3134 3126 3410 3186 Similiter
3447 3128 3504 3181 et
3544 3121 3622 3181 de

1962 3245 2099 3302 hoc.

1963 3388 2115 3444 CAP.
2147 3381 2361 3440 XXVII.
2391 3409 2459 3418 —
2488 3376 2567 3432 De
2596 3365 3054 3441 disputanlibus,
3073 3359 3200 3434 quis
3230 3359 3372 3415 esset
3399 3355 3618 3425 major.

2034 3475 2198 3531 Vers.
2246 3474 2331 3527 33.
2372 3469 2447 3523 Et
2475 3467 2631 3521 venit
2655 3492 2724 3502 --
2748 3459 2911 3514 Vers.
2940 3457 3026 3510 34.
3067 3452 3283 3519 major.
3320 3444 3625 3502 Tacebant

1963 3581 2086 3640 prae
2108 3562 2339 3636 pudore
2356 3556 2527 3630 quasi
2538 3554 2663 3624 jam
2676 3541 3083 3605 condemnati.
3100 3535 3511 3610 Signiﬁcatum
3535 3537 3625 3591 est

1964 3622 2163 3713 autem
2181 3651 2254 3706 de
2269 3622 2394 3704 hoe
2408 3622 2706 3701 tricesimo
2738 3634 2993 3709 septimo
3015 3629 3208 3703 capite
3221 3622 3521 3697 Evangelii
3534 3639 3623 3681 se-

1964 3744 2228 3803 cundum
2258 3737 2609 3797 Matthaeum.

2034 3853 2198 3909 Vers.
2260 3853 2347 3905 35.
2421 3846 2682 3912 Cumque
2744 3834 2984 3893 sedisset
3046 3860 3112 3870 -
3174 3841 3397 3884 servus.
3466 3822 3622 3879 Dixit

1964 3956 2198 4016 quoque
2250 3937 2368 3993 hoc
2432 3926 2895 4006 quadragesimo
2954 3919 3123 3977 tertio
3189 3914 3402 3987 capite
3432 3915 3622 3969 Evan-

1964 4003 2120 4106 gelii-
2140 4031 2311 4101 juxta
2348 4003 2705 4082 Mattheeum.
2739 4016 2939 4081 Quaere
2972 4025 3112 4081 ergo
3138 4006 3219 4063 ibi
3250 4004 3322 4062 de
3357 4003 3474 4060 hoc
3524 4016 3618 4058 ca-

2054 4137 2104 4175 e.

1965 4126 2196 4265 plters.
2240 4209 2326 4262 36.
2364 4203 2439 4258 Et
2469 4203 2702 4268 sumpto
2731 4225 2799 4235 —
2829 4192 2994 4247 Vers.
3027 4190 3115 4245 37.
3150 4200 3279 4242 eum
3326 4180 3430 4255 qui
3466 4178 3625 4237 misit

1964 4314 2075 4356 me.
2094 4300 2239 4353 Ante
2255 4295 2371 4350 hoc
2402 4290 2519 4347 alia
2547 4300 2783 4360 quoque
2809 4281 2975 4347 dixit,
3009 4292 3146 4350 quae
3160 4272 3472 4330 Matthaaus
3486 4284 3625 4326 con-

1966 4386 2200 4459 scripsit
2216 4402 2227 4437 :
2245 4386 2319 4440 de
2332 4381 2554 4454 quibus
2570 4374 2745 4433 simul
2760 4370 3042 4429 omnibus
3058 4364 3355 4422 tricesimo
3369 4360 3623 4433 septimo

1888 4497 1934 4554 D
1967 4478 2157 4550 capite
2190 4470 2487 4541 Evangelii
2519 4466 2676 4522 illius
2710 4459 3119 4518 disseruimus.

2039 4582 2201 4637 Vers.
2248 4581 2334 4635 38.
2380 4570 2703 4642 Respondit
2735 4597 2801 4608 —
2833 4580 2957 4621 nos.
2994 4556 3235 4617 Addidit
3276 4558 3333 4612 et
3374 4567 3636 4616 causam,

1965 4666 2402 4747 prohibitionis.
2436 4641 2512 4718 Eo
2542 4658 2706 4732 quod
2737 4670 2857 4711 non
2889 4654 3170 4723 sequatur
3198 4661 3336 4701 nos.
3370 4641 3624 4709 Quidam

1965 4728 2119 4819 enim
2160 4770 2363 4814 eorum
2393 4752 2497 4825 qui
2531 4728 2922 4806 crediderant,
2966 4737 3168 4810 glorias
3199 4746 3404 4789 amore
3444 4728 3619 4800 capti,

1964 4848 2354 4907 imitabantur
2380 4817 2705 4912 apostolos,
2738 4837 2793 4889 et
2818 4845 2925 4902 per
2953 4823 3395 4883 invocationem
3414 4817 3623 4874 nomi-

1965 4939 2056 4994 nis
2070 4932 2278 4992 Christi
2307 4907 2686 5001 expellebant
2715 4921 3038 4977 daemones.
3071 4913 3199 4968 Non
3214 4907 3623 4981 sequebantur

1965 5034 2186 5091 tamen,
2228 5023 2469 5095 propter
2512 5009 2938 5070 continentiam
2965 5007 3022 5062 et
3064 5014 3345 5074 asperum
3384 4994 3623 5054 vivendi

1963 5115 2214 5173 modum
2240 5114 2524 5182 ipsorum.

2033 5167 2210 5259 vitia
2240 5167 2325 5256 3.9.
2360 5197 2523 5252 Iesus
2550 5197 2745 5248 autem
2780 5218 2848 5227 —
2885 5184 3045 5242 male
3074 5179 3237 5254 loqui
3258 5178 3331 5236 de
3358 5193 3467 5235 me.
3512 5167 3627 5243 Qui

1965 5294 2125 5351 enim
2158 5306 2261 5363 per
2284 5300 2501 5343 nomen
2523 5295 2723 5337 meum
2757 5274 3137 5347 gloriﬁcatur,
3165 5284 3287 5325 non
3310 5268 3424 5324 cito
3448 5265 3627 5323 male-

1966 5356 2310 5440 dicetmihi:
2346 5376 2460 5430 hoc
2491 5376 2598 5437 est,
2627 5369 2769 5425 dum
2797 5364 3049 5436 gloriam
3081 5363 3265 5428 amat,
3280 5356 3626 5416 etvirtutem

1967 5474 2201 5543 editper
2224 5480 2444 5522 nomen
2469 5475 2679 5525 meum,
2710 5469 3096 5529 nequaquam
3125 5466 3221 5508 me
3234 5446 3629 5505 calumniabi—

1970 5571 2081 5619 tur.
2100 5539 2399 5616 “Permittit
2429 5556 2631 5611 autem
2662 5552 2717 5607 et
2734 5546 2828 5604 his
2855 5548 2918 5603 ut
2941 5540 3242 5602 mirabilia
3266 5539 3627 5613 operentur:
