2085 3182
265 150 318 179 823
924 147 1100 177 EUTHYMll
1121 147 1286 177 ZIGABENI

1895 142 1960 174 δυ

265 212 354 241 simul
361 212 479 249 quidem
489 211 526 240 ad
533 211 753 247 praedicationis
760 219 820 239 suae
826 211 1073 239 conﬁrmationem
1086 218 1093 239 :

1154 211 1294 245 βεϐαίωσιν
1310 215 1355 238 τοῦ
1379 212 1556 248 κηρύγματος,
1570 210 1625 247 ἅμα
1643 208 1683 242 δὲ,
1697 211 1741 235 καὶ
1754 208 1790 239 εἰς
1812 207 1961 244 simum

264 259 292 286 et
307 258 451 293 praeterea
460 256 500 284 ad
513 256 755 285 emendationem
768 264 872 285 eorum
887 256 940 293 qui
954 256 1096 285 miracula

264 301 478 339 operabantur.

299 348 400 380 Quaere
419 346 509 374 etiam
524 345 561 373 de
576 346 621 373 his
641 346 745 382 quinto
758 346 844 381 juxta
857 345 1028 374 Matthmum
1049 353 1097 373 ca-

262 392 333 428 pite,
355 390 407 419 ubi
429 390 508 419 circa
524 389 614 418 ﬁnem
632 390 779 418 habetur:
795 390 885 418 Multi
906 390 1000 418 dicent
1023 387 1098 418 mihi

261 436 295 464 in
322 435 373 464 illo
398 435 455 469 die,
484 435 614 467 Domine,
631 435 762 467 Domine,
791 443 890 463 nonne
910 443 967 469 per
992 442 1096 462 nomen

264 479 349 509 tuum
363 480 605 515 prophetavimus
621 483 647 508 et
667 487 719 514 per
732 487 835 508 nomen
851 481 935 508 tuum
949 479 1096 508 dwmonia

266 525 404 561 eiecimus
419 526 443 544 "
455 524 470 552 τ

303 641 384 669 Vers.
399 642 443 669 40.
461 639 518 674 Qui
531 640 609 669 enim
624 656 659 660 —
678 642 729 668 est.
747 640 777 668 1d
792 640 891 676 ipsum
907 640 996 674 enim,
1014 640 1097 669 illum

267 693 330 714 non
342 685 478 714 resistere
492 685 589 718 vobis,
610 686 742 713 vestrum
758 687 802 713 est
816 685 971 713 auxilium.

268 753 278 758 -
303 730 392 759 Aliud
414 731 458 758 est
476 731 589 764 autem,
609 729 690 765 quod
711 729 780 757 alibi
801 729 908 757 dicitur
929 737 934 756 :
958 730 1013 764 Qui
1037 737 1097 758 non

268 777 310 804 est
330 782 453 808 mecum,
478 776 581 803 contra
603 782 647 802 me
666 776 707 802 est
723 774 756 800 δι.
783 775 856 802 Nam
881 773 954 802 illud
978 774 1015 802 de
1039 775 1098 803 daa-

267 827 357 853 mone
378 819 494 853 dicitur,
520 820 549 847 et
561 818 654 846 alium
669 818 761 846 habet
773 818 955 847 intellectum
979 826 984 846 :
1012 821 1098 855 prout

266 864 409 893 vicesimo
423 863 555 893 secundo
565 863 652 899 juxta
668 863 839 891 Matthmum
853 864 949 899 capite
963 863 1096 893 declara-

266 909 376 942 vimus.

302 953 384 981 Vers.
408 953 452 981 41.
479 951 651 988 Quicunque
664 951 742 980 enim
763 967 798 971 —
811 959 903 981 suam.
929 953 988 981 Hoc
1008 953 1097 981 etiam

267 997 342 1029 dixit
364 997 395 1024 in
418 997 475 1025 ﬁne
496 996 605 1024 decimi
624 996 696 1024 noni
711 995 817 1032 capitis
842 996 993 1032 Evangelii
1012 997 1099 1032 juxta

266 1041 445 1074 Matthaaum.

304 1085 386 1114 Vera.
405 1085 450 1113 42.
466 1085 504 1113 Et
518 1084 689 1121 quicunque
707 1100 742 1105 —
756 1092 848 1113 mare.
865 1085 982 1114 Dictum
997 1088 1043 1115 est
1061 1086 1099 1115 de

268 1130 327 1158 hoc
343 1129 488 1158 tricesimo
504 1129 632 1165 septimo
655 1130 750 1165 capite
765 1130 917 1166 Evangelii
931 1131 1098 1160 secundum

270 1174 452 1204 Matthmum.

307 1219 390 1247 Vers.
410 1220 454 1247 43.
474 1218 511 1246 Et
528 1218 553 1246 si
567 1233 600 1238 —-
614 1218 696 1246 Vers.
717 1219 761 1246 44.
783 1219 994 1254 exstinguitur.
1006 1219 1101 1248 Etiam

272 1264 309 1291 de
324 1263 369 1292 his
381 1263 431 1291 illo
445 1263 539 1299 capite
555 1263 667 1291 dictum
683 1265 736 1291 est.
752 1263 862 1291 Vermis
873 1266 972 1293 autem
986 1272 1101 1298 eorum,

273 1308 321 1344 qui
334 1307 468 1336 videlicet
480 1308 592 1336 abeunt
609 1308 640 1335 in
655 1308 836 1343 gehennam.

310 1352 437 1386 Quidam
475 1361 543 1380 vero
576 1360 708 1381 vermem
741 1355 769 1381 et
800 1353 911 1390 ignem,
951 1354 1104 1382 conscien-

272 1398 344 1426 tiam
366 1397 572 1425 intellexerunt
591 1398 794 1433 peccatorum,
822 1400 967 1435 tanquam
988 1398 1019 1426 in
1038 1406 1103 1427 mo-

270 1435 342 1471 dum
372 1441 480 1470 vermis
499 1443 529 1470 et
547 1441 625 1477 ignis
644 1442 800 1471 rudentem
818 1443 901 1480 ipsos
922 1451 958 1472 ac
985 1443 1105 1473 inﬂam-

271 1489 417 1516 mantem.

308 1532 449 1583 v‘el'?-.45.
466 1532 505 1560 Et
518 1531 670 1577 si—Vers.
682 1533 726 1561 46.
741 1533 947 1568 exstinguitur.
964 1533 1103 1563 Similiter
1117 1549 1138 1583 β

272 1578 301 1605 et
316 1575 353 1604 de
368 1575 427 1604 his.

308 1622 389 1649 Vers.
408 1622 453 1649 4‘7.
469 1621 506 1649 Et
521 1620 547 1649 si
557 1622 657 1650 oculus
677 1637 710 1643 —
724 1622 806 1650 Vers.
823 1624 866 1650 48.
888 1623 1099 1660 exstinguitur.

272 1667 414 1695 Praaterea
427 1667 456 1694 et
474 1666 512 1694 de
526 1665 584 1694 his.

307 1711 389 1740 νοτε.
404 1711 449 1739 49.
466 1711 616 1739 Omnis—
641 1711 776 1740 satietur.
792 1713 895 1741 Omnis
911 1713 1016 1747 ﬁdelis,
1031 1714 1101 1749 igne

270 1755 352 1789 ﬁdei,
384 1763 453 1792 qum
485 1756 525 1784 ad
552 1756 644 1785 Deum
674 1758 728 1790 est,
749 1757 795 1785 vel
826 1757 1002 1792 dilectionis,
1033 1766 1101 1794 quae

271 1803 315 1829 est
328 1801 368 1830 ad
383 1801 564 1837 proximum,
581 1801 702 1830 salietur
717 1807 748 1831 ut
764 1802 899 1832 videlicet
913 1803 1101 1840 putredinem

269 1845 400 1881 abjiciat.

306 1890 367 1925 Vel,
383 1890 548 1926 condietur,
569 1893 602 1919 ut
621 1892 721 1920 suavis
735 1892 794 1922 Deo
807 1892 957 1921 reddatur.

306 1935 387 1964 Vers.
417 1937 461 1965 49.
490 1936 528 1964 Et
547 1937 639 1965 omnis
657 1952 693 1958 —
710 1938 842 1966 satietur.
874 1938 977 1966 Omnis
1005 1938 1103 1968 hostia

271 1980 429 2017 spiritualis
453 1980 515 2009 sive
530 1980 580 2009 ﬁat
600 1989 652 2017 per
672 1981 850 2015 orationem,
872 1982 935 2010 sive
951 1991 1003 2019 per
1029 1983 1101 2010 elee-

269 2033 442 2062 mosynam,
472 2025 534 2053 sive
562 2033 615 2061 per
640 2026 722 2054 aliud
747 2027 913 2062 quippiam,
944 2028 1004 2055 sale
1032 2028 1102 2057 ﬁdei

269 2069 316 2099 vel
346 2070 508 2098 dilectionis
541 2069 671 2103 salietur,
704 2070 763 2098 sive
793 2071 875 2099 saliri
909 2071 1008 2099 debet.
1041 2072 1102 2100 Hoc

271 2116 374 2143 autem
411 2122 430 2142 a
464 2113 541 2142 libro
578 2114 696 2142 Levitici
745 2116 926 2144 translatum
965 2119 1018 2144 est.
1058 2117 1101 2146 lbi

270 2158 352 2188 enim
362 2158 506 2195 scriptum
522 2160 566 2187 est
583 2167 589 2187 :
608 2158 708 2187 Omnis
718 2167 822 2189 munus
838 2160 941 2189 hostiae
948 2165 1050 2191 vestra.u
1057 2170 1102 2191 sa-

272 2203 360 2232 tiatur
379 2204 414 2231 ⁵⁵.

306 2248 387 2277 Vers.
405 2250 448 2277 50.
461 2248 542 2277 Bona
553 2256 599 2277 res
613 2251 655 2277 est
673 2249 728 2277 sal.
749 2248 803 2277 Per
817 2249 991 2285 qualitatem
1006 2259 1100 2288 quam
1117 2248 1131 2258 ἶ

267 2293 369 2327 habet,
385 2295 417 2322 ut
427 2293 508 2322 cibos
521 2293 628 2322 reddat
638 2301 755 2328 suaves,
771 2295 799 2323 et
813 2302 850 2323 ne
861 2303 988 2332 corpora
1003 2300 1100 2333 putre-

266 2337 343 2367 ﬁant
361 2337 458 2367 efﬁcit.

304 2384 383 2412 Vers.
409 2384 453 2412 50.
480 2383 512 2411 Si
525 2385 624 2412 autem
652 2399 685 2403 —
701 2384 868 2413 condiens?
884 2385 911 2413 Si
939 2386 1041 2422 perdat
1068 2387 1099 2416 id

267 2428 352 2465 quod
370 2428 401 2456 in
415 2427 483 2465 ipso
502 2430 548 2456 est
565 2427 723 2457 laudabile.

305 2473 353 2502 Sal
372 2476 472 2502 autem
490 2472 550 2505 hic,
575 2473 660 2508 juxta
681 2473 886 2503 sublimiorem
907 2475 1097 2513 intellectum,

268 2517 344 2545 ﬁdes
370 2519 411 2545 est
440 2519 492 2545 aut
517 2516 644 2546 dilectio.
676 2519 770 2546 Lucas
784 2527 853 2548 vero
882 2520 972 2549 dicit:
994 2521 1027 2549 Si
1053 2522 1098 2549 sat

268 2562 331 2601 ipse
356 2562 482 2591 insulsus
505 2562 608 2597 fuerit,
635 2570 689 2597 per
703 2563 776 2598 quid
791 2562 942 2593 condictur
966 2566 989 2583 ⁸⁸
1013 2566 1026 2593 ‘t
1053 2574 1099 2595 sa-

268 2607 328 2636 lem
355 2606 397 2635 ibi
422 2614 534 2635 vocans
558 2606 701 2635 doctrinas
722 2608 859 2643 verbum,
886 2609 939 2645 qui
964 2610 1097 2638 insulsus

268 2651 302 2681 ﬁt
324 2651 448 2688 quando
469 2651 677 2688 corrumpitur.
694 2651 862 2681 Differenter
888 2657 988 2682 autem
1012 2655 1099 2690 juxta

268 2695 401 2734 diversas
433 2696 607 2725 occasiones
636 2696 768 2724 Christus
796 2697 865 2726 salis
898 2699 1097 2735 signiﬁcatum

268 2740 425 2784 transtulit.
452 2740 565 2769 Etenim
580 2741 663 2777 apud
685 2742 855 2771 Matthmum
870 2742 950 2779 ipsos
975 2752 1097 2781 quoque

303 2839 327 2857 ⁵⁸
343 2838 444 2868 Matth.
460 2846 507 2867 vu.
524 2841 569 2867 22.
625 2840 648 2858 ⁸⁸
665 2840 743 2869 Matt.
759 2848 809 2869 xu.
825 2841 871 2869 20.

928 2842 951 2860 ⁸⁵
970 2842 1061 2872 Levit.
1076 2850 1106 2872 ιι.
1123 2842 1166 2871 13.

1152 256 1235 283 αὐτῶν
1252 254 1286 285 δὴ
1303 260 1352 282 τῶν
1374 256 1648 293 θαυματουργούντων.

1187 357 1307 384 Ζήτησον
1323 352 1354 380 δὲ
1376 356 1435 391 περὶ
1461 357 1511 380 τῶν
1535 354 1656 380 τοιούτων
1680 351 1704 378 ἐν
1729 355 1765 387 τῷ
1789 352 1896 387 πέμπτῳ
1914 359 1966 376 κε-

1152 399 1253 435 φαλαίῳ
1281 402 1327 425 τοῦ
1357 400 1425 425 κατά
1452 399 1596 430 Ματθαίον,
1624 397 1735 426 πλησίον
1777 399 1823 422 τοῦ
1853 394 1962 427 τέλους,

1151 444 1211 469 ἔνθα
1237 447 1321 469 κεῖται
1345 445 1374 469 τὸ
1403 452 1408 458 ·
1445 442 1537 469 Πολλοὶ
1564 442 1652 479 ἓροῦσί
1678 451 1722 477 μοι
1749 440 1772 466 ἐν
1805 439 1887 476 ἐκείνῃ
1924 443 1961 475 τῇ

1152 489 1245 525 ἡμέρᾳ,
1273 489 1361 525 Κύριε,
1388 489 1477 525 Κύριε,
1506 487 1535 514 οὐ
1561 491 1597 522 τῷ
1629 490 1667 522 σῷ
1699 485 1806 522 ὀνόματι
1837 494 1964 520 προεφη-

1151 534 1288 569 τεύσαμεν,
1316 535 1361 558 καὶ
1392 536 1428 568 τῷ
1461 536 1498 567 σῷ
1529 531 1636 568 ὀνόματι
1677 529 1803 567 δαιμόνιοι
1834 528 1964 561 ἐξεϐάλο-

1152 587 1197 614 μεν
1214 587 1221 612 ;

1186 621 1234 652 ’ος
1247 623 1298 659 γὰρ
1318 637 1353 642 -
1364 621 1427 648 ἔστί.
1445 622 1511 648 Αὐτὸ
1531 622 1581 658 ’γὰρ
1595 624 1681 656 τοῦτο,
1698 621 1727 646 τὸ
1742 620 1778 656 μὴ
1791 618 1963 645 ἀντιπίπτειν

1153 667 1230 692 αὐτὸν
1243 667 1314 703 ὑμῖν,
1332 665 1442 703 βοήθεια
1457 667 1527 702 ὑμῶν
1543 665 1609 693 ἐστι.

1187 711 1289 747 Ἕτερον
1305 709 1335 737 δέ
1348 710 1402 737 ἐστι
1413 713 1451 743 τὸ,
1463 710 1493 737 Ὀ
1503 712 1538 746 μὴ
1555 710 1588 736 ὢν
1604 710 1659 746 μετ’
1678 708 1750 746 ἐμοῦ,
1766 709 1821 735 κατ’
1833 709 1897 744 ἓμοὺ
1914 707 1961 734 ἐσ-

1153 765 1201 782 τιν.
1217 756 1312 782 Ἐκεῖνο
1321 757 1372 791 ’γὰρ
1388 758 1447 793 περὶ
1462 759 1508 781 τοῦ
1522 753 1646 791 δαίμονος
1657 756 1768 791 εἴρηται,
1780 755 1824 779 καὶ
1836 751 1964 779 διάνοια-ν

1153 799 1231 829 ἄλλην
1247 801 1312 836 ἔχει,
1326 801 1411 830 καθὼς
1426 800 1450 826 ἐν
1469 804 1505 835 τῷ
1520 799 1628 835 εἰκοστῷ
1642 797 1754 835 δευτέρῳ
1767 797 1897 834 κεφαλαίῳ
1911 801 1964 823 τοῦ

1154 846 1221 871 κατὰ
1233 846 1367 871 Ματθαίον
1383 844 1461 881 ἐξηγη
1467 845 1578 880 σάμεθα.

1188 942 1236 974 ’ος
1248 944 1298 979 γὰρ
1323 958 1357 962 —
1382 942 1471 968 αὐτοῦ.
1496 945 1578 968 Τοῦτο
1606 940 1659 968 εἶπε
1678 944 1722 967 καὶ
1742 943 1804 979 πρὸς
1828 946 1862 977 τῷ
1890 941 1960 968 τέλει

1153 992 1199 1015 τοῦ
1244 985 1471 1013 ὶννεακαιδεκάτου
1510 986 1648 1023 κεφαλαίου
1685 990 1730 1012 τοῦ
1776 987 1844 1012 κατὰ
1883 987 1962 1014 Ματ-

1155 1033 1237 1059 θαῖον.

1190 1079 1240 1103 Καὶ
1267 1076 1291 1107 ὃς
1316 1092 1349 1096 —-
1383 1076 1526 1103 Θάλασσαν.
1555 1077 1663 1113 Εἴρηται
1696 1078 1741 1102 καὶ
1774 1078 1832 1113 περὶ
1860 1077 1959 1102 τούτου

1154 1121 1178 1148 ἓν
1210 1125 1247 1156 τῷ
1271 1124 1419 1158 τριακοστῷ
1449 1118 1552 1157 ἑϐδόμῳ
1578 1120 1707 1156 κεφαλαίῳ
1727 1124 1772 1147 τοῦ
1796 1122 1865 1147 κατά
1884 1122 1960 1148 Ματ-

1156 1167 1237 1193 θαῖον.

1193 1212 1243 1237 Καὶ
1264 1209 1305 1236 ἐὰν
1321 1225 1354 1229 -
1364 1209 1507 1237 σϐέννυται.
1527 1211 1576 1236 Καὶ
1591 1212 1649 1246 περὶ
1664 1211 1761 1235 τούτων
1775 1209 1798 1235 ἒν
1814 1209 1901 1245 ἐκείνῳ
1917 1209 1960 1236 15'-

1156 1254 1252 1281 λεκται.
1270 1253 1374 1285 Σκώληξ
1389 1252 1418 1280 δὲ
1431 1253 1525 1286 αὐτῶν,
1541 1256 1616 1280 τίνων
1634 1262 1640 1286 ;
1657 1251 1761 1283 Δηλαδὴ
1778 1258 1826 1279 τῶν
1843 1253 1961 1291 ἀπερχο-

1158 1301 1238 1336 μένων
1255 1299 1290 1330 εἰς
1309 1300 1356 1328 τὴν
1370 1300 1480 1334 γέενναν.

1194 1343 1314 1372 Σκάληκα
1329 1342 1358 1369 δὲ
1373 1345 1418 1369 καὶ
1433 1346 1495 1379 πῦρ,
1509 1344 1576 1374 τινες
1587 1345 1633 1372 τὴν
1646 1341 1799 1372 συνείδησιν
1813 1346 1861 1369 τῶν
1875 1342 1959 1380 ἀμαρι

1157 1388 1244 1415 ’πωλῶν
1264 1387 1381 1419 ἐνόησαν,
1397 1389 1428 1417 ὡς
1444 1386 1592 1414 δάκνουσαν
1607 1390 1651 1414 καὶ
1674 1392 1833 1425 πιμπρῶσαν
1852 1387 1956 1422 αὐτοὺς,

1159 1431 1236 1461 δίκην
1253 1432 1387 1464 σκώληκος
1401 1434 1445 1458 καὶ
1460 1434 1551 1470 πυρός.

1194 1542 1244 1567 Καὶ
1274 1541 1316 1566 ἐὰν
1344 1555 1378 1560 -
1405 1539 1551 1569 σϐέννυται.
1582 1540 1694 1576 Ὁμοίως
1724 1542 1768 1566 καὶ
1804 1542 1863 1577 περὶ
1898 1540 1960 1565 τοὺ-

1155 1595 1203 1612 των
1207 1605 1214 1612 .

1193 1632 1243 1656 Καὶ
1256 1629 1297 1656 ἐὰν
1311 1630 1323 1655 ὁ
1336 1629 1465 1665 ὀφθαλμὸς
1481 1645 1515 1648 -
1534 1629 1677 1656 σϐέννυται.
1695 1628 1753 1655 "En
1768 1631 1812 1655 καὶ
1825 1631 1884 1665 περὶ
1899 1630 1960 1655 τοὺ-

1156 1684 1215 1702 των.

1193 1722 1247 1750 Πᾶς
1271 1734 1305 1738 -—-
1331 1718 1512 1747 ἁλισθήσεται.
1545 1721 1597 1748 Πᾶς
1626 1720 1720 1749 πιστὸς
1743 1720 1807 1754 πυρὶ
1832 1722 1878 1749 τῆς
1892 1719 1956 1754 πρὸς

1157 1765 1220 1790 Θεὸν
1237 1763 1358 1795 πίστεως,
1384 1763 1399 1793 ἡ
1424 1767 1471 1794 τῆς
1488 1764 1553 1800 πρὸς
1582 1764 1625 1789 τὸν
1640 1762 1749 1791 πλησίον
1772 1761 1876 1798 ἀγάπης
1902 1762 1957 1789 άλι-

1158 1809 1295 1841 σθήσεται,
1317 1810 1408 1844 ἤγουν,
1436 1809 1483 1837 τὴν
1513 1805 1647 1837 σηπεδόνα
1675 1812 1720 1837 τῆς
1744 1809 1836 1838 κακίας
1856 1806 1955 1833 ἀποϐα-

1123 1888 1125 1891 _
1156 1852 1204 1879 λεί.

1222 1896 1256 1923 Ἦ
1271 1896 1368 1933 ἀρτυθή
1375 1906 1456 1930 σεται,
1471 1899 1515 1923 καὶ
1528 1895 1596 1927 ἡδὺς
1611 1900 1647 1932 τῷ
1662 1899 1715 1932 Θεῷ
1730 1898 1880 1932 γενήσεται.

1194 1944 1244 1968 Καὶ
1268 1945 1342 1968 πᾶσα
1361 1957 1394 1961 -
1423 1941 1606 1971 ἁλισθήσεται.
1636 1944 1713 1968 Πᾶσα
1737 1942 1817 1967 θυσία
1840 1951 1955 1978 πνευμα-

1157 1988 1227 2020 τικὴ,
1254 1987 1304 2013 εἴτε
1324 1984 1360 2012 δι’
1390 1986 1482 2022 εὐχῆς,
1507 1988 1556 2012 εἴτε
1573 1984 1610 2012 δι’
1631 1985 1812 2022 ἐλεημοσύνης,
1831 1988 1880 2012 ιῖτε
1894 1988 1954 2023 τρό-

1156 2040 1203 2056 πον
1230 2031 1312 2067 ἒτερον
1336 2032 1466 2066 γινομένη,
1498 2034 1534 2066 τῷ
1554 2031 1630 2056 οἷλατι
1653 2035 1700 2061 τῆς
1732 2033 1845 2060 πίστεως
1869 2031 1883 2060 ἣ
1912 2034 1956 2061 τῆς

1157 2074 1260 2111 ἀγάπης
1275 2074 1457 2107 ἁλισθήσεται,
1475 2077 1567 2108 εἴτ-ουν,
1595 2074 1733 2104 ἁλισθῆναι
1754 2075 1858 2111 ὀφείλει.
1874 2078 1954 2101 Τοῦτο

1158 2118 1186 2146 δε
1203 2119 1252 2146 ἀπὸ
1268 2123 1313 2150 τῆς
1324 2119 1417 2156 βίϐλου
1438 2124 1483 2146 τοῦ
1500 2123 1637 2146 Λευῖτικοῦ
1646 2119 1825 2156 μετείληπται.
1843 2122 1955 2155 Γέγραπ-

1155 2173 1199 2190 ται
1217 2165 1265 2202 γάρ
1282 2163 1307 2190 ἐν
1326 2163 1412 2200 ἐκείνῳ
1430 2185 1435 2191 .
1449 2167 1502 2191 Πᾶν
1520 2162 1603 2201 δῶρον
1617 2165 1708 2195 θυσίας
1735 2165 1805 2200 ὑμῶν
1818 2164 1953 2193 ἁλισθήσε-

1156 2218 1209 2235 ται.

1193 2252 1277 2281 Καλὸν
1310 2254 1339 2279 τὸ
1365 2252 1439 2284 ἅλας.
1470 2254 1507 2280 Δι’
1523 2253 1552 2282 ἣν
1573 2255 1630 2290 ἔχει
1652 2255 1790 2286 ποιότητα,
1805 2251 1949 2282 ήδὺνουσαν

1156 2299 1201 2335 μὲν
1213 2299 1246 2324 τά
1261 2297 1399 2335 βρώματα,
1416 2300 1586 2336 παρέχουσαν
1599 2296 1628 2324 δὲ
1643 2302 1696 2328 τοῖς
1711 2299 1849 2334 σώμασιτὸ
1864 2297 1947 2324 οἷο-ηπ-

1155 2353 1198 2370 τον
1205 2364 1211 2370 .

1190 2388 1249 2413 Ἐὰν
1266 2385 1295 2414 δὲ
1319 2403 1353 2407 --
1381 2387 1505 2425 ἀρτύσετε
1522 2397 1529 2422 ;
1545 2388 1605 2414 Ἐἀν
1626 2387 1739 2424 ἀπολέσῃ
1757 2390 1802 2417 τὴν
1823 2387 1952 2415 ἐπαινετὴν

1154 2431 1234 2458 αὐτοῦ
1254 2434 1391 2461 ποιότητα.

1187 2476 1267 2507 Ἀλας
1292 2475 1321 2503 δὲ
1345 2476 1465 2509 ἐνταῦθα,
1494 2478 1562 2502 κατά
1591 2476 1738 2513 ἀναγωγὴν,
1759 2477 1774 2506 ἡ
1801 2478 1889 2506 πίστις
1907 2475 1951 2504 ἧὴ

1154 2521 1253 2557 ἀγάπη.
1271 2524 1375 2552 Λουκᾶς
1400 2520 1430 2547 δέ
1455 2531 1533 2557 φησιν
1555 2531 1561 2537 ·
1589 2522 1646 2547 Ἐὰν
1674 2519 1703 2547 δὲ
1718 2522 1747 2547 τὸ
1775 2520 1836 2550 ἅλας
1855 2529 1953 2557 μωραν-

1155 2566 1196 2601 Θῇ,
1226 2567 1249 2591 ἐν
1290 2568 1340 2591 τίνι
1373 2565 1549 2602 ἀρτυθήσεται
1583 2574 1590 2599 ;
1620 2565 1683 2596 ἅλας
1715 2564 1766 2592 ἐκεῖ
1798 2565 1876 2600 λίνων
1912 2565 1953 2590 τὸν

1155 2608 1345 2636 διδασκαλικὸν
1368 2610 1453 2646 λόγον,
1485 2611 1558 2641 ὅστις
1581 2612 1750 2646 μωραίνεται,
1778 2611 1839 2635 ὃταν
1868 2618 1952 2645 παρα-

1155 2655 1253 2691 φθαρῇ.
1275 2657 1405 2691 Διαφόρως
1429 2653 1458 2681 δι
1484 2656 1551 2681 κατὰ
1575 2653 1716 2692 διαφόρους
1733 2656 1840 2690 καιροὺς
1855 2655 1884 2680 τὸ
1898 2655 1954 2689 πιρὶ

1154 2703 1199 2725 τοῦ
1236 2698 1328 2729 cauto;
1364 2702 1450 2735 νόημα
1478 2700 1490 2725 ὁ
1520 2701 1635 2736 Χριστὸς
1660 2701 1873 2737 μετεχειρίσατο.
1904 2699 1954 2726 Καὶ

1153 2744 1204 2781 γὰρ
1225 2745 1269 2769 καὶ
1294 2744 1366 2781 παρὰ
1393 2748 1429 2779 τῷ
1462 2745 1589 2780 Ματθαίῳ
1621 2746 1682 2776 τοὺς
1714 2743 1872 2774 ἀποστόλους
1896 2743 1956 2774 ἅλας

1227 2841 1262 2870 ⁸⁸.
1279 2841 1346 2870 Luc.
1360 2849 1420 2870 xiv.
1436 2843 1479 2871 34.

2044 289 2051 304 ι

2045 336 2048 353 l

2045 355 2049 408 ἰ

2065 1499 2073 1593 ξ

2065 1594 2073 1829 ξ
