4170 6364
294 353 400 411 825
1340 354 1713 412 COMMENT.
1755 354 1823 409 IN
1865 352 2202 414 MARCUM.
2244 389 2307 399 —
2343 358 2504 417 CAP.
2548 360 2616 417 X.
3546 370 3652 426 826

292 484 577 557 ὠνόμασεν,
611 486 680 546 ὡς
708 485 941 556 εὑρήσεις
971 483 1021 536 ἐν
1060 491 1131 554 τῷ
1160 487 1376 556 πέμπτῳ
1418 481 1674 554 κεφαλαίῳ
1705 481 1880 549 αὐτοῦ,

2024 483 2312 554 ιροεῐοιοε
2338 484 2524 543 salem
2554 488 2887 548 nominavit
2926 493 2994 556 ⁸⁷,
3034 493 3217 550 veluti
3245 493 3450 569 quinto
3482 496 3649 569 apud

287 576 423 645 μετὰ
502 578 618 635 τοὺς
694 577 1089 648 Μακαρισμοὺς,
1174 576 1294 626 ἔνθα
1374 577 1463 624 καὶ
1544 578 1886 645 φανερώτερον

286 663 661 736 ἕξηγησάμεθα
698 665 764 715 τὰ
789 668 906 736 περὶ
931 670 1019 715 τοῦ
1050 663 1257 723 ᾶλατος.

356 855 547 927 Ἔχετε
577 887 638 896 -
670 855 719 908 ἐν
763 855 1018 918 ἀλλήλοις.
1062 856 1222 919 Ἀλας
1266 856 1492 930 ἀγάπης,
1544 863 1763 931 συνέχον
1793 863 1883 912 καὶ

284 950 579 1018 συσφίγγον
608 945 672 1007 εἰς
704 947 964 1018 ὁμόνοιαν.

359 1147 581 1216 Λέγεται
608 1141 666 1197 δε
691 1144 817 1205 οἷλας
845 1149 935 1197 καὶ
973 1147 1003 1203 ἡ
1039 1147 1245 1206 σύνεσις
1289 1150 1376 1199 καὶ
1416 1149 1599 1221 χάρις,
1632 1150 1696 1208 ὡς
1745 1154 1885 1200 Παῦ-

281 1232 368 1293 λός
411 1253 591 1306 φησιν’
632 1234 691 1287 Ὀ
736 1233 881 1307 λόγος
941 1235 1082 1307 ὑμῶν
1134 1236 1352 1288 πάντοτε
1396 1234 1443 1287 ἐν
1481 1238 1688 1309 χάριτι,
1733 1236 1883 1289 ἅλατι

281 1322 585 1398 ἠρτυμένος.

281 1436 428 1485 ΚΕΦ.
498 1430 622 1485 ΚΗ’.
703 1437 826 1504 Περὶ
895 1439 993 1483 τῶν
1055 1430 1505 1505 ἐπερωτησάντων,
1583 1433 1625 1485 εὶ
1686 1433 1878 1496 ἔξεστιν

748 1519 1005 1573 ἀπολῦσαι
1034 1526 1127 1579 τήν
1152 1529 1374 1592 γυναῖκα
1402 1537 1414 1587 ;

350 1627 594 1682 Κάκεῖθεν
636 1626 865 1688 ἀναστὰς
895 1660 962 1667 ——
996 1624 1285 1703 Ἰορδάνου.
1327 1631 1420 1681 Διά
1451 1629 1562 1701 (64)
1594 1636 1684 1681 τοῦ
1718 1634 1875 1681 τόπου

273 1724 367 1769 τοῦ
398 1722 553 1789 πέραν
581 1725 672 1768 τοῦ
695 1715 984 1789 Ἰορδάνου.

350 1811 451 1859 Καὶ
510 1810 920 1881 συμπορεύονται
994 1839 1063 1846 --
1117 1808 1446 1882 πειράζοντες
1516 1809 1691 1866 αὐτόν.
1774 1815 1872 1866 Ζὴ-
1907 1843 1950 1899 Β

273 1915 434 1953 τησον
492 1900 548 1947 τὸ
605 1900 1026 1971 τεσσαρακοστὸν
1078 1897 1350 1969 κεφάλαιον
1406 1906 1497 1949 τοῦ
1553 1902 1688 1951 κατὰ
1730 1907 1873 1953 Ματ-

279 1987 444 2038 θαῑον.

343 2072 404 2124 Ὀ
453 2068 512 2125 δὲ
568 2104 637 2113 -
677 2071 953 2129 ἀπολῦσαι.
1005 2075 1091 2129 Ἐν
1147 2073 1318 2147 ἐκείνῳ
1371 2081 1459 2128 καὶ
1518 2081 1631 2151 περὶ
1683 2081 1874 2130 τούτων

272 2165 498 2235 εἴρηται.

349 2256 449 2304 Καὶ
512 2250 811 2326 ἀποκριθεὶς
882 2283 952 2293 -
1022 2254 1047 2306 ὁ
1106 2257 1251 2315 Θεὸς.
1324 2253 1549 2327 Ὁμοίως
1618 2260 1707 2307 καὶ
1758 2260 1874 2329 περὶ

271 2343 468 2392 τούτων
483 2386 494 2395 .

341 2427 539 2482 Ἕνεκεν
590 2433 775 2483 τούτου
837 2462 902 2472 --
942 2436 1236 2506 χωριζέτω.
1288 2432 1554 2497 Ὡσαύτως
1617 2438 1705 2486 καὶ
1757 2440 1874 2508 περὶ

266 2520 483 2575 τούτων.
1042 2581 1048 2587 _

342 2613 443 2661 Καὶ
479 2608 526 2661 ἐν
562 2617 625 2682 τῇ
673 2610 816 2682 οἰκίᾳ
858 2642 925 2651 —
976 2610 1147 2666 αὐτόν.
1198 2616 1320 2686 Περὶ
1368 2620 1458 2664 τοῦ
1500 2612 1657 2664 αὐτοῦ
1709 2613 1868 2673 ζητη-

262 2718 444 2771 ματος.

342 2793 441 2841 Καὶ
469 2788 607 2860 λέγει
636 2820 703 2830 -
722 2789 799 2842 ἐπ’
821 2789 1002 2848 αὐτήν.
1028 2793 1419 2866 Μοιχεύειπρὸς
1435 2792 1616 2859 αὐτην,
1636 2788 1867 2860 δηλαδὴ,

1996 571 2167 628 illum
2239 575 2430 646 capite
2514 582 2648 646 post
2705 580 3105 637 Beatitudines
3177 584 3486 641 invenies:
3544 586 3646 643 ubi

1994 662 2170 717 etiam
2204 665 2576 721 manifestius
2608 668 3063 740 declaravimus,
3105 689 3243 745 quas
3283 675 3357 730 de
3396 676 3517 732 sale
3557 677 3647 732 di-

1994 757 2227 808 cuntur.

2062 843 2222 897 Vers.
2260 848 2342 899 50.
2371 845 2587 902 Habete
2611 877 2679 888 —
2716 847 2874 905 inter
2912 865 3031 906 vos.
3075 854 3272 910 Salem
3311 853 3643 912 dilectionis

1990 932 2092 1002 qui
2143 932 2205 987 in
2254 948 2441 989 unum
2494 935 2777 1001 continet,
2822 942 2875 992 et
2927 939 3005 995 ad
3055 940 3346 1000 unitatem
3403 949 3460 1001 et
3505 960 3647 1002 con-

1991 1020 2256 1076 cordiam
2295 1023 2661 1094 constringit.

2060 1110 2275 1165 Dicitur
2302 1127 2539 1184 quoque
2580 1113 2689 1181 sal,
2724 1114 3045 1186 prudentia
3075 1122 3131 1173 et
3170 1119 3401 1187 gratia:
3434 1135 3640 1193 quem-

1990 1198 2489 1265 admodumdicit
2525 1202 2779 1259 Paulus:
2818 1204 3013 1263 Sermo
3053 1212 3243 1265 vester
3279 1224 3506 1278 semper
3540 1224 3646 1281 per

1987 1289 2235 1360 gratiam
2265 1290 2387 1346 sale
2424 1291 2752 1351 condiatur
2790 1294 2858 1349 σε.

1989 1431 2139 1487 CAP.
2177 1434 2406 1489 XXVIII.
2449 1435 2523 1491 De
2551 1435 2640 1491 his
2680 1438 2785 1507 qui
2817 1437 3255 1510 interrogabant
3293 1441 3638 1508 Dominum,

2162 1540 2241 1578 an
2271 1524 2465 1580 ticeret
2494 1541 2624 1582 cum
2653 1542 2838 1583 uxore
2862 1528 3182 1584 divortium
3218 1532 3411 1589 facere
3438 1531 3466 1586 Τ

2057 1612 2214 1666 CAP.
2253 1614 2310 1667 X.
2340 1613 2497 1668 Vers.
2532 1616 2584 1669 1.
2616 1616 2840 1671 Etcum
2871 1617 3006 1674 inde
3035 1621 3390 1675 surrexisset
3411 1650 3476 1659 —
3502 1621 3643 1676 Jor-

1985 1702 2221 1757 danem.
2250 1703 2335 1773 -Η-
2357 1703 2466 1757 Per
2493 1704 2690 1760 locum
2723 1706 2825 1777 qui
2856 1712 2943 1762 est
2970 1712 3132 1764 trans
3152 1708 3494 1765 Iordanem.

2055 1789 2219 1845 Vers.
2274 1793 2325 1845 1.
2381 1792 2455 1847 Et
2513 1796 2860 1849 conveniunt
2896 1827 2963 1836 —
3015 1796 3175 1851 Vers.
3222 1802 3275 1852 2.
3354 1801 3639 1855 tentantes

1985 1894 2129 1935 eum.
2147 1881 2353 1946 Quaere
2367 1881 2894 1952 quadragesimum
2921 1890 3100 1957 caput
3122 1886 3401 1956 Evangeli
3432 1902 3637 1943 secun-

1984 1968 2128 2023 dum
2161 1970 2525 2024 Matthasum.

2056 2057 2215 2112 Vers.
2245 2059 2297 2113 3.
2331 2060 2446 2115 Ille
2466 2062 2653 2115 autem
2682 2090 2752 2099 —
2781 2062 2941 2116 Vers.
2982 2061 3033 2114 4.
3077 2061 3395 2119 dimittere.
3439 2067 3501 2119 In
3541 2062 3640 2120 illo

1986 2146 2181 2217 capite
2203 2147 2276 2202 de
2300 2147 2388 2201 his
2414 2164 2653 2220 quoque
2692 2148 2919 2205 dictum
2958 2153 3065 2206 est.

2056 2235 2219 2292 Vers.
2256 2242 2303 2293 5.
2336 2237 2696 2305 Respondens
2719 2242 2911 2295 autem
2948 2270 3016 2280 —
3046 2239 3210 2295 Vers.
3250 2239 3304 2295 6.
3338 2240 3509 2300 Deus.
3548 2241 3641 2298 Si-

1983 2325 2200 2381 militer
2238 2329 2295 2381 et
2318 2326 2392 2381 de
2422 2326 2532 2381 his.

2053 2414 2217 2470 Vers.
2236 2420 2288 2469 7.
2313 2416 2568 2485 Propter
2584 2416 2694 2473 hoc
2715 2447 2781 2456 —
2802 2416 2966 2473 Vers.
2990 2416 3044 2475 9.
3076 2422 3321 2487 separet.
3357 2420 3543 2490 Eque
3580 2423 3638 2476 et

1983 2504 2057 2560 de
2083 2505 2174 2559 his
2213 2509 2411 2560 actum
2453 2512 2564 2571 est,

2050 2590 2215 2644 Vers.
2259 2591 2345 2645 10.
2388 2590 2461 2645 Ει
2504 2590 2563 2645 in
2602 2590 2773 2647 domo
2813 2622 2882 2632 —
2925 2606 3073 2649 eum.
3127 2594 3206 2649 De
3253 2592 3368 2651 hac
3419 2593 3635 2651 eadem

1980 2679 2324 2751 quaestione.

2049 2769 2212 2824 Vers.
2280 2769 2365 2823 11.
2416 2770 2493 2824 Et
2539 2770 2621 2825 ait
2657 2800 2725 2810 —
2776 2771 3057 2827 adversus
3113 2785 3262 2836 eam,
3317 2771 3635 2830 Maachatur

1980 2857 2261 2913 adversus
2293 2873 2448 2925 eam,
2481 2858 2753 2915 videlicet
2791 2859 3126 2915 inducendo
3149 2860 3417 2916 alteram.

2051 2947 2214 3002 Vers.
2252 2950 2333 3002 12.
2377 2949 2440 3003 Ει
2476 2948 2527 3003 si
2554 2978 2624 2989 —
2680 2949 2994 3005 moechatur
3040 2948 3338 3005 Matthaeus
3367 2964 3508 3007 vero
3553 2950 3633 3008 ad

271 3059 593 3128 Φαρισαίους
616 3056 840 3131 ῥηθῆναι
870 3062 957 3109 καὶ
985 3060 1151 3111 ταῦτά
1183 3079 1333 3131 φησι,
1367 3062 1606 3133 προσθεὶς
1632 3067 1720 3114 καὶ
1752 3067 1873 3115 ποτε

2024 3035 2305 3091 harismos
2322 3036 2449 3092 haec
2467 3052 2594 3092 esse
2614 3036 2771 3092 dicta
2793 3037 2895 3104 ait,
2920 3036 3153 3094 addens
3169 3038 3369 3103 etiam,
3385 3038 3632 3110 quando

272 3139 361 3195 δεῖ
386 3141 644 3198 ἀπολύειν.

2024 3124 2170 3180 ossit
2206 3124 2358 3181 fierit
2396 3125 2740 3181 divortium.

344 3232 498 3294 Εἰκὸς
547 3230 605 3286 δε
652 3239 740 3286 καὶ
785 3238 916 3309 πρὸς
958 3235 1179 3300 ἐκείνους
1218 3247 1442 3311 πρῶτον,
1488 3245 1578 3293 καὶ
1606 3244 1731 3314 πρὸς
1757 3245 1871 3303 τοὺς

2051 3213 2379 3269 Verisimile
2392 3219 2591 3270 autem
2606 3218 2693 3270 est
2705 3214 2967 3286 primum
2990 3214 3067 3271 ad
3085 3215 3631 3287 illos,postmodum

1983 3318 2116 3359 vero
2149 3303 2226 3357 ad
2264 3303 2584 3373 discipulos
2614 3319 2685 3358 ea
2716 3303 2953 3358 dixisse.

2053 3393 2219 3449 Vers.
2260 3396 2342 3447 13.
2376 3392 2453 3446 Et
2489 3392 2797 3462 offerebant
2827 3423 2894 3433 —
2922 3392 3083 3447 Vers.
3130 3397 3213 3448 14.
3253 3393 3381 3449 Dei.
3427 3396 3504 3449 De
3537 3392 3632 3450 his

264 2880 362 2934 τήν
391 2875 707 2932 ἐπείσακτον.

347 2971 447 3019 Καὶ
504 2964 587 3018 ἐὰν
639 2998 707 3007 -
745 2974 1021 3040 μοιχᾶται.
1084 2968 1143 3021 Ὀ
1193 2965 1250 3021 δὲ
1280 2972 1543 3032 Ματθαῐος
1576 2975 1705 3045 πρὸς
1752 2993 1874 3036 τους

268 3323 509 3393 μαθητὰς
540 3322 752 3397 ὕστερον
792 3324 948 3377 εἰπεῖν
975 3326 1124 3379 αὐτά.

346 3416 447 3464 Καὶ
495 3417 806 3485 προσέφερον
858 3445 928 3455 —-
987 3423 1078 3467 τοὺ
1127 3424 1279 3471 Θεοῦ.
1342 3420 1559 3490 Εἴρηται
1608 3425 1696 3471 καὶ
1754 3425 1871 3495 περὶ
2260 3416 2451 3495 NL?"
2489 3416 2894 3495 ollerf'fun:_
2934 3416 3096 3495 vers...

266 3504 463 3552 τούτων
516 3499 742 3576 ἀκριϐῶς
808 3501 891 3555 ἐπὶ
947 3503 1118 3566 τέλους
1170 3513 1262 3558 τοῦ
1331 3504 1648 3571 δηλωθέντος
1722 3530 1872 3583 κεφα-

2024 3481 2279 3537 ubtiliter
2305 3481 2529 3536 dictum
2565 3486 2653 3537 est
2679 3480 2740 3536 in
2769 3480 2888 3537 ﬁne
2916 3480 3182 3553 praedicti
3217 3480 3448 3554 capitis.

265 3588 416 3641 λαίου
427 3631 439 3643 .

2054 3678 2211 3732 Vers.
2253 3678 2332 3733 15.
2361 3678 2547 3733 Amen
2581 3707 2643 3717 —
2674 3675 2739 3733 in
2772 3677 2946 3733 illud.
2990 3680 3109 3733 Hoc
3148 3676 3288 3733 dicit
3323 3682 3378 3733 et
3418 3679 3627 3735 Lucas.

1978 3770 2247 3837 Regnum
2279 3770 2479 3821 autem
2514 3766 2610 3820 Dei
2632 3772 2810 3823 vocat
2828 3766 2923 3821 hic
2945 3766 3429 3838 praedicationem
3461 3768 3630 3837 regni

1978 3856 2099 3922 Dei,
2127 3872 2300 3928 quam
2328 3855 2454 3927 ipse
2469 3854 2831 3927 praedicavit.
2850 3855 3125 3927 Quisquis
3148 3871 3289 3925 ergo
3315 3856 3478 3911 illam
3504 3871 3628 3912 non

1979 3946 2323 4016 susceperit,
2358 3948 2421 4000 ut
2460 3959 2620 4015 puer,
2652 3943 2926 3999 videlicet
2954 3943 3097 3999 nihil
3127 3944 3201 4000 de
3233 3960 3303 4000 ea
3340 3944 3626 4001 haesitans

1977 4038 2079 4091 aut
2107 4033 2411 4098 dubitans,
2444 4048 2825 4106 nequaquam
2864 4032 3113 4088 intrabit
3151 4032 3225 4089 ad
3253 4049 3411 4091 eam.

338 3678 502 3750 Ἀμὴν
533 3711 596 3719 -
634 3680 700 3741 εἰς
737 3681 916 3739 αὐτήν,
959 3685 1119 3737 Τοῦτό
1169 3704 1297 3755 φησι
1350 3691 1437 3738 καὶ
1493 3692 1723 3750 Λουκᾶς,
1776 3696 1871 3742 Βα-

268 3767 462 3820 σιλείαν
503 3766 561 3821 δὲ
603 3777 697 3821 τοῦ
740 3775 866 3822 Θεοῦ
896 3779 983 3823 νῦν
1023 3772 1158 3845 λέγει
1195 3778 1252 3825 τὸ
1292 3780 1541 3847 κήρυγμα
1580 3786 1671 3839 τῆς
1714 3777 1869 3849 βασι-

263 3855 402 3916 λείας
458 3876 548 3909 του
603 3866 753 3921 Θεοῦ,
810 3859 835 3912 ὃ
881 3859 1167 3935 ἐκήρυσσεν
1225 3863 1400 3925 αὐτὸς.
1453 3864 1637 3928 Ὀστις
1674 3863 1760 3918 οὖν
1809 3868 1867 3920 οὐ

262 3942 469 4009 δέξεται
517 3947 665 4015 αὐτὸ,
712 3951 777 4008 ὡς
817 3947 1051 4017 παιδίον,
1101 3955 1281 4022 ἤγουν,
1332 3950 1498 4024 μηδὲν
1540 3952 1867 4029 διακρινόμε-

259 4054 363 4101 νος,
405 4032 543 4106 μηδὲ
583 4035 912 4110 ἀμφιϐάλλων
960 4044 1077 4113 περὶ
1109 4040 1283 4103 αὐτοῦ,
1329 4041 1386 4093 οὗ
1432 4047 1503 4114 μὴ
1551 4044 1753 4118 εἰσέλθῃ
1796 4046 1865 4108 εἰς

262 4143 449 4181 αυτην.

2046 4230 2208 4284 Vers.
2249 4227 2332 4284 16.
2366 4229 2443 4285 Et
2472 4230 2839 4299 amplexatus
2867 4258 2920 4270 —
2953 4226 3097 4284 illis.
3140 4228 3219 4283 De
3258 4226 3355 4284 his
3384 4243 3627 4302 quoque

1974 4318 2107 4375 ﬁnis
2139 4318 2293 4374 illius
2333 4319 2542 4391 capitis
2587 4318 2841 4374 disserit.

1973 4427 2126 4483 CAP.
2177 4429 2350 4485 XXIX.
2408 4429 2488 4482 De
2553 4427 2731 4484 divite
2792 4426 2891 4500 qui
2949 4427 3144 4483 Jesum
3205 4425 3657 4513 interrogabat.-

341 4217 440 4265 Καὶ
491 4211 956 4288 ἐνάγκαλισάμενος
1008 4249 1075 4258 -
1104 4219 1256 4273 αὐτά.
1306 4224 1405 4272 Καὶ
1439 4227 1554 4295 περὶ
1584 4227 1776 4276 τούτων
1806 4231 1864 4278 τὸ

261 4300 401 4361 τελος
430 4309 518 4354 τοῦ
536 4306 769 4356 τοιούτου
792 4306 1069 4378 κεφαλαίου
1103 4305 1138 4361 δ
1143 4310 1340 4373 ιέξεισι.

265 4414 410 4463 ΚΕΦ.
470 4409 595 4465 ΚΘ.
656 4416 780 4485 Περὶ
846 4421 936 4465 τοῦ
994 4412 1413 4489 ἐπερωτήσαντος
1467 4423 1719 4478 πλουσίου
1779 4434 1863 4481 τὸν

950 4502 1174 4561 Ἰησοῦν.
1894 4542 1940 4598 D

330 4612 431 4659 Καὶ
481 4605 880 4680 ἐκπορευομένου
927 4642 983 4651 -
1037 4611 1445 4688 κληρονομήσως
1481 4621 1703 4693 Εἴρηται
1745 4631 1862 4699 περὶ

2042 4627 2201 4681 Vers.
2246 4624 2329 4679 17.
2371 4612 2447 4679 Et
2486 4638 2708 4694 egresso
2747 4653 2815 4663 —
2860 4621 3230 4691 possideam?
3267 4621 3497 4677 Dictum
3537 4626 3625 4677 est

253 4698 441 4746 τούτου
474 4695 522 4745 ἐν
564 4703 634 4766 τῷ
664 4708 1069 4773 τεσσαρακοστῷ
1102 4709 1290 4775 πρώτῳ
1321 4706 1577 4779 κεφαλαίῳ
1607 4719 1697 4763 τοῦ
1728 4695 1863 4767 κατὰ

2024 4731 2045 4771 e
2066 4714 2180 4770 hoc
2196 4713 2657 4786 quadragesimo
2675 4710 2868 4783 primo
2889 4711 3081 4783 capite
3104 4709 3407 4779 Evangelii
3421 4725 3625 4767 secun-

255 4785 548 4837 Ματθαῖον.

2024 4821 2117 4859 um
2156 4785 2518 4871 matthaeum,

327 4870 385 4922 Ὀ
417 4869 475 4923 δὲ
496 4874 701 4936 Ἰησοῦς
728 4906 791 4915 -
811 4877 836 4927 ὁ
860 4881 1014 4940 Θεὸς.
1045 4878 1131 4933 Ἐν
1157 4879 1330 4953 ἐκείνῳ
1354 4894 1528 4957 σαφῶς
1550 4890 1612 4939 τὰ
1630 4896 1859 4963 παρόντα

2043 4892 2207 4948 Vers.
2246 4893 2329 4948 18.
2382 4869 2545 4947 Iesus
2590 4897 2780 4945 autem
2813 4919 2879 4929 —
2912 4889 3086 4944 Deus-
3124 4888 3187 4942 In
3217 4886 3430 4943 codem
3486 4886 3621 4946 loco

255 4957 628 5033 διηκρίϐωται.
1703 4957 1712 4963 1

2024 4998 2097 5036 sec
2126 4979 2437 5036 manifeste
2476 4994 2545 5034 ac
2576 4977 2887 5049 diligenter
2917 4976 3253 5032 examinata
3281 4981 3436 5032 sunt.

323 5052 425 5110 Τὰς
507 5049 708 5114 ἐντολὰς
790 5085 859 5094 ——
952 5061 1189 5121 νεότητός
1266 5081 1387 5133 μου.
1478 5064 1696 5138 Ὁμοίως
1769 5077 1858 5126 καὶ

2043 5072 2198 5124 Vers.
2242 5070 2326 5124 19.
2370 5070 2666 5136 Praecepta
2703 5097 2772 5109 -—
2818 5067 2983 5123 Vers.
3026 5068 3113 5121 20.
3171 5065 3432 5136 infantia
3469 5081 3615 5125 mea.

245 5146 438 5197 ταῦτα.

2024 5158 2244 5215 militer
2273 5164 2329 5214 et
2365 5158 2515 5213 haec.

318 5229 376 5281 Ὀ
433 5226 490 5283 δὲ
542 5231 752 5294 Ἰησοῦς
803 5260 866 5274 -ι
926 5233 1098 5290 αὐτόν.
1154 5236 1292 5293 Ἐκεῖ
1349 5246 1627 5297 καὶτοῦτο
1679 5244 1857 5304 διασε-

2036 5250 2203 5305 Vers.
2241 5250 2337 5306 21.
2373 5250 2530 5305 Iesus
2551 5261 2774 5305 vero—
2804 5260 2959 5303 eum.
2996 5244 3080 5301 Ibi
3103 5261 3346 5319 quoque
3374 5245 3488 5304 hoc
3519 5246 3619 5303 de-

244 5320 503 5391 σάφηται.

2025 5344 2259 5398 aratum
2297 5343 2403 5395 est.

316 5445 361 5479 ⁶⁷
386 5445 585 5502 Matth.
618 5462 672 5514 v,
704 5447 791 5504 13.
871 5449 917 5486 ⁸³
941 5448 1163 5508 Coloss.
1189 5453 1269 5521 lv,
1297 5460 1347 5518 6,

1447 5583 1670 5655 Variae
1701 5587 2027 5659 lectiones
2055 5598 2121 5658 et
2161 5598 2364 5656 notae.

311 5710 428 5785 (64)
454 5714 575 5772 Hoc
604 5713 830 5774 scholio
861 5715 1103 5776 carebat
1133 5719 1477 5781 Hentenius.
1500 5727 1680 5799 Igitur
1698 5746 1908 5791 versus
1934 5732 2165 5807 primus
2190 5736 2247 5789 et
2284 5729 2584 5795 secundus
2606 5730 2796 5803 juncti
2825 5732 3013 5789 erant.
