2085 3182
284 154 337 183 823

944 157 1119 186 EUTHYMII
1140 159 1306 188 ZIGABENI

1914 160 1983 192 824

284 217 373 246 simul
380 217 497 254 quidem
507 217 545 246 ad
552 218 772 253 praedicationis
779 227 839 247 sure
845 219 1092 249 conﬁrmationem
1104 230 1107 250 :

1172 222 1312 256 βεϐαίωσιν
1328 228 1374 251 τοῦ
1398 226 1575 261 κηρύγματος,
1588 225 1643 261 ἅμα
1662 224 1702 258 δξ,
1716 227 1760 252 καὶ
1773 224 1808 256 εὶς
1830 224 1983 261 βιλτίωσιν

281 263 310 290 et
325 264 469 297 praeterea
479 262 518 290 ad
531 262 774 292 emendationem
786 272 891 293 eorum
906 265 958 301 qui
973 266 1114 296 miracula.

281 306 496 343 operabantur.

316 352 417 384 Quaere
437 351 526 380 etiam
541 351 579 380 de
593 352 638 380 bis
658 353 762 389 quinto
775 353 862 389 juxta
875 354 1046 383 Matthaaum
1066 363 1114 384 ca-

279 395 349 432 pite,
373 395 424 424 ubi
446 395 525 424 circa
541 395 631 424 ﬁnem
649 396 796 426 habetur:
812 399 902 426 Multi
924 399 1018 428 dicent
1041 398 1115 428 mihi

278 439 311 468 in
338 440 390 468 illo
415 440 472 474 die,
501 442 630 474 Domine,
648 442 779 475 Domine,
808 451 907 472 nonne
927 452 984 479 per
1009 452 1113 473 nomen

281 482 365 513 tuum
379 485 622 520 prophetavimus
637 490 663 515 et
683 495 736 522 per
749 495 851 516 nomen
868 491 952 517 tuum
965 490 1112 519 dzmom'a

281 529 420 565 eiecimus
435 531 459 548 "
471 529 486 558 τ

319 645 399 674 Vers.
414 647 458 674 40.
476 645 533 680 Qui
546 647 624 675 enim
640 662 674 667 ——
693 649 744 676 est.
762 648 792 676 id
808 648 907 684 ipsum
922 649 1012 684 enim,
1029 650 1112 680 illum

282 697 345 718 non
356 690 493 719 resistere
507 691 604 725 vobis,
625 694 757 721 vestrum
773 696 817 721 est
831 693 986 723 auxilium.

282 757 292 761 -
317 734 406 763 Aliud
428 737 472 764 est
491 737 604 771 autem,
623 736 705 772 quod
725 736 795 765 alibi
816 737 922 766 dicitur
943 747 949 766 :
972 740 1028 774 Qui
1052 748 1111 769 non

282 781 324 808 est
344 787 466 813 mecum,
492 782 595 809 contra
617 789 661 809 me
680 783 722 809 est
737 782 771 808 ⁵⁸.
797 783 870 810 Nam
895 783 969 812 illud
992 784 1029 812 de
1053 785 1112 814 dee-

280 831 371 856 mone
392 824 508 858 dicitur,
534 826 563 852 et
575 825 667 854 alium
683 826 775 854 habet
787 827 968 857 intellectum
992 836 998 856 :
1026 832 1112 865 prout

279 868 422 898 vicesimo
436 869 569 898 secundo
579 869 665 905 juxta
681 870 852 899 Matthmum
867 873 963 909 capite
976 873 1109 903 declara-

279 921 389 942 Vimus.

314 957 397 986 Vers.
420 958 464 986 41.
492 957 664 994 Quicunque
676 958 754 987 enim
776 975 810 979 —
823 968 916 989 suam.
941 963 1000 990 Hoc
1021 963 1110 992 etiam

279 1001 354 1031 dixit
376 1001 407 1029 in
431 1002 487 1030 ﬁne
508 1002 617 1030 decimi
636 1003 708 1032 noni
723 1004 829 1040 capitis
854 1006 1005 1041 Evangelii
1024 1007 1111 1042 juxta

278 1046 457 1078 Matthmum.

316 1090 397 1118 Vers.
416 1091 461 1118 42.
477 1090 516 1119 Ει
529 1091 701 1127 quicunque
718 1107 753 1113 —
768 1100 860 1122 mare.
877 1094 994 1123 Dictum
1009 1098 1054 1125 est
1073 1097 1110 1126 de

280 1134 338 1162 hoc
354 1134 499 1163 tricesimo
515 1136 643 1172 septimo
666 1137 761 1173 capite
776 1139 928 1175 Evangelii
942 1141 1109 1170 secundum

281 1178 462 1208 Mattbaaum.

317 1223 400 1251 Vers.
420 1225 464 1252 43.
484 1224 521 1252 Et
538 1224 563 1252 si
577 1240 610 1244 —
624 1224 706 1253 Vers.
728 1227 771 1254 44.
793 1228 1004 1263 exstinguitur.
1015 1229 1111 1258 Etiam

282 1268 318 1295 de
334 1268 378 1297 his
391 1268 441 1296 illo
455 1269 548 1305 capite
564 1269 677 1297 dictum
693 1273 746 1299 est.
762 1271 872 1300 Vermis
883 1275 981 1302 autem
995 1282 1111 1309 eorum,

283 1313 330 1348 qui
344 1312 477 1341 videlicet
489 1314 602 1342 abeunt
618 1315 649 1342 in
664 1315 846 1350 gehennam.

319 1357 446 1390 Quidam
484 1366 552 1386 vero
585 1367 717 1388 vermem
750 1362 778 1389 et
809 1361 920 1398 ignem,
960 1364 1112 1392 conscien-

281 1402 352 1430 tiam
374 1402 581 1431 intellexerunt
600 1406 802 1440 peccatorum,
830 1408 975 1443 tanquam
997 1408 1027 1436 in
1047 1417 1112 1437 mo-

279 1445 350 1475 dum
381 1447 488 1475 vermis
508 1449 537 1476 et
556 1447 633 1484 ignis
652 1449 808 1479 rodentem
826 1451 909 1488 ipsos
930 1460 966 1481 ac
993 1453 1113 1483 inﬂam-

279 1493 424 1520 mantem.

316 1536 457 1593 Xennii).
473 1537 513 1565 Et
525 1537 677 1583 si—Vers.
689 1541 733 1568 46.
748 1542 955 1577 exstinguitur.
972 1543 1110 1573 Similiter
1124 1559 1145 1593 δ

279 1582 308 1609 et
323 1579 360 1608 de
375 1580 434 1609 his.

315 1626 395 1653 Vers.
415 1627 460 1654 4⁸7.
476 1626 513 1654 Et
527 1626 554 1655 si
563 1628 663 1656 oculus
683 1644 717 1650 —
731 1629 812 1658 Vers.
829 1632 873 1659 48.
894 1632 1105 1669 exstinguitur.

278 1671 421 1699 Praeterea
434 1672 462 1699 et
481 1671 518 1699 de
532 1671 590 1700 his.

314 1715 395 1744 Vers.
410 1716 455 1744 49.
472 1716 622 1745 Omnis—
647 1718 782 1748 satietur.
798 1721 901 1749 Omnis
917 1722 1022 1757 ﬁdelis,
1037 1724 1107 1759 igne

276 1759 358 1793 ﬁdei,
390 1768 458 1796 quae
491 1761 531 1789 ad
557 1761 650 1791 Deum
680 1765 734 1797 est,
754 1764 800 1793 vel
832 1765 1007 1802 dilectionis,
1038 1776 1107 1804 quin

276 1807 320 1833 est
334 1805 373 1834 ad
388 1806 569 1841 proximum,
586 1807 707 1837 satietur
722 1814 753 1838 ut
769 1810 904 1840 videlicet
919 1813 1106 1848 putredinem

275 1849 405 1885 abjiciat.

311 1895 372 1929 Vel,
388 1895 553 1932 condietur,
573 1899 606 1926 ut
625 1898 726 1927 suavis
739 1900 799 1929 Deo
811 1901 962 1930 reddatur.

310 1939 392 1968 Vers.
421 1942 465 1969 49.
494 1941 532 1970 Et
550 1943 643 1971 omnis
661 1959 697 1965 —
715 1945 846 1973 satietur.
878 1947 980 1975 Omnis
1009 1948 1107 1978 hostia

274 1984 433 2021 spiritualis
457 1985 518 2015 sive
533 1986 584 2015 ﬁat
603 1995 656 2023 per
676 1989 853 2024 orationem,
875 1991 938 2019 sive
954 2000 1007 2028 per
1032 1993 1105 2021 elee-

273 2037 445 2066 mosynam,
475 2030 537 2059 sive
565 2039 618 2067 per
644 2033 725 2060 aliud
750 2035 916 2070 quippiam,
947 2037 1007 2065 sale
1035 2038 1106 2067 ﬁdei

273 2073 319 2102 vel
349 2074 511 2103 dilectionis
544 2076 674 2109 salietur,
707 2077 766 2106 sive
796 2079 878 2107 saliri
913 2080 1011 2109 debet.
1044 2082 1105 2111 Hoc

274 2120 376 2146 autem
413 2127 432 2147 a
467 2119 544 2148 libro
580 2120 698 2149 Levitici
747 2124 929 2153 translatum
967 2129 1021 2154 est.
1060 2128 1104 2156 lbi

273 2162 354 2191 enim
364 2163 509 2199 scriptum
524 2166 568 2193 est
585 2173 591 2193 :
610 2165 710 2194 Omnis
721 2175 824 2196 munus
841 2168 943 2198 hostiae
950 2175 1053 2200 vestra.v
1060 2180 1104 2202 εα-

274 2206 362 2235 tietur
381 2208 416 2235 ⁸⁵.

308 2252 389 2281 Vers.
407 2254 450 2281 50.
462 2253 543 2282 Bona
554 2262 601 2283 res
615 2257 657 2283 est
675 2257 729 2284 sal.
750 2256 805 2285 Per
818 2258 993 2294 qualitatem
1008 2269 1101 2298 quam

268 2297 370 2343 babet,
386 2300 418 2343 ut
428 2298 509 2327 cibos
522 2298 629 2328 reddat
638 2308 756 2336 suaves,
772 2303 800 2331 et
814 2310 851 2331 ne
862 2311 989 2341 corpora
1004 2297 1101 2343 putre-

267 2340 343 2376 ﬁant
361 2342 459 2371 efﬁcit.

305 2387 383 2415 Vers.
409 2388 453 2416 50.
480 2388 512 2416 Si
526 2391 624 2418 autem
652 2405 685 2410 —
701 2392 869 2421 condietis?
884 2394 912 2422 Si
939 2396 1042 2432 perdat
1069 2398 1100 2426 id

267 2432 352 2468 quod
370 2432 401 2460 in
415 2432 483 2469 ipso
502 2436 548 2461 est
565 2433 723 2464 laudabile.

304 2477 352 2505 Sal
372 2480 472 2506 autem
490 2478 553 2523 hic,
574 2479 659 2514 juxta
680 2481 885 2512 sublimiorem
907 2484 1096 2523 intellectum,

267 2521 343 2549 ﬁdes
369 2523 411 2550 est
439 2524 491 2550 aut
517 2522 643 2552 dilectio.
675 2526 769 2553 Lucas
784 2535 853 2556 vero
881 2529 971 2558 dicit:
993 2530 1026 2559 Si
1052 2521 1098 2560 sat

267 2565 330 2604 ipse
354 2566 481 2595 insulsus
504 2568 607 2603 fuerit,
634 2576 688 2603 per
702 2571 775 2606 quid
790 2570 941 2602 condictur
965 2575 988 2593 δε
1012 2576 1026 2603 ‘2
1052 2584 1098 2605 sa-

267 2610 327 2647 lem
354 2610 395 2639 ibi
420 2619 533 2641 vocans
556 2612 699 2642 doctrinae
720 2616 857 2651 verbum,
884 2618 937 2654 qui
962 2619 1096 2649 insulsus

266 2655 300 2700 ﬁt
323 2656 447 2692 quando
467 2658 675 2694 corrumpitur.
693 2659 860 2689 Differenter
886 2666 986 2691 autem
1010 2665 1097 2700 juxta

266 2698 399 2738 diversas
430 2702 605 2731 occasiones
634 2703 765 2732 Christus
793 2705 862 2734 salis
896 2698 1095 2744 signiﬁcatum

265 2744 422 2788 transtulit.
449 2746 563 2775 Etenim
578 2747 660 2784 apud
682 2749 852 2779 Matthmum
868 2751 948 2788 ipsos
972 2761 1094 2791 quoque

299 2843 323 2861 δ’
340 2843 441 2873 Matth.
456 2851 504 2872 vu.
521 2847 566 2873 22.
622 2846 645 2864 ⁶⁴
661 2847 740 2877 Matt.
756 2855 806 2877 ιιι.
822 2849 868 2878 20.

924 2851 947 2869 ⁸⁵
966 2852 1058 2881 Levit.
1073 2860 1102 2882 ll.
1120 2853 1163 2882 13.

1170 267 1254 294 αὐτῶν
1270 266 1304 297 δὴ
1321 273 1370 295 τῶν
1392 270 1667 307 θαυματουργούντων.

1204 369 1324 396 Ζήτησον
1341 365 1371 393 δὲ
1393 370 1453 404 περὶ
1478 372 1528 394 τῶν
1552 369 1674 395 τοιούτων
1698 367 1722 394 ἰν
1746 371 1782 403 τῷ
1806 369 1914 404 πέμπτῳ
1931 377 1984 394 κε-

1170 410 1270 447 φαλαίῳ
1298 415 1344 438 τοῦ
1374 413 1442 439 κατὰ
1470 413 1613 445 Ματθαῐον,
1640 412 1752 442 πλησίον
1794 416 1840 438 τοῦ
1871 412 1980 445 τέλους,

1168 456 1228 481 ἔνθα
1253 459 1337 482 κεῖται
1362 458 1391 482 τό
1420 465 1425 471 ·
1461 456 1554 483 Πολλοὶ
1580 456 1669 494 ἐροῦσί
1694 467 1739 493 μοι
1765 456 1789 482 ἐν
1822 456 1904 493 ἐκείνῃ
1940 461 1978 493 τῇ

1168 501 1262 537 ἡμέρᾳ,
1290 502 1377 538 Κύριε,
1404 503 1493 539 Κύριε,
1522 502 1552 528 οὗ
1578 506 1613 537 τῷ
1645 506 1682 537 σῷ
1715 501 1822 538 ὀνόματι
1853 511 1980 538 προεφη-

1167 546 1304 581 τεύσαμεν,
1332 548 1377 572 καὶ
1408 550 1444 581 τῷ
1476 550 1514 581 σῷ
1545 546 1652 583 ὀνόματι
1693 544 1819 582 δαιμόνια
1850 545 1978 578 ἐξεϐάλο-

1168 598 1212 624 μεν
1230 599 1236 624 ;

1201 633 1249 664 ’ος
1263 635 1313 672 γὰρ
1333 650 1368 655 -
1379 634 1443 662 ἔστί.
1459 635 1527 661 Αὐτὸ
1546 636 1596 672 ’γὰρ
1611 639 1696 671 τοῦτο,
1712 637 1742 661 τὸ
1757 637 1793 672 μὴ
1806 634 1977 662 ἀντιπίπτειν

1168 678 1245 704 αὐτὸν
1257 679 1329 714 ὑμῖν,
1347 678 1457 715 βοήθεια
1472 681 1541 716 ὑμῶν
1558 680 1624 708 ἐστι.

1201 722 1303 759 Ἕτερον
1319 722 1349 750 δέ
1362 723 1416 750 ἐστι
1428 726 1465 757 τὸ,
1478 724 1507 751 Ὀ
1517 727 1552 761 μὴ
1569 725 1603 750 ὢν
1619 725 1673 761 μετ’
1692 724 1764 761 ἐμοῦ,
1781 725 1836 751 κατ’
1847 726 1911 761 ἐμοῦ
1929 724 1974 751 ἕσ-

1167 776 1216 793 τιν.
1231 768 1326 794 Ἐκεῖνο
1335 769 1386 804 γὰρ
1402 771 1461 806 περὶ
1476 773 1522 795 τοῦ
1536 767 1660 805 δαίμονος
1672 771 1782 807 εἴρηται,
1794 772 1838 796 καὶ
1850 768 1977 796 διάνοιαν

1167 811 1245 841 ἄλλην
1260 814 1326 848 ἔχει,
1340 814 1424 843 καθὼς
1440 813 1463 839 ἐν
1483 818 1518 849 τῷ
1534 814 1642 850 εἰκοστῷ
1656 812 1768 851 δευτέρῳ
1781 814 1910 851 κεφαλαίῳ
1925 818 1977 841 τοῦ

1167 858 1234 882 κατὰ
1246 857 1380 884 Ματθαῐον
1396 858 1591 894 ἐξηγησάμεθα.

1200 954 1248 986 ⁸ος
1260 956 1310 992 γὰρ
1335 971 1369 975 -
1394 955 1483 981 αὐτοῦ.
1509 959 1591 982 Τοῦτο
1618 955 1671 983 εἷπε
1691 959 1816 995 καὶπρὸς
1840 963 1874 994 τῷ
1903 959 1971 986 τέλει

1165 1003 1210 1026 τοῦ
1256 999 1484 1027 ἐννεακαιδεκάτου
1522 1001 1659 1037 κεφαλαίου
1697 1006 1742 1028 τοῦ
1788 1004 1856 1029 κατὰ
1895 1004 1972 1031 Ματ-

1166 1045 1248 1071 θαῖον.

1202 1091 1252 1115 Καὶ
1278 1089 1303 1119 ὃς
1328 1105 1361 1109 -
1394 1089 1537 1117 θάλασσαν.
1566 1092 1675 1128 Εἴρηται
1707 1094 1752 1118 καὶ
1785 1095 1843 1129 περὶ
1871 1095 1969 1120 τούτου

1165 1132 1188 1159 ἄν
1221 1137 1257 1168 τῷ
1282 1138 1430 1171 τριακοστῷ
1460 1132 1563 1171 ἑϐδόμῳ
1589 1136 1718 1172 κεφαλαίῳ
1737 1140 1783 1163 τοῦ
1807 1139 1875 1164 κατὰ
1895 1140 1970 1166 Ματ-

1166 1178 1237 1203 θαῖον
1242 1199 1247 1204 .

1203 1224 1253 1248 Καὶ
1274 1222 1315 1248 ἐὰν
1332 1238 1364 1242 —-
1374 1222 1517 1251 σϐέννυται.
1537 1226 1586 1250 Καὶ
1601 1227 1658 1261 περὶ
1674 1227 1771 1251 τούτων
1785 1225 1808 1252 ἐν
1824 1225 1910 1263 ἐκείνῳ
1926 1227 1969 1253 λέ-

1165 1265 1261 1293 λεκται.
1279 1265 1384 1298 Σκὼληξ
1398 1265 1427 1294 δὲ
1441 1267 1534 1301 αὐτῶν,
1551 1271 1626 1294 τίνων
1643 1277 1649 1302 ;
1667 1267 1771 1299 Δηλαδὴ
1786 1274 1836 1296 τῶν
1853 1270 1969 1308 ἀπερχο-

1167 1313 1248 1347 μένων
1264 1311 1300 1342 εἰς
1318 1313 1365 1340 τὴν
1379 1313 1489 1347 γέενναν.

1203 1355 1323 1384 Σκα’ληκα
1338 1354 1368 1382 δὲ
1382 1358 1427 1382 καὶ
1441 1360 1504 1393 πῦρ,
1518 1359 1584 1388 τινὲς
1596 1360 1642 1387 τὴν
1655 1357 1807 1388 συνείδησιν
1821 1363 1871 1385 τῶν
1886 1359 1969 1398 ἁμαρ-

1166 1399 1253 1426 τωλῶν
1273 1399 1390 1431 ἐνόησαν,
1406 1402 1437 1431 ὡς
1453 1400 1600 1428 δάκνουσαν
1615 1405 1660 1429 καὶ
1683 1407 1843 1440 πιμπρῶσαν
1863 1404 1968 1440 αὐτοὺς,

1167 1442 1245 1473 δίκην
1261 1444 1395 1476 σκώληκος
1409 1447 1454 1471 καὶ
1468 1448 1560 1483 πυρός.

1202 1553 1251 1578 Καὶ
1282 1553 1323 1578 ἑὰν
1351 1568 1385 1573 -
1412 1552 1558 1583 σϐέννυται.
1590 1554 1701 1591 Ὁμοίως
1732 1558 1775 1582 καὶ
1812 1559 1869 1593 περὶ
1903 1558 1962 1583 τού-

1162 1606 1211 1623 των
1215 1616 1221 1623 .

1200 1643 1250 1668 Καὶ
1262 1640 1304 1668 ἐὰν
1317 1642 1329 1667 ό
1343 1641 1472 1678 ὀφθαλμός
1488 1658 1521 1662 -
1540 1643 1684 1671 σϐέννυται.
1701 1644 1760 1671 Ἐτι
1775 1647 1817 1671 καὶ
1830 1647 1886 1681 περὶ
1900 1647 1960 1672 τού-

1162 1695 1221 1713 των.

1199 1733 1253 1761 Πᾶς
1277 1746 1311 1750 -—
1337 1731 1518 1761 ἁλισθήσεται.
1551 1736 1602 1763 Πᾶς
1632 1735 1725 1764 πιστὸς
1748 1737 1813 1770 πυρὶ
1838 1739 1884 1766 τῆς
1898 1736 1959 1771 πρὸς

1163 1776 1226 1801 Θεὸν
1242 1775 1363 1807 πῖστιως,
1390 1776 1404 1805 ἡ
1430 1780 1477 1808 τῆς
1494 1778 1559 1814 πρὸς
1588 1779 1630 1803 τὸν
1646 1778 1755 1807 πλησίον
1777 1777 1882 1814 ἀγάπης
1909 1780 1961 1806 ἁλι-

1163 1820 1300 1853 σθήσεεάι⁷
1323 1822 1413 1856 ἤγουν,
1441 1823 1488 1851 τὴν
1519 1820 1652 1851 σηπεδόνα
1680 1827 1725 1853 τῆς
1749 1826 1841 1855 κακίας
1862 1823 1959 1850 ἀποϐα-

1127 1899 1130 1902 .
1161 1863 1209 1890 λεί.

1227 1908 1260 1935 Ἦ
1275 1908 1460 1946 ἀρτυθήσεται,
1475 1913 1519 1937 καὶ
1533 1909 1601 1942 ἡδὺς
1616 1916 1651 1947 τῷ
1666 1914 1719 1948 Θεῷ
1734 1915 1885 1948 γενήσεται.

1199 1955 1248 1979 Καὶ
1272 1957 1346 1980 πᾶσα
1365 1970 1398 1974 -
1427 1955 1610 1985 ἁλισθήσεται.
1641 1960 1717 1983 Πᾶσα
1741 1958 1821 1984 θυσία
1845 1969 1958 1995 πνευμα-

1160 2000 1231 2032 τικὴ,
1258 1999 1307 2025 εἴτε
1327 1997 1364 2025 δι’
1393 1999 1485 2035 εὐχῆς,
1510 2002 1560 2026 εἶτε
1577 1999 1614 2026 δι’
1635 2000 1817 2037 ἐλεημοσύνης,
1835 2005 1884 2029 εἴτε
1898 2006 1957 2040 τρό-

1159 2051 1207 2067 πον
1233 2042 1316 2079 ἓτερον
1339 2046 1469 2079 γινομένη,
1501 2048 1537 2080 τῷ
1557 2045 1633 2071 ᾶλατι
1657 2050 1704 2077 τῆς
1736 2049 1848 2077 πίστεως
1872 2049 1886 2077 ἦ
1915 2052 1958 2079 τῆς

1160 2085 1262 2122 ἀγάπης
1278 2087 1460 2121 ἁλισθήσεται,
1478 2090 1570 2122 εἴτουν,
1598 2089 1736 2120 ἁλισθῆναι
1758 2091 1860 2128 ὁῳείλει.
1877 2095 1957 2118 Τοῦτο

1160 2129 1189 2157 δὲ
1206 2130 1255 2157 ἀπὸ
1270 2135 1316 2162 τῆς
1327 2131 1420 2168 βίϐλου
1441 2137 1486 2159 τοῦ
1503 2137 1640 2160 Λευῖτικοῦ
1649 2135 1827 2171 μετεῦληπται.
1845 2139 1957 2173 Γέγραπ-

1157 2184 1200 2201 ται
1219 2176 1267 2214 γὰρ
1284 2175 1309 2202 ἐν
1328 2175 1415 2213 ἐκείνῳ
1432 2198 1438 2204 .
1452 2181 1504 2204 Πᾶν
1522 2176 1605 2216 δῶρον
1620 2180 1711 2211 θυσίας
1737 2181 1807 2216 ὑμῶν
1819 2181 1955 2210 ἁλισθήσε-

1158 2229 1211 2247 ται.

1194 2264 1279 2292 Καλὸν
1311 2267 1340 2291 τὸ
1367 2265 1441 2297 ἅλας.
1471 2267 1509 2293 Δι’
1525 2267 1554 2296 ἣν
1575 2269 1632 2304 ἔχει
1654 2269 1787 2301 ποιότητα,
1802 2266 1950 2297 ἢδύνουσαν

1157 2310 1202 2346 μὲν
1214 2311 1247 2336 τὰ
1263 2309 1400 2346 βρώματα,
1418 2313 1588 2349 παρέχουσαν
1600 2311 1629 2339 δὲ
1644 2317 1698 2343 τοῖς
1711 2315 1815 2348 σώμασι
1822 2314 1850 2339 τὸ
1865 2313 1948 2342 ἄσηπ-

1156 2364 1199 2381 τόν
1205 2375 1212 2382 ι

1191 2399 1249 2425 Ἐὰν
1266 2397 1295 2426 δὲ
1319 2415 1353 2420 --
1381 2400 1505 2437 ἀρτύσετε
1522 2410 1529 2435 ;
1545 2402 1605 2428 Ἐὰν
1626 2401 1739 2439 ἀπολέσῃ
1757 2405 1803 2432 τήν
1823 2403 1952 2432 ἐπαινετὴν

1154 2442 1234 2469 αὐτοῦ
1254 2446 1391 2473 ποιότητα.

1187 2487 1267 2519 Ἀλας
1291 2486 1321 2514 δὲ
1345 2488 1465 2523 ἐνταῦθα,
1494 2492 1561 2516 κατὰ
1591 2490 1738 2527 ἀναγωγὴν,
1760 2493 1774 2522 ἡ
1802 2494 1889 2522 πίστις
1908 2492 1951 2522 ἡὴ

1153 2532 1252 2568 ἀγάπη.
1270 2536 1374 2565 Λουκᾶς
1399 2532 1429 2560 δέ
1455 2544 1533 2571 φησιν
1555 2545 1560 2551 ·

1154 2577 1195 2612 θῇ,
1224 2578 1248 2602 ἐν
1288 2579 1339 2603 τίνι
1372 2577 1547 2614 ἀρτυθήσεται
1582 2588 1589 2613 ;
1619 2580 1682 2611 ἅλας
1714 2580 1766 2607 iui
1798 2580 1876 2616 λέγων
1912 2583 1952 2607 τὸν

1153 2619 1343 2647 διδασκαλικὸν
1367 2622 1451 2659 λόγον,
1484 2625 1557 2655 ὅστις
1580 2627 1748 2661 μωραίνεται,
1778 2626 1838 2651 ὅταν
1867 2635 1951 2662 παρα-

1588 2536 1645 2562 Ἐὰν
1673 2534 1703 2562 δὲ
1718 2537 1747 2561 τό
1775 2536 1837 2566 ἅλας
1856 2547 1952 2574 μωραν-

1153 2666 1251 2702 φθαρῇ.
1273 2669 1403 2704 Διαφόρως
1427 2666 1456 2694 δὲ
1482 2669 1549 2695 κατὰ
1573 2667 1714 2707 διαφόρους
1732 2672 1838 2706 καιροὺς
1853 2672 1882 2696 τό
1897 2672 1952 2707 περὶ

1152 2714 1197 2736 τοῦ
1234 2710 1325 2741 οἷλατος
1362 2715 1448 2748 νόημα
1476 2714 1488 2739 ὁ
1517 2716 1632 2750 Χριστὸς
1658 2717 1871 2752 μετεχειρίσατο.
1902 2716 1952 2742 Καὶ

1150 2755 1201 2792 γὰρ
1222 2757 1267 2781 καὶ
1291 2756 1363 2794 παρὰ
1391 2761 1427 2792 τῷ
1459 2759 1586 2795 Ματθαίῳ
1618 2761 1680 2791 τοὺς
1712 2758 1870 2790 ἀποστόλους
1894 2760 1953 2791 ἅλας

1224 2853 1259 2881 σθ.
1275 2853 1342 2882 Luc.
1356 2861 1417 2883 xiv.
1432 2856 1475 2884 34.
