4170 6364
297 354 402 412 825
1342 354 1716 412 COMMENT.
1756 353 1826 409 IN
1867 351 2203 413 MARCUM.
2245 388 2309 397 —
2345 356 2507 415 CAP.
2550 358 2618 415 X.
3547 367 3653 422 826

296 485 579 557 ὠνόμασεν,
613 485 682 545 ὡς
710 485 944 556 εὑρήσεις
974 484 1024 535 ἐν
1062 490 1133 554 τῷ
1162 488 1379 555 πέμπτῳ
1421 480 1676 554 κεφαλαίῳ
1708 480 1885 548 αὐτοῦ,

2017 481 2314 552 ιροειοιοε
2340 483 2527 541 salem
2556 485 2890 545 nominavit
2928 490 2996 553 ⁸⁷,
3036 490 3219 547 veluti
3246 490 3452 565 quinto
3483 492 3650 566 apud

290 577 425 645 μετὰ
504 577 621 634 τοὺς
696 576 1093 648 Μακαρισμοὺς,
1178 575 1296 625 ἔνθα
1377 576 1466 623 καὶ
1547 577 1888 644 φανερώτερον

290 663 663 735 ἕξηγησάμεθα
699 665 766 715 τὰ
792 668 909 735 περὶ
933 669 1021 715 τοῦ
1052 662 1260 723 ἄλατος.

358 855 549 927 Ἔχετε
579 887 642 897 -
673 854 722 908 ἐν
765 855 1021 918 ἀλλήλὸις.
1065 855 1225 919 Ἀλας
1269 855 1495 928 ἀγάπης,
1548 862 1766 930 συνέχον
1796 862 1886 911 καὶ

285 950 583 1018 συσφίγγον
610 945 675 1007 εἰς
706 947 966 1019 ὁμόνοιαν.

362 1147 584 1215 Λέγεται
611 1141 668 1197 δὲ
694 1144 819 1205 οἷλας
848 1148 937 1197 καὶ
976 1147 1005 1203 ἡ
1042 1147 1248 1206 σύνεσις
1291 1150 1379 1198 καὶ
1420 1148 1602 1220 χάρις,
1636 1149 1699 1207 ὡς
1748 1153 1888 1198 Παῦ-

285 1233 371 1293 λός
415 1253 594 1307 φησιν·
636 1234 694 1287 Ὀ
738 1233 884 1306 λόγος
945 1235 1085 1306 ὑμῶν
1137 1236 1355 1287 πάντοτε
1400 1234 1446 1286 ἐν
1484 1237 1691 1308 χάριτι,
1736 1235 1885 1288 ἅλατι

285 1322 588 1397 ἠρτυμένος.

285 1437 432 1485 ΚΕΦ.
502 1430 626 1485 ΚΗ’.
706 1437 829 1503 Περὶ
898 1439 996 1483 τῶν
1058 1430 1509 1505 ἐπερωτησάντων,
1586 1432 1629 1484 εἰ
1688 1431 1882 1494 ἔξεστιν

751 1519 1009 1573 ἀπολῦσαι
1038 1525 1131 1578 τὴν
1156 1528 1377 1591 γυναῖκα
1405 1537 1418 1585 ;

355 1627 598 1682 Κάκεῖθεν
640 1627 868 1688 ἀναστὰς
899 1660 966 1667 -
999 1624 1289 1702 Ἰορδάνου.
1331 1631 1425 1681 Δια
1455 1628 1566 1700 (64)
1598 1636 1688 1680 τοῦ
1722 1632 1878 1681 τόπου

276 1724 370 1769 τοῦ
402 1722 556 1789 πέραν
584 1725 677 1769 τοῦ
699 1714 988 1791 Ἰορδάνου.

355 1811 453 1859 Καὶ
512 1809 924 1881 συμπορεύονται
999 1839 1067 1846 —
1121 1807 1451 1881 πειράζοντες
1521 1808 1695 1864 αὐτόν.
1777 1813 1875 1865 Ζή-
1910 1842 1953 1897 Β

276 1915 435 1954 τησον
492 1899 549 1948 τὸ
608 1899 1031 1971 τεσσαρακοστὸν
1083 1896 1354 1968 κεφάλαιον
1410 1904 1501 1948 τοῦ
1558 1900 1692 1949 κατὰ
1734 1905 1876 1951 Ματ-

1998 570 2169 626 illum
2241 574 2433 644 capite
2516 580 2650 644 post
2708 578 3107 634 Beatitudines
3179 580 3487 638 invenies:
3546 582 3648 639 ubi

1996 660 2173 716 etiam
2206 663 2579 719 manifestius
2610 665 3065 737 declaravimus,
3108 687 3245 742 quae
3285 672 3359 728 de
3398 672 3519 728 sale
3558 673 3650 729 di-

1997 756 2230 806 cuntur.

2064 841 2224 896 Vers.
2263 846 2344 898 50.
2374 843 2590 899 Habele
2614 874 2683 885 —
2718 845 2876 902 inter
2913 863 3033 904 vos.
3077 850 3274 907 Salem
3313 850 3646 909 dilectionis

1993 930 2095 1001 qui
2147 930 2207 985 in
2257 947 2444 987 unum
2497 933 2780 999 continet,
2825 939 2878 990 et
2930 936 3007 991 ad
3058 937 3349 996 unitatem
3405 946 3463 999 et
3507 957 3650 998 con-

1994 1019 2258 1075 cordiam
2298 1021 2664 1092 constringit.

2064 1108 2278 1163 Dicitur
2306 1125 2543 1182 quoque
2584 1110 2692 1179 sal,
2727 1112 3048 1184 prudentia
3078 1118 3134 1170 et
3172 1117 3403 1185 gratia:
3437 1132 3644 1189 quem-

1992 1197 2323 1254 admodum
2349 1198 2492 1255 dicit
2528 1200 2782 1256 Paulus:
2822 1202 3016 1261 Sermo
3055 1209 3245 1262 vester
3282 1221 3509 1276 semper
3543 1221 3650 1277 per

1990 1288 2238 1358 gratiam
2268 1288 2391 1345 sale
2427 1289 2755 1349 condialur
2794 1292 2861 1347 ⁸⁸.

1993 1430 2142 1485 CAP.
2179 1432 2409 1487 XXVIII.
2451 1433 2527 1489 De
2554 1433 2644 1489 his
2683 1435 2788 1505 qui
2820 1435 3259 1508 interrogabant
3297 1438 3642 1505 Dominum,

2165 1538 2245 1577 an
2274 1523 2469 1578 liceret
2497 1538 2627 1579 cum
2657 1539 2841 1580 uxore
2865 1526 3184 1581 divortium
3221 1528 3414 1586 facere
3440 1528 3468 1582 ?

2060 1610 2217 1665 CAP.
2257 1612 2313 1665 Χ.
2345 1611 2501 1666 Vers.
2534 1614 2587 1667 1.
2619 1613 2844 1669 Etcum
2874 1614 3008 1671 inde
3038 1618 3394 1672 surrexisset
3414 1647 3479 1656 —
3505 1617 3647 1672 Jor-

1989 1700 2224 1755 danem.
2253 1702 2338 1771 Η-
2360 1700 2469 1756 Per
2496 1702 2694 1757 locum
2726 1703 2828 1775 qui
2859 1708 2946 1759 est
2974 1710 3135 1761 trans
3155 1705 3497 1761 Iordanem.

2060 1788 2223 1844 Vers.
2278 1791 2329 1843 1.
2386 1791 2459 1844 Et
2516 1793 2863 1847 conveniunt
2899 1824 2967 1834 —
3018 1793 3179 1848 Vers.
3226 1799 3278 1849 2.
3358 1798 3643 1851 tentantes

1989 1892 2133 1934 eum.
2150 1880 2357 1943 Quaere
2371 1879 2897 1950 quadragesimum
2924 1887 3104 1954 caput
3124 1883 3405 1952 Evangeli
3434 1899 3639 1940 secun-

1988 1967 2132 2022 dum
2165 1968 2529 2022 Mattheeum.

281 1986 447 2038 θαίον.

349 2073 408 2125 Ὀ
457 2069 515 2125 δὲ
572 2104 640 2112 -
680 2071 958 2130 ἀπολῦσαι.
1009 2075 1095 2128 Ἐν
1151 2073 1322 2146 ἐκείνῳ
1374 2079 1464 2127 καὶ
1523 2080 1635 2150 περὶ
1686 2079 1878 2129 τούτων

2060 2056 2220 2110 Vers.
2249 2057 2301 2111 3.
2335 2057 2450 2112 Ille
2470 2060 2656 2113 autem
2687 2088 2756 2097 —
2784 2060 2944 2113 Vers.
2986 2059 3037 2112 4.
3081 2058 3398 2116 dimittere.
3442 2064 3505 2115 In
3544 2059 3644 2116 illo

278 2165 503 2234 εἴρηται.

2017 2144 2186 2216 :apite
2207 2146 2281 2200 de
2304 2146 2392 2200 his
2418 2162 2657 2217 quoque
2695 2146 2923 2202 dictum
2962 2150 3069 2203 est.

355 2256 456 2303 Καὶ
518 2250 815 2326 ἀποκριθεὶς
888 2284 957 2293 -
1026 2254 1051 2305 ὁ
1110 2257 1255 2314 Θεὸς.
1329 2252 1554 2326 Ὁμοίως
1622 2259 1712 2306 καὶ
1763 2259 1878 2328 περὶ

2061 2234 2223 2291 Vers.
2261 2240 2308 2291 5.
2342 2234 2700 2303 Respondens
2724 2240 2915 2292 autem
2952 2267 3020 2277 —
3050 2237 3215 2292 Vers.
3255 2236 3307 2291 6.
3342 2237 3513 2297 Deus.
3552 2237 3645 2295 Si-

277 2342 475 2392 τούτων
489 2386 501 2396 ,

2017 2323 2205 2379 uiliter
2242 2327 2299 2379 et
2322 2324 2396 2379 de
2427 2324 2536 2379 his.

349 2428 546 2483 Ἕνεκεν
595 2433 780 2483 τούτου
841 2462 906 2472 -—
946 2435 1240 2506 χωριζέτω.
1292 2431 1559 2495 Ὡσαύτως
1622 2438 1710 2485 καὶ
1762 2438 1879 2507 περὶ

2058 2412 2221 2469 Vers.
2240 2418 2293 2467 7.
2318 2414 2573 2483 Propter
2589 2414 2699 2471 hoc
2719 2445 2785 2454 —
2807 2414 2970 2471 Vers.
2994 2414 3049 2471 9.
3081 2419 3325 2484 separet.
3362 2417 3547 2487 [Eque
3584 2420 3642 2472 et

271 2521 490 2575 τούτων.

2017 2503 2062 2559 le
2088 2504 2178 2557 his
2218 2508 2415 2559 actum
2458 2510 2568 2569 est,

350 2613 449 2661 Καὶ
484 2608 532 2661 ἐν
567 2617 631 2683 τῇ
678 2609 821 2682 οἰκίᾳ
863 2642 930 2651 -
980 2610 1152 2665 αὐτόν.
1202 2616 1325 2685 Περὶ
1373 2619 1463 2663 τοῦ
1505 2611 1662 2663 αὐτοῦ
1714 2612 1873 2672 ζητη-

2054 2588 2220 2643 Vers.
2263 2589 2349 2643 10.
2393 2588 2466 2643 Ει
2508 2588 2568 2643 in
2607 2588 2778 2644 domo
2818 2620 2887 2630 —-—
2930 2603 3078 2646 eum.
3132 2592 3211 2646 De
3257 2588 3372 2647 hac
3424 2590 3639 2647 eadem

268 2719 449 2772 ματος.
1273 2682 1281 2685 Ἴ

2017 2682 2330 2750 pastione.

2054 2767 2217 2822 Vers.
2284 2767 2370 2821 11.
2422 2768 2498 2822 Et
2543 2767 2625 2822 ait
2662 2798 2729 2807 —
2780 2768 3062 2824 adversus
3118 2782 3266 2833 eam,
3322 2768 3641 2826 Mmohatur

1985 2856 2266 2911 adversus
2297 2872 2453 2923 eam,
2486 2856 2758 2913 videlicet
2795 2856 3131 2912 inducendo
3154 2856 3421 2913 alteram.

2056 2945 2220 3000 Vers.
2257 2949 2338 3000 12.
2383 2947 2445 3000 Et
2481 2946 2533 3001 si
2559 2976 2628 2986 —
2684 2946 2998 3002 moechatur
3046 2945 3342 3002 Matthazus
3372 2961 3513 3003 vero
3558 2946 3638 3004 ad

1986 3033 2310 3089 Pharisaeos
2327 3034 2454 3090 haec
2472 3050 2599 3090 esse
2620 3034 2776 3090 dicta
2798 3034 2900 3102 ait,
2925 3034 3158 3091 addens
3175 3035 3374 3099 etiam,
3390 3035 3637 3107 quando

1988 3123 2175 3193 possit
2210 3122 2363 3178 ﬁerit
2401 3123 2745 3179 divortium.

1918 3189 1959 3246 (ἶ
1988 3189 2004 3193 -
2056 3211 2385 3267 Verisimile
2398 3216 2596 3268 autem
2612 3212 2973 3284 estprimum
2995 3212 3073 3268 ad
3091 3212 3636 3283 illos,postmodum

1988 3317 2122 3357 vero
2155 3301 2232 3355 ad
2270 3301 2589 3370 discipulos
2619 3317 2691 3355 ea
2721 3300 2958 3355 dixisse.

2058 3391 2224 3447 Vers.
2266 3394 2347 3445 13.
2382 3390 2457 3444 Et
2494 3390 2802 3459 offerebant
2832 3420 2899 3430 --
2929 3389 3088 3445 Vers.
3137 3394 3218 3446 14.
3258 3390 3387 3445 Dei.
3433 3392 3509 3445 De
3543 3389 3638 3446 his

348 2793 446 2841 Καὶ
474 2787 611 2859 λέγει
640 2820 707 2830 —
727 2789 804 2842 ἐπ’
826 2789 1007 2848 αὐτὴν.
1034 2793 1288 2862 Μοιχεύει
1300 2794 1423 2865 πρὸς
1440 2790 1622 2858 αὐτην,
1642 2787 1872 2860 δηλαδὴ,

269 2881 366 2935 τὴν
395 2876 711 2932 ἐπείσακτον.

350 2971 451 3019 Καὶ
508 2965 591 3018 ἐὰν
644 2998 711 3007 -
749 2974 1026 3040 μοιχᾶται.
1090 2968 1148 3021 Ὀ
1198 2965 1255 3021 δὲ
1285 2972 1548 3031 Ματθαῐος
1581 2974 1710 3044 πρὸς
1756 2991 1878 3035 τους

276 3059 598 3129 Φαρισαίους
622 3057 845 3131 ῥηθῆναι
874 3062 962 3109 καὶ
991 3060 1157 3110 ταῦτά
1188 3078 1338 3131 φησι,
1372 3061 1612 3132 προσθεὶς
1638 3066 1726 3112 καὶ
1756 3066 1878 3113 ποτε

277 3139 365 3195 δεῖ
392 3142 650 3198 ἀπολύειν.

348 3232 504 3295 Εἰκὸς
552 3230 611 3285 δε
658 3239 747 3286 καὶ
792 3237 921 3308 πρὸς
964 3234 1185 3299 ἐκείνους
1224 3246 1448 3310 πρῶτον,
1494 3244 1583 3291 καὶ
1611 3243 1736 3313 πρὸς
1763 3244 1877 3301 τοὺς

273 3324 515 3394 μαθητὰς
545 3322 758 3397 ὕστερον
798 3324 954 3377 εἰπεῖν
981 3326 1129 3378 αὑτά.

351 3416 452 3464 Καὶ
501 3417 811 3485 προσέφερον
864 3445 933 3454 —
992 3422 1084 3467 τοὺ
1133 3424 1285 3470 Θεοῦ.
1348 3419 1565 3488 Εἴρηται
1614 3423 1702 3470 καὶ
1760 3424 1877 3494 περὶ
2266 3416 2456 3494 “LI”
2494 3416 2899 3494 υῙῙΠξίίαηξ-
2941 3416 3103 3494 ’ω’δς,

272 3503 469 3552 τούτων
522 3499 748 3576 ἀκριϐῶς
814 3501 897 3555 ἐπὶ
954 3503 1125 3565 τέλους
1176 3513 1268 3557 τοῦ
1338 3503 1654 3570 δηλωθέντος
1728 3528 1878 3581 κεφα-

2022 3478 2284 3535 ubtiliter
2311 3479 2535 3534 dictum
2571 3483 2659 3535 est
2684 3478 2745 3533 in
2774 3478 2894 3535 ﬁne
2921 3478 3188 3551 praedicti
3223 3478 3453 3550 capitis.

272 3588 422 3641 λαίου
433 3631 445 3643 .

2059 3676 2217 3730 Vers.
2259 3676 2338 3730 15.
2366 3675 2553 3731 Amen
2588 3705 2649 3714 —
2680 3673 2745 3730 in
2778 3675 2952 3730 illud.
2997 3677 3115 3730 Hoc
3153 3674 3293 3730 dicit
3329 3678 3384 3729 et
3425 3676 3633 3731 Lucas.

1986 3768 2254 3835 Regnum
2285 3768 2485 3820 autem
2520 3764 2617 3818 Dei
2638 3770 2816 3819 vocat
2834 3764 2929 3819 hic
2951 3764 3435 3836 praedicationem
3467 3764 3636 3834 regni

1984 3854 2105 3921 Dei,
2134 3870 2306 3926 quam
2334 3853 2460 3925 ipse
2475 3852 2836 3925 praedicavit.
2856 3852 3131 3924 Quisquis
3154 3868 3295 3921 ergo
3321 3852 3483 3907 illam
3510 3867 3634 3908 non

1986 3943 2329 4014 susceperit,
2364 3946 2427 3998 ut
2466 3957 2626 4013 puer,
2658 3940 2932 3996 videlicet
2960 3940 3103 3996 nihil
3134 3942 3207 3997 de
3239 3957 3308 3997 ea
3345 3940 3632 3998 haesitans

1983 4037 2085 4089 aut
2113 4031 2417 4096 dubitans,
2451 4046 2832 4103 nequaquam
2871 4028 3118 4085 intrabit
3157 4030 3231 4086 ad
3259 4046 3417 4087 eam.

344 3678 508 3750 Ἃμὴν
540 3711 603 3719 -
640 3680 706 3740 εἰς
744 3681 922 3739 αὐτὴν.
965 3684 1125 3737 Τοῦτό
1175 3704 1303 3755 φησι
1356 3690 1444 3737 καὶ
1499 3691 1729 3749 Λουκᾶς.
1783 3694 1877 3740 Βα-

275 3767 469 3819 σιλείαν
509 3765 567 3820 δὲ
610 3778 703 3821 τοῦ
746 3775 873 3822 Θεοῦ
902 3778 990 3822 νῦν
1028 3771 1164 3844 λέγει
1202 3776 1258 3824 τὸ
1298 3779 1548 3845 κήρυγμα
1586 3784 1677 3838 τῆς
1720 3776 1875 3848 βασι-

270 3855 409 3916 λείας
465 3876 554 3909 του
610 3866 760 3921 Θεοῦ,
816 3859 841 3911 ὃ
888 3858 1172 3935 ἐκήρυσσεν
1232 3862 1406 3923 αὐτὸς.
1459 3862 1644 3926 Ὀστις
1680 3862 1766 3916 οὖν
1814 3867 1873 3918 οὐ

269 3942 476 4008 δέξεται
524 3947 671 4015 αὐτὸ,
719 3950 784 4008 ὡς
824 3945 1058 4016 παιδίον,
1107 3954 1287 4021 ἤγουν,
1338 3948 1504 4023 μηδὲν
1546 3950 1873 4027 διακρινόμε-

265 4054 371 4100 νος,
412 4032 551 4105 μηδε
590 4035 918 4110 ἀμφιϐάλλων
967 4044 1084 4113 περὶ
1115 4040 1289 4102 αὐτοῦ,
1335 4040 1393 4091 οὗ
1438 4046 1509 4113 μὴ
1558 4043 1759 4117 εἰσέλθῃ
1802 4045 1871 4107 εἰς

267 4123 454 4181 αὐτήν.

347 4217 445 4265 Καὶ
497 4212 963 4286 ἐναγκαλισάμενος
1014 4248 1081 4257 -—
1111 4218 1262 4272 αὐτά.
1312 4223 1411 4270 Καὶ
1446 4226 1560 4294 περὶ
1591 4225 1783 4274 τούτων
1812 4228 1870 4277 τὸ

265 4301 405 4362 τέλος
434 4309 525 4354 τοῦ
544 4306 776 4355 τοιούτου
799 4306 1075 4377 κεφαλαίου
1110 4305 1347 4371 διέξεισι.

2052 4228 2215 4283 Vers.
2255 4226 2338 4281 16.
2372 4227 2449 4282 Et
2478 4228 2845 4297 amplexatus
2873 4256 2927 4268 —
2959 4223 3104 4281 illis.
3146 4225 3226 4280 De
3265 4224 3361 4281 his
3390 4240 3633 4299 quoque

1980 4317 2114 4373 ﬁnis
2145 4316 2300 4373 illius
2340 4317 2549 4389 capitis
2594 4316 2847 4371 disserit.

269 4414 417 4463 ΚΕΦ.
476 4408 602 4464 ΚΘ’.
665 4415 787 4483 Περὶ
853 4419 944 4463 τοῦ
1001 4412 1420 4488 ἐπερωτήσαντος
1475 4422 1726 4477 πλουσίου
1786 4432 1870 4480 τὸν

2017 4426 2132 4481 εΑΡ.
2184 4427 2356 4482 XXIX.
2414 4427 2495 4480 De
2559 4424 2738 4481 divite
2798 4423 2897 4497 qui
2955 4424 3150 4480 Jesum
3211 4422 3663 4494 iulerrogabat.~

958 4501 1181 4560 Ἰησοῦν.
1901 4541 1946 4597 D

339 4611 439 4659 Καὶ
489 4604 889 4679 ἐκπορευομένου
934 4640 989 4649 -—
1044 4610 1452 4686 κληρονομήσω;
1490 4620 1710 4692 Εἴρηται
1751 4630 1869 4698 περὶ

2049 4625 2208 4679 Vers.
2253 4622 2336 4677 17.
2378 4612 2454 4677 Et
2492 4636 2715 4692 egresso
2754 4650 2821 4660 —
2866 4618 3237 4689 possideam?
3275 4618 3503 4673 Dictum
3543 4623 3633 4675 est

262 4697 448 4746 τούτου
482 4695 529 4745 ἐν
571 4703 641 4765 τῷ
672 4707 1076 4771 τεσσαρακοστῷ
1110 4708 1297 4774 πρώτῳ
1328 4705 1584 4778 κεφαλαίῳ
1614 4718 1704 4761 τοῦ
1736 4695 1870 4764 κατά

2022 4729 2052 4769 e
2073 4712 2187 4768 hoc
2203 4711 2664 4784 quadragesimo
2681 4708 2875 4781 primo
2896 4707 3087 4780 capite
3111 4706 3413 4776 Evangelii
3428 4722 3632 4764 secun-

263 4784 415 4834 Ματθ
424 4791 533 4835 αῖον
544 4827 554 4836 .

2025 4819 2124 4857 urn
2164 4800 2524 4867 Matthaaum,

336 4870 393 4921 Ὀ
424 4868 483 4923 δὲ
504 4873 710 4936 Ἰησοῦς
736 4905 798 4914 -
819 4875 844 4926 ὁ
868 4880 1022 4938 Θεὸς.
1053 4877 1138 4931 Ἐν
1164 4878 1338 4952 ἐκείνῳ
1362 4893 1535 4955 σαφῶς
1558 4890 1619 4937 τὰ
1638 4894 1866 4961 παρόντα

2051 4890 2215 4946 Vers.
2253 4891 2335 4946 18.
2389 4888 2551 4944 Iesus
2597 4894 2786 4943 autem
2820 4916 2886 4926 —
2919 4886 3093 4941 Deus-
3131 4884 3194 4939 In
3224 4883 3437 4940 codem
3492 4882 3628 4942 loco

262 4956 611 5034 διηκρίϐωται
626 5004 637 5015 .
1711 4956 1719 4961 ’

2020 4996 2104 5035 εεο
2134 4977 2445 5034 manifeste
2484 4991 2552 5031 ac
2582 4974 2894 5046 diligenter
2924 4973 3261 5028 examinata
3288 4977 3444 5029 sunt.

329 5053 432 5110 Τὰς
515 5048 716 5113 ἐντολὰς
798 5085 866 5094 --
959 5060 1196 5121 νεότητός
1273 5081 1395 5132 μου.
1486 5062 1704 5137 Ὀμοίως
1777 5076 1866 5123 καὶ

2051 5070 2205 5123 Vers.
2250 5067 2334 5121 19.
2377 5067 2673 5134 Praecepta
2710 5094 2779 5106 -—
2825 5064 2989 5119 Vers.
3033 5065 3120 5118 20.
3178 5062 3440 5132 infantia
3476 5076 3624 5121 mea.

252 5148 445 5197 ταῦτα,

2019 5156 2251 5214 imiliter
2281 5162 2335 5211 et
2372 5155 2522 5210 haec.

323 5230 383 5281 Ὀ
440 5226 498 5282 δὲ
551 5230 759 5293 Ἰησοῦς
810 5260 874 5274 —
934 5232 1106 5289 αὐτὸν.
1163 5235 1300 5292 Ἐκεῖ
1358 5246 1446 5294 καὶ
1483 5250 1635 5297 τοῦτο
1687 5242 1865 5301 διασε-

2043 5248 2211 5303 Vers,
2249 5247 2311 5300 2-1
2331 5287 2344 5303 .
2380 5247 2537 5302 Jesus
2559 5258 2781 5301 vero—
2810 5257 2966 5301 eum.
3003 5241 3087 5298 Ibi
3110 5257 3353 5316 quoque
3381 5242 3496 5300 hoc
3526 5242 3627 5301 de-

253 5321 509 5392 σάφηται.

2017 5338 2266 5395 [aratum
2305 5339 2410 5392 est.

324 5444 367 5479 ⁸⁷
392 5444 592 5501 Matth.
625 5461 680 5513 ν,
711 5446 798 5502 13.
878 5448 925 5484 ⁸⁸
949 5447 1171 5507 Coloss.
1197 5452 1277 5519 Iv,
1305 5459 1356 5517 6,

1455 5581 1678 5653 Variae
1709 5585 2035 5657 lectiones
2063 5596 2129 5655 et
2169 5595 2372 5653 notae.

319 5709 434 5784 (64)
460 5713 582 5771 Ηοο
611 5711 839 5772 scholio
870 5714 1112 5775 carebat
1142 5717 1486 5779 Hentenius.
1510 5724 1689 5796 Igitur
1706 5743 1916 5789 versus
1941 5730 2172 5804 primus
2197 5734 2254 5787 et
2292 5726 2592 5789 secundus
2615 5726 2804 5798 juncti
2833 5728 3022 5787 erant.
