4170 6364
558 355 665 412 827

627 676 789 731 Vers.
829 675 917 729 2i.
959 673 1188 730 Sublata
1223 691 1382 730 cruce
1424 675 1542 730 Hoc
1580 677 1686 739 est,
1728 672 1967 729 interitu
1995 687 2210 729 carna-

555 764 628 822 lis
682 765 1031 829 voluntatis,
1085 764 1458 836 depositione
1518 763 1827 819 afﬁcientis
1873 779 1982 818 nos
2037 763 2208 818 volu-

553 856 735 928 ptatis
768 873 781 910 :
816 870 1000 911 sensu
1039 854 1204 910 fortis
1233 854 1479 918 doloris,
1516 853 1690 918 fastu,
1731 854 1835 926 qui
1865 857 2143 910 causatur
2172 870 2209 910 a

555 945 805 1001 terrenis
853 945 929 1016 (z)
944 987 958 1000 .

626 1035 904 1091 Vers.22.
943 1034 1044 1089 Ait
1075 1033 1167 1088 ille
1196 1064 1264 1074 —
1297 1031 1491 1088 multas
1515 1033 1886 1104 possessiones.
1918 1032 2107 1089 Etiam
2136 1033 2206 1090 de

553 1123 651 1181 his
681 1123 905 1179 ibidem
937 1139 1164 1195 quare.

628 1214 787 1268 Vers.
841 1218 934 1270 23.
995 1213 1230 1284 Cumque
1277 1213 1739 1284 circumspexisset
1776 1242 1847 1255 —
1884 1211 2197 1268 intrabunt.

557 1304 676 1358 Hoc
696 1302 837 1358 dicit
865 1307 920 1358 et
949 1303 1161 1358 Lucas.

626 1394 722 1447 Est
750 1396 949 1447 autem
980 1400 1104 1458 πῶς,
1138 1391 1327 1464 (quod
1359 1393 1421 1447 in
1451 1407 1629 1462 quam
1658 1391 1967 1462 vertimus)
1996 1391 2209 1447 conﬁr-

552 1481 838 1536 mativum
882 1497 894 1536 :
924 1481 1036 1536 hoc
1067 1486 1174 1547 est,
1205 1497 1362 1536 vere.
1397 1479 1688 1538 Habentes
1716 1496 1875 1544 vero,
1911 1481 2031 1536 sive
2073 1481 2204 1536 reti-

549 1575 776 1626 nentes.
812 1573 956 1625 Nam
987 1569 1093 1641 qui
1137 1571 1490 1636 recondunt,
1524 1585 1911 1642 nequaquam
1939 1575 2202 1624 utuntur.

551 1663 808 1733 Χρήματα
833 1664 1032 1714 autem
1055 1661 1188 1730 (pro
1218 1675 1339 1730 quo
1369 1659 1661 1714 habemus
1680 1659 1985 1730 pecunias)
2007 1659 2208 1715 dicun-

553 1752 646 1804 tur
686 1747 786 1800 ἀπὸ
835 1755 926 1800 τοῦ
962 1750 1224 1822 χρῆσθαι,
1277 1748 1390 1804 hoc
1439 1753 1544 1814 est,
1585 1749 1655 1803 ab
1693 1747 2073 1817 expendenda
2118 1749 2208 1804 vel

1904 347 2248 405 EUTHYMII
2286 347 2610 408 ZIGABENI

628 483 792 538 Vers.
831 484 922 538 21.
950 479 1025 535 Et
1061 479 1144 535 ait
1168 508 1232 519 —
1269 494 1490 550 sequere
1525 495 1630 537 me.
1679 476 1959 534 Similiter
1986 480 2044 533 et
2071 475 2202 531 ista.
2234 474 2280 528 A

3819 351 3932 410 828

2391 482 2488 530 Kal
2563 473 2697 531 εἶπεν
2783 509 2851 519 -
2939 476 3209 530 ἀκολούθει
3295 495 3405 549 μοι.
3487 475 3752 538 Ὡσαύτως
3831 481 3931 530 καὶ

2315 574 2501 620 ταῦτα.

2388 680 2548 747 Ἀρας
2609 678 2694 727 τὸν
2749 678 2992 748 σταυρόν.
3046 677 3152 732 Τὴν
3210 671 3471 746 ἀναίρεσιν
3526 679 3618 725 τοῦ
3665 679 3932 747 σαρκικοῦ

2321 763 2620 835 θελήματος,
2679 769 2768 816 καὶ
2823 769 2914 822 τὴν
2956 761 3213 820 ἀποϐολὴν
3256 771 3352 824 τῆς
3394 761 3658 834 ἕμπαθοῦς
3699 758 3926 827 ἡδονῆς,

2315 857 2406 905 καὶ
2427 858 2520 911 τήν
2542 856 2792 912 αἴσθησιν
2813 861 2908 914 τῆς
2938 852 3174 926 ἐναρέτου
3206 849 3414 918 ὀδύνης,
3445 855 3536 903 καὶ
3567 855 3661 909 τήν
3692 849 3792 903 ἀπὸ
3822 858 3927 904 τῶν

2314 945 2506 1014 γηΐνων
2532 943 2757 1014 ὖψωσιν,

2384 1031 2442 1083 Ὀ
2473 1029 2507 1084 δ
2511 1036 2532 1084 ὲ
2567 1063 2633 1074 --
2662 1037 2904 1105 κτήματα
2931 1030 3112 1085 πολλοὶ.
3159 1035 3260 1085 Kal
3290 1034 3406 1106 περὶ
3447 1033 3642 1083 τούτων
3670 1029 3720 1082 ἐν
3748 1031 3928 1102 ἐκείνῳ

2318 1123 2573 1184 ζήτησον.

2390 1217 2489 1266 Καὶ
2542 1210 2975 1286 περιϐλεψάμενος
3023 1241 3088 1252 --
3141 1209 3537 1265 εἰσελεύσονται.
3587 1213 3752 1263 Τοῦτό
3790 1229 3931 1283 φησι

2316 1307 2405 1354 καὶ
2436 1307 2664 1363 Λουκᾶς.

2387 1390 2546 1446 Ἐστι
2603 1386 2661 1443 δε
2708 1391 2766 1441 τό
2823 1396 2928 1450 πῶς
2971 1387 3332 1462 βεϐαιωτικὸν,
3378 1386 3492 1442 ἀντὶ
3533 1395 3647 1456 τοῦ,
3695 1385 3926 1450 ἀληθῶς.

2318 1482 2382 1532 Οἱ
2411 1482 2622 1551 ἔχοντες
2664 1475 2742 1544 δὲ,
2792 1482 2975 1549 ἤγουν,
3017 1480 3064 1530 οἰ
3107 1480 3428 1550 κατέχοντες,
3476 1479 3525 1530 οἱ
3572 1479 3924 1550 ταμιεύοντες,

2316 1569 2374 1621 οὐ
2405 1573 2506 1641 μὴν
2533 1571 2581 1620 οἱ
2609 1575 2892 1643 χρώμενοι.
2925 1572 3187 1640 Χρήματα
3213 1569 3312 1642 γὰρ
3345 1565 3681 1638 ὀνομάζονται
3707 1563 3802 1618 διὰ
3830 1570 3930 1624 τήν

2317 1666 2537 1731 χρῆσιν,
2571 1663 2660 1709 καὶ
2689 1661 2798 1730 χρὴ
2831 1658 3035 1718 πάντως
3078 1658 3321 1730 χρῆσθαι
3350 1659 3555 1716 τούτοις
3587 1655 3659 1718 εἰς
3689 1652 3826 1721 δέον,
3866 1659 3927 1708 οὐ

2317 1753 2418 1820 μὴν
2451 1745 2754 1799 ἀποκλείειν.

553 1839 955 1904 consumendo,
990 1844 1230 1910 propter
1248 1847 1470 1911 χρῆσιν,
1499 1837 1560 1893 id
1587 1842 1690 1903 est,
1724 1853 1918 1902 usum,
1941 1837 2100 1909 quod
2131 1838 2223 1894 bis
2263 1837 2512 1894 omnino
2555 1837 2634 1891 uti
2664 1839 2936 1908 oporteat
2963 1833 3040 1891 ad
3067 1850 3138 1891 ea
3175 1850 3309 1906 quae
3348 1849 3499 1906 opus
3521 1838 3679 1898 sunt,
3707 1838 3764 1890 et
3806 1849 3930 1889 non

550 1926 876 1983 recludere.

622 2016 784 2072 Vers.
808 2018 896 2071 24.
912 2017 1209 2086 Discipuli
1219 2033 1354 2073 vero
1387 2047 1452 2057 —
1480 2017 1688 2087 ipsius.
1704 2017 1818 2073 Cur
1835 2015 2208 2073 admiraren-

553 2108 669 2168 tur,
700 2105 883 2176 paulo
912 2111 1050 2178 post
1075 2107 1332 2162 dicturus
1363 2111 1472 2163 est.

623 2195 786 2249 Vers.
833 2195 921 2250 24.
952 2197 1117 2252 Jesus
1157 2202 1353 2252 autem
1393 2227 1460 2236 —
1500 2195 1942 2265 ingrediantur.
1989 2194 2211 2252 Eodem

554 2283 737 2338 modo
768 2283 858 2338 hic
888 2284 1230 2355 intelligitur
1254 2285 1432 2340 dictio
1463 2292 1586 2352 πῶς,
1619 2299 1824 2355 quam.

622 2371 784 2427 Vers.
816 2374 905 2428 25.
937 2373 1206 2430 Facilius
1233 2380 1313 2429 est
1343 2405 1412 2413 —
1437 2372 1703 2429 introire.
1741 2375 1818 2428 De
1848 2372 1941 2428 his
1966 2388 2210 2446 quoque

552 2465 734 2532 caput
763 2461 908 2517 illud
937 2462 1193 2518 disserit.

621 2549 786 2606 Vers.
814 2551 900 2606 26.
935 2552 1040 2607 Illi
1064 2567 1201 2608 vero
1233 2581 1302 2592 —
1327 2550 1523 2608 salvus
1550 2551 1684 2619 ﬁeri
1704 2553 1732 2606 ἵ
1760 2554 1922 2617 Ecce,
1956 2567 2207 2609 causam

553 2640 732 2697 etiam
764 2640 997 2696 addidit
1024 2639 1436 2696 admirationis
1469 2657 1534 2696 ac
1565 2641 1847 2712 stuporis.

626 2732 782 2785 Vers.
817 2734 904 2784 27.
940 2729 1191 2785 Intuitus
1229 2759 1296 2769 —
1334 2728 1489 2798 apud
1526 2730 1730 2784 Deum.
1774 2729 2004 2785 Dictum
2037 2735 2126 2786 est
2150 2735 2208 2786 et

554 2820 628 2876 de
659 2820 748 2874 bis
778 2817 886 2874 ibi.

625 2910 784 2963 Vers.
822 2910 908 2963 28.
960 2905 1139 2976 Capit
1165 2938 1234 2948 —
1261 2908 1442 2964 secuti
1467 2922 1666 2964 sumus
1697 2913 1770 2964 te.
1820 2907 2109 2966 Praeterea
2149 2918 2206 2967 et

555 2997 630 3052 de
655 2996 776 3054 his.

625 3087 796 3140 Vers.
851 3083 944 3142 29.
994 3085 1364 3154 Respondens
1418 3117 1482 3126 —
1525 3087 1686 3142 Vers.
1735 3089 1828 3143 30.
1883 3093 2193 3147 ceternam.

554 3175 779 3232 Horum
826 3173 1097 3230 similiter
1135 3175 1409 3231 omnium
1461 3175 1534 3232 ad
1581 3175 1874 3232 amussim
1922 3177 2065 3232 data
2116 3183 2204 3234 est

553 3263 957 3336 interpretatio
970 3307 983 3320 .

625 3356 766 3419 Quae
789 3357 984 3408 autem
1001 3368 1158 3409 nunc
1171 3352 1226 3408 in
1244 3353 1512 3410 secunda
1529 3355 1978 3411 enumeratione
1999 3355 2200 3412 relicta

551 3450 708 3510 sunt,
743 3459 813 3499 ea
842 3442 1145 3499 brevitatis
1177 3459 1381 3508 causa,
1427 3450 1484 3499 et
1514 3445 1687 3516 quasi
1709 3445 1839 3516 jam
1869 3451 2030 3512 nota,
2065 3451 2205 3503 sunt

552 3532 976 3605 praetermissa.

625 3623 782 3678 Vers.
833 3621 922 3675 31.
968 3620 1148 3676 Multi
1171 3627 1364 3679 autem
1400 3621 1685 3692 —-primi.
1716 3625 1782 3679 Et
1811 3622 1884 3678 de
1931 3623 2023 3679 his
2070 3624 2204 3697 pari

553 3709 739 3766 modo
752 3752 765 3765 .

626 3799 786 3855 Vers.
802 3799 1312 3856 3LAscendebant
1324 3806 1522 3858 autem
1541 3801 1598 3856 in
1628 3802 1726 3858 via
1749 3803 2022 3859 —Jesus.
2054 3803 2206 3858 Prae-

551 3888 802 3944 cedebat
838 3905 963 3957 eos,
1003 3891 1344 3955 ostendens,
1375 3890 1541 3962 quod
1565 3890 1897 3948 voluntarie
1927 3892 2202 3958 abiret,ut

550 3979 918 4036 occideretur
945 3984 1188 4050 propter
1213 3979 1532 4036 hominum
1565 3980 1842 4036 salutem.

619 4175 782 4228 Vers.
815 4172 902 4229 32.
928 4171 1233 4244 Erantque
1266 4173 1598 4243 stupefacti.
1641 4175 1889 4246 Propter
1941 4175 2044 4234 illa
2065 4192 2201 4249 quae

547 4261 803 4318 dicebat.
841 4261 942 4316 Vel
981 4260 1124 4333 quia
1170 4278 1278 4318 sua
1317 4269 1522 4335 sponte
1575 4265 1649 4320 ad
1697 4265 2043 4338 passionem
2073 4283 2204 4340 pro-

547 4358 943 4431 grediebatur.

619 4449 782 4504 Vers.
809 4449 980 4506 32.Et
1001 4457 1291 4520 sequentes
1319 4451 1620 4508 timebant.
1640 4454 1719 4508 De
1733 4453 1862 4526 ejus
1883 4455 2198 4521 occisione,

547 4538 616 4595 de
637 4554 759 4611 qua
787 4538 846 4594 in
881 4538 1354 4611 praecedentibus
1379 4539 1609 4597 dixerat
1639 4542 1773 4599 tilis.

617 4629 776 4684 Vers.
807 4632 872 4685 32
898 4629 976 4684 Et
1019 4631 1350 4689 assumptis.
1421 4662 1488 4671 —
1546 4632 1713 4687 Vers.
1776 4635 1863 4688 34.
1927 4642 2200 4706 resurget.

543 4719 772 4775 Dictum
802 4724 891 4775 est
929 4719 1112 4774 dehis
1143 4720 1493 4776 omnibusin
1519 4722 2092 4794 ﬁnequadragesimi
2118 4740 2204 4781 se-

543 4808 727 4866 cundi
757 4808 968 4880 capitis
1002 4808 1304 4872 Evangelii
1335 4809 1671 4866 secundum
1696 4811 2056 4868 Mattheum.

929 4913 1083 4968 CAP.
1114 4913 1279 4968 xxx.
1320 4915 1405 4970 De
1431 4914 1572 4983 ﬁliis
1599 4915 1842 4971 Zebdtei.

614 5002 777 5057 Vers.
806 5003 895 5058 35.
929 5003 1006 5058 Et
1037 5002 1327 5059 accedunt
1359 5035 1424 5043 —
1464 5002 1624 5060 Vers.
1657 5005 1750 5060 37.
1778 5005 1836 5061 in
1855 5006 2045 5077 gloria
2073 5017 2196 5067 tua.

2388 2019 2454 2069 Ol
2507 2013 2567 2068 δε
2611 2017 2843 2088 μαθηταὶ
2889 2045 2958 2055 -
3007 2014 3186 2069 αὐτοῦ.
3239 2018 3386 2066 Διατί
3431 2011 3744 2086 ἐθαμϐοῦντο
3793 2012 3935 2086 μετά

2243 2151 2286 2206 Β
2315 2109 2512 2206 μικρὸν⁸
2529 2108 2648 2178 ἐρεῖ.

2390 2196 2448 2248 Ὁ
2480 2191 2538 2248 δὲ
2561 2195 2768 2256 Ἰησοῦς
2796 2225 2864 2234 -
2896 2192 3158 2246 εἰσελθεῖν.
3189 2191 3412 2265 Ὁμοίως
3440 2191 3705 2245 κάνταῦθα
3732 2197 3838 2246 νόει
3868 2197 3930 2246 τὸ

2320 2293 2451 2347 πῶς.

2392 2373 2757 2446 Εὐκοπώτερόν
2815 2370 2928 2424 ἐστι
2978 2401 3043 2413 —-
3094 2371 3356 2424 εἰσελθεῖν.
3420 2375 3520 2424 Καὶ
3559 2376 3677 2447 περὶ
3730 2391 3930 2424 τουτων

2319 2461 2478 2516 ἐκεῖνο
2507 2465 2565 2514 τὸ
2597 2461 2872 2533 κεφάλαιον
2897 2457 2931 2512 δ
2936 2459 3257 2532 ιαλαμϐοίνει.

2389 2553 2455 2604 Οἱ
2494 2548 2553 2604 δε
2597 2582 2664 2591 -
2698 2552 2968 2616 meam;
3000 2546 3142 2603 Ἰδοὺ
3181 2553 3270 2601 καὶ
3301 2553 3394 2607 τὴν
3429 2548 3601 2602 αἰτίαν
3630 2552 3930 2624 προσέθηκε

2316 2649 2408 2693 τοῦ
2436 2639 2663 2713 θάμϐους
2688 2645 2777 2692 καὶ
2808 2647 2899 2700 τῆς
2929 2638 3234 2702 ἐκπλήξεως.

2388 2729 2678 2801 Ἐμϐλέψας
2731 2760 2796 2771 -
2850 2731 2994 2804 παρὰ
3046 2736 3118 2799 τῷ
3173 2735 3308 2800 Θεῷ.
3378 2728 3605 2804 Εἴρηται
3660 2733 3750 2782 καὶ
3807 2734 3928 2804 περὶ

2315 2823 2510 2872 τούτων
2538 2817 2659 2873 ἐκεῖ.

2385 2907 2614 2980 Ἠρξατο
2666 2939 2730 2948 --
2779 2905 3204 2979 ἠκολουθήσαμέν
3278 2925 3382 2959 σοι.
3444 2910 3544 2959 Καὶ
3613 2911 3730 2982 περὶ
3805 2909 3922 2959 τού·

2312 3017 2410 3049 των
2419 3039 2433 3054 .

2384 3087 2711 3159 Ἀποκριθεὶς
2741 3115 2809 3125 -
2840 3085 3064 3137 αἰώνιον.
3101 3083 3227 3142 "Eri
3241 3088 3331 3137 καὶ
3351 3089 3468 3160 περὶ
3494 3086 3686 3138 τούτων
3712 3087 3918 3139 πάντων

2313 3173 2416 3228 ἐκεῖ
2445 3172 2480 3228 δ
2486 3180 2828 3250 ιηρμήνευται
2857 3173 3195 3249 λεπτομερῶς.

2382 3355 2509 3406 Τινά
2522 3349 2556 3405 δ
2559 3355 2580 3405 ε
2604 3351 2917 3427 παρελείφθη
2927 3371 3022 3404 σαν
3039 3359 3126 3403 νὺν
3146 3351 3195 3404 ἓν
3213 3359 3274 3424 τῇ
3299 3348 3516 3425 δευτέρᾳ
3535 3350 3921 3428 ἀπαριθμήσει,

2315 3447 2593 3515 συντομίας
2615 3443 2795 3508 ἕνεκεν,
2829 3447 2917 3494 καὶ
2944 3443 3007 3502 ὡς
3034 3440 3348 3514 ἐγνωσμένα.

2387 3637 2570 3691 Πολλοὶ
2611 3635 2645 3690 δ
2649 3641 2670 3691 ὲ
2692 3667 2761 3678 -
2783 3645 2996 3710 πρῶτοι.
3036 3642 3136 3692 Kal
3163 3642 3281 3709 περὶ
3306 3639 3499 3690 τούτων
3526 3639 3745 3710 ὁμοίως.

2382 3833 2552 3886 Ἦσαν
2605 3829 2664 3886 δὲ
2716 3831 2764 3884 ἓν
2803 3841 2867 3906 τῇ
2923 3829 3032 3904 ὁδῷ
3089 3830 3444 3893 ἀναϐαίνοντες
3500 3863 3568 3874 -
3617 3834 3643 3885 ὁ
3692 3835 3920 3895 Ἰησοῦς.

2312 3923 2408 3977 Ἦν
2465 3927 2904 3998 προπορευόμενος
2956 3923 3143 3993 αὐτῶν,
3202 3919 3426 3990 δεικνὺς,
3484 3924 3565 3975 ὅτι
3611 3923 3741 3975 ἑκὼν
3773 3926 3921 3977 ἄπει-

2315 4034 2396 4067 σιν
2439 4013 2608 4067 ἐπὶτό
2651 4012 3004 4086 ἀναιρεθῆναι,
3065 4009 3158 4066 διὰ
3213 4017 3307 4071 τήν
3357 4017 3622 4088 σωτηρίαν
3677 4021 3779 4066 τῶν
3838 4011 3923 4065 ἀν-

2315 4106 2547 4179 θρὼπων.

2386 4198 2486 4247 Kal
2515 4191 2852 4264 ἐθαμϐοῦντο.
2883 4190 2993 4263 Ἐφ’
3043 4192 3115 4252 οἶς
3155 4190 3340 4264 ἔλεγεν,
3385 4191 3413 4249 ἣ
3467 4186 3610 4245 διότι
3644 4191 3922 4265 ηὐτομόλει

2311 4287 2439 4358 πρὸς
2471 4286 2528 4334 τὸ
2559 4283 2741 4342 πάθος.

2386 4464 2486 4513 Kal
2533 4457 2930 4520 ἀκολουθοῦντες
2975 4457 3274 4530 ἐφοϐοῦντο.
3329 4462 3453 4531 Περὶ
3492 4466 3588 4520 τῆς
3618 4457 3920 4529 ἀναιρέσεως

2315 4549 2493 4613 αὐτοῦ,
2518 4552 2630 4621 περὶ
2663 4548 2694 4605 ἧ
2705 4566 2726 4607 ς
2757 4544 3029 4620 προλαϐὼν
3063 4543 3198 4599 εἶπεν
3226 4546 3418 4607 αὐτοῖς.

2388 4642 2487 4689 Kal
2541 4633 2854 4710 παραλαϐὼν
2923 4665 2990 4674 -
3065 4633 3438 4694 ἀναστήσεται.
3509 4636 3721 4707 Εἴρηται
3792 4637 3907 4705 περὶ

2313 4729 2505 4779 τούτων
2527 4727 2729 4777 πάντων
2751 4722 2798 4775 ἐν
2826 4731 2896 4794 τῷ
2933 4723 3061 4775 τέλει
3090 4732 3182 4776 τοῦ
3212 4731 3638 4798 τεσσαρακοστοῦ
3670 4718 3909 4796 δευτέρου

2311 4814 2588 4887 κεφαλαίου
2621 4820 2711 4864 τοῦ
2733 4815 2868 4864 κατά
2895 4815 3182 4867 Ματθαῑον.

2615 4926 2760 4976 ΚΕΦ.
2789 4919 2870 4976 Λ’.
2906 4925 3028 4994 Περὶ
3057 4929 3156 4973 τῶν
3185 4923 3306 4973 υἱῶν
3333 4917 3634 4974 Ζεϐεδαίου.

2384 5015 2484 5065 Kal
2537 5012 2984 5085 προσπορεύονται
3058 5041 3124 5051 -
3190 5012 3238 5063 ἐν
3308 5018 3368 5084 τῇ
3451 5007 3578 5084 δόξῃ
3637 5029 3753 5066 σου.
3799 5016 3920 5086 Περὶ

1767 5129 1990 5200 Varia:
2014 5133 2338 5206 lectiones
2368 5147 2434 5203 et
2467 5145 2664 5204 nota.

611 5294 687 5367 (z)
714 5297 837 5350 Non
865 5295 1017 5366 cepit
1042 5295 1326 5366 interpres
1358 5312 1603 5352 sensum
1629 5298 1844 5354 horum
1881 5303 2202 5360 vocabulo-

537 5382 690 5442 rum.
722 5367 964 5442 Crucem
992 5385 1160 5442 suam
1201 5368 1398 5422 tollere
1438 5368 1694 5440 explicat
1743 5370 2091 5442 Euthymius
2122 5376 2204 5432 ita

537 5436 750 5520 ut_duo
785 5439 965 5517 mala,
998 5439 1117 5494 duo
1146 5437 1297 5520 bona
1323 5436 1618 5520 memoret.
1661 5436 1908 5496 Crucem'
1930 5459 2070 5520 ergo
2101 5463 2202 5520 ap-

531 5507 713 5586 pellat
739 5507 951 5586 primo,
1002 5509 1259 5586 carnalis
1302 5512 1783 5586 voluntatis,‘seu
1830 5507 2198 5586 cupiditatis,

533 5578 1548 5658 exstirpationemnetdepositioqem
1573 5578 1926 5658 voluptatis;
1945 5603 2083 5658 quae
2113 5578 2200 5645 ni;

536 5649 758 5729 mirum
785 5649 938 5729 male
969 5649 1148 5729 afficit
1176 5649 1233 5729 et
1265 5652 1355 5729 ad_
1375 5652 1619 5729 affectus
1645 5649 1864 5711 incitat.
1896 5649 2031 5714 nec
2062 5665 2200 5718 sunt

537 5721 657 5778 duo
684 5720 786 5778 illa
823 5720 979 5778 mala
1051 5721 1272 5779 Deinde
1319 5722 1442 5781 duo
1495 5723 1658 5781 bona
1704 5732 1915 5785 notat:
1952 5732 2198 5789 Crucem

2311 5305 2496 5370 tollat,
2529 5304 2588 5358 id
2629 5310 2737 5371 est,
2771 5308 2970 5359 sumat
3002 5319 3243 5358 sensum
3277 5304 3497 5361 doloris
3524 5304 3780 5370 honesti,
3817 5321 3918 5360 seu

2311 5377 2463 5444 talis,
2508 5375 2610 5446 qui
2643 5380 2731 5430 est
2769 5391 2839 5429 ex
2871 5375 3100 5441 virtute,
3143 5381 3199 5446 et
3231 5391 3265 5430 a
3311 5377 3556 5431 terrenis
3602 5393 3664 5430 se
3709 5376 3918 5432 attolit.

2311 5445 2582 5530 Ἐνάρετὸς
2608 5463 2726 5501 non
2759 5451 2846 5530 est
2875 5446 3067 5530 fortis,
3100 5445 3206 5500 sed
3236 5446 3297 5500 id
3320 5447 3504 5530 ‘quod.
3534 5463 3670 5502 cum
3713 5448 3923 5530 virtute

2311 5516 2696 5589 conjunctum
2737 5523 2859 5573 est:
2895 5523 2951 5589 et
2987 5516 3213 5589 ὑψωσις,
3261 5516 3363 5573 ad‘
3387 5518 3634 5574 verbum
3677 5518 3920 5588 altalio,

2309 5587 2552 5647 nonest
2580 5587 2788 5653 fastus,
2825 5587 2932 5643 sed
2961 5587 3216 5644 remotio
3245 5605 3278 5644 a
3309 5589 3488 5647 rebus
3520 5589 3925 5658 terrestribus,

2310 5667 2686 5734 contemptus
2713 5675 2916 5718 rerum
2949 5660 3336 5718 terrestrium.
