4170 6364
271 383 384 439 829

1372 381 1743 441 COMMENT.
1792 380 1863 438 IN
1900 379 2224 439 MARCUM.
2264 414 2333 424 —
2371 382 2532 440 CAP.
2581 383 2682 441 XI.

3532 376 3637 434 830

274 514 471 563 τούτων
526 512 556 570 ἠ
614 508 861 583 ἐξήγησις
915 517 1006 564 τοῦ
1077 530 1505 584 τεσσαρακοστου
1569 514 1748 583 τρίτου
1796 529 1870 563 κε-

2011 512 2064 565 )e
2090 508 2186 565 his
2230 507 2559 564 clarissime
2597 507 2850 565 habetur
2882 508 2943 565 in
2972 505 3440 582 quadragesimo
3466 504 3637 563 tertio

277 600 497 674 φαλαίου
528 607 616 652 τοῦ
646 603 783 654 κατὰ
811 602 1078 655 Ματθαῖον
1109 598 1369 671 ἀριδήλως
1401 598 1436 653 δ
1442 598 1671 653 ιδάσκει.

350 689 408 742 Ὀ
466 686 524 741 δὲ
580 689 789 753 Ἰησοῦς
834 721 904 731 -—
954 692 1288 763 ἡτοίμασται.
1340 690 1564 763 Ὁμοίως
1616 695 1705 741 καὶ
1758 692 1875 761 περὶ

276 780 473 832 τούτων
498 781 726 835 πάντων.

353 872 454 922 Καὶ
521 866 828 930 ἀκούσαντες
877 898 949 911 -
1003 869 1259 924 Ἰωάννου.
1328 875 1429 923 Καὶ
1490 874 1608 945 περὶ
1660 871 1874 922 τούτων.

350 1045 409 1097 Ὀ
473 1041 533 1098 δὲ
598 1045 805 1107 Ἰησοῦς
872 1078 937 1088 -
1008 1045 1232 1103 πολλῶν.
1302 1049 1526 1121 Εἴρηται
1598 1053 1687 1101 καὶ
1760 1053 1877 1123 περὶ

276 1137 475 1186 τούτων
505 1133 552 1187 ἓν
578 1144 650 1209 τῷ
679 1136 806 1189 τέλει
835 1142 925 1189 τοῦ
952 1137 1193 1210 ῥηθέντος
1222 1136 1517 1210 κεφαλαίου.

675 1248 819 1298 ΚΕΦ.
844 1242 967 1297 ΛΑ’.
995 1248 1119 1316 Περὶ
1144 1249 1483 1317 Βαρτιριαίου.

353 1331 463 1384 Καὶ
553 1333 800 1405 ἔρχονται
872 1362 943 1374 ——
1020 1343 1338 1406 προσαιτῶν.
1445 1336 1744 1407 Προσέθηκε
1816 1338 1874 1388 τό

278 1420 463 1491 ὄνομα,
498 1418 590 1473 διὰ
617 1425 673 1473 τὸ
703 1428 961 1497 γνώριμον
998 1423 1153 1475 αὐτὸν
1184 1420 1312 1475 εἶναι
1340 1422 1562 1485 πολλοῖς,

353 1513 455 1563 Καὶ
501 1507 735 1573 ἀκούσας
784 1540 853 1552 -
905 1510 953 1563 ἐν
999 1519 1063 1584 τῇ
1111 1509 1236 1582 ὁδῷ.
1280 1513 1566 1584 Ἀνάγνωθι
1615 1512 1733 1571 ὅλην
1781 1518 1873 1571 τὴν

277 1595 530 1669 ἐξήγησιν
565 1598 684 1652 ὅλου
722 1607 815 1652 τοῦ
852 1608 1280 1675 τισσαρακοστοῡ
1310 1604 1555 1677 τετάρτου
1596 1602 1872 1675 κεφαλαίου

276 1694 371 1739 τοῦ
400 1690 536 1740 κατὰ
563 1692 852 1748 Ματθαῖον,

352 1776 413 1829 Εἰ
463 1780 563 1852 ’γὰρ
610 1783 701 1831 καὶ
747 1783 864 1851 περὶ
910 1775 1006 1831 δύο
1068 1779 1266 1851 τυφλῶν
1320 1780 1507 1841 ἐκεῖνος
1561 1800 1709 1852 φησι,
1767 1779 1872 1833 ἀλλ’

1981 599 2152 671 juxta
2188 598 2526 654 Mattheeum
2554 598 2764 670 capite.

2057 690 2209 743 Vers.
2233 688 2322 744 38.
2352 688 2512 743 Iesus
2543 694 2739 744 autem
2776 719 2839 728 —-
2886 690 3048 744 Vers.
3076 691 3163 744 40.
3218 691 3499 759 paratum
3534 689 3633 744 est.

1988 778 2271 836 Similiter
2300 778 2374 834 de
2407 779 2501 834 his
2527 780 2823 835 omnibus.

2058 870 2218 922 Vers.
2250 870 2336 922 41.
2374 868 2447 922 Et
2471 883 2605 924 cum
2648 868 2950 925 audissent
2980 900 3049 909 —
3078 868 3318 925 Joanne.
3346 866 3636 923 Praeterea

1987 962 2043 1011 et
2068 956 2142 1011 de
2173 955 2285 1011 his.

2127 1044 2296 1102 Vers.
2327 1048 2414 1100 42.
2444 1046 2607 1102 Jesus
2644 1051 2837 1103 autem
2867 1076 2924 1087 —
2952 1045 3225 1118 Vers.!45.
3253 1044 3476 1101 multis.
3509 1043 3635 1100 Dic-

1987 1141 2112 1190 tum
2135 1138 2222 1191 est
2242 1134 2316 1190 de
2345 1134 2439 1191 his
2460 1135 2522 1190 in
2546 1134 2669 1193 ﬁne
2700 1135 2838 1191 dicti
2869 1134 3100 1207 capitis.

2396 1242 2547 1297 CAP.
2580 1245 2753 1299 XXXI.
2783 1244 2865 1297 De
2889 1242 3231 1298 Bartimaeo.

2018 1332 2021 1333 ⁷
2058 1334 2217 1387 Vers.
2245 1333 2333 1387 46.
2362 1331 2436 1385 Et
2467 1332 2707 1388 veniunt
2745 1364 2811 1373 —
2831 1332 3186 1388 mendicans.
3217 1333 3442 1387 Nomen
3470 1328 3631 1385 addi-

1984 1420 2086 1487 dit,
2114 1436 2185 1477 eo
2210 1420 2371 1493 quod
2402 1420 2603 1476 multis
2632 1426 2809 1476 notus
2848 1425 2993 1476 erat.

2055 1511 2215 1565 Vers.
2247 1512 2333 1565 47.
2371 1512 2633 1581 Cumque
2674 1511 2930 1566 audisset
2982 1540 3052 1550 ——
3099 1510 3259 1565 Vers.
3323 1510 3408 1565 52.
3447 1509 3509 1562 in
3542 1507 3637 1564 via

1983 1600 2131 1669 Lege
2184 1604 2370 1656 totam
2417 1600 2855 1656 enarrationem
2908 1598 3119 1670 integri
3182 1597 3634 1671 quadragesimi

1982 1688 2178 1760 quarti
2206 1689 2600 1760 capitisjuxta
2638 1689 2990 1746 Mattbmum.

2054 1778 2162 1833 Etsi
2193 1778 2461 1833 enimille
2514 1778 2587 1832 de
2626 1777 2862 1833 duobus
2915 1778 3086 1833 caecis
3113 1777 3413 1849 loquatur,
3443 1781 3636 1832 cetera

282 1862 370 1918 οὖν
434 1866 594 1919 τοῦλα
653 1868 999 1940 παραπλήσια
1064 1876 1169 1929 τοῖς
1224 1876 1455 1943 παροῦσι
1516 1870 1696 1945 ῥητοῖς
1768 1870 1869 1923 uvi-

2011 1882 2180 1921 amen
2223 1866 2499 1937 proxima
2526 1871 2664 1921 sunt
2691 1867 2786 1921 his
2817 1883 2947 1938 quae
2976 1867 3071 1921 hic
3116 1866 3397 1921 dicuntur
3434 1884 3444 1920 :
3478 1869 3531 1921 et
3572 1865 3636 1921 il-

275 1954 469 2027 γραψε,
510 1961 599 2009 καὶ
646 1958 674 2015 ἠ
710 1956 908 2009 ἐκείνων
945 1957 1190 2030 ἑρμηνεία
1225 1962 1316 2010 καὶ
1359 1966 1526 2010 ταῦτα
1578 1960 1871 2031 σαφηνίζει,

275 2049 366 2097 καὶ
421 2048 729 2117 πρόσκειται
788 2049 923 2098 κατὰ
988 2050 1045 2099 τὸ
1112 2046 1253 2110 τελος
1328 2047 1492 2109 αὐτῆς
1564 2046 1713 2109 λύσις
1771 2066 1874 2119 χα-

272 2152 301 2206 ρ
313 2134 523 2192 ιιστάτη
533 2172 546 2186 .

670 2247 817 2294 ΚΕΦ.
851 2240 971 2295 ΛΒ’.
1008 2247 1130 2315 Περὶ
1154 2248 1249 2294 τοῦ
1288 2242 1482 2297 πώλου.

352 2334 452 2383 Καὶ
515 2330 598 2383 ὅτε
662 2361 730 2370 -
795 2327 919 2383 ὦδε.
988 2334 1206 2403 Εἳρηται
1262 2336 1377 2407 περὶ
1424 2334 1617 2385 τούτων
1674 2334 1873 2385 πάντων

272 2415 324 2467 ἐν
381 2426 448 2487 τῷ
504 2427 913 2493 τεσσαρακοστῷ
970 2424 1186 2493 πέμπτῳ
1255 2421 1511 2494 κεφαλαίῳ
1579 2429 1669 2473 τοῦ
1741 2424 1874 2474 κατὰ

271 2507 562 2561 Ματθαῖον.

348 2595 605 2655 Ἀπῆλθον
672 2629 740 2637 -
812 2600 943 2671 πρὸς
1013 2602 1098 2650 τὸν
1182 2598 1405 2657 Ἰησοῦν.

272 2690 393 2759 περὶ
417 2688 631 2739 τούτων.

1489 2599 1705 2672 Ὁμοίως
1784 2605 1873 2653 καὶ

348 2778 448 2826 Καὶ
492 2774 733 2828 ἐπέϐαλον
790 2808 859 2819 --
911 2776 1177 2848 ὑψίστοις.
1228 2781 1328 2830 Καὶ
1367 2784 1533 2830 ταῦτα
1588 2778 1639 2831 ἐν
1704 2778 1871 2851 ἐκείνῳ

271 2858 685 2935 διασεσάφηται.

348 2956 450 3003 Καὶ
517 2952 748 3012 εἰσῆλθεν
828 2986 896 2996 -
950 2951 1180 3011 δώδεκα.
1260 2955 1635 3029 Περιεϐλέψατο
1701 2959 1869 3011 πάντα

269 3040 335 3091 τὰ
378 3038 426 3090 ἐν
472 3049 543 3111 τῷ
594 3043 729 3114 ἱερῷ,
776 3047 839 3104 ὡς
886 3047 1070 3118 Κύριος
1113 3054 1205 3097 τοῦ
1258 3049 1495 3098 τοιούτου
1547 3050 1709 3101 οἴκου.
1768 3052 1867 3100 Καὶ

267 3133 386 3181 τότε
433 3132 524 3201 μὲν
572 3129 808 3203 ἐσίγησε,
864 3130 1053 3197 διδους
1117 3139 1297 3211 καιρὸν
1368 3132 1693 3209 διορθώσεως
1759 3144 1867 3199 τοίς

1980 1955 2175 2010 lorum
2208 1956 2609 2027 interpretatio
2653 1955 2831 2010 etiam
2886 1955 3000 2010 ista
3049 1954 3410 2018 manifestat,
3444 1969 3515 2008 ac
3557 1952 3635 2009 ad

1982 2043 2163 2100 ﬁnem
2191 2045 2319 2116 ejus
2350 2045 2625 2116 apposita
2650 2048 2737 2099 est
2760 2043 2925 2099 dubii
2959 2044 3173 2099 solutio
3197 2042 3562 2114 gratissima.

2456 2241 2606 2296 CAP.
2638 2239 2867 2296 XXXII.
2903 2240 2985 2296 De
3008 2239 3174 2310 pullo

2054 2330 2214 2386 CAP.
2264 2330 2358 2385 XI.
2424 2330 2581 2385 Vers.
2638 2332 2689 2385 1.
2749 2331 2826 2384 Et
2878 2331 3021 2385 dum
3066 2360 3123 2370 —
3178 2330 3336 2385 Vers.
3392 2333 3442 2384 3.
3491 2327 3631 2385 fhue.

1982 2420 2211 2475 Dictum
2235 2425 2321 2476 est
2351 2420 2419 2475 de
2446 2419 2537 2474 his
2568 2419 2849 2475 omnibus
2905 2417 3369 2491 quadragesimo
3422 2418 3633 2490 quinto

1983 2510 2174 2581 capite
2206 2509 2504 2578 Evangelii
2538 2509 2873 2565 secundum
2912 2508 3271 2563 Matthmum.

2053 2600 2214 2653 Vers.
2239 2599 2290 2652 4.
2311 2598 2601 2654 Abierant
2630 2628 2698 2636 —
2726 2597 2890 2653 Vers.
2920 2601 2970 2652 7.
2998 2597 3079 2653 ad
3102 2596 3315 2653 Jesum.
3368 2594 3633 2652 Similiter

1979 2691 2034 2744 et
2057 2687 2125 2742 de
2144 2686 2257 2743 his.

2052 2779 2210 2834 Vers.
2265 2781 2317 2832 7.
2373 2778 2447 2831 Et
2492 2777 2816 2848 injecerunt
2874 2807 2942 2817 ——
2994 2777 3157 2833 Vers.
3222 2776 3308 2831 10.
3361 2775 3629 2831 excelsis.

1979 2867 2169 2924 Etiam
2198 2866 2326 2922 haec
2365 2866 2446 2921 ibi
2478 2865 2780 2922 declarata
2811 2870 2968 2921 sunt.

2050 2957 2223 3013 Vers.
2288 2956 2367 3011 11.
2422 2957 2499 3011 Et
2540 2957 2828 3024 ingressus
2883 2958 2966 3011 est
3038 2985 3107 2996 -
3148 2953 3466 3011 duodecim.
3514 2952 3634 3009 Cir-

1977 3045 2311 3118 cumspexit
2335 3044 2541 3101 omnia
2568 3061 2701 3117 quae
2750 3045 2813 3099 in
2840 3044 3062 3115 templo
3102 3049 3283 3109 erant,
3336 3049 3632 3115 tanquam

1976 3136 2259 3191 Dominus
2288 3134 2442 3190 illius
2467 3131 2789 3189 habitaculi
2830 3150 2843 3185 :
2877 3137 2934 3189 et
2962 3138 3102 3188 tunc
3133 3132 3380 3205 quidem
3447 3131 3627 3197 siluit,

264 3227 721 3291 καταφρονηταῖςο
800 3223 1014 3297 ὕστερον
1103 3221 1160 3277 δὲ
1233 3223 1410 3289 ἐλθὼν,
1490 3225 1866 3302 αὐστηρότερον

2011 3240 2127 3280 .ans
2157 3229 2393 3296 tempus
2427 3223 2808 3279 correctionis
2852 3222 2965 3286 his,
2992 3222 3095 3293 qui
3126 3224 3321 3293 ipsum
3349 3221 3630 3292 despicie-

264 3306 514 3378 μετῆλθεν
542 3308 751 3379 αὐτοὺς,
786 3314 855 3373 ὡς
885 3309 1260 3387 ἁδιορθὼτους.

484 3492 627 3540 ΚΕΦ.
669 3487 791 3542 AI".
826 3494 953 3561 Περὶ
979 3498 1069 3551 τῆς
1096 3491 1440 3568 ξηρανθείσης
1469 3504 1650 3555 συκῆς.

340 3579 443 3627 Καὶ
482 3582 543 3648 τῇ
586 3574 829 3650 ἐπαύριον
878 3611 942 3621 -
997 3583 1184 3633 σύκων.
1245 3585 1462 3656 Εἴρηται
1514 3589 1632 3658 περὶ
1672 3586 1868 3647 ταύτης

268 3661 317 3713 ἄν
376 3670 450 3733 τῷ
507 3677 916 3739 τεσσαρακοστῷ
981 3665 1187 3743 ἑϐδόμῳ
1253 3671 1508 3744 κεφαλαίῳ
1578 3680 1668 3725 τοῦ
1733 3677 1868 3726 κατὰ

269 3753 556 3807 Ματθαῐον.

345 3845 443 3893 Καὶ
515 3840 819 3916 ἀποκριθεὶς
873 3875 941 3886 -
1023 3848 1199 3918 φάγοι.
1282 3854 1381 3902 Καὶ
1462 3854 1578 3925 περὶ
1660 3854 1862 3906 τούτου.

267 3928 352 3990 Εἰς
405 3933 493 3982 τὸν
562 3932 726 3984 αἰῶνα
788 3930 869 4004 δὲ,
939 3933 1052 3987 ἀντὶ
1114 3944 1225 3999 τοῦ,
1297 3941 1440 4005 ποτὲ,
1511 3943 1693 4010 ἤγουν,
1767 3961 1909 4013 μη-’

264 4015 470 4073 δέποτι.

340 4113 441 4161 Καὶ
493 4112 680 4167 ἤκουον
734 4114 783 4165 οἱ
845 4115 1078 4184 μαθηταὶ
1138 4115 1317 4171 αὐτοῦ.
1389 4117 1462 4170 Δι’
1521 4118 1702 4181 αὐτοῦς
1760 4123 1861 4195 γὰρ

260 4202 354 4249 καὶ
406 4202 500 4257 τὴν
550 4207 726 4252 πεῖναν
769 4202 1096 4277 ὑπεκρίνατο,
1134 4211 1224 4258 καὶ
1269 4210 1607 4279 κατηράσατο
1651 4218 1712 4283 τῇ
1768 4230 1865 4263 συ·-

259 4294 327 4358 κῇ
360 4286 496 4358 (63),
531 4289 612 4340 ἵνα
635 4297 844 4360 γνῶσιν,
879 4293 957 4343 ὅτι
986 4298 1075 4345 καὶ
1104 4293 1340 4355 κολάζειν
1373 4294 1594 4360 δυνατός
1640 4298 1767 4363 ἐστι,
1799 4303 1865 4363 ὡς

261 4373 312 4427 ἓν
388 4383 462 4446 τῷ
535 4378 745 4453 ῥηθέντι
814 4379 1072 4453 κεφαλαίῳ
1154 4379 1451 4442 δεδήλωται
1533 4388 1647 4439 κατ’
1721 4388 1862 4463 ἀκρί-

263 4463 425 4520 ϐειαν.

1976 3316 2117 3370 bant
2149 3312 2572 3385 ;postmodum
2626 3327 2785 3377 vero,
2816 3327 2953 3366 cum
3007 3310 3299 3374 rediisset,
3332 3309 3627 3366 austerius

1975 3419 2077 3460 eos
2106 3402 2351 3476 punivit,
2383 3407 2668 3472 tanquam
2700 3398 3145 3470 incorrigibiles.

2245 3510 2397 3566 CAP.
2428 3509 2661 3565 XXXIII.
2696 3509 2778 3565 De
2792 3509 2904 3577 ﬁcu
2934 3523 3061 3578 quae
3090 3509 3347 3564 exaruit.

2049 3600 2319 3657 Vers.t'2.
2365 3602 2598 3656 Postero
2653 3602 2847 3656 autem
2901 3629 2968 3638 —
3016 3596 3185 3653 Vers.
3249 3600 3330 3652 13.
3381 3598 3619 3665 ﬁcuum.

1973 3690 2202 3745 Dictum
2234 3696 2321 3745 est
2350 3690 2422 3745 de
2446 3690 2577 3754 hac,
2616 3687 3081 3762 quadragesimo
3141 3687 3396 3758 septimo
3454 3686 3626 3757 juxta

1973 3780 2304 3835 Matthaaum
2326 3778 2536 3850 capite.

2041 3867 2208 3923 Vers.
2247 3871 2335 3924 14.
2372 3869 2436 3923 Et
2465 3866 2816 3939 respondens
2840 3896 2909 3907 —
2938 3865 3095 3923 edat.
3138 3864 3325 3921 Etiam
3360 3863 3434 3920 de
3472 3862 3614 3922 hoc.

2040 4119 2205 4175 Vers.
2242 4120 2324 4176 14.
2344 4120 2420 4174 Et
2444 4117 2756 4175 audiebant
2784 4115 3062 4186 discipuli
3081 4118 3223 4187 ejus.
3249 4114 3494 4187 Propter
3522 4130 3625 4172 eos

1970 4208 2128 4264 enim
2149 4212 2205 4263 et
2222 4208 2442 4264 famem
2486 4207 2809 4272 simulavit,
2833 4211 2889 4261 et
2913 4205 3098 4261 ﬁcum
3150 4210 3491 4260 exsecratus
3515 4208 3622 4269 est,

1969 4306 2033 4355 ut
2071 4299 2306 4363 scirent,
2327 4297 2490 4369 quod
2518 4302 2725 4370 potens
2739 4298 2917 4353 etiam
2942 4301 3100 4351 esset
3128 4295 3206 4350 ad
3223 4294 3620 4367 puniendum,

1969 4388 2149 4444 veluti
2167 4387 2325 4444 dicto
2356 4387 2545 4459 capite
2577 4385 2886 4456 diligenter
2926 4384 3373 4441 manifestatum
3405 4390 3515 4439 est.

336 4559 437 4607 Καὶ
478 4557 726 4628 ἤοχονται
776 4588 845 4597 -
896 4560 1231 4634 κατέστρεψε.
1284 4568 1409 4638 Περὶ
1466 4568 1659 4618 τούτων
1728 4564 1861 4632 διέξ-

2044 4567 2205 4621 Vers.
2235 4570 2316 4621 15.
2370 4565 2443 4620 Et
2474 4564 2806 4621 veniunt—
2854 4564 3076 4619 evertit.
3140 4562 3220 4616 De
3270 4562 3363 4616 his
3390 4561 3626 4618 disserit

261 4662 366 4695 εισι
414 4647 469 4695 τὸ
514 4644 655 4708 τέλος
691 4652 785 4698 τοῦ
840 4658 1267 4721 τεσσαρακοστοῦ
1314 4656 1549 4725 πέμπτου
1584 4656 1861 4729 κεφαλαίου

262 4739 353 4783 τοῦ
382 4736 517 4785 κατὰ
546 4736 833 4791 Ματθαῖον.

340 4826 439 4872 Καὶ
478 4822 571 4874 οὐκ
621 4855 681 4864 -
727 4827 884 4898 ἱεροῦ.
937 4833 1332 4903 Καταφρὸνησις
1394 4834 1495 4904 γὰρ
1548 4838 1637 4886 καὶ
1684 4843 1856 4893 τοῦτο.

264 4905 576 4963 Ἐπαίδευσε
615 4908 673 4964 δὲ
703 4920 793 4965 καὶ
826 4911 919 4968 διὰ
966 4920 1172 4986 τούτου,
1219 4921 1299 4971 ὅτι
1342 4925 1450 4994 χρὴ
1493 4919 1658 4991 μηδὲν
1702 4945 1862 5001 παρο-

259 5003 356 5071 ρᾷν
390 4995 593 5061 ἀνάξιον
620 4998 667 5052 ἐν
687 5010 797 5066 τοῖς
827 5005 995 5077 ἱεροῖς.
1054 5052 1061 5060 .

330 5180 431 5229 Καὶ
479 5173 735 5233 ἐδίδασκε
779 5212 846 5224 -—
892 5181 1117 5257 λῃστῶν.
1184 5185 1316 5240 Ἐκιί
1363 5191 1452 5240 καὶ
1500 5195 1616 5264 περὶ
1662 5195 1856 5247 τούτων

254 5260 657 5340 διηρμηνευται.

321 5360 421 5408 Καὶ
500 5359 731 5415 ἤκουσαν
813 5390 876 5401 -
932 5359 1295 5418 ἀπολέσουσιν.

246 5443 445 5520 ἔπαρῥη
454 5447 677 5506 σιάσθη,

1379 5365 1674 5437 ’Ἡκουσαν,
1743 5381 1854 5437 πῶς

1971 4654 2109 4711 ﬁnis
2149 4652 2793 4727 quadragesimiquinti
2833 4652 3041 4723 capitis
3081 4650 3378 4719 Evangelii
3419 4665 3626 4706 secun-

1972 4746 2120 4800 dum
2152 4744 2509 4801 Matthaeum.

2044 4834 2204 4889 Vers.
2244 4837 2332 4889 t6.
2367 4826 2891 4897 Nec—templum.
2918 4830 3063 4882 Nam
3096 4830 3154 4882 et
3182 4826 3242 4881 id
3268 4826 3327 4880 in
3361 4830 3623 4882 contem-

1972 4928 2139 4996 ptum
2171 4929 2310 4978 erat.
2347 4922 2457 4976 Per
2485 4921 2598 4975 hoc
2629 4919 2803 4974 etiam
2832 4916 3100 4981 docebat,
3132 4915 3295 4988 quod
3340 4914 3488 4971 nihil
3518 4930 3625 4986 per

1969 5010 2297 5081 neglectum
2360 5007 2591 5063 admitti
2655 5005 2881 5075 debeat,
2956 5003 3118 5077 quod
3190 5003 3470 5060 indecens
3551 5004 3624 5063 sit

1968 5100 2045 5157 sit
2070 5100 2130 5155 in
2159 5098 2410 5170 templis.

2038 5189 2205 5245 Vers.
2237 5188 2326 5243 17.
2381 5188 2446 5242 Et
2491 5183 2736 5242 docebat
2764 5215 2832 5224 —
2886 5183 3200 5241 latronum.
3250 5183 3316 5240 Id
3380 5198 3624 5257 quoque

1964 5281 2173 5338 horum
2198 5278 2339 5335 data
2367 5280 2459 5334 cst
2478 5273 2901 5348 interpretatio.

2034 5371 2200 5427 Vers.
2238 5373 2320 5425 18.
2351 5368 2425 5425 Et
2453 5365 2769 5425 audierunt
2805 5395 2875 5406 —
2898 5363 3226 5435 perderent.
3253 5362 3620 5421 'Audierunt.

1959 5459 2265 5537 quomodo
2292 5458 2474 5515 libere
2486 5461 2542 5513 et
2563 5456 2848 5514 audacter
2863 5454 3092 5512 locutus
3108 5458 3268 5510 esset
3290 5469 3360 5510 ac
3382 5452 3620 5512 fecisset

1438 5637 1663 5707 Varia;
1692 5624 2025 5710 lectiones
2056 5648 2121 5710 et
2151 5647 2333 5707 notae

321 5765 437 5837 (65)
466 5770 571 5825 Τὴν
604 5777 768 5828 συκῆν
794 5777 857 5825 Λ.
