4170 6364
558 344 656 400 831
1864 337 2216 396 EUTYHMII
2254 336 2584 404 ZIGABENI

633 468 797 524 Vers.
839 469 918 523 18.
968 467 1271 524 Timebant
1311 497 1381 509 —
1407 467 1550 536 ejus.
1583 467 1945 523 Verebantur
1969 467 2212 537 propter
2245 463 2298 516 A~

561 559 797 614 turbam
831 563 1048 613 temere
1074 575 1212 613 eum
1237 559 1526 614 occidere.

629 649 792 702 Vers.
841 647 920 702 19.
961 648 1029 701 Et
1067 663 1197 703 cum
1227 677 1296 692 —
1333 648 1642 704 civitatem.
1689 643 2111 717 Egrediebatur
2148 644 2210 699 in

563 734 858 791 suburbia
883 741 1124 807 propter
1153 735 1434 806 quietem.

631 826 795 881 Vers.
828 827 915 880 20.
958 823 1116 880 Vers.
1148 826 1224 880 Et
1253 841 1424 882 mane
1454 856 1519 864 —
1549 825 1709 880 Vers.
1738 824 1827 878 21.
1860 821 2108 880 exaruit.
2143 822 2209 877 In

558 914 844 986 praedicto
881 914 1348 986 quadragesimo
1390 913 1642 985 septimo
1687 913 1879 984 capite
1918 909 2208 981 Evangelii

560 1003 888 1060 secundum
911 1004 1250 1060 Matthaeum
1275 1003 1450 1059 etiam
1480 1003 1554 1058 de
1583 1003 1676 1057 his
1700 1002 2072 1072 disputatum
2099 1006 2204 1056 est.

627 1092 791 1148 Vers.
817 1095 902 1147 22.
936 1094 1011 1147 Et
1063 1093 1406 1162 respondens
1455 1124 1522 1132 —
1546 1091 1610 1148 in
1639 1092 1843 1147 Deum.
1882 1090 2206 1156 Possidete,

560 1181 772 1254 inquit,
811 1181 1092 1238 ﬁduciam
1119 1198 1262 1252 erga
1293 1183 1482 1238 Deum
1511 1199 1524 1238 :
1561 1180 1845 1236 ﬁduciam
1872 1183 2072 1236 autem
2101 1195 2208 1252 pu-

558 1287 689 1326 ram
716 1275 773 1326 et
793 1271 1212 1327 indubitatam.

630 1361 790 1415 Vers.
824 1361 917 1416 23.
951 1360 1486 1418 Amen—dixerit.
1521 1359 1744 1416 Eodem
1776 1358 1966 1433 capite
2000 1359 2071 1414 de
2114 1358 2207 1415 his

557 1463 794 1521 quoque
823 1453 1018 1504 actum
1045 1454 1157 1504 est.

627 1539 712 1608 ﬁ-
740 1539 1152 1594 Immediatam
1181 1538 1420 1595 animus
1451 1543 1663 1594 nactus
1697 1554 1836 1593 cum
1888 1539 2008 1593 Deo
2041 1537 2210 1592 unio-

553 1641 714 1693 nem,
747 1626 1085 1683 facultatem
1109 1630 1440 1683 secundum
1474 1633 1746 1683 naturam
1776 1625 2077 1696 cogitandi
2100 1627 2208 1698 (in-

554 1715 876 1785 telligendi)
904 1733 1149 1787 prorsus
1174 1717 1356 1773 habet
1381 1716 1636 1772 otiosam
1672 1733 1684 1772 :
1712 1717 1759 1771 si
1815 1723 2015 1772 autem
2049 1717 2207 1771 hanc

2394 465 2701 538 Ἐφοϐοῦντο
2759 496 2828 506 -
2882 466 3060 521 αὑτοῦ.
3133 464 3436 538 Ἐφοϐοῦντο
3512 465 3668 519 αὐτὸν
3739 463 3946 518 ἀπολέ-

2324 573 2435 621 σαι,
2467 557 2536 616 ὼς
2565 557 2722 628 ἔτυχε
2749 551 2842 607 διὰ
2870 559 2956 608 τὸν
2992 555 3168 628 ὄχλον.

2393 648 2493 696 Καὶ
2540 645 2622 695 ὅτε
2693 675 2760 683 -
2807 643 3021 706 πόλεως.
3076 643 3434 719 Ἐξεπορεύετο
3479 642 3550 705 εἰς
3622 645 3688 695 τὰ
3757 644 3943 717 προοί-

2322 753 2489 801 στεια,
2519 729 2612 786 διὰ
2641 738 2734 792 τὴν
2765 736 3022 805 ἡσυχίαν.

2393 826 2492 874 Καὶ
2531 825 2664 896 πρωὶ
2704 854 2773 862 -
2817 821 3109 895 ἐξήρανται.
3155 822 3238 876 Ἐν
3285 829 3358 894 τῷ
3404 821 3748 898 προρῥηθέντι
3798 841 3941 875 τεσ-

2321 918 2632 981 σαρακοστῷ
2705 907 2912 983 ἑϐδόμῳ
2977 911 3238 984 κεφαλαίῳ
3297 919 3386 964 τού
3458 914 3592 963 κατὰ
3647 913 3939 964 Ματθοιίον

2317 1003 2404 1051 καὶ
2440 1004 2557 1071 περὶ
2585 1001 2774 1052 τούτων
2816 997 3140 1060 διείληπται.

2391 1093 2491 1141 Καὶ
2578 1087 2872 1162 ἀποκριθεὶς
2961 1121 3028 1129 -
3113 1093 3266 1144 Θεοῦ.
3364 1091 3642 1147 κτήσασθε
3734 1093 3942 1142 πίστιν

2318 1177 2385 1238 εἰς
2415 1181 2563 1233 Θεόν.
2597 1182 2783 1231 Πίστιν
2815 1175 2874 1232 δὲ
2902 1181 3135 1256 καθαρὰν
3165 1184 3254 1232 καὶ
3285 1174 3625 1232 ἀδίστακτον.

2389 1355 2554 1428 Ἀμὴν
2613 1387 2680 1396 -
2735 1358 2874 1429 εἴπῃ.
2945 1357 3026 1411 Ἐν
3085 1365 3157 1429 τῷ
3220 1359 3440 1429 τοιούτῳ
3506 1357 3766 1430 κεφαλαίῳ
3830 1361 3942 1410 καὶ

2318 1449 2435 1520 περὶ
2463 1448 2657 1498 τούτων
2684 1444 2871 1517 ἐλέχθη
2884 1489 2895 1500 .

2387 1532 2514 1606 [Τὴν
2571 1535 2682 1607 (66)
2733 1537 2926 1607 οῖμεσον
2981 1535 3159 1606 λαχὼν
3215 1536 3326 1608 (67)
3377 1537 3402 1588 ὁ
3449 1543 3567 1598 νοῦς
3628 1539 3760 1612 πρὸς
3831 1540 3935 1588 τὸν

2317 1627 2438 1676 Θεὸν
2469 1625 2668 1689 ἕνωσιν,
2696 1629 2788 1682 τὴν
2835 1632 2926 1677 τού
2975 1631 3103 1677 νοεῖν
3143 1628 3278 1677 κατὰ
3329 1629 3484 1698 φύσιν
3535 1621 3754 1698 δύναμιν
3804 1628 3935 1696 ἔχει

2319 1711 2688 1784 σχολάζουσαν
2739 1713 2992 1774 παντελῶς
3016 1729 3029 1745 ⁸
3071 1716 3228 1772 ἡνίκα
3259 1711 3317 1767 δε
3349 1717 3545 1772 ταύτην
3587 1713 3744 1786 λύσῃ,
3799 1719 3934 1772 νοή-

555 1804 884 1877 (unionem)
911 1805 1166 1871 solverit,
1198 1811 1252 1861 et
1279 1806 1503 1878 aliquid
1527 1822 1645 1861 non
1667 1805 1997 1860 secundum
2017 1806 2199 1860 Deum

2319 1820 2412 1860 σας
2457 1821 2509 1853 τι
2561 1809 2659 1853 τῶν
2717 1804 2847 1874 μετὰ
2899 1805 3026 1855 Θεὸν
3083 1802 3221 1873 (68),
3265 1799 3528 1878 διεκρίθη,
3581 1807 3742 1875 τεμὼν
3803 1803 3930 1876 (69)

554 1894 875 1964 cogitando
907 1895 1253 1964 complexus
1287 1895 1380 1961 sit,
1417 1894 1799 1964 disjungitur,
1829 1893 2042 1959 soluta,
2070 1909 2206 1965 quas

552 1998 737 2053 supra
786 1981 1148 2036 intellectum
1202 1986 1310 2046 est,
1358 1981 1578 2035 unione
1627 1981 1958 2035 secundum
1996 1997 2202 2052 quam,

547 2070 821 2143 quandiu
864 2070 1217 2139 conjunctus
1280 2073 1370 2123 est
1415 2072 1548 2136 Deo,
1585 2074 1650 2124 ut
1703 2085 1881 2140 super
1933 2073 2202 2124 naturam

553 2162 610 2215 et
637 2157 1092 2232 participatione
1123 2157 1272 2212 deus
1298 2157 1505 2224 facins,
1550 2163 1842 2230 tanquam
1884 2158 2206 2214 immotum

550 2252 819 2304 montem
851 2264 1048 2313 suum,
1082 2246 1273 2317 legem
1304 2252 1530 2302 natura:
1568 2247 1918 2318 transponit.

619 2337 781 2394 Vers.
823 2341 910 2393 24.
945 2337 1075 2393 Ideo
1107 2368 1172 2377 —
1202 2337 1379 2394 vobis.
1417 2336 1691 2393 Similiter
1713 2342 1769 2392 et
1789 2337 1862 2393 de
1892 2336 2008 2392 his.

750 2425 903 2480 CAP.
936 2425 1166 2482 XXXIV.
1209 2427 1294 2482 De
1313 2425 1602 2481 oblivione
1628 2425 1996 2495 injuriarum.

621 2517 783 2572 Vers.
820 2517 891 2571 Et
907 2516 1042 2571 dum
1066 2519 1152 2570 25.
1177 2546 1246 2556 —
1277 2517 1435 2571 Vers.
1469 2518 1558 2571 26.
1591 2519 1785 2571 vestra
1818 2515 2029 2571 Haecin
2060 2529 2204 2588 prae-

545 2603 893 2660 cedentibus
930 2621 1167 2677 quoque
1205 2605 1352 2660 dixit
1378 2605 1666 2661 Dominus
1713 2605 1966 2661 Matthaei
1989 2605 2203 2677 quinto

549 2693 760 2764 capite,
790 2698 1111 2765 postquam
1134 2693 1340 2749 docuit
1370 2695 1722 2760 orationem,
1749 2696 1932 2751 Pater
1984 2698 2198 2762 noster,

547 2781 642 2852 q‘ui
669 2797 722 2836 es
742 2782 805 2838 in
837 2783 1009 2838 caelis.
1039 2784 1243 2846 Qumre
1269 2798 1410 2854 ergo
1463 2783 1542 2839 ibi
1587 2784 1804 2839 horum
1859 2783 2202 2855 interpreta-

547 2870 789 2926 tionem.

618 2976 769 3033 CAP.
808 2978 1006 3034 XXXV.
1049 2979 1136 3035 De
1186 2978 1694 3050 interrogantibus
1762 2978 2093 3036 Dominum.
2126 2982 2198 3038 In

969 3083 1083 3139 qua
1109 3072 1394 3138 potestate
1415 3072 1542 3126 haec
1567 3070 1718 3139 facis
1745 3069 1772 3124 ?

615 3159 776 3212 Vers.
831 3159 919 3213 27.
988 3159 1065 3212 Et
1124 3158 1363 3214 veniunt
1430 3190 1488 3199 —
1553 3160 1713 3214 Vers.

543 3247 725 3301 Haec:
770 3261 1045 3319 quaenam
1083 3247 1110 3303 ‘2
1165 3247 1384 3317 Ejicere
1435 3247 1708 3304 videlicet
1755 3248 2078 3305 vendentes
2139 3256 2195 3307 et

541 3340 805 3390 ementes
843 3335 903 3390 in
937 3335 1157 3408 templo
1191 3342 1489 3393 :evertere
1528 3337 1801 3409 praefatas
1853 3355 2093 3396 mensas
2126 3357 2195 3397 ac

541 3423 751 3480 sellas:
781 3439 901 3480 non
935 3425 1273 3497 permittere
1313 3426 1541 3483 deferre
1571 3443 1676 3483 vas
1729 3443 1829 3498 per
1881 3429 2190 3501 templum,

539 3528 608 3569 ac
649 3512 882 3569 similia.

611 3603 815 3666 Quaere
834 3607 1032 3658 autem
1055 3603 1591 3676 quadragesimum
1605 3609 1884 3662 octavum
1903 3612 2084 3680 caput
2109 3622 2192 3665 se-

535 3690 799 3746 cundum
827 3691 1189 3756 Matthaeum,
1220 3697 1277 3749 et
1301 3694 1501 3750 omnia
1525 3695 1810 3753 invenies.

606 3782 882 3837 Vers.29.
928 3782 1287 3850 Respondens
1337 3788 1530 3840 autem
1584 3785 1753 3840 Jesus
1781 3816 1849 3826 —
1894 3787 2051 3842 Vers.
2100 3791 2186 3844 30.

535 3871 702 3927 mihi.
732 3875 794 3926 In
821 3871 918 3928 illo
950 3871 1128 3928 etiam
1154 3871 1228 3928 de
1257 3873 1350 3928 his
1375 3873 1666 3932 invenies.

606 3961 770 4016 Vers.
799 3965 886 4017 3i.
947 3963 1022 4017 Et
1056 3963 1384 4032 cogitabant
1413 3964 1658 4022 —Vers.
1716 3968 1804 4021 3'2.
1856 3965 2186 4024 homnibus.

534 4050 759 4116 Deﬁcit,
793 4066 932 4106 non.

605 4140 766 4194 Vers.
822 4138 907 4192 32.
978 4139 1278 4195 Timebant
1332 4169 1399 4180 -—
1453 4147 1618 4198 esset.
1667 4143 1979 4200 Habebant
2016 4147 2187 4201 Joan-

533 4241 694 4294 nem,
749 4226 862 4283 hoc
892 4231 996 4291 est,
1043 4227 1180 4282 certi
1223 4233 1389 4285 erant
1440 4231 1510 4286 de
1550 4231 1799 4288 Joanne.
1841 4233 2071 4290 Dictum
2103 4241 2186 4292 est

535 4319 734 4371 autem
759 4315 902 4371 etde
935 4315 1024 4370 his
1052 4315 1298 4372 ibidem.

606 4405 766 4459 Vers.
826 4404 1053 4461 33..Et
1107 4436 1177 4447 —
1224 4406 1396 4476 facio.
1466 4408 1745 4467 Similiter
1802 4417 1858 4469 et
1913 4412 2006 4470 his
2057 4431 2188 4473 exa-

534 4492 815 4550 ctissime.

999 4584 1154 4641 CAP.
1183 4585 1406 4642 XXXVl.
1433 4590 1508 4644 De
1534 4590 1720 4646 vinea.

605 4673 755 4731 CAP.
791 4674 894 4729 ΧΠ.
930 4673 1092 4729 Vers.
1120 4675 1170 4729 1.
1213 4676 1291 4731 Ει
1351 4679 1516 4747 ccepi:
1563 4710 1631 4720 —
1659 4696 1902 4752 peregre
1951 4685 2184 4755 profec~

533 4768 624 4820 lus
649 4769 748 4820 est.
776 4763 902 4819 Alia
923 4763 1169 4836 quidem
1196 4765 1372 4838 hujus
1401 4768 1702 4839 parabolas
1730 4769 2023 4828 declarata
2047 4778 2186 4831 sunt

530 4853 1032 4927 quinquagesimo
1060 4856 1252 4927 capite
1270 4855 1566 4929 Evangelii
1590 4863 1915 4916 secundum
1935 4864 2186 4920 Matthiae-

531 4959 656 4999 um.
691 4943 910 4999 Lacum
935 4959 1077 4999 vero
1107 4943 1269 5010 dicit,
1294 4947 1488 5017 qualis
1502 4950 1755 5007 eratsub
1775 4950 1967 5021 altari,
1985 4953 2084 5008 ubi
2098 4969 2184 5009 re-

532 5031 861 5104 cipiebatur
877 5032 1120 5101 sanguis
1143 5034 1514 5102 animalium,
1532 5053 1667 5108 quae
1695 5037 2183 5098 immolabantur.

2314 1894 2407 1948 τὴν
2449 1891 2574 1965 ύπὶρ
2618 1895 2799 1948 νοήσιν
2843 1892 3045 1961 ἕνωσιν,
3087 1892 3204 1944 καθ’
3248 1891 3334 1960 ἣν,
3381 1894 3474 1954 ἕως
3521 1891 3634 1945 ἐστὶ
3675 1901 3747 1963 τῷ
3801 1900 3932 1961 Θεῷ

2317 1983 2655 2052 συνημμένος,
2710 1982 2779 2042 ὡς
2839 1982 2965 2055 ὑπὲρ
3033 1983 3208 2053 φύσιν,
3257 1986 3346 2034 καὶ
3411 1989 3474 2054 τῇ
3548 1981 3744 2054 μεθέξει
3806 1983 3934 2043 θεὸς

2311 2072 2661 2140 γεγενημένος,
2731 2071 2963 2142 καθάπερ
3035 2073 3150 2142 ὄρος
3229 2068 3469 2129 ἀκίνητον
3553 2070 3754 2136 ἑαυτοῦ,
3833 2074 3930 2122 τὸν

2313 2163 2406 2218 τῆς
2434 2159 2631 2228 φύσεως
2659 2159 2974 2230 μετατίθησι
3004 2157 3222 2233 νόμον.]

2384 2336 2478 2386 Διά
2527 2341 2680 2386 τοῦτο
2731 2365 2800 2376 -
2855 2337 2997 2408 ὑμῖν.
3065 2335 3288 2409 Ὁμοίως
3357 2340 3447 2389 καὶ
3505 2339 3623 2412 περὶ
3693 2339 3920 2393 τούτων.

2669 2448 2813 2496 ΚΕΦ.
2847 2441 2965 2496 ΛΔ’.
3001 2448 3125 2519 Περὶ
3147 2442 3553 2516 ἀμνησικακίας.

2384 2535 2481 2584 Καὶ
2532 2532 2652 2583 ὅταν
2719 2563 2786 2572 —-
2839 2533 3002 2606 ὑμῶν.
3058 2531 3184 2586 Εἶπε
3252 2540 3420 2586 ταῦτα
3489 2537 3580 2586 καὶ

2312 2622 2336 2673 ὁ
2414 2623 2621 2696 Κύριος,
2700 2621 2750 2673 ἐν
2829 2631 2900 2693 τῷ
2973 2626 3190 2694 πέμπτῳ
3281 2621 3538 2694 κεφαλαίῳ
3605 2629 3697 2674 τοῦ
3776 2624 3916 2674 κατὰ

2311 2713 2598 2776 Μαι·θαίου,
2629 2713 2761 2782 μετὰ
2789 2715 2848 2764 τὸ
2881 2707 3101 2774 διδάξαι
3129 2715 3222 2770 τὴν
3262 2715 3569 2784 προσευχὴν
3594 2715 3652 2763 τό
3678 2727 3689 2741 ·
3738 2714 3912 2785 Πάτερ

2309 2801 2522 2870 ἡμῶνὸ
2589 2800 2639 2852 ἐν
2696 2807 2802 2860 τοῖς
2873 2800 3143 2873 οὐρανοῖς·
3214 2804 3302 2853 καὶ
3363 2803 3586 2864 ζήτησον
3648 2799 3753 2855 ἐκεῖ
3818 2806 3914 2860 την

2307 2891 2500 2940 τούτων
2529 2887 2779 2960 ἐξήγησιν
2792 2934 2804 2946 ,

3658 2536 3920 2608 πρότερον

2310 3003 2454 3051 ΚΕΦ,
2512 2996 2630 3050 ΛΕ.
2692 3001 2817 3071 Περὶ
2881 3005 2981 3049 τῶν
3051 2996 3485 3073 ἐπερωτησάντων
3557 3000 3642 3051 τὸν
3718 3002 3914 3074 Κύριον

2695 3087 2984 3160 ἀρχιερέων
3010 3090 3097 3138 καὶ
3131 3084 3512 3160 πρεσϐυτέρων.

1809 3161 1902 3249 28.
1953 3161 2149 3230 facias
2169 3161 2197 3217 ?

2379 3179 2478 3228 Καὶ
2518 3159 2764 3249 ἔρχονται
2800 3207 2868 3215 -
2907 3184 3099 3248 mnf”;
3141 3159 3339 3241 Ταῦτα,
3385 3182 3553 3243 notat;
3603 3179 3671 3229 Τὸ
3723 3174 3901 3228 ἐκϐάλ-

2303 3264 2404 3317 λειν
2469 3267 2592 3326 τοὺς
2650 3263 2950 3325 πωλοῦντας
2999 3269 3088 3317 καὶ
3141 3263 3493 3337 ἀγοράζοντας
3549 3265 3598 3317 ἐν
3639 3272 3704 3334 τῷ
3754 3266 3898 3338 ἱερῷ,

2305 3358 2362 3406 rb
2412 3352 2710 3426 ἀνατρέπειν
2775 3355 2868 3416 τὰς
2925 3352 3310 3428 προρῥηθείσας
3360 3354 3622 3428 τραπέζας
3673 3359 3759 3406 καὶ
3811 3374 3908 3406 κα-

2305 3437 2508 3513 θέδρας,
2581 3444 2638 3493 τὸ
2703 3446 2776 3514 μὴ
2837 3440 3039 3514 ἀφιέναι
3096 3439 3373 3514 διενεγκεῖν
3426 3450 3611 3506 σκεῦος
3663 3439 3758 3496 διὰ
3812 3452 3907 3496 τοῦ

2304 3531 2461 3604 ἱεροῦ,
2491 3535 2580 3583 καὶ
2609 3532 2674 3583 τὰ
2698 3539 2940 3586 τοιαῦτα.

2372 3624 2606 3677 Ζήτησον
2653 3623 2711 3671 τὸ
2758 3624 3179 3694 τεσσαρακοστὸν
3233 3618 3420 3692 ὃγδοον
3484 3621 3758 3695 κεφάλαιον
3811 3629 3905 3674 τοῦ

2299 3709 2434 3760 κατὰ
2469 3710 2758 3761 Ματθαῖον.

2366 3795 2424 3848 Ὁ
2471 3794 2530 3850 δὲ
2572 3797 2774 3858 Ἰησοῦς
2831 3796 3130 3873 ἀποκριθεὶς
3178 3829 3246 3839 -
3289 3818 3398 3872 μοι.
3463 3798 3542 3853 Ἐν
3587 3798 3761 3873 ἐκείνῳ
3812 3807 3902 3854 καὶ

2299 3889 2411 3959 περὶ
2440 3889 2630 3938 τούτων
2660 3888 2780 3961 εύρὴ
2792 3906 2912 3949 σεις.

2372 3980 2468 4029 Καὶ
2499 3974 2792 4048 ἐλογέξοντο
2823 4006 2890 4017 -
2920 3974 3221 4051 ἀνθρώπων.
3265 3981 3444 4030 Λείπει
3469 3980 3529 4030 τὸ
3569 3976 3719 4050 οὐχί.

2365 4155 2674 4230 Ἐφοϐοῡντο
2725 4187 2788 4196 -
2846 4157 2930 4214 ἧν.
2981 4187 3048 4196 —
3099 4153 3260 4229 Εἶχον
3314 4159 3400 4208 τὸν
3455 4155 3721 4227 Ἰωάννην,
3789 4157 3897 4213 ἀντὶ

2296 4255 2410 4312 τοῦ,
2469 4245 2950 4320 ἐπεπληροφόρηντο
3017 4249 3134 4318 περὶ
3183 4252 3276 4297 τοῦ
3343 4247 3603 4299 Ἰωάννου.
3681 4251 3896 4321 Εἴρηται

2299 4332 2358 4388 δε
2385 4340 2475 4388 καὶ
2505 4339 2623 4408 περὶ
2649 4337 2843 4386 τούτων
2884 4333 3006 4388 ἐκεῖ.

2371 4429 2470 4478 Καὶ
2527 4455 2593 4465 ——
2649 4431 2800 4476 ποιῶ.
2851 4422 3075 4496 Ὁμοίως
3126 4427 3216 4476 καὶ
3284 4428 3400 4500 περὶ
3476 4427 3672 4477 τούτων
3751 4424 3894 4499 ἀκρι-

2222 4513 2266 4584 D
2299 4511 2528 4566 ϐόστατα
2541 4555 2552 4568 .

2641 4607 2784 4654 ΚΕΦ.
2815 4600 2934 4671 Ag”.
2967 4605 3090 4674 Περὶ
3119 4608 3210 4653 τοῦ
3243 4599 3557 4674 ἀμπελῶνος.

2371 4695 2471 4744 Καὶ
2519 4689 2714 4763 ἤρξατο
2772 4718 2828 4728 —-—
2890 4686 3222 4761 ἀπεδήμησε.
3272 4690 3445 4743 Τοῖλλα
3493 4695 3581 4764 μεν
3640 4697 3733 4752 τῆς
3792 4709 3883 4740 παι

2294 4776 2520 4850 ραϐολῆς
2564 4782 2759 4841 ταύτης
2829 4780 3231 4851 ἠρμηνεύθησαν
3285 4779 3334 4831 ἓν
3417 4789 3488 4851 τῷ
3565 4787 3890 4850 πεντηκοστῷ

2295 4866 2553 4940 κεφαλαίῳ
2601 4875 2691 4919 τοῦ
2743 4870 2878 4920 κατά
2927 4869 3232 4921 Ματθαῖον·
3291 4869 3567 4928 ὑπολήνιον
3637 4867 3695 4922 δὲ
3765 4869 3897 4941 λέγει

2295 4959 2353 5009 τὸ
2385 4957 2628 5008 ὑποκάτω
2654 4964 2744 5008 τοῦ
2778 4958 3182 5029 θυσιαστηρίου,
3226 4957 3252 5010 ὃ
3286 4962 3344 5010 τὸ
3394 4959 3526 5031 αἷμα
3572 4967 3672 5011 τῶν
3720 4962 3895 5031 θυομέ-

2295 5065 2391 5096 νων
2420 5045 2564 5105 ζὼων
2591 5041 2899 5118 ὑπεδέχετο.

1700 5188 1916 5258 Varias
1947 5190 2276 5262 lectiones
2309 5202 2375 5262 et
2406 5202 2605 5262 notae.

600 5351 715 5422 (66)
745 5350 879 5406 H880
912 5356 1155 5432 uterque
1195 5353 1253 5432 in
1309 5356 1574 5432 margine
1605 5357 1805 5432 habet.
1869 5362 2182 5418 Hentenius

529 5438 649 5494 non
689 5424 980 5494 agnoscit.
1024 5424 1328 5494 Reperitur
1386 5424 1500 5482 h6c
1554 5428 1843 5486 scholium
1894 5431 2074 5488 etiam
2123 5435 2184 5490 in

530 5492 670 5572 edit.
707 5492 921 5572 Veneta
944 5492 1363 5567 Theophylacti
1404 5505 1547 5555 tom.
1587 5505 1634 5565 1,
1665 5502 1874 5572 p.795.
1911 5502 1979 5560 B.
2011 5505 2184 5570 Quili-

527 5563 648 5643 bet,
673 5569 743 5643 _ut
758 5564 1029 5643 arbitror,
1047 5563 1349 5643 auctbrem
1363 5563 2185 5643 agnoscit.'RepetitumEnim

526 5634 760 5720 videtur
781 5649 849 5691 ex
875 5633 1207 5706 allegoricis
1232 5633 1561 5714 quisquiliis
1579 5633 1774 5701 sancti
1800 5645 2034 5703 Maximi
2068 5662 2203 5720 pro-

527 5705 792 5766 fessoris.

2365 5362 2480 5432 (67)
2521 5360 2730 5432 Λαϐὼν,
2761 5364 2823 5418 Β.
2852 5363 2938 5420 Ita
2970 5364 3193 5420 Veneti.

2367 5432 2480 5504 (68)
2522 5432 2942 5502 Corrigendum
2969 5436 3203 5491 videtur
3228 5445 3326 5488 τῶν
3347 5436 3406 5489 ού
3432 5439 3568 5492 κατὰ
3590 5442 3742 5495 θεόν.
3773 5439 3907 5496 Val-

2296 5512 2502 5629 gatum
2533 5504 2765 5560 Veneti.
2803 5506 2986 5562 Paulo
3013 5513 3151 5564 ante
3177 5509 3408 5566 correxi
3432 5509 3612 5567 etiam
3633 5509 3766 5584 λύσῃ
3797 5528 3903 5584 pro

2329 5594 2467 5629 υσει.

2329 5594 2467 5633 υσει,

2383 5646 2498 5720 (69)
2535 5650 2727 5718 Tum,
2758 5649 2982 5708 Veneti.
