4170 6364
202 330 332 387 833

1299 326 1671 391 COMMENT.
1721 332 1788 386 IN
1832 326 2160 385 MARCUM.
2206 358 2269 367 —
2311 326 2467 382 CAP.
2512 316 2630 383 Xn.

3542 316 3647 386 834'

294 463 420 511 Kal
512 458 804 513 ἀπέστειλε
882 491 949 498 -
1029 456 1336 531 ἀμπελῶνος.
1411 457 1492 509 Ἐν
1548 457 1719 528 ἐκείνῳ
1792 460 1873 507 καὶ

2062 452 2226 507 Vers.
2268 456 2319 506 2.
2362 453 2438 505 Et
2465 451 2649 509 emisit
2679 483 2743 494 —
2775 453 2971 509 vineae.
3005 451 3069 508 In
3102 452 3203 508 illo
3234 452 3413 510 etiam
3444 454 3519 511 de
3553 457 3646 511 his

210 551 355 621 περὶ
405 550 639 600 τούτων
672 550 929 623 εὑρήσεις.
975 546 1111 621 Ὀρα
1141 543 1218 612 δὲ,
1253 556 1360 608 πῶς
1399 549 1446 598 οἱ
1498 554 1720 620 ’γεωργοί
1762 549 1884 606 τοὺς

212 641 495 708 καρποὺς
556 636 927 704 ἀπαιτοῦνται,
962 639 1030 698 ὡς
1067 635 1368 709 ἐπιμεληταὶ
1413 641 1501 688 καὶ
1533 635 1748 708 φύλακες
1792 641 1884 687 τοῦ

218 722 544 797 ἄμπελώνο
554 748 579 789 ς
591 769 603 782 .

305 816 386 865 Οἱ
446 809 520 867 δε
562 845 635 855 --
688 814 1007 870 ἀπέκτειναν.
1064 818 1165 868 Καὶ
1221 822 1388 866 ταῦτα
1434 815 1604 866 πάντα
1656 808 1883 887 διηρμη-

213 903 401 960 νεύθη
415 921 532 955 σαν
571 905 764 976 ὁμοίως
794 902 914 958 ἐκεῖ.

302 990 450 1044 "Erl
519 1025 598 1033 —
641 992 950 1067 ἀμπελῶνος.
1006 998 1107 1047 Καὶ
1155 1000 1317 1045 ταῦτα
1363 993 1743 1067 παραπλησίως
1788 999 1884 1051 τῆς

216 1084 659 1154 προσηκούσης
688 1080 792 1135 ἐκεῖ
818 1087 1175 1153 τετυχήκασιν
1210 1082 1528 1154 ἐξηγήσεως.

309 1281 388 1330 Τί
425 1276 532 1330 οὖν
567 1310 635 1319 —
663 1278 855 1342 ἄλλοις.
884 1278 999 1332 Ἔτι
1028 1284 1118 1332 καὶ
1140 1287 1319 1332 ταῦτα.

312 1363 486 1420 Οὐδέ
523 1400 596 1410 -
626 1368 907 1442 ὀφθαλμοῖς
941 1371 1106 1441 ἡμῶν.
1137 1368 1358 1442 Ὁμοίως
1390 1373 1479 1421 καὶ
1517 1376 1699 1422 ταῦτα.

312 1566 434 1615 Καὶ
487 1562 720 1623 ἐζήτουν
749 1595 817 1604 -
848 1560 973 1619 εἷπε.
1010 1566 1145 1639 Πρὸς
1188 1564 1394 1633 αὐτοὺς,
1443 1564 1555 1619 ἀντὶ
1600 1573 1711 1637 τοῦ,
1760 1571 1879 1640 περὶ

223 1650 449 1703 αὐτῶν.
515 1650 676 1704 Οὕτω
716 1654 817 1728 γὰρ
868 1649 1001 1705 εἶπεν
1046 1655 1071 1705 ὁ
1116 1657 1391 1721 Ματθαῖος,
1451 1655 1574 1728 παρ’
1688 1660 1776 1707 καὶ
1816 1658 1881 1708 τὰ

223 1739 301 1813 ῥη
313 1741 489 1793 θέντα
527 1743 701 1793 πάντα
732 1737 1143 1814 διασεσάφηται.

310 1835 427 1883 Καὶ
487 1829 708 1903 ἀφέντες
740 1830 894 1883 αὐτὸν
943 1830 1192 1890 ἀπῆλθον.
1233 1831 1344 1885 Ἵνα
1371 1838 1441 1901 μή
1476 1839 1564 1886 καὶ
1594 1834 1724 1886 ἄλλα
1769 1833 1881 1887 κατ’

222 1919 415 1971 αὐτῶν
474 1922 638 1993 εῖπη,
692 1923 781 1971 καὶ
832 1921 913 1972 ἱνα
961 1922 1361 1973 συσκευάσωσιν
1428 1921 1701 1982 ἐπιϐουλήν
1760 1928 1877 1976 κατ’

222 2009 434 2063 αὐτοῦ.

225 2119 401 2168 ΚΕΦ.
501 2113 635 2168 ΛΖ’.
724 2120 848 2189 Περὶ
912 2123 1011 2167 τῶν
1095 2116 1528 2191 ἐπερωτησάντων
1613 2116 1706 2173 διὰ
1788 2125 1874 2174 τὸν

969 2213 1179 2264 κῆνσον.

312 2296 431 2345 Kal
472 2290 863 2346 ἀποστέλλουσι
898 2324 966 2333 ——
994 2293 1148 2367 λόγῳ.
1180 2299 1398 2371 Εἰρηται
1424 2302 1541 2372 περὶ
1588 2301 1781 2351 τούτων
1824 2299 1872 2352 ἐν

229 2390 313 2453 τῷ
359 2390 722 2453 πεντηκοστῷ
766 2388 953 2456 πρώτῳ
982 2383 1241 2457 κεφαλαίῳ
1269 2394 1360 2438 τοῦ
1400 2389 1535 2439 κατὰ
1580 2391 1869 2455 Ματθαῖον,

233 2470 309 2532 εἰς
338 2474 406 2523 τὸ
440 2472 599 2532 τέλος
626 2471 764 2542 (70).

317 2561 392 2611 Οἱ
424 2590 506 2601 —
556 2555 848 2621 διδάσκεις.
899 2560 1010 2613 Ἐπ’
1052 2559 1316 2627 ἀληθείας,
1354 2563 1466 2617 ἀντὶ
1495 2573 1607 2631 τοῦ,
1650 2565 1868 2628 ἀληθῶς.

237 2648 489 2720 Εἴρηται
520 2644 582 2700 δε
604 2653 694 2700 καὶ
727 2653 843 2721 περὶ
870 2652 1070 2701 τούτων
1102 2649 1150 2702 ἓν
1180 2651 1370 2725 ἐκείνῳ.

315 2735 549 2799 ’Ἔξεστι
580 2767 645 2778 --
678 2735 755 2789 ἐπ’
805 2737 962 2809 αὐτῷ.
999 2744 1099 2792 Καὶ
1138 2746 1257 2813 περὶ
1299 2745 1492 2794 τούτων
1535 2746 1739 2797 πάντων
1772 2745 1873 2799 ἐκεῖ

240 2821 280 2876 ὃ
287 2845 343 2882 ιη
351 2830 674 2900 ρμήνευται.

557 2937 703 2986 ΚΕΦ.
737 2934 867 2986 AH'.
909 2939 1035 3009 Περὶ
1063 2944 1161 2987 τῶν
1192 2933 1585 2995 Σαδδουκαίων.

326 3024 440 3073 Kal
524 3021 772 3092 ἔρχονται
833 3054 898 3063 -
965 3022 1111 3080 εἶναι.
1202 3028 1420 3100 Εἴρηται
1486 3033 1601 3101 περὶ
1678 3033 1868 3084 τούτων

1993 540 2271 595 invenies.
2301 540 2439 595 Vide
2472 548 2670 596 autem
2697 540 2996 613 quomodo
3014 541 3091 597 ab
3115 542 3389 612 agricolis
3422 544 3647 601 fructus

1993 636 2284 701 repetunt,
2318 635 2607 702 tanquam
2629 647 2664 686 a
2686 633 3172 703 procuratoribus
3196 648 3266 689 ac
3289 635 3645 692 custodibus

1992 718 2202 775 vineae.

2066 808 2231 863 Vers.
2264 807 2316 863 3.
2347 809 2423 862 At
2452 809 2549 865 itti
2573 840 2640 849 —
2670 810 2828 865 Vers.
2869 816 2917 868 5.
2948 812 3293 869 occiderunt.
3327 816 3462 871 Haec
3496 830 3646 887 quo-

1992 912 2110 969 que
2148 896 2351 954 omnia
2391 897 2654 954 similiter
2681 898 2762 954 ibi
2783 900 3086 957 declarata
3125 908 3285 959 sunt.

2064 986 2231 1041 Vers.
2264 988 2317 1039 6.
2341 986 2549 1043 Adhuc
2575 1018 2641 1027 —
2682 989 2839 1043 Vers.
2870 990 2925 1043 8.
2960 990 3208 1047 vineam.
3246 995 3309 1047 Et
3337 993 3460 1048 haec
3486 994 3647 1050 simi-

1990 1074 2120 1131 liter
2155 1076 2423 1146 proxime
2454 1076 2747 1132 accedunt
2774 1078 2846 1133 ad
2880 1094 3036 1145 eam,
3069 1095 3203 1151 quae
3253 1081 3336 1136 ibi
3359 1082 3501 1139 data
3531 1090 3642 1148 est,

1992 1168 2432 1220 enarrationem
2446 1209 2459 1222 .

2061 1253 2224 1309 Vers.
2253 1259 2305 1310 9.
2342 1255 2492 1321 Quid
2521 1270 2657 1325 ergo
2683 1287 2751 1296 —
2777 1256 2934 1312 aliis.
2968 1257 3255 1315 Praeterea
3278 1263 3335 1315 et
3360 1260 3510 1316 haec.

2061 1343 2223 1399 Vers.
2257 1344 2343 1399 10.
2375 1345 2468 1400 An
2500 1360 2602 1401 nec
2631 1376 2699 1386 —-
2746 1347 2903 1401 Vers.
2928 1348 3015 1404 11.
3066 1350 3246 1405 oculis
3277 1352 3511 1406 nostris.
3566 1352 3646 1407 Si-

1992 1432 2203 1488 militer
2229 1438 2286 1487 et
2302 1434 2445 1488 haec.

2062 1522 2222 1578 Vers.
2259 1524 2342 1577 12.
2371 1525 2447 1577 Et
2462 1526 2797 1595 quaerebant
2823 1556 2888 1566 -
2909 1527 3149 1583 dixerat
3173 1558 3241 1569 —
3266 1529 3364 1584 Ad
3392 1546 3503 1598 eos,
3529 1531 3645 1587 hoc

1990 1615 2096 1678 est,
2127 1611 2200 1667 de
2226 1612 2368 1684 ipsis
2394 1631 2407 1679 ;
2436 1613 2514 1668 ita
2536 1613 2697 1669 enim
2730 1614 2871 1671 dixit
2892 1616 3220 1688 Mattheus,
3251 1620 3414 1689 apud
3456 1637 3640 1691 quem

1914 1753 1957 1809 Β
1989 1700 2270 1772 praedicta
2298 1702 2501 1757 omnia
2526 1703 2905 1760 manifestata
2931 1710 3071 1759 sunt
3095 1708 3165 1763 '9.

2060 1789 2189 1809 πω
2276 1791 2337 1809 ,η
2398 1792 2456 1809 η,
2532 1807 2539 1809 _
3054 1796 3062 1805 .

2060 1789 2219 1844 Vers.
2269 1791 2355 1847 12.
2384 1792 2458 1845 Et
2488 1807 2546 1845 eo
2590 1794 2794 1848 relicto
2848 1796 3062 1863 egressi
3109 1796 3261 1850 sunt.
3314 1800 3393 1853 Ne
3434 1802 3491 1853 et
3520 1799 3641 1855 alia

1989 1878 2275 1933 adversus
2292 1895 2395 1934 eos
2418 1881 2663 1936 diceret:
2691 1887 2872 1953 utque
2899 1882 3150 1940 insidias
3180 1885 3472 1942 adversus
3497 1904 3637 1943 eum

1986 1974 2405 2039 prwpararent.

2058 2054 2209 2112 CAP.
2241 2057 2492 2114 XXXVII.
2520 2058 2599 2113 De
2621 2057 3127 2129 interrogantibus
3148 2063 3453 2121 Dominum
3481 2080 3640 2122 occa-

2607 2149 2763 2204 sione
2788 2165 3004 2207 census.

2053 2236 2223 2292 Vers.
2263 2237 2344 2291 l3.
2378 2238 2455 2291 Et
2479 2238 2750 2293 emittunt
2773 2269 2841 2278 —
2866 2254 3143 2299 sermone.
3180 2241 3411 2300 Dictum
3442 2250 3533 2301 est
3562 2245 3636 2301 de

1981 2324 2074 2380 his
2103 2326 2608 2397 quinquagesimo
2648 2327 2843 2398 primo
2871 2330 3042 2401 juxta
3071 2332 3413 2389 Matthasum
3445 2336 3637 2407 capite

1985 2414 2143 2470 circa
2172 2414 2373 2471 ﬁnem.

2057 2505 2217 2559 Vers.
2253 2505 2337 2558 14.
2366 2505 2478 2572 Qui
2502 2537 2569 2546 —-
2600 2506 2785 2563 doces.
2819 2508 2880 2562 In
2909 2509 3173 2577 veritate,
3204 2510 3318 2567 hoc
3341 2516 3449 2577 est,
3476 2529 3635 2572 vere.

1984 2593 2215 2648 Dictum
2245 2598 2333 2648 est
2362 2600 2417 2649 et
2443 2594 2516 2649 de
2547 2594 2642 2651 his
2666 2595 2911 2652 ibidem.

2054 2683 2212 2736 Vers.
2247 2683 2331 2739 14.
2370 2682 2532 2739 Licet
2561 2715 2630 2725 —
2664 2684 2825 2740 Vers.
2860 2686 2945 2740 17.
2980 2687 3052 2743 de
3088 2703 3172 2744 eo.
3236 2691 3313 2745 De
3363 2689 3456 2745 his
3486 2706 3637 2763 quo-

1983 2786 2101 2843 que
2130 2772 2412 2827 omnibus
2442 2772 2585 2829 data
2615 2774 2797 2829 estibi
2828 2775 3249 2848 interpretatio.

2325 2861 2480 2915 CAP.
2514 2862 2799 2918 XXXVIII.
2834 2865 2910 2921 De
2937 2865 3286 2924 Sadduczis.

2053 2947 2215 3005 Vers.
2254 2950 2336 3005 18.
2377 2950 2451 3004 Et
2478 2951 2721 3007 veniunt
2765 2984 2833 2993 —
2863 2969 2995 3009 esse.
3046 2955 3277 3012 Dictum
3328 2962 3417 3013 est
3445 2957 3519 3014 de
3546 2958 3636 3014 his

1981 3038 2485 3111 quinquagesimo
2511 3040 2678 3097 tertio
2709 3043 2894 3113 capite
2940 3044 3241 3117 Evangelii
3302 3049 3637 3105 secundum

244 3106 299 3161 ἓν
392 3116 470 3178 τῷ
567 3120 895 3183 πεντηκοστῷ
972 3119 1131 3188 τρίτῳ
1212 3116 1469 3190 κεφαλαίῳ
1555 3127 1646 3172 τοῦ
1734 3124 1868 3174 κατὰ

2022 3104 2340 3183 [διιιιέευῖιι.

241 3199 557 3253 Ματθαίον.

323 3291 434 3340 Καὶ
476 3285 826 3356 ἐπηρώτησαν
869 3322 933 3331 -
963 3300 1034 3363 τῷ
1082 3290 1286 3367 ἀδελφῷ
1333 3296 1512 3352 αὐτοῦ.
1565 3298 1647 3353 Ἐν
1694 3302 1865 3374 ἐκείνῳ

240 3380 368 3451 περὶ
396 3378 605 3431 τούτων
636 3376 825 3450 ἐλέχθη
837 3418 849 3430 .

314 3464 503 3520 Ἑπτὰ
582 3497 648 3508 --
708 3474 956 3540 γυναῖκα.
1034 3469 1252 3543 Ὁμοίως
1326 3480 1415 3529 καὶ
1484 3482 1602 3551 περὶ
1674 3482 1869 3533 τούτων

247 3572 474 3607 παντων
484 3597 495 3608 .

328 3649 433 3697 Kal
498 3642 793 3719 ἀποκριθεὶς
839 3677 908 3690 —-
963 3657 1134 3717 Θεοῦ;
1176 3654 1272 3704 Διά
1312 3660 1486 3722 τοῦτο,
1537 3664 1723 3726 ποῖονς
1776 3662 1871 3713 Διά

252 3733 314 3783 τὸ
403 3731 577 3797 οὕτως
637 3734 878 3808 ἐμπαθῶς
959 3739 1334 3812 ὑπολαμϐάνειν
1404 3748 1521 3817 περὶ
1586 3754 1681 3810 τῆς
1748 3747 1861 3802 ἀνα-

257 3838 477 3875 στασεω
491 3844 525 3884 ς.

328 3909 399 3963 Ἠ
478 3908 570 3964 διὰ
634 3916 692 3965 τὸ
753 3918 825 3987 μὴ
894 3912 1085 3969 εἰδέναι
1131 3921 1225 3980 τὰς
1282 3924 1507 3995 Γραφὰς,
1571 3921 1711 3996 μηδὲ
1775 3932 1870 3985 τήν

252 3996 493 4073 δύναμιν
557 4009 649 4053 τοῦ
744 4011 899 4075 Θεοῦ,
975 4011 1091 4081 ⁷τερὶ.
1157 4008 1224 4059 ὧν
1313 4011 1501 4082 ὁμοίως
1568 4011 1673 4066 ἐκεῖ
1743 4012 1868 4068 δια-

254 4092 583 4163 σεσάφηται,

327 4177 499 4233 Ὀταν
560 4209 630 4221 -—
698 4180 947 4253 οὐρανοῖς.
1025 4183 1185 4237 Ὀταν
1246 4188 1515 4243 ἀναστῶσι
1580 4196 1762 4256 πάντες
1819 4199 1867 4249 οἱ

258 4268 555 4344 ἅνθρωποι.
603 4273 700 4323 Kal
745 4275 862 4344 περὶ
894 4275 1084 4326 τούτων
1117 4271 1176 4328 δὲ
1218 4276 1450 4337 ζήτησον
1493 4279 1541 4332 ἐν
1578 4280 1749 4356 ἐκείνῳ
1794 4294 1866 4357 τῷ

258 4358 551 4430 κεφαλαίῳ.

2050 3216 2214 3271 Vers.
2244 3219 2331 3272 18.
2372 3218 2447 3273 Et
2473 3218 2987 3291 interrogaverunt
3025 3254 3093 3263 —
3124 3225 3289 3279 Vers.
3325 3226 3411 3281 19.
3442 3227 3635 3295 fratri

1976 3320 2095 3361 suo.
2128 3305 2192 3359 In
2222 3304 2322 3361 illo
2353 3307 2577 3362 dictum
2600 3313 2687 3363 est
2718 3309 2792 3363 de
2832 3311 2945 3365 his.

2057 3392 2214 3449 Vers.
2252 3398 2337 3449 20.
2366 3394 2597 3464 Septem
2634 3427 2705 3438 —
2733 3397 2899 3453 Vers.
2934 3398 3020 3455 23.
3053 3416 3320 3459 uxorem.
3356 3402 3637 3461 Similiter

1980 3487 2036 3539 et
2065 3482 2138 3537 de
2162 3481 2255 3538 his
2295 3485 2600 3540 omnibus.

2051 3571 2213 3627 Vers.
2238 3573 2326 3628 24.
2358 3576 2424 3629 Et
2456 3575 2810 3645 respondens
2840 3608 2909 3616 —
2934 3578 3054 3634 Dei
3074 3579 3101 3633 ‘?
3122 3611 3190 3619 ——
3214 3580 3459 3651 Propter
3489 3582 3632 3652 hoc;

1980 3661 2280 3727 Quidnam
2311 3661 2340 3717 7
2359 3665 2616 3733 Propter
2647 3666 2774 3732 hoc,
2805 3668 2969 3738 quod
3000 3669 3317 3727 carnaliter
3347 3672 3420 3727 de
3444 3688 3636 3728 resur-

1977 3752 2239 3808 rectione
2269 3754 2553 3810 sentiatis.

2050 3842 2152 3896 Vel
2182 3844 2419 3911 Propter
2441 3850 2567 3911 hoc,
2602 3846 2760 3916 quod
2791 3847 3055 3902 nesciatis
3081 3848 3420 3918 Scripturas
3452 3867 3637 3923 neque

1977 3931 2295 4000 potentiam
2361 3933 2489 3989 Dei.
2546 3933 2627 3989 De
2669 3935 2891 4007 quibus
2944 3938 3210 3993 similiter
3270 3938 3353 3995 ibi
3406 3940 3635 3997 dictum

1979 4025 2089 4076 est.
3626 4070 3631 4075 .

2050 4108 2216 4165 Vers.
2240 4110 2328 4164 25.
2362 4110 2509 4168 Cum
2566 4142 2633 4152 —
2658 4113 2813 4169 castis
2844 4145 2912 4154 ——
2961 4117 3106 4172 Cum
3166 4120 3625 4185 resurrexerint,

1977 4214 2187 4254 omnes
2220 4198 2487 4256 videlicet
2507 4200 2807 4257 homines.
2839 4204 2904 4258 Et
2926 4202 3001 4259 de
3031 4204 3122 4260 his
3146 4222 3387 4279 quoque
3415 4208 3629 4264 eodem

1977 4289 2169 4361 capite
2199 4304 2421 4361 quaere.

2046 4378 2220 4434 Vers.
2260 4382 2348 4435 26.
2386 4380 2474 4435 De
2502 4412 2569 4421 —
2599 4381 2763 4437 Vers.
2804 4384 2893 4440 27.
2937 4385 3275 4442 viventium.
3308 4388 3375 4442 Et
3397 4386 3526 4445 haec
3553 4387 3637 4444 ibi

337 4452 464 4519 Περὶ
522 4478 590 4488 -
640 4448 864 4508 ζώντων.
919 4456 1018 4504 Kal
1065 4461 1228 4508 ταῦτα
1274 4458 1441 4511 πάντα
1483 4459 1589 4514 ἐκεῖ
1628 4461 1864 4518 λελεπτο-

2022 4482 2082 4522 er
2120 4467 2356 4538 singula
2382 4475 2519 4526 sunt
2540 4471 2881 4543 explanata.

261 4532 506 4605 λόγηται.
555 4542 667 4611 Χρὴ
720 4534 779 4590 δε
833 4546 1126 4610 γινώσκειν,
1173 4546 1253 4597 ὅτι
1299 4552 1389 4599 καὶ
1428 4549 1456 4607 ή
1506 4548 1665 4623 βάτος
1703 4558 1791 4607 καὶ
1839 4557 1865 4608 ὁ

269 4620 432 4694 βάτος
461 4622 759 4702 ἀδιαφόρως
788 4627 1036 4700 λέγονται.

339 4710 511 4784 Ὑμεῖς
576 4745 645 4754 -
715 4716 995 4774 πλανᾶσθε.
1066 4720 1187 4794 Οὐχ
1257 4721 1447 4791 ἁπλῶς,
1525 4726 1652 4781 ἀλλὰ
1706 4734 1862 4787 πάνυ.

268 4803 434 4892 ν1“‹›ῡτο
496 4799 555 4857 δε
620 4808 956 4877 προσέθηκεν,
1033 4812 1102 4873 ὡς
1180 4810 1459 4885 προδήλως
1524 4816 1863 4892 ἐληλεγμένων

271 4905 519 4946 ανοητων.

574 5004 719 5056 [ΕΦ.
750 5004 883 5060 ΛΘ’.
918 5009 1043 5080 Περὶ
1072 5002 1163 5059 τοῦ
1195 5013 1559 5084 Γραμματέως.

342 5088 442 5138 Kal
500 5089 793 5161 προσελθὼν
851 5124 919 5135 -—
983 5092 1197 5165 ἐντολή;
1248 5105 1432 5173 Πρώτη
1481 5106 1703 5172 πάντων,
1762 5118 1861 5162 τῶν

262 5174 448 5245 νόμων,
514 5179 736 5252 Εἴρηται
789 5176 847 5234 δ⁴ε
894 5188 1011 5259 περὶ
1062 5188 1248 5240 τούτου
1307 5188 1357 5242 ἕν
1404 5200 1477 5264 τῷ
1526 5209 1861 5273 πεντηκοστῷ

262 5265 489 5341 τετάρτῳ
521 5266 776 5343 κεφαλαίῳ
802 5279 894 5325 τοῦ
924 5275 1059 5329 κατὰ
1086 5278 1375 5337 Ματθαίον.

334 5418 381 5455 ⁸⁸
424 5420 627 5479 Matth.
665 5439 786 5494 xxi,
813 5425 902 5482 45.

2046 4647 2206 4701 Vers.
2237 4649 2332 4703 27.
2395 4648 2503 4703 Vos
2560 4678 2629 4689 —
2684 4651 2916 4705 erratis.
2966 4653 3092 4706 Non
3139 4656 3463 4723 utcunque,
3524 4653 3632 4709 sed

1974 4733 2251 4791 multum.
2281 4736 2399 4792 Hoc
2424 4742 2626 4792 autem
2658 4738 2907 4805 addidit,
2931 4743 3224 4810 tanquam
3245 4756 3454 4797 eorum
3486 4742 3624 4798 insi-

1975 4823 2262 4895 pientiam
2302 4826 2612 4881 manifeste
2644 4842 2921 4896 arguens.

2422 4934 2571 4990 CAP.
2593 4935 2821 4991 XXXIX.
2850 4938 2936 4994 De
2962 4936 3187 4994 Scriba.

2042 5023 2211 5079 Vers.
2240 5025 2329 5079 28.
2369 5024 2442 5079 Et
2472 5026 2743 5082 accedens
2764 5056 2834 5067 —
2861 5026 3272 5085 mandatorum
3302 5031 3328 5087 ?
3358 5030 3626 5090 Primum

1971 5112 2263 5180 omnium,
2296 5129 2427 5185 quae
2458 5119 2595 5170 sunt
2636 5115 2697 5171 in
2726 5114 2878 5185 lege.
2913 5116 3146 5175 Dictum
3184 5122 3274 5174 est
3320 5125 3521 5177 autem
3548 5122 3625 5179 de

1967 5201 2084 5258 hoc
2125 5202 2626 5275 quinquagesimo
2666 5208 2884 5278 quarto
2937 5206 3131 5279 capite
3181 5209 3483 5281 Evangelii
3537 5226 3629 5270 se-

1968 5292 2237 5350 cundum
2262 5292 2491 5350 Matthee
2502 5310 2621 5349 um.

1510 5562 1727 5636 Variae
1752 5567 2080 5642 lectiones
2113 5582 2178 5641 et
2206 5580 2389 5658 notae

339 5689 450 5766 (70)
480 5694 607 5768 Περὶ
634 5695 695 5748 τὸ
730 5691 893 5765 τελος,
924 5703 980 5753 Β.
