4170 6364
597 254 704 322 835
1912 255 2262 320 EU'I‘HYMII
2304 250 2634 319 ZIGABENI
3871 261 3996 319 836

668 393 831 448 Vers.
898 393 986 446 29.
1047 393 1213 447 Jesus
1265 397 1459 447 autem
1521 423 1581 432 —-
1635 391 1796 445 Vers.
1830 393 1915 447 31.
1969 390 2236 458 teipsum.

2317 410 2332 442 ι
2430 388 2488 441 '0
2513 389 2625 461 (7i)
2650 386 2709 442 δὲ
2738 389 2940 451 Ἰησοῦς
2977 420 3047 434 --
3079 391 3318 444 σεαυτόν.
3355 393 3457 443 Καὶ
3501 392 3621 465 περὶ
3649 409 3740 443 του
3785 409 3898 442 των
3936 389 3992 442 έν

599 481 785 536 Etiam
812 479 885 536 de
917 480 1008 535 his
1038 479 1095 535 in
1127 479 1227 535 illo
1259 479 1626 551 disputatum
1657 483 1767 534 est.

2361 476 2532 550 έκείνῳ
2568 476 2887 538 διείληπται.

667 569 813 624 Illud
843 574 1042 625 autem
1072 569 1246 633 Audi,
1280 568 1484 632 Israel,
1534 567 1816 624 Dominus
1848 567 1996 624 Deus
2045 570 2236 632 vester,

2429 571 2498 620 T6
2556 565 2632 632 δε,
2705 568 2915 640 Ἄκουε,
2976 569 3210 644 Ἰσραὴλ,
3291 571 3482 641 Κύριος
3540 569 3565 621 6
3619 571 3743 630 Θεὸς
3799 571 3982 641 ὑμῶν,

597 659 867 715 Dominus
893 675 1042 714 unus
1091 661 1191 724 est,
1226 658 1537 713 Matthaeus
1582 673 1703 712 non
1745 656 2003 728 scripsit,
2048 661 2236 727 utpote

2361 659 2551 731 Κύριος
2607 659 2674 718 εἷς
2730 656 2892 724 ἐστιν,
2949 658 3042 711 οὐκ
3097 656 3382 732 ἀνέγραψεν
3457 659 3482 709 6
3546 659 3842 722 Ματθαίος,
3914 661 3988 718 ὡς

596 749 957 821 prommium
989 747 1166 820 primi
1188 747 1485 818 praecepti.
1520 746 1643 800 Hoc
1672 761 1814 801 vero
1852 750 1969 802 tres
2000 745 2236 802 demon«

2357 751 2629 818 προοίμιον
2661 755 2752 806 τῆς
2776 754 2987 821 πρώτης
3031 747 3266 808 ἐντολῆς·
3297 746 3530 820 ἐμφαίνει
3573 743 3632 799 δὲ
3671 755 3833 799 τουτο
3878 749 3984 808 τὰς

597 841 743 894 strat
759 839 1443 910 hypostases,unamque
1464 835 1790 890 Divinitatis
1805 833 2236 890 naturam.Cun

2357 843 2490 909 τρεῖς
2539 837 2876 900 ὑποστάσεις,
2925 842 3014 888 καὶ
3044 841 3135 895 τὴν
3167 841 3287 909 μίαν
3331 839 3486 908 φύσιν
3535 843 3629 898 τῆς
3680 837 3937 897 θεοτητος
3966 856 3978 867 ·

594 927 752 983 enim
784 927 1017 997 dicitur,
1057 927 1354 992 Dominus,
1413 923 1642 987 deinde,
1676 925 1849 988 Deus,
1891 928 1948 980 et
1985 939 2236 990 rursum,

2358 928 2414 976 1'6
2445 928 2534 997 μὲν
2563 928 2664 998 γὰρ
2691 927 2896 998 Κύριος,
2925 931 3013 978 καὶ
3041 930 3099 978 1'6
3132 927 3157 977 6
3184 929 3333 991 Θεὸς,
3361 931 3452 978 καὶ
3487 921 3637 986 αὖθις
3667 929 3725 977 τὸ
3747 929 3978 1001 Κύριος,

591 1017 888 1080 Dominus,
922 1021 1036 1070 tres
1084 1029 1355 1086 persona:
1397 1011 1898 1079 manifestantur;
1938 1012 2101 1085 quod
2147 1029 2236 1068 au-

2356 1021 2456 1064 τῶν
2487 1022 2640 1088 τριῶν
2679 1021 2968 1087 προσώπων
3014 1015 3116 1068 εἰσὶ
3165 1011 3468 1074 δηλωτικά·
3525 1018 3583 1068 τὸ
3615 1011 3674 1068 δε
3722 1016 3816 1080 εἷς,
3871 1024 3980 1077 τῆς

592 1109 710 1160 tem
742 1104 1000 1168 additur,
1034 1120 1202 1168 unus,
1239 1107 1465 1159 naturas
1496 1101 1760 1157 declarat
1793 1103 2099 1158 unitatem.

2357 1109 2480 1174 μιᾶς
2507 1105 2725 1175 φύσεως.

661 1192 787 1249 ΛΙἰο
817 1208 1059 1265 quoque
1104 1193 1286 1249 modo
1327 1192 1442 1248 dici
1493 1197 1708 1264 potest,
1756 1191 1921 1264 quod
1979 1191 2236 1247 videlicet

2430 1191 2533 1244 Καὶ
2587 1191 2762 1266 ἑτέρως
2825 1188 2902 1262 δε,
2969 1193 3196 1254 συνήθης
3252 1191 3514 1266 Ἑϐραίοις
3568 1193 3598 1250 ἠ
3659 1188 3977 1245 ἁναδίπλω·

592 1279 850 1337 Ηοὺεωὶε
874 1281 1154 1353 frequens
1215 1282 1287 1336 sit
1343 1282 1469 1338 hanc
1500 1281 1892 1353 reduplicatio
1941 1281 2236 1346 Dominus,

2361 1299 2438 1341 σις
2468 1288 2558 1332 τοῦ
2608 1282 2802 1355 Κύριος
2843 1283 3057 1356 Κύριος,
3102 1286 3192 1334 καὶ
3235 1283 3260 1334 6
3301 1285 3430 1343 Θεὸς
3457 1283 3482 1334 6
3521 1285 3662 1346 Θεὸς,
3711 1278 3810 1334 διὰ
3874 1287 3979 1340 τὴν

592 1373 890 1498 {)ominus,
923 1379 998 1439 et,
1034 1373 1203 1443 Deus,
1243 1375 1415 1436 Deus,
1459 1378 1699 1444 propter
1737 1372 1865 1443 ejus
1922 1371 2250 1427 sublimita-
2359 1372 2646 1444 ὑπεροχήν.

620 1459 740 1498 em.

620 1459 740 1501 eum.

664 1535 826 1590 Vers.
855 1535 942 1590 31.
985 1535 1180 1604 Majas
1213 1565 1280 1576 -——
1333 1537 1430 1590 est.
1458 1532 1580 1589 Hoc
1627 1532 2112 1589 conﬁrmativum
2163 1539 2253 1591 est

589 1621 741 1694 ejus,
757 1624 922 1696 quod
939 1623 1106 1689 dixit,
1126 1631 1417 1696 praecepta
1433 1623 1531 1679 illa
1546 1623 1808 1695 primum
1829 1638 1899 1679 ac
1913 1622 2248 1679 secundum

587 1727 735 1768 esse.

662 1804 822 1858 Vers.
864 1802 949 1858 32.
991 1803 1068 1856 Et
1097 1803 1177 1857 ait
1201 1805 1445 1858 —Vers.
1477 1801 1566 1858 33.
1594 1801 1857 1858 victimae.
1901 1801 2068 1867 Vide,
2101 1805 2250 1873 quo'

584 1890 769 1946 modo
795 1894 935 1946 tunc
959 1890 1146 1946 Judaei
1176 1891 1465 1956 victimas,
1495 1891 1615 1945 sive
1640 1891 1952 1955 sacrificia,
1973 1907 2077 1962 pro
2099 1906 2247 1962 prae-

586 1978 761 2034 claris
792 1979 1159 2034 facinoribus
1202 1979 1525 2044 ducebant,
1554 1986 1810 2035 casteras
1839 1980 2086 2034 virtutes
2122 1995 2243 2035 non

582 2073 876 2122 curantes.
947 2067 1310 2124 Intellectum
1393 2073 1593 2124 autem
1653 2069 1848 2124 scriba
1921 2059 2247 2141 appellavit

583 2160 846 2212 mentem
883 2157 1102 2229 ipsam.

653 2247 812 2301 Vers.
845 2246 932 2301 34.
967 2248 1045 2301 At
1071 2276 1137 2288 —
1175 2247 1290 2304 Dei.
1338 2250 1416 2303 De
1458 2247 1574 2304 hoc
1612 2247 1786 2304 docet
1829 2247 1970 2304 ﬁnis
2005 2263 2242 2306 enarra-

583 2334 760 2392 tionis
790 2335 1053 2408 praedicti
1085 2337 1320 2409 capitis.

652 2427 814 2480 Vers.
841 2427 930 2481 34.
962 2426 1036 2480 Et
1064 2443 1224 2484 nemo
1253 2458 1316 2468 —
1346 2428 1725 2499 interrogare.
1763 2428 1843 2483 De
1866 2427 1980 2484 hoc
2013 2426 2241 2484 dictum

2431 1569 2635 1629 Μείζων
2693 1598 2760 1607 -
2811 1569 2967 1622 ἔστιν.
3035 1573 3196 1620 Τοῦτο
3255 1564 3619 1629 έπιϐεϐαίωσίς
3691 1565 3811 1619 ἐστι
3877 1574 3977 1618 τοῦ

2277 1681 2318 1734 Β
2360 1661 2564 1728 πρώτην
2589 1661 2678 1709 καὶ
2701 1653 2964 1730 δευτέραν,
2991 1661 3152 1730 μόνας
3177 1655 3368 1718 ἐκείνας
3399 1653 3547 1712 εἶναι.

2428 1850 2532 1904 Καὶ
2590 1847 2721 1902 εἶπεν
2775 1881 2844 1889 -
2901 1850 3115 1902 θυσιῶν.
3177 1847 3333 1922 Ὀρα,
3401 1858 3508 1910 πῶς
3563 1851 3612 1902 οἰ
3668 1858 3971 1908 τηνικαῦτα

2354 1935 2602 1992 Ἰουδαῖοι
2631 1942 2720 1998 τὰς
2748 1941 2932 1999 θυσίας
2966 1937 3078 1990 ἀντὶ
3102 1940 3518 2013 κατορθωμάτων
3561 1937 3820 2012 ἐνόμιζον,
3859 1948 3967 1992 τῶν

2353 2026 2515 2078 ἄλλων
2547 2026 2844 2100 ἀμελοῦντες
2874 2026 3084 2102 ἀρετῶν.
3122 2031 3330 2080 Σύνεσιν
3357 2024 3416 2081 δὲ
3442 2029 3467 2081 6
3487 2032 3831 2102 γραμματεὺς
3864 2034 3966 2088 τὴν

2355 2113 2590 2169 διάνοιαν
2616 2116 2870 2189 ὠνόμασε.

2419 2313 2583 2366 Καὶὸ
2627 2345 2692 2354 -
2723 2321 2816 2366 τοῦ
2864 2321 3018 2370 Θεοῦ.
3062 2316 3131 2366 T6
3177 2312 3319 2376 τέλος
3365 2321 3460 2376 τῆς
3503 2312 3805 2386 ἐξηγήσεως
3863 2324 3962 2368 τοῦ

2350 2399 2670 2466 δηλωθέντος
2695 2403 2968 2476 κεφαλαίου
2994 2407 3112 2476 περὶ
3139 2405 3325 2455 τούτου
3353 2397 3622 2458 διδάσκει.

581 2520 672 2571 est
700 2515 1202 2587 quinquagesimo
1231 2516 1440 2589 quinto
1466 2517 1658 2589 capite
1698 2517 1994 2590 Evangelii
2025 2533 2236 2574 secun-

2421 2511 2525 2564 Κοιὶ
2585 2508 2761 2572 οὐδεὶς
2823 2543 2888 2551 --
2951 2509 3297 2582 ἐπερωτῆσαι.
3357 2509 3435 2563 Ἐν
3487 2517 3562 2580 τῷ
3611 2521 3958 2582 πεντηκοστῷ

577 2604 726 2665 dum
783 2605 1140 2673 Mattbaaum,
1194 2614 1520 2679 postquam
1589 2607 1712 2679 ipse
1773 2608 2236 2683 interrogaverat

2348 2605 2564 2672 πέμπτῳ
2621 2599 2882 2672 κεφαλαίῳ
2939 2607 3032 2652 τοῦ
3075 2602 3208 2652 κατὰ
3253 2601 3520 2652 Ματθαῐον
3571 2603 3776 2675 εἴρηται
3837 2607 3960 2676 περὶ

579 2693 926 2750 Ρὴᾶῐὶεωοε.
2349 2693 2554 2754 τούτου,
2605 2691 2735 2762 μετά
2780 2693 2839 2741 1'6
2870 2687 3259 2764 έπερωτηθῆναι
3297 2689 3418 2764 παρ’
3473 2688 3633 2742 αὐτοῦ
3680 2693 3800 2751 τοὺς
3845 2696 3957 2744 Φα-

2347 2783 2608 2854 ρισαίους.

818 2852 971 2907 CAP.
999 2853 1104 2909 XL.
1138 2855 1222 2911 De
1253 2855 1720 2926 interrogatione
1748 2857 1998 2914 Domini.

2349 2852 2354 2854 γ
2419 2871 2567 2924 ΚΕΦ.
2600 2867 2690 2923 Μ’.
2725 2873 2849 2941 Περὶ
2877 2876 2975 2931 τῆς
3001 2875 3092 2920 τοῦ
3125 2868 3320 2942 Κυρίου
3347 2865 3729 2942 ἐπερωτήσεως.

648 2941 804 2996 Vers.
837 2943 923 2998 35.
983 2943 1058 2997 Et
1089 2944 1448 3014 respondens
1509 2977 1579 2986 —
1633 2946 1794 3002 Vers.
1839 2951 1925 3002 37.
1969 2949 2095 3017 ejus
2133 2951 2213 3004 est

2222 2978 2316 3086 με
2418 3011 2522 3065 Καὶ
2589 3009 2884 3086 ἀποκριθεὶς
2946 3040 3017 3052 —
3076 3008 3216 3078 έστι;
3295 3014 3421 3084 Περὶ
3497 3013 3688 3063 τούτων
3751 3010 3948 3083 ἐλέχθη

2217 3081 2284 3112 -ι,

578 3028 659 3084 De
683 3028 777 3084 his
817 3030 1130 3088 manifeste
1160 3032 1383 3089 dictum
1414 3039 1502 3090 est
1546 3035 1826 3108 praedicto
1855 3037 2205 3110 quinquage

575 3117 730 3174 simo
759 3119 968 3191 quinto
997 3121 1203 3192 capite.
1238 3125 1317 3178 Ne
1351 3098 1562 3181 autem.
1592 3124 1699 3180 tibi
1726 3098 1994 3182 insolens
2016 3098 2233 3183 videa-

2348 3108 2519 3172 σαφῶς
2567 3098 2614 3150 ἐν
2652 3107 2723 3170 τῷ
2764 3100 2973 3174 ῥηθέντι
3014 3107 3349 3170 πεντηκοστῷ
3399 3103 3616 3172 πέμπτῳ
3663 3100 3939 3172 κεφαλαίῳ.

574 3210 673 3262 tur
701 3185 865 3280 quod
893 3185 1135 3275 habeat,
1177 3211 1360 3278 Dicit;
1394 3212 1691 3284 siquidem
1724 3213 2012 3270 Hebraica
2055 3215 2229 3271 dictio

2344 3194 2429 3248 Μὴ
2483 3189 2654 3262 ξενίσῃ
2711 3207 2768 3240 σε
2821 3185 2880 3241 δὲ
2934 3192 3029 3240 τό·
3099 3192 3254 3260 Λέγει
3310 3189 3336 3240 6
3386 3187 3582 3263 Κύριος
3634 3197 3700 3258 τῷ
3756 3189 3936 3261 Κυρίῳ

574 3300 633 3351 et
656 3276 804 3353 Dicit
841 3299 1137 3369 significat
1185 3306 1240 3356 et
1273 3276 1440 3356 Dixit.
1464 3276 1610 3359 ideo
1639 3302 1737 3359 hic
1776 3303 2020 3376 quidem
2043 3303 2228 3369 illam,

2341 3298 2464 3351 μου,
2490 3278 2547 3330 Ἠ
2573 3281 2674 3352 γὰρ
2700 3276 2945 3351 Ἐϐραῑκὴ
2979 3277 3115 3340 λέξις
3156 3276 3423 3350 ἀμφότερα
3472 3283 3733 3351 σημαίνει,
3760 3283 3854 3330 καὶ
3881 3280 3942 3330 τὸ

571 3385 666 3442 ille
704 3392 906 3444 autem
945 3389 1102 3445 hanc
1124 3389 1620 3460 signiﬁcationem
1653 3392 2064 3450 indifferenter
2083 3393 2235 3450 acci-

2343 3371 2515 3439 Λέγει,
2561 3373 2650 3420 καὶ
2679 3371 2736 3419 1'6
2769 3363 2890 3420 Εἶπε
2942 3370 3028 3419 Διὸ
3063 3370 3149 3419 καὶ
3174 3367 3200 3418 6
3225 3369 3314 3439 μεν
3343 3369 3559 3432 ταύτην,
3591 3369 3616 3420 6
3651 3363 3710 3419 δε
3745 3365 3945 3425 ὶκείνην

2340 3456 2360 3469 ι
2452 3456 2479 3469 Ω
2502 3459 2513 3469 ι
2662 3460 2673 3469 ι
2940 3460 2950 3469 ι
3049 3454 3062 3469 9
3089 3451 3112 3469 ί
3221 3460 3229 3469 ι
3397 3456 3442 3469 ’ρ
3488 3461 3497 3469 ι
3603 3455 3651 3469 \\
3675 3458 3686 3469 ε
3857 3464 3876 3469 -

573 3475 660 3547 pit
689 3492 700 3530 :
728 3483 784 3532 et
805 3477 1085 3550 pleraque
1119 3479 1336 3536 similia
1364 3479 1702 3554 frequenter
1725 3483 2122 3540 inveniemus.

2340 3456 2588 3530 λαμϐάνει
2617 3460 2711 3515 τὴν
2744 3460 3012 3528 σημασίαν
3041 3451 3359 3529 ἀδιαφόρως.
3397 3456 3506 3511 Καὶ
3534 3455 3699 3510 πολλὰ
3725 3464 3950 3510 τοιαῦτα

646 3546 914 3622 Vers.—37.
977 3546 1057 3622 Et
1082 3569 1264 3625 multa
1304 3600 1372 3610 —
1417 3546 1691 3627 li6enter.
1741 3573 2054 3645 Tanquam
2097 3587 2234 3629 sua-

2339 3546 2610 3619 πολλαχοῦ
2640 3547 2944 3619 εὑρήσομεν.

2414 3637 2454 3652 Ir
2499 3639 2509 3652 ο
2556 3636 2568 3648 υ
2665 3634 2683 3652 κ
2706 3638 2716 3651 ο
2895 3636 2908 3648 ο
2937 3629 2986 3652 δι
3117 3633 3174 3652 οΑ
3243 3635 3256 3652 ο
3285 3629 3334 3652 ‘1
3441 3630 3465 3652 ι
3524 3633 3544 3652 \
3698 3638 3710 3652 ρ
3928 3639 3938 3652 ι

571 3653 715 3709 viter
779 3655 1282 3714 sermocinantem
1346 3675 1358 3714 :
1401 3659 1489 3714 vel
1541 3666 1830 3733 tauquam
1878 3629 2049 3717 facile
2099 3662 2230 3717 illos
2378 3634 2760 3740 ,Καὶ,ὀπ⁰3’ὐῗ
2791 3629 3076 3740 iiii?"
3117 3633 3208 3740 Ὡς
3234 3629 3406 3696 ἡδέως
3430 3630 3947 3740 δ’ἶαλῗγομξνῗυίξῗὲ

569 3742 1008 3812 devincentem,
1041 3750 1098 3802 et
1125 3747 1291 3820 quod
1328 3747 1406 3805 ab
1425 3722 1683 3807 invidia-
1705 3766 1833 3807 sese
1857 3750 1983 3824 ipse
2015 3750 2232 3809 libera-

2341 3722 2568 3799 εὐχερῶς
2611 3723 2800 3785 αὐτοὺς
2839 3722 2952 3794 (72)
2985 3722 3374 3797 ἀνατρέποντος,
3405 3728 3497 3776 καὶ
3542 3725 3610 3784 ὡς
3633 3722 3794 3786 αὐτὸς
3827 3724 3946 3797 (73)

571 3833 734 3889 verit.
993 3810 1000 3812 ⁷
1141 3810 1164 3820 ’
1879 3810 1900 3824 ⁵
2341 3812 2730 3886 ἀπηλλαγμένος
2754 3820 2849 3873 τῆς
2879 3810 3195 3886 βασκανίας.

639 3925 800 3979 Vers.
828 3925 916 3981 38.
949 3927 1028 3982 Et
1047 3927 1203 3984 dixit
1234 3959 1300 3970 —
1327 3928 1553 3987 scribis.
1599 3930 1938 4002 Prospicite,
1969 3930 2086 3988 hoc
2117 3934 2231 4010 est,

569 4017 796 4069 cavete.

639 4103 802 4156 Vers.
852 4103 938 4158 38.
995 4103 1103 4170 Qui
1173 4135 1232 4147 —
1281 4105 1694 4167 abambulare.
1756 4109 1901 4164 Dicit
1943 4108 2012 4164 de
2078 4110 2224 4182 ipsis
2340 4103 2709 4188 φυξαῖτωπξ
2852 4175 2925 4188 Δ
3378 4167 3463 4188 η,
3538 4170 3643 4188 .,,
3719 4171 3743 4188 λ
3786 4177 3806 4188 ,
3899 4168 3911 4186 .

567 4189 872 4245 Matthaaus
903 4191 1058 4248 circa
1083 4193 1349 4250 medium
1367 4196 1856 4268 quinquagesimi
1885 4199 2075 4270 quinti
2100 4171 2233 4256 ὀᾶ-

2408 4176 2521 4222 Τῶν
2550 4201 2619 4210 -—-
2649 4175 2970 4243 περιπατεῖν.
3002 4172 3154 4240 Λέγει
3181 4172 3299 4244 περὶ
3330 4171 3498 4221 αὐτῶν
3527 4171 3553 4221 6
3593 4171 3862 4231 Ματθαῖος
3890 4171 3938 4222 έν

2385 4267 2404 4275 -
2757 4266 2777 4274 -
2867 4261 2877 4274 .
3201 4256 3221 4275 κ
3277 4262 3287 4274 .
3458 4262 3468 4275 .
3547 4260 3558 4274 .
3665 4260 3677 4275 .
3865 4260 3887 4272 η

568 4277 704 4350 pitis
737 4294 749 4332 :
782 4278 1046 4335 Dilatant
1065 4256 1444 4352 phytaoteria
1473 4256 1578 4340 sua
1605 4256 2071 4357 etvmagnif‘icant
2099 4289 2228 4358 ﬁm.

2340 4267 2412 4330 τῷ
2451 4266 2785 4329 πεντηκοστῷ
2814 4261 3031 4330 πέμπτῳ
3074 4256 3330 4328 κεφαλαίῳ
3359 4262 3476 4330 περὶ
3505 4260 3564 4310 τὸ
3611 4260 3769 4331 μέσον
3799 4279 3812 4291 ·
3858 4260 3938 4311 ὅτι

2343 4349 2407 4364 --\
2500 4351 2510 4364 ο
2740 4349 2750 4362 \
2861 4345 2879 4364 Ν
3009 4351 3018 4362 υ
3194 4346 3206 4362 9
3257 4353 3276 4362 ο
3438 4350 3447 4364 ι
3619 4345 3639 4364 κ
3664 4350 3676 4364 ο
3915 4351 3926 4362 ο

570 4366 728 4422 brius
753 4369 1073 4436 paitiorum
1093 4387 1326 4429 suorum
1347 4375 1420 4440 ⁷ο,
1439 4391 1574 4447 quas
1605 4378 1829 4433 Marcus
1857 4393 2014 4434 nunc
2045 4380 2232 4434 stolas

2343 4349 2669 4402 Πλατύνουσι
2697 4349 2763 4399 τὰ
2793 4345 3116 4422 φυλακτήρια
3145 4346 3333 4410 αὐτῶν,
3365 4350 3455 4398 καὶ
3485 4345 3837 4419 μεγαλύνουσι
3873 4351 3939 4400 τὰ

565 4457 920 4514 nominavit.
949 4459 1156 4525 Quaere
1195 4477 1334 4534 ergo
1365 4463 1448 4520 ibi
1496 4464 1714 4521 horum
1746 4468 2217 4527 enarrationem.

2339 4433 2619 4512 κράσπεδα
2668 4445 2768 4488 τῶν
2818 4438 3031 4508 ἱματίων
3073 4435 3280 4488 αὐτῶνθ
3333 4435 3463 4508 ἅπερ
3519 4443 3607 4488 νῦν
3648 4438 3673 4488 6
3723 4438 3937 4508 Μάρκος

2341 4528 2528 4589 στολὰς
2577 4527 2832 4598 ὠνόμασε.
2888 4529 3127 4584 Ζήτησον
3153 4521 3241 4577 οὖν
3294 4522 3342 4576 έν
3386 4523 3560 4598 ἐκείνῳ
3609 4529 3698 4583 τὴν
3737 4526 3929 4575 τούτων

2409 3990 2515 4044 Καὶ
2575 3989 2738 4060 ἔλεγεν
2791 4019 2859 4030 -
2927 3993 3294 4065 γραμματέων.
3348 3988 3581 4056 Βλέπετε,
3640 3989 3757 4044 ἀντὶ
3823 3999 3939 4056 τοῦ,

2340 4080 2673 4154 φυλάττεσθε.

2338 4617 2496 4681 ἐξὴγη
2506 4635 2607 4671 σιν.

639 4692 798 4748 Vers.
827 4693 914 4750 38.
963 4694 1042 4749 Et
1085 4697 1462 4754 salutationes
1515 4731 1582 4740 —
1636 4701 1804 4758 Vers.
1873 4708 1961 4758 29.
2022 4706 2224 4763 caenis-

2338 4641 2607 4688 εςηγησιν,

2409 4709 2513 4762 Καὶ
2603 4704 2918 4777 ἀσπασμοὺς
3009 4733 3076 4744 -
3167 4699 3411 4763 δείπνοις.
3495 4710 3604 4756 Τῶν
3685 4699 3929 4754 θελόντων

561 4783 609 4836 Α
641 4783 1102 4853 praecedentibus
1131 4787 1538 4859 supplendum
1568 4795 1685 4844 est:
1721 4791 2073 4860 Quiamant,
2107 4795 2223 4853 hoc

2336 4799 2430 4863 ἔτι,
2461 4799 2552 4848 καὶ
2595 4790 2718 4847 τόδε
2768 4797 2857 4845 καὶ
2890 4787 3031 4846 τόδε.
3068 4795 3284 4867 Εἴρηται
3315 4789 3374 4845 δε
3425 4798 3516 4844 καὶ
3574 4796 3690 4868 περὶ
3739 4793 3936 4844 τούτων

561 4869 855 4940 videlicet,
881 4880 982 4929 aut
1012 4873 1181 4943 illud,
1212 4877 1285 4932 de
1315 4877 1536 4949 quibus
1568 4878 1782 4934 ibidem
1825 4897 2054 4954 quare.
2336 4886 2456 4941 εκεῖ.

634 4960 802 5017 Vers.
871 4965 966 5018 4ο.
1035 4963 1144 5031 Qui
1181 4963 1467 5022 devorant
1523 4996 1592 5009 —
1629 4968 1954 5037 judicium.
2011 4973 2093 5030 De
2129 4975 2223 5032 his

2409 4978 2474 5029 Οἱ
2524 4975 2882 5034 κατεσθίοντες
2935 5001 3003 5012 —
3056 4977 3241 5046 κρῖμα.
3305 4974 3524 5044 Εἴρηται
3566 4975 3686 5046 περὶ
3742 4973 3938 5024 τούτων

635 5085 684 5121 ⁷⁰
722 5086 917 5143 Matth.
960 5087 1047 5154 23,
1087 5093 1144 5145 5.

1797 5252 2015 5321 Variae
2055 5254 2387 5326 lectiones
2413 5260 2708 5324 etnotae.

628 5409 743 5490 (μ)
782 5412 957 5490 Recte
985 5410 1080 5490 hic
1111 5414 1341 5470 monuit
1379 5417 1716 5490 Hentenius,
1752 5421 2079 5490 vocabula,
2128 5429 2220 5477 καὶ
2329 5423 2684 5483 omiserunt.

799 5486 1128 5582 EEX‘DO;
1179 5505 1294 5582 σοφέ
1337 5479 1714 5582 ροεξὶβοηῑὶθξ
1753 5479 2220 5582 scribtn'in'fuo

2338 5479 2516 5582 72?)
2551 5497 3072 5582 I?°‘.FP“EP3T“€-

557 5552 1202 5641 gp‘dicermIiEssaesse.
1235 5552 1607 5641 Habenti'sta
1627 5576 1802 5641 meus
1822 5566 1867 5618 A
1893 5571 1947 5641 et
1978 5567 2046 5623 Β.
2088 5567 2219 5623 Pro-

2401 5552 2518 5641 (73)
2553 5564 2612 5619 ‘0
2649 5552 3008 5637 τὲάλὸςὶςέίλος.

553 5626 686 5701 pter
714 5625 1117 5696 aequalitatem
1148 5628 1556 5687 membrorum
1605 5633 1700 5688 alii
1729 5634 1846 5692 alia
1895 5634 2012 5692 hoc
2040 5653 2222 5696 versu
