4170 6364
226 304 354 360 837

1254 302 1622 360 COMMENT.
1664 297 1733 353 IN
1772 286 2107 353 MARCUM.
2158 327 2226 336 —-
2265 296 2420 353 CAP.
2465 292 2606 355 XIII.

3519 306 3623 368 838

230 429 474 503 ἀκριϐῶς
503 429 551 483 ἓν
580 429 721 506 ἀρχῇ
766 438 855 485 τοῦ
886 436 1238 487 πεντηκοστοῦ
1269 429 1418 481 ἕκτου
1457 426 1735 498 κεφαλαίου
1760 443 1828 475 τοι

1965 424 2163 475 exacte
2187 420 2559 493 disputatum
2595 433 2684 482 est
2713 428 2773 483 in
2816 429 3109 501 principio
3139 434 3625 507 quinquagesimi

230 522 384 572 κατὰ
415 521 702 573 Ματθαίον.

410 627 558 680 ΚΕΦ.
586 624 724 681 ΜΑ’.
752 630 877 698 Περὶ
903 635 994 686 τῆς
1018 628 1082 678 τὰ
1111 621 1207 677 δύο
1230 624 1391 677 λεπτὰ
1417 622 1706 695 βαλούσης.

236 722 245 731 ”
322 719 425 767 Καὶ
476 716 702 775 καθίσας
756 745 818 755 -
874 714 1280 787 γαζοφυλάκιον.
1336 716 1406 767 T6
1467 710 1851 783 γαζοφυλάκιον

239 803 739 877 θησαυροφυλάκιον
768 801 849 867 ἦν,
879 803 926 855 ἐν
952 812 1025 875 τῷ
1054 812 1180 874 ναῷ,
1210 804 1280 863 εἰς
1305 803 1330 854 ὁ
1356 805 1541 863 πάντες
1570 803 1617 852 οἱ
1648 804 1854 872 ἔχοντες

234 892 337 944 καί
371 893 594 954 θέλοντες
614 891 871 945 ἐνέϐαλλον
888 897 946 945 τό
967 895 1099 945 κατὰ
1129 889 1370 964 δύναμιν,
1403 895 1533 964 πρὸς
1559 889 1853 961 ἀπο-τροφὴν

236 989 349 1034 τῶν
376 988 620 1041 πενήτων.

321 1180 427 1234 Καὶ
457 1177 633 1231 πολλοὶ
685 1209 752 1217 —
800 1174 1112 1252 κοδράντης.
1152 1183 1238 1246 Ὃ,
1269 1180 1328 1229 τὸ
1371 1176 1550 1229 λεπτὸν
1588 1172 1851 1243 δηλονότι,

238 1268 359 1318 ἔστι
400 1267 523 1339 παρ’
573 1265 851 1341 Ἑϐραίοις,
910 1270 1070 1338 ἤγουν
1121 1265 1324 1337 λέγεται
1374 1263 1668 1340 κοδράντης
1720 1266 1850 1337 (⁵74).

231 1354 457 1407 Λεπτὸά
487 1352 547 1408 δέ
568 1354 676 1408 ἔστι
710 1355 831 1431 παρ’
861 1358 985 1427 ἡμῖν
1013 1356 1037 1407 ὁ
1072 1353 1268 1417 ὀϐολός.

314 1555 416 1605 Καὶ
506 1551 987 1626 προσκαλεσάμενος
1055 1583 1124 1591 -
1225 1552 1548 1625 ὑστερήσεως
1651 1551 1837 1614 αὐτῆς.

228 1628 550 1713 ⁸Υστέρησις
622 1643 712 1713 μὲν
794 1648 1007 1709 νοεῖται,
1084 1642 1114 1699 ἡ
1190 1636 1385 1697 ἔνδεια,
1459 1647 1568 1693 Νῦν
1623 1636 1699 1708 δὲ,
1784 1644 1840 1692 τὸ

238 1728 522 1800 ἀναγκαῖον
560 1734 650 1782 καὶ
707 1726 968 1802 χρειῶδες
1024 1731 1303 1802 ὑστέρησιν
1360 1732 1429 1790 ὡς
1485 1726 1652 1802 οἶμαι,
1714 1729 1845 1781 ὠνό-

239 1838 400 1892 μασε.

316 1910 492 1961 Πάντα
560 1938 629 1949 -
704 1910 790 1959 τὸν
873 1907 988 1981 βίον
1073 1907 1251 1968 αὐτῆς.

235 1995 346 2058 τοῖς
394 2002 664 2070 χρήμασιν
716 1993 797 2064 ἦν,
848 1997 980 2050 ἀλλὰ
1031 1997 1258 2050 πλουσία
1323 2005 1385 2069 τῇ
1438 2002 1614 2070 γνώμῃ
1694 2000 1847 2050 καθί-

241 2106 422 2142 στατο.
491 2090 576 2139 Διὸ
624 2091 713 2139 καὶ
767 2088 791 2139 ὁ
850 2092 1047 2158 Σωτὴρ,
1105 2086 1163 2139 οὐ
1215 2090 1271 2138 τὸ
1345 2083 1510 2158 δῶρον
1560 2092 1839 2160 μετρήσας,

239 2175 371 2229 ἀλλὰ
423 2180 515 2234 τὴν
566 2181 866 2249 προαίρεσιν
924 2176 1103 2247 αὐτῆς,
1172 2183 1337 2228 πλεῖον
1406 2178 1608 2228 πάντων
1668 2174 1843 2248 βαλεῖν

239 2261 370 2318 εἷπε.

312 2358 513 2407 Γένοιτο
571 2352 630 2407 δὲ
680 2359 770 2406 καὶ
823 2359 915 2412 τὴν
964 2353 1089 2427 ἐμὴν
1133 2353 1317 2425 ψυχὴν
1358 2356 1597 2425 γενέσθαι
1643 2359 1839 2429 χήραν,

234 2441 602 2495 ἀποϐαλοῦσαν
640 2446 728 2495 τὸν
761 2439 1023 2509 διάϐολον,
1058 2444 1096 2513 ᾧ
1136 2442 1462 2511 κεκόλληται,
1502 2449 1590 2496 καὶ
1713 2447 1840 2496 ὐπο-

234 2536 499 2585 τέτακται·
551 2538 641 2584 καὶ
696 2530 872 2602 βαλεῖν
921 2534 993 2594 είς
1018 2535 1104 2583 τὸν
1147 2540 1240 2584 τοῦ
1273 2537 1399 2585 Θεοῦ
1445 2535 1711 2607 θησαυρὸν
1744 2531 1842 2585 δύο

236 2623 412 2689 λεπτὰ,
439 2625 498 2673 τὸ
543 2629 695 2693 σῶμα
727 2623 929 2673 καὶτὸν
967 2628 1105 2685 νοῦν,
1142 2620 1499 2689 λεπτυνθέντα,
1533 2625 1590 2673 τὸ
1621 2625 1731 2694 μὲν,
1767 2619 1841 2674 δι’

1332 1908 1395 1962 Εἰ
1472 1912 1562 1959 καὶ
1652 1913 1842 1979 πτωχὴ

233 2708 554 2785 ἔγκρατείας·
578 2714 666 2762 τὸν
698 2706 777 2779 δὲ,
807 2707 900 2762 διὰ
922 2716 1297 2773 ταπεινώσεως.

309 2906 412 2960 Καὶ
495 2904 894 2980 ἐκπορευομένου
968 2937 1036 2947 -
1100 2906 1388 2978 καταλυθῇ.
1467 2910 1592 2979 Περὶ
1644 2911 1837 2959 τούτων

240 2991 429 3067 ἑρῥήθη
459 2992 506 3045 ἐν
536 3001 608 3064 τῷ
629 2993 759 3046 τέλει
788 2982 879 3047 τοῦ
903 3002 1253 3054 πεντηκοστοῦ
1274 2996 1423 3048 ἕκτου
1450 2996 1727 3069 κεφαλαίου
1746 3004 1837 3050 τοῦ

238 3084 376 3133 κατὰ
404 3083 691 3135 Ματθαῖον.

601 3224 759 3279 ΚΕΦ.
792 3224 918 3281 MB'.
950 3229 1075 3299 Περὶ
1102 3226 1413 3288 συντελείας.

299 3349 402 3403 Καὶ
452 3350 746 3421 καθημένου
806 3350 967 3402 αὐτοῦ
1024 3382 1092 3392 -
1143 3352 1530 3421 σνντελεῖσθαι;
1590 3360 1828 3414 Ζητησον

221 3441 339 3511 περὶ
385 3440 576 3490 τούτων
626 3437 674 3490 ἐν
713 3448 785 3510 τῷ
816 3448 1148 3510 πεντηκοστῷ
1179 3438 1385 3515 ἑϐδόμῳ
1427 3445 1684 3517 κεφαλαίῳ
1734 3455 1825 3499 τοῦ

220 3527 359 3576 κατὰ
384 3527 671 3582 Ματθαίον.

290 3611 347 3665 Ὀ
376 3610 433 3667 δε
461 3614 673 3677 ’Ἰησοῦς
695 3648 763 3658 -
787 3625 972 3671 ταῦτα.
999 3616 1083 3673 Ἐν
1114 3618 1287 3692 ἐκείνῳ
1322 3626 1439 3695 περὶ
1468 3624 1668 3675 πάντων
1698 3627 1823 3677 τού-

220 3721 321 3755 των
352 3702 469 3778 ἐρῥὴ
482 3707 564 3763 θη.

292 3791 497 3846 Βλέπετε
527 3826 594 3835 -
624 3794 863 3856 ἑαυτούς.
896 3796 1178 3851 Φυλάττετε
1209 3800 1421 3863 ἑαυτοὺς
1452 3799 1553 3854 ἀπὸ
1583 3812 1679 3864 τῆς
1708 3809 1822 3857 τότε

220 3879 390 3940 ἀπάτη
402 3904 440 3944 ς.

288 3968 676 4042 Παραδώσουσι
705 4005 774 4014 -
802 3974 961 4028 ἕνεκεν
992 3974 1137 4049 ἐμοῦ.
1173 3977 1313 4031 Ἐκεῖ
1344 3984 1433 4032 καὶ
1477 3987 1594 4055 περὶ
1624 3986 1817 4036 τούτων

215 4060 466 4133 εὑρήσεις.

286 4149 373 4210 Εἰς
419 4153 702 4224 μαρτύριον
758 4152 954 4215 αὐτοῖς.
1024 4155 1109 4215 Εἰς
1163 4163 1482 4233 κατηγορίαν
1534 4166 1623 4213 καὶ
1674 4162 1812 4235 ἔλεγ-

210 4257 311 4311 χον
386 4239 574 4305 αὐτῶν,
663 4243 746 4293 ἱνα
810 4248 881 4315 μὴ
954 4241 1209 4297 δύνωνται
1286 4246 1449 4319 λέγειν
1522 4249 1569 4301 ἐν
1644 4262 1810 4326 καιρῷ

208 4335 308 4389 τῆς
376 4334 711 4402 παγκοσμίου
763 4337 1003 4404 κρίσεως,
1087 4336 1166 4386 ὅτι
1252 4337 1361 4388 Οὐκ
1443 4339 1809 4413 ὴνωτισάμεθα

1961 508 2105 564 sexti
2129 510 2329 580 capitis
2357 512 2651 581 Evangelii
2685 518 3017 573 secundum
3047 520 3407 579 Matthaeum.

2068 597 2221 653 CAP.
2256 600 2387 655 XLI.
2420 603 2503 657 De
2533 603 2711 658 vidua
2742 622 2869 677 qua
2898 608 3011 662 duo
3038 610 3257 667 minuta
3286 614 3515 670 obtulit.

2034 686 2192 741 Vers.
2225 690 2311 744 41.
2348 690 2419 743 Et
2451 705 2581 746 cum
2611 694 2835 750 sederet
2865 726 2933 735 —-
2961 699 3482 770 gazOphylacium.
3518 706 3623 761 Ga-

1962 774 2380 845 zophylacium
2433 784 2553 834 erat
2593 796 2732 836 arca
2784 782 2883 837 ubi
2935 785 3244 843 thesaurus
3292 790 3351 845 in
3401 794 3623 865 templo

1964 864 2331 930 servabatur,
2364 866 2424 921 in
2456 884 2641 939 quam
2659 886 2889 937 omnes,
2916 875 3017 945 qui
3050 876 3355 935 habebant
3384 888 3438 936 et
3470 864 3623 937 vole-

1962 951 2131 1017 bant,
2174 968 2283 1024 pro
2330 956 2555 1011 viribus
2617 959 2963 1029 injiciebant
3003 964 3078 1017 ad
3130 982 3461 1038 pauperum
3513 971 3624 1026 ali-

1967 1046 2255 1097 mentum.

2035 1128 2194 1185 Vers.
2223 1133 2313 1186 41.
2342 1133 2416 1188 Et
2445 1135 2614 1190 multi
2638 1167 2707 1176 —
2751 1137 2919 1195 Vers.
2947 1142 3036 1195 42.
3072 1144 3395 1212 quadrans.
3430 1147 3617 1213 Quod,

1963 1222 2119 1288 puta,
2172 1219 2470 1277 minutum
2520 1229 2606 1279 est
2653 1226 2816 1297 apud
2871 1228 3172 1296 Hebraeos,
3234 1233 3357 1288 sive
3410 1235 3624 1291 dicitur

1960 1307 2292 1376 quadrans.
2336 1311 2555 1367 Dicitur
2583 1328 2826 1386 quoque
2857 1318 2973 1373 alio
3009 1320 3191 1376 modo
3224 1320 3455 1393 obolus,
3498 1323 3622 1381 sive

1959 1393 2137 1447 λεπτόν
2146 1434 2158 1447 .

2030 1485 2192 1540 Vers.
2236 1489 2322 1542 43.
2382 1490 2459 1544 Et
2515 1492 2837 1550 advocatis.
2905 1526 2975 1537 —-
3013 1498 3173 1553 Vers.
3234 1503 3322 1557 44.
3361 1504 3620 1571 penuria

1957 1588 2085 1630 sua.
2135 1574 2456 1651 ’Υστέρησις,
2517 1580 2783 1638 defectus
2835 1584 3071 1654 dicitur,
3128 1588 3221 1644 vel
3270 1590 3616 1662 indigentia,

1958 1678 2120 1719 nunc
2184 1671 2381 1721 autem
2450 1685 2557 1739 pro
2597 1686 2686 1735 eo,
2740 1673 2905 1743 quod
2943 1678 3353 1733 necessarium
3420 1686 3504 1737 est
3564 1688 3620 1738 et

1875 1774 1917 1829 Β
1961 1752 2113 1820 utile,
2152 1760 2213 1809 ut
2242 1754 2477 1826 opinor,
2513 1760 2735 1829 accepit
2774 1762 2909 1829 (nos
2935 1766 3253 1831 penuriam
3286 1769 3614 1841 vertimus.)

2029 1842 2186 1897 Vers.
2248 1847 2336 1899 44.
2399 1845 2612 1903 Omnia
2670 1879 2737 1888 —
2794 1850 3189 1910 substantiam
3245 1871 3436 1913 suam.
3498 1861 3616 1914 Etsi

1957 1946 2186 2003 pauper
2221 1936 2346 1988 erat
2395 1936 2901 2007 possessionibus,
2957 1941 3125 1997 dives
3172 1949 3371 1999 tamen
3411 1946 3617 2001 animo

1955 2020 2289 2074 ostenditur
2336 2038 2352 2074 :
2395 2022 2529 2078 ideo
2563 2024 2853 2091 Salvator,
2887 2029 2990 2099 qui
3031 2046 3151 2085 non
3194 2032 3422 2087 donum
3471 2050 3618 2104 pon-

1953 2107 2140 2173 derat,
2196 2108 2301 2163 sed
2350 2110 2718 2168 voluntatem
2768 2117 2916 2184 ejus,
2976 2118 3111 2188 plus
3162 2136 3350 2191 quam
3407 2137 3616 2178 omnes

1954 2196 2187 2252 misisse
2227 2196 2391 2253 dicit.

2026 2287 2256 2343 Utinam
2295 2304 2435 2344 vero
2462 2295 2518 2345 et
2547 2292 2753 2349 anima
2783 2310 2919 2350 mea
2949 2296 3130 2354 vidua
3157 2298 3464 2365 efﬁciatur,
3512 2301 3616 2358 ab-

1947 2375 2106 2447 jecto
2144 2376 2407 2445 diabolo,
2441 2380 2533 2434 cui
2568 2382 2937 2452 agglutinata
2964 2391 3050 2442 est
3078 2395 3255 2459 atque
3287 2390 3557 2463 subjecta
3600 2411 3611 2448 :

1952 2480 2089 2535 quae
2128 2467 2323 2523 mittat
2352 2468 2411 2522 in
2445 2470 2543 2524 Dei
2576 2471 2921 2528 thesaurum
2954 2475 3072 2530 duo
3106 2478 3354 2545 minuta,
3398 2496 3615 2552 corpus

1952 2552 2223 2609 videlicet
2268 2572 2337 2611 ac
2386 2563 2642 2613 mentem
2697 2576 2709 2611 :
2758 2562 3129 2620 comminuta
3175 2566 3324 2622 illud
3366 2570 3615 2640 quidem

1952 2658 2057 2712 per
2096 2646 2573 2715 temperantiam,
2603 2647 2759 2705 hanc
2802 2657 3002 2708 autem
3040 2669 3144 2725 per
3174 2656 3359 2712 animi
3406 2659 3613 2715 mode-

1952 2730 2149 2788 etiam.

2019 2875 2155 2946 Cap.
2201 2877 2336 2931 XIII.
2377 2879 2538 2934 Vers.
2584 2884 2631 2935 1.
2664 2881 2737 2936 Et
2765 2884 3093 2954 egrediente
3117 2916 3186 2930 —
3225 2887 3386 2945 Vers.
3425 2890 3477 2946 2.
3518 2893 3610 2948 di-

1947 3003 2185 3055 ruatur.
2228 3004 2307 3057 De
2343 3002 2435 3057 his
2481 3003 2709 3061 dictum
2740 3012 2827 3063 est
2858 3008 2919 3064 in
2968 3010 3087 3067 ﬁne
3124 3013 3609 3087 quinquagesimi

1880 3114 1919 3170 ρ
1948 3089 2097 3143 sexti
2125 3089 2336 3161 capitis
2363 3093 2654 3164 Evangelii
2684 3097 3016 3154 secundum
3047 3101 3404 3160 Matthteum.

2264 3232 2415 3288 CAP.
2450 3233 2608 3289 XLII.
2651 3236 2736 3292 De
2762 3241 3280 3299 consummatione.

2012 3352 2176 3408 Vers.
2205 3358 2257 3409 3.
2288 3355 2541 3427 Cumque
2562 3359 2687 3426 ipse
2710 3361 2939 3418 sederet
2958 3394 3027 3404 —
3058 3365 3219 3420 Vers.
3252 3369 3303 3422 4.
3338 3384 3599 3428 consum-

1937 3442 2159 3498 mando
2177 3447 2315 3499 sunt
2332 3442 2360 3498 ?
2390 3446 2597 3510 Quaere
2619 3448 2693 3503 de
2710 3448 2802 3503 his
2827 3450 3327 3524 quinquagesimo
3346 3460 3599 3529 septimo

1936 3530 2123 3601 capite
2164 3534 2467 3603 Evangelii
2504 3537 2838 3593 secundum
2876 3541 3238 3598 Matthmum.

2004 3619 2169 3674 Vers.
2212 3622 2267 3675 5.
2307 3622 2475 3678 Iesus
2515 3630 2713 3682 autem
2754 3657 2821 3669 —
2862 3629 3028 3686 Vers.
3079 3635 3135 3689 9.
3185 3634 3324 3690 hac.
3374 3638 3594 3695 Eodem

1932 3708 2124 3779 capite
2149 3710 2225 3765 de
2254 3710 2348 3766 his
2380 3713 2667 3769 omnibus
2699 3716 2928 3772 dictum
2960 3725 3067 3775 est.

2001 3798 2160 3853 Vers.
2209 3804 2260 3855 9.
2292 3800 2496 3858 Cavete
2524 3835 2590 3843 —
2622 3805 2780 3861 vobis
2812 3808 2972 3876 ipsis.
3009 3810 3241 3868 Servate
3274 3828 3379 3870 vos
3422 3816 3591 3888 ipsos

1929 3902 1963 3940 a
1994 3886 2338 3945 seductione
2367 3907 2496 3962 quae
2530 3898 2666 3949 tunc
2695 3895 2823 3953 erit.

1999 3976 2159 4032 Vers.
2189 3981 2240 4032 9.
2277 3980 2535 4038 Tradent
2561 4013 2630 4025 —
2659 3998 2841 4042 causa
2865 4002 3009 4044 mea.
3042 3988 3130 4045 lbi
3161 4007 3398 4065 quoque
3429 4001 3486 4052 et
3515 3997 3589 4053 de

1923 4063 2016 4120 his
2055 4064 2344 4124 invenies.

1995 4156 2153 4211 Vers.
2197 4162 2248 4212 9.
2289 4158 2361 4212 In
2400 4162 2791 4219 testimonium
2821 4165 2977 4235 ipsis.
3019 4167 3108 4223 Ad
3142 4172 3587 4231 accusationem

1922 4247 1978 4298 et
2008 4244 2480 4317 increpationem
2510 4251 2800 4321 ipsorum,
2840 4270 2915 4309 ne
2945 4257 3179 4328 possint
3206 4259 3404 4318 dicere
3445 4268 3588 4321 tem-

1920 4347 2063 4404 pore
2096 4335 2444 4393 universalis
2466 4339 2675 4408 judicii
2710 4359 2723 4394 :
2765 4345 2893 4399 Non
2924 4347 3267 4404 audivimus
3299 4353 3586 4423 praedica-

210 4419 267 4469 τὸ
323 4422 590 4491 κήρυγμα.
654 4427 912 4473 Τοσοῦτον
984 4424 1085 4495 γὰρ
1160 4424 1284 4477 αὐτὸ
1344 4425 1805 4499 ἐνωτισθὴσονται,

1965 4438 2163 4480 onem.
2210 4425 2270 4481 In
2323 4431 2557 4484 tantum
2598 4430 2759 4486 enim
2789 4433 2985 4505 ipsam
3012 4438 3272 4494 audituri
3301 4419 3473 4509 sunt,
3524 4451 3585 4502 ut

208 4509 339 4559 ὥστε
391 4513 481 4560 καὶ
536 4512 659 4571 τοῦς
708 4515 943 4585 κήρυκας
998 4512 1159 4565 αὐτοῦ
1211 4514 1488 4569 κολάσεσιν
1549 4518 1809 4591 ἐσχάταις

208 4595 498 4652 ὑποϐαλεῖν.

276 4686 377 4738 Καὶ
403 4686 476 4746 εἰς
496 4717 565 4727 -
591 4687 923 4759 Εὐαγγίλιον.
945 4688 1003 4741 Ὀ
1026 4687 1086 4743 δὲ
1114 4694 1381 4756 Ματθαίος
1407 4698 1628 4771 ἔγραψεν
1658 4705 1706 4753 ἐν
1732 4711 1804 4774 τῷ

211 4769 488 4830 δηλωθέντι
529 4775 813 4848 κεφαλαίῳ·
866 4780 945 4830 ὅτι
973 4784 1063 4831 καὶ
1095 4769 1512 4855 Κηρυχθὴσεται
1555 4796 1705 4842 τοῦτο
1744 4795 1802 4844 τὸ

206 4860 513 4933 Εὗαγγέλιον
551 4873 642 4926 τῆς
674 4864 945 4937 βασιλείας
988 4868 1035 4920 ἐν
1089 4870 1177 4943 ὅλῃ
1234 4880 1294 4944 τῇ
1342 4875 1643 4950 οἰκουμένῃ.
1697 4883 1801 4936 Καὶ

208 4951 436 5012 ζήτησον
458 4950 561 5004 ἐκεῖ
582 4957 676 5012 τὴν
698 4958 882 5009 τούτου
914 4953 1221 5030 διάγνωσιν.

272 5038 432 5095 Ὀταν
510 5038 569 5094 δέ
650 5074 718 5084 -
786 5046 955 5117 ἅγιον.
1023 5049 1378 5123 Οἰκονομικῶς
1448 5058 1505 5107 τὸ
1590 5064 1798 5132 Πνεῦμα

202 5133 260 5183 τὸ
318 5129 465 5201 ἅγιον
538 5141 826 5189 τηνικαῦτα
878 5135 1035 5203 λαλεῖ,
1114 5146 1381 5214 χρώμενον
1464 5152 1572 5207 τοῖς
1627 5152 1794 5202 αὐτῶν

202 5223 475 5292 στόμασιν,
549 5221 632 5274 ἶνα
699 5228 772 5295 μὴ
841 5227 870 5284 ἡ
929 5229 1124 5280 τούτων
1176 5227 1430 5303 ἀχροικία
1493 5231 1619 5309 δόξῃ
1684 5246 1795 5303 τοῖς

200 5307 438 5372 ἀπίστοις
467 5312 603 5370 ἧττα
644 5320 735 5366 τοῦ
777 5318 1128 5391 κηρύγματος.
1163 5321 1354 5395 Εἵρηκε
1397 5319 1456 5376 δὲ
1498 5307 1665 5381 ταῦτα
1702 5335 1791 5383 καὶ

268 5437 312 5474 τί
345 5438 540 5496 Matth.
569 5456 727 5507 xxxv,
760 5442 851 5497 14.

1919 4511 2044 4583 ejus
2099 4515 2277 4571 etiam
2342 4534 2644 4589 praecones
2702 4524 2982 4579 extremis
3022 4528 3328 4599 suppliciis
3393 4532 3573 4604 subji-

1918 4601 2098 4658 ciant.

1994 4708 2155 4765 Vers.
2191 4712 2279 4767 1ο.
2317 4713 2393 4767 Et
2428 4714 2491 4770 in
2528 4746 2596 4755 —
2644 4717 3034 4788 Evangelium.
3080 4723 3385 4780 Matthaeus
3434 4743 3577 4786 vero

1915 4800 2145 4871 scripsit
2189 4802 2474 4872 praedicto
2520 4805 2731 4875 capite,
2778 4809 2941 4877 quod
2990 4812 3420 4877 prmdieabitur
3466 4817 3577 4876 hoc

1911 4890 2273 4959 evangelium
2305 4893 2364 4947 in
2397 4893 2664 4949 universo
2693 4896 2904 4952 mundo
2936 4899 3007 4951 ⁷1.
3039 4901 3244 4965 Quaere
3275 4902 3357 4960 ibi
3386 4905 3569 4978 hujus

1907 4977 2288 5034 intellectum.

1976 5066 2140 5123 Vers.
2191 5073 2275 5123 11.
2305 5069 2447 5127 Cum
2479 5078 2673 5129 autem
2726 5104 2791 5114 —
2821 5082 3078 5135 sanctus.
3125 5081 3566 5154 Dispensatorie

1907 5156 2156 5227 Spiritus
2184 5161 2427 5213 sanctus
2459 5165 2597 5216 tunc
2617 5162 2912 5235 loquetur,
2948 5174 3118 5226 utens
3145 5186 3247 5227 ore
3276 5173 3563 5245 ipsorum,

1901 5260 1978 5301 ne
2015 5246 2310 5304 rusticitas
2352 5248 2589 5306 illorum
2636 5252 2903 5311 videatur
2941 5256 3262 5317 incredulis
3306 5262 3563 5337 abiectio

1902 5339 1958 5391 et
2000 5335 2321 5396 minoratio
2363 5341 2823 5412 praedicationis.
2855 5346 3008 5405 Dixit
3050 5364 3294 5425 quoque
3338 5335 3397 5411 et
3432 5354 3563 5414 hinc

1423 5548 1641 5623 Variae
1680 5546 2010 5629 lectiones
2042 5572 2106 5629 et
2141 5573 2342 5633 notae.

271 5673 381 5746 (74)
410 5666 738 5750 Κονδράντης
770 5674 1004 5735 exhibet
1030 5679 1098 5735 Α.

1929 5756 1943 5781 t
