4170 6364
605 286 712 340 839
1925 279 2234 346 ΕΗΤΗΥΜῙ

2347 282 2644 348 ζιῦΑΒΕΝΙ
3904 300 4020 356 84θ

602 410 838 466 decimo
868 412 1058 483 nonoj
1071 414 1211 468 uxta
1227 412 1564 469 Mattheeum
1582 414 1772 485 capite
1787 415 1944 472 circa
1974 416 2234 472 medium

2347 413 2440 470 ιέν
2479 424 2551 486 τῷ
2594 414 3030 491 ἐννεακαιδεκάτῳ
3071 421 3329 495 κεφαλαίῳ
3381 431 3475 477 τοῦ
3526 427 3663 478 κατὰ
3704 426 4012 493 Mareotica,

601 513 804 569 quaere
830 513 972 568 ergo
1005 499 1084 553 i-bi
1115 501 1578 557 enarrationem.

2388 510 2506 579 περὶ
2537 507 2604 557 τὰ
2632 511 2786 576 μέσα.
2831 507 2938 561 Καὶ
2961 509 3192 569 ζήτησον
3223 511 3328 565 ἐκεῖ
3352 517 3446 572 τὴν
3472 513 3748 585 ἐξήγησιν.

600 588 759 641 Vers.
821 590 904 643 12.
953 588 1170 644 Trade!
1211 621 1277 629 -—
1317 589 1480 646 Vers.
1525 593 1611 646 13.
1655 592 1854 649 salvus
1893 595 2024 649 erit.
2082 594 2234 648 Etian

2460 592 2775 664 Παραδῶσει
2810 629 2872 637 -
2919 601 3234 658 σωθήσεται.
3281 604 3388 656 Καὶ
3418 611 3579 656 ταῦτα
3622 606 3795 656 πάντα
3824 605 3880 657 ἐν
3933 615 4009 676 τῷ

599 675 729 731 haec
753 674 961 732 omnia
985 676 1045 732 in
1076 677 1363 749 praedicto
1394 679 1628 737 decimo
1659 697 1819 738 nono
1851 683 2044 754 capite
2069 682 2234 738 decla

2382 685 2588 759 ῥηθέντι
2714 685 3151 762 ἐννεακαιδεκάτῳ
3249 692 3505 763 κεφαλαίῳ
3629 713 3763 768 προη
3769 714 3799 768 ρ
3805 714 4009 766 μηνευ-

600 769 734 820 rata
773 768 931 819 sunt.

671 854 838 908 Vers.
887 855 976 908 14.
1019 855 1153 910 Cum
1193 861 1389 912 autem
1440 889 1509 897 —
1549 859 1864 929 intelligat.
1906 861 2138 916 Dictum
2183 865 2267 916 est

598 940 673 996 de
711 941 844 1007 hoc,
883 940 1042 998 dicto
1080 943 1588 1016 quinquagesimo
1619 949 1873 1020 septimo
1909 949 2082 1020 juxta
2121 951 2266 1004 Mat-

601 1029 826 1085 thteum
857 1031 1069 1102 capite.

671 1119 831 1174 Vers.
882 1119 966 1174 14.
1021 1120 1183 1176 Tunc
1225 1153 1294 1162 —
1326 1124 1485 1179 Vers.
1525 1127 1606 1180 l7.
1642 1125 1862 1182 diebus.
1907 1129 1971 1184 In
2019 1145 2088 1185 eo
2130 1128 2262 1186 loco

598 1208 776 1263 etiam
807 1207 882 1263 de
912 1208 1004 1263 his
1035 1210 1348 1266 dissertum
1383 1217 1492 1268 est.

667 1296 829 1351 Vers.
884 1301 965 1352 18.
997 1297 1169 1354 Orate
1200 1331 1268 1338 —
1315 1301 1469 1356 Vers.
1502 1307 1589 1358 20.
1623 1304 1760 1360 dies.
1796 1305 2074 1362 Similiter
2099 1311 2155 1362 et
2189 1307 2263 1363 de

595 1385 714 1441 his.
758 1385 905 1441 Illud
939 1393 1140 1443 autem
1174 1411 1186 1441 :
1223 1391 1405 1446 Erunt
1443 1392 1569 1448 dies
1601 1395 1696 1450 illi
1724 1395 1963 1466 afﬂictio,
1996 1397 2111 1452 hoc
2153 1403 2260 1468 est,

593 1473 657 1529 in
691 1473 902 1530 diebus
934 1475 1048 1530 illis
1081 1477 1187 1532 erit
1217 1477 1479 1536 afﬂictio.

666 1562 831 1618 Vers.
885 1564 970 1619 21.
1022 1567 1098 1620 Et
1150 1573 1275 1622 tunc
1334 1567 1495 1625 Vers.
1557 1571 1646 1626 23.
1701 1576 1900 1630 omnia.
1959 1576 2145 1631 Etiam
2206 1591 2266 1650 et

591 1650 667 1708 de
697 1652 788 1708 his
814 1654 890 1708 ibi
928 1654 1296 1724 disputatum
1331 1664 1439 1714 est.

2377 1667 2591 1726 ληπται.

662 1741 827 1797 Vers.
866 1745 954 1798 24.
1003 1744 1177 1800 Porro
1220 1747 1278 1800 in
1325 1779 1390 1788 —
1423 1750 1586 1805 Vers.
1630 1754 1716 1806 27.
1750 1753 1893 1808 caeli.
1946 1757 2012 1811 Et
2054 1757 2127 1812 de
2167 1757 2226 1813 hi

2448 1759 2585 1813 Ἀλλ’
2615 1758 2661 1812 ἐν
2689 1792 2756 1800 -
2784 1759 3020 1834 ούρανοῦ.
3051 1761 3155 1815 Καὶ
3185 1766 3301 1837 περὶ
3330 1765 3520 1816 τούτων
3556 1767 3833 1828 ὡσαύτως.

590 1830 887 1888 similiter.

3249 692 3505 763 κεφαλαίῳ

2385 777 2447 833 θη
2457 795 2570 829 σαν.

2452 864 2609 918 ’Ὁταν
2657 863 2716 919 δὲ
2769 899 2836 907 -
2895 874 3090 923 νοεὶτω.
3136 871 3359 943 Εῖρηται
3423 877 3542 944 περὶ
3593 874 3781 925 τούτου
3828 871 3881 924 ἐν
3926 883 4002 945 τῷ

2381 958 2881 1029 προμνημονευθέντι
2932 967 3266 1031 πεντηκοστῷ
3320 956 3528 1034 ἑϐδόμῳ
3575 961 3840 1034 κεφαλαίῳ
3901 971 4002 1016 τού

2380 1045 2515 1095 κατὰ
2541 1046 2825 1100 Ματθαῐον.

2448 1136 2574 1185 Τότε
2635 1165 2702 1175 -
2759 1136 2992 1208 ἡμέραις.

2380 1217 2788 1294 διασεσάφηται.

3071 1135 3157 1192 Ἐν
3218 1135 3387 1210 ἐκείνῳ
3449 1143 3539 1191 καὶ
3603 1144 3720 1213 περὶ
3787 1144 3999 1194 τούτων

2452 1315 2820 1383 Προσεύχεσθε
2845 1346 2912 1353 -
2944 1315 3157 1390 ἡμέρας.
3208 1314 3430 1388 Ὁμοίως
3472 1321 3562 1369 καὶ
3604 1323 3720 1392 περὶ
3749 1322 3988 1377 τούτων,

2377 1403 2446 1452 Τὸ
2479 1397 2558 1464 δὲ,
2599 1400 2847 1455 Ἔσονται
2881 1405 2935 1454 αἱ
2965 1406 3155 1477 ἡμέραι
3185 1403 3396 1473 ἐκεῖναι,
3438 1405 3550 1460 ἀντὶ
3580 1415 3694 1478 τοῦ,
3723 1412 3866 1461 κατὰ
3896 1413 3998 1470 τὰς

2379 1491 2575 1564 ἡμέρας
2601 1490 2792 1552 ἐκείνας
2820 1494 2954 1562 (75).

2449 1578 2558 1631 Καὶ
2615 1585 2729 1632 τότε
2782 1613 2848 1621 -
2904 1583 3093 1637 πάντα.
3152 1582 3255 1636 Καὶ
3313 1588 3430 1659 περὶ
3479 1586 3670 1638 τούτων
3704 1584 3812 1639 ἐκεῖ
3859 1584 3996 1640 διεί-

661 1918 820 1974 Vers.
863 1921 951 1974 28.
993 1921 1039 1975 A
1082 1923 1184 1992 ﬁcu
1213 1931 1390 1980 autem
1418 1957 1488 1969 —-
1528 1928 1688 1985 Vers.
1733 1933 1823 1988 31.
1859 1934 2232 2003 praeteribunt

661 2013 863 2038 ωΙΛ-Λη
919 2014 970 2038 nl»
1012 2010 1081 2038 ι-Ιη
1129 2012 1222 2038 1ης-
1269 2016 1546 2038 Α-...ιμη-
1584 2018 1653 2038 --.1
1696 2021 1825 2038 ---αι
1994 2023 2003 2033 ι
2118 2023 2148 2038 ν
2197 2029 2206 2038 .

2443 1957 2576 2010 Ἀπὸ
2611 1953 2669 2009 δὲ
2716 1965 2811 2018 τῆς
2843 1966 3011 2020 συκῆς
3050 1990 3117 1998 —
3159 1958 3508 2034 παρέλθωσιν.
3556 1959 3677 2014 ’Έτι
3721 1967 3812 2014 καὶ
3859 1971 3985 2038 περὶ

583 2011 870 2065 Praeterea
917 2014 971 2065 et
1009 2010 1082 2065 de
1127 2012 1223 2067 his
1265 2016 1547 2070 omnibus
1580 2018 1658 2073 ad
1696 2021 1947 2076 verbum
1989 2023 2048 2078 in
2100 2023 2234 2081 dictc

584 2097 772 2127 Ληνιῖιη
805 2098 1092 2127 ηιςιςιὲιῖιη..
1133 2101 1494 2127 ,δὴ-..κυεηιημ
1536 2112 1617 2127 --ι

2763 2010 2811 2018 ..
2961 2010 3011 2020 .,
3165 2010 3170 2012 .
3234 2010 3342 2034 ,νη
3413 2010 3452 2011 η
3492 2010 3507 2014 -
3580 2010 3676 2014 _--
3721 2010 3810 2014 η---
3863 2010 3983 2038 .--τ-

2368 2050 2561 2100 τούτων
2615 2048 2818 2098 πάντων
2871 2051 3004 2100 κατὰ
3063 2049 3211 2122 ῥῆμα
3261 2047 3308 2100 ἐν
3353 2047 3528 2122 ἐκείνῳ
3582 2057 3653 2121 τῷ
3708 2052 3983 2127 κεφαλαίῳ

582 2097 773 2168 capite
805 2098 1092 2154 subtiliter
1131 2101 1501 2174 disputatum
1531 2112 1638 2162 est.

2365 2097 2594 2188 λελεπτο)
2605 2140 2812 2206 cvm-ait.

904 2223 1058 2279 CAP.
1099 2227 1280 2282 XLIII.
1321 2227 1404 2284 De
1439 2229 1525 2284 die
1556 2231 1652 2286 illo
1689 2240 1740 2288 et
1776 2235 1929 2292 hora.

2612 2226 2766 2279 ΚΕΦ.
2799 2224 2922 2282 ΜΓ.
2954 2231 3075 2300 Περὶ
3105 2235 3198 2288 τῆς
3224 2229 3420 2300 ἡμέρας
3439 2233 3529 2280 καὶ
3558 2230 3712 2301 ὧρας.

653 2325 821 2383 Vers.
887 2331 975 2384 32.
1039 2331 1118 2386 De
1177 2362 1248 2376 —
1310 2342 1488 2405 pater.
1547 2338 1773 2398 Dictum
1843 2347 1932 2398 est
1995 2344 2070 2400 de
2129 2346 2234 2404 hoc

2436 2319 2561 2386 Περὶ
2611 2347 2679 2354 -
2732 2319 2926 2390 πατὴρ.
2970 2317 3190 2390 Εἴρηται
3237 2321 3356 2390 περὶ
3409 2320 3596 2370 τούτου
3641 2317 3689 2370 ἐν
3733 2327 3806 2392 τῷ
3855 2341 3977 2375 πεν-

579 2416 1088 2489 quinquagesimo
1119 2426 1330 2480 octavo
1369 2425 1549 2498 capite
1580 2430 1878 2502 Evangelii
1909 2437 2246 2494 secundum

582 2505 920 2564 Matthaeum
935 2552 948 2566 .

655 2594 814 2651 Vers.
858 2601 946 2654 33.
987 2599 1264 2656 Attendite
1307 2634 1374 2644 —
1412 2605 1504 2661 sit.
1551 2604 1779 2666 Ibidem
1820 2612 1998 2669 etiam
2038 2614 2113 2671 de
2150 2616 2244 2672 his

581 2682 801 2738 dictum
843 2691 951 2740 est.

650 2774 818 2827 Vers.
866 2777 952 2831 34.
1000 2776 1155 2833 Sicut
1204 2780 1354 2835 homo
1401 2813 1470 2824 —
1505 2784 1712 2856 vigilet.
1768 2792 1846 2845 De
1897 2791 2129 2850 Christo
2171 2812 2241 2851 ac

577 2861 918 2919 Christianis
947 2870 1258 2937 sumptum
1280 2877 1369 2926 est
1391 2871 1503 2928 hoc
1525 2877 1889 2948 exemplum.
1915 2884 2008 2937 Est
2040 2889 2238 2941 autem

577 2949 930 3045 defectivum
987 2971 1000 3008 :
1055 2956 1258 3012 deﬁcit
1295 2961 1474 3025 enim,
1526 2971 1621 3019 est.
1670 2965 1818 3023 Dicit
1865 2984 2026 3041 ergo,
2073 2975 2236 3045 quod

576 3043 664 3134 est
698 3039 850 3096 sicut
891 3042 1097 3134 homo,
1128 3047 1232 3117 qui
1263 3063 1508 3120 peregre
1538 3055 1660 3124 agit
1693 3072 1705 3107 :
1751 3039 2056 3116 hominem
2092 3039 2236 3134 —qui-

575 3126 716 3182 dem
759 3131 1022 3200 seipsum
1062 3133 1342 3202 innuens,
1377 3142 1896 3210 quemadmodum
1935 3148 1995 3203 in
2037 3115 2236 3207 multis
2282 3115 2322 3174 C

574 3214 802 3274 dictum
854 3224 942 3275 est
993 3223 1320 3293 parabolis.
1369 3227 1906 3300 Peregrinationem
1960 3255 2121 3307 vero,
2171 3241 2231 3297 in

571 3305 750 3362 ccelos
789 3313 1285 3382 assumptionem.
1319 3316 1576 3376 Domum
1617 3326 1818 3378 autem
1853 3342 2048 3396 suam,
2088 3305 2239 3400 prae-

572 3398 802 3452 sentem
834 3398 1149 3457 mundum.
1193 3404 1404 3460 Servos
1434 3423 1674 3480 quoque
1706 3428 1866 3478 suos,
1898 3415 2039 3472 dicit
2069 3398 2238 3474 Chri-

567 3483 814 3543 stianos.
848 3485 1152 3561 Cujusque
1181 3498 1384 3550 autem
1425 3511 1604 3568 opus,
1637 3505 1726 3555 est
1756 3505 2032 3561 custodia
2067 3523 2239 3564 man-

566 3570 867 3641 datorum,
901 3582 956 3631 et
987 3580 1254 3649 operatio
1283 3583 1583 3642 virtutum.
1607 3589 1838 3646 Janitor
1867 3609 2032 3659 vero,
2068 3612 2237 3653 mens

566 3662 1057 3737 uniuscujusque,
1089 3684 1225 3741 quae
1239 3670 1444 3741 januis
1469 3678 1580 3748 (aa)
1605 3679 1819 3736 animae
1847 3691 2085 3753 praeest,
2117 3687 2236 3744 hoc

566 3754 671 3848 est,
700 3753 1023 3848 sensibus,
1065 3772 1169 3830 per
1219 3775 1374 3832 quos
1410 3762 1819 3826 intellectualis
1857 3771 1954 3828 fur
2003 3774 2236 3848 ingredi

567 3838 736 3895 solet.

635 3926 796 3985 Vers.
832 3935 918 3988 35.
963 3935 1198 4006 Vigilate
1226 3969 1295 3981 -—
1324 3940 1489 3997 Vers.
1528 3949 1615 4000 36.
1649 3946 1993 4008 dormientes.
2031 3956 2232 4012 Serum

559 4016 806 4090 quidem
833 4020 1046 4077 dicitur
1068 4029 1210 4080 tetas
1231 4043 1443 4085 senum
1467 4047 1480 4097 ;
1517 4033 1784 4093 medium
1815 4043 2004 4096 noctis
2022 4059 2232 4102 eorum

560 4106 664 4176 qui
709 4105 771 4160 in
820 4110 1013 4164 media
1071 4118 1209 4168 sunt
1246 4121 1417 4172 astate
1466 4123 1808 4195 constituti;
1863 4130 2231 4198 gallicinium

557 4209 720 4295 vero,
759 4210 967 4294 eorum
997 4199 1101 4295 qui
1128 4201 1256 4270 jam
1301 4221 1510 4277 sapere
1542 4208 1876 4284 incipiunt;
1912 4235 2052 4276 cum
2090 4239 2227 4295 pru-

561 4281 762 4370 dentia
797 4284 857 4338 in
902 4287 1150 4344 modum
1199 4291 1339 4360 galli
1389 4281 1703 4364 gallinacei
1751 4281 1972 4364 excitat
2011 4281 2112 4366 eos
2148 4314 2228 4370 ab

555 4369 1023 4466 insensibilitate.
1057 4379 1222 4434 Mane
1249 4388 1470 4455 autem,
1508 4393 1652 4445 aetas
1683 4398 1773 4449 est
1806 4412 2152 4466 puerorum.

2363 2411 2602 2474 τηκοστῷ
2624 2400 2796 2476 ὀγδόῳ
2821 2412 2912 2457 τού
2937 2407 3072 2458 κατὰ
3092 2406 3373 2460 Ματθαῐον.

2431 2597 2641 2651 Βλέπετε
2697 2629 2764 2639 -
2837 2597 2996 2655 ἐστιν.
3041 2599 3127 2655 Ἐν
3206 2599 3380 2672 ἐκείνῳ
3448 2605 3538 2653 καὶ
3594 2621 3713 2677 περι
3769 2606 3969 2657 τούτων

2358 2690 2785 2760 παρεσημειώθη.

2427 2777 2511 2838 Ὠς
2560 2779 2828 2852 ἄνθρωπος
2877 2809 2944 2817 —-
2991 2787 3249 2852 γρηγορῇ.
3307 2784 3432 2852 Περὶ
3474 2787 3564 2832 τοῦ
3597 2788 3835 2856 Χριστοῦ
3877 2789 3969 2837 καὶ

2357 2874 2456 2918 τῶν
2481 2871 2812 2939 Χριστιανῶν
2857 2865 3093 2924 εἰληπται
3140 2872 3285 2920 τουτὶ
3314 2871 3372 2920 τὸ
3402 2866 3768 2942 παράδειγμα.
3802 2869 3964 2926 Ἐστι

2888 2955 3135 3008 Ἐλλείπει
3217 2959 3314 3028 ’γὰρ
3393 2957 3470 3023 τό,
3544 2961 3712 3012 ἔσται.
3793 2966 3870 3018 Φη
3893 2966 3949 3013 σὶ

2355 3040 2461 3111 οὖν,
2516 3045 2594 3096 ὅτι
2647 3047 2713 3106 ὡς
2780 3045 3048 3117 ἅνθρωπος
3119 3042 3408 3118 ἀποδημῶν
3469 3050 3637 3100 ἔσται’
3694 3050 3964 3122 ἅνθρωπο.

2357 2951 2415 3008 δὲ
2480 2955 2812 3008 ἐλλειπτικόν·

2352 3135 2442 3205 μὲν
2495 3132 2675 3184 ἑαυτὸν
2724 3129 3019 3199 ύποδηλῶν,
3076 3135 3146 3195 ὡς
3190 3132 3240 3184 ἐν
3294 3134 3502 3195 πολλαῖς
3559 3137 3760 3210 εἴρηται
3794 3156 3969 3209 παρα-

2352 3221 2540 3282 ϐολαῖς·
2605 3217 2906 3294 ἀποδημίαν
2956 3218 3031 3286 δε,
3086 3227 3180 3280 την
3239 3222 3306 3283 εἰς
3359 3223 3609 3297 οὐρανούς
3674 3223 3952 3294 ἀνάληψιν-

2351 3311 2518 3363 οἰκίαν
2572 3307 2631 3362 δε
2678 3310 2855 3375 αὐτοῦ,
2899 3315 2985 3362 τὸν
3041 3315 3274 3385 παρόντα
3340 3317 3557 3385 κόσμον·
3624 3310 3839 3375 δούλους
3894 3310 3958 3366 δε

2351 3400 2533 3464 αὐτοῦ,
2585 3405 2699 3460 τοὺς
2743 3404 3105 3471 Χριστιανούς
3161 3401 3382 3454 ἑκάστου
3433 3398 3492 3455 δὲ
3539 3406 3596 3454 τό
3651 3406 3820 3477 ξονον,
3861 3408 3958 3461 τὴν

2350 3489 2579 3561 φυλακην
2606 3497 2705 3540 τῶν
2735 3487 2942 3541 ἐντολῶν
2973 3489 3154 3555 αὐτοῦ,
3187 3495 3276 3542 καὶ
3324 3489 3572 3565 ἐργασίαν
3611 3500 3709 3544 τῶν
3738 3491 3957 3566 ἀρετῶν,

2351 3580 2580 3652 θυρωρόν
2611 3575 2688 3645 δὲ,
2733 3582 2818 3632 τὸν
2859 3577 3080 3632 ἑκάστου
3131 3587 3270 3644 νοῦν,
3314 3583 3401 3632 τόν
3424 3578 3809 3633 ἐπιστατοῦντα
3838 3590 3960 3644 ταῖς

2351 3669 2528 3741 θυρίσι
2572 3676 2667 3730 τῆς
2695 3668 2896 3740 ψυχῆς,
2925 3672 3107 3739 ἤγουν,
3139 3676 3247 3730 τοῖς
3279 3669 3668 3746 αἰσθητηρίοις,
3718 3667 3790 3722 δι’
3821 3671 3891 3722 ὧν
3932 3673 3960 3723 ὁ

2347 3761 2530 3819 νοητὸς
2558 3761 2774 3819 κλέπτης
2803 3754 3064 3828 εἰσπηὸᾀν
3096 3759 3286 3814 εἴωθεν.

2417 3962 2722 4031 Γρηγορεῖτε
2797 3986 2868 3996 -
2929 3953 3299 4018 καθεύδοντας.
3384 3954 3511 4028 Ὀψὲ
3753 3965 3951 4013 νοεῖται

2343 4048 2372 4105 ἡ
2440 4054 2538 4098 τῶν
2585 4050 2835 4118 γερόντων
2887 4044 3083 4104 ἠλικία⁶
3141 4049 3474 4117 μεσονύκτιον
3525 4042 3605 4115 δὲ,
3639 4048 3669 4105 ἡ
3713 4056 3811 4100 τῶν
3850 4054 3954 4122 μέ-

2344 4153 2466 4188 σων·
2529 4133 2938 4207 ἀλεκτοροφωνία
3017 4130 3094 4200 δὲ,
3175 4135 3204 4192 ἡ
3280 4142 3380 4186 τῶν
3452 4131 3748 4208 ἀρξαμένων
3836 4133 3946 4194 ἤδη

2342 4231 2556 4297 φρονεῖν,
2619 4226 2700 4276 ὅτε
2765 4225 2794 4281 η
2856 4227 3120 4297 φρόνησις,
3178 4225 3350 4297 ὥσπερ
3425 4221 3675 4300 ἀλέκτωρ,
3763 4224 3951 4300 ἐγείρει

2340 4313 2524 4374 αὐτοὺς
2585 4311 2686 4365 ἀπὸ
2760 4320 2850 4373 τῆς
2926 4311 3291 4374 ἀναισθησίας·
3359 4315 3498 4387 πρωί
3579 4310 3659 4381 δὲ,
3744 4317 3775 4373 ἡ
3844 4325 3947 4368 τῶν

2338 4399 2566 4461 παίδων,

625 4457 829 4526 Quaere
867 4469 1069 4522 autem
1118 4469 1405 4539 prmdicto
1455 4457 1964 4552 quinquagesimo
2005 4497 2222 4549 octavo

2406 4500 2644 4552 Ζήτησον
2711 4489 2770 4545 δὲ
2823 4490 2870 4544 ἐν
2922 4500 2994 4563 τῷ
3053 4489 3338 4551 δηλωθέντι
3388 4500 3720 4563 πεντηκοστῷ
3766 4491 3940 4565 ὀγδόῳ

551 4547 727 4618 juxta
749 4552 1084 4611 Matthmum
1116 4559 1307 4630 capite
1348 4547 1810 4626 deciaratione'm
1844 4575 1999 4632 illius
2033 4580 2171 4637 dicti
2196 4547 2220 4637 ﬁ:

553 4637 767 4744 Ide:
802 4658 889 4744 υοξ
921 4651 1076 4744 estote
1113 4650 1323 4716 parati,
1357 4654 1488 4722 quia
1529 4673 1636 4726 qua
1674 4660 1808 4717 hora
1847 4681 1953 4721 non
1987 4672 2215 4744 putatis,

553 4745 616 4782 ea
647 4728 828 4785 Filius
855 4731 1085 4789 hominis
1118 4744 1377 4795 venturus
1406 4751 1479 4799 est
1511 4745 1580 4800 ⁷³.

625 4816 790 4874 Vers.
818 4825 904 4876 37.
937 4824 1071 4890 Quw
1121 4835 1294 4883 autem
1338 4859 1404 4872 —-
1447 4833 1584 4889 dico.
1635 4837 1916 4898 Omnibus
1947 4844 2223 4908 Christia-

553 4906 666 4971 nis,
709 4908 814 4979 qui
847 4909 1028 4968 futuri
1066 4921 1204 4971 sunt
1244 4933 1432 4992 usque
1473 4923 1544 4977 ad
1581 4928 1794 4985 mundi
1833 4906 2226 5001 consumma-

554 4996 778 5053 tionem
791 5039 804 5052 .

621 5112 670 5148 ⁷³
695 5111 901 5170 Matth.
936 5133 1095 5185 xx1v,
1125 5121 1221 5179 44.

2334 4582 2590 4656 κεφαλαίῳ
2629 4589 2720 4634 τού
2769 4585 2903 4634 κατὰ
2946 4584 3209 4638 Ματθαῖον
3253 4587 3346 4640 την
3386 4581 3632 4654 ἐξήγησιν
3677 4587 3789 4633 τοῦ.
3833 4584 3935 4632 Διὰ

2334 4682 2484 4726 τοῦτο
2509 4677 2594 4724 καὶ
2628 4674 2772 4745 ὑμεῖς
2797 4673 3002 4743 ⁶γίνεσθε
3032 4672 3229 4744 ἕτοιμοι
3269 4674 3348 4724 ὅτι
3439 4674 3547 4748 ὥρᾳ
3566 4670 3621 4723 ού
3649 4665 3867 4736 δοκεῖτε,
3901 4671 3928 4722 ὁ

2334 4767 2454 4824 Υἱὸς
2473 4770 2565 4816 τού
2591 4760 2861 4836 ἀνθρώπου
2894 4764 3127 4837 ἔρχεται.

2403 4852 2465 4906 ΑΑ
2509 4850 2567 4906 6":
2606 4885 2673 4894 --
2728 4851 2878 4923 λέγω.
2935 4857 3074 4904 Πᾶσι
3124 4859 3228 4912 τοῖς
3272 4853 3406 4924 ἄχρι
3454 4859 3549 4914 τῆς
3601 4854 3938 4923 παγκοσμίου

2335 4944 2626 5006 συντελείας
2655 4951 2911 5017 Χριστιαν
2923 4948 3019 5003 οἱς.

1774 5235 1995 5308 Variae
2041 5243 2362 5319 lectiones
2389 5260 2454 5318 et
2475 5261 2675 5319 notae.

619 5323 738 5397 (‘75)
766 5330 1021 5403 Intellige
1050 5335 1218 5402 ἔσται,
1253 5352 1325 5394 ex
1353 5338 1580 5399 tam-az.
1613 5346 1697 5404 Ita
1727 5352 1884 5409 enim
1923 5359 2114 5431 accipi
2145 5363 2353 5424 voluit.

619 5440 1114 5537 ‘(aaLiaauistln
1162 5453 1363 5537 Grfeco
1411 5462 1726 5537 εει-θυρίσι
1768 5483 1874 5523 seu
1916 5470 2206 5533 fenestris.

545 5510 1077 5614 ξέἓοίὲἓὲξῗςέαέπξθο
1113 5523 1294 5614 P8910
1335 5510 1735 5614 διεξέίιέεῗίιέτ
1763 5510 2210 5614 ἓῖιὲωὲἱέῗδὲὸῖὶ

2316 5481 2513 5562 inveni
2564 5482 3066 5562 @pigﬂphﬂﬁpa.
3098 5479 3376 5562 Aliquam
3400 5495 3560 5562 ergo
3579 5478 3793 5562 saltem
3833 5478 3938 5536 hic

2318 5553 2606 5624 spectavit
2626 5551 3096 5624 similitudinem,
3129 5556 3196 5608 ut
3213 5551 3372 5608 ‘solet
3393 5551 3520 5624 ﬁeri
3547 5551 3609 5607 in
3638 5553 3942 5624 interpre-

539 5583 641 5655 jici
694 5584 886 5666 possit
935 5583 1136 5664 θύραιςζ
1191 5594 1324 5653 loco
1390 5583 2210 5700 eifzéii"§éd"£iiﬁi”e£ﬁ$

545 5654 622 5700 de
660 5655 934 5700 sanmhnq
983 5663 1142 5700 πηιιᾶ
1178 5665 1408 5700 Dan-mm
1459 5689 1704 5700 -.υ-.-.μμ
1763 5696 1853 5700 _-,
1906 5684 1916 5695 ο

2353 5583 2605 5624 μυυιανιι
2626 5583 3096 5620 υιωιιιιυυιιισω,
3133 5583 3196 5608 υι
3225 5583 3372 5608 θυιῠυ
3394 5583 3520 5608 εισι]
3548 5583 3609 5607 ιιι

2347 5624 2639 5682 ationibus
2663 5623 3019 5698 allegoricis,
3053 5624 3114 5682 id
3143 5629 3232 5682 est
3259 5622 3618 5700 puerilibus.

467 5721 474 5729 _
545 5654 622 5714 de
660 5654 957 5732 sensibus,
981 5654 1148 5737 apud
1176 5665 1413 5729 Patrem
1436 5654 1975 5746 Grec'unij‘iie'ék‘i‘é‘
