4170 6364
193 329 298 387 841
1233 312 1592 372 (ΗΜΜΕΝΤ.
1636 312 1707 367 ΙΝ
1750 309 1840 364 MA

1917 308 2075 366 ZUM.
2113 341 2183 352 —
2224 310 2384 369 CAP.
2422 304 2570 365 XIV.
3458 305 3564 363 842

276 456 531 511 Ἐντεῦθεν
584 452 875 522 κινούμενοί
925 466 1054 508 τινες
1100 448 1316 517 ἔφησαν,
1374 444 1454 494 ὅτι
1522 443 1574 493 αἱ
1639 432 1797 511 προρ-
1833 434 1884 491 Α

1982 436 2125 492 Hinc
2162 436 2305 492 moti
2343 435 2586 507 quidam
2614 434 2836 501 dicunt,
2891 432 3206 507 praedictas
3243 434 3447 505 aetates

198 549 446 621 ῥηθεῖσαι
480 544 680 602 ἡλικίαι
723 546 827 599 τοῖς
872 539 1259 612 εὑρισκομένοις
1306 537 1420 585 τότε
1472 535 1801 605 Χριστιανοῖς

1915 526 2100 596 aptari
2132 525 2497 593 Christianis,
2553 523 2657 597 qui
2686 529 2828 581 tunc
2854 525 3221 597 reperientur
3254 523 3404 584 :sub
3446 520 3562 579 illis

200 636 562 711 ἁρμόζουσινσ
619 629 695 683 ἐπ’
744 628 944 681 ἐκείνων
1007 627 1108 699 ’γὰρ
1163 625 1191 681 ἡ
1260 620 1479 694 δευτέρα
1534 621 1802 694 παρουσία

1260 620 1479 694 δευτέρα
1534 621 1802 694 παρουσία
1908 613 2068 671 enim
2105 614 2208 671 ﬁet
2238 614 2533 670 secundus
2575 615 2886 671 adventus.

243 746 324 779 ενη
336 743 479 777 σεται
492 765 503 778 .

200 746 503 799 γενησεται.

278 819 603 888 Γρηγορεῖτε.
696 809 1048 879 Ἐπεφὼνησεν
1143 805 1217 855 ἔτι
1318 808 1471 853 τοῦτο
1573 796 1803 871 διαμαρ-

1983 810 2149 865 Vers.
2182 812 2269 867 37.
2304 810 2564 881 Vigilate.
2590 814 2708 867 Hoc
2737 826 2975 867 rursum
3000 810 3246 880 addidit,
3273 813 3564 883 tanquam

199 908 503 977 τυρὸμενος.

1910 898 1974 955 id
2001 899 2159 971 quod
2178 899 2448 956 futurum
2485 906 2611 956 erat
2634 904 3015 972 protestatus.

276 989 374 1042 Ἦν
404 1020 471 1029 ——
502 985 598 1041 δύο
633 989 848 1059 ἡμέρας.
880 985 1080 1054 Πάσχα
1108 986 1195 1033 καὶ
1247 979 1303 1034 Ἀ
1318 981 1461 1051 ζυμα
1498 982 1556 1031 τὸ
1606 978 1807 1048 Πάσχα

1986 1005 2138 1060 CAP.
2170 1006 2309 1060 XIV.
2344 1007 2505 1062 Vers.
2545 1011 2591 1061 1.
2626 1007 2775 1061 Erat
2812 1035 2880 1047 —
2914 1007 3168 1062 biduum.
3226 1005 3456 1061 Pascha
3510 1008 3567 1060 et

200 1078 341 1151 λέγει
370 1086 458 1130 νῦν
488 1079 513 1129 ὁ
543 1075 919 1146 εὐαγγελιστής
940 1090 951 1101 ⁸
984 1069 1123 1124 διότι
1166 1073 1300 1121 κατὰ
1342 1073 1398 1120 τὸ
1450 1070 1649 1139 Πάσχα
1697 1072 1805 1127 τοῖς

1921 1094 2139 1166 Azyma
2172 1099 2342 1151 vocat
2386 1110 2547 1151 nunc
2591 1095 2963 1165 Evangelista
2990 1094 3189 1167 ipsum
3222 1094 3467 1150 Paschse
3489 1093 3568 1149 fe-

201 1176 299 1221 τοῦ
330 1167 490 1240 ἀμνοῦ
531 1170 715 1240 κρέασι
766 1168 854 1215 καὶ
904 1162 1084 1233 ἄζυμα
1134 1160 1495 1223 συνησθίοντο,
1532 1160 1595 1217 ὡς
1642 1160 1691 1208 ἐν
1734 1163 1805 1225 τῷ

1923 1187 2069 1239 stum
2094 1184 2269 1257 :quia
2298 1184 2357 1239 in
2387 1185 2518 1256 ipso
2544 1200 2752 1241 carnes
2788 1184 2930 1255 agni
2969 1188 3026 1240 et
3056 1199 3267 1256 azyma
3296 1183 3570 1239 comede-

205 1258 475 1327 ἑξηκοστῷ
518 1260 673 1327 τρίτῳ
716 1252 974 1324 κεφαλαίῳ
1016 1257 1108 1302 τοῦ
1153 1252 1286 1300 κατὰ
1332 1250 1597 1301 Ματθαῖον
1640 1265 1806 1317 παρα-

1922 1271 2079 1339 bant,
2113 1250 2286 1330 sicuti
2317 1250 2679 1344 sexagesimo
2710 1250 2880 1329 tertio
2916 1250 3457 1346 capite'Evangelii
3484 1287 3569 1327 se-

207 1350 589 1418 σεσημείωται.

1533 1424 1574 1433 ,_
1784 1430 1803 1433 _
1914 1361 2175 1418 cundum
2199 1363 2537 1419 Matthmum
2562 1362 2967 1432 signiﬁcatum
2995 1366 3102 1418 est.

278 1440 518 1492 Ζητησον
564 1428 621 1484 δὲ
670 1435 758 1482 καὶ
809 1433 927 1502 περὶ
966 1430 1031 1479 τὰ
1078 1427 1344 1479 τελευταῖα
1390 1433 1477 1478 τοῦ
1522 1424 1805 1486 ἑξηκοστοῦ

1987 1452 2193 1516 Quaere
2247 1458 2446 1507 autem
2513 1468 2698 1523 prope
2748 1452 2927 1507 ﬁnem
2965 1451 3143 1507 etiam
3220 1447 3568 1519 sexagesimi

201 1529 415 1598 πρώτου
482 1520 758 1593 κεφαλαίου
824 1536 920 1570 το·
987 1523 1085 1570 Καὶ
1162 1515 1374 1587 ἐγένετο,
1447 1516 1526 1567 ὅτε
1584 1515 1803 1565 ἐτέλεσεν

218 1615 223 1616 ,
333 1613 340 1616 .
683 1612 691 1616 .
970 1611 978 1616 .
1100 1606 1149 1616 ι.
1446 1609 1453 1616 ι
1724 1598 1745 1616 τ

1920 1515 2089 1610 primi
2120 1539 2324 1609 capitis
2372 1515 2597 1595 dictum
2628 1515 2839 1597 illud:
2882 1539 2954 1594 Et
3004 1540 3228 1609 factum
3283 1515 3397 1604 est:
3419 1540 3567 1608 post-

204 1615 230 1664 ὀ
332 1613 538 1671 Ἰησους
619 1612 817 1669 πάντας
898 1611 1018 1668 τοὺς
1100 1606 1285 1676 λόγους
1372 1609 1605 1668 τούτους,
1697 1606 1805 1655 εἷπε

1921 1643 2085 1700 quam
2140 1630 2363 1698 ﬁnisset
2414 1628 2576 1685 Jesus
2632 1643 2826 1684 omnes
2854 1629 2956 1683 hos
2985 1606 3282 1693 sermones,
3312 1606 3463 1683 dixit
3482 1626 3568 1680 di-

203 1709 313 1764 τοῖς
373 1703 637 1774 μαθηταῖς
695 1698 888 1750 αὐτοῦ·
953 1692 1168 1763 Οἴδατε,
1220 1698 1299 1746 ὅτι
1353 1697 1482 1766 μετα
1528 1689 1625 1745 δύο
1682 1694 1804 1764 ἠμέ-

1916 1689 2152 1788 sciputis
2178 1720 2330 1775 suis:
2361 1719 2534 1775 Scitis
2560 1719 2716 1790 quod
2732 1726 2859 1789 post
2882 1718 3121 1773 biduum
3153 1689 3376 1774 Pascha
3399 1716 3476 1773 sit
3493 1717 3563 1768 ⁷³.

207 1812 303 1865 ρας
330 1795 387 1843 τὸ
417 1791 617 1861 Πάσχα
644 1792 860 1859 γίνεται.
1834 1791 1876 1846 Β

285 1885 384 1933 Καὶ
458 1877 664 1939 ἐζήτουν
724 1907 792 1917 --
852 1876 997 1926 λαοῦ.
1079 1873 1212 1926 Ἐκεῖ
1282 1877 1371 1924 καὶ
1436 1876 1553 1944 περὶ
1615 1873 1805 1923 τούτων

1985 1897 2126 1951 Vers
2162 1901 2209 1951 1.
2241 1898 2306 1953 Et
2347 1896 2680 1968 quwrebant
2739 1926 2809 1938 -
2871 1895 3029 1952 Vers.
3088 1898 3145 1951 2.
3202 1893 3427 1966 populi.
3479 1892 3563 1949 Ibi

209 1969 328 2043 εὐρή
340 1988 466 2031 σεις.

1914 2000 2153 2058 quoque
2182 1985 2255 2041 de
2285 1986 2379 2041 his
2419 1984 2707 2041 invenies.

210 2100 364 2150 ΚΕΦ.
453 2099 563 2149 ΜΔ.
656 2097 781 2165 Περὶ
851 2098 943 2152 τῆς
1045 2087 1334 2159 ἁλειψάσης
1432 2091 1520 2139 τὸν
1619 2088 1806 2159 Κύριον

1743 2105 1806 2138 ιον
2093 2091 2244 2149 CAP.
2276 2092 2453 2149 XLIV.
2482 2094 2566 2148 De
2594 2108 2659 2148 ea
2683 2108 2806 2162 quae
2835 2092 3013 2149 unxit
3050 2092 3390 2148 Dominum.

928 2182 1094 2254 μύρῳ-

2590 2190 2881 2251 unguento.

286 2276 384 2325 Kal
428 2276 565 2331 ὄντος
626 2302 693 2309 -
742 2269 981 2342 κεφαλῆς.
1056 2270 1277 2341 Εἴρηται
1337 2269 1454 2334 περὶ
1518 2267 1711 2326 ταύτης
1757 2263 1804 2315 ἐν

1987 2271 2145 2326 Vers.
2178 2275 2230 2326 3.
2264 2272 2493 2327 Etcum
2547 2279 2777 2327 esset—
2822 2276 3020 2341 caput.
3076 2273 3156 2326 De
3206 2270 3321 2326 hac
3341 2268 3566 2325 dictum

204 2370 279 2434 τῷ
321 2361 585 2431 ἑξηκοστῷ
620 2355 843 2431 δευτέρῳ
878 2356 1134 2429 κεφαλαίῳ
1183 2364 1274 2407 τοῦ
1322 2356 1458 2406 κατὰ
1513 2355 1802 2407 Ματθαῖον.

1919 2364 2004 2415 est
2029 2360 2408 2431 sexagesimo
2428 2360 2691 2417 secundo
2709 2361 2899 2433 capite
2917 2358 3214 2431 Evangelii
3236 2357 3566 2415 secundum

276 2451 446 2504 Ἦσαν
491 2481 557 2490 -
612 2448 765 2519 αὐτῇ.
820 2447 1044 2519 Ὁμοίως
1110 2449 1201 2497 καὶ
1256 2448 1374 2518 περὶ
1430 2445 1621 2496 τούτων
1670 2444 1804 2495 πάν·
1912 2449 2268 2506 Μαιιῂωυω,

200 2561 320 2594 των.
390 2539 590 2591 Ἐπανω
649 2534 708 2590 δὲ
759 2539 1073 2610 τριακοσίων
1148 2531 1429 2608 δηναρίων,
1503 2530 1616 2584 ἀντὶ
1690 2539 1801 2603 τοῦ,

1984 2537 2144 2593 Vers.
2177 2538 2229 2592 4.
2253 2538 2444 2595 Erant
2475 2568 2543 2581 —
2563 2538 2727 2594 Vers.
2761 2542 2811 2592 5.
2839 2538 3122 2595 adversus
3177 2536 3364 2595 illam.
3397 2534 3570 2594 Simi-

202 2632 494 2683 Ἐπέκεινα.

1912 2626 2043 2683 liter
2067 2626 2219 2684 etde
2243 2626 2357 2683 his.

273 2717 332 2771 Ὀ
382 2713 441 2769 δὲ
493 2716 700 2777 Ἰησοῦς
755 2745 823 2756 -—
871 2713 1052 2774 αὐτῆς.
1111 2710 1228 2765 Ἐτι
1286 2715 1376 2763 καὶ
1444 2714 1562 2786 περὶ
1611 2713 1802 2763 τούτων

200 2808 497 2880 λεπτομερῶ
508 2825 546 2865 ς.

1986 2823 2151 2879 Vers.
2182 2826 2233 2878 6.
2263 2822 2420 2879 Jesus
2451 2825 2659 2879 autem.
2700 2822 2869 2879 Vers.
2925 2823 2979 2877 9.
3024 2821 3219 2893 ipsius.
3281 2822 3569 2878 Praeterea

280 2898 385 2950 Καὶ
436 2890 636 2954 Ἰούδας
683 2924 751 2933 -
802 2887 1043 2965 παραδῷ.
1106 2896 1204 2944 Καὶ
1269 2895 1387 2964 περὶ
1458 2892 1650 2942 τούτων
1704 2889 1805 2942 ἐκεῖ
1913 2929 1927 2966 ε

1386 2934 1387 2937 η
1458 2892 1650 2942 τούτων
1704 2889 1805 2942 ἐκεῖ
1913 2916 1967 2967 et
1998 2912 2073 2966 de
2110 2911 2203 2966 his
2230 2911 2526 2967 subtiliter
2565 2916 2880 2967 tractatum
2929 2915 3033 2966 est.

213 2988 467 3047 ζήτησον.
504 2982 806 3055 Ἐχοὲρησαν
852 2977 909 3032 δὲ
939 2979 997 3032 οὐ
1028 2983 1201 3051 μόνον,
1251 2980 1331 3029 ὃτι
1368 2983 1533 3050 χωρὶς
1583 2977 1802 3050 θορύϐου
1840 3027 1860 3084 ί

215 3076 234 3084 ι.
299 3072 343 3084 «ἡ
489 3071 499 3080 ι
549 3074 555 3084 ι
694 3070 738 3084 λθ
794 3069 820 3084 Δ
849 3077 867 3084 .-
952 3071 962 3084 ξ
1024 3074 1032 3083 ι
1149 3077 1165 3083 ε-
1214 3068 1251 3084 ν.»
1298 3070 1307 3082 σ
1334 3064 1354 3084 (ἱ
1599 3065 1619 3084 Ἆ
1661 3065 1678 3084 ᾖ
1698 3075 1703 3081 ν

1983 3000 2143 3055 Vers.
2181 3004 2263 3056 1ο.
2295 3001 2371 3055 Et
2395 3001 2576 3056 Judas
2606 3030 2675 3041 —
2722 3002 2881 3055 Vers.
2945 3001 3024 3054 11.
3064 3001 3347 3057 traderet.
3379 3000 3568 3055 Etiam

208 3072 413 3145 ἔμελλον
439 3071 591 3122 αὑτὸν
626 3069 913 3138 συλλαϐεῖν,
943 3071 1039 3121 ὑπὸ
1079 3077 1167 3120 τοῦ
1214 3064 1392 3120 Ἰούδα
1439 3065 1801 3140 παραδιδομε-
1841 3064 1855 3083 “

1921 3089 1986 3145 de
2015 3090 2106 3145 his
2137 3090 2239 3146 tibi
2262 3105 2482 3161 quaere.
2502 3089 2697 3145 Gavisi
2750 3093 2889 3145 sunt
2917 3094 3139 3157 autem,
3196 3105 3317 3145 non
3371 3090 3568 3145 solum

196 3183 283 3215 νον
339 3162 613 3234 εὐκαίρως,
670 3159 775 3212 ἀλλ’
824 3162 904 3212 ὅτι
958 3165 1047 3212 καὶ
1105 3161 1204 3211 ὑπὸ
1264 3167 1361 3210 τῶν
1416 3160 1661 3230 μαθητῶν
1712 3162 1803 3234 ἧρ-

1922 3180 2054 3251 ἶυὶε
2073 3182 2274 3251 ipsum
2300 3180 2426 3234 sine
2460 3178 2714 3234 tumultu
2738 3178 3224 3249 comprehensuri
3254 3185 3442 3243 erant,
3470 3192 3569 3248 0p-

195 3253 324 3317 ξατο
366 3252 662 3324 μισεῖσθαι.

1920 3273 2157 3341 portune
2196 3285 2232 3324 a
2272 3267 2424 3323 Juda
2468 3267 2771 3331 traditum,
2831 3283 3042 3322 verum
3091 3268 3272 3323 etiam
3337 3266 3503 3338 quod
3534 3282 3567 3320 a

588 3381 733 3430 ΚΕΦ.
766 3376 894 3428 ME‘.
926 3379 1050 3448 Περὶ
1074 3380 1166 3426 τοῦ
1199 3375 1414 3445 Πάσχα.
1911 3357 2030 3412 suis
2055 3356 2235 3428 discip

1911 3357 2030 3412 suis
2055 3356 2363 3428 discipulis
2393 3356 2534 3411 odio
2560 3356 2767 3411 haberi
2804 3356 3098 3426 inciperet.

274 3488 374 3537 Kal
423 3490 482 3555 τῇ
544 3487 722 3557 πρώτῃ
779 3514 844 3522 -
889 3483 1183 3553 ἡτοίμασαν
1254 3484 1310 3532 τὸ
1382 3480 1599 3551 Πάσχα.
1665 3479 1800 3531 Ἀπὸ

1451 3480 1599 3551 ἱσχα.
1665 3479 1800 3531 Ἀπὸ
2391 3464 2540 3519 CAP.
2574 3463 2728 3517 XLV.
2766 3462 2843 3516 De
2872 3462 3098 3516 Pascha.

196 3580 292 3627 τοῦ
333 3572 611 3634 ἑξηκοστοῦ
658 3577 837 3645 τρίτου
887 3571 1158 3643 κεφαλαίου
1208 3576 1298 3621 τοῦ
1345 3571 1481 3620 κατὰ
1533 3570 1799 3621 Ματθαῖον

1983 3554 2147 3608 Vers.
2184 3555 2267 3607 12.
2295 3552 2371 3607 Et
2404 3554 2583 3622 primo
2614 3582 2681 3590 ——
2710 3550 2870 3606 Vers.
2915 3552 2997 3604 16.
3050 3557 3388 3621 paraverunt
3436 3550 3567 3604 Pas-

198 3669 367 3714 ταῡτα
417 3659 478 3732 [⁸
524 3638 966 3732 διαγινώσκεται]
1014 3659 1126 3731 (76)
1178 3654 1383 3732 ῥᾴδιον,
1432 3656 1655 3732 ἀκριϐῶς
1703 3656 1805 3709 ἐκεῖ

1919 3641 2039 3698 cita.
2079 3643 2126 3695 A
2152 3641 2525 3710 sexagesimo
2568 3638 2738 3695 tertio
2791 3639 2983 3711 capite
3014 3638 3315 3709 Evangelii
3360 3653 3566 3694 secun-

206 3708 367 3714 vv'vvvv
418 3708 439 3732 ι-
529 3708 966 3732 ’ν’-’⁷⁷⁷⁷⁷’“⁷”-’“.Ι
1017 3708 1123 3731 Χ””Ι
1178 3708 1383 3732 Γϊ⁷“”1
1438 3708 1507 3733 ⁷7⁷⁷1
1641 3708 1654 3719 ⁸
1768 3708 1773 3709 ⁷

200 3747 580 3822 διαληφθέντα.

1918 3730 2055 3785 dum
2088 3708 2430 3787 Matthaium
2462 3729 2591 3784 haec
2640 3728 2807 3784 facile
2836 3708 3266 3799 intelliguntur,
3306 3744 3446 3784 cum
3488 3728 3565 3784 ibi

1917 3821 2033 3876 sint
2058 3825 2260 3876 exacte
2282 3818 2606 3890 disputata.
3382 3856 3388 3863 -

348 3898 495 3950 ΚΕΦ.
532 3891 650 3953 Μ’ς.
685 3896 810 3967 Περὶ
839 3899 931 3953 τῆς
969 3886 1313 3965 παραδόσεως
1354 3894 1659 3964 προφητεία.

2154 3927 2306 3983 CAP.
2333 3886 2516 3981 XLVI.
2566 3926 2650 3981 De
2674 3924 3013 3993 proditione
3033 3924 3368 3993 prophetia.

272 4002 378 4056 Kal
474 3998 629 4070 ὄψιας
705 4002 979 4071 γενομένης
1060 4029 1125 4039 -
1218 4000 1482 4073 ἄνθρωπος
1580 3998 1792 4060 ἐκεῖνος.

1983 4018 2144 4073 Vers.
2171 4017 2253 4071 17.
2283 4016 2356 4070 Et
2381 4016 2544 4085 facta
2569 4030 2807 4083 vespera
2827 4045 2891 4055 ——-
2916 4015 3079 4070 Vers.
3110 4018 3203 4071 2t:
3258 4015 3425 4071 homo
3446 4013 3560 4069 itte.

193 4089 339 4141 Ἐκεῖ
366 4093 456 4140 καὶ
484 4096 647 4140 ταῦτα
680 4087 1131 4160 ἐσαφηνίσθησαν.

1910 4107 2133 4163 ibidem
2158 4106 2286 4161 haec
2319 4104 2500 4160 etiam
2519 4103 2845 4175 explanata
2871 4108 3027 4159 sunt.

271 4180 377 4233 Kal
429 4176 701 4230 ἐσθιόντων
749 4211 806 4217 —-—
866 4185 955 4229 τοῦ
1010 4185 1169 4235 Θεοῦ.
1234 4182 1359 4252 Περὶ
1418 4181 1611 4230 τούτων
1656 4176 1800 4250 εἰρή-

1981 4197 2145 4253 Vers.
2215 4194 2302 4248 ‘22.
2370 4194 2443 4248 Et
2481 4191 2766 4249 edentibus
2832 4224 2899 4232 —
2957 4192 3242 4248 Vers.25.
3306 4192 3414 4248 Dei
3487 4195 3566 4247 De

189 4287 357 4339 καμεν
407 4266 454 4318 ἐν
502 4276 575 4338 τῷ
624 4266 887 4337 ἑξηκοστῷ
939 4269 1166 4340 τετάρτῳ
1218 4266 1475 4339 κεφαλαίῳ
1534 4274 1623 4319 τοῦ
1669 4268 1800 4318 κατὰ

1919 4286 2000 4342 his
2030 4285 2287 4339 diximus
2335 4281 2704 4353 sexagesimo
2754 4286 2965 4353 quarto
3016 4282 3187 4353 juxta
3225 4281 3566 4338 Mattheeum

188 4353 489 4412 Ματθαῖον.
1832 4377 1835 4430 ς

478 4399 489 4447 ὲ
1266 4445 1275 4447 Α
1832 4376 1879 4431 D
1908 4374 2125 4447 capite.

267 4446 378 4499 Kal
463 4446 780 4518 ὑμνήσαντες
854 4476 923 4486 —
992 4446 1179 4508 πάντες
1241 4445 1429 4516 ἔλεγον.
1504 4450 1604 4498 Καὶ
1680 4449 1798 4520 περὶ

1980 4445 2142 4518 Vers.
2199 4464 2288 4516 26.
2338 4462 2405 4515 Et
2442 4460 2595 4516 dicto
2658 4462 2873 4531 hymno
2928 4490 2994 4500 -
3030 4460 3183 4514 Vers.
3217 4460 3306 4514 3t.
3374 4474 3566 4527 omnes

186 4537 386 4589 τούτων
418 4534 468 4586 ἐν
508 4534 648 4604 αὐτῷ
679 4536 814 4587 κατὰ
831 4533 982 4605 λόγον
1010 4533 1229 4609 ἐρρήθη,

1916 4550 2197 4608 dicebant.
2251 4548 2440 4605 Etiam
2470 4550 2540 4604 de
2575 4548 2667 4605 his
2698 4549 2761 4604 in
2792 4564 2861 4605 eo
2901 4547 3092 4619 capite
3148 4562 3254 4619 per
3289 4546 3563 4603 ordinem

265 4627 370 4681 Kal
418 4627 665 4700 ἔρχονται
716 4655 783 4666 —
830 4622 984 4678 Ἀλλὰ
1030 4628 1083 4677 τί
1134 4623 1491 4697 σύ;’ομοίως
1546 4627 1636 4677 καὶ
1678 4628 1798 4697 περὶ
1908 4667 1912 4690 ,

634 4644 665 4676 ει
716 4655 783 4666 .-
830 4622 984 4678 Ἀλλά
1030 4628 1083 4677 τί
1134 4623 1491 4697 σύ;’ομοίως
1546 4627 1636 4677 καὶ
1678 4628 1798 4697 περὶ
1908 4641 2135 4697 dictum
2174 4642 2281 4695 est.

191 4717 420 4771 τούτων·
1976 4729 2139 4786 Vers.
2162 4729 2251 4783 32.
2294 4728 2370 4783 Et
2414 4727 2651 4782 veniunt
2718 4726 2972 4781 —Vcrs.
3022 4727 3109 4779 36.
3138 4724 3256 4780 Sed
3306 4722 3453 4794 quod
3482 4727 3564 4779 tu.

252 4820 257 4825 ’
1907 4818 2189 4886 Similiter
2219 4821 2275 4873 et
2303 4817 2378 4873 de
2416 4816 2533 4871 his.

268 4900 374 4957 Kal
414 4902 625 4976 ἔρχεται
674 4934 736 4942 --
786 4905 989 4973 ἤγγικε.
1046 4901 1147 4956 Καὶ
1190 4907 1308 4977 περὶ
1361 4904 1547 4955 τούτων
1598 4903 1798 4955 πάντων

1978 4909 2139 4964 Vers.
2171 4911 2256 4964 37.
2294 4907 2367 4961 Et
2422 4906 2581 4961 venit
2626 4935 2693 4945 —
2726 4905 2889 4960 Vers.
2951 4903 3042 4959 42.
3091 4902 3556 4973 appropinquat.

195 4992 357 5046 ἐκεῖνο
383 4995 443 5044 τὸ
468 4990 736 5063 κεφάλαιον
769 4988 1033 5054 ἐδίδαξεν.

1908 5001 2194 5054 Prmterea
2232 5001 2289 5051 et
2317 4995 2391 5049 de
2414 4994 2505 5049 his
2532 4999 2709 5065 caput
2740 4993 2885 5048 illud
2913 4992 3135 5047 docuit.

268 5082 376 5135 Kal
433 5080 618 5140 εὐθέως
680 5111 748 5120 -
808 5090 905 5132 τῶν
959 5080 1345 5154 πρεσϐυτέρων.
1413 5082 1631 5155 Εἴρηται
1683 5085 1800 5153 περὶ

1980 5086 2145 5141 Vers.
2180 5084 2269 5141 43.
2307 5084 2381 5139 Et
2402 5084 2597 5139 statim
2633 5114 2700 5124 —
2730 5082 3065 5139 senioribus.
3111 5081 3344 5137 Dictum
3376 5085 3463 5138 est
3491 5082 3566 5138 de

189 5174 387 5225 τούτων
436 5168 483 5222 ἕν
532 5178 603 5221 τῶ
646 5170 905 5241 ἑξηκοστῷ
954 5176 1171 5244 πέμπτῳ
1218 5170 1477 5243 κεφαλαίῳ
1517 5177 1609 5222 τοῦ
1666 5173 1802 5222 κατά

1918 5176 2002 5233 bis
2033 5174 2403 5243 sexagesimo
2424 5172 2628 5245 quinto
2653 5172 2846 5245 capite
2905 5170 3205 5241 Evangelii
3236 5171 3565 5228 secundum

189 5262 486 5321 Ματθαῖον.

1911 5264 2266 5323 Matthaaum.

260 5386 311 5424 ⁷⁸
341 5384 540 5444 Matth.
566 5399 725 5453 xxvx,
766 5388 813 5451 1,
846 5389 913 5442 2.

1407 5515 1629 5586 Variae
1660 5515 1989 5585 lectiones
2022 5522 2087 5581 et
2116 5524 2318 5581 notae.

266 5665 380 5742 (76)
406 5665 547 5731 Quae
577 5664 668 5721 his
697 5664 882 5736 signis
902 5662 968 5738 [']
1004 5664 1236 5724 inclusa
1261 5671 1425 5737 sunt,
1455 5683 1526 5727 ea
1559 5683 1631 5727 ex
1657 5666 1810 5727 Cod.
1843 5669 1916 5727 Β.
1952 5664 2314 5726 exciderant.
3148 5728 3155 5739 ι

484 5764 721 5821 ΡΑτιιοι..
762 5762 869 5820 GR.
913 5762 1157 5821 CXXIX.

3220 5761 3288 5815 27
