4170 6364
606 303 714 360 843

607 604 693 661 ibi
730 609 1006 662 accurate
1038 603 1236 676 posita
1271 605 1380 658 est.

680 693 847 751 Vers.
887 692 975 750 48.
1036 693 1111 747 El
1140 691 1486 761 respondens
1536 721 1604 730 —
1629 691 1789 745 Vers.
1834 691 1920 743 52.
1950 686 2024 742 ab
2049 686 2148 742 eis.
2185 683 2266 742 Si-

608 782 818 840 militer
837 787 895 840 et
930 782 1006 839 de
1027 781 1122 838 his
1145 781 1368 838 ibidem
1391 785 1587 836 actum
1617 784 1727 835 est.

680 873 838 928 Vers.
877 873 972 930 53.
1022 871 1098 926 Et
1125 870 1580 928 abduxerunt—
1624 869 1787 923 Vers.
1820 868 1908 922 54.
1938 865 2018 922 ad
2042 864 2260 920 lumen.

608 960 697 1017 Ad
710 960 918 1018 lumen
946 959 1113 1033 quod
1126 959 1204 1016 ab
1226 959 1359 1030 igne
1376 957 1822 1031 producebatur
1848 971 1862 1021 ;
1881 955 1959 1010 ita
1972 959 2035 1010 ut
2055 954 2116 1008 in
2129 968 2261 1025 pro-

605 1049 814 1123 patulo
829 1056 984 1106 esset
1011 1048 1127 1120 his,
1159 1050 1258 1121 qui
1290 1063 1412 1104 una
1437 1063 1580 1103 cum
1609 1061 1680 1102 eo
1713 1045 2022 1108 sedebant,
2057 1058 2128 1098 ac
2146 1058 2261 1098 om-

606 1138 790 1199 nibus
801 1138 901 1211 qui
915 1139 975 1194 in
989 1138 1139 1194 atrio
1152 1141 1320 1193 erant
1337 1137 1904 1203 ;dictumestautem
1920 1132 2060 1188 etde
2073 1130 2261 1186 hisibi

678 1228 844 1284 Vers.
881 1232 975 1285 55.
1009 1228 1224 1283 Summi
1258 1241 1391 1282 vero
1414 1225 1759 1282 sacerdotes.
1796 1222 1957 1277 Vers.
1986 1222 2075 1274 59.
2107 1223 2262 1276 testi-

606 1317 858 1373 monium
883 1316 1140 1372 illorum.
1181 1315 1266 1371 Ibi
1295 1329 1538 1387 quoque
1586 1313 1715 1368 hinc
1762 1311 2062 1366 declarata
2101 1313 2258 1364 sunt.

677 1405 841 1461 Vers.
899 1405 990 1462 60.
1024 1405 1283 1476 Cumque
1307 1405 1657 1460 surrexisset
1688 1432 1756 1442 —
1785 1401 1954 1456 Vers.
1980 1400 2070 1452 62.
2104 1398 2256 1454 caeli.

606 1493 870 1552 Similiter
893 1501 950 1552 et
978 1495 1125 1552 huic.
1156 1494 1327 1561 Quod
1382 1499 1583 1549 autem
1612 1491 1848 1556 dicitur,
1915 1488 2063 1545 Cum
2093 1487 2260 1544 nubi-

605 1584 729 1652 bus,
762 1585 922 1641 idem
951 1588 1040 1642 est
1062 1600 1133 1641 ac
1163 1588 1212 1640 si
1237 1584 1426 1653 dicas,
1456 1584 1520 1639 In
1548 1582 1829 1638 nubibus.

675 1675 837 1730 Vers.
895 1675 983 1745 6’3,
1031 1673 1298 1730 Summus
1343 1687 1478 1730 vero
1506 1671 1776 1729 sacerdos
1823 1701 1890 1711 —
1942 1670 2111 1725 Vers.
2169 1672 2256 1724 65.

601 1762 811 1834 alapas
831 1763 930 1820 illi
959 1763 1376 1834 impingebanl.
1406 1761 1680 1818 Similiter
1703 1765 1759 1816 et
1787 1760 1936 1816 haec.

923 1878 1085 1934 CAP.
1122 1877 1337 1934 XLVII.
1369 1879 1454 1933 De
1472 1877 1767 1947 negatione
1791 1878 1911 1931 Peli
1931 1877 1969 1929 i.

670 1985 839 2040 Vers.
886 1989 974 2040 66.
1020 1986 1094 2040 Et
1147 1999 1276 2040 cum
1327 1988 1559 2040 esset—
1588 1983 1750 2038 Vers.
1799 1982 1886 2036 68.
1943 1981 2121 2036 dicas.
2174 1982 2253 2036 De

598 2072 694 2130 his
725 2071 957 2129 dictum
981 2077 1073 2130 est
1092 2073 1465 2143 sexagesimo
1498 2076 1660 2128 sexto
1697 2071 1872 2141 juxta
1920 2071 2251 2128 Mattheeum

601 2162 817 2235 capite.

670 2252 835 2308 Vers.
866 2251 954 2307 68.
985 2251 1306 2324 Exivitque
1330 2281 1396 2292 —
1444 2250 1657 2307 cecinit.
1689 2252 1838 2320 Lege
1877 2249 2252 2319 sexagesimo

597 2345 812 2414 quarto
843 2341 1036 2413 capite
1088 2339 1390 2412 Evangelii
1443 2339 1777 2396 secundum
1807 2339 2164 2396 Mattheeum
2196 2354 2253 2394 e-

595 2430 1004 2488 narrationem
1033 2429 1172 2486 dicti
1223 2429 1424 2485 illius:
1466 2431 1810 2502 Priusquam
1859 2430 2060 2500 gallus
2108 2429 2252 2485 ceci-

594 2520 776 2590 nerit,
807 2523 896 2577 ter
922 2535 1015 2576 me
1050 2520 1362 2592 abnegabis
1395 2521 1464 2572 ⁷³.

663 2609 826 2664 Vers.
855 2611 942 2664 69.
991 2608 1066 2663 Et
1117 2609 1362 2664 —Vers.
1414 2610 1502 2663 72.
1553 2609 1765 2664 cecinit
1818 2608 1898 2663 De
1953 2607 2151 2679 puella
2195 2612 2252 2663 et

591 2697 930 2754 astantibus
958 2702 1234 2754 accurate
1253 2698 1481 2754 dictum
1507 2702 1601 2754 est
1647 2697 2020 2767 sexagesimo
2043 2697 2250 2769 quinto

592 2786 781 2858 capite
805 2785 1120 2856 Evangelii
1153 2787 1485 2842 sccundum
1521 2785 1859 2842 Matthwum
1894 2792 1988 2852 ;et
2012 2786 2092 2841 ibi
2120 2786 2248 2856 lege

592 2875 737 2931 dicti
762 2874 916 2930 illius
965 2875 1560 2947 interpretationem:
1611 2875 1688 2930 Et
1737 2877 2034 2943 ingressus
2090 2877 2248 2930 intro

591 2962 818 3020 sedebat
845 2978 984 3025 ,cum
1014 2964 1325 3030 ministris,
1360 2970 1424 3019 ut
1451 2965 1664 3020 videret
1689 2965 1869 3033 finem
1918 2965 1986 3017 ⁷⁸.
2019 2966 2098 3018 De
2119 2963 2246 3018 reli-

590 3051 731 3125 quis
758 3058 959 3108 autem
979 3053 1107 3124 pari
1134 3052 1318 3109 modo
1347 3052 1572 3108 dictum
1594 3058 1681 3109 est
1710 3051 2086 3122 sexagesimo
2118 3068 2244 3108 sex-
2287 3086 2328 3142 ο

595 3145 655 3198 to
685 3140 843 3197 illius
865 3141 1168 3212 Evangelii
1198 3141 1414 3214 capite.

663 3229 824 3287 Vers.
852 3232 941 3286 72.
972 3231 1052 3287 Et
1075 3232 1424 3288 recordatus
1449 3261 1517 3272 —
1537 3231 1717 3301 ﬂevit.
1745 3230 1971 3287 Ibidem
2001 3247 2243 3304 quoque

590 3319 662 3375 de
687 3319 780 3375 his
803 3319 1031 3376 dictum
1069 3324 1177 3376 est.
1210 3322 1339 3377 Non
1367 3319 1564 3377 solum
1603 3325 1805 3376 autem
1865 3320 1980 3376 hoc
2017 3321 2244 3376 dictum

589 3408 836 3466 verbum
883 3425 1007 3482 pra
1057 3411 1266 3467 timore
1328 3411 1401 3467 ab
1466 3411 1863 3466 imbecillitate
1921 3411 2240 3476 exciderat,

591 3514 798 3556 verum
819 3499 986 3556 etiam
1017 3499 1163 3556 illud
1184 3500 1350 3574 quod
1379 3500 1611 3556 dixerat
1653 3517 1666 3555 :
1697 3500 2036 3571 Quicunque
2068 3501 2244 3558 abne-

586 3589 808 3659 gaverit
835 3604 930 3646 me
949 3604 1151 3647 coram
1167 3588 1518 3655 hominibus,
1539 3593 1595 3647 et
1612 3604 1716 3660 ego
1735 3589 2024 3661 abnegabo
2041 3591 2188 3646 eum7
2199 3592 2238 3661 ‘,

589 3681 700 3733 etc.

661 3792 812 3849 CAP.
838 3794 946 3851 Χν·
974 3797 1130 3852 Vers.
1163 3796 1216 3851 1.
1247 3795 1328 3852 Et
1372 3796 1572 3853 statim
1593 3826 1664 3838 —
1691 3795 1907 3854 Pilato.
1957 3798 2242 3854 Praeterea

587 3903 645 3958 et
668 3899 738 3957 de
758 3901 879 3959 his.

660 3990 828 4047 Vers.
889 3993 943 4046 2.
1008 3992 1088 4046 Et
1134 3991 1516 4064 interrogavit
1566 4023 1636 4034 -
1663 3993 1823 4048 Vers.
1869 3997 1918 4048 5.
1998 3995 2240 4050 Pilatus.

589 4081 798 4146 Quaere
856 4078 1301 4150 sexagesimum
1358 4081 1678 4152 septimum
1717 4087 1897 4152 caput
1938 4083 2239 4152 Evangelii

590 4166 926 4223 secundum
948 4167 1299 4224 Matthwum.
1347 4169 1487 4225 Inde
1525 4170 1686 4226 enim
1716 4168 1885 4226 facile
1914 4174 2076 4226 estet
2117 4171 2243 4226 haec

597 4252 949 4323 intelligere.

1937 291 2282 350 EUTHYMII
2325 288 2645 348 ZIGABENI

681 427 845 484 Vers.
890 429 976 483 44.
1013 424 1258 482 Dederat
1302 453 1371 464 —
1397 423 1539 478 Vers
1581 425 1669 477 47.
1702 420 2048 478 auriculam.
2098 419 2266 474 Simi-
2297 419 2343 472 A

608 515 740 572 liter
767 519 825 572 et
847 514 920 571 de
943 514 1058 571 his.
1117 516 1262 584 Lege
1284 527 1426 584 ergo
1456 516 1632 568 totam
1657 509 2106 571 enarrationem,
2135 523 2266 579 quin

3910 292 4039 346 844

2449 414 2672 469 Δεδωκει
2730 449 2796 458 -—
2830 422 2887 470 τὸ
2939 417 3114 474 ὠτίον,
3171 417 3440 489 ’ῼσαύτως
3477 422 3566 469 καὶ
3613 423 3734 491 περὶ
3795 419 4038 468 τούτων

2377 505 2635 577 ἀνάγνωθι
2689 511 2782 564 τήν
2835 507 2953 564 ὃλην
3006 508 3171 559 αὐτῶν
3225 506 3495 577 ἐξήγησιν,
3552 504 3795 580 ἀκριϐῶς
3873 504 4034 557 ἰκτε-

2379 598 2610 667 θειμένην
2643 594 2762 649 ἐκει.

2449 684 2552 738 Καὶ
2597 683 2894 758 ἀποκριθεὶς
2944 717 3010 725 —
3064 684 3151 737 ἀπ’
3214 686 3400 738 αὐτῶν.
3462 687 3564 740 Καὶ
3615 690 3736 760 περὶ
3787 688 4030 737 τούτων

2373 776 2564 845 ὁμοίως
2602 773 2650 825 ἓν
2682 777 2854 845 ἐκείνῳ
2885 770 3202 831 διείληπται.

2446 863 2549 917 Καὶ
2595 861 2866 933 ἀπήγαγον
2916 893 2983 902 -
3026 866 3150 937 πρὸς
3195 867 3252 914 τὸ
3298 871 3417 934 φῶς.
3469 866 3605 937 Πρὸς
3642 866 3702 914 τὸ
3751 871 3913 934 φῶς,
3963 867 4026 914 τὰ

2371 951 2428 1004 εκ
2466 961 2560 1013 τῆς
2602 957 2880 1026 πυρκαίάς,
2932 954 3066 1004 ὥστε
3108 954 3382 1023 φαίνεσθαι
3409 960 3518 1014 τοῖς
3559 954 4029 1023 σνγκαθημένοις

2371 1045 2460 1092 καὶ
2499 1047 2631 1092 πᾶσι
2669 1048 2775 1102 τοῖς
2825 1039 2872 1092 ἐν
2904 1049 2965 1112 τῇ
3014 1041 3141 1099 αὖλῆ
3172 1058 3184 1069 ·
3233 1041 3509 1114 ιῖρηται’]
3551 1046 3640 1092 καὶ
3689 1046 3826 1114 περὶ
3891 1045 4028 1092 τοὺ-

2370 1151 2470 1184 των
2496 1128 2614 1182 ἐκεῖ.

2442 1221 2508 1271 Οἱ
2565 1215 2624 1270 δε
2676 1217 2942 1292 ἀρχιερεῖς
2993 1250 3062 1260 —
3112 1224 3378 1293 μαρτυρία
3433 1219 3623 1273 αὐτῶν.
3693 1221 3862 1272 Ἐκεῖ
3931 1227 4026 1271 καὶ

2369 1316 2531 1360 ταῦτα
2560 1305 2917 1380 διηρμηνῖᾶθη
2929 1327 3044 1360 σαν.

2443 1399 2546 1452 Καὶ
2627 1396 2858 1457 ἀναστὰς
2928 1429 2996 1438 -
3081 1406 3174 1449 τοῦ
3254 1398 3495 1472 οὐρανοῦ.
3575 1397 3814 1470 Ὁμοίως
3925 1405 4022 1450 καὶ

2371 1493 2561 1540 ταῦτα.
2594 1490 2664 1538 Τὸ
2705 1483 2764 1538 δι
2807 1489 2950 1540 Μετὰ
2980 1495 3078 1538 τῶν
3117 1487 3351 1559 νεφελῶν,
3405 1486 3518 1540 ἀντὶ
3561 1495 3673 1556 τοῦ,
3704 1487 3842 1540 Ἐπὶ
3907 1497 4019 1539 τῶν

2369 1575 2580 1646 νεφελῶν
2593 1619 2605 1632 ,

2445 1664 2502 1714 Ὀ
2551 1661 2609 1716 δὲ
2671 1663 2945 1739 ἀρχιερεὺς
2999 1695 3069 1706 --
3134 1665 3466 1739 ῥαπίσμασιν
3519 1665 3673 1717 αὐτὸν
3747 1665 4010 1720 ἔϐαλλον,

2290 1763 2335 1819 Β
2371 1753 2753 1826 Παραπλησίως
2779 1759 2868 1805 καὶ
2897 1763 3089 1810 ταῦτα,

2725 1866 2871 1914 ΚΕΦ.
2906 1859 3026 1914 ΜΕ.
3062 1865 3180 1932 Περὶ
3210 1869 3302 1920 τῆς
3331 1859 3610 1934 ἀρνήσεως.

2438 1965 2539 2018 Καὶ
2569 1968 2708 2026 ὄντος
2737 1994 2806 2008 —-
2833 1965 3017 2038 λέγεις.
3060 1969 3278 2038 Εἴρηται
3325 1970 3372 2019 ἓν
3411 1975 3481 2038 τῷ
3531 1967 3806 2038 ἑξηκοστῷ
3857 1971 4005 2040 ἕκτῳ

2365 2053 2624 2126 κεφαλαίῳ
2650 2062 2741 2107 τοῦ
2774 2058 2910 2107 κατὰ
2939 2057 3224 2112 Ματθαῐον.

2437 2249 2540 2304 Καὶ
2597 2248 2800 2312 ἐξῆλθεν
2846 2281 2911 2292 -
2961 2250 3241 2322 ἐφώνησεν.
3302 2251 3588 2322 Ἀνάγνωθι
3631 2250 3681 2303 ἐν
3726 2260 3808 2322 τῷ
3870 2253 3994 2314 ἑξη-

2361 2346 2531 2408 κοστῷ
2585 2341 2813 2413 τετάρτῳ
2875 2340 3133 2411 κεφαλαίῳ
3201 2348 3292 2391 τοῦ
3354 2344 3490 2392 κατά
3553 2341 3830 2395 Ματθαίον
3892 2346 3991 2398 τήν

2363 2425 2612 2498 ἐξήγησιν
2698 2436 2812 2494 τοῦ,

2361 2515 2638 2589 ἀπαρνήσῃ
2671 2536 2752 2588 με.

2911 2434 3038 2504 Πρὶν
3142 2428 3391 2503 ἀλέκτορα
3493 2437 3628 2501 φωνή
3640 2448 3752 2495 σαι,
3864 2450 3958 2503 τρι
3968 2452 3989 2491 ς

2431 2607 2536 2660 Καὶ
2579 2605 2826 2678 ἐφώνησε.
2878 2611 3000 2680 Περὶ
3043 2616 3136 2668 τῆς
3181 2603 3471 2668 παιδίσκης
3514 2613 3598 2658 καὶ
3658 2615 3757 2658 τῶν
3814 2626 3978 2680 παρε-

2363 2700 2570 2746 στώτων
2629 2697 2828 2768 εἰρηται
2891 2694 3220 2768 λεπτομερῶς
3274 2695 3323 2746 ἐν
3381 2705 3453 2747 τῶ
3507 2696 3773 2765 ἑξηκοστῷ
3842 2701 3978 2768 πέμ-

2359 2803 2469 2853 πτῳ
2527 2789 2785 2855 κεφαλαίῳ
2844 2792 2934 2835 τοῦ
2992 2787 3127 2835 κατά
3181 2786 3461 2846 Ματθαίον,
3535 2790 3623 2836 καὶ
3702 2783 3976 2855 ἀνάγνωθι

2358 2877 2452 2930 τήν
2510 2871 2758 2943 ἐξήγησιν
2834 2876 2937 2924 ἐκεῖ
2989 2881 3103 2938 τοῦ,
3186 2879 3274 2925 καὶ
3350 2873 3586 2925 εἰσελθὼν
3665 2876 3767 2925 ἔσω
3852 2873 3975 2925 ἑκα-

2362 2962 2484 3018 θητο
2542 2964 2672 3032 μετὰ
2728 2970 2827 3012 τῶν
2889 2963 3155 3036 ὑπηρετῶν
3225 2959 3354 3014 ἰδεῖν
3401 2966 3458 3013 τὸ
3511 2961 3668 3022 τέλος.
3736 2968 3863 3033 Περὶ
3916 2959 3976 3014 δε

2356 3059 2452 3101 τῶν
2499 3050 2661 3101 ἄλλων
2705 3049 2892 3121 ἐλέχθη
2926 3051 3077 3102 παλιν
3119 3049 3166 3101 ἐν
3216 3059 3286 3121 τῷ
3329 3051 3595 3122 ἑξηκοστῴ
3638 3053 3768 3123 ἕκτῳ
3813 3071 3975 3123 κεφαο

2355 3139 2482 3210 λαίῳ
2514 3148 2604 3191 τοῦ
2635 3143 2868 3191 τοιούτου
2903 3140 3245 3210 Εὐαγγελίου.

2428 3229 2532 3282 Καὶ
2587 3227 2882 3298 ἀνεμνήσθη
2947 3260 3000 3269 -
3052 3229 3274 3286 ἔκλαιεν.
3326 3229 3416 3282 Ἐν
3475 3228 3648 3299 ἐκείνῳ
3704 3234 3788 3281 καὶ
3839 3234 3962 3304 περὶ

2354 3319 2545 3369 τούτων
2595 3316 2813 3391 ἐρρήθη.
2875 3317 2951 3369 Οὐ
3016 3322 3167 3389 μόνον
3230 3314 3289 3369 δὲ
3341 3320 3527 3370 τούτου
3586 3326 3676 3370 τοῦ
3727 3319 3965 3392 ῥήματος

2355 3405 2455 3458 ἀπὸ
2487 3409 2598 3475 (77)
2631 3413 2722 3458 τοῦ
2763 3405 2920 3478 φόϐου
2949 3411 3037 3458 καὶ
3068 3414 3161 3467 τῆς
3205 3405 3470 3468 ἀσθενείας
3502 3405 3790 3471 ἐπελάθετο,
3836 3406 3964 3460 ἀλλά

2353 3499 2442 3546 καὶ
2517 3502 2644 3548 τοῦ.
2729 3493 2914 3556 Ὀστις
2985 3492 3098 3546 δ’ἀν
3173 3494 3466 3570 ἀρνήσηται
3534 3515 3596 3568 με
3669 3499 3962 3570 ἔμπροσθεν

2352 3593 2451 3636 τῶν
2504 3582 2804 3657 ἀνθρώπων,
2875 3583 3171 3658 ἀρνήσομαι
3230 3585 3384 3636 αὐτὸν
3449 3584 3590 3658 κάγὼ
3670 3589 3962 3658 ἔμπροσθεν

2353 3681 2444 3724 τοῦ
2476 3678 2680 3747 Πατρός
2698 3692 2798 3744 μου
2821 3681 2910 3725 τοῦ
2933 3672 2980 3724 ἐν
3021 3673 3278 3746 οὐρανοῖς.

2423 3781 2527 3834 Καὶ
2555 3779 2739 3841 εὐθέως
2785 3810 2830 3820 -—
2862 3779 3085 3851 Πιλάτῳ.
3107 3781 3216 3834 Καὶ
3246 3785 3362 3855 περὶ
3392 3783 3606 3835 τούτων.

2427 3984 2531 4039 Καὶ
2578 3984 2909 4060 ἐπηρώτησεν
2961 4017 3027 4026 -
3071 3985 3316 4042 Πιλάτον,
3375 3990 3616 4043 Ζήτησον
3675 3993 3734 4039 τὸ
3785 3989 3957 4051 ἐξηκοο

2359 4078 2478 4127 στὸν
2528 4071 2746 4145 ἕϐδομον
2803 4073 3075 4146 κεγάλαιον
3119 4082 3211 4126 τοὺ
3257 4077 3390 4126 κατ-ἀ
3443 4077 3730 4131 Ματθαῑον.
3791 4078 3961 4132 Ἐκεῖ-

2357 4167 2437 4217 θεν
2463 4167 2558 4237 γὰρ
2591 4168 2680 4215 καὶ
2709 4172 2873 4215 ταῦτα
2899 4161 3185 4235 διαγνῶναι
3208 4161 3419 4238 ῥᾴδιον.

660 4343 822 4398 Vers.
933 4345 1004 4400 In
1029 4343 1184 4414 festo
1235 4352 1426 4404 autem
1454 4378 1523 4388 —
1589 4347 1752 4403 Vers.
1812 4350 1900 4404 14.
1956 4323 2251 4422 Οναείνὶθέ

2428 4361 2575 4415 Κατὰ
2607 4356 2665 4412 δὲ
2707 4358 2880 4433 ἑορτήν
2923 4389 2988 4400 -
3034 4362 3340 4434 σταύρωσον
3390 4359 3564 4414 αὐτὸν.
3616 4367 3792 4413 Ταῦτα
3839 4362 3948 4433 (78)

589 4447 738 4490 eum.
770 4435 835 4489 Et
857 4433 972 4491 hac
996 4435 1203 4493 omnia
1237 4435 1398 4494 dicto
1438 4437 1630 4510 capite
1675 4439 2093 4497 convenienter
2148 4443 2243 4498 de-

588 4521 814 4580 clarata
839 4529 998 4581 sunt.

661 4610 826 4670 Vers.
861 4615 946 4670 15.
969 4614 1202 4672 Pilatus
1227 4622 1413 4674 autem
1438 4647 1509 4658 —
1533 4617 1695 4675 Vers.
1741 4619 1821 4674 19.
1873 4635 2022 4676 eum.
2056 4620 2241 4676 Mani-

589 4699 791 4758 festius
811 4702 1052 4775 scripsit
1076 4703 1151 4759 de
1175 4704 1267 4759 his
1293 4705 1598 4761 Matthaeus
1625 4707 1913 4778 praedicto
1943 4709 2148 4779 capite,
2180 4709 2241 4764 in

587 4807 712 4864 quo
741 4791 924 4849 etiam
950 4793 1024 4848 de
1055 4793 1336 4849 omnibus
1361 4794 1587 4851 dictum
1614 4801 1724 4852 est.
1778 4796 2045 4853 Salutare
2099 4813 2242 4855 vero

588 4880 888 4952 signiﬁcat
912 4882 1024 4939 hoc
1057 4884 1118 4938 in
1148 4882 1297 4949 loco,
1333 4883 1725 4958 Compellare.

662 4971 820 5026 Vers.
854 4971 942 5028 20.
979 4973 1226 5044 Cumque
1273 5003 1342 5015 —
1373 4974 1541 5030 Vers.
1601 4975 1688 5030 23.
1745 4978 1986 5048 accepit.
2036 4977 2117 5034 De
2146 4977 2240 5036 his

587 5073 830 5131 quoque
850 5060 1074 5117 ibidem
1103 5062 1469 5120 declaratum
1518 5070 1632 5122 est.
1665 5067 1897 5124 Patrem
1920 5084 2060 5125 vero
2090 5069 2237 5126 dixit

590 5145 901 5205 Alexandri
932 5154 989 5208 et
1025 5150 1174 5222 Ruﬁ,
1206 5156 1409 5226 utpote
1429 5153 1532 5227 qui
1564 5155 1762 5213 adhuc
1801 5157 2106 5226 vivebant,
2127 5177 2230 5217 no-

659 5280 709 5316 ⁷⁴
737 5282 935 5341 Matth.
965 5299 1114 5352 xxw,
1149 5289 1238 5342 34.
1353 5289 1400 5325 ⁷⁵
1429 5287 1554 5345 ibid
1575 5291 1670 5350 58.

1790 5294 1836 5328 ⁷⁸
1863 5294 2042 5351 Matth
2064 5340 2076 5352 .
2119 5313 2180 5362 Χ,
2212 5297 2308 5356 33.

2353 4452 2522 4502 πάντα
2566 4448 2613 4500 ἐν
2661 4446 2834 4520 ἐκείνῳ
2885 4456 2954 4519 τῷ
3003 4448 3256 4520 κεφαλαίῳ
3303 4450 3439 4500 κατά
3491 4453 3547 4500 τὸ
3590 4445 3720 4510 εἰκὸς
3783 4453 3945 4522 ἠρμηο

2351 4540 2502 4596 νεύθη
2512 4557 2623 4591 σαν.

2420 4625 2478 4679 c0
2527 4624 2585 4679 δὲ
2646 4626 2862 4684 Πιλᾶτος
2912 4657 2977 4666 —
3029 4627 3190 4697 αὐτῷ.
3247 4631 3556 4702 Σαφέστερον
3598 4631 3621 4677 ὁ
3676 4625 3926 4685 Ματθαῐος

2350 4722 2467 4791 περὶ
2522 4719 2714 4768 τούτων
2775 4717 3044 4789 ἱστόρησεν
3097 4715 3147 4767 ἐν
3199 4725 3268 4787 τῷ
3327 4712 3611 4774 δηλωθέντι
3663 4712 3931 4799 κεφαλαίῳ,

2351 4805 2401 4858 ἐν
2531 4810 2620 4857 καὶ
2667 4810 2782 4878 περὶ
2836 4808 3037 4857 πάντων
3083 4804 3296 4879 ἐρρήθη.
3350 4810 3419 4858 Τὸ
3475 4802 3534 4858 δὲ
3593 4803 3934 4872 ἀσπάζεσθαι,

2349 4901 2436 4947 νῦν
2479 4898 2538 4946 τὸ
2568 4897 2970 4970 προσαγορεύειν
3007 4899 3271 4966 σημαίνει.

2421 4985 2527 5040 Καὶ
2581 4986 2663 5037 ὅτε
2705 5015 2773 5024 -—
2829 4983 2992 5038 ἔλαϐε.
3048 4989 3146 5036 Καὶ
3193 4988 3305 5059 περὶ
3358 4986 3548 5036 τούτων
3608 4985 3797 5055 ὁμοίως
3847 4981 3940 5037 ἐκεῖ

2354 5079 2750 5146 σεσαφήνισται.
2803 5077 2899 5126 Τὸν
2930 5077 3127 5146 πατέρα
3171 5069 3229 5126 δε
3278 5069 3412 5126 εἶπεν
3463 5069 3808 5146 Ἀλεξάνδρου
3858 5079 3937 5124 καὶ

2352 5165 2590 5236 Ῥούφου,
2631 5166 2698 5226 ὡς
2749 5165 2825 5215 ἔτι
2874 5163 3076 5224 ζώντων
3130 5167 3219 5214 καὶ
3265 5160 3612 5236 ἐγνωσμένων.
3661 5168 3780 5224 Τοῖς
3824 5160 3938 5215 ἀπο-

1805 5471 2030 5542 Variae
2054 5471 2384 5544 lectiones
2413 5481 2481 5544 et
2520 5484 2725 5544 notae.

663 5655 775 5732 (77)
807 5663 914 5714 Υπὸ
943 5680 1061 5720 του.
1099 5670 1156 5718 Β.

2422 5672 2534 5746 (ῖ8)
2566 5672 2669 5728 Καὶ
2698 5691 2886 5728 ταυτα.
2920 5677 2980 5731 Β.
