4170 6364
94 360 231 418 845

1249 371 1603 432 COMMENT.
1646 373 1714 431 IN
1755 372 2078 433 MARCUM.
2119 409 2189 418 --
2219 382 2375 438 CAP.
2405 382 2551 441 XVI.

3455 399 3561 454 846

107 487 367 551 στόλοις
402 495 529 564 γὰρ
587 491 943 554 ἀκολουθῆσαι
990 503 1080 551 καὶ
1110 501 1328 563 τούτους
1377 501 1607 573 λέγουσι,
1641 523 1774 556 rtem-

1907 504 2069 578 tique
2108 511 2294 578 erant,
2338 509 2484 566 dum
2513 512 2642 568 haec
2671 514 2976 574 scriberet.
3015 518 3196 575 Aiunt
3233 521 3414 588 enim,
3445 523 3559 579 hos

111 584 464 642 στευκοτας
500 582 583 644 εἰς
614 585 696 634 τὸν
733 589 978 658 Χριστόν.

199 779 324 826 Καὶ
384 783 813 852 σταυρώσαντες
872 781 1022 834 αὐτὸν
1075 815 1139 823 -
1192 786 1315 858 οἳρη.
1372 785 1485 840 Ἔτι
1525 793 1615 841 καὶ
1679 795 1793 863 περὶ

105 881 344 914 τουτων
356 908 368 918 .

193 951 312 1004 Ἠν
378 950 452 1006 δὲ
513 987 576 996 -
624 957 798 1012 αὐτόν.
855 964 955 1012 Καὶ
1015 966 1117 1032 μὴν
1174 961 1223 1014 ἐν
1275 965 1393 1037 ἕκτη
1452 967 1560 1038 ὥρᾳ
1608 965 1792 1018 ἐσταυ-

104 1043 308 1111 ρώθη,
386 1045 585 1105 καθὼς
640 1047 664 1096 ὀ
721 1046 960 1110 Ἰωάννης
1022 1056 1170 1122 φησί.
1241 1058 1303 1104 Τί
1367 1055 1452 1106 οὖν
1528 1058 1669 1107 ἔστιν
1725 1057 1791 1108 εὶ-

107 1137 244 1182 πεῐν
287 1150 302 1194 ;
345 1133 445 1184 ὅτι
479 1138 565 1199 τὸ,
599 1133 692 1186 Ἤν
725 1132 783 1187 δὲ
814 1139 924 1208 ὥρα
946 1139 1057 1209 (79)
1087 1146 1256 1212 τρίτη,
1287 1143 1390 1212 οὐχ
1430 1145 1627 1197 ἕλκεται
1662 1151 1792 1218 πρὸς

108 1223 212 1286 τὸ,
274 1227 385 1272 καὶ
453 1221 800 1298 ἐσταύρωσαν
863 1226 1035 1288 αὐτὸν,
1090 1228 1214 1280 ἀλλὰ
1286 1236 1416 1304 πρὸς
1470 1238 1560 1291 τὴν
1615 1233 1788 1307 ἀρχὴν

107 1316 233 1358 τὼν
275 1312 496 1362 παθῶν
548 1321 637 1364 ἰού
683 1321 916 1388 Σωτῆρος
956 1315 1276 1390 ἀναφέρεται.
1328 1320 1424 1371 Ἦν
1475 1319 1551 1388 δὲ,
1608 1330 1783 1395 φησὶν,

110 1399 246 1470 ὥρα
305 1404 518 1472 τρίτη,
576 1403 657 1453 ὅτε
712 1399 952 1460 δηλονότι
1008 1407 1200 1478 ἤρξατο
1258 1413 1486 1480 πάσχειν
1542 1414 1641 1464 υπὸ
1688 1423 1786 1465 τῶν

110 1497 514 1560 στρατιωτῶν
557 1500 647 1541 τοῦ
700 1491 942 1544 Πιλάτου.
989 1493 1113 1547 Εἶτα
1164 1500 1222 1548 τὸ
1269 1498 1388 1559 ἑξῆς
1435 1498 1785 1572 ἀναγνωστέον

110 1575 250 1626 καθ’
341 1575 551 1647 ἑαυτὸ,
615 1585 712 1632 Καὶ
794 1579 1128 1657 ἐσταύρωσαν
1181 1587 1353 1650 αὐτὸν,
1408 1588 1454 1640 ἐν
1513 1591 1632 1664 ἕκτη
1689 1588 1783 1650 δη·

111 1661 272 1721 λαδή
347 1668 503 1737 ὥρᾳ.
571 1667 732 1720 ’Ὼστε
784 1671 813 1727 ἠ
875 1675 964 1742 μὲν
1033 1680 1128 1734 τῆς
1189 1681 1365 1747 τρίτης
1417 1680 1549 1751 ὥρας
1603 1661 1780 1753 μνήμη

116 1755 284 1824 παρὰ
317 1761 402 1824 τῷ
468 1757 676 1828 Μάρκῳ
726 1763 817 1815 τὴν
873 1758 1048 1832 ἀρχὴν
1105 1763 1334 1834 ἐμφαίνει
1392 1775 1490 1818 τῶν
1536 1775 1782 1822 Δεσποτι-

1908 600 2141 652 secutos
2201 612 2328 654 esse
2373 601 2697 672 apostolos,
2759 620 2898 662 cum
2935 605 2997 662 in
3049 607 3346 667 Christum
3368 613 3559 670 credi-

1903 684 2154 742 dissent.

1973 776 2142 832 Vers.
2181 779 2274 834 24.
2307 781 2383 834 Et
2405 786 2703 853 postquam
2720 784 3140 854 cruriﬁxerunt
3169 803 3367 846 eum—
3394 791 3556 848 tolle-

1901 873 1990 923 ret
2005 911 2017 922 .
2051 867 2330 923 Praeterea
2351 875 2405 922 et
2429 869 2503 924 de
2527 870 2650 926 his.
3217 917 3220 920 .

1973 957 2142 1013 Vers.
2183 959 2275 1012 25.
2314 959 2466 1014 Erat
2489 965 2678 1015 autem
2715 992 2783 1000 —-
2808 977 2962 1018 eum.
3005 967 3179 1037 Atqui
3207 967 3358 1024 hora
3387 973 3554 1026 sexta

1902 1046 2217 1100 cruciﬁxus
2231 1053 2335 1112 est,
2353 1047 2506 1102 sicut
2520 1048 3016 1108 dicitJoannes".
3042 1054 3193 1118 Quid
3206 1072 3348 1125 ergo
3361 1057 3555 1112 dicen-

1901 1137 2046 1192 dum
2075 1136 2480 1203 estYQuodid,
2512 1139 2678 1210 quod
2700 1140 2949 1196 dicitur:
2985 1143 3144 1199 Erat
3177 1152 3366 1200 autem
3411 1147 3555 1202 hora

1900 1227 2098 1288 tertia.
2128 1242 2249 1281 non
2272 1227 2520 1282 trahitur
2546 1227 2702 1282 adid
2727 1230 2891 1300 quod
2914 1229 3184 1286 additur:
3213 1233 3292 1288 Et
3321 1236 3552 1302 cruciﬁ-

1897 1323 2114 1371 xerunt
2170 1332 2322 1380 eum,
2364 1317 2467 1371 sed
2516 1316 2764 1372 refertur
2815 1319 2892 1372 ad
2924 1320 3286 1391 principium
3319 1338 3550 1379 eorum.

1896 1421 2026 1476 quae
2045 1421 2259 1476 passus
2278 1412 2366 1460 est
2390 1405 2676 1462 Salvator.
2701 1408 2851 1463 Erat
2877 1415 3094 1478 autem,
3121 1410 3325 1482 inquit,
3355 1415 3548 1479 tertia,

1895 1494 2142 1564 quando
2198 1494 2468 1550 videlicet
2508 1495 2633 1567 pati
2682 1497 2861 1567 coepit
2913 1514 2950 1552 a
3005 1498 3289 1555 militibus
3363 1500 3546 1556 Pilati.

1896 1582 2116 1637 Deinde
2164 1584 2330 1656 quod
2370 1587 2656 1656 sequitur,
2701 1601 2804 1656 per
2830 1603 2890 1641 se
2921 1586 3244 1656 legendum
3276 1591 3363 1643 est
3395 1608 3407 1647 :
3467 1589 3547 1644 Et

1891 1672 2312 1740 cruciﬁwerunt
2331 1689 2483 1740 eum,
2503 1679 2669 1730 sexta
2685 1674 2956 1731 videlicet
2975 1675 3149 1731 hora.
3177 1676 3386 1733 Mentio
3405 1693 3547 1749 ergo

1894 1760 2072 1814 tertiae
2100 1761 2281 1828 horae,
2309 1778 2445 1833 qua:
2462 1765 2578 1818 ﬁta
2603 1763 2807 1820 Marco
2833 1765 3196 1836 principium
3216 1765 3549 1822 manifestat

115 1848 235 1891 κῶν
268 1843 654 1914 παθημάτων,
713 1849 741 1904 ὴ
805 1844 862 1900 δὲ
891 1857 984 1910 τῆς
1030 1851 1182 1914 ἕκτης
1238 1859 1380 1929 παρὰ
1423 1865 1493 1927 τῷ
1545 1859 1774 1933 Ἰωάννη,

1902 1863 2099 1904 eorum
2152 1865 2281 1921 quae
2320 1867 2537 1922 passus
2563 1857 2650 1908 est
2681 1852 2971 1908 Dominus
3006 1870 3018 1908 :
3070 1859 3249 1909 sextae
3313 1869 3476 1919 vero,
3510 1871 3547 1912 a

116 1932 183 1981 τὸ
217 1930 376 1992 τέλος
414 1932 621 1999 αὐτῶν,
655 1937 775 2007 ὅπερ
808 1935 946 1989 ἐστὶν
971 1941 1001 1997 ἡ
1035 1945 1350 2015 σταύρωσις.

202 2024 320 2071 Καὶ
366 2017 440 2078 ἦν
503 2053 576 2064 -
625 2021 892 2085 ὠνείδιζον
951 2028 1125 2084 αὐτόν.
1180 2037 1280 2084 Καὶ
1327 2038 1441 2108 περὶ
1488 2040 1681 2090 τούτων
1731 2038 1778 2091 ἐν

115 2115 199 2177 τῷ
228 2105 716 2182 προδιαληφθέντι
741 2114 995 2188 κεφαλαίῳ
1034 2117 1280 2174 λέλεκται.

202 2201 544 2270 Λεγομένης
575 2197 632 2252 δὲ
660 2232 730 2242 —
788 2211 940 2259 Θεοῦ.
977 2205 1240 2271 Ὡσαύτως
1283 2215 1372 2264 καὶ
1423 2218 1540 2287 περὶ
1587 2219 1778 2270 τούτων

120 2286 354 2336 πάντων
391 2286 516 2340 ἐκεῖ
545 2286 939 2364 διηρμήνευται.

202 2374 400 2429 Ἦσαν
472 2375 537 2431 δὲ
593 2411 652 2420 -
699 2380 1050 2456 Ἰεροσόλυμα.
1113 2391 1214 2439 Καὶ
1268 2395 1386 2464 περὶ
1425 2395 1618 2445 τούτων
1675 2394 1777 2449 ἐκεῖ

124 2463 276 2524 ζήτη
288 2485 417 2522 σον.

129 2603 292 2653 ΚΕΦ.
379 2601 532 2656 ΜΗ’.
592 2608 717 2676 Περὶ
786 2612 881 2666 τῆς
941 2606 1192 2672 αἰτήσεως
1259 2620 1347 2665 τοῦ
1397 2619 1638 2688 σώματος
1684 2627 1774 2672 τοῦ

864 2701 1074 2760 Καρίου.

215 2800 328 2847 Καὶ
396 2794 514 2854 ἤδη
574 2796 727 2868 ὀψίας
772 2807 1047 2874 γενομένης
1106 2838 1171 2846 -
1218 2816 1309 2860 τοῦ
1363 2819 1516 2864 Θεοῦ.
1567 2814 1647 2867 Ἐν
1701 2826 1772 2888 τῷ

135 2882 281 2935 τέλει
323 2892 426 2935 τοῦ
477 2889 715 2938 τοιούτου
768 2890 1043 2962 κεφαλαίου
1101 2901 1190 2948 καὶ
1243 2904 1358 2972 περὶ
1410 2905 1594 2954 τούτου
1656 2902 1773 2964 διη-

133 2969 438 3042 κρίϐωται.
502 2975 875 3046 Προσάϐϐατον
918 2981 1031 3053 (80)
1092 2980 1151 3037 δὲ
1203 2988 1232 3043 ἡ
1285 2969 1588 3062 τταρασκενὴ
1634 2993 1772 3066 λέγε-

135 3078 255 3120 ται,
286 3062 364 3122 ὡς
390 3065 502 3133 πρὸ
535 3071 625 3115 τοῦ
648 3064 910 3120 Σαϐϐάτου
939 3077 1221 3144 τεταγμένη
1255 3077 1425 3140 εὐθύς.

217 3149 328 3202 Καὶ
418 3150 694 3223 τολμήσας
746 3187 812 3196 -
877 3166 1150 3231 μνημείου.
1226 3166 1305 3218 Ἐν
1373 3177 1444 3238 τῷ
1505 3169 1841 3260 ἐξηκοστῷρ

217 3232 314 3260 9.2,
381 3239 607 3260 ___,,,\,a
779 3251 796 3259 .-
982 3250 991 3260 .
1064 3257 1116 3260 __
1193 3252 1210 3260 -

135 3232 320 3307 ὀγδόῳ
380 3239 648 3312 κεφαλαίῳ
710 3251 798 3295 τοῦ
869 3250 1004 3298 κατὰ
1064 3252 1328 3306 Ματθαῑον
1386 3265 1553 3310 ταῦτα
1599 3232 1768 3315 πάντα

135 3327 282 3377 κατὰ
309 3329 371 3378 τὸ
394 3338 670 3400 προσῆκον
693 3334 1118 3407 ἡρμηνεύθησαν.

213 3518 274 3572 Ἥ
305 3517 366 3575 δὲ
407 3529 592 3597 Μαρία
634 3559 701 3569 -—
730 3525 984 3602 ἀλείψωσι
1024 3537 1110 3586 τὸν
1154 3537 1380 3596 Ἰησοῦν.
1425 3540 1648 3616 Ὁμοίως
1677 3553 1764 3601 καὶ

142 3626 337 3665 ταυτα.

218 3699 326 3752 Καὶ
360 3700 480 3753 λίαν
511 3734 579 3743 -
613 3702 839 3779 σφόδρα.
873 3708 1140 3776 Ὡσαύτως
1169 3721 1258 3768 καὶ
1290 3726 1476 3779 ταῦτα,

217 3895 324 3949 Καὶ
371 3898 709 3954 εἰσελθοῦσαι
763 3936 828 3946 -
894 3908 1033 3979 ὑμῖν.
1094 3911 1194 3966 Καὶ
1245 3920 1362 3986 περὶ
1414 3922 1607 3971 τουτων
1660 3919 1762 3975 ἐκεῖ

145 3979 575 4060 διασεσοίφηται.

216 4075 322 4129 Καὶ
354 4076 662 4140 ἐξελθοῦσαι
708 4112 772 4124 --
821 4082 1092 4156 ἐφοϐοῦντο
1143 4095 1264 4166 γὰρ.
1327 4093 1442 4148 "Et:
1494 4103 1583 4150 καὶ
1641 4107 1757 4175 περὶ

145 4181 365 4217 τουτων.

216 4259 356 4348 Φασὶ
412 4255 529 4328 (81)
589 4255 648 4310 δέ
700 4279 830 4324 τινες
877 4273 976 4316 τῶν
1033 4267 1145 4338 (82)
1199 4269 1462 4344 ἐξηγητῶν
1512 4279 1751 4348 ἐνταῦθα,

148 4343 598 4417 συμπληροῦσθαι
643 4351 699 4400 τὸ
747 4355 882 4404 κατὰ
932 4357 1143 4430 Μάρκον
1183 4361 1516 4435 Εύαγγέλίον·
1580 4372 1646 4421 τὰ
1696 4368 1754 4424 δὲ

146 4425 326 4498 ἐφεξῆς
403 4437 714 4507 προσθήκην
790 4437 916 4494 εἶναι
985 4457 1437 4526 μεταγενεστέραν.
1497 4463 1608 4529 Χρὴ
1695 4458 1753 4513 δὲ

143 4521 234 4568 καὶ
286 4523 484 4580 ταύτην
544 4523 877 4598 ἑρμηνεῦσαι,
953 4531 1115 4592 μηδὲν
1167 4547 1226 4611 τῇ
1288 4540 1502 4617 ἀληθεία
1562 4546 1747 4620 λυμαι-

146 4611 382 4678 νομένην.

217 4695 472 4761 Ἀναστὰς
529 4698 588 4754 δέ
642 4733 705 4747 ·-
763 4703 1030 4782 δαιμόνια.
1086 4718 1226 4771 Μετά
1270 4723 1328 4772 τὸ
1393 4722 1548 4776 εἰπεῖν
1603 4726 1752 4782 Ἀνα-

151 4786 297 4849 στας,
349 4789 645 4864 ὖπὸστιξον,
698 4793 808 4850 εἶτα
853 4797 1126 4873 ἀνάγνωθι,
1191 4815 1336 4883 Πρωὶ
1384 4821 1560 4886 πρώτη
1619 4819 1752 4871 Σαϐ-

151 4869 214 4887 op
378 4875 388 4887 ς
451 4881 460 4887 -
1539 4875 1546 4887 ‘

146 4869 316 4923 ϐατων
370 4881 522 4948 epam
596 4892 796 4956 πρῶτον
848 4896 1026 4964 Μαρίᾳ
1095 4904 1158 4968 τῇ
1218 4898 1566 4971 Μαγδαληνὴ.
1621 4913 1750 4961 Πότε

144 4964 233 5032 μὲν
259 4966 361 5064 γαρ
395 4965 605 5037 ἀνέστη,
645 4970 868 5032 ἄδηλον·
927 4987 1050 5035 ποτε
1091 4981 1149 5038 δὲ
1205 4985 1383 5060 ἐφάνη,
1448 4965 1626 5066 δῆλον,
1685 5001 1749 5060 ὡς

143 5053 232 5101 καὶ
294 5051 343 5102 ἐν
414 5064 486 5126 τῷ
540 5059 748 5133 ῥηθέντι
798 5069 1055 5144 κεφαλαίῳ
1109 5083 1433 5154 προείρηται.
1500 5083 1603 5139 Καὶ
1670 5091 1748 5142 ὅτι

213 5148 259 5184 ⁷⁷
300 5151 469 5210 Joan.
511 5173 630 5226 xu,
674 5162 760 5218 14.

1888 1939 2134 2004 Joanne,
2167 1941 2349 1996 ﬁnem
2376 1941 2652 2007 ostendit,
2685 1941 2790 2013 qui
2818 1941 2928 1996 fuit
2956 1942 3281 2000 cruciﬁxio.

1959 2029 2119 2083 Vers.
2153 2033 2242 2084 26.
2271 2030 2353 2086 Et
2392 2037 2517 2085 erat
2549 2059 2614 2069 —
2648 2031 2814 2086 Vers.
2852 2034 2939 2086 32.
2967 2031 3026 2085 in
3065 2047 3215 2087 eum.
3255 2033 3442 2089 Etiam
3471 2035 3543 2090 de

1887 2117 1980 2173 his
2019 2117 2300 2188 praedicto
2329 2118 2520 2189 capite
2552 2118 2779 2173 dictum
2816 2123 2922 2174 est.
3313 2161 3323 2171 .

1958 2207 2117 2262 Vers.
2153 2206 2244 2263 33.
2285 2208 2468 2263 Facta
2485 2214 2681 2264 autem
2714 2209 2952 2264 «Vers.
2992 2213 3086 2265 39.
3119 2209 3244 2266 Dei.
3269 2210 3545 2269 Similiter

1888 2301 1944 2353 et
1969 2297 2043 2352 de
2063 2296 2156 2352 his
2183 2298 2464 2353 omnibus
2495 2298 2637 2354 data
2667 2304 2754 2355 est
2784 2299 3009 2355 ibidem
3037 2300 3396 2372 explanatio.

1956 2387 2115 2442 Vers.
2144 2391 2231 2442 40.
2267 2389 2458 2444 Erant
2482 2395 2678 2444 autem
2706 2419 2774 2429 —
2799 2390 2965 2445 Vers.
3004 2392 3097 2447 41.
3159 2389 3540 2461 Jerosolyma.

1889 2477 1966 2532 De
1996 2475 2090 2531 his
2116 2475 2296 2531 etiam
2325 2476 2409 2531 ibi
2430 2493 2631 2548 quaere
2653 2477 3109 2549 expositionem.

2019 2619 2170 2674 CAP.
2214 2619 2436 2677 XLVIII.
2476 2621 2553 2675 De
2580 2620 2858 2691 petitione
2885 2622 3146 2691 corporis
3173 2621 3408 2678 Christi.

1954 2832 2115 2887 Vers.
2138 2834 2231 2889 42.
2271 2833 2358 2890 Et
2383 2835 2552 2904 facta
2562 2837 2691 2906 jam
2715 2851 2957 2905 vespera
2987 2866 3057 2877 —
3083 2837 3256 2893 Vers.
3295 2837 3530 2894 43.Dei.

1885 2920 1949 2976 In
1986 2921 2105 2976 ﬁne
2136 2920 2291 2977 illius
2322 2924 2532 2996 capitis
2560 2925 2741 2980 etiam
2776 2925 2844 2981 de
2896 2925 2990 2980 his
3024 2925 3312 2983 subtiliter
3338 2931 3540 2984 actum

1881 3013 1990 3067 est.

1951 3225 2116 3281 Vers.
2148 3229 2236 3282 43.
2269 3227 2351 3283 Et
2375 3234 2607 3298 sumpta
2635 3229 2894 3286 audacia
2928 3261 2994 3268 —
3016 3230 3180 3284 Vers.
3203 3232 3295 3285 46.
3326 3229 3537 3285 Monu-

1878 3315 2074 3369 mentz‘.
2102 3315 2479 3385 Sexagesimo
2510 3323 2720 3373 octavo
2752 3319 2943 3389 capite
2992 3316 3289 3386 Evangelii
3322 3333 3536 3373 secun-

1877 3401 2022 3457 dum
2051 3403 2382 3459 Matthaaum
2413 3405 2538 3460 haec
2561 3406 2774 3470 omnia,
2806 3411 2986 3477 prout
3041 3405 3333 3472 convenit,
3376 3410 3536 3478 pate-

1875 3496 2036 3562 facta
2078 3499 2241 3549 sunt.

1945 3581 2105 3636 Vers.
2147 3581 2240 3637 47.
2279 3582 2472 3638 Μανία
2513 3588 2701 3639 autem
2733 3615 2800 3623 --
2850 3583 3006 3640 CAP.
3059 3585 3200 3640 XVI.
3264 3585 3428 3639 Vers.
3483 3585 3530 3638 l.

1874 3676 2152 3740 ungerent
2178 3669 2396 3726 Jesum.
2431 3671 2704 3727 Similiter
2735 3677 2792 3727 et
2819 3673 2972 3729 haec.

1947 3756 2107 3812 Vers.
2142 3762 2194 3812 2.
2227 3759 2307 3813 Et
2338 3759 2506 3815 valde
2549 3790 2615 3801 —
2644 3761 2809 3817 Vers.
2843 3761 2896 3815 4.
2938 3760 3121 3816 valde.
3172 3760 3448 3817 Similiter
3477 3766 3534 3818 et

1870 3846 2018 3902 haec.

1943 3937 2108 3992 Vers.
2240 3936 2319 3990 Et
2347 3936 2611 4008 ingressae
2636 3971 2704 3978 —
2729 3940 2890 3995 Vers.
2939 3941 2992 3994 7.
3022 3939 3205 3995 vobis.
3241 3937 3422 3994 Etiam
3451 3938 3540 3994 ibi

1871 4024 1943 4081 de
1973 4024 2066 4079 his
2097 4028 2298 4080 actum
2333 4031 2437 4080 est.
3370 4095 3372 4098 ι

1940 4115 2100 4168 Vers.
2132 4118 2182 4169 8.
2215 4113 2464 4186 Cumque
2489 4117 2741 4173 exissent
2771 4149 2836 4160 —
2868 4121 3148 4178 timebant
3172 4126 3350 4182 enim.
3371 4121 3532 4181 Prae-

1871 4207 2028 4258 terea
2053 4207 2107 4258 et
2135 4203 2208 4259 de
2235 4203 2351 4259 his.

1939 4293 2195 4357 Quidam
2223 4299 2422 4349 autem
2449 4293 2836 4367 interpretum
2869 4304 3163 4366 asserunt,
3181 4301 3295 4358 hoc
3318 4301 3528 4360 inloco

1866 4381 2230 4454 completum
2261 4397 2389 4438 esse
2423 4384 2594 4440 Marci
2628 4387 3017 4456 Evangelium
3053 4407 3067 4456 ;
3099 4407 3229 4463 quae
3261 4408 3402 4447 vero
3437 4409 3526 4448 se-

1865 4476 2130 4541 quuntur
2193 4472 2573 4527 recentiorem
2639 4489 2768 4530 esse
2827 4476 3226 4533 additionem.
3282 4479 3528 4550 Oportet

1780 4549 1827 4603 D
1867 4565 2065 4615 tamen
2105 4564 2160 4616 et
2197 4560 2354 4616 hanc
2408 4561 2744 4633 explanare,
2793 4580 2930 4619 cum
2963 4565 3194 4620 veritati
3244 4549 3390 4622 nihil
3437 4585 3527 4623 re-

1861 4652 2113 4721 pugneL

1929 4737 2096 4794 Vers.
2129 4742 2185 4797 9.
2219 4740 2352 4795 Cum
2376 4745 2567 4794 autem
2582 4741 2918 4794 surrexisset
2941 4773 3003 4781 --
3029 4741 3320 4798 dazmom'a.
3350 4731 3543 4802 Post--

1861 4843 2046 4899 quam
2083 4827 2306 4883 dictum
2347 4832 2432 4882 est
2466 4849 2478 4883 :
2529 4830 2663 4883 Cum
2712 4833 2889 4883 autem
2929 4832 3280 4901 surrexisset,
3324 4834 3522 4890 statim

1861 4932 2016 4987 pone
2047 4916 2478 4971 distinctionem
2516 4934 2530 4982 ;
2561 4917 2777 4972 deinde
2808 4917 2935 4986 lege
2968 4937 2980 4973 :
3013 4920 3174 4974 Mane
3212 4922 3375 4991 prino
3394 4921 3526 4977 Sab-

1863 5005 2108 5060 batorum
2139 5006 2393 5076 apparuit
2418 5007 2659 5076 primum
2689 5007 2884 5061 Maria:
2924 5008 3281 5080 Magdalente.
3324 5011 3522 5066 Incer-

1863 5099 1987 5151 tum
2023 5098 2108 5150 est
2134 5095 2426 5168 siquidem
2455 5095 2701 5168 quando
2725 5099 3044 5154 surrexerit
3072 5115 3086 5166 ;
3119 5100 3366 5171 quando
3419 5117 3522 5159 au.

1361 5279 1580 5352 Variae
1617 5286 1944 5360 lectiones
1976 5300 2040 5359 et
2071 5301 2274 5360 notas.

215 5361 326 5450 l2?)
354 5366 526 5450 Τὸ.δέ
556 5368 757 5450 ἧξρδρθί
790 5386 843 5433 B-

210 5435 321 5575 ξΒΟ)
354 5445 490 5516 Πρὸς
512 5435 774 5501 Σάϐϐκτον
797 5455 864 5507 Α.

235 5510 318 5575 8t)
354 5515 516 5570 Hunc
545 5515 744 5575 locum
772 5539 840 5575 ex

235 5510 1072 5613 Eglnt‘l'ugpmlocumuex'codice
1091 5531 1374 5613 'Parisino
1407 5543 1585 5613 Regio
1614 5546 1740 5603 lau-

145 5571 410 5638 datRich.
439 5571 1123 5657 δίωοὰίὶιέίῖᾰίςῖἓῖιίὶ
1149 5571 1374 5664 Ἷὲἶὲἱὲυ
1408 5571 1585 5613 πδω
1615 5571 1740 5603 ’Μ’

145 5657 200 5716 p.
241 5654 352 5708 120.
979 5641 990 5654 .
1133 5646 1145 5659 .
1339 5613 1538 5671 sNov.
1585 5619 1740 5676 Test.

213 5717 322 5796 (82)
349 5725 522 5785 Recte
565 5730 914 5809 interpretes
963 5725 1249 5806 nominat.
1297 5754 1363 5810 Hi
1411 5758 1575 5816 enim
1630 5761 1743 5821 soli

1855 5408 2016 5487 hunc
2040 5409 2233 5464 locum
2258 5408 2689 5487 sollicitarunt._
2707 5411 2980 5482 Intelligit
3001 5417 3200 5487 autem
3228 5412 3543 5487 interpre?

1859 5486 1942 5552 tes
1977 5497 2102 5545 eos,
2149 5497 2219 5536 ex
2249 5480 2468 5552 quibus
2512 5483 2756 5549 repetita
2796 5480 2934 5538 sunt
2971 5484 3201 5541 scholia
3232 5480 3513 5546 codicum

1857 5550 2323 5623 Mosquensimn,
2367 5569 2521 5623 quos
2572 5553 2628 5607 in
2664 5569 2797 5609 mea
2828 5555 2971 5610 Novi
2995 5557 3351 5612 Testamenti
3385 5560 3508 5615 edi-

1857 5623 2011 5698 tione
2037 5623 2274 5698 appello
2304 5623 2454 5698 ard.
2491 5640 2547 5698 eq.
2588 5625 3106 5698 th.AReperiuntur
3133 5644 3272 5684 vero
3298 5629 3512 5698 hujus-

1854 5693 2014 5749 modi
2039 5696 2274 5750 codices
2311 5695 2488 5750 etiam
2519 5695 2580 5750 in
2611 5696 2734 5750 aliis
2772 5693 3172 5765 bibliothecis,
3215 5705 3278 5757 ut
3303 5693 3512 5756 ex'Mil-

1851 5765 1954 5832 Iio,
1973 5767 2303 5824 Wetstenio
2334 5773 2391 5824 et
2414 5767 2548 5823 aliis
2576 5772 2836 5825 constat.
3158 5799 3166 5820 ι
3443 5809 3468 5832 κ
