4170 6364
601 287 706 340 847

1974 276 2317 332 EUTHYMII
2356 274 2686 330 ZlGABENI

3917 265 4026 318 848

603 412 722 464 tem
770 405 1104 479 apparueit,
1178 407 1405 462 certum
1463 409 1572 476 est,
1631 404 1782 460 sicut
1859 401 2040 458 etiam
2098 401 2254 456 dicto

2366 403 2454 472 μὲν
2512 405 2691 473 πρώτη
2751 396 3024 450 Σαϐϐάτων
3067 399 3096 456 ἡ
3158 396 3402 468 Κυριακή
3452 393 3680 465 λέγεται,
3755 395 3874 442 καὶ
3947 393 4026 441 5::

603 494 794 567 capite
868 493 1220 566 praedictum
1283 497 1398 550 est.
1479 491 1755 549 Similiter
1811 489 1976 562 quod
2026 490 2255 562 primus

603 581 1030 648 Sabbatorum,
1091 581 1216 638 dies
1277 581 1624 638 Dominicus
1671 581 1925 646 dicatur,
1971 578 2257 650 quodque

600 686 783 728 mane
811 671 989 743 hujus
1025 670 1286 729 Christus
1313 670 1677 744 apparuerit,
1707 668 1930 742 pariter
1955 667 2032 722 ibi
2064 665 2259 722 decla-

600 768 803 818 ratum
833 765 944 818 est.

675 848 1076 915 Quaerendum
1101 852 1322 914 autem,
1345 847 1656 921 quomodo
1671 847 1786 904 hoc
1807 845 1937 902 loco
1966 845 2256 915 scriptum

604 944 713 1008 est,
733 937 896 1010 quod
927 939 1267 1011 apparuerit
1293 939 1555 1010 primum
1613 935 1807 992 Marias
1868 933 2256 1004 Magdalenas,

602 1027 897 1101 siquidem
926 1027 1206 1100 apparuit
1246 1027 1508 1100 primum
1555 1041 1676 1081 non
1723 1023 1832 1079 soli
1865 1021 2256 1093 Magdalenae,

603 1118 709 1174 sed
737 1117 916 1174 etiam
943 1117 1111 1173 alteri
1136 1117 1332 1173 Mariae
1355 1115 1563 1173 Jacobi
1584 1121 1640 1170 et
1661 1115 1819 1183 Jose,
1843 1112 2018 1168 veluti
2050 1127 2261 1168 narra-

601 1208 688 1264 vit
736 1207 1046 1264 Matthaius
1097 1207 1172 1264 ⁷⁸.
1229 1205 1557 1261 Dicendum
1612 1219 1753 1274 ergo
1806 1207 1894 1258 est
1953 1202 2112 1272 quod
2159 1215 2259 1271 per

600 1295 1034 1366 Magdalenam,
1048 1296 1294 1352 alteram
1307 1309 1550 1368 quoque
1563 1291 1936 1363 significavit.
1947 1293 2090 1362 Freq
2099 1289 2256 1346 uenti

602 1392 690 1442 est
712 1386 872 1441 enim
909 1385 972 1441 in
1012 1401 1124 1440 usu
1153 1385 1318 1457 apud
1345 1383 1740 1452 evangelistas
1799 1396 1904 1453 per
1935 1394 2258 1452 personam

602 1491 739 1548 quae
768 1473 1060 1544 insignior
1095 1479 1200 1540 est,
1244 1489 1379 1530 eam
1411 1473 1590 1529 etiam
1621 1470 1966 1540 intelligere,
1997 1485 2124 1539 quae
2152 1468 2257 1522 mi-

602 1579 718 1622 nus
748 1569 890 1621 nota
913 1569 1028 1621 est.
1085 1562 1382 1634 Insignior
1421 1567 1622 1618 autem
1668 1564 1794 1616 erat
1822 1558 2166 1629 Magdaleue
2194 1558 2256 1612 in

602 1655 717 1712 hoc
768 1654 936 1727 quod
977 1653 1284 1711 festinavit
1321 1659 1378 1709 et
1436 1651 1738 1724 praecessit
1795 1651 1871 1706 ad
1899 1663 2256 1706 monumen-

2365 491 2501 562 πρωῒ
2530 491 2726 548 ταύτης
2764 488 2788 538 6
2831 489 3056 559 Χριστός
3106 483 3282 556 ἐφάνη,
3336 485 3520 556 ὁμοίως
3571 481 3618 533 ἐν
3674 480 3890 552 ἐκείνῳ
3940 477 4022 531 δερ

2369 574 2622 636 δηλωται.

2437 866 2694 922 Ζητητέον
2745 858 2825 930 δὲ,
2883 868 2990 920 πῶς
3046 859 3266 912 ἐνταῦθα
3323 862 3612 932 γέγραπται
3678 857 3769 908 ὅτι
3849 854 4014 927 ἐφάνη

2368 961 2568 1026 πρῶτον
2613 955 2792 1025 Μαρίᾳ
2828 958 2889 1022 τῇ
2933 945 3282 1020 Μαγδαληνῇ.
3319 948 3427 1001 Καὶ
3477 950 3575 1019 γὰρ
3627 944 3808 1017 ἐφάνη
3872 954 4016 1017 πρᾶξ-

2368 1061 2452 1094 τον
2492 1041 2550 1093 οὐ
2593 1049 2654 1112 τῇ
2706 1036 3031 1111 Μαγδαληνῇ
3093 1043 3245 1110 μόνη,
3293 1036 3421 1088 ἀλλὰ
3473 1041 3557 1086 καὶ
3607 1043 3670 1107 τῇ
3721 1034 3914 1106 ἄλλῃ,
3959 1043 4014 1103 τῇ

2367 1138 2459 1183 τοῦ
2488 1129 2736 1182 Ἰακώϐου
2782 1133 2872 1180 καὶ
2915 1130 3031 1197 (83)
3059 1135 3150 1178 τοῦ
3183 1127 3359 1190 Ἰωσῆ,
3409 1127 3580 1186 καθὼς
3633 1127 3658 1176 6
3713 1127 4014 1181 Ματθπῐςις

2371 1222 2668 1294 ἱστόρησεν.
2703 1221 2882 1272 Ἔστιν
2937 1216 3024 1268 οὖν
3077 1223 3232 1268 εἰπεῖν
3282 1217 3363 1266 ὅτι
3407 1212 3500 1267 διὰ
3541 1221 3631 1273 τῆς
3677 1209 4012 1284 Mar-yria):-

2366 1318 2457 1370 νῆς
2505 1313 2592 1359 καὶ
2636 1312 2728 1366 τὴν
2775 1306 2932 1364 οὒιλην
2981 1302 3259 1363 ἐδήλωσεν.
3314 1303 3459 1364 ’Έθος
3505 1305 3606 1374 γὰρ
3656 1310 3776 1363 τοῖς
3843 1303 4009 1372 εὐαγ-

2365 1397 2630 1470 γελισταῐς
2677 1396 2724 1448 ἐν
2781 1395 2984 1456 πολλοῖς
3035 1391 3126 1447 διὰ
3185 1402 3277 1446 τοῦ
3339 1392 3725 1466 ἐπισημοτέρου
3775 1400 4008 1466 προσω-

2365 1507 2463 1540 που
2516 1493 2605 1539 καὶ
2661 1491 2718 1538 τὸ
2771 1489 2864 1538 σὺν
2922 1485 3095 1555 ἐκείνῳ
3145 1482 3422 1556 ἐμφαίνειν.
3473 1485 3892 1553 Ἐπισημοτέρα
3951 1478 4005 1532 δε

2365 1579 2394 1636 ἡ
2455 1573 2776 1647 Μαγδαληνὴ
2829 1577 2964 1626 κατὰ
3022 1577 3078 1626 τὸ
3136 1568 3456 1632 σπουδάζειν
3503 1576 3591 1623 καὶ
3653 1574 4003 1644 προπορεύε-

2367 1669 2493 1718 σθαι
2544 1664 2628 1717 ἐπὶ
2670 1668 2725 1717 τὸ
2772 1671 3038 1737 μνημεῖον,
3092 1661 3288 1719 Πολλὴν
3341 1663 3440 1733 γὰρ
3499 1657 3612 1730 εἶχε
3653 1662 3875 1732 θέρμην
3925 1667 4002 1711 πὶ-

602 1750 732 1802 tum
756 1764 770 1798 :
797 1742 988 1800 multo
1006 1743 1166 1800 enim
1183 1741 1323 1799 ﬁdei
1339 1742 1400 1798 in
1423 1740 1715 1797 Christum
1742 1739 1938 1796 calore
1966 1737 2250 1803 fervebat,

2369 1774 2523 1815 στεως
2571 1754 2640 1815 εἰς
2685 1757 2938 1827 Χριστὸν,
2974 1751 3210 1824 μεγάλως
3254 1750 3652 1825 εὐεργετηθείσα
3713 1749 3860 1822 παρ’
3913 1750 3993 1800 αὐ-

602 1837 807 1905 utpote
836 1846 1060 1903 magno
1089 1831 1168 1888 ab
1198 1846 1268 1888 eo
1287 1829 1499 1887 affecta
1526 1827 1818 1886 beneﬁcio
1849 1844 1862 1883 :
1895 1843 2032 1884 cum
2059 1827 2255 1899 ipsam

602 1935 640 1978 a
669 1924 900 1993 septem
937 1919 1252 1977 daamoniis
1278 1918 1641 1977 liberaverit.

673 2011 844 2068 Vers.
883 2012 978 2069 10.
1007 2010 1115 2066 Illa
1148 2040 1218 2050 —
1269 2009 1545 2080 ﬂentibus.
1608 2008 1731 2064 Hoc
1781 2011 1871 2064 est
1928 2005 2254 2078 discipulis,

601 2099 708 2172 qui
736 2115 875 2156 cum
905 2115 976 2157 eo
1004 2099 1218 2156 versati
1245 2098 1496 2165 fuerant,
1538 2099 1641 2170 qui
1670 2097 1868 2169 ipsum
1901 2095 2081 2150 secuti
2135 2094 2258 2150 fue-

600 2194 762 2246 rant:
785 2189 1106 2246 nonsolum
1123 2188 1426 2254 undecim,
1443 2203 1654 2243 verum
1674 2186 1852 2242 etiam
1874 2185 2256 2256 septuaginta

601 2278 868 2337 duobus.
907 2278 1030 2336 Hoc
1065 2278 1265 2350 itaque
1295 2278 1411 2335 illis
1457 2274 1815 2333 renuntiavit
1835 2275 1948 2331 ista
2005 2288 2150 2329 sane
2203 2279 2256 2328 et

602 2368 789 2427 altera
816 2368 1022 2439 Maria,
1051 2367 1492 2424 Attestabantur
1542 2369 1742 2421 autem
1800 2367 1856 2418 et
1893 2363 2022 2419 alia;
2054 2361 2255 2418 mulie-

602 2475 714 2525 res,
745 2459 898 2514 sicut
921 2457 1159 2529 scripsit
1186 2458 1370 2513 Lucas
1397 2457 1444 2491 79
1483 2471 1496 2522 ;
1529 2454 1604 2509 de
1634 2453 1854 2526 quibus
1885 2468 2088 2524 quaere
2110 2469 2255 2524 prai-

601 2548 761 2604 dicto
789 2545 1091 2618 Evangelii
1110 2546 1282 2617 juxta
1319 2543 1654 2601 Matthaaum
1703 2542 1897 2614 capite
1928 2543 2252 2598 enarratio-

602 2653 736 2692 nem
773 2636 928 2691 illius
973 2635 1156 2690 dicti:
1197 2633 1296 2688 Illi
1336 2639 1515 2688 autem
1559 2632 1786 2702 sumptis
1826 2631 2077 2703 pecuniis
2121 2632 2254 2701 fece-

600 2731 733 2780 ruut
757 2731 918 2796 prout
945 2723 1093 2778 docti
1121 2728 1278 2778 erant
1303 2721 1377 2778 ⁸ο.

671 2814 837 2870 Vers.
873 2814 962 2871 12.
990 2813 1117 2867 Post
1136 2812 1254 2868 haec
1274 2818 1543 2867 autem—
1562 2811 1729 2867 Vers.
1758 2812 1823 2866 13
1840 2854 1852 2866 .
1877 2810 2249 2866 crediderunt.

600 2901 670 2957 Hi
698 2900 815 2958 duo
844 2916 918 2957 ex
944 2901 1322 2973 septuaginta
1353 2899 1658 2971 discipulis
1687 2903 1878 2954 erant.
1912 2901 1978 2953 Et
2001 2899 2250 2970 quidam

596 2992 827 3057 dicunt,
839 3006 942 3048 eos
953 3005 1081 3046 esse
1094 2990 1374 3062 Cleopam
1390 2993 1617 3055 eteum,
1631 2989 1735 3061 qui
1748 3005 1885 3044 cum
1899 2989 2028 3061 ipso
2043 3005 2249 3061 perge-

596 3082 775 3138 batin
788 3080 1100 3138 castellum
1117 3081 1360 3136 nomine
1379 3082 1683 3149 Emmaus,
1716 3079 1788 3133 de
1811 3079 2032 3150 quibus
2049 3095 2250 3134 narra-
2286 3110 2326 3165 ο

598 3171 678 3228 vit
707 3171 895 3227 Lucas
925 3171 1001 3226 ⁸1.
1029 3169 1142 3227 Sed
1172 3170 1287 3225 hoc
1313 3169 1544 3224 videtur
1571 3168 1725 3224 dictu
1757 3167 2112 3225 absurdum.
2149 3168 2248 3222 His

598 3259 918 3333 siquidem,
943 3275 1082 3315 cum
1101 3259 1568 3323 renuntiassent,
1590 3272 1711 3312 non
1743 3263 1828 3312 est
1850 3257 2056 3313 habita
2079 3255 2244 3324 fides,

595 3349 677 3406 illi
734 3364 870 3406 vero
923 3348 1116 3418 magis
1171 3347 1529 3404 invenerunt
1580 3345 1884 3418 apostolos
1938 3347 2244 3401 dicentes:

595 3440 850 3496 Surrexit
896 3438 1156 3496 Dominus
1184 3454 1303 3493 vere
1340 3444 1390 3492 et
1420 3439 1570 3493 visus
1595 3443 1670 3491 est
1718 3454 1754 3490 a
1810 3439 2046 3492 Simone.
2075 3436 2251 3491 Mani-

594 3529 813 3585 festum
841 3543 983 3600 ergo
1009 3532 1116 3594 est,
1145 3527 1296 3584 alios
1327 3542 1428 3582 ese
1448 3526 1579 3582 illos
1609 3530 1664 3581 et
1683 3526 1835 3583 alios
1858 3527 1998 3583 istos
2027 3547 2039 3581 :
2064 3525 2251 3581 fuisse

594 3622 797 3676 tamen
816 3621 874 3674 et
901 3617 1013 3674 hos
1039 3621 1095 3673 et
1114 3616 1246 3673 illos
1278 3632 1350 3672 ex
1376 3615 1781 3688 septuaginta.

668 3708 935 3763 Primum
965 3705 1167 3778 itaque
1197 3706 1472 3778 apparuit
1502 3705 1761 3761 Christus
1802 3704 2165 3775 Magdalenae
2196 3707 2254 3759 et

595 3797 762 3856 alteri
790 3796 1001 3862 Marias,
1026 3794 1242 3851 deinde
1271 3795 1364 3850 his
1389 3794 1642 3859 duobus,
1666 3794 2030 3866 posmodum
2059 3798 2248 3860 Petro,

594 3886 841 3943 demum
867 3901 1006 3941 vero
1031 3884 1145 3940 illis
1184 3883 1446 3940 duobus.
1489 3885 1639 3940 Sane
1672 3883 1764 3938 his
1786 3899 1904 3938 non
1939 3889 2024 3938 est
2045 3883 2252 3939 habita

594 3976 775 4043 ﬁdes;
822 3973 996 4030 Petro
1048 3988 1189 4028 vero
1252 3979 1542 4043 tanquam
1590 3988 1825 4026 summo
1873 3988 1943 4027 ac
1995 3971 2250 4044 principi

593 4070 944 4121 casterorum
957 4061 1250 4117 creditum
1269 4065 1378 4130 est,
1402 4061 1553 4116 etita
1575 4059 1691 4116 duo
1713 4061 1816 4131 qui
1843 4061 2005 4132 apud
2027 4061 2246 4117 Lucam

595 4153 672 4208 ab
693 4155 977 4207 Emmaus
1001 4149 1223 4205 reversi
1245 4153 1402 4214 sunt,
1425 4147 1781 4204 invenerunt
1802 4149 2135 4221 aspostolos
2161 4151 2250 4206 di-

594 4246 836 4297 centes:
876 4239 1136 4294 Surrexit
1175 4237 1437 4292 Dominus
1494 4254 1634 4308 vere,
1661 4245 1712 4293 et
1757 4238 1908 4293 visus
1948 4246 2025 4294 est
2084 4258 2115 4294 a
2161 4241 2247 4297 Si-

593 4347 742 4386 mone
768 4329 814 4366 ⁸³
828 4371 842 4386 .
863 4360 930 4370 -
946 4331 1013 4385 Et
1027 4327 1118 4383 hae
1136 4342 1346 4384 omnes
1359 4325 1763 4400 apparitiones
1786 4328 1846 4384 in
1865 4327 1960 4385 die
1987 4345 2246 4388 resurre-

593 4420 804 4478 ctionis
841 4418 1010 4476 factae
1043 4423 1202 4477 sunt.

663 4511 834 4567 Vers.
866 4510 958 4566 14.
983 4509 1171 4564 Postea
1196 4539 1257 4549 —
1280 4507 1658 4564 crediderant.
1679 4540 1749 4550 —
1772 4511 1988 4576 Postea,
2013 4516 2244 4582 postca-
2275 4503 2321 4556 D

591 4616 780 4674 quam
808 4598 1074 4656 videlicet
1102 4597 1381 4655 certiores
1425 4597 1560 4654 facti
1599 4597 1834 4655 fuerant
1858 4616 1893 4655 a
1934 4600 2118 4666 Petro,
2149 4618 2245 4657 ve-

590 4694 922 4761 nerantque
955 4687 1203 4760 Cleopas
1224 4692 1281 4744 et
1333 4703 1535 4744 comes
1586 4687 1734 4758 ejus,
1765 4704 1834 4744 ac
1865 4695 2246 4747 narraverant

591 4795 729 4853 quae
746 4778 858 4834 sibi
891 4778 953 4834 in
983 4777 1082 4834 via
1107 4776 1448 4833 acciderant
1480 4794 1492 4832 :
1518 4782 1572 4832 et
1602 4777 1906 4848 quomodo
1935 4778 2012 4833 ab
2043 4779 2126 4835 eis
2149 4796 2244 4835 co-

590 4868 789 4940 gnitus
805 4866 998 4924 fuerat
1013 4866 1073 4921 in
1100 4866 1384 4922 fractione
1403 4867 1591 4937 panis,
1613 4867 1762 4922 sicut
1778 4866 1923 4922 dixit
1944 4870 2129 4924 Lucas
2159 4871 2232 4928 ⁸³.

590 4957 684 5013 Ait
713 4957 874 5012 enim
905 4956 1032 5029 ipse
1066 4971 1079 5010 :
1111 4956 1261 5013 Haec
1289 4955 1416 5010 illis
1458 4955 1790 5026 loquentibus
1821 4958 1930 5027 ipse
1958 4958 2111 5014 Jesus
2138 4967 2240 5014 ste-

592 5047 662 5104 tit
680 5048 742 5102 in
756 5046 928 5102 medio
949 5061 1154 5113 eorum,
1169 5052 1216 5100 et
1229 5046 1309 5100 ait
1323 5045 1471 5100 illis:
1492 5047 1607 5099 Pas:
1618 5045 1760 5101 vobis
1780 5047 1847 5118 3‘,
1870 5053 1981 5104 etc.
2000 5049 2118 5104 Hoc
2133 5065 2241 5105 au-

661 5199 711 5234 "
742 5197 952 5254 Matth.
995 5212 1199 5266 xxvul,
1222 5201 1280 5254 9.

589 5285 743 5345 ibid.
790 5287 886 5344 35.
971 5287 1019 5324 ⁸⁴
1049 5285 1177 5343 ibid
1217 5285 1313 5344 36.

1367 5199 1412 5232 7°
1447 5199 1588 5255 Luc.
1624 5214 1783 5266 xxiv,
1833 5201 1925 5258 to.

2011 5201 2058 5237 ⁸ο
2106 5202 2324 5260 Matth.
2386 5215 2586 5269 xxvm,
2629 5201 2718 5255 15.

2365 1851 2476 1898 τοῦ.
2509 1843 2672 1896 Ἑπτὰ
2699 1846 2797 1915 γὰρ
2829 1838 3110 1913 δαιμονίων
3141 1841 3335 1897 ταύτην
3363 1837 3675 1900 ἀπὰλλαξεν.

2438 2020 2636 2076 Ἐκείνη
2694 2051 2746 2060 --
2821 2017 3089 2072 κλαίουσι.
3142 2023 3263 2078 Τοῖς
3320 2016 3431 2087 μετ’
3494 2014 3651 2068 αὐτοῦ
3711 2014 3996 2089 ἀναστρα-

2367 2114 2523 2180 φεῐσι,
2582 2115 2689 2169 τοίς
2749 2107 2888 2177 αὐτῷ
2960 2106 3355 2163 ἀκολουθήσασι
3415 2106 3693 2175 μαθηταῖς,
3759 2106 3826 2156 οὐ
3889 2114 3996 2165 τοῖς

2367 2193 2547 2248 ἕνδεκα
2602 2201 2776 2268 μόνον,
2831 2195 2957 2247 ἀλλὰ
3013 2201 3100 2247 καὶ
3166 2203 3274 2255 τοῖς
3337 2203 3432 2255 τῆς
3487 2191 3991 2265 ἐϐδομηκοντάδος.

2367 2285 2677 2356 Ἀπήγγειλε
2722 2288 2810 2356 μὲν
2858 2285 2944 2336 οὖν
2989 2292 3141 2336 τοῦτο
3180 2283 3354 2343 αὐτοῖς
3411 2284 3560 2339 αὕτη.
3603 2288 3708 2335 Ναὶ
3761 2289 3873 2354 μὴν
3905 2295 3992 2334 και

2366 2376 2396 2431 ἡ
2431 2374 2556 2432 άλλη
2590 2378 2786 2445 Μαρία.
2831 2373 3245 2445 Ἐπεμαρτυρουν
3278 2369 3336 2424 δὲ
3365 2377 3453 2423 καὶ
3503 2374 3554 2423 αἰ
3598 2374 3776 2446 ἕτεραι
3808 2381 3990 2444 γυναῐο

2365 2483 2464 2528 κες,
2519 2466 2587 2524 ὡς
2648 2464 2672 2514 6
2729 2468 2932 2522 Λουκᾶς
2984 2462 3197 2536 ἔγραψε,
3254 2466 3370 2534 περὶ
3434 2463 3500 2512 ὧν
3543 2462 3784 2521 ζήτησον
3821 2463 3871 2514 ἐν
3917 2472 3987 2530 τῷ

2364 2551 2702 2626 προλεχθέντι
2767 2551 3023 2623 κεφαλαίῳ
3080 2559 3170 2602 τοῦ
3221 2553 3352 2602 κατά
3395 2551 3660 2603 ΙὶΙατθαίον
3701 2555 3805 2608 τὴν
3865 2552 3984 2613 ἐξέ-

2362 2661 2520 2713 γησιν
2550 2648 2660 2694 τοῦ.
2715 2643 2780 2692 Οἱ
2815 2637 2893 2706 δὲ,
2936 2638 3172 2701 λαϐόντες
3226 2642 3290 2691 τὰ
3321 2638 3564 2712 ἀργύρια,
3599 2637 3872 2697 ἐποίησαν
3915 2644 3985 2700 ως

2362 2727 2634 2802 ἐδιδάχθη
2644 2749 2739 2781 σαν
2752 2772 2763 2784 .

2433 2822 2573 2876 Μετά
2620 2816 2678 2871 δὲ
2727 2825 2892 2869 ταῦτα
2947 2847 3014 2859 -
3063 2816 3394 2872 ἐπίστευσαν.
3448 2817 3604 2869 Οὔτοι
3655 2818 3705 2868 οἱ
3772 2813 3881 2870 δύο
3925 2818 3976 2869 £1

2360 2915 2460 2960 τῶν
2499 2905 2858 2975 ἐϐδομήκοντα
2905 2908 3150 2978 μαθητῶν
3193 2907 3349 2964 ἦσαν.
3413 2906 3516 2959 Καὶ
3559 2909 3690 2966 τινὲς
3897 2907 3978 2959 λέ·-

2358 3015 2542 3069 γουσιν
2595 2993 2724 3048 εἶναι
2792 2995 2983 3057 αὐτοὺς
3058 2995 3288 3048 Κλεόπαν
3355 3001 3443 3046 καὶ
3503 2998 3588 3046 τὸν
3644 2998 3739 3046 σὺν
3795 2995 3977 3065 ἐκείνῳ

2360 3090 2696 3157 πορευόμενον
2746 3085 2816 3145 εἰς
2862 3091 3061 3158 κώμην,
3175 3088 3334 3156 ὄνομα
3384 3084 3665 3156 Ἐμμαοῦς,
3724 3089 3836 3156 περὶ
3896 3085 3971 3133 ὧν

2361 3175 2386 3224 6
2422 3179 2622 3234 Λουκᾶς
2670 3176 2945 3247 ἱστόρησεν
2975 3191 2985 3203 ·
3019 3171 3164 3225 δοκεῖ
3209 3170 3268 3225 δὲ
3298 3175 3322 3224 6
3353 3173 3500 3243 λόγος
3547 3171 3808 3232 ἀπίθανος.
3864 3171 3973 3223 Οὗο

2358 3281 2440 3314 τοι
2497 3265 2586 3334 μὲν
2637 3265 2760 3338 γὰρ,
2817 3262 3240 3334 ἀπαγγείλαντες,
3299 3263 3672 3320 ἠπιστήθησαν
3709 3282 3721 3294 ο
3783 3259 3973 3312 ἐκεῖνοι

2363 3348 2421 3404 δὲ
2486 3352 2676 3424 μᾶλλον
2751 3351 2895 3426 εὖρον
2963 3356 3081 3412 τοὺς
3160 3352 3480 3412 ἀποστόλους
3543 3351 3801 3422 λέγοντας,
3889 3352 3971 3402 ὃτι

2363 3439 2583 3512 Ἠγέρθη
2633 3442 2658 3492 6
2704 3441 2896 3514 Κύριος
2952 3445 3127 3504 ὄντως,
3190 3446 3280 3492 καὶ
3337 3443 3482 3512 ὤφθη
3537 3445 3749 3512 Σίμωνι.
3805 3439 3970 3498 Δῆλον

2363 3525 2450 3580 οὖν
2505 3531 2584 3580 ὅτι
2645 3530 2807 3600 ἕτεροι
2864 3525 3026 3594 οὗτοι,
3087 3534 3176 3581 καὶ
3240 3529 3399 3602 ἕτεροι
3450 3527 3652 3581 ἐκεῖνοι.
3719 3528 3808 3580 Ἐκ
3867 3538 3968 3580 τῶν

2365 3613 2724 3690 ἐϐδομήκοντα
2745 3615 2804 3670 δὲ
2829 3622 2917 3670 καὶ
2946 3619 3091 3670 οὗτοι
3116 3616 3363 3670 κάκεῖνοι.

2436 3714 2645 3780 Πρῶτον
2691 3711 2780 3779 μὲν
2824 3705 2912 3759 οὖν
2943 3709 2968 3758 6
3013 3711 3238 3782 Χριστός
3289 3705 3588 3778 ἐνεφανίσθη
3644 3714 3705 3778 τῇ
3741 3703 3966 3778 Μαγδα-

2361 3795 2486 3869 ληνῇ
2521 3802 2610 3850 καὶ
2648 3805 2710 3869 τῇ
2743 3796 2893 3869 ἄλλη,
2927 3798 3034 3849 εἶτα
3075 3805 3136 3869 τῇ
3199 3793 3364 3848 δυάδι
3416 3799 3630 3860 τούτων,
3690 3798 3864 3848 ἔπειτα
3894 3805 3964 3866 τῷ

2362 3891 2557 3958 Πέτρῳ·
2614 3889 2741 3958 μετὰ
2794 3894 2945 3938 τοῦτο
3007 3883 3064 3938 δὲ
3130 3893 3191 3957 τῇ
3249 3882 3414 3937 δυάδι
3466 3884 3689 3937 ἐκείνων.
3740 3887 3825 3936 Διό
3872 3890 3962 3935 καὶ

2361 3975 2503 4027 οὗτοι
2548 3978 2636 4047 μὲν
2674 3976 3046 4033 ἠπιστήθησαν
3083 3993 3092 4003 ·
3128 3977 3152 4026 6
3196 3971 3253 4026 δὲ
3287 3979 3497 4047 Πέτρος,
3557 3978 3629 4036 ὡς
3684 3981 3960 4044 κορυφαῖος

2360 4067 2580 4134 πάντων,
2658 4064 2954 4121 ἐπιστεύθη.
3015 4065 3113 4118 Καὶ
3172 4064 3347 4116 λοιπόν
3410 4063 3639 4124 ἐλθόντες
3705 4066 3753 4114 οἱ
3819 4067 3961 4135 παρὰ

2360 4163 2430 4224 τῷ
2476 4159 2656 4224 Λουκᾴ
2712 4150 2828 4223 δύο,
2871 4154 3014 4227 εὗρον
3050 4158 3171 4215 τοὺς
3224 4152 3544 4213 ἀποστόλους
3598 4153 3831 4224 λέγοντας
3881 4155 3958 4207 ὅτι

2361 4245 2632 4318 Ἠγέρθηὸ
2668 4245 2856 4316 Κύριος
2899 4244 3074 4306 ὅντως,
3125 4247 3214 4294 καὶ
3265 4245 3408 4315 ὤφθη
3444 4247 3654 4314 Σίμωνι.
3692 4243 3774 4295 Ἐν
3821 4241 3951 4313 αὐτῇ

2361 4331 2418 4388 δὲ
2457 4341 2518 4405 τῇ
2569 4334 2738 4405 ἡμέρᾳ
2767 4340 2856 4392 τῆς
2906 4330 3237 4394 ἀναστάσεως
3278 4333 3332 4384 αἱ
3363 4331 3616 4384 ὀπτασίαι
3646 4332 3755 4403 (84)
3801 4330 3953 4382 αὗται

2355 4431 2523 4477 πᾶσαι
2548 4425 2839 4494 γεγόνασιν.

2424 4511 2667 4586 ’Υστερον
2750 4543 2818 4552 -
2897 4509 3229 4564 ἐπίστευσαν.
3330 4510 3587 4586 Ὕστερον,
3671 4509 3797 4579 μετὰ
3878 4513 3938 4560 τὸ

2354 4602 2815 4677 πληροφορηθῆναι
2861 4598 3048 4662 αὐτοὺς
3117 4601 3260 4674 παρὰ
3327 4607 3417 4651 τοῦ
3470 4603 3677 4672 Πέτρου,
3733 4600 3820 4648 καὶ
3864 4595 3938 4648 ἑλ-

2357 4695 2495 4745 σθεῐν
2524 4701 2687 4742 τόντε
2732 4689 2963 4744 Κλεόπαν
2995 4693 3084 4740 καὶ
3131 4691 3218 4740 τόν
3265 4692 3358 4740 σὺν
3419 4688 3582 4758 αὐτῷ,
3629 4691 3717 4738 καὶ
3757 4685 3945 4758 ἐξηγεῖ-

2355 4784 2478 4835 σθαι
2508 4782 2572 4832 τὰ
2608 4779 2657 4832 ἐν
2690 4787 2750 4851 τῇ
2798 4774 2927 4849 ὁδῷ,
2966 4782 3049 4830 καὶ
3087 4780 3155 4838 ὡς
3201 4775 3429 4849 ἐγνώσθη
3464 4777 3638 4838 αὐτοῖς
3668 4774 3714 4828 ἐν
3741 4782 3798 4848 τῇ
3831 4775 3945 4827 κλάα

2356 4889 2434 4922 σει
2473 4877 2562 4921 τοῦ
2590 4870 2769 4943 ἄρτου,
2803 4869 2973 4928 καθὼς
3012 4869 3209 4939 εἴρηκεν
3250 4868 3274 4917 ό
3324 4872 3544 4926 Λουκᾶς.
3599 4870 3737 4924 Φησὶ
3780 4868 3872 4937 γὰρ
3919 4867 3943 4917 6

2351 4960 2502 5020 οὗτὸς
2579 4960 2658 5010 ὅτι
2712 4965 2890 5009 Ταῦτα
2959 4955 3126 5008 αὐτῶν
3357 4955 3642 5007 λαλούντων
3713 4960 3801 5007 καὶ
3851 4955 3946 5006 αὗ-

2348 5053 2434 5110 τός
2491 5050 2515 5099 6
2580 5049 2786 5107 Ἰησοῦς
2861 5048 2984 5103 ἔστη
3057 5043 3106 5096 ἐν
3187 5048 3331 5117 μέσῳ
3397 5044 3587 5113 αὐτῶν,
3657 5049 3747 5096 καὶ
3819 5043 3936 5115 λέγει

2805 5198 2847 5233 ⁶¹
2878 5197 3016 5254 Luc.
3054 5211 3208 5263 xxrv,
3243 5197 3331 5253 l3.
3415 5197 3462 5232 ⁸³
3518 5195 3668 5254 ibid.
3717 5199 3811 5252 34.
3891 5196 3935 5232 ⁸³

1789 5415 2015 5486 Variae
2060 5416 2385 5488 lectiones
2438 5426 2504 5489 et
2535 5425 2737 5487 notae.

659 5579 773 5729 (83g
807 5584 908 5667 Κειὶ
934 5580 1128 5664 Ἰωσῆ..
1151 5581 1392 5664 sublato
1419 5597 1630 5642 rasura
1656 5587 1768 5653 καί,
1801 5589 1866 5643 ut
1901 5587 2140 5660 opinor,
2173 5588 2233 5646 Β.

659 5651 750 5729 (84
792 5659 980 5725 Αυται,
1011 5657 1227 5715 οωιιιιι
1246 5655 1323 5714 Δ.

658 5651 772 5734 (84)
792 5651 980 5725 aiam,
1011 5653 1227 5715 omittit
1246 5655 1323 5714 Δ.

2417 5589 2529 5664 (85)
2552 5587 2856 5644 Λαλούντων
2891 5588 3062 5645 αὐτῶν
3090 5590 3164 5646 Α.
