  <div class='ocr_page' id='page_1' title='image "/cluster/home/n/w/nwhite01/storage/ocr_20150623/129/mdp.39015061528470/436.png"; bbox 0 0 4170 6364; ppageno 0'>
   <div class='ocr_carea' id='block_1_1' title="bbox 148 342 283 398">
    <p class='ocr_par' dir='ltr' id='par_1_1' title="bbox 148 342 283 398">
     <span class='ocr_line' id='line_1_1' title="bbox 148 342 283 398; baseline -0.007 0"><span class='ocrx_word' id='word_1_1' title='bbox 148 342 283 398; x_wconf 74' lang='grc'>849</span> 
     </span>
    </p>
   </div>
   <div class='ocr_carea' id='block_1_2' title="bbox 1276 336 2581 395">
    <p class='ocr_par' dir='ltr' id='par_1_2' title="bbox 1276 336 2581 395">
     <span class='ocr_line' id='line_1_2' title="bbox 1276 336 2581 395; baseline -0.001 -1"><span class='ocrx_word' id='word_1_2' title='bbox 1276 338 1645 395; x_wconf 86' lang='lat' dir='ltr'>COMMENT.</span> <span class='ocrx_word' id='word_1_3' title='bbox 1686 337 1757 392; x_wconf 90' lang='lat' dir='ltr'>IN</span> <span class='ocrx_word' id='word_1_4' title='bbox 1795 336 2127 394; x_wconf 77' lang='lat' dir='ltr'>MARCUM.</span> <span class='ocrx_word' id='word_1_5' title='bbox 2158 368 2225 377; x_wconf 93' lang='lat'>-—</span> <span class='ocrx_word' id='word_1_6' title='bbox 2252 337 2405 393; x_wconf 89' lang='lat' dir='ltr'>CAP.</span> <span class='ocrx_word' id='word_1_7' title='bbox 2438 337 2581 393; x_wconf 89' lang='lat' dir='ltr'>XVI.</span> 
     </span>
    </p>
   </div>
   <div class='ocr_carea' id='block_1_3' title="bbox 3450 340 3556 397">
    <p class='ocr_par' dir='ltr' id='par_1_3' title="bbox 3450 340 3556 397">
     <span class='ocr_line' id='line_1_3' title="bbox 3450 340 3556 397; baseline 0.009 -1"><span class='ocrx_word' id='word_1_8' title='bbox 3450 340 3556 397; x_wconf 88' lang='lat'>850</span> 
     </span>
    </p>
   </div>
   <div class='ocr_carea' id='block_1_4' title="bbox 156 459 1783 541">
    <p class='ocr_par' dir='ltr' id='par_1_4' title="bbox 156 463 1783 541">
     <span class='ocr_line' id='line_1_4' title="bbox 156 463 1783 541; baseline -0.004 -20"><span class='ocrx_word' id='word_1_9' title='bbox 156 468 391 537; x_wconf 77' lang='grc' dir='ltr'>αὐτοῖς,</span> <span class='ocrx_word' id='word_1_10' title='bbox 452 468 640 541; x_wconf 81' lang='grc' dir='ltr'><strong>Εἰρήνη</strong></span> <span class='ocrx_word' id='word_1_11' title='bbox 700 469 841 539; x_wconf 84' lang='grc' dir='ltr'>ύμῖν,</span> <span class='ocrx_word' id='word_1_12' title='bbox 898 472 988 519; x_wconf 85' lang='grc' dir='ltr'>καὶ</span> <span class='ocrx_word' id='word_1_13' title='bbox 1050 470 1115 519; x_wconf 77' lang='grc' dir='ltr'>τὰ</span> <span class='ocrx_word' id='word_1_14' title='bbox 1173 465 1305 528; x_wconf 80' lang='grc' dir='ltr'>ἑξῆς.</span> <span class='ocrx_word' id='word_1_15' title='bbox 1351 466 1432 517; x_wconf 86' lang='grc' dir='ltr'>Ἐν</span> <span class='ocrx_word' id='word_1_16' title='bbox 1479 472 1542 536; x_wconf 79' lang='grc' dir='ltr'>τῇ</span> <span class='ocrx_word' id='word_1_17' title='bbox 1598 463 1783 535; x_wconf 73' lang='grc' dir='ltr'>ἑσπέρᾳ</span> 
     </span>
    </p>
   </div>
   <div class='ocr_carea' id='block_1_5' title="bbox 1901 459 3557 541">
    <p class='ocr_par' dir='ltr' id='par_1_5' title="bbox 1901 462 3557 540">
     <span class='ocr_line' id='line_1_5' title="bbox 1901 462 3557 540; baseline 0.004 -23"><span class='ocrx_word' id='word_1_18' title='bbox 1901 466 2017 518; x_wconf 85' lang='lat' dir='ltr'>tem</span> <span class='ocrx_word' id='word_1_19' title='bbox 2052 463 2307 519; x_wconf 89' lang='lat' dir='ltr'>etiamin</span> <span class='ocrx_word' id='word_1_20' title='bbox 2346 462 2615 533; x_wconf 84' lang='lat' dir='ltr'>ejusdem</span> <span class='ocrx_word' id='word_1_21' title='bbox 2641 463 3023 537; x_wconf 64' lang='lat' dir='ltr'>dieivespera</span> <span class='ocrx_word' id='word_1_22' title='bbox 3041 465 3279 523; x_wconf 90' lang='lat' dir='ltr'>accidit.</span> <span class='ocrx_word' id='word_1_23' title='bbox 3314 466 3557 540; x_wconf 82' lang='lat' dir='ltr'>Scripsit</span> 
     </span>
    </p>
   </div>
   <div class='ocr_carea' id='block_1_6' title="bbox 160 551 1790 631">
    <p class='ocr_par' dir='ltr' id='par_1_6' title="bbox 160 551 1790 631">
     <span class='ocr_line' id='line_1_6' title="bbox 160 551 1790 631; baseline -0.004 -20"><span class='ocrx_word' id='word_1_24' title='bbox 160 556 233 611; x_wconf 65' lang='lat' dir='ltr'>de</span> <span class='ocrx_word' id='word_1_25' title='bbox 292 567 397 619; x_wconf 84' lang='grc' dir='ltr'>τῆς</span> <span class='ocrx_word' id='word_1_26' title='bbox 451 558 611 618; x_wconf 69' lang='grc' dir='ltr'>αὐτῆς</span> <span class='ocrx_word' id='word_1_27' title='bbox 685 559 877 631; x_wconf 79' lang='grc' dir='ltr'>ἡμέρας</span> <span class='ocrx_word' id='word_1_28' title='bbox 928 562 1017 609; x_wconf 85' lang='grc' dir='ltr'>καὶ</span> <span class='ocrx_word' id='word_1_29' title='bbox 1063 564 1214 608; x_wconf 86' lang='grc' dir='ltr'>τοῦτο</span> <span class='ocrx_word' id='word_1_30' title='bbox 1265 560 1487 626; x_wconf 83' lang='grc' dir='ltr'>γέγονεν.</span> <span class='ocrx_word' id='word_1_31' title='bbox 1554 551 1790 625; x_wconf 75' lang='grc' dir='ltr'>Ἔγραψε</span> 
     </span>
    </p>
   </div>
   <div class='ocr_carea' id='block_1_7' title="bbox 155 643 1790 721">
    <p class='ocr_par' dir='ltr' id='par_1_7' title="bbox 155 643 1790 721">
     <span class='ocr_line' id='line_1_7' title="bbox 155 643 1790 721; baseline -0.005 -22"><span class='ocrx_word' id='word_1_32' title='bbox 155 650 275 721; x_wconf 76' lang='grc' dir='ltr'>γὰρ</span> <span class='ocrx_word' id='word_1_33' title='bbox 341 652 431 698; x_wconf 84' lang='grc' dir='ltr'>καὶ</span> <span class='ocrx_word' id='word_1_34' title='bbox 503 648 528 697; x_wconf 90' lang='lat'>6</span> <span class='ocrx_word' id='word_1_35' title='bbox 579 647 817 707; x_wconf 76' lang='grc' dir='ltr'>Ἰωάννης</span> <span class='ocrx_word' id='word_1_36' title='bbox 864 647 943 698; x_wconf 84' lang='grc' dir='ltr'>ὅτι</span> <span class='ocrx_word' id='word_1_37' title='bbox 1004 645 1183 705; x_wconf 72' lang='grc' dir='ltr'>Οὔσης</span> <span class='ocrx_word' id='word_1_38' title='bbox 1258 643 1428 713; x_wconf 79' lang='grc' dir='ltr'>ὀψίας,</span> <span class='ocrx_word' id='word_1_39' title='bbox 1485 650 1546 713; x_wconf 77' lang='grc' dir='ltr'>τῇ</span> <span class='ocrx_word' id='word_1_40' title='bbox 1621 644 1790 714; x_wconf 74' lang='grc' dir='ltr'>ἡμέρᾳ</span> 
     </span>
    </p>
   </div>
   <div class='ocr_carea' id='block_1_8' title="bbox 160 732 1787 809">
    <p class='ocr_par' dir='ltr' id='par_1_8' title="bbox 160 732 1787 809">
     <span class='ocr_line' id='line_1_8' title="bbox 160 732 1787 809; baseline -0.005 -21"><span class='ocrx_word' id='word_1_41' title='bbox 160 735 374 809; x_wconf 69' lang='grc' dir='ltr'>ἐκείνῃ,</span> <span class='ocrx_word' id='word_1_42' title='bbox 447 743 511 808; x_wconf 77' lang='grc' dir='ltr'>τῇ</span> <span class='ocrx_word' id='word_1_43' title='bbox 593 741 692 807; x_wconf 85' lang='grc' dir='ltr'>μιᾷ</span> <span class='ocrx_word' id='word_1_44' title='bbox 747 742 846 787; x_wconf 86' lang='grc' dir='ltr'>τῶν</span> <span class='ocrx_word' id='word_1_45' title='bbox 929 733 1222 800; x_wconf 80' lang='grc' dir='ltr'>Σαϐϐάτων,</span> <span class='ocrx_word' id='word_1_46' title='bbox 1295 737 1383 784; x_wconf 82' lang='grc' dir='ltr'>καὶ</span> <span class='ocrx_word' id='word_1_47' title='bbox 1448 740 1544 783; x_wconf 81' lang='grc' dir='ltr'>τῶν</span> <span class='ocrx_word' id='word_1_48' title='bbox 1622 732 1787 801; x_wconf 76' lang='grc' dir='ltr'>θυρῶν</span> 
     </span>
    </p>
   </div>
   <div class='ocr_carea' id='block_1_9' title="bbox 159 821 1789 897">
    <p class='ocr_par' dir='ltr' id='par_1_9' title="bbox 159 821 1789 897">
     <span class='ocr_line' id='line_1_9' title="bbox 159 821 1789 897; baseline -0.004 -21"><span class='ocrx_word' id='word_1_49' title='bbox 159 826 574 897; x_wconf 74' lang='grc' dir='ltr'>κεκλεισμένων,</span> <span class='ocrx_word' id='word_1_50' title='bbox 658 826 785 878; x_wconf 84' lang='grc' dir='ltr'>ὅπου</span> <span class='ocrx_word' id='word_1_51' title='bbox 868 821 1000 883; x_wconf 76' lang='grc' dir='ltr'>ἦσαν</span> <span class='ocrx_word' id='word_1_52' title='bbox 1089 826 1137 875; x_wconf 86' lang='grc' dir='ltr'>οἱ</span> <span class='ocrx_word' id='word_1_53' title='bbox 1217 824 1450 893; x_wconf 86' lang='grc' dir='ltr'>μαθηταὶ</span> <span class='ocrx_word' id='word_1_54' title='bbox 1532 822 1789 890; x_wconf 83' lang='grc' dir='ltr'>συνηγμέ-</span> 
     </span>
    </p>
   </div>
   <div class='ocr_carea' id='block_1_10' title="bbox 158 908 1787 986">
    <p class='ocr_par' dir='ltr' id='par_1_10' title="bbox 158 908 1787 986">
     <span class='ocr_line' id='line_1_10' title="bbox 158 908 1787 986; baseline -0.003 -21"><span class='ocrx_word' id='word_1_55' title='bbox 158 934 250 965; x_wconf 84' lang='grc' dir='ltr'>νοι</span> <span class='ocrx_word' id='word_1_56' title='bbox 312 911 409 967; x_wconf 81' lang='grc' dir='ltr'>διὰ</span> <span class='ocrx_word' id='word_1_57' title='bbox 470 919 556 966; x_wconf 88' lang='grc' dir='ltr'>τὸν</span> <span class='ocrx_word' id='word_1_58' title='bbox 620 913 773 986; x_wconf 80' lang='grc' dir='ltr'>φόϐον</span> <span class='ocrx_word' id='word_1_59' title='bbox 850 922 947 966; x_wconf 88' lang='grc' dir='ltr'>τῶν</span> <span class='ocrx_word' id='word_1_60' title='bbox 1004 909 1293 977; x_wconf 80' lang='grc' dir='ltr'>Ἰουδαίων,</span> <span class='ocrx_word' id='word_1_61' title='bbox 1365 908 1512 968; x_wconf 74' lang='grc' dir='ltr'>ἦλθεν</span> <span class='ocrx_word' id='word_1_62' title='bbox 1588 910 1613 960; x_wconf 97' lang='lat'>6</span> <span class='ocrx_word' id='word_1_63' title='bbox 1687 908 1787 965; x_wconf 83' lang='grc' dir='ltr'>Ἰη-</span> 
     </span>
    </p>
   </div>
   <div class='ocr_carea' id='block_1_11' title="bbox 164 998 1779 1075">
    <p class='ocr_par' dir='ltr' id='par_1_11' title="bbox 164 998 1779 1075">
     <span class='ocr_line' id='line_1_11' title="bbox 164 998 1779 1075; baseline -0.005 -19"><span class='ocrx_word' id='word_1_64' title='bbox 164 1012 329 1073; x_wconf 81' lang='grc' dir='ltr'>σοῦς,</span> <span class='ocrx_word' id='word_1_65' title='bbox 391 1009 480 1056; x_wconf 83' lang='grc' dir='ltr'>καὶ</span> <span class='ocrx_word' id='word_1_66' title='bbox 520 1007 645 1062; x_wconf 80' lang='grc' dir='ltr'>ἔστη</span> <span class='ocrx_word' id='word_1_67' title='bbox 702 1004 775 1065; x_wconf 87' lang='grc' dir='ltr'>εἰς</span> <span class='ocrx_word' id='word_1_68' title='bbox 838 1008 897 1055; x_wconf 85' lang='grc' dir='ltr'>τό</span> <span class='ocrx_word' id='word_1_69' title='bbox 955 1008 1131 1075; x_wconf 80' lang='grc' dir='ltr'>μέσον,</span> <span class='ocrx_word' id='word_1_70' title='bbox 1192 1006 1281 1053; x_wconf 84' lang='grc' dir='ltr'>καὶ</span> <span class='ocrx_word' id='word_1_71' title='bbox 1336 1000 1472 1070; x_wconf 84' lang='grc' dir='ltr'>λέγει</span> <span class='ocrx_word' id='word_1_72' title='bbox 1529 998 1702 1056; x_wconf 72' lang='grc' dir='ltr'>αὐτοῖς</span> <span class='ocrx_word' id='word_1_73' title='bbox 1769 1017 1779 1027; x_wconf 91' lang='grc'>·</span> 
     </span>
    </p>
   </div>
   <div class='ocr_carea' id='block_1_12' title="bbox 166 1084 1783 1168">
    <p class='ocr_par' dir='ltr' id='par_1_12' title="bbox 166 1084 1783 1168">
     <span class='ocr_line' id='line_1_12' title="bbox 166 1084 1783 1168; baseline -0.007 -22"><span class='ocrx_word' id='word_1_74' title='bbox 166 1094 380 1168; x_wconf 80' lang='grc' dir='ltr'>Εἰρήνη</span> <span class='ocrx_word' id='word_1_75' title='bbox 434 1096 553 1166; x_wconf 81' lang='grc' dir='ltr'>ὑμῖν</span> <span class='ocrx_word' id='word_1_76' title='bbox 597 1098 685 1146; x_wconf 86' lang='grc' dir='ltr'>καὶ</span> <span class='ocrx_word' id='word_1_77' title='bbox 756 1096 821 1145; x_wconf 83' lang='grc' dir='ltr'>τὰ</span> <span class='ocrx_word' id='word_1_78' title='bbox 878 1093 1012 1156; x_wconf 83' lang='grc' dir='ltr'>ἑξῆς.</span> <span class='ocrx_word' id='word_1_79' title='bbox 1072 1097 1197 1144; x_wconf 85' lang='grc' dir='ltr'>Τότε</span> <span class='ocrx_word' id='word_1_80' title='bbox 1243 1093 1342 1163; x_wconf 82' lang='grc' dir='ltr'>γὰρ</span> <span class='ocrx_word' id='word_1_81' title='bbox 1401 1084 1640 1139; x_wconf 84' lang='grc' dir='ltr'>ὠνείδισε</span> <span class='ocrx_word' id='word_1_82' title='bbox 1697 1108 1783 1144; x_wconf 73' lang='grc' dir='ltr'>τ.,ν</span> 
     </span>
    </p>
   </div>
   <div class='ocr_carea' id='block_1_13' title="bbox 172 1174 1785 1253">
    <p class='ocr_par' dir='ltr' id='par_1_13' title="bbox 172 1174 1785 1253">
     <span class='ocr_line' id='line_1_13' title="bbox 172 1174 1785 1253; baseline -0.005 -20"><span class='ocrx_word' id='word_1_83' title='bbox 172 1181 444 1235; x_wconf 81' lang='grc' dir='ltr'>ἀπιστίαν</span> <span class='ocrx_word' id='word_1_84' title='bbox 515 1183 682 1234; x_wconf 76' lang='grc' dir='ltr'>αὐτῶν</span> <span class='ocrx_word' id='word_1_85' title='bbox 756 1188 846 1234; x_wconf 85' lang='grc' dir='ltr'>καὶ</span> <span class='ocrx_word' id='word_1_86' title='bbox 932 1176 1373 1253; x_wconf 74' lang='grc' dir='ltr'>σκληροκαρδίαν,</span> <span class='ocrx_word' id='word_1_87' title='bbox 1425 1181 1585 1229; x_wconf 79' lang='grc' dir='ltr'>εἰτουν</span> <span class='ocrx_word' id='word_1_88' title='bbox 1644 1174 1785 1227; x_wconf 86' lang='grc' dir='ltr'>ἀπεί-</span> 
     </span>
    </p>
   </div>
   <div class='ocr_carea' id='block_1_14' title="bbox 177 1264 1785 1343">
    <p class='ocr_par' dir='ltr' id='par_1_14' title="bbox 177 1264 1785 1343">
     <span class='ocr_line' id='line_1_14' title="bbox 177 1264 1785 1343; baseline -0.005 -20"><span class='ocrx_word' id='word_1_89' title='bbox 177 1272 350 1333; x_wconf 85' lang='grc' dir='ltr'>θειαν,</span> <span class='ocrx_word' id='word_1_90' title='bbox 412 1274 489 1323; x_wconf 85' lang='grc' dir='ltr'>ὅτι</span> <span class='ocrx_word' id='word_1_91' title='bbox 541 1279 649 1333; x_wconf 89' lang='grc' dir='ltr'>τοίς</span> <span class='ocrx_word' id='word_1_92' title='bbox 698 1273 1023 1343; x_wconf 74' lang='grc' dir='ltr'>θεασαμένοις</span> <span class='ocrx_word' id='word_1_93' title='bbox 1070 1269 1222 1321; x_wconf 68' lang='grc' dir='ltr'>αὐτόν</span> <span class='ocrx_word' id='word_1_94' title='bbox 1276 1266 1611 1339; x_wconf 72' lang='grc' dir='ltr'>ἐγηγερμένον</span> <span class='ocrx_word' id='word_1_95' title='bbox 1692 1264 1785 1316; x_wconf 82' lang='grc' dir='ltr'>ούκ</span> 
     </span>
    </p>
   </div>
   <div class='ocr_carea' id='block_1_15' title="bbox 171 1353 1785 1432">
    <p class='ocr_par' dir='ltr' id='par_1_15' title="bbox 171 1353 1785 1432">
     <span class='ocr_line' id='line_1_15' title="bbox 171 1353 1785 1432; baseline -0.005 -19"><span class='ocrx_word' id='word_1_96' title='bbox 171 1360 526 1425; x_wconf 81' lang='grc' dir='ltr'>ἐπιστευσαν,</span> <span class='ocrx_word' id='word_1_97' title='bbox 577 1365 736 1432; x_wconf 81' lang='grc' dir='ltr'>ἤγουν</span> <span class='ocrx_word' id='word_1_98' title='bbox 773 1369 835 1432; x_wconf 80' lang='grc' dir='ltr'>τῇ</span> <span class='ocrx_word' id='word_1_99' title='bbox 891 1356 1210 1429; x_wconf 74' lang='grc' dir='ltr'>Μαγδαληνῇ</span> <span class='ocrx_word' id='word_1_100' title='bbox 1243 1360 1331 1407; x_wconf 84' lang='grc' dir='ltr'>καὶ</span> <span class='ocrx_word' id='word_1_101' title='bbox 1384 1363 1445 1426; x_wconf 78' lang='grc' dir='ltr'>τῇ</span> <span class='ocrx_word' id='word_1_102' title='bbox 1504 1353 1652 1425; x_wconf 76' lang='grc' dir='ltr'>ἄλλη,</span> <span class='ocrx_word' id='word_1_103' title='bbox 1696 1356 1785 1405; x_wconf 78' lang='grc' dir='ltr'>καὶ</span> 
     </span>
    </p>
   </div>
   <div class='ocr_carea' id='block_1_16' title="bbox 166 1441 1786 1523">
    <p class='ocr_par' dir='ltr' id='par_1_16' title="bbox 166 1441 1786 1523">
     <span class='ocr_line' id='line_1_16' title="bbox 166 1441 1786 1523; baseline -0.004 -22"><span class='ocrx_word' id='word_1_104' title='bbox 166 1456 291 1511; x_wconf 88' lang='grc' dir='ltr'>τοῖς</span> <span class='ocrx_word' id='word_1_105' title='bbox 333 1447 461 1501; x_wconf 83' lang='grc' dir='ltr'>δυσὶ</span> <span class='ocrx_word' id='word_1_106' title='bbox 497 1452 718 1517; x_wconf 79' lang='grc' dir='ltr'>τούτοις,</span> <span class='ocrx_word' id='word_1_107' title='bbox 761 1454 878 1523; x_wconf 81' lang='grc' dir='ltr'>περὶ</span> <span class='ocrx_word' id='word_1_108' title='bbox 930 1449 996 1499; x_wconf 84' lang='grc' dir='ltr'>ὧν</span> <span class='ocrx_word' id='word_1_109' title='bbox 1050 1448 1074 1499; x_wconf 91' lang='lat'>6</span> <span class='ocrx_word' id='word_1_110' title='bbox 1112 1448 1321 1520; x_wconf 87' lang='grc' dir='ltr'>Μάρκος</span> <span class='ocrx_word' id='word_1_111' title='bbox 1377 1447 1673 1517; x_wconf 80' lang='grc' dir='ltr'>ἱστόρησεν.</span> <span class='ocrx_word' id='word_1_112' title='bbox 1726 1441 1786 1494; x_wconf 68' lang='grc' dir='ltr'><strong>Ὀ</strong></span> 
     </span>
    </p>
   </div>
   <div class='ocr_carea' id='block_1_17' title="bbox 172 1530 1780 1613">
    <p class='ocr_par' dir='ltr' id='par_1_17' title="bbox 172 1530 1780 1613">
     <span class='ocr_line' id='line_1_17' title="bbox 172 1530 1780 1613; baseline -0.006 -22"><span class='ocrx_word' id='word_1_113' title='bbox 172 1542 272 1610; x_wconf 72' lang='grc' dir='ltr'>μὲν</span> <span class='ocrx_word' id='word_1_114' title='bbox 304 1535 393 1591; x_wconf 76' lang='grc' dir='ltr'>οὖν</span> <span class='ocrx_word' id='word_1_115' title='bbox 443 1539 657 1613; x_wconf 88' lang='grc' dir='ltr'>Μάρκος</span> <span class='ocrx_word' id='word_1_116' title='bbox 697 1542 784 1590; x_wconf 86' lang='grc' dir='ltr'>τόν</span> <span class='ocrx_word' id='word_1_117' title='bbox 814 1539 1035 1613; x_wconf 81' lang='grc' dir='ltr'>ῥηθέντα</span> <span class='ocrx_word' id='word_1_118' title='bbox 1087 1531 1384 1607; x_wconf 79' lang='grc' dir='ltr'>ὀνειδισμὸν</span> <span class='ocrx_word' id='word_1_119' title='bbox 1440 1530 1719 1605; x_wconf 78' lang='grc' dir='ltr'>ἀνέγραψεν</span> <span class='ocrx_word' id='word_1_120' title='bbox 1765 1546 1780 1562; x_wconf 77' lang='grc'><strong><em>⁸</em></strong></span> 
     </span>
    </p>
   </div>
   <div class='ocr_carea' id='block_1_18' title="bbox 168 1627 1409 1692">
    <p class='ocr_par' dir='ltr' id='par_1_18' title="bbox 168 1627 1409 1692">
     <span class='ocr_line' id='line_1_18' title="bbox 168 1627 1409 1692; baseline -0.007 -9"><span class='ocrx_word' id='word_1_121' title='bbox 168 1631 202 1683; x_wconf 83' lang='grc' dir='ltr'>ὁ</span> <span class='ocrx_word' id='word_1_122' title='bbox 271 1627 332 1682; x_wconf 71' lang='grc' dir='ltr'>δὲ</span> <span class='ocrx_word' id='word_1_123' title='bbox 398 1634 605 1689; x_wconf 83' lang='grc' dir='ltr'>Λουκᾶς</span> <span class='ocrx_word' id='word_1_124' title='bbox 668 1632 757 1679; x_wconf 85' lang='grc' dir='ltr'>καὶ</span> <span class='ocrx_word' id='word_1_125' title='bbox 823 1629 848 1678; x_wconf 91' lang='grc' dir='ltr'>ό</span> <span class='ocrx_word' id='word_1_126' title='bbox 911 1627 1165 1692; x_wconf 78' lang='grc' dir='ltr'>Ἰωάννης,</span> <span class='ocrx_word' id='word_1_127' title='bbox 1230 1631 1409 1676; x_wconf 83' lang='grc' dir='ltr'>τοῦτον</span> 
     </span>
    </p>
   </div>
   <div class='ocr_carea' id='block_1_19' title="bbox 169 1724 427 1793">
    <p class='ocr_par' dir='ltr' id='par_1_19' title="bbox 169 1724 427 1793">
     <span class='ocr_line' id='line_1_19' title="bbox 169 1724 427 1793; baseline 0 -21"><span class='ocrx_word' id='word_1_128' title='bbox 169 1741 240 1779; x_wconf 81' lang='grc' dir='ltr'>νη</span> <span class='ocrx_word' id='word_1_129' title='bbox 247 1724 427 1793; x_wconf 79' lang='grc' dir='ltr'>μένων.</span> 
     </span>
    </p>
   </div>
   <div class='ocr_carea' id='block_1_20' title="bbox 258 1795 1867 1877">
    <p class='ocr_par' dir='ltr' id='par_1_20' title="bbox 258 1795 1867 1877">
     <span class='ocr_line' id='line_1_20' title="bbox 258 1795 1867 1877; baseline -0.007 -16"><span class='ocrx_word' id='word_1_130' title='bbox 258 1812 359 1865; x_wconf 83' lang='grc' dir='ltr'>Καὶ</span> <span class='ocrx_word' id='word_1_131' title='bbox 386 1805 519 1860; x_wconf 85' lang='grc' dir='ltr'>εἶπεν</span> <span class='ocrx_word' id='word_1_132' title='bbox 551 1837 612 1846; x_wconf 84' lang='lat'>-—</span> <span class='ocrx_word' id='word_1_133' title='bbox 633 1810 823 1860; x_wconf 79' lang='grc' dir='ltr'>κτίσει.</span> <span class='ocrx_word' id='word_1_134' title='bbox 859 1807 1008 1877; x_wconf 80' lang='grc' dir='ltr'>Πάσῃ</span> <span class='ocrx_word' id='word_1_135' title='bbox 1043 1812 1103 1876; x_wconf 78' lang='grc' dir='ltr'>τῇ</span> <span class='ocrx_word' id='word_1_136' title='bbox 1135 1804 1406 1875; x_wconf 80' lang='grc' dir='ltr'>οἰκουμένη</span> <span class='ocrx_word' id='word_1_137' title='bbox 1436 1818 1447 1830; x_wconf 92' lang='grc'><strong>·</strong></span> <span class='ocrx_word' id='word_1_138' title='bbox 1474 1796 1580 1853; x_wconf 84' lang='grc' dir='ltr'>εἶπε</span> <span class='ocrx_word' id='word_1_139' title='bbox 1606 1795 1664 1851; x_wconf 70' lang='grc' dir='ltr'>δὲ</span> <span class='ocrx_word' id='word_1_140' title='bbox 1691 1798 1783 1851; x_wconf 83' lang='grc' dir='ltr'>αύ-</span> <span class='ocrx_word' id='word_1_141' title='bbox 1821 1796 1867 1855; x_wconf 87' lang='grc' dir='ltr'>Β</span> 
     </span>
    </p>
   </div>
   <div class='ocr_carea' id='block_1_21' title="bbox 172 1889 1784 1968">
    <p class='ocr_par' dir='ltr' id='par_1_21' title="bbox 172 1889 1784 1968">
     <span class='ocr_line' id='line_1_21' title="bbox 172 1889 1784 1968; baseline -0.007 -17"><span class='ocrx_word' id='word_1_142' title='bbox 172 1905 285 1958; x_wconf 86' lang='grc' dir='ltr'>τοῖς</span> <span class='ocrx_word' id='word_1_143' title='bbox 316 1901 400 1950; x_wconf 86' lang='grc' dir='ltr'>τὸν</span> <span class='ocrx_word' id='word_1_144' title='bbox 429 1897 581 1968; x_wconf 90' lang='grc' dir='ltr'>λόγον</span> <span class='ocrx_word' id='word_1_145' title='bbox 617 1903 798 1947; x_wconf 84' lang='grc' dir='ltr'>τοῦτον</span> <span class='ocrx_word' id='word_1_146' title='bbox 825 1894 883 1946; x_wconf 83' lang='grc' dir='ltr'>ού</span> <span class='ocrx_word' id='word_1_147' title='bbox 916 1897 1031 1946; x_wconf 86' lang='grc' dir='ltr'>τότε</span> <span class='ocrx_word' id='word_1_148' title='bbox 1058 1895 1278 1956; x_wconf 86' lang='grc' dir='ltr'>πάντως,</span> <span class='ocrx_word' id='word_1_149' title='bbox 1304 1891 1411 1942; x_wconf 80' lang='grc' dir='ltr'>ἀλλ’</span> <span class='ocrx_word' id='word_1_150' title='bbox 1442 1891 1676 1961; x_wconf 73' lang='grc' dir='ltr'>ὕστερον,</span> <span class='ocrx_word' id='word_1_151' title='bbox 1702 1889 1784 1939; x_wconf 86' lang='grc' dir='ltr'>ὅτε</span> 
     </span>
    </p>
   </div>
   <div class='ocr_carea' id='block_1_22' title="bbox 174 1976 1783 2060">
    <p class='ocr_par' dir='ltr' id='par_1_22' title="bbox 174 1976 1783 2060">
     <span class='ocr_line' id='line_1_22' title="bbox 174 1976 1783 2060; baseline -0.007 -21"><span class='ocrx_word' id='word_1_152' title='bbox 174 1986 538 2060; x_wconf 74' lang='grc' dir='ltr'>ἐπορεύθησαν</span> <span class='ocrx_word' id='word_1_153' title='bbox 581 1984 651 2044; x_wconf 84' lang='grc' dir='ltr'>εἰς</span> <span class='ocrx_word' id='word_1_154' title='bbox 677 1988 769 2041; x_wconf 77' lang='grc' dir='ltr'>τὴν</span> <span class='ocrx_word' id='word_1_155' title='bbox 794 1982 1085 2046; x_wconf 76' lang='grc' dir='ltr'>Γαλιλαίαν,</span> <span class='ocrx_word' id='word_1_156' title='bbox 1118 1982 1189 2044; x_wconf 87' lang='grc' dir='ltr'>εἰς</span> <span class='ocrx_word' id='word_1_157' title='bbox 1226 1985 1285 2032; x_wconf 88' lang='grc' dir='ltr'>τὸ</span> <span class='ocrx_word' id='word_1_158' title='bbox 1316 1983 1452 2054; x_wconf 87' lang='grc' dir='ltr'>ὅρος,</span> <span class='ocrx_word' id='word_1_159' title='bbox 1484 1978 1543 2032; x_wconf 81' lang='grc' dir='ltr'>οὖ</span> <span class='ocrx_word' id='word_1_160' title='bbox 1569 1976 1783 2039; x_wconf 77' lang='grc' dir='ltr'>ἐτάξατο</span> 
     </span>
    </p>
   </div>
   <div class='ocr_carea' id='block_1_23' title="bbox 174 2069 1783 2141">
    <p class='ocr_par' dir='ltr' id='par_1_23' title="bbox 174 2069 1783 2141">
     <span class='ocr_line' id='line_1_23' title="bbox 174 2069 1783 2141; baseline -0.007 -13"><span class='ocrx_word' id='word_1_161' title='bbox 174 2077 362 2137; x_wconf 75' lang='grc' dir='ltr'>αὐτοῖς</span> <span class='ocrx_word' id='word_1_162' title='bbox 393 2077 418 2126; x_wconf 91' lang='grc' dir='ltr'>ό</span> <span class='ocrx_word' id='word_1_163' title='bbox 458 2080 686 2141; x_wconf 81' lang='grc' dir='ltr'>Ἰησοῦς,</span> <span class='ocrx_word' id='word_1_164' title='bbox 709 2076 777 2134; x_wconf 82' lang='grc' dir='ltr'>ὡς</span> <span class='ocrx_word' id='word_1_165' title='bbox 816 2072 898 2124; x_wconf 82' lang='grc' dir='ltr'>ἐπὶ</span> <span class='ocrx_word' id='word_1_166' title='bbox 919 2080 1010 2125; x_wconf 83' lang='grc' dir='ltr'>τοῦ</span> <span class='ocrx_word' id='word_1_167' title='bbox 1038 2072 1208 2131; x_wconf 74' lang='grc' dir='ltr'>τέλους</span> <span class='ocrx_word' id='word_1_168' title='bbox 1239 2078 1329 2122; x_wconf 83' lang='grc' dir='ltr'>τού</span> <span class='ocrx_word' id='word_1_169' title='bbox 1358 2072 1491 2121; x_wconf 82' lang='grc' dir='ltr'>κατὰ</span> <span class='ocrx_word' id='word_1_170' title='bbox 1522 2069 1783 2123; x_wconf 85' lang='grc' dir='ltr'>Ματθαῖον</span> 
     </span>
    </p>
   </div>
   <div class='ocr_carea' id='block_1_24' title="bbox 184 2163 841 2236">
    <p class='ocr_par' dir='ltr' id='par_1_24' title="bbox 184 2163 841 2236">
     <span class='ocr_line' id='line_1_24' title="bbox 184 2163 841 2236; baseline -0.005 -19"><span class='ocrx_word' id='word_1_171' title='bbox 184 2163 505 2235; x_wconf 75' lang='grc' dir='ltr'>Εὗαγγελίου</span> <span class='ocrx_word' id='word_1_172' title='bbox 533 2166 841 2236; x_wconf 84' lang='grc' dir='ltr'>γέγραπται.</span> 
     </span>
    </p>
   </div>
   <div class='ocr_carea' id='block_1_25' title="bbox 258 2389 1781 2468">
    <p class='ocr_par' dir='ltr' id='par_1_25' title="bbox 258 2389 1781 2468">
     <span class='ocr_line' id='line_1_25' title="bbox 258 2389 1781 2468; baseline -0.008 -20"><span class='ocrx_word' id='word_1_173' title='bbox 258 2399 331 2449; x_wconf 84' lang='grc' dir='ltr'>Τὰ</span> <span class='ocrx_word' id='word_1_174' title='bbox 360 2392 409 2447; x_wconf 85' lang='grc' dir='ltr'>δ’</span> <span class='ocrx_word' id='word_1_175' title='bbox 446 2394 626 2468; x_wconf 74' lang='grc' dir='ltr'>ἐφεξῆς</span> <span class='ocrx_word' id='word_1_176' title='bbox 650 2394 675 2445; x_wconf 89' lang='grc' dir='ltr'><strong><em>ὁ</em></strong></span> <span class='ocrx_word' id='word_1_177' title='bbox 701 2396 789 2466; x_wconf 73' lang='grc' dir='ltr'>μὲν</span> <span class='ocrx_word' id='word_1_178' title='bbox 822 2394 1086 2453; x_wconf 84' lang='grc' dir='ltr'>Ματθαῖος</span> <span class='ocrx_word' id='word_1_179' title='bbox 1109 2389 1377 2463; x_wconf 75' lang='grc' dir='ltr'>παρέλιπε,</span> <span class='ocrx_word' id='word_1_180' title='bbox 1408 2390 1670 2459; x_wconf 86' lang='grc' dir='ltr'>συντεμὼν</span> <span class='ocrx_word' id='word_1_181' title='bbox 1694 2389 1781 2443; x_wconf 77' lang='grc' dir='ltr'>τὴν</span> 
     </span>
    </p>
   </div>
   <div class='ocr_carea' id='block_1_26' title="bbox 178 2475 1783 2557">
    <p class='ocr_par' dir='ltr' id='par_1_26' title="bbox 178 2475 1783 2557">
     <span class='ocr_line' id='line_1_26' title="bbox 178 2475 1783 2557; baseline -0.007 -20"><span class='ocrx_word' id='word_1_182' title='bbox 178 2490 303 2557; x_wconf 81' lang='grc' dir='ltr'>περὶ</span> <span class='ocrx_word' id='word_1_183' title='bbox 331 2487 523 2537; x_wconf 85' lang='grc' dir='ltr'>τούτων</span> <span class='ocrx_word' id='word_1_184' title='bbox 555 2480 809 2554; x_wconf 77' lang='grc' dir='ltr'>διήγησιν</span> <span class='ocrx_word' id='word_1_185' title='bbox 839 2502 849 2512; x_wconf 94' lang='grc'>·</span> <span class='ocrx_word' id='word_1_186' title='bbox 881 2483 906 2532; x_wconf 91' lang='lat'>6</span> <span class='ocrx_word' id='word_1_187' title='bbox 938 2477 995 2533; x_wconf 76' lang='grc' dir='ltr'>δὲ</span> <span class='ocrx_word' id='word_1_188' title='bbox 1034 2482 1242 2552; x_wconf 81' lang='grc' dir='ltr'>Μάρκος</span> <span class='ocrx_word' id='word_1_189' title='bbox 1270 2476 1567 2548; x_wconf 77' lang='grc' dir='ltr'>ἀπήγγειλε,</span> <span class='ocrx_word' id='word_1_190' title='bbox 1594 2475 1783 2527; x_wconf 79' lang='grc' dir='ltr'>πλατύ-</span> 
     </span>
    </p>
   </div>
   <div class='ocr_carea' id='block_1_27' title="bbox 178 2571 932 2647">
    <p class='ocr_par' dir='ltr' id='par_1_27' title="bbox 178 2571 932 2647">
     <span class='ocr_line' id='line_1_27' title="bbox 178 2571 932 2647; baseline -0.001 -21"><span class='ocrx_word' id='word_1_191' title='bbox 178 2595 273 2635; x_wconf 85' lang='grc' dir='ltr'>νας</span> <span class='ocrx_word' id='word_1_192' title='bbox 298 2577 380 2625; x_wconf 78' lang='grc' dir='ltr'>τόν</span> <span class='ocrx_word' id='word_1_193' title='bbox 403 2578 520 2647; x_wconf 82' lang='grc' dir='ltr'>περὶ</span> <span class='ocrx_word' id='word_1_194' title='bbox 541 2576 732 2625; x_wconf 82' lang='grc' dir='ltr'>τούτων</span> <span class='ocrx_word' id='word_1_195' title='bbox 760 2571 932 2641; x_wconf 89' lang='grc' dir='ltr'>λόγον.</span> 
     </span>
    </p>
   </div>
   <div class='ocr_carea' id='block_1_28' title="bbox 254 2656 1775 2734">
    <p class='ocr_par' dir='ltr' id='par_1_28' title="bbox 254 2656 1775 2734">
     <span class='ocr_line' id='line_1_28' title="bbox 254 2656 1775 2734; baseline -0.007 -19"><span class='ocrx_word' id='word_1_196' title='bbox 254 2663 311 2715; x_wconf 79' lang='grc' dir='ltr'><strong>Ὀ</strong></span> <span class='ocrx_word' id='word_1_197' title='bbox 340 2665 625 2722; x_wconf 77' lang='grc' dir='ltr'>πιστεύσας</span> <span class='ocrx_word' id='word_1_198' title='bbox 659 2692 720 2701; x_wconf 89' lang='grc'><strong><em>-</em></strong></span> <span class='ocrx_word' id='word_1_199' title='bbox 775 2661 1242 2734; x_wconf 83' lang='grc' dir='ltr'>κατακριθήσεται.</span> <span class='ocrx_word' id='word_1_200' title='bbox 1296 2656 1354 2708; x_wconf 75' lang='grc' dir='ltr'>⁶Ο</span> <span class='ocrx_word' id='word_1_201' title='bbox 1410 2658 1657 2715; x_wconf 85' lang='grc' dir='ltr'>πιτεύσας</span> <span class='ocrx_word' id='word_1_202' title='bbox 1686 2657 1775 2705; x_wconf 83' lang='grc' dir='ltr'>καὶ</span> 
     </span>
    </p>
   </div>
   <div class='ocr_carea' id='block_1_29' title="bbox 183 2742 1776 2824">
    <p class='ocr_par' dir='ltr' id='par_1_29' title="bbox 183 2742 1776 2824">
     <span class='ocr_line' id='line_1_29' title="bbox 183 2742 1776 2824; baseline -0.007 -20"><span class='ocrx_word' id='word_1_203' title='bbox 183 2751 495 2824; x_wconf 68' lang='grc' dir='ltr'>βαπτισθεὶς</span> <span class='ocrx_word' id='word_1_204' title='bbox 540 2752 848 2822; x_wconf 80' lang='grc' dir='ltr'>σωθήσεται,</span> <span class='ocrx_word' id='word_1_205' title='bbox 893 2751 995 2819; x_wconf 82' lang='grc' dir='ltr'>εἴγε</span> <span class='ocrx_word' id='word_1_206' title='bbox 1037 2751 1131 2804; x_wconf 80' lang='grc' dir='ltr'>τὴν</span> <span class='ocrx_word' id='word_1_207' title='bbox 1183 2750 1364 2797; x_wconf 89' lang='grc' dir='ltr'>πίστιν</span> <span class='ocrx_word' id='word_1_208' title='bbox 1394 2749 1483 2795; x_wconf 84' lang='grc' dir='ltr'>καὶ</span> <span class='ocrx_word' id='word_1_209' title='bbox 1526 2747 1582 2795; x_wconf 88' lang='grc' dir='ltr'>τὸ</span> 
     </span>
    </p>
   </div>
   <div class='ocr_carea' id='block_1_30' title="bbox 176 2834 1774 2913">
    <p class='ocr_par' dir='ltr' id='par_1_30' title="bbox 176 2834 1774 2913">
     <span class='ocr_line' id='line_1_30' title="bbox 176 2834 1774 2913; baseline -0.007 -20"><span class='ocrx_word' id='word_1_210' title='bbox 176 2861 345 2913; x_wconf 85' lang='grc' dir='ltr'>τισμα</span> <span class='ocrx_word' id='word_1_211' title='bbox 368 2842 574 2913; x_wconf 84' lang='grc' dir='ltr'>καθαρά</span> <span class='ocrx_word' id='word_1_212' title='bbox 620 2844 709 2891; x_wconf 84' lang='grc' dir='ltr'>καὶ</span> <span class='ocrx_word' id='word_1_213' title='bbox 748 2837 944 2891; x_wconf 66' lang='grc' dir='ltr'>εἷσπιλα</span> <span class='ocrx_word' id='word_1_214' title='bbox 989 2840 1325 2910; x_wconf 82' lang='grc' dir='ltr'>συντηρήσει,</span> <span class='ocrx_word' id='word_1_215' title='bbox 1356 2835 1384 2893; x_wconf 79' lang='grc' dir='ltr'>ἡ</span> <span class='ocrx_word' id='word_1_216' title='bbox 1432 2838 1521 2885; x_wconf 85' lang='grc' dir='ltr'>καὶ</span> <span class='ocrx_word' id='word_1_217' title='bbox 1550 2834 1680 2905; x_wconf 80' lang='grc' dir='ltr'>μετά</span> <span class='ocrx_word' id='word_1_218' title='bbox 1717 2834 1774 2883; x_wconf 91' lang='grc' dir='ltr'>τὸ</span> 
     </span>
    </p>
   </div>
   <div class='ocr_carea' id='block_1_31' title="bbox 182 2928 766 3001">
    <p class='ocr_par' dir='ltr' id='par_1_31' title="bbox 182 2928 766 3001">
     <span class='ocr_line' id='line_1_31' title="bbox 182 2928 766 3001; baseline -0.005 -19"><span class='ocrx_word' id='word_1_219' title='bbox 182 2928 444 2982; x_wconf 81' lang='grc' dir='ltr'>σπιλώσαι</span> <span class='ocrx_word' id='word_1_220' title='bbox 473 2931 766 3001; x_wconf 83' lang='grc' dir='ltr'>καθαρίσει.</span> 
     </span>
    </p>
   </div>
   <div class='ocr_carea' id='block_1_32' title="bbox 256 3137 1848 3214">
    <p class='ocr_par' dir='ltr' id='par_1_32' title="bbox 256 3137 1848 3214">
     <span class='ocr_line' id='line_1_32' title="bbox 256 3137 1848 3214; baseline -0.004 -19"><span class='ocrx_word' id='word_1_221' title='bbox 256 3150 462 3196; x_wconf 83' lang='grc' dir='ltr'>Νοεῖται</span> <span class='ocrx_word' id='word_1_222' title='bbox 517 3139 575 3194; x_wconf 75' lang='grc' dir='ltr'>δὲ</span> <span class='ocrx_word' id='word_1_223' title='bbox 627 3145 711 3193; x_wconf 78' lang='grc' dir='ltr'>καὶ</span> <span class='ocrx_word' id='word_1_224' title='bbox 768 3140 1002 3214; x_wconf 81' lang='grc' dir='ltr'>ἑτέρωςό</span> <span class='ocrx_word' id='word_1_225' title='bbox 1048 3140 1217 3211; x_wconf 81' lang='grc' dir='ltr'>λόγος,</span> <span class='ocrx_word' id='word_1_226' title='bbox 1273 3137 1435 3191; x_wconf 85' lang='grc' dir='ltr'>ὃτιὉ</span> <span class='ocrx_word' id='word_1_227' title='bbox 1484 3139 1774 3198; x_wconf 76' lang='grc' dir='ltr'>πιστεύσας</span> <span class='ocrx_word' id='word_1_228' title='bbox 1808 3138 1848 3195; x_wconf 89' lang='lat' dir='ltr'>C</span> 
     </span>
    </p>
   </div>
   <div class='ocr_carea' id='block_1_33' title="bbox 179 3231 1775 3305">
    <p class='ocr_par' dir='ltr' id='par_1_33' title="bbox 179 3231 1775 3305">
     <span class='ocr_line' id='line_1_33' title="bbox 179 3231 1775 3305; baseline -0.004 -19"><span class='ocrx_word' id='word_1_229' title='bbox 179 3239 270 3286; x_wconf 81' lang='grc' dir='ltr'>καὶ</span> <span class='ocrx_word' id='word_1_230' title='bbox 307 3231 621 3305; x_wconf 77' lang='grc' dir='ltr'>βαπτισθεὶς</span> <span class='ocrx_word' id='word_1_231' title='bbox 654 3233 970 3295; x_wconf 78' lang='grc' dir='ltr'>σωθήσεταί,</span> <span class='ocrx_word' id='word_1_232' title='bbox 1032 3233 1131 3300; x_wconf 82' lang='grc' dir='ltr'>εἴγε</span> <span class='ocrx_word' id='word_1_233' title='bbox 1178 3232 1241 3281; x_wconf 77' lang='grc' dir='ltr'>τὰ</span> <span class='ocrx_word' id='word_1_234' title='bbox 1272 3236 1366 3290; x_wconf 87' lang='grc' dir='ltr'>τῆς</span> <span class='ocrx_word' id='word_1_235' title='bbox 1413 3232 1641 3289; x_wconf 84' lang='grc' dir='ltr'>πίστεως</span> <span class='ocrx_word' id='word_1_236' title='bbox 1686 3232 1775 3279; x_wconf 88' lang='grc' dir='ltr'>καὶ</span> 
     </span>
    </p>
   </div>
   <div class='ocr_carea' id='block_1_34' title="bbox 181 3315 1771 3395">
    <p class='ocr_par' dir='ltr' id='par_1_34' title="bbox 181 3315 1771 3395">
     <span class='ocr_line' id='line_1_34' title="bbox 181 3315 1771 3395; baseline -0.004 -20"><span class='ocrx_word' id='word_1_237' title='bbox 181 3327 249 3376; x_wconf 81' lang='grc' dir='ltr'>τὰ</span> <span class='ocrx_word' id='word_1_238' title='bbox 295 3330 383 3374; x_wconf 84' lang='grc' dir='ltr'>τού</span> <span class='ocrx_word' id='word_1_239' title='bbox 441 3321 814 3395; x_wconf 81' lang='grc' dir='ltr'>βαπτὶσματος</span> <span class='ocrx_word' id='word_1_240' title='bbox 853 3317 1186 3382; x_wconf 82' lang='grc' dir='ltr'>ἐπιδείξεται.</span> <span class='ocrx_word' id='word_1_241' title='bbox 1235 3327 1412 3371; x_wconf 83' lang='grc' dir='ltr'>Ταῦτα</span> <span class='ocrx_word' id='word_1_242' title='bbox 1461 3315 1521 3370; x_wconf 87' lang='grc' dir='ltr'>δέ</span> <span class='ocrx_word' id='word_1_243' title='bbox 1572 3318 1702 3369; x_wconf 83' lang='grc' dir='ltr'>εἰσιν</span> <span class='ocrx_word' id='word_1_244' title='bbox 1742 3320 1771 3375; x_wconf 79' lang='grc' dir='ltr'>ἡ</span> 
     </span>
    </p>
   </div>
   <div class='ocr_carea' id='block_1_35' title="bbox 185 3406 1774 3484">
    <p class='ocr_par' dir='ltr' id='par_1_35' title="bbox 185 3406 1774 3484">
     <span class='ocr_line' id='line_1_35' title="bbox 185 3406 1774 3484; baseline -0.004 -21"><span class='ocrx_word' id='word_1_245' title='bbox 185 3412 403 3484; x_wconf 85' lang='grc' dir='ltr'>ἐργασία</span> <span class='ocrx_word' id='word_1_246' title='bbox 436 3421 528 3463; x_wconf 78' lang='grc' dir='ltr'>τῶν</span> <span class='ocrx_word' id='word_1_247' title='bbox 570 3410 778 3463; x_wconf 85' lang='grc' dir='ltr'>ἐντολῶν</span> <span class='ocrx_word' id='word_1_248' title='bbox 813 3430 904 3462; x_wconf 88' lang='grc' dir='ltr'>του</span> <span class='ocrx_word' id='word_1_249' title='bbox 961 3416 1196 3483; x_wconf 81' lang='grc' dir='ltr'>Χριστοῦ</span> <span class='ocrx_word' id='word_1_250' title='bbox 1244 3413 1333 3460; x_wconf 81' lang='grc' dir='ltr'>καὶ</span> <span class='ocrx_word' id='word_1_251' title='bbox 1363 3410 1392 3467; x_wconf 83' lang='grc' dir='ltr'><strong>ἠ</strong></span> <span class='ocrx_word' id='word_1_252' title='bbox 1429 3407 1627 3479; x_wconf 73' lang='grc' dir='ltr'>φυλακὴ</span> <span class='ocrx_word' id='word_1_253' title='bbox 1661 3406 1774 3459; x_wconf 82' lang='grc' dir='ltr'>ἐαυ-</span> 
     </span>
    </p>
   </div>
   <div class='ocr_carea' id='block_1_36' title="bbox 185 3508 297 3554">
    <p class='ocr_par' dir='ltr' id='par_1_36' title="bbox 185 3508 297 3554">
     <span class='ocr_line' id='line_1_36' title="bbox 185 3508 297 3554; baseline 0.027 -3"><span class='ocrx_word' id='word_1_254' title='bbox 185 3508 276 3553; x_wconf 80' lang='grc' dir='ltr'>τοῦ</span> <span class='ocrx_word' id='word_1_255' title='bbox 287 3544 297 3554; x_wconf 93' lang='grc'>.</span> 
     </span>
    </p>
   </div>
   <div class='ocr_carea' id='block_1_37' title="bbox 261 3585 1772 3659">
    <p class='ocr_par' dir='ltr' id='par_1_37' title="bbox 261 3585 1772 3659">
     <span class='ocr_line' id='line_1_37' title="bbox 261 3585 1772 3659; baseline -0.001 -17"><span class='ocrx_word' id='word_1_256' title='bbox 261 3591 366 3644; x_wconf 81' lang='grc' dir='ltr'>Ούκ</span> <span class='ocrx_word' id='word_1_257' title='bbox 408 3589 514 3642; x_wconf 83' lang='grc' dir='ltr'>εἷπε</span> <span class='ocrx_word' id='word_1_258' title='bbox 564 3587 621 3642; x_wconf 68' lang='grc' dir='ltr'>δὲ</span> <span class='ocrx_word' id='word_1_259' title='bbox 682 3592 762 3641; x_wconf 87' lang='grc' dir='ltr'>ὃτι</span> <span class='ocrx_word' id='word_1_260' title='bbox 814 3588 871 3640; x_wconf 77' lang='grc' dir='ltr'><strong>Ὀ</strong></span> <span class='ocrx_word' id='word_1_261' title='bbox 930 3590 1218 3649; x_wconf 81' lang='grc' dir='ltr'>πιστεύσας</span> <span class='ocrx_word' id='word_1_262' title='bbox 1274 3591 1446 3659; x_wconf 86' lang='grc' dir='ltr'>μόνον,</span> <span class='ocrx_word' id='word_1_263' title='bbox 1507 3585 1629 3641; x_wconf 68' lang='grc' dir='ltr'>οὐδὲ</span> <span class='ocrx_word' id='word_1_264' title='bbox 1693 3590 1772 3641; x_wconf 84' lang='grc' dir='ltr'>ὅτι</span> 
     </span>
    </p>
   </div>
   <div class='ocr_carea' id='block_1_38' title="bbox 184 3676 1767 3753">
    <p class='ocr_par' dir='ltr' id='par_1_38' title="bbox 184 3676 1767 3753">
     <span class='ocr_line' id='line_1_38' title="bbox 184 3676 1767 3753; baseline -0.003 -20"><span class='ocrx_word' id='word_1_265' title='bbox 184 3684 242 3733; x_wconf 75' lang='lat'>&#39;0</span> <span class='ocrx_word' id='word_1_266' title='bbox 287 3680 596 3753; x_wconf 81' lang='grc' dir='ltr'>βαπτισθεὶς</span> <span class='ocrx_word' id='word_1_267' title='bbox 664 3683 814 3751; x_wconf 84' lang='grc' dir='ltr'>μόνον</span> <span class='ocrx_word' id='word_1_268' title='bbox 875 3694 886 3706; x_wconf 88' lang='lat'><strong>&#39;</strong></span> <span class='ocrx_word' id='word_1_269' title='bbox 936 3676 1040 3729; x_wconf 78' lang='grc' dir='ltr'>ἀλλ’</span> <span class='ocrx_word' id='word_1_270' title='bbox 1106 3676 1372 3751; x_wconf 80' lang='grc' dir='ltr'>ἀμφότερα</span> <span class='ocrx_word' id='word_1_271' title='bbox 1437 3676 1704 3739; x_wconf 85' lang='grc' dir='ltr'>συνέζευξε</span> <span class='ocrx_word' id='word_1_272' title='bbox 1755 3695 1767 3708; x_wconf 89' lang='grc'><strong>·</strong></span> 
     </span>
    </p>
   </div>
   <div class='ocr_carea' id='block_1_39' title="bbox 187 3766 1771 3843">
    <p class='ocr_par' dir='ltr' id='par_1_39' title="bbox 187 3766 1771 3843">
     <span class='ocr_line' id='line_1_39' title="bbox 187 3766 1771 3843; baseline -0.004 -19"><span class='ocrx_word' id='word_1_273' title='bbox 187 3774 384 3842; x_wconf 87' lang='grc' dir='ltr'>θάτερον</span> <span class='ocrx_word' id='word_1_274' title='bbox 432 3771 530 3843; x_wconf 84' lang='grc' dir='ltr'>γὰρ</span> <span class='ocrx_word' id='word_1_275' title='bbox 593 3770 806 3841; x_wconf 82' lang='grc' dir='ltr'>θατέρου</span> <span class='ocrx_word' id='word_1_276' title='bbox 864 3772 1029 3841; x_wconf 81' lang='grc' dir='ltr'>χωρὶς</span> <span class='ocrx_word' id='word_1_277' title='bbox 1086 3766 1145 3818; x_wconf 76' lang='grc' dir='ltr'>ού</span> <span class='ocrx_word' id='word_1_278' title='bbox 1203 3766 1360 3827; x_wconf 78' lang='grc' dir='ltr'>σώζει</span> <span class='ocrx_word' id='word_1_279' title='bbox 1415 3770 1502 3819; x_wconf 89' lang='grc' dir='ltr'>τόν</span> <span class='ocrx_word' id='word_1_280' title='bbox 1567 3768 1771 3841; x_wconf 78' lang='grc' dir='ltr'>ἄνθρω-</span> 
     </span>
    </p>
   </div>
   <div class='ocr_carea' id='block_1_40' title="bbox 178 3880 291 3913">
    <p class='ocr_par' dir='ltr' id='par_1_40' title="bbox 178 3880 291 3913">
     <span class='ocr_line' id='line_1_40' title="bbox 178 3880 291 3913; baseline -0.018 0"><span class='ocrx_word' id='word_1_281' title='bbox 178 3880 291 3913; x_wconf 86' lang='grc' dir='ltr'>πον.</span> 
     </span>
    </p>
   </div>
   <div class='ocr_carea' id='block_1_41' title="bbox 250 3945 1771 4021">
    <p class='ocr_par' dir='ltr' id='par_1_41' title="bbox 250 3945 1771 4021">
     <span class='ocr_line' id='line_1_41' title="bbox 250 3945 1771 4021; baseline -0.003 -20"><span class='ocrx_word' id='word_1_282' title='bbox 250 3956 439 4021; x_wconf 78' lang='grc' dir='ltr'>Σημεῖα</span> <span class='ocrx_word' id='word_1_283' title='bbox 471 3979 527 3989; x_wconf 89' lang='grc'><strong><em>-</em></strong></span> <span class='ocrx_word' id='word_1_284' title='bbox 567 3945 1036 4021; x_wconf 79' lang='grc' dir='ltr'>παρακολουθήσει.</span> <span class='ocrx_word' id='word_1_285' title='bbox 1096 3952 1217 4007; x_wconf 87' lang='grc' dir='ltr'>Τοῖς</span> <span class='ocrx_word' id='word_1_286' title='bbox 1262 3947 1609 3997; x_wconf 80' lang='grc' dir='ltr'>πιστεύσασιν</span> <span class='ocrx_word' id='word_1_287' title='bbox 1667 3945 1771 4017; x_wconf 76' lang='grc' dir='ltr'>οὐχ</span> 
     </span>
    </p>
   </div>
   <div class='ocr_carea' id='block_1_42' title="bbox 174 4031 1766 4110">
    <p class='ocr_par' dir='ltr' id='par_1_42' title="bbox 174 4031 1766 4110">
     <span class='ocr_line' id='line_1_42' title="bbox 174 4031 1766 4110; baseline -0.003 -19"><span class='ocrx_word' id='word_1_288' title='bbox 174 4038 365 4101; x_wconf 85' lang='grc' dir='ltr'>ἁπλῶς,</span> <span class='ocrx_word' id='word_1_289' title='bbox 401 4036 507 4087; x_wconf 78' lang='grc' dir='ltr'>ἀλλ’</span> <span class='ocrx_word' id='word_1_290' title='bbox 535 4040 602 4096; x_wconf 82' lang='grc' dir='ltr'>ὡς</span> <span class='ocrx_word' id='word_1_291' title='bbox 632 4036 929 4110; x_wconf 77' lang='grc' dir='ltr'>εἰρήκαμεν.</span> <span class='ocrx_word' id='word_1_292' title='bbox 964 4031 1091 4087; x_wconf 83' lang='grc' dir='ltr'>Εἶτα</span> <span class='ocrx_word' id='word_1_293' title='bbox 1135 4036 1268 4106; x_wconf 83' lang='grc' dir='ltr'>λέγει</span> <span class='ocrx_word' id='word_1_294' title='bbox 1307 4038 1396 4086; x_wconf 84' lang='grc' dir='ltr'>καὶ</span> <span class='ocrx_word' id='word_1_295' title='bbox 1444 4039 1509 4087; x_wconf 85' lang='grc' dir='ltr'>τὰ</span> <span class='ocrx_word' id='word_1_296' title='bbox 1554 4043 1766 4108; x_wconf 86' lang='grc' dir='ltr'>σημεῖα,</span> 
     </span>
    </p>
   </div>
   <div class='ocr_carea' id='block_1_43' title="bbox 173 4129 606 4198">
    <p class='ocr_par' dir='ltr' id='par_1_43' title="bbox 173 4129 606 4198">
     <span class='ocr_line' id='line_1_43' title="bbox 173 4129 606 4198; baseline 0.002 -19"><span class='ocrx_word' id='word_1_297' title='bbox 173 4133 310 4191; x_wconf 74' lang='grc' dir='ltr'>ἤτοι,</span> <span class='ocrx_word' id='word_1_298' title='bbox 347 4129 606 4198; x_wconf 81' lang='grc' dir='ltr'>θαύματα.</span> 
     </span>
    </p>
   </div>
   <div class='ocr_carea' id='block_1_44' title="bbox 246 4209 1766 4287">
    <p class='ocr_par' dir='ltr' id='par_1_44' title="bbox 246 4209 1766 4287">
     <span class='ocr_line' id='line_1_44' title="bbox 246 4209 1766 4287; baseline -0.003 -18"><span class='ocrx_word' id='word_1_299' title='bbox 246 4218 323 4269; x_wconf 86' lang='grc' dir='ltr'>Ἐν</span> <span class='ocrx_word' id='word_1_300' title='bbox 345 4224 414 4285; x_wconf 81' lang='grc' dir='ltr'>τῷ</span> <span class='ocrx_word' id='word_1_301' title='bbox 447 4215 662 4286; x_wconf 84' lang='grc' dir='ltr'>ὀνόματί</span> <span class='ocrx_word' id='word_1_302' title='bbox 692 4234 791 4287; x_wconf 85' lang='grc' dir='ltr'>μου</span> <span class='ocrx_word' id='word_1_303' title='bbox 819 4244 887 4253; x_wconf 91' lang='grc'><strong><em>-</em></strong></span> <span class='ocrx_word' id='word_1_304' title='bbox 916 4220 1135 4275; x_wconf 88' lang='grc' dir='ltr'>καιναῖς,</span> <span class='ocrx_word' id='word_1_305' title='bbox 1167 4213 1433 4274; x_wconf 81' lang='grc' dir='ltr'>Γλώσσαις</span> <span class='ocrx_word' id='word_1_306' title='bbox 1460 4209 1766 4278; x_wconf 80' lang='grc' dir='ltr'>ξέναις,δια-</span> 
     </span>
    </p>
   </div>
   <div class='ocr_carea' id='block_1_45' title="bbox 171 4304 726 4365">
    <p class='ocr_par' dir='ltr' id='par_1_45' title="bbox 171 4304 726 4365">
     <span class='ocr_line' id='line_1_45' title="bbox 171 4304 726 4365; baseline -0.009 -6"><span class='ocrx_word' id='word_1_307' title='bbox 171 4306 358 4365; x_wconf 85' lang='grc' dir='ltr'>λέκτοις</span> <span class='ocrx_word' id='word_1_308' title='bbox 387 4304 726 4356; x_wconf 78' lang='grc' dir='ltr'>ἀλλοεθνέσιν.</span> 
     </span>
    </p>
   </div>
   <div class='ocr_carea' id='block_1_46' title="bbox 244 4391 1768 4466">
    <p class='ocr_par' dir='ltr' id='par_1_46' title="bbox 244 4391 1768 4466">
     <span class='ocr_line' id='line_1_46' title="bbox 244 4391 1768 4466; baseline -0.001 -20"><span class='ocrx_word' id='word_1_309' title='bbox 244 4393 413 4465; x_wconf 62' lang='lat' dir='ltr'>&quot;Opus</span> <span class='ocrx_word' id='word_1_310' title='bbox 436 4392 645 4466; x_wconf 79' lang='grc' dir='ltr'>ἀροῦσι.</span> <span class='ocrx_word' id='word_1_311' title='bbox 681 4393 1097 4464; x_wconf 77' lang='grc' dir='ltr'>Ἀφανίσουσιν’,</span> <span class='ocrx_word' id='word_1_312' title='bbox 1133 4391 1464 4460; x_wconf 78' lang='grc' dir='ltr'>ἁνελοῦσιν,ῆ</span> <span class='ocrx_word' id='word_1_313' title='bbox 1494 4398 1583 4445; x_wconf 80' lang='grc' dir='ltr'>καὶ</span> <span class='ocrx_word' id='word_1_314' title='bbox 1615 4391 1768 4466; x_wconf 81' lang='grc' dir='ltr'>ἀροῦ-</span> 
     </span>
    </p>
   </div>
   <div class='ocr_carea' id='block_1_47' title="bbox 177 4477 992 4553">
    <p class='ocr_par' dir='ltr' id='par_1_47' title="bbox 177 4477 992 4553">
     <span class='ocr_line' id='line_1_47' title="bbox 177 4477 992 4553; baseline -0.002 -20"><span class='ocrx_word' id='word_1_315' title='bbox 177 4502 259 4533; x_wconf 88' lang='grc' dir='ltr'>σιν</span> <span class='ocrx_word' id='word_1_316' title='bbox 290 4481 333 4533; x_wconf 80' lang='grc' dir='ltr'>ἐν</span> <span class='ocrx_word' id='word_1_317' title='bbox 363 4482 473 4553; x_wconf 85' lang='grc'>(86)</span> <span class='ocrx_word' id='word_1_318' title='bbox 506 4487 650 4553; x_wconf 79' lang='grc' dir='ltr'>χειρὶ</span> <span class='ocrx_word' id='word_1_319' title='bbox 690 4477 992 4540; x_wconf 83' lang='grc' dir='ltr'>ἀκινδύνως.</span> 
     </span>
    </p>
   </div>
   <div class='ocr_carea' id='block_1_48' title="bbox 247 4569 1759 4642">
    <p class='ocr_par' dir='ltr' id='par_1_48' title="bbox 247 4569 1759 4642">
     <span class='ocr_line' id='line_1_48' title="bbox 247 4569 1759 4642; baseline -0.001 -19"><span class='ocrx_word' id='word_1_320' title='bbox 247 4570 345 4623; x_wconf 78' lang='grc' dir='ltr'>Κᾶν</span> <span class='ocrx_word' id='word_1_321' title='bbox 392 4601 456 4610; x_wconf 90' lang='lat'><strong>——</strong></span> <span class='ocrx_word' id='word_1_322' title='bbox 769 4569 937 4621; x_wconf 82' lang='grc' dir='ltr'>Πολλὰ</span> <span class='ocrx_word' id='word_1_323' title='bbox 996 4577 1215 4621; x_wconf 80' lang='grc' dir='ltr'>τοιαῦτα</span> <span class='ocrx_word' id='word_1_324' title='bbox 1272 4569 1476 4629; x_wconf 89' lang='grc' dir='ltr'>πολλοῖς</span> <span class='ocrx_word' id='word_1_325' title='bbox 1531 4589 1759 4642; x_wconf 87' lang='grc' dir='ltr'>παρηκο-</span> 
     </span>
    </p>
   </div>
   <div class='ocr_carea' id='block_1_49' title="bbox 168 4656 1761 4730">
    <p class='ocr_par' dir='ltr' id='par_1_49' title="bbox 168 4656 1761 4730">
     <span class='ocr_line' id='line_1_49' title="bbox 168 4656 1761 4730; baseline -0.001 -18"><span class='ocrx_word' id='word_1_326' title='bbox 168 4661 424 4717; x_wconf 85' lang='grc' dir='ltr'>λούθησαν</span> <span class='ocrx_word' id='word_1_327' title='bbox 465 4659 658 4730; x_wconf 79' lang='grc' dir='ltr'>ἁγίοις,</span> <span class='ocrx_word' id='word_1_328' title='bbox 688 4668 776 4710; x_wconf 81' lang='grc' dir='ltr'>και</span> <span class='ocrx_word' id='word_1_329' title='bbox 800 4656 879 4710; x_wconf 82' lang='grc' dir='ltr'>ἀεὶ</span> <span class='ocrx_word' id='word_1_330' title='bbox 908 4658 1362 4728; x_wconf 71' lang='grc' dir='ltr'>παρακολουθούσι</span> <span class='ocrx_word' id='word_1_331' title='bbox 1399 4665 1507 4721; x_wconf 88' lang='grc' dir='ltr'>τοῖς</span> <span class='ocrx_word' id='word_1_332' title='bbox 1555 4666 1761 4721; x_wconf 80' lang='grc' dir='ltr'>πιστοῖς</span> 
     </span>
    </p>
   </div>
   <div class='ocr_carea' id='block_1_50' title="bbox 173 4744 1765 4821">
    <p class='ocr_par' dir='ltr' id='par_1_50' title="bbox 173 4744 1765 4821">
     <span class='ocr_line' id='line_1_50' title="bbox 173 4744 1765 4821; baseline 0 -22"><span class='ocrx_word' id='word_1_333' title='bbox 173 4752 278 4820; x_wconf 73' lang='grc' dir='ltr'>μὲν,</span> <span class='ocrx_word' id='word_1_334' title='bbox 309 4751 546 4821; x_wconf 75' lang='grc' dir='ltr'>ἐργάταις</span> <span class='ocrx_word' id='word_1_335' title='bbox 598 4744 655 4800; x_wconf 68' lang='grc' dir='ltr'>δὲ</span> <span class='ocrx_word' id='word_1_336' title='bbox 702 4752 915 4799; x_wconf 81' lang='grc' dir='ltr'>καὶτῶν</span> <span class='ocrx_word' id='word_1_337' title='bbox 942 4746 1278 4818; x_wconf 76' lang='grc' dir='ltr'>εὐαγγελικών</span> <span class='ocrx_word' id='word_1_338' title='bbox 1311 4746 1540 4799; x_wconf 84' lang='grc' dir='ltr'>ἐντολῶν.</span> <span class='ocrx_word' id='word_1_339' title='bbox 1576 4752 1765 4810; x_wconf 87' lang='grc' dir='ltr'>Πίστις</span> 
     </span>
    </p>
   </div>
   <div class='ocr_carea' id='block_1_51' title="bbox 171 4835 1763 4910">
    <p class='ocr_par' dir='ltr' id='par_1_51' title="bbox 171 4835 1763 4910">
     <span class='ocr_line' id='line_1_51' title="bbox 171 4835 1763 4910; baseline 0.003 -23"><span class='ocrx_word' id='word_1_340' title='bbox 171 4840 267 4909; x_wconf 76' lang='grc' dir='ltr'>γὰρ</span> <span class='ocrx_word' id='word_1_341' title='bbox 316 4842 482 4910; x_wconf 83' lang='grc' dir='ltr'>χωρὶς</span> <span class='ocrx_word' id='word_1_342' title='bbox 537 4839 696 4909; x_wconf 79' lang='grc' dir='ltr'>ἔργων</span> <span class='ocrx_word' id='word_1_343' title='bbox 748 4838 901 4910; x_wconf 85' lang='grc' dir='ltr'>νεκρά</span> <span class='ocrx_word' id='word_1_344' title='bbox 950 4835 1060 4888; x_wconf 84' lang='grc' dir='ltr'>ἐστι</span> <span class='ocrx_word' id='word_1_345' title='bbox 1107 4838 1239 4888; x_wconf 82' lang='grc' dir='ltr'>κατά</span> <span class='ocrx_word' id='word_1_346' title='bbox 1285 4842 1369 4888; x_wconf 88' lang='grc' dir='ltr'>τὸν</span> <span class='ocrx_word' id='word_1_347' title='bbox 1429 4841 1586 4909; x_wconf 82' lang='grc' dir='ltr'>μέγαν</span> <span class='ocrx_word' id='word_1_348' title='bbox 1651 4838 1763 4910; x_wconf 85' lang='grc'>(87)</span> 
     </span>
    </p>
   </div>
   <div class='ocr_carea' id='block_1_52' title="bbox 174 4924 380 4978">
    <p class='ocr_par' dir='ltr' id='par_1_52' title="bbox 174 4924 380 4978">
     <span class='ocr_line' id='line_1_52' title="bbox 174 4924 380 4978; baseline -0.019 0"><span class='ocrx_word' id='word_1_349' title='bbox 174 4924 380 4978; x_wconf 81' lang='grc' dir='ltr'>Παῦλον.</span> 
     </span>
    </p>
   </div>
   <div class='ocr_carea' id='block_1_53' title="bbox 238 5011 1765 5089">
    <p class='ocr_par' dir='ltr' id='par_1_53' title="bbox 238 5011 1765 5089">
     <span class='ocr_line' id='line_1_53' title="bbox 238 5011 1765 5089; baseline 0.004 -24"><span class='ocrx_word' id='word_1_350' title='bbox 238 5016 349 5065; x_wconf 84' lang='grc' dir='ltr'>Ἐπὶ</span> <span class='ocrx_word' id='word_1_351' title='bbox 374 5040 438 5052; x_wconf 86' lang='lat'>--</span> <span class='ocrx_word' id='word_1_352' title='bbox 472 5011 666 5074; x_wconf 82' lang='grc' dir='ltr'>ἕξουσι.</span> <span class='ocrx_word' id='word_1_353' title='bbox 702 5016 795 5065; x_wconf 85' lang='grc' dir='ltr'>Διὰ</span> <span class='ocrx_word' id='word_1_354' title='bbox 826 5023 924 5065; x_wconf 79' lang='grc' dir='ltr'>τῶν</span> <span class='ocrx_word' id='word_1_355' title='bbox 944 5016 1200 5089; x_wconf 84' lang='grc' dir='ltr'>ῥηθέντων</span> <span class='ocrx_word' id='word_1_356' title='bbox 1226 5020 1450 5087; x_wconf 84' lang='grc' dir='ltr'>σημείων</span> <span class='ocrx_word' id='word_1_357' title='bbox 1470 5020 1644 5070; x_wconf 81' lang='grc' dir='ltr'>καὶτὰ</span> <span class='ocrx_word' id='word_1_358' title='bbox 1669 5038 1765 5071; x_wconf 87' lang='grc' dir='ltr'>πα-</span> 
     </span>
    </p>
   </div>
   <div class='ocr_carea' id='block_1_54' title="bbox 167 5099 1765 5177">
    <p class='ocr_par' dir='ltr' id='par_1_54' title="bbox 167 5099 1765 5177">
     <span class='ocr_line' id='line_1_54' title="bbox 167 5099 1765 5177; baseline 0.004 -24"><span class='ocrx_word' id='word_1_359' title='bbox 167 5100 531 5177; x_wconf 85' lang='grc' dir='ltr'>ραλελειμμένα</span> <span class='ocrx_word' id='word_1_360' title='bbox 552 5099 931 5172; x_wconf 76' lang='grc' dir='ltr'>ἐνέφηνεν.Εἶπε</span> <span class='ocrx_word' id='word_1_361' title='bbox 954 5106 1055 5176; x_wconf 85' lang='grc' dir='ltr'>γὰρ</span> <span class='ocrx_word' id='word_1_362' title='bbox 1088 5109 1178 5156; x_wconf 81' lang='grc' dir='ltr'>καὶ</span> <span class='ocrx_word' id='word_1_363' title='bbox 1193 5104 1462 5177; x_wconf 79' lang='grc' dir='ltr'>προλαϐὼν</span> <span class='ocrx_word' id='word_1_364' title='bbox 1496 5107 1576 5158; x_wconf 86' lang='grc' dir='ltr'>ὅτι</span> <span class='ocrx_word' id='word_1_365' title='bbox 1594 5108 1765 5160; x_wconf 89' lang='grc' dir='ltr'>πάντα</span> 
     </span>
    </p>
   </div>
   <div class='ocr_carea' id='block_1_55' title="bbox 172 5188 806 5260">
    <p class='ocr_par' dir='ltr' id='par_1_55' title="bbox 172 5188 806 5260">
     <span class='ocr_line' id='line_1_55' title="bbox 172 5188 806 5260; baseline -0.002 -16"><span class='ocrx_word' id='word_1_366' title='bbox 172 5188 363 5244; x_wconf 82' lang='grc' dir='ltr'>δυνατὰ</span> <span class='ocrx_word' id='word_1_367' title='bbox 389 5198 459 5260; x_wconf 80' lang='grc' dir='ltr'>τῷ</span> <span class='ocrx_word' id='word_1_368' title='bbox 486 5192 806 5248; x_wconf 86' lang='grc' dir='ltr'>πιστεύοντι.</span> 
     </span>
    </p>
   </div>
   <div class='ocr_carea' id='block_1_56' title="bbox 240 5430 1479 5503">
    <p class='ocr_par' dir='ltr' id='par_1_56' title="bbox 240 5430 1479 5503">
     <span class='ocr_line' id='line_1_56' title="bbox 240 5430 1479 5503; baseline 0.005 -16"><span class='ocrx_word' id='word_1_369' title='bbox 240 5432 283 5467; x_wconf 80' lang='grc'>⁸⁵</span> <span class='ocrx_word' id='word_1_370' title='bbox 308 5430 502 5489; x_wconf 83' lang='lat' dir='ltr'>Matth.</span> <span class='ocrx_word' id='word_1_371' title='bbox 534 5448 630 5499; x_wconf 87' lang='lat' dir='ltr'>xx,</span> <span class='ocrx_word' id='word_1_372' title='bbox 668 5432 749 5487; x_wconf 87' lang='grc'>19.</span> <span class='ocrx_word' id='word_1_373' title='bbox 865 5432 913 5469; x_wconf 78' lang='grc'>⁸⁸</span> <span class='ocrx_word' id='word_1_374' title='bbox 940 5433 1135 5490; x_wconf 82' lang='lat' dir='ltr'>Matth.</span> <span class='ocrx_word' id='word_1_375' title='bbox 1160 5450 1361 5503; x_wconf 86' lang='lat' dir='ltr'>xxxm,</span> <span class='ocrx_word' id='word_1_376' title='bbox 1392 5436 1479 5493; x_wconf 82' lang='grc'>16.</span> 
     </span>
    </p>
   </div>
   <div class='ocr_carea' id='block_1_57' title="bbox 1593 5439 1947 5508">
    <p class='ocr_par' dir='ltr' id='par_1_57' title="bbox 1593 5439 1947 5508">
     <span class='ocr_line' id='line_1_57' title="bbox 1593 5439 1947 5508; baseline -0.003 -12"><span class='ocrx_word' id='word_1_377' title='bbox 1593 5439 1765 5498; x_wconf 77' lang='lat' dir='ltr'>&quot;Jac.</span> <span class='ocrx_word' id='word_1_378' title='bbox 1788 5457 1846 5508; x_wconf 81' lang='lat' dir='ltr'>II,</span> <span class='ocrx_word' id='word_1_379' title='bbox 1877 5442 1947 5495; x_wconf 87' lang='lat'>26</span> 
     </span>
    </p>
   </div>
   <div class='ocr_carea' id='block_1_58' title="bbox 1898 552 3554 627">
    <p class='ocr_par' dir='ltr' id='par_1_58' title="bbox 1898 552 3554 627">
     <span class='ocr_line' id='line_1_58' title="bbox 1898 552 3554 627; baseline 0.003 -20"><span class='ocrx_word' id='word_1_380' title='bbox 1898 552 2061 607; x_wconf 90' lang='lat' dir='ltr'>enim</span> <span class='ocrx_word' id='word_1_381' title='bbox 2092 558 2151 608; x_wconf 90' lang='lat' dir='ltr'>et</span> <span class='ocrx_word' id='word_1_382' title='bbox 2175 554 2428 608; x_wconf 85' lang='lat' dir='ltr'>Joannes</span> <span class='ocrx_word' id='word_1_383' title='bbox 2456 569 2468 605; x_wconf 92' lang='lat'>:</span> <span class='ocrx_word' id='word_1_384' title='bbox 2499 553 2647 608; x_wconf 83' lang='lat' dir='ltr'>Cum</span> <span class='ocrx_word' id='word_1_385' title='bbox 2674 569 2865 611; x_wconf 87' lang='lat' dir='ltr'>serum</span> <span class='ocrx_word' id='word_1_386' title='bbox 2888 562 3024 612; x_wconf 86' lang='lat' dir='ltr'>esset</span> <span class='ocrx_word' id='word_1_387' title='bbox 3053 556 3282 622; x_wconf 78' lang='lat' dir='ltr'>dieillo,</span> <span class='ocrx_word' id='word_1_388' title='bbox 3316 556 3417 627; x_wconf 82' lang='lat' dir='ltr'>qui</span> <span class='ocrx_word' id='word_1_389' title='bbox 3433 563 3554 613; x_wconf 82' lang='lat' dir='ltr'>erat</span> 
     </span>
    </p>
   </div>
   <div class='ocr_carea' id='block_1_59' title="bbox 1898 641 3555 712">
    <p class='ocr_par' dir='ltr' id='par_1_59' title="bbox 1898 641 3555 712">
     <span class='ocr_line' id='line_1_59' title="bbox 1898 641 3555 712; baseline 0.005 -17"><span class='ocrx_word' id='word_1_390' title='bbox 1898 657 2047 697; x_wconf 86' lang='lat' dir='ltr'>unus</span> <span class='ocrx_word' id='word_1_391' title='bbox 2076 641 2483 708; x_wconf 87' lang='lat' dir='ltr'>Sabbatorum,</span> <span class='ocrx_word' id='word_1_392' title='bbox 2510 647 2566 699; x_wconf 86' lang='lat' dir='ltr'>et</span> <span class='ocrx_word' id='word_1_393' title='bbox 2590 643 2746 712; x_wconf 84' lang='lat' dir='ltr'>fores</span> <span class='ocrx_word' id='word_1_394' title='bbox 2777 650 2966 700; x_wconf 77' lang='lat' dir='ltr'>essent</span> <span class='ocrx_word' id='word_1_395' title='bbox 2991 644 3228 711; x_wconf 65' lang='lat' dir='ltr'>clausa,</span> <span class='ocrx_word' id='word_1_396' title='bbox 3254 645 3356 701; x_wconf 79' lang='lat' dir='ltr'>ubi</span> <span class='ocrx_word' id='word_1_397' title='bbox 3378 651 3555 703; x_wconf 87' lang='lat' dir='ltr'>erant</span> 
     </span>
    </p>
   </div>
   <div class='ocr_carea' id='block_1_60' title="bbox 1895 730 3551 800">
    <p class='ocr_par' dir='ltr' id='par_1_60' title="bbox 1895 730 3551 800">
     <span class='ocr_line' id='line_1_60' title="bbox 1895 730 3551 800; baseline 0.005 -16"><span class='ocrx_word' id='word_1_398' title='bbox 1895 730 2165 797; x_wconf 69' lang='lat' dir='ltr'>discipuli</span> <span class='ocrx_word' id='word_1_399' title='bbox 2193 731 2535 800; x_wconf 77' lang='lat' dir='ltr'>congregati</span> <span class='ocrx_word' id='word_1_400' title='bbox 2558 736 2803 799; x_wconf 84' lang='lat' dir='ltr'>prapter</span> <span class='ocrx_word' id='word_1_401' title='bbox 2831 739 3048 789; x_wconf 85' lang='lat' dir='ltr'>metum</span> <span class='ocrx_word' id='word_1_402' title='bbox 3077 733 3551 800; x_wconf 76' lang='lat' dir='ltr'>Judaeorum,ve-</span> 
     </span>
    </p>
   </div>
   <div class='ocr_carea' id='block_1_61' title="bbox 1896 817 3550 895">
    <p class='ocr_par' dir='ltr' id='par_1_61' title="bbox 1896 817 3550 895">
     <span class='ocr_line' id='line_1_61' title="bbox 1896 817 3550 895; baseline 0.005 -23"><span class='ocrx_word' id='word_1_403' title='bbox 1896 820 1983 872; x_wconf 82' lang='lat' dir='ltr'>nit</span> <span class='ocrx_word' id='word_1_404' title='bbox 2011 817 2194 882; x_wconf 78' lang='lat' dir='ltr'>Iesus,</span> <span class='ocrx_word' id='word_1_405' title='bbox 2224 819 2379 874; x_wconf 79' lang='lat' dir='ltr'>stetit</span> <span class='ocrx_word' id='word_1_406' title='bbox 2410 819 2475 874; x_wconf 73' lang='lat' dir='ltr'>in</span> <span class='ocrx_word' id='word_1_407' title='bbox 2503 820 2708 885; x_wconf 83' lang='lat' dir='ltr'>medio,</span> <span class='ocrx_word' id='word_1_408' title='bbox 2742 826 2798 877; x_wconf 92' lang='lat' dir='ltr'>et</span> <span class='ocrx_word' id='word_1_409' title='bbox 2819 822 2902 877; x_wconf 81' lang='lat' dir='ltr'>ait</span> <span class='ocrx_word' id='word_1_410' title='bbox 2930 821 3076 887; x_wconf 82' lang='lat' dir='ltr'>illis,</span> <span class='ocrx_word' id='word_1_411' title='bbox 3123 822 3268 880; x_wconf 71' lang='lat' dir='ltr'>Pax</span> <span class='ocrx_word' id='word_1_412' title='bbox 3296 825 3459 880; x_wconf 80' lang='lat' dir='ltr'><strong><em>vobis</em></strong></span> <span class='ocrx_word' id='word_1_413' title='bbox 3479 825 3550 895; x_wconf 77' lang='grc'>⁸⁵,</span> 
     </span>
    </p>
   </div>
   <div class='ocr_carea' id='block_1_62' title="bbox 1895 908 3551 983">
    <p class='ocr_par' dir='ltr' id='par_1_62' title="bbox 1895 908 3551 983">
     <span class='ocr_line' id='line_1_62' title="bbox 1895 908 3551 983; baseline 0.005 -23"><span class='ocrx_word' id='word_1_414' title='bbox 1895 910 2006 961; x_wconf 86' lang='lat' dir='ltr'>etc.</span> <span class='ocrx_word' id='word_1_415' title='bbox 2029 909 2189 963; x_wconf 90' lang='lat' dir='ltr'>Tunc</span> <span class='ocrx_word' id='word_1_416' title='bbox 2214 908 2372 963; x_wconf 92' lang='lat' dir='ltr'>enim</span> <span class='ocrx_word' id='word_1_417' title='bbox 2405 908 2783 980; x_wconf 78' lang='lat' dir='ltr'>exprobravit</span> <span class='ocrx_word' id='word_1_418' title='bbox 2802 909 3278 967; x_wconf 81' lang='lat' dir='ltr'>incredulitatem</span> <span class='ocrx_word' id='word_1_419' title='bbox 3308 913 3551 983; x_wconf 57' lang='lat' dir='ltr'>(eorum,</span> 
     </span>
    </p>
   </div>
   <div class='ocr_carea' id='block_1_63' title="bbox 1896 995 3555 1073">
    <p class='ocr_par' dir='ltr' id='par_1_63' title="bbox 1896 995 3555 1073">
     <span class='ocr_line' id='line_1_63' title="bbox 1896 995 3555 1073; baseline 0.006 -24"><span class='ocrx_word' id='word_1_420' title='bbox 1896 995 2211 1067; x_wconf 72' lang='lat' dir='ltr'>cordisque</span> <span class='ocrx_word' id='word_1_421' title='bbox 2232 996 2529 1065; x_wconf 86' lang='lat' dir='ltr'>duritiem,</span> <span class='ocrx_word' id='word_1_422' title='bbox 2555 998 2676 1053; x_wconf 83' lang='lat' dir='ltr'>sive</span> <span class='ocrx_word' id='word_1_423' title='bbox 2702 997 3350 1068; x_wconf 88' lang='lat' dir='ltr'>impersuasibilitatem</span> <span class='ocrx_word' id='word_1_424' title='bbox 3371 1017 3384 1057; x_wconf 89' lang='lat'><strong>:</strong></span> <span class='ocrx_word' id='word_1_425' title='bbox 3409 1003 3555 1073; x_wconf 88' lang='lat' dir='ltr'>quia</span> 
     </span>
    </p>
   </div>
   <div class='ocr_carea' id='block_1_64' title="bbox 1895 1084 3553 1158">
    <p class='ocr_par' dir='ltr' id='par_1_64' title="bbox 1895 1084 3553 1158">
     <span class='ocr_line' id='line_1_64' title="bbox 1895 1084 3553 1158; baseline 0.007 -21"><span class='ocrx_word' id='word_1_426' title='bbox 1895 1084 1986 1138; x_wconf 80' lang='lat' dir='ltr'>his</span> <span class='ocrx_word' id='word_1_427' title='bbox 2013 1087 2115 1155; x_wconf 79' lang='lat' dir='ltr'>qui</span> <span class='ocrx_word' id='word_1_428' title='bbox 2148 1086 2419 1141; x_wconf 81' lang='lat' dir='ltr'>viderant</span> <span class='ocrx_word' id='word_1_429' title='bbox 2447 1102 2608 1155; x_wconf 89' lang='lat' dir='ltr'>eum,</span> <span class='ocrx_word' id='word_1_430' title='bbox 2637 1093 2955 1158; x_wconf 83' lang='lat' dir='ltr'>postquam</span> <span class='ocrx_word' id='word_1_431' title='bbox 2984 1094 3403 1156; x_wconf 85' lang='lat' dir='ltr'>resurrexerat,</span> <span class='ocrx_word' id='word_1_432' title='bbox 3426 1106 3553 1148; x_wconf 91' lang='lat' dir='ltr'>non</span> 
     </span>
    </p>
   </div>
   <div class='ocr_carea' id='block_1_65' title="bbox 1896 1174 3554 1246">
    <p class='ocr_par' dir='ltr' id='par_1_65' title="bbox 1896 1174 3554 1246">
     <span class='ocr_line' id='line_1_65' title="bbox 1896 1174 3554 1246; baseline 0.005 -20"><span class='ocrx_word' id='word_1_433' title='bbox 1896 1174 2287 1242; x_wconf 82' lang='lat' dir='ltr'>crediderant,</span> <span class='ocrx_word' id='word_1_434' title='bbox 2317 1180 2459 1246; x_wconf 89' lang='lat' dir='ltr'>puta</span> <span class='ocrx_word' id='word_1_435' title='bbox 2485 1175 2850 1245; x_wconf 65' lang='lat' dir='ltr'>Magdalenen</span> <span class='ocrx_word' id='word_1_436' title='bbox 2864 1175 3098 1231; x_wconf 85' lang='lat' dir='ltr'>etalteri</span> <span class='ocrx_word' id='word_1_437' title='bbox 3122 1177 3338 1244; x_wconf 69' lang='lat' dir='ltr'>Marias,</span> <span class='ocrx_word' id='word_1_438' title='bbox 3372 1194 3442 1234; x_wconf 87' lang='lat' dir='ltr'>ac</span> <span class='ocrx_word' id='word_1_439' title='bbox 3460 1178 3554 1235; x_wconf 88' lang='lat' dir='ltr'>his</span> 
     </span>
    </p>
   </div>
   <div class='ocr_carea' id='block_1_66' title="bbox 1895 1261 3553 1339">
    <p class='ocr_par' dir='ltr' id='par_1_66' title="bbox 1895 1261 3553 1339">
     <span class='ocr_line' id='line_1_66' title="bbox 1895 1261 3553 1339; baseline 0.004 -23"><span class='ocrx_word' id='word_1_440' title='bbox 1895 1261 2135 1317; x_wconf 88' lang='lat' dir='ltr'>duobus</span> <span class='ocrx_word' id='word_1_441' title='bbox 2167 1263 2241 1318; x_wconf 92' lang='lat' dir='ltr'>de</span> <span class='ocrx_word' id='word_1_442' title='bbox 2275 1263 2497 1334; x_wconf 85' lang='lat' dir='ltr'>quibus</span> <span class='ocrx_word' id='word_1_443' title='bbox 2528 1263 2767 1336; x_wconf 89' lang='lat' dir='ltr'>scripsit</span> <span class='ocrx_word' id='word_1_444' title='bbox 2796 1267 3047 1321; x_wconf 89' lang='lat' dir='ltr'>Marcus.</span> <span class='ocrx_word' id='word_1_445' title='bbox 3073 1269 3278 1339; x_wconf 81' lang='lat' dir='ltr'>Itaque</span> <span class='ocrx_word' id='word_1_446' title='bbox 3321 1269 3553 1324; x_wconf 83' lang='lat' dir='ltr'>Marcus</span> 
     </span>
    </p>
   </div>
   <div class='ocr_carea' id='block_1_67' title="bbox 1894 1350 3555 1426">
    <p class='ocr_par' dir='ltr' id='par_1_67' title="bbox 1894 1350 3555 1426">
     <span class='ocr_line' id='line_1_67' title="bbox 1894 1350 3555 1426; baseline 0.005 -21"><span class='ocrx_word' id='word_1_447' title='bbox 1894 1350 2115 1407; x_wconf 86' lang='lat' dir='ltr'>dictam</span> <span class='ocrx_word' id='word_1_448' title='bbox 2146 1352 2671 1424; x_wconf 84' lang='lat' dir='ltr'>exprobrationem</span> <span class='ocrx_word' id='word_1_449' title='bbox 2697 1353 2949 1426; x_wconf 89' lang='lat' dir='ltr'>scripsit.</span> <span class='ocrx_word' id='word_1_450' title='bbox 2990 1353 3183 1411; x_wconf 90' lang='lat' dir='ltr'>Lucas</span> <span class='ocrx_word' id='word_1_451' title='bbox 3207 1370 3349 1412; x_wconf 88' lang='lat' dir='ltr'>vero</span> <span class='ocrx_word' id='word_1_452' title='bbox 3378 1360 3435 1413; x_wconf 88' lang='lat' dir='ltr'>et</span> <span class='ocrx_word' id='word_1_453' title='bbox 3461 1357 3555 1414; x_wconf 75' lang='lat'>10.-</span> 
     </span>
    </p>
   </div>
   <div class='ocr_carea' id='block_1_68' title="bbox 1894 1440 3554 1516">
    <p class='ocr_par' dir='ltr' id='par_1_68' title="bbox 1894 1440 3554 1516">
     <span class='ocr_line' id='line_1_68' title="bbox 1894 1440 3554 1516; baseline 0.005 -21"><span class='ocrx_word' id='word_1_454' title='bbox 1894 1454 2081 1496; x_wconf 91' lang='lat' dir='ltr'>annes</span> <span class='ocrx_word' id='word_1_455' title='bbox 2111 1441 2222 1497; x_wconf 88' lang='lat' dir='ltr'>hac</span> <span class='ocrx_word' id='word_1_456' title='bbox 2250 1440 2666 1512; x_wconf 69' lang='lat' dir='ltr'>praetermissa,</span> <span class='ocrx_word' id='word_1_457' title='bbox 2694 1442 2953 1500; x_wconf 89' lang='lat' dir='ltr'>aliarum</span> <span class='ocrx_word' id='word_1_458' title='bbox 2973 1458 3172 1501; x_wconf 90' lang='lat' dir='ltr'>rerum</span> <span class='ocrx_word' id='word_1_459' title='bbox 3233 1460 3364 1516; x_wconf 66' lang='lat' dir='ltr'>quis</span> <span class='ocrx_word' id='word_1_460' title='bbox 3411 1448 3554 1504; x_wconf 87' lang='lat' dir='ltr'>tunc</span> 
     </span>
    </p>
   </div>
   <div class='ocr_carea' id='block_1_69' title="bbox 1892 1527 2697 1597">
    <p class='ocr_par' dir='ltr' id='par_1_69' title="bbox 1892 1527 2697 1597">
     <span class='ocr_line' id='line_1_69' title="bbox 1892 1527 2697 1597; baseline 0.005 -14"><span class='ocrx_word' id='word_1_461' title='bbox 1892 1527 2061 1585; x_wconf 79' lang='lat' dir='ltr'>factae</span> <span class='ocrx_word' id='word_1_462' title='bbox 2088 1534 2245 1597; x_wconf 89' lang='lat' dir='ltr'>sunt,</span> <span class='ocrx_word' id='word_1_463' title='bbox 2278 1530 2697 1587; x_wconf 90' lang='lat' dir='ltr'>meminerunt.</span> 
     </span>
    </p>
   </div>
   <div class='ocr_carea' id='block_1_70' title="bbox 1514 1616 3557 1699">
    <p class='ocr_par' dir='ltr' id='par_1_70' title="bbox 1514 1616 3557 1699">
     <span class='ocr_line' id='line_1_70' title="bbox 1514 1616 3557 1699; baseline 0.004 -26"><span class='ocrx_word' id='word_1_464' title='bbox 1514 1616 1962 1693; x_wconf 81' lang='grc' dir='ltr'>παραδραμόντες,</span> <span class='ocrx_word' id='word_1_465' title='bbox 2031 1618 2210 1693; x_wconf 81' lang='grc' dir='ltr'>ἐτέρων</span> <span class='ocrx_word' id='word_1_466' title='bbox 2272 1622 2594 1693; x_wconf 74' lang='grc' dir='ltr'>πραγμάτων</span> <span class='ocrx_word' id='word_1_467' title='bbox 2644 1620 3029 1694; x_wconf 82' lang='grc' dir='ltr'>ἐμνημόνευσαν</span> <span class='ocrx_word' id='word_1_468' title='bbox 3077 1630 3365 1683; x_wconf 83' lang='grc' dir='ltr'>τηνικαῦτα</span> <span class='ocrx_word' id='word_1_469' title='bbox 3408 1644 3557 1699; x_wconf 70' lang='grc' dir='ltr'>γεγο-</span> 
     </span>
    </p>
   </div>
   <div class='ocr_carea' id='block_1_71' title="bbox 1964 1889 3553 1953">
    <p class='ocr_par' dir='ltr' id='par_1_71' title="bbox 1964 1889 3553 1953">
     <span class='ocr_line' id='line_1_71' title="bbox 1964 1889 3553 1953; baseline 0.006 -10"><span class='ocrx_word' id='word_1_470' title='bbox 1964 1891 2134 1944; x_wconf 87' lang='lat' dir='ltr'>Vers.</span> <span class='ocrx_word' id='word_1_471' title='bbox 2178 1893 2267 1945; x_wconf 86' lang='grc'>15.</span> <span class='ocrx_word' id='word_1_472' title='bbox 2305 1889 2383 1944; x_wconf 88' lang='lat' dir='ltr'>Et</span> <span class='ocrx_word' id='word_1_473' title='bbox 2409 1889 2565 1946; x_wconf 71' lang='lat' dir='ltr'>dixit</span> <span class='ocrx_word' id='word_1_474' title='bbox 2590 1920 2659 1930; x_wconf 95' lang='lat'><strong><em>—</em></strong></span> <span class='ocrx_word' id='word_1_475' title='bbox 2692 1895 2987 1947; x_wconf 68' lang='lat' dir='ltr'>creatura.</span> <span class='ocrx_word' id='word_1_476' title='bbox 3020 1891 3142 1948; x_wconf 85' lang='lat' dir='ltr'>Hoc</span> <span class='ocrx_word' id='word_1_477' title='bbox 3177 1896 3266 1950; x_wconf 89' lang='lat' dir='ltr'>est</span> <span class='ocrx_word' id='word_1_478' title='bbox 3304 1893 3367 1949; x_wconf 92' lang='lat' dir='ltr'>in</span> <span class='ocrx_word' id='word_1_479' title='bbox 3415 1895 3553 1953; x_wconf 85' lang='lat' dir='ltr'>uni-</span> 
     </span>
    </p>
   </div>
   <div class='ocr_carea' id='block_1_72' title="bbox 1892 1977 3551 2050">
    <p class='ocr_par' dir='ltr' id='par_1_72' title="bbox 1892 1977 3551 2050">
     <span class='ocr_line' id='line_1_72' title="bbox 1892 1977 3551 2050; baseline 0.005 -19"><span class='ocrx_word' id='word_1_480' title='bbox 1892 1993 2129 2032; x_wconf 88' lang='lat' dir='ltr'>versum</span> <span class='ocrx_word' id='word_1_481' title='bbox 2156 1977 2387 2034; x_wconf 88' lang='lat' dir='ltr'>orbem.</span> <span class='ocrx_word' id='word_1_482' title='bbox 2428 1978 2574 2033; x_wconf 86' lang='lat' dir='ltr'>Dixit</span> <span class='ocrx_word' id='word_1_483' title='bbox 2612 1985 2813 2034; x_wconf 90' lang='lat' dir='ltr'>autem</span> <span class='ocrx_word' id='word_1_484' title='bbox 2834 1978 2951 2034; x_wconf 89' lang='lat' dir='ltr'>illis</span> <span class='ocrx_word' id='word_1_485' title='bbox 2996 1979 3158 2037; x_wconf 92' lang='lat' dir='ltr'>hunc</span> <span class='ocrx_word' id='word_1_486' title='bbox 3188 1997 3551 2050; x_wconf 89' lang='lat' dir='ltr'>sermonem,</span> 
     </span>
    </p>
   </div>
   <div class='ocr_carea' id='block_1_73' title="bbox 1894 2066 3543 2141">
    <p class='ocr_par' dir='ltr' id='par_1_73' title="bbox 1894 2066 3543 2141">
     <span class='ocr_line' id='line_1_73' title="bbox 1894 2066 3543 2141; baseline 0.004 -20"><span class='ocrx_word' id='word_1_487' title='bbox 1894 2081 2014 2122; x_wconf 93' lang='lat' dir='ltr'>non</span> <span class='ocrx_word' id='word_1_488' title='bbox 2042 2071 2180 2121; x_wconf 89' lang='lat' dir='ltr'>tunc</span> <span class='ocrx_word' id='word_1_489' title='bbox 2206 2082 2366 2134; x_wconf 87' lang='lat' dir='ltr'>sane,</span> <span class='ocrx_word' id='word_1_490' title='bbox 2395 2066 2495 2121; x_wconf 92' lang='lat' dir='ltr'>sed</span> <span class='ocrx_word' id='word_1_491' title='bbox 2521 2066 2932 2137; x_wconf 89' lang='lat' dir='ltr'>postmodum,</span> <span class='ocrx_word' id='word_1_492' title='bbox 2955 2083 3095 2124; x_wconf 90' lang='lat' dir='ltr'>cum</span> <span class='ocrx_word' id='word_1_493' title='bbox 3124 2069 3373 2141; x_wconf 84' lang='lat' dir='ltr'>profecti</span> <span class='ocrx_word' id='word_1_494' title='bbox 3404 2076 3543 2130; x_wconf 91' lang='lat' dir='ltr'>sunt</span> 
     </span>
    </p>
   </div>
   <div class='ocr_carea' id='block_1_74' title="bbox 1893 2154 3554 2228">
    <p class='ocr_par' dir='ltr' id='par_1_74' title="bbox 1893 2154 3554 2228">
     <span class='ocr_line' id='line_1_74' title="bbox 1893 2154 3554 2228; baseline 0.005 -19"><span class='ocrx_word' id='word_1_495' title='bbox 1893 2155 1953 2210; x_wconf 87' lang='lat' dir='ltr'>in</span> <span class='ocrx_word' id='word_1_496' title='bbox 1994 2154 2302 2210; x_wconf 69' lang='lat' dir='ltr'>Galilaeam</span> <span class='ocrx_word' id='word_1_497' title='bbox 2328 2155 2389 2210; x_wconf 92' lang='lat' dir='ltr'>in</span> <span class='ocrx_word' id='word_1_498' title='bbox 2420 2158 2706 2221; x_wconf 88' lang='lat' dir='ltr'>montem,</span> <span class='ocrx_word' id='word_1_499' title='bbox 2740 2155 2800 2210; x_wconf 93' lang='lat' dir='ltr'>in</span> <span class='ocrx_word' id='word_1_500' title='bbox 2826 2171 2949 2228; x_wconf 88' lang='lat' dir='ltr'>quo</span> <span class='ocrx_word' id='word_1_501' title='bbox 3001 2158 3302 2214; x_wconf 89' lang='lat' dir='ltr'>constituit</span> <span class='ocrx_word' id='word_1_502' title='bbox 3325 2158 3441 2217; x_wconf 88' lang='lat' dir='ltr'>illis</span> <span class='ocrx_word' id='word_1_503' title='bbox 3458 2163 3554 2218; x_wconf 81' lang='lat' dir='ltr'>Je-</span> 
     </span>
    </p>
   </div>
   <div class='ocr_carea' id='block_1_75' title="bbox 1894 2243 3549 2317">
    <p class='ocr_par' dir='ltr' id='par_1_75' title="bbox 1894 2243 3549 2317">
     <span class='ocr_line' id='line_1_75' title="bbox 1894 2243 3549 2317; baseline 0.006 -18"><span class='ocrx_word' id='word_1_504' title='bbox 1894 2261 2015 2308; x_wconf 92' lang='lat' dir='ltr'>sus,</span> <span class='ocrx_word' id='word_1_505' title='bbox 2064 2243 2240 2299; x_wconf 88' lang='lat' dir='ltr'>veluti</span> <span class='ocrx_word' id='word_1_506' title='bbox 2273 2244 2432 2301; x_wconf 89' lang='lat' dir='ltr'>circa</span> <span class='ocrx_word' id='word_1_507' title='bbox 2477 2244 2662 2300; x_wconf 88' lang='lat' dir='ltr'>ﬁnem</span> <span class='ocrx_word' id='word_1_508' title='bbox 2699 2244 2996 2317; x_wconf 80' lang='lat' dir='ltr'>Evangelii</span> <span class='ocrx_word' id='word_1_509' title='bbox 3038 2247 3370 2305; x_wconf 88' lang='lat' dir='ltr'>secundum</span> <span class='ocrx_word' id='word_1_510' title='bbox 3408 2253 3549 2309; x_wconf 81' lang='lat' dir='ltr'>Mat-</span> 
     </span>
    </p>
   </div>
   <div class='ocr_carea' id='block_1_76' title="bbox 1894 2335 2649 2407">
    <p class='ocr_par' dir='ltr' id='par_1_76' title="bbox 1894 2335 2649 2407">
     <span class='ocr_line' id='line_1_76' title="bbox 1894 2335 2649 2407; baseline 0.004 -16"><span class='ocrx_word' id='word_1_511' title='bbox 1894 2336 2116 2391; x_wconf 76' lang='lat' dir='ltr'>thaaum</span> <span class='ocrx_word' id='word_1_512' title='bbox 2147 2335 2434 2407; x_wconf 90' lang='lat' dir='ltr'>scriptum</span> <span class='ocrx_word' id='word_1_513' title='bbox 2468 2340 2555 2391; x_wconf 91' lang='lat' dir='ltr'>est</span> <span class='ocrx_word' id='word_1_514' title='bbox 2576 2336 2649 2394; x_wconf 77' lang='grc'>⁸⁵.</span> 
     </span>
    </p>
   </div>
   <div class='ocr_carea' id='block_1_77' title="bbox 1964 2423 3545 2502">
    <p class='ocr_par' dir='ltr' id='par_1_77' title="bbox 1964 2423 3545 2502">
     <span class='ocr_line' id='line_1_77' title="bbox 1964 2423 3545 2502; baseline 0.004 -23"><span class='ocrx_word' id='word_1_515' title='bbox 1964 2425 2108 2489; x_wconf 68' lang='lat' dir='ltr'>Quae</span> <span class='ocrx_word' id='word_1_516' title='bbox 2134 2439 2273 2480; x_wconf 91' lang='lat' dir='ltr'>vero</span> <span class='ocrx_word' id='word_1_517' title='bbox 2313 2427 2647 2496; x_wconf 90' lang='lat' dir='ltr'>sequuntur</span> <span class='ocrx_word' id='word_1_518' title='bbox 2674 2423 2978 2481; x_wconf 65' lang='lat' dir='ltr'>Matthaeus</span> <span class='ocrx_word' id='word_1_519' title='bbox 3009 2425 3261 2497; x_wconf 91' lang='lat' dir='ltr'>quidem</span> <span class='ocrx_word' id='word_1_520' title='bbox 3287 2426 3545 2502; x_wconf 86' lang='lat' dir='ltr'>reliquit,</span> 
     </span>
    </p>
   </div>
   <div class='ocr_carea' id='block_1_78' title="bbox 1889 2512 3542 2586">
    <p class='ocr_par' dir='ltr' id='par_1_78' title="bbox 1889 2512 3542 2586">
     <span class='ocr_line' id='line_1_78' title="bbox 1889 2512 3542 2586; baseline 0.005 -18"><span class='ocrx_word' id='word_1_521' title='bbox 1889 2512 2105 2568; x_wconf 90' lang='lat' dir='ltr'>horum</span> <span class='ocrx_word' id='word_1_522' title='bbox 2138 2512 2478 2568; x_wconf 85' lang='lat' dir='ltr'>narratione</span> <span class='ocrx_word' id='word_1_523' title='bbox 2497 2512 2866 2570; x_wconf 88' lang='lat' dir='ltr'>abbreviata.</span> <span class='ocrx_word' id='word_1_524' title='bbox 2896 2516 3123 2571; x_wconf 86' lang='lat' dir='ltr'>Marcus</span> <span class='ocrx_word' id='word_1_525' title='bbox 3151 2530 3293 2573; x_wconf 88' lang='lat' dir='ltr'>vero</span> <span class='ocrx_word' id='word_1_526' title='bbox 3320 2518 3542 2586; x_wconf 89' lang='lat' dir='ltr'>retulit,</span> 
     </span>
    </p>
   </div>
   <div class='ocr_carea' id='block_1_79' title="bbox 1888 2601 2667 2657">
    <p class='ocr_par' dir='ltr' id='par_1_79' title="bbox 1888 2601 2667 2657">
     <span class='ocr_line' id='line_1_79' title="bbox 1888 2601 2667 2657; baseline 0.001 -2"><span class='ocrx_word' id='word_1_527' title='bbox 1888 2601 2135 2657; x_wconf 88' lang='lat' dir='ltr'>dilatato</span> <span class='ocrx_word' id='word_1_528' title='bbox 2160 2601 2234 2657; x_wconf 90' lang='lat' dir='ltr'>de</span> <span class='ocrx_word' id='word_1_529' title='bbox 2251 2602 2343 2657; x_wconf 86' lang='lat' dir='ltr'>his</span> <span class='ocrx_word' id='word_1_530' title='bbox 2369 2617 2667 2657; x_wconf 85' lang='lat' dir='ltr'>sermone.</span> 
     </span>
    </p>
   </div>
   <div class='ocr_carea' id='block_1_80' title="bbox 1958 2690 3547 2763">
    <p class='ocr_par' dir='ltr' id='par_1_80' title="bbox 1958 2690 3547 2763">
     <span class='ocr_line' id='line_1_80' title="bbox 1958 2690 3547 2763; baseline 0.004 -17"><span class='ocrx_word' id='word_1_531' title='bbox 1958 2690 2125 2747; x_wconf 91' lang='lat' dir='ltr'>Vers.</span> <span class='ocrx_word' id='word_1_532' title='bbox 2170 2694 2254 2748; x_wconf 87' lang='grc'>16.</span> <span class='ocrx_word' id='word_1_533' title='bbox 2292 2690 2804 2757; x_wconf 79' lang='lat' dir='ltr'>Quicrediderit—</span> <span class='ocrx_word' id='word_1_534' title='bbox 2825 2691 3326 2751; x_wconf 72' lang='lat' dir='ltr'>condemnabitur.</span> <span class='ocrx_word' id='word_1_535' title='bbox 3352 2726 3421 2737; x_wconf 96' lang='lat'>—</span> <span class='ocrx_word' id='word_1_536' title='bbox 3438 2696 3547 2763; x_wconf 80' lang='lat' dir='ltr'>Qui</span> 
     </span>
    </p>
   </div>
   <div class='ocr_carea' id='block_1_81' title="bbox 1886 2779 3545 2849">
    <p class='ocr_par' dir='ltr' id='par_1_81' title="bbox 1886 2779 3545 2849">
     <span class='ocr_line' id='line_1_81' title="bbox 1886 2779 3545 2849; baseline 0.005 -14"><span class='ocrx_word' id='word_1_537' title='bbox 1886 2779 2202 2836; x_wconf 77' lang='lat' dir='ltr'>crediderit</span> <span class='ocrx_word' id='word_1_538' title='bbox 2229 2786 2279 2833; x_wconf 88' lang='lat' dir='ltr'>et</span> <span class='ocrx_word' id='word_1_539' title='bbox 2308 2780 2641 2849; x_wconf 74' lang='lat' dir='ltr'>baptizatus</span> <span class='ocrx_word' id='word_1_540' title='bbox 2690 2780 2893 2849; x_wconf 79' lang='lat' dir='ltr'>fuerit,</span> <span class='ocrx_word' id='word_1_541' title='bbox 2924 2783 3127 2838; x_wconf 80' lang='lat' dir='ltr'>salvus</span> <span class='ocrx_word' id='word_1_542' title='bbox 3181 2783 3315 2849; x_wconf 75' lang='lat' dir='ltr'>erit,</span> <span class='ocrx_word' id='word_1_543' title='bbox 3364 2786 3545 2843; x_wconf 89' lang='lat' dir='ltr'>modo</span> 
     </span>
    </p>
   </div>
   <div class='ocr_carea' id='block_1_82' title="bbox 1884 2868 3545 2942">
    <p class='ocr_par' dir='ltr' id='par_1_82' title="bbox 1884 2868 3545 2942">
     <span class='ocr_line' id='line_1_82' title="bbox 1884 2868 3545 2942; baseline 0.005 -18"><span class='ocrx_word' id='word_1_544' title='bbox 1884 2868 2069 2924; x_wconf 86' lang='lat' dir='ltr'>ﬁdem</span> <span class='ocrx_word' id='word_1_545' title='bbox 2099 2885 2169 2925; x_wconf 89' lang='lat' dir='ltr'>ac</span> <span class='ocrx_word' id='word_1_546' title='bbox 2196 2868 2567 2942; x_wconf 87' lang='lat' dir='ltr'>baptismum</span> <span class='ocrx_word' id='word_1_547' title='bbox 2589 2869 2901 2942; x_wconf 87' lang='lat' dir='ltr'>impolluta</span> <span class='ocrx_word' id='word_1_548' title='bbox 2956 2873 3413 2940; x_wconf 87' lang='lat' dir='ltr'>conservaverit,</span> <span class='ocrx_word' id='word_1_549' title='bbox 3443 2878 3545 2933; x_wconf 89' lang='lat' dir='ltr'>aut</span> 
     </span>
    </p>
   </div>
   <div class='ocr_carea' id='block_1_83' title="bbox 1887 2958 3543 3034">
    <p class='ocr_par' dir='ltr' id='par_1_83' title="bbox 1887 2958 3543 3034">
     <span class='ocr_line' id='line_1_83' title="bbox 1887 2958 3543 3034; baseline 0.005 -22"><span class='ocrx_word' id='word_1_550' title='bbox 1887 2961 2020 3028; x_wconf 89' lang='lat' dir='ltr'>post</span> <span class='ocrx_word' id='word_1_551' title='bbox 2039 2962 2372 3014; x_wconf 88' lang='lat' dir='ltr'>contractas</span> <span class='ocrx_word' id='word_1_552' title='bbox 2398 2958 2607 3015; x_wconf 89' lang='lat' dir='ltr'>sordes</span> <span class='ocrx_word' id='word_1_553' title='bbox 2642 2959 3057 3016; x_wconf 88' lang='lat' dir='ltr'>emundaverit</span> <span class='ocrx_word' id='word_1_554' title='bbox 3082 2976 3154 3017; x_wconf 89' lang='lat' dir='ltr'>ac</span> <span class='ocrx_word' id='word_1_555' title='bbox 3190 2962 3543 3034; x_wconf 79' lang='lat' dir='ltr'>puriﬁcave-</span> 
     </span>
    </p>
   </div>
   <div class='ocr_carea' id='block_1_84' title="bbox 1882 3046 1981 3103">
    <p class='ocr_par' dir='ltr' id='par_1_84' title="bbox 1882 3046 1981 3103">
     <span class='ocr_line' id='line_1_84' title="bbox 1882 3046 1981 3103; baseline 0.02 -2"><span class='ocrx_word' id='word_1_556' title='bbox 1882 3046 1981 3103; x_wconf 91' lang='lat' dir='ltr'>rit.</span> 
     </span>
    </p>
   </div>
   <div class='ocr_carea' id='block_1_85' title="bbox 1954 3134 3543 3210">
    <p class='ocr_par' dir='ltr' id='par_1_85' title="bbox 1954 3134 3543 3210">
     <span class='ocr_line' id='line_1_85' title="bbox 1954 3134 3543 3210; baseline 0.007 -21"><span class='ocrx_word' id='word_1_557' title='bbox 1954 3134 2298 3205; x_wconf 81' lang='lat' dir='ltr'>Intelligitur</span> <span class='ocrx_word' id='word_1_558' title='bbox 2330 3140 2515 3191; x_wconf 87' lang='lat' dir='ltr'>autem</span> <span class='ocrx_word' id='word_1_559' title='bbox 2546 3136 2795 3192; x_wconf 88' lang='lat' dir='ltr'>verbum</span> <span class='ocrx_word' id='word_1_560' title='bbox 2824 3137 2933 3193; x_wconf 90' lang='lat' dir='ltr'>hoc</span> <span class='ocrx_word' id='word_1_561' title='bbox 2954 3141 3010 3194; x_wconf 89' lang='lat' dir='ltr'>et</span> <span class='ocrx_word' id='word_1_562' title='bbox 3035 3137 3154 3195; x_wconf 89' lang='lat' dir='ltr'>alio</span> <span class='ocrx_word' id='word_1_563' title='bbox 3190 3140 3392 3207; x_wconf 91' lang='lat' dir='ltr'>modo,</span> <span class='ocrx_word' id='word_1_564' title='bbox 3429 3142 3543 3210; x_wconf 77' lang='lat' dir='ltr'>Qui</span> 
     </span>
    </p>
   </div>
   <div class='ocr_carea' id='block_1_86' title="bbox 1885 3224 3535 3302">
    <p class='ocr_par' dir='ltr' id='par_1_86' title="bbox 1885 3224 3535 3302">
     <span class='ocr_line' id='line_1_86' title="bbox 1885 3224 3535 3302; baseline 0.004 -22"><span class='ocrx_word' id='word_1_565' title='bbox 1885 3224 2133 3280; x_wconf 75' lang='lat' dir='ltr'>crederz&#39;t</span> <span class='ocrx_word' id='word_1_566' title='bbox 2154 3232 2204 3280; x_wconf 87' lang='lat' dir='ltr'>et</span> <span class='ocrx_word' id='word_1_567' title='bbox 2235 3224 2561 3291; x_wconf 76' lang='lat' dir='ltr'>baptizatus</span> <span class='ocrx_word' id='word_1_568' title='bbox 2585 3224 2787 3294; x_wconf 77' lang='lat' dir='ltr'>fuerit,</span> <span class='ocrx_word' id='word_1_569' title='bbox 2820 3227 3019 3282; x_wconf 81' lang='lat' dir='ltr'>salvus</span> <span class='ocrx_word' id='word_1_570' title='bbox 3046 3226 3177 3290; x_wconf 83' lang='lat' dir='ltr'>erit,</span> <span class='ocrx_word' id='word_1_571' title='bbox 3211 3228 3261 3283; x_wconf 81' lang='lat' dir='ltr'>si</span> <span class='ocrx_word' id='word_1_572' title='bbox 3295 3244 3365 3284; x_wconf 90' lang='lat' dir='ltr'>ea</span> <span class='ocrx_word' id='word_1_573' title='bbox 3398 3246 3535 3302; x_wconf 60' lang='lat' dir='ltr'>quas</span> 
     </span>
    </p>
   </div>
   <div class='ocr_carea' id='block_1_87' title="bbox 1883 3312 3540 3386">
    <p class='ocr_par' dir='ltr' id='par_1_87' title="bbox 1883 3312 3540 3386">
     <span class='ocr_line' id='line_1_87' title="bbox 1883 3312 3540 3386; baseline 0.005 -20"><span class='ocrx_word' id='word_1_574' title='bbox 1883 3313 2020 3368; x_wconf 88' lang='lat' dir='ltr'>ﬁdei</span> <span class='ocrx_word' id='word_1_575' title='bbox 2047 3317 2183 3367; x_wconf 90' lang='lat' dir='ltr'>sunt</span> <span class='ocrx_word' id='word_1_576' title='bbox 2206 3327 2308 3383; x_wconf 86' lang='lat' dir='ltr'>per</span> <span class='ocrx_word' id='word_1_577' title='bbox 2340 3312 2713 3384; x_wconf 86' lang='lat' dir='ltr'>baptismum</span> <span class='ocrx_word' id='word_1_578' title='bbox 2744 3319 3059 3386; x_wconf 72' lang='lat' dir='ltr'>susceptas,</span> <span class='ocrx_word' id='word_1_579' title='bbox 3092 3314 3540 3375; x_wconf 87' lang='lat' dir='ltr'>demonstrave-</span> 
     </span>
    </p>
   </div>
   <div class='ocr_carea' id='block_1_88' title="bbox 1883 3401 3538 3473">
    <p class='ocr_par' dir='ltr' id='par_1_88' title="bbox 1883 3401 3538 3473">
     <span class='ocr_line' id='line_1_88' title="bbox 1883 3401 3538 3473; baseline 0.005 -16"><span class='ocrx_word' id='word_1_580' title='bbox 1883 3402 1957 3457; x_wconf 90' lang='lat' dir='ltr'>rit</span> <span class='ocrx_word' id='word_1_581' title='bbox 1988 3418 2001 3468; x_wconf 90' lang='lat'>;</span> <span class='ocrx_word' id='word_1_582' title='bbox 2031 3401 2128 3457; x_wconf 89' lang='lat' dir='ltr'>illa</span> <span class='ocrx_word' id='word_1_583' title='bbox 2165 3417 2306 3457; x_wconf 90' lang='lat' dir='ltr'>vero</span> <span class='ocrx_word' id='word_1_584' title='bbox 2351 3406 2491 3455; x_wconf 91' lang='lat' dir='ltr'>sunt</span> <span class='ocrx_word' id='word_1_585' title='bbox 2529 3403 2793 3473; x_wconf 88' lang='lat' dir='ltr'>operatio</span> <span class='ocrx_word' id='word_1_586' title='bbox 2841 3402 3249 3461; x_wconf 87' lang='lat' dir='ltr'>mandatorum</span> <span class='ocrx_word' id='word_1_587' title='bbox 3293 3406 3414 3473; x_wconf 89' lang='lat' dir='ltr'>Dei,</span> <span class='ocrx_word' id='word_1_588' title='bbox 3466 3424 3538 3465; x_wconf 87' lang='lat' dir='ltr'>ac</span> 
     </span>
    </p>
   </div>
   <div class='ocr_carea' id='block_1_89' title="bbox 1884 3490 2517 3562">
    <p class='ocr_par' dir='ltr' id='par_1_89' title="bbox 1884 3490 2517 3562">
     <span class='ocr_line' id='line_1_89' title="bbox 1884 3490 2517 3562; baseline -0.003 -17"><span class='ocrx_word' id='word_1_589' title='bbox 1884 3490 1975 3545; x_wconf 93' lang='lat' dir='ltr'>sui</span> <span class='ocrx_word' id='word_1_590' title='bbox 2015 3490 2200 3562; x_wconf 90' lang='lat' dir='ltr'>ipsius</span> <span class='ocrx_word' id='word_1_591' title='bbox 2225 3490 2517 3546; x_wconf 88' lang='lat' dir='ltr'>custodia.</span> 
     </span>
    </p>
   </div>
   <div class='ocr_carea' id='block_1_90' title="bbox 1954 3580 3535 3658">
    <p class='ocr_par' dir='ltr' id='par_1_90' title="bbox 1954 3580 3535 3658">
     <span class='ocr_line' id='line_1_90' title="bbox 1954 3580 3535 3658; baseline 0.004 -21"><span class='ocrx_word' id='word_1_592' title='bbox 1954 3583 2080 3637; x_wconf 91' lang='lat' dir='ltr'>Non</span> <span class='ocrx_word' id='word_1_593' title='bbox 2120 3580 2267 3635; x_wconf 85' lang='lat' dir='ltr'>dixit</span> <span class='ocrx_word' id='word_1_594' title='bbox 2293 3584 2494 3636; x_wconf 90' lang='lat' dir='ltr'>autem</span> <span class='ocrx_word' id='word_1_595' title='bbox 2514 3597 2527 3634; x_wconf 87' lang='lat'><strong>:</strong></span> <span class='ocrx_word' id='word_1_596' title='bbox 2549 3580 2656 3644; x_wconf 88' lang='lat' dir='ltr'>Qui</span> <span class='ocrx_word' id='word_1_597' title='bbox 2678 3580 2875 3636; x_wconf 89' lang='lat' dir='ltr'>solum</span> <span class='ocrx_word' id='word_1_598' title='bbox 2902 3582 3215 3640; x_wconf 88' lang='lat' dir='ltr'>crediderit</span> <span class='ocrx_word' id='word_1_599' title='bbox 3246 3600 3261 3652; x_wconf 93' lang='lat'><strong>;</strong></span> <span class='ocrx_word' id='word_1_600' title='bbox 3296 3599 3485 3658; x_wconf 87' lang='lat' dir='ltr'>neque</span> <span class='ocrx_word' id='word_1_601' title='bbox 3516 3602 3535 3644; x_wconf 91' lang='lat'><strong>:</strong></span> 
     </span>
    </p>
   </div>
   <div class='ocr_carea' id='block_1_91' title="bbox 1883 3668 3537 3746">
    <p class='ocr_par' dir='ltr' id='par_1_91' title="bbox 1883 3668 3537 3746">
     <span class='ocr_line' id='line_1_91' title="bbox 1883 3668 3537 3746; baseline 0.005 -23"><span class='ocrx_word' id='word_1_602' title='bbox 1883 3669 1985 3735; x_wconf 90' lang='lat' dir='ltr'>Qui</span> <span class='ocrx_word' id='word_1_603' title='bbox 2010 3669 2344 3740; x_wconf 85' lang='lat' dir='ltr'>baptizatus</span> <span class='ocrx_word' id='word_1_604' title='bbox 2376 3668 2566 3735; x_wconf 87' lang='lat' dir='ltr'>fuerit,</span> <span class='ocrx_word' id='word_1_605' title='bbox 2614 3673 2866 3736; x_wconf 87' lang='lat' dir='ltr'>tantum,</span> <span class='ocrx_word' id='word_1_606' title='bbox 2894 3669 3000 3726; x_wconf 90' lang='lat' dir='ltr'>sed</span> <span class='ocrx_word' id='word_1_607' title='bbox 3049 3676 3370 3746; x_wconf 89' lang='lat' dir='ltr'>utrumque</span> <span class='ocrx_word' id='word_1_608' title='bbox 3398 3691 3537 3732; x_wconf 89' lang='lat' dir='ltr'>con-</span> 
     </span>
    </p>
   </div>
   <div class='ocr_carea' id='block_1_92' title="bbox 1876 3757 3536 3828">
    <p class='ocr_par' dir='ltr' id='par_1_92' title="bbox 1876 3757 3536 3828">
     <span class='ocr_line' id='line_1_92' title="bbox 1876 3757 3536 3828; baseline 0.005 -14"><span class='ocrx_word' id='word_1_609' title='bbox 1876 3758 2073 3828; x_wconf 85' lang='lat' dir='ltr'>junxit</span> <span class='ocrx_word' id='word_1_610' title='bbox 2102 3774 2113 3811; x_wconf 93' lang='lat'><strong><em>:</em></strong></span> <span class='ocrx_word' id='word_1_611' title='bbox 2149 3757 2401 3814; x_wconf 91' lang='lat' dir='ltr'>alterum</span> <span class='ocrx_word' id='word_1_612' title='bbox 2430 3758 2584 3814; x_wconf 90' lang='lat' dir='ltr'>enim</span> <span class='ocrx_word' id='word_1_613' title='bbox 2614 3757 2742 3814; x_wconf 88' lang='lat' dir='ltr'>sine</span> <span class='ocrx_word' id='word_1_614' title='bbox 2773 3758 2958 3816; x_wconf 87' lang='lat' dir='ltr'>altero</span> <span class='ocrx_word' id='word_1_615' title='bbox 2979 3774 3103 3817; x_wconf 92' lang='lat' dir='ltr'>non</span> <span class='ocrx_word' id='word_1_616' title='bbox 3142 3761 3369 3820; x_wconf 87' lang='lat' dir='ltr'>salvum</span> <span class='ocrx_word' id='word_1_617' title='bbox 3391 3762 3536 3824; x_wconf 85' lang='lat' dir='ltr'>facit</span> 
     </span>
    </p>
   </div>
   <div class='ocr_carea' id='block_1_93' title="bbox 1880 3846 2208 3902">
    <p class='ocr_par' dir='ltr' id='par_1_93' title="bbox 1880 3846 2208 3902">
     <span class='ocr_line' id='line_1_93' title="bbox 1880 3846 2208 3902; baseline -0.003 -1"><span class='ocrx_word' id='word_1_618' title='bbox 1880 3846 2208 3902; x_wconf 88' lang='lat' dir='ltr'>hominem.</span> 
     </span>
    </p>
   </div>
   <div class='ocr_carea' id='block_1_94' title="bbox 1951 3952 3535 4030">
    <p class='ocr_par' dir='ltr' id='par_1_94' title="bbox 1951 3952 3535 4030">
     <span class='ocr_line' id='line_1_94' title="bbox 1951 3952 3535 4030; baseline 0.006 -22"><span class='ocrx_word' id='word_1_619' title='bbox 1951 3953 2111 4009; x_wconf 91' lang='lat' dir='ltr'>Vers.</span> <span class='ocrx_word' id='word_1_620' title='bbox 2150 3957 2237 4010; x_wconf 84' lang='grc'>17.</span> <span class='ocrx_word' id='word_1_621' title='bbox 2283 3952 2455 4023; x_wconf 83' lang='lat' dir='ltr'>Signa</span> <span class='ocrx_word' id='word_1_622' title='bbox 2507 3984 2575 3994; x_wconf 98' lang='lat'>—</span> <span class='ocrx_word' id='word_1_623' title='bbox 2603 3959 3039 4026; x_wconf 79' lang='lat' dir='ltr'>prosequentur.</span> <span class='ocrx_word' id='word_1_624' title='bbox 3087 3959 3199 4013; x_wconf 88' lang='lat' dir='ltr'>Eos</span> <span class='ocrx_word' id='word_1_625' title='bbox 3228 3957 3328 4030; x_wconf 89' lang='lat' dir='ltr'>qui</span> <span class='ocrx_word' id='word_1_626' title='bbox 3352 3958 3535 4017; x_wconf 80' lang='lat' dir='ltr'>credi-</span> 
     </span>
    </p>
   </div>
   <div class='ocr_carea' id='block_1_95' title="bbox 1879 4042 3535 4114">
    <p class='ocr_par' dir='ltr' id='par_1_95' title="bbox 1879 4042 3535 4114">
     <span class='ocr_line' id='line_1_95' title="bbox 1879 4042 3535 4114; baseline 0.004 -16"><span class='ocrx_word' id='word_1_627' title='bbox 1879 4042 2107 4098; x_wconf 90' lang='lat' dir='ltr'>derint:</span> <span class='ocrx_word' id='word_1_628' title='bbox 2141 4058 2261 4097; x_wconf 93' lang='lat' dir='ltr'>non</span> <span class='ocrx_word' id='word_1_629' title='bbox 2286 4042 2653 4114; x_wconf 88' lang='lat' dir='ltr'>simpliciter,</span> <span class='ocrx_word' id='word_1_630' title='bbox 2682 4044 2781 4098; x_wconf 92' lang='lat' dir='ltr'>sed</span> <span class='ocrx_word' id='word_1_631' title='bbox 2820 4044 2973 4101; x_wconf 89' lang='lat' dir='ltr'>sicut</span> <span class='ocrx_word' id='word_1_632' title='bbox 3011 4044 3276 4103; x_wconf 88' lang='lat' dir='ltr'>diximus.</span> <span class='ocrx_word' id='word_1_633' title='bbox 3310 4048 3535 4105; x_wconf 89' lang='lat' dir='ltr'>Deinde</span> 
     </span>
    </p>
   </div>
   <div class='ocr_carea' id='block_1_96' title="bbox 1878 4132 2832 4204">
    <p class='ocr_par' dir='ltr' id='par_1_96' title="bbox 1878 4132 2832 4204">
     <span class='ocr_line' id='line_1_96' title="bbox 1878 4132 2832 4204; baseline 0.003 -18"><span class='ocrx_word' id='word_1_634' title='bbox 1878 4132 2046 4204; x_wconf 88' lang='lat' dir='ltr'>ponit</span> <span class='ocrx_word' id='word_1_635' title='bbox 2066 4138 2122 4187; x_wconf 91' lang='lat' dir='ltr'>et</span> <span class='ocrx_word' id='word_1_636' title='bbox 2151 4132 2344 4200; x_wconf 84' lang='lat' dir='ltr'>signa,</span> <span class='ocrx_word' id='word_1_637' title='bbox 2369 4132 2493 4187; x_wconf 91' lang='lat' dir='ltr'>sive</span> <span class='ocrx_word' id='word_1_638' title='bbox 2522 4132 2832 4189; x_wconf 88' lang='lat' dir='ltr'>miracula.</span> 
     </span>
    </p>
   </div>
   <div class='ocr_carea' id='block_1_97' title="bbox 1947 4221 3534 4300">
    <p class='ocr_par' dir='ltr' id='par_1_97' title="bbox 1947 4221 3534 4300">
     <span class='ocr_line' id='line_1_97' title="bbox 1947 4221 3534 4300; baseline 0.006 -25"><span class='ocrx_word' id='word_1_639' title='bbox 1947 4221 2106 4276; x_wconf 86' lang='lat' dir='ltr'>Vers.</span> <span class='ocrx_word' id='word_1_640' title='bbox 2141 4222 2223 4276; x_wconf 86' lang='grc'>17.</span> <span class='ocrx_word' id='word_1_641' title='bbox 2248 4223 2360 4277; x_wconf 89' lang='lat' dir='ltr'>Per</span> <span class='ocrx_word' id='word_1_642' title='bbox 2390 4237 2600 4277; x_wconf 84' lang='lat' dir='ltr'>nomen</span> <span class='ocrx_word' id='word_1_643' title='bbox 2622 4238 2832 4280; x_wconf 85' lang='lat' dir='ltr'>meum.</span> <span class='ocrx_word' id='word_1_644' title='bbox 2868 4254 2937 4263; x_wconf 91' lang='lat'><strong><em>—</em></strong></span> <span class='ocrx_word' id='word_1_645' title='bbox 2961 4223 3149 4282; x_wconf 77' lang='lat' dir='ltr'>novis.</span> <span class='ocrx_word' id='word_1_646' title='bbox 3179 4224 3534 4300; x_wconf 80' lang='lat' dir='ltr'>Linguispe—</span> 
     </span>
    </p>
   </div>
   <div class='ocr_carea' id='block_1_98' title="bbox 1877 4310 3118 4381">
    <p class='ocr_par' dir='ltr' id='par_1_98' title="bbox 1877 4310 3118 4381">
     <span class='ocr_line' id='line_1_98' title="bbox 1877 4310 3118 4381; baseline 0.002 -15"><span class='ocrx_word' id='word_1_647' title='bbox 1877 4310 2167 4379; x_wconf 82' lang='lat' dir='ltr'>regrinis:</span> <span class='ocrx_word' id='word_1_648' title='bbox 2203 4310 2503 4366; x_wconf 88' lang='lat' dir='ltr'>idiomatis</span> <span class='ocrx_word' id='word_1_649' title='bbox 2535 4310 2789 4367; x_wconf 87' lang='lat' dir='ltr'>aliarum</span> <span class='ocrx_word' id='word_1_650' title='bbox 2831 4312 3118 4381; x_wconf 82' lang='lat' dir='ltr'>gentium.</span> 
     </span>
    </p>
   </div>
   <div class='ocr_carea' id='block_1_99' title="bbox 1948 4399 3529 4477">
    <p class='ocr_par' dir='ltr' id='par_1_99' title="bbox 1948 4399 3529 4477">
     <span class='ocr_line' id='line_1_99' title="bbox 1948 4399 3529 4477; baseline 0.006 -23"><span class='ocrx_word' id='word_1_651' title='bbox 1948 4400 2111 4454; x_wconf 88' lang='lat' dir='ltr'>Vers.</span> <span class='ocrx_word' id='word_1_652' title='bbox 2150 4399 2232 4453; x_wconf 88' lang='grc'>18.</span> <span class='ocrx_word' id='word_1_653' title='bbox 2278 4400 2573 4469; x_wconf 84' lang='lat' dir='ltr'>Serpentes</span> <span class='ocrx_word' id='word_1_654' title='bbox 2607 4403 2843 4459; x_wconf 82' lang='lat' dir='ltr'>tollent.</span> <span class='ocrx_word' id='word_1_655' title='bbox 2895 4402 3204 4468; x_wconf 89' lang='lat' dir='ltr'>Delebunt,</span> <span class='ocrx_word' id='word_1_656' title='bbox 3237 4405 3529 4477; x_wconf 89' lang='lat' dir='ltr'>occident,</span> 
     </span>
    </p>
   </div>
   <div class='ocr_carea' id='block_1_100' title="bbox 1798 4485 3457 4562">
    <p class='ocr_par' dir='ltr' id='par_1_100' title="bbox 1798 4485 3457 4562">
     <span class='ocr_line' id='line_1_100' title="bbox 1798 4485 3457 4562; baseline 0.004 -22"><span class='ocrx_word' id='word_1_657' title='bbox 1798 4485 1845 4539; x_wconf 95' lang='lat' dir='ltr'>D</span> <span class='ocrx_word' id='word_1_658' title='bbox 1880 4492 1981 4543; x_wconf 91' lang='lat' dir='ltr'>aut</span> <span class='ocrx_word' id='word_1_659' title='bbox 2005 4488 2174 4544; x_wconf 85' lang='lat' dir='ltr'>etiam</span> <span class='ocrx_word' id='word_1_660' title='bbox 2208 4488 2269 4543; x_wconf 92' lang='lat' dir='ltr'>in</span> <span class='ocrx_word' id='word_1_661' title='bbox 2298 4488 2580 4545; x_wconf 90' lang='lat' dir='ltr'>manibus</span> <span class='ocrx_word' id='word_1_662' title='bbox 2611 4490 2839 4562; x_wconf 90' lang='lat' dir='ltr'>absque</span> <span class='ocrx_word' id='word_1_663' title='bbox 2870 4490 3124 4561; x_wconf 90' lang='lat' dir='ltr'>periculo</span> <span class='ocrx_word' id='word_1_664' title='bbox 3150 4492 3457 4550; x_wconf 88' lang='lat' dir='ltr'>tenebunt.</span> 
     </span>
    </p>
   </div>
   <div class='ocr_carea' id='block_1_101' title="bbox 1944 4577 3531 4652">
    <p class='ocr_par' dir='ltr' id='par_1_101' title="bbox 1944 4577 3531 4652">
     <span class='ocr_line' id='line_1_101' title="bbox 1944 4577 3531 4652; baseline 0.005 -22"><span class='ocrx_word' id='word_1_665' title='bbox 1944 4577 2113 4633; x_wconf 89' lang='lat' dir='ltr'>Vers.</span> <span class='ocrx_word' id='word_1_666' title='bbox 2162 4580 2243 4632; x_wconf 87' lang='grc'>18.</span> <span class='ocrx_word' id='word_1_667' title='bbox 2274 4578 2353 4632; x_wconf 83' lang='lat' dir='ltr'>Et</span> <span class='ocrx_word' id='word_1_668' title='bbox 2371 4579 2422 4632; x_wconf 75' lang='lat' dir='ltr'>si</span> <span class='ocrx_word' id='word_1_669' title='bbox 2459 4609 2524 4618; x_wconf 97' lang='lat'>—</span> <span class='ocrx_word' id='word_1_670' title='bbox 2549 4579 2780 4633; x_wconf 77' lang='lat' dir='ltr'>nocebit.</span> <span class='ocrx_word' id='word_1_671' title='bbox 2834 4578 3010 4634; x_wconf 90' lang='lat' dir='ltr'>Multa</span> <span class='ocrx_word' id='word_1_672' title='bbox 3052 4578 3195 4635; x_wconf 87' lang='lat' dir='ltr'>talia</span> <span class='ocrx_word' id='word_1_673' title='bbox 3251 4580 3531 4652; x_wconf 86' lang='lat' dir='ltr'>plurimis</span> 
     </span>
    </p>
   </div>
   <div class='ocr_carea' id='block_1_102' title="bbox 1875 4665 3525 4738">
    <p class='ocr_par' dir='ltr' id='par_1_102' title="bbox 1875 4665 3525 4738">
     <span class='ocr_line' id='line_1_102' title="bbox 1875 4665 3525 4738; baseline 0.002 -18"><span class='ocrx_word' id='word_1_674' title='bbox 1875 4665 2249 4734; x_wconf 84' lang='lat' dir='ltr'>contigerunt</span> <span class='ocrx_word' id='word_1_675' title='bbox 2273 4666 2515 4730; x_wconf 86' lang='lat' dir='ltr'>sanctis,</span> <span class='ocrx_word' id='word_1_676' title='bbox 2536 4681 2885 4738; x_wconf 89' lang='lat' dir='ltr'>semperque</span> <span class='ocrx_word' id='word_1_677' title='bbox 2910 4666 3525 4737; x_wconf 79' lang='lat' dir='ltr'>contiguutﬁdelibus,</span> 
     </span>
    </p>
   </div>
   <div class='ocr_carea' id='block_1_103' title="bbox 1874 4754 3524 4828">
    <p class='ocr_par' dir='ltr' id='par_1_103' title="bbox 1874 4754 3524 4828">
     <span class='ocr_line' id='line_1_103' title="bbox 1874 4754 3524 4828; baseline 0.003 -19"><span class='ocrx_word' id='word_1_678' title='bbox 1874 4754 1977 4826; x_wconf 90' lang='lat' dir='ltr'>qui</span> <span class='ocrx_word' id='word_1_679' title='bbox 2001 4754 2270 4810; x_wconf 88' lang='lat' dir='ltr'>videlicet</span> <span class='ocrx_word' id='word_1_680' title='bbox 2294 4759 2644 4810; x_wconf 86' lang='lat' dir='ltr'>exercentur</span> <span class='ocrx_word' id='word_1_681' title='bbox 2684 4754 2742 4810; x_wconf 90' lang='lat' dir='ltr'>in</span> <span class='ocrx_word' id='word_1_682' title='bbox 2778 4755 3138 4824; x_wconf 85' lang='lat' dir='ltr'>evangelicis</span> <span class='ocrx_word' id='word_1_683' title='bbox 3164 4758 3478 4828; x_wconf 77' lang='lat' dir='ltr'>preeceptis</span> <span class='ocrx_word' id='word_1_684' title='bbox 3511 4776 3524 4815; x_wconf 93' lang='lat'>:</span> 
     </span>
    </p>
   </div>
   <div class='ocr_carea' id='block_1_104' title="bbox 1873 4842 3527 4917">
    <p class='ocr_par' dir='ltr' id='par_1_104' title="bbox 1873 4842 3527 4917">
     <span class='ocr_line' id='line_1_104' title="bbox 1873 4842 3527 4917; baseline 0.004 -20"><span class='ocrx_word' id='word_1_685' title='bbox 1873 4858 2015 4898; x_wconf 90' lang='lat' dir='ltr'>nam</span> <span class='ocrx_word' id='word_1_686' title='bbox 2046 4843 2196 4898; x_wconf 88' lang='lat' dir='ltr'>ﬁdes</span> <span class='ocrx_word' id='word_1_687' title='bbox 2215 4842 2341 4897; x_wconf 92' lang='lat' dir='ltr'>sine</span> <span class='ocrx_word' id='word_1_688' title='bbox 2363 4842 2648 4914; x_wconf 90' lang='lat' dir='ltr'>operibus</span> <span class='ocrx_word' id='word_1_689' title='bbox 2673 4846 2912 4900; x_wconf 91' lang='lat' dir='ltr'>mortua</span> <span class='ocrx_word' id='word_1_690' title='bbox 2932 4849 3020 4900; x_wconf 90' lang='lat' dir='ltr'>est</span> <span class='ocrx_word' id='word_1_691' title='bbox 3036 4844 3208 4914; x_wconf 88' lang='lat' dir='ltr'>juxta</span> <span class='ocrx_word' id='word_1_692' title='bbox 3234 4861 3527 4917; x_wconf 84' lang='lat' dir='ltr'>magnum</span> 
     </span>
    </p>
   </div>
   <div class='ocr_carea' id='block_1_105' title="bbox 1874 4931 2461 4987">
    <p class='ocr_par' dir='ltr' id='par_1_105' title="bbox 1874 4931 2461 4987">
     <span class='ocr_line' id='line_1_105' title="bbox 1874 4931 2461 4987; baseline -0.002 -1"><span class='ocrx_word' id='word_1_693' title='bbox 1874 4931 2040 4987; x_wconf 88' lang='lat' dir='ltr'>illum</span> <span class='ocrx_word' id='word_1_694' title='bbox 2072 4932 2364 4987; x_wconf 89' lang='lat' dir='ltr'>Jacobum</span> <span class='ocrx_word' id='word_1_695' title='bbox 2393 4931 2461 4985; x_wconf 82' lang='grc'>⁸⁷.</span> 
     </span>
    </p>
   </div>
   <div class='ocr_carea' id='block_1_106' title="bbox 1943 5018 3523 5095">
    <p class='ocr_par' dir='ltr' id='par_1_106' title="bbox 1943 5018 3523 5095">
     <span class='ocr_line' id='line_1_106' title="bbox 1943 5018 3523 5095; baseline 0.005 -21"><span class='ocrx_word' id='word_1_696' title='bbox 1943 5022 2087 5075; x_wconf 87' lang='lat' dir='ltr'>Vers</span> <span class='ocrx_word' id='word_1_697' title='bbox 2152 5024 2234 5074; x_wconf 86' lang='grc'>18.</span> <span class='ocrx_word' id='word_1_698' title='bbox 2298 5018 2476 5090; x_wconf 85' lang='lat' dir='ltr'>Super</span> <span class='ocrx_word' id='word_1_699' title='bbox 2525 5050 2595 5061; x_wconf 97' lang='lat'><strong>—</strong></span> <span class='ocrx_word' id='word_1_700' title='bbox 2645 5020 2926 5078; x_wconf 83' lang='lat' dir='ltr'>habebunt.</span> <span class='ocrx_word' id='word_1_701' title='bbox 2978 5023 3083 5078; x_wconf 92' lang='lat' dir='ltr'>Per</span> <span class='ocrx_word' id='word_1_702' title='bbox 3133 5022 3291 5080; x_wconf 87' lang='lat' dir='ltr'>dicta</span> <span class='ocrx_word' id='word_1_703' title='bbox 3332 5022 3523 5095; x_wconf 79' lang='lat' dir='ltr'>signa,</span> 
     </span>
    </p>
   </div>
   <div class='ocr_carea' id='block_1_107' title="bbox 1873 5108 3522 5182">
    <p class='ocr_par' dir='ltr' id='par_1_107' title="bbox 1873 5108 3522 5182">
     <span class='ocr_line' id='line_1_107' title="bbox 1873 5108 3522 5182; baseline 0.005 -17"><span class='ocrx_word' id='word_1_704' title='bbox 1873 5110 2053 5165; x_wconf 89' lang='lat' dir='ltr'>etiam</span> <span class='ocrx_word' id='word_1_705' title='bbox 2080 5125 2151 5165; x_wconf 89' lang='lat' dir='ltr'>ea</span> <span class='ocrx_word' id='word_1_706' title='bbox 2178 5108 2369 5165; x_wconf 91' lang='lat' dir='ltr'>innuit</span> <span class='ocrx_word' id='word_1_707' title='bbox 2393 5124 2525 5181; x_wconf 64' lang='lat' dir='ltr'>quas</span> <span class='ocrx_word' id='word_1_708' title='bbox 2553 5110 2951 5182; x_wconf 69' lang='lat' dir='ltr'>praetermissa</span> <span class='ocrx_word' id='word_1_709' title='bbox 2983 5116 3142 5171; x_wconf 87' lang='lat' dir='ltr'>sunt.</span> <span class='ocrx_word' id='word_1_710' title='bbox 3186 5112 3337 5170; x_wconf 81' lang='lat' dir='ltr'>Dixit</span> <span class='ocrx_word' id='word_1_711' title='bbox 3356 5113 3522 5174; x_wconf 87' lang='lat' dir='ltr'>enim</span> 
     </span>
    </p>
   </div>
   <div class='ocr_carea' id='block_1_108' title="bbox 1871 5198 3522 5276">
    <p class='ocr_par' dir='ltr' id='par_1_108' title="bbox 1871 5198 3522 5276">
     <span class='ocr_line' id='line_1_108' title="bbox 1871 5198 3522 5276; baseline 0.005 -21"><span class='ocrx_word' id='word_1_712' title='bbox 1871 5199 1931 5255; x_wconf 92' lang='lat' dir='ltr'>in</span> <span class='ocrx_word' id='word_1_713' title='bbox 1961 5198 2454 5270; x_wconf 83' lang='lat' dir='ltr'>praecedentibus,</span> <span class='ocrx_word' id='word_1_714' title='bbox 2485 5199 2653 5272; x_wconf 89' lang='lat' dir='ltr'>quod</span> <span class='ocrx_word' id='word_1_715' title='bbox 2677 5200 2883 5259; x_wconf 89' lang='lat' dir='ltr'>omnia</span> <span class='ocrx_word' id='word_1_716' title='bbox 2902 5202 3217 5276; x_wconf 87' lang='lat' dir='ltr'>possibilia</span> <span class='ocrx_word' id='word_1_717' title='bbox 3240 5207 3382 5262; x_wconf 89' lang='lat' dir='ltr'>sunt</span> <span class='ocrx_word' id='word_1_718' title='bbox 3399 5219 3522 5264; x_wconf 84' lang='lat' dir='ltr'>cre-</span> 
     </span>
    </p>
   </div>
   <div class='ocr_carea' id='block_1_109' title="bbox 1873 5286 2133 5345">
    <p class='ocr_par' dir='ltr' id='par_1_109' title="bbox 1873 5286 2133 5345">
     <span class='ocr_line' id='line_1_109' title="bbox 1873 5286 2133 5345; baseline -0.004 -1"><span class='ocrx_word' id='word_1_719' title='bbox 1873 5286 2036 5345; x_wconf 87' lang='lat' dir='ltr'>denti</span> <span class='ocrx_word' id='word_1_720' title='bbox 2064 5289 2133 5343; x_wconf 81' lang='grc'>⁸⁸.</span> 
     </span>
    </p>
   </div>
   <div class='ocr_carea' id='block_1_110' title="bbox 2079 5441 2541 5508">
    <p class='ocr_par' dir='ltr' id='par_1_110' title="bbox 2079 5441 2541 5508">
     <span class='ocr_line' id='line_1_110' title="bbox 2079 5441 2541 5508; baseline -0.002 -10"><span class='ocrx_word' id='word_1_721' title='bbox 2079 5441 2127 5477; x_wconf 80' lang='grc'>⁸⁸</span> <span class='ocrx_word' id='word_1_722' title='bbox 2150 5442 2322 5498; x_wconf 87' lang='lat' dir='ltr'>Marc.</span> <span class='ocrx_word' id='word_1_723' title='bbox 2355 5456 2434 5508; x_wconf 80' lang='lat' dir='ltr'>IX,</span> <span class='ocrx_word' id='word_1_724' title='bbox 2454 5441 2541 5497; x_wconf 88' lang='lat'>23.</span> 
     </span>
    </p>
   </div>
   <div class='ocr_carea' id='block_1_111' title="bbox 1378 5561 2307 5635">
    <p class='ocr_par' dir='ltr' id='par_1_111' title="bbox 1378 5561 2307 5635">
     <span class='ocr_line' id='line_1_111' title="bbox 1378 5561 2307 5635; baseline 0.006 -8"><span class='ocrx_word' id='word_1_725' title='bbox 1378 5561 1603 5631; x_wconf 77' lang='lat' dir='ltr'>Variae</span> <span class='ocrx_word' id='word_1_726' title='bbox 1634 5564 1961 5633; x_wconf 82' lang='lat' dir='ltr'>lectiones</span> <span class='ocrx_word' id='word_1_727' title='bbox 2009 5575 2075 5633; x_wconf 91' lang='lat' dir='ltr'>et</span> <span class='ocrx_word' id='word_1_728' title='bbox 2104 5575 2307 5635; x_wconf 72' lang='lat' dir='ltr'>notae.</span> 
     </span>
    </p>
   </div>
   <div class='ocr_carea' id='block_1_112' title="bbox 243 5697 1757 5777">
    <p class='ocr_par' dir='ltr' id='par_1_112' title="bbox 243 5697 1757 5777">
     <span class='ocr_line' id='line_1_112' title="bbox 243 5697 1757 5777; baseline 0.006 -24"><span class='ocrx_word' id='word_1_729' title='bbox 243 5697 348 5770; x_wconf 85' lang='lat'>(86)</span> <span class='ocrx_word' id='word_1_730' title='bbox 389 5702 581 5773; x_wconf 82' lang='grc' dir='ltr'>Χερσίν</span> <span class='ocrx_word' id='word_1_731' title='bbox 611 5698 793 5755; x_wconf 87' lang='lat' dir='ltr'>habet</span> <span class='ocrx_word' id='word_1_732' title='bbox 813 5698 1136 5757; x_wconf 88' lang='lat' dir='ltr'>Hentenius</span> <span class='ocrx_word' id='word_1_733' title='bbox 1163 5700 1222 5757; x_wconf 94' lang='lat' dir='ltr'>in</span> <span class='ocrx_word' id='word_1_734' title='bbox 1253 5702 1757 5777; x_wconf 89' lang='lat' dir='ltr'>interpretatione.</span> 
     </span>
    </p>
   </div>
   <div class='ocr_carea' id='block_1_113' title="bbox 1943 5709 3164 5785">
    <p class='ocr_par' dir='ltr' id='par_1_113' title="bbox 1943 5709 3164 5785">
     <span class='ocr_line' id='line_1_113' title="bbox 1943 5709 3164 5785; baseline 0.004 -20"><span class='ocrx_word' id='word_1_735' title='bbox 1943 5710 2057 5782; x_wconf 80' lang='lat'>(87)</span> <span class='ocrx_word' id='word_1_736' title='bbox 2084 5710 2209 5767; x_wconf 90' lang='lat' dir='ltr'>Imo</span> <span class='ocrx_word' id='word_1_737' title='bbox 2230 5709 2495 5778; x_wconf 79' lang='grc' dir='ltr'>Ἰάκωϐον,</span> <span class='ocrx_word' id='word_1_738' title='bbox 2526 5711 2932 5785; x_wconf 66' lang='grc' dir='ltr'>ιιιᾘθηιθηίαε</span> <span class='ocrx_word' id='word_1_739' title='bbox 2959 5712 3164 5772; x_wconf 86' lang='lat' dir='ltr'>habet.</span> 
     </span>
    </p>
   </div>
  </div>
