4170 6364
631 362 735 416 847

2004 354 2345 410 EUTHYMII
2386 352 2715 409 ZlGABENI

3900 345 4017 400 848

633 487 753 540 tem
799 482 1134 556 apparueit,
1207 485 1434 540 certum
1492 486 1601 554 est,
1661 481 1811 538 sicut
1889 480 2069 536 etiam
2127 479 2278 535 dicto

2394 482 2483 550 μὲν
2541 484 2720 552 πρώτη
2779 475 3054 528 Σαϐϐατων
3097 478 3126 534 η
3188 475 3432 547 Κυριακὴ
3481 473 3704 544 λέγεται,
3769 477 3863 524 καὶ
3927 474 4015 523 ὅτι

633 571 823 643 capite
897 570 1249 644 praedictum
1313 575 1428 628 est.
1508 568 1784 626 Similiter
1840 568 2006 640 quod
2055 568 2283 640 primus

632 658 1058 726 Sabbatorum,
1121 659 1245 715 dies
1307 659 1652 716 Dominicus
1701 658 1954 724 dicatur,
2000 656 2286 728 quodque

629 763 812 805 mane
840 747 1018 820 hujus
1053 748 1316 806 Christus
1342 747 1706 821 apparuerit,
1735 745 1959 820 pariter
1985 745 2062 800 ibi
2093 743 2288 800 decla-

629 844 832 894 ratum
862 842 974 896 est.

704 926 1106 992 Quaerendum
1129 930 1351 992 autem,
1374 925 1684 999 quomodo
1700 925 1814 982 hoc
1836 923 1966 979 loco
1995 922 2284 994 scriptum

633 1020 742 1084 est,
762 1015 926 1086 quod
955 1017 1296 1088 apparuerit
1322 1016 1584 1088 primum
1642 1014 1836 1071 Marias
1895 1010 2284 1081 Magdalene,

631 1103 926 1177 siquidem
955 1105 1235 1176 apparuit
1275 1104 1537 1177 primum
1583 1119 1704 1158 non
1751 1101 1861 1157 soli
1892 1099 2284 1171 Magdalenae,

632 1193 737 1249 sed
765 1193 944 1250 etiam
973 1194 1140 1250 alteri
1165 1194 1361 1250 Marias
1385 1192 1592 1250 Jacobi
1613 1198 1669 1247 et
1690 1193 1848 1260 Jose,
1871 1190 2046 1246 veluti
2079 1205 2289 1245 narra-

630 1283 716 1339 vit
764 1283 1074 1339 Matthaaus
1126 1284 1201 1340 ⁷⁸.
1258 1283 1584 1338 Dicendum
1641 1297 1782 1352 ergo
1835 1284 1922 1336 est
1981 1279 2141 1350 quod
2187 1293 2288 1348 per

628 1371 1062 1442 Magdalenam,
1077 1372 1323 1429 alteram
1335 1386 1578 1444 quoque
1591 1369 1964 1441 signiﬁcavit.
1975 1370 2119 1439 Freq
2127 1366 2283 1423 uenti

629 1467 718 1518 est
739 1461 900 1516 enim
937 1460 1000 1516 in
1039 1477 1152 1516 usu
1182 1461 1346 1533 apud
1373 1459 1769 1529 evangelistas
1827 1473 1932 1530 per
1963 1471 2285 1528 personam

629 1565 767 1622 quae
795 1548 1088 1620 insignior
1122 1555 1228 1616 est,
1272 1565 1407 1606 eam
1439 1549 1619 1605 etiam
1649 1547 1994 1617 intelligere,
2025 1562 2152 1616 quae
2179 1545 2286 1599 mi-

629 1653 745 1696 nus
775 1643 917 1694 nota
940 1643 1054 1696 est.
1113 1637 1409 1709 Insignior
1450 1644 1649 1694 autem
1696 1641 1822 1693 erat
1850 1635 2194 1706 Magdalene
2221 1635 2283 1689 in

629 1729 744 1786 hoc
795 1728 964 1802 quod
1004 1728 1312 1786 festinavit
1348 1734 1406 1784 et
1463 1727 1765 1801 praecessit
1822 1727 1898 1782 ad
1927 1739 2284 1782 monumen-

2394 569 2531 640 τινρωί
2560 569 2755 627 ταύτης
2793 567 2817 616 6
2860 569 3086 637 Χριστὸς
3136 562 3311 636 ἐφάνη,
3365 565 3550 636 ὁμοίως
3602 561 3650 613 ἐν
3699 560 3875 633 ἐκείνῳ
3921 558 4013 613 δε-

2397 652 2650 714 δήλωται.

2465 944 2722 999 Ζητητέον
2775 936 2854 1008 δὲ,
2913 947 3019 1000 πῶς
3075 937 3295 991 ἐνταῦθα
3351 942 3641 1011 γέγραπται
3704 937 3783 989 ὅτι
3842 935 4008 1008 ἐφάνη

2396 1039 2597 1104 πρῶτον
2641 1034 2820 1103 Μαρίᾳ
2857 1035 2918 1099 τῇ
2961 1025 3311 1099 Μαγδαληνῇ.
3348 1027 3456 1080 Καὶ
3506 1030 3604 1098 γὰρ
3657 1025 3809 1098 ἐφάνη
3859 1035 4009 1099 πρῶ-

2396 1139 2480 1171 τον
2521 1119 2578 1170 οὐ
2622 1127 2683 1191 τῇ
2735 1114 3059 1189 Μαγδαληνῇ
3121 1121 3274 1188 μόνῃ,
3322 1115 3450 1166 ἀλλὰ
3501 1120 3586 1167 xui
3637 1123 3698 1187 τῇ
3742 1114 3898 1187 ἄλλῃ,
3940 1123 4006 1186 τῇ

2395 1215 2487 1260 τοῦ
2517 1207 2765 1259 Ἰακώϐου
2811 1211 2900 1258 καὶ
2944 1208 3060 1276 (83)
3088 1213 3178 1257 τοῦ
3211 1206 3388 1269 Ἰωσῆ,
3437 1206 3609 1265 καθὼς
3662 1207 3687 1256 6
3734 1207 4011 1265 Ματθαῖος

2399 1300 2696 1371 ἱστόρησεν.
2731 1299 2910 1350 Ἔστιν
2965 1295 3052 1346 οὖν
3106 1301 3260 1346 εἰπεῖν
3310 1296 3391 1346 ὅτι
3435 1290 3528 1346 διὰ
3570 1301 3660 1353 τῆς
3703 1290 4008 1364 Μαγδαλη-

2395 1395 2486 1447 νῆς
2534 1391 2621 1438 καὶ
2663 1391 2756 1444 τήν
2803 1384 2959 1442 οὒκλην
3009 1381 3286 1441 ἐδήλωσεν.
3343 1382 3487 1443 Ἐθος
3535 1386 3634 1454 γὰρ
3685 1390 3792 1444 τοῖς
3843 1383 4007 1453 εὐαγ-

2393 1475 2658 1546 γιλισταῖς
2705 1474 2752 1527 ἐν
2809 1473 3012 1534 πολλοῖς
3063 1470 3154 1526 διὰ
3213 1481 3305 1525 τοῦ
3367 1471 3746 1546 ἐπισημοτέρου
3791 1479 4008 1546 προσώ-

2393 1585 2491 1618 που
2545 1570 2634 1617 καὶ
2688 1569 2747 1616 τὸ
2799 1567 2892 1616 σὺν
2951 1563 3122 1633 ἐκείνῳ
3173 1561 3450 1634 ἐμφαίνειν.
3502 1564 3889 1634 Ἐπισημοτέρα
3943 1559 4008 1615 δὲ

2394 1656 2423 1713 ἡ
2483 1651 2804 1725 Μαγδαληνή
2856 1655 2992 1705 κατά
3049 1656 3106 1705 τὸ
3164 1647 3484 1711 σπουδάζειν
3531 1656 3620 1702 καὶ
3681 1656 4009 1724 προπορεᾶε-

2395 1745 2521 1796 σθαι
2572 1742 2656 1795 ἐπὶ
2697 1746 2752 1794 τὸ
2800 1749 3066 1815 μνημεῖον,
3120 1740 3316 1799 Πολλὴν
3369 1743 3468 1813 γὰρ
3527 1736 3641 1811 εἶχε
3681 1741 3876 1812 θέρμην
3921 1746 4008 1793 πί-

630 1824 759 1876 tnm
783 1839 796 1873 :
825 1817 1014 1876 multo
1033 1818 1193 1876 enim
1210 1817 1350 1874 ﬁdei
1366 1818 1427 1874 in
1450 1816 1742 1873 Christum
1769 1815 1966 1872 calore
1993 1813 2278 1905 fervebat,

2397 1852 2551 1893 στεως
2599 1833 2668 1894 εἰς
2713 1813 2966 1905 Χριστόν,
3002 1830 3237 1902 μεγάλως
3281 1830 3680 1904 εὐεργετηθεῖσα
3737 1830 3864 1903 παρ’
3912 1831 4000 1882 αὖ·

629 1912 834 1979 utpote
863 1921 1086 1978 magno
1116 1907 1196 1964 ab
1225 1922 1296 1964 eo
1313 1905 1527 1964 affecta
1553 1905 1844 1962 beneﬁcio
1877 1921 1890 1960 :
1923 1920 2060 1961 cum
2086 1904 2282 1976 ipsam

629 2010 668 2052 a
696 1999 927 2068 septem
964 1995 1279 2052 daemoniis
1305 1994 1668 2053 liberaverit.

699 2086 870 2144 Vers.
910 2085 1142 2144 ιο.1ιια
1174 2116 1246 2126 -
1295 2084 1572 2155 ﬂentibus.
1635 2084 1758 2140 Hoc
1809 2087 1898 2140 est
1956 2082 2281 2155 discipulis,

628 2173 735 2247 qui
763 2190 902 2230 cum
931 2189 1003 2231 eo
1030 2174 1244 2230 versati
1272 2173 1522 2240 fuerant,
1566 2175 1668 2245 qui
1698 2173 1894 2245 ipsum
1929 2173 2109 2228 secuti
2162 2172 2285 2228 fue-

627 2268 789 2320 rant:
812 2279 930 2320 non
941 2263 1132 2319 solum
1149 2263 1453 2328 undecim,
1471 2278 1682 2318 verum
1701 2263 1880 2318 etiam
1902 2262 2284 2334 septuaginta

628 2352 894 2410 duobus.
934 2351 1056 2409 Hoc
1091 2352 1292 2424 itaque
1321 2353 1438 2409 illis
1484 2351 1976 2408 renuntiavitista
2033 2365 2177 2406 sane
2229 2356 2282 2406 et

628 2442 815 2501 altera
842 2441 1048 2512 Maria,
1077 2441 1519 2497 Attestabantur
1569 2445 1771 2496 autem
1828 2445 1883 2495 et
1920 2440 2050 2496 aliae
2080 2439 2282 2496 mulie-

628 2547 740 2597 res,
771 2531 924 2587 sicut
947 2530 1185 2602 scripsit
1213 2532 1397 2588 Lucas
1424 2531 1471 2565 79
1511 2547 1523 2596 ;
1556 2529 1632 2585 de
1661 2530 1882 2602 quibus
1913 2545 2116 2602 quaere
2138 2547 2282 2602 prae-

627 2620 786 2676 dicto
815 2618 1117 2692 Evangelii
1135 2619 1308 2690 juxta
1345 2619 1680 2676 Mattheeum
1730 2618 1924 2690 capite
1955 2621 2280 2676 enarratio-

627 2726 763 2765 nem
798 2709 954 2764 illius
997 2709 1182 2764 dicti:
1223 2707 1322 2763 Illi
1362 2715 1541 2764 autem
1585 2708 1813 2779 sumptis
1853 2709 2104 2780 pecuniis
2149 2709 2281 2779 fece-

627 2805 758 2854 runt
783 2805 943 2869 prout
971 2797 1119 2853 docti
1147 2803 1304 2852 erant
1329 2797 1403 2854 ⁸ο.

697 2889 863 2944 Vera.
899 2888 988 2946 l2.
1015 2887 1144 2942 Post
1161 2887 1280 2944 hac
1301 2893 1568 2942 autem—
1590 2887 1756 2943 Vers.
1785 2889 1878 2943 13.
1903 2887 2276 2943 crediderunt.

625 2975 695 3031 Hi
724 2975 840 3031 duo
871 2991 944 3032 ex
969 2976 1348 3047 septuaginta
1379 2974 1684 3047 discipulis
1713 2979 1905 3031 erant.
1939 2978 2004 3031 Et
2027 2977 2276 3048 quidam

622 3065 852 3132 dicunt,
865 3081 968 3122 eos
978 3081 1106 3121 esse
1120 3065 1400 3138 Cleopam
1415 3070 1643 3131 eteum,
1657 3065 1912 3137 quicum
1924 3067 2054 3138 ipso
2068 3083 2276 3138 perge-

621 3155 801 3212 batin
814 3155 1126 3212 castellum
1142 3157 1386 3212 nomine
1404 3157 1708 3225 Emmaus,
1741 3155 1814 3210 de
1837 3156 2058 3227 quibus
2076 3171 2276 3212 narra-
2312 3187 2352 3243 ο

623 3245 703 3301 vit
732 3245 920 3301 Lucas
951 3245 1026 3301 εί.
1055 3245 1168 3302 Sed
1198 3245 1312 3300 hoc
1339 3244 1570 3300 videtur
1596 3244 1751 3300 dictu
1782 3244 2138 3302 absurdum.
2176 3246 2274 3299 His

624 3333 944 3406 siquidem,
968 3349 1107 3390 cum
1127 3334 1593 3399 renuntiassent,
1615 3348 1737 3388 non
1769 3340 1853 3389 est
1875 3334 2081 3391 habita
2104 3333 2270 3402 ﬁdes,

620 3423 702 3479 illi
760 3438 896 3480 vero
949 3423 1142 3492 magis
1197 3423 1553 3478 invenerunt
1607 3421 1910 3494 apostolos
1963 3423 2269 3479 dicentes:

620 3513 874 3569 Surrexit
921 3513 1181 3569 Dominus
1209 3529 1328 3568 vere
1365 3519 1415 3567 et
1446 3515 1596 3568 visus
1621 3519 1695 3567 est
1743 3530 1778 3567 a
1835 3515 2071 3568 Simone.
2099 3513 2276 3568 Mani-

618 3601 838 3659 festum
866 3617 1008 3673 ergo
1035 3607 1141 3668 est,
1171 3601 1321 3658 alios
1352 3617 1453 3657 ese
1473 3601 1604 3657 illos
1634 3607 1689 3657 et
1709 3602 1860 3660 alios
1883 3604 2024 3660 istos
2052 3624 2064 3658 :
2089 3602 2275 3658 fuisse

618 3695 822 3750 tamen
841 3694 899 3748 et
926 3691 1038 3748 hos
1063 3696 1120 3748 et
1138 3690 1270 3747 illos
1302 3707 1375 3747 ex
1401 3692 1805 3763 septuaginta.

693 3781 959 3836 Primum
989 3779 1192 3853 itaque
1221 3781 1497 3852 apparuit
1526 3781 1786 3836 Christus
1826 3781 2190 3851 Magdalenen
2221 3785 2279 3837 et

619 3870 786 3929 alteri
815 3870 1026 3936 Mariae,
1050 3869 1266 3926 deinde
1295 3869 1388 3925 his
1413 3869 1666 3936 duobus,
1691 3871 2053 3942 posmodum
2083 3875 2272 3937 Petro,

618 3959 866 4017 demum
892 3975 1030 4015 vero
1056 3958 1169 4014 illis
1208 3958 1470 4015 duobus.
1513 3960 1664 4015 Sane
1696 3959 1788 4014 his
1811 3975 1929 4014 non
1963 3966 2048 4015 est
2069 3960 2276 4016 habita

617 4049 800 4115 ﬁdes;
848 4047 1020 4104 Petro
1072 4063 1214 4103 vero
1277 4054 1566 4119 tanquam
1614 4064 1849 4102 summo
1897 4065 1966 4104 ac
2020 4049 2274 4121 principi

617 4143 968 4194 caaterorum
981 4135 1274 4191 creditum
1292 4141 1402 4206 est,
1425 4137 1577 4191 etita
1598 4135 1715 4192 duo
1737 4137 1840 4208 qui
1866 4138 2029 4209 apud
2050 4139 2270 4194 Lucam

619 4225 696 4281 ab
717 4227 1001 4280 Emmaus
1024 4223 1247 4279 reversi
1269 4229 1425 4290 sunt,
1449 4223 1805 4280 invenerunt
1825 4226 2158 4297 aspostolos
2184 4228 2273 4283 di-

617 4319 860 4370 centes:
899 4312 1160 4368 Surrexit
1197 4311 1461 4368 Do-minus
1517 4329 1658 4383 vere,
1684 4321 1734 4368 et
1780 4314 1932 4370 visus
1971 4323 2047 4371 est
2107 4334 2138 4370 a
2184 4318 2271 4373 Si-

616 4419 765 4459 mone
791 4403 866 4460 ⁸³.
886 4433 954 4444 -
969 4405 1036 4458 Et
1050 4401 1142 4457 hae
1159 4417 1369 4458 omnes
1381 4400 1786 4476 apparitiones
1808 4404 1868 4459 in
1888 4403 1983 4461 die
2010 4421 2268 4464 resurre-

616 4493 827 4552 ctionis
865 4491 1034 4549 factm
1065 4497 1225 4550 sunt.

685 4584 857 4641 Vers.
889 4583 981 4640 14.
1006 4582 1196 4638 Postea
1220 4613 1280 4623 —
1303 4581 1682 4638 crediderant.
1702 4615 1772 4625 —
1795 4587 2010 4653 Postea,
2037 4592 2268 4659 postca-
2300 4580 2343 4634 D

614 4689 802 4747 quam
832 4671 1097 4729 videlicet
1125 4671 1404 4728 certiores
1448 4671 1583 4728 facti
1622 4671 1856 4730 fuerant
1881 4691 1916 4730 a
1957 4676 2141 4742 Petro,
2172 4695 2267 4734 ve-

612 4767 945 4835 nerantque
977 4760 1226 4834 Cleopas
1247 4766 1304 4818 et
1355 4777 1558 4818 comes
1609 4762 1757 4834 ejus,
1789 4779 1857 4820 ac
1888 4773 2268 4824 narraverant

614 4869 751 4926 quas
769 4851 880 4908 sibi
913 4853 975 4908 in
1004 4851 1104 4907 via
1129 4850 1471 4907 acciderant
1503 4868 1515 4906 :
1541 4856 1594 4908 et
1625 4853 1929 4924 quomodo
1958 4854 2034 4910 ab
2066 4855 2149 4911 eis
2172 4873 2267 4912 co-

612 4942 812 5012 gnitus
828 4940 1096 4998 fueratin
1122 4940 1406 4997 fractione
1426 4942 1614 5013 panis,
1637 4943 1945 5000 sicutdixit
1967 4947 2152 5001 Lucas
2181 4949 2254 5006 ⁸³,

612 5030 706 5086 Ait
735 5030 895 5086 enim
927 5029 1054 5102 ipse
1088 5045 1101 5085 :
1134 5030 1282 5087 Hac
1311 5031 1438 5086 illis
1481 5031 1812 5102 loquentibus
1843 5035 1952 5104 ipse
1980 5035 2133 5091 Iesus
2160 5044 2261 5091 ste-

614 5121 684 5176 tit
701 5121 764 5175 in
778 5119 950 5175 medio
970 5135 1176 5186 eorum,
1191 5127 1237 5175 et
1251 5121 1331 5175 ait
1346 5120 1494 5175 illis:
1515 5123 1630 5176 Pax
1641 5122 1783 5177 vobis
1803 5124 1869 5194 3‘,
1892 5131 2003 5181 etc.
2021 5126 2140 5181 Hoc
2154 5143 2263 5182 au-

683 5273 732 5307 "
763 5271 974 5328 Matth.
1017 5287 1220 5340 xxvui,
1244 5277 1302 5331 9.

611 5359 764 5418 ibid.
811 5361 908 5418 35.
992 5361 1040 5397 ⁸⁴
1070 5360 1198 5417 ibid
1239 5360 1335 5419 36.

1389 5274 1434 5308 ⁷ο
1469 5275 1610 5331 Luc.
1647 5291 1805 5342 xxw,
1853 5277 1946 5334 10.

2032 5278 2080 5313 ⁸ο
2127 5278 2345 5336 Matth.
2408 5292 2607 5347 xxvm,
2651 5278 2740 5333 15.

2393 1929 2504 1976 τοῦ.
2536 1920 2700 1974 Ἑπτὰ
2727 1923 2825 1993 γὰρ
2856 1916 3138 1992 δαιμονίων
3169 1921 3362 1976 ταύτην
3391 1917 3704 1980 ἀπήλλαξεν.

2465 2099 2664 2154 Ἐκείνη
2722 2129 2785 2138 -λ
2849 2097 3116 2151 κλαίουσι.
3170 2102 3290 2157 Τοῖς
3348 2095 3458 2166 μετ’
3521 2095 3680 2148 αὐτοῦ
3739 2096 4006 2170 ἀναστρα-

2395 2193 2550 2258 φεῐσι,
2610 2193 2717 2247 τοῖς
2777 2185 2916 2255 αὐτῷ
2988 2185 3382 2242 ἀκολουθήσασι
3443 2187 3720 2256 μαθηταῖς,
3779 2187 3838 2238 οὗ
3893 2195 4006 2248 τοῖς

2394 2271 2574 2327 ἕνδεκα
2630 2279 2803 2346 μόνον,
2858 2273 2985 2326 ἀλλὰ
3040 2280 3128 2326 καὶ
3193 2282 3300 2333 τοῖς
3365 2283 3458 2335 τῆς
3514 2271 3998 2346 ἐϐδομηκοντιὶὸος.

2394 2363 2704 2435 Ἀπήγγειλε
2749 2367 2837 2434 μὲν
2885 2364 2972 2414 οὖν
3017 2372 3168 2415 τοῦτο
3207 2363 3381 2422 αὐτοῖς
3437 2364 3589 2420 αὕτη.
3633 2369 3736 2416 Ναὶ
3781 2370 3880 2436 μὴν
3910 2371 4000 2416 καὶ

2394 2454 2423 2509 ἡ
2458 2452 2583 2510 ἄλλη
2618 2457 2813 2524 Μαρία.
2858 2452 3271 2524 Ἐπεμαρτὺρουν
3305 2448 3363 2503 δὲ
3392 2457 3480 2503 καὶ
3530 2455 3584 2504 αἱ
3627 2455 3795 2528 ἕτεραι
3823 2463 3997 2525 γυναῖο

2392 2561 2491 2609 κες,
2546 2545 2614 2603 ὡς
2675 2543 2699 2593 6
2755 2547 2958 2601 Λουκᾶς
3011 2541 3224 2615 ἔγραψε,
3281 2546 3397 2614 περὶ
3461 2542 3528 2591 ὧν
3571 2543 3801 2602 ζήτησον
3834 2544 3881 2594 ἐν
3921 2553 3994 2614 τῷ

2391 2630 2729 2705 προλεχθέντι
2793 2630 3049 2702 κεφαλαίῳ
3107 2638 3196 2682 τοῦ
3248 2633 3379 2682 κατὰ
3423 2633 3684 2683 Ματθαῖον
3723 2637 3818 2690 τήν
3873 2633 3994 2694 ἐξή-

2389 2739 2548 2791 γησιν
2577 2727 2687 2773 τοῦ.
2741 2721 2806 2770 Οἱ
2841 2715 2920 2785 δὲ,
2961 2717 3198 2780 λαϐόντες
3252 2721 3318 2770 τὰ
3349 2717 3582 2792 ἀργύρια,
3617 2718 3876 2777 ἐποίησαν
3920 2725 3995 2783 ὡς

2390 2805 2790 2880 ἐδιδάχθησαν.

2460 2900 2600 2954 Μετὰ
2646 2894 2704 2949 δὲ
2753 2904 2919 2948 ταῦτα
2973 2926 3040 2937 —
3089 2895 3420 2952 ἐπίστευσαν.
3473 2897 3626 2948 Οὗτοι
3675 2897 3719 2948 οἱ
3781 2892 3876 2947 δύο
3921 2895 3980 2947 ἐκ

2387 2993 2486 3037 τῶν
2526 2982 2884 3052 ἐϐδομήκοντα
2931 2987 3176 3057 μαθητῶν
3220 2987 3375 3043 ἦσαν.
3438 2985 3543 3038 Καὶ
3585 2988 3714 3045 τινες
3771 2987 3854 3056 μὲν
3898 2984 3992 3036 λέ-

2385 3093 2568 3146 γουσιν
2621 3071 2750 3126 εἶναι
2818 3074 3009 3136 αὐτοὺς
3084 3075 3314 3128 Κλεόπαν
3381 3080 3467 3126 καὶ
3529 3078 3616 3126 τὸν
3672 3077 3763 3125 σὺν
3818 3072 3995 3145 ἐκείνῳ

2386 3169 2721 3235 πορευόμενον
2773 3164 2842 3223 εἰς
2888 3170 3086 3236 κώμην,
3201 3168 3360 3235 ὄνομα
3409 3164 3691 3235 Ἐμμαοῦς,
3751 3169 3867 3237 περὶ
3923 3163 3992 3212 ὧν

2386 3253 2412 3302 6
2447 3257 2647 3312 Λουκᾶς
2695 3255 2970 3326 ἱστόρησεν
3000 3270 3011 3282 ·
3045 3249 3190 3304 δοκεῖ
3235 3249 3294 3305 δὲ
3323 3254 3347 3303 6
3378 3252 3526 3322 λόγος
3572 3251 3837 3311 ἀπίθανος.
3891 3250 3996 3302 Οὗ-

2384 3359 2466 3392 τοι
2523 3344 2611 3412 μὲν
2663 3344 2785 3416 γὰρ,
2843 3341 3265 3413 ἀπαγγείλαντες,
3323 3343 3700 3400 ἠπιστήθησαν
3735 3361 3747 3373 ·
3808 3339 3995 3392 ἐκεῖνοι

2387 3426 2446 3482 δὲ
2512 3430 2701 3502 μᾶλλον
2776 3431 2920 3505 εὖρον
2988 3435 3107 3492 τοὺς
3185 3431 3504 3492 ἀποστόλους
3568 3430 3826 3501 λέγοντας,
3909 3431 3994 3481 ὅτι

2389 3517 2608 3591 Ἠγέρθη
2658 3521 2684 3570 6
2730 3519 2921 3592 Κύριος
2976 3523 3152 3583 ὅντως,
3215 3525 3305 3572 καὶ
3361 3521 3506 3591 ὤφθη
3561 3524 3774 3591 Σίμωνι.
3830 3517 3992 3577 Δῆλον

2388 3603 2475 3658 οὖν
2531 3609 2610 3658 ὃτι
2671 3609 2832 3678 ἕτεροι
2889 3603 3051 3672 οὗτοι,
3113 3614 3200 3661 καὶ
3264 3608 3424 3681 ἕτεροι
3473 3607 3676 3661 ἐκεῖνοι.
3745 3608 3832 3660 Ἐκ
3888 3616 3992 3658 τῶν

2389 3691 2748 3768 ἐϐδομήκοντα
2770 3693 2828 3749 δί
2853 3701 2941 3748 καὶ
2971 3697 3116 3748 οὗτοι
3141 3695 3388 3750 κάκεῖνοι.

2461 3792 2669 3858 Πρῶτον
2715 3789 2804 3858 μὲν
2849 3783 2936 3837 οὖν
2967 3787 2993 3837 6
3037 3790 3262 3862 Χριστὸς
3313 3785 3611 3858 ἐνεφανίσθη
3668 3793 3729 3857 τῇ
3766 3781 3988 3856 Μαγδα-

2385 3873 2511 3946 ληνῇ
2545 3881 2634 3928 καὶ
2672 3883 2733 3948 τῇ
2767 3875 2917 3947 ἄλλη,
2951 3877 3058 3928 εἶτα
3099 3884 3160 3948 τῇ
3223 3872 3388 3928 δυάδι
3440 3878 3653 3940 τούτων,
3713 3877 3886 3926 ἔπειτα
3913 3884 3989 3945 τῷ

2387 3969 2581 4036 Πέτρῳ·
2638 3967 2765 4035 μετὰ
2817 3973 2970 4016 τοῦτο
3031 3962 3088 4017 δὲ
3154 3972 3215 4036 τῇ
3273 3962 3438 4016 δυάδι
3489 3963 3711 4016 ἐκείνων.
3763 3966 3848 4015 Διό
3893 3967 3988 4013 καὶ

2385 4053 2526 4105 οὗτοι
2571 4055 2660 4125 μὲν
2696 4054 3070 4112 ἠπιστήθησαν
3107 4072 3117 4082 ’
3152 4056 3176 4105 6
3220 4050 3278 4106 δὲ
3310 4059 3520 4127 Πέτρος,
3579 4057 3651 4115 ὡς
3707 4059 3987 4124 κορυφαῖος

2383 4144 2604 4212 πάντων,
2681 4141 2978 4200 ἐπιστεύθη.
3039 4145 3138 4197 Καὶ
3196 4143 3371 4195 λοιπὸν
3435 4143 3660 4204 ἐλθόντες
3727 4145 3776 4194 oi
3842 4145 3988 4214 παρά

2383 4240 2452 4301 τῷ
2500 4237 2680 4302 Λουκᾴ
2735 4228 2852 4301 δύο,
2895 4233 3038 4307 εὗρον
3074 4237 3195 4294 τοὺς
3247 4232 3567 4292 ἀποστόλους
3619 4233 3856 4302 λέγοντας
3907 4234 3986 4285 ὅτι

2384 4323 2602 4395 Ἠγέρθη
2631 4323 2655 4372 6
2692 4324 2880 4394 Κύριος
2923 4323 3097 4386 ὅντως,
3148 4326 3238 4374 καὶ
3288 4324 3431 4394 ὤφθη
3467 4326 3675 4393 Σίμωνι.
3713 4322 3798 4375 Ἐν
3846 4321 3978 4391 αὐτῇ

2383 4409 2441 4465 δε
2481 4419 2541 4483 τῇ
2592 4413 2760 4483 ἡμέρᾳ
2790 4419 2879 4470 τῆς
2929 4409 3260 4473 ἀναστάσεως
3301 4413 3355 4462 αἱ
3386 4409 3638 4463 ὁπτασίαι
3668 4411 3779 4483 (84)
3826 4409 3983 4460 αὗται

2377 4508 2546 4555 πᾶσαι
2571 4504 2862 4573 γεγόνασιν.

2447 4590 2690 4664 ’Υστερον
2772 4621 2840 4630 -
2920 4587 3252 4644 ἐπίστευσαν.

2376 4680 2836 4755 πληροφορηθῆναι
2883 4677 3071 4740 αὐτοὺς
3139 4681 3283 4753 παρὰ
3349 4686 3439 4730 τοῦ
3493 4683 3700 4752 Πέτρου,
3757 4680 3846 4728 καὶ
3895 4675 3971 4727 ἐλ-

2379 4772 2518 4823 σθεῖν
2547 4778 2631 4820 τόν
2656 4787 2709 4820 τε
2754 4767 2985 4822 Κλεόπαν
3017 4771 3106 4819 καὶ
3154 4771 3240 4819 τὸν
3287 4771 3381 4819 σὺν
3441 4767 3604 4837 αὐτῷ,
3651 4771 3739 4818 xui
3780 4765 3978 4837 ἐξηγεῖ-

2377 4861 2500 4912 σθαι
2530 4859 2594 4909 τὰ
2631 4857 2679 4910 ἐν
2711 4865 2771 4929 τῇ
2820 4852 2948 4926 ὁδῷ,
2988 4860 3071 4909 xui
3110 4859 3177 4916 ὡς
3223 4853 3452 4928 ἐγνώσθη
3487 4856 3660 4916 αὐτοῖς
3689 4853 3736 4906 ἐν
3856 4855 3979 4907 κλά-

2378 4966 2456 4999 σει
2495 4954 2584 4999 τοῦ
2612 4947 2791 5021 ἄρτου,
2825 4948 2995 5006 καθὼς
3033 4948 3232 5018 εἴρηκεν
3272 4946 3297 4996 6
3345 4951 3566 5005 Λουκᾶς.
3621 4950 3758 5002 Φησὶ
3803 4948 3902 5017 γὰρ
3951 4947 3978 4996 6

3353 4589 3613 4665 Ὕστερον,
3697 4590 3824 4660 μετὰ
3908 4592 3969 4639 τὸ

2373 5037 2524 5097 οὗτὸς
2601 5038 2679 5088 ὅτι
2734 5043 2912 5087 Ταῦτα
2981 5033 3148 5086 αὐτῶν
3379 5033 3664 5086 λαλούντων
3735 5039 3825 5086 καὶ
3878 5035 3980 5085 αὑ-

2370 5129 2456 5187 τὸς
2512 5127 2536 5176 6
2602 5127 2807 5185 Ἰησοῦς
2882 5126 3005 5181 ἔστη
3079 5122 3128 5174 ἐν
3209 5126 3352 5195 μέσῳ
3419 5123 3610 5193 αὐτῶν,
3678 5128 3768 5176 καὶ
3844 5122 3970 5195 λέγει

2825 5277 2868 5311 ⁸1
2899 5275 3038 5332 Luc.
3076 5290 3229 5340 xxiv,
3265 5275 3353 5332 13.
3437 5275 3484 5310 ⁸³
3539 5274 3688 5332 ibid.
3739 5278 3836 5331 34.
3922 5274 3970 5309 ⁸³

1812 5491 2036 5562 Variae
2081 5492 2405 5564 lectiones
2459 5503 2525 5565 et
2555 5502 2757 5564 notae.

679 5653 794 5808 283)
827 5659 928 5742 K31
955 5655 1149 5738 Ἰωσῆ..
1172 5655 1413 5738 sublato
1440 5672 1651 5717 rasura
1677 5663 1789 5728 καί,
1822 5665 1887 5719 ut
1922 5663 2160 5736 opinor,
2193 5664 2254 5722 B.

703 5729 793 5803 84)
814 5734 1001 5798 Amat,
1032 5731 1247 5789 οωιιιιι
1266 5730 1344 5788 Δ.

703 5729 793 5803 β4)
814 5729 1001 5798 Athan,
1032 5729 1247 5789 omittit
1266 5730 1344 5788 Δ.

2438 5666 2550 5741 (85)
2572 5665 2877 5722 Λαλούντων
2911 5665 3082 5723 αὐτῶν
3111 5668 3184 5725 Α.
