4170 6364
183 341 301 397 849

1285 337 1654 395 COMMENT.
1696 336 1765 391 IN
1804 334 2136 393 MARCUM.
2166 366 2234 375 -
2262 336 2414 390 CAP.
2447 334 2591 391 XVI.

3458 336 3565 393 850

181 468 401 539 αὐτοῖς,
462 470 649 541 Εἰρήνη
708 470 850 539 ὑμῖν,
906 473 997 520 καὶ
1058 470 1124 520 τὰ
1182 466 1314 529 ἑξῆς.
1360 465 1441 517 Ἐν
1488 472 1550 536 τῇ
1608 462 1795 535 ἑσπέρᾳ

1914 465 2027 516 tem
2061 461 2316 517 etiamin
2355 460 2624 531 ejusdem
2650 460 3031 533 dieiIvespera
3050 461 3288 520 accidit.
3322 463 3566 536 Scripsit

181 555 247 610 δὲ
304 568 406 620 τῆς
461 559 621 619 αὐτῆς
695 560 887 632 ἡμέρας
937 563 1026 609 καὶ
1072 564 1223 608 τοῦτο
1274 559 1497 626 γέγονεν.
1564 551 1799 624 Ἔγραψε

175 651 288 721 γὰρ
351 652 441 699 καὶ
513 649 538 698 6
589 648 826 707 Ἰωάννης
873 649 952 698 ὅτι
1014 646 1192 706 Οὔσης
1267 643 1437 713 ὀψίας,
1494 650 1555 712 τῇ
1630 643 1799 712 ἡμέρᾳ

178 734 387 811 ἐκείνη,
458 744 522 809 τῇ
604 742 702 809 μιᾷ
757 744 857 788 τῶν
939 734 1231 800 Σαϐϐάτων,
1304 737 1393 784 καὶ
1457 739 1553 782 τῶν
1632 731 1797 801 θυρῶν

177 826 585 899 κεκλεισμένων,
669 828 795 879 ὅπου
876 823 1010 884 ἦσαν
1098 826 1147 875 οἱ
1226 824 1460 892 μαθηταὶ
1541 822 1799 889 συνηγμέ-

177 935 263 966 νοι
325 913 421 968 διὰ
482 920 568 967 τὸν
631 915 784 988 φόϐον
861 923 957 967 τῶν
1013 909 1303 976 Ἰουδαίων,
1375 908 1521 968 ἦλθεν
1598 910 1623 960 6
1697 908 1797 965 Ἰη-

182 1013 341 1073 σοῦς,
403 1010 492 1057 καὶ
532 1008 656 1063 ἔστη
714 1005 786 1066 εἰς
850 1009 908 1056 τὸ
966 1008 1141 1075 μέσον,
1202 1006 1291 1053 καὶ
1347 999 1483 1069 λέγει
1539 997 1711 1055 αὐτοῖς
1779 1016 1789 1027 ·

183 1094 392 1167 Εἰρήνη
444 1097 564 1167 ύμῖν
608 1099 697 1147 καὶ
769 1097 833 1146 τὰ
890 1094 1023 1156 ἑξῆς.
1084 1096 1208 1144 Τότε
1254 1092 1353 1162 γὰρ
1411 1083 1650 1139 ὠνείδισε
1707 1107 1793 1142 την

185 1181 455 1235 ἀπιστίαν
526 1184 694 1235 αὐτῶν
768 1189 858 1235 καὶ
944 1176 1383 1253 σκληροκαρδίαν,
1435 1180 1595 1229 είτουν
1654 1173 1796 1226 ἀπεί-

187 1272 361 1333 θειαν,
422 1275 499 1325 ὁτι
552 1280 660 1333 τοίς
709 1274 1035 1343 θεασαμένοις
1081 1269 1233 1321 αὐτὸν
1287 1266 1621 1338 ἐγηγερμένον
1702 1263 1795 1315 ούκ

183 1360 537 1425 ἑπιστευσαν,
588 1366 748 1432 ἤγουν
784 1370 845 1433 τῇ
902 1356 1221 1430 Μαγδαληνῇ
1254 1360 1343 1407 καὶ
1394 1363 1456 1426 τῇ
1514 1353 1662 1425 ἆλλη,
1707 1356 1795 1403 καὶ

178 1456 299 1511 τοῖς
344 1447 471 1502 δυσὶ
508 1453 729 1517 τούτοις,
772 1454 888 1523 περὶ
940 1449 1007 1498 ὧν
1061 1449 1085 1499 6
1123 1448 1332 1520 Μάρκος
1388 1446 1683 1517 ἱστόρησεν.
1737 1441 1797 1493 Ὀ

178 1542 278 1610 μὲν
313 1536 405 1591 οὖν
455 1540 669 1613 Μάρκος
709 1542 795 1590 τὸν
825 1539 1046 1613 ῥηθέντα
1098 1532 1395 1607 ὀνειδισμὸν
1451 1530 1730 1605 ἀνέγραψεν
1776 1544 1791 1561 ⁶

172 1631 201 1683 ὀ
273 1626 339 1683 δὲ
410 1636 617 1690 Λουκᾶς
680 1632 768 1679 καὶ
834 1629 859 1679 6
922 1628 1176 1692 Ἰωάννης,
1242 1632 1420 1676 τοῦτον

168 1724 439 1794 νημένων.

252 1813 370 1866 Καὶ
398 1806 532 1862 εἶπεν
564 1837 624 1847 —
645 1811 834 1861 κτίσει.
870 1807 1020 1877 Πάση
1054 1812 1115 1876 τῇ
1146 1804 1417 1875 οἰκουμένη
1447 1817 1458 1829 ·
1485 1795 1591 1852 εἶπε
1617 1794 1675 1850 δε
1702 1796 1794 1849 αύ-
1832 1794 1878 1851 Β

169 1906 282 1960 τοῖς
316 1903 413 1951 τὸν
441 1898 593 1968 λόγον
629 1903 810 1947 τοῦτον
837 1894 894 1947 ού
928 1898 1042 1946 τότε
1070 1895 1290 1955 πάντως,
1316 1890 1422 1942 ἀλλ’
1454 1890 1688 1960 ὕστερον,
1713 1887 1796 1937 ὅτε

173 1988 550 2061 ἐπορεύθησαν
593 1984 663 2045 εἰς
689 1989 781 2042 τὴν
806 1982 1097 2047 Γαλιλαίαν,
1130 1982 1201 2043 εἰς
1238 1984 1296 2032 τὸ
1328 1982 1463 2054 ὅρος,
1495 1978 1554 2031 οὗ
1580 1975 1794 2038 ἐτάξατο

174 2080 375 2138 αὐτοῖς
406 2078 430 2127 6
470 2081 697 2140 Ἰησοῦς,
720 2076 789 2134 ὡς
827 2073 909 2124 ἐπὶ
931 2080 1021 2125 τοῦ
1051 2072 1219 2131 τέλους
1250 2077 1340 2122 τού
1369 2071 1502 2120 κατὰ
1533 2068 1794 2123 Ματθαίον

184 2164 517 2237 Εύαγγελίου
544 2167 852 2237 γέγραπται.

259 2400 343 2451 Τὰ
373 2393 422 2448 δ’
459 2395 638 2468 ἐφεξῆς
662 2395 687 2446 6
714 2398 802 2466 μὲν
834 2394 1098 2452 Ματθαῖος
1121 2389 1389 2464 παρέλιπε,
1420 2390 1681 2457 συντεμὼν
1706 2388 1793 2442 τὴν

182 2491 313 2558 περὶ
344 2488 536 2537 τούτων
568 2481 821 2555 διήγησιν
851 2502 862 2513 ·
893 2483 918 2532 6
950 2478 1008 2533 δὲ
1046 2482 1254 2552 Μάρκος
1282 2476 1579 2547 ἀπήγγειλε,
1606 2474 1794 2526 πλατύ-

182 2596 280 2636 νας
309 2578 395 2626 τὸν
418 2579 534 2648 περὶ
555 2576 745 2625 τούτων
773 2572 944 2642 λόγον.

259 2664 324 2715 Ὀ
355 2666 638 2723 πιστεύσας
672 2693 734 2701 -
788 2661 1254 2733 κατακριθήσεται.
1309 2655 1366 2707 "O
1422 2656 1669 2712 πιτεύσας
1700 2655 1789 2701 καὶ

186 2752 509 2824 βαπτισθεὶς
554 2753 861 2823 σωθήσεται,
906 2751 1008 2818 εἴγε
1051 2750 1143 2803 την
1196 2749 1377 2795 πίστιν
1407 2747 1497 2794 καὶ
1538 2745 1595 2793 τὸ

180 2861 359 2912 τισμα
382 2843 587 2913 καθαρὰ
633 2845 722 2890 καὶ
763 2836 958 2890 οἰσπιλα
1002 2832 1397 2908 συντηρήσει,η
1446 2836 1534 2882 καὶ
1564 2832 1693 2902 μετά
1730 2831 1788 2880 τὸ

184 2928 457 2981 σπιλώσαι
486 2930 780 3000 καθαρίσει.

262 3149 475 3195 Νοεῖται
530 3138 588 3194 δὲ
640 3145 726 3192 καὶ
782 3140 1016 3213 ἐτέρωςό
1062 3138 1231 3209 λόγος,
1286 3135 1449 3189 ὀτιὉ
1498 3137 1788 3195 πιστεύσας
1822 3136 1861 3192 C

183 3237 280 3283 καὶ
321 3230 634 3303 βαπτισθεὶς
668 3232 984 3293 σωθήσεταί,
1046 3232 1145 3298 εἴγε
1192 3231 1255 3279 τὰ
1286 3234 1380 3287 τῆς
1426 3230 1654 3287 πίστεως
1700 3230 1789 3277 καὶ

184 3325 255 3374 τὰ
308 3330 398 3372 τού
457 3320 828 3394 βαπτὶσματος
867 3316 1200 3381 ἐπιδείξεται.
1249 3324 1426 3369 Ταῦτα
1475 3313 1534 3368 δέ
1587 3315 1716 3367 εἰσιν
1756 3318 1785 3373 η

185 3411 417 3483 ἐργασία
451 3420 544 3462 τῶν
585 3410 792 3462 ἐντολῶν
828 3428 919 3461 του
977 3414 1211 3482 Χριστοῦ
1258 3411 1347 3459 καὶ
1378 3408 1407 3464 ἡ
1443 3405 1641 3478 φυλακή
1675 3405 1788 3457 ἑαυ-

184 3508 283 3553 τοῦ
294 3544 305 3555 .

264 3592 378 3644 Ούκ
421 3589 527 3642 εἷπε
579 3586 636 3641 δὲ
697 3590 776 3640 ὅτι
828 3587 885 3639 Ὀ
944 3588 1232 3647 πιστεύσας
1289 3590 1461 3657 μόνον,
1521 3582 1643 3639 ούδε
1708 3588 1787 3638 ὅτι

182 3684 243 3734 Ὀ
295 3680 611 3753 βαπτισθεὶς
678 3683 829 3749 μόνον
889 3692 900 3705 ·
950 3675 1055 3727 ἀλλ’
1121 3674 1386 3749 ἀμφότερα
1452 3674 1718 3737 συνέζευξε
1770 3692 1782 3705 ·

184 3774 399 3843 θάτερον
447 3771 545 3843 γὰρ
608 3770 821 3839 θατέρου
878 3771 1043 3840 χωρὶς
1102 3765 1159 3816 ού
1218 3764 1375 3825 σώζει
1430 3768 1517 3817 τὸν
1582 3766 1786 3839 ἄνθρω-

180 3881 279 3913 πον
288 3900 301 3912 .

256 3954 455 4020 Σημεῖα
487 3978 543 3987 -
583 3944 1051 4019 παρακολουθήσει.
1111 3950 1232 4005 Τοῖς
1278 3945 1624 3995 πιστεύσασιν
1682 3943 1786 4015 ούχ

179 4038 381 4099 ἁπλῶς,
416 4035 523 4086 ἀλλ’
550 4039 617 4095 ὡς
648 4035 945 4108 εἰρήκαμεν.
980 4029 1107 4085 Εἶτα
1152 4034 1284 4104 λέγει
1322 4037 1412 4084 καὶ
1460 4036 1525 4085 τὰ
1570 4040 1781 4105 σημεῖα,

178 4132 321 4191 ἤτοι,
362 4128 621 4196 θαύματα.

251 4218 335 4268 Ἐν
359 4222 430 4283 τῷ
464 4213 677 4284 ὀνόματί
707 4232 807 4284 μου
834 4242 902 4252 -
931 4218 1151 4272 καιναῖς.
1183 4210 1449 4271 Γλώσσαις
1476 4206 1782 4275 ξέναις,δια-

176 4304 373 4364 λέκτοις
404 4302 741 4354 ἀλλοεθνέσιν.

249 4393 428 4465 ’Ὁφεις
452 4391 660 4464 ἁρούσι.
696 4390 1112 4461 Ἀφανίσουσιν’,
1148 4388 1479 4456 ἀνελούσιν,ἣ
1510 4395 1598 4442 καὶ
1630 4388 1782 4463 ἀρού-

182 4501 266 4532 σιν
298 4480 346 4532 ἐν
378 4481 489 4551 (86)
521 4485 665 4552 χειρὶ
705 4475 1007 4538 ἀκινδύνως.

253 4569 359 4621 Κᾶν
408 4599 471 4608 -
783 4567 952 4619 Πολλὰ
1011 4575 1229 4618 τοιαῦτα
1286 4566 1492 4626 πολλοῖς
1547 4587 1774 4639 παρηκο-

175 4657 441 4715 λούθησαν
481 4657 673 4727 ἁγίοις,
703 4666 791 4708 καί
816 4654 893 4708 ἀεὶ
923 4655 1377 4726 παρακολουθούσι
1415 4664 1523 4718 τοῖς
1570 4664 1776 4718 πιστοῖς

178 4748 289 4815 μὲν,
321 4749 561 4819 ἐργάταις
614 4742 669 4797 δὲ
718 4751 805 4796 καὶ
832 4754 929 4795 τῶν
958 4744 1294 4815 εύαγγελικων
1326 4744 1555 4797 ἐντολῶν.
1593 4750 1780 4807 Πίστις

176 4836 277 4905 γὰρ
329 4839 498 4907 χωρὶς
554 4837 711 4907 ἔργων
764 4836 917 4908 νεκρά
965 4833 1075 4885 ἐστι
1122 4836 1255 4885 κατά
1300 4839 1384 4886 τόν
1444 4839 1601 4907 μέγαν
1667 4836 1779 4907 (87)

178 4922 396 4973 Παῦλον.

246 5013 363 5063 Ἐπὶ
390 5037 453 5050 --
488 5008 682 5071 ἕξουσι.
718 5013 810 5062 Διά
842 5020 939 5063 τῶν
960 5013 1215 5087 ῥηθέντων
1241 5019 1466 5085 σημείων
1485 5020 1573 5068 καὶ
1594 5018 1660 5068 τὰ
1684 5037 1780 5069 πα-

172 5098 545 5172 ραλελειμμένα
567 5096 947 5169 ἐνέφηνενλίἷπε
970 5104 1071 5174 γὰρ
1104 5107 1194 5153 καὶ
1210 5101 1478 5175 προλαϐὼν
1512 5106 1591 5157 ὅτι
1610 5106 1780 5158 πάντα

178 5184 378 5241 δυνατὰ
404 5196 474 5258 τῷ
501 5190 821 5245 πιστεύοντι,

246 5429 293 5464 ⁸⁵
320 5428 517 5486 Matth.
550 5445 645 5495 xx,
684 5430 765 5485 l9.
881 5430 929 5466 ⁸⁸
956 5430 1150 5488 Matth.
1175 5447 1378 5500 xxxm,
1408 5434 1495 5490 16.

1609 5437 1781 5496 "Jac.
1804 5454 1863 5505 II,
1893 5439 1963 5493 26

1908 550 2070 607 enim
2101 556 2161 606 et
2184 553 2437 606 Joannes
2465 567 2477 603 :
2508 551 2656 605 Cum
2683 566 2875 608 serum
2898 558 3032 608 esset
3062 552 3291 618 dieillo,
3324 552 3426 623 qui
3443 558 3563 608 erat

1907 656 2056 695 unus
2085 639 2492 705 Sabbatorum,
2520 644 2575 696 et
2599 641 2755 709 fores
2787 647 2975 697 essent
3000 640 3238 707 clausae,
3263 641 3365 697 ubi
3388 647 3564 700 erant

1905 728 2175 795 discipuli
2203 729 2544 797 congregati
2567 732 2812 796 prapter
2840 735 3057 786 metum
3086 730 3561 796 Judaeorum,ve-

1905 819 1993 871 nit
2021 816 2204 881 Iesus,
2234 818 2389 873 stetit
2420 818 2484 871 in
2512 817 2717 881 medio,
2751 823 2806 874 et
2828 818 2911 873 ait
2940 818 3086 884 illis,
3132 819 3277 876 Pax
3306 821 3468 876 vobis
3490 821 3560 891 ⁸⁸,

1905 909 2015 960 etc.
2038 909 2198 961 Tunc
2224 906 2382 960 enim
2414 906 2792 977 exprobravit
2812 906 3288 963 incredulitatem
3318 908 3562 979 (eorum,

1907 994 2221 1066 cordisque
2242 994 2538 1061 duritiem,
2564 995 2686 1050 sive
2712 995 3359 1066 impersuasibilitatem
3381 1013 3393 1053 :
3418 999 3565 1069 quia

1904 1084 1996 1137 his
2023 1085 2125 1154 qui
2158 1084 2429 1139 viderant
2457 1100 2618 1153 eum,
2647 1090 2965 1156 postquam
2993 1091 3412 1152 resurrexerat,
3437 1102 3564 1144 non

1905 1172 2297 1239 crediderant,
2327 1178 2469 1244 puta
2496 1172 2859 1242 Magdalenee
2874 1172 3108 1228 etalteri
3132 1174 3348 1240 Mariae,
3382 1190 3452 1230 ac
3470 1174 3564 1231 his

1905 1260 2145 1316 duobus
2178 1262 2251 1316 de
2285 1261 2506 1333 quibus
2538 1261 2777 1333 scripsit
2806 1264 3057 1318 Marcus.
3084 1266 3288 1335 itaque
3331 1265 3563 1321 Marcus

1904 1349 2126 1405 dictam
2156 1350 2681 1422 exprobrationem
2707 1351 2959 1423 scripsit.
3000 1350 3194 1408 Lucas
3217 1367 3359 1409 vero
3389 1357 3445 1409 et
3471 1353 3564 1410 Io.-

1904 1453 2091 1494 annes
2122 1439 2232 1495 hac
2261 1438 2676 1510 praetermissa,
2705 1439 2963 1497 aliarum
2983 1454 3182 1498 rerum
3244 1456 3375 1513 quas
3420 1445 3565 1500 tunc

1904 1526 2071 1583 factas
2099 1532 2256 1595 sunt,
2289 1528 2708 1585 meminerunt.

1526 1614 1974 1692 παραδραμόντες,
2043 1616 2221 1690 ἐτέρων
2284 1619 2605 1691 πραγμάτων
2656 1616 3040 1691 ἐμνημόνευσαν
3088 1626 3376 1679 τηνικαῦτα
3420 1640 3568 1695 γεγε-

1977 1889 2145 1941 Vers.
2191 1891 2279 1943 15.
2317 1886 2395 1943 Ει
2421 1886 2576 1943 dixit
2602 1917 2671 1927 —
2704 1892 2999 1943 creaturae.
3032 1888 3154 1944 Hoc
3190 1892 3278 1946 est
3317 1890 3380 1945 in
3427 1891 3564 1948 uni-

1904 1992 2141 2031 versum
2168 1975 2399 2031 orbem.
2440 1975 2586 2031 Dixit
2624 1982 2824 2031 autem
2846 1975 2962 2031 illis
3009 1976 3170 2033 hunc
3199 1993 3562 2047 sermonem,

1906 2080 2025 2120 non
2054 2068 2192 2119 tunc
2217 2080 2377 2131 sane,
2407 2063 2507 2118 sed
2533 2063 2943 2135 postmodum,
2966 2080 3106 2120 cum
3136 2066 3385 2137 profecti
3416 2072 3555 2125 sunt

1904 2154 1965 2208 in
2006 2152 2313 2208 Galilaeam
2341 2152 2402 2207 in
2432 2156 2718 2219 montem,
2752 2152 2811 2207 in
2838 2168 2961 2225 quo
3012 2154 3315 2211 constituit
3337 2154 3454 2212 illis
3470 2159 3565 2213 Je-

1906 2260 2026 2307 sus,
2076 2242 2252 2298 veluti
2286 2242 2444 2298 circa
2489 2242 2674 2297 ﬁnem
2712 2241 3008 2313 Evangelii
3050 2244 3382 2301 secundum
3420 2248 3561 2305 Mat-

1906 2334 2128 2389 thaaum
2159 2332 2446 2405 scriptum
2481 2338 2568 2389 est
2589 2333 2635 2368 ⁸⁸
2648 2377 2662 2390 .

1977 2424 2120 2487 Quae
2147 2437 2286 2477 vero
2326 2425 2659 2493 sequuntur
2688 2420 2990 2477 Matthaeus
3022 2421 3273 2493 quidem
3299 2421 3557 2497 reliquit,

1902 2510 2118 2566 horum
2150 2510 2491 2565 narratione
2510 2508 2879 2566 abbreviata.
2910 2512 3137 2567 Marcus
3164 2526 3306 2568 vero
3333 2513 3555 2581 retulit,

1902 2598 2148 2654 dilatato
2174 2598 2247 2653 de
2264 2598 2356 2653 his
2383 2612 2680 2653 sermone.

1972 2687 2139 2743 Vers.
2182 2691 2267 2745 16.
2305 2686 2817 2753 Quicrediderit—
2839 2687 3339 2746 condemnabitur.
3366 2721 3434 2733 —
3451 2692 3560 2757 Qui

1900 2776 2215 2833 crediderit
2243 2782 2292 2830 et
2321 2777 2655 2845 baptizatus
2703 2776 2905 2845 fuerit,
2937 2778 3140 2834 salvus
3194 2778 3328 2845 erit,
3376 2782 3558 2838 modo

1898 2864 2082 2921 fidem
2113 2882 2182 2921 ac
2210 2865 2580 2938 baptismum
2602 2865 2914 2938 impolluta
2969 2869 3425 2935 conservaverit,
3455 2874 3557 2929 aut

1900 2958 2034 3026 post
2052 2959 2385 3011 contractas
2411 2954 2619 3011 sordes
2654 2955 3071 3012 emundaverit
3094 2971 3166 3013 ac
3203 2958 3555 3030 puriﬁcave-

1896 3044 1994 3100 rit.

1968 3132 2311 3202 Intelligitur
2343 3136 2528 3187 autem
2559 3132 2809 3189 verbum
2837 3132 2946 3189 hoc
2967 3136 3023 3190 et
3049 3133 3168 3190 alio
3202 3135 3405 3203 modo,
3442 3137 3555 3205 Qui

1898 3221 2146 3277 credem‘t
2167 3229 2217 3277 et
2249 3221 2574 3287 baptizatus
2598 3221 2801 3290 fuerit,
2833 3223 3033 3278 salvus
3060 3222 3190 3286 erit,
3224 3224 3275 3279 si
3307 3240 3379 3280 ea
3411 3241 3548 3298 qum

1897 3310 2034 3365 ﬁdei
2061 3314 2198 3364 sunt
2220 3324 2322 3379 per
2355 3308 2727 3380 baptismum
2758 3316 3073 3382 susceptas,
3105 3310 3554 3370 demonstrave-

1898 3400 1971 3454 rit
2002 3415 2015 3465 ;
2045 3398 2142 3454 illa
2179 3414 2320 3453 vero
2365 3402 2505 3452 sunt
2542 3399 2807 3470 operatio
2855 3398 3262 3456 mandatorum
3307 3402 3428 3469 Dei,
3480 3419 3552 3461 ac

1898 3488 1989 3543 sui
2030 3488 2215 3559 ipsius
2240 3486 2531 3543 custodia.

1968 3580 2095 3634 Non
2135 3576 2281 3632 dixit
2307 3577 2669 3642 autem:Qui
2692 3576 2889 3633 solum
2916 3578 3229 3636 crediderit
3261 3595 3276 3647 ;
3310 3595 3500 3654 neque
3531 3597 3549 3640 :

1897 3666 1999 3732 Qui
2024 3666 2359 3737 baptizatus
2390 3665 2581 3731 fuerit,
2629 3670 2880 3733 tantum,
2909 3665 3015 3722 sed
3063 3672 3384 3741 utrumque
3412 3686 3551 3728 con-

1891 3755 2088 3825 junxit
2117 3771 2128 3809 :
2164 3754 2416 3811 alterum
2445 3754 2598 3811 enim
2629 3754 2757 3811 sine
2788 3754 2972 3813 altero
2994 3770 3117 3813 non
3157 3756 3383 3815 salvum
3405 3758 3550 3819 facit

1895 3844 2223 3899 hominem.

1966 3950 2127 4006 Vers.
2166 3954 2253 4007 17.
2299 3950 2469 4020 Signa
2522 3982 2590 3991 —
2618 3956 3054 4022 prosequentur.
3101 3955 3214 4009 Eos
3243 3954 3342 4026 qui
3367 3954 3550 4011 credi-

1894 4039 2123 4095 derint:
2156 4055 2277 4094 non
2301 4038 2668 4111 simpliciter,
2696 4040 2795 4095 sed
2835 4040 2987 4097 sicut
3025 4041 3290 4098 diximus.
3324 4043 3549 4100 Deinde

1894 4129 2061 4201 ponit
2082 4135 2137 4184 et
2167 4129 2359 4197 signa,
2384 4129 2507 4183 sive
2537 4129 2847 4185 miracula.

1962 4217 2121 4273 Vers.
2156 4219 2238 4272 t7.
2263 4219 2375 4273 Per
2405 4233 2615 4273 nomen
2636 4234 2847 4275 meum.
2882 4250 2951 4259 —
2975 4219 3163 4278 novis.
3194 4219 3548 4295 Linguispe—

1892 4307 2182 4376 regrinis:
2218 4306 2518 4361 idiomatis
2550 4306 2802 4363 aliarum
2845 4308 3133 4377 gentium.

1963 4397 2127 4451 Vers.
2165 4395 2246 4450 18.
2293 4395 2588 4464 Serpentes
2620 4398 2857 4454 tollent.
2908 4397 3218 4463 Delebunt,
3252 4399 3543 4471 occident,

1813 4481 1860 4537 D
1894 4489 1997 4540 aut
2020 4484 2190 4540 etiam
2224 4485 2284 4540 in
2314 4484 2595 4540 manibus
2626 4485 2854 4557 absque
2884 4485 3139 4556 periculo
3165 4486 3471 4544 tenebunt.

1960 4575 2128 4629 Vers.
2177 4577 2258 4628 18.
2292 4574 2437 4628 Etsi
2474 4574 2795 4629 —nocebit.
2849 4573 3025 4629 Multa
3068 4573 3209 4631 talia
3265 4575 3545 4647 plurimis

1890 4662 2264 4731 contigerunt
2288 4662 2531 4726 sanctis,
2551 4677 2900 4733 semperque
2926 4662 3539 4733 contiguntﬁdelibus,

1889 4752 1992 4823 qui
2017 4751 2285 4807 videlicet
2309 4755 2659 4807 exercentur
2700 4750 2758 4806 in
2794 4750 3154 4821 evangelicis
3180 4754 3493 4824 praeceptis
3526 4771 3539 4810 :

1890 4856 2031 4896 nam
2062 4840 2212 4895 ﬁdes
2231 4840 2357 4894 sine
2379 4838 2663 4910 operibus
2688 4843 2927 4896 mortua
2948 4844 3036 4896 est
3051 4840 3224 4911 juxta
3250 4856 3543 4912 magnum

1889 4928 2056 4984 illum
2087 4928 2380 4985 Jacobum
2409 4929 2477 4982 ⁸⁷.

1960 5019 2103 5072 Vers
2168 5021 2250 5072 18.
2315 5016 2492 5087 Super
2541 5046 2611 5058 —
2661 5016 2941 5073 habebunt.
2994 5018 3099 5074 Per
3149 5018 3308 5076 dicta
3348 5019 3539 5091 signa,

1888 5107 2069 5163 etiam
2096 5122 2166 5162 ea
2195 5106 2385 5162 innuit
2409 5121 2541 5178 quas
2570 5106 2966 5178 praetermissa
3000 5112 3157 5167 sunt.
3201 5107 3353 5166 Dixit
3372 5109 3538 5170 enim

1887 5197 1947 5253 in
1978 5194 2470 5268 praecedentibus,
2501 5195 2669 5268 quod
2693 5196 2899 5255 omnia
2918 5197 3233 5271 possibilia
3256 5203 3399 5257 sunt
3415 5216 3539 5259 cre-

1889 5283 2052 5342 denti
2080 5285 2149 5340 ³⁸.

2096 5438 2143 5474 ⁸⁸
2165 5439 2339 5494 Marc.
2371 5452 2450 5505 ix,
2470 5438 2557 5495 23.

1394 5559 1620 5629 Varia;
1652 5561 1979 5630 lectiones
2025 5572 2091 5629 et
2121 5572 2323 5632 notae.

248 5694 362 5767 (86)
404 5700 596 5771 Χερσίν
627 5696 809 5754 habet
828 5697 1150 5755 Hentenius
1178 5698 1238 5755 in
1270 5699 1774 5775 interpretatione.

1959 5706 2073 5779 (87)
2100 5707 2226 5764 Imo
2247 5706 2511 5775 Ἰάκωϐον,
2542 5709 2948 5782 utﬁentenius
2975 5709 3179 5769 habet.
