4170 6364
598 331 700 389 851
1900 317 2256 378 EUTHYMII
2297 317 2625 374 ZIGABENI

672 457 833 510 Vers.
867 455 950 510 19.
1001 451 1265 507 Dominus
1304 451 1484 521 itaque
1517 479 1574 491 -
1604 448 1812 504 emtum.
1855 476 1925 488 ——
1971 448 2257 516 Postquam
2290 443 2335 496 A

601 543 804 600 locutus
826 549 920 609 est,
951 558 1069 598 non
1122 542 1252 597 haec
1305 540 1521 604 solum,
1565 539 1671 594 sed
1711 543 1767 593 et
1795 537 1999 593 omnia
2055 535 2253 600 verba,

599 637 894 707 quotquot
918 632 1003 688 eis
1034 631 1269 687 locutus
1300 634 1387 683 est
1416 645 1453 684 a
1482 628 1577 683 die
1607 626 2084 683 ressurrectionis
2112 640 2256 687 suae,

601 724 794 779 donec
819 721 1097 792 completi
1129 724 1268 774 sunt
1313 718 1713 789 quadraginta
1743 716 1890 782 dies,
1945 716 2004 770 in
2035 714 2258 786 quibus

600 813 930 885 apparebat
956 809 1283 881 discipulis,
1316 813 1372 862 et
1402 806 1867 862 conversabatur
1901 821 2039 861 eum
2070 806 2154 860 eis
2186 806 2255 859 εθ.

673 1008 926 1065 Dictium
963 1009 1052 1063 est
1077 1008 1276 1063 autem
1302 1003 1376 1058 de
1419 1002 1832 1073 assumptione
1858 1017 1964 1056 sua
1994 1001 2168 1057 etiam
2197 999 2259 1056 in

601 1098 722 1154 ﬁne
754 1096 1054 1166 Evangelii
1078 1097 1250 1166 juxta
1275 1093 1616 1149 Matthaeum.

675 1191 836 1244 Vers.
872 1191 962 1244 19.
1000 1187 1074 1240 Et
1117 1185 1251 1239 sedit
1291 1214 1360 1222 —
1406 1183 1529 1238 Dei.
1566 1182 1742 1254 Atqui
1780 1184 1932 1237 Deus
1983 1184 2040 1237 et
2091 1183 2260 1236 Pater

605 1277 733 1348 ejus
756 1292 893 1332 cum
916 1276 987 1331 sit
1015 1275 1422 1345 incorporeus,
1443 1287 1826 1344 nequaquam
1845 1271 2049 1326 dextra
2078 1271 2259 1326 habet

605 1368 701 1420 aut
739 1365 978 1419 sinistra
1018 1380 1031 1429 ;
1071 1362 1128 1416 hi
1160 1377 1424 1434 namque
1452 1361 1685 1416 habitus
1729 1365 1866 1416 sunt
1915 1375 2253 1431 corporum.

604 1453 919 1525 Reliquum
945 1457 1032 1508 est
1055 1467 1212 1522 ergo,
1247 1455 1310 1506 ut
1341 1450 1546 1505 sedere
1572 1450 1775 1521 ipsius,
1837 1450 2094 1521 requiem
2129 1466 2256 1505 ma-

602 1542 842 1599 nifestet
866 1557 932 1596 ac
956 1541 1288 1596 fruitionem
1319 1539 1502 1594 divini
1521 1539 1703 1608 regni.
1739 1540 1908 1605 Quod
1932 1543 2130 1594 autem
2156 1539 2260 1596 ad-

604 1631 760 1687 ditur
794 1649 806 1685 :
837 1630 881 1684 A
912 1631 1123 1684 demtris
1156 1630 1283 1692 Dei,
1319 1628 1756 1686 familaritatem
1797 1629 2045 1685 denotat
2085 1643 2155 1684 ac
2178 1644 2257 1683 ae-

605 1719 838 1793 qualem
870 1735 1005 1775 cum
1033 1723 1198 1775 Patre
1227 1719 1536 1775 honorem.

675 1811 865 1879 +Non
916 1813 1144 1864 tantum
1195 1809 1255 1863 in
1307 1808 1527 1863 dextris
1582 1808 1766 1864 Patris
1797 1809 2001 1864 sedere
2049 1808 2261 1864 dicitur

606 1897 801 1962 Filius,
825 1913 1032 1952 verum
1063 1897 1230 1952 etiam
1261 1902 1448 1951 stare:
1480 1896 1997 1967 quemadmodum
2025 1897 2085 1952 in
2107 1898 2260 1954 libro

603 1989 885 2042 Actorum
910 1985 1058 2040 dixit
1093 1985 1426 2056 Stephanus
1458 1987 1506 2020 9°
1536 2002 1549 2051 ;
1582 1989 1647 2040 ut
1674 1985 1841 2040 illiud
1879 1987 2126 2057 quidem
2171 2003 2260 2041 re-

606 2074 803 2146 quiem
829 2074 1102 2144 designet
1165 2073 1764 2140 intransmutabilem,
1794 2075 1907 2130 hoc
1947 2080 2144 2130 autem
2172 2075 2262 2130 ﬁr-

604 2178 770 2218 mam
801 2177 870 2216 ac
900 2161 1163 2216 divinam
1215 2162 1273 2216 in
1308 2161 1465 2216 bono
1516 2162 2045 2218 confirmationem.
2096 2164 2259 2219 Unde

603 2249 770 2306 nulla
801 2249 1148 2320 hujusmodi
1186 2248 1503 2304 verborum
1537 2249 1873 2306 immutatio
1909 2252 2103 2307 reddit
2159 2253 2258 2307 ali-

604 2355 788 2412 quam
822 2338 1125 2394 sententiae
1151 2338 1574 2394 diversitatem.
1613 2340 1897 2396 Praeterea
1931 2357 2065 2396 cum
2115 2342 2262 2398 dixit

605 2433 760 2484 stare
786 2427 1016 2491 Filium,
1049 2443 1171 2482 non
1203 2427 1353 2482 dixit
1391 2428 1592 2484 sedere
1621 2431 1846 2484 Patrem
1884 2446 1992 2485 :ne
2045 2447 2112 2485 ex
2144 2432 2259 2488 hoc

603 2517 1005 2586 intelligamus
1044 2516 1436 2572 differentiam
1469 2517 1794 2586 dignitatis.
1829 2522 2022 2575 Restat
2059 2521 2254 2591 igitur,

603 2611 668 2663 ut
689 2612 746 2663 et
780 2606 1104 2662 consedere
1124 2607 1274 2662 Patri
1301 2607 1530 2664 dicatur
1550 2613 1607 2664 et
1631 2610 1810 2665 simul
1833 2626 1970 2665 cum
1997 2626 2067 2666 eo
2082 2617 2256 2668 stare.

623 2701 628 2706 '
675 2698 837 2751 Vers.
869 2696 960 2752 20.
987 2696 1090 2752 Illi
1118 2713 1240 2751 vero
1268 2728 1336 2736 ——
1364 2698 1562 2768 signis.
1602 2699 1949 2755 Sermonem
1975 2701 2260 2772 praedica-

604 2785 803 2841 tionis.

679 2873 911 2929 Utinam
945 2877 1143 2929 autem
1169 2877 1223 2930 et
1239 2889 1510 2931 sermone
1523 2876 1803 2932 doctrinae
1819 2882 2032 2934 nostrae
2047 2879 2260 2934 conﬁr-

603 2966 801 3018 metur
829 2977 935 3034 per
965 2961 1391 3035 subsequentia
1417 2964 1630 3020 debitae
1685 2967 1916 3022 virtutis
1966 2967 2156 3037 signa,
2199 2973 2262 3025 ut

604 3049 666 3106 in
689 3050 808 3104 ﬁne
832 3053 962 3106 vitae
974 3055 1192 3107 nostrae
1206 3053 1436 3123 perfecti
1462 3053 1855 3118 inveniamur,
1872 3072 1977 3128 per
2004 3059 2258 3128 gratiam

3877 316 3988 370 852

2438 444 2496 495 ¢0
2526 447 2614 516 μὲν
2642 441 2728 496 οὖν
2756 445 2950 515 Κύριος
2971 476 3040 484 -—
3078 443 3310 518 οὐρανόν.
3351 448 3492 502 Μετὰ
3529 446 3586 495 τό
3613 441 3854 501 λαλῆσαι
3898 441 3991 492 αῦ-

2369 531 2478 595 τοῖς
2508 535 2566 586 οὐ
2597 539 2747 606 μόνον
2778 538 2892 594 τοὺς
2915 534 3096 604 λόγους
3126 538 3354 598 τούτους,
3400 533 3526 585 ἀλλὰ
3551 535 3772 592 πάντας,
3817 533 3990 590 ὅσους

2371 623 2585 682 ἐλάλησε
2627 628 2850 694 τούτοις,
2887 623 2986 675 ἀπὸ
3042 632 3133 685 τῆς
3170 627 3357 697 ἡμέρας
3389 632 3480 684 τῆς
3507 622 3852 682 ἀναστάσεως
3885 621 3991 672 αὖ·

2370 721 2461 764 τοῦ
2503 718 2665 787 μέχρι
2717 713 3134 786 συμπληρώσεως
3173 721 3269 764 τῶν
3327 715 3720 786 τεσσαράκοντα
3771 711 3989 781 ἡμερῶν

2371 801 2420 854 ἐν
2446 803 2530 864 αἶς
2559 799 2620 860 ἧν
2647 803 2989 876 ὀπτανόμενος
3049 809 3158 864 τοῖς
3193 804 3476 874 μαθηταῖς,
3522 805 3612 853 καὶ
3659 800 3991 860 συκαυ).ιςόο

2369 912 2517 964 μενος
2545 892 2678 961 (88).

2441 985 2657 1056 Εἴρηται
2689 979 2746 1035 δὲ
2767 987 2882 1058 περὶ
2906 991 2996 1043 τῆς
3028 981 3325 1052 ἀναλήψεως
3355 980 3514 1033 αὐτοῦ
3542 984 3629 1032 καὶ
3661 979 3708 1032 ἐν
3730 988 3808 1051 τῷ
3844 979 3984 1032 τέλει

2371 1079 2461 1131 τῆς
2482 1070 2774 1143 ἐξηγήσεως
2815 1080 2905 1124 τοῦ
2935 1075 3068 1124 κατὰ
3099 1073 3384 1126 Ματθαῖον.

2443 1163 2546 1216 Καὶ
2575 1160 2812 1214 ἐκάθισεν
2845 1193 2909 1202 -
2931 1168 3021 1213 τοῦ
3055 1167 3208 1227 Θεοῦ,
3225 1163 3325 1216 Καὶ
3360 1165 3461 1224 μὴν
3484 1161 3508 1211 ό
3533 1163 3656 1220 Θεὸς
3675 1163 3766 1211 καὶ
3792 1163 3979 1229 Πατὴρ

2371 1249 2548 1314 αὐτοῦ,
2604 1259 2879 1322 ασὼματός
2919 1251 3005 1313 ὡν,
3049 1249 3142 1301 οὐκ
3189 1249 3249 1300 ἂν
3307 1252 3422 1320 ἔχοι
3463 1245 3660 1311 δεξιὰὴ
3692 1247 3977 1322 ἀριστερά.

2368 1345 2476 1390 Τῶν
2511 1341 2761 1410 σωμάτων
2789 1342 2887 1411 γὰρ
2931 1347 3096 1390 ταῦτα
3128 1343 3411 1410 σχήματα.
3448 1341 3642 1391 Λοιπὸν
3666 1333 3755 1388 οὖν
3783 1340 3845 1388 τὸ

2369 1430 2589 1479 καθίσαι
2616 1425 2771 1484 δηλοῖ
2790 1426 3080 1480 ἀνάπαυσιν
3111 1433 3200 1479 καὶ
3227 1427 3515 1478 ἀπόλαυσιν
3541 1434 3630 1487 τῆς
3649 1427 3794 1487 θείας
3816 1425 3980 1497 βασι-

2371 1521 2525 1577 λείας·
2570 1520 2626 1568 τό
2659 1514 2718 1568 δὲ
2750 1516 2837 1569 Ἐκ
2869 1513 3049 1578 δεξιῶν
3081 1523 3172 1568 τοῦ
3203 1523 3336 1569 Θεοῦ
3367 1515 3623 1567 οἰκείωσιν
3673 1519 3763 1566 καὶ
3798 1517 3984 1586 ὁμοτι-

2371 1610 2493 1677 μίαν
2515 1609 2641 1678 πρὸς
2669 1608 2754 1657 τόν
2786 1610 3010 1680 Πατέρα.

2448 1783 2550 1856 [οῦ
2617 1789 2769 1857 μόνον
2819 1784 2930 1855 (89)
2998 1785 3264 1842 καθῆσθαι
3311 1787 3360 1835 ἐν
3424 1781 3574 1846 δεξιᾶ
3620 1791 3710 1837 τοῦ
3771 1789 3986 1858 Πατρός

2374 1877 2398 1926 6
2447 1877 2584 1935 Υιὸς,
2621 1874 2747 1926 ἀλλὰ
2777 1879 2864 1925 καὶ
2921 1875 3172 1925 ἵστασθαι
3219 1873 3439 1942 λέγεται,
3487 1876 3550 1933 ὡς
3601 1873 3648 1925 ἐν
3685 1883 3746 1945 τῇ
3807 1873 3982 1946 βίϐλῳ

2372 1972 2470 2015 τῶν
2521 1963 2758 2037 Πράξεων
2799 1966 2824 2015 ό
2878 1967 3122 2034 Στέφανος
3178 1965 3348 2034 εἴρηκε
3382 1981 3392 1990 ·
3427 1971 3516 2014 τοῦ
3566 1967 3655 2034 μὲν
3710 1967 3770 2015 τό
3824 1966 3981 2016 καθι-

2373 2049 2604 2126 δρῦσθαι
2659 2053 2982 2121 ἀμεταθέτως
3016 2069 3028 2081 ·
3061 2060 3151 2103 τοῦ
3214 2048 3292 2112 δὲ,
3342 2055 3400 2103 τὸ
3444 2050 3722 2123 βεϐηκέναι
3767 2059 3979 2123 παγίως

2370 2145 2428 2194 τό
2481 2145 2609 2194 θεῖον
2664 2141 2710 2192 ἐν
2763 2150 2834 2211 τῷ
2889 2139 3089 2211 ἀγαθῷ,
3153 2137 3562 2212 δογματίζοντος
3621 2184 3634 2196 .
3673 2147 3762 2194 καὶ
3814 2139 3973 2194 οὐδὲν

2370 2233 2399 2290 ἠ
2438 2239 2534 2283 τῶν
2573 2232 2820 2304 ῥημάτων
2878 2230 3115 2304 ἑτερότης
3162 2234 3276 2302 περὶ
3333 2233 3419 2280 τόν
3471 2238 3588 2280 νοῦν
3641 2226 3964 2304 διαφέρεται.

2367 2320 2560 2380 ’Ἄλλως
2612 2339 2680 2386 τε,
2723 2322 2747 2371 ὀ
2792 2319 2941 2372 εἰπὼν
2984 2320 3234 2370 ἰστασθαι
3276 2321 3361 2370 τόν
3411 2323 3528 2371 Υιὸν
3567 2319 3662 2370 οὐκ
3716 2317 3822 2371 εἶπε
3871 2341 3966 2371 κα-

2373 2412 2568 2469 θῆσθαι
2621 2413 2705 2460 τόν
2750 2413 2968 2480 Πατέρα,
3031 2409 3111 2458 ἵνα
3167 2413 3255 2458 καὶ
3291 2408 3402 2478 (90)
3460 2405 3715 2481 διαφορὰν
3761 2414 3968 2467 νοήσω-

2371 2519 2458 2572 μεν
2483 2498 2791 2570 ἀξιώματος.
2824 2501 3016 2550 Λοιπὸν
3049 2493 3141 2548 οῦκ
3164 2502 3251 2548 καὶ
3295 2499 3629 2567 συγκάθηται
3667 2503 3754 2549 καὶ
3789 2503 3971 2550 συνίσ-

2370 2590 2543 2659 ταται]
2556 2633 2567 2644 .

2445 2679 2656 2730 Ἐκεῖνοι
2679 2674 2736 2729 δὲ
2766 2709 2833 2716 -
2866 2679 3112 2748 σημείων.
3145 2673 3266 2748 [Τόν
3297 2673 3450 2746 λόγον
3480 2683 3566 2726 τοῦ
3607 2676 3718 2744 (91)
3758 2680 3970 2749 κηρύγ-

2371 2787 2548 2840 ματος.
2574 2768 2591 2837 ]

2445 2860 2537 2914 Eia
2570 2854 2628 2909 δε
2658 2861 2746 2908 καὶ
2775 2860 2858 2907 τὸν
2907 2854 3056 2926 λόγον
3099 2863 3190 2915 τῆς
3220 2856 3475 2926 ἡμετέρας
3505 2849 3841 2912 διδασκαλίας
3869 2851 3962 2924 ,9:-

2373 2947 2652 2999 ϐαιοῦσθαι
2675 2943 2766 2997 διὰ
2791 2954 2888 2996 τῶν
2916 2943 3274 2996 ἐπακολουθεῖν
3288 2943 3586 3015 ὀφειλόντων
3620 2946 3836 3013 σημείων
3868 2949 3931 3000 τῆ
3947 2963 3970 3004 ς

2373 3035 2578 3111 ἀρετῆς,
2614 3039 2696 3087 ἱνα
2725 3035 2903 3087 τέλειοι
2934 3035 3212 3107 εὑρεθώμεν
3258 3031 3304 3084 ἐν
3345 3041 3414 3102 τῷ
3448 3031 3578 3084 τέλει
3602 3039 3691 3092 τῆς
3719 3033 3976 3106 ἡμετέρας

604 3142 663 3196 et
683 3138 1113 3211 benignitatem
1143 3142 1377 3199 Domini
1403 3144 1586 3200 nostri
1609 3146 1745 3201 Jesu
1785 3123 2033 3204 Christi:
2047 3153 2255 3205 Amen.

2375 3132 2526 3194 ζωῆς,
2555 3129 2743 3199 χάριτι
2764 3131 2852 3177 καὶ
2891 3123 3247 3197 φιλανθρωπίᾳ
3272 3131 3362 3175 τοῦ
3389 3123 3586 3194 Κυρίου
3614 3123 3760 3194 ἡμῶν
3792 3123 3976 3180 Ἰησοῦ

643 3608 650 3616 .
680 3560 749 3616 ⁸9.
779 3561 903 3620 Act.
935 3580 972 3635 ι,
1003 3567 1056 3630 3,
1085 3568 1136 3621 4.
1250 3566 1299 3601 ⁹⁰
1328 3568 1452 3630 Act,
1481 3582 1578 3636 νη,
1614 3571 1699 3623 56.

2370 3224 2626 3293 Χριστοῦ.
2660 3215 2850 3287 Ἀμήν.

3089 3301 3210 3356 Τιλο
3220 3323 3240 3363 ς

2745 3401 2834 3446 τοῦ
2859 3394 2995 3445 κατὰ
3023 3393 3230 3464 Μάρκον
3253 3387 3589 3461 Εὗαγγελίου.

1850 3747 2066 3817 Variae
2095 3748 2424 3819 lectiones
2460 3759 2524 3818 et
2591 3757 2770 3816 notae

676 3964 794 4038 (88)
821 3965 935 4038 _SicA
959 3970 1202 4038 uterque
1227 3967 1434 4024 codex.

676 4037 788 4108 (89)
821 4036 1058 4095 Inclusa
1085 4036 1276 4096 codex
1313 4043 1559 4111 uterque
1590 4041 1650 4096 in
1690 4043 1961 4114 margine
1991 4043 2249 4100 exhibet.

2459 3974 2550 4042 90)
2582 3975 2684 4028 Καὶ
2711 3971 2923 4026 omittit
2962 3972 3027 4025 Β.

2459 3974 2550 4042 90)
2582 3975 2684 4028 Καὶ
2711 3973 2923 4026 omittit
2962 3973 3027 4025 Β.

2435 3973 2547 4115 ἓ91)
2577 4043 2805 4100 Inclusa
2839 4042 3059 4098 absunt
3087 4044 3156 4096 Α.
