4170 6364
241 338 348 396 853
1565 329 1888 387 COMMEN'I

1974 329 2044 385 IN
2085 327 2351 385 LUCAM.
3501 327 3603 383 854

246 530 607 543 -ή-ὼνν-...γ--ᾘ
566 530 571 531 ⁷
590 530 593 531 ⁷
614 530 807 543 7M7
658 530 711 531 γέ
800 530 805 531 ⁷
822 530 1175 542 _Z————-—-——————"
1188 534 1197 537 -
1222 533 1625 540 -—-——‘_—————
1644 530 2249 539 ww

622 666 851 775 ’ΤΟ
948 664 1348 773 ΚΑΤΑ
1439 652 2035 773 ΛΟΥΚΑΝ
2134 653 3060 773 ΕΥΑΓΓΕΑΙΟΝ

1091 1108 1221 1162 ΤΟΥ
1260 1111 1437 1159 ΚΑΤΑ
1477 1109 1751 1158 ΛΟΥΚΑΝ
1790 1106 2201 1156 ΕΥΑΓΓΕΛΙΟΥ
2236 1101 2326 1155 ΤΑ
2366 1104 2725 1154 ΚΕΦΑΛΑῘΛ.

276 1330 338 1385 α’.
384 1334 509 1403 Περὶ
538 1336 631 1390 τῆς
664 1327 986 1400 ἀπογραφῆς.
1018 1326 1182 1399 (Cap.
1226 1326 1291 1381 II.
1325 1342 1478 1381 vers.
1512 1330 1585 1397 1.)
1877 1324 1923 1378 Α

1962 1322 2040 1378 ισ’.
2085 1328 2210 1398 Περὶ
2275 1332 2371 1384 τῆς
2452 1330 2551 1375 τῶν
2630 1322 2929 1378 ἀποστόλων
3002 1322 3251 1396 ἐκλογῆς.’
3316 1322 3435 1395 (VI,
3495 1323 3609 1395 I2.)

276 1418 350 1491 β’.
395 1424 520 1493 Περὶ
550 1427 648 1469 τῶν
681 1416 1072 1491 ἀγραυλοῦντων
1105 1420 1378 1489 ποιμένων.
1413 1416 1478 1480 II,
1520 1414 1598 1486 8.)
2140 1414 2242 1470 M6.
2278 1413 2363 1468 ιϐ’.
2401 1413 2506 1485 Μρ.
2544 1411 2613 1471 η’.

271 1507 345 1579 γ’.
389 1514 513 1579 Περὶ
543 1513 632 1557 τοῦ
660 1511 882 1576 Συμεών.
917 1506 1000 1573 (ΙΙ,
1030 1504 1143 1575 25.)
1954 1504 2041 1565 ιζ’.
2086 1509 2210 1577 Περὶ
2238 1511 2336 1555 τῶν
2375 1510 2742 1577 μακαρισμῶν,
2776 1501 2893 1569 (VI,
2924 1502 3041 1571 20.)
3068 1503 3170 1558 ΜΘ.
3204 1499 3261 1556 ε’.

275 1593 347 1649 δ’.
394 1600 515 1671 Περὶ
542 1601 730 1655 "Amm;
755 1603 846 1654 τῆς
870 1590 1212 1665 προφήτιὸος.
1250 1594 1334 1664 (II,
1377 1593 1493 1661 36.)
1952 1591 2036 1651 ιη’.
2081 1598 2204 1665 Περὶ
2241 1599 2331 1644 τοῦ
2363 1591 2767 1666 ἑκατοντάρχου.
2815 1591 2952 1661 (VII,
3009 1590 3088 1662 1.)
3124 1590 3232 1645 M6.
3282 1590 3348 1652 ζ’.
3396 1590 3500 1646 Ἰω.
3531 1586 3599 1646 α’.

270 1685 327 1740 ε’.
380 1689 505 1756 Περὶ
578 1691 670 1735 τοῦ
743 1687 1012 1754 ’γενομένου
1059 1683 1294 1756 ῥήματος
1377 1684 1501 1753 πρὸς
1577 1679 1837 1736 Ἰωάννην.
1950 1680 2035 1737 ιϐ’.
2080 1686 2313 1755 Περὶτοῦ
2340 1683 2457 1733 υἱοῦ
2490 1688 2585 1740 τῆς
2612 1685 2787 1754 χήρας
2818 1680 2951 1750 (VII,
2986 1679 3097 1752 11.)

420 1773 536 1845 (III,
577 1773 775 1841 1.)Μθ.
808 1769 878 1841 γ’.
1970 1770 2036 1826 κ’.
2080 1776 2206 1844 Περὶ
2255 1778 2356 1823 τῶν
2434 1768 2821 1822 ἀποσταλέντων
2901 1770 3043 1841 παρὰ
3117 1768 3373 1825 Ἰωάννου.
3452 1767 3597 1841 (VII,

268 1883 321 1917 σ.
367 1867 493 1936 Περὶ
567 1869 664 1913 τῶν
710 1860 1143 1934 ἐπερωτησάντων
1222 1862 1308 1911 τὸν
1386 1860 1646 1916 Ἰωάννην.
1722 1856 1836 1929 (ΙΙΙ,
2127 1864 2238 1931 18.)
2268 1861 2373 1917 M6.
2400 1857 2472 1915 κ’.

419 1952 524 2019 10.)
1942 1948 2039 2002 κοτ’.
2084 1953 2209 2023 Περὶ
2274 1957 2363 2008 τῆς
2434 1946 2719 2017 ἀλειψάσης
2792 1948 2879 1998 τὸν
2962 1946 3157 2019 Κύριον
3234 1947 3402 2019 μύρῳ.
3458 1946 3596 2019 (VII,

267 2040 339 2101 ζ’.
380 2044 504 2113 Περὶ
534 2046 624 2091 τοῦ
654 2045 947 2111 πειρασμοῦ
968 2045 1059 2090 τοῦ
1092 2045 1325 2111 Σωτῆρος
1359 2037 1474 2108 (IV,
1509 2037 1580 2108 1.)
2122 2037 2234 2108 36.)
2275 2038 2377 2091 M6.
2413 2035 2512 2109 ξβ.
2552 2038 2653 2107 Μρ.
2699 2032 2808 2106 μὸν.
2840 2032 2940 2086 Ἰω.
2978 2033 3071 2106 ιβ’.
3348 2034 3349 2037 “

262 2132 333 2189 η’.
379 2134 503 2202 Περὶ
571 2134 663 2179 τοῦ
733 2130 946 2199 ἔχοντος
1030 2134 1231 2199 πνεῦμα
1314 2123 1609 2198 δαιμονίου.
1719 2126 1829 2196 (IV,
1942 2127 2050 2200 κβ’.
2094 2132 2218 2199 Περὶ
2255 2127 2346 2186 τῆς
2400 2124 2701 2198 παραϐολῆς
2745 2128 2837 2175 τοῦ
2884 2126 3103 2196 σπόρου.
3155 2122 3326 2195 (VIII,
3372 2122 3449 2191 4.)
3488 2124 3592 2179 M6.

409 2220 522 2289 33.)
562 2220 663 2290 Μρ.
698 2217 767 2268 α’.
2119 2213 2226 2271 sed".
2260 2217 2363 2290 Μρ.
2399 2215 2465 2267 θ’.

264 2305 331 2359 θ’.
377 2311 499 2378 Περὶ
547 2314 637 2366 τῆς
684 2308 926 2381 πενθερᾶς
972 2309 1191 2377 Πέτρου.
1254 2304 1373 2375 (IV,
1429 2307 1543 2373 38.)
1597 2304 1702 2359 M6.
1761 2301 1832 2361 η’.

1945 2303 2041 2376 κγ’.
2086 2309 2211 2379 Περὶ
2261 2312 2354 2365 τῆς
2412 2301 2762 2374 ἐπιτιμήσεως
2818 2307 2917 2352 τῶν
2972 2296 3199 2356 ὑδὰτων.
3252 2299 3420 2373 (VIII,
3476 2302 3592 2375 22.)

410 2396 518 2469 Μρ.
708 2386 711 2387 ν
2119 2394 2228 2449 M6.
2273 2392 2360 2445 ια’.
2394 2393 2498 2465 Μρ.
2534 2390 2582 2445 ι’.

266 2484 319 2540 ι’,
364 2488 487 2557 Περὶ
548 2493 646 2535 τῶν
725 2483 964 2535 ἰαθέντων
1041 2482 1141 2536 ἀπὸ
1173 2482 1414 2535 ποικίλων
1474 2485 1657 2534 νόσων.
1715 2481 1829 2553 (IV,
1939 2481 2044 2539 κδ’.
2088 2487 2214 2557 Περὶ
2286 2488 2380 2534 τοῦ
2428 2483 2634 2553 ἔχοντος
2674 2480 2761 2531 τὸν
2816 2477 3057 2550 λεγιῶνα.
3117 2477 3276 2549 (VIII,
3324 2478 3440 2551 26.)
3479 2478 3587 2535 M6.

410 2575 521 2642 40.)
551 2575 650 2629 M6.
684 2572 726 2625 θ’
759 2575 859 2647 Μρ.
892 2571 959 2643 γ’.
2118 2570 2214 2643 ιβ’.
2247 2570 2354 2644 Μρ.
2391 2568 2479 2625 ια’.

229 2661 319 2717 ια’.
367 2667 489 2735 Περὶ
518 2670 613 2723 τῆς
637 2663 800 2735 ἄγρας
832 2670 930 2712 τῶν
965 2660 1180 2731 ἰχθύων.
1216 2660 1305 2730 (V,
1341 2662 1416 2733 4.)
1865 2652 1908 2707 Β
1937 2660 2004 2713 κε’
2044 2666 2167 2735 Περὶ
2194 2668 2288 2721 τῆς
2320 2660 2577 2731 θυγατρὸς
2604 2664 2693 2709 τοῦ
2737 2654 3199 2731 ἀρχισυνᾶυγώγου.
3261 2652 3425 2729 (VIII,
3470 2659 3586 2731 40.)

230 2751 325 2823 ιβ’,
370 2755 495 2824 Περὶ
519 2758 608 2802 τοῦ
638 2750 844 2823 λεπροῦ.
873 2749 959 2818 (V,
995 2752 1103 2819 12.)
1133 2751 1234 2804 M6.
1272 2749 1315 2812 ζ’
1341 2753 1447 2822 IIIp.
1480 2746 1549 2804 δ’,
2115 2750 2223 2804 M6.
2258 2748 2330 2802 ιε’.
2368 2750 2468 2821 MP.
2497 2745 2592 2820 ιβ’.

230 2839 317 2911 ιγ’.
365 2845 487 2912 Περὶ
535 2845 625 2890 τοῦ
677 2837 1054 2911 παραλυτικοῦ.
1116 2836 1204 2908 (V,
1261 2837 1366 2908 18.)
1418 2839 1518 2893 M6.
1582 2838 1664 2909 ιγ’.
1719 2840 1822 2913 Μρ.
1935 2838 2029 2901 κς’.
2074 2844 2198 2913 Περὶ
2228 2846 2321 2901 τῆς
2356 2837 2753 2913 αἰμορῥοούσης.
2789 2834 2953 2905 (VIII,
2999 2835 3112 2907 43.)
3165 2835 3273 2891 M6.
3335 2835 3429 2892 ισ’.
3476 2836 3589 2910 MP.

406 2935 463 2981 ε’.
498 2933 583 2983 Ιω.
624 2927 687 2988 ζ’.
2114 2933 2202 2999 ιγ’.

229 3013 319 3069 ιδ’.
364 3019 487 3088 Περὶ
538 3017 666 3066 Λευὶ
719 3020 808 3065 τοῦ
865 3013 1100 3068 τελώνου.
1178 3014 1271 3087 (V,
1348 3015 1463 3089 27.)
1544 3017 1650 3073 M6.
1730 3014 1819 3072 ιδ’.
1932 3017 2030 3079 κζ’.
2074 3021 2199 3092 Περὶ
2248 3024 2342 3079 τῆς
2395 3014 2684 3076 ἀποστολῆς
2749 3020 2848 3066 τῶν
2895 3009 3125 3068 δώδεκα.
3177 3012 3292 3086 (IX,
3366 3013 3442 3087 1.)
3480 3016 3591 3076 M6.

403 3106 504 3175 Μρ.
540 3102 606 3163 ς’.
2114 3107 2193 3162 ιε’.
2226 3109 2327 3180 Μρ.
2366 3105 2453 3163 ιθ’.

225 3193 298 3246 ιε’.
345 3197 469 3266 Περὶ
538 3200 628 3243 τοῦ
680 3191 839 3266 ξηρὰν
896 3193 1114 3263 ἔχοντος
1168 3198 1262 3251 τὴν
1326 3200 1503 3267 χεῖρα.
1576 3196 1686 3268 (VI,
1743 3198 1819 3270 6.)
1931 3196 2032 3256 κη’.
2073 3202 2199 3270 Περὶ
2257 3204 2355 3248 τῶν
2405 3199 2549 3248 πέντε
2606 3195 2770 3269 ἄρτων
2811 3197 2900 3245 καὶ
2932 3200 3029 3246 τῶν
3062 3188 3157 3246 δύο
3193 3191 3412 3265 ἰχθύων.
3464 3193 3585 3266 (IX,

400 3282 502 3333 M6.
536 3300 637 3333 καν.
668 3282 768 3355 Μρ.
804 3281 867 3341 ζί.
2113 3286 2223 3357 12.)
2258 3286 2361 3341 M6.
2394 3283 2503 3341 xa'.
2552 3285 2653 3357 Μρ,
2685 3281 2770 3337 ισ’.
2800 3280 2906 3338 Ἰω.
2940 3279 3010 3339 η’.

1528 3725 2185 3819 EVANGELIUM

972 3946 1996 4129 SECUNDUM
2085 3947 2738 4129 LUCAM

1366 4432 1637 4489 CAPITA
1682 4427 2123 4486 EVANGE'LII
2157 4426 2427 4485 LUC/EX

308 4592 353 4642 1.
398 4587 472 4642 De
491 4604 647 4642 censu
681 4588 933 4643 Caesaris.
2010 4593 2098 4644 15.
2144 4588 2222 4641 De
2262 4585 2482 4641 habente
2509 4584 2762 4639 dextram
2786 4599 3006 4638 manum
3034 4579 3277 4635 aridam.

302 4680 354 4729 2.
399 4676 474 4731 De
503 4678 817 4746 pastoribus
846 4678 903 4731 in
931 4693 1061 4747 agro
1104 4673 1430 4745 degentibus.
1855 4658 1907 4716 Ο
2010 4681 2093 4732 16.
2136 4676 2214 4730 De
2243 4675 2605 4746 apostolorum
2637 4672 2912 4728 electione.

307 4770 357 4819 3.
400 4766 469 4819 De
492 4765 759 4835 Symeone.
2012 4766 2090 4821 17.
2134 4767 2219 4820 De
2256 4761 2697 4818 beatitudinibus.

306 4856 355 4907 4.
399 4855 475 4907 De
515 4856 677 4908 Anna
708 4855 1068 4925 prophetissa.
2011 4859 2094 4911 I8.
2137 4853 2216 4908 De
2243 4851 2574 4908 centurione.

307 4946 357 4997 5.
400 4941 477 4996 De
506 4941 662 4996 verbo
688 4943 825 5013 quod
852 4944 1056 5012 [actum
1094 4949 1169 4997 est
1198 4941 1268 4996 ad
1295 4942 1574 4996 Joannem.
2012 4944 2094 4997 19.
2138 4941 2216 4996 De
2246 4941 2363 5011 ﬁlio
2391 4938 2592 4994 viduas.

303 5030 357 5088 6.
400 5030 483 5086 De
509 5031 594 5084 his
629 5032 724 5101 qui
744 5031 1009 5088 Joannem
1046 5030 1485 5102 interrogabant.
2006 5036 2093 5088 20.
2138 5030 2215 5085 De
2238 5028 2520 5099 discipulis
2558 5026 2736 5082 missis
2765 5043 2799 5080 a
2825 5027 3051 5081 Joanne.

300 5122 355 5177 7.
398 5120 482 5174 De
509 5119 893 5174 tentationibus
935 5120 1083 5176 Jesu.
2005 5125 2101 5177 21.
2148 5121 2226 5174 De
2255 5135 2316 5173 ea
2341 5133 2456 5189 quae
2484 5116 2650 5173 unxit
2682 5114 2975 5171 Dominum
3014 5117 3303 5185 unguento.

301 5213 351 5265 8.
385 5209 464 5264 De
493 5208 711 5263 habente
738 5210 996 5279 spiritum
1017 5208 1422 5265 damoniacum.
2005 5214 2093 5265 22.
2137 5208 2215 5263 De
2233 5206 2528 5261 seminante
2552 5203 2836 5276 parabola.

298 5301 350 5355 9.
389 5301 467 5354 De
485 5315 643 5354 socru
664 5299 838 5354 Petri.
2007 5302 2093 5354 23.
2138 5297 2213 5352 De
2235 5295 2604 5365 increpatione
2626 5293 2776 5348 venti
2802 5308 2869 5348 ac
2898 5289 3232 5363 tempestatis
3275 5290 3471 5348 maris.

302 5389 385 5446 10.
428 5389 504 5443 De
541 5390 803 5444 curalisa
834 5388 1017 5443 variis
1044 5388 1260 5444 morbis.
2006 5391 2094 5441 24.
2138 5385 2214 5440 De
2240 5385 2438 5454 legione
2463 5383 2786 5439 dcemonum.

303 5484 386 5533 11.
429 5478 506 5532 De
542 5486 774 5548 captura
798 5479 1053 5548 piscium.
2009 5480 2095 5530 25.
2141 5474 2218 5529 De
2236 5473 2359 5543 ﬁlia
2385 5470 2815 5543 archisynagogi.

303 5569 388 5621 1'2.
431 5568 507 5621 De
540 5566 761 5637 leproso.
2009 5568 2096 5619 26.
2140 5563 2219 5617 De
2252 5562 2475 5617 muliere
2501 5560 2773 5632 proﬂuvio
2806 5559 3090 5631 sanguinis
3130 5558 3427 5615 laborante.

310 5660 392 5712 13.
436 5655 511 5711 De
537 5656 871 5727 paralytico.
2010 5656 2098 5710 27.
2139 5654 2217 5708 De
2247 5652 2531 5707 emissione
2554 5649 2826 5707 duodecim
2854 5649 3232 5722 apostolorum.

309 5749 394 5802 14.
435 5746 511 5800 De
536 5745 670 5801 Levi
696 5744 1009 5817 publicano.
2012 5746 2099 5798 28.
2142 5743 2222 5798 De
2250 5743 2481 5813 quinque
2492 5740 2726 5811 panibus
2748 5746 2797 5797 et
2827 5738 3027 5798 duobus
3054 5737 3304 5811 piscibus.
