4170 6364
568 325 672 380 855
1895 317 2244 378 EUTHYMII
2285 316 2612 375 ZIGABENI
3848 317 3974 376 856

567 451 664 508 κθ’.
706 457 832 526 Περὶ
860 461 950 513 τῆς
978 461 1075 504 τῶν
1114 453 1362 524 μαθητῶν
1387 450 1765 526 ἐπερωτήσεως.
1811 452 1924 523 (ΙΧ,
1975 449 2086 521 18.)
2115 452 2223 504 MO.
2260 449 2306 500 A
2337 446 2446 520 μθ’.
2489 453 2609 522 Περὶ
2684 457 2783 502 τῶν
2844 450 3170 524 παραϐολῶν.
3249 448 3417 522 (ΧΙῙΙ,
3491 448 3600 519 18.)
3668 449 3776 502 MO.
3858 444 3968 504 κδ.

745 540 845 612 λ·γ’.
877 548 982 612 Μρ.
1015 538 1119 593 κδ’.
2511 547 2616 612 Μρ.
2663 540 2726 594 O’.

746 561 1119 596 Α.Μ.κσ.
2514 561 2726 612 Μρ.ο.

601 629 660 684 λ’.
703 563 829 703 Πεῖὶ
894 561 989 692 τγςς
1048 633 1492 704 μεταμορφώσεως
1543 636 1638 682 τοῦ
1690 630 1888 687 Ἰησοῦ.
1941 631 2050 701 (ΙΧ,
2109 627 2223 699 28.)
2368 626 2426 684 ν’.
2469 633 2594 702 Περὶ
2674 637 2758 682 τοῦ
2827 628 3268 702 ἐπερωτήσαντος,
3328 629 3372 682 εἰ
3426 628 3594 700 ὀλίγοι
3655 628 3705 679 oi
3775 627 3964 687 σωζό-

743 722 848 774 MO.
882 717 982 773 λδ’.
1027 727 1130 790 Μρ.
1173 718 1261 775 κε’.
2509 737 2671 789 μενοι.
2699 718 2862 791 (XIII,
2895 720 3004 789 22.)

564 805 663 863 λα’.
701 812 828 882 Περὶ
861 815 952 860 τοῦ
1000 807 1452 879 σεληνιαζομένου.
1501 807 1752 879 (IX,37.)
1803 809 1908 862 MO.
1966 805 2056 864 λε’.
2113 813 2220 878 Μρ.
2330 805 2427 859 νὰ’.
2470 811 2595 882 Περὶ
2663 815 2761 859 τῶν
2830 807 3071 860 εἰπόντων
3145 816 3217 880 τῷ
3283 806 3459 866 Ἰησοῦ
3519 801 3613 858 διὰ
3670 800 3950 879 Ἡρώδην.

741 893 844 957 κζ.

2509 895 2667 967 (XIII,
2696 896 2808 967 31.)

563 982 666 1056 λβ’.
708 990 834 1058 Περὶ
862 994 962 1036 τῶν
1005 981 1465 1057 διαλογιζομένων,
1514 988 1587 1044 τίς
1651 987 1857 1056 μείζων.
1929 985 2048 1055 (ΙΧ,
2105 982 2220 1054 46.)
2327 981 2429 1055 νβ’.
2470 989 2596 1058 Περὶ
2633 993 2725 1037 τοῦ
2756 982 3080 1059 ὑδρωπικοῦ.
3111 983 3271 1058 (XIV,
3308 985 3381 1056 1.)

741 1077 846 1129 MO.
874 1073 968 1138 λζ’.
1000 1082 1106 1147 Μρ.
1138 1072 1240 1128 κσ’.
2327 1071 2421 1144 νγ’.
2465 1077 2590 1146 Περὶ
2641 1082 2734 1126 τοῦ
2787 1080 2858 1147 μὴ
2910 1073 3117 1146 ἀγαπᾷν
3157 1079 3247 1135 τὰς
3297 1074 3704 1149 πρωτοκλισίας.
3767 1072 3950 1140 (XIV,

563 1161 659 1234 λγ.
703 1169 826 1236 Περὶ
865 1171 958 1216 τοῦ
994 1168 1064 1236 μὴ
1119 1163 1514 1236 ἐπιτρεπομένου
1558 1161 1873 1223 ἀκολουθεῖν.
1934 1163 2052 1234 (ΙΧ,
2106 1161 2218 1233 56.)
2505 1163 2584 1234 7.)

747 1256 856 1309 MO.
898 1256 949 1311 ι’.
2329 1249 2429 1305 νδ’.
2473 1257 2597 1326 Περὶ
2649 1262 2745 1306 τῶν
2797 1253 3120 1327 καλουμένων
3197 1251 3246 1305 ἓν
3318 1260 3391 1324 τῷ
3468 1248 3685 1325 δείπνῳ.
3769 1251 3949 1323 (XIV,

561 1339 662 1396 λδ.
705 1348 829 1417 Περὶ
857 1351 956 1394 τῶν
987 1339 1402 1414 ἀναδειχθέντων
1434 1339 1812 1415 ἐϐδομήκοντα.
1851 1343 1934 1414 (Χ,
1974 1345 2041 1414 1.)
2509 1341 2623 1413 15.)
2653 1345 2756 1396 MO.
2787 1342 2883 1398 να’.

562 1430 645 1487 λε’.
688 1437 815 1504 Περὶ
851 1439 945 1484 τοῦ
977 1431 1392 1507 ἐπερωτήσαντος
1423 1439 1657 1505 νομικοῦ.
1704 1433 1787 1504 (Χ,
1824 1433 1938 1503 25.)
1982 1435 2087 1488 MO.
2121 1431 2217 1486 νδ.
2329 1428 2410 1482 νε’.
2476 1430 2751 1504 Παραϐολή
2793 1436 2911 1506 περὶ
2936 1428 3222 1505 οἰκοδομῆς
3245 1434 3468 1507 πύργου.
3513 1431 3667 1503 (XIV,
3708 1433 3830 1500 28.)

742 1529 847 1595 Μρ.
881 1519 973 1575 λθ’.
2329 1516 2423 1572 νσ’.
2467 1525 2592 1593 Περὶ
2629 1528 2729 1572 τῶν
2761 1520 2939 1573 ἑκατὸν
2978 1520 3248 1593 προϐάτων
3275 1519 3567 1595 παραϐολή.
3601 1519 3738 1590 (XV,
3783 1521 3866 1592 3.)

561 1608 657 1666 λσ’.
701 1615 827 1685 Περὶ
858 1618 946 1661 τοῦ
975 1610 1288 1682 ἐμπεσόντος
1334 1609 1404 1670 εἰς
1434 1613 1553 1671 τοὺς
1584 1609 1803 1682 λῃστάς.
1838 1611 1923 1682 (Χ,
1961 1610 2078 1682 30.)
2329 1606 2422 1668 νζ·
2469 1613 2592 1680 Περὶ
2648 1616 2741 1661 τοῦ
2821 1607 3259 1684 ἀποδημήσαντος
3318 1609 3389 1670 εἰς
3453 1616 3635 1685 χώραν
3701 1612 3946 1683 μακράν.

560 1696 659 1760 λζ’.
703 1704 830 1772 Περὶ
854 1701 1074 1774 Μάρθας
1103 1704 1192 1751 καὶ
1229 1701 1455 1772 Μαρίας.
1490 1699 1575 1772 (X,
1605 1699 1721 1771 38.)

1144 1704 1192 1751 αἱ
1229 1701 1455 1772 Μαρίας.
1490 1699 1575 1772 (X,
1605 1699 1721 1771 38.)
2505 1697 2644 1767 (XV,
2679 1699 2791 1770 12.)

561 1787 657 1846 λη’.
703 1793 826 1862 Περὶ
855 1798 1182 1862 προσευχῆς.
1218 1789 1321 1860 (XI,
1361 1788 1434 1860 I.)

2247 1798 2291 1853 Β
2325 1785 2424 1844 νη’.
2467 1791 2592 1860 Περὶ
2622 1795 2711 1839 τοῦ
2743 1787 3013 1860 οἰκονόμου
3050 1796 3144 1850 τῆς
3174 1785 3404 1848 ἀδικίας.
3447 1788 3604 1859 (XVI,
3635 1787 3712 1859 1.)

559 1875 653 1940 ).θ’,
697 1883 820 1952 Περὶ
849 1885 941 1930 τοῦ
986 1880 1195 1949 ἔχοντος
1247 1874 1516 1950 δαιμόνιον
1559 1881 1747 1949 κωφόν.
1797 1879 1901 1948 (XI,
1961 1881 2069 1947 14.)
2107 1882 2212 1934 MO.
2324 1875 2420 1928 νϐ’.
2463 1881 2588 1951 Περὶ
2619 1885 2708 1929 του
2737 1876 2986 1929 πλουσίου
3015 1883 3216 1930 καὶτοῦ
3253 1878 3522 1950 Λαζάρου.
3559 1876 3712 1949 (XVI,
3747 1877 3861 1950 19.)

595 1971 597 1974 ⁴
737 1963 848 2037 κβ..

2362 1963 2420 2026 ξ’.
2465 1971 2589 2038 Περὶ
2625 1975 2719 2018 τῶν
2749 1963 2878 2019 δέκα
2907 1967 3118 2040 λεπρῶν.
3151 1968 3329 2034 (XVII,
3372 1969 3480 2037 II.)

594 2053 664 2125 μ’.
707 2059 833 2126 Περὶ
885 2061 974 2114 τῆς
1032 2051 1088 2104 ἐκ
1145 2061 1236 2105 τοῦ
1299 2052 1463 2125 ὄχλου
1524 2052 1782 2124 ἐποροίσης
1839 2059 2028 2128 φωνήν.
2105 2059 2213 2126 (XI,
2327 2053 2421 2117 ξα’.
2465 2060 2589 2128 Περὶ
2619 2063 2709 2108 τοῦ
2733 2064 2914 2132 κριτοῦ
2942 2065 3036 2118 τῆς
3067 2053 3294 2117 ἀδικίας.
3331 2056 3536 2128 (XVIII,
3577 2057 3650 2128 I.)

736 2142 852 2215 27-)
2327 2141 2427 2216 ξβ’.
2471 2149 2596 2218 Περὶ
2643 2153 2733 2197 τοῦ
2796 2149 3083 2219 Φαρισαίου
3141 2151 3230 2198 καὶ
3286 2154 3380 2198 τοῦ
3425 2145 3664 2200 τελώνου.
3717 2147 3932 2216 (XVIII,

559 2229 664 2302 μα’.
705 2235 829 2304 Περὶ
857 2238 958 2282 τῶν
997 2230 1275 2282 αἰτούντων
1301 2238 1532 2304 σημεῖον.
1569 2233 1673 2303 (XI,
1701 2233 1814 2301 29.)
1846 2235 1951 2288 MO.
1981 2231 2080 2306 κγ’.
2505 2235 2582 2306 9.)

558 2318 676 2393 μβ’.
720 2324 847 2394 Περὶ
879 2327 971 2373 τοῦ
1010 2325 1296 2395 Φαρισαίου
1357 2328 1448 2373 τοῦ
1505 2321 1813 2383 καλέσαντος
1851 2326 1938 2374 τὸν
1988 2323 2213 2383 Ἰησοῦν.
2328 2320 2426 2394 57'.
2470 2328 2594 2394 Περὶ
2631 2330 2721 2375 τοῦ
2773 2322 3196 2396 ἐπερωτήσαντος
3251 2323 3507 2377 πλουσίου
3565 2329 3652 2379 τόν
3699 2325 3930 2386 Ἰησοῦν.

695 2462 698 2464 γ
739 2411 848 2481 (Χι,
893 2411 1006 2481 37.)

2503 2412 2710 2484 (xvm,
2750 2413 2860 2482 48.)
2888 2415 2991 2468 MO.
3027 2413 3137 2486 μα’.
3170 2421 3273 2486 Μρ.
3299 2412 3395 2466 κθ.

705 2503 831 2572 Περὶ
871 2505 958 2551 τοῦ
1005 2498 1327 2572 ταλανισμοῦ
1369 2509 1468 2552 τῶν
1500 2509 1742 2573 νομικῶν.
1801 2503 1907 2570 (ΧΙ,
1958 2504 2074 2575 46.)
2107 2506 2212 2560 MO.
2327 2497 2428 2564 ξδ’.
2473 2507 2596 2574 Περὶ
2639 2509 2728 2554 τοῦ
2779 2501 2992 2575 τυφλοῦ.
3053 2503 3265 2574 (XVIII,
3325 2505 3437 2569 35.)
3492 2506 3598 2558 MO.
3653 2501 3766 2578 μδ’.
3819 2514 3927 2583 Μρ.

807 2589 823 2611 I
2503 2591 2521 2608 κ
2567 2589 2579 2603 ν

740 2608 845 2644 νσ.
2505 2609 2567 2642 Λα

558 2675 666 2750 μδ.
710 2682 830 2750 Περὶ
867 2685 962 2739 τῆς
993 2678 1161 2750 ζύμης
1193 2686 1291 2730 τῶν
1323 2685 1640 2752 Φαρισαίων.
1690 2680 1823 2752 (XII,
1864 2683 1936 2754 I.)
1973 2685 2074 2736 MO.
2107 2683 2205 2756 λβ’.

1692 2680 1823 2752 (XII,
1864 2683 1936 2754 I.)
1973 2685 2074 2736 MO.
2107 2683 2212 2756 λβ’.
2327 2679 2412 2742 ξε’.
2457 2685 2580 2755 Περὶ
2609 2688 2701 2732 τοῦ
2731 2686 3024 2753 Ζακχαίου.
3068 2681 3220 2753 (XIX,
3268 2683 3339 2750 I.)

735 2775 840 2841 Μρ.
873 2764 979 2839 κβ’.
2325 2769 2422 2832 ξσ’.
2458 2774 2583 2842 Περὶ
2639 2778 2730 2822 τοῦ
2793 2773 3128 2844 πορευθέντος
3184 2767 3355 2824 λαϐεῖν
3411 2771 3565 2842 ἐαυτῷ
3621 2769 3913 2844 βασιλείαν.

560 2853 654 2928 μὲί.
698 2861 822 2928 Περὶ
860 2861 951 2907 τοῦ
985 2854 1295 2918 θελήσαντος
1343 2859 1664 2931 μερίσασθαι
1715 2863 1809 2916 τὴν
1839 2859 2042 2915 οὐσίαν.
2078 2863 2210 2930 (XII,
2503 2861 2654 2930 (XIX,
2692 2859 2800 2927 12.)

743 2945 852 3016 13.)
2325 2945 2390 3008 ξζ

2325 2944 2420 3008 ξζ.
2463 2953 2588 3022 Περὶ
2617 2958 2712 3000 τῶν
2741 2948 2997 3001 λαϐόντων
3027 2953 3121 3010 τὰς
3153 2946 3284 3002 δέκα
3312 2956 3464 3020 μνᾶς.
3493 2950 3646 3022 (XIX,
3677 2949 3787 3021 I3.)

560 3032 667 3099 μετ’.
711 3038 834 3107 Περὶ
859 3039 969 3100 τοῦ,
1018 3033 1077 3086 οὗ
1118 3033 1396 3108 εὐφόρησεν
1439 3037 1468 3094 ἠ
1516 3041 1692 3110 χώρα,
1734 3036 2011 3097 πλουσίου,
2071 3041 2211 3113 (XII,
2325 3034 2423 3098 En'.
2467 3042 2593 3108 Περὶ
2649 3045 2740 3089 τοῦ
2811 3038 3003 3093 πώλου.
3081 3039 3238 3110 (XIX,
3297 3039 3410 3111 29.)
3477 3042 3584 3096 MO.
3657 3039 3754 3113 μί’.
3811 3047 3920 3114 Μρ.

747 3123 856 3194 16.)
2245 3150 2286 3207 C
2499 3124 2601 3200 λβ.
2631 3132 2714 3182 Ιω.
2751 3123 2838 3180 ιδ’.

560 3209 670 3284 μζ’.
714 3216 839 3285 Περὶ
870 3219 969 3264 τῶν
1002 3211 1282 3265 Γαλιλαίων
1312 3216 1401 3265 καὶ
1444 3221 1542 3265 τῶν
1589 3213 1638 3267 ἐν
1673 3223 1745 3285 τῷ
1797 3215 2020 3292 Σιλωάμ.
2057 3220 2212 3289 (XIII,
2325 3213 2420 3278 ἔθ’.
2465 3221 2587 3288 Περὶ
2656 3225 2755 3267 τῶν
2828 3214 3260 3290 ἐπερωτησάντων
3326 3220 3411 3270 τόν
3499 3221 3689 3292 Κύριον
3772 3217 3933 3291 ἀρχι-

742 3300 818 3371 1.)
1185 3305 1189 3308 ’
2503 3308 2650 3379 ερέων
2721 3310 2809 3357 καὶ
2877 3310 3244 3379 Γραμματέων.
3298 3308 3427 3378 (XX,
3507 3308 3583 3380 I.)
3650 3310 3756 3362 MO.
3815 3308 3930 3381 μη’.

559 3386 666 3462 μη’.
711 3393 836 3464 Περὶ
909 3396 1000 3451 τῆς
1073 3388 1306 3463 ἐχούσης
1388 3399 1591 3466 πνεῦμα
1688 3394 1974 3459 ἀσθενείας.
2051 3397 2212 3468 (XIII,
2501 3401 2606 3467 Μρ-
2639 3392 2722 3450 λε’-

743 3477 855 3550 ιο.)

630 3748 718 3804 29.
761 3747 837 3803 De
874 3747 1303 3821 interrogatione
1333 3750 1550 3805 Domini
1580 3750 1656 3806 ad
1684 3751 1994 3823 discipulos.
2550 3767 2688 3824 sent,
2719 3761 2816 3832 qui
2842 3760 3067 3817 salutem
3095 3769 3565 3834 consequerentur.

628 3838 717 3893 30.
760 3838 838 3892 De
868 3839 1348 3910 transﬁguratione
1367 3839 1514 3894 Iesu.
2394 3854 2480 3907 51.
2523 3850 2599 3905 De
2619 3849 2705 3904 his
2724 3851 2821 3920 qui
2831 3850 3155 3918 suadebant,
3173 3859 3233 3907 ut
3246 3851 3746 3924 secederetpropter
3760 3854 3932 3910 Hero-

627 3927 690 3982 31
705 3969 719 3985 .
761 3929 844 3982 De
871 3927 1127 3982 lunatico.
2530 3939 2666 3995 dem.

627 4016 716 4070 32.
759 4016 836 4070 De
854 4014 1274 4086 disputantibus,
1307 4016 1427 4085 quis
1447 4023 1574 4071 esset
1594 4019 1788 4088 major.
1987 4043 1991 4047 λ
2387 4029 2476 4082 52.
2519 4028 2596 4082 De
2634 4027 2936 4099 hydropico.

630 4108 717 4160 33.
762 4104 836 4158 De
868 4121 922 4157 eo
938 4103 1028 4156 cui
1065 4120 1171 4156 non
1207 4104 1462 4173 permisit
1483 4112 1541 4159 ut
1559 4115 1886 4175 sequeretur.
2391 4121 2475 4172 53.
2509 4120 2585 4172 De
2604 4134 2711 4170 non
2736 4117 2989 4172 amandis
3014 4118 3212 4189 primis
3238 4118 3592 4174 accubitibus.

630 4194 716 4249 34.
760 4193 840 4246 De
863 4192 1157 4262 designatis
1180 4193 1528 4260 septuaginta
1559 4195 1841 4264 apostolis.
2391 4206 2477 4260 54.
2515 4208 2592 4260 De
2614 4206 2866 4261 invitatis
2889 4206 2959 4260 ad
2984 4223 3208 4262 orenam.

630 4282 717 4336 35.
759 4281 836 4334 De
857 4286 1091 4334 tentante
1118 4279 1442 4350 Iegisperito.

2390 4299 2476 4349 55.
2519 4297 2596 4349 De
2623 4295 2984 4365 aediﬁcatione
3008 4298 3187 4350 turris
3207 4297 3489 4367 parabola.

628 4367 716 4423 36.
759 4368 837 4422 De
876 4384 930 4422 eo
963 4369 1059 4438 qui
1085 4368 1352 4422 inciderat
1375 4368 1432 4422 in
1465 4368 1720 4426 latrones.
2392 4382 2476 4437 56.
2520 4383 2598 4438 De
2619 4390 2828 4439 centum
2853 4384 3039 4438 ovibus
3075 4383 3354 4453 parabola.

628 4457 717 4511 37.
759 4457 838 4512 De
863 4457 1085 4514 Martha
1114 4463 1163 4511 et
1201 4457 1410 4511 Maria.
2241 4489 2275 4543 [

2254 4489 2288 4542 [)
2393 4476 2480 4529 57.
2521 4471 2596 4526 De
2621 4471 2824 4526 duobus
2843 4472 2993 4542 ﬁliis,
3014 4489 3241 4544 quorum
3253 4473 3901 4543 juniorlururioseviltit.

627 4545 715 4601 38.
757 4547 836 4600 De
865 4545 1106 4602 oratione
1119 4589 1132 4601 .

2391 4564 2477 4616 58.
2522 4567 2594 4617 De
2618 4561 2982 4632 dispensatore
3014 4563 3217 4632 iniquo.

626 4636 714 4690 39.
759 4634 826 4687 De
850 4634 1009 4703 ejecto
1032 4634 1303 4688 daemonio
1333 4641 1498 4690 muto.

1485 4676 1498 4688 -
2389 4650 2474 4705 59.
2519 4651 2594 4705 De
2632 4651 2798 4706 divite
2821 4658 2874 4706 et
2901 4654 3132 4707 Lai-aro.

624 4725 712 4778 40.
754 4722 836 4777 De
858 4721 1103 4785 muliere,
1132 4739 1251 4811 qua?
1270 4722 1332 4777 de
1372 4725 1535 4779 turba
1558 4741 1731 4782 vocem
1755 4730 1984 4787 extulit.
2387 4741 2476 4794 60.
2519 4742 2594 4795 De
2621 4740 2795 4795 decem
2827 4741 3072 4811 leprosis.

625 4815 715 4868 41.
754 4812 836 4865 De
868 4811 952 4865 his
976 4811 1070 4881 qui
1096 4810 1308 4880 signum
1339 4813 1609 4882 petebant.
2387 4829 2473 4883 61.
2521 4829 2600 4884 De
2612 4829 2806 4897 judice
2835 4810 3039 4900 iniquo.

621 4901 710 4956 42.
752 4901 831 4954 De
871 4899 1148 4955 Pharist
1171 4901 1267 4969 qui
1301 4901 1593 4956 Dominum
1619 4903 1906 4962 invitavit.

1694 4905 1906 4962 vitavit.
2387 4921 2475 4975 6'2.
2518 4918 2597 4973 De
2625 4899 2986 4974 Pharisaeoiet
3024 4919 3341 4976 Publicano.

619 4989 708 5043 43.
753 4989 823 5042 De
851 4986 1218 5057 deploratione
1251 4988 1702 5060 legisperitorum.

2386 5007 2471 5063 63.
2515 5007 2592 5062 De
2624 5007 2816 5074 divite,
2848 5008 2946 5078 qui
2975 5009 3265 5066 Dominum
3292 5011 3677 5082 interrogavit.

621 5077 714 5134 44.
761 5079 846 5132 De
882 5077 1147 5149 fermento
1190 5076 1638 5138 Pharisaeorum.

1123 5094 1147 5132 ο
1190 5076 1638 5138 Pharisaeorum.
2387 5100 2472 5153 64.
2515 5097 2592 5151 De
2610 5111 2770 5153 caeco.

619 5169 712 5221 45.
761 5166 832 5220 De
860 5181 916 5219 eo
931 5165 1027 5237 qui
1050 5165 1259 5222 volebat
1287 5167 1530 5224 dividere
1549 5170 1944 5233 hisreditatem.

1250 5171 1259 5219 ξ
1287 5167 1530 5224 dividere
1549 5170 1944 5233 hmreditatem.
2383 5186 2472 5240 65.
2516 5185 2592 5239 De
2622 5186 2897 5242 Zacchazo.

619 5254 705 5310 46.
746 5255 824 5311 De
849 5254 1019 5310 divite
1052 5255 1204 5326 ctq'us
1225 5272 1354 5326 ager
1383 5259 1549 5328 ferae;
1576 5260 1702 5327 fuit.

2385 5277 2471 5330 66.
2517 5275 2594 5330 De
2625 5275 2832 5330 homine
2881 5277 2977 5346 qui
2999 5276 3276 5348 profectus
3313 5284 3410 5344 est,
3439 5284 3499 5334 ut
3527 5280 3787 5350 acciperet
3809 5279 3918 5335 sibi

615 5346 706 5399 47.
747 5345 818 5397 De
841 5342 1088 5399 Galilaeis
1116 5351 1164 5398 et
1196 5344 1265 5397 iis
1289 5346 1385 5416 qui
1423 5347 1481 5400 in
1521 5346 1685 5415 Siloa,
1717 5356 1826 5406 etc.
2527 5379 2774 5434 regnum.

617 5435 704 5488 48.
750 5431 831 5527 ρο
849 5433 1079 5486 muliere
1109 5440 1390 5489 contracta
1427 5436 1695 5507 spiritum
1739 5439 2084 5512 inﬁrmitatis
2112 5447 2201 5503 ha-
2385 5454 2470 5508 67.
2514 5431 2704 5508 De‘his
2741 5455 2838 5524 qui
2873 5453 3047 5508 decem
3077 5453 3253 5509 minas
3288 5463 3626 5527 acceperunt.

759 5520 931 5591 bente.
2383 5547 2406 5598 6

2383 5543 2469 5598 68.
2511 5543 2590 5597 De
2609 5520 2776 5612 pullo.

615 5609 704 5664 49.
747 5607 1143 5679 Deparabolis.
1194 5647 1196 5650 μ

2381 5630 2467 5688 69.
2510 5630 2588 5686 De
2605 5607 2974 5688 sacerdotibus
2989 5639 3037 5687 et
3054 5632 3251 5688 scribis
3267 5650 3328 5689 ac
3345 5634 3667 5703 senioribus,
3687 5635 3783 5707 qui
3803 5635 3916 5693 Do-

617 5698 701 5753 50.
745 5698 828 5755 De
851 5713 910 5756 eo
928 5699 1026 5772 qui
1051 5700 1346 5757 Dominum
1384 5702 1780 5776 interrogabat,
1821 5725 1896 5765 an
1913 5714 2092 5783 pauci
2120 5731 2194 5770 es-
2519 5720 2726 5776 minum
2756 5719 3194 5794 interrogabant.
