4170 6364
566 316 673 372 859

566 535 618 587 et
645 532 1020 602 dogmatum.
1081 535 1196 590 Hoc
1232 543 1432 596 autem
1463 541 1727 596 scribens
1751 542 2023 608 ostendit,
2051 543 2216 616 quod

563 620 685 692 ipse
709 621 818 676 illis
869 626 1161 694 posterior
1189 627 1262 682 ad
1313 628 1515 700 ipsum
1547 632 1923 687 accessisset:
1957 632 2213 705 ideoque

561 709 692 765 haec
722 709 927 766 abillis
952 713 1258 782 didicerat,
1283 717 1387 788 qui
1414 735 1645 792 semper
1665 737 1802 776 cum
1835 721 2066 778 Christo
2091 721 2215 778 tue-

559 803 718 866 rant,
747 814 816 854 ac
843 800 1081 871 singula
1105 803 1450 862 viderantet
1474 808 1822 880 audierant;
1855 810 2212 867 dicitautem

560 900 663 941 eos
692 886 1038 960 discipulos,
1066 893 1170 964 qui
1200 909 1230 949 e
1263 894 1635 953 duodenario
1684 899 1915 955 fuerunt
1935 917 2208 957 numero.

560 975 821 1032 Verbum
892 995 1027 1035 vero
1055 981 1327 1052 intelligit
1386 985 1484 1041 hic
1526 986 1838 1054 Christum,
1895 990 1991 1059 qui
2022 990 2211 1046 abhis

558 1079 665 1135 per
689 1065 1166 1126 incarnationem
1197 1087 1268 1127 ac
1294 1073 1726 1132 humanitatem
1775 1079 1933 1134 visus
1971 1085 2074 1135 est.
2104 1081 2209 1136 Mi-

557 1154 777 1210 nistros
802 1172 1045 1230 quoque
1069 1160 1175 1216 hos
1200 1163 1552 1231 nominavit,
1588 1172 1788 1238 utpote
1834 1169 2134 1226 auditores
2154 1175 2210 1227 et

557 1243 633 1298 ad
660 1244 800 1300 ﬁdei
831 1247 1310 1318 praedicationem
1335 1254 1606 1310 emissos.

629 1332 788 1388 Vers.
842 1340 894 1391 3.
938 1337 1118 1393 Visum
1164 1348 1238 1395 est
1267 1375 1334 1383 —
1388 1344 1698 1416 Theophz'le.
1726 1350 2031 1405 Asseculin
2092 1350 2207 1405 hoc

550 1435 684 1492 loco
702 1439 804 1494 pro
830 1427 1168 1496 cognitione
1201 1434 1498 1491 sumenda
1524 1442 1636 1492 est.
1687 1440 1910 1495 Cuncta
1939 1441 2209 1495 videlicet

554 1525 737 1580 opera
768 1513 1092 1571 Salvatoris
1123 1534 1192 1574 ac
1219 1537 1545 1583 sermones.
1605 1527 1752 1583 Dicit
1795 1545 1936 1601 ergo
1967 1547 1982 1584 :
2023 1529 2206 1584 Visum

552 1605 628 1652 est
652 1608 704 1655 et
755 1603 909 1670 mihi,
939 1605 1054 1660 hoc
1107 1616 1212 1673 est,
1239 1614 1488 1684 Equum
1559 1617 1836 1688 apparuit
1882 1618 2040 1684 mihi,
2105 1619 2205 1691 qui

551 1694 766 1745 cuncta
814 1707 849 1746 a
889 1694 1178 1766 principio
1209 1708 1484 1757 accurate
1523 1707 1794 1777 cognovi,
1844 1708 2046 1762 ordine
2097 1708 2199 1763 tibi

1883 327 2234 384 EUTHYMII
2275 329 2603 386 ZIGABENI

637 443 800 498 Vers.
833 447 885 499 2.
907 445 1070 500 Sicut
1097 448 1355 506 -verbi.
1387 451 1433 504 A
1463 449 1758 523 principio
1789 453 2214 509 miraculorum
2247 452 2289 506 A

3835 327 3952 383 860

2400 457 2584 518 Καθὼς
2640 487 2706 496 -
2756 455 2932 528 λόγου.
2991 456 3106 508 Ἀπ’
3145 455 3323 531 ἀρχῆς
3371 464 3471 508 τῶν
3524 455 3800 527 θαυμάτων
3844 457 3945 506 καὶ

2327 551 2424 594 τῶν
2457 540 2754 617 δογμάτων.
2804 553 2968 598 Τοῦτο
3015 542 3073 598 δὲ
3121 546 3349 619 γράψας,
3407 542 3597 607 ἔδειξεν
3652 546 3726 596 ὅτι
3772 542 3938 605 αὑτός

2323 631 2532 707 ὕστερος
2556 633 2755 686 ἐκείνων
2808 634 3081 707 ἐφοίτησεν
3130 634 3272 705 αύτῷ
3321 653 3332 664 ·
3383 631 3470 687 διὸ
3525 639 3614 686 καὶ
3665 633 3790 708 παρ’
3840 631 3940 684 αύ-

2321 730 2421 772 τῶν
2451 725 2607 794 ἔμαθε
2644 731 2832 790 ταῦτα,
2882 720 2974 776 διὰ
3025 727 3216 785 παντὸς
3267 729 3521 776 συνόντων
3563 731 3633 793 τῷ
3687 730 3931 795 Χριστῷ,

2321 824 2408 871 καὶ
2457 821 2688 895 ὁρώντων
2736 827 2826 874 καὶ
2866 821 3154 874 ἀκουόντων
3211 823 3408 875 ἕκαστα
3451 864 3463 876 .
3512 823 3646 893 λέγει
3701 817 3759 873 δὲ
3808 823 3934 880 τοὺς

2320 916 2411 968 τῆς
2461 905 2769 972 δωδεκάδος
2797 919 2896 963 τῶν
2941 914 3208 984 μαθητῶν.
3266 915 3434 983 Λόγον
3469 908 3528 964 δὲ
3575 913 3661 962 τὸν
3691 913 3931 982 Χριστόν

2321 995 2540 1050 ἐνταῦθα
2585 1019 2761 1070 φησιν,
2817 1002 3068 1073 ὁραθέντα
3122 1003 3318 1062 τούτοις
3399 997 3492 1053 διὰ
3531 1008 3623 1060 τῆς
3674 998 3932 1073 ἐνανθρω-

2318 1092 2388 1146 πή
2401 1107 2529 1150 σεως
2562 1110 2574 1122 ·
2609 1092 2869 1165 ὑπηρέτας
2900 1088 2959 1144 δέ
2985 1094 3196 1152 τούτους
3227 1091 3512 1163 ὠνόμασεν,
3540 1091 3609 1152 ὠς
3638 1091 3926 1153 ὑπηκόους,

2319 1182 2408 1228 καὶ
2466 1181 2530 1239 ὡς
2591 1179 2976 1243 ἀποσταλέντας
3055 1181 3122 1241 εἰς
3195 1183 3252 1232 τὸ
3314 1187 3562 1256 κήρυγμα
3629 1187 3724 1241 τῆς
3801 1183 3932 1231 πίσ-

2316 1284 2460 1326 τεως.

2386 1352 2573 1418 Ἔδοξε
2628 1389 2695 1397 -
2757 1358 3022 1432 Θεόφιλερ.
3074 1359 3536 1434 Παρακολούθησιν
3572 1363 3664 1416 τὴν
3721 1364 3926 1428 γνῶσιν

2317 1443 2635 1502 ὑποληπτέον
2675 1448 2759 1500 ἐπὶ
2783 1455 2871 1500 τοῦ
2897 1453 3149 1523 παρόντος
3174 1451 3356 1525 ῥητοῦ.
3387 1455 3529 1501 Πᾶσι
3556 1444 3634 1512 δὲ,
3675 1454 3786 1507 τοῖς
3828 1449 3924 1518 ἔρ-

2314 1553 2427 1603 γοις
2456 1540 2545 1587 καὶ
2573 1535 2747 1607 λόγοις
2771 1533 3015 1594 δηλονότι
3041 1546 3132 1590 τοῦ
3159 1546 3413 1612 Σωτῆρος.
3445 1536 3667 1618 meo.»
3699 1532 3776 1600 δὲ,
3799 1533 3920 1588 ἀντὶ

2312 1630 2424 1688 τοῦ,
2456 1623 2566 1676 Ἀπε
2597 1623 2768 1696 ἀρχῆς
2814 1627 3007 1684 αὐτῶν.
3049 1632 3201 1698 Λέγει
3229 1635 3354 1698 γοῦν
3386 1628 3462 1678 ὅτι
3499 1622 3682 1686 Ἔδοξε
3726 1623 3915 1696 κάμοὶ,

2311 1717 2600 1782 τουτέστιν,
2625 1712 2840 1788 ἀρεστόν
2873 1715 3050 1788 ἐφάνη.
3081 1721 3250 1787 γνόντι
3271 1715 3359 1768 ἀπ’
3390 1712 3566 1788 ἀρχῆς
3590 1717 3761 1766 πάντα
3780 1717 3916 1786 πρὸς

549 1776 824 1834 scribere.
856 1782 1077 1840 Deinde
1101 1787 1279 1843 etiam
1313 1776 1613 1849 scribendi
1641 1811 1892 1852 causam
1933 1798 2122 1855 addit.

2311 1798 2594 1872 ἀκρίϐειαν,
2643 1776 2858 1867 καθεξῆς
2904 1776 2990 1858 σοι
3019 1806 3240 1879 γράψαι.
3276 1803 3404 1860 Εἶτα
3439 1806 3766 1876 προστίθησι
3820 1809 3914 1856 καὶ

617 2007 658 2076 -ι-
698 2007 800 2063 Hic
832 2013 1106 2067 senatorii
1137 2019 1265 2070 erat
1284 2017 1526 2087 ordinis,
1559 2028 1614 2078 et
1664 2023 1930 2087 fortassis
1990 2038 2193 2106 pra-fe-

545 2099 692 2150 ctus.
720 2097 950 2153 Strenui
981 2101 1138 2157 enim
1161 2119 1382 2161 nomen
1408 2109 1484 2163 ad
1511 2115 1798 2182 praesides
1817 2136 1885 2176 ac
1912 2097 2194 2193 primates

544 2184 849 2241 dicebatur
873 2207 885 2245 :
915 2189 1070 2245 sicut
1091 2196 1145 2247 et
1161 2192 1381 2250 Paulus
1402 2198 1481 2254 ait
1505 2202 1579 2256 ad
1598 2184 2188 2274 praesidem-Festum:

542 2273 772 2329 Strenue
796 2275 946 2332 Feste
964 2280 1004 2332 ί.
1024 2279 1228 2337 Omnis
1251 2285 1426 2342 etiam
1449 2273 1654 2359 homo,
1684 2298 1780 2368 qui
1799 2299 1982 2358 Deum
2005 2313 2187 2376 amat,

543 2369 785 2435 sumpta
807 2367 1093 2424 adversus
1123 2371 1460 2432 affectiones
1476 2378 1834 2452 fortitudine,
1860 2389 1974 2447 dici
1991 2367 2187 2466 potest

539 2458 814 2548 strenuus
861 2458 1216 2531 Theophilus
1277 2479 1347 2519 ac
1412 2467 1650 2541 dignus,
1706 2477 1808 2548 qui
1857 2458 2183 2546 doctrinam

537 2541 744 2598 audiat
761 2547 1161 2615 evangelicam
1178 2593 1190 2606 .

607 2631 768 2687 Vers.
797 2637 848 2689 4.
901 2638 969 2691 Ut
991 2669 1058 2678 —
1083 2643 1492 2703 certitudinem.
1525 2652 1592 2706 Ut
1621 2667 1980 2725 agnoscens,
2015 2665 2186 2723 vehe-

535 2723 793 2829 mentius
824 2739 1165 2829 sermonum
1202 2731 1344 2829 fidei
1375 2737 1722 2798 certitudine
1763 2723 2004 2818 rapiaris
2035 2754 2177 2829 (bb);

532 2808 606 2863 de
661 2811 1173 2906 quibusimbutus
1196 2819 1412 2890 fueras,
1443 2827 1583 2896 sive,
1605 2832 1674 2887 de
1694 2808 1908 2906 quib‘us
1938 2808 2181 2902 edoctus

530 2912 613 2965 es,
646 2904 796 2954 nete
823 2900 987 2992 fallat
1034 2909 1316 2980 narratio,
1364 2930 1550 2985 quam
1581 2900 1749 2980 multi
1807 2900 2182 2992 tentaverunt

529 2992 801 3052 retexere,
841 2990 990 3046 sicut
1014 2999 1281 3066 superius
1300 3001 1668 3066 declaratum
1705 3020 1806 3070 est.

566 3090 574 3100 '
600 3077 758 3174 Yers.
790 3079 843 3131 5.
872 3079 1008 3135 Fuit
1031 3115 1104 3182 —.
1124 3085 1444 3147 Zacharias.
1473 3097 1701 3157 Patrem
1729 3104 2176 3182 dicitBaptistae.

527 3163 789 3221 Primum
810 3175 1008 3226 autem
1031 3173 1392 3237 admiranda
1406 3187 1669 3256 exponit,
1691 3208 1827 3265 qua:
1849 3163 2006 3256 circa
2032 3205 2180 3259 Prae-

527 3255 785 3360 cursoris
839 3268 1196 3333 conceptum
1253 3283 1322 3323 ac
1391 3255 1756 3338 nativitatem
1815 3288 2174 3360 acciderunt,

525 3341 969 3451 demonstrans,
1003 3353 1168 3422 quod
1195 3358 1391 3416 statim
1423 3362 1494 3417 ab
1527 3371 1770 3428 exordio
1807 3341 1937 3433 vitae

524 3437 670 3536 erat,
705 3433 808 3536 qui
839 3435 1134 3498 Christum
1161 3449 1556 3523 annuntiaret,
1576 3460 1910 3536 populoque
1930 3433 2176 3529 demoti:

523 3523 753 3578 straret.

593 3610 744 3710 Quia
776 3628 917 3672 vero
943 3632 1015 3674 ea
1052 3629 1397 3683 narraturus
1440 3641 1531 3688 est
1572 3650 1702 3708 quae
1725 3643 1888 3714 apud
1933 3645 2174 3707 Judmos

521 3699 916 3799 contigerunt,
945 3709 1150 3799 merito
1180 3729 1423 3789 quoque
1452 3699 1620 3792 ponit
1648 3699 1782 3799 pra;
1801 3699 2173 3796 oculis

520 3801 634 3858 pus
661 3791 904 3887 iierodis
933 3798 1110 3868 regis,
1145 3807 1208 3858 ut
1237 3809 1294 3860 et
1324 3791 1558 3882 tempus
1587 3791 1821 3876 illarum
1849 3791 2172 3887 rerumﬂhat

517 3878 928 3990 manifestum:
956 3889 1254 3990 ‘lierodem
1298 3878 1498 3955 autem
1538 3901 1809 3978 intelligit
1850 3878 2049 3979 eum,_

516 3965 774 4024 infantes
806 3974 1040 4072 oecidit,
1083 3986 1312 4075 patrem
1358 3985 1514 4045 illius
1571 3965 1835 4066 Herodis,

516 4070 821 4114 cursorem
855 4061 1168 4122 interemit.

2305 1894 2400 1948 τὴν
2434 1891 2605 1943 αἰτίαν
2634 1901 2724 1953 τῆς
2752 1903 2978 1966 γραφῆς.

2375 1981 2461 2050 -Ηο
2504 1981 2695 2051 [Θῦτος
2725 1982 2801 2054 (6)
2837 1983 3180 2054 συγκλητικὸς
3219 1981 3280 2042 ἧν
3318 1989 3410 2035 καὶ
3443 1985 3626 2058 ἄρχων
3657 1985 3807 2042 ἴσως.
3836 1986 3908 2035 Τό

2302 2070 2403 2141 γὰρ
2443 2073 2722 2138 κράτιστος
2747 2071 2830 2123 ἐπὶ
2862 2081 2960 2124 τῶν
3015 2071 3283 2147 ἀρχόντων
3322 2079 3412 2124 καὶ
3450 2074 3714 2144 ἡγεμόνων
3747 2070 3908 2142 ἐλέγε-

2300 2176 2377 2210 το.
2408 2157 2495 2219 Ὠς
2519 2165 2607 2211 καὶ
2640 2162 2664 2211 ό
2693 2160 2894 2223 Παῦλός
2950 2181 3081 2234 φησι
3121 2165 3251 2236 πρὸς
3279 2165 3367 2214 τὸν
3408 2164 3638 2232 ἡγεμόνα
3675 2167 3903 2226 Φῆστον,

2304 2248 2558 2319 Κράτιστε
2587 2255 2776 2308 Φῆστε.
2835 2255 2933 2303 Καὶ
2972 2257 3069 2312 πᾶς
3110 2247 3168 2303 δὲ
3214 2252 3482 2324 ἄνθρωπος
3524 2249 3782 2322 θεοφιλὴς,
3812 2256 3903 2303 καὶ

2298 2337 2487 2406 κράτος
2530 2339 2664 2388 κατά
2711 2346 2809 2389 τῶν
2854 2341 3030 2390 παθῶν
3085 2335 3480 2412 ἀναδεξάμενος,
3519 2338 3758 2410 Θεόφιλός
3789 2337 3900 2391 ἐστι

2296 2427 2593 2493 κράτιστος,
2630 2428 2685 2489 ός
2709 2432 2798 2479 καὶ
2829 2428 2974 2490 ἄξιος
2996 2436 3069 2499 τῷ
3093 2433 3197 2480 ὄντι
3223 2433 3364 2481 ἐστὶν
3388 2427 3589 2480 ἀκούειν
3614 2435 3704 2480 τοῦ
3730 2427 3896 2496 Εύαγ-

2293 2512 2486 2584 γελίου.
2515 2513 2536 2588 ]

2362 2601 2472 2655 Ἵνα
2505 2635 2569 2644 -
2600 2604 2901 2677 ἀσφάλειαν.
2933 2606 3044 2660 Ἵνα
3072 2605 3303 2678 ἐπιγνῷς,
3339 2608 3421 2658 ἶνα
3445 2605 3593 2658 πλέον
3609 2607 3890 2677 κατάσχης

2292 2696 2386 2749 τὴν
2433 2691 2714 2765 ἀσφάλειαν
2745 2703 2841 2747 τῶν
2883 2695 3045 2764 λόγων
3074 2705 3170 2758 τῆς
3199 2700 3440 2760 πίστεως,
3473 2699 3588 2769 περὶ
3616 2696 3681 2746 ὧν
3715 2714 3885 2752 κατη-

2289 2784 2490 2851 χήθης,
2525 2787 2682 2853 ἤγουν
2703 2788 2820 2857 περὶ
2850 2786 2918 2836 ὧν
2949 2782 3275 2856 ἐδιδάχθης,
3302 2787 3437 2837 ὥστε
3471 2789 3541 2856 μὴ
3568 2783 3882 2855 σφάλλεσθαί

2293 2888 2350 2921 σε
2379 2878 2439 2942 τῇ
2498 2868 2769 2943 διηγήσει,
2803 2873 2862 2930 ἣν
2892 2873 3070 2926 πολλοὶ
3118 2872 3466 2947 ἐπεχείρησαν
3506 2871 3870 2936 ἀνατάξασθαι,

2289 2960 2462 3020 καθὼς
2499 2958 2730 3034 ἀνωτέρω
2759 2958 3077 3019 δεδήλωται.

2364 3048 2594 3119 Ἐγένετο
2624 3082 2692 3090 —
2713 3057 3008 3126 Ζαχαρίας.
3037 3055 3133 3104 Τόν
3159 3056 3358 3125 πατέρα
3385 3050 3520 3122 λέγει
3545 3057 3637 3103 τοῦ
3660 3057 3880 3102 Βαπτισ-

2217 3165 2258 3222 C
2289 3144 2400 3189 τοῦ.
2437 3140 2802 3212 Προεκτίθεται
2828 3137 2886 3192 δὲ
2910 3143 2976 3192 τὰ
3013 3143 3148 3193 κατὰ
3185 3145 3278 3199 τὴν
3315 3139 3572 3210 σύλληψιν
3600 3144 3686 3191 καὶ
3710 3142 3892 3210 γέννη-

2291 3245 2372 3278 σιν
2393 3235 2484 3278 τοῡ
2533 3225 2842 3302 Προδρόριου
2881 3227 3178 3303 παράδοξα,
3218 3237 3486 3303 παριστών
3521 3231 3600 3282 ὅτι
3650 3229 3805 3290 εὑθὺς
3835 3227 3891 3280 ἐκ

2286 3321 2569 3389 προοιμίων
2609 3325 2701 3378 τῆς
2742 3319 2877 3378 ζωῆς
2929 3317 3227 3381 ἀξιόπιστος
3267 3315 3347 3384 ἦν,
3396 3316 3758 3390 καταγγέλλων
3796 3323 3891 3370 καὶ

2287 3401 2637 3458 ὑποδεικνύων
2663 3409 2749 3458 τὸν
2789 3411 3017 3482 Χριστόν
3048 3416 3120 3480 τῷ
3147 3407 3273 3479 λαῷ.

2356 3586 2496 3636 Ἐπεὶ
2527 3581 2585 3635 δὲ
2607 3582 2681 3655 (7)
2742 3587 2860 3659 περὶ
2905 3591 3005 3636 τῶν
3048 3586 3193 3657 ποιρά
3235 3591 3337 3645 τοῖς
3392 3579 3677 3648 Ἰουδαίόις
3728 3604 3884 3658 γεγε-

2282 3675 2507 3742 νημένων
2576 3667 2946 3744 διηγήσασθαι
3004 3673 3196 3746 μέλλει,
3254 3680 3714 3746 παρασημειοῦται
3793 3678 3880 3726 τόν

2281 3764 2460 3833 καιρόν
2509 3768 2602 3822 τῆς
2639 3757 2876 3836 Ἡρώδου
2931 3760 3205 3834 βασιλειας
3261 3761 3488 3826 εἰκότως,
3526 3764 3609 3815 ἵνα
3663 3767 3880 3834 γένηται

2281 3845 2438 3911 δῆλος
2467 3854 2552 3902 καὶ
2587 3851 2611 3902 ό
2649 3854 2836 3924 χρόνος
2865 3849 3031 3902 αὐτῶν
3172 3848 3406 3924 Ὀρώδην
3430 3849 3488 3904 δε
3512 3855 3616 3905 νόει
3643 3855 3732 3904 τὸν
3757 3851 3878 3926 βρε-

2280 3943 2542 4011 φοκτόνον,
2573 3942 2659 3992 τόν
2689 3943 2889 4012 πατέρα
2909 3937 3168 4012 Ἡρώδου,
3197 3949 3287 3994 τοῦ
3315 3940 3569 4002 ἀνελόντος
3608 3944 3696 3993 τόν
3745 3945 3878 4016 Πρό-

2279 4023 2495 4100 δρόμον.

2350 4115 2435 4178 Ἐξ
2453 4115 2727 4190 ἐφημερίας
2760 4116 2930 4172 Ἀϐιά.
2955 4116 3266 4192 Ἐφήμερίαν
3297 4117 3509 4172 ἐκάλουν
3525 4123 3620 4177 τὴν
3651 4116 3874 4192 ἑϐδομα-

2277 4199 2455 4257 διαίαν
2483 4204 2823 4281 λειτουργίαν.
2866 4209 2964 4259 Δνὸ
2985 4209 3084 4283 γὰρ
3110 4204 3242 4266 ἦσαν
3272 4213 3387 4261 τότε
3417 4210 3567 4282 ἱερεῖς
3602 4215 3696 4260 τοῦ
3727 4216 3870 4275 ναοῦ,

2275 4291 2502 4352 ἀλλήλων
2541 4293 2575 4348 δ
2581 4293 2814 4369 ιοὶδοχοι.
2845 4297 2998 4352 ’Λϐιά
3021 4303 3112 4350 καὶ
3143 4302 3410 4371 Ζαχαρίας
3566 4297 3651 4360 Ἐξ
3690 4298 3871 4371 ἐφημε-

2271 4387 2384 4457 ρίας
2410 4379 2502 4436 οὖκ
2535 4383 2705 4452 Ἀϐιά,
2739 4389 2900 4458 ἤγουν
2937 4389 3067 4459 μετά
3099 4391 3194 4445 τὴν
3225 4385 3501 4460 ἐφημερίσιν
3543 4385 3717 4455 Ἀϐιά,
3755 4406 3868 4440 τον-

511 4417 782 4478 videlicet
813 4429 870 4481 et
926 4427 1264 4493 Barachias.
1325 4443 1407 4498 Ex
1433 4446 1559 4504 vice
1607 4451 1788 4522 igitur
1814 4459 1981 4530 Abia,
2014 4417 2164 4534 sive:

511 4513 645 4569 post
675 4511 859 4568 vicem
889 4517 1056 4569 Abin.
1091 4521 1147 4569 id
1191 4533 1277 4569 net
1323 4537 1643 4569 mmmam...
1678 4541 1786 4569 ρης
1832 4549 1924 4569 ιι--

2293 4417 2383 4443 ιινιδ
2410 4417 2502 4436 vva.
2550 4417 2705 4452 ιιυιυι,
2741 4417 2900 4458 ιΓΙυυν
2937 4417 3038 4459 [lati

2293 4476 2438 4539 ·έστι,
2466 4469 2726 4546 διάδοχος
2749 4483 2840 4528 τοῦ
2867 4474 3038 4528 ’Δϐιά.

510 4513 645 4614 ροὶι
675 4511 859 4568 vicem
889 4517 1056 4586 Abia,
1091 4521 1151 4579 id
1191 4533 1296 4594 est,
1322 4511 1664 4595 succedens:
1677 4541 1788 4614 ipsi
1817 4511 1988 4609 Abia’.

581 4598 742 4702 Vers.
771 4603 821 4657 5.
854 4605 935 4661 Et
964 4639 1032 4650 —
1063 4613 1260 4702 Aaron.
1296 4621 1336 4673 E
1377 4629 1629 4694 posteris
1657 4598 2161 4702 Aaron-._i;emon-

510 4689 715 4792 stravit
740 4706 902 4762 ergo,
918 4701 1089 4792 quod,
1101 4689 1434 4766 Praecursor
1444 4730 1479 4769 a
1492 4689 2160 4792 sacerdotali—dmoen‘dit

506 4774 683 4844 tribu,
711 4794 833 4880 non
870 4791 1204 4848 secundum
1245 4804 1476 4866 patrem
1527 4811 1780 4877 tantum,
1814 4817 1916 4871 sed
1981 4774 2157 4880 etiam

506 4868 839 4927 secundum
873 4881 1123 4936 matrem
1148 4899 1161 4934 :
1191 4888 1248 4940 et
1278 4889 1553 4964 utrinque
1582 4903 1960 4963 sacerdotalis
1998 4919 2148 4973 erat.

567 4965 585 5000 ί
611 4966 737 5022 Act.
768 4985 927 5040 xxvx,
957 4976 1045 5032 25.

2345 4567 2548 4614 Καὶ-
2604 4563 2820 4638 Ἀαρών.
2887 4564 2974 4618 Ἐκ
3026 4565 3125 4616 τῶν
3189 4563 3449 4638 ἀπογόνων
3497 4572 3588 4617 τοὺ
3643 4565 3852 4634 ’Λαρών-

2270 4647 2495 4713 Ἔδειξεν
2548 4649 2640 4704 οὔκ
2671 4654 2751 4705 ὅτι
2801 4655 2825 4704 ό
2857 4650 3165 4728 Πρόδρομος
3218 4652 3272 4706 ἐκ
3330 4661 3426 4715 τῆς
3479 4656 3725 4728 ἱερατικῆς
3762 4669 3850 4700 κα-

2269 4744 2450 4810 τὴγετο
2517 4741 2678 4812 φυλῆς
2735 4742 2793 4794 οὑ
2880 4746 3015 4794 κατά
3075 4747 3159 4796 τόν
3236 4747 3436 4816 πατέρα
3500 4748 3674 4815 μόνον,
3734 4738 3860 4792 ἀλλά

2269 4833 2358 4880 καὶ
2415 4832 2550 4882 κατά
2605 4836 2698 4890 τὴν
2773 4835 2992 4905 μητέρα,
3047 4837 3137 4885 καὶ
3197 4831 3553 4907 ἀμφοτέρωθεν
3612 4833 3866 4907 ἱερατικὸς

2275 4913 2298 4933 ν

2269 4937 2349 4976 ην.

1702 5070 1923 5143 Variae
1963 5079 2289 5154 lectiones
2331 5098 2397 5154 et
2444 5098 2647 5156 notae.

576 5167 1362 5277 acumimeqrum
1392 5201 1681 5277 agnoscit.
1712 5205 1906 5264 Edidit
1936 5212 2064 5269 haec
2089 5231 2158 5272 ex

503 5243 773 5313 margine
806 5248 893 5303 sui
942 5253 1162 5311 codicis
1210 5243 2064 5346 Héﬁeﬁ‘iJsT'ﬁé'p'éiiiZ"sﬂﬁf
2087 5243 2158 5344 ἓξ

500 5310 960 5368 Theonhvlacto-
988 5340 1046 5368 n.
1086 5331 1187 5368 θοῇ
1243 5334 1280 5368 ρ

587 5315 960 5386 eophylacto,
988 5340 1047 5395 p.
1086 5331 1207 5396 293,
1243 5315 1301 5388 (ᾖ.

544 5490 1142 5592 .SbePE:IPP?‘§r"8-
1161 5511 1238 5592 .1“
1281 5513 1480 5592 δηεείξρ
1525 5525 1798 5592 expedita
1849 5536 1984 5586 sunt
2025 5550 2151 5592 0m-

496 5565 597 5617 nia
611 5606 634 5644 ._
661 5565 728 5618 Ut
745 5565 1098 5645 cognoscas,
1115 5584 1176 5632 ut
1201 5565 2145 5712 ιηδνςὶξᾶἧιιῶ-ὧξῖιόδιιξὸίέεοιξέῗέ

498 5636 906 5694 certitudinem
961 5659 1301 5707 sermonum
1362 5657 1400 5710 ﬁ
1450 5661 1516 5712 ei.
1590 5669 1855 5712 nlernrnc
1919 5675 2145 5712 viriut-n-

498 5636 906 5694 certitudinem
961 5636 2146 5738 sermonumu_tid3i.m-nterp;e;

2342 5219 2418 5297 (7)
2458 5226 2591 5297 Top»,
2622 5221 2800 5278 etiam
2834 5227 2970 5280 ante
3009 5229 3146 5297 περὶ,
3179 5224 3365 5280 habet
3402 5227 3477 5283 A.

2339 5295 2413 5361 (8)
2454 5292 2652 5356 Αὐτῶν,
2683 5310 2752 5348 ex
2793 5292 3153 5352 correctione
3193 5298 3253 5352 Β.
3287 5297 3478 5351 Αὑτοῦ.
3509 5296 3576 5349 Α.

2336 5362 2412 5434 (9)
2453 5369 2724 5436 Βαραχίας
2749 5367 3086 5423 Henlenius.

2258 5539 2496 5610 legisse,
2562 5544 2644 5595 ῖνα
2699 5542 2938 5629 ἐπιγνούς
2975 5544 3266 5628 πλεονάσης
3400 5544 3710 5629 ἀσςηιιιιλείᾳε

2254 5629 2346 5736 ρει,
2370 5629 2573 5692 quam
2616 5631 2722 5670 nos
2753 5617 3052 5672 edidimus
3097 5617 3290 5674 verior
3327 5617 3416 5674 est
3473 5617 3633 5676 haud
3671 5617 3863 5675 dubie

2275 5690 2441 5739 ectio.

2275 5700 2441 5742 θοιιο.
