4170 6364
265 329 375 386 861

1432 325 1784 382 COMMENT.
1830 324 1899 379 IN
1937 323 2203 380 LUCAM.
2247 356 2314 364 —
2345 322 2497 379 CAP.
2532 323 2573 378 Ι.

3547 317 3651 373 862

343 456 463 508 Καὶ
528 458 586 508 τὸ
655 459 815 527 ὄνομα
865 454 1024 516 αὐτῆς
1096 453 1384 507 Ἐλισάϐετ.
1448 453 1742 526 Προσέθηκε
1790 455 1868 503 καῖ

2060 452 2225 505 Vers.
2266 452 2320 505 6.
2362 452 2437 504 Et
2465 466 2651 504 nomen
2680 449 2793 521 ejus
2829 446 3136 503 Elisabeth.
3168 444 3406 500 Addidit
3442 448 3499 500 et
3534 444 3649 501 hoc

254 552 429 597 τοῦτο
458 547 620 617 χάριν
656 543 940 618 ἀκριϐείας.

334 632 519 687 ἸἮσαν
564 666 632 675 --
691 641 844 686 Θεοῦ.
918 638 1154 692 Δικαίους
1206 634 1319 702 (10)
1380 641 1489 700 νῦν,
1539 636 1659 693 τοὺς
1711 631 1874 705 ἐναριέ⁸

252 741 392 785 τους
435 723 591 794 λέγει.
634 722 826 794 [Ἦσαν
874 719 932 774 δὲ
982 719 1182 774 δίκαιοι
1230 722 1323 773 ούκ
1366 721 1577 773 ἐνώπιον
1625 721 1737 792 (11)
1779 728 1876 771 τῶν

258 810 607 886 ἁνθρὼπων,]
661 811 766 863 ἀλλ’
821 810 1031 864 ἐνώπιον
1077 820 1171 864 τοῦ
1225 820 1377 880 Θεοῦ,
1439 819 1620 863 τοῦτον
1670 814 1878 883 ἔχοντες

255 904 456 976 ἔφορον
512 910 601 962 τῆς
664 898 1008 963 δικαιοσύνης
1075 901 1263 955 αὐτῶν.
1329 902 1467 959 Αὕτη
1528 904 1626 977 γὰρ
1683 900 1878 961 ἀληθὴς

259 986 614 1048 δικαιοσύνη,

344 1085 696 1154 Πορευόμενοι
752 1111 817 1120 -‹
866 1082 1146 1153 ἄμεμπτοι.
1210 1083 1309 1141 Τὰς
1386 1084 1604 1153 νομικὰς
1675 1080 1879 1143 ἐντολὰς

261 1168 518 1241 ὠνόμασε
572 1175 662 1222 καὶ
736 1166 1088 1242 δικαιώματα,
1161 1174 1229 1231 ὡς
1277 1167 1613 1231 δικαιοσύνης
1665 1173 1871 1243 μεστὰς,

262 1264 363 1311 καὶ
408 1261 479 1321 ὡς
508 1255 819 1321 ὃικαιούσας
848 1263 967 1321 τούς
992 1265 1261 1331 μετιόντας
1290 1260 1468 1322 αὐτάς.

344 1457 454 1505 Καὶ
504 1454 597 1504 ούκ
636 1484 702 1495 -—
741 1453 1112 1527 προϐεϐηκότες
1168 1454 1214 1506 ἐν
1273 1462 1381 1515 ταῖς
1437 1458 1653 1529 ἡμέραις
1707 1456 1873 1507 αὐτῶν

258 1537 437 1599 ἦσαν,
477 1542 872 1616 Προϐεϐηκότες,
908 1548 1024 1602 ἤτοι
1052 1550 1418 1619 γεγηρακότες.

1988 539 2310 609 diligentiae
2349 555 2556 594 causa.

2060 629 2226 683 Vers.
2275 632 2325 683 6.
2356 630 2540 683 Erant
2566 658 2635 668 ——
2662 630 2790 682 Deo.
2823 630 3021 682 Justos
3052 624 3195 680 dicit
3239 638 3418 693 nunc,
3450 622 3649 678 virtuti

1987 718 2219 774 deditos
2268 721 2448 773 Erant
2477 722 2671 773 autem
2695 718 2859 790 justi,
2889 732 3009 771 non
3041 732 3245 771 coram
3274 714 3646 781 hominibus,

1988 807 2093 861 sed
2130 823 2331 863 coram
2361 808 2496 873 Deo,
2528 806 2689 862 hunc
2715 806 3004 861 habentes
3031 822 3148 860 sua:
3170 805 3413 876 justitim
3450 804 3647 876 inspe-

1987 901 2209 952 ctorem
2243 914 2255 950 :
2289 896 2416 952 haec
2446 897 2605 951 enim
2636 900 2728 951 est
2752 910 2894 950 vera
2913 893 3157 965 justitia.

2060 1129 2230 1186 Vers.
2260 1132 2309 1184 6.
2340 1128 2655 1184 Incedentes
2684 1158 2752 1167 —
2777 1126 2967 1198 absque
2996 1125 3435 1197 reprehensione.
3473 1127 3646 1194 Lega-

1987 1218 2066 1274 lia
2105 1223 2404 1290 praecepta
2442 1218 2671 1273 vocavit
2708 1217 2887 1271 etiam
2923 1215 3399 1286 justiﬁcationes,
3444 1218 3645 1285 utpote

1979 1308 2218 1380 justitia:
2266 1308 2474 1379 plenas
2527 1324 2538 1361 :
2587 1311 2643 1361 et
2682 1322 2817 1378 quae
2864 1304 3204 1360 incedentes
3254 1304 3314 1358 in
3363 1303 3505 1375 ipsis
3548 1302 3647 1373 ju-

1985 1397 2319 1453 stiﬁcarent.

2056 1487 2213 1541 Vers.
2266 1492 2317 1541 7.
2371 1488 2443 1541 Et
2498 1502 2601 1540 non
2646 1518 2713 1525 —
2757 1491 3125 1556 processerant
3177 1483 3236 1536 in
3281 1482 3467 1537 diebus
3513 1482 3641 1537 suis.

1983 1577 2382 1646 Processerant,
2414 1576 2529 1631 hoc
2562 1580 2664 1646 est,
2712 1576 3038 1631 Senuerant
3067 1582 3122 1629 et
3153 1580 3446 1645 provectae
3476 1576 3648 1628 erant

1983 1664 2185 1722 aetatis.
2860 1662 2863 1665 ’

332 1739 429 1808 -ι--ίο
464 1740 528 1791 Αἱ
565 1740 680 1808 (12)
713 1748 810 1791 τῶν
861 1737 1078 1792 δικαίων
1120 1750 1377 1812 γυναῖκες,
1422 1749 1510 1795 καὶ
1542 1743 1596 1793 αἱ
1644 1740 1868 1809 δίκαιαι,

2052 1756 2094 1825 -ξι
2136 1756 2555 1827 Saapenumero
2613 1754 2912 1825 justorum
2963 1768 3198 1817 uxores,
3254 1751 3432 1805 etiam
3467 1751 3643 1821 justse

254 1828 516 1889 πολλάκις
551 1830 774 1896 ἄτεκνοι,
806 1830 887 1881 ἵνα
926 1834 990 1882 σύ
1016 1833 1203 1903 μάθῃς,
1231 1834 1310 1883 ὅτι
1346 1834 1371 1883 ὁ
1400 1838 1550 1905 νόμος
1596 1832 1689 1885 οὐκ
1721 1832 1873 1883 ἀπαι-

256 1924 339 1968 τεῖ
371 1918 712 1971 πολυτεκνίαν
746 1924 1064 1991 σωματικὴν,
1098 1920 1225 1972 ἀλλὰ
1254 1928 1623 1994 πνευματικήν,

336 2009 576 2077 Ἐγένετο
618 2040 683 2049 --
731 2011 1075 2081 θυμιάματος.
1141 2010 1411 2082 [Ἕλαχεψ
1472 2011 1621 2072 οὗτος
1688 2011 1798 2081 (13)
1848 2012 1872 2061 ό

256 2100 455 2167 καιρὸς
497 2098 525 2154 ἡ
563 2093 752 2155 δεκάτη
802 2106 891 2149 του
941 2095 1165 2171 ἑϐδόμου
1214 2104 1376 2171 μηνὸς
1418 2098 1497 2165 ἦν,
1545 2103 1607 2159 ὡς
1657 2102 1681 2151 ό
1721 2104 1875 2171 νόμος

261 2184 518 2237 ἐκέλευεν.
573 2187 651 2237 Ἐν
699 2196 768 2257 τῷ
840 2194 964 2259 μηνὶ
1015 2190 1138 2261 γὰρ,
1202 2194 1351 2259 φησι,
1411 2198 1480 2258 τῷ
1549 2186 1754 2261 ἑϐδόμῳ
1808 2196 1869 2261 τῇ

263 2270 469 2346 δεκάτῃ
514 2283 604 2326 τού
654 2280 810 2347 μηνός
857 2284 1207 2330 ταπεινώσατε
1244 2282 1330 2338 τὰς
1360 2279 1544 2349 ψυχὰς
1588 2280 1747 2349 ὑμῶν,
1782 2282 1871 2329 καὶ

261 2365 333 2413 τὰ
387 2363 528 2427 ἑξῆς,
584 2364 684 2415 ὅσα
737 2370 854 2439 περὶ
903 2374 995 2427 τῆς
1048 2367 1185 2428 άπαξ
1237 2376 1325 2419 τού
1380 2366 1613 2419 ἐνιαυτοῦ
1668 2371 1873 2438 γενομέ-

260 2472 362 2512 νης
412 2453 481 2514 εἰς
529 2456 595 2505 τὰ
639 2452 799 2524 ’Ἅγια
848 2463 948 2507 τῶν
988 2455 1147 2525 ἁγίων
1189 2453 1397 2508 εἰσόδου
1450 2464 1539 2507 τοῦ
1587 2455 1873 2528 ἀρχιερέως

261 2540 374 2593 ἐκεῖ
432 2538 792 2615 ὃιηγόρευται.
864 2541 1122 2617 Ἕϐδομος
1198 2541 1256 2596 δὲ
1328 2545 1447 2616 παρ’
1506 2544 1780 2617 Ἐϐραίοις,
1845 2544 1869 2594 ο

258 2630 391 2704 παρ’
424 2633 547 2702 ἡμῖν
588 2632 946 2704 Σεπτέμϐριος,
995 2636 1110 2685 καθ’
1165 2634 1219 2686 ὃν
1266 2639 1355 2685 καὶ
1386 2635 1503 2703 (14)
1540 2636 1569 2690 ἡ
1606 2631 1871 2685 Ἐλισάϐετ

259 2719 516 2773 συνέλαϐε
540 2724 625 2773 τὸν
668 2719 1015 2796 11ρόδρομον.]

327 2814 483 2860 "Eam
540 2814 629 2881 μὲν
682 2808 740 2868 ἦν
789 2815 846 2862 τὸ
903 2813 1278 2886 θυσιαστήριον
1335 2820 1425 2863 τοῦ
1477 2814 1798 2884 θυμιάματος
1853 2832 1864 2843 ·

250 2896 349 2957 ἔξω
426 2895 483 2949 δὲ
533 2902 589 2950 τὸ
645 2901 1021 2972 θυσιαστήριον
1072 2910 1171 2952 τῶν
1231 2906 1651 2974 προσφερομένων
1704 2902 1867 2971 ζώων,

248 2990 343 3035 καὶ
376 2996 488 3035 τ-ὡν
525 2986 685 3038 ἀλλων
735 2992 1112 3062 καρπωμάτων.
1149 2990 1235 3043 Ἐκ
1267 2987 1448 3053 δεξιῶν
1482 2989 1539 3043 δε
1572 2992 1769 3063 ἵστατο,
1806 2995 1870 3052 ὡς

254 3070 426 3136 δεξιὰ
450 3081 537 3127 καὶ
566 3074 739 3147 ἀγαθά
768 3078 958 3149 μέλλων
992 3078 1323 3150 ἀπαγγεῖλαι.

336 3169 450 3216 Καὶ
493 3194 555 3203 -
608 3166 782 3221 αὐτόν.
828 3167 1153 3241 Ἐταράχθη,
1205 3170 1535 3231 ὑποπτεύσας
1587 3167 1693 3229 ἤδη
1740 3170 1872 3224 ἀπο-

262 3253 464 3307 θανεῖν.

341 3338 470 3395 Εἶπε
524 3374 591 3384 -
652 3350 917 3420 Ζαχαρία.
985 3353 1191 3420 Πρῶτον
1264 3347 1495 3401 ἐκϐάλλει
1564 3353 1650 3401 τὸν
1716 3349 1869 3423 φόϐον

266 3439 359 3492 τῆς
417 3431 601 3505 ψυχῆς
649 3434 829 3501 αὐτοῦ,
883 3437 964 3488 ἵνα
1005 3442 1176 3511 χωρὶς
1230 3446 1469 3513 ταραχῆς
1516 3438 1736 3512 ἀκούσῃ,
1784 3444 1869 3493 καὶ

268 3521 513 3596 προσέξει
570 3532 680 3585 τοῖς
726 3524 886 3577 αὐτοῦ
937 3525 1121 3597 λόγοις·
1173 3526 1325 3579 εἰπὼν
1384 3524 1442 3580 δὲ
1504 3530 1583 3580 ὃτι
1638 3535 1721 3585 Μὴ
1784 3548 1872 3601 φο-

267 3612 385 3677 ϐοῦ,
435 3611 661 3684 ἐνέφηνεν
711 3615 790 3665 ὅτι
832 3622 995 3688 Χαῖρε
1034 3632 1051 3647 ⁸

265 3709 363 3763 τῆς
388 3708 587 3776 χαρᾶς.

337 3796 484 3844 Διότι
540 3823 609 3831 -
656 3811 770 3844 σου.
820 3791 878 3845 Ἠ
936 3794 1062 3867 ὑπὲρ
1118 3801 1207 3854 τῆς
1263 3801 1522 3868 σωτηρίας
1580 3804 1669 3849 τοῦ
1719 3796 1863 3852 λαοῦ,

260 3880 415 3955 Ὑπὲρ
470 3884 661 3941 ταύτης
740 3886 841 3955 γὰρ
920 3885 1246 3935 καθεκάστγιν
1312 3886 1360 3936 οἱ
1425 3887 1567 3958 ἱερεῖς
1642 3885 1863 3941 ἐδέοντο.

1092 3613 1204 3667 εἶτα
1235 3616 1370 3685 λέγει
1422 3622 1509 3670 καὶ
1565 3622 1659 3675 τὴν
1699 3618 1868 3671 αἰτίαν

262 3971 606 4029 Εἰσηκούσθη
673 3967 750 4036 δε,
820 3975 883 4031 ὡς
950 3972 1211 4043 μέλλοντος
1292 3970 1397 4031 ἤδη
1475 3983 1566 4026 τοῦ
1637 3983 1866 4048 Σωτῆρος

264 4060 687 4132 ἐνανθρωπῆσαι,
744 4067 834 4113 καὶ
881 4071 1051 4114 σῶσαι
1091 4067 1177 4114 τὸν
1226 4064 1345 4115 λαὸν
1404 4064 1562 4117 αὐτοῦ
1621 4064 1721 4118 ἀπὸ
1767 4074 1865 4118 τῶν

264 4148 538 4224 ἁμαρτιῶν
578 4150 764 4203 αὐτῶν.
808 4150 891 4211 Εἰς
922 4148 1188 4214 ἀπόδειξιν
1231 4149 1291 4205 δὲ
1320 4158 1407 4205 καὶ
1461 4152 1745 4225 βεϐαίωσιν
1774 4163 1865 4207 τοῦ

264 4238 679 4298 εἰσακουσθῆναι
702 4244 795 4298 τὴν
822 4236 1005 4300 δέησιν
1036 4241 1197 4294 αὐτοῦ
1226 4262 1290 4314 φη
1302 4262 1356 4295 σι
1390 4259 1403 4273 ⁸

1984 1842 2180 1898 liberis
2203 1848 2543 1905 caruerunt,
2567 1848 2627 1897 ut
2660 1842 2796 1897 hinc
2827 1840 3241 1911 discas,legem
3267 1855 3387 1895 non
3410 1840 3643 1909 exigere

1982 1932 2281 1987 carnalem
2314 1932 2832 2004 propagationem,
2867 1930 2970 1985 sed
3005 1930 3391 2001 spiritualem.

2053 2040 2215 2094 Vers.
2279 2043 2329 2093 8.
2388 2041 2613 2093 Factum
2666 2044 2742 2091 est
2781 2070 2848 2076 —
2902 2038 3064 2092 Vers.
3134 2042 3220 2091 ti.
3275 2035 3645 2107 thymiamatis

2145 2130 2187 2199 σξ-
2217 2129 2461 2183 Sortitus
2498 2132 2603 2182 est.
2637 2130 2890 2196 Tempus
2919 2126 3033 2180 hoc
3065 2130 3189 2180 erat
3235 2124 3362 2179 dies
3410 2124 3645 2180 decima

1982 2216 2204 2271 mensis
2222 2216 2480 2287 septimi,
2498 2216 2583 2271 uti
2602 2214 2957 2285 lexjubebat
2976 2217 3017 2269 ³.
3043 2214 3239 2269 Mense
3256 2213 3438 2278 enim,
3453 2212 3648 2285 inquit

1981 2307 2257 2379 septimo,
2289 2306 2523 2361 decima
2559 2305 2782 2359 mensis
2822 2304 2939 2374 die,
2975 2303 3260 2358 demittite
3291 2306 3519 2358 mentes
3551 2319 3645 2358 ve-

1982 2399 2157 2461 stras,
2187 2400 2241 2450 et
2269 2395 2516 2466 reliqua,
2538 2410 2674 2465 quas
2697 2394 2770 2447 de
2800 2394 3042 2448 introntu
3064 2392 3283 2447 summi
3316 2392 3643 2447 sacerdotis

1980 2483 2035 2537 iu
2066 2485 2279 2538 Sancta
2297 2488 2637 2537 sanctorum
2658 2481 2841 2535 semel
2862 2482 3185 2552 quotannis
3209 2480 3365 2535 facto
3384 2480 3465 2535 ibi
3495 2496 3643 2551 pras-

1979 2576 2152 2642 cepta
2194 2577 2342 2626 sunt.
2378 2570 2675 2641 Septimus
2706 2576 2904 2625 autem
2936 2569 3098 2640 apud
3134 2568 3427 2635 Hebraeos,
3477 2570 3642 2640 apud

1979 2676 2088 2715 nos
2127 2668 2218 2715 est
2271 2659 2635 2731 September,
2686 2674 2808 2730 quo
2854 2674 3057 2713 mense
3106 2659 3282 2713 etiam
3338 2656 3641 2714 Elisabeth

1979 2748 2252 2820 concepit
2282 2748 2733 2803 Przecursorem.

2051 2838 2213 2892 Intus
2256 2843 2378 2893 erat
2395 2836 2577 2893 altare
2604 2835 3012 2907 thymiamatis
3038 2855 3050 2893 :
3075 2839 3241 2891 extra
3262 2850 3402 2890 vero
3433 2833 3637 2899 altare,

1981 2941 2159 2997 super
2186 2926 2350 2997 quod
2382 2925 2786 2981 offerebantur
2807 2924 3180 2999 animaliaet
3208 2923 3559 2979 oblationes.
3593 2925 3640 2977 A

1979 3015 2199 3070 dextris
2229 3020 2425 3071 autem
2459 3015 2629 3080 stetit,
2662 3019 2723 3069 ut
2755 3015 2853 3084 qui
2886 3030 3177 3086 prospera
3205 3018 3261 3070 et
3291 3013 3454 3069 bona
3483 3028 3640 3069 nun-

1906 3130 1945 3186 ο
1981 3103 2228 3159 tiaturus
2268 3109 2527 3160 venerat.

2056 3193 2214 3249 Vers.
2276 3198 2358 3248 l2.
2404 3194 2481 3248 Ει
2526 3208 2759 3249 —eum.
2792 3191 3083 3249 Turbatus
3123 3197 3230 3256 est,
3278 3191 3635 3263 suspicatus,

1982 3297 2045 3337 se
2075 3282 2343 3353 protinus
2370 3280 2749 3337 moriturum.

2050 3370 2212 3425 Vers.
2250 3375 2334 3428 t3.
2361 3370 2521 3425 Dixit
2550 3400 2620 3410 —
2656 3368 2950 3424 Zacharia.
2983 3368 3242 3424 Primum
3274 3367 3489 3438 abjecit
3514 3368 3639 3425 ani-

1982 3459 2062 3515 mi
2101 3458 2259 3514 illius
2300 3458 2595 3524 timorem,
2640 3462 2701 3513 ut
2749 3458 2873 3514 sine
2914 3457 3248 3514 turbatione
3288 3456 3541 3523 audiret,
3582 3462 3641 3516 et

1980 3549 2251 3605 animum
2264 3547 2785 3620 adverteretipsius
2801 3546 3404 3604 sermonibus.Dicens
3422 3552 3633 3613 autem,

1977 3639 2283 3705 Netimeas,
2317 3638 2530 3708 innuit,
2562 3642 2626 3693 ut
2654 3636 2953 3708 gaudeat;
2986 3636 3203 3693 deinde
3233 3652 3479 3693 causam
3493 3652 3633 3710 quo-

1978 3743 2095 3800 que
2127 3728 2295 3799 ponit
2325 3726 2547 3797 gaudii.

2051 3816 2210 3873 Vers.
2237 3821 2317 3873 t3.
2338 3817 2560 3884 Quia—
2590 3823 2704 3871 tua.
2740 3816 2934 3882 Quam
2948 3830 3057 3887 pro
3070 3814 3259 3871 salute
3274 3814 3638 3887 populifudi-

1978 3908 2192 3963 sti.Pro
2205 3907 2312 3963 hac
2325 3906 2477 3961 enim
2493 3906 2824 3961 sacerdotes
2837 3904 3091 3977 quotidie
3106 3904 3638 3976 precabantur.Ex-

1976 3998 2181 4054 audita
2210 4002 2297 4052 est
2327 4001 2543 4061 autem,
2574 4012 2641 4051 eo
2672 3995 2834 4066 quod
2860 3995 2987 4065 jam
3019 3994 3288 4050 Salvator
3326 3994 3397 4050 sit
3426 3994 3638 4051 huma-

1977 4088 2220 4143 nitatem
2255 4090 2660 4157 suscepturus,
2695 4087 2753 4139 et
2781 4082 3074 4155 populum
3108 4099 3283 4138 suum
3311 4099 3346 4139 a
3376 4083 3636 4155 peccatis

1974 4192 2177 4233 eorum
2206 4174 2439 4231 salvum
2465 4175 2747 4230 facturus.
2775 4172 2864 4228 Ad
2889 4171 3465 4229 demonstrationem
3495 4188 3639 4230 vero

1975 4273 2031 4322 et
2046 4266 2584 4331 conﬁrmationem,
2603 4264 2769 4337 quod
2792 4264 2919 4335 ejus
2944 4264 3132 4321 oratio
3155 4263 3436 4321 exaudita
3455 4268 3635 4329 esset,

1975 4356 2098 4412 ait:

338 4438 439 4492 Καὶ
490 4438 520 4494 ἡ
580 4441 709 4507 ’γυνὴ
771 4468 838 4476 -
902 4456 999 4490 σοι.
1072 4443 1470 4512 Χρησιμεύοντα
1543 4444 1632 4492 καὶ
1684 4448 1863 4493 τοῦτον

2044 4445 2204 4501 Vers.
2256 4448 2337 4501 13.
2371 4444 2445 4499 Et
2478 4459 2621 4499 uxor
2652 4474 2719 4485 —
2750 4442 2868 4499 tibi.
2904 4444 2968 4497 Et
2996 4441 3158 4497 hunc
3192 4442 3395 4498 utilem
3421 4442 3496 4498 ad
3534 4458 3637 4515 po-

262 4529 394 4598 πρὸς
436 4530 531 4583 τὴν
584 4529 845 4598 σωτηρίαν
893 4534 984 4577 τοῦ
1040 4526 1184 4579 λαοῦ.
1236 4527 1447 4600 Ἔμελλε
1492 4531 1593 4604 γὰρ
1648 4529 1861 4582 ὑποδεῖ-

264 4612 347 4675 ξαι
400 4624 470 4686 τῷ
526 4614 632 4685 λαῷ
689 4618 775 4666 τὸν
828 4622 1059 4687 Σωτῆρα.
1123 4621 1222 4669 Καὶ
1272 4616 1472 4691 ἐπείπερ
1531 4622 1560 4677 ἡ
1620 4621 1864 4689 μετάνοια

263 4710 571 4775 προηγεῖται
622 4711 717 4765 τῆς
772 4710 1050 4778 σωτηρίας,
1106 4703 1212 4758 ἔδει
1264 4710 1350 4758 τὸν
1388 4713 1594 4780 κήρυκα
1645 4717 1735 4769 τῆς
1778 4729 1861 4781 με·

264 4796 470 4854 τανοίας
524 4790 845 4867 προδραμεῖν
894 4801 985 4846 τοῦ
1043 4790 1371 4869 δωρουμένου
1426 4802 1517 4855 τὴν
1578 4803 1858 4872 σωτηρίαν.

266 4882 353 4930 Διὸ
392 4886 479 4933 καὶ
510 4888 747 4952 γεννᾶται
773 4892 972 4958 πρῶτον
1000 4885 1025 4935 ὁ
1058 4882 1390 4959 Πρόδρομος.

340 4975 437 5023 Καὶ
485 4969 711 5032 καλέσεις
768 5003 838 5014 —
890 4973 1147 5032 Ἰωάννην.
1204 4973 1285 5036 Ὠς
1345 4981 1725 5049 κεχαρισμένον
1805 4978 1861 5030 ἐκ

264 5058 461 5122 κοιλίας
498 5064 713 5134 μητρὸς,
756 5064 939 5130 εῗτουν,
994 5063 1330 5137 πεφιλημένον
1386 5073 1519 5135 Θεῷ,
1580 5067 1609 5125 ἡ
1640 5069 1706 5128 ὡς
1758 5087 1861 5140 χα-

336 5185 357 5218 ¹
386 5184 565 5242 Levit.
598 5201 717 5254 xvr,
751 5190 837 5243 29.

1975 4533 2099 4605 puli
2128 4533 2400 4590 salutem.
2435 4535 2793 4589 Ostensurus
2834 4531 2993 4587 enim
3025 4535 3149 4586 erat
3179 4530 3403 4601 populo
3436 4530 3637 4588 Salva-

1975 4631 2181 4679 torem.
2207 4623 2355 4679 Nam
2374 4622 2517 4695 quia
2537 4620 2949 4694 paenitentiam
2968 4619 3283 4691 precedere
3305 4623 3535 4691 oportet
3560 4622 3636 4676 ad

1974 4712 2250 4782 salutem,
2283 4728 2431 4783 opus
2463 4711 2641 4765 etiam
2676 4713 2823 4773 erat,
2862 4712 2922 4763 ut
2953 4707 3316 4779 paenitentiae
3346 4706 3633 4779 praedica-

1973 4808 2064 4858 tor
2092 4818 2165 4857 eu
2187 4818 2245 4857 m
2296 4799 2675 4873 praecederet,
2703 4798 2807 4870 qui
2839 4796 3089 4853 salutem
3137 4801 3262 4852 erat
3290 4796 3627 4854 collaturus.

1974 4891 2109 4945 Ideo
2139 4904 2382 4961 quoque
2409 4888 2672 4960 primum
2704 4886 2965 4943 nascitur
2996 4888 3345 4941 Praecursor.

2043 4980 2203 5033 Vers.
2224 4978 2308 5034 13.
2338 5008 2406 5017 -
2425 4978 2500 5032 Et
2513 4975 2722 5033 vocabis
2744 5007 2812 5017 —-
2835 4975 3114 5031 Joannem.
3142 4976 3353 5046 Utpote
3383 4991 3415 5031 a
3436 4980 3634 5033 ventre

1970 5067 2176 5125 matris
2216 5068 2406 5139 gratia
2444 5066 2759 5136 donatum,
2802 5065 2927 5122 sive
2966 5080 3003 5122 a
3042 5067 3161 5122 Deo
3201 5071 3483 5122 amatum.
3532 5065 3635 5124 Vel

1501 5317 1722 5386 Varia;
1748 5317 2073 5388 lectiones
2106 5325 2171 5387 et
2199 5327 2402 5386 notae.

330 5480 446 5550 (10)
480 5485 558 5547 Δέ,
583 5488 718 5539 ante
755 5489 863 5550 νῦν,
898 5483 1067 5541 addit
1104 5486 1157 5540 B.

328 5554 374 5622 (1
396 5554 442 5623 ί)
473 5554 615 5625 Quae
646 5554 737 5611 hic
763 5555 993 5612 inclusa
1020 5562 1178 5625 sunt,
1212 5557 1430 5615 absunt
1458 5576 1493 5614 a
1522 5558 1655 5616 cod.
1686 5566 1745 5615 Α.

329 5626 445 5695 (12)
469 5624 757 5703 Quod_hi‘c
783 5626 950 5703 addit
971 5624 1264 5703 scholium
1288 5630 1591 5703 interpres,
1609 5631 1724 5686 mei
1739 5647 1860 5688 non

259 5702 610 5767 agnoscunt.
636 5695 733 5754 Est
757 5702 957 5756 autem
979 5716 1051 5756 ex
1082 5695 1546 5774 Theophylacto,
1577 5719 1637 5774 p.
1660 5703 1765 5760 299
1796 5707 1857 5771 E,

1971 5488 2379 5560 desumptum.

2074 5560 2154 5629 t3)
2190 5559 2305 5615 Hoc
2338 5559 2587 5636 scholio,
2611 5561 2779 5636 quod
2803 5566 3051 5636 uterque
3075 5579 3241 5619 meus
3274 5562 3333 5619 in
3366 5562 3633 5633 margine

1969 5632 2167 5698 habet,
2200 5637 2355 5686 caret
2380 5632 2723 5690 Hentenius.

2043 5702 2156 5775 (14)
2188 5703 2243 5755 Ἠ
2272 5704 2485 5761 omittit
2510 5704 2575 5759 A.
