4170 6364
257 367 389 421 865

1423 354 1792 414 COMMENT.
1836 352 1903 407 IN
1942 346 2200 406 LUCAM.
2243 379 2311 386 —
2352 347 2505 402 CAP.
2544 348 2578 400 Ι.

3541 344 3646 399 866

266 500 424 545 Θεοῦ
465 490 685 563 βλέψας,
730 489 824 540 οὐκ
854 487 1078 560 εὐχερῶς
1098 483 1418 561 παρεδέξατο
1458 488 1550 542 τὴν
1582 480 1884 552 ἐπαγγελίαν

2019 475 2231 539 rirtute,
2278 471 2483 528 tardus
2511 476 2637 525 erat
2683 474 2761 527 ad
2800 467 3243 541 suscipiendam
3304 467 3478 523 foetus
3512 483 3646 540 pro-

261 588 378 643 τῆς
410 588 582 651 γονῆς.

356 674 461 722 Καὶ
481 668 774 741 ἀποκριθεὶς
803 697 869 706 --
898 673 1081 720 ταῦτα.
1120 672 1249 717 Ποῖα
1273 682 1286 732 ;
1309 666 1613 735 ἠγέννησις,
1650 657 1883 722 δηλαδὴ,

264 764 374 811 καὶ
399 761 428 817 ἡ
463 757 651 819 κλῆσις
672 764 762 808 τοῦ
784 758 1049 827 ὀνόματος.

348 847 497 901 Ἀνθ’
529 847 595 897 ὧν
635 877 702 885 -
741 864 861 917 μου.
889 851 1010 906 Τοῖς
1029 848 1146 916 περὶ
1171 847 1384 896 τουτων.

352 1043 559 1102 Οἰτινες
597 1072 661 1081 —-
695 1040 880 1093 αὐτῶν.
923 1038 1006 1099 Εἰς
1034 1041 1118 1090 τὸν
1148 1057 1241 1089 καν
1272 1040 1450 1112 καιρὸν
1486 1044 1576 1097 τῆς
1603 1039 1887 1108 γεννήσεως

268 1136 376 1182 καὶ
422 1140 510 1190 τῆς
554 1130 807 1189 κλήσεως.
861 1126 998 1202 ’Ὀρα
1050 1124 1127 1194 δὲ,
1178 1128 1257 1179 ὅτι
1312 1123 1404 1178 διά
1448 1130 1540 1184 τὴν
1589 1130 1755 1198 φωνην
1797 1133 1886 1185 τῆς

274 1218 537 1279 ἀπιστίας
568 1217 825 1289 ἐπεσχέθη
866 1221 959 1275 τὴν
986 1222 1178 1288 φωνήν,

365 1419 465 1467 Καὶ
498 1446 561 1455 --
593 1418 883 1489 Ζαχαρίαν.
918 1409 1364 1485 Ἀπεκδεχόμενος
1396 1411 1537 1484 (15).

360 1614 467 1664 Καὶ
514 1640 580 1650 —-
620 1614 802 1682 κωφός.
856 1609 931 1661 Οῦ
984 1614 1135 1681 μόνον
1185 1613 1286 1684 γὰρ
1336 1609 1595 1682 ἐπεσχέθη
1645 1614 1739 1669 τὴν
1792 1630 1891 1681 φω-

270 1704 401 1771 νὴν,
464 1698 591 1751 ἀλλά
637 1705 726 1751 καὶ
782 1703 874 1757 την
932 1697 1111 1763 ἀκοήν,
1169 1702 1238 1761 ὡς
1291 1703 1421 1772 μετά
1498 1699 1745 1761 ἀπιστίας
1801 1704 1890 1751 καὶ

273 1787 519 1849 ἀκούσας
562 1794 651 1841 καὶ
681 1793 945 1860 φωνήσας.
999 1794 1294 1861 Προεμηνυε
1338 1786 1397 1841 δε
1445 1792 1474 1848 ἡ
1526 1798 1615 1841 τοῦ
1666 1796 1890 1861 γηραιοῦ

272 1879 458 1952 ἱερέως
508 1881 632 1948 σιγή
680 1881 766 1935 τὴν
803 1885 898 1937 τῆς
925 1876 1149 1939 παλαιᾶς
1198 1881 1476 1952 ἱερωσύνης
1523 1884 1607 1931 καὶ
1650 1879 1889 1951 λατρείας

272 1971 467 2038 σιγήν.

357 2166 465 2215 Καὶ
497 2160 690 2232 ἐγένετο
735 2194 802 2202 -
832 2162 1012 2216 αὐτοῦ.
1045 2168 1159 2237 Χρὴ
1191 2166 1288 2235 γὰρ
1340 2168 1424 2215 τὸν
1462 2166 1597 2236 ἱερέα
1631 2164 1887 2226 παντελῶς

273 2251 583 2323 ἀπέχεσθαι
626 2260 720 2313 τῆς
769 2252 952 2304 ἑαυτοῦ
999 2258 1246 2322 γυναικὸς
1289 2253 1336 2304 ἐν
1381 2262 1494 2316 ταῖς
1538 2257 1755 2327 ἡμέραις
1798 2263 1889 2314 τῆς

272 2342 605 2413 λειτουργίας
644 2341 822 2392 αὐτοῦ’
868 2348 1031 2392 Τοῦτο
1081 2344 1181 2413 γὰρ
1214 2348 1298 2393 καὶ
1353 2344 1377 2393 ὁ
1423 2345 1553 2404 θεῖος
1582 2345 1890 2416 ὑπαγορεύει

281 2432 503 2501 θεσμός.
580 2430 868 2503 [Ιληρώσας
940 2426 998 2482 δὲ
1052 2434 1239 2491 ταυτας
1306 2432 1332 2483 ὁ
1384 2437 1659 2506 Ζαχαρίας
1714 2432 1890 2484 λοιπὸν

285 2519 515 2576 συνῆλθε
566 2526 627 2590 τῇ
671 2527 867 2590 φαμετῇ
927 2522 1088 2570 αὑτοῦ
1147 2516 1239 2571 διά
1294 2524 1387 2578 τὴν
1442 2520 1751 2592 ἐπαγγελίαν
1798 2528 1893 2582 τῆς

277 2617 471 2678 γονῆς,
504 2604 808 2668 παιδευθεὶς
837 2616 898 2679 τῇ
934 2607 1105 2680 πληγῇ
1139 2616 1231 2670 τῆς
1267 2617 1467 2671 σιωπῆς
1502 2612 1761 2662 πιστεύειν
1791 2616 1895 2669 τοῖς

284 2703 386 2747 τοῦ
426 2695 642 2767 ἀγγέλου
673 2697 897 2769 ῥήμασι.

368 2790 468 2836 Καὶ
525 2815 593 2825 -
640 2788 803 2836 πέντε.
851 2780 1143 2856 Αἱδουμένη
1189 2791 1282 2843 την
1320 2789 1544 2858 γηραιάν
1581 2792 1668 2839 καὶ
1713 2787 1895 2860 ἔξωρον

280 2876 594 2943 κυοφορίαν,
630 2873 723 2932 ἕως
752 2872 811 2923 οὗ
842 2872 954 2943 (16)
985 2878 1074 2924 καὶ
1105 2875 1134 2931 ἠ
1173 2875 1426 2948 Παρθένος
1453 2874 1713 2927 συνελαϐε.

368 3070 618 3136 Λέγουσα
684 3096 747 3106 -
804 3064 1112 3139 ἀνθρώποις.
1156 3067 1276 3121 Ὀτε
1332 3066 1626 3127 ηὐδόκησεν
1703 3069 1896 3143 ἀφελεῖν

289 3155 351 3205 τὸ
397 3152 446 3205 ἐν
478 3152 764 3229 ἀνθρώποὴ
799 3153 991 3216 ὄνειδός
1025 3176 1145 3228 μου,
1174 3160 1231 3209 τὸ
1260 3156 1341 3209 ἐπὶ
1370 3167 1431 3230 τῇ
1480 3158 1712 3231 ἀτεκνίᾳ.
1768 3161 1896 3237 Παρ’
1937 3156 1977 3213 C

294 3241 548 3314 Εϐραίοις
603 3248 692 3315 μεν
738 3246 837 3316 γάρ
885 3242 1075 3306 ὄνειδος
1116 3244 1175 3304 ἧν
1220 3250 1249 3304 η
1301 3247 1533 3322 ἀκαρπία
1584 3246 1675 3301 τοῦ
1719 3256 1893 3323 σώμα-

289 3351 401 3391 τος,
477 3329 561 3383 οἶα
645 3352 1138 3409 σωματικωτεροις·
1194 3339 1337 3410 παρά
1422 3337 1480 3389 δε
1561 3346 1897 3413 Χριστιανοίς

292 3418 496 3482 ὄνειδος
552 3423 581 3480 ἡ
643 3421 877 3495 ἀκαρπία
945 3431 1039 3486 τῆς
1097 3423 1299 3497 ψυχῆς,
1372 3424 1458 3477 οἷα
1538 3446 1894 3501 πνευματικω-

293 3515 479 3583 τέροις.

370 3706 453 3757 Ἐν
508 3703 566 3758 δὲ
614 3714 684 3778 τῷ
735 3712 860 3780 μηνὶ
906 3716 976 3778 τῷ
1033 3710 1163 3781 ἕκτῳ
1202 3742 1266 3751 ——
1308 3713 1547 3786 Μαριάμ..
1586 3714 1895 3788 [Γρηγορίου

292 3797 537 3856 Νύσσης.
592 3797 679 3848 Ἐν
728 3798 836 3867 (17)
880 3796 1051 3868 ἐκίενῳ
1098 3809 1169 3869 τῷ
1217 3809 1380 3874 καιρῷ
1438 3803 1463 3851 ὁ
1528 3802 1899 3875 εὐαγγελισμός

293 3892 389 3943 τῆς
442 3892 732 3956 παρουσίας
788 3894 877 3938 τοῦ
936 3894 1168 3961 Σωτῆρος
1223 3894 1415 3960 γέγονε,
1471 3892 1587 3942 καθ’
1634 3890 1686 3942 ὃν
1729 3893 1758 3949 ἡ
1810 3892 1901 3955 νὺξ

294 3970 381 4024 ἐπὶ
446 3976 503 4023 τὸ
534 3971 815 4047 ἀκρότατον
876 3984 1039 4047 μῆκος
1093 3978 1436 4051 προελθοῦσα,
1490 3983 1767 4051 μειοῦσθαι
1810 3986 1899 4034 καὶ

294 4058 564 4133 ὑπορῥέειν
622 4064 867 4134 ἄρχεται,
934 4072 1027 4126 τῆς
1084 4068 1275 4139 ἡμέρας
1331 4066 1507 4118 λοιπὸν
1557 4069 1899 4141 αὐξανομένης

292 4154 383 4201 καὶ
439 4155 858 4223 προκοπτούσης,
933 4154 1014 4205 ἶνα
1077 4158 1245 4228 μάθῃς
1297 4158 1377 4208 ὅτι
1451 4163 1540 4209 καὶ
1600 4163 1658 4210 τὸ
1720 4165 1899 4220 σκότος

294 4247 388 4299 τῆς
440 4236 677 4302 ἀσεϐείας
721 4246 810 4293 καὶ
858 4250 953 4303 τῆς
991 4244 1244 4317 ἁμαρτίας
1273 4246 1407 4320 οἰχρι
1438 4251 1550 4298 τότε
1596 4249 1797 4319 φθάσαν
1828 4249 1901 4311 εἰς

294 4328 510 4400 μέγεθος
591 4334 777 4391 κακίας
842 4335 930 4383 καὶ
1005 4336 1318 4406 κορυφωθεν,
1403 4337 1576 4387 ἔκτοτε
1651 4335 1893 4411 ἀνεκόπη,

296 4422 389 4468 καὶ
462 4420 586 4489 πρὸς
651 4418 876 4490 ἔκλειψιν
954 4426 1043 4472 καὶ
1109 4420 1396 4493 ἀφανισμὸν
1476 4424 1741 4494 ἠλαύνετο,
1808 4438 1896 4480 τοῦ

298 4507 461 4576 φωτός
518 4502 626 4563 ἤδη
671 4516 761 4568 τῆς
826 4508 1086 4571 εὐσεϐείας
1140 4516 1228 4563 καὶ
1285 4510 1471 4586 ἀρετῆς
1534 4523 1743 4576 νικῶτος
1808 4504 1976 4570 καιῙ)

297 4592 714 4668 πλεονάζοντος]

372 4682 454 4734 Ἐν
483 4690 553 4753 τῷ
583 4690 707 4756 μηνὶ
758 4693 828 4755 τῷ
868 4686 997 4759 ἕκτῳ
1032 4697 1125 4749 τῆς
1153 4694 1448 4763 κυοφορίας,
1490 4692 1571 4744 ὅτε
1613 4692 1641 4751 ἠ
1699 4700 1900 4767 γαστὴρ

301 4769 519 4841 cii-[1.03012
548 4780 642 4834 τῆς
668 4774 963 4830 Ἐλισάϐετ.

373 4865 809 4935 Μεμνηστευμένη
870 4861 929 4917 δε
986 4862 1047 4924 ἧν
1099 4868 1128 4924 ἡ
1193 4869 1463 4941 Παρθένος,
1508 4870 1590 4923 ἵνα
1625 4871 1755 4946 λάθη
1814 4878 1899 4927 τὸν

305 4941 545 4999 διάϐολον
601 4952 628 5008 ἡ
684 4956 921 5021 γέννησις
968 4963 1057 5007 τοῦ
1106 4964 1358 5030 Χριστοῦ.
1430 4964 1530 5011 Καὶ
1580 4963 1678 5035 γὰρ
1733 4941 1900 5021 ’ἤκουε

302 5053 402 5085 των
459 5048 730 5111 προφητῶν
810 5044 1277 5115 καταγγελλόιτων,
1354 5048 1432 5099 ὃτι
1502 5047 1559 5099 ἐκ
1641 5053 1895 5123 παρθένου

301 5126 608 5194 γεννηθῆναι
663 5130 849 5201 μέλλει·
914 5140 1003 5185 καὶ
1077 5131 1168 5187 διὰ
1237 5143 1392 5187 τοῦτο
1473 5144 1753 5212 παρετήρει
1806 5145 1895 5205 τὰς

300 5216 602 5288 παρθένους,
661 5219 743 5270 ἵνα
794 5221 905 5273 οἷαν
957 5220 1050 5295 ἴδῃ
1109 5233 1485 5300 κυοφοροῦσαν,
1539 5232 1655 5301 περὶ
1702 5233 1893 5290 ταύτην

298 5300 532 5376 παγίδας
585 5308 852 5385 καταπήξῃ
910 5319 1001 5373 τῆς
1052 5318 1398 5386 κακοτεχνίας
1454 5300 1636 5369 αὐτοῦ.
1697 5323 1894 5372 Λοιπὸν

1998 563 2333 618 missionem
2350 604 2362 615 .

2065 651 2231 706 Vers.
2264 650 2350 703 19.
2370 648 2445 703 Et
2468 648 2794 718 respondens
2812 679 2876 689 —-
2900 648 3036 702 hac.
3071 647 3359 712 Quaenam
3380 644 3409 700 ?
3436 646 3646 703 nativi-

1994 742 2083 795 tas
2109 737 2396 801 videlicet,
2431 751 2501 792 ac
2531 736 2791 791 nominis
2819 736 3146 807 impositio.

2063 826 2233 884 Vers.
2265 829 2357 883 20.
2394 826 2477 881 Eo
2517 826 2660 896 quod
2682 856 2748 866 —
2772 826 2930 881 meis.
2968 826 3109 889 Qua:
3140 823 3214 879 de
3244 822 3337 878 his
3365 828 3531 880 erant
3560 839 3648 879 re-

1994 915 2133 974 bus.

2067 1006 2206 1059 Vers
2246 1006 2333 1059 20.
2369 1004 2504 1068 Quae
2536 1034 2603 1044 —
2653 1001 3116 1073 suo.1Tempore
3171 1001 3446 1059 videlicet
3500 1002 3648 1058 nati-

1994 1093 2191 1150 vitatis
2245 1109 2315 1149 ac
2372 1092 2632 1148 nominis
2697 1092 3125 1164 impositionis.
3210 1091 3353 1146 Vide
3426 1096 3644 1155 autem,

1996 1183 2161 1254 quod
2199 1188 2441 1254 propter
2466 1198 2677 1237 vocem
2719 1180 3148 1237 incredulitatis
3189 1184 3415 1236 retenta
3452 1196 3521 1236 ac
3551 1195 3648 1235 c0-

1995 1271 2184 1327 hibita
2213 1277 2302 1326 est
2330 1271 2409 1326 illi
2432 1287 2571 1328 vox.

2068 1361 2237 1417 Vers.
2270 1362 2362 1416 21.
2401 1361 2476 1415 Et
2501 1392 2569 1401 —
2596 1360 2951 1416 Zachariam.
2980 1360 3065 1430 -ι--ξ-
3092 1360 3481 1430 Exspectans.

2068 1641 2235 1698 Vers.
2286 1642 2378 1695 2t.
2424 1640 2499 1693 Ει
2556 1668 2624 1680 -
2672 1638 2836 1693 Vers.
2892 1639 2979 1691 22.
3036 1643 3235 1691 mutus.
3298 1638 3479 1708 Κωφός
3518 1634 3651 1707 (pro

1998 1744 2120 1801 quo
2150 1730 2244 1784 hic
2267 1729 2559 1784 habemus
2590 1731 2818 1791 mutum)
2850 1726 3145 1796 signiﬁcat
3170 1726 3347 1781 etiam
3376 1726 3649 1782 surdum.

1922 1829 1964 1885 Β
1998 1820 2197 1889 Neque
2219 1817 2377 1873 enim
2400 1816 2525 1872 sola
2564 1833 2671 1871 vox
2705 1815 2785 1870 illi
2808 1814 3007 1871 ablata
3033 1820 3140 1879 est,
3171 1815 3275 1869 sed
3302 1820 3357 1870 et
3387 1813 3648 1879 auditus,

1997 1921 2068 1962 eo
2098 1906 2264 1978 quod
2316 1922 2453 1961 cum
2508 1904 2918 1960 incredulitate
2975 1903 3239 1959 audisset
3288 1920 3355 1958 ac
3415 1903 3652 1958 locutus

1997 1995 2225 2050 fuisset.
2257 1993 2643 2064 Signiﬁcabat
2659 1998 2860 2049 autem
2888 1992 3186 2047 silentium
3216 1992 3540 2047 sacerdotis
3568 2008 3653 2046 se-

1995 2083 2108 2150 nis,
2137 2083 2345 2139 veteris
2373 2082 2703 2145 sacerdotii,
2737 2081 3050 2153 cultusque
3080 2082 3563 2136 taciturnitatem.

2068 2169 2235 2222 Vers.
2265 2172 2353 2222 23.
2380 2168 2444 2222 Et
2473 2170 2677 2235 factum
2714 2198 2776 2206 —
2802 2167 2962 2221 Vers.
2997 2170 3085 2220 24.
3136 2167 3273 2236 ejus.
3331 2166 3656 2237 Oportebat

1998 2272 2257 2329 namque
2289 2256 2656 2312 sacerdotem
2703 2254 2951 2311 omnino
3006 2254 3304 2309 abstinere
3336 2271 3371 2309 a
3410 2254 3653 2326 propria

2000 2361 2184 2402 uxore
2214 2346 2274 2400 in
2305 2343 2513 2399 diebus
2539 2343 2846 2400 ministerii
2872 2342 2964 2397 sui
2995 2360 3007 2397 :
3043 2343 3157 2398 hoc
3182 2344 3341 2397 enim
3370 2352 3425 2397 et
3455 2343 3657 2397 divina

1998 2432 2090 2488 lex
2123 2432 2421 2503 praecepit.
2463 2432 2562 2485 His
2582 2437 2785 2485 autem
2814 2430 3144 2501 completis,
3184 2445 3541 2499 congressus
3568 2434 3659 2484 est

2002 2521 2319 2576 Zacharias
2344 2535 2485 2574 cum
2519 2534 2696 2574 uxore
2746 2534 2854 2573 sua
2884 2524 3122 2589 propter
3160 2520 3522 2589 promissum
3553 2517 3660 2573 fos-

2004 2615 2156 2735 tumi,
2188 2608 2405 2735 siltentii
2455 2607 2693 2677 ﬂagello
2724 2607 2992 2671 edoctus,
3048 2612 3109 2662 ut
3142 2607 3421 2679 angelicis
3460 2608 3658 2663 verbis

2005 2695 2101 2735 cre
2147 2696 2243 2735 ere
2274 2720 2287 2735 .

2005 2695 2208 2735 creuer
2212 2695 2287 2736 et.

2077 2769 2239 2824 Vers.
2270 2769 2360 2823 24.
2414 2767 2492 2823 Et
2538 2797 2608 2807 —
2647 2768 2898 2838 quinque.
2948 2767 3335 2833 Erubescens,
3393 2784 3464 2824 eo
3493 2767 3659 2839 quod

2005 2863 2162 2913 esset
2190 2858 2389 2913 senior
2413 2873 2481 2912 ac
2506 2856 2937 2928 intempestiva,
2969 2872 3105 2928 qua:
3132 2873 3449 2929 praegnans
3474 2858 3657 2923 fieret,

2004 2946 2193 3003 donec
2220 2947 2386 3018 virgo
2409 2946 2586 3003 etiam
2612 2946 2901 3018 concepit.

2077 3036 2246 3091 Vers.
2293 3040 2381 3091 24.
2413 3035 2605 3091 Dicens
2633 3067 2702 3075 —
2740 3036 2901 3091 Vers.
2943 3038 3030 3091 25.
3084 3035 3342 3091 homines.
3406 3036 3659 3102 Quando

2006 3124 2402 3192 beneplacuit,
2437 3130 2500 3180 ut
2523 3125 2779 3181 auferret
2803 3124 3197 3196 opprobrium
3242 3141 3464 3188 meum,
3501 3124 3656 3195 quod

2007 3215 2172 3286 apud
2198 3214 2471 3271 homines
2493 3219 2637 3280 erat,
2670 3230 2741 3269 eo
2770 3213 2936 3285 quod
2968 3214 3129 3284 prole
3162 3230 3446 3269 carerem.
3482 3213 3662 3284 Apud

2008 3304 2286 3359 Hebraeos
2318 3303 2615 3375 siquidem
2645 3303 2867 3374 probro
2888 3304 3144 3359 dabatur
3165 3318 3487 3374 corporum
3502 3303 3661 3357 steri-

2006 3392 2162 3463 litas,
2195 3396 2399 3464 utpote
2429 3393 2532 3463 qui
2563 3392 2757 3461 magis
2792 3392 3062 3448 carnales
3086 3398 3254 3447 erant
3280 3408 3351 3447 ac
3389 3406 3659 3461 corpora-

2006 3480 2092 3537 les
2122 3499 2136 3549 ;
2179 3480 2343 3552 apud
2373 3481 2733 3537 Christianos
2777 3496 2919 3536 vero
2976 3481 3193 3553 probro
3224 3480 3399 3536 datur
3430 3481 3665 3536 anima-

2006 3585 2142 3626 rum
2169 3569 2460 3634 sterilitas,
2494 3574 2776 3641 tanquam
2800 3570 2994 3639 magis
3024 3570 3387 3641 spirituales.

2080 3658 2245 3714 Vers.
2276 3661 2364 3713 26.
2398 3659 2568 3713 Sexto
2605 3665 2782 3713 autem
2807 3675 2983 3714 mense
3018 3689 3086 3698 —
3136 3659 3295 3715 Vers.
3336 3664 3424 3714 27.
3452 3658 3660 3715 Maria.

2008 3749 2095 3820 -ι-ί-
2123 3747 2388 3818 Gregorii
2416 3749 2665 3820 Nysseni
2687 3766 2700 3803 :
2720 3747 2819 3804 Illo
2834 3756 3094 3820 tempore
3112 3749 3424 3804 nuntiatus
3452 3754 3538 3803 est
3559 3749 3662 3804 ad-

2010 3843 2223 3892 ventus
2236 3837 2580 3902 Servatoris,
2596 3853 2719 3908 quo
2735 3853 2855 3892 nox
2872 3843 3200 3893 extremam
3221 3837 3661 3907 longitudinem

2010 3934 2201 3992 nacta,
2230 3925 2441 3994 minui,
2466 3931 2523 3981 et
2552 3926 2841 3998 paulatim
2883 3943 3235 3983 evanescere
3273 3928 3496 3998 incipit,
3525 3943 3663 3982 cum

2006 4018 2133 4088 jam
2161 4016 2286 4071 dies
2309 4022 2598 4086 augeatur
2628 4033 2698 4072 ac
2727 4016 2967 4072 ulterius
3006 4017 3293 4089 procedat
3328 4034 3343 4084 ;
3380 4023 3441 4073 ut
3470 4017 3665 4072 discas

2011 4106 2284 4161 tenebras
2328 4106 2644 4177 impietatis
2683 4111 2740 4161 et
2778 4112 3155 4177 peccatorum
3202 4124 3267 4162 eo
3313 4123 3503 4178 usque
3531 4123 3664 4178 pro-

2012 4209 2246 4265 gressas
2303 4196 2381 4250 ad
2412 4196 3288 4268 magnitudinemimprobitatis
3304 4212 3374 4252 ac
3392 4196 3663 4252 cumula-

2012 4288 2121 4350 tas,
2163 4284 2379 4340 exinde
2403 4284 2519 4339 tolli
2555 4289 2732 4356 atque
2758 4286 2911 4341 adeo
2925 4285 3176 4341 deﬁcere
3202 4291 3259 4342 et
3279 4301 3658 4351 evanescere,

2011 4388 2152 4428 cum
2175 4373 2301 4443 iam
2323 4374 2568 4445 pietates
2607 4379 2665 4429 et
2685 4375 2915 4430 virtutis
2936 4374 3040 4430 lux
3071 4375 3270 4431 vincat
3296 4380 3354 4431 et
3373 4375 3661 4431 abundet.

2084 4695 2259 4750 Sexto
2285 4709 2510 4761 mense,
2544 4699 2856 4766 postquam
2887 4709 3207 4766 praegnans
3237 4694 3444 4754 effecta
3469 4696 3662 4755 fuerat

2010 4783 2326 4853 Elizabeth,
2359 4799 2497 4839 cum
2524 4784 2652 4853 ejus
2680 4788 2875 4839 uterus
2908 4784 3349 4841 intumesceret.

2082 4876 2456 4943 Desponsata
2481 4878 2681 4927 autem
2707 4877 2832 4927 erat
2857 4871 3051 4941 Virgo,
3086 4882 3150 4927 ut
3176 4872 3487 4931 diabolum
3522 4875 3665 4932 late-

2007 4966 2095 5017 ret
2148 4962 2355 5016 Christi
2408 4961 2702 5017 nativitas.
2772 4960 3055 5018 Audierat
3119 4962 3281 5020 enim
3334 4966 3658 5037 prophetas

2010 5050 2417 5117 annuntiasse,
2446 5051 2612 5123 quod
2633 5059 2787 5105 esset
2812 5068 2842 5106 e
2860 5052 3087 5121 virgine
3106 5055 3472 5120 nasciturus;
3498 5056 3660 5113 ideo-

2007 5156 2124 5212 que
2142 5140 2399 5209 virgines
2411 5140 2790 5209 observabat,
2812 5140 2935 5196 utsi
2956 5156 3141 5213 quam
3157 5143 3218 5198 in
3234 5151 3399 5201 utero
3420 5152 3654 5216 gestare

2006 5230 2246 5292 videret.
2276 5231 2434 5287 circa
2451 5230 2607 5286 hanc
2629 5230 3045 5287 fraudulentiaa
3063 5248 3186 5289 suae
3201 5233 3452 5307 laqueos
3474 5252 3662 5309 appo-

2008 5325 2194 5378 neret.
2217 5319 2439 5377 Placuit
2467 5324 2669 5392 itaque
2701 5324 2837 5393 Deo,
2862 5325 2924 5378 ut
2948 5322 3144 5395 Virgo,
3175 5340 3312 5397 quas
3335 5325 3400 5381 in
3427 5325 3669 5385 habita-

1519 5432 1736 5504 Varim
1754 5436 2082 5510 lectiones
2123 5446 2187 5506 et
2228 5447 2434 5505 notae.

363 5557 481 5645 μδ)
516 5561 1127 5645 Αριιάᾘθιξῐθηὶιιφ,
1179 5564 1295 5624 hoc
1334 5565 1627 5626 vocabulo
1656 5576 1907 5643 praster-

297 5637 486 5705 misso
511 5637 698 5689 textus
713 5637 955 5705 junctus
981 5642 1087 5694 est.

371 5703 484 5778 (16)
520 5710 622 5760 Καὶ
650 5703 819 5764 abest
840 5712 911 5763 A.

2012 5644 2045 5658 η
2085 5573 2196 5658 (L7)
2226 5573 2361 5658 Haec
2394 5578 2640 5648 uterque
2668 5589 2837 5633 meus
2861 5572 2925 5631 in
2964 5573 3231 5648 margine
3262 5576 3462 5636 habet.
3498 5578 3671 5638 Caret

2010 5648 2083 5705 iis
2112 5648 2460 5704 Hentenius.
