4170 6364
460 293 563 358 86⁵7

1792 272 2128 343 EUTHYMII
2164 268 2497 334 ZIGABENI

3729 258 3865 318 868

459 426 663 483 culum
706 437 882 479 suum
931 419 1307 491 segreganda
1351 420 1496 483 erat,
1550 417 1674 472 viro
1739 410 2109 484 desponsata

2235 399 2306 455 »ὗν
2337 403 2362 453 6
2394 404 2525 463 Θεὸς
2572 396 2830 457 εὖδοκησε
2860 395 3249 471 μνηστωθῆναι
3298 387 3453 465 ἄνδρὶ
3500 393 3594 448 τὴν
3647 387 3860 461 ἀφορι-

461 518 635 580 esset,
670 518 734 568 ut
762 512 876 568 hac
907 510 1131 575 relicta,
1164 510 1628 580 indesponsatas
1659 501 1974 576 improbus
2013 495 2108 553 ille

458 603 817 661 observaret.
874 600 1104 656 Dictum
1159 604 1247 655 est
1281 602 1482 654 autem
1534 596 1602 651 de
1641 608 1865 667 sponso
1918 589 2111 647 Matris

459 692 560 749 Dei
583 691 644 748 in
677 690 968 747 Prooemio
990 687 1292 758 Evangelii
1316 687 1487 759 juxta
1518 683 1882 740 Mattheeum.

532 814 704 883 Quod
731 828 874 871 vero
903 813 1142 869 additur
1168 831 1183 866 :
1233 812 1319 868 De
1359 809 1511 866 domo
1542 807 1742 869 David.
1770 804 2115 875 intelligitur

457 909 514 962 et
542 905 616 960 de
661 904 895 973 Virgine
934 908 990 958 et
1019 902 1092 958 de
1123 900 1355 972 Joseph.
1414 898 1563 954 Nam
1596 902 1651 953 et
1678 897 1828 962 haec,
1878 900 1933 950 et
1965 886 2058 949 ille
2080 910 2112 949 e

461 1000 633 1065 gente
657 991 833 1050 David
863 991 1315 1047 descenderant.

532 1173 698 1227 Vers.
725 1172 813 1226 28.
865 1170 942 1225 Et
988 1168 1258 1241 ingressus
1297 1198 1365 1208 —
1409 1171 1595 1220 tecum.
1652 1162 1945 1219 Gaudium
1997 1161 2111 1218 hoc

461 1263 593 1317 Eva
617 1259 789 1316 solvit
819 1257 1316 1314 maledictionem.
1367 1255 1471 1310 Illa
1496 1252 1792 1327 siquidem
1822 1252 1993 1323 jussa
2024 1259 2112 1307 est

458 1349 681 1406 habere
714 1363 1031 1404 mmrorem
1063 1346 1229 1417 (nam
1260 1344 1319 1400 id
1373 1344 1611 1417 prOprie
1652 1341 1947 1413 signiﬁcat
1972 1340 2108 1399 λὺπη

460 1437 853 1507 vocabulum,
898 1435 1063 1508 quod
1112 1435 1407 1490 Geneseos
1446 1433 1614 1488 tertio
1643 1431 1837 1504 capite
1862 1431 1924 1487 in
1964 1447 2114 1487 teru-

462 1543 635 1582 mnas
665 1530 723 1581 et
745 1525 1015 1581 dolorem
1058 1523 1321 1592 vertitur)
1356 1539 1371 1590 ;
1398 1523 1521 1578 haec
1552 1526 1752 1577 autem
1794 1520 2106 1591 gaudium,

459 1615 625 1689 quod
641 1615 879 1670 maerori
900 1611 1267 1669 contrarium
1284 1615 1373 1668 est
1399 1628 1412 1665 :
1433 1611 1657 1676 Gaude,
1679 1608 2111 1683 inquit,’utpote

459 1704 612 1760 inter
635 1718 846 1760 omnes
868 1701 1114 1771 virgines
1144 1701 1205 1755 in
1234 1701 1332 1755 Dei
1370 1702 1607 1757 Matrem
1635 1698 1837 1755 electa.
1889 1699 2112 1758 Gratio-

2221 494 2433 545 σθεῖσαν
2509 490 2579 552 εἰς
2654 492 3057 562 κατοικητήριον
3134 483 3292 536 αὐτοῦ
3361 482 3638 554 Παρθένον,
3721 480 3854 544 ἶνα,

2219 585 2417 642 ταύτης
2471 582 2496 632 6
2538 582 2756 652 πονηρὸς
2815 577 3063 639 ἀποστὰς,
3097 576 3190 636 τὰς
3235 572 3615 644 ἁμνηστεύτους
3655 587 3853 639 παραυ

2219 678 2382 744 τηρῇ.
2426 672 2645 741 Εἴρηται
2670 664 2729 721 δὲ
2760 671 2878 739 περὶ
2907 672 2997 717 τοῦ
3028 671 3327 736 μνηστῆρος
3369 667 3465 722 τῆς
3493 662 3856 732 Θεομήστορος

2223 759 2271 812 ἐν
2296 763 2591 831 προοιμίοις
2610 764 2699 809 τοῦ
2728 757 2862 807 κατὰ
2886 755 3153 807 Ματθαῐον
3182 748 3517 822 [εὐαγγελίου.

2292 886 2362 936 T6
2412 879 2470 935 δὲ
2527 882 2626 944 Ἐξ
2678 884 2822 933 οἴκου
2896 874 3084 943 Δαυὶδ,
3150 884 3344 929 νοεῖται
3399 879 3489 927 καὶ
3560 878 3681 946 περὶ
3734 879 3857 934 τῆς

2225 972 2505 1045 Παρθένου,
2533 975 2623 1023 καὶ
2647 974 2765 1042 περὶ
2797 975 2889 1021 τοῦ
2918 968 3133 1039 Ἰωσήφ.
3171 969 3271 1019 Kal
3302 964 3433 1022 αὕτη
3458 966 3559 1037 γὰρ
3592 960 3855 1021 κάκεῖνος

2222 1060 2276 1113 ἐκ
2301 1064 2476 1132 γένους
2502 1066 2593 1112 τοῦ
2626 1054 2793 1111 Δαυῖδ
2818 1063 3128 1129 κατήγοντο.

2295 1173 2395 1221 Kal
2422 1166 2661 1219 εἰσελθὼν
2691 1196 2760 1205 -
2789 1167 2919 1237 μετὰ
2966 1170 3082 1218 σοῦ.
3131 1160 3271 1219 Αὒτη
3304 1162 3334 1219 ἠ
3378 1162 3528 1234 χαρὰ
3572 1162 3666 1217 τὴν
3701 1156 3853 1230 ἀρὰν
3910 1217 3925 1225 -

2221 1257 2369 1309 ἔλυσε
2423 1265 2512 1317 τῆς
2569 1258 2719 1315 Εὔας.
2774 1253 2970 1311 Ἐκείνη
3021 1256 3110 1324 μὲν
3162 1253 3263 1325 γὰρ
3323 1248 3594 1306 ἐκελεύσθη
3659 1247 3853 1305 λύπην

2221 1348 2381 1417 ἔχειν,
2442 1346 2599 1402 αῦτη·
2625 1341 2684 1396 δὲ
2734 1345 2930 1416 χαρὰν,
2963 1350 3054 1402 τῆς
3099 1339 3268 1401 λύπης
3313 1336 3606 1390 ἀντίπαλον.
3641 1342 3848 1409 Χαῖρε,

2222 1439 2402 1507 φησὶν.
2461 1435 2531 1494 ὡς
2574 1431 2840 1502 ἐκλεγεῖσα
2884 1432 3025 1505 παρὰ
3063 1432 3242 1490 πάσας
3286 1430 3381 1488 τὰς
3426 1427 3711 1499 παρθένους
3768 1425 3852 1485 εἰς

2221 1527 2437 1598 Μητέρα
2464 1526 2611 1576 Θεοῦ.
2668 1524 3103 1596 Κεχαριτωμένηθ
3140 1515 3199 1571 δὲ
3243 1517 3405 1575 αὐτὴν
3452 1516 3719 1586 ὠνόμασεν
3766 1516 3851 1574 ὡς

2220 1615 2446 1685 χάριτος
2491 1610 2799 1673 ἀξιωθεῖσαν
2837 1612 3144 1684 ὑπερφυοῦς·
3178 1610 3235 1659 τὸ
3275 1603 3334 1659 δι
3375 1604 3435 1657 Ὀ
3467 1607 3656 1679 Κύριος
3698 1606 3850 1677 μετὰ

2224 1710 2341 1770 σοῦ,
2370 1700 2482 1754 ἀντὶ
2506 1708 2615 1766 τοῦ,
2645 1699 2703 1752 Ὀ
2733 1703 2858 1760 Θεὸς
2893 1698 2941 1751 ἐν
2972 1702 3077 1751 σοί.

461 1808 592 1849 sam
631 1807 762 1848 vero
791 1788 1119 1847 nominavit
1146 1788 1332 1859 illam,
1361 1793 1651 1862 tanquam
1681 1789 1954 1846 videlicet
1984 1791 2179 1861 gratia
2218 1790 2661 1865 supernaturali
2690 1789 2939 1859 dignam
2977 1804 2991 1843 :
3034 1786 3310 1842 Dominus
3336 1790 3552 1854 tecum,
3576 1783 3691 1839 hoc
3725 1788 3846 1847 est,

460 1882 611 1937 Deus
637 1882 700 1937 in
730 1884 784 1937 te
812 1884 920 1937 est.

529 1969 692 2025 Vers.
724 1970 813 2025 28.
863 1968 1161 2025 Benedicta
1188 1997 1256 2011 -—-
1285 1966 1624 2023 mulieribus.
1683 1968 1804 2025 Hoc
1851 1973 1959 2035 est,
1990 1969 2114 2027 lau-

458 2060 621 2126 data,
655 2061 849 2116 beata.

530 2149 692 2208 Vers.
721 2150 807 2205 29.
839 2148 946 2205 Illa
970 2166 1092 2205 vero
1123 2178 1190 2189 —
1237 2148 1369 2220 ejus.
1419 2148 1659 2220 Timuit,
1705 2164 1779 2206 ne
1837 2148 1988 2206 forte
2010 2149 2118 2206 do-
2147 2131 2190 2187 Β

460 2239 627 2297 lusus
646 2243 822 2296 esset.

532 2329 704 2386 Vers.
740 2330 830 2384 29.
866 2330 931 2385 Et
957 2329 1060 2385 illa
1086 2361 1156 2372 -
1182 2329 1466 2386 salutatio.
1515 2329 1722 2385 Utrum
1760 2327 1983 2395 divina,
2040 2342 2118 2384 an

461 2436 498 2478 a
534 2418 824 2475 daemone.
882 2420 1308 2478 Salutationem
1364 2425 1558 2476 autem
1603 2417 1764 2484 dicit,
1799 2416 2122 2490 compella-

462 2506 711 2566 tionem.

528 2599 691 2654 Vers.
718 2600 804 2655 30.
848 2597 923 2653 Et
972 2598 1056 2654 ait
1091 2629 1160 2641 —
1191 2600 1386 2654 Deum.
1422 2595 1923 2666 Benevolentiam,
1951 2594 2118 2652 fami-

459 2687 794 2744 llaritatem.

532 2775 695 2831 Vers.
729 2777 816 2832 31.
871 2776 946 2831 Et
974 2792 1082 2831 ecce
1137 2807 1204 2817 —
1252 2776 1414 2832 Vers.
1448 2776 1536 2832 32.
1564 2774 1813 2846 Magnus.
1843 2773 2119 2844 Magnus,

461 2871 700 2938 propter
722 2865 1203 2936 magnitudinem
1233 2880 1487 2938 operum
1513 2880 1584 2922 ac
1611 2878 1960 2920 sermonum
1982 2877 2118 2919 suo-

466 2969 602 3010 rum
611 2995 624 3008 .

532 3043 694 3098 Vers.
728 3043 814 3098 32.
864 3042 936 3096 Et
996 3041 1171 3097 Filius
1210 3074 1276 3083 —
1334 3044 1634 3101 vocabitur.
1680 3047 1813 3104 Erat
1872 3048 2119 3122 quidem

462 3130 639 3188 Filius
660 3131 938 3187 Altissimi
964 3148 977 3187 :
1006 3132 1087 3187 ita
1101 3136 1305 3189 autem
1330 3138 1544 3206 postea
1564 3137 1741 3193 etiam
1762 3143 2011 3195 vocatus
2035 3143 2124 3195 est

461 3221 540 3279 ab
567 3222 681 3287 his,
713 3222 817 3294 qui
840 3222 902 3278 in
918 3222 1125 3294 ipsum
1164 3222 1565 3280 crediderunt.

532 3313 695 3369 Vers.
734 3310 824 3367 32.
854 3311 930 3367 Et
958 3311 1111 3367 dabit
1142 3343 1212 3352 —
1226 3315 1412 3384 patris
1428 3314 1620 3385 ipsius.
1644 3316 1971 3385 Thronum,
1997 3317 2122 3374 sive

459 3415 715 3472 regnum
755 3406 811 3456 et
844 3406 1204 3472 potestatem
1236 3418 1416 3475 super
1444 3405 1739 3461 Hebraeos.

531 3489 694 3545 Vers.
714 3490 802 3546 33.
816 3491 893 3545 Et
914 3490 1250 3561 regnabit—
1266 3492 1422 3561 ﬁnis.
1446 3492 1709 3565 Populus
1728 3495 1830 3550 Dei
1851 3494 2125 3567 quando-

2301 1968 2629 2041 Εὐλογημένη
2661 1999 2729 2007 -
2751 1966 2977 2039 γυναιξί.
3014 1966 3331 2039 Εὐφημητὴ,
3360 1966 3617 2038 μακαρία.

2296 2164 2355 2217 Ἠ
2382 2161 2442 2217 δε
2472 2194 2536 2203 --
2569 2162 2749 2218 αὐτοῦ.
2776 2159 3042 2234 Ἐφοϐηθη
3074 2163 3273 2232 μήποτε
3302 2154 3516 2232 δολερὸς
3541 2155 3684 2211 ἔστι.

2300 2346 2401 2396 Καὶ
2479 2372 2547 2381 -
2614 2342 2640 2392 6
2710 2338 2994 2412 ἀσπασμὸς
3068 2336 3236 2398 οὗτος.
3305 2339 3527 2409 Πότερον
3587 2335 3742 2396 θεῖος,
3804 2333 3837 2391 ἦ

2229 2429 2519 2505 δαιμόνιος.
2599 2430 2910 2501 Ἀσπασμὸν
2996 2424 3056 2481 6“:
3128 2426 3265 2499 λέγει
3326 2429 3420 2483 τὴν
3501 2421 3620 2495 (18)
3670 2441 3842 2495 προσ-

2230 2541 2356 2595 αγορ
2367 2540 2465 2573 ιαν.

2303 2614 2404 2664 Καὶ
2436 2607 2570 2661 εἶπεν
2603 2640 2664 2648 -
2693 2615 2766 2679 τῷ
2802 2613 2936 2677 Θεῷ.
2971 2604 3266 2677 Εὖμένειαν,
3302 2602 3586 2656 οἰκείοισιν.

2303 2792 2405 2841 Καὶ
2434 2783 2550 2841 ἰδοὺ
2580 2816 2643 2827 --
2671 2789 2857 2858 μέγας.
2882 2787 3060 2855 Μέγας
3086 2778 3181 2834 διὰ
3212 2781 3270 2833 τὸ
3312 2782 3527 2854 μέγεθος
3551 2785 3638 2831 τῶν
3665 2779 3823 2851 ἔργων

2230 2884 2319 2932 καὶ
2342 2879 2507 2950 λόγων
2543 2876 2704 2929 αὐτοῦ
2715 2918 2726 2930 .

2304 3061 2405 3111 Καὶ
2462 3058 2582 3116 Υἱὸς
2639 3084 2706 3096 -
2763 3053 3105 3112 κληθήσεται.
3183 3050 3281 3103 Ἦν
3348 3052 3438 3122 μὲν
3505 3049 3623 3108 Υἱὸς
3698 3045 3847 3116 Ὑψί-

2235 3154 2377 3200 στοῦο
2435 3144 2625 3203 ἐκλήθη
2685 3139 2744 3195 δι
2796 3142 2911 3213 (19)
2973 3149 3127 3194 τοῦτο
3174 3145 3265 3193 καὶ
3297 3140 3515 3213 ὕστερον
3564 3138 3709 3210 παρὰ
3744 3142 3847 3187 τῶν

2233 3235 2626 3289 πιστευσάντων
2654 3232 2724 3294 εἰς
2755 3231 2932 3284 αὐτόν.

2307 3328 2408 3377 Kal
2440 3318 2603 3375 δώσει
2645 3323 2836 3394 πατρὸς
2878 3350 2946 3360 -
2982 3318 3163 3374 αὐτοῦ.
3195 3321 3293 3370 Τὸν
3346 3318 3541 3388 θρόνον,
3597 3317 3719 3373 ἤτοι
3747 3317 3844 3372 τὴν

2235 3412 2529 3488 βασιλείαν,
2561 3417 2653 3467 τήν
2689 3409 2772 3462 ἐπὶ
2802 3412 2923 3470 τοὺς
2956 3406 3229 3482 Ἑϐραίους
3257 3405 3514 3469 ἐξουσίαν.

2308 3507 2409 3556 Καὶ
2488 3498 2789 3573 βασιλεύσει
2856 3529 2925 3538 --
3000 3496 3155 3557 τᾶος.
3209 3494 3268 3548 "0
3339 3493 3462 3556 λαὸς
3536 3498 3629 3545 τοῦ
3712 3495 3841 3545 Θεοῦ

463 3594 576 3651 que
597 3579 1060 3648 Israelvocatur,
1089 3579 1392 3638 interdum
1413 3582 1764 3639 veroJacob.
1782 3584 1945 3640 Unus
1961 3584 2121 3639 enim

2235 3594 2357 3646 ποτε
2407 3593 2496 3662 μεν
2554 3587 2769 3663 Ἰσραὴλ
2814 3587 3066 3654 καλεῖται,
3120 3588 3245 3638 ποτὲ
3291 3579 3351 3636 δε
3393 3580 3602 3637 Ἰακώϐ.
3641 3580 3700 3632 Ὀ
3753 3580 3845 3632 αὖ·

462 3668 742 3740 idemque
754 3667 932 3724 homo
949 3673 1007 3724 et
1033 3669 1206 3724 Israel
1230 3670 1478 3727 etJacob
1491 3678 1636 3727 erat.
1666 3673 1731 3727 Et
1750 3676 1966 3729 natura
1985 3671 2122 3745 qui-

463 3756 604 3813 dem
632 3757 813 3813 Jacob
844 3762 1012 3814 vetus
1037 3763 1163 3815 erat
1188 3759 1472 3832 populus,
1503 3764 1708 3834 utpote
1738 3777 1774 3816 a
1799 3761 1986 3818 Jacob
2016 3776 2123 3834 per

461 3846 771 3917 sanguinis
793 3847 1212 3918 cognationem
1225 3849 1635 3907 descendens:
1667 3850 1993 3922 adoptione
2021 3867 2124 3907 ve-

463 3951 551 4001 ro,
580 3936 761 3992 Israel
807 3952 996 3992 novus
1021 3941 1146 3992 erat
1170 3939 1469 4009 populus;
1504 3956 1646 3995 nam
1689 3955 1798 4011 pro
1830 3941 2007 3996 veteri
2032 3940 2124 3997 in-

463 4026 675 4083 ductus
706 4031 793 4082 est
816 4042 1007 4082 novus
1048 4027 1326 4098 populus.
1363 4029 1550 4101 Super
1574 4030 1735 4086 hunc
1768 4031 1972 4104 itaque
2014 4048 2124 4087 no-

464 4131 605 4170 vum
623 4115 912 4185 populum
935 4114 1206 4184 regnabit
1234 4115 1295 4170 in
1319 4121 1632 4182 aeternum,
1650 4117 1711 4173 id
1732 4124 1844 4186 est,
1869 4134 2122 4190 semper,

466 4204 563 4275 qui
591 4202 861 4258 videlicet
890 4218 964 4258 ex
992 4202 1275 4274 operibus
1322 4220 1393 4261 ac
1422 4207 1806 4263 sermonibus
1830 4208 2034 4279 ipsum
2062 4223 2125 4264 a-

465 4292 692 4362 gnovit,
722 4307 965 4365 seseque
1016 4292 1097 4347 illi
1145 4294 1474 4352 voluntarie
1524 4296 1810 4352 subdidit.
1859 4297 2124 4354 Christus

467 4380 784 4451 siquidem,
815 4386 869 4436 et
899 4380 959 4436 in
999 4386 1286 4454 quantum
1328 4386 1500 4448 Deus,
1545 4400 1650 4441 rex
1687 4391 1816 4443 erat
1849 4387 2126 4460 :Regnum

463 4469 676 4542 inquit,
706 4486 880 4525 meum
906 4488 1010 4527 non
1037 4477 1115 4526 est
1134 4488 1200 4527 ea:
1236 4472 1329 4527 hoc
1348 4473 1546 4529 mundo
1564 4475 1624 4543 ⁴;
1656 4480 1713 4531 et
1737 4476 1798 4532 in
1825 4484 2122 4550 quantum

466 4559 652 4616 homo
678 4577 695 4615 :
717 4560 980 4618 habebat
998 4560 1161 4617 enim
1190 4562 1344 4633 regis
1371 4578 1571 4634 opera,
1596 4569 1743 4636 puta
1778 4566 2029 4623 subditis
2049 4567 2132 4625 le-

468 4663 574 4721 ges
602 4650 881 4718 condere,
919 4650 1194 4723 dirigere,
1228 4652 1516 4724 excolere,
1566 4670 1637 4711 ac
1668 4670 1774 4727 pro
1820 4655 1906 4711 eis
1958 4656 2127 4711 morti

468 4754 599 4796 sese
623 4755 920 4812 exponere
944 4756 957 4796 :
988 4756 1130 4797 nam
1154 4740 1283 4797 haec
1301 4741 1684 4815 potissimum
1713 4759 1876 4809 eum,
1904 4745 2134 4817 quirex

468 4833 581 4899 est,
612 4829 972 4901 insigniunt.

538 4920 658 4975 Ista
713 4925 915 4977 autem
963 4920 1120 4977 dicta
1177 4924 1315 4977 sunt
1365 4920 1559 4993 capite
1613 4922 1808 4995 primo
1857 4925 2127 4997 Evange-
2164 4930 2209 4985 D

467 5008 529 5065 lii
560 5009 891 5066 secundum
932 5009 1293 5076 Matthaaum,
1346 5010 1449 5066 ubi
1482 5011 1737 5068 habetur
1772 5030 1785 5069 :
1848 5012 1953 5078 Qui
1979 5019 2130 5085 regat

469 5097 618 5171 (sive
637 5099 843 5170 pascat)
868 5098 1127 5170 populum
1149 5116 1323 5155 meum
1354 5100 1534 5155 Israel
1562 5101 1606 5156 ⁸.

539 5186 708 5242 Vers.
735 5190 824 5243 34.
865 5187 1027 5243 οἰωιί
1055 5219 1123 5229 -
1160 5205 1483 5262 cognoscam.
1517 5191 1825 5257 Quomodo
1857 5191 1964 5250 erit
1996 5192 2127 5262 hoc,

543 5285 564 5321 ⁴
594 5284 767 5343 Joan.
795 5301 958 5356 xviii,
991 5290 1060 5344 36
1135 5289 1157 5324 ⁵
1188 5287 1391 5346 Matth.
1420 5306 1480 5358 ιι,
1505 5290 1558 5347 6.

2233 3684 2322 3741 τὸς
2364 3682 2462 3754 γὰρ
2499 3675 2560 3737 ἧν
2590 3682 2680 3730 καὶ
2729 3675 2937 3750 Ἰσραὴλ
2986 3680 3075 3728 καὶ
3133 3672 3337 3728 Ἰακώϐ.
3393 3671 3505 3725 Καὶ
3560 3673 3714 3742 φύσει
3753 3672 3843 3741 μεν

2237 3767 2422 3824 Ἰακὼϐ
2475 3764 2536 3826 ἦν
2567 3768 2592 3819 6
2640 3765 2860 3826 παλαιὸς
2895 3765 3037 3829 λαὸς,
3082 3766 3151 3824 ὡς
3208 3761 3261 3825 ἐξ
3312 3758 3517 3831 Ἰακὼϐ,
3566 3762 3704 3812 κατὰ
3749 3763 3841 3817 τὴν

2235 3858 2288 3922 ἐξ
2344 3859 2565 3931 αἳματος
2637 3858 2957 3927 συγγένειαν’
3026 3854 3161 3906 θέσει
3239 3847 3298 3903 δὲ
3369 3847 3559 3903 Ἰακὼϐ
3630 3849 3656 3899 6
3737 3851 3844 3910 νέος

2233 3948 2371 4014 λαὸς,
2414 3948 2550 3997 κατὰ
2605 3949 2698 4002 τὴν
2756 3942 2808 4006 ἐξ
2878 3941 3064 4017 ἀρετῆς
3123 3942 3440 4012 συγγένειαν·
3505 3937 3837 4009 Δντεισηχθη

2234 4039 2334 4110 γὰρ
2391 4037 2416 4088 6
2442 4038 2547 4096 νέος
2596 4041 2687 4086 τοῦ
2743 4032 2986 4085 παλαιοῦ.
3034 4033 3229 4084 Λοιπὸν
3286 4024 3373 4081 οὖν
3427 4025 3510 4080 ἐπὶ
3540 4034 3725 4079 τοῦτον
3761 4029 3841 4078 τόν

2235 4125 2355 4178 λαὸν
2397 4122 2696 4176 ϐασιλεύσει
2757 4120 2829 4183 εἰς
2885 4123 3005 4181 τοὺς
3060 4119 3266 4185 αἰῶνας,
3325 4121 3486 4189 ἤγουν
3536 4113 3635 4183 ἀεὶ,
3684 4118 3742 4168 ἔκ
3792 4134 3842 4167 τε

2235 4223 2332 4268 τῶν
2390 4216 2550 4287 ἔργων
2606 4216 2696 4263 καὶ
2766 4218 2866 4263 τῶν
2939 4209 3103 4281 λόγων
3182 4206 3456 4279 ἐπιγνόντα
3519 4205 3698 4274 αὐτόν,
3756 4208 3841 4257 καὶ

2239 4303 2489 4364 ἑκουσίως
2547 4302 2953 4373 ὑποτεταγμένον
2999 4297 3157 4368 αὐτῷ.
3214 4295 3272 4349 Ὁ
3331 4297 3432 4370 γὰρ
3491 4298 3727 4368 Χριστὸς
3784 4289 3837 4352 ἧν

2236 4396 2328 4466 μὲν
2389 4390 2631 4464 βασιλεὺς
2681 4394 2771 4442 καὶ
2828 4392 2897 4450 ὡς
2950 4390 3093 4447 Θεὸς·
3124 4385 3182 4439 ’Π
3232 4383 3497 4458 βασιλεία,
3523 4386 3625 4459 γὰρ
3664 4386 3831 4455 φησιν,

2324 4481 2437 4553 ἐμὴ,
2495 4478 2589 4532 οὐκ
2647 4481 2786 4531 ἔστιν
2845 4476 2898 4529 ἐκ
2951 4472 3042 4528 τοῦ
3112 4479 3313 4548 κόσμου
3389 4476 3595 4526 τούτου·
3648 4469 3706 4529 ἦν
3776 4466 3830 4521 δὲ

2240 4576 2329 4624 καὶ
2385 4572 2451 4631 ὡς
2521 4570 2809 4643 ἄνθρωπος.
2891 4564 3019 4637 Εἶχε
3101 4566 3201 4636 γὰρ
3270 4566 3395 4637 ἔργα
3467 4560 3717 4635 βασιλέως
3771 4559 3824 4608 τὸ

2240 4660 2529 4732 νομοθετεῖν
2586 4663 2697 4718 τοῖς
2764 4657 3011 4715 ὑπηκόοις
3069 4652 3252 4718 αὐτοῦ,
3308 4655 3366 4704 τὸ
3440 4651 3731 4727 ῥυθμίζειν,
3779 4648 3831 4698 τὸ

2241 4752 2519 4823 περιέπειν,
2580 4749 2637 4799 τὸ
2695 4745 3180 4820 ὑπεραποθνώσκειν
3253 4741 3441 4812 αὐτῶν,
3527 4739 3563 4792 ἆ
3619 4738 3842 4813 μάλιστα

2241 4839 2708 4913 χαρακτηρίζουσι
2734 4837 2818 4887 τὸν
2849 4833 3055 4895 ἀληθῶς
3081 4830 3324 4905 βασιλέα.

2319 4929 2539 5001 Εἴρηται
2571 4921 2629 4977 δὲ
2658 4931 2825 4976 ταῦτα
2866 4926 2955 4974 καὶ
2998 4921 3047 4974 ἐν
3102 4930 3175 4993 τῷ
3205 4926 3392 4994 πρώτῳ
3445 4917 3708 4992 κεφαλαίῳ
3761 4936 3842 4970 του

2243 5017 2378 5068 κατά
2426 5015 2714 5081 Ματθαῖον,
2760 5013 2880 5064 ἔνθα
2918 5018 3089 5063 κεῖται
3133 5013 3212 5065 τό.
3259 5008 3447 5070 Ὀστις
3483 5013 3738 5081 ποιμανεῖ
3765 5009 3842 5058 τὸν

2243 5104 2365 5157 λαὸν
2395 5123 2495 5177 μου
2535 5106 2622 5155 τὸν
2656 5100 2889 5176 Ἰσραήλ.

2318 5191 2446 5250 Εἷπε
2501 5222 2570 5232 —-
2623 5196 2886 5265 γινώσκω.
2938 5196 3057 5252 Πῶς
3097 5190 3241 5242 ἔσται
3291 5195 3465 5254 τοῦτο,
3523 5182 3735 5247 δηλαδὴ
3790 5187 3844 5238 τὸ

1702 5409 1921 5479 Variae
1949 5386 2285 5480 lectionies
2317 5415 2384 5476 et
2428 5410 2634 5475 notae.

530 5540 658 5621 (18)
683 5542 769 5621 lta
790 5542 1067 5621 uterque.
1090 5540 1519 5621 corrigendum
1558 5548 1945 5621 προσηγορίαν.
1992 5546 2149 5604 Scri-

469 5610 566 5674 haé
602 5610 881 5669 videntur
899 5610 966 5668 id
987 5620 1183 5670 mente
1211 5610 1500 5671 habuisse
1528 5610 1974 5693 προσαγόρευσιν.

2289 5516 2445 5617 Δ’(19)
2472 5544 2533 5595 Δὲ
2550 5543 2639 5595 καὶ
2666 5546 2820 5594 τοῦτο
2854 5536 3068 5617 ὕστερον
3099 5542 3160 5596 Β.
