4170 6364
229 338 348 396 869

1363 323 1735 384 COMMENT.
1785 320 1854 376 IN
1895 313 2158 375 LUCAM.
2201 349 2266 358 -
2307 315 2462 372 Cll“.
2509 314 2551 376 Ῐ.

3517 308 3621 374 870

236 465 525 517 συλλαϐεῖν
593 461 639 514 ἐν
690 464 908 533 γαστρὶ,
981 461 1068 509 καὶ
1133 462 1292 507 τεκεῖν
1349 455 1498 517 uie»;
1560 451 1847 506 Ἢπίστησε

1970 446 2031 496 ut
2060 439 2334 496 videlicet
2373 440 2706 512 concipiam
2749 440 2809 496 in
2837 444 3004 498 utero
3033 445 3088 496 et
3114 439 3347 512 pariam
3375 441 3563 496 ﬁlium
3594 443 3622 498 ?

235 557 335 622 μὲν
401 551 491 606 οὖν
544 557 634 604 καὶ
688 550 842 615 αῦτη,
911 548 1142 618 καθάπερ
1170 546 1194 594 6
1230 546 1519 614 Ζαχαρίας,
1579 539 1685 610 οὐχ
1736 539 1854 589 ὑπε-

236 644 414 703 ϐλήθη
462 639 520 695 δὲ
572 650 662 701 τῆς
707 638 952 697 ἀπιστίας
1002 635 1247 706 ἐπιτιμίῳ
1275 646 1288 662 ⁸
1347 629 1485 684 διότι
1535 630 1724 687 ἐκεῖνος
1767 629 1855 698 μὲν

234 731 360 804 εἶχε
417 726 825 804 παραδείγματα
871 725 1035 778 πολλὰ
1070 732 1163 785 τῆς
1213 721 1261 774 ἐν
1299 726 1443 794 γήρει
1492 715 1852 780 παιδοποιίας,

231 826 338 878 τὴν
401 819 623 894 Σάρραν,
682 823 776 876 τὴν
830 815 1114 881 Ῥεϐέκκαν,
1171 815 1264 870 τὴν
1316 808 1528 880 Ῥαχὴλ,
1595 812 1686 865 τὴν
1729 805 1853 858 Ἀν-

231 928 372 961 ναν’
434 911 464 967 η
534 905 592 961 δὲ
648 909 898 980 παρθένος
947 899 1070 956 οὐδὲ
1127 903 1195 956 ἐν,
1257 896 1496 970 Οὐδεμία
1559 901 1659 971 γὰρ
1727 915 1856 968 παρ-

235 1000 391 1060 θένος
492 998 580 1057 ἕως
677 995 835 1054 αὐτῆς
946 993 1064 1045 ἄνευ
1167 985 1357 1063 ἀνδρὸς
1434 985 1675 1039 συνέλαϐε
1766 989 1855 1036 καὶ

232 1090 384 1140 ἔτεκε
415 1086 556 1159 (20).

317 1181 430 1230 Καὶ
489 1175 786 1249 ἀποκριθεὶς
836 1203 906 1212 -
955 1169 1038 1222 ἐπὶ
1088 1174 1162 1222 σέ.
1202 1167 1445 1240 [Πνεῦμα
1508 1167 1622 1236 (21)
1668 1164 1850 1234 ἅγιον·

237 1273 465 1336 Πνεῦμα
501 1267 590 1336 μὲν
628 1263 798 1334 ἅγιον,
839 1262 1086 1332 καθαῖρον
1127 1261 1210 1309 ἐπὶ
1249 1256 1417 1320 πλέον,
1450 1259 1541 1306 καὶ
1591 1253 1806 1325 ἁγιάζον
1838 1271 1850 1284 ο

235 1351 480 1425 δύναμις
556 1349 615 1404 δὲ
686 1351 956 1420 Ὑψίστου,
1039 1345 1523 1420 παρασκευάζουσα
1609 1340 1852 1400 δεκτικὴν

230 1449 335 1495 τοῦ
427 1446 599 1511 Λόγου
683 1445 772 1491 καὶ
846 1445 979 1490 Θεοῦ
1055 1442 1145 1489 καὶ
1222 1439 1536 1510 παρέχουσα
1613 1452 1853 1504 γεννητι-

229 1535 338 1590 κὴν
375 1527 664 1600 δύναμιν.]

313 1620 590 1694 Ἐνεργοῦν
664 1616 972 1691 ἀπορρήτως
1033 1619 1124 1668 καὶ
1207 1617 1300 1672 τὴν
1365 1609 1605 1687 ἔνανδρον
1662 1611 1852 1670 συλλη-

229 1709 332 1782 ψιν
375 1714 471 1760 καὶ
503 1711 589 1760 τὸν
616 1709 846 1782 ὑπερφυῆ
879 1711 1047 1759 τόκον.

1970 534 2036 586 Et
2061 530 2188 585 haec
2224 531 2423 601 itaque
2461 545 2583 585 non
2623 530 2890 596 credidit,
2942 531 3092 586 sicut
3130 531 3463 595 Zacharias,
3497 546 3622 586 non

1970 625 2172 674 tamen
2192 618 2620 674 incredulitatis
2646 618 2955 674 admonita
2978 623 3068 674 est
3088 634 3193 690 per
3221 634 3498 689 poenam:
3527 619 3620 676 ille

1971 708 2264 779 siquidem
2316 707 2504 762 multa
2545 707 2756 762 habuit
2814 707 3089 778 exempla
3119 708 3514 779 susceptionis
3556 707 3621 762 li-

1967 796 2250 852 berorum
2277 796 2332 851 in
2355 801 2652 851 senectute
2676 813 2688 851 :
2719 796 2976 860 Sarram,
3007 797 3359 860 Rebeccam,
3379 796 3618 861 Rachel,

1969 887 2203 940 Annam
2247 884 2465 952 :virgo
2497 890 2696 939 autem
2741 885 2991 939 nullum.
3039 884 3213 939 Nulla
3260 885 3420 940 enim
3450 885 3620 954 virgo

1969 975 2044 1029 ad
2074 973 2135 1029 id
2163 989 2352 1045 usque
2393 979 2627 1044 tempus
2659 974 2786 1028 sine
2817 972 2944 1028 viro
2974 978 3322 1044 conceperat
3347 980 3404 1030 et
3447 989 3622 1046 pepe-

1965 1068 2146 1118 rerat.

2034 1150 2200 1206 Vers.
2260 1152 2347 1204 3‘5.
2402 1150 2477 1204 Et
2523 1149 2840 1221 respondens
2891 1180 2961 1190 —
3009 1149 3070 1202 ιή
3127 1156 3194 1203 te.
3246 1151 3332 1219 -Η-
3373 1150 3620 1220 Spiritus

1964 1245 2204 1295 sanctus
2228 1255 2240 1292 :
2272 1238 2515 1308 Spiritus
2541 1240 2783 1310 quidem
2806 1241 3073 1302 sanctus,
3090 1238 3280 1306 magis
3300 1236 3622 1308 puriﬁcans

1963 1333 2020 1382 et
2057 1327 2432 1383 sanctiﬁcans
2462 1344 2475 1393 ;
2508 1327 2766 1399 potentia
2822 1343 2962 1382 vero
3010 1327 3314 1390 Altissimi,
3357 1325 3621 1381 efﬁciens

1963 1422 2167 1488 aptam
2201 1416 2280 1471 ad
2323 1416 2734 1487 recipiendum
2749 1416 2950 1486 Logon
2978 1422 3035 1472 et
3059 1419 3246 1471 Deum
3277 1422 3332 1470 et
3359 1415 3620 1485 largiens

1962 1504 2302 1560 facultatem
2337 1505 2640 1575 gignendi.

2034 1597 2144 1660 Qui
2181 1593 2556 1650 inetfabiliter
2606 1594 2945 1666 operabitur
2991 1597 3046 1650 et
3101 1598 3460 1666 conceptum
3491 1593 3618 1649 sine

1961 1683 2110 1745 viro,
2142 1687 2199 1738 et
2227 1687 2466 1754 partum
2498 1682 3037 1753 supernaturalem.

314 1804 420 1852 Καὶ
475 1794 696 1869 δύναμις
739 1827 808 1836 -
855 1814 962 1850 σοι.
1014 1800 1084 1847 Τὸ
1135 1794 1260 1846 αὐτὸ
1311 1790 1464 1851 δηλοῖ
1513 1795 1603 1843 καὶ
1644 1791 1847 1852 οὖτοςὸ

2031 1773 2202 1827 Vers.
2237 1777 2330 1828 35.
2365 1771 2439 1825 Et
2477 1773 2664 1826 virtus
2688 1802 2753 1812 —-
2779 1771 2900 1826 tibi.
2937 1772 3099 1826 idem
3129 1787 3373 1843 quoque
3401 1771 3619 1827 indicat

228 1887 414 1959 λόγος.
491 1889 717 1958 Δύναμις
772 1893 904 1938 Θεοῦ
955 1887 1203 1936 σκεπάσει
1275 1902 1352 1951 σε,
1430 1879 1738 1954 δυναμοῦσοξ
1793 1899 1849 1933 σε

226 1980 369 2052 πρὸς
397 1978 691 2048 ὑπουργίαν
720 1982 812 2026 τοῦ
835 1976 1070 2026 τοιουτου
1097 1975 1417 2046 πράγματος.

307 2068 403 2118 Διὸ
441 2095 510 2107 -
545 2071 698 2118 Θεοῦ.
733 2067 820 2116 Διὸ
867 2068 956 2115 καὶ
1003 2066 1060 2115 τὸ
1118 2065 1266 2134 ἅγιον
1312 2061 1521 2135 βρέφος,
1571 2065 1630 2113 τὸ
1669 2067 1847 2133 γεννώ-

229 2173 390 2226 μενον
443 2153 498 2205 ἐκ
572 2153 684 2225 (22)
765 2160 880 2219 σοῦ,
941 2152 1261 2210 κληθήσεται
1332 2154 1451 2213 Υἱὸς
1523 2155 1648 2203 Θεοῦ
1704 2152 1847 2222 παρὰ

228 2251 338 2294 τῶν
396 2250 598 2295 πιστῶν
648 2238 741 2294 διὰ
809 2245 876 2294 τὰ
928 2244 1177 2315 θεοπρεπῆ
1248 2244 1375 2316 ἔργα
1417 2248 1510 2302 τῆς
1581 2242 1846 2312 ἡνωμένης

231 2331 386 2402 αὐτῷ
418 2334 679 2392 θεότητος,

308 2424 456 2481 Τινὲς
520 2417 600 2486 δὲ,
669 2419 1102 2492 ἀναγινώσκοντες
1181 2424 1238 2472 τὸ
1322 2425 1649 2492 Γεννώμενον,
1715 2421 1844 2471 ὐπο-

235 2514 514 2574 στίζουσι,
609 2509 836 2581 λέγοντες
912 2512 992 2562 ὅτι
1054 2507 1148 2562 διὰ
1225 2513 1283 2562 τὸ
1358 2509 1578 2562 ἐπελθεῖν
1637 2516 1845 2582 Πνεῦμα

231 2600 416 2670 ἅγιον,
465 2605 554 2652 καὶ
597 2601 906 2652 ἑπισκὶάσαι
955 2596 1176 2670 δύναμιν
1222 2598 1494 2668 Ὑψίστου,
1551 2602 1608 2650 τὸ
1658 2604 1842 2669 γεννώ-

228 2707 388 2760 μενον
449 2691 597 2740 ἔσται
647 2691 810 2759 ἅγιον,
863 2692 982 2746 ἤτοι
1035 2689 1166 2740 θεῖον
1215 2705 1227 2717 °
1279 2685 1390 2738 εἶτα
1440 2690 1506 2739 τὰ
1562 2687 1678 2759 (23)
1728 2687 1843 2749 ἑξῆς

225 2776 404 2830 ἀπολύ
415 2797 508 2837 τως
536 2777 972 2848 ἀναγινώσκουσι.

301 2869 417 2917 Καὶ
463 2863 579 2917 ἰδοὺ
612 2897 676 2905 —-
719 2867 885 2939 ῥῆμα.
947 2868 1078 2938 Πρὸς
1133 2865 1486 2940 πληροφορίαν
1532 2866 1693 2925 αὐτῆς
1745 2885 1841 2917 πα-

216 2950 506 3024 ράδειγμα
535 2955 716 3011 τίθησι
749 2959 841 3012 τὴν
873 2953 1166 3018 Ἐλισάϐετ,
1197 2951 1488 3021 διδάσκων,
1522 2957 1602 3008 ὅτι
1627 2955 1683 3006 Ὀ
1713 2951 1841 3016 δοὺς

217 3044 438 3116 καρπὸν
495 3049 556 3112 τῇ
623 3041 838 3114 ἀκάρπῳ
888 3043 1062 3115 κοιλίᾳ
1125 3052 1218 3105 τῆς
1274 3050 1496 3118 στείρας,
1549 3044 1699 3104 αὐτὸς
1751 3048 1839 3096 καὶ

1959 1859 2055 1916 hic
2085 1876 2302 1924 sermo,
2341 1860 2527 1915 Virtus
2566 1861 2668 1914 Dei
2690 1866 2936 1930 proteget
2983 1867 3030 1914 te
3061 1877 3074 1925 ;
3113 1865 3414 1931 potentem
3441 1860 3620 1916 faciet

1959 1953 2015 2005 te
2041 1951 2118 2006 ad
2149 1950 2327 2019 hujus
2365 1951 2445 2004 rei
2483 1950 2910 2020 operationem.
3501 1966 3508 1973 ·

2028 2058 2190 2112 Vers.
2237 2057 2330 2112 35,
2364 2055 2508 2110 Ideo.
2539 2085 2604 2094 —
2645 2054 2772 2109 Dei.
2825 2053 2960 2109 Ideo
2991 2069 3232 2126 quoque
3264 2061 3502 2111 sanctus
3534 2055 3620 2109 in—

1956 2143 2113 2210 fans,
2155 2144 2368 2216 inquit,
2396 2143 2498 2216 qui
2531 2159 2601 2199 ex
2637 2148 2691 2198 te
2739 2143 3021 2212 nascitur,
3063 2143 3374 2199 vocabitur
3399 2161 3436 2199 a
3472 2143 3618 2198 ﬁde-

1953 2232 2112 2289 libus
2166 2233 2341 2288 Filius
2373 2234 2491 2298 Dei,
2544 2236 2788 2305 propter
2839 2231 3048 2288 divina
3067 2247 3251 2304 opera
3294 2232 3474 2288 unitae
3502 2230 3617 2286 sibi

1956 2321 2295 2379 divinitatis.

2027 2412 2280 2476 Quidam
2294 2415 2496 2468 autem
2509 2411 2610 2466 ubi
2630 2410 2878 2480 legerint
2897 2426 2910 2465 :
2939 2409 3092 2475 Quod
3109 2411 3373 2480 nascitur,
3390 2408 3617 2465 faciunt

1957 2499 2037 2554 ibi
2066 2500 2614 2555 subdistinctiouem
2655 2499 2916 2554 dicentes
2951 2499 3138 2569 quod,
3179 2499 3308 2568 quia
3361 2498 3614 2568 Spir-itus

1954 2596 2168 2643 sanctus
2190 2589 2546 2658 superveniet,
2597 2595 2645 2641 et
2680 2588 2884 2641 virtute
2922 2586 3201 2642 Altissimi
3252 2586 3612 2651 obumbrabit,

1956 2677 2094 2743 ideo,
2151 2677 2288 2748 quod
2360 2677 2626 2740 mscitur,
2687 2677 2793 2729 erit
2845 2683 3090 2730 sanctum
3145 2676 3268 2731 sive
3315 2676 3613 2730 divinum:

1954 2765 2188 2831 deinde,
2215 2766 2379 2838 quod
2410 2766 2676 2837 sequitur
2707 2764 2974 2820 absolute
3005 2765 3234 2834 legunt.

2026 2855 2185 2911 Vers.
2217 2856 2311 2911 36.
2350 2857 2426 2911 Et
2456 2873 2563 2911 ecce
2595 2887 2659 2896 —
2705 2855 2861 2911 Vers.
2909 2855 2998 2913 37.
3028 2857 3272 2912 verbum.
3313 2858 3382 2912 Ut
3411 2854 3616 2912 certio-

1952 2961 2080 3001 rem
2105 2960 2238 3001 eam
2261 2945 2484 3011 reddat,
2509 2946 2847 3017 exemplum
2875 2945 3171 3001 Elizabeth
3194 2945 3274 3000 illi
3297 2946 3611 3016 proponit;

1952 3035 2194 3105 docens,
2211 3036 2377 3108 quod
2400 3035 2508 3100 Qui
2541 3036 2730 3090 ventri
2756 3035 2964 3090 sterilis
2986 3035 3180 3092 fructu
3205 3036 3429 3090 carenti
3456 3035 3616 3090 dedit

219 3129 269 3182 ἐν
334 3135 428 3182 σοὶ
485 3136 709 3199 ποιησει,
767 3130 791 3182 6
851 3128 920 3183 δι’
972 3131 1097 3204 ἐμοῦ
1153 3138 1236 3185 σοὶ
1291 3133 1549 3191 λελάληκε.
1616 3140 1722 3186 Πᾶν
1781 3130 1838 3186 δὲ

1970 3124 2226 3190 'ructum,
2263 3127 2390 3196 ipse
2414 3140 2656 3197 quoque
2684 3124 2746 3179 in
2782 3129 2837 3179 te
2867 3123 3064 3191 faciet,
3109 3123 3276 3195 quod
3302 3139 3406 3195 per
3429 3141 3522 3179 me
3548 3125 3616 3180 ti-

219 3221 394 3293 ῥῆμα,
437 3218 549 3271 ἀντὶ
579 3227 691 3286 τοῦ,
740 3227 848 3272 Πᾶν
897 3220 922 3272 6
959 3220 1116 3293 λέγει,
1167 3229 1266 3274 πᾶν
1311 3221 1336 3273 6
1381 3221 1765 3295 ἐπαγγέλλεται,
1809 3225 1837 3284 ἦ

222 3313 355 3377 πᾶν,
399 3307 428 3358 ὃ
457 3306 592 3379 λέγει
624 3327 723 3370 τις.

310 3518 472 3574 Ἀλλὰ
524 3527 632 3581 πῶς
674 3520 736 3578 ἧν
783 3523 811 3580 ἡ
863 3521 1132 3576 Ἐλισάϐετ
1174 3529 1430 3596 συγγενὴς
1469 3534 1558 3586 τῆς
1589 3531 1792 3602 Μαρίας
1826 3545 1839 3593 ;

233 3609 438 3666 Ἐκείνη
498 3612 588 3681 μὲν
645 3611 742 3684 γὰρ
806 3609 860 3662 ἐκ
915 3620 1005 3672 τῆς
1061 3619 1361 3681 Λευίτικῆς,
1429 3619 1594 3668 εἷτουν
1651 3617 1844 3687 ἱερατι-

232 3706 335 3759 κῆς
393 3703 650 3769 κατήγετο
708 3698 892 3770 φυλῆς·
957 3701 1084 3760 αὕτη
1146 3699 1205 3754 δε
1261 3701 1316 3755 ἐκ
1369 3712 1460 3766 τῆς
1518 3702 1837 3774 Ἰουδαϊκῆς,

231 3789 400 3857 ἤγουν
457 3785 768 3872 βασιλικῆς.
845 3792 1087 3863 Διάφοροι
1149 3796 1423 3862 γεγόνασιν
1502 3793 1841 3872 ἐπιγαμϐρεῐ-

231 3893 289 3926 αι
355 3883 461 3926 τῶν
514 3871 610 3927 δύο
673 3878 864 3928 τούτων
923 3877 1108 3949 φυλῶν.
1171 3881 1369 3955 Ἀαρὼν
1422 3886 1519 3956 γὰρ
1575 3871 1838 3960 πρότερον,

228 3969 317 4016 καὶ
372 3960 558 4018 Ἰωδαε
613 3965 849 4038 ῡστερον,
909 3965 1174 4042 ἀρχιερεῖς
1231 3969 1510 4047 ἀμφότεροι
1577 3979 1728 4042 δ’ντεςν
1788 3976 1844 4029 ἐκ

227 4060 324 4113 τῆς
376 4051 667 4125 βασιλικῆς
723 4054 886 4125 φυλῆς
940 4064 1191 4127 γυναῖκας
1243 4061 1520 4131 ἠγάγοντο,
1577 4070 1661 4115 καὶ
1731 4069 1840 4137 μετ’

231 4140 424 4202 αὐτοὺς
481 4143 662 4214 ἕτεροι.
724 4147 918 4196 Λοιπὸν
977 4141 1064 4196 οὖν
1140 4146 1193 4198 ἐκ
1260 4153 1508 4212 τοιαύτης
1568 4151 1842 4216 ἐπικλοκῆς

229 4226 366 4288 ἦσαν
433 4238 698 4301 συγγενεῖς
765 4230 992 4290 ἀλλήλων
1060 4240 1150 4288 καὶ
1207 4233 1380 4290 αὗται.
1442 4241 1585 4293 Ἐπεὶ
1639 4245 1739 4318 γὰρ
1793 4243 1842 4296 ἓν

231 4321 322 4390 μὲν
370 4321 528 4380 θείοις
588 4322 865 4393 πράγμασι
926 4327 1177 4397 πρωτεύει
1245 4331 1301 4378 τὸ
1371 4330 1625 4401 ἱερατικὸν
1681 4337 1840 4403 γίνος,

233 4406 280 4458 ἄν
329 4405 388 4460 δὲ
450 4406 789 4483 ἀνθρωπίνοις
826 4412 939 4483 (⁸23)
998 4418 1053 4465 τὸ
1109 4413 1404 4488 βασιλικὸν,
1464 4420 1668 4482 εἰκότως
1726 4442 1843 4475 συν-

234 4496 558 4564 επλάκηςκν,
594 4499 676 4550 ἵνα
727 4505 816 4552 καὶ
866 4504 1023 4577 ἱερεὺς
1064 4504 1343 4576 βασιλικὸς
1387 4514 1488 4580 εἴη,
1538 4517 1628 4564 καὶ
1671 4515 1696 4564 ὁ
1745 4511 1844 4586 βα-
1878 4481 1924 4534 D

237 4585 414 4648 σιλεὺς
446 4587 721 4659 ἱερατικὰς.

309 4671 432 4727 Εἶπε
484 4707 553 4717 -
607 4696 722 4730 σου.
772 4683 987 4752 Λοιπὸν,
1048 4682 1105 4735 οὐ
1149 4690 1302 4756 μόνον
1346 4685 1668 4759 ἐπίστευσεν,
1715 4691 1843 4748 ἀλλά

236 4767 327 4814 καὶ
389 4764 582 4827 ηὔξατο
657 4771 898 4838 γενέσθαι
968 4772 1122 4846 αὐτῇ,
1183 4777 1348 4837 καθὼς
1402 4779 1427 4828 6
1485 4780 1700 4852 ἅγγελος
1773 4788 1839 4836 εἷ-

238 4869 386 4923 ρηκε.

286 4946 413 5044 ³Καὶ
450 4973 519 4983 --
548 4947 782 5018 ἅγγελος.
821 4946 962 5009 Ἤδη
1016 4953 1376 5020 συλλαϐούσης
1429 4959 1541 5032 ἅμα
1586 4970 1658 5033 τῷ
1700 4962 1835 5039 λόγῳ

236 5047 422 5086 αυτου.

1950 3214 2007 3269 bi
2049 3213 2282 3270 locutus
2329 3221 2438 3269 est.
2483 3215 2672 3270 Omne
2699 3213 2861 3268 enim
2893 3213 3168 3278 verbum,
3210 3213 3292 3278 id,
3334 3218 3417 3268 est
3446 3215 3614 3283 quid-

1949 3303 2098 3376 quid
2154 3302 2312 3366 dicit,
2345 3302 2642 3374 quidquid
2671 3302 3008 3369 annuntiat,
3057 3301 3147 3357 vel
3180 3301 3476 3373 quidquid
3508 3302 3615 3358 ali-

1951 3391 2085 3464 quis
2113 3391 2274 3447 dicit.

2025 3480 2137 3538 Sed
2192 3480 2487 3553 quomodo
2545 3483 2669 3536 erat
2714 3479 3008 3536 Elizabeth
3064 3483 3321 3550 cognata
3363 3479 3554 3536 Mariae
3585 3481 3612 3535 ?

1950 3569 2056 3626 illa
2083 3570 2330 3641 quidem
2361 3586 2432 3624 ex
2464 3569 2733 3636 Levitica,
2768 3571 2886 3624 sive
2935 3568 3302 3634 sacerdotali,
3334 3568 3488 3623 tribu
3515 3569 3613 3624 de-

1950 3659 2278 3723 scenderat,
2293 3658 2420 3714 haec
2451 3664 2650 3714 autem
2671 3657 2741 3714 ,ιε
2763 3657 3030 3724 Iudaica,
3065 3657 3185 3712 sive
3205 3657 3392 3726 regia.
3423 3658 3612 3714 Varia}

1949 3747 2188 3803 fuerunt
2203 3747 2418 3802 harum
2432 3748 2686 3802 duarum
2717 3747 2980 3802 tribuum
3003 3748 3390 3816 cognationes
3424 3764 3437 3799 :
3471 3763 3609 3801 cum

1949 3838 2110 3893 enim
2142 3839 2340 3893 Aaron
2393 3836 2678 3908 primum,
2710 3841 2768 3892 et
2809 3835 3197 3908 postmodum
3240 3835 3468 3900 Joiada,
3505 3834 3612 3907 qui

1950 3928 2132 3984 ambo
2159 3925 2383 3982 summi
2409 3926 2745 3982 sacerdotes
2776 3931 2944 3981 erant
2967 3941 3178 3981 uxores
3203 3941 3233 3980 e
3262 3924 3426 3996 regia
3451 3924 3607 3979 tribu

1951 4016 2242 4083 duxerint,
2285 4021 2342 4071 et
2385 4021 2519 4087 post
2557 4016 2667 4070 hos
2710 4014 2830 4084 alii,
2873 4021 3260 4070 consecutum
3309 4019 3417 4081 est,
3447 4018 3512 4068 ut
3539 4029 3612 4070 ex

1954 4107 2052 4162 tali
2083 4105 2463 4178 permistione
2492 4106 2585 4160 hae
2616 4104 2748 4159 duae
2797 4111 2992 4160 essent
3022 4105 3170 4159 inter
3202 4119 3264 4159 se
3315 4110 3608 4173 cognatae.

1953 4197 2102 4262 Quia
2130 4195 2289 4250 enim
2305 4194 2368 4248 in
2392 4193 2609 4249 divinis
2627 4193 2804 4249 rebus
2829 4193 3053 4264 primas
3084 4192 3310 4248 ferebat
3335 4191 3613 4247 sacerdo-

1953 4284 2066 4340 tale
2097 4300 2306 4355 genus,
2339 4283 2402 4338 iu
2432 4284 2716 4339 humanis
2748 4298 2888 4338 vero
2929 4282 3128 4352 regale
3160 4298 3171 4335 ε
3212 4282 3421 4337 merito
3447 4296 3612 4336 com-

1952 4375 2134 4429 mista
2161 4378 2319 4440 sunt,
2355 4380 2416 4428 ut
2445 4371 2793 4428 etsacerdos
2807 4371 3023 4442 regalis
3051 4376 3222 4436 esset,
3250 4375 3307 4427 et
3331 4373 3612 4426 rexesset

1953 4461 2336 4520 sacerdotalis
2352 4504 2366 4518 .

2019 4697 2184 4754 Vers.
2216 4697 2302 4753 38.
2332 4695 2489 4750 Dixit
2510 4725 2578 4734 --
2602 4701 2772 4749 tuum.
2797 4694 2930 4748 Jam
2958 4707 3080 4748 non
3113 4691 3308 4747 solum
3336 4689 3605 4757 credidit,

1951 4787 2250 4844 sedetiam
2263 4787 2524 4858 optabat.
2547 4789 2606 4840 ut
2629 4783 2740 4839 sibi
2771 4782 3164 4852 contingeret,
3198 4782 3347 4837 sicut
3375 4779 3611 4838 dixerat

1948 4877 2221 4946 angelus.

2017 4965 2184 5024 Vers.
2225 4965 2312 5022 38.
2356 4966 2418 5020 Et
2459 4995 2521 5005 —
2547 4961 2788 5033 angelus.
2847 4959 3035 5018 Simul
3077 4976 3146 5018 ac
3172 4959 3302 5031 jam
3345 4974 3451 5032 per
3479 4975 3609 5016 ver-

1945 5057 2096 5114 bum
2135 5071 2310 5112 suum
2339 5056 2721 5124 conceperat.

1507 5210 1728 5286 Variae
1754 5218 2083 5290 lectiones
2117 5227 2178 5286 et
2205 5223 2407 5284 nota.

304 5351 420 5431 (20)
460 5362 561 5414 Καὶ
589 5363 781 5420 τέτοκε.
816 5371 875 5422 Β.

299 5433 412 5508 (21)
455 5431 596 5508 Quae
625 5434 721 5508 hic
745 5435 985 5508 inclusa
1010 5445 1165 5508 sunt,
1191 5442 1358 5500 addit
1387 5445 1570 5504 codex
1592 5450 1656 5506 Β.
1689 5467 1832 5508 mox

229 5505 368 5624 gest
397 5504 694 5562 vocabula
729 5507 961 5589 ὑπερφυῆ
1012 5504 1182 5595 τόκον.
1223 5517 1289 5570 In
1329 5519 1593 5590 margine

273 5570 414 5627 abet
451 5577 513 5627 Α.
554 5576 725 5627 Caret
761 5594 832 5627 ns
877 5583 1208 5627 Hentnnnm.

356 5576 414 5628 et
451 5577 513 5629 A.
554 5576 725 5634 Caret
761 5576 835 5634 iis
866 5576 1214 5641 'Hentenius.

303 5641 416 5717 (22)
448 5645 538 5698 Ἐκ
569 5655 664 5701 σοῦ
695 5664 838 5720 ergo
874 5657 961 5710 est
997 5655 1421 5730 interpretatio.
1450 5663 1594 5720 Nam
1627 5679 1737 5722 nec
1766 5665 1831 5724 in

1940 5383 2103 5438 textu
2129 5379 2347 5435 horum
2391 5381 2724 5448 comparet.
2762 5376 2854 5434 Bis
2891 5378 3121 5436 omisso
3159 5376 3216 5432 ἐκ
3247 5383 3362 5445 σοῦ,
3397 5375 3609 5436 laudat

1942 5451 2375 5526 Cyrillustom.
2408 5450 2496 5526 1y,
2533 5465 2600 5521 p.
2639 5449 2762 5506 125.

2037 5525 2129 5592 23)
2157 5522 2226 5576 Τὸ
2258 5520 2392 5584 ἑξῆς.
2430 5520 2496 5578 Β.

2037 5525 2129 5592 23)
2157 5524 2226 5576 Τὸ
2258 5524 2392 5584 ἑξῆς.
2430 5524 2496 5578 Β.

2013 5524 2126 5670 (24)
2159 5594 2496 5668 ’Δνθρώποις
2527 5593 2592 5651 Β.
