  <div class='ocr_page' id='page_1' title='image "/cluster/home/n/w/nwhite01/storage/ocr_20150623/129/mdp.39015061528470/449.png"; bbox 0 0 4170 6364; ppageno 0'>
   <div class='ocr_carea' id='block_1_1' title="bbox 565 281 667 345">
    <p class='ocr_par' dir='ltr' id='par_1_1' title="bbox 565 281 667 345">
     <span class='ocr_line' id='line_1_1' title="bbox 565 281 667 345; baseline -0.02 -1"><span class='ocrx_word' id='word_1_1' title='bbox 565 281 667 345; x_wconf 68' lang='grc'><strong>871</strong></span> 
     </span>
    </p>
   </div>
   <div class='ocr_carea' id='block_1_2' title="bbox 640 412 2303 484">
    <p class='ocr_par' dir='ltr' id='par_1_2' title="bbox 640 412 2303 484">
     <span class='ocr_line' id='line_1_2' title="bbox 640 412 2303 484; baseline 0 -17"><span class='ocrx_word' id='word_1_2' title='bbox 640 415 808 471; x_wconf 90' lang='lat' dir='ltr'><strong>Vers.</strong></span> <span class='ocrx_word' id='word_1_3' title='bbox 845 413 936 469; x_wconf 89' lang='lat'><strong>39.</strong></span> <span class='ocrx_word' id='word_1_4' title='bbox 969 414 1293 484; x_wconf 73' lang='lat' dir='ltr'><strong>Exsurgens</strong></span> <span class='ocrx_word' id='word_1_5' title='bbox 1323 444 1390 453; x_wconf 92' lang='lat'><strong>—</strong></span> <span class='ocrx_word' id='word_1_6' title='bbox 1428 412 1591 468; x_wconf 81' lang='lat' dir='ltr'><strong>Juda.</strong></span> <span class='ocrx_word' id='word_1_7' title='bbox 1637 413 1913 467; x_wconf 83' lang='lat' dir='ltr'><strong>Montana</strong></span> <span class='ocrx_word' id='word_1_8' title='bbox 1969 415 2094 468; x_wconf 85' lang='lat' dir='ltr'><strong>erat</strong></span> <span class='ocrx_word' id='word_1_9' title='bbox 2134 414 2229 467; x_wconf 81' lang='lat' dir='ltr'><strong>Ju-</strong></span> <span class='ocrx_word' id='word_1_10' title='bbox 2260 413 2303 467; x_wconf 88' lang='lat' dir='ltr'><strong>A</strong></span> 
     </span>
    </p>
   </div>
   <div class='ocr_carea' id='block_1_3' title="bbox 565 500 2227 574">
    <p class='ocr_par' dir='ltr' id='par_1_3' title="bbox 565 500 2227 574">
     <span class='ocr_line' id='line_1_3' title="bbox 565 500 2227 574; baseline -0.001 -17"><span class='ocrx_word' id='word_1_11' title='bbox 565 501 712 557; x_wconf 70' lang='lat' dir='ltr'><strong>daaaa</strong></span> <span class='ocrx_word' id='word_1_12' title='bbox 736 502 962 567; x_wconf 77' lang='lat' dir='ltr'><strong>civitas,</strong></span> <span class='ocrx_word' id='word_1_13' title='bbox 996 503 1055 556; x_wconf 90' lang='lat' dir='ltr'><strong>in</strong></span> <span class='ocrx_word' id='word_1_14' title='bbox 1085 518 1208 574; x_wconf 88' lang='lat' dir='ltr'><strong>qua</strong></span> <span class='ocrx_word' id='word_1_15' title='bbox 1238 502 1547 558; x_wconf 83' lang='lat' dir='ltr'><strong>habitabat</strong></span> <span class='ocrx_word' id='word_1_16' title='bbox 1595 500 1904 556; x_wconf 88' lang='lat' dir='ltr'><strong>Elizabeth.</strong></span> <span class='ocrx_word' id='word_1_17' title='bbox 1939 500 2096 556; x_wconf 88' lang='lat' dir='ltr'><strong>Abiit</strong></span> <span class='ocrx_word' id='word_1_18' title='bbox 2125 517 2227 556; x_wconf 86' lang='lat' dir='ltr'><strong>au-</strong></span> 
     </span>
    </p>
   </div>
   <div class='ocr_carea' id='block_1_4' title="bbox 564 589 2226 662">
    <p class='ocr_par' dir='ltr' id='par_1_4' title="bbox 564 589 2226 662">
     <span class='ocr_line' id='line_1_4' title="bbox 564 589 2226 662; baseline -0.001 -16"><span class='ocrx_word' id='word_1_19' title='bbox 564 600 684 652; x_wconf 82' lang='lat' dir='ltr'><strong>tem</strong></span> <span class='ocrx_word' id='word_1_20' title='bbox 717 590 856 647; x_wconf 88' lang='lat' dir='ltr'><strong>illuc</strong></span> <span class='ocrx_word' id='word_1_21' title='bbox 898 591 1102 646; x_wconf 90' lang='lat' dir='ltr'><strong>divino</strong></span> <span class='ocrx_word' id='word_1_22' title='bbox 1145 606 1457 662; x_wconf 83' lang='lat' dir='ltr'><strong>praegnans</strong></span> <span class='ocrx_word' id='word_1_23' title='bbox 1501 591 1740 662; x_wconf 87' lang='lat' dir='ltr'><strong>Spiritu,</strong></span> <span class='ocrx_word' id='word_1_24' title='bbox 1792 595 1855 644; x_wconf 86' lang='lat' dir='ltr'><strong>ut</strong></span> <span class='ocrx_word' id='word_1_25' title='bbox 1895 589 2117 645; x_wconf 79' lang='lat' dir='ltr'><strong>infante</strong></span> <span class='ocrx_word' id='word_1_26' title='bbox 2165 589 2226 644; x_wconf 92' lang='lat' dir='ltr'><strong>in</strong></span> 
     </span>
    </p>
   </div>
   <div class='ocr_carea' id='block_1_5' title="bbox 567 678 2222 751">
    <p class='ocr_par' dir='ltr' id='par_1_5' title="bbox 567 678 2222 751">
     <span class='ocr_line' id='line_1_5' title="bbox 567 678 2222 751; baseline 0 -17"><span class='ocrx_word' id='word_1_27' title='bbox 567 686 735 737; x_wconf 84' lang='lat' dir='ltr'><strong>utero</strong></span> <span class='ocrx_word' id='word_1_28' title='bbox 806 679 1101 734; x_wconf 85' lang='lat' dir='ltr'><strong>Elizabeth</strong></span> <span class='ocrx_word' id='word_1_29' title='bbox 1166 679 1512 749; x_wconf 81' lang='lat' dir='ltr'><strong>exsultante,</strong></span> <span class='ocrx_word' id='word_1_30' title='bbox 1567 683 1622 735; x_wconf 93' lang='lat' dir='ltr'><strong>et</strong></span> <span class='ocrx_word' id='word_1_31' title='bbox 1669 678 1764 734; x_wconf 91' lang='lat' dir='ltr'><strong>illa</strong></span> <span class='ocrx_word' id='word_1_32' title='bbox 1807 678 2222 751; x_wconf 87' lang='lat' dir='ltr'><strong>prophetante,</strong></span> 
     </span>
    </p>
   </div>
   <div class='ocr_carea' id='block_1_6' title="bbox 564 767 1644 840">
    <p class='ocr_par' dir='ltr' id='par_1_6' title="bbox 564 767 1644 840">
     <span class='ocr_line' id='line_1_6' title="bbox 564 767 1644 840; baseline 0 -16"><span class='ocrx_word' id='word_1_33' title='bbox 564 767 854 839; x_wconf 89' lang='lat' dir='ltr'><strong>majorem</strong></span> <span class='ocrx_word' id='word_1_34' title='bbox 882 767 1176 840; x_wconf 89' lang='lat' dir='ltr'><strong>acciperet</strong></span> <span class='ocrx_word' id='word_1_35' title='bbox 1204 767 1644 824; x_wconf 82' lang='lat' dir='ltr'><strong>celsitudinem.</strong></span> 
     </span>
    </p>
   </div>
   <div class='ocr_carea' id='block_1_7' title="bbox 637 944 2216 1017">
    <p class='ocr_par' dir='ltr' id='par_1_7' title="bbox 637 944 2216 1017">
     <span class='ocr_line' id='line_1_7' title="bbox 637 944 2216 1017; baseline 0 -16"><span class='ocrx_word' id='word_1_36' title='bbox 637 948 798 1002; x_wconf 86' lang='lat' dir='ltr'><strong>Vers.</strong></span> <span class='ocrx_word' id='word_1_37' title='bbox 849 949 936 1002; x_wconf 78' lang='grc'><strong>4-0.</strong></span> <span class='ocrx_word' id='word_1_38' title='bbox 985 947 1062 1002; x_wconf 82' lang='lat' dir='ltr'><strong>Et</strong></span> <span class='ocrx_word' id='word_1_39' title='bbox 1108 948 1336 1002; x_wconf 75' lang='lat' dir='ltr'><strong>intravit</strong></span> <span class='ocrx_word' id='word_1_40' title='bbox 1374 945 1786 1002; x_wconf 72' lang='lat' dir='ltr'><strong>—Elizabeth.</strong></span> <span class='ocrx_word' id='word_1_41' title='bbox 1817 944 2216 1017; x_wconf 85' lang='lat' dir='ltr'><strong>compellavit,</strong></span> 
     </span>
    </p>
   </div>
   <div class='ocr_carea' id='block_1_8' title="bbox 566 1034 1021 1092">
    <p class='ocr_par' dir='ltr' id='par_1_8' title="bbox 566 1034 1021 1092">
     <span class='ocr_line' id='line_1_8' title="bbox 566 1034 1021 1092; baseline 0.004 -2"><span class='ocrx_word' id='word_1_42' title='bbox 566 1039 631 1092; x_wconf 88' lang='lat' dir='ltr'><strong>ut</strong></span> <span class='ocrx_word' id='word_1_43' title='bbox 662 1034 846 1092; x_wconf 91' lang='lat' dir='ltr'><strong>moris</strong></span> <span class='ocrx_word' id='word_1_44' title='bbox 875 1042 1021 1092; x_wconf 90' lang='lat' dir='ltr'><strong>erat.</strong></span> 
     </span>
    </p>
   </div>
   <div class='ocr_carea' id='block_1_9' title="bbox 636 1121 2217 1196">
    <p class='ocr_par' dir='ltr' id='par_1_9' title="bbox 636 1121 2217 1196">
     <span class='ocr_line' id='line_1_9' title="bbox 636 1121 2217 1196; baseline 0 -17"><span class='ocrx_word' id='word_1_45' title='bbox 636 1125 798 1180; x_wconf 88' lang='lat' dir='ltr'><strong>Vers.</strong></span> <span class='ocrx_word' id='word_1_46' title='bbox 826 1124 920 1181; x_wconf 82' lang='grc'><strong>41.</strong></span> <span class='ocrx_word' id='word_1_47' title='bbox 956 1125 1028 1180; x_wconf 81' lang='lat' dir='ltr'><strong>Et</strong></span> <span class='ocrx_word' id='word_1_48' title='bbox 1049 1125 1254 1195; x_wconf 79' lang='lat' dir='ltr'><strong>factum</strong></span> <span class='ocrx_word' id='word_1_49' title='bbox 1289 1156 1357 1166; x_wconf 88' lang='lat'><strong><em>—</em></strong></span> <span class='ocrx_word' id='word_1_50' title='bbox 1385 1125 1517 1196; x_wconf 80' lang='lat' dir='ltr'><strong>ejus.</strong></span> <span class='ocrx_word' id='word_1_51' title='bbox 1575 1123 1832 1182; x_wconf 82' lang='lat' dir='ltr'><strong>Christus</strong></span> <span class='ocrx_word' id='word_1_52' title='bbox 1869 1121 2110 1194; x_wconf 90' lang='lat' dir='ltr'><strong>quidem</strong></span> <span class='ocrx_word' id='word_1_53' title='bbox 2139 1122 2217 1179; x_wconf 92' lang='lat' dir='ltr'><strong>lo-</strong></span> 
     </span>
    </p>
   </div>
   <div class='ocr_carea' id='block_1_10' title="bbox 563 1213 2217 1285">
    <p class='ocr_par' dir='ltr' id='par_1_10' title="bbox 563 1213 2217 1285">
     <span class='ocr_line' id='line_1_10' title="bbox 563 1213 2217 1285; baseline -0.001 -15"><span class='ocrx_word' id='word_1_54' title='bbox 563 1217 737 1270; x_wconf 86' lang='lat' dir='ltr'><strong>cutus</strong></span> <span class='ocrx_word' id='word_1_55' title='bbox 789 1218 878 1269; x_wconf 89' lang='lat' dir='ltr'><strong>est</strong></span> <span class='ocrx_word' id='word_1_56' title='bbox 933 1229 1038 1285; x_wconf 88' lang='lat' dir='ltr'><strong>per</strong></span> <span class='ocrx_word' id='word_1_57' title='bbox 1101 1231 1168 1270; x_wconf 92' lang='lat' dir='ltr'><strong>os</strong></span> <span class='ocrx_word' id='word_1_58' title='bbox 1217 1230 1339 1270; x_wconf 64' lang='lat' dir='ltr'><strong>sum</strong></span> <span class='ocrx_word' id='word_1_59' title='bbox 1395 1213 1583 1270; x_wconf 83' lang='lat' dir='ltr'><strong>Matris</strong></span> <span class='ocrx_word' id='word_1_60' title='bbox 1631 1229 1644 1268; x_wconf 92' lang='lat'>:</span> <span class='ocrx_word' id='word_1_61' title='bbox 1699 1213 1954 1268; x_wconf 89' lang='lat' dir='ltr'><strong>Joannes</strong></span> <span class='ocrx_word' id='word_1_62' title='bbox 2019 1218 2217 1268; x_wconf 89' lang='lat' dir='ltr'><strong>autem</strong></span> 
     </span>
    </p>
   </div>
   <div class='ocr_carea' id='block_1_11' title="bbox 562 1303 2217 1375">
    <p class='ocr_par' dir='ltr' id='par_1_11' title="bbox 562 1303 2217 1375">
     <span class='ocr_line' id='line_1_11' title="bbox 562 1303 2217 1375; baseline -0.002 -15"><span class='ocrx_word' id='word_1_63' title='bbox 562 1303 793 1360; x_wconf 87' lang='lat' dir='ltr'><strong>audivit</strong></span> <span class='ocrx_word' id='word_1_64' title='bbox 821 1320 926 1375; x_wconf 91' lang='lat' dir='ltr'><strong>per</strong></span> <span class='ocrx_word' id='word_1_65' title='bbox 941 1320 1116 1361; x_wconf 80' lang='lat' dir='ltr'><strong>aures</strong></span> <span class='ocrx_word' id='word_1_66' title='bbox 1143 1321 1264 1358; x_wconf 63' lang='lat' dir='ltr'><strong>suae</strong></span> <span class='ocrx_word' id='word_1_67' title='bbox 1290 1304 1490 1359; x_wconf 86' lang='lat' dir='ltr'><strong>matris</strong></span> <span class='ocrx_word' id='word_1_68' title='bbox 1520 1321 1532 1358; x_wconf 90' lang='lat'>:</span> <span class='ocrx_word' id='word_1_69' title='bbox 1560 1304 1832 1374; x_wconf 88' lang='lat' dir='ltr'><strong>etagnito</strong></span> <span class='ocrx_word' id='word_1_70' title='bbox 1862 1307 2217 1374; x_wconf 88' lang='lat' dir='ltr'><strong>supernatu-</strong></span> 
     </span>
    </p>
   </div>
   <div class='ocr_carea' id='block_1_12' title="bbox 561 1391 2214 1464">
    <p class='ocr_par' dir='ltr' id='par_1_12' title="bbox 561 1391 2214 1464">
     <span class='ocr_line' id='line_1_12' title="bbox 561 1391 2214 1464; baseline -0.001 -15"><span class='ocrx_word' id='word_1_71' title='bbox 561 1393 760 1449; x_wconf 89' lang='lat' dir='ltr'><strong>raliter</strong></span> <span class='ocrx_word' id='word_1_72' title='bbox 784 1393 1036 1449; x_wconf 90' lang='lat' dir='ltr'><strong>Domino</strong></span> <span class='ocrx_word' id='word_1_73' title='bbox 1068 1409 1199 1463; x_wconf 90' lang='lat' dir='ltr'><strong>suo,</strong></span> <span class='ocrx_word' id='word_1_74' title='bbox 1216 1393 1610 1450; x_wconf 82' lang='lat' dir='ltr'><strong>exsultatione</strong></span> <span class='ocrx_word' id='word_1_75' title='bbox 1635 1393 1800 1448; x_wconf 89' lang='lat' dir='ltr'><strong>illum</strong></span> <span class='ocrx_word' id='word_1_76' title='bbox 1823 1391 2170 1464; x_wconf 62' lang='lat' dir='ltr'><strong>praedicavit</strong></span> <span class='ocrx_word' id='word_1_77' title='bbox 2201 1410 2214 1460; x_wconf 90' lang='lat'><strong>;</strong></span> 
     </span>
    </p>
   </div>
   <div class='ocr_carea' id='block_1_13' title="bbox 562 1481 2218 1555">
    <p class='ocr_par' dir='ltr' id='par_1_13' title="bbox 562 1481 2218 1555">
     <span class='ocr_line' id='line_1_13' title="bbox 562 1481 2218 1555; baseline 0.001 -19"><span class='ocrx_word' id='word_1_78' title='bbox 562 1481 760 1537; x_wconf 84' lang='lat' dir='ltr'><strong>infans</strong></span> <span class='ocrx_word' id='word_1_79' title='bbox 790 1483 967 1548; x_wconf 88' lang='lat' dir='ltr'><strong>enim,</strong></span> <span class='ocrx_word' id='word_1_80' title='bbox 1009 1481 1198 1555; x_wconf 88' lang='lat' dir='ltr'><strong>quiin</strong></span> <span class='ocrx_word' id='word_1_81' title='bbox 1229 1489 1394 1538; x_wconf 91' lang='lat' dir='ltr'><strong>utero</strong></span> <span class='ocrx_word' id='word_1_82' title='bbox 1419 1481 1719 1538; x_wconf 86' lang='lat' dir='ltr'><strong>ferebatur</strong></span> <span class='ocrx_word' id='word_1_83' title='bbox 1776 1481 2050 1551; x_wconf 81' lang='lat' dir='ltr'><strong>Virginis,</strong></span> <span class='ocrx_word' id='word_1_84' title='bbox 2084 1497 2218 1552; x_wconf 89' lang='lat' dir='ltr'><strong>pro-</strong></span> 
     </span>
    </p>
   </div>
   <div class='ocr_carea' id='block_1_14' title="bbox 560 1571 2215 1642">
    <p class='ocr_par' dir='ltr' id='par_1_14' title="bbox 560 1571 2215 1642">
     <span class='ocr_line' id='line_1_14' title="bbox 560 1571 2215 1642; baseline 0.001 -16"><span class='ocrx_word' id='word_1_85' title='bbox 560 1571 797 1642; x_wconf 91' lang='lat' dir='ltr'><strong>phetica</strong></span> <span class='ocrx_word' id='word_1_86' title='bbox 826 1572 1021 1627; x_wconf 86' lang='lat' dir='ltr'><strong>statim</strong></span> <span class='ocrx_word' id='word_1_87' title='bbox 1048 1572 1239 1641; x_wconf 87' lang='lat' dir='ltr'><strong>gratia</strong></span> <span class='ocrx_word' id='word_1_88' title='bbox 1258 1572 1505 1628; x_wconf 89' lang='lat' dir='ltr'><strong>donavit</strong></span> <span class='ocrx_word' id='word_1_89' title='bbox 1523 1571 1949 1642; x_wconf 89' lang='lat' dir='ltr'><strong>infantem,qui</strong></span> <span class='ocrx_word' id='word_1_90' title='bbox 1976 1571 2033 1626; x_wconf 91' lang='lat' dir='ltr'><strong>in</strong></span> <span class='ocrx_word' id='word_1_91' title='bbox 2056 1576 2215 1628; x_wconf 84' lang='lat' dir='ltr'><strong>utero</strong></span> 
     </span>
    </p>
   </div>
   <div class='ocr_carea' id='block_1_15' title="bbox 560 1658 1163 1728">
    <p class='ocr_par' dir='ltr' id='par_1_15' title="bbox 560 1658 1163 1728">
     <span class='ocr_line' id='line_1_15' title="bbox 560 1658 1163 1728; baseline -0.002 -13"><span class='ocrx_word' id='word_1_92' title='bbox 560 1658 906 1728; x_wconf 88' lang='lat' dir='ltr'><strong>gestabatur</strong></span> <span class='ocrx_word' id='word_1_93' title='bbox 935 1660 1163 1716; x_wconf 87' lang='lat' dir='ltr'><strong>sterilis.</strong></span> 
     </span>
    </p>
   </div>
   <div class='ocr_carea' id='block_1_16' title="bbox 630 1747 2292 1826">
    <p class='ocr_par' dir='ltr' id='par_1_16' title="bbox 630 1747 2292 1826">
     <span class='ocr_line' id='line_1_16' title="bbox 630 1747 2292 1826; baseline 0.002 -26"><span class='ocrx_word' id='word_1_94' title='bbox 630 1747 797 1805; x_wconf 87' lang='lat' dir='ltr'><strong>Vers.</strong></span> <span class='ocrx_word' id='word_1_95' title='bbox 823 1749 918 1804; x_wconf 81' lang='grc'><strong>41.</strong></span> <span class='ocrx_word' id='word_1_96' title='bbox 951 1751 1028 1804; x_wconf 80' lang='lat' dir='ltr'><strong>Et</strong></span> <span class='ocrx_word' id='word_1_97' title='bbox 1058 1749 1278 1820; x_wconf 75' lang='lat' dir='ltr'><strong>impleta</strong></span> <span class='ocrx_word' id='word_1_98' title='bbox 1313 1779 1381 1788; x_wconf 93' lang='lat'>—</span> <span class='ocrx_word' id='word_1_99' title='bbox 1416 1750 1568 1804; x_wconf 83' lang='lat' dir='ltr'><strong>Vers.</strong></span> <span class='ocrx_word' id='word_1_100' title='bbox 1601 1750 1689 1804; x_wconf 74' lang='grc'><strong>42.</strong></span> <span class='ocrx_word' id='word_1_101' title='bbox 1732 1748 1936 1803; x_wconf 72' lang='lat' dir='ltr'><strong>ventris</strong></span> <span class='ocrx_word' id='word_1_102' title='bbox 1987 1749 2092 1804; x_wconf 72' lang='lat' dir='ltr'><strong>tui.</strong></span> <span class='ocrx_word' id='word_1_103' title='bbox 2125 1749 2214 1804; x_wconf 85' lang='lat' dir='ltr'><strong>Ab</strong></span> <span class='ocrx_word' id='word_1_104' title='bbox 2245 1768 2292 1826; x_wconf 72' lang='grc' dir='ltr'>Β</span> 
     </span>
    </p>
   </div>
   <div class='ocr_carea' id='block_1_17' title="bbox 555 1837 2215 1910">
    <p class='ocr_par' dir='ltr' id='par_1_17' title="bbox 555 1837 2215 1910">
     <span class='ocr_line' id='line_1_17' title="bbox 555 1837 2215 1910; baseline -0.002 -15"><span class='ocrx_word' id='word_1_105' title='bbox 555 1837 776 1895; x_wconf 86' lang='lat' dir='ltr'><strong>infante</strong></span> <span class='ocrx_word' id='word_1_106' title='bbox 831 1839 935 1910; x_wconf 89' lang='lat' dir='ltr'><strong>qui</strong></span> <span class='ocrx_word' id='word_1_107' title='bbox 995 1845 1121 1895; x_wconf 85' lang='lat' dir='ltr'><strong>erat</strong></span> <span class='ocrx_word' id='word_1_108' title='bbox 1201 1837 1263 1893; x_wconf 92' lang='lat' dir='ltr'><strong>in</strong></span> <span class='ocrx_word' id='word_1_109' title='bbox 1310 1837 1512 1903; x_wconf 84' lang='lat' dir='ltr'><strong>sterili,</strong></span> <span class='ocrx_word' id='word_1_110' title='bbox 1589 1838 1947 1910; x_wconf 74' lang='lat' dir='ltr'><strong>praedicatur</strong></span> <span class='ocrx_word' id='word_1_111' title='bbox 2019 1837 2215 1892; x_wconf 87' lang='lat' dir='ltr'><strong>infans</strong></span> 
     </span>
    </p>
   </div>
   <div class='ocr_carea' id='block_1_18' title="bbox 557 1926 2214 1998">
    <p class='ocr_par' dir='ltr' id='par_1_18' title="bbox 557 1926 2214 1998">
     <span class='ocr_line' id='line_1_18' title="bbox 557 1926 2214 1998; baseline 0 -16"><span class='ocrx_word' id='word_1_112' title='bbox 557 1927 816 1998; x_wconf 83' lang='lat' dir='ltr'><strong>quierat</strong></span> <span class='ocrx_word' id='word_1_113' title='bbox 844 1927 904 1982; x_wconf 89' lang='lat' dir='ltr'><strong>in</strong></span> <span class='ocrx_word' id='word_1_114' title='bbox 952 1927 1224 1996; x_wconf 83' lang='lat' dir='ltr'><strong>Virgine:</strong></span> <span class='ocrx_word' id='word_1_115' title='bbox 1261 1943 1297 1984; x_wconf 90' lang='lat' dir='ltr'><strong>a</strong></span> <span class='ocrx_word' id='word_1_116' title='bbox 1368 1927 1546 1982; x_wconf 88' lang='lat' dir='ltr'><strong>sterili</strong></span> <span class='ocrx_word' id='word_1_117' title='bbox 1585 1943 1725 1983; x_wconf 87' lang='lat' dir='ltr'><strong>vero</strong></span> <span class='ocrx_word' id='word_1_118' title='bbox 1757 1927 1951 1996; x_wconf 87' lang='lat' dir='ltr'><strong>Virgo.</strong></span> <span class='ocrx_word' id='word_1_119' title='bbox 1981 1926 2214 1983; x_wconf 87' lang='lat' dir='ltr'><strong>Christo</strong></span> 
     </span>
    </p>
   </div>
   <div class='ocr_carea' id='block_1_19' title="bbox 554 2015 2213 2088">
    <p class='ocr_par' dir='ltr' id='par_1_19' title="bbox 554 2015 2213 2088">
     <span class='ocr_line' id='line_1_19' title="bbox 554 2015 2213 2088; baseline 0 -18"><span class='ocrx_word' id='word_1_120' title='bbox 554 2015 846 2086; x_wconf 88' lang='lat' dir='ltr'><strong>siquidem</strong></span> <span class='ocrx_word' id='word_1_121' title='bbox 871 2016 1124 2072; x_wconf 84' lang='lat' dir='ltr'><strong>revelato</strong></span> <span class='ocrx_word' id='word_1_122' title='bbox 1155 2017 1227 2082; x_wconf 90' lang='lat' dir='ltr'><strong>ei,</strong></span> <span class='ocrx_word' id='word_1_123' title='bbox 1259 2017 1361 2088; x_wconf 88' lang='lat' dir='ltr'><strong>qui</strong></span> <span class='ocrx_word' id='word_1_124' title='bbox 1384 2017 1444 2072; x_wconf 92' lang='lat' dir='ltr'><strong>in</strong></span> <span class='ocrx_word' id='word_1_125' title='bbox 1479 2021 1642 2073; x_wconf 90' lang='lat' dir='ltr'><strong>utero</strong></span> <span class='ocrx_word' id='word_1_126' title='bbox 1677 2015 1971 2071; x_wconf 88' lang='lat' dir='ltr'><strong>Elizabeth</strong></span> <span class='ocrx_word' id='word_1_127' title='bbox 2001 2015 2213 2087; x_wconf 91' lang='lat' dir='ltr'><strong>imple-</strong></span> 
     </span>
    </p>
   </div>
   <div class='ocr_carea' id='block_1_20' title="bbox 553 2104 2209 2178">
    <p class='ocr_par' dir='ltr' id='par_1_20' title="bbox 553 2104 2209 2178">
     <span class='ocr_line' id='line_1_20' title="bbox 553 2104 2209 2178; baseline 0 -20"><span class='ocrx_word' id='word_1_128' title='bbox 553 2109 653 2160; x_wconf 88' lang='lat' dir='ltr'><strong>tus</strong></span> <span class='ocrx_word' id='word_1_129' title='bbox 678 2110 805 2160; x_wconf 88' lang='lat' dir='ltr'><strong>erat</strong></span> <span class='ocrx_word' id='word_1_130' title='bbox 831 2104 1047 2176; x_wconf 80' lang='lat' dir='ltr'><strong>Spiritu</strong></span> <span class='ocrx_word' id='word_1_131' title='bbox 1089 2110 1318 2172; x_wconf 89' lang='lat' dir='ltr'><strong>sancto,</strong></span> <span class='ocrx_word' id='word_1_132' title='bbox 1355 2105 1635 2178; x_wconf 87' lang='lat' dir='ltr'><strong>impletur</strong></span> <span class='ocrx_word' id='word_1_133' title='bbox 1671 2111 1729 2159; x_wconf 88' lang='lat' dir='ltr'><strong>et</strong></span> <span class='ocrx_word' id='word_1_134' title='bbox 1772 2105 1942 2176; x_wconf 85' lang='lat' dir='ltr'><strong>ipsa:</strong></span> <span class='ocrx_word' id='word_1_135' title='bbox 1976 2109 2033 2159; x_wconf 89' lang='lat' dir='ltr'><strong>et</strong></span> <span class='ocrx_word' id='word_1_136' title='bbox 2073 2119 2209 2175; x_wconf 70' lang='lat' dir='ltr'><strong>quae</strong></span> 
     </span>
    </p>
   </div>
   <div class='ocr_carea' id='block_1_21' title="bbox 553 2191 2209 2266">
    <p class='ocr_par' dir='ltr' id='par_1_21' title="bbox 553 2191 2209 2266">
     <span class='ocr_line' id='line_1_21' title="bbox 553 2191 2209 2266; baseline 0 -18"><span class='ocrx_word' id='word_1_137' title='bbox 553 2194 910 2266; x_wconf 86' lang='lat' dir='ltr'><strong>prophetam</strong></span> <span class='ocrx_word' id='word_1_138' title='bbox 933 2194 993 2249; x_wconf 92' lang='lat' dir='ltr'><strong>in</strong></span> <span class='ocrx_word' id='word_1_139' title='bbox 1016 2200 1180 2250; x_wconf 93' lang='lat' dir='ltr'><strong>utero</strong></span> <span class='ocrx_word' id='word_1_140' title='bbox 1209 2194 1482 2266; x_wconf 88' lang='lat' dir='ltr'><strong>gestabat</strong></span> <span class='ocrx_word' id='word_1_141' title='bbox 1508 2194 1686 2250; x_wconf 85' lang='lat' dir='ltr'><strong>etiam</strong></span> <span class='ocrx_word' id='word_1_142' title='bbox 1736 2191 2106 2257; x_wconf 82' lang='lat' dir='ltr'><strong>vaticinatur,</strong></span> <span class='ocrx_word' id='word_1_143' title='bbox 2140 2208 2209 2248; x_wconf 91' lang='lat' dir='ltr'><strong>ac</strong></span> 
     </span>
    </p>
   </div>
   <div class='ocr_carea' id='block_1_22' title="bbox 552 2281 2207 2353">
    <p class='ocr_par' dir='ltr' id='par_1_22' title="bbox 552 2281 2207 2353">
     <span class='ocr_line' id='line_1_22' title="bbox 552 2281 2207 2353; baseline 0.001 -16"><span class='ocrx_word' id='word_1_144' title='bbox 552 2282 846 2339; x_wconf 90' lang='lat' dir='ltr'><strong>benedicit</strong></span> <span class='ocrx_word' id='word_1_145' title='bbox 875 2289 931 2339; x_wconf 92' lang='lat' dir='ltr'><strong>et</strong></span> <span class='ocrx_word' id='word_1_146' title='bbox 954 2283 1254 2353; x_wconf 85' lang='lat' dir='ltr'><strong>Virginem</strong></span> <span class='ocrx_word' id='word_1_147' title='bbox 1285 2289 1340 2340; x_wconf 90' lang='lat' dir='ltr'><strong>et</strong></span> <span class='ocrx_word' id='word_1_148' title='bbox 1367 2284 1624 2339; x_wconf 89' lang='lat' dir='ltr'><strong>fructum</strong></span> <span class='ocrx_word' id='word_1_149' title='bbox 1669 2282 1891 2337; x_wconf 86' lang='lat' dir='ltr'><strong>ventris</strong></span> <span class='ocrx_word' id='word_1_150' title='bbox 1934 2281 2207 2351; x_wconf 88' lang='lat' dir='ltr'><strong>Virginis.</strong></span> 
     </span>
    </p>
   </div>
   <div class='ocr_carea' id='block_1_23' title="bbox 623 2459 2208 2519">
    <p class='ocr_par' dir='ltr' id='par_1_23' title="bbox 623 2459 2208 2519">
     <span class='ocr_line' id='line_1_23' title="bbox 623 2459 2208 2519; baseline -0.001 -2"><span class='ocrx_word' id='word_1_151' title='bbox 623 2461 790 2519; x_wconf 86' lang='lat' dir='ltr'><strong>Vers.</strong></span> <span class='ocrx_word' id='word_1_152' title='bbox 830 2465 924 2518; x_wconf 83' lang='grc'><strong>43.</strong></span> <span class='ocrx_word' id='word_1_153' title='bbox 950 2462 1028 2518; x_wconf 83' lang='lat' dir='ltr'><strong>Et</strong></span> <span class='ocrx_word' id='word_1_154' title='bbox 1059 2462 1218 2518; x_wconf 87' lang='lat' dir='ltr'><strong>unde</strong></span> <span class='ocrx_word' id='word_1_155' title='bbox 1243 2491 1310 2502; x_wconf 93' lang='lat'>—</span> <span class='ocrx_word' id='word_1_156' title='bbox 1338 2461 1420 2518; x_wconf 86' lang='lat' dir='ltr'><strong>ad</strong></span> <span class='ocrx_word' id='word_1_157' title='bbox 1438 2476 1528 2517; x_wconf 85' lang='lat' dir='ltr'><strong>me</strong></span> <span class='ocrx_word' id='word_1_158' title='bbox 1550 2461 1579 2514; x_wconf 61' lang='grc' dir='ltr'><em>φ</em></span> <span class='ocrx_word' id='word_1_159' title='bbox 1611 2461 1774 2517; x_wconf 90' lang='lat' dir='ltr'><strong>Unde</strong></span> <span class='ocrx_word' id='word_1_160' title='bbox 1793 2459 1934 2515; x_wconf 90' lang='lat' dir='ltr'><strong>mihi</strong></span> <span class='ocrx_word' id='word_1_161' title='bbox 1966 2474 2059 2516; x_wconf 91' lang='lat' dir='ltr'><strong>res</strong></span> <span class='ocrx_word' id='word_1_162' title='bbox 2078 2459 2208 2516; x_wconf 61' lang='lat' dir='ltr'><strong>hac</strong></span> 
     </span>
    </p>
   </div>
   <div class='ocr_carea' id='block_1_24' title="bbox 549 2548 2204 2624">
    <p class='ocr_par' dir='ltr' id='par_1_24' title="bbox 549 2548 2204 2624">
     <span class='ocr_line' id='line_1_24' title="bbox 549 2548 2204 2624; baseline -0.001 -17"><span class='ocrx_word' id='word_1_163' title='bbox 549 2551 860 2624; x_wconf 85' lang='lat' dir='ltr'><strong>inopinata</strong></span> <span class='ocrx_word' id='word_1_164' title='bbox 877 2551 905 2605; x_wconf 79' lang='lat' dir='ltr'><strong>‘I</strong></span> <span class='ocrx_word' id='word_1_165' title='bbox 929 2551 1089 2608; x_wconf 93' lang='lat' dir='ltr'><strong>Sicut</strong></span> <span class='ocrx_word' id='word_1_166' title='bbox 1115 2552 1274 2607; x_wconf 91' lang='lat' dir='ltr'><strong>enim</strong></span> <span class='ocrx_word' id='word_1_167' title='bbox 1299 2551 1684 2622; x_wconf 84' lang='lat' dir='ltr'><strong>postmodum</strong></span> <span class='ocrx_word' id='word_1_168' title='bbox 1704 2548 1858 2605; x_wconf 81' lang='lat' dir='ltr'><strong>ﬁlius</strong></span> <span class='ocrx_word' id='word_1_169' title='bbox 1880 2549 2204 2616; x_wconf 86' lang='lat' dir='ltr'><strong>Elizabcth,</strong></span> 
     </span>
    </p>
   </div>
   <div class='ocr_carea' id='block_1_25' title="bbox 549 2639 2204 2712">
    <p class='ocr_par' dir='ltr' id='par_1_25' title="bbox 549 2639 2204 2712">
     <span class='ocr_line' id='line_1_25' title="bbox 549 2639 2204 2712; baseline -0.002 -15"><span class='ocrx_word' id='word_1_170' title='bbox 549 2641 817 2697; x_wconf 77' lang='lat' dir='ltr'><strong>veniente</strong></span> <span class='ocrx_word' id='word_1_171' title='bbox 843 2641 920 2697; x_wconf 89' lang='lat' dir='ltr'><strong>ad</strong></span> <span class='ocrx_word' id='word_1_172' title='bbox 940 2641 1141 2712; x_wconf 91' lang='lat' dir='ltr'><strong>ipsum</strong></span> <span class='ocrx_word' id='word_1_173' title='bbox 1162 2640 1737 2710; x_wconf 87' lang='lat' dir='ltr'><strong>Christo,indignum</strong></span> <span class='ocrx_word' id='word_1_174' title='bbox 1761 2656 1822 2695; x_wconf 88' lang='lat' dir='ltr'><strong>se</strong></span> <span class='ocrx_word' id='word_1_175' title='bbox 1849 2639 1952 2696; x_wconf 90' lang='lat' dir='ltr'><strong>tali</strong></span> <span class='ocrx_word' id='word_1_176' title='bbox 1975 2639 2204 2695; x_wconf 91' lang='lat' dir='ltr'><strong>Domini</strong></span> 
     </span>
    </p>
   </div>
   <div class='ocr_carea' id='block_1_26' title="bbox 551 2728 2207 2801">
    <p class='ocr_par' dir='ltr' id='par_1_26' title="bbox 551 2728 2207 2801">
     <span class='ocr_line' id='line_1_26' title="bbox 551 2728 2207 2801; baseline -0.001 -17"><span class='ocrx_word' id='word_1_177' title='bbox 551 2744 798 2784; x_wconf 89' lang='lat' dir='ltr'><strong>accessu</strong></span> <span class='ocrx_word' id='word_1_178' title='bbox 828 2729 1086 2794; x_wconf 89' lang='lat' dir='ltr'><strong>dicebat,</strong></span> <span class='ocrx_word' id='word_1_179' title='bbox 1121 2729 1203 2784; x_wconf 90' lang='lat' dir='ltr'><strong>ita</strong></span> <span class='ocrx_word' id='word_1_180' title='bbox 1231 2744 1476 2801; x_wconf 89' lang='lat' dir='ltr'><strong>quoque</strong></span> <span class='ocrx_word' id='word_1_181' title='bbox 1509 2745 1661 2785; x_wconf 90' lang='lat' dir='ltr'><strong>nunc</strong></span> <span class='ocrx_word' id='word_1_182' title='bbox 1692 2732 1880 2784; x_wconf 87' lang='lat' dir='ltr'><strong>mater</strong></span> <span class='ocrx_word' id='word_1_183' title='bbox 1901 2728 2096 2800; x_wconf 87' lang='lat' dir='ltr'><strong>ipsius</strong></span> <span class='ocrx_word' id='word_1_184' title='bbox 2121 2728 2207 2784; x_wconf 90' lang='lat' dir='ltr'><strong>in-</strong></span> 
     </span>
    </p>
   </div>
   <div class='ocr_carea' id='block_1_27' title="bbox 548 2815 2204 2887">
    <p class='ocr_par' dir='ltr' id='par_1_27' title="bbox 548 2815 2204 2887">
     <span class='ocr_line' id='line_1_27' title="bbox 548 2815 2204 2887; baseline 0.001 -15"><span class='ocrx_word' id='word_1_185' title='bbox 548 2815 796 2887; x_wconf 88' lang='lat' dir='ltr'><strong>dignam</strong></span> <span class='ocrx_word' id='word_1_186' title='bbox 822 2833 956 2873; x_wconf 89' lang='lat' dir='ltr'><strong>sese</strong></span> <span class='ocrx_word' id='word_1_187' title='bbox 980 2817 1194 2874; x_wconf 83' lang='lat' dir='ltr'><strong>fatetur</strong></span> <span class='ocrx_word' id='word_1_188' title='bbox 1219 2817 1352 2873; x_wconf 87' lang='lat' dir='ltr'><strong>talis</strong></span> <span class='ocrx_word' id='word_1_189' title='bbox 1381 2817 1644 2872; x_wconf 72' lang='lat' dir='ltr'><strong>dominae</strong></span> <span class='ocrx_word' id='word_1_190' title='bbox 1672 2832 1940 2872; x_wconf 90' lang='lat' dir='ltr'><strong>accessu.</strong></span> <span class='ocrx_word' id='word_1_191' title='bbox 1966 2818 2204 2873; x_wconf 84' lang='lat' dir='ltr'><strong>Matrem</strong></span> 
     </span>
    </p>
   </div>
   <div class='ocr_carea' id='block_1_28' title="bbox 546 2905 2206 2977">
    <p class='ocr_par' dir='ltr' id='par_1_28' title="bbox 546 2905 2206 2977">
     <span class='ocr_line' id='line_1_28' title="bbox 546 2905 2206 2977; baseline -0.001 -17"><span class='ocrx_word' id='word_1_192' title='bbox 546 2909 748 2960; x_wconf 88' lang='lat' dir='ltr'><strong>autem</strong></span> <span class='ocrx_word' id='word_1_193' title='bbox 788 2905 964 2961; x_wconf 90' lang='lat' dir='ltr'><strong>etiam</strong></span> <span class='ocrx_word' id='word_1_194' title='bbox 979 2912 1112 2961; x_wconf 87' lang='lat' dir='ltr'><strong>ante</strong></span> <span class='ocrx_word' id='word_1_195' title='bbox 1138 2911 1376 2977; x_wconf 88' lang='lat' dir='ltr'><strong>parturn</strong></span> <span class='ocrx_word' id='word_1_196' title='bbox 1395 2921 1530 2961; x_wconf 88' lang='lat' dir='ltr'><strong>eam</strong></span> <span class='ocrx_word' id='word_1_197' title='bbox 1553 2905 1903 2971; x_wconf 82' lang='lat' dir='ltr'><strong>nominavit,</strong></span> <span class='ocrx_word' id='word_1_198' title='bbox 1929 2910 1984 2961; x_wconf 91' lang='lat' dir='ltr'><strong>et</strong></span> <span class='ocrx_word' id='word_1_199' title='bbox 2008 2905 2206 2960; x_wconf 91' lang='lat' dir='ltr'><strong>Domi-</strong></span> 
     </span>
    </p>
   </div>
   <div class='ocr_carea' id='block_1_29' title="bbox 546 2994 2203 3066">
    <p class='ocr_par' dir='ltr' id='par_1_29' title="bbox 546 2994 2203 3066">
     <span class='ocr_line' id='line_1_29' title="bbox 546 2994 2203 3066; baseline 0.001 -19"><span class='ocrx_word' id='word_1_200' title='bbox 546 3007 693 3048; x_wconf 90' lang='lat' dir='ltr'><strong>num</strong></span> <span class='ocrx_word' id='word_1_201' title='bbox 734 3009 892 3060; x_wconf 88' lang='lat' dir='ltr'><strong>eum,</strong></span> <span class='ocrx_word' id='word_1_202' title='bbox 942 2995 1046 3066; x_wconf 91' lang='lat' dir='ltr'><strong>qui</strong></span> <span class='ocrx_word' id='word_1_203' title='bbox 1074 3010 1142 3049; x_wconf 81' lang='lat' dir='ltr'><strong>ex</strong></span> <span class='ocrx_word' id='word_1_204' title='bbox 1171 2994 1271 3049; x_wconf 87' lang='lat' dir='ltr'><strong>illa</strong></span> <span class='ocrx_word' id='word_1_205' title='bbox 1314 2995 1648 3050; x_wconf 86' lang='lat' dir='ltr'><strong>nasciturus</strong></span> <span class='ocrx_word' id='word_1_206' title='bbox 1695 2998 1863 3049; x_wconf 90' lang='lat' dir='ltr'><strong>erat:</strong></span> <span class='ocrx_word' id='word_1_207' title='bbox 1916 2997 2203 3050; x_wconf 88' lang='lat' dir='ltr'><strong>attestans</strong></span> 
     </span>
    </p>
   </div>
   <div class='ocr_carea' id='block_1_30' title="bbox 545 3081 2283 3170">
    <p class='ocr_par' dir='ltr' id='par_1_30' title="bbox 545 3081 2283 3170">
     <span class='ocr_line' id='line_1_30' title="bbox 545 3081 2283 3170; baseline 0.001 -33"><span class='ocrx_word' id='word_1_208' title='bbox 545 3081 742 3151; x_wconf 89' lang='lat' dir='ltr'><strong>angeli</strong></span> <span class='ocrx_word' id='word_1_209' title='bbox 764 3083 980 3149; x_wconf 88' lang='lat' dir='ltr'><strong>verbis,</strong></span> <span class='ocrx_word' id='word_1_210' title='bbox 1012 3083 1194 3155; x_wconf 90' lang='lat' dir='ltr'><strong>idque</strong></span> <span class='ocrx_word' id='word_1_211' title='bbox 1233 3082 1520 3148; x_wconf 85' lang='lat' dir='ltr'><strong>efﬁciens,</strong></span> <span class='ocrx_word' id='word_1_212' title='bbox 1557 3089 1617 3138; x_wconf 93' lang='lat' dir='ltr'><strong>ut</strong></span> <span class='ocrx_word' id='word_1_213' title='bbox 1646 3082 2023 3139; x_wconf 89' lang='lat' dir='ltr'><strong>sermonibus</strong></span> <span class='ocrx_word' id='word_1_214' title='bbox 2072 3085 2201 3154; x_wconf 87' lang='lat' dir='ltr'><strong>ejus</strong></span> <span class='ocrx_word' id='word_1_215' title='bbox 2242 3113 2283 3170; x_wconf 65' lang='grc' dir='ltr'>ρ</span> 
     </span>
    </p>
   </div>
   <div class='ocr_carea' id='block_1_31' title="bbox 543 3170 1284 3243">
    <p class='ocr_par' dir='ltr' id='par_1_31' title="bbox 543 3170 1284 3243">
     <span class='ocr_line' id='line_1_31' title="bbox 543 3170 1284 3243; baseline 0.003 -18"><span class='ocrx_word' id='word_1_216' title='bbox 543 3170 776 3226; x_wconf 82' lang='lat' dir='ltr'><strong>ﬁrmius</strong></span> <span class='ocrx_word' id='word_1_217' title='bbox 808 3172 979 3243; x_wconf 90' lang='lat' dir='ltr'><strong>Virgo</strong></span> <span class='ocrx_word' id='word_1_218' title='bbox 999 3172 1284 3229; x_wconf 89' lang='lat' dir='ltr'><strong>crederet.</strong></span> 
     </span>
    </p>
   </div>
   <div class='ocr_carea' id='block_1_32' title="bbox 616 3350 2198 3424">
    <p class='ocr_par' dir='ltr' id='par_1_32' title="bbox 616 3350 2198 3424">
     <span class='ocr_line' id='line_1_32' title="bbox 616 3350 2198 3424; baseline 0.001 -18"><span class='ocrx_word' id='word_1_219' title='bbox 616 3351 773 3408; x_wconf 90' lang='lat' dir='ltr'><strong>Vers.</strong></span> <span class='ocrx_word' id='word_1_220' title='bbox 802 3354 890 3408; x_wconf 82' lang='grc'><strong>45.</strong></span> <span class='ocrx_word' id='word_1_221' title='bbox 909 3353 1061 3409; x_wconf 83' lang='lat' dir='ltr'><strong>Ecce</strong></span> <span class='ocrx_word' id='word_1_222' title='bbox 1085 3352 1239 3408; x_wconf 81' lang='lat' dir='ltr'><strong>enim</strong></span> <span class='ocrx_word' id='word_1_223' title='bbox 1273 3382 1337 3392; x_wconf 84' lang='lat'><strong>—-</strong></span> <span class='ocrx_word' id='word_1_224' title='bbox 1385 3365 1526 3407; x_wconf 89' lang='lat' dir='ltr'><strong>meo.</strong></span> <span class='ocrx_word' id='word_1_225' title='bbox 1557 3350 1684 3406; x_wconf 63' lang='lat' dir='ltr'><strong>Prae</strong></span> <span class='ocrx_word' id='word_1_226' title='bbox 1714 3350 1958 3420; x_wconf 91' lang='lat' dir='ltr'><strong>gaudio,</strong></span> <span class='ocrx_word' id='word_1_227' title='bbox 1992 3353 2198 3424; x_wconf 88' lang='lat' dir='ltr'><strong>utpote</strong></span> 
     </span>
    </p>
   </div>
   <div class='ocr_carea' id='block_1_33' title="bbox 539 3441 2192 3514">
    <p class='ocr_par' dir='ltr' id='par_1_33' title="bbox 539 3441 2192 3514">
     <span class='ocr_line' id='line_1_33' title="bbox 539 3441 2192 3514; baseline -0.001 -16"><span class='ocrx_word' id='word_1_228' title='bbox 539 3443 796 3498; x_wconf 86' lang='lat' dir='ltr'><strong>sentiens</strong></span> <span class='ocrx_word' id='word_1_229' title='bbox 820 3442 950 3514; x_wconf 90' lang='lat' dir='ltr'><strong>jam</strong></span> <span class='ocrx_word' id='word_1_230' title='bbox 976 3441 1292 3500; x_wconf 84' lang='lat' dir='ltr'><strong>hominum</strong></span> <span class='ocrx_word' id='word_1_231' title='bbox 1320 3441 1592 3512; x_wconf 87' lang='lat' dir='ltr'><strong>salutem,</strong></span> <span class='ocrx_word' id='word_1_232' title='bbox 1624 3457 1694 3498; x_wconf 91' lang='lat' dir='ltr'><strong>ac</strong></span> <span class='ocrx_word' id='word_1_233' title='bbox 1711 3441 1786 3498; x_wconf 90' lang='lat' dir='ltr'><strong>de</strong></span> <span class='ocrx_word' id='word_1_234' title='bbox 1811 3457 1878 3497; x_wconf 87' lang='lat' dir='ltr'><strong>ea</strong></span> <span class='ocrx_word' id='word_1_235' title='bbox 1900 3441 2192 3513; x_wconf 86' lang='lat' dir='ltr'><strong>gaudens.</strong></span> 
     </span>
    </p>
   </div>
   <div class='ocr_carea' id='block_1_34' title="bbox 609 3637 2196 3710">
    <p class='ocr_par' dir='ltr' id='par_1_34' title="bbox 609 3637 2196 3710">
     <span class='ocr_line' id='line_1_34' title="bbox 609 3637 2196 3710; baseline -0.001 -14"><span class='ocrx_word' id='word_1_236' title='bbox 609 3642 767 3696; x_wconf 85' lang='lat' dir='ltr'><strong>Vers.</strong></span> <span class='ocrx_word' id='word_1_237' title='bbox 793 3639 984 3696; x_wconf 63' lang='lat'><strong>45.1431</strong></span> <span class='ocrx_word' id='word_1_238' title='bbox 1021 3639 1191 3698; x_wconf 80' lang='lat' dir='ltr'><strong>beata</strong></span> <span class='ocrx_word' id='word_1_239' title='bbox 1219 3670 1289 3679; x_wconf 93' lang='lat'><strong>—</strong></span> <span class='ocrx_word' id='word_1_240' title='bbox 1327 3639 1572 3696; x_wconf 81' lang='lat' dir='ltr'><strong>Domino</strong></span> <span class='ocrx_word' id='word_1_241' title='bbox 1615 3640 1856 3695; x_wconf 89' lang='lat' dir='ltr'><strong>Beatam</strong></span> <span class='ocrx_word' id='word_1_242' title='bbox 1909 3637 2196 3710; x_wconf 59' lang='lat' dir='ltr'><strong>pradicat</strong></span> 
     </span>
    </p>
   </div>
   <div class='ocr_carea' id='block_1_35' title="bbox 535 3726 2195 3802">
    <p class='ocr_par' dir='ltr' id='par_1_35' title="bbox 535 3726 2195 3802">
     <span class='ocr_line' id='line_1_35' title="bbox 535 3726 2195 3802; baseline 0.001 -20"><span class='ocrx_word' id='word_1_243' title='bbox 535 3726 807 3796; x_wconf 87' lang='lat' dir='ltr'><strong>Mariam,</strong></span> <span class='ocrx_word' id='word_1_244' title='bbox 835 3745 969 3802; x_wconf 62' lang='lat' dir='ltr'><strong>quae</strong></span> <span class='ocrx_word' id='word_1_245' title='bbox 997 3729 1088 3784; x_wconf 88' lang='lat' dir='ltr'><strong>his</strong></span> <span class='ocrx_word' id='word_1_246' title='bbox 1109 3729 1290 3785; x_wconf 88' lang='lat' dir='ltr'><strong>ﬁdem</strong></span> <span class='ocrx_word' id='word_1_247' title='bbox 1315 3728 1592 3784; x_wconf 86' lang='lat' dir='ltr'><strong>habuerit</strong></span> <span class='ocrx_word' id='word_1_248' title='bbox 1608 3745 1739 3801; x_wconf 56' lang='lat' dir='ltr'><strong>quas</strong></span> <span class='ocrx_word' id='word_1_249' title='bbox 1753 3728 1864 3784; x_wconf 91' lang='lat' dir='ltr'><strong>sibi</strong></span> <span class='ocrx_word' id='word_1_250' title='bbox 1886 3744 1923 3783; x_wconf 91' lang='lat' dir='ltr'><strong>a</strong></span> <span class='ocrx_word' id='word_1_251' title='bbox 1943 3729 2195 3784; x_wconf 91' lang='lat' dir='ltr'><strong>Domino</strong></span> 
     </span>
    </p>
   </div>
   <div class='ocr_carea' id='block_1_36' title="bbox 534 3817 2190 3890">
    <p class='ocr_par' dir='ltr' id='par_1_36' title="bbox 534 3817 2190 3890">
     <span class='ocr_line' id='line_1_36' title="bbox 534 3817 2190 3890; baseline 0.001 -17"><span class='ocrx_word' id='word_1_252' title='bbox 534 3834 641 3890; x_wconf 90' lang='lat' dir='ltr'><strong>per</strong></span> <span class='ocrx_word' id='word_1_253' title='bbox 660 3818 943 3889; x_wconf 88' lang='lat' dir='ltr'><strong>angelum</strong></span> <span class='ocrx_word' id='word_1_254' title='bbox 973 3818 1136 3875; x_wconf 88' lang='lat' dir='ltr'><strong>dicta</strong></span> <span class='ocrx_word' id='word_1_255' title='bbox 1160 3828 1318 3874; x_wconf 88' lang='lat' dir='ltr'><strong>sunt.</strong></span> <span class='ocrx_word' id='word_1_256' title='bbox 1349 3817 1762 3887; x_wconf 63' lang='lat' dir='ltr'><strong>Praecognovit</strong></span> <span class='ocrx_word' id='word_1_257' title='bbox 1811 3817 1970 3873; x_wconf 92' lang='lat' dir='ltr'><strong>enim</strong></span> <span class='ocrx_word' id='word_1_258' title='bbox 2001 3817 2190 3874; x_wconf 86' lang='lat' dir='ltr'><strong>Eliza-</strong></span> 
     </span>
    </p>
   </div>
   <div class='ocr_carea' id='block_1_37' title="bbox 531 3907 2189 3980">
    <p class='ocr_par' dir='ltr' id='par_1_37' title="bbox 531 3907 2189 3980">
     <span class='ocr_line' id='line_1_37' title="bbox 531 3907 2189 3980; baseline -0.001 -15"><span class='ocrx_word' id='word_1_259' title='bbox 531 3907 676 3965; x_wconf 85' lang='lat' dir='ltr'><strong>beth</strong></span> <span class='ocrx_word' id='word_1_260' title='bbox 706 3911 882 3965; x_wconf 90' lang='lat' dir='ltr'><strong>etiam</strong></span> <span class='ocrx_word' id='word_1_261' title='bbox 913 3925 1004 3978; x_wconf 88' lang='lat' dir='ltr'><strong>ea,</strong></span> <span class='ocrx_word' id='word_1_262' title='bbox 1039 3925 1175 3980; x_wconf 66' lang='lat' dir='ltr'><strong>quin</strong></span> <span class='ocrx_word' id='word_1_263' title='bbox 1209 3909 1367 3964; x_wconf 90' lang='lat' dir='ltr'><strong>dicta</strong></span> <span class='ocrx_word' id='word_1_264' title='bbox 1413 3914 1596 3974; x_wconf 89' lang='lat' dir='ltr'><strong>erant,</strong></span> <span class='ocrx_word' id='word_1_265' title='bbox 1631 3909 1854 3980; x_wconf 91' lang='lat' dir='ltr'><strong>etquod</strong></span> <span class='ocrx_word' id='word_1_266' title='bbox 1874 3907 2050 3979; x_wconf 89' lang='lat' dir='ltr'><strong>Virgo</strong></span> <span class='ocrx_word' id='word_1_267' title='bbox 2071 3923 2189 3964; x_wconf 83' lang='lat' dir='ltr'><strong>cre-</strong></span> 
     </span>
    </p>
   </div>
   <div class='ocr_carea' id='block_1_38' title="bbox 532 3995 2194 4070">
    <p class='ocr_par' dir='ltr' id='par_1_38' title="bbox 532 3995 2194 4070">
     <span class='ocr_line' id='line_1_38' title="bbox 532 3995 2194 4070; baseline 0 -18"><span class='ocrx_word' id='word_1_268' title='bbox 532 3995 780 4054; x_wconf 88' lang='lat' dir='ltr'><strong>diderat.</strong></span> <span class='ocrx_word' id='word_1_269' title='bbox 810 3999 1013 4070; x_wconf 88' lang='lat' dir='ltr'><strong>Itaque</strong></span> <span class='ocrx_word' id='word_1_270' title='bbox 1040 3997 1174 4053; x_wconf 62' lang='lat' dir='ltr'><strong>alia;</strong></span> <span class='ocrx_word' id='word_1_271' title='bbox 1213 4013 1454 4068; x_wconf 91' lang='lat' dir='ltr'><strong>quoque</strong></span> <span class='ocrx_word' id='word_1_272' title='bbox 1481 3997 1706 4052; x_wconf 86' lang='lat' dir='ltr'><strong>steriles</strong></span> <span class='ocrx_word' id='word_1_273' title='bbox 1751 4003 2098 4068; x_wconf 88' lang='lat' dir='ltr'><strong>genuerant,</strong></span> <span class='ocrx_word' id='word_1_274' title='bbox 2132 4003 2194 4052; x_wconf 90' lang='lat' dir='ltr'><strong>at</strong></span> 
     </span>
    </p>
   </div>
   <div class='ocr_carea' id='block_1_39' title="bbox 531 4086 2190 4159">
    <p class='ocr_par' dir='ltr' id='par_1_39' title="bbox 531 4086 2190 4159">
     <span class='ocr_line' id='line_1_39' title="bbox 531 4086 2190 4159; baseline -0.001 -17"><span class='ocrx_word' id='word_1_275' title='bbox 531 4102 838 4159; x_wconf 90' lang='lat' dir='ltr'><strong>nunquam</strong></span> <span class='ocrx_word' id='word_1_276' title='bbox 869 4103 1076 4143; x_wconf 91' lang='lat' dir='ltr'><strong>earum</strong></span> <span class='ocrx_word' id='word_1_277' title='bbox 1111 4086 1307 4142; x_wconf 87' lang='lat' dir='ltr'><strong>infans</strong></span> <span class='ocrx_word' id='word_1_278' title='bbox 1361 4087 1702 4158; x_wconf 90' lang='lat' dir='ltr'><strong>prophetica</strong></span> <span class='ocrx_word' id='word_1_279' title='bbox 1739 4089 1931 4156; x_wconf 90' lang='lat' dir='ltr'><strong>gratia</strong></span> <span class='ocrx_word' id='word_1_280' title='bbox 1969 4087 2190 4157; x_wconf 90' lang='lat' dir='ltr'><strong>dignus</strong></span> 
     </span>
    </p>
   </div>
   <div class='ocr_carea' id='block_1_40' title="bbox 526 4174 2190 4245">
    <p class='ocr_par' dir='ltr' id='par_1_40' title="bbox 526 4174 2190 4245">
     <span class='ocr_line' id='line_1_40' title="bbox 526 4174 2190 4245; baseline 0 -14"><span class='ocrx_word' id='word_1_281' title='bbox 526 4175 768 4232; x_wconf 89' lang='lat' dir='ltr'><strong>habitus</strong></span> <span class='ocrx_word' id='word_1_282' title='bbox 797 4174 1006 4240; x_wconf 87' lang='lat' dir='ltr'><strong>fuerat,</strong></span> <span class='ocrx_word' id='word_1_283' title='bbox 1040 4191 1173 4230; x_wconf 87' lang='lat' dir='ltr'><strong>cum</strong></span> <span class='ocrx_word' id='word_1_284' title='bbox 1201 4175 1400 4230; x_wconf 89' lang='lat' dir='ltr'><strong>adhuc</strong></span> <span class='ocrx_word' id='word_1_285' title='bbox 1425 4176 1486 4229; x_wconf 91' lang='lat' dir='ltr'><strong>in</strong></span> <span class='ocrx_word' id='word_1_286' title='bbox 1504 4181 1669 4231; x_wconf 91' lang='lat' dir='ltr'><strong>utero</strong></span> <span class='ocrx_word' id='word_1_287' title='bbox 1696 4177 1900 4232; x_wconf 88' lang='lat' dir='ltr'><strong>matris</strong></span> <span class='ocrx_word' id='word_1_288' title='bbox 1930 4180 2190 4245; x_wconf 87' lang='lat' dir='ltr'><strong>gestare-</strong></span> 
     </span>
    </p>
   </div>
   <div class='ocr_carea' id='block_1_41' title="bbox 531 4263 2185 4333">
    <p class='ocr_par' dir='ltr' id='par_1_41' title="bbox 531 4263 2185 4333">
     <span class='ocr_line' id='line_1_41' title="bbox 531 4263 2185 4333; baseline 0.002 -14"><span class='ocrx_word' id='word_1_289' title='bbox 531 4269 644 4320; x_wconf 87' lang='lat' dir='ltr'><strong>tur.</strong></span> <span class='ocrx_word' id='word_1_290' title='bbox 673 4265 846 4320; x_wconf 87' lang='lat' dir='ltr'><strong>Facta</strong></span> <span class='ocrx_word' id='word_1_291' title='bbox 871 4268 1013 4318; x_wconf 88' lang='lat' dir='ltr'><strong>sunt</strong></span> <span class='ocrx_word' id='word_1_292' title='bbox 1035 4279 1177 4333; x_wconf 89' lang='lat' dir='ltr'><strong>ergo</strong></span> <span class='ocrx_word' id='word_1_293' title='bbox 1191 4263 1351 4319; x_wconf 90' lang='lat' dir='ltr'><strong>circa</strong></span> <span class='ocrx_word' id='word_1_294' title='bbox 1361 4264 1517 4320; x_wconf 90' lang='lat' dir='ltr'><strong>hanc</strong></span> <span class='ocrx_word' id='word_1_295' title='bbox 1533 4264 1787 4320; x_wconf 86' lang='lat' dir='ltr'><strong>sterilem</strong></span> <span class='ocrx_word' id='word_1_296' title='bbox 1808 4263 2185 4331; x_wconf 90' lang='lat' dir='ltr'><strong>admiranda,</strong></span> 
     </span>
    </p>
   </div>
   <div class='ocr_carea' id='block_1_42' title="bbox 529 4352 2186 4424">
    <p class='ocr_par' dir='ltr' id='par_1_42' title="bbox 529 4352 2186 4424">
     <span class='ocr_line' id='line_1_42' title="bbox 529 4352 2186 4424; baseline 0.001 -15"><span class='ocrx_word' id='word_1_297' title='bbox 529 4357 595 4409; x_wconf 90' lang='lat' dir='ltr'><strong>ut</strong></span> <span class='ocrx_word' id='word_1_298' title='bbox 633 4352 816 4408; x_wconf 90' lang='lat' dir='ltr'><strong>etiam</strong></span> <span class='ocrx_word' id='word_1_299' title='bbox 858 4353 1256 4418; x_wconf 89' lang='lat' dir='ltr'><strong>crederentur,</strong></span> <span class='ocrx_word' id='word_1_300' title='bbox 1303 4369 1439 4424; x_wconf 63' lang='lat' dir='ltr'><strong>quas</strong></span> <span class='ocrx_word' id='word_1_301' title='bbox 1464 4354 1622 4410; x_wconf 89' lang='lat' dir='ltr'><strong>circa</strong></span> <span class='ocrx_word' id='word_1_302' title='bbox 1667 4353 1824 4411; x_wconf 88' lang='lat' dir='ltr'><strong>hanc</strong></span> <span class='ocrx_word' id='word_1_303' title='bbox 1870 4353 2026 4410; x_wconf 89' lang='lat' dir='ltr'><strong>facta</strong></span> <span class='ocrx_word' id='word_1_304' title='bbox 2046 4359 2186 4410; x_wconf 91' lang='lat' dir='ltr'><strong>sunt</strong></span> 
     </span>
    </p>
   </div>
   <div class='ocr_carea' id='block_1_43' title="bbox 531 4441 1638 4513">
    <p class='ocr_par' dir='ltr' id='par_1_43' title="bbox 531 4441 1638 4513">
     <span class='ocr_line' id='line_1_43' title="bbox 531 4441 1638 4513; baseline 0.001 -16"><span class='ocrx_word' id='word_1_305' title='bbox 531 4441 830 4512; x_wconf 90' lang='lat' dir='ltr'><strong>Virginem</strong></span> <span class='ocrx_word' id='word_1_306' title='bbox 861 4441 1119 4498; x_wconf 86' lang='lat' dir='ltr'><strong>maxime</strong></span> <span class='ocrx_word' id='word_1_307' title='bbox 1146 4444 1638 4513; x_wconf 86' lang='lat' dir='ltr'><strong>supernaturalia.</strong></span> 
     </span>
    </p>
   </div>
   <div class='ocr_carea' id='block_1_44' title="bbox 597 4531 2180 4604">
    <p class='ocr_par' dir='ltr' id='par_1_44' title="bbox 597 4531 2180 4604">
     <span class='ocr_line' id='line_1_44' title="bbox 597 4531 2180 4604; baseline 0.003 -18"><span class='ocrx_word' id='word_1_308' title='bbox 597 4531 766 4586; x_wconf 90' lang='lat' dir='ltr'><strong>Vers.</strong></span> <span class='ocrx_word' id='word_1_309' title='bbox 803 4535 870 4588; x_wconf 84' lang='grc'><strong>46</strong></span> <span class='ocrx_word' id='word_1_310' title='bbox 895 4531 1492 4590; x_wconf 74' lang='lat' dir='ltr'><strong>Emit—Dominum.</strong></span> <span class='ocrx_word' id='word_1_311' title='bbox 1526 4533 1900 4604; x_wconf 73' lang='lat' dir='ltr'><strong>Magni/teat,</strong></span> <span class='ocrx_word' id='word_1_312' title='bbox 1923 4535 2036 4590; x_wconf 90' lang='lat' dir='ltr'><strong>hoc</strong></span> <span class='ocrx_word' id='word_1_313' title='bbox 2072 4536 2180 4601; x_wconf 90' lang='lat' dir='ltr'><strong>est,</strong></span> 
     </span>
    </p>
   </div>
   <div class='ocr_carea' id='block_1_45' title="bbox 524 4619 2180 4692">
    <p class='ocr_par' dir='ltr' id='par_1_45' title="bbox 524 4619 2180 4692">
     <span class='ocr_line' id='line_1_45' title="bbox 524 4619 2180 4692; baseline 0.002 -16"><span class='ocrx_word' id='word_1_314' title='bbox 524 4619 846 4688; x_wconf 88' lang='lat' dir='ltr'><strong>Benedicit,</strong></span> <span class='ocrx_word' id='word_1_315' title='bbox 892 4619 1201 4692; x_wconf 84' lang='lat' dir='ltr'><strong>gloriﬁcat.</strong></span> <span class='ocrx_word' id='word_1_316' title='bbox 1236 4621 1334 4676; x_wconf 91' lang='lat' dir='ltr'><strong>Est</strong></span> <span class='ocrx_word' id='word_1_317' title='bbox 1356 4627 1554 4678; x_wconf 88' lang='lat' dir='ltr'><strong>autem</strong></span> <span class='ocrx_word' id='word_1_318' title='bbox 1591 4623 1686 4679; x_wconf 91' lang='lat' dir='ltr'><strong>hic</strong></span> <span class='ocrx_word' id='word_1_319' title='bbox 1715 4639 1913 4680; x_wconf 91' lang='lat' dir='ltr'><strong>sermo</strong></span> <span class='ocrx_word' id='word_1_320' title='bbox 1939 4623 2180 4680; x_wconf 84' lang='lat' dir='ltr'><strong>creden-</strong></span> 
     </span>
    </p>
   </div>
   <div class='ocr_carea' id='block_1_46' title="bbox 524 4709 1233 4780">
    <p class='ocr_par' dir='ltr' id='par_1_46' title="bbox 524 4709 1233 4780">
     <span class='ocr_line' id='line_1_46' title="bbox 524 4709 1233 4780; baseline 0.001 -14"><span class='ocrx_word' id='word_1_321' title='bbox 524 4709 600 4766; x_wconf 88' lang='lat' dir='ltr'><strong>tis</strong></span> <span class='ocrx_word' id='word_1_322' title='bbox 629 4725 699 4765; x_wconf 88' lang='lat' dir='ltr'><strong>ac</strong></span> <span class='ocrx_word' id='word_1_323' title='bbox 722 4711 943 4780; x_wconf 89' lang='lat' dir='ltr'><strong>gratias</strong></span> <span class='ocrx_word' id='word_1_324' title='bbox 974 4710 1233 4780; x_wconf 90' lang='lat' dir='ltr'><strong>agentis.</strong></span> 
     </span>
    </p>
   </div>
   <div class='ocr_carea' id='block_1_47' title="bbox 595 4797 2182 4874">
    <p class='ocr_par' dir='ltr' id='par_1_47' title="bbox 595 4797 2182 4874">
     <span class='ocr_line' id='line_1_47' title="bbox 595 4797 2182 4874; baseline 0.003 -21"><span class='ocrx_word' id='word_1_325' title='bbox 595 4797 759 4854; x_wconf 89' lang='lat' dir='ltr'><strong>Vers.</strong></span> <span class='ocrx_word' id='word_1_326' title='bbox 782 4800 870 4855; x_wconf 85' lang='grc'>47.</span> <span class='ocrx_word' id='word_1_327' title='bbox 892 4799 969 4854; x_wconf 83' lang='grc' dir='ltr'><strong><em>Ει</em></strong></span> <span class='ocrx_word' id='word_1_328' title='bbox 999 4799 1319 4856; x_wconf 71' lang='lat' dir='ltr'><strong>exsultavit</strong></span> <span class='ocrx_word' id='word_1_329' title='bbox 1343 4831 1414 4841; x_wconf 91' lang='lat'><strong>—</strong></span> <span class='ocrx_word' id='word_1_330' title='bbox 1457 4801 1777 4858; x_wconf 81' lang='lat' dir='ltr'><strong>Saluatore</strong></span> <span class='ocrx_word' id='word_1_331' title='bbox 1823 4816 1967 4858; x_wconf 87' lang='lat' dir='ltr'><strong>meo.</strong></span> <span class='ocrx_word' id='word_1_332' title='bbox 2003 4801 2182 4874; x_wconf 91' lang='lat' dir='ltr'><strong>Spiri-</strong></span> 
     </span>
    </p>
   </div>
   <div class='ocr_carea' id='block_1_48' title="bbox 521 4890 2177 4964">
    <p class='ocr_par' dir='ltr' id='par_1_48' title="bbox 521 4890 2177 4964">
     <span class='ocr_line' id='line_1_48' title="bbox 521 4890 2177 4964; baseline 0 -16"><span class='ocrx_word' id='word_1_333' title='bbox 521 4895 650 4948; x_wconf 88' lang='lat' dir='ltr'><strong>tum</strong></span> <span class='ocrx_word' id='word_1_334' title='bbox 677 4907 882 4947; x_wconf 91' lang='lat' dir='ltr'><strong>rursus</strong></span> <span class='ocrx_word' id='word_1_335' title='bbox 934 4890 1202 4948; x_wconf 89' lang='lat' dir='ltr'><strong>animam</strong></span> <span class='ocrx_word' id='word_1_336' title='bbox 1243 4890 1516 4964; x_wconf 89' lang='lat' dir='ltr'><strong>intellige.</strong></span> <span class='ocrx_word' id='word_1_337' title='bbox 1569 4892 1780 4949; x_wconf 89' lang='lat' dir='ltr'><strong>Gavisa</strong></span> <span class='ocrx_word' id='word_1_338' title='bbox 1813 4899 1921 4959; x_wconf 90' lang='lat' dir='ltr'><strong>est,</strong></span> <span class='ocrx_word' id='word_1_339' title='bbox 1966 4893 2177 4964; x_wconf 87' lang='lat' dir='ltr'><strong>inquit,</strong></span> 
     </span>
    </p>
   </div>
   <div class='ocr_carea' id='block_1_49' title="bbox 521 4971 2178 5056">
    <p class='ocr_par' dir='ltr' id='par_1_49' title="bbox 521 4971 2178 5056">
     <span class='ocr_line' id='line_1_49' title="bbox 521 4971 2178 5056; baseline 0 -18"><span class='ocrx_word' id='word_1_340' title='bbox 521 4971 726 5038; x_wconf 83' lang='lat' dir='ltr'><strong>anima</strong></span> <span class='ocrx_word' id='word_1_341' title='bbox 743 4997 878 5038; x_wconf 90' lang='lat' dir='ltr'><strong>mea</strong></span> <span class='ocrx_word' id='word_1_342' title='bbox 898 4983 955 5036; x_wconf 92' lang='lat' dir='ltr'><strong>in</strong></span> <span class='ocrx_word' id='word_1_343' title='bbox 985 4981 1123 5048; x_wconf 91' lang='lat' dir='ltr'><strong>Deo,</strong></span> <span class='ocrx_word' id='word_1_344' title='bbox 1152 4981 1252 5056; x_wconf 91' lang='lat' dir='ltr'><strong>qui</strong></span> <span class='ocrx_word' id='word_1_345' title='bbox 1285 4998 1380 5038; x_wconf 90' lang='lat' dir='ltr'><strong>me</strong></span> <span class='ocrx_word' id='word_1_346' title='bbox 1411 4982 1639 5037; x_wconf 90' lang='lat' dir='ltr'><strong>salvam</strong></span> <span class='ocrx_word' id='word_1_347' title='bbox 1673 4981 1803 5037; x_wconf 85' lang='lat' dir='ltr'><strong>fecit</strong></span> <span class='ocrx_word' id='word_1_348' title='bbox 1831 4981 1993 5052; x_wconf 88' lang='lat' dir='ltr'><strong>:jam</strong></span> <span class='ocrx_word' id='word_1_349' title='bbox 2016 4982 2178 5038; x_wconf 90' lang='lat' dir='ltr'><strong>enim</strong></span> 
     </span>
    </p>
   </div>
   <div class='ocr_carea' id='block_1_50' title="bbox 519 5069 2181 5144">
    <p class='ocr_par' dir='ltr' id='par_1_50' title="bbox 519 5069 2181 5144">
     <span class='ocr_line' id='line_1_50' title="bbox 519 5069 2181 5144; baseline 0.001 -18"><span class='ocrx_word' id='word_1_350' title='bbox 519 5069 686 5126; x_wconf 87' lang='lat' dir='ltr'><strong>salva</strong></span> <span class='ocrx_word' id='word_1_351' title='bbox 698 5070 1161 5144; x_wconf 68' lang='lat' dir='ltr'><strong>factasum,quae</strong></span> <span class='ocrx_word' id='word_1_352' title='bbox 1177 5071 1350 5144; x_wconf 90' lang='lat' dir='ltr'><strong>digna</strong></span> <span class='ocrx_word' id='word_1_353' title='bbox 1373 5070 1580 5126; x_wconf 90' lang='lat' dir='ltr'><strong>habita</strong></span> <span class='ocrx_word' id='word_1_354' title='bbox 1596 5088 1731 5126; x_wconf 88' lang='lat' dir='ltr'><strong>sum</strong></span> <span class='ocrx_word' id='word_1_355' title='bbox 1761 5077 1819 5126; x_wconf 90' lang='lat' dir='ltr'><strong>ut</strong></span> <span class='ocrx_word' id='word_1_356' title='bbox 1841 5074 2041 5128; x_wconf 85' lang='lat' dir='ltr'><strong>ﬁerem</strong></span> <span class='ocrx_word' id='word_1_357' title='bbox 2065 5074 2181 5128; x_wconf 82' lang='lat' dir='ltr'><strong>Ma-</strong></span> 
     </span>
    </p>
   </div>
   <div class='ocr_carea' id='block_1_51' title="bbox 521 5158 2172 5234">
    <p class='ocr_par' dir='ltr' id='par_1_51' title="bbox 521 5158 2172 5234">
     <span class='ocr_line' id='line_1_51' title="bbox 521 5158 2172 5234; baseline 0 -16"><span class='ocrx_word' id='word_1_358' title='bbox 521 5163 606 5218; x_wconf 90' lang='lat' dir='ltr'><strong>ter</strong></span> <span class='ocrx_word' id='word_1_359' title='bbox 619 5159 736 5215; x_wconf 92' lang='lat' dir='ltr'><strong>Dei.</strong></span> <span class='ocrx_word' id='word_1_360' title='bbox 760 5159 981 5217; x_wconf 87' lang='lat' dir='ltr'><strong>Deinde</strong></span> <span class='ocrx_word' id='word_1_361' title='bbox 997 5162 1177 5219; x_wconf 87' lang='lat' dir='ltr'><strong>etiam</strong></span> <span class='ocrx_word' id='word_1_362' title='bbox 1195 5176 1443 5219; x_wconf 91' lang='lat' dir='ltr'><strong>causam</strong></span> <span class='ocrx_word' id='word_1_363' title='bbox 1463 5158 1624 5232; x_wconf 88' lang='lat' dir='ltr'><strong>dicit,</strong></span> <span class='ocrx_word' id='word_1_364' title='bbox 1650 5176 1756 5216; x_wconf 92' lang='lat' dir='ltr'><strong>cur</strong></span> <span class='ocrx_word' id='word_1_365' title='bbox 1777 5161 1999 5234; x_wconf 89' lang='lat' dir='ltr'><strong>gratias</strong></span> <span class='ocrx_word' id='word_1_366' title='bbox 2015 5166 2172 5233; x_wconf 87' lang='lat' dir='ltr'><strong>agat.</strong></span> 
     </span>
    </p>
   </div>
   <div class='ocr_carea' id='block_1_52' title="bbox 1896 279 2614 344">
    <p class='ocr_par' dir='ltr' id='par_1_52' title="bbox 1896 279 2614 344">
     <span class='ocr_line' id='line_1_52' title="bbox 1896 279 2614 344; baseline 0.004 -4"><span class='ocrx_word' id='word_1_367' title='bbox 1896 283 2242 342; x_wconf 83' lang='lat' dir='ltr'><strong>EUTHYMII</strong></span> <span class='ocrx_word' id='word_1_368' title='bbox 2283 279 2614 344; x_wconf 83' lang='lat' dir='ltr'><strong>ZIGABENI</strong></span> 
     </span>
    </p>
   </div>
   <div class='ocr_carea' id='block_1_53' title="bbox 3846 285 3965 342">
    <p class='ocr_par' dir='ltr' id='par_1_53' title="bbox 3846 285 3965 342">
     <span class='ocr_line' id='line_1_53' title="bbox 3846 285 3965 342; baseline -0.017 0"><span class='ocrx_word' id='word_1_369' title='bbox 3846 285 3965 342; x_wconf 76' lang='lat'><strong>872</strong></span> 
     </span>
    </p>
   </div>
   <div class='ocr_carea' id='block_1_54' title="bbox 2409 408 3963 486">
    <p class='ocr_par' dir='ltr' id='par_1_54' title="bbox 2409 408 3963 486">
     <span class='ocr_line' id='line_1_54' title="bbox 2409 408 3963 486; baseline -0.005 -17"><span class='ocrx_word' id='word_1_370' title='bbox 2409 414 2715 469; x_wconf 80' lang='grc' dir='ltr'><strong>Ἀναστᾶσα</strong></span> <span class='ocrx_word' id='word_1_371' title='bbox 2762 445 2828 454; x_wconf 92' lang='grc'><strong>-</strong></span> <span class='ocrx_word' id='word_1_372' title='bbox 2878 410 3073 470; x_wconf 79' lang='grc' dir='ltr'>Ἰούδα.</span> <span class='ocrx_word' id='word_1_373' title='bbox 3128 414 3185 468; x_wconf 81' lang='grc' dir='ltr'><strong>Ἠ</strong></span> <span class='ocrx_word' id='word_1_374' title='bbox 3248 412 3442 486; x_wconf 77' lang='grc' dir='ltr'><strong>ὀρεινὴ,</strong></span> <span class='ocrx_word' id='word_1_375' title='bbox 3499 412 3646 473; x_wconf 84' lang='grc' dir='ltr'>πόλις</span> <span class='ocrx_word' id='word_1_376' title='bbox 3719 408 3780 470; x_wconf 76' lang='grc' dir='ltr'>ἧν</span> <span class='ocrx_word' id='word_1_377' title='bbox 3857 420 3963 471; x_wconf 79' lang='grc' dir='ltr'><strong>τῆς</strong></span> 
     </span>
    </p>
   </div>
   <div class='ocr_carea' id='block_1_55' title="bbox 2335 497 3953 575">
    <p class='ocr_par' dir='ltr' id='par_1_55' title="bbox 2335 497 3953 575">
     <span class='ocr_line' id='line_1_55' title="bbox 2335 497 3953 575; baseline -0.004 -18"><span class='ocrx_word' id='word_1_378' title='bbox 2335 501 2616 571; x_wconf 74' lang='grc' dir='ltr'><strong>Ἰουδαίας,</strong></span> <span class='ocrx_word' id='word_1_379' title='bbox 2653 502 2700 554; x_wconf 77' lang='grc' dir='ltr'><strong>ἐν</strong></span> <span class='ocrx_word' id='word_1_380' title='bbox 2745 503 2805 575; x_wconf 70' lang='grc' dir='ltr'>τῇ</span> <span class='ocrx_word' id='word_1_381' title='bbox 2840 507 2962 574; x_wconf 82' lang='grc' dir='ltr'>ᾤκει</span> <span class='ocrx_word' id='word_1_382' title='bbox 3007 505 3037 560; x_wconf 82' lang='grc' dir='ltr'>ἡ</span> <span class='ocrx_word' id='word_1_383' title='bbox 3073 501 3362 575; x_wconf 73' lang='grc' dir='ltr'>Ἐλισάϐετ.</span> <span class='ocrx_word' id='word_1_384' title='bbox 3419 500 3646 559; x_wconf 80' lang='grc' dir='ltr'>Ἀπῆλθε</span> <span class='ocrx_word' id='word_1_385' title='bbox 3698 497 3757 552; x_wconf 71' lang='grc' dir='ltr'><strong>δὲ</strong></span> <span class='ocrx_word' id='word_1_386' title='bbox 3818 499 3953 562; x_wconf 82' lang='grc' dir='ltr'>ἐκεῖ,</span> 
     </span>
    </p>
   </div>
   <div class='ocr_carea' id='block_1_56' title="bbox 2337 592 3958 663">
    <p class='ocr_par' dir='ltr' id='par_1_56' title="bbox 2337 592 3958 663">
     <span class='ocr_line' id='line_1_56' title="bbox 2337 592 3958 663; baseline -0.003 -18"><span class='ocrx_word' id='word_1_387' title='bbox 2337 594 2453 663; x_wconf 84' lang='grc' dir='ltr'><strong>θείῳ</strong></span> <span class='ocrx_word' id='word_1_388' title='bbox 2526 595 2787 663; x_wconf 86' lang='grc' dir='ltr'>Πνεύματι</span> <span class='ocrx_word' id='word_1_389' title='bbox 3045 594 3336 655; x_wconf 85' lang='grc' dir='ltr'>κινηθεῖσα,</span> <span class='ocrx_word' id='word_1_390' title='bbox 3413 592 3493 642; x_wconf 79' lang='grc' dir='ltr'><strong>ἵνα</strong></span> <span class='ocrx_word' id='word_1_391' title='bbox 3561 595 3958 662; x_wconf 73' lang='grc' dir='ltr'>σκιρτήσαντος</span> 
     </span>
    </p>
   </div>
   <div class='ocr_carea' id='block_1_57' title="bbox 2332 677 3955 754">
    <p class='ocr_par' dir='ltr' id='par_1_57' title="bbox 2332 677 3955 754">
     <span class='ocr_line' id='line_1_57' title="bbox 2332 677 3955 754; baseline -0.003 -20"><span class='ocrx_word' id='word_1_392' title='bbox 2332 685 2421 754; x_wconf 75' lang='grc' dir='ltr'>μὲν</span> <span class='ocrx_word' id='word_1_393' title='bbox 2479 688 2570 734; x_wconf 82' lang='grc' dir='ltr'>τοῦ</span> <span class='ocrx_word' id='word_1_394' title='bbox 2626 680 2847 754; x_wconf 75' lang='grc' dir='ltr'><strong>βρέφους</strong></span> <span class='ocrx_word' id='word_1_395' title='bbox 2900 679 2947 732; x_wconf 86' lang='grc' dir='ltr'><strong>ἐν</strong></span> <span class='ocrx_word' id='word_1_396' title='bbox 2998 690 3058 754; x_wconf 76' lang='grc' dir='ltr'>τῇ</span> <span class='ocrx_word' id='word_1_397' title='bbox 3114 681 3286 752; x_wconf 87' lang='grc' dir='ltr'>κοιλίᾳ</span> <span class='ocrx_word' id='word_1_398' title='bbox 3335 688 3432 740; x_wconf 83' lang='grc' dir='ltr'>τῆς</span> <span class='ocrx_word' id='word_1_399' title='bbox 3479 677 3767 743; x_wconf 77' lang='grc' dir='ltr'>Ἐλισάϐετ,</span> <span class='ocrx_word' id='word_1_400' title='bbox 3803 699 3955 751; x_wconf 79' lang='grc' dir='ltr'>προ-</span> 
     </span>
    </p>
   </div>
   <div class='ocr_carea' id='block_1_58' title="bbox 2333 765 3950 842">
    <p class='ocr_par' dir='ltr' id='par_1_58' title="bbox 2333 765 3950 842">
     <span class='ocr_line' id='line_1_58' title="bbox 2333 765 3950 842; baseline -0.002 -21"><span class='ocrx_word' id='word_1_401' title='bbox 2333 773 2670 842; x_wconf 86' lang='grc' dir='ltr'>φητευσάσης</span> <span class='ocrx_word' id='word_1_402' title='bbox 2744 767 2801 822; x_wconf 73' lang='grc' dir='ltr'><strong>δὲ</strong></span> <span class='ocrx_word' id='word_1_403' title='bbox 2874 774 2963 822; x_wconf 84' lang='grc' dir='ltr'>καὶ</span> <span class='ocrx_word' id='word_1_404' title='bbox 3033 769 3216 836; x_wconf 75' lang='grc' dir='ltr'>αὐτῆς,</span> <span class='ocrx_word' id='word_1_405' title='bbox 3278 765 3496 831; x_wconf 80' lang='grc' dir='ltr'><em>δέξηται</em></span> <span class='ocrx_word' id='word_1_406' title='bbox 3555 767 3764 820; x_wconf 78' lang='grc' dir='ltr'><strong>πλείονα</strong></span> <span class='ocrx_word' id='word_1_407' title='bbox 3826 768 3950 838; x_wconf 74' lang='lat'><strong>(26]</strong></span> 
     </span>
    </p>
   </div>
   <div class='ocr_carea' id='block_1_59' title="bbox 2330 858 2704 932">
    <p class='ocr_par' dir='ltr' id='par_1_59' title="bbox 2330 858 2704 932">
     <span class='ocr_line' id='line_1_59' title="bbox 2330 858 2704 932; baseline 0 -22"><span class='ocrx_word' id='word_1_408' title='bbox 2330 858 2704 932; x_wconf 77' lang='grc' dir='ltr'><strong>πληροφορίαν.</strong></span> 
     </span>
    </p>
   </div>
   <div class='ocr_carea' id='block_1_60' title="bbox 2403 963 3950 1036">
    <p class='ocr_par' dir='ltr' id='par_1_60' title="bbox 2403 963 3950 1036">
     <span class='ocr_line' id='line_1_60' title="bbox 2403 963 3950 1036; baseline -0.003 -19"><span class='ocrx_word' id='word_1_409' title='bbox 2403 970 2502 1017; x_wconf 81' lang='grc' dir='ltr'><strong>Καὶ</strong></span> <span class='ocrx_word' id='word_1_410' title='bbox 2559 963 2790 1024; x_wconf 82' lang='grc' dir='ltr'>εἰσῆλθεν</span> <span class='ocrx_word' id='word_1_411' title='bbox 2863 995 2932 1004; x_wconf 90' lang='grc'><strong>-</strong></span> <span class='ocrx_word' id='word_1_412' title='bbox 3008 963 3275 1017; x_wconf 79' lang='grc' dir='ltr'>Ελισοίϐετ.</span> <span class='ocrx_word' id='word_1_413' title='bbox 3357 966 3813 1036; x_wconf 73' lang='grc' dir='ltr'>Προσηγὸρευσεν,</span> <span class='ocrx_word' id='word_1_414' title='bbox 3876 964 3950 1024; x_wconf 79' lang='grc' dir='ltr'><strong>ὡς</strong></span> 
     </span>
    </p>
   </div>
   <div class='ocr_carea' id='block_1_61' title="bbox 2330 1055 2460 1113">
    <p class='ocr_par' dir='ltr' id='par_1_61' title="bbox 2330 1055 2460 1113">
     <span class='ocr_line' id='line_1_61' title="bbox 2330 1055 2460 1113; baseline -0.008 -8"><span class='ocrx_word' id='word_1_415' title='bbox 2330 1055 2460 1113; x_wconf 79' lang='grc' dir='ltr'>ἔθος.</span> 
     </span>
    </p>
   </div>
   <div class='ocr_carea' id='block_1_62' title="bbox 2402 1155 3946 1232">
    <p class='ocr_par' dir='ltr' id='par_1_62' title="bbox 2402 1155 3946 1232">
     <span class='ocr_line' id='line_1_62' title="bbox 2402 1155 3946 1232; baseline -0.002 -21"><span class='ocrx_word' id='word_1_416' title='bbox 2402 1163 2502 1211; x_wconf 86' lang='grc' dir='ltr'><strong>Καὶ</strong></span> <span class='ocrx_word' id='word_1_417' title='bbox 2555 1157 2747 1230; x_wconf 82' lang='grc' dir='ltr'>ἐγένετο</span> <span class='ocrx_word' id='word_1_418' title='bbox 2801 1189 2867 1198; x_wconf 93' lang='grc'><strong>--</strong></span> <span class='ocrx_word' id='word_1_419' title='bbox 2922 1157 3101 1219; x_wconf 75' lang='grc' dir='ltr'>αὐτῆς.</span> <span class='ocrx_word' id='word_1_420' title='bbox 3160 1158 3218 1210; x_wconf 77' lang='grc' dir='ltr'>Ὀ</span> <span class='ocrx_word' id='word_1_421' title='bbox 3264 1161 3354 1230; x_wconf 71' lang='grc' dir='ltr'>μὶν</span> <span class='ocrx_word' id='word_1_422' title='bbox 3399 1160 3632 1232; x_wconf 85' lang='grc' dir='ltr'>Χριστὸς</span> <span class='ocrx_word' id='word_1_423' title='bbox 3688 1155 3946 1228; x_wconf 77' lang='grc' dir='ltr'>ἐφθέγξα-</span> 
     </span>
    </p>
   </div>
   <div class='ocr_carea' id='block_1_63' title="bbox 2325 1242 3946 1319">
    <p class='ocr_par' dir='ltr' id='par_1_63' title="bbox 2325 1242 3946 1319">
     <span class='ocr_line' id='line_1_63' title="bbox 2325 1242 3946 1319; baseline -0.001 -22"><span class='ocrx_word' id='word_1_424' title='bbox 2325 1264 2381 1297; x_wconf 93' lang='grc' dir='ltr'><strong>το</strong></span> <span class='ocrx_word' id='word_1_425' title='bbox 2421 1242 2514 1297; x_wconf 81' lang='grc' dir='ltr'><strong>διὰ</strong></span> <span class='ocrx_word' id='word_1_426' title='bbox 2557 1255 2648 1298; x_wconf 82' lang='grc' dir='ltr'>τοῦ</span> <span class='ocrx_word' id='word_1_427' title='bbox 2689 1252 2948 1318; x_wconf 86' lang='grc' dir='ltr'>στόματος</span> <span class='ocrx_word' id='word_1_428' title='bbox 2976 1256 3067 1308; x_wconf 87' lang='grc' dir='ltr'>τῆς</span> <span class='ocrx_word' id='word_1_429' title='bbox 3099 1244 3241 1308; x_wconf 82' lang='grc' dir='ltr'>ἰδίας</span> <span class='ocrx_word' id='word_1_430' title='bbox 3282 1252 3500 1319; x_wconf 68' lang='grc' dir='ltr'>μητρόςο</span> <span class='ocrx_word' id='word_1_431' title='bbox 3543 1247 3568 1298; x_wconf 85' lang='grc' dir='ltr'>ὁ</span> <span class='ocrx_word' id='word_1_432' title='bbox 3599 1242 3660 1298; x_wconf 69' lang='grc' dir='ltr'><strong>δί</strong></span> <span class='ocrx_word' id='word_1_433' title='bbox 3691 1246 3946 1307; x_wconf 81' lang='grc' dir='ltr'><strong>Ἰωάννης</strong></span> 
     </span>
    </p>
   </div>
   <div class='ocr_carea' id='block_1_64' title="bbox 2326 1332 3944 1410">
    <p class='ocr_par' dir='ltr' id='par_1_64' title="bbox 2326 1332 3944 1410">
     <span class='ocr_line' id='line_1_64' title="bbox 2326 1332 3944 1410; baseline 0 -24"><span class='ocrx_word' id='word_1_434' title='bbox 2326 1338 2519 1392; x_wconf 76' lang='grc' dir='ltr'>ἤκουσε</span> <span class='ocrx_word' id='word_1_435' title='bbox 2572 1332 2664 1388; x_wconf 75' lang='grc' dir='ltr'>διὰ</span> <span class='ocrx_word' id='word_1_436' title='bbox 2706 1345 2805 1387; x_wconf 83' lang='grc' dir='ltr'><strong>τῶν</strong></span> <span class='ocrx_word' id='word_1_437' title='bbox 2855 1341 2998 1388; x_wconf 83' lang='grc' dir='ltr'>ὤτων</span> <span class='ocrx_word' id='word_1_438' title='bbox 3030 1344 3122 1397; x_wconf 87' lang='grc' dir='ltr'>τῆς</span> <span class='ocrx_word' id='word_1_439' title='bbox 3173 1336 3362 1396; x_wconf 77' lang='grc' dir='ltr'><strong>οἰκείας</strong></span> <span class='ocrx_word' id='word_1_440' title='bbox 3410 1339 3630 1410; x_wconf 77' lang='grc' dir='ltr'>μητρὸς,</span> <span class='ocrx_word' id='word_1_441' title='bbox 3680 1340 3770 1387; x_wconf 81' lang='grc' dir='ltr'><strong>καὶ</strong></span> <span class='ocrx_word' id='word_1_442' title='bbox 3823 1334 3944 1387; x_wconf 70' lang='grc' dir='ltr'>ἐπι-</span> 
     </span>
    </p>
   </div>
   <div class='ocr_carea' id='block_1_65' title="bbox 2324 1423 3945 1500">
    <p class='ocr_par' dir='ltr' id='par_1_65' title="bbox 2324 1423 3945 1500">
     <span class='ocr_line' id='line_1_65' title="bbox 2324 1423 3945 1500; baseline 0.001 -25"><span class='ocrx_word' id='word_1_443' title='bbox 2324 1429 2474 1491; x_wconf 79' lang='grc' dir='ltr'>γνούς</span> <span class='ocrx_word' id='word_1_444' title='bbox 2526 1426 2797 1500; x_wconf 76' lang='grc' dir='ltr'><strong>ὑπερφυῶς</strong></span> <span class='ocrx_word' id='word_1_445' title='bbox 2852 1428 2939 1477; x_wconf 89' lang='grc' dir='ltr'>τὸν</span> <span class='ocrx_word' id='word_1_446' title='bbox 3021 1425 3206 1477; x_wconf 76' lang='grc' dir='ltr'>ἑαυτοῦ</span> <span class='ocrx_word' id='word_1_447' title='bbox 3273 1429 3557 1492; x_wconf 85' lang='grc' dir='ltr'>Δεσπότην,</span> <span class='ocrx_word' id='word_1_448' title='bbox 3626 1423 3945 1496; x_wconf 72' lang='grc' dir='ltr'>ἀνεκήρυξεν</span> 
     </span>
    </p>
   </div>
   <div class='ocr_carea' id='block_1_66' title="bbox 2326 1513 3947 1586">
    <p class='ocr_par' dir='ltr' id='par_1_66' title="bbox 2326 1513 3947 1586">
     <span class='ocr_line' id='line_1_66' title="bbox 2326 1513 3947 1586; baseline 0.001 -22"><span class='ocrx_word' id='word_1_449' title='bbox 2326 1513 2479 1565; x_wconf 76' lang='grc' dir='ltr'>αὐτὸν</span> <span class='ocrx_word' id='word_1_450' title='bbox 2545 1523 2616 1584; x_wconf 83' lang='grc' dir='ltr'>τῷ</span> <span class='ocrx_word' id='word_1_451' title='bbox 2673 1519 3008 1586; x_wconf 81' lang='grc' dir='ltr'>σκιρτήματι.</span> <span class='ocrx_word' id='word_1_452' title='bbox 3082 1517 3150 1568; x_wconf 85' lang='grc' dir='ltr'><strong>Τὸ</strong></span> <span class='ocrx_word' id='word_1_453' title='bbox 3205 1516 3306 1586; x_wconf 80' lang='grc' dir='ltr'>γὰρ</span> <span class='ocrx_word' id='word_1_454' title='bbox 3377 1513 3425 1566; x_wconf 82' lang='grc' dir='ltr'><strong>έν</strong></span> <span class='ocrx_word' id='word_1_455' title='bbox 3495 1521 3556 1586; x_wconf 75' lang='grc' dir='ltr'><strong>τῇ</strong></span> <span class='ocrx_word' id='word_1_456' title='bbox 3617 1513 3793 1586; x_wconf 79' lang='grc' dir='ltr'>κοιλίᾳ</span> <span class='ocrx_word' id='word_1_457' title='bbox 3844 1523 3947 1577; x_wconf 73' lang='grc' dir='ltr'><strong>τῆς</strong></span> 
     </span>
    </p>
   </div>
   <div class='ocr_carea' id='block_1_67' title="bbox 2326 1600 3945 1678">
    <p class='ocr_par' dir='ltr' id='par_1_67' title="bbox 2326 1600 3945 1678">
     <span class='ocr_line' id='line_1_67' title="bbox 2326 1600 3945 1678; baseline -0.001 -23"><span class='ocrx_word' id='word_1_458' title='bbox 2326 1605 2586 1675; x_wconf 79' lang='grc' dir='ltr'>Παρθένου</span> <span class='ocrx_word' id='word_1_459' title='bbox 2642 1601 2831 1675; x_wconf 91' lang='grc' dir='ltr'>βρέφος</span> <span class='ocrx_word' id='word_1_460' title='bbox 2889 1603 3073 1655; x_wconf 79' lang='grc' dir='ltr'>αὐτίκα</span> <span class='ocrx_word' id='word_1_461' title='bbox 3133 1608 3456 1678; x_wconf 80' lang='grc' dir='ltr'>προφητικὴν</span> <span class='ocrx_word' id='word_1_462' title='bbox 3522 1605 3685 1675; x_wconf 79' lang='grc' dir='ltr'>χάριν</span> <span class='ocrx_word' id='word_1_463' title='bbox 3731 1600 3945 1676; x_wconf 70' lang='grc' dir='ltr'><strong>ἐδωρή-</strong></span> 
     </span>
    </p>
   </div>
   <div class='ocr_carea' id='block_1_68' title="bbox 2327 1689 3508 1767">
    <p class='ocr_par' dir='ltr' id='par_1_68' title="bbox 2327 1689 3508 1767">
     <span class='ocr_line' id='line_1_68' title="bbox 2327 1689 3508 1767; baseline 0 -23"><span class='ocrx_word' id='word_1_464' title='bbox 2327 1711 2454 1744; x_wconf 89' lang='grc' dir='ltr'>σατο</span> <span class='ocrx_word' id='word_1_465' title='bbox 2485 1699 2556 1761; x_wconf 81' lang='grc' dir='ltr'>τῷ</span> <span class='ocrx_word' id='word_1_466' title='bbox 2583 1689 2630 1742; x_wconf 85' lang='grc' dir='ltr'><strong>ἐν</strong></span> <span class='ocrx_word' id='word_1_467' title='bbox 2661 1700 2722 1763; x_wconf 74' lang='grc' dir='ltr'><strong>τῇ</strong></span> <span class='ocrx_word' id='word_1_468' title='bbox 2752 1691 2923 1763; x_wconf 77' lang='grc' dir='ltr'>κοιλίᾳ</span> <span class='ocrx_word' id='word_1_469' title='bbox 2949 1699 3042 1753; x_wconf 88' lang='grc' dir='ltr'>τῆς</span> <span class='ocrx_word' id='word_1_470' title='bbox 3071 1697 3276 1766; x_wconf 78' lang='grc' dir='ltr'><strong>στείρας</strong></span> <span class='ocrx_word' id='word_1_471' title='bbox 3307 1690 3508 1767; x_wconf 81' lang='grc' dir='ltr'>βρέφει.</span> 
     </span>
    </p>
   </div>
   <div class='ocr_carea' id='block_1_69' title="bbox 2398 1779 3942 1854">
    <p class='ocr_par' dir='ltr' id='par_1_69' title="bbox 2398 1779 3942 1854">
     <span class='ocr_line' id='line_1_69' title="bbox 2398 1779 3942 1854; baseline 0 -21"><span class='ocrx_word' id='word_1_472' title='bbox 2398 1785 2494 1833; x_wconf 72' lang='grc' dir='ltr'><strong>Καὶ</strong></span> <span class='ocrx_word' id='word_1_473' title='bbox 2555 1779 2788 1838; x_wconf 82' lang='grc' dir='ltr'><strong>ἐπλήσθη</strong></span> <span class='ocrx_word' id='word_1_474' title='bbox 2840 1811 2908 1820; x_wconf 93' lang='lat'><strong>—</strong></span> <span class='ocrx_word' id='word_1_475' title='bbox 2963 1780 3162 1842; x_wconf 81' lang='grc' dir='ltr'>κοιλίας</span> <span class='ocrx_word' id='word_1_476' title='bbox 3218 1800 3333 1833; x_wconf 92' lang='grc' dir='ltr'>σου.</span> <span class='ocrx_word' id='word_1_477' title='bbox 3391 1783 3542 1854; x_wconf 86' lang='grc' dir='ltr'><strong>Παρὰ</strong></span> <span class='ocrx_word' id='word_1_478' title='bbox 3605 1784 3695 1852; x_wconf 73' lang='grc' dir='ltr'><strong>μεν</strong></span> <span class='ocrx_word' id='word_1_479' title='bbox 3739 1789 3832 1833; x_wconf 84' lang='grc' dir='ltr'>τοῦ</span> <span class='ocrx_word' id='word_1_480' title='bbox 3887 1780 3942 1833; x_wconf 78' lang='grc' dir='ltr'><strong>ἐν</strong></span> 
     </span>
    </p>
   </div>
   <div class='ocr_carea' id='block_1_70' title="bbox 2322 1867 3940 1944">
    <p class='ocr_par' dir='ltr' id='par_1_70' title="bbox 2322 1867 3940 1944">
     <span class='ocr_line' id='line_1_70' title="bbox 2322 1867 3940 1944; baseline 0.001 -23"><span class='ocrx_word' id='word_1_481' title='bbox 2322 1878 2384 1942; x_wconf 73' lang='grc' dir='ltr'>τῇ</span> <span class='ocrx_word' id='word_1_482' title='bbox 2445 1874 2624 1943; x_wconf 90' lang='grc' dir='ltr'>στείρα</span> <span class='ocrx_word' id='word_1_483' title='bbox 2673 1867 2899 1942; x_wconf 78' lang='grc' dir='ltr'><strong>βρέφους</strong></span> <span class='ocrx_word' id='word_1_484' title='bbox 2953 1867 3363 1944; x_wconf 80' lang='grc' dir='ltr'>ἁνακηρύττεται</span> <span class='ocrx_word' id='word_1_485' title='bbox 3411 1873 3470 1922; x_wconf 86' lang='grc' dir='ltr'>τὸ</span> <span class='ocrx_word' id='word_1_486' title='bbox 3523 1869 3572 1921; x_wconf 82' lang='grc' dir='ltr'><strong>ἐν</strong></span> <span class='ocrx_word' id='word_1_487' title='bbox 3623 1878 3686 1942; x_wconf 74' lang='grc' dir='ltr'>τῇ</span> <span class='ocrx_word' id='word_1_488' title='bbox 3730 1873 3940 1942; x_wconf 84' lang='grc' dir='ltr'>Παρθέ-</span> 
     </span>
    </p>
   </div>
   <div class='ocr_carea' id='block_1_71' title="bbox 2321 1955 3935 2032">
    <p class='ocr_par' dir='ltr' id='par_1_71' title="bbox 2321 1955 3935 2032">
     <span class='ocr_line' id='line_1_71' title="bbox 2321 1955 3935 2032; baseline 0.002 -24"><span class='ocrx_word' id='word_1_489' title='bbox 2321 1977 2389 2028; x_wconf 87' lang='grc' dir='ltr'><strong>νῳ</strong></span> <span class='ocrx_word' id='word_1_490' title='bbox 2474 1956 2682 2031; x_wconf 77' lang='grc' dir='ltr'>βρέφοςο</span> <span class='ocrx_word' id='word_1_491' title='bbox 2762 1961 2906 2032; x_wconf 81' lang='grc' dir='ltr'><strong>παρὰ</strong></span> <span class='ocrx_word' id='word_1_492' title='bbox 2974 1955 3032 2010; x_wconf 73' lang='grc' dir='ltr'><strong>δὲ</strong></span> <span class='ocrx_word' id='word_1_493' title='bbox 3103 1967 3200 2019; x_wconf 82' lang='grc' dir='ltr'><strong>τῆς</strong></span> <span class='ocrx_word' id='word_1_494' title='bbox 3263 1964 3473 2032; x_wconf 76' lang='grc' dir='ltr'><strong>στείρας</strong></span> <span class='ocrx_word' id='word_1_495' title='bbox 3541 1961 3571 2016; x_wconf 84' lang='grc' dir='ltr'>ἡ</span> <span class='ocrx_word' id='word_1_496' title='bbox 3649 1961 3935 2030; x_wconf 84' lang='grc' dir='ltr'><strong>Παρθένος.</strong></span> 
     </span>
    </p>
   </div>
   <div class='ocr_carea' id='block_1_72' title="bbox 2325 2045 3940 2120">
    <p class='ocr_par' dir='ltr' id='par_1_72' title="bbox 2325 2045 3940 2120">
     <span class='ocr_line' id='line_1_72' title="bbox 2325 2045 3940 2120; baseline 0.001 -22"><span class='ocrx_word' id='word_1_497' title='bbox 2325 2052 2424 2098; x_wconf 83' lang='grc' dir='ltr'><strong>Καὶ</strong></span> <span class='ocrx_word' id='word_1_498' title='bbox 2487 2048 2598 2118; x_wconf 75' lang='grc'><strong>(27)</strong></span> <span class='ocrx_word' id='word_1_499' title='bbox 2668 2049 2792 2119; x_wconf 78' lang='grc' dir='ltr'>γὰρ,</span> <span class='ocrx_word' id='word_1_500' title='bbox 2865 2055 2956 2098; x_wconf 82' lang='grc' dir='ltr'>τοῦ</span> <span class='ocrx_word' id='word_1_501' title='bbox 3026 2047 3441 2120; x_wconf 71' lang='grc' dir='ltr'><strong>ἐγκεκρυμμένον</strong></span> <span class='ocrx_word' id='word_1_502' title='bbox 3623 2045 3786 2106; x_wconf 76' lang='grc' dir='ltr'>νηδύι</span> <span class='ocrx_word' id='word_1_503' title='bbox 3840 2058 3940 2110; x_wconf 71' lang='grc' dir='ltr'>τῆς</span> 
     </span>
    </p>
   </div>
   <div class='ocr_carea' id='block_1_73' title="bbox 2325 2134 3938 2209">
    <p class='ocr_par' dir='ltr' id='par_1_73' title="bbox 2325 2134 3938 2209">
     <span class='ocr_line' id='line_1_73' title="bbox 2325 2134 3938 2209; baseline 0.002 -23"><span class='ocrx_word' id='word_1_504' title='bbox 2325 2134 2590 2188; x_wconf 78' lang='grc' dir='ltr'>Ἐλισάϐετ</span> <span class='ocrx_word' id='word_1_505' title='bbox 2647 2135 2966 2198; x_wconf 85' lang='grc' dir='ltr'>πλησθέντος</span> <span class='ocrx_word' id='word_1_506' title='bbox 3043 2139 3335 2209; x_wconf 85' lang='grc' dir='ltr'>Πνεύματος</span> <span class='ocrx_word' id='word_1_507' title='bbox 3401 2137 3575 2208; x_wconf 82' lang='grc' dir='ltr'>ἁγίου,</span> <span class='ocrx_word' id='word_1_508' title='bbox 3631 2137 3938 2209; x_wconf 78' lang='grc' dir='ltr'><strong>πίμπλαται</strong></span> 
     </span>
    </p>
   </div>
   <div class='ocr_carea' id='block_1_74' title="bbox 2319 2224 3936 2300">
    <p class='ocr_par' dir='ltr' id='par_1_74' title="bbox 2319 2224 3936 2300">
     <span class='ocr_line' id='line_1_74' title="bbox 2319 2224 3936 2300; baseline 0.002 -24"><span class='ocrx_word' id='word_1_509' title='bbox 2319 2229 2408 2276; x_wconf 83' lang='grc' dir='ltr'><strong>καὶ</strong></span> <span class='ocrx_word' id='word_1_510' title='bbox 2457 2224 2610 2290; x_wconf 81' lang='grc' dir='ltr'><strong>αύτή,</strong></span> <span class='ocrx_word' id='word_1_511' title='bbox 2661 2230 2751 2276; x_wconf 85' lang='grc' dir='ltr'><strong>καὶ</strong></span> <span class='ocrx_word' id='word_1_512' title='bbox 2797 2225 3016 2297; x_wconf 76' lang='grc' dir='ltr'>εὐφημεῖ</span> <span class='ocrx_word' id='word_1_513' title='bbox 3061 2231 3150 2277; x_wconf 82' lang='grc' dir='ltr'><strong>καὶ</strong></span> <span class='ocrx_word' id='word_1_514' title='bbox 3208 2230 3302 2282; x_wconf 83' lang='grc' dir='ltr'>τὴν</span> <span class='ocrx_word' id='word_1_515' title='bbox 3353 2227 3630 2300; x_wconf 80' lang='grc' dir='ltr'><strong>Παρθένον,</strong></span> <span class='ocrx_word' id='word_1_516' title='bbox 3690 2232 3782 2278; x_wconf 81' lang='grc' dir='ltr'>καὶ</span> <span class='ocrx_word' id='word_1_517' title='bbox 3842 2232 3936 2279; x_wconf 84' lang='grc' dir='ltr'>τὸν</span> 
     </span>
    </p>
   </div>
   <div class='ocr_carea' id='block_1_75' title="bbox 2320 2313 3295 2389">
    <p class='ocr_par' dir='ltr' id='par_1_75' title="bbox 2320 2313 3295 2389">
     <span class='ocr_line' id='line_1_75' title="bbox 2320 2313 3295 2389; baseline 0.002 -25"><span class='ocrx_word' id='word_1_518' title='bbox 2320 2317 2518 2386; x_wconf 85' lang='grc' dir='ltr'>καρπὸν</span> <span class='ocrx_word' id='word_1_519' title='bbox 2544 2321 2633 2374; x_wconf 81' lang='grc' dir='ltr'>τῆς</span> <span class='ocrx_word' id='word_1_520' title='bbox 2662 2313 2862 2376; x_wconf 87' lang='grc' dir='ltr'>κοιλίας</span> <span class='ocrx_word' id='word_1_521' title='bbox 2887 2322 2982 2376; x_wconf 84' lang='grc' dir='ltr'><strong>τῆς</strong></span> <span class='ocrx_word' id='word_1_522' title='bbox 3013 2316 3295 2389; x_wconf 79' lang='grc' dir='ltr'>Παρθένου.</span> 
     </span>
    </p>
   </div>
   <div class='ocr_carea' id='block_1_76' title="bbox 2393 2422 3929 2496">
    <p class='ocr_par' dir='ltr' id='par_1_76' title="bbox 2393 2422 3929 2496">
     <span class='ocr_line' id='line_1_76' title="bbox 2393 2422 3929 2496; baseline 0.001 -23"><span class='ocrx_word' id='word_1_523' title='bbox 2393 2425 2491 2474; x_wconf 81' lang='grc' dir='ltr'><strong>Καὶ</strong></span> <span class='ocrx_word' id='word_1_524' title='bbox 2526 2422 2677 2473; x_wconf 86' lang='grc' dir='ltr'>πόθεν</span> <span class='ocrx_word' id='word_1_525' title='bbox 2711 2451 2776 2460; x_wconf 90' lang='grc'><strong><em>-</em></strong></span> <span class='ocrx_word' id='word_1_526' title='bbox 2826 2425 2952 2496; x_wconf 84' lang='grc' dir='ltr'>πρὸς</span> <span class='ocrx_word' id='word_1_527' title='bbox 3005 2437 3117 2494; x_wconf 88' lang='grc' dir='ltr'>με;</span> <span class='ocrx_word' id='word_1_528' title='bbox 3166 2422 3327 2474; x_wconf 83' lang='grc' dir='ltr'><strong>Πόθεν</strong></span> <span class='ocrx_word' id='word_1_529' title='bbox 3375 2440 3466 2493; x_wconf 88' lang='grc' dir='ltr'><strong>μοι</strong></span> <span class='ocrx_word' id='word_1_530' title='bbox 3511 2428 3663 2474; x_wconf 84' lang='grc' dir='ltr'>τοῦτο</span> <span class='ocrx_word' id='word_1_531' title='bbox 3707 2424 3766 2473; x_wconf 88' lang='grc' dir='ltr'>τὸ</span> <span class='ocrx_word' id='word_1_532' title='bbox 3825 2443 3929 2475; x_wconf 77' lang='grc' dir='ltr'><strong>παο</strong></span> 
     </span>
    </p>
   </div>
   <div class='ocr_carea' id='block_1_77' title="bbox 2316 2506 3926 2585">
    <p class='ocr_par' dir='ltr' id='par_1_77' title="bbox 2316 2506 3926 2585">
     <span class='ocr_line' id='line_1_77' title="bbox 2316 2506 3926 2585; baseline 0.001 -23"><span class='ocrx_word' id='word_1_533' title='bbox 2316 2507 2538 2584; x_wconf 77' lang='grc' dir='ltr'>ράδοξον</span> <span class='ocrx_word' id='word_1_534' title='bbox 2586 2527 2598 2574; x_wconf 89' lang='grc'>;</span> <span class='ocrx_word' id='word_1_535' title='bbox 2639 2508 2840 2584; x_wconf 80' lang='grc' dir='ltr'>Ὠσπερ</span> <span class='ocrx_word' id='word_1_536' title='bbox 2887 2506 2946 2562; x_wconf 71' lang='grc' dir='ltr'><strong>δὲ</strong></span> <span class='ocrx_word' id='word_1_537' title='bbox 2985 2510 3201 2585; x_wconf 78' lang='grc' dir='ltr'>ὕστερον</span> <span class='ocrx_word' id='word_1_538' title='bbox 3253 2511 3278 2562; x_wconf 92' lang='grc' dir='ltr'><strong><em>ὁ</em></strong></span> <span class='ocrx_word' id='word_1_539' title='bbox 3332 2512 3439 2571; x_wconf 75' lang='grc' dir='ltr'>υἱὸς</span> <span class='ocrx_word' id='word_1_540' title='bbox 3490 2519 3584 2572; x_wconf 83' lang='grc' dir='ltr'><strong>τῆς</strong></span> <span class='ocrx_word' id='word_1_541' title='bbox 3632 2511 3926 2581; x_wconf 75' lang='grc' dir='ltr'>Ἐλισᾱεετ,</span> 
     </span>
    </p>
   </div>
   <div class='ocr_carea' id='block_1_78' title="bbox 2317 2599 3925 2674">
    <p class='ocr_par' dir='ltr' id='par_1_78' title="bbox 2317 2599 3925 2674">
     <span class='ocr_line' id='line_1_78' title="bbox 2317 2599 3925 2674; baseline 0.001 -22"><span class='ocrx_word' id='word_1_542' title='bbox 2317 2599 2546 2660; x_wconf 73' lang='grc' dir='ltr'><strong>ἐλθόντος</strong></span> <span class='ocrx_word' id='word_1_543' title='bbox 2621 2607 2711 2651; x_wconf 78' lang='grc' dir='ltr'>τοῦ</span> <span class='ocrx_word' id='word_1_544' title='bbox 2766 2607 3003 2672; x_wconf 86' lang='grc' dir='ltr'><strong>Χριστοῦ</strong></span> <span class='ocrx_word' id='word_1_545' title='bbox 3061 2603 3186 2674; x_wconf 87' lang='grc' dir='ltr'>πρὸς</span> <span class='ocrx_word' id='word_1_546' title='bbox 3246 2599 3425 2665; x_wconf 75' lang='grc' dir='ltr'><strong>αὐτὸν,</strong></span> <span class='ocrx_word' id='word_1_547' title='bbox 3480 2600 3686 2662; x_wconf 78' lang='grc' dir='ltr'>ἀνάξιον</span> <span class='ocrx_word' id='word_1_548' title='bbox 3742 2601 3925 2653; x_wconf 85' lang='grc' dir='ltr'>ἑαυτὸν</span> 
     </span>
    </p>
   </div>
   <div class='ocr_carea' id='block_1_79' title="bbox 2317 2685 3920 2762">
    <p class='ocr_par' dir='ltr' id='par_1_79' title="bbox 2317 2685 3920 2762">
     <span class='ocr_line' id='line_1_79' title="bbox 2317 2685 3920 2762; baseline 0.001 -22"><span class='ocrx_word' id='word_1_549' title='bbox 2317 2699 2412 2750; x_wconf 79' lang='grc' dir='ltr'>τῆς</span> <span class='ocrx_word' id='word_1_550' title='bbox 2457 2692 2700 2749; x_wconf 75' lang='grc' dir='ltr'><strong>τοιαύτης</strong></span> <span class='ocrx_word' id='word_1_551' title='bbox 2747 2685 3030 2761; x_wconf 75' lang='grc' dir='ltr'><strong>ἐπιδημίας</strong></span> <span class='ocrx_word' id='word_1_552' title='bbox 3094 2697 3186 2740; x_wconf 79' lang='grc' dir='ltr'><strong>τοῦ</strong></span> <span class='ocrx_word' id='word_1_553' title='bbox 3236 2693 3497 2741; x_wconf 79' lang='grc' dir='ltr'>Δεσπὸτου</span> <span class='ocrx_word' id='word_1_554' title='bbox 3546 2689 3722 2762; x_wconf 77' lang='grc' dir='ltr'>ἔλεγεν.</span> <span class='ocrx_word' id='word_1_555' title='bbox 3785 2690 3920 2742; x_wconf 77' lang='grc' dir='ltr'><strong>οὕτω</strong></span> 
     </span>
    </p>
   </div>
   <div class='ocr_carea' id='block_1_80' title="bbox 2315 2777 3912 2852">
    <p class='ocr_par' dir='ltr' id='par_1_80' title="bbox 2315 2777 3912 2852">
     <span class='ocr_line' id='line_1_80' title="bbox 2315 2777 3912 2852; baseline -0.001 -22"><span class='ocrx_word' id='word_1_556' title='bbox 2315 2783 2403 2830; x_wconf 84' lang='grc' dir='ltr'><strong>καὶ</strong></span> <span class='ocrx_word' id='word_1_557' title='bbox 2450 2787 2536 2830; x_wconf 79' lang='grc' dir='ltr'><strong>νῦν</strong></span> <span class='ocrx_word' id='word_1_558' title='bbox 2581 2780 2610 2836; x_wconf 78' lang='grc' dir='ltr'>ἡ</span> <span class='ocrx_word' id='word_1_559' title='bbox 2671 2783 2845 2852; x_wconf 77' lang='grc' dir='ltr'>μήτηρ</span> <span class='ocrx_word' id='word_1_560' title='bbox 2898 2778 3055 2830; x_wconf 81' lang='grc' dir='ltr'>αύτού</span> <span class='ocrx_word' id='word_1_561' title='bbox 3104 2777 3315 2840; x_wconf 82' lang='grc' dir='ltr'><strong>ἀναξίαν</strong></span> <span class='ocrx_word' id='word_1_562' title='bbox 3365 2779 3553 2837; x_wconf 78' lang='grc' dir='ltr'>ἑαυτὴν</span> <span class='ocrx_word' id='word_1_563' title='bbox 3600 2788 3686 2839; x_wconf 78' lang='grc' dir='ltr'>τῆς</span> <span class='ocrx_word' id='word_1_564' title='bbox 3737 2783 3912 2830; x_wconf 68' lang='lat' dir='ltr'><strong>rata-.3-</strong></span> 
     </span>
    </p>
   </div>
   <div class='ocr_carea' id='block_1_81' title="bbox 2315 2863 3900 2940">
    <p class='ocr_par' dir='ltr' id='par_1_81' title="bbox 2315 2863 3900 2940">
     <span class='ocr_line' id='line_1_81' title="bbox 2315 2863 3900 2940; baseline -0.001 -20"><span class='ocrx_word' id='word_1_565' title='bbox 2315 2887 2409 2927; x_wconf 85' lang='grc' dir='ltr'><strong>της</strong></span> <span class='ocrx_word' id='word_1_566' title='bbox 2464 2864 2749 2940; x_wconf 75' lang='grc' dir='ltr'>ἐπιδημίας</span> <span class='ocrx_word' id='word_1_567' title='bbox 2800 2875 2891 2926; x_wconf 84' lang='grc' dir='ltr'>τῆς</span> <span class='ocrx_word' id='word_1_568' title='bbox 2945 2864 3227 2928; x_wconf 79' lang='grc' dir='ltr'><strong>δεσποίνης</strong></span> <span class='ocrx_word' id='word_1_569' title='bbox 3275 2867 3533 2940; x_wconf 84' lang='grc' dir='ltr'>ὁμολογεῖ.</span> <span class='ocrx_word' id='word_1_570' title='bbox 3591 2872 3789 2939; x_wconf 78' lang='grc' dir='ltr'>Μητέρα</span> <span class='ocrx_word' id='word_1_571' title='bbox 3841 2863 3900 2918; x_wconf 72' lang='grc' dir='ltr'><strong>δὲ</strong></span> 
     </span>
    </p>
   </div>
   <div class='ocr_carea' id='block_1_82' title="bbox 2313 2956 3905 3031">
    <p class='ocr_par' dir='ltr' id='par_1_82' title="bbox 2313 2956 3905 3031">
     <span class='ocr_line' id='line_1_82' title="bbox 2313 2956 3905 3031; baseline -0.001 -23"><span class='ocrx_word' id='word_1_572' title='bbox 2313 2959 2506 3014; x_wconf 84' lang='grc' dir='ltr'>ταύτην</span> <span class='ocrx_word' id='word_1_573' title='bbox 2533 2956 2769 3028; x_wconf 82' lang='grc' dir='ltr'>ὠνόμασε</span> <span class='ocrx_word' id='word_1_574' title='bbox 2806 2962 2896 3009; x_wconf 87' lang='grc' dir='ltr'><strong>καὶ</strong></span> <span class='ocrx_word' id='word_1_575' title='bbox 2946 2959 3047 3031; x_wconf 86' lang='grc' dir='ltr'>πρό</span> <span class='ocrx_word' id='word_1_576' title='bbox 3102 2964 3194 3008; x_wconf 76' lang='grc' dir='ltr'><strong>τοῦ</strong></span> <span class='ocrx_word' id='word_1_577' title='bbox 3244 2963 3420 3024; x_wconf 81' lang='grc' dir='ltr'>τόκου,</span> <span class='ocrx_word' id='word_1_578' title='bbox 3451 2962 3540 3008; x_wconf 81' lang='grc' dir='ltr'><strong>καὶ</strong></span> <span class='ocrx_word' id='word_1_579' title='bbox 3592 2960 3774 3031; x_wconf 79' lang='grc' dir='ltr'>Κύριον</span> <span class='ocrx_word' id='word_1_580' title='bbox 3822 2959 3905 3007; x_wconf 82' lang='grc' dir='ltr'>τὸν</span> 
     </span>
    </p>
   </div>
   <div class='ocr_carea' id='block_1_83' title="bbox 2313 3044 3918 3120">
    <p class='ocr_par' dir='ltr' id='par_1_83' title="bbox 2313 3044 3918 3120">
     <span class='ocr_line' id='line_1_83' title="bbox 2313 3044 3918 3120; baseline 0 -24"><span class='ocrx_word' id='word_1_581' title='bbox 2313 3044 2367 3107; x_wconf 80' lang='grc' dir='ltr'><strong>ἐξ</strong></span> <span class='ocrx_word' id='word_1_582' title='bbox 2396 3045 2554 3105; x_wconf 69' lang='grc' dir='ltr'>αὐτῆς</span> <span class='ocrx_word' id='word_1_583' title='bbox 2590 3047 2898 3116; x_wconf 76' lang='grc' dir='ltr'><strong>γεννηθῆναι</strong></span> <span class='ocrx_word' id='word_1_584' title='bbox 2951 3045 3218 3116; x_wconf 78' lang='grc' dir='ltr'>μέλλοντα,</span> <span class='ocrx_word' id='word_1_585' title='bbox 3272 3053 3617 3120; x_wconf 82' lang='grc' dir='ltr'>μαρτυροῦσα</span> <span class='ocrx_word' id='word_1_586' title='bbox 3665 3053 3774 3106; x_wconf 87' lang='grc' dir='ltr'><strong>τοίς</strong></span> <span class='ocrx_word' id='word_1_587' title='bbox 3823 3053 3918 3097; x_wconf 75' lang='grc' dir='ltr'><strong>τοῦ</strong></span> 
     </span>
    </p>
   </div>
   <div class='ocr_carea' id='block_1_84' title="bbox 2314 3132 3919 3209">
    <p class='ocr_par' dir='ltr' id='par_1_84' title="bbox 2314 3132 3919 3209">
     <span class='ocr_line' id='line_1_84' title="bbox 2314 3132 3919 3209; baseline 0.001 -24"><span class='ocrx_word' id='word_1_588' title='bbox 2314 3133 2532 3206; x_wconf 75' lang='grc' dir='ltr'><strong>ἀγγέλου</strong></span> <span class='ocrx_word' id='word_1_589' title='bbox 2584 3134 2778 3205; x_wconf 85' lang='grc' dir='ltr'>λόγοις,</span> <span class='ocrx_word' id='word_1_590' title='bbox 2838 3139 2926 3186; x_wconf 86' lang='grc' dir='ltr'>καὶ</span> <span class='ocrx_word' id='word_1_591' title='bbox 2989 3132 3324 3209; x_wconf 77' lang='grc' dir='ltr'>βεϐαιοτέραν</span> <span class='ocrx_word' id='word_1_592' title='bbox 3381 3134 3512 3206; x_wconf 75' lang='grc' dir='ltr'>αὐτῇ</span> <span class='ocrx_word' id='word_1_593' title='bbox 3583 3139 3764 3187; x_wconf 86' lang='grc' dir='ltr'>πίστιν</span> <span class='ocrx_word' id='word_1_594' title='bbox 3821 3154 3919 3186; x_wconf 82' lang='grc' dir='ltr'><strong>πα-</strong></span> 
     </span>
    </p>
   </div>
   <div class='ocr_carea' id='block_1_85' title="bbox 2309 3226 2570 3296">
    <p class='ocr_par' dir='ltr' id='par_1_85' title="bbox 2309 3226 2570 3296">
     <span class='ocr_line' id='line_1_85' title="bbox 2309 3226 2570 3296; baseline 0 -21"><span class='ocrx_word' id='word_1_595' title='bbox 2309 3226 2472 3296; x_wconf 81' lang='grc' dir='ltr'>ρέχου</span> <span class='ocrx_word' id='word_1_596' title='bbox 2484 3243 2570 3276; x_wconf 94' lang='grc' dir='ltr'><strong>σα.</strong></span> 
     </span>
    </p>
   </div>
   <div class='ocr_carea' id='block_1_86' title="bbox 2376 3327 3916 3404">
    <p class='ocr_par' dir='ltr' id='par_1_86' title="bbox 2376 3327 3916 3404">
     <span class='ocr_line' id='line_1_86' title="bbox 2376 3327 3916 3404; baseline 0.001 -22"><span class='ocrx_word' id='word_1_597' title='bbox 2376 3327 2520 3383; x_wconf 79' lang='grc' dir='ltr'><strong>Ἰδοὺ</strong></span> <span class='ocrx_word' id='word_1_598' title='bbox 2568 3333 2669 3403; x_wconf 80' lang='grc' dir='ltr'><strong>γὰρ</strong></span> <span class='ocrx_word' id='word_1_599' title='bbox 2719 3362 2787 3370; x_wconf 90' lang='grc'><strong><em>-</em></strong></span> <span class='ocrx_word' id='word_1_600' title='bbox 2841 3349 2963 3403; x_wconf 88' lang='grc' dir='ltr'>μου.</span> <span class='ocrx_word' id='word_1_601' title='bbox 3022 3331 3099 3384; x_wconf 85' lang='grc' dir='ltr'><strong>Ἐν</strong></span> <span class='ocrx_word' id='word_1_602' title='bbox 3159 3328 3485 3402; x_wconf 78' lang='grc' dir='ltr'>ἀγαλλιάσει,</span> <span class='ocrx_word' id='word_1_603' title='bbox 3533 3333 3604 3393; x_wconf 86' lang='grc' dir='ltr'><strong>ὡς</strong></span> <span class='ocrx_word' id='word_1_604' title='bbox 3661 3332 3916 3404; x_wconf 70' lang='grc' dir='ltr'>αἰσθόμεο</span> 
     </span>
    </p>
   </div>
   <div class='ocr_carea' id='block_1_87' title="bbox 2305 3416 3921 3494">
    <p class='ocr_par' dir='ltr' id='par_1_87' title="bbox 2305 3416 3921 3494">
     <span class='ocr_line' id='line_1_87' title="bbox 2305 3416 3921 3494; baseline 0 -23"><span class='ocrx_word' id='word_1_605' title='bbox 2305 3439 2388 3472; x_wconf 92' lang='grc' dir='ltr'><strong>νον</strong></span> <span class='ocrx_word' id='word_1_606' title='bbox 2447 3416 2553 3478; x_wconf 78' lang='grc' dir='ltr'><strong>ἤδη</strong></span> <span class='ocrx_word' id='word_1_607' title='bbox 2613 3428 2702 3480; x_wconf 83' lang='grc' dir='ltr'>τῆς</span> <span class='ocrx_word' id='word_1_608' title='bbox 2753 3425 3012 3494; x_wconf 86' lang='grc' dir='ltr'>σωτηρίας</span> <span class='ocrx_word' id='word_1_609' title='bbox 3077 3428 3174 3473; x_wconf 86' lang='grc' dir='ltr'><strong>τῶν</strong></span> <span class='ocrx_word' id='word_1_610' title='bbox 3243 3418 3546 3493; x_wconf 73' lang='grc' dir='ltr'><strong>ἀνθρώπων,</strong></span> <span class='ocrx_word' id='word_1_611' title='bbox 3607 3425 3695 3472; x_wconf 85' lang='grc' dir='ltr'>καὶ</span> <span class='ocrx_word' id='word_1_612' title='bbox 3748 3419 3921 3493; x_wconf 77' lang='grc' dir='ltr'>ἀγαλ-</span> 
     </span>
    </p>
   </div>
   <div class='ocr_carea' id='block_1_88' title="bbox 2303 3507 2839 3582">
    <p class='ocr_par' dir='ltr' id='par_1_88' title="bbox 2303 3507 2839 3582">
     <span class='ocr_line' id='line_1_88' title="bbox 2303 3507 2839 3582; baseline -0.004 -20"><span class='ocrx_word' id='word_1_613' title='bbox 2303 3509 2545 3582; x_wconf 88' lang='grc' dir='ltr'>λιώμενον</span> <span class='ocrx_word' id='word_1_614' title='bbox 2576 3507 2654 3561; x_wconf 77' lang='grc' dir='ltr'><strong>ἐπ’</strong></span> <span class='ocrx_word' id='word_1_615' title='bbox 2683 3509 2814 3581; x_wconf 72' lang='grc' dir='ltr'>αὐτῇ</span> <span class='ocrx_word' id='word_1_616' title='bbox 2827 3547 2839 3560; x_wconf 89' lang='grc'>.</span> 
     </span>
    </p>
   </div>
   <div class='ocr_carea' id='block_1_89' title="bbox 2377 3616 3910 3691">
    <p class='ocr_par' dir='ltr' id='par_1_89' title="bbox 2377 3616 3910 3691">
     <span class='ocr_line' id='line_1_89' title="bbox 2377 3616 3910 3691; baseline 0 -22"><span class='ocrx_word' id='word_1_617' title='bbox 2377 3621 2478 3669; x_wconf 79' lang='grc' dir='ltr'><strong>Καὶ</strong></span> <span class='ocrx_word' id='word_1_618' title='bbox 2515 3620 2751 3690; x_wconf 88' lang='grc' dir='ltr'>μακαρία</span> <span class='ocrx_word' id='word_1_619' title='bbox 2791 3647 2857 3657; x_wconf 94' lang='grc'><strong>-</strong></span> <span class='ocrx_word' id='word_1_620' title='bbox 2913 3621 3126 3691; x_wconf 80' lang='grc' dir='ltr'>Κυρίου.</span> <span class='ocrx_word' id='word_1_621' title='bbox 3180 3616 3474 3689; x_wconf 81' lang='grc' dir='ltr'>Μακαρίζει</span> <span class='ocrx_word' id='word_1_622' title='bbox 3526 3619 3621 3674; x_wconf 77' lang='grc' dir='ltr'>τὴν</span> <span class='ocrx_word' id='word_1_623' title='bbox 3675 3621 3910 3690; x_wconf 82' lang='grc' dir='ltr'><strong>Μαρίαν,</strong></span> 
     </span>
    </p>
   </div>
   <div class='ocr_carea' id='block_1_90' title="bbox 2303 3704 3916 3778">
    <p class='ocr_par' dir='ltr' id='par_1_90' title="bbox 2303 3704 3916 3778">
     <span class='ocr_line' id='line_1_90' title="bbox 2303 3704 3916 3778; baseline 0 -21"><span class='ocrx_word' id='word_1_624' title='bbox 2303 3709 2367 3766; x_wconf 84' lang='grc' dir='ltr'>ὡς</span> <span class='ocrx_word' id='word_1_625' title='bbox 2423 3707 2782 3758; x_wconf 81' lang='grc' dir='ltr'>πιστεύσασαν</span> <span class='ocrx_word' id='word_1_626' title='bbox 2837 3711 2941 3765; x_wconf 85' lang='grc' dir='ltr'>τοῖς</span> <span class='ocrx_word' id='word_1_627' title='bbox 3012 3704 3366 3777; x_wconf 76' lang='grc' dir='ltr'>λελαλημένοις</span> <span class='ocrx_word' id='word_1_628' title='bbox 3415 3704 3542 3778; x_wconf 73' lang='grc' dir='ltr'><strong>αὐτῇ</strong></span> <span class='ocrx_word' id='word_1_629' title='bbox 3601 3708 3746 3778; x_wconf 75' lang='grc' dir='ltr'>παρὰ</span> <span class='ocrx_word' id='word_1_630' title='bbox 3803 3707 3916 3759; x_wconf 74' lang='grc' dir='ltr'><strong>Κυ-</strong></span> 
     </span>
    </p>
   </div>
   <div class='ocr_carea' id='block_1_91' title="bbox 2300 3791 3915 3870">
    <p class='ocr_par' dir='ltr' id='par_1_91' title="bbox 2300 3791 3915 3870">
     <span class='ocr_line' id='line_1_91' title="bbox 2300 3791 3915 3870; baseline 0.001 -24"><span class='ocrx_word' id='word_1_631' title='bbox 2300 3799 2416 3870; x_wconf 89' lang='grc' dir='ltr'>ρίου</span> <span class='ocrx_word' id='word_1_632' title='bbox 2468 3791 2561 3846; x_wconf 82' lang='grc' dir='ltr'><strong>διὰ</strong></span> <span class='ocrx_word' id='word_1_633' title='bbox 2616 3802 2709 3846; x_wconf 80' lang='grc' dir='ltr'><strong>τοῦ</strong></span> <span class='ocrx_word' id='word_1_634' title='bbox 2781 3792 3022 3865; x_wconf 78' lang='grc' dir='ltr'>ἀγγέλου.</span> <span class='ocrx_word' id='word_1_635' title='bbox 3085 3798 3319 3868; x_wconf 85' lang='grc' dir='ltr'><strong>Προέγνω</strong></span> <span class='ocrx_word' id='word_1_636' title='bbox 3389 3796 3488 3867; x_wconf 81' lang='grc' dir='ltr'>γὰρ</span> <span class='ocrx_word' id='word_1_637' title='bbox 3544 3796 3574 3852; x_wconf 80' lang='grc' dir='ltr'><strong>ἠ</strong></span> <span class='ocrx_word' id='word_1_638' title='bbox 3628 3793 3915 3850; x_wconf 79' lang='grc' dir='ltr'>Ἐλισοίϐετ</span> 
     </span>
    </p>
   </div>
   <div class='ocr_carea' id='block_1_92' title="bbox 2301 3883 3908 3955">
    <p class='ocr_par' dir='ltr' id='par_1_92' title="bbox 2301 3883 3908 3955">
     <span class='ocr_line' id='line_1_92' title="bbox 2301 3883 3908 3955; baseline -0.001 -19"><span class='ocrx_word' id='word_1_639' title='bbox 2301 3888 2390 3936; x_wconf 81' lang='grc' dir='ltr'>καὶ</span> <span class='ocrx_word' id='word_1_640' title='bbox 2446 3885 2512 3936; x_wconf 79' lang='grc' dir='ltr'>τὰ</span> <span class='ocrx_word' id='word_1_641' title='bbox 2575 3883 2908 3955; x_wconf 80' lang='grc' dir='ltr'>λελαλημένα,</span> <span class='ocrx_word' id='word_1_642' title='bbox 2968 3887 3058 3934; x_wconf 85' lang='grc' dir='ltr'>καὶ</span> <span class='ocrx_word' id='word_1_643' title='bbox 3127 3884 3207 3935; x_wconf 84' lang='grc' dir='ltr'>ὅτι</span> <span class='ocrx_word' id='word_1_644' title='bbox 3262 3887 3599 3935; x_wconf 86' lang='grc' dir='ltr'>πεπίστευκεν</span> <span class='ocrx_word' id='word_1_645' title='bbox 3649 3883 3821 3944; x_wconf 67' lang='grc' dir='ltr'>αὐτοῖς</span> <span class='ocrx_word' id='word_1_646' title='bbox 3875 3887 3908 3944; x_wconf 80' lang='grc' dir='ltr'><strong>ἠ</strong></span> 
     </span>
    </p>
   </div>
   <div class='ocr_carea' id='block_1_93' title="bbox 2302 3968 3905 4046">
    <p class='ocr_par' dir='ltr' id='par_1_93' title="bbox 2302 3968 3905 4046">
     <span class='ocr_line' id='line_1_93' title="bbox 2302 3968 3905 4046; baseline -0.001 -20"><span class='ocrx_word' id='word_1_647' title='bbox 2302 3975 2579 4046; x_wconf 83' lang='grc' dir='ltr'>Παρθένος.</span> <span class='ocrx_word' id='word_1_648' title='bbox 2640 3980 2841 4046; x_wconf 84' lang='grc' dir='ltr'>Στείραι</span> <span class='ocrx_word' id='word_1_649' title='bbox 2898 3975 2988 4044; x_wconf 71' lang='grc' dir='ltr'>μὲν</span> <span class='ocrx_word' id='word_1_650' title='bbox 3043 3968 3130 4023; x_wconf 84' lang='grc' dir='ltr'><strong>οὖν</strong></span> <span class='ocrx_word' id='word_1_651' title='bbox 3185 3976 3272 4023; x_wconf 85' lang='grc' dir='ltr'>καὶ</span> <span class='ocrx_word' id='word_1_652' title='bbox 3343 3971 3494 4023; x_wconf 77' lang='grc' dir='ltr'>ἄλλαι</span> <span class='ocrx_word' id='word_1_653' title='bbox 3542 3978 3905 4044; x_wconf 70' lang='grc' dir='ltr'>γεγεννήκασι·</span> 
     </span>
    </p>
   </div>
   <div class='ocr_carea' id='block_1_94' title="bbox 2301 4057 3905 4135">
    <p class='ocr_par' dir='ltr' id='par_1_94' title="bbox 2301 4057 3905 4135">
     <span class='ocr_line' id='line_1_94' title="bbox 2301 4057 3905 4135; baseline 0 -21"><span class='ocrx_word' id='word_1_654' title='bbox 2301 4061 2485 4135; x_wconf 86' lang='grc' dir='ltr'>βρέφος</span> <span class='ocrx_word' id='word_1_655' title='bbox 2537 4059 2596 4114; x_wconf 74' lang='grc' dir='ltr'><strong>δὲ</strong></span> <span class='ocrx_word' id='word_1_656' title='bbox 2640 4057 2889 4113; x_wconf 74' lang='grc' dir='ltr'>οὐδέποτε</span> <span class='ocrx_word' id='word_1_657' title='bbox 2935 4069 3259 4134; x_wconf 78' lang='grc' dir='ltr'>προφητικού</span> <span class='ocrx_word' id='word_1_658' title='bbox 3297 4066 3638 4135; x_wconf 83' lang='grc' dir='ltr'>χαρίσματος</span> <span class='ocrx_word' id='word_1_659' title='bbox 3681 4062 3905 4128; x_wconf 53' lang='lat' dir='ltr'><strong>agmen,</strong></span> 
     </span>
    </p>
   </div>
   <div class='ocr_carea' id='block_1_95' title="bbox 2299 4149 3910 4222">
    <p class='ocr_par' dir='ltr' id='par_1_95' title="bbox 2299 4149 3910 4222">
     <span class='ocr_line' id='line_1_95' title="bbox 2299 4149 3910 4222; baseline 0 -19"><span class='ocrx_word' id='word_1_660' title='bbox 2299 4153 2372 4203; x_wconf 77' lang='grc' dir='ltr'>ἔτι</span> <span class='ocrx_word' id='word_1_661' title='bbox 2427 4149 2474 4201; x_wconf 84' lang='grc' dir='ltr'><strong>ἐν</strong></span> <span class='ocrx_word' id='word_1_662' title='bbox 2541 4149 2712 4222; x_wconf 85' lang='grc' dir='ltr'>κοιλίᾳ</span> <span class='ocrx_word' id='word_1_663' title='bbox 2763 4153 2960 4222; x_wconf 85' lang='grc' dir='ltr'>μητρὸς</span> <span class='ocrx_word' id='word_1_664' title='bbox 3019 4149 3176 4201; x_wconf 75' lang='grc' dir='ltr'>αὐτοῦ</span> <span class='ocrx_word' id='word_1_665' title='bbox 3220 4150 3334 4222; x_wconf 85' lang='grc'><strong>(28)</strong></span> <span class='ocrx_word' id='word_1_666' title='bbox 3400 4155 3693 4222; x_wconf 85' lang='grc' dir='ltr'>φερόμενον.</span> <span class='ocrx_word' id='word_1_667' title='bbox 3751 4157 3910 4222; x_wconf 83' lang='grc' dir='ltr'>Γεγό-</span> 
     </span>
    </p>
   </div>
   <div class='ocr_carea' id='block_1_96' title="bbox 2296 4237 3904 4314">
    <p class='ocr_par' dir='ltr' id='par_1_96' title="bbox 2296 4237 3904 4314">
     <span class='ocr_line' id='line_1_96' title="bbox 2296 4237 3904 4314; baseline -0.001 -22"><span class='ocrx_word' id='word_1_668' title='bbox 2296 4259 2445 4292; x_wconf 91' lang='grc' dir='ltr'>νασιν</span> <span class='ocrx_word' id='word_1_669' title='bbox 2503 4239 2590 4292; x_wconf 80' lang='grc' dir='ltr'><strong>οὖν</strong></span> <span class='ocrx_word' id='word_1_670' title='bbox 2649 4241 2714 4290; x_wconf 81' lang='grc' dir='ltr'>τὰ</span> <span class='ocrx_word' id='word_1_671' title='bbox 2764 4241 2898 4291; x_wconf 83' lang='grc' dir='ltr'>κατὰ</span> <span class='ocrx_word' id='word_1_672' title='bbox 2947 4243 3040 4297; x_wconf 79' lang='grc' dir='ltr'>τὴν</span> <span class='ocrx_word' id='word_1_673' title='bbox 3103 4247 3309 4314; x_wconf 87' lang='grc' dir='ltr'>στεῖραν</span> <span class='ocrx_word' id='word_1_674' title='bbox 3361 4242 3554 4296; x_wconf 87' lang='grc' dir='ltr'>ταύτην</span> <span class='ocrx_word' id='word_1_675' title='bbox 3603 4237 3904 4314; x_wconf 72' lang='grc' dir='ltr'>παράδοξα,</span> 
     </span>
    </p>
   </div>
   <div class='ocr_carea' id='block_1_97' title="bbox 2299 4329 3904 4402">
    <p class='ocr_par' dir='ltr' id='par_1_97' title="bbox 2299 4329 3904 4402">
     <span class='ocr_line' id='line_1_97' title="bbox 2299 4329 3904 4402; baseline 0.001 -21"><span class='ocrx_word' id='word_1_676' title='bbox 2299 4330 2381 4382; x_wconf 87' lang='grc' dir='ltr'><strong>ἳνα</strong></span> <span class='ocrx_word' id='word_1_677' title='bbox 2435 4329 2761 4381; x_wconf 84' lang='grc' dir='ltr'>πιστευθῶσι</span> <span class='ocrx_word' id='word_1_678' title='bbox 2811 4331 2901 4380; x_wconf 81' lang='grc' dir='ltr'><strong>καὶ</strong></span> <span class='ocrx_word' id='word_1_679' title='bbox 2955 4330 3018 4380; x_wconf 83' lang='grc' dir='ltr'>τὰ</span> <span class='ocrx_word' id='word_1_680' title='bbox 3064 4331 3200 4381; x_wconf 86' lang='grc' dir='ltr'>κατὰ</span> <span class='ocrx_word' id='word_1_681' title='bbox 3253 4333 3345 4388; x_wconf 84' lang='grc' dir='ltr'><strong>τὴν</strong></span> <span class='ocrx_word' id='word_1_682' title='bbox 3406 4330 3654 4402; x_wconf 78' lang='grc' dir='ltr'>παρθένον</span> <span class='ocrx_word' id='word_1_683' title='bbox 3707 4334 3904 4388; x_wconf 78' lang='grc' dir='ltr'>ταύτην</span> 
     </span>
    </p>
   </div>
   <div class='ocr_carea' id='block_1_98' title="bbox 2297 4421 2715 4493">
    <p class='ocr_par' dir='ltr' id='par_1_98' title="bbox 2297 4421 2715 4493">
     <span class='ocr_line' id='line_1_98' title="bbox 2297 4421 2715 4493; baseline -0.002 -22"><span class='ocrx_word' id='word_1_684' title='bbox 2297 4421 2423 4493; x_wconf 78' lang='grc' dir='ltr'>ὑπερ</span> <span class='ocrx_word' id='word_1_685' title='bbox 2433 4423 2715 4490; x_wconf 81' lang='grc' dir='ltr'>φυέστατα.</span> 
     </span>
    </p>
   </div>
   <div class='ocr_carea' id='block_1_99' title="bbox 2369 4513 3894 4590">
    <p class='ocr_par' dir='ltr' id='par_1_99' title="bbox 2369 4513 3894 4590">
     <span class='ocr_line' id='line_1_99' title="bbox 2369 4513 3894 4590; baseline -0.002 -21"><span class='ocrx_word' id='word_1_686' title='bbox 2369 4523 2468 4570; x_wconf 80' lang='grc' dir='ltr'><strong>Καὶ</strong></span> <span class='ocrx_word' id='word_1_687' title='bbox 2499 4513 2608 4569; x_wconf 85' lang='grc' dir='ltr'>εἶπε</span> <span class='ocrx_word' id='word_1_688' title='bbox 2649 4547 2717 4557; x_wconf 91' lang='grc'><strong><em>-</em></strong></span> <span class='ocrx_word' id='word_1_689' title='bbox 2763 4518 2971 4590; x_wconf 79' lang='grc' dir='ltr'>Κύριον.</span> <span class='ocrx_word' id='word_1_690' title='bbox 3005 4515 3287 4588; x_wconf 83' lang='grc' dir='ltr'>Μεγαλύνει</span> <span class='ocrx_word' id='word_1_691' title='bbox 3330 4519 3359 4575; x_wconf 81' lang='grc' dir='ltr'>ἡ</span> <span class='ocrx_word' id='word_1_692' title='bbox 3413 4515 3566 4590; x_wconf 74' lang='grc' dir='ltr'>ψυχή</span> <span class='ocrx_word' id='word_1_693' title='bbox 3613 4537 3731 4589; x_wconf 80' lang='grc' dir='ltr'>μου,</span> <span class='ocrx_word' id='word_1_694' title='bbox 3779 4535 3894 4567; x_wconf 87' lang='grc' dir='ltr'>του-</span> 
     </span>
    </p>
   </div>
   <div class='ocr_carea' id='block_1_100' title="bbox 2295 4603 3887 4678">
    <p class='ocr_par' dir='ltr' id='par_1_100' title="bbox 2295 4603 3887 4678">
     <span class='ocr_line' id='line_1_100' title="bbox 2295 4603 3887 4678; baseline -0.014 -2"><span class='ocrx_word' id='word_1_695' title='bbox 2295 4611 2490 4672; x_wconf 43' lang='lat' dir='ltr'><strong>Tir”:</strong></span> <span class='ocrx_word' id='word_1_696' title='bbox 2553 4606 2807 4678; x_wconf 66' lang='grc' dir='ltr'>Εὐφημεῖν</span> <span class='ocrx_word' id='word_1_697' title='bbox 2855 4603 3086 4668; x_wconf 72' lang='grc' dir='ltr'><strong>δοξάζει.</strong></span> <span class='ocrx_word' id='word_1_698' title='bbox 3147 4609 3505 4669; x_wconf 83' lang='grc' dir='ltr'>Πιστενούσης</span> <span class='ocrx_word' id='word_1_699' title='bbox 3556 4603 3610 4659; x_wconf 75' lang='grc' dir='ltr'><strong>δὲ</strong></span> <span class='ocrx_word' id='word_1_700' title='bbox 3662 4607 3687 4656; x_wconf 86' lang='grc' dir='ltr'><strong><em>ὁ</em></strong></span> <span class='ocrx_word' id='word_1_701' title='bbox 3739 4603 3887 4673; x_wconf 80' lang='grc' dir='ltr'>λόγος</span> 
     </span>
    </p>
   </div>
   <div class='ocr_carea' id='block_1_101' title="bbox 2294 4692 3021 4769">
    <p class='ocr_par' dir='ltr' id='par_1_101' title="bbox 2294 4692 3021 4769">
     <span class='ocr_line' id='line_1_101' title="bbox 2294 4692 3021 4769; baseline 0 -20"><span class='ocrx_word' id='word_1_702' title='bbox 2294 4692 2462 4762; x_wconf 81' lang='grc' dir='ltr'>οὖτος,</span> <span class='ocrx_word' id='word_1_703' title='bbox 2497 4695 2910 4769; x_wconf 72' lang='grc' dir='ltr'>εὐχαριστήριος</span> <span class='ocrx_word' id='word_1_704' title='bbox 2933 4697 3021 4749; x_wconf 85' lang='grc' dir='ltr'><strong>ὧν.</strong></span> 
     </span>
    </p>
   </div>
   <div class='ocr_carea' id='block_1_102' title="bbox 2369 4801 3891 4876">
    <p class='ocr_par' dir='ltr' id='par_1_102' title="bbox 2369 4801 3891 4876">
     <span class='ocr_line' id='line_1_102' title="bbox 2369 4801 3891 4876; baseline -0.002 -21"><span class='ocrx_word' id='word_1_705' title='bbox 2369 4808 2467 4855; x_wconf 81' lang='grc' dir='ltr'><strong>Καὶ</strong></span> <span class='ocrx_word' id='word_1_706' title='bbox 2534 4801 2818 4873; x_wconf 82' lang='grc' dir='ltr'>ἡγαλλίασε</span> <span class='ocrx_word' id='word_1_707' title='bbox 2885 4833 2954 4843; x_wconf 93' lang='grc'><strong>--</strong></span> <span class='ocrx_word' id='word_1_708' title='bbox 3037 4807 3238 4875; x_wconf 85' lang='grc' dir='ltr'><strong>Σωτῆρί</strong></span> <span class='ocrx_word' id='word_1_709' title='bbox 3313 4823 3434 4876; x_wconf 84' lang='grc' dir='ltr'>μου.</span> <span class='ocrx_word' id='word_1_710' title='bbox 3521 4809 3726 4875; x_wconf 74' lang='grc' dir='ltr'>Πνεῦμα</span> <span class='ocrx_word' id='word_1_711' title='bbox 3797 4805 3891 4860; x_wconf 75' lang='grc' dir='ltr'>τὴν</span> 
     </span>
    </p>
   </div>
   <div class='ocr_carea' id='block_1_103' title="bbox 2291 4891 3898 4966">
    <p class='ocr_par' dir='ltr' id='par_1_103' title="bbox 2291 4891 3898 4966">
     <span class='ocr_line' id='line_1_103' title="bbox 2291 4891 3898 4966; baseline -0.001 -22"><span class='ocrx_word' id='word_1_712' title='bbox 2291 4892 2492 4964; x_wconf 68' lang='grc' dir='ltr'><strong>ψυχὴν,</strong></span> <span class='ocrx_word' id='word_1_713' title='bbox 2547 4891 2699 4944; x_wconf 84' lang='grc' dir='ltr'>πάλιν</span> <span class='ocrx_word' id='word_1_714' title='bbox 2747 4896 2954 4948; x_wconf 81' lang='grc' dir='ltr'>νόησον.</span> <span class='ocrx_word' id='word_1_715' title='bbox 3017 4892 3246 4966; x_wconf 80' lang='grc' dir='ltr'><strong>Ἐχάρη,</strong></span> <span class='ocrx_word' id='word_1_716' title='bbox 3292 4894 3531 4964; x_wconf 84' lang='grc' dir='ltr'>φησὶν,ἡ</span> <span class='ocrx_word' id='word_1_717' title='bbox 3585 4892 3738 4964; x_wconf 73' lang='grc' dir='ltr'>ψυχή</span> <span class='ocrx_word' id='word_1_718' title='bbox 3797 4911 3898 4963; x_wconf 84' lang='grc' dir='ltr'><strong>μου</strong></span> 
     </span>
    </p>
   </div>
   <div class='ocr_carea' id='block_1_104' title="bbox 2293 4979 3895 5055">
    <p class='ocr_par' dir='ltr' id='par_1_104' title="bbox 2293 4979 3895 5055">
     <span class='ocr_line' id='line_1_104' title="bbox 2293 4979 3895 5055; baseline 0 -21"><span class='ocrx_word' id='word_1_719' title='bbox 2293 4983 2377 5035; x_wconf 80' lang='grc' dir='ltr'><strong>ἐπὶ</strong></span> <span class='ocrx_word' id='word_1_720' title='bbox 2431 4990 2502 5051; x_wconf 83' lang='grc' dir='ltr'>τῷ</span> <span class='ocrx_word' id='word_1_721' title='bbox 2565 4989 2678 5051; x_wconf 80' lang='grc' dir='ltr'><strong>Θεῷ</strong></span> <span class='ocrx_word' id='word_1_722' title='bbox 2730 4989 2801 5050; x_wconf 83' lang='grc' dir='ltr'>τῷ</span> <span class='ocrx_word' id='word_1_723' title='bbox 2863 4985 3093 5033; x_wconf 81' lang='grc' dir='ltr'>σώσαντί</span> <span class='ocrx_word' id='word_1_724' title='bbox 3152 5000 3234 5054; x_wconf 90' lang='grc' dir='ltr'><strong>με.</strong></span> <span class='ocrx_word' id='word_1_725' title='bbox 3288 4987 3563 5054; x_wconf 86' lang='grc' dir='ltr'>Σέσωσμαι</span> <span class='ocrx_word' id='word_1_726' title='bbox 3615 4985 3714 5055; x_wconf 75' lang='grc' dir='ltr'><strong>γὰρ</strong></span> <span class='ocrx_word' id='word_1_727' title='bbox 3764 4979 3895 5051; x_wconf 75' lang='grc' dir='ltr'><strong>ἤδη,</strong></span> 
     </span>
    </p>
   </div>
   <div class='ocr_carea' id='block_1_105' title="bbox 2292 5067 3899 5146">
    <p class='ocr_par' dir='ltr' id='par_1_105' title="bbox 2292 5067 3899 5146">
     <span class='ocr_line' id='line_1_105' title="bbox 2292 5067 3899 5146; baseline -0.001 -23"><span class='ocrx_word' id='word_1_728' title='bbox 2292 5070 2576 5134; x_wconf 75' lang='grc' dir='ltr'>ἀξιωθεῖσα</span> <span class='ocrx_word' id='word_1_729' title='bbox 2620 5072 2860 5142; x_wconf 85' lang='grc' dir='ltr'>γενέσθαι</span> <span class='ocrx_word' id='word_1_730' title='bbox 2898 5074 3086 5146; x_wconf 78' lang='grc' dir='ltr'>Μήτηρ</span> <span class='ocrx_word' id='word_1_731' title='bbox 3129 5077 3282 5124; x_wconf 78' lang='grc' dir='ltr'>Θεοῦ.</span> <span class='ocrx_word' id='word_1_732' title='bbox 3327 5067 3456 5126; x_wconf 84' lang='grc' dir='ltr'>Εἶτα</span> <span class='ocrx_word' id='word_1_733' title='bbox 3501 5070 3636 5143; x_wconf 82' lang='grc' dir='ltr'>λέγει</span> <span class='ocrx_word' id='word_1_734' title='bbox 3675 5075 3766 5123; x_wconf 87' lang='grc' dir='ltr'><strong>καὶ</strong></span> <span class='ocrx_word' id='word_1_735' title='bbox 3803 5075 3899 5129; x_wconf 81' lang='grc' dir='ltr'>τὴν</span> 
     </span>
    </p>
   </div>
   <div class='ocr_carea' id='block_1_106' title="bbox 2294 5158 2978 5235">
    <p class='ocr_par' dir='ltr' id='par_1_106' title="bbox 2294 5158 2978 5235">
     <span class='ocr_line' id='line_1_106' title="bbox 2294 5158 2978 5235; baseline 0 -21"><span class='ocrx_word' id='word_1_736' title='bbox 2294 5161 2464 5215; x_wconf 86' lang='grc' dir='ltr'>αἰτίαν</span> <span class='ocrx_word' id='word_1_737' title='bbox 2489 5167 2584 5222; x_wconf 81' lang='grc' dir='ltr'>τῆς</span> <span class='ocrx_word' id='word_1_738' title='bbox 2615 5158 2978 5235; x_wconf 77' lang='grc' dir='ltr'>εὐχαριστίας.</span> 
     </span>
    </p>
   </div>
   <div class='ocr_carea' id='block_1_107' title="bbox 1749 5323 2653 5396">
    <p class='ocr_par' dir='ltr' id='par_1_107' title="bbox 1749 5323 2653 5396">
     <span class='ocr_line' id='line_1_107' title="bbox 1749 5323 2653 5396; baseline -0.003 -3"><span class='ocrx_word' id='word_1_739' title='bbox 1749 5323 1967 5394; x_wconf 59' lang='lat' dir='ltr'><strong>Varia</strong></span> <span class='ocrx_word' id='word_1_740' title='bbox 1995 5326 2324 5396; x_wconf 89' lang='lat' dir='ltr'><strong>lectiones</strong></span> <span class='ocrx_word' id='word_1_741' title='bbox 2355 5334 2423 5393; x_wconf 92' lang='lat' dir='ltr'><strong>et</strong></span> <span class='ocrx_word' id='word_1_742' title='bbox 2453 5332 2653 5392; x_wconf 77' lang='lat' dir='ltr'><strong>notae.</strong></span> 
     </span>
    </p>
   </div>
   <div class='ocr_carea' id='block_1_108' title="bbox 589 5492 1990 5578">
    <p class='ocr_par' dir='ltr' id='par_1_108' title="bbox 589 5492 1990 5578">
     <span class='ocr_line' id='line_1_108' title="bbox 589 5492 1990 5578; baseline 0.002 -28"><span class='ocrx_word' id='word_1_743' title='bbox 589 5495 702 5578; x_wconf 60' lang='grc' dir='ltr'>ςξξ)</span> <span class='ocrx_word' id='word_1_744' title='bbox 729 5498 810 5578; x_wconf 78' lang='lat' dir='ltr'><strong>A_e</strong></span> <span class='ocrx_word' id='word_1_745' title='bbox 840 5492 889 5548; x_wconf 90' lang='lat' dir='ltr'><strong>si</strong></span> <span class='ocrx_word' id='word_1_746' title='bbox 916 5496 1173 5578; x_wconf 54' lang='lat' dir='ltr'><strong>senectae;</strong></span> <span class='ocrx_word' id='word_1_747' title='bbox 1213 5494 1420 5566; x_wconf 90' lang='lat' dir='ltr'><strong>legerit</strong></span> <span class='ocrx_word' id='word_1_748' title='bbox 1450 5495 1792 5578; x_wconf 44' lang='lat' dir='ltr'><strong>Henten&#39;ius.</strong></span> <span class='ocrx_word' id='word_1_749' title='bbox 1823 5495 1990 5578; x_wconf 65' lang='lat' dir='ltr'><strong>male.</strong></span> 
     </span>
    </p>
   </div>
   <div class='ocr_carea' id='block_1_109' title="bbox 586 5567 2173 5697">
    <p class='ocr_par' dir='ltr' id='par_1_109' title="bbox 586 5567 2173 5697">
     <span class='ocr_line' id='line_1_109' title="bbox 586 5567 2173 5697; baseline 0.006 -80"><span class='ocrx_word' id='word_1_750' title='bbox 586 5567 700 5697; x_wconf 33' lang='lat'><strong>$2.6}</strong></span> <span class='ocrx_word' id='word_1_751' title='bbox 758 5571 1083 5648; x_wconf 46' lang='lat' dir='ltr'><strong>npepopiav,</strong></span> <span class='ocrx_word' id='word_1_752' title='bbox 1117 5567 1246 5648; x_wconf 81' lang='lat' dir='ltr'><strong>sine</strong></span> <span class='ocrx_word' id='word_1_753' title='bbox 1299 5583 1479 5623; x_wconf 90' lang='lat' dir='ltr'><strong>sensu</strong></span> <span class='ocrx_word' id='word_1_754' title='bbox 1499 5569 1570 5626; x_wconf 90' lang='lat' dir='ltr'><strong>A.</strong></span> <span class='ocrx_word' id='word_1_755' title='bbox 1636 5567 1954 5626; x_wconf 84' lang='lat' dir='ltr'><strong>Henteuius</strong></span> <span class='ocrx_word' id='word_1_756' title='bbox 2008 5568 2173 5628; x_wconf 78' lang='lat' dir='ltr'><strong>haud</strong></span> 
     </span>
     <span class='ocr_line' id='line_1_110' title="bbox 586 5637 1362 5697; baseline -0.004 0"><span class='ocrx_word' id='word_1_757' title='bbox 586 5658 594 5696; x_wconf 82' lang='grc' dir='ltr'>ι</span> <span class='ocrx_word' id='word_1_758' title='bbox 638 5637 914 5697; x_wconf 75' lang='grc' dir='ltr'>ιθνοιιιιῐ.</span> <span class='ocrx_word' id='word_1_759' title='bbox 940 5639 1362 5697; x_wconf 72' lang='lat' dir='ltr'><strong>certttudmem.</strong></span> 
     </span>
    </p>
   </div>
   <div class='ocr_carea' id='block_1_110' title="bbox 513 5635 1362 5707">
    <p class='ocr_par' dir='ltr' id='par_1_110' title="bbox 513 5635 1362 5707">
     <span class='ocr_line' id='line_1_111' title="bbox 513 5635 1362 5707; baseline -0.007 -7"><span class='ocrx_word' id='word_1_760' title='bbox 513 5635 692 5701; x_wconf 82' lang='lat' dir='ltr'><strong>dubie</strong></span> <span class='ocrx_word' id='word_1_761' title='bbox 707 5635 914 5707; x_wconf 84' lang='lat' dir='ltr'><strong>voluit,</strong></span> <span class='ocrx_word' id='word_1_762' title='bbox 933 5635 1362 5698; x_wconf 72' lang='lat' dir='ltr'><strong>&#39;certitudinem.</strong></span> 
     </span>
    </p>
   </div>
   <div class='ocr_carea' id='block_1_111' title="bbox 2499 5493 3584 5571">
    <p class='ocr_par' dir='ltr' id='par_1_111' title="bbox 2499 5493 3584 5571">
     <span class='ocr_line' id='line_1_112' title="bbox 2499 5493 3584 5571; baseline 0.006 -22"><span class='ocrx_word' id='word_1_763' title='bbox 2499 5493 2567 5571; x_wconf 86' lang='lat' dir='ltr'><strong>ln_</strong></span> <span class='ocrx_word' id='word_1_764' title='bbox 2593 5493 2712 5550; x_wconf 88' lang='lat' dir='ltr'><strong>alia</strong></span> <span class='ocrx_word' id='word_1_765' title='bbox 2736 5493 2968 5571; x_wconf 77' lang='lat' dir='ltr'><strong>omnia_</strong></span> <span class='ocrx_word' id='word_1_766' title='bbox 2981 5493 3233 5553; x_wconf 83' lang='lat' dir='ltr'><strong>discedit</strong></span> <span class='ocrx_word' id='word_1_767' title='bbox 3266 5495 3584 5571; x_wconf 83' lang='lat' dir='ltr'><strong>interpres.</strong></span> 
     </span>
    </p>
   </div>
   <div class='ocr_carea' id='block_1_112' title="bbox 2355 5495 3003 5641">
    <p class='ocr_par' dir='ltr' id='par_1_112' title="bbox 2355 5495 3003 5641">
     <span class='ocr_line' id='line_1_113' title="bbox 2355 5495 3003 5568; baseline -0.002 -16"><span class='ocrx_word' id='word_1_768' title='bbox 2355 5495 2443 5568; x_wconf 82' lang='lat'><strong>(27</strong></span> <span class='ocrx_word' id='word_1_769' title='bbox 2499 5495 2564 5550; x_wconf 92' lang='lat' dir='ltr'><strong>In</strong></span> <span class='ocrx_word' id='word_1_770' title='bbox 2593 5495 2712 5550; x_wconf 88' lang='lat' dir='ltr'><strong>alia</strong></span> <span class='ocrx_word' id='word_1_771' title='bbox 2736 5495 2947 5551; x_wconf 90' lang='lat' dir='ltr'><strong>omnia</strong></span> <span class='ocrx_word' id='word_1_772' title='bbox 2981 5495 3003 5551; x_wconf 76' lang='lat' dir='ltr'><strong>c&#39;</strong></span> 
     </span>
     <span class='ocr_line' id='line_1_114' title="bbox 2355 5495 3003 5641; baseline 0.008 -19"><span class='ocrx_word' id='word_1_773' title='bbox 2355 5495 2470 5641; x_wconf 45' lang='lat'><strong>(&#39;28;</strong></span> <span class='ocrx_word' id='word_1_774' title='bbox 2495 5565 2665 5620; x_wconf 83' lang='grc' dir='ltr'>Δύτοῡ</span> <span class='ocrx_word' id='word_1_775' title='bbox 2695 5565 2911 5624; x_wconf 89' lang='lat' dir='ltr'><strong>omittit</strong></span> <span class='ocrx_word' id='word_1_776' title='bbox 2935 5566 3003 5627; x_wconf 88' lang='lat' dir='ltr'><strong>B.</strong></span> 
     </span>
    </p>
   </div>
   <div class='ocr_carea' id='block_1_113' title="bbox 2355 5568 2447 5640">
    <p class='ocr_par' dir='ltr' id='par_1_113' title="bbox 2355 5568 2447 5640">
     <span class='ocr_line' id='line_1_115' title="bbox 2355 5568 2447 5640; baseline 0 -18"><span class='ocrx_word' id='word_1_777' title='bbox 2355 5568 2447 5640; x_wconf 82' lang='lat'><strong>(&#39;28</strong></span> 
     </span>
    </p>
   </div>
  </div>
