4170 6364
177 324 282 379 873

1199 320 1564 376 COMMENT.
1612 317 1675 373 lN
1716 311 1982 368 LUCAM.
2022 343 2090 352 --
2129 312 2285 367 CAP.
2328 316 2369 368 Ι.

3434 314 3539 369 874

247 445 366 497 Ὀτι
411 474 471 484 -——
513 442 690 496 αὐτοῦ.
748 442 870 495 Ἐπὶ
910 448 1003 501 τὴν
1052 444 1318 500 εύτελειαν.
1377 452 1621 499 Ταπεινοί
1672 444 1774 515 γὰρ

1958 437 2120 491 Vers.
2155 437 2241 492 48.
2297 438 2440 503 Quia
2473 468 2537 478 —-
2572 454 2709 495 suaz.
2741 439 2831 494 Ad
2860 438 3208 494 utilitatem:
3269 439 3537 511 seipsam

179 537 385 601 ἑαυτὴν,
446 535 511 594 ὡς
562 531 772 593 ἀναξίαν
833 531 1138 590 τηλικούτου
1185 536 1489 608 πράγματος
1539 548 1553 565 ⁸
1605 535 1634 593 ᾖ
1686 534 1776 583 κάξ

180 621 213 676 ὃ
220 644 273 675 ια
302 627 395 679 τὴν
428 625 734 673 ταπείνωσιν
773 630 867 681 τῆς
916 619 1239 695 ἀνθρωπίνης
1293 626 1487 695 φύσεως
1523 626 1591 685 ὡς
1646 626 1775 694 πρὸς

177 716 235 764 τὸ
275 711 399 781 ύψο,
429 718 518 770 τῆς
548 711 706 769 θείας.

248 796 391 852 Ἰδοὺ
422 830 489 839 -
522 803 709 869 γενεαί.
746 804 807 852 Αἱ
842 807 941 851 τῶν
968 805 1311 853 πιστευόντων
1344 797 1603 859 δηλονότι.

244 1011 367 1063 Ὀτι
396 1042 466 1050 ——
497 1007 737 1073 δυνατός.
774 1010 891 1063 ’Ότι
935 1010 1173 1069 ἐποίησεν
1224 1013 1294 1073 εἰς
1338 1012 1423 1084 ἐμὲ
1453 1014 1649 1085 μεγάλα
1682 1018 1771 1065 καὶ

176 1102 409 1175 ὑπερφυῆ
446 1100 715 1172 Θαυμάσια
744 1101 769 1151 6
800 1097 1016 1160 δυνατὸς
1048 1108 1207 1154 ποιεῖν
1249 1110 1485 1154 τοιαῦτα.

253 1318 354 1365 Καὶ
377 1313 527 1384 ἅγιον
556 1344 623 1353 -—-
646 1313 828 1369 αὑτοῦ.
867 1314 1174 1387 Ἐξαίρετον,
1200 1318 1352 1387 μέγα.

251 1403 352 1455 Καὶ
410 1406 470 1455 τὸ
523 1403 656 1464 Eleo;
706 1434 772 1441 —
825 1404 1003 1460 αὐτόν.
1061 1408 1130 1456 Τὸ
1193 1405 1283 1465 Εἰς
1328 1406 1500 1475 γενεὰν
1554 1409 1642 1456 καὶ
1686 1423 1772 1475 γε-

172 1490 306 1550 νεὰν,
367 1495 458 1541 καὶ
520 1494 577 1541 τὸ
638 1490 723 1550 Εἰς
776 1494 948 1561 γενεὰς
997 1500 1200 1562 γενεῶν,
1270 1496 1359 1543 καὶ
1424 1494 1489 1544 τὰ
1558 1499 1776 1544 τοιαῦτα

171 1580 226 1628 τὸ
292 1577 398 1630 Ἀεὶ
454 1583 775 1649 σημαίνουσι
831 1580 955 1654 παρ’
1008 1579 1287 1653 Ἑϐραίοις.
1362 1585 1515 1652 Λέγει
1584 1586 1770 1646 τοίνυν,

172 1666 251 1717 ὅτι
281 1671 370 1718 καὶ
426 1671 487 1719 τὸ
519 1667 647 1728 ἔλεος
696 1667 852 1720 αὐτοῦ
884 1668 963 1720 ἀεί
1006 1667 1146 1721 ἐστιν
1192 1668 1241 1721 ἐν
1293 1678 1399 1731 τοῖς
1444 1669 1775 1742 φοϐουμένοις

172 1754 349 1825 αὐτὸν,
410 1757 572 1828 ὃμοια
624 1756 851 1827 λέγουσα
910 1766 982 1828 τῷ
1054 1755 1221 1810 Δαυὶδ
1289 1758 1541 1832 εἰρπκότι·
1592 1762 1661 1810 T6
1718 1755 1843 1832 διΒ

171 1843 302 1903 ἔλεος
367 1853 463 1897 τοῦ
535 1851 728 1919 Κυρίου
802 1844 901 1898 ἀπὸ
973 1854 1063 1899 τοῦ
1136 1847 1321 1908 αἰῶνος
1376 1852 1462 1899 καὶ
1529 1848 1623 1908 ἕως
1685 1854 1777 1900 τοῦ

174 1932 355 1994 αἰῶνος
424 1933 512 1986 ἐπὶ
579 1938 699 1997 τούς
769 1934 1115 2007 φοϐουμένους
1178 1936 1350 1989 αὐτόν.
1421 1938 1551 1991 Εἶτα
1620 1938 1778 1988 κατα-

172 2018 306 2090 λέγει
359 2028 453 2074 καὶ
506 2022 662 2085 ἄλλοις
724 2020 972 2097 δυνάμεις
1028 2032 1120 2075 τοῦ
1179 2032 1332 2089 Θεοῦ,
1389 2028 1453 2085 ὡς
1505 2027 1617 2085 ἔθος
1668 2032 1779 2085 τοῖς

174 2107 611 2182 εύχαριστούσιν.

246 2199 504 2257 Ἐποίησε
567 2232 631 2242 --
712 2202 890 2254 αύτοῡ.
958 2202 1204 2259 Ἐποίησε
1276 2202 1562 2273 μεγαλεῖον,
1633 2202 1777 2254 ἐποί-

178 2306 273 2343 ησε
325 2294 475 2348 νίκην
526 2289 571 2341 ἓν
632 2287 850 2362 δυνάμει
902 2291 1081 2343 αὐτοῦ.
1138 2290 1195 2343 Ὁ
1240 2290 1482 2366 βραχίων
1537 2294 1637 2364 γὰρ
1698 2290 1778 2343 ἐν-

178 2378 348 2429 ταῦθα
394 2384 489 2437 τὴν
548 2376 767 2451 δύναμιν
810 2384 1052 2452 σημαίνει
1084 2399 1097 2411 ·
1133 2376 1276 2433 διότι
1316 2382 1365 2433 οἱ
1410 2378 1781 2453 ἀγωνιζόμενοι

178 2462 226 2514 ἐν
256 2474 326 2536 τῷ
360 2466 614 2543 βραχίονι
644 2474 736 2527 τὴν
768 2465 989 2542 δύναμιν
1016 2471 1223 2541 ἔχουσι.

251 2702 619 2771 Διεσαόρπισεν
682 2731 749 2740 —-
812 2699 1007 2754 αὐτῶν.
1087 2704 1220 2761 Τούς
1294 2700 1655 2774 ὑπερηφάνους
1734 2696 1783 2749 ἐν

177 2792 238 2854 τῇ
304 2782 514 2860 διανοίᾳ
559 2796 652 2849 τῆς
709 2784 930 2863 καρδίας
998 2787 1186 2852 αὐτῶν,
1258 2792 1374 2849 τοὺς
1425 2788 1785 2861 ὑπερηφάνους

178 2890 225 2922 εν
255 2883 477 2935 εαυτοίς.

254 2963 468 3015 Καοείλε
526 2995 594 3002 -
645 2968 842 3025 κενούς.
908 2964 1102 3036 ’Ὁμοία
1150 2972 1317 3017 ταῦτα
1372 2974 1471 3017 τῶν
1527 2972 1622 3025 τῆς
1665 2963 1784 3017 Ἂν-

178 3067 270 3109 νης
329 3056 530 3125 μητρὸς
588 3060 679 3104 τοῦ
743 3053 1003 3125 Σαμουὴλ,
1081 3053 1343 3115 εἰπούσης·
1406 3057 1592 3128 Κύριος
1647 3074 1783 3106 πτω-

1885 526 2044 581 enim
2070 526 2287 596 dejicit,
2318 527 2492 599 quasi
2543 532 2708 583 tanta
2738 544 2798 583 re
2835 528 3149 600 indignam
3194 545 3205 582 :
3244 527 3334 583 vel
3357 528 3540 584 etiam

1885 619 2127 686 propter
2142 616 2539 687 abjectionem
2553 617 2831 673 humanie
2844 623 3071 674 naturae
3084 621 3446 689 comparatae
3460 616 3539 674 ad

1886 702 2312 760 sublimitatem
2339 705 2578 761 divinas.

1880 876 1917 930 l-
1956 792 2113 847 Vers.
2147 794 2241 851 48.
2280 795 2417 849 Ecce
2464 824 2532 836 -—
2567 795 2950 866 generationes.
2983 795 3360 851 Credentium
3388 795 3539 851 vide-

1906 883 2036 930 lcet.

1906 883 2036 931 icet.

1955 966 2118 1021 Vers.
2147 971 2236 1024 49.
2271 968 2411 1033 Quia
2437 1001 2501 1009 ——
2530 971 2623 1041 qui
2643 977 2830 1040 potens
2858 976 2955 1025 est.
2984 969 3135 1035 Quia
3167 968 3302 1025 fecit
3339 969 3399 1024 in
3442 984 3538 1023 me

1883 1070 2106 1123 magna
2131 1058 2609 1128 supernaturalia
2628 1058 2939 1127 miracula,
2966 1057 3063 1131 qui
3080 1057 3158 1113 ad
3183 1057 3285 1127 huj
3298 1056 3537 1112 usmodi

1881 1141 2153 1201 facienda
2177 1151 2387 1216 potens
2412 1152 2519 1203 est.

1954 1232 2114 1288 Vers.
2144 1236 2232 1289 49.
2274 1236 2349 1288 Et
2373 1236 2578 1307 factum
2604 1268 2673 1277 —
2697 1237 2830 1308 ejus.
2864 1236 3183 1304 Eximium,
3218 1250 3535 1303 magnum.

1956 1323 2115 1377 Vers.
2141 1323 2229 1378 50.
2271 1324 2349 1378 Et
2390 1325 2774 1381 misericordia
2801 1357 2871 1366 —
2909 1342 3046 1379 eum.
3107 1323 3277 1389 Quod
3304 1322 3533 1387 dicitur,

1881 1409 1952 1463 In
1976 1413 2285 1482 progeniem
2313 1420 2361 1468 ei
2388 1414 2696 1484 progeniem
2721 1429 2744 1470 .'
2773 1418 2848 1477 et,
2891 1415 2956 1467 In
2995 1414 3361 1484 generationes
3384 1426 3538 1482 gene-

1882 1500 2176 1565 rationum,
2204 1500 2441 1574 aliaque
2484 1502 2719 1567 similia,
2779 1502 2935 1557 idem
2992 1500 3334 1572 signiﬁcant
3371 1499 3539 1572 quod

1886 1590 2149 1660 Semper,
2170 1591 2331 1661 apud
2361 1591 2658 1647 Hebraeos.
2681 1591 2832 1646 Dicit
2845 1606 3008 1661 ergo,
3030 1590 3196 1663 quod
3225 1590 3403 1646 etiam
3433 1589 3537 1644 mi-

1888 1677 2212 1734 sericordia
2231 1678 2360 1748 ejus
2376 1695 2613 1751 semper
2625 1684 2714 1734 est
2737 1680 2797 1735 in
2812 1680 2926 1746 his,
2942 1679 3046 1751 qui
3064 1679 3270 1734 timent
3296 1679 3487 1747 ipsum
3519 1692 3533 1740 ;

1888 1764 2099 1821 similia
2123 1765 2376 1837 loquens
2416 1784 2554 1823 cum
2610 1767 2813 1831 David,
2855 1766 2957 1838 qui
2997 1767 3116 1824 ait:
3152 1764 3539 1823 Misericordia

1886 1854 2112 1909 Domini
2139 1856 2206 1909 ab
2234 1862 2432 1910 aeterno
2480 1864 2533 1911 et
2564 1872 2730 1927 usque
2758 1856 2819 1909 in
2869 1861 3131 1909 retentum
3153 1870 3320 1925 super
3350 1854 3540 1907 timen-

1885 1950 1965 1999 tes
2000 1960 2118 1998 eum
2140 1945 2180 1997 θ.
2216 1945 2436 2000 Deinde
2473 1948 2743 2000 recenset
2782 1948 2839 1999 et
2889 1943 3041 2000 alias
3080 1943 3184 1998 Dei
3209 1943 3450 1997 virtutes
3476 1946 3541 1995 ut

1885 2032 2071 2087 moris
2095 2036 2181 2088 est
2208 2031 2320 2096 his,
2354 2034 2455 2104 qui
2482 2033 2703 2104 gratias
2733 2037 2940 2102 agunt.

1960 2122 2126 2176 Vers.
2176 2126 2262 2176 5t.
2296 2122 2453 2176 Fecit
2478 2153 2546 2162 —
2593 2138 2774 2178 suum.
2809 2121 2966 2176 Fecit
3007 2118 3538 2189 magniﬁcentiam,

1886 2209 2021 2264 fecit
2057 2210 2369 2266 victoriam
2401 2226 2506 2281 per
2543 2209 2949 2266 fortitudinem
2990 2225 3185 2263 suam.
3234 2210 3371 2262 Nam
3406 2207 3543 2261 bra-

1888 2298 2091 2354 chium
2102 2299 2217 2354 hoc
2245 2299 2306 2354 in
2337 2299 2471 2354 loco
2488 2297 3228 2368 signiﬁcatfortitudinem.
3249 2296 3361 2360 Qui
3378 2296 3540 2350 enim

1889 2386 1949 2441 iu
1976 2386 2397 2443 certaminibus
2432 2392 2723 2458 pugnant,
2762 2387 2824 2441 in
2852 2385 3102 2442 brachio
3136 2384 3542 2440 fortitudinem

1889 2474 2134 2530 habent.

1961 2562 2130 2618 Vers.
2187 2564 2272 2618 51.
2323 2563 2589 2634 Dispersit
2647 2593 2713 2603 —
2760 2562 2869 2617 sui.
2925 2560 3228 2632 Superbos
3276 2560 3336 2616 in
3389 2559 3546 2630 cogi-

1890 2651 2114 2707 tatione
2135 2651 2331 2707 cordis
2357 2652 2469 2717 sui,
2503 2650 2797 2723 superbos
2823 2650 2985 2723 apud
3024 2648 3277 2721 seipsos.

1962 2953 2125 3009 Vers.
2160 2958 2245 3009 52.
2284 2954 2539 3009 Detraxi:
2568 2985 2638 2995 —
2693 2954 2858 3010 Vers.
2914 2955 3002 3010 53.
3044 2953 3252 3007 inanes.
3322 2950 3548 3008 Similia

1893 3048 2026 3099 sunt
2046 3043 2160 3113 his,
2203 3059 2339 3115 quae
2370 3043 2513 3100 dixit
2546 3045 2737 3109 Anna,
2787 3046 2974 3099 mater
3002 3041 3297 3098 Samuelis
3326 3057 3338 3095 :
3372 3040 3548 3095 Domi-

181 3140 328 3205 7_i’;et
377 3145 466 3191 καὶ
524 3141 810 3205 πλουτίζει,
876 3150 1108 3195 ταπεινοῖ
1171 3148 1259 3196 καὶ
1321 3142 1530 3214 ἆνυψοί.
1593 3148 1784 3196 Λοιπὸν

1909 3151 1994 3188 ius
2041 3149 2331 3204 pauperem
2358 3133 2499 3205 facit
2527 3140 2575 3187 ei
2613 3132 2757 3187 ditat
2781 3148 2798 3197 ;
2857 3131 3116 3187 humilia!
3147 3138 3199 3186 et
3227 3129 3463 3185 sublevat
3488 3129 3539 3183 ⁷.

180 3222 268 3276 οὖν
322 3233 632 3301 προφητεύει
685 3237 773 3283 καὶ
847 3237 965 3306 περὶ
1041 3240 1131 3284 τοῦ
1184 3232 1345 3293 ἐλέους
1399 3240 1490 3284 τοῦ
1540 3232 1608 3294 εἰς
1668 3237 1784 3294 τοὺς

180 3321 547 3389 Χριστιανούς.
578 3324 727 3391 Λέγει
753 3324 875 3394 γαρ·

254 3405 581 3459 Ἀντελάϐετο
645 3440 709 3448 ——-
781 3410 965 3467 αὐτοῦ,
1042 3410 1398 3480 Ἐπεσκέψατο
1463 3413 1547 3461 τὸν
1617 3411 1786 3485 Ἰσρα·

186 3491 416 3548 ηλιτικον
446 3495 586 3561 λαὸν,
630 3501 716 3547 τὸν
768 3493 952 3549 δοῦλον
984 3498 1169 3551 αὐτοῦ.
1223 3495 1400 3549 Παῑδα
1442 3501 1539 3570 γὰρ
1583 3505 1671 3550 νῦν
1700 3502 1786 3550 τὸν

190 3575 373 3633 δοῦλον
399 3583 553 3655 λέγει.

1012 3675 1341 3729 Ἀντελάϐετο
1406 3671 1463 3727 δὲ
1524 3681 1612 3728 καὶ
1681 3674 1790 3728 ἐπε-

188 3758 441 3832 σκέψατο,
495 3762 542 3814 ἐν
600 3772 671 3833 τῷ
733 3766 1031 3835 μνησθῆναι
1102 3763 1269 3825 ἐλέους
1322 3764 1391 3825 εἰς
1452 3769 1536 3816 τὸν
1607 3765 1784 3828 αἰῶνα,

258 3676 571 3731 Μνησθῆναι
629 3705 697 3714 -—
761 3674 941 3726 αἰῶνα.

183 3850 342 3917 ἤγουν
433 3851 599 3913 ἐλέους
690 3852 899 3904 αἰωνίου
931 3897 944 3918 ,
1013 3851 1177 3914 ἐλέους
1248 3850 1559 3918 διηνεκοῦς,
1620 3856 1791 3915 καθὼς

185 3934 329 3997 ελάλη
340 3960 396 3993 σε
405 3959 420 3971 ’

931 3897 944 3920 9

510 3943 681 4002 καθὼς
769 3940 1113 4013 ἐπηγγείλατο
1188 3945 1316 4015 πρὸς
1378 3946 1495 4004 τοὺς
1563 3947 1789 4017 πατέρας

183 4026 346 4097 ἡμῶν.
414 4026 551 4085 Εἶτα
592 4030 727 4101 lis/et
779 4035 866 4082 καὶ
912 4036 1049 4082 τίσιν
1106 4030 1323 4088 ἐλάλησε
1386 4037 1500 4105 περὶ
1552 4039 1641 4083 τού
1688 4051 1791 4083 τοι-

184 4117 335 4168 ούτου
369 4117 564 4187 ἐλέους,
598 4120 676 4169 ὅτι
718 4126 787 4188 τῷ
837 4118 1076 4192 Ἀϐρααμ
1126 4124 1215 4171 καὶ
1271 4128 1342 4190 τῷ
1396 4122 1656 4192 σπέρματι
1703 4119 1793 4171 αύ-

184 4212 295 4273 τοῡ,
347 4211 517 4279 ἤγουν
556 4215 628 4277 τῷ
681 4208 860 4260 Ἰσαὰκ
907 4212 996 4259 καὶ
1039 4215 1110 4279 τῷ
1169 4207 1373 4273 Ἰακὼϐ,
1428 4213 1511 4260 ναὶ
1555 4213 1656 4280 μην
1704 4214 1793 4260 καὶ

188 4300 257 4361 τῷ
308 4292 500 4350 Δαυίὸ.
548 4299 763 4357 Τούτοις
802 4299 902 4369 γὰρ
973 4299 1039 4357 ὡς
1095 4298 1498 4369 ἐπισημοτάτοις
1549 4317 1793 4369 αινιγμα-

191 4380 366 4445 unde);
418 4384 764 4456 ἐπηγγείλατο
813 4390 929 4459 περὶ
984 4388 1190 4438 τούτου.
1250 4385 1427 4446 Ἔλεος
1478 4383 1535 4437 δὲ
1580 4386 1652 4448 εἰς
1709 4390 1794 4438 τὸν

1896 3223 2180 3293 Deinceps
2211 3236 2353 3289 ergo
2382 3220 2739 3277 vaticinatur
2767 3224 2825 3276 et
2872 3220 2946 3275 de
2974 3218 3378 3275 misericordia
3407 3231 3549 3286 erga

1894 3310 2273 3367 Christianos.
2299 3310 2445 3364 Dicit
2473 3311 2633 3365 enim
2667 3329 2680 3369 :

1966 3400 2127 3453 Vers.
2157 3399 2248 3454 54.
2288 3398 2622 3455 Auxiliatus
2650 3404 2725 3451 est
2751 3427 2815 3436 —
2847 3413 2967 3451 suo.
3029 3393 3293 3450 Visitavit
3322 3392 3551 3448 Israeli-

1896 3488 2074 3542 ticum
2093 3487 2383 3558 populum
2398 3502 2599 3554 suum,
2614 3501 2852 3541 servum
2871 3500 3079 3555 suum;
3110 3497 3365 3555 puerum
3388 3480 3549 3536 enim

1896 3576 2037 3631 dicit
2063 3592 2223 3630 nunc
2254 3591 2515 3630 servum.

1969 3676 2123 3727 Vers.
2163 3673 2250 3726 55.
2290 3671 2358 3728 Ut
2397 3687 2601 3726 memor
2629 3674 2757 3725 esset
2786 3700 2856 3710 —
2903 3668 3179 3725 saeculum.
3220 3666 3551 3723 Auxiliatus

1898 3766 1985 3818 est
2013 3760 2367 3824 etvisitavit,
2401 3764 2466 3814 ut
2494 3774 2725 3814 memor
2741 3762 2893 3814 esset
2915 3756 3331 3813 misericordiae
3357 3756 3417 3810 in
3445 3772 3555 3811 see-

1898 3852 2097 3906 culum
2127 3866 2139 3904 :
2174 3850 2296 3904 sive
2328 3847 2754 3904 misericordiae
2807 3846 3206 3918 sempiternae,
3240 3845 3554 3902 continuae.

1902 3941 2061 3996 Sicut
2113 3938 2348 3993 locutus
2409 3942 2516 4002 est,
2587 3938 2737 3992 sicut
2792 3934 3168 3991 annuntiavit
3223 3935 3300 3989 ad
3353 3936 3554 4005 patres

1898 4034 2158 4083 nostros.
2194 4026 2411 4081 Deinde
2443 4026 2579 4080 dicit
2610 4025 2810 4092 etiam,
2842 4022 3063 4095 quibus
3102 4022 3335 4078 locutus
3364 4026 3452 4077 est
3481 4020 3557 4077 de

1900 4118 2001 4189 huj
2016 4114 2247 4172 usmodi
2266 4113 2671 4170 misericordia
2683 4155 2698 4179 ,
2722 4113 2889 4185 quod
2905 4110 3491 4168 videlicetAbraham
3503 4116 3560 4168 et

1903 4206 2112 4262 semini
2160 4206 2309 4277 ejus,
2381 4203 2602 4260 scilicet
2661 4204 2826 4259 Isaac
2880 4206 2935 4257 et
2989 4200 3177 4257 Jacob
3233 4218 3246 4254 :
3301 4200 3560 4272 profecto

1903 4300 1958 4351 et
1997 4293 2209 4350 David.
2256 4294 2352 4349 His
2399 4293 2580 4358 enim,
2638 4297 2835 4364 utpote
2891 4290 3149 4346 maxime
3200 4289 3559 4361 insignibus,

1904 4383 2274 4453 aenigmatice
2291 4389 2344 4438 et
2359 4382 2432 4437 de
2453 4382 2567 4437 hoc
2580 4381 2905 4437 annuntiav
2916 4379 2978 4435 it.
3005 4379 3405 4436 Misericordia
3418 4394 3561 4435 vero

191 4470 351 4525 αἰῶνα
411 4476 441 4533 ἠ
504 4476 615 4526 θεία
668 4474 1075 4547 ἐνανθρὼπησις,
1125 4478 1189 4535 ὡς
1247 4471 1319 4527 δι’
1368 4474 1499 4527 ἔλεον
1556 4484 1655 4526 τῶν
1715 4473 1790 4525 ἆν-

1909 4472 2133 4539 dicitur,
2149 4472 2341 4527 incarn
2350 4471 2470 4527 atio
2482 4471 2708 4534 divina,
2728 4474 2931 4541 utpote
2947 4484 3054 4540 per
3066 4467 3561 4529 misericordiam,

195 4560 408 4632 θρώπων
480 4566 813 4635 γεγενημένη,
890 4562 945 4614 ἐκ
1022 4568 1310 4639 σπέρματος
1396 4562 1634 4636 Ἀϐραὰμ
1708 4566 1797 4614 καὶ

193 4656 292 4698 τῶν
351 4652 628 4725 εἰρημένων
686 4654 808 4703 υἱῶν
860 4657 949 4704 καὶ
1013 4651 1231 4723 ἐκγὸνων
1287 4652 1468 4721 αὐτοῦ,
1514 4654 1650 4703 κατα
1703 4656 1797 4709 τὴν

196 4740 323 4805 πρὸς
356 4742 511 4793 αὐτού
522 4762 543 4803 ς
577 4740 903 4813 ἐπαγγελίαν.
1046 4810 1049 4811 ν

273 4826 556 4902 Ἀπορήσει
610 4826 669 4882 δέ
723 4850 822 4893 τις,
882 4839 992 4891 πῶς
1043 4829 1340 4883 ἀντελάϐετο
1395 4838 1487 4882 τοῦ
1536 4829 1798 4903 Ἰσραηλι-

197 4922 346 4966 uxor)
401 4916 527 4969 λαοῦ
581 4920 606 4969 6
665 4923 787 4979 Θεὸς
843 4917 891 4971 ἐν
942 4928 1015 4990 τῷ
1068 4921 1366 4992 μνησθῆναι
1413 4926 1503 4972 τοῦ
1559 4919 1797 4993 ῥηθέντος

198 5001 366 5067 ἐλέους
418 5023 431 5073 ;
481 5016 579 5058 τῶν
652 5015 980 5080 Χριστιανῶν
1050 5013 1150 5085 γὰρ
1222 5008 1410 5080 μᾶλλον
1474 5006 1794 5073 ἀντελάϐετο,

196 5096 284 5142 καὶ
336 5094 393 5145 οὗ
452 5103 549 5147 τῶν
605 5092 897 5154 Ἰουδαίων,
975 5101 1112 5169 Πρὸς
1171 5097 1224 5149 ὃν
1282 5096 1666 5172 ἁπόκρινόμεθα
1720 5099 1799 5148 ὅτι

196 5180 417 5245 παλαιὸς
475 5187 564 5255 μὲν
604 5184 820 5257 Ἰσραὴλ
875 5187 901 5237 6
956 5186 1171 5247 παλαιὸς
1224 5186 1363 5247 λαός
1424 5190 1531 5246 νέος
1590 5183 1648 5238 δὲ
1696 5187 1801 5239 Ἰσ-

197 5270 331 5341 ραὴλ
393 5275 418 5325 6
475 5276 581 5335 νέος
639 5273 782 5342 λαός,
840 5276 865 5325 6
935 5274 1300 5346 ἁντεισαχθείς
1357 5274 1570 5343 ἐκείνου,
1629 5279 1801 5327 τουτέο

201 5376 313 5411 στιν
354 5364 378 5413 6
427 5366 817 5436 Χριστιανικὸς,
871 5365 897 5415 6
955 5363 1009 5415 ἐκ
1071 5368 1260 5427 παντὸς
1316 5366 1488 5425 ἔθνους
1534 5369 1805 5437 συγκείμε-

200 5464 305 5507 νος.
346 5453 537 5506 Τοῦτον
587 5452 674 5504 οὖν
719 5455 807 5504 τὸν
854 5452 1062 5524 Ἰσραὴλ
1100 5452 1321 5506 ἐνταῦθα
1367 5458 1573 5510 νόησον.
1631 5453 1695 5507 Εἰ
1747 5450 1805 5505 δὲ

201 5541 289 5588 καὶ
344 5545 429 5592 τὸν
480 5539 700 5593 παλαιὸν
752 5546 966 5612 νοήσῃς,
1014 5542 1237 5602 σώζεται
1289 5547 1379 5594 καὶ
1422 5542 1584 5604 οὕτως
1641 5544 1666 5593 6
1723 5542 1803 5594 λό-

276 5687 428 5746 Psal.
463 5707 559 5759 cu,
591 5695 674 5746 t7.
753 5694 772 5727 ⁷
806 5696 945 5762 Heg.
980 5708 1041 5757 11,
1076 5694 1126 5746 7.

492 5788 710 5844 PATROL
749 5789 852 5845 Gn.
896 5789 1118 5846 CXXIX
1130 5833 1142 5845 .

1899 4562 2044 4634 quia
2064 4560 2342 4617 misertus
2362 4565 2451 4616 est
2478 4558 3015 4624 Deus,hominibus
3039 4557 3199 4612 facta
3229 4571 3302 4612 ex
3332 4554 3565 4610 semine

1900 4651 2203 4707 Abraham
2236 4650 2653 4720 dictorumque
2676 4646 2960 4709 ﬁliorum,
2988 4661 3059 4701 ac
3080 4645 3159 4701 ab
3186 4660 3258 4701 eo
3280 4644 3559 4716 progeni-

1901 4746 2121 4805 torum,
2151 4740 2325 4811 juxta
2353 4736 2823 4809 promissionem
2862 4734 2940 4790 ad
2972 4749 3074 4790 eos
3104 4733 3350 4789 factam.

1976 4827 2285 4884 Dubitabit
2313 4827 2553 4898 aliquis,
2582 4823 2890 4897 quomodo
2946 4822 3266 4879 auxiliatus
3306 4822 3383 4877 sit
3407 4819 3568 4875 Deus

1905 4917 2221 4973 Israelitico
2245 4914 2490 4987 populo,
2523 4918 2587 4969 ut
2608 4926 2840 4968 memor
2859 4914 3015 4968 esset
3037 4910 3212 4966 dictae
3236 4908 3569 4965 misericor-

1907 5006 2059 5061 diae?
2074 5002 2421 5059 Christianis
2434 5016 2698 5073 namque
2711 5001 2911 5073 potius
2924 4998 3243 5055 auxiliatus
3261 5003 3365 5063 est,
3381 5011 3570 5070 quam

1906 5094 2153 5151 Iudaeis.
2182 5093 2283 5148 Cui
2310 5091 2758 5162 respondemus,
2791 5089 2957 5161 quod
2986 5092 3161 5145 vetus
3194 5087 3378 5145 Israel
3418 5086 3574 5143 anti-

1908 5201 2065 5257 quus
2086 5188 2176 5237 est
2195 5181 2456 5254 populus
2479 5197 2499 5247 ;'
2514 5195 2707 5236 novus
2724 5185 2923 5236 autem
2945 5178 3146 5242 Israel,
3167 5193 3356 5234 novus
3383 5191 3576 5249 popu-

1908 5273 2003 5329 lus
2034 5288 2142 5345 pro
2173 5271 2271 5326 illo
2301 5272 2606 5334 inductus,
2647 5269 2762 5324 hoc
2792 5273 2904 5332 est,
2937 5267 3329 5333 Christianus,
3370 5266 3475 5338 qui
3502 5280 3577 5321 ex

1911 5362 2079 5419 omni
2096 5366 2270 5431 gente
2292 5359 2558 5415 consistit
2581 5376 2595 5425 ;
2623 5359 2785 5413 hunc
2802 5372 2945 5426 ergo
2968 5355 3152 5412 Israel
3166 5356 3264 5412 hic
3288 5354 3570 5425 intelligo.

1917 5451 2139 5518 Quodsi
2152 5450 2332 5505 etiam
2345 5454 2606 5504 veterem
2626 5446 3009 5517 intellexeris,
3029 5445 3110 5502 ita
3121 5460 3367 5518 quoque
3382 5458 3581 5499 sermo

1918 5539 2248 5598 constabit:
2270 5543 2511 5610 propter
2530 5536 2700 5593 illum
2721 5536 2882 5593 enim
2898 5534 3286 5608 potissimum
3308 5536 3584 5590 incarna-

3237 5781 3307 5833 28
