4170 6364
575 253 676 318 871

1904 253 2250 317 EUTHYMII
2289 254 2622 318 ZIGABENI

3881 259 4005 317 872

648 387 818 444 Vers.
855 386 945 443 39.
977 387 1302 458 Exsurgens
1331 419 1398 428 —
1436 386 1600 443 Iuda.
1645 388 1921 442 Montana
1977 390 2102 443 erat
2142 389 2207 442 Ju

2416 389 2722 443 Ἀναστᾶσα
2770 420 2835 428 —
2886 385 3081 444 Ἰούδα.
3136 389 3194 442 Ἠ
3257 387 3451 461 ὀρεινὴ,
3506 387 3660 448 πόλις
3739 383 3815 444 ἦν
3893 396 4002 446 τῆς

575 474 721 531 datae
745 476 971 541 civitas,
1004 477 1063 531 in
1094 493 1216 548 qua
1245 476 1555 532 habitabat
1603 475 1911 531 Elizabeth.
1947 476 2103 530 Abiit
2132 492 2234 530 au-

574 573 694 626 tem
726 563 865 621 illuc
907 565 1111 620 divino
1153 581 1466 636 praegnans
1509 565 1748 637 Spiritu,
1800 569 1863 619 ut
1903 564 2125 620 infante
2173 565 2234 620 in

577 659 744 711 utero
815 653 1111 709 Elizabeth
1175 654 1520 724 exsultante,
1576 658 1630 710 et
1676 653 1773 709 illa
1815 653 2229 726 prophetante,

574 741 864 813 majorem
891 742 1185 815 acciperet
1213 742 1653 799 celsitudinem.

647 921 806 976 Vers.
859 923 946 976 40.
995 921 1072 976 Et
1117 921 1345 976 intravit
1383 920 1794 976 —Elizabe¢h.
1827 918 2223 992 compellavit,

576 1013 641 1064 ut
671 1009 854 1064 moris
884 1016 1030 1065 erat.

645 1099 808 1152 Vers.
836 1097 930 1154 41.
965 1099 1038 1154 Et
1059 1099 1264 1169 factum
1299 1130 1366 1140 —
1394 1099 1526 1170 ejus.
1583 1097 1841 1156 Christus
1878 1097 2118 1169 quidem
2148 1097 2225 1153 lo-

572 1190 746 1242 cutus
799 1191 887 1242 est
943 1202 1048 1258 per
1111 1203 1177 1244 os
1226 1203 1348 1243 suae
1404 1188 1592 1246 Matris
1641 1203 1654 1242 :
1708 1187 1962 1243 Joannes
2027 1193 2226 1242 autem

572 1275 802 1331 audivit
831 1292 936 1347 per
950 1292 1124 1334 aures
1151 1293 1274 1332 suae
1298 1279 1499 1333 matris
1529 1295 1541 1332 :
1569 1278 1841 1349 etagnito
1871 1281 2225 1348 supernatu-

570 1365 769 1421 raliter
793 1366 1045 1422 Domino
1077 1383 1208 1436 suo,
1225 1367 1618 1424 exsultatione
1644 1367 1809 1422 illum
1833 1365 2178 1438 praedicavit
2208 1384 2222 1434 ;

572 1453 768 1508 infans
799 1455 976 1521 enim,
1017 1457 1120 1528 qui
1147 1455 1207 1510 in
1237 1462 1403 1512 utero
1429 1456 1728 1512 ferebatur
1785 1455 2059 1525 Virginis,
2092 1471 2225 1527 pro-

569 1542 806 1614 phetica
835 1544 1030 1599 statim
1057 1545 1247 1614 gratia
1267 1545 1513 1602 donavit
1531 1545 1958 1617 infantem,qui
1983 1545 2041 1600 in
2064 1550 2224 1602 utero

569 1631 914 1699 gestabatur
943 1633 1171 1688 sterilis.

639 1719 806 1778 Vers.
833 1722 926 1777 41.
960 1723 1037 1777 Et
1066 1722 1286 1794 impleta
1321 1753 1390 1762 --
1424 1724 1576 1778 Vers.
1609 1724 1697 1778 42.
1739 1722 1944 1777 ventris
1995 1723 2100 1778 tui.

563 1809 785 1866 infante
839 1811 943 1882 qui
1004 1817 1129 1868 erat
1209 1811 1271 1866 in
1318 1812 1519 1876 sterili,
1597 1812 1955 1884 praedicatur
2027 1810 2222 1866 infans

566 1899 825 1969 qui‘erat
853 1899 913 1953 in
961 1900 1192 1969 Virgine
1220 1919 1232 1956 :
1269 1917 1306 1956 a
1376 1901 1554 1956 sterili
1593 1916 1732 1956 vero
1765 1901 1959 1970 Virgo.
1989 1900 2220 1956 Christo

563 1987 854 2056 siquidem
879 1987 1133 2043 revelato
1164 1989 1236 2053 ei,
1267 1990 1369 2060 qui
1393 1989 1452 2043 in
1487 1993 1650 2045 utero
1684 1989 1979 2044 Elizabeth
2009 1988 2220 2060 imple-

562 2079 662 2130 tus
687 2080 812 2130 erat
839 2075 1056 2147 Spiritu
1097 2082 1327 2143 sancto,
1363 2077 1643 2149 impletur
1681 2083 1737 2132 et
1779 2077 1949 2148 ipsa:
1985 2082 2040 2132 et
2081 2093 2218 2148 qua:

561 2164 918 2236 prophetam
940 2165 1002 2220 in
1024 2171 1188 2220 utero
1218 2166 1490 2237 gestabat
1516 2167 1693 2221 etiam
1743 2164 2114 2231 vaticinatur,
2148 2181 2217 2221 ac

561 2252 854 2310 benedicit
883 2260 939 2310 et
961 2255 1262 2324 Virginem
1293 2261 1348 2310 et
1374 2256 1632 2311 fructum
1676 2254 1898 2310 ventris
1941 2254 2215 2324 Virginis.

630 2430 799 2488 Vers.
838 2435 932 2489 43.
957 2433 1036 2489 Et
1066 2433 1225 2489 unde
1251 2463 1318 2474 —
1345 2434 1427 2490 ad
1445 2449 1535 2490 me
1558 2435 1586 2487 .9
1618 2434 1781 2490 Unde
1799 2432 1941 2488 mihi
1973 2447 2067 2488 res
2085 2432 2216 2489 haec

556 2520 867 2594 inopinata
885 2522 912 2576 τί
936 2523 1096 2579 Sicut
1122 2524 1281 2578 enim
1306 2524 1691 2594 postmodum
1711 2522 1866 2578 ﬁlius
1886 2521 2211 2589 Elizabeth,

557 2611 824 2667 veniente
850 2613 927 2668 ad
948 2613 1147 2683 ipsum
1169 2613 1744 2683 Christo,indignum
1768 2629 1828 2669 se
1855 2613 1959 2670 tali
1981 2613 2210 2668 Domini

559 2714 806 2754 accessu
836 2700 1092 2766 dicebat,
1128 2701 1210 2755 ita
1239 2717 1482 2773 quoque
1515 2718 1667 2758 nunc
1697 2706 1886 2758 mater
1908 2702 2102 2774 ipsius
2127 2702 2214 2758 in-

555 2785 804 2857 dignam
830 2803 963 2844 sese
987 2789 1201 2846 fatetur
1225 2789 1358 2845 talis
1389 2789 1651 2845 dominas
1679 2806 1946 2846 accessu.
1972 2792 2211 2846 Matrem

555 2879 756 2930 autem
795 2876 971 2932 etiam
986 2883 1120 2932 ante
1145 2883 1384 2949 partum
1403 2893 1537 2933 eam
1560 2877 1909 2944 nominavit,
1935 2883 1990 2933 et
2013 2878 2212 2934 Domi-

554 2977 700 3018 num
742 2979 900 3032 eum,
950 2966 1054 3036 qui
1081 2981 1149 3020 ex
1178 2965 1277 3021 illa
1321 2967 1655 3022 nasciturus
1702 2971 1870 3022 erat:
1923 2970 2209 3022 attestans

2343 475 2624 546 Ἰουδαίας,
2660 477 2707 528 ἐν
2752 478 2813 550 τῇ
2848 482 2968 549 ᾤκει
3015 480 3045 535 ἡ
3081 476 3372 551 Ἐλισοίϐετ.
3427 476 3659 535 Ἀπῆλθε
3713 471 3788 526 δὲ
3854 474 3994 534 ἐκεῖ,

2345 569 2460 638 θείῳ
2533 570 2794 638 Πνεύριατι
3053 569 3346 630 κινηθεῖσα,
3422 567 3501 617 ἵνα
3569 569 3998 637 σκιρτῆσαι-ξος

2339 659 2428 728 μὲν
2486 663 2578 708 τοῦ
2633 655 2854 728 βρέφους
2907 655 2955 706 ἐν
3006 664 3066 728 τῇ
3122 655 3296 728 κοιλίᾳ
3344 663 3441 715 τῆς
3487 653 3799 719 Ἐλισιίϐετ,
3841 674 3994 727 προ-

2341 709 2682 816 ρητευσάσης
2739 709 2809 797 ,δὲ
2882 749 2971 796 καὶ
3041 715 3225 811 αὐτῆς,
3272 712 3504 806 ,δέξηται
3563 742 3795 795 πλείονα
3864 709 3989 813 (έϐλ
4097 729 4116 934 ι

2341 833 2711 907 πληροφορίαν.
4123 819 4125 934 l

2337 833 2711 907 πληροφορίαν.

2410 945 2510 992 Καὶ
2567 938 2797 997 εἰσῆλθεν
2871 969 2940 979 —
3016 937 3284 992 Ελισάϐετ.
3365 941 3852 1010 Προσηγὸρευσεν,
3913 940 3988 999 ὡς

2337 1029 2467 1088 ἓθὸς.

2410 1138 2509 1185 Καὶ
2562 1131 2754 1204 ἐγένετο
2808 1164 2875 1172 -
2930 1131 3110 1193 αὐτῆς.
3168 1133 3227 1185 Ὀ
3273 1136 3363 1205 μὶν
3408 1135 3640 1206 Χριστὸς
3702 1131 3980 1203 ἐφθέγξα-

2333 1238 2389 1271 το
2429 1216 2521 1271 διὰ
2565 1229 2656 1272 τοῦ
2697 1226 2956 1292 στόματος
2984 1230 3075 1282 τῆς
3107 1219 3250 1283 ίὸίας
3290 1227 3507 1294 μητρός·
3550 1223 3576 1272 ὁ
3607 1218 3670 1273 δὲ
3705 1221 3981 1282 Ἰωάννης

2333 1313 2527 1366 ἤκουσε
2579 1307 2672 1362 διὰ
2714 1319 2813 1362 τῶν
2864 1315 3006 1362 ὤτων
3039 1318 3130 1372 τῆς
3181 1311 3370 1371 οἰκείας
3419 1314 3637 1384 μητρὸς,
3691 1315 3793 1363 καὶ
3858 1310 3976 1362 ἐπι-

2332 1403 2482 1466 γνοὺς
2533 1399 2805 1474 ὑπερφυῶς
2861 1403 2947 1451 τὸν
3029 1399 3214 1452 ἑαυτοῦ
3281 1403 3564 1467 Δεσπότην,
3634 1397 3976 1471 ἀνεκήρυξε-ν

2333 1488 2487 1538 αὐτὸν
2553 1497 2624 1558 τῷ
2680 1493 3016 1561 σκιρτήματι.
3090 1491 3158 1543 Τὸ
3213 1491 3314 1562 γὰρ
3386 1488 3433 1541 ἐν
3503 1497 3563 1560 τῇ
3624 1490 3816 1561 κοιλίᾳ
3878 1498 3977 1551 τῆς

2333 1578 2594 1649 Παρθένου
2649 1575 2839 1649 βρέφος
2896 1578 3080 1630 αὐτίκα
3141 1583 3464 1652 προφητικὴν
3530 1581 3695 1650 χάριν
3747 1575 3974 1652 ἐδωρέ-

2334 1684 2462 1718 σατο
2492 1673 2563 1734 τῷ
2591 1663 2638 1716 ἐν
2669 1674 2730 1738 τῇ
2760 1665 2932 1737 κοιλίᾳ
2957 1673 3050 1728 τῆς
3079 1672 3285 1740 στείρας
3316 1665 3515 1742 βρέφει.

2133 1722 2222 1829 ‘éb
2253 1742 2299 1799 Β
2404 1760 2501 1807 Καὶ
2534 1722 2796 1812 ⁸ἐπλήσθη
2971 1722 3364 1817 κοιλίαςισοῦ..
3399 1722 3549 1829 llatde
3611 1759 3706 1828 μεν
3755 1766 3862 1808 τοῦ
3917 1757 3967 1809 ἐν

2329 1851 2391 1916 τῇ
2452 1848 2630 1917 στείρα
2680 1841 2906 1916 βρέφους
2961 1842 3371 1920 ἀνακηρύττεται
3419 1848 3477 1896 τὸ
3531 1844 3579 1896 ἐν
3745 1849 3964 1917 Παρθί-

2328 1951 2397 2002 νῳ
2481 1930 2689 2005 βρέφοςο
2769 1935 2914 2006 παρὰ
2981 1929 3040 1985 δὲ
3111 1942 3207 1994 τῆς
3271 1939 3480 2008 στείρας
3547 1936 3578 1992 ἡ
3655 1938 3958 2006 Παρθένος.

2333 2025 2432 2072 Καὶ
2494 2022 2606 2092 ('27)
2675 2023 2799 2093 γὰρ,
2872 2030 2963 2073 τοῦ
3033 2021 3448 2095 ἐγκεκρυμμένον
3508 2032 3570 2096 τῇ
3631 2020 3802 2081 νηὸὒι
3863 2033 3960 2085 τῆς

2331 2108 2598 2162 Ἐλισάϐετ
2655 2109 2974 2173 πλησθίντος
3049 2114 3343 2183 Πνεύματος
3409 2111 3582 2182 ἁγίου,
3638 2112 3960 2184 πίμπλαται

2327 2203 2416 2250 καὶ
2464 2198 2617 2265 αὐτὴ,
2668 2204 2758 2250 καὶ
2805 2199 3023 2272 εὐφημεῖ
3067 2205 3157 2252 καὶ
3216 2205 3309 2257 τὴν
3362 2203 3636 2274 Παρθένον,
3698 2208 3798 2254 καὶ
3862 2208 3955 2254 τόν

2328 2291 2525 2360 καρπὸν
2551 2295 2640 2348 τῆς
2669 2288 2870 2350 κοιλίας
2893 2297 2989 2350 τῆς
3018 2291 3302 2364 Παρθένου.

2400 2399 2499 2447 Καὶ
2533 2396 2684 2448 πόθεν
2718 2427 2783 2435 -
2833 2400 2959 2470 πρὸς
3012 2415 3074 2468 με
3111 2412 3124 2463 ;
3173 2397 3334 2448 Πόθεν
3383 2415 3473 2468 μοι
3517 2402 3670 2448 τοῦτο
3715 2401 3780 2448 τὸ
3840 2419 3946 2449 πα-

2323 2480 2546 2558 ράδοξον
2593 2501 2606 2549 ;
2647 2483 2846 2558 Ὠσπερ
2893 2481 2952 2536 δὲ
2991 2485 3208 2560 ὕστερον
3260 2486 3285 2537 ὁ
3339 2487 3445 2546 υίὸς
3495 2493 3590 2547 τῆς
3637 2486 3943 2557 Ἐλισάϐετ,

2323 2573 2553 2634 ἐλθόντος

2324 2672 2418 2724 τῆς
2463 2666 2707 2724 τοιαύτης
2754 2659 3036 2734 ἐπιδημίας
3101 2671 3192 2714 τοῦ
3242 2667 3503 2715 Δεσπότου
3552 2663 3730 2736 ἔλεγεν.
3792 2667 3931 2716 οὕτω

2629 2582 2718 2626 τοῦ
2773 2581 3009 2646 Χριστοῦ
3067 2578 3193 2648 πρὸς
3252 2574 3431 2640 αὐτὸν,
3487 2574 3694 2637 ἀνάξιον
3750 2576 3940 2628 ἑαυτὸν

2321 2758 2409 2804 καὶ
2457 2761 2543 2804 νῦν
2588 2754 2616 2810 ἡ
2677 2757 2852 2826 μήτηρ
2905 2752 3061 2804 αὑτοῦ
3111 2751 3321 2814 ἀναξίαν
3371 2753 3559 2811 ἑαυτήν
3608 2763 3692 2814 τῆς
3740 2758 3920 2804 τοιαῦ-

2321 2861 2415 2901 της
2471 2837 2755 2913 ἐπιδημίας
2807 2849 2897 2901 τῆς
2951 2838 3233 2903 δεσποίνης
3281 2842 3538 2914 ὁμολογεῖ.
3601 2847 3794 2913 Μητέρα
3844 2838 3904 2893 δὲ

2319 2932 2512 2987 ταύτην
2540 2930 2775 3002 ὠνόμασε
2812 2935 2901 2982 καὶ
2952 2933 3053 3005 πρὸ
3108 2938 3200 2982 τοῦ
3250 2936 3426 2998 τόκου,
3457 2937 3546 2983 καὶ
3600 2935 3779 3005 Κύριον
3829 2935 3910 2982 τόν

553 3052 749 3122 angeli
771 3054 987 3120 verbis,
1019 3054 1201 3126 idque
1240 3054 1526 3120 efﬁciens,
1564 3061 1624 3110 ut
1653 3054 2030 3111 sermonibus
2079 3056 2207 3126 ejus

2324 3018 2372 3080 ἓξ
2402 3019 2560 3078 αὐτῆς
2596 3022 2904 3089 γεννηθῆναι
2958 3019 3224 3090 μέλλοντα,
3279 3027 3623 3095 μαρτυροῦσα
3671 3028 3780 3081 τοῖς
3832 3029 3924 3072 τοῦ

2324 3106 2538 3142 eum-3....
2591 3107 2766 3142 nm...
2843 3113 2928 3142 .m:
3000 3107 3330 3142 n.e-.....'.....
3389 3109 3518 3142 ...ξφα
3589 3115 3770 3142 mu.-."
3830 3130 3902 3142 ..-

560 3106 588 3109 η
638 3106 729 3122 em
1019 3106 1196 3126 -ηη
1247 3106 1526 3120 --------.
1568 3106 1621 3110 -τ
1653 3106 2026 3111 η---ν---π
2085 3106 2204 3126 -.--

550 3140 784 3198 ﬁrmius
815 3143 986 3215 Virgo
1007 3144 1290 3201 crederet.

2324 3106 2538 3178 ἀγγέλου
2591 3107 2784 3178 λόγοις,
2843 3113 2933 3160 καὶ
2995 3107 3330 3184 βεϐαιοτέραν
3387 3109 3518 3181 αὐτῇ
3589 3115 3770 3161 πίστιν
3830 3130 3926 3162 πα-

2315 3200 2478 3269 ρίχου
2490 3216 2576 3248 σα.

2381 3301 2526 3356 Ἰδοὺ
2574 3306 2675 3376 γὰρ
2725 3335 2793 3344 --
2847 3324 2969 3376 μου.
3028 3304 3105 3358 Ἐν
3165 3303 3491 3376 ἀγαλλιάσει,
3539 3307 3608 3368 ὡς
3665 3308 3921 3380 αἰσθόμε-

623 3323 781 3380 Vers.
809 3326 896 3380 45.
916 3325 1068 3381 Ecce
1092 3325 1245 3381 enim
1278 3355 1344 3365 —
1391 3338 1532 3380 meo.
1564 3322 1690 3378 Prae
1721 3322 1964 3392 gaudio,
1998 3327 2204 3396 utpote

2311 3413 2394 3445 νον
2452 3389 2559 3451 ἤδη
2618 3401 2708 3454 τῆς
2759 3398 3018 3468 σωτηρίας
3083 3402 3180 3446 τῶν
3249 3393 3552 3467 ἀνθρώπων,
3612 3400 3701 3447 καὶ
3756 3395 3925 3467 ἀγαλ-

545 3415 803 3470 sentiens
827 3414 956 3485 jam
982 3413 1299 3472 hominum
1326 3413 1598 3484 salutem,
1630 3429 1700 3470 ac
1717 3413 1792 3469 de
1817 3428 1884 3469 ea
1906 3414 2197 3485 gaudens.

2309 3481 2550 3556 λιώμενον
2582 3481 2660 3535 ἐπ’
2689 3483 2820 3554 αὐτῇ
2833 3522 2845 3534 .

2383 3595 2483 3642 Καὶ
2521 3594 2758 3664 μακαρία
2797 3621 2864 3631 —
2919 3594 3132 3666 Κυρίου.
3186 3591 3480 3664 Μακαρίζει
3532 3595 3627 3648 τὴν
3681 3597 3913 3665 Μαρίαν,

2308 3682 2372 3741 ὡς
2428 3681 2787 3731 πιστεύσασαν
2842 3685 2947 3739 τοῖς
3018 3678 3373 3751 λελαλημένοις
3421 3679 3548 3752 αὐτῇ
3607 3683 3755 3753 παρὰ
3809 3682 3918 3735 Κυ-

2305 3773 2421 3843 ρίου
2473 3764 2567 3820 διὰ
2622 3776 2714 3820 τοῦ
2787 3765 3028 3839 ἀγγέλου.
3091 3772 3325 3842 Προέγνω
3394 3771 3495 3842 γὰρ
3550 3771 3581 3826 ἱ)
3634 3769 3917 3824 Ἐλισοξϐετ

2306 3862 2394 3909 καὶ
2451 3859 2518 3909 τὰ
2580 3856 2913 3928 λελαλημένα,
2973 3861 3063 3909 καὶ
3133 3859 3212 3910 ὃτι
3268 3861 3605 3910 πεπίστευκεν
3655 3859 3829 3919 αὐτοῖς
3882 3862 3911 3919 1';

615 3613 773 3666 Vers.
800 3609 990 3666 45.Et
1027 3611 1198 3668 beata
1227 3641 1296 3650 —
1334 3610 1578 3667 Domino
1621 3611 1863 3667 Beatam
1914 3610 2201 3683 praedicat

542 3697 813 3766 Mariam,
841 3715 975 3772 quas
1003 3699 1094 3755 his
1116 3699 1295 3756 ﬁdem
1321 3699 1597 3755 habuerit
1613 3716 1744 3772 quae
1759 3699 1870 3756 sibi
1892 3716 1928 3756 a
1949 3702 2200 3757 Domino

540 3805 648 3861 per
667 3789 950 3861 angelum
979 3789 1141 3846 dicta
1166 3799 1324 3845 sunt.
1354 3789 1767 3860 Praecognovit
1817 3790 1975 3845 enim
2006 3790 2196 3847 Eliza-

538 3878 682 3935 beth
712 3883 889 3936 etiam
920 3896 1010 3950 ea,
1046 3896 1180 3952 quae
1215 3880 1373 3936 dicta
1419 3887 1602 3947 erant,
1636 3881 1859 3952 etquod
1879 3880 2055 3952 Virgo
2077 3897 2194 3937 cre~

538 3967 786 4025 diderat.
815 3971 1019 4042 Itaque
1045 3969 1180 4025 alias
1219 3985 1459 4041 quoque
1487 3969 1711 4025 steriles
1755 3976 2104 4040 genuerant,
2137 3976 2200 4026 at

537 4073 844 4130 nunquam
875 4075 1081 4114 earum
1117 4058 1312 4115 infans
1366 4060 1707 4131 pr0phetica
1745 4062 1936 4129 gratia
1975 4060 2195 4131 dignus

533 4146 774 4202 habitus
803 4147 1011 4212 fuerat,
1045 4164 1178 4203 cum
1206 4149 1404 4204 adhuc
1429 4149 1490 4203 in
1508 4154 1675 4204 utero
1701 4151 1904 4205 matris
1936 4153 2196 4218 gestare-

537 4240 650 4292 tur.
679 4237 852 4292 Facta
877 4240 1018 4291 sunt
1041 4251 1182 4306 ergo
1197 4237 1356 4293 circa
1366 4237 1522 4294 hanc
1538 4237 1792 4294 sterilem
1813 4237 2190 4305 admiranda,

535 4329 600 4381 ut
639 4324 820 4380 etiam
863 4325 1261 4393 crederentur,
1307 4342 1443 4398 quis
1469 4327 1626 4384 circa
1673 4327 1829 4384 hanc
1876 4326 2031 4384 facta
2052 4333 2191 4384 sunt

535 4413 835 4485 Virginem
865 4414 1124 4471 maxime
1151 4417 1644 4487 supernaturalia.

602 4503 770 4559 Vers.
808 4507 875 4560 46
900 4504 1496 4563 Emit—Dominum.
1531 4506 1905 4576 Magni/teat,
1928 4507 2041 4563 hoc
2078 4510 2185 4575 est,

529 4591 850 4661 Benedicit,
896 4593 1206 4664 glorificat.
1241 4594 1339 4650 Est
1361 4600 1560 4652 autem
1595 4596 1691 4652 hic
1719 4612 1918 4653 sermo
1944 4597 2184 4653 creden-

529 4681 605 4738 tis
633 4697 704 4738 ac
727 4684 948 4753 gratias
979 4683 1238 4753 agentis.

600 4770 763 4826 Vers.
787 4772 973 4827 47.142:
1004 4773 1324 4829 exsultavit
1347 4805 1418 4814 —
1462 4774 1782 4831 Saluatore
1827 4789 1973 4832 meo.
2008 4775 2186 4848 Spiri—

526 4867 654 4920 tum
683 4879 886 4919 rursus
938 4863 1205 4921 animam
1247 4863 1520 4937 intellige.
1573 4866 1784 4922 Gavisa
1819 4873 1926 4934 est,
1971 4867 2182 4939 inquit,

526 4943 730 5010 anima
747 4970 882 5010 mea
903 4955 959 5009 in
988 4955 1126 5020 Deo,
1156 4955 1258 5029 qui
1291 4971 1384 5011 me
1415 4955 1644 5010 salvam
1677 4955 1807 5011 fecit
1836 4956 1998 5026 :jam
2021 4956 2183 5012 enim

524 5042 1165 5116 salvafactasum,qua=.
1181 5045 1354 5117 digna
1378 5043 1585 5100 habita
1601 5061 1736 5100 sum
1766 5051 1824 5100 ut
1845 5049 2046 5102 ﬁerem
2070 5048 2186 5102 Ma-

525 5135 611 5188 ter
623 5131 740 5186 Dei.
765 5131 985 5188 Deinde
1001 5134 1181 5191 etiam
1199 5148 1447 5192 causam
1467 5132 1629 5205 dicit,
1655 5150 1760 5190 cur
1781 5135 2004 5207 gratias
2020 5139 2177 5207 agat.

2307 3949 2584 4020 Παρθένος.
2646 3953 2846 4020 Στείραι
2904 3949 2994 4018 μὲν
3049 3942 3135 3998 οὖν
3190 3951 3279 3998 καὶ
3350 3945 3500 3998 ἄλλαι
3547 3954 3908 4019 γεγεννήκασι·

2306 4035 2491 4108 βρέφος
2543 4031 2602 4087 δὲ
2645 4031 2894 4087 οὐδέποτε
2941 4043 3266 4108 προφητικοῦ
3303 4040 3644 4109 χαρίσματος
3686 4038 3907 4103 ἠξιώθη,

2304 4126 2378 4176 ἔτι
2433 4123 2480 4174 ἐν
2545 4123 2717 4196 κοιλίᾳ
2768 4127 2965 4196 μητρὸς
3025 4123 3181 4175 αὐτοῦ
3226 4124 3339 4196 (28)
3406 4130 3700 4197 φερόμενον,
3759 4133 3912 4198 Γεγό-

2301 4232 2450 4266 νασιν
2508 4213 2595 4265 οὖν
2654 4215 2720 4264 τὰ
2769 4215 2903 4264 κατὰ
2952 4217 3046 4271 την
3109 4220 3314 4287 στεῖραν
3366 4216 3559 4270 ταύτην
3610 4213 3908 4288 παράδοξα,

2304 4305 2386 4356 ἵνα
2440 4303 2767 4355 πιστευθῶσι
2816 4306 2906 4354 καὶ
2959 4304 3023 4354 τὰ
3069 4305 3204 4355 κατὰ
3259 4307 3350 4362 τὴν
3411 4305 3660 4377 παρθένον
3715 4308 3906 4364 ταύτην

2302 4394 2721 4467 ὑπερφυέστατα.

2374 4496 2473 4544 Καὶ
2505 4488 2613 4543 εἶπε
2655 4521 2722 4530 -
2769 4492 2976 4564 Κύριον.
3009 4489 3291 4562 Μεγαλύνει
3335 4493 3364 4550 ἡ
3417 4489 3572 4564 ψυχή
3619 4511 3734 4564 μου,
3783 4511 3894 4543 του-

2299 4585 2495 4646 τέστιν,
2557 4579 2812 4652 Εὖφημεί,
2861 4576 3091 4642 δοξάζει.
3152 4583 3511 4644 Πιστενούσης
3561 4577 3614 4634 δὲ
3664 4581 3689 4630 ὀ
3742 4578 3884 4648 λόγος

2299 4666 2467 4736 οὗτος,
2503 4669 2668 4742 εῦχαρ
2681 4673 2915 4743 ιστήριος
2939 4670 3025 4722 ὧν.

2375 4781 2472 4829 Καὶ
2539 4775 2824 4847 ἠγαλλίασε
2890 4807 2960 4818 --
3043 4781 3243 4850 Σωτῆρί
3317 4797 3439 4849 μου.

2296 4867 2497 4938 ψυχὴν,
2552 4866 2704 4917 πάλιν
2752 4869 2959 4923 νόησον.
3021 4867 3251 4940 Ἐχάρη,
3296 4871 3473 4938 φησὶν,
3508 4868 3537 4925 ἡ
3589 4867 3743 4938 ψυχή
3801 4886 3897 4938 μου

2298 4957 2382 5009 ἐπὶ
2435 4964 2506 5026 τῷ
2570 4963 2682 5025 Θεῷ
2735 4963 2806 5025 τῷ
2868 4960 3098 5007 σώσαντί
3157 4974 3238 5028 με.
3292 4961 3568 5029 Σέσωσμαι
3621 4960 3720 5030 γαρ
3769 4954 3895 5027 ἤδη,

2297 5045 2581 5108 ἀξιωθεῖσα
2624 5046 2865 5116 γενέσθαι
2904 5049 3091 5119 Μήτηρ
3133 5051 3286 5098 Θεοῦ.
3331 5042 3460 5100 Εἶτα
3504 5045 3641 5117 λέγει
3679 5051 3770 5098 καὶ
3807 5051 3899 5105 τὴν

2299 5135 2468 5189 αἰτίαν
2494 5141 2555 5193 τῆ
2568 5153 2590 5196 ς
2619 5133 2983 5208 εὐχαριστίας.

3526 4785 3732 4849 Πνεῦμα
3801 4780 3890 4834 τὴν

1754 5297 1971 5367 Varias
1999 5299 2329 5370 lectiones
2360 5307 2427 5366 et
2456 5306 2658 5365 notas.

594 5463 706 5546 ςὲὲξ)
734 5469 814 5546 A_c
843 5463 893 5519 si
920 5466 1177 5546 au‘nOtha
1218 5465 1424 5538 legerit
1454 5467 1797 5546 Hentenjus.
1828 5468 1995 5546 Male.
2014 5541 2027 5546 _
2157 5541 2172 5546 _
2361 5468 2475 5546 (ξῖ)
2503 5467 2571 5546 In
2598 5466 2716 5524 alia
2741 5467 2973 5546 omnia_
2986 5467 3236 5527 discedit
3271 5469 3587 5546 interpres.

616 5468 706 5536 25)
734 5469 814 5521 Ac
843 5468 893 5519 si
920 5468 1177 5523 κυηθεῖσα
1218 5468 1424 5538 legerit
1454 5468 1797 5527 Hentenius.
1828 5468 1995 5527 Male.

616 5537 705 5605 26)
761 5540 1074 5611 Προφορίαν,
1121 5537 1251 5593 sine
1303 5554 1484 5594 sensu
1503 5540 1574 5596 A.
1640 5539 1959 5598 Hentenius
2012 5541 2178 5601 haud

616 5607 697 5650 min
712 5608 911 5650 unlnit,
944 5609 1345 5650 nprlihuﬂnnm

2361 5468 2448 5541 (27
2503 5468 2568 5524 In
2598 5468 2716 5524 alia
2741 5468 2952 5524 omnia
2986 5468 3236 5527 discedit
3271 5469 3587 5546 interpres.

2359 5468 2475 5614 (‘28;
2500 5538 2669 5593 Αὐτοῦ
2699 5539 2916 5597 omittit
2939 5540 3007 5600 B.

517 5605 697 5672 dubie
712 5605 918 5678 voluit,
937 5605 1366 5668 'certitudinem.
