4170 6364
125 339 246 393 8'73

1192 343 1556 399 COMMENT.
1605 340 1667 395 lN
1709 334 1974 390 LUCAM.
2014 366 2082 374 —
2121 334 2277 390 CAP.
2320 339 2361 391 Ι.

3425 338 3531 393 874

208 463 345 515 Ὀτι
396 495 463 504 -—-
505 464 683 518 αὐτοῦ.
741 463 862 516 Ἐπὶ
902 469 995 523 τὴν
1045 466 1311 521 εύτελειαν.
1369 474 1613 521 Ταπεινοί
1665 467 1766 537 γὰρ

1951 460 2113 514 Vers.
2148 460 2233 516 48.
2288 462 2431 525 Quia
2465 492 2529 502 -
2565 477 2699 518 suae.
2732 462 2822 518 Ad
2853 462 3200 519 utilitatem:
3261 464 3529 535 seipsam

1598 557 1627 615 ἡ
1678 556 1768 606 καὶ

132 638 239 692 δια
272 646 378 699 τὴν
416 647 726 695 ταπείνωσιν
765 651 860 703 τῆς
909 641 1232 716 ἀνθρωπίνης
1285 648 1479 717 φύσεως
1515 648 1583 707 ως
1638 648 1767 717 πρός

130 734 196 781 τὸ
241 730 383 800 ύψο,
417 739 509 791 τῆς
539 733 697 790 θείας.

210 815 373 871 Ἰδοὺ
410 852 479 861 --
513 825 701 891 γενεαί.
737 825 799 873 Αἱ
834 829 933 872 τῶν
960 827 1303 875 πιστευόντων
1336 820 1595 881 δηλονότι.

130 552 367 621 ἑαυτὴν,
437 556 502 615 ὡς
554 552 765 615 ἀναξίαν
824 553 1130 611 τηλικούτου
1178 558 1482 630 πράγματος
1531 570 1546 586 ⁸

208 1030 346 1083 "Oti
380 1064 456 1072 —
488 1028 728 1094 δυνατός.
764 1032 882 1085 ’Ὁτι
926 1032 1164 1091 ἐποίησεν
1216 1035 1286 1096 εἰς
1329 1034 1414 1107 ἐμὲ
1444 1036 1641 1107 μεγάλα
1674 1040 1763 1087 καὶ

130 1122 396 1195 ὑπερφυὴ
436 1122 705 1193 θαυμάσια
734 1123 760 1173 ό
790 1118 1007 1182 δυνατὸς
1039 1130 1198 1175 ποιεῖν
1240 1132 1476 1176 τοιαῦτα.

220 1339 335 1387 Καὶ
361 1335 519 1405 ἅγιον
548 1366 614 1374 -
638 1335 819 1390 αὐτοῦ.
858 1336 1165 1408 Ἐξαίρετον,
1191 1340 1343 1409 μέγα.

218 1425 333 1477 Καὶ
398 1428 461 1476 τό
515 1425 647 1486 ἕλεος
696 1456 763 1463 -
816 1425 994 1481 αὐτόν,
1052 1430 1121 1478 Τό
1184 1427 1274 1487 Εἰς
1319 1428 1492 1497 γενεὰν
1546 1431 1633 1478 καὶ
1678 1445 1764 1497 γε·

129 1512 281 1571 νεάν,
350 1517 450 1563 καὶ
512 1515 568 1563 τό
627 1512 714 1572 Εἰς
768 1516 938 1584 γενεὰς
988 1522 1191 1584 γενεῶν,
1261 1518 1350 1565 καὶ
1416 1516 1481 1566 τὰ
1550 1521 1767 1566 τοιαῦτα

129 1603 191 1650 τό
266 1600 386 1652 Ἀεὶ
446 1606 766 1670 σημαίνουσι
822 1602 945 1675 παρ’
998 1601 1278 1675 Ἑϐραίοις.
1354 1607 1507 1674 Λέγει
1574 1608 1762 1669 τοίνυν,

132 1690 221 1739 ὅτι
254 1694 355 1740 καὶ
417 1693 477 1740 τό
510 1689 639 1749 ἔλεος
686 1690 844 1742 αύτού
875 1689 953 1742 ἀεί
997 1689 1137 1743 ἐστιν
1183 1691 1232 1742 ἐν
1284 1700 1390 1754 τοῖς
1435 1691 1766 1764 φοϐουμένοις

133 1777 332 1848 αὐτὸν,
401 1780 563 1849 ὅμοια
615 1778 842 1848 λέγουσα
901 1788 973 1850 τῷ
1044 1776 1211 1832 Δαυὶδ
1281 1780 1532 1853 εἱρπκότι·
1583 1784 1652 1832 T6
1709 1778 1834 1854 6":3

136 1866 176 1879 μοι

132 1866 279 1926 ἕλεος
353 1875 454 1918 τοῦ
527 1872 719 1942 Κυρίου
793 1866 892 1920 ἀπὸ
964 1876 1054 1920 τού
1127 1868 1312 1930 αἰῶνος
1367 1874 1453 1921 καὶ
1522 1871 1614 1930 ἕως
1677 1876 1768 1921 τοῦ

137 1956 340 2017 αἰῶνος
417 1954 502 2009 ἐπὶ
569 1960 690 2019 τοὺς
760 1956 1105 2029 φοϐουμένους
1169 1958 1340 2011 αὐτόν.
1412 1960 1543 2013 Εἶτα
1611 1978 1768 2010 κατα-

135 2042 284 2113 λέγει
344 2049 443 2096 καὶ
497 2044 653 2106 ἄλλοις
715 2042 962 2118 δυνάμεις
1018 2054 1110 2098 τού
1170 2054 1323 2111 Θεοῦ,
1380 2048 1444 2107 ὡς
1496 2049 1609 2107 ἔθος
1660 2054 1770 2108 τοῖς

139 2131 600 2205 εὖχαριστούσιν.

218 2222 495 2278 Ἰἓποίησε
557 2254 621 2263 -
702 2223 880 2276 αὑτοῦ.
948 2224 1195 2282 Ἐποίησε
1266 2224 1552 2296 μεγαλεῖον,
1624 2224 1768 2277 ἐποί-

142 2330 248 2367 ησε
306 2316 466 2369 νίκην
515 2310 561 2363 ἐν
622 2308 840 2384 δυνάμει
892 2312 1071 2365 αὐτοῦ.
1128 2313 1185 2365 Ὀ
1230 2313 1474 2388 βραχίων
1528 2316 1628 2387 γὰρ
1688 2312 1769 2365 ἐν·-

142 2401 331 2451 ταῡθα
383 2405 479 2458 τὴν
538 2398 757 2473 δύναμιν
800 2406 1041 2473 σημαίνει
1075 2422 1087 2433 ·
1124 2398 1267 2455 διότι
1307 2405 1355 2455 οἱ
1400 2401 1771 2475 ἀγωνιζόμενοι

144 2487 196 2539 ἐν
230 2497 308 2559 τῷ
344 2488 604 2564 βραχίονι
634 2496 726 2549 τὴν
758 2488 979 2563 δύναμιν
1006 2493 1214 2563 ἔχουσι.

225 2724 609 2792 Διεσκόρπισεν
672 2752 739 2762 —-
802 2720 997 2775 αὐτῶν.
1077 2726 1210 2782 Τοὺς
1285 2723 1646 2796 ὑπερηφάνους
1725 2718 1773 2771 ἐν

144 2816 211 2879 τῇ
284 2805 504 2881 διανοίᾳ
549 2817 642 2870 τῆς
699 2806 920 2883 καρδίας
988 2809 1176 2874 αὐτῶν,
1249 2814 1364 2870 τοὺς
1416 2810 1775 2883 ὑπερηφάνους

146 2916 198 2948 εν
230 2915 468 2956 εαυτοις.

226 2984 459 3036 Καοειίλε
516 3016 583 3023 —
635 2988 833 3046 κενούς,
898 2984 1093 3057 ”Ομοια
1141 2994 1308 3038 ταῦτα
1362 2996 1461 3038 τῶν
1518 2994 1612 3047 τῆς
1655 2986 1774 3038 Ἀν-

142 3092 241 3133 νης
307 3076 520 3147 μητρός
578 3082 669 3125 τοῦ
733 3074 993 3146 Σαμουὴλ,
1071 3074 1334 3135 εἰπούσης·
1396 3079 1583 3149 Κύριος
1637 3095 1774 3128 πτω-

1878 548 2036 603 enim
2062 549 2279 619 dejicit,
2311 550 2484 622 quasi
2535 556 2699 607 tanta
2730 568 2790 606 re
2827 552 3141 624 indignam
3186 568 3197 605 :
3235 552 3326 608 vel
3349 553 3532 609 etiam

1876 642 2119 709 propter
2134 639 2531 710 abjectionem
2546 641 2824 697 humanae
2836 647 3063 698 naturae
3076 646 3438 713 comparata
3452 640 3532 698 ad

1878 725 2303 783 sublimitatem
2331 728 2570 784 divinas.

1872 898 1910 953 Γ
1949 815 2106 869 Vers.
2139 817 2233 873 48.
2272 818 2409 872 Ecce
2456 847 2523 859 -
2559 819 2941 889 generationes.
2975 819 3352 875 Credentium
3379 819 3531 875 vide-

1898 906 2027 953 lcet.

1898 906 2027 954 tcet.

1948 989 2110 1044 Vers.
2140 994 2227 1047 49.
2263 992 2402 1056 Quia
2428 1024 2493 1032 —
2520 994 2614 1063 qui
2635 1000 2821 1063 potens
2849 1000 2946 1048 est.
2977 993 3127 1058 Quia
3160 992 3294 1047 fecit
3332 993 3389 1048 in
3433 1009 3530 1047 me

1875 1092 2098 1145 magna
2122 1081 2599 1151 supernaturalia
2621 1081 2930 1151 miracula,
2958 1080 3054 1154 qui
3072 1081 3149 1137 ad
3174 1080 3528 1152 hujusmodi

1873 1164 2145 1223 facienda
2168 1174 2379 1239 potens
2404 1174 2510 1225 est.

1945 1255 2105 1310 Vers.
2136 1259 2223 1311 49.
2265 1259 2340 1311 Et
2364 1259 2568 1329 factum
2595 1290 2664 1300 --
2689 1260 2820 1331 ejus.
2857 1259 3174 1327 Eximium,
3210 1274 3526 1327 magnum.

1948 1345 2106 1400 Vers.
2133 1346 2221 1401 50.
2263 1347 2339 1401 Et
2382 1348 2765 1404 misericordia
2792 1380 2862 1389 —
2900 1365 3037 1403 eum.
3097 1346 3268 1412 Quod
3294 1347 3524 1411 dicitur,

1873 1431 1943 1485 In
1968 1436 2276 1504 progeniem
2304 1443 2353 1491 et
2379 1437 2687 1507 progeniem
2712 1453 2736 1493 .'
2764 1442 2839 1501 et,
2880 1438 2947 1491 In
2987 1437 3352 1507 generationes
3374 1451 3528 1506 gene-

1873 1522 2168 1588 rationum,
2196 1524 2432 1597 aliaque
2475 1525 2710 1590 similia,
2770 1526 2926 1581 idem
2983 1524 3325 1595 signiﬁcant
3362 1523 3530 1595 quod

1877 1612 2141 1683 Semper,
2161 1614 2323 1683 apud
2353 1614 2648 1670 Hebraeos.
2673 1615 2999 1684 Dicitergo,
3021 1614 3187 1686 quod
3216 1614 3393 1669 etiam
3424 1613 3528 1667 mi-

1879 1700 2203 1757 sericordia
2223 1702 2351 1772 ejus
2368 1718 2604 1774 semper
2617 1708 2704 1757 est
2729 1703 2788 1758 in
2804 1703 2916 1769 his,
2932 1703 3037 1774 qui
3055 1703 3261 1757 timent
3287 1702 3477 1771 ipsum
3509 1716 3524 1764 ;

1880 1786 2090 1843 similia
2114 1788 2368 1860 loquens
2407 1807 2545 1845 cum
2601 1790 2803 1853 David,
2845 1790 2949 1862 qui
2988 1790 3107 1848 ait:
3143 1788 3530 1846 Misericordia

1877 1876 2103 1931 Domini
2130 1879 2197 1931 ab
2225 1886 2424 1933 aeterno
2471 1887 2524 1934 et
2556 1896 2721 1950 usque
2750 1879 2809 1933 in
2860 1884 3122 1932 (eternum
3145 1894 3311 1948 super
3340 1878 3530 1930 timen-

1876 1972 1956 2022 tes
1991 1983 2109 2021 eum
2131 1968 2170 2020 θ.
2207 1968 2427 2023 Deinde
2464 1972 2733 2023 recenset
2772 1971 2830 2023 et
2879 1967 3031 2023 alias
3071 1967 3174 2021 Dei
3200 1966 3440 2021 virtutes
3466 1969 3530 2019 ut

1876 2054 2062 2110 moris
2086 2060 2171 2111 est
2199 2055 2310 2119 his,
2345 2056 2445 2127 qui
2472 2057 2693 2127 gratias
2724 2061 2930 2126 agunt.

1951 2145 2117 2200 Vers.
2167 2150 2253 2199 51.
2287 2145 2444 2199 Fecit
2469 2176 2536 2185 —
2584 2162 2764 2201 suum.
2800 2145 2957 2200 Fecit
2998 2142 3528 2213 magniﬁcentiam,

1878 2231 2012 2287 fecit
2048 2232 2360 2289 victoriam
2392 2250 2496 2305 per
2534 2234 2939 2289 fortitudinem
2979 2249 3175 2287 suam.
3224 2235 3361 2286 Nam
3396 2231 3533 2286 bra-

1879 2320 2081 2377 chium
2093 2322 2208 2377 hoc
2236 2323 2297 2377 in
2328 2322 2462 2378 loco
2479 2320 3218 2391 signiﬁcatfortitudinem.
3239 2320 3351 2383 Qui
3368 2320 3529 2374 enim

1880 2408 1940 2463 in
1966 2410 2388 2465 certaminibus
2422 2414 2713 2482 pugnant,
2753 2410 2814 2464 in
2842 2409 3093 2465 brachio
3125 2408 3533 2463 fortitudinem

1880 2497 2125 2553 babent.

1952 2585 2121 2640 Vers.
2178 2586 2264 2641 51.
2315 2586 2579 2656 Dispersit
2638 2616 2702 2626 —
2751 2586 2859 2640 sui.
2916 2583 3218 2656 Superbos
3267 2584 3327 2639 in
3379 2582 3535 2653 cogi-

1880 2673 2104 2729 tatione
2126 2674 2322 2729 cordis
2348 2675 2460 2739 sui,
2494 2673 2788 2746 superbos
2813 2673 2974 2746 apud
3014 2671 3268 2745 seipsos.

1953 2975 2115 3031 Vers.
2150 2981 2235 3031 52.
2274 2976 2529 3031 Detraxit
2559 3008 2628 3018 —
2684 2977 2848 3033 Vers.
2904 2978 2992 3033 53.
3035 2976 3242 3031 inanes.
3312 2974 3538 3032 Similia

1883 3070 2016 3121 sunt
2036 3065 2150 3134 his,
2193 3082 2329 3137 quas
2360 3066 2502 3123 dixit
2535 3067 2727 3132 Anna,
2776 3070 2963 3122 mater
2993 3064 3286 3121 Samuelis
3315 3081 3328 3119 :
3362 3064 3538 3119 Domi-

147 3165 306 3232 λίζει
359 3167 455 3212 καὶ
514 3161 800 3227 πλουτίζει,
866 3172 1099 3216 ταπεινοῖ
1161 3171 1249 3217 καὶ
1311 3164 1519 3236 ἀνυψοί⁸
1584 3170 1774 3218 Λοιπὸν

1899 3172 1983 3210 ius
2030 3172 2321 3226 pauperem
2348 3156 2489 3227 facit
2517 3162 2565 3210 et
2603 3156 2747 3210 ditat
2771 3171 2789 3221 ,°
2848 3154 3105 3210 hnmiliat
3137 3161 3189 3209 et
3217 3153 3453 3208 sublevat
3479 3153 3529 3207 ⁷.

148 3248 243 3303 οὖν
302 3254 622 3324 προφητεύει
674 3258 763 3304 καὶ
837 3258 954 3327 περὶ
1031 3261 1121 3305 τού
1174 3254 1335 3314 ἐλέους
1389 3262 1479 3305 τοῦ
1530 3254 1597 3315 εἰς
1658 3259 1775 3315 τοὺς

152 3344 536 3415 Χριστιανούς.
570 3346 716 3412 Λέγει
742 3344 865 3415 γὰρ·

231 3428 570 3482 Ἀντελάϐετο
634 3461 698 3469 ——
770 3431 954 3488 αὐτοῦ,
1032 3431 1388 3501 Ἐπεσκέψατο
1452 3436 1536 3483 τὸν
1608 3433 1775 3507 Ἰσραο

159 3518 405 3575 ηλιτικόν
435 3517 575 3583 λαόν,
619 3522 705 3569 τόν
757 3514 941 3570 δοῦλον
973 3519 1158 3572 αὐτοῦ.
1213 3516 1390 3571 Παῑὸα
1431 3524 1529 3592 γὰρ
1572 3528 1660 3571 νῦν
1690 3525 1774 3572 τὸν

164 3602 360 3656 ὃούλον
388 3604 542 3676 λέγει.

1001 3696 1330 3750 Ἀντελάϐετο
1395 3693 1453 3749 δὲ
1513 3704 1601 3750 καὶ
1671 3696 1779 3749 ἐπε-

166 3783 430 3854 σκέψατο,
484 3782 531 3834 ἐν
589 3793 660 3854 τῷ
722 3787 1021 3856 μνησθῆναι
1092 3784 1257 3847 ἐλέους
1311 3786 1380 3847 εἰς
1442 3790 1526 3838 τόν
1596 3787 1773 3850 αἰῶνα,

238 3701 358 3752 Mur)
370 3697 560 3752 σθῆναι
619 3726 686 3735 —-
750 3696 930 3747 αἰῶνα.

164 3876 333 3943 ἤγουν
422 3872 589 3934 ἐλέους
679 3874 933 3941 αἰωνίου,
1002 3873 1166 3935 ἐλέους
1238 3871 1549 3940 διηνεκοῦς,
1609 3877 1780 3937 καθὼς

166 3961 411 4019 ελάλησε·
499 3964 671 4023 καθὼς
758 3961 1103 4034 ἐπηγγείλατο
1178 3967 1306 4036 πρὸς
1367 3968 1485 4026 τοὺς
1553 3970 1779 4039 πατέρας

165 4053 337 4122 ἡμῶν.
407 4048 540 4106 Εἶτα
581 4050 716 4121 λέγει
768 4056 855 4103 καὶ
901 4057 1038 4103 τίσιν
1096 4051 1312 4110 ἐλάλησε
1376 4058 1489 4127 περὶ
1541 4062 1630 4105 τοῦ
1678 4073 1781 4106 τοι-

166 4142 325 4191 ούτου
361 4138 553 4208 ἐλέους,
587 4141 665 4191 ὅτι
706 4147 777 4208 τῷ
826 4139 1065 4213 Ἀϐραὰμ
1114 4145 1203 4192 καὶ
1260 4150 1331 4211 τῷ
1385 4145 1645 4214 σπέρματι
1693 4142 1782 4194 αύ-

167 4236 284 4297 τού,
340 4233 505 4299 ἤγουν
546 4236 617 4298 τῷ
670 4229 850 4281 Ἰσαὰκ
896 4233 985 4280 καὶ
1028 4237 1099 4300 τῷ
1158 4229 1362 4295 Ἰακὼϐ,
1417 4235 1500 4282 ναὶ
1544 4236 1646 4302 μὴν
1693 4236 1783 4283 καὶ

171 4326 243 4386 τῷ
297 4313 489 4370 Δαυίδ.
537 4320 751 4379 Τούτοις
790 4321 891 4390 γὰρ
962 4321 1029 4378 ὡς
1084 4320 1487 4391 ἐπισημοτάτοις
1539 4340 1781 4392 αινιγμα-

175 4404 356 4467 τωὸῶς
408 4404 752 4477 ἐπηγγείλατο
802 4412 917 4480 περὶ
974 4410 1178 4459 τούτου.
1238 4407 1417 4469 ’Έλεος
1467 4406 1524 4460 δὲ
1569 4409 1641 4471 εἰς
1697 4412 1783 4460 τὸν

1886 3244 2170 3316 Deinceps
2201 3259 2342 3311 ergo
2373 3244 2728 3299 vaticinatur
2757 3248 2814 3299 et
2862 3243 2936 3298 de
2963 3242 3368 3298 misericordia
3396 3255 3539 3310 erga

1884 3333 2262 3390 Christianos.
2289 3332 2435 3387 Dicit
2463 3334 2623 3388 enim
2657 3352 2669 3391 :

1958 3423 2116 3475 Vers.
2147 3421 2237 3475 54.
2278 3420 2613 3477 Auxiliatus
2640 3428 2714 3474 est
2742 3451 2805 3459 —
2838 3436 2956 3474 suo.
3018 3417 3283 3473 Visitavit
3312 3416 3541 3471 Israeli-

1886 3510 2063 3565 ticum
2082 3509 2373 3580 populum
2388 3525 2588 3577 suum,
2604 3524 2842 3563 servum
2861 3523 3069 3578 suum;
3100 3521 3355 3579 puerum
3378 3505 3539 3560 enim

1885 3599 2026 3653 dicit
2052 3614 2213 3652 nunc
2243 3613 2505 3653 servum.

1958 3697 2113 3749 Vers.
2153 3695 2241 3748 55.
2280 3694 2348 3750 Ut
2387 3710 2591 3748 memor
2619 3698 2747 3748 esset
2776 3724 2846 3733 —
2893 3692 3170 3748 saeculum.
3210 3690 3541 3747 Auxiliatus

1888 3789 1975 3839 est
2003 3782 2356 3847 etvisitavit,
2391 3787 2455 3837 ut
2484 3797 2715 3837 memor
2732 3786 2883 3837 esset
2905 3780 3320 3836 misericordiae
3348 3780 3407 3834 in
3434 3796 3545 3835 saa-

1888 3874 2087 3928 culum
2117 3888 2129 3926 :
2164 3872 2286 3927 sive
2317 3870 2743 3927 misericordia:
2797 3870 3196 3942 sempiternas,
3229 3869 3543 3926 continuae.

1891 3963 2051 4018 Sicut
2102 3960 2337 4015 locutus
2399 3965 2505 4025 est,
2577 3962 2727 4015 sicut
2782 3957 3157 4015 annuntiavit
3212 3958 3289 4012 ad
3342 3961 3543 4029 patres

1888 4056 2147 4106 nostros.
2184 4049 2400 4104 Deinde
2433 4049 2568 4103 dicit
2600 4049 2800 4116 etiam,
2831 4046 3053 4119 quibus
3092 4046 3324 4102 locutus
3353 4051 3441 4101 est
3470 4044 3547 4101 de

1888 4140 1990 4211 huj
2005 4138 2236 4194 usmodi
2256 4137 2661 4194 misericordia
2673 4178 2688 4203 ,
2712 4136 2878 4209 quod
2894 4134 3479 4191 videlicetAbraham
3492 4140 3550 4192 et

1892 4230 2101 4285 semini
2149 4229 2299 4299 ejus,
2371 4226 2591 4283 scilicet
2651 4227 2815 4283 Isaac
2869 4231 2923 4281 et
2978 4224 3166 4281 Jacob
3222 4243 3235 4278 :
3291 4224 3549 4296 profecto

1892 4323 1947 4374 et
1986 4316 2198 4373 David.
2245 4317 2341 4372 His
2388 4316 2569 4381 enim,
2628 4321 2824 4387 utpote
2880 4314 3138 4369 maxime
3189 4313 3547 4385 insignibus,

1892 4406 2263 4476 aenigmatice
2280 4412 2333 4461 et
2348 4406 2421 4460 de
2443 4406 2555 4461 hoc
2570 4403 2967 4460 annuntiavit.
2994 4402 3394 4459 Misericordia
3407 4418 3550 4460 vero

174 4495 340 4547 αἰῶνα
401 4497 430 4553 ἡ
493 4497 603 4547 θεία
657 4495 1063 4568 ἐνανθρῶπησις,
1114 4499 1177 4557 ῶς
1235 4493 1308 4549 δι’
1356 4496 1488 4549 ἔλεον
1546 4506 1644 4548 τῶν
1704 4496 1780 4549 ἀν-

1899 4495 2123 4561 dicitur,
2138 4494 2459 4550 incarnatio
2471 4495 2697 4557 divina,
2718 4498 2919 4564 utpote
2937 4508 3043 4563 per
3055 4491 3550 4553 misericordiam,

179 4585 398 4657 θρῶπων
469 4588 802 4656 γεγενημένη,
879 4584 933 4636 ἐκ
1011 4590 1299 4661 σπέρματος
1384 4585 1623 4658 Ἀϐραὰμ
1696 4589 1786 4637 καὶ

177 4681 278 4721 τῶν
340 4673 617 4746 εἰρημένων
674 4676 797 4724 νὶῶν
848 4678 937 4725 καὶ
1002 4672 1220 4745 ἐκγόνων
1276 4674 1457 4742 αὐτοῦ,
1503 4676 1638 4725 κατά
1691 4679 1785 4731 τὴν

180 4764 310 4829 πρὸς
345 4762 531 4823 αύτούς
566 4761 892 4834 ἐπαγγελίαν.
1034 4832 1037 4833 ν

260 4848 545 4923 Ἀπορησει
599 4847 657 4903 δέ
712 4871 811 4915 τις,
870 4860 981 4913 πῶς
1031 4851 1329 4905 ἀντελάϐετο
1383 4860 1475 4904 τοῦ
1524 4850 1786 4924 Ἰσραηλι-

181 4944 335 4989 τικοῦ
390 4937 515 4990 λαοῦ
570 4940 595 4989 6
653 4943 776 5000 Θεὸς
831 4939 879 4992 ἐν
930 4949 1003 5012 τῷ
1056 4944 1355 5013 μνησθῆναι
1402 4948 1491 4993 τοῦ
1547 4941 1787 5015 ῥηθέντος

184 5025 355 5088 ἐλέους
407 5044 419 5094 ;
470 5036 567 5079 τῶν
640 5036 968 5100 Χριστιανῶν
1038 5033 1138 5106 γὰρ
1210 5030 1399 5102 μᾶλλον
1462 5028 1782 5094 ἀντελάϐετο,

182 5119 271 5167 καὶ
324 5115 381 5167 ού
440 5124 537 5167 τῶν
593 5113 885 5175 Ἰουδαίων.
964 5123 1100 5191 Πρός
1158 5118 1211 5171 ὃν
1270 5118 1655 5194 ἀπόκρινόμεθα
1708 5121 1787 5171 ὅτι

182 5204 406 5265 παλαιός
463 5208 552 5277 μεν
592 5205 808 5278 Ἰσραὴλ
863 5208 888 5258 ό
944 5208 1160 5269 παλαιός
1213 5208 1350 5269 λαός·
1412 5212 1520 5268 νέος
1578 5205 1636 5260 δε
1684 5210 1789 5260 Ἰσ-

184 5293 319 5365 ραὴλ
381 5295 406 5345 6
463 5297 569 5355 νέος
627 5295 770 5362 λαός,
828 5297 853 5347 ό
923 5295 1287 5368 ἀντεισαχθεὶς
1345 5296 1557 5365 ἐκείνου,
1617 5301 1790 5349 τουτέ-

188 5401 301 5434 στιν
342 5386 366 5434 ό
416 5387 805 5457 Χριστιανικός,
859 5386 884 5435 6
942 5384 997 5436 Ex
1059 5390 1248 5448 παντὸς
1304 5388 1475 5446 ἔθνους
1522 5391 1793 5459 συγκείμε-

187 5489 293 5531 νος.
334 5475 525 5527 Τοῦτον
575 5473 661 5525 οὖν
707 5476 795 5525 τόν
842 5473 1050 5545 Ἰσραὴλ
1088 5472 1309 5527 ἐνταῦθα
1355 5479 1560 5533 νόησον.
1619 5475 1683 5529 Εἰ
1735 5472 1792 5527 δὲ

190 5564 277 5611 καὶ
332 5565 417 5614 τόν
468 5560 688 5614 παλαιόν
739 5568 953 5634 νοήσῃς,
1002 5563 1225 5623 σώζεται
1276 5568 1366 5615 καὶ
1409 5564 1572 5626 οὕτως
1628 5566 1654 5615 6
1711 5563 1791 5615 λό-

265 5710 415 5768 Psal.
450 5727 546 5779 cu,
580 5715 662 5767 17.
741 5714 760 5747 ⁷
795 5717 933 5783 Heg.
968 5730 1028 5778 ιι,
1064 5716 1114 5767 7.

480 5810 699 5865 PATROL
736 5810 840 5866 GR.
883 5810 1129 5867 CXXIX.

1888 4585 2033 4657 quia
2052 4583 2331 4640 misertus
2351 4589 2440 4639 est
2466 4581 3003 4647 Deus,hominibus
3028 4580 3188 4635 facta
3218 4594 3290 4634 ex
3321 4578 3553 4633 semine

1889 4673 2194 4729 Abraham
2225 4673 2642 4743 dictorumque
2664 4669 2949 4732 ﬁliorum,
2977 4684 3047 4724 ac
3069 4668 3148 4723 ab
3175 4682 3247 4723 eo
3268 4668 3547 4739 progeni-

1890 4769 2110 4827 torum,
2140 4762 2314 4833 juxta
2342 4759 2811 4832 promissionem
2851 4756 2929 4813 ad
2961 4772 3063 4812 eos
3094 4756 3339 4811 factam.

1964 4850 2273 4906 Dubitabit
2301 4849 2541 4921 aliquis,
2570 4846 2879 4920 quomodo
2934 4844 3255 4901 auxiliatus
3295 4844 3372 4899 sit
3395 4842 3557 4898 Deus

1894 4939 2209 4995 Israelitico
2233 4936 2478 5009 populo,
2512 4941 2575 4991 ut
2597 4950 2829 4990 memor
2848 4936 3003 4990 esset
3026 4933 3201 4988 dictas
3225 4930 3558 4987 misericor-

1896 5027 2009 5082 diae
2021 5027 2048 5081 ‘I
2062 5025 2410 5081 Christianis
2422 5038 2687 5095 namque
2700 5024 2899 5095 potius
2912 5020 3232 5077 auxiliatus
3249 5026 3354 5085 est,
3369 5034 3559 5092 quam

1894 5116 2142 5173 Judaais.
2170 5114 2271 5170 Cui
2298 5113 2747 5184 respondemus,
2780 5111 2945 5183 quod
2975 5114 3150 5167 vetus
3183 5109 3367 5167 Israel
3407 5109 3562 5166 anti-

1896 5222 2053 5279 quus
2074 5210 2165 5260 est
2183 5203 2445 5275 populus
2467 5219 2481 5269 ;
2503 5218 2696 5258 novus
2712 5208 2911 5258 autem
2934 5200 3135 5265 Israel,
3155 5216 3344 5257 novus
3372 5214 3564 5272 popu-

1896 5295 1991 5351 lus
2022 5310 2130 5366 pro
2162 5293 2259 5348 illo
2289 5294 2594 5356 inductus,
2635 5291 2750 5346 hoc
2780 5295 2892 5355 est,
2926 5289 3317 5356 Christianus,
3359 5289 3463 5361 qui
3490 5303 3565 5344 ex

1900 5384 2067 5441 omni
2084 5387 2258 5453 gente
2281 5381 2583 5447 consistit;
2612 5381 2773 5435 hunc
2790 5394 2933 5448 ergo
2956 5378 3140 5435 Israel
3154 5378 3253 5434 hic
3277 5377 3558 5447 intelligo.

1905 5472 2126 5540 Quodsi
2140 5471 2321 5526 etiam
2333 5475 2594 5525 veterem
2615 5468 2996 5538 intellexeris,
3018 5468 3098 5524 ita
3109 5482 3356 5540 quoque
3370 5481 3568 5522 sermo

1906 5561 2236 5619 constabit:
2257 5564 2499 5632 propter
2518 5558 2687 5615 illum
2709 5558 2869 5615 enim
2886 5556 3274 5630 potissimum
3296 5559 3571 5613 incarna-

3225 5803 3295 5855 28
