4170 6364
637 315 746 371 875

636 441 733 494 tus
783 441 875 494 est
926 453 938 492 :

637 533 931 598 cognatus
951 527 1187 582 illorum
1217 532 1600 599 nuncupatus
1629 530 1734 591 est,
1767 530 1822 580 et
1852 523 2014 595 apud
2034 522 2162 577 illos
2184 520 2290 576 do-

635 618 776 680 cuit,
811 632 881 672 ac
912 617 1199 672 miracula
1242 623 1518 687 operatus
1546 620 1668 670 est:
1703 614 1960 684 ideoque
2011 611 2282 666 dicebat:

634 704 766 760 Non
791 723 911 760 sum
939 707 1149 768 missus,
1193 705 1301 759 nisi
1325 706 1394 759 ad
1420 706 1660 776 perditas
1679 721 1792 758 oves
1817 703 2002 756 domus
2031 698 2206 754 Israel
2241 700 2282 750 ⁸.

636 794 787 859 Quia
832 811 974 850 vero
1029 796 1098 850 In
1147 813 1248 850 sua
1283 796 1448 857 venit.
1504 801 1557 850 et
1615 796 1705 848 sui
1768 810 1886 847 eum
1930 808 2034 845 non
2078 803 2287 856 recepe-

634 889 769 938 runt
817 886 859 949 ³,
924 884 1060 940 ideo
1118 891 1323 955 gentes
1369 882 1779 940 misericordia
1823 882 2014 951 dignae
2064 876 2286 933 habitas

632 976 793 1029 sunt.

707 1062 874 1120 Vers.
905 1062 991 1118 56.
1021 1062 1215 1118 Mansit
1243 1092 1313 1104 -—
1342 1064 1537 1118 tribus.
1571 1062 1680 1116 Per
1707 1059 2078 1116 voluntatem
2098 1057 2285 1112 wide-

629 1151 768 1207 licet
804 1151 1006 1222 sponsi
1041 1169 1054 1206 :
1083 1151 1306 1223 Joseph
1352 1152 1512 1207 enim
1543 1156 1599 1206 et
1626 1149 1976 1205 Zachariam
2020 1152 2076 1203 et
2103 1147 2285 1202 Eliza-

629 1240 774 1296 beth
801 1247 1044 1297 sanctos
1058 1257 1183 1296 esse
1197 1241 1444 1307 sciebat,
1459 1245 1514 1296 et
1534 1240 1740 1296 animo
1765 1238 2069 1294 laetissimo
2091 1237 2286 1306 Virgi-

631 1345 772 1385 nem
796 1329 880 1384 eis
905 1329 1192 1385 tradidit:
1234 1345 1358 1386 non
1415 1329 1631 1394 solum,
1682 1328 1820 1400 quia
1871 1325 2110 1394 cognati
2152 1325 2283 1394 ejus

631 1422 820 1482 erant,
852 1434 1060 1472 verum
1088 1419 1290 1485 etiam,
1323 1419 1467 1490 quia
1492 1415 2052 1489 irreprehensibiles.
2078 1414 2285 1471 Mansit

631 1512 829 1561 autem
849 1523 1039 1578 usque
1053 1508 1122 1562 ad
1137 1514 1377 1580 partum
1391 1507 1684 1562 Elizabetb
1697 1504 2058 1577 apudillam,
2079 1507 2282 1574 utpote

628 1601 1118 1663 cognoscentem,
1142 1597 1306 1668 quod
1338 1599 1396 1651 in
1427 1614 1489 1652 se
1519 1596 1805 1666 agebatur
1824 1595 2172 1665 mysterium
2195 1609 2206 1646 :
2229 1597 2283 1647 et

629 1683 708 1738 ob
740 1684 797 1737 id
830 1691 1134 1739 amantem
1175 1686 1347 1750 hanc,
1381 1693 1436 1740 et
1457 1686 1534 1740 ab
1565 1686 1678 1740 hac
1705 1692 1989 1738 amatam.

699 1774 860 1826 Vers.
888 1774 978 1826 56.
1019 1774 1098 1828 Ει
1149 1791 1365 1828 reversa
1411 1781 1485 1828 est
1514 1805 1583 1813 —-—
1611 1790 1778 1827 suam.
1825 1775 2102 1828 Devitans
2156 1787 2279 1834 eos,
2309 1779 2352 1832 Β

627 1861 724 1931 qui
742 1860 816 1914 ob
831 1867 1038 1916 natum
1061 1862 1349 1916 infantem
1365 1862 1442 1916 ad
1455 1862 1596 1917 dom
1609 1878 1704 1915 um
1720 1862 2018 1916 Zachariae
2036 1876 2282 1916 concur-

626 1964 754 2003 rere
777 1950 1092 2005 debebant.
1128 1953 1261 2004 Erat
1287 1955 1488 2004 autem
1511 1957 1566 2004 et
1583 1951 1788 2012 moris,
1813 1956 1874 2004 ut
1891 1950 2283 2006 abscederent

627 2038 906 2107 virgines,
936 2056 1071 2093 cum
1102 2040 1372 2110 pariturae
1404 2045 1573 2094 erant
1600 2045 2000 2110 prmgnantes.

700 2127 1218 2197 Vers.57.1pu'—
1273 2128 1436 2183 Vers.
1493 2129 1588 2183 59.
1631 2144 1886 2198 puerum.
1937 2129 2278 2184 Secundum

623 2214 849 2284 legem.

694 2304 862 2360 Vers.
918 2306 1010 2362 59.
1067 2306 1144 2360 Et
1192 2306 1459 2360 vocabant
1505 2336 1572 2346 —-
1627 2307 1976 2364 Zachariam.
2033 2307 2278 2362 Plurimi

623 2393 773 2449 enim
799 2393 904 2449 ﬁlii
944 2399 1184 2465 patrum
1223 2395 1574 2450 nominibus
1600 2397 1799 2452 vocati
1831 2402 1991 2454 sunt.

691 2483 857 2540 Vers.
918 2482 1005 2538 60.
1035 2485 1112 2537 Ει
1167 2484 1485 2554 respondens
1530 2517 1598 2524 —
1639 2487 1891 2541 Joannes.
1950 2489 1998 2541 Α
2061 2486 2279 2558 Spiritu

621 2576 828 2627 sancto
841 2572 973 2644 ipsa
984 2585 1223 2644 quoque
1235 2587 1454 2627 nomen
1468 2573 1637 2645 pueri
1653 2574 2085 2630 didiceratideo
2098 2576 2274 2630 etiam

621 2660 974 2730 conabatur,
1019 2665 1083 2716 ut
1107 2661 1234 2732 ipse
1265 2667 1580 2718 vocaretur
1607 2664 1894 2720 Joannes.

692 2750 862 2806 Vers.
900 2751 990 2803 6t.
1013 2751 1094 2804 Et
1120 2750 1385 2806 dixerunt
1411 2783 1478 2791 —
1510 2751 1672 2807 Vers.
1707 2756 1794 2807 62.
1843 2769 1980 2808 eum.
2028 2755 2182 2808 Nutu
2207 2753 2277 2808 il-

619 2836 746 2892 lum
765 2837 1232 2907 interrogabant,
1261 2843 1321 2894 ut
1344 2839 1451 2910 qui
1468 2839 1652 2894 etiam
1675 2841 1880 2896 audire
1907 2857 2028 2896 non
2051 2847 2271 2910 posset,

621 2925 803 2981 veluti
828 2925 1102 2997 superius
1132 2925 1582 2983 manifestatum
1607 2933 1714 2984 est.
1742 2929 1918 2985 Aiunt
1943 2932 2126 2996 enim,
2157 2946 2274 2986 uno

621 3015 889 3086 quodam
909 3029 1094 3074 nervo
1125 3014 1414 3084 colligatis
1443 3031 1572 3071 esse
1602 3017 1843 3072 audenti
1867 3017 2275 3091 loquendique

618 3102 774 3158 vires
790 3117 813 3157 .·
831 3101 965 3158 ideo
991 3119 1189 3175 neque
1204 3103 1411 3159 audire
1432 3120 1612 3175 posse
1638 3121 1762 3172 eos,
1781 3107 1884 3179 qui
1911 3124 1948 3162 a
1972 3108 2273 3164 nativitate
2304 3118 2354 3178 ο

619 3190 762 3247 muti
795 3198 952 3247 sunt.
980 3192 1279 3248 Zachariae
1315 3208 1456 3264 ergo
1485 3193 1568 3249 ita
1619 3194 1729 3250 fuit
1778 3195 1979 3252 ablata
2016 3195 2271 3269 loquela,

619 3280 771 3336 sicut
794 3280 884 3351 iis,
917 3281 1022 3352 qui
1051 3297 1086 3336 a
1107 3281 1422 3336 Nativitate
1453 3281 1556 3339 illa
1593 3283 1801 3354 privati
1835 3290 1986 3340 sunt.

689 3369 858 3424 Vers.
893 3374 980 3426 73.
1010 3370 1086 3424 Et
1115 3371 1422 3441 postulatis
1477 3403 1547 3413 ——
1575 3373 1710 3442 ejus.
1760 3373 2093 3438 Postulatis,
2149 3389 2272 3430 non

617 3473 726 3532 per
746 3474 972 3528 vocem,
1004 3458 1108 3513 sed
1138 3459 1404 3514 similiter
1435 3475 1539 3530 per
1568 3465 1802 3517 nutum.

688 3548 853 3602 Vers.
907 3547 995 3604 63.
1039 3548 1117 3602 Et
1147 3548 1338 3602 mirati
1387 3555 1512 3604 sunt
1563 3550 1828 3606 universi.
1882 3551 2070 3608 Mirati
2109 3558 2267 3620 sunt,

618 3635 926 3708 quomodo
947 3637 1050 3707 qui
1075 3651 1185 3692 nec
1201 3637 1406 3692 audire
1431 3637 1510 3693 ab
1534 3638 1854 3705 Elizabeth,
1875 3656 1984 3695 nec
2001 3643 2053 3696 ei
2075 3641 2270 3698 dicere

616 3726 733 3782 hoc
767 3730 1062 3798 potuerat,
1097 3741 1234 3781 cum
1285 3742 1356 3783 ea
1384 3729 1800 3784 conveniebat.
1833 3730 2154 3786 Verisimile
2185 3737 2270 3786 est

618 3815 800 3881 enim,
843 3815 1134 3871 Elisabeth
1173 3816 1449 3872 certiores
1505 3816 1636 3873 illos
1678 3817 1909 3889 fecisse,
1957 3820 2113 3890 quod
2147 3836 2269 3876 non

615 3920 718 3978 per
747 3906 1102 3976 scripturam
1141 3905 1255 3960 hoc
1287 3905 1376 3960 vel
1404 3905 1667 3972 dixisset,
1696 3907 1790 3963 vel
1817 3908 2097 3966 audisset.

689 3995 854 4049 Vers.
870 3994 957 4049 64.
985 3995 1247 4063 Apertum
1280 4024 1334 4034 —
1354 3995 1537 4048 Deam.
1554 4026 1622 4034 —
1641 3997 1909 4066 Apertum
1929 4004 2029 4063 est,
2047 3997 2161 4054 hoc
2183 4003 2270 4055 est

616 4084 678 4139 in
729 4098 943 4138 vocem
985 4081 1250 4136 solutum
1312 4088 1417 4138 est.
1471 4083 1842 4139 Manifestum
1895 4089 1986 4140 est
2042 4093 2264 4153 autem,

615 4170 783 4242 quod
812 4174 870 4224 et
898 4169 1135 4224 auditus
1166 4169 1384 4239 pariter
1409 4169 1640 4225 solutus
1671 4177 1782 4228 est.
1813 4173 1973 4227 Sicut
1989 4175 2144 4230 enim
2167 4191 2270 4247 pa-

615 4257 756 4312 riter
773 4256 1008 4312 ablatus
1044 4256 1249 4322 fuerat,
1285 4257 1366 4314 ita
1412 4274 1649 4330 quoque
1676 4261 1889 4331 pariter
1909 4261 2138 4318 solutus
2158 4269 2264 4322 est.

689 4345 859 4401 Vers.
889 4347 975 4401 65.
997 4347 1070 4400 Et
1092 4345 1270 4418 factus
1290 4351 1365 4401 est
1385 4377 1451 4391 —-
1474 4364 1677 4403 eorum.
1711 4349 1910 4407 Timor
1935 4367 2057 4423 prae
2080 4354 2266 4410 admi-

613 4435 862 4491 raﬁone.

687 4525 848 4581 Vers.
876 4528 963 4581 65.
1020 4527 1100 4582 Et
1138 4527 1199 4579 in
1226 4556 1295 4566 —
1325 4527 1450 4582 haec.
1483 4528 1622 4592 Quae
1667 4533 1837 4586 erant
1891 4531 2047 4589 circa
2093 4534 2268 4591 mira-

616 4614 770 4682 cula,
791 4615 966 4682 facta,
984 4616 1042 4670 in
1062 4616 1442 4688 impositione
1462 4618 1714 4673 nominis
1743 4622 1936 4691 pueri,
1960 4624 2268 4694 quomodo

615 4705 919 4775 inopinate
970 4706 1030 4761 in
1096 4721 1167 4761 eo
1210 4712 1483 4776 parentes
1536 4715 1936 4766 convenerant
1981 4727 1993 4766 :
2050 4717 2105 4767 et
2149 4729 2267 4784 quo

614 4800 789 4866 pacto
815 4811 851 4850 a
876 4795 1157 4852 Zacharia
1205 4796 1553 4852 mirabiliter
1594 4797 1795 4853 ablata
1838 4805 1964 4855 erat
2013 4799 2267 4870 loquela:

615 4884 880 4941 carentia
907 4900 923 4951 ;
956 4885 1220 4942 similiter
1250 4889 1307 4943 et
1333 4901 1470 4958 quae
1492 4901 1529 4942 a
1555 4885 1844 4958 principio
1869 4889 1950 4945 ad
1972 4889 2152 4948 ﬁnem
2174 4909 2270 4948 us-

613 4988 734 5045 que
750 4973 1145 5044 contigerant.

688 5151 709 5184 ⁸
731 5151 934 5210 Matth.
957 5167 1059 5220 xv,
1089 5155 1178 5210 24.
1255 5153 1277 5189 ⁸
1301 5154 1467 5209 Joan.
1499 5154 1554 5219 1,
1585 5156 1674 5210 11.

1953 303 2308 364 EUTHYMII
2357 298 2682 361 ZIGABENI

1003 436 1221 494 deinde
1284 441 1341 494 et
1399 436 1477 493 ab
1523 436 1609 492 eis
1665 438 1918 492 matrem
1961 432 2154 502 elegit,
2218 445 2277 486 ac

2395 447 2506 499 γος.
2551 433 2623 483 Δι’
2673 431 2828 484 αὐτὸν
2879 435 2980 508 γὰρ
3031 431 3219 504 μᾶλλον
3278 431 3690 506 ἐνηνθρώπησεν,
3755 431 3873 484 ἐπεὶ
3928 439 4022 484 καὶ

3913 306 4028 362 876

2398 517 2451 581 ἐξ
2505 520 2672 571 αὐτῶν
2729 521 2984 585 ἐξελέξατο
3043 527 3258 594 μητέρα,
3339 528 3428 574 καὶ
3504 526 3762 593 συγγενὴς
3833 521 4019 572 αὐτῶν

2396 605 2741 682 ἐχρημάτισε,
2792 617 2881 663 καὶ
2919 613 3041 683 παρ’
3093 612 3268 672 αὐτοῖς
3307 607 3579 675 ἐδίδασκε,
3629 616 3716 662 καὶ
3767 608 4019 681 ἐθαυμα-

2393 701 2602 772 τούργει
2637 718 2649 729 ⁸
2685 697 2768 758 διὸ
2821 707 2910 752 καὶ
2965 701 3128 772 ἔλεγεν
3183 703 3261 752 ὅτι
3321 700 3430 751 Ou’x
3481 698 3776 756 ἀπεστάλην
3838 700 3894 750 εἰ
3944 706 4016 769 μη

2395 786 2467 845 εἰς
2512 790 2575 838 τὰ
2617 788 2854 862 πρόϐατα
2900 793 2964 841 τὰ
3017 789 3316 841 ἀπολωλότα
3367 792 3510 840 οῖκου
3561 787 3800 862 Ἰσραήλ.
3861 789 4012 839 Ἐπεὶ

2396 871 2454 926 δὲ
2484 876 2552 937 εἰς
2584 880 2649 928 τὰ
2676 875 2794 929 ἴδια
2831 875 2972 945 ἦλθε,
3014 884 3104 930 καὶ
3141 881 3189 930 οἱ
3240 875 3370 930 ἰδιοι
3408 877 3562 930 αὐτόν
3595 877 3650 928 ού
3683 875 4008 950 παρέλαϐον,

2392 962 2567 1016 λοιπὸν
2594 969 2658 1018 τά
2683 968 2798 1025 ἔθνη
2825 975 2915 1020 τοῦ
2942 967 3108 1028 ἐλέους
3138 967 3455 1029 ἠξιώθησαν.

2463 1052 2665 1126 Ἐμεινε
2731 1087 2794 1096 -
2865 1065 3020 1128 τρεῖς.
3083 1060 3225 1109 Μετὰ
3291 1062 3502 1128 γνώμης
3579 1051 3822 1112 δηλονότι
3918 1062 4010 1105 τοῦ

2393 1152 2694 1217 μνηστῆρος
2753 1163 2764 1174 ·

2395 1239 2588 1308 χαρίαν
2649 1239 2734 1286 καὶ
2785 1239 2878 1292 τὴν
2921 1234 3198 1289 Ἐλισάϐετ
3265 1235 3468 1305 ἁγίους,
3539 1239 3628 1286 καὶ
3692 1243 4011 1308 περιχαρῶς

2827 1144 3068 1216 ἐγίνωσκε
3115 1148 3217 1219 γὰρ
3272 1147 3296 1196 ὁ
3358 1146 3552 1217 Ἰωσὴφ
3611 1149 3697 1196 καὶ
3755 1147 3844 1196 τόν
3911 1150 4011 1195 Ζα-

2393 1323 2572 1384 αύτοῐς
2640 1328 3012 1377 κατεπίστευσε
3081 1329 3174 1383 τὴν
3243 1325 3520 1396 Παρθένον,
3585 1323 3642 1374 ού
3709 1327 3872 1393 μόνον
3947 1327 4008 1382 ὡς

2394 1417 2696 1483 συγγενέσιν
2749 1412 2926 1481 αὐτῆς,
2998 1411 3124 1464 ἀλλὰ
3178 1419 3267 1464 καὶ
3323 1415 3393 1473 ὡς
3455 1410 3840 1472 ἀνεπιλήπτως.
3910 1410 4007 1464 Ἐ-

2389 1521 2528 1573 μεινε
2595 1498 2651 1553 δὲ
2708 1506 2870 1576 μέχρι
2941 1510 3032 1554 τοῦ
3102 1510 3313 1553 τοκετοῦ
3379 1510 3474 1563 τῆς
3538 1499 3814 1555 Ἐλισάϐετ
3873 1501 4006 1572 παρ’

2390 1592 2519 1662 αὐτῇ
2576 1594 2639 1650 ὡς
2689 1594 2989 1663 γινωσούσῃ
3051 1595 3107 1642 τὸ
3147 1591 3262 1642 κατ’
3317 1590 3478 1648 αὐτὴν
3533 1596 3850 1663 μυστήριον,
3915 1596 4007 1642 καὶ

2391 1676 2483 1730 διὰ
2521 1688 2674 1731 τοῦτο
2707 1680 2926 1750 φιλουσῃ
2959 1683 3153 1737 ταύτην
3178 1685 3267 1731 καὶ
3295 1679 3592 1751 φιλουμένῃ.

2465 1774 2562 1821 Καὶ
2633 1769 2946 1843 ὑπέστρεψεν
3004 1801 3071 1809 —
3153 1769 3333 1830 αὐτῆς.
3423 1768 3788 1840 Εύλαϐουμένη
3874 1773 4006 1828 τοὺς

2391 1855 2484 1910 διὰ
2539 1863 2596 1910 τὸ
2660 1865 2952 1930 τικτόμενον
3026 1858 3316 1929 ὀφείλοντας
3387 1861 3688 1930 συντρέχειν
3764 1856 3853 1909 ἐπὶ
3913 1863 4003 1910 τόν

2390 1945 2527 1999 οἶκον
2567 1956 2658 1998 του
2704 1953 2998 2019 Ζαχαρίου.
3051 1947 3146 1999 Ἦν
3180 1945 3239 1998 δὲ
3290 1952 3380 1999 καὶ
3434 1950 3547 2006 ἔθος
3576 1949 3877 2020 ὑποχωρεῖν
3911 1951 4004 2006 τὰς

2387 2037 2690 2109 παρθένους,
2725 2040 2806 2088 ὅτε
2840 2037 3012 2108 μέλλοι
3045 2037 3156 2107 (29)
3197 2043 3382 2088 τίκτειν
3413 2037 3441 2091 ἡ
3621 2038 3824 2107 ἔγκυος.

2455 2132 2529 2196 Τῇ
2561 2157 2630 2164 -
2659 2122 2891 2178 παιδίον.
2923 2129 3070 2178 Κατά
3089 2129 3173 2177 τὸν
3195 2131 3366 2197 νόμον.

2459 2360 2559 2407 Καὶ
2609 2354 2819 2408 ἐκάλουν
2873 2388 2940 2395 ——
2994 2361 3285 2431 Ζαχαρίαν.
3341 2355 3525 2409 Πολλοὶ
3572 2358 3673 2428 γὰρ
3724 2359 3833 2409 υἱοὶ
3888 2367 3997 2418 τοῖς

2384 2451 2484 2494 τῶν
2510 2449 2740 2516 πατέρων
2773 2444 3018 2516 ὀνόμασιν
3046 2444 3358 2504 ἐκλήθησαν.

2459 2537 2558 2585 Καὶ
2629 2531 2972 2605 ἀποκριθεῖσα
3052 2564 3121 2574 -
3195 2533 3448 2594 Ἰωάννης.
3517 2533 3608 2588 Ἐκ
3691 2537 3992 2606 Πνεύματος

2387 2620 2538 2692 ἀγίου
2569 2627 2658 2674 καὶ
2717 2621 2846 2680 αὐτὴ
2898 2626 2956 2674 τὸ
3002 2626 3162 2694 ὄνομα
3207 2630 3298 2674 τοῦ
3347 2619 3537 2682 παιδός
3574 2624 3863 2695 μεμάθηκε.
3898 2629 3990 2676 Διό

2384 2715 2472 2762 καὶ
2507 2710 2828 2784 ἰσχυρίσατο
2861 2711 3096 2768 Ἰωάννην
3137 2710 3494 2783 ὀνομασθῆναι
3522 2711 3692 2766 αὐτόν.

2460 2804 2559 2851 Καὶ
2617 2796 2757 2851 εἶπον
2810 2829 2880 2840 -
2933 2799 3106 2853 αὐτόν.

2383 2883 2514 2958 μηδ’
2572 2886 2774 2940 ἀκούειν
2824 2885 3132 2960 δυναμένου,
3178 2890 3346 2948 καθὼς
3393 2887 3623 2962 ἀνωτέρω
3662 2884 3972 2945 δεδήλωται.

3179 2803 3274 2852 Διά
3331 2803 3584 2872 νεύματος
3632 2801 3852 2873 ἠρώτων,
3909 2804 3984 2863 ὡς

2385 2982 2519 3028 Φασὶ
2549 2979 2648 3050 γὰρ
2691 2977 2763 3029 ἑνί
2810 2997 2909 3028 τινι
2957 2980 3116 3050 νεύρῳ
3167 2974 3518 3030 συνδεδέσθαι
3567 2981 3659 3038 τὰς
3701 2985 3790 3028 τοῦ
3825 2975 3978 3028 ἀκού-

2383 3068 2454 3116 ειν
2486 3065 2599 3137 (31)
2655 3070 2743 3117 καὶ
2798 3073 2890 3117 τοῦ
2945 3065 3111 3118 λαλεῖν
3157 3062 3425 3138 δυνάμεις·
3473 3062 3560 3117 διὸ
3617 3072 3706 3117 καὶ
3761 3070 3886 3127 τοὺς
3936 3065 3992 3118 ἑκ

2381 3163 2592 3224 γενετῆς
2647 3153 2864 3216 ἀλάλους
2922 3152 3059 3226 μηδὲ
3118 3153 3337 3209 ἀκούειν.
3386 3156 3540 3207 Οὕτω
3590 3163 3714 3226 γοῦν
3758 3154 3986 3213 ἐσϐέσθη

2382 3247 2441 3295 τὸ
2481 3243 2594 3314 (3‘2)
2631 3245 2836 3316 φθέγμα
2862 3249 3155 3317 Ζαχαρίας,
3183 3247 3248 3304 ὡς
3276 3247 3324 3296 οἱ
3355 3243 3409 3296 ἐκ
3438 3253 3668 3316 γενετῆς.

2455 3467 2554 3516 Καὶ
2601 3463 2821 3524 αἰτήσας
2870 3493 2935 3505 ~
2989 3463 3167 3517 αὐτου.
3232 3463 3460 3525 Αἰτὴσας
3515 3463 3572 3515 ού
3632 3461 3727 3516 διὰ
3797 3473 3988 3536 φωνῆς,

2381 3551 2488 3604 ἀλλ’
2519 3554 2706 3625 ὁμοίως
2739 3550 2832 3604 διὰ
2868 3555 3132 3625 νεύματος.

2452 3646 2552 3694 Καὶ
2611 3641 2910 3714 ἐθαύμασαν
2973 3644 3176 3700 πάντες.
3246 3642 3610 3714 Ἐθαύμασαν,
3682 3650 3788 3703 πῶς
3851 3651 3991 3715 μήτε

2380 3729 2604 3782 ἀκοῦσαι
2660 3739 2812 3782 τοῦτο
2877 3733 3021 3803 παρὰ
3106 3740 3202 3792 τῆς
3269 3730 3564 3797 Ἐλισάϐετ,
3629 3738 3761 3804 μήτε
3825 3733 3990 3785 εἰπεῖν

2379 3820 2508 3892 αὐτῇ
2586 3827 2735 3872 τοῦτο
2818 3815 3122 3890 δυνάμενος,
3212 3825 3586 3891 συνεφώνησεν.
3662 3820 3814 3880 Εἰκὸς
3885 3825 3990 3896 γὰρ

2377 3915 2469 3968 τὴν
2501 3908 2772 3964 Ἐλισάϐετ
2812 3908 3151 3982 πληροφορεῑν
3202 3911 3431 3975 τούτους,
3487 3912 3555 3972 ὡς
3602 3910 3659 3961 ού
3716 3905 3810 3961 διὰ
3856 3930 3992 3983 γρα-

2379 4008 2477 4072 φῆς
2501 4008 2653 4050 τουτο
2685 3999 2712 4056 ἦ
2751 3998 2862 4069 (33)
2905 3995 3060 4066 εἶπεν,
3093 3998 3122 4056 ἦ
3151 4002 3394 4056 ἤκουσεν.

2449 4089 2716 4159 Ἀνεῳχθη
2762 4119 2824 4126 -
2857 4092 3003 4139 Θεόν.
3056 4118 3125 4128 -
3178 4088 3467 4157 Ἀνεῴχθη,
3514 4085 3628 4138 ἀντὶ
3671 4095 3784 4152 τοῦ,
3837 4088 3993 4142 ’Δπε-

2376 4177 2504 4235 λύθη
2552 4177 2617 4237 εἰς
2648 4181 2836 4249 φωνήν.
2884 4175 3042 4235 Δῆλον
3074 4172 3132 4228 δὲ
3179 4176 3291 4247 (34)
3325 4178 3404 4227 ὅτι
3455 4181 3543 4227 καὶ
3595 4177 3624 4233 ἠ
3685 4176 3814 4236 ἀκοὴ
3849 4197 3989 4229 συν-

2377 4266 2628 4324 απελύθη.
2676 4272 2874 4340 ’Ὠσπερ
2931 4267 3032 4339 γὰρ
3089 4265 3470 4336 συνεπεσχέθη,
3521 4265 3682 4326 οὕτως
3734 4268 3838 4340 ἄρα
3896 4273 3992 4320 καὶ

2380 4355 2633 4408 συναπελύ
2641 4357 2702 4412 θη
2714 4394 2726 4406 .

2297 4461 2344 4517 D
2449 4447 2552 4500 Καὶ
2595 4444 2786 4516 ἐγένετο
2854 4475 2919 4485 —-
2984 4443 3174 4506 αύτούς
3227 4459 3241 4473 ⁶
3299 4443 3454 4504 Φόϐος
3529 4442 3583 4495 ἐκ
3674 4452 3765 4496 τοῦ
3853 4447 3991 4497 θαύ-

2377 4555 2560 4609 ματος.

2447 4626 2552 4679 Καὶ
2591 4626 2638 4676 ἐν
2688 4655 2752 4663 -
2801 4631 2982 4674 ταῦτα.
3032 4626 3108 4675 Τὰ
3153 4628 3271 4694 περὶ
3321 4631 3420 4674 τῶν
3467 4625 3734 4694 γεγονότων
3767 4621 3979 4686 θαυμά-

2375 4733 2474 4766 των
2520 4712 2602 4766 ἐπὶ
2631 4721 2693 4785 τῇ
2744 4713 2925 4770 κλήσει
2971 4719 3064 4764 τοῦ
3115 4709 3355 4779 παιδίου,
3395 4721 3505 4772 πῶς
3561 4730 3609 4764 τε
3657 4704 3984 4782 παραδόξως

2379 4809 2743 4875 συνεφώνησαν
2788 4805 2836 4853 οἱ
2883 4806 3179 4873 γεννήτορες
3225 4800 3308 4852 ἐπὶ
3353 4803 3542 4873 ταύτῃ,
3584 4804 3672 4851 καὶ
3716 4806 3820 4859 πῶς
3853 4799 3991 4850 θαυ-

2375 4897 2577 4966 μασίως
2630 4891 2856 4949 ἀπελύθη
2910 4899 3001 4951 τῆς
3049 4889 3274 4963 ἀφωνίας
3322 4891 3347 4941 ὁ
3399 4895 3693 4964 Ζαχαρίας·
3729 4893 3760 4947 η
3796 4892 3994 4941 καὶτὰ

2380 4982 2464 5036 ἀπ’
2499 4981 2677 5055 ἀρχῆς
2706 4982 2840 5056 ἄχρι
2862 4980 3051 5040 τέλους.

1828 5297 2056 5368 Variae
2094 5301 2422 5370 lectiones
2467 5313 2531 5369 et
2556 5312 2759 5369 notae.

708 5457 794 5517 29)
822 5455 1018 5512 Μέλλει.
1049 5457 1107 5511 Β.

709 5529 796 5608 ξφ
835 5533 1076 5608 ’ίέγγυ-ος,
1120 5527 1406 5608 frequenti
1435 5544 1652 5608 errore.
1687 5537 1759 5608 Δ,
1780 5531 1842 5587 B.

712 5570 802 5741 at;
852 5570 1842 5666 Attae"xZa”1ZE*ZxZiiEIV6r'Iﬁ&Z
1891 5603 2144 5659 inverso.
2195 5605 2257 5658 Β.

712 5669 776 5725 32
831 5669 940 5726 Pro
967 5670 1339 5728 nominativo
1367 5671 1600 5728 videtur
1623 5674 1925 5741 accepisse
1952 5673 2257 5741 interpres.

710 5669 800 5741 32)
831 5669 940 5726 Pro
967 5670 1339 5728 nominativo
1367 5671 1600 5728 videtur
1623 5674 1925 5744 accepisse
1952 5673 2261 5747 interpres.

2375 5463 2533 5534 Ergo,
2569 5462 2878 5534 Zachariae
2907 5460 3085 5534 dedit,
3137 5461 3252 5516 Sed
3303 5461 3385 5518 ita
3430 5464 3706 5532 Ζαχαρίου
3753 5462 3814 5515 et
3843 5475 4001 5517 mox

2375 5532 2494 5599 τῶῦ,
2523 5533 2655 5588 loco
2683 5535 2731 5585 oi
2760 5532 3087 5602 legendum
3117 5537 3293 5589 esset.

2469 5605 2559 5675 33)
2598 5603 2686 5670 Ἣ,
2724 5611 2860 5675 post
2883 5612 3056 5670 τοῦτο,
3094 5604 3277 5660 deest.
3314 5606 3372 5658 Β.

2469 5609 2534 5660 33
2598 5608 2686 5670 Ἣ,
2724 5611 2860 5675 post
2883 5612 2998 5656 τούτ

2444 5608 2559 5749 ἕλιξ
2593 5680 2654 5729 Ac‘
2683 5675 2898 5732 omittit
2934 5682 2998 5730 A.
