4170 6364
104 357 212 414 877

1237 342 1600 405 COMMENT.
1642 339 1713 396 IN
1756 336 2013 398 LUCAM.
2052 373 2118 384 -
2149 343 2304 402 CAP.
2347 345 2397 400 Ι.

3375 350 3480 407 878

189 489 290 537 Καὶ
331 485 500 536 ἔθεντο
547 511 613 522 -
683 481 868 534 αὐτῶν.
936 477 1150 532 Ἐϐαλον
1209 483 1387 539 ταῦτα,
1450 474 1514 530 ὡς
1573 467 1749 531 ἀξιό-

1900 468 2057 523 Vers.
2092 474 2179 525 66.
2249 471 2322 526 Et
2365 479 2760 542 posuerunt—
2822 490 2920 530 suo
2975 475 3304 531 Posuerunt
3330 477 3480 540 haec,

111 573 264 644 λογα.

189 665 435 732 Αέγοντες
464 692 532 699 -
564 663 710 711 ἔσται
763 676 776 724 ;
829 662 1078 728 Λέγοντες
1133 654 1547 728 ἐπαπορητικῶςν
1575 647 1604 705 ἦ
1637 645 1720 696 λο⁹

114 750 404 822 γεζομενοι.

186 840 362 902 Ἀξιον
407 835 465 891 δὲ
512 839 764 902 ζητῆσαι,
808 833 951 888 διας-ί
1003 835 1096 886 οὐκ
1145 831 1372 888 ἀπελύθη
1419 837 1512 889 τῆς
1579 824 1718 897 ἀφω-

115 933 225 988 νίας
286 929 311 979 6
367 932 663 1000 Ζαχαρίας,
723 929 805 978 ὅτε
862 929 920 977 τὸ
975 920 1190 976 παιδίον
1261 919 1525 992 ἐγεννήθη,
1595 913 1723 965 ἀλλὰ

117 1017 310 1088 μᾶλλον
362 1019 447 1069 ὅτε
477 1021 570 1075 τήν
607 1016 794 1073 κλῆσιν
849 1021 941 1066 τοῦ
991 1013 1238 1084 ὀνόματος
1289 1007 1438 1062 ὒαϐε
1491 1023 1505 1073 ;
1561 1008 1722 1073 Λέγο-

118 1126 209 1178 μεν
240 1103 298 1158 δὲ
326 1107 407 1158 ὅτι
449 1103 542 1158 διὰ
589 1111 680 1162 τὴν
721 1112 812 1156 τοῦ
859 1102 1076 1174 ἀγγέλου
1116 1099 1403 1174 πρόρρησιν
1438 1139 1450 1150 .
1486 1094 1592 1148 εἶπε
1621 1096 1721 1165 γὰρ

121 1196 262 1265 αὐτῷ
294 1199 408 1265 (35)
455 1215 466 1226 ·
503 1191 641 1247 Ἰδοὺ
673 1197 764 1266 ἔσῃ
800 1200 1028 1256 σιωπῶν,
1068 1195 1155 1242 καὶ
1211 1193 1281 1260 μὴ
1317 1185 1600 1248 δυνάμενος
1630 1182 1724 1234 λα·

119 1284 303 1346 λῆσαι,
331 1286 467 1357 ἄχρι
499 1285 556 1342 ἧς
581 1285 775 1354 ἡμέρας
819 1285 1034 1352 γένηται
1062 1283 1249 1334 ταῦτα.
1283 1277 1451 1329 Εἰπὼν
1493 1277 1614 1347 γὰρ,
1647 1275 1726 1323 ὁτι

119 1382 292 1424 ταῦτα
329 1376 396 1424 τα
428 1369 522 1423 δύο
553 1373 752 1431 πάντως
790 1366 1074 1439 δεδήλωκε,
1123 1372 1214 1424 τήν
1263 1386 1317 1418 τε
1371 1369 1610 1436 γέννησιν
1636 1366 1726 1413 καὶ

118 1468 211 1520 τὴν
270 1462 463 1520 κλῆσιν
517 1469 605 1514 του
634 1460 900 1531 ὀνόματος,
933 1457 1038 1509 ἀλλ’
1069 1457 1126 1510 οὐ
1157 1462 1316 1529 μόνην
1353 1459 1445 1512 τὴν
1469 1458 1724 1525 γέννησιν,

121 1555 205 1603 ἱνα
225 1557 318 1602 καὶ
357 1554 416 1603 τὸ
455 1552 628 1622 θαῦμα
682 1554 896 1622 γένηται
924 1556 1015 1608 τῆς
1045 1545 1128 1599 ἐπὶ
1166 1554 1238 1616 τῷ
1272 1547 1483 1616 ὀνόματι
1511 1562 1726 1614 συμφω-

118 1647 252 1703 νὶας.

197 1771 298 1819 Καὶ
324 1771 451 1839 χεὶρ
483 1796 543 1803 ~-—
579 1763 757 1815 αὑτοῦ.
790 1766 1033 1834 Δύναμις,
1063 1763 1220 1834 χάρις
1250 1766 1396 1813 Θεοῦ.

201 1860 300 1907 Καὶ
331 1860 610 1927 Ζαχαρίας
670 1885 715 1892 -ο-
760 1853 934 1904 αὐτον.
999 1855 1122 1923 Περὶ
1176 1859 1272 1912 τῆς
1301 1849 1732 1919 ἐνανορωπὴσεως

125 1953 217 1997 τοῦ
273 1951 509 2018 Χριστοῦ
560 1950 725 1994 ταῦτα
778 1946 1146 2015 προεφήτευσε.
1233 1942 1326 1990 Διά
1380 1941 1575 1998 ταύτης
1631 1939 1730 2008 γὰρ

129 2033 460 2104 ἐπεσκέψατο
517 2037 605 2083 καὶ
647 2031 972 2105 ἐλυτρωσατο
1017 2033 1102 2081 τὸν
1148 2027 1269 2080 λαὸν
1327 2027 1485 2078 αὑτοῦ
1535 2025 1588 2077 ἐκ
1645 2033 1734 2085 τῆς

128 2119 465 2193 τυραννίδος,
507 2120 565 2171 οὗ
609 2124 760 2191 μόνον
809 2128 907 2170 τῶν
960 2117 1191 2185 ἀοράτων
1231 2117 1444 2191 ἐχθρῶν,
1485 2114 1610 2166 ἀλλὰ
1644 2119 1734 2165 καὶ

132 2221 232 2262 τῶν
288 2212 509 2283 ὁρατῶν,
558 2211 622 2268 ὡς
651 2213 720 2280 μὴ
781 2205 1074 2278 δυναμένων
1103 2207 1460 2279 περιγενέσθαι
1489 2213 1586 2264 τῆς
1611 2208 1735 2255 πίσ-

133 2319 258 2361 τεως
301 2299 483 2351 αὐτοῦ.
510 2302 648 2351 Λαὸν
677 2295 735 2350 δὲ
759 2297 916 2349 αὐτοῦ
957 2300 1354 2369 προηγουμένως
1385 2298 1495 2367 μὲν,
1523 2297 1611 2345 τὸν
1641 2313 1740 2345 1101-

135 2389 286 2440 λαιόν
330 2405 342 2418 ·
375 2387 568 2440 ἐκείνου
625 2384 682 2439 δὲ
729 2385 1108 2445 ἀπειθήσαντος
1160 2388 1246 2436 τὸν
1288 2388 1394 2435 νέον
1433 2383 1630 2435 λοιπὸν.
1658 2381 1740 2442 Ὠς

135 2481 458 2550 γεγενημένα
508 2473 566 2529 δε
621 2476 754 2548 λέγει
812 2478 878 2527 τὰ
940 2478 1279 2546 γενησόμενα,
1340 2478 1479 2544 νομῷ
1544 2489 1742 2545 προφη-

138 2572 300 2629 τείας.

213 2673 374 2727 Ἀλλὰ
407 2681 515 2735 πῶς
553 2672 754 2744 λέγεται
801 2675 930 2733 Θεὸς
984 2678 1076 2723 τοῦ
1124 2668 1338 2742 Ἰσραὴλ
1381 2668 1492 2739 (36)
1534 2671 1685 2738 μόνον
1727 2683 1740 2733 ;

146 2763 251 2816 Καὶ
289 2765 392 2834 γὰρ
445 2762 501 2812 οὗ
534 2770 631 2812 τῶν
668 2759 1007 2834 Ἰσραηλιτῶν
1051 2763 1202 2831 μόνον
1260 2757 1371 2809 ἐστὶ
1423 2759 1567 2820 Θεὸς,
1617 2753 1745 2805 ἀλλὰ

145 2857 237 2903 καὶ
267 2853 476 2902 πάντων
507 2858 605 2900 τῶν
654 2850 956 2920 ἀνθρώπων,
985 2849 1049 2908 ὡς
1088 2848 1286 2899 πάντων
1321 2849 1570 2905 Ποιητής.
1603 2847 1746 2894 Διὸτι

145 2949 247 2990 τῶν
290 2943 380 3010 μὲν
420 2936 581 2988 ἀλλων
611 2939 810 2988 πάντων
856 2935 1134 3008 ἀνθρώπων
1188 2934 1411 2986 ἀκόντων
1452 2931 1563 2984 ἐστὶ
1618 2935 1746 2992 Θεὸς

148 3036 249 3078 τῶν
301 3025 638 3098 Ἰσραηλιτῶν
693 3022 752 3077 δὲ
799 3029 964 3097 μόνων
1023 3024 1236 3076 ἑκόντων
1280 3023 1392 3074 κατ’
1449 3021 1744 3092 ἐπίγνωσιν.

1831 561 2119 629 tanquam
2148 559 2523 617 admiranda.

1901 645 2060 698 Vers.
2093 645 2175 702 66.
2215 648 2464 703 Dz'centes
2493 681 2560 690 -
2599 651 2750 706 erit?
2789 651 3053 709 Dicentes
3083 653 3479 712 dubitantium

1832 749 2016 798 more,
2040 740 2143 790 aut
2180 738 2532 806 cogitantes.

1901 828 2104 889 Operae
2137 825 2389 894 pretium
2419 833 2725 883 estautem
2756 845 3034 900 quaerere,
3069 847 3258 902 quare
3285 831 3484 887 ablata

1830 925 1945 965 non
1978 919 2063 966 est
2101 929 2136 968 a
2162 914 2439 972 Zacharia
2469 915 2720 987 loquelae
2751 918 3034 987 carentia,
3057 920 3304 990 quando
3337 935 3487 991 puer

1832 1005 2006 1054 natus
2029 1005 2136 1065 est,
2173 1002 2274 1056 sed
2302 1003 2498 1074 potius
2523 1005 2769 1076 quando
2789 1021 3009 1061 nomen
3035 1008 3303 1078 accepit"
3343 1007 3487 1063 Dici-

1835 1105 1965 1143 mus
1987 1090 2148 1160 quod
2177 1094 2624 1163 propterangeli
2643 1095 2983 1152 vaticinium
3008 1117 3020 1150 :
3041 1095 3270 1152 dixerat
3291 1097 3479 1151 enim:

1832 1178 1906 1230 Et
1937 1194 2047 1233 ecce
2071 1181 2180 1233 eris
2205 1188 2401 1245 mutus,
2436 1198 2526 1236 nec
2567 1182 2714 1254 loqui
2760 1185 2976 1254 poteris,
3038 1201 3198 1255 usque
3219 1184 3284 1238 ab
3322 1185 3485 1250 diem,

1836 1284 1940 1338 quo
1966 1268 2084 1324 haec
2111 1269 2234 1325 ﬁent
2268 1271 2332 1321 ¹⁰.
2371 1271 2668 1340 Siquidem
2696 1271 2899 1326 dicens
2938 1273 3088 1338 Haec,
3122 1271 3244 1328 duo
3285 1274 3490 1346 utique

1837 1357 2254 1423 manifestavit,
2289 1359 2647 1415 nativitatem
2682 1359 2955 1416 videlicet
2983 1377 3054 1417 ac
3096 1362 3357 1418 nominis
3382 1363 3492 1418 im-

1839 1446 2217 1517 pOSitionem,
2244 1463 2359 1502 non
2390 1452 2590 1504 autem
2619 1448 2809 1504 solam
2827 1449 3197 1506 nativitatem
3223 1469 3235 1507 :
3267 1456 3328 1507 ut
3356 1467 3492 1508 con-

1836 1534 2132 1590 venientia
2161 1534 2223 1589 in
2243 1536 2482 1592 nomine
2508 1535 2574 1593 fit
2602 1537 2781 1593 etiam
2811 1538 3190 1595 miraculum.

1914 1757 2073 1810 Vers.
2107 1760 2194 1812 66.
2236 1759 2311 1811 Et
2347 1762 2539 1812 manus
2569 1789 2635 1798 -—-
2665 1757 2781 1814 illo.
2809 1756 3006 1814 Virtus
3037 1774 3106 1814 ac
3133 1759 3324 1831 gratia
3357 1759 3482 1816 Dei.

1919 1846 2073 1899 νει-8.
2128 1847 2213 1901 67.
2269 1847 2343 1900 Et
2399 1846 2697 1901 Zacharias
2736 1878 2804 1887 —
2846 1862 2982 1902 suae.
3035 1847 3154 1903 Hac
3184 1847 3257 1902 de
3285 1848 3495 1904 Christi

1843 1936 2243 1990 incarnatione
2286 1936 2638 2006 prophetat:
2668 1950 2774 2005 per
2830 1935 2984 1990 hanc
3017 1935 3175 1991 enim
3239 1936 3498 1993 visitavit

1843 2040 1913 2079 ac
1942 2023 2183 2079 redemit
2208 2023 2500 2094 populum
2519 2039 2721 2088 suum,
2751 2038 2869 2078 non
2898 2022 3094 2078 solum
3120 2041 3154 2078 a
3179 2024 3500 2095 tyrannide

1843 2108 2104 2164 hostium
2123 2107 2532 2175 invisibilium,
2558 2105 2661 2162 sed
2683 2107 2863 2162 etiam
2889 2105 3232 2176 visibilium,
3253 2112 3317 2163 ut
3339 2107 3502 2164 vide-

1845 2196 2165 2265 licetﬁdem
2182 2197 2309 2266 ejus
2329 2211 2609 2268 superare
2622 2211 2744 2251 non
2757 2195 3006 2267 possint.
3021 2195 3310 2268 Populum
3325 2213 3501 2252 suum

1849 2291 2085 2353 autem;
2156 2286 2350 2356 primo
2401 2285 2642 2356 quidem
2684 2289 2983 2350 veterem;
3043 2283 3139 2339 illo
3187 2301 3325 2341 vero
3381 2301 3505 2342 non

1850 2375 2147 2439 credente,
2180 2374 2569 2444 postmodum
2598 2388 2844 2428 novum.
2870 2371 3019 2427 Dicit
3047 2377 3241 2428 autem
3268 2389 3339 2430 ea
3365 2390 3504 2446 qua:

1851 2462 2050 2518 futura
2075 2467 2232 2526 sunt,
2265 2467 2555 2531 tanquam
2577 2476 2649 2516 ea
2667 2475 2802 2532 quae
2829 2459 2988 2516 facta
3009 2465 3163 2531 sunt,
3180 2477 3343 2518 more
3369 2477 3504 2534 pro-

1854 2551 2088 2622 phetiaa.

1926 2695 2142 2747 Verum
2171 2691 2478 2763 quomodo
2516 2691 2725 2748 dicitur
2755 2691 2909 2746 Deus
2940 2691 3124 2748 solius
3144 2692 3337 2758 tsrael,
3367 2709 3508 2750 cum

1857 2797 1975 2837 non
1997 2785 2231 2836 tantum
2263 2779 2632 2836 Iraelitarum
2660 2782 2815 2838 Deus
2850 2783 2945 2850 sit,
3005 2781 3111 2838 sed
3159 2787 3215 2837 et
3243 2783 3509 2838 omnium

1855 2869 2194 2934 hominum,
2250 2873 2448 2941 utpote
2473 2869 2748 2926 omnium
2778 2876 3009 2927 creator
3040 2871 3067 2925 ?
3093 2871 3243 2936 Quia
3273 2876 3512 2928 caetero-

1855 2975 1988 3015 rum
2015 2958 2262 3032 quidem
2287 2960 2560 3015 omnium
2610 2960 2927 3017 hominum
2975 2962 3128 3016 Deus
3159 2965 3302 3029 erat,
3360 2960 3512 3033 ipsis

1858 3050 2036 3104 etiam
2090 3047 2446 3103 nolentibus.
2506 3047 2780 3105 Solorum
2831 3059 3032 3105 autem
3090 3049 3510 3117 lsraelitorum,

150 3120 238 3172 Μὴ
270 3112 564 3186 θορυϐηθῇς
596 3112 653 3166 δὲ
687 3113 772 3166 ἐπὶ
810 3121 871 3186 τῇ
904 3109 1194 3186 δυσχερείᾳ
1223 3121 1322 3164 τῶν
1353 3119 1442 3164 τοῦ
1478 3113 1748 3184 Ζαχαρίου

1872 3137 2278 3200 Jltroneorum,
2311 3140 2368 3191 et
2383 3152 2486 3208 per
2506 3138 2927 3208 cognitionem.
2961 3141 3041 3194 Ne
3068 3137 3289 3194 tuberis
3315 3145 3516 3196 autem

149 3206 323 3277 ῥητῶν
354 3222 366 3233 ·
405 3211 622 3254 τοιαῦτα
663 3205 764 3275 γὰρ
812 3204 879 3253 τὰ
928 3203 1226 3276 προφητικιί
1258 3221 1269 3232 ·
1302 3201 1664 3273 Πειρασὸμεθα
1694 3194 1752 3250 δὲ

156 3296 451 3364 σαφηνίσαι
481 3299 668 3361 ταῦτα,
700 3293 836 3342 κατὰ
850 3295 943 3349 τὴν
975 3289 1458 3365 ἐπιχορηγουμένην
1480 3291 1604 3361 ἡμῖν
1623 3295 1755 3358 γνῶ-

155 3400 258 3432 σιν.

233 3581 333 3631 Καὶ
363 3581 540 3652 ἤγειρε
575 3607 638 3616 —
665 3575 844 3628 αὐτοῦ.
886 3579 956 3629 Τὸ
987 3580 1135 3650 κέρας
1164 3573 1383 3628 ἐνταῦθα
1414 3575 1442 3633 ἡ
1488 3573 1759 3647 βασιλείαν

163 3661 336 3728 δηλοῖ,
372 3663 512 3718 ὁίοτι
544 3664 591 3716 ἐν
625 3669 802 3738 κέρατι
841 3667 889 3717 οἰ
920 3663 1160 3737 βασιλεῖς
1211 3662 1449 3739 ἐχρίοντο
1496 3668 1586 3716 καὶ
1613 3682 1762 3738 προε-

157 3755 487 3827 χειρίζοντο,

226 3849 294 3897 Ἥ
338 3841 568 3916 δύναμιν
602 3849 844 3916 σημαίνει
877 3863 888 3875 ·

160 3934 350 4004 ἔχουσι
380 3936 558 3988 πάντα
585 3935 648 3985 τὰ
677 3937 976 4008 κερασφόρα
1002 3933 1130 3993 ζῶα.

234 4111 400 4186 Κέρας
452 4107 510 4164 δὲ
550 4111 654 4184 οὐχ
693 4111 880 4179 ἁπλῶς,
942 4110 1069 4163 ἀλλὰ
1113 4115 1393 4184 σωτηρίας,
1445 4114 1607 4182 ἤγουν
1658 4131 1765 4164 σω-

167 4204 359 4274 τήριον,
414 4200 686 4254 Βασιλείαν
750 4197 809 4252 δὲ
870 4206 959 4252 καὶ
1022 4197 1244 4272 δύναμιν
1304 4206 1580 4276 σωτήριον,
1634 4200 1769 4273 λέγει

168 4293 252 4340 τὸν
279 4294 536 4365 Χριστὸν,
571 4292 635 4350 ὡς
667 4287 890 4362 βασιλέα
926 4299 1022 4341 τῶν
1078 4288 1456 4360 βασιλευόντων
1495 4295 1584 4342 καὶ
1615 4286 1771 4343 δύνα-

172 4398 255 4449 μιν
294 4389 382 4432 τοῦ
452 4383 670 4452 Πατρός,
723 4385 812 4431 καὶ
875 4386 1092 4453 Σωτῆρα
1142 4387 1239 4431 τῶν
1301 4383 1649 4432 πιστευόντων
1707 4380 1772 4440 εἰς

943 3839 1080 3896 διότι
1112 3842 1158 3894 ἐν
1201 3847 1375 3917 κέρατι
1408 3848 1502 3902 τὴν
1542 3839 1763 3916 δύναμιν

1862 3230 2104 3298 propter
2159 3225 2566 3280 difﬁcultatem
2647 3242 2876 3292 eorum,
2931 3242 3067 3298 quaa
3120 3242 3155 3282 a
3234 3227 3518 3283 Zacharia

1864 3314 2140 3369 dicuntur
2181 3330 2194 3380 ;
2224 3329 2365 3369 nam
2388 3313 2737 3384 hujusmodi
2763 3319 2902 3371 sunt
2931 3314 3304 3386 prophetica;
3336 3321 3520 3374 tenta-

1865 3402 2066 3458 bimus
2088 3407 2288 3458 tamen
2319 3417 2391 3458 ea
2412 3403 2586 3473 juxta
2620 3402 2825 3460 datam
2865 3403 3033 3460 nobis
3063 3403 3517 3474 intelligentiam

1869 3491 2209 3562 explanare.

1940 3580 2101 3636 Vers.
2132 3580 2219 3635 69.
2242 3581 2317 3634 Et
2346 3580 2527 3636 erexit
2547 3611 2616 3620 —
2644 3579 2812 3636 Vers-
2858 3585 2947 3636 70.
2996 3597 3236 3638 suorum.
3266 3582 3372 3638 Per
3391 3597 3518 3638 cor-

1871 3685 2244 3739 nu,regnum
2263 3667 2360 3724 hic
2421 3668 2690 3740 intelligit
2722 3670 2898 3741 :quia
2960 3685 3068 3742 per
3114 3687 3304 3728 cornu
3345 3686 3517 3742 reges

1871 3758 2315 3829 inungebantur
2342 3773 2411 3814 ac
2439 3757 2934 3828 designabantur.

1943 3850 2056 3904 Aut
2102 3846 2396 3917 signiﬁcat
2439 3847 2780 3918 potentiam.
2840 3850 2903 3902 In
2952 3863 3138 3903 cornu
3186 3849 3348 3904 enim
3399 3850 3524 3906 for-

1875 3937 2187 3995 titudinem
2203 3935 2429 3994 habent
2451 3952 2660 3994 omnes
2687 3937 3020 3994 animantes
3047 3953 3272 3995 cornua
3313 3952 3520 4009 geren-

1875 4031 1978 4084 tes.

1949 4115 2145 4172 Cornu
2174 4130 2313 4171 vero
2331 4113 2694 4186 simpliciter,
2724 4116 2832 4171 sed
2853 4115 3218 4186 salutis,sive
3241 4116 3523 4174 salutare.

1879 4209 2150 4275 Regnum
2179 4207 2371 4260 autem
2392 4208 2448 4260 et
2492 4205 2822 4275 potentiam
2852 4204 3176 4263 salutarem
3207 4205 3351 4262 dicit
3368 4205 3531 4262 Chri-

1881 4299 2064 4363 stum,
2097 4297 2298 4364 utpote
2327 4308 2530 4362 regem
2554 4293 2962 4364 regnantium,
2986 4298 3042 4350 et
3067 4296 3396 4366 potentiam
3426 4311 3532 4367 pa-

1883 4383 2006 4452 tris,
2050 4399 2120 4439 ac
2153 4381 2522 4441 Salvatorem
2589 4382 2652 4438 in
2709 4399 2770 4438 se
2836 4383 3224 4440 credentium.
3273 4386 3532 4442 Domum

175 4467 340 4521 αὐτὸν.
393 4470 553 4520 Οἶκον
600 4463 658 4520 δε
700 4472 801 4519 νόει
831 4471 888 4518 τὸ
926 4471 1066 4538 γένος
1112 4476 1202 4519 τοῦ
1243 4465 1427 4520 Δαυῖδ.
1484 4473 1648 4528 Φησὶν
1687 4465 1749 4522 οὗ

1883 4473 2062 4529 etiam
2088 4471 2374 4541 inlelligit,
2428 4471 2675 4528 domum
2722 4472 2926 4528 David.
2967 4473 3115 4528 Dicit
3152 4489 3312 4542 ergo,
3371 4475 3538 4545 quod

178 4556 255 4606 611
311 4555 594 4615 ἀνέστησεν
655 4558 778 4628 ἡμῖν
835 4565 905 4627 τῷ
979 4556 1108 4608 λαιῶ
1165 4557 1322 4610 αὑτοῦ
1410 4556 1682 4630 βασιλείαν
1740 4560 1769 4617 ᾖ

181 4639 398 4717 δύναμιν
457 4650 712 4718 σωτήριον
753 4645 806 4696 ἐκ
853 4649 1026 4715 γένους
1072 4641 1258 4712 Δαυῖδ,
1306 4655 1395 4699 τοῦ
1455 4643 1644 4699 δούλου
1685 4648 1771 4700 αὐ·

181 4740 292 4783 τοῦ.
349 4734 433 4786 Ἐκ
495 4738 787 4806 σπέρματος
837 4735 937 4806 γὰρ
993 4730 1159 4786 Δαυίὸ
1222 4731 1282 4794 ἦν
1320 4737 1349 4792 ἠ
1388 4738 1660 4808 ΙΙαρθένος,
1690 4735 1774 4810 ἀφ’

186 4815 248 4879 ἧς
299 4823 324 4871 6
378 4828 607 4889 Χριστὸς
645 4828 962 4894 γεγέννηται.
1026 4830 1191 4876 Τοῦτο
1241 4821 1299 4876 δὲ
1357 4829 1652 4890 πεποίηκεν,
1712 4829 1776 4886 ὡς

186 4906 526 4979 ἐπηγγείλατο
571 4909 664 4962 διὰ
713 4917 972 4986 στόματος
1013 4922 1113 4964 τῶν
1162 4912 1340 4982 ἁγίων,
1403 4910 1611 4972 δηλαδὴ
1676 4922 1776 4967 τῶν

187 4997 406 5050 ἔκπαλαι
460 5001 755 5074 προφητῶν.
807 5003 880 5054 Δι’
937 5001 1103 5053 αὐτῶν
1131 5003 1231 5074 γὰρ
1281 5002 1617 5074 ἐπηγγείλατο
1657 5002 1778 5056 ἁνα-

190 5091 398 5144 στήσειν
445 5087 668 5162 βασιλέα
697 5085 916 5142 δυνατὸν
946 5093 994 5142 ἐν
1035 5095 1159 5162 οἴκῳ
1211 5089 1398 5160 Δαυὶὸ,
1429 5099 1645 5166 Σωτῆρα
1688 5100 1782 5145 τοῦ

191 5176 416 5248 Ἰσραήλ.
472 5183 574 5231 Καὶ
629 5185 779 5232 τοῦτο
833 5176 1161 5233 διδάσκουσι
1205 5180 1405 5254 ψαλμοὶ
1465 5181 1643 5235 πολλοὶ
1691 5190 1783 5235 τοῦ

190 5263 372 5320 Δαυίδ.

262 5391 308 5425 ιο
333 5391 472 5448 Luc.
496 5408 533 5459 1,
553 5393 642 5448 20.

1882 4561 2132 4617 instituit
2159 4559 2578 4632 nobispopulo
2627 4577 2736 4616 suo
2795 4576 3050 4630 regnum
3088 4566 3145 4617 et
3203 4563 3536 4632 potentiam

1885 4649 2209 4706 salutarem
2232 4665 2262 4704 e
2289 4664 2502 4718 genere
2529 4648 2716 4704 David
2744 4649 2897 4704 servi
2929 4648 3041 4704 sui.
3067 4653 3113 4704 Α
3131 4664 3345 4719 genere
3376 4651 3538 4706 enim

1884 4739 2066 4796 David
2095 4738 2500 4795 descendebat
2536 4737 2735 4807 Virgo,
2777 4753 2850 4793 ex
2898 4754 3018 4808 qua
3071 4738 3333 4794 Christus
3362 4744 3540 4794 natus

1887 4833 1993 4886 est.
2025 4829 2181 4885 Fecit
2210 4832 2411 4884 autem
2439 4826 2575 4891 hoc,
2610 4826 2763 4882 sicut
2793 4826 3152 4897 promiserat
3177 4843 3284 4898 per
3308 4844 3376 4883 os
3401 4843 3544 4885 san-

1890 4922 2142 4982 ctorum,
2171 4915 2440 4972 videlicet
2468 4914 2914 4986 prophetarum,
2958 4915 3065 4987 qui
3099 4915 3242 4972 olim
3281 4916 3542 4972 fuerunt.

1892 5007 1999 5062 Per
2024 5007 2187 5078 ipsos
2225 5003 2386 5060 enim
2417 5003 2773 5076 promiserat
2791 5019 2992 5074 regem
3019 5005 3385 5062 exoriturum
3443 5022 3550 5078 po-

1892 5098 2113 5152 tentem
2152 5094 2208 5149 in
2233 5093 2416 5148 domo
2447 5093 2654 5158 David,
2693 5092 3062 5151 Salvatorem
3089 5095 3286 5152 Israel.
3335 5097 3401 5152 Et
3431 5095 3548 5152 hoc

1894 5184 2111 5240 docent
2149 5181 2320 5239 multi
2357 5181 2576 5239 Psalmi
2615 5181 2832 5240 David.

1410 5502 1634 5569 Variae
1661 5503 1990 5571 lectiones
2018 5513 2084 5570 et
2114 5514 2318 5569 notae.

263 5622 372 5695 (35)
415 5632 515 5679 Καὶ
548 5622 692 5680 ἰδού.
736 5628 796 5680 Β.

263 5695 377 5766 (36)
408 5703 580 5752 Μόνον
607 5697 834 5752 B.ldem
874 5712 1016 5752 mox
1055 5697 1232 5753 habet
1251 5703 1440 5770 μόνων,
1462 5713 1572 5770 pro
1601 5719 1774 5771 μονον.
