4170 6364
676 360 782 416 879

751 486 912 541 Vers.

679 589 887 638 cornu,
917 573 1170 628 salutem
1189 579 1243 628 et
1263 572 1712 643 redemptionen
1737 571 1816 627 ab
1835 571 2088 626 inimicis
2114 569 2334 625 nostris

678 661 1009 718 visibilibus
1039 666 1094 717 et
1135 661 1544 716 invisibilibus.

752 752 912 805 Vers.
950 755 1038 804 72.
1061 749 1130 805 Ut
1152 751 1358 821 faceret
1386 781 1452 788 —
1477 750 1584 804 sui.
1606 749 1900 804 Faciendo
1935 747 2337 803 misericordia

681 853 818 893 cum
847 837 1122 910 patribus
1156 837 1389 900 nostris,
1417 839 1537 891 sive
1561 837 1905 892 miserando
1936 842 2174 908 patrum
2202 852 2336 890 nos-

682 935 932 992 trorum,
986 927 1065 982 ad
1147 943 1301 999 quos
1353 926 1509 982 facta.
1569 931 1656 982 est
1715 925 2028 996 promissio
2131 925 2336 980 salutis

685 1021 925 1081 nostra,
968 1021 1025 1072 et
1053 1031 1158 1088 per
1213 1015 1344 1070 illos
1401 1015 1683 1071 habendo
1705 1015 1882 1085 hujus
1949 1015 2326 1070 memoriam.

682 1109 1127 1162 Testamentum
1178 1105 1336 1160 enim
1392 1111 1569 1169 vocat,
1607 1103 2104 1176 promissionem:
2156 1103 2336 1174 hujus

685 1202 888 1252 autem
917 1195 1288 1265 memoriam,
1332 1194 1809 1250 terminationem
1842 1209 1912 1249 ac
1937 1193 2337 1265 complemen-

683 1291 831 1340 tum.

761 1375 918 1429 Vers.
950 1377 1036 1429 73.
1079 1371 1470 1444 Jurisjurandi
1498 1402 1558 1411 —
1590 1379 1854 1427 nostrum.
1889 1373 1960 1428 Ut
1999 1372 2177 1427 etiam
2215 1386 2337 1426 me-

686 1479 820 1518 mor
850 1466 1006 1517 esset
1026 1462 1445 1534 jurisjurandi,
1467 1461 1631 1533 quod
1654 1462 1891 1532 juravit,
1920 1462 2034 1516 hoc
2063 1467 2169 1526 est,
2199 1477 2336 1516 con-

683 1551 1052 1614 firmationis.
1084 1567 1268 1623 quam
1284 1549 1657 1606 confirmavit
1679 1551 1755 1605 ad
1782 1551 2086 1605 Abraham
2110 1555 2333 1621 patrem

687 1647 952 1695 nostrum
990 1660 1002 1694 :
1029 1639 1453 1710 jusjurandum
1484 1639 1643 1694 enim
1663 1639 1784 1702 Dei,
1813 1639 2187 1694 conﬁrmatio
2226 1644 2330 1692 est.

683 1729 1090 1784 lndiﬂ‘erenter
1112 1734 1312 1782 autem
1353 1729 1599 1783 verbum
1648 1713 1946 1800 μνησθῆναι
1977 1745 2012 1783 a
2072 1728 2334 1798 genitivo

2031 351 2382 411 EUTHYMII
2422 351 2754 414 ZlGABENl

988 489 1074 539 Ἠ.
1134 483 1375 540 Salutem
1433 515 1502 524 —
1565 499 1664 539 nos
1706 482 1897 540 Erexit
1962 487 2160 538 autem
2218 477 2408 536 hocA

4137 247 4146 311 l

3960 329 4146 416 sset

2515 487 2846 554 Σωτηρίαν-
2899 483 3055 554 ἡμᾶς.
3114 487 3320 554 ’Ἡγειρε
3360 478 3418 533 δὲ
3457 479 3568 550 (37)
3615 482 3672 530 τὸ
3701 481 3866 550 κέρας
3909 483 4064 528 τοῦτο
4139 478 4145 510 ί

2445 576 2708 645 σωτηρίαν
2748 573 2871 643 ἡμῖν
2931 571 3040 642 (38)
3093 575 3182 623 καὶ
3233 569 3490 644 λύτρωσιν
3521 567 3573 631 ἐξ
3621 567 3835 640 ἐχθρῶν
3893 567 4060 637 ἡμῶν,

2452 661 2684 731 ἀοράτων
2715 665 2803 710 καὶ
2834 661 3050 734 ὁρατῶν.

2519 755 2744 807 Ιιοιῆσαι
2777 780 2842 788 —
2870 749 3048 802 αὐτοῦ.
3097 749 3175 801 Ἐν
3215 756 3285 819 τῷ
3331 757 3553 806 ποιῆσαι
3598 746 3732 807 ἔλεος
3787 746 3938 816 μετά
3970 754 4060 795 τὼν
4133 747 4138 794 ἓ

2447 842 2676 908 πατέρων
2733 840 2898 908 ἡμῶν,
2940 840 3096 906 ἤγουν
3163 840 3211 889 ἐν
3251 846 3321 888 τῶ
3381 836 3588 895 ἐλεῆσαι
3644 842 3766 896 τους
3819 838 4059 906 πατέρας

2446 928 2610 998 ἡμῶν,
2663 929 2788 999 πρὸς
2846 925 2934 985 οὓς
2983 928 3012 983 ἡ
3074 925 3350 997 ἐπαγγελία
3403 935 3496 986 τῆς
3563 928 3832 996 σωτηρίας
3891 924 4055 994 ἡμῶν.

2445 1019 2535 1066 καὶ
2581 1012 2653 1066 δι’
2703 1014 2922 1074 ἐκείνους
2943 1017 3237 1086 μνησθῆναι
3271 1018 3480 1074 ταύτης.
3538 1015 3805 1071 Διαθὴκην
3833 1015 3954 1086 γὰρ
3985 1012 4055 1062 Li-

2444 1123 2524 1175 γει
2581 1109 2674 1162 τὴν
2735 1103 3055 1175 ἐπαγγελίαν,
3109 1109 3317 1176 μνήμην
3365 1101 3424 1156 δὲ
3465 1103 3641 1174 αὐτῇς,
3674 1107 3770 1160 την
3817 1105 4056 1174 περάτω-

2449 1211 2548 1247 σιν.

2516 1378 2705 1445 Ὅρκον
2754 1403 2794 1412 -—
2853 1374 3017 1444 ἡμῶν.
3076 1376 3174 1424 Καὶ
3230 1370 3277 1422 ἐν
3321 1379 3393 1441 τῷ
3424 1371 3719 1441 μνησθῆναι
3752 1372 3845 1420 τὸν
3885 1371 4055 1441 ὁρκον,

2445 1463 2498 1512 ὃν
2556 1465 2727 1531 ὤμοσε
2757 1460 2890 1531 (39),
2928 1462 3182 1531 [τουτέστι
3226 1465 3321 1516 τὴν
3373 1457 3677 1530 βεϐαίωσιν,⁸
3733 1457 3798 1515 ἣν
3863 1457 4062 1510 ἐϐεϐαί-

2445 1548 2594 1621 ωσε]
2635 1552 2765 1622 πρὸς
2794 1547 3032 1622 Ἀϐραὰμ
3078 1553 3165 1600 τὸν
3204 1552 3402 1621 πατέρα
3450 1549 3595 1618 ἡμῶν
3650 1566 3662 1577 ⁸
3724 1548 3895 1620 ὅρκος
3965 1551 4059 1620 γάρ

2444 1638 2526 1690 ἐπὶ
2559 1647 2690 1692 Θεού
2747 1645 2833 1689 και
2892 1642 3118 1710 ὅμοσμα,
3176 1639 3205 1694 ἡ
3259 1635 3563 1708 βεϐαίωσις.
3615 1632 3972 1710 Ἀδιαφόρως
4009 1633 4061 1687 δὲ

2443 1733 2498 1780 τὸ
2539 1729 2856 1799 μνησθῆναι,
2917 1726 3016 1778 ἀπὸ
3047 1735 3254 1798 γενικῆς
3311 1725 3382 1786 εἰς
3430 1725 3722 1782 αἰτιατικὴν
3768 1767 3780 1778 .
3831 1727 4060 1784 σύνηθες

683 1818 895 1873 transit
923 1817 1000 1873 ad
1015 1816 1421 1872 accusativum
1452 1816 1543 1871 :id
1557 1817 1718 1872 enim
1739 1817 2077 1888 frequenter
2103 1818 2164 1871 in
2197 1817 2328 1871 scri-

2445 1821 2543 1892 γὰρ
2568 1825 2719 1869 τοῦτο
2766 1824 2870 1876 τοῖς
2899 1823 3257 1888 προφητικοίς,
3314 1817 3487 1888 ὥσπερ
3518 1819 3608 1865 καὶ
3637 1816 3666 1871 ἡ
3706 1813 3825 1883 (40)
3871 1823 4059 1885 79:156-

685 1907 872 1978 pturis
895 1907 1126 1970 accidit,
1168 1905 1544 1978 propheticis,
1587 1907 1738 1961 sicut
1768 1907 1903 1961 etin
1944 1905 2334 1975 {enigmaticis

683 2002 740 2050 et
764 1995 994 2065 ﬁguris,
1036 1995 1337 2067 (idemque
1390 1994 1455 2048 ﬁt
1483 1994 1648 2066 apud
1694 1995 1923 2050 Latinos
1978 1994 2040 2048 in
2085 1994 2338 2065 Vulgata

685 2084 1087 2148 translatione,
1117 2100 1253 2138 cum
1273 2083 1468 2154 primo
1485 2082 1702 2138 dicitur
1731 2085 2066 2139 testamenti
2093 2089 2149 2139 et
2172 2087 2336 2155 post-

684 2173 928 2227 modum
956 2172 1076 2243 jusj
1089 2171 1437 2242 urandum).
1460 2170 1684 2226 Deinde
1714 2171 1874 2237 dicit,
1892 2172 1968 2226 ad
1995 2171 2135 2242 quid
2161 2171 2336 2227 fuerit

681 2262 796 2316 hoc
823 2266 1244 2317 testamentum
1271 2266 1327 2315 et
1357 2259 1753 2316 conﬁrmatio.

756 2351 918 2407 Vers.
953 2354 1039 2406 73.
1076 2351 1148 2406 Ut
1168 2350 1322 2404 daret
1360 2380 1428 2390 —
1469 2348 1628 2404 Vers.
1672 2349 1725 2404 5.
1786 2356 2002 2404 uostrw.
2060 2350 2168 2405 Per
2233 2349 2333 2421 hy-

685 2442 973 2513 perbaton
1003 2445 1090 2495 est
1116 2439 1330 2494 horum
1361 2438 1658 2494 ordinatio
1690 2439 2024 2495 verborum.
2079 2439 2331 2494 Primum

681 2535 884 2585 autem
915 2528 1236 2585 dicendum
1290 2532 1407 2582 est:
1441 2529 1510 2582 Ut
1557 2527 1728 2583 daret
1765 2528 1936 2582 nobis
1993 2528 2152 2599 quod
2209 2530 2334 2583 sine

681 2618 893 2674 timore
922 2615 1368 2680 serviamusilli,
1396 2615 1452 2669 in
1477 2615 1787 2671 sanctitate
1813 2621 1869 2670 et
1879 2616 2106 2686 justitia
2128 2632 2332 2672 coram

681 2707 813 2776 ipso
835 2705 1118 2762 omnibus
1157 2703 1369 2760 diebus
1391 2703 1520 2759 vitae
1543 2709 1778 2760 nostrai.
1813 2705 2053 2771 Deinde,
2086 2704 2244 2776 quod
2273 2707 2333 2762 in

683 2795 880 2852 medio
909 2793 1194 2850 remansit
1235 2808 1246 2845 :
1283 2792 1360 2846 De
1397 2809 1561 2848 manu
1617 2793 1977 2847 inimicorum
2023 2801 2332 2852 nostrorum

2444 1926 2556 1967 της.
2590 1902 2716 1956 Εἶτα
2743 1904 2898 1974 λέγει,
2926 1909 3066 1966 τίνος
3093 1905 3254 1977 χάριν
3284 1905 3313 1961 η
3346 1905 3558 1960 τοιαύτη
3618 1899 3859 1960 διαθήκη
3913 1905 4053 1959 καὶὴ

2449 1995 2758 2068 βεϐαίωσις.

2514 2093 2615 2137 Τοῦ
2702 2081 2889 2136 ὃούται
2957 2115 3022 2122 -
3075 2086 3218 2154 ἡμῶν
3251 2081 3746 2157 Καθ’ύπερϐατὸνη
3809 2084 4054 2145 σύνταξις

2442 2176 2473 2232 ἠ
2501 2183 2599 2225 τῶν
2627 2174 2796 2245 ρητῶν
2827 2176 3039 2238 τούτων,
3075 2171 3196 2234 οἷον,
3223 2171 3370 2244 Ὑπὲρ
3402 2180 3494 2222 τοῦ
3526 2167 3722 2240 ,δοῦναι
3753 2173 3889 2243 ἡμῖν
3937 2172 4056 2244 ἀφο-

2443 2263 2543 2324 ϐως
2575 2263 2831 2334 λατρεύειν
2862 2262 3002 2331 αύτῷ
3030 2260 3077 2312 ἐν
3103 2263 3338 2319 ὁσιότητι
3364 2265 3452 2313 καὶ
3486 2257 3802 2332 δικαιοσύνῃ
3835 2259 4051 2314 ἐνώπιον

2443 2353 2622 2415 αὐτού,
2655 2354 2828 2411 πάσας
2859 2353 2946 2410 τὰς
2977 2352 3171 2423 ἡμέρας
3198 2359 3292 2412 τῆς
3322 2353 3455 2412 ζωῆς
3497 2350 3662 2421 ἡμῶν.
3719 2348 3854 2404 Εἶτα
3892 2354 3956 2402 1'6
4009 2351 4051 2402 ἐν

2443 2447 2584 2515 μέσῳ
2611 2459 2622 2470 ”
2658 2443 2730 2496 Ex
2759 2443 2936 2514 χειρὸς
2974 2447 3073 2490 τῶν
3105 2437 3308 2510 ἐχθρῶν
3341 2441 3486 2511 ἡμῶν
3523 2439 3838 2512 ῥυσθέντας.
3873 2440 4052 2492 Ὀσιο-

2441 2550 2576 2588 τητα
2603 2533 2692 2602 μὲν
2721 2525 2808 2580 οὖν
2837 2528 2970 2600 λέγει
3006 2533 3097 2586 τὴν
3121 2527 3403 2597 εὐσέϐειαν,
3456 2524 3804 2586 δικαιοσύνην
3853 2525 3917 2580 δὲ
3958 2536 4050 2588 τὴν

2441 2619 2735 2676 τελειότητα
2763 2626 2862 2670 τῶν
2909 2617 3074 2669 ἄλλων
3105 2616 3316 2690 ἀρετῶν.
3352 2615 3574 2672 Ἔπειτα
3631 2617 3939 2688 μεταϐαίνει
3981 2629 4042 2691 τῇ

2440 2713 2729 2784 προφητείᾳ
2756 2711 2846 2758 καὶ
2903 2709 3031 2778 πρὸς
3088 2710 3174 2758 τὸν
3227 2706 3412 2760 ἑαυτοῦ
3452 2702 3625 2759 παῖδα
3663 2707 3928 2775 Ἰωάννην,
3960 2714 4051 2760 καὶ
4135 2723 4137 2784 i

2443 2818 2592 2871 φησιο

680 2885 933 2941 liberati.
957 2881 1337 2938 Sanctitatem
1356 2882 1555 2954 itaque
1576 2887 1768 2948 vocat,
1787 2881 2009 2937 cultum
2022 2881 2321 2954 divinum;
2345 2888 2637 2958 justitiam
2662 2902 2818 2951 vero,
2839 2884 3204 2956 reliquarum
3245 2884 3659 2955 perfectionem
3711 2882 4038 2949 virtutum,

679 2973 895 3030 Deinde
919 2973 982 3028 in
1009 2973 1288 3028 vaticinio
1314 2974 1384 3028 ad
1406 2972 1596 3028 ﬁlium
1626 2988 1869 3045 quoque
1897 2990 2074 3029 suum
2112 2976 2406 3032 Joannem
2435 2976 2784 3044 digreditur,
2813 2980 2866 3029 et
2893 2973 3003 3029 ait:

748 3065 914 3118 Vers.
941 3065 1032 3116 76.
1062 3062 1136 3116 Et
1166 3069 1225 3117 tu
1264 3093 1333 3102 —
1357 3061 1644 3116 vocaberis.
1673 3064 1740 3117 Et
1789 3078 1926 3118 vere
1962 3079 2171 3120 omnes
2192 3080 2328 3136 pro-

677 3153 921 3226 phetam
938 3167 1077 3206 eum
1103 3150 1518 3206 nominabant.

2513 3071 2614 3119 Καὶ
2658 3068 2722 3116 σύ
2766 3095 2827 3103 -
2879 3062 3143 3135 κληθήσῃ.
3200 3067 3299 3114 Καὶ
3344 3066 3498 3124 ὅντως
3536 3065 3716 3123 πάντες
3763 3069 4043 3136 προφήτην

2440 3155 2594 3207 αὐτὸν
2621 3153 2906 3225 ὠνόμαζον.

748 3243 916 3296 Vers.
943 3245 1034 3296 76.
1067 3240 1302 3294 Prreibis
1331 3271 1398 3282 —
1438 3241 1571 3310 eius.
1614 3239 1935 3298 Dominum
1999 3241 2096 3298 hic
2169 3241 2328 3298 Chri-

2509 3245 2847 3318 Προπορεύση
2881 3273 2948 3280 —
2970 3241 3154 3294 αὐτού.
3192 3244 3379 3315 Κύριον
3411 3240 3651 3307 ἐνταῦθα,
3685 3244 3773 3293 τὸν
3805 3246 4043 3314 Χριστὸν

678 3337 834 3388 stum
863 3329 1143 3402 appellat,
1183 3344 1364 3402 quem
1406 3330 1746 3400 prmcedens
1801 3331 2081 3396 Joannes,
2125 3337 2326 3404 utpote

675 3436 1008 3494 prmcursor
1033 3435 1102 3475 ac
1127 3434 1324 3491 praeco
1353 3419 1502 3489 ejus,
1532 3421 1776 3491 quando
1795 3420 1873 3477 ad
1904 3420 2207 3477 desertum
2233 3438 2327 3477 ve-

675 3511 760 3565 nit
796 3509 1036 3574 Judaeaa,
1068 3509 1303 3580 paravit
1323 3508 1452 3564 vias
1471 3508 1618 3580 ejus.

746 3595 889 3660 Qum
943 3598 1144 3650 autem
1190 3592 1308 3648 sint
1331 3592 1443 3648 viae
1515 3593 1663 3664 ejus,
1709 3593 1970 3650 diximUS
2012 3595 2182 3652 tertio
2231 3612 2323 3652 ca-

675 3683 794 3754 pite
837 3681 1144 3752 Evangelii
1199 3681 1528 3737 secundum
1569 3682 1927 3751 Matthaeum,
1978 3683 2084 3739 ubi
2141 3684 2326 3740 habe—

671 3775 807 3827 tur:
848 3772 963 3827 Vox
989 3771 1274 3826 clamantis
1325 3771 1386 3824 in
1424 3771 1628 3826 deserto
1662 3786 1674 3824 :
1704 3771 1902 3827 Parate
1953 3773 2105 3829 viam
2157 3773 2324 3828 domi-

671 3861 735 3916 ni
765 3862 833 3912 ¹¹.

741 3951 905 4005 Vers.
947 3951 1036 4006 77.
1085 3949 1163 4004 Ad
1212 3949 1451 4004 dandam
1502 3979 1571 3989 —
1612 3949 1752 4019 ejus.
1800 3950 2062 4021 Prmibis,
2107 3951 2319 4023 inquit,

670 4044 806 4095 ante
847 4038 1057 4093 faciem
1087 4036 1323 4092 Domini
1351 4043 1650 4103 etcaatera,
1675 4042 1740 4094 ut
1759 4038 2105 4110 despopulo
2135 4039 2321 4111 ipsius

671 4125 1070 4194 cognitionem
1103 4124 1334 4188 salutis,
1366 4125 1480 4180 hoc
1523 4130 1624 4191 est,
1678 4125 1757 4181 ad
1818 4126 2205 4183 indicandum
2251 4143 2321 4184 ac

669 4212 1209 4270 demonstrandum
1233 4212 1450 4267 Iudaeis
1470 4213 1765 4270 Christum
1799 4231 1813 4281 ;
1840 4215 1936 4270 hic
1966 4215 2124 4271 enim
2156 4216 2319 4273 salus

669 4303 939 4374 ipsorum
967 4305 1072 4356 est.

743 4390 906 4446 Vers.
951 4392 1038 4446 77.
1090 4392 1205 4446 Per
1276 4392 1639 4448 remissionem
1693 4424 1762 4434 —
1822 4411 2025 4449 eorum.
2080 4395 2316 4452 Salutis.

667 4481 940 4552 inquam,
985 4496 1122 4552 quin
1179 4485 1265 4537 est
1317 4496 1425 4553 per
1474 4483 1890 4539 remissionem
1943 4491 2320 4556 peccatorum

2437 3332 2696 3404 ὀνομάζει,
2737 3331 2797 3382 οὗ
2826 3335 3132 3404 προτρέχων
3163 3333 3187 3382 ὁ
3222 3331 3478 3398 Ἰωάννης,
3507 3333 3574 3393 ὡς
3601 3330 3764 3382 αὐτοῦ
3815 3328 4047 3405 προδρο-

2434 3442 2530 3495 μος
2558 3427 2647 3473 καὶ
2674 3420 2859 3493 κῆρυξ,
2913 3423 2994 3472 ὅτε
3022 3424 3328 3494 παρεγένετο
3358 3419 3414 3472 ἐκ
3446 3427 3508 3492 τῇ
3561 3419 3735 3494 ἐρήμῳ
3776 3429 3876 3482 τῆς
3920 3422 4045 3474 Ἰου-

2437 3507 2610 3575 δαίας,
2644 3510 2898 3582 ἡτοίμαζε
2921 3512 3012 3570 τὰς
3041 3506 3196 3570 ὁδούς
3227 3509 3408 3574 αὑτοῦ,

2504 3605 2643 3660 Τίνες
2701 3596 2760 3652 δὲ
2804 3603 2857 3650 αὶ
2909 3595 3029 3650 ὁδοὶ
3078 3598 3258 3660 αὐτοῦ,
3319 3596 3593 3671 εὶρὴϐαμεν
3646 3597 3694 3650 ἐν
3749 3607 3822 3669 τῷ
3880 3606 4044 3672 τρίτῳ

3891 3695 4041 3748 Φωνὴ

3195 3775 3536 3847 Ἑτοιμάσατε
3594 3781 3688 3833 τὴν
3750 3773 3880 3828 ὁδὸν
3934 3779 4042 3834 Κυο

2431 3688 2690 3760 κεφαλαίῳ
2724 3687 2813 3739 τοῦ
2842 3689 2978 3738 κατὰ
3004 3689 3290 3752 Ματθαῑον,
3333 3689 3452 3738 ἔνθα
3477 3694 3645 3739 κεῖται
3693 3692 3752 3739 τό
3807 3731 3818 3743 ,

2433 3775 2660 3849 βοῶντος
2717 3775 2763 3827 ἐν
2804 3783 2866 3847 τῇ
2939 3775 3132 3848 ἐρήμῳ,

2429 3870 2566 3939 ρίου.

2502 3961 2603 4005 Τοῦ
2637 3949 2819 4005 ὃοῦναι
2853 3985 2914 3992 -
2946 3953 3124 4005 αὐτοῦ.
3151 3954 3541 4027 ἸΙροπορεύση.
3578 3958 3839 4026 φησὶ,πρὸ
3875 3976 4042 4028 προσ-

2430 4049 2572 4095 ώπου
2630 4048 2843 4116 Κυρίου,
2879 4042 2968 4093 καί
3007 4044 3071 4094 τὰ
3102 4040 3238 4107 ἑξῆς,
3272 4044 3398 4116 ύπερ
3449 4051 3540 4094 τοῦ
3594 4039 3780 4095 δοῦναι
3816 4054 3891 4115 τῷ
3931 4046 4042 4116 λαῷ

2431 4131 2590 4184 αύτοῡ
2615 4140 2808 4202 γνῶσιν
2842 4137 3123 4203 σωτηρίας,
3166 4135 3451 4195 τουτέστιν,
3506 4133 3632 4203 ὑπὲρ
3661 4141 3753 4184 τοῦ
3779 4140 4042 4210 γνωρίσαι

2429 4224 2518 4271 καὶ
2541 4217 2814 4281 ὑποδεῖξαι
2842 4227 2951 4281 τοῖς
2979 4216 3258 4281 Ἰουδαίοις
3299 4224 3387 4272 τὸν
3426 4225 3658 4295 Χριστόν
3685 4239 3697 4250 ⁸
3732 4223 3885 4285 οὗτος
3935 4229 4042 4297 γάρ

2429 4307 2540 4360 ἐστι
2569 4313 2805 4382 σωτηρία
2842 4308 3028 4364 αὐτῶν.

2500 4395 2586 4451 Ἐν
2633 4395 2810 4468 ἀφέσει
2855 4429 2918 4437 -
2951 4397 3136 4451 αὐτῶν.
3191 4402 3453 4471 Σωτηρίας
3510 4394 3568 4450 δὲ
3607 4407 3699 4461 τῆς
3752 4398 3801 4451 ἓν
3852 4399 4044 4474 ἀφέσει

2428 4485 2696 4558 ἁμαρτιῶν
2720 4487 2910 4551 αὐτῶν,
2934 4490 3094 4558 ἤγουν
3125 4496 3214 4547 τῆς
3238 4491 3508 4560 γινομένης
3562 4486 3610 4539 ἐν
3776 4487 4042 4560 ἀφεθῆναι

667 4571 1054 4635 eorum,sive,
1089 4586 1224 4642 quae
1253 4570 1319 4624 ﬁt
1343 4585 1479 4626 cum
1506 4571 1886 4629 remittuntur
1912 4589 1982 4628 ac
2013 4574 2322 4631 solvuntur

2445 4580 2516 4626 ιαὶ
2550 4574 2768 4633 λυθῆναι
2799 4578 2888 4636 τὰς
2917 4575 3176 4650 ἁμαρτίας
3199 4576 3389 4630 αὐτῶν.
3423 4577 3572 4628 Οὕτω
3587 4579 3681 4648 γὰρ
3701 4581 3788 4625 καὶ
3811 4578 3836 4626 ὁ
3869 4580 4044 4650 ἄγγει-

667 4659 779 4714 illis
812 4664 1058 4731 peccata
1088 4676 1215 4715 sua.
1287 4660 1376 4716 Sic
1406 4661 1566 4716 enim
1619 4667 1676 4717 et
1704 4662 1952 4734 angelus
2001 4663 2070 4718 ad
2100 4665 2320 4737 Joseph

663 4748 898 4804 locutus
961 4753 1066 4804 est.
1149 4749 1544 4820 interpretans
1613 4765 1834 4806 nomen
1901 4751 2156 4807 Christi:
2202 4754 2321 4824 Ipse

663 4839 846 4902 enim,
875 4837 1089 4909 inquit,
1118 4837 1325 4892 salvum
1352 4838 1516 4907 faciet
1538 4839 1802 4908 populum
1828 4855 1984 4894 suum
2033 4857 2068 4895 a
2090 4843 2320 4912 peccatis

663 4942 850 4982 eorum
888 4927 956 4980 ¹².

735 5015 1003 5071 Vers.78.
1040 5017 1160 5071 Per
1181 5018 1403 5072 viscera
1431 5046 1499 5056 —
1537 5017 1743 5072 nostri.
1777 5017 1886 5073 Per
1912 5017 2318 5076 remissionem

737 5194 781 5229 ¹¹
813 5191 1012 5250 Matth.
1045 5198 1230 5260 111,“.
1310 5195 1358 5230 ¹²
1389 5192 1589 5250 Matth.
1610 5211 1688 5261 iv,
1714 5197 1804 5250 21.

2429 4662 2516 4724 λος
2538 4663 2645 4716 εἷπε
2671 4668 2794 4737 πρὸς
2819 4667 2905 4717 τὸν
2935 4665 3149 4738 Ἰωσὴφ,
3182 4665 3472 4738 ἑρμηνεύων
3500 4669 3551 4717 τὸ
3572 4666 3825 4733 ὅνοματοῡ
3849 4671 4038 4738 Χρισ-

2428 4761 2539 4806 τοῡ’
2577 4753 2740 4816 Αὐτὸς
2764 4757 2889 4825 γὰρ,
2932 4759 3082 4826 φησὶ,
3120 4761 3280 4807 σώσει
3334 4759 3422 4807 τὸν
3461 4754 3580 4807 λαὸν
3609 4752 3759 4805 αὐτοῦ
3787 4750 3895 4806 ἀπὸ
3928 4765 4044 4809 τῶν

2428 4841 2695 4917 ἁμαρτιῶν
2727 4842 2915 4898 αύτῶν.

2500 5023 2596 5073 Διὰ
2652 5020 2938 5093 σπλάγχνα
3010 5051 3077 5062 —
3125 5022 3293 5093 ἡμῶν.
3366 5021 3447 5077 Ἐν
3508 5024 3689 5094 ἀφέσει
3752 5019 3816 5076 δε
3871 5024 4048 5099 ἁμαρ-

1911 5376 2138 5444 νοτίειξ
2161 5375 2489 5446 lectiones
2535 5387 2600 5444 et
2645 5385 2845 5445 notae.

755 5564 842 5634 37)
871 5568 930 5616 Δὲ
961 5566 1129 5623 abest
1158 5568 1224 5621 A.

756 5637 844 5706 38)
872 5635 1022 5708 Ἡμῖν
1062 5638 1247 5693 deest.
1293 5641 1352 5692 Β.

754 5709 843 5778 39)
867 5709 1004 5773 Quae
1041 5709 1134 5764 hic
1158 5709 1389 5766 inclusa
1414 5715 1570 5779 sunt,
1603 5711 1950 5769 addidimus
1976 5729 2051 5769 ex
2090 5714 2224 5772 cod.
2251 5716 2308 5768 Β.

2424 5572 2486 5625 In
2515 5571 2641 5627 cod.
2677 5575 2723 5625 Α
2754 5587 2875 5627 non
2901 5569 3198 5640 leguntur.

2490 5644 2602 5714 (40)
2644 5642 2709 5698 Id
2747 5648 2855 5712 est,
2880 5647 2938 5696 τὸ
2968 5639 3383 5716 αἰνιγματῶδες.
