4170 6364
203 348 310 405 881

1296 335 1673 395 COMMENT.
1722 333 1790 388 IN
1829 331 2090 387 LUCAM.
2135 361 2196 371 -
2241 329 2402 386 CAP.
2451 329 2522 386 ll.

3475 322 3578 377 882

207 482 334 526 τιῶν
374 479 435 544 τῇ
487 469 579 524 διὰ
627 468 912 539 σπλάγχνα
963 465 1128 527 ἐλέους
1175 471 1307 517 Θεοῦ
1358 464 1524 534 ἡμῶν,
1579 463 1698 517 ἤτοι
1744 465 1806 528 τῇ

1931 457 2322 524 peccatorum,
2355 467 2491 525 quas
2516 455 2610 506 est
2637 465 2742 522 per
2766 450 2998 506 viscera
3026 445 3445 504 misericordiae
3474 445 3575 501 Dei

211 561 466 634 διδομένη
497 557 590 613 διὰ
617 564 710 616 τὴν
743 557 1066 630 συμπάθειαν
1097 561 1187 606 τοῦ
1219 551 1382 613 ἐλέους
1409 550 1590 612 αὐτοῦ,
1632 552 1720 598 καὶ
1751 545 1810 596 οὐ

213 650 309 704 διὰ
334 655 396 704 τα
426 653 552 723 ἔργα
581 647 769 700 αὐτῶν.

287 742 366 792 Ἐν
415 737 491 800 οἷς
547 769 617 777 -
683 735 864 806 ὕψους.

210 826 286 882 δι’
343 831 375 881 ὰ
455 826 740 898 σπλάγχνα
794 823 978 888 ἐλέους,
1036 819 1352 890 ἐπεσκέψατο
1422 819 1576 889 ἡμᾶς,
1645 817 1808 866 εἶτουν

209 917 544 990 ἐπιφοίτησεν
595 913 810 971 ἀνατολὴ
860 919 952 965 τοῦ
981 917 1166 968 νοητοῦ
1200 908 1370 974 ἡλίου,
1402 906 1455 968 ἐξ
1503 903 1666 975 ὕψους
1715 910 1810 962 τῆς

210 1009 472 1066 θεότητος.
534 1007 687 1076 Λέγει
732 999 791 1055 δε
847 1006 940 1060 τὴν
995 1001 1114 1053 ὅσον
1169 1001 1313 1050 οὔπω
1365 994 1658 1068 ἐπιφάνειαν
1716 997 1808 1043 τοὺ

938 732 1016 786 Ἐν
1087 729 1164 792 οἷς
1239 729 1562 800 σπλάγχνοις
1643 724 1809 783 ἐλέους

208 1103 466 1172 Χριστοῦ.

283 1186 555 1256 Ἐπιφᾶναι
623 1213 693 1223 —-
769 1182 1093 1251 καθημένοις·
1170 1174 1539 1244 Ἐπεσκέψατο,
1625 1174 1802 1242 φησὶν,

208 1277 352 1348 ἡμᾶς
404 1270 498 1326 διὰ
548 1275 606 1323 τὸ
658 1269 920 1341 ἐπιφᾶναι,
977 1270 1263 1331 τουτέστιν,
1342 1261 1636 1334 ἐπιλάμψαι
1701 1265 1804 1330 φῶς

206 1363 450 1422 ἀληθείας
478 1367 586 1421 τοῖς
615 1358 662 1412 ἐν
717 1361 890 1411 σκότει
937 1365 1026 1416 τῆς
1075 1355 1273 1414 πλάνης
1315 1354 1644 1424 καθημένοις.
1679 1349 1805 1400 Σκιά

205 1450 269 1505 δὲ
302 1453 519 1504 θανάτου
571 1451 600 1507 ἡ
662 1447 918 1520 ἁμαρτία·
971 1445 1208 1506 εἰκονίζει
1253 1445 1353 1515 γὰρ
1397 1445 1484 1492 καὶ
1539 1439 1668 1494 αὕτη
1715 1440 1802 1489 τὸν

206 1544 444 1594 θάνατον.
472 1547 669 1610 Ὥσπερ
697 1540 797 1611 γὰρ
821 1536 968 1596 οὖθος
996 1533 1183 1606 ψυχης
1210 1531 1318 1584 ἐστι
1341 1532 1638 1603 χωρισμὸς,
1669 1527 1802 1579 οὕτω

200 1636 294 1684 καὶ
321 1631 451 1688 αὕτη
487 1631 782 1699 ΙΙνεύματος
812 1625 964 1696 ἁγίου
997 1622 1110 1676 ἐστὶ
1147 1623 1443 1694 χωρισμὸς.

1170 1173 1539 1244 Ἐπεσκέψατο,

274 1832 377 1878 Τοῦ
405 1825 718 1876 κατευθύναι
751 1851 809 1859 -
836 1820 1055 1893 εἰρήνης.
1085 1817 1234 1890 ’Υμερ
1269 1822 1360 1868 τοῦ
1388 1815 1695 1866 κατευθύναι
1714 1831 1799 1869 την

200 1918 413 1987 πορείαν
446 1921 542 1975 τῆς
569 1911 829 1972 πολιτείας
859 1911 1004 1981 ἡμῶν
1036 1907 1106 1969 εἰς
1135 1903 1258 1958 ὁδὸν
1289 1905 1515 1978 εἰρήνης,
1551 1909 1644 1963 τῆς
1668 1904 1798 1952 κατὰ

201 2009 330 2057 Θεὸν
341 2044 351 2055 .

275 2096 345 2146 Τὸ
376 2089 435 2145 δὲ
461 2123 526 2132 —
556 2092 830 2162 πνεύματι.
865 2089 1124 2158 Πνεύματι
1165 2087 1301 2155 θείῳ.

281 2310 381 2360 Καὶ
439 2302 498 2364 ἦν
556 2337 620 2344 -
669 2301 902 2375 Ἰσραήλ.
945 2299 1070 2360 "Ern;
1128 2300 1324 2372 ἡμέρας
1365 2291 1662 2356 ἀναδείξεως
1702 2293 1799 2344 αὖ-

201 2404 312 2466 τοῡ,
347 2403 442 2457 τῆς
493 2398 622 2466 πρὸς
669 2397 785 2452 τοὺς
823 2389 1167 2464 Ἰσραηλίτας,
1219 2389 1300 2439 ὅτε
1330 2383 1478 2444 ἦλθεν
1523 2384 1589 2443 εἰς
1627 2389 1799 2434 πᾶσαν

202 2491 300 2544 τὴν
338 2489 633 2559 περίχωρον
680 2478 947 2557 Ἰορδάνου
995 2480 1276 2552 κηρύσσων
1356 2473 1636 2546 βάπτισμα
1676 2490 1802 2542 μετα

201 2579 364 2636 νοίας.
419 2570 564 2626 Ἔδει
619 2574 719 2644 γὰρ
775 2569 930 2621 αὑτὸν
965 2566 1016 2630 ἐξ
1065 2565 1269 2617 ἁπαλῶν
1320 2563 1521 2632 ὀνύχων
1568 2559 1802 2617 ἀσκῆσαι

203 2669 299 2722 τὴν
331 2663 535 2736 ἀρετὴν,
578 2663 660 2713 ἵνα
697 2665 786 2711 καὶ
822 2660 952 2730 μετὰ
972 2654 1270 2729 παρρησίας
1302 2651 1511 2722 ἐλέγχῃ,
1544 2653 1634 2699 καὶ
1666 2647 1802 2708 ἀξιο-

204 2772 394 2814 πιστος
446 2755 519 2808 εἴη
576 2751 778 2824 μάρτυς
829 2753 920 2799 τοῦ
976 2744 1061 2796 ὑπ’
1113 2743 1272 2794 αὐτοῦ
1326 2735 1801 2808 καταγγελλομένου

209 2847 463 2915 Χριστοῦ.

549 3035 692 3083 ΚΕΦ.
733 3029 811 3082 Α’.
856 3031 979 3102 Περὶ
1008 3034 1103 3087 τῆς
1133 3023 1460 3096 ἀπογραφῆς.

283 3122 504 3192 Ἐγένετο
591 3149 660 3160 -
751 3120 1071 3188 οἰκουμένην.
1141 3111 1563 3187 Ἀπογράφεσθαι
1643 3107 1803 3164 αὐτὴν

208 3210 277 3270 εἰς
324 3213 381 3260 τὸ
426 3208 581 3261 τελεῖν
625 3217 838 3269 κῆνσον,
889 3206 954 3266 εἰς
995 3207 1052 3257 τὸ
1104 3206 1353 3278 παρέχειν
1407 3203 1577 3272 φόρον,
1623 3198 1806 3248 ὑποτε-
1839 3206 1880 3262 C

206 3301 463 3369 ταγμένην
514 3295 619 3356 ἤδη
675 3305 735 3370 τῇ
790 3295 1050 3367 Ῥωμαίων
1104 3291 1335 3363 ἐξουσίᾳ,
1383 3289 1449 3340 ὧν
1501 3285 1637 3359 ἦρχε
1676 3291 1804 3337 Καῖ-

207 3405 338 3458 σαρ.

284 3478 578 3549 Προετύπου
635 3472 694 3528 δε
738 3475 767 3532 ἡ
816 3476 942 3546 πρὸς
989 3474 1074 3524 τὸν
1127 3470 1376 3544 Καίσαρα
1432 3467 1666 3534 ὑποταγὴ
1711 3463 1806 3534 μα-

209 3585 310 3627 σης
361 3573 453 3626 τῆς
505 3565 810 3636 οἰκουμένης
864 3566 952 3613 καὶ
1004 3563 1034 3619 ἡ
1098 3558 1373 3632 ἀπογραφὴ
1414 3560 1508 3613 τὴν
1561 3557 1689 3628 πρὸς
1719 3554 1804 3602 τὸν

208 3659 439 3726 Χριστὸν
497 3655 763 3725 ὑττιόῗτλιγὴν
809 3652 988 3712 πάσης
1038 3657 1134 3711 τῆς
1200 3648 1506 3718 οἰκουμένης
1570 3647 1659 3693 καὶ
1712 3645 1804 3697 τὴν

208 3743 512 3816 ἀπογραφὴν
565 3752 662 3795 τῶν
739 3740 1172 3814 ἀπογραφομένων
1240 3737 1306 3796 εἰς
1387 3734 1653 3806 οὐρανούς.
1719 3734 1804 3780 Γέ-

205 3833 320 3885 λονε
369 3829 427 3885 δε
483 3834 508 3890 η
569 3834 784 3889 τοιαύτη
852 3828 1126 3902 ἀπογραφὴ
1182 3825 1450 3898 μέλλοντος
1499 3822 1807 3892 γεννηθῆναι

209 3931 302 3975 του
347 3929 600 3994 Χριστοῦ,
656 3921 754 3990 ἶνα,
815 3921 1015 3970 πάνωτν
1070 3915 1117 3968 ἐν
1165 3921 1279 3976 ταῖς
1339 3910 1498 3972 ἰδίαις
1550 3911 1808 3982 μητροπό-

207 4012 351 4065 λεσιν
410 4009 862 4083 ἀπογραφομένων,
919 4005 1110 4064 ἀπέλθῆ
1167 4009 1256 4056 καὶ
1297 4005 1327 4060 ἡ
1381 4002 1633 4074 Παρθένος
1679 4000 1808 4068 πρὸς

211 4101 330 4170 (4-1)
359 4103 451 4158 τὴν
483 4101 727 4170 Βηθλεὲμ,
773 4101 862 4149 καὶ
914 4094 962 4147 ἐν
1016 4095 1144 4166 αὐτῇ
1201 4099 1382 4144 τοῦτον
1429 4094 1673 4162 γεννήσῃ,
1729 4087 1811 4137 ἴνα

213 4191 333 4262 (4⁵3)
370 4188 616 4260 πληρωθῇ
673 4189 702 4245 ἡ
760 4188 1048 4261 προφητεία
1075 4186 1104 4242 ἡ
1143 4183 1385 4252 λέγουσα·
1419 4183 1516 4232 Καὶ
1549 4181 1635 4243 σὺ,
1677 4177 1812 4233 Βηθ-

212 4279 352 4350 λεεμ,
404 4287 471 4348 γῆ
552 4271 751 4341 Ἰούδα,
827 4271 1073 4346 οὐδαμῶς
1137 4270 1391 4341 ἐλαχίστη
1473 4265 1520 4320 εἰ
1595 4265 1641 4318 έν
1703 4271 1813 4324 τοῖς

214 4371 468 4438 ἡγεμόσιν
521 4361 720 4419 Ἰούδαο
775 4364 830 4416 ἐκ
881 4370 976 4415 σοῦ
1016 4364 1117 4436 γὰρ
1163 4359 1477 4423 ἐξελεύσεται
1508 4358 1810 4426 ἡγούμενος,

217 4462 366 4518 ὅστις
447 4462 688 4527 ποιμανεῖ
759 4457 846 4505 τὸν
918 4451 1038 4504 λαόν
1103 4469 1203 4522 μου
1255 4451 1341 4499 τὸν
1419 4444 1632 4518 Ισραὴλ·
1698 4446 1814 4515 περὶ

219 4492 365 4518 υυιι,
450 4492 685 4527 [bVI-rulae
768 4492 844 4505 ..νυ
921 4492 1034 4504 ι-ηνν
1103 4492 1200 4522 Γ.--
1263 4492 1336 4499 .ν,
1419 4492 1614 4518 --Γ,-,,--
1702 4492 1708 4494 .
1744 4492 1770 4515 -l

219 4548 282 4607 ἧς
339 4548 541 4607 εἰρηται
595 4550 766 4607 σαφῶς
815 4540 863 4593 ἐν
913 4548 986 4607 τῷ
1030 4544 1216 4607 πρώτῳ
1246 4535 1504 4607 κεφαλαίῳ
1555 4539 1642 4584 τοῦ
1682 4533 1816 4583 κατά
1848 4492 1893 4546 D

215 4637 506 4692 Ματθαῖον,

293 4725 433 4782 Αὕτη
475 4753 542 4765 --
574 4721 790 4792 ἐγένετο.
822 4721 999 4791 Μέχρι
1027 4720 1142 4768 τότε
1168 4718 1237 4788 μὴ
1266 4715 1528 4785 γενομένη.

339 4548 541 4619 εἰρηται
595 4550 766 4615 σαφῶς
815 4540 863 4593 ἐν
913 4548 986 4611 τῷ
1030 4544 1216 4614 πρώτῳ
1246 4535 1504 4608 κεφαλαίῳ
1555 4539 1642 4584 τοῦ
1682 4533 1816 4583 κατά

292 4917 710 4990 Ἡγεμονεύοντος
786 4945 855 4954 -
954 4916 1234 4974 Κυρηνίου.
1336 4913 1434 4966 Τὴν
1541 4909 1817 4978 ἡγεμονίαν

223 5011 476 5079 ἱστόρησε
521 5011 613 5056 τοῦ
664 5004 948 5078 Κυρηνίου,
1009 5010 1275 5074 σημαίνων
1346 4999 1426 5050 ὅτι
1481 4995 1631 5056 αὐτὸς
1683 4995 1818 5048 ἕποιο

222 5105 327 5151 ιῐτο
377 5098 471 5152 τὴν
521 5092 820 5167 ἀναγραφὴν
867 5091 982 5163 (43)
1033 5098 1124 5150 τῆς
1181 5091 1386 5163 Συρίας,
1420 5084 1501 5158 ὑφ’
1532 5088 1594 5143 ἣν
1642 5086 1672 5143 ἡ
1717 5091 1820 5137 Ila:-

219 5186 484 5242 λαιστίνη.

293 5309 342 5344 ¹³
387 5305 558 5364 Mich.
588 5320 649 5361 τ.
688 5308 723 5361 2
750 5322 764 5374 ;
791 5303 990 5362 Matth.
1018 5318 1082 5369 ιι,
1115 5305 1165 5358 6.

1920 545 2124 608 nostri,
2144 544 2263 599 sive
2279 558 2410 614 quae
2423 541 2599 596 datur
2614 555 2719 612 per
2733 538 3224 610 compassionem
3243 535 3575 592 misericor-

1919 631 2034 687 dia
2059 631 2270 703 ipsius,
2294 637 2350 687 et
2379 645 2500 686 non
2527 644 2634 702 per
2663 644 2849 701 opera
2873 643 3105 683 eorum.

1991 723 2156 776 Vers.
2184 720 2272 776 78.
2312 720 2515 787 Quibus
2539 747 2608 759 -
2633 717 2764 772 alto.
2790 717 2898 773 Per
2927 731 3066 788 quas
3112 716 3342 770 viscera
3396 713 3572 768 mise-

1919 809 2188 865 ricordiae
2219 809 2312 864 vel
2337 813 2579 880 propter
2608 807 2835 862 viscera
2866 804 3283 860 misericordia
3316 802 3573 858 visitavit

1919 914 2050 964 nos,
2075 899 2194 953 sive
2223 895 2714 970 apparuitoriens
2746 893 2887 948 solis
2913 892 3326 949 intellectualis
3347 907 3418 947 ex
3447 890 3568 946 alto

1918 987 2258 1043 divinitatis.
2295 986 2439 1042 Dicit
2469 989 2670 1041 autem
2698 981 2905 1038 Christi
2939 980 3400 1054 appet-itionem,
3433 995 3568 1052 quas

1917 1079 2190 1134 nondum
2221 1081 2365 1132 erat.

1988 1167 2147 1223 Vers.
2175 1165 2262 1222 79.
2300 1167 2368 1222 Ut
2391 1170 2682 1236 appareret
2712 1193 2781 1204 —
2803 1161 3008 1217 sedent.
3043 1158 3323 1224 Visitavit,
3357 1157 3563 1228 inquit,

1915 1271 2043 1322 nos,
2073 1260 2136 1312 ut
2155 1259 2489 1327 appareret,
2507 1253 2619 1309 hoc
2631 1254 2737 1317 est,
2760 1255 2825 1307 ut
2843 1249 3204 1306 illucesceret
3228 1247 3332 1302 lux
3355 1248 3568 1303 verita-

1915 1345 1986 1401 tis
2015 1345 2130 1414 his,
2161 1344 2266 1417 qui
2294 1344 2356 1398 in
2386 1341 2648 1399 tenebris
2676 1339 2892 1396 erroris
2914 1337 3140 1393 sedent.
3169 1335 3392 1392 Umbra
3422 1349 3566 1391 vero

1913 1435 2142 1498 mortis,
2207 1435 2515 1504 peccatum
2569 1435 2658 1485 est
2712 1445 2726 1495 ;
2778 1442 2923 1484 nam
3003 1430 3060 1482 et
3121 1425 3238 1480 hoc
3306 1427 3562 1480 mortem

1913 1523 2222 1595 signiﬁcat.
2305 1522 2463 1578 Sicut
2552 1518 2712 1574 enim
2781 1517 2912 1573 haec
2985 1515 3202 1571 anima“.
3267 1513 3561 1584 separatio

1851 1677 1853 1680 ,
1910 1619 1998 1670 est
2023 1630 2036 1666 :
2067 1614 2147 1668 ita
2175 1625 2418 1684 quoque
2448 1613 2784 1681 peccatum,
2811 1609 2899 1661 est
2951 1603 3204 1676 Spiritus
3245 1602 3432 1657 sancti
3464 1616 3561 1656 ex-

1956 1703 2125 1758 ulsio.

1956 1719 2125 1758 111810.

1909 1719 1950 1776 Ρ
1981 1793 2142 1848 Vers.
2175 1793 2262 1845 79.
2288 1787 2378 1844 Ad
2407 1785 2724 1858 dirigendos
2745 1815 2814 1824 —
2837 1782 3008 1854 pacis.
3061 1783 3132 1836 Ut
3151 1779 3432 1848 dirigeret
3453 1779 3560 1833 iter

1908 1876 2378 1937 conversationis
2398 1880 2617 1931 nostrae
2639 1875 2699 1928 in
2712 1871 2868 1928 viam
2880 1871 3048 1943 pacis
3065 1885 3201 1941 quae
3225 1867 3557 1924 secundum

1910 1973 2092 2026 Deum
2120 1973 2224 2024 est.

1980 2057 2141 2113 Vers.
2175 2058 2263 2111 80.
2317 2055 2467 2109 Puer
2530 2059 2709 2106 autem
2763 2078 2834 2092 —
2895 2047 3120 2119 spiritu.
3197 2044 3418 2116 Spiritu
3475 2044 3562 2099 di-

1907 2147 2069 2203 vino.
3241 2164 3248 2168 —

1983 2236 2141 2290 Vers.
2173 2233 2262 2288 80.
2307 2232 2382 2287 Et
2425 2232 2546 2285 erat
2587 2257 2659 2272 —
2686 2225 2910 2282 Israeli.
2977 2227 3173 2296 Usque
3249 2221 3327 2278 ad
3373 2221 3556 2286 diem,

1909 2340 2032 2398 quo
2061 2325 2257 2396 ipsum
2288 2319 2560 2376 lsraelitis
2586 2313 2986 2373 demonstrari
3007 2313 3307 2384 oporteret
3333 2329 3345 2368 ε
3371 2325 3562 2382 quan-

1911 2414 1990 2468 do
2036 2413 2195 2467 venit
2240 2411 2301 2466 in
2351 2423 2619 2470 omnem,
2679 2419 2812 2476 quae
2875 2402 3033 2456 circa
3072 2398 3388 2454 Jordanem
3437 2405 3562 2453 erat

1911 2501 2214 2570 regionem
2225 2541 2238 2565 ,
2253 2496 2591 2569 praedicans
2605 2493 2863 2563 baptism
2874 2505 2971 2544 um
2987 2487 3247 2560 pmniten
3259 2487 3563 2556 tiaa.0por-

1912 2589 2074 2645 tebat
2111 2590 2268 2642 enim
2330 2600 2467 2639 eum
2509 2599 2545 2638 a
2611 2579 2844 2646 teneris,
2898 2575 3064 2650 quod
3133 2574 3299 2629 aiunt
3346 2574 3563 2641 ungui-

1913 2679 2046 2742 bus,
2102 2676 2180 2732 ad
2210 2675 2475 2730 virtutem
2532 2669 2831 2726 exerceri:
2888 2672 2952 2722 ut
3006 2669 3063 2720 et
3109 2663 3288 2718 libere
3355 2675 3564 2730 argue-

1912 2772 2018 2832 ret,
2051 2770 2109 2821 et
2146 2761 2500 2833 Christi,qui
2543 2775 2580 2816 a
2603 2773 2668 2813 se
2706 2755 3179 2818 annuntiaretur,
3221 2751 3385 2808 testis
3444 2749 3560 2805 ﬁde

1914 2854 2136 2925 dignus
2167 2856 2344 2910 esset.

2323 3011 2474 3068 CAP.
2516 3011 2558 3065 Ι.
2600 3009 2678 3064 De
2703 3021 2861 3062 censu
2889 3001 3144 3060 Caesaris.

1987 3123 2138 3178 CAP.
2174 3120 2240 3176 ll.
2289 3119 2456 3173 Vers.
2490 3121 2540 3171 1.
2607 3113 2826 3170 Factum
2880 3143 2949 3151 —
2979 3109 3149 3164 orbis.
3202 3109 3270 3163 Ut
3310 3120 3557 3160 censum

1914 3212 2263 3286 penderent,
2308 3211 2370 3262 ut
2409 3205 2694 3261 tributum
2721 3199 3109 3261 exsolverent,
3141 3194 3245 3268 qui
3271 3195 3400 3264 jam
3454 3195 3563 3247 Ro-

1916 3281 2234 3356 manorum
2273 3294 2522 3365 subjecti
2561 3296 2728 3347 erant
2775 3285 3069 3360 potestati,
3113 3298 3370 3356 quorum
3402 3281 3561 3352 prin-

1915 3405 2056 3462 ceps
2081 3392 2206 3442 erat.
2237 3388 2446 3441 Caesar.

1990 3459 2626 3544 l’raeﬁgurabatautem
2647 3461 3072 3522 universiorbis
3101 3475 3243 3529 erga
3268 3459 3560 3513 Caesarem

1916 3565 2205 3636 subjectio
2227 3578 2295 3617 ac
2321 3557 2660 3631 descriptio,
2687 3554 2866 3611 totius
2890 3550 3098 3608 mundi
3131 3549 3204 3604 ad
3267 3547 3564 3602 Christum

1915 3653 2357 3725 subjectionem,
2388 3664 2457 3704 ac
2475 3644 2885 3702 recensionem
2912 3655 3140 3702 eorum,
3174 3637 3276 3710 qui
3302 3635 3363 3690 in
3381 3634 3566 3690 caelos

1914 3722 2354 3798 describuntur.
2381 3739 2556 3792 Facta
2585 3737 2674 3789 est
2702 3735 2904 3787 autem
2926 3725 3276 3798 hujusmodi
3305 3722 3568 3792 descrip-

1917 3833 2014 3900 tio,
2049 3845 2186 3886 cum
2217 3826 2555 3882 nasciturus
2588 3819 2997 3877 erathristus
3031 3820 3147 3881 :ut,
3171 3815 3318 3868 dum
3359 3826 3568 3866 omnes

1917 3922 1978 3976 in
2002 3899 2114 3974 sua
2140 3914 2454 3987 metropoli
2483 3909 2740 3968 describi
2772 3909 3090 3979 oporteret,
3123 3903 3331 3966 abiret,
3367 3905 3422 3954 et
3448 3899 3571 3952 Vir-

1918 4027 1995 4082 go
2017 4010 2075 4065 in
2101 3985 2416 4069 Bethleem,
2450 4018 2518 4059 ac
2541 4000 2742 4073 ipsum
2771 3997 2833 4052 in
2855 4012 2926 4051 ea
2950 3999 3200 4066 pareret,
3227 3995 3281 4046 et
3312 3985 3566 4062 prophe-

1920 4076 1999 4155 tia
2029 4095 2394 4167 impleretur,
2424 4105 2560 4162 quae
2600 4087 2718 4143 ait:
2762 4087 2828 4141 Et
2881 4091 2942 4139 tu
2971 4080 3263 4144 Bethleem,
3297 4084 3448 4131 terra
3475 4076 3572 4130 Ju-

1919 4188 2009 4253 da,
2041 4165 2380 4256 naeuaquam
2411 4179 2638 4234 minima
2695 4191 2744 4230 es
2789 4175 2941 4228 inter
2985 4169 3331 4242 principatus
3381 4165 3568 4219 Juda:

1921 4249 2006 4331 ex-
2034 4283 2088 4330 te
2127 4249 2278 4328 eniin
2328 4268 2491 4324 exibit
2545 4266 2678 4331 dum,
2729 4263 2825 4334 qui
2883 4266 3034 4331 regat
3085 4257 3344 4328 populum
3392 4249 3574 4308 meum

1923 4363 2112 4428 Israel,
2145 4362 2219 4417 de
2249 4376 2372 4432 qua
2411 4353 2722 4412 manifeste
2761 4352 2986 4406 dictum
3027 4354 3117 4402 est
3155 4345 3348 4416 capite
3378 4342 3573 4414 primo

1922 4451 2220 4524 Evangelii
2255 4449 2427 4520 juxta
2453 4443 2795 4500 Matthaaum
2834 4441 2900 4493 1³.

1994 4519 2159 4597 Vers.
2191 4519 2415 4592 2.ch
2446 4565 2511 4575 —
2535 4533 2687 4603 facta
2711 4536 2805 4594 est,
2839 4529 2981 4594 Quae
3021 4537 3211 4594 usque
3242 4519 3384 4575 illud
3419 4522 3571 4574 tem-

1926 4646 2038 4704 pus
2064 4629 2216 4686 facta
2244 4641 2366 4682 non
2405 4627 2548 4680 erat.

1998 4909 2162 4962 Vers.
2200 4907 2252 4956 2.
2281 4897 2523 4955 Prceside
2551 4927 2620 4936 -
2647 4890 2906 4964 Cyrenio.
2932 4884 3338 4955 Principatum
3359 4879 3580 4936 descri-

1929 4995 2048 5070 psit
2064 4989 2406 5064 Cyrenii,ad
2427 4980 2912 5055 signiﬁcandum,
2934 4974 3099 5048 quod
3097 4974 3234 5070 ipse
3263 4968 3462 5070 fecerit
3475 4969 3579 5040 Sy-

1927 5059 2032 5143 riae
2070 5059 2554 5150 descriptionem,
2587 5072 2650 5129 in
2677 5084 2803 5142 qua
2832 5067 2943 5124 sita
2979 5067 3068 5120 est
3097 5059 3430 5118 Palaestina.

1422 5423 1646 5493 Variae
1685 5422 2009 5492 lectiones
2031 5427 2094 5485 et
2124 5422 2326 5482 notae.

453 5600 540 5660 Εἰς
569 5604 684 5658 την.
716 5603 772 5652 Β.

299 5601 413 5746 ﬁt“;
453 5601 540 5660 Εἰς
569 5604 684 5658 την.
716 5603 772 5652 Β.

325 5677 390 5728 42
454 5675 556 5724 Καὶ
588 5685 700 5743 pro
732 5670 833 5721 ἱνα·
856 5674 912 5721 Β.

2008 5585 2123 5671 (43)
2178 5583 2265 5639 Ita
2328 5581 2578 5649 uterque
2641 5570 2850 5638 codex,
2889 5568 3019 5625 loco
3085 5563 3404 5639 superioris
3460 5562 3587 5613 άπο-

1937 5676 2136 5732 γραφη.
