4170 6364
1866 265 2215 328 EUTHYMII
2254 263 2588 324 ZIGABENI
3866 259 4000 313 38;

627 402 784 456 Vers.
865 404 916 455 3.
974 400 1047 454 Et
1125 400 1277 454 ibant
1347 430 1412 440 —
1504 399 1816 455 civitatem.
1896 399 1957 451 ln
2016 388 2278 448 tribusA

553 506 676 544 suae
702 488 1099 560 metropolim,
1119 494 1179 543 ut
1195 494 1336 543 nota
1356 489 1521 544 ﬁeret
1537 488 1828 560 cujusque
1847 488 2032 542 tribus
2057 485 2204 542 mul-

547 277 652 332 883

2388 395 2486 442 Καὶ
2535 389 2834 465 ἐπορεύοντο
2863 421 2932 431 -
2968 389 3130 443 πόλιν.
3177 389 3270 450 Εἰς
3298 391 3392 446 τὴν
3427 395 3523 447 τῆς
3569 382 3721 444 ἰδίοις
3790 391 4000 456 φυλῆς

2315 479 2650 553 μητρόπολιν,
2700 482 2781 531 ἶνα
2833 485 3089 553 γνώριπον
3109 483 3320 549 γένηται
3371 479 3425 528 τό
3471 475 3677 535 πλῆθος
3708 474 3996 531 ἑκάστης

553 578 770 636 ﬁtudo.

626 668 788 721 Vers.
829 666 882 722 4.
925 665 1185 721 Ascendit
1219 691 1285 707 --
1317 665 1479 720 Vers.
1528 670 1576 719 5.
1613 682 1802 721 uxore.
1853 667 1994 719 Cum
2026 663 2202 718 David

554 756 616 810 in
657 754 955 809 Bethleem
982 754 1338 826 imperasset
1371 753 1507 826 (dd),
1533 770 1705 808 suam
1730 753 2050 824 appellavit
2071 753 2206 808 civi-

556 847 757 900 tatem.
802 842 991 897 Simul
1049 847 1247 898 autem
1303 843 1630 913 descriptus
1677 847 1769 896 est
1807 841 2092 905 Christus,
2148 845 2211 896 ut

559 947 681 997 eos,
722 931 826 1002 qui
881 930 1163 1002 descripti
1192 935 1392 986 essent
1450 932 1510 985 in
1538 931 1880 985 servitutem
1924 923 2211 1001 principis

560 1018 830 1087 Caesaris,
853 1018 1128 1073 liberaret
1153 1035 1186 1073 a
1214 1018 1491 1073 servitute
1522 1016 1766 1082 diaboli,
1799 1018 1902 1090 qui
1935 1019 2212 1089 princeps

560 1111 647 1163 est
676 1106 906 1161 mundi.

634 1194 799 1250 Vers.
841 1195 894 1248 5.
939 1195 1072 1259 Quae
1099 1202 1220 1249 erat
1249 1211 1556 1266 pregnans.
1616 1195 1692 1250 De
1738 1195 1955 1266 Spiritu
2009 1199 2214 1250 sancto

565 1282 852 1347 videlicet,
887 1282 1039 1338 sicut
1075 1283 1298 1339 dictum
1323 1289 1430 1338 est.

639 1373 799 1426 Vers.
829 1372 884 1426 6.
922 1372 1148 1427 Factum
1201 1403 1270 1411 ——
1309 1373 1470 1427 Vers.
1523 1371 1578 1426 7.
1625 1373 2072 1443 primogenitum,
2142 1376 2218 1428 De

567 1459 990 1529 signiﬁcatione
1043 1461 1304 1516 nominis
1349 1462 1771 1531 Primogenitus,
1834 1462 2216 1517 tractavimus

2317 569 2500 640 φυλῆς.

2390 657 2567 714 Ἀνέϐη
2621 689 2685 696 -
2733 662 2968 728 γυναικί,
3021 661 3125 714 Τὴν
3175 655 3455 726 Βηθλεὲμό
3501 649 3674 705 Δαυὶδ
3731 659 3991 723 κοσμέ-

2321 765 2436 812 σας,
2470 746 2661 798 οἰκείαν
2691 747 2940 818 ὠνόμασε.
2977 745 3348 817 Συναπεγρὰφη
3393 739 3451 795 δὲ
3487 748 3576 794 καὶ
3614 745 3643 792 ὁ
3677 747 3982 813 Χριστὸς,

2322 838 2404 886 ἶνα
2434 839 2552 894 τοὺς
2580 834 2968 908 ἀπογραφέντας
3007 835 3074 894 εἰς
3123 831 3360 886 δουλείαν
3408 840 3498 883 τοῦ
3539 831 3990 902 αὐτοκράτορος

2322 926 2587 998 Καίσαρος
2619 923 2932 996 ἐλευθερώσῃ
2965 933 3059 985 τῆς
3105 919 3340 984 δουλείας
3371 929 3463 973 τοῦ
3493 923 3983 992 κοσμοκράτορος

2325 1011 2591 1065 διαϐόλου.

2399 1203 2544 1272 Οὔσῃ
2585 1199 2750 1270 ἐγκύῳ
2790 1197 2882 1250 Ἐκ
2915 1201 3209 1270 Πνεύματος
3240 1197 3392 1268 ἁγίου
3439 1192 3712 1262 δηλονότι,
3777 1197 3990 1246 καθώς

2327 1294 2632 1361 προείρηται
2646 1332 2658 1343 ,

2404 1378 2632 1448 Ἐγένετο
2679 1408 2747 1416 -
2798 1381 3146 1447 πρωτότοκον.
3209 1379 3332 1448 Περὶ
3377 1382 3472 1436 τῆς
3522 1381 3829 1447 σημασίας
3885 1384 3986 1427 τοῦ

2335 1469 2669 1538 Πρωτοτόκου
2729 1461 3028 1536 διελάϐομεν
3099 1463 3149 1516 ἐν
3202 1472 3272 1534 τῷ
3325 1463 3455 1516 τέλει
3512 1471 3602 1515 τοῦ
3655 1471 3986 1539 προοιμίου

564 1548 626 1603 in
653 1548 768 1604 ﬁne
796 1550 1067 1604 Prommii
1091 1549 1387 1619 Evangelii
1430 1551 1600 1621 juxta
1625 1551 1958 1605 Matthteum
2006 1553 2073 1615 η,
2119 1551 2220 1606 ubi

2355 1564 2424 1607 ὀῦ
2461 1557 2596 1606 κατὰ
2647 1556 2910 1606 Ματθαῐον
2952 1552 3288 1624 Εὖσγγελίου,
3331 1554 3451 1604 ἔνθα
3492 1560 3658 1605 κεῖται
3715 1558 3808 1606 τό·
3873 1561 3987 1606 Καὶ

566 1637 781 1694 dicitur
822 1654 834 1691 :
876 1639 951 1693 Et
988 1656 1093 1692 non
1122 1639 1365 1708 cognovit
1403 1656 1538 1704 eam,
1593 1639 1752 1694 donec
1781 1641 1992 1711 peperit
2043 1641 2222 1712 ﬁlium

566 1743 722 1782 suum
749 1728 1190 1798 primogenitum.

642 1815 806 1870 Vers.
862 1816 914 1869 7.
943 1817 1019 1871 Et
1041 1817 1234 1888 fasciis
1260 1834 1378 1872 eum
1410 1818 1638 1872 involvit
1666 1850 1734 1858 —
1765 1819 2086 1875 diversorio.
2133 1821 2222 1875 Di—

569 1903 1491 1977 versoriumdiciturhospitium,
1512 1907 1571 1960 in
1599 1923 1741 1978 quo,
1767 1925 1903 1963 cum
1926 1924 2047 1963 non
2071 1914 2226 1965 esset

569 1992 739 2048 locus
771 1997 1016 2064 propter
1039 1994 1258 2048 domus
1280 1995 1642 2064 angustiam,
1670 1995 1978 2051 reclinavit
2021 1998 2224 2068 ipsum

574 2081 635 2136 in
675 2081 1425 2152 prmsepeirrationalium,
1458 2083 1623 2154 quod
1643 2083 1724 2138 ibi
1751 2092 1893 2139 erat.
1937 2087 2224 2142 Futurum

574 2169 733 2224 enim
755 2173 900 2235 erat,
925 2173 989 2224 ut
1015 2170 1268 2226 Verbum
1294 2177 1564 2242 pasceret
1579 2187 1692 2228 nos
1718 2173 1902 2228 verbo
1926 2177 2226 2244 Evangelii

576 2261 634 2314 et
654 2257 734 2313 ab
755 2257 1264 2316 irrationabilitate
1290 2276 1360 2316 ac
1397 2261 1740 2318 hrutalitate
1764 2262 2144 2319 aﬁectionum
2165 2265 2229 2320 li-

575 2348 826 2404 beraret.

648 2437 856 2504 Quaere
873 2441 1072 2494 autem
1092 2439 1287 2511 primo
1303 2439 1474 2511 juxta
1499 2441 1829 2497 Matthzeum
1854 2442 2042 2514 capite
2061 2459 2230 2499 enar-

577 2526 870 2582 rationem
913 2527 1061 2597 ejus,
1094 2528 1260 2600 quod
1289 2528 1502 2585 dicitur
1532 2545 1543 2582 :
1576 2530 1650 2584 Et
1695 2531 1970 2587 intrantes
2017 2532 2230 2588 domum

579 2615 832 2670 viderunt
851 2633 1081 2687 puerum
1112 2619 1181 2672 1‘.

2334 1643 2446 1715 (44)
2476 1644 2568 1695 οὐκ
2599 1642 2870 1714 ἐγίνωσκεν
2919 1642 3098 1699 αὐτὴν·
3133 1643 3223 1704 ἕως
3255 1642 3315 1692 οὗ
3344 1644 3480 1694 ἔτεκε
3508 1645 3592 1694 τὸν
3622 1645 3745 1694 υἱὸν
3789 1643 3984 1704 αὐτῆς

2335 1737 2421 1786 τόν
2452 1736 2797 1806 πρωτότοκον.

2411 1827 2508 1875 Καὶ
2589 1823 2991 1894 ἐσπαργάνωσεν
3067 1819 3222 1871 αὐτὸν
3282 1850 3344 1859 -
3411 1819 3778 1892 καταλύματι.
3865 1829 3979 1875 K2-

2337 1911 2541 1983 τάλυμα
2617 1910 2819 1980 λέγεται
2895 1912 2951 1960 τό
3009 1912 3359 1979 καταγώγιον,
3434 1908 3481 1960 ἐν
3549 1910 3605 1979 ᾧ,
3667 1915 3744 1982 μὴ
3811 1916 3979 1972 ὄντος

2337 2007 2519 2064 τόπου,
2583 1996 2674 2051 διὰ
2752 2003 2845 2056 τὴν
2912 2001 3264 2070 στενοχωρίαν
3332 1997 3581 2050 ἀνέκλινεν
3654 2000 3825 2052 αὑτὸν
3904 2002 3975 2061 εἰς

2336 2095 2428 2149 τὴν
2485 2090 2645 2141 οὖσαν
2699 2088 2803 2140 ἐκεῖ
2849 2089 3041 2159 φάτνην
3099 2095 3196 2136 τῶν
3259 2085 3480 2158 ἀλόγων.
3547 2087 3772 2160 Ἔμελλε
3829 2093 3969 2163 γὰρ,

2342 2184 2510 2252 Λόγος
2565 2179 2652 2244 ὡν,
2702 2177 2838 2247 λόγῳ
2896 2175 3084 2249 θρέψαι
3130 2177 3289 2247 ἡμᾶς,
3345 2183 3417 2246 τῷ
3466 2183 3555 2227 τοῦ
3595 2176 3968 2249 Εὐαγγελίου,

2339 2274 2427 2320 καὶ
2493 2275 2575 2327 τῆς
2628 2266 2839 2337 ἀλογίας
2897 2273 2994 2316 τῶν
3049 2267 3226 2317 παθῶν
3303 2262 3595 2327 ἀπαλλάξαι
3658 2271 3751 2318 καὶ
3845 2268 3970 2339 (45)

2340 2353 2656 2418 κτηνωδίας.

2412 2452 2650 2505 Ζήτησον
2696 2440 2755 2496 δὲ
2803 2449 2893 2495 καὶ
2937 2443 2985 2494 ἐν
3022 2452 3092 2513 τῷ
3139 2449 3326 2517 πρώτῳ
3379 2443 3637 2515 κεφαλαίῳ
3686 2452 3780 2496 τοῦ
3823 2449 3967 2498 κατά

2341 2538 2605 2590 ΙνῙατθαίον
2636 2538 2728 2591 τήν
2751 2532 3000 2604 ἐξήγησιν
3023 2539 3132 2583 τοῦ’
3159 2534 3262 2586 Καὶ
3287 2530 3511 2594 ἐλθόντες
3541 2532 3607 2592 εἰς
3636 2538 3728 2591 τὴν
3758 2534 3963 2601 οἰκίαν,

2344 2623 2481 2679 εἶδον
2510 2628 2566 2676 τό
2596 2619 2811 2675 παιδίον
2847 2623 2982 2693 (46).

651 2705 695 2774 -ιε
724 2707 985 2776 Praesepe
1006 2709 1094 2760 est
1117 2706 1403 2771 mundus,
1433 2723 1545 2762 nos
1575 2723 1713 2763 vero
1731 2709 2116 2766 irrationalia.
2151 2715 2214 2769 Ut
2235 2729 2377 2786 ergo
2411 2731 2519 2769 uos
2550 2713 2629 2768 ab
2654 2709 3101 2767 irrationalitate
3145 2709 3438 2773 liberaret,
3483 2709 3616 2765 ideo
3635 2710 3814 2764 voluit
3852 2711 3948 2766 ibi

580 2791 872 2848 reclinari.

764 2935 921 2992 CAP.
954 2937 1014 2992 Il.
1040 2937 1119 2991 De
1144 2937 1449 3008 pastoribus
1474 2940 1536 2994 in
1567 2956 1698 3010 agro
1722 2940 2056 3012 degentibus.

661 3026 826 3082 Vers.
858 3030 910 3081 8.
949 3027 1029 3081 Et
1071 3033 1313 3097 pastores
1363 3058 1432 3068 —
1483 3044 1660 3084 suum.
1718 3029 1981 3088 Verbum
2039 3036 2234 3109 ἀγραυ-
2276 3024 2317 3080 C
2351 3068 2372 3109 ἑ

588 3114 691 3168 λείν
711 3114 961 3188 quidam
993 3116 1476 3188 interpretantur,
1506 3116 1556 3169 ἐν
1587 3115 1731 3191 ἀγρῷ
1763 3119 1952 3187 αὐλεῖν,
1986 3122 2046 3177 in
2095 3139 2239 3194 agro

589 3203 738 3260 tibia
779 3219 1012 3273 canere,
1055 3205 1178 3260 sive
1209 3205 1411 3261 ﬁstula
1459 3207 1566 3263 uti.
1623 3207 1732 3263 Alii
1786 3225 1946 3276 vero,
1998 3210 2045 3264 ἐν
2097 3214 2241 3286 ἀγρῷ

590 3292 917 3363 αὐλίζεσθαι,
943 3294 1003 3349 in
1035 3309 1181 3364 agro
1201 3293 1437 3365 degere,
1474 3296 1592 3351 sive
1618 3302 1988 3368 pernoctare.

662 3382 824 3438 Vers.
859 3388 912 3440 9.
935 3384 1000 3439 Et
1037 3399 1146 3438 ecce
1180 3415 1249 3424 —
1298 3385 1444 3440 illos.
1475 3385 1813 3442 Claritatem
1873 3389 2105 3445 Domini
2148 3391 2241 3444 in-

592 3471 786 3541 tellige
832 3472 948 3536 hic,
995 3471 1267 3528 divinum
1321 3473 1548 3531 lumen.
1593 3476 1995 3532 Circumfulsit
2043 3483 2241 3534 autem

592 3560 745 3625 illos,
771 3563 835 3615 ut
850 3560 1130 3630 angelum
1159 3561 1398 3617 Domini
1427 3577 1560 3619 esse
1585 3565 1799 3620 scirent
1819 3581 1980 3630 eum,
2005 3568 2108 3639 qui
2131 3567 2242 3623 illis

597 3652 833 3705 astaret.

665 3738 829 3792 Vers.
870 3742 922 3794 6.
945 3739 1019 3793 Et
1051 3767 1122 3782 —
1173 3757 1382 3811 magno.
1435 3743 1676 3812 Propter
1717 3742 1958 3799 visionis
2016 3746 2244 3802 novita-

590 3830 734 3882 tem.

664 3916 824 3973 Vers.
872 3921 954 3973 10.
1006 3917 1276 3989 Dixitque
1329 3949 1398 3959 -—
1434 3920 1649 3990 populo.
1707 3921 1877 3985 Quod
1921 3926 2121 3979 autem
2172 3924 2246 3981 sit

592 4005 888 4074 nuntium,
916 4005 1140 4062 audito.

666 4095 825 4149 Vers.
862 4098 943 4147 tl.
985 4095 1131 4160 Quia
1159 4094 1443 4149 —David.
1468 4096 1650 4151 Natus
1681 4102 1768 4152 est
1815 4097 1978 4153 vobis
2011 4100 2070 4154 in
2107 4100 2246 4155 civi-

596 4185 714 4236 tate
746 4180 930 4235 David
966 4181 1255 4245 Salvator,
1277 4183 1380 4253 qui
1428 4188 1514 4238 est
1550 4183 1834 4254 Christus,
1889 4191 2092 4259 utpote
2141 4205 2248 4244 un-

2530 2891 2680 2946 ΚΕΦ.
2717 2890 2769 2941 Β’
2805 2892 2931 2963 Περὶ
2957 2895 3056 2939 τῶν
3079 2885 3471 2961 ἀγραυλούντων
3501 2890 3766 2958 ποιμένων.

2427 2985 2526 3033 Καὶ
2612 2982 2844 3051 ποιμένες
2921 3003 2988 3020 —
3069 2976 3259 3032 αὐτῶν.
3342 2974 3656 3048 Ἀχραυλεῖν
3733 2977 3785 3027 οἱ
3866 2980 3958 3048 μὲν

2351 3068 2692 3142 ἐρμηνεύουσι
2758 3069 2816 3118 τό
2880 3065 2927 3117 ἐν
2979 3063 3120 3139 ἆγρῶ
3186 3065 3301 3136 (47)
3376 3064 3564 3130 αὐλεῖν,
3635 3069 3796 3116 εἷτουν
3866 3069 3956 3116 σύ-

2349 3163 2518 3232 ριγγὶ,
2566 3158 2828 3229 χρῆσθαι⁶
2873 3157 2921 3207 οἱ
2953 3151 3011 3207 δὲ
3041 3157 3098 3206 τὸ
3148 3152 3195 3206 ἐν
3228 3152 3371 3228 ἀγρῷ
3428 3153 3759 3220 αὐλίζεσθαι,
3793 3158 3958 3226 ἤγουν

2353 3244 2777 3318 διανυκτερεύειν.

2425 3343 2508 3388 Κω
2538 3331 2654 3387 ἰδοῦ
2708 3365 2772 3374 —
2809 3333 3014 3392 αὐτούς.
3062 3332 3239 3395 Δόξαν.
3295 3337 3488 3406 Κυρίου
3536 3339 3623 3383 νῦν
3671 3334 3804 3385 θεῖον
3858 3344 3962 3406 φῶς

2350 3429 2554 3482 νόησον.
2592 3422 2912 3496 ΙΙεριέλαμψε
2941 3418 3000 3474 δὲ
3030 3421 3237 3486 αὐτοὺς,
3278 3422 3360 3473 ἵνα
3386 3429 3599 3493 γνῶσιν,
3634 3424 3714 3474 ὅτι
3745 3424 3962 3494 ἄγγελος

2353 3520 2477 3566 Θεοῦ
2509 3513 2651 3565 ἐστιν
2692 3515 2716 3564 ό
2743 3511 2956 3572 ἐπιστὰς
2992 3511 3183 3571 αὐτοῖς.

2425 3725 2533 3778 Καὶ
2572 3754 2640 3765 -
2677 3727 2858 3796 μέγαν.
2888 3725 2983 3776 Διὰ
3011 3725 3069 3774 τό
3107 3718 3404 3797 παράδοξον
3435 3729 3526 3774 τοῦ
3555 3723 3830 3794 θεάματος.

2428 3919 2530 3973 Καὶ
2563 3916 2697 3971 εἶπεν
2736 3949 2804 3959 -
2833 3917 2961 3988 λαῷ.
2991 3923 3055 3970 Τί
3107 3914 3167 3970 δὲ
3192 3919 3248 3970 τὸ
3294 3916 3592 3988 εὐαγγελιον
3642 3927 3741 3980 τῆς
3769 3927 3953 3994 χαρᾶς,

2355 4010 2483 4060 οἴκου
2493 4027 2601 4062 σον.

2426 4097 2546 4149 Ὀτι
2601 4127 2668 4136 -
2721 4092 2906 4150 Δαυῐδ.
2966 4096 3191 4167 Ἐτέχθη
3253 4096 3373 4166 ὑμῖν
3429 4099 3653 4166 σήμερον
3707 4095 3754 4148 ὲν
3819 4099 3955 4150 πόλει

2359 4182 2524 4238 Δανὶδ
2569 4190 2766 4256 Σωτὴρ,
2799 4186 2855 4247 ὃς
2899 4183 3010 4236 ἐστι
3060 4188 3289 4258 Χριστὸς
3337 4187 3448 4256 μὲν,
3503 4186 3568 4244 ὡς
3617 4194 3709 4245 τῆς
3762 4185 3952 4260 ἀνθρω-

595 4274 753 4325 ctam
774 4268 1005 4324 habens
1033 4269 1466 4326 humanitatem
1493 4287 1666 4328 suam
1693 4272 2016 4330 divinitate.
2055 4279 2236 4333 Domi-

2359 4280 2579 4335 πότητος
2645 4274 2804 4325 αὐτοῦ
2860 4276 3182 4347 χρισθείσης
3231 4281 3292 4345 τῇ
3339 4275 3562 4330 θεότητιθ
3617 4275 3820 4348 Κύριος
3873 4273 3948 4342 δὲ,

595 4373 710 4414 nus
739 4361 959 4423 autem,
990 4361 1192 4430 utpote
1223 4361 1393 4414 Deus.
1425 4359 1640 4416 Scribis
1679 4377 1820 4418 vero
1849 4369 1906 4419 et
1936 4365 2248 4422 Pharisaeis

596 4461 717 4502 non
743 4446 1116 4503 annuntiavit
1140 4447 1249 4502 hoc
1273 4447 1566 4517 gaudium
1597 4467 1609 4504 :
1634 4465 1772 4504 cum
1804 4453 1963 4508 enim
1990 4455 2248 4525 perversi

596 4539 874 4591 essentet
899 4535 1106 4602 invidi,
1143 4551 1266 4592 non
1307 4541 1475 4592 erant
1521 4538 1818 4605 credituri,
1861 4542 1964 4596 sed
2004 4545 2251 4612 pastori-

595 4625 730 4693 bus,
773 4624 876 4697 qui
901 4626 1157 4682 versutia
1184 4641 1250 4681 ac
1276 4626 1520 4691 invidia,
1555 4628 1859 4694 carebant,
1883 4632 2105 4702 quique
2157 4647 2251 4686 ve-

596 4721 780 4771 terem
807 4715 1273 4786 patriarcharum
1296 4716 1534 4771 vivendi
1566 4717 1814 4772 modum
1847 4719 2252 4791 apprehende-

669 4841 716 4877 “
740 4840 940 4898 Matth.
980 4857 1019 4908 ι,
1046 4842 1117 4896 25
1190 4842 1238 4878 ¹⁶
1269 4842 1472 4898 Matth.
1505 4857 1565 4898 ιι.
1599 4845 1692 4901 11.

2361 4368 2429 4426 ὡς
2482 4368 2625 4424 Θεός.
2682 4363 2793 4414 Οὐκ
2849 4362 3219 4432 εὐηγγελίσατο
3278 4359 3336 4414 δὲ
3420 4370 3526 4422 τοῖς
3597 4369 3951 4436 Γραμματεῦσι

2361 4459 2449 4506 καὶ
2495 4455 2802 4526 Φαρισαίόις
2860 4457 2951 4509 τὴν
3011 4454 3186 4523 χαρὰν
3238 4454 3454 4521 ταύτην,
3507 4449 3643 4504 διότι
3681 4451 3765 4502 οὐκ
3811 4454 3946 4522 ξαελ-

2361 4543 2444 4594 λον
2510 4549 2811 4606 πιστεύσαι,
2871 4546 3086 4614 πονηροὶ
3141 4545 3231 4592 καὶ
3285 4542 3517 4616 φθονεροὶ
3592 4542 3932 4609 τυγχάνοντες,

2365 4630 2490 4682 ἀλλὰ
2523 4634 2764 4702 ποιμέσιν
2815 4628 3094 4702 απονήροις
3143 4633 3233 4681 καὶ
3286 4627 3518 4690 ἁκάκοις,
3562 4632 3646 4679 καὶ
3694 4632 3780 4684 τήν
3846 4647 3943 4679 πα-

2363 4720 2510 4771 λαιὰν
2549 4717 2810 4770 πολιτείαν
2866 4716 3160 4778 ἐζηλωκόσι
3235 4726 3335 4769 τῶν
3395 4725 3759 4792 πατριαρχῶν,
3821 4717 3951 4770 Ἐπεὶ

1806 4967 2032 5034 Variae
2063 4965 2390 5036 lectiones
2433 4976 2499 5034 et
2529 4977 2732 5034 notae.

667 5109 786 5178 (44)
815 5114 912 5162 Τό·
951 5109 1066 5175 οὐκ,
1093 5108 1319 5165 omisso
1348 5114 1457 5164 καί.
1492 5112 1558 5165 Β.

667 5109 763 5178 (44
815 5114 912 5162 Τό·
951 5109 1066 5175 οὐκ,
1093 5109 1319 5165 omisso
1348 5114 1457 5164 καί.
1492 5112 1558 5165 Β.

667 5109 786 5322 E45;
816 5183 1035 5262 Rarum
1061 5180 1450 5262 vocabulum,
1482 5181 1560 5237 ab
1587 5177 1881 5264 κτηνώὸξης.

694 5251 762 5306 46
828 5252 1150 5317 Scholium,
1181 5251 1346 5322 quod
1376 5252 1473 5307 hic
1502 5268 1575 5308 ex
1606 5268 1871 5321 margine

596 5322 849 5391 subjecit
879 5325 1187 5394 interpres,
1202 5322 1279 5378 ’in
1311 5323 1474 5378 nullo
1519 5340 1786 5379 meorum
1813 5324 1990 5380 codd.
2021 5324 2252 5392 legitur.

668 5393 781 5462 (47)
815 5395 898 5449 lta
934 5409 1176 5462 quoque
1206 5393 1536 5462 Theophyl.
1582 5411 1640 5462 p.
1697 5397 1800 5449 315
1859 5400 1921 5460 D,
1983 5394 2252 5462 ἀγροτικόν

863 5409 898 5449 θ.

828 5252 1150 5317 Scholium,
1181 5251 1346 5323 quod
1376 5252 1473 5307 hic
1502 5268 1575 5308 ex
1606 5254 1871 5321 margine
1900 5252 1994 5307 sui
2033 5252 2255 5308 codicis

737 5393 781 5478 ξ)
815 5395 898 5449 lta
934 5409 1176 5516 quoque
1206 5393 1541 5476 Theophyl.
1582 5411 1644 5477 p._
1697 5397 1808 5477 315.
1859 5400 1921 5478 D,
1983 5394 2256 5470 ἀγροτικόν

737 5483 888 5516 νντες.
921 5466 950 5516 ll
976 5463 1087 5516 ale.
1121 5465 1464 5516 Posterioris
1495 5466 1950 5516 Signiﬁcatmms
1985 5468 2256 5516 axemnla

597 5464 888 5525 αὐλοῦντες.
921 5463 1097 5519 Μοιοῖ
1121 5463 1466 5521 Posteridris
1495 5463 1950 5535 signiﬁcationis
1985 5463 2258 5537 ei'empla

2365 5114 2443 5168 ad
2480 5111 2545 5169 h.
2592 5111 2630 5177 l.
2665 5110 2874 5166 laudat
2918 5111 3101 5164 West.
3134 5111 3324 5167 Monet
3354 5110 3533 5166 etiam
3563 5111 3637 5167 de
3668 5112 3779 5168 hoc
3813 5111 3951 5167 Gras-

2366 5183 2498 5256 vius
2533 5183 2609 5256 ad_
2655 5182 2993 5256 Hesiod._p.
3035 5183 3124 5237 75.
3177 5181 3367 5256 Addit;
3401 5181 3543 5239 ibid.
3599 5183 3947 5256 :l‘heophyL:

2368 5254 2550 5327 va-rgb
2589 5253 2733 5327 ἀγρῷ
2778 5249 3105 5327 αὐλιζόμενοι
3135 5257 3225 5327 καὶ
3275 5249 3562 5327 διάγοντες.
3599 5254 3665 5310 Et
3703 5249 3878 5325 ρ.’31’6
3908 5257 3948 5310 D

2367 5326 2426 5398 in
2453 5323 2935 5398 interpretatione
2957 5323 3274 5398 allegorica
3295 5323 3724 5398 deepiscopis';
3755 5327 3951 5398 ᾋγραυ-

2365 5394 2486 5447 λεῖν⁶
2523 5391 2785 5448 τουτέστιν
2829 5391 2975 5466 ᾄδειν
3012 5391 3341 5467 πνευμάτικά
3392 5391 3508 5448 τινα
3561 5391 3649 5450 καὶ
3696 5391 3947 5450 διδάσκειν

2367 5472 2454 5518 τόν
2485 5466 2627 5518 λαόν.

2367 5487 2454 5519 τον
2488 5487 2627 5521 Λαον.

672 5603 786 5674 (dd)
813 5603 1158 5675 Imperasset.
1198 5607 1263 5662 In
1291 5610 1486 5663 Graeco
1516 5611 1622 5669 est,
1648 5618 1906 5675 ornasset,
1943 5609 2001 5664 id
2032 5614 2138 5676 est,
2163 5610 2426 5666 auxisset
2450 5612 2506 5666 et
2543 5614 2817 5666 ornasset
2853 5608 3136 5676 aediﬁciis,
3156 5607 3366 5665 incolis
3394 5611 3453 5665 et
3491 5608 3644 5666 aliis.
