4170 6364
201 284 345 339 885

1340 287 1710 345 COMMENT.
1751 286 1822 341 IN
1857 285 2122 343 LUCAM.
2163 320 2234 333 —
2271 289 2427 348 CAP.
2470 292 2539 348 II.

3524 295 3632 353 886

208 405 289 461 δὲ
345 416 460 464 καὶ
498 416 692 484 ποιμὴν
747 411 988 485 ἐγεννήθη
1038 420 1130 465 τοῦ
1188 413 1334 478 λαοῦ,
1385 418 1599 487 ποιμέσι
1638 416 1705 466 τὰ
1749 434 1820 487 πεί

1975 418 2128 469 rant.
2163 415 2314 479 Quia
2339 416 2518 473 etiam
2547 421 2750 488 pastor
2773 434 2847 475 ac
2895 418 3020 475 dux
3043 418 3238 475 factus
3282 423 3370 476 est
3395 418 3493 491 (ee)
3522 435 3629 491 po-

211 499 421 553 οιύτοῦ
460 502 767 575 γνωρίζεται
798 510 1019 576 πρῶτον.

302 695 590 753 Δηλοῦται
636 693 694 749 δὲ
732 701 818 749 καὶ
868 698 1051 770 ἕτερον,
1103 699 1182 749 ὅτι
1226 705 1331 758 τοῖς
1378 702 1593 770 ποιμέσι
1639 707 1734 751 τῶν
1781 699 1862 750 λο-

204 793 408 854 γικῶν
474 785 742 858 προϐάτων
801 789 866 837 τὰ
924 788 1035 838 θεῖα
1078 792 1348 859 μυστήρια
1394 792 1494 861 πρὸ
1549 797 1648 839 τῶν
1696 788 1860 839 ἄλλων

205 870 492 925 ἀποκαλύ
500 895 730 928 πτονται.

300 967 429 1014 Καὶ
488 994 560 1005 —
617 971 851 1035 σημεῖον.
917 970 1080 1016 Τοῦτο
1129 966 1249 1037 ὑμῖν
1312 968 1371 1016 τό
1427 969 1704 1040 τεκμήριον
1764 972 1856 1017 τοῦ

206 1048 326 1109 ἄλη
340 1053 521 1103 θεύειν
551 1072 633 1125 με.

296 1142 584 1212 Εὑρὴσετε
661 1172 730 1182 —
822 1142 984 1214 φάτνῃ

203 1312 303 1385 δὲ,
348 1317 450 1369 ἵνα
472 1317 735 1391 ἀναστήσῃ
778 1323 896 1380 τοὺς
924 1324 1253 1382 πεπτωκότας
1285 1320 1356 1381 εἰς
1383 1321 1658 1395 ἁμαρτίαν.

290 1410 411 1457 Kal
476 1406 859 1479 -ὀῦρανίου,
930 1407 1159 1479 Ἐγένετο
1201 1413 1292 1461 σὺν
1366 1417 1438 1479 τῷ
1505 1408 1725 1481 ἀγγέλῳ,
1784 1406 1849 1464 ἦ-

196 1513 349 1564 γουν
391 1496 623 1554 συνῆλθε
752 1495 950 1568 ἀγγέλῳ
983 1495 1179 1569 ἐκείνῳ.

284 1593 337 1638 Α
348 1584 602 1635 ἰνούντων
663 1589 749 1637 τὸν
834 1591 980 1637 Θεόν.

197 1676 302 1729 τὴν
369 1678 509 1742 μίαν
551 1675 766 1731 θεότητα
819 1682 914 1735 τῆς
949 1674 1099 1744 ἁγίας
1132 1671 1380 1746 Τριάδος,
1438 1672 1531 1726 διὰ
1566 1679 1657 1733 τὴν
1707 1674 1840 1726 οἰκο-

192 1762 553 1833 νόμηθεῖσαν
589 1768 849 1836 σωτηρίαν
878 1771 976 1814 τῶν
1009 1762 1295 1838 ἆνθρώπον.

287 1855 407 1903 Καὶ
476 1850 717 1922 λεγόντων
792 1883 845 1893 -
921 1860 1053 1923 Θεῷ.
1139 1852 1322 1925 ’Υμνος
1378 1851 1427 1904 ἐν
1481 1853 1717 1927 οὐρανοῖς
1766 1860 1837 1923 τῷ

195 1954 355 2018 Θεῷ.

279 2040 403 2089 Kal
449 2067 518 2078 —
548 2040 631 2091 ἐπὶ
687 2048 787 2111 ’γῆς
831 2039 1026 2113 εἰρήνη.
1085 2047 1248 2092 Τοῦτο
1296 2040 1439 2093 αἰτία
1489 2047 1580 2091 τοῦ
1632 2039 1831 2111 ὕμνου⁶

197 2123 364 2178 διότι
442 2132 528 2179 καὶ
586 2126 667 2179 ἐπὶ
732 2137 829 2200 γῆς
878 2128 1051 2203 εἰρήνη
1111 2135 1335 2201 γέγονεν,
1401 2130 1430 2187 ἡ
1493 2128 1539 2181 ἐν
1598 2128 1834 2205 οὐρανοῖς

194 2215 619 2289 πολιτευομένη,
689 2218 1048 2290 εἰρηνευόντων
1097 2215 1203 2277 ἤδη
1263 2222 1350 2270 καὶ
1393 2228 1491 2270 τῶν
1552 2218 1830 2293 ἀνθρώπων

197 2309 349 2377 πρὸς
386 2309 477 2356 τὸν
510 2310 654 2360 Θεόν.

279 2392 357 2445 Ἥ
424 2391 561 2447 διότι
600 2400 689 2447 καὶ
720 2394 803 2447 ἐπὶ
846 2404 946 2467 ’γῆς
989 2399 1131 2469 ὤφθη
1188 2399 1212 2448 ό
1259 2400 1379 2458 Υἱός
1428 2404 1517 2449 τοῦ
1566 2404 1720 2464 Θεοῦ,
1776 2399 1830 2460 ὃς

199 2481 360 2534 ἐστιν
436 2484 609 2559 εἰρήνη
680 2491 772 2536 τοῦ
838 2489 1056 2557 κόσμου.
1112 2490 1343 2547 Μεσίτης
1404 2488 1504 2559 γὰρ
1561 2494 1693 2538 Θεοῦ
1740 2491 1828 2538 καὶ

196 2569 505 2645 ἀνθρώπων
586 2577 868 2645 γενόμενος,
935 2574 1197 2645 εἰρήνευσε
1279 2576 1346 2626 τὰ
1432 2574 1635 2645 ἐπίγεια
1700 2579 1828 2646 πρὸς

194 2662 271 2711 τὰ
314 2660 562 2734 οὐράνια,
612 2665 676 2713 τὰ
740 2658 999 2713 διεστῶτα
1039 2661 1271 2733 συνάψας
1326 2667 1415 2714 καὶ
1470 2665 1536 2713 τὰ
1583 2661 1826 2715 ἐκπεπολε

193 2753 433 2820 μωμένα
462 2750 802 2812 καταλλάξας.

275 2836 351 2887 ”Η
428 2844 529 2890 Καὶ
589 2838 672 2890 ἐπὶ
712 2846 813 2909 γῆς
858 2839 1053 2913 εἰρήνη,
1090 2836 1228 2891 ὃιότι
1262 2846 1353 2891 τοῦ
1407 2843 1823 2916 παντοκράτορος

195 2932 455 2997 Χριστοῦ
487 2931 785 2999 τικτομένου
836 2934 935 2988 πᾶς
984 2928 1220 3000 πόλεμος,
1276 2928 1552 2993 κατελύθη,
1616 2932 1820 2983 πάντων

196 3012 339 3083 ὁμοῦ
398 3022 499 3065 τῶν
554 3014 707 3066 ἐθνῶν
760 3025 831 3087 τῷ
888 3018 1065 3090 κράτει
1130 3026 1228 3068 τῶν
1295 3017 1555 3091 Ῥωμαίων
1619 3021 1818 3072 ὑποτα-

194 3105 424 3172 γέντων.

276 3191 365 3242 Ἐν
446 3190 736 3264 ἀνθρώποις
810 3189 1040 3246 εὐδοκία.
1125 3195 1205 3248 Ἐν
1282 3194 1570 3268 ἀνθρώποις
1643 3206 1729 3249 νῦν
1784 3200 1813 3255 ἡ

198 3279 375 3331 πάλαι
436 3276 655 3332 εὐδοκία
708 3289 797 3333 τοῦ
850 3288 1085 3357 Πατρός·
1121 3284 1251 3342 αὕτη
1301 3282 1360 3336 δέ
1416 3284 1526 3336 ἐστι
1566 3290 1622 3337 τὸ
1681 3286 1817 3338 ἐναν-

206 3370 497 3440 Θρωπῆσαι
523 3373 607 3421 τόν
644 3373 782 3436 Υὶόν,
814 3376 901 3423 καὶ
936 3380 1106 3423 σῶσαι
1135 3377 1220 3424 τόν
1271 3373 1569 3427 ἀπολωλότα
1622 3377 1816 3448 ἄνθρω-

204 3477 328 3509 πον.
395 3463 502 3509 Νῦν
552 3461 653 3531 γὰρ
700 3460 1053 3534 πεπλήρωται,
1110 3462 1135 3512 ὃ
1184 3462 1343 3513 πάλαι
1388 3460 1693 3533 εὐδόκησεν,
1746 3468 1815 3516 εῖ-

204 3565 333 3596 τουν
367 3547 572 3618 ὥρισεν,
604 3547 843 3605 ἠθέλησε.

282 3745 388 3793 Kal
454 3740 644 3811 ἐγένετο
701 3774 765 3783 --
820 3746 964 3815 ἡμῖν.
1021 3741 1242 3817 Ἴὸωμεν
1298 3750 1356 3798 τό
1420 3749 1583 3821 ῥῆμα,
1641 3750 1814 3800 τούτέ-

208 3849 346 3896 στιν,
377 3829 694 3903 ἐξετάσωμεν
731 3833 842 3905 (48)
882 3838 938 3885 τὸ
986 3835 1149 3908 ῥῆμα,
1196 3838 1254 3887 τὸ
1297 3842 1414 3909 περὶ
1466 3844 1557 3888 τοῦ
1616 3839 1812 3908 τεχθῆ-

203 3938 288 3969 ναι
348 3922 475 3991 ἡμῖν
532 3928 748 3994 Σωτῆρα
815 3926 1059 3994 σήμερον.
1134 3924 1483 3996 Ἐξετάσωμεν
1543 3921 1601 3977 δὲ
1656 3934 1809 3979 τοῦτο

204 4002 300 4058 διὰ
332 4016 427 4060 τοῦ
470 4005 706 4073 δοθέντος
736 4013 860 4082 ἡμῖν
890 4016 1132 4083 σημείου,

278 4104 382 4151 Καὶ
437 4095 589 4155 ἦλθον
641 4131 705 4138 -
752 4103 959 4152 τούτου.
1018 4106 1385 4175 Διεγνώρισαν,
1451 4102 1562 4174 (49)
1622 4107 1804 4175 ἤγουν,

204 4187 706 4263 ἐπληροφορὴθησαν
760 4194 878 4263 περὶ
955 4198 1045 4241 τοῦ
1104 4191 1340 4264 ῥήματος
1404 4199 1495 4243 τοῦ
1568 4191 1807 4251 λαληθέν-

202 4296 289 4336 τος
327 4276 503 4336 αὐτοῐς
545 4282 661 4352 περὶ
704 4285 793 4329 τοῦ
841 4275 1059 4330 παιδίου
1108 4283 1313 4348 τούτου,
1374 4282 1453 4331 ὅτι
1501 4281 1692 4353 ἐτέχθη
1735 4291 1805 4354 τῷ

206 4364 310 4435 λαῲ
341 4370 540 4441 Σωτήρ.

284 4460 381 4506 Καὶ
441 4457 623 4516 πάντες
686 4487 757 4495 -—
808 4460 937 4530 πρὸς
1013 4456 1216 4518 αὐτούς.
1292 4458 1629 4529 Ἀνήγγειλαν
1703 4463 1803 4533 γὰρ

212 4542 399 4594 αὐτίκα
450 4552 520 4614 τῷ
567 4563 619 4595 τε
676 4545 869 4616 Ἰωσὴφ
924 4551 1013 4597 καὶ
1069 4554 1130 4617 τῇ
1186 4551 1348 4618 μητρὶ
1422 4556 1512 4598 τοῦ
1588 4545 1803 4600 παιδίου

211 4634 375 4683 πάντα
414 4634 513 4684 ὅσα
542 4637 773 4691 ἤκουσαν
807 4637 949 4706 παρὰ
999 4642 1090 4686 τοῦ
1148 4633 1387 4706 ἀγγέλου,
1438 4641 1526 4687 καὶ
1580 4640 1645 4688 τὰ
1690 4644 1806 4712 περὶ

217 4725 302 4768 τοῦ
341 4720 570 4782 πλήθους
623 4731 715 4782 τῆς
763 4722 1004 4796 οὐρανίου
1063 4730 1325 4795 στρατιᾶς.
1392 4728 1489 4776 Καὶ
1543 4724 1601 4775 οὐ
1652 4730 1804 4797 μόνον

214 4808 426 4875 τούτοις,
484 4809 611 4862 ἀλλὰ
660 4816 748 4863 καὶ
798 4818 981 4877 πᾶσιν,
1040 4812 1117 4874 οἷς
1171 4811 1534 4883 ἐνετύγχανον,
1604 4815 1653 4865 οἳ
1717 4820 1806 4868 καὶ

216 4892 537 4967 ἀκούσαντες,
578 4897 897 4971 ἐθαύμασαν,
928 4905 1046 4974 περὶ
1093 4900 1160 4952 ὧν
1194 4904 1453 4959 ἤκουσαν,

1077 1139 1261 1200 Ἐδέθη
1334 1145 1424 1215 μὲν
1514 1145 1848 1215 σπαργάνοις,

204 1229 309 1279 ἵνα
385 1228 528 1302 λύσῃ
583 1232 648 1282 τὰ
701 1232 975 1303 σπάργανα
1021 1239 1118 1282 τῶν
1167 1231 1430 1303 ἁμαρτιῶν
1464 1234 1630 1303 ἡμῶν·
1690 1233 1851 1285 ἔκειτο

1058 1594 1168 1638 Τῶν
1243 1586 1468 1657 ἀγγέλων
1552 1587 1843 1658 ὑμνούντων

1975 502 2119 574 puli,
2149 504 2479 575 pastoribus
2503 506 2761 576 primum
2791 523 2884 574 ea,
2924 524 3060 579 quae
3096 508 3170 563 de
3197 524 3258 563 se
3292 512 3461 564 erant
3497 525 3628 579 my-

1976 593 2167 655 steria,
2203 594 2626 650 manifestavit.

2046 680 2421 750 Signiﬁcatur
2446 699 2687 755 quoque
2712 689 2767 739 et
2794 685 2978 751 aliud,
3005 686 3173 758 quod
3216 685 3493 741 videlicet
3521 702 3624 757 pa-

1972 769 2227 824 storibus
2270 772 2650 828 rationalium
2702 775 2910 829 ovium
2967 775 3169 831 divina
3195 774 3477 846 mysteria
3505 774 3620 846 pri-

1968 874 2149 923 mum,
2183 864 2319 915 ante
2349 860 2517 928 alios,
2548 862 2903 918 revelantur.

2038 947 2204 1002 Vers.
2228 948 2315 1002 i2.
2343 950 2418 1003 Et
2448 980 2518 989 —
2541 949 2776 1018 signum.
2813 953 2935 1008 Hoc
2962 951 3133 1007 vobis
3169 964 3617 1031 argumentum,

1964 1035 2130 1107 quod
2154 1052 2293 1092 vera
2322 1037 2543 1093 dicam.

2034 1123 2198 1179 Vers.
2219 1127 2305 1182 i2.
2322 1127 2641 1183 Invenietis
2656 1159 2725 1168 —
2740 1143 3017 1198 praisepe.
3041 1130 3259 1187 Fasciis
3279 1133 3612 1205 alligatum,

1960 1216 2025 1267 ut
2043 1212 2259 1269 fascias
2270 1219 2611 1271 nostrorum
2625 1215 2820 1272 solvat
2834 1221 3237 1288 peccatorum.
3255 1221 3501 1281 Jacebat
3515 1240 3617 1282 au-

1959 1304 2099 1367 tem,
2134 1310 2196 1357 ut
2234 1318 2359 1367 eos,
2408 1304 2514 1375 qui
2537 1304 2599 1360 in
2642 1310 2888 1376 peccata
2925 1307 3279 1377 ceciderant,
3340 1313 3611 1382 erigeret.

2029 1390 2188 1445 Vers.
2212 1391 2300 1446 13.
2326 1392 2405 1447 Ει
2423 1422 2494 1432 ——
2518 1395 2788 1449 caelestis.
2814 1396 2986 1451 Facta
3006 1399 3099 1450 est
3126 1413 3264 1453 cum
3287 1401 3524 1470 angelo,
3546 1401 3611 1458 id

1955 1482 2061 1544 est,
2090 1480 2217 1549 conj
2229 1486 2407 1536 uncta
2445 1485 2537 1536 est
2552 1481 2636 1537 illi
2667 1482 2902 1551 angelo.

2025 1568 2185 1622 Vers.
2216 1572 2299 1623 13.
2331 1570 2737 1625 Laudantium
2760 1572 2965 1627 Deum.
2997 1574 3224 1629 Laudes
3255 1577 3605 1635 canentium

1952 1655 2057 1710 uni
2095 1661 2315 1711 sanctis
2351 1656 2651 1713 Trinitatis
2701 1658 3013 1725 divinitati,
3063 1667 3309 1734 propter
3354 1665 3607 1723 ordina-

1875 1749 1921 1809 Β
1950 1748 2075 1800 tam
2093 1745 2409 1801 hominum
2440 1746 2711 1803 salutem.

2021 1835 2186 1889 Vers.
2216 1838 2298 1890 13.
2330 1837 2410 1890 Et
2451 1837 2779 1892 dicentium
2816 1868 2886 1878 ——
2934 1838 3071 1894 Deo.
3122 1840 3281 1897 Laus
3335 1842 3398 1897 in
3436 1844 3602 1901 caelis

1948 1924 2089 1977 Deo.

2018 2011 2181 2067 Vers.
2216 2010 2300 2065 14.
2331 2011 2411 2066 Et
2455 2012 2521 2067 in
2554 2017 2716 2067 terra
2736 2027 2885 2081 pax.
2918 2015 2987 2069 Ut
3022 2013 3151 2070 haec
3180 2016 3432 2087 hymno,
3474 2020 3599 2077 sive

1942 2098 2107 2155 laudi
2128 2100 2612 2171 correspondeat.
2643 2102 2794 2167 Quia
2812 2106 2871 2156 et
2897 2102 2959 2158 in
2980 2108 3136 2160 terra
3164 2120 3283 2175 pax
3302 2106 3459 2164 facta
3487 2114 3598 2175 est,

1942 2204 2077 2259 quae
2093 2188 2155 2244 in
2187 2189 2345 2244 caelis
2362 2190 2740 2259 versabatur,
2762 2190 3106 2248 hominibus
3131 2208 3344 2265 pacem
3365 2195 3495 2267 jam
3516 2198 3598 2255 ad

1941 2277 2132 2333 Deum
2159 2278 2546 2335 habentibus.

2012 2367 2118 2422 Vel
2145 2369 2290 2438 quia
2326 2370 2505 2424 etiam
2530 2368 2591 2423 in
2624 2373 2779 2424 terra
2810 2369 2911 2424 Dei
2941 2370 3121 2426 Filius
3149 2374 3449 2443 apparuit,
3487 2377 3593 2448 qui

1939 2460 2030 2511 est
2066 2472 2183 2526 pax
2201 2457 2431 2521 mundi,
2465 2456 2759 2512 mediator
2789 2458 2890 2512 Dei
2925 2462 2978 2513 et
3006 2459 3325 2516 hominum
3350 2462 3548 2519 factus
3575 2483 3589 2521 :

1937 2545 2041 2615 qui
2091 2544 2430 2615 paciﬁcavit
2488 2546 2787 2601 terrestria
2823 2546 3185 2617 caalestibus,
3239 2549 3593 2610 dissidentia

1936 2632 2335 2702 conjungens,
2366 2649 2611 2704 eosque,
2637 2633 2740 2705 qui
2770 2633 3028 2690 invicem
3052 2635 3251 2693 hostes
3282 2646 3471 2710 erant,
3502 2656 3591 2697 re-

1934 2720 2282 2776 concilians.

2005 2809 2129 2865 Vel.
2158 2812 2234 2865 Et
2257 2810 2321 2866 in
2375 2817 2539 2867 terra
2560 2827 2706 2881 pax,
2740 2812 2885 2884 quia
2912 2813 3319 2884 omnipotente
3356 2816 3587 2875 Christo

1931 2900 2094 2963 nato,
2116 2897 2345 2954 bellum
2376 2915 2555 2955 omne
2570 2900 2935 2956 dissolutum
2964 2907 3070 2966 est,
3094 2903 3380 2960 omnibus
3403 2905 3586 2962 simul

1931 2986 2210 3056 gentibus
2244 2990 2651 3046 Romanorum
2689 2989 2899 3046 ditioni
2929 2990 3235 3063 subjectis.

2000 3211 2159 3264 Vers.
2185 3210 2269 3264 14.
2295 3211 2366 3266 In
2394 3210 2721 3267 hominibus
2752 3212 3203 3281 beneplacitum.
3240 3217 3306 3269 In
3327 3214 3586 3272 homini-

1926 3297 2041 3354 bus
2058 3314 2219 3354 nunc
2241 3304 2347 3367 est,
2376 3301 2543 3370 quod
2561 3301 2705 3355 olim
2732 3302 2914 3356 Patris
2944 3306 3071 3357 erat
3094 3302 3541 3374 beneplacitum
3564 3322 3578 3361 :

1925 3388 2037 3442 hoc
2064 3392 2264 3443 autem
2296 3394 2404 3454 est,
2448 3393 2511 3444 ut
2541 3389 2953 3445 incarnaretur
2984 3390 3084 3445 Dei
3122 3390 3324 3455 Filius,
3368 3408 3437 3447 ac
3468 3395 3584 3449 sal-

1926 3482 2165 3532 varetur
2193 3479 2376 3533 homo
2402 3479 2689 3550 perditus.
2708 3481 2873 3534 Nunc
2899 3479 3060 3534 enim
3083 3480 3447 3552 completum
3468 3487 3579 3550 est,

1925 3567 2089 3638 quod
2111 3567 2253 3622 olim
2284 3567 2364 3621 illi
2386 3567 2786 3639 beneplacuit,
2817 3567 2941 3623 sive
2961 3568 3129 3639 quod
3155 3569 3441 3637 deﬁnivit,
3476 3577 3581 3629 aut

1924 3654 2129 3711 voluit.

1994 3746 2160 3801 Vers.
2182 3746 2274 3803 15.
2309 3747 2389 3801 Et
2402 3746 2634 3815 factum
2653 3776 2721 3787 —
2735 3746 2912 3802 vobis.
2928 3746 3255 3803 Videamus
3287 3765 3438 3817 rem,
3461 3750 3578 3807 hoc

1922 3840 2027 3899 est,
2069 3834 2443 3907 inquiramus
2479 3834 2723 3900 factum,
2757 3834 2831 3890 de
2864 3840 3007 3892 nato
3039 3836 3216 3892 nobis
3242 3837 3420 3895 hodie
3454 3840 3581 3895 Sal-

1920 3928 2146 3979 vatore.
2208 3923 2588 3996 Inquiramus
2624 3928 2827 3979 autem
2862 3923 2999 3992 hoc,
3041 3940 3148 3997 per
3194 3925 3405 3983 datum
3473 3943 3581 3984 no-

1920 4010 2013 4067 bis
2053 4013 2315 4084 signum.

1989 4101 2158 4156 Vers.
2204 4106 2287 4157 l6.
2314 4102 2396 4157 Et
2427 4106 2715 4157 venerunt
2752 4133 2822 4142 —
2852 4101 3017 4161 Vers.
3052 4106 3134 4157 i7.
3179 4104 3308 4159 hoc.
3346 4104 3575 4176 Cogno-

1918 4195 2148 4259 verunt,
2178 4190 2296 4245 sive
2348 4189 2628 4245 certiores
2660 4189 2798 4245 facti
2853 4194 2993 4245 sunt
3022 4190 3096 4245 de
3144 4191 3349 4259 verbo,
3409 4194 3574 4265 quod

1919 4282 2137 4336 dictum
2169 4284 2293 4335 erat
2313 4280 2395 4334 eis
2426 4279 2499 4334 de
2533 4295 2716 4351 puero
2746 4279 2879 4345 hoc,
2912 4279 3079 4351 quod
3112 4286 3291 4336 natus
3318 4287 3443 4340 erat
3471 4299 3576 4356 po-

1839 4404 1884 4457 D
1916 4370 2061 4442 pulo
2095 4370 2375 4425 Salvator.

1988 4461 2153 4515 Vers.
2192 4462 2271 4513 t8.
2301 4458 2378 4513 Et
2406 4456 2858 4525 omnes—ipsis.
2895 4456 3107 4512 Statim
3140 4459 3299 4513 enim
3328 4472 3568 4515 annun-

1917 4548 2212 4603 tiaverunt
2234 4547 2455 4617 Joseph
2495 4552 2549 4600 et
2578 4546 2754 4601 matri
2784 4545 2971 4616 pueri,
3002 4560 3377 4617 quaecunque
3408 4549 3570 4604 dicta

1916 4641 2084 4691 erant
2122 4636 2268 4706 ipsis
2308 4634 2387 4689 ab
2412 4633 2645 4705 angelo,
2672 4638 2729 4689 et
2777 4631 2852 4687 de
2906 4631 3283 4687 multitudine
3314 4634 3566 4691 caelestis

1917 4723 2164 4781 militia-3.
2200 4725 2314 4778 Nec
2338 4720 2433 4777 his
2489 4720 2704 4789 solum,
2760 4735 2968 4774 verum
3020 4719 3203 4774 etiam
3253 4721 3563 4790 omnibus,

1915 4813 2139 4885 quibus
2166 4811 2575 4877 occurrebant,
2598 4808 2701 4880 qui
2726 4808 2904 4864 etiam
2925 4806 3301 4865 mirabantur
3347 4809 3421 4865 de
3448 4810 3564 4880 his,

1916 4918 2052 4974 quae
2084 4899 2427 4957 audiebant.

1453 5053 1671 5121 Variae
1707 5055 2036 5124 lectiones
2078 5062 2145 5122 et
2183 5060 2385 5121 notae.

414 5223 483 5272 Τό
511 5220 657 5293 ῥῆμα
686 5220 892 5293 abest.
916 5224 982 5277 Α.

298 5292 384 5362 49)
415 5292 731 5347 Heutenius
753 5292 1118 5347 reddendum
1146 5296 1377 5348 censet:
1409 5294 1629 5349 Notum
1653 5297 1808 5363 fece-

209 5370 341 5417 runt
358 5363 445 5418 vel
457 5363 1652 5435 divulgauernnt,obidpotissimum,quod
1672 5384 1807 5437 pro-

276 5557 377 5634 (ες)
408 5560 628 5634 [actus
655 5566 758 5616 est.
792 5559 1033 5634 Videtur
1062 5575 1202 5629 ergo
1231 5559 1453 5630 legisse
1475 5560 1801 5634 ἐργαστικὸν.

276 5629 362 5698 (ff)
412 5631 565 5687 Nam
600 5632 703 5688 hoc
726 5663 794 5671 —
826 5632 1109 5701 reliquum
1148 5639 1251 5687 est.
1279 5629 1468 5688 Suum
1497 5629 1668 5689 enim
1699 5635 1805 5690 im-

1916 5225 2075 5282 tinus
2100 5222 2403 5296 sequitur:
2435 5222 2517 5277 Et
2561 5236 2775 5290 omnes,
2827 5221 2932 5292 qui
2972 5220 3311 5286 audierunt,
3355 5222 3563 5280 mirati

1913 5304 2073 5352 sunt.
2108 5299 2321 5351 Notum
2360 5300 2561 5367 autem
2604 5299 2713 5359 est,
2767 5296 3037 5367 ’γνωρίζειν
3066 5308 3198 5349 esse
3255 5299 3311 5350 et
3336 5310 3560 5366 cogno-

1914 5384 2095 5433 scere,
2138 5373 2193 5423 et
2223 5370 2432 5421 notum
2458 5364 2678 5422 facere.

1911 5563 2085 5636 plevit
2123 5561 2303 5633 (fecit)
2341 5564 2397 5618 et
2443 5560 2814 5634 superﬂuum
2852 5563 2940 5618 est
2979 5560 3040 5618 in
3069 5564 3396 5634 posterum,
3437 5576 3558 5617 ces-

1912 5634 2002 5691 sat
2028 5634 2090 5691 in
2113 5640 2443 5706 posterum.
