4170 6364
573 275 679 331 887

649 396 810 453 Vers.
839 395 928 450 19.
972 393 1172 450 Maria
1201 398 1401 450 autem
1430 422 1497 431 —
1547 390 1692 446 hac.
1741 388 1885 453 Quae
1913 397 1950 439 a
1978 374 2230 452 pastori-
2257 371 2304 426 A

574 487 694 542 bus
721 484 874 539 dicta
901 488 1088 539 erant.
1115 482 1520 538 Conservabat
1541 485 1743 536 autem
1769 473 1933 547 apud
1959 485 2110 527 sese.

651 575 812 629 Vers.
857 574 946 627 19.
999 573 1325 640 Con/"arens
1383 599 1450 609 —
1501 585 1626 624 suo.
1684 563 2044 622 Examinans
2102 557 2232 612 haec

577 662 743 735 apud
765 678 829 717 se
858 662 1072 733 ipsam,
1099 666 1152 716 et
1182 675 1545 732 comparans
1574 658 1651 712 ad
1666 651 1956 711 Gabrielis
1977 649 2054 705 ab
2067 660 2232 702 exor-

577 751 679 806 dio
711 749 1146 812 salutationem,
1208 765 1279 803 ac
1318 748 1444 802 sine
1492 746 1717 801 semine
1759 744 2130 809 conceptum,
2178 737 2234 788 et

579 839 812 910 absque
850 837 1158 893 doloribus
1211 837 1618 909 puerperium,
1693 837 2048 902 partumque
2105 822 2233 877 sine

579 926 956 998 corruptione
989 945 1000 984 :
1034 931 1090 980 et
1113 925 1400 996 paulatim
1431 921 1842 978 certitudinem
1872 911 2237 984 suscipiebat

580 1015 990 1087 perfectiorem
1003 1054 1015 1065 .

654 1105 817 1160 Vers.
848 1107 935 1159 20.
967 1104 1047 1159 Ει
1076 1102 1292 1160 reversi
1317 1108 1461 1158 sunt
1504 1132 1574 1142 —
1601 1101 1778 1170 ipsos.
1836 1091 2070 1152 Reversi
2099 1092 2238 1145 sunt

585 1193 667 1251 ad
697 1208 940 1262 gregem
969 1209 1166 1248 suum.

586 1329 590 1332 .
658 1283 819 1338 Vers.
847 1283 936 1336 21.
960 1282 1219 1352 Cumque
1241 1311 1305 1322 —
1327 1284 1511 1338 utero.
1529 1278 2059 1345 Quemadmodum
2071 1278 2236 1350 apud

585 1387 699 1428 nos
736 1371 1097 1438 sacerdotes,
1128 1369 1378 1442 quando
1405 1370 1724 1440 baptizant,
1757 1373 1901 1423 tunc
1931 1368 2109 1425 etiam
2133 1383 2236 1424 no-

585 1475 724 1517 men
757 1460 1077 1532 imponunt
1107 1476 1118 1512 :
1149 1459 1228 1514 ita
1253 1463 1308 1514 et
1329 1458 1490 1530 apud
1520 1457 1815 1521 Hebraeos,
1849 1458 2098 1528 quando
2129 1457 2238 1512 cir-

585 1550 957 1615 cumcidunt,
986 1553 1123 1605 tunc
1154 1549 1332 1604 etiam
1364 1563 1587 1604 nomen
1612 1547 1946 1618 imponunt.

660 1637 956 1696 Dubitavit
975 1643 1174 1694 autem
1205 1637 1442 1710 aliquis,
1473 1651 1656 1709 quare
1686 1636 1952 1692 Christus
1987 1637 2238 1692 circum-

587 1727 798 1785 cisioni
819 1726 1002 1782 ﬁnem
1020 1732 1147 1782 erat
1163 1726 1552 1798 impositurus
1567 1724 1596 1780 ?
1623 1726 1727 1780 Cui
1744 1725 2238 1797 respondendum

2359 1725 2564 1793 οιτομὴν
2649 1721 2846 1793 ἔμελλεν
2925 1723 2950 1774 ὁ
3030 1724 3283 1796 Χριστός,

586 1822 694 1882 est,
711 1816 876 1889 quod
893 1816 1008 1872 hoc
1024 1815 1357 1871 secundum
1379 1813 1890 1886 dispensationem
1912 1819 2112 1871 actum
2127 1819 2238 1872 est.

589 1907 708 1963 Nisi
760 1907 922 1961 enim
969 1904 1359 1960 circumcisus
1407 1903 1609 1959 fuisset
1667 1919 2055 1976 nequaquam
2107 1905 2239 1974 ejus

589 1995 864 2050 doctrina
891 1997 1162 2064 suscepta
1200 1992 1423 2058 fuisset,
1469 1991 1574 2047 sed
1604 1991 1855 2048 omnino
1903 1993 2235 2064 repudiata,

588 2089 884 2156 tanquam
905 2082 1251 2151 alienigenae
1278 2103 1290 2136 :
1315 2096 1512 2152 neque
1537 2081 1884 2136 credidisset
1907 2081 2236 2153 quispiam,

587 2173 787 2245 ipsum
813 2186 944 2227 esse
975 2170 1273 2226 Christum
1306 2171 1381 2224 de
1412 2170 1638 2225 semine
1689 2168 1997 2225 Abraham
2037 2185 2242 2242 exspe-

589 2259 1052 2318 ctatum.0mnes
1068 2257 1354 2330 enim,qui
1370 2257 1448 2312 ab
1459 2257 1761 2313 Abraham
1775 2257 2240 2319 descendebant,

590 2348 852 2420 sigillum
885 2363 955 2404 ac
986 2348 1220 2419 signum
1257 2345 1561 2402 habebant
1587 2345 2072 2412 circumcisionis,
2105 2363 2240 2420 quas

588 2436 993 2506 distinguebat
1018 2436 1150 2491 illos
1177 2435 1255 2490 ab
1284 2435 1413 2490 aliis
1446 2435 1744 2503 gentibus.
1780 2435 1868 2492 Ob
1894 2436 2007 2492 hoc
2041 2436 2243 2508 itaque

589 2527 979 2583 circumcisus
1003 2530 1110 2580 est.
1164 2524 1379 2592 Legem
1410 2523 1588 2579 etiam
1636 2523 1697 2579 in
1720 2523 1835 2580 hoc
1883 2524 2239 2596 adimplens,

590 2616 741 2670 sicut
768 2614 828 2670 in
859 2614 989 2670 aliis
1019 2628 1261 2684 quoque
1294 2612 1611 2684 praeceptis
1642 2613 1958 2682 legalibus,
1995 2630 2068 2670 ne
2099 2615 2244 2686 legis

589 2709 990 2772 transgressor
1033 2701 1349 2757 videretur.
1381 2704 1540 2756 Hanc
1572 2707 1772 2758 autem
1797 2717 2034 2758 cessare
2081 2703 2243 2767 facit,

590 2797 649 2848 et
692 2789 864 2846 valde
901 2789 1348 2845 rationabiliter.
1396 2791 1769 2846 Hebraeorum
1802 2792 1962 2846 enim
2002 2791 2239 2847 circum-

593 2880 741 2935 cisio
770 2878 1239 2934 Christianorum
1276 2879 1568 2949 baptisma
1596 2878 1893 2948 ﬁgurabat
1939 2897 2007 2936 ac
2043 2881 2246 2952 praesi-

590 2967 835 3040 gnabat.
866 2965 1393 3032 Quemadmodum
1424 2969 1584 3022 enim
1603 2967 1703 3024 illa
1733 2968 2012 3038 signabat
2036 2986 2162 3035 eos,
2188 2977 2246 3026 et

1900 248 2246 313 EUTHYMII
2287 246 2619 303 ZIGABENI

3917 243 4040 299 888

2424 378 2465 425 H
2503 367 2560 425 δὲ
2605 374 2824 449 Μαριὰμ
2870 403 2940 413 —
2977 377 3163 427 ταῦτα.
3220 372 3300 424 re
3343 372 3488 445 παρά
3531 377 3639 422 τῶν
3709 373 4034 441 ποιμένων

2338 459 2642 519 λαληθέντα.
2680 467 2951 531 Συνετήρει
2981 458 3041 514 δὲ
3071 467 3239 513 ταῦτα
3279 459 3400 534 παρ’
3429 459 3618 531 ἑαυτῇ.

4107 123 4128 687 3

4109 513 4122 570 ἆ

3279 548 3733 624 Ιίαρεξετάξουσα
3826 558 4028 601 ταῦτα
4109 548 4122 570 ²

3279 639 3283 693 ἶ
3340 637 3515 712 ἀρχῆς
3572 637 4022 711 εύαγγελισμόν

3279 746 3328 778 ον
3382 725 3662 797 σύλληψιν,
3735 733 3854 779 καὶ
3919 735 4018 785 ris:

3281 835 3393 888 ορον
3438 821 3610 880 τόκον,
3664 820 3779 868 καὶ
3840 815 4016 867 τελει-

3279 909 3586 979 ,ηροφορίαν.

2412 549 2789 622 Συμϐάλλουσα
2862 581 2932 592 -
2998 550 3180 611 αὐτῆς.

2342 641 2459 691 καθ’
2527 639 2733 707 ἑαυτὴν,
2792 642 2924 714 πρὸς
2988 659 3042 692 τε
3084 642 3172 691 τόν
3230 637 3283 701 ἐξ
3340 637 3515 712 ἀρχῆς
3572 637 4022 711 εύαγγελισριόν

2343 735 2434 779 τοῦ
2493 727 2743 803 Γαϐριὴλ,
2801 733 2891 780 καὶ
2945 732 3039 786 τήν
3096 729 3328 799 ἄσπορον
3382 725 3662 797 σύλληψιν,
3735 733 3854 779 καὶ
3919 735 4018 785 τήν

2346 813 2592 869 ἀνώδινον
2637 820 2848 885 κύησιν,
2900 822 2989 868 καὶ
3037 820 3122 868 τὸν
3172 817 3393 888 ἄφθορον
3438 821 3610 880 τόκον,
3664 820 3779 868 καὶ
3840 815 4016 867 τελει-

2346 910 2537 979 ωτέραν
2569 907 2679 979 (50)
2713 907 2882 980 ἠρέμα
2913 903 3173 978 δεχομένη
3212 904 3586 979 πληροφορίαν.

2419 1104 2520 1152 Καὶ
2595 1099 2924 1174 ὑπέστρεψαν
3014 1130 3082 1140 —
3153 1098 3364 1161 αύτούς.

2343 1191 2436 1246 τήν
2465 1193 2686 1261 ποίμνην
2717 1189 2905 1243 αὐτῶν,

3443 1097 3737 1171 “1’πέστρεψ
3748 1119 3830 1150 αν
3937 1101 4008 1161 εἰς

2421 1281 2520 1330 Καὶ
2572 1279 2654 1330 ὅτε
2699 1307 2768 1319 -
2821 1277 3013 1350 κοιλίᾳ.
3066 1275 3268 1348 Ὠσπερ
3321 1279 3370 1328 οἰ
3423 1277 3547 1352 παρ’
3594 1277 3724 1348 ἡμῖν
3806 1280 4005 1350 ἱερεις,

2347 1366 2429 1418 ὅτε
2476 1364 2822 1438 βαπτίζουσι,
2873 1371 2988 1419 τότε
3035 1370 3126 1418 καὶ
3166 1365 3514 1437 ὀνομάζουσιν
3539 1386 3552 1398 ·
3591 1367 3732 1417 οὑτω
3807 1373 3918 1419 καὶ
3956 1370 4007 1418 οἱ

2346 1459 2468 1527 παρ’
2550 1453 2834 1528 Ἑϐραίοις,
2907 1456 2990 1507 ὅτε
3056 1458 3447 1527 περιτέμνουσι,
3519 1458 3631 1507 τότε
3711 1461 3823 1508 καὶ
3907 1461 4005 1514 τήν

2348 1542 2441 1602 κλῆ
2452 1562 2533 1595 σιν
2573 1541 2916 1598 ἐπιτιθέασιν.

2420 1632 2706 1706 Ἀπορήσει
2745 1628 2804 1685 δέ
2828 1652 2922 1702 τις,
2959 1633 3060 1701 ὅτι,
3107 1627 3287 1690 ἐπειδὴ
3341 1631 3458 1704 (51)
3500 1634 3681 1685 παύειν
3735 1638 3854 1692 τὴν
3912 1654 4001 1687 πε-

3363 1717 3510 1774 διατί
3587 1729 3866 1795 περιετμὴ
3881 1725 3950 1780 θη
3981 1742 3994 1790 ;

2351 1813 2485 1883 Πρὸς
2546 1809 2599 1862 ὃν
2653 1809 3016 1882 ἀπολογητέον,
3077 1811 3152 1862 ὅτι
3209 1810 3325 1862 κατ’
3397 1811 3719 1884 οἰκονομίαν.
3783 1813 3860 1864 Εἰ
3914 1821 3992 1885 μή

2348 1901 2667 1972 περιετμήθη
2707 1902 2828 1972 γὰρ,
2884 1900 2978 1952 ούκ
3024 1899 3085 1951 ἂν
3129 1899 3252 1960 ὅλως
3290 1896 3599 1974 παρεδέχθη
3655 1897 3988 1966 διδάσκων,

2350 1987 2456 2040 ἀλλ’
2510 1987 2814 2060 ἀπεπέμφθη
2867 1987 2946 2056 ἂν,
2990 1991 3060 2050 ὡς
3100 1987 3400 2060 ἀλλόφυλος,
3451 1985 3565 2040 οὐδ’
3614 1987 3675 2040 ἂν
3721 1988 3991 2044 ἐπίστευ-

2354 2081 2411 2129 σέ
2465 2096 2565 2144 τις,
2615 2077 2696 2128 ὅτι
2748 2078 2905 2140 αύτός
2970 2076 3084 2130 ἔστι
3147 2078 3174 2129 ὁ
3240 2075 3672 2150 προσδοκώμενος
3729 2087 3987 2154 Χριστός

2351 2163 2406 2217 ἐκ
2459 2169 2754 2240 σπέρματος
2807 2165 3068 2242 Ἀϐραάμ.
3130 2168 3196 2218 Οἱ
3244 2168 3345 2241 γὰρ
3405 2165 3458 2229 ἐξ
3510 2165 3756 2240 Ἀϐραὰμ
3807 2169 3961 2223 ἄπο

2351 2273 2450 2323 τις,
2519 2251 2791 2327 σφραγῖδα
2853 2260 2943 2307 καὶ
3012 2261 3226 2328 σημεῖον
3278 2259 3373 2312 τήν
3444 2262 3735 2329 περιτομήν
3799 2255 3978 2331 εἶχον,

2355 2339 2389 2396 δ
2395 2343 2760 2396 ιαστέλλουσαν
2803 2343 2988 2405 αύτούς
3041 2343 3142 2396 ἀπὸ
3199 2352 3300 2396 τῶν
3349 2343 3512 2396 ἄλλων
3570 2344 3750 2399 ἐθνῶν.
3796 2355 3980 2421 Περιε-

2351 2434 2526 2504 τμήθη
2593 2435 2685 2504 μεν
2739 2433 2826 2485 οὖν
2881 2430 2976 2486 διὰ
3031 2441 3203 2499 τοῦτο,
3272 2432 3481 2506 πληρῶν
3537 2432 3815 2487 κάνταῦθα
3887 2443 3978 2490 τὸν

2352 2525 2524 2594 νόμον,
2575 2523 2748 2595 ὥσπερ
2780 2527 2870 2574 καὶ
2907 2525 2958 2574 ἓν
2997 2530 3109 2583 τοῖς
3163 2521 3333 2582 ἄλλοις
3383 2531 3615 2596 νομικοῖς
3665 2527 3975 2598 παραγτεῗι-

2353 2630 2535 2685 μασιν,
2578 2611 2660 2662 ἵνα
2711 2615 2780 2683 μή
2839 2607 2964 2684 δόξῃ
3034 2619 3125 2663 τοῦ
3182 2615 3340 2684 νόμου
3390 2611 3716 2687 παραϐάτης.
3763 2614 3970 2668 Ἐπαν-

2357 2719 2414 2752 σε
2455 2696 2514 2752 δε
2567 2702 2761 2758 ταύτην
2809 2705 2899 2752 καὶ
2954 2702 3090 2752 πάνυ
3143 2699 3385 2771 εὐλόγως.
3441 2700 3501 2753 Ἡ
3553 2707 3647 2775 γὰρ
3696 2710 3962 2775 περιτομή

2355 2797 2454 2841 τῶν
2505 2787 2750 2862 Ἑϐραίων
2803 2793 2859 2841 τὸ
2921 2788 3204 2862 βάπτισμα
3274 2798 3374 2841 τῶν
3441 2798 3748 2864 Χριστιανῶν
3823 2790 3949 2842 ἐτύ-

2353 2897 2452 2930 που
2504 2883 2594 2929 καὶ
2647 2883 3043 2952 προεσήμαινεν.
3091 2877 3290 2953 Ὠσπερ
3347 2882 3448 2953 γὰρ
3520 2879 3682 2936 ἐκείνη
3729 2884 3850 2941 τούς
3897 2881 3952 2943 ἐξ

2355 2965 2596 3039 Ἀϐραὰμ
2654 2968 2767 3038 (52)
2819 2967 3104 3041 ἐσφράγιζε
3160 2973 3249 3020 καὶ
3303 2963 3591 3020 διέστελλεν
3663 2968 3763 3021 ἀπὸ
3834 2990 3963 3022 παν-

591 3056 669 3113 ab
701 3056 868 3112 omni
897 3059 1072 3128 gente
1088 3055 1496 3125 distinguebat
1528 3073 1540 3111 :
1569 3056 1651 3112 ita
1672 3061 1728 3113 et
1754 3056 1867 3113 hoc
1890 3058 2242 3116 Chritianos.

2359 3059 2444 3116 τός
2487 3057 2683 3125 ἔθνους,
2739 3056 2874 3108 οὕτω
2924 3061 3015 3109 καὶ
3061 3063 3214 3108 τοῦτο
3251 3061 3370 3119 τοὺς
3414 3061 3784 3131 Χριστιανούς.
3834 3059 3960 3130 [Καὶ

592 3147 656 3220 (-1-
682 3147 748 3202 Et
767 3145 920 3201 sicut
947 3144 1045 3201 illa
1075 3145 1443 3217 superﬂuam
1465 3147 1732 3218 corporis
1753 3147 2128 3219 particulam,
2164 3150 2246 3206 ita

592 3233 788 3293 ethoc
819 3238 1090 3306 amputat
1128 3238 1440 3306 peccatum
1488 3236 1903 3306 superﬂuum).
1929 3238 2250 3307 Oportebat

595 3326 797 3379 autem
850 3338 1082 3378 cessare
1135 3323 1414 3393 ﬁguram,
1461 3324 1731 3379 veniente
1781 3326 2149 3397 exemplari:
2195 3331 2250 3384 et

595 3411 901 3484 quiescere
938 3411 1199 3481 signum,
1250 3411 1518 3468 adhibito
1550 3413 1902 3482 signiﬁcato.
1956 3417 2103 3471 Nam
2135 3417 2248 3471 hoc

597 3501 982 3574 perseipsum
1011 3500 1317 3573 adimplet,
1337 3506 1394 3556 et
1417 3501 1792 3572 superﬂuum
1811 3506 1916 3572 est,
1951 3504 2246 3576 quidquid

596 3589 892 3661 reliquum
917 3593 1007 3644 est
1027 3589 1136 3662 (ff).

669 3679 833 3734 Vers.
866 3678 953 3733 22.
980 3680 1058 3734 Et
1078 3679 1310 3750 quando
1339 3711 1408 3719 —
1437 3681 1646 3751 Moysi.
1711 3682 1823 3737 Lex
1869 3681 2116 3754 quidem
2148 3683 2250 3739 Dei

597 3771 741 3832 erat,
774 3771 976 3840 utpote
995 3767 1074 3823 ab
1105 3784 1175 3824 eo
1192 3766 1353 3824 data.
1385 3769 1701 3825 Dicebatur
1723 3775 1926 3826 autem
1959 3775 2014 3826 et
2039 3772 2245 3843 Moysi,

600 3861 882 3928 tanquam
909 3857 987 3912 ab
1035 3873 1106 3912 eo
1158 3859 1396 3928 scripta.
1439 3857 1698 3914 Jubebat
1756 3864 1976 3926 autem,
2035 3865 2251 3932 utqum

599 3960 804 4002 semen
826 3946 1264 4016 suscepissetac
1279 3947 1608 4017 peperisset
1623 3947 1981 4013 masculum,
2012 3949 2252 4020 impura

596 4034 920 4090 haberetur
944 4049 1134 4103 usque
1165 4033 1242 4089 ad
1271 4034 1673 4105 quadraginta
1728 4035 1859 4105 djes
1902 4037 1968 4090 ³⁵.
2007 4039 2123 4091 Hoc
2151 4054 2249 4093 au-

603 4128 721 4179 tem
754 4121 1074 4176 ordinabat
1117 4121 1194 4176 ad
1223 4122 1491 4193 requiem
1525 4122 1747 4187 matris,
1785 4139 1857 4178 ne
1905 4125 2102 4180 statim
2145 4127 2247 4181 viri

601 4210 727 4265 suis
758 4225 894 4281 quae
924 4209 1295 4280 peperissent
1355 4210 1642 4265 uxoribus
1696 4213 2246 4270 commiscerentur.

598 4296 872 4352 nondum
903 4301 1107 4352 curato
1133 4296 1358 4362 labore,
1390 4299 1492 4370 qui
1523 4299 1821 4370 parientes
1843 4303 2246 4374 consequitur.

2357 3144 2470 3216 (53)
2538 3146 2770 3218 καθάπερ
2837 3144 2998 3203 ἐκείνη
3055 3148 3292 3220 περιττὸν
3375 3144 3647 3215 ἀποτέμνει
3715 3155 3806 3200 τοῦ
3866 3155 3964 3200 σώ-

2357 3253 2521 3307 ματος
2558 3238 2735 3308 μέρος,
2785 3234 2920 3286 οὕτω
2964 3239 3246 3287 καὶτοῦτο
3312 3238 3404 3291 τὴν
3456 3234 3714 3309 ἁμαρτίαν
3773 3236 3963 3290 ἀποτέ-

2358 3342 2492 3396 μνει,
2541 3328 2778 3396 περιττήν
2835 3321 3250 3398 ὑπάρχουσαν.]
3281 3319 3426 3376 Ἔδει
3478 3321 3536 3377 δὲ
3579 3327 3845 3384 παυθῆναι
3878 3331 3962 3378 τόν

2359 3415 2538 3479 τύπον,
2599 3411 2826 3473 ἐλθόντος
2901 3420 2992 3464 τοῦ
3061 3414 3421 3486 πρωτοτύπου,
3478 3417 3568 3465 καὶ
3627 3423 3854 3484 σιγῆσαι
3907 3420 3962 3467 τό

2359 3503 2570 3574 μηνύον,
2630 3501 2932 3562 ἐπιστάντος
2982 3509 3074 3554 τοῦ
3117 3506 3460 3573 μηνυομένόυ.
3515 3506 3585 3554 Τὸ
3629 3505 3727 3576 γὰρ
3779 3503 3961 3557 ἑαυτοῦ

2359 3589 2682 3662 πεπλήρωκε,
2713 3595 2805 3642 καὶ
2833 3594 3071 3663 περιττόν
3098 3587 3213 3641 ἐστι
3241 3598 3333 3642 τοῦ
3361 3589 3565 3642 λοιποῦ.

2433 3684 2534 3732 Καὶ
2578 3681 2660 3732 ὅτε
2711 3710 2778 3719 --
2829 3682 3111 3741 Μωῦσέως.
3169 3677 3228 3730 Ὀ
3297 3683 3447 3751 νόμος
3515 3687 3605 3731 τοῦ
3672 3687 3804 3733 Θεοῦ

2361 3766 2444 3840 ἧν,
2499 3770 2564 3829 ὡς
2616 3767 2739 3842 παρ’
2784 3767 2944 3820 αὐτοῦ
3005 3769 3330 3840 ύφηγηθείς¹
3374 3767 3567 3838 ἐλέγετο
3626 3765 3686 3821 δὲ
3740 3775 3954 3823 καὶτοῦ

2357 3861 2639 3927 Μωυσέως,
2693 3860 2762 3917 ὡς
2816 3855 2940 3931 παρ’
2980 3856 3139 3908 αὐτοῦ
3200 3860 3427 3928 γραφείς.
3481 3857 3706 3910 Ἐκέλευε
3761 3855 3817 3910 δε
3862 3865 3953 3918 τήν

2361 3947 2842 4020 σπερματισθείσαν
2927 3950 3016 3997 καὶ
3090 3952 3342 3998 τεκοῦσαν
3411 3946 3588 4018 ἄρσεν,
3672 3945 3950 4020 ἀκάθαρτον

2357 4035 2667 4108 νομίζεσθαι
2730 4039 2895 4106 μέχρι
2951 4036 3347 4106 τεσσαράκοντα
3405 4035 3630 4109 ἡμερῶν.
3692 4043 3846 4088 Τοῦτο
3895 4035 3951 4090 δὲ

2357 4127 2702 4198 προσέταττεν
2755 4123 2822 4183 εἰς
2896 4124 3192 4175 ἀνάπαυσιν
3266 4131 3357 4184 τῆς
3427 4128 3651 4196 μήτρας,
3734 4126 3811 4177 ἱνα
3876 4132 3944 4198 μὴ

2360 4213 2510 4273 εὐθὺς
2567 4213 2614 4264 οἱ
2675 4209 2863 4288 ἄνδρες
2935 4215 3214 4275 τεκούσαις
3261 4219 3377 4274 ταῖς
3440 4221 3698 4284 γαμεταῖς
3772 4214 3946 4267 ἑαυτῶν

2363 4301 2777 4374 συμπλέκωνται,
2825 4305 2984 4373 μήπω
3037 4305 3130 4359 τήν
3185 4299 3284 4353 ἀπὸ
3337 4308 3429 4353 τοῦ
3489 4309 3650 4353 τεκεῖν
3707 4302 3946 4356 ταλαιπω-

601 4386 822 4441 Verum
860 4385 958 4441 Dei
997 4384 1258 4441 Genitrix
1286 4385 1426 4442 huic
1456 4394 1610 4443 certe
1636 4388 1751 4458 legi
1800 4389 2072 4461 subjecta
2126 4408 2243 4449 non

2360 4396 2475 4458 ρίαν
2558 4392 2994 4465 θεραπευσάσαις.
3057 4389 3191 4441 Ἀλλ’
3256 4392 3285 4448 ή
3345 4394 3594 4451 Θεοτόκος
3663 4390 3761 4461 οὐχ
3833 4392 3944 4443 ύπέο

601 4480 745 4544 erat,
773 4492 843 4531 eo
867 4475 1031 4548 quod
1063 4491 1266 4531 semen
1291 4492 1413 4531 non
1464 4483 1804 4549 susceperat
1832 4495 1845 4534 :
1878 4480 2142 4537 obedivit
2170 4488 2249 4538 ta-

599 4581 760 4631 men,
790 4581 864 4621 ne
893 4566 1087 4637 legem
1121 4567 1452 4635 transgredi
1503 4566 1818 4622 videretur.
1870 4569 2249 4640 Purgationis

599 4659 800 4713 autem
831 4670 1060 4722 eorum,
1103 4659 1247 4726 puta
1279 4655 1484 4711 matris
1515 4657 1681 4726 pueri
1730 4673 1799 4712 ac
1831 4659 2034 4728 sponsi
2075 4660 2202 4729 ejus
2234 4678 2246 4716 :

599 4761 788 4818 appro
796 4745 1143 4817 priabantur
1163 4746 1323 4801 enim
1345 4750 1401 4802 et
1426 4744 1568 4800 viris
1589 4746 1974 4816 purgationes
1993 4765 2246 4804 uxorum

600 4850 870 4891 suarum.

669 5013 716 5047 ¹⁶
756 5010 936 5068 Levit.
962 5026 1064 5076 xu,
1095 5013 1147 5067 2.

2359 4501 2496 4534 κειτο
2521 4483 2611 4553 μὲν
2631 4487 2703 4550 τῷ
2733 4484 2872 4550 νόμῳ
2901 4481 3086 4549 τούτῳ,
3124 4473 3217 4529 διὰ
3244 4481 3302 4530 τὸ
3349 4483 3419 4550 μὴ
3469 4480 3895 4554 σπερσαιισθῆναι
3921 4498 3932 4510 ι

2360 4568 2718 4642 ἐπειθάρχησε
2757 4564 2816 4620 δε
2846 4567 3005 4638 αύτῷ,
3033 4567 3116 4618 ἵνα
3157 4571 3229 4638 μή
3292 4563 3423 4630 δόξη
3483 4565 3795 4639 παραϐαίνειν
3849 4569 3926 4615 τόν

2357 4753 2449 4799 τοῦ
2505 4743 2724 4800 παιδίου
2781 4750 2870 4798 καὶ
2922 4751 3013 4797 τοῦ
3060 4752 3363 4818 μνηστῆρος
3409 4745 3610 4806 αύτῆςο
3665 4745 3938 4815 ’ῼκειοῦντο

2356 4840 2457 4910 γὰρ
2489 4839 2539 4889 οἱ
2577 4832 2766 4910 ἄνδρες
2792 4837 2880 4886 τόν
2922 4835 3251 4905 καθαρισμὸν
3308 4841 3408 4886 τῶν
3454 4842 3716 4905 γυναικῶν
3769 4833 3937 4888 αὐτῶν.

1819 5214 2028 5284 Varia
2066 5213 2393 5285 lectiones
2435 5225 2501 5284 et
2540 5223 2746 5284 notae.

697 5507 785 5562 5H
816 5508 961 5559 Ἐπεὶ
999 5507 1204 5561 παύειν.
1237 5514 1292 5562 Β.

692 5435 784 5508 50)
807 5434 1138 5508 Τελεωτέραν,
1171 5441 1228 5494 Β.

692 5437 785 5580 5οζ
807 5437 1138 5508 Τελεωτέραν,
1171 5441 1228 5494 Β.

697 5507 755 5561 51
816 5508 961 5559 Ἐπεὶ
999 5511 1204 5561 παύειν.
1237 5514 1292 5562 Β.

668 5437 783 5650 ἕω)
815 5577 901 5640 Ἐξ
927 5576 1164 5651 Ἀϐραάμ
1193 5593 1314 5634 non
1339 5578 1617 5648 exprimit
1647 5578 1953 5653 interpres.

2425 5435 2709 5519 _(53_).Hasc
2737 5435 2799 5492 in
2829 5435 3094 5518 margine
3119 5436 3185 5490 A.
3216 5435 3552 5519 ‘lientenius
3587 5433 3720 5519 haec
3748 5434 3803 5491 in
3827 5434 3927 5491 ﬁne

2354 5506 2559 5564 scholii
2587 5524 2659 5564 ex
2702 5506 3096 5580 margine'sui
3124 5506 3345 5564 codicis
3375 5506 3705 5565 addiderat.

2375 2991 2596 3039 Λορααμ
2654 2991 2767 3038 \OZ}
2819 2991 3104 3041 IU?P¢7ISE
3160 2991 3249 3020 και
3303 2991 3591 3020 οιιστιΛΑεν
3663 2991 3763 3021 απο
3834 2991 3963 3022 παν-

2358 3059 2444 3116 τὸς
2487 3057 2683 3125 ἔθνους,
2739 3056 2874 3108 οὕτω
2924 3061 3015 3109 καὶ
3061 3063 3214 3108 τοῦτο
3251 3061 3370 3119 τοὺς
3414 3061 3784 3131 Χριστιανούς.
3834 3059 3960 3130 [Καὶ

2358 3144 2470 3216 (53)
2538 3146 2770 3218 καθάπερ
2837 3144 2998 3203 ἐκείνη
3055 3148 3292 3220 περιττὸν
3375 3144 3647 3215 ἀποτέμνει
3715 3155 3806 3200 τοῦ
3866 3155 3964 3200 σώ-

2358 3253 2521 3307 ματος
2558 3238 2735 3308 μέρος,
2785 3234 2920 3286 οὕτω
2964 3239 3246 3287 καὶτοῦτο
3312 3238 3404 3291 τήν
3456 3234 3714 3309 ἁμαρτίαν
3773 3236 3963 3290 ἀποτέ-

2358 3342 2492 3396 μνει,
2541 3328 2778 3396 περιττήν
2835 3321 3250 3398 ὑπάρχουσαν.]
3281 3319 3426 3376 Ἔδει
3478 3321 3536 3377 δὲ
3579 3327 3845 3384 παυθῆναι
3878 3331 3962 3378 τόν

2359 3415 2538 3479 τύπον,
2599 3411 2826 3473 ἐλθόντος
2901 3420 2992 3464 τοῦ
3061 3414 3421 3486 πρωτοτύπου,
3478 3417 3568 3465 καὶ
3627 3423 3854 3484 σιγῆσαι
3907 3420 3962 3467 τό

2359 3503 2570 3574 μηνύον,
2630 3501 2932 3562 ἐπιστάντος
2982 3509 3074 3554 τοῦ
3117 3506 3460 3573 μηνυομένόυ.
3515 3506 3585 3554 Τὸ
3629 3505 3727 3576 γὰρ
3779 3503 3961 3557 ἑαυτοῦ

2359 3589 2682 3662 πεπλήρωκε,
2713 3595 2805 3642 καὶ
2833 3594 3071 3663 περιττόν
3098 3587 3213 3641 ἐστι
3241 3598 3333 3642 τοῦ
3361 3589 3565 3642 λοιποῦ.

2433 3684 2534 3732 Καὶ
2578 3681 2660 3732 ὅτε
2711 3710 2778 3719 --
2829 3682 3111 3741 Μωῦσέως.
3169 3677 3228 3730 Ὀ
3297 3683 3447 3751 νόμος
3515 3687 3605 3731 τοῦ
3672 3687 3804 3733 Θεοῦ

2361 3766 2444 3840 ἧν,
2499 3770 2564 3829 ὡς
2616 3767 2739 3842 παρ’
2784 3767 2944 3820 αὐτοῦ
3005 3769 3330 3840 ύφηγηθείς¹
3374 3767 3567 3838 ἐλέγετο
3626 3765 3686 3821 δὲ
3740 3775 3954 3823 καὶτοῦ

2358 3861 2639 3927 Μωυσέως,
2693 3860 2762 3917 ὡς
2816 3855 2940 3931 παρ’
2980 3856 3139 3908 αὐτοῦ
3200 3860 3427 3928 γραφείς.
3481 3857 3706 3910 Ἐκέλευε
3761 3855 3817 3910 δε
3862 3865 3953 3918 τήν

2361 3947 2842 4020 σπερματισθείσαν
2927 3950 3016 3997 καὶ
3090 3952 3342 3998 τεκοῦσαν
3411 3946 3588 4018 ἄρσεν,
3672 3945 3950 4020 ἀκάθαρτον

2358 4035 2667 4108 νομίζεσθαι
2730 4039 2895 4106 μέχρι
2951 4036 3347 4106 τεσσαράκοντα
3405 4035 3630 4109 ἡμερῶν.
3692 4043 3846 4088 Τοῦτο
3895 4035 3951 4090 δὲ

2358 4127 2702 4198 προσέταττεν
2755 4123 2822 4183 εἰς
2896 4124 3192 4175 ἀνάπαυσιν
3266 4131 3357 4184 τῆς
3427 4128 3651 4196 μήτρας,
3734 4126 3811 4177 ἱνα
3876 4132 3944 4198 μὴ

2360 4213 2510 4273 εὐθὺς
2567 4213 2614 4264 οἱ
2675 4209 2863 4288 ἄνδρες
2935 4215 3214 4275 τεκούσαις
3261 4219 3377 4274 ταῖς
3440 4221 3698 4284 γαμεταῖς
3772 4214 3946 4267 ἑαυτῶν

2363 4301 2777 4374 συμπλέκωνται,
2825 4305 2984 4373 μήπω
3037 4305 3130 4359 τήν
3185 4299 3284 4353 ἀπὸ
3337 4308 3429 4353 τοῦ
3489 4309 3650 4353 τεκεῖν
3707 4302 3946 4356 ταλαιπω-

2360 4396 2475 4458 ρίαν
2558 4392 2994 4465 θεραπευσάσαις.
3057 4389 3191 4441 Ἀλλ’
3256 4392 3285 4448 ή
3345 4394 3594 4451 Θεοτόκος
3663 4390 3761 4461 οὐχ
3833 4392 3944 4443 ύπέο

2359 4501 2496 4534 κειτο
2521 4483 2611 4553 μὲν
2631 4487 2703 4550 τῷ
2733 4484 2872 4550 νόμῳ
2901 4481 3086 4549 τούτῳ,
3124 4473 3217 4529 διὰ
3244 4481 3302 4530 τὸ
3349 4483 3419 4550 μὴ
3469 4480 3895 4554 σπερσαιισθῆναι
3921 4498 3932 4510 ι

2360 4568 2718 4642 ἐπειθάρχησε
2757 4564 2816 4620 δε
2846 4567 3005 4638 αύτῷ,
3033 4567 3116 4618 ἵνα
3157 4571 3229 4638 μή
3292 4563 3423 4630 δόξη
3483 4565 3795 4639 παραϐαίνειν
3849 4569 3926 4615 τόν

2358 4663 2530 4730 νόμον.
2581 4664 2684 4710 Τοῦ
2734 4659 3066 4731 καθαρισμοῦ
3110 4651 3169 4708 δὲ
3209 4656 3397 4721 αὐτῶν,
3449 4661 3565 4715 ἤτοι
3614 4662 3704 4718 τῆς
3754 4656 3936 4727 μητρὸς

2358 4753 2449 4799 τοῦ
2505 4743 2724 4800 παιδίου
2781 4750 2870 4798 καὶ
2922 4751 3013 4797 τοῦ
3060 4752 3363 4818 μνηστῆρος
3409 4745 3610 4806 αύτῆςο
3665 4745 3938 4815 ’ῼκειοῦντο

2358 4840 2457 4910 γὰρ
2489 4839 2539 4889 οἱ
2577 4832 2766 4910 ἄνδρες
2792 4837 2880 4886 τόν
2922 4835 3251 4905 καθαρισμὸν
3308 4841 3408 4886 τῶν
3454 4842 3716 4905 γυναικῶν
3769 4833 3937 4888 αὐτῶν.

2361 5239 2393 5283 s
2435 5225 2501 5284 et
2540 5223 2746 5284 notae.

2425 5437 2541 5519 (53)
2575 5435 2709 5493 Haec
2737 5435 2799 5492 in
2829 5435 3094 5508 margine
3119 5436 3185 5490 A.
3230 5435 3548 5494 Hentenius
3587 5433 3720 5492 haec
3748 5434 3803 5491 in
3827 5434 3927 5491 ﬁne

2358 5507 2559 5564 scholii
2587 5524 2659 5564 ex
2702 5509 2961 5580 margine
3000 5506 3096 5563 sui
3124 5506 3345 5564 codicis
3375 5506 3705 5565 addiderat.
