4170 6364
256 345 387 401 889

1408 339 1776 399 COMMENT.
1820 337 1889 394 ΙΝ
1919 337 2175 394 LUCAM-
2220 370 2283 381 —
2323 340 2478 396 CAP.
2522 342 2591 397 ιι.

3534 344 3637 399 890

357 471 644 544 ’Λνήγαγον
664 503 733 513 —
762 472 926 531 κληθή
938 491 1102 524 σεται.
1150 477 1396 541 Παραστῆ
1408 489 1516 533 σαι,
1555 470 1717 520 ε’ίτουν
1742 464 1765 517 ὀ
1789 484 1877 517 πο-

2062 465 2219 520 Vers.
2281 466 2368 521 22.
2430 466 2796 523 Adduxerunt
2842 500 2910 509 —
2977 471 3141 526 Vers.
3189 473 3278 527 23.
3336 469 3633 525 vocabitur.

262 566 505 632 κομίσαι
528 571 593 632 τῷ
622 564 797 634 Κυρίῳ
846 563 914 624 εἰς
946 565 1032 613 τὸν
1062 560 1110 613 ἐν
1159 559 1529 631 Ἰεροσολύμοις
1562 562 1702 608 ναόν.
1735 555 1876 625 Ἐγέ-

263 670 483 721 νραπτο
511 654 611 721 γὰρ
652 649 699 702 ἐν
739 660 808 721 τῳ
839 656 977 722 νόμῳ
1024 653 1099 703 ὅτι
1143 656 1250 702 Πὰν
1292 652 1446 721 ἄρσεν
1480 644 1741 716 διανοῖγον
1779 650 1879 716 μή-

264 758 430 812 τραν,
464 749 665 813 πρῶτον
692 738 953 802 δηλονότι,
985 745 1223 792 τουτέστι
1251 742 1597 811 πρωτότοκον,
1628 734 1776 805 ἆγιον
1806 742 1877 803 τῷ

266 830 464 899 Κυρίῳ
485 828 799 886 κληθήσεται
833 852 843 862 ·
875 834 1034 900 ἤγουν
1067 828 1419 902 ἀφωρισμένον
1449 834 1519 895 τῷ
1550 832 1661 893 Θεῷ
1686 824 1878 880 κληθή-

267 936 454 968 σεται.

354 1005 680 1080 Ἀφιερούντο
712 1006 770 1060 δὲ
800 1014 865 1060 τα
896 1016 1198 1083 πρωτότοκα
1234 1016 1332 1059 τῶν
1362 1005 1613 1078 Ἐϐραίων
1643 1011 1714 1072 τῷ
1746 1006 1875 1071 Θεῷ,

270 1091 427 1147 διότι
458 1098 617 1149 παλαι
642 1102 704 1149 τὰ
736 1103 1042 1171 πρωτότοκα
1089 1107 1187 1150 τῶν
1219 1097 1517 1167 Αἰγυπτίων
1557 1093 1876 1145 ἐθανάτωσεν

270 1185 414 1257 ὑπὲρ
447 1184 731 1261 ἐλευθερίας
751 1196 850 1239 τῶν
879 1187 1147 1259 Ἐϐραίων.

360 1273 515 1327 Ἀλλὰ
551 1278 617 1327 τὰ
643 1279 733 1348 μεν
761 1275 889 1328 ἄλλα
918 1282 1223 1350 πρωτότοκα
1253 1270 1711 1349 προδιανοιγεῖσαν
1758 1265 1875 1321 δια-

268 1367 521 1434 νοίγουσὶ
547 1370 640 1423 τὴν
665 1371 868 1438 μήτραν
902 1384 913 1395 ·
944 1363 1372 1441 προδιανοίγεται
1395 1366 1497 1438 γὰρ
1524 1370 1585 1433 τῇ
1624 1362 1877 1429 συνουσίᾳ

267 1458 379 1503 τοῦ
409 1450 615 1527 ἀνδρὸς,
658 1456 740 1507 ὅτε
765 1458 822 1506 τὸ
876 1459 1083 1530 σπέρμα
1126 1454 1533 1513 εἰσακοντίζεται
1555 1469 1565 1480 ·
1591 1454 1740 1522 μόνος
1762 1444 1820 1499 δὲ
1851 1448 1875 1497 ό

264 1546 517 1613 Χριστὸς
544 1547 703 1615 μήπω
745 1540 1101 1616 διανοιγεῖσαν
1154 1542 1407 1606 διήνοιξεν
1465 1544 1757 1611 ὑπερφυῶς,
1786 1540 1875 1587 καὶ

262 1630 643 1704 κεκλεισμενην
668 1636 801 1685 κατὰ
826 1636 978 1706 φύσιν
1009 1634 1256 1709 ἐτήρησεν
1291 1653 1302 1665 ·
1334 1631 1441 1683 ἐπεὶ
1487 1636 1575 1681 καὶ
1615 1633 1769 1700 μόνος
1794 1627 1879 1679 οὗ·

261 1737 360 1778 τος
390 1719 536 1791 ἅγιος
566 1729 637 1791 τῷ
669 1722 844 1794 Κυρίῳ
872 1728 1063 1794 κυρίως
1122 1740 1133 1752 ⁸
1183 1725 1318 1773 κατὰ
1374 1725 1466 1777 τήν
1500 1721 1718 1774 θεότητα
1764 1720 1875 1787 μὲν,

1989 553 2286 619 Sisterent,
2320 555 2438 611 sive
2469 556 2747 612 atferrent
2777 558 3104 614 Dominoin
3137 558 3427 630 templum
3475 559 3635 631 quod

1986 648 2111 698 erat
2162 643 2571 715 Jerosolymis.
2624 646 2913 716 Scriptum
2962 655 3085 703 erat
3146 649 3300 703 enim
3360 650 3417 702 in
3458 648 3631 715 lege:

1986 732 2150 787 Omne
2180 734 2546 788 masculinum
2573 734 2897 805 adaperiens
2922 737 3133 791 vulvam
3162 737 3446 809 (primum
3479 737 3635 792 vide-

1983 820 2135 886 licet,
2195 822 2308 877 hoc
2356 831 2459 886 est,
2514 822 3000 893 primogenitum)
3076 832 3343 881 sanctum
3387 827 3633 882 Domino

1985 910 2294 966 vocabitur
2324 914 2366 946 ¹⁷
2397 930 2409 977 ;
2444 914 2585 975 sive,
2620 920 2961 983 separatum
3003 914 3258 969 Domino
3289 915 3626 971 vocabitur.

2058 1004 2573 1061 Consecrabantur
2596 1012 2795 1061 autem
2826 1005 3208 1060 Hebraeorum
3238 1005 3636 1075 primogenita

1988 1092 2124 1153 Deo,
2190 1092 2331 1164 quia
2369 1094 2509 1149 oliui
2572 1094 2963 1166 primogenita
3018 1096 3407 1165 Egyptorum
3462 1092 3634 1148 morti

1988 1180 2225 1237 tradidit
2255 1198 2363 1253 pro
2385 1182 2652 1239 libertate
2682 1183 3077 1240 Hebraeorum
3105 1184 3172 1234 η.

2055 1270 2168 1327 Sed
2198 1272 2322 1327 haec
2351 1272 2597 1343 quidem
2625 1274 3023 1344 primogenita
3034 1271 3153 1343 jam
3187 1277 3457 1343 apertam
3491 1270 3638 1325 ada-

1984 1361 2219 1431 periunt
2260 1361 2498 1416 vulvam
2530 1380 2546 1415 :
2578 1362 2840 1435 aperitur
2868 1363 3027 1416 enim
3061 1361 3120 1415 in
3150 1361 3255 1416 viri
3287 1376 3636 1429 congressu,

1983 1449 2232 1521 quando
2262 1465 2466 1505 semen
2488 1450 2764 1506 infundit.
2791 1450 2960 1506 Solus
2991 1449 3468 1519 autemitlhristus
3495 1463 3640 1504 non-

1985 1538 2121 1593 dum
2139 1545 2429 1609 apertam,
2447 1539 2971 1612 supernaturaliter
2986 1539 3237 1609 aperuit,
3274 1543 3330 1593 et
3348 1537 3636 1602 clausam,

1985 1628 2330 1682 naturaliter
2359 1629 2616 1683 servavit
2648 1628 2824 1699 :quia
2846 1629 3023 1683 etiam
3055 1628 3217 1681 solus
3262 1627 3353 1682 hic
3401 1625 3638 1697 proprie

1987 1720 2227 1771 sanctus
2256 1717 2628 1781 estDomino,
2663 1723 2719 1771 et
2738 1717 3069 1771 secundum
3093 1715 3476 1778 divinitatem,
3496 1715 3639 1785 quia

265 1809 349 1868 ὡς
382 1811 499 1870 Υἱὸς
529 1809 706 1873 αὐτοῦ,
738 1813 874 1862 κατὰ
895 1809 953 1863 δὲ
977 1816 1070 1868 τὴν
1098 1810 1491 1879 ἀνθρωπότητα,
1526 1810 1591 1868 ὡς
1624 1809 1877 1877 ἡνωμένος

1997 1804 2167 1859 Filius
2233 1805 2407 1875 ejus:
2466 1812 2521 1861 et
2571 1806 2900 1860 secundum
2955 1805 3386 1860 humanitatem
3442 1809 3639 1874 utpote

266 1904 351 1966 τῷ
382 1900 487 1967 Υὶῷ
533 1898 712 1952 αὐτοῦ.
754 1898 932 1965 ’.(ὶστε,
991 1901 1033 1952 εἰ
1056 1905 1145 1952 καὶ
1193 1897 1285 1951 διὰ
1314 1904 1400 1955 τὴν
1435 1899 1684 1971 ῥηθεῖσαν
1716 1894 1879 1946 αἰτίαν

265 1991 402 2061 περὶ
458 1990 660 2040 πάντων
708 1998 803 2040 τῶν
845 1994 1181 2063 πρωτοτόκων
1226 1988 1570 2059 ἐνομοθετήθη
1620 1988 1675 2037 τὸ
1716 1986 1879 2057 παρόν

268 2076 462 2150 ῥητόν,
494 2074 621 2128 ἀλλὰ
647 2096 706 2148 γε
738 2082 863 2151 πρὸς
910 2082 995 2130 τόν
1023 2081 1252 2151 Χριστόν
1283 2081 1436 2149 μόνον
1464 2075 1628 2148 ὀρθῶς
1671 2072 1878 2125 ἀπέϐλε-

269 2184 395 2218 πεν.

358 2252 733 2326 [Ἀμφιλοχίου
905 2258 1119 2309 Ἰκονίου
1145 2277 1156 2288 ·
1191 2259 1320 2330 Πρὸς
1355 2258 1445 2328 μεν
1476 2258 1569 2313 τὴν
1598 2255 1877 2327 παρενικὴν

274 2345 440 2414 φύσιν
502 2340 617 2396 οὐδ’
666 2344 790 2407 ῶως
838 2348 894 2398 αἱ
961 2349 1266 2419 παρθενικαὶ
1314 2344 1476 2397 πύλαι
1533 2342 1877 2413 ἀνεῴχθησαν

275 2431 539 2505 βουλήσει
567 2428 656 2486 τοῦ
705 2434 891 2507 ἀρτίως
919 2438 1334 2509 κυοφορεθέντος,
1396 2437 1531 2486 λατὰ
1577 2436 1634 2485 τὸ
1680 2434 1877 2504 φάσκον

273 2527 399 2594 περὶ
426 2522 584 2576 αὐτοῦ
606 2524 763 2598 ῥητόν
794 2542 805 2555 ⁸
842 2527 981 2583 Αὕτη
1014 2528 1044 2583 ἡ
1077 2526 1212 2583 πύλη
1238 2533 1328 2577 τοῦ
1371 2528 1594 2597 Κμρίου,
1626 2526 1714 2573 καὶ
1744 2524 1875 2573 εἰσε-

272 2606 539 2675 λεύσεται,
571 2615 661 2661 καὶ
693 2610 1027 2671 ἐξελεύσεται,
1087 2615 1176 2662 καὶ
1225 2613 1373 2661 ἔσται
1406 2610 1436 2666 ἡ
1478 2607 1612 2664 πύλη
1654 2605 1879 2657 κεκλεισ-

275 2699 406 2767 μένη
444 2715 455 2726 ·
654 2701 721 2759 ὡς
771 2697 829 2750 δέ
876 2702 1001 2771 πρὸς
1050 2704 1143 2756 την
1203 2695 1424 2768 δύναμιν
1482 2704 1574 2748 τοῦ
1604 2697 1876 2766 τεχθέντος

278 2789 566 2850 Δεσπότου,
619 2782 769 2838 οὐδὲν
826 2786 1119 2839 κέκλεισται
1175 2795 1246 2856 τῷ
1283 2786 1487 2857 Κυρίῳ,
1530 2782 1658 2835 ἀλλὰ
1708 2784 1878 2835 πάντα

279 2873 553 2943 ἀνέῳκται.
581 2873 599 2942 ]

361 2964 459 3011 Καὶ
488 2968 581 3011 τοῦ
627 2956 811 3013 δοῦναι
848 2992 917 3003 —
953 2972 1290 3036 περιστερῶν.
1334 2994 1400 3002 -
1430 2963 1719 3033 Ἀνὴγαγον
1781 2960 1879 3012 αύ-

281 3049 370 3099 τόν
396 3047 510 3119 (56)
551 3054 702 3120 φησι,
726 3050 851 3125 ύπερ
884 3058 974 3103 τοῦ
1003 3061 1348 3127 παραστῆσαι
1373 3060 1445 3123 τῷ
1481 3054 1680 3125 Κυρίῳ,
1708 3052 1880 3111 καθὼς

1990 1894 2189 1949 unitus
2225 1894 2364 1948 Filio
2382 1894 2534 1963 ejus.
2564 1894 2769 1965 Itaque
2807 1894 2937 1948 licet
2966 1902 3202 1963 propter
3251 1893 3471 1947 dictum
3503 1908 3639 1947 cau-

1988 1996 2118 2036 sam
2176 1981 2249 2035 de
2275 1982 2558 2036 omnibus
2617 1981 3026 2052 primogenitis
3068 1996 3326 2052 praesens
3388 1980 3637 2035 verbum

1989 2076 2277 2127 statutum
2312 2076 2417 2138 est,
2458 2070 2656 2127 solum
2703 2076 2906 2126 tamen
2932 2070 3231 2127 Christum
3272 2070 3490 2124 directe
3521 2084 3638 2124 res-

1988 2159 2147 2231 picit.

2057 2250 2143 2319 -Η-
2173 2248 2566 2321 Amphilochii
2600 2250 2936 2307 Iconensis:
2976 2249 3147 2315 Quod
3201 2248 3403 2304 attinet
3461 2252 3641 2303 natu-

1985 2353 2116 2394 rain
2148 2338 2419 2408 Virginis,
2450 2343 2637 2410 portas
2668 2339 2947 2409 virgineae
2979 2354 3222 2410 prorsus
3262 2353 3383 2392 non
3417 2341 3639 2408 apertae

1987 2432 2145 2490 sunt,
2207 2426 2512 2482 voluntate
2570 2427 2718 2496 ejus,
2752 2427 2944 2498 quiin
2990 2433 3156 2481 utero
3195 2426 3530 2495 gerebatur,
3555 2441 3640 2479 se-

1986 2514 2254 2570 cundum
2283 2516 2510 2570 dictum
2539 2515 2613 2569 de
2644 2530 2750 2570 eo:
2785 2516 2927 2571 Haec
2956 2521 3036 2570 est
3076 2520 3253 2583 porta
3298 2515 3549 2577 Domini,
3584 2520 3641 2569 et

1985 2604 2261 2671 intrabit,
2283 2611 2334 2659 et
2358 2603 2561 2667 exibit,
2576 2610 2628 2659 et
2652 2607 2763 2660 erit
2789 2611 2964 2671 porta
2982 2605 3185 2659 clausa
3206 2606 3252 2639 ¹⁹
3279 2622 3291 2669 ;
3324 2602 3482 2673 quod
3501 2619 3639 2658 vero

1990 2692 2195 2748 attinet
2228 2693 2550 2763 potentiam
2584 2693 2707 2748 nati
2755 2695 3009 2758 Domini,
3053 2692 3196 2749 nihil
3249 2692 3518 2749 clausum
3551 2698 3641 2748 est

1991 2780 2263 2850 Domino,
2306 2781 2411 2837 sed
2428 2781 2623 2837 omnia
2647 2788 2853 2854 aperta
2880 2787 3041 2837 sunt.

2059 2959 2327 3015 Vers.24.
2355 2961 2428 3014 Et
2448 2960 2738 3016 utdarent
2754 2960 3256 3016 —cotumbarum.
3283 2961 3641 3017 -Αιίίίιιωρ-

1987 3054 2133 3104 runt
2153 3063 2306 3113 eum,
2339 3049 2549 3120 inquit,
2582 3057 2646 3104 ut
2666 3051 2930 3106 sisterent
2957 3051 3211 3115 Domino,
3234 3049 3391 3105 sicut
3413 3050 3640 3106 dictum

284 3138 510 3209 εἰρηται,
542 3144 632 3191 καὶ
680 3140 805 3212 ὑπὲρ
860 3148 953 3193 τοῦ
984 3136 1167 3193 δοῦναι
1222 3143 1409 3194 θυσίαν
1463 3143 1588 3216 ὑπερ
1629 3141 1789 3193 αὐτοῦ
1815 3143 1877 3193 τὰ

1997 3142 2096 3203 est,
2130 3142 2186 3193 et
2212 3142 2273 3194 ut
2300 3137 2513 3194 darent
2540 3138 2797 3195 hostiam
2830 3154 2938 3211 pro
2980 3155 3070 3203 eo,
3102 3137 3201 3194 illa
3240 3139 3477 3203 scilicet,
3505 3155 3641 3210 quas

277 3223 523 3298 ρηθέντα.
556 3226 835 3282 Ἐπέταττε
863 3232 961 3302 γὰρ
1003 3232 1028 3281 ὁ
1058 3249 1213 3303 νόμος
1266 3228 1478 3283 διδόναι
1532 3231 1710 3301 ζεῦγος
1754 3249 1877 3303 τρυ-

278 3315 443 3383 γόνων
474 3311 596 3386 ύάὲρ
652 3319 991 3389 σωφροσύνης
1038 3325 1129 3369 τοῦ
1195 3314 1382 3379 παιδός
1409 3332 1424 3348 ⁹
1459 3323 1877 3390 σωφρονέστατον

281 3402 383 3474 φὰρ
406 3403 436 3459 ἡ
470 3408 670 3475 τρυγών
704 3420 716 3433 ⁶
746 3405 775 3463 ἡ
803 3401 899 3457 δύο
928 3410 1171 3466 νεοσσοὺς
1200 3416 1516 3480 περιστερῶν
1554 3409 1680 3479 ὑπὲρ
1711 3425 1878 3458 τεκνο-

278 3494 459 3561 γονίας
489 3490 648 3543 αὐτοῦ
674 3509 686 3522 ·
720 3499 1071 3565 γονιμώτατον
1109 3497 1210 3567 γὰρ
1242 3496 1272 3552 ἡ
1304 3496 1605 3568 περιστερά.
1633 3496 1791 3547 Διττὰ
1821 3490 1879 3546 δὲ

276 3584 371 3631 καὶ
400 3589 585 3645 ταῦτα,
618 3579 850 3651 κάκεῖνα,
881 3584 963 3634 ἵνα
986 3587 1043 3635 τό
1069 3587 1158 3656 μὲν
1203 3587 1279 3641 εἴη
1314 3584 1384 3645 εἰς
1428 3583 1701 3655 ἐξίλασμα,
1732 3586 1789 3635 τό
1818 3578 1877 3634 δε

277 3669 356 3730 εὶς
381 3670 743 3743 ὁλοκάρπωμα.
777 3670 975 3740 Ὠσπερ
1010 3669 1068 3725 δὲ
1113 3675 1143 3731 η
1186 3679 1360 3747 μήτηρ
1389 3682 1482 3725 τοῦ
1512 3673 1747 3746 Χριστού
1785 3673 1878 3724 ούκ

274 3760 518 3812 ὑπέκειτο
551 3768 621 3831 τῷ
646 3758 987 3834 προῤῥηθέντι
1043 3766 1201 3834 νόμῳ,
1264 3762 1427 3825 οὕτως
1465 3758 1588 3814 οὐδὲ
1618 3762 1769 3822 αύτός
1806 3770 1877 3831 τῷ

273 3851 521 3919 παρόντι.

676 4070 826 4124 ΚΕΦ.
862 4070 935 4123 I".
964 4076 1085 4144 Περὶ
1123 4080 1213 4124 τοῦ
1264 4078 1485 4144 Συμεών.

356 4178 459 4243 Καὶ
505 4174 621 4230 ἰδού
680 4209 744 4218 —
784 4178 1016 4252 Ἰσραήλ.
1078 4179 1411 4247 Ἀνςίκλησιν⁷
1470 4178 1727 4252 λύτρωσιν
1785 4189 1876 4232 τοῦ

274 4266 670 4339 Ἰσραηλιτικοῦ
706 4266 832 4319 λαοῦ
877 4266 977 4319 ἀπὸ
1020 4275 1109 4328 τῆς
1157 4265 1413 4329 δουλείας.
1460 4266 1766 4341 Προσεδὸκα
1822 4266 1880 4322 δὲ

274 4358 473 4413 ταύτην
500 4354 553 4419 ἐξ
583 4355 918 4426 ἀναγνώσεως
946 4365 1044 4409 τῶν
1076 4366 1403 4431 προφητικῶν
1435 4357 1650 4430 βίϐλων,
1700 4358 1754 4409 αἱ
1784 4379 1881 4411 κα-

276 4444 560 4515 τήγγελλον
606 4448 692 4496 τόν
723 4449 971 4519 Χριστὸν,
1016 4447 1071 4507 ὃς
1120 4446 1260 4499 ἐστιν
1310 4445 1594 4509 ἀνάκλησις
1644 4455 1736 4499 τοῦ
1764 4452 1875 4499 νέου

278 4535 670 4609 Ἰσραηλιτικοῦ
707 4534 853 4600 λαοῦ,
884 4533 1287 4608 ἀνακαλούμενος
1319 4536 1474 4588 αὐτόν
1504 4536 1603 4588 ἀπὸ
1642 4546 1730 4597 τῆς
1757 4533 1879 4589 δου-

280 4625 422 4685 λείας
440 4632 530 4685 τῆς
550 4624 761 4685 πλάνης.

355 4714 457 4767 Καὶ
484 4720 685 4786 πνεῦμα
716 4745 778 4754 -
801 4713 975 4766 αὐτόν·
1002 4721 1210 4787 Πνεῦμα
1239 4715 1387 4785 ἅγιον
1416 4722 1745 4788 προφητείας.
1767 4718 1877 4768 Οὐκ

285 4798 345 4859 ἦν
378 4799 435 4854 δὲ
468 4804 673 4876 ἱερεὺςὸ
704 4808 917 4877 Σῡρεὼν,
962 4807 1031 4866 ὡς
1074 4802 1185 4876 ἐμοὶ
1211 4807 1336 4864 τέως
1368 4800 1513 4855 δοκεῖ
1546 4820 1557 4833 ⁸
1608 4801 1637 4861 ἧ
1687 4807 1788 4877 γὰρ
1816 4805 1876 4857 ἃν

286 4884 515 4947 ἐδήλωσε
543 4895 633 4943 καὶ
670 4898 822 4944 τοῦτο
851 4894 1050 4953 πάντως
1081 4894 1106 4944 ὁ
1137 4891 1473 4964 εὐαγγελιστὴ
1486 4914 1525 4959 ς,
1576 4895 1643 4954 ὡς
1674 4892 1878 4967 ἀξίωμα

284 4986 376 5031 τοῦ
407 4976 616 5052 ἀνδρὸς.

356 5246 398 5281 ¹⁷
434 5244 619 5303 Exod.
651 5260 768 5311 nu,
798 5248 852 5303 2.
930 5248 978 5284 ³⁸
1006 5246 1150 5304 ibid.
1184 5252 1269 5304 15.

1347 5250 1393 5284 ¹⁹
1426 5249 1627 5306 Ezech.
1658 5264 1815 5319 XLIV,
1847 5254 1906 5307 2.

1986 3225 2147 3282 dicta
2176 3231 2331 3282 sunt.
2352 3228 2536 3282 Jussit
2560 3228 2717 3283 enim
2738 3228 2850 3293 lex,
2870 3228 3158 3283 utdarent
3181 3244 3289 3299 par
3318 3234 3639 3293 turturum,

1988 3321 2229 3386 propter
2254 3316 2419 3386 pueri
2453 3316 2927 3386 temperantiam,
2970 3323 3056 3371 est
3082 3316 3241 3371 enim
3296 3320 3488 3371 turtur
3516 3318 3639 3372 ani-

1987 3402 2111 3458 mal
2140 3404 2546 3459 castissimum
2580 3409 2721 3470 ;aut
2751 3404 2904 3459 duos
2957 3404 3151 3475 pullos
3196 3404 3636 3471 columbarum,

1987 3496 2229 3563 propter
2258 3492 2387 3562 ejus
2439 3491 2862 3549 fecunditatem
2894 3508 2906 3547 :
2937 3491 3218 3547 columba
3271 3508 3533 3563 namque
3561 3493 3641 3548 fe-

1987 3580 2359 3635 cundissima
2384 3587 2490 3636 est.
2522 3584 2698 3636 Erant
2727 3586 2923 3635 autem
2953 3588 3007 3635 et
3031 3582 3176 3643 haec,
3204 3586 3260 3635 et
3311 3581 3409 3636 illa
3448 3582 3640 3653 dupli-

1988 3667 2100 3723 cia.
2128 3670 2320 3725 Unum
2342 3669 2501 3724 enim
2526 3670 2887 3724 oﬂerebatur
2926 3670 2983 3723 in
3038 3669 3458 3740 placationem,
3502 3670 3640 3725 alte-

1987 3772 2122 3813 rum
2152 3758 2213 3813 in
2265 3757 2649 3814 oblationem.
2709 3761 2929 3819 Verum,
2980 3758 3133 3813 sicut
3189 3758 3401 3813 Christi
3455 3765 3641 3814 mater

1987 3844 2287 3918 praedictas
2315 3846 2429 3914 legi
2458 3845 2728 3916 subjecta
2757 3861 2880 3901 non
2903 3850 3048 3909 erat,
3077 3846 3157 3900 sic
3205 3861 3314 3901 nec
3342 3846 3465 3917 ipse
3496 3861 3643 3917 prte-

1990 3936 2162 3990 senti.

2465 4076 2618 4131 CAP.
2652 4076 2740 4130 ΙΙΙ.
2776 4076 2853 4131 De
2878 4076 3159 4132 Simeone.

2060 4183 2341 4239 Vers.25.
2392 4184 2468 4238 Et
2507 4198 2630 4239 ecce
2661 4214 2729 4224 —
2788 4185 2995 4239 Israel.
3039 4183 3102 4237 ld
3156 4188 3261 4253 est,
3322 4183 3644 4239 revocatio-

1988 4288 2149 4338 nem,
2181 4272 2651 4344 redemptionem
2700 4272 3001 4329 Israelitici
3052 4271 3250 4345 populi
3282 4288 3317 4328 a
3343 4273 3638 4328 servitute.

1990 4361 2384 4433 Exspectabat
2434 4367 2632 4416 autem
2686 4362 2841 4417 hanc
2906 4378 2978 4416 ex
3056 4360 3219 4415 libris
3282 4360 3640 4431 propheticis

1990 4449 2279 4505 Christum
2306 4450 2824 4513 annuntiantibus,
2867 4450 2969 4521 qui
3000 4450 3138 4505 novi
3192 4449 3492 4504 lsraelitici
3526 4465 3637 4519 po-

1992 4538 2111 4609 puli
2142 4540 2440 4595 revocatio
2461 4545 2568 4604 est,
2596 4554 2881 4593 revocans
2926 4554 3063 4592 eum
3081 4538 3159 4592 ab
3191 4539 3403 4591 erroris
3462 4538 3641 4591 servi-

1987 4632 2127 4683 tute.

2059 4719 2216 4772 Vers.
2248 4717 2337 4771 25.
2370 4717 2451 4771 Et
2499 4717 2739 4785 spiritus
2786 4745 2855 4756 --
2899 4729 3048 4771 eum.
3110 4713 3365 4785 Spiritus
3394 4717 3638 4769 sanctus

1986 4806 2328 4877 prophetiae.
2388 4809 2514 4861 Non
2585 4810 2708 4860 erat
2766 4809 2964 4859 autem
3021 4803 3319 4870 sacerdos,
3378 4809 3439 4859 ut
3500 4803 3639 4859 mihi

1985 4894 2221 4949 interim
2242 4894 2470 4949 videtur
2502 4911 2514 4948 :
2549 4892 2696 4949 alias
2721 4893 2882 4947 enim
2911 4898 2968 4947 et
2996 4892 3110 4948 hoc
3140 4891 3386 4948 omnino
3438 4894 3637 4947 mani-

1984 4982 2259 5039 festasset
2274 4982 2654 5053 evangelista,
2685 4987 2973 5053 tanquam
3006 4996 3281 5050 magnam
3314 4981 3425 5036 viri
3450 4981 3641 5051 digni-

1984 5074 2188 5127 tatem.

1507 5392 1732 5460 Varia;
1760 5393 2088 5463 lectiones
2120 5404 2185 5461 et
2214 5401 2416 5460 notae.

353 5529 466 5602 (54)
492 5534 625 5587 Haec
654 5532 715 5587 in
742 5534 1007 5602 margine
1032 5550 1068 5589 a
1098 5550 1282 5591 manu
1324 5535 1873 5591 recentiori.A.Vide

282 5602 660 5676 Amphiloch.
682 5620 754 5676 7p.
805 5608 899 5676 26,
942 5607 984 5659 ι)
999 5647 1011 5661 .

353 5674 489 5745 ((55)
528 5674 700 5746 Apud
727 5674 1084 5748 Amphiloch
1097 5719 1108 5732 .
1122 5675 1473 5737 additurfn;
1491 5680 1621 5752 πρὸς
1638 5681 1730 5737 τήν
1742 5698 1873 5753 παρ-

1986 5538 2187 5594 θενικὴν
2275 5539 2444 5607 τοίνυν
2527 5537 2679 5607 φύσιν
2769 5532 2880 5587 οὐδ’
2970 5536 3093 5597 ὅλως
3176 5537 3517 5607 ἠνεῴχθησαν
3587 5538 3641 5589 αἱ

1982 5610 2290 5683 παρθενικαὶ
2316 5606 2474 5658 πύλαι
2488 5650 2499 5662 ,

2056 5679 2168 5751 (36)
2196 5679 2360 5732 Αὐτὸν
2387 5679 2580 5734 abest.
2613 5682 2676 5733 A.
