  <div class='ocr_page' id='page_1' title='image "/cluster/home/n/w/nwhite01/storage/ocr_20150623/129/mdp.39015061528470/461.png"; bbox 0 0 4170 6364; ppageno 0'>
   <div class='ocr_carea' id='block_1_1' title="bbox 536 336 2190 400">
    <p class='ocr_par' dir='ltr' id='par_1_1' title="bbox 536 337 2190 400">
     <span class='ocr_line' id='line_1_1' title="bbox 536 337 2190 400; baseline -0.004 -1"><span class='ocrx_word' id='word_1_1' title='bbox 536 345 633 400; x_wconf 81' lang='grc'>891</span> <span class='ocrx_word' id='word_1_2' title='bbox 1881 337 2190 396; x_wconf 85' lang='lat' dir='ltr'>EUTHYM]</span> 
     </span>
    </p>
   </div>
   <div class='ocr_carea' id='block_1_2' title="bbox 2301 336 2616 400">
    <p class='ocr_par' dir='ltr' id='par_1_2' title="bbox 2301 337 2616 397">
     <span class='ocr_line' id='line_1_2' title="bbox 2301 337 2616 397; baseline 0.013 -5"><span class='ocrx_word' id='word_1_3' title='bbox 2301 337 2590 397; x_wconf 67' lang='grc' dir='ltr'>ΕΙΟΑΒΕΝ</span> <span class='ocrx_word' id='word_1_4' title='bbox 2595 341 2616 396; x_wconf 93' lang='grc' dir='ltr'>Ι</span> 
     </span>
    </p>
   </div>
   <div class='ocr_carea' id='block_1_3' title="bbox 3815 340 3957 396">
    <p class='ocr_par' dir='ltr' id='par_1_3' title="bbox 3815 340 3957 396">
     <span class='ocr_line' id='line_1_3' title="bbox 3815 340 3957 396; baseline -0.014 0"><span class='ocrx_word' id='word_1_5' title='bbox 3815 340 3957 396; x_wconf 77' lang='lat'>892</span> 
     </span>
    </p>
   </div>
   <div class='ocr_carea' id='block_1_4' title="bbox 612 461 2190 541">
    <p class='ocr_par' dir='ltr' id='par_1_4' title="bbox 612 465 2190 541">
     <span class='ocr_line' id='line_1_4' title="bbox 612 465 2190 541; baseline -0.004 -19"><span class='ocrx_word' id='word_1_6' title='bbox 612 471 767 524; x_wconf 89' lang='lat' dir='ltr'>Vers.</span> <span class='ocrx_word' id='word_1_7' title='bbox 801 469 888 523; x_wconf 75' lang='grc'>26.</span> <span class='ocrx_word' id='word_1_8' title='bbox 922 469 998 524; x_wconf 86' lang='lat' dir='ltr'>Et</span> <span class='ocrx_word' id='word_1_9' title='bbox 1020 485 1360 538; x_wconf 74' lang='lat' dir='ltr'>responsum</span> <span class='ocrx_word' id='word_1_10' title='bbox 1382 473 1680 541; x_wconf 83' lang='lat' dir='ltr'>acceperat</span> <span class='ocrx_word' id='word_1_11' title='bbox 1709 500 1774 510; x_wconf 88' lang='lat'><strong>—</strong></span> <span class='ocrx_word' id='word_1_12' title='bbox 1802 467 2055 524; x_wconf 82' lang='lat' dir='ltr'>Domini.</span> <span class='ocrx_word' id='word_1_13' title='bbox 2093 465 2190 517; x_wconf 90' lang='lat' dir='ltr'>Le-</span> 
     </span>
    </p>
   </div>
   <div class='ocr_carea' id='block_1_5' title="bbox 2301 461 3948 541">
    <p class='ocr_par' dir='ltr' id='par_1_5' title="bbox 2379 463 3948 540">
     <span class='ocr_line' id='line_1_5' title="bbox 2379 463 3948 540; baseline 0 -23"><span class='ocrx_word' id='word_1_14' title='bbox 2379 465 2477 517; x_wconf 83' lang='grc' dir='ltr'><strong>Καὶ</strong></span> <span class='ocrx_word' id='word_1_15' title='bbox 2527 463 2587 523; x_wconf 78' lang='grc' dir='ltr'>ἧν</span> <span class='ocrx_word' id='word_1_16' title='bbox 2631 466 2770 536; x_wconf 78' lang='grc' dir='ltr'>αύτῷ</span> <span class='ocrx_word' id='word_1_17' title='bbox 2822 469 3312 538; x_wconf 67' lang='grc' dir='ltr'>κεχρηματισμένον</span> <span class='ocrx_word' id='word_1_18' title='bbox 3371 497 3440 506; x_wconf 91' lang='grc'><strong><em>-</em></strong></span> <span class='ocrx_word' id='word_1_19' title='bbox 3488 468 3701 540; x_wconf 69' lang='grc' dir='ltr'>Κυρίου.</span> <span class='ocrx_word' id='word_1_20' title='bbox 3755 467 3948 519; x_wconf 76' lang='grc' dir='ltr'>Ἀνα-</span> 
     </span>
    </p>
   </div>
   <div class='ocr_carea' id='block_1_6' title="bbox 539 554 2195 630">
    <p class='ocr_par' dir='ltr' id='par_1_6' title="bbox 539 554 2195 630">
     <span class='ocr_line' id='line_1_6' title="bbox 539 554 2195 630; baseline -0.004 -18"><span class='ocrx_word' id='word_1_21' title='bbox 539 574 683 626; x_wconf 88' lang='lat' dir='ltr'>gens</span> <span class='ocrx_word' id='word_1_22' title='bbox 715 558 869 612; x_wconf 89' lang='lat' dir='ltr'>enim</span> <span class='ocrx_word' id='word_1_23' title='bbox 904 559 1168 630; x_wconf 91' lang='lat' dir='ltr'>quodam</span> <span class='ocrx_word' id='word_1_24' title='bbox 1238 564 1501 630; x_wconf 89' lang='lat' dir='ltr'>tempore</span> <span class='ocrx_word' id='word_1_25' title='bbox 1553 559 1915 630; x_wconf 81' lang='lat' dir='ltr'>prophetias,</span> <span class='ocrx_word' id='word_1_26' title='bbox 1953 572 2084 628; x_wconf 79' lang='lat' dir='ltr'>quae</span> <span class='ocrx_word' id='word_1_27' title='bbox 2122 554 2195 607; x_wconf 89' lang='lat' dir='ltr'>de</span> 
     </span>
    </p>
   </div>
   <div class='ocr_carea' id='block_1_7' title="bbox 541 644 2196 720">
    <p class='ocr_par' dir='ltr' id='par_1_7' title="bbox 541 644 2196 720">
     <span class='ocr_line' id='line_1_7' title="bbox 541 644 2196 720; baseline -0.003 -19"><span class='ocrx_word' id='word_1_28' title='bbox 541 646 768 702; x_wconf 82' lang='lat' dir='ltr'>Christo</span> <span class='ocrx_word' id='word_1_29' title='bbox 787 652 972 712; x_wconf 86' lang='lat' dir='ltr'>erant,</span> <span class='ocrx_word' id='word_1_30' title='bbox 1000 663 1132 702; x_wconf 91' lang='lat' dir='ltr'>cum</span> <span class='ocrx_word' id='word_1_31' title='bbox 1159 647 1500 712; x_wconf 82' lang='lat' dir='ltr'>invenisset,</span> <span class='ocrx_word' id='word_1_32' title='bbox 1525 649 1682 720; x_wconf 88' lang='lat' dir='ltr'>quod</span> <span class='ocrx_word' id='word_1_33' title='bbox 1707 650 1855 702; x_wconf 87' lang='lat' dir='ltr'>Deus</span> <span class='ocrx_word' id='word_1_34' title='bbox 1883 644 2196 698; x_wconf 88' lang='lat' dir='ltr'>incarnan-</span> 
     </span>
    </p>
   </div>
   <div class='ocr_carea' id='block_1_8' title="bbox 539 732 2195 809">
    <p class='ocr_par' dir='ltr' id='par_1_8' title="bbox 539 732 2195 809">
     <span class='ocr_line' id='line_1_8' title="bbox 539 732 2195 809; baseline -0.003 -19"><span class='ocrx_word' id='word_1_35' title='bbox 539 736 831 798; x_wconf 90' lang='lat' dir='ltr'>dusesset,</span> <span class='ocrx_word' id='word_1_36' title='bbox 853 735 928 791; x_wconf 91' lang='lat' dir='ltr'>ad</span> <span class='ocrx_word' id='word_1_37' title='bbox 944 753 1123 806; x_wconf 90' lang='lat' dir='ltr'>super</span> <span class='ocrx_word' id='word_1_38' title='bbox 1142 737 1410 792; x_wconf 77' lang='lat' dir='ltr'>naturale</span> <span class='ocrx_word' id='word_1_39' title='bbox 1427 737 1789 809; x_wconf 85' lang='lat' dir='ltr'>mysterium,</span> <span class='ocrx_word' id='word_1_40' title='bbox 1805 741 2074 805; x_wconf 84' lang='lat' dir='ltr'>tanquam</span> <span class='ocrx_word' id='word_1_41' title='bbox 2091 732 2195 786; x_wconf 92' lang='lat' dir='ltr'>ho-</span> 
     </span>
    </p>
   </div>
   <div class='ocr_carea' id='block_1_9' title="bbox 540 823 2198 892">
    <p class='ocr_par' dir='ltr' id='par_1_9' title="bbox 540 823 2198 892">
     <span class='ocr_line' id='line_1_9' title="bbox 540 823 2198 892; baseline -0.003 -13"><span class='ocrx_word' id='word_1_42' title='bbox 540 839 662 892; x_wconf 89' lang='lat' dir='ltr'>mo,</span> <span class='ocrx_word' id='word_1_43' title='bbox 688 824 1009 880; x_wconf 81' lang='lat' dir='ltr'>anhelabat</span> <span class='ocrx_word' id='word_1_44' title='bbox 1041 841 1052 879; x_wconf 89' lang='lat'><strong>:</strong></span> <span class='ocrx_word' id='word_1_45' title='bbox 1079 825 1215 879; x_wconf 91' lang='lat' dir='ltr'>ideo</span> <span class='ocrx_word' id='word_1_46' title='bbox 1237 826 1413 880; x_wconf 82' lang='lat' dir='ltr'>etiam</span> <span class='ocrx_word' id='word_1_47' title='bbox 1442 825 1774 891; x_wconf 81' lang='lat' dir='ltr'>oraculum,</span> <span class='ocrx_word' id='word_1_48' title='bbox 1807 823 1926 877; x_wconf 81' lang='lat' dir='ltr'>sive</span> <span class='ocrx_word' id='word_1_49' title='bbox 1955 835 2198 892; x_wconf 88' lang='lat' dir='ltr'>respon-</span> 
     </span>
    </p>
   </div>
   <div class='ocr_carea' id='block_1_10' title="bbox 541 909 2198 984">
    <p class='ocr_par' dir='ltr' id='par_1_10' title="bbox 541 909 2198 984">
     <span class='ocr_line' id='line_1_10' title="bbox 541 909 2198 984; baseline -0.004 -17"><span class='ocrx_word' id='word_1_50' title='bbox 541 930 696 979; x_wconf 87' lang='lat' dir='ltr'>sum,</span> <span class='ocrx_word' id='word_1_51' title='bbox 722 914 968 984; x_wconf 89' lang='lat' dir='ltr'>accepit,</span> <span class='ocrx_word' id='word_1_52' title='bbox 1003 930 1062 968; x_wconf 92' lang='lat' dir='ltr'>se</span> <span class='ocrx_word' id='word_1_53' title='bbox 1078 930 1195 968; x_wconf 92' lang='lat' dir='ltr'>non</span> <span class='ocrx_word' id='word_1_54' title='bbox 1225 915 1598 978; x_wconf 89' lang='lat' dir='ltr'>moriturum,</span> <span class='ocrx_word' id='word_1_55' title='bbox 1629 913 1820 968; x_wconf 89' lang='lat' dir='ltr'>donec</span> <span class='ocrx_word' id='word_1_56' title='bbox 1846 912 1975 982; x_wconf 90' lang='lat' dir='ltr'>ipse</span> <span class='ocrx_word' id='word_1_57' title='bbox 2006 909 2198 964; x_wconf 85' lang='lat' dir='ltr'>Chris-</span> 
     </span>
    </p>
   </div>
   <div class='ocr_carea' id='block_1_11' title="bbox 540 998 2194 1074">
    <p class='ocr_par' dir='ltr' id='par_1_11' title="bbox 540 998 2194 1074">
     <span class='ocr_line' id='line_1_11' title="bbox 540 998 2194 1074; baseline -0.003 -17"><span class='ocrx_word' id='word_1_58' title='bbox 540 1007 668 1057; x_wconf 85' lang='lat' dir='ltr'>tum</span> <span class='ocrx_word' id='word_1_59' title='bbox 691 1003 878 1057; x_wconf 88' lang='lat' dir='ltr'>oculis</span> <span class='ocrx_word' id='word_1_60' title='bbox 931 1001 1153 1058; x_wconf 84' lang='lat' dir='ltr'>videret</span> <span class='ocrx_word' id='word_1_61' title='bbox 1183 1004 1501 1074; x_wconf 86' lang='lat' dir='ltr'>corporeis.</span> <span class='ocrx_word' id='word_1_62' title='bbox 1535 1003 1842 1062; x_wconf 78' lang='lat' dir='ltr'>Christum</span> <span class='ocrx_word' id='word_1_63' title='bbox 1873 1006 2067 1056; x_wconf 83' lang='lat' dir='ltr'>autem</span> <span class='ocrx_word' id='word_1_64' title='bbox 2092 998 2194 1052; x_wconf 87' lang='lat' dir='ltr'>Do-</span> 
     </span>
    </p>
   </div>
   <div class='ocr_carea' id='block_1_12' title="bbox 540 1088 2192 1163">
    <p class='ocr_par' dir='ltr' id='par_1_12' title="bbox 540 1088 2192 1163">
     <span class='ocr_line' id='line_1_12' title="bbox 540 1088 2192 1163; baseline -0.003 -18"><span class='ocrx_word' id='word_1_65' title='bbox 540 1092 707 1156; x_wconf 81' lang='lat' dir='ltr'>mini,</span> <span class='ocrx_word' id='word_1_66' title='bbox 741 1090 906 1155; x_wconf 87' lang='lat' dir='ltr'>dixit,</span> <span class='ocrx_word' id='word_1_67' title='bbox 939 1097 1180 1163; x_wconf 86' lang='lat' dir='ltr'>propter</span> <span class='ocrx_word' id='word_1_68' title='bbox 1210 1093 1336 1162; x_wconf 90' lang='lat' dir='ltr'>ejus</span> <span class='ocrx_word' id='word_1_69' title='bbox 1361 1095 1435 1146; x_wconf 89' lang='lat' dir='ltr'>ad</span> <span class='ocrx_word' id='word_1_70' title='bbox 1471 1094 1700 1146; x_wconf 83' lang='lat' dir='ltr'>Patrem</span> <span class='ocrx_word' id='word_1_71' title='bbox 1729 1088 2192 1144; x_wconf 82' lang='lat' dir='ltr'>similitudinem.</span> 
     </span>
    </p>
   </div>
   <div class='ocr_carea' id='block_1_13' title="bbox 542 1180 1802 1250">
    <p class='ocr_par' dir='ltr' id='par_1_13' title="bbox 542 1180 1802 1250">
     <span class='ocr_line' id='line_1_13' title="bbox 542 1180 1802 1250; baseline 0.001 -18"><span class='ocrx_word' id='word_1_72' title='bbox 542 1181 860 1235; x_wconf 89' lang='lat' dir='ltr'>Dominum</span> <span class='ocrx_word' id='word_1_73' title='bbox 883 1181 1040 1236; x_wconf 86' lang='lat' dir='ltr'>enim</span> <span class='ocrx_word' id='word_1_74' title='bbox 1073 1180 1338 1250; x_wconf 85' lang='lat' dir='ltr'>intelligit</span> <span class='ocrx_word' id='word_1_75' title='bbox 1364 1196 1520 1235; x_wconf 92' lang='lat' dir='ltr'>nunc</span> <span class='ocrx_word' id='word_1_76' title='bbox 1554 1183 1802 1235; x_wconf 81' lang='lat' dir='ltr'>Patrem.</span> 
     </span>
    </p>
   </div>
   <div class='ocr_carea' id='block_1_14' title="bbox 612 1266 2196 1340">
    <p class='ocr_par' dir='ltr' id='par_1_14' title="bbox 612 1266 2196 1340">
     <span class='ocr_line' id='line_1_14' title="bbox 612 1266 2196 1340; baseline -0.002 -17"><span class='ocrx_word' id='word_1_77' title='bbox 612 1271 699 1339; x_wconf 70' lang='grc' dir='ltr'>σΗ-</span> <span class='ocrx_word' id='word_1_78' title='bbox 724 1269 1008 1340; x_wconf 87' lang='lat' dir='ltr'>Equidem</span> <span class='ocrx_word' id='word_1_79' title='bbox 1041 1270 1264 1325; x_wconf 90' lang='lat' dir='ltr'>invenit</span> <span class='ocrx_word' id='word_1_80' title='bbox 1293 1269 1470 1326; x_wconf 86' lang='lat' dir='ltr'>etiam</span> <span class='ocrx_word' id='word_1_81' title='bbox 1510 1269 1570 1324; x_wconf 89' lang='lat' dir='ltr'>in</span> <span class='ocrx_word' id='word_1_82' title='bbox 1602 1269 1911 1324; x_wconf 89' lang='lat' dir='ltr'>codicibus</span> <span class='ocrx_word' id='word_1_83' title='bbox 1943 1266 2196 1322; x_wconf 90' lang='lat' dir='ltr'>nonnul-</span> 
     </span>
    </p>
   </div>
   <div class='ocr_carea' id='block_1_15' title="bbox 542 1356 2194 1430">
    <p class='ocr_par' dir='ltr' id='par_1_15' title="bbox 542 1356 2194 1430">
     <span class='ocr_line' id='line_1_15' title="bbox 542 1356 2194 1430; baseline -0.003 -17"><span class='ocrx_word' id='word_1_84' title='bbox 542 1358 612 1413; x_wconf 89' lang='lat' dir='ltr'>lis</span> <span class='ocrx_word' id='word_1_85' title='bbox 662 1359 728 1412; x_wconf 93' lang='lat' dir='ltr'>de</span> <span class='ocrx_word' id='word_1_86' title='bbox 774 1359 1070 1429; x_wconf 87' lang='lat' dir='ltr'>hocjusto</span> <span class='ocrx_word' id='word_1_87' title='bbox 1118 1359 1264 1422; x_wconf 91' lang='lat' dir='ltr'>viro,</span> <span class='ocrx_word' id='word_1_88' title='bbox 1311 1358 1474 1430; x_wconf 90' lang='lat' dir='ltr'>quod</span> <span class='ocrx_word' id='word_1_89' title='bbox 1502 1358 1673 1413; x_wconf 89' lang='lat' dir='ltr'>fuerit</span> <span class='ocrx_word' id='word_1_90' title='bbox 1723 1375 1794 1412; x_wconf 87' lang='lat' dir='ltr'>ex</span> <span class='ocrx_word' id='word_1_91' title='bbox 1823 1356 2194 1428; x_wconf 79' lang='lat' dir='ltr'>septuaginta</span> 
     </span>
    </p>
   </div>
   <div class='ocr_carea' id='block_1_16' title="bbox 541 1443 2191 1518">
    <p class='ocr_par' dir='ltr' id='par_1_16' title="bbox 541 1443 2191 1518">
     <span class='ocr_line' id='line_1_16' title="bbox 541 1443 2191 1518; baseline -0.002 -17"><span class='ocrx_word' id='word_1_92' title='bbox 541 1446 960 1517; x_wconf 82' lang='lat' dir='ltr'>interpretibus</span> <span class='ocrx_word' id='word_1_93' title='bbox 992 1446 1599 1518; x_wconf 82' lang='lat' dir='ltr'>llebraicis,tempore</span> <span class='ocrx_word' id='word_1_94' title='bbox 1660 1446 1953 1501; x_wconf 67' lang='lat' dir='ltr'>Ptolemtei</span> <span class='ocrx_word' id='word_1_95' title='bbox 1999 1443 2191 1499; x_wconf 84' lang='lat' dir='ltr'>Phila-</span> 
     </span>
    </p>
   </div>
   <div class='ocr_carea' id='block_1_17' title="bbox 541 1535 2187 1608">
    <p class='ocr_par' dir='ltr' id='par_1_17' title="bbox 541 1535 2187 1608">
     <span class='ocr_line' id='line_1_17' title="bbox 541 1535 2187 1608; baseline -0.002 -18"><span class='ocrx_word' id='word_1_96' title='bbox 541 1535 761 1608; x_wconf 91' lang='lat' dir='ltr'>delphi.</span> <span class='ocrx_word' id='word_1_97' title='bbox 807 1537 1258 1606; x_wconf 85' lang='lat' dir='ltr'>lnterpretantes</span> <span class='ocrx_word' id='word_1_98' title='bbox 1285 1536 1444 1591; x_wconf 91' lang='lat' dir='ltr'>enim</span> <span class='ocrx_word' id='word_1_99' title='bbox 1475 1535 1815 1590; x_wconf 85' lang='lat' dir='ltr'>vaticinium</span> <span class='ocrx_word' id='word_1_100' title='bbox 1847 1535 2014 1589; x_wconf 67' lang='lat' dir='ltr'>Isaiae</span> <span class='ocrx_word' id='word_1_101' title='bbox 2045 1550 2187 1604; x_wconf 88' lang='lat' dir='ltr'>pro-</span> 
     </span>
    </p>
   </div>
   <div class='ocr_carea' id='block_1_18' title="bbox 540 1623 2190 1696">
    <p class='ocr_par' dir='ltr' id='par_1_18' title="bbox 540 1623 2190 1696">
     <span class='ocr_line' id='line_1_18' title="bbox 540 1623 2190 1696; baseline -0.002 -16"><span class='ocrx_word' id='word_1_102' title='bbox 540 1625 733 1696; x_wconf 66' lang='lat' dir='ltr'>phetaa</span> <span class='ocrx_word' id='word_1_103' title='bbox 769 1641 780 1679; x_wconf 91' lang='lat'><strong>:</strong></span> <span class='ocrx_word' id='word_1_104' title='bbox 817 1627 974 1690; x_wconf 85' lang='lat' dir='ltr'>Ecce,</span> <span class='ocrx_word' id='word_1_105' title='bbox 1030 1626 1192 1694; x_wconf 74' lang='lat' dir='ltr'>virgo</span> <span class='ocrx_word' id='word_1_106' title='bbox 1221 1625 1284 1680; x_wconf 79' lang='lat' dir='ltr'>in</span> <span class='ocrx_word' id='word_1_107' title='bbox 1310 1629 1474 1681; x_wconf 82' lang='lat' dir='ltr'>utero</span> <span class='ocrx_word' id='word_1_108' title='bbox 1506 1625 1733 1681; x_wconf 76' lang='lat' dir='ltr'>habebit</span> <span class='ocrx_word' id='word_1_109' title='bbox 1767 1626 1851 1692; x_wconf 80' lang='grc'>¹⁹;</span> <span class='ocrx_word' id='word_1_110' title='bbox 1885 1624 1998 1678; x_wconf 92' lang='lat' dir='ltr'>hoc</span> <span class='ocrx_word' id='word_1_111' title='bbox 2030 1623 2190 1677; x_wconf 91' lang='lat' dir='ltr'>solus</span> 
     </span>
    </p>
   </div>
   <div class='ocr_carea' id='block_1_19' title="bbox 542 1711 2189 1786">
    <p class='ocr_par' dir='ltr' id='par_1_19' title="bbox 542 1711 2189 1786">
     <span class='ocr_line' id='line_1_19' title="bbox 542 1711 2189 1786; baseline -0.002 -17"><span class='ocrx_word' id='word_1_112' title='bbox 542 1714 778 1769; x_wconf 89' lang='lat' dir='ltr'>Simeon</span> <span class='ocrx_word' id='word_1_113' title='bbox 855 1730 976 1769; x_wconf 90' lang='lat' dir='ltr'>non</span> <span class='ocrx_word' id='word_1_114' title='bbox 1034 1714 1280 1769; x_wconf 81' lang='lat' dir='ltr'>credidit</span> <span class='ocrx_word' id='word_1_115' title='bbox 1359 1715 1682 1786; x_wconf 69' lang='lat' dir='ltr'>prophetae,</span> <span class='ocrx_word' id='word_1_116' title='bbox 1744 1713 1936 1768; x_wconf 90' lang='lat' dir='ltr'>donec</span> <span class='ocrx_word' id='word_1_117' title='bbox 1987 1712 2038 1766; x_wconf 90' lang='lat' dir='ltr'>ei</span> <span class='ocrx_word' id='word_1_118' title='bbox 2113 1711 2189 1766; x_wconf 93' lang='lat' dir='ltr'>ab</span> 
     </span>
    </p>
   </div>
   <div class='ocr_carea' id='block_1_20' title="bbox 540 1797 2190 1874">
    <p class='ocr_par' dir='ltr' id='par_1_20' title="bbox 540 1802 2187 1874">
     <span class='ocr_line' id='line_1_20' title="bbox 540 1802 2187 1874; baseline -0.002 -16"><span class='ocrx_word' id='word_1_119' title='bbox 540 1803 740 1858; x_wconf 89' lang='lat' dir='ltr'>divino</span> <span class='ocrx_word' id='word_1_120' title='bbox 760 1803 972 1872; x_wconf 84' lang='lat' dir='ltr'>angelo</span> <span class='ocrx_word' id='word_1_121' title='bbox 986 1819 1339 1874; x_wconf 87' lang='lat' dir='ltr'>responsum</span> <span class='ocrx_word' id='word_1_122' title='bbox 1366 1808 1536 1868; x_wconf 88' lang='lat' dir='ltr'>esset,</span> <span class='ocrx_word' id='word_1_123' title='bbox 1561 1803 1760 1874; x_wconf 88' lang='lat' dir='ltr'>ipsum</span> <span class='ocrx_word' id='word_1_124' title='bbox 1786 1817 1906 1857; x_wconf 90' lang='lat' dir='ltr'>non</span> <span class='ocrx_word' id='word_1_125' title='bbox 1921 1802 2187 1857; x_wconf 87' lang='lat' dir='ltr'>visurum</span> 
     </span>
    </p>
   </div>
   <div class='ocr_carea' id='block_1_21' title="bbox 2301 1797 3702 1874">
    <p class='ocr_par' dir='ltr' id='par_1_21' title="bbox 2302 1801 3702 1874">
     <span class='ocr_line' id='line_1_21' title="bbox 2302 1801 3702 1874; baseline 0.001 -22"><span class='ocrx_word' id='word_1_126' title='bbox 2302 1805 2503 1872; x_wconf 85' lang='grc' dir='ltr'>Συμεὼν</span> <span class='ocrx_word' id='word_1_127' title='bbox 2553 1803 2767 1858; x_wconf 76' lang='grc' dir='ltr'>ἠπίστει</span> <span class='ocrx_word' id='word_1_128' title='bbox 2811 1809 2882 1871; x_wconf 80' lang='grc' dir='ltr'>τῷ</span> <span class='ocrx_word' id='word_1_129' title='bbox 2937 1807 3196 1874; x_wconf 72' lang='grc' dir='ltr'>ωροφὴτῃ,</span> <span class='ocrx_word' id='word_1_130' title='bbox 3260 1801 3313 1852; x_wconf 88' lang='grc' dir='ltr'>ὃν</span> <span class='ocrx_word' id='word_1_131' title='bbox 3348 1807 3442 1860; x_wconf 81' lang='grc' dir='ltr'>τὴν</span> <span class='ocrx_word' id='word_1_132' title='bbox 3479 1803 3595 1872; x_wconf 83' lang='grc'>(6-1)</span> 
     </span>
    </p>
   </div>
   <div class='ocr_carea' id='block_1_22' title="bbox 539 1891 2192 1957">
    <p class='ocr_par' dir='ltr' id='par_1_22' title="bbox 539 1891 2192 1957">
     <span class='ocr_line' id='line_1_22' title="bbox 539 1891 2192 1957; baseline -0.002 -10"><span class='ocrx_word' id='word_1_133' title='bbox 539 1896 814 1957; x_wconf 90' lang='lat' dir='ltr'>mortem,</span> <span class='ocrx_word' id='word_1_134' title='bbox 847 1892 1039 1946; x_wconf 90' lang='lat' dir='ltr'>donec</span> <span class='ocrx_word' id='word_1_135' title='bbox 1069 1891 1362 1945; x_wconf 88' lang='lat' dir='ltr'>Christum</span> <span class='ocrx_word' id='word_1_136' title='bbox 1393 1891 1627 1945; x_wconf 89' lang='lat' dir='ltr'>Domini</span> <span class='ocrx_word' id='word_1_137' title='bbox 1669 1892 1728 1945; x_wconf 92' lang='lat' dir='ltr'>in</span> <span class='ocrx_word' id='word_1_138' title='bbox 1773 1906 1992 1945; x_wconf 90' lang='lat' dir='ltr'>manus</span> <span class='ocrx_word' id='word_1_139' title='bbox 2027 1904 2192 1944; x_wconf 89' lang='lat' dir='ltr'>acce-</span> 
     </span>
    </p>
   </div>
   <div class='ocr_carea' id='block_1_23' title="bbox 539 1980 707 2051">
    <p class='ocr_par' dir='ltr' id='par_1_23' title="bbox 539 1980 707 2051">
     <span class='ocr_line' id='line_1_23' title="bbox 539 1980 707 2051; baseline -0.006 -16"><span class='ocrx_word' id='word_1_140' title='bbox 539 1980 707 2051; x_wconf 91' lang='lat' dir='ltr'>perit.</span> 
     </span>
    </p>
   </div>
   <div class='ocr_carea' id='block_1_24' title="bbox 611 2173 2188 2244">
    <p class='ocr_par' dir='ltr' id='par_1_24' title="bbox 611 2173 2188 2244">
     <span class='ocr_line' id='line_1_24' title="bbox 611 2173 2188 2244; baseline -0.001 -15"><span class='ocrx_word' id='word_1_141' title='bbox 611 2173 772 2229; x_wconf 88' lang='lat' dir='ltr'>Vers.</span> <span class='ocrx_word' id='word_1_142' title='bbox 806 2175 892 2228; x_wconf 84' lang='lat'>27.</span> <span class='ocrx_word' id='word_1_143' title='bbox 921 2175 998 2229; x_wconf 88' lang='lat' dir='ltr'>Et</span> <span class='ocrx_word' id='word_1_144' title='bbox 1037 2174 1194 2230; x_wconf 83' lang='lat' dir='ltr'>venit</span> <span class='ocrx_word' id='word_1_145' title='bbox 1247 2205 1312 2215; x_wconf 89' lang='lat'>-—</span> <span class='ocrx_word' id='word_1_146' title='bbox 1344 2174 1634 2244; x_wconf 79' lang='lat' dir='ltr'>templum.</span> <span class='ocrx_word' id='word_1_147' title='bbox 1669 2176 1856 2229; x_wconf 87' lang='lat' dir='ltr'>Motus</span> <span class='ocrx_word' id='word_1_148' title='bbox 1887 2190 1923 2230; x_wconf 88' lang='lat' dir='ltr'>a</span> <span class='ocrx_word' id='word_1_149' title='bbox 1974 2173 2188 2244; x_wconf 87' lang='lat' dir='ltr'>Spiritu</span> 
     </span>
    </p>
   </div>
   <div class='ocr_carea' id='block_1_25' title="bbox 541 2267 764 2319">
    <p class='ocr_par' dir='ltr' id='par_1_25' title="bbox 541 2267 764 2319">
     <span class='ocr_line' id='line_1_25' title="bbox 541 2267 764 2319; baseline 0 -2"><span class='ocrx_word' id='word_1_150' title='bbox 541 2267 764 2319; x_wconf 85' lang='lat' dir='ltr'>sancto.</span> 
     </span>
    </p>
   </div>
   <div class='ocr_carea' id='block_1_26' title="bbox 611 2352 2190 2423">
    <p class='ocr_par' dir='ltr' id='par_1_26' title="bbox 611 2352 2190 2423">
     <span class='ocr_line' id='line_1_26' title="bbox 611 2352 2190 2423; baseline -0.001 -17"><span class='ocrx_word' id='word_1_151' title='bbox 611 2355 766 2408; x_wconf 87' lang='lat' dir='ltr'>Vers.</span> <span class='ocrx_word' id='word_1_152' title='bbox 801 2352 888 2407; x_wconf 73' lang='lat'>27.</span> <span class='ocrx_word' id='word_1_153' title='bbox 925 2353 1000 2408; x_wconf 88' lang='lat' dir='ltr'>Et</span> <span class='ocrx_word' id='word_1_154' title='bbox 1032 2369 1164 2409; x_wconf 90' lang='lat' dir='ltr'>cum</span> <span class='ocrx_word' id='word_1_155' title='bbox 1197 2384 1264 2393; x_wconf 93' lang='lat'>—</span> <span class='ocrx_word' id='word_1_156' title='bbox 1291 2369 1449 2409; x_wconf 82' lang='lat' dir='ltr'>suas.</span> <span class='ocrx_word' id='word_1_157' title='bbox 1485 2353 1690 2409; x_wconf 86' lang='lat' dir='ltr'>Statim</span> <span class='ocrx_word' id='word_1_158' title='bbox 1721 2352 1882 2408; x_wconf 89' lang='lat' dir='ltr'>enim</span> <span class='ocrx_word' id='word_1_159' title='bbox 1909 2352 2190 2423; x_wconf 83' lang='lat' dir='ltr'>cognovit</span> 
     </span>
    </p>
   </div>
   <div class='ocr_carea' id='block_1_27' title="bbox 538 2442 1476 2514">
    <p class='ocr_par' dir='ltr' id='par_1_27' title="bbox 538 2442 1476 2514">
     <span class='ocr_line' id='line_1_27' title="bbox 538 2442 1476 2514; baseline 0 -17"><span class='ocrx_word' id='word_1_160' title='bbox 538 2459 676 2498; x_wconf 90' lang='lat' dir='ltr'>eum</span> <span class='ocrx_word' id='word_1_161' title='bbox 713 2443 1236 2514; x_wconf 87' lang='lat' dir='ltr'>perspicacissimis</span> <span class='ocrx_word' id='word_1_162' title='bbox 1265 2442 1476 2499; x_wconf 91' lang='lat' dir='ltr'>oculis.</span> 
     </span>
    </p>
   </div>
   <div class='ocr_carea' id='block_1_28' title="bbox 612 2532 2189 2599">
    <p class='ocr_par' dir='ltr' id='par_1_28' title="bbox 612 2532 2189 2599">
     <span class='ocr_line' id='line_1_28' title="bbox 612 2532 2189 2599; baseline 0.001 -13"><span class='ocrx_word' id='word_1_163' title='bbox 612 2534 770 2588; x_wconf 88' lang='lat' dir='ltr'>Vers.</span> <span class='ocrx_word' id='word_1_164' title='bbox 807 2532 892 2586; x_wconf 72' lang='lat'>28.</span> <span class='ocrx_word' id='word_1_165' title='bbox 953 2534 1016 2587; x_wconf 87' lang='lat' dir='ltr'>Et</span> <span class='ocrx_word' id='word_1_166' title='bbox 1068 2532 1360 2590; x_wconf 78' lang='lat' dir='ltr'>benedixit</span> <span class='ocrx_word' id='word_1_167' title='bbox 1414 2535 1619 2590; x_wconf 85' lang='lat' dir='ltr'>Deum.</span> <span class='ocrx_word' id='word_1_168' title='bbox 1673 2532 1782 2599; x_wconf 88' lang='lat' dir='ltr'>Qui</span> <span class='ocrx_word' id='word_1_169' title='bbox 1843 2533 2189 2589; x_wconf 87' lang='lat' dir='ltr'>incarnatus</span> 
     </span>
    </p>
   </div>
   <div class='ocr_carea' id='block_1_29' title="bbox 538 2626 683 2677">
    <p class='ocr_par' dir='ltr' id='par_1_29' title="bbox 538 2626 683 2677">
     <span class='ocr_line' id='line_1_29' title="bbox 538 2626 683 2677; baseline 0 -1"><span class='ocrx_word' id='word_1_170' title='bbox 538 2626 683 2677; x_wconf 90' lang='lat' dir='ltr'>erat.</span> 
     </span>
    </p>
   </div>
   <div class='ocr_carea' id='block_1_30' title="bbox 609 2711 2186 2769">
    <p class='ocr_par' dir='ltr' id='par_1_30' title="bbox 609 2711 2186 2769">
     <span class='ocr_line' id='line_1_30' title="bbox 609 2711 2186 2769; baseline 0.003 -6"><span class='ocrx_word' id='word_1_171' title='bbox 609 2712 772 2765; x_wconf 83' lang='lat' dir='ltr'>Vers.</span> <span class='ocrx_word' id='word_1_172' title='bbox 792 2711 879 2764; x_wconf 81' lang='lat'>28.</span> <span class='ocrx_word' id='word_1_173' title='bbox 902 2713 978 2765; x_wconf 86' lang='lat' dir='ltr'>Et</span> <span class='ocrx_word' id='word_1_174' title='bbox 1008 2711 1092 2766; x_wconf 78' lang='lat' dir='ltr'>ait</span> <span class='ocrx_word' id='word_1_175' title='bbox 1118 2743 1186 2750; x_wconf 91' lang='lat'><strong><em>—</em></strong></span> <span class='ocrx_word' id='word_1_176' title='bbox 1213 2711 1374 2766; x_wconf 89' lang='lat' dir='ltr'>Vers.</span> <span class='ocrx_word' id='word_1_177' title='bbox 1405 2711 1495 2769; x_wconf 86' lang='lat'>29.</span> <span class='ocrx_word' id='word_1_178' title='bbox 1533 2711 1775 2768; x_wconf 81' lang='lat' dir='ltr'>Verbum</span> <span class='ocrx_word' id='word_1_179' title='bbox 1805 2717 1989 2767; x_wconf 88' lang='lat' dir='ltr'>tuum.</span> <span class='ocrx_word' id='word_1_180' title='bbox 2019 2714 2186 2768; x_wconf 89' lang='lat' dir='ltr'>Nunc</span> 
     </span>
    </p>
   </div>
   <div class='ocr_carea' id='block_1_31' title="bbox 537 2799 2187 2872">
    <p class='ocr_par' dir='ltr' id='par_1_31' title="bbox 537 2799 2187 2872">
     <span class='ocr_line' id='line_1_31' title="bbox 537 2799 2187 2872; baseline -0.001 -17"><span class='ocrx_word' id='word_1_181' title='bbox 537 2799 786 2855; x_wconf 92' lang='lat' dir='ltr'>omnino</span> <span class='ocrx_word' id='word_1_182' title='bbox 826 2815 920 2854; x_wconf 92' lang='lat' dir='ltr'>me</span> <span class='ocrx_word' id='word_1_183' title='bbox 966 2799 1230 2854; x_wconf 89' lang='lat' dir='ltr'>absolvis</span> <span class='ocrx_word' id='word_1_184' title='bbox 1261 2816 1297 2856; x_wconf 91' lang='lat' dir='ltr'>a</span> <span class='ocrx_word' id='word_1_185' title='bbox 1326 2800 1464 2865; x_wconf 88' lang='lat' dir='ltr'>vita,</span> <span class='ocrx_word' id='word_1_186' title='bbox 1500 2800 2016 2872; x_wconf 87' lang='lat' dir='ltr'>quemadmodum</span> <span class='ocrx_word' id='word_1_187' title='bbox 2043 2799 2187 2856; x_wconf 90' lang='lat' dir='ltr'>olim</span> 
     </span>
    </p>
   </div>
   <div class='ocr_carea' id='block_1_32' title="bbox 539 2887 2005 2958">
    <p class='ocr_par' dir='ltr' id='par_1_32' title="bbox 539 2887 2005 2958">
     <span class='ocr_line' id='line_1_32' title="bbox 539 2887 2005 2958; baseline 0.001 -17"><span class='ocrx_word' id='word_1_188' title='bbox 539 2887 776 2941; x_wconf 85' lang='lat' dir='ltr'>dixeras</span> <span class='ocrx_word' id='word_1_189' title='bbox 810 2887 954 2942; x_wconf 90' lang='lat' dir='ltr'>mihi</span> <span class='ocrx_word' id='word_1_190' title='bbox 983 2887 1303 2958; x_wconf 86' lang='lat' dir='ltr'>requirenti</span> <span class='ocrx_word' id='word_1_191' title='bbox 1329 2887 1404 2942; x_wconf 89' lang='lat' dir='ltr'>de</span> <span class='ocrx_word' id='word_1_192' title='bbox 1443 2892 1544 2942; x_wconf 89' lang='lat' dir='ltr'>tua</span> <span class='ocrx_word' id='word_1_193' title='bbox 1575 2887 2005 2942; x_wconf 86' lang='lat' dir='ltr'>incarnatione.</span> 
     </span>
    </p>
   </div>
   <div class='ocr_carea' id='block_1_33' title="bbox 610 2975 2188 3048">
    <p class='ocr_par' dir='ltr' id='par_1_33' title="bbox 610 2975 2188 3048">
     <span class='ocr_line' id='line_1_33' title="bbox 610 2975 2188 3048; baseline 0.001 -18"><span class='ocrx_word' id='word_1_194' title='bbox 610 2975 774 3030; x_wconf 89' lang='lat' dir='ltr'>Vers.</span> <span class='ocrx_word' id='word_1_195' title='bbox 808 2980 894 3030; x_wconf 86' lang='lat'>29.</span> <span class='ocrx_word' id='word_1_196' title='bbox 923 2976 989 3030; x_wconf 89' lang='lat' dir='ltr'>In</span> <span class='ocrx_word' id='word_1_197' title='bbox 1019 2990 1186 3044; x_wconf 83' lang='lat' dir='ltr'>pace.</span> <span class='ocrx_word' id='word_1_198' title='bbox 1229 2977 1294 3030; x_wconf 92' lang='lat' dir='ltr'>In</span> <span class='ocrx_word' id='word_1_199' title='bbox 1343 2992 1490 3048; x_wconf 88' lang='lat' dir='ltr'>pace</span> <span class='ocrx_word' id='word_1_200' title='bbox 1535 2977 1986 3045; x_wconf 83' lang='lat' dir='ltr'>cogitationum.</span> <span class='ocrx_word' id='word_1_201' title='bbox 2022 2979 2188 3032; x_wconf 81' lang='lat' dir='ltr'>Nunc</span> 
     </span>
    </p>
   </div>
   <div class='ocr_carea' id='block_1_34' title="bbox 540 3063 2185 3136">
    <p class='ocr_par' dir='ltr' id='par_1_34' title="bbox 540 3063 2185 3136">
     <span class='ocr_line' id='line_1_34' title="bbox 540 3063 2185 3136; baseline 0.001 -17"><span class='ocrx_word' id='word_1_202' title='bbox 540 3063 720 3127; x_wconf 91' lang='lat' dir='ltr'>enim,</span> <span class='ocrx_word' id='word_1_203' title='bbox 754 3079 889 3136; x_wconf 76' lang='lat' dir='ltr'>quae</span> <span class='ocrx_word' id='word_1_204' title='bbox 922 3080 1016 3120; x_wconf 87' lang='lat' dir='ltr'>me</span> <span class='ocrx_word' id='word_1_205' title='bbox 1061 3063 1402 3129; x_wconf 89' lang='lat' dir='ltr'>turbabant,</span> <span class='ocrx_word' id='word_1_206' title='bbox 1433 3065 1505 3119; x_wconf 93' lang='lat' dir='ltr'>de</span> <span class='ocrx_word' id='word_1_207' title='bbox 1536 3064 1739 3120; x_wconf 88' lang='lat' dir='ltr'>divina</span> <span class='ocrx_word' id='word_1_208' title='bbox 1778 3065 2185 3120; x_wconf 88' lang='lat' dir='ltr'>incarnatione</span> 
     </span>
    </p>
   </div>
   <div class='ocr_carea' id='block_1_35' title="bbox 539 3152 1465 3224">
    <p class='ocr_par' dir='ltr' id='par_1_35' title="bbox 539 3152 1465 3224">
     <span class='ocr_line' id='line_1_35' title="bbox 539 3152 1465 3224; baseline 0.001 -16"><span class='ocrx_word' id='word_1_209' title='bbox 539 3152 923 3222; x_wconf 87' lang='lat' dir='ltr'>cogitationes</span> <span class='ocrx_word' id='word_1_210' title='bbox 952 3153 1280 3224; x_wconf 64' lang='lat' dir='ltr'>paciﬁcatae</span> <span class='ocrx_word' id='word_1_211' title='bbox 1311 3158 1465 3209; x_wconf 91' lang='lat' dir='ltr'>sunt.</span> 
     </span>
    </p>
   </div>
   <div class='ocr_carea' id='block_1_36' title="bbox 608 3242 2189 3316">
    <p class='ocr_par' dir='ltr' id='par_1_36' title="bbox 608 3242 2189 3316">
     <span class='ocr_line' id='line_1_36' title="bbox 608 3242 2189 3316; baseline 0 -18"><span class='ocrx_word' id='word_1_212' title='bbox 608 3243 730 3312; x_wconf 88' lang='lat' dir='ltr'>Vel,</span> <span class='ocrx_word' id='word_1_213' title='bbox 764 3243 825 3298; x_wconf 92' lang='lat' dir='ltr'>in</span> <span class='ocrx_word' id='word_1_214' title='bbox 856 3259 1002 3315; x_wconf 90' lang='lat' dir='ltr'>pace</span> <span class='ocrx_word' id='word_1_215' title='bbox 1033 3242 1452 3314; x_wconf 89' lang='lat' dir='ltr'>intrepiditatis</span> <span class='ocrx_word' id='word_1_216' title='bbox 1483 3243 1662 3316; x_wconf 88' lang='lat' dir='ltr'>;quia</span> <span class='ocrx_word' id='word_1_217' title='bbox 1687 3243 1989 3316; x_wconf 90' lang='lat' dir='ltr'>deinceps,</span> <span class='ocrx_word' id='word_1_218' title='bbox 2033 3260 2189 3300; x_wconf 86' lang='lat' dir='ltr'>mor-</span> 
     </span>
    </p>
   </div>
   <div class='ocr_carea' id='block_1_37' title="bbox 539 3332 2189 3405">
    <p class='ocr_par' dir='ltr' id='par_1_37' title="bbox 539 3332 2189 3405">
     <span class='ocr_line' id='line_1_37' title="bbox 539 3332 2189 3405; baseline 0 -17"><span class='ocrx_word' id='word_1_219' title='bbox 539 3339 658 3388; x_wconf 91' lang='lat' dir='ltr'>tem</span> <span class='ocrx_word' id='word_1_220' title='bbox 699 3349 821 3388; x_wconf 89' lang='lat' dir='ltr'>non</span> <span class='ocrx_word' id='word_1_221' title='bbox 874 3337 1158 3399; x_wconf 89' lang='lat' dir='ltr'>metuam,</span> <span class='ocrx_word' id='word_1_222' title='bbox 1214 3337 1452 3405; x_wconf 88' lang='lat' dir='ltr'>propter</span> <span class='ocrx_word' id='word_1_223' title='bbox 1504 3332 1866 3404; x_wconf 86' lang='lat' dir='ltr'>profundam</span> <span class='ocrx_word' id='word_1_224' title='bbox 1921 3338 2189 3389; x_wconf 88' lang='lat' dir='ltr'>senectu-</span> 
     </span>
    </p>
   </div>
   <div class='ocr_carea' id='block_1_38' title="bbox 537 3427 678 3479">
    <p class='ocr_par' dir='ltr' id='par_1_38' title="bbox 537 3427 678 3479">
     <span class='ocr_line' id='line_1_38' title="bbox 537 3427 678 3479; baseline -0.028 0"><span class='ocrx_word' id='word_1_225' title='bbox 537 3427 678 3479; x_wconf 81' lang='lat' dir='ltr'>tem.</span> 
     </span>
    </p>
   </div>
   <div class='ocr_carea' id='block_1_39' title="bbox 611 3510 2189 3584">
    <p class='ocr_par' dir='ltr' id='par_1_39' title="bbox 611 3510 2189 3584">
     <span class='ocr_line' id='line_1_39' title="bbox 611 3510 2189 3584; baseline 0.002 -20"><span class='ocrx_word' id='word_1_226' title='bbox 611 3511 728 3582; x_wconf 83' lang='lat' dir='ltr'>Vel,</span> <span class='ocrx_word' id='word_1_227' title='bbox 762 3513 824 3566; x_wconf 92' lang='lat' dir='ltr'>In</span> <span class='ocrx_word' id='word_1_228' title='bbox 848 3527 994 3583; x_wconf 84' lang='lat' dir='ltr'>pace</span> <span class='ocrx_word' id='word_1_229' title='bbox 1014 3510 1219 3580; x_wconf 82' lang='lat' dir='ltr'>gaudii</span> <span class='ocrx_word' id='word_1_230' title='bbox 1245 3529 1262 3582; x_wconf 86' lang='grc'>;</span> <span class='ocrx_word' id='word_1_231' title='bbox 1283 3511 1426 3583; x_wconf 90' lang='lat' dir='ltr'>quia</span> <span class='ocrx_word' id='word_1_232' title='bbox 1442 3511 1723 3584; x_wconf 90' lang='lat' dir='ltr'>deinceps</span> <span class='ocrx_word' id='word_1_233' title='bbox 1742 3528 1856 3567; x_wconf 90' lang='lat' dir='ltr'>non</span> <span class='ocrx_word' id='word_1_234' title='bbox 1881 3512 2189 3568; x_wconf 86' lang='lat' dir='ltr'>contrista-</span> 
     </span>
    </p>
   </div>
   <div class='ocr_carea' id='block_1_40' title="bbox 537 3601 2188 3674">
    <p class='ocr_par' dir='ltr' id='par_1_40' title="bbox 537 3601 2188 3674">
     <span class='ocr_line' id='line_1_40' title="bbox 537 3601 2188 3674; baseline 0.001 -17"><span class='ocrx_word' id='word_1_235' title='bbox 537 3603 648 3658; x_wconf 89' lang='lat' dir='ltr'>bor</span> <span class='ocrx_word' id='word_1_236' title='bbox 673 3608 914 3674; x_wconf 86' lang='lat' dir='ltr'>propter</span> <span class='ocrx_word' id='word_1_237' title='bbox 937 3601 1267 3657; x_wconf 90' lang='lat' dir='ltr'>libertatem</span> <span class='ocrx_word' id='word_1_238' title='bbox 1299 3601 1526 3657; x_wconf 88' lang='lat' dir='ltr'>Israelis</span> <span class='ocrx_word' id='word_1_239' title='bbox 1561 3621 1573 3670; x_wconf 85' lang='lat'><strong>;</strong></span> <span class='ocrx_word' id='word_1_240' title='bbox 1599 3602 1726 3673; x_wconf 89' lang='lat' dir='ltr'>jam</span> <span class='ocrx_word' id='word_1_241' title='bbox 1770 3603 1928 3659; x_wconf 91' lang='lat' dir='ltr'>enim</span> <span class='ocrx_word' id='word_1_242' title='bbox 1955 3604 2077 3658; x_wconf 92' lang='lat' dir='ltr'>vidi</span> <span class='ocrx_word' id='word_1_243' title='bbox 2102 3605 2188 3658; x_wconf 89' lang='lat' dir='ltr'>Li-</span> 
     </span>
    </p>
   </div>
   <div class='ocr_carea' id='block_1_41' title="bbox 538 3692 893 3746">
    <p class='ocr_par' dir='ltr' id='par_1_41' title="bbox 538 3692 893 3746">
     <span class='ocr_line' id='line_1_41' title="bbox 538 3692 893 3746; baseline -0.008 0"><span class='ocrx_word' id='word_1_244' title='bbox 538 3692 893 3746; x_wconf 82' lang='lat' dir='ltr'>beratorem.</span> 
     </span>
    </p>
   </div>
   <div class='ocr_carea' id='block_1_42' title="bbox 611 3779 2186 3847">
    <p class='ocr_par' dir='ltr' id='par_1_42' title="bbox 611 3779 2186 3847">
     <span class='ocr_line' id='line_1_42' title="bbox 611 3779 2186 3847; baseline 0.003 -14"><span class='ocrx_word' id='word_1_245' title='bbox 611 3779 778 3836; x_wconf 89' lang='lat' dir='ltr'>Vers.</span> <span class='ocrx_word' id='word_1_246' title='bbox 816 3783 903 3836; x_wconf 93' lang='lat'>30.</span> <span class='ocrx_word' id='word_1_247' title='bbox 939 3780 1089 3847; x_wconf 81' lang='lat' dir='ltr'>Quia</span> <span class='ocrx_word' id='word_1_248' title='bbox 1115 3780 1386 3836; x_wconf 78' lang='lat' dir='ltr'>viderunt</span> <span class='ocrx_word' id='word_1_249' title='bbox 1407 3811 1475 3822; x_wconf 89' lang='lat'>——</span> <span class='ocrx_word' id='word_1_250' title='bbox 1503 3783 1770 3837; x_wconf 85' lang='lat' dir='ltr'>salutare</span> <span class='ocrx_word' id='word_1_251' title='bbox 1792 3787 1973 3838; x_wconf 82' lang='lat' dir='ltr'>tuum.</span> <span class='ocrx_word' id='word_1_252' title='bbox 2021 3786 2186 3838; x_wconf 88' lang='lat' dir='ltr'>Nunc</span> 
     </span>
    </p>
   </div>
   <div class='ocr_carea' id='block_1_43' title="bbox 537 3869 2185 3942">
    <p class='ocr_par' dir='ltr' id='par_1_43' title="bbox 537 3869 2185 3942">
     <span class='ocr_line' id='line_1_43' title="bbox 537 3869 2185 3942; baseline 0.001 -17"><span class='ocrx_word' id='word_1_253' title='bbox 537 3869 772 3926; x_wconf 87' lang='lat' dir='ltr'>dimittis</span> <span class='ocrx_word' id='word_1_254' title='bbox 803 3887 919 3935; x_wconf 89' lang='lat' dir='ltr'>me,</span> <span class='ocrx_word' id='word_1_255' title='bbox 949 3870 1158 3942; x_wconf 90' lang='lat' dir='ltr'>inquit,</span> <span class='ocrx_word' id='word_1_256' title='bbox 1187 3871 1329 3940; x_wconf 88' lang='lat' dir='ltr'>quia</span> <span class='ocrx_word' id='word_1_257' title='bbox 1371 3869 1490 3925; x_wconf 92' lang='lat' dir='ltr'>vidi</span> <span class='ocrx_word' id='word_1_258' title='bbox 1512 3871 1986 3927; x_wconf 89' lang='lat' dir='ltr'>incarnationem</span> <span class='ocrx_word' id='word_1_259' title='bbox 2020 3877 2185 3927; x_wconf 90' lang='lat' dir='ltr'>tuam</span> 
     </span>
    </p>
   </div>
   <div class='ocr_carea' id='block_1_44' title="bbox 536 3958 2186 4032">
    <p class='ocr_par' dir='ltr' id='par_1_44' title="bbox 536 3958 2186 4032">
     <span class='ocr_line' id='line_1_44' title="bbox 536 3958 2186 4032; baseline 0.001 -18"><span class='ocrx_word' id='word_1_260' title='bbox 536 3958 692 4014; x_wconf 91' lang='lat' dir='ltr'>hanc</span> <span class='ocrx_word' id='word_1_261' title='bbox 720 3959 879 4014; x_wconf 90' lang='lat' dir='ltr'>enim</span> <span class='ocrx_word' id='word_1_262' title='bbox 911 3963 1085 4014; x_wconf 89' lang='lat' dir='ltr'>vocat</span> <span class='ocrx_word' id='word_1_263' title='bbox 1135 3958 1434 4028; x_wconf 83' lang='lat' dir='ltr'>Salutare,</span> <span class='ocrx_word' id='word_1_264' title='bbox 1481 3964 1683 4032; x_wconf 91' lang='lat' dir='ltr'>utpote</span> <span class='ocrx_word' id='word_1_265' title='bbox 1715 3975 1822 4032; x_wconf 91' lang='lat' dir='ltr'>pro</span> <span class='ocrx_word' id='word_1_266' title='bbox 1869 3960 2186 4016; x_wconf 90' lang='lat' dir='ltr'>hominum</span> 
     </span>
    </p>
   </div>
   <div class='ocr_carea' id='block_1_45' title="bbox 539 4048 1000 4104">
    <p class='ocr_par' dir='ltr' id='par_1_45' title="bbox 539 4048 1000 4104">
     <span class='ocr_line' id='line_1_45' title="bbox 539 4048 1000 4104; baseline -0.004 -1"><span class='ocrx_word' id='word_1_267' title='bbox 539 4048 728 4104; x_wconf 89' lang='lat' dir='ltr'>salute</span> <span class='ocrx_word' id='word_1_268' title='bbox 757 4048 1000 4104; x_wconf 87' lang='lat' dir='ltr'>factam.</span> 
     </span>
    </p>
   </div>
   <div class='ocr_carea' id='block_1_46' title="bbox 611 4136 2188 4205">
    <p class='ocr_par' dir='ltr' id='par_1_46' title="bbox 611 4136 2188 4205">
     <span class='ocr_line' id='line_1_46' title="bbox 611 4136 2188 4205; baseline 0.002 -14"><span class='ocrx_word' id='word_1_269' title='bbox 611 4137 777 4191; x_wconf 89' lang='lat' dir='ltr'>Vers.</span> <span class='ocrx_word' id='word_1_270' title='bbox 809 4137 898 4192; x_wconf 83' lang='lat'>31.</span> <span class='ocrx_word' id='word_1_271' title='bbox 955 4136 1124 4201; x_wconf 82' lang='lat' dir='ltr'>Quod</span> <span class='ocrx_word' id='word_1_272' title='bbox 1143 4137 1528 4205; x_wconf 81' lang='lat' dir='ltr'>—populum.</span> <span class='ocrx_word' id='word_1_273' title='bbox 1563 4137 1735 4203; x_wconf 89' lang='lat' dir='ltr'>Quod</span> <span class='ocrx_word' id='word_1_274' title='bbox 1767 4139 2026 4194; x_wconf 88' lang='lat' dir='ltr'>salutare</span> <span class='ocrx_word' id='word_1_275' title='bbox 2069 4140 2188 4195; x_wconf 91' lang='lat' dir='ltr'>dis-</span> 
     </span>
    </p>
   </div>
   <div class='ocr_carea' id='block_1_47' title="bbox 539 4223 2186 4298">
    <p class='ocr_par' dir='ltr' id='par_1_47' title="bbox 539 4223 2186 4298">
     <span class='ocr_line' id='line_1_47' title="bbox 539 4223 2186 4298; baseline 0.004 -18"><span class='ocrx_word' id='word_1_276' title='bbox 539 4224 789 4298; x_wconf 90' lang='lat' dir='ltr'>posuisti</span> <span class='ocrx_word' id='word_1_277' title='bbox 827 4240 1026 4279; x_wconf 89' lang='lat' dir='ltr'>coram</span> <span class='ocrx_word' id='word_1_278' title='bbox 1055 4223 1356 4289; x_wconf 89' lang='lat' dir='ltr'>omnibus,</span> <span class='ocrx_word' id='word_1_279' title='bbox 1391 4230 1454 4280; x_wconf 90' lang='lat' dir='ltr'>ut</span> <span class='ocrx_word' id='word_1_280' title='bbox 1483 4225 1766 4280; x_wconf 91' lang='lat' dir='ltr'>omnibus</span> <span class='ocrx_word' id='word_1_281' title='bbox 1797 4227 2186 4286; x_wconf 81' lang='lat' dir='ltr'>manifestum</span> 
     </span>
    </p>
   </div>
   <div class='ocr_carea' id='block_1_48' title="bbox 539 4311 2186 4386">
    <p class='ocr_par' dir='ltr' id='par_1_48' title="bbox 539 4311 2186 4386">
     <span class='ocr_line' id='line_1_48' title="bbox 539 4311 2186 4386; baseline 0.002 -18"><span class='ocrx_word' id='word_1_282' title='bbox 539 4317 716 4376; x_wconf 88' lang='lat' dir='ltr'>esset,</span> <span class='ocrx_word' id='word_1_283' title='bbox 740 4328 861 4368; x_wconf 87' lang='lat' dir='ltr'>non</span> <span class='ocrx_word' id='word_1_284' title='bbox 880 4311 1099 4368; x_wconf 69' lang='lat' dir='ltr'>Judaeis</span> <span class='ocrx_word' id='word_1_285' title='bbox 1123 4316 1369 4379; x_wconf 88' lang='lat' dir='ltr'>tantum,</span> <span class='ocrx_word' id='word_1_286' title='bbox 1390 4329 1599 4369; x_wconf 89' lang='lat' dir='ltr'>verum</span> <span class='ocrx_word' id='word_1_287' title='bbox 1627 4315 1806 4370; x_wconf 89' lang='lat' dir='ltr'>etiam</span> <span class='ocrx_word' id='word_1_288' title='bbox 1836 4314 1968 4370; x_wconf 87' lang='lat' dir='ltr'>aliis</span> <span class='ocrx_word' id='word_1_289' title='bbox 1997 4317 2186 4386; x_wconf 81' lang='lat' dir='ltr'>genti-</span> 
     </span>
    </p>
   </div>
   <div class='ocr_carea' id='block_1_49' title="bbox 538 4403 673 4459">
    <p class='ocr_par' dir='ltr' id='par_1_49' title="bbox 538 4403 673 4459">
     <span class='ocr_line' id='line_1_49' title="bbox 538 4403 673 4459; baseline -0.03 0"><span class='ocrx_word' id='word_1_290' title='bbox 538 4403 673 4459; x_wconf 91' lang='lat' dir='ltr'>bus.</span> 
     </span>
    </p>
   </div>
   <div class='ocr_carea' id='block_1_50' title="bbox 2304 558 3946 630">
    <p class='ocr_par' dir='ltr' id='par_1_50' title="bbox 2304 558 3946 630">
     <span class='ocr_line' id='line_1_50' title="bbox 2304 558 3946 630; baseline 0.001 -26"><span class='ocrx_word' id='word_1_291' title='bbox 2304 561 2570 624; x_wconf 76' lang='grc' dir='ltr'>γινώσκων</span> <span class='ocrx_word' id='word_1_292' title='bbox 2600 558 2701 627; x_wconf 85' lang='grc' dir='ltr'>γὰρ</span> <span class='ocrx_word' id='word_1_293' title='bbox 2734 560 2857 607; x_wconf 85' lang='grc' dir='ltr'>πότε</span> <span class='ocrx_word' id='word_1_294' title='bbox 2882 558 2974 616; x_wconf 80' lang='grc' dir='ltr'>τὰς</span> <span class='ocrx_word' id='word_1_295' title='bbox 3012 561 3128 629; x_wconf 88' lang='grc' dir='ltr'>περὶ</span> <span class='ocrx_word' id='word_1_296' title='bbox 3161 564 3394 626; x_wconf 76' lang='grc' dir='ltr'>Χριστοῦ</span> <span class='ocrx_word' id='word_1_297' title='bbox 3447 561 3792 630; x_wconf 72' lang='grc' dir='ltr'>προφητείας,</span> <span class='ocrx_word' id='word_1_298' title='bbox 3832 560 3946 607; x_wconf 80' lang='grc' dir='ltr'>καὶ</span> 
     </span>
    </p>
   </div>
   <div class='ocr_carea' id='block_1_51' title="bbox 2306 643 3946 717">
    <p class='ocr_par' dir='ltr' id='par_1_51' title="bbox 2306 643 3946 717">
     <span class='ocr_line' id='line_1_51' title="bbox 2306 643 3946 717; baseline 0.001 -24"><span class='ocrx_word' id='word_1_299' title='bbox 2306 644 2461 713; x_wconf 69' lang='grc' dir='ltr'>εὑρὼν</span> <span class='ocrx_word' id='word_1_300' title='bbox 2489 645 2568 694; x_wconf 82' lang='grc' dir='ltr'>ὅτι</span> <span class='ocrx_word' id='word_1_301' title='bbox 2600 649 2729 704; x_wconf 82' lang='grc' dir='ltr'>Θεὸς</span> <span class='ocrx_word' id='word_1_302' title='bbox 2769 644 2833 694; x_wconf 80' lang='grc' dir='ltr'>ὢν</span> <span class='ocrx_word' id='word_1_303' title='bbox 2865 643 3258 716; x_wconf 79' lang='grc' dir='ltr'>ἐνανθρωπῆσαι</span> <span class='ocrx_word' id='word_1_304' title='bbox 3283 645 3472 716; x_wconf 76' lang='grc' dir='ltr'>μελλει,</span> <span class='ocrx_word' id='word_1_305' title='bbox 3510 649 3633 717; x_wconf 83' lang='grc' dir='ltr'>πρὸς</span> <span class='ocrx_word' id='word_1_306' title='bbox 3659 649 3718 696; x_wconf 81' lang='grc' dir='ltr'>τὸ</span> <span class='ocrx_word' id='word_1_307' title='bbox 3757 645 3946 715; x_wconf 73' lang='grc' dir='ltr'>ὑπερ-</span> 
     </span>
    </p>
   </div>
   <div class='ocr_carea' id='block_1_52' title="bbox 2307 730 3942 806">
    <p class='ocr_par' dir='ltr' id='par_1_52' title="bbox 2307 730 3942 806">
     <span class='ocr_line' id='line_1_52' title="bbox 2307 730 3942 806; baseline 0.001 -25"><span class='ocrx_word' id='word_1_308' title='bbox 2307 734 2422 801; x_wconf 73' lang='grc' dir='ltr'>φυὲς</span> <span class='ocrx_word' id='word_1_309' title='bbox 2446 738 2533 782; x_wconf 80' lang='grc' dir='ltr'>τοῦ</span> <span class='ocrx_word' id='word_1_310' title='bbox 2572 738 2888 804; x_wconf 74' lang='grc' dir='ltr'>μυστηρίου,</span> <span class='ocrx_word' id='word_1_311' title='bbox 2924 736 2992 792; x_wconf 79' lang='grc' dir='ltr'>ὡς</span> <span class='ocrx_word' id='word_1_312' title='bbox 3023 735 3309 806; x_wconf 73' lang='grc' dir='ltr'>ἄνθρωπος,</span> <span class='ocrx_word' id='word_1_313' title='bbox 3346 733 3602 804; x_wconf 72' lang='grc' dir='ltr'>ἰλιγγίασε</span> <span class='ocrx_word' id='word_1_314' title='bbox 3644 753 3656 764; x_wconf 93' lang='grc'><strong>·</strong></span> <span class='ocrx_word' id='word_1_315' title='bbox 3695 730 3794 785; x_wconf 77' lang='grc' dir='ltr'>διὸ</span> <span class='ocrx_word' id='word_1_316' title='bbox 3829 740 3942 784; x_wconf 76' lang='grc' dir='ltr'>καὶ</span> 
     </span>
    </p>
   </div>
   <div class='ocr_carea' id='block_1_53' title="bbox 2305 816 3940 894">
    <p class='ocr_par' dir='ltr' id='par_1_53' title="bbox 2305 816 3940 894">
     <span class='ocr_line' id='line_1_53' title="bbox 2305 816 3940 894; baseline 0.001 -23"><span class='ocrx_word' id='word_1_317' title='bbox 2305 816 2659 894; x_wconf 71' lang='grc' dir='ltr'>χρησμῳδίαν</span> <span class='ocrx_word' id='word_1_318' title='bbox 2691 821 2864 873; x_wconf 58' lang='lat' dir='ltr'>ﬂagra</span> <span class='ocrx_word' id='word_1_319' title='bbox 2899 862 2914 891; x_wconf 84' lang='lat'>,</span> <span class='ocrx_word' id='word_1_320' title='bbox 2953 826 3113 874; x_wconf 83' lang='grc' dir='ltr'>εῖτουν</span> <span class='ocrx_word' id='word_1_321' title='bbox 3142 821 3400 890; x_wconf 76' lang='grc' dir='ltr'>ἀπόφασιν</span> <span class='ocrx_word' id='word_1_322' title='bbox 3423 825 3488 884; x_wconf 88' lang='grc' dir='ltr'>ὡς</span> <span class='ocrx_word' id='word_1_323' title='bbox 3506 822 3598 873; x_wconf 80' lang='grc' dir='ltr'>ούκ</span> <span class='ocrx_word' id='word_1_324' title='bbox 3629 821 3940 874; x_wconf 79' lang='grc' dir='ltr'>ἀποθανεῖ-</span> 
     </span>
    </p>
   </div>
   <div class='ocr_carea' id='block_1_54' title="bbox 2306 906 3936 985">
    <p class='ocr_par' dir='ltr' id='par_1_54' title="bbox 2306 906 3936 985">
     <span class='ocr_line' id='line_1_54' title="bbox 2306 906 3936 985; baseline 0.003 -27"><span class='ocrx_word' id='word_1_325' title='bbox 2306 928 2392 958; x_wconf 85' lang='grc' dir='ltr'>ται</span> <span class='ocrx_word' id='word_1_326' title='bbox 2424 913 2612 980; x_wconf 79' lang='grc' dir='ltr'>μέχρις</span> <span class='ocrx_word' id='word_1_327' title='bbox 2638 909 2696 959; x_wconf 78' lang='grc' dir='ltr'>ἂν</span> <span class='ocrx_word' id='word_1_328' title='bbox 2727 906 2816 984; x_wconf 45' lang='lat' dir='ltr'>id“);</span> <span class='ocrx_word' id='word_1_329' title='bbox 2847 911 3001 962; x_wconf 75' lang='grc' dir='ltr'>αὐτὸν</span> <span class='ocrx_word' id='word_1_330' title='bbox 3028 915 3112 962; x_wconf 82' lang='grc' dir='ltr'>τὸν</span> <span class='ocrx_word' id='word_1_331' title='bbox 3166 915 3395 985; x_wconf 81' lang='grc' dir='ltr'>Χριστὸν</span> <span class='ocrx_word' id='word_1_332' title='bbox 3450 919 3555 972; x_wconf 86' lang='grc' dir='ltr'>τοῖς</span> <span class='ocrx_word' id='word_1_333' title='bbox 3740 911 3936 963; x_wconf 68' lang='grc' dir='ltr'>αὐτοῦ</span> 
     </span>
    </p>
   </div>
   <div class='ocr_carea' id='block_1_55' title="bbox 2307 997 3940 1074">
    <p class='ocr_par' dir='ltr' id='par_1_55' title="bbox 2307 997 3940 1074">
     <span class='ocr_line' id='line_1_55' title="bbox 2307 997 3940 1074; baseline 0.003 -27"><span class='ocrx_word' id='word_1_334' title='bbox 2307 998 2604 1069; x_wconf 76' lang='grc' dir='ltr'>ὀφθαλμοῖς.</span> <span class='ocrx_word' id='word_1_335' title='bbox 2637 1003 2734 1050; x_wconf 82' lang='grc' dir='ltr'>Τὸν</span> <span class='ocrx_word' id='word_1_336' title='bbox 2774 1004 2999 1071; x_wconf 63' lang='grc' dir='ltr'>Χριστὸν</span> <span class='ocrx_word' id='word_1_337' title='bbox 3029 997 3087 1052; x_wconf 72' lang='grc' dir='ltr'>δὲ</span> <span class='ocrx_word' id='word_1_338' title='bbox 3116 1001 3324 1072; x_wconf 85' lang='grc' dir='ltr'>Κνρίου.</span> <span class='ocrx_word' id='word_1_339' title='bbox 3365 997 3472 1052; x_wconf 84' lang='grc' dir='ltr'>εἶπε</span> <span class='ocrx_word' id='word_1_340' title='bbox 3504 997 3597 1051; x_wconf 83' lang='grc' dir='ltr'>διὰ</span> <span class='ocrx_word' id='word_1_341' title='bbox 3645 1005 3740 1058; x_wconf 79' lang='grc' dir='ltr'>τὴν</span> <span class='ocrx_word' id='word_1_342' title='bbox 3780 1005 3940 1074; x_wconf 84' lang='grc' dir='ltr'>πρὸς</span> 
     </span>
    </p>
   </div>
   <div class='ocr_carea' id='block_1_56' title="bbox 2303 1088 3932 1162">
    <p class='ocr_par' dir='ltr' id='par_1_56' title="bbox 2303 1088 3932 1162">
     <span class='ocr_line' id='line_1_56' title="bbox 2303 1088 3932 1162; baseline 0.002 -24"><span class='ocrx_word' id='word_1_343' title='bbox 2303 1089 2388 1138; x_wconf 88' lang='grc' dir='ltr'>τὸν</span> <span class='ocrx_word' id='word_1_344' title='bbox 2421 1091 2626 1160; x_wconf 82' lang='grc' dir='ltr'>Πατέρα</span> <span class='ocrx_word' id='word_1_345' title='bbox 2672 1088 2949 1144; x_wconf 85' lang='grc' dir='ltr'>οἰκείωσιν.</span> <span class='ocrx_word' id='word_1_346' title='bbox 3003 1090 3193 1162; x_wconf 86' lang='grc' dir='ltr'>Κύριον</span> <span class='ocrx_word' id='word_1_347' title='bbox 3237 1092 3337 1162; x_wconf 83' lang='grc' dir='ltr'>γὰρ</span> <span class='ocrx_word' id='word_1_348' title='bbox 3391 1090 3502 1161; x_wconf 81' lang='lat'>(58)</span> <span class='ocrx_word' id='word_1_349' title='bbox 3544 1093 3644 1141; x_wconf 83' lang='grc' dir='ltr'>νόει</span> <span class='ocrx_word' id='word_1_350' title='bbox 3677 1093 3769 1141; x_wconf 85' lang='grc' dir='ltr'>τὸν</span> <span class='ocrx_word' id='word_1_351' title='bbox 3805 1097 3932 1142; x_wconf 79' lang='grc' dir='ltr'>Πα-</span> 
     </span>
    </p>
   </div>
   <div class='ocr_carea' id='block_1_57' title="bbox 2303 1179 2444 1248">
    <p class='ocr_par' dir='ltr' id='par_1_57' title="bbox 2303 1179 2444 1248">
     <span class='ocr_line' id='line_1_57' title="bbox 2303 1179 2444 1248; baseline -0.007 -22"><span class='ocrx_word' id='word_1_352' title='bbox 2303 1179 2444 1248; x_wconf 86' lang='grc' dir='ltr'>τέρα.</span> 
     </span>
    </p>
   </div>
   <div class='ocr_carea' id='block_1_58' title="bbox 2374 1264 3929 1341">
    <p class='ocr_par' dir='ltr' id='par_1_58' title="bbox 2374 1264 3929 1341">
     <span class='ocr_line' id='line_1_58' title="bbox 2374 1264 3929 1341; baseline 0.001 -22"><span class='ocrx_word' id='word_1_353' title='bbox 2374 1264 2564 1339; x_wconf 74' lang='grc' dir='ltr'>[Εὗρον</span> <span class='ocrx_word' id='word_1_354' title='bbox 2596 1266 2709 1337; x_wconf 83' lang='grc'>(59)</span> <span class='ocrx_word' id='word_1_355' title='bbox 2737 1265 2880 1338; x_wconf 80' lang='grc' dir='ltr'>κάγὼ</span> <span class='ocrx_word' id='word_1_356' title='bbox 2911 1269 2960 1319; x_wconf 85' lang='grc' dir='ltr'>ἔν</span> <span class='ocrx_word' id='word_1_357' title='bbox 2990 1287 3101 1320; x_wconf 87' lang='grc' dir='ltr'>τισι</span> <span class='ocrx_word' id='word_1_358' title='bbox 3131 1276 3229 1319; x_wconf 84' lang='grc' dir='ltr'>τῶν</span> <span class='ocrx_word' id='word_1_359' title='bbox 3263 1268 3376 1339; x_wconf 88' lang='grc'>(60)</span> <span class='ocrx_word' id='word_1_360' title='bbox 3418 1267 3745 1341; x_wconf 75' lang='grc' dir='ltr'>ἀντιγράφων</span> <span class='ocrx_word' id='word_1_361' title='bbox 3790 1274 3929 1341; x_wconf 85' lang='grc' dir='ltr'>περὶ</span> 
     </span>
    </p>
   </div>
   <div class='ocr_carea' id='block_1_59' title="bbox 2302 1351 3926 1430">
    <p class='ocr_par' dir='ltr' id='par_1_59' title="bbox 2302 1351 3926 1430">
     <span class='ocr_line' id='line_1_59' title="bbox 2302 1351 3926 1430; baseline 0.002 -26"><span class='ocrx_word' id='word_1_362' title='bbox 2302 1361 2392 1405; x_wconf 79' lang='grc' dir='ltr'>τοῦ</span> <span class='ocrx_word' id='word_1_363' title='bbox 2434 1351 2642 1407; x_wconf 80' lang='grc' dir='ltr'>δικαίου</span> <span class='ocrx_word' id='word_1_364' title='bbox 2686 1359 2872 1408; x_wconf 84' lang='grc' dir='ltr'>τούτου</span> <span class='ocrx_word' id='word_1_365' title='bbox 2927 1353 3134 1429; x_wconf 73' lang='grc' dir='ltr'>ἀνδρὸς,</span> <span class='ocrx_word' id='word_1_366' title='bbox 3171 1361 3234 1418; x_wconf 87' lang='grc' dir='ltr'>ὡς</span> <span class='ocrx_word' id='word_1_367' title='bbox 3287 1357 3340 1409; x_wconf 80' lang='grc' dir='ltr'>ἐκ</span> <span class='ocrx_word' id='word_1_368' title='bbox 3370 1367 3469 1410; x_wconf 82' lang='grc' dir='ltr'>τῶν</span> <span class='ocrx_word' id='word_1_369' title='bbox 3537 1355 3926 1430; x_wconf 75' lang='grc' dir='ltr'>ἐϐδομήκοντα</span> 
     </span>
    </p>
   </div>
   <div class='ocr_carea' id='block_1_60' title="bbox 2301 1443 3922 1520">
    <p class='ocr_par' dir='ltr' id='par_1_60' title="bbox 2301 1443 3922 1520">
     <span class='ocr_line' id='line_1_60' title="bbox 2301 1443 3922 1520; baseline 0.004 -27"><span class='ocrx_word' id='word_1_370' title='bbox 2301 1444 2620 1517; x_wconf 82' lang='grc' dir='ltr'>ἓρμηνευτὼν</span> <span class='ocrx_word' id='word_1_371' title='bbox 2653 1453 2750 1496; x_wconf 82' lang='grc' dir='ltr'>τῶν</span> <span class='ocrx_word' id='word_1_372' title='bbox 2802 1444 3049 1517; x_wconf 77' lang='grc' dir='ltr'>Ἐϐραίων</span> <span class='ocrx_word' id='word_1_373' title='bbox 3097 1443 3159 1504; x_wconf 76' lang='grc' dir='ltr'>ἦν</span> <span class='ocrx_word' id='word_1_374' title='bbox 3191 1446 3239 1498; x_wconf 76' lang='grc' dir='ltr'>ἐν</span> <span class='ocrx_word' id='word_1_375' title='bbox 3287 1454 3399 1507; x_wconf 86' lang='grc' dir='ltr'>ταῖς</span> <span class='ocrx_word' id='word_1_376' title='bbox 3439 1449 3653 1520; x_wconf 69' lang='grc' dir='ltr'>ἡμέραις</span> <span class='ocrx_word' id='word_1_377' title='bbox 3705 1447 3922 1500; x_wconf 77' lang='grc' dir='ltr'>Πτολε-</span> 
     </span>
    </p>
   </div>
   <div class='ocr_carea' id='block_1_61' title="bbox 2301 1530 3924 1608">
    <p class='ocr_par' dir='ltr' id='par_1_61' title="bbox 2301 1530 3924 1608">
     <span class='ocr_line' id='line_1_61' title="bbox 2301 1530 3924 1608; baseline 0.003 -27"><span class='ocrx_word' id='word_1_378' title='bbox 2301 1537 2457 1602; x_wconf 88' lang='grc' dir='ltr'>μαίου</span> <span class='ocrx_word' id='word_1_379' title='bbox 2498 1540 2586 1584; x_wconf 76' lang='grc' dir='ltr'>τοῦ</span> <span class='ocrx_word' id='word_1_380' title='bbox 2639 1530 2977 1597; x_wconf 66' lang='grc' dir='ltr'>Φιλαδέλφου.</span> <span class='ocrx_word' id='word_1_381' title='bbox 3035 1536 3502 1606; x_wconf 84' lang='grc' dir='ltr'>Μεθερμηνεύοντες</span> <span class='ocrx_word' id='word_1_382' title='bbox 3553 1537 3653 1608; x_wconf 80' lang='grc' dir='ltr'>γὰρ</span> <span class='ocrx_word' id='word_1_383' title='bbox 3717 1534 3924 1586; x_wconf 79' lang='grc' dir='ltr'>ἐκεῖνοι</span> 
     </span>
    </p>
   </div>
   <div class='ocr_carea' id='block_1_62' title="bbox 2303 1622 3917 1697">
    <p class='ocr_par' dir='ltr' id='par_1_62' title="bbox 2303 1622 3917 1697">
     <span class='ocr_line' id='line_1_62' title="bbox 2303 1622 3917 1697; baseline 0.002 -26"><span class='ocrx_word' id='word_1_384' title='bbox 2303 1625 2484 1681; x_wconf 76' lang='grc' dir='ltr'>παντες</span> <span class='ocrx_word' id='word_1_385' title='bbox 2537 1627 2629 1680; x_wconf 80' lang='grc' dir='ltr'>τὴν</span> <span class='ocrx_word' id='word_1_386' title='bbox 2677 1622 2964 1697; x_wconf 81' lang='grc' dir='ltr'>προρῥησιν</span> <span class='ocrx_word' id='word_1_387' title='bbox 3017 1624 3236 1676; x_wconf 80' lang='grc' dir='ltr'>Ἠσαίου</span> <span class='ocrx_word' id='word_1_388' title='bbox 3293 1631 3386 1677; x_wconf 80' lang='grc' dir='ltr'>τοῦ</span> <span class='ocrx_word' id='word_1_389' title='bbox 3435 1629 3725 1697; x_wconf 75' lang='grc' dir='ltr'>προφήτου,</span> <span class='ocrx_word' id='word_1_390' title='bbox 3781 1628 3854 1675; x_wconf 79' lang='grc' dir='ltr'>τὸ</span> <span class='ocrx_word' id='word_1_391' title='bbox 3905 1646 3917 1656; x_wconf 90' lang='grc'><strong>·</strong></span> 
     </span>
    </p>
   </div>
   <div class='ocr_carea' id='block_1_63' title="bbox 2301 1708 3919 1785">
    <p class='ocr_par' dir='ltr' id='par_1_63' title="bbox 2301 1708 3919 1785">
     <span class='ocr_line' id='line_1_63' title="bbox 2301 1708 3919 1785; baseline 0 -22"><span class='ocrx_word' id='word_1_392' title='bbox 2301 1708 2463 1774; x_wconf 66' lang='grc' dir='ltr'>Ἰδού,</span> <span class='ocrx_word' id='word_1_393' title='bbox 2520 1711 2549 1769; x_wconf 84' lang='grc' dir='ltr'><em>ὴ</em></span> <span class='ocrx_word' id='word_1_394' title='bbox 2611 1713 2860 1783; x_wconf 82' lang='grc' dir='ltr'>παρθένος</span> <span class='ocrx_word' id='word_1_395' title='bbox 2909 1711 2956 1763; x_wconf 82' lang='grc' dir='ltr'>ἐν</span> <span class='ocrx_word' id='word_1_396' title='bbox 3001 1718 3194 1785; x_wconf 86' lang='grc' dir='ltr'>γαστρὶ</span> <span class='ocrx_word' id='word_1_397' title='bbox 3239 1713 3337 1774; x_wconf 81' lang='grc' dir='ltr'>ἕξει</span> <span class='ocrx_word' id='word_1_398' title='bbox 3393 1731 3406 1742; x_wconf 83' lang='lat'><strong>&#39;</strong></span> <span class='ocrx_word' id='word_1_399' title='bbox 3453 1720 3603 1764; x_wconf 73' lang='grc' dir='ltr'>τοῦτο</span> <span class='ocrx_word' id='word_1_400' title='bbox 3665 1717 3836 1784; x_wconf 74' lang='grc' dir='ltr'>μόνος</span> <span class='ocrx_word' id='word_1_401' title='bbox 3891 1714 3919 1763; x_wconf 88' lang='grc' dir='ltr'><strong><em>ὁ</em></strong></span> 
     </span>
    </p>
   </div>
   <div class='ocr_carea' id='block_1_64' title="bbox 3740 1800 3917 1854">
    <p class='ocr_par' dir='ltr' id='par_1_64' title="bbox 3740 1800 3917 1854">
     <span class='ocr_line' id='line_1_64' title="bbox 3740 1800 3917 1854; baseline 0.011 -2"><span class='ocrx_word' id='word_1_402' title='bbox 3740 1800 3917 1854; x_wconf 81' lang='grc' dir='ltr'>ἐκεῖνο</span> 
     </span>
    </p>
   </div>
   <div class='ocr_carea' id='block_1_65' title="bbox 2301 1887 3920 1965">
    <p class='ocr_par' dir='ltr' id='par_1_65' title="bbox 2301 1887 3920 1965">
     <span class='ocr_line' id='line_1_65' title="bbox 2301 1887 3920 1965; baseline 0.001 -23"><span class='ocrx_word' id='word_1_403' title='bbox 2301 1892 2689 1965; x_wconf 75' lang='grc' dir='ltr'>χρηματισθεὶς</span> <span class='ocrx_word' id='word_1_404' title='bbox 2719 1891 2816 1941; x_wconf 78' lang='grc' dir='ltr'>ὑπὸ</span> <span class='ocrx_word' id='word_1_405' title='bbox 2851 1892 2986 1942; x_wconf 80' lang='grc' dir='ltr'>θείου</span> <span class='ocrx_word' id='word_1_406' title='bbox 3018 1891 3258 1962; x_wconf 70' lang='grc' dir='ltr'>ἀγγέλου,</span> <span class='ocrx_word' id='word_1_407' title='bbox 3283 1895 3355 1963; x_wconf 74' lang='grc' dir='ltr'>μὴ</span> <span class='ocrx_word' id='word_1_408' title='bbox 3388 1887 3516 1943; x_wconf 78' lang='grc' dir='ltr'>ἰδεῖν</span> <span class='ocrx_word' id='word_1_409' title='bbox 3550 1892 3789 1956; x_wconf 75' lang='grc' dir='ltr'>θάνατον,</span> <span class='ocrx_word' id='word_1_410' title='bbox 3815 1892 3920 1951; x_wconf 79' lang='grc' dir='ltr'>ἕως</span> 
     </span>
    </p>
   </div>
   <div class='ocr_carea' id='block_1_66' title="bbox 2299 1976 3914 2054">
    <p class='ocr_par' dir='ltr' id='par_1_66' title="bbox 2299 1976 3914 2054">
     <span class='ocr_line' id='line_1_66' title="bbox 2299 1976 3914 2054; baseline 0.002 -25"><span class='ocrx_word' id='word_1_411' title='bbox 2299 1978 2358 2029; x_wconf 80' lang='grc' dir='ltr'>ἂν</span> <span class='ocrx_word' id='word_1_412' title='bbox 2385 1983 2474 2030; x_wconf 78' lang='grc' dir='ltr'>τύν</span> <span class='ocrx_word' id='word_1_413' title='bbox 2506 1982 2736 2051; x_wconf 85' lang='grc' dir='ltr'>Χριστὸν</span> <span class='ocrx_word' id='word_1_414' title='bbox 2792 1980 2986 2054; x_wconf 82' lang='grc' dir='ltr'>Κυρίου</span> <span class='ocrx_word' id='word_1_415' title='bbox 3037 1976 3252 2041; x_wconf 75' lang='grc' dir='ltr'>δέξηται</span> <span class='ocrx_word' id='word_1_416' title='bbox 3316 1979 3364 2030; x_wconf 82' lang='grc' dir='ltr'>ἐν</span> <span class='ocrx_word' id='word_1_417' title='bbox 3395 1988 3510 2040; x_wconf 87' lang='grc' dir='ltr'>ταῖς</span> <span class='ocrx_word' id='word_1_418' title='bbox 3537 1981 3722 2031; x_wconf 72' lang='grc' dir='ltr'>ἑαυτοῦ</span> <span class='ocrx_word' id='word_1_419' title='bbox 3773 1999 3914 2054; x_wconf 79' lang='grc' dir='ltr'>χερ-</span> 
     </span>
    </p>
   </div>
   <div class='ocr_carea' id='block_1_67' title="bbox 2303 2069 2432 2142">
    <p class='ocr_par' dir='ltr' id='par_1_67' title="bbox 2303 2069 2432 2142">
     <span class='ocr_line' id='line_1_67' title="bbox 2303 2069 2432 2142; baseline -0.016 -21"><span class='ocrx_word' id='word_1_420' title='bbox 2303 2069 2432 2142; x_wconf 84' lang='grc' dir='ltr'>σίν.]</span> 
     </span>
    </p>
   </div>
   <div class='ocr_carea' id='block_1_68' title="bbox 2371 2155 3918 2232">
    <p class='ocr_par' dir='ltr' id='par_1_68' title="bbox 2371 2155 3918 2232">
     <span class='ocr_line' id='line_1_68' title="bbox 2371 2155 3918 2232; baseline -0.001 -20"><span class='ocrx_word' id='word_1_421' title='bbox 2371 2159 2472 2212; x_wconf 86' lang='grc' dir='ltr'>Καὶ</span> <span class='ocrx_word' id='word_1_422' title='bbox 2539 2155 2685 2216; x_wconf 75' lang='grc' dir='ltr'>ἦλθεν</span> <span class='ocrx_word' id='word_1_423' title='bbox 2747 2189 2814 2197; x_wconf 90' lang='grc'><strong>-</strong></span> <span class='ocrx_word' id='word_1_424' title='bbox 2865 2159 3017 2232; x_wconf 83' lang='grc' dir='ltr'>ἱερὸν.</span> <span class='ocrx_word' id='word_1_425' title='bbox 3065 2165 3147 2228; x_wconf 85' lang='grc' dir='ltr'>Τῷ</span> <span class='ocrx_word' id='word_1_426' title='bbox 3190 2160 3450 2230; x_wconf 86' lang='grc' dir='ltr'>[[νεύματι</span> <span class='ocrx_word' id='word_1_427' title='bbox 3512 2166 3585 2228; x_wconf 86' lang='grc' dir='ltr'>τῷ</span> <span class='ocrx_word' id='word_1_428' title='bbox 3638 2157 3772 2229; x_wconf 80' lang='grc' dir='ltr'>ἁγίῳ</span> <span class='ocrx_word' id='word_1_429' title='bbox 3828 2177 3918 2210; x_wconf 85' lang='grc' dir='ltr'>κι-</span> 
     </span>
    </p>
   </div>
   <div class='ocr_carea' id='block_1_69' title="bbox 2299 2250 2486 2307">
    <p class='ocr_par' dir='ltr' id='par_1_69' title="bbox 2299 2250 2486 2307">
     <span class='ocr_line' id='line_1_69' title="bbox 2299 2250 2486 2307; baseline 0.005 -9"><span class='ocrx_word' id='word_1_430' title='bbox 2299 2268 2358 2306; x_wconf 85' lang='grc' dir='ltr'>νη</span> <span class='ocrx_word' id='word_1_431' title='bbox 2369 2250 2486 2307; x_wconf 85' lang='grc' dir='ltr'>θείς.</span> 
     </span>
    </p>
   </div>
   <div class='ocr_carea' id='block_1_70' title="bbox 2372 2334 3914 2411">
    <p class='ocr_par' dir='ltr' id='par_1_70' title="bbox 2372 2334 3914 2411">
     <span class='ocr_line' id='line_1_70' title="bbox 2372 2334 3914 2411; baseline -0.001 -20"><span class='ocrx_word' id='word_1_432' title='bbox 2372 2338 2474 2391; x_wconf 83' lang='grc' dir='ltr'>Καὶ</span> <span class='ocrx_word' id='word_1_433' title='bbox 2495 2336 2542 2388; x_wconf 87' lang='grc' dir='ltr'>ἐν</span> <span class='ocrx_word' id='word_1_434' title='bbox 2569 2368 2632 2376; x_wconf 89' lang='grc'><strong>-</strong></span> <span class='ocrx_word' id='word_1_435' title='bbox 2661 2337 2839 2389; x_wconf 74' lang='grc' dir='ltr'>αὐτοῦ.</span> <span class='ocrx_word' id='word_1_436' title='bbox 2869 2341 3054 2410; x_wconf 76' lang='grc' dir='ltr'>Διέγνω</span> <span class='ocrx_word' id='word_1_437' title='bbox 3084 2339 3186 2410; x_wconf 76' lang='grc' dir='ltr'>γὰρ</span> <span class='ocrx_word' id='word_1_438' title='bbox 3231 2339 3356 2389; x_wconf 87' lang='grc' dir='ltr'>αύτό</span> <span class='ocrx_word' id='word_1_439' title='bbox 3386 2339 3620 2411; x_wconf 83' lang='grc' dir='ltr'>παρευθύ</span> <span class='ocrx_word' id='word_1_440' title='bbox 3645 2345 3758 2398; x_wconf 84' lang='grc' dir='ltr'>τοῖς</span> <span class='ocrx_word' id='word_1_441' title='bbox 3794 2334 3914 2390; x_wconf 78' lang='grc' dir='ltr'>διο-</span> 
     </span>
    </p>
   </div>
   <div class='ocr_carea' id='block_1_71' title="bbox 2301 2425 2852 2500">
    <p class='ocr_par' dir='ltr' id='par_1_71' title="bbox 2301 2425 2852 2500">
     <span class='ocr_line' id='line_1_71' title="bbox 2301 2425 2852 2500; baseline 0.005 -22"><span class='ocrx_word' id='word_1_442' title='bbox 2301 2433 2532 2500; x_wconf 80' lang='grc' dir='ltr'>ρατικοῖς</span> <span class='ocrx_word' id='word_1_443' title='bbox 2553 2425 2852 2498; x_wconf 77' lang='grc' dir='ltr'>ὀφθαλμοῖς.</span> 
     </span>
    </p>
   </div>
   <div class='ocr_carea' id='block_1_72' title="bbox 2373 2514 3678 2590">
    <p class='ocr_par' dir='ltr' id='par_1_72' title="bbox 2373 2514 3678 2590">
     <span class='ocr_line' id='line_1_72' title="bbox 2373 2514 3678 2590; baseline -0.002 -20"><span class='ocrx_word' id='word_1_444' title='bbox 2373 2515 2477 2570; x_wconf 87' lang='grc' dir='ltr'>Καὶ</span> <span class='ocrx_word' id='word_1_445' title='bbox 2500 2515 2680 2587; x_wconf 86' lang='grc' dir='ltr'>εύλόγη</span> <span class='ocrx_word' id='word_1_446' title='bbox 2691 2536 2747 2569; x_wconf 88' lang='grc' dir='ltr'>σε</span> <span class='ocrx_word' id='word_1_447' title='bbox 2771 2520 2858 2568; x_wconf 85' lang='grc' dir='ltr'>τὸν</span> <span class='ocrx_word' id='word_1_448' title='bbox 2885 2521 3032 2570; x_wconf 74' lang='grc' dir='ltr'>Θεὸν.</span> <span class='ocrx_word' id='word_1_449' title='bbox 3065 2519 3162 2569; x_wconf 85' lang='grc' dir='ltr'>Τὸν</span> <span class='ocrx_word' id='word_1_450' title='bbox 3186 2514 3482 2590; x_wconf 79' lang='grc' dir='ltr'>ἒνανθρωπή</span> <span class='ocrx_word' id='word_1_451' title='bbox 3493 2534 3678 2567; x_wconf 88' lang='grc' dir='ltr'>σαντα.</span> 
     </span>
    </p>
   </div>
   <div class='ocr_carea' id='block_1_73' title="bbox 2371 2691 3895 2770">
    <p class='ocr_par' dir='ltr' id='par_1_73' title="bbox 2371 2691 3895 2770">
     <span class='ocr_line' id='line_1_73' title="bbox 2371 2691 3895 2770; baseline -0.001 -23"><span class='ocrx_word' id='word_1_452' title='bbox 2371 2695 2475 2748; x_wconf 82' lang='grc' dir='ltr'>Καὶ</span> <span class='ocrx_word' id='word_1_453' title='bbox 2497 2691 2604 2747; x_wconf 86' lang='grc' dir='ltr'>εἶπε</span> <span class='ocrx_word' id='word_1_454' title='bbox 2649 2726 2708 2732; x_wconf 89' lang='lat'><strong>-</strong></span> <span class='ocrx_word' id='word_1_455' title='bbox 2754 2693 2900 2770; x_wconf 76' lang='grc' dir='ltr'>ῥῆμα</span> <span class='ocrx_word' id='word_1_456' title='bbox 2951 2713 3066 2748; x_wconf 88' lang='grc' dir='ltr'>σου.</span> <span class='ocrx_word' id='word_1_457' title='bbox 3104 2700 3212 2746; x_wconf 80' lang='grc' dir='ltr'>Νῦν</span> <span class='ocrx_word' id='word_1_458' title='bbox 3270 2692 3510 2754; x_wconf 80' lang='grc' dir='ltr'>ἀπολύεις</span> <span class='ocrx_word' id='word_1_459' title='bbox 3558 2712 3620 2765; x_wconf 84' lang='grc' dir='ltr'>με</span> <span class='ocrx_word' id='word_1_460' title='bbox 3647 2701 3737 2746; x_wconf 74' lang='grc' dir='ltr'>τοῦ</span> <span class='ocrx_word' id='word_1_461' title='bbox 3771 2693 3895 2747; x_wconf 76' lang='grc' dir='ltr'>ϐίου</span> 
     </span>
    </p>
   </div>
   <div class='ocr_carea' id='block_1_74' title="bbox 2298 2779 3883 2857">
    <p class='ocr_par' dir='ltr' id='par_1_74' title="bbox 2298 2779 3883 2857">
     <span class='ocr_line' id='line_1_74' title="bbox 2298 2779 3883 2857; baseline -0.003 -20"><span class='ocrx_word' id='word_1_462' title='bbox 2298 2787 2520 2854; x_wconf 76' lang='grc' dir='ltr'>πάντως,</span> <span class='ocrx_word' id='word_1_463' title='bbox 2563 2787 2754 2847; x_wconf 85' lang='grc' dir='ltr'>καθὼς,</span> <span class='ocrx_word' id='word_1_464' title='bbox 2809 2785 3016 2856; x_wconf 83' lang='grc' dir='ltr'>εἴρηκάς</span> <span class='ocrx_word' id='word_1_465' title='bbox 3053 2803 3163 2856; x_wconf 84' lang='grc' dir='ltr'>μοι,</span> <span class='ocrx_word' id='word_1_466' title='bbox 3197 2782 3357 2834; x_wconf 79' lang='grc' dir='ltr'>πάλαι</span> <span class='ocrx_word' id='word_1_467' title='bbox 3407 2779 3735 2857; x_wconf 73' lang='grc' dir='ltr'>διαποροῦντι</span> <span class='ocrx_word' id='word_1_468' title='bbox 3765 2788 3883 2854; x_wconf 49' lang='lat' dir='ltr'>ﬁsci</span> 
     </span>
    </p>
   </div>
   <div class='ocr_carea' id='block_1_75' title="bbox 2298 2873 3418 2948">
    <p class='ocr_par' dir='ltr' id='par_1_75' title="bbox 2298 2873 3418 2948">
     <span class='ocr_line' id='line_1_75' title="bbox 2298 2873 3418 2948; baseline -0.002 -23"><span class='ocrx_word' id='word_1_469' title='bbox 2298 2881 2389 2925; x_wconf 80' lang='grc' dir='ltr'>τοῦ</span> <span class='ocrx_word' id='word_1_470' title='bbox 2409 2879 2703 2948; x_wconf 79' lang='grc' dir='ltr'>μυστηρίου</span> <span class='ocrx_word' id='word_1_471' title='bbox 2725 2882 2813 2933; x_wconf 81' lang='grc' dir='ltr'>τῆς</span> <span class='ocrx_word' id='word_1_472' title='bbox 2846 2882 2940 2933; x_wconf 86' lang='grc' dir='ltr'>σῆς</span> <span class='ocrx_word' id='word_1_473' title='bbox 2961 2873 3258 2946; x_wconf 81' lang='grc' dir='ltr'>ἐνανθρωπή</span> <span class='ocrx_word' id='word_1_474' title='bbox 3270 2892 3418 2933; x_wconf 87' lang='grc' dir='ltr'>σεως.</span> 
     </span>
    </p>
   </div>
   <div class='ocr_carea' id='block_1_76' title="bbox 2370 2961 3887 3034">
    <p class='ocr_par' dir='ltr' id='par_1_76' title="bbox 2370 2961 3887 3034">
     <span class='ocr_line' id='line_1_76' title="bbox 2370 2961 3887 3034; baseline -0.001 -21"><span class='ocrx_word' id='word_1_475' title='bbox 2370 2963 2456 3014; x_wconf 75' lang='grc' dir='ltr'>Ἐν</span> <span class='ocrx_word' id='word_1_476' title='bbox 2487 2967 2681 3034; x_wconf 77' lang='grc' dir='ltr'>εἰρήνῃ.</span> <span class='ocrx_word' id='word_1_477' title='bbox 2713 2963 2800 3016; x_wconf 87' lang='grc' dir='ltr'>Ἐν</span> <span class='ocrx_word' id='word_1_478' title='bbox 2833 2963 3006 3034; x_wconf 74' lang='grc' dir='ltr'>εἰρήνῃ</span> <span class='ocrx_word' id='word_1_479' title='bbox 3035 2961 3317 3033; x_wconf 83' lang='grc' dir='ltr'>λογισμῶν.</span> <span class='ocrx_word' id='word_1_480' title='bbox 3354 2968 3460 3012; x_wconf 76' lang='grc' dir='ltr'>Νῦν</span> <span class='ocrx_word' id='word_1_481' title='bbox 3493 2965 3592 3033; x_wconf 72' lang='grc' dir='ltr'>γὰρ</span> <span class='ocrx_word' id='word_1_482' title='bbox 3631 2963 3676 3012; x_wconf 85' lang='grc' dir='ltr'>οἱ</span> <span class='ocrx_word' id='word_1_483' title='bbox 3701 2963 3887 3032; x_wconf 64' lang='grc' dir='ltr'>ταράτ-</span> 
     </span>
    </p>
   </div>
   <div class='ocr_carea' id='block_1_77' title="bbox 2299 3049 3898 3125">
    <p class='ocr_par' dir='ltr' id='par_1_77' title="bbox 2299 3049 3898 3125">
     <span class='ocr_line' id='line_1_77' title="bbox 2299 3049 3898 3125; baseline -0.003 -21"><span class='ocrx_word' id='word_1_484' title='bbox 2299 3055 2468 3113; x_wconf 78' lang='grc' dir='ltr'>τοντές</span> <span class='ocrx_word' id='word_1_485' title='bbox 2495 3071 2558 3124; x_wconf 89' lang='grc' dir='ltr'>με</span> <span class='ocrx_word' id='word_1_486' title='bbox 2585 3051 2827 3124; x_wconf 87' lang='grc' dir='ltr'>λογισμοὶ</span> <span class='ocrx_word' id='word_1_487' title='bbox 2867 3057 2983 3125; x_wconf 86' lang='grc' dir='ltr'>περὶ</span> <span class='ocrx_word' id='word_1_488' title='bbox 3009 3059 3099 3112; x_wconf 80' lang='grc' dir='ltr'>τῆς</span> <span class='ocrx_word' id='word_1_489' title='bbox 3139 3053 3273 3110; x_wconf 84' lang='grc' dir='ltr'>θείας</span> <span class='ocrx_word' id='word_1_490' title='bbox 3296 3049 3726 3122; x_wconf 81' lang='grc' dir='ltr'>ἐνανθρωπῆσεως</span> <span class='ocrx_word' id='word_1_491' title='bbox 3763 3050 3898 3123; x_wconf 76' lang='grc' dir='ltr'>εἰρη-</span> 
     </span>
    </p>
   </div>
   <div class='ocr_carea' id='block_1_78' title="bbox 2219 3147 2504 3206">
    <p class='ocr_par' dir='ltr' id='par_1_78' title="bbox 2219 3147 2504 3206">
     <span class='ocr_line' id='line_1_78' title="bbox 2219 3147 2504 3206; baseline 0.007 -13"><span class='ocrx_word' id='word_1_492' title='bbox 2219 3147 2261 3206; x_wconf 74' lang='grc' dir='ltr'><strong>ρ</strong></span> <span class='ocrx_word' id='word_1_493' title='bbox 2299 3161 2380 3193; x_wconf 84' lang='grc' dir='ltr'>νευ</span> <span class='ocrx_word' id='word_1_494' title='bbox 2389 3161 2504 3196; x_wconf 89' lang='grc' dir='ltr'>σαν.</span> 
     </span>
    </p>
   </div>
   <div class='ocr_carea' id='block_1_79' title="bbox 2369 3227 3899 3305">
    <p class='ocr_par' dir='ltr' id='par_1_79' title="bbox 2369 3227 3899 3305">
     <span class='ocr_line' id='line_1_79' title="bbox 2369 3227 3899 3305; baseline -0.001 -23"><span class='ocrx_word' id='word_1_495' title='bbox 2369 3229 2457 3301; x_wconf 79' lang='grc' dir='ltr'>Ἠ,</span> <span class='ocrx_word' id='word_1_496' title='bbox 2498 3229 2582 3286; x_wconf 84' lang='grc' dir='ltr'>Ἐν</span> <span class='ocrx_word' id='word_1_497' title='bbox 2623 3231 2794 3305; x_wconf 79' lang='grc' dir='ltr'>εἰρήνη</span> <span class='ocrx_word' id='word_1_498' title='bbox 2837 3229 3072 3302; x_wconf 79' lang='grc' dir='ltr'>ἀφοϐίας,</span> <span class='ocrx_word' id='word_1_499' title='bbox 3128 3233 3315 3301; x_wconf 80' lang='grc' dir='ltr'>μηκέτι</span> <span class='ocrx_word' id='word_1_500' title='bbox 3343 3227 3652 3301; x_wconf 68' lang='grc' dir='ltr'>φοϐούμενον</span> <span class='ocrx_word' id='word_1_501' title='bbox 3682 3232 3772 3280; x_wconf 87' lang='grc' dir='ltr'>τὸν</span> <span class='ocrx_word' id='word_1_502' title='bbox 3811 3231 3899 3281; x_wconf 79' lang='grc' dir='ltr'>θοὶ-</span> 
     </span>
    </p>
   </div>
   <div class='ocr_carea' id='block_1_80' title="bbox 2298 3318 3212 3394">
    <p class='ocr_par' dir='ltr' id='par_1_80' title="bbox 2298 3318 3212 3394">
     <span class='ocr_line' id='line_1_80' title="bbox 2298 3318 3212 3394; baseline 0.002 -22"><span class='ocrx_word' id='word_1_503' title='bbox 2298 3341 2467 3388; x_wconf 88' lang='grc' dir='ltr'>νατον,</span> <span class='ocrx_word' id='word_1_504' title='bbox 2504 3318 2596 3373; x_wconf 78' lang='grc' dir='ltr'>διὰ</span> <span class='ocrx_word' id='word_1_505' title='bbox 2627 3324 2683 3372; x_wconf 86' lang='grc' dir='ltr'>τό</span> <span class='ocrx_word' id='word_1_506' title='bbox 2725 3319 2864 3394; x_wconf 80' lang='grc' dir='ltr'>βαθύ</span> <span class='ocrx_word' id='word_1_507' title='bbox 2887 3341 2986 3392; x_wconf 90' lang='grc' dir='ltr'>μου</span> <span class='ocrx_word' id='word_1_508' title='bbox 3026 3329 3212 3393; x_wconf 79' lang='grc' dir='ltr'>γῆρας.</span> 
     </span>
    </p>
   </div>
   <div class='ocr_carea' id='block_1_81' title="bbox 2370 3497 3900 3573">
    <p class='ocr_par' dir='ltr' id='par_1_81' title="bbox 2370 3497 3900 3573">
     <span class='ocr_line' id='line_1_81' title="bbox 2370 3497 3900 3573; baseline -0.002 -22"><span class='ocrx_word' id='word_1_509' title='bbox 2370 3506 2458 3563; x_wconf 84' lang='grc' dir='ltr'>Ἤ,</span> <span class='ocrx_word' id='word_1_510' title='bbox 2486 3499 2569 3554; x_wconf 85' lang='grc' dir='ltr'>Ἐν</span> <span class='ocrx_word' id='word_1_511' title='bbox 2602 3499 2775 3573; x_wconf 74' lang='grc' dir='ltr'>εἰρήνη</span> <span class='ocrx_word' id='word_1_512' title='bbox 2809 3505 3005 3573; x_wconf 77' lang='grc' dir='ltr'>χαρᾶς,</span> <span class='ocrx_word' id='word_1_513' title='bbox 3050 3502 3236 3571; x_wconf 83' lang='grc' dir='ltr'>μηκέτι</span> <span class='ocrx_word' id='word_1_514' title='bbox 3262 3497 3579 3569; x_wconf 77' lang='grc' dir='ltr'>λυπούμενον</span> <span class='ocrx_word' id='word_1_515' title='bbox 3645 3499 3775 3571; x_wconf 74' lang='grc' dir='ltr'>ὑπὲρ</span> <span class='ocrx_word' id='word_1_516' title='bbox 3803 3507 3900 3559; x_wconf 79' lang='grc' dir='ltr'>τῆς</span> 
     </span>
    </p>
   </div>
   <div class='ocr_carea' id='block_1_82' title="bbox 2298 3583 3897 3662">
    <p class='ocr_par' dir='ltr' id='par_1_82' title="bbox 2298 3583 3897 3662">
     <span class='ocr_line' id='line_1_82' title="bbox 2298 3583 3897 3662; baseline -0.001 -22"><span class='ocrx_word' id='word_1_517' title='bbox 2298 3589 2585 3662; x_wconf 84' lang='grc' dir='ltr'>ἐλευθερίας</span> <span class='ocrx_word' id='word_1_518' title='bbox 2631 3597 2721 3640; x_wconf 81' lang='grc' dir='ltr'>τού</span> <span class='ocrx_word' id='word_1_519' title='bbox 2789 3588 2987 3662; x_wconf 88' lang='grc' dir='ltr'>Ἰσραελ</span> <span class='ocrx_word' id='word_1_520' title='bbox 3039 3606 3049 3617; x_wconf 88' lang='grc'><strong>·</strong></span> <span class='ocrx_word' id='word_1_521' title='bbox 3087 3585 3224 3640; x_wconf 79' lang='grc' dir='ltr'>εἶδον</span> <span class='ocrx_word' id='word_1_522' title='bbox 3282 3591 3379 3662; x_wconf 78' lang='grc' dir='ltr'>γὰρ</span> <span class='ocrx_word' id='word_1_523' title='bbox 3413 3583 3519 3645; x_wconf 75' lang='grc' dir='ltr'>ἤδη</span> <span class='ocrx_word' id='word_1_524' title='bbox 3581 3589 3668 3638; x_wconf 82' lang='grc' dir='ltr'>τὸν</span> <span class='ocrx_word' id='word_1_525' title='bbox 3704 3586 3897 3639; x_wconf 82' lang='grc' dir='ltr'>ἐλευθε-</span> 
     </span>
    </p>
   </div>
   <div class='ocr_carea' id='block_1_83' title="bbox 2295 3684 2488 3752">
    <p class='ocr_par' dir='ltr' id='par_1_83' title="bbox 2295 3684 2488 3752">
     <span class='ocr_line' id='line_1_83' title="bbox 2295 3684 2488 3752; baseline 0.005 -24"><span class='ocrx_word' id='word_1_526' title='bbox 2295 3684 2488 3752; x_wconf 78' lang='grc' dir='ltr'>ρωτην.</span> 
     </span>
    </p>
   </div>
   <div class='ocr_carea' id='block_1_84' title="bbox 2365 3763 3893 3841">
    <p class='ocr_par' dir='ltr' id='par_1_84' title="bbox 2365 3763 3893 3841">
     <span class='ocr_line' id='line_1_84' title="bbox 2365 3763 3893 3841; baseline -0.003 -23"><span class='ocrx_word' id='word_1_527' title='bbox 2365 3766 2486 3818; x_wconf 82' lang='grc' dir='ltr'>Ὅτι</span> <span class='ocrx_word' id='word_1_528' title='bbox 2518 3763 2652 3819; x_wconf 73' lang='grc' dir='ltr'>εἶδον</span> <span class='ocrx_word' id='word_1_529' title='bbox 2680 3799 2746 3806; x_wconf 94' lang='grc'><strong><em>-</em></strong></span> <span class='ocrx_word' id='word_1_530' title='bbox 2773 3770 3028 3841; x_wconf 78' lang='grc' dir='ltr'>σωτήριόν</span> <span class='ocrx_word' id='word_1_531' title='bbox 3058 3785 3172 3821; x_wconf 89' lang='grc' dir='ltr'>σου.</span> <span class='ocrx_word' id='word_1_532' title='bbox 3197 3772 3303 3818; x_wconf 79' lang='grc' dir='ltr'>Νῦν</span> <span class='ocrx_word' id='word_1_533' title='bbox 3326 3763 3566 3824; x_wconf 74' lang='grc' dir='ltr'>ἀπολύεις</span> <span class='ocrx_word' id='word_1_534' title='bbox 3597 3782 3682 3835; x_wconf 87' lang='grc' dir='ltr'>με,</span> <span class='ocrx_word' id='word_1_535' title='bbox 3714 3767 3893 3834; x_wconf 76' lang='grc' dir='ltr'>φησὶν,</span> 
     </span>
    </p>
   </div>
   <div class='ocr_carea' id='block_1_85' title="bbox 2296 3853 3894 3931">
    <p class='ocr_par' dir='ltr' id='par_1_85' title="bbox 2296 3853 3894 3931">
     <span class='ocr_line' id='line_1_85' title="bbox 2296 3853 3894 3931; baseline -0.005 -21"><span class='ocrx_word' id='word_1_536' title='bbox 2296 3861 2375 3910; x_wconf 85' lang='grc' dir='ltr'>ὅτι</span> <span class='ocrx_word' id='word_1_537' title='bbox 2419 3857 2531 3928; x_wconf 73' lang='grc'>(62)</span> <span class='ocrx_word' id='word_1_538' title='bbox 2592 3853 2728 3910; x_wconf 70' lang='grc' dir='ltr'>εἶδον</span> <span class='ocrx_word' id='word_1_539' title='bbox 2780 3863 2872 3915; x_wconf 79' lang='grc' dir='ltr'>την</span> <span class='ocrx_word' id='word_1_540' title='bbox 2910 3855 3292 3931; x_wconf 79' lang='grc' dir='ltr'>ἑνανθρώπησίν</span> <span class='ocrx_word' id='word_1_541' title='bbox 3348 3873 3440 3905; x_wconf 89' lang='grc' dir='ltr'>σου</span> <span class='ocrx_word' id='word_1_542' title='bbox 3497 3868 3514 3885; x_wconf 84' lang='grc'>⁶</span> <span class='ocrx_word' id='word_1_543' title='bbox 3549 3855 3745 3910; x_wconf 84' lang='grc' dir='ltr'>ταύτην</span> <span class='ocrx_word' id='word_1_544' title='bbox 3797 3853 3894 3924; x_wconf 75' lang='grc' dir='ltr'>γὰρ</span> 
     </span>
    </p>
   </div>
   <div class='ocr_carea' id='block_1_86' title="bbox 2296 3943 3892 4021">
    <p class='ocr_par' dir='ltr' id='par_1_86' title="bbox 2296 3943 3892 4021">
     <span class='ocr_line' id='line_1_86' title="bbox 2296 3943 3892 4021; baseline -0.005 -23"><span class='ocrx_word' id='word_1_545' title='bbox 2296 3947 2458 4021; x_wconf 65' lang='grc' dir='ltr'>καλεῖ,</span> <span class='ocrx_word' id='word_1_546' title='bbox 2495 3952 2770 4020; x_wconf 77' lang='grc' dir='ltr'>σωτήριον,</span> <span class='ocrx_word' id='word_1_547' title='bbox 2800 3951 2863 4006; x_wconf 82' lang='grc' dir='ltr'>ὡς</span> <span class='ocrx_word' id='word_1_548' title='bbox 2893 3946 2976 3999; x_wconf 85' lang='grc' dir='ltr'><strong>ἐπὶ</strong></span> <span class='ocrx_word' id='word_1_549' title='bbox 3001 3949 3233 4017; x_wconf 82' lang='grc' dir='ltr'>σωτηρίᾳ</span> <span class='ocrx_word' id='word_1_550' title='bbox 3251 3952 3348 3995; x_wconf 85' lang='grc' dir='ltr'>τῶν</span> <span class='ocrx_word' id='word_1_551' title='bbox 3370 3943 3654 4014; x_wconf 80' lang='grc' dir='ltr'>ανθρώπων</span> <span class='ocrx_word' id='word_1_552' title='bbox 3682 3959 3892 4012; x_wconf 74' lang='grc' dir='ltr'>γεγενηο</span> 
     </span>
    </p>
   </div>
   <div class='ocr_carea' id='block_1_87' title="bbox 2297 4053 2473 4120">
    <p class='ocr_par' dir='ltr' id='par_1_87' title="bbox 2297 4053 2473 4120">
     <span class='ocr_line' id='line_1_87' title="bbox 2297 4053 2473 4120; baseline 0 -23"><span class='ocrx_word' id='word_1_553' title='bbox 2297 4053 2473 4120; x_wconf 84' lang='grc' dir='ltr'>μένην.</span> 
     </span>
    </p>
   </div>
   <div class='ocr_carea' id='block_1_88' title="bbox 2367 4119 3891 4200">
    <p class='ocr_par' dir='ltr' id='par_1_88' title="bbox 2367 4119 3891 4200">
     <span class='ocr_line' id='line_1_88' title="bbox 2367 4119 3891 4200; baseline -0.012 -14"><span class='ocrx_word' id='word_1_554' title='bbox 2367 4134 2432 4185; x_wconf 68' lang='grc' dir='ltr'>ΑΟ</span> <span class='ocrx_word' id='word_1_555' title='bbox 2461 4163 2528 4172; x_wconf 89' lang='grc'><strong><em>-</em></strong></span> <span class='ocrx_word' id='word_1_556' title='bbox 2573 4131 2726 4182; x_wconf 86' lang='grc' dir='ltr'>λαῶν.</span> <span class='ocrx_word' id='word_1_557' title='bbox 2768 4126 2932 4200; x_wconf 81' lang='grc' dir='ltr'>Ὀπερ</span> <span class='ocrx_word' id='word_1_558' title='bbox 2977 4128 3233 4197; x_wconf 78' lang='grc' dir='ltr'>σωτήριον</span> <span class='ocrx_word' id='word_1_559' title='bbox 3283 4123 3630 4194; x_wconf 81' lang='grc' dir='ltr'>ᾠκονόμησας</span> <span class='ocrx_word' id='word_1_560' title='bbox 3687 4119 3891 4170; x_wconf 78' lang='grc' dir='ltr'>ἐνώπιον</span> 
     </span>
    </p>
   </div>
   <div class='ocr_carea' id='block_1_89' title="bbox 2298 4205 3886 4288">
    <p class='ocr_par' dir='ltr' id='par_1_89' title="bbox 2298 4205 3886 4288">
     <span class='ocr_line' id='line_1_89' title="bbox 2298 4205 3886 4288; baseline -0.013 -11"><span class='ocrx_word' id='word_1_561' title='bbox 2298 4226 2520 4287; x_wconf 78' lang='grc' dir='ltr'>πάντων,</span> <span class='ocrx_word' id='word_1_562' title='bbox 2557 4222 2640 4272; x_wconf 85' lang='grc' dir='ltr'>ῖνα</span> <span class='ocrx_word' id='word_1_563' title='bbox 2681 4225 2842 4271; x_wconf 83' lang='grc' dir='ltr'>πᾶσιν</span> <span class='ocrx_word' id='word_1_564' title='bbox 2888 4218 2962 4273; x_wconf 83' lang='grc' dir='ltr'>εἴη</span> <span class='ocrx_word' id='word_1_565' title='bbox 2999 4217 3232 4288; x_wconf 76' lang='grc' dir='ltr'>φανερὸν,</span> <span class='ocrx_word' id='word_1_566' title='bbox 3272 4211 3328 4264; x_wconf 78' lang='grc' dir='ltr'>ού</span> <span class='ocrx_word' id='word_1_567' title='bbox 3379 4215 3530 4285; x_wconf 86' lang='grc' dir='ltr'>μόνον</span> <span class='ocrx_word' id='word_1_568' title='bbox 3591 4205 3886 4276; x_wconf 77' lang='grc' dir='ltr'>Ἰουδαίοις,</span> 
     </span>
    </p>
   </div>
   <div class='ocr_carea' id='block_1_90' title="bbox 2299 4307 3110 4371">
    <p class='ocr_par' dir='ltr' id='par_1_90' title="bbox 2299 4307 3110 4371">
     <span class='ocr_line' id='line_1_90' title="bbox 2299 4307 3110 4371; baseline -0.012 -3"><span class='ocrx_word' id='word_1_569' title='bbox 2299 4314 2426 4368; x_wconf 84' lang='grc' dir='ltr'>ἀλλά</span> <span class='ocrx_word' id='word_1_570' title='bbox 2454 4317 2543 4364; x_wconf 87' lang='grc' dir='ltr'>καὶ</span> <span class='ocrx_word' id='word_1_571' title='bbox 2566 4319 2674 4371; x_wconf 90' lang='grc' dir='ltr'>τοῖς</span> <span class='ocrx_word' id='word_1_572' title='bbox 2704 4309 2876 4368; x_wconf 83' lang='grc' dir='ltr'>ἄλλοις</span> <span class='ocrx_word' id='word_1_573' title='bbox 2920 4307 3110 4358; x_wconf 85' lang='grc' dir='ltr'>ἔθνεσι.</span> 
     </span>
    </p>
   </div>
   <div class='ocr_carea' id='block_1_91' title="bbox 611 4476 2190 4565">
    <p class='ocr_par' dir='ltr' id='par_1_91' title="bbox 611 4489 2188 4565">
     <span class='ocr_line' id='line_1_91' title="bbox 611 4489 2188 4565; baseline 0.004 -20"><span class='ocrx_word' id='word_1_574' title='bbox 611 4492 772 4546; x_wconf 88' lang='lat' dir='ltr'>Vers.</span> <span class='ocrx_word' id='word_1_575' title='bbox 803 4492 888 4544; x_wconf 79' lang='lat'>32.</span> <span class='ocrx_word' id='word_1_576' title='bbox 915 4490 1136 4545; x_wconf 85' lang='lat' dir='ltr'>Lumen</span> <span class='ocrx_word' id='word_1_577' title='bbox 1159 4520 1228 4528; x_wconf 93' lang='lat'>—</span> <span class='ocrx_word' id='word_1_578' title='bbox 1260 4489 1472 4546; x_wconf 83' lang='lat' dir='ltr'>Israel.</span> <span class='ocrx_word' id='word_1_579' title='bbox 1513 4494 1555 4562; x_wconf 64' lang='grc' dir='ltr'>-ι-</span> <span class='ocrx_word' id='word_1_580' title='bbox 1585 4493 1628 4548; x_wconf 91' lang='lat'>0</span> <span class='ocrx_word' id='word_1_581' title='bbox 1667 4493 1774 4565; x_wconf 90' lang='lat' dir='ltr'>qui</span> <span class='ocrx_word' id='word_1_582' title='bbox 1806 4509 1941 4548; x_wconf 92' lang='lat' dir='ltr'>vere</span> <span class='ocrx_word' id='word_1_583' title='bbox 1983 4493 2188 4552; x_wconf 91' lang='lat' dir='ltr'>lumen</span> 
     </span>
    </p>
   </div>
   <div class='ocr_carea' id='block_1_92' title="bbox 2301 4476 3879 4565">
    <p class='ocr_par' dir='ltr' id='par_1_92' title="bbox 2371 4476 3879 4565">
     <span class='ocr_line' id='line_1_92' title="bbox 2371 4476 3879 4565; baseline -0.014 -21"><span class='ocrx_word' id='word_1_584' title='bbox 2371 4499 2476 4551; x_wconf 77' lang='grc' dir='ltr'>Φῶς</span> <span class='ocrx_word' id='word_1_585' title='bbox 2551 4520 2618 4527; x_wconf 92' lang='grc'><strong><em>-</em></strong></span> <span class='ocrx_word' id='word_1_586' title='bbox 2674 4484 2906 4560; x_wconf 67' lang='grc' dir='ltr'>Ἰσραήλ.</span> <span class='ocrx_word' id='word_1_587' title='bbox 2958 4483 3096 4556; x_wconf 79' lang='grc' dir='ltr'>[Φῶς</span> <span class='ocrx_word' id='word_1_588' title='bbox 3163 4481 3296 4553; x_wconf 85' lang='grc'>(63),</span> <span class='ocrx_word' id='word_1_589' title='bbox 3366 4477 3404 4530; x_wconf 85' lang='grc' dir='ltr'><strong>ὦ</strong></span> <span class='ocrx_word' id='word_1_590' title='bbox 3469 4486 3576 4550; x_wconf 82' lang='grc' dir='ltr'>φῶς</span> <span class='ocrx_word' id='word_1_591' title='bbox 3654 4476 3879 4565; x_wconf 80' lang='grc' dir='ltr'>ἀληθινὸν</span> 
     </span>
    </p>
   </div>
   <div class='ocr_carea' id='block_1_93' title="bbox 539 4577 2188 4652">
    <p class='ocr_par' dir='ltr' id='par_1_93' title="bbox 539 4577 2188 4652">
     <span class='ocr_line' id='line_1_93' title="bbox 539 4577 2188 4652; baseline 0.001 -14"><span class='ocrx_word' id='word_1_592' title='bbox 539 4585 596 4638; x_wconf 90' lang='lat' dir='ltr'>et</span> <span class='ocrx_word' id='word_1_593' title='bbox 624 4597 706 4646; x_wconf 88' lang='lat' dir='ltr'>es,</span> <span class='ocrx_word' id='word_1_594' title='bbox 737 4585 793 4635; x_wconf 91' lang='lat' dir='ltr'>et</span> <span class='ocrx_word' id='word_1_595' title='bbox 820 4579 1053 4643; x_wconf 90' lang='lat' dir='ltr'>diceris,</span> <span class='ocrx_word' id='word_1_596' title='bbox 1087 4579 1160 4634; x_wconf 87' lang='lat' dir='ltr'>ad</span> <span class='ocrx_word' id='word_1_597' title='bbox 1186 4577 1604 4636; x_wconf 77' lang='lat' dir='ltr'>revelationem</span> <span class='ocrx_word' id='word_1_598' title='bbox 1646 4583 1925 4652; x_wconf 89' lang='lat' dir='ltr'>gentium,</span> <span class='ocrx_word' id='word_1_599' title='bbox 1970 4584 2046 4639; x_wconf 91' lang='lat' dir='ltr'>ad</span> <span class='ocrx_word' id='word_1_600' title='bbox 2080 4602 2188 4640; x_wconf 83' lang='lat' dir='ltr'>ma-</span> 
     </span>
    </p>
   </div>
   <div class='ocr_carea' id='block_1_94' title="bbox 538 4666 2190 4742">
    <p class='ocr_par' dir='ltr' id='par_1_94' title="bbox 538 4666 2190 4742">
     <span class='ocr_line' id='line_1_94' title="bbox 538 4666 2190 4742; baseline 0.001 -16"><span class='ocrx_word' id='word_1_601' title='bbox 538 4667 980 4727; x_wconf 86' lang='lat' dir='ltr'>nifestationem</span> <span class='ocrx_word' id='word_1_602' title='bbox 998 4666 1340 4732; x_wconf 82' lang='lat' dir='ltr'>affectuum,</span> <span class='ocrx_word' id='word_1_603' title='bbox 1365 4667 1444 4724; x_wconf 88' lang='lat' dir='ltr'>ad</span> <span class='ocrx_word' id='word_1_604' title='bbox 1468 4667 1934 4742; x_wconf 88' lang='lat' dir='ltr'>increpationem</span> <span class='ocrx_word' id='word_1_605' title='bbox 1961 4672 2190 4727; x_wconf 62' lang='lat' dir='ltr'>daemo-</span> 
     </span>
    </p>
   </div>
   <div class='ocr_carea' id='block_1_95' title="bbox 537 4757 2185 4829">
    <p class='ocr_par' dir='ltr' id='par_1_95' title="bbox 537 4757 2185 4829">
     <span class='ocr_line' id='line_1_95' title="bbox 537 4757 2185 4829; baseline -0.001 -12"><span class='ocrx_word' id='word_1_606' title='bbox 537 4775 684 4817; x_wconf 88' lang='lat' dir='ltr'>num</span> <span class='ocrx_word' id='word_1_607' title='bbox 710 4775 722 4812; x_wconf 86' lang='lat'>:</span> <span class='ocrx_word' id='word_1_608' title='bbox 758 4762 816 4813; x_wconf 89' lang='lat' dir='ltr'>et</span> <span class='ocrx_word' id='word_1_609' title='bbox 835 4757 1084 4826; x_wconf 84' lang='lat' dir='ltr'>gloriam</span> <span class='ocrx_word' id='word_1_610' title='bbox 1108 4757 1314 4829; x_wconf 90' lang='lat' dir='ltr'>populi</span> <span class='ocrx_word' id='word_1_611' title='bbox 1341 4758 1426 4813; x_wconf 89' lang='lat' dir='ltr'>tui</span> <span class='ocrx_word' id='word_1_612' title='bbox 1455 4759 1705 4825; x_wconf 90' lang='lat' dir='ltr'>Israelis,</span> <span class='ocrx_word' id='word_1_613' title='bbox 1730 4759 1868 4816; x_wconf 90' lang='lat' dir='ltr'>novi</span> <span class='ocrx_word' id='word_1_614' title='bbox 1891 4759 2185 4818; x_wconf 87' lang='lat' dir='ltr'>videlicet:</span> 
     </span>
    </p>
   </div>
   <div class='ocr_carea' id='block_1_96' title="bbox 609 4881 1053 4950">
    <p class='ocr_par' dir='ltr' id='par_1_96' title="bbox 609 4881 1053 4950">
     <span class='ocr_line' id='line_1_96' title="bbox 609 4881 1053 4950; baseline -0.009 -12"><span class='ocrx_word' id='word_1_615' title='bbox 609 4887 657 4923; x_wconf 69' lang='lat'>1°</span> <span class='ocrx_word' id='word_1_616' title='bbox 689 4884 802 4940; x_wconf 89' lang='lat' dir='ltr'>Isa.</span> <span class='ocrx_word' id='word_1_617' title='bbox 836 4896 934 4950; x_wconf 84' lang='lat' dir='ltr'>vn,</span> <span class='ocrx_word' id='word_1_618' title='bbox 969 4881 1053 4937; x_wconf 81' lang='grc'>14,</span> 
     </span>
    </p>
   </div>
   <div class='ocr_carea' id='block_1_97' title="bbox 2299 4564 3866 4646">
    <p class='ocr_par' dir='ltr' id='par_1_97' title="bbox 2299 4564 3866 4646">
     <span class='ocr_line' id='line_1_97' title="bbox 2299 4564 3866 4646; baseline -0.015 -12"><span class='ocrx_word' id='word_1_619' title='bbox 2299 4587 2388 4634; x_wconf 87' lang='grc' dir='ltr'>καὶ</span> <span class='ocrx_word' id='word_1_620' title='bbox 2422 4581 2474 4632; x_wconf 89' lang='grc' dir='ltr'>ὃν</span> <span class='ocrx_word' id='word_1_621' title='bbox 2505 4584 2594 4630; x_wconf 84' lang='grc' dir='ltr'>καὶ</span> <span class='ocrx_word' id='word_1_622' title='bbox 2659 4577 2968 4646; x_wconf 83' lang='grc' dir='ltr'>καλούμενον</span> <span class='ocrx_word' id='word_1_623' title='bbox 3037 4573 3172 4643; x_wconf 75' lang='grc'>(64),</span> <span class='ocrx_word' id='word_1_624' title='bbox 3214 4571 3280 4630; x_wconf 78' lang='grc' dir='ltr'>εἰς</span> <span class='ocrx_word' id='word_1_625' title='bbox 3342 4567 3664 4636; x_wconf 66' lang='grc' dir='ltr'>ἀποκάλυψιν</span> <span class='ocrx_word' id='word_1_626' title='bbox 3707 4564 3866 4627; x_wconf 75' lang='grc' dir='ltr'>ἐθνῶν,</span> 
     </span>
    </p>
   </div>
   <div class='ocr_carea' id='block_1_98' title="bbox 2301 4651 3865 4742">
    <p class='ocr_par' dir='ltr' id='par_1_98' title="bbox 2301 4651 3865 4742">
     <span class='ocr_line' id='line_1_98' title="bbox 2301 4651 3865 4742; baseline -0.013 -20"><span class='ocrx_word' id='word_1_627' title='bbox 2301 4672 2372 4733; x_wconf 84' lang='grc' dir='ltr'>εἰς</span> <span class='ocrx_word' id='word_1_628' title='bbox 2411 4672 2692 4742; x_wconf 76' lang='grc' dir='ltr'>φανέρωσιν</span> <span class='ocrx_word' id='word_1_629' title='bbox 2750 4672 2848 4716; x_wconf 76' lang='grc' dir='ltr'>τῶν</span> <span class='ocrx_word' id='word_1_630' title='bbox 2905 4664 3103 4730; x_wconf 73' lang='grc' dir='ltr'>παθῶν,</span> <span class='ocrx_word' id='word_1_631' title='bbox 3159 4661 3225 4719; x_wconf 79' lang='grc' dir='ltr'>εἰς</span> <span class='ocrx_word' id='word_1_632' title='bbox 3268 4659 3482 4730; x_wconf 62' lang='grc' dir='ltr'>ΰιεγχον</span> <span class='ocrx_word' id='word_1_633' title='bbox 3532 4666 3622 4709; x_wconf 85' lang='grc' dir='ltr'>τῶν</span> <span class='ocrx_word' id='word_1_634' title='bbox 3688 4651 3865 4725; x_wconf 71' lang='grc' dir='ltr'>δαιμο-</span> 
     </span>
    </p>
   </div>
   <div class='ocr_carea' id='block_1_99' title="bbox 2298 4748 3873 4828">
    <p class='ocr_par' dir='ltr' id='par_1_99' title="bbox 2298 4748 3873 4828">
     <span class='ocr_line' id='line_1_99' title="bbox 2298 4748 3873 4828; baseline -0.011 -15"><span class='ocrx_word' id='word_1_635' title='bbox 2298 4766 2416 4814; x_wconf 86' lang='grc' dir='ltr'>νίων</span> <span class='ocrx_word' id='word_1_636' title='bbox 2466 4757 2600 4828; x_wconf 86' lang='grc'>(65).</span> <span class='ocrx_word' id='word_1_637' title='bbox 2644 4756 2746 4810; x_wconf 88' lang='grc' dir='ltr'>Καὶ</span> <span class='ocrx_word' id='word_1_638' title='bbox 2799 4750 2954 4815; x_wconf 78' lang='grc' dir='ltr'>δόξαν</span> <span class='ocrx_word' id='word_1_639' title='bbox 3003 4750 3130 4802; x_wconf 80' lang='grc' dir='ltr'>λαοῦ</span> <span class='ocrx_word' id='word_1_640' title='bbox 3187 4768 3279 4800; x_wconf 89' lang='grc' dir='ltr'>σου</span> <span class='ocrx_word' id='word_1_641' title='bbox 3341 4748 3576 4822; x_wconf 77' lang='grc' dir='ltr'>Ἰσραὴλ,</span> <span class='ocrx_word' id='word_1_642' title='bbox 3641 4753 3729 4798; x_wconf 82' lang='grc' dir='ltr'>τού</span> <span class='ocrx_word' id='word_1_643' title='bbox 3774 4748 3873 4796; x_wconf 79' lang='grc' dir='ltr'>νέου</span> 
     </span>
    </p>
   </div>
   <div class='ocr_carea' id='block_1_100' title="bbox 1762 5035 2667 5106">
    <p class='ocr_par' dir='ltr' id='par_1_100' title="bbox 1762 5035 2667 5106">
     <span class='ocr_line' id='line_1_100' title="bbox 1762 5035 2667 5106; baseline -0.006 -2"><span class='ocrx_word' id='word_1_644' title='bbox 1762 5035 1988 5105; x_wconf 75' lang='lat' dir='ltr'>Variae</span> <span class='ocrx_word' id='word_1_645' title='bbox 2009 5037 2337 5106; x_wconf 89' lang='lat' dir='ltr'>lectiones</span> <span class='ocrx_word' id='word_1_646' title='bbox 2369 5044 2434 5104; x_wconf 92' lang='lat' dir='ltr'>et</span> <span class='ocrx_word' id='word_1_647' title='bbox 2465 5044 2667 5102; x_wconf 75' lang='lat' dir='ltr'>notae.</span> 
     </span>
    </p>
   </div>
   <div class='ocr_carea' id='block_1_101' title="bbox 632 5203 1671 5277">
    <p class='ocr_par' dir='ltr' id='par_1_101' title="bbox 632 5203 1671 5277">
     <span class='ocr_line' id='line_1_101' title="bbox 632 5203 1671 5277; baseline 0 -20"><span class='ocrx_word' id='word_1_648' title='bbox 632 5207 718 5277; x_wconf 68' lang='lat'>57)</span> <span class='ocrx_word' id='word_1_649' title='bbox 743 5211 864 5265; x_wconf 86' lang='grc' dir='ltr'>Τοῖς</span> <span class='ocrx_word' id='word_1_650' title='bbox 891 5209 984 5256; x_wconf 83' lang='grc' dir='ltr'>τοῦ</span> <span class='ocrx_word' id='word_1_651' title='bbox 1016 5207 1256 5276; x_wconf 86' lang='grc' dir='ltr'>σώματος</span> <span class='ocrx_word' id='word_1_652' title='bbox 1285 5203 1585 5277; x_wconf 77' lang='grc' dir='ltr'>ὀφθαλμοῖς.</span> <span class='ocrx_word' id='word_1_653' title='bbox 1614 5211 1671 5261; x_wconf 91' lang='lat' dir='ltr'>B.</span> 
     </span>
    </p>
   </div>
   <div class='ocr_carea' id='block_1_102' title="bbox 608 5208 1581 5350">
    <p class='ocr_par' dir='ltr' id='par_1_102' title="bbox 608 5208 1581 5350">
     <span class='ocr_line' id='line_1_102' title="bbox 632 5208 1581 5277; baseline -0.002 -17"><span class='ocrx_word' id='word_1_654' title='bbox 632 5208 718 5268; x_wconf 75' lang='lat'>57)</span> <span class='ocrx_word' id='word_1_655' title='bbox 743 5211 864 5265; x_wconf 86' lang='grc' dir='ltr'>Τοῖς</span> <span class='ocrx_word' id='word_1_656' title='bbox 891 5209 984 5256; x_wconf 83' lang='grc' dir='ltr'>τοῦ</span> <span class='ocrx_word' id='word_1_657' title='bbox 1016 5208 1256 5276; x_wconf 87' lang='grc' dir='ltr'>σώματος</span> <span class='ocrx_word' id='word_1_658' title='bbox 1285 5208 1581 5277; x_wconf 77' lang='grc' dir='ltr'>ὀφθαλμοῖς.</span> 
     </span>
     <span class='ocr_line' id='line_1_103' title="bbox 608 5208 1581 5350; baseline -0.003 -19"><span class='ocrx_word' id='word_1_659' title='bbox 608 5208 858 5350; x_wconf 64' lang='grc' dir='ltr'>(58)Γὰρ</span> <span class='ocrx_word' id='word_1_660' title='bbox 884 5283 971 5327; x_wconf 82' lang='grc' dir='ltr'>νῦν</span> <span class='ocrx_word' id='word_1_661' title='bbox 1001 5277 1088 5350; x_wconf 85' lang='grc' dir='ltr'>τὸν</span> <span class='ocrx_word' id='word_1_662' title='bbox 1129 5280 1335 5350; x_wconf 86' lang='grc' dir='ltr'>Πατέρα</span> <span class='ocrx_word' id='word_1_663' title='bbox 1370 5282 1490 5330; x_wconf 85' lang='grc' dir='ltr'>νόει.</span> <span class='ocrx_word' id='word_1_664' title='bbox 1524 5283 1581 5328; x_wconf 92' lang='grc' dir='ltr'>Β.</span> 
     </span>
    </p>
   </div>
   <div class='ocr_carea' id='block_1_103' title="bbox 611 5347 2084 5419">
    <p class='ocr_par' dir='ltr' id='par_1_103' title="bbox 611 5347 2084 5419">
     <span class='ocr_line' id='line_1_104' title="bbox 611 5347 2084 5419; baseline 0.001 -17"><span class='ocrx_word' id='word_1_665' title='bbox 611 5347 1135 5419; x_wconf 73' lang='lat' dir='ltr'>(59)&#39;-In&#39;margine,</span> <span class='ocrx_word' id='word_1_666' title='bbox 1169 5363 1206 5402; x_wconf 92' lang='lat' dir='ltr'>a</span> <span class='ocrx_word' id='word_1_667' title='bbox 1243 5347 1431 5419; x_wconf 84' lang='lat' dir='ltr'>manu</span> <span class='ocrx_word' id='word_1_668' title='bbox 1461 5363 1710 5419; x_wconf 84' lang='lat' dir='ltr'>prorsus</span> <span class='ocrx_word' id='word_1_669' title='bbox 1739 5349 1982 5406; x_wconf 88' lang='lat' dir='ltr'>recenti.</span> <span class='ocrx_word' id='word_1_670' title='bbox 2014 5349 2084 5404; x_wconf 84' lang='lat' dir='ltr'>A.</span> 
     </span>
    </p>
   </div>
   <div class='ocr_carea' id='block_1_104' title="bbox 609 5417 2195 5493">
    <p class='ocr_par' dir='ltr' id='par_1_104' title="bbox 609 5417 2195 5493">
     <span class='ocr_line' id='line_1_105' title="bbox 609 5417 2195 5493; baseline 0.001 -18"><span class='ocrx_word' id='word_1_671' title='bbox 609 5417 721 5489; x_wconf 85' lang='lat'>(60)</span> <span class='ocrx_word' id='word_1_672' title='bbox 743 5417 986 5472; x_wconf 89' lang='lat' dir='ltr'>Codices</span> <span class='ocrx_word' id='word_1_673' title='bbox 1024 5433 1184 5493; x_wconf 84' lang='lat' dir='ltr'>nunc</span> <span class='ocrx_word' id='word_1_674' title='bbox 1224 5417 1504 5493; x_wconf 83' lang='lat' dir='ltr'>appellat,</span> <span class='ocrx_word' id='word_1_675' title='bbox 1539 5418 2014 5493; x_wconf 13' lang='lat' dir='ltr'>fabulasianiles,</span> <span class='ocrx_word' id='word_1_676' title='bbox 2048 5437 2195 5493; x_wconf 91' lang='lat' dir='ltr'>qua-</span> 
     </span>
    </p>
   </div>
   <div class='ocr_carea' id='block_1_105' title="bbox 535 5489 2196 5561">
    <p class='ocr_par' dir='ltr' id='par_1_105' title="bbox 535 5489 2196 5561">
     <span class='ocr_line' id='line_1_106' title="bbox 535 5489 2196 5561; baseline 0.001 -14"><span class='ocrx_word' id='word_1_677' title='bbox 535 5507 673 5547; x_wconf 91' lang='lat' dir='ltr'>rum</span> <span class='ocrx_word' id='word_1_678' title='bbox 702 5503 987 5561; x_wconf 84' lang='lat' dir='ltr'>magnam</span> <span class='ocrx_word' id='word_1_679' title='bbox 1018 5489 1457 5561; x_wconf 85' lang='lat' dir='ltr'>multitudinem</span> <span class='ocrx_word' id='word_1_680' title='bbox 1484 5492 1540 5544; x_wconf 88' lang='lat' dir='ltr'>in</span> <span class='ocrx_word' id='word_1_681' title='bbox 1567 5492 2046 5561; x_wconf 88' lang='lat' dir='ltr'>peregrinatione</span> <span class='ocrx_word' id='word_1_682' title='bbox 2066 5489 2196 5549; x_wconf 60' lang='lat' dir='ltr'>&#39;sua</span> 
     </span>
    </p>
   </div>
   <div class='ocr_carea' id='block_1_106' title="bbox 539 5559 1649 5630">
    <p class='ocr_par' dir='ltr' id='par_1_106' title="bbox 539 5559 1649 5630">
     <span class='ocr_line' id='line_1_107' title="bbox 539 5559 1649 5630; baseline -0.003 -12"><span class='ocrx_word' id='word_1_683' title='bbox 539 5578 576 5618; x_wconf 79' lang='grc' dir='ltr'>θ.</span> <span class='ocrx_word' id='word_1_684' title='bbox 605 5559 815 5616; x_wconf 89' lang='lat' dir='ltr'>vetulis</span> <span class='ocrx_word' id='word_1_685' title='bbox 837 5559 1063 5630; x_wconf 85' lang='lat' dir='ltr'>accepit</span> <span class='ocrx_word' id='word_1_686' title='bbox 1086 5560 1321 5615; x_wconf 88' lang='lat' dir='ltr'>divinus</span> <span class='ocrx_word' id='word_1_687' title='bbox 1349 5559 1649 5630; x_wconf 80' lang='lat' dir='ltr'>Origenes.</span> 
     </span>
    </p>
   </div>
   <div class='ocr_carea' id='block_1_107' title="bbox 611 5629 2197 5717">
    <p class='ocr_par' dir='ltr' id='par_1_107' title="bbox 611 5629 2197 5717">
     <span class='ocr_line' id='line_1_108' title="bbox 611 5629 2197 5717; baseline 0.001 -32"><span class='ocrx_word' id='word_1_688' title='bbox 611 5631 730 5717; x_wconf 63' lang='grc' dir='ltr'>(ϐξ)</span> <span class='ocrx_word' id='word_1_689' title='bbox 750 5629 1054 5717; x_wconf 70' lang='lat' dir='ltr'>_Sententia</span> <span class='ocrx_word' id='word_1_690' title='bbox 1081 5631 1317 5717; x_wconf 64' lang='lat' dir='ltr'>interim</span> <span class='ocrx_word' id='word_1_691' title='bbox 1360 5633 1438 5688; x_wconf 89' lang='lat' dir='ltr'>ita</span> <span class='ocrx_word' id='word_1_692' title='bbox 1464 5629 1749 5704; x_wconf 80' lang='lat' dir='ltr'>suppleri</span> <span class='ocrx_word' id='word_1_693' title='bbox 1779 5636 1978 5705; x_wconf 79' lang='lat' dir='ltr'>potest</span> <span class='ocrx_word' id='word_1_694' title='bbox 2017 5651 2029 5690; x_wconf 90' lang='lat'><strong>:</strong></span> <span class='ocrx_word' id='word_1_695' title='bbox 2061 5633 2197 5697; x_wconf 79' lang='grc' dir='ltr'>Ἕως</span> 
     </span>
    </p>
   </div>
   <div class='ocr_carea' id='block_1_108' title="bbox 539 5699 1198 5775">
    <p class='ocr_par' dir='ltr' id='par_1_108' title="bbox 539 5699 1198 5775">
     <span class='ocr_line' id='line_1_109' title="bbox 539 5699 1198 5775; baseline -0.005 -21"><span class='ocrx_word' id='word_1_696' title='bbox 539 5699 602 5775; x_wconf 73' lang='grc' dir='ltr'>ᾖν</span> <span class='ocrx_word' id='word_1_697' title='bbox 624 5699 776 5771; x_wconf 61' lang='grc' dir='ltr'>ἀύτῷ</span> <span class='ocrx_word' id='word_1_698' title='bbox 807 5719 918 5773; x_wconf 87' lang='grc' dir='ltr'>χρη</span> <span class='ocrx_word' id='word_1_699' title='bbox 924 5702 1198 5772; x_wconf 87' lang='grc' dir='ltr'>ματισθέν.</span> 
     </span>
    </p>
   </div>
   <div class='ocr_carea' id='block_1_109' title="bbox 2399 5197 2914 5266">
    <p class='ocr_par' dir='ltr' id='par_1_109' title="bbox 2399 5197 2914 5266">
     <span class='ocr_line' id='line_1_110' title="bbox 2399 5197 2914 5266; baseline -0.004 -12"><span class='ocrx_word' id='word_1_700' title='bbox 2399 5209 2490 5266; x_wconf 85' lang='lat'>62)</span> <span class='ocrx_word' id='word_1_701' title='bbox 2528 5205 2672 5256; x_wconf 81' lang='grc' dir='ltr'>Διὸτι</span> <span class='ocrx_word' id='word_1_702' title='bbox 2691 5197 2830 5254; x_wconf 78' lang='grc' dir='ltr'>εἶδον</span> <span class='ocrx_word' id='word_1_703' title='bbox 2851 5205 2914 5253; x_wconf 80' lang='grc' dir='ltr'>Α.</span> 
     </span>
    </p>
   </div>
   <div class='ocr_carea' id='block_1_110' title="bbox 2375 5207 3888 5348">
    <p class='ocr_par' dir='ltr' id='par_1_110' title="bbox 2375 5207 3888 5348">
     <span class='ocr_line' id='line_1_111' title="bbox 2399 5207 2914 5266; baseline -0.016 -6"><span class='ocrx_word' id='word_1_704' title='bbox 2399 5209 2490 5266; x_wconf 82' lang='grc'>62)</span> <span class='ocrx_word' id='word_1_705' title='bbox 2528 5207 2672 5256; x_wconf 82' lang='grc' dir='ltr'>Διότι</span> <span class='ocrx_word' id='word_1_706' title='bbox 2691 5207 2830 5254; x_wconf 78' lang='grc' dir='ltr'>είδον</span> <span class='ocrx_word' id='word_1_707' title='bbox 2851 5207 2914 5253; x_wconf 81' lang='grc' dir='ltr'>Α.</span> 
     </span>
     <span class='ocr_line' id='line_1_112' title="bbox 2375 5207 3888 5348; baseline -0.005 -18"><span class='ocrx_word' id='word_1_708' title='bbox 2375 5207 2665 5348; x_wconf 38' lang='grc' dir='ltr'>(63)-Ηξεο</span> <span class='ocrx_word' id='word_1_709' title='bbox 2701 5269 2761 5328; x_wconf 88' lang='lat' dir='ltr'>in</span> <span class='ocrx_word' id='word_1_710' title='bbox 2802 5268 3079 5348; x_wconf 24' lang='lat' dir='ltr'>margine-</span> <span class='ocrx_word' id='word_1_711' title='bbox 3114 5267 3302 5348; x_wconf 71' lang='lat' dir='ltr'>habet</span> <span class='ocrx_word' id='word_1_712' title='bbox 3329 5268 3400 5324; x_wconf 83' lang='lat' dir='ltr'>A.</span> <span class='ocrx_word' id='word_1_713' title='bbox 3449 5267 3647 5348; x_wconf 71' lang='lat' dir='ltr'>Codex</span> <span class='ocrx_word' id='word_1_714' title='bbox 3684 5268 3746 5348; x_wconf 51' lang='grc' dir='ltr'>ᾖ,</span> <span class='ocrx_word' id='word_1_715' title='bbox 3787 5267 3888 5348; x_wconf 83' lang='lat' dir='ltr'>_ha-</span> 
     </span>
    </p>
   </div>
   <div class='ocr_carea' id='block_1_111' title="bbox 2301 5338 3886 5416">
    <p class='ocr_par' dir='ltr' id='par_1_111' title="bbox 2301 5338 3886 5416">
     <span class='ocr_line' id='line_1_113' title="bbox 2301 5338 3886 5416; baseline -0.009 -10"><span class='ocrx_word' id='word_1_716' title='bbox 2301 5338 2405 5406; x_wconf 79' lang='lat' dir='ltr'>bet</span> <span class='ocrx_word' id='word_1_717' title='bbox 2433 5338 2696 5413; x_wconf 83' lang='lat' dir='ltr'>inferius,</span> <span class='ocrx_word' id='word_1_718' title='bbox 2729 5348 2864 5416; x_wconf 84' lang='lat' dir='ltr'>post</span> <span class='ocrx_word' id='word_1_719' title='bbox 2891 5338 3253 5416; x_wconf 66' lang='lat' dir='ltr'>xaEmEtmsv,_</span> <span class='ocrx_word' id='word_1_720' title='bbox 3289 5339 3411 5416; x_wconf 80' lang='lat' dir='ltr'>hoc</span> <span class='ocrx_word' id='word_1_721' title='bbox 3444 5338 3652 5416; x_wconf 74' lang='lat' dir='ltr'>modo.</span> <span class='ocrx_word' id='word_1_722' title='bbox 3684 5341 3886 5416; x_wconf 78' lang='grc' dir='ltr'>Ἑτέρως</span> 
     </span>
    </p>
   </div>
   <div class='ocr_carea' id='block_1_112' title="bbox 2305 5409 3887 5490">
    <p class='ocr_par' dir='ltr' id='par_1_112' title="bbox 2305 5409 3887 5490">
     <span class='ocr_line' id='line_1_114' title="bbox 2305 5409 3887 5490; baseline 0.011 -31"><span class='ocrx_word' id='word_1_723' title='bbox 2305 5417 2383 5486; x_wconf 53' lang='grc' dir='ltr'>δὲ,</span> <span class='ocrx_word' id='word_1_724' title='bbox 2427 5425 2546 5490; x_wconf 74' lang='grc' dir='ltr'>φῶς,</span> <span class='ocrx_word' id='word_1_725' title='bbox 2577 5438 2615 5467; x_wconf 92' lang='grc' dir='ltr'><em>ω</em></span> <span class='ocrx_word' id='word_1_726' title='bbox 2645 5409 2750 5486; x_wconf 44' lang='lat' dir='ltr'>sane</span> <span class='ocrx_word' id='word_1_727' title='bbox 2779 5413 3036 5472; x_wconf 75' lang='grc' dir='ltr'>ἀληθινόν.</span> <span class='ocrx_word' id='word_1_728' title='bbox 3076 5415 3183 5467; x_wconf 86' lang='lat' dir='ltr'>Pro</span> <span class='ocrx_word' id='word_1_729' title='bbox 3223 5409 3281 5476; x_wconf 84' lang='grc' dir='ltr'>ὦ,</span> <span class='ocrx_word' id='word_1_730' title='bbox 3322 5412 3562 5468; x_wconf 77' lang='lat' dir='ltr'>exhibet</span> <span class='ocrx_word' id='word_1_731' title='bbox 3597 5414 3644 5465; x_wconf 82' lang='grc' dir='ltr'>Α</span> <span class='ocrx_word' id='word_1_732' title='bbox 3674 5415 3756 5476; x_wconf 71' lang='grc' dir='ltr'>ὡς,</span> <span class='ocrx_word' id='word_1_733' title='bbox 3789 5409 3887 5483; x_wconf 72' lang='lat' dir='ltr'>pro</span> 
     </span>
    </p>
   </div>
   <div class='ocr_carea' id='block_1_113' title="bbox 2305 5491 2711 5545">
    <p class='ocr_par' dir='ltr' id='par_1_113' title="bbox 2305 5491 2711 5545">
     <span class='ocr_line' id='line_1_115' title="bbox 2305 5491 2711 5545; baseline -0.012 0"><span class='ocrx_word' id='word_1_734' title='bbox 2305 5491 2358 5545; x_wconf 84' lang='grc' dir='ltr'>ὃν</span> <span class='ocrx_word' id='word_1_735' title='bbox 2385 5495 2579 5545; x_wconf 89' lang='lat' dir='ltr'>autem</span> <span class='ocrx_word' id='word_1_736' title='bbox 2622 5491 2711 5540; x_wconf 82' lang='grc' dir='ltr'>ὧν.</span> 
     </span>
    </p>
   </div>
   <div class='ocr_carea' id='block_1_114' title="bbox 2378 5553 3886 5634">
    <p class='ocr_par' dir='ltr' id='par_1_114' title="bbox 2378 5553 3886 5634">
     <span class='ocr_line' id='line_1_116' title="bbox 2378 5553 3886 5634; baseline -0.004 -18"><span class='ocrx_word' id='word_1_737' title='bbox 2378 5561 2489 5634; x_wconf 81' lang='grc'>(64)</span> <span class='ocrx_word' id='word_1_738' title='bbox 2531 5557 2841 5634; x_wconf 80' lang='grc' dir='ltr'>Καλούμενε.</span> <span class='ocrx_word' id='word_1_739' title='bbox 2880 5557 2956 5634; x_wconf 80' lang='lat' dir='ltr'>_B.</span> <span class='ocrx_word' id='word_1_740' title='bbox 3003 5554 3117 5634; x_wconf 48' lang='lat' dir='ltr'>Sgd</span> <span class='ocrx_word' id='word_1_741' title='bbox 3147 5554 3290 5634; x_wconf 50' lang='grc' dir='ltr'>ζιορ,</span> <span class='ocrx_word' id='word_1_742' title='bbox 3341 5554 3594 5612; x_wconf 88' lang='lat' dir='ltr'>relatum</span> <span class='ocrx_word' id='word_1_743' title='bbox 3634 5555 3713 5611; x_wconf 88' lang='lat' dir='ltr'>ad</span> <span class='ocrx_word' id='word_1_744' title='bbox 3733 5553 3886 5611; x_wconf 90' lang='lat' dir='ltr'>Chri-</span> 
     </span>
    </p>
   </div>
   <div class='ocr_carea' id='block_1_115' title="bbox 2307 5625 3264 5702">
    <p class='ocr_par' dir='ltr' id='par_1_115' title="bbox 2307 5625 3264 5702">
     <span class='ocr_line' id='line_1_117' title="bbox 2307 5625 3264 5702; baseline -0.009 -13"><span class='ocrx_word' id='word_1_745' title='bbox 2307 5625 2486 5697; x_wconf 73' lang='lat' dir='ltr'>sttim,</span> <span class='ocrx_word' id='word_1_746' title='bbox 2528 5625 2789 5702; x_wconf 88' lang='lat' dir='ltr'>postulat</span> <span class='ocrx_word' id='word_1_747' title='bbox 2820 5627 2998 5702; x_wconf 81' lang='lat' dir='ltr'>etiam</span> <span class='ocrx_word' id='word_1_748' title='bbox 3039 5625 3264 5684; x_wconf 79' lang='grc' dir='ltr'>ἁληθινέ.</span> 
     </span>
    </p>
   </div>
   <div class='ocr_carea' id='block_1_116' title="bbox 2379 5699 2912 5776">
    <p class='ocr_par' dir='ltr' id='par_1_116' title="bbox 2379 5699 2912 5776">
     <span class='ocr_line' id='line_1_118' title="bbox 2379 5699 2912 5776; baseline -0.009 -17"><span class='ocrx_word' id='word_1_749' title='bbox 2379 5703 2492 5776; x_wconf 80' lang='lat'>(65)</span> <span class='ocrx_word' id='word_1_750' title='bbox 2530 5699 2813 5774; x_wconf 72' lang='grc' dir='ltr'>λαιμόνων.</span> <span class='ocrx_word' id='word_1_751' title='bbox 2844 5699 2912 5754; x_wconf 91' lang='grc' dir='ltr'><strong>Α.</strong></span> 
     </span>
    </p>
   </div>
  </div>
