4170 6364
261 363 380 418 893

1300 357 1676 415 COMMENT.
1726 354 1797 410 IN
1842 351 2102 409 LUCAM.
2150 385 2217 394 —
2257 354 2415 410 CAP.
2457 356 2520 410 Il.

3546 351 3652 406 894

268 482 529 543 δηλονότι
584 487 643 537 οὗ
704 487 814 556 (66)
872 483 1003 550 δόξα
1062 485 1153 539 διὰ
1213 494 1311 539 σοῦ
1355 489 1383 543 η
1438 485 1725 542 ἀπόκτησις
1782 489 1880 531 τῶν

2005 493 2053 545 (n
2071 495 2192 550 quo
2242 496 2347 551 per
2377 485 2428 535 te
2477 484 2563 535 est
2601 480 2923 537 destructio
2970 481 3291 547 malorum,
3336 495 3473 551 quae
3511 483 3649 535 sunt

264 578 428 647 παρὰ
460 578 613 646 φύσιν
644 584 833 641 κακῶν,
880 582 967 627 καὶ
996 585 1178 635 κτῆσις
1218 584 1316 627 τῶν
1344 578 1479 626 κατά
1509 577 1660 645 φύσιν
1693 570 1881 633 καλῶν,

264 670 365 715 καὶ
400 664 682 724 ἐπίκτησις
719 673 817 715 τῶν
862 667 986 738 ὑπὲρ
1039 669 1192 737 φύσιν
1234 665 1460 736 ἀγαθῶν.
1512 662 1577 714 Ἦ
1628 664 1657 719 ἡ
1708 660 1881 735 ἀρετὴ,

264 758 364 804 καὶ
400 755 434 810 ἡ
470 762 682 824 γνῶσις,
711 758 800 805 καὶ
826 756 854 810 ἡ
888 754 1116 827 θέωσις.]

346 849 470 903 Φῶς
530 842 585 893 ὃν
641 842 711 903 εἰς
768 842 1045 914 ἀνάϐλεψιν
1099 847 1187 915 μὲν
1246 842 1419 907 ἐθνῶν,
1479 849 1579 893 τῶν
1636 839 1886 911 τετυφλω-

264 935 446 1001 μένων
512 939 574 1002 τῇ
631 931 824 1002 πλάνη·
888 932 1213 1003 ἀποκάλυψιν
1265 935 1364 1005 γὰρ
1412 931 1548 1001 λέγει
1608 935 1701 987 τὴν
1764 928 1886 979 ἀνά-

265 1016 485 1089 ϐλεψιν·
540 1020 610 1079 εἰς
672 1017 828 1081 δόξαν
882 1017 941 1072 δὲ
1002 1022 1115 1091 (67)
1160 1026 1250 1073 καὶ
1307 1020 1533 1073 εὔκλειαν
1595 1019 1721 1070 λαοῦ
1794 1036 1887 1069 σου

266 1114 371 1158 τοῦ
432 1107 843 1182 Ἰσραηλιτικοῦ.
900 1110 1032 1171 Δόξα
1086 1112 1186 1184 γὰρ
1236 1109 1409 1169 αὐτοῖς
1469 1112 1527 1160 τὸ
1584 1107 1888 1179 βλαστῆσαί

270 1214 335 1247 σε
385 1195 445 1257 ἐξ
483 1196 650 1247 αὐτῶν
693 1199 827 1249 κατά
872 1202 929 1249 τὸ
980 1197 1312 1270 ἀνθρώπινον.
1361 1204 1461 1251 Καὶ
1502 1202 1654 1256 ὅντως
1702 1199 1731 1254 ἡ
1790 1214 1890 1247 σω-

266 1288 472 1355 τήριος
546 1283 932 1358 ἐνανθρωπησις
996 1287 1155 1338 αὑτοῦ
1218 1286 1433 1358 ἐφώτισε
1498 1290 1586 1357 μὲν
1647 1288 1713 1336 τὰ
1768 1286 1885 1342 ἔθνη

268 1376 557 1445 φωτισμόν
606 1376 917 1445 θεογνωσίας
974 1380 1063 1427 καὶ
1119 1374 1321 1447 ἀρετῆς,
1382 1372 1599 1436 ἐδόξασε
1656 1372 1713 1426 δὲ
1768 1379 1889 1433 τοὺς

269 1458 599 1526 Ἰουδαίους,
664 1464 742 1513 ὅτι
801 1468 1045 1535 συγγενὴς
1114 1464 1279 1517 αὐτῶν
1361 1466 1601 1535 γενέσθαι
1678 1464 1890 1525 κατηξί-

264 1568 403 1602 ωσε.

346 1642 460 1690 Καὶ
510 1636 570 1696 ἧν
619 1671 686 1682 ——
734 1645 851 1714 περὶ
904 1642 1089 1697 αὐτοῦ.
1133 1642 1478 1714 Ἐθαύμαζον,
1529 1642 1622 1693 οὐκ
1672 1645 1735 1702 ὡς
1773 1646 1887 1693 τότε

262 1725 395 1797 (68)
450 1735 655 1797 πρῶτον
700 1734 818 1801 περὶ
858 1730 1016 1781 αὐτοῦ
1065 1731 1180 1799 (69)
1239 1733 1597 1800 μανθάνοντες,
1644 1730 1750 1782 ἀλλ’
1799 1732 1884 1797 ὡς,

264 1813 347 1886 ἐφ’
412 1813 490 1875 οἷς
560 1820 1050 1890 προμεμαθὴκεσαν,
1112 1821 1186 1871 ἔτι
1233 1817 1633 1894 παραδοξότερα
1695 1840 1883 1891 προσε-

264 1908 642 1977 νωτιζὸμενοι.

348 1999 462 2046 Καὶ
520 1993 767 2065 εὐλόγησε
836 2027 903 2035 —
961 1996 1192 2066 Ἰσραήλ.
1248 1998 1335 2058 Εἰς
1390 2007 1586 2050 πτῶσιν
1642 2000 1730 2069 μὲν
1788 2006 1885 2049 τῶν

267 2087 721 2156 προσκοπτόντων
794 2092 899 2145 τοῖς
974 2084 1461 2160 ἀνθρωποπρεπέσιν
1534 2087 1715 2153 αὐτοῦ,
1797 2092 1885 2138 καὶ

265 2177 575 2224 πιπτόντων
632 2173 701 2234 εἰς
761 2172 1005 2226 ἀπιστίαν
1058 2185 1148 2235 τῆς
1199 2178 1436 2237 θεότητος
1490 2176 1648 2228 αὐτοῦ
1682 2193 1695 2205 ’
1761 2176 1884 2228 ἀνά-

270 2280 477 2313 στασιν
533 2258 591 2313 δὲ
636 2271 733 2313 τῶν
767 2269 1133 2335 προσεχόντων
1182 2273 1286 2325 τοῖς
1323 2268 1651 2338 θεοπρεπέσιν
1702 2267 1879 2336 αὐτοῦ,

265 2356 367 2401 καὶ
430 2349 779 2423 ἀνισταμένων
840 2356 967 2425 πρός
1018 2359 1195 2405 πίστιν
1254 2364 1348 2416 τῆς
1401 2358 1639 2417 θεότητος
1702 2356 1880 2410 αὐτοῦ.

269 2443 465 2490 Κεῖται
508 2435 587 2498 δὲ.
643 2443 706 2500 ὡς
743 2441 883 2501 λίθος
939 2442 1329 2515 ἁκρογωνιαίος,
1376 2440 1601 2496 συνδέων
1652 2443 1723 2516 ἐφ’
1770 2448 1883 2496 ἐαυ-

267 2534 347 2596 τῷ
398 2532 522 2590 τοὺς
570 2527 667 2581 δύο
711 2530 885 2596 λαοὺς,
944 2536 1030 2583 τόν
1086 2552 1139 2584 τε
1178 2533 1395 2584 παλαιὸν
1442 2538 1529 2585 καὶ
1588 2537 1672 2584 τόν
1739 2538 1871 2590 νέον,

264 2616 421 2668 Ἐπεὶ
470 2624 559 2670 καὶ
613 2615 705 2671 διὰ
758 2619 976 2672 Ἠσαίου
1040 2628 1460 2695 προανεφώνησεν
1521 2625 1544 2673 ό
1602 2626 1744 2687 Θεὸς,
1804 2626 1884 2675 ὅτι

268 2702 427 2757 Ἰδοὺ
458 2709 645 2779 τίθημι
683 2708 732 2760 ἐν
772 2714 897 2760 Σιὼν
941 2709 1081 2761 λὶθον
1122 2716 1524 2783 προσκόμματος
1568 2716 1657 2763 καὶ
1694 2716 1884 2786 πέτραν

272 2791 588 2847 σκανδάλου
599 2835 611 2847 .

350 2882 373 2953 [
409 2883 525 2953 (70)
581 2884 667 2945 Εἰς
706 2894 904 2937 πτῶσιν
955 2889 1045 2957 μὲν
1079 2891 1291 2959 σαρκός,
1338 2892 1455 2945 ἤτοι
1489 2896 1585 2940 τοῦ
1633 2897 1885 2962 σαρκικοῦ

274 2976 615 3043 φρονήματος
673 2979 761 3026 καὶ
820 2977 997 3027 παθῶν
1050 2981 1138 3028 καὶ
1190 2977 1451 3050 λογισμῶν
1503 2989 1739 3052 πονηρῶν
1797 2985 1886 3033 καὶ

276 3055 570 3131 δαιμόνων,
605 3067 693 3115 καὶ
742 3071 831 3114 τοῦ
871 3068 1001 3119 κατά
1053 3069 1110 3118 τό
1153 3069 1374 3141 γράμμα
1426 3073 1604 3141 νόμου·
1657 3069 1882 3122 ἀνάστα-

1996 573 2201 639 praeter
2234 575 2531 633 naturam,
2574 574 2627 624 et
2659 570 2957 641 possessio
3006 570 3326 633 bonorum,
3358 585 3490 638 quae
3512 574 3651 623 sunt

1998 659 2328 711 secundum
2344 659 3027 729 naturam,etacquisitio
3040 659 3498 728 bonorum,quee
3514 663 3651 714 sunt

1998 760 2177 816 supra
2202 754 2499 801 naturam.
2532 747 2653 810 Vel,
2705 748 2891 802 virtus
2924 753 2980 801 et
3022 747 3278 815 cognilio
3308 746 3645 801 divinitatis.

2068 834 2290 890 Lumen
2320 854 2331 893 :
2360 836 2523 905 quod
2555 836 2835 901 gentibus
2867 852 3063 891 errore
3094 838 3266 891 caecis
3314 836 3503 890 visum
3525 852 3650 891 res-

2000 922 2183 978 tituat.
2242 923 2688 981 Revelationem
2722 926 2877 979 enim
2912 930 3100 989 vocat,
3143 924 3307 979 visus
3339 925 3651 980 restitutio-

1998 1027 2160 1066 nem.
2180 1012 2264 1066 Λᾶ
2286 1012 2529 1080 gloriam
2554 1013 2612 1067 id
2636 1014 2881 1084 quidem
2904 1018 2959 1068 et
2977 1013 3236 1068 nominis
3258 1012 3649 1068 celebritatem

1998 1100 2198 1171 populi
2229 1101 2309 1156 tui
2340 1101 2660 1157 Israelitici.
2690 1105 2827 1157 Nam
2860 1102 3050 1171 gloria
3080 1101 3317 1157 illorum
3352 1106 3456 1166 est,
3485 1101 3650 1172 quod

1999 1190 2324 1244 secundum
2362 1190 2800 1246 humanitatem
2828 1192 2903 1245 sis
2931 1191 3009 1245 ab
3053 1191 3136 1244 eis
3180 1190 3543 1262 progenitus.
3586 1192 3652 1244 Et

2000 1294 2131 1333 vere
2164 1278 2439 1334 salutaris
2460 1280 2809 1343 incarnatio,
2834 1286 3038 1349 gentes
3057 1279 3296 1351 quidem
3315 1278 3646 1348 illustravit,

1997 1366 2380 1422 illustratione
2413 1369 2630 1422 divinae
2662 1369 3017 1435 cognitionis
3044 1384 3113 1423 ac
3134 1367 3378 1431 virtutis;
3411 1367 3649 1421 Judaaos

1998 1472 2137 1510 vero
2169 1456 2535 1525 glorificavit,
2569 1458 2707 1529 quia
2728 1462 3021 1527 cognatus
3048 1473 3255 1512 eorum
3285 1456 3412 1510 ﬁeri
3444 1455 3650 1527 digna-

1998 1549 2091 1599 tus
2109 1550 2212 1600 est.

2068 1633 2228 1687 Vers.
2260 1635 2345 1689 33.
2404 1635 2481 1689 Et
2510 1642 2677 1690 erant
2728 1665 2793 1675 —-
2846 1636 2918 1690 de
2947 1634 3065 1690 illo.
3118 1634 3494 1701 Mirabantur,
3526 1648 3647 1688 non

1997 1723 2161 1793 quod
2191 1729 2403 1794 praeter
2431 1740 2518 1788 ea,
2550 1740 2687 1795 quas
2717 1724 2877 1794 prius
2930 1723 3278 1788 didicerant,
3308 1723 3505 1777 adhuc
3543 1722 3649 1777 mi-

1928 1829 1968 1882 Β
1998 1811 2272 1867 rabiliora
2306 1812 2735 1884 percipiebant.

2068 2025 2233 2078 Vers.
2267 2024 2353 2079 34.
2386 2026 2452 2078 Et
2503 2026 2789 2079 benedixit
2833 2056 2901 2065 —
2952 2025 3160 2080 Israel.
3191 2028 3253 2080 In
3276 2041 3483 2080 casum
3532 2025 3646 2089 his,

1995 2112 2101 2185 qui
2135 2114 2212 2168 ad
2244 2130 2307 2169 ea
2342 2113 2673 2179 offendunt,
2693 2130 2825 2185 quae
2842 2114 3105 2168 hominis
3126 2118 3283 2178 sunt,
3309 2114 3649 2185 quicadunt

1996 2203 2056 2256 in
2078 2202 2543 2257 incredulitatem
2573 2203 2891 2257 divinitatis
2923 2203 3050 2273 ejus
3086 2220 3096 2258 :
3128 2204 3479 2258 erectionem
3511 2218 3647 2257 vero

1993 2292 2106 2358 his,
2137 2292 2240 2364 qui
2280 2292 2585 2347 adhaerent
2614 2291 2815 2356 rebus,
2875 2308 3008 2363 quae
3047 2291 3145 2346 Dei
3191 2296 3346 2346 sunt.
3380 2293 3533 2347 Situs
3562 2295 3651 2346 est

1992 2386 2214 2447 autem,
2242 2385 2438 2452 utpote
2468 2381 2618 2451 lapis
2648 2380 2970 2449 angularis,
3004 2382 3373 2450 conjungens
3398 2380 3467 2435 ad
3500 2381 3649 2451 seip-

1993 2487 2127 2525 sum
2172 2470 2327 2524 duos
2381 2470 2650 2541 populos,
2698 2474 2951 2523 veterem
3000 2485 3070 2523 ac
3121 2484 3367 2524 novum.
3420 2473 3563 2523 Nam
3593 2473 3650 2524 et

1992 2575 2098 2631 per
2114 2558 2327 2613 Isaiam
2342 2558 2614 2629 praedixit
2627 2560 2808 2613 Deus:
2829 2560 2980 2614 Ecce
2993 2574 3147 2627 pono
3160 2558 3221 2613 in
3237 2558 3377 2615 Sion
3392 2558 3645 2627 lapidem

1994 2646 2329 2715 o/Tensionis
2355 2654 2409 2703 et
2432 2652 2663 2715 petram
2694 2648 3043 2704 scanctali.’0

2064 2969 2106 3037 οἱ·
2135 2966 2197 3021 In
2220 2982 2428 3022 casum
2452 2966 2696 3038 quidem
2724 2968 2942 3033 carnis,
2978 2966 3101 3021 sive
3120 2966 3376 3022 carnalis
3402 2969 3648 3037 pruden-

1994 3056 2088 3112 tiae
2119 3061 2173 3112 et
2203 3055 2603 3126 aﬁ‘ectionum,
2646 3072 2717 3111 ac
2763 3056 3189 3125 cogitationum
3245 3056 3541 3112 malarum
3594 3062 3649 3111 et

276 3167 366 3199 σιν
404 3144 465 3200 δὲ
503 3154 804 3223 πνεύματος,
849 3157 1009 3224 ἤγουν
1047 3165 1395 3227 πνευματικοῦ
1435 3163 1758 3231 φρονήματος
1795 3165 1881 3213 καὶ

2011 3145 2354 3210 laemonum,
2396 3162 2463 3201 ac
2504 3144 2767 3200 litteralis
2798 3162 2810 3199 :
2847 3146 3211 3201 Erectionem
3237 3161 3376 3200 vero
3402 3145 3644 3214 spiritus

270 3245 513 3307 φυσικῶν
564 3235 830 3313 δυνάμεων
866 3248 955 3294 καὶ
1004 3242 1186 3317 ἀρετῆς
1234 3250 1323 3297 καὶ
1368 3252 1600 3317 γνώσεως
1650 3252 1738 3299 καὶ
1791 3258 1881 3300 τοῦ

268 3327 416 3378 κατά
446 3330 504 3378 τὸ
535 3337 738 3401 πνεῦμα
766 3333 969 3402 νόμου.]

351 3419 457 3467 Καὶ
488 3447 555 3455 -
592 3416 996 3492 ἀντιλεγόμενον.
1044 3426 1144 3474 Καὶ
1181 3423 1250 3483 εἰς
1282 3425 1457 3495 θαῦμα
1499 3425 1879 3499 ἀντιλεγόμενον

269 3509 386 3564 τοῖς
431 3502 693 3578 ἀπίστοις,
736 3511 901 3560 εἶτουν
953 3509 1248 3582 ἀντιλογίας
1289 3514 1651 3586 ὑφιστάμενον
1708 3517 1882 3588 θαῦμα

269 3594 378 3665 γὰρ
444 3591 525 3660 ἧν,
584 3598 653 3656 ὡς
699 3602 827 3667 μήτε
870 3599 1139 3673 ἄνθρωπος
1192 3605 1365 3671 μόνον,
1425 3603 1511 3668 ὡν,
1568 3609 1698 3675 μήτε
1752 3609 1880 3667 Θεὸς

269 3686 451 3752 μόνον,
516 3682 643 3736 ἀλλά
701 3687 1025 3758 θεάνθρωπος
1064 3702 1075 3715 ⁸
1144 3684 1230 3740 διὸ
1285 3695 1396 3757 καὶ,
1466 3694 1530 3751 ὡς
1590 3694 1881 3767 ὑπερφυοῦς

271 3774 438 3835 ὄντος,
475 3770 818 3844 ἀντιλέγουσι,
850 3778 1017 3828 πάντα
1054 3780 1189 3829 κατά
1219 3782 1373 3850 φύσιν
1417 3780 1749 3849 ἐξετάζοντες,
1792 3788 1880 3835 καὶ

268 3879 345 3930 μη
356 3857 448 3911 diu
470 3862 716 3935 ὑπερφυὲς
737 3863 914 3916 ἐννοεῖν
942 3862 1237 3937 δυνάμενοι.

340 4147 496 4207 Τινὲς
564 4142 624 4198 δὲ
670 4156 883 4219 σημεῖον
954 4148 1336 4223 ἀντιλεγόμενον
1409 4158 1502 4212 τὴν
1583 4158 1878 4230 σταύρωσιν

266 4234 511 4306 λέγουσι’
582 4244 792 4307 σημεῖον
849 4241 959 4309 μὲν,
1018 4242 1081 4299 ὡς
1149 4240 1404 4313 σύμϐολον
1476 4243 1873 4318 φιλανθρωπίας

271 4319 369 4375 διὰ
431 4326 548 4384 τοὺς
598 4324 895 4399 ἀνθρώπους
936 4330 1037 4400 γὰρ
1099 4331 1287 4388 ταύτην
1337 4333 1616 4405 ὑπέμεινεν·
1686 4334 1877 4388 ἀντιλε-

270 4416 493 4483 γόμενον
526 4408 604 4480 δὲ,
628 4416 693 4472 ὡς
719 4411 1101 4488 όνειδιζομένην
1124 4419 1223 4470 ὑπὸ
1255 4428 1352 4471 τῶν
1382 4420 1635 4475 ἀπίστων.

350 4648 450 4697 Καὶ
523 4652 617 4697 σοῦ
692 4677 760 4684 -
837 4648 1089 4721 ῥομφαία.
1165 4649 1445 4722 Ῥομφαίαν
1522 4650 1579 4705 δὲ
1641 4655 1875 4726 ὠνόμασε

275 4737 370 4790 τὴν
410 4736 811 4802 τμητικωτάτην
841 4741 930 4788 καὶ
971 4736 1133 4800 ὀξεῖαν
1180 4736 1390 4805 ὀδύνην,
1426 4744 1542 4803 ητις
1572 4739 1754 4801 διῆλθε
1782 4755 1875 4805 τῆν

277 4819 503 4896 καρδίαν
533 4831 627 4885 τῆς
658 4830 999 4900 Θεομητορος,
1034 4828 1115 4879 ὅτε
1146 4829 1170 4879 ό
1211 4833 1331 4890 Υῖὸς
1370 4830 1530 4891 αὐτῆς
1558 4833 1872 4895 προσηλῶθη

276 4918 350 4980 τῷ
407 4920 635 4983 σταυρῶ.
700 4919 823 4986 Περὶ
890 4918 1084 4979 ταύτης
1139 4920 1237 4994 γὰρ
1299 4927 1392 4981 τῆς
1446 4918 1735 4992 ἀλγηδόνος
1789 4930 1875 4975 νῦν

275 5004 669 5071 προεφήτευσεν.

347 5086 526 5150 Ὀπῶς
586 5121 653 5131 —
719 5087 1076 5165 διαλογισμοί.
1136 5101 1249 5148 Τῶν
1326 5097 1736 5168 ὑποπτευόντων,
1796 5103 1874 5155 ὅτι

348 5216 398 5250 ³ο
423 5215 539 5272 Isa.
569 5231 691 5282 vin,
728 5220 792 5272 14
821 5234 1059 5285 ;xxv1u,
1095 5220 1161 5274 16
1190 5236 1204 5287 ;
1252 5225 1420 5279 Rom.
1462 5240 1540 5279 xi.
1573 5224 1661 5282 33.

1909 4518 1954 4574 D

1993 3236 2115 3288 sive
2159 3233 2475 3305 spiritualis
2520 3233 2843 3304 prudentiae
2871 3250 2940 3288 ac
2972 3234 3332 3289 naturalium
3361 3234 3644 3303 potentia-

1989 3339 2144 3387 rum,
2177 3322 2521 3393 virtutisque
2551 3328 2608 3378 et
2654 3322 3006 3391 cognitionis
3064 3338 3133 3377 ac
3170 3322 3315 3390 legis
3369 3322 3644 3393 spiritua-

1988 3412 2079 3467 lis.

2062 3502 2221 3556 Vers.
2253 3501 2341 3555 34.
2368 3501 2444 3556 Et
2471 3530 2539 3540 —
2567 3499 3020 3556 contradicitur.
3077 3501 3143 3554 Et
3168 3500 3231 3554 in
3259 3498 3642 3565 miraculum,

1990 3590 2085 3645 cui
2112 3590 2191 3645 ab
2230 3588 2572 3644 inﬁdelibus
2601 3588 3039 3653 contradicitur,
3085 3589 3208 3643 sive
3227 3588 3642 3645 contradictio-

1988 3694 2128 3734 nem
2153 3679 2446 3733 sustinens
2475 3696 2488 3734 :
2509 3677 2871 3733 miraculum
2888 3677 3048 3732 enim
3066 3682 3210 3744 erat,
3227 3681 3431 3747 utpote
3448 3693 3643 3749 neque

1989 3773 2045 3823 et
2060 3768 2243 3823 homo
2260 3772 2510 3831 tantum,
2527 3782 2721 3838 neque
2736 3767 2887 3821 Deus
2901 3770 3151 3830 tantum,
3174 3766 3279 3822 sed
3297 3769 3449 3821 Deus
3467 3766 3644 3822 simul

1988 3860 2045 3912 et
2073 3856 2257 3911 homo
2286 3855 2469 3927 (quod
2506 3854 2702 3910 Graece
2730 3855 2904 3910 unico
2921 3854 3140 3909 dicitur
3178 3854 3469 3910 vocabulo
3502 3856 3642 3906 θεάν-

1990 3946 2216 4017 θρωπος)
2247 3944 2502 4016 ideoque
2527 3943 2703 4015 quasi
2719 3942 2803 3999 rei
2847 3959 2983 4015 quae
3009 3959 3190 4014 supra
3220 3947 3497 3998 naturam
3531 3950 3638 4012 est,

1986 4033 2453 4089 contradicuntii
2474 4033 2577 4104 qui
2600 4032 2803 4088 omnia
2815 4032 3149 4087 secundum
3167 4038 3433 4087 naturam
3448 4032 3638 4104 inqui-

1986 4127 2255 4187 runt,nec
2267 4121 2556 4194 quidquid
2572 4121 3014 4194 supernaturale
3029 4120 3351 4190 intelligere
3368 4126 3638 4193 possunt.

2055 4212 2299 4279 Quidam
2330 4227 2490 4277 vero,
2527 4211 2787 4281 signum,
2816 4210 2912 4265 cui
2957 4210 3394 4275 contradicitur,
3436 4210 3642 4267 dicunt

1985 4300 2431 4357 cruciﬁxionem
2469 4317 2482 4365 ;
2530 4299 2770 4369 signum
2796 4299 3063 4370 quidem,
3093 4300 3269 4371 quasi
3298 4299 3641 4370 symbolum

1985 4389 2205 4445 amoris
2225 4404 2368 4459 erga
2399 4389 2697 4456 homines,
2724 4404 2868 4444 nam
2896 4387 3053 4443 hanc
3083 4394 3321 4459 propter
3346 4388 3636 4452 homines,

1985 4477 2259 4533 sustinuit
2300 4493 2312 4532 :
2341 4478 2478 4533 huic
2509 4493 2649 4532 vero
2703 4477 2781 4532 ab
2824 4476 3165 4531 inﬁdelibus
3196 4476 3637 4545 contradicitur,

1988 4573 2189 4638 utpote
2214 4568 2296 4622 rei
2324 4566 2654 4637 probrosae.

2055 4657 2217 4711 Vers.
2252 4657 2338 4711 35.
2368 4656 2435 4710 Et
2488 4662 2649 4710 tuam
2684 4684 2747 4695 -—
2776 4653 3031 4723 gladius.
3061 4652 3336 4708 Gladium
3367 4653 3640 4712 nomina-

1985 4746 2087 4809 vit,
2112 4745 2377 4800 dolorem
2409 4743 2819 4799 acutissimum
2836 4741 3217 4812 maximeque
3248 4742 3635 4810 dividentem,

1984 4835 2089 4905 qui
2114 4833 2444 4906 penetravit
2472 4847 2573 4887 cor
2597 4830 2794 4887 Matris
2811 4830 2929 4895 Dei,
2950 4829 3097 4885 dum
3115 4829 3293 4885 Filius
3325 4832 3454 4903 ejus
3476 4832 3639 4889 cruci

1987 4922 2202 4977 afﬁxus
2231 4927 2335 4977 est.
2377 4924 2457 4977 De
2480 4920 2596 4976 hoc
2620 4919 2780 4974 enim
2809 4918 3069 4976 cruciatu
3090 4934 3251 4975 nunc
3284 4920 3639 4977 vaticinatus

1986 5017 2095 5068 est.

2054 5101 2219 5157 Vers.
2254 5105 2339 5157 35.
2369 5101 2446 5156 Et
2489 5130 2559 5142 —
2586 5098 2984 5170 cogitationes.
3048 5101 3267 5157 Eorum
3310 5099 3414 5174 qui
3452 5102 3639 5175 suspi-

1416 5405 1638 5473 Varize
1678 5407 2003 5475 lectiones
2062 5417 2130 5475 et
2146 5416 2348 5475 notae.

345 5564 460 5633 (66)
488 5565 621 5627 Δόξα
648 5581 771 5621 non
803 5570 1077 5635 agnoscit
1110 5571 1444 5631 Hentenius.

343 5634 456 5704 (67)
484 5641 586 5688 Καί
607 5637 820 5693 omittit
842 5634 918 5696 Α.

348 5707 462 5779 (68)
493 5713 704 5780 Πρῶτον
730 5708 919 5765 abest.
947 5716 1009 5765 A.

2200 5579 2580 5651 βαυμάζοντες,
2616 5592 2724 5651 pro
2740 5580 3182 5651 μανθάνοντεςιΑ.

2190 5649 2262 5703 Ἦ
2311 5649 2463 5702 πάλιν
2522 5650 2613 5710 εἰς.
2650 5650 2713 5706 Β.
2754 5649 2941 5705 codex
2990 5651 3058 5717 Α,
3104 5650 3316 5705 haecin
3364 5652 3636 5723 margine
