4170 6364
519 316 627 373 895

1835 306 2179 367 EUTHYMII
2206 304 2544 362 'ZIGABENI

3793 291 3939 348 896

519 441 831 507 cabantur,
863 441 1018 497 hanc
1044 454 1167 497 non
1186 453 1316 496 esse
1339 438 1497 495 illius
1522 438 1789 495 Matrem.
1825 434 1983 490 Sicut
2011 432 2171 488 enim

2294 429 2373 480 »ύκ
2428 430 2567 485 ἔστιν
2616 428 2745 484 αὕτη
2814 430 2983 499 μήτηρ
3040 424 3219 477 αὐτοῦ.
3260 421 3461 493 "tiaras?
3513 422 3612 492 γὰρ
3682 416 3933 480 πολλοὶ,

520 529 684 587 multi
703 529 783 586 ad
811 545 883 587 ea
910 529 1313 602 respicientes,
1345 543 1482 601 quas
1522 527 1974 589 hominissunt,
2017 521 2173 576 dice-

523 621 669 675 bant
729 618 1011 675 hominen
1063 625 1293 674 tantum
1341 632 1488 683 esse,
1541 615 1750 671 Filium
1800 611 2036 676 Mariae;
2092 608 2172 664 ita

519 723 760 763 rursum
785 707 883 763 alii
908 708 1278 764 attendentes
1304 707 1382 763 ad
1403 721 1495 773 ea,
1519 721 1655 778 quae
1683 701 2012 760 divinitatis
2044 699 2174 770 ejus

523 802 710 864 erant,
733 797 1203 869 suspicabantur,
1240 795 1405 869 quod
1433 799 1589 851 esset
1621 799 1841 849 tantum
1871 793 2039 855 Deus,
2065 803 2174 843 nec

521 890 679 941 esset
705 882 835 940 haec
868 889 1060 941 mater
1077 884 1203 956 ejus
1230 903 1243 939 :
1295 889 1433 939 tunc
1462 886 1664 938 autem
1718 882 2008 937 intuentes
2038 891 2171 931 eam

525 988 728 1030 amare
767 973 1079 1037 dolentem,
1112 988 1182 1029 ac
1222 970 1889 1045 plurimumlugentem,
1930 971 2176 1038 naturas:

525 1078 644 1136 que
681 1064 907 1132 cedere,
943 1062 1337 1128 crediderunt,
1367 1061 1534 1134 quod
1564 1065 1755 1116 mater
1792 1062 1949 1114 esset
1999 1056 2128 1127 ejus
2160 1070 2172 1110 :

527 1155 586 1207 et
601 1151 968 1222 relegabant,
1000 1153 1123 1207 sive
1148 1150 1480 1223 prodebant
1499 1149 1887 1220 cogitationes
1908 1146 2174 1203 cordium

526 1254 797 1307 suorum,
819 1255 956 1314 quas
981 1255 1018 1296 a
1038 1239 1376 1313 suspicione
1400 1240 1829 1311 processerant.

851 1454 1010 1512 CAP.
1057 1453 1147 1509 IV.
1188 1455 1275 1511 De
1300 1456 1479 1510 Anna
1500 1451 1880 1523 prophetissa.

602 1560 764 1617 Vers.
792 1560 879 1615 36.
914 1563 978 1616 Et
1008 1566 1137 1619 erat
1165 1592 1235 1603 —
1270 1563 1495 1618 multis.
1522 1561 1813 1615 Provectce
1848 1556 2175 1614 admodum

529 1650 736 1717 aetatis,
768 1651 889 1705 sive
916 1666 1084 1707 anus.
1108 1714 1117 1723 .

603 1739 762 1795 Vers.
807 1739 895 1794 36.
930 1734 1255 1797 Etvia'erat
1307 1770 1373 1781 —
1421 1739 1595 1796 Vers.
1642 1738 1735 1795 37.
1768 1738 1883 1796 die.
1943 1737 2030 1795 Ob
2064 1737 2179 1793 hoc

531 1829 690 1886 enim
719 1828 1067 1900 prophetica
1091 1830 1267 1885 etiam
1286 1829 1475 1898 gratia
1503 1828 1707 1883 dotata
1727 1827 1855 1895 fuit,
1886 1827 2027 1900 quia
2057 1842 2179 1882 non

529 1917 877 1973 discedebat
920 1919 993 1975 de
1020 1918 1262 1989 templo,
1300 1916 1546 1990 jejuniis
1582 1922 1639 1972 et
1677 1915 2179 1972 obsecrationibus

530 2008 651 2063 Deo
681 2007 939 2063 serviens
963 2013 1130 2065 nocte
1148 2024 1217 2064 ac
1244 2008 1361 2064 die.

603 2095 769 2151 Vers.
802 2096 890 2153 38.
924 2098 993 2152 Et
1022 2098 1149 2155 hac
1175 2128 1245 2138 —
1272 2096 1538 2153 Domino.
1572 2095 1798 2154 Gratias
1818 2095 2035 2168 agebat
2061 2094 2181 2152 Deo

534 2187 869 2243 incarnato.

605 2419 768 2477 Vers.
791 2421 879 2477 38.
911 2451 981 2461 —
998 2422 1082 2476 Ac
1110 2419 1461 2492 loquebatur
1485 2451 1554 2460 —-
1577 2421 1931 2477 Jerusalem.
1957 2419 2182 2491 Loque-

534 2509 715 2566 batur
733 2508 807 2566 de
833 2525 925 2576 eo,
964 2509 1128 2582 quod
1157 2509 1253 2564 hic
1297 2514 1452 2565 esset
1472 2509 1824 2581 redemptio.
1848 2509 2065 2566 Verum
2102 2509 2180 2564 Si-

536 2612 712 2654 meon
741 2597 1007 2668 quidem,
1032 2596 1229 2666 ﬁgura
1253 2602 1379 2653 erat
1392 2598 1600 2653 veteris
1616 2597 1995 2662 Testamenti,
2014 2598 2185 2652 Anna

538 2691 733 2742 autem
764 2688 904 2741 Novi
938 2702 951 2741 :
1011 2686 1158 2741 inter
1188 2701 1342 2758 quos
1360 2686 1591 2741 medius
1642 2687 1870 2759 positus
1922 2686 2183 2741 Christus

535 2773 681 2830 illud
733 2773 1090 2829 absolvebat
1118 2776 1260 2845 (gg),
1308 2774 1422 2831 hoc
1444 2791 1582 2830 vero
1621 2775 1944 2831 retinebat:
1990 2779 2186 2830 osten-

538 2862 706 2928 dens,
740 2862 905 2934 quod
959 2868 1123 2919 vetus
1161 2863 1407 2937 quidem
1463 2869 1675 2930 cessat,
1718 2880 1943 2920 novum
1982 2868 2183 2922 autem

538 2950 701 3008 vivit.

612 3039 776 3094 \‘ers.
818 3043 905 3096 39.
941 3043 1005 3095 Et
1034 3048 1095 3096 ut
1124 3072 1193 3081 —-
1215 3041 1538 3098 Nazareth.
1582 3043 1813 3111 Omnia,
1846 3057 1982 3115 quas
2021 3047 2188 3099 erant

2281 516 2653 578 ἀποϐλέποντες
2722 515 2791 577 εἰς
2847 518 2915 569 τὰ
2982 514 3391 586 ἁνθρωποπρεπῆ
3471 509 3652 573 αὐτοῦ,
3720 506 3933 577 ἔλεγον

2282 609 2362 660 ὅτι
2408 604 2713 678 ’Ἄνθρωπος
2754 609 2907 677 μόνον
2963 602 3103 656 ἐστὶν
3152 603 3270 663 Υἱὸς
3317 608 3406 660 τῆς
3454 602 3677 672 Μαρίας·
3729 596 3932 657 οὕτως

2279 695 2424 748 ἄλλοι
2470 695 2644 759 πάλιν,
2714 692 3082 752 ἀποϐλέποντες
3134 690 3201 751 εἰς
3251 692 3316 742 τὰ
3369 691 3621 759 θεοπρεπῆ
3692 684 3919 749 αὐτοῦ,

2281 785 2581 838 ὑπώπτευον
2637 785 2718 836 ὅτι
2789 785 2919 845 Θεὸς
2984 784 3136 853 μόνον
3193 779 3325 842 ἐστὶ,
3403 781 3492 829 καὶ
3558 775 3652 827 ούκ
3752 777 3926 826 ἐστιν

2282 875 2414 932 αὕτη
2466 878 2638 949 μήτηρ
2675 873 2855 925 αὐτοῦ’
2915 875 3029 923 τότε
3074 865 3134 922 δὲ
3191 869 3499 939 θεασάμενοι
3553 867 3757 921 ταύτην
3822 883 3928 914 πιο

2283 972 2415 1038 κρῶς
2448 960 2795 1035 ὀδυνωμίνην,
2822 965 2913 1013 καὶ
2954 954 3195 1032 σφοδρῶς
3233 953 3575 1029 ὀδυρομένην,
3603 957 3695 1005 καὶ
3722 954 3929 1010 ἠττωι

2284 1056 2438 1126 μένην
2492 1059 2583 1113 τῆς
2661 1053 2881 1123 φύσεως,
2940 1051 3252 1101 ὶπίστευσαν
3332 1046 3412 1099 ὅτι
3486 1048 3662 1116 μήτηρ
3724 1040 3925 1094 αὐτοῦ

2285 1140 2417 1210 ἔστι,
2493 1141 2584 1194 καί
2652 1137 3009 1209 ἀπεκάλυψαν,
3093 1139 3261 1189 εῑτουν
3347 1132 3694 1205 ἐξηγόρευσαν
3782 1135 3925 1191 τοῦς

2287 1228 2667 1303 διαλογισμούς
2720 1235 2820 1280 τῶν
2874 1221 3107 1300 καρδιῶν
3155 1223 3344 1283 αὐτῶν,
3412 1224 3532 1283 τοὺς
3601 1227 3700 1280 τῆς
3762 1220 3923 1271 ὑπο-

2284 1319 2433 1391 ψίας.

2522 1466 2668 1515 ΚΕΦ.
2702 1456 2772 1512 Δ’.
2807 1460 2932 1531 Περὶ
2955 1454 3144 1516 Ἀννης
3169 1461 3257 1516 τῆς
3287 1446 3627 1526 προφήτιδος.

2359 1571 2460 1620 Καὶ
2562 1563 2622 1626 ἡν
2726 1596 2795 1606 -
2895 1562 3127 1625 πολλαῖς.
3238 1559 3619 1632 Προϐεκηκυία,
3726 1560 3912 1610 εἶτουν

2286 1664 2472 1732 γραῦς.

2358 1750 2582 1805 Ζὴσασα
2647 1776 2710 1786 -—
2763 1745 2974 1819 ἡμέραν.
3031 1743 3124 1794 Διὰ
3173 1745 3327 1793 τοῦτο
3372 1739 3475 1810 γὰρ
3531 1739 3622 1788 καὶ
3687 1753 3911 1808 προφη-

2288 1844 2434 1888 τικοῦ
2477 1840 2814 1908 χαρίσματος
2866 1831 3086 1897 ἠξιώθη,
3134 1825 3275 1882 διότι
3323 1826 3416 1879 οῦκ
3471 1823 3727 1897 ἀφίστατο
3789 1822 3907 1875 ἆ.πό

2288 1933 2379 1978 τοῦ
2407 1927 2509 1999 ἱερο
2525 1932 2564 1992 7,
2597 1923 2644 1976 ἐν
2673 1925 2938 1983 νηστείαις
2967 1924 3057 1972 καὶ
3088 1915 3305 1977 δεήσεσι
3332 1915 3657 1989 λατρεύουσα
3682 1915 3904 1986 νύκτωρ

2288 2020 2377 2068 καὶ
2420 2016 2531 2087 μεθ’
2587 2014 2783 2086 ἡμέραν
2829 2019 2899 2082 τῷ
2941 2014 3069 2080 Θεῷ.
3113 2010 3369 2079 Λατρείαν
3414 2000 3474 2057 δὲ
3520 2007 3614 2063 τὴν
3647 1998 3904 2055 δουλείαν

2288 2109 2378 2159 καὶ
2405 2106 2673 2179 θεραπείαν
2703 2106 2826 2154 νόει.

2363 2197 2462 2248 Καὶ
2528 2192 2660 2250 αὕτη
2718 2222 2787 2231 -
2864 2193 3057 2262 Κυρίῳ.
3114 2185 3447 2258 Ηῦχαρίστει
3511 2189 3583 2253 τῷ
3630 2186 3767 2251 θεῷ,
3817 2190 3901 2253 τῷ

2291 2282 2585 2357 ἐνανθρωπὴ
2595 2299 2764 2334 σαντι.

2366 2374 2466 2423 Καὶ
2547 2368 2708 2421 ἐλάλει
2790 2399 2859 2409 -
2935 2364 3295 2441 Ἰερουσαλήμ.
3370 2360 3571 2416 unum
3624 2364 3745 2434 περὶ
3805 2359 3905 2411 αύ-

2289 2466 2404 2525 τοῦ,
2436 2461 2517 2511 ὃτι
2554 2458 2706 2520 οὗτος
2749 2456 2888 2510 ἐστιν
2945 2456 2971 2507 ὀ
3014 2454 3307 2527 λυτρωτὴς.
3354 2448 3490 2501 Ἀλλ’
3540 2450 3567 2501 ὁ
3604 2453 3695 2522 μὲν
3729 2456 3900 2521 Συμε-

2292 2556 2359 2601 ὼν
2407 2551 2569 2610 τύπος
2624 2545 2684 2607 ἧν
2731 2554 2827 2607 τῆς
2893 2543 3126 2604 Παλαιᾶς
3187 2542 3471 2602 Διαθήκης,
3524 2539 3556 2596 ἡ
3626 2533 3677 2590 δ’
3729 2538 3900 2591 Ἅννα

2291 2647 2382 2699 τῆς
2408 2641 2561 2700 Νέας⁸
2591 2638 2658 2688 ὧν
2686 2639 2842 2709 μέσος
2864 2635 2890 2685 ὀ
2911 2635 3142 2706 Χριστὸς
3167 2635 3395 2702 κείμενος
3415 2632 3509 2686 τὴν
3532 2629 3621 2699 μὲν
3647 2624 3891 2692 ἀπέλυσε,

2294 2731 2386 2786 τὴν
2444 2723 2502 2779 δὲ
2549 2727 2973 2800 παρακατέσχεν,
3036 2720 3289 2794 ἐμφαίνων
3341 2719 3422 2770 ὅτι
3469 2717 3499 2774 ἡ
3563 2718 3652 2788 μὲν
3694 2713 3888 2766 παλαια

2292 2818 2574 2884 πέπαυται,
2598 2816 2627 2873 ἡ
2659 2810 2718 2867 δὲ
2737 2816 2826 2866 νέα
2857 2816 2943 2876 ζῆ.

2371 3051 2469 3100 Καὶ
2523 3048 2592 3107 ὡς
2635 3075 2701 3085 —
2751 3042 3013 3117 Ναζαρέτ.
3073 3038 3307 3094 Ἀπαντα
3362 3039 3429 3090 τὰ
3480 3040 3599 3111 περὶ
3643 3041 3738 3095 τῆς
3789 3052 3897 3085 πα-

538 3128 692 3185 circa
725 3130 892 3201 pueri
944 3131 1488 3201 praesentationem,
1528 3147 1598 3188 ac
1645 3131 1801 3188 circa
1822 3131 2073 3196 hostias,
2113 3131 2186 3187 de

2297 3137 2596 3211 ραστασεως
2621 3140 2712 3186 τοῦ
2758 3128 2999 3199 παιδίου,
3031 3134 3121 3182 καὶ
3150 3130 3216 3181 τὰ
3256 3132 3375 3200 περὶ
3405 3134 3498 3185 τῆς
3539 3127 3748 3191 θυσίας,
3779 3126 3901 3195 περὶ

539 3216 760 3290 quibus
784 3216 1036 3288 jubebat
1062 3218 1170 3275 lex.

611 3308 820 3371 Quaere
860 3310 1058 3363 autem
1088 3308 1283 3379 primo
1313 3309 1506 3381 capite
1534 3310 1831 3380 Evangelii
1856 3309 2188 3366 secundum

540 3394 872 3453 Matthasum
905 3396 1044 3452 dicti
1083 3397 1236 3453 illius
1259 3399 1685 3470 expositionem
1716 3415 1729 3454 :
1784 3399 1930 3456 Ecce
1960 3398 2189 3468 angelus

539 3485 774 3540 Domini
800 3491 1046 3554 apparet
1069 3487 1133 3541 in
1155 3488 1372 3543 somnis
1389 3487 1600 3557 Ioseph
1625 3488 1824 3544 dicens
1850 3504 1862 3542 :
1917 3489 2112 3559 Surge
2138 3495 2190 3544 et

539 3577 734 3646 accipe
781 3591 1024 3645 puerum
1068 3584 1121 3633 et
1173 3584 1420 3635 matrem
1466 3582 1591 3648 eius
1635 3585 1689 3635 et
1713 3579 1846 3651 fuge
1872 3580 1935 3635 in
1958 3579 2193 3649 {Egyp-

545 3668 686 3720 tum.

611 3754 776 3810 Vers.
809 3754 896 3810 4-0.
930 3756 1086 3811 Puer
1104 3761 1295 3813 autem
1325 3786 1394 3797 ——
1422 3771 1602 3827 super
1623 3757 1812 3813 illum.
1849 3756 2055 3823 Quoad
2080 3756 2195 3812 hu-

546 3843 887 3899 manitatem
927 3843 1056 3900 haec
1101 3845 1306 3901 omnia
1357 3846 1639 3916 intellige.
1689 3850 1994 3918 Tanquam
2048 3860 2195 3918 puer

542 3932 700 3988 enim
729 3933 1037 3988 crescebat
1065 3940 1236 3989 aetate
1270 3950 1281 3989 :
1312 3935 1814 3991 corroborabatnr
1861 3942 2061 3991 autem
2088 3936 2196 3990 ad-

541 4036 759 4085 versus,
781 4021 1087 4086 malitiam,
1122 4023 1353 4092 spiritu,
1387 4022 1510 4078 sive
1540 4023 1701 4079 unita
1726 4024 1842 4078 sibi
1864 4024 2190 4078 divinitate.

543 4110 692 4164 Nam
717 4107 967 4178 Spiritus
987 4113 1235 4164 vocatur
1255 4114 1307 4164 et
1335 4109 1646 4177 Divinitas;
1669 4109 2029 4181 implebatur
2053 4126 2194 4166 vero

543 4194 847 4266 sapientia,
865 4199 1153 4267 tanquam
1166 4196 1459 4252 divinitati
1487 4199 1686 4253 unitns
1708 4200 1927 4269 ;gratia
1953 4215 2197 4272 quoque

546 4283 692 4338 uniti
713 4282 827 4337 sibi
856 4283 955 4338 Dei
977 4290 1099 4339 erat
1129 4300 1310 4356 super
1335 4285 1520 4356 illum,
1544 4303 1679 4358 quas
1706 4288 1904 4358 ipsum
1924 4287 2196 4344 modera-

545 4372 739 4437 batur,
774 4371 1015 4441 regebal
1052 4378 1109 4429 et
1147 4374 1565 4447 componebat.

617 4461 723 4517 Vel
757 4461 937 4519 etiam
985 4462 1102 4518 alio
1164 4465 1369 4522 modo.
1406 4466 1910 4524 Corroborabatur
1956 4468 2194 4540 Spiritu,

545 4551 813 4608 videlicet
869 4559 1115 4620 sancto;
1154 4553 1345 4625 gratia
1398 4562 1598 4611 autem
1644 4557 1765 4623 Dei,
1819 4559 1943 4615 sive
1985 4558 2194 4632 patris,

545 4647 672 4698 erat
692 4641 1069 4711 superillum.
1091 4644 1250 4699 Sicut
1265 4644 1425 4700 enim
1446 4646 1789 4702 incarnatus
1808 4651 1893 4702 est
1916 4664 1987 4703 ex
2009 4648 2196 4704 Patris

544 4730 940 4803 beneplacito,
970 4747 1038 4788 ac
1063 4734 1515 4804 superveniente
1542 4736 1759 4807 Spiritu
1825 4741 2030 4793 sancto
2073 4752 2084 4792 :
2115 4737 2200 4793 ita

546 4820 726 4877 etiam
758 4820 1221 4878 conversabatur
1245 4838 1315 4878 ac
1343 4823 1702 4895 Operabatur
1743 4840 1845 4897 per
1865 4824 2197 4897 beneplaci-

548 4914 678 4966 tum
728 4910 908 4965 Patris
939 4916 995 4966 et
1025 4912 1498 4983 cooperationem
1531 4913 1778 4984 Spiritus
1798 4913 2008 4970 sancti.

622 5001 782 5053 Vers.
810 5001 899 5055 41.
925 5000 995 5055 Et
1016 4999 1181 5057 ibant
1210 5031 1280 5041 —
1300 5000 1469 5058 Vers.
1502 5005 1590 5058 43.
1617 5002 1969 5060 Jerusalem.
1994 5001 2199 5062 Finitis

548 5088 1169 5158 diebus,videlicetdie
1182 5090 1329 5148 festo
1342 5091 1787 5159 Paschm,diebu
1795 5109 1859 5165 sq
1867 5109 1940 5150 ue
1953 5094 2200 5167 Azymo-

622 5197 668 5233 ³¹
698 5195 897 5253 Matth.
919 5212 976 5264 ιι,
1013 5198 1098 5255 t3.

2300 3225 2367 3276 ὧν
2394 3226 2418 3276 ὁ
2448 3228 2602 3297 νόμος
2636 3221 2848 3276 ἐκέλευε.

2370 3315 2609 3372 Ζὴτὴσον
2642 3308 2700 3364 δὲ
2740 3315 2830 3363 καὶ
2877 3309 2925 3362 ἐν
2973 3317 3046 3379 τῷ
3092 3312 3280 3382 πρώτῳ
3322 3303 3580 3377 κεφαλαίῳ
3622 3311 3715 3354 τοῦ
3766 3305 3903 3353 κατὰ

2299 3406 2567 3457 Ματθαῑον
2640 3406 2731 3459 τὴν
2812 3398 3060 3471 ἐξήγησιν
3135 3403 3250 3448 τοῦ·
3322 3391 3467 3446 ’ἰδοὺ
3521 3389 3740 3463 ἄγγελος
3801 3396 3904 3443 Κυ-

2300 3498 2415 3569 ρίου
2448 3497 2679 3564 φαίνεται
2709 3490 2822 3541 κατ’
2869 3492 2989 3562 ὄναρ
3039 3494 3111 3556 τῷ
3165 3485 3358 3556 Ἰωσὴφ
3410 3482 3587 3552 λέγων·
3644 3479 3905 3553 Ἐγερθεὶς

2302 3579 2565 3654 παράλαϐε
2591 3583 2646 3632 τὸ
2672 3574 2888 3631 παιδίον
2936 3580 3025 3628 καὶ
3056 3580 3144 3633 τὴν
3169 3577 3370 3647 μητέρα
3407 3571 3587 3632 αὐτοῦ,
3628 3574 3720 3621 καὶ
3750 3575 3905 3640 φεῦγε

2303 3673 2370 3734 εἰς
2403 3674 2683 3741 Αἴγυπτον.

2371 3765 2441 3813 Τὸ
2482 3756 2540 3812 δὲ
2595 3752 2809 3810 παιδίον
2862 3785 2930 3795 -
2976 3752 3053 3805 ἐπ’
3117 3752 3256 3823 αὐτῷ
3345 3751 3492 3803 Κατὰ
3528 3751 3586 3800 τὸ
3642 3745 3906 3817 ἀνθρώπι-

2301 3869 2383 3902 νον
2426 3854 2594 3900 ταῦτα
2636 3848 2805 3898 πάντα
2855 3861 3063 3901 νοὴσον.
3119 3841 3205 3901 Ὠς
3254 3835 3468 3892 παιδίον
3507 3837 3624 3909 (71)
3667 3838 3771 3908 γὰρ
3811 3837 3903 3892 ἡῦ-

2303 3937 2419 4001 ξανε
2474 3938 2564 4010 μὲν
2608 3934 2677 3994 εἰς
2704 3932 2930 4003 ἡλικίαν,
2953 3936 3289 4004 εκραταιοῦτο
3329 3924 3387 3981 δε
3415 3929 3550 3978 κατὰ
3580 3933 3675 3988 τῆς
3716 3929 3904 3985 κακίας

2301 4029 2578 4099 πνεύματι,
2674 4026 2836 4092 ἤγουν
2918 4028 2981 4093 τῇ
3076 4021 3307 4091 ἡνωμένῃ
3421 4016 3561 4085 αὐτῷ
3675 4015 3900 4072 θεότὴτι.

2304 4122 2512 4187 Πνεῦμα
2538 4115 2637 4187 γὰρ
2668 4110 2871 4163 καλιιαι
2913 4113 3004 4161 καὶ
3041 4110 3072 4166 ἡ
3106 4109 3300 4167 θεότης.
3343 4105 3447 4160 Καὶ
3481 4102 3769 4178 ἐπληροῦτο
3814 4105 3900 4173 μὲν

2307 4208 2512 4276 σοφίας,
2544 4205 2613 4264 ὡς
2641 4202 2897 4273 ἡνωμένον
2926 4206 2990 4271 τῇ
3027 4200 3203 4269 σοφίᾳο
3238 4196 3402 4267 χάρις
3431 4189 3491 4245 δὲ
3518 4200 3612 4244 τοῦ
3643 4195 3900 4264 ἡνωμένον

2305 4293 2447 4363 αὐτῷ
2495 4296 2621 4344 Θεοῦ
2652 4286 2713 4348 ἧν
2770 4287 2848 4341 ἔπ’
2905 4288 3064 4357 αύτῷ,
3118 4280 3539 4356 παιδαγωγοῦσα
3599 4289 3754 4333 τοῦτο
3816 4286 3899 4332 καὶ

2231 4403 2275 4457 [)
2303 4381 2641 4458 ῥυθμίζουσα
2669 4382 2759 4430 καὶ
2787 4381 3217 4447 κατακοσμοῦσα.

2376 4469 2445 4522 ’Ἡ
2475 4474 2565 4521 καὶ
2608 4468 2809 4540 ἑτέρως.
2866 4464 3232 4539 Ἐκραταιοῦτο
3286 4463 3375 4534 μὶν
3428 4461 3708 4531 Πνεύματι,
3763 4460 3892 4513 ἦτοι·

2305 4568 2377 4632 τῷ
2425 4559 2585 4631 ἁγίῳ·
2645 4558 2804 4629 χάρις
2850 4551 2910 4606 δὲ
2962 4552 3074 4625 (72)
3132 4556 3280 4619 Θεοῦ,
3331 4554 3493 4621 ἤγουν
3541 4554 3629 4600 τοῦ
3680 4546 3887 4632 Πατρός,

2307 4630 2368 4708 ἡν
2418 4630 2495 4700 ἐπ’
2554 4646 2714 4715 αὐτῷ.
2784 4641 2984 4714 Ὠσπερ
3042 4642 3140 4715 γὰρ
3212 4637 3486 4713 ἐσαρκώθὴ
3554 4635 3749 4705 Πατρός
3813 4630 3885 4683 εύ-

2308 4735 2486 4809 ὁοκίᾳ,
2550 4739 2640 4787 καὶ
2699 4734 2988 4804 Πνεύματος
3057 4728 3209 4800 ἁγίου
3277 4726 3552 4780 ἐπελεύσει·
3617 4724 3748 4777 ούτω
3808 4725 3895 4774 καὶ

2308 4826 2642 4893 ἐπολιτεύετο,
2693 4827 2782 4874 καὶ
2843 4820 3068 4892 ἐνήργει,
3125 4812 3340 4889 εύδοκιᾳ
3392 4818 3481 4887 μεν
3540 4822 3629 4867 τοῦ
3689 4816 3900 4887 Πατρὸς,

2310 4918 2558 4988 συνεργίᾳ
2586 4908 2646 4965 δε
2669 4917 2762 4963 τοῦ
2787 4909 2939 4981 ἁγίου
2971 4909 3287 4978 Πνεύματος.

2382 5007 2483 5058 Καὶ
2564 5000 2865 5075 ἐπορεύοντο
2944 5028 3014 5037 —
3082 4993 3442 5071 Ἰερουσαλήμ.
3522 4993 3903 5045 Τελειωσοὶντων

2308 5095 2398 5154 τὰς
2453 5094 2651 5166 ἡμέρας
2699 5090 2790 5151 τὰς
2849 5094 2947 5148 τῆς
2995 5085 3171 5160 ἑορτῆς
3242 5090 3333 5136 τοῦ
3394 5083 3598 5153 Πάτχα
3666 5085 3757 5134 καὶ
3818 5088 3903 5142 τῆς

1855 5300 2083 5369 Variae
2116 5300 2444 5370 lectiones
2458 5303 2526 5365 et
2550 5304 2753 5363 notat.

622 5409 737 5483 (7i)
762 5411 865 5483 Γάρ
906 5410 1096 5467 abest.
1129 5413 1194 5467 Α.

623 5585 749 5658 (ge)
811 5586 1380 5664 Illudabsoluebat.
1424 5589 1613 5648 Istum
1653 5592 1895 5664 quidem
1925 5592 2198 5651 demisit:

549 5659 705 5717 hanc
736 5673 875 5715 vero
903 5658 1161 5717 retinuit.
1202 5663 1281 5716 De
1324 5661 1601 5718 Simeone
1631 5658 1827 5720 sermo
1852 5669 2003 5721 estet
2025 5668 2204 5726 Anna

2382 5412 2497 5487 (72)
2532 5417 2635 5465 Τοῦ
2666 5407 2835 5465 addit
2872 5413 2935 5462 Α.

2309 5606 2467 5719 ιιι)ῐὲ9
2480 5589 2555 5646 de
2602 5583 2988 5644 testamentis.
3034 5579 3305 5638 Ἀπολύειν
3354 5578 3596 5652 respicit
3646 5577 3725 5634 ad
3777 5592 3904 5655 cap.

2312 5680 2374 5719 ιι.
2476 5703 2490 5719 .

2312 5680 2374 5731 n,
2398 5680 2490 5720 κν.
