4170 6364
278 333 403 390 897

286 466 493 540 ἑορτῆς
530 477 631 520 τῶν
670 465 931 537 Ἀξυμων.

289 557 347 610 ἐν
394 556 767 633 Ἰερουσαλήμ,
839 552 1154 626 βουλόμενος
1197 549 1456 622 συμμίξαι
1497 554 1606 609 τοῖς
1647 543 1917 599 διδασκοί-

288 645 438 705 λοις.

379 740 493 786 Καὶ
524 733 617 785 οὐκ
659 763 728 773 -—
775 732 954 785 αὐτοῦ.
1007 732 1152 782 Κατὰ
1199 730 1335 780 θείαν
1382 727 1694 797 οἰκονομίαν,
1732 725 1814 775 ἶνα
1843 727 1911 794 μή

291 821 626 874 κωλύσωσιν
655 821 829 885 αὐτὸν,
877 823 942 880 ὡς
970 815 1139 871 παῖδα
1161 823 1249 869 οιαὶ
1280 816 1637 890 ἀγράμματον.

383 1022 711 1089 Νομίσαντες
744 1046 809 1055 --
848 1011 1205 1067 διδασκάλων.
1245 1017 1381 1066 Μίαν
1420 1015 1509 1085 μὲν
1558 1013 1752 1085 ἡμέραν
1790 1009 1916 1061 ἀνά-

298 1106 517 1169 λωσαν,
551 1108 633 1158 ὅτε
662 1102 816 1163 ἦλθον
856 1106 1053 1176 ἡμέρας
1080 1100 1223 1166 ὁδὸν,
1266 1106 1353 1153 καὶ
1383 1100 1657 1160 ἀνεζήτουν
1686 1099 1838 1151 αὐτὸν
1870 1097 1917 1149 ἐν

305 1203 435 1255 τοῖς
466 1198 739 1267 συγγενέσι
782 1198 871 1245 καὶ
902 1191 949 1243 ἐν
988 1200 1097 1251 τοῖς
1146 1198 1389 1262 γνωστοῖς
1432 1207 1444 1219 ο
1479 1189 1650 1261 ἑτέραν
1704 1186 1780 1257 δὲ,
1811 1190 1915 1253 ὅτε,

306 1288 390 1355 μὴ
433 1285 662 1358 εὑρόντες
719 1282 892 1351 αὐτὸν,
929 1280 1256 1354 ὑπέστρεψαν
1302 1279 1373 1341 εἰς
1418 1277 1777 1352 Ἰερουσαλὴμ,
1833 1280 1919 1337 ζη⁹

305 1380 529 1433 τοῦντες
559 1372 709 1423 αὐτόν
753 1387 765 1399 ⁸
791 1373 925 1421 κατὰ
952 1374 1046 1427 τήν
1069 1373 1248 1442 τρίτην
1281 1365 1339 1420 δὲ
1376 1367 1550 1419 λοιπὸν
1571 1368 1712 1438 εὗρον
1741 1365 1914 1417 αὐτόν.

304 1463 405 1511 Ἐν
436 1468 510 1530 τῷ
540 1463 656 1532 ἱερῷ
690 1456 747 1512 δὲ
787 1458 1079 1531 εὑρίσκεται
1107 1459 1131 1509 ὁ
1162 1461 1409 1531 Χριστὸς,
1443 1460 1603 1526 ἤγουν
1636 1453 1681 1505 ἐν
1703 1464 1771 1524 τῷ
1805 1456 1920 1528 ἱερῷ

307 1553 489 1619 τόπῳ,
522 1552 609 1599 καὶ
646 1546 693 1598 ἐν
721 1555 793 1617 τῷ
827 1547 942 1621 ἱερώ
973 1548 1262 1620 πράγματι,
1295 1551 1383 1597 καὶ
1411 1544 1457 1597 ἐν
1488 1553 1559 1615 τῷ
1583 1546 1699 1618 ἱερῷ
1730 1542 1919 1617 ἀνθρώ-

305 1658 418 1709 Ίῒᾳᾙ

392 1726 686 1777 Ἀκούοντα
750 1756 815 1764 ——
870 1724 1071 1783 αὐτούς.
1119 1724 1397 1775 Ἀκούοντα
1447 1727 1537 1774 καὶ
1593 1720 1922 1795 ἐπερωτῶντα

1436 322 1781 382 COMMENT
1820 320 1889 376 IN
1928 314 2196 372 LUCAM.
2235 348 2305 359 —-
2341 318 2499 374 CAP.
2542 317 2636 372 III.

998 463 1254 535 ’Υπέμεινε
1298 457 1357 512 δὲ
1410 464 1594 523 εἶτουν,
1640 456 1913 526 ὑπελείφθη

2071 457 2179 497 1m.
2199 442 2503 498 Remansit
2515 445 2737 505 autem,
2753 440 2875 496 sive
2887 439 3122 497 relictus
3136 440 3299 497 estin
3311 441 3667 508 Jerusalem,

2022 530 2232 586 volens
2258 529 2631 586 commisceri
2658 528 3018 586 doctoribus.

3565 318 3669 371 898

2099 743 2257 796 Vers.
2300 746 2389 797 43.
2423 742 2498 796 Et
2528 757 2648 797 non
2677 773 2746 781 —
2777 744 2923 811 ejus.
2955 743 3129 798 Juxta
3170 742 3437 799 divinam
3480 743 3671 799 Provi-

2027 830 2291 887 dentiam
2306 830 2421 885 hoc
2449 831 2673 885 factum
2696 836 2801 894 est,
2826 847 2899 885 ne
2921 831 3473 901 prohiberenteum,
3497 832 3674 904 quasi

2026 937 2280 991 puerum
2306 926 2363 976 et
2387 920 2509 974 sine
2539 918 2767 974 litteris.

2100 1010 2261 1066 Vers.
2294 1012 2379 1063 44.
2428 1009 2840 1065 Existimanles
2892 1039 2959 1048 —
3007 1009 3167 1063 Vers.
3212 1011 3300 1064 46.
3350 1011 3674 1067 doctorum.

2029 1100 2223 1154 Unum
2250 1097 2494 1170 quidem
2517 1097 2673 1152 diem
2698 1102 3217 1168 consumpserunt,
3247 1099 3488 1168 quando
3507 1116 3677 1155 vene—

2028 1191 2165 1242 runt
2187 1187 2394 1242 itinere
2406 1187 2538 1252 diei,
2557 1190 2616 1241 et
2634 1184 3022 1253 requirebant
3040 1185 3204 1240 illum
3222 1186 3372 1242 inter
3393 1193 3678 1258 cognatos

2028 1280 2085 1331 et
2115 1282 2288 1331 notos
2322 1292 2335 1340 ;
2370 1276 2612 1330 alterum
2637 1274 2884 1347 quando
2931 1289 3048 1329 non
3079 1275 3321 1330 invento
3351 1290 3422 1331 eo
3460 1277 3680 1331 reversi

2030 1364 2239 1419 suntin
2264 1364 2586 1419 Jerusalem
2606 1368 2939 1435 quaerentes
2964 1363 3131 1418 illum
3154 1380 3166 1428 ;
3201 1362 3425 1420 circiter
3447 1365 3680 1421 tertium

2030 1470 2166 1508 vero
2206 1454 2446 1507 tandem
2484 1455 2835 1507 invenerant
2854 1452 3046 1508 illum.

2104 1545 2164 1596 In
2214 1542 2438 1613 templo
2494 1541 2789 1596 invenitur
2842 1540 3127 1606 Christus,
3227 1542 3351 1598 sive
3408 1543 3468 1598 in
3515 1560 3681 1601 sacro

2029 1630 2156 1685 loco
2203 1635 2259 1685 et
2304 1631 2363 1684 in
2414 1646 2584 1684 sacro
2629 1629 2889 1698 negotio,
2956 1646 3027 1684 ac
3078 1630 3140 1684 in
3191 1646 3362 1685 sacro
3414 1632 3679 1687 homine.

2102 1721 2261 1773 Vers.
2292 1722 2378 1774 46.
2413 1719 2762 1774 Audientem
2791 1748 2860 1758 -—
2898 1733 3013 1774 eos.
3040 1717 3392 1775 Audientem
3419 1728 3475 1775 et
3514 1721 3685 1777 inter-

308 1820 445 1888 περὶ
487 1823 587 1867 τῶν
632 1818 884 1885 νομίμων,
940 1814 1022 1864 ἵνα
1066 1812 1120 1863 ἐκ
1171 1816 1404 1872 νεότητος
1435 1814 1462 1869 ἡ
1506 1814 1713 1871 σύνεσις
1763 1811 1921 1862 αὑτοῦ

2071 1815 2342 1876 ogantem
2376 1807 2449 1861 de
2490 1806 2804 1876 legalibus,
2867 1812 2928 1862 ut
2971 1823 3008 1861 a
3058 1822 3244 1877 puero
3296 1807 3687 1878 intelligentia

308 1905 618 1976 γνῶρισθῇ.
666 1901 973 1973 Φοϐηθώμεν
1013 1897 1100 1952 οὖν
1140 1902 1188 1952 οἱ
1214 1897 1553 1967 ὁιὸάσκαλοι,
1584 1905 1925 1971 γινώσκοντες

313 1994 405 2044 ὅτι
436 1991 484 2043 ἐν
535 1996 676 2063 μέσῳ
729 1994 873 2063 ἡμῶν
901 1988 1041 2041 ἐστιν
1094 1992 1119 2041 ὁ
1168 1993 1417 2064 Χριστὸς,
1468 1992 1765 2063 προσέχων,
1816 1997 1923 2049 πῶς

317 2078 678 2152 διδάσκομεν.

401 2170 703 2231 Ἐξίσταντο
748 2201 801 2208 ——-
842 2170 1020 2221 αὐτοῦ.
1055 2165 1200 2221 "Eds:
1246 2170 1348 2239 γὰρ
1379 2175 1531 2220 τοῦτο
1551 2169 1812 2238 γενέσθαι,
1847 2170 1929 2218 ἱνα

320 2260 547 2333 ὕστερον
580 2256 853 2311 διδάσκων
878 2255 1262 2334 εὐπαραδεκτος
1283 2259 1461 2319 αὐτοῖς
1491 2262 1590 2316 ε’ίη.

408 2354 507 2401 Καὶ
542 2346 732 2409 ἰδόντες
759 2349 909 2400 αὐτὸν
955 2348 1331 2419 ἐξεπλάγησαν.
1377 2348 1434 2400 Ὀ
1460 2348 1655 2419 Ἰωσὴφ
1689 2345 1930 2405 δηλονότι

323 2443 423 2489 καὶ
453 2440 482 2495 ἡ
527 2443 711 2511 Μήτηρ
746 2437 924 2490 αὐτοῦ.
952 2438 1338 2507 Ἐξεπλάγησαν
1372 2433 1430 2488 δὲ
1455 2437 1514 2488 οὐ
1540 2442 1691 2508 μόνον
1716 2434 1809 2489 διὰ
1837 2442 1929 2495 τήν

327 2530 542 2579 σύνεσιν
575 2527 781 2588 καὶτὰς
812 2526 1115 2601 ἀποκρίσεις
1168 2526 1349 2594 αὐτοῦ,
1403 2524 1529 2578 ἀλλὰ
1570 2531 1660 2577 καὶ
1708 2523 1801 2577 διὰ
1837 2530 1930 2584 τήν

324 2615 549 2686 τόλμαν.

410 2710 510 2757 Καὶ
562 2708 686 2777 πρὸς
740 2736 807 2744 -
849 2723 923 2758 σε,
978 2706 1182 2775 Πατέρα
1222 2702 1377 2754 αὐτοῦ
1424 2706 1507 2754 τὸν
1562 2702 1756 2774 Ἰωσὴφ
1813 2704 1935 2755 ὠνό-

316 2812 521 2863 μοεσεν,
580 2797 648 2854 ὡς
698 2801 978 2865 μνηστῆρα
1008 2792 1211 2856 ἑαυτῆς,
1268 2797 1356 2843 καὶ
1405 2793 1474 2851 ὡς
1517 2794 1702 2863 τροφὸν
1751 2791 1928 2843 αὐτοῦ.

316 2879 692 2952 Ὀ-ὃυνώμενοι
743 2878 802 2932 δὲ
834 2879 1050 2940 ἐζήτουν
1082 2880 1256 2949 αὐτὸν,
1312 2877 1404 2931 διὰ
1445 2884 1538 2935 τήν
1575 2884 1784 2951 σχέσιν.
1836 2884 1934 2932 Καὶ

322 2970 368 3019 εἴ
406 2988 485 3029 τις
517 2966 575 3021 δε
605 2968 658 3020 ἐκ
698 2971 860 3021 πόθου
896 2966 1217 3041 ὀδυνώμενος
1248 2970 1469 3029 ζητήσει
1523 2968 1698 3037 αὐτὸν,
1733 2971 1935 3043 εὑρήσει

324 3076 518 3109 αωτον.

2034 1897 2162 1968 ejus
2179 1896 2416 1965 cognita
2434 1896 2601 1951 foret.
2625 1897 2962 1950 Timeamus
2985 1911 3147 1965 ergo,
3172 1896 3275 1967 qui
3290 1904 3686 1970 prmoeptores

2036 2001 2268 2053 sumus,
2295 1984 2578 2056 quoniam
2612 1984 2671 2037 in
2727 1984 2927 2038 medio
2958 1988 3228 2039 nostrum
3259 1990 3345 2040 est
3398 1987 3683 2054 Christus,

2035 2073 2369 2139 attendens,
2396 2088 2519 2143 quo
2544 2076 2719 2143 pacto
2750 2072 3094 2127 doceamus.

2108 2163 2268 2216 Vers.
2301 2161 2390 2217 47.
2418 2161 2744 2229 Stupebant
2777 2191 2843 2199 -
2870 2162 3017 2229 ejus.
3040 2162 3362 2231 Oportebat
3387 2163 3546 2219 enim
3571 2164 3687 2221 hoc

2038 2251 2255 2317 lieri,ut
2271 2266 2408 2305 cum
2427 2256 2633 2319 postea
2645 2248 3077 2314 doceret,facile
3089 2251 3166 2304 ab
3180 2250 3291 2305 illis
3306 2253 3685 2324 reciperetur.

2110 2340 2375 2394 Vers.48.
2399 2339 2477 2393 Et
2500 2338 2619 2392 viso
2632 2338 3159 2405 eoobslupuerunt.
3182 2340 3400 2410 Joseph
3417 2341 3692 2397 videlicet

2039 2433 2096 2484 et
2125 2428 2308 2483 Mater
2345 2426 2495 2496 ejus.
2526 2424 2974 2495 Obstupuerunt
3020 2430 3241 2494 autem,
3289 2443 3409 2482 non
3450 2435 3693 2500 propter

2042 2515 2486 2584 intelligentiam
2533 2518 2768 2568 tantum
2813 2518 2870 2568 et
2915 2529 3202 2585 responsa
3251 2514 3425 2581 illius,
3480 2533 3690 2573 verum

2042 2604 2219 2660 etiam
2252 2606 2492 2673 propter
2516 2602 2856 2657 audaciam.

2114 2691 2281 2746 Vers.
2311 2691 2401 2748 48.
2434 2691 2509 2745 El
2526 2691 2606 2747 ad
2639 2690 2836 2746 illium
2866 2721 2936 2732 —
2962 2698 3034 2748 te.
3068 2692 3561 2765 Patrem,.loseph
3590 2710 3689 2751 no.

2047 2780 2293 2836 minavit
2316 2821 2328 2845 ,
2359 2785 2559 2851 utpote
2583 2795 2869 2850 sponsum
2896 2797 3091 2847 suum,
3112 2786 3170 2837 et
3190 2782 3343 2837 illius
3361 2783 3691 2839 nutritium.

2046 2868 2318 2925 Dolentes
2345 2875 2544 2924 autem
2582 2869 2930 2941 quaarebant
2960 2869 3151 2935 illum,
3184 2876 3427 2943 propter
3451 2871 3693 2943 longam

2048 2974 2272 3015 moram
2303 2965 2359 3014 et
2386 2958 2769 3013 desiderium.
2804 2958 2859 3014 Si
2898 2959 3033 3030 quis
3063 2976 3205 3030 ergo
3234 2976 3356 3032 pra».
3399 2960 3695 3017 desiderio

2045 3048 2259 3103 dolens
2286 3053 2516 3119 qumrat
2546 3063 2685 3101 eum
2723 3047 2983 3102 inveniet
3007 3047 3197 3103 illum.

418 3152 515 3199 Καὶ
545 3144 653 3199 εἷπε
683 3180 749 3187 —
794 3168 856 3220 με
908 3148 1034 3214 ;Ὠς
1061 3148 1383 3220 πλανώμενον
1425 3144 1656 3206 δηλαδή.
1710 3151 1835 3209 Θεὸς
1878 3149 1934 3200 οὐ

2116 3137 2278 3192 Vers.
2312 3140 2400 3191 49.
2434 3138 2510 3191 Ει
2540 3136 2687 3192 dixit
2728 3167 2795 3175 —
2825 3140 2963 3192 me?
2994 3138 3172 3202 Quasi
3214 3142 3511 3195 errantem
3541 3139 3699 3194 vide-

326 3232 615 3291 πλανᾶται.

414 3325 524 3376 Οὐκ
564 3322 740 3397 ᾔδειτε
772 3357 840 3365 —
887 3346 949 3397 με
992 3342 1004 3392 ;
1039 3326 1119 3378 Ἐν
1157 3334 1229 3384 τῶ
1262 3329 1385 3396 οἴκῳ
1425 3334 1516 3378 τοῦ
1574 3332 1774 3400 Πατρός
1812 3347 1933 3399 μου,

337 3413 515 3485 Ἔλεγε
546 3411 605 3466 δὲ
635 3414 752 3487 περὶ
780 3424 871 3466 τοῦ
900 3417 1055 3489 ἱεροῦ,
1091 3416 1115 3466 ὃ
1142 3424 1212 3485 τῷ
1244 3423 1356 3483 Θεῷ
1396 3420 1483 3466 καὶ
1528 3421 1692 3487 Πατρὶ
1723 3416 1880 3467 αὐτοῦ
1911 3418 1936 3468 ὁ

340 3502 576 3574 Σολομῶν
622 3502 979 3576 ᾠκοδόμησεν.
1036 3504 1169 3556 Ἀλλ’
1199 3506 1228 3561 ἡ
1263 3507 1352 3575 μὲν
1384 3509 1572 3576 Μήτηρ
1606 3504 1784 3569 αὑτοῦ,
1819 3511 1937 3578 περὶ

336 3600 431 3643 τοῦ
462 3595 598 3644 θέσει
628 3596 824 3665 [ἰατρὸς
855 3593 1015 3644 αὐτοῦ
1041 3591 1194 3644 εἶπεν·
1226 3592 1384 3654 αὐτὸς
1411 3589 1468 3644 δὲ
1498 3596 1660 3665 ταύτῃ
1685 3596 1772 3645 τὸν
1787 3596 1939 3664 φύσει

344 3684 552 3753 Πατέρα
579 3682 738 3733 αὐτοῦ
768 3680 1015 3753 ἐγνώρισε
1031 3723 1044 3737 .

420 3882 519 3929 Καὶ
549 3876 700 3929 αὐτοὶ
731 3908 799 3916 —
833 3876 1025 3935 αὐτοῖς.
1055 3878 1124 3928 Τὸ
1150 3880 1264 3948 περὶ
1297 3884 1390 3927 τοῦ
1423 3879 1580 3948 ἱεροῦ.

422 3970 521 4017 Καὶ
550 3965 738 4024 κατέϐη
801 3997 867 4005 --
912 3966 1102 4025 αὐτοῖς.
1142 3961 1410 4017 Παιδεύων
1459 3968 1841 4019 ὑποτάττεσθαι
1866 3970 1936 4038 μή

343 4057 500 4124 μόνον
524 4056 634 4117 τοὶς
663 4057 815 4126 φύσει
843 4062 1103 4126 γονεῦσιν,
1138 4052 1266 4105 ἀλλὰ
1287 4058 1376 4106 καὶ
1404 4062 1514 4117 τοῖς
1546 4057 1705 4107 θέσει.

423 4237 524 4285 Καὶ
554 4233 584 4290 ἡ
632 4236 807 4305 μήτηρ
839 4263 907 4271 -
956 4231 1085 4290 αὐτῆ
1100 4251 1137 4292 ς.
1181 4233 1257 4283 Τὰ
1285 4236 1403 4304 περὶ
1454 4240 1545 4284 τοῦ
1570 4234 1727 4305 ἱεροῦ,
1760 4236 1850 4285 καὶ
1878 4234 1945 4284 τὰ

344 4328 585 4388 τοιαῦτα,
613 4322 680 4382 ὡς
709 4322 923 4394 ῥήματα
949 4320 1055 4391 οὐχ
1093 4319 1267 4381 ἁπλῶς
1295 4317 1504 4386 παιδὸς,
1557 4320 1683 4373 ἀλλά
1712 4325 1800 4374 καὶ
1822 4328 1943 4374 Υιοῦ

347 4417 443 4462 τοῦ
477 4417 631 4461 Θεοῦ.
660 4414 890 4484 Διετήρει
938 4406 997 4461 δὲ
1026 4418 1191 4461 ταυτα
1215 4408 1532 4472 ἔξετάζουσα
1578 4410 1694 4461 καθ’
1736 4410 1942 4477 ἑαυτὴν,
1984 4442 2027 4495 D

350 4501 423 4559 ὡς
452 4503 522 4569 μὴ
554 4497 728 4559 ἁπλῶς
758 4499 1018 4571 εἰρημένα.

428 4593 529 4639 Καὶ
560 4587 767 4648 Ἰησοῦς
796 4616 866 4627 —-
888 4585 1197 4658 ἀνθρώποις,
1230 4584 1319 4647 Ὠς
1333 4583 1547 4637 παιδίον
1586 4589 1724 4658 νόμῳ
1752 4588 1947 4658 φύσεως

354 4674 683 4747 ἀνθρωπίνης
702 4679 1011 4749 προέκοπτεν
1039 4674 1111 4735 εἰς
1139 4682 1306 4726 ταῦτα
1334 4678 1469 4727 κατὰ
1506 4678 1709 4747 μικρὸν·
1754 4676 1821 4737 ὡς
1846 4678 1947 4749 γὰρ

357 4767 485 4826 Θεὸς
511 4764 798 4825 παντέλειος
825 4761 885 4822 ἧν
898 4808 910 4821 ,

433 4851 746 4927 [Γρηγορίου
778 4853 890 4925 (73)
910 4859 1000 4905 τοῦ
1033 4851 1792 4924 Θεολὸγου.Προέκοπτε,φησὶν
1813 4855 1948 4923 (74),

361 4942 535 5016 ὥσπερ
573 4941 768 5015 ἡλικίᾳ,
829 4942 962 4993 οὕτω
1019 4946 1109 4993 καὶ
1168 4945 1325 5013 σοφίᾳ
1375 4946 1463 4993 καὶ
1515 4943 1722 5015 χάριτι.
1779 4941 1855 4993 Οὐ
1882 4950 1953 5013 τῷ

1132 5049 1144 5062 ’
1179 5034 1230 5081 τί
1267 5033 1365 5101 γὰρ
1414 5036 1506 5081 τοῦ
1538 5028 1629 5081 ἀπ’
1657 5029 1834 5104 ἀρχῆς
1870 5049 1955 5083 τε-

359 5119 498 5171 λείου
528 5120 713 5191 γένοιτ’
740 5120 800 5171 ἂν
838 5120 1135 5193 τελεώτερον
1170 5138 1183 5187 ;
1214 5117 1340 5170 ἀλλὰ
1357 5126 1430 5188 τῷ
1459 5120 1595 5171 κατὰ
1622 5122 1807 5191 μικρὸν
1832 5127 1954 5171 ταῦ-

356 5049 527 5082 ταυτα
554 5029 827 5103 λαμϐάνειν
859 5030 989 5092 αὔξη
999 5048 1081 5082 σιν

358 5227 424 5260 τα
443 5211 914 5283 παραγυμνουσθαι
938 5210 1027 5260 οἷαὶ
1057 5209 1515 5281 παρεκφαίνεσθαι.
1546 5206 1569 5280 ]

475 5304 620 5351 ΚΕΦ.
646 5298 718 5351 Ε’.
758 5303 884 5374 Περὶ
907 5304 1000 5349 τοῦ
1027 5300 1294 5369 γενομένου
1324 5298 1553 5371 ῥήματος
1585 5299 1710 5369 πρὸς
1740 5296 1848 5350 Ἰω-

1067 5406 1241 5444 αννην.

427 5478 511 5531 Ἐν
589 5480 688 5529 ἔτει
752 5508 821 5516 -
879 5481 1162 5548 Καίσαρος.
1235 5478 1379 5528 Μετά
1436 5479 1520 5527 τὸν
1581 5474 1953 5549 προρρηθέντα.

2045 3225 2178 3281 licet
2214 3241 2225 3278 :
2275 3228 2422 3279 Deus
2451 3224 2610 3278 enim
2638 3239 2759 3278 non
2789 3229 2961 3280 errat.

2119 3316 2274 3369 Vers.
2325 3314 2413 3367 49.
2446 3314 2804 3369 Nesciebalis
2835 3328 3015 3369 —me
3037 3314 3065 3367 ?
3096 3314 3150 3369 Id
3185 3320 3289 3381 est,
3316 3316 3375 3370 in
3406 3316 3701 3371 domoPa-

2048 3403 2150 3458 tris
2201 3402 2336 3457 mei.
2398 3401 2635 3456 Dicebat
2672 3409 2870 3456 autem
2924 3402 2997 3457 de
3051 3404 3290 3475 templo,
3358 3404 3523 3474 quod
3583 3408 3700 3459 Deo

2049 3490 2316 3561 Patrique
2349 3506 2460 3544 suo
2491 3506 2526 3545 a
2555 3489 2874 3545 Salomone
2904 3491 3262 3546 aediﬁcatum
3305 3498 3448 3547 erat.
3488 3495 3700 3548 Verum

2048 3583 2226 3636 Mater
2255 3579 2380 3649 ejus
2414 3579 2481 3633 de
2520 3577 2806 3649 adoptivo
2850 3584 3016 3649 patre
3062 3580 3257 3635 locuta
3313 3580 3542 3647 fuerat;
3575 3583 3702 3653 ipse

2050 3680 2248 3724 autem
2278 3684 2438 3733 eum,
2466 3668 2569 3739 qui
2617 3672 2829 3722 natura
2872 3668 2982 3723 sibi
3018 3670 3185 3725 Pater
3231 3674 3375 3733 erat,
3427 3671 3703 3727 manifes-

2048 3756 2235 3812 tabat.

2123 3846 2282 3900 Vers.
2329 3846 2398 3900 50
2452 3845 2527 3899 Et
2566 3845 2675 3914 ipsi
2705 3874 2769 3885 —
2800 3845 2925 3900 illis
2954 3845 3126 3909 Quod
3170 3851 3295 3902 erat
3345 3847 3418 3902 de
3458 3847 3699 3919 templo.

2121 3935 2282 3991 Vers.
2319 3934 2497 3988 51.El
2544 3934 2932 3990 descendil—
2982 3934 3122 3990 illis.
3171 3937 3421 4000 Docens,
3455 3942 3519 3992 ut
3568 3935 3703 3991 sub-

2052 4024 2158 4080 diti
2174 4024 2381 4089 simus,
2415 4039 2537 4077 non
2569 4022 2764 4078 solum
2796 4022 3167 4079 naturalibus
3210 4024 3575 4095 parentibus,
3609 4041 3706 4081 ve-

2051 4129 2187 4169 rum
2218 4112 2398 4167 etiam
2425 4111 2744 4182 adoptivis.

2124 4204 2281 4257 Vers.
2317 4206 2402 4256 51.
2439 4202 2518 4256 Et
2538 4207 2727 4257 mater
2748 4231 2810 4241 -
2833 4216 2955 4256 suo.
2986 4202 3121 4266 Qua
3139 4202 3214 4256 de
3241 4202 3453 4275 templo
3483 4203 3710 4259 dixerat

2055 4307 2125 4349 ac
2155 4290 2391 4356 similia,
2424 4294 2718 4361 tanquam
2764 4289 2945 4345 verba
2972 4305 3094 4345 non
3134 4290 3482 4363 simpliciter
3516 4291 3703 4363 pueri,

2055 4380 2161 4436 sed
2183 4379 2361 4436 etiam
2392 4378 2498 4433 ﬁlii
2530 4380 2650 4434 Dei.
2688 4378 3096 4435 Conservabat
3126 4386 3326 4435 autem
3358 4381 3711 4436 examinans

2057 4468 2222 4540 apud
2252 4483 2402 4533 sese,
2430 4472 2633 4538 utpote
2664 4483 2794 4538 quas
2826 4483 2949 4522 non
2978 4468 3299 4538 vulgariter
3328 4469 3492 4525 dicta
3520 4472 3709 4524 erant.

2130 4558 2292 4613 Vers.
2353 4560 2437 4612 52.
2472 4558 2549 4611 Et
2604 4558 2770 4612 Jesus
2796 4586 2863 4597 —
2895 4556 3167 4613 homines.
3199 4560 3510 4629 Tanquam
3562 4572 3713 4629 puer

2057 4645 2187 4715 lege
2206 4645 2485 4701 humanae
2515 4649 2741 4701 naturae
2768 4644 3057 4717 paulatim
3087 4646 3164 4700 ad
3188 4645 3315 4701 haec
3339 4645 3708 4717 proﬁciebat.

2059 4735 2210 4790 Nam
2242 4740 2304 4790 ut
2333 4737 2483 4789 Deus
2512 4734 2762 4789 omnino
2792 4732 3085 4805 perfectus
3106 4739 3249 4790 erat.

2131 4826 2175 4893 -ξ-
2208 4825 2444 4893 Gregor.
2476 4822 2755 4894 Theolog.
2788 4821 3156 4889 Proﬁciebat,
3187 4823 3400 4894 inquit,
3435 4828 3497 4879 ut
3523 4828 3711 4890 aetate,

2064 4913 2144 4968 ita
2165 4917 2222 4967 et
2264 4912 2553 4984 sapientia
2573 4915 2629 4967 et
2653 4911 2858 4980 gratia.
2887 4914 3013 4967 Non
3040 4911 3168 4967 haec
3197 4912 3455 4983 accipere
3485 4918 3717 4984 oportet

2063 5016 2170 5073 per
2216 5005 2633 5071 augmentum.
2683 4998 2837 5065 Quid
2888 4999 3049 5055 enim
3069 5000 3097 5055 ‘I
3122 5003 3273 5056 Num
3304 5000 3407 5072 qui
3439 5001 3517 5058 ab
3546 5001 3716 5058 initio

2064 5089 2360 5161 perfectus
2409 5094 2554 5159 erat,
2586 5088 2900 5161 perfectior
2946 5088 3074 5144 ﬁeri
3099 5094 3329 5161 poterat
3356 5091 3382 5147 ?
3405 5090 3523 5147 Sed
3552 5091 3717 5163 quod

2066 5180 2193 5236 hinc
2232 5178 2520 5252 paulatim
2560 5178 2885 5236 denudaret
2914 5195 2983 5236 ac
3008 5179 3464 5237 demonstraret.

2142 5288 2295 5343 CAP.
2334 5287 2381 5341 V
2402 5318 2489 5339 .—
2509 5288 2587 5343 De
2600 5286 2794 5357 verbo,
2817 5287 2975 5358 quod
2986 5287 3211 5356 factum
3237 5295 3317 5344 est
3331 5288 3413 5345 ad
3422 5289 3716 5345 Joannem.

2143 5478 2292 5530 CAP.
2321 5476 2411 5530 Ill.
2431 5474 2591 5530 Vers.
2614 5476 2663 5529 1.
2683 5477 2849 5531 Anno
2865 5504 2934 5517 -
2956 5474 3207 5532 Caesaris
3220 5476 3358 5532 Post
3378 5476 3721 5546 praedictum

1560 5563 1784 5632 Variae
1822 5566 2150 5634 lectiones
2182 5573 2244 5630 et
2274 5574 2473 5631 notae.

434 5681 549 5754 (73)
589 5683 636 5736 Α
665 5682 725 5737 in
760 5680 1029 5752 margine
1054 5681 1095 5735 B
1135 5679 1195 5735 in
1228 5683 1409 5735 textu.

2143 5680 2256 5751 (74)
2278 5680 2517 5751 Gregor.
2542 5681 2811 5739 Nazianz.
2844 5696 2985 5753 pag.
3018 5684 3085 5737 86
3111 5681 3212 5738 ﬁn.
