  <div class='ocr_page' id='page_1' title='image "/cluster/home/n/w/nwhite01/storage/ocr_20150623/129/mdp.39015061528470/465.png"; bbox 0 0 4170 6364; ppageno 0'>
   <div class='ocr_carea' id='block_1_1' title="bbox 512 281 619 338">
    <p class='ocr_par' dir='ltr' id='par_1_1' title="bbox 512 281 619 338">
     <span class='ocr_line' id='line_1_1' title="bbox 512 281 619 338; baseline 0 0"><span class='ocrx_word' id='word_1_1' title='bbox 512 281 619 338; x_wconf 84' lang='lat'>899</span> 
     </span>
    </p>
   </div>
   <div class='ocr_carea' id='block_1_2' title="bbox 1829 258 2545 335">
    <p class='ocr_par' dir='ltr' id='par_1_2' title="bbox 1829 258 2545 335">
     <span class='ocr_line' id='line_1_2' title="bbox 1829 258 2545 335; baseline -0.003 -3"><span class='ocrx_word' id='word_1_2' title='bbox 1829 271 2176 333; x_wconf 81' lang='lat' dir='ltr'>EUTHYMII</span> <span class='ocrx_word' id='word_1_3' title='bbox 2213 258 2545 335; x_wconf 79' lang='lat' dir='ltr'>ZIGABENI</span> 
     </span>
    </p>
   </div>
   <div class='ocr_carea' id='block_1_3' title="bbox 3776 274 3907 332">
    <p class='ocr_par' dir='ltr' id='par_1_3' title="bbox 3776 274 3907 332">
     <span class='ocr_line' id='line_1_3' title="bbox 3776 274 3907 332; baseline 0 0"><span class='ocrx_word' id='word_1_4' title='bbox 3776 274 3907 332; x_wconf 80' lang='lat'>900</span> 
     </span>
    </p>
   </div>
   <div class='ocr_carea' id='block_1_4' title="bbox 588 398 2157 475">
    <p class='ocr_par' dir='ltr' id='par_1_4' title="bbox 588 403 2157 475">
     <span class='ocr_line' id='line_1_4' title="bbox 588 403 2157 475; baseline -0.003 -13"><span class='ocrx_word' id='word_1_5' title='bbox 588 410 919 475; x_wconf 77' lang='lat' dir='ltr'>AugustUm</span> <span class='ocrx_word' id='word_1_6' title='bbox 953 405 1218 463; x_wconf 78' lang='lat' dir='ltr'>Tiberius</span> <span class='ocrx_word' id='word_1_7' title='bbox 1250 406 1359 463; x_wconf 83' lang='lat' dir='ltr'>fuit</span> <span class='ocrx_word' id='word_1_8' title='bbox 1381 405 1580 462; x_wconf 70' lang='lat' dir='ltr'>Cmsar</span> <span class='ocrx_word' id='word_1_9' title='bbox 1608 406 2024 472; x_wconf 83' lang='lat' dir='ltr'>Romanorum,</span> <span class='ocrx_word' id='word_1_10' title='bbox 2051 403 2157 458; x_wconf 83' lang='lat' dir='ltr'>hoc</span> 
     </span>
    </p>
   </div>
   <div class='ocr_carea' id='block_1_5' title="bbox 2268 398 3901 475">
    <p class='ocr_par' dir='ltr' id='par_1_5' title="bbox 2275 398 3901 475">
     <span class='ocr_line' id='line_1_5' title="bbox 2275 398 3901 475; baseline -0.001 -23"><span class='ocrx_word' id='word_1_11' title='bbox 2275 403 2574 470; x_wconf 70' lang='grc' dir='ltr'>Αὔγουστον</span> <span class='ocrx_word' id='word_1_12' title='bbox 2616 403 2641 453; x_wconf 90' lang='grc' dir='ltr'>ό</span> <span class='ocrx_word' id='word_1_13' title='bbox 2667 400 2902 475; x_wconf 79' lang='grc' dir='ltr'><em>Τιϐέριος</em></span> <span class='ocrx_word' id='word_1_14' title='bbox 2938 404 3116 473; x_wconf 81' lang='grc' dir='ltr'><em>γέγονε</em></span> <span class='ocrx_word' id='word_1_15' title='bbox 3163 406 3367 473; x_wconf 77' lang='grc' dir='ltr'><em>Καῖσαρ</em></span> <span class='ocrx_word' id='word_1_16' title='bbox 3426 408 3524 452; x_wconf 86' lang='grc' dir='ltr'><em>τῶν</em></span> <span class='ocrx_word' id='word_1_17' title='bbox 3580 398 3901 471; x_wconf 74' lang='grc' dir='ltr'><em>Ῥωμαίων,</em></span> 
     </span>
    </p>
   </div>
   <div class='ocr_carea' id='block_1_6' title="bbox 515 493 2165 566">
    <p class='ocr_par' dir='ltr' id='par_1_6' title="bbox 515 493 2165 566">
     <span class='ocr_line' id='line_1_6' title="bbox 515 493 2165 566; baseline -0.002 -16"><span class='ocrx_word' id='word_1_18' title='bbox 515 500 622 560; x_wconf 88' lang='lat' dir='ltr'>est,</span> <span class='ocrx_word' id='word_1_19' title='bbox 688 495 1030 566; x_wconf 82' lang='lat' dir='ltr'>imperator.</span> <span class='ocrx_word' id='word_1_20' title='bbox 1090 497 1253 551; x_wconf 90' lang='lat' dir='ltr'>Tunc</span> <span class='ocrx_word' id='word_1_21' title='bbox 1307 496 1468 551; x_wconf 88' lang='lat' dir='ltr'>enim</span> <span class='ocrx_word' id='word_1_22' title='bbox 1533 496 1732 552; x_wconf 69' lang='lat' dir='ltr'>Caasar</span> <span class='ocrx_word' id='word_1_23' title='bbox 1785 510 1922 566; x_wconf 86' lang='lat' dir='ltr'>rege</span> <span class='ocrx_word' id='word_1_24' title='bbox 1969 493 2165 564; x_wconf 89' lang='lat' dir='ltr'>major</span> 
     </span>
    </p>
   </div>
   <div class='ocr_carea' id='block_1_7' title="bbox 516 583 2160 655">
    <p class='ocr_par' dir='ltr' id='par_1_7' title="bbox 516 583 2160 655">
     <span class='ocr_line' id='line_1_7' title="bbox 516 583 2160 655; baseline -0.002 -18"><span class='ocrx_word' id='word_1_25' title='bbox 516 588 642 639; x_wconf 90' lang='lat' dir='ltr'>erat</span> <span class='ocrx_word' id='word_1_26' title='bbox 672 599 687 649; x_wconf 85' lang='lat'><strong>;</strong></span> <span class='ocrx_word' id='word_1_27' title='bbox 714 588 922 654; x_wconf 88' lang='lat' dir='ltr'>postea</span> <span class='ocrx_word' id='word_1_28' title='bbox 963 598 1106 639; x_wconf 89' lang='lat' dir='ltr'>vero</span> <span class='ocrx_word' id='word_1_29' title='bbox 1137 583 1384 639; x_wconf 72' lang='lat' dir='ltr'>Caesaris</span> <span class='ocrx_word' id='word_1_30' title='bbox 1425 583 1686 655; x_wconf 82' lang='lat' dir='ltr'>dignitas</span> <span class='ocrx_word' id='word_1_31' title='bbox 1735 583 2020 653; x_wconf 72' lang='lat' dir='ltr'>depressa</span> <span class='ocrx_word' id='word_1_32' title='bbox 2057 585 2160 635; x_wconf 89' lang='lat' dir='ltr'>est.</span> 
     </span>
    </p>
   </div>
   <div class='ocr_carea' id='block_1_8' title="bbox 514 668 2161 744">
    <p class='ocr_par' dir='ltr' id='par_1_8' title="bbox 514 668 2161 744">
     <span class='ocr_line' id='line_1_8' title="bbox 514 668 2161 744; baseline -0.005 -13"><span class='ocrx_word' id='word_1_33' title='bbox 514 670 826 742; x_wconf 88' lang='lat' dir='ltr'>Signiﬁcat</span> <span class='ocrx_word' id='word_1_34' title='bbox 857 676 1047 728; x_wconf 90' lang='lat' dir='ltr'>autem</span> <span class='ocrx_word' id='word_1_35' title='bbox 1095 671 1465 742; x_wconf 86' lang='lat' dir='ltr'>Evangelista</span> <span class='ocrx_word' id='word_1_36' title='bbox 1504 677 1559 727; x_wconf 89' lang='lat' dir='ltr'>et</span> <span class='ocrx_word' id='word_1_37' title='bbox 1614 677 1851 744; x_wconf 86' lang='lat' dir='ltr'>tempus</span> <span class='ocrx_word' id='word_1_38' title='bbox 1890 668 2161 733; x_wconf 71' lang='lat' dir='ltr'>Caesaris,</span> 
     </span>
    </p>
   </div>
   <div class='ocr_carea' id='block_1_9' title="bbox 511 758 2161 833">
    <p class='ocr_par' dir='ltr' id='par_1_9' title="bbox 511 758 2161 833">
     <span class='ocr_line' id='line_1_9' title="bbox 511 758 2161 833; baseline -0.001 -19"><span class='ocrx_word' id='word_1_39' title='bbox 511 758 615 833; x_wconf 89' lang='lat' dir='ltr'>qui</span> <span class='ocrx_word' id='word_1_40' title='bbox 649 766 787 815; x_wconf 93' lang='lat' dir='ltr'>tunc</span> <span class='ocrx_word' id='word_1_41' title='bbox 834 759 1196 832; x_wconf 80' lang='lat' dir='ltr'>imperabat,</span> <span class='ocrx_word' id='word_1_42' title='bbox 1219 766 1276 815; x_wconf 88' lang='lat' dir='ltr'>et</span> <span class='ocrx_word' id='word_1_43' title='bbox 1301 760 1645 833; x_wconf 65' lang='lat' dir='ltr'>praesidum,</span> <span class='ocrx_word' id='word_1_44' title='bbox 1682 776 1845 815; x_wconf 91' lang='lat' dir='ltr'>more</span> <span class='ocrx_word' id='word_1_45' title='bbox 1879 758 2161 814; x_wconf 68' lang='lat' dir='ltr'>historiae.</span> 
     </span>
    </p>
   </div>
   <div class='ocr_carea' id='block_1_10' title="bbox 512 847 1409 906">
    <p class='ocr_par' dir='ltr' id='par_1_10' title="bbox 512 847 1409 906">
     <span class='ocr_line' id='line_1_10' title="bbox 512 847 1409 906; baseline 0.002 -2"><span class='ocrx_word' id='word_1_46' title='bbox 512 848 577 904; x_wconf 91' lang='lat' dir='ltr'>Id</span> <span class='ocrx_word' id='word_1_47' title='bbox 599 849 761 904; x_wconf 91' lang='lat' dir='ltr'>enim</span> <span class='ocrx_word' id='word_1_48' title='bbox 785 847 1077 905; x_wconf 78' lang='lat' dir='ltr'>historicis</span> <span class='ocrx_word' id='word_1_49' title='bbox 1107 865 1231 905; x_wconf 87' lang='lat' dir='ltr'>mos</span> <span class='ocrx_word' id='word_1_50' title='bbox 1259 856 1409 906; x_wconf 88' lang='lat' dir='ltr'>erat.</span> 
     </span>
    </p>
   </div>
   <div class='ocr_carea' id='block_1_11' title="bbox 585 1042 2164 1102">
    <p class='ocr_par' dir='ltr' id='par_1_11' title="bbox 585 1042 2164 1102">
     <span class='ocr_line' id='line_1_11' title="bbox 585 1042 2164 1102; baseline -0.001 -3"><span class='ocrx_word' id='word_1_51' title='bbox 585 1047 723 1099; x_wconf 83' lang='lat' dir='ltr'>Vers</span> <span class='ocrx_word' id='word_1_52' title='bbox 752 1087 765 1100; x_wconf 92' lang='lat'>.</span> <span class='ocrx_word' id='word_1_53' title='bbox 806 1050 824 1100; x_wconf 84' lang='lat' dir='ltr'>l</span> <span class='ocrx_word' id='word_1_54' title='bbox 866 1087 881 1100; x_wconf 93' lang='lat'>.</span> <span class='ocrx_word' id='word_1_55' title='bbox 922 1044 1181 1100; x_wconf 67' lang='lat' dir='ltr'>Praeside</span> <span class='ocrx_word' id='word_1_56' title='bbox 1215 1077 1277 1087; x_wconf 87' lang='lat'>-—</span> <span class='ocrx_word' id='word_1_57' title='bbox 1309 1045 1614 1102; x_wconf 85' lang='lat' dir='ltr'>tetrarcha</span> <span class='ocrx_word' id='word_1_58' title='bbox 1644 1045 1726 1098; x_wconf 88' lang='lat' dir='ltr'>De</span> <span class='ocrx_word' id='word_1_59' title='bbox 1764 1042 1858 1098; x_wconf 88' lang='lat' dir='ltr'>his</span> <span class='ocrx_word' id='word_1_60' title='bbox 1899 1044 2164 1099; x_wconf 88' lang='lat' dir='ltr'>accurate</span> 
     </span>
    </p>
   </div>
   <div class='ocr_carea' id='block_1_12' title="bbox 509 1130 2161 1205">
    <p class='ocr_par' dir='ltr' id='par_1_12' title="bbox 509 1130 2161 1205">
     <span class='ocr_line' id='line_1_12' title="bbox 509 1130 2161 1205; baseline -0.001 -18"><span class='ocrx_word' id='word_1_61' title='bbox 509 1131 737 1188; x_wconf 90' lang='lat' dir='ltr'>dictum</span> <span class='ocrx_word' id='word_1_62' title='bbox 780 1137 869 1188; x_wconf 89' lang='lat' dir='ltr'>est</span> <span class='ocrx_word' id='word_1_63' title='bbox 913 1134 1103 1205; x_wconf 81' lang='lat' dir='ltr'>capite</span> <span class='ocrx_word' id='word_1_64' title='bbox 1155 1132 1416 1189; x_wconf 88' lang='lat' dir='ltr'>secundo</span> <span class='ocrx_word' id='word_1_65' title='bbox 1475 1131 1773 1202; x_wconf 87' lang='lat' dir='ltr'>Evangelii</span> <span class='ocrx_word' id='word_1_66' title='bbox 1830 1130 2161 1186; x_wconf 86' lang='lat' dir='ltr'>secundum</span> 
     </span>
    </p>
   </div>
   <div class='ocr_carea' id='block_1_13' title="bbox 511 1221 2158 1292">
    <p class='ocr_par' dir='ltr' id='par_1_13' title="bbox 511 1221 2158 1292">
     <span class='ocr_line' id='line_1_13' title="bbox 511 1221 2158 1292; baseline -0.002 -15"><span class='ocrx_word' id='word_1_67' title='bbox 511 1222 867 1286; x_wconf 69' lang='lat' dir='ltr'>Matthaaum,</span> <span class='ocrx_word' id='word_1_68' title='bbox 898 1221 996 1277; x_wconf 89' lang='lat' dir='ltr'>ubi</span> <span class='ocrx_word' id='word_1_69' title='bbox 1020 1222 1092 1276; x_wconf 90' lang='lat' dir='ltr'>de</span> <span class='ocrx_word' id='word_1_70' title='bbox 1114 1222 1337 1292; x_wconf 84' lang='lat' dir='ltr'>Joseph</span> <span class='ocrx_word' id='word_1_71' title='bbox 1365 1221 1579 1277; x_wconf 87' lang='lat' dir='ltr'>dicitur</span> <span class='ocrx_word' id='word_1_72' title='bbox 1608 1237 1620 1274; x_wconf 89' lang='lat'><strong>:</strong></span> <span class='ocrx_word' id='word_1_73' title='bbox 1654 1221 1920 1276; x_wconf 78' lang='lat' dir='ltr'>Audiens</span> <span class='ocrx_word' id='word_1_74' title='bbox 1941 1226 2158 1285; x_wconf 87' lang='lat' dir='ltr'>autem,</span> 
     </span>
    </p>
   </div>
   <div class='ocr_carea' id='block_1_14' title="bbox 512 1309 2164 1382">
    <p class='ocr_par' dir='ltr' id='par_1_14' title="bbox 512 1309 2164 1382">
     <span class='ocr_line' id='line_1_14' title="bbox 512 1309 2164 1382; baseline -0.002 -16"><span class='ocrx_word' id='word_1_75' title='bbox 512 1311 669 1382; x_wconf 85' lang='lat' dir='ltr'>quod</span> <span class='ocrx_word' id='word_1_76' title='bbox 690 1310 1024 1368; x_wconf 77' lang='lat' dir='ltr'>Archelaus</span> <span class='ocrx_word' id='word_1_77' title='bbox 1049 1317 1323 1381; x_wconf 84' lang='lat' dir='ltr'>regnaret</span> <span class='ocrx_word' id='word_1_78' title='bbox 1360 1311 1424 1365; x_wconf 92' lang='lat' dir='ltr'>in</span> <span class='ocrx_word' id='word_1_79' title='bbox 1453 1311 1659 1366; x_wconf 71' lang='lat' dir='ltr'>ludam</span> <span class='ocrx_word' id='word_1_80' title='bbox 1681 1325 1794 1378; x_wconf 82' lang='lat' dir='ltr'>pro</span> <span class='ocrx_word' id='word_1_81' title='bbox 1820 1309 2049 1366; x_wconf 81' lang='lat' dir='ltr'>Herode</span> <span class='ocrx_word' id='word_1_82' title='bbox 2061 1324 2164 1378; x_wconf 84' lang='lat' dir='ltr'>pa-</span> 
     </span>
    </p>
   </div>
   <div class='ocr_carea' id='block_1_15' title="bbox 515 1400 1308 1466">
    <p class='ocr_par' dir='ltr' id='par_1_15' title="bbox 515 1400 1308 1466">
     <span class='ocr_line' id='line_1_15' title="bbox 515 1400 1308 1466; baseline -0.001 -10"><span class='ocrx_word' id='word_1_83' title='bbox 515 1408 606 1456; x_wconf 87' lang='lat' dir='ltr'>tre</span> <span class='ocrx_word' id='word_1_84' title='bbox 623 1415 749 1466; x_wconf 85' lang='lat' dir='ltr'>suo,</span> <span class='ocrx_word' id='word_1_85' title='bbox 777 1400 971 1456; x_wconf 78' lang='lat' dir='ltr'>timuit</span> <span class='ocrx_word' id='word_1_86' title='bbox 996 1400 1097 1456; x_wconf 78' lang='lat' dir='ltr'>illo</span> <span class='ocrx_word' id='word_1_87' title='bbox 1126 1401 1215 1456; x_wconf 85' lang='lat' dir='ltr'>ire</span> <span class='ocrx_word' id='word_1_88' title='bbox 1239 1402 1308 1455; x_wconf 81' lang='grc'>²².</span> 
     </span>
    </p>
   </div>
   <div class='ocr_carea' id='block_1_16' title="bbox 582 1591 2160 1666">
    <p class='ocr_par' dir='ltr' id='par_1_16' title="bbox 582 1591 2160 1666">
     <span class='ocr_line' id='line_1_16' title="bbox 582 1591 2160 1666; baseline 0.001 -19"><span class='ocrx_word' id='word_1_89' title='bbox 582 1591 753 1648; x_wconf 89' lang='lat' dir='ltr'>Vers.</span> <span class='ocrx_word' id='word_1_90' title='bbox 783 1597 841 1649; x_wconf 87' lang='lat'>2.</span> <span class='ocrx_word' id='word_1_91' title='bbox 866 1592 1077 1648; x_wconf 81' lang='lat' dir='ltr'>Sub—</span> <span class='ocrx_word' id='word_1_92' title='bbox 1109 1593 1353 1664; x_wconf 83' lang='lat' dir='ltr'>Caipha.</span> <span class='ocrx_word' id='word_1_93' title='bbox 1389 1594 1563 1665; x_wconf 78' lang='lat' dir='ltr'>Atqui</span> <span class='ocrx_word' id='word_1_94' title='bbox 1594 1610 1664 1649; x_wconf 90' lang='lat' dir='ltr'>eo</span> <span class='ocrx_word' id='word_1_95' title='bbox 1695 1598 1962 1666; x_wconf 88' lang='lat' dir='ltr'>tempore</span> <span class='ocrx_word' id='word_1_96' title='bbox 1995 1594 2160 1649; x_wconf 85' lang='lat' dir='ltr'>solus</span> 
     </span>
    </p>
   </div>
   <div class='ocr_carea' id='block_1_17' title="bbox 507 1680 2162 1755">
    <p class='ocr_par' dir='ltr' id='par_1_17' title="bbox 507 1680 2162 1755">
     <span class='ocr_line' id='line_1_17' title="bbox 507 1680 2162 1755; baseline 0 -18"><span class='ocrx_word' id='word_1_97' title='bbox 507 1682 710 1737; x_wconf 81' lang='lat' dir='ltr'>Annas</span> <span class='ocrx_word' id='word_1_98' title='bbox 726 1680 995 1753; x_wconf 74' lang='lat' dir='ltr'>pontifex</span> <span class='ocrx_word' id='word_1_99' title='bbox 1025 1689 1150 1738; x_wconf 89' lang='lat' dir='ltr'>erat</span> <span class='ocrx_word' id='word_1_100' title='bbox 1176 1698 1190 1737; x_wconf 90' lang='lat'><strong>:</strong></span> <span class='ocrx_word' id='word_1_101' title='bbox 1222 1683 1478 1753; x_wconf 89' lang='lat' dir='ltr'>Caiphas</span> <span class='ocrx_word' id='word_1_102' title='bbox 1502 1684 1661 1738; x_wconf 87' lang='lat' dir='ltr'>enim</span> <span class='ocrx_word' id='word_1_103' title='bbox 1694 1682 1951 1755; x_wconf 81' lang='lat' dir='ltr'>pontifex</span> <span class='ocrx_word' id='word_1_104' title='bbox 1973 1682 2162 1738; x_wconf 83' lang='lat' dir='ltr'>factus</span> 
     </span>
    </p>
   </div>
   <div class='ocr_carea' id='block_1_18' title="bbox 2270 489 3899 564">
    <p class='ocr_par' dir='ltr' id='par_1_18' title="bbox 2270 489 3899 564">
     <span class='ocr_line' id='line_1_18' title="bbox 2270 489 3899 564; baseline -0.001 -24"><span class='ocrx_word' id='word_1_105' title='bbox 2270 493 2537 542; x_wconf 87' lang='grc' dir='ltr'><em>τουτέστιν</em></span> <span class='ocrx_word' id='word_1_106' title='bbox 2567 490 2927 563; x_wconf 74' lang='grc' dir='ltr'>αὐτοκράτωρ.</span> <span class='ocrx_word' id='word_1_107' title='bbox 2948 495 3071 542; x_wconf 86' lang='grc' dir='ltr'><em>Τότε</em></span> <span class='ocrx_word' id='word_1_108' title='bbox 3101 491 3190 561; x_wconf 68' lang='grc' dir='ltr'><em>μὲν</em></span> <span class='ocrx_word' id='word_1_109' title='bbox 3221 491 3322 564; x_wconf 79' lang='grc' dir='ltr'><em>γὰρ</em></span> <span class='ocrx_word' id='word_1_110' title='bbox 3363 490 3389 540; x_wconf 90' lang='lat'>6</span> <span class='ocrx_word' id='word_1_111' title='bbox 3424 495 3626 562; x_wconf 77' lang='grc' dir='ltr'><em>Καῖσαρ</em></span> <span class='ocrx_word' id='word_1_112' title='bbox 3678 489 3899 561; x_wconf 69' lang='grc' dir='ltr'><em>μείζων</em></span> 
     </span>
    </p>
   </div>
   <div class='ocr_carea' id='block_1_19' title="bbox 2272 574 3898 652">
    <p class='ocr_par' dir='ltr' id='par_1_19' title="bbox 2272 574 3898 652">
     <span class='ocr_line' id='line_1_19' title="bbox 2272 574 3898 652; baseline 0 -24"><span class='ocrx_word' id='word_1_113' title='bbox 2272 574 2333 635; x_wconf 72' lang='grc' dir='ltr'>ἦν</span> <span class='ocrx_word' id='word_1_114' title='bbox 2364 587 2454 629; x_wconf 70' lang='grc' dir='ltr'><em>τοι)</em></span> <span class='ocrx_word' id='word_1_115' title='bbox 2483 577 2758 650; x_wconf 78' lang='grc' dir='ltr'><em>βασιλέως·</em></span> <span class='ocrx_word' id='word_1_116' title='bbox 2795 578 3008 650; x_wconf 73' lang='grc' dir='ltr'><em>ὕστερον</em></span> <span class='ocrx_word' id='word_1_117' title='bbox 3044 574 3102 630; x_wconf 71' lang='grc' dir='ltr'>δὲ</span> <span class='ocrx_word' id='word_1_118' title='bbox 3147 581 3206 629; x_wconf 87' lang='grc' dir='ltr'><em>τὸ</em></span> <span class='ocrx_word' id='word_1_119' title='bbox 3237 585 3328 629; x_wconf 77' lang='grc' dir='ltr'>τοῦ</span> <span class='ocrx_word' id='word_1_120' title='bbox 3372 582 3634 652; x_wconf 83' lang='grc' dir='ltr'><em>Καίσαρος</em></span> <span class='ocrx_word' id='word_1_121' title='bbox 3687 576 3898 630; x_wconf 63' lang='lat'>61:58:-</span> 
     </span>
    </p>
   </div>
   <div class='ocr_carea' id='block_1_20' title="bbox 2272 663 3895 742">
    <p class='ocr_par' dir='ltr' id='par_1_20' title="bbox 2272 663 3895 742">
     <span class='ocr_line' id='line_1_20' title="bbox 2272 663 3895 742; baseline -0.001 -24"><span class='ocrx_word' id='word_1_122' title='bbox 2272 665 2445 725; x_wconf 78' lang='grc' dir='ltr'><em>ϐάσθη</em></span> <span class='ocrx_word' id='word_1_123' title='bbox 2512 667 2735 739; x_wconf 78' lang='grc' dir='ltr'><em>ἀξίωμα.</em></span> <span class='ocrx_word' id='word_1_124' title='bbox 2794 673 3258 742; x_wconf 83' lang='grc' dir='ltr'><em>Παρασημειοῡται</em></span> <span class='ocrx_word' id='word_1_125' title='bbox 3315 663 3375 719; x_wconf 75' lang='grc' dir='ltr'>δὲ</span> <span class='ocrx_word' id='word_1_126' title='bbox 3411 669 3498 718; x_wconf 83' lang='grc' dir='ltr'>τόν</span> <span class='ocrx_word' id='word_1_127' title='bbox 3543 669 3727 740; x_wconf 86' lang='grc' dir='ltr'><em>καιρόν</em></span> <span class='ocrx_word' id='word_1_128' title='bbox 3787 672 3895 717; x_wconf 76' lang='grc' dir='ltr'>τοῦ</span> 
     </span>
    </p>
   </div>
   <div class='ocr_carea' id='block_1_21' title="bbox 2271 754 3897 831">
    <p class='ocr_par' dir='ltr' id='par_1_21' title="bbox 2271 754 3897 831">
     <span class='ocr_line' id='line_1_21' title="bbox 2271 754 3897 831; baseline 0.001 -25"><span class='ocrx_word' id='word_1_129' title='bbox 2271 774 2325 807; x_wconf 86' lang='grc' dir='ltr'>τε</span> <span class='ocrx_word' id='word_1_130' title='bbox 2354 764 2640 813; x_wconf 74' lang='grc' dir='ltr'><em>τηνικαῦτα</em></span> <span class='ocrx_word' id='word_1_131' title='bbox 2669 761 2951 831; x_wconf 81' lang='grc' dir='ltr'><em>Καίσαρος,</em></span> <span class='ocrx_word' id='word_1_132' title='bbox 3007 760 3097 807; x_wconf 81' lang='grc' dir='ltr'><em>καὶ</em></span> <span class='ocrx_word' id='word_1_133' title='bbox 3139 764 3239 808; x_wconf 75' lang='grc' dir='ltr'><em>τῶν</em></span> <span class='ocrx_word' id='word_1_134' title='bbox 3280 757 3545 826; x_wconf 74' lang='grc' dir='ltr'><em>ἡγεμόνων</em></span> <span class='ocrx_word' id='word_1_135' title='bbox 3576 756 3601 806; x_wconf 88' lang='grc' dir='ltr'>ό</span> <span class='ocrx_word' id='word_1_136' title='bbox 3660 754 3897 826; x_wconf 69' lang='grc' dir='ltr'><em>εὐαγγε-</em></span> 
     </span>
    </p>
   </div>
   <div class='ocr_carea' id='block_1_22' title="bbox 2271 842 3895 918">
    <p class='ocr_par' dir='ltr' id='par_1_22' title="bbox 2271 842 3895 918">
     <span class='ocr_line' id='line_1_22' title="bbox 2271 842 3895 918; baseline 0 -24"><span class='ocrx_word' id='word_1_137' title='bbox 2271 844 2471 911; x_wconf 74' lang='grc' dir='ltr'><em>λιστὴς,</em></span> <span class='ocrx_word' id='word_1_138' title='bbox 2503 851 2643 917; x_wconf 87' lang='grc' dir='ltr'><em>νόμῳ</em></span> <span class='ocrx_word' id='word_1_139' title='bbox 2675 846 2934 917; x_wconf 80' lang='grc' dir='ltr'>ἱστορίας.</span> <span class='ocrx_word' id='word_1_140' title='bbox 2989 842 3137 904; x_wconf 79' lang='grc' dir='ltr'><em>Ἐθος</em></span> <span class='ocrx_word' id='word_1_141' title='bbox 3164 846 3263 918; x_wconf 78' lang='grc' dir='ltr'><em>γὰρ</em></span> <span class='ocrx_word' id='word_1_142' title='bbox 3323 851 3476 895; x_wconf 75' lang='grc' dir='ltr'><em>τοῦτο</em></span> <span class='ocrx_word' id='word_1_143' title='bbox 3506 851 3614 904; x_wconf 84' lang='grc' dir='ltr'><em>τοῖς</em></span> <span class='ocrx_word' id='word_1_144' title='bbox 3675 846 3895 917; x_wconf 80' lang='grc' dir='ltr'><em>ἱστορι-</em></span> 
     </span>
    </p>
   </div>
   <div class='ocr_carea' id='block_1_23' title="bbox 2272 940 2402 992">
    <p class='ocr_par' dir='ltr' id='par_1_23' title="bbox 2272 940 2402 992">
     <span class='ocr_line' id='line_1_23' title="bbox 2272 940 2402 992; baseline 0.008 -9"><span class='ocrx_word' id='word_1_145' title='bbox 2272 940 2402 992; x_wconf 86' lang='grc' dir='ltr'><em>κοῖς.</em></span> 
     </span>
    </p>
   </div>
   <div class='ocr_carea' id='block_1_24' title="bbox 2342 1039 3885 1114">
    <p class='ocr_par' dir='ltr' id='par_1_24' title="bbox 2342 1039 3885 1114">
     <span class='ocr_line' id='line_1_24' title="bbox 2342 1039 3885 1114; baseline -0.003 -22"><span class='ocrx_word' id='word_1_146' title='bbox 2342 1039 2754 1112; x_wconf 78' lang='grc' dir='ltr'><em>Ἠγεμονεύοντος</em></span> <span class='ocrx_word' id='word_1_147' title='bbox 2838 1071 2907 1079; x_wconf 93' lang='grc'><strong><em>-</em></strong></span> <span class='ocrx_word' id='word_1_148' title='bbox 2972 1046 3402 1114; x_wconf 77' lang='grc' dir='ltr'><em>τετραρχοῦντος.</em></span> <span class='ocrx_word' id='word_1_149' title='bbox 3459 1041 3678 1112; x_wconf 82' lang='grc' dir='ltr'><em>Εἰρηται</em></span> <span class='ocrx_word' id='word_1_150' title='bbox 3753 1042 3885 1109; x_wconf 73' lang='grc' dir='ltr'><em>περὶ</em></span> 
     </span>
    </p>
   </div>
   <div class='ocr_carea' id='block_1_25' title="bbox 2270 1124 3891 1204">
    <p class='ocr_par' dir='ltr' id='par_1_25' title="bbox 2270 1124 3891 1204">
     <span class='ocr_line' id='line_1_25' title="bbox 2270 1124 3891 1204; baseline -0.002 -23"><span class='ocrx_word' id='word_1_151' title='bbox 2270 1148 2466 1181; x_wconf 84' lang='grc' dir='ltr'><em>τουτων</em></span> <span class='ocrx_word' id='word_1_152' title='bbox 2522 1128 2747 1204; x_wconf 81' lang='grc' dir='ltr'><em>ἀκριϐῶς</em></span> <span class='ocrx_word' id='word_1_153' title='bbox 2800 1127 2848 1181; x_wconf 77' lang='grc' dir='ltr'><em>ἐν</em></span> <span class='ocrx_word' id='word_1_154' title='bbox 2905 1148 2977 1181; x_wconf 84' lang='grc' dir='ltr'>τω</span> <span class='ocrx_word' id='word_1_155' title='bbox 3019 1124 3242 1201; x_wconf 80' lang='grc' dir='ltr'>δευτέρῳ</span> <span class='ocrx_word' id='word_1_156' title='bbox 3291 1132 3546 1201; x_wconf 69' lang='grc' dir='ltr'><em>κεφαλαίῳ</em></span> <span class='ocrx_word' id='word_1_157' title='bbox 3594 1134 3687 1179; x_wconf 82' lang='grc' dir='ltr'><em>τοῦ</em></span> <span class='ocrx_word' id='word_1_158' title='bbox 3736 1128 3891 1179; x_wconf 78' lang='grc' dir='ltr'><em>κατὰ</em></span> 
     </span>
    </p>
   </div>
   <div class='ocr_carea' id='block_1_26' title="bbox 2270 1215 3891 1291">
    <p class='ocr_par' dir='ltr' id='par_1_26' title="bbox 2270 1215 3891 1291">
     <span class='ocr_line' id='line_1_26' title="bbox 2270 1215 3891 1291; baseline -0.004 -19"><span class='ocrx_word' id='word_1_159' title='bbox 2270 1219 2557 1283; x_wconf 85' lang='grc' dir='ltr'><em>Ματθαῖον,</em></span> <span class='ocrx_word' id='word_1_160' title='bbox 2591 1219 2713 1271; x_wconf 84' lang='grc' dir='ltr'><em>ἔνθα</em></span> <span class='ocrx_word' id='word_1_161' title='bbox 2740 1225 2908 1269; x_wconf 85' lang='grc' dir='ltr'><em>κεῖται</em></span> <span class='ocrx_word' id='word_1_162' title='bbox 2966 1222 3084 1291; x_wconf 83' lang='grc' dir='ltr'><em>περὶ</em></span> <span class='ocrx_word' id='word_1_163' title='bbox 3135 1224 3228 1269; x_wconf 80' lang='grc' dir='ltr'>του</span> <span class='ocrx_word' id='word_1_164' title='bbox 3267 1215 3460 1288; x_wconf 70' lang='grc' dir='ltr'><em>Ἰωσὴφ</em></span> <span class='ocrx_word' id='word_1_165' title='bbox 3516 1220 3575 1268; x_wconf 89' lang='grc' dir='ltr'>τό</span> <span class='ocrx_word' id='word_1_166' title='bbox 3620 1230 3632 1242; x_wconf 78' lang='grc'><strong><em>⁸</em></strong></span> <span class='ocrx_word' id='word_1_167' title='bbox 3698 1218 3891 1269; x_wconf 72' lang='lat' dir='ltr'>Axe-J-</span> 
     </span>
    </p>
   </div>
   <div class='ocr_carea' id='block_1_27' title="bbox 2275 1301 3893 1381">
    <p class='ocr_par' dir='ltr' id='par_1_27' title="bbox 2275 1301 3893 1381">
     <span class='ocr_line' id='line_1_27' title="bbox 2275 1301 3893 1381; baseline -0.002 -22"><span class='ocrx_word' id='word_1_168' title='bbox 2275 1326 2369 1369; x_wconf 88' lang='grc' dir='ltr'>σας</span> <span class='ocrx_word' id='word_1_169' title='bbox 2402 1303 2459 1360; x_wconf 74' lang='grc' dir='ltr'>δὲ</span> <span class='ocrx_word' id='word_1_170' title='bbox 2504 1309 2580 1359; x_wconf 85' lang='grc' dir='ltr'><em>ὅτι</em></span> <span class='ocrx_word' id='word_1_171' title='bbox 2634 1305 2913 1381; x_wconf 77' lang='grc' dir='ltr'><em>Ἀρχέλαος</em></span> <span class='ocrx_word' id='word_1_172' title='bbox 2962 1304 3230 1379; x_wconf 79' lang='grc' dir='ltr'><em>βασιλεὺει</em></span> <span class='ocrx_word' id='word_1_173' title='bbox 3291 1306 3409 1376; x_wconf 81' lang='lat'>(75)</span> <span class='ocrx_word' id='word_1_174' title='bbox 3461 1314 3553 1365; x_wconf 80' lang='grc' dir='ltr'><em>τῆς</em></span> <span class='ocrx_word' id='word_1_175' title='bbox 3607 1301 3893 1365; x_wconf 82' lang='grc' dir='ltr'><em>Ἰουδαίας</em></span> 
     </span>
    </p>
   </div>
   <div class='ocr_carea' id='block_1_28' title="bbox 2271 1392 3892 1471">
    <p class='ocr_par' dir='ltr' id='par_1_28' title="bbox 2271 1392 3892 1471">
     <span class='ocr_line' id='line_1_28' title="bbox 2271 1392 3892 1471; baseline -0.002 -23"><span class='ocrx_word' id='word_1_176' title='bbox 2271 1395 2385 1448; x_wconf 84' lang='grc' dir='ltr'><em>ἀντὶ</em></span> <span class='ocrx_word' id='word_1_177' title='bbox 2430 1392 2667 1469; x_wconf 70' lang='grc' dir='ltr'><em>Ἡρώδου</em></span> <span class='ocrx_word' id='word_1_178' title='bbox 2716 1404 2807 1447; x_wconf 67' lang='grc' dir='ltr'>τοῦ</span> <span class='ocrx_word' id='word_1_179' title='bbox 2851 1399 3048 1471; x_wconf 87' lang='grc' dir='ltr'><em>πατρὸς</em></span> <span class='ocrx_word' id='word_1_180' title='bbox 3098 1394 3279 1462; x_wconf 72' lang='grc' dir='ltr'><em>αὑτοῦ,</em></span> <span class='ocrx_word' id='word_1_181' title='bbox 3325 1392 3552 1466; x_wconf 75' lang='grc' dir='ltr'><em>ἐφοϐήθη</em></span> <span class='ocrx_word' id='word_1_182' title='bbox 3585 1392 3694 1446; x_wconf 88' lang='grc' dir='ltr'><em>ἐκεῖ</em></span> <span class='ocrx_word' id='word_1_183' title='bbox 3723 1393 3892 1447; x_wconf 76' lang='grc' dir='ltr'><em>ἀπε).-</em></span> 
     </span>
    </p>
   </div>
   <div class='ocr_carea' id='block_1_29' title="bbox 2274 1488 2396 1539">
    <p class='ocr_par' dir='ltr' id='par_1_29' title="bbox 2274 1488 2396 1539">
     <span class='ocr_line' id='line_1_29' title="bbox 2274 1488 2396 1539; baseline -0.008 0"><span class='ocrx_word' id='word_1_184' title='bbox 2274 1488 2396 1539; x_wconf 87' lang='grc' dir='ltr'><em>θεῖν.</em></span> 
     </span>
    </p>
   </div>
   <div class='ocr_carea' id='block_1_30' title="bbox 2341 1574 2914 1644">
    <p class='ocr_par' dir='ltr' id='par_1_30' title="bbox 2341 1574 2914 1644">
     <span class='ocr_line' id='line_1_30' title="bbox 2341 1574 2914 1644; baseline -0.002 -18"><span class='ocrx_word' id='word_1_185' title='bbox 2341 1575 2459 1626; x_wconf 82' lang='grc' dir='ltr'><em>Ἐπί</em></span> <span class='ocrx_word' id='word_1_186' title='bbox 2537 1604 2604 1613; x_wconf 89' lang='grc'><strong><em>-</em></strong></span> <span class='ocrx_word' id='word_1_187' title='bbox 2689 1574 2914 1644; x_wconf 73' lang='grc' dir='ltr'><em>Καϊάφα.</em></span> 
     </span>
    </p>
   </div>
   <div class='ocr_carea' id='block_1_31' title="bbox 2272 1657 3889 1735">
    <p class='ocr_par' dir='ltr' id='par_1_31' title="bbox 2272 1657 3889 1735">
     <span class='ocr_line' id='line_1_31' title="bbox 2272 1657 3889 1735; baseline -0.003 -19"><span class='ocrx_word' id='word_1_188' title='bbox 2272 1663 2455 1716; x_wconf 83' lang='grc' dir='ltr'><em>ἐκεῖνον</em></span> <span class='ocrx_word' id='word_1_189' title='bbox 2511 1668 2659 1734; x_wconf 86' lang='grc' dir='ltr'><em>μόνος</em></span> <span class='ocrx_word' id='word_1_190' title='bbox 2712 1663 2736 1713; x_wconf 91' lang='lat'>6</span> <span class='ocrx_word' id='word_1_191' title='bbox 2792 1660 2981 1722; x_wconf 73' lang='grc' dir='ltr'><em>Ἀννας</em></span> <span class='ocrx_word' id='word_1_192' title='bbox 3036 1657 3098 1719; x_wconf 78' lang='grc' dir='ltr'>ἧν</span> <span class='ocrx_word' id='word_1_193' title='bbox 3144 1658 3420 1735; x_wconf 81' lang='grc' dir='ltr'><em>ἀρχιερεύς</em></span> <span class='ocrx_word' id='word_1_194' title='bbox 3452 1661 3521 1711; x_wconf 73' lang='grc' dir='ltr'>’ὁ</span> <span class='ocrx_word' id='word_1_195' title='bbox 3553 1661 3650 1734; x_wconf 79' lang='grc' dir='ltr'><em>γὰρ</em></span> <span class='ocrx_word' id='word_1_196' title='bbox 3709 1662 3889 1713; x_wconf 78' lang='grc' dir='ltr'><em>Κοιῐοὶ-</em></span> 
     </span>
    </p>
   </div>
   <div class='ocr_carea' id='block_1_32' title="bbox 3009 1573 3888 1645">
    <p class='ocr_par' dir='ltr' id='par_1_32' title="bbox 3009 1573 3888 1645">
     <span class='ocr_line' id='line_1_32' title="bbox 3009 1573 3888 1645; baseline -0.002 -21"><span class='ocrx_word' id='word_1_197' title='bbox 3009 1576 3110 1625; x_wconf 83' lang='grc' dir='ltr'>Καὶ</span> <span class='ocrx_word' id='word_1_198' title='bbox 3185 1575 3288 1644; x_wconf 81' lang='grc' dir='ltr'>μὴν</span> <span class='ocrx_word' id='word_1_199' title='bbox 3356 1574 3494 1623; x_wconf 87' lang='grc' dir='ltr'>κατά</span> <span class='ocrx_word' id='word_1_200' title='bbox 3544 1573 3633 1623; x_wconf 87' lang='grc' dir='ltr'><em>τὸν</em></span> <span class='ocrx_word' id='word_1_201' title='bbox 3688 1574 3888 1645; x_wconf 82' lang='grc' dir='ltr'><em>καιρόν</em></span> 
     </span>
    </p>
   </div>
   <div class='ocr_carea' id='block_1_33' title="bbox 507 1747 2157 1843">
    <p class='ocr_par' dir='ltr' id='par_1_33' title="bbox 507 1770 2156 1843">
     <span class='ocr_line' id='line_1_33' title="bbox 507 1770 2156 1843; baseline 0 -17"><span class='ocrx_word' id='word_1_202' title='bbox 507 1776 596 1827; x_wconf 88' lang='lat' dir='ltr'>est</span> <span class='ocrx_word' id='word_1_203' title='bbox 642 1770 870 1826; x_wconf 87' lang='lat' dir='ltr'>circiter</span> <span class='ocrx_word' id='word_1_204' title='bbox 926 1786 1177 1837; x_wconf 88' lang='lat' dir='ltr'>annum,</span> <span class='ocrx_word' id='word_1_205' title='bbox 1231 1787 1348 1843; x_wconf 90' lang='lat' dir='ltr'>quo</span> <span class='ocrx_word' id='word_1_206' title='bbox 1389 1772 1710 1828; x_wconf 84' lang='lat' dir='ltr'>cruciﬁxus</span> <span class='ocrx_word' id='word_1_207' title='bbox 1740 1777 1831 1827; x_wconf 85' lang='lat' dir='ltr'>est</span> <span class='ocrx_word' id='word_1_208' title='bbox 1871 1772 2156 1828; x_wconf 81' lang='lat' dir='ltr'>Salvator.</span> 
     </span>
    </p>
   </div>
   <div class='ocr_carea' id='block_1_34' title="bbox 2268 1747 3886 1843">
    <p class='ocr_par' dir='ltr' id='par_1_34' title="bbox 2272 1747 3886 1825">
     <span class='ocr_line' id='line_1_34' title="bbox 2272 1747 3886 1825; baseline -0.002 -21"><span class='ocrx_word' id='word_1_209' title='bbox 2272 1772 2363 1813; x_wconf 77' lang='grc' dir='ltr'><em>ωας</em></span> <span class='ocrx_word' id='word_1_210' title='bbox 2408 1752 2621 1823; x_wconf 75' lang='grc' dir='ltr'><em>ὕστερον</em></span> <span class='ocrx_word' id='word_1_211' title='bbox 2665 1755 2865 1822; x_wconf 79' lang='grc' dir='ltr'><em>γέγονεν</em></span> <span class='ocrx_word' id='word_1_212' title='bbox 2934 1748 3232 1825; x_wconf 79' lang='grc' dir='ltr'><em>ἀρχιερεὺς,</em></span> <span class='ocrx_word' id='word_1_213' title='bbox 3290 1752 3426 1803; x_wconf 87' lang='grc' dir='ltr'><em>κατὰ</em></span> <span class='ocrx_word' id='word_1_214' title='bbox 3484 1752 3572 1800; x_wconf 89' lang='grc' dir='ltr'>τόν</span> <span class='ocrx_word' id='word_1_215' title='bbox 3635 1747 3886 1801; x_wconf 79' lang='grc' dir='ltr'><em>ἐνιαυτόν</em></span> 
     </span>
    </p>
   </div>
   <div class='ocr_carea' id='block_1_35' title="bbox 509 1859 2162 1933">
    <p class='ocr_par' dir='ltr' id='par_1_35' title="bbox 509 1859 2162 1933">
     <span class='ocr_line' id='line_1_35' title="bbox 509 1859 2162 1933; baseline 0.001 -18"><span class='ocrx_word' id='word_1_216' title='bbox 509 1859 726 1915; x_wconf 89' lang='lat' dir='ltr'>Verum</span> <span class='ocrx_word' id='word_1_217' title='bbox 745 1860 1123 1930; x_wconf 87' lang='lat' dir='ltr'>Evangelista</span> <span class='ocrx_word' id='word_1_218' title='bbox 1148 1860 1526 1930; x_wconf 72' lang='lat' dir='ltr'>conjunxntet</span> <span class='ocrx_word' id='word_1_219' title='bbox 1550 1861 1856 1931; x_wconf 88' lang='lat' dir='ltr'>Caipham,</span> <span class='ocrx_word' id='word_1_220' title='bbox 1871 1866 2162 1933; x_wconf 86' lang='lat' dir='ltr'>tanquam</span> 
     </span>
    </p>
   </div>
   <div class='ocr_carea' id='block_1_36' title="bbox 509 1948 2160 2021">
    <p class='ocr_par' dir='ltr' id='par_1_36' title="bbox 509 1948 2160 2021">
     <span class='ocr_line' id='line_1_36' title="bbox 509 1948 2160 2021; baseline 0.001 -18"><span class='ocrx_word' id='word_1_221' title='bbox 509 1948 871 2019; x_wconf 87' lang='lat' dir='ltr'>adjutorem.</span> <span class='ocrx_word' id='word_1_222' title='bbox 927 1951 1058 2005; x_wconf 89' lang='lat' dir='ltr'>Erat</span> <span class='ocrx_word' id='word_1_223' title='bbox 1083 1949 1239 2004; x_wconf 86' lang='lat' dir='ltr'>enim</span> <span class='ocrx_word' id='word_1_224' title='bbox 1282 1965 1463 2021; x_wconf 88' lang='lat' dir='ltr'>gener</span> <span class='ocrx_word' id='word_1_225' title='bbox 1493 1950 1645 2020; x_wconf 88' lang='lat' dir='ltr'>ejus,</span> <span class='ocrx_word' id='word_1_226' title='bbox 1675 1954 1731 2006; x_wconf 90' lang='lat' dir='ltr'>et</span> <span class='ocrx_word' id='word_1_227' title='bbox 1775 1965 2160 2006; x_wconf 87' lang='lat' dir='ltr'>communem</span> 
     </span>
    </p>
   </div>
   <div class='ocr_carea' id='block_1_37' title="bbox 508 2036 2162 2109">
    <p class='ocr_par' dir='ltr' id='par_1_37' title="bbox 508 2036 2162 2109">
     <span class='ocr_line' id='line_1_37' title="bbox 508 2036 2162 2109; baseline 0 -17"><span class='ocrx_word' id='word_1_228' title='bbox 508 2037 659 2092; x_wconf 90' lang='lat' dir='ltr'>inter</span> <span class='ocrx_word' id='word_1_229' title='bbox 673 2052 802 2093; x_wconf 89' lang='lat' dir='ltr'>sese</span> <span class='ocrx_word' id='word_1_230' title='bbox 818 2036 1311 2106; x_wconf 84' lang='lat' dir='ltr'>gubernationem</span> <span class='ocrx_word' id='word_1_231' title='bbox 1333 2038 1459 2109; x_wconf 81' lang='lat' dir='ltr'>(hh)</span> <span class='ocrx_word' id='word_1_232' title='bbox 1478 2037 1799 2103; x_wconf 85' lang='lat' dir='ltr'>habebant,</span> <span class='ocrx_word' id='word_1_233' title='bbox 1826 2039 1999 2094; x_wconf 86' lang='lat' dir='ltr'>veluti</span> <span class='ocrx_word' id='word_1_234' title='bbox 2011 2037 2162 2093; x_wconf 84' lang='lat' dir='ltr'>dixi-</span> 
     </span>
    </p>
   </div>
   <div class='ocr_carea' id='block_1_38' title="bbox 508 2126 2161 2200">
    <p class='ocr_par' dir='ltr' id='par_1_38' title="bbox 508 2126 2161 2200">
     <span class='ocr_line' id='line_1_38' title="bbox 508 2126 2161 2200; baseline 0.001 -18"><span class='ocrx_word' id='word_1_235' title='bbox 508 2142 645 2182; x_wconf 86' lang='lat' dir='ltr'>mus</span> <span class='ocrx_word' id='word_1_236' title='bbox 665 2126 1042 2196; x_wconf 79' lang='lat' dir='ltr'>sexagesimo</span> <span class='ocrx_word' id='word_1_237' title='bbox 1057 2128 1268 2200; x_wconf 89' lang='lat' dir='ltr'>quinto</span> <span class='ocrx_word' id='word_1_238' title='bbox 1283 2128 1302 2197; x_wconf 94' lang='lat' dir='ltr'>j</span> <span class='ocrx_word' id='word_1_239' title='bbox 1316 2132 1454 2183; x_wconf 80' lang='lat' dir='ltr'>uxta</span> <span class='ocrx_word' id='word_1_240' title='bbox 1465 2128 1801 2184; x_wconf 69' lang='lat' dir='ltr'>latthreum</span> <span class='ocrx_word' id='word_1_241' title='bbox 1817 2127 2035 2199; x_wconf 89' lang='lat' dir='ltr'>capite,</span> <span class='ocrx_word' id='word_1_242' title='bbox 2059 2128 2161 2183; x_wconf 93' lang='lat' dir='ltr'>ubi</span> 
     </span>
    </p>
   </div>
   <div class='ocr_carea' id='block_1_39' title="bbox 506 2213 2161 2286">
    <p class='ocr_par' dir='ltr' id='par_1_39' title="bbox 506 2213 2161 2286">
     <span class='ocr_line' id='line_1_39' title="bbox 506 2213 2161 2286; baseline 0.001 -17"><span class='ocrx_word' id='word_1_243' title='bbox 506 2213 582 2269; x_wconf 90' lang='lat' dir='ltr'>de</span> <span class='ocrx_word' id='word_1_244' title='bbox 634 2213 808 2271; x_wconf 90' lang='lat' dir='ltr'>Petro</span> <span class='ocrx_word' id='word_1_245' title='bbox 854 2214 1207 2272; x_wconf 79' lang='lat' dir='ltr'>diciturzEt</span> <span class='ocrx_word' id='word_1_246' title='bbox 1243 2217 1541 2286; x_wconf 76' lang='lat' dir='ltr'>ingressus</span> <span class='ocrx_word' id='word_1_247' title='bbox 1587 2217 1744 2272; x_wconf 89' lang='lat' dir='ltr'>intro</span> <span class='ocrx_word' id='word_1_248' title='bbox 1770 2216 2002 2273; x_wconf 73' lang='lat' dir='ltr'>sedebat</span> <span class='ocrx_word' id='word_1_249' title='bbox 2030 2232 2161 2271; x_wconf 85' lang='lat' dir='ltr'>cum</span> 
     </span>
    </p>
   </div>
   <div class='ocr_carea' id='block_1_40' title="bbox 503 2303 2159 2377">
    <p class='ocr_par' dir='ltr' id='par_1_40' title="bbox 503 2303 2159 2377">
     <span class='ocr_line' id='line_1_40' title="bbox 503 2303 2159 2377; baseline 0.002 -19"><span class='ocrx_word' id='word_1_250' title='bbox 503 2303 794 2359; x_wconf 73' lang='lat' dir='ltr'>ministris</span> <span class='ocrx_word' id='word_1_251' title='bbox 822 2307 892 2358; x_wconf 79' lang='grc'>³³.</span> <span class='ocrx_word' id='word_1_252' title='bbox 917 2304 1222 2376; x_wconf 84' lang='lat' dir='ltr'>Siquidem</span> <span class='ocrx_word' id='word_1_253' title='bbox 1281 2305 1459 2360; x_wconf 88' lang='lat' dir='ltr'>etiam</span> <span class='ocrx_word' id='word_1_254' title='bbox 1519 2305 1724 2361; x_wconf 86' lang='lat' dir='ltr'>Annas</span> <span class='ocrx_word' id='word_1_255' title='bbox 1767 2304 2159 2377; x_wconf 88' lang='lat' dir='ltr'>postmodum</span> 
     </span>
    </p>
   </div>
   <div class='ocr_carea' id='block_1_41' title="bbox 505 2391 1893 2467">
    <p class='ocr_par' dir='ltr' id='par_1_41' title="bbox 505 2391 1893 2467">
     <span class='ocr_line' id='line_1_41' title="bbox 505 2391 1893 2467; baseline 0.003 -21"><span class='ocrx_word' id='word_1_256' title='bbox 505 2391 913 2464; x_wconf 88' lang='lat' dir='ltr'>opitulabatur</span> <span class='ocrx_word' id='word_1_257' title='bbox 940 2393 1178 2467; x_wconf 72' lang='lat' dir='ltr'>Caiphm</span> <span class='ocrx_word' id='word_1_258' title='bbox 1208 2394 1268 2448; x_wconf 90' lang='lat' dir='ltr'>in</span> <span class='ocrx_word' id='word_1_259' title='bbox 1299 2392 1644 2465; x_wconf 88' lang='lat' dir='ltr'>pontiﬁcatu</span> <span class='ocrx_word' id='word_1_260' title='bbox 1683 2393 1893 2466; x_wconf 85' lang='lat' dir='ltr'>ipsius.</span> 
     </span>
    </p>
   </div>
   <div class='ocr_carea' id='block_1_42' title="bbox 576 2643 2161 2711">
    <p class='ocr_par' dir='ltr' id='par_1_42' title="bbox 576 2643 2161 2711">
     <span class='ocr_line' id='line_1_42' title="bbox 576 2643 2161 2711; baseline 0.001 -13"><span class='ocrx_word' id='word_1_261' title='bbox 576 2645 744 2702; x_wconf 91' lang='lat' dir='ltr'>Vers.</span> <span class='ocrx_word' id='word_1_262' title='bbox 775 2644 1075 2701; x_wconf 84' lang='lat' dir='ltr'>2Factum</span> <span class='ocrx_word' id='word_1_263' title='bbox 1102 2643 1459 2700; x_wconf 86' lang='lat' dir='ltr'>est—Vers.</span> <span class='ocrx_word' id='word_1_264' title='bbox 1488 2648 1544 2701; x_wconf 90' lang='lat'><strong>3.</strong></span> <span class='ocrx_word' id='word_1_265' title='bbox 1574 2644 1913 2703; x_wconf 76' lang='lat' dir='ltr'>Iordanem.</span> <span class='ocrx_word' id='word_1_266' title='bbox 1952 2646 2161 2711; x_wconf 64' lang='lat' dir='ltr'>Quaere</span> 
     </span>
    </p>
   </div>
   <div class='ocr_carea' id='block_1_43' title="bbox 504 2731 2160 2803">
    <p class='ocr_par' dir='ltr' id='par_1_43' title="bbox 504 2731 2160 2803">
     <span class='ocr_line' id='line_1_43' title="bbox 504 2731 2160 2803; baseline 0.001 -15"><span class='ocrx_word' id='word_1_267' title='bbox 504 2732 673 2788; x_wconf 86' lang='lat' dir='ltr'>tertio</span> <span class='ocrx_word' id='word_1_268' title='bbox 686 2732 876 2803; x_wconf 87' lang='lat' dir='ltr'>capite</span> <span class='ocrx_word' id='word_1_269' title='bbox 900 2731 1204 2800; x_wconf 82' lang='lat' dir='ltr'>Evangelii</span> <span class='ocrx_word' id='word_1_270' title='bbox 1227 2731 1555 2787; x_wconf 90' lang='lat' dir='ltr'>secundum</span> <span class='ocrx_word' id='word_1_271' title='bbox 1571 2732 1904 2790; x_wconf 72' lang='lat' dir='ltr'>Matthzeum</span> <span class='ocrx_word' id='word_1_272' title='bbox 1929 2734 2160 2789; x_wconf 85' lang='lat' dir='ltr'>dictum</span> 
     </span>
    </p>
   </div>
   <div class='ocr_carea' id='block_1_44' title="bbox 502 2820 2161 2893">
    <p class='ocr_par' dir='ltr' id='par_1_44' title="bbox 502 2820 2161 2893">
     <span class='ocr_line' id='line_1_44' title="bbox 502 2820 2161 2893; baseline 0.002 -18"><span class='ocrx_word' id='word_1_273' title='bbox 502 2820 649 2876; x_wconf 83' lang='lat' dir='ltr'>illud</span> <span class='ocrx_word' id='word_1_274' title='bbox 678 2837 691 2876; x_wconf 88' lang='lat'><strong>:</strong></span> <span class='ocrx_word' id='word_1_275' title='bbox 713 2820 784 2876; x_wconf 90' lang='lat' dir='ltr'>In</span> <span class='ocrx_word' id='word_1_276' title='bbox 811 2820 1011 2877; x_wconf 83' lang='lat' dir='ltr'>diebus</span> <span class='ocrx_word' id='word_1_277' title='bbox 1030 2820 1149 2877; x_wconf 76' lang='lat' dir='ltr'>illis</span> <span class='ocrx_word' id='word_1_278' title='bbox 1167 2823 1325 2877; x_wconf 82' lang='lat' dir='ltr'>venit</span> <span class='ocrx_word' id='word_1_279' title='bbox 1349 2822 1604 2878; x_wconf 83' lang='lat' dir='ltr'>Joannes</span> <span class='ocrx_word' id='word_1_280' title='bbox 1634 2822 1919 2893; x_wconf 82' lang='lat' dir='ltr'>Baptista,</span> <span class='ocrx_word' id='word_1_281' title='bbox 1939 2824 2161 2893; x_wconf 66' lang='lat' dir='ltr'>praedi-</span> 
     </span>
    </p>
   </div>
   <div class='ocr_carea' id='block_1_45' title="bbox 2271 1838 3886 1912">
    <p class='ocr_par' dir='ltr' id='par_1_45' title="bbox 2271 1838 3886 1912">
     <span class='ocr_line' id='line_1_45' title="bbox 2271 1838 3886 1912; baseline -0.001 -21"><span class='ocrx_word' id='word_1_282' title='bbox 2271 1849 2367 1901; x_wconf 83' lang='grc' dir='ltr'>τῆς</span> <span class='ocrx_word' id='word_1_283' title='bbox 2400 1847 2491 1893; x_wconf 77' lang='grc' dir='ltr'>τοῦ</span> <span class='ocrx_word' id='word_1_284' title='bbox 2546 1848 2778 1912; x_wconf 80' lang='grc' dir='ltr'><em>Σωτῆρος</em></span> <span class='ocrx_word' id='word_1_285' title='bbox 2832 1846 3196 1911; x_wconf 76' lang='grc' dir='ltr'><em>σταυρώσεως.</em></span> <span class='ocrx_word' id='word_1_286' title='bbox 3253 1838 3387 1890; x_wconf 77' lang='grc' dir='ltr'>Ἀλλ’</span> <span class='ocrx_word' id='word_1_287' title='bbox 3433 1840 3458 1891; x_wconf 90' lang='lat'>6</span> <span class='ocrx_word' id='word_1_288' title='bbox 3491 1838 3886 1911; x_wconf 77' lang='grc' dir='ltr'><em>εὐαγγελιστὴς</em></span> 
     </span>
    </p>
   </div>
   <div class='ocr_carea' id='block_1_46' title="bbox 2273 1928 3884 2001">
    <p class='ocr_par' dir='ltr' id='par_1_46' title="bbox 2273 1928 3884 2001">
     <span class='ocr_line' id='line_1_46' title="bbox 2273 1928 3884 2001; baseline 0 -20"><span class='ocrx_word' id='word_1_289' title='bbox 2273 1928 2637 2001; x_wconf 64' lang='grc' dir='ltr'><em>συμπαρέλαϐε</em></span> <span class='ocrx_word' id='word_1_290' title='bbox 2692 1934 2781 1981; x_wconf 84' lang='grc' dir='ltr'><em>καὶ</em></span> <span class='ocrx_word' id='word_1_291' title='bbox 2852 1932 2938 1981; x_wconf 82' lang='grc' dir='ltr'>τόν</span> <span class='ocrx_word' id='word_1_292' title='bbox 3008 1929 3264 2000; x_wconf 75' lang='grc' dir='ltr'><em>Καϊάφαν,</em></span> <span class='ocrx_word' id='word_1_293' title='bbox 3351 1930 3421 1988; x_wconf 85' lang='grc' dir='ltr'><em>ὡς</em></span> <span class='ocrx_word' id='word_1_294' title='bbox 3491 1929 3884 2001; x_wconf 81' lang='grc' dir='ltr'><em>συμπράκτορα</em></span> 
     </span>
    </p>
   </div>
   <div class='ocr_carea' id='block_1_47' title="bbox 2270 2016 3881 2091">
    <p class='ocr_par' dir='ltr' id='par_1_47' title="bbox 2270 2016 3881 2091">
     <span class='ocr_line' id='line_1_47' title="bbox 2270 2016 3881 2091; baseline 0 -22"><span class='ocrx_word' id='word_1_295' title='bbox 2270 2028 2360 2070; x_wconf 81' lang='grc' dir='ltr'>του</span> <span class='ocrx_word' id='word_1_296' title='bbox 2401 2017 2576 2072; x_wconf 71' lang='grc' dir='ltr'><em>Ἄννα.</em></span> <span class='ocrx_word' id='word_1_297' title='bbox 2622 2017 2719 2069; x_wconf 82' lang='grc' dir='ltr'><em>Ἦν</em></span> <span class='ocrx_word' id='word_1_298' title='bbox 2771 2020 2872 2091; x_wconf 88' lang='grc' dir='ltr'>γάρ</span> <span class='ocrx_word' id='word_1_299' title='bbox 2918 2016 3151 2089; x_wconf 77' lang='grc' dir='ltr'><em>γαμϐρός</em></span> <span class='ocrx_word' id='word_1_300' title='bbox 3203 2017 3384 2078; x_wconf 70' lang='grc' dir='ltr'><em>αὐτοῦ,</em></span> <span class='ocrx_word' id='word_1_301' title='bbox 3438 2021 3531 2070; x_wconf 83' lang='grc' dir='ltr'><em>καὶ</em></span> <span class='ocrx_word' id='word_1_302' title='bbox 3558 2021 3739 2075; x_wconf 77' lang='grc' dir='ltr'><em>κοινὴν</em></span> <span class='ocrx_word' id='word_1_303' title='bbox 3779 2017 3881 2069; x_wconf 72' lang='grc' dir='ltr'>αὐ-</span> 
     </span>
    </p>
   </div>
   <div class='ocr_carea' id='block_1_48' title="bbox 2269 2104 3881 2178">
    <p class='ocr_par' dir='ltr' id='par_1_48' title="bbox 2269 2104 3881 2178">
     <span class='ocr_line' id='line_1_48' title="bbox 2269 2104 3881 2178; baseline 0.007 -21"><span class='ocrx_word' id='word_1_304' title='bbox 2269 2116 2340 2177; x_wconf 76' lang='grc' dir='ltr'>τῷ</span> <span class='ocrx_word' id='word_1_305' title='bbox 2384 2112 2477 2166; x_wconf 82' lang='grc' dir='ltr'>τὴν</span> <span class='ocrx_word' id='word_1_306' title='bbox 2526 2111 2795 2159; x_wconf 77' lang='grc' dir='ltr'>κατοικίαν</span> <span class='ocrx_word' id='word_1_307' title='bbox 2849 2104 3010 2177; x_wconf 83' lang='grc' dir='ltr'><em>εἶχεν,</em></span> <span class='ocrx_word' id='word_1_308' title='bbox 3067 2108 3135 2167; x_wconf 85' lang='grc' dir='ltr'><em>ὡς</em></span> <span class='ocrx_word' id='word_1_309' title='bbox 3195 2105 3471 2178; x_wconf 75' lang='grc' dir='ltr'><em>εἰρήκαμεν</em></span> <span class='ocrx_word' id='word_1_310' title='bbox 3526 2105 3578 2158; x_wconf 82' lang='grc' dir='ltr'><em>ἐν</em></span> <span class='ocrx_word' id='word_1_311' title='bbox 3631 2114 3705 2177; x_wconf 79' lang='grc' dir='ltr'><em>τῷ</em></span> <span class='ocrx_word' id='word_1_312' title='bbox 3760 2106 3881 2168; x_wconf 72' lang='grc' dir='ltr'>έξηο</span> 
     </span>
    </p>
   </div>
   <div class='ocr_carea' id='block_1_49' title="bbox 2268 2194 3882 2268">
    <p class='ocr_par' dir='ltr' id='par_1_49' title="bbox 2268 2194 3882 2268">
     <span class='ocr_line' id='line_1_49' title="bbox 2268 2194 3882 2268; baseline 0.001 -21"><span class='ocrx_word' id='word_1_313' title='bbox 2268 2205 2441 2267; x_wconf 83' lang='grc' dir='ltr'><em>κοστῳ</em></span> <span class='ocrx_word' id='word_1_314' title='bbox 2502 2200 2718 2268; x_wconf 78' lang='grc' dir='ltr'>πέμπτῳ</span> <span class='ocrx_word' id='word_1_315' title='bbox 2777 2194 3035 2268; x_wconf 71' lang='grc' dir='ltr'><em>κεφαλαίῳ</em></span> <span class='ocrx_word' id='word_1_316' title='bbox 3091 2202 3182 2247; x_wconf 81' lang='grc' dir='ltr'>τοῦ</span> <span class='ocrx_word' id='word_1_317' title='bbox 3236 2197 3371 2246; x_wconf 83' lang='grc' dir='ltr'>κατά</span> <span class='ocrx_word' id='word_1_318' title='bbox 3421 2197 3709 2262; x_wconf 63' lang='grc' dir='ltr'><em>Ματθαῶν,</em></span> <span class='ocrx_word' id='word_1_319' title='bbox 3751 2197 3882 2248; x_wconf 78' lang='grc' dir='ltr'><em>ἔνθα</em></span> 
     </span>
    </p>
   </div>
   <div class='ocr_carea' id='block_1_50' title="bbox 2267 2282 3701 2358">
    <p class='ocr_par' dir='ltr' id='par_1_50' title="bbox 2267 2282 3701 2358">
     <span class='ocr_line' id='line_1_50' title="bbox 2267 2282 3701 2358; baseline -0.001 -21"><span class='ocrx_word' id='word_1_320' title='bbox 2267 2293 2435 2337; x_wconf 83' lang='grc' dir='ltr'><em>κεῖται</em></span> <span class='ocrx_word' id='word_1_321' title='bbox 2486 2289 2603 2358; x_wconf 85' lang='grc' dir='ltr'><em>περὶ</em></span> <span class='ocrx_word' id='word_1_322' title='bbox 2656 2292 2746 2337; x_wconf 79' lang='grc' dir='ltr'><em>τοῦ</em></span> <span class='ocrx_word' id='word_1_323' title='bbox 2804 2287 3022 2350; x_wconf 74' lang='grc' dir='ltr'><em>Πέτρου,</em></span> <span class='ocrx_word' id='word_1_324' title='bbox 3109 2285 3207 2353; x_wconf 84' lang='grc' dir='ltr'><em>ὅτι,</em></span> <span class='ocrx_word' id='word_1_325' title='bbox 3293 2287 3395 2336; x_wconf 82' lang='grc' dir='ltr'>Καὶ</span> <span class='ocrx_word' id='word_1_326' title='bbox 3460 2282 3701 2337; x_wconf 80' lang='grc' dir='ltr'><em>εἰσελθὼν</em></span> 
     </span>
    </p>
   </div>
   <div class='ocr_carea' id='block_1_51' title="bbox 2270 2372 3878 2446">
    <p class='ocr_par' dir='ltr' id='par_1_51' title="bbox 2270 2372 3878 2446">
     <span class='ocr_line' id='line_1_51' title="bbox 2270 2372 3878 2446; baseline -0.001 -22"><span class='ocrx_word' id='word_1_327' title='bbox 2270 2372 2491 2430; x_wconf 79' lang='grc' dir='ltr'><em>ἐκάθητο</em></span> <span class='ocrx_word' id='word_1_328' title='bbox 2544 2375 2676 2444; x_wconf 81' lang='grc' dir='ltr'><em>μετὰ</em></span> <span class='ocrx_word' id='word_1_329' title='bbox 2740 2381 2838 2424; x_wconf 80' lang='grc' dir='ltr'>τῶν</span> <span class='ocrx_word' id='word_1_330' title='bbox 2895 2374 3181 2445; x_wconf 74' lang='grc' dir='ltr'>ὑπηρετῶν.</span> <span class='ocrx_word' id='word_1_331' title='bbox 3234 2375 3335 2424; x_wconf 78' lang='grc' dir='ltr'>Καὶ</span> <span class='ocrx_word' id='word_1_332' title='bbox 3382 2374 3483 2446; x_wconf 82' lang='grc' dir='ltr'><em>γὰρ</em></span> <span class='ocrx_word' id='word_1_333' title='bbox 3524 2372 3639 2444; x_wconf 83' lang='lat'>(76)</span> <span class='ocrx_word' id='word_1_334' title='bbox 3694 2372 3878 2425; x_wconf 71' lang='lat' dir='ltr'>6&#39;Av—</span> 
     </span>
    </p>
   </div>
   <div class='ocr_carea' id='block_1_52' title="bbox 2268 2458 3874 2536">
    <p class='ocr_par' dir='ltr' id='par_1_52' title="bbox 2268 2458 3874 2536">
     <span class='ocr_line' id='line_1_52' title="bbox 2268 2458 3874 2536; baseline 0 -23"><span class='ocrx_word' id='word_1_335' title='bbox 2268 2481 2355 2521; x_wconf 89' lang='grc' dir='ltr'>νας</span> <span class='ocrx_word' id='word_1_336' title='bbox 2385 2461 2599 2536; x_wconf 74' lang='grc' dir='ltr'><em>ὕστερον</em></span> <span class='ocrx_word' id='word_1_337' title='bbox 2633 2464 2949 2533; x_wconf 75' lang='grc' dir='ltr'><em>συνέπραττε</em></span> <span class='ocrx_word' id='word_1_338' title='bbox 2977 2468 3049 2531; x_wconf 84' lang='grc' dir='ltr'>τῷ</span> <span class='ocrx_word' id='word_1_339' title='bbox 3073 2462 3284 2533; x_wconf 77' lang='grc' dir='ltr'>Καῖάφᾳ</span> <span class='ocrx_word' id='word_1_340' title='bbox 3312 2458 3361 2512; x_wconf 89' lang='grc' dir='ltr'>ἐν</span> <span class='ocrx_word' id='word_1_341' title='bbox 3398 2468 3461 2533; x_wconf 75' lang='grc' dir='ltr'><em>τῇ</em></span> <span class='ocrx_word' id='word_1_342' title='bbox 3496 2458 3874 2534; x_wconf 74' lang='grc' dir='ltr'><em>ἀρχιερωσύνη</em></span> 
     </span>
    </p>
   </div>
   <div class='ocr_carea' id='block_1_53' title="bbox 2272 2551 2450 2606">
    <p class='ocr_par' dir='ltr' id='par_1_53' title="bbox 2272 2551 2450 2606">
     <span class='ocr_line' id='line_1_53' title="bbox 2272 2551 2450 2606; baseline 0.017 -4"><span class='ocrx_word' id='word_1_343' title='bbox 2272 2551 2430 2603; x_wconf 73' lang='grc' dir='ltr'><em>αὐτοῦ</em></span> <span class='ocrx_word' id='word_1_344' title='bbox 2439 2594 2450 2606; x_wconf 94' lang='grc'><strong>.</strong></span> 
     </span>
    </p>
   </div>
   <div class='ocr_carea' id='block_1_54' title="bbox 2343 2636 3871 2714">
    <p class='ocr_par' dir='ltr' id='par_1_54' title="bbox 2343 2636 3871 2714">
     <span class='ocr_line' id='line_1_54' title="bbox 2343 2636 3871 2714; baseline -0.001 -21"><span class='ocrx_word' id='word_1_345' title='bbox 2343 2640 2565 2711; x_wconf 79' lang='grc' dir='ltr'><em>Ἐγένετο</em></span> <span class='ocrx_word' id='word_1_346' title='bbox 2591 2670 2655 2681; x_wconf 90' lang='grc'><strong><em>--</em></strong></span> <span class='ocrx_word' id='word_1_347' title='bbox 2687 2636 2973 2714; x_wconf 79' lang='grc' dir='ltr'><em>Ἰορδάνου.</em></span> <span class='ocrx_word' id='word_1_348' title='bbox 2998 2644 3236 2698; x_wconf 76' lang='grc' dir='ltr'><em>Ζητησον</em></span> <span class='ocrx_word' id='word_1_349' title='bbox 3262 2640 3310 2690; x_wconf 78' lang='grc' dir='ltr'>ἓν</span> <span class='ocrx_word' id='word_1_350' title='bbox 3340 2647 3415 2709; x_wconf 82' lang='grc' dir='ltr'><em>τῷ</em></span> <span class='ocrx_word' id='word_1_351' title='bbox 3436 2643 3594 2712; x_wconf 79' lang='grc' dir='ltr'><em>τρίτῳ</em></span> <span class='ocrx_word' id='word_1_352' title='bbox 3611 2639 3871 2713; x_wconf 68' lang='grc' dir='ltr'><em>κεφαλαίῳ</em></span> 
     </span>
    </p>
   </div>
   <div class='ocr_carea' id='block_1_55' title="bbox 2268 2723 3865 2803">
    <p class='ocr_par' dir='ltr' id='par_1_55' title="bbox 2268 2723 3865 2803">
     <span class='ocr_line' id='line_1_55' title="bbox 2268 2723 3865 2803; baseline -0.001 -22"><span class='ocrx_word' id='word_1_353' title='bbox 2268 2737 2359 2782; x_wconf 81' lang='grc' dir='ltr'><em>τοῦ</em></span> <span class='ocrx_word' id='word_1_354' title='bbox 2398 2731 2534 2782; x_wconf 89' lang='grc' dir='ltr'>κατά</span> <span class='ocrx_word' id='word_1_355' title='bbox 2562 2730 2830 2782; x_wconf 84' lang='grc' dir='ltr'><em>Ματθαίον</em></span> <span class='ocrx_word' id='word_1_356' title='bbox 2857 2731 2914 2780; x_wconf 88' lang='grc' dir='ltr'>τό</span> <span class='ocrx_word' id='word_1_357' title='bbox 2962 2746 2974 2760; x_wconf 91' lang='grc'><strong>·</strong></span> <span class='ocrx_word' id='word_1_358' title='bbox 3012 2734 3075 2781; x_wconf 83' lang='grc' dir='ltr'><em>Εν</em></span> <span class='ocrx_word' id='word_1_359' title='bbox 3103 2723 3162 2779; x_wconf 75' lang='grc' dir='ltr'>δὲ</span> <span class='ocrx_word' id='word_1_360' title='bbox 3212 2734 3328 2788; x_wconf 84' lang='grc' dir='ltr'><em>ταῖς</em></span> <span class='ocrx_word' id='word_1_361' title='bbox 3381 2729 3603 2803; x_wconf 78' lang='grc' dir='ltr'><em>ἡμέραις</em></span> <span class='ocrx_word' id='word_1_362' title='bbox 3651 2727 3865 2788; x_wconf 74' lang='grc' dir='ltr'><em>ἐκείναις</em></span> 
     </span>
    </p>
   </div>
   <div class='ocr_carea' id='block_1_56' title="bbox 2268 2816 3848 2892">
    <p class='ocr_par' dir='ltr' id='par_1_56' title="bbox 2268 2816 3848 2892">
     <span class='ocr_line' id='line_1_56' title="bbox 2268 2816 3848 2892; baseline -0.003 -21"><span class='ocrx_word' id='word_1_363' title='bbox 2268 2822 2613 2892; x_wconf 71' lang='grc' dir='ltr'><em>παραγίνεται</em></span> <span class='ocrx_word' id='word_1_364' title='bbox 2634 2819 2880 2877; x_wconf 88' lang='grc' dir='ltr'><em>Ἰωάννης</em></span> <span class='ocrx_word' id='word_1_365' title='bbox 2915 2820 2940 2868; x_wconf 92' lang='grc' dir='ltr'>ό</span> <span class='ocrx_word' id='word_1_366' title='bbox 2993 2820 3313 2881; x_wconf 78' lang='grc' dir='ltr'><em>Βαπτιστὴς,</em></span> <span class='ocrx_word' id='word_1_367' title='bbox 3363 2819 3639 2890; x_wconf 79' lang='grc' dir='ltr'>κηρύσσων</span> <span class='ocrx_word' id='word_1_368' title='bbox 3688 2816 3734 2867; x_wconf 77' lang='grc' dir='ltr'>ἐν</span> <span class='ocrx_word' id='word_1_369' title='bbox 3785 2822 3848 2886; x_wconf 70' lang='grc' dir='ltr'><em>τῇ</em></span> 
     </span>
    </p>
   </div>
   <div class='ocr_carea' id='block_1_57' title="bbox 3770 2287 3879 2336">
    <p class='ocr_par' dir='ltr' id='par_1_57' title="bbox 3770 2287 3879 2336">
     <span class='ocr_line' id='line_1_57' title="bbox 3770 2287 3879 2336; baseline 0 0"><span class='ocrx_word' id='word_1_370' title='bbox 3770 2287 3879 2336; x_wconf 75' lang='grc' dir='ltr'><em>ἔσω</em></span> 
     </span>
    </p>
   </div>
   <div class='ocr_carea' id='block_1_58' title="bbox 504 2884 2157 2982">
    <p class='ocr_par' dir='ltr' id='par_1_58' title="bbox 504 2884 2157 2979">
     <span class='ocr_line' id='line_1_58' title="bbox 504 2884 2157 2979; baseline 0.002 -15"><span class='ocrx_word' id='word_1_371' title='bbox 504 2923 644 2964; x_wconf 84' lang='lat' dir='ltr'>cans</span> <span class='ocrx_word' id='word_1_372' title='bbox 664 2907 728 2963; x_wconf 90' lang='lat' dir='ltr'>in</span> <span class='ocrx_word' id='word_1_373' title='bbox 753 2907 975 2965; x_wconf 84' lang='lat' dir='ltr'>deserto</span> <span class='ocrx_word' id='word_1_374' title='bbox 998 2908 1221 2965; x_wconf 60' lang='lat' dir='ltr'>Judaei</span> <span class='ocrx_word' id='word_1_375' title='bbox 1250 2910 1320 2974; x_wconf 67' lang='grc' dir='ltr'>ἐς</span> <span class='ocrx_word' id='word_1_376' title='bbox 1350 2916 1406 2964; x_wconf 88' lang='lat' dir='ltr'>et</span> <span class='ocrx_word' id='word_1_377' title='bbox 1436 2909 1564 2979; x_wconf 89' lang='lat' dir='ltr'>lege</span> <span class='ocrx_word' id='word_1_378' title='bbox 1601 2884 1785 2967; x_wconf 75' lang='lat' dir='ltr'>totam</span> <span class='ocrx_word' id='word_1_379' title='bbox 1806 2884 1968 2968; x_wconf 77' lang='lat' dir='ltr'>illius</span> <span class='ocrx_word' id='word_1_380' title='bbox 1998 2911 2157 2968; x_wconf 88' lang='lat' dir='ltr'>verbi</span> 
     </span>
    </p>
   </div>
   <div class='ocr_carea' id='block_1_59' title="bbox 2268 2884 3853 2982">
    <p class='ocr_par' dir='ltr' id='par_1_59' title="bbox 2269 2884 3853 2982">
     <span class='ocr_line' id='line_1_59' title="bbox 2269 2884 3853 2982; baseline -0.003 -22"><span class='ocrx_word' id='word_1_381' title='bbox 2269 2884 2443 2982; x_wconf 71' lang='grc' dir='ltr'><em>ἐρημῳ</em></span> <span class='ocrx_word' id='word_1_382' title='bbox 2474 2915 2569 2969; x_wconf 81' lang='grc' dir='ltr'><em>τῆς</em></span> <span class='ocrx_word' id='word_1_383' title='bbox 2600 2902 2863 2967; x_wconf 78' lang='grc' dir='ltr'><em>Ἰουδαίας</em></span> <span class='ocrx_word' id='word_1_384' title='bbox 2887 2924 2898 2936; x_wconf 93' lang='grc'><strong>·</strong></span> <span class='ocrx_word' id='word_1_385' title='bbox 2934 2910 3023 2959; x_wconf 87' lang='grc' dir='ltr'><em>καὶ</em></span> <span class='ocrx_word' id='word_1_386' title='bbox 3053 2903 3311 2976; x_wconf 85' lang='grc' dir='ltr'><em>ἀνάγνωθι</em></span> <span class='ocrx_word' id='word_1_387' title='bbox 3343 2909 3437 2964; x_wconf 79' lang='grc' dir='ltr'>την</span> <span class='ocrx_word' id='word_1_388' title='bbox 3468 2904 3716 2978; x_wconf 74' lang='grc' dir='ltr'><em>ἐξήγησιν</em></span> <span class='ocrx_word' id='word_1_389' title='bbox 3742 2904 3853 2963; x_wconf 64' lang='grc' dir='ltr'><em>ὅλην</em></span> 
     </span>
    </p>
   </div>
   <div class='ocr_carea' id='block_1_60' title="bbox 505 2995 963 3051">
    <p class='ocr_par' dir='ltr' id='par_1_60' title="bbox 505 2995 963 3051">
     <span class='ocr_line' id='line_1_60' title="bbox 505 2995 963 3051; baseline 0 0"><span class='ocrx_word' id='word_1_390' title='bbox 505 2995 963 3051; x_wconf 86' lang='lat' dir='ltr'>enarrationem.</span> 
     </span>
    </p>
   </div>
   <div class='ocr_carea' id='block_1_61' title="bbox 574 3084 2160 3156">
    <p class='ocr_par' dir='ltr' id='par_1_61' title="bbox 574 3084 2160 3156">
     <span class='ocr_line' id='line_1_61' title="bbox 574 3084 2160 3156; baseline 0.006 -19"><span class='ocrx_word' id='word_1_391' title='bbox 574 3084 740 3139; x_wconf 89' lang='lat' dir='ltr'>Vers.</span> <span class='ocrx_word' id='word_1_392' title='bbox 758 3088 815 3143; x_wconf 91' lang='lat'>3.</span> <span class='ocrx_word' id='word_1_393' title='bbox 841 3085 1603 3156; x_wconf 64' lang='lat' dir='ltr'>Praediceres—peccatorum</span> <span class='ocrx_word' id='word_1_394' title='bbox 1614 3132 1629 3146; x_wconf 94' lang='lat'>.</span> <span class='ocrx_word' id='word_1_395' title='bbox 1652 3090 1730 3145; x_wconf 87' lang='lat' dir='ltr'>De</span> <span class='ocrx_word' id='word_1_396' title='bbox 1738 3088 1834 3146; x_wconf 85' lang='lat' dir='ltr'>his</span> <span class='ocrx_word' id='word_1_397' title='bbox 1848 3089 2160 3147; x_wconf 82' lang='lat' dir='ltr'>manifeste</span> 
     </span>
    </p>
   </div>
   <div class='ocr_carea' id='block_1_62' title="bbox 503 3172 2159 3247">
    <p class='ocr_par' dir='ltr' id='par_1_62' title="bbox 503 3172 2159 3247">
     <span class='ocr_line' id='line_1_62' title="bbox 503 3172 2159 3247; baseline 0.005 -20"><span class='ocrx_word' id='word_1_398' title='bbox 503 3172 731 3228; x_wconf 89' lang='lat' dir='ltr'>dictum</span> <span class='ocrx_word' id='word_1_399' title='bbox 743 3180 830 3229; x_wconf 84' lang='lat' dir='ltr'>est</span> <span class='ocrx_word' id='word_1_400' title='bbox 841 3173 901 3228; x_wconf 92' lang='lat' dir='ltr'>in</span> <span class='ocrx_word' id='word_1_401' title='bbox 914 3174 1202 3231; x_wconf 84' lang='lat' dir='ltr'>Prooemio</span> <span class='ocrx_word' id='word_1_402' title='bbox 1214 3176 1518 3247; x_wconf 88' lang='lat' dir='ltr'>Evangelii</span> <span class='ocrx_word' id='word_1_403' title='bbox 1531 3178 1861 3235; x_wconf 89' lang='lat' dir='ltr'>secundum</span> <span class='ocrx_word' id='word_1_404' title='bbox 1872 3179 2159 3247; x_wconf 76' lang='lat' dir='ltr'>Marcum,</span> 
     </span>
    </p>
   </div>
   <div class='ocr_carea' id='block_1_63' title="bbox 503 3260 2163 3334">
    <p class='ocr_par' dir='ltr' id='par_1_63' title="bbox 503 3260 2163 3334">
     <span class='ocr_line' id='line_1_63' title="bbox 503 3260 2163 3334; baseline 0.003 -17"><span class='ocrx_word' id='word_1_405' title='bbox 503 3260 609 3317; x_wconf 90' lang='lat' dir='ltr'>ubi</span> <span class='ocrx_word' id='word_1_406' title='bbox 637 3261 853 3318; x_wconf 92' lang='lat' dir='ltr'>dicitur</span> <span class='ocrx_word' id='word_1_407' title='bbox 885 3278 897 3317; x_wconf 93' lang='lat'><strong>:</strong></span> <span class='ocrx_word' id='word_1_408' title='bbox 929 3263 1073 3321; x_wconf 82' lang='lat' dir='ltr'>Fuit</span> <span class='ocrx_word' id='word_1_409' title='bbox 1110 3263 1368 3322; x_wconf 83' lang='lat' dir='ltr'>Joannes</span> <span class='ocrx_word' id='word_1_410' title='bbox 1408 3264 1714 3333; x_wconf 82' lang='lat' dir='ltr'>baptizans</span> <span class='ocrx_word' id='word_1_411' title='bbox 1742 3268 1807 3323; x_wconf 84' lang='lat' dir='ltr'>in</span> <span class='ocrx_word' id='word_1_412' title='bbox 1835 3269 2080 3334; x_wconf 83' lang='lat' dir='ltr'>deserto,</span> <span class='ocrx_word' id='word_1_413' title='bbox 2111 3274 2163 3323; x_wconf 85' lang='lat' dir='ltr'>et</span> 
     </span>
    </p>
   </div>
   <div class='ocr_carea' id='block_1_64' title="bbox 500 3350 2158 3425">
    <p class='ocr_par' dir='ltr' id='par_1_64' title="bbox 500 3350 2158 3425">
     <span class='ocr_line' id='line_1_64' title="bbox 500 3350 2158 3425; baseline 0.005 -19"><span class='ocrx_word' id='word_1_414' title='bbox 500 3350 834 3419; x_wconf 59' lang='lat' dir='ltr'>praedicans</span> <span class='ocrx_word' id='word_1_415' title='bbox 887 3351 1210 3422; x_wconf 75' lang='lat' dir='ltr'>baptzsmun</span> <span class='ocrx_word' id='word_1_416' title='bbox 1262 3354 1619 3425; x_wconf 64' lang='lat' dir='ltr'>paenitentia:</span> <span class='ocrx_word' id='word_1_417' title='bbox 1658 3355 1725 3412; x_wconf 86' lang='lat' dir='ltr'>in</span> <span class='ocrx_word' id='word_1_418' title='bbox 1762 3357 2158 3414; x_wconf 84' lang='lat' dir='ltr'>remissionem</span> 
     </span>
    </p>
   </div>
   <div class='ocr_carea' id='block_1_65' title="bbox 496 3442 1011 3509">
    <p class='ocr_par' dir='ltr' id='par_1_65' title="bbox 496 3442 1011 3509">
     <span class='ocr_line' id='line_1_65' title="bbox 496 3442 1011 3509; baseline 0.006 -14"><span class='ocrx_word' id='word_1_419' title='bbox 496 3445 896 3509; x_wconf 81' lang='lat' dir='ltr'>peccatorum.</span> <span class='ocrx_word' id='word_1_420' title='bbox 942 3442 985 3476; x_wconf 73' lang='grc'>’⁸</span> <span class='ocrx_word' id='word_1_421' title='bbox 998 3485 1011 3498; x_wconf 94' lang='grc'><strong>.</strong></span> 
     </span>
    </p>
   </div>
   <div class='ocr_carea' id='block_1_66' title="bbox 574 3528 2158 3606">
    <p class='ocr_par' dir='ltr' id='par_1_66' title="bbox 574 3528 2158 3606">
     <span class='ocr_line' id='line_1_66' title="bbox 574 3528 2158 3606; baseline 0.006 -22"><span class='ocrx_word' id='word_1_422' title='bbox 574 3528 741 3585; x_wconf 90' lang='lat' dir='ltr'>Vers.</span> <span class='ocrx_word' id='word_1_423' title='bbox 780 3533 839 3585; x_wconf 80' lang='grc'>4.</span> <span class='ocrx_word' id='word_1_424' title='bbox 878 3530 1039 3587; x_wconf 84' lang='lat' dir='ltr'>Sicut</span> <span class='ocrx_word' id='word_1_425' title='bbox 1066 3531 1346 3603; x_wconf 74' lang='lat' dir='ltr'>scriptum</span> <span class='ocrx_word' id='word_1_426' title='bbox 1372 3540 1540 3589; x_wconf 80' lang='lat' dir='ltr'>est—</span> <span class='ocrx_word' id='word_1_427' title='bbox 1570 3534 1807 3592; x_wconf 82' lang='lat' dir='ltr'>semitas</span> <span class='ocrx_word' id='word_1_428' title='bbox 1837 3538 1989 3606; x_wconf 84' lang='lat' dir='ltr'>ejus.</span> <span class='ocrx_word' id='word_1_429' title='bbox 2023 3539 2158 3593; x_wconf 64' lang='lat' dir='ltr'>Hinc</span> 
     </span>
    </p>
   </div>
   <div class='ocr_carea' id='block_1_67' title="bbox 501 3617 2160 3697">
    <p class='ocr_par' dir='ltr' id='par_1_67' title="bbox 501 3617 2160 3697">
     <span class='ocr_line' id='line_1_67' title="bbox 501 3617 2160 3697; baseline 0.005 -23"><span class='ocrx_word' id='word_1_430' title='bbox 501 3617 810 3691; x_wconf 61' lang='lat' dir='ltr'>Propheta</span> <span class='ocrx_word' id='word_1_431' title='bbox 852 3619 1033 3676; x_wconf 89' lang='lat' dir='ltr'>verba</span> <span class='ocrx_word' id='word_1_432' title='bbox 1067 3619 1370 3678; x_wconf 86' lang='lat' dir='ltr'>declarata</span> <span class='ocrx_word' id='word_1_433' title='bbox 1393 3627 1533 3679; x_wconf 90' lang='lat' dir='ltr'>sunt</span> <span class='ocrx_word' id='word_1_434' title='bbox 1553 3623 1719 3680; x_wconf 89' lang='lat' dir='ltr'>tertio</span> <span class='ocrx_word' id='word_1_435' title='bbox 1744 3624 1938 3697; x_wconf 87' lang='lat' dir='ltr'>capite</span> <span class='ocrx_word' id='word_1_436' title='bbox 1968 3628 2160 3682; x_wconf 89' lang='lat' dir='ltr'>Evan-</span> 
     </span>
    </p>
   </div>
   <div class='ocr_carea' id='block_1_68' title="bbox 502 3706 2157 3787">
    <p class='ocr_par' dir='ltr' id='par_1_68' title="bbox 502 3706 2157 3787">
     <span class='ocr_line' id='line_1_68' title="bbox 502 3706 2157 3787; baseline 0.007 -26"><span class='ocrx_word' id='word_1_437' title='bbox 502 3706 637 3776; x_wconf 90' lang='lat' dir='ltr'>gelii</span> <span class='ocrx_word' id='word_1_438' title='bbox 656 3707 830 3779; x_wconf 86' lang='lat' dir='ltr'>juxta</span> <span class='ocrx_word' id='word_1_439' title='bbox 841 3709 1180 3765; x_wconf 71' lang='lat' dir='ltr'>Matthteum</span> <span class='ocrx_word' id='word_1_440' title='bbox 1193 3753 1206 3767; x_wconf 93' lang='lat'>.</span> <span class='ocrx_word' id='word_1_441' title='bbox 1220 3708 1362 3777; x_wconf 68' lang='lat' dir='ltr'>Quae</span> <span class='ocrx_word' id='word_1_442' title='bbox 1375 3727 1513 3767; x_wconf 85' lang='lat' dir='ltr'>vero</span> <span class='ocrx_word' id='word_1_443' title='bbox 1525 3719 1878 3785; x_wconf 89' lang='lat' dir='ltr'>sequuntur,</span> <span class='ocrx_word' id='word_1_444' title='bbox 1896 3715 2157 3787; x_wconf 87' lang='lat' dir='ltr'>prophe-</span> 
     </span>
    </p>
   </div>
   <div class='ocr_carea' id='block_1_69' title="bbox 501 3794 2157 3876">
    <p class='ocr_par' dir='ltr' id='par_1_69' title="bbox 501 3794 2157 3876">
     <span class='ocr_line' id='line_1_69' title="bbox 501 3794 2157 3876; baseline 0.005 -25"><span class='ocrx_word' id='word_1_445' title='bbox 501 3795 584 3851; x_wconf 88' lang='lat' dir='ltr'>tia</span> <span class='ocrx_word' id='word_1_446' title='bbox 598 3799 685 3852; x_wconf 91' lang='lat' dir='ltr'>est</span> <span class='ocrx_word' id='word_1_447' title='bbox 711 3794 934 3852; x_wconf 91' lang='lat' dir='ltr'>docens</span> <span class='ocrx_word' id='word_1_448' title='bbox 955 3798 1122 3870; x_wconf 93' lang='lat' dir='ltr'>quod</span> <span class='ocrx_word' id='word_1_449' title='bbox 1133 3798 1397 3871; x_wconf 73' lang='lat' dir='ltr'>aequabit</span> <span class='ocrx_word' id='word_1_450' title='bbox 1409 3800 1672 3858; x_wconf 88' lang='lat' dir='ltr'>Christus</span> <span class='ocrx_word' id='word_1_451' title='bbox 1686 3802 2157 3876; x_wconf 69' lang='lat' dir='ltr'>inmqualitatem</span> 
     </span>
    </p>
   </div>
   <div class='ocr_carea' id='block_1_70' title="bbox 498 3883 2158 3959">
    <p class='ocr_par' dir='ltr' id='par_1_70' title="bbox 498 3883 2158 3959">
     <span class='ocr_line' id='line_1_70' title="bbox 498 3883 2158 3959; baseline 0.005 -20"><span class='ocrx_word' id='word_1_452' title='bbox 498 3883 737 3951; x_wconf 90' lang='lat' dir='ltr'>mundi,</span> <span class='ocrx_word' id='word_1_453' title='bbox 756 3886 1191 3944; x_wconf 85' lang='lat' dir='ltr'>tortuositatem</span> <span class='ocrx_word' id='word_1_454' title='bbox 1209 3903 1280 3943; x_wconf 89' lang='lat' dir='ltr'>ac</span> <span class='ocrx_word' id='word_1_455' title='bbox 1299 3888 1680 3959; x_wconf 85' lang='lat' dir='ltr'>asperitatem</span> <span class='ocrx_word' id='word_1_456' title='bbox 1696 3890 2013 3948; x_wconf 91' lang='lat' dir='ltr'>hominum</span> <span class='ocrx_word' id='word_1_457' title='bbox 2032 3906 2158 3948; x_wconf 87' lang='lat' dir='ltr'>cor-</span> 
     </span>
    </p>
   </div>
   <div class='ocr_carea' id='block_1_71' title="bbox 2269 2996 2831 3069">
    <p class='ocr_par' dir='ltr' id='par_1_71' title="bbox 2269 2996 2831 3069">
     <span class='ocr_line' id='line_1_71' title="bbox 2269 2996 2831 3069; baseline -0.005 -20"><span class='ocrx_word' id='word_1_458' title='bbox 2269 3005 2360 3049; x_wconf 78' lang='grc' dir='ltr'><em>τοῡ</em></span> <span class='ocrx_word' id='word_1_459' title='bbox 2386 2999 2624 3048; x_wconf 81' lang='grc' dir='ltr'><em>τοιούτου</em></span> <span class='ocrx_word' id='word_1_460' title='bbox 2648 2996 2831 3069; x_wconf 82' lang='grc' dir='ltr'><em>ῥητοῦ.</em></span> 
     </span>
    </p>
   </div>
   <div class='ocr_carea' id='block_1_72' title="bbox 2343 3082 3873 3159">
    <p class='ocr_par' dir='ltr' id='par_1_72' title="bbox 2343 3082 3873 3159">
     <span class='ocr_line' id='line_1_72' title="bbox 2343 3082 3873 3159; baseline -0.003 -19"><span class='ocrx_word' id='word_1_461' title='bbox 2343 3085 2642 3159; x_wconf 85' lang='grc' dir='ltr'><em>Κηρύσσων</em></span> <span class='ocrx_word' id='word_1_462' title='bbox 2674 3114 2742 3123; x_wconf 92' lang='lat'><strong><em>—</em></strong></span> <span class='ocrx_word' id='word_1_463' title='bbox 2772 3082 3067 3157; x_wconf 82' lang='grc' dir='ltr'><em>ἁμαρτιῶν.</em></span> <span class='ocrx_word' id='word_1_464' title='bbox 3097 3084 3315 3158; x_wconf 82' lang='grc' dir='ltr'><em>Εἴρηται</em></span> <span class='ocrx_word' id='word_1_465' title='bbox 3339 3087 3457 3156; x_wconf 82' lang='grc' dir='ltr'><em>περὶ</em></span> <span class='ocrx_word' id='word_1_466' title='bbox 3476 3085 3664 3136; x_wconf 82' lang='grc' dir='ltr'><em>τούτου</em></span> <span class='ocrx_word' id='word_1_467' title='bbox 3690 3092 3873 3156; x_wconf 70' lang='grc' dir='ltr'><em>σαφῶς</em></span> 
     </span>
    </p>
   </div>
   <div class='ocr_carea' id='block_1_73' title="bbox 2269 3168 3870 3246">
    <p class='ocr_par' dir='ltr' id='par_1_73' title="bbox 2269 3168 3870 3246">
     <span class='ocr_line' id='line_1_73' title="bbox 2269 3168 3870 3246; baseline -0.001 -20"><span class='ocrx_word' id='word_1_468' title='bbox 2269 3173 2317 3226; x_wconf 80' lang='grc' dir='ltr'>ἐν</span> <span class='ocrx_word' id='word_1_469' title='bbox 2348 3182 2421 3245; x_wconf 84' lang='grc' dir='ltr'><em>τῷ</em></span> <span class='ocrx_word' id='word_1_470' title='bbox 2448 3177 2706 3246; x_wconf 84' lang='grc' dir='ltr'><em>προοιμίῳ</em></span> <span class='ocrx_word' id='word_1_471' title='bbox 2765 3179 2857 3224; x_wconf 80' lang='grc' dir='ltr'>τοῦ</span> <span class='ocrx_word' id='word_1_472' title='bbox 2900 3174 3038 3224; x_wconf 86' lang='grc' dir='ltr'><em>κατὰ</em></span> <span class='ocrx_word' id='word_1_473' title='bbox 3085 3174 3320 3244; x_wconf 83' lang='grc' dir='ltr'><em>Μάρκον,</em></span> <span class='ocrx_word' id='word_1_474' title='bbox 3370 3173 3491 3225; x_wconf 79' lang='grc' dir='ltr'><em>ἔνθα</em></span> <span class='ocrx_word' id='word_1_475' title='bbox 3541 3168 3715 3225; x_wconf 84' lang='grc' dir='ltr'><em>κεῖται</em></span> <span class='ocrx_word' id='word_1_476' title='bbox 3768 3178 3828 3225; x_wconf 89' lang='grc' dir='ltr'>τό</span> <span class='ocrx_word' id='word_1_477' title='bbox 3856 3190 3870 3205; x_wconf 92' lang='grc'><strong>·</strong></span> 
     </span>
    </p>
   </div>
   <div class='ocr_carea' id='block_1_74' title="bbox 2266 3259 3875 3336">
    <p class='ocr_par' dir='ltr' id='par_1_74' title="bbox 2266 3259 3875 3336">
     <span class='ocr_line' id='line_1_74' title="bbox 2266 3259 3875 3336; baseline -0.004 -18"><span class='ocrx_word' id='word_1_478' title='bbox 2266 3265 2496 3336; x_wconf 83' lang='grc' dir='ltr'><em>Ἐγένετο</em></span> <span class='ocrx_word' id='word_1_479' title='bbox 2534 3263 2776 3323; x_wconf 88' lang='grc' dir='ltr'><em>Ἰωάννης</em></span> <span class='ocrx_word' id='word_1_480' title='bbox 2827 3259 3098 3334; x_wconf 74' lang='grc' dir='ltr'><em>βαπτίζων</em></span> <span class='ocrx_word' id='word_1_481' title='bbox 3137 3259 3186 3312; x_wconf 84' lang='grc' dir='ltr'><em>ἐν</em></span> <span class='ocrx_word' id='word_1_482' title='bbox 3245 3268 3308 3334; x_wconf 77' lang='grc' dir='ltr'><em>τῇ</em></span> <span class='ocrx_word' id='word_1_483' title='bbox 3342 3260 3540 3334; x_wconf 82' lang='grc' dir='ltr'>ἐρήμῳ,</span> <span class='ocrx_word' id='word_1_484' title='bbox 3576 3265 3667 3313; x_wconf 85' lang='grc' dir='ltr'><em>καὶ</em></span> <span class='ocrx_word' id='word_1_485' title='bbox 3709 3263 3875 3331; x_wconf 76' lang='grc' dir='ltr'><em>κηρύ-</em></span> 
     </span>
    </p>
   </div>
   <div class='ocr_carea' id='block_1_75' title="bbox 2271 3349 3874 3426">
    <p class='ocr_par' dir='ltr' id='par_1_75' title="bbox 2271 3349 3874 3426">
     <span class='ocr_line' id='line_1_75' title="bbox 2271 3349 3874 3426; baseline -0.002 -21"><span class='ocrx_word' id='word_1_486' title='bbox 2271 3372 2410 3406; x_wconf 86' lang='grc' dir='ltr'><em>σσων</em></span> <span class='ocrx_word' id='word_1_487' title='bbox 2523 3350 2802 3426; x_wconf 81' lang='grc' dir='ltr'><em>βάπτισμα</em></span> <span class='ocrx_word' id='word_1_488' title='bbox 2879 3354 3157 3423; x_wconf 76' lang='grc' dir='ltr'><em>μετανοίας</em></span> <span class='ocrx_word' id='word_1_489' title='bbox 3244 3350 3320 3412; x_wconf 84' lang='grc' dir='ltr'><em>εἰς</em></span> <span class='ocrx_word' id='word_1_490' title='bbox 3424 3351 3606 3423; x_wconf 74' lang='grc' dir='ltr'><em>ἄφεσιν</em></span> <span class='ocrx_word' id='word_1_491' title='bbox 3701 3349 3874 3424; x_wconf 81' lang='grc' dir='ltr'><em>ἀμαρ-</em></span> 
     </span>
    </p>
   </div>
   <div class='ocr_carea' id='block_1_76' title="bbox 2266 3451 2408 3496">
    <p class='ocr_par' dir='ltr' id='par_1_76' title="bbox 2266 3451 2408 3496">
     <span class='ocr_line' id='line_1_76' title="bbox 2266 3451 2408 3496; baseline 0 0"><span class='ocrx_word' id='word_1_492' title='bbox 2266 3451 2408 3496; x_wconf 84' lang='grc' dir='ltr'><em>τιῶν.</em></span> 
     </span>
    </p>
   </div>
   <div class='ocr_carea' id='block_1_77' title="bbox 2336 3536 3873 3614">
    <p class='ocr_par' dir='ltr' id='par_1_77' title="bbox 2336 3536 3873 3614">
     <span class='ocr_line' id='line_1_77' title="bbox 2336 3536 3873 3614; baseline -0.003 -21"><span class='ocrx_word' id='word_1_493' title='bbox 2336 3547 2422 3601; x_wconf 82' lang='grc' dir='ltr'><em>Ὠς</em></span> <span class='ocrx_word' id='word_1_494' title='bbox 2450 3543 2738 3614; x_wconf 84' lang='grc' dir='ltr'><em>γέγραπται</em></span> <span class='ocrx_word' id='word_1_495' title='bbox 2793 3568 2861 3579; x_wconf 87' lang='grc'><strong>-</strong></span> <span class='ocrx_word' id='word_1_496' title='bbox 2920 3536 3132 3612; x_wconf 75' lang='grc' dir='ltr'><em>τρίϐους</em></span> <span class='ocrx_word' id='word_1_497' title='bbox 3205 3537 3385 3591; x_wconf 76' lang='grc' dir='ltr'><em>αὐτοῦ.</em></span> <span class='ocrx_word' id='word_1_498' title='bbox 3437 3543 3620 3590; x_wconf 85' lang='grc' dir='ltr'><em>Ταῦτα</em></span> <span class='ocrx_word' id='word_1_499' title='bbox 3660 3538 3730 3589; x_wconf 78' lang='grc' dir='ltr'><em>τὰ</em></span> <span class='ocrx_word' id='word_1_500' title='bbox 3776 3540 3873 3609; x_wconf 66' lang='grc' dir='ltr'><em>μὲν</em></span> 
     </span>
    </p>
   </div>
   <div class='ocr_carea' id='block_1_78' title="bbox 2270 3626 3875 3702">
    <p class='ocr_par' dir='ltr' id='par_1_78' title="bbox 2270 3626 3875 3702">
     <span class='ocr_line' id='line_1_78' title="bbox 2270 3626 3875 3702; baseline -0.002 -20"><span class='ocrx_word' id='word_1_501' title='bbox 2270 3626 2733 3702; x_wconf 83' lang='grc' dir='ltr'><em>διηρμηνεύθησαν</em></span> <span class='ocrx_word' id='word_1_502' title='bbox 2785 3626 2832 3679; x_wconf 81' lang='grc' dir='ltr'>έν</span> <span class='ocrx_word' id='word_1_503' title='bbox 2885 3634 2958 3698; x_wconf 88' lang='grc' dir='ltr'><em>τῷ</em></span> <span class='ocrx_word' id='word_1_504' title='bbox 3006 3632 3163 3699; x_wconf 89' lang='grc' dir='ltr'><em>τρίτῳ</em></span> <span class='ocrx_word' id='word_1_505' title='bbox 3225 3627 3484 3699; x_wconf 69' lang='grc' dir='ltr'><em>κεφαλαίῳ</em></span> <span class='ocrx_word' id='word_1_506' title='bbox 3560 3634 3653 3679; x_wconf 83' lang='grc' dir='ltr'><em>τοῦ</em></span> <span class='ocrx_word' id='word_1_507' title='bbox 3732 3629 3875 3679; x_wconf 84' lang='grc' dir='ltr'><em>κατὰ</em></span> 
     </span>
    </p>
   </div>
   <div class='ocr_carea' id='block_1_79' title="bbox 2268 3711 3874 3791">
    <p class='ocr_par' dir='ltr' id='par_1_79' title="bbox 2268 3711 3874 3791">
     <span class='ocr_line' id='line_1_79' title="bbox 2268 3711 3874 3791; baseline -0.003 -19"><span class='ocrx_word' id='word_1_508' title='bbox 2268 3720 2529 3772; x_wconf 81' lang='grc' dir='ltr'><em>Ματθαῖον</em></span> <span class='ocrx_word' id='word_1_509' title='bbox 2581 3735 2593 3748; x_wconf 91' lang='grc'><strong>·</strong></span> <span class='ocrx_word' id='word_1_510' title='bbox 2622 3719 2689 3769; x_wconf 85' lang='grc' dir='ltr'><em>τὰ</em></span> <span class='ocrx_word' id='word_1_511' title='bbox 2733 3712 2792 3769; x_wconf 68' lang='grc' dir='ltr'>δὲ</span> <span class='ocrx_word' id='word_1_512' title='bbox 2840 3714 3015 3788; x_wconf 78' lang='grc' dir='ltr'><em>ἐφεξῆς</em></span> <span class='ocrx_word' id='word_1_513' title='bbox 3073 3722 3359 3791; x_wconf 78' lang='grc' dir='ltr'><em>προφητεία</em></span> <span class='ocrx_word' id='word_1_514' title='bbox 3400 3715 3517 3770; x_wconf 82' lang='grc' dir='ltr'><em>ἐστὶ</em></span> <span class='ocrx_word' id='word_1_515' title='bbox 3572 3711 3874 3768; x_wconf 73' lang='grc' dir='ltr'><em>διδάσκου-</em></span> 
     </span>
    </p>
   </div>
   <div class='ocr_carea' id='block_1_80' title="bbox 2268 3804 3870 3879">
    <p class='ocr_par' dir='ltr' id='par_1_80' title="bbox 2268 3804 3870 3879">
     <span class='ocr_line' id='line_1_80' title="bbox 2268 3804 3870 3879; baseline -0.003 -18"><span class='ocrx_word' id='word_1_516' title='bbox 2268 3828 2337 3861; x_wconf 91' lang='grc' dir='ltr'>σα</span> <span class='ocrx_word' id='word_1_517' title='bbox 2387 3808 2468 3860; x_wconf 87' lang='grc' dir='ltr'><em>ὃτι</em></span> <span class='ocrx_word' id='word_1_518' title='bbox 2516 3805 2753 3870; x_wconf 72' lang='grc' dir='ltr'><em>ἐξισώσει</em></span> <span class='ocrx_word' id='word_1_519' title='bbox 2804 3809 2896 3864; x_wconf 81' lang='grc' dir='ltr'>τὴν</span> <span class='ocrx_word' id='word_1_520' title='bbox 2954 3804 3247 3878; x_wconf 76' lang='grc' dir='ltr'><em>ἀνωμαλίαν</em></span> <span class='ocrx_word' id='word_1_521' title='bbox 3302 3812 3392 3857; x_wconf 87' lang='grc' dir='ltr'><em>τοῦ</em></span> <span class='ocrx_word' id='word_1_522' title='bbox 3443 3808 3646 3877; x_wconf 84' lang='grc' dir='ltr'><em>κόσμου</em></span> <span class='ocrx_word' id='word_1_523' title='bbox 3687 3806 3870 3879; x_wconf 60' lang='lat' dir='ltr'>6X9:-</span> 
     </span>
    </p>
   </div>
   <div class='ocr_carea' id='block_1_81' title="bbox 2269 3891 3872 3968">
    <p class='ocr_par' dir='ltr' id='par_1_81' title="bbox 2269 3891 3872 3968">
     <span class='ocr_line' id='line_1_81' title="bbox 2269 3891 3872 3968; baseline -0.002 -19"><span class='ocrx_word' id='word_1_524' title='bbox 2269 3899 2410 3965; x_wconf 89' lang='grc' dir='ltr'><em>στός,</em></span> <span class='ocrx_word' id='word_1_525' title='bbox 2458 3897 2553 3957; x_wconf 82' lang='grc' dir='ltr'><em>τὰς</em></span> <span class='ocrx_word' id='word_1_526' title='bbox 2583 3894 2921 3956; x_wconf 82' lang='grc' dir='ltr'><em>σκολιότητας</em></span> <span class='ocrx_word' id='word_1_527' title='bbox 2974 3897 3061 3947; x_wconf 81' lang='grc' dir='ltr'><em>καὶ</em></span> <span class='ocrx_word' id='word_1_528' title='bbox 3107 3895 3449 3968; x_wconf 83' lang='grc' dir='ltr'><em>τραχύτητας</em></span> <span class='ocrx_word' id='word_1_529' title='bbox 3507 3902 3607 3945; x_wconf 82' lang='grc' dir='ltr'><em>τῶν</em></span> <span class='ocrx_word' id='word_1_530' title='bbox 3674 3891 3872 3968; x_wconf 84' lang='grc' dir='ltr'><em>ἀνθρὼ-</em></span> 
     </span>
    </p>
   </div>
   <div class='ocr_carea' id='block_1_82' title="bbox 497 3973 2157 4063">
    <p class='ocr_par' dir='ltr' id='par_1_82' title="bbox 497 3973 2157 4063">
     <span class='ocr_line' id='line_1_82' title="bbox 497 3973 2157 4063; baseline 0.005 -35"><span class='ocrx_word' id='word_1_531' title='bbox 497 3973 721 4044; x_wconf 86' lang='lat' dir='ltr'>rigens,</span> <span class='ocrx_word' id='word_1_532' title='bbox 747 3989 825 4063; x_wconf 85' lang='lat' dir='ltr'>ac</span> <span class='ocrx_word' id='word_1_533' title='bbox 843 3974 1048 4063; x_wconf 85' lang='lat' dir='ltr'>delens</span> <span class='ocrx_word' id='word_1_534' title='bbox 1066 3976 1157 4047; x_wconf 88' lang='lat' dir='ltr'>(ii)</span> <span class='ocrx_word' id='word_1_535' title='bbox 1181 3980 1379 4033; x_wconf 88' lang='lat' dir='ltr'>aratro</span> <span class='ocrx_word' id='word_1_536' title='bbox 1404 3977 1879 4049; x_wconf 87' lang='lat' dir='ltr'>evangelicorum</span> <span class='ocrx_word' id='word_1_537' title='bbox 1900 3995 2157 4055; x_wconf 66' lang='lat' dir='ltr'>praecep-</span> 
     </span>
    </p>
   </div>
   <div class='ocr_carea' id='block_1_83' title="bbox 2268 3973 3865 4063">
    <p class='ocr_par' dir='ltr' id='par_1_83' title="bbox 2268 3980 3865 4063">
     <span class='ocr_line' id='line_1_83' title="bbox 2268 3980 3865 4063; baseline -0.002 -25"><span class='ocrx_word' id='word_1_538' title='bbox 2268 4006 2373 4038; x_wconf 92' lang='grc' dir='ltr'>πων</span> <span class='ocrx_word' id='word_1_539' title='bbox 2422 3985 2640 4037; x_wconf 78' lang='grc' dir='ltr'><em>εὐθύνων</em></span> <span class='ocrx_word' id='word_1_540' title='bbox 2698 3987 2788 4035; x_wconf 86' lang='grc' dir='ltr'><em>καὶ</em></span> <span class='ocrx_word' id='word_1_541' title='bbox 2830 3981 3039 4034; x_wconf 83' lang='grc' dir='ltr'><em>λεαίνων</em></span> <span class='ocrx_word' id='word_1_542' title='bbox 3094 3991 3165 4054; x_wconf 82' lang='grc' dir='ltr'><em>τῷ</em></span> <span class='ocrx_word' id='word_1_543' title='bbox 3222 3980 3421 4063; x_wconf 80' lang='grc' dir='ltr'><em>ἀρότρῳ</em></span> <span class='ocrx_word' id='word_1_544' title='bbox 3484 3990 3583 4034; x_wconf 87' lang='grc' dir='ltr'><em>τῶν</em></span> <span class='ocrx_word' id='word_1_545' title='bbox 3648 3981 3865 4054; x_wconf 76' lang='grc' dir='ltr'><em>εὐαγγε-</em></span> 
     </span>
    </p>
   </div>
   <div class='ocr_carea' id='block_1_84' title="bbox 498 4061 1073 4123">
    <p class='ocr_par' dir='ltr' id='par_1_84' title="bbox 498 4061 1073 4123">
     <span class='ocr_line' id='line_1_84' title="bbox 498 4061 1073 4123; baseline 0.01 -6"><span class='ocrx_word' id='word_1_546' title='bbox 498 4065 720 4118; x_wconf 91' lang='lat' dir='ltr'>torum.</span> <span class='ocrx_word' id='word_1_547' title='bbox 762 4062 857 4119; x_wconf 89' lang='lat' dir='ltr'>Ait</span> <span class='ocrx_word' id='word_1_548' title='bbox 884 4061 1073 4123; x_wconf 90' lang='lat' dir='ltr'>enim.</span> 
     </span>
    </p>
   </div>
   <div class='ocr_carea' id='block_1_85' title="bbox 565 4258 2150 4333">
    <p class='ocr_par' dir='ltr' id='par_1_85' title="bbox 565 4258 2150 4333">
     <span class='ocr_line' id='line_1_85' title="bbox 565 4258 2150 4333; baseline 0.009 -23"><span class='ocrx_word' id='word_1_549' title='bbox 565 4258 609 4326; x_wconf 81' lang='grc' dir='ltr'>-ι-</span> <span class='ocrx_word' id='word_1_550' title='bbox 633 4258 935 4314; x_wconf 89' lang='lat' dir='ltr'>Desertum</span> <span class='ocrx_word' id='word_1_551' title='bbox 958 4263 1065 4328; x_wconf 89' lang='lat' dir='ltr'>est,</span> <span class='ocrx_word' id='word_1_552' title='bbox 1092 4258 1190 4315; x_wconf 88' lang='lat' dir='ltr'>hic</span> <span class='ocrx_word' id='word_1_553' title='bbox 1211 4259 1476 4316; x_wconf 88' lang='lat' dir='ltr'>mundus</span> <span class='ocrx_word' id='word_1_554' title='bbox 1502 4266 1608 4317; x_wconf 88' lang='lat' dir='ltr'>aut</span> <span class='ocrx_word' id='word_1_555' title='bbox 1624 4261 1896 4321; x_wconf 90' lang='lat' dir='ltr'>humana</span> <span class='ocrx_word' id='word_1_556' title='bbox 1916 4271 2150 4333; x_wconf 87' lang='lat' dir='ltr'>natura,</span> 
     </span>
    </p>
   </div>
   <div class='ocr_carea' id='block_1_86' title="bbox 498 4344 2151 4422">
    <p class='ocr_par' dir='ltr' id='par_1_86' title="bbox 498 4344 2151 4422">
     <span class='ocr_line' id='line_1_86' title="bbox 498 4344 2151 4422; baseline 0.008 -22"><span class='ocrx_word' id='word_1_557' title='bbox 498 4344 625 4400; x_wconf 87' lang='lat' dir='ltr'>sive</span> <span class='ocrx_word' id='word_1_558' title='bbox 681 4345 968 4418; x_wconf 85' lang='lat' dir='ltr'>cujusque</span> <span class='ocrx_word' id='word_1_559' title='bbox 1031 4347 1258 4415; x_wconf 89' lang='lat' dir='ltr'>anima,</span> <span class='ocrx_word' id='word_1_560' title='bbox 1308 4353 1553 4422; x_wconf 86' lang='lat' dir='ltr'>propter</span> <span class='ocrx_word' id='word_1_561' title='bbox 1623 4350 2151 4413; x_wconf 88' lang='lat' dir='ltr'>infructuositatem</span> 
     </span>
    </p>
   </div>
   <div class='ocr_carea' id='block_1_87' title="bbox 492 4434 2148 4517">
    <p class='ocr_par' dir='ltr' id='par_1_87' title="bbox 492 4434 2148 4517">
     <span class='ocr_line' id='line_1_87' title="bbox 492 4434 2148 4517; baseline 0.008 -26"><span class='ocrx_word' id='word_1_562' title='bbox 492 4434 818 4501; x_wconf 86' lang='lat' dir='ltr'>bonorum,</span> <span class='ocrx_word' id='word_1_563' title='bbox 871 4452 1008 4509; x_wconf 67' lang='lat' dir='ltr'>quae</span> <span class='ocrx_word' id='word_1_564' title='bbox 1047 4454 1083 4494; x_wconf 88' lang='lat' dir='ltr'>a</span> <span class='ocrx_word' id='word_1_565' title='bbox 1111 4439 1291 4495; x_wconf 88' lang='lat' dir='ltr'>veteri</span> <span class='ocrx_word' id='word_1_566' title='bbox 1346 4443 1809 4511; x_wconf 86' lang='lat' dir='ltr'>transgressione</span> <span class='ocrx_word' id='word_1_567' title='bbox 1856 4447 2148 4517; x_wconf 87' lang='lat' dir='ltr'>provenit.</span> 
     </span>
    </p>
   </div>
   <div class='ocr_carea' id='block_1_88' title="bbox 495 4526 2149 4609">
    <p class='ocr_par' dir='ltr' id='par_1_88' title="bbox 495 4526 2149 4609">
     <span class='ocr_line' id='line_1_88' title="bbox 495 4526 2149 4609; baseline 0.008 -30"><span class='ocrx_word' id='word_1_568' title='bbox 495 4526 617 4580; x_wconf 81' lang='lat' dir='ltr'>Vox</span> <span class='ocrx_word' id='word_1_569' title='bbox 670 4528 872 4581; x_wconf 88' lang='lat' dir='ltr'>autem</span> <span class='ocrx_word' id='word_1_570' title='bbox 911 4526 1228 4584; x_wconf 87' lang='lat' dir='ltr'>clamantis</span> <span class='ocrx_word' id='word_1_571' title='bbox 1277 4528 1514 4600; x_wconf 90' lang='lat' dir='ltr'>dicitur,</span> <span class='ocrx_word' id='word_1_572' title='bbox 1554 4531 1749 4588; x_wconf 88' lang='lat' dir='ltr'>morbi</span> <span class='ocrx_word' id='word_1_573' title='bbox 1797 4549 2008 4590; x_wconf 86' lang='lat' dir='ltr'>sensus</span> <span class='ocrx_word' id='word_1_574' title='bbox 2058 4536 2149 4609; x_wconf 88' lang='lat' dir='ltr'>(jj)</span> 
     </span>
    </p>
   </div>
   <div class='ocr_carea' id='block_1_89' title="bbox 566 4677 2297 4762">
    <p class='ocr_par' dir='ltr' id='par_1_89' title="bbox 566 4677 2297 4762">
     <span class='ocr_line' id='line_1_89' title="bbox 566 4677 2297 4762; baseline 0.008 -30"><span class='ocrx_word' id='word_1_575' title='bbox 566 4679 614 4712; x_wconf 76' lang='grc'>³³</span> <span class='ocrx_word' id='word_1_576' title='bbox 635 4677 835 4733; x_wconf 90' lang='lat' dir='ltr'>Matth.</span> <span class='ocrx_word' id='word_1_577' title='bbox 868 4694 925 4746; x_wconf 87' lang='grc' dir='ltr'>ιι,</span> <span class='ocrx_word' id='word_1_578' title='bbox 960 4679 1053 4738; x_wconf 75' lang='lat'>22.</span> <span class='ocrx_word' id='word_1_579' title='bbox 1135 4682 1181 4715; x_wconf 75' lang='grc'>’³</span> <span class='ocrx_word' id='word_1_580' title='bbox 1205 4680 1404 4738; x_wconf 86' lang='lat' dir='ltr'>Matth.</span> <span class='ocrx_word' id='word_1_581' title='bbox 1437 4698 1598 4750; x_wconf 81' lang='lat' dir='ltr'><strong>xxv1,</strong></span> <span class='ocrx_word' id='word_1_582' title='bbox 1637 4685 1723 4741; x_wconf 84' lang='lat'>58.</span> <span class='ocrx_word' id='word_1_583' title='bbox 1803 4687 1851 4722; x_wconf 83' lang='grc'>²⁴</span> <span class='ocrx_word' id='word_1_584' title='bbox 1891 4687 2094 4745; x_wconf 87' lang='lat' dir='ltr'>Matth.</span> <span class='ocrx_word' id='word_1_585' title='bbox 2126 4703 2208 4762; x_wconf 88' lang='grc' dir='ltr'><em>ιιι,</em></span> <span class='ocrx_word' id='word_1_586' title='bbox 2250 4692 2297 4746; x_wconf 90' lang='lat' dir='ltr'>l.</span> 
     </span>
    </p>
   </div>
   <div class='ocr_carea' id='block_1_90' title="bbox 2264 4069 3861 4144">
    <p class='ocr_par' dir='ltr' id='par_1_90' title="bbox 2264 4069 3861 4144">
     <span class='ocr_line' id='line_1_90' title="bbox 2264 4069 3861 4144; baseline -0.001 -19"><span class='ocrx_word' id='word_1_587' title='bbox 2264 4073 2419 4126; x_wconf 83' lang='grc' dir='ltr'><em>λικῶν</em></span> <span class='ocrx_word' id='word_1_588' title='bbox 2466 4071 2696 4126; x_wconf 78' lang='grc' dir='ltr'><em>ἐντολῶν.</em></span> <span class='ocrx_word' id='word_1_589' title='bbox 2753 4069 2970 4144; x_wconf 80' lang='grc' dir='ltr'><em>[”Ακουε</em></span> <span class='ocrx_word' id='word_1_590' title='bbox 3028 4070 3142 4143; x_wconf 90' lang='grc'>(77)</span> <span class='ocrx_word' id='word_1_591' title='bbox 3198 4073 3300 4144; x_wconf 85' lang='grc' dir='ltr'>γάρ</span> <span class='ocrx_word' id='word_1_592' title='bbox 3362 4078 3375 4101; x_wconf 91' lang='lat'><strong><em>‘</em></strong></span> <span class='ocrx_word' id='word_1_593' title='bbox 3411 4077 3568 4123; x_wconf 78' lang='grc' dir='ltr'><em>Πᾶσα</em></span> <span class='ocrx_word' id='word_1_594' title='bbox 3640 4070 3861 4143; x_wconf 73' lang='grc' dir='ltr'><em>φάραγξ,</em></span> 
     </span>
    </p>
   </div>
   <div class='ocr_carea' id='block_1_91' title="bbox 2264 4161 2507 4231">
    <p class='ocr_par' dir='ltr' id='par_1_91' title="bbox 2264 4161 2507 4231">
     <span class='ocr_line' id='line_1_91' title="bbox 2264 4161 2507 4231; baseline -0.004 -17"><span class='ocrx_word' id='word_1_595' title='bbox 2264 4182 2313 4217; x_wconf 90' lang='grc' dir='ltr'><em>κ.</em></span> <span class='ocrx_word' id='word_1_596' title='bbox 2347 4181 2399 4219; x_wconf 90' lang='grc' dir='ltr'><em>τ.</em></span> <span class='ocrx_word' id='word_1_597' title='bbox 2429 4161 2507 4231; x_wconf 80' lang='grc' dir='ltr'>λ.]</span> 
     </span>
    </p>
   </div>
   <div class='ocr_carea' id='block_1_92' title="bbox 2333 4265 3860 4343">
    <p class='ocr_par' dir='ltr' id='par_1_92' title="bbox 2333 4265 3860 4343">
     <span class='ocr_line' id='line_1_92' title="bbox 2333 4265 3860 4343; baseline -0.003 -19"><span class='ocrx_word' id='word_1_598' title='bbox 2333 4269 2357 4343; x_wconf 93' lang='grc'>[</span> <span class='ocrx_word' id='word_1_599' title='bbox 2383 4275 2486 4324; x_wconf 81' lang='grc' dir='ltr'><em>Τοῦ</em></span> <span class='ocrx_word' id='word_1_600' title='bbox 2512 4268 2665 4340; x_wconf 84' lang='grc' dir='ltr'><em>ἁγίου</em></span> <span class='ocrx_word' id='word_1_601' title='bbox 2695 4267 2938 4340; x_wconf 82' lang='grc' dir='ltr'><em>Μαξίμου</em></span> <span class='ocrx_word' id='word_1_602' title='bbox 2969 4284 2982 4298; x_wconf 78' lang='grc'><strong><em>⁸</em></strong></span> <span class='ocrx_word' id='word_1_603' title='bbox 3014 4265 3245 4341; x_wconf 80' lang='grc' dir='ltr'><em>Ἔρημός</em></span> <span class='ocrx_word' id='word_1_604' title='bbox 3275 4265 3416 4321; x_wconf 79' lang='grc' dir='ltr'><em>ἐστιν</em></span> <span class='ocrx_word' id='word_1_605' title='bbox 3461 4268 3577 4339; x_wconf 89' lang='grc'>(78)</span> <span class='ocrx_word' id='word_1_606' title='bbox 3609 4268 3635 4319; x_wconf 89' lang='lat'>6</span> <span class='ocrx_word' id='word_1_607' title='bbox 3665 4271 3860 4340; x_wconf 85' lang='grc' dir='ltr'><em>κόσμος</em></span> 
     </span>
    </p>
   </div>
   <div class='ocr_carea' id='block_1_93' title="bbox 2264 4353 3857 4430">
    <p class='ocr_par' dir='ltr' id='par_1_93' title="bbox 2264 4353 3857 4430">
     <span class='ocr_line' id='line_1_93' title="bbox 2264 4353 3857 4430; baseline -0.004 -17"><span class='ocrx_word' id='word_1_608' title='bbox 2264 4359 2437 4428; x_wconf 78' lang='grc' dir='ltr'><em>οὗτος,</em></span> <span class='ocrx_word' id='word_1_609' title='bbox 2466 4359 2495 4417; x_wconf 79' lang='grc' dir='ltr'><em>ἦ</em></span> <span class='ocrx_word' id='word_1_610' title='bbox 2529 4360 2560 4417; x_wconf 79' lang='grc' dir='ltr'>ἡ</span> <span class='ocrx_word' id='word_1_611' title='bbox 2596 4356 2888 4430; x_wconf 78' lang='grc' dir='ltr'><em>ἀνθρωπίνη</em></span> <span class='ocrx_word' id='word_1_612' title='bbox 2914 4359 3086 4430; x_wconf 75' lang='grc' dir='ltr'><em>φύσις,</em></span> <span class='ocrx_word' id='word_1_613' title='bbox 3118 4356 3147 4415; x_wconf 74' lang='grc' dir='ltr'>ἡ</span> <span class='ocrx_word' id='word_1_614' title='bbox 3174 4359 3203 4416; x_wconf 77' lang='grc' dir='ltr'>ἡ</span> <span class='ocrx_word' id='word_1_615' title='bbox 3232 4356 3451 4409; x_wconf 79' lang='grc' dir='ltr'><em>ἑκάστου</em></span> <span class='ocrx_word' id='word_1_616' title='bbox 3471 4353 3752 4428; x_wconf 65' lang='grc' dir='ltr'>ψυχὴβιὰ</span> <span class='ocrx_word' id='word_1_617' title='bbox 3768 4359 3857 4415; x_wconf 68' lang='grc' dir='ltr'>τὴν</span> 
     </span>
    </p>
   </div>
   <div class='ocr_carea' id='block_1_94' title="bbox 2262 4443 3847 4521">
    <p class='ocr_par' dir='ltr' id='par_1_94' title="bbox 2262 4443 3847 4521">
     <span class='ocr_line' id='line_1_94' title="bbox 2262 4443 3847 4521; baseline -0.004 -20"><span class='ocrx_word' id='word_1_618' title='bbox 2262 4448 2317 4501; x_wconf 77' lang='grc' dir='ltr'>ἐκ</span> <span class='ocrx_word' id='word_1_619' title='bbox 2345 4456 2436 4508; x_wconf 87' lang='grc' dir='ltr'>τῆς</span> <span class='ocrx_word' id='word_1_620' title='bbox 2489 4448 2721 4520; x_wconf 86' lang='grc' dir='ltr'><em>ἀρχαίας</em></span> <span class='ocrx_word' id='word_1_621' title='bbox 2772 4444 3118 4521; x_wconf 82' lang='grc' dir='ltr'><em>παραϐάσεως</em></span> <span class='ocrx_word' id='word_1_622' title='bbox 3147 4443 3407 4519; x_wconf 85' lang='grc' dir='ltr'><em>ἀκαρπίαν</em></span> <span class='ocrx_word' id='word_1_623' title='bbox 3455 4452 3554 4498; x_wconf 85' lang='grc' dir='ltr'><em>τῶν</em></span> <span class='ocrx_word' id='word_1_624' title='bbox 3605 4443 3806 4515; x_wconf 80' lang='grc' dir='ltr'><em>ἀγαθῶν</em></span> <span class='ocrx_word' id='word_1_625' title='bbox 3833 4460 3847 4474; x_wconf 81' lang='lat'>&#39;</span> 
     </span>
    </p>
   </div>
   <div class='ocr_carea' id='block_1_95' title="bbox 2264 4530 3840 4608">
    <p class='ocr_par' dir='ltr' id='par_1_95' title="bbox 2264 4530 3840 4608">
     <span class='ocr_line' id='line_1_95' title="bbox 2264 4530 3840 4608; baseline -0.008 -16"><span class='ocrx_word' id='word_1_626' title='bbox 2264 4541 2404 4596; x_wconf 79' lang='grc' dir='ltr'>Φωνή</span> <span class='ocrx_word' id='word_1_627' title='bbox 2432 4533 2492 4589; x_wconf 69' lang='lat'>6“:</span> <span class='ocrx_word' id='word_1_628' title='bbox 2531 4533 2758 4608; x_wconf 85' lang='grc' dir='ltr'><em>βοῶντος</em></span> <span class='ocrx_word' id='word_1_629' title='bbox 2782 4534 2901 4607; x_wconf 87' lang='lat'>(79)</span> <span class='ocrx_word' id='word_1_630' title='bbox 2943 4534 3143 4607; x_wconf 81' lang='grc' dir='ltr'><em>λέγεται</em></span> <span class='ocrx_word' id='word_1_631' title='bbox 3169 4536 3199 4593; x_wconf 79' lang='grc' dir='ltr'><strong>ἠ</strong></span> <span class='ocrx_word' id='word_1_632' title='bbox 3247 4536 3384 4587; x_wconf 88' lang='grc' dir='ltr'><em>κατὰ</em></span> <span class='ocrx_word' id='word_1_633' title='bbox 3435 4530 3728 4589; x_wconf 78' lang='grc' dir='ltr'><em>συνείδησιν</em></span> <span class='ocrx_word' id='word_1_634' title='bbox 3760 4530 3840 4581; x_wconf 72' lang='grc' dir='ltr'><em>ἐπὶ</em></span> 
     </span>
    </p>
   </div>
   <div class='ocr_carea' id='block_1_96' title="bbox 2372 4688 2739 4752">
    <p class='ocr_par' dir='ltr' id='par_1_96' title="bbox 2372 4688 2739 4752">
     <span class='ocr_line' id='line_1_96' title="bbox 2372 4688 2739 4752; baseline -0.003 -8"><span class='ocrx_word' id='word_1_635' title='bbox 2372 4688 2580 4744; x_wconf 73' lang='lat' dir='ltr'>&quot;Marc</span> <span class='ocrx_word' id='word_1_636' title='bbox 2613 4704 2649 4752; x_wconf 88' lang='grc' dir='ltr'>ι,</span> <span class='ocrx_word' id='word_1_637' title='bbox 2681 4690 2739 4743; x_wconf 78' lang='grc'><strong>4.</strong></span> 
     </span>
    </p>
   </div>
   <div class='ocr_carea' id='block_1_97' title="bbox 1739 4809 2612 4880">
    <p class='ocr_par' dir='ltr' id='par_1_97' title="bbox 1739 4809 2612 4880">
     <span class='ocr_line' id='line_1_97' title="bbox 1739 4809 2612 4880; baseline 0.001 -3"><span class='ocrx_word' id='word_1_638' title='bbox 1739 4809 2309 4880; x_wconf 79' lang='lat' dir='ltr'>Variaelectiones</span> <span class='ocrx_word' id='word_1_639' title='bbox 2330 4822 2396 4879; x_wconf 89' lang='lat' dir='ltr'>et</span> <span class='ocrx_word' id='word_1_640' title='bbox 2409 4820 2612 4879; x_wconf 65' lang='lat' dir='ltr'>notae.</span> 
     </span>
    </p>
   </div>
   <div class='ocr_carea' id='block_1_98' title="bbox 563 4945 2145 5017">
    <p class='ocr_par' dir='ltr' id='par_1_98' title="bbox 563 4945 2145 5017">
     <span class='ocr_line' id='line_1_98' title="bbox 563 4945 2145 5017; baseline 0.008 -16"><span class='ocrx_word' id='word_1_641' title='bbox 563 4945 678 5017; x_wconf 82' lang='lat'>(75)</span> <span class='ocrx_word' id='word_1_642' title='bbox 708 4946 827 5000; x_wconf 85' lang='grc' dir='ltr'><em>Ἐπί</em></span> <span class='ocrx_word' id='word_1_643' title='bbox 855 4946 1028 5004; x_wconf 83' lang='lat' dir='ltr'>abest</span> <span class='ocrx_word' id='word_1_644' title='bbox 1063 4946 1245 5006; x_wconf 88' lang='lat' dir='ltr'>etiam</span> <span class='ocrx_word' id='word_1_645' title='bbox 1286 4949 1350 5005; x_wconf 88' lang='lat' dir='ltr'>in</span> <span class='ocrx_word' id='word_1_646' title='bbox 1410 4949 1499 5006; x_wconf 89' lang='lat' dir='ltr'>his</span> <span class='ocrx_word' id='word_1_647' title='bbox 1554 4950 1863 5008; x_wconf 89' lang='lat' dir='ltr'>codicibus</span> <span class='ocrx_word' id='word_1_648' title='bbox 1904 4953 1967 5010; x_wconf 91' lang='lat' dir='ltr'>in</span> <span class='ocrx_word' id='word_1_649' title='bbox 2008 4969 2145 5013; x_wconf 86' lang='lat' dir='ltr'>cou-</span> 
     </span>
    </p>
   </div>
   <div class='ocr_carea' id='block_1_99' title="bbox 490 5016 970 5075">
    <p class='ocr_par' dir='ltr' id='par_1_99' title="bbox 490 5016 970 5075">
     <span class='ocr_line' id='line_1_99' title="bbox 490 5016 970 5075; baseline 0 -2"><span class='ocrx_word' id='word_1_650' title='bbox 490 5016 652 5073; x_wconf 81' lang='lat' dir='ltr'>textu</span> <span class='ocrx_word' id='word_1_651' title='bbox 697 5016 970 5075; x_wconf 68' lang='lat' dir='ltr'>Matthaai.</span> 
     </span>
    </p>
   </div>
   <div class='ocr_carea' id='block_1_100' title="bbox 587 5091 1255 5164">
    <p class='ocr_par' dir='ltr' id='par_1_100' title="bbox 587 5091 1255 5164">
     <span class='ocr_line' id='line_1_100' title="bbox 587 5091 1255 5164; baseline 0.004 -21"><span class='ocrx_word' id='word_1_652' title='bbox 587 5091 678 5164; x_wconf 82' lang='grc'>76)</span> <span class='ocrx_word' id='word_1_653' title='bbox 709 5095 821 5164; x_wconf 78' lang='lat' dir='ltr'>_Kat‘t_</span> <span class='ocrx_word' id='word_1_654' title='bbox 854 5091 955 5164; x_wconf 84' lang='grc' dir='ltr'><em>γὰρ</em></span> <span class='ocrx_word' id='word_1_655' title='bbox 986 5095 1077 5143; x_wconf 81' lang='grc' dir='ltr'><em>καὶ</em></span> <span class='ocrx_word' id='word_1_656' title='bbox 1180 5096 1255 5164; x_wconf 54' lang='grc' dir='ltr'>ΔΔ..</span> 
     </span>
    </p>
   </div>
   <div class='ocr_carea' id='block_1_101' title="bbox 586 5160 1320 5220">
    <p class='ocr_par' dir='ltr' id='par_1_101' title="bbox 586 5160 1320 5220">
     <span class='ocr_line' id='line_1_101' title="bbox 586 5160 1320 5220; baseline 0.008 -6"><span class='ocrx_word' id='word_1_657' title='bbox 586 5160 678 5220; x_wconf 83' lang='lat'>77)</span> <span class='ocrx_word' id='word_1_658' title='bbox 708 5160 943 5216; x_wconf 81' lang='lat' dir='ltr'>Inclusa</span> <span class='ocrx_word' id='word_1_659' title='bbox 1002 5162 1217 5219; x_wconf 86' lang='lat' dir='ltr'>omittit</span> <span class='ocrx_word' id='word_1_660' title='bbox 1252 5164 1320 5220; x_wconf 89' lang='grc' dir='ltr'>Β.</span> 
     </span>
    </p>
   </div>
   <div class='ocr_carea' id='block_1_102' title="bbox 564 5335 2147 5408">
    <p class='ocr_par' dir='ltr' id='par_1_102' title="bbox 564 5335 2147 5408">
     <span class='ocr_line' id='line_1_102' title="bbox 564 5335 2147 5408; baseline 0.007 -18"><span class='ocrx_word' id='word_1_661' title='bbox 564 5335 695 5408; x_wconf 77' lang='lat' dir='ltr'>(hit)</span> <span class='ocrx_word' id='word_1_662' title='bbox 736 5336 1252 5394; x_wconf 82' lang='lat' dir='ltr'>Gubernationem.</span> <span class='ocrx_word' id='word_1_663' title='bbox 1282 5339 1415 5408; x_wconf 85' lang='lat' dir='ltr'>lmo</span> <span class='ocrx_word' id='word_1_664' title='bbox 1439 5340 1704 5397; x_wconf 85' lang='lat' dir='ltr'>domum.</span> <span class='ocrx_word' id='word_1_665' title='bbox 1738 5346 1989 5395; x_wconf 82' lang='grc' dir='ltr'><em>Κατοικία</em></span> <span class='ocrx_word' id='word_1_666' title='bbox 2010 5360 2147 5400; x_wconf 88' lang='lat' dir='ltr'>nus-</span> 
     </span>
    </p>
   </div>
   <div class='ocr_carea' id='block_1_103' title="bbox 491 5406 2149 5479">
    <p class='ocr_par' dir='ltr' id='par_1_103' title="bbox 491 5406 2149 5479">
     <span class='ocr_line' id='line_1_103' title="bbox 491 5406 2149 5479; baseline 0.007 -17"><span class='ocrx_word' id='word_1_667' title='bbox 491 5406 682 5479; x_wconf 86' lang='lat' dir='ltr'>quam</span> <span class='ocrx_word' id='word_1_668' title='bbox 710 5411 800 5462; x_wconf 90' lang='lat' dir='ltr'>est</span> <span class='ocrx_word' id='word_1_669' title='bbox 823 5407 1198 5478; x_wconf 82' lang='lat' dir='ltr'>gubernatio,</span> <span class='ocrx_word' id='word_1_670' title='bbox 1242 5415 1345 5464; x_wconf 92' lang='lat' dir='ltr'>sed</span> <span class='ocrx_word' id='word_1_671' title='bbox 1389 5406 1679 5473; x_wconf 85' lang='grc' dir='ltr'><em>διοίκησις,</em></span> <span class='ocrx_word' id='word_1_672' title='bbox 1714 5413 1879 5470; x_wconf 89' lang='lat' dir='ltr'>Patet</span> <span class='ocrx_word' id='word_1_673' title='bbox 1919 5415 1982 5471; x_wconf 92' lang='lat' dir='ltr'>id</span> <span class='ocrx_word' id='word_1_674' title='bbox 2012 5422 2149 5473; x_wconf 84' lang='lat' dir='ltr'>vero</span> 
     </span>
    </p>
   </div>
   <div class='ocr_carea' id='block_1_104' title="bbox 491 5479 2144 5555">
    <p class='ocr_par' dir='ltr' id='par_1_104' title="bbox 491 5479 2144 5555">
     <span class='ocr_line' id='line_1_104' title="bbox 491 5479 2144 5555; baseline 0.006 -22"><span class='ocrx_word' id='word_1_675' title='bbox 491 5479 671 5535; x_wconf 88' lang='lat' dir='ltr'>etiam</span> <span class='ocrx_word' id='word_1_676' title='bbox 695 5495 764 5555; x_wconf 58' lang='lat' dir='ltr'>es</span> <span class='ocrx_word' id='word_1_677' title='bbox 790 5479 910 5555; x_wconf 55' lang='lat'>1.1.</span> <span class='ocrx_word' id='word_1_678' title='bbox 952 5480 1096 5555; x_wconf 87' lang='lat' dir='ltr'>Nam</span> <span class='ocrx_word' id='word_1_679' title='bbox 1121 5481 1200 5555; x_wconf 87' lang='lat' dir='ltr'>ad_</span> <span class='ocrx_word' id='word_1_680' title='bbox 1228 5479 1434 5555; x_wconf 72' lang='lat' dir='ltr'>Matth.</span> <span class='ocrx_word' id='word_1_681' title='bbox 1480 5498 1637 5549; x_wconf 70' lang='lat' dir='ltr'>nm,</span> <span class='ocrx_word' id='word_1_682' title='bbox 1672 5488 1760 5548; x_wconf 87' lang='grc'>58,</span> <span class='ocrx_word' id='word_1_683' title='bbox 1803 5485 1884 5542; x_wconf 90' lang='lat' dir='ltr'>ita</span> <span class='ocrx_word' id='word_1_684' title='bbox 1925 5485 2144 5555; x_wconf 87' lang='lat' dir='ltr'>habet;</span> 
     </span>
    </p>
   </div>
   <div class='ocr_carea' id='block_1_105' title="bbox 563 5546 2083 5624">
    <p class='ocr_par' dir='ltr' id='par_1_105' title="bbox 563 5546 2083 5624">
     <span class='ocr_line' id='line_1_105' title="bbox 563 5546 2083 5624; baseline 0.005 -23"><span class='ocrx_word' id='word_1_685' title='bbox 563 5555 664 5624; x_wconf 56' lang='grc' dir='ltr'>Καὶ</span> <span class='ocrx_word' id='word_1_686' title='bbox 688 5551 793 5624; x_wconf 74' lang='grc' dir='ltr'><em>γὰρ</em></span> <span class='ocrx_word' id='word_1_687' title='bbox 823 5546 1120 5624; x_wconf 60' lang='grc' dir='ltr'><em>ἀμφοξέρων</em></span> <span class='ocrx_word' id='word_1_688' title='bbox 1151 5548 1218 5612; x_wconf 84' lang='grc' dir='ltr'><em>εἷς</em></span> <span class='ocrx_word' id='word_1_689' title='bbox 1247 5548 1382 5624; x_wconf 77' lang='grc' dir='ltr'><em>οἶκος</em></span> <span class='ocrx_word' id='word_1_690' title='bbox 1419 5558 1508 5606; x_wconf 84' lang='grc' dir='ltr'><em>καὶ</em></span> <span class='ocrx_word' id='word_1_691' title='bbox 1533 5546 1633 5624; x_wconf 81' lang='grc' dir='ltr'>μία</span> <span class='ocrx_word' id='word_1_692' title='bbox 1658 5546 1816 5613; x_wconf 67' lang='grc' dir='ltr'>αὐλή.</span> <span class='ocrx_word' id='word_1_693' title='bbox 2078 5570 2083 5573; x_wconf 84' lang='lat'>‘</span> 
     </span>
    </p>
   </div>
   <div class='ocr_carea' id='block_1_106' title="bbox 562 5619 2145 5698">
    <p class='ocr_par' dir='ltr' id='par_1_106' title="bbox 562 5619 2145 5698">
     <span class='ocr_line' id='line_1_106' title="bbox 562 5619 2145 5698; baseline 0.007 -23"><span class='ocrx_word' id='word_1_694' title='bbox 562 5621 649 5694; x_wconf 81' lang='lat' dir='ltr'>(ii)</span> <span class='ocrx_word' id='word_1_695' title='bbox 674 5619 912 5677; x_wconf 36' lang='lat' dir='ltr'>Deten’s.’</span> <span class='ocrx_word' id='word_1_696' title='bbox 948 5619 1197 5681; x_wconf 84' lang='lat' dir='ltr'>Planam</span> <span class='ocrx_word' id='word_1_697' title='bbox 1235 5622 1478 5696; x_wconf 84' lang='lat' dir='ltr'>faciens,</span> <span class='ocrx_word' id='word_1_698' title='bbox 1517 5619 1792 5698; x_wconf 61' lang='lat' dir='ltr'>(equam.</span> <span class='ocrx_word' id='word_1_699' title='bbox 1840 5630 1961 5691; x_wconf 74' lang='lat' dir='ltr'>Hoc</span> <span class='ocrx_word' id='word_1_700' title='bbox 1984 5630 2145 5686; x_wconf 89' lang='lat' dir='ltr'>enim</span> 
     </span>
    </p>
   </div>
   <div class='ocr_carea' id='block_1_107' title="bbox 2337 4946 3857 5033">
    <p class='ocr_par' dir='ltr' id='par_1_107' title="bbox 2337 4946 3857 5033">
     <span class='ocr_line' id='line_1_107' title="bbox 2337 4946 3857 5033; baseline -0.003 -23"><span class='ocrx_word' id='word_1_701' title='bbox 2337 4954 2450 5033; x_wconf 70' lang='lat' dir='ltr'>(7a)</span> <span class='ocrx_word' id='word_1_702' title='bbox 2483 4960 2523 5033; x_wconf 72' lang='grc' dir='ltr'>ᾼ</span> <span class='ocrx_word' id='word_1_703' title='bbox 2562 4948 2624 5009; x_wconf 90' lang='lat' dir='ltr'>in</span> <span class='ocrx_word' id='word_1_704' title='bbox 2655 4950 2992 5033; x_wconf 52' lang='lat' dir='ltr'>margine}</span> <span class='ocrx_word' id='word_1_705' title='bbox 3041 4952 3103 5033; x_wconf 84' lang='lat' dir='ltr'>in</span> <span class='ocrx_word' id='word_1_706' title='bbox 3145 4946 3346 5033; x_wconf 41' lang='lat' dir='ltr'>.textu.</span> <span class='ocrx_word' id='word_1_707' title='bbox 3412 4950 3643 5008; x_wconf 87' lang='lat' dir='ltr'>Nomen</span> <span class='ocrx_word' id='word_1_708' title='bbox 3674 4948 3857 5007; x_wconf 86' lang='lat' dir='ltr'>sancti</span> 
     </span>
    </p>
   </div>
   <div class='ocr_carea' id='block_1_108' title="bbox 2261 5022 3259 5081">
    <p class='ocr_par' dir='ltr' id='par_1_108' title="bbox 2261 5022 3259 5081">
     <span class='ocr_line' id='line_1_108' title="bbox 2261 5022 3259 5081; baseline -0.002 -1"><span class='ocrx_word' id='word_1_709' title='bbox 2261 5022 2508 5081; x_wconf 80' lang='lat' dir='ltr'>Maximi</span> <span class='ocrx_word' id='word_1_710' title='bbox 2540 5039 2663 5080; x_wconf 93' lang='lat' dir='ltr'>non</span> <span class='ocrx_word' id='word_1_711' title='bbox 2695 5022 2879 5080; x_wconf 85' lang='lat' dir='ltr'>habet</span> <span class='ocrx_word' id='word_1_712' title='bbox 2916 5022 3259 5079; x_wconf 87' lang='lat' dir='ltr'>Hentenius.</span> 
     </span>
    </p>
   </div>
   <div class='ocr_carea' id='block_1_109' title="bbox 2331 5091 3860 5168">
    <p class='ocr_par' dir='ltr' id='par_1_109' title="bbox 2331 5091 3860 5168">
     <span class='ocr_line' id='line_1_109' title="bbox 2331 5091 3860 5168; baseline -0.003 -15"><span class='ocrx_word' id='word_1_713' title='bbox 2331 5095 2452 5168; x_wconf 15' lang='lat'>(797)</span> <span class='ocrx_word' id='word_1_714' title='bbox 2478 5100 2678 5168; x_wconf 73' lang='grc' dir='ltr'><em>Λόγου,</em></span> <span class='ocrx_word' id='word_1_715' title='bbox 2706 5110 2807 5168; x_wconf 84' lang='lat' dir='ltr'>pro</span> <span class='ocrx_word' id='word_1_716' title='bbox 2828 5094 3056 5167; x_wconf 70' lang='grc' dir='ltr'><em>ὶιγεται.</em></span> <span class='ocrx_word' id='word_1_717' title='bbox 3094 5095 3152 5150; x_wconf 84' lang='grc' dir='ltr'><strong>Β.</strong></span> <span class='ocrx_word' id='word_1_718' title='bbox 3187 5094 3313 5151; x_wconf 85' lang='lat' dir='ltr'>Hoc</span> <span class='ocrx_word' id='word_1_719' title='bbox 3336 5092 3560 5161; x_wconf 83' lang='lat' dir='ltr'>malim,</span> <span class='ocrx_word' id='word_1_720' title='bbox 3592 5092 3704 5151; x_wconf 85' lang='lat' dir='ltr'>etsi</span> <span class='ocrx_word' id='word_1_721' title='bbox 3721 5091 3860 5149; x_wconf 85' lang='lat' dir='ltr'>illud</span> 
     </span>
    </p>
   </div>
   <div class='ocr_carea' id='block_1_110' title="bbox 2256 5166 2841 5239">
    <p class='ocr_par' dir='ltr' id='par_1_110' title="bbox 2256 5166 2841 5239">
     <span class='ocr_line' id='line_1_110' title="bbox 2256 5166 2841 5239; baseline -0.002 -15"><span class='ocrx_word' id='word_1_722' title='bbox 2256 5166 2467 5239; x_wconf 86' lang='lat' dir='ltr'>legerit</span> <span class='ocrx_word' id='word_1_723' title='bbox 2494 5166 2841 5224; x_wconf 74' lang='lat' dir='ltr'>ﬂentenius.</span> 
     </span>
    </p>
   </div>
   <div class='ocr_carea' id='block_1_111' title="bbox 2257 5344 2791 5407">
    <p class='ocr_par' dir='ltr' id='par_1_111' title="bbox 2257 5344 2791 5407">
     <span class='ocr_line' id='line_1_111' title="bbox 2257 5344 2791 5407; baseline -0.013 -5"><span class='ocrx_word' id='word_1_724' title='bbox 2257 5350 2347 5402; x_wconf 89' lang='lat' dir='ltr'>est</span> <span class='ocrx_word' id='word_1_725' title='bbox 2384 5345 2447 5401; x_wconf 84' lang='lat' dir='ltr'>h.</span> <span class='ocrx_word' id='word_1_726' title='bbox 2487 5345 2527 5407; x_wconf 82' lang='lat' dir='ltr'>l,</span> <span class='ocrx_word' id='word_1_727' title='bbox 2558 5344 2791 5397; x_wconf 81' lang='grc' dir='ltr'><em>λεαίνειν.</em></span> 
     </span>
    </p>
   </div>
   <div class='ocr_carea' id='block_1_112' title="bbox 2327 5414 3858 5489">
    <p class='ocr_par' dir='ltr' id='par_1_112' title="bbox 2327 5414 3858 5489">
     <span class='ocr_line' id='line_1_112' title="bbox 2327 5414 3858 5489; baseline -0.001 -17"><span class='ocrx_word' id='word_1_728' title='bbox 2327 5418 2426 5489; x_wconf 68' lang='lat' dir='ltr'>(ﬁ)</span> <span class='ocrx_word' id='word_1_729' title='bbox 2452 5417 2900 5489; x_wconf 64' lang='lat' dir='ltr'>Morbisensus,</span> <span class='ocrx_word' id='word_1_730' title='bbox 2961 5419 3076 5489; x_wconf 66' lang='lat' dir='ltr'>etc.</span> <span class='ocrx_word' id='word_1_731' title='bbox 3131 5418 3353 5489; x_wconf 89' lang='lat' dir='ltr'>Sensus</span> <span class='ocrx_word' id='word_1_732' title='bbox 3384 5414 3762 5489; x_wconf 73' lang='lat' dir='ltr'>conscientiae</span> <span class='ocrx_word' id='word_1_733' title='bbox 3786 5430 3858 5471; x_wconf 80' lang='lat' dir='ltr'>ex</span> 
     </span>
    </p>
   </div>
   <div class='ocr_carea' id='block_1_113' title="bbox 2252 5485 3859 5562">
    <p class='ocr_par' dir='ltr' id='par_1_113' title="bbox 2252 5485 3859 5562">
     <span class='ocr_line' id='line_1_113' title="bbox 2252 5485 3859 5562; baseline -0.002 -18"><span class='ocrx_word' id='word_1_734' title='bbox 2252 5485 2520 5562; x_wconf 45' lang='lat' dir='ltr'>iisI‘quae</span> <span class='ocrx_word' id='word_1_735' title='bbox 2551 5486 2800 5562; x_wconf 75' lang='lat' dir='ltr'>quilibet</span> <span class='ocrx_word' id='word_1_736' title='bbox 2838 5485 3125 5562; x_wconf 78' lang='lat' dir='ltr'>peccavit,</span> <span class='ocrx_word' id='word_1_737' title='bbox 3161 5488 3335 5560; x_wconf 88' lang='lat' dir='ltr'>quasi</span> <span class='ocrx_word' id='word_1_738' title='bbox 3366 5487 3638 5545; x_wconf 88' lang='lat' dir='ltr'>clamans</span> <span class='ocrx_word' id='word_1_739' title='bbox 3668 5489 3726 5542; x_wconf 89' lang='lat' dir='ltr'>et</span> <span class='ocrx_word' id='word_1_740' title='bbox 3769 5501 3859 5541; x_wconf 90' lang='lat' dir='ltr'>ar-</span> 
     </span>
    </p>
   </div>
   <div class='ocr_carea' id='block_1_114' title="bbox 2255 5557 3116 5630">
    <p class='ocr_par' dir='ltr' id='par_1_114' title="bbox 2255 5557 3116 5630">
     <span class='ocr_line' id='line_1_114' title="bbox 2255 5557 3116 5630; baseline -0.001 -15"><span class='ocrx_word' id='word_1_741' title='bbox 2255 5557 2446 5630; x_wconf 70' lang='lat' dir='ltr'>guen&#39;s</span> <span class='ocrx_word' id='word_1_742' title='bbox 2482 5557 2717 5616; x_wconf 70' lang='lat' dir='ltr'>occulta</span> <span class='ocrx_word' id='word_1_743' title='bbox 2744 5557 2961 5624; x_wconf 81' lang='lat' dir='ltr'>cordis,</span> <span class='ocrx_word' id='word_1_744' title='bbox 3006 5562 3116 5616; x_wconf 85' lang='lat' dir='ltr'>etc.</span> 
     </span>
    </p>
   </div>
  </div>
