4170 6364
253 302 363 365 904

1380 306 1746 366 COMMENT.
1787 308 1861 364 IN
1901 308 2160 366 LUCAM.
2199 340 2267 352 —
2306 308 2466 368 CAP.
2500 309 2595 366 III.

3530 308 3636 369 902

251 440 373 495 τοῖς
414 433 615 503 ἑκάστῳ
660 432 1075 504 πλημμεληθείσι
1125 436 1494 503 συναίσθησις,
1525 438 1679 487 οἱονεὶ
1723 434 1862 506 βοῶ-

1995 435 2144 506 [uasi
2192 451 2296 505 per
2338 435 2760 492 conscientiam
2815 434 3084 493 clamans
3127 442 3337 493 contra
3383 451 3455 492 ea
3502 453 3634 508 quae

258 541 334 574 σοι
370 526 455 574 τὸν
493 521 709 591 ἔλεγχον
741 521 875 573 κατὰ
903 525 960 573 τὸ
990 526 1216 595 κρυπτὸν
1256 532 1346 583 τῆς
1376 521 1615 597 καρδίας,
1651 530 1738 575 καὶ
1766 545 1860 575 πα-

255 620 517 684 ραινοῦσα
570 618 828 682 μετανοεῖν
877 616 967 662 καὶ
1015 610 1291 683 ἑτοιμάσαι
1343 617 1435 670 τὴν
1467 611 1587 664 ὁδὸν
1647 618 1856 685 Κυρίου·

258 700 546 771 ἐτοιμασία
598 696 655 751 δε
691 701 719 756 ἡ
772 708 870 749 τῶν
901 706 1101 771 τρόπων
1153 704 1264 769 (80)
1307 706 1395 752 καὶ
1447 711 1542 752 τῶν
1601 701 1863 773 λογισμῶν

256 788 345 841 ἐπὶ
389 794 445 841 τὸ
498 796 729 861 κρεῖττον
777 787 1054 859 μεταϐολή·
1100 790 1222 849 ὁδὸς
1289 787 1347 842 δὲ
1408 796 1620 862 Κλρίου.
1668 793 1692 841 6
1732 794 1866 841 κατά

256 882 388 931 Θεὸν
447 876 681 952 ἐνάρετος
749 876 885 948 βίος·
946 877 1116 950 τριϐοι
1178 875 1236 929 δὲ
1285 879 1443 930 αὐτοῦ
1510 882 1574 931 τα
1638 876 1867 953 διάφορα

252 968 400 1019 κοιτά
456 970 583 1019 Θεὸν
647 962 1063 1036 ἐπιτηδεύματα,
1121 967 1183 1026 οἷς
1232 967 1533 1019 εὐθύνουσιν
1591 968 1639 1019 οἰ
1700 968 1864 1041 ὀρθῶς

253 1061 355 1107 καὶ
385 1054 661 1127 ἀμέμπτως
687 1059 779 1111 τὴν
803 1054 986 1127 ἀρετήν
1018 1052 1428 1118 ἐπιτηδεύοντες.
1458 1058 1532 1109 Ού
1554 1057 1708 1108 καλὸν
1738 1059 1863 1130 γὰρ,

256 1150 417 1217 φησὶ,
451 1149 508 1196 1'6
539 1144 713 1207 καλὸν,
756 1145 875 1194 ὅταν
902 1148 972 1215 μή
997 1144 1163 1206 καλῶς
1191 1144 1459 1218 γίνηται.]

336 1346 494 1393 Πᾶσα
567 1370 635 1379 —-
715 1340 1175 1397 ταπεινωθήσεται.
1267 1340 1393 1413 [Τοῦ
1474 1341 1651 1392 αὐτοῦ’
1758 1346 1864 1392 Φα-

252 1429 399 1500 ραγξ
447 1428 561 1499 (81)
614 1426 751 1479 ἐστὶν
806 1430 835 1484 ἡ
894 1428 1113 1480 ἑκάστου
1172 1430 1321 1503 σὰρξ,
1370 1431 1398 1487 ἡ
1446 1438 1518 1499 τῷ
1565 1429 1735 1499 πολλῷ
1776 1433 1863 1480 καὶ

254 1515 481 1589 σφοδρῷ
535 1518 753 1591 ῥεύματι
828 1526 927 1567 τῶν
989 1520 1164 1570 παθῶν
1226 1516 1716 1592 ἐκχαραδρωθείσα,
1776 1524 1863 1569 καὶ

252 1611 357 1664 τήν
416 1610 547 1679 πρὸς
598 1610 693 1663 τήν
750 1605 950 1676 ψυχὴν,
1013 1610 1146 1658 κατὰ
1210 1611 1294 1659 τὸν
1350 1615 1443 1658 τοῦ
1503 1605 1865 1669 συνδήσαντος

256 1704 403 1749 Θεοῦ
464 1696 572 1766 (8'2)
635 1700 808 1765 νόμον,
863 1702 1215 1767 πνευματικὴν
1274 1702 1545 1767 συνέχειαν
1603 1699 1712 1768 (83)
1776 1706 1860 1748 καὶ

258 1788 551 1856 συνάφειαν
593 1780 967 1855 ὃιατμηθεῖσα.
1008 1790 1230 1835 Δυνατὸν
1289 1782 1346 1836 δὲ
1398 1792 1487 1837 καὶ
1536 1790 1626 1843 τήν
1679 1786 1864 1856 ψυχήν

252 1877 516 1932 νοηθῆναι
573 1875 841 1947 φάραγγα,
892 1878 984 1929 τήν
1045 1882 1103 1944 τῆ
1167 1882 1338 1945 συχνῆ
1411 1880 1497 1925 καὶ
1579 1874 1717 1946 ὀξείᾳ
1766 1884 1863 1925 τῶν

252 1970 502 2035 πονηρῶν
566 1961 827 2033 λογισμῶν
892 1960 1101 2035 ἐπιρροῇ
1175 1962 1549 2032 κοιλανθεῖσαν,
1612 1969 1699 2015 καὶ
1778 1973 1865 2023 τῆς

252 2058 616 2123 πνευματικῆς
669 2050 983 2121 ὁμαλότητος
1039 2054 1096 2101 1'6
1155 2050 1332 2111 καλλος
1397 2048 1487 2103 δ’ιά
1545 2059 1638 2113 τῆς
1684 2057 1866 2112 κακίας

255 2140 650 2193 ἀποϐαλοῦσαν.
708 2145 863 2190 Πᾶσα
932 2143 1101 2190 τοίνυν
1190 2143 1404 2197 τοιαύτη
1474 2140 1678 2213 φάραγξ
1768 2150 1863 2191 τῶν

257 2230 649 2301 ἐτοιμασάντων
697 2232 787 2286 τὴν
838 2226 959 2280 ὁδὸν
1013 2234 1203 2302 Κυρίου
1254 2228 1669 2303 πληρωθήσεναι,
1710 2249 1863 2282 τουτ-

258 2322 406 2370 έστιν
474 2317 543 2377 εἰς
604 2322 695 2375 τήν
766 2315 1094 2388 ὀφειλομένην
1168 2316 1278 2379 ἡξει
1363 2320 1705 2383 κατάστασιν,
1773 2314 1866 2369 δια

258 2415 357 2466 τῆς
407 2404 664 2466 ἀποϐολῆς
712 2414 808 2466 τῆς
845 2410 1032 2465 κακίας
1088 2411 1178 2456 καὶ
1218 2414 1305 2466 τῆς
1366 2404 1592 2477 ἀγνοίας,
1627 2411 1716 2459 καὶ
1774 2416 1864 2468 τῆς

261 2494 510 2557 ἐπιϐολῆς
608 2503 704 2555 τῆς
784 2493 971 2570 ἀρετῆς
1056 2499 1144 2546 καὶ
1236 2503 1327 2555 τῆς
1409 2501 1665 2565 γνώσεως,
1739 2496 1829 2547 καὶ

259 2604 421 2657 μεων.

339 2671 499 2747 ’Ὅρος
529 2677 617 2745 μέν
646 2672 755 2724 ἐστι
776 2679 923 2724 πᾶσα
952 2680 1141 2743 γνῶσις
1166 2669 1528 2744 ψευδώνυμος,
1559 2671 1865 2746 ἐπαιρομένη

1916 2495 2247 2568 ἀπολήψεται
2317 2504 2410 2557 τήν
2485 2500 2785 2573 εὐπρέπειαν
2856 2511 2955 2552 τῶν
3034 2504 3168 2553 κατὰ

1974 524 2227 594 quisque
2246 523 2491 595 deliquit
2514 524 2821 593 arguendo
2844 524 3042 579 cordis
3067 525 3315 589 occulta,
3343 529 3399 579 et
3420 526 3633 580 adhor-

1978 613 2158 667 tando
2180 612 2255 666 ad
2270 612 2755 682 resipiscendum,
2774 614 3015 668 etetiam
3033 614 3108 667 ad
3124 614 3459 684 parandum
3476 615 3633 668 viam

1976 701 2229 754 Domini.
2272 700 2625 771 Praeparatio
2656 708 2854 756 autem
2886 709 2970 756 est
2993 719 3229 757 morum
3252 708 3307 756 et
3329 702 3630 770 cogitatio-

1979 805 2124 842 num
2156 790 2233 843 ad
2265 788 2478 843 melius
2513 790 2779 844 mutatio.
2824 790 2921 844 Via
2947 807 3087 845 vero
3114 790 3345 846 Domini
3373 799 3458 845 est
3490 791 3631 857 vita,

1978 892 2112 947 quae
2139 878 2335 932 virtuti
2360 878 2685 933 secundum
2714 880 2896 932 Deum
2924 879 3208 934 innititur.
3234 880 3467 935 Semita:
3488 896 3634 951 quo-

1977 979 2113 1035 que,
2146 965 2309 1019 varia
2338 973 2473 1019 sunt
2495 966 2687 1021 studia
2710 966 3036 1020 secundum
3073 970 3276 1021 Deum.
3303 966 3415 1021 Has
3442 972 3635 1022 rectas

1978 1052 2222 1118 faciunt,
2246 1054 2349 1126 qui
2371 1059 2524 1109 recte
2556 1060 2729 1125 atque
2760 1055 3343 1125 irreprehensibiliter
3361 1057 3633 1111 virtutem

1980 1148 2300 1196 sectantur.
2322 1142 2551 1197 Bonum
2571 1143 2751 1206 enim,
2773 1143 2985 1214 inquit,
3006 1160 3126 1199 non
3146 1150 3235 1199 est
3253 1143 3498 1206 bonum,
3520 1144 3634 1197 nisi

1977 1236 2131 1284 recte
2152 1236 2208 1285 et
2236 1230 2388 1285 bene
2409 1232 2530 1287 fiat.

2048 1346 2215 1401 Vers.
2248 1351 2297 1400 5.
2322 1347 2517 1402 Omnis
2538 1379 2598 1387 —
2624 1346 2998 1418 deprimetur.
3018 1349 3059 1417 -ι-
3081 1348 3256 1403 Vallis
3276 1352 3332 1403 et
3350 1348 3635 1420 cujusque

1978 1450 2136 1499 caro,
2171 1450 2306 1506 quae
2340 1434 2526 1489 multo
2563 1452 2633 1490 ac
2666 1436 2996 1490 vehementi
3028 1435 3197 1491 ﬂuxu
3229 1435 3632 1502 affectionum,

1977 1524 2036 1578 in
2069 1522 2315 1578 modum
2348 1524 2622 1579 torrentis
2655 1524 2777 1595 (kk)
2805 1524 3084 1587 demissa,
3118 1525 3479 1595 spiritualem
3513 1525 3637 1580 ani-

1980 1628 2092 1666 mae
2123 1613 2566 1667 continuitatem
2606 1629 2676 1667 ac
2721 1613 3202 1682 conjunctionem
3241 1614 3316 1667 ad
3352 1614 3448 1667 Dei
3482 1614 3637 1669 colli-

1978 1700 2171 1769 gantis
2204 1700 2390 1772 legem
2424 1700 2647 1756 dividit.
2679 1702 2878 1756 Potest
2924 1709 3122 1756 autem
3154 1708 3209 1757 et
3239 1704 3442 1757 anima
3471 1702 3635 1757 vallis

1976 1788 2241 1858 intelligi.
2290 1806 2425 1860 quae
2460 1789 2743 1861 frequenti
2777 1806 2845 1844 ac
2892 1790 3074 1844 veloci
3126 1791 3422 1845 malarum
3477 1792 3636 1860 cogi-

1980 1878 2273 1932 tationum
2321 1877 2563 1933 deﬂuxu
2612 1884 2879 1943 cavatur,
2910 1884 2964 1933 et
3009 1879 3332 1947 spiritualis
3378 1880 3637 1950 planitiet

1981 1966 2478 2037 pulchritudinem
2506 1984 2609 2038 per
2636 1968 2984 2039 pravitatem
3015 1969 3233 2037 abjicit.
3267 1970 3471 2023 Omnis
3497 1984 3637 2038 ergo

1978 2055 2325 2125 hujusmodi
2372 2056 2539 2111 vallis
2590 2073 2697 2127 per
2742 2072 2843 2111 eos
2905 2057 3267 2128 implebitur,
3317 2057 3420 2129 qui
3478 2058 3637 2113 viam

1980 2143 2212 2199 Domini
2246 2152 2468 2213 parant,
2512 2145 2626 2200 hoc
2656 2152 2744 2201 est
2770 2145 2843 2199 ad
2873 2145 3145 2201 debitum
3191 2150 3409 2200 statum
3436 2162 3640 2217 perve-

1976 2232 2162 2299 nient,
2194 2248 2297 2305 per
2329 2235 2634 2304 pravitatis
2660 2240 2715 2289 et
2764 2234 3111 2303 ignorantiae
3139 2235 3553 2304 abjectionem,
3587 2240 3641 2291 et

1976 2320 2204 2376 virtutis
2231 2337 2301 2376 ac
2356 2322 2609 2377 scientiae
2640 2323 3055 2394 adjectioncm,
3091 2323 3498 2395 recipientque
3535 2323 3639 2379 de-

1977 2414 2206 2464 centem
2241 2412 2604 2467 naturalium
2644 2412 2924 2467 virtutum
2945 2417 3246 2467 ornatum.

3261 2504 3411 2571 φύσιν
3485 2498 3640 2553 δυνά-

2050 2694 2092 2761 -ι-
2124 2695 2285 2748 Mons
2312 2700 2397 2748 est
2444 2693 2691 2750 scientia
2738 2695 2935 2750 omnis
2978 2695 3111 2751 falsi
3168 2696 3451 2761 nominis,
3486 2696 3643 2753 elata

259 2766 403 2814 κατά
428 2771 521 2822 τῆς
554 2761 776 2821 ἀληθοῦς
805 2766 1044 2832 γνώσεως
1076 2768 1166 2812 τοῦ
1204 2768 1355 2813 Θεοῦ·
1389 2760 1575 2832 βουνὸς
1622 2758 1679 2813 δὲ
1728 2768 1867 2812 πᾶσα

1995 2786 2183 2837 :ontra
2213 2798 2417 2837 veram
2453 2784 2546 2839 Dei
2581 2783 2907 2840 scientiam.
2944 2784 3117 2840 Collis
3149 2801 3290 2840 vero
3324 2790 3414 2841 est
3443 2788 3641 2841 omnis

260 2856 427 2902 κακία
452 2851 925 2921 κατεξανισταμένη
950 2856 1044 2908 τῆς
1086 2849 1288 2922 ἀρετῆς.

338 2937 406 2989 ’Ἡ
462 2943 576 3010 ὅρος
635 2941 722 3007 μὲν
788 2939 853 2988 τὰ
927 2936 1229 3009 ἐνεργητικά
1302 2945 1396 2998 τῆς
1451 2935 1681 3008 ψευδοῦς
1744 2944 1871 3010 γνω-

266 3044 399 3086 σεως
474 3028 755 3097 πνεύματα³
808 3023 995 3096 βουνὸς
1054 3021 1133 3090 δὲ,
1193 3027 1258 3076 τὰ
1310 3029 1559 3083 ποιητικά
1623 3035 1717 3089 τῆς
1782 3049 1871 3079 κα-

260 3118 406 3181 κίας,
466 3113 500 3164 οἱ
554 3115 726 3164 πάντα
795 3115 1243 3172 ταπεινωθήσεται
1299 3114 1721 3188 καταϐαλλόμενα
1782 3120 1871 3167 καὶ

261 3207 742 3273 κατασκαπτόμενα
784 3208 873 3254 καὶ
915 3201 1338 3276 ἀπορριπτόμενα
1371 3200 1463 3255 διά
1504 3224 1556 3256 τε
1600 3214 1694 3266 τῆς
1736 3203 1867 3256 ἀντι-

265 3293 416 3343 θέτου
445 3297 685 3362 γνώσεως
725 3296 813 3342 καὶ
843 3299 933 3350 τῆς
965 3292 1319 3363 ἀντικειμένης
1350 3291 1547 3364 ἀρετῆς.

342 3384 441 3432 Καὶ
488 3380 775 3453 καθ’ἔτερον
850 3376 908 3430 δὲ
957 3379 1129 3451 λόγον,
1181 3381 1206 3431 ὁ
1272 3387 1575 3453 μεταγαγὼν
1632 3386 1724 3440 τὴν
1769 3382 1870 3444 ἕξιν

264 3476 365 3528 τῆς
403 3464 629 3537 ψευδοῦς
670 3474 906 3539 γνώσεως
954 3468 1020 3528 εἰς
1069 3473 1162 3526 τήν
1209 3465 1299 3529 τῆς
1344 3468 1588 3533 ἀληθοῦς,
1637 3475 1726 3522 καὶ
1778 3475 1871 3530 τήν

264 3555 521 3629 ἐνέργειαν
584 3565 673 3616 τῆς
719 3561 907 3619 κακίας
951 3556 1017 3616 εἰς
1064 3562 1157 3615 τὴν
1201 3566 1291 3618 τῆς
1344 3560 1545 3632 ἀρετῆς,
1586 3560 1729 3619 οὗτος
1782 3558 1874 3612 δια

266 3654 367 3705 τῆς
404 3648 754 3720 καθαιρέσεως
792 3655 891 3698 τῶν
914 3649 1069 3719 ὁρέων
1095 3651 1183 3698 καὶ
1225 3656 1322 3698 τῶν
1356 3646 1556 3720 βουνῶν
1588 3647 1877 3725 ἀναπληροῖ

265 3737 366 3793 τὰς
394 3743 491 3785 τῶν
514 3739 789 3809 φαράγγων
829 3736 1148 3797 κοιλότητας.

346 3833 529 3884 Σκολιά
583 3833 695 3905 (8i)
762 3836 872 3905 μὲν,
923 3836 989 3885 τά
1049 3836 1191 3907 παρὰ
1257 3837 1407 3906 φύσιν
1470 3841 1728 3908 κινήματα
1777 3846 1872 3888 τῶν

266 3922 588 3979 αἰσθήσεων·
647 3922 838 3974 εὐθεῖαι
899 3920 977 3991 δὲ,
1033 3926 1099 3975 τὰ
1144 3926 1278 3974 κατά
1323 3928 1497 3993 φύσιν.
1546 3931 1643 3977 Καὶ
1697 3926 1867 3977 πάλιν·

1979 2870 2283 2942 iniquitas,
2307 2877 2512 2926 contra
2531 2873 2804 2927 virtutem
2824 2879 3035 2929 erecta.

2050 2961 2092 3029 -ι-
2114 2960 2228 3014 Aut
2254 2976 2426 3016 mons
2454 2961 2751 3030 signiticet
2776 2963 3031 3033 spiritus,
3061 2963 3161 3034 qui
3184 2963 3396 3019 falsam
3424 2963 3642 3034 produ-

1979 3054 2122 3103 cunt
2173 3048 2482 3104 scientiam
2538 3065 2549 3103 ε
2595 3051 2760 3106 collis
2813 3067 2953 3106 vero
3006 3068 3129 3117 eos,
3173 3053 3271 3121 qui
3319 3057 3644 3123 operantur

1980 3136 2294 3203 malitiam,
2358 3139 2460 3209 qui
2518 3156 2728 3195 omnes
2784 3140 3213 3211 deprimentur,
3260 3141 3632 3211 dejicientur.

1978 3225 2287 3282 diruentur
2322 3232 2379 3281 et
2408 3228 2748 3284 auferantur
2777 3245 2883 3301 per
2911 3229 3272 3285 contrariam
3308 3230 3637 3295 scientiam,

1979 3319 2035 3369 et
2064 3314 2402 3385 oppositam
2455 3317 2752 3371 virtutem.

2049 3405 2091 3472 ἰ-
2135 3405 2279 3458 Item
2331 3403 2447 3458 alio
2497 3420 2738 3475 quoque
2781 3405 2985 3475 modo,
3014 3406 3117 3477 qui
3160 3406 3328 3461 falsa:
3384 3408 3639 3463 scientiae

1978 3491 2252 3546 habitum
2296 3492 2357 3546 in
2398 3508 2603 3547 veram
2648 3494 2973 3563 scientiam,
3023 3499 3077 3550 et
3110 3495 3415 3568 pravitatis
3442 3495 3639 3552 efﬁca-

1980 3580 2135 3635 ciam
2164 3579 2223 3634 in
2255 3586 2455 3635 actum
2500 3582 2722 3637 virtutis
2755 3582 3172 3650 immutaverit,
3201 3583 3298 3639 hic
3342 3601 3441 3656 per
3473 3600 3642 3640 mon-

1982 3668 2128 3724 tium
2148 3674 2202 3724 et
2219 3668 2459 3725 collium
2480 3670 2955 3739 subversionem,
2974 3671 3220 3729 vallium
3240 3674 3641 3731 concavitates

1980 3758 2313 3829 repleverit.

2052 3858 2093 3925 -ί-
2118 3854 2395 3928 Obliqua,
2422 3861 2552 3910 sunt
2593 3873 2877 3913 sensuum
2928 3860 3238 3924 motiones,
3268 3877 3403 3932 quae
3430 3867 3643 3933 praeter

1984 3950 2258 3999 naturam
2304 3944 2498 3999 ﬁunt:
2536 3946 2757 4002 directa
2787 3964 2924 4002 vero
2967 3949 3294 4005 secundum
3339 3957 3637 4006 naturam.

265 4019 523 4083 τραχεῖαι
562 4015 650 4083 μὲν
714 4014 767 4063 αἱ
824 4020 922 4062 τῶν
982 4010 1241 4064 ἀκουσίων
1296 4023 1595 4087 πειρασμῶν
1649 4014 1867 4087 ττροσίὲὀ⁴

265 4096 784 4111 ........_
913 4098 1189 4111 .....

1995 4034 2236 4088 Rursum
2264 4050 2489 4105 asperae
2521 4035 2623 4089 viae
2648 4040 2782 4090 sunt
2810 4038 3205 4093 tentationum
3237 4038 3494 4109 impetus
3512 4056 3643 4111 quae

265 4100 377 4151 λαί’
410 4096 521 4151 ὁδοὶ
578 4097 657 4165 δε,
707 4100 840 4152 λεῖαι
872 4103 925 4152 αὶ
972 4098 1066 4153 διὰ
1107 4104 1295 4153 τούτων
1335 4105 1446 4174 μεθ’
1492 4104 1754 4175 ὑπομονῆς
1786 4110 1876 4157 καὶ

269 4192 620 4260 εὐχαριστίας
665 4189 778 4260 (85)
824 4188 1048 4261 ἀγωγαί.
1100 4190 1370 4262 Ὀμαλίζει
1424 4195 1524 4264 γὰρ
1583 4198 1671 4245 καὶ
1728 4213 1878 4266 μετα-

272 4278 451 4331 ϐάλλει
513 4282 571 4330 τὸ
621 4283 797 4351 τραχύ
860 4285 949 4332 καὶ.
1006 4278 1243 4332 ἐπίπονον
1298 4280 1466 4332 αὐτῶν
1508 4282 1619 4352 (86)
1678 4285 1704 4340 ἱ)
1765 4285 1877 4356 μεθ’

271 4370 543 4439 ὑπομονῆς
596 4368 935 4440 εὐχαριστία.
984 4369 1169 4421 Σκολιά
1212 4366 1291 4438 δὲ,
1342 4375 1652 4445 σαφέστερον
1698 4372 1877 4438 εἰπεῖν,

277 4459 329 4509 οἱ
383 4453 454 4508 δι’
504 4452 699 4517 ήδονῆς
757 4456 984 4509 ἑκούσιοι
1042 4464 1343 4532 πειρασμοίο
1401 4459 1723 4533 πολύτροπος
1777 4462 1878 4532 γὰρ

278 4549 309 4603 ἡ
367 4542 554 4603 ἡδονή·
607 4548 779 4618 ὥσπερ
825 4552 915 4598 καὶ
970 4555 1214 4622 τραχεῖαι
1271 4552 1319 4600 οι
1360 4546 1431 4601 δι’
1482 4546 1671 4608 ὀδύνης
1719 4549 1879 4600 ἁκού-

283 4634 438 4706 σιοι.]

362 4832 460 4880 Καὶ
493 4829 517 4879 6
557 4829 669 4900 (87)
703 4830 907 4905 φάραγξ
935 4836 1025 4883 καὶ
1061 4835 1121 4883 τὸ
1153 4835 1269 4904 ὁρος
1304 4836 1393 4883 καὶ
1423 4833 1449 4883 ὁ
1513 4830 1701 4904 βουνὸς
1754 4832 1880 4885 ἀνώ-

1986 4123 2160 4178 nobis
2207 4124 2405 4179 invitis
2432 4124 2730 4194 accidunt,
2782 4126 2975 4196 planae
3016 4132 3216 4184 autem
3262 4133 3400 4184 sunt
3433 4134 3645 4185 attrac-

1987 4213 2197 4267 tiones.
2226 4228 2361 4285 quae
2393 4229 2497 4284 per
2525 4213 2634 4268 has
2665 4214 2816 4269 ﬁunt
2842 4216 2902 4269 in
2928 4216 3213 4287 patientia
3235 4223 3289 4272 et
3318 4218 3644 4287 gratiarum

1988 4302 2235 4357 actione.
2295 4301 2581 4373 Explanat
2633 4301 2793 4357 enim
2850 4308 2904 4359 et
2960 4311 3152 4361 mutat
3182 4306 3645 4362 laboriositatem

1988 4391 2221 4446 illarum
2240 4393 2562 4461 gratiarum
2588 4392 2736 4447 actio
2760 4409 2899 4448 cum
2917 4395 3207 4464 patientia
3229 4395 3484 4467 Obliqua
3503 4412 3646 4452 vero

1994 4480 2362 4535 manifestius
2405 4480 2521 4535 dici
2554 4488 2819 4552 possunt,
2876 4483 3230 4539 tentationes
3276 4484 3643 4555 voluntariae,

1990 4585 2125 4642 quae
2169 4584 2275 4639 per
2312 4569 2679 4641 voluptatem
2735 4570 3056 4638 accidunt;
3090 4577 3175 4626 est
3204 4574 3363 4627 enim
3403 4574 3567 4628 varia
3594 4578 3650 4630 et

1990 4657 2288 4713 mutabilis
2340 4657 2627 4729 voluptas.
2684 4661 2915 4729 Aspera:
2951 4666 3147 4715 autem
3196 4662 3304 4715 viae
3349 4662 3646 4728 dicuntur,

1990 4764 2124 4819 quas
2147 4763 2251 4819 per
2293 4747 2559 4801 dolorem
2591 4747 2786 4802 invitis
2822 4748 2993 4802 nobis
3025 4748 3321 4805 accidunt.

2064 4836 2245 4892 Vallis
2290 4840 2347 4891 et
2388 4851 2560 4889 mons
2606 4852 2675 4891 ac
2700 4835 2881 4899 collis,
2936 4836 3065 4893 loca
3095 4843 3232 4893 sunt
3257 4838 3563 4911 inaequalia
3594 4846 3650 4899 et

1490 4946 1707 5016 Varia:
1747 4949 2075 5023 lectiones
2117 4963 2180 5019 et
2230 4962 2434 5022 notae.

498 5067 712 5136 Τροπων
741 5082 795 5115 τε
819 5068 928 5116 καί.
970 5070 1026 5115 Β.

351 5132 472 5220 (81)
496 5132 619 5220 A'_in
648 5136 918 5204 margine
946 5138 986 5190 Β
1007 5136 1068 5191 in
1084 5138 1265 5192 textu.
1304 5135 1619 5191 Hentenius
1645 5135 1879 5209 omittit,

278 5222 374 5256 του
406 5222 585 5258 αυτου.

355 5274 469 5344 (82)
501 5283 635 5328 Θεοῦ
673 5276 860 5333 abest.
892 5281 959 5332 A.

358 5346 472 5414 (83)
504 5353 567 5399 Τε
604 5352 715 5401 καί.
743 5354 798 5401 Β.

359 5417 472 5488 (84)
502 5420 635 5474 Haec
662 5418 914 5477 inferius
942 5419 1206 5478 habebat
1246 5422 1585 5485 Hentenius,
1617 5426 1753 5494 post
1797 5429 1888 5476 καὶ

361 5597 461 5663 kk)
488 5598 559 5653 In
584 5598 819 5653 modum
860 5599 1151 5666 torrentis,
1180 5604 1289 5657 etc.
1324 5599 1502 5668 Quasi
1532 5604 1814 5657 excavata
1835 5605 1891 5658 et

287 5667 558 5726 abscissa
586 5673 680 5725 est
703 5685 741 5727 a
778 5669 1197 5740 conjunctione
1222 5675 1280 5727 et
1316 5667 1693 5744 cepulatione
1724 5673 1892 5744 spiri-

1996 5070 2313 5140 συμπάθεια,

2065 5138 2179 5218 (857)
2195 5138 2590 5218 Attraetiones
2608 5140 2871 5218 Hentenii
2901 5141 3281 5218 alienissima
3302 5147 3459 5201 sunt.
3486 5144 3647 5218 Ἀγω-

1992 5216 2060 5283 γὴ
2078 5210 2167 5266 est
2192 5210 2433 5266 vivendi
2459 5210 2808 5268 consuetudo
2834 5220 2885 5269 et
2924 5214 3080 5269 ratio

2094 5287 2181 5356 86)
2212 5289 2321 5333 Τῶν
2352 5290 2654 5356 πειρασμῶν
2667 5328 2679 5339 ,

2064 5283 2181 5425 (86)
2212 5289 2321 5333 Τῶν
2352 5290 2679 5356 πειρασμῶν,

2090 5358 2153 5432 _8_7
2234 5357 2298 5432 in
2347 5358 2506 5432 textu
2549 5356 2602 5411 ἡ.
2635 5355 2853 5411 Dicitur
2900 5361 3102 5415 autem
3154 5361 3401 5432 utroque
3442 5362 3647 5419 modo.

1998 5425 2190 5482 Malim
2236 5431 2438 5481 tamen
2481 5428 2535 5491 ἡ,
2576 5432 2640 5481 ut
2670 5443 2829 5483 mox.

1997 5602 2141 5729 (μευ
2164 5602 2396 5671 mentis,
2425 5620 2556 5675 quae
2582 5608 2673 5662 est
2699 5610 3027 5664 secundum
3051 5608 3245 5679 legem
3273 5611 3373 5665 Dei
3387 5610 3651 5667 vincien-

2025 5691 2094 5729 lS.

2025 5691 2094 5730 IS.
