4170 6364
538 310 644 368 903

1845 290 2188 352 EUTHYMII
2236 287 2589 346 ZAGABENI

3829 293 3972 346 904

541 453 786 495 accessu
811 434 1093 490 difﬁcilia.
1133 431 1554 500 Signiﬁcantur
1601 429 1798 482 autem
1827 436 1933 494 per
1974 417 2194 476 vallem

2309 415 2444 485 μαλα
2499 422 2588 469 καὶ
2633 414 2990 492 δυσπρόσιτα.
3043 416 3335 470 Αἱνίττεται
3366 414 3426 471 δὲ
3457 414 3550 470 διὰ
3575 425 3666 478 τῆς
3714 419 3969 489 φάραγ-

538 525 830 599 praefracti
857 531 912 578 et
939 523 1014 580 ad
1048 521 1402 594 pravitatem
1433 515 1797 574 allicientes:
1833 511 2002 568 vallis
2032 510 2193 565 enim

540 620 841 688 praerupta
867 617 972 669 est.
1006 614 1114 667 Per
1144 615 1409 665 montem
1440 611 1497 662 et
1526 605 1738 661 collem
1772 601 1928 668 elati,
1959 599 2094 656 duri
2125 615 2193 655 ac

541 703 887 760 infructuosi
930 703 1006 756 ad
1059 700 1354 755 virtutem.
1409 695 1692 766 lmpletur
1752 699 1951 748 autem
1997 689 2194 747 omnis

543 793 730 856 vallis,
778 792 994 862 injecto
1022 806 1112 856 eo,
1145 788 1304 860 quod
1336 787 1554 852 deerat,
1591 783 1852 838 videlicet
1879 781 2095 852 pietate
2126 796 2194 836 ac

537 884 745 939 virtute
767 899 780 936 :
801 879 1153 950 deprimitur
1173 892 1312 932 vero
1332 874 1530 931 omnis
1549 888 1716 928 mons
1736 876 1793 927 et
1811 870 1976 926 collis
1994 868 2194 925 ablato

542 970 848 1044 superﬂuo
874 973 1014 1040 puta
1046 967 1344 1038 impietate
1393 980 1463 1020 ac
1493 963 1800 1035 pravitate.

616 1273 789 1337 Quod
812 1280 1008 1328 autem
1056 1269 1268 1325 dicitur
1319 1267 1532 1331 Omnis,
1580 1265 1705 1321 etsi
1737 1263 2068 1319 universale
2099 1261 2189 1326 sit,

545 1363 759 1434 saepius
816 1366 1017 1416 tamen
1092 1358 1253 1430 apud
1328 1356 1595 1412 Hebraeos
1660 1371 1782 1410 non
1850 1353 2190 1408 universum

546 1450 859 1520 signiﬁcat,
895 1449 994 1504 sed
1031 1447 1372 1519 simpliciter
1423 1443 1882 1499 multitudinem.
1914 1443 2109 1497 Potest
2139 1444 2195 1496 et

544 1541 660 1596 alio
686 1555 928 1612 quoque
959 1537 1139 1592 modo
1172 1535 1337 1590 vallis
1362 1534 1602 1606 quidem
1635 1533 1764 1588 illos
1794 1533 2059 1596 innuere,
2089 1529 2195 1602 qui

543 1629 604 1684 in
652 1627 1014 1700 profundum
1065 1624 1410 1698 perditionis
1466 1623 1678 1689 dejecti
1730 1628 1885 1687 sunt,
1936 1622 2034 1692 qui
2086 1619 2195 1676 im-

543 1717 800 1790 plebitur
831 1733 935 1787 per
973 1714 1378 1784 evangelicam
1411 1712 1915 1782 praedicationem.
1948 1705 2114 1766 Mons
2138 1714 2194 1765 et

544 1805 729 1871 collis,
771 1803 956 1860 elatos
1004 1803 1329 1866 dmmones,
1380 1801 1478 1872 qui
1509 1801 1916 1871 deprimentur
1953 1803 2009 1854 et
2033 1814 2193 1853 ever-

544 1900 740 1952 tentur
769 1911 804 1949 a
831 1893 1076 1948 Christo.

614 1984 777 2037 Vers.
805 1986 850 2035 5.
885 1983 947 2035 Ει
993 1981 1233 2050 obliqua
1261 1980 1405 2047 ﬁent
1434 2009 1502 2018 —
1527 1978 1731 2048 planae.
1774 1977 2029 2047 Obliqua
2059 1980 2199 2031 sunt.

544 2072 650 2125 vias
681 2084 976 2141 perversaa
1019 2068 1357 2130 hominum,
1395 2071 1450 2120 et
1479 2081 1706 2136 aspera:
1733 2065 1861 2130 viae,
1887 2065 2198 2136 opiniones

545 2160 815 2232 ipsorum
849 2174 861 2222 ;
908 2157 1037 2212 haec
1068 2156 1207 2210 fient
1239 2160 1396 2210 recta
1438 2160 1493 2210 et
1522 2154 1724 2226 plana,
1765 2154 1845 2208 ita
1884 2159 1945 2208 ut
1993 2169 2099 2224 per
2127 2169 2200 2209 ea

543 2246 914 2319 aequabiliter
943 2250 1197 2318 pergant
1225 2245 1300 2299 ad
1335 2243 1650 2299 Christum.
1683 2244 1794 2298 Aut
1833 2243 2014 2298 etiam
2051 2242 2201 2298 obli-

545 2338 743 2410 quitas
793 2341 850 2392 et
897 2334 1183 2406 asperitas
1227 2333 1551 2406 pravitatis,
1598 2332 1656 2387 in
1691 2331 2103 2388 rectitudinem
2144 2336 2201 2387 et

543 2425 848 2499 planitiem
871 2423 1105 2480 virtutis
1129 2423 1556 2478 immutabitur.

619 2514 717 2571 Vel
739 2513 853 2570 alio
873 2528 1115 2586 quoque
1133 2512 1336 2580 modo,
1364 2509 1687 2582 obliquitas
1713 2515 1768 2566 et
1797 2510 2088 2583 asperitas
2110 2526 2201 2565 ve-

547 2605 680 2660 teris
709 2603 872 2673 legis,
906 2604 965 2656 in
996 2601 1412 2659 rectitudinem
1447 2617 1517 2656 ac
1561 2599 1981 2672 perfectionem
2013 2600 2203 2655 Evan-

545 2692 680 2763 gelii
711 2695 1098 2747 convertetur.
1146 2689 1366 2745 Veteris
1400 2689 1645 2761 quidem
1688 2688 1833 2758 legis
1853 2688 2197 2760 obliquitas,

545 2787 672 2837 erat
700 2780 1032 2836 obscuritas
1064 2795 1134 2834 ac
1160 2779 1413 2834 varietas
1446 2797 1459 2845 ;
1510 2777 1802 2849 asperitas
1837 2793 1990 2845 vero,
2013 2781 2200 2832 auste-

544 2871 686 2925 ritas
721 2876 778 2924 et
822 2866 1410 2939 incompassibilitas.
1459 2871 1680 2922 Rursus
1712 2867 2010 2936 Evangelii
2036 2866 2202 2921 recti-

545 2957 693 3014 tudo
743 2963 830 3013 est
879 2956 1114 3012 claritas
1158 2971 1228 3011 ac
1277 2954 1626 3027 simplicitas
1673 2954 1930 3010 :lenitas
1976 2959 2196 3018 autem,

545 3046 946 3102 mansuetudo
994 3050 1050 3100 et
1102 3044 1632 3115 compassibilitas.

617 3133 777 3190 Vers.
811 3137 862 3189 6.
888 3134 963 3188 Et
991 3132 1214 3189 videbit
1234 3109 1300 3172 ζ-
1331 3133 1457 3188 Dei.
1493 3131 1759 3189 Salutare
1784 3131 1986 3187 lumen
2016 3131 2200 3187 Evan-
2237 3109 2277 3167 Ο

545 3222 699 3293 gelii,
719 3222 812 3278 vel
827 3221 1150 3278 salutarem
1181 3222 1672 3286 incarnationem,
1698 3237 1834 3293 quae
1857 3221 2038 3276 ambo
2055 3235 2200 3292 prte-

545 3311 777 3383 paravit
798 3311 950 3366 Deus
976 3317 1112 3367 ante
1133 3309 1344 3366 faciem
1370 3310 1642 3366 omnium
1671 3310 2054 3382 populorum.

614 3536 780 3594 Vers.
820 3543 878 3592 7.
929 3535 1327 3592 Dicebat-ira
1355 3535 1383 3590 ?
1415 3539 1546 3592 Haec
1593 3537 1771 3591 etiam
1802 3535 2028 3606 scripsit
2055 3536 2200 3590 Mat-

544 3627 736 3682 thaaus
765 3625 956 3697 capite
987 3625 1155 3681 tertio
1174 3625 1267 3680 sui
1296 3624 1617 3696 Evangelii,
1647 3631 1704 3681 et
1725 3625 1782 3680 in
1798 3639 1870 3680 eo
1898 3625 2200 3680 declarata

545 3719 702 3771 sunt.

616 3803 780 3861 Vers.
817 3807 868 3858 8.
900 3804 1175 3861 Facite—
1203 3803 1489 3860 Abrahae.
1525 3802 1803 3859 Similiter
1832 3808 1887 3859 et
1911 3803 2057 3859 haec.

614 3895 754 3950 Vers
778 3893 966 3950 9.Jam
1002 3901 1192 3950 autem
1217 3893 1574 3948 —mittitur.
1606 3890 1733 3946 Pari
1768 3892 1947 3948 modo
1969 3891 2199 3948 ethaac:

543 3999 746 4056 quaere
778 3998 920 4053 ergo
951 3982 1033 4036 ibi
1061 3982 1328 4038 omnium
1353 3981 1808 4037 enarrationem.

546 4128 706 4184 CAP.
737 4128 838 4182 Vl.
875 4127 958 4182 De
987 4125 1072 4180 his
1092 4125 1196 4194 qui
1240 4125 1520 4180 Joannem
1551 4123 2014 4194 interrogabant.

617 4270 783 4323 Vers.
826 4267 919 4322 10.
948 4267 1028 4322 Et
1048 4266 1478 4336 interrogabant
1500 4266 1874 4334 —faciemus
1897 4267 1924 4322 ?
1943 4265 2098 4322 Jussi
2120 4267 2203 4324 fa-

545 4372 677 4412 cere
701 4355 924 4411 fructus
968 4354 1319 4426 paenitentia
1357 4355 1571 4425 dignos
1600 4353 1986 4426 interrogant.

614 4447 784 4502 Vers.
823 4450 912 4503 11.
943 4445 1315 4513 Respondens
1343 4477 1408 4485 —
1441 4445 1700 4502 habenti.
1728 4445 1942 4502 Tradat
1970 4445 2199 4502 nullam
2231 4463 2277 4517 ι)

543 4535 792 4593 omnino
812 4534 1053 4591 habenti
1078 4551 1091 4588 :
1115 4539 1217 4590 aut
1237 4534 1482 4590 habenti
1500 4533 1764 4605 quidem,
1785 4535 1890 4590 sed
1908 4534 2196 4590 inutilem.

615 4625 775 4680 Vers.
813 4629 867 4679 11
888 4667 901 4680 .
941 4625 1018 4680 Ει
1045 4622 1148 4695 qui
1167 4653 1230 4663 —-
1253 4623 1464 4692 faciat.
1490 4626 1594 4679 Per
1619 4624 1992 4680 traditionem
2022 4624 2199 4680 vestis

544 4731 616 4772 ac
658 4715 776 4771 cibi
833 4714 1194 4771 inducuntur
1245 4713 1305 4769 hi
1336 4714 1415 4769 ad
1446 4729 1778 4786 pauperum
1834 4713 2196 4778 subsidium,

543 4804 1146 4860 communicationem
1177 4807 1233 4858 et
1260 4805 1539 4858 mutuum
1569 4817 1857 4857 amorem.
1884 4801 2034 4857 Nihil
2060 4817 2200 4872 ergo

541 4909 722 4958 nunc,
771 4893 937 4965 quod
963 4894 1204 4963 gravius
1232 4896 1400 4955 esset,
1456 4891 1570 4946 illis
1619 4890 1903 4962 praecepit
1935 4907 1949 4956 ;
1983 4891 2197 4955 sciens.

542 4983 708 5056 quod
735 4997 858 5037 non
892 4981 1076 5036 multo
1121 4984 1256 5052 post
1282 4978 1546 5035 Christus
1595 4978 1948 5049 evangelica
1979 4979 2202 5036 stabili-

540 5077 711 5128 turus
737 5074 889 5126 esset
917 5073 1235 5141 preecepta.

614 5159 783 5216 Vers.
811 5161 900 5214 12.
929 5159 1309 5214 Venerunt—
1329 5159 1487 5214 Vers.
1525 5159 1608 5214 13.
1632 5157 1867 5228 exigite.
1890 5156 2204 5214 Habebant

544 5249 704 5306 enim
762 5247 1143 5303 constitutum
1184 5246 1259 5303 de
1292 5245 1721 5316 exactionibus,
1761 5247 1835 5302 de
1872 5247 2202 5318 quantitate

545 5345 603 5394 et
631 5337 914 5408 qualitate
962 5341 1336 5392 exactorum.

623 5425 784 5479 Vers.
819 5424 902 5480 14.
927 5425 1380 5496 Interrogabant
1409 5456 1477 5466 --
1497 5425 1948 5481 calumnianim‘.
1980 5426 2202 5479 Concu-

547 5513 776 5570 tiebant
792 5512 952 5567 enim
971 5517 1028 5567 et
1045 5512 1569 5570 calumniabantur
1590 5513 1827 5582 multos,
1843 5513 2016 5586 quasi
2031 5528 2067 5569 a
2083 5511 2199 5568 Cie-

546 5618 679 5658 sare
709 5600 1068 5666 deficientes,
1109 5607 1212 5658 aut
1257 5602 1626 5659 insidiatores
1681 5620 1695 5670 ;
1724 5617 1794 5660 eo
1823 5601 1988 5674 quod
2017 5601 2200 5658 vitam

545 5689 792 5763 turpiter
820 5695 1233 5764 quaestuosam
1253 5692 1559 5748 ducerent.

2303 523 2396 574 γος
2436 508 2525 577 μὲν
2582 509 2704 568 τοὺς
2757 505 3052 578 ἀποτόμους
3093 511 3182 558 καὶ
3239 505 3575 568 ἑλκυστικοὺς
3620 506 3696 568 εἰς
3725 510 3962 556 κακίαν

2303 591 2564 665 ἀπότομος
2609 597 2710 665 γὰρ
2760 599 2848 646 καὶ
2901 593 3234 669 ἀπόκρημνος
3279 596 3310 652 ἠ
3372 595 3576 668 φάογαρξ
3608 615 3620 627 ·
3673 591 3784 647 διὰ
3838 601 3962 645 τοῦ

2304 686 2455 754 ὅρους
2504 679 2563 735 δὲ
2610 689 2700 735 καὶ
2739 682 2932 756 βουνοῦ
2969 688 3091 744 τοὺς
3146 683 3468 757 ἐπηρμένους
3516 689 3604 736 καὶ
3651 683 3960 757 σκληροὺς

2303 773 2394 821 καὶ
2434 768 2699 842 ἀκάρπους
2761 771 2828 831 εἷς
2883 769 3087 844 ἀρετήν.
3143 776 3242 823 Καὶ
3289 770 3581 844 πληροῦται
3628 774 3726 842 μὲν
3775 779 3956 822 πᾶσαι

2304 857 2508 931 φάραγξ
2586 857 2980 930 ἕπιϐαλλομένου
3053 865 3142 911 τοῦ
3219 859 3494 928 λείποντος,
3581 864 3757 931 ἤγουν
3835 868 3952 921 τῆς

2303 946 2559 1008 εὐσεϐείας
2612 953 2700 1000 καὶ
2754 947 2954 1022 ἀρετῆς·
3007 954 3339 1000 ταπεινοῦταί
3389 945 3448 1001 δε
3503 957 3602 1001 πᾶν
3651 953 3779 1021 ὄρος
3842 955 3953 1000 καὶ

2305 1033 2508 1107 βουνὸς,
2544 1035 2951 1109 ἀποτεμνομένου
2982 1044 3074 1088 τοῦ
3107 1040 3510 1110 περιττεύοντος,
3544 1046 3640 1099 τῆς
3665 1037 3953 1097 ἀσεϐείας

2300 1131 2390 1177 καὶ
2419 1131 2622 1186 κακίας.

2372 1219 2441 1268 Τό
2473 1211 2532 1268 δε
2576 1221 2694 1280 πᾶς,
2737 1215 2780 1268 εἰ
2831 1220 2920 1268 καὶ
2963 1215 3238 1269 καθολικόν
3268 1215 3425 1281 ἔστιν,
3474 1215 3578 1268 ἀλλ’
3632 1217 3724 1268 οῦν
3796 1218 3947 1290 παρ’

3794 1306 3947 1358 ἀλλὰ

2302 1394 2498 1453 πλῆθος
2545 1392 2738 1454 ἁπλῶς.
2793 1393 2888 1451 Είη
2936 1391 2985 1446 δ’
3014 1395 3074 1445 οἷν
3119 1402 3208 1446 και
3247 1395 3426 1467 ἑτέρως
3472 1395 3675 1470 φάραγξ
3723 1399 3835 1467 μὲν
3888 1401 3944 1447 οἱ

2301 1303 2553 1376 Ἑϐραίοις
2614 1303 2860 1364 πολλάκις
2916 1305 2974 1356 ού
3042 1311 3287 1378 σημαίνει
3343 1310 3400 1358 τὸ
3473 1306 3715 1371 καθόλου,

2302 1481 2708 1556 καταῤῥαγέντες
2755 1483 2828 1543 εἰς
2853 1481 3020 1554 βάθος
3068 1482 3321 1544 ἀπωλείας
3381 1486 3666 1559 ἄνθρωποι,
3728 1489 3944 1545 οἵτινες

2305 1569 2678 1642 ἐπληρώθησαν
2700 1579 2791 1623 τοῦ
2822 1571 3154 1642 εύαγγελικοῦ
3185 1576 3535 1646 κηρύγματος⁸
3569 1573 3688 1648 ὅρος
3721 1570 3791 1626 δέ
3837 1580 3940 1627 καὶ

2305 1663 2508 1730 βουνὸς,
2541 1663 2590 1712 οἱ
2639 1660 2916 1734 ἐπηρμένοι
2956 1656 3214 1732 δαίμονες,
3256 1661 3436 1722 οἱτινες
3485 1661 3937 1722 ἐταπεινώθησαν

2230 1763 2270 1816 Β
2303 1755 2392 1802 καὶ
2425 1754 2704 1803 κατέπεσον
2743 1751 2843 1802 ὑπό
2873 1758 2964 1802 τοῦ
3005 1758 3260 1823 Χριστοῦ.

2381 1998 2480 2046 Καὶ
2519 1996 2667 2046 ἔσται
2716 1996 2781 2046 τά
2848 1995 3032 2047 σκολιὰ
3089 2026 3155 2035 -
3201 1995 3360 2056 λείας.
3420 1999 3498 2048 Τά
3556 1996 3742 2049 σκολιά
3808 2001 3928 2056 ἤθη

2307 2092 2405 2135 τῶν
2455 2081 2876 2157 διεστραμμένων
2916 2083 3218 2157 ἀνθρώπων,
3249 2090 3338 2137 καὶ
3382 2087 3437 2136 αἱ
3466 2094 3733 2158 τραχεῖαι,
3777 2098 3934 2158 γνὼ-

2307 2191 2402 2243 μαι
2459 2171 2624 2222 αὐτῶν
2690 2172 3092 2231 εύθυνθήσονται
3171 2178 3261 2225 καὶ
3319 2173 3709 2240 λεανθήσονται,
3778 2180 3931 2229 ὥστε

2308 2255 2504 2311 ὁδεύειν
2535 2259 2612 2311 ἐπ’
2647 2260 2812 2312 αὐτῶν
2861 2261 3065 2333 ὁμαλῶς
3092 2265 3177 2314 τόν
3207 2266 3458 2337 Χριστόν.
3509 2262 3576 2316 Ἥ
3603 2268 3689 2315 καὶ
3722 2267 3756 2322 ἡ
3796 2285 3930 2318 σκο-

2307 2347 2482 2410 λιότης
2521 2353 2611 2401 καὶ
2665 2353 2936 2422 τραχύτης
3001 2359 3092 2414 τῆς
3157 2357 3343 2414 κακίας
3392 2351 3462 2415 εἰς
3520 2352 3785 2411 εύθυτητα
3828 2361 3928 2408 καὶ

2307 2437 2545 2495 λειότητα
2575 2437 2759 2513 ἀρετῆς
2785 2445 3190 2511 μεταστήσεται.

2379 2523 2447 2578 Ἦ
2496 2533 2585 2580 καὶ
2629 2527 2827 2603 ἑτέρως,
2877 2531 2907 2588 ἡ
2962 2529 3231 2590 σκολιότης
3277 2534 3368 2582 καὶ
3418 2531 3448 2589 ἠ
3510 2534 3791 2604 τραχύτης
3825 2541 3919 2586 τοῦ

2308 2614 2532 2668 παλαιοῦ
2612 2621 2772 2690 νόμου
2858 2617 2930 2680 εἰς
2999 2618 3257 2677 εὐθύτητα
3335 2623 3426 2671 καὶ
3503 2618 3746 2678 λειότητα
3822 2631 3917 2674 τοῦ

2308 2703 2624 2775 Εύασγγελίου
2682 2705 3155 2778 μεταϐληθήσεται.
3209 2714 3311 2760 Τοῦ
3361 2703 3421 2760 δὲ
3472 2707 3696 2761 παλαιοῦ
3746 2716 3910 2782 νόμον

2313 2793 2588 2855 σκολιότης
2613 2797 2723 2866 μὲν,
2756 2797 2786 2853 ἡ
2813 2795 3017 2868 ἀσάφεα
3045 2802 3134 2849 καὶ
3201 2795 3454 2849 ποικιλία’
3507 2800 3764 2870 τραχύτης
3813 2796 3893 2864 δὲ,

2309 2886 2365 2934 τό
2397 2883 2660 2956 αὐστηρόν
2684 2888 2772 2936 καὶ
2801 2883 3125 2956 ἀσυμπαθέςε
3153 2891 3243 2938 καὶ
3271 2893 3362 2938 τοῦ
3406 2886 3714 2958 Εύαγγελίου
3734 2886 3889 2938 πάλιν

2311 2972 2525 3034 εύθύτης
2553 2977 2663 3046 μεν,
2695 2975 2724 3032 ἡ
2757 2979 3010 3046 σαφήνεια
3052 2979 3142 3028 καὶ
3193 2974 3449 3038 ἁπλότης·
3497 2975 3694 3036 λειότης
3744 2971 3822 3040 δέ,
3867 2977 3899 3033 ἢ

2310 3067 2510 3134 πραότη
2523 3083 2544 3124 ς
2573 3067 2663 3115 καὶ
2703 3065 3027 3136 συμπάθεια.

2384 3156 2484 3204 Καὶ
2568 3151 2752 3222 ὄψεται
2834 3184 2902 3192 -
2975 3161 3130 3209 Θεοῦ.
3175 3157 3244 3206 Τό
3318 3159 3578 3230 σωτήριον
3645 3163 3752 3227 φῶς
3822 3163 3916 3207 τοῦ

2311 3240 2648 3312 Εύαγγελίου,
2706 3245 2735 3299 ἦ
2787 3246 2881 3299 τήν
2952 3247 3205 3316 σωτήριον
3259 3241 3668 3316 ἐνανθρώπησιν,
3725 3245 3761 3294 οἱ
3827 3251 3917 3296 καὶ

2310 3329 2462 3402 ἄμφω
2500 3333 2785 3402 ἡτοίμασεν
2816 3333 2842 3382 ό
2885 3334 3007 3393 Θεὸς
3056 3336 3190 3384 κατά
3218 3337 3495 3407 πρόσωπον
3552 3335 3760 3385 πάντων
3815 3343 3916 3385 τῶν

2307 3419 2440 3472 λαῶν
2449 3459 2461 3471 .

2378 3509 2581 3580 Ἔλεγεν
2611 3541 2673 3549 -—-
2707 3508 2868 3582 ὀργῆς
2893 3526 2906 3576 ;
2939 3516 3117 3562 Ταῦτα
3144 3515 3234 3562 καὶ
3264 3512 3290 3562 ὁ
3315 3513 3586 3573 Ματθαίος
3622 3510 3915 3585 ἀνέγραψεν

2308 3595 2356 3648 ἐν
2391 3605 2463 3667 τῷ
2491 3601 2651 3670 τρίτῳ
2679 3597 2937 3670 κεφαλαίῳ
2957 3605 3049 3651 τοῦ
3079 3598 3394 3670 Εύαγγελίου
3421 3600 3600 3653 αὑτοῦ·
3625 3606 3716 3653 καὶ
3745 3603 3918 3676 ἡρμη-

2308 3687 2459 3744 νεύθη
2468 3704 2562 3738 σαν
2594 3685 2642 3738 έν
2668 3685 2859 3758 ἐκείνῳ.

2383 3779 2644 3834 Ποιήσατε
2671 3807 2737 3817 -
2767 3775 3028 3850 Ἀϐραάμ.
3055 3776 3274 3850 Ὁμοίως
3313 3782 3404 3831 καὶ
3431 3786 3619 3832 ταῦτα.

2383 3861 2526 3922 ’Ἡὸη
2566 3861 2624 3917 δὲ
2651 3895 2716 3905 -
2750 3863 3014 3938 βάλλεται.
3048 3866 3436 3940 Παραπλησίως
3460 3873 3550 3920 καὶ
3606 3876 3793 3934 ταῦτα,
3820 3874 3911 3921 καὶ

2315 3955 2540 4014 ζήτησον
2568 3953 2671 4007 ἐκεῖ
2695 3957 2789 4012 τήν
2830 3953 3078 4025 ἐξήγησιν
3100 3958 3322 4012 πάντων.

2411 4128 2560 4179 ΚΕΦ.
2603 4120 2667 4185 ς’.
2699 4127 2823 4198 Περὶ
2848 4131 2948 4175 τῶν
2974 4122 3408 4198 ἐπερωτησάντων
3438 4129 3526 4178 τόν
3557 4126 3818 4187 Ἰωάννην.

2384 4287 2485 4336 Καὶ
2525 4281 2800 4357 ἐπηρώτων
2857 4315 2926 4324 -
2973 4289 3296 4358 ποιήσομεν;
3341 4285 3704 4350 Κελευσθέντες
3749 4296 3904 4341 ποιεῖν

2310 4375 2542 4444 καρποὺς
2571 4371 2744 4434 ἀξίους
2775 4381 2868 4434 τῆς
2895 4379 3189 4445 μετανοίας,
3223 4374 3569 4449 ἐπερωτῶσιν.

2382 4462 2689 4535 Αποκριθεὶς
2762 4493 2831 4502 -
2903 4464 3101 4534 ἔχοντι.
3171 4460 3457 4517 Μεταδότω
3527 4473 3600 4535 τῷ
3665 4463 3897 4538 μηδόλως

2311 4551 2508 4623 ἔχοντιο
2539 4554 2568 4609 ἣ
2596 4559 2670 4621 τῷ
2698 4554 2876 4622 ἔχοντι
2913 4554 3024 4622 μεν,
3057 4551 3331 4626 ἄχρηστον
3365 4549 3442 4606 δέ.

2385 4643 2482 4693 Καὶ
2528 4641 2553 4691 ό
2593 4671 2662 4680 -
2705 4645 2934 4695 ποιείτω.
2990 4644 3086 4694 Διὰ
3140 4649 3236 4704 τῆς
3287 4639 3612 4713 μεταδόσεως
3637 4648 3722 4692 τοῦ
3749 4636 3884 4692 ἐνδύ-

2311 4748 2470 4802 ματος
2497 4735 2588 4781 καὶ
2642 4737 2733 4789 τῆς
2788 4738 2976 4801 τροφῆς
3026 4730 3316 4802 εἰσηγεῖται
3377 4734 3580 4794 τούτοις
3622 4735 3708 4788 τὴν
3763 4727 3888 4782 ἀντί-

2309 4817 2469 4889 ληψιν
2525 4827 2625 4869 τῶν
2678 4823 2923 4883 πενήτων,
2969 4824 3060 4871 καὶ
3111 4839 3170 4872 το
3222 4823 3519 4873 κοινωνικὸν
3584 4826 3673 4872 καὶ
3729 4819 3895 4892 φιλάλ-

2311 4907 2481 4966 ληλον.
2518 4903 2685 4960 Ούδὶν
2715 4907 2803 4960 οὖν
2832 4905 3119 4982 βαρύτερον
3158 4913 3217 4962 τό
3267 4928 3327 4981 γε
3357 4917 3444 4960 νῦν
3499 4911 3624 4981 ἔχον
3655 4908 3899 4962 έπιτάττει

2313 4996 2510 5062 αὐτοῖς,
2529 4993 2679 5057 εἰδὼς
2705 4999 2786 5049 ὅτι
2815 4998 2841 5048 ὃ
2866 5001 3098 5070 Χριστός
3127 4997 3221 5050 ούκ
3250 4998 3323 5060 εἰς
3342 5001 3547 5072 μακρὰν
3573 4999 3898 5071 νομοθετήσει

2311 5088 2405 5146 τὰς
2430 5085 2764 5158 εύαγγελικάς
2791 5085 3016 5148 ἐντολάς.

2381 5173 2570 5227 Ἦλθον
2624 5207 2693 5214 -
2757 5176 3039 5248 πράσσετε.
3101 5178 3376 5249 Διάτασγμα
3457 5178 3556 5252 ’γὰρ
3616 5174 3763 5249 εἶχον
3823 5176 3900 5230 ἐπὶ

2309 5271 2427 5348 ταῖς
2476 5260 2790 5322 ἀπαιτήσεσι
2845 5269 2964 5339 περὶ
3015 5270 3303 5326 ποσότητος
3349 5270 3440 5318 καὶ
3494 5271 3767 5326 ποιότητος
3807 5275 3898 5318 τῶν

2311 5353 2534 5388 απαιτου
2538 5353 2698 5406 μενων
2705 5373 2720 5390 ο

2378 5422 2685 5495 Ἐπηρώτων
2737 5454 2806 5465 -—
2866 5431 3316 5498 συκοφαντήσητε.
3367 5431 3591 5479 Διέσειον
3665 5429 3762 5498 γαρ
3818 5431 3900 5478 καὶ

2311 5512 2692 5584 ἐσυκοφάντουν
2713 5513 2952 5579 πολλοὺς,
2981 5517 3050 5577 ως
3087 5513 3389 5578 ἀποστάτας
3415 5516 3444 5574 ἦ
3488 5514 3788 5576 ἐπιϐούλους
3813 5525 3899 5567 τοῦ

2314 5608 2601 5675 Καίσαρος,
2632 5598 2704 5655 δι’
2731 5601 3193 5679 αἰσχροκέρδειαν.
