4170 6364
190 272 323 330 905

1316 283 1672 342 COMMENT.
1717 282 1788 338 IN
1830 279 2091 338 LUCAM.
2135 313 2201 324 -
2241 283 2397 344 CAP.
2443 287 2537 344 Ill.

3521 294 3624 353 906

289 409 412 457 Καὶ
476 437 540 446 —-
583 407 751 478 ὑμῶν.
812 413 934 469 Τοῖς
978 412 1318 483 σιτηρεσίοις.
1380 408 1722 468 Καταλληλως
1763 401 1837 457 οὗ]

2033 406 2174 463 Vers
2207 409 2292 463 14.
2325 411 2389 464 Et
2421 441 2488 452 -—
2529 413 2755 469 vestris.
2800 445 2868 456 —
2897 418 3158 475 Tesseris
3183 418 3614 480 frumentariis.

195 499 362 545 πᾶσι
425 500 710 567 παρῄνεσε,
758 502 848 555 τὴν
906 497 1203 573 τελεωτέραν
1260 495 1612 551 διδασκαλίαν
1673 495 1850 548 ἀπολε-

196 582 430 647 λοιπὼς
457 594 529 654 τῷ
555 593 790 659 Χριστῷ.

289 671 729 746 Προσδοκῶντος
807 707 873 716 -—
953 677 1098 728 λαοῦ.
1171 675 1654 749 ’Υπολαμϐάνοντος
1741 674 1850 727 εἶτα

201 762 574 836 ἑφερμηνεύει
604 769 689 817 τὸν
716 765 884 836 λόγον.

289 859 410 905 Καὶ
503 851 940 927 διαλογιζομένων
999 889 1065 896 -
1138 856 1331 913 ἅπασι,
1409 856 1846 927 Διαλογιζομένων

198 945 472 1008 πάντων,
515 949 715 1015 μήποτε
765 944 915 1004 αὐτὸς
948 948 1020 1001 εἵη
1083 947 1106 995 ὁ
1149 949 1398 1018 Χριστὸς,
1445 946 1496 996 ὃν
1551 948 1598 997 οἱ
1646 953 1849 1018 προφῆ-

198 1050 304 1082 ται
336 1032 801 1104 χαταγγέλλουσν
843 1033 1111 1094 ἐξέπληττε
1139 1039 1239 1107 γαρ
1288 1035 1470 1094 αὐτοὺς
1501 1037 1524 1086 ὁ
1555 1035 1702 1105 λόγος
1733 1036 1844 1106 (88)

201 1126 308 1171 καὶ
347 1123 382 1179 ἡ
421 1121 660 1173 πολιτεία
685 1121 863 1173 αὐτοῦ·
897 1126 1046 1191 γνούς
1075 1119 1132 1175 δὲ
1160 1124 1183 1173 ὸ
1215 1126 1455 1184 Ἰωάννης
1486 1129 1578 1181 τὴν
1600 1127 1845 1182 τοιαύτην

201 1209 406 1260 αὐτῶν
466 1210 726 1281 ὑπόληψιν
776 1219 846 1280 τῷ
897 1209 1177 1285 διορατικῷ
1227 1217 1498 1285 πνεύματι,
1543 1212 1846 1287 ἀπεκρίνατο

204 1295 614 1372 διορθούμενος
646 1300 820 1357 αὐτὴν.

289 1394 498 1459 Λέγων
544 1421 607 1429 —-
662 1391 838 1457 αὐτοῦ,
902 1394 1121 1462 Εἴρηται
1189 1397 1278 1442 καὶ
1369 1397 1481 1466 περὶ
1558 1395 1748 1446 τούτων
1797 1393 1844 1444 ἐν

198 1484 284 1546 τῷ
351 1482 529 1550 τρίτῳ
599 1478 856 1551 κεφαλαίῳ
927 1488 1017 1530 του
1072 1484 1205 1532 κατὰ
1267 1484 1548 1546 Ματθαίον,
1612 1488 1700 1533 καὶ
1761 1483 1846 1542 ζὴ-

199 1585 391 1622 τησον
431 1565 557 1618 ἐκεῖ.
591 1567 878 1638 Ἀνάγνωθι
919 1565 977 1620 δὲ
1007 1574 1095 1620 καὶ
1122 1569 1168 1621 ἐν
1204 1580 1273 1640 τῷ
1306 1577 1560 1644 προοιμίῳ
1592 1581 1681 1624 τοῦ
1713 1575 1846 1624 κατὰ

201 1657 452 1727 Μάρκον
482 1660 575 1714 τὴν
603 1655 852 1728 ἐξήγησιν
885 1666 994 1708 τοῦ·
1026 1657 1278 1733 Ἔρχεται
1310 1662 1333 1711 ὁ
1378 1661 1714 1734 ἰσχυρότερός
1742 1683 1842 1733 μου

205 1743 405 1796 ὀπίσω
436 1765 562 1815 μου.

287 1834 389 1904 1—]-
450 1840 516 1886 1*Ο
566 1835 802 1898 Ἰωάννης
849 1836 963 1907 (89)
1013 1843 1189 1908 φησίν·
1239 1839 1348 1890 Οὐκ
1388 1839 1491 1912 εἰμὶ
1541 1842 1709 1901 ἱκανὸς
1756 1841 1841 1893 λῦ-

207 1941 313 1975 σαι
411 1944 504 1976 τον
583 1935 771 1982 ίμαντα
841 1935 939 1978 τῶν
1021 1935 1375 1982 ὑποδημάτων
1437 1935 1619 1982 αὑτοῦ.
1709 1935 1842 1982 κατὰ

411 1928 504 1976 τὸν
583 1923 771 1997 ἱμαντα
841 1935 939 1978 τῶν
1021 1924 1375 1999 ὑποδημάτων
1437 1930 1619 1994 αὑτοῦ,

201 2015 306 2082 μὲν
371 2018 468 2071 τὴν
521 2023 754 2088 προφανῆ
815 2017 1006 2066 ἔννοιαν
1057 2012 1231 2080 δηλοῖ,
1291 2018 1369 2068 ὅτι
1423 2016 1546 2070 οὐδὲ
1611 2022 1840 2090 ἔσχατος

206 2100 420 2162 δοῦλος
453 2103 613 2155 αὐτοῦ
646 2103 751 2175 εἰμι
799 2104 939 2166 ἄξιος
990 2107 1286 2158 τάττεσϐαυ
1338 2111 1472 2158 κατά
1521 2105 1578 2160 δὲ
1621 2112 1678 2160 τό
1718 2129 1834 2181 κρυ-

204 2198 502 2265 φιώτερον,
547 2189 642 2244 δύο
685 2190 1004 2266 ὑποδήματά
1053 2195 1154 2247 εἰσι
1208 2205 1296 2248 τοῦ
1341 2202 1553 2268 Κυρίου,
1608 2200 1637 2256 ἡ
1684 2219 1737 2250 τε
1787 2200 1840 2261 ἐξ

207 2281 458 2354 ούρανοῦ
512 2281 593 2333 ἐπὶ
651 2287 743 2341 τὴν
799 2293 896 2355 γῆν
953 2282 1230 2356 ἐπιδημία,
1283 2292 1369 2338 καὶ
1420 2289 1448 2343 η
1502 2287 1557 2338 ἐκ
1606 2297 1706 2358 γῆς
1754 2289 1836 2341 ἐπὶ

205 2374 305 2422 τὸν
338 2366 507 2440 ᾅδην·
561 2375 752 2424 τούτων
795 2369 882 2424 οὖν
929 2383 1026 2424 τῶν
1080 2370 1176 2425 δύο
1221 2373 1513 2446 ἕπιὸημιῶν
1561 2381 1674 2437 τούς
1713 2383 1836 2451 τρο-

205 2479 354 2520 πους
386 2459 449 2510 ού
483 2456 699 2512 δύναται
728 2481 802 2521 τις
833 2462 1009 2524 λύσαι,
1041 2459 1164 2514 οὐδὲ
1191 2464 1234 2514 εἰ
1264 2467 1397 2515 κατὰ
1429 2465 1665 2522 Ἰωάννην
1702 2469 1835 2519 ἐστι.

205 2554 303 2610 Τίς
327 2552 439 2621 γὰρ
459 2546 680 2603 δύναταί
712 2551 887 2607 εἰπεῖν.
910 2554 938 2610 ἦ
963 2561 1068 2612 πῶς
1091 2551 1389 2626 ἐσαρκώθη,
1408 2555 1436 2612 ἡ
1464 2564 1568 2615 πῶς
1586 2558 1835 2614 κατῆλθεν

209 2638 289 2699 εἰς
323 2634 472 2709 ᾅδην
497 2655 510 2704 ;

294 2832 477 2894 Αὐτὸς
524 2865 590 2873 -
646 2839 794 2907 πυρί.
862 2834 942 2886 Ἐν
990 2843 1059 2905 τῷ
1124 2833 1409 2893 δηλωθέντι
1465 2844 1623 2911 τρίτῳ
1688 2860 1837 2913 κεφα-

209 2922 356 2990 λαίῳ
421 2929 513 2970 του
571 2926 706 2973 κατὰ
762 2922 1034 2975 Ματθαῖον
1107 2925 1342 2998 εὑρήσεις
1403 2932 1488 2979 καὶ
1548 2935 1664 3001 περὶ
1722 2935 1836 2983 τού.

212 3029 314 3060 του
333 3054 345 3063 .

297 3099 579 3168 [Βαπτίζει
607 3099 718 3171 (90)
741 3104 968 3172 Χριστὸς
1000 3101 1046 3153 ἐν
1088 3105 1349 3175 Πνεύματι
1391 3125 1481 3178 μεν
1525 3106 1678 3180 ἁγίῳ,
1719 3113 1834 3170 τοὺς
1863 3109 1904 3166 C

211 3189 476 3249 πιστούς·
502 3188 549 3239 ἐν
580 3195 707 3261 πυρὶ
735 3186 810 3259 δὲ,
846 3194 962 3250 τοὺς
989 3189 1258 3253 ἀπίστους.
1295 3196 1398 3248 Καὶ
1429 3199 1487 3247 τὸ
1517 3200 1626 3268 μὲν,
1674 3197 1721 3249 ἐν
1759 3210 1832 3270 τῷ

211 3281 453 3350 παρόντι
484 3276 612 3349 βίῳ·
652 3282 709 3330 τὸ
737 3275 816 3343 δὲ,
840 3277 888 3330 ἓν
920 3287 991 3349 τῷ
1020 3280 1297 3353 με’λλοντι.]

295 3365 380 3417 Οὔ
414 3397 481 3407 -—
526 3366 782 3439 ἀσϐέστῳ.
827 3375 1004 3421 Ταῦτα
1043 3376 1131 3423 καὶ
1169 3373 1193 3422 ὁ
1243 3376 1510 3436 Ματθαῐος
1555 3374 1827 3448 ἀνέγραψε,

215 3460 312 3507 καὶ
363 3452 829 3528 διηρμηνεύθησαν
887 3459 1075 3530 ὁμοίως
1138 3459 1185 3512 ἐν
1235 3470 1306 3531 τῷ
1358 3469 1518 3535 τρίτῳ
1575 3465 1831 3538 κεφαλαίῳ

217 3546 412 3598 αὐτοῦ.

298 3635 473 3687 Πολλά
524 3667 590 3676 --
642 3635 768 3706 λαῷ.
837 3636 1002 3689 Πολλὰ
1049 3642 1136 3690 καὶ
1204 3642 1350 3713 ἕτερα
1395 3648 1510 3714 περὶ
1559 3652 1650 3696 τοῦ
1710 3653 1831 3717 Χρι-

221 3732 357 3776 στοῦ
418 3725 774 3795 εὐηγγελίζετο
832 3735 903 3796 τῷ
985 3727 1111 3798 λαῷ.
1197 3731 1509 3801 παρακαλῶν
1565 3732 1832 3806 προσδρα-

218 3816 338 3885 μεῖν
389 3819 482 3865 καὶ
529 3822 812 3866 πιστεῦσαν
863 3815 1022 3886 αύτῷ,
1075 3817 1341 3890 ἐρχομένῳ
1386 3818 1514 3879 ἤδηο
1571 3825 1624 3889 ἣ,
1671 3824 1834 3876 πολλὰ

215 3907 339 3977 περὶ
395 3908 663 3976 σωτηρίας
719 3903 906 3968 αὐτῶν,
965 3905 1275 3979 παρακαλῶν
1341 3919 1662 3980 μετανοῆσαι
1740 3914 1832 3965 an}.

214 3996 372 4054 τούς.

289 4082 350 4134 Ὀ
397 4077 459 4133 δε
504 4079 746 4156 Ἡρώδης
793 4115 860 4122 -
904 4084 1125 4156 φυλακῇ.
1174 4089 1316 4139 Μετὰ
1364 4092 1423 4140 τὸ
1471 4089 1831 4161 βαπτισθῆναι

214 4175 302 4223 τὸν
350 4175 610 4244 Χριστὸν,
653 4168 917 4230 δηλονότι.
969 4177 1186 4247 Εἷρῆται
1220 4173 1279 4229 δε
1308 4184 1426 4252 περὶ
1473 4188 1563 4241 τῆς
1602 4189 1830 4255 φρουρᾶς

212 4269 304 4313 τού
341 4261 576 4314 Ἰωάννου
608 4260 654 4312 ἐν
682 4269 752 4332 τῷ
779 4262 996 4334 εἰκοστῷ
1022 4269 1237 4337 πέμπτῳ
1276 4267 1534 4340 κεφαλαίῳ
1566 4279 1656 4322 τοῦ
1699 4276 1828 4324 κατὰ

215 4352 510 4405 Ματθαῖόν.

1877 1759 1923 1813 Β

1962 495 2181 552 Omnes
2213 513 2354 568 ergo
2404 501 2768 558 admonebat
2806 504 3205 565 diversimode
3248 516 3312 566 ut
3355 513 3623 584 expedie-

1960 584 2077 649 bat,
2113 587 2520 657 pertectiorem
2552 591 2886 650 doctrinam
2914 596 3113 653 Chisto
3142 598 3510 673 relinquens.

2029 673 2195 731 Vers.
2259 677 2345 733 15.
2387 679 2786 748 Exspectante
2820 715 2877 725 —
2933 689 3169 756 populo.
3243 690 3616 763 Suspicante,

1957 761 2172 820 deinde
2206 765 2623 837 interpretatur
2656 772 2929 830 verbum.

2028 851 2187 907 Vers.
2217 859 2300 909 t5.
2317 856 2388 909 Et
2412 859 2799 927 cogitantibus
2819 892 2887 901 -—
2904 862 3061 919 Vers.
3086 866 3171 920 16.
3195 867 3487 924 Omnibus.
3511 870 3615 927 Co-

1957 939 2282 1008 gitantibus
2304 945 2611 1012 omnibus,
2633 963 2776 1002 num
2809 950 2937 1020 ipse
2961 959 3113 1007 esset
3132 954 3415 1023 Christus,
3431 973 3615 1030 quem

1955 1030 2261 1100 prophetae
2288 1035 2751 1092 annuntiabant.
2779 1038 3306 1112 Obstupefaciebat
3327 1046 3484 1101 enim
3511 1063 3614 1103 eos

1956 1119 2328 1175 conversatio
2351 1136 2421 1176 ac
2449 1138 2645 1180 sermo
2671 1125 2880 1196 ipsius.
2912 1129 3112 1184 Sciens
3133 1136 3328 1188 autem
3353 1133 3614 1191 Joannes

1955 1206 2112 1262 hanc
2155 1224 2364 1265 eorum
2409 1212 2756 1284 opinionem
2791 1218 3068 1276 acumine
3101 1223 3194 1276 sui
3245 1221 3486 1293 spritus,
3528 1239 3614 1281 re-

1956 1297 2196 1368 spondit
2226 1298 2388 1355 illam
2422 1302 2745 1372 corrigens.

2025 1386 2308 1442 Ver-3.16.
2346 1391 2818 1464 Dicens—ejus.
2878 1396 3107 1454 Dictum
3162 1403 3249 1456 est
3295 1404 3351 1457 et
3397 1401 3472 1458 de
3522 1403 3611 1459 his

1954 1474 2149 1546 capite
2178 1478 2345 1532 tertio
2366 1481 2667 1549 Evangelii
2690 1483 2865 1552 juxta
2895 1488 3254 1544 Matthaeum.
3288 1491 3435 1560 Lege
3465 1507 3612 1564 quo-

1953 1579 2072 1635 que
2103 1565 2161 1619 in
2189 1568 2480 1636 prooemio
2519 1571 2850 1627 secundum
2875 1573 3135 1632 Marcum
3167 1581 3608 1637 enarrationem

1953 1652 2108 1708 illius
2140 1655 2304 1711 verbi
2331 1674 2344 1708 :
2387 1658 2552 1713 Venit
2576 1660 2624 1715 is
2654 1660 2752 1731 qui
2778 1678 2870 1718 me
2892 1663 3112 1732 fortior
3132 1675 3215 1723 est
3254 1673 3386 1737 post
3414 1685 3505 1726 me
3535 1671 3605 1725 ³⁸.

2022 1869 2238 1938 -ι-Ουοά
2269 1871 2530 1928 Joannes
2559 1874 2639 1930 ait
2661 1892 2673 1930 :
2695 1876 2834 1932 Non
2864 1894 2992 1934 sum
3023 1879 3259 1950 dignus,
3288 1889 3354 1938 ut
3378 1883 3604 1942 solvam

1949 1958 2263 2028 corrigiam
2302 1961 2822 2021 calceamentorum
2845 1969 2970 2035 ejus
2996 1986 3008 2025 :
3038 1975 3332 2040 quantum
3371 1974 3445 2028 ad
3473 1989 3608 2031 ma-

1949 2045 2313 2102 nifestiorem
2341 2049 2812 2120 intelligentiam,
2857 2056 3152 2126 signiﬁcat
3200 2074 3264 2115 se
3307 2076 3430 2117 non
3479 2077 3606 2120 esse

1948 2133 2218 2204 dignum,
2266 2137 2370 2208 qui
2400 2139 2491 2194 vel
2542 2143 2843 2198 numerari
2874 2144 3092 2214 dignus
3151 2147 3225 2203 sit
3269 2156 3605 2220 postremus

1948 2224 2077 2294 ejus
2106 2242 2330 2280 servus.
2365 2227 2665 2294 Quantum
2699 2238 2897 2288 autem
2942 2235 3017 2289 ad
3058 2239 3429 2295 reconditum
3476 2258 3608 2297 sen-

1949 2330 2104 2382 sum,
2128 2314 2250 2371 duo
2276 2316 2680 2375 calceamenta
2709 2322 2942 2378 Domini
2969 2330 3107 2380 sunt
3130 2326 3267 2383 duae
3291 2329 3419 2398 ejus
3442 2347 3607 2402 pere-

1948 2403 2331 2472 grinationes,
2357 2412 2492 2476 puta
2522 2423 2558 2462 a
2577 2411 2728 2464 coelo
2761 2411 2819 2465 in
2859 2417 3073 2468 terram
3097 2420 3152 2471 et
3182 2432 3217 2470 a
3240 2421 3391 2473 terra
3420 2419 3493 2474 ad
3518 2420 3605 2476 in-

1947 2490 2180 2547 ternum
2196 2537 2208 2548 .
2230 2494 2450 2548 Harum
2469 2497 2626 2551 enim
2643 2501 3178 2568 peregrinationum
3200 2506 3411 2562 modos
3422 2523 3602 2566 nemo

1945 2581 2402 2650 potestsolvere,
2428 2583 2541 2638 nisi
2569 2586 2784 2642 Joanni
2810 2589 3055 2660 quidem
3091 2591 3168 2646 sit
3205 2593 3431 2651 similis.
3460 2598 3602 2662 Quis

1945 2672 2104 2723 enim
2148 2670 2361 2740 poterit
2385 2672 2600 2743 dicere,
2635 2681 2735 2730 aut
2772 2679 3082 2746 quomodo
3132 2681 3203 2736 sit
3228 2684 3598 2760 incarnatus,

1947 2763 2049 2812 aut
2075 2759 2383 2830 quomodo
2414 2760 2491 2816 ad
2532 2762 2829 2820 infernum
2860 2766 3282 2826 descenderit?

2019 2846 2179 2901 Vers.
2222 2849 2308 2902 16.
2367 2850 2499 2918 Ipse
2551 2882 2620 2891 —
2657 2854 2787 2922 igni
2841 2853 3128 2913 Prasdicto
3183 2861 3350 2917 tertio
3407 2865 3601 2936 capite

1948 2937 2239 3007 Evangelii
2265 2939 2596 2996 secundum
2637 2943 2981 3000 Matthmum
3023 2946 3201 3004 etiam
3230 2949 3305 3006 de
3344 2966 3414 3008 eo
3444 2952 3604 3010 inve-

1945 3039 2094 3081 DIES.

2013 3115 2338 3188 +Bapti21t
2382 3119 2646 3175 Christus
2687 3121 2745 3176 in
2777 3121 3001 3193 Spiritu
3040 3131 3246 3183 sancto
3277 3129 3501 3197 ﬁdeles,
3540 3131 3601 3186 in

1942 3204 2079 3275 igne
2133 3221 2268 3261 vero
2300 3206 2591 3264 inﬁdeles:
2643 3218 2697 3264 et
2745 3211 2888 3267 illud
2938 3214 3179 3284 quidem
3232 3218 3291 3272 in
3323 3222 3601 3290 praesenti

1940 3293 2087 3357 vita,
2120 3293 2234 3349 hoc
2279 3302 2478 3350 autem
2509 3299 2568 3352 in
2597 3298 2817 3355 futura.

2013 3381 2180 3436 Vers.
2245 3389 2324 3437 t7.
2380 3386 2554 3455 Cujus
2600 3418 2666 3425 —
2698 3388 3179 3460 inexstz'nguibz’li.
3237 3391 3367 3450 Haec
3418 3397 3599 3454 etiam

1942 3469 2178 3542 scripsit
2198 3472 2519 3538 Matthaaus,
2553 3479 2608 3529 et
2640 3475 2906 3533 similiter
2929 3479 3236 3538 enucleate.
3266 3490 3402 3538 sunt
3433 3487 3600 3543 tertio

1943 3562 2132 3630 capite
2160 3563 2457 3632 Evangelii
2485 3562 2701 3635 ipsius.

2014 3648 2173 3704 Vers.
2193 3651 2279 3704 18.
2296 3652 2491 3708 Multa
2510 3655 2816 3724 —p0pulo.
2833 3656 3011 3713 Multa
3032 3663 3312 3729 praeterea
3324 3667 3378 3717 et
3393 3661 3512 3720 alia
3523 3664 3597 3720 de

1943 3735 2170 3793 Christo
2198 3742 2594 3797 annuntiabat
2623 3743 2842 3814 populo
2879 3745 3229 3818 adhortans,
3263 3756 3325 3805 ut
3354 3751 3432 3807 ad
3457 3769 3596 3810 eum

1942 3835 2336 3894 accurrerent,
2366 3834 2422 3884 et
2445 3829 2504 3885 in
2523 3847 2660 3886 eum
2693 3833 3000 3890 crederent
3026 3837 3272 3908 quijam
3303 3841 3596 3898 veniebat.

1941 3915 2060 3981 Vel,
2091 3917 2277 3973 multa
2299 3917 2371 3973 de
2394 3919 2829 3977 saluteillorum
2849 3923 3176 3980 adhortans
3189 3943 3309 3997 eos,
3329 3931 3598 4002 utpceni-

1942 4009 2084 4061 teret
2115 4005 2278 4078 ipsos
2307 4023 2374 4062 ac
2406 4008 2836 4078 resipiscerent.

2011 4093 2173 4149 Vers.
2209 4096 2289 4150 l9.
2325 4098 2588 4154 Herodes
2632 4107 2821 4155 autem
2862 4132 2929 4143 —
2959 4103 3124 4158 Vers.
3151 4107 3233 4160 20.
3276 4107 3587 4166 Custodia.

1939 4184 2262 4255 Postquam
2297 4186 2562 4241 videlicet
2603 4188 2936 4259 baptizatus
2968 4191 3157 4249 fuerat
3190 4195 3474 4255 Christus.
3509 4199 3598 4254 Di-

1939 4279 2098 4327 ctum
2123 4281 2209 4328 est
2234 4280 2434 4330 autem
2452 4275 2524 4330 de
2545 4276 2788 4332 Joannis
2820 4280 3281 4339 incarceratione
3309 4285 3597 4344 vicesimo

1936 4362 2146 4434 quinto
2190 4366 2384 4435 capite
2417 4366 2710 4435 Evangelii
2745 4371 3077 4425 secundum
3110 4372 3476 4429 Matthaaum.

291 4441 510 4510 Εγὲνετο
575 4469 642 4479 -
714 4436 1012 4498 ηὐδόκησα.
1083 4447 1400 4508 Βαπτισθεὶς
1468 4452 1824 4520 προσηύχετο,

2009 4450 2171 4507 Vers.
2206 4453 2295 4507 21.
2349 4454 2595 4510 Factum
2644 4462 2727 4511 est
2758 4488 2825 4497 —
2853 4458 3014 4513 Vers.
3050 4461 3137 4516 '20.
3173 4462 3590 4532 Complacitum

219 4523 518 4595 διδάσκων,
551 4529 628 4579 ὅτι
671 4533 779 4601 χρὴ
823 4533 942 4592 τούς
986 4529 1370 4603 βαπτισθέντας
1408 4541 1823 4611 προσεύχεσθαι·

220 4619 278 4667 τὸ
337 4623 546 4687 Πνεῦμα
590 4612 648 4669 δε
700 4621 756 4669 τὸ
814 4617 962 4690 ἅγιον
1028 4632 1308 4694 σωματικῷ
1366 4621 1494 4676 εῖδει
1551 4627 1824 4696 κατῆλθεν,

225 4705 308 4755 ἶνα
364 4707 520 4778 θεαθῇ
572 4713 674 4766 τοῖς
733 4717 1052 4779 σωματικοῖς
1122 4709 1406 4784 ὀφθαλμοῖς
1465 4723 1565 4766 τῶν
1629 4717 1823 4792 ανθρώ-

226 4811 356 4856 πων,
379 4798 470 4844 καὶ
495 4795 561 4854 εἰς
591 4799 746 4866 τιμὴν
774 4805 863 4849 τοῦ
897 4803 1136 4870 σώματος
1174 4808 1264 4852 τοῦ
1308 4805 1560 4875 Χρῖστοῦ.
1598 4812 1721 4879 Περὶ
1768 4806 1826 4862 δὲ

227 4881 319 4932 τοῦ
351 4880 720 4955 βαπτίσματος
742 4886 902 4938 αὑτοῦ
920 4887 1232 4963 πλατύτερον
1256 4891 1476 4963 ἔγραψεν
1510 4896 1534 4945 ὁ
1563 4899 1825 4958 Ματθαῖος

226 4966 275 5019 ἐν
319 4977 390 5040 τῷ
437 4975 596 5045 τρίτῳ
636 4974 908 5047 κεφαλαίῳ,
972 4982 1059 5029 καὶ
1101 4980 1503 5053 ἡρμῆνεύθησαν
1553 4982 1602 5034 ἕν
1651 4983 1822 5060 ἐκείνῳ

225 5059 396 5112 πάντα
432 5062 565 5113 κατὰ
589 5060 757 5136 ῥῆμα.

294 5211 344 5247 ³⁸
372 5208 577 5269 Matth.
613 5211 656 5278 Ι,
683 5213 737 5271 7.

1936 4547 2040 4597 est.
2089 4541 2426 4612 Baptizatus
2475 4544 2707 4610 orabat,
2762 4547 2989 4602 docens
3037 4564 3160 4613 eos,
3192 4551 3293 4620 qui
3323 4552 3598 4622 baptizati

1937 4636 2074 4685 sunt
2094 4647 2282 4687 orare.
2310 4631 2556 4702 Sipritus
2586 4640 2826 4689 sanctus
2857 4645 3044 4690 autem
3073 4639 3367 4707 corporali
3400 4640 3589 4710 specie

1934 4719 2258 4784 descendit,
2290 4726 2351 4774 ut
2389 4720 2574 4775 oculis
2604 4723 3015 4792 corporalibus
3056 4725 3361 4781 hominum
3409 4728 3597 4784 videri

1934 4815 2166 4879 posset:
2209 4814 2265 4863 et
2291 4810 2469 4864 etiam
2501 4811 2555 4864 in
2586 4811 2876 4866 honorem
2913 4815 3196 4883 corporis.
3225 4814 3442 4871 Christi
3477 4818 3597 4874 Sed

1934 4897 2007 4951 de
2039 4899 2166 4966 ejus
2181 4897 2540 4968 baptismate
2570 4899 2803 4970 planius
2825 4901 3062 4973 scripsit
3089 4903 3400 4959 Matthqu
3426 4905 3594 4962 tertio

1934 4986 2146 5057 capite,
2201 4991 2258 5041 et
2287 4986 2369 5041 ibi
2399 4993 2537 5043 sunt
2576 4990 2782 5045 omnia
2829 4991 2907 5046 ad
2941 4991 3186 5048 verbum
3237 4994 3590 5066 explanata.

1423 5347 1656 5424 Varia
1700 5353 2034 5424 lectiones
2074 5363 2139 5424 et
2179 5364 2391 5425 notae.

527 5489 763 5561 πολιτεία
787 5491 878 5561 καῇ
898 5487 926 5541 ὁ
949 5486 1115 5561 λόγος.
1151 5491 1217 5547 Β.

317 5482 406 5552 88)
443 5482 502 5536 Ἡ
527 5489 763 5539 πολιτεία
787 5491 878 5542 καὶ
898 5487 926 5541 ὁ
949 5486 1115 5561 λόγος.
1151 5491 1217 5547 Β.

295 5482 407 5625 i89)
442 5554 564 5612 Hoc
587 5557 651 5634 in
673 5559 946 5634 margine
975 5561 1198 5618 codicis
1227 5561 1446 5634 reperit
1473 5565 1824 5626 Hentenius.

230 5621 490 5682 Meorum
505 5633 710 5684 neuter
725 5621 926 5687 habet.
947 5635 1063 5688 Hoc
1085 5621 1432 5692 translatum
1449 5621 1622 5695 estrei
1633 5621 1827 5698 'ﬁiéél

511 5725 751 5784 PATKOL.
793 5729 898 5788 Ga.
939 5728 1185 5788 CXXIX.

1933 5499 2194 5583 Phileros:
2220 5513 2280 5571 ι)-
2331 5499 2439 5580 .³²⁵
2471 5497 2532 5554 E-
2597 5571 2608 5583 .

2007 5572 2120 5643 (90)
2154 5574 2286 5628 Haec
2327 5572 2390 5628 in
2419 5572 2688 5643 margine
2714 5577 2785 5631 A.

3250 5749 3320 5802 29
