4170 6364
561 260 668 335 tio":

1882 240 2233 326 EUTHYMII:
2259 248 2584 320 ZlGABENI

3869 266 3999 325 908

632 400 797 459 Vers.
824 398 915 459 25.
944 398 1025 457 Et
1063 397 1190 469 ipse
1208 428 1278 441 —
1303 396 1576 471 triginta.
1615 401 1695 456 De
1726 397 1819 456 his
1849 394 2097 472 pulchre
2134 393 2222 450 di-

2408 396 2510 445 ιζάὶ
2575 393 2726 454 αὐτὸς
2782 424 2850 433 -
2916 393 3211 467 τριάκοντα.
3274 397 3402 465 Περὶ
3474 394 3670 447 τούτων
3749 397 3995 467 εἴρηται

558 494 722 549 etum
749 490 926 548 estin
952 486 1241 561 principio
1272 486 1410 545 dicti
1458 488 1610 545 tertii
1639 487 1868 563 capitis,
1915 485 2015 543 ubi
2044 483 2226 542 habe-

558 580 684 639 tur:
708 579 879 639 Venit
891 579 1152 637 Joannes
1163 576 1449 649 Baptista
1467 579 1804 649 praedicam
1818 580 1873 636 in
1887 577 2115 635 deserto
2123 576 2224 631 Ju-

560 667 699 728 dam
721 670 794 728 ’⁷.

629 882 674 957 ιι-
696 883 1063 944 Tricenarius
1091 884 1190 945 hic
1217 900 1506 944 numerus
1531 887 1590 942 et
1617 883 1924 957 temporis,
1953 886 2010 939 et
2051 885 2226 939 natu-

558 987 642 1032 ra
658 973 981 1045 sensibilis,
1005 980 1355 1049 natumque
1379 972 1783 1046 intelligibilis,
1807 977 2130 1029 creatorem
2154 984 2226 1026 ac

558 1062 1014 1136 gubernatorem
1032 1064 1617 1123 inducitDominum.
1645 1062 1948 1134 Temporis
1976 1059 2227 1133 quidem

557 1167 669 1225 per
697 1157 949 1228 septem.
981 1157 1237 1229 Tempus
1271 1154 1453 1221 enim,
1476 1169 1587 1226 per
1613 1157 1840 1225 septem
1869 1151 1999 1208 dies
2025 1163 2229 1222 proce-

560 1243 667 1315 dit,
705 1243 942 1301 Natum
1006 1250 1209 1301 autem
1262 1242 1582 1311 sensibilis,
1615 1257 1722 1315 per
1745 1241 2014 1315 quinque
2046 1257 2059 1297 :
2090 1246 2229 1298 sunt

563 1332 718 1393 enim
738 1332 1007 1407 quinque
1023 1349 1255 1391 sensus.
1283 1335 1519 1390 Naturae
1549 1347 1691 1388 vero
1719 1329 2103 1403 intelligibilis
2121 1346 2229 1403 per

559 1426 731 1482 octo:
762 1421 1079 1496 paululum
1108 1422 1272 1480 enim
1300 1438 1483 1494 supra
1516 1427 1771 1494 tempus,
1802 1419 1965 1492 quod
1996 1435 2104 1491 per
2141 1434 2228 1475 se-

558 1515 724 1586 ptem
744 1511 1026 1585 procedit,
1055 1516 1145 1569 est
1171 1510 1632 1583 intelligibilium
1653 1510 1975 1581 generatio.
2011 1507 2230 1567 Guber-

556 1600 867 1661 nationem
894 1616 1059 1670 vero,
1091 1616 1197 1675 per
1211 1599 1446 1667 decem,
1474 1604 1714 1673 propter
1737 1598 2051 1656 denarium
2080 1615 2231 1673 prae.

558 1694 871 1765 captorum
896 1706 1240 1757 numerum,
1261 1690 1368 1763 qui
1386 1690 1663 1747 homines
1688 1688 1766 1745 ad
1787 1688 2226 1746 beatitudinem

558 1779 822 1839 inducit:
854 1784 957 1838 aut
984 1780 1138 1848 ideo,
1166 1779 1312 1853 quia
1341 1778 1536 1837 littera
1566 1778 1708 1846 iota,
1731 1794 1869 1852 quae
1908 1779 2116 1835 decem
2148 1779 2225 1836 si-

559 1867 827 1941 gniﬁcat,
860 1867 1217 1942 principium
1246 1872 1334 1924 est
1353 1868 1639 1925 humana:
1667 1866 2085 1941 appellationis
2116 1868 2225 1925 Do-

558 1957 730 2025 mini,
759 1957 981 2014 scilicet
1025 1957 1291 2014 nominis
1324 1957 1548 2019 Ἰησοῦς.
1606 1956 1983 2028 Conjungens
2022 1956 2224 2030 itaque

560 2050 790 2120 septem
819 2045 1088 2119 quinque
1110 2050 1245 2102 octo
1275 2050 1331 2102 et
1355 2045 1587 2115 decem,
1611 2042 1981 2101 tricesimum
2008 2044 2224 2102 efﬁcies

559 2149 903 2203 numerum,
931 2133 1034 2209 qui
1055 2134 1368 2208 praedictas
1392 2150 1484 2190 res
1507 2133 1757 2207 mystice
1774 2134 2224 2204 acaanigmatice

562 2223 851 2295 designat.

632 2311 799 2371 Vers.
829 2316 918 2370 23.
946 2312 1251 2371 Incedens.
1275 2312 1554 2382 Veniens,
1590 2327 1721 2369 sese
1748 2312 2221 2369 demonstrando

560 2401 643 2461 ad
668 2401 965 2477 populum
1011 2403 1334 2461 manifesta
1364 2402 1839 2467 conversatione,
1889 2418 1995 2476 per
2048 2402 2222 2475 signa

560 2489 837 2549 videlicet
859 2496 917 2549 et
943 2491 1302 2550 doctrinam.

632 2581 793 2639 Vere.
823 2584 914 2639 23.
950 2581 1021 2639 Ut
1063 2583 1408 2654 putabatur,
1449 2582 1608 2653 [ilius
1658 2581 1890 2653 Ioseph.
1934 2581 2006 2638 Ut
2050 2586 2220 2654 puta-

562 2669 740 2728 batur
766 2685 804 2727 a
824 2670 1071 2741 Judmis,
1098 2677 1163 2728 ut
1191 2672 1351 2728 enim
1382 2672 1599 2728 veritas
1628 2671 1908 2738 habebat,
1942 2685 2064 2727 non
2095 2675 2221 2727 erat

572 2758 734 2816 ﬁlius
748 2759 898 2830 ejus.
935 2758 1046 2816 Ubi
1076 2764 1279 2817 autem
1303 2760 1378 2817 de
1410 2760 1635 2832 Joseph
1667 2759 1803 2816 fecit
1832 2760 2214 2828 mentionem,

565 2845 835 2906 ascendit
867 2851 924 2904 et
972 2847 1051 2904 ad
1099 2852 1332 2921 patrem
1373 2849 1614 2921 Josepb,
1646 2847 1865 2905 deinde
1921 2847 2101 2904 etiam
2142 2849 2220 2906 ad

563 2950 745 2995 avum
766 2935 918 3009 cjns,
943 2941 1000 2993 et
1015 2936 1093 2993 ad
1122 2952 1417 3009 proavum
1449 2952 1520 2994 ac
1550 2937 1814 2994 abavum
1846 2954 1861 3005 ;
1886 2943 1942 2994 et
1970 2936 2051 2994 ita
2074 2954 2221 2994 con-

563 3031 880 3100 sequenter
906 3024 1249 3099 regrediens
1273 3026 1540 3083 ascendit
1569 3043 1763 3100 usque
1791 3028 2004 3084 Adam.
2098 3020 2101 3025 ’

636 3115 869 3172 Dictum
911 3119 1000 3172 est
1053 3120 1255 3173 autem
1279 3116 1353 3172 de
1380 3116 1725 3188 bujusmodi
1760 3116 2112 3189 genealogia
2158 3118 2219 3174 in

561 3204 908 3281 primordiis
931 3205 1318 3278 genealogiaa,
1351 3222 1487 3279 quas
1538 3206 1701 3279 apud
1731 3207 2065 3263 Matthaaum
2109 3212 2217 3277 est,

563 3294 670 3352 ubi
711 3293 941 3362 dicitur,
982 3295 1131 3352 Filii
1170 3295 1389 3367 David,
1439 3295 1558 3365 ﬁlii
1584 3296 1887 3354 Abraham
1909 3297 1955 3332 ³⁸
1987 3314 2001 3353 :
2037 3304 2094 3353 et
2135 3295 2219 3353 ibi

564 3399 769 3459 quare
805 3399 1058 3442 causam
1084 3383 1443 3441 diversitatis
1491 3400 1721 3442 earum.

638 3475 804 3531 Vers.
826 3476 914 3530 24.
932 3474 1042 3542 Qui
1058 3474 1175 3547 fuit
1192 3474 1315 3532 Eli.
1339 3473 1560 3547 Ioseph
1582 3473 1685 3530 ﬁlii
1707 3474 1809 3532 Eli.
1828 3475 2048 3534 Verum
2074 3493 2222 3551 quo-

565 3562 752 3622 modo
767 3563 1074 3621 Mattbmus
1088 3562 1311 3637 Josepb
1326 3562 1513 3620 ﬁlium
1532 3562 1899 3636 dixitJacob,
1919 3569 2104 3624 Lucas
2122 3584 2224 3625 au-

571 3658 689 3710 tem
730 3667 893 3710 nunc
922 3652 1112 3710 tilium
1160 3650 1296 3709 Eli?
1316 3652 1464 3718 Quia
1500 3658 1734 3711 mortuo
1760 3654 1844 3711 Eli
1871 3655 2002 3712 sine
2032 3656 2219 3730 prole,

564 3739 773 3813 Jacob,
790 3741 895 3816 qui
917 3741 1095 3799 frater
1114 3742 1242 3815 ejus
1274 3757 1345 3798 ex
1375 3742 1588 3799 eadem
1611 3747 1799 3800 matre
1820 3750 1965 3812 erat,
1984 3754 2225 3821 sumpta

565 3830 725 3889 illius
758 3846 944 3889 uxore
965 3831 1136 3903 juxta
1162 3831 1310 3901 legis
1335 3837 1719 3905 praeceptum,
1754 3836 1959 3904 genuit
1980 3836 2218 3909 Joseph,

565 3927 624 3977 et
650 3918 847 3977 factus
870 3924 958 3976 est
983 3919 1201 3992 Joseph
1244 3922 1374 3990 lege
1398 3920 1643 3993 quidem
1674 3921 1830 3977 ﬁlius
1858 3922 1957 3988 Eli,
2009 3930 2223 3982 natura

563 4023 705 4066 vero
741 4008 897 4065 ﬁlius
922 4008 1127 4065 Jacob.
1163 4012 1362 4080 Itaque
1390 4007 1695 4064 Mattbeeus
1727 4011 2062 4068 naturalem
2092 4013 2222 4085 ejus

563 4101 801 4170 patrem
827 4094 1284 4168 scripsit.Lucas
1305 4111 1442 4153 vero
1462 4095 1738 4167 legalem,
1766 4100 2039 4172 utrinque
2063 4102 2220 4158 enim

563 4185 789 4258 Joseph
833 4185 1132 4243 invenitur
1192 4184 1427 4257 generis
1479 4184 1831 4244 relationem
1874 4188 2098 4247 habere
2142 4192 2221 4247 ad

564 4273 775 4333 David.

635 4486 799 4546 Vers.
829 4490 925 4548 24.
977 4487 1088 4556 Qui
1106 4488 1229 4560 fuit
1268 4489 1562 4548 Matthan.
1602 4489 1793 4565 Ipsius
1815 4493 1900 4550 Eli
1942 4493 2044 4552 ﬁlii
2074 4499 2218 4554 Mat-

564 4578 735 4637 than.
767 4577 887 4637 Sed
913 4578 1222 4653 quomodo
1252 4594 1489 4637 rursum
1513 4581 1819 4640 Matthaaus
1845 4583 2110 4642 Matthan
2136 4587 2221 4643 di-

564 4667 647 4725 cit
678 4672 912 4741 patrem
932 4668 1132 4735 Jacob,
1166 4670 1356 4727 Lucas
1384 4674 1587 4728 autem
1613 4687 1775 4729 nunc
1800 4680 2034 4746 patrem
2076 4674 2221 4733 dicit

563 4757 697 4817 Eli?
726 4758 875 4825 Quia
900 4757 1049 4816 alius
1079 4757 1190 4815 fuit
1212 4758 1471 4816 Matthan
1504 4759 1616 4816 iste
1645 4766 1702 4818 et
1740 4761 1895 4819 alius
1927 4762 2049 4820 ille.
2096 4765 2218 4823 Ma-

636 4883 681 4920 "
706 4882 908 4942 Matth.
942 4897 1024 4950 ιιι,
1060 4882 1111 4937 1.
1144 4882 1409 4941 "Matth.
1446 4899 1485 4952 ι,
1523 4891 1576 4942 1.

2250 4452 2297 4509 D

2334 481 2499 542 κα).ῶς
2555 481 2606 533 ἐν
2682 481 2825 555 ἀρχῇ
2901 490 2991 534 τοῦ
3070 482 3316 555 ῥηθέντος
3375 487 3553 556 τρίτου
3638 483 3989 556 κεφαλαίου,

2334 571 2453 623 ἔνθα
2517 579 2685 624 κεῖται
2766 577 2842 623 τὸ.
2908 571 2989 625 Ἐν
3067 567 3125 624 δὲ
3198 578 3315 633 ταῖς
3376 573 3593 645 ἡμέραις
3664 579 3989 645 παραγίνε-

2333 677 2422 711 ται
2449 659 2686 723 Ἰωάννης
2728 662 2752 713 6
2796 664 3111 726 Βαπτιστὴς,
3141 662 3426 733 κηρύσσων
3461 659 3508 712 ἐν
3539 668 3599 734 τῇ
3636 660 3838 736 ἐρήμῳ
3871 672 3985 725 τῆς

2334 744 2619 812 Ἰουδαίας.

2411 835 2493 906 [Ὁ
2569 840 2851 913 τριάκοντᾶ
2913 838 3021 909 (91)
3100 838 3252 901 οὗτος
3327 838 3546 912 ἀριθμὸς
3612 845 3833 913 χρόνον
3923 861 3985 894 τε

2335 930 2424 977 καὶ
2470 929 2671 999 φύσεως
2724 928 2985 991 αἰσθητῆς
3041 933 3131 980 καὶ
3193 931 3390 1001 φύσεως
3440 937 3625 990 νοητῆς
3677 927 3983 1003 δημιουρ-

2333 1017 2426 1085 γὸν
2495 1020 2585 1069 καὶ
2666 1022 2958 1089 προνοητὴν
3029 1017 3229 1089 εἰσάγει
3295 1020 3381 1070 τὸν
3444 1021 3651 1091 Κύριον.
3743 1026 3980 1092 Χρόνου

2334 1106 2447 1175 μιν,
2480 1100 2573 1157 διὰ
2610 1114 2700 1157 τοῦ
2743 1106 2889 1159 ἑπτά·
2952 1102 3293 1178 ἐϐδοματικὸς
3347 1108 3447 1182 γὰρ
3506 1108 3531 1159 ὀ
3583 1112 3807 1181 χρόνος·
3864 1113 3977 1181 φ’)-

2338 1210 2468 1255 σεως
2519 1190 2579 1246 δὲ
2617 1195 2896 1260 αἰσθητῆς,
2957 1193 3052 1247 διὰ
3088 1203 3179 1248 τοῦ
3216 1200 3379 1248 πέντε·
3415 1193 3701 1254 πενταδικὴ
3752 1201 3878 1270 γὰρ
3942 1201 3972 1255 ἡ

2337 1283 2606 1344 αἴσθησις-
2667 1288 2865 1354 φύσεως
2927 1280 2987 1336 δὲ
3055 1292 3261 1351 νοητῆς,
3326 1281 3419 1336 διὰ
3468 1293 3559 1337 τοῦ
3608 1285 3768 1337 ὀκτώ·
3830 1289 3973 1359 ὑπὲρ

2334 1373 2433 1445 γὰρ
2464 1375 2549 1424 τὸν
2580 1371 2693 1444 (92)
2724 1377 2915 1445 χρόνον
2954 1374 3069 1435 (93)
3113 1375 3142 1431 ἠ
3188 1382 3286 1426 τῶν
3323 1381 3519 1432 νοητῶν
3556 1378 3785 1446 γένεσις’
3847 1377 3971 1447 (94)

2336 1466 2626 1535 προνοητὴν
2803 1459 2862 1516 δε
2908 1460 3003 1516 διὰ
3045 1470 3137 1515 τοῦ
3185 1459 3334 1528 δέκα,
3386 1459 3481 1516 διὰ
3525 1484 3579 1517 τε
3610 1468 3707 1523 τὴν
3738 1462 3973 1519 δεκάδι

2336 1559 2437 1603 τῶν
2490 1550 2699 1603 ἐντολῶν
2760 1552 2872 1622 (96)
2922 1552 2992 1614 εἰς
3043 1555 3100 1605 τὸ
3168 1549 3221 1605 εὖ
3280 1554 3410 1605 εἷναι
3458 1557 3579 1614 τοὺς
3637 1553 3971 1627 ἀνθρώπους

2336 1641 2642 1712 ἑνάγουσαν,
2692 1646 2781 1693 καὶ
2822 1638 2914 1693 διὰ
2960 1644 3019 1693 τὸ
3074 1639 3248 1716 ἀρχὴν
3288 1643 3417 1695 εἶναι
3473 1650 3564 1703 τῆς
3616 1640 3965 1717 ἀνθρωπίνης

2261 1742 2304 1801 Β
2335 1737 2427 1782 τοῦ
2479 1734 2671 1803 Κυρίου
2730 1735 3095 1805 προσηγορίας
3141 1735 3199 1783 τὸ
3253 1730 3400 1783 ἰῶτα.
3454 1734 3659 1793 Συνϐεἱς
3716 1733 3812 1784 οὖν
3871 1738 3963 1787 τόν

2334 1818 2461 1871 ἑπτὰ
2491 1823 2581 1871 καὶ
2622 1822 2709 1871 τὸν
2749 1824 2897 1872 πέντε
2935 1825 3024 1872 καὶ
3057 1822 3142 1872 τὸν
3185 1820 3321 1872 ὀκτὼ
3360 1825 3449 1873 καὶ
3490 1824 3577 1873 τὸν
3627 1818 3782 1887 δέκα,
3836 1826 3963 1897 (97)

2332 1911 2417 1960 τὸν
2479 1910 2760 1982 τριάκοντα
2821 1909 3138 1984 πληρώσεις,
3192 1918 3462 1983 μυστικῶς
3517 1913 3585 1963 τὰ
3642 1907 3963 1970 δηλωθέντα

2332 1997 2799 2069 ὑπαινιττόμενον.]

2401 2265 2736 2341 Ἀρχόμενος.
2765 2267 2875 2338 (98)
2897 2266 3164 2342 Ἀρχομος
3186 2274 3276 2328 τῆς
3297 2266 3369 2329 εἰς
3391 2271 3478 2320 τὸν
3492 2266 3613 2319 λαόν
3633 2265 3957 2333 ἀναδῇξεως

2328 2354 2509 2420 αὐτοῦ,
2543 2364 2639 2416 τῆς
2670 2363 2886 2431 φανερᾶς
2920 2356 3035 2427 (99)
3074 2357 3336 2418 πολιτείας
3363 2357 3524 2409 αὐτοῦ
3557 2358 3639 2429 (ί)
3671 2363 3815 2425 ἤτοι,
3851 2370 3956 2411 τῶν

2329 2449 2554 2516 σημείων
2585 2450 2673 2496 καὶ
2698 2454 2787 2506 τῆς
2818 2441 3169 2506 διδασκαλίας

2395 2532 2511 2602 Ὧν,
2562 2536 2628 2597 ὡς
2680 2533 2961 2607 ἐνομίζετο,
3018 2537 3128 2595 υἱὸς
3176 2536 3397 2607 Ἰωσήφ.
3464 2537 3553 2597 Ὠς
3608 2534 3781 2591 ἐδόκει

2328 2619 2623 2684 Ἰουδαίοις.
2689 2622 2773 2684 Ὠς
2828 2627 2929 2697 γὰρ
2975 2626 3005 2682 η
3066 2623 3281 2681 ἀλήθεια
3338 2621 3501 2696 εἶχεν,
3557 2627 3651 2678 οὐκ
3715 2623 3776 2685 ἦν
3836 2632 3946 2689 υίὸς

3843 2548 3952 2599 τοῖς

2326 2712 2507 2765 αὐτοῦ.
2577 2712 2743 2766 Εἰπὼν
2811 2710 2870 2765 δέ
2927 2718 3043 2786 περὶ
3096 2722 3189 2765 τοῦ
3251 2712 3462 2786 Ἰωσὴφ.
3535 2714 3789 2768 ἀναϐαίνει
3843 2724 3940 2770 καὶ

2329 2800 2529 2854 ἔπιτον
2573 2804 2775 2876 πατέρα
2822 2809 2914 2853 τοῦ
2969 2803 3187 2874 Ἰωσὴφ,
3243 2797 3352 2854 εἶτα
3380 2808 3471 2855 καὶ
3527 2802 3610 2856 ἐπὶ
3642 2808 3719 2854 τὸν
3782 2807 3926 2856 ποίπ-

2327 2910 2421 2944 πον
2461 2890 2640 2959 αῦτοῦ,
2689 2896 2778 2942 καὶ
2824 2890 2908 2943 ἐπὶ
2937 2894 3022 2943 τόν
3066 2897 3400 2965 πρόπαππον,
3433 2898 3524 2945 καὶ
3572 2892 3653 2945 ἐπὶ
3691 2896 3769 2944 τὸν
3810 2893 3925 2945 ἐπί-

2328 2999 2558 3051 παππον,
2586 2985 2675 3032 καὶ
2706 2980 2841 3033 οὕτω
2870 2980 3048 3033 λοιπὸν
3072 2979 3428 3047 ἀναποδίζων,
3453 2983 3650 3035 ἄνεισιν
3680 2984 3818 3055 οἱχρι
3846 2992 3939 3035 τοῦ

2254 3097 2296 3154 C
2335 3065 2510 3142 Αδοὲμ.

2402 3160 2621 3232 Εἴρηται
2671 3154 2730 3212 δὲ
2773 3163 2890 3233 περὶ
2948 3167 3039 3220 τῆς
3086 3163 3333 3221 τοιαύτης
3389 3160 3723 3231 γενεαλογίας
3776 3161 3829 3213 ἐν
3872 3170 3943 3233 τῷ

2330 3254 2588 3324 προοιμίῳ
2653 3257 2741 3310 τῆς
2791 3251 2935 3321 παρὰ
2992 3256 3064 3319 τῷ
3119 3251 3374 3320 Ματθαίῳ
3423 3249 3774 3321 γενεαλογίας,
3825 3255 3945 3304 ἔνθα

2329 3345 2499 3391 κεῖται
2547 3342 2623 3390 τό·
2681 3339 2807 3391 Υἱοῦ
2867 3334 3053 3403 Δαυῑδ,
3103 3341 3219 3390 υἱοῦ
3250 3338 3516 3414 Ἀϐραάμ·
3571 3340 3675 3394 Καὶ
3704 3341 3942 3400 ζήτησον

2330 3426 2436 3480 ἐκεῖ
2460 3432 2554 3486 τὴν
2593 3427 2788 3480 αἰτίαν.

2400 3523 2503 3569 Τοῦ
2560 3515 2720 3574 Ἠλεί,
2771 3517 2963 3590 Ἰωσὴφ
3017 3524 3108 3569 τοῦ
3161 3516 3321 3570 Ἠλεί.
3397 3517 3562 3572 ’Λλλὰ
3613 3527 3718 3580 πῶς
3770 3522 3798 3572 6

2332 3607 2598 3667 Ματθαίος
2668 3607 2778 3658 υἱὸν
2827 3613 2920 3658 τοῦ
2976 3604 3165 3659 Ἰακὼϐ
3213 3604 3322 3659 εἷπε
3373 3610 3462 3659 τὸν
3522 3608 3741 3680 Ἰωσήφ,
3803 3611 3829 3661 6
3885 3608 3941 3664 δὲ

2333 3701 2542 3758 Λουκᾶς
2594 3703 2702 3767 νῦν,
2751 3697 2862 3747 υἱον
2920 3702 3013 3747 τοῦ
3074 3694 3427 3763 Ἦ).εί;Διοτι
3483 3703 3575 3749 τοῦ
3624 3697 3748 3750 Πλεὶ
3799 3718 3940 3753 τετε-

2330 3785 2638 3846 λευτηκότος
2717 3781 2960 3849 ἄπαιδος,
3040 3786 3066 3837 6
3110 3786 3425 3860 ὁμομήτριος
3492 3783 3715 3858 ἀδελφὸς
3782 3789 3940 3843 αὐτοῦ

2336 3874 2540 3941 Ἰακὼϐ,
2597 3873 2764 3926 λαϐὼν
2815 3879 2907 3933 τὴν
2953 3872 3144 3926 ἐκείνου
3183 3882 3409 3946 γυναῖκα
3457 3878 3593 3928 κατὰ
3628 3881 3717 3929 τὸν
3764 3883 3937 3950 νόμον,

2330 3967 2601 4034 γεγέννηκε
2665 3966 2751 4015 τὸν
2824 3962 3039 4035 Ἰωσὴφ,
3128 3969 3217 4016 καὶ
3300 3969 3507 4035 γέγονεν
3593 3967 3618 4017 6
3720 3965 3935 4039 Ἰωσὴφ,

2330 4057 2468 4124 νόμῳ
2537 4055 2646 4124 μὲν,
2730 4054 2842 4114 υἱὸς

3128 3969 3217 4016 καὶ
3300 3969 3507 4035 γέγονεν
3593 3967 3618 4017 6

2924 4059 3016 4105 τοῦ
3067 4053 3225 4105 Ἠλεί“
3299 4058 3451 4125 φύσει
3518 4050 3597 4113 6‘s.
3668 4058 3783 4117 υἱὸς
3848 4067 3937 4109 τοῦ

2332 4139 2537 4194 Ἰακὼϐ,
2573 4146 2673 4193 Καὶ
2715 4141 2892 4193 λοιπὸν
2940 4143 3207 4203 Ματοαῑος
3251 4146 3359 4213 μὲν,
3410 4146 3497 4194 τὸν
3538 4147 3692 4214 φύσει
3744 4152 3937 4218 πατέρα

2330 4230 2489 4283 αὑτοῦ
2514 4229 2790 4304 ἀνέγραψεο
2817 4237 3024 4293 Λουκᾶς
3049 4228 3128 4297 δὲ,
3151 4236 3237 4283 τὸν
3255 4237 3418 4304 νόμῳ.
3453 4238 3553 4285 Καὶ
3581 4231 3935 4309 ἀμφοτέρωθεν

2328 4323 2429 4394 γὰρ
2457 4321 2482 4371 ὁ
2515 4319 2702 4391 Ἰωσὴφ
2735 4321 3031 4393 εὑρίσκεται
3062 4326 3150 4379 τὴν
3178 4319 3437 4394 ἀναφορὰν
3476 4329 3568 4374 τοῦ
3592 4327 3773 4393 γένους
3800 4326 3935 4395 ἔχων

2330 4409 2414 4463 ἐπὶ
2444 4413 2529 4463 τὸν
2561 4406 2754 4463 Δαυῖδ.

2399 4507 2502 4553 Τοῦ
2569 4501 2807 4555 Marem.
2867 4501 2970 4555 Τοῦ
3022 4499 3180 4567 Ἠλεὶ,
3241 4508 3333 4554 τοῦ
3378 4504 3496 4555 υἱοῦ
3554 4509 3642 4555 τοῦ
3696 4504 3919 4554 Ματθάν.

2329 4590 2486 4644 Ἀλλὰ
2559 4589 2733 4653 πάλιν,
2813 4598 2919 4651 πῶς
2983 4594 3069 4643 τὸν
3127 4592 3342 4644 Ματθὰν
3414 4594 3440 4644 ὀ
3516 4597 3600 4665 μέν
3665 4590 3915 4649 Ματοαῖος

2326 4684 2527 4753 πατέρα
2573 4678 2708 4750 λέγει
2759 4687 2849 4732 τοῦ
2895 4678 3106 4733 Ἰακωϐ.
3159 4682 3184 4732 6
3233 4676 3293 4734 δί
3343 4687 3547 4742 Λουκᾶς
3586 4686 3691 4743 νῦν,
3726 4683 3923 4753 πατέρα

2326 4776 2419 4824 τοῦ
2471 4768 2643 4836 ³Ηλεί;
2672 4773 2815 4822 Διότι
2870 4768 3022 4832 ἄλλος
3085 4768 3232 4831 οὗτος
3287 4771 3312 4822 6
3360 4772 3578 4824 Ματθὰν
3640 4773 3727 4821 καὶ
3781 4767 3930 4831 ἄλλος

1770 5030 1993 5101 Variae
2046 5035 2370 5108 lectiones
2410 5050 2475 5109 et
2514 5049 2716 5108 notae.

636 5187 746 5263 (ﬁt)
776 5189 907 5245 Haec
937 5193 1182 5263 uterque
1213 5191 1273 5247 in
1320 5190 1613 5261 margine.

658 5259 754 5336 se)
776 5266 887 5336 se»
916 5259 1143 5336 me».
1178 5267 1239 5336 Α.

660 5263 754 5400 92)
776 5266 887 5313 Τῶν
916 5265 1143 5336 χρόνων.
1178 5267 1239 5315 Α.

660 5333 726 5387 93
773 5331 1117 5413 _Hentenius_
1164 5332 1398 5413 videtur
1432 5331 1652 5413 legisse
1684 5350 1698 5390 :
1725 5338 1932 5413 Μικρὸν
1959 5340 2061 5413 γὰρ
2093 5341 2219 5411 ὑπερ

561 5399 896 5479 τὸνςλχρόνον,
917 5406 1005 5455 τὸν
1036 5399 1131 5479 δια
1155 5403 1285 5458 ἔπτὰ
1306 5399 1689 5479 προχωροῦντα
1715 5406 1769 5466 ἡ.

637 5472 755 5543 (94)
786 5478 937 5533 Γίννη
946 5492 1029 5537 σις
1042 5517 1055 5531 .
1095 5475 1162 5533 Β.

636 5544 752 5619 (95)
784 5544 1046 5619 Intellige
1072 5545 1291 5619 εἰσάγει.

637 5617 751 5692 (96)
781 5620 886 5677 Τήν
917 5617 1146 5676 videtur
1173 5617 1674 5694 interponendum
1728 5636 1890 5679 esse.

2404 5201 2518 5344 297)
2554 5200 2816 5272 Intellige
2844 5200 3079 5277 ἀριθμόν,
3114 5200 3276 5275 quod
3322 5200 3643 5258 Hentenius
3683 5197 3927 5258 addidit.

2425 5271 2516 5344 98)
2558 5274 2653 5329 Bis
2671 5272 2967 5344 deinceps
2996 5273 3273 5344 ἐρχόμενος
3292 5273 3523 5330 videtur
3550 5273 3766 5344 legisse
3787 5272 3927 5329 Hen-

2425 5271 2516 5355 98)
2558 5274 2653 5355 Ιξιε
2670 5271 2977 5355 'deinceps'
2996 5271 3273 5347 ἐρχόίιενος
3292 5273 3523 5330 videtur
3550 5273 3766 5344 legisse
3787 5272 3930 5329 Hen-

2332 5341 3121 5491 ίθῗέὲῖῌωιέίιθίοῳῳεοῑοείο
3151 5414 3375 5490 Optime
3406 5414 3697 5491 applicari
3739 5417 3930 5489 potest

2330 5484 2625 5544 vocabulo
2654 5484 3006 5551 ’Δναδείξεως.
3042 5484 3249 5555 Lucft,
3290 5491 3380 5545 80.

2400 5558 2477 5636 (ι)
2516 5557 2687 5614 Αὐτοῦ
2720 5559 2937 5618 omittit
2975 5557 3042 5617 Β.
