4170 6364
201 397 331 457 909
1310 389 1680 450 COMMENT.
1725 388 1796 442 IN
1838 384 2099 442 LUCAM.
2143 420 2211 430 —
2249 392 2399 446 CAP.
2444 393 2536 448 IV.
3499 392 3606 449 910

208 527 443 588 ἐκεῖνος.
492 528 597 582 Τὴν
645 526 746 595 γὰρ
779 526 976 595 μητέρα
1006 529 1096 574 τοῦ
1146 521 1286 574 Ἠλεὶ
1336 525 1423 572 καὶ
1484 526 1576 570 τοῦ
1632 511 1838 577 Ἰακὼϐ,

1973 527 2096 569 rem
2121 515 2423 587 siquidem
2454 516 2643 589 ipsius
2666 515 2746 572 Eli
2775 518 2830 572 et
2854 516 3037 574 Jacob
3063 516 3325 590 primum
3355 515 3526 574 duxit
3542 515 3603 574 in

207 626 416 687 πρῶτοι
467 619 556 688 μὲν
616 616 804 684 ἔγημεν
857 614 881 662 6
942 615 1084 686 πάρα
1136 619 1207 680 τῷ
1265 615 1445 679 Λουκᾲ
1499 607 1715 660 Ματθαν
1760 603 1843 654 οὗ·

1971 620 2196 661 Jxorem
2228 606 2322 663 hic
2354 607 2638 673 Matthan,
2673 606 2747 661 de
2784 622 2906 678 quo
2932 606 3142 673 Lucas,
3164 613 3222 661 et
3243 607 3450 677 genuit
3473 605 3556 662 Eli
3585 620 3599 661 :

208 726 330 772 τος,
379 711 467 757 καὶ
500 704 735 774 ἐγέννησε
792 707 878 753 τὸν
911 701 1049 753 Ἠλεί
1079 721 1089 732 '
1153 697 1262 752 εἶτα
1312 698 1659 757 αποθανοντος
1719 697 1844 746 ἐκεί.

1971 693 2164 750 ieinde
2187 695 2315 766 jam
2359 697 2600 752 viduam
2650 697 2820 752 duxit
2851 696 3007 752 hanc
3056 696 3311 753 Matthan
3343 695 3464 760 ille,
3498 696 3606 768 qui

206 815 338 860 νου,
376 800 551 866 χήραν
588 793 750 845 οὖσαν
791 792 1014 862 ἠγάγετο
1051 793 1243 846 ταύτην
1272 791 1296 840 6
1325 791 1466 862 παρά
1491 796 1562 857 τῷ
1589 788 1842 854 Ματθαίῳ

1971 783 2114 856 tpud
2140 785 2471 842 Matthaeum
2492 786 2751 858 ponitur,
2768 801 2904 840 cum
2923 789 3080 842 esset
3100 786 3170 841 de
3192 785 3402 842 eadem
3425 784 3600 850 tribu,

209 886 451 936 Μαι-ϐὰν
519 881 722 942 ἐκεῖνος,
804 888 898 941 τῆς
947 879 1108 941 αὐτῆς
1171 882 1259 950 μεν
1310 877 1470 949 φυλῆς
1519 881 1608 944 ὧν,
1669 875 1843 949 ἑτέρας

1971 887 2303 946 [nanquam
2335 875 2408 930 de
2468 873 2586 930 alia
2633 874 3008 944 cognatione,
3061 878 3117 930 et
3145 874 3350 947 genuit
3395 873 3602 932 Jacob.

213 969 284 1025 ὃε
367 976 687 1042 συγγενείας,
770 974 854 1020 καὶ
912 967 1146 1038 ἐγέννησε
1217 974 1301 1018 τον
1381 965 1601 1019 Ἰακὼϐο
1661 963 1840 1015 λοιπὸν

1971 961 2036 1016 ΞΠ
2067 963 2268 1040 itaque
2295 969 2350 1019 et
2374 963 2557 1020 Jacob
2589 963 2666 1020 ab
2714 963 2927 1020 eadem
2959 963 3082 1019 nati
3110 969 3247 1019 sunt
3278 968 3487 1030 matre,
3513 962 3607 1018 di-

212 1062 343 1126 οὗν,
410 1061 547 1112 Ἰιλεὶ
603 1065 693 1110 καὶ
767 1057 951 1110 Ἰακὼϐ
1025 1059 1336 1130 ὁμομήτριοι
1421 1060 1529 1127 μεν,
1605 1054 1841 1128 ἐτεροπάο

1971 1053 2139 1108 rersis
2189 1058 2384 1109 tamen
2444 1053 2734 1126 patribus.
2781 1053 3087 1109 Reducunt
3144 1059 3342 1110 autem
3392 1069 3601 1124 genus,

215 1170 378 1223 τριοι
427 1146 505 1202 δέ.
550 1150 835 1218 Ἀνάγουσι
895 1143 952 1198 δε
1003 1150 1059 1198 τὲ
1113 1150 1273 1216 γένος,
1329 1147 1352 1196 6
1407 1149 1494 1217 μὲν
1548 1153 1638 1196 τοῦ
1702 1142 1840 1195 ἸΙλεὶ

1971 1141 2208 1197 ιιᾶιίὴᾱη
2231 1142 2470 1213 quidem
2498 1147 2661 1214 pater
2679 1142 2760 1198 Eli
2782 1143 2859 1199 ad
2879 1146 3028 1198 Resa
3048 1142 3232 1198 ﬁlium
3251 1142 3604 1213 Zorobabel,

217 1245 437 1314 πατὴρ,
496 1238 580 1290 ἐπὶ
648 1237 827 1295 Ῥησά,
881 1240 964 1287 τὸν
1023 1238 1132 1287 υἱον
1196 1244 1285 1286 τοῦ
1339 1232 1662 1306 Ζοροϐάϐελ·
1698 1233 1724 1283 6
1783 1227 1840 1283 δὲ

1971 1229 2208 1287 ιιοιὼειη
2233 1247 2374 1287 vero
2415 1237 2578 1303 pater
2603 1231 2785 1289 Jacob
2812 1232 2891 1288 ad
2919 1231 3110 1288 Abiud
3139 1232 3399 1288 similiter
3420 1231 3604 1287 tilium

219 1338 328 1382 τοῦ
364 1328 547 1382 Ἰακὼϐ
576 1332 768 1400 πατὴρ,
826 1324 908 1376 ἐπὶ
961 1321 1175 1378 Ἀϐιουὸ
1214 1329 1300 1376 τὸν
1349 1326 1457 1375 υἱον
1507 1323 1697 1394 ὁμοίως
1750 1328 1840 1372 τοῦ

1971 1319 2298 1386 Eorobabel,
2327 1325 2383 1376 et
2405 1327 2649 1394 uterque
2673 1321 2750 1378 ad
2771 1321 3116 1393 Zorobabel,
3145 1337 3182 1378 θ.
3203 1337 3320 1394 quo
3349 1321 3462 1377 duo
3478 1320 3607 1376 haec

218 1416 549 1492 Ζοροϐάϐελ,
606 1421 688 1466 καὶ
752 1414 1030 1488 ἀμφοτεροι
1100 1411 1158 1466 δε
1216 1413 1299 1465 ἐπὶ
1365 1417 1448 1464 τον
1530 1409 1836 1483 Ζοροϐάϐελ,

1971 1422 2172 1477 genera
2196 1408 2388 1466 divisa
2412 1415 2567 1466 sunt.
2599 1410 2725 1466 Alia
2744 1427 2983 1483 quoque
3015 1411 3234 1468 similia
3262 1411 3322 1468 in
3347 1413 3610 1479 Evange-

218 1508 319 1580 ἀφ’
355 1508 416 1560 οὗ
448 1510 514 1558 τα
555 1503 650 1558 δύο
695 1510 814 1576 γένη
867 1513 1034 1556 ταῦτα
1081 1503 1432 1574 ἐσχίσθησαν.
1475 1507 1571 1555 Καὶ
1611 1501 1739 1553 ἄλλα
1784 1497 1842 1553 δὲ

1971 1497 2222 1554 istarum
2255 1497 2622 1570 genealogiis
2659 1498 2972 1556 habentur.

215 1598 456 1651 τοιαῦτά
527 1595 656 1647 εἰσιν
733 1592 781 1645 ἐν
835 1601 950 1655 ταῖς
1016 1603 1113 1645 τῶν
1183 1592 1552 1664 εὖαγγελιστῶν
1611 1589 1842 1662 γενεαλο-

213 1692 404 1760 γίαις.

299 1783 415 1828 Τοῦ
465 1777 592 1828 Λευὶ
629 1804 696 1815 -
739 1781 830 1826 τοῦ
874 1777 1034 1844 Νηρί.
1085 1775 1182 1824 Τὸν
1227 1770 1484 1829 Σαλαθιήλ
1523 1769 1668 1842 ὁμὲν
1707 1776 1848 1823 Ματ-
1883 1779 1922 1834 Β

221 1868 392 1926 Gaio;
459 1867 569 1916 υἱὸν
635 1870 724 1915 τοῦ
783 1865 1034 1934 Ἰεχονίου
1093 1863 1171 1931 (‘2)
1236 1861 1523 1932 ὠνόμασεν,
1587 1863 1655 1922 ὡς
1711 1862 1847 1912 κατὰ

2025 1821 2182 1875 Vers.
2208 1818 2294 1876 24.
2321 1819 2430 1888 Qui
2440 1818 2563 1889 fuit
2593 1820 2738 1876 Levi
2754 1850 2819 1860 —
2843 1819 3009 1876 Vers.
3032 1821 3126 1879 27.
3159 1822 3260 1894 qui
3282 1821 3406 1892 fuit
3435 1819 3605 1878 Neri.

1956 1909 2236 1967 Salathiel
2265 1910 2570 1966 Matthaaus
2595 1909 2784 1965 ﬁlium
2810 1910 3106 1966 Jechonise
3137 1912 3488 1980 nominavit,
3523 1916 3611 1967 ut-

1955 2005 2092 2072 pote
2115 1999 2452 2055 naturalem
2478 1999 2607 2069 ejus
2624 1997 2814 2054 tilium
2837 2017 2849 2066 ;
2873 1999 3066 2054 Lucas
3091 2015 3226 2056 vero
3253 2015 3408 2056 nunc
3430 1998 3609 2055 ﬁlium

1955 2087 2107 2158 Neri,
2141 2092 2430 2160 tanquam
2461 2087 2738 2157 legalem.
2768 2087 3072 2144 Reducunt
3095 2093 3296 2145 autem
3334 2092 3391 2144 et
3416 2088 3478 2144 hi
3510 2103 3614 2159 ge-

1955 2193 2089 2242 nus,
2118 2177 2250 2232 Neri
2277 2176 2517 2249 quidem
2544 2176 2623 2233 ad
2661 2176 2895 2233 Nathan
2931 2177 3120 2234 ﬁlium
3155 2177 3368 2243 David,
3407 2177 3612 2236 Jecbo-

1957 2267 2087 2322 nias
2119 2282 2259 2322 vero
2283 2265 2360 2322 ad
2383 2265 2787 2330 Salomonem,
2809 2265 3000 2322 ﬁlium
3028 2267 3293 2324 similiter
3322 2266 3525 2333 David,
3555 2272 3613 2324 et

1954 2372 2164 2412 rursus
2199 2359 2446 2426 uterque
2471 2355 2549 2410 ad
2585 2354 2790 2411 David.

2028 2444 2190 2500 Vers.
2215 2443 2311 2499 28.
2348 2442 2462 2509 Qui
2505 2443 2622 2513 fuit
2651 2443 2869 2500 Melchi
2918 2474 2988 2484 -
3026 2444 3186 2499 Vers.
3216 2443 3304 2500 38.
3349 2445 3456 2515 qui
3490 2444 3613 2514 fuit

1955 2533 2172 2589 Adam.
2197 2535 2242 2587 A
2272 2547 2430 2587 novo
2453 2531 2649 2587 Adam
2676 2532 2969 2604 incipiens
2998 2532 3265 2588 ascendit
3285 2534 3614 2603 generatio-

1958 2637 2095 2676 nem
2123 2620 2379 2676 texendo
2402 2635 2590 2693 usque
2613 2619 2690 2675 ad
2718 2627 2989 2677 veterem.
3025 2624 3282 2678 Causam
3300 2625 3502 2678 autem
3527 2621 3614 2678 di-

1957 2709 2154 2766 dicisti
2175 2709 2234 2764 in
2267 2709 2607 2780 primordiis
2623 2710 3008 2781 genealogite,
3037 2727 3217 2781 quam
3239 2711 3442 2767 retexit
3472 2710 3614 2768 Mat-

1961 2799 2169 2863 thasus,
2208 2798 2307 2854 ubi
2345 2798 2559 2854 dicitur
2589 2799 2728 2855 Filii
2754 2800 2971 2865 David,
2994 2800 3106 2869 ﬁlii
3138 2799 3444 2858 Abraham
3469 2802 3539 2857 ⁸⁸.

2036 2887 2174 2943 Vers
2215 2886 2304 2943 38.
2339 2887 2453 2954 Qui
2477 2888 2599 2958 fuit
2646 2889 2768 2944 Dei.
2805 2890 2996 2961 Ipsius
3044 2889 3256 2957 Adam,
3290 2890 3396 2963 qui
3437 2890 3546 2946 fuit
3579 2906 3615 2946 a

1961 2978 2104 3033 Deo.
2146 2979 2345 3050 Neque
2375 2977 2536 3034 enim
2579 2978 2692 3051 ipsi
2721 2978 2911 3034 Adam
2929 2978 3045 3048 fuit
3065 2984 3234 3051 pater
3270 2979 3473 3046 homo,
3510 2977 3614 3035 sed

1962 3069 2115 3122 Deus
2146 3065 2419 3122 formavit
2442 3083 2601 3122 eum.
2629 3066 2770 3123 Vide
2793 3072 3016 3135 autem,
3040 3069 3200 3140 quod
3220 3085 3256 3124 a
3278 3068 3490 3126 Christi
3528 3070 3615 3124 in-

1961 3156 2180 3213 choans
2203 3157 2582 3221 humanitate,
2613 3174 2953 3214 sermonem
2979 3159 3305 3215 reduxitad
3319 3159 3449 3230 ejus
3475 3159 3615 3215 divi-

1960 3248 2210 3302 nitatem
2235 3266 2247 3302 :
2273 3248 2690 3303 demonstrans
2716 3247 3032 3314 Christum,
3061 3253 3122 3303 ut
3153 3248 3459 3304 hominem
3485 3249 3616 3320 qui-

1961 3335 2100 3391 dem
2130 3335 2438 3407 incepisse,
2472 3341 2531 3392 ut
2562 3336 2748 3392 Deum
2783 3353 2922 3392 vero
2968 3352 3164 3393 carere
3192 3336 3508 3409 principio.

221 1959 401 2026 φύσιν
441 1956 550 2006 υἱὸν
591 1953 751 2005 αὐτοῦ
785 1969 796 1982 ⁶
830 1955 855 2002 6
903 1949 961 2003 δε
999 1957 1205 2012 Λουκᾶς
1252 1957 1338 2001 νῦν
1387 1952 1496 2001 υἱὸν
1543 1958 1628 2001 τοῦ
1683 1954 1842 2024 Νηρὶ,

222 2049 303 2106 ὡς
360 2047 497 2096 κατὰ
547 2047 722 2114 νόμον.
782 2041 1065 2110 Ἀνάγουσι
1115 2036 1173 2092 δὲ
1231 2044 1318 2090 καὶ
1372 2039 1514 2090 οὗτοι
1571 2043 1627 2090 τὸ
1679 2042 1841 2110 γένος,

225 2137 254 2186 6
309 2137 407 2206 μεν
464 2138 622 2207 Νηρὶ,
674 2131 756 2182 ἐπὶ
815 2132 992 2182 Νάθαν
1044 2135 1129 2181 τὸν
1179 2131 1290 2180 υἱον
1329 2137 1419 2180 τοῦ
1482 2124 1734 2181 Δάυίὃοὸ
1787 2125 1845 2180 δὴ

229 2224 502 2294 Ἰεχονίας
583 2219 666 2272 ἐπὶ
748 2219 1066 2292 Σολομῶντα,
1148 2221 1234 2269 τὸν
1320 2221 1429 2269 υίὸν
1503 2219 1687 2289 ὁμοίως
1753 2227 1843 2270 τοῦ

233 2308 436 2381 Δαυὶδ,
467 2314 554 2361 καὶ
583 2308 857 2382 ἀμφότεροι
883 2304 941 2360 δε
967 2309 1117 2358 πάλιν
1157 2305 1240 2358 ἐπι
1265 2311 1346 2357 νον
1379 2305 1566 2361 Δαυίὸ.

311 2407 420 2453 Τοῦ
453 2399 624 2470 Μελχὶ
674 2431 740 2440 -
793 2406 882 2450 τοῦ
929 2395 1122 2470 Ἀδάμ.
1177 2399 1302 2451 Ἀπὸ
1358 2407 1448 2450 τοῦ
1502 2403 1613 2451 νέου
1673 2396 1846 2470 Ἀδὰμ

231 2489 548 2564 ἀρξάμενος.
617 2489 801 2547 ἀνῆλθε
873 2487 1180 2559 γενεαλογῶν
1249 2489 1384 2560 ἄχρι
1459 2495 1548 2539 τοῦ
1624 2487 1845 2540 παλαιοῦ

233 2577 442 2652 Ἀδάμ..
502 2583 607 2636 Τὴν
664 2578 833 2629 αἰτίαν
903 2581 961 2629 οε
1009 2579 1313 2648 μεμάθηκας
1373 2575 1420 2627 ἐν
1471 2585 1540 2646 τῷ
1592 2582 1848 2647 προοιμίῳ

231 2679 335 2730 τῆς
402 2672 543 2741 πα.οά
600 2676 671 2737 τῷ
745 2669 997 2736 Ματθαίῳ
1067 2664 1415 2737 γενεαλογίας,
1489 2667 1608 2717 ἔνθα
1683 2672 1848 2716 κεῖται

231 2764 296 2812 τὸ
333 2775 346 2788 ’
381 2761 503 2811 Υὶοῦ
535 2753 720 2822 Δαυίδ,
754 2758 868 2808 υἱοῦ
911 2755 1145 2829 Αϐραάιυ..

313 2855 422 2899 Τοῦ
481 2853 633 2898 Θεοῦ.
690 2852 792 2896 Τοῦ
845 2840 1038 2914 Ἀδὰμ,
1097 2851 1187 2894 τοῦ
1254 2849 1308 2894 ἐκ
1364 2851 1453 2894 τοῦ
1518 2851 1669 2895 Θεοῦ.
1746 2850 1848 2895 Τοῦ

237 2933 428 3005 Ἀδὰμ
473 2938 570 3005 γαρ
628 2933 719 2984 οὐκ
771 2935 884 2984 ἔστι
929 2937 1100 3003 πατὴρ
1150 2934 1435 3004 ἄνθρωπος,
1492 2931 1594 2983 ἀλλ’
1646 2934 1669 2982 6
1720 2936 1848 2994 Θεὸς

238 3023 470 3075 ἔπλασεν
512 3023 683 3075 αὐτόν.
728 3020 864 3095 Ὀρα
902 3018 980 3088 δὲ,
1037 3023 1115 3072 ὅτι
1167 3019 1265 3073 ἀπὸ
1317 3031 1406 3082 τῆς
1459 3021 1849 3096 ἀνθρωπότητος
1881 3022 1921 3078 C

240 3119 342 3163 τοῦ
396 3114 621 3186 Χριστοῦ
677 3110 972 3184 ἀρξάμενος,
1026 3111 1092 3170 εἰς
1133 3115 1223 3169 τὴν
1281 3113 1498 3168 θεότητα
1554 3113 1712 3164 αὑτοῦ
1763 3117 1849 3165 τὸν

240 3203 404 3271 λόγον
457 3209 545 3260 τῆς
588 3201 913 3272 γενεαλογίας
957 3200 1206 3271 ἀνήγαγε,
1256 3197 1431 3263 δείξας
1495 3206 1580 3253 τὸν
1625 3208 1849 3275 Χριστὸν

243 3293 508 3365 ἠργμένον
559 3293 668 3356 μεν,
713 3292 780 3352 ὡς
830 3291 1118 3364 ἄνθρωπον,
1173 3291 1403 3362 ἄναρχον
1459 3287 1535 3357 δὲ,
1581 3294 1648 3353 ὡς
1701 3299 1848 3344 Θεον.

417 3494 561 3543 ΚΕΦ.
602 3488 672 3541 Ζ’.
713 3494 835 3561 Περὶ
866 3496 955 3542 τοῦ
986 3497 1277 3562 πειρασμοῦ
1319 3498 1408 3542 τοῦ
1441 3497 1690 3564 Σωτῆρος.

2245 3478 2402 3534 CAP.
2435 3478 2546 3534 VII.
2573 3480 2658 3535 De
2687 3479 3110 3536 tentatiom'bus
3135 3479 3292 3538 Iesu.

325 3616 533 3676 Ἰησοῦς
599 3647 653 3656 -—
717 3611 989 3672 διαϐόλου.
1047 3615 1258 3688 Πλὴρης
1329 3619 1622 3688 Πνεῦματος
1677 3616 1850 3688 ἁγίου,

2032 3621 2187 3677 CAP.
2247 3621 2337 3676 1V.
2377 3622 2524 3676 Vers
2579 3621 2630 3676 1.
2683 3621 2880 3678 Iesus.
2925 3622 3183 3680 —Vers.
3239 3622 3294 3679 2,
3339 3623 3606 3680 diabolo.

245 3710 334 3758 ἶνα
409 3708 669 3777 μάθωμεν,
748 3708 825 3756 ὅτι
896 3712 1102 3777 Πνεῦμα
1168 3705 1315 3775 οἶγιον
1364 3705 1686 3778 λαμϐάνομεν
1753 3706 1851 3758 απὸ

1971 3711 2178 3766 Plenus
2209 3711 2424 3782 Spiritu
2455 3717 2684 3775 sancto,
2717 3719 2777 3766 ut
2809 3711 3086 3778 sciamus,
3122 3711 3288 3784 quod
3331 3713 3614 3784 Spiritum

243 3803 340 3847 τοῦ
372 3796 508 3847 θείου
543 3793 926 3866 βαπτίσματος.
971 3793 1260 3864 Ἀνάγνωοι
1291 3791 1348 3846 δε
1397 3800 1484 3847 καὶ
1535 3793 1579 3846 ἐν
1629 3804 1699 3866 τῷ
1751 3800 1854 3865 τρί-

1971 3804 2240 3854 sanctum
2279 3798 2605 3871 accipimus
2657 3798 2716 3854 in
2774 3799 2974 3855 divino
3040 3799 3412 3870 baptismate.
3470 3802 3617 3871 Lege

245 3905 318 3955 τὶ)
352 3884 610 3957 κεφαλαίῳ
646 3892 732 3936 τοῦ
764 3887 898 3934 κατα
947 3885 1210 3936 Ματθαῐον
1269 3891 1360 3941 την
1415 3883 1663 3956 ἐξήγησιν
1717 3905 1807 3936 του
1837 3903 1848 3914 '

1971 3895 2165 3946 autem
2197 3890 2362 3944 tertio
2384 3888 2576 3959 capite
2604 3889 2894 3958 Evangelii
2928 3889 3254 3944 secundum
3279 3889 3618 3945 Matthaeum

243 3981 382 4028 Τοτε
439 3975 466 4026 6
517 3973 718 4034 Ἰησοῦς
777 3973 986 4044 ἀνήχθη
1050 3973 1120 4034 εἰς
1184 3979 1275 4031 τὴν
1335 3977 1523 4048 ἔρημον
1589 3977 1688 4026 ὑπὸ
1763 3985 1854 4027 τοῦ

1971 3977 2390 4050 expositionem
2412 3977 2566 4032 illius
2590 3977 2769 4032 dicti:
2798 3979 2951 4032 Tunc
2990 3978 3201 4034 ductus
3241 3986 3323 4034 est
3361 3978 3529 4034 Iesus
3553 3977 3617 4033 in

246 4068 561 4134 πνεύματος,
596 4065 944 4135 πειρασθῆναι
970 4064 1067 4114 ὑπὸ
1109 4070 1198 4114 τοῦ
1232 4059 1498 4116 διαϐολου.

1971 4069 2245 4125 desertum
2279 4083 2314 4123 a
2351 4069 2588 4136 spiritu,
2639 4074 2701 4122 ut
2736 4072 3057 4123 tentaretur
3086 4084 3122 4124 a
3157 4067 3470 4125 diabolo”.

325 4157 446 4226 Χρή
490 4149 548 4206 δε
589 4159 881 4224 γινώσιειν,
937 4153 1015 4203 ὅτι
1062 4153 1086 4208 ἡ
1145 4150 1476 4226 ἀνθρωπότης
1530 4162 1619 4205 τοῦ
1679 4161 1856 4213 Σωτῆ-

2039 4158 2194 4213 Scire
2216 4165 2415 4213 autem
2436 4163 2686 4228 oportet,
2710 4157 2873 4228 quod
2905 4157 3252 4214 humanitas
3301 4157 3624 4213 Salvatoris

251 4264 342 4318 ρος
406 4246 576 4317 ὥσπερ
638 4237 961 4294 διδάσκαλον
1015 4238 1126 4311 εἶχε
1191 4246 1248 4294 τὸ
1309 4249 1516 4314 Πνεῦμα
1581 4249 1634 4295 τὸ
1688 4245 1854 4315 οἰγιον,

1971 4255 2249 4320 tanquam
2275 4246 2624 4314 magistrum
2644 4245 2852 4302 habuit
2869 4245 3153 4318 Spiritum
3184 4253 3483 4314 sanctum,
3505 4262 3625 4302 non

255 4334 369 4405 οὐχ
410 4335 479 4393 ὡς
522 4341 616 4393 τῆς
655 4333 918 4402 ἡνωμένης
945 4331 1083 4401 αὐτῷ
1129 4333 1367 4392 θεότητος
1419 4334 1510 4384 οὐκ
1555 4333 1814 4404 ἀρκούσης
1843 4356 1854 4368 ·

1971 4337 2129 4410 quod
2157 4336 2318 4392 unita
2350 4335 2461 4390 sibi
2491 4335 2767 4391 divinitus
2797 4351 2918 4391 non
2949 4336 3267 4400 sufﬁceret,
3288 4336 3392 4391 sed
3415 4352 3626 4408 quem-

257 4423 390 4474 αλλὰ
463 4423 694 4494 καθάπερ
745 4417 961 4492 εὐδοκία
1033 4428 1123 4473 τοῦ
1181 4427 1380 4494 ΙΙατρὸς
1431 4422 1855 4496 ἐνηνθρώπησενο

1971 4399 2298 4483 admodum
2346 4424 2533 4480 Patris
2581 4424 2956 4497 beneplacito
3004 4399 3349 4482 incarnatus
3399 4399 3505 4492 est,
3550 4426 3630 4482 ita

257 4513 395 4564 οὕτω
435 4515 524 4562 καὶ
579 4515 825 4583 συνεργίᾳ
863 4518 952 4562 τοῦ
993 4510 1145 4581 ἁγίου
1206 4515 1500 4583 Πνεὺριατος
1559 4513 1856 4578 ἐτελειοῦτο,

1972 4515 2384 4588 cooperatione
2411 4513 2641 4586 Spritus
2673 4514 2860 4570 sancti
2910 4514 3090 4570 totius
3125 4514 3254 4570 vitae
3283 4514 3472 4584 ipsius
3501 4530 3631 4568 cur-

261 4603 345 4653 ἰνα
428 4605 483 4653 τὸ
545 4601 764 4672 ὁμοφυες
831 4600 997 4651 αὐτῶν
1059 4596 1250 4672 δειχθῇ
1323 4607 1413 4652 καὶ
1466 4602 1541 4673 (3)
1621 4604 1856 4676 φανερά).-

1974 4604 2226 4662 riculum
2276 4612 2582 4675 peractum
2631 4609 2744 4668 est,
2795 4609 2854 4658 ut
2878 4603 3414 4668 demonstraretur,
3466 4604 3630 4674 quod

259 4691 432 4750 ληλον.
1978 4693 2238 4768 ejusdem
2259 4694 2372 4748 sint
2401 4693 2550 4748 inter
2583 4709 2644 4747 se
2693 4699 2934 4747 naturas.

338 4786 438 4832 Καὶ
483 4779 576 4832 οὐκ
626 4810 691 4820 -
725 4786 879 4833 Θεοῦ.
934 4779 1067 4832 Ἐκεῖ
1117 4786 1285 4831 ταῦτα
1322 4782 1491 4834 πάντα
1541 4785 1672 4834 κατά
1714 4782 1856 4855 λόγον

2051 4785 2210 4840 Vers.
2246 4787 2297 4838 2.
2322 4783 2694 4854 Nihilque—
2717 4782 2885 4840 Vers.
2911 4783 2962 4837 4.
2997 4783 3124 4840 Dei.
3166 4781 3322 4839 Ibiet
3345 4782 3475 4839 hth
3507 4798 3633 4838 om-

269 4869 564 4940 ἡρμηνεύθη
576 4888 692 4926 σαν.

1979 4874 2077 4929 nia
2106 4873 2183 4930 ad
2225 4872 2475 4927 verbum
2497 4870 2800 4929 declarata
2820 4876 2984 4929 sunt.

345 4962 442 5010 Καὶ
506 4957 774 5028 ἀναγαγὼν
847 4991 916 4999 —
953 4957 1272 5033 λατρεύσεις.
1341 4964 1440 5013 Καὶ
1497 4965 1611 5034 περὶ
1673 4965 1856 5014 τούτων

2053 4963 2215 5018 Vers.
2240 4961 2376 5016 512'!
2408 4959 2689 5015 subduxit
2715 4959 2966 5016 —Vers.
3007 4961 3324 5018 8.Servies.
3357 4961 3537 5017 Etiam
3560 4961 3634 5016 de

269 5049 474 5099 πάντων
519 5045 566 5098 ἐν
594 5045 763 5119 ἐκείνῳ
806 5057 877 5119 τῷ
907 5049 1166 5122 κεφαλαίῳ
1202 5054 1503 5122 σαφέστατα
1534 5055 1735 5125 εἴρηται
1767 5054 1856 5125 (4),

1981 5051 2073 5108 his
2100 5049 2384 5107 omnibus
2407 5049 2507 5105 illo
2548 5050 2740 5121 capite
2774 5049 3256 5107 manifestissime
3285 5052 3504 5108 dictum
3523 5057 3633 5118 est,

341 5172 388 5206 ³⁰
423 5169 622 5226 Matth.
655 5185 694 5241 1,
732 5175 778 5226 t.
812 5171 860 5207 ³ο
889 5171 1088 5228 Matth.
1125 5174 1201 5238 iv,
1235 5173 1288 5227 1.

1516 5309 1738 5379 Varia
1767 5310 2090 5380 lectiones
2122 5317 2188 5378 et
2226 5318 2424 5377 notae.

361 5481 422 5550 2)
449 5480 836 5554 ’stwviounA.
984 5551 1009 5554 _
1098 5553 1129 5554 η
1235 5549 1245 5554 _
1983 5480 2046 5536 id
2101 5484 2209 5554 est,
2268 5479 2516 5554 ἐπαρκὴς,
2579 5479 2846 5554 αὐτάρκης
2888 5477 3028 5533 ἐστὶν
3080 5479 3209 5540 αὐτὴ
3264 5479 3475 5546 ἑαυτῆς.
3525 5487 3641 5540 Aut.

318 5549 564 5630 (3)-Καῖ
594 5553 925 5630 «papam-ﬂos.
977 5551 1042 5608 Β.
1076 5549 1250 5630 ξω*ςὶ
1295 5554 1489 5624 potest
1521 5555 1655 5608 utru
1670 5568 1847 5630 mque

1984 5555 2014 5611 ἠ
2098 5551 2225 5624 ἁγία
2298 5549 2458 5628 Τρίἀις
2535 5552 2667 5611 αὖτή
2714 5549 2932 5611 -ἐαυτήν
3008 5561 3216 5626 φανεροί
3274 5563 3382 5618 τοῖς
3441 5555 3638 5630 ἀνθρὼ-

269 5622 716 5705 Ηςὶσςοΐωεὶιὶξτ
755 5641 802 5705 ξ..
841 5629 1025 5705 φέρειν,
1074 5622 1219 5705 illud
1261 5622 1314 5705 ti
1351 5632 1615 5705 φανεροῦν.
1669 5622 1876 5705 ῌθῇίθ-
1983 5643 2124 5705 ποις.

269 5696 404 5770 nius
418 5694 534 5751 hoc
558 5695 826 5770 exclusit.
847 5693 911 5752 'Si
929 5696 1043 5750 hoc
1058 5693 1368 5770 probetur,
1400 5693 1564 5769 φέρειν
1582 5695 1856 5770 δοοίρίθηι

2057 5697 2136 5770 (4)
2164 5696 2338 5766 Loco,
2371 5699 2492 5752 ἔνθα
2532 5704 2700 5751 κεῖται
2736 5700 2817 5769 τὸ,
2852 5695 3034 5754 habet
3063 5699 3129 5762 Α,
3171 5695 3219 5750 ἐν
3249 5704 3320 5770 τῷ
3349 5696 3531 5770 λέγειν.

272 5765 414 5823 dum
444 5773 550 5839 est,
598 5772 662 5824 ut
690 5767 866 5824 Hebr.
897 5783 934 5838 ι,
965 5773 1029 5823 3;
1058 5767 1114 5818 ἸΙ
1149 5765 1270 5837 ἁγία
1291 5765 1622 5842 Τριαςφὲρει
1660 5767 1872 5838 ἑαυτήν,
