  <div class='ocr_page' id='page_1' title='image "/cluster/home/n/w/nwhite01/storage/ocr_20150623/129/mdp.39015061528470/471.png"; bbox 0 0 4170 6364; ppageno 0'>
   <div class='ocr_carea' id='block_1_1' title="bbox 592 320 695 377">
    <p class='ocr_par' dir='ltr' id='par_1_1' title="bbox 592 320 695 377">
     <span class='ocr_line' id='line_1_1' title="bbox 592 320 695 377; baseline 0.01 -1"><span class='ocrx_word' id='word_1_1' title='bbox 592 320 695 377; x_wconf 83' lang='grc'><strong>911</strong></span> 
     </span>
    </p>
   </div>
   <div class='ocr_carea' id='block_1_2' title="bbox 1937 309 2642 393">
    <p class='ocr_par' dir='ltr' id='par_1_2' title="bbox 1937 309 2642 393">
     <span class='ocr_line' id='line_1_2' title="bbox 1937 309 2642 393; baseline 0 -22"><span class='ocrx_word' id='word_1_2' title='bbox 1937 310 2277 393; x_wconf 74' lang='lat' dir='ltr'><strong>EUTHYMII</strong></span> <span class='ocrx_word' id='word_1_3' title='bbox 2316 309 2642 371; x_wconf 81' lang='lat' dir='ltr'><strong>ZIGABENI</strong></span> 
     </span>
    </p>
   </div>
   <div class='ocr_carea' id='block_1_3' title="bbox 3909 314 4045 372">
    <p class='ocr_par' dir='ltr' id='par_1_3' title="bbox 3909 314 4045 372">
     <span class='ocr_line' id='line_1_3' title="bbox 3909 314 4045 372; baseline -0.015 1"><span class='ocrx_word' id='word_1_4' title='bbox 3909 314 4045 372; x_wconf 72' lang='grc'><strong>912</strong></span> 
     </span>
    </p>
   </div>
   <div class='ocr_carea' id='block_1_4' title="bbox 593 416 2230 519">
    <p class='ocr_par' dir='ltr' id='par_1_4' title="bbox 593 416 2230 516">
     <span class='ocr_line' id='line_1_4' title="bbox 593 416 2230 516; baseline -0.004 -14"><span class='ocrx_word' id='word_1_5' title='bbox 593 444 697 502; x_wconf 89' lang='lat' dir='ltr'><strong>ubi</strong></span> <span class='ocrx_word' id='word_1_6' title='bbox 725 445 1019 502; x_wconf 87' lang='lat' dir='ltr'><strong>habetur:</strong></span> <span class='ocrx_word' id='word_1_7' title='bbox 1050 446 1271 503; x_wconf 86' lang='lat' dir='ltr'><strong>Iterum</strong></span> <span class='ocrx_word' id='word_1_8' title='bbox 1314 430 1637 516; x_wconf 70' lang='lat' dir='ltr'><strong>assumpsit</strong></span> <span class='ocrx_word' id='word_1_9' title='bbox 1686 459 1816 502; x_wconf 86' lang='lat' dir='ltr'><strong>eum</strong></span> <span class='ocrx_word' id='word_1_10' title='bbox 1869 442 2126 499; x_wconf 81' lang='lat' dir='ltr'><strong>diabolus</strong></span> <span class='ocrx_word' id='word_1_11' title='bbox 2179 416 2230 496; x_wconf 61' lang='lat' dir='ltr'><strong>ir.</strong></span> 
     </span>
    </p>
   </div>
   <div class='ocr_carea' id='block_1_5' title="bbox 2356 416 4047 519">
    <p class='ocr_par' dir='ltr' id='par_1_5' title="bbox 2356 436 4047 519">
     <span class='ocr_line' id='line_1_5' title="bbox 2356 436 4047 519; baseline -0.001 -26"><span class='ocrx_word' id='word_1_12' title='bbox 2356 442 2473 493; x_wconf 79' lang='grc' dir='ltr'>ἔνθα</span> <span class='ocrx_word' id='word_1_13' title='bbox 2513 450 2681 495; x_wconf 87' lang='grc' dir='ltr'>κεῖται</span> <span class='ocrx_word' id='word_1_14' title='bbox 2719 446 2795 494; x_wconf 69' lang='lat' dir='ltr'><strong>ro&quot;</strong></span> <span class='ocrx_word' id='word_1_15' title='bbox 2833 441 2990 495; x_wconf 76' lang='grc' dir='ltr'>Πάλιν</span> <span class='ocrx_word' id='word_1_16' title='bbox 3022 441 3418 519; x_wconf 79' lang='grc' dir='ltr'>παραλαμϐάνει</span> <span class='ocrx_word' id='word_1_17' title='bbox 3456 441 3612 494; x_wconf 67' lang='grc' dir='ltr'>αὑτὸν</span> <span class='ocrx_word' id='word_1_18' title='bbox 3660 442 3687 492; x_wconf 85' lang='grc' dir='ltr'><strong><em>ὁ</em></strong></span> <span class='ocrx_word' id='word_1_19' title='bbox 3727 436 4047 502; x_wconf 70' lang='grc' dir='ltr'>διάϐολος</span> 
     </span>
    </p>
   </div>
   <div class='ocr_carea' id='block_1_6' title="bbox 591 535 1487 593">
    <p class='ocr_par' dir='ltr' id='par_1_6' title="bbox 591 535 1487 593">
     <span class='ocr_line' id='line_1_6' title="bbox 591 535 1487 593; baseline -0.002 -2"><span class='ocrx_word' id='word_1_20' title='bbox 591 541 845 593; x_wconf 81' lang='lat' dir='ltr'><strong>montem</strong></span> <span class='ocrx_word' id='word_1_21' title='bbox 886 536 1181 593; x_wconf 75' lang='lat' dir='ltr'><strong>excelsum</strong></span> <span class='ocrx_word' id='word_1_22' title='bbox 1211 535 1387 592; x_wconf 85' lang='lat' dir='ltr'><strong>valde</strong></span> <span class='ocrx_word' id='word_1_23' title='bbox 1417 536 1487 589; x_wconf 68' lang='grc' dir='ltr'>εί.</span> 
     </span>
    </p>
   </div>
   <div class='ocr_carea' id='block_1_7' title="bbox 661 622 2240 695">
    <p class='ocr_par' dir='ltr' id='par_1_7' title="bbox 661 622 2240 695">
     <span class='ocr_line' id='line_1_7' title="bbox 661 622 2240 695; baseline -0.003 -17"><span class='ocrx_word' id='word_1_24' title='bbox 661 624 834 683; x_wconf 88' lang='lat' dir='ltr'><strong>Vers.</strong></span> <span class='ocrx_word' id='word_1_25' title='bbox 889 625 943 679; x_wconf 90' lang='lat'><strong>9.</strong></span> <span class='ocrx_word' id='word_1_26' title='bbox 998 624 1292 695; x_wconf 74' lang='lat' dir='ltr'><strong>Duxitque</strong></span> <span class='ocrx_word' id='word_1_27' title='bbox 1321 654 1390 665; x_wconf 90' lang='lat'><strong><em>—</em></strong></span> <span class='ocrx_word' id='word_1_28' title='bbox 1441 624 1605 679; x_wconf 85' lang='lat' dir='ltr'><strong>Vers.</strong></span> <span class='ocrx_word' id='word_1_29' title='bbox 1662 622 1748 678; x_wconf 75' lang='grc'><strong>12.</strong></span> <span class='ocrx_word' id='word_1_30' title='bbox 1804 624 1985 680; x_wconf 84' lang='lat' dir='ltr'><strong>Deum</strong></span> <span class='ocrx_word' id='word_1_31' title='bbox 2064 626 2240 675; x_wconf 86' lang='lat' dir='ltr'><strong>tuum.</strong></span> 
     </span>
    </p>
   </div>
   <div class='ocr_carea' id='block_1_8' title="bbox 589 708 2243 785">
    <p class='ocr_par' dir='ltr' id='par_1_8' title="bbox 589 708 2243 785">
     <span class='ocr_line' id='line_1_8' title="bbox 589 708 2243 785; baseline -0.004 -18"><span class='ocrx_word' id='word_1_32' title='bbox 589 712 865 769; x_wconf 81' lang='lat' dir='ltr'><strong>Similiter</strong></span> <span class='ocrx_word' id='word_1_33' title='bbox 892 719 947 769; x_wconf 88' lang='lat' dir='ltr'><strong>et</strong></span> <span class='ocrx_word' id='word_1_34' title='bbox 975 712 1099 768; x_wconf 57' lang='lat' dir='ltr'><strong>haec</strong></span> <span class='ocrx_word' id='word_1_35' title='bbox 1130 712 1230 768; x_wconf 91' lang='lat' dir='ltr'><strong>illo</strong></span> <span class='ocrx_word' id='word_1_36' title='bbox 1264 712 1457 785; x_wconf 87' lang='lat' dir='ltr'><strong>capite</strong></span> <span class='ocrx_word' id='word_1_37' title='bbox 1483 711 1900 768; x_wconf 84' lang='lat' dir='ltr'><strong>convenienter</strong></span> <span class='ocrx_word' id='word_1_38' title='bbox 1930 708 2243 781; x_wconf 75' lang='lat' dir='ltr'><strong>explanata</strong></span> 
     </span>
    </p>
   </div>
   <div class='ocr_carea' id='block_1_9' title="bbox 589 796 2243 870">
    <p class='ocr_par' dir='ltr' id='par_1_9' title="bbox 589 796 2243 870">
     <span class='ocr_line' id='line_1_9' title="bbox 589 796 2243 870; baseline -0.005 -13"><span class='ocrx_word' id='word_1_39' title='bbox 589 805 747 870; x_wconf 86' lang='lat' dir='ltr'><strong>sunt,</strong></span> <span class='ocrx_word' id='word_1_40' title='bbox 793 800 895 857; x_wconf 89' lang='lat' dir='ltr'><strong>ubi</strong></span> <span class='ocrx_word' id='word_1_41' title='bbox 952 801 1208 858; x_wconf 89' lang='lat' dir='ltr'><strong>dicitur:</strong></span> <span class='ocrx_word' id='word_1_42' title='bbox 1246 804 1411 858; x_wconf 78' lang='lat' dir='ltr'><strong>Tunc</strong></span> <span class='ocrx_word' id='word_1_43' title='bbox 1438 801 1672 858; x_wconf 86' lang='lat' dir='ltr'><strong>assumit</strong></span> <span class='ocrx_word' id='word_1_44' title='bbox 1717 816 1847 857; x_wconf 89' lang='lat' dir='ltr'><strong>eum</strong></span> <span class='ocrx_word' id='word_1_45' title='bbox 1886 798 2148 855; x_wconf 82' lang='lat' dir='ltr'><strong>diabolus</strong></span> <span class='ocrx_word' id='word_1_46' title='bbox 2183 796 2243 851; x_wconf 85' lang='lat' dir='ltr'><strong>in</strong></span> 
     </span>
    </p>
   </div>
   <div class='ocr_carea' id='block_1_10' title="bbox 567 890 1243 948">
    <p class='ocr_par' dir='ltr' id='par_1_10' title="bbox 567 890 1243 948">
     <span class='ocr_line' id='line_1_10' title="bbox 567 890 1243 948; baseline 0 0"><span class='ocrx_word' id='word_1_47' title='bbox 567 896 844 948; x_wconf 73' lang='lat' dir='ltr'><strong>sanctam</strong></span> <span class='ocrx_word' id='word_1_48' title='bbox 864 890 1155 948; x_wconf 82' lang='lat' dir='ltr'><strong>civitatem</strong></span> <span class='ocrx_word' id='word_1_49' title='bbox 1175 892 1243 948; x_wconf 79' lang='grc'><strong>³³.</strong></span> 
     </span>
    </p>
   </div>
   <div class='ocr_carea' id='block_1_11' title="bbox 658 977 2240 1053">
    <p class='ocr_par' dir='ltr' id='par_1_11' title="bbox 658 977 2240 1053">
     <span class='ocr_line' id='line_1_11' title="bbox 658 977 2240 1053; baseline -0.004 -17"><span class='ocrx_word' id='word_1_50' title='bbox 658 979 823 1037; x_wconf 86' lang='lat' dir='ltr'><strong>Vers.</strong></span> <span class='ocrx_word' id='word_1_51' title='bbox 853 981 947 1038; x_wconf 82' lang='grc'><strong>13.</strong></span> <span class='ocrx_word' id='word_1_52' title='bbox 982 980 1250 1053; x_wconf 85' lang='lat' dir='ltr'><strong>Cumque</strong></span> <span class='ocrx_word' id='word_1_53' title='bbox 1274 981 1617 1053; x_wconf 77' lang='lat' dir='ltr'><strong>explevisset</strong></span> <span class='ocrx_word' id='word_1_54' title='bbox 1645 1012 1711 1021; x_wconf 96' lang='lat'><strong>—</strong></span> <span class='ocrx_word' id='word_1_55' title='bbox 1738 986 1984 1048; x_wconf 80' lang='lat' dir='ltr'><strong>tempus.</strong></span> <span class='ocrx_word' id='word_1_56' title='bbox 2011 977 2240 1032; x_wconf 81' lang='lat' dir='ltr'><strong>Dictum</strong></span> 
     </span>
    </p>
   </div>
   <div class='ocr_carea' id='block_1_12' title="bbox 585 1066 2242 1137">
    <p class='ocr_par' dir='ltr' id='par_1_12' title="bbox 585 1066 2242 1137">
     <span class='ocr_line' id='line_1_12' title="bbox 585 1066 2242 1137; baseline -0.004 -11"><span class='ocrx_word' id='word_1_57' title='bbox 585 1073 675 1126; x_wconf 87' lang='lat' dir='ltr'><strong>est</strong></span> <span class='ocrx_word' id='word_1_58' title='bbox 706 1073 763 1125; x_wconf 92' lang='lat' dir='ltr'><strong>et</strong></span> <span class='ocrx_word' id='word_1_59' title='bbox 807 1070 883 1126; x_wconf 90' lang='lat' dir='ltr'><strong>de</strong></span> <span class='ocrx_word' id='word_1_60' title='bbox 924 1070 1039 1126; x_wconf 93' lang='lat' dir='ltr'><strong>hoc</strong></span> <span class='ocrx_word' id='word_1_61' title='bbox 1096 1069 1341 1137; x_wconf 87' lang='lat' dir='ltr'><strong>ibidem,</strong></span> <span class='ocrx_word' id='word_1_62' title='bbox 1376 1069 1478 1125; x_wconf 90' lang='lat' dir='ltr'><strong>ubi</strong></span> <span class='ocrx_word' id='word_1_63' title='bbox 1504 1070 1759 1127; x_wconf 89' lang='lat' dir='ltr'><strong>habetur</strong></span> <span class='ocrx_word' id='word_1_64' title='bbox 1793 1085 1806 1124; x_wconf 91' lang='lat'>:</span> <span class='ocrx_word' id='word_1_65' title='bbox 1840 1069 1989 1123; x_wconf 88' lang='lat' dir='ltr'><strong>Tunc</strong></span> <span class='ocrx_word' id='word_1_66' title='bbox 2017 1066 2242 1121; x_wconf 79' lang='lat' dir='ltr'><strong>dimisit</strong></span> 
     </span>
    </p>
   </div>
   <div class='ocr_carea' id='block_1_13' title="bbox 584 1158 1144 1216">
    <p class='ocr_par' dir='ltr' id='par_1_13' title="bbox 584 1158 1144 1216">
     <span class='ocr_line' id='line_1_13' title="bbox 584 1158 1144 1216; baseline -0.002 0"><span class='ocrx_word' id='word_1_67' title='bbox 584 1173 717 1216; x_wconf 85' lang='lat' dir='ltr'><strong>eum</strong></span> <span class='ocrx_word' id='word_1_68' title='bbox 755 1158 1034 1215; x_wconf 78' lang='lat' dir='ltr'><strong>diabolus</strong></span> <span class='ocrx_word' id='word_1_69' title='bbox 1073 1159 1144 1215; x_wconf 85' lang='grc'><strong>³³.</strong></span> 
     </span>
    </p>
   </div>
   <div class='ocr_carea' id='block_1_14' title="bbox 655 1242 2243 1305">
    <p class='ocr_par' dir='ltr' id='par_1_14' title="bbox 655 1242 2243 1305">
     <span class='ocr_line' id='line_1_14' title="bbox 655 1242 2243 1305; baseline -0.004 -2"><span class='ocrx_word' id='word_1_70' title='bbox 655 1247 818 1303; x_wconf 89' lang='lat' dir='ltr'><strong>Vers.</strong></span> <span class='ocrx_word' id='word_1_71' title='bbox 857 1249 950 1303; x_wconf 79' lang='grc'><strong>14.</strong></span> <span class='ocrx_word' id='word_1_72' title='bbox 987 1248 1066 1303; x_wconf 90' lang='lat' dir='ltr'><strong>Et</strong></span> <span class='ocrx_word' id='word_1_73' title='bbox 1094 1263 1364 1305; x_wconf 79' lang='lat' dir='ltr'><strong>reversus</strong></span> <span class='ocrx_word' id='word_1_74' title='bbox 1394 1248 1901 1304; x_wconf 63' lang='lat' dir='ltr'><strong>est—Galilaeam.</strong></span> <span class='ocrx_word' id='word_1_75' title='bbox 1940 1246 2006 1300; x_wconf 90' lang='lat' dir='ltr'><strong>In</strong></span> <span class='ocrx_word' id='word_1_76' title='bbox 2029 1242 2243 1299; x_wconf 88' lang='lat' dir='ltr'><strong>virtute</strong></span> 
     </span>
    </p>
   </div>
   <div class='ocr_carea' id='block_1_15' title="bbox 584 1334 2244 1406">
    <p class='ocr_par' dir='ltr' id='par_1_15' title="bbox 584 1334 2244 1406">
     <span class='ocr_line' id='line_1_15' title="bbox 584 1334 2244 1406; baseline -0.002 -14"><span class='ocrx_word' id='word_1_77' title='bbox 584 1336 768 1392; x_wconf 64' lang='lat' dir='ltr'><strong>unita;</strong></span> <span class='ocrx_word' id='word_1_78' title='bbox 797 1336 881 1393; x_wconf 86' lang='lat' dir='ltr'><strong>ibi</strong></span> <span class='ocrx_word' id='word_1_79' title='bbox 911 1335 1255 1404; x_wconf 89' lang='lat' dir='ltr'><strong>divinitatis,</strong></span> <span class='ocrx_word' id='word_1_80' title='bbox 1290 1336 1384 1394; x_wconf 88' lang='lat' dir='ltr'><strong>vel</strong></span> <span class='ocrx_word' id='word_1_81' title='bbox 1415 1337 1594 1394; x_wconf 90' lang='lat' dir='ltr'><strong>etiam</strong></span> <span class='ocrx_word' id='word_1_82' title='bbox 1631 1336 1814 1392; x_wconf 79' lang='lat' dir='ltr'><strong>sancti</strong></span> <span class='ocrx_word' id='word_1_83' title='bbox 1847 1334 2097 1406; x_wconf 74' lang='lat' dir='ltr'><strong>Spiritus</strong></span> <span class='ocrx_word' id='word_1_84' title='bbox 2133 1349 2144 1386; x_wconf 94' lang='lat'>:</span> <span class='ocrx_word' id='word_1_85' title='bbox 2180 1337 2244 1389; x_wconf 90' lang='lat' dir='ltr'><strong>ut</strong></span> 
     </span>
    </p>
   </div>
   <div class='ocr_carea' id='block_1_16' title="bbox 583 1422 2241 1499">
    <p class='ocr_par' dir='ltr' id='par_1_16' title="bbox 583 1422 2241 1499">
     <span class='ocr_line' id='line_1_16' title="bbox 583 1422 2241 1499; baseline -0.004 -19"><span class='ocrx_word' id='word_1_86' title='bbox 583 1424 913 1491; x_wconf 83' lang='lat' dir='ltr'><strong>discamus,</strong></span> <span class='ocrx_word' id='word_1_87' title='bbox 962 1425 1129 1499; x_wconf 90' lang='lat' dir='ltr'><strong>quod</strong></span> <span class='ocrx_word' id='word_1_88' title='bbox 1187 1426 1290 1498; x_wconf 88' lang='lat' dir='ltr'><strong>qui</strong></span> <span class='ocrx_word' id='word_1_89' title='bbox 1328 1425 1640 1483; x_wconf 90' lang='lat' dir='ltr'><strong>diabolum</strong></span> <span class='ocrx_word' id='word_1_90' title='bbox 1684 1424 1907 1491; x_wconf 88' lang='lat' dir='ltr'><strong>vicerit,</strong></span> <span class='ocrx_word' id='word_1_91' title='bbox 1960 1422 2241 1494; x_wconf 88' lang='lat' dir='ltr'><strong>deinceps</strong></span> 
     </span>
    </p>
   </div>
   <div class='ocr_carea' id='block_1_17' title="bbox 583 1512 2130 1587">
    <p class='ocr_par' dir='ltr' id='par_1_17' title="bbox 583 1512 2130 1587">
     <span class='ocr_line' id='line_1_17' title="bbox 583 1512 2130 1587; baseline -0.003 -17"><span class='ocrx_word' id='word_1_92' title='bbox 583 1512 972 1571; x_wconf 89' lang='lat' dir='ltr'><strong>conﬁrmatur</strong></span> <span class='ocrx_word' id='word_1_93' title='bbox 1011 1514 1205 1572; x_wconf 90' lang='lat' dir='ltr'><strong>divino</strong></span> <span class='ocrx_word' id='word_1_94' title='bbox 1241 1516 1452 1587; x_wconf 88' lang='lat' dir='ltr'><strong>Spiritu</strong></span> <span class='ocrx_word' id='word_1_95' title='bbox 1484 1515 1564 1571; x_wconf 90' lang='lat' dir='ltr'><strong>ad</strong></span> <span class='ocrx_word' id='word_1_96' title='bbox 1610 1513 1887 1572; x_wconf 82' lang='lat' dir='ltr'><strong>facienda</strong></span> <span class='ocrx_word' id='word_1_97' title='bbox 1936 1512 2130 1585; x_wconf 84' lang='lat' dir='ltr'><strong>signa.</strong></span> 
     </span>
    </p>
   </div>
   <div class='ocr_carea' id='block_1_18' title="bbox 2356 531 2943 604">
    <p class='ocr_par' dir='ltr' id='par_1_18' title="bbox 2356 531 2943 604">
     <span class='ocr_line' id='line_1_18' title="bbox 2356 531 2943 604; baseline 0.005 -23"><span class='ocrx_word' id='word_1_98' title='bbox 2356 531 2423 591; x_wconf 87' lang='grc' dir='ltr'><strong>εἰς</strong></span> <span class='ocrx_word' id='word_1_99' title='bbox 2444 535 2561 604; x_wconf 80' lang='grc' dir='ltr'>ὄρος</span> <span class='ocrx_word' id='word_1_100' title='bbox 2585 531 2783 602; x_wconf 70' lang='grc' dir='ltr'>ὑψηλὸν</span> <span class='ocrx_word' id='word_1_101' title='bbox 2809 531 2943 584; x_wconf 89' lang='grc' dir='ltr'>λίαν.</span> 
     </span>
    </p>
   </div>
   <div class='ocr_carea' id='block_1_19' title="bbox 2429 617 4037 693">
    <p class='ocr_par' dir='ltr' id='par_1_19' title="bbox 2429 617 4037 693">
     <span class='ocr_line' id='line_1_19' title="bbox 2429 617 4037 693; baseline -0.001 -22"><span class='ocrx_word' id='word_1_102' title='bbox 2429 625 2527 672; x_wconf 79' lang='grc' dir='ltr'><strong>Καὶ</strong></span> <span class='ocrx_word' id='word_1_103' title='bbox 2558 624 2747 691; x_wconf 78' lang='grc' dir='ltr'>ἢγαγεν</span> <span class='ocrx_word' id='word_1_104' title='bbox 2789 653 2856 661; x_wconf 84' lang='grc'><strong>-</strong></span> <span class='ocrx_word' id='word_1_105' title='bbox 2886 624 3013 674; x_wconf 84' lang='grc' dir='ltr'><strong>Θεὸν</strong></span> <span class='ocrx_word' id='word_1_106' title='bbox 3047 640 3161 674; x_wconf 88' lang='grc' dir='ltr'>σου.</span> <span class='ocrx_word' id='word_1_107' title='bbox 3198 620 3418 693; x_wconf 73' lang='grc' dir='ltr'>Ὀμοίως</span> <span class='ocrx_word' id='word_1_108' title='bbox 3448 625 3536 672; x_wconf 82' lang='grc' dir='ltr'>καὶ</span> <span class='ocrx_word' id='word_1_109' title='bbox 3579 626 3764 673; x_wconf 83' lang='grc' dir='ltr'>ταῦτα</span> <span class='ocrx_word' id='word_1_110' title='bbox 3819 617 3886 670; x_wconf 71' lang='grc' dir='ltr'>ἐν</span> <span class='ocrx_word' id='word_1_111' title='bbox 3956 627 4037 688; x_wconf 66' lang='grc' dir='ltr'>τῷ</span> 
     </span>
    </p>
   </div>
   <div class='ocr_carea' id='block_1_20' title="bbox 2353 708 4034 782">
    <p class='ocr_par' dir='ltr' id='par_1_20' title="bbox 2353 708 4034 782">
     <span class='ocr_line' id='line_1_20' title="bbox 2353 708 4034 782; baseline 0.001 -25"><span class='ocrx_word' id='word_1_112' title='bbox 2353 710 2570 778; x_wconf 75' lang='grc' dir='ltr'><strong>τοιούτῳ</strong></span> <span class='ocrx_word' id='word_1_113' title='bbox 2618 709 2875 781; x_wconf 66' lang='grc' dir='ltr'>κεφαλαίῳ</span> <span class='ocrx_word' id='word_1_114' title='bbox 2923 714 3289 782; x_wconf 78' lang='grc' dir='ltr'><strong>προσηκόντως</strong></span> <span class='ocrx_word' id='word_1_115' title='bbox 3333 708 3805 780; x_wconf 76' lang='grc' dir='ltr'>ἓσαφηνίσθησαν,</span> <span class='ocrx_word' id='word_1_116' title='bbox 3870 709 4034 760; x_wconf 75' lang='grc' dir='ltr'>ὅπου</span> 
     </span>
    </p>
   </div>
   <div class='ocr_carea' id='block_1_21' title="bbox 2354 795 4029 873">
    <p class='ocr_par' dir='ltr' id='par_1_21' title="bbox 2354 795 4029 873">
     <span class='ocr_line' id='line_1_21' title="bbox 2354 795 4029 873; baseline 0 -26"><span class='ocrx_word' id='word_1_117' title='bbox 2354 801 2430 847; x_wconf 78' lang='grc' dir='ltr'><strong>τό⁸</strong></span> <span class='ocrx_word' id='word_1_118' title='bbox 2459 803 2587 849; x_wconf 83' lang='grc' dir='ltr'>Τότε</span> <span class='ocrx_word' id='word_1_119' title='bbox 2617 797 3007 873; x_wconf 75' lang='grc' dir='ltr'>παραλαμϐάνει</span> <span class='ocrx_word' id='word_1_120' title='bbox 3034 799 3189 850; x_wconf 75' lang='grc' dir='ltr'>αὐτόν</span> <span class='ocrx_word' id='word_1_121' title='bbox 3221 800 3246 850; x_wconf 88' lang='grc' dir='ltr'><strong>ό</strong></span> <span class='ocrx_word' id='word_1_122' title='bbox 3291 795 3534 859; x_wconf 79' lang='grc' dir='ltr'>διάϐολος</span> <span class='ocrx_word' id='word_1_123' title='bbox 3563 803 3636 860; x_wconf 85' lang='grc' dir='ltr'>εὶς</span> <span class='ocrx_word' id='word_1_124' title='bbox 3681 802 3796 855; x_wconf 75' lang='grc' dir='ltr'>τὴν</span> <span class='ocrx_word' id='word_1_125' title='bbox 3830 795 4029 867; x_wconf 69' lang='grc' dir='ltr'>ἁγίαν</span> 
     </span>
    </p>
   </div>
   <div class='ocr_carea' id='block_1_22' title="bbox 2351 885 2517 941">
    <p class='ocr_par' dir='ltr' id='par_1_22' title="bbox 2351 885 2517 941">
     <span class='ocr_line' id='line_1_22' title="bbox 2351 885 2517 941; baseline 0 -4"><span class='ocrx_word' id='word_1_126' title='bbox 2351 885 2517 941; x_wconf 88' lang='grc' dir='ltr'>πόλιν.</span> 
     </span>
    </p>
   </div>
   <div class='ocr_carea' id='block_1_23' title="bbox 2428 975 4019 1052">
    <p class='ocr_par' dir='ltr' id='par_1_23' title="bbox 2428 975 4019 1052">
     <span class='ocr_line' id='line_1_23' title="bbox 2428 975 4019 1052; baseline -0.001 -24"><span class='ocrx_word' id='word_1_127' title='bbox 2428 979 2526 1028; x_wconf 78' lang='grc' dir='ltr'><strong>Καὶ</strong></span> <span class='ocrx_word' id='word_1_128' title='bbox 2560 976 2861 1038; x_wconf 72' lang='grc' dir='ltr'><strong>συντελέσας</strong></span> <span class='ocrx_word' id='word_1_129' title='bbox 2901 1008 2967 1018; x_wconf 89' lang='grc'><strong>-</strong></span> <span class='ocrx_word' id='word_1_130' title='bbox 2997 984 3209 1051; x_wconf 84' lang='grc' dir='ltr'>καιροῦ.</span> <span class='ocrx_word' id='word_1_131' title='bbox 3248 975 3473 1052; x_wconf 70' lang='grc' dir='ltr'>Ἐρρήθη</span> <span class='ocrx_word' id='word_1_132' title='bbox 3506 979 3746 1050; x_wconf 81' lang='grc' dir='ltr'>καὶπερὶ</span> <span class='ocrx_word' id='word_1_133' title='bbox 3786 978 4019 1027; x_wconf 71' lang='grc' dir='ltr'>τούτου</span> 
     </span>
    </p>
   </div>
   <div class='ocr_carea' id='block_1_24' title="bbox 2353 1062 4018 1138">
    <p class='ocr_par' dir='ltr' id='par_1_24' title="bbox 2353 1062 4018 1138">
     <span class='ocr_line' id='line_1_24' title="bbox 2353 1062 4018 1138; baseline 0.001 -22"><span class='ocrx_word' id='word_1_134' title='bbox 2353 1062 2400 1116; x_wconf 77' lang='grc' dir='ltr'>ἐν</span> <span class='ocrx_word' id='word_1_135' title='bbox 2445 1064 2602 1136; x_wconf 70' lang='grc' dir='ltr'>αὐτῷ.</span> <span class='ocrx_word' id='word_1_136' title='bbox 2656 1070 2755 1119; x_wconf 80' lang='grc' dir='ltr'><strong>Καὶ</strong></span> <span class='ocrx_word' id='word_1_137' title='bbox 2816 1067 3046 1127; x_wconf 78' lang='grc' dir='ltr'><strong>ζήτησον</strong></span> <span class='ocrx_word' id='word_1_138' title='bbox 3107 1072 3184 1119; x_wconf 88' lang='grc' dir='ltr'>τό·</span> <span class='ocrx_word' id='word_1_139' title='bbox 3243 1070 3370 1120; x_wconf 85' lang='grc' dir='ltr'>Τότε</span> <span class='ocrx_word' id='word_1_140' title='bbox 3426 1065 3642 1138; x_wconf 77' lang='grc' dir='ltr'><strong>ἀφίησιν</strong></span> <span class='ocrx_word' id='word_1_141' title='bbox 3708 1065 3910 1118; x_wconf 76' lang='grc' dir='ltr'>αὐτὸν</span> <span class='ocrx_word' id='word_1_142' title='bbox 3990 1067 4018 1117; x_wconf 73' lang='grc' dir='ltr'>ὁ</span> 
     </span>
    </p>
   </div>
   <div class='ocr_carea' id='block_1_25' title="bbox 2355 1150 2616 1216">
    <p class='ocr_par' dir='ltr' id='par_1_25' title="bbox 2355 1150 2616 1216">
     <span class='ocr_line' id='line_1_25' title="bbox 2355 1150 2616 1216; baseline 0.011 -11"><span class='ocrx_word' id='word_1_143' title='bbox 2355 1150 2616 1216; x_wconf 78' lang='grc' dir='ltr'>διάϐολος.</span> 
     </span>
    </p>
   </div>
   <div class='ocr_carea' id='block_1_26' title="bbox 2426 1240 4010 1319">
    <p class='ocr_par' dir='ltr' id='par_1_26' title="bbox 2426 1240 4010 1319">
     <span class='ocr_line' id='line_1_26' title="bbox 2426 1240 4010 1319; baseline 0 -24"><span class='ocrx_word' id='word_1_144' title='bbox 2426 1248 2525 1296; x_wconf 76' lang='grc' dir='ltr'><strong>Καὶ</strong></span> <span class='ocrx_word' id='word_1_145' title='bbox 2578 1244 2893 1319; x_wconf 76' lang='grc' dir='ltr'><strong>ὑπέστρεψεν</strong></span> <span class='ocrx_word' id='word_1_146' title='bbox 2957 1277 3023 1286; x_wconf 91' lang='lat'><strong><em>——</em></strong></span> <span class='ocrx_word' id='word_1_147' title='bbox 3091 1244 3385 1300; x_wconf 84' lang='grc' dir='ltr'>Γαλιλαίαν.</span> <span class='ocrx_word' id='word_1_148' title='bbox 3454 1244 3535 1298; x_wconf 85' lang='grc' dir='ltr'>Ἐν</span> <span class='ocrx_word' id='word_1_149' title='bbox 3598 1252 3664 1317; x_wconf 75' lang='grc' dir='ltr'>τῇ</span> <span class='ocrx_word' id='word_1_150' title='bbox 3742 1240 4010 1316; x_wconf 70' lang='grc' dir='ltr'>δυνάμει</span> 
     </span>
    </p>
   </div>
   <div class='ocr_carea' id='block_1_27' title="bbox 2351 1332 4006 1407">
    <p class='ocr_par' dir='ltr' id='par_1_27' title="bbox 2351 1332 4006 1407">
     <span class='ocr_line' id='line_1_27' title="bbox 2351 1332 4006 1407; baseline -0.001 -22"><span class='ocrx_word' id='word_1_151' title='bbox 2351 1342 2446 1394; x_wconf 84' lang='grc' dir='ltr'>τῆς</span> <span class='ocrx_word' id='word_1_152' title='bbox 2512 1336 2773 1407; x_wconf 79' lang='grc' dir='ltr'>ἡνωμένης</span> <span class='ocrx_word' id='word_1_153' title='bbox 2834 1335 2974 1405; x_wconf 75' lang='grc' dir='ltr'>αὐτῷ</span> <span class='ocrx_word' id='word_1_154' title='bbox 3054 1337 3315 1400; x_wconf 88' lang='grc' dir='ltr'>θεότητος,</span> <span class='ocrx_word' id='word_1_155' title='bbox 3397 1335 3426 1394; x_wconf 79' lang='grc' dir='ltr'><strong>ἣ</strong></span> <span class='ocrx_word' id='word_1_156' title='bbox 3504 1338 3593 1386; x_wconf 84' lang='grc' dir='ltr'>καὶ</span> <span class='ocrx_word' id='word_1_157' title='bbox 3657 1341 3761 1386; x_wconf 79' lang='grc' dir='ltr'>τοῦ</span> <span class='ocrx_word' id='word_1_158' title='bbox 3829 1332 4006 1405; x_wconf 67' lang='grc' dir='ltr'>ἁγίου</span> 
     </span>
    </p>
   </div>
   <div class='ocr_carea' id='block_1_28' title="bbox 2354 1419 4002 1497">
    <p class='ocr_par' dir='ltr' id='par_1_28' title="bbox 2354 1419 4002 1497">
     <span class='ocr_line' id='line_1_28' title="bbox 2354 1419 4002 1497; baseline -0.001 -21"><span class='ocrx_word' id='word_1_159' title='bbox 2354 1426 2669 1495; x_wconf 74' lang='grc' dir='ltr'>Πνεύματος,</span> <span class='ocrx_word' id='word_1_160' title='bbox 2703 1425 2786 1475; x_wconf 80' lang='grc' dir='ltr'><strong>ἵνα</strong></span> <span class='ocrx_word' id='word_1_161' title='bbox 2814 1425 3079 1497; x_wconf 75' lang='grc' dir='ltr'><strong>μάθωμεν,</strong></span> <span class='ocrx_word' id='word_1_162' title='bbox 3124 1426 3203 1476; x_wconf 85' lang='grc' dir='ltr'><strong>ότι</strong></span> <span class='ocrx_word' id='word_1_163' title='bbox 3242 1426 3267 1475; x_wconf 87' lang='grc' dir='ltr'><strong><em>ὁ</em></strong></span> <span class='ocrx_word' id='word_1_164' title='bbox 3301 1429 3519 1484; x_wconf 78' lang='grc' dir='ltr'>νικήσας</span> <span class='ocrx_word' id='word_1_165' title='bbox 3557 1442 3642 1475; x_wconf 87' lang='grc' dir='ltr'><strong>τον</strong></span> <span class='ocrx_word' id='word_1_166' title='bbox 3690 1419 4002 1475; x_wconf 69' lang='grc' dir='ltr'>διάϐολον.</span> 
     </span>
    </p>
   </div>
   <div class='ocr_carea' id='block_1_29' title="bbox 2349 1509 4002 1586">
    <p class='ocr_par' dir='ltr' id='par_1_29' title="bbox 2349 1509 4002 1586">
     <span class='ocr_line' id='line_1_29' title="bbox 2349 1509 4002 1586; baseline 0.001 -23"><span class='ocrx_word' id='word_1_167' title='bbox 2349 1511 2526 1564; x_wconf 86' lang='grc' dir='ltr'>λοιπὸν</span> <span class='ocrx_word' id='word_1_168' title='bbox 2570 1509 2945 1586; x_wconf 77' lang='grc' dir='ltr'>ἐνδυναμουται</span> <span class='ocrx_word' id='word_1_169' title='bbox 2984 1522 3055 1585; x_wconf 82' lang='grc' dir='ltr'>τῷ</span> <span class='ocrx_word' id='word_1_170' title='bbox 3084 1515 3201 1585; x_wconf 84' lang='grc' dir='ltr'><strong>θείῳ</strong></span> <span class='ocrx_word' id='word_1_171' title='bbox 3241 1516 3502 1586; x_wconf 57' lang='lat' dir='ltr'><strong>“mpm</strong></span> <span class='ocrx_word' id='word_1_172' title='bbox 3532 1515 3663 1586; x_wconf 84' lang='grc' dir='ltr'>πρὸς</span> <span class='ocrx_word' id='word_1_173' title='bbox 3704 1516 3772 1564; x_wconf 88' lang='grc' dir='ltr'>τὸ</span> <span class='ocrx_word' id='word_1_174' title='bbox 3812 1521 4002 1565; x_wconf 76' lang='grc' dir='ltr'>ποιεῖν</span> 
     </span>
    </p>
   </div>
   <div class='ocr_carea' id='block_1_30' title="bbox 2354 1608 2570 1673">
    <p class='ocr_par' dir='ltr' id='par_1_30' title="bbox 2354 1608 2570 1673">
     <span class='ocr_line' id='line_1_30' title="bbox 2354 1608 2570 1673; baseline 0 -19"><span class='ocrx_word' id='word_1_175' title='bbox 2354 1608 2570 1673; x_wconf 80' lang='grc' dir='ltr'>σημεῖα.</span> 
     </span>
    </p>
   </div>
   <div class='ocr_carea' id='block_1_31' title="bbox 2424 1688 3994 1765">
    <p class='ocr_par' dir='ltr' id='par_1_31' title="bbox 2424 1688 3994 1765">
     <span class='ocr_line' id='line_1_31' title="bbox 2424 1688 3994 1765; baseline -0.003 -20"><span class='ocrx_word' id='word_1_176' title='bbox 2424 1696 2523 1745; x_wconf 84' lang='grc' dir='ltr'><strong>Καὶ</strong></span> <span class='ocrx_word' id='word_1_177' title='bbox 2540 1696 2684 1764; x_wconf 79' lang='grc' dir='ltr'><strong>φήμη</strong></span> <span class='ocrx_word' id='word_1_178' title='bbox 2703 1724 2771 1732; x_wconf 90' lang='grc'><strong><em>-</em></strong></span> <span class='ocrx_word' id='word_1_179' title='bbox 2787 1695 3010 1746; x_wconf 86' lang='grc' dir='ltr'>πάντων.</span> <span class='ocrx_word' id='word_1_180' title='bbox 3036 1692 3433 1765; x_wconf 74' lang='grc' dir='ltr'>Εὖφημούμενος</span> <span class='ocrx_word' id='word_1_181' title='bbox 3449 1692 3548 1743; x_wconf 80' lang='grc' dir='ltr'><strong>ὑπὸ</strong></span> <span class='ocrx_word' id='word_1_182' title='bbox 3565 1697 3661 1742; x_wconf 87' lang='grc' dir='ltr'>τῶν</span> <span class='ocrx_word' id='word_1_183' title='bbox 3680 1688 3994 1763; x_wconf 75' lang='grc' dir='ltr'>ἀπονήρων</span> 
     </span>
    </p>
   </div>
   <div class='ocr_carea' id='block_1_32' title="bbox 652 1762 2230 1853">
    <p class='ocr_par' dir='ltr' id='par_1_32' title="bbox 652 1762 2230 1833">
     <span class='ocr_line' id='line_1_32' title="bbox 652 1762 2230 1833; baseline -0.001 -15"><span class='ocrx_word' id='word_1_184' title='bbox 652 1762 821 1819; x_wconf 83' lang='lat' dir='ltr'><strong>Vers.</strong></span> <span class='ocrx_word' id='word_1_185' title='bbox 864 1765 953 1818; x_wconf 81' lang='grc'><strong>14.</strong></span> <span class='ocrx_word' id='word_1_186' title='bbox 992 1762 1069 1818; x_wconf 90' lang='lat' dir='ltr'><strong>Et</strong></span> <span class='ocrx_word' id='word_1_187' title='bbox 1113 1763 1379 1833; x_wconf 84' lang='lat' dir='ltr'><strong>fama—</strong></span> <span class='ocrx_word' id='word_1_188' title='bbox 1411 1765 1568 1819; x_wconf 90' lang='lat' dir='ltr'><strong>Vers.</strong></span> <span class='ocrx_word' id='word_1_189' title='bbox 1623 1767 1706 1817; x_wconf 80' lang='grc'><strong>15.</strong></span> <span class='ocrx_word' id='word_1_190' title='bbox 1765 1762 2043 1818; x_wconf 83' lang='lat' dir='ltr'><strong>omnibus.</strong></span> <span class='ocrx_word' id='word_1_191' title='bbox 2093 1762 2230 1820; x_wconf 89' lang='lat' dir='ltr'><strong>Lau-</strong></span> 
     </span>
    </p>
   </div>
   <div class='ocr_carea' id='block_1_33' title="bbox 2356 1762 2542 1853">
    <p class='ocr_par' dir='ltr' id='par_1_33' title="bbox 2356 1780 2542 1853">
     <span class='ocr_line' id='line_1_33' title="bbox 2356 1780 2542 1853; baseline 0 -20"><span class='ocrx_word' id='word_1_192' title='bbox 2356 1780 2521 1853; x_wconf 75' lang='grc' dir='ltr'>ὄχλων</span> <span class='ocrx_word' id='word_1_193' title='bbox 2530 1821 2542 1833; x_wconf 94' lang='grc'><strong>.</strong></span> 
     </span>
    </p>
   </div>
   <div class='ocr_carea' id='block_1_34' title="bbox 577 1850 2234 1923">
    <p class='ocr_par' dir='ltr' id='par_1_34' title="bbox 577 1850 2234 1923">
     <span class='ocr_line' id='line_1_34' title="bbox 577 1850 2234 1923; baseline -0.002 -15"><span class='ocrx_word' id='word_1_194' title='bbox 577 1851 841 1908; x_wconf 80' lang='lat' dir='ltr'><strong>dabatur</strong></span> <span class='ocrx_word' id='word_1_195' title='bbox 866 1867 904 1907; x_wconf 92' lang='lat' dir='ltr'><strong>a</strong></span> <span class='ocrx_word' id='word_1_196' title='bbox 928 1850 1142 1915; x_wconf 82' lang='lat' dir='ltr'><strong>turbis,</strong></span> <span class='ocrx_word' id='word_1_197' title='bbox 1170 1867 1306 1923; x_wconf 79' lang='lat' dir='ltr'><strong>quas</strong></span> <span class='ocrx_word' id='word_1_198' title='bbox 1331 1850 1558 1906; x_wconf 86' lang='lat' dir='ltr'><strong>malitia</strong></span> <span class='ocrx_word' id='word_1_199' title='bbox 1578 1866 1648 1907; x_wconf 90' lang='lat' dir='ltr'><strong>ac</strong></span> <span class='ocrx_word' id='word_1_200' title='bbox 1670 1851 1903 1906; x_wconf 84' lang='lat' dir='ltr'><strong>invidia</strong></span> <span class='ocrx_word' id='word_1_201' title='bbox 1932 1850 2234 1907; x_wconf 88' lang='lat' dir='ltr'><strong>carebant.</strong></span> 
     </span>
    </p>
   </div>
   <div class='ocr_carea' id='block_1_35' title="bbox 653 1939 2261 2003">
    <p class='ocr_par' dir='ltr' id='par_1_35' title="bbox 653 1939 2261 2003">
     <span class='ocr_line' id='line_1_35' title="bbox 653 1939 2261 2003; baseline -0.001 -7"><span class='ocrx_word' id='word_1_202' title='bbox 653 1941 822 1998; x_wconf 87' lang='lat' dir='ltr'><strong>Vers.</strong></span> <span class='ocrx_word' id='word_1_203' title='bbox 864 1940 946 1995; x_wconf 83' lang='lat' dir='ltr'><strong>l6.</strong></span> <span class='ocrx_word' id='word_1_204' title='bbox 974 1940 1051 1994; x_wconf 90' lang='lat' dir='ltr'><strong>Et</strong></span> <span class='ocrx_word' id='word_1_205' title='bbox 1078 1970 1146 1979; x_wconf 91' lang='lat'>—</span> <span class='ocrx_word' id='word_1_206' title='bbox 1174 1942 1458 2003; x_wconf 80' lang='lat' dir='ltr'><strong>nutritus,</strong></span> <span class='ocrx_word' id='word_1_207' title='bbox 1509 1940 1738 1996; x_wconf 89' lang='lat' dir='ltr'><strong>Dictum</strong></span> <span class='ocrx_word' id='word_1_208' title='bbox 1777 1944 1869 1994; x_wconf 92' lang='lat' dir='ltr'><strong>est</strong></span> <span class='ocrx_word' id='word_1_209' title='bbox 1897 1940 1970 1995; x_wconf 93' lang='lat' dir='ltr'><strong>de</strong></span> <span class='ocrx_word' id='word_1_210' title='bbox 2000 1940 2116 1995; x_wconf 90' lang='lat' dir='ltr'><strong>hoc</strong></span> <span class='ocrx_word' id='word_1_211' title='bbox 2157 1939 2261 1994; x_wconf 47' lang='lat' dir='ltr'><strong>vir</strong></span> 
     </span>
    </p>
   </div>
   <div class='ocr_carea' id='block_1_36' title="bbox 582 2027 2240 2099">
    <p class='ocr_par' dir='ltr' id='par_1_36' title="bbox 582 2027 2240 2099">
     <span class='ocr_line' id='line_1_36' title="bbox 582 2027 2240 2099; baseline 0 -15"><span class='ocrx_word' id='word_1_212' title='bbox 582 2029 801 2085; x_wconf 89' lang='lat' dir='ltr'><strong>cesimo</strong></span> <span class='ocrx_word' id='word_1_213' title='bbox 858 2033 1070 2099; x_wconf 85' lang='lat' dir='ltr'><strong>quarto</strong></span> <span class='ocrx_word' id='word_1_214' title='bbox 1120 2027 1315 2099; x_wconf 88' lang='lat' dir='ltr'><strong>capite</strong></span> <span class='ocrx_word' id='word_1_215' title='bbox 1355 2027 1657 2097; x_wconf 85' lang='lat' dir='ltr'><strong>Evangelii</strong></span> <span class='ocrx_word' id='word_1_216' title='bbox 1712 2028 2045 2083; x_wconf 90' lang='lat' dir='ltr'><strong>secundum</strong></span> <span class='ocrx_word' id='word_1_217' title='bbox 2103 2031 2240 2084; x_wconf 82' lang='lat' dir='ltr'><strong>Mat-</strong></span> 
     </span>
    </p>
   </div>
   <div class='ocr_carea' id='block_1_37' title="bbox 582 2116 1661 2189">
    <p class='ocr_par' dir='ltr' id='par_1_37' title="bbox 582 2116 1661 2189">
     <span class='ocr_line' id='line_1_37' title="bbox 582 2116 1661 2189; baseline -0.001 -16"><span class='ocrx_word' id='word_1_218' title='bbox 582 2117 808 2173; x_wconf 74' lang='lat' dir='ltr'><strong>thteum</strong></span> <span class='ocrx_word' id='word_1_219' title='bbox 837 2122 974 2189; x_wconf 89' lang='lat' dir='ltr'><strong>post</strong></span> <span class='ocrx_word' id='word_1_220' title='bbox 991 2116 1176 2171; x_wconf 88' lang='lat' dir='ltr'><strong>ﬁnem</strong></span> <span class='ocrx_word' id='word_1_221' title='bbox 1203 2116 1661 2188; x_wconf 88' lang='lat' dir='ltr'><strong>parabolarum.</strong></span> 
     </span>
    </p>
   </div>
   <div class='ocr_carea' id='block_1_38' title="bbox 652 2205 2241 2276">
    <p class='ocr_par' dir='ltr' id='par_1_38' title="bbox 652 2205 2241 2276">
     <span class='ocr_line' id='line_1_38' title="bbox 652 2205 2241 2276; baseline -0.001 -14"><span class='ocrx_word' id='word_1_222' title='bbox 652 2205 824 2264; x_wconf 88' lang='lat' dir='ltr'><strong>Vers.</strong></span> <span class='ocrx_word' id='word_1_223' title='bbox 868 2210 951 2261; x_wconf 84' lang='grc'><strong>16.</strong></span> <span class='ocrx_word' id='word_1_224' title='bbox 982 2206 1059 2260; x_wconf 84' lang='grc' dir='ltr'>Ει</span> <span class='ocrx_word' id='word_1_225' title='bbox 1090 2206 1378 2276; x_wconf 83' lang='lat' dir='ltr'><strong>ingressus</strong></span> <span class='ocrx_word' id='word_1_226' title='bbox 1404 2236 1462 2246; x_wconf 89' lang='lat'><strong><em>—</em></strong></span> <span class='ocrx_word' id='word_1_227' title='bbox 1487 2213 1550 2260; x_wconf 85' lang='lat' dir='ltr'><strong>ut</strong></span> <span class='ocrx_word' id='word_1_228' title='bbox 1602 2206 1834 2275; x_wconf 76' lang='lat' dir='ltr'><strong>legeret.</strong></span> <span class='ocrx_word' id='word_1_229' title='bbox 1868 2205 2241 2263; x_wconf 81' lang='lat' dir='ltr'><strong>Adhortanti-</strong></span> 
     </span>
    </p>
   </div>
   <div class='ocr_carea' id='block_1_39' title="bbox 582 2295 2240 2369">
    <p class='ocr_par' dir='ltr' id='par_1_39' title="bbox 582 2295 2240 2369">
     <span class='ocr_line' id='line_1_39' title="bbox 582 2295 2240 2369; baseline 0.001 -18"><span class='ocrx_word' id='word_1_230' title='bbox 582 2295 695 2351; x_wconf 89' lang='lat' dir='ltr'><strong>bus</strong></span> <span class='ocrx_word' id='word_1_231' title='bbox 727 2312 866 2352; x_wconf 92' lang='lat' dir='ltr'><strong>cum</strong></span> <span class='ocrx_word' id='word_1_232' title='bbox 893 2295 1363 2367; x_wconf 71' lang='lat' dir='ltr'><strong>prasceptoribus</strong></span> <span class='ocrx_word' id='word_1_233' title='bbox 1394 2295 1621 2367; x_wconf 89' lang='lat' dir='ltr'><strong>populi,</strong></span> <span class='ocrx_word' id='word_1_234' title='bbox 1656 2296 1820 2367; x_wconf 85' lang='lat' dir='ltr'><strong>quod</strong></span> <span class='ocrx_word' id='word_1_235' title='bbox 1852 2301 1906 2352; x_wconf 85' lang='lat' dir='ltr'><strong>et</strong></span> <span class='ocrx_word' id='word_1_236' title='bbox 1936 2297 2062 2368; x_wconf 91' lang='lat' dir='ltr'><strong>ipse</strong></span> <span class='ocrx_word' id='word_1_237' title='bbox 2089 2314 2240 2369; x_wconf 69' lang='lat' dir='ltr'><strong>prue-</strong></span> 
     </span>
    </p>
   </div>
   <div class='ocr_carea' id='block_1_40' title="bbox 582 2385 2239 2457">
    <p class='ocr_par' dir='ltr' id='par_1_40' title="bbox 582 2385 2239 2457">
     <span class='ocr_line' id='line_1_40' title="bbox 582 2385 2239 2457; baseline 0.001 -16"><span class='ocrx_word' id='word_1_238' title='bbox 582 2389 789 2457; x_wconf 87' lang='lat' dir='ltr'><strong>ceptor</strong></span> <span class='ocrx_word' id='word_1_239' title='bbox 842 2385 1141 2442; x_wconf 79' lang='lat' dir='ltr'><strong>essetzvel</strong></span> <span class='ocrx_word' id='word_1_240' title='bbox 1184 2391 1243 2440; x_wconf 88' lang='lat' dir='ltr'><strong>ut</strong></span> <span class='ocrx_word' id='word_1_241' title='bbox 1293 2390 1741 2457; x_wconf 82' lang='lat' dir='ltr'><strong>cognoscerent,</strong></span> <span class='ocrx_word' id='word_1_242' title='bbox 1796 2393 1993 2441; x_wconf 89' lang='lat' dir='ltr'><strong>utrum</strong></span> <span class='ocrx_word' id='word_1_243' title='bbox 2049 2387 2239 2456; x_wconf 84' lang='lat' dir='ltr'><strong>legere</strong></span> 
     </span>
    </p>
   </div>
   <div class='ocr_carea' id='block_1_41' title="bbox 580 2473 1772 2541">
    <p class='ocr_par' dir='ltr' id='par_1_41' title="bbox 580 2473 1772 2541">
     <span class='ocr_line' id='line_1_41' title="bbox 580 2473 1772 2541; baseline -0.001 -11"><span class='ocrx_word' id='word_1_244' title='bbox 580 2479 806 2541; x_wconf 88' lang='lat' dir='ltr'><strong>nosset,</strong></span> <span class='ocrx_word' id='word_1_245' title='bbox 859 2490 996 2530; x_wconf 91' lang='lat' dir='ltr'><strong>cum</strong></span> <span class='ocrx_word' id='word_1_246' title='bbox 1038 2474 1254 2529; x_wconf 87' lang='lat' dir='ltr'><strong>litteras</strong></span> <span class='ocrx_word' id='word_1_247' title='bbox 1294 2489 1415 2529; x_wconf 91' lang='lat' dir='ltr'><strong>non</strong></span> <span class='ocrx_word' id='word_1_248' title='bbox 1456 2473 1772 2529; x_wconf 87' lang='lat' dir='ltr'><strong>didicisset.</strong></span> 
     </span>
    </p>
   </div>
   <div class='ocr_carea' id='block_1_42' title="bbox 655 2563 2239 2621">
    <p class='ocr_par' dir='ltr' id='par_1_42' title="bbox 655 2563 2239 2621">
     <span class='ocr_line' id='line_1_42' title="bbox 655 2563 2239 2621; baseline 0.001 -3"><span class='ocrx_word' id='word_1_249' title='bbox 655 2563 816 2619; x_wconf 85' lang='lat' dir='ltr'><strong>Vers.</strong></span> <span class='ocrx_word' id='word_1_250' title='bbox 852 2568 934 2620; x_wconf 83' lang='grc'><strong>17.</strong></span> <span class='ocrx_word' id='word_1_251' title='bbox 988 2564 1068 2619; x_wconf 84' lang='grc' dir='ltr'>Ει</span> <span class='ocrx_word' id='word_1_252' title='bbox 1122 2563 1381 2619; x_wconf 84' lang='lat' dir='ltr'><strong>traditus</strong></span> <span class='ocrx_word' id='word_1_253' title='bbox 1430 2569 1605 2619; x_wconf 85' lang='lat' dir='ltr'><strong>est—</strong></span> <span class='ocrx_word' id='word_1_254' title='bbox 1636 2565 1793 2619; x_wconf 88' lang='lat' dir='ltr'><strong>Vers.</strong></span> <span class='ocrx_word' id='word_1_255' title='bbox 1828 2564 1915 2619; x_wconf 88' lang='grc'><strong>18.</strong></span> <span class='ocrx_word' id='word_1_256' title='bbox 1972 2579 2085 2621; x_wconf 91' lang='lat' dir='ltr'><strong>me.</strong></span> <span class='ocrx_word' id='word_1_257' title='bbox 2134 2567 2239 2619; x_wconf 89' lang='lat' dir='ltr'><strong>Per</strong></span> 
     </span>
    </p>
   </div>
   <div class='ocr_carea' id='block_1_43' title="bbox 580 2651 2237 2725">
    <p class='ocr_par' dir='ltr' id='par_1_43' title="bbox 580 2651 2237 2725">
     <span class='ocr_line' id='line_1_43' title="bbox 580 2651 2237 2725; baseline 0 -17"><span class='ocrx_word' id='word_1_258' title='bbox 580 2651 1017 2725; x_wconf 88' lang='lat' dir='ltr'><strong>providentiam</strong></span> <span class='ocrx_word' id='word_1_259' title='bbox 1049 2669 1212 2708; x_wconf 88' lang='lat' dir='ltr'><strong>suam</strong></span> <span class='ocrx_word' id='word_1_260' title='bbox 1239 2652 1332 2724; x_wconf 87' lang='grc' dir='ltr'>(ιι)</span> <span class='ocrx_word' id='word_1_261' title='bbox 1363 2652 1585 2708; x_wconf 87' lang='lat' dir='ltr'><strong>invenit</strong></span> <span class='ocrx_word' id='word_1_262' title='bbox 1615 2653 1837 2720; x_wconf 86' lang='lat' dir='ltr'><strong>statim,</strong></span> <span class='ocrx_word' id='word_1_263' title='bbox 1871 2668 2002 2725; x_wconf 72' lang='lat' dir='ltr'><strong>quas</strong></span> <span class='ocrx_word' id='word_1_264' title='bbox 2047 2654 2120 2708; x_wconf 92' lang='lat' dir='ltr'><strong>de</strong></span> <span class='ocrx_word' id='word_1_265' title='bbox 2152 2655 2237 2708; x_wconf 89' lang='lat' dir='ltr'><strong>di-</strong></span> 
     </span>
    </p>
   </div>
   <div class='ocr_carea' id='block_1_44' title="bbox 582 2741 2238 2815">
    <p class='ocr_par' dir='ltr' id='par_1_44' title="bbox 582 2741 2238 2815">
     <span class='ocr_line' id='line_1_44' title="bbox 582 2741 2238 2815; baseline 0.001 -18"><span class='ocrx_word' id='word_1_266' title='bbox 582 2742 823 2798; x_wconf 88' lang='lat' dir='ltr'><strong>vinitate</strong></span> <span class='ocrx_word' id='word_1_267' title='bbox 863 2757 974 2797; x_wconf 89' lang='lat' dir='ltr'><strong>sua</strong></span> <span class='ocrx_word' id='word_1_268' title='bbox 1003 2741 1161 2797; x_wconf 83' lang='lat' dir='ltr'><strong>dicta</strong></span> <span class='ocrx_word' id='word_1_269' title='bbox 1185 2747 1390 2797; x_wconf 85' lang='lat' dir='ltr'><strong>erant:</strong></span> <span class='ocrx_word' id='word_1_270' title='bbox 1422 2741 1588 2813; x_wconf 90' lang='lat' dir='ltr'><strong>prius</strong></span> <span class='ocrx_word' id='word_1_271' title='bbox 1617 2741 1777 2796; x_wconf 91' lang='lat' dir='ltr'><strong>enim</strong></span> <span class='ocrx_word' id='word_1_272' title='bbox 1817 2742 1945 2813; x_wconf 83' lang='lat' dir='ltr'><strong>ipse</strong></span> <span class='ocrx_word' id='word_1_273' title='bbox 1977 2743 2102 2798; x_wconf 66' lang='lat' dir='ltr'><strong>haec</strong></span> <span class='ocrx_word' id='word_1_274' title='bbox 2133 2759 2238 2815; x_wconf 91' lang='lat' dir='ltr'><strong>per</strong></span> 
     </span>
    </p>
   </div>
   <div class='ocr_carea' id='block_1_45' title="bbox 581 2829 2233 2904">
    <p class='ocr_par' dir='ltr' id='par_1_45' title="bbox 581 2829 2233 2904">
     <span class='ocr_line' id='line_1_45' title="bbox 581 2829 2233 2904; baseline 0.001 -18"><span class='ocrx_word' id='word_1_275' title='bbox 581 2831 940 2902; x_wconf 89' lang='lat' dir='ltr'><strong>prophetam</strong></span> <span class='ocrx_word' id='word_1_276' title='bbox 963 2829 1158 2886; x_wconf 81' lang='lat' dir='ltr'><strong>fuerat</strong></span> <span class='ocrx_word' id='word_1_277' title='bbox 1194 2829 1445 2885; x_wconf 89' lang='lat' dir='ltr'><strong>locutus.</strong></span> <span class='ocrx_word' id='word_1_278' title='bbox 1491 2829 1636 2885; x_wconf 89' lang='lat' dir='ltr'><strong>Dicit</strong></span> <span class='ocrx_word' id='word_1_279' title='bbox 1665 2835 1886 2898; x_wconf 83' lang='lat' dir='ltr'><strong>autem,</strong></span> <span class='ocrx_word' id='word_1_280' title='bbox 1946 2837 2233 2904; x_wconf 84' lang='lat' dir='ltr'><strong>tanquam</strong></span> 
     </span>
    </p>
   </div>
   <div class='ocr_carea' id='block_1_46' title="bbox 579 2918 2237 2990">
    <p class='ocr_par' dir='ltr' id='par_1_46' title="bbox 579 2918 2237 2990">
     <span class='ocr_line' id='line_1_46' title="bbox 579 2918 2237 2990; baseline 0.001 -16"><span class='ocrx_word' id='word_1_281' title='bbox 579 2919 765 2975; x_wconf 91' lang='lat' dir='ltr'><strong>homo</strong></span> <span class='ocrx_word' id='word_1_282' title='bbox 798 2938 812 2978; x_wconf 90' lang='lat'>:</span> <span class='ocrx_word' id='word_1_283' title='bbox 846 2920 1127 2975; x_wconf 89' lang='lat' dir='ltr'><strong>Divinitas</strong></span> <span class='ocrx_word' id='word_1_284' title='bbox 1166 2918 1422 2985; x_wconf 89' lang='lat' dir='ltr'><strong>Domini,</strong></span> <span class='ocrx_word' id='word_1_285' title='bbox 1460 2919 1579 2973; x_wconf 87' lang='lat' dir='ltr'><strong>sive</strong></span> <span class='ocrx_word' id='word_1_286' title='bbox 1608 2918 1733 2984; x_wconf 85' lang='lat' dir='ltr'><strong>ﬁlii,</strong></span> <span class='ocrx_word' id='word_1_287' title='bbox 1790 2936 1973 2990; x_wconf 88' lang='lat' dir='ltr'><strong>super</strong></span> <span class='ocrx_word' id='word_1_288' title='bbox 2006 2936 2099 2977; x_wconf 89' lang='lat' dir='ltr'><strong>me</strong></span> <span class='ocrx_word' id='word_1_289' title='bbox 2145 2922 2237 2975; x_wconf 82' lang='lat' dir='ltr'><strong>Je-</strong></span> 
     </span>
    </p>
   </div>
   <div class='ocr_carea' id='block_1_47' title="bbox 583 3008 2235 3081">
    <p class='ocr_par' dir='ltr' id='par_1_47' title="bbox 583 3008 2235 3081">
     <span class='ocr_line' id='line_1_47' title="bbox 583 3008 2235 3081; baseline 0.001 -18"><span class='ocrx_word' id='word_1_290' title='bbox 583 3024 738 3073; x_wconf 87' lang='lat' dir='ltr'><strong>sum,</strong></span> <span class='ocrx_word' id='word_1_291' title='bbox 771 3008 886 3064; x_wconf 91' lang='lat' dir='ltr'><strong>hoc</strong></span> <span class='ocrx_word' id='word_1_292' title='bbox 911 3012 1016 3074; x_wconf 88' lang='lat' dir='ltr'><strong>est,</strong></span> <span class='ocrx_word' id='word_1_293' title='bbox 1050 3008 1205 3063; x_wconf 88' lang='lat' dir='ltr'><strong>Deus</strong></span> <span class='ocrx_word' id='word_1_294' title='bbox 1233 3008 1430 3062; x_wconf 89' lang='lat' dir='ltr'><strong>unitus</strong></span> <span class='ocrx_word' id='word_1_295' title='bbox 1462 3014 1553 3064; x_wconf 86' lang='lat' dir='ltr'><strong>est</strong></span> <span class='ocrx_word' id='word_1_296' title='bbox 1600 3009 1767 3063; x_wconf 87' lang='lat' dir='ltr'><strong>mihi.</strong></span> <span class='ocrx_word' id='word_1_297' title='bbox 1818 3010 1933 3064; x_wconf 86' lang='lat' dir='ltr'><strong>Hoc</strong></span> <span class='ocrx_word' id='word_1_298' title='bbox 1970 3026 2235 3081; x_wconf 88' lang='lat' dir='ltr'><strong>namque</strong></span> 
     </span>
    </p>
   </div>
   <div class='ocr_carea' id='block_1_48' title="bbox 579 3097 2235 3171">
    <p class='ocr_par' dir='ltr' id='par_1_48' title="bbox 579 3097 2235 3171">
     <span class='ocr_line' id='line_1_48' title="bbox 579 3097 2235 3171; baseline 0.001 -18"><span class='ocrx_word' id='word_1_299' title='bbox 579 3097 713 3154; x_wconf 94' lang='lat' dir='ltr'><strong>loco</strong></span> <span class='ocrx_word' id='word_1_300' title='bbox 767 3113 873 3170; x_wconf 90' lang='lat' dir='ltr'><strong>per</strong></span> <span class='ocrx_word' id='word_1_301' title='bbox 918 3097 1195 3170; x_wconf 90' lang='lat' dir='ltr'><strong>Spiritum</strong></span> <span class='ocrx_word' id='word_1_302' title='bbox 1234 3097 1498 3167; x_wconf 86' lang='lat' dir='ltr'><strong>intellige</strong></span> <span class='ocrx_word' id='word_1_303' title='bbox 1533 3098 1924 3153; x_wconf 78' lang='lat' dir='ltr'><strong>Divinitatem.</strong></span> <span class='ocrx_word' id='word_1_304' title='bbox 1984 3099 2235 3171; x_wconf 84' lang='lat' dir='ltr'><strong>Spiritus</strong></span> 
     </span>
    </p>
   </div>
   <div class='ocr_carea' id='block_1_49' title="bbox 580 3186 2231 3259">
    <p class='ocr_par' dir='ltr' id='par_1_49' title="bbox 580 3186 2231 3259">
     <span class='ocr_line' id='line_1_49' title="bbox 580 3186 2231 3259; baseline 0.001 -15"><span class='ocrx_word' id='word_1_305' title='bbox 580 3193 783 3244; x_wconf 83' lang='lat' dir='ltr'><strong>autem</strong></span> <span class='ocrx_word' id='word_1_306' title='bbox 801 3186 1035 3243; x_wconf 90' lang='lat' dir='ltr'><strong>Domini</strong></span> <span class='ocrx_word' id='word_1_307' title='bbox 1062 3203 1242 3259; x_wconf 88' lang='lat' dir='ltr'><strong>super</strong></span> <span class='ocrx_word' id='word_1_308' title='bbox 1257 3202 1373 3254; x_wconf 90' lang='lat' dir='ltr'><strong>me,</strong></span> <span class='ocrx_word' id='word_1_309' title='bbox 1400 3194 1459 3241; x_wconf 91' lang='lat' dir='ltr'><strong>ut</strong></span> <span class='ocrx_word' id='word_1_310' title='bbox 1483 3186 1756 3242; x_wconf 87' lang='lat' dir='ltr'><strong>homines</strong></span> <span class='ocrx_word' id='word_1_311' title='bbox 1777 3186 1974 3243; x_wconf 89' lang='lat' dir='ltr'><strong>salvos</strong></span> <span class='ocrx_word' id='word_1_312' title='bbox 1993 3188 2231 3258; x_wconf 84' lang='lat' dir='ltr'><strong>faciam;</strong></span> 
     </span>
    </p>
   </div>
   <div class='ocr_carea' id='block_1_50' title="bbox 578 3275 2235 3341">
    <p class='ocr_par' dir='ltr' id='par_1_50' title="bbox 578 3275 2235 3341">
     <span class='ocr_line' id='line_1_50' title="bbox 578 3275 2235 3341; baseline 0.001 -9"><span class='ocrx_word' id='word_1_313' title='bbox 578 3277 641 3333; x_wconf 90' lang='lat' dir='ltr'><strong>id</strong></span> <span class='ocrx_word' id='word_1_314' title='bbox 662 3276 823 3332; x_wconf 91' lang='lat' dir='ltr'><strong>enim</strong></span> <span class='ocrx_word' id='word_1_315' title='bbox 852 3275 1048 3332; x_wconf 90' lang='lat' dir='ltr'><strong>deﬁcit</strong></span> <span class='ocrx_word' id='word_1_316' title='bbox 1074 3282 1130 3332; x_wconf 90' lang='lat' dir='ltr'><strong>et</strong></span> <span class='ocrx_word' id='word_1_317' title='bbox 1151 3276 1529 3341; x_wconf 87' lang='lat' dir='ltr'><strong>subauditur,</strong></span> <span class='ocrx_word' id='word_1_318' title='bbox 1562 3276 1712 3333; x_wconf 89' lang='lat' dir='ltr'><strong>sicut</strong></span> <span class='ocrx_word' id='word_1_319' title='bbox 1739 3277 2114 3334; x_wconf 84' lang='lat' dir='ltr'><strong>manifestum</strong></span> <span class='ocrx_word' id='word_1_320' title='bbox 2148 3285 2235 3335; x_wconf 92' lang='lat' dir='ltr'><strong>est</strong></span> 
     </span>
    </p>
   </div>
   <div class='ocr_carea' id='block_1_51' title="bbox 579 3365 1305 3438">
    <p class='ocr_par' dir='ltr' id='par_1_51' title="bbox 579 3365 1305 3438">
     <span class='ocr_line' id='line_1_51' title="bbox 579 3365 1305 3438; baseline -0.004 -15"><span class='ocrx_word' id='word_1_321' title='bbox 579 3365 659 3423; x_wconf 86' lang='lat' dir='ltr'><strong>ab</strong></span> <span class='ocrx_word' id='word_1_322' title='bbox 692 3380 783 3432; x_wconf 90' lang='lat' dir='ltr'><strong>eo,</strong></span> <span class='ocrx_word' id='word_1_323' title='bbox 820 3365 988 3438; x_wconf 89' lang='lat' dir='ltr'><strong>quod</strong></span> <span class='ocrx_word' id='word_1_324' title='bbox 1018 3366 1305 3438; x_wconf 88' lang='lat' dir='ltr'><strong>sequitur.</strong></span> 
     </span>
    </p>
   </div>
   <div class='ocr_carea' id='block_1_52' title="bbox 650 3454 2230 3528">
    <p class='ocr_par' dir='ltr' id='par_1_52' title="bbox 650 3454 2230 3528">
     <span class='ocr_line' id='line_1_52' title="bbox 650 3454 2230 3528; baseline 0.001 -16"><span class='ocrx_word' id='word_1_325' title='bbox 650 3454 814 3512; x_wconf 89' lang='lat' dir='ltr'><strong>Vers.</strong></span> <span class='ocrx_word' id='word_1_326' title='bbox 844 3456 930 3510; x_wconf 88' lang='grc'><strong>18.</strong></span> <span class='ocrx_word' id='word_1_327' title='bbox 949 3457 1200 3525; x_wconf 81' lang='lat' dir='ltr'><strong>Propter</strong></span> <span class='ocrx_word' id='word_1_328' title='bbox 1226 3455 1380 3527; x_wconf 85' lang='lat' dir='ltr'><strong>quod</strong></span> <span class='ocrx_word' id='word_1_329' title='bbox 1428 3455 1599 3513; x_wconf 72' lang='lat' dir='ltr'><strong>unxit</strong></span> <span class='ocrx_word' id='word_1_330' title='bbox 1647 3471 1754 3513; x_wconf 91' lang='lat' dir='ltr'><strong>me.</strong></span> <span class='ocrx_word' id='word_1_331' title='bbox 1798 3455 1977 3528; x_wconf 89' lang='lat' dir='ltr'><strong>Cujus</strong></span> <span class='ocrx_word' id='word_1_332' title='bbox 2026 3473 2230 3525; x_wconf 91' lang='lat' dir='ltr'><strong>causa,</strong></span> 
     </span>
    </p>
   </div>
   <div class='ocr_carea' id='block_1_53' title="bbox 577 3543 2229 3618">
    <p class='ocr_par' dir='ltr' id='par_1_53' title="bbox 577 3543 2229 3618">
     <span class='ocr_line' id='line_1_53' title="bbox 577 3543 2229 3618; baseline 0 -17"><span class='ocrx_word' id='word_1_333' title='bbox 577 3544 755 3618; x_wconf 85' lang='lat' dir='ltr'><strong>cujus</strong></span> <span class='ocrx_word' id='word_1_334' title='bbox 777 3543 992 3616; x_wconf 85' lang='lat' dir='ltr'><strong>gratia,</strong></span> <span class='ocrx_word' id='word_1_335' title='bbox 1009 3547 1176 3600; x_wconf 82' lang='lat' dir='ltr'><strong>unxit</strong></span> <span class='ocrx_word' id='word_1_336' title='bbox 1191 3562 1283 3600; x_wconf 89' lang='lat' dir='ltr'><strong>me</strong></span> <span class='ocrx_word' id='word_1_337' title='bbox 1296 3545 1602 3601; x_wconf 89' lang='lat' dir='ltr'><strong>hominem</strong></span> <span class='ocrx_word' id='word_1_338' title='bbox 1631 3546 1815 3617; x_wconf 78' lang='lat' dir='ltr'><strong>Deus;</strong></span> <span class='ocrx_word' id='word_1_339' title='bbox 1839 3547 2006 3603; x_wconf 79' lang='lat' dir='ltr'><strong>unxit</strong></span> <span class='ocrx_word' id='word_1_340' title='bbox 2030 3553 2229 3602; x_wconf 89' lang='lat' dir='ltr'><strong>autem</strong></span> 
     </span>
    </p>
   </div>
   <div class='ocr_carea' id='block_1_54' title="bbox 575 3633 2231 3707">
    <p class='ocr_par' dir='ltr' id='par_1_54' title="bbox 575 3633 2231 3707">
     <span class='ocr_line' id='line_1_54' title="bbox 575 3633 2231 3707; baseline 0.001 -17"><span class='ocrx_word' id='word_1_341' title='bbox 575 3649 696 3699; x_wconf 85' lang='lat' dir='ltr'><strong>me,</strong></span> <span class='ocrx_word' id='word_1_342' title='bbox 713 3648 837 3689; x_wconf 88' lang='lat' dir='ltr'><strong>non</strong></span> <span class='ocrx_word' id='word_1_343' title='bbox 855 3633 1006 3698; x_wconf 91' lang='lat' dir='ltr'><strong>oleo,</strong></span> <span class='ocrx_word' id='word_1_344' title='bbox 1040 3633 1191 3690; x_wconf 88' lang='lat' dir='ltr'><strong>sicut</strong></span> <span class='ocrx_word' id='word_1_345' title='bbox 1205 3649 1375 3705; x_wconf 86' lang='lat' dir='ltr'><strong>reges</strong></span> <span class='ocrx_word' id='word_1_346' title='bbox 1401 3634 1567 3707; x_wconf 90' lang='lat' dir='ltr'><strong>ipsos</strong></span> <span class='ocrx_word' id='word_1_347' title='bbox 1589 3634 1750 3707; x_wconf 91' lang='lat' dir='ltr'><strong>(mm)</strong></span> <span class='ocrx_word' id='word_1_348' title='bbox 1778 3636 2101 3705; x_wconf 86' lang='lat' dir='ltr'><strong>ungebant,</strong></span> <span class='ocrx_word' id='word_1_349' title='bbox 2126 3637 2231 3691; x_wconf 87' lang='lat' dir='ltr'><strong>sed</strong></span> 
     </span>
    </p>
   </div>
   <div class='ocr_carea' id='block_1_55' title="bbox 576 3721 907 3779">
    <p class='ocr_par' dir='ltr' id='par_1_55' title="bbox 576 3721 907 3779">
     <span class='ocr_line' id='line_1_55' title="bbox 576 3721 907 3779; baseline 0.003 -1"><span class='ocrx_word' id='word_1_350' title='bbox 576 3721 907 3779; x_wconf 87' lang='lat' dir='ltr'><strong>divinitate.</strong></span> 
     </span>
    </p>
   </div>
   <div class='ocr_carea' id='block_1_56' title="bbox 648 3812 2229 3884">
    <p class='ocr_par' dir='ltr' id='par_1_56' title="bbox 648 3812 2229 3884">
     <span class='ocr_line' id='line_1_56' title="bbox 648 3812 2229 3884; baseline 0.001 -16"><span class='ocrx_word' id='word_1_351' title='bbox 648 3812 809 3868; x_wconf 84' lang='lat' dir='ltr'><strong>Vers.</strong></span> <span class='ocrx_word' id='word_1_352' title='bbox 842 3813 936 3870; x_wconf 87' lang='grc'><strong>18.</strong></span> <span class='ocrx_word' id='word_1_353' title='bbox 973 3812 1067 3868; x_wconf 86' lang='lat' dir='ltr'><strong>Ad</strong></span> <span class='ocrx_word' id='word_1_354' title='bbox 1111 3814 1641 3884; x_wconf 80' lang='lat' dir='ltr'><strong>euangelizandum</strong></span> <span class='ocrx_word' id='word_1_355' title='bbox 1666 3844 1730 3855; x_wconf 96' lang='lat'><strong>—</strong></span> <span class='ocrx_word' id='word_1_356' title='bbox 1761 3829 1871 3871; x_wconf 91' lang='lat' dir='ltr'><strong>me.</strong></span> <span class='ocrx_word' id='word_1_357' title='bbox 1897 3814 2087 3882; x_wconf 89' lang='lat' dir='ltr'><strong>Pater,</strong></span> <span class='ocrx_word' id='word_1_358' title='bbox 2143 3814 2229 3869; x_wconf 88' lang='lat' dir='ltr'><strong>vi-</strong></span> 
     </span>
    </p>
   </div>
   <div class='ocr_carea' id='block_1_57' title="bbox 573 3899 2229 3975">
    <p class='ocr_par' dir='ltr' id='par_1_57' title="bbox 573 3899 2229 3975">
     <span class='ocr_line' id='line_1_57' title="bbox 573 3899 2229 3975; baseline 0.001 -17"><span class='ocrx_word' id='word_1_359' title='bbox 573 3899 804 3958; x_wconf 86' lang='lat' dir='ltr'><strong>delicet.</strong></span> <span class='ocrx_word' id='word_1_360' title='bbox 860 3903 1158 3973; x_wconf 89' lang='lat' dir='ltr'><strong>Pauperes</strong></span> <span class='ocrx_word' id='word_1_361' title='bbox 1212 3910 1414 3959; x_wconf 90' lang='lat' dir='ltr'><strong>autem</strong></span> <span class='ocrx_word' id='word_1_362' title='bbox 1471 3907 1645 3958; x_wconf 89' lang='lat' dir='ltr'><strong>vocat</strong></span> <span class='ocrx_word' id='word_1_363' title='bbox 1696 3903 1968 3973; x_wconf 81' lang='lat' dir='ltr'><strong>gentiles,</strong></span> <span class='ocrx_word' id='word_1_364' title='bbox 2031 3908 2229 3975; x_wconf 88' lang='lat' dir='ltr'><strong>utpote</strong></span> 
     </span>
    </p>
   </div>
   <div class='ocr_carea' id='block_1_58' title="bbox 571 3990 2228 4065">
    <p class='ocr_par' dir='ltr' id='par_1_58' title="bbox 571 3990 2228 4065">
     <span class='ocr_line' id='line_1_58' title="bbox 571 3990 2228 4065; baseline 0.001 -16"><span class='ocrx_word' id='word_1_365' title='bbox 571 3990 759 4049; x_wconf 89' lang='lat' dir='ltr'><strong>divini</strong></span> <span class='ocrx_word' id='word_1_366' title='bbox 790 3990 983 4047; x_wconf 90' lang='lat' dir='ltr'><strong>cultus</strong></span> <span class='ocrx_word' id='word_1_367' title='bbox 1008 3990 1241 4046; x_wconf 85' lang='lat' dir='ltr'><strong>divitias</strong></span> <span class='ocrx_word' id='word_1_368' title='bbox 1264 4007 1385 4047; x_wconf 90' lang='lat' dir='ltr'><strong>non</strong></span> <span class='ocrx_word' id='word_1_369' title='bbox 1415 3990 1725 4063; x_wconf 87' lang='lat' dir='ltr'><strong>habentes,</strong></span> <span class='ocrx_word' id='word_1_370' title='bbox 1759 3993 2043 4065; x_wconf 87' lang='lat' dir='ltr'><strong>omnique</strong></span> <span class='ocrx_word' id='word_1_371' title='bbox 2063 3994 2228 4050; x_wconf 91' lang='lat' dir='ltr'><strong>bono</strong></span> 
     </span>
    </p>
   </div>
   <div class='ocr_carea' id='block_1_59' title="bbox 572 4085 864 4139">
    <p class='ocr_par' dir='ltr' id='par_1_59' title="bbox 572 4085 864 4139">
     <span class='ocr_line' id='line_1_59' title="bbox 572 4085 864 4139; baseline -0.014 -2"><span class='ocrx_word' id='word_1_372' title='bbox 572 4085 864 4139; x_wconf 90' lang='lat' dir='ltr'><strong>carentes.</strong></span> 
     </span>
    </p>
   </div>
   <div class='ocr_carea' id='block_1_60' title="bbox 641 4183 2222 4259">
    <p class='ocr_par' dir='ltr' id='par_1_60' title="bbox 641 4183 2222 4259">
     <span class='ocr_line' id='line_1_60' title="bbox 641 4183 2222 4259; baseline 0.003 -18"><span class='ocrx_word' id='word_1_373' title='bbox 641 4187 757 4241; x_wconf 78' lang='lat' dir='ltr'><strong>Aut</strong></span> <span class='ocrx_word' id='word_1_374' title='bbox 793 4185 971 4240; x_wconf 90' lang='lat' dir='ltr'><strong>etiam</strong></span> <span class='ocrx_word' id='word_1_375' title='bbox 1015 4183 1267 4250; x_wconf 59' lang='lat' dir='ltr'><strong>Iudaeos,</strong></span> <span class='ocrx_word' id='word_1_376' title='bbox 1298 4186 1403 4257; x_wconf 87' lang='lat' dir='ltr'><strong>qui</strong></span> <span class='ocrx_word' id='word_1_377' title='bbox 1432 4184 1642 4241; x_wconf 88' lang='lat' dir='ltr'><strong>virtute</strong></span> <span class='ocrx_word' id='word_1_378' title='bbox 1696 4203 1979 4259; x_wconf 88' lang='lat' dir='ltr'><strong>pauperes</strong></span> <span class='ocrx_word' id='word_1_379' title='bbox 2035 4196 2222 4257; x_wconf 86' lang='lat' dir='ltr'><strong>erant,</strong></span> 
     </span>
    </p>
   </div>
   <div class='ocr_carea' id='block_1_61' title="bbox 569 4271 2222 4346">
    <p class='ocr_par' dir='ltr' id='par_1_61' title="bbox 569 4271 2222 4346">
     <span class='ocr_line' id='line_1_61' title="bbox 569 4271 2222 4346; baseline 0.004 -18"><span class='ocrx_word' id='word_1_380' title='bbox 569 4272 790 4346; x_wconf 89' lang='lat' dir='ltr'><strong>quibus</strong></span> <span class='ocrx_word' id='word_1_381' title='bbox 804 4272 917 4327; x_wconf 90' lang='lat' dir='ltr'><strong>sim</strong></span> <span class='ocrx_word' id='word_1_382' title='bbox 928 4271 1273 4328; x_wconf 87' lang='lat' dir='ltr'><strong>ulomnibus</strong></span> <span class='ocrx_word' id='word_1_383' title='bbox 1286 4273 1941 4343; x_wconf 87' lang='lat' dir='ltr'><strong>evangelizavitcultum</strong></span> <span class='ocrx_word' id='word_1_384' title='bbox 1957 4277 2222 4335; x_wconf 85' lang='lat' dir='ltr'><strong>divinum</strong></span> 
     </span>
    </p>
   </div>
   <div class='ocr_carea' id='block_1_62' title="bbox 568 4362 2219 4438">
    <p class='ocr_par' dir='ltr' id='par_1_62' title="bbox 568 4362 2219 4438">
     <span class='ocr_line' id='line_1_62' title="bbox 568 4362 2219 4438; baseline 0.004 -19"><span class='ocrx_word' id='word_1_385' title='bbox 568 4377 642 4419; x_wconf 89' lang='lat' dir='ltr'><strong>ac</strong></span> <span class='ocrx_word' id='word_1_386' title='bbox 675 4364 1214 4427; x_wconf 73' lang='lat' dir='ltr'><strong>conversationem,</strong></span> <span class='ocrx_word' id='word_1_387' title='bbox 1262 4378 1398 4434; x_wconf 75' lang='lat' dir='ltr'><strong>quae</strong></span> <span class='ocrx_word' id='word_1_388' title='bbox 1422 4362 1757 4420; x_wconf 90' lang='lat' dir='ltr'><strong>secundum</strong></span> <span class='ocrx_word' id='word_1_389' title='bbox 1790 4365 2063 4424; x_wconf 89' lang='lat' dir='ltr'><strong>virtutem</strong></span> <span class='ocrx_word' id='word_1_390' title='bbox 2114 4376 2219 4438; x_wconf 89' lang='lat' dir='ltr'><strong>est,</strong></span> 
     </span>
    </p>
   </div>
   <div class='ocr_carea' id='block_1_63' title="bbox 565 4450 1330 4524">
    <p class='ocr_par' dir='ltr' id='par_1_63' title="bbox 565 4450 1330 4524">
     <span class='ocr_line' id='line_1_63' title="bbox 565 4450 1330 4524; baseline 0 -16"><span class='ocrx_word' id='word_1_391' title='bbox 565 4451 749 4524; x_wconf 90' lang='lat' dir='ltr'><strong>idque</strong></span> <span class='ocrx_word' id='word_1_392' title='bbox 787 4466 894 4523; x_wconf 90' lang='lat' dir='ltr'><strong>per</strong></span> <span class='ocrx_word' id='word_1_393' title='bbox 921 4450 1330 4521; x_wconf 84' lang='lat' dir='ltr'><strong>Evangelium.</strong></span> 
     </span>
    </p>
   </div>
   <div class='ocr_carea' id='block_1_64' title="bbox 641 4540 2223 4621">
    <p class='ocr_par' dir='ltr' id='par_1_64' title="bbox 641 4540 2223 4621">
     <span class='ocr_line' id='line_1_64' title="bbox 641 4540 2223 4621; baseline 0.006 -26"><span class='ocrx_word' id='word_1_394' title='bbox 641 4541 799 4597; x_wconf 86' lang='lat' dir='ltr'><strong>Vers.</strong></span> <span class='ocrx_word' id='word_1_395' title='bbox 835 4540 920 4597; x_wconf 89' lang='grc'><strong>18.</strong></span> <span class='ocrx_word' id='word_1_396' title='bbox 952 4541 1051 4596; x_wconf 78' lang='lat' dir='ltr'><strong>Ad</strong></span> <span class='ocrx_word' id='word_1_397' title='bbox 1077 4541 1415 4598; x_wconf 85' lang='lat' dir='ltr'><strong>sanandum</strong></span> <span class='ocrx_word' id='word_1_398' title='bbox 1446 4573 1514 4583; x_wconf 89' lang='lat'><strong>—-</strong></span> <span class='ocrx_word' id='word_1_399' title='bbox 1544 4544 1733 4601; x_wconf 80' lang='lat' dir='ltr'><strong>corde.</strong></span> <span class='ocrx_word' id='word_1_400' title='bbox 1769 4546 2036 4614; x_wconf 88' lang='lat' dir='ltr'><strong>Eosdem,</strong></span> <span class='ocrx_word' id='word_1_401' title='bbox 2089 4549 2223 4621; x_wconf 90' lang='lat' dir='ltr'><strong>qui-</strong></span> 
     </span>
    </p>
   </div>
   <div class='ocr_carea' id='block_1_65' title="bbox 561 4629 2066 4702">
    <p class='ocr_par' dir='ltr' id='par_1_65' title="bbox 561 4629 2066 4702">
     <span class='ocr_line' id='line_1_65' title="bbox 561 4629 2066 4702; baseline 0.005 -16"><span class='ocrx_word' id='word_1_402' title='bbox 561 4629 680 4686; x_wconf 88' lang='lat' dir='ltr'><strong>bus</strong></span> <span class='ocrx_word' id='word_1_403' title='bbox 707 4630 999 4700; x_wconf 87' lang='lat' dir='ltr'><strong>gravitate</strong></span> <span class='ocrx_word' id='word_1_404' title='bbox 1026 4635 1403 4702; x_wconf 87' lang='lat' dir='ltr'><strong>peccatorum</strong></span> <span class='ocrx_word' id='word_1_405' title='bbox 1436 4648 1538 4688; x_wconf 90' lang='lat' dir='ltr'><strong>cor</strong></span> <span class='ocrx_word' id='word_1_406' title='bbox 1569 4635 1885 4692; x_wconf 91' lang='lat' dir='ltr'><strong>contritum</strong></span> <span class='ocrx_word' id='word_1_407' title='bbox 1918 4642 2066 4693; x_wconf 91' lang='lat' dir='ltr'><strong>erat.</strong></span> 
     </span>
    </p>
   </div>
   <div class='ocr_carea' id='block_1_66' title="bbox 636 4720 2214 4797">
    <p class='ocr_par' dir='ltr' id='par_1_66' title="bbox 636 4720 2214 4797">
     <span class='ocr_line' id='line_1_66' title="bbox 636 4720 2214 4797; baseline 0.004 -22"><span class='ocrx_word' id='word_1_408' title='bbox 636 4722 798 4776; x_wconf 86' lang='lat' dir='ltr'><strong>Vers.</strong></span> <span class='ocrx_word' id='word_1_409' title='bbox 836 4722 918 4776; x_wconf 85' lang='grc'><strong>18.</strong></span> <span class='ocrx_word' id='word_1_410' title='bbox 965 4720 1063 4776; x_wconf 81' lang='lat' dir='ltr'><strong>Ad</strong></span> <span class='ocrx_word' id='word_1_411' title='bbox 1096 4721 1544 4791; x_wconf 77' lang='lat' dir='ltr'><strong>praedicandum</strong></span> <span class='ocrx_word' id='word_1_412' title='bbox 1572 4755 1639 4765; x_wconf 84' lang='lat'><strong>-—</strong></span> <span class='ocrx_word' id='word_1_413' title='bbox 1680 4724 1889 4782; x_wconf 83' lang='lat' dir='ltr'><strong>visum.</strong></span> <span class='ocrx_word' id='word_1_414' title='bbox 1938 4725 2214 4797; x_wconf 88' lang='lat' dir='ltr'><strong>Captivis,</strong></span> 
     </span>
    </p>
   </div>
   <div class='ocr_carea' id='block_1_67' title="bbox 560 4809 2215 4886">
    <p class='ocr_par' dir='ltr' id='par_1_67' title="bbox 560 4809 2215 4886">
     <span class='ocr_line' id='line_1_67' title="bbox 560 4809 2215 4886; baseline 0.004 -21"><span class='ocrx_word' id='word_1_415' title='bbox 560 4824 822 4883; x_wconf 89' lang='lat' dir='ltr'><strong>quorum</strong></span> <span class='ocrx_word' id='word_1_416' title='bbox 849 4810 1042 4866; x_wconf 88' lang='lat' dir='ltr'><strong>anima</strong></span> <span class='ocrx_word' id='word_1_417' title='bbox 1060 4826 1096 4867; x_wconf 88' lang='lat' dir='ltr'><strong>a</strong></span> <span class='ocrx_word' id='word_1_418' title='bbox 1115 4809 1358 4867; x_wconf 83' lang='lat' dir='ltr'><strong>diabolo</strong></span> <span class='ocrx_word' id='word_1_419' title='bbox 1376 4812 1554 4869; x_wconf 90' lang='lat' dir='ltr'><strong>ducta</strong></span> <span class='ocrx_word' id='word_1_420' title='bbox 1581 4817 1671 4868; x_wconf 90' lang='lat' dir='ltr'><strong>est</strong></span> <span class='ocrx_word' id='word_1_421' title='bbox 1702 4813 1764 4868; x_wconf 90' lang='lat' dir='ltr'><strong>in</strong></span> <span class='ocrx_word' id='word_1_422' title='bbox 1794 4815 2215 4886; x_wconf 85' lang='lat' dir='ltr'><strong>captivitatem.</strong></span> 
     </span>
    </p>
   </div>
   <div class='ocr_carea' id='block_1_68' title="bbox 560 4898 2214 4969">
    <p class='ocr_par' dir='ltr' id='par_1_68' title="bbox 560 4898 2214 4969">
     <span class='ocr_line' id='line_1_68' title="bbox 560 4898 2214 4969; baseline 0.003 -11"><span class='ocrx_word' id='word_1_423' title='bbox 560 4898 742 4958; x_wconf 75' lang='lat' dir='ltr'><strong>Cascis</strong></span> <span class='ocrx_word' id='word_1_424' title='bbox 768 4915 925 4969; x_wconf 86' lang='lat' dir='ltr'><strong>vero,</strong></span> <span class='ocrx_word' id='word_1_425' title='bbox 958 4900 1070 4956; x_wconf 91' lang='lat' dir='ltr'><strong>hoc</strong></span> <span class='ocrx_word' id='word_1_426' title='bbox 1130 4904 1235 4967; x_wconf 87' lang='lat' dir='ltr'><strong>est,</strong></span> <span class='ocrx_word' id='word_1_427' title='bbox 1279 4903 1553 4959; x_wconf 69' lang='lat' dir='ltr'><strong>exmcatis</strong></span> <span class='ocrx_word' id='word_1_428' title='bbox 1616 4908 1806 4960; x_wconf 85' lang='lat' dir='ltr'><strong>mente</strong></span> <span class='ocrx_word' id='word_1_429' title='bbox 1844 4902 1916 4959; x_wconf 84' lang='lat' dir='ltr'><strong>ab</strong></span> <span class='ocrx_word' id='word_1_430' title='bbox 1955 4903 2214 4963; x_wconf 76' lang='lat' dir='ltr'><strong>affectio-</strong></span> 
     </span>
    </p>
   </div>
   <div class='ocr_carea' id='block_1_69' title="bbox 630 5026 1815 5097">
    <p class='ocr_par' dir='ltr' id='par_1_69' title="bbox 630 5026 1815 5097">
     <span class='ocr_line' id='line_1_69' title="bbox 630 5026 1815 5097; baseline 0.003 -15"><span class='ocrx_word' id='word_1_431' title='bbox 630 5027 675 5062; x_wconf 79' lang='grc' dir='ltr'><strong>ιι</strong></span> <span class='ocrx_word' id='word_1_432' title='bbox 704 5026 904 5085; x_wconf 85' lang='lat' dir='ltr'><strong>Matth.</strong></span> <span class='ocrx_word' id='word_1_433' title='bbox 933 5043 1007 5097; x_wconf 78' lang='grc' dir='ltr'><strong>ιν,</strong></span> <span class='ocrx_word' id='word_1_434' title='bbox 1033 5031 1087 5083; x_wconf 87' lang='lat' dir='ltr'><strong>s.</strong></span> <span class='ocrx_word' id='word_1_435' title='bbox 1130 5028 1176 5063; x_wconf 72' lang='grc' dir='ltr'>ιι</span> <span class='ocrx_word' id='word_1_436' title='bbox 1204 5026 1353 5084; x_wconf 90' lang='lat' dir='ltr'><strong>Ibid.</strong></span> <span class='ocrx_word' id='word_1_437' title='bbox 1379 5030 1435 5085; x_wconf 73' lang='grc' dir='ltr'><strong>δ.</strong></span> <span class='ocrx_word' id='word_1_438' title='bbox 1478 5033 1524 5065; x_wconf 75' lang='grc' dir='ltr'><strong>ιε</strong></span> <span class='ocrx_word' id='word_1_439' title='bbox 1552 5028 1698 5087; x_wconf 90' lang='lat' dir='ltr'><strong>ibid.</strong></span> <span class='ocrx_word' id='word_1_440' title='bbox 1728 5033 1815 5087; x_wconf 74' lang='grc' dir='ltr'><strong>ιι.</strong></span> 
     </span>
    </p>
   </div>
   <div class='ocr_carea' id='block_1_70' title="bbox 2251 4495 2299 4552">
    <p class='ocr_par' dir='ltr' id='par_1_70' title="bbox 2251 4495 2299 4552">
     <span class='ocr_line' id='line_1_70' title="bbox 2251 4495 2299 4552; baseline 0 0"><span class='ocrx_word' id='word_1_441' title='bbox 2251 4495 2299 4552; x_wconf 93' lang='lat' dir='ltr'><strong>D</strong></span> 
     </span>
    </p>
   </div>
   <div class='ocr_carea' id='block_1_71' title="bbox 2423 1869 3991 1945">
    <p class='ocr_par' dir='ltr' id='par_1_71' title="bbox 2423 1869 3991 1945">
     <span class='ocr_line' id='line_1_71' title="bbox 2423 1869 3991 1945; baseline -0.002 -21"><span class='ocrx_word' id='word_1_442' title='bbox 2423 1877 2523 1924; x_wconf 78' lang='grc' dir='ltr'><strong>Καὶ</strong></span> <span class='ocrx_word' id='word_1_443' title='bbox 2579 1903 2641 1912; x_wconf 91' lang='grc'><strong><em>-</em></strong></span> <span class='ocrx_word' id='word_1_444' title='bbox 2705 1873 3072 1945; x_wconf 75' lang='grc' dir='ltr'>τεθραμμένος.</span> <span class='ocrx_word' id='word_1_445' title='bbox 3122 1874 3341 1945; x_wconf 80' lang='grc' dir='ltr'><strong>Εἴρηται</strong></span> <span class='ocrx_word' id='word_1_446' title='bbox 3382 1874 3500 1943; x_wconf 84' lang='grc' dir='ltr'>περὶ</span> <span class='ocrx_word' id='word_1_447' title='bbox 3541 1871 3740 1931; x_wconf 79' lang='grc' dir='ltr'>ταύτης</span> <span class='ocrx_word' id='word_1_448' title='bbox 3804 1869 3866 1922; x_wconf 75' lang='grc' dir='ltr'>ἰν</span> <span class='ocrx_word' id='word_1_449' title='bbox 3910 1878 3991 1941; x_wconf 71' lang='grc' dir='ltr'>τῷ</span> 
     </span>
    </p>
   </div>
   <div class='ocr_carea' id='block_1_72' title="bbox 2350 1960 3987 2036">
    <p class='ocr_par' dir='ltr' id='par_1_72' title="bbox 2350 1960 3987 2036">
     <span class='ocr_line' id='line_1_72' title="bbox 2350 1960 3987 2036; baseline -0.001 -23"><span class='ocrx_word' id='word_1_450' title='bbox 2350 1962 2567 2033; x_wconf 81' lang='grc' dir='ltr'>εἰκοστῷ</span> <span class='ocrx_word' id='word_1_451' title='bbox 2606 1964 2833 2036; x_wconf 79' lang='grc' dir='ltr'>τετάρτῳ</span> <span class='ocrx_word' id='word_1_452' title='bbox 2862 1960 3121 2034; x_wconf 75' lang='grc' dir='ltr'><strong>κεφαλαίῳ</strong></span> <span class='ocrx_word' id='word_1_453' title='bbox 3150 1968 3240 2013; x_wconf 85' lang='grc' dir='ltr'>τοῦ</span> <span class='ocrx_word' id='word_1_454' title='bbox 3262 1961 3400 2012; x_wconf 87' lang='grc' dir='ltr'><strong>κατά</strong></span> <span class='ocrx_word' id='word_1_455' title='bbox 3419 1961 3705 2025; x_wconf 74' lang='grc' dir='ltr'>Ματθαίον,</span> <span class='ocrx_word' id='word_1_456' title='bbox 3737 1961 3894 2033; x_wconf 76' lang='grc' dir='ltr'><strong>μετὰ</strong></span> <span class='ocrx_word' id='word_1_457' title='bbox 3924 1964 3987 2011; x_wconf 84' lang='grc' dir='ltr'><strong>τό</strong></span> 
     </span>
    </p>
   </div>
   <div class='ocr_carea' id='block_1_73' title="bbox 2348 2050 2958 2125">
    <p class='ocr_par' dir='ltr' id='par_1_73' title="bbox 2348 2050 2958 2125">
     <span class='ocr_line' id='line_1_73' title="bbox 2348 2050 2958 2125; baseline 0.007 -23"><span class='ocrx_word' id='word_1_458' title='bbox 2348 2051 2485 2112; x_wconf 83' lang='grc' dir='ltr'>τέλος</span> <span class='ocrx_word' id='word_1_459' title='bbox 2506 2060 2603 2103; x_wconf 85' lang='grc' dir='ltr'>τῶν</span> <span class='ocrx_word' id='word_1_460' title='bbox 2631 2072 2735 2125; x_wconf 88' lang='grc' dir='ltr'><strong>παρ</strong></span> <span class='ocrx_word' id='word_1_461' title='bbox 2743 2050 2958 2106; x_wconf 80' lang='grc' dir='ltr'>αϐολῶν.</span> 
     </span>
    </p>
   </div>
   <div class='ocr_carea' id='block_1_74' title="bbox 2424 2138 3348 2211">
    <p class='ocr_par' dir='ltr' id='par_1_74' title="bbox 2424 2138 3348 2211">
     <span class='ocr_line' id='line_1_74' title="bbox 2424 2138 3348 2211; baseline -0.001 -18"><span class='ocrx_word' id='word_1_462' title='bbox 2424 2146 2524 2193; x_wconf 80' lang='grc' dir='ltr'><strong>Καὶ</strong></span> <span class='ocrx_word' id='word_1_463' title='bbox 2596 2140 2803 2201; x_wconf 83' lang='grc' dir='ltr'>εἰσῆλθε</span> <span class='ocrx_word' id='word_1_464' title='bbox 2883 2172 2950 2181; x_wconf 93' lang='grc'><strong>-</strong></span> <span class='ocrx_word' id='word_1_465' title='bbox 3040 2138 3348 2211; x_wconf 78' lang='grc' dir='ltr'>ἀναγνῶναι.</span> 
     </span>
    </p>
   </div>
   <div class='ocr_carea' id='block_1_75' title="bbox 2349 2223 3976 2295">
    <p class='ocr_par' dir='ltr' id='par_1_75' title="bbox 2349 2223 3976 2295">
     <span class='ocr_line' id='line_1_75' title="bbox 2349 2223 3976 2295; baseline -0.002 -12"><span class='ocrx_word' id='word_1_466' title='bbox 2349 2239 2446 2284; x_wconf 84' lang='grc' dir='ltr'>τὼν</span> <span class='ocrx_word' id='word_1_467' title='bbox 2474 2227 2813 2283; x_wconf 78' lang='grc' dir='ltr'>διδασκάλων</span> <span class='ocrx_word' id='word_1_468' title='bbox 2843 2238 2933 2282; x_wconf 84' lang='grc' dir='ltr'>τοῦ</span> <span class='ocrx_word' id='word_1_469' title='bbox 2971 2230 3117 2295; x_wconf 69' lang='grc' dir='ltr'>λαοῦ,</span> <span class='ocrx_word' id='word_1_470' title='bbox 3151 2231 3221 2290; x_wconf 81' lang='grc' dir='ltr'>ὡς</span> <span class='ocrx_word' id='word_1_471' title='bbox 3261 2233 3351 2279; x_wconf 83' lang='grc' dir='ltr'><strong>καὶ</strong></span> <span class='ocrx_word' id='word_1_472' title='bbox 3398 2227 3552 2289; x_wconf 72' lang='grc' dir='ltr'>αὐτὸς</span> <span class='ocrx_word' id='word_1_473' title='bbox 3600 2223 3976 2291; x_wconf 79' lang='grc' dir='ltr'>διδάσκαλος,</span> 
     </span>
    </p>
   </div>
   <div class='ocr_carea' id='block_1_76' title="bbox 2349 2316 3972 2391">
    <p class='ocr_par' dir='ltr' id='par_1_76' title="bbox 2349 2316 3972 2391">
     <span class='ocr_line' id='line_1_76' title="bbox 2349 2316 3972 2391; baseline -0.002 -19"><span class='ocrx_word' id='word_1_474' title='bbox 2349 2322 2377 2379; x_wconf 76' lang='grc' dir='ltr'>ἡ</span> <span class='ocrx_word' id='word_1_475' title='bbox 2428 2321 2510 2372; x_wconf 80' lang='grc' dir='ltr'><strong>ἵνα</strong></span> <span class='ocrx_word' id='word_1_476' title='bbox 2560 2327 2745 2391; x_wconf 84' lang='grc' dir='ltr'>γνοῖεν,</span> <span class='ocrx_word' id='word_1_477' title='bbox 2816 2319 2859 2371; x_wconf 87' lang='grc' dir='ltr'>εἰ</span> <span class='ocrx_word' id='word_1_478' title='bbox 2912 2317 3132 2372; x_wconf 82' lang='grc' dir='ltr'>δύναται</span> <span class='ocrx_word' id='word_1_479' title='bbox 3185 2316 3578 2388; x_wconf 73' lang='grc' dir='ltr'>ἀναγινώσκειν.</span> <span class='ocrx_word' id='word_1_480' title='bbox 3647 2322 3723 2389; x_wconf 79' lang='grc' dir='ltr'><em>μὴ</em></span> <span class='ocrx_word' id='word_1_481' title='bbox 3781 2320 3972 2389; x_wconf 71' lang='grc' dir='ltr'>μαθὼν</span> 
     </span>
    </p>
   </div>
   <div class='ocr_carea' id='block_1_77' title="bbox 3448 2140 3981 2213">
    <p class='ocr_par' dir='ltr' id='par_1_77' title="bbox 3448 2140 3981 2213">
     <span class='ocr_line' id='line_1_77' title="bbox 3448 2140 3981 2213; baseline 0.002 -22"><span class='ocrx_word' id='word_1_482' title='bbox 3448 2142 3780 2213; x_wconf 81' lang='grc' dir='ltr'>Προτραπεὶς</span> <span class='ocrx_word' id='word_1_483' title='bbox 3872 2140 3981 2192; x_wconf 78' lang='grc' dir='ltr'><strong>ὑπό</strong></span> 
     </span>
    </p>
   </div>
   <div class='ocr_carea' id='block_1_78' title="bbox 2347 2430 2653 2486">
    <p class='ocr_par' dir='ltr' id='par_1_78' title="bbox 2347 2430 2653 2486">
     <span class='ocr_line' id='line_1_78' title="bbox 2347 2430 2653 2486; baseline -0.003 -24"><span class='ocrx_word' id='word_1_484' title='bbox 2347 2430 2653 2486; x_wconf 75' lang='grc' dir='ltr'>γράμματα.</span> 
     </span>
    </p>
   </div>
   <div class='ocr_carea' id='block_1_79' title="bbox 2422 2495 3965 2571">
    <p class='ocr_par' dir='ltr' id='par_1_79' title="bbox 2422 2495 3965 2571">
     <span class='ocr_line' id='line_1_79' title="bbox 2422 2495 3965 2571; baseline -0.003 -19"><span class='ocrx_word' id='word_1_485' title='bbox 2422 2505 2522 2553; x_wconf 85' lang='grc' dir='ltr'><strong>Καὶ</strong></span> <span class='ocrx_word' id='word_1_486' title='bbox 2567 2497 2787 2557; x_wconf 78' lang='grc' dir='ltr'>ἐπεδόθη</span> <span class='ocrx_word' id='word_1_487' title='bbox 2845 2529 2913 2539; x_wconf 91' lang='grc'><strong><em>-</em></strong></span> <span class='ocrx_word' id='word_1_488' title='bbox 2976 2496 3079 2571; x_wconf 72' lang='grc' dir='ltr'><strong>ἔμε.</strong></span> <span class='ocrx_word' id='word_1_489' title='bbox 3132 2497 3257 2550; x_wconf 77' lang='grc' dir='ltr'>Κατ’</span> <span class='ocrx_word' id='word_1_490' title='bbox 3304 2496 3600 2566; x_wconf 81' lang='grc' dir='ltr'>οἰκονομίαν</span> <span class='ocrx_word' id='word_1_491' title='bbox 3632 2496 3779 2568; x_wconf 76' lang='grc' dir='ltr'>εὗρεν</span> <span class='ocrx_word' id='word_1_492' title='bbox 3807 2495 3965 2557; x_wconf 73' lang='grc' dir='ltr'>εὖθύς</span> 
     </span>
    </p>
   </div>
   <div class='ocr_carea' id='block_1_80' title="bbox 2345 2586 3960 2663">
    <p class='ocr_par' dir='ltr' id='par_1_80' title="bbox 2345 2586 3960 2663">
     <span class='ocr_line' id='line_1_80' title="bbox 2345 2586 3960 2663; baseline -0.004 -21"><span class='ocrx_word' id='word_1_493' title='bbox 2345 2593 2408 2642; x_wconf 80' lang='grc' dir='ltr'>τὰ</span> <span class='ocrx_word' id='word_1_494' title='bbox 2441 2593 2551 2663; x_wconf 81' lang='grc' dir='ltr'>περὶ</span> <span class='ocrx_word' id='word_1_495' title='bbox 2589 2597 2684 2650; x_wconf 84' lang='grc' dir='ltr'>τῆς</span> <span class='ocrx_word' id='word_1_496' title='bbox 2729 2590 2967 2649; x_wconf 74' lang='grc' dir='ltr'>θεότητος</span> <span class='ocrx_word' id='word_1_497' title='bbox 3020 2586 3180 2638; x_wconf 76' lang='grc' dir='ltr'>αὐτοῦ</span> <span class='ocrx_word' id='word_1_498' title='bbox 3212 2586 3369 2660; x_wconf 80' lang='grc' dir='ltr'>ῥητά.</span> <span class='ocrx_word' id='word_1_499' title='bbox 3412 2587 3507 2636; x_wconf 77' lang='grc' dir='ltr'><strong>Διά</strong></span> <span class='ocrx_word' id='word_1_500' title='bbox 3548 2592 3642 2636; x_wconf 78' lang='grc' dir='ltr'>τοῦ</span> <span class='ocrx_word' id='word_1_501' title='bbox 3682 2590 3960 2657; x_wconf 71' lang='grc' dir='ltr'>προφήτου</span> 
     </span>
    </p>
   </div>
   <div class='ocr_carea' id='block_1_81' title="bbox 2345 2672 3957 2753">
    <p class='ocr_par' dir='ltr' id='par_1_81' title="bbox 2345 2672 3957 2753">
     <span class='ocr_line' id='line_1_81' title="bbox 2345 2672 3957 2753; baseline -0.004 -22"><span class='ocrx_word' id='word_1_502' title='bbox 2345 2681 2447 2753; x_wconf 85' lang='grc' dir='ltr'>γὰρ</span> <span class='ocrx_word' id='word_1_503' title='bbox 2529 2678 2681 2738; x_wconf 76' lang='grc' dir='ltr'>αὐτός</span> <span class='ocrx_word' id='word_1_504' title='bbox 2754 2684 2920 2729; x_wconf 72' lang='grc' dir='ltr'>ταῦτα</span> <span class='ocrx_word' id='word_1_505' title='bbox 2996 2680 3439 2749; x_wconf 77' lang='grc' dir='ltr'>προανεφώνησεν.</span> <span class='ocrx_word' id='word_1_506' title='bbox 3518 2672 3606 2735; x_wconf 78' lang='grc' dir='ltr'>Ὠς</span> <span class='ocrx_word' id='word_1_507' title='bbox 3682 2675 3957 2745; x_wconf 74' lang='grc' dir='ltr'>ἄνθρωπος</span> 
     </span>
    </p>
   </div>
   <div class='ocr_carea' id='block_1_82' title="bbox 2348 2761 3951 2841">
    <p class='ocr_par' dir='ltr' id='par_1_82' title="bbox 2348 2761 3951 2841">
     <span class='ocr_line' id='line_1_82' title="bbox 2348 2761 3951 2841; baseline -0.005 -20"><span class='ocrx_word' id='word_1_508' title='bbox 2348 2766 2407 2821; x_wconf 78' lang='grc' dir='ltr'>δὲ</span> <span class='ocrx_word' id='word_1_509' title='bbox 2446 2787 2623 2841; x_wconf 68' lang='grc' dir='ltr'>φησιν,</span> <span class='ocrx_word' id='word_1_510' title='bbox 2669 2768 2747 2819; x_wconf 85' lang='grc' dir='ltr'>ὅτι</span> <span class='ocrx_word' id='word_1_511' title='bbox 2798 2768 2969 2826; x_wconf 78' lang='grc' dir='ltr'>θέότης</span> <span class='ocrx_word' id='word_1_512' title='bbox 3004 2767 3219 2838; x_wconf 79' lang='grc' dir='ltr'>Κυριού,</span> <span class='ocrx_word' id='word_1_513' title='bbox 3252 2768 3391 2832; x_wconf 76' lang='grc' dir='ltr'>ἤτοι,</span> <span class='ocrx_word' id='word_1_514' title='bbox 3438 2770 3529 2815; x_wconf 73' lang='grc' dir='ltr'>τοῦ</span> <span class='ocrx_word' id='word_1_515' title='bbox 3563 2764 3704 2829; x_wconf 76' lang='grc' dir='ltr'>Υἱοῡ,</span> <span class='ocrx_word' id='word_1_516' title='bbox 3748 2761 3833 2813; x_wconf 73' lang='grc' dir='ltr'><strong>ἐπ’</strong></span> <span class='ocrx_word' id='word_1_517' title='bbox 3858 2762 3951 2833; x_wconf 71' lang='grc' dir='ltr'><strong>ἐμὲ</strong></span> 
     </span>
    </p>
   </div>
   <div class='ocr_carea' id='block_1_83' title="bbox 2345 2856 3937 2925">
    <p class='ocr_par' dir='ltr' id='par_1_83' title="bbox 2345 2856 3937 2925">
     <span class='ocr_line' id='line_1_83' title="bbox 2345 2856 3937 2925; baseline -0.007 -15"><span class='ocrx_word' id='word_1_518' title='bbox 2345 2863 2431 2910; x_wconf 85' lang='grc' dir='ltr'>τὸν</span> <span class='ocrx_word' id='word_1_519' title='bbox 2486 2859 2709 2920; x_wconf 81' lang='grc' dir='ltr'>Ἰησουν,</span> <span class='ocrx_word' id='word_1_520' title='bbox 2765 2861 3050 2925; x_wconf 71' lang='grc' dir='ltr'>τουτέστιν,</span> <span class='ocrx_word' id='word_1_521' title='bbox 3082 2856 3107 2906; x_wconf 90' lang='grc' dir='ltr'><strong>ό</strong></span> <span class='ocrx_word' id='word_1_522' title='bbox 3160 2858 3287 2915; x_wconf 83' lang='grc' dir='ltr'>Θεὸς</span> <span class='ocrx_word' id='word_1_523' title='bbox 3333 2856 3526 2911; x_wconf 77' lang='grc' dir='ltr'>ἧνωταί</span> <span class='ocrx_word' id='word_1_524' title='bbox 3566 2872 3671 2923; x_wconf 86' lang='grc' dir='ltr'>μοι,</span> <span class='ocrx_word' id='word_1_525' title='bbox 3725 2857 3937 2920; x_wconf 69' lang='grc' dir='ltr'>Πνεῦμα</span> 
     </span>
    </p>
   </div>
   <div class='ocr_carea' id='block_1_84' title="bbox 2344 2941 3936 3020">
    <p class='ocr_par' dir='ltr' id='par_1_84' title="bbox 2344 2941 3936 3020">
     <span class='ocr_line' id='line_1_84' title="bbox 2344 2941 3936 3020; baseline -0.006 -20"><span class='ocrx_word' id='word_1_526' title='bbox 2344 2950 2466 3020; x_wconf 81' lang='grc' dir='ltr'>γὰρ,</span> <span class='ocrx_word' id='word_1_527' title='bbox 2517 2952 2611 3005; x_wconf 73' lang='grc' dir='ltr'>τὴν</span> <span class='ocrx_word' id='word_1_528' title='bbox 2662 2948 2880 3003; x_wconf 87' lang='grc' dir='ltr'>θεότητα</span> <span class='ocrx_word' id='word_1_529' title='bbox 2924 2951 3014 2996; x_wconf 80' lang='grc' dir='ltr'>τοῦ</span> <span class='ocrx_word' id='word_1_530' title='bbox 3044 2946 3166 2997; x_wconf 81' lang='grc' dir='ltr'><strong>Υἰοῡ</strong></span> <span class='ocrx_word' id='word_1_531' title='bbox 3201 2948 3388 3000; x_wconf 77' lang='grc' dir='ltr'>νόησον</span> <span class='ocrx_word' id='word_1_532' title='bbox 3419 2941 3706 2994; x_wconf 69' lang='grc' dir='ltr'>κάνταῦθα.</span> <span class='ocrx_word' id='word_1_533' title='bbox 3732 2946 3936 3012; x_wconf 54' lang='lat' dir='ltr'><strong>“stupe:</strong></span> 
     </span>
    </p>
   </div>
   <div class='ocr_carea' id='block_1_85' title="bbox 2347 3029 3950 3110">
    <p class='ocr_par' dir='ltr' id='par_1_85' title="bbox 2347 3029 3950 3110">
     <span class='ocr_line' id='line_1_85' title="bbox 2347 3029 3950 3110; baseline -0.006 -21"><span class='ocrx_word' id='word_1_534' title='bbox 2347 3034 2406 3089; x_wconf 72' lang='grc' dir='ltr'>δὲ</span> <span class='ocrx_word' id='word_1_535' title='bbox 2446 3041 2637 3110; x_wconf 79' lang='grc' dir='ltr'>Κυρίου</span> <span class='ocrx_word' id='word_1_536' title='bbox 2687 3033 2762 3086; x_wconf 73' lang='grc' dir='ltr'><strong>ἔπ’</strong></span> <span class='ocrx_word' id='word_1_537' title='bbox 2803 3033 2908 3107; x_wconf 64' lang='grc' dir='ltr'><strong>ἐμὲ,</strong></span> <span class='ocrx_word' id='word_1_538' title='bbox 2957 3030 3049 3085; x_wconf 71' lang='grc' dir='ltr'><strong>διὰ</strong></span> <span class='ocrx_word' id='word_1_539' title='bbox 3094 3037 3153 3084; x_wconf 88' lang='grc' dir='ltr'><strong>τό</strong></span> <span class='ocrx_word' id='word_1_540' title='bbox 3199 3034 3432 3090; x_wconf 82' lang='grc' dir='ltr'>σωθῆναι</span> <span class='ocrx_word' id='word_1_541' title='bbox 3467 3034 3589 3092; x_wconf 77' lang='grc' dir='ltr'>τοὺς</span> <span class='ocrx_word' id='word_1_542' title='bbox 3628 3029 3950 3103; x_wconf 75' lang='grc' dir='ltr'>ἀνθρώπους.</span> 
     </span>
    </p>
   </div>
   <div class='ocr_carea' id='block_1_86' title="bbox 2264 3116 3954 3203">
    <p class='ocr_par' dir='ltr' id='par_1_86' title="bbox 2264 3116 3954 3203">
     <span class='ocr_line' id='line_1_86' title="bbox 2264 3116 3954 3203; baseline -0.005 -25"><span class='ocrx_word' id='word_1_543' title='bbox 2264 3145 2305 3203; x_wconf 73' lang='grc' dir='ltr'><strong>ρ</strong></span> <span class='ocrx_word' id='word_1_544' title='bbox 2344 3133 2506 3179; x_wconf 67' lang='grc' dir='ltr'>Τοῦτο</span> <span class='ocrx_word' id='word_1_545' title='bbox 2548 3128 2648 3199; x_wconf 72' lang='grc' dir='ltr'><strong>γὰρ</strong></span> <span class='ocrx_word' id='word_1_546' title='bbox 2681 3122 2903 3175; x_wconf 83' lang='grc' dir='ltr'>ἐλλεῖπον</span> <span class='ocrx_word' id='word_1_547' title='bbox 2936 3120 3350 3186; x_wconf 79' lang='grc' dir='ltr'>συνεξακούεται,</span> <span class='ocrx_word' id='word_1_548' title='bbox 3396 3124 3487 3172; x_wconf 84' lang='grc' dir='ltr'><strong>καὶ</strong></span> <span class='ocrx_word' id='word_1_549' title='bbox 3517 3116 3677 3179; x_wconf 77' lang='grc' dir='ltr'>δῆλον</span> <span class='ocrx_word' id='word_1_550' title='bbox 3729 3117 3833 3171; x_wconf 78' lang='grc' dir='ltr'><strong>ἀπὸ</strong></span> <span class='ocrx_word' id='word_1_551' title='bbox 3864 3126 3954 3170; x_wconf 82' lang='grc' dir='ltr'>τοῦ</span> 
     </span>
    </p>
   </div>
   <div class='ocr_carea' id='block_1_87' title="bbox 2345 3215 2722 3289">
    <p class='ocr_par' dir='ltr' id='par_1_87' title="bbox 2345 3215 2722 3289">
     <span class='ocr_line' id='line_1_87' title="bbox 2345 3215 2722 3289; baseline -0.005 -22"><span class='ocrx_word' id='word_1_552' title='bbox 2345 3215 2520 3288; x_wconf 77' lang='grc' dir='ltr'><strong>ἐφεξῆς</strong></span> <span class='ocrx_word' id='word_1_553' title='bbox 2539 3216 2722 3289; x_wconf 79' lang='grc' dir='ltr'>ῥητοῦ.</span> 
     </span>
    </p>
   </div>
   <div class='ocr_carea' id='block_1_88' title="bbox 2416 3434 3947 3515">
    <p class='ocr_par' dir='ltr' id='par_1_88' title="bbox 2416 3434 3947 3515">
     <span class='ocr_line' id='line_1_88' title="bbox 2416 3434 3947 3515; baseline -0.007 -19"><span class='ocrx_word' id='word_1_554' title='bbox 2416 3445 2492 3497; x_wconf 83' lang='grc' dir='ltr'><strong>Οὗ</strong></span> <span class='ocrx_word' id='word_1_555' title='bbox 2521 3445 2700 3496; x_wconf 85' lang='grc' dir='ltr'>εῖνεκεν</span> <span class='ocrx_word' id='word_1_556' title='bbox 2751 3444 2937 3515; x_wconf 74' lang='grc' dir='ltr'>ἔχρισέ</span> <span class='ocrx_word' id='word_1_557' title='bbox 2985 3457 3068 3513; x_wconf 81' lang='grc' dir='ltr'><strong>με.</strong></span> <span class='ocrx_word' id='word_1_558' title='bbox 3130 3438 3206 3491; x_wconf 79' lang='grc' dir='ltr'><strong>Οὔ</strong></span> <span class='ocrx_word' id='word_1_559' title='bbox 3260 3437 3441 3489; x_wconf 81' lang='grc' dir='ltr'>εἵνεκεν</span> <span class='ocrx_word' id='word_1_560' title='bbox 3491 3435 3587 3507; x_wconf 85' lang='grc'><strong>(5),</strong></span> <span class='ocrx_word' id='word_1_561' title='bbox 3644 3434 3707 3486; x_wconf 75' lang='grc' dir='ltr'>οὗ</span> <span class='ocrx_word' id='word_1_562' title='bbox 3762 3438 3947 3509; x_wconf 78' lang='grc' dir='ltr'>χάριν,</span> 
     </span>
    </p>
   </div>
   <div class='ocr_carea' id='block_1_89' title="bbox 2343 3519 3945 3607">
    <p class='ocr_par' dir='ltr' id='par_1_89' title="bbox 2343 3519 3945 3607">
     <span class='ocr_line' id='line_1_89' title="bbox 2343 3519 3945 3607; baseline -0.007 -21"><span class='ocrx_word' id='word_1_563' title='bbox 2343 3538 2527 3607; x_wconf 74' lang='grc' dir='ltr'>ἔχρισε</span> <span class='ocrx_word' id='word_1_564' title='bbox 2576 3551 2637 3604; x_wconf 74' lang='grc' dir='ltr'>με</span> <span class='ocrx_word' id='word_1_565' title='bbox 2680 3534 2767 3582; x_wconf 89' lang='grc' dir='ltr'>τὸν</span> <span class='ocrx_word' id='word_1_566' title='bbox 2805 3531 3074 3603; x_wconf 81' lang='grc' dir='ltr'>ἄνθρωπον</span> <span class='ocrx_word' id='word_1_567' title='bbox 3124 3528 3148 3578; x_wconf 85' lang='grc' dir='ltr'><strong>ό</strong></span> <span class='ocrx_word' id='word_1_568' title='bbox 3188 3531 3332 3586; x_wconf 86' lang='grc' dir='ltr'>Θεός.</span> <span class='ocrx_word' id='word_1_569' title='bbox 3392 3528 3576 3597; x_wconf 76' lang='grc' dir='ltr'>ἔχρισε</span> <span class='ocrx_word' id='word_1_570' title='bbox 3622 3519 3682 3577; x_wconf 74' lang='grc' dir='ltr'><strong>δε</strong></span> <span class='ocrx_word' id='word_1_571' title='bbox 3711 3542 3795 3595; x_wconf 76' lang='grc' dir='ltr'><strong>με,</strong></span> <span class='ocrx_word' id='word_1_572' title='bbox 3855 3523 3945 3575; x_wconf 68' lang='grc' dir='ltr'>οὐκ</span> 
     </span>
    </p>
   </div>
   <div class='ocr_carea' id='block_1_90' title="bbox 2342 3611 3943 3694">
    <p class='ocr_par' dir='ltr' id='par_1_90' title="bbox 2342 3611 3943 3694">
     <span class='ocr_line' id='line_1_90' title="bbox 2342 3611 3943 3694; baseline -0.006 -19"><span class='ocrx_word' id='word_1_573' title='bbox 2342 3623 2512 3694; x_wconf 81' lang='grc' dir='ltr'>ἐλαίῳ,</span> <span class='ocrx_word' id='word_1_574' title='bbox 2554 3622 2786 3693; x_wconf 83' lang='grc' dir='ltr'>καθάπερ</span> <span class='ocrx_word' id='word_1_575' title='bbox 2842 3622 2965 3680; x_wconf 76' lang='grc' dir='ltr'>τοὺς</span> <span class='ocrx_word' id='word_1_576' title='bbox 3014 3615 3250 3690; x_wconf 78' lang='grc' dir='ltr'>βασιλεῖς</span> <span class='ocrx_word' id='word_1_577' title='bbox 3281 3618 3480 3686; x_wconf 75' lang='grc' dir='ltr'>ἔχριον,</span> <span class='ocrx_word' id='word_1_578' title='bbox 3535 3611 3662 3665; x_wconf 78' lang='grc' dir='ltr'>ἀλλὰ</span> <span class='ocrx_word' id='word_1_579' title='bbox 3711 3619 3772 3684; x_wconf 72' lang='grc' dir='ltr'><strong>τῇ</strong></span> <span class='ocrx_word' id='word_1_580' title='bbox 3833 3613 3943 3665; x_wconf 66' lang='grc' dir='ltr'>θεός</span> 
     </span>
    </p>
   </div>
   <div class='ocr_carea' id='block_1_91' title="bbox 2340 3730 2482 3769">
    <p class='ocr_par' dir='ltr' id='par_1_91' title="bbox 2340 3730 2482 3769">
     <span class='ocr_line' id='line_1_91' title="bbox 2340 3730 2482 3769; baseline 0.014 -6"><span class='ocrx_word' id='word_1_581' title='bbox 2340 3730 2482 3769; x_wconf 86' lang='grc' dir='ltr'>τητι.</span> 
     </span>
    </p>
   </div>
   <div class='ocr_carea' id='block_1_92' title="bbox 2412 3793 3596 3871">
    <p class='ocr_par' dir='ltr' id='par_1_92' title="bbox 2412 3793 3596 3871">
     <span class='ocr_line' id='line_1_92' title="bbox 2412 3793 3596 3871; baseline 0.005 -19"><span class='ocrx_word' id='word_1_582' title='bbox 2412 3799 2873 3871; x_wconf 73' lang='grc' dir='ltr'>Εὐαγγελίσασθαι</span> <span class='ocrx_word' id='word_1_583' title='bbox 2942 3826 3008 3837; x_wconf 92' lang='grc'><strong>--</strong></span> <span class='ocrx_word' id='word_1_584' title='bbox 3082 3814 3170 3869; x_wconf 77' lang='grc' dir='ltr'>με.</span> <span class='ocrx_word' id='word_1_585' title='bbox 3247 3793 3305 3847; x_wconf 80' lang='grc' dir='ltr'>Ὀ</span> <span class='ocrx_word' id='word_1_586' title='bbox 3393 3795 3596 3865; x_wconf 74' lang='grc' dir='ltr'>Πατὴρ,</span> 
     </span>
    </p>
   </div>
   <div class='ocr_carea' id='block_1_93' title="bbox 2342 3881 3931 3961">
    <p class='ocr_par' dir='ltr' id='par_1_93' title="bbox 2342 3881 3931 3961">
     <span class='ocr_line' id='line_1_93' title="bbox 2342 3881 3931 3961; baseline -0.006 -19"><span class='ocrx_word' id='word_1_587' title='bbox 2342 3893 2596 3961; x_wconf 79' lang='grc' dir='ltr'>Πτωχοὺς</span> <span class='ocrx_word' id='word_1_588' title='bbox 2649 3885 2708 3941; x_wconf 73' lang='grc' dir='ltr'><strong>δε</strong></span> <span class='ocrx_word' id='word_1_589' title='bbox 2754 3887 2906 3958; x_wconf 72' lang='grc' dir='ltr'>λέγει,</span> <span class='ocrx_word' id='word_1_590' title='bbox 2967 3888 3082 3946; x_wconf 80' lang='grc' dir='ltr'>τοὺς</span> <span class='ocrx_word' id='word_1_591' title='bbox 3146 3884 3200 3946; x_wconf 84' lang='grc' dir='ltr'><strong>ἐξ</strong></span> <span class='ocrx_word' id='word_1_592' title='bbox 3242 3881 3415 3947; x_wconf 71' lang='grc' dir='ltr'><strong>ἐθνῶν,</strong></span> <span class='ocrx_word' id='word_1_593' title='bbox 3471 3884 3537 3941; x_wconf 83' lang='grc' dir='ltr'>ὡς</span> <span class='ocrx_word' id='word_1_594' title='bbox 3597 3883 3667 3952; x_wconf 80' lang='grc' dir='ltr'><strong>μὴ</strong></span> <span class='ocrx_word' id='word_1_595' title='bbox 3720 3882 3931 3951; x_wconf 75' lang='grc' dir='ltr'>ἔχοντας</span> 
     </span>
    </p>
   </div>
   <div class='ocr_carea' id='block_1_94' title="bbox 2338 3973 3931 4044">
    <p class='ocr_par' dir='ltr' id='par_1_94' title="bbox 2338 3973 3931 4044">
     <span class='ocr_line' id='line_1_94' title="bbox 2338 3973 3931 4044; baseline -0.004 -13"><span class='ocrx_word' id='word_1_596' title='bbox 2338 3982 2425 4032; x_wconf 87' lang='grc' dir='ltr'>τὸν</span> <span class='ocrx_word' id='word_1_597' title='bbox 2478 3978 2695 4030; x_wconf 79' lang='grc' dir='ltr'>πλοῦτον</span> <span class='ocrx_word' id='word_1_598' title='bbox 2773 3984 2870 4038; x_wconf 84' lang='grc' dir='ltr'>τῆς</span> <span class='ocrx_word' id='word_1_599' title='bbox 2946 3973 3227 4042; x_wconf 70' lang='grc' dir='ltr'>εὐσεϐείας,</span> <span class='ocrx_word' id='word_1_600' title='bbox 3288 3976 3374 4025; x_wconf 77' lang='grc' dir='ltr'><strong>καὶ</strong></span> <span class='ocrx_word' id='word_1_601' title='bbox 3460 3974 3689 4044; x_wconf 68' lang='grc' dir='ltr'>γυμνοὺς</span> <span class='ocrx_word' id='word_1_602' title='bbox 3751 3975 3931 4032; x_wconf 83' lang='grc' dir='ltr'>παντὸς</span> 
     </span>
    </p>
   </div>
   <div class='ocr_carea' id='block_1_95' title="bbox 3674 3786 3934 3849">
    <p class='ocr_par' dir='ltr' id='par_1_95' title="bbox 3674 3786 3934 3849">
     <span class='ocr_line' id='line_1_95' title="bbox 3674 3786 3934 3849; baseline 0.019 -6"><span class='ocrx_word' id='word_1_603' title='bbox 3674 3786 3934 3849; x_wconf 83' lang='grc' dir='ltr'>δηλονότι.</span> 
     </span>
    </p>
   </div>
   <div class='ocr_carea' id='block_1_96' title="bbox 2339 4069 2559 4141">
    <p class='ocr_par' dir='ltr' id='par_1_96' title="bbox 2339 4069 2559 4141">
     <span class='ocr_line' id='line_1_96' title="bbox 2339 4069 2559 4141; baseline 0 -19"><span class='ocrx_word' id='word_1_604' title='bbox 2339 4069 2559 4141; x_wconf 69' lang='grc' dir='ltr'>ἀγαθοῦ.</span> 
     </span>
    </p>
   </div>
   <div class='ocr_carea' id='block_1_97' title="bbox 2407 4148 3923 4225">
    <p class='ocr_par' dir='ltr' id='par_1_97' title="bbox 2407 4148 3923 4225">
     <span class='ocr_line' id='line_1_97' title="bbox 2407 4148 3923 4225; baseline -0.007 -14"><span class='ocrx_word' id='word_1_605' title='bbox 2407 4159 2476 4212; x_wconf 83' lang='grc' dir='ltr'><strong>’Ἡ</strong></span> <span class='ocrx_word' id='word_1_606' title='bbox 2507 4162 2597 4210; x_wconf 79' lang='grc' dir='ltr'><strong>καὶ</strong></span> <span class='ocrx_word' id='word_1_607' title='bbox 2645 4160 2763 4217; x_wconf 80' lang='grc' dir='ltr'>τοὺς</span> <span class='ocrx_word' id='word_1_608' title='bbox 2809 4150 3120 4217; x_wconf 83' lang='grc' dir='ltr'>Ἰουδαίους,</span> <span class='ocrx_word' id='word_1_609' title='bbox 3174 4154 3423 4223; x_wconf 81' lang='grc' dir='ltr'>πτωχοὺς</span> <span class='ocrx_word' id='word_1_610' title='bbox 3467 4153 3610 4210; x_wconf 82' lang='grc' dir='ltr'>ὄντας</span> <span class='ocrx_word' id='word_1_611' title='bbox 3659 4148 3708 4202; x_wconf 70' lang='grc' dir='ltr'>ἓν</span> <span class='ocrx_word' id='word_1_612' title='bbox 3756 4148 3923 4225; x_wconf 69' lang='grc' dir='ltr'>ἀρετῇ,</span> 
     </span>
    </p>
   </div>
   <div class='ocr_carea' id='block_1_98' title="bbox 2336 4238 3925 4319">
    <p class='ocr_par' dir='ltr' id='par_1_98' title="bbox 2336 4238 3925 4319">
     <span class='ocr_line' id='line_1_98' title="bbox 2336 4238 3925 4319; baseline -0.008 -17"><span class='ocrx_word' id='word_1_613' title='bbox 2336 4250 2414 4310; x_wconf 87' lang='grc' dir='ltr'>οἷς</span> <span class='ocrx_word' id='word_1_614' title='bbox 2463 4250 2592 4319; x_wconf 74' lang='grc' dir='ltr'><strong>ὁμοῦ</strong></span> <span class='ocrx_word' id='word_1_615' title='bbox 2643 4253 2803 4299; x_wconf 78' lang='grc' dir='ltr'>πᾶσιν</span> <span class='ocrx_word' id='word_1_616' title='bbox 2839 4243 3212 4314; x_wconf 69' lang='grc' dir='ltr'>εὐηγγελίσατο</span> <span class='ocrx_word' id='word_1_617' title='bbox 3261 4246 3353 4299; x_wconf 79' lang='grc' dir='ltr'>τὴν</span> <span class='ocrx_word' id='word_1_618' title='bbox 3384 4238 3667 4302; x_wconf 74' lang='grc' dir='ltr'>εὐσέϐειαν,</span> <span class='ocrx_word' id='word_1_619' title='bbox 3710 4245 3796 4291; x_wconf 76' lang='grc' dir='ltr'><strong>καὶ</strong></span> <span class='ocrx_word' id='word_1_620' title='bbox 3838 4244 3925 4297; x_wconf 74' lang='grc' dir='ltr'>τήν</span> 
     </span>
    </p>
   </div>
   <div class='ocr_carea' id='block_1_99' title="bbox 2335 4329 3481 4410">
    <p class='ocr_par' dir='ltr' id='par_1_99' title="bbox 2335 4329 3481 4410">
     <span class='ocr_line' id='line_1_99' title="bbox 2335 4329 3481 4410; baseline -0.008 -19"><span class='ocrx_word' id='word_1_621' title='bbox 2335 4338 2563 4410; x_wconf 76' lang='grc' dir='ltr'>ἐνάρετον</span> <span class='ocrx_word' id='word_1_622' title='bbox 2589 4334 2868 4402; x_wconf 80' lang='grc' dir='ltr'>πολιτείαν,</span> <span class='ocrx_word' id='word_1_623' title='bbox 2902 4330 2937 4385; x_wconf 91' lang='grc' dir='ltr'><strong>δ</strong></span> <span class='ocrx_word' id='word_1_624' title='bbox 2944 4335 2995 4384; x_wconf 80' lang='grc' dir='ltr'><strong>ιὰ</strong></span> <span class='ocrx_word' id='word_1_625' title='bbox 3023 4339 3113 4384; x_wconf 77' lang='grc' dir='ltr'>τοῦ</span> <span class='ocrx_word' id='word_1_626' title='bbox 3146 4329 3481 4402; x_wconf 76' lang='grc' dir='ltr'>Εὐαγγελίου.</span> 
     </span>
    </p>
   </div>
   <div class='ocr_carea' id='block_1_100' title="bbox 2404 4536 3915 4622">
    <p class='ocr_par' dir='ltr' id='par_1_100' title="bbox 2404 4536 3915 4622">
     <span class='ocr_line' id='line_1_100' title="bbox 2404 4536 3915 4622; baseline -0.009 -17"><span class='ocrx_word' id='word_1_627' title='bbox 2404 4552 2683 4606; x_wconf 77' lang='grc' dir='ltr'>’ἰάσασθαι</span> <span class='ocrx_word' id='word_1_628' title='bbox 2734 4580 2799 4589; x_wconf 87' lang='lat'><strong>-</strong></span> <span class='ocrx_word' id='word_1_629' title='bbox 2829 4544 3073 4622; x_wconf 76' lang='grc' dir='ltr'>καρδίαν.</span> <span class='ocrx_word' id='word_1_630' title='bbox 3120 4550 3248 4607; x_wconf 76' lang='grc' dir='ltr'>Τοὺς</span> <span class='ocrx_word' id='word_1_631' title='bbox 3291 4547 3505 4611; x_wconf 80' lang='grc' dir='ltr'>αυταὺς,</span> <span class='ocrx_word' id='word_1_632' title='bbox 3556 4543 3623 4594; x_wconf 79' lang='grc' dir='ltr'>ὧν</span> <span class='ocrx_word' id='word_1_633' title='bbox 3661 4544 3690 4600; x_wconf 73' lang='grc' dir='ltr'><em>ἦ</em></span> <span class='ocrx_word' id='word_1_634' title='bbox 3733 4536 3915 4611; x_wconf 80' lang='grc' dir='ltr'>καρδία</span> 
     </span>
    </p>
   </div>
   <div class='ocr_carea' id='block_1_101' title="bbox 2335 4634 3328 4715">
    <p class='ocr_par' dir='ltr' id='par_1_101' title="bbox 2335 4634 3328 4715">
     <span class='ocr_line' id='line_1_101' title="bbox 2335 4634 3328 4715; baseline -0.007 -19"><span class='ocrx_word' id='word_1_635' title='bbox 2335 4640 2611 4715; x_wconf 86' lang='grc' dir='ltr'>συνετρίϐη</span> <span class='ocrx_word' id='word_1_636' title='bbox 2644 4648 2716 4711; x_wconf 82' lang='grc' dir='ltr'>τῷ</span> <span class='ocrx_word' id='word_1_637' title='bbox 2750 4637 2902 4713; x_wconf 83' lang='grc' dir='ltr'>βάρει</span> <span class='ocrx_word' id='word_1_638' title='bbox 2930 4646 3025 4698; x_wconf 82' lang='grc' dir='ltr'>τῆς</span> <span class='ocrx_word' id='word_1_639' title='bbox 3052 4634 3328 4711; x_wconf 68' lang='grc' dir='ltr'>ἁμαρτίας.</span> 
     </span>
    </p>
   </div>
   <div class='ocr_carea' id='block_1_102' title="bbox 2406 4720 3905 4806">
    <p class='ocr_par' dir='ltr' id='par_1_102' title="bbox 2406 4720 3905 4806">
     <span class='ocr_line' id='line_1_102' title="bbox 2406 4720 3905 4806; baseline -0.013 -21"><span class='ocrx_word' id='word_1_640' title='bbox 2406 4734 2647 4806; x_wconf 76' lang='grc' dir='ltr'>Κηρύςαι</span> <span class='ocrx_word' id='word_1_641' title='bbox 2695 4760 2763 4770; x_wconf 93' lang='grc'><strong><em>-</em></strong></span> <span class='ocrx_word' id='word_1_642' title='bbox 2837 4726 3135 4798; x_wconf 70' lang='grc' dir='ltr'>ἀνάϐλεψιν.</span> <span class='ocrx_word' id='word_1_643' title='bbox 3193 4722 3562 4797; x_wconf 74' lang='grc' dir='ltr'>Δίχμαλωτοις</span> <span class='ocrx_word' id='word_1_644' title='bbox 3629 4720 3753 4806; x_wconf 41' lang='grc' dir='ltr'>εεὶν,-</span> <span class='ocrx_word' id='word_1_645' title='bbox 3786 4721 3905 4806; x_wconf 14' lang='grc' dir='ltr'>Ξτοίς</span> 
     </span>
    </p>
   </div>
   <div class='ocr_carea' id='block_1_103' title="bbox 2333 4803 3908 4894">
    <p class='ocr_par' dir='ltr' id='par_1_103' title="bbox 2333 4803 3908 4894">
     <span class='ocr_line' id='line_1_103' title="bbox 2333 4803 3908 4894; baseline -0.011 -20"><span class='ocrx_word' id='word_1_646' title='bbox 2333 4803 2813 4894; x_wconf 76' lang='grc' dir='ltr'>αἰχμαλωτισθείσι</span> <span class='ocrx_word' id='word_1_647' title='bbox 2883 4820 2974 4874; x_wconf 84' lang='grc' dir='ltr'>τὴν</span> <span class='ocrx_word' id='word_1_648' title='bbox 3051 4814 3237 4886; x_wconf 75' lang='grc' dir='ltr'>ψυχὴν</span> <span class='ocrx_word' id='word_1_649' title='bbox 3316 4814 3417 4865; x_wconf 78' lang='grc' dir='ltr'><strong>ὑπὸ</strong></span> <span class='ocrx_word' id='word_1_650' title='bbox 3478 4817 3569 4864; x_wconf 83' lang='grc' dir='ltr'>τοῦ</span> <span class='ocrx_word' id='word_1_651' title='bbox 3640 4803 3908 4861; x_wconf 73' lang='grc' dir='ltr'><strong>διαϐόλου⁹</strong></span> 
     </span>
    </p>
   </div>
   <div class='ocr_carea' id='block_1_104' title="bbox 2330 4896 3908 4984">
    <p class='ocr_par' dir='ltr' id='par_1_104' title="bbox 2330 4896 3908 4984">
     <span class='ocr_line' id='line_1_104' title="bbox 2330 4896 3908 4984; baseline -0.01 -21"><span class='ocrx_word' id='word_1_652' title='bbox 2330 4910 2535 4984; x_wconf 75' lang='grc' dir='ltr'>τυφλοῖς</span> <span class='ocrx_word' id='word_1_653' title='bbox 2583 4906 2663 4973; x_wconf 71' lang='grc' dir='ltr'>δε,</span> <span class='ocrx_word' id='word_1_654' title='bbox 2716 4913 2822 4968; x_wconf 85' lang='grc' dir='ltr'>τοῖς</span> <span class='ocrx_word' id='word_1_655' title='bbox 2850 4904 3164 4979; x_wconf 77' lang='grc' dir='ltr'>τυφλωθεῖσι</span> <span class='ocrx_word' id='word_1_656' title='bbox 3196 4906 3282 4956; x_wconf 88' lang='grc' dir='ltr'>τὸν</span> <span class='ocrx_word' id='word_1_657' title='bbox 3322 4908 3441 4955; x_wconf 80' lang='grc' dir='ltr'>νοῦν</span> <span class='ocrx_word' id='word_1_658' title='bbox 3469 4902 3570 4953; x_wconf 77' lang='grc' dir='ltr'><strong>ὑπὸ</strong></span> <span class='ocrx_word' id='word_1_659' title='bbox 3602 4906 3701 4951; x_wconf 84' lang='grc' dir='ltr'>τῶν</span> <span class='ocrx_word' id='word_1_660' title='bbox 3731 4896 3908 4950; x_wconf 80' lang='grc' dir='ltr'>παθῶν.</span> 
     </span>
    </p>
   </div>
   <div class='ocr_carea' id='block_1_105' title="bbox 1783 5159 2747 5233">
    <p class='ocr_par' dir='ltr' id='par_1_105' title="bbox 1783 5159 2747 5233">
     <span class='ocr_line' id='line_1_105' title="bbox 1783 5159 2747 5233; baseline 0.005 -6"><span class='ocrx_word' id='word_1_661' title='bbox 1783 5159 1999 5229; x_wconf 69' lang='lat' dir='ltr'><strong>Varias</strong></span> <span class='ocrx_word' id='word_1_662' title='bbox 2043 5162 2377 5233; x_wconf 88' lang='lat' dir='ltr'><strong>lectiones</strong></span> <span class='ocrx_word' id='word_1_663' title='bbox 2427 5170 2494 5230; x_wconf 91' lang='lat' dir='ltr'><strong>et</strong></span> <span class='ocrx_word' id='word_1_664' title='bbox 2542 5168 2747 5232; x_wconf 64' lang='lat' dir='ltr'><strong>nota.</strong></span> 
     </span>
    </p>
   </div>
   <div class='ocr_carea' id='block_1_106' title="bbox 627 5294 1070 5371">
    <p class='ocr_par' dir='ltr' id='par_1_106' title="bbox 627 5294 1070 5371">
     <span class='ocr_line' id='line_1_106' title="bbox 627 5294 1070 5371; baseline 0 -19"><span class='ocrx_word' id='word_1_665' title='bbox 627 5295 712 5371; x_wconf 86' lang='lat'><strong>(5)</strong></span> <span class='ocrx_word' id='word_1_666' title='bbox 750 5294 948 5351; x_wconf 85' lang='grc' dir='ltr'>Ἕνεκεν</span> <span class='ocrx_word' id='word_1_667' title='bbox 960 5338 973 5353; x_wconf 96' lang='grc'><strong>.</strong></span> <span class='ocrx_word' id='word_1_668' title='bbox 1015 5302 1070 5352; x_wconf 88' lang='grc' dir='ltr'><strong>Β.</strong></span> 
     </span>
    </p>
   </div>
   <div class='ocr_carea' id='block_1_107' title="bbox 622 5473 2201 5543">
    <p class='ocr_par' dir='ltr' id='par_1_107' title="bbox 622 5473 2201 5543">
     <span class='ocr_line' id='line_1_107' title="bbox 622 5473 2201 5543; baseline 0.004 -13"><span class='ocrx_word' id='word_1_669' title='bbox 622 5475 712 5543; x_wconf 79' lang='grc' dir='ltr'>(ιι)</span> <span class='ocrx_word' id='word_1_670' title='bbox 730 5473 1172 5533; x_wconf 81' lang='lat' dir='ltr'><strong>Providentiam</strong></span> <span class='ocrx_word' id='word_1_671' title='bbox 1195 5491 1386 5534; x_wconf 89' lang='lat' dir='ltr'><strong>suam.</strong></span> <span class='ocrx_word' id='word_1_672' title='bbox 1421 5476 1604 5535; x_wconf 85' lang='lat' dir='ltr'><strong>Suam</strong></span> <span class='ocrx_word' id='word_1_673' title='bbox 1633 5494 1757 5536; x_wconf 89' lang='lat' dir='ltr'><strong>non</strong></span> <span class='ocrx_word' id='word_1_674' title='bbox 1781 5484 1868 5537; x_wconf 89' lang='lat' dir='ltr'><strong>est</strong></span> <span class='ocrx_word' id='word_1_675' title='bbox 1891 5480 1951 5536; x_wconf 89' lang='lat' dir='ltr'><strong>in</strong></span> <span class='ocrx_word' id='word_1_676' title='bbox 1975 5481 2201 5539; x_wconf 74' lang='lat' dir='ltr'><strong>Graeco.</strong></span> 
     </span>
    </p>
   </div>
   <div class='ocr_carea' id='block_1_108' title="bbox 547 5546 2201 5623">
    <p class='ocr_par' dir='ltr' id='par_1_108' title="bbox 547 5546 2201 5623">
     <span class='ocr_line' id='line_1_108' title="bbox 547 5546 2201 5623; baseline 0.005 -21"><span class='ocrx_word' id='word_1_677' title='bbox 547 5546 836 5623; x_wconf 71' lang='grc' dir='ltr'>Οξκονοριία</span> <span class='ocrx_word' id='word_1_678' title='bbox 849 5551 1051 5602; x_wconf 88' lang='lat' dir='ltr'><strong>autem</strong></span> <span class='ocrx_word' id='word_1_679' title='bbox 1071 5547 1482 5623; x_wconf 81' lang='lat' dir='ltr'><strong>alibi_reddere</strong></span> <span class='ocrx_word' id='word_1_680' title='bbox 1502 5549 1649 5606; x_wconf 89' lang='lat' dir='ltr'><strong>solet</strong></span> <span class='ocrx_word' id='word_1_681' title='bbox 1668 5552 2169 5623; x_wconf 83' lang='lat' dir='ltr'><strong>dispensationem</strong></span> <span class='ocrx_word' id='word_1_682' title='bbox 2187 5594 2201 5609; x_wconf 94' lang='lat'><strong>.</strong></span> 
     </span>
    </p>
   </div>
   <div class='ocr_carea' id='block_1_109' title="bbox 546 5618 2204 5696">
    <p class='ocr_par' dir='ltr' id='par_1_109' title="bbox 546 5618 2204 5696">
     <span class='ocr_line' id='line_1_109' title="bbox 546 5618 2204 5696; baseline 0.007 -25"><span class='ocrx_word' id='word_1_683' title='bbox 546 5619 835 5696; x_wconf 69' lang='grc' dir='ltr'>ρίκονομία</span> <span class='ocrx_word' id='word_1_684' title='bbox 862 5623 949 5673; x_wconf 89' lang='lat' dir='ltr'><strong>est</strong></span> <span class='ocrx_word' id='word_1_685' title='bbox 978 5618 1500 5696; x_wconf 73' lang='lat' dir='ltr'><strong>vocabulumejus</strong></span> <span class='ocrx_word' id='word_1_686' title='bbox 1551 5623 1727 5696; x_wconf 89' lang='lat' dir='ltr'><strong>modi,</strong></span> <span class='ocrx_word' id='word_1_687' title='bbox 1762 5618 1940 5696; x_wconf 54' lang='lat' dir='ltr'><strong>&quot;quod</strong></span> <span class='ocrx_word' id='word_1_688' title='bbox 1979 5625 2204 5696; x_wconf 74' lang='lat' dir='ltr'><strong>Latina</strong></span> 
     </span>
    </p>
   </div>
   <div class='ocr_carea' id='block_1_110' title="bbox 536 5690 2207 5767">
    <p class='ocr_par' dir='ltr' id='par_1_110' title="bbox 536 5690 2207 5767">
     <span class='ocr_line' id='line_1_110' title="bbox 536 5690 2207 5767; baseline 0.001 -17"><span class='ocrx_word' id='word_1_689' title='bbox 536 5690 728 5763; x_wconf 83' lang='lat' dir='ltr'><strong>lngua</strong></span> <span class='ocrx_word' id='word_1_690' title='bbox 758 5691 853 5747; x_wconf 81' lang='lat' dir='ltr'><strong>vix</strong></span> <span class='ocrx_word' id='word_1_691' title='bbox 878 5691 1174 5762; x_wconf 79' lang='lat' dir='ltr'><strong>exprimit.</strong></span> <span class='ocrx_word' id='word_1_692' title='bbox 1212 5693 1329 5748; x_wconf 82' lang='lat' dir='ltr'><strong>Hoc</strong></span> <span class='ocrx_word' id='word_1_693' title='bbox 1352 5690 1485 5750; x_wconf 77' lang='lat' dir='ltr'><strong>luco</strong></span> <span class='ocrx_word' id='word_1_694' title='bbox 1529 5692 1771 5750; x_wconf 68' lang='lat' dir='ltr'><strong>reddere</strong></span> <span class='ocrx_word' id='word_1_695' title='bbox 1797 5690 2046 5767; x_wconf 70' lang='lat' dir='ltr'><strong>&#39;possis,</strong></span> <span class='ocrx_word' id='word_1_696' title='bbox 2089 5711 2207 5766; x_wconf 86' lang='lat' dir='ltr'><strong>op-</strong></span> 
     </span>
    </p>
   </div>
   <div class='ocr_carea' id='block_1_111' title="bbox 2313 5487 4106 5672">
    <p class='ocr_par' dir='ltr' id='par_1_111' title="bbox 2313 5487 4106 5672">
     <span class='ocr_line' id='line_1_111' title="bbox 2313 5487 4106 5672; baseline -0.004 -62"><span class='ocrx_word' id='word_1_697' title='bbox 2313 5487 2743 5672; x_wconf 50' lang='grc' dir='ltr'>ρζέιῖγῗξίρεοε</span> <span class='ocrx_word' id='word_1_698' title='bbox 2778 5566 2889 5609; x_wconf 87' lang='lat' dir='ltr'><strong>nec</strong></span> <span class='ocrx_word' id='word_1_699' title='bbox 2919 5550 2981 5609; x_wconf 89' lang='lat' dir='ltr'><strong>in</strong></span> <span class='ocrx_word' id='word_1_700' title='bbox 3011 5550 3215 5609; x_wconf 63' lang='lat' dir='ltr'><strong>Graeco</strong></span> <span class='ocrx_word' id='word_1_701' title='bbox 3258 5550 3366 5618; x_wconf 87' lang='lat' dir='ltr'><strong>est,</strong></span> <span class='ocrx_word' id='word_1_702' title='bbox 3393 5562 3505 5606; x_wconf 87' lang='lat' dir='ltr'><strong>nec</strong></span> <span class='ocrx_word' id='word_1_703' title='bbox 3548 5560 3790 5605; x_wconf 77' lang='lat' dir='ltr'><strong>necesse</strong></span> <span class='ocrx_word' id='word_1_704' title='bbox 3828 5546 3915 5604; x_wconf 75' lang='lat' dir='ltr'><strong>est</strong></span> <span class='ocrx_word' id='word_1_705' title='bbox 4103 5498 4106 5672; x_wconf 48' lang='grc' dir='ltr'>ν</span> 
     </span>
     <span class='ocr_line' id='line_1_112' title="bbox 2313 5639 2566 5672; baseline 0 0"><span class='ocrx_word' id='word_1_706' title='bbox 2313 5640 2351 5672; x_wconf 73' lang='grc' dir='ltr'><strong>ει</strong></span> <span class='ocrx_word' id='word_1_707' title='bbox 2445 5639 2566 5672; x_wconf 71' lang='lat' dir='ltr'><strong>are-</strong></span> 
     </span>
    </p>
   </div>
   <div class='ocr_carea' id='block_1_112' title="bbox 2313 5625 2566 5685">
    <p class='ocr_par' dir='ltr' id='par_1_112' title="bbox 2313 5625 2566 5685">
     <span class='ocr_line' id='line_1_113' title="bbox 2313 5625 2566 5685; baseline -0.02 0"><span class='ocrx_word' id='word_1_708' title='bbox 2313 5625 2566 5685; x_wconf 83' lang='lat' dir='ltr'><strong>addere.</strong></span> 
     </span>
    </p>
   </div>
  </div>
