  <div class='ocr_page' id='page_1' title='image "/cluster/home/n/w/nwhite01/storage/ocr_20150623/129/mdp.39015061528470/472.png"; bbox 0 0 4170 6364; ppageno 0'>
   <div class='ocr_carea' id='block_1_1' title="bbox 245 328 387 386">
    <p class='ocr_par' dir='ltr' id='par_1_1' title="bbox 245 328 387 386">
     <span class='ocr_line' id='line_1_1' title="bbox 245 328 387 386; baseline 0.035 -4"><span class='ocrx_word' id='word_1_1' title='bbox 245 328 387 386; x_wconf 80' lang='grc'>913</span> 
     </span>
    </p>
   </div>
   <div class='ocr_carea' id='block_1_2' title="bbox 1351 336 2580 400">
    <p class='ocr_par' dir='ltr' id='par_1_2' title="bbox 1351 336 2580 400">
     <span class='ocr_line' id='line_1_2' title="bbox 1351 336 2580 400; baseline 0.005 -6"><span class='ocrx_word' id='word_1_2' title='bbox 1351 336 1717 394; x_wconf 86' lang='lat' dir='ltr'>COMMENT.</span> <span class='ocrx_word' id='word_1_3' title='bbox 1763 338 1830 393; x_wconf 80' lang='lat' dir='ltr'>IN</span> <span class='ocrx_word' id='word_1_4' title='bbox 1874 337 2135 394; x_wconf 88' lang='lat' dir='ltr'>LUCAM.</span> <span class='ocrx_word' id='word_1_5' title='bbox 2182 370 2245 380; x_wconf 90' lang='lat'><strong><em>—</em></strong></span> <span class='ocrx_word' id='word_1_6' title='bbox 2286 340 2443 399; x_wconf 84' lang='lat' dir='ltr'>CAP.</span> <span class='ocrx_word' id='word_1_7' title='bbox 2488 343 2580 400; x_wconf 85' lang='lat' dir='ltr'>IV.</span> 
     </span>
    </p>
   </div>
   <div class='ocr_carea' id='block_1_3' title="bbox 3543 347 3647 406">
    <p class='ocr_par' dir='ltr' id='par_1_3' title="bbox 3543 347 3647 406">
     <span class='ocr_line' id='line_1_3' title="bbox 3543 347 3647 406; baseline 0.01 -1"><span class='ocrx_word' id='word_1_8' title='bbox 3543 347 3647 406; x_wconf 81' lang='grc'>914</span> 
     </span>
    </p>
   </div>
   <div class='ocr_carea' id='block_1_4' title="bbox 249 455 1868 546">
    <p class='ocr_par' dir='ltr' id='par_1_4' title="bbox 249 455 1868 537">
     <span class='ocr_line' id='line_1_4' title="bbox 249 455 1868 537; baseline 0.004 -26"><span class='ocrx_word' id='word_1_9' title='bbox 249 455 572 532; x_wconf 76' lang='grc' dir='ltr'>Ἐκήρυττε</span> <span class='ocrx_word' id='word_1_10' title='bbox 599 455 657 512; x_wconf 80' lang='grc' dir='ltr'>δὲ</span> <span class='ocrx_word' id='word_1_11' title='bbox 686 466 797 522; x_wconf 82' lang='grc' dir='ltr'>τοῖς</span> <span class='ocrx_word' id='word_1_12' title='bbox 826 464 915 532; x_wconf 75' lang='grc' dir='ltr'>μὲν</span> <span class='ocrx_word' id='word_1_13' title='bbox 947 461 1251 537; x_wconf 75' lang='grc' dir='ltr'>ἐλευθερίαν,</span> <span class='ocrx_word' id='word_1_14' title='bbox 1286 471 1394 527; x_wconf 84' lang='grc' dir='ltr'>τοῖς</span> <span class='ocrx_word' id='word_1_15' title='bbox 1422 463 1500 531; x_wconf 77' lang='grc' dir='ltr'>δὲ,</span> <span class='ocrx_word' id='word_1_16' title='bbox 1542 468 1768 532; x_wconf 79' lang='grc' dir='ltr'>σύνεσιν,</span> <span class='ocrx_word' id='word_1_17' title='bbox 1800 468 1868 519; x_wconf 82' lang='grc' dir='ltr'>ὅτι</span> 
     </span>
    </p>
   </div>
   <div class='ocr_carea' id='block_1_5' title="bbox 1997 455 3645 546">
    <p class='ocr_par' dir='ltr' id='par_1_5' title="bbox 1997 468 3645 546">
     <span class='ocr_line' id='line_1_5' title="bbox 1997 468 3645 546; baseline 0.007 -23"><span class='ocrx_word' id='word_1_18' title='bbox 1997 468 2190 524; x_wconf 87' lang='lat' dir='ltr'>nibus.</span> <span class='ocrx_word' id='word_1_19' title='bbox 2220 470 2588 527; x_wconf 69' lang='lat' dir='ltr'>Prsedicabat</span> <span class='ocrx_word' id='word_1_20' title='bbox 2613 475 2830 538; x_wconf 89' lang='lat' dir='ltr'>autem,</span> <span class='ocrx_word' id='word_1_21' title='bbox 2882 472 2976 529; x_wconf 86' lang='lat' dir='ltr'>his</span> <span class='ocrx_word' id='word_1_22' title='bbox 3033 473 3280 546; x_wconf 87' lang='lat' dir='ltr'>quidem</span> <span class='ocrx_word' id='word_1_23' title='bbox 3312 475 3645 535; x_wconf 87' lang='lat' dir='ltr'>libertatem</span> 
     </span>
    </p>
   </div>
   <div class='ocr_carea' id='block_1_6' title="bbox 252 544 1880 632">
    <p class='ocr_par' dir='ltr' id='par_1_6' title="bbox 252 544 1880 632">
     <span class='ocr_line' id='line_1_6' title="bbox 252 544 1880 632; baseline 0.009 -35"><span class='ocrx_word' id='word_1_24' title='bbox 252 544 576 621; x_wconf 74' lang='grc' dir='ltr'>παρεδίδου</span> <span class='ocrx_word' id='word_1_25' title='bbox 608 552 703 610; x_wconf 83' lang='grc' dir='ltr'>τὰς</span> <span class='ocrx_word' id='word_1_26' title='bbox 723 549 1058 621; x_wconf 83' lang='grc' dir='ltr'>εύαγγελικὰς</span> <span class='ocrx_word' id='word_1_27' title='bbox 1088 552 1312 617; x_wconf 84' lang='grc' dir='ltr'>ἐντολάς.</span> <span class='ocrx_word' id='word_1_28' title='bbox 1354 556 1524 608; x_wconf 79' lang='grc' dir='ltr'>Αὗται</span> <span class='ocrx_word' id='word_1_29' title='bbox 1558 560 1657 632; x_wconf 86' lang='grc' dir='ltr'>γάρ</span> <span class='ocrx_word' id='word_1_30' title='bbox 1691 559 1794 611; x_wconf 82' lang='grc' dir='ltr'>εἱσι</span> <span class='ocrx_word' id='word_1_31' title='bbox 1823 563 1880 611; x_wconf 86' lang='grc' dir='ltr'>τό</span> 
     </span>
    </p>
   </div>
   <div class='ocr_carea' id='block_1_7' title="bbox 254 640 948 715">
    <p class='ocr_par' dir='ltr' id='par_1_7' title="bbox 254 640 948 715">
     <span class='ocr_line' id='line_1_7' title="bbox 254 640 948 715; baseline 0.009 -29"><span class='ocrx_word' id='word_1_32' title='bbox 254 640 534 709; x_wconf 73' lang='grc' dir='ltr'>κήρυγμα</span> <span class='ocrx_word' id='word_1_33' title='bbox 563 646 653 690; x_wconf 81' lang='grc' dir='ltr'>τοῦ</span> <span class='ocrx_word' id='word_1_34' title='bbox 687 646 948 715; x_wconf 86' lang='grc' dir='ltr'>Σωτῆρος,</span> 
     </span>
    </p>
   </div>
   <div class='ocr_carea' id='block_1_8' title="bbox 354 832 1884 917">
    <p class='ocr_par' dir='ltr' id='par_1_8' title="bbox 354 832 1884 917">
     <span class='ocr_line' id='line_1_8' title="bbox 354 832 1884 917; baseline 0.007 -32"><span class='ocrx_word' id='word_1_35' title='bbox 354 832 689 887; x_wconf 81' lang='grc' dir='ltr'>Ἀποστεῖλαι</span> <span class='ocrx_word' id='word_1_36' title='bbox 742 868 810 877; x_wconf 87' lang='grc'><strong>-</strong></span> <span class='ocrx_word' id='word_1_37' title='bbox 864 834 911 888; x_wconf 76' lang='grc' dir='ltr'>ἓν</span> <span class='ocrx_word' id='word_1_38' title='bbox 960 836 1157 910; x_wconf 73' lang='grc' dir='ltr'>ἀφέσει.</span> <span class='ocrx_word' id='word_1_39' title='bbox 1220 840 1511 893; x_wconf 86' lang='grc' dir='ltr'>Ἀπολῡσαι</span> <span class='ocrx_word' id='word_1_40' title='bbox 1550 841 1598 893; x_wconf 74' lang='grc' dir='ltr'>ἐν</span> <span class='ocrx_word' id='word_1_41' title='bbox 1626 841 1884 917; x_wconf 79' lang='grc' dir='ltr'>ἐλευθερίᾳ</span> 
     </span>
    </p>
   </div>
   <div class='ocr_carea' id='block_1_9' title="bbox 258 926 1675 1005">
    <p class='ocr_par' dir='ltr' id='par_1_9' title="bbox 258 926 1675 1005">
     <span class='ocr_line' id='line_1_9' title="bbox 258 926 1675 1005; baseline 0.009 -32"><span class='ocrx_word' id='word_1_42' title='bbox 258 926 404 986; x_wconf 71' lang='grc' dir='ltr'>τοὺς</span> <span class='ocrx_word' id='word_1_43' title='bbox 435 926 849 998; x_wconf 76' lang='grc' dir='ltr'>τεθραυσμένους</span> <span class='ocrx_word' id='word_1_44' title='bbox 870 935 931 1001; x_wconf 74' lang='grc' dir='ltr'>τῇ</span> <span class='ocrx_word' id='word_1_45' title='bbox 968 927 1234 1003; x_wconf 84' lang='grc' dir='ltr'>τυραννίδι</span> <span class='ocrx_word' id='word_1_46' title='bbox 1264 940 1362 984; x_wconf 84' lang='grc' dir='ltr'>τῶν</span> <span class='ocrx_word' id='word_1_47' title='bbox 1395 928 1675 1005; x_wconf 86' lang='grc' dir='ltr'>δαιμόνων.</span> 
     </span>
    </p>
   </div>
   <div class='ocr_carea' id='block_1_10' title="bbox 359 1118 1880 1205">
    <p class='ocr_par' dir='ltr' id='par_1_10' title="bbox 359 1118 1880 1205">
     <span class='ocr_line' id='line_1_10' title="bbox 359 1118 1880 1205; baseline 0.009 -36"><span class='ocrx_word' id='word_1_48' title='bbox 359 1119 599 1191; x_wconf 77' lang='grc' dir='ltr'>Κηρύξαι</span> <span class='ocrx_word' id='word_1_49' title='bbox 628 1152 696 1161; x_wconf 87' lang='grc'><strong><em>-</em></strong></span> <span class='ocrx_word' id='word_1_50' title='bbox 724 1118 921 1177; x_wconf 79' lang='grc' dir='ltr'>δεκτόν.</span> <span class='ocrx_word' id='word_1_51' title='bbox 975 1126 1236 1180; x_wconf 85' lang='grc' dir='ltr'>Ἐνιαυτὸν</span> <span class='ocrx_word' id='word_1_52' title='bbox 1284 1132 1374 1201; x_wconf 74' lang='grc' dir='ltr'>μὲν</span> <span class='ocrx_word' id='word_1_53' title='bbox 1432 1126 1538 1182; x_wconf 83' lang='grc' dir='ltr'>εἷπε</span> <span class='ocrx_word' id='word_1_54' title='bbox 1563 1134 1647 1182; x_wconf 85' lang='grc' dir='ltr'>τὸν</span> <span class='ocrx_word' id='word_1_55' title='bbox 1679 1138 1880 1205; x_wconf 85' lang='grc' dir='ltr'>καιρὸν,</span> 
     </span>
    </p>
   </div>
   <div class='ocr_carea' id='block_1_11' title="bbox 260 1207 1882 1289">
    <p class='ocr_par' dir='ltr' id='par_1_11' title="bbox 260 1207 1882 1289">
     <span class='ocr_line' id='line_1_11' title="bbox 260 1207 1882 1289; baseline 0.009 -32"><span class='ocrx_word' id='word_1_56' title='bbox 260 1208 444 1259; x_wconf 68' lang='grc' dir='ltr'>καθὸν</span> <span class='ocrx_word' id='word_1_57' title='bbox 476 1207 729 1264; x_wconf 80' lang='grc' dir='ltr'>ἐδίδασκε</span> <span class='ocrx_word' id='word_1_58' title='bbox 779 1219 867 1265; x_wconf 81' lang='grc' dir='ltr'>καὶ</span> <span class='ocrx_word' id='word_1_59' title='bbox 910 1214 1320 1289; x_wconf 79' lang='grc' dir='ltr'>ἐθαυματούργει</span> <span class='ocrx_word' id='word_1_60' title='bbox 1365 1238 1377 1249; x_wconf 72' lang='grc' dir='ltr'>ο</span> <span class='ocrx_word' id='word_1_61' title='bbox 1404 1217 1582 1272; x_wconf 87' lang='grc' dir='ltr'>δεκτόν</span> <span class='ocrx_word' id='word_1_62' title='bbox 1641 1218 1699 1274; x_wconf 75' lang='grc' dir='ltr'>δὲ</span> <span class='ocrx_word' id='word_1_63' title='bbox 1728 1220 1882 1273; x_wconf 77' lang='grc' dir='ltr'>αὐτὸν</span> 
     </span>
    </p>
   </div>
   <div class='ocr_carea' id='block_1_12' title="bbox 262 1294 1882 1382">
    <p class='ocr_par' dir='ltr' id='par_1_12' title="bbox 262 1294 1882 1382">
     <span class='ocr_line' id='line_1_12' title="bbox 262 1294 1882 1382; baseline 0.01 -37"><span class='ocrx_word' id='word_1_64' title='bbox 262 1294 570 1368; x_wconf 77' lang='grc' dir='ltr'>ὠνόμασεν,</span> <span class='ocrx_word' id='word_1_65' title='bbox 602 1304 668 1361; x_wconf 85' lang='grc' dir='ltr'>ὡς</span> <span class='ocrx_word' id='word_1_66' title='bbox 699 1300 1041 1357; x_wconf 77' lang='grc' dir='ltr'>εύαπόδεκτον</span> <span class='ocrx_word' id='word_1_67' title='bbox 1065 1316 1134 1377; x_wconf 70' lang='grc' dir='ltr'>τῷ</span> <span class='ocrx_word' id='word_1_68' title='bbox 1169 1315 1334 1381; x_wconf 80' lang='grc' dir='ltr'>Ηατρὶ</span> <span class='ocrx_word' id='word_1_69' title='bbox 1366 1312 1490 1382; x_wconf 76' lang='grc' dir='ltr'>ὑπὲρ</span> <span class='ocrx_word' id='word_1_70' title='bbox 1528 1313 1695 1363; x_wconf 73' lang='grc' dir='ltr'>πάντα</span> <span class='ocrx_word' id='word_1_71' title='bbox 1720 1312 1882 1363; x_wconf 86' lang='grc' dir='ltr'>ἐνιαυ-</span> 
     </span>
    </p>
   </div>
   <div class='ocr_carea' id='block_1_13' title="bbox 256 1387 1879 1472">
    <p class='ocr_par' dir='ltr' id='par_1_13' title="bbox 256 1387 1879 1472">
     <span class='ocr_line' id='line_1_13' title="bbox 256 1387 1879 1472; baseline 0.01 -39"><span class='ocrx_word' id='word_1_72' title='bbox 256 1387 387 1434; x_wconf 82' lang='grc' dir='ltr'>τὸν.</span> <span class='ocrx_word' id='word_1_73' title='bbox 428 1387 505 1438; x_wconf 88' lang='grc' dir='ltr'>Ἐν</span> <span class='ocrx_word' id='word_1_74' title='bbox 538 1389 677 1459; x_wconf 80' lang='grc' dir='ltr'>αύτῷ</span> <span class='ocrx_word' id='word_1_75' title='bbox 710 1394 811 1465; x_wconf 81' lang='grc' dir='ltr'>γὰρ</span> <span class='ocrx_word' id='word_1_76' title='bbox 844 1401 913 1462; x_wconf 79' lang='grc' dir='ltr'>τῷ</span> <span class='ocrx_word' id='word_1_77' title='bbox 947 1404 1111 1469; x_wconf 84' lang='grc' dir='ltr'>καιρῷ</span> <span class='ocrx_word' id='word_1_78' title='bbox 1142 1399 1171 1454; x_wconf 80' lang='grc' dir='ltr'><em>ὴ</em></span> <span class='ocrx_word' id='word_1_79' title='bbox 1240 1404 1476 1472; x_wconf 87' lang='grc' dir='ltr'>σωτηρία</span> <span class='ocrx_word' id='word_1_80' title='bbox 1529 1402 1733 1451; x_wconf 83' lang='grc' dir='ltr'>πάντων</span> <span class='ocrx_word' id='word_1_81' title='bbox 1782 1408 1879 1451; x_wconf 88' lang='grc' dir='ltr'>τῶν</span> 
     </span>
    </p>
   </div>
   <div class='ocr_carea' id='block_1_14' title="bbox 259 1469 1879 1561">
    <p class='ocr_par' dir='ltr' id='par_1_14' title="bbox 259 1469 1879 1561">
     <span class='ocr_line' id='line_1_14' title="bbox 259 1469 1879 1561; baseline 0.013 -39"><span class='ocrx_word' id='word_1_82' title='bbox 259 1469 563 1546; x_wconf 75' lang='grc' dir='ltr'>ἀνθρώπων</span> <span class='ocrx_word' id='word_1_83' title='bbox 611 1478 947 1551; x_wconf 74' lang='grc' dir='ltr'>ἐϐλάστησεν,</span> <span class='ocrx_word' id='word_1_84' title='bbox 983 1487 1116 1548; x_wconf 76' lang='grc' dir='ltr'>ἤτοι,</span> <span class='ocrx_word' id='word_1_85' title='bbox 1146 1489 1203 1538; x_wconf 86' lang='grc' dir='ltr'>τὸ</span> <span class='ocrx_word' id='word_1_86' title='bbox 1238 1494 1491 1559; x_wconf 79' lang='grc' dir='ltr'>σωτήριον</span> <span class='ocrx_word' id='word_1_87' title='bbox 1542 1490 1879 1561; x_wconf 79' lang='grc' dir='ltr'>Εύαγγέλίον,</span> 
     </span>
    </p>
   </div>
   <div class='ocr_carea' id='block_1_15' title="bbox 257 1560 1880 1653">
    <p class='ocr_par' dir='ltr' id='par_1_15' title="bbox 257 1560 1880 1653">
     <span class='ocr_line' id='line_1_15' title="bbox 257 1560 1880 1653; baseline 0.013 -41"><span class='ocrx_word' id='word_1_88' title='bbox 257 1560 562 1636; x_wconf 79' lang='grc' dir='ltr'>Ἐκὴρυττε</span> <span class='ocrx_word' id='word_1_89' title='bbox 586 1564 643 1619; x_wconf 84' lang='grc' dir='ltr'>δε</span> <span class='ocrx_word' id='word_1_90' title='bbox 678 1572 755 1620; x_wconf 89' lang='grc' dir='ltr'>τὸν</span> <span class='ocrx_word' id='word_1_91' title='bbox 784 1569 1012 1623; x_wconf 81' lang='grc' dir='ltr'>ἐνιαυτὸν</span> <span class='ocrx_word' id='word_1_92' title='bbox 1039 1582 1238 1643; x_wconf 75' lang='grc' dir='ltr'>τοῦτον,</span> <span class='ocrx_word' id='word_1_93' title='bbox 1280 1580 1406 1648; x_wconf 73' lang='grc' dir='ltr'>μετὰ</span> <span class='ocrx_word' id='word_1_94' title='bbox 1443 1582 1499 1629; x_wconf 85' lang='grc' dir='ltr'>τὸ</span> <span class='ocrx_word' id='word_1_95' title='bbox 1531 1583 1880 1653; x_wconf 80' lang='grc' dir='ltr'>πειρασθῆναι</span> 
     </span>
    </p>
   </div>
   <div class='ocr_carea' id='block_1_16' title="bbox 260 1659 1883 1741">
    <p class='ocr_par' dir='ltr' id='par_1_16' title="bbox 260 1659 1883 1741">
     <span class='ocr_line' id='line_1_16' title="bbox 260 1659 1883 1741; baseline 0.012 -39"><span class='ocrx_word' id='word_1_96' title='bbox 260 1659 369 1704; x_wconf 80' lang='grc' dir='ltr'>καὶ</span> <span class='ocrx_word' id='word_1_97' title='bbox 403 1664 621 1713; x_wconf 83' lang='grc' dir='ltr'>νικῆσαι</span> <span class='ocrx_word' id='word_1_98' title='bbox 649 1661 733 1709; x_wconf 84' lang='grc' dir='ltr'>τόν</span> <span class='ocrx_word' id='word_1_99' title='bbox 760 1668 1067 1731; x_wconf 78' lang='grc' dir='ltr'>πειραστην,</span> <span class='ocrx_word' id='word_1_100' title='bbox 1103 1670 1189 1717; x_wconf 80' lang='grc' dir='ltr'>καὶ</span> <span class='ocrx_word' id='word_1_101' title='bbox 1219 1667 1564 1741; x_wconf 65' lang='grc' dir='ltr'>ὑποστρέψαι.</span> <span class='ocrx_word' id='word_1_102' title='bbox 1613 1671 1737 1722; x_wconf 82' lang='grc' dir='ltr'>Ἀπὸ</span> <span class='ocrx_word' id='word_1_103' title='bbox 1771 1676 1883 1721; x_wconf 83' lang='grc' dir='ltr'>τότε</span> 
     </span>
    </p>
   </div>
   <div class='ocr_carea' id='block_1_17' title="bbox 261 1748 1876 1831">
    <p class='ocr_par' dir='ltr' id='par_1_17' title="bbox 261 1748 1876 1831">
     <span class='ocr_line' id='line_1_17' title="bbox 261 1748 1876 1831; baseline 0.012 -37"><span class='ocrx_word' id='word_1_104' title='bbox 261 1748 399 1817; x_wconf 70' lang='grc' dir='ltr'>γὰρ,</span> <span class='ocrx_word' id='word_1_105' title='bbox 434 1753 609 1817; x_wconf 71' lang='grc' dir='ltr'>φησιν,</span> <span class='ocrx_word' id='word_1_106' title='bbox 646 1748 875 1823; x_wconf 79' lang='grc' dir='ltr'>Ἤρξατο</span> <span class='ocrx_word' id='word_1_107' title='bbox 907 1754 931 1803; x_wconf 87' lang='grc' dir='ltr'>ὁ</span> <span class='ocrx_word' id='word_1_108' title='bbox 977 1752 1181 1815; x_wconf 72' lang='grc' dir='ltr'>Ἰησοῦς</span> <span class='ocrx_word' id='word_1_109' title='bbox 1212 1760 1497 1829; x_wconf 82' lang='grc' dir='ltr'>κηρύσσειν</span> <span class='ocrx_word' id='word_1_110' title='bbox 1525 1766 1614 1812; x_wconf 83' lang='grc' dir='ltr'>καὶ</span> <span class='ocrx_word' id='word_1_111' title='bbox 1669 1760 1831 1831; x_wconf 84' lang='grc' dir='ltr'>λέγειν</span> <span class='ocrx_word' id='word_1_112' title='bbox 1865 1780 1876 1792; x_wconf 92' lang='grc'><strong>·</strong></span> 
     </span>
    </p>
   </div>
   <div class='ocr_carea' id='block_1_18' title="bbox 264 1837 1081 1914">
    <p class='ocr_par' dir='ltr' id='par_1_18' title="bbox 264 1837 1081 1914">
     <span class='ocr_line' id='line_1_18' title="bbox 264 1837 1081 1914; baseline 0.01 -29"><span class='ocrx_word' id='word_1_113' title='bbox 264 1837 584 1889; x_wconf 61' lang='grc' dir='ltr'>Μετανοεῖτε</span> <span class='ocrx_word' id='word_1_114' title='bbox 635 1856 646 1869; x_wconf 88' lang='grc'><strong>·</strong></span> <span class='ocrx_word' id='word_1_115' title='bbox 702 1843 889 1910; x_wconf 77' lang='grc' dir='ltr'>ἧγγικε</span> <span class='ocrx_word' id='word_1_116' title='bbox 981 1845 1081 1914; x_wconf 84' lang='grc' dir='ltr'>γὰρ</span> 
     </span>
    </p>
   </div>
   <div class='ocr_carea' id='block_1_19' title="bbox 262 1929 1880 2011">
    <p class='ocr_par' dir='ltr' id='par_1_19' title="bbox 262 1929 1880 2011">
     <span class='ocr_line' id='line_1_19' title="bbox 262 1929 1880 2011; baseline 0.012 -37"><span class='ocrx_word' id='word_1_117' title='bbox 262 1934 447 1997; x_wconf 86' lang='grc' dir='ltr'>ρανῶν</span> <span class='ocrx_word' id='word_1_118' title='bbox 531 1970 542 1982; x_wconf 92' lang='grc'><strong>.</strong></span> <span class='ocrx_word' id='word_1_119' title='bbox 618 1932 687 1980; x_wconf 90' lang='grc' dir='ltr'>Τὸ</span> <span class='ocrx_word' id='word_1_120' title='bbox 766 1932 868 2002; x_wconf 84' lang='grc' dir='ltr'>γὰρ</span> <span class='ocrx_word' id='word_1_121' title='bbox 967 1929 1211 2004; x_wconf 83' lang='grc' dir='ltr'>”Ηγγικε,</span> <span class='ocrx_word' id='word_1_122' title='bbox 1289 1946 1475 2008; x_wconf 77' lang='grc' dir='ltr'>καιροῦ</span> <span class='ocrx_word' id='word_1_123' title='bbox 1563 1945 1880 2011; x_wconf 86' lang='grc' dir='ltr'>σημαντικόν</span> 
     </span>
    </p>
   </div>
   <div class='ocr_carea' id='block_1_20' title="bbox 265 2032 418 2066">
    <p class='ocr_par' dir='ltr' id='par_1_20' title="bbox 265 2032 418 2066">
     <span class='ocr_line' id='line_1_20' title="bbox 265 2032 418 2066; baseline 0.007 -1"><span class='ocrx_word' id='word_1_124' title='bbox 265 2032 418 2066; x_wconf 87' lang='grc' dir='ltr'>εστι.</span> 
     </span>
    </p>
   </div>
   <div class='ocr_carea' id='block_1_21' title="bbox 356 2104 1879 2186">
    <p class='ocr_par' dir='ltr' id='par_1_21' title="bbox 356 2104 1879 2186">
     <span class='ocr_line' id='line_1_21' title="bbox 356 2104 1879 2186; baseline 0.01 -28"><span class='ocrx_word' id='word_1_125' title='bbox 356 2104 462 2158; x_wconf 85' lang='grc' dir='ltr'>Καὶ</span> <span class='ocrx_word' id='word_1_126' title='bbox 494 2107 689 2170; x_wconf 83' lang='grc' dir='ltr'>πτύξας</span> <span class='ocrx_word' id='word_1_127' title='bbox 719 2140 786 2148; x_wconf 90' lang='grc'><strong>-</strong></span> <span class='ocrx_word' id='word_1_128' title='bbox 816 2108 1046 2163; x_wconf 76' lang='grc' dir='ltr'>ἐκάθισε.</span> <span class='ocrx_word' id='word_1_129' title='bbox 1080 2118 1162 2183; x_wconf 82' lang='grc' dir='ltr'>Τῷ</span> <span class='ocrx_word' id='word_1_130' title='bbox 1202 2114 1432 2186; x_wconf 74' lang='grc' dir='ltr'>ὑπηρέτῃ</span> <span class='ocrx_word' id='word_1_131' title='bbox 1483 2125 1582 2169; x_wconf 87' lang='grc' dir='ltr'>τῶν</span> <span class='ocrx_word' id='word_1_132' title='bbox 1616 2116 1879 2172; x_wconf 86' lang='grc' dir='ltr'>διδασκά-</span> 
     </span>
    </p>
   </div>
   <div class='ocr_carea' id='block_1_22' title="bbox 264 2191 401 2245">
    <p class='ocr_par' dir='ltr' id='par_1_22' title="bbox 264 2191 401 2245">
     <span class='ocr_line' id='line_1_22' title="bbox 264 2191 401 2245; baseline 0.015 -3"><span class='ocrx_word' id='word_1_133' title='bbox 264 2191 401 2245; x_wconf 79' lang='grc' dir='ltr'>λων.</span> 
     </span>
    </p>
   </div>
   <div class='ocr_carea' id='block_1_23' title="bbox 354 2288 1875 2371">
    <p class='ocr_par' dir='ltr' id='par_1_23' title="bbox 354 2288 1875 2371">
     <span class='ocr_line' id='line_1_23' title="bbox 354 2288 1875 2371; baseline 0.011 -37"><span class='ocrx_word' id='word_1_134' title='bbox 354 2289 455 2336; x_wconf 82' lang='grc' dir='ltr'>Καὶ</span> <span class='ocrx_word' id='word_1_135' title='bbox 479 2288 681 2337; x_wconf 86' lang='grc' dir='ltr'>πάντων</span> <span class='ocrx_word' id='word_1_136' title='bbox 723 2318 787 2326; x_wconf 93' lang='grc'><strong>-</strong></span> <span class='ocrx_word' id='word_1_137' title='bbox 819 2288 980 2359; x_wconf 82' lang='grc' dir='ltr'>αύτῷ.</span> <span class='ocrx_word' id='word_1_138' title='bbox 1012 2289 1121 2342; x_wconf 87' lang='grc' dir='ltr'>Ἰνα</span> <span class='ocrx_word' id='word_1_139' title='bbox 1159 2290 1447 2361; x_wconf 79' lang='grc' dir='ltr'>ἀκούσωσι,</span> <span class='ocrx_word' id='word_1_140' title='bbox 1480 2305 1584 2357; x_wconf 87' lang='grc' dir='ltr'>πῶς</span> <span class='ocrx_word' id='word_1_141' title='bbox 1615 2297 1875 2371; x_wconf 81' lang='grc' dir='ltr'>ἐρμηνεύει</span> 
     </span>
    </p>
   </div>
   <div class='ocr_carea' id='block_1_24' title="bbox 266 2372 948 2452">
    <p class='ocr_par' dir='ltr' id='par_1_24' title="bbox 266 2372 948 2452">
     <span class='ocr_line' id='line_1_24' title="bbox 266 2372 948 2452; baseline 0.012 -30"><span class='ocrx_word' id='word_1_142' title='bbox 266 2374 347 2423; x_wconf 82' lang='grc' dir='ltr'>τὰ</span> <span class='ocrx_word' id='word_1_143' title='bbox 380 2372 770 2444; x_wconf 73' lang='grc' dir='ltr'>ἀναγνωσθέντα</span> <span class='ocrx_word' id='word_1_144' title='bbox 793 2378 948 2452; x_wconf 79' lang='grc' dir='ltr'>ῥητά·</span> 
     </span>
    </p>
   </div>
   <div class='ocr_carea' id='block_1_25' title="bbox 347 2458 1876 2543">
    <p class='ocr_par' dir='ltr' id='par_1_25' title="bbox 347 2458 1876 2543">
     <span class='ocr_line' id='line_1_25' title="bbox 347 2458 1876 2543; baseline 0.009 -30"><span class='ocrx_word' id='word_1_145' title='bbox 347 2458 575 2534; x_wconf 79' lang='grc' dir='ltr'>’Ἠρξατο</span> <span class='ocrx_word' id='word_1_146' title='bbox 603 2496 671 2505; x_wconf 92' lang='grc'>--</span> <span class='ocrx_word' id='word_1_147' title='bbox 702 2467 859 2528; x_wconf 82' lang='grc' dir='ltr'>ὑμῶν.</span> <span class='ocrx_word' id='word_1_148' title='bbox 888 2468 944 2521; x_wconf 83' lang='grc' dir='ltr'><strong>Ἠ</strong></span> <span class='ocrx_word' id='word_1_149' title='bbox 984 2475 1157 2543; x_wconf 74' lang='grc' dir='ltr'>γραφη</span> <span class='ocrx_word' id='word_1_150' title='bbox 1193 2473 1345 2537; x_wconf 77' lang='grc' dir='ltr'>αὕτη,</span> <span class='ocrx_word' id='word_1_151' title='bbox 1395 2477 1422 2532; x_wconf 75' lang='grc' dir='ltr'><em>ἡ</em></span> <span class='ocrx_word' id='word_1_152' title='bbox 1486 2474 1532 2526; x_wconf 85' lang='grc' dir='ltr'>ἐν</span> <span class='ocrx_word' id='word_1_153' title='bbox 1584 2484 1691 2538; x_wconf 88' lang='grc' dir='ltr'>τοῖς</span> <span class='ocrx_word' id='word_1_154' title='bbox 1749 2478 1876 2529; x_wconf 81' lang='grc' dir='ltr'>ὠσὶν</span> 
     </span>
    </p>
   </div>
   <div class='ocr_carea' id='block_1_26' title="bbox 262 2550 1875 2637">
    <p class='ocr_par' dir='ltr' id='par_1_26' title="bbox 262 2550 1875 2637">
     <span class='ocr_line' id='line_1_26' title="bbox 262 2550 1875 2637; baseline 0.012 -38"><span class='ocrx_word' id='word_1_155' title='bbox 262 2550 415 2619; x_wconf 75' lang='grc' dir='ltr'>ὑμῶν</span> <span class='ocrx_word' id='word_1_156' title='bbox 450 2569 460 2579; x_wconf 92' lang='grc'>·</span> <span class='ocrx_word' id='word_1_157' title='bbox 488 2557 543 2604; x_wconf 82' lang='grc' dir='ltr'>τό</span> <span class='ocrx_word' id='word_1_158' title='bbox 587 2551 645 2606; x_wconf 68' lang='grc' dir='ltr'>δὲ</span> <span class='ocrx_word' id='word_1_159' title='bbox 676 2561 920 2630; x_wconf 78' lang='grc' dir='ltr'>Σήμερον,</span> <span class='ocrx_word' id='word_1_160' title='bbox 959 2558 1071 2611; x_wconf 81' lang='grc' dir='ltr'>ἀντὶ</span> <span class='ocrx_word' id='word_1_161' title='bbox 1104 2570 1219 2628; x_wconf 77' lang='grc' dir='ltr'>τοῦ,</span> <span class='ocrx_word' id='word_1_162' title='bbox 1254 2562 1337 2613; x_wconf 87' lang='grc' dir='ltr'>Ἐν</span> <span class='ocrx_word' id='word_1_163' title='bbox 1363 2567 1581 2625; x_wconf 77' lang='grc' dir='ltr'>ταύταις</span> <span class='ocrx_word' id='word_1_164' title='bbox 1613 2573 1720 2625; x_wconf 87' lang='grc' dir='ltr'>ταῖς</span> <span class='ocrx_word' id='word_1_165' title='bbox 1751 2568 1875 2637; x_wconf 75' lang='grc' dir='ltr'>ἠμέ-</span> 
     </span>
    </p>
   </div>
   <div class='ocr_carea' id='block_1_27' title="bbox 259 2642 1875 2730">
    <p class='ocr_par' dir='ltr' id='par_1_27' title="bbox 259 2642 1875 2730">
     <span class='ocr_line' id='line_1_27' title="bbox 259 2642 1875 2730; baseline 0.012 -41"><span class='ocrx_word' id='word_1_166' title='bbox 259 2656 413 2710; x_wconf 82' lang='grc' dir='ltr'>ραις.</span> <span class='ocrx_word' id='word_1_167' title='bbox 453 2649 616 2695; x_wconf 81' lang='grc' dir='ltr'>Τοῦτο</span> <span class='ocrx_word' id='word_1_168' title='bbox 645 2642 703 2697; x_wconf 74' lang='grc' dir='ltr'>δὲ</span> <span class='ocrx_word' id='word_1_169' title='bbox 734 2646 908 2714; x_wconf 83' lang='grc' dir='ltr'>εἰπὼν,</span> <span class='ocrx_word' id='word_1_170' title='bbox 960 2645 1239 2716; x_wconf 71' lang='grc' dir='ltr'>ἐδήλωσεν,</span> <span class='ocrx_word' id='word_1_171' title='bbox 1270 2654 1349 2703; x_wconf 83' lang='grc' dir='ltr'>ὅτι</span> <span class='ocrx_word' id='word_1_172' title='bbox 1390 2654 1543 2717; x_wconf 65' lang='grc' dir='ltr'>αὑτός</span> <span class='ocrx_word' id='word_1_173' title='bbox 1590 2657 1724 2719; x_wconf 83' lang='grc' dir='ltr'>ἐστι,</span> <span class='ocrx_word' id='word_1_174' title='bbox 1760 2657 1875 2730; x_wconf 77' lang='grc' dir='ltr'>περὶ</span> 
     </span>
    </p>
   </div>
   <div class='ocr_carea' id='block_1_28' title="bbox 254 2727 974 2807">
    <p class='ocr_par' dir='ltr' id='par_1_28' title="bbox 254 2727 974 2807">
     <span class='ocr_line' id='line_1_28' title="bbox 254 2727 974 2807; baseline 0.018 -29"><span class='ocrx_word' id='word_1_175' title='bbox 254 2727 326 2778; x_wconf 81' lang='grc' dir='ltr'>οὗ</span> <span class='ocrx_word' id='word_1_176' title='bbox 367 2733 431 2783; x_wconf 76' lang='grc' dir='ltr'>τὰ</span> <span class='ocrx_word' id='word_1_177' title='bbox 462 2731 851 2801; x_wconf 72' lang='grc' dir='ltr'>ἀναγνωσθέντα</span> 
     </span>
    </p>
   </div>
   <div class='ocr_carea' id='block_1_29' title="bbox 350 2906 1875 2998">
    <p class='ocr_par' dir='ltr' id='par_1_29' title="bbox 350 2906 1875 2998">
     <span class='ocr_line' id='line_1_29' title="bbox 350 2906 1875 2998; baseline 0.016 -42"><span class='ocrx_word' id='word_1_178' title='bbox 350 2906 456 2959; x_wconf 79' lang='grc' dir='ltr'>Καὶ</span> <span class='ocrx_word' id='word_1_179' title='bbox 488 2911 668 2969; x_wconf 59' lang='grc' dir='ltr'>παντες</span> <span class='ocrx_word' id='word_1_180' title='bbox 697 2941 766 2950; x_wconf 93' lang='grc'><strong>-</strong></span> <span class='ocrx_word' id='word_1_181' title='bbox 794 2912 974 2966; x_wconf 80' lang='grc' dir='ltr'>αὐτοῦ.</span> <span class='ocrx_word' id='word_1_182' title='bbox 1008 2912 1131 2968; x_wconf 85' lang='grc' dir='ltr'>Εἷπε</span> <span class='ocrx_word' id='word_1_183' title='bbox 1173 2920 1273 2993; x_wconf 83' lang='grc' dir='ltr'>γὰρ</span> <span class='ocrx_word' id='word_1_184' title='bbox 1306 2925 1395 2973; x_wconf 85' lang='grc' dir='ltr'>καὶ</span> <span class='ocrx_word' id='word_1_185' title='bbox 1451 2921 1581 2974; x_wconf 79' lang='grc' dir='ltr'>ἄλλα</span> <span class='ocrx_word' id='word_1_186' title='bbox 1639 2927 1875 2998; x_wconf 85' lang='grc' dir='ltr'>θαυμασ-</span> 
     </span>
    </p>
   </div>
   <div class='ocr_carea' id='block_1_30' title="bbox 266 2995 1872 3090">
    <p class='ocr_par' dir='ltr' id='par_1_30' title="bbox 266 2995 1872 3090">
     <span class='ocr_line' id='line_1_30' title="bbox 266 2995 1872 3090; baseline 0.016 -45"><span class='ocrx_word' id='word_1_187' title='bbox 266 2995 360 3057; x_wconf 82' lang='grc' dir='ltr'>τὰ,</span> <span class='ocrx_word' id='word_1_188' title='bbox 417 2995 492 3067; x_wconf 79' lang='grc' dir='ltr'>ἐφ’</span> <span class='ocrx_word' id='word_1_189' title='bbox 550 2999 626 3059; x_wconf 84' lang='grc' dir='ltr'>οἷς</span> <span class='ocrx_word' id='word_1_190' title='bbox 671 2998 965 3073; x_wconf 78' lang='grc' dir='ltr'>ἐθαύμαζον</span> <span class='ocrx_word' id='word_1_191' title='bbox 1026 3010 1115 3058; x_wconf 88' lang='grc' dir='ltr'>καὶ</span> <span class='ocrx_word' id='word_1_192' title='bbox 1165 3005 1481 3083; x_wconf 78' lang='grc' dir='ltr'>ἐμαρτύρουν</span> <span class='ocrx_word' id='word_1_193' title='bbox 1528 3014 1667 3085; x_wconf 76' lang='grc' dir='ltr'>αύτῷ</span> <span class='ocrx_word' id='word_1_194' title='bbox 1710 3019 1872 3090; x_wconf 80' lang='grc' dir='ltr'>χάριν</span> 
     </span>
    </p>
   </div>
   <div class='ocr_carea' id='block_1_31' title="bbox 263 3084 437 3138">
    <p class='ocr_par' dir='ltr' id='par_1_31' title="bbox 263 3084 437 3138">
     <span class='ocr_line' id='line_1_31' title="bbox 263 3084 437 3138; baseline 0.023 -4"><span class='ocrx_word' id='word_1_195' title='bbox 263 3084 437 3138; x_wconf 80' lang='grc' dir='ltr'>θείαν.</span> 
     </span>
    </p>
   </div>
   <div class='ocr_carea' id='block_1_32' title="bbox 1992 558 3647 640">
    <p class='ocr_par' dir='ltr' id='par_1_32' title="bbox 1992 558 3647 640">
     <span class='ocr_line' id='line_1_32' title="bbox 1992 558 3647 640; baseline 0.008 -28"><span class='ocrx_word' id='word_1_196' title='bbox 1992 558 2104 613; x_wconf 84' lang='lat' dir='ltr'>illis</span> <span class='ocrx_word' id='word_1_197' title='bbox 2124 574 2266 615; x_wconf 88' lang='lat' dir='ltr'>vero</span> <span class='ocrx_word' id='word_1_198' title='bbox 2291 560 2760 631; x_wconf 79' lang='lat' dir='ltr'>intelligentiam,</span> <span class='ocrx_word' id='word_1_199' title='bbox 2815 564 3055 634; x_wconf 85' lang='lat' dir='ltr'>quando</span> <span class='ocrx_word' id='word_1_200' title='bbox 3092 564 3360 622; x_wconf 84' lang='lat' dir='ltr'>tradebat</span> <span class='ocrx_word' id='word_1_201' title='bbox 3390 582 3647 640; x_wconf 87' lang='lat' dir='ltr'>evange-</span> 
     </span>
    </p>
   </div>
   <div class='ocr_carea' id='block_1_33' title="bbox 1991 647 3649 726">
    <p class='ocr_par' dir='ltr' id='par_1_33' title="bbox 1991 647 3649 726">
     <span class='ocr_line' id='line_1_33' title="bbox 1991 647 3649 726; baseline 0.008 -26"><span class='ocrx_word' id='word_1_202' title='bbox 1991 647 2103 704; x_wconf 88' lang='lat' dir='ltr'>lica</span> <span class='ocrx_word' id='word_1_203' title='bbox 2135 653 2443 721; x_wconf 81' lang='lat' dir='ltr'>praecepta.</span> <span class='ocrx_word' id='word_1_204' title='bbox 2486 650 2787 723; x_wconf 89' lang='lat' dir='ltr'>Siquidem</span> <span class='ocrx_word' id='word_1_205' title='bbox 2833 652 2925 707; x_wconf 84' lang='lat' dir='ltr'>illa</span> <span class='ocrx_word' id='word_1_206' title='bbox 2974 657 3114 709; x_wconf 87' lang='lat' dir='ltr'>sunt</span> <span class='ocrx_word' id='word_1_207' title='bbox 3156 656 3501 726; x_wconf 66' lang='lat' dir='ltr'>praedicatio</span> <span class='ocrx_word' id='word_1_208' title='bbox 3534 656 3649 714; x_wconf 85' lang='lat' dir='ltr'>Sal-</span> 
     </span>
    </p>
   </div>
   <div class='ocr_carea' id='block_1_34' title="bbox 1992 739 2238 793">
    <p class='ocr_par' dir='ltr' id='par_1_34' title="bbox 1992 739 2238 793">
     <span class='ocr_line' id='line_1_34' title="bbox 1992 739 2238 793; baseline 0.004 -3"><span class='ocrx_word' id='word_1_209' title='bbox 1992 739 2238 793; x_wconf 90' lang='lat' dir='ltr'>vatoris.</span> 
     </span>
    </p>
   </div>
   <div class='ocr_carea' id='block_1_35' title="bbox 2064 828 3646 902">
    <p class='ocr_par' dir='ltr' id='par_1_35' title="bbox 2064 828 3646 902">
     <span class='ocr_line' id='line_1_35' title="bbox 2064 828 3646 902; baseline 0.006 -22"><span class='ocrx_word' id='word_1_210' title='bbox 2064 829 2223 882; x_wconf 83' lang='lat' dir='ltr'>Vers.</span> <span class='ocrx_word' id='word_1_211' title='bbox 2258 829 2344 883; x_wconf 81' lang='grc'>18.</span> <span class='ocrx_word' id='word_1_212' title='bbox 2407 828 2502 884; x_wconf 85' lang='lat' dir='ltr'>Ad</span> <span class='ocrx_word' id='word_1_213' title='bbox 2547 829 2948 886; x_wconf 81' lang='lat' dir='ltr'>dimittendum</span> <span class='ocrx_word' id='word_1_214' title='bbox 2984 862 3051 872; x_wconf 89' lang='lat'><strong>—</strong></span> <span class='ocrx_word' id='word_1_215' title='bbox 3086 847 3198 902; x_wconf 79' lang='lat' dir='ltr'>per</span> <span class='ocrx_word' id='word_1_216' title='bbox 3236 835 3646 892; x_wconf 80' lang='lat' dir='ltr'>remissionem.</span> 
     </span>
    </p>
   </div>
   <div class='ocr_carea' id='block_1_36' title="bbox 1990 914 3651 997">
    <p class='ocr_par' dir='ltr' id='par_1_36' title="bbox 1990 914 3651 997">
     <span class='ocr_line' id='line_1_36' title="bbox 1990 914 3651 997; baseline 0.008 -27"><span class='ocrx_word' id='word_1_217' title='bbox 1990 914 2078 971; x_wconf 87' lang='lat' dir='ltr'>Ad</span> <span class='ocrx_word' id='word_1_218' title='bbox 2110 915 2544 973; x_wconf 87' lang='lat' dir='ltr'>absolvendum</span> <span class='ocrx_word' id='word_1_219' title='bbox 2576 934 2680 990; x_wconf 91' lang='lat' dir='ltr'>per</span> <span class='ocrx_word' id='word_1_220' title='bbox 2721 919 3052 976; x_wconf 89' lang='lat' dir='ltr'>libertatem</span> <span class='ocrx_word' id='word_1_221' title='bbox 3084 922 3419 981; x_wconf 76' lang='lat' dir='ltr'>contractos</span> <span class='ocrx_word' id='word_1_222' title='bbox 3446 929 3651 997; x_wconf 85' lang='lat' dir='ltr'>tyran-</span> 
     </span>
    </p>
   </div>
   <div class='ocr_carea' id='block_1_37' title="bbox 1994 1003 2531 1066">
    <p class='ocr_par' dir='ltr' id='par_1_37' title="bbox 1994 1003 2531 1066">
     <span class='ocr_line' id='line_1_37' title="bbox 1994 1003 2531 1066; baseline 0.015 -9"><span class='ocrx_word' id='word_1_223' title='bbox 1994 1003 2129 1058; x_wconf 87' lang='lat' dir='ltr'>nide</span> <span class='ocrx_word' id='word_1_224' title='bbox 2160 1004 2531 1066; x_wconf 54' lang='lat' dir='ltr'>dmu&#39;onum.</span> 
     </span>
    </p>
   </div>
   <div class='ocr_carea' id='block_1_38' title="bbox 2064 1110 3648 1190">
    <p class='ocr_par' dir='ltr' id='par_1_38' title="bbox 2064 1110 3648 1190">
     <span class='ocr_line' id='line_1_38' title="bbox 2064 1110 3648 1190; baseline 0.006 -23"><span class='ocrx_word' id='word_1_225' title='bbox 2064 1110 2232 1169; x_wconf 87' lang='lat' dir='ltr'>Vers.</span> <span class='ocrx_word' id='word_1_226' title='bbox 2267 1116 2356 1169; x_wconf 84' lang='grc'>19.</span> <span class='ocrx_word' id='word_1_227' title='bbox 2379 1114 2478 1169; x_wconf 88' lang='lat' dir='ltr'>Ad</span> <span class='ocrx_word' id='word_1_228' title='bbox 2497 1115 2937 1184; x_wconf 53' lang='lat' dir='ltr'>praedicandum</span> <span class='ocrx_word' id='word_1_229' title='bbox 2962 1146 3031 1159; x_wconf 94' lang='lat'><strong><em>—</em></strong></span> <span class='ocrx_word' id='word_1_230' title='bbox 3065 1123 3386 1190; x_wconf 81' lang='lat' dir='ltr'>acceptum.</span> <span class='ocrx_word' id='word_1_231' title='bbox 3409 1122 3648 1177; x_wconf 85' lang='lat' dir='ltr'>Annum</span> 
     </span>
    </p>
   </div>
   <div class='ocr_carea' id='block_1_39' title="bbox 1996 1202 3650 1281">
    <p class='ocr_par' dir='ltr' id='par_1_39' title="bbox 1996 1202 3650 1281">
     <span class='ocr_line' id='line_1_39' title="bbox 1996 1202 3650 1281; baseline 0.007 -27"><span class='ocrx_word' id='word_1_232' title='bbox 1996 1202 2223 1256; x_wconf 85' lang='lat' dir='ltr'>vocavit</span> <span class='ocrx_word' id='word_1_233' title='bbox 2252 1208 2507 1273; x_wconf 78' lang='lat' dir='ltr'>tempus,</span> <span class='ocrx_word' id='word_1_234' title='bbox 2551 1218 2671 1276; x_wconf 89' lang='lat' dir='ltr'>quo</span> <span class='ocrx_word' id='word_1_235' title='bbox 2692 1205 2939 1261; x_wconf 86' lang='lat' dir='ltr'>docebat</span> <span class='ocrx_word' id='word_1_236' title='bbox 2994 1222 3063 1261; x_wconf 89' lang='lat' dir='ltr'>ac</span> <span class='ocrx_word' id='word_1_237' title='bbox 3119 1206 3407 1264; x_wconf 88' lang='lat' dir='ltr'>miracula</span> <span class='ocrx_word' id='word_1_238' title='bbox 3436 1224 3650 1281; x_wconf 87' lang='lat' dir='ltr'>opera-</span> 
     </span>
    </p>
   </div>
   <div class='ocr_carea' id='block_1_40' title="bbox 1994 1288 3650 1368">
    <p class='ocr_par' dir='ltr' id='par_1_40' title="bbox 1994 1288 3650 1368">
     <span class='ocr_line' id='line_1_40' title="bbox 1994 1288 3650 1368; baseline 0.007 -25"><span class='ocrx_word' id='word_1_239' title='bbox 1994 1288 2187 1345; x_wconf 85' lang='lat' dir='ltr'>batur.</span> <span class='ocrx_word' id='word_1_240' title='bbox 2223 1296 2543 1363; x_wconf 83' lang='lat' dir='ltr'>Acceptum</span> <span class='ocrx_word' id='word_1_241' title='bbox 2593 1310 2734 1348; x_wconf 89' lang='lat' dir='ltr'>vero</span> <span class='ocrx_word' id='word_1_242' title='bbox 2752 1294 2917 1359; x_wconf 83' lang='lat' dir='ltr'>dixit,</span> <span class='ocrx_word' id='word_1_243' title='bbox 2952 1300 3155 1367; x_wconf 86' lang='lat' dir='ltr'>utpote</span> <span class='ocrx_word' id='word_1_244' title='bbox 3200 1313 3382 1368; x_wconf 85' lang='lat' dir='ltr'>super</span> <span class='ocrx_word' id='word_1_245' title='bbox 3407 1314 3650 1355; x_wconf 90' lang='lat' dir='ltr'>omnem</span> 
     </span>
    </p>
   </div>
   <div class='ocr_carea' id='block_1_41' title="bbox 1993 1382 3651 1458">
    <p class='ocr_par' dir='ltr' id='par_1_41' title="bbox 1993 1382 3651 1458">
     <span class='ocr_line' id='line_1_41' title="bbox 1993 1382 3651 1458; baseline 0.007 -25"><span class='ocrx_word' id='word_1_246' title='bbox 1993 1395 2218 1437; x_wconf 91' lang='lat' dir='ltr'>annum</span> <span class='ocrx_word' id='word_1_247' title='bbox 2248 1382 2397 1436; x_wconf 89' lang='lat' dir='ltr'>Patri</span> <span class='ocrx_word' id='word_1_248' title='bbox 2426 1382 2871 1454; x_wconf 87' lang='lat' dir='ltr'>acceptabilem.</span> <span class='ocrx_word' id='word_1_249' title='bbox 2908 1386 2986 1440; x_wconf 91' lang='lat' dir='ltr'>Eo</span> <span class='ocrx_word' id='word_1_250' title='bbox 3019 1386 3176 1440; x_wconf 93' lang='lat' dir='ltr'>enim</span> <span class='ocrx_word' id='word_1_251' title='bbox 3200 1392 3470 1458; x_wconf 89' lang='lat' dir='ltr'>tempore</span> <span class='ocrx_word' id='word_1_252' title='bbox 3488 1388 3651 1444; x_wconf 87' lang='lat' dir='ltr'>salus</span> 
     </span>
    </p>
   </div>
   <div class='ocr_carea' id='block_1_42' title="bbox 1992 1470 3653 1540">
    <p class='ocr_par' dir='ltr' id='par_1_42' title="bbox 1992 1470 3653 1540">
     <span class='ocr_line' id='line_1_42' title="bbox 1992 1470 3653 1540; baseline 0.006 -17"><span class='ocrx_word' id='word_1_253' title='bbox 1992 1470 2264 1525; x_wconf 90' lang='lat' dir='ltr'>omnium</span> <span class='ocrx_word' id='word_1_254' title='bbox 2286 1470 2600 1525; x_wconf 90' lang='lat' dir='ltr'>hominum</span> <span class='ocrx_word' id='word_1_255' title='bbox 2617 1473 2993 1540; x_wconf 87' lang='lat' dir='ltr'>germinavit.</span> <span class='ocrx_word' id='word_1_256' title='bbox 3026 1479 3137 1530; x_wconf 81' lang='lat' dir='ltr'>Aut</span> <span class='ocrx_word' id='word_1_257' title='bbox 3164 1476 3435 1532; x_wconf 90' lang='lat' dir='ltr'>salutare.</span> <span class='ocrx_word' id='word_1_258' title='bbox 3465 1480 3653 1533; x_wconf 88' lang='lat' dir='ltr'>Evan-</span> 
     </span>
    </p>
   </div>
   <div class='ocr_carea' id='block_1_43' title="bbox 1992 1558 3652 1637">
    <p class='ocr_par' dir='ltr' id='par_1_43' title="bbox 1992 1558 3652 1637">
     <span class='ocr_line' id='line_1_43' title="bbox 1992 1558 3652 1637; baseline 0.007 -26"><span class='ocrx_word' id='word_1_259' title='bbox 1992 1558 2233 1626; x_wconf 90' lang='lat' dir='ltr'>gelium.</span> <span class='ocrx_word' id='word_1_260' title='bbox 2251 1559 2619 1615; x_wconf 61' lang='lat' dir='ltr'>Praedicabat</span> <span class='ocrx_word' id='word_1_261' title='bbox 2645 1566 2842 1616; x_wconf 90' lang='lat' dir='ltr'>autem</span> <span class='ocrx_word' id='word_1_262' title='bbox 2860 1562 3021 1617; x_wconf 91' lang='lat' dir='ltr'>hunc</span> <span class='ocrx_word' id='word_1_263' title='bbox 3053 1578 3299 1633; x_wconf 88' lang='lat' dir='ltr'>annum,</span> <span class='ocrx_word' id='word_1_264' title='bbox 3323 1570 3652 1637; x_wconf 85' lang='lat' dir='ltr'>postquam</span> 
     </span>
    </p>
   </div>
   <div class='ocr_carea' id='block_1_44' title="bbox 1992 1647 3649 1722">
    <p class='ocr_par' dir='ltr' id='par_1_44' title="bbox 1992 1647 3649 1722">
     <span class='ocr_line' id='line_1_44' title="bbox 1992 1647 3649 1722; baseline 0.005 -22"><span class='ocrx_word' id='word_1_265' title='bbox 1992 1651 2249 1701; x_wconf 89' lang='lat' dir='ltr'>tentatus</span> <span class='ocrx_word' id='word_1_266' title='bbox 2282 1647 2473 1702; x_wconf 81' lang='lat' dir='ltr'>fuerat</span> <span class='ocrx_word' id='word_1_267' title='bbox 2499 1664 2567 1703; x_wconf 91' lang='lat' dir='ltr'>ac</span> <span class='ocrx_word' id='word_1_268' title='bbox 2596 1654 2948 1704; x_wconf 89' lang='lat' dir='ltr'>tentatorem</span> <span class='ocrx_word' id='word_1_269' title='bbox 2980 1658 3362 1722; x_wconf 85' lang='lat' dir='ltr'>superaverat</span> <span class='ocrx_word' id='word_1_270' title='bbox 3390 1658 3649 1709; x_wconf 88' lang='lat' dir='ltr'>etrever-</span> 
     </span>
    </p>
   </div>
   <div class='ocr_carea' id='block_1_45' title="bbox 1992 1735 3651 1813">
    <p class='ocr_par' dir='ltr' id='par_1_45' title="bbox 1992 1735 3651 1813">
     <span class='ocr_line' id='line_1_45' title="bbox 1992 1735 3651 1813; baseline 0.007 -26"><span class='ocrx_word' id='word_1_271' title='bbox 1992 1751 2092 1788; x_wconf 92' lang='lat' dir='ltr'>sus</span> <span class='ocrx_word' id='word_1_272' title='bbox 2118 1740 2259 1791; x_wconf 88' lang='lat' dir='ltr'>erat.</span> <span class='ocrx_word' id='word_1_273' title='bbox 2290 1735 2375 1790; x_wconf 81' lang='lat' dir='ltr'>Ab</span> <span class='ocrx_word' id='word_1_274' title='bbox 2406 1751 2475 1792; x_wconf 92' lang='lat' dir='ltr'>eo</span> <span class='ocrx_word' id='word_1_275' title='bbox 2497 1738 2656 1792; x_wconf 89' lang='lat' dir='ltr'>enim</span> <span class='ocrx_word' id='word_1_276' title='bbox 2682 1742 2946 1809; x_wconf 91' lang='lat' dir='ltr'>tempore</span> <span class='ocrx_word' id='word_1_277' title='bbox 2995 1741 3190 1810; x_wconf 59' lang='lat' dir='ltr'>coepit,</span> <span class='ocrx_word' id='word_1_278' title='bbox 3244 1741 3452 1813; x_wconf 88' lang='lat' dir='ltr'>inquit,</span> <span class='ocrx_word' id='word_1_279' title='bbox 3486 1744 3651 1799; x_wconf 76' lang='lat' dir='ltr'>Jesus</span> 
     </span>
    </p>
   </div>
   <div class='ocr_carea' id='block_1_46' title="bbox 1192 1819 1868 1918">
    <p class='ocr_par' dir='ltr' id='par_1_46' title="bbox 1192 1846 1868 1918">
     <span class='ocr_line' id='line_1_46' title="bbox 1192 1846 1868 1918; baseline 0.013 -23"><span class='ocrx_word' id='word_1_280' title='bbox 1192 1847 1221 1903; x_wconf 76' lang='grc' dir='ltr'>ἡ</span> <span class='ocrx_word' id='word_1_281' title='bbox 1302 1846 1547 1918; x_wconf 85' lang='grc' dir='ltr'>βασιλεία</span> <span class='ocrx_word' id='word_1_282' title='bbox 1611 1859 1710 1902; x_wconf 88' lang='grc' dir='ltr'>τῶν</span> <span class='ocrx_word' id='word_1_283' title='bbox 1794 1850 1868 1903; x_wconf 83' lang='grc' dir='ltr'>ού-</span> 
     </span>
    </p>
   </div>
   <div class='ocr_carea' id='block_1_47' title="bbox 1997 1819 3651 1918">
    <p class='ocr_par' dir='ltr' id='par_1_47' title="bbox 1997 1825 3651 1902">
     <span class='ocr_line' id='line_1_47' title="bbox 1997 1825 3651 1902; baseline 0.006 -24"><span class='ocrx_word' id='word_1_284' title='bbox 1997 1825 2320 1893; x_wconf 69' lang='grc' dir='ltr'>ρνεειίίσανε</span> <span class='ocrx_word' id='word_1_285' title='bbox 2349 1832 2401 1880; x_wconf 87' lang='lat' dir='ltr'>et</span> <span class='ocrx_word' id='word_1_286' title='bbox 2422 1826 2632 1890; x_wconf 79' lang='lat' dir='ltr'>dicere,</span> <span class='ocrx_word' id='word_1_287' title='bbox 2665 1828 2999 1897; x_wconf 81' lang='lat' dir='ltr'>Resipiscite</span> <span class='ocrx_word' id='word_1_288' title='bbox 3019 1830 3203 1885; x_wconf 83' lang='lat' dir='ltr'>instat</span> <span class='ocrx_word' id='word_1_289' title='bbox 3229 1830 3381 1886; x_wconf 84' lang='lat' dir='ltr'>enim</span> <span class='ocrx_word' id='word_1_290' title='bbox 3409 1846 3651 1902; x_wconf 84' lang='lat' dir='ltr'>regnum</span> 
     </span>
    </p>
   </div>
   <div class='ocr_carea' id='block_1_48' title="bbox 1991 1915 2742 1983">
    <p class='ocr_par' dir='ltr' id='par_1_48' title="bbox 1991 1915 2742 1983">
     <span class='ocr_line' id='line_1_48' title="bbox 1991 1915 2742 1983; baseline 0.001 -13"><span class='ocrx_word' id='word_1_291' title='bbox 1991 1915 2294 1970; x_wconf 66' lang='lat' dir='ltr'>caelorum.</span> <span class='ocrx_word' id='word_1_292' title='bbox 2330 1918 2477 1971; x_wconf 90' lang='lat' dir='ltr'>Nam</span> <span class='ocrx_word' id='word_1_293' title='bbox 2530 1918 2742 1983; x_wconf 84' lang='lat' dir='ltr'>Instat,</span> 
     </span>
    </p>
   </div>
   <div class='ocr_carea' id='block_1_49' title="bbox 1990 2025 2099 2077">
    <p class='ocr_par' dir='ltr' id='par_1_49' title="bbox 1990 2025 2099 2077">
     <span class='ocr_line' id='line_1_49' title="bbox 1990 2025 2099 2077; baseline 0.018 -2"><span class='ocrx_word' id='word_1_294' title='bbox 1990 2025 2099 2077; x_wconf 88' lang='lat' dir='ltr'>est.</span> 
     </span>
    </p>
   </div>
   <div class='ocr_carea' id='block_1_50' title="bbox 2059 2111 3651 2184">
    <p class='ocr_par' dir='ltr' id='par_1_50' title="bbox 2059 2111 3651 2184">
     <span class='ocr_line' id='line_1_50' title="bbox 2059 2111 3651 2184; baseline 0.006 -19"><span class='ocrx_word' id='word_1_295' title='bbox 2059 2111 2221 2167; x_wconf 87' lang='lat' dir='ltr'>Vers.</span> <span class='ocrx_word' id='word_1_296' title='bbox 2248 2113 2343 2168; x_wconf 85' lang='lat'>20.</span> <span class='ocrx_word' id='word_1_297' title='bbox 2386 2111 2649 2184; x_wconf 82' lang='lat' dir='ltr'>Cumque</span> <span class='ocrx_word' id='word_1_298' title='bbox 2691 2114 2958 2169; x_wconf 85' lang='lat' dir='ltr'>clausum</span> <span class='ocrx_word' id='word_1_299' title='bbox 3015 2145 3079 2157; x_wconf 83' lang='lat'>-</span> <span class='ocrx_word' id='word_1_300' title='bbox 3132 2116 3365 2172; x_wconf 75' lang='lat' dir='ltr'>resedit.</span> <span class='ocrx_word' id='word_1_301' title='bbox 3392 2117 3651 2175; x_wconf 86' lang='lat' dir='ltr'>Ministro</span> 
     </span>
    </p>
   </div>
   <div class='ocr_carea' id='block_1_51' title="bbox 1988 2198 2568 2255">
    <p class='ocr_par' dir='ltr' id='par_1_51' title="bbox 1988 2198 2568 2255">
     <span class='ocr_line' id='line_1_51' title="bbox 1988 2198 2568 2255; baseline 0.003 -2"><span class='ocrx_word' id='word_1_302' title='bbox 1988 2198 2204 2254; x_wconf 87' lang='lat' dir='ltr'>scilicet</span> <span class='ocrx_word' id='word_1_303' title='bbox 2234 2199 2568 2255; x_wconf 87' lang='lat' dir='ltr'>doctorum.</span> 
     </span>
    </p>
   </div>
   <div class='ocr_carea' id='block_1_52' title="bbox 2058 2289 3651 2367">
    <p class='ocr_par' dir='ltr' id='par_1_52' title="bbox 2058 2289 3651 2367">
     <span class='ocr_line' id='line_1_52' title="bbox 2058 2289 3651 2367; baseline 0.006 -26"><span class='ocrx_word' id='word_1_304' title='bbox 2058 2290 2217 2342; x_wconf 83' lang='lat' dir='ltr'>Vers.</span> <span class='ocrx_word' id='word_1_305' title='bbox 2251 2289 2337 2343; x_wconf 87' lang='lat'>20.</span> <span class='ocrx_word' id='word_1_306' title='bbox 2390 2290 2469 2344; x_wconf 85' lang='lat' dir='ltr'>Et</span> <span class='ocrx_word' id='word_1_307' title='bbox 2508 2290 2769 2346; x_wconf 89' lang='lat' dir='ltr'>omnium</span> <span class='ocrx_word' id='word_1_308' title='bbox 2831 2322 2895 2331; x_wconf 91' lang='lat'><strong><em>—</em></strong></span> <span class='ocrx_word' id='word_1_309' title='bbox 2926 2306 3076 2348; x_wconf 84' lang='lat' dir='ltr'>eum.</span> <span class='ocrx_word' id='word_1_310' title='bbox 3107 2294 3174 2348; x_wconf 94' lang='lat' dir='ltr'>Ut</span> <span class='ocrx_word' id='word_1_311' title='bbox 3196 2293 3470 2351; x_wconf 83' lang='lat' dir='ltr'>audirent</span> <span class='ocrx_word' id='word_1_312' title='bbox 3504 2311 3651 2367; x_wconf 84' lang='lat' dir='ltr'>quo-</span> 
     </span>
    </p>
   </div>
   <div class='ocr_carea' id='block_1_53' title="bbox 1988 2377 3209 2450">
    <p class='ocr_par' dir='ltr' id='par_1_53' title="bbox 1988 2377 3209 2450">
     <span class='ocr_line' id='line_1_53' title="bbox 1988 2377 3209 2450; baseline 0.002 -18"><span class='ocrx_word' id='word_1_313' title='bbox 1988 2377 2170 2432; x_wconf 91' lang='lat' dir='ltr'>modo</span> <span class='ocrx_word' id='word_1_314' title='bbox 2197 2379 2681 2448; x_wconf 82' lang='lat' dir='ltr'>interpretaretur</span> <span class='ocrx_word' id='word_1_315' title='bbox 2710 2396 2780 2435; x_wconf 90' lang='lat' dir='ltr'>ea</span> <span class='ocrx_word' id='word_1_316' title='bbox 2811 2397 2944 2450; x_wconf 73' lang='lat' dir='ltr'>quae</span> <span class='ocrx_word' id='word_1_317' title='bbox 2972 2381 3209 2450; x_wconf 84' lang='lat' dir='ltr'>legerat.</span> 
     </span>
    </p>
   </div>
   <div class='ocr_carea' id='block_1_54' title="bbox 2058 2466 3646 2539">
    <p class='ocr_par' dir='ltr' id='par_1_54' title="bbox 2058 2466 3646 2539">
     <span class='ocr_line' id='line_1_54' title="bbox 2058 2466 3646 2539; baseline 0.005 -21"><span class='ocrx_word' id='word_1_318' title='bbox 2058 2468 2213 2519; x_wconf 88' lang='lat' dir='ltr'>Vers.</span> <span class='ocrx_word' id='word_1_319' title='bbox 2239 2466 2332 2521; x_wconf 82' lang='lat' dir='ltr'>2t.</span> <span class='ocrx_word' id='word_1_320' title='bbox 2384 2467 2643 2535; x_wconf 61' lang='lat' dir='ltr'>Crepit—</span> <span class='ocrx_word' id='word_1_321' title='bbox 2680 2468 2906 2523; x_wconf 82' lang='lat' dir='ltr'>vestris.</span> <span class='ocrx_word' id='word_1_322' title='bbox 2950 2469 3399 2539; x_wconf 69' lang='lat' dir='ltr'>Scripturahaec,</span> <span class='ocrx_word' id='word_1_323' title='bbox 3428 2476 3491 2525; x_wconf 88' lang='lat' dir='ltr'>ut</span> <span class='ocrx_word' id='word_1_324' title='bbox 3513 2471 3646 2526; x_wconf 89' lang='lat' dir='ltr'>sub-</span> 
     </span>
    </p>
   </div>
   <div class='ocr_carea' id='block_1_55' title="bbox 1987 2554 3648 2624">
    <p class='ocr_par' dir='ltr' id='par_1_55' title="bbox 1987 2554 3648 2624">
     <span class='ocr_line' id='line_1_55' title="bbox 1987 2554 3648 2624; baseline 0.005 -16"><span class='ocrx_word' id='word_1_325' title='bbox 1987 2554 2265 2608; x_wconf 84' lang='lat' dir='ltr'>audiatur</span> <span class='ocrx_word' id='word_1_326' title='bbox 2310 2556 2489 2619; x_wconf 82' lang='lat' dir='ltr'>:Quae</span> <span class='ocrx_word' id='word_1_327' title='bbox 2546 2556 2763 2619; x_wconf 89' lang='lat' dir='ltr'>sonuit,</span> <span class='ocrx_word' id='word_1_328' title='bbox 2796 2558 2854 2610; x_wconf 92' lang='lat' dir='ltr'>in</span> <span class='ocrx_word' id='word_1_329' title='bbox 2904 2557 3147 2612; x_wconf 89' lang='lat' dir='ltr'>auribus</span> <span class='ocrx_word' id='word_1_330' title='bbox 3194 2560 3420 2624; x_wconf 87' lang='lat' dir='ltr'>vestris,</span> <span class='ocrx_word' id='word_1_331' title='bbox 3461 2562 3648 2618; x_wconf 81' lang='lat' dir='ltr'>Hodie</span> 
     </span>
    </p>
   </div>
   <div class='ocr_carea' id='block_1_56' title="bbox 1983 2642 3642 2722">
    <p class='ocr_par' dir='ltr' id='par_1_56' title="bbox 1983 2642 3642 2722">
     <span class='ocr_line' id='line_1_56' title="bbox 1983 2642 3642 2722; baseline 0.006 -27"><span class='ocrx_word' id='word_1_332' title='bbox 1983 2658 2147 2708; x_wconf 88' lang='lat' dir='ltr'>vero,</span> <span class='ocrx_word' id='word_1_333' title='bbox 2188 2642 2303 2697; x_wconf 90' lang='lat' dir='ltr'>hoc</span> <span class='ocrx_word' id='word_1_334' title='bbox 2360 2649 2468 2708; x_wconf 87' lang='lat' dir='ltr'>est,</span> <span class='ocrx_word' id='word_1_335' title='bbox 2514 2644 2606 2698; x_wconf 88' lang='lat' dir='ltr'>his</span> <span class='ocrx_word' id='word_1_336' title='bbox 2670 2645 2894 2700; x_wconf 90' lang='lat' dir='ltr'>diebus.</span> <span class='ocrx_word' id='word_1_337' title='bbox 2958 2649 3076 2701; x_wconf 88' lang='lat' dir='ltr'>Hoc</span> <span class='ocrx_word' id='word_1_338' title='bbox 3142 2652 3342 2703; x_wconf 89' lang='lat' dir='ltr'>autem</span> <span class='ocrx_word' id='word_1_339' title='bbox 3418 2649 3642 2722; x_wconf 87' lang='lat' dir='ltr'>dicens,</span> 
     </span>
    </p>
   </div>
   <div class='ocr_carea' id='block_1_57' title="bbox 1987 2730 3643 2809">
    <p class='ocr_par' dir='ltr' id='par_1_57' title="bbox 1987 2730 3643 2809">
     <span class='ocr_line' id='line_1_57' title="bbox 1987 2730 3643 2809; baseline 0.007 -24"><span class='ocrx_word' id='word_1_340' title='bbox 1987 2730 2386 2800; x_wconf 88' lang='lat' dir='ltr'>signiﬁcabat,</span> <span class='ocrx_word' id='word_1_341' title='bbox 2430 2749 2557 2788; x_wconf 88' lang='lat' dir='ltr'>sese</span> <span class='ocrx_word' id='word_1_342' title='bbox 2597 2748 2735 2789; x_wconf 92' lang='lat' dir='ltr'>eum</span> <span class='ocrx_word' id='word_1_343' title='bbox 2782 2750 2912 2790; x_wconf 83' lang='lat' dir='ltr'>esse</span> <span class='ocrx_word' id='word_1_344' title='bbox 2943 2735 3017 2791; x_wconf 93' lang='lat' dir='ltr'>de</span> <span class='ocrx_word' id='word_1_345' title='bbox 3065 2752 3187 2808; x_wconf 89' lang='lat' dir='ltr'>quo</span> <span class='ocrx_word' id='word_1_346' title='bbox 3224 2737 3643 2809; x_wconf 81' lang='lat' dir='ltr'>loquebantur,</span> 
     </span>
    </p>
   </div>
   <div class='ocr_carea' id='block_1_58' title="bbox 1988 2820 2541 2892">
    <p class='ocr_par' dir='ltr' id='par_1_58' title="bbox 1988 2820 2541 2892">
     <span class='ocr_line' id='line_1_58' title="bbox 1988 2820 2541 2892; baseline 0.002 -18"><span class='ocrx_word' id='word_1_347' title='bbox 1988 2836 2123 2892; x_wconf 65' lang='lat' dir='ltr'>quae</span> <span class='ocrx_word' id='word_1_348' title='bbox 2153 2820 2304 2876; x_wconf 89' lang='lat' dir='ltr'>lecta</span> <span class='ocrx_word' id='word_1_349' title='bbox 2327 2837 2427 2877; x_wconf 89' lang='lat' dir='ltr'>era</span> <span class='ocrx_word' id='word_1_350' title='bbox 2448 2827 2541 2877; x_wconf 90' lang='lat' dir='ltr'>nt.</span> 
     </span>
    </p>
   </div>
   <div class='ocr_carea' id='block_1_59' title="bbox 2056 2909 3645 2983">
    <p class='ocr_par' dir='ltr' id='par_1_59' title="bbox 2056 2909 3645 2983">
     <span class='ocr_line' id='line_1_59' title="bbox 2056 2909 3645 2983; baseline 0.008 -20"><span class='ocrx_word' id='word_1_351' title='bbox 2056 2909 2214 2966; x_wconf 89' lang='lat' dir='ltr'>Vers.</span> <span class='ocrx_word' id='word_1_352' title='bbox 2268 2911 2458 2967; x_wconf 83' lang='lat' dir='ltr'>22.Et</span> <span class='ocrx_word' id='word_1_353' title='bbox 2510 2928 2708 2969; x_wconf 87' lang='lat' dir='ltr'>omnes</span> <span class='ocrx_word' id='word_1_354' title='bbox 2746 2944 2814 2953; x_wconf 91' lang='lat'>—-</span> <span class='ocrx_word' id='word_1_355' title='bbox 2854 2915 3002 2983; x_wconf 87' lang='lat' dir='ltr'>ejus.</span> <span class='ocrx_word' id='word_1_356' title='bbox 3048 2915 3198 2971; x_wconf 81' lang='lat' dir='ltr'>Dixit</span> <span class='ocrx_word' id='word_1_357' title='bbox 3249 2917 3407 2972; x_wconf 89' lang='lat' dir='ltr'>enim</span> <span class='ocrx_word' id='word_1_358' title='bbox 3444 2924 3500 2973; x_wconf 90' lang='lat' dir='ltr'>et</span> <span class='ocrx_word' id='word_1_359' title='bbox 3524 2918 3645 2976; x_wconf 85' lang='lat' dir='ltr'>alia</span> 
     </span>
    </p>
   </div>
   <div class='ocr_carea' id='block_1_60' title="bbox 1982 2998 3642 3074">
    <p class='ocr_par' dir='ltr' id='par_1_60' title="bbox 1982 2998 3642 3074">
     <span class='ocr_line' id='line_1_60' title="bbox 1982 2998 3642 3074; baseline 0.007 -20"><span class='ocrx_word' id='word_1_360' title='bbox 1982 2998 2360 3065; x_wconf 88' lang='lat' dir='ltr'>admiranda,</span> <span class='ocrx_word' id='word_1_361' title='bbox 2394 3002 2463 3056; x_wconf 91' lang='lat' dir='ltr'>de</span> <span class='ocrx_word' id='word_1_362' title='bbox 2485 3002 2703 3074; x_wconf 90' lang='lat' dir='ltr'>quibus</span> <span class='ocrx_word' id='word_1_363' title='bbox 2728 3002 3114 3070; x_wconf 86' lang='lat' dir='ltr'>mirabantur,</span> <span class='ocrx_word' id='word_1_364' title='bbox 3148 3010 3204 3061; x_wconf 89' lang='lat' dir='ltr'>et</span> <span class='ocrx_word' id='word_1_365' title='bbox 3230 3008 3642 3065; x_wconf 88' lang='lat' dir='ltr'>testimonium</span> 
     </span>
    </p>
   </div>
   <div class='ocr_carea' id='block_1_61' title="bbox 1980 3089 2869 3159">
    <p class='ocr_par' dir='ltr' id='par_1_61' title="bbox 1980 3089 2869 3159">
     <span class='ocr_line' id='line_1_61' title="bbox 1980 3089 2869 3159; baseline 0.006 -15"><span class='ocrx_word' id='word_1_366' title='bbox 1980 3090 2033 3144; x_wconf 89' lang='lat' dir='ltr'>ei</span> <span class='ocrx_word' id='word_1_367' title='bbox 2063 3089 2290 3146; x_wconf 89' lang='lat' dir='ltr'>dabant</span> <span class='ocrx_word' id='word_1_368' title='bbox 2318 3090 2391 3145; x_wconf 90' lang='lat' dir='ltr'>de</span> <span class='ocrx_word' id='word_1_369' title='bbox 2416 3093 2607 3159; x_wconf 89' lang='lat' dir='ltr'>gratia</span> <span class='ocrx_word' id='word_1_370' title='bbox 2641 3092 2869 3149; x_wconf 89' lang='lat' dir='ltr'>divina.</span> 
     </span>
    </p>
   </div>
   <div class='ocr_carea' id='block_1_62' title="bbox 2822 1918 3650 1990">
    <p class='ocr_par' dir='ltr' id='par_1_62' title="bbox 2822 1918 3650 1990">
     <span class='ocr_line' id='line_1_62' title="bbox 2822 1918 3650 1990; baseline 0.006 -17"><span class='ocrx_word' id='word_1_371' title='bbox 2822 1918 3107 1990; x_wconf 88' lang='lat' dir='ltr'>temporis</span> <span class='ocrx_word' id='word_1_372' title='bbox 3187 1919 3650 1990; x_wconf 85' lang='lat' dir='ltr'>signiﬁcativum</span> 
     </span>
    </p>
   </div>
   <div class='ocr_carea' id='block_1_63' title="bbox 351 3164 1868 3261">
    <p class='ocr_par' dir='ltr' id='par_1_63' title="bbox 351 3174 1868 3261">
     <span class='ocr_line' id='line_1_63' title="bbox 351 3174 1868 3261; baseline 0.016 -37"><span class='ocrx_word' id='word_1_373' title='bbox 351 3178 450 3225; x_wconf 82' lang='grc' dir='ltr'>Καὶ</span> <span class='ocrx_word' id='word_1_374' title='bbox 493 3174 659 3247; x_wconf 52' lang='lat' dir='ltr'>aer/ou</span> <span class='ocrx_word' id='word_1_375' title='bbox 708 3210 775 3219; x_wconf 90' lang='lat'><em>-</em></span> <span class='ocrx_word' id='word_1_376' title='bbox 831 3180 1019 3254; x_wconf 79' lang='grc' dir='ltr'>Ἰωσήφ</span> <span class='ocrx_word' id='word_1_377' title='bbox 1046 3198 1058 3248; x_wconf 92' lang='grc'><strong>;</strong></span> <span class='ocrx_word' id='word_1_378' title='bbox 1088 3190 1326 3244; x_wconf 79' lang='grc' dir='ltr'>Ζήτησον</span> <span class='ocrx_word' id='word_1_379' title='bbox 1367 3188 1412 3240; x_wconf 85' lang='grc' dir='ltr'>ἐν</span> <span class='ocrx_word' id='word_1_380' title='bbox 1465 3199 1536 3261; x_wconf 84' lang='grc' dir='ltr'>τῷ</span> <span class='ocrx_word' id='word_1_381' title='bbox 1587 3189 1868 3249; x_wconf 84' lang='grc' dir='ltr'>δηλωθέντι</span> 
     </span>
    </p>
   </div>
   <div class='ocr_carea' id='block_1_64' title="bbox 1997 3164 3641 3261">
    <p class='ocr_par' dir='ltr' id='par_1_64' title="bbox 2050 3177 3641 3251">
     <span class='ocr_line' id='line_1_64' title="bbox 2050 3177 3641 3251; baseline 0.009 -21"><span class='ocrx_word' id='word_1_382' title='bbox 2050 3177 2217 3234; x_wconf 86' lang='lat' dir='ltr'>Vers.</span> <span class='ocrx_word' id='word_1_383' title='bbox 2245 3181 2332 3233; x_wconf 85' lang='lat'>22.</span> <span class='ocrx_word' id='word_1_384' title='bbox 2369 3180 2445 3234; x_wconf 84' lang='lat' dir='ltr'>Et</span> <span class='ocrx_word' id='word_1_385' title='bbox 2466 3181 2736 3237; x_wconf 76' lang='lat' dir='ltr'>dicebant</span> <span class='ocrx_word' id='word_1_386' title='bbox 2794 3208 2852 3218; x_wconf 93' lang='lat'><strong>-</strong></span> <span class='ocrx_word' id='word_1_387' title='bbox 2893 3183 3111 3251; x_wconf 83' lang='lat' dir='ltr'>Joseph</span> <span class='ocrx_word' id='word_1_388' title='bbox 3133 3184 3161 3238; x_wconf 83' lang='lat'>?</span> <span class='ocrx_word' id='word_1_389' title='bbox 3188 3185 3392 3250; x_wconf 67' lang='lat' dir='ltr'>Quaere</span> <span class='ocrx_word' id='word_1_390' title='bbox 3427 3186 3501 3243; x_wconf 92' lang='lat' dir='ltr'>de</span> <span class='ocrx_word' id='word_1_391' title='bbox 3525 3186 3641 3245; x_wconf 86' lang='lat' dir='ltr'>hoc</span> 
     </span>
    </p>
   </div>
   <div class='ocr_carea' id='block_1_65' title="bbox 261 3259 1867 3359">
    <p class='ocr_par' dir='ltr' id='par_1_65' title="bbox 261 3259 1867 3359">
     <span class='ocr_line' id='line_1_65' title="bbox 261 3259 1867 3359; baseline 0.018 -49"><span class='ocrx_word' id='word_1_392' title='bbox 261 3259 489 3333; x_wconf 76' lang='grc' dir='ltr'>εἰκοστῷ</span> <span class='ocrx_word' id='word_1_393' title='bbox 522 3267 750 3338; x_wconf 83' lang='grc' dir='ltr'>τετάρτῳ</span> <span class='ocrx_word' id='word_1_394' title='bbox 774 3268 1031 3343; x_wconf 70' lang='grc' dir='ltr'>κεφαλαίῳ</span> <span class='ocrx_word' id='word_1_395' title='bbox 1063 3280 1289 3350; x_wconf 79' lang='grc' dir='ltr'>καὶπερὶ</span> <span class='ocrx_word' id='word_1_396' title='bbox 1321 3282 1525 3348; x_wconf 87' lang='grc' dir='ltr'>τούτου,</span> <span class='ocrx_word' id='word_1_397' title='bbox 1558 3283 1867 3359; x_wconf 82' lang='grc' dir='ltr'>πλατύτερον</span> 
     </span>
    </p>
   </div>
   <div class='ocr_carea' id='block_1_66' title="bbox 264 3352 718 3427">
    <p class='ocr_par' dir='ltr' id='par_1_66' title="bbox 264 3352 718 3427">
     <span class='ocr_line' id='line_1_66' title="bbox 264 3352 718 3427; baseline 0.018 -26"><span class='ocrx_word' id='word_1_398' title='bbox 264 3352 435 3404; x_wconf 75' lang='grc' dir='ltr'>ἐκεῖσε</span> <span class='ocrx_word' id='word_1_399' title='bbox 464 3359 718 3427; x_wconf 87' lang='grc' dir='ltr'>κειμένου.</span> 
     </span>
    </p>
   </div>
   <div class='ocr_carea' id='block_1_67' title="bbox 345 3442 1866 3526">
    <p class='ocr_par' dir='ltr' id='par_1_67' title="bbox 345 3442 1866 3526">
     <span class='ocr_line' id='line_1_67' title="bbox 345 3442 1866 3526; baseline 0.016 -33"><span class='ocrx_word' id='word_1_400' title='bbox 345 3445 443 3493; x_wconf 85' lang='grc' dir='ltr'>Καὶ</span> <span class='ocrx_word' id='word_1_401' title='bbox 471 3442 577 3495; x_wconf 85' lang='grc' dir='ltr'>εἶπε</span> <span class='ocrx_word' id='word_1_402' title='bbox 606 3442 803 3499; x_wconf 86' lang='grc' dir='ltr'>-ὧδε</span> <span class='ocrx_word' id='word_1_403' title='bbox 1001 3453 1306 3526; x_wconf 80' lang='grc' dir='ltr'>Παραϐολην</span> <span class='ocrx_word' id='word_1_404' title='bbox 1355 3457 1573 3512; x_wconf 79' lang='grc' dir='ltr'>ἐνταῦθα</span> <span class='ocrx_word' id='word_1_405' title='bbox 1628 3466 1721 3520; x_wconf 82' lang='grc' dir='ltr'>τὴν</span> <span class='ocrx_word' id='word_1_406' title='bbox 1769 3485 1866 3517; x_wconf 83' lang='grc' dir='ltr'>πα-</span> 
     </span>
    </p>
   </div>
   <div class='ocr_carea' id='block_1_68' title="bbox 260 3532 1863 3621">
    <p class='ocr_par' dir='ltr' id='par_1_68' title="bbox 260 3532 1863 3621">
     <span class='ocr_line' id='line_1_68' title="bbox 260 3532 1863 3621; baseline 0.017 -43"><span class='ocrx_word' id='word_1_407' title='bbox 260 3535 476 3600; x_wconf 86' lang='grc' dir='ltr'>ροιμίαν</span> <span class='ocrx_word' id='word_1_408' title='bbox 516 3532 751 3605; x_wconf 87' lang='grc' dir='ltr'>ὠνόμασε</span> <span class='ocrx_word' id='word_1_409' title='bbox 809 3546 1063 3612; x_wconf 89' lang='grc' dir='ltr'>παροιμία</span> <span class='ocrx_word' id='word_1_410' title='bbox 1104 3546 1205 3616; x_wconf 81' lang='grc' dir='ltr'>γὰρ</span> <span class='ocrx_word' id='word_1_411' title='bbox 1263 3542 1322 3604; x_wconf 73' lang='grc' dir='ltr'>ἦν</span> <span class='ocrx_word' id='word_1_412' title='bbox 1355 3547 1599 3621; x_wconf 78' lang='grc' dir='ltr'>λεγομένη</span> <span class='ocrx_word' id='word_1_413' title='bbox 1634 3550 1716 3604; x_wconf 84' lang='grc' dir='ltr'>ἐπὶ</span> <span class='ocrx_word' id='word_1_414' title='bbox 1764 3564 1863 3606; x_wconf 86' lang='grc' dir='ltr'>τῶν</span> 
     </span>
    </p>
   </div>
   <div class='ocr_carea' id='block_1_69' title="bbox 260 3623 1863 3704">
    <p class='ocr_par' dir='ltr' id='par_1_69' title="bbox 260 3623 1863 3704">
     <span class='ocr_line' id='line_1_69' title="bbox 260 3623 1863 3704; baseline 0.017 -36"><span class='ocrx_word' id='word_1_415' title='bbox 260 3623 554 3673; x_wconf 86' lang='grc' dir='ltr'>νοσούντων</span> <span class='ocrx_word' id='word_1_416' title='bbox 600 3623 806 3699; x_wconf 83' lang='grc' dir='ltr'>ἰατρῶν,</span> <span class='ocrx_word' id='word_1_417' title='bbox 863 3627 1045 3703; x_wconf 74' lang='grc' dir='ltr'>Ἰατρε,</span> <span class='ocrx_word' id='word_1_418' title='bbox 1105 3634 1418 3704; x_wconf 69' lang='grc' dir='ltr'>θεράπευσον</span> <span class='ocrx_word' id='word_1_419' title='bbox 1470 3644 1705 3693; x_wconf 83' lang='grc' dir='ltr'>σεαυτὸν.</span> <span class='ocrx_word' id='word_1_420' title='bbox 1744 3641 1863 3696; x_wconf 66' lang='lat' dir='ltr'>Eine</span> 
     </span>
    </p>
   </div>
   <div class='ocr_carea' id='block_1_70' title="bbox 262 3705 1856 3803">
    <p class='ocr_par' dir='ltr' id='par_1_70' title="bbox 262 3705 1856 3803">
     <span class='ocr_line' id='line_1_70' title="bbox 262 3705 1856 3803; baseline 0.018 -45"><span class='ocrx_word' id='word_1_421' title='bbox 262 3705 326 3759; x_wconf 76' lang='grc' dir='ltr'>δὲ</span> <span class='ocrx_word' id='word_1_422' title='bbox 382 3718 553 3771; x_wconf 80' lang='grc' dir='ltr'>τοῦτο,</span> <span class='ocrx_word' id='word_1_423' title='bbox 608 3719 756 3783; x_wconf 81' lang='grc' dir='ltr'>γνούς</span> <span class='ocrx_word' id='word_1_424' title='bbox 805 3717 996 3781; x_wconf 78' lang='grc' dir='ltr'>αύτούς</span> <span class='ocrx_word' id='word_1_425' title='bbox 1045 3721 1275 3783; x_wconf 73' lang='grc' dir='ltr'>θέλοντας</span> <span class='ocrx_word' id='word_1_426' title='bbox 1334 3727 1410 3798; x_wconf 86' lang='grc'>(8)</span> <span class='ocrx_word' id='word_1_427' title='bbox 1473 3725 1599 3780; x_wconf 80' lang='grc' dir='ltr'>ἰδεῖν</span> <span class='ocrx_word' id='word_1_428' title='bbox 1646 3741 1856 3803; x_wconf 83' lang='grc' dir='ltr'>σημεῖα.</span> 
     </span>
    </p>
   </div>
   <div class='ocr_carea' id='block_1_71' title="bbox 258 3797 1859 3890">
    <p class='ocr_par' dir='ltr' id='par_1_71' title="bbox 258 3797 1859 3890">
     <span class='ocr_line' id='line_1_71' title="bbox 258 3797 1859 3890; baseline 0.017 -43"><span class='ocrx_word' id='word_1_429' title='bbox 258 3804 429 3855; x_wconf 79' lang='grc' dir='ltr'>Φησὶν</span> <span class='ocrx_word' id='word_1_430' title='bbox 479 3797 565 3852; x_wconf 79' lang='grc' dir='ltr'>οὖν</span> <span class='ocrx_word' id='word_1_431' title='bbox 613 3821 624 3834; x_wconf 73' lang='grc' dir='ltr'>ο</span> <span class='ocrx_word' id='word_1_432' title='bbox 682 3806 888 3868; x_wconf 88' lang='grc' dir='ltr'>Πάντως</span> <span class='ocrx_word' id='word_1_433' title='bbox 940 3806 1096 3881; x_wconf 85' lang='grc' dir='ltr'>ἐρεῖτέ</span> <span class='ocrx_word' id='word_1_434' title='bbox 1150 3832 1262 3882; x_wconf 86' lang='grc' dir='ltr'>μοι,</span> <span class='ocrx_word' id='word_1_435' title='bbox 1312 3819 1476 3890; x_wconf 78' lang='grc' dir='ltr'>Ιατρὲ,</span> <span class='ocrx_word' id='word_1_436' title='bbox 1546 3821 1859 3890; x_wconf 73' lang='grc' dir='ltr'>θεράπευσον</span> 
     </span>
    </p>
   </div>
   <div class='ocr_carea' id='block_1_72' title="bbox 260 3892 1858 3981">
    <p class='ocr_par' dir='ltr' id='par_1_72' title="bbox 260 3892 1858 3981">
     <span class='ocr_line' id='line_1_72' title="bbox 260 3892 1858 3981; baseline 0.016 -44"><span class='ocrx_word' id='word_1_437' title='bbox 260 3892 503 3952; x_wconf 85' lang='grc' dir='ltr'>σεαυτὸν,</span> <span class='ocrx_word' id='word_1_438' title='bbox 533 3894 711 3961; x_wconf 79' lang='grc' dir='ltr'>ἤγουν,</span> <span class='ocrx_word' id='word_1_439' title='bbox 756 3898 846 3951; x_wconf 76' lang='grc' dir='ltr'>τὴν</span> <span class='ocrx_word' id='word_1_440' title='bbox 886 3895 1122 3969; x_wconf 86' lang='grc' dir='ltr'>πατρίδα</span> <span class='ocrx_word' id='word_1_441' title='bbox 1151 3920 1265 3963; x_wconf 87' lang='grc' dir='ltr'>σου,</span> <span class='ocrx_word' id='word_1_442' title='bbox 1322 3915 1578 3958; x_wconf 73' lang='grc' dir='ltr'>νοσούσαν</span> <span class='ocrx_word' id='word_1_443' title='bbox 1609 3910 1667 3960; x_wconf 75' lang='grc' dir='ltr'>ού</span> <span class='ocrx_word' id='word_1_444' title='bbox 1707 3916 1858 3981; x_wconf 88' lang='grc' dir='ltr'>μόνον</span> 
     </span>
    </p>
   </div>
   <div class='ocr_carea' id='block_1_73' title="bbox 254 3979 1860 4067">
    <p class='ocr_par' dir='ltr' id='par_1_73' title="bbox 254 3979 1860 4067">
     <span class='ocr_line' id='line_1_73' title="bbox 254 3979 1860 4067; baseline 0.016 -39"><span class='ocrx_word' id='word_1_445' title='bbox 254 3984 373 4037; x_wconf 84' lang='grc' dir='ltr'>ταῖς</span> <span class='ocrx_word' id='word_1_446' title='bbox 399 3979 670 4049; x_wconf 82' lang='grc' dir='ltr'>καχεξίαις</span> <span class='ocrx_word' id='word_1_447' title='bbox 710 3991 800 4034; x_wconf 79' lang='grc' dir='ltr'>τοῦ</span> <span class='ocrx_word' id='word_1_448' title='bbox 835 3990 1096 4057; x_wconf 75' lang='grc' dir='ltr'>σώματος,</span> <span class='ocrx_word' id='word_1_449' title='bbox 1132 3988 1258 4042; x_wconf 79' lang='grc' dir='ltr'>ἀλλά</span> <span class='ocrx_word' id='word_1_450' title='bbox 1300 3997 1387 4045; x_wconf 86' lang='grc' dir='ltr'>καὶ</span> <span class='ocrx_word' id='word_1_451' title='bbox 1420 4004 1480 4067; x_wconf 73' lang='grc' dir='ltr'>τῇ</span> <span class='ocrx_word' id='word_1_452' title='bbox 1518 3995 1739 4067; x_wconf 79' lang='grc' dir='ltr'>ἀπιστίᾳ</span> <span class='ocrx_word' id='word_1_453' title='bbox 1770 4011 1860 4062; x_wconf 77' lang='grc' dir='ltr'>τῆς</span> 
     </span>
    </p>
   </div>
   <div class='ocr_carea' id='block_1_74' title="bbox 253 4066 1857 4160">
    <p class='ocr_par' dir='ltr' id='par_1_74' title="bbox 253 4066 1857 4160">
     <span class='ocr_line' id='line_1_74' title="bbox 253 4066 1857 4160; baseline 0.017 -45"><span class='ocrx_word' id='word_1_454' title='bbox 253 4066 465 4137; x_wconf 73' lang='grc' dir='ltr'>ψυχῆς,</span> <span class='ocrx_word' id='word_1_455' title='bbox 495 4075 677 4141; x_wconf 77' lang='grc' dir='ltr'>καὶμὴ</span> <span class='ocrx_word' id='word_1_456' title='bbox 711 4068 999 4144; x_wconf 78' lang='grc' dir='ltr'>δυναμένην</span> <span class='ocrx_word' id='word_1_457' title='bbox 1021 4082 1301 4145; x_wconf 80' lang='grc' dir='ltr'>πιστεύειν,</span> <span class='ocrx_word' id='word_1_458' title='bbox 1336 4083 1413 4143; x_wconf 81' lang='grc' dir='ltr'>οἷς</span> <span class='ocrx_word' id='word_1_459' title='bbox 1450 4083 1624 4138; x_wconf 73' lang='grc' dir='ltr'>ἀκούει</span> <span class='ocrx_word' id='word_1_460' title='bbox 1656 4095 1857 4160; x_wconf 67' lang='grc' dir='ltr'>γινομέε</span> 
     </span>
    </p>
   </div>
   <div class='ocr_carea' id='block_1_75' title="bbox 252 4156 1860 4244">
    <p class='ocr_par' dir='ltr' id='par_1_75' title="bbox 252 4156 1860 4244">
     <span class='ocr_line' id='line_1_75' title="bbox 252 4156 1860 4244; baseline 0.017 -39"><span class='ocrx_word' id='word_1_461' title='bbox 252 4175 366 4216; x_wconf 88' lang='grc' dir='ltr'>νοις</span> <span class='ocrx_word' id='word_1_462' title='bbox 391 4156 532 4228; x_wconf 81' lang='grc' dir='ltr'>παρᾶ</span> <span class='ocrx_word' id='word_1_463' title='bbox 560 4167 652 4211; x_wconf 78' lang='grc' dir='ltr'>σοῦ</span> <span class='ocrx_word' id='word_1_464' title='bbox 687 4167 938 4233; x_wconf 74' lang='grc' dir='ltr'>σημείοις,</span> <span class='ocrx_word' id='word_1_465' title='bbox 965 4165 1008 4216; x_wconf 89' lang='grc' dir='ltr'>εἰ</span> <span class='ocrx_word' id='word_1_466' title='bbox 1142 4172 1212 4238; x_wconf 81' lang='grc' dir='ltr'>μὴ</span> <span class='ocrx_word' id='word_1_467' title='bbox 1242 4174 1325 4221; x_wconf 84' lang='grc' dir='ltr'>καὶ</span> <span class='ocrx_word' id='word_1_468' title='bbox 1354 4168 1426 4223; x_wconf 85' lang='grc' dir='ltr'>δι’</span> <span class='ocrx_word' id='word_1_469' title='bbox 1458 4174 1619 4244; x_wconf 66' lang='grc' dir='ltr'>ὅψεως</span> <span class='ocrx_word' id='word_1_470' title='bbox 1642 4187 1860 4234; x_wconf 84' lang='grc' dir='ltr'>τοιαῦτα</span> 
     </span>
    </p>
   </div>
   <div class='ocr_carea' id='block_1_76' title="bbox 257 4246 682 4318">
    <p class='ocr_par' dir='ltr' id='par_1_76' title="bbox 257 4246 682 4318">
     <span class='ocr_line' id='line_1_76' title="bbox 257 4246 682 4318; baseline 0.012 -21"><span class='ocrx_word' id='word_1_471' title='bbox 257 4246 516 4302; x_wconf 86' lang='grc' dir='ltr'>θεάσηται</span> <span class='ocrx_word' id='word_1_472' title='bbox 546 4251 682 4318; x_wconf 85' lang='grc'>(10).</span> 
     </span>
    </p>
   </div>
   <div class='ocr_carea' id='block_1_77' title="bbox 332 4316 1932 4425">
    <p class='ocr_par' dir='ltr' id='par_1_77' title="bbox 332 4316 1932 4425">
     <span class='ocr_line' id='line_1_77' title="bbox 332 4316 1932 4425; baseline 0.018 -39"><span class='ocrx_word' id='word_1_473' title='bbox 332 4332 456 4388; x_wconf 84' lang='grc' dir='ltr'>Εἷπε</span> <span class='ocrx_word' id='word_1_474' title='bbox 488 4334 563 4389; x_wconf 86' lang='grc' dir='ltr'>δέ·</span> <span class='ocrx_word' id='word_1_475' title='bbox 600 4368 667 4378; x_wconf 90' lang='grc'><strong><em>-</em></strong></span> <span class='ocrx_word' id='word_1_476' title='bbox 700 4340 878 4393; x_wconf 65' lang='grc' dir='ltr'>αὐτοῦ.</span> <span class='ocrx_word' id='word_1_477' title='bbox 924 4342 1003 4395; x_wconf 87' lang='grc' dir='ltr'>Ἐν</span> <span class='ocrx_word' id='word_1_478' title='bbox 1031 4354 1101 4415; x_wconf 81' lang='grc' dir='ltr'>τῷ</span> <span class='ocrx_word' id='word_1_479' title='bbox 1134 4347 1476 4423; x_wconf 77' lang='grc' dir='ltr'>προῤῥηθέντι</span> <span class='ocrx_word' id='word_1_480' title='bbox 1529 4354 1745 4425; x_wconf 83' lang='grc' dir='ltr'>εἰκοστῷ</span> <span class='ocrx_word' id='word_1_481' title='bbox 1772 4378 1853 4411; x_wconf 87' lang='grc' dir='ltr'>τε-</span> <span class='ocrx_word' id='word_1_482' title='bbox 1887 4316 1932 4371; x_wconf 84' lang='lat' dir='ltr'><strong>D</strong></span> 
     </span>
    </p>
   </div>
   <div class='ocr_carea' id='block_1_78' title="bbox 256 4426 1854 4519">
    <p class='ocr_par' dir='ltr' id='par_1_78' title="bbox 256 4426 1854 4519">
     <span class='ocr_line' id='line_1_78' title="bbox 256 4426 1854 4519; baseline 0.016 -44"><span class='ocrx_word' id='word_1_483' title='bbox 256 4427 427 4498; x_wconf 85' lang='grc' dir='ltr'>τάρτῳ</span> <span class='ocrx_word' id='word_1_484' title='bbox 456 4426 713 4498; x_wconf 77' lang='grc' dir='ltr'>κεφαλαίῳ</span> <span class='ocrx_word' id='word_1_485' title='bbox 736 4437 825 4480; x_wconf 77' lang='grc' dir='ltr'>τοῦ</span> <span class='ocrx_word' id='word_1_486' title='bbox 846 4435 982 4484; x_wconf 81' lang='grc' dir='ltr'>κατὰ</span> <span class='ocrx_word' id='word_1_487' title='bbox 1006 4432 1273 4489; x_wconf 81' lang='grc' dir='ltr'>Ματθαῖον</span> <span class='ocrx_word' id='word_1_488' title='bbox 1306 4440 1533 4513; x_wconf 78' lang='grc' dir='ltr'>ἀκριϐῶς</span> <span class='ocrx_word' id='word_1_489' title='bbox 1551 4443 1740 4519; x_wconf 73' lang='grc' dir='ltr'>ἐρρηθη</span> <span class='ocrx_word' id='word_1_490' title='bbox 1766 4454 1854 4500; x_wconf 87' lang='grc' dir='ltr'>καὶ</span> 
     </span>
    </p>
   </div>
   <div class='ocr_carea' id='block_1_79' title="bbox 254 4519 613 4587">
    <p class='ocr_par' dir='ltr' id='par_1_79' title="bbox 254 4519 613 4587">
     <span class='ocr_line' id='line_1_79' title="bbox 254 4519 613 4587; baseline 0.006 -21"><span class='ocrx_word' id='word_1_491' title='bbox 254 4520 377 4587; x_wconf 85' lang='grc' dir='ltr'>περὶ</span> <span class='ocrx_word' id='word_1_492' title='bbox 406 4519 613 4568; x_wconf 86' lang='grc' dir='ltr'>τούτου.</span> 
     </span>
    </p>
   </div>
   <div class='ocr_carea' id='block_1_80' title="bbox 328 4603 1853 4687">
    <p class='ocr_par' dir='ltr' id='par_1_80' title="bbox 328 4603 1853 4687">
     <span class='ocr_line' id='line_1_80' title="bbox 328 4603 1853 4687; baseline 0.016 -33"><span class='ocrx_word' id='word_1_493' title='bbox 328 4605 439 4656; x_wconf 76' lang='grc' dir='ltr'>Ἐπ’</span> <span class='ocrx_word' id='word_1_494' title='bbox 490 4603 730 4669; x_wconf 81' lang='grc' dir='ltr'>ἀληθείας</span> <span class='ocrx_word' id='word_1_495' title='bbox 780 4640 846 4649; x_wconf 65' lang='grc'>«-</span> <span class='ocrx_word' id='word_1_496' title='bbox 903 4618 1101 4685; x_wconf 77' lang='grc' dir='ltr'>χήραν.</span> <span class='ocrx_word' id='word_1_497' title='bbox 1152 4615 1414 4687; x_wconf 79' lang='grc' dir='ltr'>Ἐμιράίνει</span> <span class='ocrx_word' id='word_1_498' title='bbox 1473 4616 1564 4672; x_wconf 84' lang='grc' dir='ltr'>διὰ</span> <span class='ocrx_word' id='word_1_499' title='bbox 1611 4631 1701 4674; x_wconf 76' lang='grc' dir='ltr'>τοῦ</span> <span class='ocrx_word' id='word_1_500' title='bbox 1756 4646 1853 4678; x_wconf 90' lang='grc' dir='ltr'>πα-</span> 
     </span>
    </p>
   </div>
   <div class='ocr_carea' id='block_1_81' title="bbox 254 4690 1849 4779">
    <p class='ocr_par' dir='ltr' id='par_1_81' title="bbox 254 4690 1849 4779">
     <span class='ocr_line' id='line_1_81' title="bbox 254 4690 1849 4779; baseline 0.016 -36"><span class='ocrx_word' id='word_1_501' title='bbox 254 4690 626 4768; x_wconf 81' lang='grc' dir='ltr'>ραδείγματος,</span> <span class='ocrx_word' id='word_1_502' title='bbox 692 4700 767 4749; x_wconf 76' lang='grc' dir='ltr'>ὅτε</span> <span class='ocrx_word' id='word_1_503' title='bbox 802 4699 893 4751; x_wconf 84' lang='grc' dir='ltr'>ούκ</span> <span class='ocrx_word' id='word_1_504' title='bbox 943 4701 1073 4753; x_wconf 78' lang='grc' dir='ltr'>εἰσὶν</span> <span class='ocrx_word' id='word_1_505' title='bbox 1124 4704 1259 4766; x_wconf 71' lang='grc' dir='ltr'>ἄξιοι</span> <span class='ocrx_word' id='word_1_506' title='bbox 1320 4714 1567 4779; x_wconf 80' lang='grc' dir='ltr'>σημείων,</span> <span class='ocrx_word' id='word_1_507' title='bbox 1625 4710 1717 4765; x_wconf 82' lang='grc' dir='ltr'>διὰ</span> <span class='ocrx_word' id='word_1_508' title='bbox 1763 4721 1849 4773; x_wconf 73' lang='grc' dir='ltr'>τὴν</span> 
     </span>
    </p>
   </div>
   <div class='ocr_carea' id='block_1_82' title="bbox 259 4780 972 4841">
    <p class='ocr_par' dir='ltr' id='par_1_82' title="bbox 259 4780 972 4841">
     <span class='ocr_line' id='line_1_82' title="bbox 259 4780 972 4841; baseline 0.014 -11"><span class='ocrx_word' id='word_1_509' title='bbox 259 4780 458 4834; x_wconf 81' lang='grc' dir='ltr'>ἀνίατον</span> <span class='ocrx_word' id='word_1_510' title='bbox 509 4783 754 4837; x_wconf 77' lang='grc' dir='ltr'>ἀπιστίαν</span> <span class='ocrx_word' id='word_1_511' title='bbox 804 4789 972 4841; x_wconf 83' lang='grc' dir='ltr'>αύτών</span> 
     </span>
    </p>
   </div>
   <div class='ocr_carea' id='block_1_83' title="bbox 546 4883 1845 4962">
    <p class='ocr_par' dir='ltr' id='par_1_83' title="bbox 546 4883 1845 4962">
     <span class='ocr_line' id='line_1_83' title="bbox 546 4883 1845 4962; baseline 0.017 -39"><span class='ocrx_word' id='word_1_512' title='bbox 546 4883 727 4946; x_wconf 80' lang='grc' dir='ltr'>χηρῶν</span> <span class='ocrx_word' id='word_1_513' title='bbox 854 4883 1020 4931; x_wconf 72' lang='grc' dir='ltr'>οὐσῶν</span> <span class='ocrx_word' id='word_1_514' title='bbox 1125 4883 1171 4933; x_wconf 87' lang='grc' dir='ltr'>ἐν</span> <span class='ocrx_word' id='word_1_515' title='bbox 1270 4894 1373 4946; x_wconf 86' lang='grc' dir='ltr'>τοῖς</span> <span class='ocrx_word' id='word_1_516' title='bbox 1478 4890 1845 4962; x_wconf 84' lang='grc' dir='ltr'>Ἰσραηλίταις,</span> 
     </span>
    </p>
   </div>
   <div class='ocr_carea' id='block_1_84' title="bbox 253 4961 1850 5051">
    <p class='ocr_par' dir='ltr' id='par_1_84' title="bbox 253 4961 1850 5051">
     <span class='ocr_line' id='line_1_84' title="bbox 253 4961 1850 5051; baseline 0.016 -41"><span class='ocrx_word' id='word_1_517' title='bbox 253 4964 382 5031; x_wconf 85' lang='grc' dir='ltr'>πρὸς</span> <span class='ocrx_word' id='word_1_518' title='bbox 420 4962 532 5032; x_wconf 84' lang='grc'>(11)</span> <span class='ocrx_word' id='word_1_519' title='bbox 588 4961 836 5036; x_wconf 74' lang='grc' dir='ltr'>οὐδεμίαν</span> <span class='ocrx_word' id='word_1_520' title='bbox 886 4968 1051 5019; x_wconf 71' lang='grc' dir='ltr'>αὐτῶν</span> <span class='ocrx_word' id='word_1_521' title='bbox 1104 4971 1331 5045; x_wconf 72' lang='grc' dir='ltr'>ἐπέμφθη</span> <span class='ocrx_word' id='word_1_522' title='bbox 1390 4981 1533 5051; x_wconf 75' lang='grc' dir='ltr'>παρὰ</span> <span class='ocrx_word' id='word_1_523' title='bbox 1589 4988 1738 5051; x_wconf 68' lang='grc' dir='ltr'>Θεοῦ,</span> <span class='ocrx_word' id='word_1_524' title='bbox 1786 4987 1850 5044; x_wconf 81' lang='grc' dir='ltr'>ὡς</span> 
     </span>
    </p>
   </div>
   <div class='ocr_carea' id='block_1_85' title="bbox 252 5047 1847 5139">
    <p class='ocr_par' dir='ltr' id='par_1_85' title="bbox 252 5047 1847 5139">
     <span class='ocr_line' id='line_1_85' title="bbox 252 5047 1847 5139; baseline 0.016 -40"><span class='ocrx_word' id='word_1_525' title='bbox 252 5047 470 5113; x_wconf 80' lang='grc' dir='ltr'>ἀναξίων</span> <span class='ocrx_word' id='word_1_526' title='bbox 531 5062 621 5113; x_wconf 80' lang='grc' dir='ltr'>τῆς</span> <span class='ocrx_word' id='word_1_527' title='bbox 679 5052 960 5129; x_wconf 78' lang='grc' dir='ltr'>ἐπιδημίας</span> <span class='ocrx_word' id='word_1_528' title='bbox 1010 5059 1189 5132; x_wconf 73' lang='grc' dir='ltr'>αὐτοῦ,</span> <span class='ocrx_word' id='word_1_529' title='bbox 1240 5068 1364 5137; x_wconf 84' lang='grc' dir='ltr'>πρὸς</span> <span class='ocrx_word' id='word_1_530' title='bbox 1415 5072 1574 5139; x_wconf 87' lang='grc' dir='ltr'>μόνην</span> <span class='ocrx_word' id='word_1_531' title='bbox 1649 5068 1707 5123; x_wconf 75' lang='grc' dir='ltr'>δὲ</span> <span class='ocrx_word' id='word_1_532' title='bbox 1754 5077 1847 5131; x_wconf 79' lang='grc' dir='ltr'>τὴν</span> 
     </span>
    </p>
   </div>
   <div class='ocr_carea' id='block_1_86' title="bbox 1015 4790 1845 4870">
    <p class='ocr_par' dir='ltr' id='par_1_86' title="bbox 1015 4790 1845 4870">
     <span class='ocr_line' id='line_1_86' title="bbox 1015 4790 1845 4870; baseline 0.018 -28"><span class='ocrx_word' id='word_1_533' title='bbox 1015 4810 1027 4823; x_wconf 75' lang='grc' dir='ltr'>ο</span> <span class='ocrx_word' id='word_1_534' title='bbox 1058 4790 1254 4867; x_wconf 80' lang='grc' dir='ltr'>Ὠσπερ</span> <span class='ocrx_word' id='word_1_535' title='bbox 1288 4800 1386 4870; x_wconf 77' lang='grc' dir='ltr'>γὰρ</span> <span class='ocrx_word' id='word_1_536' title='bbox 1446 4800 1468 4849; x_wconf 85' lang='grc' dir='ltr'>ό</span> <span class='ocrx_word' id='word_1_537' title='bbox 1502 4800 1673 4862; x_wconf 84' lang='grc' dir='ltr'>Ἠλίας</span> <span class='ocrx_word' id='word_1_538' title='bbox 1714 4810 1845 4870; x_wconf 87' lang='grc' dir='ltr'>τότε,</span> 
     </span>
    </p>
   </div>
   <div class='ocr_carea' id='block_1_87' title="bbox 256 4870 1171 4933">
    <p class='ocr_par' dir='ltr' id='par_1_87' title="bbox 256 4870 1171 4933">
     <span class='ocr_line' id='line_1_87' title="bbox 256 4870 1171 4933; baseline 0.011 -12"><span class='ocrx_word' id='word_1_539' title='bbox 256 4870 451 4921; x_wconf 77' lang='grc' dir='ltr'>πολλῶν</span> <span class='ocrx_word' id='word_1_540' title='bbox 549 4883 727 4933; x_wconf 69' lang='grc' dir='ltr'>χηρῶν</span> <span class='ocrx_word' id='word_1_541' title='bbox 854 4878 1020 4931; x_wconf 73' lang='grc' dir='ltr'>οὐσῶν</span> <span class='ocrx_word' id='word_1_542' title='bbox 1125 4881 1171 4933; x_wconf 86' lang='grc' dir='ltr'>ἐν</span> 
     </span>
    </p>
   </div>
   <div class='ocr_carea' id='block_1_88' title="bbox 1270 4894 1373 4946">
    <p class='ocr_par' dir='ltr' id='par_1_88' title="bbox 1270 4894 1373 4946">
     <span class='ocr_line' id='line_1_88' title="bbox 1270 4894 1373 4946; baseline 0.01 -11"><span class='ocrx_word' id='word_1_543' title='bbox 1270 4894 1373 4946; x_wconf 86' lang='grc' dir='ltr'>τοῖς</span> 
     </span>
    </p>
   </div>
   <div class='ocr_carea' id='block_1_89' title="bbox 1978 3267 3197 3342">
    <p class='ocr_par' dir='ltr' id='par_1_89' title="bbox 1978 3267 3197 3342">
     <span class='ocr_line' id='line_1_89' title="bbox 1978 3267 3197 3342; baseline 0.004 -19"><span class='ocrx_word' id='word_1_544' title='bbox 1978 3267 2135 3323; x_wconf 90' lang='lat' dir='ltr'>dicto</span> <span class='ocrx_word' id='word_1_545' title='bbox 2166 3269 2375 3340; x_wconf 88' lang='lat' dir='ltr'>capite,</span> <span class='ocrx_word' id='word_1_546' title='bbox 2411 3268 2504 3322; x_wconf 88' lang='lat' dir='ltr'>ubi</span> <span class='ocrx_word' id='word_1_547' title='bbox 2532 3270 2659 3325; x_wconf 71' lang='lat' dir='ltr'>haec</span> <span class='ocrx_word' id='word_1_548' title='bbox 2685 3270 2841 3326; x_wconf 88' lang='lat' dir='ltr'>clare</span> <span class='ocrx_word' id='word_1_549' title='bbox 2873 3277 3197 3342; x_wconf 89' lang='lat' dir='ltr'>ponuntur.</span> 
     </span>
    </p>
   </div>
   <div class='ocr_carea' id='block_1_90' title="bbox 2049 3472 3634 3546">
    <p class='ocr_par' dir='ltr' id='par_1_90' title="bbox 2049 3472 3634 3546">
     <span class='ocr_line' id='line_1_90' title="bbox 2049 3472 3634 3546; baseline 0.008 -20"><span class='ocrx_word' id='word_1_550' title='bbox 2049 3473 2208 3527; x_wconf 87' lang='lat' dir='ltr'>Vers.</span> <span class='ocrx_word' id='word_1_551' title='bbox 2237 3474 2329 3529; x_wconf 83' lang='lat'>23.</span> <span class='ocrx_word' id='word_1_552' title='bbox 2388 3472 2463 3527; x_wconf 90' lang='lat' dir='ltr'>Et</span> <span class='ocrx_word' id='word_1_553' title='bbox 2511 3474 2693 3529; x_wconf 87' lang='lat' dir='ltr'>ait—</span> <span class='ocrx_word' id='word_1_554' title='bbox 2751 3474 2811 3529; x_wconf 84' lang='lat' dir='ltr'>in</span> <span class='ocrx_word' id='word_1_555' title='bbox 2858 3476 3078 3546; x_wconf 81' lang='lat' dir='ltr'>papria</span> <span class='ocrx_word' id='word_1_556' title='bbox 3105 3483 3230 3535; x_wconf 88' lang='lat' dir='ltr'>tua.</span> <span class='ocrx_word' id='word_1_557' title='bbox 3264 3478 3634 3545; x_wconf 83' lang='lat' dir='ltr'>Parabolam.</span> 
     </span>
    </p>
   </div>
   <div class='ocr_carea' id='block_1_91' title="bbox 1972 3561 3637 3641">
    <p class='ocr_par' dir='ltr' id='par_1_91' title="bbox 1972 3561 3637 3641">
     <span class='ocr_line' id='line_1_91' title="bbox 1972 3561 3637 3641; baseline 0.006 -25"><span class='ocrx_word' id='word_1_558' title='bbox 1972 3561 2226 3617; x_wconf 90' lang='lat' dir='ltr'>dicithic</span> <span class='ocrx_word' id='word_1_559' title='bbox 2254 3562 2655 3634; x_wconf 88' lang='lat' dir='ltr'>proverbium,</span> <span class='ocrx_word' id='word_1_560' title='bbox 2704 3563 3107 3634; x_wconf 90' lang='lat' dir='ltr'>proverbium,</span> <span class='ocrx_word' id='word_1_561' title='bbox 3160 3565 3433 3638; x_wconf 89' lang='lat' dir='ltr'>inquam,</span> <span class='ocrx_word' id='word_1_562' title='bbox 3471 3570 3637 3641; x_wconf 88' lang='lat' dir='ltr'>quod</span> 
     </span>
    </p>
   </div>
   <div class='ocr_carea' id='block_1_92' title="bbox 1970 3651 3637 3722">
    <p class='ocr_par' dir='ltr' id='par_1_92' title="bbox 1970 3651 3637 3722">
     <span class='ocr_line' id='line_1_92' title="bbox 1970 3651 3637 3722; baseline 0.005 -16"><span class='ocrx_word' id='word_1_563' title='bbox 1970 3652 2085 3706; x_wconf 88' lang='lat' dir='ltr'>dici</span> <span class='ocrx_word' id='word_1_564' title='bbox 2107 3651 2250 3707; x_wconf 92' lang='lat' dir='ltr'>solet</span> <span class='ocrx_word' id='word_1_565' title='bbox 2300 3652 2373 3706; x_wconf 91' lang='lat' dir='ltr'>de</span> <span class='ocrx_word' id='word_1_566' title='bbox 2403 3652 2648 3707; x_wconf 90' lang='lat' dir='ltr'>medicis</span> <span class='ocrx_word' id='word_1_567' title='bbox 2698 3654 3126 3721; x_wconf 71' lang='lat' dir='ltr'>aegrotantibus</span> <span class='ocrx_word' id='word_1_568' title='bbox 3163 3671 3175 3711; x_wconf 92' lang='lat'><strong><em>:</em></strong></span> <span class='ocrx_word' id='word_1_569' title='bbox 3210 3657 3460 3722; x_wconf 81' lang='lat' dir='ltr'>Medice,</span> <span class='ocrx_word' id='word_1_570' title='bbox 3492 3675 3637 3717; x_wconf 79' lang='lat' dir='ltr'>cura</span> 
     </span>
    </p>
   </div>
   <div class='ocr_carea' id='block_1_93' title="bbox 1970 3740 3624 3819">
    <p class='ocr_par' dir='ltr' id='par_1_93' title="bbox 1970 3740 3624 3819">
     <span class='ocr_line' id='line_1_93' title="bbox 1970 3740 3624 3819; baseline 0.007 -27"><span class='ocrx_word' id='word_1_571' title='bbox 1970 3740 2231 3811; x_wconf 73' lang='lat' dir='ltr'>teipsum.</span> <span class='ocrx_word' id='word_1_572' title='bbox 2289 3741 2440 3795; x_wconf 83' lang='lat' dir='ltr'>Dixit</span> <span class='ocrx_word' id='word_1_573' title='bbox 2474 3746 2673 3796; x_wconf 88' lang='lat' dir='ltr'>autem</span> <span class='ocrx_word' id='word_1_574' title='bbox 2716 3742 2849 3806; x_wconf 86' lang='lat' dir='ltr'>hoc,</span> <span class='ocrx_word' id='word_1_575' title='bbox 2911 3745 3165 3811; x_wconf 86' lang='lat' dir='ltr'>cognito,</span> <span class='ocrx_word' id='word_1_576' title='bbox 3217 3746 3382 3817; x_wconf 90' lang='lat' dir='ltr'>quod</span> <span class='ocrx_word' id='word_1_577' title='bbox 3423 3748 3624 3819; x_wconf 90' lang='lat' dir='ltr'>cupidi</span> 
     </span>
    </p>
   </div>
   <div class='ocr_carea' id='block_1_94' title="bbox 1969 3830 3630 3901">
    <p class='ocr_par' dir='ltr' id='par_1_94' title="bbox 1969 3830 3630 3901">
     <span class='ocr_line' id='line_1_94' title="bbox 1969 3830 3630 3901; baseline 0.007 -16"><span class='ocrx_word' id='word_1_578' title='bbox 1969 3835 2165 3885; x_wconf 88' lang='lat' dir='ltr'>essent</span> <span class='ocrx_word' id='word_1_579' title='bbox 2192 3830 2423 3885; x_wconf 90' lang='lat' dir='ltr'>videndi</span> <span class='ocrx_word' id='word_1_580' title='bbox 2442 3830 2627 3901; x_wconf 89' lang='lat' dir='ltr'>signa.</span> <span class='ocrx_word' id='word_1_581' title='bbox 2648 3831 2740 3885; x_wconf 87' lang='lat' dir='ltr'>Ait</span> <span class='ocrx_word' id='word_1_582' title='bbox 2769 3847 2910 3901; x_wconf 90' lang='lat' dir='ltr'>ergo</span> <span class='ocrx_word' id='word_1_583' title='bbox 2940 3850 2954 3885; x_wconf 89' lang='lat'><strong>:</strong></span> <span class='ocrx_word' id='word_1_584' title='bbox 2987 3835 3232 3890; x_wconf 83' lang='lat' dir='ltr'>Omnino</span> <span class='ocrx_word' id='word_1_585' title='bbox 3258 3836 3463 3893; x_wconf 75' lang='lat' dir='ltr'>dicetis</span> <span class='ocrx_word' id='word_1_586' title='bbox 3488 3840 3630 3895; x_wconf 72' lang='lat' dir='ltr'>nihi.</span> 
     </span>
    </p>
   </div>
   <div class='ocr_carea' id='block_1_95' title="bbox 1969 3920 3632 4000">
    <p class='ocr_par' dir='ltr' id='par_1_95' title="bbox 1969 3920 3632 4000">
     <span class='ocr_line' id='line_1_95' title="bbox 1969 3920 3632 4000; baseline 0.005 -24"><span class='ocrx_word' id='word_1_587' title='bbox 1969 3920 2201 3985; x_wconf 80' lang='lat' dir='ltr'>Medice,</span> <span class='ocrx_word' id='word_1_588' title='bbox 2236 3935 2379 3974; x_wconf 63' lang='lat' dir='ltr'>cura</span> <span class='ocrx_word' id='word_1_589' title='bbox 2424 3926 2479 3975; x_wconf 88' lang='lat' dir='ltr'>te</span> <span class='ocrx_word' id='word_1_590' title='bbox 2514 3921 2727 3989; x_wconf 83' lang='lat' dir='ltr'>ipsum,</span> <span class='ocrx_word' id='word_1_591' title='bbox 2786 3921 2909 3975; x_wconf 86' lang='lat' dir='ltr'>sive</span> <span class='ocrx_word' id='word_1_592' title='bbox 2947 3923 3202 3992; x_wconf 87' lang='lat' dir='ltr'>patriam</span> <span class='ocrx_word' id='word_1_593' title='bbox 3257 3929 3445 3991; x_wconf 89' lang='lat' dir='ltr'>tuam,</span> <span class='ocrx_word' id='word_1_594' title='bbox 3496 3943 3632 4000; x_wconf 72' lang='lat' dir='ltr'>quae</span> 
     </span>
    </p>
   </div>
   <div class='ocr_carea' id='block_1_96' title="bbox 1969 4008 3626 4082">
    <p class='ocr_par' dir='ltr' id='par_1_96' title="bbox 1969 4008 3626 4082">
     <span class='ocr_line' id='line_1_96' title="bbox 1969 4008 3626 4082; baseline 0.005 -17"><span class='ocrx_word' id='word_1_595' title='bbox 1969 4014 2231 4079; x_wconf 61' lang='lat' dir='ltr'>mgrotat,</span> <span class='ocrx_word' id='word_1_596' title='bbox 2266 4024 2382 4063; x_wconf 90' lang='lat' dir='ltr'>non</span> <span class='ocrx_word' id='word_1_597' title='bbox 2412 4008 2606 4064; x_wconf 81' lang='lat' dir='ltr'>solum</span> <span class='ocrx_word' id='word_1_598' title='bbox 2639 4010 2836 4080; x_wconf 90' lang='lat' dir='ltr'>pravis</span> <span class='ocrx_word' id='word_1_599' title='bbox 2877 4011 3143 4082; x_wconf 91' lang='lat' dir='ltr'>corporis</span> <span class='ocrx_word' id='word_1_600' title='bbox 3173 4012 3495 4082; x_wconf 89' lang='lat' dir='ltr'>habitibus,</span> <span class='ocrx_word' id='word_1_601' title='bbox 3526 4034 3626 4073; x_wconf 85' lang='lat' dir='ltr'>ve-</span> 
     </span>
    </p>
   </div>
   <div class='ocr_carea' id='block_1_97' title="bbox 1968 4097 3632 4165">
    <p class='ocr_par' dir='ltr' id='par_1_97' title="bbox 1968 4097 3632 4165">
     <span class='ocr_line' id='line_1_97' title="bbox 1968 4097 3632 4165; baseline 0.008 -13"><span class='ocrx_word' id='word_1_602' title='bbox 1968 4113 2100 4152; x_wconf 92' lang='lat' dir='ltr'>rum</span> <span class='ocrx_word' id='word_1_603' title='bbox 2142 4098 2321 4154; x_wconf 87' lang='lat' dir='ltr'>etiam</span> <span class='ocrx_word' id='word_1_604' title='bbox 2362 4097 2706 4153; x_wconf 83' lang='lat' dir='ltr'>inﬁdelitate</span> <span class='ocrx_word' id='word_1_605' title='bbox 2742 4100 2980 4162; x_wconf 80' lang='lat' dir='ltr'>animae,</span> <span class='ocrx_word' id='word_1_606' title='bbox 3041 4116 3151 4157; x_wconf 90' lang='lat' dir='ltr'>nec</span> <span class='ocrx_word' id='word_1_607' title='bbox 3191 4103 3427 4160; x_wconf 88' lang='lat' dir='ltr'>credere</span> <span class='ocrx_word' id='word_1_608' title='bbox 3474 4106 3632 4165; x_wconf 87' lang='lat' dir='ltr'>valet</span> 
     </span>
    </p>
   </div>
   <div class='ocr_carea' id='block_1_98' title="bbox 1966 4185 3626 4258">
    <p class='ocr_par' dir='ltr' id='par_1_98' title="bbox 1966 4185 3626 4258">
     <span class='ocr_line' id='line_1_98' title="bbox 1966 4185 3626 4258; baseline 0.008 -18"><span class='ocrx_word' id='word_1_609' title='bbox 1966 4185 2174 4256; x_wconf 83' lang='lat' dir='ltr'>signis,</span> <span class='ocrx_word' id='word_1_610' title='bbox 2221 4201 2418 4257; x_wconf 69' lang='lat' dir='ltr'>quaaa</span> <span class='ocrx_word' id='word_1_611' title='bbox 2458 4193 2511 4241; x_wconf 93' lang='lat' dir='ltr'>te</span> <span class='ocrx_word' id='word_1_612' title='bbox 2568 4185 2723 4243; x_wconf 86' lang='lat' dir='ltr'>facta</span> <span class='ocrx_word' id='word_1_613' title='bbox 2809 4204 2939 4243; x_wconf 88' lang='lat' dir='ltr'>esse</span> <span class='ocrx_word' id='word_1_614' title='bbox 2994 4190 3243 4258; x_wconf 89' lang='lat' dir='ltr'>audivit,</span> <span class='ocrx_word' id='word_1_615' title='bbox 3283 4193 3396 4249; x_wconf 87' lang='lat' dir='ltr'>nisi</span> <span class='ocrx_word' id='word_1_616' title='bbox 3450 4195 3626 4253; x_wconf 87' lang='lat' dir='ltr'>etiam</span> 
     </span>
    </p>
   </div>
   <div class='ocr_carea' id='block_1_99' title="bbox 1967 4274 2643 4331">
    <p class='ocr_par' dir='ltr' id='par_1_99' title="bbox 1967 4274 2643 4331">
     <span class='ocr_line' id='line_1_99' title="bbox 1967 4274 2643 4331; baseline 0 0"><span class='ocrx_word' id='word_1_617' title='bbox 1967 4274 2156 4331; x_wconf 90' lang='lat' dir='ltr'>oculis</span> <span class='ocrx_word' id='word_1_618' title='bbox 2184 4274 2397 4330; x_wconf 86' lang='lat' dir='ltr'>similia</span> <span class='ocrx_word' id='word_1_619' title='bbox 2429 4276 2643 4331; x_wconf 86' lang='lat' dir='ltr'>videat.</span> 
     </span>
    </p>
   </div>
   <div class='ocr_carea' id='block_1_100' title="bbox 2035 4365 3623 4431">
    <p class='ocr_par' dir='ltr' id='par_1_100' title="bbox 2035 4365 3623 4431">
     <span class='ocr_line' id='line_1_100' title="bbox 2035 4365 3623 4431; baseline 0.008 -12"><span class='ocrx_word' id='word_1_620' title='bbox 2035 4366 2306 4419; x_wconf 57' lang='lat' dir='ltr'>Vers.24.</span> <span class='ocrx_word' id='word_1_621' title='bbox 2347 4365 2506 4421; x_wconf 69' lang='lat' dir='ltr'>Dixit</span> <span class='ocrx_word' id='word_1_622' title='bbox 2579 4372 2773 4423; x_wconf 85' lang='lat' dir='ltr'>autem</span> <span class='ocrx_word' id='word_1_623' title='bbox 2826 4384 3043 4424; x_wconf 87' lang='lat' dir='ltr'>—sua.</span> <span class='ocrx_word' id='word_1_624' title='bbox 3116 4370 3405 4429; x_wconf 83' lang='lat' dir='ltr'>Preedicto</span> <span class='ocrx_word' id='word_1_625' title='bbox 3471 4374 3623 4431; x_wconf 89' lang='lat' dir='ltr'>vice-</span> 
     </span>
    </p>
   </div>
   <div class='ocr_carea' id='block_1_101' title="bbox 1966 4453 3626 4527">
    <p class='ocr_par' dir='ltr' id='par_1_101' title="bbox 1966 4453 3626 4527">
     <span class='ocr_line' id='line_1_101' title="bbox 1966 4453 3626 4527; baseline 0.008 -21"><span class='ocrx_word' id='word_1_626' title='bbox 1966 4453 2117 4508; x_wconf 90' lang='lat' dir='ltr'>simo</span> <span class='ocrx_word' id='word_1_627' title='bbox 2143 4457 2356 4524; x_wconf 86' lang='lat' dir='ltr'>quarto</span> <span class='ocrx_word' id='word_1_628' title='bbox 2387 4454 2578 4525; x_wconf 88' lang='lat' dir='ltr'>capite</span> <span class='ocrx_word' id='word_1_629' title='bbox 2612 4454 2907 4525; x_wconf 87' lang='lat' dir='ltr'>Evangelii</span> <span class='ocrx_word' id='word_1_630' title='bbox 2930 4457 3101 4527; x_wconf 85' lang='lat' dir='ltr'>juxta</span> <span class='ocrx_word' id='word_1_631' title='bbox 3143 4458 3485 4518; x_wconf 71' lang='lat' dir='ltr'>Matthaaum</span> <span class='ocrx_word' id='word_1_632' title='bbox 3529 4480 3626 4521; x_wconf 90' lang='lat' dir='ltr'>ac-</span> 
     </span>
    </p>
   </div>
   <div class='ocr_carea' id='block_1_102' title="bbox 1963 4542 3021 4600">
    <p class='ocr_par' dir='ltr' id='par_1_102' title="bbox 1963 4542 3021 4600">
     <span class='ocr_line' id='line_1_102' title="bbox 1963 4542 3021 4600; baseline 0.003 -4"><span class='ocrx_word' id='word_1_633' title='bbox 1963 4547 2161 4597; x_wconf 87' lang='lat' dir='ltr'>curate</span> <span class='ocrx_word' id='word_1_634' title='bbox 2193 4542 2371 4596; x_wconf 87' lang='lat' dir='ltr'>etiam</span> <span class='ocrx_word' id='word_1_635' title='bbox 2403 4542 2475 4597; x_wconf 91' lang='lat' dir='ltr'>de</span> <span class='ocrx_word' id='word_1_636' title='bbox 2510 4543 2626 4598; x_wconf 92' lang='lat' dir='ltr'>hoc</span> <span class='ocrx_word' id='word_1_637' title='bbox 2660 4544 2884 4600; x_wconf 90' lang='lat' dir='ltr'>dictum</span> <span class='ocrx_word' id='word_1_638' title='bbox 2911 4551 3021 4600; x_wconf 91' lang='lat' dir='ltr'>est.</span> 
     </span>
    </p>
   </div>
   <div class='ocr_carea' id='block_1_103' title="bbox 2033 4631 3617 4697">
    <p class='ocr_par' dir='ltr' id='par_1_103' title="bbox 2033 4631 3617 4697">
     <span class='ocr_line' id='line_1_103' title="bbox 2033 4631 3617 4697; baseline 0.008 -13"><span class='ocrx_word' id='word_1_639' title='bbox 2033 4631 2195 4685; x_wconf 83' lang='lat' dir='ltr'>Vers.</span> <span class='ocrx_word' id='word_1_640' title='bbox 2258 4635 2344 4686; x_wconf 77' lang='lat'>25.</span> <span class='ocrx_word' id='word_1_641' title='bbox 2396 4632 2467 4685; x_wconf 88' lang='lat' dir='ltr'>In</span> <span class='ocrx_word' id='word_1_642' title='bbox 2520 4632 2773 4687; x_wconf 81' lang='lat' dir='ltr'>veritate</span> <span class='ocrx_word' id='word_1_643' title='bbox 2845 4664 2911 4673; x_wconf 92' lang='lat'><strong><em>—</em></strong></span> <span class='ocrx_word' id='word_1_644' title='bbox 2979 4635 3142 4689; x_wconf 90' lang='lat' dir='ltr'>Vers.</span> <span class='ocrx_word' id='word_1_645' title='bbox 3214 4637 3281 4692; x_wconf 79' lang='lat'>26</span> <span class='ocrx_word' id='word_1_646' title='bbox 3357 4638 3617 4697; x_wconf 85' lang='lat' dir='ltr'>viduam.</span> 
     </span>
    </p>
   </div>
   <div class='ocr_carea' id='block_1_104' title="bbox 1963 4720 3619 4799">
    <p class='ocr_par' dir='ltr' id='par_1_104' title="bbox 1963 4720 3619 4799">
     <span class='ocr_line' id='line_1_104' title="bbox 1963 4720 3619 4799; baseline 0.007 -26"><span class='ocrx_word' id='word_1_647' title='bbox 1963 4720 2226 4774; x_wconf 82' lang='lat' dir='ltr'>Ostendit</span> <span class='ocrx_word' id='word_1_648' title='bbox 2253 4720 2367 4775; x_wconf 90' lang='lat' dir='ltr'>hoc</span> <span class='ocrx_word' id='word_1_649' title='bbox 2398 4720 2587 4791; x_wconf 90' lang='lat' dir='ltr'>signo,</span> <span class='ocrx_word' id='word_1_650' title='bbox 2625 4721 2789 4791; x_wconf 92' lang='lat' dir='ltr'>quod</span> <span class='ocrx_word' id='word_1_651' title='bbox 2816 4722 3043 4790; x_wconf 88' lang='lat' dir='ltr'>indigni</span> <span class='ocrx_word' id='word_1_652' title='bbox 3077 4724 3193 4778; x_wconf 90' lang='lat' dir='ltr'>sint</span> <span class='ocrx_word' id='word_1_653' title='bbox 3251 4726 3435 4795; x_wconf 88' lang='lat' dir='ltr'>signis</span> <span class='ocrx_word' id='word_1_654' title='bbox 3486 4745 3619 4799; x_wconf 85' lang='lat' dir='ltr'>pro-</span> 
     </span>
    </p>
   </div>
   <div class='ocr_carea' id='block_1_105' title="bbox 1961 4808 3616 4880">
    <p class='ocr_par' dir='ltr' id='par_1_105' title="bbox 1961 4808 3616 4880">
     <span class='ocr_line' id='line_1_105' title="bbox 1961 4808 3616 4880; baseline 0.007 -17"><span class='ocrx_word' id='word_1_655' title='bbox 1961 4813 2087 4880; x_wconf 89' lang='lat' dir='ltr'>pter</span> <span class='ocrx_word' id='word_1_656' title='bbox 2117 4809 2480 4863; x_wconf 88' lang='lat' dir='ltr'>insensatam</span> <span class='ocrx_word' id='word_1_657' title='bbox 2526 4808 2766 4863; x_wconf 91' lang='lat' dir='ltr'>illorum</span> <span class='ocrx_word' id='word_1_658' title='bbox 2799 4810 3290 4869; x_wconf 87' lang='lat' dir='ltr'>incredulitatem.</span> <span class='ocrx_word' id='word_1_659' title='bbox 3322 4816 3616 4880; x_wconf 89' lang='lat' dir='ltr'>Quemad-</span> 
     </span>
    </p>
   </div>
   <div class='ocr_carea' id='block_1_106' title="bbox 1961 4896 3613 4977">
    <p class='ocr_par' dir='ltr' id='par_1_106' title="bbox 1961 4896 3613 4977">
     <span class='ocr_line' id='line_1_106' title="bbox 1961 4896 3613 4977; baseline 0.008 -27"><span class='ocrx_word' id='word_1_660' title='bbox 1961 4896 2209 4951; x_wconf 88' lang='lat' dir='ltr'>modum</span> <span class='ocrx_word' id='word_1_661' title='bbox 2246 4896 2403 4951; x_wconf 91' lang='lat' dir='ltr'>enim</span> <span class='ocrx_word' id='word_1_662' title='bbox 2462 4902 2517 4952; x_wconf 92' lang='lat' dir='ltr'>et</span> <span class='ocrx_word' id='word_1_663' title='bbox 2564 4896 2735 4959; x_wconf 85' lang='lat' dir='ltr'>Elias,</span> <span class='ocrx_word' id='word_1_664' title='bbox 2793 4914 2929 4953; x_wconf 93' lang='lat' dir='ltr'>cum</span> <span class='ocrx_word' id='word_1_665' title='bbox 2972 4900 3167 4956; x_wconf 72' lang='lat' dir='ltr'>multae</span> <span class='ocrx_word' id='word_1_666' title='bbox 3214 4908 3410 4960; x_wconf 87' lang='lat' dir='ltr'>essent</span> <span class='ocrx_word' id='word_1_667' title='bbox 3448 4907 3613 4977; x_wconf 82' lang='lat' dir='ltr'>apud</span> 
     </span>
    </p>
   </div>
   <div class='ocr_carea' id='block_1_107' title="bbox 1960 4984 3613 5053">
    <p class='ocr_par' dir='ltr' id='par_1_107' title="bbox 1960 4984 3613 5053">
     <span class='ocr_line' id='line_1_107' title="bbox 1960 4984 3613 5053; baseline 0.008 -13"><span class='ocrx_word' id='word_1_668' title='bbox 1960 4986 2249 5040; x_wconf 85' lang='lat' dir='ltr'>lsraelitas</span> <span class='ocrx_word' id='word_1_669' title='bbox 2270 4984 2490 5052; x_wconf 78' lang='lat' dir='ltr'>viduae,</span> <span class='ocrx_word' id='word_1_670' title='bbox 2527 4985 2602 5043; x_wconf 88' lang='lat' dir='ltr'>ad</span> <span class='ocrx_word' id='word_1_671' title='bbox 2660 4985 2884 5042; x_wconf 90' lang='lat' dir='ltr'>nullam</span> <span class='ocrx_word' id='word_1_672' title='bbox 2944 4987 3182 5046; x_wconf 87' lang='lat' dir='ltr'>illarum</span> <span class='ocrx_word' id='word_1_673' title='bbox 3216 4992 3431 5049; x_wconf 88' lang='lat' dir='ltr'>missus</span> <span class='ocrx_word' id='word_1_674' title='bbox 3465 4999 3551 5051; x_wconf 89' lang='lat' dir='ltr'>est</span> <span class='ocrx_word' id='word_1_675' title='bbox 3576 5012 3613 5053; x_wconf 85' lang='lat' dir='ltr'>a</span> 
     </span>
    </p>
   </div>
   <div class='ocr_carea' id='block_1_108' title="bbox 1961 5074 3607 5148">
    <p class='ocr_par' dir='ltr' id='par_1_108' title="bbox 1961 5074 3607 5148">
     <span class='ocr_line' id='line_1_108' title="bbox 1961 5074 3607 5148; baseline 0.01 -19"><span class='ocrx_word' id='word_1_676' title='bbox 1961 5074 2100 5144; x_wconf 91' lang='lat' dir='ltr'>Deo,</span> <span class='ocrx_word' id='word_1_677' title='bbox 2140 5076 2303 5148; x_wconf 90' lang='lat' dir='ltr'>quod</span> <span class='ocrx_word' id='word_1_678' title='bbox 2328 5074 2587 5146; x_wconf 86' lang='lat' dir='ltr'>indignae</span> <span class='ocrx_word' id='word_1_679' title='bbox 2614 5081 2825 5146; x_wconf 90' lang='lat' dir='ltr'>essent,</span> <span class='ocrx_word' id='word_1_680' title='bbox 2868 5082 2932 5135; x_wconf 92' lang='lat' dir='ltr'>ut</span> <span class='ocrx_word' id='word_1_681' title='bbox 2976 5078 3050 5134; x_wconf 84' lang='lat' dir='ltr'>ad</span> <span class='ocrx_word' id='word_1_682' title='bbox 3102 5096 3204 5137; x_wconf 89' lang='lat' dir='ltr'>eas</span> <span class='ocrx_word' id='word_1_683' title='bbox 3252 5084 3607 5145; x_wconf 88' lang='lat' dir='ltr'>accederet:</span> 
     </span>
    </p>
   </div>
   <div class='ocr_carea' id='block_1_109' title="bbox 1448 5293 2357 5368">
    <p class='ocr_par' dir='ltr' id='par_1_109' title="bbox 1448 5293 2357 5368">
     <span class='ocr_line' id='line_1_109' title="bbox 1448 5293 2357 5368; baseline 0.009 -8"><span class='ocrx_word' id='word_1_684' title='bbox 1448 5293 1672 5363; x_wconf 72' lang='lat' dir='ltr'>Variae</span> <span class='ocrx_word' id='word_1_685' title='bbox 1700 5295 2029 5367; x_wconf 90' lang='lat' dir='ltr'>lectiones</span> <span class='ocrx_word' id='word_1_686' title='bbox 2061 5308 2126 5366; x_wconf 88' lang='lat' dir='ltr'>et</span> <span class='ocrx_word' id='word_1_687' title='bbox 2155 5308 2357 5368; x_wconf 74' lang='lat' dir='ltr'>notae.</span> 
     </span>
    </p>
   </div>
   <div class='ocr_carea' id='block_1_110' title="bbox 320 5149 811 5224">
    <p class='ocr_par' dir='ltr' id='par_1_110' title="bbox 320 5149 811 5224">
     <span class='ocr_line' id='line_1_110' title="bbox 320 5149 811 5224; baseline 0.004 -17"><span class='ocrx_word' id='word_1_688' title='bbox 320 5149 368 5184; x_wconf 74' lang='grc'>³⁸</span> <span class='ocrx_word' id='word_1_689' title='bbox 398 5150 593 5207; x_wconf 83' lang='lat' dir='ltr'>Matth.</span> <span class='ocrx_word' id='word_1_690' title='bbox 617 5167 694 5224; x_wconf 86' lang='lat' dir='ltr'>1v,</span> <span class='ocrx_word' id='word_1_691' title='bbox 725 5154 811 5209; x_wconf 80' lang='grc'>17.</span> 
     </span>
    </p>
   </div>
   <div class='ocr_carea' id='block_1_111' title="bbox 315 5416 1671 5563">
    <p class='ocr_par' dir='ltr' id='par_1_111' title="bbox 315 5416 1671 5563">
     <span class='ocr_line' id='line_1_111' title="bbox 315 5416 1671 5563; baseline 0.013 -88"><span class='ocrx_word' id='word_1_692' title='bbox 315 5416 396 5563; x_wconf 49' lang='grc' dir='ltr'>ξϐξ</span> <span class='ocrx_word' id='word_1_693' title='bbox 424 5417 596 5475; x_wconf 87' lang='lat' dir='ltr'>Forte</span> <span class='ocrx_word' id='word_1_694' title='bbox 628 5418 952 5480; x_wconf 90' lang='lat' dir='ltr'>Hentenius</span> <span class='ocrx_word' id='word_1_695' title='bbox 980 5428 1252 5488; x_wconf 88' lang='lat' dir='ltr'>additum</span> <span class='ocrx_word' id='word_1_696' title='bbox 1273 5434 1490 5505; x_wconf 87' lang='lat' dir='ltr'>reperit</span> <span class='ocrx_word' id='word_1_697' title='bbox 1516 5435 1671 5510; x_wconf 79' lang='grc' dir='ltr'>ἔλεγε.</span> 
     </span>
     <span class='ocr_line' id='line_1_112' title="bbox 338 5489 1671 5563; baseline 0.018 -22"><span class='ocrx_word' id='word_1_698' title='bbox 338 5495 368 5563; x_wconf 79' lang='lat'>7</span> <span class='ocrx_word' id='word_1_699' title='bbox 428 5489 507 5545; x_wconf 89' lang='grc' dir='ltr'>Έι</span> <span class='ocrx_word' id='word_1_700' title='bbox 531 5499 593 5563; x_wconf 83' lang='grc' dir='ltr'>τῇ</span> <span class='ocrx_word' id='word_1_701' title='bbox 630 5490 847 5563; x_wconf 84' lang='grc' dir='ltr'>πατρίδι</span> <span class='ocrx_word' id='word_1_702' title='bbox 880 5515 993 5563; x_wconf 86' lang='grc' dir='ltr'>σου,</span> <span class='ocrx_word' id='word_1_703' title='bbox 1026 5503 1187 5563; x_wconf 87' lang='lat' dir='ltr'>quod</span> <span class='ocrx_word' id='word_1_704' title='bbox 1222 5504 1540 5563; x_wconf 87' lang='lat' dir='ltr'>Hentenius</span> <span class='ocrx_word' id='word_1_705' title='bbox 1600 5510 1671 5563; x_wconf 62' lang='lat' dir='ltr'>vi:</span> 
     </span>
    </p>
   </div>
   <div class='ocr_carea' id='block_1_112' title="bbox 338 5489 1836 5572">
    <p class='ocr_par' dir='ltr' id='par_1_112' title="bbox 338 5489 1836 5572">
     <span class='ocr_line' id='line_1_113' title="bbox 338 5489 1836 5572; baseline 0.017 -29"><span class='ocrx_word' id='word_1_706' title='bbox 338 5489 392 5571; x_wconf 74' lang='lat'>7)</span> <span class='ocrx_word' id='word_1_707' title='bbox 428 5489 507 5545; x_wconf 90' lang='grc' dir='ltr'>Έι</span> <span class='ocrx_word' id='word_1_708' title='bbox 531 5499 593 5564; x_wconf 82' lang='grc' dir='ltr'>τῇ</span> <span class='ocrx_word' id='word_1_709' title='bbox 617 5490 847 5572; x_wconf 26' lang='grc' dir='ltr'>’πατρίδι</span> <span class='ocrx_word' id='word_1_710' title='bbox 880 5515 993 5565; x_wconf 88' lang='grc' dir='ltr'>σου,</span> <span class='ocrx_word' id='word_1_711' title='bbox 1026 5503 1187 5572; x_wconf 91' lang='lat' dir='ltr'>quod</span> <span class='ocrx_word' id='word_1_712' title='bbox 1222 5489 1540 5563; x_wconf 47' lang='lat' dir='ltr'>Hen‘tenius</span> <span class='ocrx_word' id='word_1_713' title='bbox 1578 5489 1836 5568; x_wconf 39' lang='lat' dir='ltr'>videtur</span> 
     </span>
    </p>
   </div>
   <div class='ocr_carea' id='block_1_113' title="bbox 242 5561 1833 5642">
    <p class='ocr_par' dir='ltr' id='par_1_113' title="bbox 242 5561 1833 5642">
     <span class='ocr_line' id='line_1_114' title="bbox 242 5561 1833 5642; baseline 0.016 -27"><span class='ocrx_word' id='word_1_714' title='bbox 242 5561 696 5642; x_wconf 80' lang='lat' dir='ltr'>legisse,neuter</span> <span class='ocrx_word' id='word_1_715' title='bbox 726 5561 999 5642; x_wconf 79' lang='lat' dir='ltr'>meorum</span> <span class='ocrx_word' id='word_1_716' title='bbox 1030 5561 1315 5642; x_wconf 68' lang='lat' dir='ltr'>agnoscit.</span> <span class='ocrx_word' id='word_1_717' title='bbox 1348 5561 1466 5633; x_wconf 89' lang='lat' dir='ltr'>Soli</span> <span class='ocrx_word' id='word_1_718' title='bbox 1493 5561 1833 5641; x_wconf 61' lang='lat' dir='ltr'>a&#39;utéiﬁiiéé</span> 
     </span>
    </p>
   </div>
   <div class='ocr_carea' id='block_1_114' title="bbox 243 5634 1669 5722">
    <p class='ocr_par' dir='ltr' id='par_1_114' title="bbox 243 5634 1669 5722">
     <span class='ocr_line' id='line_1_115' title="bbox 243 5634 1669 5722; baseline 0.013 -32"><span class='ocrx_word' id='word_1_719' title='bbox 243 5634 702 5722; x_wconf 52' lang='lat' dir='ltr'>omittuntjnter</span> <span class='ocrx_word' id='word_1_720' title='bbox 732 5637 987 5722; x_wconf 75' lang='lat' dir='ltr'>reliquos</span> <span class='ocrx_word' id='word_1_721' title='bbox 1015 5634 1244 5703; x_wconf 48' lang='lat' dir='ltr'>covdices</span> <span class='ocrx_word' id='word_1_722' title='bbox 1271 5634 1669 5722; x_wconf 34' lang='lat' dir='ltr'>Mosquense‘si</span> 
     </span>
    </p>
   </div>
   <div class='ocr_carea' id='block_1_115' title="bbox 314 5703 1463 5778">
    <p class='ocr_par' dir='ltr' id='par_1_115' title="bbox 314 5703 1463 5778">
     <span class='ocr_line' id='line_1_116' title="bbox 314 5703 1463 5778; baseline 0.01 -17"><span class='ocrx_word' id='word_1_723' title='bbox 314 5708 393 5778; x_wconf 84' lang='lat'>(8)</span> <span class='ocrx_word' id='word_1_724' title='bbox 422 5703 585 5760; x_wconf 55' lang='grc' dir='ltr'>Ἰδεῖν.</span> <span class='ocrx_word' id='word_1_725' title='bbox 611 5708 783 5767; x_wconf 85' lang='lat' dir='ltr'>abest</span> <span class='ocrx_word' id='word_1_726' title='bbox 809 5703 875 5768; x_wconf 72' lang='grc' dir='ltr'>Αἰ</span> <span class='ocrx_word' id='word_1_727' title='bbox 1272 5703 1346 5747; x_wconf 42' lang='lat'>7”</span> <span class='ocrx_word' id='word_1_728' title='bbox 1402 5703 1463 5751; x_wconf 51' lang='grc' dir='ltr'>τῖ</span> 
     </span>
    </p>
   </div>
   <div class='ocr_carea' id='block_1_116' title="bbox 2016 5441 2479 5514">
    <p class='ocr_par' dir='ltr' id='par_1_116' title="bbox 2016 5441 2479 5514">
     <span class='ocr_line' id='line_1_117' title="bbox 2016 5441 2479 5514; baseline 0 -17"><span class='ocrx_word' id='word_1_729' title='bbox 2016 5441 2090 5514; x_wconf 87' lang='grc'>(9)</span> <span class='ocrx_word' id='word_1_730' title='bbox 2120 5441 2178 5495; x_wconf 84' lang='grc' dir='ltr'><strong>Εἰ</strong></span> <span class='ocrx_word' id='word_1_731' title='bbox 2204 5445 2287 5494; x_wconf 81' lang='grc' dir='ltr'>καὶ</span> <span class='ocrx_word' id='word_1_732' title='bbox 2319 5448 2387 5514; x_wconf 69' lang='grc' dir='ltr'>μή</span> <span class='ocrx_word' id='word_1_733' title='bbox 2424 5444 2479 5497; x_wconf 89' lang='grc' dir='ltr'>Β.</span> 
     </span>
    </p>
   </div>
   <div class='ocr_carea' id='block_1_117' title="bbox 2016 5513 2513 5585">
    <p class='ocr_par' dir='ltr' id='par_1_117' title="bbox 2016 5513 2513 5585">
     <span class='ocr_line' id='line_1_118' title="bbox 2016 5513 2513 5585; baseline 0.004 -18"><span class='ocrx_word' id='word_1_734' title='bbox 2016 5513 2130 5585; x_wconf 82' lang='grc'>(10)</span> <span class='ocrx_word' id='word_1_735' title='bbox 2155 5513 2431 5566; x_wconf 85' lang='grc' dir='ltr'>Θεάσεται.</span> <span class='ocrx_word' id='word_1_736' title='bbox 2457 5518 2513 5568; x_wconf 82' lang='grc' dir='ltr'>Β.</span> 
     </span>
    </p>
   </div>
   <div class='ocr_carea' id='block_1_118' title="bbox 2040 5585 3605 5665">
    <p class='ocr_par' dir='ltr' id='par_1_118' title="bbox 2040 5585 3605 5665">
     <span class='ocr_line' id='line_1_119' title="bbox 2040 5585 3605 5665; baseline 0.007 -26"><span class='ocrx_word' id='word_1_737' title='bbox 2040 5585 2214 5665; x_wconf 70' lang='lat' dir='ltr'>ttae</span> <span class='ocrx_word' id='word_1_738' title='bbox 2246 5593 2381 5658; x_wconf 88' lang='lat' dir='ltr'>post</span> <span class='ocrx_word' id='word_1_739' title='bbox 2424 5592 2550 5663; x_wconf 84' lang='grc' dir='ltr'>πρός</span> <span class='ocrx_word' id='word_1_740' title='bbox 2599 5587 2764 5645; x_wconf 86' lang='lat' dir='ltr'>addit</span> <span class='ocrx_word' id='word_1_741' title='bbox 2819 5590 2885 5646; x_wconf 86' lang='lat' dir='ltr'>A.</span> <span class='ocrx_word' id='word_1_742' title='bbox 2938 5588 3138 5648; x_wconf 88' lang='lat' dir='ltr'>Malim</span> <span class='ocrx_word' id='word_1_743' title='bbox 3194 5592 3416 5650; x_wconf 90' lang='lat' dir='ltr'>addere</span> <span class='ocrx_word' id='word_1_744' title='bbox 3466 5597 3605 5665; x_wconf 87' lang='lat' dir='ltr'>post</span> 
     </span>
    </p>
   </div>
   <div class='ocr_carea' id='block_1_119' title="bbox 1945 5657 2214 5731">
    <p class='ocr_par' dir='ltr' id='par_1_119' title="bbox 1945 5657 2214 5731">
     <span class='ocr_line' id='line_1_120' title="bbox 1945 5657 2214 5731; baseline 0.019 -21"><span class='ocrx_word' id='word_1_745' title='bbox 1945 5657 2193 5731; x_wconf 73' lang='grc' dir='ltr'>οὐδεμίαν</span> <span class='ocrx_word' id='word_1_746' title='bbox 2202 5700 2214 5715; x_wconf 93' lang='grc'><strong>.</strong></span> 
     </span>
    </p>
   </div>
  </div>
