4170 6364
508 342 614 399 915
651 403 654 406 .

1851 334 2204 396 EUTHYMII
2241 332 2572 391 ZIGABENI

3809 324 3958 379 916

511 469 591 526 ad
644 468 840 526 solam
879 471 1079 524 autem
1138 466 1302 526 illam
1345 469 1525 534 venit,
1582 484 1715 540 quae
1759 468 1817 523 in
1850 463 2180 536 Sarephtha

2312 460 2537 513 ἀκοῦσαν
2571 459 2618 513 ἐν
2651 464 2885 534 Σαρεπτά
2941 462 3054 531 (12)
3116 458 3257 512 πόλει
3313 467 3405 518 τῆς
3460 452 3685 515 Σιδῶνος
3718 459 3956 525 χώρας

514 557 743 614 civitate
792 555 1030 613 Sidonis
1074 558 1335 626 regionis
1386 557 1716 624 habitabat,
1759 560 2000 627 propter
2026 553 2180 608 illius

513 647 885 702 honestatem
917 650 972 702 et
1021 646 1553 717 promptitudinem
1587 648 1660 701 ad
1713 647 2008 710 virtutem,
2049 643 2182 698 licet

516 735 852 805 alienigena
882 741 1038 789 esset
1071 741 1160 801 ;et
1197 736 1550 790 miraculum
1596 736 1758 806 apud
1813 751 1944 789 eam
1976 749 2183 800 opera-

517 831 612 881 tus
661 831 767 893 est,
805 825 951 879 sicut
999 826 1258 880 ostendit
1290 825 1494 880 tertius
1526 825 1673 880 liber
1733 828 1955 892 Regum
1989 825 2061 878 ³⁵.
2100 823 2183 878 Ita

517 929 760 986 quoque
790 915 916 986 ipse
942 913 1020 970 ad
1047 914 1279 971 nullum
1310 915 1546 980 horum,
1580 915 1682 986 qui
1723 913 1952 984 indigni
1993 915 2182 977 erant,

519 1003 794 1060 veniebat
825 1004 999 1073 signa
1028 1004 1334 1060 facturus:
1377 1005 1542 1076 quod
1587 1021 1707 1060 non
1759 1005 1952 1060 solum
1983 1001 2186 1059 inutile

523 1097 696 1162 esset,
709 1109 906 1149 verum
921 1093 1099 1149 etiam
1116 1093 1504 1166 blasphemiae
1518 1095 1775 1161 occasio,
1793 1096 1895 1151 sed
1917 1093 1992 1148 ad
2029 1093 2186 1150 solos

526 1197 628 1238 eos
669 1182 772 1254 qui
816 1197 923 1253 per
964 1199 1036 1238 ea
1084 1183 1332 1253 juvandi
1377 1190 1559 1250 erant,
1612 1190 1668 1240 et
1721 1200 1874 1256 quos
1917 1184 2185 1242 futurum

526 1275 669 1337 erat,
697 1276 760 1326 ut
789 1272 1125 1342 paeniteret.

599 1363 685 1432 -Ῑ--ι-
710 1360 886 1432 Igitur
910 1361 1039 1417 haec
1079 1366 1202 1418 erat
1257 1362 1439 1418 vidua
1487 1363 1828 1434 alienigena,
1865 1368 1926 1420 ut
1955 1368 2015 1419 tu
2041 1363 2188 1419 dixi-

529 1449 809 1507 sti?Imo
863 1465 999 1506 vero
1053 1467 1117 1506 ex
1167 1451 1324 1507 tribu
1381 1451 1516 1507 Levi
1562 1458 1687 1509 erat
1744 1461 1798 1508 et
1841 1458 2030 1508 mater
2055 1468 2188 1525 pro-

529 1541 717 1612 phetae
767 1542 950 1607 Jonas,
982 1557 1166 1612 quam
1214 1547 1352 1612 post
1406 1547 1639 1614 tempus
1686 1543 2016 1615 prophetiae
2065 1560 2187 1598 suae

533 1629 763 1700 accepit
804 1634 860 1685 et
917 1631 1302 1686 translocavit
1345 1631 1406 1686 in
1466 1636 1622 1688 terra
1680 1632 1895 1698 aliena,
1959 1632 2187 1704 pudore

533 1719 909 1792 popularium
939 1736 1201 1785 suorum,
1232 1721 1397 1792 quod
1421 1721 1733 1793 prophetia
1759 1723 1887 1792 ejus
1909 1726 2186 1778 eventum

533 1825 657 1866 non
692 1809 1004 1872 habuerat,
1055 1827 1238 1883 quam
1274 1813 1346 1867 de
1399 1814 1539 1869 urbe
1589 1813 1806 1869 Nineve
1841 1813 2188 1885 praadixerat
2219 1820 2258 1872 B

536 1904 601 1956 ut
629 1900 834 1956 tertius
863 1902 1094 1973 Regum
1122 1901 1270 1957 liber
1291 1907 1512 1958 narrat.

612 2077 781 2134 Vers.
820 2078 913 2135 27.
947 2079 1027 2134 Et
1059 2081 1234 2136 multi
1259 2111 1326 2121 —
1350 2095 1542 2150 syrus.
1578 2079 1740 2136 Idem
1773 2096 2016 2154 qnoque
2046 2096 2195 2154 prae-

541 2169 695 2225 senti
734 2168 1437 2242 manifestavitexemplo.

612 2260 774 2314 Vers.
807 2258 896 2313 28.
928 2260 1003 2314 Et
1037 2261 1250 2328 repleti
1286 2266 1420 2315 sunt
1453 2289 1522 2299 -—
1551 2260 1712 2315 Vers.
1745 2261 1832 2318 29.
1869 2277 2022 2317 eum.
2054 2261 2199 2316 Hinc

544 2346 925 2403 ostenderunt
985 2363 1046 2403 se
1089 2347 1250 2420 ipsos
1300 2364 1430 2403 esse
1489 2349 1673 2418 signis
1739 2349 2020 2418 indignos
2086 2366 2096 2404 :
2147 2353 2203 2406 et

547 2436 861 2495 Salvatoris
914 2453 1271 2506 sermonem,
1313 2437 1408 2509 qui
1437 2437 1511 2493 de
1553 2438 1667 2494 hoc
1723 2439 1916 2495 factus
1968 2444 2092 2495 erat
2124 2438 2202 2495 ab

546 2543 638 2592 eo,
665 2526 829 2601 quod
868 2527 1060 2582 facere
1092 2527 1486 2594 conabantur,
1515 2529 1922 2585 cotirmarunt.

619 2619 776 2672 Vers.
817 2619 904 2679 30,
938 2618 1066 2688 Ipse
1092 2641 1145 2649 —
1175 2616 1317 2672 ibat.
1337 2617 1614 2674 Servatus
1640 2619 1709 2673 ab
1742 2618 1906 2675 unita
1927 2617 2033 2674 sibi
2064 2617 2206 2674 divi-

547 2708 752 2764 nitate.

619 2797 787 2852 Vers.
816 2796 1008 2853 3t.E’t
1063 2796 1360 2852 descendit
1389 2827 1461 2837 —
1508 2796 1670 2852 Vers.
1720 2797 1808 2852 32.
1851 2798 2036 2854 illius.
2065 2797 2212 2854 Scri-

550 2885 667 2957 psit
691 2884 885 2940 ethoc
929 2885 1235 2942 Mattheeus
1263 2885 1324 2941 in
1355 2885 1472 2941 ﬁne
1507 2887 1696 2960 quinti
1723 2887 1934 2960 capitis
1966 2903 1977 2942 :
2011 2903 2212 2960 quaere

553 2987 696 3042 ergo
721 2975 1186 3030 enarrationem.

622 3064 767 3119 CAP.
811 3064 949 3118 Vill.
983 3064 1066 3118 De
1121 3065 1366 3121 habente
1413 3066 1688 3134 spiritum
1761 3066 2210 3123 daemoniacum.

2293 548 2433 616 ἦλθε,
2465 547 2556 602 δια
2581 556 2638 603 τὸ
2676 555 2858 623 σεμνὸν
2891 551 3073 612 αὐτῆς,
3126 553 3214 600 καὶ
3247 551 3373 622 πρὸς
3425 545 3611 618 ἀρετὴν
3665 545 3954 614 ἕτοιμον,

2291 645 2464 692 καίτοι
2493 639 2768 712 ἀλλόφυλον
2800 637 2978 705 οὖσαν,
2998 645 3086 690 καὶ
3109 638 3573 709 ἐθαυματούργησε
3589 633 3720 706 παρ’
3745 632 3947 704 αὐτῇ,

2293 733 2359 790 ὡς
2406 732 2434 787 ἡ
2492 735 2641 804 τρίτη
2686 738 2781 782 τῶν
2828 729 3106 802 βασιλειῶν
3136 724 3400 789 διέξεισιν.
3436 725 3568 775 οὕτω
3615 729 3712 773 καὶ
3750 722 3951 782 αὐτὸς

2292 823 2423 893 πρὸς
2453 818 2640 872 οὐδένα
2669 823 2757 891 μὲν
2789 839 2884 870 των
2913 816 3129 880 ἀναξίων
3161 820 3372 890 ἔρχεται
3391 819 3626 870 ποιήσων
3655 819 3944 883 σημεῖον,

2297 905 2389 960 διὰ
2414 911 2472 960 τό
2505 914 2576 976 μὴ
2601 913 2753 980 μόνον
2785 906 3017 983 ἀκερδὲς,
3055 907 3180 958 ἀλλά
3209 910 3293 957 καὶ
3329 903 3666 976 βλασφημίας
3713 905 3948 974 παραί-

2296 1017 2424 1066 τιον,
2456 1001 2586 1072 πρὸς
2616 1003 2799 1070 μόνους
2831 995 2888 1050 δὲ
2920 1002 3040 1059 τοὺς
3069 994 3619 1070 μεταϐληθησομένους
3649 996 3751 1042 καὶ
3787 991 3953 1062 ὠῗε’

2295 1086 2706 1161 ληθησομένους.

2373 1301 2600 1375 [Οὐκοῦν
2631 1303 2743 1374 (13)
2790 1303 2922 1360 αὕτη
2951 1305 2980 1361 ἡ
3016 1308 3170 1376 χήρα
3198 1299 3502 1372 ἀλλόφυλος,
3536 1301 3602 1360 ὡς
3651 1299 3719 1348 σὺ
3779 1299 3948 1366 εἰρη-

2297 1413 2388 1453 κας
2421 1410 2434 1460 ;
2463 1392 2621 1446 Ἀλλὰ
2649 1393 2837 1465 μᾶλλον
2861 1392 2914 1444 ἐκ
2941 1401 3030 1452 τῆς
3075 1398 3353 1451 Λευῖτικῆς
3379 1389 3540 1462 φυλῆς
3572 1384 3654 1453 ἧν,
3685 1389 3789 1437 καὶ
3824 1390 3948 1454 μή-

2298 1503 2394 1554 τηρ
2427 1491 2518 1535 τοῦ
2547 1488 2816 1555 προφήτου
2869 1483 3034 1546 Ἰωνᾶ,
3099 1482 3154 1539 ἢν
3193 1479 3362 1532 λαϐὼν
3393 1481 3522 1551 μετὰ
3578 1481 3666 1529 τὸν
3697 1478 3939 1545 καιρὸν,

2299 1581 2388 1633 τῆς
2419 1574 2573 1624 αὐτοῦ
2633 1577 2966 1644 προφητείας,
3019 1577 3306 1641 κατῴκισεν
3372 1569 3486 1639 (14)
3533 1565 3579 1618 ἐν
3633 1573 3701 1636 γῇ
3771 1562 3942 1614 603.5-

2300 1663 2484 1734 φύλων,
2560 1662 2932 1733 αἰσχυνόμενος
2985 1664 3104 1723 τοὺς
3160 1659 3317 1710 αὑτοῦ
3372 1657 3680 1730 ὁμοφύλους,
3736 1653 3795 1704 ἐν
3855 1661 3940 1722 τῷ

2302 1749 2691 1822 διαψευσθῆναι
2748 1756 2840 1803 τίν
2907 1750 3064 1801 αὐτοῦ
3132 1753 3464 1822 προφητείαν,
3518 1746 3578 1802 ἢν
3627 1748 3940 1817 προείρηκε

2300 1847 2418 1913 περὶ
2473 1849 2568 1901 τῆς
2615 1845 2814 1904 Νινευὶ,
2865 1842 2930 1901 ὡς
2986 1841 3013 1896 η
3073 1844 3221 1912 τρίτη
3307 1845 3406 1888 τὼν
3469 1834 3753 1887 Βασιλειὼν
3821 1828 3938 1883 διέ-

2303 1928 2457 1991 ξεισι.
2489 1929 2510 2002 ]

2377 2023 2476 2070 Καὶ
2506 2018 2681 2071 πολλοὶ
2706 2050 2773 2058 —
2813 2022 2990 2093 Σύρος.
3019 2022 3087 2071 Τὸ
3121 2017 3246 2068 αὐτὸ
3277 2021 3367 2068 καὶ
3415 2012 3509 2067 δια
3539 2021 3630 2065 τοῦ
3659 2018 3933 2085 παρόντος

2307 2105 2507 2178 ἐνέφηνε
2528 2104 2969 2180 παραδείγματος.

2382 2203 2482 2249 Καὶ
2554 2196 2892 2256 ἐπλήσθησαν
2977 2229 3045 2237 -
3123 2197 3296 2248 αὐτόν.
3363 2192 3608 2255 Ἔδει-ξαν
3688 2190 3930 2243 ἐντεῦθεν

2312 2283 2554 2348 ἀναξίους
2621 2291 2846 2358 σημείων
2932 2285 3167 2354 ἑαυτοὺς,
3241 2288 3332 2336 καὶ
3387 2286 3474 2334 τὸν
3546 2286 3665 2353 περὶ
3730 2282 3929 2330 τούτου

2310 2375 2460 2446 λόγον
2509 2384 2598 2427 τοῦ
2662 2383 2898 2448 Σωτῆρος
2943 2374 3276 2438 ἐϐεϐαίωσαν,

2317 2485 2432 2517 σαν.

3353 2371 3437 2444 ἀφ’
3508 2372 3575 2422 ὧν
3640 2370 3931 2443 ἐπεχείρη-

2388 2554 2571 2617 Ἀὗτός
2603 2587 2666 2595 -
2694 2554 2982 2629 ἐπορεύετο.
3014 2556 3393 2628 Φρουρούμενος
3425 2559 3486 2624 τῇ
3515 2553 3755 2622 ἡνωμένη
3782 2549 3926 2619 αὐτῷ

2320 2646 2544 2703 θεότητι.

2394 2741 2493 2788 Καὶ
2519 2734 2764 2793 κατῆλθεν
2793 2765 2861 2774 --
2884 2733 3064 2786 αὐτοῦ.
3091 2731 3321 2806 Ἔγραψε
3348 2739 3501 2783 τοῦτο
3542 2735 3632 2781 καὶ
3661 2730 3922 2786 Ματθαῐος

2323 2823 2370 2876 ἐν
2403 2834 2472 2895 τῷ
2495 2825 2624 2878 τέλει
2654 2832 2746 2876 τοῦ
2775 2829 3009 2896 πέμπτου
3050 2821 3349 2894 κεφαλαίου,
3400 2825 3490 2872 καὶ
3538 2821 3753 2880 ζήτησον
3801 2814 3912 2865 ἐκεῖ

2324 2921 2417 2974 τὴν
2459 2915 2728 2987 ἐξήγησιν.

2437 3045 2580 3096 ΚΕΦ.
2613 3039 2690 3095 Η’.
2737 3043 2860 3112 Περὶ
2890 3045 2981 3090 τοῦ
3030 3040 3242 3109 ἔχοντος
3272 3042 3472 3106 πνεῦμα
3522 3030 3818 3104 δαιμονὶου.

625 3118 790 3209 νει...
819 3153 911 3210 33.
945 3154 1024 3209 Et
1067 3118 1576 3210 ίτίζγεέιιεῗέὶιξ
1596 3118 1716 3212 ba:
1747 3118 2209 3212 ύέὲέὲίίῖεὶιῐᾷᾆέ

2407 3136 2505 3184 Καὶ
2537 3129 2583 3182 ἐν
2615 3161 2680 3168 -—
2713 3135 2866 3180 Θεοῦ.
2899 3135 3076 3179 Ταῦτα
3105 3131 3193 3177 καὶ
3225 3127 3432 3198 Μάρκος
3465 3126 3741 3194 ἱστόρησεν
3785 3118 3832 3171 ἐν
3861 3126 3935 3170 τῶ

557 3239 755 3313 primo
771 3241 1006 3315 scripsit
1031 3241 1239 3315 capite,
1275 3249 1328 3301 et
1356 3244 1415 3300 in
1451 3259 1518 3300 eo
1551 3244 1623 3300 ad
1645 3243 1895 3300 verbum
1920 3245 2223 3303 declarata

562 3337 715 3387 sunt.

632 3422 796 3478 Vers.
853 3422 941 3479 35.
981 3423 1058 3480 Et
1088 3423 1412 3494 increpavit
1436 3455 1502 3464 —
1531 3424 1642 3480 illi.
1675 3424 1949 3482 Similiter
1977 3431 2032 3482 et
2061 3425 2214 3482 haec.

635 3601 796 3657 Vers.
830 3605 911 3658 36.
962 3603 1029 3657 Et
1065 3604 1257 3673 factus
1309 3610 1390 3660 est
1444 3633 1510 3643 —
1560 3609 1774 3660 exeunt
1805 3601 1832 3658 τ
1871 3603 2145 3662 Similiter
2170 3609 2227 3660 et

564 3691 712 3746 haec.

639 3779 800 3836 Vers.
855 3783 941 3836 37.
979 3780 1418 3851 Egrediebatur
1462 3812 1532 3822 -—
1566 3783 1838 3852 regionis.
1889 3784 2120 3841 Dictum
2139 3789 2229 3842 est

568 3868 640 3926 de
665 3869 778 3926 hoc
800 3875 1014 3943 quarto
1043 3871 1216 3942 juxta
1244 3870 1572 3926 Matthaeum
1600 3871 1816 3944 capite.

1011 4049 1166 4105 CAP.
1197 4051 1282 4104 1X.
1317 4048 1401 4104 De
1436 4065 1603 4105 socru
1641 4050 1825 4107 Petri.

643 4139 806 4193 Vers.
837 4139 922 4194 38.
957 4140 1219 4208 Cumque
1246 4138 1594 4193 surrexisset
1646 4169 1710 4180 —
1772 4141 1932 4196 Vers.
1965 4145 2052 4198 36.
2086 4143 2225 4200 illis-

572 4232 884 4301 Ηρώτησαν,
912 4243 1031 4283 non
1057 4231 1143 4282 est
1184 4225 1500 4294 signiﬁcat,
1531 4229 2068 4300 lnterrogaverunt,
2103 4234 2227 4300 sed,

573 4318 968 4386 Rogaverunt,
1004 4316 1157 4373 sicut
1209 4317 1347 4374 alibi
1395 4315 1620 4374 dictum
1682 4327 1786 4377 est.
1840 4321 2115 4380 Similiter
2147 4323 2234 4377 ἕπ-

576 4410 806 4477 ετίμησε,
841 4420 963 4462 non
995 4412 1084 4461 est
1104 4407 1197 4464 hic
1259 4412 1495 4483 proprie
1533 4412 1877 4485 Iucrepavit,
1935 4414 2040 4470 sed
2080 4413 2235 4472 Prat-

576 4495 738 4567 cepit,
771 4495 936 4569 quod
962 4497 1137 4554 etiam
1167 4499 1283 4556 alio
1308 4501 1439 4557 loco
1471 4502 1693 4559 dictum
1724 4508 1830 4561 est.

650 4587 791 4652 Quae
818 4601 958 4642 vero
988 4593 1128 4644 sunt
1157 4589 1230 4645 de
1245 4606 1421 4647 socru
1465 4592 1718 4650 Simonis
1741 4594 1892 4652 Petri
1926 4597 2236 4654 manifeste

578 4675 876 4734 declarata
909 4678 1175 4736 invenies
1206 4684 1418 4738 octavo
1459 4683 1652 4756 capite
1691 4687 1994 4758 Evangelii
2025 4701 2232 4743 secun-

577 4767 724 4824 dum
755 4769 1109 4826 Matthaeum.

829 4857 984 4916 CAP.
1012 4861 1071 4916 X.
1104 4861 1192 4919 De
1221 4864 1439 4920 curatis
1468 4880 1505 4922 a
1543 4866 1719 4922 variis
1748 4868 1983 4924 morbis.

577 5040 742 5094 Vers.
779 5038 866 5094 40.
921 5040 1061 5097 Cum
1118 5043 1202 5098 sol
1260 5050 1452 5100 autem
1498 5052 1646 5102 esset
1676 5047 1737 5101 in
1785 5062 1997 5104 occasu
2024 5079 2091 5088 —
2122 5064 2233 5107 eos.

579 5126 811 5184 Dictum
841 5135 927 5187 est
953 5131 1025 5186 de
1058 5131 1147 5186 his
1177 5133 1235 5187 in
1268 5135 1558 5206 principio
1593 5135 1736 5191 noni
1792 5136 2000 5207 capitis
2054 5139 2238 5196 Evan-

580 5215 714 5286 gelii
742 5218 1070 5277 secundum
1102 5223 1452 5280 Matthmum.

654 5341 701 5377 ³⁵
721 5341 802 5401 ΙΙΙ
821 5346 959 5415 Reg.
991 5361 1136 5419 xvu,
1171 5353 1222 5406 9.

2333 3228 2516 3296 πρώτῳ
2565 3218 2843 3291 κεφαλαίῳ,
2893 3222 2982 3269 καὶ
3037 3211 3442 3291 ἡρμηνεύθῆσαν
3483 3211 3530 3263 ἐν
3584 3211 3760 3281 ἐκείνῳ
3801 3213 3936 3260 κατὰ

2332 3310 2503 3381 λόγον.

2410 3400 2509 3455 Καὶ
2544 3397 2849 3470 ἐπετίμησεν
2880 3427 2940 3436 -
2970 3397 3144 3447 αὑτὸν.
3179 3393 3404 3458 Ὁμοίως
3428 3396 3517 3443 καὶ
3538 3397 3724 3444 ταῦτα.

2409 3579 2511 3633 Καὶ
2561 3576 2753 3649 ἐγένετο
2821 3605 2884 3615 —
2945 3572 3248 3646 ἐξέρχονται
3313 3589 3325 3638 ;
3389 3567 3779 3644 Παραπλησίως
3845 3571 3932 3617 καί

2336 3675 2521 3722 ταῦτα.

2409 3757 2513 3812 Καὶ
2585 3755 2901 3826 ἐξεπορεύετο
2986 3783 3052 3794 -—-
3127 3755 3447 3824 περιχώρου.

2336 3850 2521 3900 τούτου
2581 3845 2628 3898 ἐν
2692 3854 2763 3916 τῷ
2817 3845 3041 3915 τετάρτω
3095 3841 3351 3913 κεφαλαίῳ
3421 3846 3512 3891 τοῦ
3584 3840 3723 3888 κατὰ
3795 3839 3928 3892 Ματ-

3521 3750 3740 3818 Εἵρηται
3820 3765 3930 3816 περι

2339 3939 2502 3992 θαῖον.

2592 4076 2737 4124 ΚΕΦ.
2773 4068 2842 4124 Θ’.
2881 4072 3004 4142 Περὶ
3034 4074 3130 4128 τῆς
3176 4066 3421 4138 πενθερᾶς
3465 4067 3690 4137 Πέτρου.

2413 4163 2663 4220 Ἀναστὰς
2721 4156 2780 4212 δὲ
2856 4189 2923 4198 —
3008 4157 3206 4217 αὐτοῖς.
3276 4155 3588 4226 Ἠρώτησαν
3656 4155 3767 4224 μὲν,
3822 4151 3928 4202 ἀντὶ

2340 4261 2448 4319 τοῦ,
2537 4249 2898 4319 Παρεκοίλεσαν
2977 4266 2988 4278 ·
3077 4247 3382 4316 Ἐκετίμησε
3467 4239 3545 4308 δε,
3632 4240 3654 4292 ἆ

2342 4342 2611 4404 Ἐπέταξε.

2537 4249 2898 4324 Παρεκοίλεσαν
2977 4266 2988 4278 ·
3077 4248 3382 4316 Ἐκετίμησε
3467 4248 3545 4308 δε,
3632 4248 3748 4295 ἀντὶ
3826 4252 3927 4310 τον,

2270 4509 2314 4564 D

2417 4579 2492 4630 Τὰ
2551 4572 2609 4627 δὲ
2662 4592 2780 4646 περι
2859 4578 2952 4630 τῆς
3007 4570 3251 4639 πενθερᾶς
3317 4575 3406 4618 τοῦ
3490 4569 3681 4636 Πέτρον
3760 4571 3923 4631 σαφῶς

2347 4667 2751 4740 ἡρμηνευθησαν
2783 4663 2829 4714 ἐν
2859 4669 2930 4731 τῷ
2971 4654 3144 4729 ὀγὸοῳ
3192 4655 3450 4727 κεφαλαίῳ
3481 4662 3568 4706 τοῦ
3609 4653 3734 4701 κατὰ
3783 4650 3914 4703 Mar-

2351 4759 2512 4810 θαῖον.

2567 4867 2708 4916 ΚΕΦ.
2743 4858 2794 4914 Ι’.
2825 4862 2949 4932 Περὶ
2979 4865 3077 4908 τῶν
3113 4855 3350 4906 ἰαθέντων
3369 4850 3469 4904 ἀπὸ
3485 4849 3728 4903 ποικίλων

3056 4951 3241 4998 νόσων.

2420 5047 2658 5101 Δύνοντος
2691 5037 2747 5092 δε
2774 5046 2866 5090 τοῦ
2893 5037 3040 5094 ἡλίου
3069 5065 3135 5074 —-
3180 5032 3388 5092 αὐτούς.
3434 5031 3655 5104 Εἴρηται
3686 5034 3798 5102 περὶ
3822 5031 3932 5079 τον-

2348 5155 2438 5188 του
2471 5137 2518 5187 ἐν
2542 5134 2653 5205 (15)
2693 5125 2834 5202 ἀρχῇ
2867 5135 2952 5180 τοῦ
2986 5124 3159 5177 ἐνάτου
3203 5121 3481 5194 κεφαλαίου
3514 5127 3606 5171 τοῦ
3638 5122 3771 5170 κατὰ
3803 5124 3929 5170 Mar-

2351 5229 2495 5280 θαῐον
2505 5267 2518 5280 .

1801 5431 2024 5500 Variae
2055 5432 2384 5501 lectiones
2417 5442 2480 5499 et
2499 5437 2702 5497 notae.

652 5550 763 5622 H2)
799 5557 1035 5626 Σαριφθοί
1062 5557 1123 5611 Β·

652 5626 763 5699 (13)
821 5628 940 5683 Hoc
969 5642 1216 5710 a__manu
1252 5644 1512 5710 prorsus
1559 5629 1775 5710 recenti
1821 5629 2005 5710 habet
2063 5631 2118 5710 ᾼ-
2155 5632 2252 5710 Est

584 5701 745 5757 utem
787 5700 1078 5756 correctio
1099 5700 1308 5757 scholii
1323 5700 1595 5772 proxime
1618 5701 2055 5758 antecedentis.
2079 5700 2252 5757 Caret

2361 5574 2430 5614 eo
2454 5551 2792 5611 Hentenius.

2433 5627 2543 5696 (14)
2571 5628 2734 5682 Forte
2767 5614 3390 5696 κατῴκησενηὶηίεηὶέζθ,
3428 5615 3531 5668 μετ’
3564 5613 3746 5676 αὐτῆς.

2430 5688 2543 5772 (15)
2576 5697 2662 5753 Ἐν
2688 5702 2761 5768 τῷ
2788 5688 2946 5766 ἐνάτῳ
2972 5688 3251 5763 κεφαλαίῳ.
3287 5695 3344 5746 Β.
