4170 6364
234 322 374 379 917

1501 326 1871 386 COMMENT.
1917 324 1987 379 IN
2027 324 2293 385 LUCAM.
2336 359 2402 369 —
2443 328 2598 385 CAP.
2644 328 2708 386 V.

3534 333 3644 390 918

337 452 621 525 Ἐξήρχετο
654 483 717 492 -
756 450 904 508 εἶναι.
955 485 1022 495 -
1075 455 1375 527 Ἐπιτιμῶν,
1420 455 1530 509 ἀντὶ
1560 462 1673 523 τοῦ,
1724 455 1842 506 Ἐπι

2055 452 2221 509 Vers.
2274 456 2362 509 41.
2419 456 2680 512 Eaeibant
2724 470 2977 527 —.esse.
3029 461 3313 529 Επιτιμῶν,
3354 473 3500 515 .non
3552 464 3640 518 est

244 543 553 611 στομίζων.
605 543 893 614 ⁹Ανοίγνωθι
943 542 1001 597 δὲ
1057 548 1105 596 ἐν
1158 554 1230 615 τῷ
1275 551 1434 621 τρίτῳ
1483 546 1740 618 κεφαλαίῳ
1773 552 1865 597 τοῦ

236 634 401 681 κατὰ
458 635 667 705 Μάρκον
717 639 810 691 τὴν
862 633 1111 705 ἐξήγησιν
1162 642 1272 687 του·
1329 641 1428 688 Καὶ
1456 638 1567 707 (16)
1620 640 1867 706 ἐπιτιμῶν

238 720 359 769 οὐκ
382 724 499 792 iapix
529 720 695 774 λαλεῖν
737 726 801 774 τὰ
833 720 1099 795 δαιμόνια.

336 903 612 968 Γενομένης
658 931 723 939 —-
781 904 955 954 τόπον.
1016 904 1238 974 Εἴρηται
1302 906 1391 954 καὶ
1434 906 1550 973 περὶ
1592 903 1776 953 τούτου
1819 898 1865 952 ἐν

241 986 424 1057 οὐτῴ,

350 1081 448 1128 Καὶ
471 1079 518 1128 οἱ
558 1078 711 1149 ὄχλοι
754 1079 1007 1133 -αὗτών,
1050 1080 1131 1133 Ἐν
1172 1079 1343 1152 ἐκείνῳ
1381 1083 1467 1131 καὶ
1510 1084 1628 1153 περὶ
1675 1082 1865 1130 τῡντιμλ

248 1171 482 1247 ἓρῥήθη.

336 1262 391 1313 Ὀ
446 1258 504 1313 δὲ
566 1292 631 1300 --
691 1258 986 1321 Γαλιλαίας.

332 1353 535 1401 πάντων
546 1389 557 1400 .

329 1437 561 1508 Ἐγένετο
585 1470 645 1477 -—
678 1436 881 1508 λίμνην,
915 1441 983 1489 Τό
1009 1440 1099 1508 μὲν
1128 1442 1344 1509 Σίμωνος
1392 1442 1481 1489 καὶ
1513 1433 1779 1510 Ἀνδρέου,
1808 1439 1867 1488 τὸ

1074 1258 1289 1332 Ὁμοίως
1345 1263 1434 1311 καὶ
1490 1263 1606 1331 περί
1673 1260 1867 1311 τούτων

238 1523 314 1579 δὲ
367 1526 616 1580 Ἰακώϐου
670 1532 758 1579 καὶ
799 1528 1055 1580 Ἰωάννου.
1116 1532 1359 1580 Κοινωνοὶ
1415 1530 1516 1601 γὰρ
1578 1523 1711 1585 ἦσαν
1778 1535 1869 1586 τῆς

240 1616 473 1683 ἁλιείας,
506 1620 572 1676 ὡς
604 1620 863 1689 προιόντες
903 1617 1212 1691 εὑρήσομεν.

1978 541 2073 597 hic
2112 544 2350 616 proprie
2376 545 2717 617 Increpans,
2748 545 2874 615 sed,
2909 546 3224 603 Silentium
3274 546 3398 603 illis
3453 548 3638 620 impo-

1980 646 2143 687 nens.
2181 634 2333 703 Lege
2384 640 2581 691 autem
2628 634 2799 691 tertio
2849 635 3041 707 capite
3091 636 3393 707 Evangelii
3431 653 3639 697 secun-

1978 720 2123 776 dum
2160 724 2418 778 Marcum
2467 723 2611 779 dicti
2642 723 2799 779 illius
2830 724 3259 797 expositionem
3287 741 3302 783 :
3329 733 3383 784 et
3412 743 3532 785 non
3562 726 3638 787 si-

1977 811 2153 866 nebat
2182 811 2333 883 loqui
2366 813 2663 871 d/emom'a
2710 815 2775 868 ³⁸.

2048 900 2214 956 Vers.
2248 905 2336 957 42.
2368 903 2552 960 Facto
2578 934 2645 943 —
2678 905 2892 961 locum.
2937 903 3167 961 Dictum
3198 910 3289 964 est
3316 904 3391 963 de
3420 906 3636 965 eodem

1978 988 2129 1046 loco.

2052 1083 2212 1139 Vers.
2247 1085 2334 1138 42.
2385 1082 2462 1139 Et
2493 1083 2681 1140 turbae
2701 1114 2769 1124 —
2795 1083 2897 1141 eis.
2929 1082 3035 1140 Illo
3062 1083 3254 1157 capite
3292 1084 3368 1143 de
3410 1085 3503 1144 his
3547 1086 3634 1143 di-

1978 1174 2139 1226 ctum
2169 1175 2277 1227 est.

2050 1260 2217 1317 Vers.
2261 1262 2346 1317 43.
2402 1262 2525 1333 Ipse
2552 1268 2745 1320 autem
2772 1293 2843 1306 —
2872 1265 3031 1321 Vers.
3071 1266 3161 1320 44.
3218 1263 3497 1324 θαιίιιεα.
3552 1265 3636 1323 Si-

1978 1349 2190 1404 militer
2206 1355 2262 1406 et
2281 1350 2355 1405 de
2380 1350 2475 1405 his
2506 1352 2811 1407 omnibus.

2048 1440 2210 1497 CAP.
2254 1440 2323 1496 v.
2362 1442 2520 1497 Vers.
2586 1446 2632 1496 ι.
2688 1440 2940 1497 Factum
2988 1418 3073 1498 e‘st
3115 1472 3183 1484 —
3240 1444 3399 1499 Vers.
3438 1447 3493 1500 2.
3554 1445 3637 1501 ιο-

1978 1542 2132 1584 cum.
2162 1531 2291 1585 Una
2315 1529 2559 1600 quidem
2609 1535 2734 1586 erat
2769 1530 3028 1587 Simonis
3067 1534 3125 1587 et
3152 1531 3421 1603 Andreas,
3450 1532 3636 1591 altera

1977 1633 2118 1673 vero
2162 1618 2371 1675 Jacobi
2411 1624 2467 1675 et
2493 1619 2743 1676 Joannis
2776 1641 2788 1673 :
2816 1620 2878 1675 hi
2922 1620 3219 1692 siquidem
3262 1621 3409 1678 socii
3458 1622 3519 1679 in
3548 1623 3634 1696 pi-

1981 1707 2247 1763 scatione
2261 1714 2449 1773 erant.
2464 1714 2640 1780 prout
2654 1709 2713 1764 in
2732 1709 3120 1782 sequentibus
3133 1709 3526 1770 inveniemus.

329 1800 391 1847 ΟΞ
449 1794 506 1848 δὲ
562 1795 718 1856 αλιεῖς
773 1826 823 1834 -
873 1791 1086 1846 δίκτυα.
1122 1800 1308 1865 Σίμων,
1353 1799 1437 1845 καὶ
1482 1791 1746 1869 Ἀνδρέας,
1775 1814 1843 1846 κα

2053 1799 2212 1854 Vers.
2253 1802 2304 1853 2.
2351 1797 2683 1855 Piscatores
2712 1828 2779 1839 —
2823 1798 2985 1855 retia.
3046 1802 3270 1872 Nempe
3322 1801 3527 1858 Simon
3578 1805 3636 1859 et

238 1885 520 1950 Ἰάκωϐος,
555 1890 644 1936 καὶ
674 1885 933 1944 Ἰωάννης.
980 1890 1080 1936 Καὶ
1116 1889 1239 1955 μὴν,
1271 1886 1294 1934 ό
1328 1886 1593 1944 Ματθαῐος
1624 1882 1671 1935 ἐν
1717 1882 1860 1957 ἀρχῇ

234 1984 346 2027 του
405 1978 743 2046 κηρυγματός
791 1992 947 2043 φησιν
1000 1972 1188 2033 αὐτοὺς
1234 1973 1534 2025 καταλιπεῖν
1575 1976 1640 2025 τὰ
1686 1972 1861 2026 ἁλιευ-

234 2068 374 2116 τικὰ
422 2068 608 2125 πάντα,
650 2068 738 2113 καὶ
790 2061 1143 2119 ἀκολουθῆσαι
1187 2071 1257 2132 τῲ
1307 2071 1539 2136 Χριστῷ·
1585 2061 1711 2113 ἀλλὰ
1764 2067 1857 2121 τὴν

237 2158 342 2226 μὲν
394 2155 585 2227 ἡμέραν
612 2152 923 2211 ἠκολούθουν
950 2152 1109 2222 αὐτῷ·
1164 2156 1255 2210 τὴν
1301 2149 1359 2204 δὲ
1415 2155 1578 2203 νύκτα
1606 2160 1667 2223 τῇ
1711 2150 1855 2225 ἀλείᾳ

237 2242 562 2313 ἐσχολαζον,
627 2249 769 2292 οῡπω
808 2246 1156 2311 γνησιώτερον
1208 2241 1552 2302 οἰκειωθέντες
1628 2238 1722 2293 διὰ
1794 2245 1850 2294 τό

240 2332 605 2403 αἰσχυντηλόν
636 2332 823 2383 αὐτῶν.
860 2331 1013 2391 Εἰκὸς
1056 2328 1136 2400 δε,
1168 2336 1290 2403 μίαν
1321 2332 1350 2391 ἡ
1396 2336 1486 2383 xui
1533 2328 1631 2383 δύο
1660 2333 1849 2394 νύκτας

240 2429 403 2474 τοῦτο
426 2430 665 2485 ποιῆσαι,
699 2426 788 2472 καὶ
815 2426 885 2493 μὴ
912 2425 1218 2495 περαιτέρω.

316 2600 505 2673 Ἔμϐας
550 2632 615 2640 -
664 2601 854 2672 ὀλίγον.
892 2632 953 2640 —-
996 2606 1294 2672 Πρώτησιν,
1349 2597 1459 2651 ἀντὶ
1502 2607 1615 2665 τοῦ,
1676 2606 1842 2672 Προσ-

241 2692 412 2753 έταξε.

320 2783 416 2833 Καὶ
452 2781 672 2839 καθίσας
722 2810 790 2818 —-
830 2777 1041 2849 ὄχλους
1084 2774 1394 2829 Ἐδίδασκεν
1420 2781 1475 2829 ἐκ
1505 2784 1596 2828 τοῦ
1640 2776 1844 2843 πλοίου,

241 2872 327 2919 iw.
366 2873 435 2938 μὴ
498 2867 817 2918 ἐπιπίπτοιεν
858 2867 993 2935 αὐτῷ
1041 2863 1371 2931 διδάσκοντι,
1401 2871 1489 2917 καὶ
1535 2868 1617 2918 ἶνα
1654 2869 1845 2928 πάντας

240 2958 358 3027 ὁρᾷ,
416 2959 551 3005 κατά
603 2960 879 3029 πρόσωπον
931 2955 1175 3017 ἑστῶτας.
1231 2963 1394 3007 Τοῦτο
1445 2952 1503 3007 δὲ
1550 2961 1638 3008 xui
1690 2956 1843 3008 πάλιν

238 3048 537 3109 πεποίηκεν,
593 3047 660 3104 ὡς
713 3040 819 3096 εἷπε
875 3046 1142 3105 Ινίατθαίος
1188 3043 1234 3096 ἐν
1280 3052 1351 3097 τὼ
1404 3044 1534 3097 τέλει
1564 3052 1652 3097 τοῦ
1702 3047 1842 3097 εἰκο-

240 3141 369 3184 στοῦ
396 3138 570 3206 τρίτου
600 3133 898 3205 κεφαλαίου.

496 3229 636 3277 ΚΕΦ.
664 3220 762 3275 ΙΑ’.
800 3228 923 3294 Περὶ
948 3230 1043 3283 τῆς
1075 3220 1236 3294 ἄγρας
1257 3230 1353 3273 τῶν
1379 3223 1597 3293 ἰχθύων.

308 3315 398 3371 Ὠς
451 3308 508 3362 δὲ
560 3344 622 3351 ——
664 3311 849 3385 ἄγραν,
908 3317 1177 3363 Γινώσκων
1232 3314 1311 3364 ὅτι
1361 3309 1559 3374 διὀλης
1602 3322 1691 3374 τῆς
1722 3334 1838 3365 νυκ-

233 3404 319 3459 τός
367 3397 517 3452 οὐδὲν
571 3404 848 3474 ἦγρευσαν,
898 3399 1156 3472 ἐπιτρέπει
1194 3404 1399 3462 τούτοις
1446 3401 1685 3472 χαλάσαι
1724 3403 1837 3474 (17)

232 3492 301 3538 τὰ
334 3485 527 3540 δίκτυα
552 3498 661 3552 νυν,
704 3488 787 3539 ἱνα
816 3494 1019 3560 γνόντες
1048 3495 1141 3547 τὴν
1188 3487 1409 3561 δύναμιν
1441 3490 1598 3543 αὐτοῦ
1627 3490 1838 3564 βεϐαιό-

231 3597 402 3651 τερον,
462 3578 669 3630 πλείονα
728 3583 910 3630 πίστιν
968 3578 1127 3630 αὐτου
1180 3579 1542 3652 προσλάϐοιεν,
1592 3586 1681 3633 καὶ
1738 3581 1841 3634 λοι-

233 3672 332 3717 πόν
367 3666 683 3729 ἀποστάντες
713 3668 877 3719 τέλεον
925 3676 1017 3729 τῆς
1056 3668 1266 3731 αλιείας,
1321 3666 1571 3731 διηνεκῶς
1625 3670 1840 3723 ἀκολου-

239 3759 399 3809 θῶσιν
439 3757 600 3827 αὐτῷ.

314 3852 411 3898 Καὶ
444 3845 741 3919 ἀποκριθεὶς
770 3876 831 3883 -
862 3842 896 3897 δ
903 3865 1095 3900 ικτυον.
1129 3847 1444 3910 Ἐπιστάτης
1476 3848 1587 3921 ([8)
1640 3849 1842 3921 λέγεται

236 3938 264 3987 ό
293 3932 637 3996 διδάσκαλος.

311 4030 411 4077 Καὶ
463 4034 614 4076 τοῦτο
682 4031 994 4087 ποιήσαντες
1063 4057 1128 4067 —
1200 4026 1353 4081 αὐτά.
1424 4029 1517 4080 Διά
1590 4031 1837 4101 νεύματος

230 4114 683 4187 προσεκαλέσαντο
742 4114 944 4181 αὐτοὺς,
1006 4120 1077 4186 μὴ
1133 4112 1411 4188 δυνάμενοι
1457 4117 1684 4175 λαλῆσαι
1736 4117 1834 4171 απὸ

231 4211 328 4263 τῆς
356 4202 644 4265 ἐκπλήξεως
678 4209 765 4255 καὶ
819 4213 908 4255 τοῦ
942 4204 1120 4275 φόϐου.
1151 4210 1422 4276 Μετόχους
1454 4203 1513 4259 δὲ
1533 4206 1688 4277 λέγει,
1716 4212 1836 4271 τούς

229 4296 523 4353 κοινωνούς.

304 4379 453 4434 Ἰδὼν
494 4414 559 4421 -
609 4383 732 4453 εἰμι,
777 4390 1014 4445 Συνῆκεν,
1072 4386 1151 4436 ὅτί
1204 4388 1259 4436 τὸ
1304 4389 1621 4457 πρόσταγμα
1673 4386 1831 4439 αὐτοῦ

1974 1887 2261 1951 Andreas,
2283 1888 2539 1943 Jacobus
2569 1892 2628 1943 et
2647 1888 2927 1944 Joannes.
2965 1889 3140 1961 Atqui
3172 1890 3475 1947 Matthmus
3524 1891 3628 1964 ait,

1970 1975 2084 2031 hos
2111 1976 2173 2031 in
2204 1975 2499 2048 principio
2530 1976 2973 2049 praedicationis
3017 1978 3327 2051 reliquisse
3377 1980 3630 2053 piscato-

1966 2065 2057 2120 ria
2107 2064 2333 2131 omnia,
2367 2070 2423 2121 et
2454 2069 2687 2121 secutos
2719 2080 2848 2121 esse
2891 2065 3216 2136 Christum.
3268 2068 3488 2126 Verum
3533 2068 3631 2135 die

1965 2153 2210 2226 quidem
2245 2154 2654 2227 sequebantur
2702 2154 3021 2223 Christum,
3062 2159 3234 2213 nocte
3274 2172 3408 2214 vero
3436 2158 3632 2231 pisca-

1961 2243 2113 2299 toria
2142 2244 2500 2300 exercebant
2524 2260 2541 2299 :
2563 2245 2837 2301 nondum
2854 2244 3111 2316 ingenue
3134 2246 3196 2301 in
3223 2245 3437 2304 Christi
3453 2246 3624 2305 fami-

1955 2332 2101 2389 liam
2128 2332 2321 2396 acciti,
2348 2349 2418 2389 eo
2444 2333 2609 2405 quod
2632 2332 2874 2405 propria
2903 2331 3309 2391 detinerentur
3337 2350 3618 2392 verecun-

1956 2422 2069 2478 dia.
2104 2422 2429 2477 Verisimile
2458 2426 2547 2477 est
2564 2426 2787 2487 autem,
2812 2420 2874 2476 id
2900 2438 3019 2479 una
3042 2428 3212 2481 nocte
3234 2423 3484 2493 factum,
3512 2428 3618 2482 aut

1954 2510 2217 2576 duabus,
2255 2515 2313 2567 et
2356 2526 2479 2566 non
2512 2510 2790 2581 amplius.

2027 2599 2190 2657 Vers.
2222 2604 2274 2655 3.
2334 2600 2626 2671 Ingressus
2658 2630 2713 2642 —
2746 2599 3043 2672 pusillum.
3104 2601 3362 2658 Verbum
3414 2602 3619 2676 ἠρώτη-

1958 2707 2041 2740 σεν
2069 2704 2178 2743 nec
2209 2688 2299 2744 hic
2332 2688 2626 2758 signiﬁcat
2656 2688 3067 2758 Interrogavit,
3112 2690 3217 2747 sed
3241 2690 3435 2747 Iussit.

2028 2780 2187 2833 Vers.
2219 2778 2274 2832 3.
2329 2780 2405 2833 Et
2448 2778 2649 2834 sedens
2686 2778 2994 2836 —turbas.
3028 2780 3288 2837 Docebat
3334 2780 3410 2836 de
3455 2782 3614 2849 navi,

1956 2882 2031 2923 ne
2061 2867 2121 2922 in
2152 2884 2290 2923 eum
2320 2868 2637 2924 docentem
2674 2868 3000 2925 irruerent:
3036 2870 3375 2943 videretque
3403 2886 3616 2928 omnes

1953 2972 2155 3013 coram
2172 2957 2321 3013 facie
2339 2962 2579 3013 stantes.
2611 2959 2729 3013 Hoc
2752 2963 2953 3015 autem
2986 2959 3133 3015 alias
3159 2960 3340 3018 etiam
3360 2959 3493 3018 fecit
3518 2975 3614 3018 vev

1952 3046 2055 3103 luti
2082 3047 2228 3103 dixit
2255 3047 2569 3104 Matthmus
2599 3047 2883 3104 vicesimo
2912 3049 3083 3105 tertio
3113 3048 3327 3121 capite.

2309 3224 2462 3280 CAP.
2492 3225 2572 3282 x1.
2610 3225 2692 3282 De
2721 3231 2978 3295 captura
3002 3225 3290 3294 piscium.

2022 3313 2187 3368 Vers.
2227 3315 2279 3369 4.
2334 3314 2402 3371 Ut
2457 3320 2655 3371 autem
2690 3345 2743 3355 —
2786 3320 3111 3385 capturam.
3167 3314 3395 3384 Sciens,
3449 3316 3614 3388 quod

1950 3406 2075 3459 tota
2112 3406 2288 3459 nocte
2325 3403 2473 3459 nihil
2514 3410 2814 3475 ceperant,
2846 3404 3299 3462 adhortabatur.
3342 3410 3407 3462 ut
3448 3420 3612 3464 nunc

1950 3492 2219 3549 laxarent
2244 3492 2431 3558 retia;
2473 3509 2593 3565 quo
2631 3493 2870 3563 cognita
2898 3492 3131 3549 ﬁrmius
3169 3495 3296 3565 ejus
3339 3494 3609 3567 potentia

1950 3582 2242 3654 majorem
2266 3582 2340 3638 de
2361 3597 2432 3638 eo
2455 3581 2638 3639 ﬁdem
2660 3582 3056 3653 conciperent,
3086 3583 3409 3657 relictaque
3436 3584 3601 3641 dein-

1949 3688 2090 3745 ceps
2109 3676 2373 3744 capturas
2392 3670 2804 3742 magnitudine
2824 3671 2977 3744 (nn),
3019 3672 3299 3730 continue
3330 3688 3470 3731 eum
3516 3688 3606 3730 se-

1950 3765 2296 3835 querentur.

2021 3853 2182 3907 Vers.
2225 3854 2276 3905 5.
2332 3850 2412 3906 Et
2448 3849 2802 3922 respondens
2844 3881 2914 3891 —
2956 3856 3098 3909 rete.
3146 3851 3233 3924 -Η-
3285 3851 3613 3917 Ἐπιστάτα(

1948 3939 2167 3996 dicitur
2206 3940 2429 3997 doctor.

2021 4029 2191 4087 Vers.
2217 4030 2271 4084 6.
2301 4029 2553 4101 Cumque
2584 4028 2696 4085 hoc
2746 4028 3029 4100 fecissent
3059 4060 3127 4073 —
3158 4031 3321 4089 Vers.
3354 4036 3409 4088 7.
3447 4032 3608 4103 ipsa.

1948 4121 2102 4175 Nutu
2130 4134 2236 4175 eos
2272 4123 2662 4183 vocaverunt,
2697 4133 2828 4173 cum
2865 4134 2986 4191 prae
3026 4124 3271 4192 stupore
3304 4125 3363 4178 et
3400 4121 3611 4180 timore

1943 4205 2109 4280 loqui
2134 4224 2256 4265 non
2286 4211 2549 4281 possent.
2582 4207 2902 4281 Participes
2942 4213 3143 4267 autem
3188 4215 3364 4270 vocat
3390 4211 3607 4274 socios.

2017 4387 2176 4442 Vers.
2218 4389 2267 4442 8.
2326 4386 2536 4442 Videns
2568 4401 2808 4442 —sum.
2836 4386 3145 4455 lntellexit,
3175 4389 3343 4463 quod
3386 4404 3609 4463 prece-

236 4468 544 4542 παραδόξως
598 4472 873 4543 ἐνήργησε,
934 4478 1019 4523 καὶ
1078 4476 1157 4524 ὅτι
1212 4476 1339 4534 θεῖός
1378 4473 1493 4526 ἐστι
1544 4480 1629 4526 καὶ
1678 4477 1831 4548 ὑπερ-

1988 4481 2112 4532 tum
2144 4475 2274 4547 ejus
2291 4474 2650 4531 admirando
2682 4476 2860 4531 modo
2892 4482 3203 4549 operatum
3231 4482 3376 4545 erat,
3410 4478 3605 4551 quod-

234 4566 360 4633 φυής
414 4562 698 4632 ἅνθρωπος,
755 4566 841 4612 καὶ
896 4561 1070 4613 λοιπόν
1127 4561 1330 4625 ἀνάξιον
1384 4563 1563 4615 ἑαυτὸν
1624 4564 1832 4635 λογισά-

235 4650 527 4721 μενος,ὐπό
582 4649 772 4710 πολλῆς
825 4650 965 4721 μάλα
1019 4660 1108 4711 τῆς
1166 4650 1429 4712 εὐλαϐείας
1476 4657 1565 4703 καὶ
1643 4672 1830 4705 συστοο

235 4739 346 4800 λῆς,
390 4746 672 4809 παρῃτεῖτο
702 4743 795 4796 τὴν
844 4745 1138 4811 παρουσίαν
1172 4740 1350 4805 αὑτοῦ,
1406 4744 1666 4814 φορηθεὶςν
1736 4746 1834 4813 μὴ’

237 4845 355 4877 ποτε
393 4828 507 4897 (l9)
538 4824 874 4900 κινδυνεύσῃ,
910 4828 1175 4901 τολμήσας
1208 4826 1568 4892 ὑποδέξασθαι
1600 4838 1831 4893 τοιοῦτος

236 4923 484 4967 τοιοῦτον.

1110 5012 1259 5069 Είκός

303 5003 508 5076 Θὰμϐος
582 5036 649 5045 —
728 5005 1023 5059 συνέλαϐον.
1110 5012 1259 5069 Είκός
1336 5011 1459 5080 γὰρ,
1522 5013 1663 5080 ἔχειν
1738 5013 1829 5062 σὺν

299 5146 340 5181 ⁸⁷
375 5145 552 5202 Marc.
585 5162 622 5214 1,
648 5149 732 5205 34.

1942 4581 2061 4637 que
2086 4564 2328 4619 divinus
2352 4580 2422 4619 ac
2443 4564 2913 4635 supernaturalis
2938 4564 3124 4622 homo
3155 4571 3315 4625 esset
3342 4581 3357 4623 :
3391 4570 3448 4624 et
3479 4582 3608 4624 ma-

1943 4669 2059 4723 gna
2096 4653 2253 4709 illius
2281 4652 2627 4721 reverentia,
2680 4651 2895 4725 suique
2953 4654 3327 4727 correptione
3380 4670 3605 4726 repres-

1944 4759 2067 4807 sus,
2102 4742 2417 4811 indignum
2446 4756 2576 4796 sese
2593 4740 2869 4797 ducebat.
2904 4742 3262 4815 Ejusitaque
3291 4743 3603 4803 devitabat

1942 4831 2345 4903 praesentiam,
2377 4830 2608 4896 timens,
2652 4830 2979 4902 nequando
3020 4830 3471 4905 periclitaretur,
3528 4848 3602 4892 eo

1942 4920 2109 4994 quod
2138 4919 2269 4976 talis
2301 4918 2475 4975 talem
2505 4934 2687 4976 ausus
2720 4918 2927 4977 fuisset
2951 4920 3276 4993 suscipere.

2014 5009 2174 5065 Vers.
2215 5011 2272 5065 9.
2307 5006 2523 5078 Stupor
2546 5038 2613 5049 —
2644 5009 3233 5080 comprehenderant.
3267 5009 3599 5073 Verisimile

1442 5250 1666 5320 Variae
1693 5251 2029 5321 lectiones
2065 5260 2132 5321 et
2159 5259 2363 5320 natm.

295 5414 408 5540 (:6)
435 5416 722 5489 Ἐπιτιμῶν
752 5432 861 5474 nec
880 5421 1124 5486 Marcus,
1155 5435 1264 5476 nec
1294 5420 1614 5478 Hentenius
1645 5438 1827 5495 agno-

295 5502 309 5540 ι
341 5526 353 5539 .

228 5502 353 5542 SCll.

296 5559 407 5629 (l7)
434 5558 731 5615 Χαλάσατι.
761 5566 823 5615 Α.

298 5713 427 5784 (nn)
462 5715 729 5787 Captum
754 5715 1185 5788 magnitudine.
1216 5715 1467 5772 Prorsus
1500 5716 1845 5788 piscatione.

2009 5422 2123 5495 (18)
2152 5422 2418 5487 Quatuor
2467 5420 2598 5477 haec
2645 5419 2941 5495 vocabula
2978 5422 3180 5483 omisit
3233 5425 3587 5490 Hentenius.

1936 5494 2126 5551 Verba
2163 5497 2472 5549 contextus
2502 5505 2701 5565 autem
2730 5494 3056 5565 conjunxit.

2009 5566 2121 5639 (19)
2149 5569 2364 5624 Μήποτε
2393 5570 2483 5619 xui
2515 5561 2858 5640 κινδυνώσῃί
2880 5566 2947 5623 Β.
