4170 6364
555 332 666 390 919

1883 326 2247 390 EUTHYMII
2284 326 2612 384 ZIGABENI

3854 323 3989 378 920

556 458 719 515 enim
751 460 863 527 est,
893 471 1013 512 non
1044 455 1243 513 solum
1272 456 1515 514 fratrem
1541 456 1849 514 Andream
1882 471 2085 512 secum
2110 454 2215 511 ha-

2340 452 2471 524 κύτῷ
2511 457 2580 526 μή
2632 454 2787 526 μόνον
2824 454 2911 505 τόν
2965 446 3183 524 ἀδελφόν
3223 444 3494 524 Ἀνδρέαν,
3527 447 3657 500 ἀλλὰ
3708 450 3810 501 κείὶ
3883 469 3987 520 μι-

557 547 788 617 buisse,
828 562 1040 602 verum
1084 545 1266 602 etiam
1300 546 1704 603 mercenarios
1744 547 1896 602 sicut
1924 544 2099 601 etiam
2141 542 2216 599 de

556 637 783 695 Jacobo
828 640 886 692 et
922 637 1150 692 Joanne
1194 634 1398 691 docuit
1445 639 1673 692 Marcus
1712 637 1865 693 circa
1894 635 2076 691 ﬁnem
2122 632 2216 689 sui

557 725 857 800 procemii.

631 815 906 872 Vers.10.
929 813 1593 882 Similiter—captabis.
1619 813 1949 869 Abundans
1973 815 2221 883 captura

560 904 817 977 piscium
862 908 1044 975 typus
1078 908 1203 958 erat
1259 902 1515 973 copiosas
1570 902 1889 959 hominum
1938 905 2217 973 captura,

562 1009 634 1050 ac
650 992 1032 1066 praesignatio
1047 1007 1283 1062 magnae
1301 992 1539 1048 illorum
1567 991 1988 1056 multitudinis,
2008 990 2111 1061 qui
2143 988 2221 1045 ab

563 1081 1162 1156 apostolisirretiendi
1179 1087 1366 1147 erant,
1386 1097 1645 1152 quorum
1663 1079 2006 1136 sensibilem
2020 1084 2218 1150 captu.

563 1188 696 1229 ram
725 1171 802 1228 ad
824 1169 1277 1226 intellectualem
1307 1169 1600 1226 transtulit
1625 1170 1911 1227 Christus.
1941 1168 2218 1234 Posthac,

562 1259 779 1333 inquit,
820 1263 1054 1315 mutata
1083 1259 1187 1315 tibi
1222 1259 1573 1332 piscatione,
1614 1259 1891 1315 homines
1926 1256 2221 1331 captabis.

640 1434 1143 1496 Considerandum
1180 1440 1382 1490 autem
1420 1437 1475 1491 et
1512 1434 1684 1505 juxta
1712 1448 2048 1504 anagogen,
2091 1448 2225 1505 qua:

569 1526 648 1584 ad
676 1539 943 1599 praesens
974 1522 1200 1579 faciunt
1230 1523 1631 1595 propositum.
1660 1526 1806 1578 Ante
1842 1522 2049 1578 Christi
2082 1538 2225 1579 sane

564 1614 1131 1690 peregrinationem,
1205 1628 1323 1669 nox
1381 1618 1506 1669 erat
1552 1611 1772 1668 erroris
1835 1617 1892 1667 et
1947 1613 2224 1683 ignoran-

566 1706 675 1763 tia:-
721 1708 893 1760 rectas
942 1701 1080 1757 ﬁdei
1130 1718 1143 1759 :
1184 1702 1244 1757 in
1310 1718 1428 1774 qua
1493 1701 1801 1773 prophetae
1884 1701 2227 1757 laborantes

2332 544 2581 607 σθωτοὺς,
2625 545 2693 603 ὡς
2722 547 2810 594 καὶ
2847 540 3093 601 Ἰάκωϐος
3120 544 3210 591 καὶ
3242 538 3504 607 Ἰωάννης,
3532 540 3705 598 καθὼς
3740 539 3767 589 ὁ
3799 541 3988 607 Μάρ-

2328 651 2417 694 κος
2439 628 2653 695 ἐδίδαξε
2681 635 2812 707 πρὸς
2836 639 2908 702 τῷ
2932 630 3061 683 τέλει
3086 637 3176 682 τοῦ
3206 633 3485 703 προοιμίου
3509 628 3687 681 αὐτοῦ.

2399 807 2623 883 Ὁμοίως
2669 839 2737 851 -
2786 811 2877 883 ἴση
2933 812 3164 881 ζωγρῶνο
3222 814 3289 860 Ἤ
3344 809 3446 881 γὰρ
3502 804 3740 879 δαψιλὴς
3807 808 3983 881 ἄγρα

2329 905 2427 949 τῶν
2460 898 2659 969 ἰχθύων
2698 901 2853 959 τύπος
2884 896 2945 957 ἧν
2976 906 3068 971 τῇς
3108 894 3366 968 δαψιλοῦς
3395 896 3562 969 ἄγρας
3602 905 3701 948 τῶν
3746 894 3978 969 ἀνθρώ-

2330 1006 2459 1051 πων,
2501 992 2590 1039 καὶ
2645 993 2964 1062 προμὴνυμα
3010 987 3101 1039 τοῦ
3152 985 3342 1039 πολλοῦ
3393 986 3623 1047 πλήθους
3668 994 3778 1037 τῶν
3824 986 3975 1057 μελε

2330 1074 2518 1128 λόντων
2561 1079 2945 1149 σαγηνευθῆναι
3004 1079 3149 1150 παρὰ
3191 1083 3292 1129 τῶν
3341 1075 3659 1141 ἀποστόλων,
3716 1076 3797 1126 ὧν
3864 1080 3975 1132 τὴν

2334 1165 2593 1225 αἰσθητὴν
2625 1165 2817 1219 ἁλιείαν
2858 1167 2925 1228 εἰς
2953 1171 3141 1225 νοητὴν
3168 1168 3441 1239 μετέθηκεν
3473 1168 3498 1217 ὁ
3528 1170 3786 1240 Χριστός.
3823 1165 3973 1217 Ἀπὸ

2331 1262 2424 1307 τοῦ
2462 1261 2550 1307 νῦν
2579 1257 2701 1330 γὰρ,
2745 1260 2896 1328 φησὶ,
2928 1255 3341 1328 μεταϐληθείσης
3373 1274 3457 1308 σοι
3495 1264 3586 1316 τῆς
3622 1254 3969 1320 ἁλιευτικῆς,

2335 1343 2631 1419 ἀνθρώπους
2663 1348 2755 1417 ἔσῃ
2794 1347 2855 1403 θη
2862 1349 3042 1419 ρεύων.

2408 1437 2704 1508 Θεωρητέον
2756 1430 2814 1487 δε
2852 1439 2941 1486 καὶ
2985 1437 3120 1486 κατὰ
3170 1433 3444 1506 ἀναγωγὴν
3500 1436 3568 1486 τὰ
3614 1442 3709 1496 τῆς
3746 1436 3969 1505 παρού-

2338 1540 2432 1581 σης
2462 1522 2774 1583 ὑποθέσεως.
2808 1527 2915 1597 Πρὸ
2966 1527 3057 1596 μεν
3086 1532 3177 1585 τῆς
3222 1520 3506 1595 ἐπιδημίας
3553 1531 3643 1575 τοῦ
3676 1530 3965 1598 Χριστοῦ,

2334 1609 2426 1673 νύξ
2456 1607 2516 1668 ἦν
2562 1611 2759 1675 πλάνης
2788 1619 2877 1665 καὶ
2913 1617 3124 1684 ἀγνοίας
3161 1622 3255 1673 τῆς
3310 1613 3471 1687 ὀρθῆς
3508 1617 3754 1677 πίστεως,
3806 1611 3860 1662 ἐν

2337 1701 2385 1750 οἱ
2443 1708 2706 1772 προφῆται
2760 1704 3119 1767 κοπιάσαντες,
3182 1698 3369 1754 οὐδένα
3424 1702 3601 1754 ἔλαϐον
3651 1703 3959 1763 πειθήνιον,

566 1793 798 1850 nullum
811 1791 1194 1848 obedientem
1217 1796 1591 1863 acccperant,
1606 1806 1674 1845 eo
1689 1790 1851 1862 quod
1875 1796 2074 1847 essent
2093 1790 2227 1847 faci-

2340 1791 2640 1862 κακούργων
2694 1794 2850 1842 ὄντων
2906 1799 3007 1843 τῶν
3069 1791 3289 1863 λογικῶν
3343 1789 3545 1843 ἐκείνων
3597 1790 3809 1861 ἰχθύων
3865 1796 3961 1841 καὶ

568 1883 771 1940 norosi
791 1881 906 1955 (oo)
934 1881 1255 1936 rationales
1284 1880 1362 1936 illi
1381 1881 1574 1952 pisces
1587 1885 1643 1935 et
1662 1880 1951 1949 fugerent.
1973 1879 2227 1946 Quando

571 1975 774 2029 autem
810 1973 977 2025 ortus
1008 1974 1095 2023 est
1119 1968 1218 2023 Sol
1244 1968 1504 2039 justitiaa,
1537 1968 1853 2024 hominum
1882 1968 2226 2024 illuminans

575 2060 833 2123 animas,
850 2062 992 2113 tunc
1003 2059 1077 2113 ab
1095 2057 1382 2129 apostolis
1402 2056 1599 2113 laxata
1613 2063 1752 2112 sunt
1777 2058 1924 2112 retia
1944 2057 2228 2113 doctrinae

573 2146 1021 2223 prmdicationis
1042 2145 1392 2214 evangelica
1408 2163 1421 2201 :
1438 2150 1494 2201 et
1523 2143 1941 2201 concluserunt
1967 2145 2231 2201 multitu-

570 2237 779 2293 dinem
794 2235 1104 2307 copiosam
1126 2234 1510 2291 rationalium
1529 2235 1803 2307 piscium,
1837 2250 2045 2307 greges
2072 2235 2229 2292 vide-

573 2326 710 2382 licet
738 2324 1026 2396 gentium.
1047 2324 1371 2395 Participes
1383 2338 1525 2380 vero
1555 2339 1625 2380 ac
1644 2325 1785 2380 socii
1810 2330 2068 2396 capturas
2090 2339 2232 2396 apo-

575 2414 947 2472 stolicaesunt
971 2413 1233 2485 episcopi
1266 2428 1335 2469 ac
1358 2412 1628 2482 magistri
1644 2411 2019 2483 singularum
2046 2412 2233 2469 eccle-

574 2504 823 2569 siarum,
855 2502 959 2576 qui
991 2517 1103 2558 suo
1124 2501 1329 2559 labore
1351 2502 1787 2575 coopitulantur
1814 2502 2123 2575 apostolis.

648 2597 806 2650 Vers.
832 2594 917 2650 H.
946 2592 1027 2648 Et
1050 2592 1394 2649 deducentes
1422 2623 1490 2634 -—
1508 2607 1657 2649 eum.
1680 2594 1846 2649 Nunc
1874 2592 2127 2664 perfecte
2146 2607 2233 2649 se-

573 2684 693 2742 cuti
726 2686 866 2739 sunt
892 2698 1053 2738 eum.

1004 2771 1155 2827 CAP.
1189 2768 1295 2825 Xll.
1328 2771 1413 2826 De
1436 2770 1680 2839 leproso.

645 2861 787 2918 Vers
800 2860 886 2916 12.
913 2860 989 2915 Et
998 2859 1231 2929 factum
1249 2865 1333 2915 est
1349 2889 1419 2899 —
1438 2858 1741 2915 mundare.
1764 2861 1843 2915 De
1871 2859 1976 2915 hoc
2001 2859 2229 2916 dictum

578 2955 669 3009 est
700 2953 869 3006 sexto
916 2949 1110 3022 capite
1136 2947 1439 3018 Evangelii
1489 2947 1819 3003 secundum
1869 2949 2224 3004 Matthaeum.

646 3039 813 3096 Vers.
850 3042 932 3096 t3.
960 3039 1039 3095 Et
1063 3068 1134 3080 —-
1158 3037 1322 3093 Vers-
1357 3040 1449 3093 14.
1487 3037 1719 3094 diceret.
1766 3037 1847 3094 ibi
1878 3039 2059 3094 etiam
2103 3039 2230 3095 haec

574 3127 879 3186 declarata
908 3130 1067 3183 sunt.

646 3217 810 3274 Vers.
842 3221 925 3273 14.
977 3215 1087 3271 Sed
1114 3244 1183 3256 -
1214 3215 1422 3272 Moses.
1451 3214 1566 3271 Sed
1599 3215 1714 3281 abi,
1758 3215 1952 3288 inquit
1984 3232 1996 3272 :
2029 3216 2232 3273 Deﬁcit

577 3308 758 3373 enim,
786 3306 996 3379 inquit,
1019 3305 1380 3361 extrinsecus
1403 3305 1791 3363 sumendum.
1823 3305 2088 3361 Invenies
2128 3322 2229 3362 au-

574 3400 695 3454 tem
746 3396 961 3452 horum
1019 3410 1263 3468 quoque
1314 3395 1753 3452 enarrationem
1801 3394 2085 3468 prasdicto
2136 3412 2231 3453 ca-

575 3485 714 3559 pite.

644 3575 819 3632 Vers.
832 3576 914 3630 14.
928 3573 999 3631 In
1020 3573 1416 3631 testimonium
1430 3574 1577 3632 illis.
1598 3573 1876 3631 Similiter
1896 3578 1956 3632 et
1974 3589 2232 3647 praesen-

574 3664 651 3721 tis
681 3662 865 3719 verbi.

646 3753 810 3809 Vers.
837 3751 917 3809 15.
939 3752 1393 3823 Pervagabatur
1414 3784 1476 3793 —
1495 3752 1665 3809 Vers.
1691 3753 1777 3812 t6.
1792 3768 1898 3812 ora
1908 3754 2026 3811 bat.
2048 3755 2232 3826 Opor-

577 3846 657 3900 tet
697 3856 840 3914 ergo
885 3846 942 3898 et
987 3856 1123 3906 nos,
1178 3857 1315 3897 cum
1374 3842 1643 3914 praeclari
1690 3843 1917 3917 aliquid
1969 3844 2227 3915 agimus,

574 3933 800 4005 fugere,
826 3947 901 3989 ne
930 3931 1009 3988 ab
1039 3930 1384 3987 hominibus
1424 3931 1795 3989 celebremur
1822 3952 1835 3990 :
1869 3950 2039 3991 orare
2065 3948 2226 4003 vero,

574 4026 641 4079 ut
669 4020 847 4078 nobis
886 4020 1110 4076 donum
1144 4024 1198 4074 et
1220 4020 1407 4088 gratia
1439 4027 1840 4078 conservetur.

647 4110 813 4165 Vers.
848 4113 933 4165 17.
963 4109 1331 4179 Factumque
1358 4138 1427 4147 —
1454 4107 1682 4164 docens.
1710 4110 1770 4165 ln
1802 4110 1914 4166 hac
1966 4112 2231 4168 oratione

576 4200 653 4256 Et
677 4198 793 4269 ipse
821 4202 951 4253 erat
978 4196 1215 4260 docens,
1254 4195 1545 4263 abundat,
1582 4202 1631 4252 et
1670 4197 1984 4255 Hebraicis
2031 4206 2230 4257 autem

576 4287 796 4356 linguae
808 4286 923 4341 hoc
934 4282 1231 4357 peculiare
1244 4289 1354 4350 est,
1375 4286 1591 4356 saepius
1603 4291 1805 4343 autem
1820 4288 1981 4359 apud
1994 4289 2228 4345 Lucam-

577 4378 810 4433 Marcus
838 4389 979 4430 vero
1000 4373 1179 4430 etiam
1205 4373 1455 4442 addidit,
1478 4375 1579 4431 ubi
1607 4380 1750 4434 tunc
1775 4384 1903 4435 erat
1934 4379 2142 4437 docens
2161 4382 2229 4447 ³⁷,

574 4478 795 4536 nempe
823 4464 885 4520 in
924 4463 1128 4530 domo,

646 4524 811 4611 Vers.
836 4555 928 4610 47.
962 4556 1027 4609 Ει
1062 4524 1343 4610 sedebant
1367 4583 1427 4596 -—
1459 4554 1790 4614 Ierusalem.
1825 4559 1935 4625 Qui
1966 4558 2231 4634 undique
2262 4524 2307 4579 Β

576 4642 946 4701 advenerant
977 4647 1222 4715 propter
1255 4642 1484 4701 famam
1523 4646 1672 4716 ejus.

646 4732 807 4789 Vers.
837 4733 925 4790 17.
958 4734 1039 4790 Et
1082 4732 1270 4789 virtus
1295 4764 1363 4775 —
1390 4750 1502 4791 eos.
1546 4734 1743 4792 Virtus
1788 4736 1889 4792 Dei
1936 4741 2061 4795 erat
2092 4753 2230 4795 cum

577 4837 650 4881 eo
689 4822 765 4880 ad
795 4822 1139 4881 sanandum
1165 4822 1390 4880 turbas.
1419 4824 1701 4881 Virtutem
1747 4833 1947 4882 autem
1998 4828 2231 4885 Domini

576 4910 743 4979 dixit,
776 4911 850 4970 ob
872 4911 1223 4969 continuam
1244 4918 1299 4968 ct
1320 4913 1687 4971 auctoritatis
1709 4913 1950 4988 plenam
1973 4917 2232 4975 sanatio-

646 5149 745 5226 (³ο)
774 5150 958 5211 Marc.
988 5165 1052 5221 ιι,
1083 5152 1139 5210 1.

2338 1883 2643 1949 φευγόντων·
2696 1882 2777 1932 ὅτε
2832 1876 2890 1932 δε
2948 1879 3189 1933 ἀνέτειλεν
3241 1882 3266 1931 ό
3298 1879 3477 1941 Ἤλιος
3531 1887 3623 1940 τῆς
3661 1876 3957 1931 δικαιοσύ-

2336 1986 2445 2031 νης,
2476 1969 2500 2019 ὀ
2528 1968 2764 2039 φωτίζων
2800 1972 2893 2031 τὰς
2926 1968 3109 2041 ψυχὰς
3165 1978 3263 2021 τῶν
3297 1967 3598 2043 ἀνθρώπων,
3630 1974 3747 2022 τότε
3803 1972 3957 2043 παρὰ

2338 2064 2436 2107 τῶν
2468 2054 2766 2109 ἀποστόλων
2815 2058 3086 2130 ἑχαλάσθη
3122 2061 3186 2111 τὰ
3214 2057 3405 2111 δίκτυα
3442 2067 3534 2118 τῆς
3583 2054 3952 2123 διδασκαλίας

2338 2152 2430 2197 τοῦ
2456 2146 2790 2219 εύαγγελικοῡ
2836 2151 3187 2220 κηρύγματος,
3228 2152 3316 2200 καὶ
3362 2147 3699 2207 συνεκλείσθη
3743 2153 3949 2213 πλῆθος

2339 2233 2558 2306 λογικῶν
2587 2236 2785 2308 ἰχθύων
2822 2238 2973 2302 πολὺ,
3030 2236 3209 2309 ἀγέλαι
3258 2236 3431 2290 ἐθνῶν·
3467 2242 3686 2310 μέτοχοι
3741 2235 3802 2291 δε
3856 2245 3946 2291 καὶ

2340 2330 2572 2378 κοινωνοὶ
2616 2334 2706 2387 τῆς
2755 2325 3101 2387 ἀποστολικῆς
3158 2325 3339 2399 ἄγρας,
3409 2329 3457 2379 οἱ
3516 2330 3801 2379 επίσκοποι
3861 2335 3949 2381 καὶ

2343 2410 2659 2468 διδάσκαλοι
2688 2424 2786 2467 τῶν
2812 2418 2947 2468 κατὰ
2975 2421 3165 2477 τόπους
3212 2415 3519 2481 ἐκκλησιῶν,
3553 2416 3601 2467 οἳ
3647 2416 3945 2490 συλλαμϐά-

2340 2521 2513 2555 νονται
2543 2511 2635 2556 τοῦ
2666 2509 2821 2557 πόνου
2852 2511 2960 2567 τοῖς
3004 2504 3333 2567 ἀποστόλοις.

2414 2597 2514 2645 Καὶ
2576 2598 2958 2666 καταγαγόντες
3013 2626 3083 2635 -
3138 2594 3301 2665 αύτῷ.
3365 2601 3472 2648 Νῦν
3538 2594 3781 2658 όλοτελῶς
3824 2598 3945 2655 ἧκον

2337 2680 2498 2741 λούθη
2508 2701 2602 2735 σαν
2633 2683 2770 2755 αύτῷ
2783 2727 2796 2741 .

2748 2776 2894 2829 ΚΕΦ.
2928 2772 3024 2827 1Β’.
3054 2778 3178 2847 Περὶ
3202 2780 3289 2826 τοῦ
3327 2782 3536 2849 Αεπροῦ.

2414 2866 2515 2914 Καὶ
2542 2860 2736 2934 ἐγένετό
2784 2894 2850 2903 —
2891 2865 3197 2937 καθαρίσαι.
3240 2867 3461 2937 Εἴρηται
3513 2870 3629 2941 περὶ
3664 2866 3835 2915 τούτου
3867 2864 3916 2915 ἐν

2338 2958 2410 3021 τῷ
2435 2951 2566 3023 ἕκτῳ
2599 2952 2853 3025 κεφαλαίῳ
2875 2961 2966 3005 τοῦ
2987 2956 3121 3005 κατὰ
3151 2955 3437 3009 Ματθαίον.

2415 3045 2514 3093 Καὶ
2546 3073 2608 3081 -
2649 3041 2796 3096 εἰπεῖ.
2821 3042 2960 3093 Ἐκεῖ
2985 3047 3073 3094 καὶ
3096 3050 3261 3094 ταῦτα
3284 3038 3769 3115 διηρμηνεύθησαν.

2413 3217 2547 3271 Ἀλλ’
2604 3248 2671 3257 -
2725 3225 2975 3281 Μωύσῆς,
3037 3218 3172 3271 Ἀλλ’
3230 3219 3479 3286 ἀπελθὼν,
3529 3224 3677 3292 φησί,
3732 3226 3824 3273 καὶ
3878 3225 3940 3273 τὰ

2343 3306 2480 3371 ἑξῆς.
2544 3312 2722 3360 Λείπει
2790 3311 2890 3382 γὰρ
2945 3311 3025 3375 τό,
3086 3314 3239 3381 φησὶ,
3300 3308 3479 3371 ἔξωθεν
3534 3308 3935 3383 λαμϐανόμενον.

2343 3400 2592 3472 Εύρήσεις
2645 3393 2704 3449 δε
2751 3402 2840 3450 καὶ
2887 3403 2980 3456 τὴν
3029 3400 3223 3451 τούτων
3255 3397 3505 3470 ἐξήγησιν
3536 3402 3584 3451 εν
3633 3408 3706 3469 τῷ
3735 3401 3940 3474 ῥηθέντι

2340 3485 2619 3559 κεφαλαίῳ.

2414 3575 2500 3637 Εἰς
2520 3577 2805 3651 μαρτύριον
2835 3574 3028 3636 αὐτοῖς.
3064 3574 3290 3648 Ὀμοίως
3321 3580 3410 3628 καὶ
3437 3581 3529 3635 τὴν
3561 3583 3653 3628 τοῦ
3681 3580 3939 3650 παρόντος

2339 3665 2523 3741 ῥητοῦ.

2415 3759 2674 3828 Διήρχετο
2718 3785 2785 3794 -
2832 3758 3272 3827 προσευχόμενος.
3337 3758 3453 3829 Χρὴ
3511 3756 3609 3829 γὰρ
3667 3760 3757 3808 καὶ
3806 3758 3941 3829 ὑμᾶς

2342 3846 2722 3920 κατορθοῦντας
2753 3862 2826 3908 τι,
2864 3846 3065 3916 φεύγειν
3096 3846 3207 3916 μὲν,
3241 3844 3367 3914 ὑπὲρ
3416 3852 3506 3896 τοῦ
3557 3849 3626 3915 μὴ
3664 3848 3804 3919 παρὰ
3840 3856 3938 3897 τῶν

2344 3934 2623 4008 ἀνθρώπων
2678 3933 3039 4005 εὐφημεῖσθαι·
3094 3935 3489 4007 προσεύχεσθαι
3542 3930 3622 4002 δὲ,
3675 3936 3798 4007 ύπερ
3846 3944 3939 3988 τοῦ

2345 4021 2774 4095 διαφυλαχθῆναι
2813 4024 2938 4094 ἡμῖν
2968 4025 3025 4074 τὸ
3055 4025 3323 4096 χάρισμα.

2417 4118 2517 4166 Καὶ
2536 4112 2729 4183 ἐγένετο
2759 4143 2828 4153 —
2856 4108 3151 4166 διδάσκων.
3193 4115 3314 4167 Τοῦ·
3352 4112 3462 4184 (20)
3510 4118 3610 4166 Καὶ
3660 4115 3815 4176 αὐτὸς
3876 4112 3934 4172 ἦν

2346 4199 2639 4269 διδάσκων,
2672 4206 2910 4276 περιττόν
2929 4200 3038 4253 ἐστι
3071 4205 3150 4271 τό,
3178 4206 3287 4253 καὶ.
3314 4209 3387 4273 Τῇ
3416 4206 3517 4277 γὰρ
3549 4211 3649 4253 τῶν
3684 4203 3935 4278 Ἐϐραίων

2346 4290 2598 4364 διαλέκτῳ
2628 4296 2717 4343 καὶ
2755 4283 2909 4343 τοῦτό
2955 4292 3186 4352 σύνηθες·
3221 4290 3489 4363 πολλαχοῦ
3536 4288 3595 4343 δε
3651 4299 3801 4344 τοῦτο
3850 4299 3935 4345 καί

2343 4384 2487 4452 παρὰ
2534 4389 2605 4452 τῷ
2653 4387 2857 4450 Λουκᾴ·
2925 4382 3135 4453 Μάρκος
3184 4376 3244 4432 δέ
3287 4382 3597 4454 προσέθηκε,
3631 4385 3720 4433 καί
3749 4390 3843 4433 ποῦ
3872 4379 3930 4440 ἦν

2345 4468 2619 4524 διδάσκων
2646 4475 2779 4535 τότε,
2826 4471 2905 4521 ὅτι
2935 4466 2982 4520 ἐν
3014 4468 3173 4540 οἰκίᾳ.

2416 4563 2518 4616 Καὶ
2560 4557 2694 4619 ἦσαν
2741 4561 3023 4631 καθήμενοι
3076 4588 3143 4598 --
3186 4556 3549 4631 Ἰερουσαλήμ.
3602 4558 3917 4626 Πανταχόθεν

2342 4647 2590 4713 ἐλθόντες,
2617 4645 2710 4700 διὰ
2728 4652 2819 4706 τὴν
2847 4652 3021 4719 φήμην
3063 4646 3243 4699 αὐτοῦ.

2414 4740 2515 4793 Καὶ
2550 4734 2773 4809 δύναμις
2803 4767 2867 4776 -
2895 4736 3103 4797 αὐτούς,
3138 4739 3363 4807 Δύναμις
3413 4740 3541 4788 Θεοῦ
3580 4730 3638 4792 ἦν
3666 4732 3784 4807 παρ’
3832 4733 3923 4785 αύ-

2340 4836 2412 4899 τῷ
2444 4826 2515 4889 εἰς
2544 4830 2601 4879 τό
2635 4828 2815 4878 ἰᾶσθαι
2849 4828 2965 4885 τούς
2994 4824 3205 4896 ὄχλους
3258 4821 3480 4896 δύναμιν
3529 4821 3588 4875 δέ
3634 4828 3822 4896 Κυρίου
3860 4821 3926 4875 εἶ-

2340 4936 2429 4970 πεν
2470 4916 2646 4987 αὐτὴν,
2681 4911 2772 4968 διὰ
2810 4917 2867 4967 τό
2910 4918 3126 4986 συνεχὲς
3176 4918 3266 4965 καὶ
3306 4912 3701 4976 ἐξουσιαστικόν
3730 4921 3820 4975 τῆς
3850 4912 3928 4965 ἰά-

2344 5025 2498 5068 σεως.

1774 5226 2003 5297 Variaa
2050 5228 2382 5301 lectiones
2409 5238 2477 5299 et
2505 5237 2685 5299 nota;

606 5450 619 5462 ,
648 5394 783 5470 (20).
814 5394 1447 5470 ﬂenteniusreddidit,
1489 5412 1559 5470 ac
1612 5397 1659 5452 si
1687 5397 1971 5470 legeritiv
2027 5407 2097 5470 τῷ
2145 5406 2233 5455 καὶ

576 5469 715 5555 ante
742 5464 1217 5555 ‘gﬁric‘omittit.
1364 5469 1522 5555 legi
1562 5484 1704 5540 ergo
1749 5464 1943 5555 possit
1974 5464 2085 5555 πρό.
2119 5480 2229 5540 τοῦ,

576 5538 737 5599 αὐτὸς
764 5538 845 5596 ἦν.
880 5538 1097 5595 Scribe
1127 5552 1270 5609 ergo
1308 5538 1422 5598 hoc
1450 5539 1604 5612 loco,
1639 5538 1795 5609 non,
1830 5547 1896 5600 ut
1948 5538 2109 5611 alibi,
2143 5538 2236 5603 so?

650 5679 764 5755 (oo)
794 5682 1121 5739 Facinorosi
1146 5683 1291 5752 Iino,
1321 5681 1571 5753 subdoli,
1606 5683 1852 5743 versuti.

2346 5400 2466 5457 lam
2500 5399 2750 5456 litteram
2778 5398 3181 5470 majusculam
3209 5403 3265 5454 et
3289 5396 3601 5463 initialem,
3627 5396 3731 5452 sed
3756 5401 3937 5454 totum

2344 5471 2707 5530 vocabulum
2741 5471 3091 5528 omiserunt.
