4170 6364
1431 314 1801 378 COMMENT.
1854 311 1923 368 IN
1966 310 2216 372 LUCAM.
2257 353 2324 362 —
2365 321 2524 383 CAP.
2574 324 2673 386 Vl.

2430 449 2587 506 CAP.
2615 452 2752 508 XllI.
2777 456 2854 509 De
2882 457 3226 529 paralytico.

2080 532 2240 590 Vers.
2273 541 2357 596 l8.
2389 539 2464 595 Et
2483 555 2612 598 ecce
2632 575 2699 582 —
2721 544 2849 599 illo.
2872 548 2946 600 De
2968 546 3077 601 hoc
3101 548 3416 605 manlfeste
3433 550 3660 608 dictum

2008 626 2094 676 est
2130 622 2364 682 decimo
2395 630 2566 686 tertio
2597 633 2784 703 capite
2807 633 2978 704 juxta
2996 637 3357 694 Matthteum.

2079 711 2240 768 Vers.
2272 719 2354 771 19.
2387 719 2639 790 Cumque
2660 737 2772 776 non
2806 723 3161 781 invenissent
3207 757 3276 768 —
3306 727 3492 784 turba.
3531 729 3660 795 Qua

272 325 398 382 921
1431 325 1801 378 COMMENT.
1854 325 1886 368 ll

2033 325 2216 372 JCAM.
2257 353 2324 362 —
2365 325 2524 383 CAP.
2574 325 2673 386 Vl.
3556 333 3662 390 922

622 456 768 505 ΚΕΦ.
799 449 894 504 ΙΓ.
923 453 1048 521 Περὶ
1073 455 1166 501 τοῦ
1203 448 1572 523 παραλυτικοῦ.
1927 436 1976 493 Α

374 546 474 595 Καὶ
507 537 623 592 ἰδοὺ
653 570 717 581 -
753 539 1159 613 αὖτοῡ.Εῖρηται
1189 543 1308 610 περὶ
1337 541 1520 590 τούτου
1555 543 1727 608 σαφῶς
1747 532 1794 584 ἐν
1824 539 1897 602 τῷ

279 626 721 703 τρισκαιδεκάτῳ
751 629 1009 700 κεφαλαίῳ
1039 635 1130 680 τοὺ
1161 631 1294 679 κατὰ
1325 629 1608 680 Μάτθαῐον.

365 720 480 774 Καὶ
509 724 580 792 μὴ
616 720 840 793 εὑρόντες
888 749 956 758 -—-
1001 718 1177 789 ὄχλον.
1210 722 1365 778 Ποίας
1413 714 1558 788 ὁδοῦ,
1613 712 1706 767 διὰ
1749 718 1898 772 ποίας

276 806 530 863 εἰσόδου.

361 896 676 958 ’Δναϐάντες
729 927 798 936 -
857 914 969 949 σου.
1018 896 1100 948 Ἐν
1156 897 1328 968 εκείνῳ
1386 900 1473 947 καὶ
1527 899 1646 967 περὶ
1703 895 1896 945 τούτων

278 985 512 1062 ἇρῥήθη.

375 1081 474 1130 Καὶ
505 1075 721 1151 ἤρξαντο
750 1105 815 1116 -ο
845 1077 870 1126 6
897 1080 1025 1136 Θεὸς
1051 1091 1063 1140 ;
1098 1080 1300 1147 Ομοιως
1327 1079 1412 1127 καὶ
1445 1077 1559 1148 περὶ
1581 1091 1793 1127 τουτων.

373 1258 644 1326 Ἐπιγνοὺς
693 1286 760 1294 -
811 1256 1122 1327 περιπάτει;
1185 1252 1574 1328 Παραπλησῖως
1629 1255 1718 1302 καὶ
1779 1256 1895 1323 περὶ

281 1347 512 1395 τούτων.

367 1432 478 1486 Ἵνα
524 1463 588 1472 -—
619 1435 706 1484 τὸν
753 1437 905 1488 Θεόν,
959 1431 1094 1484 Ἐκεῖ
1136 1436 1224 1484 καὶ
1256 1438 1421 1484 ταῦτα
1457 1433 1626 1483 πάντα
1683 1427 1896 1503 διηκρι-

281 1520 461 1579 ϐώθη.

370 1617 471 1664 Καὶ
523 1610 859 1669 ἐπλήσθησαν
920 1641 982 1650 -
1031 1616 1272 1684 σήμερον.
1332 1614 1407 1664 Τὰ
1459 1608 1736 1684 παράδοξα
1790 1613 1890 1680 γὰρ

279 1701 514 1753 εἰώθασι
535 1699 686 1771 φόϐον
709 1699 934 1772 ἐμποιεῖν
956 1709 1060 1761 τοῖς
1078 1700 1422 1775 ἁμαρτωλοῖς,
1438 1707 1507 1772 μή
1533 1703 1630 1752 πού
1653 1720 1699 1752 τι
1727 1697 1892 1752 δεινόν

277 1792 525 1854 πάθωσι,
553 1787 644 1842 διὰ
669 1792 761 1852 τὰς
790 1790 1048 1866 ἁμαρτίας
1075 1791 1258 1845 αὐτῶν.

603 1973 754 2024 ΚΕΦ.
796 1967 871 2019 IA'
907 1971 1028 2042 Περὶ
1060 1971 1186 2020 Λευὶ
1216 1975 1308 2020 τοῦ
1337 1967 1569 2020 τελώνου.

370 2062 469 2109 Καὶ
527 2059 655 2128 μετὰ
716 2089 776 2098 --
838 2057 996 2126 αὐτῷ.
1062 2060 1277 2131 Εῖρηται
1325 2062 1441 2131 περὶ
1492 2059 1673 2108 τούτου
1727 2055 1773 2107 ἐν
1825 2064 1894 2108 τῶ

283 2143 852 2219 τεσσαρεσκαιδεκάτῳ
883 2145 1138 2218 κεφαλαίῳ
1160 2153 1251 2198 τοῦ
1275 2149 1406 2198 κατὰ
1438 2148 1713 2200 Ματϋαίον.

370 2329 469 2376 Καὶ
544 2326 756 2381 ἐποίησε
821 2356 884 2363 ——
963 2328 1332 2395 κατακείμενοι.
1414 2323 1492 2375 Ἐν
1564 2326 1731 2393 ἐκείνῳ
1805 2327 1894 2374 καὶ

283 2421 460 2466 ταῦτα
500 2410 908 2486 διασεσάφηταιο
940 2410 1114 2484 δοχὴν
1163 2410 1221 2464 δὲ
1266 2413 1418 2483 λέγει,
1459 2417 1550 2470 τὴν
1594 2409 1890 2483 ὑποδοχὴν,

285 2508 390 2561 την
422 2503 679 2559 ἑστίασιν.

371 2687 468 2734 Καὶ
518 2681 805 2753 ἐγόγγυζον
860 2711 924 2721 -—
982 2686 1168 2732 πίνετε⁶
1211 2681 1344 2732 Ἐκιί
1391 2687 1479 2732 καὶ
1526 2686 1643 2754 περὶ
1699 2684 1892 2732 τούτων

289 2767 613 2829 διείληπται.

370 2864 470 2911 Καὶ
502 2858 796 2930 ἀποκριθεὶς
825 2887 895 2899 -
940 2860 1228 2929 μετάνοιαν.
1262 2857 1374 2910 Ἐτι
1420 2863 1508 2910 καὶ
1539 2862 1654 2930 περὶ
1703 2859 1892 2910 τούτων

280 2950 495 2998 πάντων
511 2991 523 3002 .

367 3038 430 3087 Οἱ
460 3032 518 3088 δὲ
546 3065 610 3076 —
641 3041 913 3103 πίνουσιν;
941 3035 1021 3088 Ἐν
1048 3035 1219 3108 ἒκεὶνῳ
1245 3043 1315 3088 τῶ
1346 3037 1602 3110 κεφαλαίῳ
1622 3041 1892 3089 καὶταῦτα

281 3131 653 3196 τετυχήκασιν
684 3125 840 3196 ἑξηγή
853 3145 1004 3187 σεως.

362 3212 420 3265 Ὀ
470 3211 529 3267 δὲ
580 3244 647 3256 -
695 3218 959 3273 νηστεύειν
990 3233 1003 3282 ;
1039 3215 1163 3268 Κατ’
1210 3214 1462 3289 ἐρώτησιν
1515 3215 1885 3287 ἀναγνωστέον.

287 3305 495 3377 εἴρηται
533 3299 592 3355 δὲ
627 3308 715 3355 καὶ
744 3310 860 3376 περὶ
890 3307 1075 3356 τούτου
1098 3303 1144 3355 ἐν
1176 3303 1370 3376 ἐκείνῳο
1405 3309 1460 3357 τὸ
1495 3303 1570 3376 δέ,
1606 3305 1652 3357 ἐν
1675 3306 1734 3374 ᾧ,
1778 3305 1889 3358 ἀντὶ

286 3401 403 3459 τοῦ,
429 3391 502 3464 ἐφ’
535 3395 681 3450 ὅσον,

362 3481 692 3536 Ἐλεύσονται
794 3513 862 3522 -
956 3485 1188 3558 ἡμέραις.

282 3573 502 3625 τούτων.

1278 3490 1490 3556 Ὁμοίως
1591 3489 1679 3536 καὶ
1771 3489 1888 3559 περὶ

358 3660 535 3732 Ἔλεγε
599 3692 666 3701 —
732 3669 930 3716 καινοῦ.
1007 3667 1106 3716 Καὶ
1163 3670 1328 3716 ταῦτα
1393 3663 1578 3716 ἐκεῖθεν
1645 3660 1887 3735 διαγινώ-

285 3769 470 3802 σκεται
513 3747 723 3825 ῥᾴδιον,
778 3751 854 3802 Οὐ
904 3752 1153 3823 σχίζεται
1185 3749 1244 3804 δι
1281 3756 1338 3805 τὸ
1383 3757 1576 3818 καινὸν,
1621 3752 1729 3805 ἀλλ’
1760 3754 1886 3810 αὐτὸ

278 3838 475 3912 μᾶλλον
531 3844 712 3912 σχίζει
767 3844 824 3892 τὸ
863 3840 1081 3892 παλαιὸν
1140 3841 1254 3914 (21)
1290 3842 1478 3896 Καινὸν
1519 3840 1577 3895 δὲ
1621 3842 1769 3914 lia/ct,
1829 3845 1886 3894 τὸ

280 3932 437 3984 Θέον.

360 4022 460 4070 Καὶ
490 4014 664 4080 οὐδεὶς
705 4049 770 4058 —-
817 4026 1215 4092 συντηροῦνται.
1262 4019 1527 4082 Ὠσαύτως
1582 4028 1671 4074 καὶ
1724 4030 1887 4076 ταῦτα

279 4106 399 4177 (22)
431 4109 618 4161 πάντα.

361 4201 461 4249 Καὶ
529 4193 700 4257 οὐδεὶς
773 4228 842 4236 —
908 4195 1066 4250 ἐστιν.
1137 4204 1415 4251 Λεὸκνυσιν
1485 4199 1728 4265 ἐντεῦθεν,
1816 4204 1883 4264 ὡς

278 4288 306 4338 ὁ
396 4293 453 4357 τῇ
548 4285 860 4344 παλαιότητι
950 4294 1042 4338 τοῦ
1124 4294 1282 4360 νόμου
1375 4292 1710 4353 συνεθισθεὶς,
1792 4292 1884 4344 οὐκ

279 4374 432 4434 εὐθὺς
486 4372 705 4427 δύναται
757 4382 850 4434 τὴν
897 4381 1182 4434 καινότητα
1244 4387 1335 4429 τοῦ
1401 4379 1718 4450 Εὐαγγελίου
1788 4380 1884 4453 βα-

2005 799 2123 868 via,
2155 817 2262 873 per
2299 820 2485 877 quam
2518 807 2874 878 ingressum.

2077 891 2234 947 Vers.
2300 899 2380 950 l9.
2439 895 2761 955 Conscenso
2807 900 3063 958 —Vers.
3124 903 3210 959 20.
3266 909 3382 961 tua.
3439 907 3500 962 1n
3558 907 3657 963 illo

2005 979 2185 1036 etiam
2213 983 2287 1039 de
2318 984 2412 1039 his
2443 985 2672 1043 dictum
2703 993 2811 1044 est.

2004 1069 2236 1213 11,νει-ιν».
2270 1074 2356 1128 21.
2383 1076 2817 1149 Caperuntque
2838 1109 2905 1122 —
2935 1081 3087 1138 Deus
3122 1080 3150 1137 Τ
3181 1082 3453 1141 Similiter
3496 1088 3554 1140 et
3585 1085 3657 1141 de

2050 1175 2117 1213 ιε.

2077 1251 2235 1306 Vers.
2282 1255 2370 1308 22.
2431 1253 2674 1328 Cognita
2726 1286 2795 1301 —-
2836 1260 2994 1315 Vers.
3055 1260 3145 1317 23.
3195 1262 3441 1321 ambula
3473 1261 3656 1320 ἳνΡωὶ

2007 1341 2184 1396 modo
2209 1346 2267 1396 et
2287 1342 2360 1398 de
2390 1344 2500 1401 his.

2076 1433 2234 1485 Vera.
2267 1435 2356 1488 24.
2407 1433 2480 1490 Ut
2527 1465 2594 1476 —
2616 1435 2780 1494 Vers.
2812 1441 2897 1494 26.
2927 1441 3132 1496 Deum.
3187 1441 3274 1498 lbi
3317 1442 3495 1498 etiam
3529 1443 3656 1499 haec

2003 1520 2208 1575 omnia
2229 1521 2540 1592 diligenter
2579 1526 2887 1584 enucleata
2916 1533 3065 1583 sunt.

2075 1607 2238 1664 Vers.
2294 1611 2381 1666 26.
2416 1612 2755 1686 Impletique
2785 1622 2925 1672 sunt
2955 1650 3021 1658 —
3049 1618 3233 1675 hodie.
3285 1620 3656 1677 Admiranda

2003 1698 2226 1770 quippe
2250 1700 2521 1756 timorem
2546 1704 3066 1762 solentimmittere
3098 1710 3512 1779 peccatoribus
3539 1727 3560 1766 .'
3581 1727 3655 1766 ne

1930 1791 1972 1846 Β
2004 1804 2118 1860 que
2158 1790 2342 1846 modo
2371 1793 2669 1862 patiantur
2694 1794 2919 1867 aliquid
2960 1797 3102 1852 mali
3143 1804 3384 1870 propter
3408 1808 3656 1872 peccata

2003 1893 2131 1934 sua.

2345 1971 2499 2026 CAP.
2537 1972 2666 2027 XIV.
2701 1973 2785 2030 De
2811 1974 2953 2030 Levi
2978 1975 3310 2044 publicano.

2073 2059 2231 2112 Vers.
2266 2063 2352 2114 27.
2385 2058 2466 2114 Et
2490 2067 2617 2131 post
2655 2092 2725 2102 -—
2779 2063 2938 2118 Vers.
2982 2065 3069 2119 28.
3122 2081 3272 2121 eum.
3312 2066 3538 2122 Dictum
3570 2072 3656 2124 est

2000 2147 2076 2202 de
2094 2147 2209 2203 hoc
2249 2148 2484 2204 decimo
2516 2155 2733 2222 quarto
2765 2153 2958 2224 capite
2990 2154 3291 2224 Evangelii
3320 2157 3654 2212 secundum

2001 2237 2369 2293 Matthteum.

2072 2327 2240 2384 Vers.
2280 2328 2366 2382 29.
2402 2328 2674 2400 Fecitque
2709 2360 2778 2371 —
2803 2331 2910 2402 qui
2936 2333 3376 2389 accumbebant.
3434 2334 3654 2389 Eodem

2001 2415 2192 2486 capite
2223 2415 2400 2471 etiam
2437 2418 2564 2472 haec
2618 2417 2994 2474 manifestata
3042 2428 3179 2475 sunt
3223 2427 3366 2492 Δοχή
3430 2430 3651 2488 autem,

2001 2505 2162 2575 quod
2183 2505 2276 2559 hic
2295 2507 2553 2576 ponitur,
2579 2506 2732 2561 idem
2753 2507 3048 2576 signiﬁcat
3071 2511 3256 2581 ,quod
3273 2508 3504 2582 ἐπιδοχὴ
3523 2512 3653 2583 (pp)

2002 2593 2091 2649 vel
2126 2592 2386 2658 ἑστίασις,
2422 2595 2772 2662 convivium,
2798 2598 3033 2666 epulum
3066 2599 3154 2653 vel
3184 2600 3523 2669 prandium.

2070 2681 2237 2736 Vers.
2273 2681 2361 2736 30.
2411 2684 2489 2737 Et
2520 2685 2979 2740 murmurabant
3008 2717 3076 2727 —
3108 2686 3300 2742 bibitis
3325 2688 3353 2744 ?
3379 2688 3459 2744 lbi
3493 2695 3548 2744 et
3576 2689 3650 2745 de

1999 2771 2091 2825 his
2121 2769 2493 2842 disputatum
2525 2776 2630 2829 est.

2069 2859 2237 2916 Vers.
2260 2860 2354 2920 31.
2393 2863 2472 2918 Et
2499 2863 2876 2933 respondens.
2909 2895 2978 2906 —
3003 2864 3164 2922 Vers.
3227 2866 3323 2925 32.
3354 2868 3648 2937 paeniten-

2001 2951 2161 3007 tiam.
2199 2951 2489 3008 Praetereo
2515 2957 2571 3010 et
2596 2953 2664 3008 de
2695 2953 2785 3008 his
2815 2955 3117 3011 omnibus.

2068 3042 2224 3096 Vers.
2253 3045 2346 3097 33.
2378 3041 2457 3097 At
2483 3043 2582 3098 illi
2614 3073 2683 3083 —
2724 3043 2929 3099 bibunt
2959 3044 2988 3100 Τ
3013 3045 3232 3102 Eodem
3279 3046 3474 3120 capite
3519 3047 3648 3104 hac

1924 3145 1964 3202 ο
1997 3131 2429 3187 enarrationem
2450 3133 2651 3188 sortita
2683 3137 2839 3188 sunt.

2067 3221 2233 3275 Vers.
2258 3223 2348 3278 34.
2379 3221 2490 3277 Ille
2519 3237 2658 3278 vero
2678 3253 2739 3262 —
2755 3224 3076 3292 jejunent?
3104 3224 3220 3281 Per
3239 3225 3650 3295 interrogatio-

1999 3323 2136 3364 nem
2153 3309 2267 3365 hoc
2291 3310 2614 3382 legendum
2644 3315 2748 3368 est.
2774 3311 3004 3368 Dictum
3031 3318 3116 3369 est
3139 3319 3339 3369 autem
3359 3319 3416 3370 et
3435 3314 3509 3369 de
3534 3314 3649 3370 hoc

2000 3398 2060 3453 in
2089 3398 2300 3454 eodem
2333 3399 2482 3456 loco.

2069 3488 2238 3546 Vers.
2278 3494 2364 3546 35.
2414 3489 2650 3546 Veniant
2672 3521 2744 3534 —
2769 3489 2991 3547 diebus.
3028 3491 3305 3549 Similiter
3337 3496 3395 3548 et
3423 3492 3497 3548 de
3531 3490 3644 3548 his.

2067 3667 2228 3724 Vers.
2260 3670 2346 3723 36.
2378 3667 2624 3724 Dicebat
2653 3698 2724 3709 —
2746 3683 2912 3725 novo.
2944 3669 3131 3726 Etiam
3158 3670 3284 3726 hac
3314 3669 3452 3726 inde
3479 3668 3646 3727 facile

1997 3763 2456 3826 cognoscuntur.
2499 3757 2732 3812 Novum
2781 3762 2979 3813 autem
3019 3773 3140 3815 non
3194 3758 3500 3828 scinditur,
3545 3759 3647 3815 sed

1995 3847 2197 3917 ipsum
2218 3846 2416 3918 potius
2447 3845 2663 3902 scindit
2683 3850 2871 3905 vetus.

2064 4026 2226 4079 Vers.
2259 4023 2347 4079 37.
2388 4023 2456 4079 Et
2494 4024 2699 4079 nullus
2739 4054 2800 4065 —
2837 4026 2995 4081 Vers.
3050 4024 3138 4081 38.
3198 4032 3644 4081 conservantur.

1993 4112 2270 4168 Similiter
2291 4117 2348 4168 et
2374 4112 2503 4168 hinc
2531 4113 2756 4170 omnia.

2063 4202 2227 4257 Vers.
2261 4201 2348 4256 39.
2377 4201 2451 4256 Et
2481 4216 2651 4258 nemo
2681 4232 2750 4244 —
2780 4208 2879 4258 est.
2914 4203 3184 4260 Ostendit
3228 4203 3381 4275 quod
3447 4201 3648 4258 nullus

1993 4290 2267 4348 vetustati
2279 4290 2426 4363 legis
2440 4295 2733 4358 assuetus,
2749 4292 2945 4365 statim
2972 4297 3164 4365 potest
3183 4291 3483 4365 Evangelii
3498 4291 3647 4349 ferre

1994 4381 2339 4436 novitatem.
2365 4381 2530 4435 Putat
2559 4382 2741 4447 enim,
2763 4381 2907 4437 illud
2938 4381 3149 4438 melius
3175 4397 3304 4438 esse
3334 4398 3402 4438 ac
3421 4381 3646 4452 utilius,

283 4465 517 4526 στάζειν.
576 4467 753 4517 Οῖεται
809 4467 909 4538 γὰρ
961 4471 1316 4540 χρηστότερον
1382 4466 1586 4532 ἐκεῖνον,
1645 4466 1738 4520 διὰ
1791 4475 1884 4529 τὴν

2033 4475 2238 4542 ropter
2266 4469 2766 4526 consuetudinem.

282 4555 583 4610 συνήθειαν.

359 4643 582 4713 Ἐγένετο
667 4673 735 4683 —
813 4648 1081 4716 σπορίμων
1117 4686 1128 4698 .
1168 4644 1442 4698 ’Σάϐϐατόν
1538 4647 1711 4710 ἁπλῶς
1785 4657 1882 4702 πᾶ-

284 4750 384 4783 σαν
422 4731 596 4804 ἑορτὴν
648 4731 993 4805 ὀνομάζουσιν
1048 4732 1298 4806 Ἑϐραῖοι,
1353 4733 1446 4788 διὰ
1495 4743 1589 4795 τὴν
1648 4737 1883 4791 ἀνάπαυ-

283 4836 388 4872 σιν·
443 4829 529 4872 νῦν
597 4819 656 4875 δε
709 4822 843 4893 λέγει
898 4827 988 4880 τὴν
1059 4823 1238 4896 ἑορτὴν
1286 4824 1398 4896 (23)
1465 4835 1563 4878 τῶν
1628 4828 1882 4901 Ἀζύμων,

279 4915 448 4963 Τοῦτο
495 4907 554 4963 δὲ
602 4914 660 4962 τὸ
715 4910 974 4965 Σάϐϐατόν
1033 4910 1260 4966 ἐκαλεῖτο
1332 4911 1767 4988 δευτερόπρωτον,
1824 4921 1887 4978 ὡς

2067 4648 2220 4705 CAP.
2247 4648 2337 4703 VI.
2381 4648 2546 4702 Vers.
2571 4647 2620 4700 1.
2651 4646 2896 4704 Factum
2924 4655 3004 4703 est
3034 4679 3101 4689 —
3131 4655 3279 4704 sata.
3318 4647 3649 4705 Sabbatum

1997 4737 2357 4810 simpliciter,
2387 4752 2565 4792 omne
2597 4735 2814 4791 festum
2849 4741 3068 4792 vocant
3126 4737 3364 4795 Hebraei
3407 4743 3650 4809 propter

1998 4828 2280 4900 requiem.
2338 4827 2507 4880 Nunc
2559 4829 2757 4880 autem
2815 4824 2956 4880 dicit
2997 4824 3211 4882 festum
3274 4832 3645 4899 Azymorum.

2000 4921 2118 4973 Hoc
2142 4917 2340 4988 itaque
2370 4914 2695 4971 Sabbatum
2718 4913 3049 4971 vocabatur
3066 4915 3330 4972 secundo
3361 4915 3644 4988 primum.

1517 5093 1741 5163 Variae
1765 5095 2097 5164 lectiones
2128 5105 2196 5165 et
2215 5104 2417 5165 notae.

352 5285 470 5357 (21)
511 5291 566 5357 7A
620 5289 796 5339 καινὸν
843 5287 920 5343 ad
968 5290 1075 5340 νέον
1124 5287 1340 5344 omittit
1379 5290 1719 5346 Hentenius.
1775 5291 1885 5347 Pro

277 5360 391 5411 νέον
425 5356 608 5413 habet
636 5358 876 5411 παλαιὸν.
912 5366 974 5413 Α.

356 5429 466 5500 (22)
508 5433 702 5496 Πάντα,
749 5430 936 5486 abest.
979 5432 1042 5484 Α.

356 5429 444 5500 (22
508 5433 702 5496 Πάντα,
749 5430 936 5486 abest.
979 5432 1042 5484 Α.

348 5428 466 5573 (23(
503 5502 769 5558 Deseruit
795 5517 938 5573 ergo
967 5502 1424 5574 explicationem
1455 5504 1880 5578 Chrysostomi.

1997 5296 2146 5349 tom.
2185 5291 2286 5372 V_I_.
2348 5307 2428 5372 p._
2458 5292 2550 5372 L31
2598 5292 2663 5372 D,
2692 5289 3071 5372 subitaneam
3101 5289 3645 5372 “subobscuram.

1993 5380 2181 5436 quam
2211 5362 2368 5420 Theo
2415 5363 2451 5418 h
2497 5362 2685 5420 lactus
2735 5380 2788 5434 p.
2842 5366 2964 5421 341.
3017 5365 3076 5418 Ε.
3123 5362 3355 5420 videtur
3383 5363 3650 5421 voluisse

1995 5435 2345 5490 exnrimere.
2371 5379 2514 5490 gige
2539 5435 2838 5490 Petavium
2867 5435 2926 5490 in
2952 5435 3108 5490 notis
3147 5434 3223 5490 ad
3257 5435 3650 5490 Epiphaniam

1995 5434 2345 5510 exprimere.
2371 5434 2514 5491 Vide
2539 5435 2838 5493 Petavium
2867 5435 2926 5493 in
2952 5435 3108 5494 notis
3147 5434 3223 5492 ad
3257 5435 3650 5510 Epiphaniam

1997 5522 2054 5582 p.
2091 5509 2152 5563 6t
2199 5521 2365 5583 seqq.

349 5705 472 5778 (pp)
506 5702 748 5765 επιδοκή.
781 5709 861 5762 lla
889 5707 1208 5764 Hentenius
1237 5707 1438 5764 edidit.
1483 5708 1600 5766 Sed
1627 5710 1884 5780 legendu

2033 5707 2285 5786 τοδοχήν.
