4170 6364
527 305 633 367 923

1850 306 2201 364 EU'l‘HYMII
2241 304 2574 370 ZIGABENI

3824 321 3975 378 924

533 435 823 504 tanquam
841 432 1169 489 secundum
1182 432 1427 505 quidem
1441 449 1477 490 a
1497 434 1745 491 Pascha.
1761 434 2025 507 primum
2053 448 2189 489 vero

2311 431 2539 513 ἓεύτερον
2582 445 2672 513 μεν
2715 452 2807 497 τοῦ
2862 447 3081 516 Πάσχα·
3141 453 3344 518 πρῶτον
3385 443 3447 500 δι
3498 455 3598 499 τῶν
3638 448 3967 520 unum».

527 520 606 576 ab
638 521 893 593 Azymis.
924 523 1060 578 Post
1096 521 1313 578 festum
1339 523 1499 579 enim
1534 524 1778 582 Paschae
1806 524 2021 580 festum
2050 524 2190 595 Azy-

531 627 767 667 morum
795 612 1180 683 peragebant,
1215 612 1377 684 quod
1402 614 1630 684 primus
1661 619 1787 670 erat
1817 619 2045 685 septem
2074 613 2192 668 die-

529 712 686 765 rum,
719 700 938 772 quibus
962 701 1358 758 vescebantur
1398 703 1639 772 azymis.

603 788 764 845 Vers.
804 793 849 845 1.
892 792 971 847 Et
1002 792 1299 849 vellebant
1328 823 1398 833 ——
1444 793 1730 849 manibus.
1782 794 1988 859 Quare
2043 791 2190 847 vice-

532 879 689 937 simo
711 883 902 955 capite
934 884 1239 953 Evangelii
1290 884 1625 940 secundum
1657 885 1997 941 Matthaaum
2023 898 2192 939 enar-

531 971 824 1027 rationem
845 973 998 1028 illius
1024 974 1162 1028 dicti
1190 993 1200 1031 :
1228 973 1295 1028 In
1314 974 1421 1029 illo
1439 978 1696 1042 tempore
1715 974 1841 1031 ibat
1855 976 2025 1030 Jesus
2047 972 2192 1030 Sab—

536 1058 688 1119 batis
723 1079 840 1135 per,
862 1070 1074 1133 segetes
1127 1063 1198 1120 ³⁸.
1269 1065 1398 1120 Non
1429 1068 1663 1135 oportet
1714 1069 1915 1121 autem
1947 1067 2191 1136 propter

535 1162 772 1228 tempus
819 1153 1112 1209 haesitare.
1157 1152 1303 1208 Cum
1327 1154 1485 1208 enim
1518 1152 1883 1209 calidissima
1909 1153 1983 1209 sit
2009 1151 2191 1210 Palae-

534 1245 703 1303 stinis
734 1243 922 1317 regio,
956 1242 1182 1298 fructus
1213 1242 1490 1314 producit
1527 1257 1848 1315 pracoces.

605 1423 769 1481 Vers.
796 1426 850 1479 2.
886 1421 1125 1489 Quidam
1150 1426 1347 1479 autem
1376 1452 1445 1463 —
1474 1421 1644 1477 Vers.
1669 1423 1723 1478 4.
1749 1422 2153 1479 sacerdotibus
2167 1438 2189 1487 ;

604 1514 829 1570 Eodem
861 1512 1053 1583 capite
1084 1513 1154 1567 de
1184 1511 1277 1567 his
1307 1510 1589 1567 omnibus
1619 1511 1902 1568 invenies.

604 1604 772 1660 Vers.
804 1604 860 1658 5.
905 1602 983 1657 Et
1034 1601 1354 1658 dicebat—
1383 1600 1654 1658 Sabbati.
1684 1601 1765 1657 lbi
1789 1606 1846 1657 et
1894 1601 2009 1658 hoc
2055 1604 2193 1673 post

531 1708 725 1768 pauca
760 1691 1028 1766 positum
1049 1695 1157 1747 est.

607 1784 758 1841 CAP.
788 1782 901 1837 XV.
927 1784 1005 1837 De
1022 1780 1274 1838 habente
1304 1780 1574 1838 dextram
1593 1796 1834 1837 manum
1856 1780 2113 1837 aridam.

606 1874 764 1928 Vers.
817 1874 873 1927 6.
913 1872 1155 1925 Factum
1212 1875 1296 1925 est
1342 1900 1412 1909 —
1443 1869 1605 1924 Vers.
1658 1871 1709 1923 7.
1752 1884 1905 1925 eum.
1955 1869 2033 1923 De
2072 1868 2188 1924 hoc

534 1962 762 2017 dictum
781 1965 866 2016 est
895 1959 1183 2016 vicesimo
1214 1958 1404 2029 primo
1430 1959 1624 2031 capite
1662 1958 1966 2028 Evangelii
2012 1958 2188 2030 juxta

535 2050 881 2106 Matthwum
897 2093 908 2104 .

606 2139 775 2194 Vers.
805 2137 858 2190 8.
884 2136 1013 2205 Ipse
1042 2167 1109 2176 --
1128 2134 1292 2191 Vers.
1327 2136 1413 2190 10.
1446 2136 1652 2192 altera.
1682 2135 1743 2191 ln
1765 2134 1977 2192 eodem
2007 2134 2187 2191 etiam

534 2228 610 2284 de
640 2227 734 2282 his
757 2225 1039 2281 omnibus
1070 2224 1377 2296 diligenter
1406 2224 1688 2279 diximus.
1723 2225 2001 2280 Animam
2046 2239 2187 2280 vero

535 2315 816 2387 intellige,
849 2312 1178 2379 hominem,
1212 2330 1247 2368 a
1272 2318 1437 2384 parte
1468 2312 1739 2369 videlicet
1761 2317 1976 2369 totum.

608 2408 767 2461 Vers.
792 2404 879 2460 11.
911 2404 985 2458 At
1016 2403 1111 2460 illi
1140 2434 1207 2443 —
1234 2402 1418 2459 Iesus.
1477 2402 1562 2459 lbi
1589 2418 1831 2475 quoque
1879 2403 1955 2457 de
1988 2402 2080 2458 his
2104 2402 2190 2459 di-

537 2498 701 2552 ctum
726 2499 814 2550 est
838 2493 897 2549 in
923 2493 1358 2549 enarrationem
1394 2491 1534 2549 dicti
1553 2492 1729 2559 illius,
1750 2492 2035 2549 Pharisai
2054 2507 2190 2549 vero

536 2589 835 2654 coeperunt
864 2583 1177 2640 concilium
1202 2582 1477 2639 adversus
1495 2598 1644 2639 eum.

574 2673 750 2733 CAP.
796 2673 941 2729 XVI.
982 2673 1065 2729 De
1093 2668 1375 2729 electione
1402 2672 1689 2729 duodecin
1724 2673 2152 2742 apostolorum.

608 2766 768 2817 Vers.
806 2763 885 2816 12.
930 2763 1176 2818 Factum
1220 2768 1300 2816 est
1331 2792 1398 2801 —
1442 2764 1607 2817 Vers.
1665 2763 1749 2818 13.
1796 2777 1930 2818 suos
1986 2764 2192 2827 Quaere

537 2851 950 2921 in.Evangelio
974 2850 1142 2921 juxta
1157 2851 1419 2906 Marcum
1446 2852 1886 2906 enarrationem
1919 2852 2191 2924 principii

538 2940 729 2998 octavi
761 2940 990 3012 capitis,
1021 2938 1121 2994 ubi
1153 2945 1209 2995 et
1237 2940 1364 2995 haec
1396 2938 1638 3012 pulchre
1659 2955 1729 2996 ac
1756 2941 2053 2996 succincte
2092 2942 2190 2997 ha-

537 3031 771 3089 bentur.

2300 530 2444 580 Μετὰ
2488 534 2588 605 γὰρ
2634 537 2728 591 τὴν
2787 534 2966 609 ἑορτὴν
3010 542 3100 586 τοῦ
3154 537 3374 607 Πάσχα,
3428 541 3522 595 τὴν
3574 538 3773 609 ἑορτὴν
3836 548 3971 589 τῶν

2299 616 2541 690 Ἀζυμων
2581 620 2862 691 ἐπετέλουν,
2906 626 3018 685 ἣτις
3076 620 3136 682 ἦν
3162 631 3342 699 πρώτη
3372 634 3475 678 τῶν
3504 626 3636 679 ἐπτὰ
3679 629 3965 702 ἡμερῶν,

2300 702 2347 756 ἓν
2378 708 2459 767 αἷς
2490 709 2735 767 ὴσθίοντο
2762 716 2822 763 τὰ
2849 713 3047 785 οἰζυμα.

2373 802 2472 849 Καὶ
2524 799 2713 852 ἔτιλλον
2760 833 2817 841 -
2881 807 3058 877 χερσί.
3111 808 3352 860 Ζήτησον
3413 804 3464 856 ἐν
3545 813 3613 876 τῷ
3684 805 3962 877 εἰκοστῷ

2299 885 2556 957 κεφαλαίῳ
2610 897 2700 942 τοῦ
2756 895 2893 943 κατὰ
2961 894 3228 944 Ματθαῖον
3281 898 3374 951 τὴν
3456 892 3711 965 ἐξήγησιν
3811 903 3953 947 τοῦ·

2298 972 2378 1026 Ἐν
2455 974 2625 1048 ἐκείνῳ
2706 987 2776 1049 τῷ
2856 989 3020 1054 καιρῷ
3079 980 3329 1055 ἐπορεύθη
3408 983 3433 1034 ὁ
3508 983 3725 1045 Ἰησοῦς
3818 992 3957 1046 τοῖς

2298 1062 2531 1117 Σάϐϐασι
2560 1063 2655 1119 διὰ
2705 1076 2805 1120 τῶν
2865 1074 3152 1145 σπορίμων.
3204 1075 3319 1144 Χρὴ
3373 1067 3431 1125 δε
3475 1074 3603 1144 περὶ.¹
3643 1080 3744 1124 τοῦ
3810 1092 3954 1126 και-

2295 1162 2389 1226 ροῦ
2428 1159 2500 1227 μὴ
2557 1154 2909 1230 ἀμφιϐάλλειν.
2977 1165 3308 1234 Θερμότατος
3366 1164 3470 1236 γὰρ
3529 1163 3595 1213 ὢν
3654 1165 3679 1215 ὁ
3760 1167 3953 1224 τόπος

2296 1252 2390 1306 τῆς
2479 1246 2582 1299 Ila)
2592 1252 2854 1313 αιστίνης,
2940 1253 3208 1324 πρωῖμους

2297 1352 2396 1385 που
2406 1355 2447 1396 ς,

3305 1246 3505 1304 δίδωσι
3583 1255 3705 1316 τοὺς
3785 1272 3951 1326 χαρ-

2367 1426 2505 1483 Τινὲς
2536 1420 2595 1477 δε
2623 1455 2692 1466 --
2725 1427 2874 1501 ἱερεῖς
2905 1445 2917 1456 ·
2955 1428 3041 1483 Ἑν
3061 1427 3233 1501 ἐκείνῳ
3264 1438 3335 1501 τῷ
3372 1429 3627 1502 κεφαλαίῳ
3656 1435 3757 1484 καὶ
3806 1439 3948 1506 περὶ

2297 1514 2490 1563 τούτων
2525 1515 2724 1566 πάντων
2756 1516 3017 1588 εὑρήσεις.

2374 1607 2471 1654 Καὶ
2500 1601 2661 1675 E2373»
2687 1636 2753 1645 —-
2786 1605 3072 1663 Σαϐϐάτου.
3124 1606 3263 1659 Ἐκεῖ
3303 1608 3414 1680 μετ’
3443 1607 3595 1681 ὀλίγα
3632 1615 3728 1662 καὶ
3752 1618 3940 1664 τοῦτο

2298 1709 2482 1745 κειται.
2611 1722 2615 1726 ’
3134 1756 3148 1767 Ξ

2428 1787 2571 1836 ΚΕΦ.
2602 1782 2701 1841 ΙΕ’.
2742 1790 2867 1858 Περὶ
2896 1793 2988 1838 τοῦ
3020 1785 3180 1861 ξηρὰν
3211 1788 3425 1857 ἔχοντος
3454 1792 3547 1845 τὴν
3576 1795 3767 1860 χεῖρα.

2369 1870 2589 1942 Ἐγένετο
2670 1904 2736 1915 —~
2808 1874 2984 1927 αὐτοῦ.
3063 1878 3282 1949 Εἴρηται
3360 1882 3446 1929 καὶ
3525 1882 3643 1949 περὶ
3721 1881 3932 1931 τούτου

2298 1957 2345 2010 ἑν
2392 1968 2463 2029 τῷ
2535 1961 2755 2033 εἰκοστῷ
2810 1970 2999 2039 πρώτῳ
3079 1964 3333 2037 κεφαλαίῳ
3407 1972 3498 2017 τοῦ
3569 1969 3710 2019 κατὰ
3768 1974 3932 2021 Ματ-

2300 2050 2461 2101 θαίον.

2370 2138 2534 2202 Αὐτὸς
2569 2168 2629 2180 νεα
2662 2142 2690 2199 ἠ
2725 2141 2872 2200 ἄλλη.
2904 2142 2984 2195 Ἐν
3011 2140 3183 2214 ἐκείνῳ
3214 2146 3302 2195 καὶ
3326 2148 3444 2218 περὶ
3468 2147 3667 2197 τούτων
3703 2147 3928 2199 πάντων

2298 2226 2525 2300 ἀκριϐῶς
2548 2229 2840 2303 εἰρήκαμεν·
2864 2236 3051 2303 ψυχὴν
3078 2228 3136 2284 δὲ
3157 2238 3260 2284 νόει
3282 2235 3368 2284 τὸν
3387 2232 3797 2306 ἄνθρωπονρπὸ

2298 2336 2435 2391 ρους,
2464 2318 2576 2370 ὅλον
2593 2362 2605 2374 .

2373 2409 2530 2460 Αὐτοὶ
2574 2406 2633 2461 δε
2662 2439 2730 2448 -
2761 2407 2959 2466 Ἰησοῦ.
2996 2411 3137 2462 Ἐκεῖ
3164 2415 3255 2463 καὶ
3300 2416 3421 2485 περὶ
3456 2414 3659 2464 τούτων
3686 2411 3919 2488 ἐρρήθη,

2299 2494 2346 2547 ἓν
2378 2504 2437 2568 τῇ
2480 2496 2721 2569 ἐξηγήσει
2745 2506 2853 2551 τοῦ·
2885 2502 2950 2551 Oi
2980 2495 3034 2552 3's
3065 2506 3343 2575 Φαρισαῖοι
3377 2499 3698 2574 συμϐούλιον
3727 2502 3919 2556 ἔλαϐον

2298 2585 2413 2637 κατ’
2446 2586 2625 2640 αὐτοῦ.

2468 2677 2614 2730 ΚΕΦ.
2649 2673 2738 2736 Ιζ.
2773 2682 2895 2749 Περὶ
2924 2684 3015 2738 τῆς
3043 2685 3144 2730 τῶν
3171 2677 3473 2731 ἀποστόλων
3500 2677 3735 2751 ἐκλογῆς.

2374 2762 2599 2834 Ἐγένετο
2657 2796 2722 2803 -
2772 2765 2950 2819 αὐτοῦ.
2989 2771 3227 2825 Ζήτησον
3265 2765 3312 2818 ἓν
3376 2777 3448 2838 τῷ
3507 2772 3642 2821 κατὰ
3687 2771 3903 2841 Maipr

2302 2857 2396 2911 τὴν
2427 2852 2675 2923 ἐξήγησιν
2726 2854 2840 2923 (24ὶ
2889 2862 2985 2917 τῆς
3015 2854 3189 2928 ἀρχῆς
3236 2864 3331 2909 τοῦ
3379 2854 3579 2928 ὀγδόου
3628 2857 3888 2929 κεφαλαίου

2306 2942 2469 3004 καλῶς
2499 2962 2552 2994 τε
2571 2948 2661 2994 καὶ
2692 2942 2962 3005 unum;
2988 2947 3237 3016 ἔχουσαν.

613 3121 772 3176 Vers.
801 3120 884 3175 13.
921 3120 993 3175 Et
1034 3119 1209 3190 elegit
1238 3149 1306 3161 -
1338 3120 1496 3175 Vers.
1529 3121 1612 3175 16.
1644 3118 1933 3187 proditor.
1964 3119 2189 3175 Decimo

2379 3126 2479 3175 Καὶ
2536 3119 2862 3193 ἐκλεξάμενος
2913 3153 2978 3162 -
3039 3118 3322 3195 προδότης.
3382 3124 3467 3179 Ἐν
3522 3132 3596 3195 τῷ
3650 3123 3911 3177 ἰννεακαι-

538 3226 703 3267 nono
715 3209 909 3282 capite
921 3208 1221 3280 Evangelii
1235 3209 1563 3265 secundum
1578 3208 1919 3265 Matthaaum
1932 3209 2197 3265 invenies

539 3298 614 3355 de
626 3298 834 3355 ordine
848 3299 1064 3355 horum
1078 3300 1392 3355 nominum
1407 3297 1926 3370 apostolorum,ubi
1940 3297 2194 3353 dicetur:

537 3388 837 3445 Duodecin
876 3396 1065 3446 autem
1100 3389 1493 3459 apostolorum
1540 3387 1774 3444 nomina
1813 3396 1951 3445 sunt
1984 3389 2125 3446 haec.

611 3567 771 3623 Vers.
797 3569 881 3623 t7.
917 3568 1176 3640 Cumque
1194 3565 1561 3624 descendisset
1586 3598 1656 3607 —
1676 3566 1838 3623 Vers.
1876 3571 1961 3623 19.
1989 3580 2196 3624 omnes.

540 3656 738 3713 Virtus
759 3657 838 3713 ab
868 3657 968 3714 illo
997 3657 1415 3730 egrediebatur
1443 3656 1664 3724 divina,
1696 3672 1922 3714 sanans
1943 3657 2200 3730 illosqui

540 3745 636 3802 vel
668 3746 997 3817 tetigissent
1025 3748 1219 3819 ipsum
1235 3792 1248 3804 .

900 3837 1061 3895 CAP.
1095 3838 1250 3892 XVII.
1281 3840 1360 3893 De
1388 3836 1842 3894 beatitudinibus

612 3925 774 3981 Vers.
807 3928 895 3983 20.
946 3927 1017 3982 Et
1050 3928 1171 3997 ipse
1209 3956 1274 3966 —
1306 3941 1554 3996 regnum
1593 3927 1715 3981 Dec.
1752 3924 1895 3981 Aliae
1927 3931 2067 3982 sunt
2105 3926 2196 3983 hae

538 4014 941 4072 beatitudines
956 4015 1032 4070 ab
1050 4015 1305 4086 his,quw
1323 4030 1508 4085 supra
1530 4015 1759 4085 scriptae
1775 4020 1914 4069 sunt
1927 4014 1985 4070 in
2010 4017 2198 4070 Evan-

541 4104 695 4174 gelio
722 4107 893 4177 juxta
922 4105 1280 4160 Matthaaum.
1314 4102 1449 4157 Illas
1482 4102 1778 4174 siquidem
1809 4102 1975 4167 dixit,
2006 4103 2107 4159 ubi
2134 4105 2194 4160 in

541 4197 805 4250 montem
866 4192 1307 4248 conscendisset
1337 4207 1406 4247 ac
1452 4190 1776 4248 resedisset
1827 4191 1989 4262 ;has
2034 4207 2192 4259 vero,

541 4298 681 4338 cum
700 4282 1127 4347 descendisset,
1162 4280 1543 4353 stetissetque
1582 4280 1643 4336 in
1673 4280 1805 4336 loco
1852 4282 2193 4353 campestri.

544 4374 608 4428 Et
636 4370 718 4426 ibi
734 4370 983 4443 quidem
1002 4385 1292 4442 pauperes
1306 4369 1537 4441 spiritu,
1556 4369 1675 4425 sive
1694 4370 1899 4427 animo
1914 4371 2192 4437 humiles,

2309 3209 2510 3282 δεκάτῳ
2557 3210 2815 3283 κεφαλαίῳ
2843 3218 2936 3263 τοῦ
2992 3215 3124 3265 κατὰ
3179 3215 3444 3266 Mareotis»
3500 3215 3738 3289 εὑρήσεις
3790 3232 3913 3287 περι

2307 3310 2403 3363 τῆς
2427 3300 2617 3363 τάξεως
2666 3309 2762 3352 τῶν
2802 3298 3158 3354 ἁποστολικῶν
3205 3306 3399 3355 τούτων
3457 3302 3739 3375 ὀνομάτων,
3791 3306 3915 3355 ἔνθα

2308 3398 2476 3443 κεῖται
2505 3394 2587 3441 τό·
2627 3396 2735 3442 Τῶν
2767 3386 2825 3443 δὲ
2853 3386 3064 3443 δώδεκα
3092 3390 3395 3445 ἁποστολων
3425 3394 3491 3445 τὰ
3520 3391 3753 3464 ὀνόματα
3799 3391 3910 3445 ἔστι

2309 3486 2495 3533 ταῦτα.

3748 3569 3907 3624 αὐτοῦ

3588 3659 3878 3733 ἁπτομένου
3889 3680 3911 3721 ς

2385 3573 2485 3622 Καὶ
2551 3568 2778 3630 καταϐὰς
2855 3598 2922 3610 --
2983 3572 3199 3632 πάντας.

2310 3657 2559 3731 ἐξήρχετο
2643 3660 2772 3725 θεία,
2848 3658 3034 3731 ἰωμένη
3118 3663 3240 3722 τοὺς

2310 3747 2496 3805 αὐτοῦ,

3284 3572 3504 3641 Δύναμις
3574 3569 3663 3623 ἀπ’

3337 3664 3488 3731 μόνον

2624 3844 2767 3903 ΚΕΦ,
2791 3836 2889 3891 ΙΖ’.
2934 3841 3059 3911 Περὶ
3087 3845 3187 3889 τῶν
3213 3845 3585 3912 μακαρισμῶν.

2382 3932 2481 3981 Καὶ
2529 3927 2685 3989 αὐτὸς
2730 3958 2799 3967 -
2855 3928 2885 3985 ἠ
2948 3925 3195 3999 βασιλεία
3244 3935 3333 3979 τοῦ
3390 3934 3545 3982 Θεοῦ.
3598 3928 3799 4002 Ἐτεροί
3839 3930 3908 3982 ei-

2310 4037 2391 4071 σιν
2440 4020 2489 4071 οἱ
2549 4021 2877 4089 μακαρισμοὶ
2932 4016 3095 4081 οὗτοι,
3144 4018 3288 4091 παρὰ
3339 4020 3459 4077 τοὺς
3511 4015 3902 4093 ἀναγηραμμέο

2306 4127 2423 4169 νους
2462 4106 2508 4158 ἐν
2550 4114 2620 4177 τῷ
2655 4110 2789 4158 κατὰ
2832 4107 3118 4159 Ματθαῖον.
3149 4105 3399 4167 Ἐκείνους
3429 4109 3520 4179 μὶν
3563 4111 3689 4179 γὰρ,
3723 4107 3905 4169 ἀναϐὰς

2307 4198 2376 4259 εἰς
2416 4201 2473 4248 τὸ
2498 4202 2614 4271 ὅρος
2647 4200 2735 4248 καὶ
2790 4197 3017 4257 καθίσας
3043 4198 3217 4270 εἴρηκε
3258 4214 3271 4227 ·
3302 4198 3516 4256 τούτους
3574 4192 3634 4248 δε
3678 4195 3902 4257 καταϐὰς

2305 4291 2394 4338 καὶ
2419 4290 2546 4347 στας
2571 4284 2654 4337 ἐπὶ
2686 4290 2846 4337 τόπου
2876 4281 3108 4337 πεδινοῦ·
3144 4283 3293 4337 κάκεῖ
3307 4287 3397 4356 μεν
3419 4289 3541 4347 τοὺς
3559 4289 3809 4357 πτωχοὺς
3835 4294 3901 4355 τῷ

2306 4378 2559 4447 πνεύματι
2589 4374 2919 4448 ἐμακάρισεν,
2948 4378 3085 4447 ἦτοι,
3106 4377 3223 4434 τοὺς
3246 4378 3664 4446 ταπεινόφρονας·
3689 4373 3899 4426 ἐνταῦθα

541 4460 740 4517 beatos
769 4459 958 4525 dixit;
986 4460 1082 4515 hic
1123 4463 1321 4516 autem
1358 4458 1706 4531 simpliciter
1734 4475 2051 4531 pauperes,
2093 4477 2189 4518 eos

2311 4461 2365 4517 δὲ
2404 4469 2521 4526 τους
2567 4468 2815 4534 πτωχοὺς
2845 4463 3037 4529 ἁπλῶς,
3089 4467 3270 4535 ἤγουν,
3323 4468 3437 4524 τοὺς
3484 4462 3892 4536 ἀφιλοπλούτους,

540 4548 835 4623 videlicet,
860 4551 961 4622 qui
999 4549 1341 4605 divitiarum
1380 4564 1575 4605 amore
1608 4564 1725 4605 non
1772 4555 2063 4618 tenentur,
2094 4566 2195 4607 eos

541 4639 644 4714 qui
674 4638 1004 4697 voluntarie
1046 4654 1333 4711 pauperes
1363 4643 1515 4695 sunt.

612 4729 774 4786 Vers.
808 4730 895 4786 21.
927 4729 1092 4787 Beati
1122 4759 1189 4769 —
1237 4727 1678 4785 saturabimini.
1739 4728 2002 4786 Similiter
2048 4744 2188 4801 quo-

541 4835 659 4893 que
712 4818 1037 4875 esurientes
1086 4834 1156 4874 ac
1200 4817 1463 4874 sitientes
1496 4817 1787 4887 justitiam
1820 4817 2191 4886 beatiﬁcavit,

543 4908 668 4965 sive
702 4907 996 4980 justitiam
1029 4906 1409 4963 vehementer
1439 4910 1790 4977 appetentes
1823 4922 1836 4961 :
1871 4906 1963 4965 hic
1992 4913 2195 4965 autem

541 4996 888 5069 simpliciter
916 4996 1260 5062 esurientes,
1294 5011 1393 5051 eos
1416 4995 1705 5060 videlicet,
1735 4996 1838 5068 qui
1863 4997 2196 5056 voluntaria

541 5086 809 5143 esuriunt
825 5089 1194 5157 paupertate,
1220 5090 1511 5157 gratoque
1534 5085 1826 5141 sustinent
1843 5086 2068 5155 animo,
2090 5087 2195 5161 qui

542 5176 776 5231 aeternis
804 5174 1226 5231 saturabuntur
1255 5174 1509 5231 deliciis.

614 5389 662 5425 ¹³
687 5387 896 5447 Matth.
925 5403 1029 5455 ιιι,
1072 5390 1159 5445 14.
1237 5389 1285 5425 ³⁸
1316 5387 1514 5447 Matth.
1541 5404 1595 5456 ι,
1618 5393 1672 5445 2.

2304 4557 2391 4605 τοὺ
2403 4573 2422 4614 ς
2452 4552 2700 4612 ἑκουσίως
2728 4571 2911 4623 πτωχο
2924 4555 2943 4601 J
2955 4573 2992 4613 ς.

2376 4732 2639 4801 Μακάριοι
2715 4759 2785 4770 --
2841 4729 3299 4803 χορτασθήσεσθε.
3368 4729 3590 4799 Ὁμοίως
3655 4724 3753 4777 ἐκεῖ
3806 4727 3883 4796 μεν

2304 4826 2424 4882 τους
2462 4830 2738 4878 πεινῶντας
2785 4823 2874 4870 καὶ
2921 4815 3186 4887 διψῶντας
3240 4820 3333 4875 τήν
3390 4814 3732 4872 δικαιοσύνην
3782 4812 3887 4887 ἆμαρ

2304 4913 2536 4981 κάρισεν,
2592 4912 2727 4978 ἤτοι9
2795 4911 2917 4969 τοὺς
2986 4903 3225 4981 σφοδρῶς
3283 4905 3617 4978 ὀρεγομένους
3672 4913 3763 4965 τῆς
3821 4901 3894 4957 δι·

2305 5001 2553 5056 καιοσύνη
2566 5017 2587 5059 ς
2691 4995 2911 5049 ἐνταῦθα
2994 4992 3052 5048 δε

2306 5092 2466 5161 ἤγουν
2498 5091 2621 5149 τοὺς
2646 5093 2924 5147 πεινῶντας
2953 5085 3067 5156 (25)
3118 5080 3190 5137 δι’
3222 5083 3458 5136 ἑκούσιον
3500 5088 3788 5155 πτωχείαν,
3822 5086 3899 5134 καὶ

2307 5179 2652 5249 ὑπομένοντας
2699 5173 3050 5247 εὐχαρίστως,
3102 5171 3151 5225 οἱ
3193 5173 3656 5245 χορτασθήσονται
3716 5179 3900 5245 τρυφῆς

2307 5266 2539 5320 αἰωνίου.

3148 4999 3266 5058 τοὺς
3348 5003 3629 5055 πεινῶντας
3720 4993 3894 5059 ἁπλῶς,

1787 5541 2012 5611 Varias
2042 5543 2371 5613 lectiones
2393 5551 2460 5612 et
2490 5548 2690 5609 notae.

616 5710 734 5783 (24)
764 5715 873 5772 Τῆς
902 5711 1076 5784 ἀρχῆς
1104 5707 1266 5765 abest
1293 5711 1360 5764 Α.

2382 5711 2501 5786 (νε)
2539 5707 2614 5765 Δι’
2631 5708 2869 5768 omittit.
2892 5711 2973 5766 Α.
