4170 6364
198 334 346 392 925

304 463 591 535 hrIaxu'ptOL
630 491 690 499 —-
743 460 1006 530 γελάσετε.
1061 462 1124 512 Οἱ
1172 459 1451 523 κλαίοντες,
1503 458 1608 528 οὐχ
1660 455 1851 514 ἁπλῶς.
1891 451 1936 506 Α

212 550 356 603 ἀλλ’
389 552 419 610 ἢ
452 550 532 603 ἐπὶ
554 558 661 611 τοῖς
688 550 882 601 ἑαυτῶν
913 549 1308 623 ἁμαρτήμασιν,
1345 551 1370 608 ἦ
1423 548 1506 600 ἐπὶ
1532 554 1644 609 ταῖς
1678 546 1853 620 ἐτέρων

207 643 646 708 κακοπαθείαις,
689 646 779 691 καὶ
808 638 1078 692 συνελόντα
1110 639 1287 703 εἰπεῖν,
1341 641 1388 690 οἱ
1423 639 1680 698 κλαίοντες
1720 637 1856 687 κατά

208 734 402 796 Θεὸν,
437 732 485 782 οἱ
509 729 798 801 γελάσονσι
823 731 958 780 κατὰ
980 733 1064 780 τὸν
1087 728 1332 799 μελλοντα
1363 729 1540 791 αἰῶνα,
1566 731 1850 785 τουτέστιν,

207 822 699 895 ευφρανθὴσονται
720 817 1362 891 πνευματικῶς.Σύμϐολον
1388 820 1488 889 γὰρ
1512 817 1850 889 εὐφροσύνης,

215 911 248 961 ὁ
281 911 488 981 γέλως.

305 1001 588 1072 Ἐνιακοὲριοι
610 1028 675 1038 --
702 995 994 1071 ἀνθρώπου.
1023 1002 1184 1049 "Orant
1216 999 1279 1048 τὰ
1297 995 1538 1068 ἐίρημένα
1560 1000 1852 1052 ποιήσωσιν

214 1089 395 1159 ὑμῖν,
429 1093 498 1160 μὴ
530 1084 622 1140 διά
657 1107 774 1139 τινα
804 1091 988 1138 κακίαν
1015 1087 1177 1159 ὑμῶν,
1233 1085 1338 1137 ἀλλ’
1379 1087 1538 1138 ἕνεκεν
1583 1088 1726 1158 ἐμοῦ,
1762 1081 1855 1136 διὰ

219 1181 297 1230 τὸ
350 1175 485 1231 εἶναι
507 1178 641 1250 ὑμᾶς
672 1179 845 1249 ἐμούς.

315 1359 538 1430 Χάρητι
597 1386 662 1397 -
720 1355 938 1428 οὐρανῷ.
983 1355 1399 1426 Ἀγαλλιάσθητι
1457 1356 1566 1424 (26)
1623 1373 1855 1421 πνευμα-

218 1454 429 1507 τικῶς.

303 1537 466 1586 Κατά
497 1564 561 1574 -
594 1533 780 1585 αὐτῶν.
816 1533 966 1587 Κατά
985 1535 1052 1584 τά
1078 1533 1320 1606 ῥηθέντα,
1345 1537 1605 1595 τουτέστι,
1639 1539 1852 1604 μισοῦν-

221 1643 324 1684 τες
364 1629 454 1676 καὶ
479 1622 828 1697 ἀφορίζοντες,
873 1626 1008 1685 ἤτοι,
1065 1623 1378 1693 χωρίζοντες
1405 1622 1617 1684 ἑαυτῶν,
1661 1627 1749 1672 καὶ
1789 1625 1852 1672 re

225 1713 386 1776 ἑξῆς.
429 1716 496 1765 Οἱ
524 1717 734 1787 πατέρες
763 1709 820 1764 δέ
843 1712 1032 1780 αὐτῶν,
1069 1709 1276 1770 δηλαδὴ
1302 1722 1400 1764 τῶν
1427 1712 1706 1784 μελλόντων
1730 1713 1849 1782 ὑμῖν

221 1811 418 1854 ταῦτα
444 1810 666 1860 ποιῆσαι
696 1797 984 1854 Ἰουδαίων.

318 1981 466 2040 Πλὴν
497 2013 562 2022 -
593 1982 754 2052 ὑμῶν.
800 1985 1114 2054 Μακαρίσας
1140 1984 1256 2040 τοὺς
1288 1983 1558 2051 πτωχοὺς,
1610 1986 1698 2032 καὶ
1735 1985 1849 2040 τοὺς

231 2079 556 2136 πεινῶντας,
588 2075 677 2122 καὶ
708 2075 822 2130 τους
853 2069 1141 2139 κλαίοντας,
1188 2076 1276 2122 καὶ
1308 2075 1428 2131 τοὺς
1480 2075 1848 2142 μισουμένους,

229 2164 340 2212 καὶ
395 2159 818 2234 ἀφοριζομένους,
875 2165 963 2211 καὶ
1019 2156 1431 2230 ὀνειδιζομένους
1460 2165 1547 2211 καὶ
1581 2156 1850 2231 λοιὸορουυ

235 2253 440 2321 μένους
470 2245 543 2301 δι’
581 2250 753 2313 αὐτὸν,
788 2250 965 2300 λοιπὸν
996 2249 1259 2310 ταλανιζει
1286 2254 1407 2309 τούς
1439 2248 1674 2309 ἐναντίως
1703 2250 1851 2319 ἔχον-

234 2358 365 2404 τας,
419 2340 500 2390 ἱνα
557 2335 650 2390 διὰ
705 2342 794 2410 μὲν
835 2346 924 2390 τοῦ
986 2347 1322 2412 μακαρισμοῦ
1388 2337 1653 2412 προτρέῲῃ
1724 2339 1854 2407 πρὸς

1626 2426 1679 2477 ἐκ
1737 2426 1851 2495 (27)

237 2519 449 2569 τούτων
496 2516 818 2579 ’πλουσίους
875 2513 934 2570 6';
991 2517 1103 2586 (28)
1148 2525 1234 2567 νῦν
1286 2516 1440 2586 λέγει,
1492 2519 1609 2576 τούς
1664 2514 1848 2586 ἀμετα-

237 2425 442 2495 ἐκεῖνα,
492 2424 583 2480 διὰ
639 2425 696 2480 δὲ
765 2435 854 2479 τοῦ
906 2427 1228 2499 ταλανισμού
1285 2427 1552 2501 ἀποτρέ-ψῃ

243 2603 470 2670 δότους,
533 2611 650 2666 τοὺς
699 2612 1110 2679 πίνοστετηκότας
1147 2615 1217 2675 τῷ
1256 2605 1481 2674 πλούτῳ,
1517 2608 1638 2664 τοὺς
1681 2613 1853 2664 κακῶς

239 2695 625 2757 πλουτοῦντας.
691 2697 940 2765 Ἀπέχετε
1029 2691 1106 2756 δὲ,
1178 2693 1290 2745 ἀντὶ
1357 2701 1467 2756 τον,
1526 2693 1852 2744 Ἀπέντεῡθεν

240 2786 419 2856 ἔχετε.

324 2873 463 2924 Οὐαὶ
488 2901 554 2912 -
586 2873 946 2924 πεινάσετε.οἰ
971 2874 1494 2944 κεκορεσμένοι,κατὰ
1515 2873 1601 2922 τὸν
1622 2875 1854 2942 παρόντα

236 2958 400 3030 βίον,
429 2961 508 3011 ὅτι
533 2961 820 3027 πεινάσετε,
848 2963 984 3012 κατὰ
1027 2965 1111 3012 τὸν
1163 2959 1428 3032 μέλλοντα,
1461 2956 1727 3032 μηδεμιᾶς
1753 2957 1854 3012 ἐκεῖ

233 3054 583 3122 παρηγορίας
614 3047 974 3110 ἀπολαύοντες.

329 3136 460 3189 Οὐαὶ
490 3167 554 3177 -
585 3136 850 3190 κλαύσετε.
887 3139 951 3189 Οἱ
979 3137 1216 3209 γελῶντες
1265 3145 1352 3190 νυν
1408 3136 1728 3202 ἀκολάστως,
1773 3139 1853 3189 ὅτι

244 3225 503 3278 κλαύσετε
535 3231 669 3288 τότε,
699 3225 1052 3298 κολαζόμενοι.
1104 3230 1399 3294 Ἐπίτασις,
1430 3224 1488 3280 δὲ
1518 3235 1608 3278 τοῦ
1638 3228 1852 3288 πένθους

244 3317 272 3367 ὁ
303 3314 585 3388 κλαυθμός.
614 3314 680 3368 Ἦ
706 3317 883 3378 πένθος
903 3320 1010 3388 μὲν,
1030 3319 1055 3368 ὁ
1081 3317 1448 3388 καθ’ἠσυχίαν
1477 3320 1676 3391 θρῆνος
1701 3317 1854 3368 κλαυ-

249 3408 386 3477 θμὸς
415 3401 494 3470 δὲ,
528 3406 553 3456 ὁ
584 3403 918 3468 ἐξάκουστος.

326 3496 460 3547 Οὐαὶ
491 3525 556 3534 -
579 3495 860 3566 ἄνθρωποι.
893 3499 1098 3557 Κακοὺς
1129 3499 1297 3556 ὄντας.
1328 3495 1463 3548 Οὐαὶ
1493 3499 1632 3567 ὑμῖν,
1669 3500 1846 3566 φησὶν,

247 3586 371 3636 ὅταν
426 3584 801 3656 εύφημήσωσιν
859 3585 1010 3656 ὑμᾶς,
1051 3587 1120 3645 ὡς
1177 3583 1487 3658 ἀρέσκοντας
1541 3584 1712 3644 αὐτοῖς
1764 3590 1852 3638 καὶ

245 3673 309 3725 οὐ
385 3681 458 3742 τῲ
543 3681 677 3742 Θεῷ.
753 3672 951 3747 Ὠσπερ
1041 3677 1141 3746 γὰρ
1226 3677 1481 3748 μακάριος
1543 3675 1569 3725 ὁ
1654 3671 1852 3735 ἀδίκως

245 3763 589 3837 ὑϐριζόμενος
624 3781 634 3791 ·
666 3762 799 3814 οὕτω
830 3762 982 3815 πάλιν
1010 3762 1188 3826 ἄθλιος
1223 3765 1248 3814 ὁ
1290 3759 1490 3824 ἀδίκως
1532 3763 1854 3835 εὐφημούμε-

243 3872 335 3914 νος
350 3898 362 3909 .

327 3941 472 3993 Κατὰ
499 3972 568 3981 -
594 3940 780 3996 αὐτῶν.
818 3945 964 3996 Κατὰ
982 3950 1164 4008 ταῦτα,
1200 3945 1382 4007 εῖτουν,
1409 3945 1674 4006 ὡσαύτως,
1695 3943 1852 4014 εὐφη-

245 4037 474 4102 μοῦντας
503 4030 707 4096 αὐτούς,
737 4033 803 4094 ὡς
838 4035 964 4106 πρὸς
1001 4031 1270 4106 ἀρέσκειαν
1307 4030 1474 4083 αὐτῶν
1504 4034 1851 4106 προφητεύον-

245 4140 356 4182 τες.

326 4208 463 4264 Ἀλλ’
496 4241 562 4251 -
583 4208 885 4264 ἀκούουσιν.
919 4218 1039 4271 Τοίς
1069 4212 1390 4283 πειθομένοις
1419 4231 1529 4283 μοι.

323 4386 588 4458 ’Λγαπᾶτε
625 4418 688 4426 -
722 4389 884 4458 ὑμῶν.
914 4386 1039 4440 Εῖπε
1091 4397 1242 4440 τοῦτο
1297 4394 1386 4440 καὶ
1440 4387 1486 4439 ἐν
1535 4397 1605 4458 τῷ
1639 4391 1852 4459 πέμπτῳ

248 4476 510 4549 κεφαλαίῳ
539 4484 630 4529 τοῦ
652 4479 786 4528 κατά
811 4479 1097 4541 Ματθαῖον,
1123 4480 1242 4530 ἔνθα
1272 4485 1437 4529 κεῖται
1463 4483 1542 4528 τό·
1563 4481 1853 4531 Ἠκούσατε

250 4569 330 4619 ὅτι
359 4565 536 4641 ἒρῥέθη
569 4583 581 4596 °
620 4565 939 4637 Ἀγαπήσεις
972 4570 1056 4618 τὸν
1087 4566 1306 4626 πλησίον
1338 4587 1451 4632 σου,
1487 4573 1574 4618 καὶ
1605 4572 1852 4638 μισήσεις

250 4660 338 4709 τὸν
370 4653 560 4727 ἐχθρὸν
602 4675 716 4708 σου.

327 4743 507 4807 Καλῶς
569 4752 762 4797 ποιεῖτε
818 4775 884 4784 -
961 4746 1115 4817 ὑμᾶς.
1196 4749 1296 4797 Καὶ
1367 4743 1470 4796 ἐκεῖ
1555 4753 1720 4797 ταῦτα
1789 4749 1851 4799 εἰ·

253 4853 402 4908 ρηκε.

323 4930 406 4994 Τῷ
449 4926 695 4976 τύπτοντι
749 4953 817 4965 --
873 4921 1131 4995 κωλύσῃς.
1206 4921 1286 4976 Ἐν
1345 4920 1513 4992 ἐκείνῳ
1576 4931 1646 4993 τῷ
1705 4944 1855 4997 κεφα-

251 5013 380 5082 λαίῳ
438 5012 668 5072 ζήτησον
718 5017 807 5064 καὶ
863 5017 955 5068 τὴν
1015 5014 1208 5062 τούτων
1277 5010 1542 5082 ἐξήγησιν,
1589 5017 1688 5084 πρὸ
1754 5023 1853 5065 τῶν

254 5103 553 5174 εἰρημένων,
611 5103 732 5154 ἔνθα
773 5109 940 5153 κεῖται
997 5105 1054 5152 τό
1106 5119 1116 5130 ·
1166 5101 1452 5153 Ἠκούσατε
1497 5103 1572 5153 ὅτι
1623 5101 1799 5176 ἐρρέθη
1838 5146 1849 5157 .

254 5189 550 5263 Ὀφθαλμὸν
626 5189 739 5243 ἀντὶ
809 5190 1094 5264 ὀφθαλμοῦ,
1163 5195 1250 5242 κού.
1317 5187 1508 5243 ὀδόντα
1549 5190 1662 5244 ἀντὶ
1708 5189 1852 5245 ὁδονο

253 5301 358 5343 τος.

326 5379 374 5415 ⁸ο
404 5378 604 5436 Matth.
633 5394 687 5444 ν,
718 5381 807 5435 43.
886 5379 930 5416 ⁸¹
960 5378 1100 5436 ibid.
1135 5381 1224 5435 38.

1356 331 1722 389 COMMENT.
1769 326 1832 382 lN
1875 325 2136 382 LUCAM.
2183 360 2246 369 -—-
2286 329 2442 386 CAP.
2484 331 2576 387 VI.

3513 323 3625 381 926

2039 452 2200 508 Vers.
2233 457 2321 512 2t.
2354 456 2522 512 Beati
2573 489 2642 498 -—-
2680 457 2972 512 ridebitis.
3022 454 3126 520 Qui
3177 453 3320 508 ﬂent
3368 465 3488 506 non
3534 455 3620 504 ut—

1965 556 2222 612 cunque.
2257 545 2370 599 Sed
2404 545 2492 600 vel
2518 562 2626 616 pro
2657 547 2778 600 suis
2811 544 3066 616 peccatis
3098 543 3186 597 vel
3223 557 3329 613 pro
3361 539 3615 596 aliorum

1966 627 2386 688 afﬂictionibus
2417 649 2429 689 :
2465 639 2539 699 et,
2593 640 2656 689 ut
2722 650 2842 689 uno
2893 632 3204 689 absolvam
3257 629 3462 688 verbo.
3514 628 3620 700 qui

1964 721 2295 775 secundum
2325 722 2512 777 Deum
2537 724 2697 778 flent.
2727 724 2792 778 Hi
2818 726 3016 777 autem
3037 723 3094 776 in
3123 721 3318 775 futuro
3340 717 3621 773 ridebunt

1965 808 2203 874 saeculo,
2245 810 2360 866 hoc
2404 818 2513 881 est,
2565 812 2944 884 Spiritualiter
2994 809 3380 880 gaudebunt;
3417 806 3621 878 gaudii

1963 899 2123 954 enim
2151 902 2391 970 signum
2424 909 2512 960 est
2541 904 2718 959 risus.

2033 989 2196 1045 Vers.
2224 995 2313 1046 23.
2347 993 2520 1050 Beati
2546 1024 2615 1034 —
2646 992 2920 1049 hominis.
2956 990 3104 1046 Cum
3137 987 3418 1060 praedicta
3446 985 3619 1042 vobis

1962 1077 2226 1147 fecerint,
2278 1097 2399 1137 non
2442 1088 2687 1155 propter
2735 1081 2981 1154 aliquod
3033 1079 3284 1140 malum,
3342 1076 3502 1148 quod
3555 1075 3619 1131 in

1965 1168 2138 1224 vobis
2194 1170 2286 1238 sit,
2337 1172 2442 1227 sed
2488 1175 2731 1244 propter
2759 1187 2876 1237 me,
2919 1175 2976 1226 et
3021 1168 3166 1242 quia
3205 1183 3314 1222 vos
3371 1164 3489 1221 mei
3532 1180 3621 1220 es-

1964 1256 2058 1312 tis.

2035 1347 2193 1404 Vers.
2250 1352 2338 1405 23.
2391 1349 2646 1406 Gaudete
2691 1377 2762 1391 —-
2812 1350 2968 1405 ccelo.
3017 1347 3283 1402 Gaudete
3351 1345 3617 1417 spiritua-

1961 1435 2108 1492 liter.

2033 1527 2198 1583 Vers.
2239 1532 2330 1586 28.
2364 1529 2702 1585 Secundum
2745 1559 2812 1569 —
2861 1543 3082 1584 eorum.
3144 1524 3488 1582 Secundum
3549 1537 3624 1578 ea

1961 1633 2086 1689 qua:
2116 1616 2278 1672 dicta
2316 1622 2471 1686 sunt,
2503 1623 2648 1689 puta
2679 1618 2818 1674 odio
2848 1617 3154 1679 habentes,
3181 1619 3236 1670 et
3276 1617 3622 1684 separantes

1962 1711 2084 1762 sive
2115 1713 2494 1777 segreganles
2523 1724 2650 1763 sese
2681 1708 2759 1763 ab
2799 1707 2932 1773 illis,
2981 1711 3039 1762 et
3069 1709 3302 1768 caetera,
3337 1719 3473 1774 quae
3527 1718 3624 1756 se-

1883 1806 1928 1862 B
1959 1803 2236 1868 quuntur.
2286 1798 2490 1853 Patres
2529 1803 2726 1853 autem
2771 1813 3001 1861 eorum,
3053 1800 3195 1866 puta
3250 1792 3622 1854 Iudaeorum,

1959 1886 2061 1958 qui
2095 1885 2266 1941 vobis
2297 1887 2426 1942 haec
2451 1887 2661 1943 facturi
2695 1892 2851 1942 sunt.

2031 1975 2285 2031 Vers.24.
2320 1976 3081 2032 Verumtamen—vestram
3123 1973 3443 2042 Postquam
3471 1969 3620 2024 bea-

1962 2065 2200 2121 tiﬁcavit
2227 2081 2522 2137 pauperes
2549 2071 2605 2120 et
2633 2065 2962 2121 esurientes
2991 2079 3062 2120 ac
3087 2062 3319 2125 ﬂentes,
3373 2065 3430 2114 et
3477 2057 3618 2114 odio

1960 2153 2194 2210 habitos
2221 2170 2291 2210 ac
2314 2160 2675 2225 segregatos,
2710 2152 3173 2225 opprobriisque
3202 2165 3272 2205 ac
3334 2147 3619 2202 conviciis

1961 2249 2204 2316 propter
2258 2258 2322 2299 se
2362 2243 2631 2310 affectos,
2687 2243 2965 2314 deplorat
3016 2240 3299 2310 deinceps
3354 2253 3455 2292 eos
3513 2235 3620 2307 qui

1962 2332 2258 2389 contrario
2296 2333 2478 2389 modo
2510 2349 2571 2388 se
2601 2332 2843 2402 habent,
2879 2336 2945 2386 ut
2974 2346 3079 2401 per
3121 2326 3619 2384 beatiﬁcationem

1962 2422 2040 2478 ad
2066 2421 2167 2477 illa
2196 2421 2562 2487 adhortetur,
2597 2437 2704 2493 per
2731 2419 3206 2491 deplorationem
3236 2431 3372 2471 vero
3390 2415 3468 2470 ab
3523 2414 3620 2468 his

1959 2515 2207 2567 avertat.
2237 2509 2451 2565 Divites
2481 2515 2677 2565 autem
2719 2509 2860 2564 dicit
2895 2523 3056 2562 nunc
3109 2521 3345 2570 avaros,
3403 2502 3618 2558 divitiis

1962 2599 2416 2663 intabescentes,
2452 2599 2730 2670 maleque
2753 2598 3148 2654 tabescentes.
3206 2595 3460 2666 Ἀπέχιτε
3513 2608 3616 2648 au-

1965 2694 2101 2753 tem,
2139 2687 2509 2756 Habetis,sive
2539 2687 2806 2756 Aufertis
2838 2690 3031 2751 sonat;
3055 2684 3150 2740 vel
3181 2685 3255 2739 ab
3310 2683 3428 2739 hoc
3471 2687 3618 2738 tem-

1962 2793 2126 2850 pore,
2160 2777 2284 2834 sive
2308 2777 2386 2834 ab
2411 2777 2559 2849 ipsis
2589 2777 2808 2832 divitiis
2835 2774 3118 2846 accipitis.

2033 2867 2198 2923 Vers.
2253 2871 2342 2924 25.
2399 2868 2494 2925 ναξ
2530 2898 2599 2908 -
2632 2865 2913 2931 esurietis,
2942 2865 3051 2928 Qui
3080 2863 3326 2920 saturati
3383 2861 3522 2918 estis
3557 2861 3619 2917 in

1961 2958 2236 3030 praesenti
2273 2957 2412 3025 vita,
2465 2961 2612 3031 quia
2657 2955 2928 3013 esurietis
2984 2954 3045 3010 in
3099 2953 3316 3017 futura,
3374 2968 3450 3008 ne
3496 2966 3620 3007 una

1960 3047 2211 3121 quidam
2237 3047 2644 3104 consolatione
2689 3046 2973 3102 fruentes.

1886 3161 1927 3219 α
2032 3139 2194 3194 Vers.
2224 3139 2312 3193 25.
2354 3138 2448 3194 Vae
2475 3169 2544 3178 -
2567 3137 2806 3208 ﬂebitis.
2839 3135 2946 3200 Qui
2985 3133 3187 3190 ridetis
3217 3148 3379 3189 nunc
3407 3131 3620 3186 immo-

1961 3229 2182 3296 derate,
2209 3227 2861 3301 quiaﬂebitis.lntentio
2888 3229 3088 3280 autem
3113 3223 3302 3295 ipsius
3320 3222 3508 3278 luctus
3533 3228 3620 3276 est

1961 3321 2154 3383 ﬂetus,
2188 3322 2290 3373 aut
2308 3317 2503 3374 luctus
2531 3321 2618 3373 est
2642 3315 2819 3372 tacita
2847 3313 3213 3381 lamentatio,
3262 3311 3436 3368 ﬂetus
3479 3325 3620 3366 vero

1961 3426 2032 3467 ea
2060 3425 2191 3482 qua:
2215 3407 2476 3464 auditur.
2879 3441 2905 3474 ,

2033 3499 2197 3554 Vers.
2227 3500 2317 3551 26.
2363 3495 2456 3552 Vw
2485 3525 2552 3536 —
2596 3495 2870 3551 homines.
2915 3495 3063 3550 Cum
3113 3489 3259 3548 mali
3301 3488 3428 3545 sitis
3473 3488 3620 3545 εγω

1961 3587 2152 3651 vobis,
2181 3585 2393 3658 inquit,
2426 3600 2563 3640 cum
2603 3583 2978 3640 laudaverint
3016 3597 3142 3647 vos,
3191 3584 3477 3652 tanquam
3505 3577 3619 3634 illis

1963 3677 2259 3749 placentes
2285 3680 2340 3730 et
2369 3689 2490 3730 non
2542 3676 2685 3730 Deo.
2718 3673 2880 3729 Sicut
2923 3671 3086 3729 enim
3125 3670 3342 3726 beatus
3377 3673 3488 3736 est,
3515 3668 3620 3740 qui

1964 3767 2184 3838 injuste
2214 3762 2591 3821 contumeliis
2626 3761 2899 3830 amcitur,
2923 3762 3004 3818 ita
3032 3776 3274 3818 rursum
3305 3758 3484 3814 miser
3507 3761 3618 3823 est,

1962 3856 2063 3930 qui
2087 3855 2302 3927 injuste
2329 3853 2633 3910 laudatur.

2033 3946 2196 4002 Vers.
2225 3944 2317 4000 26.
2360 3942 2691 3999 Secundum
2719 3955 3034 3998 ——eorum.
3074 3937 3417 3996 Secundum
3465 3936 3617 4003 huic,

1963 4033 2233 4091 videlicet
2262 4033 2470 4088 eodem
2499 4030 2678 4086 modo
2703 4030 3018 4086 laudantes
3049 4070 3063 4095 ,
3092 4033 3386 4101 tanquam
3412 4026 3494 4082 ad
3519 4025 3620 4082 he-

1962 4124 2331 4196 neplacituru
2369 4138 2537 4176 suum
2571 4120 3025 4192 prophetantes.

2033 4212 2207 4270 Vers.
2243 4216 2336 4268 27.
2373 4209 2828 4267 Sed—auditis.
2864 4208 2972 4274 Qui
3015 4206 3164 4264 mihi
3210 4204 3510 4263 assentitis
3565 4208 3621 4261 et

1963 4302 2310 4360 obedientes
2340 4301 2508 4356 estis.

2034 4391 2202 4448 Vers.
2237 4395 2302 4445 27
2334 4390 2572 4460 Diligite
2598 4420 2668 4429 —
2711 4392 2949 4445 vestros.
3006 4386 3160 4442 Dixit
3215 4386 3330 4440 hoc
3381 4399 3621 4457 quoque

1887 4509 1933 4564 Ι)
1964 4481 2156 4552 capite
2186 4479 2394 4552 quinto
2426 4477 2723 4548 Evangelii
2749 4477 3081 4533 secundum
3124 4475 3483 4540 Matthaeum,
3519 4473 3621 4528 ubi

1963 4570 2221 4625 habetur
2248 4586 2264 4624 :
2289 4568 2570 4632 Audistis,
2593 4568 2742 4638 quod
2771 4568 2989 4623 dictum
3031 4566 3129 4630 sit,
3161 4565 3377 4634 Diliges
3413 4563 3618 4619 Proxi-

1966 4675 2124 4715 mum
2157 4665 2344 4723 tuum,
2371 4663 2426 4712 et
2447 4656 2576 4712 odio
2609 4657 2844 4712 habebis
2880 4655 3181 4711 inimicum
3214 4660 3380 4709 tuum
3420 4655 3492 4710 ³ο.

2036 4749 2203 4806 Vers.
2244 4750 2336 4803 27.
2376 4746 2802 4816 Benefacite—
2828 4745 3002 4802 Vers.
3024 4747 3117 4803 28.
3148 4759 3272 4800 vos.
3297 4745 3424 4798 Haec
3439 4741 3620 4798 etiam

1966 4836 2040 4894 ibi
2066 4837 2233 4894 dixit.

2039 4928 2203 4981 Vers.
2237 4925 2329 4979 29.
2352 4923 2710 4980 Percutienti
2725 4922 3194 4992 —prohibueris.
3235 4921 3296 4976 In
3320 4920 3419 4977 illo
3436 4919 3620 4992 capite

1967 5015 2146 5072 etiam
2179 5013 2398 5068 horum
2427 5027 2628 5085 quaere
2652 5011 3110 5078 enarrationem,
3145 5010 3246 5067 ubi
3293 5014 3429 5068 ante
3470 5025 3622 5080 prte-

1965 5104 2124 5161 dicta
2150 5103 2404 5160 habetur
2436 5119 2448 5167 ;
2474 5102 2754 5169 Audistis,
2787 5102 2943 5174 quod
2984 5101 3184 5158 dictum
3213 5101 3286 5158 sit
3313 5116 3325 5158 :
3365 5100 3617 5158 Oculum

1962 5209 2073 5263 pro
2102 5192 2284 5257 oculo,
2314 5191 2537 5248 dentem
2558 5205 2670 5260 pro
2698 5191 2872 5246 dente
2901 5191 2974 5247 ⁸1.

1453 5477 1678 5546 Variae
1709 5478 2032 5548 lectiones
2067 5489 2132 5546 et
2161 5488 2361 5546 nota.

325 5595 443 5738 (26%
477 5593 914 5666 Ἀγαλλιάσθητε.
948 5598 1008 5648 Α.

329 5667 415 5738 (27
486 5669 654 5724 Forte
693 5665 814 5720 ἀπό.
842 5665 1008 5722 Prors

329 5662 443 5739 (27)
486 5662 654 5724 Forte
693 5665 814 5720 ἀπό.
842 5665 1096 5722 Prorsus
1135 5663 1350 5722 abesse
1389 5669 1617 5738 poterat
1635 5662 1710 5722 ἐκ.

2046 5595 2161 5667 (28)
2185 5599 2246 5649 Δε
2273 5594 2410 5668 λέγει
2432 5602 2546 5652 νῦν.
2584 5601 2640 5650 Β.
