4170 6364
538 341 646 398 927

1869 334 2215 395 EUTHYMII
2269 334 2604 394 ZIGABENI

612 468 787 525 Vers.
813 471 907 525 30.
940 468 1115 523 Omni
1141 497 1211 508 —
1231 466 1442 524 tribue.
1473 466 1753 525 Similiter
1773 469 1831 523 et
1852 464 2035 536 hujus
2059 462 2198 519 data

2378 471 2540 519 Παντὶ
2565 496 2626 507 —
2656 461 2835 520 δίδου.
2861 464 3078 537 Ὁμοίως
3103 470 3191 517 καὶ
3218 467 3312 523 τὴν
3338 465 3545 515 τούτου.

543 561 631 613 est
655 556 1083 629 interpretatio.

614 644 783 699 Vers.
819 648 905 701 30.
933 644 1010 699 Et
1041 643 1115 700 ab
1145 674 1211 686 -—
1244 659 1522 714 reposcos.
1559 644 1679 701 Hoc
1725 641 2041 701 manifeste
2092 654 2196 697 ex-

544 733 803 807 positum
844 738 954 792 est.

612 823 785 882 Vers.
825 828 918 879 31.
952 824 1030 880 Et
1061 823 1544 897 quemadmodum
1571 854 1635 864 —-
1670 822 2012 880 ita.Rursns
2040 820 2101 875 in
2126 834 2196 875 eo

545 912 736 985 capite
759 928 961 984 quaere
994 913 1136 969 dicti
1167 912 1322 968 illius
1366 913 1928 984 interpretationem.
1991 909 2198 966 Omnia

543 1017 685 1073 ergo
726 1018 1083 1075 quascunque
1135 1004 1333 1071 vultis,
1362 1010 1428 1058 ut
1444 1003 1677 1073 faciant
1714 1002 1871 1059 vobis
1916 1000 2193 1065 homines,

548 1090 673 1148 ha’c
701 1099 755 1148 et
777 1107 877 1148 vos
913 1093 1095 1163 facile
1120 1093 1259 1164 ipsis
1293 1095 1362 1147 ³³.

614 1179 782 1236 νοτε.
812 1185 904 1239 32.
938 1182 1017 1237 Et
1056 1182 1109 1237 si
1132 1182 1378 1254 diligitis
1403 1213 1470 1222 —
1496 1181 1784 1253 diligunt.
1844 1179 1928 1236 lbi
1957 1192 2198 1251 quoque

544 1267 661 1325 hoc
690 1269 979 1327 invenies.

615 1356 784 1415 Vers.
821 1362 886 1416 33
914 1360 989 1415 Et
1025 1359 1078 1417 si
1102 1390 1168 1402 —
1198 1362 1450 1431 faciunt.
1486 1363 1634 1417 Nam
1664 1358 1726 1416 id
1767 1356 2076 1416 retributio
2091 1357 2197 1421 est,

546 1461 669 1504 non
700 1448 1085 1506 beneﬁcium.

621 1535 779 1592 Vers.
814 1541 900 1594 34.
930 1538 1013 1594 Et
1048 1539 1100 1594 si
1149 1569 1215 1580 —
1265 1542 1463 1607 paria.
1520 1542 1587 1596 Et
1640 1539 1756 1596 hoc
1814 1537 2201 1594 manifestum

549 1629 658 1681 est.

620 1713 783 1771 Vers.
807 1719 894 1773 35.
935 1718 1348 1775 Verumtamen
1376 1749 1443 1761 —
1483 1719 1699 1775 multa.
1757 1716 1906 1773 Nihil
1964 1716 2037 1772 ab
2090 1712 2203 1771 illis

2380 648 2479 697 Καὶ
2504 643 2602 697 ἀπὸ
2631 676 2693 685 -
2732 643 2961 701 ἀπαίτει.
2988 650 3152 697 Τοῦτο
3181 646 3353 714 σαφές.

2380 827 2480 875 Καὶ
2527 824 2699 886 καθὼς
2730 824 2934 895 ὁμοίως.
2974 820 3056 874 Ἐν
3106 821 3279 891 ἐκείνῳ
3321 819 3474 873 πάλιν
3524 826 3597 889 τῷ
3649 817 3939 889 κεφαλαίῳ

2308 912 2539 972 ζήτησον
2565 918 2657 971 τὴν
2715 913 2984 985 ἑρμηνείαν
3016 919 3128 968 τοῦ,
3168 913 3341 963 Πάντα
3367 905 3454 962 οὖν
3497 910 3598 961 ὅσα
3626 907 3690 960 ἂν
3736 907 3939 964 θέλητε

2309 1003 2389 1053 ἵνα
2416 1011 2634 1054 ποιῶσιν
2674 1004 2793 1074 ὑμῖν
2842 1003 2890 1053 οἱ
2938 1001 3221 1075 ἄνθρωποι,
3255 999 3389 1051 οὕτω
3426 1003 3516 1050 καὶ
3541 999 3691 1070 ὑμεῖς
3720 1004 3937 1049 ποιεῖτε

2307 1091 2503 1152 αὐτοῖς.

2380 1184 2481 1234 Καὶ
2514 1179 2558 1233 εἰ
2597 1178 2830 1253 ἀγαπᾶτε
2862 1208 2926 1219 -
2950 1177 3248 1251 ἀγαπῶσιν.
3289 1178 3425 1231 Ἐκεῖ
3453 1180 3541 1229 καὶ
3570 1182 3728 1229 τοῦτο
3761 1175 3935 1249 εὖρή-

2310 1289 2437 1332 σεις.

2383 1364 2483 1413 Καὶ
2540 1357 2622 1411 ἐὰν
2652 1389 2720 1400 -
2770 1365 3034 1412 ποιοῦσιν.
3078 1354 3302 1428 Ἀμοιϐὴ
3351 1358 3453 1431 γὰρ
3491 1360 3663 1422 τοῦτο,
3698 1358 3798 1405 καὶ
3836 1353 3934 1405 οὐκ

2312 1448 2599 1523 εὐεργεσία.

2384 1540 2486 1593 Καὶ
2514 1536 2598 1590 ἐὰν
2628 1568 2697 1578 -
2723 1540 2834 1589 ἶσα.
2864 1540 2965 1590 Καὶ
2994 1542 3146 1588 τοῦτο
3176 1531 3459 1608 πρόδηλον.

2386 1716 2524 1775 Πλὴν
2563 1748 2631 1757 -
2652 1715 2827 1776 πολύς.
2860 1711 3040 1773 Μηδὲν
3072 1712 3157 1767 ἀπ’
3190 1714 3359 1765 αὐτῶν
3390 1712 3682 1772 ἐλπίζοντες
3713 1709 3922 1764 λαϐεῖν.

549 1812 859 1876 sperantes
892 1824 993 1862 vos
1026 1813 1396 1881 accepturos.
1445 1808 1729 1880 Repetivit
1748 1814 1948 1863 autem
1985 1820 2205 1860 sermo-

2317 1804 2624 1859 Ἐπανέλαϐε
2656 1803 2716 1858 δε
2753 1809 2840 1857 τόν
2878 1804 3050 1875 λόγον,
3090 1801 3313 1875 βεϐαιῶν
3347 1800 3580 1873 μάλιστα
3610 1804 3705 1858 τὴν
3747 1803 3928 1852 τοιαύ-

547 1908 698 1960 nem,
728 1895 1085 1951 conﬁrmans
1116 1897 1463 1966 hujusmodi
1519 1902 1902 1968 praceptum.

618 1985 661 2055 -ι-
692 1986 761 2039 Et
785 1984 962 2057 quale
994 1992 1261 2041 mutuum
1286 1992 1396 2049 est,
1431 2002 1467 2042 a
1488 2002 1609 2057 quo
1658 2001 1781 2041 non
1830 1986 2208 2055 exspectatur

550 2089 685 2142 spes
718 2074 1074 2144 receptionis
1103 2074 1131 2129 ?
1156 2076 1307 2143 Erga
1327 2090 1463 2129 eum
1497 2074 1756 2145 quidem,
1800 2076 1898 2146 qui
1930 2078 2206 2128 mutuum

552 2163 787 2234 accipit,
822 2163 1051 2219 donum
1079 2170 1184 2229 est,
1219 2180 1290 2219 eo
1315 2165 1478 2237 quod
1508 2179 1630 2219 non
1663 2166 1733 2221 sit
1758 2180 1891 2235 spes
1928 2162 2211 2233 receptio-

551 2251 663 2306 nis:
696 2267 840 2323 erga
866 2252 1050 2307 Deum
1084 2267 1223 2307 vero
1252 2257 1530 2307 mutuum
1576 2256 1683 2314 est,
1743 2256 1986 2324 propter
2039 2267 2208 2323 spem

548 2338 995 2396 retributionis:
1046 2341 1158 2409 Qui
1174 2340 1497 2405 miseretur,
1525 2342 1736 2413 inquit,
1785 2341 2085 2411 pauperis,
2122 2342 2210 2410 fe-

548 2435 815 2496 neratur,
838 2430 955 2486 sive
974 2436 1238 2486 mutuum
1262 2430 1367 2487 dat
1408 2430 1523 2487 Deo
1553 2432 1622 2484 ³³.

622 2517 789 2575 Vers.
835 2520 923 2576 35.
972 2519 1052 2575 Et
1093 2521 1258 2576 eritis
1306 2550 1375 2561 —
1423 2522 1611 2577 malos
1649 2520 1846 2575 Bonus
1894 2525 1981 2575 est
2036 2519 2208 2575 simul

550 2622 694 2678 erga
719 2624 953 2664 omnes.
988 2609 1152 2664 Dicto
1177 2615 1378 2665 autem
1411 2610 1598 2681 capite
1631 2610 1749 2665 ait:
1782 2609 2209 2678 Utefﬁciamini

548 2697 665 2766 ﬁlii
688 2697 890 2753 Patris
916 2699 1122 2763 vestri,
1155 2701 1261 2769 qui
1291 2700 1354 2754 in
1375 2699 1538 2756 caelis
1559 2706 1662 2765 est,
1683 2700 1823 2771 quia
1847 2700 2023 2755 solem
2038 2716 2205 2755 suum

551 2788 703 2843 oriri
723 2788 876 2855 facit
890 2804 1070 2857 super
1102 2789 1286 2844 malos
1315 2804 1381 2845 ac
1395 2790 1569 2844 bonos
1582 2796 1636 2847 et
1650 2790 2205 2861 pluitsuperjustos

559 2891 631 2933 ac
662 2874 920 2946 injustas
946 2877 1014 2931 “.

624 3054 792 3111 Vers.
852 3056 939 3112 36.
985 3053 1188 3112 Estote
1247 3084 1317 3097 —
1362 3061 1472 3112 est.
1536 3057 1601 3111 Et
1650 3056 1765 3112 hoc
1821 3055 2207 3113 manifestum

555 3142 663 3196 est.

625 3228 766 3284 Vers
818 3230 906 3284 37.
960 3226 1042 3284 Et
1084 3227 1272 3284 nolite
1312 3258 1381 3271 —
1420 3230 1780 3288 remittetur.

556 3316 758 3383 etiam,
789 3317 988 3376 Nolite
1005 3316 1277 3388 judicare
1301 3320 1369 3384 ³³,
1412 3318 1692 3392 praedicto
1714 3319 1918 3391 capite.

625 3406 787 3463 Vers.
818 3409 908 3466 38.
942 3413 1088 3465 Date
1116 3438 1177 3450 —
1208 3408 1384 3465 vobis.
1418 3408 1560 3466 Date
1587 3424 1657 3466 ac
1705 3415 1979 3480 praestate
2027 3424 2208 3466 omne

557 3510 746 3566 genus
774 3496 1065 3553 beneﬁcii.

628 3584 794 3641 Vers.
826 3589 914 3642 38.
950 3586 1288 3644 Mensuram
1344 3619 1412 3629 —
1465 3595 1750 3645 vestrum.
1811 3588 2209 3659 Metaphorica

558 3673 775 3730 locutio
792 3680 905 3732 est.
948 3675 1148 3732 Solent
1177 3678 1359 3746 enim,
1386 3678 1491 3749 qui
1513 3677 1766 3734 triticum
1784 3678 1938 3733 bene
1960 3678 2209 3733 metiun-

557 3767 669 3827 tur,
699 3766 1085 3836 superpositis
1136 3767 1328 3822 modio
1379 3768 1681 3831 manibus,
1732 3768 2017 3823 deorsum
2063 3766 2209 3823 illud

554 3868 844 3925 premere,
873 3862 1200 3922 concutere,
1236 3863 1297 3911 ut
1326 3857 1669 3923 descendat,
1699 3863 1755 3913 et
1783 3857 2058 3928 adjicere,
2104 3857 2210 3912 do-

558 3957 667 3998 nec
710 3943 1250 4015 supereﬂ‘undatur.
1287 3946 1553 4002 Reddent
1605 3954 1804 4003 autem
1857 3946 2206 4017 hujusmodi

555 4046 892 4087 mensuram
923 4032 1216 4101 beneﬁcii,
1257 4034 1297 4088 ii
1356 4050 1521 4100 sane,
1572 4035 1672 4107 qui
1728 4034 2016 4091 beneﬁcio
2071 4034 2205 4090 affe-

557 4121 634 4176 cti
665 4125 820 4175 sunt.
838 4123 955 4176 Deo
981 4122 1139 4177 enim
1192 4138 1299 4193 pro
1330 4123 1473 4194 ipsis
1517 4124 1892 4194 rependente,
1942 4124 2087 4196 ipsis
2118 4139 2205 4180 re-

558 4209 817 4281 pendere
841 4208 1132 4265 videntur.
1162 4213 1323 4268 Hanc
1360 4227 1505 4267 vero
1530 4212 1644 4268 illis
1671 4212 1938 4279 reddent,
1993 4214 2096 4286 qui
2142 4212 2206 4269 li-

557 4295 825 4353 beraliter
849 4297 932 4353 eis
961 4304 1220 4355 mutuum
1252 4300 1558 4357 dederunt.

629 4471 793 4531 Vers.
866 4477 955 4532 38.
1023 4476 1313 4535 Eamdem
1386 4478 1563 4535 vobis.
1629 4477 1852 4537 Eadem
1933 4481 2208 4539 beneﬁcii

560 4577 863 4632 mensura,
895 4580 1019 4637 qua
1045 4566 1354 4635 metimini,
1385 4574 1593 4625 mutuo
1659 4569 1801 4625 illud
1854 4570 2059 4628 dantes
2091 4572 2205 4639 his,

560 4655 663 4729 qui
690 4654 976 4725 indigent.

633 4743 795 4803 Vers.
826 4748 914 4802 39.
945 4746 1185 4803 Dixit-
1215 4748 1433 4804 cadent
1459 4749 1486 4804 ?
1534 4748 1686 4805 Dixit
1731 4748 1909 4806 etiam
1963 4750 2077 4806 hoc
2125 4750 2211 4806 vi-

561 4835 789 4891 cesimo
832 4841 1041 4892 octavo
1107 4838 1297 4907 capite
1348 4838 1653 4909 Evangelii
1684 4838 2018 4896 secundum
2076 4842 2209 4897 Mat-

562 4925 795 4993 thaium,
824 4925 927 4982 sed
958 4925 1032 4981 de
1064 4926 1389 4996 Pharisaiis,
1420 4927 1515 4983 hic
1546 4934 1739 4984 autem
1791 4928 1863 4983 de
1926 4930 2209 4985 omnibus

559 5012 707 5070 dixit
756 5013 1118 5086 simpliciter,
1168 5014 1272 5087 qui
1323 5016 1671 5073 obscuratos
1716 5016 1943 5073 habent
1990 5019 2211 5075 animai

561 5101 792 5168 oculos,
819 5109 877 5159 et
891 5118 996 5160 eos
1022 5102 1237 5162 docere
1258 5110 1571 5169 conantur,
1599 5105 1704 5179 qui
1731 5105 1995 5164 similiter
2015 5106 2212 5164 aﬂ‘ecti

633 5284 681 5321 ³³
706 5283 905 5342 Matth.
930 5300 1025 5351 vn,
1053 5286 1140 5342 l2.
1219 5287 1268 5321 ³³
1291 5284 1460 5343 Prov.
1494 5301 1573 5356 1x,
1601 5285 1675 5342 l7.

1859 3230 2079 3286 Dictum
2123 3234 2211 3287 est

2241 4524 2288 4580 D

1753 5288 1800 5323 ³⁴
1833 5286 2033 5344 Matth.
2067 5302 2123 5356 v,
2155 5288 2245 5346 45.

2315 1915 2409 1953 την
2444 1895 2667 1953 ἐντολήν.

2395 1984 2417 2057 [
2450 1990 2549 2038 Καὶ
2580 1992 2723 2037 ποῖον
2753 1984 2868 2055 (29)
2897 1990 3049 2035 τοῦτο
3099 1976 3319 2047 δάνειον,
3456 1987 3551 2039 τῆς
3609 1976 3927 2049 ἀπολήψεως

2319 2074 2460 2135 ἐλπὶς
2512 2074 2570 2126 οὐ
2621 2076 3002 2137 συνέζευκται;
3048 2074 3181 2144 Πρός
3250 2072 3339 2141 μὲν
3395 2071 3481 2121 τόν
3534 2064 3921 2140 δανειζόμενον,

2321 2160 2487 2238 δῶρόν
2538 2162 2669 2229 ἐστι,
2733 2159 2827 2215 διὰ
2880 2166 2971 2220 τὴν
3039 2159 3366 2212 ἁνελπιστίαν
3425 2166 3514 2218 τῆς
3563 2156 3873 2227 ἀπολήψεως
3906 2174 3918 2186 ·

2318 2256 2448 2327 πρὸς
2498 2251 2556 2305 ὸε
2615 2256 2701 2304 τὸν
2770 2254 2917 2313 Θεὸν,
2988 2247 3209 2313 δάνειον,
3270 2244 3364 2300 διὰ
3422 2252 3511 2305 τὴν
3571 2244 3767 2299 ἓλπίὸα
3831 2256 3924 2307 τῆς

2319 2338 2617 2401 ἀποδόσεως
2669 2358 2680 2370 ·
2712 2340 2769 2394 Ὁ
2809 2339 2953 2392 ἐλεῶν
3019 2341 3140 2413 γὰρ,
3209 2342 3360 2410 φησὶ,
3414 2340 3631 2405 πένητα,
3694 2332 3925 2396 δανείζει

2319 2438 2432 2500 Θεῷ
2447 2472 2460 2486 .

2390 2522 2493 2574 Καὶ
2587 2521 2767 2571 ἔσεσθε
2843 2550 2910 2558 -
2990 2518 3265 2590 πονηρούς.

2318 2612 2510 2669 πάντας
2567 2610 2717 2679 ὁμοῦ,
2769 2607 2851 2659 Ἐν
2894 2603 2952 2659 δὲ
2999 2613 3070 2675 τῷ
3127 2605 3335 2681 ῥηθέντι
3387 2603 3646 2674 κεφαλαίῳ
3707 2608 3863 2674 φησὶν
3905 2619 3919 2632 ·

3351 2514 3581 2585 Ἀγαθός
3639 2511 3781 2565 ἔστιν
3843 2512 3924 2565 ἐπὶ

2314 2698 2487 2759 Ὀπως
2542 2699 2759 2769 γένησθε
2837 2698 2942 2748 viai
2993 2702 3085 2746 τοῦ
3162 2695 3364 2766 Πατρός
3448 2693 3615 2764 ὑμῶν,
3690 2700 3781 2742 τοῦ
3872 2691 3918 2742 ἐν

2316 2788 2573 2862 οὐρανοῖς,
2624 2788 2704 2838 ὅτι
2756 2788 2841 2837 τόν
2892 2784 3033 2843 ἣλιον
3064 2783 3221 2835 αὐτοῦ
3252 2780 3510 2833 ἀνατέλλει
3544 2779 3623 2832 ἐπὶ
3665 2784 3913 2851 πονηροὺς

2316 2882 2404 2929 καὶ
2467 2875 2714 2947 ἀγαθοὺς,
2780 2878 2870 2926 καὶ
2944 2872 3132 2945 βρέχει
3197 2870 3279 2923 ἐπὶ
3347 2866 3585 2929 δικαίους
3640 2871 3725 2919 καὶ
3786 2863 3901 2918 ἀδί-

2318 2985 2459 3027 κους.

2390 3057 2597 3107 Γίνεσθε
2629 3083 2693 3092 -
2724 3051 2856 3106 ἐστί.
2884 3050 2992 3105 Καὶ
3020 3058 3175 3103 τοῦτο
3205 3053 3381 3121 σαφές.

2391 3234 2495 3288 Καὶ
2520 3236 2589 3305 μὴ
2619 3262 2675 3271 -
2710 3228 3123 3288 ἀπολυθήσεσθε.
3154 3227 3481 3301 Εἶρηταικαὶ
3504 3228 3581 3278 τὸ.
3599 3224 3685 3283 Μὴ
3704 3227 3918 3298 κρίνετε,

2322 3322 2367 3375 ἓν
2395 3330 2465 3392 τῷ
2492 3324 2845 3395 προειρημένῳ
2874 3316 3152 3389 κεφαλαίῳ.

2392 3407 2572 3465 Δίὸοτε
2603 3441 2671 3450 -
2700 3411 2844 3481 ὑμῖν.
2890 3404 3073 3461 Δίδοτε
3108 3406 3399 3479 εὐεργεσίαν
3426 3405 3562 3455 κατὰ
3589 3403 3764 3455 πάντα
3809 3408 3923 3476 τρό-

2319 3521 2431 3555 πον.

2391 3594 2583 3662 Μέτρον
2645 3618 2714 3629 -
2779 3589 2941 3659 ὑμῶν.
3001 3587 3359 3657 Μεταφορικός
3423 3582 3563 3633 ἐστιν
3630 3583 3655 3633 ὁ
3714 3581 3869 3651 λόγος
3906 3621 3917 3632 .

2323 3680 2552 3732 niueam
2596 3679 2696 3750 γὰρ
2738 3679 2788 3728 οἱ
2834 3673 2998 3735 καλῶς
3050 3680 3353 3746 μετροῦντες
3400 3675 3485 3722 τόν
3542 3678 3706 3735 σῖτον,
3755 3670 3923 3722 ἐπιτι-

2322 3773 2481 3829 θέντες
2524 3775 2595 3837 τῷ
2640 3762 2808 3839 μοδίῳ
2865 3766 2956 3824 τὰς
3008 3771 3208 3837 χεῖρας,
3268 3764 3462 3824 πιέζειν
3516 3760 3669 3811 αὐτόν
3722 3760 3807 3812 ἐπὶ
3863 3764 3920 3811 τό

2318 3863 2479 3922 κάτω,
2533 3861 2623 3909 καὶ
2675 3854 2999 3914 λακτίζοντες
3053 3852 3303 3918 σαλεύειν,
3356 3852 3439 3901 ἱνα
3512 3854 3782 3921 συμπέσῃ,
3831 3854 3920 3901 καὶ

2319 3947 2623 4010 ἐπιϐάλλειν,
2683 3946 2847 4017 ἄχρις
2921 3941 2980 3993 ἆν
3062 3942 3172 4011 (30)
3235 3941 3592 4013 ὑπεραχυθῇ·
3672 3935 3917 3991 Ἀποδω-

2321 4056 2476 4089 σουσι
2509 4032 2567 4088 δὲ
2620 4038 2678 4087 τὸ
2732 4040 2964 4085 τοιοῦτον
3012 4035 3196 4104 μέτρον
3257 4038 3350 4090 τῆς
3391 4028 3709 4101 εὐεργεσίας,
3745 4032 3914 4093 τίνες;

2319 4127 2384 4176 Οἱ
2438 4124 2847 4197 εὐεργετηθέντες
2890 4124 3120 4181 πάντως.
3179 4126 3281 4171 Τοῦ
3335 4124 3468 4169 Θεοῦ
3494 4120 3596 4192 γὰρ
3640 4113 3917 4169 ἀποδιδονο

2316 4234 2399 4274 τος
2425 4215 2551 4286 ὑπὲρ
2600 4212 2787 4275 αὐτῶν,
2819 4210 2966 4263 αὐτοὶ
2995 4205 3243 4262 δοκοῦσιν
3298 4202 3635 4259 ἀποδιδόναι.
3688 4202 3917 4260 Ἀποδὼ-

2321 4322 2478 4355 σουσι
2533 4298 2590 4353 δὲ
2648 4310 2818 4367 τούτο,
2893 4307 2997 4359 τοῖς
3068 4298 3201 4351 οὕτω
3282 4295 3560 4369 φιλοτίμως
3616 4292 3914 4348 δανείσασιν

2322 4392 2518 4455 αὐτοῖς,

2389 4488 2471 4549 Τῷ
2501 4482 2601 4554 γὰρ
2634 4478 2773 4549 αὐτῷ
2827 4508 2888 4518 -
2934 4478 3082 4549 ὑμῖν,
3142 4482 3225 4546 Τῷ
3256 4474 3394 4545 αὐτῷ
3452 4477 3622 4548 μέτρῳ
3660 4480 3747 4531 τῆς
3776 4470 3910 4543 εὐερ-

2317 4574 2521 4641 γεσίας,
2540 4568 2650 4642 μεθ’
2674 4567 2733 4621 οὗ
2763 4573 2991 4641 μετρεῖτε
3017 4562 3341 4627 δανείζοντες
3366 4563 3529 4622 αὐτὴν
3556 4569 3662 4621 τοῖς
3678 4560 3904 4631 χρῄζου-

2322 4679 2424 4713 σιν.

2390 4746 2516 4802 Eine
2581 4779 2641 4787 -—
2699 4752 3018 4812 πεσοῦνται;
3050 4740 3173 4795 Εἰπε
3235 4750 3387 4794 τοῦτο
3427 4748 3515 4793 καὶ
3554 4739 3600 4792 ὲν
3644 4744 3713 4806 τῷ
3767 4736 3901 4787 εἰκο-

2320 4847 2425 4907 στῴ
2506 4833 2678 4908 ργδόῳ
2730 4835 2987 4906 κεφαλαίῳ
3048 4841 3140 4884 τοῦ
3220 4834 3355 4883 κατὰ
3430 4832 3716 4895 Ματθαῐον,
3791 4824 3912 4877 ἀλλὰ

2318 4932 2434 5001 περὶ
2482 4936 2580 4979 τῶν
2627 4929 2923 4997 Φαρισαίων
2960 4923 3224 4975 ’ἐνταῦθα
3253 4919 3312 4975 δε
3359 4922 3494 4992 λέγει
3554 4924 3671 4991 περὶ
3718 4920 3911 4970 πάντων

2320 5017 2493 5078 ἁπλῶς
2552 5024 2651 5068 τῶν
2714 5013 3095 5086 ἐσκοτισμένων
3150 5015 3238 5085 μὲν
3304 5015 3419 5071 τοὺς
3476 5008 3771 5082 ὀφθαλμοὺς
3826 5017 3915 5068 τῆς

2317 5106 2507 5179 ψυχῆς
2555 5143 2568 5157 .
2628 5104 3028 5177 ἐπιχειρούντων
3105 5099 3163 5154 δε
3232 5096 3508 5153 διδάσκειν
3562 5102 3681 5159 τοὺς
3734 5099 3913 5169 ὁμοίως

2360 5287 2405 5324 ³⁸
2449 5285 2647 5343 Matth.
2679 5299 2780 5352 vn,
2820 5287 2865 5340 Ι.

1787 5465 2014 5535 Variae
2048 5466 2380 5535 lectiones
2411 5473 2478 5534 et
2510 5472 2708 5532 notae.

602 5658 760 5790 £92)
779 5657 915 5714 Hac
958 5662 1208 5728 uterque
1254 5657 1315 5713 in
1368 5660 1662 5785 margine.
1723 5661 2043 5717 Hentenius
2087 5663 2210 5719 haec

684 5746 716 5787 e
763 5736 825 5788 at
852 5729 1029 5790 paulo
1057 5733 1210 5790 ante,
1244 5734 1379 5790 post
1396 5748 1495 5790 προ
1538 5729 1676 5789 ηλον.

560 5729 825 5790 habebat
852 5729 1029 5806 paulo
1057 5733 1210 5794 ante,
1244 5734 1379 5802 post
1396 5729 1676 5805 πρόδηλον.

2392 5662 2506 5734 (30)
2535 5657 2920 5734 ’Υπερεκχυνθῆ
2932 5699 2944 5713 .
2976 5662 3014 5712 Α
3030 5702 3042 5715 .
