4170 6364
263 290 373 355 929

266 423 444 483 αὐτοῖς
497 424 736 493 ἔχοντας.
802 424 917 494 Χρὴ
983 421 1083 494 γὰρ
1140 428 1340 493 πρῶτον
1402 418 1707 491 ἀναϐλέψαι,
1763 415 1873 471 εἶτα
1904 422 1951 470 Α

268 509 506 583 ὁδηγεῖν.

346 601 455 653 Ούκ
520 599 630 651 ἐστι
682 628 751 638 -
807 597 986 651 αὑτοῦ.
1042 604 1142 650 Καὶ
1185 606 1337 650 τοῦτο
1378 598 1529 650 πάλιν
1583 596 1630 649 ἐν
1683 605 1753 667 τῷ
1801 595 1871 647 ἐν-

267 685 656 758 νεακαιδεκάτῳ
730 687 989 759 κεφαλαίῳ
1045 695 1135 739 τοῦ
1207 690 1341 739 κατὰ
1414 689 1681 740 Ματθαίον
1756 689 1873 757 περὶ

270 778 457 830 ἑαυτοῦ
526 781 746 850 εἰρηκεν,
828 775 1045 828 ἐνταῦθα
1113 773 1191 841 δὲ,
1266 781 1381 849 περὶ
1446 785 1542 827 τῶν
1626 777 1874 847 μαθητῶν

268 872 424 919 τοῦτο
457 887 634 939 φησιν,
675 866 762 927 οὓς
807 862 1169 927 διδασκάλους
1226 865 1485 931 ἐποίησεν,
1546 866 1627 916 ἶνα
1685 861 1875 936 μηδεὶς

270 957 439 1008 αὐτῶν
502 958 828 1027 κατεπαρθῇ,
903 950 1071 1007 δοκῶν
1150 954 1436 1027 ὑπερϐῆναι
1528 959 1619 1011 τήν
1693 951 1873 1027 ἀρετήν

273 1045 463 1099 αὐτῶν.

352 1137 765 1208 Κατηρτισμένος
832 1162 898 1173 —
956 1132 1135 1186 αὑτοῦ.
1193 1130 1329 1190 Εἶπε
1385 1135 1486 1205 γὰρ
1548 1137 1636 1184 καὶ
1690 1134 1737 1183 ἐν
1804 1139 1875 1201 τῷ

276 1219 562 1281 δηλωθέντι
654 1218 1086 1292 ἐννεακαιδεκάτῳ

1182 1226 1476 1295 κεφαλαίῳ·
1570 1224 1649 1274 ὅτι
1727 1220 1879 1294 ἀρκε-

272 1316 364 1364 τόν
414 1322 485 1383 τῷ
558 1314 790 1385 μαθητῇ,
848 1313 930 1363 ἵνα
1012 1315 1245 1383 γένηται,
1329 1314 1397 1372 ὡς
1454 1314 1478 1363 ὁ
1557 1308 1877 1371 διδάσκαλος

275 1402 462 1457 αὐτοῦ.

346 1495 409 1542 Τί
439 1486 497 1541 δὲ
527 1522 590 1531 -—-
625 1487 847 1562 ἀδελφοῦ
894 1509 1009 1542 σου.
1045 1493 1262 1563 Εἴρηται
1296 1496 1457 1541 ταῦτα
1499 1492 1668 1541 πάντα
1709 1496 1798 1541 καὶ
1829 1492 1876 1541 ἓν

271 1588 347 1649 τῷ
377 1582 593 1651 πέμπτῳ
622 1579 882 1651 κεφαλαίῳ
913 1586 1000 1631 τοὺ
1034 1581 1170 1631 κατὰ
1207 1580 1495 1645 Mati-(Mica,
1528 1584 1617 1631 καὶ
1648 1580 1877 1640 ζήτησον

275 1667 381 1720 ἐκεῖ
408 1673 498 1726 τήν
528 1670 722 1720 τούτων
762 1667 1034 1741 ἐξήγησιν.

350 1847 424 1899 Ού
455 1849 553 1921 γάρ
604 1847 720 1900 ἐστι
771 1878 837 1888 —
894 1852 1226 1918 γινώσκεται.
1285 1846 1503 1919 Ὁμοίως
1554 1852 1643 1899 καὶ
1691 1853 1876 1898 ταῦτα.

280 1936 422 1995 Πλήν
476 1935 576 1987 ἐκεῖ
602 1938 691 2008 μὲν
720 1941 838 2009 περὶ
869 1944 967 1986 τῶν
993 1934 1193 1987 πλάνων
1219 1952 1231 1964 ·
1288 1934 1507 2004 ἐνταῦθα
1556 1932 1614 1988 δε
1663 1940 1780 2008 περί
1828 1954 1881 1987 τε

274 2033 377 2077 τῶν
412 2027 802 2100 κεκαθαρμένων
841 2029 926 2076 καὶ
971 2026 1318 2098 καθαιρόντων
1369 2024 1585 2097 ἐτέρους,
1628 2030 1717 2076 καὶ
1764 2029 1880 2097 περὶ

276 2123 379 2166 τῶν
440 2112 742 2186 ἁκαθάρτῶν
804 2119 894 2165 καὶ
956 2116 1221 2187 καθαίρειν
1285 2112 1467 2173 tilica;
1535 2117 1876 2188 πειρωμένων.

279 2202 647 2275 Παραϐολικῶς
718 2199 775 2255 δε

282 2297 523 2366 καρπούς
549 2289 626 2357 δὲ,
658 2295 749 2353 τὰς
778 2292 984 2364 πράξεις
1012 2292 1196 2355 αὐτῶν,
1232 2298 1320 2343 καὶ
1346 2299 1587 2364 παραινεῖ
1604 2297 1881 2366 προσέχειν

866 2206 1081 2264 τούτους
1170 2208 1259 2274 μὲν
1351 2203 1585 2275 ὠνόμασε
1652 2198 1877 2273 δένδρα⁸

280 2390 393 2441 ταῖς
451 2381 666 2455 πράξεσι
725 2385 937 2446 τούτων⁹
991 2385 1045 2432 αῖ
1094 2381 1197 2432 εἰσι
1239 2385 1457 2454 καρπός,
1516 2386 1604 2432 καὶ
1652 2385 1722 2453 μὴ
1778 2389 1884 2442 τοῖς

277 2472 472 2541 λόγοις,
503 2471 552 2521 οῖ
582 2476 684 2522 εἱσι
717 2470 895 2543 φύλλα.

354 2560 427 2611 Ou’
458 2562 558 2633 γὰρ
608 2591 676 2600 -
723 2559 1005 2630 σταφυλήν.
1069 2558 1144 2610 Ού
1187 2557 1543 2629 συλλέγουσιν,
1586 2554 1708 2609 οὐδὲ
1756 2578 1885 2626 τρυ-

278 2658 419 2721 γῶσι
462 2657 681 2701 τοιαυτα
737 2650 791 2700 ἐκ
856 2667 1103 2699 τοιουτων
1152 2650 1199 2700 οἱ
1261 2649 1557 2720 ἄνθρωπον
1618 2646 1770 2697 πάλιν
1826 2643 1884 2698 δε

284 2734 785 2810 παραδειγματικῶς
843 2735 1053 2807 βεϐαιοῖ
1116 2739 1201 2787 τόν
1280 2735 1452 2806 λόγον,
1522 2734 1723 2806 Ὠσπερ
1782 2737 1882 2809 γὰρ

279 2835 429 2879 τοῦτο
479 2829 622 2897 παρὰ
680 2828 833 2897 φύσιν
894 2829 983 2875 καὶ
1033 2820 1362 2876 ἁνίνδεκτονο
1419 2824 1578 2884 οὕτως
1634 2825 1738 2898 ἄρα
1792 2827 1882 2875 κά·

283 2923 437 2968 κεῖνο.

355 3000 412 3052 Ὀ
461 3000 651 3071 ἀγαθὸς
725 3032 789 3040 -
847 3003 1029 3055 αὑτοῦ.
1100 3005 1225 3073 Περὶ
1288 3009 1388 3053 τῶν
1442 3000 1782 3072 εύλογούντων
1852 3004 1878 3059 ἦ

283 3088 701 3159 κακολόγούντων
742 3090 854 3161 (31)
886 3094 1006 3152 τούς
1038 3086 1310 3162 ἀδελφοὺς,
1355 3088 1489 3160 λέγει
1516 3098 1602 3141 νῦν
1624 3108 1635 3118 '
1671 3086 1779 3142 εἶπε
1825 3087 1883 3142 δὲ

282 3187 449 3229 ταυτα
483 3183 572 3231 καὶ
603 3178 653 3230 ἐν
682 3188 752 3250 τῷ
795 3179 1013 3249 εἰκοστῷ
1047 3175 1267 3253 δευτέρῳ
1316 3179 1573 3250 κεφαλαίῳ
1613 3186 1704 3231 τοῦ
1751 3182 1883 3232 κατὰ

282 3268 571 3334 ΝῙατθαίον,
599 3273 687 3319 καὶ
722 3271 951 3330 ζήτησον
980 3273 1096 3340 περὶ
1124 3270 1316 3319 τούτων
1338 3266 1459 3322 ἐκεῖ.

354 3361 416 3407 Τί
443 3353 503 3407 δε
526 3387 590 3397 -—
628 3356 788 3427 λέγω;
826 3362 1065 3415 Ζήτησον
1093 3355 1139 3407 ἐν
1166 3364 1238 3427 τῷ
1264 3360 1480 3428 πέμπτῳ
1511 3357 1764 3429 κεφαλαίῳ
1794 3366 1882 3411 τοῦ

281 3448 416 3496 κατά
451 3447 717 3498 ῙνῙατθαίον
747 3451 839 3504 τήν
871 3446 1115 3517 ἐξήγησιν
1139 3454 1230 3498 τοῦ
1256 3464 1268 3476 ·
1303 3446 1378 3497 Ού
1417 3453 1515 3507 πᾶς
1540 3448 1565 3497 ό
1594 3446 1749 3518 λέγων
1770 3468 1880 3519 μοι,

284 3537 458 3608 Κύριε,
521 3537 695 3607 Κύριε,
752 3534 1095 3587 εἰσελεύσεται
1166 3535 1232 3595 εἰς
1298 3540 1391 3593 τὴν
1456 3534 1727 3607 βασιλείαν
1783 3547 1882 3587 τῶν

280 3623 506 3695 οὐρανῶν
532 3640 543 3652 ο
579 3622 684 3675 ἀλλ’
718 3625 743 3675 ό
794 3633 952 3675 ποιῶν
983 3628 1040 3676 τὸ
1075 3624 1271 3696 θελημα
1302 3632 1391 3676 τού
1427 3630 1626 3699 Πατρός
1655 3644 1754 3697 μου
1794 3632 1883 3677 τοῦ

281 3711 328 3763 ἄν
356 3712 611 3787 οὐρανοῖς.

356 3808 461 3863 Πᾶς
521 3804 545 3853 ό
604 3834 669 3842 -
735 3806 943 3875 πέτραν,
1011 3809 1189 3854 Ταῦτα
1242 3804 1412 3875 εἰρηκε
1472 3807 1561 3855 καὶ
1636 3806 1765 3876 πρός
1813 3812 1883 3874 τῷ

280 3889 411 3943 τέλει
459 3899 551 3943 τοῦ
610 3896 844 3963 πέμπτου
892 3891 1167 3963 κεφαλαίου
1237 3900 1328 3943 τοῦ
1394 3895 1528 3944 κατά
1592 3895 1878 3959 Ματθαίον,

278 3986 367 4031 καὶ
420 3980 679 4050 ἀνάγνωθι
750 3979 797 4031 ἐν
876 3980 1016 4050 αύτῴ
1080 3985 1171 4037 τήν
1240 3980 1504 4054 ἑρμηνείαν
1572 3990 1697 4033 τοῡ’
1779 3988 1884 4043 Πᾶς

280 4064 391 4134 οὖν,
445 4070 593 4130 ὅστις
652 4068 826 4121 ἀκούει
882 4088 981 4140 μου
1054 4074 1174 4130 τοὺς
1246 4068 1429 4139 λόγους
1500 4072 1732 4132 τούτους,
1794 4077 1883 4123 καὶ

279 4165 419 4209 ποιεῖ
471 4158 681 4218 αύτούς.
748 4157 884 4212 Ἀλλ’
934 4156 1036 4209 ἐκεῖ
1104 4161 1193 4229 μὲν
1266 4156 1516 4230 ἐπιτόμως
1578 4160 1691 4231 (32)
1750 4164 1883 4232 εἴρη-

278 4261 403 4297 ταιο
483 4248 560 4298 ὅτι
638 4244 819 4306 Ὀστις
902 4243 1215 4317 ὠκοδόμησε
1300 4252 1391 4305 τήν
1472 4248 1639 4299 οὶκίαν
1723 4248 1882 4300 αὐτοῦ

279 4335 365 4386 ἐπὶ
421 4340 515 4393 τὴν
563 4339 790 4407 πέτρα-ι’
837 4333 1059 4387 ἐνταῦθα
1107 4331 1164 4387 δὲ
1225 4334 1537 4408 πλατύτερον
1562 4345 1576 4365 ’·
1634 4337 1714 4388 ὅτι
1768 4336 1879 4407 (33)

274 4430 371 4485 ’ος
449 4423 645 4494 ἔσκαψε
724 4429 812 4475 καὶ
896 4422 1154 4486 ίϐάθυνεν,
1243 4422 1275 4475 ἃ
1361 4432 1712 4496 προηγοῦνται
1791 4433 1881 4476 τοῦ

1500 280 1871 351 COMMENT.
1914 288 1983 345 IN
2027 282 2290 347 LUCAM.
2340 323 2406 332 ——
2446 289 2601 347 CAP.
2643 282 2732 346 VI.

3531 288 3636 349 930

1983 430 2120 473 sunt
2152 434 2165 472 :
2200 418 2457 488 primum
2492 419 2651 473 enim
2672 416 2869 473 videre
2889 433 3044 489 opus
3074 420 3181 483 est,
3215 416 3429 473 deinde
3456 418 3638 475 duca-

1983 511 2110 561 tum
2139 505 2269 561 aliis
2302 510 2599 577 praestare.

2051 592 2215 650 Vers.
2249 594 2335 649 40.
2382 595 2517 650 Νοη
2547 625 2614 633 -
2642 600 2723 649 est
2751 610 2943 649 suum.
2994 596 3057 649 Et
3097 593 3211 650 hoc
3262 610 3502 651 rursum
3532 595 3636 652 de-

1982 681 2141 737 cimo
2183 697 2344 737 nouo
2365 682 2537 753 juxta
2568 682 2903 738 Matthwum
2938 682 3129 754 capite
3179 682 3253 737 de
3288 700 3351 738 se
3381 683 3512 756 ipso
3542 684 3637 740 di-

1980 771 2064 826 xit
2093 770 2224 826 :hic
2253 777 2449 825 autem
2491 770 2564 825 de
2607 770 2910 842 discipulis
2939 771 3050 825 hoc
3080 772 3180 836 ait,
3213 787 3367 843 quos
3414 787 3639 843 praece-

1982 865 2183 932 ptores
2222 861 2540 925 constituit,
2568 866 2630 916 ut
2660 859 2859 915 nullus
2885 876 3065 932 super
3089 877 3191 917 eos
3212 860 3511 933 efferatur,
3533 878 3638 935 pu-

1983 954 2116 1004 tans
2140 949 2489 1021 supergredi
2516 949 2791 1005 virtutem
2818 950 3077 1005 illorum.

2057 1126 2221 1182 Vers.
2255 1126 2342 1182 40.
2376 1125 2675 1197 Perfectus
2708 1156 2773 1169 —-
2804 1141 2940 1183 suus
2982 1125 3138 1182 Dixit
3168 1126 3326 1182 enim
3356 1126 3641 1199 praedicto

1984 1230 2228 1288 quoque
2258 1215 2495 1270 decimo
2539 1230 2701 1271 nono
2732 1215 2945 1287 capite.
2977 1215 3200 1272 Sufﬁcit
3235 1215 3551 1288 discipulo,
3582 1221 3645 1272 ut

1984 1304 2090 1360 tiat
2117 1304 2271 1360 sicut
2290 1304 2578 1374 magister
2607 1321 2749 1359 suus
2783 1303 2851 1360 ³⁸.

2057 1481 2222 1538 Vers.
2256 1486 2343 1537 41.
2379 1482 2533 1549 Quid
2575 1487 2768 1538 autem
2797 1513 2864 1523 —
2895 1482 3056 1537 Vers.
3115 1485 3203 1537 42.
3260 1484 3481 1554 fratris
3532 1484 3644 1540 tui.

1985 1571 2151 1627 Dicta
2182 1576 2319 1627 sunt
2347 1572 2552 1627 omnia
2585 1572 2793 1643 quinto
2816 1571 2987 1641 juxta
3032 1572 3371 1628 Matthaaum
3406 1574 3598 1645 capite
3628 1587 3642 1629 :

1987 1660 2068 1716 ibi
2090 1676 2232 1730 ergo
2261 1677 2463 1732 quaere
2494 1660 2999 1732 explanationem.

2062 1750 2222 1805 Vers.
2255 1750 2343 1805 43.
2371 1751 2503 1805 Non
2543 1756 2625 1806 est
2655 1750 2807 1805 enim
2836 1781 2905 1789 —
2934 1750 3099 1806 Vers.
3134 1753 3222 1805 44.
3255 1754 3641 1823 coqnoscitur.

1990 1838 2271 1894 Similiter
2314 1845 2371 1894 et
2420 1840 2567 1894 hth.
2611 1844 2885 1894 Attamen
2941 1838 3020 1893 ibi
3062 1839 3137 1894 de
3184 1840 3641 1897 seductoribus:

1988 1928 2085 1984 hic
2110 1934 2310 1983 autem
2334 1928 2408 1982 de
2434 1927 2529 1983 his
2556 1928 2659 2000 qui
2677 1928 2915 1999 purgati
2944 1931 3083 1983 sunt
3103 1933 3159 1983 et
3176 1928 3321 1984 alios
3353 1935 3642 2001 purgant:

1990 2021 2048 2072 et
2104 2017 2177 2072 de
2222 2017 2315 2072 bis
2363 2017 2465 2089 qui
2517 2033 2657 2072 cum
2711 2017 3007 2071 immundi
3056 2018 3195 2085 sint,
3240 2017 3388 2073 alios
3444 2024 3646 2075 tamen

1992 2106 2284 2162 mundare
2318 2111 2564 2161 tentant.
2604 2105 2725 2161 Hos
2775 2111 2975 2162 autem
3030 2122 3137 2178 per
3195 2107 3646 2163 similitudinem

1992 2194 2311 2267 appellavit
2350 2194 2591 2251 arbores
2624 2212 2635 2248 :
2672 2195 2897 2250 fructus
2929 2211 3065 2250 vero
3107 2196 3485 2268 operationes
3526 2196 3651 2252 illo-

1991 2300 2147 2341 rum.
2176 2287 2239 2339 Et
2260 2284 2565 2349 admonet,
2603 2290 2663 2338 ut
2699 2285 2774 2340 ad
2809 2285 3026 2339 horum
3066 2288 3437 2355 operationes
3464 2291 3651 2342 atten-

1993 2374 2233 2438 damus,
2264 2390 2399 2445 qua:
2440 2379 2577 2430 sunt
2625 2372 2871 2437 fructus,
2904 2380 2959 2428 et
3001 2389 3118 2429 non
3149 2375 3225 2429 ad
3258 2376 3460 2441 verba,
3510 2391 3648 2447 quae

1994 2468 2132 2519 sunt
2169 2462 2332 2518 folia.

2066 2552 2228 2607 Vers.
2282 2555 2371 2606 44.
2426 2552 2558 2606 Νοη
2608 2551 2760 2607 enim
2808 2581 2876 2592 —
2914 2567 3112 2609 uvam.
3168 2551 3293 2607 Non
3342 2552 3648 2623 colligunt,

1994 2655 2188 2713 neque
2240 2640 2611 2695 vindemiant
2660 2639 2854 2696 taliae
2886 2640 3104 2696 talibus
3157 2640 3450 2697 homines.
3505 2644 3651 2699 Rur-

1994 2745 2127 2783 sum
2168 2733 2369 2784 autem
2420 2729 2695 2800 exemplo
2738 2728 3057 2785 conﬁrmat
3089 2746 3443 2787 sermonem.
3493 2732 3653 2789 Sicut

1992 2819 2150 2874 enim
2181 2818 2294 2873 hoc
2333 2824 2544 2889 praeter
2575 2822 2850 2874 naturam
2901 2822 2989 2874 est
3019 2823 3075 2874 et
3118 2817 3513 2892 impossibile,
3570 2822 3653 2880 ita

1994 2923 2141 2963 sane
2167 2914 2224 2963 et
2248 2907 2416 2973 illud,

2062 2997 2225 3053 Vers.
2259 2998 2347 3052 45.
2395 2999 2834 3068 Bonus—ejus
2867 2999 2943 3053 De
2972 2997 3088 3062 his,
3132 2997 3234 3071 qui
3285 2997 3653 3057 benedicunt

1994 3086 2471 3142 autmaledicunt
2492 3086 2784 3151 fratribus,
2805 3086 3261 3159 nrncloquitur.
3280 3088 3430 3143 Dixit
3450 3095 3651 3146 autem

1997 3138 2471 3142 __-_w_-__-__.
2492 3138 2682 3142 __e--__
2807 3138 2873 3141 ψ
2894 3138 3428 3159 -----τ--η------
3452 3138 3651 3146 __--_

1923 3138 1963 3194 Ο
1990 3174 2118 3231 haec
2174 3174 2356 3231 etiam
2431 3176 2712 3231 vicesimo
2766 3175 3034 3231 secundo
3087 3176 3278 3248 capite
3349 3179 3651 3247 Evangelii

1984 3266 2157 3334 juxta
2197 3264 2537 3319 Matthmum
2566 3279 2581 3330 ;
2610 3270 2665 3319 et
2686 3263 2765 3319 ibi
2796 3280 2996 3336 qurere
3028 3264 3102 3319 de
3126 3264 3240 3321 his.

2063 3351 2229 3407 Vers.
2290 3352 2377 3407 46.
2437 3352 2590 3419 Quid
2641 3359 2837 3407 autem
2869 3383 2935 3392 —
2969 3352 3100 3408 dico
3126 3352 3156 3405 ‘I
3185 3353 3392 3418 Quaere
3441 3354 3651 3425 quinto

1987 3441 2159 3512 juxta
2184 3440 2523 3497 Matthaaum
2563 3442 2754 3512 capite
2801 3440 2939 3496 dicti
2982 3440 3139 3495 illius
3168 3442 3646 3499 enarrationem:

1990 3531 2125 3586 Non
2155 3530 2344 3586 omnis
2366 3530 2472 3600 qui
2496 3530 2637 3585 dicit
2669 3530 2831 3597 mihi,
2864 3530 3133 3593 Domine,
3161 3530 3419 3597 Domine,
3459 3531 3650 3589 intra-

1993 3620 2075 3675 bit
2100 3621 2161 3674 in
2193 3634 2434 3689 regnum
2465 3620 2762 3685 caelorum,
2804 3618 2908 3674 sed
2949 3620 3055 3690 qui
3091 3619 3243 3688 facit
3284 3621 3651 3678 voluntatem

1991 3709 2197 3765 Patris
2225 3708 2357 3773 mei,
2389 3708 2493 3780 qui
2522 3708 2585 3764 in
2618 3709 2773 3763 caelis
2804 3711 2882 3763 est
2912 3708 2979 3763 ³⁷.

2062 3798 2225 3853 Vers.
2254 3797 2340 3853 47.
2369 3797 2565 3851 Omnis
2589 3826 2652 3837 —
2676 3797 2839 3852 Vers.
2881 3798 2969 3851 48.
3006 3802 3255 3865 petram.
3302 3800 3433 3855 Haec
3478 3798 3648 3855 etiam

1991 3885 2312 3942 dixitcirca
2337 3885 2519 3941 ﬁnem
2541 3885 2734 3959 quinti
2755 3885 2967 3957 capitis
2995 3886 3293 3955 Evangelii
3314 3888 3650 3944 secundum

1992 3976 2367 4041 Matthmum;
2401 3976 2540 4031 etin
2586 3991 2656 4031 eo
2687 3975 2814 4045 lege
2856 3974 3406 4047 interpretationem
3444 3977 3557 4032 loci
3587 3976 3653 4034 il-

1992 4064 2143 4119 lius:
2170 4064 2372 4120 Omnis
2401 4080 2560 4134 ergo,
2596 4064 2700 4136 qui
2721 4064 2883 4119 audit
2909 4064 3005 4118 hos
3047 4079 3335 4120 sermones
3365 4081 3541 4135 meos,
3598 4073 3652 4122 et

1987 4153 2136 4223 facit
2166 4170 2277 4221 eos,
2304 4153 2649 4209 assimitabo
2684 4168 2809 4208 eum
2852 4153 2980 4208 viro
3007 4152 3281 4223 prudenti
3305 4155 3373 4208 ³⁸.
3421 4155 3534 4210 Sed
3567 4153 3652 4211 ibi

1990 4242 2234 4314 quidem
2266 4241 2693 4314 compendiose
2746 4241 2971 4296 dictum
3015 4246 3101 4297 est
3144 4258 3158 4296 :
3192 4242 3306 4309 Qui
3334 4243 3652 4312 aediﬁcavit

1991 4330 2222 4387 domum
2248 4347 2409 4387 suam
2434 4347 2614 4400 super
2640 4336 2874 4399 petram
2907 4346 2919 4385 :
2946 4329 3041 4385 hic
3062 4333 3265 4386 autem
3291 4331 3470 4387 latius
3495 4349 3507 4387 :
3537 4334 3649 4400 Qui

1996 4421 2137 4476 t‘odit
2159 4422 2223 4475 in
2240 4422 2453 4488 altum,
2478 4419 2645 4493 quod
2678 4420 2755 4476 ad
2775 4419 3125 4490 jaciendum
3159 4420 3651 4488 fundamentum,

279 4512 673 4584 θεμελιώβατος.
746 4513 1075 4583 Εἰλήφθησαν
1154 4510 1213 4565 δὲ
1286 4521 1452 4565 ταῦτα
1526 4516 1652 4586 πρὸς
1720 4517 1881 4585 μόνην

2002 4509 2338 4581 praecedens
2369 4514 2456 4565 est
2482 4525 2496 4575 ;
2526 4514 2582 4565 et
2614 4509 2690 4564 ad
2726 4508 2918 4565 solam
2950 4513 3266 4579 acceptum
3297 4514 3385 4565 est
3409 4511 3655 4582 empha-

276 4605 499 4674 ἔμφασιν
563 4600 803 4676 ἀκριϐοῦς
857 4601 1255 4673 Θεμελιώματος.
1324 4602 1619 4675 Πλημμύρα
1677 4598 1736 4654 6“:
1789 4609 1882 4654 τοῦ

279 4699 536 4763 ποταμοῦ,
591 4694 647 4743 τό
714 4690 911 4752 πλῆθος
969 4695 1057 4744 καὶ
1106 4693 1133 4749 ἡ
1197 4687 1491 4764 σφοδρότης
1555 4699 1654 4743 τῶν
1701 4710 1881 4765 πειρα-

282 4797 447 4850 σμων.

350 4865 408 4920 ⁸0
463 4864 522 4921 δὲ
579 4899 644 4910 -
693 4872 849 4941 μέγα.
910 4873 1010 4923 Καὶ
1071 4874 1239 4920 ταῦτα
1294 4866 1397 4921 ἐκεῖ
1464 4864 1876 4941 διασεσοίφηται.

274 4957 479 5031 Ῥἦγμα
509 4954 587 5023 δὲ,
621 4959 650 5017 ἠ
686 4954 978 5035 διάρῥηξις,
1009 4961 1040 5017 ἤ
1072 4953 1331 5018 διάλυσις.

354 5224 403 5261 ⁸⁸
433 5222 639 5281 Matth.
662 5238 715 5292 x,
747 5225 835 5282 25.
901 5223 946 5262 ³⁷
973 5223 1172 5284 Matth.
1210 5240 1309 5295 vu,
1329 5224 1420 5282 21.
1484 5225 1533 5264 ⁸⁸
1561 5224 1711 5283 ibid.
1743 5226 1834 5283 24.

1996 4600 2090 4655 sin
2136 4598 2452 4669 diligenter
2482 4598 2944 4654 fundamentum
2994 4597 3291 4669 ponentis.
3342 4598 3651 4657 Inundatio

1992 4704 2130 4745 vero
2158 4686 2446 4755 ﬂuminis,
2479 4692 2570 4744 est
2598 4686 2917 4743 multitudo
2943 4702 3013 4742 ac
3058 4688 3431 4743 vehementia
3462 4691 3651 4745 tenta-

2123 4794 2269 4832 um..

2123 4794 2157 4832 u
2232 4816 2269 4831 ..

1991 4782 2229 4922 “03.21:
2262 4866 2350 4922 49.
2407 4866 2518 4932 Qui
2553 4870 2749 4921 autem
2780 4894 2851 4904 —
2895 4878 3131 4935 magna.
3159 4864 3350 4920 Etiam
3398 4865 3526 4921 haec
3569 4866 3654 4924 ibi

1990 4955 2368 5015 manifestata
2398 4960 2553 5012 sunt.
2580 4954 2771 5011 Ruina
2797 4968 2962 5019 vero,
2995 4968 3171 5011 casus
3194 4958 3282 5012 est
3307 4970 3378 5013 ac
3400 4955 3656 5015 dissolu-

1990 5046 2096 5106 tio.

1483 5402 1707 5476 Varia
1742 5404 2073 5475 lectiones
2111 5411 2179 5472 et
2218 5412 2428 5473 nota.

374 5601 463 5673 31)
501 5597 573 5674 Ἦ
602 5601 1043 5674 κακολογούντων,
1077 5602 1279 5660 abest.
1308 5606 1372 5659 Δ.

374 5603 463 5673 31)
501 5603 573 5656 Ἦ
602 5603 935 5674 κακολογούν1

347 5603 464 5748 ἱθὲ)
501 5672 828 5748 ’Δποτόμωᾳ
858 5676 935 5732 A.

2029 5601 2146 5677 (33)
2168 5604 2291 5656 Ὅτι
2318 5598 2461 5663 ὅστις
2497 5595 2715 5673 ams.
2746 5601 2806 5657 Β.
