4170 6364
593 321 693 375 93l

919 445 1072 500 CAP.
1102 442 1281 500 XVIII.
1315 446 1393 501 De
1424 441 1789 501 centurione.

669 537 810 607 Cap.
857 534 967 589 VII.
1002 535 1172 589 Vers.
1230 541 1276 589 1.
1328 534 1466 590 Cum
1500 566 1567 574 —
1600 534 1998 604 Capernaum.
2047 532 2257 588 Omnia

592 624 780 680 verba
806 639 933 688 sua,
967 639 1103 695 quae
1127 623 1394 679 videlicet
1419 623 1563 679 dicta
1603 631 1740 678 sunt
1768 668 1781 680 .
1818 622 1908 679 Ait
1931 621 2087 677 enim
2111 620 2255 677 Mat-

592 713 783 768 thaeus
807 729 824 771 :
852 713 927 768 Et
955 713 1185 782 factum
1234 719 1317 770 est
1352 728 1484 769 cum
1517 713 1743 781 ﬁnisset
1785 716 1951 768 Jesus
1982 711 2085 769 hos
2134 725 2250 767 ser-

592 796 785 859 mones
829 804 895 857 ³⁸.

664 891 827 947 Vers.
882 895 937 946 2.
989 892 1385 948 Centurionis.
1415 924 1483 933 -—
1510 892 1670 948 Vers.
1704 891 1757 947 3.
1788 891 1991 960 ipsius.
2046 892 2111 945 Et
2154 889 2250 946 hic

585 983 789 1054 ἐρωτῶν
830 981 990 1036 idem
1046 981 1360 1052 signiﬁcat,
1416 981 1581 1054 quod
1633 981 1988 1051 deprecans.
2026 980 2104 1035 De
2133 978 2247 1034 hoc

589 1077 792 1126 autem
823 1070 1051 1126 dictum
1079 1078 1165 1125 est
1197 1071 1640 1141 septimojuxta
1666 1070 2007 1125 Matthaeum
2032 1068 2243 1141 capite.

587 1160 739 1229 Lege
769 1174 910 1230 ergo
936 1161 1112 1215 totius
1138 1159 1345 1231 capitis
1381 1159 1539 1215 illius
1566 1159 2023 1225 enarrationem,
2064 1164 2115 1213 et
2145 1172 2248 1229 po—

585 1249 873 1305 tissimum
920 1248 978 1303 in
1028 1248 1167 1313 ﬁne,
1204 1254 1264 1304 ut
1312 1249 1483 1314 scias,
1536 1248 1699 1323 quod
1751 1262 1870 1304 non
1920 1252 2244 1319 repugnent

582 1337 1086 1407 evangelistarum
1111 1338 1289 1403 dicta,
1323 1343 1376 1395 et
1408 1339 1453 1394 si
1486 1338 1812 1394 videantur.

655 1427 820 1482 Vers.
850 1430 902 1482 4.
934 1426 1048 1495 Qui
1073 1458 1127 1468 —
1153 1427 1283 1484 hoc.
1320 1430 1458 1495 Hoc,
1491 1427 1787 1502 quidnam
1817 1426 1845 1483 ?
1869 1430 2012 1500 puta
2042 1426 2241 1483 venire

581 1534 649 1573 ac
685 1532 900 1573 sanare
933 1531 1174 1571 servum
1206 1519 1356 1589 ejus.

654 1606 820 1661 Vers.
846 1610 896 1663 5.
919 1604 1119 1676 Diligil
1144 1637 1207 1645 -—
1230 1607 1417 1663 nobis.
1446 1609 1765 1679 Synagoga
1785 1604 1912 1661 haec
1938 1603 2238 1661 habitacu-

577 1692 704 1750 lum
736 1700 880 1761 erat,
913 1695 973 1750 in
1013 1709 1133 1766 quo
1165 1696 1685 1767 congregabantur
1736 1693 1969 1750 statutis
2023 1710 2058 1750 a
2105 1691 2235 1764 lege

574 1784 811 1840 diebus.

649 1873 809 1929 Vers.
839 1875 892 1930 6.
950 1877 1117 1932 Jesus
1146 1879 1331 1932 autem
1380 1905 1442 1915 —
1477 1874 1706 1931 vexari.
1739 1872 1820 1929 Ne
1864 1871 2228 1936 distraharis,

574 1975 650 2016 ne
702 1962 1054 2019 molesteris.

647 2049 810 2105 Vers.
841 2053 895 2106 6.
931 2053 1064 2109 Non
1090 2084 1157 2094 —
1183 2052 1344 2108 Vers.
1385 2058 1438 2107 7.
1471 2067 1618 2120 puer
1658 2066 1834 2108 meus.
1870 2052 1995 2106 Haec
2046 2048 2229 2106 etiam

569 2137 720 2195 dixit
749 2141 1080 2207 Matthaeus,
1117 2148 1171 2197 et
1210 2140 1510 2196 declarata
1539 2145 1677 2195 sunt
1706 2140 1990 2211 praedicto
2016 2138 2225 2209 capite.

654 2234 816 2290 Vers.
848 2233 901 2286 8.
924 2230 1224 2302 Siquidem
1256 2261 1323 2270 -
1351 2229 1503 2299 facit
1532 2228 1808 2285 Similiter
1846 2232 1903 2283 et
1932 2227 2082 2283 haec.

642 2325 801 2380 Vers.
833 2322 888 2377 9.
930 2321 1037 2376 His
1063 2326 1247 2377 autem
1278 2319 1497 2375 auditi:
1525 2350 1594 2359 —
1615 2318 1837 2375 inveni.
1873 2316 2006 2374 Pari
2044 2315 2227 2373 modo

569 2421 626 2471 et
647 2414 794 2470 haec.

640 2504 801 2559 Vcrs.
831 2504 913 2557 10.
936 2501 1013 2556 Et
1046 2500 1343 2556 reoersi—
1368 2514 1599 2554 sanum.
1627 2498 1706 2552 De
1728 2496 1842 2552 hoc
1877 2512 2114 2552 rursum
2139 2494 2226 2551 in-

566 2594 760 2649 venies
813 2591 871 2646 in
905 2589 1064 2645 calce
1110 2586 1528 2656 enarrationis,
1568 2601 1705 2658 qua:
1754 2584 1949 2658 posita
1999 2591 2090 2642 est
2144 2586 2223 2644 ad

565 2684 745 2738 ﬁnem
780 2680 919 2735 dicti
952 2675 1188 2750 capitis.

885 2768 1035 2822 CAP.
1072 2767 1201 2823 XIX.
1235 2765 1320 2821 De
1352 2765 1480 2834 ﬁlio
1513 2764 1728 2821 viduae.

636 2869 792 2922 Vers.
853 2866 941 2919 11.
981 2864 1057 2919 Et
1091 2864 1321 2931 factum
1354 2869 1438 2919 est
1468 2894 1534 2902 -——
1578 2864 1732 2916 Vers.
1792 2862 1875 2916 1:2.
1910 2878 2034 2918 cum
2083 2863 2215 2919 illa.

564 2956 977 3016 Condolebant
1022 2952 1182 3007 enim
1209 2952 1306 3016 illi,
1350 2958 1573 3023 atquae
1628 2966 1748 3007 non
1800 2950 1983 3006 modo
2024 2952 2215 3007 virum

562 3045 923 3120 perdiderat,
953 3041 1059 3097 sed
1109 3057 1268 3096 nunc
1299 3056 1543 3112 quoque
1569 3039 1781 3111 ﬁlium,
1815 3043 1873 3096 et
1897 3040 2054 3095 hunc
2086 3042 2218 3096 uni-

561 3141 983 3279 geﬁiuslﬂdﬂt
1001 3220 1272 3275 —illam.
1289 3217 1542 3275 Intuitus
1560 3234 1694 3273 eam
1708 3216 2215 3275 inconsolabiliter

555 3313 821 3370 ﬂentem.
856 3311 911 3368 Si
944 3309 1291 3366 enimturba
1314 3308 1724 3375 miserebatur,
1749 3312 1975 3380 quanto
2006 3309 2209 3378 magis,

550 3403 656 3476 qui
684 3402 815 3459 fons
846 3407 970 3457 erat
1014 3392 1463 3455 misericordiae?

621 3494 784 3547 Vers.
819 3491 906 3558 13,
958 3488 1229 3561 Dixitque
1257 3518 1326 3531 —
1355 3486 1519 3543 Vers.
1556 3489 1633 3543 14.
1685 3486 1969 3544 loculum.
2032 3493 2210 3545 Arcu-

547 3581 692 3649 lam,
725 3580 785 3636 in
824 3596 943 3651 qua
967 3578 1206 3650 jacebat
1237 3581 1528 3635 mortuus.

620 3672 779 3725 Vers.
832 3669 920 3723 14.
964 3667 1079 3735 Qui
1118 3682 1251 3723 vero
1283 3668 1531 3722 -—Vers.
1601 3670 1684 3723 15.
1738 3681 1880 3723 suae.
1926 3666 2205 3734 Quemad-

548 3759 789 3814 modum
844 3758 1087 3822 ferrum,
1155 3755 1323 3829 quod
1370 3755 1430 3812 in
1478 3756 1616 3827 igne
1683 3755 1991 3829 aliquanto
2063 3761 2205 3813 tem-

545 3866 689 3921 pore
720 3847 1069 3917 permansit,
1117 3846 1299 3902 habet
1327 3845 1484 3918 ignis
1515 3845 1913 3916 operationes,
1944 3844 2027 3902 ita
2056 3862 2199 3917 quo-

541 3955 660 4011 que
688 3944 892 3995 sancta
914 3936 1099 4010 ipsius
1129 3951 1269 3991 caro
1299 3934 1587 3990 divinitati
1620 3935 1805 4003 unita,
1829 3951 1964 4006 quae
1990 3934 2200 3990 divini-

541 4029 676 4085 tatis
690 4034 846 4093 sunt,
862 4025 1239 4098 operabatur.
1256 4023 1394 4078 Ideo
1412 4040 1621 4078 manus
1637 4024 1879 4095 quidem
1899 4029 2198 4079 mortuum

542 4134 610 4173 ac
651 4116 948 4172 desertum
979 4130 1199 4185 corpus
1241 4112 1551 4182 conjunxit
1584 4129 1598 4178 ;
1631 4128 1744 4167 vox
1789 4118 1992 4168 autem
2042 4129 2198 4169 rece-

538 4206 775 4262 dentem
810 4203 1077 4259 animam
1107 4202 1424 4257 revocavit.

610 4294 771 4348 Vers.
811 4293 893 4346 16.
937 4292 1177 4360 Accepit
1205 4321 1270 4331 —
1296 4289 1525 4359 plebem
1578 4305 1762 4346 suam.
1818 4289 1971 4347 Olim
2007 4291 2197 4364 siqui-

534 4383 669 4439 dem
718 4381 1009 4454 propheta
1066 4380 1213 4436 Elias
1266 4379 1454 4435 ﬁlium
1514 4378 1942 4452 Sarephthanaa
1995 4381 2194 4439 vidua:

1948 307 2294 374 EUTHYMII
2332 308 2657 379 ZIGABENI

2284 446 2331 498 Α

3884 330 3993 394 932

2654 456 2796 507 ΚΕΦ.
2842 452 2944 506 IH'.
2981 458 3105 528 Περὶ
3144 462 3240 508 τοῦ
3271 453 3683 533 ἑκατοντάρχου.

2437 535 2581 589 Ἑπεὶ
2613 535 2671 591 δὲ
2712 572 2782 580 -
2838 545 3197 617 Καπερναούμ.
3261 548 3437 598 Πάντα
3493 551 3559 599 τὰ
3608 549 3835 623 ῥήματα
3894 553 3991 604 αὖ-

2362 632 2473 690 τοῡ,
2508 629 2570 677 τὰ
2615 628 2855 701 ῥηθέντα,
2892 628 3151 688 δηλονότι.
3213 639 3351 691 Φησὶ
3405 638 3505 708 γὰρ
3567 642 3594 689 6
3662 641 3985 702 Ματθαίος·

2366 717 2463 764 Καὶ
2503 713 2717 785 ἐγένετο,
2757 720 2839 771 ὅτε
2894 721 3212 775 συνετέλεσεν
3267 724 3291 775 ὁ
3350 724 3556 788 Ἰησοῦς
3610 730 3729 788 τοὺς
3789 728 3987 801 λόγους

2360 818 2592 864 τοντους.

2428 889 2845 967 Ἐκατοντάρχου
2904 929 2972 938 —
3024 899 3202 952 αὐτοῦ.
3255 932 3324 941 -—
3375 902 3627 976 Ἐρωτῶν,
3681 904 3805 959 ἀντὶ
3863 918 3980 971 τοῦ,

2361 982 2696 1053 Παρακαλῶν.
2744 988 2958 1057 Εἴρηται
3017 985 3077 1041 δε
3126 993 3243 1061 περὶ
3298 994 3479 1044 τούτου
3526 991 3573 1044 ἓν
3630 1002 3702 1064 τῷ
3753 991 3979 1068 ἑϐδόμῳ

2356 1070 2614 1143 κεφαλαίῳ
2652 1081 2743 1125 τοῦ
2794 1078 2928 1127 κατὰ
2958 1079 3246 1143 Ματθαῖον,
3280 1087 3370 1132 καὶ
3410 1078 3667 1152 ἀνάγνωθι
3696 1087 3800 1141 τήν
3854 1084 3979 1142 ὅλην

2356 1155 2606 1229 έξήγησιν
2644 1169 2735 1214 τοῦ
2765 1162 2881 1216 ὅλου
2912 1165 3192 1237 κεφαλαίου
3221 1165 3434 1233 ἐκείνου,
3462 1174 3551 1222 καὶ
3569 1170 3763 1242 μᾶλλον
3791 1177 3898 1230 τὴν
3932 1172 3977 1224 ἐι

2353 1254 2425 1317 τῷ
2452 1249 2601 1313 τελει,
2636 1251 2718 1303 ἵνα
2749 1261 2924 1325 σαφῶς
2953 1262 3108 1326 γνῷς,
3154 1257 3234 1309 ὅτι
3273 1257 3331 1310 οὗ
3365 1253 3736 1331 διαφωνοῦσιν,
3782 1262 3834 1315 εἰ
3886 1268 3975 1313 καὶ

2354 1332 2512 1390 δοκοῦ
2522 1357 2623 1394 σιν.

2422 1429 2488 1479 Οἱ
2518 1459 2584 1470 -
2609 1438 2780 1484 τοῦτο.
2814 1438 2994 1499 Τοῦτο,
3036 1440 3183 1488 ποῖον
3212 1452 3225 1501 ;
3258 1439 3327 1489 T6
3359 1435 3519 1490 ἐλθεῖν
3563 1442 3651 1491 καὶ
3683 1435 3973 1494 διασῶσαι

2349 1520 2435 1567 τὸν
2468 1514 2652 1571 δοῦλον
2686 1521 2868 1573 αὐτοῦ.

2418 1605 2630 1679 Ἀγαπᾷ
2699 1639 2768 1651 -
2833 1612 2977 1682 ἡμῖν.
3053 1610 3113 1665 Ἠ
3175 1618 3455 1687 συναγωγή
3523 1615 3678 1681 αὕτη,
3757 1621 3971 1691 οἴκημα

2344 1690 2425 1761 ἧν,
2472 1694 2520 1747 ἐν
2641 1704 2925 1770 συνήγοντο
2971 1703 3106 1754 κατὰ
3161 1704 3250 1765 τὰς
3315 1700 3371 1754 ἔκ
3420 1706 3581 1776 νόμου
3634 1712 3969 1779 τεταγμένας

2268 1803 2307 1858 Β
2342 1786 2556 1859 ἡμέρας.

2409 1872 2467 1926 Ὀ
2530 1873 2589 1928 δὲ
2665 1876 2867 1937 Ἰησοῦς
2935 1910 2996 1920 -
3063 1879 3302 1936 σκύλλου.

2340 1982 2431 2036 περ
2440 1968 2675 2018 ικὸπτου.

2411 2053 2485 2105 Οὔ
2516 2085 2579 2096 -—
2606 2063 2723 2117 παῖς
2761 2076 2883 2128 μου.
2931 2064 3109 2111 Ταῦτα
3160 2056 3267 2112 εἶπε
3309 2064 3400 2112 καὶ
3446 2061 3472 2112 6
3520 2064 3818 2135 Ματθαίος,
3864 2072 3957 2117 καὶ

2339 2142 2739 2216 ἡρμηνεύθησαν
2771 2144 2818 2198 ἐν
2859 2155 2927 2218 τῷ
2955 2148 3164 2221 ῥηθέντι
3193 2148 3474 2221 κεφαλαίῳ.

2411 2238 2510 2284 Καὶ
2538 2235 2639 2308 γὰρ
2692 2266 2733 2275 -
2772 2244 2926 2289 ποιεῖ.
2967 2236 3186 2309 Ὁμοίως
3211 2244 3300 2291 καὶ
3329 2246 3517 2296 ταῦτα.

2410 2321 2665 2386 ’Δκούσας
2744 2321 2803 2376 δε
2866 2333 3029 2378 ταῦτα
3116 2358 3179 2368 --
3264 2327 3430 2404 εὗρον.
3500 2327 3781 2395 Ὡσαύτως
3856 2338 3951 2385 καὶ

2336 2430 2518 2483 ταυτα.

2409 2506 2507 2554 Καὶ
2539 2502 2958 2575 ὑποστρέψαντες
2980 2537 3048 2544 -
3075 2506 3394 2577 ὑγιαίνοντα.
3426 2510 3550 2580 Περὶ
3569 2511 3761 2561 τούτου
3789 2511 3946 2563 πάλιν

2333 2591 2566 2664 εὑρήσεις
2587 2590 2635 2643 ἐν
2662 2600 2734 2663 τῷ
2764 2592 2890 2646 τελει
2929 2601 3020 2655 τῆς
3047 2592 3364 2667 ἐξηγήσεως,
3392 2604 3487 2658 τῆς
3517 2595 3564 2648 ἐν
3588 2606 3661 2668 τῷ
3694 2599 3829 2652 τέλει
3851 2610 3944 2654 τοῦ

2331 2678 2601 2752 λεχθέντος
2632 2681 2930 2753 κεφαλαίου.

2601 2776 2745 2826 ΚΕΦ.
2777 2770 2881 2827 ΙΘ’.
2918 2778 3041 2845 Περὶ
3071 2781 3162 2826 τοῦ
3188 2775 3304 2826 υἱοῦ
3334 2781 3432 2835 τῆς
3457 2780 3650 2849 χήρας.

2403 2864 2501 2912 Καὶ
2545 2858 2737 2930 ἐγένετο
2788 2892 2853 2901 -
2913 2866 3005 2914 σὺν
3062 2863 3216 2935 αὐτῇ.
3270 2863 3561 2936 Συνήλγουν
3606 2867 3696 2936 γὰρ
3752 2864 3909 2935 αὐτῇ,

2329 2951 2398 3011 ὡς
2428 2949 2761 3023 ἀποϐαλούσῃ
2795 2955 2866 3023 μὴ
2907 2956 2995 3003 τὸν
3025 2949 3126 3005 οἶνὸ
3128 2972 3195 3023 ρα
3226 2954 3400 3025 μόνον,
3436 2952 3543 3006 ἀλλ’
3576 2950 3680 3012 ἤδη
3705 2959 3794 3005 καὶ
3829 2958 3916 3005 τὸν

3387 1885 3474 1941 Μή
3555 1902 3650 1958 περ
3659 1893 3821 1951 ισπῶ,
3884 1891 3958 1960 μή

2327 3040 2458 3107 υἱον,
2486 3043 2576 3090 καὶ
2604 3046 2784 3091 τοῦτον
2813 3048 3081 3112 μονογενῆ.

2397 3221 2495 3269 Καὶ
2522 3249 2591 3257 -
2621 3216 2773 3291 αὐτῇ.
2818 3213 2965 3272 Ἰδὼν
2995 3219 3158 3278 αὐτὴν
3190 3216 3569 3294 ἀπαρηγόρητα
3613 3221 3927 3275 κλαίουσαν.

2323 3307 2384 3359 Εἰ
2406 3307 2506 3380 γὰρ
2536 3307 2561 3358 ὁ
2600 3306 2757 3378 ὁχλος
2790 3308 2924 3367 ἠλέει
2953 3307 3135 3374 αὐτὴν,
3154 3307 3324 3380 πολλῷ
3348 3309 3538 3382 μᾶλλον
3574 3311 3734 3373 αὐτὸς
3772 3313 3800 3369 ἡ
3836 3319 3930 3365 τοῦ

2323 3393 2492 3457 ἐλέους
2519 3401 2686 3468 πηγή.

2396 3488 2493 3538 Καὶ
2524 3482 2657 3539 εἶπεν
2705 3517 2773 3528 -
2806 3495 2984 3561 σοροῦ.
3029 3490 3132 3543 Τοῦ
3178 3486 3449 3555 κὶϐωτίου,
3483 3487 3531 3542 ἓν
3674 3492 3845 3544 ἔκειτο
3900 3494 3925 3544 6

2318 3579 2515 3648 νεκρός.

2388 3666 2454 3716 Οἱ
2484 3661 2543 3717 δὲ
2574 3697 2639 3706 --
2688 3665 2866 3721 αὐτοῦ.
2916 3664 3116 3740 Ὠσπερ
3158 3668 3183 3719 ὁ
3241 3663 3486 3743 σίδηρος,
3541 3668 3800 3742 ὁμιλήσας
3846 3680 3923 3740 τῷ

2312 3758 2460 3827 πυρὶ,
2486 3756 2549 3806 τὰ
2591 3762 2683 3807 τοῦ
2721 3758 2885 3830 πυρὸς
2936 3754 3160 3830 ἆνεργεῖσ
3196 3757 3326 3809 οὕτω
3379 3762 3468 3810 καὶ
3517 3760 3549 3816 ἠ
3604 3761 3732 3829 ἁγία
3786 3761 3925 3833 σαρξ

2312 3843 2492 3909 αὐτοῦ,
2549 3844 2799 3897 ἐνωθέίσα
2854 3852 2915 3917 τῇ
2970 3846 3196 3911 θεότήτι,
3238 3847 3301 3898 τὰ
3355 3855 3447 3907 τῆς
3502 3849 3740 3909 θεότητος
3785 3849 3919 3918 mp-

2309 3940 2407 4005 γεί.
2459 3936 2545 3986 Διό
2589 3934 2619 3991 ἡ
2653 3939 2773 4006 χεὶρ
2818 3937 2907 4006 μεν
2955 3934 3115 3987 αὑτοῦ
3154 3939 3212 3987 τὸ
3256 3938 3429 4007 νεκρὸν
3461 3940 3552 3989 καὶ
3609 3944 3917 4013 παρειμένον

2311 4030 2463 4095 σῶμα
2508 4022 2872 4095 συνέσφιγξεν·
2904 4024 2934 4081 ἡ
2984 4019 3042 4076 δὲ
3092 4028 3229 4096 φωνή
3276 4029 3369 4083 τὴν
3413 4024 3687 4099 οἰκοριένήν
3723 4027 3915 4100 ψυχήν

2309 4111 2636 4185 ἐπέστρεψεν.

2377 4290 2561 4345 ’Ἑλαϐε
2598 4327 2653 4334 -—
2688 4291 2807 4345 λαὸν
2832 4293 3011 4348 αὑτοῦ.
3037 4293 3204 4347 Πάλαι
3230 4296 3319 4368 μὲν
3344 4296 3445 4368 γὰρ
3472 4301 3563 4349 καὶ
3594 4298 3620 4349 ὁ
3641 4305 3912 4372 προφήτης

2306 4380 2478 4442 Ἠλίας
2562 4380 2814 4439 ἀνέστησε
2881 4385 2967 4434 τὸν
3050 4385 3160 4435 υἱὸν
3245 4392 3341 4446 τῆς
3409 4388 3729 4459 Σαραφϐἰας,
3798 4387 3907 4440 ἀλλ’

535 4472 868 4537 suscitavit,
902 4471 1007 4528 sed
1038 4470 1403 4542 deplorando
1435 4486 1574 4539 erga
1626 4473 1827 4539 Deum,
1873 4472 2192 4544 ipsumque

2327 4468 2699 4543 ὶποὸυρὶμενος
2753 4475 2876 4542 πρὸς
2922 4476 3050 4526 Θεὸν
3088 4477 3178 4526 καὶ
3215 4475 3478 4535 ἱκετεύσας
3521 4475 3696 4529 αὐτόν.
3743 4480 3841 4529 Καὶ
3876 4478 3905 4528 ὁ

530 4563 935 4634 deprecando.
970 4564 1036 4617 Et
1064 4560 1361 4632 propheta
1387 4559 1623 4616 Elisaeus
1650 4560 1838 4616 tilium
1867 4562 2191 4619 Somaniti-

529 4652 645 4723 dis,
688 4652 796 4708 sed
828 4656 1101 4708 extensus
1131 4665 1307 4721 super
1344 4666 1504 4720 eum,
1547 4653 1708 4705 totus
1754 4666 1931 4722 super
1977 4654 2184 4707 totum.

527 4743 630 4799 Hic
656 4757 794 4797 vero
818 4745 1070 4813 tangens
1102 4739 1292 4794 solum
1314 4755 1385 4795 ac
1401 4738 1642 4809 jubens,
1672 4739 1871 4794 statim
1890 4739 2183 4796 excitavit.

525 4833 772 4902 Propter
816 4830 931 4886 hoc
956 4829 1157 4901 itaque
1199 4827 1500 4892 dicebant,
1556 4827 1856 4899 Propheta
1902 4843 2180 4898 magnus,

527 4902 634 4991 sed
680 4920 896 4991 ingrati
939 4917 1329 4992 postmodum
1358 4916 1561 4989 ipsum
1602 4915 1966 4973 occiderunt.

595 5012 758 5069 Vers.
818 5009 905 5065 17.
961 5009 1363 5079 Egressusque
1390 5037 1460 5047 —
1485 5005 1795 5075 ﬁnitimam
1857 5009 2179 5079 regionem.

523 5106 731 5161 Sermo
761 5099 1051 5165 miraculi,
1092 5104 1148 5157 et
1173 5098 1331 5171 quod
1360 5098 1655 5172 propheta
1695 5113 1955 5171 magnus
1988 5115 2181 5156 surre-

522 5192 726 5250 xisset.

592 5371 641 5409 ”
670 5368 869 5427 Matth.
901 5385 999 5434 vu,
1031 5371 1120 5425 28.

2301 4567 2571 4635 προφήτης
2612 4559 2908 4622 Ἐλισσαῖος
2941 4565 3027 4613 τὸν
3067 4564 3177 4614 υἱὸν
3218 4570 3311 4624 τῆς
3345 4564 3478 4635 (34).
3533 4561 3889 4636 Σωμανίτιδος,

2311 4649 2465 4702 ’λγε
2570 4649 2740 4700 )-“’
2810 4647 3221 4702 ·⁹τ“”λ’“’”λ
3317 4651 3415 4685 -~'
3525 4649 3570 4704 δ’
3642 4650 3738 4683 ’¹’
3869 4672 3889 4683 ι

2300 4670 2334 4702 α
2382 4690 2390 4701 .
2444 4669 2741 4711 uri-mam,
2773 4670 2910 4721 αν.ῳ
2941 4671 2965 4703 ο
3000 4670 3047 4711 ο,
3077 4668 3134 4703 οι
3173 4671 3290 4704 ο.ου
3354 4672 3505 4715 ουτος
3560 4671 3597 4721 ε,
3630 4669 3888 4723 αγαμενο,

2296 4743 2448 4813 μόνον
2487 4744 2577 4792 καὶ
2620 4739 2935 4812 προστάξας,
2991 4740 3175 4803 εὐθέως
3219 4744 3410 4814 ἤγειρε,
3480 4746 3577 4796 Καὶ
3797 4735 3890 4793 διὰ

2293 4836 2446 4882 τοῦτο
2476 4828 2653 4882 λοιπὸν
2694 4828 2882 4901 ἔλεγον,
2916 4831 2995 4881 ὅτι
3021 4835 3288 4903 προφήτης
3316 4835 3492 4903 μέγας,
3542 4829 3645 4882 ἀλλ’
3682 4831 3899 4905 ὕστερον

2293 4921 2341 4972 οἱ
2369 4917 2657 4990 ἀγνώμονες
2687 4917 2877 4972 ἀνεῖλον
2901 4918 3074 4972 αὑτὸν.

2367 5013 2466 5062 Καὶ
2494 5007 2698 5071 ἐξῆλθεν
2721 5039 2785 5049 -
2806 5016 2868 5081 τῇ
2897 5012 3199 5084 περιχώρῳ.
3221 5009 3280 5063 Ὀ
3306 5008 3453 5081 λόγος
3484 5016 3578 5062 τοῦ
3607 5011 3899 5083 θαύματος,

2291 5102 2321 5159 ἧ
2355 5099 2435 5151 ὅτι
2464 5102 2730 5173 προφήτης
2757 5102 2916 5171 μέγας
2940 5095 3238 5174 ἐγήγερται.

1745 5491 1974 5562 Variae
2002 5492 2333 5563 lectiones
2363 5501 2429 5562 et
2461 5500 2662 5562 notae.

589 5692 702 5767 (34)
750 5688 839 5750 Ita
872 5702 1112 5767 quoque
1151 5686 1439 5767 reperitur
1468 5660 1756 5767 in.codd_._
1788 5692 1878 5767 ‘10,
1938 5687 2027 5744 IV.
2056 5658 2165 5767 pro

514 5758 840 5843 Σουναρίτις.
894 5758 1110 5822 ΕεωὨίε
1166 5758 1419 5819 molesta
1475 5767 1596 5818 erat
1647 5758 1884 5833 syllaba
1936 5758 2074 5813 σουιῐ
2108 5764 2164 5816 et

2286 5706 2444 5760 σουμ.

2342 5756 2457 5833 (3‘5)
2501 5761 2599 5813 Καί
2630 5756 2849 5819 omittit
2874 5757 2944 5816 Β.
