4170 6364
227 355 340 415 933

311 485 463 540 ΚΕΦ.
505 480 585 538 Κ’.
623 485 748 553 Περὶ
778 489 878 532 τῶν
913 481 1304 535 ἀποσταλέντων
1336 487 1476 550 παρά
1505 484 1762 536 Ἰωάννου.

311 576 415 629 Καὶ
470 570 793 641 ἀπήγγειλαν
861 601 920 611 --
981 570 1403 645 προσδοκῶμεν;

1870 496 1908 547 Α

1461 577 1678 646 Εἴρηται
1723 577 1839 643 περὶ

233 667 433 715 τούτων
484 659 711 734 ἀκριϐῶς
769 658 816 710 ἐν
866 668 936 729 τῷ
1001 661 1218 731 εἰκοστῷ
1269 662 1526 733 κεφαλαίῳ
1574 670 1665 713 τοῦ
1707 664 1840 712 κατά

237 754 508 805 Ματθαῖον
519 791 530 802 .

312 843 726 916 Παραγενόμενοι
806 869 872 878 -
958 837 1006 889 ἐν
1073 838 1202 909 ἐμοί.
1284 846 1382 892 Καὶ
1463 846 1576 913 περὶ
1649 842 1840 892 τούτων

236 933 443 984 πάντων
489 928 536 980 ἐν
593 927 763 997 ἐκείνῳ
816 923 1226 999 διασεσοὶφηται.
1260 931 1534 1000 Μαστιγας
1588 926 1664 994 δε,
1725 933 1842 990 τοὺς

241 1026 425 1078 πόνους
472 1017 812 1075 ὑποληπτέον.
860 1017 981 1070 Εἰσὶ
1011 1019 1110 1092 γὰρ
1165 1038 1292 1078 τινες
1348 1022 1493 1070 νόσοι
1536 1023 1707 1091 χωρὶς
1755 1025 1843 1070 πο-

238 1131 358 1172 νων,
402 1111 469 1170 ὡς
495 1109 526 1164 ἡ
549 1107 820 1178 τυφλότης,
849 1110 938 1157 καὶ
968 1108 997 1164 η
1032 1113 1283 1179 κωφότης,
1317 1114 1404 1160 καί
1431 1110 1459 1165 ἡ
1500 1107 1714 1179 ἀφωνία,
1755 1111 1844 1158 καὶ

242 1197 429 1249 πολλαὶ
456 1204 712 1248 τοιαῦται.

322 1373 666 1426 Ἀπελθόντων
831 1375 1067 1426 Ιωκννου.
1116 1372 1388 1444 Ἀγγέλων,
1417 1382 1515 1424 τῶν
1550 1374 1660 1444 (36)
1694 1373 1844 1444 aia/7;-

241 1465 362 1516 λίαν
403 1468 676 1537 φερόντων,
710 1471 808 1514 τῶν
837 1470 1097 1534 μηνυτῶν.

315 1646 378 1693 Τί
431 1671 499 1680 -
554 1659 669 1693 σου.
705 1638 930 1712 Ὁμοίως
982 1645 1070 1692 καὶ
1114 1644 1227 1710 περὶ
1274 1644 1468 1692 τούτων
1503 1643 1705 1693 πάντων
1745 1641 1846 1693 ὶκει

243 1728 552 1788 διείληπται
581 1732 714 1780 κατὰ
744 1730 921 1802 ῥητόν.

320 1824 471 1890 Λέγω
509 1849 574 1860 -—
615 1817 781 1872 ἐστίν.
817 1825 917 1871 Καὶ
950 1825 1116 1870 ταῦτα
1159 1819 1440 1877 καλλίστην
1481 1823 1696 1890 ἔχουσιν
1747 1824 1848 1871 ἐκεῖ

246 1914 342 1967 τὴν
373 1907 643 1980 ἐξήγησιν.

322 2000 424 2052 Καὶ
471 2003 572 2058 πᾶς
638 2029 707 2036 -
764 1997 1022 2049 Ἰωάννου.
1079 1994 1448 2054 Ἐδικαίωσαν.
1512 2001 1676 2050 εἶτονν
1749 2001 1849 2055 ηὐ-

247 2092 614 2159 χαρίστησαν,
663 2085 1026 2138 ἁποστείλαντὶ
1071 2087 1248 2146 αὐτοῖς
1291 2091 1375 2138 τὸν
1423 2092 1714 2145 Burmath
1768 2086 1849 2138 ἐπὶ

246 2180 469 2247 προνοίᾳ
492 2183 586 2237 τῆς
618 2181 880 2248 σωτηρίας
907 2175 1094 2227 αὐτῶν.
1127 2183 1228 2228 Τοῦ
1265 2184 1495 2249 Χριστοῦ
1526 2177 1638 2247 (3⁸7)
1674 2173 1732 2228 δὲ
1762 2180 1850 2227 καὶ

256 2265 407 2325 οὗτος
439 2267 464 2315 ό
495 2263 665 2334 λόγος,
700 2267 871 2337 ὥσπερ
903 2270 1074 2316 καὶτὸ
1109 2265 1223 2326 ἑξῆς
1252 2267 1428 2339 ρητόν.

327 2355 392 2404 Οἱ
452 2350 510 2405 δὲ
557 2360 835 2426 Φαρισαῖοι
881 2387 927 2392 —-
987 2356 1074 2406 ὑπ’
1107 2355 1287 2407 αὐτοῦ.
1332 2355 1524 2413 Βονλην
1573 2362 1664 2407 τοῦ
1701 2360 1848 2416 Θεοῦ,

253 2447 310 2494 τό
357 2442 630 2513 ϐάπτισμα
669 2443 818 2515 λέγει,
875 2447 938 2504 ὡς
993 2444 1106 2496 κατ’
1153 2443 1354 2501 ἐντολην
1400 2453 1490 2496 τοῦ
1537 2453 1670 2496 (θεοῦ
1716 2450 1853 2514 ’μνο-

253 2551 420 2604 μενον.
483 2534 710 2603 Ἐγένετο
761 2536 884 2607 γὰρ,
951 2538 1101 2604 φησι,
1151 2534 1295 2607 ῥῆμα
1348 2541 1479 2585 Θεοῦ
1538 2533 1620 2585 ἐπὶ
1678 2533 1854 2585 Ἰωαν-

252 2641 344 2678 νην
406 2625 492 2672 τὸν
571 2626 844 2694 Ζαχαρίου
903 2625 1014 2673 υἱὸν
1078 2621 1125 2672 ἐν
1329 2621 1515 2694 ἐρήμῳ,
1568 2628 1657 2673 καὶ
1705 2619 1852 2679 ἦλθεν

256 2711 327 2770 εἰς
366 2717 540 2761 πᾶσαν
593 2716 686 2768 την
737 2716 1032 2784 περίχωρον
1087 2718 1176 2761 τοῦ
1233 2707 1518 2780 Ἰορδάνου,
1573 2714 1853 2783 κηρύσσων

257 2798 541 2870 βάπτισμα
585 2804 852 2869 μετανοίας
892 2799 956 2858 εἷς
1000 2801 1181 2870 ἄφεσιν
1215 2797 1498 2872 ἁμαρτιῶν.
1535 2799 1618 2859 lii;
1647 2799 1855 2859 ἑαυτοὺς

259 2885 338 2952 δὲ,
368 2889 481 2938 ἀντὶ
509 2895 620 2951 τοῦ,
665 2887 746 2940 Ἔν
779 2887 998 2948 ἑαυτοῖς.

331 3063 440 3115 Τίνι
483 3062 705 3117 πάντων,
754 3062 836 3115 Ἐν
901 3071 970 3132 τῷ
1024 3062 1271 3136 εἰρημένῳ
1329 3063 1546 3134 εἰκοστῷ
1599 3064 1854 3136 κεφαλαίῳ

258 3152 376 3221 περὶ
409 3152 611 3200 πάντων
644 3153 834 3202 τούτων
863 3152 970 3222 (38)
1006 3152 1242 3225 εὑρήσεις
1272 3151 1611 3225 λεπτομερώς.
1889 3191 1927 3245 C

334 3333 477 3382 ΚΕΦ.
515 3333 623 3382 ΚΑ.
658 3334 780 3400 Περὶ
825 3337 920 3389 τῆς
961 3328 1357 3399 ἀλιιῲάσηςτόν
1383 3331 1575 3404 Κύριον
1614 3335 1780 3406 μύρῳ.

334 3416 540 3488 Ἠρώτα
572 3448 641 3456 ——
682 3418 862 3472 αὑτοῦ.
899 3417 1176 3470 Κάνταῦθα
1223 3423 1279 3471 τό
1315 3420 1538 3492 Ἠρὼτα,
1582 3420 1696 3473 ἀντὶ
1743 3430 1856 3488 τοῦ,

263 3504 567 3578 ιιαρεκάλει.
619 3504 706 3566 Ὠς
731 3513 996 3579 προφήτην
1043 3505 1101 3559 δὲ
1139 3508 1294 3561 αὐτὸν
1325 3508 1491 3561 ἐκάλει
1521 3513 1652 3584 πρός
1687 3510 1856 3562 ἑστίαι

265 3613 370 3647 σιν.

337 3774 436 3821 Καὶ
465 3769 702 3823 εἰσελθὼν
745 3803 806 3812 -—
856 3771 1116 3831 ἀνεκλίθη.
1148 3775 1221 3826 Οὐ
1271 3780 1613 3850 παρῃτήσατο
1657 3783 1860 3840 τοῦτον,

260 3861 347 3910 ἵνα
375 3863 448 3930 μὴ
493 3858 567 3929 ὃνρ
599 3866 876 3933 πρόφασιν,
913 3865 976 3922 ὡς
1019 3863 1260 3925 τελώναις
1290 3869 1378 3934 μὲν
1417 3870 1506 3916 καὶ
1537 3865 1861 3940 ἁμαρτωλοῖς

263 3950 567 4000 συνεσθίων·
598 3954 718 4010 τοὺς
749 3957 1062 4023 Φαρισαίους
1091 3951 1148 4003 δὲ
1175 3949 1609 4026 βδελυσσόμενος.

339 4130 438 4178 Καὶ
471 4123 588 4178 ἰδοὺ
639 4159 702 4167 --—
757 4125 1007 4202 δάκρυσι.
1038 4136 1268 4188 Ζήτησον
1318 4130 1364 4182 ἐν
1415 4141 1486 4199 τῷ
1530 4136 1662 4185 κατα
1716 4141 1862 4187 Ματ-

266 4216 410 4266 Οαῑον
466 4222 557 4272 τὴν
613 4216 852 4288 ἐξήγησιν
903 4228 993 4270 τον
1054 4220 1340 4281 ἑξηκοστοῦ
1404 4219 1646 4296 δευτέρον
1705 4243 1864 4296 κεφα-

262 4305 436 4358 λαίου.
477 4307 614 4363 Αὕτη
642 4303 700 4359 δὲ
745 4310 773 4365 ὴ
808 4316 958 4377 γυνη,
990 4313 1052 4360 τα
1092 4313 1178 4380 μὲν
1229 4307 1424 4362 ἰδοῦσα
1455 4320 1551 4362 τῶν
1590 4313 1863 4384 θαυμάτων

265 4401 359 4445 τοῦ
395 4401 644 4467 Χριστοῦ,
688 4399 752 4447 τὰ
781 4393 838 4448 δὲ
863 4400 1107 4466 μαθοῦσα
1145 4403 1286 4472 παρὰ
1312 4409 1409 4451 τὼν
1444 4397 1674 4467 ἰδόντων,
1710 4401 1864 4454 ἐπισ-

263 4501 464 4550 τευσεν,
514 4487 593 4535 ὅτι
643 4489 772 4546 Θεὸς
827 4486 964 4537 ἐστιν
1019 4489 1044 4537 ὁ
1104 4497 1265 4539 ταῦτα
1329 4489 1723 4562 τελεσιουργῶν.
1778 4495 1864 4543 Διὸ

264 4576 357 4623 καὶ
405 4579 700 4646 πρόκισιν,
754 4573 1041 4635 ἐλπίζουσα
1092 4575 1262 4628 λαϐεῖν
1317 4577 1497 4648 ἄφεσιν
1548 4589 1646 4630 τῶν
1696 4579 1866 4652 ἁμαρ·
1900 4547 1942 4600 D

266 4670 388 4712 τιῶν
418 4662 547 4720 αὐτῆ
560 4681 600 4723 ς.

338 4851 471 4916 *Ορα
524 4840 583 4897 δὲ
608 4851 701 4903 την
742 4844 934 4903 πολλὴν
983 4849 1178 4908 ταύτης
1205 4845 1489 4898 εὐλάϐειαν.
1548 4846 1715 4906 Ἑστη
1765 4852 1865 4924 γὰρ

266 4937 412 5007 παρα
453 4937 518 4984 τα
557 4935 765 5003 ἔσχατα
816 4938 944 5008 μέρη
1000 4942 1090 4986 τοῦ
1142 4941 1375 5008 σώματος
1428 4935 1605 5001 αὑτοῦ,
1667 4940 1735 4997 ὡς
1788 4937 1868 4991 ἐσ-

269 5023 438 5093 χάτη·
469 5026 557 5073 καὶ
587 5021 776 5089 ὀπίσω,
810 5028 878 5086 ὡς
917 5023 1374 5099 ἀπαρρησίαστος,
1434 5030 1535 5077 Καὶ
1574 5024 1742 5078 ἔκλαιε
1779 5030 1868 5099 μὲν

273 5107 368 5163 διὰ
391 5112 479 5170 τὰς
509 5109 767 5182 ἁμαρτίας
799 5113 978 5174 αὐτῆς·
1008 5112 1192 5186 ἓϐρεχε
1243 5111 1302 5166 δὲ
1349 5117 1470 5176 τοὺς
1499 5111 1663 5176 πόδας
1709 5117 1869 5170 αὐτοῦ

269 5204 377 5259 τοῖς
403 5194 683 5273 δάκρυσιν,
722 5203 785 5262 ὡς
811 5201 1149 5276 ἐπικεκνφυῖα
1179 5204 1376 5266 αὐτοῖς.

344 5439 394 5476 ⁴⁰
424 5439 566 5498 Luc.
597 5456 677 5509 ιιι,
711 5440 762 5496 2.

1247 357 1620 414 COMMENT.
1675 349 1742 410 ΙΝ
1787 355 2052 410 LUC-AM-
2100 387 2166 396 -——
2208 355 2367 410 CAP.
2412 353 2538 411 VH.

3482 355 3597 412 934

2126 483 2278 536 CAP.
2315 483 2418 538 XX.
2463 483 2534 536 De
2556 469 2865 548 discipulis
2892 471 3078 536 missis
3111 491 3145 536 a
3175 477 3418 537 Joanne.

2019 571 2180 624 Vers.
2222 574 2300 625 18.
2335 571 2408 624 Et
2431 571 2856 626 nuntiaverunt
2891 602 2957 609 —
2988 570 3152 624 Vers.
3195 573 3274 626 19.
3308 579 3605 639 exspecta-

1951 659 2125 714 mus?
2159 662 2236 714 De
2267 659 2356 713 his
2411 664 2614 714 exacte
2673 659 2898 714 dictum
2953 664 3041 714 est
3099 659 3378 715 vicesimo
3436 659 3604 732 juxta

1952 748 2291 804 Matthaeum
2314 749 2522 819 capite.

2022 839 2185 893 Vers.
2223 841 2312 892 ‘20.
2353 838 2498 892 Cum
2531 837 2821 893 venissent
2847 868 2913 877 -—
2941 837 3101 892 Vers.
3135 839 3220 892 23.
3260 839 3374 894 mei
3404 853 3602 895 causa.

1952 929 2029 981 De
2078 926 2168 981 his
2199 942 2436 998 quoque
2490 925 2767 981 omnibus
2801 927 2860 980 in
2903 926 3001 980 illo
3033 927 3219 997 capite
3263 928 3486 982 dictum
3518 934 3607 982 est

1957 1013 2282 1071 manifeste.
2346 1014 2551 1083 Plagas
2606 1021 2821 1077 autem,
2877 1017 2992 1070 sive
3039 1015 3301 1085 ﬂagella.
3350 1015 3606 1085 intellige

1953 1104 2211 1159 dolores.
2250 1107 2394 1160 Sunt
2429 1105 2588 1160 enim
2620 1105 2810 1159 morbi
2847 1104 3099 1176 quidam
3154 1105 3358 1160 dolore
3406 1122 3607 1160 caren-

1954 1198 2040 1248 tes
2075 1192 2291 1258 ;veluti
2323 1199 2453 1247 sunt
2475 1194 2732 1256 caecitas,
2764 1194 3043 1257 surditas,
3082 1199 3315 1247 mutum
3360 1209 3509 1261 esse,
3539 1209 3610 1248 ac

1955 1281 2122 1337 inulti
2166 1282 2524 1352 hujusmodi.

2024 1371 2184 1426 Vers.
2217 1372 2305 1426 24.
2344 1372 2603 1441 Cumque
2627 1370 3019 1426 discessissent
3047 1402 3108 1411 —-
3133 1370 3385 1426 Joanne.
3421 1370 3611 1426 Dictio

1954 1460 2184 1532 ἀγγέλων
2216 1460 2511 1530 signiﬁcat
2545 1460 2639 1515 hic
2692 1462 3210 1526 internuntiantes,
3250 1460 3371 1516 sive
3406 1462 3613 1515 nuntia

1952 1551 2313 1621 perferentes
2342 1567 2376 1604 a
2413 1549 2642 1604 Joanne
2683 1550 2758 1604 ad
2791 1550 3109 1605 Christum.

2026 1639 2188 1694 Vers.
2238 1641 2325 1694 24.
2371 1637 2521 1703 Quid
2562 1670 2626 1679 —
2657 1639 2818 1693 Vers.
2853 1644 2938 1693 27.
2985 1646 3056 1694 te.
3099 1638 3372 1694 Similiter
3430 1643 3486 1694 et
3537 1638 3610 1694 de

1956 1728 2050 1784 his
2081 1728 2362 1784 omnibus
2395 1728 2474 1782 ad
2505 1730 2746 1782 verbum
2781 1728 3001 1783 dictum
3037 1735 3143 1784 est.

2028 1819 2191 1873 Vers.
2221 1818 2307 1872 28.
2346 1818 2487 1873 Dico
2511 1848 2578 1857 —
2609 1824 2714 1872 est.
2746 1819 2808 1872 Et
2847 1817 2975 1873 haec
3006 1833 3249 1889 quoque
3296 1817 3612 1890 pulchram

1959 1907 2182 1962 ibidem
2215 1907 2419 1962 sortita
2452 1913 2587 1960 sunt
2615 1907 3181 1977 interpretationem.

2033 1996 2192 2050 Vers.
2224 1999 2311 2050 29.
2352 1995 2659 2066 Omnisque
2689 2027 2756 2034 —
2785 1995 3054 2060 Joannis,
3112 1994 3611 2058 Justificaverunt,

1962 2087 2084 2141 sive
2112 2085 2336 2155 gratias
2361 2084 2411 2139 ei
2437 2088 2699 2153 egerunt,
2737 2087 2838 2156 qui
2866 2084 3191 2154 Baptistam
3217 2085 3326 2139 sibi
3350 2083 3612 2150 miserat,

1961 2174 2281 2248 providens
2333 2175 2595 2244 ipsorum
2655 2173 2848 2228 saluti.
2903 2173 3115 2228 Christi
3165 2181 3367 2228 autem
3426 2177 3482 2227 et
3520 2172 3615 2228 hic

1963 2279 2160 2319 sermo
2192 2267 2295 2325 est,
2323 2261 2473 2316 sicut
2506 2263 2679 2316 etiam
2715 2262 2958 2328 dictum,
2993 2261 3154 2333 quod
3190 2262 3474 2332 sequitur.

2033 2353 2197 2408 Vers.
2227 2356 2315 2406 30.
2350 2351 2647 2406 Pharisaei
2679 2367 2811 2406 vero
2845 2383 2911 2390 —
2937 2351 3008 2406 ab
3038 2367 3120 2405 eo.
3157 2350 3467 2405 Consilium
3520 2350 3619 2404 Dei

1967 2449 2136 2497 vocat
2165 2442 2366 2512 ipsum
2401 2440 2706 2510 baptisma,
2735 2445 3020 2510 tanquam
3053 2441 3151 2492 Dei
3185 2445 3478 2510 praecepto
3502 2438 3620 2494 fae-

1965 2541 2109 2599 tum,
2132 2530 2374 2584 Factum
2395 2535 2492 2591 est,
2519 2528 2726 2598 inquit,
2751 2528 2991 2582 verbum
3008 2529 3430 2597 Dominisuper
3448 2527 3622 2581 Joan-

1965 2635 2085 2674 nem
2119 2616 2422 2672 Zacharite
2458 2617 2645 2682 ﬁlium
2696 2618 2758 2671 in
2803 2618 3024 2672 deserto
3060 2636 3072 2675 :
3104 2624 3156 2672 et
3209 2617 3364 2672 venit
3397 2618 3457 2670 in
3503 2632 3622 2671 om-

1967 2724 2090 2762 nem
2107 2707 2424 2776 regionem,
2450 2721 2582 2776 qure
2597 2706 2758 2760 circa
2775 2706 3093 2761 Iordanem
3125 2713 3274 2770 erat,
3289 2705 3620 2775 praedicans

1967 2796 2312 2864 baptismum
2328 2795 2678 2865 paenitentiae
2693 2796 2754 2851 in
2770 2796 3149 2852 remissionem
3164 2803 3534 2864 peccatorum
3551 2796 3618 2851 ‘0.

1968 2886 2030 2940 In
2075 2885 2403 2956 semetipsis
2445 2893 2663 2940 autem.
2706 2884 2854 2941 Nam
2913 2904 2980 2946 εις
3010 2888 3226 2947 ἑαυτοὺς
3256 2886 3482 2956 capitur
3512 2901 3621 2957 pro

1965 2979 2014 3027 εν
2045 2975 2258 3034 ἑαυτοῖς.

2035 3063 2198 3119 Vers.
2263 3063 2350 3118 3'1.
2418 3063 2522 3119 Cui
2567 3094 2635 3104 ——
2691 3063 2853 3118 Vers.
2916 3068 3000 3120 35.
3071 3064 3327 3119 omnibus
3412 3062 3620 3118 Praedi-

1969 3159 2062 3209 cto
2083 3153 2378 3221 vigesimo
2409 3153 2598 3225 capite
2623 3154 2693 3208 de
2725 3153 2814 3207 his
2846 3153 3128 3209 omnibus
3161 3170 3228 3208 ac
3262 3151 3508 3222 singulis
3537 3153 3623 3206 in-

1968 3244 2188 3300 venies.

2004 3334 2154 3388 CAP.
2183 3334 2309 3387 ΧΧΙ.
2345 3332 2426 3387 De
2451 3348 2539 3401 ea,
2564 3347 2686 3402 quae
2718 3333 2889 3387 unxit
2922 3332 3233 3387 Dominum
3267 3336 3589 3400 unguento.

2043 3420 2202 3475 Vers.
2263 3420 2354 3475 36.
2403 3421 2703 3477 Invitabat
2758 3452 2828 3461 ——
2877 3421 3021 3491 ipso.
3075 3419 3350 3477 Similiter
3420 3425 3475 3474 et
3530 3419 3626 3474 hic

1969 3511 2165 3584 ἠρώτα.
2199 3526 2321 3564 non
2369 3510 2668 3579 signiﬁcat
2707 3511 3132 3580 Interrogabat,
3191 3510 3296 3565 sed
3326 3508 3621 3564 Vocabat:

1970 3615 2134 3666 nam,
2168 3605 2455 3671 tanquam
2480 3599 2857 3671 prophetam,
2887 3615 3026 3656 eum
3057 3600 3133 3656 ad
3161 3599 3501 3656 convivium
3526 3613 3628 3654 vo-

1971 3689 2166 3757 cabat,
2196 3689 2290 3745 vel
2325 3691 2381 3745 in
2393 3690 2634 3746 vitabat.

2040 3780 2201 3835 Vers.
2235 3783 2326 3836 36.
2388 3780 2465 3834 Et
2514 3781 2808 3850 ingressus
2846 3811 2916 3821 -—
2953 3779 3238 3834 acrubuit.
3293 3782 3415 3835 Non
3468 3778 3630 3834 devi-

1972 3869 2117 3924 tavit
2146 3869 2324 3932 hunc,
2368 3884 2441 3923 ne
2497 3869 2663 3924 daret
2715 3869 3098 3925 occasionem
3153 3869 3410 3932 dicendi,
3461 3869 3627 3940 quod

1973 3975 2109 4014 cum
2134 3958 2463 4028 publicanis
2487 3957 2962 4028 etpeccatoribus
2985 3974 3105 4014 una
3135 3958 3337 4014 cibum
3368 3963 3626 4029 caperet.

1974 4046 2303 4102 Pharisaeos
2336 4054 2532 4102 autem
2560 4047 2877 4102 fastideret.

2043 4139 2200 4190 Vers.
2224 4137 2312 4190 37.
2345 4137 2423 4191 Et
2457 4152 2584 4192 ecce
2636 4166 2701 4177 --
2748 4138 2904 4191 Vers.
2950 4139 3037 4192 38.
3078 4135 3374 4206 lacrymis.
3423 4135 3630 4201 Quaere

1974 4226 2030 4281 in
2064 4223 2379 4295 Evangelio
2425 4225 2757 4280 secundum
2799 4225 3142 4280 Mutthaeum
3193 4225 3632 4281 enarrationem

1975 4315 2334 4384 sexagesimi
2379 4314 2620 4370 secundi
2702 4315 2933 4386 capitis.
2983 4315 3113 4370 Haec
3145 4319 3346 4370 autem
3397 4312 3629 4383 mulier,

1975 4421 2111 4460 cum
2144 4404 2350 4459 Christi
2383 4402 2670 4459 miracula
2705 4404 2922 4475 partim
2963 4405 3097 4475 ipsa
3121 4403 3378 4469 vidisset,
3415 4402 3633 4474 partim

1976 4493 2053 4550 ab
2079 4493 2191 4560 his,
2224 4493 2320 4564 qui
2353 4494 2639 4558 viderant,
2671 4493 2956 4560 audisset,
3013 4493 3195 4547 Deum
3227 4507 3354 4547 esse
3388 4491 3637 4547 credidit

1977 4599 2116 4639 eum
2137 4585 2240 4654 qui
2287 4583 2413 4638 haec
2456 4583 2819 4654 operabatur
2850 4599 2864 4649 ;
2896 4583 3031 4638 ideo
3063 4583 3233 4638 etiam
3267 4579 3453 4649 venit,
3505 4595 3639 4652 spe-

1977 4687 2135 4738 rans,
2167 4671 2574 4726 remissionem
2632 4677 3016 4742 pcccatorum
3056 4686 3301 4726 suorum
3351 4687 3412 4726 se
3465 4684 3633 4726 acce-

1977 4765 2236 4834 pturam.

2051 4849 2376 4905 Considera
2406 4863 2541 4902 vero
2567 4863 2854 4918 magnam
2874 4847 3055 4919 hujus
3077 4848 3488 4904 reverentiam.
3516 4849 3638 4904 Ste-

1979 4939 2046 4994 tit
2089 4939 2248 4994 enim
2293 4937 2371 4993 ad
2401 4943 2692 4992 extremas
2747 4938 3012 5010 corporis
3057 4937 3214 4994 illius
3257 4943 3480 5010 partes,
3515 4944 3638 4995 tan-

1979 5043 2164 5100 quam
2182 5032 2470 5091 extrema;
2487 5032 2540 5081 et
2561 5043 2596 5082 a
2611 5031 2794 5094 tergo,
2811 5032 3101 5099 tanquam
3120 5028 3379 5084 audacia
3392 5043 3640 5093 carens;

1981 5117 2158 5173 ﬂebat
2190 5116 2436 5188 quidem
2471 5120 2713 5188 propter
2759 5122 3006 5188 peccata
3036 5132 3146 5173 sua
3187 5134 3200 5184 ;
3247 5118 3485 5189 rigabat
3538 5133 3642 5174 au-

1981 5213 2098 5264 tem
2129 5205 2313 5278 pedes
2338 5204 2494 5261 illius
2516 5205 2817 5276 lacrymis,
2847 5210 3052 5279 utpote
3080 5207 3159 5264 ad
3188 5206 3374 5280 pedes
3400 5206 3526 5280 ejus
3556 5207 3642 5262 in-

1983 5296 2222 5353 clinata.

1497 5517 1722 5587 Variae
1759 5518 2087 5587 lectiones
2129 5525 2193 5584 et
2233 5525 2414 5584 notae

639 5653 1042 5738 ἀγγελιαφόρων.
1071 5665 1127 5712 Β.
1159 5653 1331 5732 quod'
1355 5658 1568 5718 eodem
1596 5661 1772 5724 τθόὶῑ.

347 5730 463 5798 (57)
495 5730 556 5779 Δέ
581 5729 798 5786 omittit
819 5729 888 5786 Α.

2056 5659 2170 5736 (38)
2204 5661 2460 5736 Εύρὴσεις
2487 5659 2658 5718 abest
2685 5661 2758 5719 A.
