4170 6364
592 268 699 333 935

591 489 870 563 lacrymis
922 492 1201 552 madidos
1248 497 1608 558 reddiderat.
1654 501 1942 572 Christus,
1994 522 2134 562 cum
2162 506 2244 562 rei

593 592 838 634 causam
865 587 1084 647 nosset,
1105 584 1439 644 sustinebat
1470 607 1482 648 :
1514 595 1576 645 ut
1601 590 1781 647 etiam
1811 591 1960 649 ﬁdes
1982 594 2111 665 ejus
2139 594 2246 650 fer-

593 684 810 756 vorque
840 672 1199 741 pmnitentiaa
1239 687 1617 749 apparerent,
1667 686 1724 737 et
1781 689 1842 739 ut
1882 686 2092 741 merito
2143 702 2245 756 pro

589 755 684 811 his
714 758 918 824 rebus,
944 762 1099 833 quod
1116 768 1445 835 quaerebat,
1472 769 1786 841 acciperet.

660 845 825 902 Vers.
869 848 955 904 38.
988 850 1066 905 Et
1104 852 1558 913 deosculabatur
1588 889 1655 900 —
1701 868 2014 932 unguento.
2064 865 2242 920 Oscu-

589 932 826 992 labatur
840 938 1284 1012 quidemipsos,
1308 949 1596 1018 tanquam
1613 949 1874 1023 ejus,qui
1898 954 2240 1024 petitionem

588 1040 761 1081 suam
802 1026 1132 1101 adimplere
1173 1038 1423 1103 poterat,
1477 1037 1593 1092 sive
1638 1042 1924 1111 tanquam
1956 1042 2103 1112 Dei;
2138 1060 2240 1099 un-

588 1113 767 1183 gebat
805 1130 941 1172 vero
987 1125 1307 1190 unguento,
1343 1123 1481 1194 plus
1514 1141 1701 1198 quam
1757 1129 2028 1187 humano
2060 1133 2241 1189 modo

584 1200 747 1257 hunc
806 1203 1137 1273 honorans,
1173 1225 1275 1281 qui
1298 1211 1457 1284 plus,
1488 1230 1674 1286 quam
1704 1216 1890 1274 homo
1916 1225 2060 1277 erat.

658 1291 823 1350 Vers.
850 1297 937 1350 39.
963 1295 1224 1354 Intuitus
1253 1331 1317 1342 -—
1338 1305 1647 1373 peccatrix
1666 1312 1771 1362 est.
1799 1307 2239 1366 Otfendiculum

584 1396 802 1452 passus
845 1383 974 1440 haec
1022 1385 1280 1454 dicebat,
1336 1390 1642 1462 ignorans,
1693 1396 1857 1468 quod
1897 1414 2035 1453 cum
2087 1401 2237 1455 Deus

582 1475 759 1537 esset,
798 1478 1039 1545 propter
1061 1485 1399 1547 peccatores
1426 1481 1611 1539 homo
1642 1483 1835 1540 factus
1860 1490 2006 1545 erat.
2038 1490 2237 1560 Neque

583 1564 780 1616 autem
827 1562 1011 1618 Judas
1042 1564 1135 1621 hic
1167 1572 1602 1639 murmurabat,
1654 1590 1849 1647 neque
1894 1578 2119 1633 caeteris
2145 1578 2235 1633 di-

579 1648 845 1721 scipulis,
878 1652 1175 1726 siquidem
1204 1658 1299 1713 ille
1330 1661 1542 1717 morbo
1562 1663 1826 1720 avaritiae
1849 1666 2116 1723 nondum
2140 1684 2236 1724 ca-

1914 282 2267 346 EUTHYMII
2300 282 2637 355 ZIGABENI

667 401 826 458 Vers.
858 403 944 460 38.
979 406 1045 459 Et
1079 437 1138 447 —-
1165 410 1509 480 extergebat.
1540 414 1891 484 Extergebat
1943 432 2066 480 eos,
2098 432 2246 487 quos
2276 419 2322 473 Α

3875 300 3996 359 936

2430 425 2527 473 Καὶ
2574 454 2643 462 -
2696 422 2998 496 ἐξέμασσεν.
3064 425 3408 497 Ἐσπόγγισεν
3474 426 3668 490 αὐτοὺς
3752 426 3990 502 διαϐρο-

2352 528 2487 580 χους
2540 515 2857 584 γινομένους.
2897 512 2955 565 Ὀ
2997 510 3055 567 δε
3101 518 3350 588 Χριστὸς,
3404 512 3555 577 εἰδὼς
3610 522 3706 576 τὴν
3762 522 3981 583 αἰτίαν,

2355 599 2608 670 ἠνείχετο,
2643 603 2725 653 ἳνα
2772 607 2862 655 καὶ
2910 605 2938 661 ἠ
2991 607 3173 665 πίστις
3205 604 3364 665 αὐτῆς
3394 613 3550 677 φανῇ,
3584 611 3673 658 καὶ
3713 608 3744 664 ἡ
3780 608 3985 681 θερμό-

2353 707 2444 750 της
2500 698 2593 751 τῆς
2642 696 2934 763 μετανοίας,
2976 698 3064 745 καὶ
3119 695 3202 745 ἱνα
3249 693 3410 757 ἀξίως
3455 698 3648 747 τούτων
3700 694 3839 767 λάϐῃ
3909 700 3973 748 τό

2356 777 2388 837 ζ
2392 796 2419 834 η
2430 780 2668 850 τούμενον
2679 824 2691 836 .

2429 873 2527 920 Καὶ
2583 869 2841 941 κατεφίλει
2893 902 2961 911 -
3024 874 3193 945 μύρῳ.
3251 872 3519 944 Κατεφίλει
3576 878 3666 945 μεν
3746 873 3973 945 αὐτούς,

2353 959 2420 1017 ὡς
2477 954 2763 1030 δυναμένου
2801 959 3076 1031 πληρῶσαι
3134 965 3229 1019 τὴν
3282 964 3492 1019 α’ίτησιν
3549 961 3733 1029 αὐτῆς,
3767 966 3974 1026 εῖτουν,

2352 1049 2421 1108 ὡς
2466 1055 2619 1099 Θεοῦ*
2676 1047 2846 1120 ἤλειφε
2881 1045 2939 1101 δὲ
2990 1058 3061 1119 τῷ
3107 1052 3275 1125 μύρῳ,
3323 1058 3534 1122 τιμῶσα
3589 1059 3774 1105 τοῦτον
3834 1052 3975 1126 ὑπὲρ

2352 1135 2638 1208 ἄνθρωπον,
2672 1139 2739 1200 ὡς
2770 1136 2893 1190 ὄντα
2921 1139 3046 1214 ὑπερ
3079 1140 3372 1210 ἄνθρωπον.

2423 1310 2570 1367 Ἰδὼν
2618 1346 2685 1353 -
2741 1314 3041 1388 ἁμαρτωλός
3107 1315 3241 1370 ἔστι.
3330 1313 3741 1381 Σκανδαλισθεὶς
3822 1320 3972 1392 ελεγε

2347 1410 2531 1465 ταῦτα,
2560 1408 2631 1474 μὴ
2666 1410 2952 1475 γινώσκων,
3009 1406 3089 1457 ὄτι
3136 1409 3266 1468 Θεὸς
3335 1410 3425 1470 ὧν,
3464 1403 3557 1459 διὰ
3607 1411 3722 1468 τοὺς
3778 1408 3971 1481 ἁμαρ-

2346 1493 2538 1554 τωλοὺς
2586 1492 2998 1568 ἐνηνθρώπησεν.
3047 1498 3181 1547 Οὔτε
3244 1492 3304 1549 δε
3346 1498 3371 1548 ὁ
3444 1493 3651 1560 Ἰούδας
3724 1496 3967 1551 ἐνταῦθα

2345 1580 2644 1652 ἕγόγγυσεν,
2686 1585 2801 1634 οὔτε
2851 1587 2954 1655 μὴν
3003 1585 3051 1634 οἱ
3090 1582 3234 1636 ἄλλοι
3271 1586 3529 1655 μαθηταί.
3580 1592 3636 1638 Ὀ
3690 1590 3787 1658 μὲν
3830 1592 3963 1660 γὰρ,

2346 1674 2489 1723 οὔπω
2518 1680 2588 1742 τῷ
2617 1676 2883 1743 νοσήματι
2929 1679 3023 1733 τῆς
3060 1672 3405 1748 φιλαργυρίας
3454 1674 3690 1727 ἑάλωκεν·
3764 1677 3819 1727 οἱ
3877 1674 3961 1744 δε,

578 1741 717 1810 ptus
738 1748 880 1813 erat,
905 1742 1001 1798 isti
1014 1760 1151 1801 vero
1178 1747 1438 1805 necdum
1451 1766 1757 1809 sermones
1774 1754 1848 1809 de
1868 1757 2224 1827 pauperibus

2344 1763 2486 1812 οὔπω
2549 1764 2670 1821 τοὺς
2725 1761 2851 1833 ὑπὲρ
2907 1769 3006 1813 τῶν
3059 1770 3286 1834 πτωχῶν
3343 1761 3532 1834 λόγους
3586 1761 3963 1837 ἐμπεπηγότας

575 1827 793 1885 inﬁxos
822 1830 1144 1890 habebant.

647 1919 809 1973 Vers.
847 1922 935 1975 40.
964 1921 1043 1976 Et
1074 1926 1431 1993 respondens
1462 1959 1526 1969 —
1573 1929 1689 1987 dic.
1719 1931 2049 1989 Pharismus
2079 1934 2231 1991 intra

577 2007 964 2079 semetipsum
987 2011 1060 2066 de
1092 2028 1162 2067 eo
1193 2014 1461 2072 oﬁ'ensus
1486 2026 1629 2084 erat,
1663 2021 1828 2091 quod
1860 2024 2229 2079 meretricem

575 2094 929 2161 admitteret,
956 2113 1061 2152 nec
1088 2101 1261 2157 sciret
1297 2119 1425 2159 esse
1458 2109 1851 2176 peccatricem
1884 2128 1897 2166 :
1926 2111 2054 2183 ipse
2086 2128 2229 2169 vero

573 2183 687 2274 hoc
717 2186 978 2255 cognito,
1013 2189 1210 2260 majus
1264 2194 1555 2263 quiddam
1589 2196 1744 2262 facit,
1776 2215 1964 2271 quam
1993 2202 2064 2257 sit
2096 2218 2229 2274 pro-

574 2272 787 2344 phette-
819 2274 1103 2349 detegens
1123 2281 1173 2334 ei
1202 2297 1491 2339 arcanum
1518 2286 1895 2356 cogitationis
1926 2306 2070 2347 suae.
2098 2272 2229 2347 _lta-

569 2365 991 2453 queiexemplo
1020 2367 1409 2437 demonstrat,
1443 2375 1607 2445 quod
1650 2376 1829 2433 etiam
1859 2377 1975 2434 hoc
2006 2387 2222 2453 nosset,

2344 1847 2507 1921 εἶχον.

2415 1944 2514 1992 Καὶ
2567 1937 2866 2011 ἀποκριθεὶς
2902 1968 2967 1979 ——
3014 1939 3144 1996 εἰπέ.
3190 1941 3252 1992 Ὀ
3291 1944 3380 2012 μὲν
3430 1947 3718 2017 Φαρισαῖος
3766 1943 3953 1996 ἐσκαν-

2342 2025 2568 2085 δαλὶσθη
2615 2028 2731 2079 καθ’
2779 2027 2960 2080 ἑαυτὸν
2993 2028 3107 2100 (39)
3166 2028 3246 2081 ἔπ’
3276 2029 3441 2100 αὐτῷ,
3497 2034 3569 2094 ὡς
3620 2038 3953 2105 προσιεμένῳ

2338 2123 2431 2175 τὴν
2492 2122 2705 2191 πόρνην,
2754 2122 2842 2168 καὶ
2888 2122 2959 2188 μὴ
2989 2122 3287 2192 προγνόντι,
3323 2120 3405 2171 ὅτι
3433 2118 3743 2193 ἁμαρτωλός
3782 2122 3947 2175 ἔστιν·

2339 2206 2495 2265 αὐτὸς
2546 2202 2604 2257 δε
2650 2214 2802 2257 τουτο
2845 2210 3019 2276 γνοὺς,
3052 2207 3231 2278 μεῖζον
3280 2214 3548 2281 προφήτου
3603 2219 3765 2273 ποιεῖ,
3827 2211 3947 2263 ἀνα-

2337 2294 2608 2346 καλύπτων
2663 2294 2803 2365 αὐτῷ
2845 2299 2926 2345 τὸν
2988 2294 3285 2369 ἀπόρρητον
3353 2293 3704 2370 διαλογισμὸν
3758 2301 3943 2367 αὐτοῦ,

2336 2390 2425 2436 καὶ
2459 2384 2633 2435 λοιπὸν
2686 2379 3016 2436 ἀποδεικνύει
3056 2381 3149 2437 διὰ
3197 2386 3310 2457 (40)
3350 2383 3812 2459 παραδείγματος,
3868 2392 3945 2442 ὅτι

2335 2478 2424 2525 καὶ
2444 2479 2690 2545 γινώσκει
2728 2476 2945 2539 ταύτην,
2975 2478 3064 2524 καὶ
3095 2469 3315 2535 δικαίως
3341 2474 3504 2533 αὐτὴν
3527 2482 3834 2549 προσίεται,
3854 2476 3890 2531 δ
3896 2484 3947 2532 ιὰ

2334 2568 2427 2621 τὴν
2458 2562 2524 2622 εἰς
2547 2562 2700 2614 αὐτὸν
2730 2561 2921 2620 πολλὴν
2946 2560 3156 2633 ἀγάπην
3191 2562 3370 2629 αὐτῆς,
3404 2566 3519 2626 ἣτις
3547 2561 3609 2622 ἦν
3630 2564 3684 2617 ἐκ
3714 2573 3946 2631 πίστεως

572 2467 644 2507 ac
682 2452 834 2523 juste
883 2470 1017 2511 eam
1066 2457 1400 2517 admitteret
1438 2470 1680 2536 propter
1707 2482 1993 2537 magnam
2033 2452 2226 2542 ipsius

568 2540 964 2611 dilectionem,
1012 2562 1149 2619 quae
1205 2564 1241 2605 a
1299 2548 1417 2607 ﬁde
1448 2556 1504 2608 et
1559 2555 1911 2626 pwnitentia
1944 2540 2222 2629 procede-

564 2630 686 2687 bat.

634 2721 800 2777 Vers.
849 2723 937 2779 41.
981 2724 1108 2781 Duo
1157 2757 1225 2767 —
1265 2729 1425 2784 Vers.
1459 2731 1547 2786 43.
1588 2732 1894 2803 judicasti.
1944 2736 2086 2793 Hinc
2137 2736 2223 2792 in-

563 2808 951 2881 telligendum
983 2812 1170 2880 dedit,
1204 2818 1369 2888 quod
1413 2818 1572 2876 velut
1623 2829 1821 2879 narrat
1854 2826 2215 2897 exemplum,

562 2897 642 2954 ita
674 2915 819 2955 sane
849 2904 905 2955 et
933 2907 1016 2972 tu,
1051 2907 1340 2976 tanquam
1371 2907 1421 2961 is
1449 2909 1553 2980 qui
1580 2912 1787 2981 paucis
1834 2913 2134 2971 obnoxius
2157 2934 2220 2973 es

2336 2939 2449 2991 γαις
2500 2923 2776 2991 τιμωρίαις
2828 2919 3101 2993 ὑπόχρεως
3153 2921 3241 2984 ὧν,
3291 2918 3463 2990 ὀλίγον
3510 2940 3574 2992 με
3620 2921 3913 2991 ἠγάπησας·

562 2987 890 3059 suppliciis,
919 3005 1134 3061 parum
1175 3010 1269 3049 me
1299 2995 1555 3053 dilexisti
1597 3016 1610 3055 :
1639 3000 1765 3056 haec
1796 3018 1956 3069 vero,
1994 3009 2055 3060 ut
2080 3022 2217 3078 quae

2336 2987 2459 3066 αὕτη
2514 2987 2593 3074 δὲ,
2647 3010 2711 3067 ὡς
2766 3006 2995 3069 πολλαῖς,
3055 3006 3204 3073 πολὺ,
3260 3011 3346 3059 ἵνα
3395 3007 3526 3060 πολὺ
3568 3008 3699 3081 αὐτῇ
3740 3009 3923 3080 ἀφεθῇ·

560 3077 761 3133 multis
814 3084 940 3135 erat
991 3080 1268 3151 obnoxia,
1308 3085 1696 3146 vehementer
1736 3108 1821 3145 me
1876 3077 2117 3162 dilexit,
2160 3103 2219 3151 ut

2336 3096 2414 3151 διὸ
2492 3103 2580 3149 καὶ
2644 3100 2712 3158 ὡς
2790 3096 2918 3149 πολὺ
2994 3095 3350 3168 ἀγαπήσασαν
3403 3100 3777 3170 προσηκάμην,
3854 3102 3938 3151 ἶνα

558 3167 815 3224 multum
847 3168 961 3224 sibi
992 3173 1410 3231 remitteretur:
1443 3177 1580 3233 ideo
1611 3195 1855 3253 quoque
1882 3199 2214 3255 congruum

2336 3188 2455 3241 πολὺ
2483 3186 2691 3259 ἀφήσω.
2728 3186 2864 3239 Πολὺ
2906 3182 2965 3238 δε
2986 3194 3073 3237 νῦν
3105 3191 3163 3238 τὸ
3196 3193 3297 3238 πᾶν
3327 3191 3536 3245 νόησον.

557 3256 703 3313 mihi
728 3263 819 3313 est
858 3262 921 3314 ut
951 3259 1023 3329 ei,
1059 3265 1351 3334 tanquam
1382 3267 1762 3325 vehementer
1794 3270 2077 3344 diligenti,
2132 3281 2387 3336 multum
2449 3256 2762 3332 remittam.
2794 3275 3042 3330 Multum
3096 3281 3319 3342 autem,
3366 3276 3624 3346 intelligo
3652 3276 3756 3333 hic
3801 3280 3928 3335 uni-

556 3362 796 3403 versum
829 3347 1115 3405 debitum.

626 3438 788 3493 Vers.
820 3438 909 3494 44.
946 3440 1024 3495 Et
1061 3457 1377 3500 conversus
1408 3477 1474 3486 —
1505 3447 1665 3503 Vers.
1697 3452 1783 3506 46.
1837 3452 2004 3521 pedes
2032 3471 2207 3513 meos.

552 3529 635 3583 Tu
666 3527 911 3599 quidem
936 3544 1009 3585 ea
1039 3531 1240 3600 etiam,
1274 3550 1410 3607 quae.
1424 3535 1623 3594 facilia
1647 3544 1813 3596 erant
1847 3557 1966 3598 non
1997 3542 2206 3612 fecisti,

550 3616 681 3672 haec
726 3632 889 3681 vero,
939 3634 1074 3691 quas
1122 3621 1300 3680 etiam
1332 3623 1600 3683 difﬁcilia
1644 3635 1782 3684 sunt
1820 3636 2071 3703 operata
2096 3640 2207 3693 est.

622 3707 768 3765 Vide
798 3715 1016 3779 autem,
1049 3713 1213 3783 quod
1247 3714 1324 3770 ab
1354 3713 1467 3783 his,
1503 3715 1656 3771 unde
1687 3718 1847 3789 prius
1876 3736 2049 3777 suam
2074 3722 2209 3795 ipsa

547 3799 879 3857 venabatur
903 3803 1321 3875 perditionem,
1350 3804 1429 3861 ab
1451 3806 1672 3863 eisdem
1698 3824 1856 3865 nunc
1876 3818 2090 3868 venata
2120 3819 2208 3869 est

550 3889 805 3947 salutem
838 3908 851 3947 :
894 3892 1178 3967 lacrymis
1208 3895 1372 3950 enim
1403 3897 1708 3952 amatoriis
1741 3902 1800 3953 et
1847 3900 2071 3972 capillis
2108 3918 2207 3958 cu-

546 3980 761 4035 riosius
816 3983 1180 4038 concinnatis
1231 4001 1301 4039 ac
1326 3990 1644 4054 unguento,
1674 3985 1928 4043 lascivos
1951 3990 2206 4061 juvenes

545 4067 933 4126 demenlabat
953 4087 965 4126 :
982 4087 1117 4142 quae
1132 4088 1268 4128 vero
1282 4074 1545 4143 primum
1559 4073 1797 4131 fuerunt
1817 4076 2205 4135 instrumenta

546 4159 797 4228 peccati,
824 4175 895 4215 ea
930 4175 1088 4216 nunc
1115 4160 1245 4217 fecit
1274 4161 1670 4218 instrumenta
1700 4163 1953 4220 virtutis.

623 4245 778 4302 Vers.
812 4248 901 4303 47.
934 4251 1193 4321 Propter
1221 4250 1375 4322 quod
1404 4281 1469 4292 —-
1501 4253 1774 4307 multum.
1821 4254 1996 4311 Multa
2032 4256 2204 4328 equi-

544 4334 685 4390 dem
719 4352 857 4393 cum
888 4336 990 4393 illa
1038 4338 1224 4396 multa
1276 4339 1543 4406 haberet,
1603 4346 1659 4396 et
1688 4345 1899 4398 omnia
1922 4345 2199 4401 remissa.

2333 2658 2422 2704 καὶ
2460 2656 2755 2724 μετανοίας.

2404 2744 2500 2793 Δύο
2566 2772 2626 2779 -
2656 2742 2879 2811 ἔκρινας.
2926 2736 3154 2793 Δίδωκεν
3205 2738 3429 2793 ἐντεῦθεν
3487 2748 3637 2809 νοεῖν,
3687 2744 3766 2795 ὅτι
3824 2748 3940 2797 ὦσ-

2330 2850 2422 2901 περ
2472 2832 2584 2902 ἔχει
2628 2833 2685 2881 τὸ
2715 2826 3078 2902 παράδειγμα,
3110 2829 3273 2891 οὕτως
3323 2830 3427 2903 ἄρα
3478 2834 3544 2882 σὺ
3572 2836 3671 2902 μὲν,
3715 2833 3782 2890 ὡς
3817 2832 3928 2907 ὀλί-

2397 3462 2495 3510 Καὶ
2528 3459 2768 3528 στραφεὶς
2794 3484 2861 3495 -
2888 3473 2988 3525 μου
3021 3457 3142 3517 τοὺς
3171 3451 3365 3517 πόδας.
3400 3459 3466 3508 Σὺ
3515 3458 3604 3527 μὲν
3636 3458 3701 3507 τὰ
3731 3455 3924 3532 εὐχερῆ

2319 3551 2622 3606 πεποίηκας·
2652 3546 2782 3602 αὕτη
2808 3540 2867 3597 δὲ
2900 3546 2967 3596 τὰ
3005 3540 3246 3619 δυσχερῆ
3276 3539 3310 3596 δ
3316 3544 3614 3619 ιεπροὶξατο.

2385 3723 2522 3797 Ὀρα
2552 3720 2629 3788 δε,
2662 3725 2742 3775 ὅτι
2779 3721 2832 3785 ἐξ
2862 3718 2928 3773 ὧν
2976 3726 3224 3796 πρότερον
3276 3722 3486 3795 ἐθήρευε
3523 3726 3618 3780 τὴν
3660 3721 3921 3776 ἀπώλειαν

2317 3812 2525 3875 ἑαυτῆς,
2580 3810 2634 3863 ἐκ
2681 3814 2875 3863 τουτων
2934 3809 3119 3885 ἀρτίως
3171 3810 3422 3885 ἐθήρευσε
3473 3815 3566 3869 τὴν
3627 3818 3917 3887 σωτηρίαν.

2316 3902 2549 3973 Δάκρυσι
2601 3900 2712 3971 (41)
2765 3903 2863 3975 γὰρ
2931 3898 3218 3974 ἐρωτικοῖς,
3267 3904 3357 3951 καὶ
3410 3900 3548 3974 θριξὶ
3591 3907 3922 3976 περιεργότε-

2313 4009 2401 4064 ρον
2461 3986 2944 4062 διαπεπλεγμέναις,
3012 3993 3103 4040 καὶ
3159 3991 3308 4061 μύρῳ
3392 3992 3512 4052 τοὺς
3593 3988 3919 4054 ἀκολάστους

2313 4082 2672 4149 κτεγοήτευσε,
2701 4083 2790 4131 καὶ
2828 4080 2894 4131 τὰ
2922 4082 3043 4150 πρὶν
3074 4080 3266 4151 ὄργανα
3286 4086 3383 4140 τῆς
3405 4077 3689 4151 ἁμαρτίας,
3722 4083 3919 4155 ὄργανα

2312 4174 2401 4218 νῦν
2435 4173 2712 4226 πεποίηκεν
2746 4165 2946 4240 ἀρετῆς.

2458 4252 2533 4309 Οὗ
2563 4257 2724 4331 χάριν
2751 4287 2818 4297 --
2844 4255 2995 4309 πολὺ.
3028 4257 3091 4310 Αἱ
3116 4255 3301 4309 πολλαὶ
3326 4257 3438 4328 μεν,
3476 4263 3651 4310 πᾶσαι
3689 4253 3771 4313 δέ.

616 4425 777 4481 Vers.
795 4428 884 4483 47.
920 4428 1026 4483 Cui
1049 4434 1239 4485 autem
1266 4460 1334 4470 —
1359 4429 1579 4501 diligit.
1611 4430 1733 4487 Hoc
1761 4431 1925 4502 dixit,
1966 4449 2203 4507 repren-

2381 4433 2442 4486 Ὠ
2468 4430 2526 4486 δε
2558 4467 2616 4474 --
2678 4432 2875 4506 ἀγαπᾷ.
2930 4442 3094 4487 Τοῦτο
3148 4437 3320 4508 εἴρηκε
3371 4436 3759 4507 καθαπτόμενος
3821 4443 3913 4489 τοῦ

542 4512 691 4569 dens
716 4515 1037 4574 Simonem.

2336 4529 2557 4595 ζίμωνος.

611 4603 774 4660 Vers.
805 4608 899 4664 48.
926 4606 1089 4663 Dixit
1117 4639 1186 4650 —-
1213 4614 1449 4680 peccata
1476 4615 1600 4667 tua.
1648 4610 1800 4667 Dixit
1853 4610 1969 4668 hoc
2006 4611 2108 4678 illi,
2139 4617 2200 4668 ut

2382 4611 2504 4665 Εἰπε
2562 4645 2621 4654 -
2674 4632 2768 4665 σου
2823 4616 2878 4666 αἱ
2926 4612 3195 4685 ἁμαρτίαι.
3239 4609 3390 4665 Εἶπεν
3449 4613 3577 4684 αὐτῇ
3621 4618 3785 4671 τοῦτο,
3814 4612 3898 4663 ἵνα

538 4694 749 4750 certior
776 4696 909 4767 ipsa
937 4697 1303 4770 redderetur,
1352 4705 1408 4755 et
1437 4699 1567 4771 ipse
1612 4700 1865 4757 donaret
1909 4700 2197 4770 indigenti

2336 4700 2700 4775 πληροφορηθῇ,
2750 4707 2838 4754 καὶ
2892 4699 3092 4754 δίδωσι
3146 4710 3208 4774 τῇ
3266 4698 3481 4775 δεομένη
3547 4703 3601 4752 τό
3657 4697 3897 4771 αἰτούμε.

534 4783 697 4856 quod
717 4783 819 4841 illa
847 4786 1114 4858 petebat.

606 4873 770 4929 Vers.
802 4876 869 4931 49
899 4875 979 4931 Et
1009 4883 1304 4945 ceperunt
1360 4876 1601 4934 remittit
1630 4881 1655 4932 .9
1687 4880 1807 4935 Hoc
1852 4881 1910 4935 et
1963 4877 2064 4935 alii
2111 4878 2199 4936 di-

530 4966 765 5029 xerunt,
796 4965 1044 5036 quando
1074 4966 1466 5039 paralyticum
1494 4967 1744 5023 curavit.

602 5052 770 5108 Vers.
798 5053 889 5109 50.
920 5053 1093 5112 Dixit
1120 5061 1319 5112 autem
1350 5086 1417 5097 —
1441 5070 1598 5127 pace.
1634 5056 1857 5112 Eodem
1896 5056 2083 5114 modo
2111 5056 2195 5114 lo-

530 5142 703 5197 cutus
717 5142 890 5199 estad
917 5158 1073 5213 eam,
1099 5159 1233 5217 quas
1269 5143 1580 5216 sanguinis
1620 5144 1916 5218 proﬂuvio
1954 5144 2195 5203 labora-

526 5227 651 5297 bat,
664 5231 1185 5305 quemadmodum
1201 5234 1484 5292 vicesimo
1502 5241 1664 5291 sexto
1682 5235 1980 5308 prasentis
1992 5236 2033 5292 E
2046 5250 2197 5293 van-

528 5320 667 5393 gelii
708 5321 899 5394 capite
929 5320 1219 5381 invenies.

2309 4811 2412 4846 νον.

2382 4884 2480 4933 Καὶ
2532 4880 2755 4953 ἤρξαντο
2798 4911 2853 4919 -
2885 4878 3100 4952 ἀφίησιν
3135 4896 3148 4945 ;
3206 4876 3361 4933 Εἶπον
3404 4887 3559 4933 τοῦτο
3609 4881 3699 4931 καὶ
3726 4876 3908 4951 ἕτεροι,

2305 4970 2387 5021 ὅτε
2418 4972 2504 5021 τὸν
2531 4968 2879 5041 παραλυτικὸν
2902 4968 3262 5043 ἐθεράπευσεν.

2376 5054 2501 5110 Εἷπε
2548 5054 2607 5111 δε
2651 5088 2723 5099 —
2770 5058 2997 5133 εἰρήνην.
3055 5058 3281 5131 Ἐφησεν
3336 5060 3473 5111 οὕτω
3505 5078 3599 5110 και
3649 5059 3784 5131 πρὸς
3813 5062 3908 5115 τὴν

2303 5145 2705 5223 αἰμορῤοοῦσαν,
2739 5147 2809 5209 ὡς
2838 5146 3073 5220 εὑρήσεις
3115 5145 3166 5199 έν
3196 5154 3266 5219 τῷ
3323 5150 3546 5218 εἰκοστῷ
3589 5145 3718 5219 in?
3758 5163 3914 5218 κεφα-

2300 5235 2430 5309 λαίῳ
2467 5242 2559 5290 τοῦ
2590 5238 2846 5311 παρόντος
2875 5234 3215 5308 Εὐαγγελίου.

1736 5448 1962 5521 Varia;
1988 5449 2318 5522 lectiones
2358 5460 2425 5520 et
2448 5459 2653 5521 noue.

624 5614 692 5669 39
758 5610 875 5669 Ἐπ’
907 5613 1047 5666 αὑτῶ
1072 5612 1244 5671 abest
1272 5615 1344 5669 Α.

624 5610 715 5757 to;
742 5684 846 5740 Τού
878 5667 1043 5743 ειάάίῖ
1072 5685 1137 5739 Α.

2370 5612 2488 5690 (ιι)
2517 5612 2624 5690 Γάρ
2654 5612 2819 5672 abest
2846 5612 2917 5672 Α.

622 5683 715 5743 40)
742 5684 846 5740 Τοῦ
878 5683 1043 5743 addit
1072 5685 1137 5739 Α.
