4170 6364
228 302 337 364 937

1237 302 1604 365 COMMENT.
1650 303 1717 363 IN
1758 298 2025 364 LUCAM.
2065 335 2134 346 —
2173 303 2325 363 CAP.
2374 300 2514 361 VllI.

3504 305 3619 363 938:

308 437 507 486 Γένοιτο
544 430 603 485 δὲ
640 438 735 487 καὶ»
774 438 864 492 τὴν
918 432 1044 506 ἕμὴν
1103 438 1315 508 πόρνην,
1367 438 1503 497 ἤτοι,
1556 438 1647 490 τὴν
1693 432 1838 504 φιλὴ-

2005 430 2183 487 tinam
2215 436 2417 489 autem
2458 429 2837 502 contingeret,
2872 434 2939 487 ut
2983 434 3042 487 et
3068 429 3276 496 annua
3322 445 3464 489 mea
3496 431 3612 489 for-

237 519 388 574 δονόν
442 542 541 593 μου
588 522 773 593 ψυχὴν
817 531 1154 594 μετανοῆσαι,
1197 529 1285 575 καὶ
1329 520 1587 597 δάκρυσιν
1629 521 1844 573 ἀπολού-

241 613 442 663 σασθαι
482 616 573 670 τὴν
607 607 881 664 δυσωδίαν
911 620 1003 664 τοῦ
1035 611 1293 687 βορϐόρου
1324 620 1413 672 τῆς
1443 611 1724 683 ἁμαρτίας,
1754 615 1843 661 καὶ

240 708 598 775 προσαγαγεῖν
630 709 703 770 τῷ
726 708 841 771 Θεῷ
873 698 1095 753 εὐωδίαν
1120 705 1287 776 μύρου
1326 700 1529 773 ἀρετῆς.

319 882 422 935 Καὶ
444 878 637 950 ἐγένετο
660 910 726 918 -
754 886 844 931 τού
867 887 1019 933 Θεοῦ.
1043 878 1414 949 Κατασγσγέλλων
1439 883 1532 936 τὴν
1560 877 1847 930 ἀπόλαυσιν

246 974 332 1025 τὴν
377 970 535 1035 Θείαν,
586 972 678 1025 τὴν
709 965 1001 1019 ἀνάπαυσιν
1048 972 1142 1027 τὴν
1186 964 1380 1035 ἀίδιον,
1426 970 1506 1020 ὅτι
1549 964 1849 1041 δεδώρηται

248 1064 357 1118 τοῖς
387 1059 726 1117 πιστεύουσιν
758 1063 830 1118 εἷς
859 1056 1034 1118 αὐτόν,

327 1150 425 1198 Καὶ
454 1177 520 1186 -
546 1146 705 1215 αύτῷ.
731 1153 859 1203 Σννῆ
871 1166 964 1198 σαν
994 1146 1154 1216 αύτῷ.

328 1234 430 1288 Καὶ
477 1242 713 1305 γυναῖκες
786 1267 853 1274 -
916 1235 1118 1295 αὐταῖς.
1194 1235 1643 1308 Εύεργετηθεῖσαι,
1723 1239 1849 1308 γὰρ,

252 1324 347 1376 ούκ
398 1322 699 1380 ἀπέστησαν
745 1321 831 1374 ἀπ’
878 1323 1056 1375 αὐτοῦ’
1100 1320 1350 1395 δαιμόνια
1400 1321 1457 1377 δὲ
1510 1324 1679 1389 ἑπτά,,
1722 1329 1853 1386 τινες

252 1415 607 1486 ἡρμήνευσαν,
659 1410 772 1464 ἀντὶ
810 1420 920 1475 τού,
966 1412 1145 1464 πολλα.
1190 1415 1409 1475 Σύνηθες
1448 1417 1548 1486 ’γὰρ
1574 1412 1850 1487 Ἑϐραίοις,

254 1501 383 1554 ἑπτα
442 1500 623 1571 λέγειν,
658 1504 723 1551 τὰ
772 1499 953 1552 πολλοὶ.
1004 1503 1305 1575 Ἐττίτροπον
1359 1499 1415 1554 δὲ
1459 1499 1693 1575 Ἡρώδου
1737 1502 1849 1573 (42)

251 1595 356 1642 νόει
417 1593 501 1641 τὸν
552 1587 863 1661 ἐπιμελητὴν
916 1595 1005 1641 καὶ
1063 1592 1327 1662 οἰκονόμον
1379 1601 1476 1642 τῶν
1534 1592 1852 1665 πραγμάτων

257 1679 439 1733 αὐτοῦ.

406 1863 552 1911 ΚΕΦ.
588 1856 709 1913 ΚΒ’.
762 1861 884 1929 Περὶ
924 1864 1017 1917 τῆς
1046 1855 1344 1929 παραϐολῆς
1369 1865 1460 1909 τοῦ
1493 1862 1710 1931 σπόρου.

334 1954 571 2006 Συνοντος
603 1943 662 1998 δέ
691 1977 758 1987 -
800 1945 1325 1999 ἑκατονταπλασίονα.
1374 1951 1497 2021 Περὶ
1537 1949 1726 2006 ταύτης
1764 1953 1859 2007 τῆς

258 2035 531 2107 παραϐολῆ
545 2054 565 2096 ς
584 2043 675 2087 τοῦ
700 2039 896 2107 σπόρου
911 2034 1223 2108 πλατύτερον
1237 2036 1262 2086 ὁ
1295 2038 1562 2097 Ματθαῖος
1584 2036 1764 2109 ἰστόρη
1775 2053 1857 2086 σεν

261 2124 310 2176 ἐν
342 2134 413 2195 τῷ
463 2124 678 2194 εἰκοστῷ
706 2126 931 2195 τετάρτῳ
959 2124 1216 2195 κεφαλαίῳ
1259 2125 1439 2178 αὐτοῦ.
1493 2125 1596 2179 Καὶ
1628 2125 1859 2185 ζήτησον

261 2212 311 2264 ἐν
352 2211 524 2283 ἐκείνῳ
557 2218 673 2286 περὶ
703 2216 897 2264 τούτων
921 2215 1145 2267 πάντων.

336 2308 513 2353 Ταῦτα
562 2333 628 2342 -—
684 2300 926 2356 ἀκουέτω.
990 2302 1070 2354 Ἐν
1123 2300 1294 2373 ἐκείνῳ
1357 2306 1446 2354 καὶ
1504 2308 1620 2377 περὶ
1675 2304 1860 2355 τούτου

263 2393 490 2466 εἴρηται.

337 2479 648 2553 Ἐπηρώτων
671 2511 736 2520 -
759 2487 913 2534 Θεοῦ.
940 2479 1160 2551 Ὁμοίως
1187 2485 1269 2532 καὶ
1303 2484 1418 2552 περὶ
1442 2482 1653 2533 τούτων.

338 2665 459 2721 Τοῖς
490 2654 547 2711 δὲ
577 2658 772 2719 λοιποῖς
801 2690 870 2698 --
899 2657 1238 2731 παραϐολαῖς.
1264 2657 1322 2709 Ὁ
1354 2654 1413 2709 δὲ
1438 2660 1649 2730 Μάρκος
1674 2659 1867 2733 ἔγραψε

273 2753 605 2821 σαφεστερον,
638 2747 815 2818 λέγων·
852 2746 1089 2808 Ἐκείνοις
1122 2743 1180 2798 δὲ
1211 2754 1318 2806 τοῖς
1347 2747 1441 2808 ἔξω
1476 2745 1524 2797 ἐν
1550 2746 1869 2822 παραϐολαῖς

272 2839 339 2887 τὰ
384 2839 554 2887 πάντα
582 2841 797 2904 γίνεται.
853 2841 953 2888 Καὶ
985 2836 1215 2896 ζήτησον
1264 2840 1357 2893 τὴν
1396 2838 1589 2888 τούτων
1620 2836 1869 2908 ἐξήγησιν

276 2924 323 2974 ἐν
355 2933 424 2992 τῷ
456 2923 612 2993 ἐνάτῳ
643 2924 899 2994 κεφαλαίῳ
932 2924 1111 2977 αὐτοῦ.

346 3010 456 3063 Ἱνα
506 3043 566 3050 -
633 3020 899 3065 συνιῶσιν.
958 3014 1041 3064 Ἐν
1089 3021 1158 3083 τῷ
1215 3016 1429 3084 τοιούτῳ
1481 3014 1738 3086 κεφαλαίῳ
1781 3024 1870 3068 τοῦ

280 3101 494 3172 Μάρκου
525 3104 613 3151 καὶ
644 3107 811 3151 ταῦτα
841 3097 1321 3172 διηρμηνεύθησαν.

348 3187 502 3240 Ἐστι
532 3219 599 3228 -
633 3188 923 3263 παραϐολή.
968 3190 1131 3258 Αὕτη,
1174 3189 1286 3243 ἀντὶ
1329 3198 1441 3254 τοῦ,
1476 3196 1711 3258 τοιαύτη,
1741 3199 1877 3247 κατὰ

277 3281 371 3335 τὴν
398 3277 686 3350 ἑρμηνείαν.

351 3373 392 3417 Ο
458 3370 653 3441 σπόρος
714 3399 782 3406 —
820 3372 969 3421 Θεοῦ.
1032 3367 1090 3420 Ὁ
1154 3377 1245 3430 τῆς
1290 3374 1536 3435 πίστεως,
1593 3371 1617 3420 ὁ
1663 3370 1879 3441 εὐαγγε-

277 3454 390 3507 λικό
400 3475 438 3516 ς.

353 3548 419 3597 Οἵ
467 3541 526 3597 δὲ
565 3577 632 3584 -
692 3547 950 3598 σωθῶσιν.
1012 3547 1089 3599 Ἐν
1142 3554 1213 3618 τῷ
1268 3548 1478 3620 ῥηθέντι
1542 3549 1757 3619 εἰκοστῷ
1798 3568 1880 3602 τε-

280 3635 452 3704 τάρτῳ
519 3633 775 3706 κεφαλαίῳ
857 3640 1016 3706 φησὶν
1084 3638 1108 3686 ὁ
1182 3639 1464 3698 Mareade:
1532 3641 1607 3691 ὅτι
1686 3643 1882 3699 Παντὸς

284 3723 555 3782 ἀκούοντος
629 3726 715 3775 τὸν
764 3726 912 3795 ὶόγον
985 3732 1074 3785 τῆς
1134 3724 1427 3797 βασιλείας,
1482 3734 1568 3779 καὶ
1642 3733 1712 3799 μὴ
1766 3748 1882 3780 συν-

283 3816 473 3875 τεντος,
540 3815 752 3885 ἔρχεται
806 3815 831 3866 ὁ
914 3818 1159 3885 πονηρὸς,
1234 3821 1322 3867 καὶ
1394 3815 1617 3887 ἁρπάζει
1678 3821 1735 3869 τὸ
1794 3816 1882 3869 ἐσ-

284 3904 540 3973 παρμένον
616 3900 664 3953 ἐν
739 3910 798 3973 τῇ
854 3899 1053 3975 καρδίᾳ
1126 3904 1306 3959 αὐτοῦ.
1397 3905 1559 3967 Οὗτός
1640 3905 1779 3958 ἐστιν
1860 3908 1884 3957 ὁ

286 3992 430 4063 παρὰ
488 3993 575 4047 τὴν
629 3987 751 4042 ὁδὸν
812 3997 1042 4065 σπαρείς.
1116 3998 1215 4046 Καὶ
1270 3992 1529 4066 ἀνάγνωθι
1598 3999 1690 4053 τήν
1765 3993 1885 4051 ὃλην

285 4082 482 4130 τούτων
519 4078 787 4150 ἐξήγησιν,
829 4079 912 4152 ἀφ’
953 4082 1015 4142 ἧς
1051 4079 1236 4155 ῥᾴδιον
1267 4091 1356 4135 και
1403 4086 1469 4136 τὰ
1508 4088 1740 4157 παρόντα
1771 4080 1887 4136 δια-

286 4176 499 4240 γνῶναι.

362 4260 427 4308 Οἱ
457 4253 515 4309 δὲ
540 4256 622 4309 ἐπὶ
653 4267 747 4320 τῆς
776 4264 980 4332 πέτρας.
1010 4262 1075 4311 Οἱ
1102 4257 1161 4312 δε
1198 4264 1332 4313 κατὰ
1355 4267 1446 4320 τὴν
1477 4266 1687 4335 πέτραν,
1734 4262 1883 4327 εἰσὶν,

288 4346 454 4411 οὗτοι,
486 4343 746 4411 δηλονότι,
780 4354 897 4420 περὶ
935 4349 1002 4399 ὧν
1028 4347 1148 4421 ipsi.

362 4438 428 4489 Οῖ
480 4439 599 4489 ὅταν
631 4469 698 4477 -
730 4437 1062 4509 ἀφίστανται.
1113 4439 1196 4492 Ἐν
1246 4448 1317 4511 τῷ
1366 4443 1584 4512 τοιούτῳ
1630 4441 1889 4514 κεφαλαίῳ

289 4532 381 4579 καὶ
406 4531 523 4602 περὶ
552 4535 650 4578 τῶν
680 4529 926 4579 τοιούτων
957 4530 1214 4603 εὑρήσεις.

364 4618 433 4669 Τὸ
462 4611 521 4667 δὲ
562 4646 627 4656 --
658 4615 809 4669 εἰσιν.
846 4618 994 4671 Ἀντὶ
1036 4624 1149 4681 τοῦ,
1200 4616 1248 4670 ἐν
1292 4621 1490 4681 τούτοις
1540 4618 1672 4672 ἐστί.
1719 4624 1891 4681 [Ιοίοις

293 4707 495 4766 τούτοις
518 4721 531 4772 ;
559 4703 724 4758 Ἀκον
732 4724 840 4760 σον.

370 4795 434 4845 Οἱ
534 4825 603 4834 ——
696 4794 1109 4869 τελεσφοροῦσιν.
1222 4796 1345 4852 Ὑπὸ

296 4882 520 4936 πλούτου
612 4889 703 4945 καὶ
772 4881 993 4949 ἡδονῶν,

1450 4806 1708 4872 μεριμνῶν
1806 4803 1895 4851 καὶ

1082 4883 1196 4938 ἀντὶ
1266 4882 1358 4939 τοῦ
1388 4932 1403 4956 ,
1456 4889 1587 4959 μετὰ
1640 4896 1895 4962 μεριμνῶν

488 4971 711 5025 πλούτου
802 4978 891 5026 καὶ
974 4971 1175 5033 ἡδονῶν
1262 4980 1615 5052 πορευόμενοι,
1708 4978 1894 5043 εἰτουν,

297 5058 702 5132 πολιτευόμενοι.
759 5061 841 5116 Ἐν
919 5062 1095 5137 ἐκείνῳ
1170 5061 1247 5137 δὲ,

299 5147 521 5225 ἕῤῥῄθη.

296 4976 388 5023 καὶ

1346 5070 1436 5119 καὶ
1518 5070 1635 5142 περὶ
1704 5067 1897 5118 τούτων

374 5329 418 5366 ⁴¹
462 5330 635 5388 Marc.
664 5345 741 5399 1v,
790 5331 880 5390 11.
957 5333 1004 5369 ⁸²
1042 5331 1256 5390 Matth.
1289 5348 1415 5401 xm,
1448 5332 1536 5390 19.

1947 520 2193 587 uicaria,
2223 520 2343 575 sive
2374 520 2748 591 voluptatum
2785 521 3060 585 amatrix,
3088 519 3436 592 poenitentia
3463 534 3621 594 pune

1950 613 2203 678 geretur,
2231 614 2288 664 et
2312 608 2596 679 lacrymis
2645 608 2912 665 ablueret
2940 609 3211 666 faetorem
3254 610 3443 682 ipsius
3476 626 3613 683 pec-

1950 698 2085 762 cati,
2105 712 2175 753 ac
2191 713 2440 754 suavem
2458 698 2538 754 ad
2569 701 2753 754 Deum
2774 698 3028 755 deferret
3054 699 3304 767 odorem
3326 700 3623 771 unguenti

1951 786 2143 857 ipsius
2186 787 2443 844 Virtutis.

2024 875 2173 931 CAP.
2202 875 2346 930 VIII.
2380 875 2547 932 Vers.
2583 880 2632 931 1.
2658 875 3216 948 Factumque—Dei.
3248 877 3625 934 Denuntians

1951 963 2119 1036 quod
2148 964 2344 1019 fruitio
2374 964 2600 1036 divina,
2640 966 2998 1037 requiesque
3029 967 3397 1040 sempiterna
3421 966 3623 1023 dona:

1952 1058 2160 1109 rentur
2187 1052 2249 1109 in
2291 1052 2492 1124 ipsum
2534 1052 2950 1111 credentibus.

2030 1139 2194 1196 Vers.
2226 1142 2278 1197 1.
2304 1141 2382 1197 Et
2407 1171 2479 1183 —
2502 1158 2588 1199 eo.
2619 1143 2801 1199 Simul
2830 1150 3161 1200 erantcum
3190 1159 3288 1201 eo.

2026 1229 2195 1286 Vers.
2248 1234 2302 1285 2.
2354 1234 2443 1287 Ac
2492 1233 2761 1289 mulieres
2819 1262 2889 1275 -
2937 1235 3100 1291 Vers.
3159 1237 3213 1289 3.
3270 1233 3412 1290 suis.
3468 1233 3627 1299 Cum;

1956 1319 2117 1375 enim
2159 1318 2466 1375 beneﬁciis
2509 1321 2586 1377 ab
2612 1336 2684 1377 eo
2733 1320 2961 1378 affectas
3011 1327 3230 1388 essent,
3276 1338 3395 1379 non
3424 1322 3620 1379 dices-

1957 1413 2160 1465 serunt
2182 1409 2259 1465 ab
2290 1424 2382 1465 eo.
2417 1411 2652 1481 Septem
2681 1410 2986 1468 daemonia
3009 1411 3254 1482 quidam
3281 1426 3390 1482 pro
3419 1410 3619 1467 multis

1957 1497 2807 1569 interpretantur.Consuetum
2819 1504 3187 1572 estnamque
3199 1500 3622 1573 apudﬂtebra—

1959 1601 2028 1642 os
2058 1590 2289 1657 septem
2318 1602 2545 1651 vocare,
2589 1602 2724 1659 quas
2756 1588 2947 1644 multa
2986 1595 3143 1643 sunt.
3173 1591 3630 1653 Procuratorem,

1962 1690 2101 1731 vero
2118 1675 2365 1731 Herodis
2382 1675 2645 1747 intellige
2661 1692 3049 1734 meonomum
3065 1682 3121 1733 et
3140 1677 3619 1750 dispensatorem

1890 1780 1931 1837 Β
1964 1778 2165 1820 rerum
2212 1765 2420 1835 ipsius.

2216 1852 2555 1909 CAP.XXIL
2586 1856 2671 1911 De
2712 1855 3029 1912 seminante
3055 1855 3373 1924 parabola.

2040 1942 2206 1998 Vers.
2230 1946 2283 1998 4.
2305 1944 2450 1999 Cum
2473 1950 2671 2001 autem
2702 1944 3124 2000 conveniret—
3154 1945 3324 2001 Vers.
3350 1947 3403 1999 8.
3423 1950 3628 2006 centu.

1963 2032 2156 2101 plum.
2216 2032 2295 2088 De
2329 2032 2445 2088 hac
2501 2033 2782 2089 sementis
2827 2032 3118 2105 parabole
3176 2033 3357 2090 latius
3395 2034 3629 2107 scripsit

1969 2121 2272 2179 Mattheeus
2322 2121 2601 2177 vicesimo
2647 2127 2864 2195 quarto
2911 2123 3107 2195 capite
3152 2139 3166 2189 ;
3216 2128 3273 2179 et
3322 2122 3402 2179 ibi
3427 2123 3502 2181 de
3531 2122 3635 2179 his

1971 2209 2251 2267 omnibus
2274 2225 2496 2283 quaere.

2042 2299 2209 2355 Vers.
2241 2302 2293 2355 8.
2326 2300 2467 2357 Ηιεο
2488 2329 2559 2342 --
2587 2300 2822 2358 audiat.
2853 2301 2934 2357 De
2962 2300 3057 2357 his
3086 2301 3263 2358 etiam
3292 2301 3375 2357 ibi
3399 2300 3628 2359 dictum

1974 2393 2085 2446 est.

2043 2478 2203 2534 Vers.
2237 2481 2292 2533 9.
2321 2477 2771 2549 Interrogabant
2795 2508 2864 2519 —
2889 2477 3051 2535 Vers.
3082 2480 3169 2543 10.
3201 2477 3329 2536 Dei.
3355 2478 3632 2538 Similiter

1975 2570 2033 2621 et
2069 2564 2144 2622 de
2173 2566 2287 2622 his.

2047 2654 2211 2711 Vers.
2251 2656 2339 2711 10.
2396 2654 2635 2711 Geta-is
2677 2662 2878 2713 autem
2934 2686 3003 2697 —
3040 2656 3363 2727 parabolis.
3396 2657 3631 2716 Marcus

1977 2759 2119 2799 vero
2144 2743 2377 2816 planius
2403 2745 2655 2817 scripsit,
2710 2745 2951 2805 dicens:
2983 2747 3093 2802 Bis
3115 2754 3311 2804 autem
3339 2747 3457 2820 qui,
3482 2747 3635 2818 foris

1976 2840 2140 2899 sunt,
2168 2834 2230 2889 in
2256 2834 2563 2902 parabolis
2591 2835 2791 2891 omnia
2812 2836 2968 2903 ﬁunt
2990 2836 3056 2873 ⁸⁸·
3088 2838 3151 2891 Et
3183 2837 3402 2895 horum
3434 2851 3637 2910 quam

1978 2923 2411 2995 expositionem
2454 2938 2615 2981 nono
2662 2925 2788 2996 ejus
2819 2924 3030 2997 capite.

2050 3013 2216 3069 Vers.
2250 3014 2337 3068 10.
2391 3013 2467 3069 Ut
2495 3044 2565 3054 —
2600 3013 2970 3085 intelligant.
2996 3014 3082 3070 Ibi
3102 3018 3159 3071 et
3185 3014 3315 3072 haec
3334 3014 3638 3073 declarata

1903 3132 1943 3189 ρ
1982 3106 2136 3159 sunt.

2055 3193 2209 3247 Vers.
2245 3195 2323 3248 I1.
2354 3193 2545 3247 Est—
2570 3192 2878 3263 parabola.
2909 3192 3059 3257 Haec,
3083 3191 3146 3248 id
3171 3195 3276 3258 est,
3310 3192 3450 3249 talis
3471 3193 3649 3265 juxta

1986 3280 2550 3351 interpretationem.

2058 3371 2218 3425 Vers.
2241 3369 2329 3423 11.
2352 3369 2561 3426 Semen
2593 3400 2660 3415 -
2681 3370 2806 3427 Dei.
2831 3368 3041 3427 Sermo
3070 3369 3214 3426 ﬁdei
3240 3370 3641 3441 evangelicae.

2061 3548 2227 3603 Vers.
2260 3548 2347 3603 12.
2383 3547 2493 3611 Qui
2540 3564 2669 3604 vero
2698 3580 2767 3589 —
2802 3548 2955 3605 salvi
2974 3549 3150 3618 ﬁant.
3183 3548 3468 3606 Praedicta
3497 3550 3648 3606 vice-

1991 3638 2134 3693 simo
2162 3641 2375 3709 quarto
2402 3638 2585 3709 capite
2617 3638 2695 3692 ait
2726 3637 3026 3694 Mattheus
3060 3653 3071 3691 :
3108 3637 3249 3694 Cum
3280 3638 3462 3710 quivis
3488 3638 3648 3695 audi-

1992 3727 2078 3782 vit
2099 3726 2335 3782 verbum
2367 3727 2545 3797 regni,
2580 3741 2683 3781 nec
2706 3726 2991 3797 intelligit
3024 3743 3036 3782 :
3066 3727 3218 3782 venit
3240 3727 3342 3783 ille
3363 3728 3566 3793 malus,
3593 3735 3651 3784 et

1992 3816 2149 3884 rapit
2165 3816 2316 3887 quod
2329 3818 2675 3872 seminatum
2706 3824 2785 3872 est
2803 3833 2860 3869 νη
2886 3816 3063 3872 corde
3089 3816 3260 3886 ipsius
3282 3833 3299 3883 ;
3319 3817 3416 3872 hic
3434 3823 3536 3881 est,
3558 3818 3652 3888 qui

1982 3908 2167 3975 jurta
2208 3905 2361 3961 viam
2402 3906 2712 3961 seminatus
2753 3906 2868 3973 fuit
2925 3906 2995 3959 ⁴².
3046 3908 3111 3961 Et
3136 3908 3267 3975 tege
3309 3906 3652 3962 universam

1993 3994 2230 4050 illorum
2297 3994 2749 4067 expositionem,
2808 3995 2965 4051 unde
3013 3999 3069 4050 et
3115 3995 3433 4067 praesentia
3480 3994 3655 4051 facile

1995 4084 2100 4140 erit
2133 4100 2513 4154 cognoscere.

2073 4261 2228 4317 Vers.
2264 4262 2345 4316 13.
2383 4262 2492 4329 Qui
2519 4277 2656 4319 vero
2681 4277 2855 4333 super
2876 4268 3124 4333 petram.
3160 4263 3270 4328 Qui
3296 4261 3373 4319 ad
3399 4264 3673 4334 petram,-

1997 4351 2060 4407 hi
2082 4356 2219 4407 sunt
2246 4350 2537 4414 videlicet,
2564 4350 2639 4407 de
2679 4350 2901 4424 quibus
2929 4350 3198 4407 dicturus
3229 4355 3336 4406 est.

2069 4439 2231 4495 Vers.
2268 4444 2353 4496 13.
2395 4439 2662 4505 Quicum
2687 4439 2984 4498 recedunt.
3017 4440 3238 4496 Eodem
3265 4441 3460 4511 capite
3485 4443 3662 4497 etiam

2001 4529 2126 4585 haec
2168 4529 2451 4584 invenies.

2076 4618 2236 4673 Vers.
2263 4618 2350 4673 14.
2385 4618 2551 4683 Quod
2575 4622 2768 4674 autem
2800 4648 2867 4660 —
2884 4624 3041 4675 sunt.
3071 4618 3193 4674 Hoc
3212 4622 3317 4690 est,
3342 4618 3404 4675 in
3429 4618 3525 4674 his
3548 4623 3660 4675 est.

2004 4706 2291 4773 Qualibus
2321 4706 2412 4762 his
2469 4706 2498 4760 ?
2530 4706 2702 4762 Audi.

2076 4796 2243 4851 Vers.
2260 4796 2346 4851 14.
2364 4794 2469 4860 Qui
2486 4826 2543 4837 -
2556 4796 3239 4866 referunt/ructum.Sub
3254 4796 3667 4854 sollicitudini-

2005 4885 2120 4941 bus
2132 4890 2187 4940 et
2198 4884 2414 4939 divitiis
2429 4900 2498 4940 ac
2524 4884 2950 4955 voluptatibus:
2967 4886 3080 4943 hoc
3093 4890 3327 4942 estcum
3344 4886 3666 4943 sollicitudi

2006 4974 2185 5029 nibus
2201 4980 2257 5029 et
2284 4972 2501 5029 divitiis
2518 4989 2589 5030 ac
2614 4972 3021 5046 voluptatibus
3040 4980 3244 5031 euntes
3281 4975 3407 5033 sive
3425 4991 3671 5033 conver-

2008 5066 2226 5127 santes.
2266 5061 2335 5119 1n
2365 5078 2436 5119 eo
2474 5062 2655 5120 etiam
2684 5062 2760 5119 de
2789 5062 2882 5119 his
2920 5062 3146 5120 dictum
3167 5071 3276 5122 est.

1506 5484 1732 5554 Varia
1770 5485 2098 5555 lectiones
2140 5494 2206 5553 et
2254 5493 2457 5554 note.

383 5680 495 5754 (42)
532 5676 772 5756 Ἡρώδου
806 5679 999 5737 abest.
1033 5684 1098 5735 Α.

596 5779 832 5835 ΡΑτειοι..
872 5777 980 5836 Gn.
1023 5777 1269 5836 CXXIX.
