4170 6364
242 356 342 415 941

1338 351 1707 416 COMMENT.
1751 350 1821 408 IN
1856 346 2115 411 LUCAM.
2158 389 2225 397 —
2266 356 2421 415 CAP.
2454 357 2598 417 VIII.

3514 369 3619 424 942

244 506 403 557 ’γησει
456 493 546 538 τοῦ
602 482 902 538 δωδεκάτου
952 485 1230 557 κεφαλαίου
1268 492 1359 538 τοῦ
1411 486 1547 535 κατα
1584 482 1847 534 Ματθαῖον

2009 493 2023 533 ι
2053 483 2423 539 enarratione
2462 486 2794 543 duodecimi
2820 488 2991 559 juxta
3019 489 3361 546 Matthaaum
3414 493 3620 566 capitis

248 578 455 649 εἴρηται
506 581 623 648 περὶ
666 578 851 627 τούτου
919 580 1109 646 σαφῶς.
1150 579 1219 627 Τὸ
1258 574 1452 634 πλῆθος
1508 569 1567 623 δὲ
1597 579 1694 621 τῶν
1726 574 1850 621 ἐνοι-

249 668 476 716 κούντων
522 661 826 735 δαιμονίων,
863 667 927 724 ως
958 664 1028 729 ἐν,
1065 661 1157 715 διὰ
1204 668 1297 720 την
1343 666 1630 725 κοινωνίαν,
1660 656 1847 721 ἐδέετο,

250 760 519 826 χρώμενον
559 763 629 824 τῷ
660 758 883 825 στόματι
904 762 993 805 τοῦ
1035 752 1326 826 ἀνθρώπου.

331 843 653 917 Ιίαρήγσγειλε
708 875 775 882 -
848 841 1141 915 ἀνθρώπου.
1198 841 1281 901 Ὠς
1338 840 1409 892 ἑνὶ
1466 846 1574 899 τοῖς
1654 836 1855 895 πολλοῖς

258 931 495 984 ἐπέταττε
553 929 796 1004 δαίμοσι,
844 929 937 984 δια
984 937 1077 990 τὴν
1142 931 1409 982 ἀσθένειαν
1480 929 1668 989 αὐτῶν,
1705 927 1733 983 ἢ
1766 930 1855 977 καὶ

262 1018 357 1072 διὰ
386 1026 441 1072 τό
481 1024 677 1083 πάντας
715 1024 844 1093 ὁμου
885 1021 1105 1092 λεγεῶνα
1156 1020 1451 1082 καλεῖσθαι,
1485 1019 1512 1075 ἡ
1543 1022 1629 1069 καὶ
1662 1012 1755 1068 διὰ
1797 1018 1855 1065 τό

261 1112 348 1161 ἕνα
378 1113 492 1161 τινὰ
517 1110 755 1185 ἐξάρχειν
794 1120 892 1163 τῶν
945 1111 1127 1173 ἄλλων,
1184 1109 1238 1169 ὃς
1294 1115 1383 1160 καὶ
1442 1104 1631 1174 ἐδέετο,
1690 1105 1856 1173 καὶ

264 1201 289 1250 6
354 1203 585 1272 Χριστὸς
669 1198 958 1264 ἐπέταττεν,
1052 1201 1121 1259 ὡς
1188 1207 1283 1250 τῶν
1366 1196 1527 1248 ἄλλων
1603 1195 1856 1266 ἑπομένων

265 1287 451 1359 ἐκείνῳ.

339 1377 550 1438 Πολλοῖς
579 1410 640 1417 -
673 1378 922 1451 ἐρήμους,
956 1376 1077 1429 Ὑπὸ
1110 1385 1199 1428 τοῦ
1233 1372 1476 1446 δαίμονος
1502 1382 1591 1426 τοῦ
1630 1372 1855 1445 ἐξάρχου

260 1474 360 1517 τῶν
392 1471 485 1518 σὺν
517 1468 675 1537 αὐτῷ.

334 1556 663 1629 Ἐπερωτησε
690 1587 754 1595 -
788 1554 1041 1607 ἀπελθεῖν.
1080 1562 1257 1607 Ταῦτα
1314 1560 1403 1605 καὶ
1458 1555 1482 1603 6
1514 1554 1720 1623 Μάρκος
1753 1548 1858 1600 ἀνέ-

255 1645 433 1716 γραψε
453 1650 540 1696 καὶ
572 1649 797 1706 ζήτησον
819 1649 912 1701 τὴν
943 1647 1135 1695 τούτων
1159 1644 1409 1714 ἐξήγησιν
1428 1640 1474 1693 ἐν
1506 1650 1576 1710 τῳ
1605 1636 1858 1706 ἑνδεκάτῳ

256 1735 518 1805 κεφαλαίῳ
545 1735 698 1786 αὑτοῦ
709 1777 719 1787 .

336 1912 431 1965 Ἦν
464 1910 522 1965 δὲ
558 1944 617 1952 --
650 1911 931 1982 ἀπεπνίγη·
980 1918 1042 1963 Εν
1095 1918 1166 1980 τῷ
1219 1910 1427 1984 ῥηθέντι
1480 1904 1762 1976 δωδεκάτῳ
1785 1924 1865 1956 κε-

264 2000 464 2072 φαλαίῳ
495 2010 586 2054 τοῦ
615 2004 749 2054 κατὰ
778 2003 1045 2055 Ματθαῖον
1085 2005 1202 2071 περὶ
1253 2002 1443 2051 τούτων
1473 1999 1673 2049 πάντων
1718 1995 1867 2068 εὑρή-

266 2109 396 2151 σεις.

345 2178 528 2252 [Οἶμαι
588 2182 696 2251 (46)
752 2188 850 2231 τῶν
900 2180 1189 2250 όμοχώρων
1238 2175 1528 2248 ἀλλοφύλων
1584 2171 1711 2226 εἶναι
1753 2177 1869 2231 τοὺς

267 2274 490 2342 χοίρους
520 2270 671 2330 Εἰκὸς
704 2265 763 2321 δὲ
792 2274 879 2320 καὶ
929 2272 1047 2328 τοὺς
1076 2263 1369 2327 Ἰουδαίους
1418 2262 1703 2336 διατρέφειν
1747 2267 1871 2333 χοί-

268 2378 397 2432 ρους
426 2358 508 2411 ἐπὶ
537 2362 592 2410 τό
611 2356 1050 2430 (47)ἁπεμπολεῑν
1078 2357 1287 2417 αὐτοὺς,
1316 2357 1345 2413 ᾖ
1371 2359 1459 2405 καὶ
1491 2352 1575 2405 ἐπὶ
1610 2349 1866 2423 διατροφῇ

267 2457 371 2500 τῶν
444 2448 812 2520 φυλασσόντων
873 2449 963 2507 τὰς
1049 2446 1221 2506 πόλεις
1304 2443 1471 2495 αὐτῶν
1545 2448 1870 2515 στρατιωτῶν

268 2538 556 2610 Ῥωμαίων.
595 2537 616 2611 ]

350 2623 563 2687 Ἰδόντες
624 2624 681 2678 δὲ
751 2656 817 2666 —
866 2624 1074 2697 ἀγρούς.
1142 2622 1360 2694 Ὁμοίως
1425 2624 1513 2671 καὶ
1580 2623 1695 2692 περὶ
1761 2620 1873 2668 του-

276 2736 375 2768 των
385 2759 395 2770 .

350 2804 695 2866 Ἐξῆλθον-
742 2803 1093 2873 ἐφοϐήθησαν.
1143 2801 1407 2858 Ματθαῖος
1455 2800 1542 2869 μὲν
1592 2793 1745 2847 εἶπεν·
1794 2797 1871 2845 ὅτι

282 2893 489 2954 ἐξῆλθον
512 2893 577 2951 εἰς
621 2895 932 2947 συνάντησιν
980 2899 1049 2959 τῷ
1101 2889 1298 2945 Ἰησοῦ.
1330 2886 1560 2960 Ἦρχετο
1590 2889 1689 2957 ’γάρ
1724 2884 1872 2943 αὑτός

285 2981 368 3032 ἐπὶ
400 2986 489 3038 τὴν
521 2980 662 3031 πολιν
699 2998 709 3007 ·
757 2985 957 3038 Λουκᾶς
980 2976 1038 3029 δὲ
1059 2986 1145 3028 νῦν
1173 2976 1422 3049 ἐμφαίνει,
1456 2980 1525 3047 μὴ
1561 2971 1755 3025 ὁδεύειν
1788 2972 1875 3023 αὖ·

286 3074 392 3121 τόν.
428 3070 486 3120 Εἰ
515 3074 615 3140 γὰρ
644 3066 901 3133 ἐϐάδιζεν,
930 3068 1022 3118 οὐκ
1053 3068 1111 3117 ἂν
1136 3068 1159 3117 ό
1189 3074 1279 3117 του
1308 3065 1543 3135 λεγεώνος
1571 3063 1878 3131 ἀπαλλαγεὶς

1961 570 2030 624 de
2058 570 2171 626 hoc
2201 574 2510 629 manifeste
2541 574 2755 631 dictum
2778 581 2884 631 est.
2902 577 3205 635 Multitudo
3228 595 3369 636 vero
3390 579 3623 638 inhabi-

1963 661 2217 716 tantium
2256 663 2315 716 in
2344 679 2415 717 eo
2445 663 2811 729 daemonum,
2847 672 3131 739 tanquam
3164 685 3353 724 unum
3384 676 3623 743 propter

1963 752 2589 816 communicationem,
2618 754 2992 820 obsecrabat,
3018 762 3185 812 utens
3211 775 3311 814 ore
3334 760 3619 815 hominis.

2035 839 2199 894 Vers.
2228 840 2316 894 26.
2350 842 2732 912 Pracipiebat
2762 874 2830 883 -—
2856 843 3100 902 homine.
3146 846 3461 921 Tanquam
3519 849 3625 904 uni

1964 926 2303 999 imperabat
2327 928 2526 985 multis
2547 931 2945 998 dmmonibus,
2981 940 3223 1005 propter
3244 936 3479 993 illorum
3512 938 3625 992 im-

1964 1016 2344 1073 becillitatem
2373 1037 2385 1087 ;
2420 1018 2512 1074 vel
2547 1020 2745 1085 etiam,
2780 1020 2925 1092 quia
2976 1038 3187 1079 omnes
3240 1025 3436 1091 simul,
3466 1025 3625 1095 legio

1965 1107 2366 1174 vocabantur;
2396 1108 2514 1163 sive
2543 1108 2709 1180 quod
2737 1123 2890 1164 unus
2929 1118 3082 1167 esset
3124 1114 3401 1186 princeps
3460 1119 3630 1171 caste-

1964 1212 2162 1251 rorum
2199 1213 2212 1253 :
2244 1197 2347 1268 qui
2377 1197 2555 1253 etiam
2584 1195 2954 1268 obsecrabat,
2978 1205 3034 1256 et
3055 1204 3151 1257 cui
3204 1202 3468 1258 Christus
3524 1203 3630 1258 im-

1968 1286 2235 1357 perabat,
2268 1293 2558 1359 tanquam
2590 1284 2727 1341 aliis
2758 1300 2887 1340 eum
2919 1291 3326 1361 sequentibus,

2038 1377 2195 1431 Vers.
2227 1380 2315 1431 29.
2350 1377 2709 1450 Frequenter
2745 1413 2813 1420 —
2852 1383 3089 1437 deserta.
3116 1382 3162 1433 A
3193 1380 3473 1446 daemone,
3526 1380 3631 1453 qui

1967 1469 2449 1538 caeterorum,qui
2476 1484 2675 1525 secum
2708 1476 2875 1526 erant
2896 1470 3177 1542 princeps
3199 1475 3341 1526 erat.

2041 1558 2199 1612 Vers.
2234 1562 2318 1613 30.
2376 1558 2772 1631 Interrogavit
2827 1596 2888 1604 —
2918 1561 3077 1615 Vers.
3120 1561 3210 1615 3t.
3280 1562 3457 1616 irent.
3494 1560 3631 1615 Haec

1972 1646 2167 1701 omnia
2207 1647 2446 1718 scripsit
2502 1651 2749 1719 Marcus,
2807 1655 2863 1706 et
2904 1650 3121 1705 horum
3189 1650 3632 1705 enarrationem

1974 1750 2175 1806 quaere
2224 1736 2541 1794 undecimo
2598 1739 2789 1811 capite
2830 1738 3145 1808 Evangelii,
3180 1737 3340 1810 quod
3370 1737 3465 1794 ille
3503 1752 3619 1795 con

1896 1834 1939 1890 Β
1975 1823 2218 1894 scripsit.

2046 1915 2205 1979 Vers,
2234 1913 2322 1969 32.
2357 1916 2512 1971 Erat
2536 1923 2728 1973 autem
2756 1948 2825 1956 ——
2858 1919 3015 1971 Vers.
3044 1920 3132 1973 33.
3166 1917 3494 1985 suffocatus
3523 1922 3633 1971 est.

1979 2003 2256 2059 Prasdicto
2298 2004 2654 2061 duodecimo
2710 2006 2902 2077 capite
2951 2004 3247 2075 Evangelii
3275 2005 3636 2061 secundum-

1977 2092 2315 2148 Matthaeum
2355 2092 2428 2149 de
2454 2094 2545 2149 his
2578 2095 2859 2150 omnibus
2891 2093 3178 2150 invenies.

2048 2183 2135 2251 Ἠ-
2164 2180 2386 2254 Opinor
2412 2183 2743 2240 vicinorum
2775 2183 3248 2253 alienigenarum
3282 2182 3464 2239 fuisse
3501 2198 3642 2255 por-

1978 2287 2103 2327 cos.
2140 2271 2426 2327 Credibile
2454 2288 2609 2342 vero,
2640 2272 2876 2327 Judaaos
2902 2273 3075 2327 etiam
3106 2272 3380 2327 nutriisse
3433 2278 3640 2343 parces

1981 2365 2044 2416 ut
2063 2375 2167 2415 eos
2186 2359 2707 2426 divenderent,aut
2729 2367 2789 2417 ut
2812 2361 3025 2416 milites
3043 2361 3317 2427 Romani,
3335 2361 3439 2433 qui
3460 2361 3640 2417 urbes

1980 2465 2189 2505 eorum
2217 2448 2648 2514 custodiebant,
2690 2448 2999 2514 haberent,
3026 2464 3148 2521 quo
3179 2448 3496 2505 alerentur.

2052 2627 2211 2682 Vers.
2242 2632 2328 2684 34.
2360 2630 2508 2683 Cum
2538 2634 2737 2684 autem
2765 2626 3045 2684 vidissent
3072 2659 3138 2667 —
3176 2627 3380 2685 vittas.
3419 2626 3643 2684 Simili-

1984 2722 2068 2773 ter
2096 2723 2152 2772 et
2176 2718 2249 2773 de
2279 2718 2391 2773 his.

2058 2810 2215 2861 Vers.
2236 2811 2322 2862 35.
2351 2807 2653 2863 Exierunt
2671 2838 2737 2846 —
2760 2807 3107 2863 timuerunt.
3141 2807 3443 2863 Matthzeus
3469 2806 3640 2871 dixit,

1984 2896 2148 2969 quod
2170 2896 2430 2951 exierunt
2458 2898 2516 2951 in
2544 2912 2861 2951 occursum
2889 2896 3029 2951 Jesu
3075 2898 3141 2961 ⁸⁵,
3198 2896 3493 2968 siquidem
3520 2896 3647 2967 ipse

1990 2984 2265 3040 veniebat
2290 2985 2348 3039 in
2394 2984 2712 3040 civitatem.
2770 2986 2957 3040 Lucas
3006 3001 3148 3040 vero
3176 3000 3337 3040 nunc
3369 2985 3646 3049 ostendit,

1988 3074 2146 3146 quod
2171 3075 2301 3145 ipse
2331 3090 2452 3129 non
2482 3074 2835 3130 ambulabat
2863 3090 2877 3140 ;
2903 3090 3046 3130 nam
3073 3074 3649 3146 siprogrediebatur.

288 3160 508 3215 ἐκάθητο
530 3160 670 3230 παρὰ
696 3161 815 3217 τους
843 3153 1010 3217 πόδας
1056 3156 1233 3207 αὐτοῦ.
1269 3154 1426 3211 Δῆλον
1470 3149 1577 3215 οὖν,
1611 3152 1690 3203 ὃτι
1723 3149 1870 3223 ἐρχό-

2009 3178 2374 3233 iequaquam
2409 3162 2457 3215 is
2484 3161 2642 3232 quia
2680 3163 2991 3217 daemoniis
3025 3162 3306 3219 liberatus
3329 3163 3540 3228 fuerat,
3570 3162 3651 3218 ad

286 3267 435 3321 μενος
473 3246 554 3299 ἐπὶ
611 3252 704 3304 τὴν
743 3246 909 3308 πόλιν,
944 3248 1067 3301 ἔστη
1104 3250 1193 3295 καὶ
1242 3239 1557 3295 ἑδίδασκεν²
1594 3243 1617 3291 ό
1648 3237 1706 3291 δὲ
1739 3242 1882 3311 θεραο

285 3336 605 3403 πευθεὶς,ἄτε
625 3344 685 3407 τῇ
711 3331 981 3409 τυραννίδι
1002 3343 1100 3385 τῶν
1124 3330 1383 3404 δαιμόνων
1398 3330 1879 3400 τεταλαιπωρηκὼς,

286 3425 497 3478 ἐκάθισε
516 3424 808 3484 κελευσθείς
822 3467 832 3477 .

364 3708 710 3779 Ἀπηγγειλαν
732 3738 800 3747 -
827 3702 1206 3777 δαιμονισθείς.
1249 3711 1363 3765 Πῶς
1388 3705 1564 3774 ὑγίανε
1589 3702 1726 3772 (48).

366 3886 473 3939 Καὶ
504 3886 780 3958 ἠρώτησαν
836 3915 890 3925 --
959 3888 1258 3953 συνείχοντο
1293 3884 1412 3935 ’Ἐν
1476 3891 1548 3952 τῷ
1605 3879 1888 3951 δωδεκάτῳ

286 3974 553 4047 κεφαλαίῳ
582 3981 672 4026 τοῦ
701 3977 834 4026 κατα
867 3975 1131 4027 Ματθαῖον
1162 3977 1251 4024 καὶ
1280 3980 1446 4024 ταῦτα
1491 3972 1657 4033 καλῶς
1692 3975 1890 4046 ἡρμνη-

288 4068 571 4121 νευθησαν.

371 4241 535 4301 Αὐτός
562 4236 619 4292 δὲ
652 4270 714 4279 -
757 4240 781 4290 ό
825 4240 1047 4299 Ἰησους.
1084 4244 1207 4310 Περὶ
1262 4241 1456 4291 τούτων
1487 4244 1576 4291 καὶ
1607 4240 1630 4289 ό
1687 4242 1891 4311 Μάρκος

293 4335 573 4405 ἱστόρησεν
606 4328 652 4381 ἐν
674 4337 745 4398 τῷ
775 4325 1028 4399 ἑνδεκάτῳ
1055 4328 1312 4399 κεφαλαίῳ
1341 4328 1519 4393 αὑτοῦ,
1544 4334 1632 4380 καὶ
1655 4330 1893 4399 εὑρήσεις

292 4420 563 4490 ἐνέκείνῳ,
623 4416 767 4471 διατί
798 4421 886 4490 μὲν
941 4416 1123 4491 όανὴρ
1182 4413 1351 4469 ἐδέετο
1399 4414 1526 4469 εἶναι
1587 4420 1679 4468 σὺν
1729 4417 1890 4486 αὐτῷ,

1993 3251 2175 3322 pedes
2236 3254 2403 3305 Jesus
2436 3252 2690 3307 sedebat.
2727 3251 3104 3307 Manifestum
3144 3266 3286 3321 ergo
3333 3257 3419 3308 est
3462 3251 3648 3323 quod,

1992 3339 2137 3394 dum
2152 3338 2260 3394 iret
2276 3338 2334 3392 in
2347 3339 2667 3405 civxtatem,
2683 3340 2837 3395 stetit
2870 3339 3132 3410 quodam
3153 3340 3210 3395 in
3236 3340 3362 3395 loco
3393 3339 3650 3409 docens;

1994 3428 2045 3482 is
2072 3434 2271 3483 autem
2325 3428 2429 3499 qui
2480 3433 2724 3484 curatus
2769 3430 2981 3492 fuerat,
3021 3434 3305 3500 tanquam
3336 3428 3654 3501 tyrannide

1992 3516 2339 3572 daemonum
2400 3516 2611 3572 misere
2641 3515 2899 3573 afﬂictus
2952 3533 3021 3573 ac
3054 3516 3407 3587 defatigatus
3448 3517 3655 3574 sedere

1990 3606 2201 3678 jussus
2230 3610 2336 3662 est.

2068 3695 2227 3750 Vers.
2257 3694 2344 3749 36.
2370 3695 2820 3751 Nuntiaverunt
2843 3727 2908 3737 —
2929 3697 3035 3767 qui
3055 3711 3092 3752 a
3123 3696 3412 3753 daemonio
3461 3697 3659 3767 agita-

1998 3784 2188 3840 batur.
2216 3786 2302 3853 -Η-
2333 3783 2645 3848 Quomodo
2679 3800 2859 3839 sanus
2893 3784 3083 3841 factus
3117 3784 3210 3840 sit.

2072 3874 2232 3928 Vers.
2259 3874 2346 3929 37.
2390 3873 2467 3927 Et
2519 3880 2884 3943 rogaverunt
2913 3904 2981 3914 —-
3027 3874 3386 3930 tenebantur.
3430 3874 3660 3930 Duode—

1998 3964 2156 4019 cimo
2176 3963 2343 4032 juxta
2371 3961 2707 4018 Mattheeum
2749 3963 2958 4034 capite,
3013 3963 3141 4018 haec
3173 3962 3415 4034 pulchre
3464 3961 3660 4019 decla-

2000 4059 2129 4110 rata
2160 4058 2309 4108 sunt.
2345 4052 2411 4107 Et
2441 4052 2534 4108 hic
2565 4052 2861 4125 ἠρώτησαν,
2921 4052 3080 4108 idem
3135 4060 3222 4108 est
3272 4052 3441 4125 quod
3487 4069 3658 4124 roga-

2004 4143 2169 4199 bant.

2074 4233 2232 4287 Vers.
2288 4235 2373 4286 3'7.
2428 4232 2561 4299 Ipse
2597 4246 2734 4287 vero
2788 4262 2853 4273 -
2896 4232 3056 4288 Vers.
3092 4234 3179 4287 39.
3206 4232 3400 4288 Jesus.
3434 4231 3514 4287 De
3567 4231 3663 4287 his

2002 4321 2234 4393 scripsit
2262 4323 2489 4376 Marcus
2521 4320 2839 4376 undecimo
2870 4322 3086 4393 capite,
3137 4326 3192 4377 et
3248 4320 3330 4376 ibi
3375 4320 3664 4384 invenies,

2002 4426 2187 4482 quare
2212 4410 2424 4465 orabat
2454 4425 2591 4464 eum
2617 4410 2723 4471 vir,
2758 4414 2820 4464 ut
2842 4426 2979 4465 cum
3011 4410 3141 4481 ipso
3167 4414 3342 4475 esset,
3385 4415 3438 4465 et
3478 4426 3665 4481 quam

296 4507 448 4562 ὃιατί
479 4506 536 4560 δὲ
562 4510 586 4559 6
624 4511 833 4568 Ἰησοῦς
871 4506 1118 4559 ἀπέλυσεν
1147 4506 1320 4574 αὐτὸν,
1361 4510 1450 4558 καὶ
1475 4511 1591 4579 περὶ
1612 4514 1710 4557 τῶν
1732 4506 1867 4557 ἄλλω

2009 4499 2083 4554 ob
2116 4513 2362 4553 causam
2388 4497 2611 4552 remisit
2636 4513 2774 4552 eum
2815 4499 3002 4560 Jesus,
3036 4513 3105 4551 ac
3144 4496 3217 4551 de
3252 4497 3378 4552 aliis
3418 4496 3668 4565 diligen-

296 4596 542 4672 ἀκριϐῶς.

446 4692 595 4742 ΚΕΦ.
636 4685 766 4740 ΚΕ’.
801 4690 926 4758 Περὶ
950 4693 1046 4747 τῆς
1077 4686 1330 4758 θυγατρὸς
1369 4691 1459 4737 τοῦ
1500 4682 1757 4758 ἀρχισυν-

1064 4793 1222 4827 ω’νου.

1064 4795 1103 4825 ω
1143 4794 1222 4827 ου.

372 4864 599 4935 Ἐγένετο
631 4896 698 4904 -
723 4863 898 4919 αὐτὸν.
926 4794 1312 4937 Ὠῗζὺᾇγέτην
1334 4867 1423 4914 καὶ
1449 4870 1685 4935 Σωτῆρα.

381 5048 479 5095 Καὶ
524 5038 640 5095 ἰδοὺ
694 5073 761 5083 -
815 5039 1153 5099 ἀπέθνησκεν.
1206 5043 1423 5114 Εἰρηται
1475 5042 1729 5094 κάλλιστα
1784 5048 1901 5117 περὶ

302 5134 499 5185 τούτων
530 5130 577 5183 ἐν
615 5139 688 5202 τῷ
708 5128 1151 5203 πεντεκαιδεκάτῳ
1181 5131 1438 5205 κεφαλαίῳ
1462 5140 1554 5184 τοῦ
1597 5135 1730 5185 κατὰ
1760 5138 1901 5185 Ματ-

305 5223 473 5274 θαῖον.

378 5355 415 5385 ω
450 5345 652 5403 Matth.
674 5361 799 5416 vni,
817 5345 909 5402 34.

2010 4594 2093 4644 ter
2119 4590 2387 4643 tractata.

2294 4675 2449 4732 CAP.
2474 4676 2629 4731 XXV.
2645 4676 2727 4731 De
2741 4675 2871 4743 ﬁlia
2892 4674 3375 4745 archisynagogi.

2081 4864 2243 4917 Vers.
2276 4864 2363 4917 40.
2392 4863 2631 4919 Factum
2660 4874 2890 4915 —eum.
2927 4860 3239 4928 Tanquam
3267 4856 3420 4913 bene
3478 4857 3553 4914 de
3583 4857 3671 4914 eis

2014 4954 2288 5008 meritum
2320 4966 2389 5006 ac
2415 4950 2779 5007 Salvatorem
2795 4992 2808 5004 .

2086 5044 2240 5096 Vers.
2272 5041 2363 5096 41.
2390 5041 2463 5093 Et
2510 5054 2637 5094 ecce
2680 5068 2746 5077 —
2774 5037 2939 5093 Vers.
2962 5040 3050 5091 42.
3078 5036 3458 5093 moriebatur.
3483 5039 3562 5092 De
3582 5037 3673 5092 his

2011 5130 2255 5203 pulchre
2285 5127 2512 5184 dictum
2540 5131 2629 5182 est
2649 5126 2883 5183 decimo
2913 5127 3123 5198 quinto
3141 5133 3314 5197 Juxta
3337 5125 3676 5183 Matthteum

2012 5221 2204 5293 capite
2218 5260 2232 5274 .

1508 5444 1733 5516 Varia
1775 5446 2101 5517 lectiones
2155 5449 2221 5511 et
2260 5449 2459 5510 notaa.

357 5611 497 5693 _(46)
527 5614 660 5669 Haec
709 5618 957 5685 uterque
1001 5609 1063 5667 in
1106 5612 1390 5684 margine.
1433 5613 1658 5671 Omittit
1699 5615 1906 5674 Hente-

307 5700 466 5743 nius.

383 5755 495 5833 (47)
522 5756 715 5813 Malim
746 5763 838 5829 τῷ.

2089 5613 2203 5684 (48)
2244 5611 2372 5667 Duo
2423 5609 2551 5665 haec
2580 5605 2879 5684 vocabula
2929 5622 3050 5664 non
3102 5606 3286 5665 habet
3333 5606 3677 5665 Hentenius.

2016 5680 2197 5758 Igitur
2218 5690 2443 5743 textum
2465 5680 2597 5753 conj
2609 5687 2797 5736 unxxt.
