4170 6364
564 287 667 345 943

635 413 798 477 Vers.
825 417 911 471 42.
935 415 1094 471 Inter
1122 413 1377 472 eundum
1399 421 1599 473 autem
1625 446 1693 458 —
1735 432 1889 474 eum.
1921 418 2222 474 Constrin-
2253 419 2300 474 A

560 501 801 572 gebant,
834 502 1333 575 comprimebant,
1361 503 1733 576 impellentes
1764 506 1924 562 circa
1953 523 2110 563 eum.

558 590 714 648 CAP.
742 593 917 649 XXVI.
972 593 1057 649 De
1099 592 1349 649 muliere
1398 594 1693 664 proﬂuvio
1721 596 2035 667 sanguinis
2062 596 2219 653 tabo.

1291 698 1401 738 ran
1412 688 1486 739 te.

631 769 791 826 Vers.
824 774 911 827 43.
943 771 1024 828 Et
1061 771 1278 828 mulier
1306 802 1376 813 —
1408 774 1568 830 Vers.
1599 774 1688 829 44.
1735 775 1893 846 ejus.
1924 774 2015 830 Ab
2046 777 2219 832 annis

554 857 879 927 duodecim,
898 858 961 916 id
992 863 1101 928 est,
1124 875 1318 916 annos
1329 860 1649 918 duodecim
1686 879 1700 929 ;
1724 862 1836 919 hoc
1860 863 2021 921 enim
2042 865 2219 935 signi-

554 948 891 1005 ﬁcaverunt
916 948 1145 1020 priores
1175 950 1574 1021 evangelista.
1617 954 1844 1008 Marcus
1871 968 2009 1008 vero
2040 954 2085 987 ‘7
2115 954 2217 1010 ad-

553 1036 724 1106 didit,
766 1037 932 1109 quod
981 1053 1102 1095 non
1134 1038 1331 1094 solum
1371 1055 1409 1095 a
1449 1039 1702 1096 medicis
1732 1040 1790 1097 in
1817 1040 1980 1097 nullo
2010 1041 2218 1114 adjuta

552 1124 766 1190 fuerat,
817 1141 1028 1182 verum
1073 1128 1254 1183 etiam
1286 1127 1478 1198 magis
1535 1129 1598 1185 in
1636 1129 1898 1185 deterius
1951 1135 2212 1186 venerat.

554 1214 709 1280 Quid
730 1214 806 1270 sit
828 1220 1023 1271 autem
1064 1215 1321 1281 ﬁmbria,
1366 1216 1591 1273 dictum
1640 1222 1730 1273 est
1766 1218 1997 1275 decimo
2051 1225 2213 1275 sexto

551 1304 742 1378 capite
781 1303 1079 1375 Evangelii
1128 1304 1463 1361 secundum
1527 1306 1878 1363 Matthzeum.
1928 1307 2214 1364 Praeterea

548 1393 693 1451 dicit
720 1396 942 1450 Marcus
970 1395 1038 1459 ⁴⁸,
1072 1395 1311 1451 venisse
1341 1394 1538 1468 ipsam
1566 1394 1628 1451 in
1642 1394 1867 1452 turbaa
1886 1400 2075 1467 tergo,
2097 1397 2212 1453 hoc

548 1486 655 1552 est,
686 1481 1084 1539 immiscuisse
1133 1498 1196 1540 se
1236 1483 1446 1551 turbas,
1488 1484 1656 1557 quod
1684 1484 1866 1542 latere
1906 1484 2208 1542 niteretur.

624 1573 740 1630 Sed
764 1588 870 1630 cur
882 1572 1191 1630 manifeste
1230 1588 1354 1629 non
1382 1572 1569 1644 tetigit
1596 1579 1620 1626 τι
1642 1575 1794 1640 Quia
1822 1574 2209 1647 seipsamim-

542 1662 840 1721 mundam
871 1678 1009 1722 esse
1042 1662 1290 1727 sciebat,
1337 1667 1416 1733 et,
1453 1679 1614 1731 cum,
1644 1663 1744 1735 qui
1768 1664 2037 1720 mundus
2085 1670 2211 1721 erat

1893 289 2241 346 EUTHYMII
2282 287 2609 349 ZIGABENI

3847 297 3999 354 944

2405 421 2482 475 Ἐν
2515 419 2574 475 δε
2599 430 2670 493 τῷ
2708 423 2926 495 ὑπάγειν
2955 452 3023 465 --
3052 422 3227 476 αὐτόν.
3280 425 3641 493 Συνέσφιγγον,
3678 422 3999 495 ὠθιζόμε-

2329 528 2407 561 νοι
2426 515 2545 583 περὶ
2570 510 2741 564 αὐτόν.

2619 603 2769 656 ΚΕΦ.
2815 600 2930 664 Κς’.
2964 605 3089 675 Περὶ
3114 609 3209 661 τῆς
3243 599 3649 674 αἰμορῤοούσης.

2402 782 2502 831 Καὶ
2566 783 2694 848 γυνὴ
2788 810 2854 818 -
2907 779 3085 839 αὐτῆς.
3144 782 3263 832 Atro
3331 777 3455 829 ἐτῶν
3507 773 3740 840 δώδεκα,
3824 780 3977 830 ἀντὶ

2326 875 2418 918 τοῦ
2445 866 2495 918 ἐν
2534 870 2672 919 ἔτεσι
2721 864 2950 921 Γἲωδεκα.
3001 870 3163 923 Τοῦτο
3215 871 3315 939 γὰρ
3372 863 3643 925 ἐδήλωσαν
3695 868 3747 918 οἱ
3812 886 3972 941 προσ

2326 954 2565 1019 λαϐόντες
2595 956 2978 1028 εύαγγελισταί.
3011 960 3218 1029 Μάρκος
3265 954 3324 1009 δε
3350 957 3692 1029 προσέθηκεν,
3744 957 3837 1007 ὅτι
3894 958 3964 1008 οὐ

2325 1050 2478 1118 μόνον
2521 1043 2670 1098 οὐδὲν
2722 1046 2958 1118 ὠφελήθη
3009 1049 3154 1121 παρά
3201 1042 3300 1098 τῶν
3369 1045 3581 1120 ἰατρῶν,
3646 1044 3775 1096 ἀλλά
3848 1053 3961 1099 καὶ

2324 1135 2513 1207 μᾶλλον
2572 1134 2644 1196 εἰς
2683 1138 2739 1187 τό
2787 1142 2966 1209 χεῖρον
3009 1132 3148 1193 ἦλθε.
3210 1140 3273 1188 Τί
3318 1131 3378 1188 δέ
3430 1134 3545 1187 ἐστι
3602 1131 3956 1207 κράσπεδον,

2324 1228 2524 1299 εἴρηται
2555 1223 2603 1275 ἐν
2644 1232 2715 1294 τῷ
2743 1222 3089 1296 ἑξκαιδεκάτῳ
3132 1225 3392 1297 κεφαλαίῳ
3439 1232 3531 1276 τού
3585 1225 3720 1275 κατά
3772 1230 3957 1277 Ματ-

2326 1315 2488 1368 θαῐον.
2539 1315 2657 1368 ’Έτι
2688 1310 2748 1367 δέ
2800 1333 2957 1385 φησιν
2988 1316 3014 1366 ό
3046 1316 3269 1387 Μάρκος,
3334 1312 3494 1365 ἐλθεῖν
3543 1312 3702 1371 αὐτὴν
3753 1311 3803 1364 ἐν
3870 1323 3957 1384 τῷ

2323 1403 2465 1475 ὄχλῳ
2494 1405 3024 1469 ὄπισθεν,τουτέστιν,
3050 1402 3367 1475 ἀναμιγῆναι
3388 1410 3461 1474 τῷ
3485 1401 3651 1474 ὄχλῳ,
3674 1421 3958 1474 μηχανω-

2321 1497 2475 1565 μένην
2505 1492 2698 1546 λαθεῖν.

2392 1585 2538 1635 Διατί
2587 1578 2646 1634 δὲ
2685 1581 2790 1653 οὐχ
2839 1580 3012 1652 ἣψατο
3071 1589 3298 1656 φανερῶς
3354 1598 3369 1645 ;
3433 1584 3577 1634 Διότι
3630 1579 3951 1656 ἀκάθαρτον

2320 1669 2506 1729 ἑαυτὴν
2530 1669 2796 1741 ἐγίνωσκε,
2847 1675 2937 1722 καὶ
2990 1668 3217 1742 ἐφοϐεῖτο
3274 1678 3501 1743 φανερῶς
3548 1669 3798 1741 ἅψασθαι
3838 1679 3949 1724 τοῦ

541 1752 747 1825 palam
766 1756 1017 1824 tangere
1033 1751 1421 1818 formidabat,
1439 1769 1577 1808 cum
1590 1768 1626 1809 a
1638 1753 1765 1824 lege
1780 1752 2187 1826 prohiberetur

2318 1762 2571 1833 καθαροῦ,
2625 1759 2918 1831 κωλυομίνη
2968 1761 3112 1834 παρά
3152 1765 3245 1811 τοῦ
3272 1763 3451 1831 νόμον.
3516 1765 3617 1812 Καὶ
3666 1756 3820 1811 διατί
3855 1765 3943 1831 μή

542 1842 736 1907 Quare
759 1847 965 1900 autem
993 1858 1029 1898 a
1066 1840 1395 1912 longinquo
1429 1847 1593 1897 stans
1623 1858 1743 1898 non
1790 1843 2028 1914 petebat
2049 1844 2210 1898 saui-

548 1936 730 1988 tatem
761 1932 789 1987 ?
820 1932 970 1997 Quia
1001 1930 1314 1986 verebatur
1335 1929 1685 2002 hujusmodi
1706 1934 1988 1987 morbum
2012 1932 2207 2003 publi'

539 2034 695 2075 care.
730 2020 917 2076 Simul
944 2019 1127 2075 etiam
1157 2018 1422 2084 timebat,
1450 2035 1525 2074 ne
1572 2036 1695 2092 quo
1729 2022 1910 2077 modo
1940 2020 2145 2093 agnita
2167 2037 2203 2077 a

536 2109 716 2166 turba
742 2109 1122 2183 repelleretur
1149 2113 1391 2181 propter
1423 2125 1588 2166 suam
1627 2109 2054 2183 impuritatem.

606 2198 776 2258 Vers.
811 2202 900 2256 45.
930 2200 1007 2255 Et
1044 2200 1129 2256 ait
1173 2229 1243 2238 —
1270 2214 1351 2252 me
1376 2203 1400 2250 Ἰ
1429 2198 1838 2271 Interrogavit,
1865 2216 1987 2256 non
2028 2200 2196 2272 quod

532 2288 853 2361 ignoraret,
904 2289 1012 2346 sed
1060 2293 1124 2345 ut
1143 2289 1262 2356 illa,
1306 2288 1568 2360 cognito,
1601 2289 1767 2363 quod
1794 2306 1917 2347 non
1964 2289 2192 2355 lateret,

530 2384 708 2451 prout
734 2383 1087 2451 speraverat,
1118 2379 1437 2437 sanitatem
1459 2377 1661 2435 furtim
1687 2394 1811 2435 non
1835 2379 2192 2452 subriperet,

529 2469 636 2524 sed
654 2468 807 2525 hanc
829 2469 908 2525 ab
929 2468 1065 2541 ipso
1079 2470 1346 2526 ultroneo
1363 2469 1640 2538 auferret,
1656 2467 2020 2534 conﬁtendo,
2055 2484 2192 2540 quae

529 2557 688 2616 circa
743 2575 806 2615 se
859 2556 1015 2615 facta
1063 2564 1259 2615 essent
1287 2574 1301 2613 :
1331 2563 1388 2614 et
1419 2556 1498 2614 ita
1529 2562 1672 2613 nota
1710 2557 1921 2613 ﬁerent
1945 2556 2057 2621 his,
2086 2556 2189 2628 qui

526 2646 822 2704 Christum
846 2648 1270 2719 sequebantur,
1300 2654 1353 2703 et
1386 2646 1651 2703 mulieris
1690 2646 1841 2702 ﬁdes
1890 2651 1948 2701 et
1977 2645 2189 2702 Christi

523 2736 732 2804 virtus,
759 2752 942 2810 quem
962 2736 1109 2793 nihil
1136 2737 1318 2793 latere
1349 2740 1578 2808 potest;
1612 2752 1683 2792 ac
1720 2735 1887 2791 multi
1919 2741 1980 2790 et
2003 2734 2187 2790 ﬁdem

521 2824 680 2882 illius
732 2825 1117 2895 imitarentur,
1150 2831 1207 2882 et
1244 2825 1521 2882 timerent
1578 2826 1764 2897 hujus
1811 2826 2188 2897 omnipoten-

519 2914 688 2983 tiam,
710 2915 1103 2987 omniumque
1133 2914 1445 2972 scientiam
1478 2931 1493 2981 ;
1534 2919 1808 2988 praetera,
1837 2922 1899 2969 ut
1927 2912 2187 2984 archisy-

518 3019 853 3076 nagogusa
876 3004 1145 3078 praesenti
1185 3002 1479 3061 miraculo
1518 3004 1812 3075 majorem
1850 3003 2188 3076 conciperet

516 3093 827 3152 ﬁduciam.

589 3185 754 3243 Vers.
785 3184 875 3240 45.
905 3183 1274 3256 Negantibus
1307 3213 1371 3225 -
1397 3187 1535 3241 me?
1593 3182 1801 3239 Petrus
1833 3181 1906 3238 de
1927 3180 2184 3254 simplici

515 3277 790 3331 contactu
815 3272 1113 3331 Christum
1142 3273 1310 3347 loqui
1337 3273 1739 3337 existimabat,
1791 3287 1914 3345 quo
1956 3286 2182 3341 omnes,

512 3362 620 3438 qui
654 3362 1075 3437 sequebantur,
1107 3362 1439 3434 tangebant
1463 3378 1626 3429 eum,
1656 3361 1898 3434 impulsi
1928 3378 1998 3418 ac
2018 3376 2187 3417 coar—

511 3452 653 3510 ctati
678 3452 835 3510 circa
871 3453 1085 3526 ipsum,
1114 3456 1172 3508 et
1198 3452 1282 3508 ita
1310 3450 1804 3521 constringebant
1831 3465 1972 3506 eum
2002 3464 2015 3503 :
2057 3448 2185 3519 ipse

511 3557 653 3599 vero
686 3541 761 3597 de
810 3540 909 3596 tali
962 3557 1085 3598 non
1131 3540 1513 3614 loquebatur,
1554 3540 1661 3596 sed
1692 3539 1767 3595 de
1807 3555 1899 3607 eo,
1923 3539 2029 3611 qui
2061 3537 2183 3595 ﬁde

507 3630 699 3690 factus
736 3634 884 3688 erat.
914 3631 1062 3687 Cum
1101 3630 1261 3688 enim
1289 3635 1427 3687 tunc
1447 3629 1619 3686 multi
1651 3644 1797 3685 casu
1840 3644 1979 3684 eum
2024 3643 2180 3683 com-

510 3719 823 3793 primendo
848 3719 1382 3792 tangerent,solum
1412 3719 1591 3791 hujus
1609 3717 1793 3775 sensit
1810 3721 2175 3786 contactum,

509 3809 616 3884 qui
652 3826 691 3869 a
714 3808 836 3867 ﬁde
863 3808 1261 3884 procedebat.

578 3990 841 4053 Vers.46,
871 3988 1042 4044 Jesus
1071 4001 1201 4043 vero
1228 4020 1291 4030 -
1344 3984 1665 4057 quispiam.
1727 3984 1875 4050 Quia
1897 3982 2174 4041 nondum

506 4079 785 4137 confessa
828 4081 955 4134 erat
988 4075 1206 4133 mulier
1234 4074 1445 4130 timore
1485 4074 1814 4146 perterrita,
1873 4079 2173 4144 exspecta-

504 4169 612 4225 bat
635 4166 762 4239 ipse
780 4165 913 4238 (γε),
928 4164 1134 4222 dicens
1157 4180 1170 4220 :
1198 4164 1412 4235 Tetigit
1438 4179 1528 4220 me
1547 4162 1865 4235 quispiam,
1882 4168 1945 4219 ut
1960 4162 2172 4218 videns

503 4257 639 4329 ipsa
667 4254 850 4327 hujus
880 4253 1054 4328 quasi
1081 4256 1387 4326 stuporem
1424 4252 1550 4325 (ss),
1581 4268 1690 4308 sua
1722 4256 1958 4323 sponte,
2010 4252 2171 4324 quod

503 4346 734 4403 factum
771 4347 920 4414 erat,
951 4341 1349 4410 conﬁteretur,
1390 4348 1449 4400 et
1476 4341 1611 4415 ipsa
1638 4340 1997 4399 miraculum
2023 4357 2172 4414 pree—

503 4433 751 4581 alii?
787 4526 878 4580 46.
923 4524 1041 4594 Ego
1096 4553 1162 4564 -
1220 4538 1330 4579 me.
1390 4521 1690 4589 Virtutem,
1748 4520 2022 4578 videlicet
2077 4537 2169 4578 sa-

501 4614 708 4682 nandi,
743 4629 924 4686 quam
970 4612 1209 4669 attraxit
1244 4611 1395 4667 ﬁdes
1438 4611 1726 4669 mulieris.
1778 4611 1932 4667 Dixit
1971 4616 2167 4667 autem

499 4706 635 4772 hoc,
662 4708 729 4760 ut
756 4703 950 4773 magis
968 4701 1433 4768 conﬁrmaretur,
1457 4700 1624 4773 quod
1637 4717 1773 4757 eum
1802 4700 2168 4774 nonlateret,

498 4812 635 4870 quae
662 4798 815 4851 esset
843 4809 915 4850 ea
938 4808 1074 4865 quae
1104 4791 1307 4865 ipsum
1347 4790 1634 4860 tetigerat.
1678 4793 1901 4848 Marcus
1941 4792 1988 4827 ⁸ο
2031 4807 2170 4848 vero

498 4883 669 4950 dixit,
695 4882 862 4957 quod
885 4882 1066 4937 etiam
1093 4878 1620 4952 circumspiciebat,
1655 4885 1719 4936 ut
1750 4878 1980 4936 videret
2005 4895 2167 4945 eam,

498 4991 638 5049 quae
652 4973 769 5031 hoc
796 4971 1026 5030 fecerat.

566 5128 616 5166 ιτ
640 5126 812 5183 Marc.
839 5141 896 5192 v,
920 5128 1015 5182 26.
1098 5125 1148 5162 ⁴⁸
1167 5123 1332 5190 Ibid.,
1355 5124 1444 5179 27.
1478 5125 1526 5161 ⁸⁸
1557 5123 1727 5196 lbid.,
1751 5125 1851 5183 32.

2317 1848 2490 1923 πόῤῥω
2523 1855 2697 1901 στᾶσα
2716 1853 2809 1907 τὴν
2840 1850 3018 1920 ὑγείαν
3056 1848 3293 1921 ᾐτήσατο
3315 1866 3331 1919 ;
3352 1853 3494 1901 Διότι
3524 1848 3794 1921 ᾐσχύνετο
3817 1844 3938 1906 δη-

2314 1946 2596 2009 μοσιεῦσαι
2622 1944 2853 1989 τοιοῦτον
2879 1940 3062 1997 πάθος
3090 1935 3235 2009 Ἀμα
3274 1934 3333 1989 δε
3362 1942 3452 1989 καὶ
3483 1939 3773 2001 ὑπώπτευε,
3821 1944 3936 2010 μή·

2310 2026 2432 2078 ποτέ
2467 2023 2855 2098 διαγνωσθεῑσα
2897 2025 3124 2098 ἀπελαθῇ
3155 2029 3295 2099 παρὰ
3332 2034 3423 2078 τού
3462 2026 3645 2098 ὄχλου,
3676 2023 3774 2079 διὰ
3823 2033 3930 2086 τὴν

2310 2113 2637 2189 ἀκαθαρσίαν
2669 2115 2798 2175 αύτῆ
2811 2136 2852 2177 ς.

2381 2210 2481 2258 Καὶ
2533 2200 2665 2257 εἶπεν
2707 2236 2770 2245 -
2822 2223 2960 2276 μονς
3005 2204 3320 2277 Ἦρώτησεν,
3377 2204 3471 2256 ούκ
3525 2203 3746 2275 ἀγνοῶν,
3807 2205 3924 2259 ἀλλ’

2307 2293 2390 2344 ἶνα
2411 2300 2630 2363 γνοῦσα,
2663 2294 2742 2345 ὅτι
2794 2293 2885 2345 οὐκ
2942 2292 3138 2360 ἔλαθεν,
3192 2295 3262 2354 ὡς
3312 2292 3546 2357 ἤλπιζεν,
3590 2290 3920 2366 ούὸ⁹ἕκλεψε

2303 2386 2396 2440 τὴν
2428 2383 2625 2453 ὑγείαν,
2677 2380 2805 2433 ἀλλά
2843 2383 2964 2455 παρ’
3024 2381 3228 2442 ἑκόντος
3276 2381 3437 2433 αὐτοῦ
3489 2385 3685 2440 ταύτην
3732 2384 3916 2457 ἐκομί-

2304 2490 2452 2536 σατο,
2519 2469 2881 2543 ἀνομολογήση
2931 2474 2996 2522 τὰ
3024 2471 3138 2523 κατ’
3167 2470 3351 2536 αὐτὴν,
3383 2475 3473 2522 καὶ
3498 2474 3767 2544 γνωρισθῇ
3801 2480 3916 2533 τοῖς

2301 2558 2667 2625 ἀκολουθοῦσι,
2698 2562 2893 2620 ταύτης
2917 2562 3007 2631 μὲν
3058 2562 3086 2618 ἡ
3143 2564 3344 2623 πίστις,
3379 2560 3539 2611 αὐτοῦ
3590 2557 3651 2613 δε
3680 2562 3710 2619 ἡ
3746 2557 3908 2613 δύνει·

2298 2670 2388 2722 μις
2430 2655 2519 2701 καὶ
2574 2653 2632 2701 τό
2697 2648 2975 2716 ἀλάθητον,
3040 2652 3130 2699 καὶ
3194 2653 3533 2721 μιμήσωνται
3587 2652 3675 2721 μεν
3724 2649 3905 2703 πολλοὶ

2298 2744 2391 2796 τὴν
2424 2743 2600 2790 πίστιν
2632 2738 2812 2803 αὐτῆς,
2846 2736 3117 2810 φοϐηθῶσι
3176 2734 3235 2790 δε
3283 2740 3342 2789 τό
3368 2735 3754 2808 παντοδύναειιον
3796 2737 3895 2788 ar}-

2296 2836 2387 2880 τού
2454 2832 2539 2880 καὶ
2600 2832 3008 2890 πανεπίσκοπον,
3087 2831 3177 2879 καὶ
3240 2828 3322 2878 ἳνα
3402 2832 3492 2879 καὶ
3547 2829 3569 2879 ό
3615 2823 3876 2900 ἀρχισυνο

2296 2918 2494 2987 άγωγος
2518 2915 2723 2968 πλείονα
2768 2913 2898 2988 λάϐῃ
2928 2920 3107 2967 πίστιν
3133 2913 3234 2968 ἀπὸ
3265 2923 3357 2968 τοὺ
3383 2921 3637 2991 παρόντος
3678 2915 3880 2987 θαύμα-

2296 3024 2402 3065 τος.

2366 3184 2712 3257 Ἀρνουμένων
2771 3202 2966 3255 -μου
3029 3200 3043 3250 ;
3097 3181 3155 3236 ⁸0
3210 3187 3397 3256 Πέτρος
3450 3186 3540 3255 μεν
3593 3187 3721 3255 ᾤετο
3776 3187 3893 3257 περὶ

2293 3273 2462 3335 ἁπλῆς
2490 3272 2683 3345 ἐπαφῆς
2711 3273 2873 3344 λέγειν
2924 3276 3011 3326 τόν
3059 3276 3308 3348 Χριστόν.
3354 3272 3470 3325 καθ’
3519 3273 3582 3332 ἣν
3610 3275 3795 3333 πάντες
3844 3274 3892 3325 οἱ

2294 3362 2687 3424 ἀκολουθοῦντες
2734 3366 2955 3421 ἣπτοντο
3008 3362 3186 3431 αὐτοῦ,
3245 3367 3365 3435 περὶ
3421 3360 3576 3414 αὐτόν
3639 3361 3888 3434 ὠθιζόμε-

2291 3472 2367 3503 νοι
2397 3456 2486 3503 καὶ
2534 3450 2916 3515 ἀποθλίϐοντες,
2970 3453 3155 3518 εἶτουν,
3214 3449 3624 3522 ἀποσφίγγοντες
3686 3451 3840 3503 αὐτόν
3872 3492 3884 3504 .

2289 3540 2447 3601 αὐτὸς
2496 3536 2554 3592 δὲ
2607 3539 2667 3592 ού
2734 3544 2847 3614 περὶ
2893 3542 3139 3601 τοιαύτης
3191 3538 3372 3610 ἔλεγεν,
3439 3538 3567 3591 ἀλλά
3618 3544 3738 3611 περὶ
3798 3548 3888 3601 τῆς

2286 3635 2561 3702 γενομένης
2604 3628 2658 3680 ἐκ
2710 3634 2955 3692 πίστεως.
3025 3629 3227 3682 Πολλῶν
3299 3626 3358 3681 δε
3430 3635 3719 3686 τηνικαῦτα
3769 3629 3881 3701 (49)

2286 3722 2421 3772 κοιτά
2462 3722 2632 3791 τύχην
2673 3718 2969 3791 ἁπτομένων
3022 3718 3204 3783 αὑτοῦ,
3248 3713 3343 3771 διὰ
3397 3721 3482 3770 τόν
3530 3720 3879 3792 συνωθισμόν,

2285 3814 2441 3882 μόνης
2490 3810 2680 3882 ᾔσθετο
2725 3816 2817 3868 τῆς
2864 3808 3066 3881 ἐπαφῆς
3105 3810 3318 3872 ταύτης,
3371 3810 3649 3880 γενομένης
3688 3804 3741 3859 ἔκ
3799 3812 3880 3860 πί-

2288 3918 2449 3961 στεως
2462 3940 2474 3952 .

2351 3988 2411 4040 Ὀ
2443 3983 2500 4039 δὲ
2532 3986 2740 4048 Ἰησοῦς
2795 4018 2864 4026 -—
2924 3991 3023 4048 τίς·
3088 3985 3227 4039 Ἐπεὶ
3292 3985 3435 4037 οὔπω
3489 3981 3874 4058 διωμολόγησεν

2283 4080 2312 4135 ἡ
2372 4081 2524 4148 γυνη,
2576 4074 2861 4148 φοϐουμένη
2938 4077 3162 4139 πάντως,
3228 4074 3382 4136 αὐτὸς
3430 4073 3656 4147 ἐπιμένει
3704 4073 3867 4145 λέγων,

2279 4164 2487 4236 Ἥψατό
2517 4166 2617 4235 μού
2661 4184 2761 4230 τις,
2810 4165 2891 4215 ἶνα
2944 4162 3214 4237 βλέπουσα
3264 4168 3357 4222 τὴν
3417 4166 3662 4216 ἔνστασιν
3702 4163 3864 4225 αὐτοῦ,

2283 4254 2567 4326 αὐτόματος
2596 4252 2895 4327 ὁμολογήσῃ
2931 4256 2988 4306 τό
3026 4256 3252 4325 γεγονός,
3309 4256 3397 4305 καὶ
3444 4252 3577 4312 αὐτὴ
3606 4256 3665 4305 τό
3699 4254 3861 4324 θαῦμα

2281 4342 2606 4417 ἀνακηρύξη⁸

2352 4523 2484 4594 Ἐγὼ
2536 4554 2605 4562 -
2661 4520 2805 4595 ἐμοῦ.
2864 4524 3088 4594 Δύναμιν
3143 4522 3534 4593 θεραπωτικήν,
3610 4518 3851 4583 δηλονότι,

2282 4612 2341 4672 ἢν
2373 4612 2601 4664 εἵλκυσεν
2626 4614 2655 4670 ἡ
2698 4618 2872 4673 πίστις
2904 4617 2997 4672 τῆς
3026 4614 3288 4681 γυναικός.
3321 4607 3444 4664 Εἶπε
3475 4606 3531 4662 δε
3554 4615 3694 4661 τοῦτο
3731 4609 3844 4675 πρὸς

2279 4701 2485 4754 πλείονα
2517 4698 2800 4773 βεϐαίωσιν
2827 4707 2916 4752 τού
2946 4703 3017 4770 μὴ
3086 4697 3282 4769 ἀγνοεῖν
3312 4704 3402 4757 τὴν
3432 4696 3703 4770 ἀφειμένην·
3739 4696 3762 4747 ό
3791 4690 3846 4748 δί

2279 4792 2491 4862 Μάρκος
2521 4785 2674 4856 εἶπεν,
2708 4791 2788 4843 ὅτι
2829 4792 2918 4842 καὶ
2976 4786 3332 4864 περιεϐλέπετο
3386 4785 3514 4841 ἰδεῖν
3568 4790 3659 4845 τήν
3713 4793 3852 4839 τοῦτο

2277 4898 2343 4931 πο
2351 4882 2401 4937 ιή
2411 4897 2577 4931 σασαν
2586 4921 2600 4937 ,

1729 5278 1953 5348 Varia
1979 5278 2307 5349 lectiones
2321 5288 2388 5348 et
2414 5287 2619 5348 note.

567 5424 684 5499 (49)
712 5421 915 5478 Πολλῶν
940 5424 1041 5500 γὰρ
1067 5430 1359 5483 τηνικαῦτα
1387 5423 1444 5478 Β.

528 5548 1099 5637 ,,(νν)Εωσρθοιαοαι
1134 5549 1270 5621 ipse.
1310 5547 1439 5620 Ipse
1475 5548 1535 5604 in
1574 5564 1642 5605 eo
1682 5548 1937 5621 persistit
1974 5564 2045 5605 ac
2064 5548 2150 5604 di-

491 5631 656 5771 οιῐάδ)
710 5695 1037 5766 Stuporem,
1102 5691 1406 5746 Ἐκστασιν.
1454 5688 1582 5748 loco
1645 5693 1885 5744 ἔνστασιν
1916 5690 2152 5747 videtur

2257 5547 2497 5618 legisse.
2528 5545 2749 5630 gaude,
2782 5545 2959 5630 liuius
2979 5544 3495 5630 perseverantiam.
3511 5546 3661 5603 Nam
3687 5545 3844 5597 tum.

2263 5616 2347 5683 σιξ
2373 5635 2497 5677 non
2528 5617 2725 5676 differt
2754 5618 2834 5676 ab
2858 5616 3116 5692 ίπιμονή.
