4170 6364
312 341 424 399 945

1412 341 1773 396 COMMENT.
1817 339 1889 394 IN
1933 338 2190 395 LUCAM.
2231 371 2302 383 —
2339 339 2500 399 CAP.
2541 342 2635 397 IX.

3587 340 3694 396 946

395 467 610 522 ’ἰδοῦσα
640 464 698 520 δί
728 498 793 508 -
826 464 968 526 ἦλθε.
995 471 1290 540 Τρέμουσα,
1321 468 1430 539 ἅμα
1461 471 1569 539 μὲν,
1599 472 1686 518 καὶ
1715 463 1808 518 διὰ
1831 470 1916 523 τήν

2107 467 2270 522 Vers.
2297 468 2384 521 47.
2419 467 2562 522 Cum
2605 483 2740 536 ergo
2763 466 2988 523 videret
3015 496 3081 505 —-
3112 464 3366 522 accessit.
3389 465 3690 532 Tremens,

317 556 545 629 δύναμιν
567 558 724 609 αὑτοῦ
748 575 759 586 ·
786 557 896 628 οἶμα
921 553 1000 622 δὲ,
1027 562 1116 608 καὶ
1144 554 1238 608 διὰ
1263 561 1347 608 τὸν
1373 561 1545 626 νόμον,
1579 557 1660 608 ὃτι
1690 557 1926 630 ἀκάθαρ-

318 666 409 709 τος
436 643 588 715 οὖσα,
622 646 795 717 ἥψατο
826 653 916 698 τοῦ
945 647 1200 720 καθαροῦ.

396 829 500 878 Καὶ
544 831 921 898 προσπεσοῦσα
961 855 1024 867 -—
1074 832 1430 898 παραχρῆμα.
1475 823 1601 876 Καθ’
1637 821 1924 896 ὑπερϐατόν

318 912 466 966 ἐστιν
497 915 527 972 ἠ
565 914 805 976 σύνταξις
849 922 949 965 τῶν
978 914 1168 987 ῥητῶν,
1218 914 1296 964 ὅτι
1343 919 1722 986 προσπεσοῦσα
1761 911 1920 980 αύτῷ.

319 1002 623 1074 ἀνήγγειλεν
646 1003 786 1072 αὐτῷ
813 1001 1023 1054 ἐνώπιον
1055 1005 1244 1063 παντὸς
1272 1009 1363 1053 τοῦ
1391 1001 1538 1064 λαοῦ,
1567 999 1639 1053 δι’
1663 1004 1722 1060 ἣν
1754 1000 1895 1051 αἰτία

321 1091 503 1162 ἧψατο
529 1091 708 1154 αὐτοῦ,
736 1087 966 1155 δηλαδὴ,
992 1090 1277 1152 λεληθότως
1307 1107 1316 1116 '
1339 1093 1533 1146 ταύτην
1553 1085 1610 1142 δὲ
1635 1094 1726 1148 τὴν
1751 1090 1923 1140 αἰτίαν

318 1187 703 1253 προειρήκαμεν
737 1177 989 1251 ἀνωτέρω.

393 1269 454 1321 Ὀ
496 1266 554 1321 δὲ
601 1270 800 1328 Ἰησοῦς
861 1299 910 1308 —
967 1287 1040 1322 σε.
1091 1274 1174 1326 Μή
1223 1267 1402 1339 φοϐοῦ,
1444 1273 1575 1339 μήτε
1634 1268 1736 1338 ἐμὲ,
1793 1271 1924 1339 μήτε

314 1361 403 1410 τόν
454 1363 626 1429 νόμον.
679 1358 763 1410 Ἐκ
817 1362 1042 1418 πίστεως
1092 1359 1214 1430 γὰρ,
1267 1357 1361 1408 οὐκ
1393 1356 1445 1407 ἐκ
1492 1361 1924 1428 καταφρονήσεως

314 1446 462 1517 ἥψω,
493 1452 582 1498 καὶ
628 1447 824 1511 λοιπὸν,
874 1449 902 1504 ἡ
936 1451 1117 1507 πίστις
1151 1465 1244 1497 σου
1293 1445 1414 1518 παρ’
1453 1444 1575 1516 ἐμοῦ
1619 1449 1726 1516 μὲν,
1772 1464 1921 1517 προε-

314 1535 502 1598 ξένησέ
539 1555 622 1587 σοι
653 1540 746 1593 τήν
789 1535 902 1607 (50)
933 1537 1110 1606 ύγείαν
1134 1552 1146 1564 °
1179 1538 1319 1606 παρά
1369 1532 1428 1586 δὲ
1470 1543 1562 1586 τοῦ
1597 1541 1774 1606 νόμον,
1831 1539 1923 1592 τὴν

313 1628 525 1697 ἄφεσιν.
567 1633 639 1697 Τῇ
674 1630 846 1677 πίστει
893 1622 952 1676 δὲ
994 1625 1152 1684 αὐτῆς
1201 1629 1256 1675 τὸ
1297 1631 1396 1675 πᾶν
1443 1623 1793 1698 ἐπεγράψατο,
1843 1625 1924 1674 ἱνα

313 1735 405 1766 και
447 1715 591 1766 ἄλλοι
644 1719 766 1784 πρὸς
805 1719 982 1766 πίστιν
1025 1714 1424 1786 ἔφελκυσθῶσιν,
1478 1715 1547 1773 ὡς
1603 1713 1878 1786 εἰρήκαμεν
1905 1733 1917 1744 '

2037 559 2164 610 tum
2195 556 2621 628 propterillius
2653 557 2945 620 virtutem,
3000 561 3122 610 tum
3169 558 3412 626 propter
3471 553 3686 623 legem,

2036 645 2222 715 quod,
2248 661 2386 701 cum
2417 645 2735 701 immunda
2766 651 2938 713 esset,
2969 660 3128 711 eum,
3147 643 3252 716 qui
3273 642 3540 700 mundus
3566 647 3695 700 erat

2037 735 2335 802 tetigisset.

2106 825 2270 878 Vers.
2299 825 2387 878 47.
2422 825 2510 880 Ac
2541 823 2795 892 procidit
2827 825 3192 893 —protinus.
3235 822 3340 878 Per
3385 821 3693 894 hyperba-

2033 919 2132 967 ton
2167 914 2413 969 estordo
2437 913 2783 969 verborum.
2817 912 3068 968 Procidit
3098 911 3176 967 ad
3207 912 3390 983 pedes
3437 912 3488 984 ej
3502 928 3587 977 us,
3636 915 3694 967 et

2033 1003 2316 1058 indicavit
2347 1003 2395 1057 ei
2415 1019 2615 1058 coram
2647 1002 2812 1057 omni
2839 1000 3084 1073 populo,
3112 1001 3192 1055 ob
3219 1016 3408 1072 quam
3433 1015 3689 1056 causam

2033 1093 2198 1148 illum
2253 1092 2560 1160 tetigisset,
2622 1097 2765 1163 puta
2823 1090 2968 1146 clam
3023 1090 3145 1144 sive
3207 1088 3482 1146 occulte:
3532 1090 3689 1146 hanc

2035 1189 2233 1237 autem
2262 1198 2512 1237 causam
2539 1180 2810 1252 superius
2839 1179 3249 1252 praediximus.

2105 1273 2266 1327 Vers.
2303 1275 2387 1326 48.
2417 1271 2580 1328 Iesus
2613 1277 2798 1326 autem
2831 1300 2897 1310 —
2948 1275 3020 1325 te.
3067 1272 3147 1324 Ne
3193 1271 3294 1323 aut
3329 1269 3439 1335 :me
3483 1271 3584 1323 aut
3615 1266 3693 1322 le-

2034 1377 2168 1431 gem
2201 1361 2420 1416 timeas.
2457 1361 2534 1415 Ex
2567 1360 2682 1414 ﬁde
2700 1361 2857 1414 enim
2890 1363 2943 1413 et
2972 1374 3089 1413 non
3118 1374 3192 1412 ex
3237 1360 3584 1428 contemptu
3608 1361 3690 1412 te-

2033 1451 2210 1521 tigisti
2247 1468 2260 1516 ;
2286 1456 2339 1505 et
2365 1454 2518 1505 certe
2547 1449 2695 1503 ﬁdes
2725 1453 2829 1503 tua
2859 1467 2892 1504 a
2921 1464 3013 1502 me
3059 1447 3304 1519 quidem
3356 1445 3692 1502 conciliavit

2035 1541 2135 1595 tibi
2159 1540 2494 1601 sanitatem,
2509 1538 2680 1605 alege
2699 1553 2838 1592 vero
2852 1537 3290 1592 remissionem.
3310 1535 3471 1590 Fidei
3489 1540 3689 1591 autem

2033 1627 2186 1682 illius
2216 1631 2408 1682 totum
2443 1625 2704 1681 attribuit
2731 1625 3058 1694 negotium,
3088 1628 3149 1677 ut
3175 1628 3232 1678 et
3261 1623 3358 1678 alii
3400 1622 3475 1680 ad
3503 1623 3686 1678 ﬁdem

2033 1717 2484 1780 attraherentur,
2515 1715 2666 1769 sicut
2696 1714 3098 1786 prmdiximus.
3160 1711 3430 1768 Ostendit
3485 1712 3686 1783 itaque

314 1801 486 1866 ἔδειξε
516 1800 573 1855 δὲ
612 1802 878 1854 κάνταῦθα
917 1803 1030 1874 (51)
1063 1804 1088 1853 ὁ
1120 1806 1364 1876 Χριστός,
1417 1804 1494 1853 ὅτι
1546 1799 1720 1862 οὐδεὶς
1772 1800 1916 1852 ἁκού-

2039 1821 2138 1877 per
2163 1806 2277 1860 hoc
2307 1804 2591 1869 Christus,
2640 1803 2804 1875 quod
2857 1801 3056 1856 nullus
3106 1800 3186 1855 ob
3243 1800 3524 1856 morbum
3587 1799 3680 1856 vel

317 1912 433 1945 σιον
497 1895 630 1963 ἔχων
679 1894 862 1954 πάθος,
933 1890 1225 1965 ἀκάθαρτος
1281 1890 1393 1942 ἐστι
1450 1893 1591 1964 παρὰ
1647 1898 1718 1959 τῷ
1773 1896 1918 1960 Θεῷ·

316 1984 586 2054 θυγατέρα
617 1978 675 2032 δὲ
729 1981 888 2038 αύτήν
941 1979 1192 2050 ἐκάλεσεν,
1240 1983 1306 2040 ὡς
1354 1981 1742 2036 υἰοθετηθεῖσαν
1782 1979 1922 2049 αὐτῷ

317 2067 413 2123 διὰ
468 2076 707 2140 πίστεως,
751 2074 840 2120 καὶ
885 2068 995 2140 ἅμα
1050 2065 1141 2121 διὰ
1193 2077 1282 2128 τῆς
1335 2073 1694 2142 προσηγορίας
1733 2069 1923 2128 ταύτης

314 2160 580 2220 παντελῶς
625 2163 710 2212 τὸν
753 2157 904 2231 φόϐον
936 2158 1095 2218 αὐτῆς
1142 2156 1394 2209 ἐκϐάλλων
1452 2161 1540 2208 καὶ
1585 2157 1923 2230 οἰκειούμενος

317 2249 507 2306 αὐτήν.

394 2340 625 2410 Πορεύου
677 2337 742 2397 εἰς
795 2337 1020 2411 εἰρήνην.
1083 2339 1188 2392 Τὴν
1247 2337 1346 2386 ἀπὸ
1409 2341 1501 2386 τοῦ
1552 2339 1739 2406 μηκέτι
1778 2336 1923 2388 πολε-

315 2429 535 2500 μεῖσθαι
572 2428 672 2478 ὑπὸ
702 2434 794 2478 τοῦ
843 2427 1058 2485 πάθους,
1105 2427 1247 2476 Κατὰ
1296 2419 1355 2475 δὲ
1399 2422 1692 2496 ἀναγωγήν,
1738 2429 1812 2483 εἴη
1859 2428 1920 2477 οἶν

315 2516 597 2590 αἱμόρρους
637 2517 666 2574 ἡ
719 2519 874 2587 φύσις
911 2523 1009 2566 τῶν
1042 2513 1341 2585 ἀνθρώπων,
1392 2516 1507 2574 ἣτις
1554 2519 1653 2584 πρὸ
1702 2523 1794 2566 τοῦ
1843 2514 1920 2566 ἐλ-

316 2608 421 2658 θεῖν
450 2611 536 2656 τόν
565 2609 816 2676 Χριστὸν,
847 2602 1077 2672 ἐπήγαζε
1122 2607 1214 2659 τήν
1248 2601 1575 2673 ἀκαθαρσίαν
1608 2611 1702 2665 τῆς
1753 2603 1924 2678 ἁμαρ-

312 2699 450 2758 τίας,
495 2698 727 2764 φοινικην
755 2688 936 2756 οὖσαν,
988 2695 1128 2756 ἤτοι,
1180 2695 1410 2762 φονικὴν.
1464 2688 1630 2744 Οὐδὲν
1672 2689 1730 2744 δὲ
1787 2694 1920 2765 ὠφε-

312 2783 450 2839 λήθη
494 2784 636 2853 παρά
665 2789 763 2831 τῶν
794 2779 1042 2850 ψυχικῶν
1075 2779 1261 2852 ἰατρῶν
1306 2778 1490 2846 αὐτῆς,
1524 2779 1654 2849 λέγω
1687 2778 1777 2844 δὴ,
1823 2792 1920 2834 τῶν

316 2871 607 2942 φιλοσόφων
635 2887 645 2898 ’
705 2868 832 2919 ἀλλὰ
862 2872 949 2918 καὶ
1002 2866 1188 2937 μάλλον
1234 2865 1420 2924 ἐϐλάϐη
1470 2875 1584 2928 ταῖς
1629 2867 1919 2933 ἀλλοκότοις

319 2953 700 3018 διδασκαλίαις
739 2956 940 3008 αὐτῶν·
973 2953 1210 3026 ἁξαμένη
1255 2951 1313 3007 δὲ
1344 2963 1434 3006 τοῦ
1478 2958 1684 3027 ἱματίου
1735 2959 1915 3025 αὑτοῦ,

315 3051 577 3114 τουτέστι,
633 3055 727 3108 τῆς
785 3051 1092 3119 σαρκώσεως
1144 3044 1324 3110 αὐτοῦ,
1387 3041 1479 3096 διὰ
1530 3051 1769 3113 πίστεως,
1831 3049 1920 3100 αύ-

2032 1893 2430 1960 aﬂ‘ectionem,
2458 1908 2642 1964 quam
2675 1891 2894 1946 invitus
2927 1890 3161 1961 patitur,
3196 1888 3546 1943 immundus
3600 1892 3688 1944 est

2031 1985 2192 2055 apud
2222 1986 2426 2037 Deum.
2471 1981 2680 2036 Filiam
2703 1979 3052 2048 veroipsam
3069 1977 3325 2042 vocavit,
3367 1981 3688 2048 utpoteper

2031 2072 2211 2127 ﬁdem
2247 2070 2360 2125 sidi
2389 2069 2740 2140 adoptatam
2781 2085 2793 2122 :
2820 2066 2994 2122 simul
3025 2067 3194 2122 etiam
3218 2064 3688 2138 hujusmodiap-

2030 2159 2344 2232 pellatione
2365 2157 2640 2212 timorem
2663 2156 2897 2228 penitus
2929 2155 3007 2210 ab
3035 2170 3107 2210 ea
3127 2152 3440 2224 repellens,
3464 2152 3684 2226 ipsam-

2030 2267 2146 2322 que
2180 2247 2290 2303 sibi
2324 2246 2672 2302 familiarem
2704 2244 2987 2300 reddens.

2100 2340 2266 2395 Vers.
2307 2339 2399 2392 48.
2446 2336 2682 2391 Vadein
2707 2349 2872 2403 pace.
2907 2335 3036 2398 Qua
3061 2332 3345 2403 deinceps
3378 2347 3415 2388 a
3481 2331 3686 2388 morbo

2030 2444 2144 2483 non
2179 2426 2549 2497 impugneris
2570 2424 2748 2478 Juxta
2775 2437 3091 2492 anagogen
3114 2436 3254 2476 vero
3305 2419 3547 2490 intelligi
3579 2437 3684 2492 po-

2029 2522 2140 2572 test
2171 2516 2466 2584 sanguine
2495 2513 2704 2583 ﬂuens,
2726 2517 2942 2567 natura
2962 2510 3232 2565 humana
3265 2524 3276 2562 :
3307 2525 3463 2581 quae.
3493 2509 3686 2582 prius-

2029 2622 2214 2678 quam
2245 2603 2470 2659 veniret
2517 2601 2797 2664 Christus,
2864 2599 3148 2654 manabat
3194 2597 3413 2669 peccati
3437 2597 3687 2670 impuri-

2031 2699 2146 2749 tate
2175 2692 2563 2761 sanguinaria
2593 2690 2717 2744 sive
2763 2687 3062 2743 mortifera
3117 2704 3130 2753 ;
3182 2703 3292 2743 nec
3343 2686 3684 2759 quidquam

2029 2782 2355 2854 adjumenti
2387 2783 2654 2836 senserat
2678 2795 2714 2834 a
2753 2776 3119 2850 spiritalibus
3169 2777 3510 2832 animorum
3555 2792 3682 2831 me-

2029 2873 2198 2941 dicis,
2229 2871 2472 2944 quiejus
2495 2885 2700 2925 curam
2724 2868 3079 2931 habuerant,
3113 2870 3260 2937 puta
3284 2864 3680 2937 philosophis:

2028 2961 2132 3016 sed
2163 2961 2582 3016 detrimentum
2607 2957 2805 3029 potius
2835 2959 3192 3027 susceperat,
3238 2969 3344 3025 per
3373 2959 3683 3011 extraneas

2028 3067 2096 3106 ac
2134 3049 2433 3106 absurdas
2473 3062 2680 3104 eorum
2733 3044 3057 3101 doctrinas.
3110 3046 3179 3100 Ut
3218 3047 3421 3099 autem
3469 3042 3684 3100 Christi

312 3141 439 3186 τίκα
490 3135 629 3193 ἰάθη.
678 3140 778 3188 Καὶ
807 3138 907 3208 γὰρ
957 3133 1174 3186 ἅπτεται
1224 3141 1313 3185 τού
1363 3136 1570 3205 ἱματίου
1611 3135 1770 3187 αὐτοῦ
1825 3135 1916 3190 διὰ

2039 3139 2209 3210 :etigit
2259 3138 2686 3203 vestimentum,
2719 3135 2833 3189 hoc
2877 3137 2981 3197 est,
3027 3131 3493 3187 incarnationem
3552 3131 3682 3202 ejus

311 3229 538 3284 πίστεως
602 3224 737 3293 (5‘2),
817 3228 915 3283 πᾶς
981 3224 1005 3273 ὁ
1072 3225 1327 3275 πιστεύων
1399 3231 1458 3294 τῇ
1533 3223 1916 3298 ἐνανθρωπήσει

312 3314 497 3365 αὑτοῦ.

384 3401 502 3454 Ἔτι
535 3433 601 3442 -
631 3404 948 3458 σωθήσεταί.
993 3407 1172 3452 Ταῦτα
1201 3405 1288 3452 καὶ
1320 3403 1344 3451 ὁ
1376 3404 1586 3473 Μάρκος
1615 3403 1834 3476 ἔγραψεν
1867 3405 1912 3456 ἐν

307 3501 381 3562 τῷ
416 3487 836 3561 τρισκαιδεκάτῳ
864 3489 1142 3561 κεφαλαίῳ,
1173 3495 1262 3540 καὶ
1285 3491 1516 3550 ζήτησον
1543 3492 1590 3542 ἐν
1622 3490 1791 3561 ἐκείνῳ
1823 3497 1914 3550 τήν

305 3581 600 3655 ἑρμηνείαν.

378 3670 572 3723 Ε’λθὼν
601 3666 658 3721 δὲ
691 3699 756 3708 -
790 3667 1036 3720 ἀπέθανεν
1063 3666 1195 3738 (53).
1219 3666 1437 3740 Ὁμοίως
1466 3673 1554 3719 καὶ
1583 3673 1699 3738 περὶ
1722 3670 1911 3719 τούτων

301 3763 510 3812 πάντων
541 3757 587 3809 ἐν
629 3757 800 3828 ἐκείνῳ
849 3761 1248 3828 σεσαφήνισται.
1283 3758 1590 3809 Ἐκόπτοντο
1640 3753 1697 3809 δὲ
1727 3757 1906 3822 αὐτὴν,

303 3847 418 3901 ἀντὶ
447 3855 561 3912 τοῦ,
594 3849 838 3918 ἐθρήνουν
861 3845 1044 3902 αύτήν.

376 3943 482 3992 Καὶ
529 3941 800 4010 κρατήσας
850 3966 914 3974 -
958 3937 1185 4006 γεγονός.
1242 3933 1356 3987 Ἔτι
1405 3939 1494 3987 καὶ
1541 3939 1658 4009 περὶ
1714 3937 1906 3986 τούτων

300 4025 698 4101 ἀπαραλείπτως
731 4027 964 4097 εὑρήσεις
996 4022 1041 4073 ἐν
1073 4024 1264 4095 ἐκείνῳ.

471 4121 612 4168 ΚΕΦ.
646 4113 764 4166 KZ’.
799 4117 920 4186 Περὶ
950 4119 1040 4172 τῆς
1072 4112 1360 4173 ἀποστολῆς
1381 4121 1480 4164 τῶν
1513 4109 1741 4166 δώδεκα.

369 4202 826 4275 Συγκαλεσάμενος
919 4233 982 4240 —
1067 4204 1380 4274 θεραπεύειν.
1477 4206 1694 4277 Εἴρηται
1787 4208 1904 4278 περὶ

296 4298 498 4347 τούτων
561 4292 608 4344 ὲν
660 4300 731 4359 τῷ
815 4287 1250 4362 ἐννεακαιδεκάτῳ
1306 4291 1564 4364 κεφαλαίῳ
1623 4300 1714 4344 τού
1771 4295 1904 4344 κατὰ

297 4384 592 4437 ἶνῐατθαίον.

2025 3245 2131 3301 per
2160 3228 2357 3294 ﬁdem,
2384 3231 2624 3298 repente
2667 3229 2872 3278 sanata
2890 3228 2996 3277 est.
3025 3221 3164 3291 Ejus
3189 3219 3476 3292 siquidem
3495 3220 3682 3288 tangit

2025 3317 2462 3378 vestimentum,
2483 3313 2754 3386 quisquis
2776 3311 2961 3367 credit
2976 3309 3162 3380 ipsius
3181 3308 3677 3365 incarnationem.

2102 3408 2265 3462 Vers.
2301 3409 2394 3461 49.
2451 3404 2664 3458 Adhuc
2701 3433 2768 3442 —
2800 3401 2958 3455 Vers.
3004 3401 3095 3453 50.
3151 3401 3312 3454 salva
3369 3398 3506 3454 erit.
3549 3398 3680 3455 hac

2023 3497 2201 3552 etiam
2235 3495 2470 3565 scripsit
2494 3495 2722 3547 Marcus
2748 3491 2982 3545 decimo
3013 3488 3180 3544 tertio
3211 3487 3428 3559 capite,
3455 3492 3512 3544 et
3532 3497 3584 3544 in
3608 3503 3678 3545 eo

2023 3601 2223 3656 quaere
2254 3582 2819 3654 interpretationem.

2092 3674 2256 3728 Vers.
2293 3675 2377 3727 51.
2416 3673 2558 3727 Cum
2581 3676 2775 3724 autem
2806 3667 3058 3724 venisset
3088 3699 3155 3708 —
3213 3667 3354 3722 Vers
3384 3669 3469 3722 53.
3523 3683 3680 3724 mor-

2021 3770 2125 3818 tua
2155 3769 2308 3818 esset.
2336 3759 2609 3816 Similiter
2635 3763 2690 3813 et
2718 3757 2850 3812 haec
2881 3755 3084 3812 omnia
3111 3755 3208 3811 illo
3264 3756 3455 3828 capite
3481 3756 3678 3828 expla-

2017 3856 2160 3907 nata
2189 3854 2346 3906 sunt.

2087 3940 2250 3995 Vers.
2278 3941 2364 3993 54.
2398 3939 2480 3993 Et
2499 3935 2950 4006 apprehensa—
2969 3933 3130 3989 Vers.
3150 3938 3234 3990 56.
3279 3933 3437 4005 quod
3443 3932 3670 4004 factum

2015 4035 2098 4084 est
2129 4070 2141 4083 .
2175 4030 2254 4083 De
2276 4028 2368 4083 his
2391 4041 2635 4099 quoque
2657 4025 2820 4080 nullo
2847 4023 3242 4095 praetermisso
3269 4023 3349 4078 ibi
3377 4023 3665 4079 invenies.

2015 4118 2172 4172 CAP.
2205 4119 2411 4172 XXVII.
2456 4117 2542 4171 De
2571 4115 2842 4170 missione
2883 4113 3191 4168 duodecim
3238 4112 3666 4182 apostolorum.

2085 4208 2223 4279 Cap.
2260 4207 2343 4262 IX.
2383 4206 2538 4259 Vers.
2588 4209 2635 4260 l.
2664 4201 2998 4259 Convocatis
3026 4233 3095 4241 —
3126 4207 3195 4256 ut
3215 4207 3523 4270 curarent,
3545 4201 3672 4257 Dic-

2013 4301 2138 4351 tum
2161 4295 2340 4351 estde
2366 4293 2459 4349 his
2479 4293 2712 4348 decimo
2734 4292 3080 4362 nonojuxta
3097 4290 3436 4346 Mattheeum
3455 4289 3668 4362 capite.

374 4477 476 4526 Καὶ
503 4468 795 4522 ἀπέστειλεν
843 4499 879 4508 -
909 4466 1256 4529 ἆσθενοῑντας.
1290 4469 1370 4521 Ἐν
1402 4469 1570 4540 ἐκείνῳ
1604 4467 1901 4527 διείληπται

2084 4475 2241 4530 Vers.
2276 4478 2328 4527 2.
2366 4475 2442 4528 Et
2471 4473 2636 4528 misit
2661 4501 2730 4512 —
2759 4471 3044 4541 inﬁrmos,
3079 4468 3303 4524 Eodem
3354 4467 3549 4537 capite
3593 4467 3670 4522 de

299 4567 388 4614 καὶ
447 4565 564 4634 περὶ
622 4561 834 4628 τούτων,
895 4559 1014 4608 ἔνθα
1068 4565 1234 4609 κεῖται
1283 4565 1376 4609 τό·
1457 4564 1792 4632 ῐιορενόμετλοι
1844 4556 1900 4612 δε

299 4652 610 4722 κηρύσσετε,
672 4646 918 4717 λέγοντες,
995 4647 1072 4698 ὅτι
1134 4650 1346 4717 ἤγγικεν
1418 4650 1446 4705 ἡ
1506 4646 1750 4719 βασιλεία
1802 4657 1900 4700 τῶν

304 4739 361 4789 ού
368 4747 529 4809 ρανῶν
541 4779 551 4789 .

377 4830 477 4877 Καὶ
509 4821 614 4876 εἶπε
643 4855 706 4865 -
732 4827 889 4895 ἔχειν.
927 4822 1150 4894 Ὁμοίως
1180 4829 1268 4876 καὶ
1299 4828 1413 4898 περὶ
1440 4827 1654 4878 τούτων.

380 4919 478 4965 Καὶ
510 4913 580 4974 εἰς
611 4944 677 4954 —
721 4912 1014 4988 ἐξέρχεσθε.
1048 4917 1148 4966 Καὶ
1178 4917 1292 4986 περὶ
1325 4916 1506 4966 τούτου
1537 4913 1847 4990 πλατύνερον
1873 4918 1898 4968 ὁ

304 5003 567 5062 Ματθαίος
598 5001 703 5054 ἐκεῖ
729 5004 909 5076 ίστόρη
920 5021 996 5056 σε.

373 5177 422 5214 ⁵ο
447 5176 715 5249 Matth.x,
743 5183 798 5234 7.

2010 4563 2100 4618 his
2123 4579 2356 4634 quoque
2372 4562 2647 4616 distincte
2667 4561 2890 4615 dictum
2910 4564 3013 4621 est,
3034 4556 3133 4610 ubi
3149 4557 3387 4628 ponitur
3411 4557 3668 4614 :Euntes

2011 4659 2204 4708 autem
2229 4651 2566 4721 praedicate,
2590 4649 2843 4704 dicentes
2861 4647 3069 4702 :Instat
3100 4659 3347 4714 regnum
3364 4643 3665 4701 caelorum.

2083 4828 2241 4884 Vers.
2272 4831 2321 4883 3.
2348 4828 2426 4881 Et
2457 4825 2540 4882 ait
2575 4856 2637 4865 —
2669 4823 2957 4880 habeatis.
2991 4821 3332 4878 Similiteret
3348 4821 3423 4877 de
3438 4820 3554 4878 his.

2079 4919 2244 4973 Vers.
2278 4917 2439 4973 4.Εε
2481 4915 2538 4970 in
2580 4945 2648 4954 —
2701 4913 2872 4969 exite.
2925 4913 3002 4967 De
3057 4910 3150 4966 his
3197 4924 3435 4983 quoque
3488 4909 3668 4967 latius

2009 5005 2248 5078 scripsit
2271 5004 2353 5060 ibi
2380 5004 2686 5061 Matthmus
2723 5003 2793 5055 σο.

1511 5305 1737 5374 Variae
1777 5307 2105 5376 lectiones
2149 5315 2214 5374 et
2260 5315 2461 5374 notae.

369 5499 486 5572 (50)
529 5505 625 5551 Σου
656 5501 772 5572 τήν.

368 5570 483 5642 (51)
526 5573 587 5622 Δὶ
615 5570 911 5622 κάντεῦθεν.
953 5575 1009 5622 B.

367 5639 481 5710 (52)
523 5643 619 5694 Διὰ
647 5646 891 5704 πίστεως,
925 5639 1141 5696 omittit
1170 5641 1235 5699 B.

371 5645 460 5710 (52
523 5645 619 5694 Διὰ
647 5646 891 5704 πίστεως,
925 5645 1141 5696 omittit
1170 5645 1235 5699 B.

371 5645 483 5787 (ὥς
536 5712 690 5772 .Post
742 5711 983 5779 ἀπέθανε,
1050 5713 1269 5772 omittit
1329 5714 1511 5775 etiam
1577 5718 1901 5775 Hentenius

2011 5504 2196 5560 verba
2241 5509 2436 5559 textus
2467 5520 2477 5558 :
2531 5501 2691 5563 Αὐτός
2724 5497 2783 5554 δὲ
2810 5499 3032 5554 ἐκϐαλὼν
3065 5499 3160 5563 ἔξω
3197 5499 3416 5565 πάντας,
3442 5498 3505 5555 in
3555 5513 3670 5558 sua

1995 5578 2304 5644 -versione,
2340 5575 2580 5633 tametsi
2619 5575 2681 5631 in
2711 5573 3060 5632 Prmfatione
3085 5571 3234 5632 nihil
3263 5587 3336 5631 ea.
3353 5571 3427 5628 de
3455 5585 3520 5628 re
3543 5585 3670 5629 mo-

2010 5647 2228 5706 nuerit.
