4170 6364
499 285 605 344 947
1799 276 2146 341 EUTHYMI]

2249 276 2526 339 [GABENI
2747 289 2751 292 “
3766 286 3896 344 948

573 411 738 470 Vers.
761 411 818 468 5.
831 413 913 469 Et
926 411 1251 486 quicunque
1265 442 1328 454 —
1343 412 1627 470 adversus
1637 411 1794 468 illos.
1809 407 1946 466 Pari
1966 403 2153 462 modo
2181 400 2220 455 Α

2337 412 2438 460 Καὶ
2481 411 2596 462 ὅσοι
2657 441 2726 453 -
2779 411 2858 464 ἐπ’
2912 411 3120 472 αύτούς.
3173 411 3562 486 Παραπλησίως
3605 417 3696 466 καὶ
3753 417 3892 488 περὶ

503 501 654 558 etde
672 501 786 558 his.

2264 499 2473 552 τούτων.

575 591 734 647 Vers.
794 596 845 648 6.
893 591 1129 662 Egressi
1177 623 1246 632 -—
1300 591 1520 664 ubique.
1573 593 1746 646 Juxta
1788 591 2156 661 praeceptum

2340 587 2701 663 Ἐξερχόμενοι
2747 621 2810 632 -
2860 600 3157 663 πανταχοῦ.
3206 594 3354 645 Κατὰ
3396 597 3483 651 τὴν
3532 591 3734 651 ἐντολὴν
3780 600 3891 645 τοῦ

505 680 636 752 ejus
665 722 679 746 ,
703 681 808 754 qui
836 680 1079 736 miserat
1114 680 1266 735 illos.

1254 720 1266 732 ,
2267 673 2664 740 ἀποστείλαντος
2691 680 2894 740 αύτούς.

580 772 724 825 Vers
752 776 824 824 .7.
856 771 1096 826 Audiuit
1125 800 1186 809 —
1223 771 1388 824 Vers.
1425 775 1477 824 9.
1503 785 1651 826 eum.
1703 768 1782 822 De
1827 767 1915 822 his
1955 767 2159 820 exacte

2338 772 2594 821 Ἤκουσεν
2650 800 2719 810 -
2772 769 2946 822 αὐτόν.
2993 776 3118 844 Περὶ
3187 773 3380 822 τούτων
3455 771 3894 843 ἠκριϐολογηται

507 859 884 933 disputatum
917 864 1005 915 est
1027 859 1312 916 vicesimo
1355 861 1564 932 quinto
1612 858 1798 930 capite
1859 853 2154 924 Evangelii

2269 854 2383 926 (54)
2415 856 2580 918 καλῶς
2610 856 2657 909 ἐν
2687 868 2756 930 τῷ
2796 859 3013 930 εἰκοστῷ
3039 865 3254 932 πέμπτῳ
3299 859 3555 932 κεφαλαίῳ
3600 868 3692 912 τοῦ
3739 864 3892 912 κατὰ

509 949 840 1006 secundum
869 949 1228 1006 Matthmum.

910 949 1228 1006 Iatthseum.
2272 947 2557 999 Ματθαῖον.

583 1039 751 1095 Vers.
798 1039 982 1094 I0.Et
1010 1040 1229 1095 reversi
1257 1068 1327 1079 —
1377 1040 1539 1094 Vers.
1591 1038 1679 1091 II.
1733 1053 1877 1092 eum.
1925 1033 2162 1090 Decimo

2347 1039 2443 1086 Καὶ
2476 1037 2890 1109 ὑποστρέψαντες
2918 1069 2987 1078 -—-
3019 1038 3180 1108 αύτῷ.
3216 1038 3296 1092 Ἐν
3325 1046 3398 1109 τῷ
3429 1034 3890 1109 πεντεκαιδεκάτῳ

511 1129 720 1200 quinto
751 1127 940 1198 capite
963 1127 1265 1198 Evangelii
1298 1126 1629 1182 secundum
1651 1129 1911 1182 Marcum
1937 1123 2158 1178 dictum

2272 1123 2528 1195 κεφαλαίῳ
2555 1133 2646 1176 του
2675 1129 2810 1178 κατὰ
2839 1129 3049 1200 Μάρκον
3074 1130 3272 1201 εἷρηται
3301 1132 3420 1200 περὶ
3444 1132 3637 1180 τούτων
3677 1127 3887 1179 πλατύ-

513 1221 605 1272 est
629 1215 703 1272 de
731 1217 822 1272 his
848 1215 1046 1280 latius,
1066 1215 1168 1270 ubi
1185 1218 1425 1288 ponitur
1454 1231 1466 1270 :
1494 1217 1572 1270 Et
1595 1220 2160 1286 congreganturapo-

2273 1231 2437 1284 τερον,
2472 1215 2590 1265 ἔνθα
2631 1222 2816 1266 κεῖται·
2844 1222 2901 1268 το
2928 1235 2938 1244 ·
2986 1221 3086 1269 Καὶ
3131 1220 3442 1288 συνάγονται
3491 1220 3538 1269 οὶ
3589 1215 3888 1269 ἀπόστολοι

513 1307 652 1362 stati
689 1307 760 1361 ad
782 1307 975 1362 Jesum
1006 1307 1075 1359 δι.
1255 1301 1258 1304 ’

1255 1301 1258 1304 ’
2274 1306 2400 1376 πρὸς
2429 1306 2516 1354 τὸν
2547 1303 2768 1362 Ἰησοῦν.

587 1395 963 1451 νοτε.11.Ει
991 1393 1687 1463 suscipiens—sanabat.
1739 1395 1817 1448 De
1867 1393 1962 1448 his
2017 1391 2164 1448 vice.

2351 1395 2450 1442 Καὶ
2511 1387 2785 1462 δεξάμενος
2843 1424 2896 1434 -
2964 1393 3093 1445 ἰᾶτο.
3153 1399 3276 1467 Περὶ
3330 1413 3524 1446 τουτων
3578 1393 3624 1446 ἐν
3679 1403 3754 1464 τῷ
3817 1395 3889 1446 εἰ-

518 1485 670 1541 simo
699 1484 909 1558 quinto
924 1485 1099 1555 juxta
1129 1485 1454 1539 Matthaeum
1484 1483 1674 1554 capite
1711 1483 2018 1553 diligenter
2052 1482 2165 1536 dis-

2278 1489 2449 1550 κοστῷ
2513 1485 2728 1553 πέμπτῳ
2786 1481 3044 1554 κεφαλαίῳ
3099 1491 3190 1535 τοῦ
3245 1488 3381 1535 κατὰ
3436 1486 3704 1536 Ματθαὼν
3774 1487 3892 1536 ἐπι-

517 1575 878 1646 putavimus,
907 1573 1010 1629 ubi
1041 1573 1255 1629 dicitur
1286 1591 1298 1628 :
1331 1574 1407 1628 Et
1429 1588 1679 1643 egressus
1693 1571 1852 1627 Jesus
1884 1573 2034 1629 vidit
2047 1578 2164 1626 tur-

2278 1569 2441 1640 μελῶς
2495 1566 2816 1643 διελάϐοριεν,
2877 1574 3004 1624 ὅπου
3067 1580 3235 1624 κεῖται
3288 1577 3383 1624 το’
3446 1578 3542 1625 Καὶ
3587 1571 3802 1635 ἐξελθὼν
3865 1576 3890 1624 ὁ

521 1663 645 1722 bam
672 1665 922 1720 multam
956 1679 969 1718 :
1003 1669 1053 1717 et
1077 1665 1341 1720 misertus
1371 1670 1449 1719 est
1471 1661 1711 1717 illorum
1735 1663 1802 1714 ⁵³.

2281 1660 2488 1720 Ἰησοῦς
2550 1656 2654 1712 εἶδε
2706 1659 2862 1712 πολύν
2927 1660 3106 1733 ὀχλον,
3176 1666 3266 1712 καὶ
3329 1661 3732 1733 ἐσπλαγχνίσθη
3799 1663 3891 1714 ἐπ’

2205 1757 2250 1813 Β
2281 1749 2476 1810 αὐτοῖς.

806 1841 959 1899 CAP.
986 1844 1211 1898 XXVIII.
1240 1843 1320 1897 De
1344 1842 1587 1912 quinque
1611 1839 1881 1910 panibus.
2283 1844 2427 1891 KE<I>.

2283 1844 2427 1891 KE<I>.
2484 1837 2610 1891 KH'.
2677 1844 2800 1914 Περὶ
2859 1848 2956 1891 τῶν
3021 1844 3169 1893 πέντε
3234 1841 3402 1913 ἄρτων
3465 1846 3554 1893 καὶ
3614 1849 3715 1892 τῶν
3784 1837 3890 1894 δύο

2966 1928 3188 2000 ἰχθύων.

593 2020 759 2077 Vers.
791 2021 880 2075 12.
928 2019 1062 2075 Dies
1103 2034 1239 2076 vero
1288 2050 1357 2058 —
1413 2035 1631 2074 sumus.
1660 2017 1952 2074 Praedicto
1983 2018 2171 2090 capite

2350 2014 2406 2068 Ἦ
2450 2012 2507 2068 δὲ
2564 2019 2732 2090 ἡμέρα
2768 2048 2837 2056 -
2893 2016 3063 2090 ἐσμέν.
3123 2020 3207 2070 Ἐν
3260 2026 3332 2088 τῷ
3387 2015 3672 2076 δηλωθέντι
3724 2039 3888 2091 κεφα-

521 2111 741 2168 horum
767 2109 908 2165 data
937 2113 1026 2164 est
1051 2107 1413 2181 explanatio.
1446 2107 1833 2163 Diversorium
1868 2122 2002 2162 vero
2033 2106 2168 2162 dicit

2281 2102 2410 2175 λαίῳ
2455 2113 2545 2156 τοῦ
2606 2108 2741 2157 κατὰ
2787 2108 3050 2159 Ματθαῖον
3107 2111 3197 2159 καὶ
3261 2112 3379 2182 περὶ
3441 2111 3636 2160 τούτων
3687 2107 3889 2181 ἕσαφη-

523 2214 708 2265 nunc,
738 2197 1202 2271 receptaculum.

2283 2195 2460 2252 νίσθη.
2541 2194 2838 2247 Κατάλυσιν
2915 2192 2972 2248 δι
3062 2195 3195 2268 λέγει
3259 2204 3347 2248 νῦν
3436 2201 3530 2255 τὴν
3619 2204 3891 2256 κατασκή-

2285 2303 2464 2338 νωσιν.

599 2378 771 2436 Vers.
807 2380 894 2435 13.
923 2377 1024 2433 Ait
1054 2409 1123 2417 —
1153 2378 1313 2433 Vers.
1349 2377 1436 2434 14.
1460 2375 1766 2449 quinquies
1787 2375 1969 2434 mitte.
2001 2374 2176 2432 Simi-

2361 2370 2483 2425 Εἶπε
2573 2404 2642 2414 -
2733 2373 3176 2445 πεντακισχίλιοι.
3263 2373 3485 2446 Ὁμοίως
3583 2382 3675 2428 καὶ
3771 2382 3890 2449 περὶ

527 2468 658 2526 liter
682 2472 739 2525 et
761 2467 836 2524 de
865 2467 983 2526 his.

865 2467 983 2526 his.
2290 2464 2501 2516 τούτων.

601 2559 761 2614 Vers.
794 2558 881 2614 14.
907 2556 1076 2615 Dixit
1107 2587 1176 2598 —
1205 2558 1370 2612 Vers.
1429 2557 1512 2611 I5.
1568 2571 1772 2614 omnes.
1823 2554 1951 2613 Pari
2000 2556 2181 2612 modo

2027 2556 2181 2612 nodo
2363 2548 2486 2604 Εἶπε
2515 2583 2581 2592 -
2612 2551 2856 2613 ἅπαντας.
2891 2550 3160 2614 Ὡσαύτως
3189 2559 3276 2605 καὶ
3311 2557 3429 2627 περὶ
3459 2556 3674 2608 τούτων.

531 2653 588 2706 et
618 2647 694 2704 de
721 2647 838 2704 his.

601 2738 772 2794 Vers.
810 2739 894 2792 I6.
926 2735 1462 2804 Acceptis—Vers.
1522 2735 1609 2790 17.
1659 2735 1991 2792 duodecim.
2037 2750 2184 2806 pras-

1919 2752 1991 2792 m.
2037 2750 2184 2806 pra-
2367 2729 2553 2784 Λαϐὼν
2587 2761 2650 2771 -
2683 2726 2913 2784 δώδεκα.
2948 2737 3062 2784 Ἔτι
3089 2735 3179 2783 καὶ
3204 2736 3321 2804 περὶ
3353 2733 3566 2783 τούτων.

532 2830 694 2882 terea
721 2824 862 2880 etde
888 2824 1000 2880 his.

533 2914 688 2972 CAP.
741 2915 914 2970 XXIX.
964 2913 1050 2967 De
1084 2910 1546 2981 interrogatione
1604 2913 1845 2969 Domini
1887 2913 1968 2969 ad
2011 2912 2180 2970 disci-

2299 2913 2445 2962 ΚΕΦ.
2497 2907 2624 2962 ΚΘ’.
2687 2913 2812 2983 Περὶ
2866 2916 2961 2970 τῆς
3029 2917 3130 2961 τῶν
3192 2909 3440 2981 μαθητῶν
3509 2907 3872 2982 ἐπερωτήσεως.

1275 3001 1466 3069 pulos.

607 3093 769 3148 Vers.
803 3091 892 3146 18.
923 3090 1002 3146 Ει
1025 3090 1251 3160 factum
1279 3095 1359 3146 est
1387 3121 1455 3129 —
1484 3090 1642 3145 Vers.
1676 3090 1765 3144 20.
1803 3090 1922 3147 Dei.
1952 3091 2186 3149 Horum
2225 3113 2254 3170 ε

2246 3113 2266 3170 3
2369 3091 2470 3140 Καὶ
2523 3085 2710 3159 ἐγένετο
2765 3115 2830 3128 -
2895 3094 2986 3138 τοῦ
3040 3093 3192 3141 Θεοῦ.
3252 3089 3457 3139 Τούτων
3530 3089 3733 3138 πάντων
3802 3091 3893 3145 τὴν

537 3179 810 3238 omnium
839 3177 1387 3249 interpretationem
1414 3178 1680 3234 invenies
1697 3178 1996 3235 tricesimo
2018 3180 2184 3235 tertio

2299 3177 2566 3251 ἑρμηνείαν
2593 3178 2832 3251 εὑρήσεις
2875 3175 2924 3228 ἐν
2967 3184 3038 3246 τῷ
3088 3185 3384 3251 τριακοστῷ
3429 3181 3586 3251 τρίτῳ
3637 3176 3895 3248 κεφαλαίῳ

537 3267 732 3342 capite
760 3266 1062 3338 Evangelii
1091 3266 1420 3322 secundum
1453 3266 1812 3323 Matthaaum.

1212 3266 1420 3321 indum
1453 3266 1812 3323 Matthaaum.
2299 3273 2390 3318 τοῦ
2417 3269 2550 3318 κατὰ
2574 3267 2859 3320 Ματθαίον.

609 3359 775 3413 Vers.
808 3359 898 3413 21.
925 3356 981 3411 Is
1014 3371 1235 3412 vero—
1282 3355 1405 3412 hoc.
1455 3355 1585 3426 lege
1634 3361 1818 3412 totam
1867 3357 2192 3414 enarratio-

2370 3356 2429 3407 Ὀ
2474 3353 2532 3408 δὲ
2570 3387 2638 3395 -
2667 3363 2839 3408 τοῦτο.
2873 3356 3161 3426 Ἀνοίγνωθι
3207 3361 3300 3413 τὴν
3332 3356 3450 3413 ὅλην
3508 3355 3758 3426 ἐξήγησιν
3802 3365 3901 3407 τῶν

539 3462 680 3504 nem
717 3461 927 3502 eorum
953 3444 1170 3517 quaain
1203 3444 1302 3499 illo
1357 3445 1551 3516 caqite
1600 3444 1757 3501 dicta
1805 3451 1962 3510 sunt,
2003 3462 2186 3517 usque

2305 3445 2350 3497 ἐν
2383 3444 2555 3516 ἐκείνῳ
2593 3447 2705 3516 (55)
2736 3446 2906 3519 ῥητῶν
2936 3446 3072 3517 ἄχρι
3118 3451 3210 3496 τοῦ
3234 3462 3246 3474 '
3295 3445 3429 3498 Ἀπὸ
3469 3451 3585 3497 τοτε
3629 3445 3828 3517 ἤρξατο
3878 3448 3902 3496 ὁ

542 3537 619 3593 ad
664 3551 801 3591 eum
844 3534 1043 3590 locum
1075 3534 1178 3589 ubi
1217 3533 1460 3590 dicitur:
1490 3535 1586 3591 Ex
1624 3551 1687 3592 eo
1737 3542 1988 3604 tempore
2018 3535 2189 3604 capit

2306 3533 2512 3593 Ἰησοῦς
2555 3531 2802 3586 δεικνύειν
2860 3541 2968 3595 τοῖς
3023 3535 3285 3604 μαθηταῖς
3343 3535 3502 3585 αὗτοῧ
3535 3553 3545 3562 '
3615 3539 3703 3586 καὶ
3755 3535 3899 3606 λήψῃ

539 3624 698 3680 Iesus
747 3623 1000 3679 indicare
1035 3623 1338 3692 discipulis
1356 3623 1509 3689 ‘3;et
1537 3623 1677 3680 inde
1717 3624 1892 3679 simul
1919 3624 2186 3680 omnlum

1770 3624 1892 3679 mul
1919 3624 2192 3680 omnlum
2305 3623 2503 3674 πάντων
2535 3624 2663 3694 ὁμοῦ
2697 3619 2984 3694 διάγνωσιν
3014 3621 3409 3695 ἀκριϐεστάτην.

542 3711 1060 3785 diligentissimam
1095 3712 1314 3768 sumito
1354 3712 1858 3784 explanationem.

617 3804 777 3858 Vers.
819 3805 909 3857 22.
942 3803 1145 3858 Dicens
1169 3832 1238 3842 —
1268 3802 1547 3872 refugere.
1579 3801 1664 3858 Ibi
1714 3802 1788 3858 de
1836 3802 1930 3858 his
1960 3818 2194 3876 quoque

2377 3799 2544 3852 Εἰπὼν
2564 3817 2576 3830 ·
2616 3830 2685 3842 -
2715 3798 3004 3875 ἐγερθῆναι.
3041 3799 3273 3863 Καθεξῆς
3313 3799 3416 3852 ἐκεῖ
3441 3805 3530 3852 καὶ
3559 3805 3677 3872 περὶ
3709 3805 3904 3852 τούτων

545 3907 655 3949 suo
693 3890 899 3948 ordine
930 3890 1300 3963 disputatum
1326 3897 1433 3946 est.

975 3891 1300 3963 isputatum
1326 3897 1433 3946 est.
2307 3887 2622 3948 διείληπται.

614 3983 774 4038 Vers.
806 3983 896 4036 23.
925 3980 1250 4036 Dicebat—
1275 3995 1383 4043 me,
1423 3979 1527 4034 Sed
1562 3983 1616 4035 et
1675 3980 1748 4035 de
1797 3980 1891 4036 his
1957 3996 2194 4052 quoque

2376 3978 2552 4050 Ἔλεγε
2580 4010 2648 4019 -
2674 3998 2780 4051 μοι.
2817 3978 2970 4032 Ἀλλὰ
3012 3978 3125 4050 (56)
3165 3983 3253 4031 καὶ
3282 3984 3400 4052 περὶ
3431 3981 3625 4031 τούτων
3652 3978 3699 4030 ἐν
3731 3978 3904 4052 ἐκείνῳ

543 4069 772 4128 ibidem
800 4071 938 4140 post
958 4083 1155 4138 pauca
1195 4068 1440 4123 omnino
1461 4067 1746 4124 invenies.

1431 4067 1746 4124 tinvenies.
2305 4068 2415 4140 μετ’
2452 4068 2599 4140 ὀλίγα
2627 4069 2797 4120 πάντα
2820 4069 3078 4142 εὑρήσεις.

616 4158 778 4212 Vers.
807 4156 896 4210 24.
931 4155 1194 4226 Quisquis
1223 4185 1290 4196 —
1323 4171 1466 4211 eam.
1533 4156 1886 4230 Quicunque
1944 4157 2196 4214 voluerit

2375 4163 2469 4217 ’ος
2517 4188 2584 4197 —-
2636 4157 2816 4216 αύτήν.
2874 4156 2965 4217 ’ος
3020 4159 3080 4208 ἄν
3152 4156 3268 4229 θέλῃ
3347 4161 3440 4214 τήν
3497 4157 3686 4228 ψυχὴν
3743 4157 3903 4208 αὑτοῦ

533 4245 817 4318 animam
848 4257 1021 4298 suam
1047 4258 1083 4297 a
1121 4247 1307 4298 morte
1330 4259 1564 4299 servare
1606 4251 1872 4316 tempore
1905 4247 2180 4319 martyrii;

2311 4243 2579 4298 διασῶσαι
2629 4245 2728 4297 ἀπὸ
2792 4249 3034 4312 θανάτου,
3099 4245 3146 4297 ἐν
3213 4255 3377 4320 καιρῴ
3423 4251 3716 4319 μαρτυρίου
3768 4250 3905 4316 γινο-

549 4333 738 4389 factus
767 4331 984 4387 animae
1015 4337 1267 4400 amator,
1298 4337 1354 4387 at
1379 4347 1503 4387 non
1527 4333 1736 4389 Christi
1760 4342 2014 4405 amator,
2076 4352 2196 4408 per-

2309 4354 2454 4407 μενος
2510 4334 2824 4406 φιλόψυχος,
2869 4334 2977 4386 ἀλλ’
3021 4335 3078 4385 ού
3116 4334 3475 4406 φιλόχριστος,
3533 4333 3775 4386 ἀπολέσει
3815 4333 3903 4384 αύ-

547 4422 650 4478 det
671 4435 807 4476 eam
832 4420 892 4476 in
931 4419 1128 4475 futuro
1161 4419 1408 4487 saeculo,
1439 4420 1554 4477 hoc
1586 4426 1690 4488 est,
1722 4423 1782 4478 in
1836 4423 2194 4496 supplicium

2252 4430 2400 4511 )τὴν
2458 4423 2504 4476 ἐν
2571 4432 2643 4494 τῷ
2701 4423 2933 4494 μέλλοντι
3000 4423 3167 4487 αἰῶνι,
3221 4428 3508 4486 τουτέστιν,
3567 4424 3633 4483 εἰς
3688 4423 3899 4473 κόλασιν

548 4510 914 4586 projicietur.
933 4510 1081 4568 Haec
1094 4509 1533 4566 autemibidem
1548 4512 1748 4578 etiam,
1777 4529 2008 4586 suoque
2041 4513 2195 4572 dicta

2247 4509 2261 4512 ν
2313 4512 2536 4586 ἐμϐαλεῖ.
2607 4516 2794 4585 Εἲρηκε
2859 4509 2917 4565 δε
3001 4515 3164 4564 ταῦτά
3241 4532 3295 4565 τε
3360 4517 3449 4564 καὶ
3504 4515 3570 4564 τὰ
3643 4511 3752 4572 ἑξῆς
3808 4514 3894 4559 καὶ

550 4603 689 4656 sunt
712 4597 1221 4668 ordine,videlicet
1240 4598 1473 4656 decimo
1495 4615 1658 4658 nono
1685 4602 1876 4674 capite
1900 4603 2197 4674 Evangelii

2313 4603 2359 4656 ἐν
2441 4610 2511 4673 τῷ
2577 4598 3011 4673 ἐννεακαιδεκάτῳ
3072 4601 3329 4673 κεφαλαίῳ
3396 4610 3489 4654 τοῦ
3551 4602 3677 4651 κατὰ
3753 4602 3883 4648 Marr-

550 4688 887 4745 secundum
931 4687 1292 4745 Matthmum.

831 4705 887 4744 m
931 4687 1292 4745 Matthaaum.
2316 4695 2478 4745 θαῑον.

620 4777 786 4833 Vers.
814 4777 902 4833 24.
938 4775 1199 4848 Quisquis
1235 4807 1300 4818 —
1339 4791 1480 4834 eam.
1503 4776 1856 4850 Quicunque
1889 4778 1991 4835 iIla
2007 4780 2206 4852 priva-

2382 4780 2478 4843 Ὃς
2529 4811 2596 4821 -
2639 4780 2817 4839 αύτήν.
2870 4779 2966 4841 ’ος
3016 4781 3076 4832 ἄν
3110 4778 3360 4854 ἀφαιρεθῇ
3417 4780 3600 4845 αὐτὴν,
3647 4773 3738 4829 διὰ
3771 4795 3896 4849 μοιρ-

548 4872 646 4925 tus
665 4865 838 4923 fuerit
866 4881 973 4938 per
997 4864 1372 4937 martyrium,
1395 4865 1492 4923 hic
1514 4865 1770 4924 servabit
1817 4883 1953 4925 eam
2007 4869 2068 4925 in
2117 4869 2195 4925 fu-

2061 4888 2068 4924 t
2117 4869 2203 4925 fu-
2313 4875 2519 4945 τυρίον,
2547 4870 2695 4931 οὗτος
2728 4875 2886 4923 σώσει
2912 4869 3075 4928 αὐτὴν
3102 4867 3148 4920 ἐν
3179 4877 3250 4939 τῷ
3275 4867 3510 4941 μέλλοντι
3541 4867 3708 4920 αἰῶνι.

549 4964 685 5014 turo
715 4953 957 5011 saeculo.

627 5107 671 5144 ⁸¹
705 5108 874 5164 Marc.
904 5123 980 5174 vr,
1014 5109 1104 5164 30.
1181 5106 1228 5143 "
1271 5104 1468 5164 Matth.
1500 5121 1618 5174 xxv,
1665 5108 1749 5162 14.
1827 5108 1874 5144 ⁸³
1898 5108 2098 5166 Matth.
2124 5124 2241 5177 ιη,
2271 5114 2362 5167 2t.

1796 5255 2024 5326 Variae
2062 5257 2386 5328 lectiones
2415 5268 2480 5327 et
2510 5269 2712 5328 notae.

625 5400 737 5543 (54-;
777 5397 1213 5474 Ἠκριϐολογήθη,
1256 5404 1311 5452 Β.

625 5477 714 5543 (55
765 5479 876 5526 Τῶν
907 5469 1235 5543 ἐκείνωνλΑ.
1526 5541 1535 5543 _
1596 5539 1623 5543 μ
1759 5542 1766 5543 7
1872 5540 1908 5543 μ

2315 5405 2541 5456 textum
2582 5416 2651 5456 ex
2701 5400 2987 5456 homileta
3027 5400 3247 5481 aliquo.
3291 5400 3701 5462 Laudaveram
3737 5408 3904 5464 etiam

2315 5473 2450 5529 loca
2480 5471 2694 5528 similia
2730 5473 3156 5543 Chrysostomi.
3192 5471 3303 5528 Sed
3329 5489 3490 5531 nunc
3523 5476 3585 5531 in
3633 5487 3904 5543 promptu

625 5469 1310 5550 (δεπῶίεκιίιέτςινηᾼε-
1758 5542 1767 5550 .

2315 5473 2450 5550 loca
2480 5471 2694 5528 similia
2730 5469 3156 5550 Chrysostomi.
3192 5471 3303 5550 Sed
3329 5489 3490 5531 nunc
3523 5476 3585 5531 in
3633 5487 3904 5550 promptu

623 5539 738 5613 (56)
770 5549 831 5598 In
857 5557 990 5620 mea
1016 5541 1157 5620 Noyi
1183 5541 1538 5620 Testamen_ti
1573 5539 1770 5620 _Gra_3ci
1818 5540 2092 5620 editione,
2140 5557 2201 5613 p.
2313 5543 2598 5620 estlocus
2637 5559 2815 5615 quem
2846 5539 3403 5620 'quaarebam.Nam
3451 5554 3486 5604 t.
3529 5539 3646 5614 VII;
3686 5565 3722 5620 p
3789 5539 3907 5609 5'57,

549 5618 677 5677 209,
709 5610 1046 5740 Sttsgicatus
1085 5610 1315 5666 fueram
1340 5612 1628 5667 vocabula
1683 5615 1808 5679 ista,
1838 5613 1953 5665 καθ’
1985 5610 2196 5686 ἡμέραν,

551 5701 688 5740 uuae
707 5688 814 5740 Eut
860 5683 1052 5740 vmius
1081 5696 1201 5738 non
1217 5683 1502 5740 agnoscit.
1523 5683 1804 5739 translata
1824 5699 1952 5740 csse
1969 5679 2033 5740 in
2067 5700 2196 5740 con-

2311 5614 2394 5671 ita
2418 5615 2600 5671 habet
2629 5610 2923 5676 ε’Διηνεκῶς
2951 5619 3072 5690 γὰρ,
3118 5619 3270 5687 φησὶ,
3302 5621 3538 5692 περίφερε
3577 5610 3664 5672 τόν
3686 5610 3906 5674 ’θάνατον

2311 5689 2400 5739 καὶ
2434 5691 2571 5740 ΚΑΘ
2601 5685 2889 5740 ἨΜΕΡΑΝ
2925 5686 3123 5740 ἕτοιμος
3153 5688 3241 5740 ἔσο
3269 5691 3398 5740 πρὸς
3436 5697 3663 5740 domu-

551 5701 688 5761 quae
707 5683 1052 5756 Euthymius
1081 5696 1201 5738 non
1217 5683 1502 5752 agnoscit,
1523 5683 1804 5739 translata
1824 5699 1952 5740 csse
1970 5683 2033 5740 in
2067 5683 2198 5741 con-

2016 5683 2033 5740 t
2067 5683 2203 5741 con-
2311 5689 2400 5739 καὶ
2434 5691 2571 5740 ΚΑΘ
2601 5685 2889 5742 ἨΜΕΡΑΝ
2925 5683 3133 5759 ἑτοίμος⁷
3153 5688 3241 5742 ἔσο
3269 5683 3398 5760 πρός
3429 5683 3663 5763 ’σᾴα-γήν.

508 6357 616 6364 _._.
707 6358 714 6362 ..
1175 6359 1214 6364 __
1273 6359 1276 6362 .
1307 6358 1318 6362 -
1341 6359 1344 6361 .
1479 6358 1490 6360 -
1563 6358 1568 6359 γ
1797 6358 1832 6362 ν-.
1863 6358 1890 6364 .__
1903 6339 1936 6362 ,Τ
1959 6337 2311 6362 μἰεὶιοῖνλὲοισκξβ-ανιιξπ
