4170 6364
262 335 394 391 949

1443 331 1814 391 COMMENT.
1855 326 1925 383 IN
1964 324 2234 382 LUCAM.
2262 356 2331 368 —
2356 327 2511 385 CAP.
2542 328 2640 384 IX.

3565 326 3671 383 950

352 467 430 515 Ti
472 464 569 534 γὰρ
622 491 681 499 -
723 459 1038 531 ζημιωθείς;
1070 466 1233 511 Τοῦτο
1271 464 1359 512 καὶ
1392 462 1417 511 ὀ
1448 461 1716 518 Ματθαῖος
1749 458 1902 528 ἔγρα-

2090 454 2247 508 Vers.
2283 458 2370 508 25.
2405 455 2556 522 Quid
2574 456 2722 511 enim
2748 485 2812 496 —
2834 452 3077 524 faciat?
3109 453 3242 511 Hoc
3270 457 3327 509 et
3363 452 3671 510 Matthaaus

262 551 377 621 ψεν
460 550 541 602 ἐπὶ
601 548 775 609 τελους
826 556 914 599 τοῦ
969 556 1284 622 τριακοστού
1366 553 1541 623 τρίτου
1598 545 1899 620 κεφαλαίου,

267 646 373 691 καὶ
413 641 649 699 ζήτησον
695 636 797 688 ἐκεῖ
845 641 938 694 τὴν
973 635 1241 708 ἐξήγησιν.
1285 640 1353 689 Τὸ
1408 633 1486 700 δὲ,
1518 638 1547 696 ἣ
1602 636 1901 707 ζημιωθεὶς,

268 732 725 803 ἑφερμηνευτικόν
784 728 898 777 ἔστι
968 734 1081 792 τοῦ,
1166 725 1445 787 ἀπολέσας.
1507 725 1789 778 Ἀπωλειαν
1848 719 1907 773 δε

264 821 372 867 καὶ
455 817 648 887 ζημίαν
716 814 958 886 ὀνομάζει
1011 819 1106 873 τὴν
1187 816 1390 867 αἰώνιον
1448 810 1743 870 καταδίκην
1817 815 1906 863 καὶ

267 902 515 956 κόλασιν
526 942 538 955 .

352 1080 460 1143 ⁸ος
506 1084 606 1156 γὰρ
675 1112 743 1122 -
804 1081 1055 1153 ἀγγέλων.
1130 1085 1334 1134 Τούτων
1403 1085 1750 1155 ξμνημόνενσε
1818 1100 1903 1133 και

274 1173 303 1223 6
362 1174 586 1245 Μάρκος
635 1170 682 1222 ἐν
737 1179 808 1241 τῷ
861 1171 1079 1240 εἰκοστῷ
1133 1173 1360 1245 τετάρτῳ
1408 1171 1685 1243 κεφαλαίῳ,
1728 1174 1817 1222 καὶ

273 1260 477 1331 ἐκείνῳ
546 1258 1027 1333 διηρμηνεύθησαν.
1102 1261 1259 1314 Ἀλλὰ
1314 1270 1422 1322 πῶς
1471 1257 1625 1326 εἶπεν,
1683 1260 1759 1311 ὅτι
1819 1263 1908 1310 καὶ

272 1369 383 1400 του
422 1354 627 1422 Πατρός
659 1354 748 1401 καὶ
776 1358 875 1400 τῶν
906 1349 1066 1419 ἁγίων
1095 1348 1321 1419 ἀγγέλων
1352 1366 1363 1415 ;
1399 1354 1539 1401 Διότι
1568 1353 1658 1399 καὶ
1701 1350 1731 1406 ἡ
1777 1344 1910 1409 δόξα

269 1445 380 1489 τοῦ
424 1442 641 1509 Πατρός,
696 1434 828 1499 δόξσ
867 1437 1024 1489 αὐτοῦ
1070 1440 1238 1491 ἔσται.
1286 1440 1401 1497 Υἱὸς
1438 1440 1536 1510 γὰρ
1579 1437 1738 1488 αὐτοῦ
1769 1435 1902 1489 ἐστι.

272 1530 393 1578 Καὶ
430 1528 462 1583 ἡ
517 1523 647 1588 δοξα
692 1536 789 1577 τῶν
831 1526 990 1597 ἁγίων
1042 1525 1289 1597 ἀγγέλων,
1348 1524 1477 1589 δόξα
1525 1526 1680 1577 αὑτοῦ
1734 1528 1901 1577 ἔσται.

274 1620 561 1674 Δεσπότης
587 1617 688 1687 γὰρ
722 1615 889 1666 αὐτῶν
920 1613 1050 1668 ἐστι.

362 1707 520 1774 Λέγω
566 1700 624 1756 δὲ
679 1736 744 1744 -
800 1711 891 1755 τοῦ
955 1711 1107 1757 Θεοῦ.
1170 1705 1391 1777 Εἷρηται
1446 1706 1563 1776 περὶ
1614 1706 1807 1755 τούτων
1857 1702 1904 1754 ἐν

275 1800 358 1861 τῷ
409 1792 543 1845 τέλει
580 1800 669 1845 τοῦ
714 1800 1028 1864 τριακοστού
1082 1797 1260 1865 τρίτου
1307 1792 1584 1864 κεφαλαίου
1632 1799 1721 1844 τοῦ
1769 1793 1905 1843 κατὰ
1934 1800 1975 1853 Β

282 1883 595 1935 Ματθαῐον.

428 1978 573 2025 ΚΕΦ.
612 1970 691 2024 Λ’.
729 1970 851 2045 Περί
876 1980 973 2033 τῆς
1004 1976 1446 2043 μεταμορφώσεως
1474 1978 1563 2023 τοῦ
1596 1970 1794 2028 Ἰησοῦ.

363 2060 603 2132 Ἐγένετο
632 2090 700 2101 --
734 2060 887 2113 ὀκτώ.
923 2067 1012 2118 Διῆ
1026 2059 1164 2127 λθον,
1196 2057 1456 2118 δηλονότι.

373 2241 483 2291 Καὶ
530 2236 838 2309 παραλαϐὼν
908 2266 976 2276 -
1035 2235 1393 2310 Ἰερουσαλήμ.
1472 2240 1597 2311 Περὶ
1657 2244 1752 2297 τῆς
1822 2254 1908 2307 με-

288 2331 687 2401 ταμορφώσεως
749 2329 939 2385 ταύτης
990 2330 1330 2399 φανερώτερον
1400 2324 1620 2397 ἔγραψέν
1675 2327 1700 2377 6
1757 2333 1905 2378 Ματ-

292 2418 453 2477 θαῖος
501 2414 547 2466 ἐν
594 2424 662 2485 τῷ
702 2422 996 2489 τριακοστῷ
1045 2417 1272 2486 τετάρτῳ
1309 2414 1570 2485 κεφαλαίῳ
1629 2414 1810 2478 αὐτοῦ,
1857 2413 1904 2466 ἐν

302 2506 329 2519 θ’

293 2506 337 2575 ᾧ
399 2509 487 2556 καὶ
544 2512 712 2556 ταῦτα
770 2506 905 2555 κατὰ
953 2504 1102 2574 λόγον
1169 2506 1592 2575 ἡρμηνεύθησαν.
1673 2511 1901 2575 Προσευ-

290 2598 522 2664 χόμενος
544 2590 602 2645 δὲ
636 2594 1025 2664 μετεμορφώθη,
1058 2594 1139 2642 ἶνα
1164 2595 1429 2663 μάθωμεν,
1462 2594 1591 2650 ὅτιὴ
1627 2598 1901 2666 προσευχὴ

296 2690 627 2755 μεταμορφοὶ
678 2686 768 2732 καὶ
824 2681 1108 2753 λαμπρύνει
1166 2684 1251 2732 τὸν
1305 2683 1593 2755 ἄνθρωπον,
1650 2686 1713 2743 ὡς
1768 2688 1899 2755 χρὴ,

295 2774 569 2841 γινομένη.

375 2858 435 2909 Ὀ
458 2856 517 2910 δε
536 2862 726 2927 Πέτρος
755 2888 820 2897 --
849 2857 1006 2928 αύτῳ.
1043 2857 1176 2908 Ἐκεῖ
1214 2862 1303 2909 καὶ
1323 2864 1434 2929 περὶ
1464 2862 1656 2911 τούτων
1687 2858 1904 2936 ἐρρήθη.

302 2951 437 3000 Δόαν
478 2944 535 3000 δὲ
570 2952 670 2999 νόει
709 2952 797 3005 τὴν
827 2947 1191 3018 λαμπρότητα.

380 3036 485 3089 Καὶ
536 3035 725 3108 ἐγένετο
783 3067 852 3076 —
900 3035 1130 3107 νεφελην.
1179 3043 1412 3097 Μωϋσῆς
1468 3041 1557 3109 μὲν
1610 3044 1697 3091 καὶ
1728 3039 1903 3102 Ἠλίας

2020 542 2257 613 scripsit
2284 542 2345 597 in
2395 542 2508 599 ﬁne
2548 544 2825 599 tricesimi
2850 544 3007 600 tertii
3033 542 3282 615 capitis:
3317 546 3373 599 et
3400 541 3483 599 ibi
3521 557 3673 614 qum-

2016 646 2077 685 re
2135 632 2638 687 enarrationnem.
2687 633 2856 697 Quod
2912 638 3111 688 autem
3166 632 3537 688 additzAut
3579 630 3673 688 sui

2016 720 2204 788 ipsius
2220 722 2519 789 jacturam
2533 722 2744 792 faciat,
2766 721 3203 778 declarativum
3226 727 3313 777 est
3337 721 3674 793 praeceden-

2017 808 2109 871 tis,
2152 813 2311 879 puta,
2354 811 2623 881 seipsum
2681 811 2912 881 perdat.
2970 810 3367 881 Perditionem
3409 826 3552 867 vero
3615 812 3674 866 et

2011 895 2309 967 jacturam
2347 900 2637 965 nominat,
2674 904 2948 956 aeternam
3001 899 3561 957 condemnationem
3615 902 3674 955 et

2019 986 2402 1058 supplicium.

2091 1078 2259 1131 Vers.
2289 1080 2377 1133 26.
2413 1078 2836 1150 Quemcumque
2867 1109 2936 1119 —
2960 1080 3330 1149 angelorum.
3361 1079 3587 1134 Horum
3616 1080 3675 1135 et

2020 1169 2251 1222 Marcus
2281 1167 2548 1223 meminit
2576 1168 2860 1223 vicesimo
2884 1172 3101 1240 quarto
3126 1167 3341 1238 capite,
3374 1171 3430 1223 et
3463 1167 3545 1221 ibi
3576 1182 3674 1222 ex-

2020 1256 2264 1327 planata
2288 1263 2448 1314 sunt.
2469 1258 2687 1313 Verum
2711 1258 3020 1330 quomodo
3042 1263 3100 1313 et
3119 1256 3334 1327 Patris,
3362 1260 3421 1311 et
3440 1260 3671 1313 sancto-

2018 1361 2153 1400 rum
2202 1347 2543 1415 angelorum
2567 1347 2593 1402 ?
2616 1347 2765 1413 Quia
2805 1346 2995 1415 gloria
3025 1346 3211 1402 Patris
3239 1345 3427 1415 gloria
3465 1350 3550 1400 est
3586 1345 3675 1416 ip-

2020 1435 2167 1502 sius,
2216 1451 2353 1491 cum
2386 1452 2574 1492 unum
2615 1437 2748 1493 sint.
2781 1437 2900 1507 Ego
2930 1442 2983 1493 et
3015 1438 3215 1501 Pater,
3247 1433 3460 1506 inquit,
3493 1450 3674 1490 unum

2015 1540 2219 1579 sumus
2245 1525 2293 1560 δι
2326 1525 2451 1597 (tt):
2478 1524 2666 1595 gloria
2695 1540 2837 1581 vero
2863 1525 3238 1595 angelorum,
3268 1523 3449 1580 etiam
3480 1523 3672 1595 ipsius

2017 1619 2143 1685 est;
2176 1614 2467 1669 Dominus
2497 1614 2659 1670 enim
2686 1614 2926 1669 illorum
2956 1617 3062 1669 est.

2085 1704 2245 1759 Vers.
2285 1704 2374 1758 27.
2406 1703 2552 1759 Dico
2583 1735 2651 1743 —
2678 1704 2802 1760 Dei.
2837 1704 3067 1759 Dictum
3098 1706 3185 1758 est
3220 1701 3305 1760 de
3337 1702 3430 1758 his
3458 1702 3520 1758 in
3551 1701 3671 1758 ﬁne

2015 1791 2293 1846 tricesimi
2345 1791 2497 1847 tertii
2538 1792 2751 1863 capitis
2810 1790 3111 1862 Evangelii
3156 1792 3494 1847 secundum
3536 1794 3674 1849 Mat-

2014 1880 2263 1936 thaaum.

2370 1969 2522 2025 CAP.
2560 1970 2721 2025 XXX.
2740 1970 2827 2026 De
2857 1969 3401 2038 transformatione.

2086 2059 2247 2114 Vers.
2281 2058 2369 2112 28.
2410 2058 2645 2127 factum
2684 2066 2766 2115 est
2790 2089 2858 2099 ——
2888 2063 3015 2113 octo
3072 2056 3354 2114 Videlicet
3382 2060 3675 2129 pertrans-

2015 2145 2226 2201 ierunt.

2086 2236 2244 2290 Vers.
2300 2235 2387 2289 28.
2419 2235 2761 2302 Assumpsit
2797 2265 2867 2277 —
2892 2236 3053 2291 Vers.
3083 2234 3172 2291 31.
3234 2233 3670 2306 Hierosolymis.

2017 2322 2097 2379 De
2127 2324 2240 2379 hac
2270 2325 2798 2381 transformatione
2838 2324 3217 2380 manifestius
3261 2323 3502 2394 scripsit
3533 2324 3677 2380 Mat-

2018 2415 2201 2470 lhzeus
2261 2413 2557 2469 tricesimo
2605 2418 2820 2485 quarto
2860 2413 2952 2468 sui
2996 2412 3298 2484 Evangelii
3350 2413 3565 2484 capite,
3612 2414 3673 2470 in

2015 2519 2136 2576 quo
2180 2503 2358 2559 etiam
2390 2510 2518 2558 haec
2548 2504 2625 2558 ad
2663 2502 2913 2557 verbum
2951 2502 3253 2558 declarata
3283 2506 3444 2559 sunt.
3485 2502 3673 2559 Orans

2014 2599 2204 2649 autem
2229 2592 2686 2647 transformatus
2714 2596 2822 2656 est,
2849 2596 2913 2647 ut
2934 2591 3257 2655 discamus,
3286 2590 3452 2662 quod
3480 2591 3672 2647 oratio

2015 2682 2390 2738 transformat
2415 2697 2483 2736 ac
2526 2679 2775 2736 illustrat
2799 2680 3125 2747 hominem,
3159 2681 3205 2734 si
3247 2679 3353 2735 ﬁat
3380 2680 3671 2751 quemad-

2014 2771 2265 2827 modum
2295 2774 2547 2843 oportet.

2085 2861 2250 2915 Vers.
2302 2863 2389 2916 32.
2440 2860 2657 2916 Petrus
2692 2874 2822 2916 vero
2861 2888 2928 2899 —
2966 2858 3087 2914 illo.
3130 2858 3215 2914 lbi
3245 2858 3416 2915 etiam
3458 2857 3533 2914 de
3579 2857 3672 2914 his

2014 2950 2243 3007 dictum
2289 2956 2393 3005 est.
2451 2948 2708 3005 Gloriam
2762 2964 2904 3004 vero
2955 2947 3213 3019 intellige
3266 2946 3669 3019 splendorem.

2085 3040 2248 3095 Vers.
2299 3040 2388 3104 33,
2443 3039 2693 3096 Factum
2730 3044 2819 3094 est
2858 3067 2928 3079 —
2982 3039 3144 3094 Vers.
3202 3037 3432 3093 nubem.
3486 3040 3673 3095 Moses

302 3125 545 3183 εἰσῆλθον
573 3126 643 3187 εἰς
671 3129 726 3177 τὸ
756 3128 930 3197 πάχος
957 3126 1297 3196 τῆςνεφέλης,
1323 3125 1759 3199 ἀπαχθησομενοι
1780 3132 1902 3180 πάν-

2032 3129 2259 3201 Ῑιιὶᾶθω
2280 3133 2338 3184 et
2360 3128 2515 3183 Elias
2540 3128 2903 3184 intraverant
2927 3128 2987 3183 in
3017 3125 3464 3198 spissitudinem
3492 3125 3672 3182 nubis

298 3235 406 3275 τως
428 3215 499 3276 εἰς
529 3220 649 3277 τοὺς
680 3214 1069 3287 ἀφωρισμένους
1116 3216 1295 3276 αὐτοῖς
1324 3222 1537 3277 τόπους·
1579 3220 1628 3269 οἱ
1669 3218 1902 3289 μαθηταὶ

300 3301 382 3367 δὲ,
409 3309 547 3366 ὄντες
575 3309 664 3376 μὲν
694 3303 902 3377 ἔκφοϐοι
932 3310 1021 3356 καὶ
1071 3301 1163 3356 διὰ
1217 3309 1308 3362 τὴν
1358 3312 1756 3381 μεταμόρφωσιν
1810 3318 1900 3361 τοῦ

296 3399 585 3459 Δεσπότου,
622 3396 788 3454 καθὼς
816 3396 923 3445 εἷπε
948 3396 1179 3465 Μάρκος,
1208 3397 1513 3466 θεασάμενοι
1559 3393 1616 3447 δὲ
1644 3403 1732 3449 καὶ
1784 3401 1899 3450 τού-

291 3503 424 3543 τους
454 3485 612 3545 οὕτως
660 3486 931 3555 ὑπερφυῶς
990 3482 1516 3555 ἀναλαμϐανομένους,
1570 3484 1899 3557 ἐφοϐήθησαν

286 3572 494 3644 μᾶλλον
510 3618 521 3628 ,

365 3666 475 3713 Καὶ
508 3667 643 3733 φωνὴ
676 3692 741 3700 -
772 3666 945 3733 μόνος.
984 3668 1047 3713 Εν
1085 3669 1156 3731 τῷ
1189 3657 1473 3719 δηλωθέντι
1520 3664 1777 3736 κεφαλαίῴ
1806 3674 1897 3719 τοῦ

283 3753 438 3802 κατὰ
466 3753 722 3803 Μετθαῐον
753 3755 837 3802 καὶ
870 3755 988 3823 περὶ
1037 3753 1232 3802 τούτων
1288 3750 1515 3821 ἐξηγήθη
1557 3751 1894 3827 λεπτομερῶς.

282 3838 347 3892 Ἀ
414 3842 502 3911 μὲν
531 3836 617 3891 οὖν
674 3840 787 3907 (57)
816 3846 1043 3910 παρῆκεν
1087 3838 1111 3889 ὁ
1162 3841 1448 3903 Ματθαῖος,
1483 3840 1670 3902 ἐξεῖπεν
1702 3843 1726 3893 6
1766 3855 1897 3895 Aou-

282 3938 398 3990 κάς
428 3946 440 3959 ⁶
475 3928 509 3980 ἃ
540 3925 597 3981 δε
626 3924 955 4003 παρέδραμεν
1006 3929 1031 3979 6
1091 3935 1318 3994 Λουκᾶς,
1381 3930 1657 4002 ἱστόρησεν
1690 3933 1714 3984 6
1755 3934 1894 3986 Ματ-

286 4022 466 4079 θαῖος.

368 4113 475 4161 Καὶ
524 4107 671 4159 αὐτοὶ
703 4138 769 4146 -
814 4106 1122 4178 ἑωράκασιν.
1175 4104 1296 4159 Eius
1345 4108 1446 4178 ’γάρ
1501 4110 1525 4159 ὁ
1574 4111 1839 4171 Ματθαῖος
1874 4126 1887 4141 °

287 4202 376 4250 ὅτι
427 4195 837 4249 καταϐαινόντων
888 4195 1052 4245 αὐτῶν
1121 4194 1220 4247 ἀπὸ
1271 4195 1383 4267 (58)
1444 4204 1535 4248 τού
1592 4202 1762 4270 ὅρους,
1818 4198 1892 4251 ἐν-

288 4286 524 4341 ετείλατο
555 4285 786 4345 αύτοῐςὸ
831 4290 1032 4355 ⁸Ιησοῦς
1088 4286 1244 4356 λέγων
1297 4303 1307 4313 ⁸
1374 4283 1573 4343 Μηδενὶ
1620 4290 1797 4345 εἴπητε
1835 4292 1892 4340 τὸ

287 4377 527 4450 Ὀραμα,
590 4376 682 4434 ἓως
732 4374 789 4425 οὗ
836 4375 859 4424 6
915 4373 1048 4433 ’Υιὸς
1097 4382 1187 4425 τοῦ
1243 4373 1512 4446 ἀνθρώπου
1580 4375 1636 4427 ἐκ
1706 4386 1893 4450 νεκρῶν

290 4466 494 4536 ἀναστῇ
560 4484 571 4495 υ
641 4466 729 4514 καὶ
825 4461 1082 4532 ἀνάγνωθι
1156 4468 1247 4521 τὴν
1349 4466 1540 4515 τούτων
1625 4467 1893 4538 ἑρμηνείαν

294 4554 417 4606 ἐκεῖ.

548 4646 693 4695 ΚΕΦ.
728 4639 835 4692 ΛΑ¹
867 4643 991 4710 Περὶ
1044 4648 1134 4691 τοῦ
1193 4639 1641 4712 σεληνιαζομένου.

368 4731 595 4801 Ἐγενετο
672 4760 738 4769 -
826 4725 1194 4787 ἠδυνήθησαν.
1280 4734 1377 4782 Τὸν
1454 4727 1625 4783 παίὁα
1713 4738 1892 4783 τοῦτον

372 4882 418 4917 ⁶⁴
445 4883 650 4937 Joann.
673 4897 733 4952 x,
757 4880 844 4936 30.
924 4879 972 4915 ⁵⁸
1007 4882 1177 4937 Marc.
1211 4896 1290 4948 1x,
1326 4883 1377 4935 6.

2013 3219 2091 3274 ad
2119 3218 2254 3274 loca
2301 3217 2548 3273 omnino
2596 3216 2751 3271 inter
2780 3231 2843 3271 se
2895 3218 3175 3287 separata
3203 3213 3671 3286 (uu):discipu.li

2010 3323 2175 3373 vero,
2204 3322 2337 3362 cum
2358 3306 2536 3361 etiam
2560 3308 2803 3377 propter
2820 3304 3052 3359 Domini
3078 3302 3670 3361 transformationem

2011 3402 2207 3452 essent
2254 3395 2529 3462 exterriti,
2584 3392 2765 3448 veluti
2817 3392 2965 3448 dixit
3016 3392 3249 3447 Marcus
3278 3393 3326 3427 ⁵⁵
3360 3408 3373 3457 ;
3403 3391 3669 3448 videntes

2010 3487 2209 3551 etiam,
2238 3484 2403 3558 quod
2425 3484 2539 3540 hoc
2562 3482 2743 3539 modo
2767 3481 2883 3553 ipsi
2911 3482 3030 3551 (vv)
3063 3479 3589 3553 supernaturaliter
3605 3481 3665 3538 in

2009 3575 2234 3631 nubem
2264 3575 2685 3645 reciperentur,
2704 3570 2965 3627 maxime
2997 3569 3344 3626 timuerunt.

2080 3664 2243 3719 Vers.
2302 3662 2392 3719 35.
2424 3662 2503 3717 Et
2547 3675 2664 3717 vox
2707 3688 2776 3702 —
2804 3660 2969 3714 Vers.
3026 3659 3116 3715 36.
3166 3659 3345 3714 solus.
3387 3658 3668 3716 Praedicto

2010 3752 2200 3824 capite
2250 3749 2550 3821 Evangelii
2607 3748 2939 3804 secundum
2984 3748 3322 3804 Matthmum
3379 3747 3669 3805 subtiliter

2008 3842 2081 3897 de
2130 3842 2223 3897 his
2273 3840 2643 3911 disputatum
2691 3842 2792 3893 est.
2828 3839 2969 3903 Qure
3012 3851 3155 3907 ergo
3194 3836 3475 3910 praeteriit
3526 3837 3668 3896 Mat-

2009 3931 2224 3996 thaaus,
2257 3945 2328 3986 ea
2367 3929 2558 3985 Lucas
2597 3928 2886 3999 expressit
2920 3943 2933 3993 ;
2964 3942 3101 3999 quea
3129 3941 3271 3982 vero
3294 3925 3669 3997 praetermisit

2012 4022 2216 4083 Lucas,
2248 4034 2321 4074 ea
2347 4016 2586 4088 scripsit
2623 4015 2950 4072 Mattheus.

2078 4107 2356 4164 Vers.36.
2398 4107 2475 4162 Et
2522 4107 2611 4175 ipi
2639 4135 2709 4146 —
2749 4104 3049 4160 viderunt.
3112 4102 3264 4160 Dixit
3319 4103 3477 4159 enim
3523 4104 3667 4159 Mat-

2008 4198 2216 4265 thaeus,
2234 4196 2398 4269 quod
2420 4195 2567 4251 dum
2585 4193 3015 4250 descenderent
3037 4192 3113 4248 de
3137 4196 3357 4262 monte,
3381 4192 3669 4264 pracepit

2004 4288 2087 4343 eis
2111 4288 2284 4342 Jesus
2314 4286 2521 4341 dicens
2546 4301 2560 4339 :
2586 4284 2828 4341 Nemini
2866 4281 3141 4338 dixeritis
3174 4280 3467 4348 visionem,
3493 4280 3667 4338 donec

2006 4376 2183 4432 Filius
2195 4374 2447 4431 hominis
2468 4390 2499 4428 a
2522 4372 2765 4428 mortuis
2786 4376 3070 4442 resurgat
3096 4371 3165 4425 ⁵⁸.
3199 4373 3265 4427 Et
3289 4369 3373 4426 ibi
3402 4369 3533 4441 lege
3552 4368 3667 4427 ho-

2003 4480 2139 4520 rum
2177 4461 2746 4535 interpretationem.

2431 4639 2582 4695 CAP.
2617 4640 2793 4694 XXXI.
2826 4637 2909 4695 De
2940 4636 3201 4694 lunatico

2073 4734 2229 4787 Vers.
2274 4733 2360 4787 37.
2415 4729 2669 4786 Factum
2708 4734 2891 4785 est—
2943 4728 3107 4783 Vers.
3164 4724 3257 4783 40.
3310 4730 3662 4796 potuerunt.

1455 4880 1503 4916 “
1534 4879 1728 4937 Matth.
1762 4897 1899 4948 xvn,
1948 4882 2005 4937 9.

1518 5029 1745 5098 Variae
1782 5029 2113 5099 lectiones
2141 5035 2210 5097 et
2247 5035 2452 5096 notae.

364 5204 477 5277 (57)
518 5199 623 5277 or...
655 5201 850 5277 ahest.
887 5204 955 5277 ρ..

361 5269 473 5350 (58)
517 5275 664 5339 Ἀπὸ,
689 5273 838 5351 _l_oco_
880 5270 956 5351 ἐκ,
986 5270 1162 5351 habet
1192 5270 1373 5327 etiam
1401 5273 1649 5351 uterque
1696 5269 1887 5351 codex

290 5341 661 5406 in'co'ntextu
689 5343 961 5414 Matthaai,
983 5341 1148 5415 quod
1182 5358 1250 5398 eo
1277 5342 1466 5415 magis
1495 5341 1698 5408 miror,
1722 5341 1886 5414 quod

360 5492 452 5561 (tt)
496 5490 637 5546 Cum
690 5503 978 5561 unum—
1034 5500 1252 5540 sumus.
1292 5485 1358 5540 In
1413 5485 1613 5541 Graeco
1652 5488 1885 5540 tantum

293 5558 402 5625 est,
432 5558 630 5618 [vilius
659 5558 813 5613 enim
835 5559 961 5626 ejus
989 5560 1087 5612 est.

360 5634 491 5703 (uu)
543 5632 642 5703 Ad
669 5631 804 5703 ioca
848 5657 904 5667 ——
940 5629 1242 5703 separata.
1307 5628 1376 5683 Ut
1423 5626 1705 5683 nimirum
1746 5626 1891 5684 refe-

292 5696 500 5764 rantur
538 5702 618 5760 ad
650 5700 944 5758 destinata
964 5696 1113 5771 ipsis
1131 5696 1284 5753 loca.

1996 5266 2393 5397 prtpba'ntibus
2411 5268 2589 5324 etiam
2602 5266 2791 5324 codici

1999 5360 2046 5397 s1
2096 5359 2187 5397 us.

1999 5359 2187 5397 SlDIlS.

2068 5198 2365 5279 Chrysost.
2429 5201 2574 5277 tom.
2628 5194 2745 5276 VII,
2941 5196 3060 5260 570,
3121 5193 3333 5279 habet.
3360 5193 3436 5264 ἔκ,
3499 5209 3665 5253 com-

2069 5269 2393 5324 obantibus
2411 5274 2589 5324 etiam
2602 5266 2791 5324 οοάιοι
2839 5283 2911 5324 us
2927 5267 3335 5324 Chrvsostomi
3351 5269 3662 5324 Mosauen-

2927 5266 3335 5341 Chrysostomi
3351 5269 3662 5341 Mosquen—

2071 5484 2185 5555 (vv)
2225 5482 2486 5555 Videntes
2519 5513 2583 5555 -έ-
2624 5480 2757 5555 ipsi,
2792 5485 2903 5555 etc.
2933 5480 3209 5538 Videntes
3239 5486 3464 5555 autem,
3511 5479 3661 5539 istas

2001 5553 2218 5627 (Mosen
2255 5560 2311 5610 et
2366 5554 2576 5627 Eliam)
2625 5553 2805 5609 etiam
2863 5554 2946 5611 ita
2996 5553 3525 5627 supernaturaliter
3569 5567 3665 5610 asp

2002 5624 2277 5700 Sumptos
2310 5625 2507 5697 magis
2536 5624 2881 5684 timuerunt.
