4170 6364
516 315 622 375 951

1851 310 2186 368 EUTHYMII
2221 307 2554 367 ZIGABENI

3793 310 3939 369 959.

597 439 808 497 Filium
831 439 995 496 hunc
1020 438 1352 497 lunaticum
1384 440 1569 497 fuisse
1598 438 1833 511 scripsit
1868 436 2177 494 Matthaaus

2321 435 2690 497 ἐληνιάζεσθαι
2755 440 3023 501 Ματθαῖος
3089 438 3308 512 ἔγραψεν
3366 438 3416 490 ἐν
3466 448 3533 509 βιῷ
3586 449 3937 512 τριακοστῷ

506 531 826 588 -tricesimo
853 530 1061 601 quinto
1090 530 1283 601 capite
1318 547 1331 597 ;
1367 534 1423 585 et
1452 529 1694 585 omnino
1725 528 1799 584 de
1827 527 1919 583 his
1949 526 2030 582 ibi
2061 526 2177 580 dic-

505 617 650 677 'tum
672 623 778 676 est.

596 710 757 766 Vers.
788 709 877 764 41.
923 708 1283 779 Respondeas
1306 740 1376 750 ——
1402 710 1533 765 huc.
1570 711 1631 763 In
1674 707 1773 763 illo
1804 707 2019 763 horum
2054 721 2181 761 om-

514 800 692 856 nium
717 797 1147 854 declarationes
1177 798 1465 853 invenies.

599 888 762 944 Vers.
810 889 903 943 42.
938 888 1081 942 Cum
1112 919 1167 929 —
1191 887 1519 957 dissipavit.
1548 888 1696 941 Haec
1742 885 1916 941 latius
1947 882 2183 955 scripsit

528 978 765 1034 Marcus
790 976 1077 1031 vicesimo
1108 979 1278 1035 sexto
1300 976 1509 1048 capite,
1543 980 1595 1031 et
1637 974 1711 1030 ibi
1742 972 2181 1030 enarrationem

512 1068 729 1123 ‘horuin
750 1070 971 1139 quare.

601 1154 764 1212 Vers.
816 1156 903 1210 42.
958 1156 1303 1224 Increpavit
1327 1185 1395 1196 —
1420 1161 1586 1225 patri
1632 1169 1735 1209 suo
1776 1152 2057 1208 Przedicto
2087 1151 2183 1206 tri-

514 1246 755 1303 cesimo
785 1244 997 1316 quinto
1044 1244 1236 1316 capite
1288 1243 1587 1313 Evangelii
1619 1244 1791 1315 juxta
1840 1242 2183 1297 Matthaaum

514 1336 606 1392 -de
642 1334 738 1392 his
766 1334 987 1390 dictum
1019 1340 1126 1390 est.

604 1425 767 1481 Vers.
823 1428 911 1480 43.
978 1423 1311 1494 Stupebant
1349 1454 1417 1464 —
1452 1422 1577 1479 Dei.
1638 1421 1935 1477 Putabant
2002 1419 2181 1484 enim,

522 1528 654 1573 non
690 1513 955 1586 propria,
989 1513 1094 1568 sed
1119 1512 1219 1568 Dei
1255 1513 1470 1568 virtute
1496 1512 1623 1567 haec
1655 1526 1794 1566 eum
1819 1508 2055 1582 operari
2083 1509 2188 1563 mi-

530 1603 754 1661 racula.

600 1691 769 1749 ’Vers.
799 1692 889 1747 43.
920 1691 1192 1748 Omnibus
1222 1721 1290 1732 —
1313 1690 1476 1745 Vers.
1510 1690 1598 1745 44.
1645 1689 1802 1745 istos.
1845 1688 2002 1743 Ouos
2042 1687 2188 1742 dixti

2287 529 2504 597 πέμπτῳ
2529 525 2806 598 κεφαλαίῳ,
2865 532 2952 579 καὶ
3013 530 3214 602 εἴρηται
3269 533 3387 602 περὶ
3442 531 3637 580 τούτων
3682 532 3935 581 πάντων

2288 612 2409 668 ἐκεῖ.

2358 704 2788 776 Ἀποκριθεὶς-
2818 702 2940 760 ὧδε.
2984 706 3070 762 Ἑν
3101 706 3275 777 ἐκείνῳ
3330 709 3423 769 τὰς
3476 706 3650 768 λύσεις
3694 710 3931 759 τούτων

2292 792 2417 844 ὅλων
2444 794 2701 867 εὑρήσεις.

2362 881 2475 935 "En
2514 914 2584 923 —
2637 885 3005 956 συνεσπάροξε,
3063 892 3237 937 Ταῦτα
3281 885 3594 960 πλατύτερον
3626 888 3651 937 ό
3682 888 3930 956 Μάρκος

2294 972 2569 1045 ἱστόρησεν
2605 971 2653 1024 ἐν
2679 982 2749 1043 τῳ
2791 973 3007 1043 εἰκοστῷ
3037 975 3163 1045 ἕκτῳ
3192 975 3471 1046 κεφαλαίῳ,
3526 980 3610 1027 καὶ
3664 976 3927 1035 ζήτησον

2292 1058 2339 1111 ἓν
2380 1060 2553 1132 ἐκείνῳ
2583 1066 2676 1119 τὴν
2717 1065 2906 1114 τούτων
2932 1062 3204 1133 ἐξήγησιν.

2366 1148 2677 1222 Ἐπετίμησε
2704 1182 2762 1191 -
2780 1156 2935 1224 πατρὶ
2970 1153 3150 1209 αὐτοῦ,
3184 1152 3269 1207 Ἐν
3291 1162 3362 1224 τῷ
3381 1154 3719 1228 προρῥηθέντι
3745 1173 3929 1225 τρια-

2293 1247 2465 1309 κοστῷ
2492 1243 2707 1311 πέμπτῳ
2766 1240 3022 1312 κεφαλαίῳ
3076 1249 3164 1293 τοῦ
3217 1246 3353 1294 κατὰ
3400 1245 3667 1295 Ματθαῐον
3700 1242 3921 1317 ἐρῥήθη

2293 1334 2411 1400 περὶ
2436 1332 2649 1380 τούτων.

2366 1416 2775 1478 Ἐξεπλήσσοντο
2820 1451 2885 1459 —
2933 1427 3023 1471 τοῦ
3080 1425 3225 1475 Θεοῦ.
3282 1419 3467 1492 ’ᾯοντο
3522 1424 3646 1493 γὰρ,
3702 1421 3807 1472 οὐκ
3864 1420 3926 1483 ἐξ

2302 1503 2442 1566 ἰδίας
2474 1502 2761 1579 δυνάμεως,
2793 1507 2900 1559 ἀλλ’
2942 1507 2995 1560 ὧι
3044 1514 3170 1562 Θεοῦ
3196 1517 3361 1562 ταῦτα
3389 1518 3747 1584 τερατουργεῐν
3806 1511 3919 1561 αὗ-

2298 1615 2408 1647 τον-

2374 1686 2583 1736 ῐΙάντων
2659 1716 2727 1725 -—
2805 1689 3039 1749 τούτους.
3120 1686 3221 1747 Οὓς
3280 1686 3412 1740 εἶπεν
3463 1686 3510 1739 ἐν
3559 1696 3630 1757 τῷ
3680 1690 3919 1758 εἰκοστῲ

516 1782 818 1838 ﬁcesimo
871 1796 1034 1837 nono
1076 1781 1271 1853 capite
1298 1779 1595 1852 praesentis
1624 1777 1933 1848 Evangelii
1966 1777 2040 1832 de
2082 1792 2191 1832 sua

2321 1776 2460 1844 νάτῳ
2499 1774 2755 1846 κεφαλαίῳ
2805 1784 2895 1827 τοι)
2954 1782 3206 1849 παρόντος
3260 1777 3604 1848 Εὑαγγελίοιι,
3680 1784 3800 1851 περὶ
3862 1798 3921 1831 τε

534 1871 814 1945 passione
890 1874 949 1925 et
1012 1870 1312 1925 occisione
1360 1884 1430 1923 ac
1496 1869 1924 1924 resurrectione
1978 1882 1990 1920 :
2056 1866 2191 1921 ideo

536 1960 736 2026 etiam,
785 1970 923 2014 cum
972 1958 1083 2013 hos
1133 1957 1311 2029 quasi
1343 1955 1677 2026 signiﬁcare
1711 1957 2047 2027 incepisset,
2082 1970 2191 2009 cae-

516 2054 664 2105 A-tera
699 2046 955 2119 reliquit,
996 2051 1286 2118 tanquam
1308 2046 1433 2117 jam
1456 2043 1754 2100 intellecta

615 2226 787 2283 Vers.
850 2228 938 2281 44.
996 2224 1188 2281 Filius
1239 2225 1385 2279 enim
1417 2224 1674 2278 —Vers.
1732 2223 1819 2279 45.
1882 2222 2009 2278 hoc.
2065 2222 2197 2277 Ver-

544 2316 709 2379 bum,
744 2327 867 2371 non
900 2314 1065 2387 quod
1090 2318 1217 2370 erat
1246 2314 1320 2369 de
1341 2313 1618 2384 passione
1657 2316 1716 2367 et
1740 2311 2067 2380 occisione,
2092 2310 2197 2365 sed

544 2405 621 2462 de
654 2404 1105 2461 resurrectione.
1170 2403 1396 2459 Dictum
1449 2407 1543 2457 est
1589 2406 1789 2457 autem
1847 2401 1922 2455 de
1977 2402 2092 2455 hoc
2136 2400 2197 2455 in

543 2496 666 2552 ﬁne
706 2493 1094 2550 enarrationis
1127 2492 1404 2548 tricesimi
1429 2492 1617 2565 quinti
1655 2491 1866 2563 capitis
1899 2490 2199 2557 Evangelii

532 2582 881 2641 secundum
925 2582 1264 2640 Matthaeum
1293 2600 1306 2638 :
1338 2584 1469 2651 lege
1498 2596 1663 2652 ergo,
1719 2596 1855 2653 quae
1912 2579 1992 2635 ibi
2046 2579 2202 2635 dicta

548 2676 687 2729 sunt
700 2717 712 2729 .

552 2762 703 2820 CAP.
738 2760 946 2816 XXXII.
977 2761 1061 2815 De
1094 2759 1542 2829 disputantibus
1574 2758 1705 2831 quis
1728 2765 1866 2814 esset
1892 2759 2094 2827 major.

623 2852 787 2904 Vers.
840 2851 929 2903 ιδ.
984 2844 1241 2903 Intravit
1270 2880 1337 2889 —
1372 2849 1533 2904 Vers.
1582 2847 1671 2902 47.
1721 2849 1899 2919 juxta
1941 2862 2016 2902 se.
2066 2847 2204 2902 Mat-

553 2939 747 2996 thaaus
778 2952 918 2992 vero
960 2936 1256 2992 tricesimo
1295 2937 1551 3008 septimo
1582 2937 1772 3008 capite
1798 2938 1879 2990 ait
1927 2937 1995 3000 ⁵⁷,
2041 2935 2205 3008 quod

554 3025 909 3084 accedentes
958 3023 1231 3096 discipuli
1275 3024 1350 3079 de
1380 3024 1491 3080 hoc
1522 3025 2036 3092 interrogaverunt
2071 3040 2206 3079 eum

2301 1870 2395 1915 τοῦ
2456 1864 2680 1927 Πάθους,
2741 1870 2951 1926 καὶτῆς
3009 1868 3332 1938 ἀναιρέσεως,
3387 1872 3476 1918 καὶ
3527 1876 3625 1927 τῆς
3674 1866 3916 1919 ἀναστα-

2306 1971 2434 2012 σεως
2499 1952 2677 2006 αὐτοῦ.
2738 1957 2823 2005 Διό
2880 1958 2966 2005 καὶ
3015 1953 3348 2026 ἐναρξάμενος
3396 1956 3584 2021 αὐτῶν,
3643 1959 3775 2008 ὥστε
3810 1955 3916 2014 δη-

2302 2040 2489 2107 λῶσαι,
2534 2046 2646 2113 περὶ
2680 2042 2745 2092 ὧν
2784 2041 2938 2113 λέγει,
2970 2047 3037 2095 τὰ
3097 2043 3251 2096 λοιπὰ
3297 2044 3675 2110 καταλέλοιπεν,
3701 2048 3767 2105 ως
3796 2042 3912 2103 ἤδη

2304 2132 2570 2202 νοούμενα.

2375 2218 2434 2271 Ὀ
2487 2221 2587 2292 γὰρ
2632 2221 2754 2281 Υἱὸς
2830 2251 2896 2261 -
2959 2224 3162 2276 τούτου.
3218 2226 3288 2275 Τὸ
3347 2224 3512 2297 ῥῆμα,
3560 2223 3618 2274 0-3
3678 2228 3735 2275 τό
3791 2232 3913 2299 περὶ

2307 2328 2398 2360 του
2448 2310 2650 2369 Ιιοίθους
2698 2314 2784 2361 καὶ
2828 2318 2922 2370 τῆς
2972 2309 3292 2385 ἀναιρέσεως,
3356 2310 3481 2363 ἀλλά
3532 2316 3589 2363 τό
3646 2320 3764 2387 περὶ
3816 2323 3915 2377 τῆς

2309 2396 2659 2457 ἀναστάσεως.
2718 2402 2936 2473 Εἴρηται
3015 2397 3073 2452 δὲ
3124 2405 3240 2472 περὶ
3310 2404 3496 2453 τούτου
3561 2401 3607 2452 ἐν
3660 2413 3728 2473 τῷ
3783 2404 3915 2455 nisi.

2310 2495 2406 2548 τῆς
2485 2485 2780 2558 ἰξηγήσεως
2858 2496 2948 2540 τοῦ
3023 2498 3337 2560 τριακοστοῡ

2314 2577 2461 2627 λαίου
2520 2584 2611 2628 τοῦ
2668 2581 2801 2629 κατὰ
2854 2579 3140 2645 Ματθαῖον,

2311 2666 2552 2739 ῥηθέντα.

3432 2494 3670 2562 πέμπτου
3760 2512 3913 2564 κεφαο

3226 2584 3315 2631 καὶ
3383 2578 3639 2650 ἀνάγνωθι
3691 2584 3753 2632 τὰ
3808 2582 3916 2633 ἐκεῖ

2422 2762 2567 2809 ΚΕΦ.
2596 2754 2712 2810 ΛΒ’.
2748 2760 2865 2829 Περὶ
2898 2765 2996 2807 τῶν
3021 2753 3458 2829 διαλογιζομένων
3489 2764 3563 2818 τίς
3586 2763 3783 2829 μείζων.

2387 2844 2613 2902 Εἰσῆλθε
2656 2876 2725 2885 —
2776 2846 2897 2918 παρ’
2954 2845 3127 2916 ἐαντῷ.
3182 2846 3240 2898 Ὀ
3294 2844 3351 2898 δὲ
3406 2850 3662 2909 Ματθαὶος
3716 2846 3759 2897 ἐν
3819 2857 3891 2916 τῷ

2316 2942 2610 3005 τριακοστῷ
2670 2931 2873 3005 ἑϐδόμῳ
2931 2934 3188 3007 κεφαλαίῳ
3253 2939 3553 3007 φησίν’ὃτι
3600 2936 3901 3009 προσελθόν-

2317 3041 2399 3083 τες
2441 3024 3065 3095 οἱμαθηταὶήμὼτησαν
3114 3025 3267 3077 αὐτὸν
3334 3031 3449 3099 περὶ
3503 3030 3709 3078 τούτου.
3765 3027 3911 3089 Εἰκὸς

554 3113 885 3171 Verisimile
908 3128 1051 3184 ergo
1084 3119 1189 3179 est,
1212 3113 1377 3178 quod
1406 3113 1501 3168 ubi
1516 3114 1939 3183 cogitationem
1970 3112 2204 3168 illorum

2321 3111 2400 3177 δὲ,
2439 3118 2646 3184 γνόντος
2697 3112 2856 3165 αὐτοῦ
2903 3118 2989 3165 τὸν
3044 3110 3387 3187 διαλογισμὸν
3448 3116 3635 3181 αὐτῶν,
3694 3122 3783 3168 καὶ
3829 3116 3891 3168 ἐπ

554 3202 1506 3276 cognovisset:etinterrogasset:
1536 3201 1689 3267 Quid
1709 3206 1770 3256 in
1788 3202 1885 3258 via
1914 3200 2210 3257 tractaba-

560 3295 634 3350 tis
659 3294 688 3350 ?
716 3292 868 3348 sicut
896 3291 1046 3347 dixit
1070 3293 1295 3348 Marcus
1327 3292 1392 3357 ⁸⁸,
1431 3291 1810 3362 postmodum
1851 3291 2031 3345 etiam
2078 3290 2206 3361 ipsi,

556 3398 697 3440 cum
735 3382 863 3453 jam
886 3381 1123 3451 cognita
1150 3386 1304 3437 esset
1341 3380 1621 3449 cogitatio
1654 3396 1784 3445 sua,
1819 3380 2212 3449 interrogave-

557 3476 699 3529 runt
745 3472 821 3527 de
845 3471 959 3527 hoc
993 3470 1244 3525 :deinde
1283 3471 1453 3526 Iesus
1504 3469 1895 3541 apprehendit
1936 3484 2208 3539 puerum,

559 3561 663 3634 qui
706 3560 789 3615 ibi
828 3574 1092 3631 praesens
1119 3564 1262 3625 erat,
1304 3564 1361 3615 et
1389 3559 1594 3615 statuit
1624 3558 1791 3614 illum
1821 3558 1989 3628 juxta
2020 3573 2099 3620 se.
2132 3558 2216 3612 di-

536 3649 761 3721 xitque
808 3652 1039 3713 caetera,
1085 3664 1221 3720 quae
1273 3653 1619 3720 sequuntur.
1665 3651 1865 3719 Itaque
1913 3646 2215 3702 Matthaeus

560 3736 811 3809 scripsit,
853 3737 1020 3809 quod
1056 3737 1570 3807 interrogaverunt
1616 3736 1892 3807 discipuli
1926 3752 1938 3801 ;
1983 3735 2214 3791 Marcus

560 3836 699 3883 vero
747 3832 805 3883 et
834 3828 1021 3882 Lucas
1060 3826 1173 3882 hoc
1211 3826 1411 3882 relicto
1465 3826 1841 3896 scripserunt,
1900 3825 2069 3897 quod
2121 3839 2217 3879 co-

562 3916 767 3988 gnovit
795 3916 1212 3987 cogitationem
1243 3931 1446 3971 eorum
1477 3932 1489 3969 :
1522 3921 1579 3970 et
1608 3915 1702 3970 ille
1740 3915 1988 3987 quidem
2026 3919 2218 3985 poste-

560 4008 721 4063 riora
744 4006 909 4069 dixit,
942 4004 1037 4060 hic
1072 4010 1271 4059 autem
1298 4004 1518 4076 priora.
1562 4005 1712 4075 Lege
1744 4019 1886 4073 ergo
1934 4003 2092 4058 dicto
2123 4018 2218 4057 ca-

546 4093 685 4166 pite
742 4092 1040 4162 Evangelii
1091 4092 1263 4161 juxta
1332 4092 1671 4148 Matthaaum
1737 4090 2219 4164 explanationem

562 4186 775 4247 totam,
798 4196 933 4252 quae
955 4179 1287 4235 admodum
1321 4180 1474 4235 utilis
1504 4186 1611 4236 est.

638 4267 801 4325 Vers.
854 4270 942 4324 48.
976 4270 1050 4324 Et
1090 4268 1401 4327 ait—me.
1434 4270 1562 4325 Alia
1612 4285 1845 4342 quoque
1900 4276 2036 4325 ante
2092 4269 2222 4325 haec

544 4357 736 4425 dixit,
791 4372 929 4429 quae
969 4356 1275 4412 Matthmus
1319 4358 1689 4429 conscripsit.
1722 4374 1827 4430 per
1868 4374 2005 4431 qua:
2044 4359 2223 4415 etiam

2321 3208 2669 3274 ερωτήσαντος
2716 3203 2922 3266 αὐτοὺς,
2970 3208 3019 3254 τί
3058 3202 3104 3253 ἐν
3144 3212 3207 3276 τῇ
3262 3205 3363 3273 όκῷ
3414 3208 3542 3277 πρὸς
3594 3205 3807 3265 ἑαυτοὺς
3837 3203 3914 3257 δι.

2321 3292 2635 3361 ελογίζοντο,
2687 3295 2754 3351 ὡς
2787 3288 2919 3343 εἶπεν
2988 3294 3011 3343 ὁ
3068 3296 3296 3364 Μάρκος,
3346 3294 3522 3345 λοιπὸν
3583 3299 3673 3345 καὶ
3734 3295 3919 3357 αὐτοὺς

2323 3384 2391 3441 ὡς
2420 3376 2526 3438 ἤδη
2558 3382 2877 3450 γνωσθέντος
2924 3389 3014 3431 τοῦ
3062 3378 3430 3453 διαλογισμοῦ,
3490 3381 3751 3456 ἐρωτῆσαι
3806 3394 3919 3457 περι

2326 3470 2503 3534 αὐτοῦ,
2556 3464 2667 3520 εἶτα
2714 3473 2800 3520 τὸν
2854 3470 3061 3525 Ἰησοῦν
3119 3468 3462 3527 ἐπιήαϐέσθαι
3514 3468 3734 3523 παιδίου
3790 3493 3918 3545 παιο-

2327 3562 2511 3621 ιόντος,
2575 3562 2665 3609 καὶ
2741 3567 2936 3617 στῆσαι
2990 3559 3113 3610 αύτό
3171 3564 3290 3633 παρ’
3355 3559 3537 3631 ἑαυτῷ,
3598 3566 3683 3613 καὶ
3765 3562 3919 3613 εἰπεῖν

2326 3651 2390 3699 τὰ
2418 3646 2546 3709 ἑξῆς.
2597 3652 2791 3699 Λοιπὸν
2845 3643 2931 3698 οὖν
2986 3648 3137 3719 ὁμὲν
3194 3650 3483 3711 ἈΙατθαίος,
3543 3650 3764 3723 ἔγραψεν
3807 3654 3921 3702 ’ὅτι

2329 3738 2601 3811 ὴρωτησαν
2646 3739 2693 3787 οἱ
2739 3738 2974 3807 μαθηταί
3000 3751 3014 3766 ⁸
3048 3739 3262 3809 Μάρκος
3299 3734 3357 3790 δὲ
3399 3743 3487 3789 καὶ
3516 3745 3738 3803 Λουκᾶς,
3772 3749 3922 3792 τοῦτο

2327 3825 2713 3897 παραλιπόντες,
2815 3827 3119 3898 ἱστόρησαν,
3231 3827 3309 3877 ὅτι
3389 3828 3515 3896 ἔγνω
3589 3830 3676 3878 τόν
3753 3825 3922 3880 διαλο-

2326 3918 2517 3986 γισμὸν
2567 3914 2753 3965 αὐτῶν.
2809 3919 2908 3965 Καὶ
2956 3916 2981 3964 ὁ
3038 3917 3126 3986 μὲν
3171 3917 3235 3965 τὰ
3275 3915 3489 3988 ῦστερον
3543 3912 3698 3982 εἶπεν,
3766 3920 3813 3968 οὶ
3866 3914 3922 3970 δὲ

2328 4007 2393 4056 τὰ
2423 4008 2688 4076 πρότερον.
2747 4004 3031 4073 Ἀνάγνωθι
3086 4000 3144 4055 δὲ
3202 4002 3249 4054 ἐν
3302 4011 3371 4072 τῷ
3415 4004 3623 4077 ῥηθέντι
3672 4006 3920 4077 κεφαλαίῳ

2330 4100 2420 4145 τοῦ
2450 4095 2581 4144 κατὰ
2610 4094 2866 4147 Ματθαῖον
2893 4096 2985 4149 τήν
3017 4092 3137 4149 ὃλην
3186 4091 3457 4163 ἐξήγησιν,
3511 4091 3921 4166 ἀναγκαιοτάτην

2331 4179 2395 4233 αὖ
2403 4201 2516 4236 σαν.

2407 4274 2506 4323 Καὶ
2554 4268 2689 4321 εἶπεν
2737 4300 2805 4310 —
2853 4289 2934 4341 με.
2992 4272 3094 4324 Καὶ
3153 4269 3281 4321 ἄλλα
3330 4274 3429 4342 πρὸ
3481 4273 3677 4323 τούτων
3710 4276 3921 4343 εἴρηκεν,

2333 4360 2461 4431 ἅπερ
2534 4357 2814 4432 ἀνέγραψεν
2859 4360 2883 4408 ό
2935 4359 3220 4422 Ματθαῖος,
3276 4358 3362 4431 ἀφ’
3428 4360 3494 4410 ὧν
3564 4361 3786 4434 εὐχερῶς
3838 4366 3923 4412 καὶ

565 4449 692 4506 haec
739 4446 911 4503 facile
966 4453 1456 4516 cognoscuntur;
1497 4462 1696 4521 qurere
1743 4463 1884 4519 ergo
1921 4447 2040 4505 illa.
2097 4451 2206 4503 Per

2334 4455 2499 4501 ταῦτα
2587 4444 3039 4517 διαγινώσκονται,
3130 4453 3219 4499 καὶ
3279 4448 3504 4507 ζήτησον
3598 4449 3745 4501 αὑτά.
3832 4452 3921 4499 ,ιιά

567 4553 823 4612 puerum
865 4552 1009 4594 vero
1056 4535 1454 4593 humilitatem
1503 4543 1560 4594 et
1604 4538 2004 4610 abjectionem
2046 4537 2228 4609 signi-

565 4627 761 4684 ﬁcavL

568 4723 574 4731 ‘
641 4716 804 4772 Vers.
844 4715 934 4771 48.
987 4714 1143 4771 Nam
1170 4744 1239 4755 —
1268 4728 1535 4786 magnus.
1578 4716 1674 4771 Hic
1712 4715 1850 4771 ﬁnis
1909 4722 1999 4771 est
2031 4716 2229 4771 inten-

568 4806 747 4863 tionis
796 4808 1040 4877 propter
1092 4819 1269 4876 quam
1332 4820 1579 4876 puerum
1631 4805 1803 4875 juxta
1866 4821 1929 4859 se
2005 4805 2224 4860 statuit.

570 4894 876 4953 Minimum
907 4896 1131 4958 autem,
1178 4891 1321 4947 dixit
1364 4892 1790 4949 humillimum.
1826 4893 2051 4950 Similia
2080 4900 2229 4965 quo:

570 4999 690 5057 que
742 4982 888 5038 dixit
924 4981 1388 5054 quadragesimo
1446 4983 1613 5037 tertio
1656 4982 1956 5054 Evangelii
2010 4998 2229 5039 seeun-

572 5074 721 5131 dum
761 5072 1103 5129 Matthmum
1160 5070 1354 5144 capite
1396 5088 1409 5127 :
1444 5078 1503 5128 et
1553 5072 1725 5143 juxta
1764 5062 2049 5128 medium
2098 5074 2227 5143 ejus

548 5162 806 5234 -eapitis.
834 5182 837 5185 λ
1638 5216 1649 5225 .

554 5290 565 5297 ν
646 5251 816 5309 Vers.
870 5249 1337 5320 49.8espondens
1402 5279 1471 5290 ——
1521 5250 1683 5305 Vers.
1749 5250 1838 5305 50.
1913 5257 2018 5307 est.
2095 5250 2231 5305 Haec

576 5340 757 5399 etiam
787 5340 1021 5413 scripsit
1063 5342 1292 5396 Marcus
1325 5338 1607 5395 vicesimo
1638 5340 1893 5411 septimo
1936 5340 2148 5411 capite,
2178 5345 2233 5395 et

573 5430 657 5489 ibi
684 5431 906 5491 horum
933 5429 1063 5502 lege
1092 5429 1599 5501 explanationem.

552 5572 565 5584 '
656 5612 702 5647 ⁵⁷
734 5608 930 5669 Matth.
957 5624 1116 5675 xvm,
1149 5609 1199 5663 1.
1279 5607 1527 5666 "Marc.
1561 5623 1641 5674 rx,
1665 5608 1752 5664 33.

2335 4545 2426 4589 τοῦ
2448 4532 2665 4588 παιδίου
2699 4532 2757 4589 δὲ
2789 4540 2880 4593 τὴν
2910 4541 3217 4588 ταπείνωσιν
3244 4542 3332 4589 καὶ
3382 4537 3628 4589 εὐτέλειαν
3667 4532 3911 4591 ὑπεδήλωι

2338 4645 2441 4679 σεν.

2404 4712 2462 4765 Ὀ
2504 4716 2604 4787 γὰρ
2650 4746 2718 4753 --
2753 4718 2933 4785 μέγας.
2992 4721 3154 4765 Τοῦτο
3212 4718 3366 4787 πέρας
3405 4735 3494 4767 του
3527 4718 3735 4776 σκοποῦ,
3766 4707 3833 4762 δι’
3865 4712 3917 4763 ὃν

2336 4806 2525 4859 ἔστησε
2551 4802 2606 4854 τό
2636 4799 2850 4855 παιδίον
2878 4802 2998 4876 παρ’
3024 4802 3187 4874 ἐαυτῷ
3222 4822 3232 4831 ·
3268 4811 3563 4876 μικρόιερον
3593 4799 3650 4854 δὲ
3674 4801 3922 4872 λέγει,τὸν

2318 4896 2710 4963 ταπεινότερον.
2747 4888 2869 4943 Εἶπε
2902 4888 2959 4943 δὲ
2981 4899 3199 4943 τοιαῦτα
3228 4892 3388 4944 καὶέν
3420 4902 3490 4961 τῷ
3531 4899 3925 4962 τεσσαρακοστῷ

2336 4984 2495 5050 τρίτῳ
2516 4979 2772 5051 κεφαλαίῳ
2821 4988 2909 5031 τοῦ
2939 4983 3073 5032 κατά
3125 4981 3413 5045 Ματθαίον,
3444 4985 3533 5032 καὶ
3561 4981 3791 5040 ζήτησον
3822 4985 3927 5051 περὶ

2337 5071 2392 5121 τὸ
2419 5072 2575 5141 μέσον
2606 5076 2696 5121 τοῦ
2726 5071 2961 5122 τοιούτου
2992 5068 3291 5141 κεφαλαίου.

2413 5247 2747 5319 Ἀπσκριθεὶς
2770 5278 2837 5287 —-—
2859 5245 2990 5302 ἔστί.
3020 5253 3199 5299 Ταῦτα
3225 5251 3315 5298 καὶ
3356 5248 3381 5298 ὁ
3408 5246 3624 5320 Μάρκος
3650 5245 3863 5320 ἕφραψεν
3885 5244 3931 5296 έν

2342 5347 2413 5410 τῷ
2444 5338 2661 5406 εἰκοστῷ
2684 5332 2889 5408 ἑϐδόμῳ
2927 5336 3205 5408 κεφαλαίῳ,
3240 5342 3328 5389 καὶ
3380 5335 3637 5407 ἀνάγνωθι
3698 5335 3801 5388 εκεῖ
3845 5338 3930 5391 τήν

2342 5431 2537 5480 τούτων
2568 5432 2850 5498 σαφήνειαν
2865 5469 2876 5481 .
