4170 6364
259 375 386 435 953

353 504 366 523 '
379 508 590 575 Εγένετο
647 536 714 544 -
778 502 1139 575 Ἰιρουσαλήμο

273 592 427 663 iam;
486 594 643 644 αὑτοῦ
699 592 834 663 λέγει
886 596 971 644 τόν
1031 596 1211 666 καιρόν
1266 596 1354 643 τόν
1413 590 1757 665 ἀφορισθέντα
1804 597 1888 662 μέ-

264 702 385 755 χρι
417 692 508 742 τῆς
534 681 833 752 ἀναλήψεως
887 682 1067 746 αὐτοῦ,
1102 689 1195 742 τῆς
1237 680 1336 733 ἀπό
1385 689 1483 751 γῆς
1536 681 1605 741 εἰς
1653 681 1885 754 οὐρανόν.

264 769 516 843 Ἠγγιζε
559 774 661 844 γὰρ
700 768 808 829 ἤδη
850 776 939 823 καὶ
996 774 1025 829 ἠ
1076 770 1337 845 ἀναίρεσις
1363 770 1539 837 αὐτοῦ,
1580 775 1669 821 καὶ
1698 771 1727 826 ἡ
1773 766 1891 818 ἀνα-

267 879 502 922 στασις,
532 864 622 912 καὶ
671 863 702 919 ἠ
751 858 1033 931 ἀνάληψις,
1083 859 1350 934 Ἐστὴριξε
1390 858 1448 912 δὲ
1508 864 1565 910 τό
1613 863 1889 932 πρόσωπον

266 948 475 1015 αὐτοῦ,
539 948 652 1001 ἀντὶ
713 956 823 1013 τοῦ,
894 948 1203 1013 ἀπηύθυνεν,
1263 952 1396 1001 ὥστε
1455 949 1765 1022 πορεύεσθαι
1821 946 1892 1007 εἰς

266 1038 637 1111 Ἰερουσαλὴμ
669 1037 1076 1111 ἀμεταστρεπτὶ,
1108 1042 1429 1110 ἐπειγόμενος
1454 1042 1663 1111 πρόςτὸ
1696 1038 1887 1096 Παθος.

269 1129 591 1198 Γέγραπται
627 1129 727 1200 γὰρ
769 1125 816 1177 ἐν
858 1134 919 1198 τῇ
956 1125 1123 1198 βίϐλῳ
1148 1135 1246 1179 τῶν
1295 1127 1535 1199 Ψαλμῶν·
1571 1126 1891 1197 Ἐπιστηριώ

270 1213 370 1266 ἐπὶ
411 1219 469 1267 σε
490 1220 611 1277 τοὺς
637 1216 931 1288 ὀφθαλμούς
960 1236 1059 1287 μου
1088 1215 1564 1289 εἶτουν,ἀπερείσω,
1599 1214 1888 1283 ἀπευθυνῶ,

268 1301 513 1366 ἀκλινῶς
539 1304 735 1377 βλέψω.

358 1398 468 1446 Καὶ
500 1423 565 1434 —
598 1394 773 1448 αὐτοῦ.
808 1396 1070 1456 Μηνυτοὶς.

358 1576 468 1623 Καὶ
528 1573 860 1643 πορευθέντες
924 1602 992 1612 —-
1046 1579 1388 1645 Σαμαρειτῶν.
1447 1576 1590 1625 Κατά
1660 1570 1890 1646 παροδον

270 1659 451 1711 αὐτοῦ
478 1664 733 1732 κειμένην.

350 1747 523 1800 Ὠστι
561 1748 837 1819 ἑτοιμάσαι
882 1749 1043 1819 αύτῷ.
1096 1746 1416 1822 ’Υποδοχὴν,
1465 1747 1726 1817 δηλονότι,
1767 1754 1889 1824 πρὸς

272 1842 603 1908 καταγωγὴν
636 1838 795 1890 αὐτου
826 1857 880 1890 τε
908 1844 997 1891 καὶ
1021 1846 1121 1890 τῶν
1154 1843 1247 1891 σύν
1274 1840 1432 1909 αύτῷ.

356 2019 465 2067 Καὶ
507 2016 600 2066 ούκ
634 2042 694 2057 --
719 2015 1085 2089 Ἱερουσαλήμ.
1132 2020 1200 2070 Τό
1240 2022 1519 2090 πρόσωπον
1562 2018 1740 2081 αὐτοῦ,
1773 2018 1863 2069 ἀντ

273 2112 403 2171 τοῦ,
440 2104 616 2170 αὐτὸς,
643 2104 743 2157 ἀπὸ
774 2110 981 2178 μέρους,
1023 2109 1081 2156 τό
1114 2105 1244 2160 ὅλον.
1277 2108 1385 2158 Οὐκ
1415 2104 1673 2172 ἐδέξαντο,
1708 2114 1886 2179 φησιν,

278 2193 471 2258 αὐτὸν,
508 2190 649 2245 διότι
678 2191 737 2251 ἦν
787 2200 1123 2269 πορευόμενος
1160 2196 1231 2256 εἰς
1275 2196 1627 2268 Ἰερουσαλὴμ,
1658 2196 1735 2249 ἐπὶ
1769 2201 1889 2258 τοὺς

280 2282 517 2357 ἐχθροὺς
550 2283 733 2339 αὐτῶν,
764 2284 1151 2360 Ἐναντίωςγάρ
1180 2288 1227 2337 οἱ
1262 2293 1572 2358 Σαμαρεῖται
1614 2292 1736 2360 πρὸς
1776 2291 1890 2348 τοὺς

281 2372 698 2447 Ιεροσολυμίτας
734 2370 999 2426 διέκειντο.

361 2458 584 2522 ’ἰδόντες
630 2458 688 2514 δί
748 2492 811 2501 -
858 2463 1029 2524 αὐτοῖς
1074 2467 1206 2533 (59).
1239 2464 1627 2537 Ὑπολαμϐάνω,
1675 2470 1887 2528 τούτους

279 2549 423 2602 εἶναι
465 2554 582 2611 τοὺς
647 2550 1050 2613 ἀποσταλέντας.
1103 2553 1459 2625 Ὠργίσθησαν
1509 2559 1597 2625 μὲν
1659 2552 1766 2617 οὖν,
1825 2559 1888 2616 ὡς

280 2639 664 2711 ἀτιμασθέντος
704 2649 796 2692 τοῦ
846 2638 1194 2693 διδασκάλου·
1233 2643 1512 2714 ἠρώτησαν
1564 2642 1639 2705 δὲ,
1681 2645 1723 2696 εἰ
1775 2650 1884 2716 χρὴ

278 2733 411 2790 τοὺς
460 2728 821 2800 ἀτιμάσαντας
872 2728 1191 2800 ἀμύνασθαι,
1234 2735 1299 2781 ὼν
1356 2736 1664 2804 μιμούμενοι
1712 2734 1887 2787 Ἠλίαν

279 2819 378 2867 τὸν
436 2816 1037 2888 ξη).ωτὴν.Ἐπετίμησε
1081 2815 1139 2870 δὲ
1205 2820 1374 2880 αὐτοῖς
1435 2824 1459 2871 ό
1520 2827 1764 2894 Χριστός,
1824 2826 1888 2884 ὡς

285 2903 612 2967 ἀνεξίκακος,
681 2902 947 2957 παιδεύων
1023 2906 1231 2975 αύτούς,
1298 2911 1649 2981 μακροθύμως
1726 2916 1887 2984 φέρειν

284 2995 382 3051 τὰς
433 2992 641 3065 ἀτιμίας
693 3002 791 3046 τῶν
841 2993 1201 3049 ἀπειθούντων.
1276 2997 1550 3068 Ἐγίνωσκε
1612 3004 1699 3071 μὲν
1764 3004 1885 3073 γὰρ,

288 3080 373 3131 ὅτι
412 3080 469 3132 ού
514 3079 895 3155 παραδέξωνται
939 3084 1092 3135 αὐτόν
1141 3086 1251 3157 (60)
1305 3089 1353 3138 οὶ
1396 3086 1727 3159 Σαμαρεῖται*
1765 3088 1889 3142 ἀιπέ-

1367 376 1737 432 COMMENT.
1788 373 1859 429 IN
1898 372 2160 429 LUCAM.
2203 404 2269 415 —
2310 372 2464 431 CAP.
2510 371 2607 429 IX.

1227 501 1449 574 Ἡμέρας
1529 511 1619 562 τῆς
1694 499 1850 556 αναλή
1862 531 1887 541 -

2074 500 2230 554 Vers.
2286 502 2370 556 51.
2404 501 2656 557 Factum
2689 504 2770 556 est
2800 532 2868 540 —
2898 497 3331 568 Hierosolyma.
3387 496 3522 552 Dies
3566 513 3656 553 as-

3553 372 3658 428 9‘54

1999 588 2358 660 sumptionis
2394 590 2604 660 ipsius,
2646 590 2786 645 dicit
2836 589 3191 659 praeﬁnitum
3225 594 3477 658 tempus,
3511 586 3653 642 dum

2000 693 2036 732 a
2069 682 2222 733 terra
2252 684 2655 733 assumeretur
2682 678 2740 733 in
2772 678 2988 733 coelum
3020 678 3172 747 ;jam
3213 677 3369 731 enim
3396 676 3655 730 instabat

2000 767 2088 820 sui
2121 766 2499 836 interemptio
2525 783 2596 822 ac
2628 768 2980 822 resurrectio
3006 771 3061 822 et
3085 765 3429 836 assumptio.
3466 764 3654 821 Obﬁr-

2004 854 2413 909 mavitfaciem
2447 872 2640 919 suam,
2676 856 2790 910 hoc
2838 862 2939 920 est,
2988 854 3211 918 direxit,
3272 859 3331 908 ut
3374 855 3482 908 iret
3530 853 3655 907 Hic-

1999 944 2320 1016 resolyma.
2353 946 2742 1017 progrediens
2773 946 2846 1000 ad
2888 946 3251 1016 passioncm,
3293 959 3366 998 ne
3414 942 3655 1014 respici-

2002 1033 2157 1089 endo
2208 1035 2456 1106 quidem
2504 1034 2563 1088 in
2598 1040 2856 1103 tergum.
2915 1034 3215 1105 Scriptum
3257 1039 3343 1088 est
3382 1033 3539 1087 enim
3590 1032 3652 1086 in

2001 1122 2147 1177 libro
2178 1139 2417 1195 quoque
2435 1123 2805 1179 Psalmorum
2836 1140 2848 1178 :
2879 1123 3207 1186 Obﬁrmabo
3235 1138 3413 1190 super
3446 1128 3500 1177 te
3518 1137 3654 1177 ocu-

2004 1213 2089 1267 los
2114 1228 2271 1268 meos
2297 1215 2344 1248 5°
2369 1214 2521 1279 ;sive
2548 1214 2817 1282 inﬁgam,
2846 1213 3123 1282 dirigam,
3157 1210 3655 1266 indeclinabiliter

2002 1301 2311 1373 aspiciam.

2073 1393 2227 1446 Vers.
2256 1396 2339 1447 52.
2371 1394 2452 1447 Et
2481 1425 2545 1434 —
2576 1409 2765 1457 suum,
2810 1393 2908 1447 Hic
2940 1391 3117 1447 etiam
3174 1390 3350 1446 dictio
3404 1390 3652 1459 ἀγγέλους

2001 1480 2343 1552 simpliciter
2368 1482 2601 1536 nuntios
2634 1482 2944 1551 signiﬁcat.

2077 1569 2231 1625 Vers.
2263 1575 2348 1626 52.
2382 1573 2462 1625 Et
2486 1579 2684 1628 euntes
2714 1601 2783 1613 —
2812 1569 3351 1627 Samaritanorum.
3387 1567 3559 1633 Quod
3591 1567 3649 1622 in

2000 1660 2250 1715 transitu
2278 1660 2406 1731 ejus
2451 1661 2631 1716 situm
2664 1667 2812 1716 erat.

2070 1751 2231 1803 Vers.
2262 1754 2349 1804 5'2.
2394 1751 2465 1807 Ut
2492 1755 2767 1821 pararent
2821 1749 2932 1806 illi.
2988 1748 3310 1820 Hospitium
3352 1746 3647 1802 videlicet.

1925 1836 1965 1892 Β
2000 1840 2072 1892 ad
2121 1840 2558 1910 susceptionem
2591 1839 2798 1911 ipsius,
2831 1844 2888 1894 et
2918 1838 3175 1903 illorum,
3231 1838 3336 1909 qui
3392 1852 3529 1892 cum
3579 1851 3651 1891 eo

1999 1933 2188 1983 erant.

2072 2019 2231 2072 Vers.
2260 2017 2448 2075 53.Et
2476 2019 3112 2086 non—Hierosolyma.
3145 2018 3344 2073 Facies
3373 2017 3651 2089 ejus,hoc

2001 2110 2107 2170 est,
2138 2107 2285 2177 ipse,
2336 2123 2370 2162 a
2404 2111 2568 2177 parte
2600 2110 2805 2162 totum.
2854 2109 2977 2161 Non
3019 2110 3383 2176 receperunt,
3436 2105 3649 2177 inquit,

2000 2211 2159 2258 eum,
2202 2195 2344 2266 quia
2375 2194 2662 2265 pergebat
2684 2194 3096 2265 Hierosolyma
3119 2195 3190 2249 ad
3223 2194 3475 2249 ininicos
3498 2194 3653 2264 ipso-

2001 2300 2154 2338 rum.
2185 2286 2333 2338 Nam
2365 2283 2720 2342 Samaritani
2752 2283 2994 2337 inimico
3020 2283 3222 2338 animo
3250 2281 3441 2337 affecti
3483 2286 3651 2337 erant

2000 2372 2075 2428 ad
2108 2373 2606 2444 Hierosolymitas.

2071 2462 2232 2516 Vers.
2287 2465 2371 2516 54.
2409 2462 2564 2527 Quod
2604 2477 2735 2516 cum
2779 2462 3056 2516 vidissent
3100 2491 3168 2500 ——
3205 2460 3366 2515 Vers.
3416 2462 3502 2514 55.
3535 2475 3650 2514 ser-

2000 2550 2277 2607 vandum.
2330 2551 2627 2622 Suspicor,
2660 2552 2772 2606 hos
2830 2550 3008 2605 fuisse
3041 2550 3400 2621 praemissos.
3446 2552 3647 2620 Itaque

2000 2641 2131 2696 irati
2161 2646 2317 2705 sunt,
2353 2641 2515 2711 quod
2556 2645 2984 2711 praeceptorem
3034 2640 3393 2711 sprevissent
3434 2654 3445 2692 :
3476 2639 3649 2693 inter-

1997 2734 2359 2799 rogaverunt
2375 2744 2537 2798 ergo,
2562 2746 2635 2785 an
2650 2734 3090 2801 contemptores
3108 2728 3312 2783 ulcisci
3328 2732 3646 2799 oporteret,

1999 2824 2201 2890 utpote
2240 2818 2461 2874 zeloten
2507 2818 2692 2873 Ellam
2724 2818 3043 2874 imitantes.
3081 2818 3406 2888 Increpavit
3447 2822 3648 2872 autem

1999 2907 2129 2963 illos
2169 2907 2459 2971 Christus,
2494 2912 2782 2977 tanquam
2842 2907 3102 2961 clemens
3138 2923 3149 2960 :
3185 2906 3485 2961 instruens
3520 2921 3641 2974 eos,

2000 2998 2517 3053 utincredulorum
2534 2998 2775 3067 injurias
2788 2996 3075 3067 patienter
3091 2996 3321 3052 ferrent.
3344 2994 3646 3065 Siquidem

2001 3086 2244 3153 sciebat,
2269 3089 2429 3159 quod
2461 3104 2521 3141 se
2541 3087 2868 3154 suscepturi
2888 3101 3010 3141 non
3033 3089 3230 3140 essent
3254 3085 3646 3140 Samaritani:

288 3168 459 3221 στειλε
512 3166 571 3221 δὲ
619 3174 873 3242 μαθητὰς,
936 3174 1018 3224 ἶνα
1070 3173 1461 3231 ἀπειθησοίντων
1512 3181 1601 3247 μὲν
1666 3177 1885 3244 ἐκείνων,

2009 3176 2158 3231 misit
2185 3183 2383 3231 tamen
2424 3176 2769 3247 discipulos,
2800 3180 2861 3229 ut
2898 3174 3010 3230 illis
3040 3189 3161 3229 non
3195 3174 3560 3245 parentibus,
3595 3180 3651 3229 et

282 3257 633 3329 ὀργισθέντων
688 3256 745 3312 δὲ
774 3264 983 3325 τούτων,
1016 3263 1270 3326 ἐπιπλήξῃ
1310 3269 1398 3316 καὶ
1440 3262 1634 3337 διδάξῃ
1681 3266 1886 3334 αὐτούς,

280 3350 357 3417 μὴ
410 3345 785 3421 ἕπεξέρχεσθαι
834 3359 943 3413 τοῖς
993 3362 1428 3425 καταφρονοῦσιν.
1488 3354 1730 3425 Ἐμελλον
1787 3358 1887 3430 γὰρ

277 3439 341 3486 τό
408 3440 656 3510 κήρυγμα
738 3440 1165 3510 καταγγέλλοντες
1242 3444 1341 3493 ὑπὸ
1404 3443 1598 3494 πολλῶν
1655 3444 1891 3515 ἀποπέμ-

281 3525 501 3576 πεσθαι.
536 3526 657 3596 Ούχ
701 3526 900 3587 ἑαυτοῖς
933 3526 1010 3591 δὲ,
1048 3528 1172 3581 ἀλλὰ
1212 3538 1272 3602 τῇ
1324 3531 1483 3582 αὐτού
1518 3530 1735 3604 δυνάμει
1772 3533 1889 3605 θαρ-

274 3609 496 3683 ῥοῡντες
539 3621 697 3679 εἷπον,
755 3618 834 3667 ὅτι
885 3621 1120 3690 Εῖπωμεν
1171 3628 1273 3693 πῦρ
1317 3620 1607 3679 καταϐῆναι
1658 3622 1755 3674 ἀπὸ
1801 3631 1892 3674 τοῦ

274 3700 526 3774 ούρανοῦ.

352 3792 416 3843 Εἰ
467 3796 551 3843 καὶ
603 3794 713 3862 (ﬁt)
747 3803 976 3867 παρῆκεν
1014 3798 1038 3847 6
1093 3802 1471 3870 Χρυσόστομος
1503 3801 1612 3871 (63)
1652 3800 1889 3862 ἐνταῦθα,

272 3885 359 3933 τό’
422 3881 531 3932 Οὐκ
598 3880 777 3935 οἴδατε
833 3888 942 3936 οἴου
996 3890 1285 3958 πνεύματός
1344 3887 1475 3940 ἐστε·
1536 3889 1641 3939 ἀλλ’
1695 3886 1779 3941 οὖν
1842 3893 1890 3941 εν

273 3970 473 4040 ἑτέροις
526 3970 693 4041 λόγοις
746 3978 1058 4025 Δεσποτικὸν
1122 3974 1248 4027 εἶναι
1296 3976 1429 4047 λέγει
1491 3984 1579 4030 καὶ
1636 3982 1782 4030 τουτὶ
1834 3984 1889 4031 τό

271 4060 464 4133 ῥητόν.
536 4064 733 4111 Λοιπὸν
773 4066 943 4112 τοίνυν
1014 4071 1212 4135 πνεῦμα
1278 4069 1379 4116 νόει
1458 4086 1547 4137 μοι
1612 4070 1668 4118 τό
1741 4069 1889 4138 οῖγιον

276 4154 515 4218 Πνεῦμα.
576 4154 739 4200 Τοῦτο
808 4152 906 4223 γὰρ
963 4149 1156 4222 ἀγαθόν
1239 4151 1349 4205 ἐστι
1406 4160 1496 4207 καὶ
1564 4154 1884 4220 ἀνεξίκακον,

275 4239 461 4309 ὥσπερ
493 4241 582 4288 καὶ
620 4240 685 4289 τὰ
714 4238 870 4290 λοιπὰ
907 4245 1165 4314 πρόσωπα
1199 4252 1294 4304 τῆς
1332 4250 1456 4315 μιᾶς
1478 4245 1781 4318 Θεότητος.]

356 4330 503 4377 ΚΕΦ.
532 4324 654 4379 ΛΓ’.
692 4332 816 4398 Περὶ
847 4336 937 4379 τοῦ
966 4333 1036 4400 μὴ
1068 4328 1462 4404 ἐπιτρεπομένου
1495 4332 1808 4388 ἀκολουθεῖν.

1998 3265 2089 3320 his
2109 3265 2523 3331 irascentibus,
2554 3265 2895 3335 objurgaret
2922 3279 2991 3318 ac
3021 3263 3259 3317 doceret
3284 3278 3385 3317 eos
3416 3277 3539 3317 non
3564 3262 3650 3317 in-

2002 3368 2244 3422 surgere
2275 3354 2332 3408 in
2366 3354 2492 3408 illos
2533 3354 2636 3425 qui
2675 3358 3138 3407 contemnerent.
3174 3353 3459 3405 Futurum
3487 3351 3651 3406 enim

2002 3448 2143 3508 erat,
2182 3449 2244 3497 ut
2288 3458 2415 3497 cum
2461 3442 2841 3510 Evangelium
2900 3441 3339 3503 annuutiarent,
3388 3455 3423 3493 a
3453 3439 3651 3494 multis

2002 3531 2474 3603 repudiarentur.
2523 3534 2651 3585 Non
2679 3530 2788 3585 sibi
2818 3529 2967 3600 ipsis
2997 3532 3217 3593 autem,
3252 3529 3356 3583 sed
3388 3527 3462 3582 de
3493 3527 3649 3583 illius

2002 3622 2267 3692 potentia
2315 3620 2683 3675 conﬁdentes
2740 3620 3055 3677 dixerunt:
3103 3620 3196 3674 Vis
3247 3619 3529 3681 dicamus,
3582 3623 3653 3671 ut

2001 3710 2149 3780 ignis
2180 3725 2243 3766 ce
2272 3710 2418 3766 ειειο
2442 3710 2756 3765 descendat
2772 3712 2799 3763 ?

2072 3801 2159 3870 H-
2191 3798 2425 3853 Etiamsi
2448 3798 2882 3870 praetermiserit
2900 3798 3012 3852 hoc
3026 3796 3160 3853 loco
3192 3796 3651 3867 Chrysostomus

2001 3888 2147 3942 ista:
2175 3888 2420 3943 Nescitis
2445 3890 2615 3957 cujus
2636 3887 2873 3957 spiritus
2907 3889 3063 3947 estis,
3094 3885 3197 3941 sed
3217 3887 3272 3939 in
3303 3884 3431 3939 aliis
3462 3884 3652 3938 homi-

2000 3976 2090 4032 liis
2117 3977 2232 4031 hac
2261 3977 2493 4032 Domini
2520 3992 2870 4047 responsum
2893 3991 3019 4030 esse
3045 3976 3142 4031 ait.
3168 3975 3348 4046 Igitur
3368 3973 3650 4044 Spiritum

1998 4066 2240 4138 quidem
2262 4065 2517 4137 intellige
2552 4066 2830 4136 Spiritum
2864 4070 3160 4119 sanctum.
3182 4064 3235 4118 Is
3262 4063 3421 4118 enim
3451 4062 3650 4117 bonus

1997 4160 2162 4211 estet
2200 4155 2534 4224 indulgens,
2564 4158 2626 4209 ut
2654 4153 2892 4226 reliquae
2928 4168 3199 4225 personae
3224 4152 3401 4207 unius
3423 4155 3649 4207 natura

1995 4244 2233 4300 divinae.

2066 4334 2219 4388 CAP.
2253 4334 2477 4397 ΧΧΧΙΠ,
2512 4335 2598 4391 De
2626 4350 2689 4391 eo
2715 4335 2809 4391 cui
2831 4350 2950 4389 non
2985 4332 3252 4403 permisit
3281 4338 3349 4387 ut
3390 4346 3579 4402 seque-

2728 4430 2915 4479 retur.

358 4508 460 4554 Καὶ
516 4502 870 4576 ἐπορεύθησαν
921 4536 985 4547 -
1044 4506 1211 4580 κλίνῃ.
1256 4510 1485 4584 Ἔγραψε
1536 4517 1651 4585 περὶ
1705 4516 1884 4564 τούτου

2067 4513 2229 4568 Vers.
2261 4513 2349 4568 56.
2390 4513 2467 4567 Et
2513 4513 2781 4569 abierunt
2812 4544 2880 4554 —
2908 4513 3067 4567 Vers.
3106 4511 3193 4566 58.
3250 4511 3516 4569 reclinet.
3574 4512 3647 4564 De

280 4596 374 4642 καὶ
430 4592 454 4642 ό
502 4595 768 4654 Ματθαίος
817 4593 864 4646 ἐν
915 4604 987 4665 τῷ
1043 4592 1245 4669 δεκάτῳ
1276 4599 1552 4671 κεφαλαίῳ,
1585 4606 1674 4653 καὶ
1712 4604 1881 4675 ἡρμη-

279 4682 540 4737 νεύθησαν
573 4680 675 4733 ἐκεῖ
697 4682 830 4753 (63).

362 4767 484 4821 Εἶπε
532 4800 600 4811 --
654 4772 805 4826 Θεοῦ.
843 4773 981 4825 Ἐκεῖ
1006 4779 1094 4825 καὶ
1130 4780 1247 4846 περὶ
1295 4779 1478 4829 τούτου
1531 4788 1707 4849 σαφῶς
1762 4777 1887 4832 διεί-

288 4856 503 4914 ληπταιο
564 4858 771 4913 ἐκάλεσε
828 4858 885 4914 δὲ
940 4871 1117 4914 τοῦτον
1167 4865 1191 4915 ό
1236 4870 1488 4934 Χριστός,
1537 4865 1685 4929 εἰδὼς
1733 4873 1887 4921 αύτόν

285 4945 352 5009 οῖξ
357 4965 451 4998 ιον.

358 5126 405 5159 ⁶⁹
430 5124 583 5182 Psal.
603 5142 758 5191 xxxi,
791 5128 843 5183 8.

1997 4603 2110 4657 hoc
2139 4608 2195 4657 et
2220 4603 2519 4657 Mattbaeus
2551 4602 2784 4673 scripsit
2825 4600 3184 4656 duodecimo
3238 4601 3447 4670 capite,
3480 4603 3536 4653 et
3565 4598 3648 4654 ibi

1999 4691 2195 4762 posita
2225 4696 2308 4745 est
2340 4690 2756 4762 interpretatio.

2069 4781 2233 4835 Vers.
2270 4782 2354 4835 59.
2405 4782 2513 4834 Ait
2542 4812 2607 4820 —
2642 4780 2809 4835 Vers.
2853 4779 2940 4834 60.
2976 4779 3091 4834 Dei.
3130 4778 3216 4833 lbi
3241 4777 3419 4832 etiam
3469 4778 3647 4848 plane

1998 4870 2073 4925 de
2096 4870 2210 4925 hoc
2241 4869 2607 4942 disputatum
2633 4874 2739 4923 est.
2778 4871 2939 4923 Hunc
2969 4884 3106 4924 vero
3165 4867 3432 4923 Christus
3479 4881 3649 4922 voca-

1998 4958 2118 5021 bat,
2157 4958 2346 5014 sciens
2385 4974 2523 5013 eum
2553 4957 2827 5029 dignum.

1516 5230 1733 5300 Variae
1774 5232 2101 5302 lectiones
2129 5244 2195 5301 et
2224 5245 2403 5302 notae

354 5420 465 5491 (59)
498 5420 603 5494 Hic
635 5420 955 5494 Hentenius
986 5423 1267 5494 quaedam
1298 5424 1466 5480 addit
1502 5442 1573 5482 ex
1617 5427 1884 5485 editioni-

279 5492 414 5557 bus,
440 5493 522 5548 uti
556 5508 739 5564 supra
773 5493 898 5564 ipse
929 5492 1162 5550 monuit
1190 5495 1253 5550 in
1298 5496 1664 5554 Praefatione.

350 5567 461 5632 (60)
494 5563 705 5631 Τούτον,
735 5563 837 5634 prb
878 5564 1052 5621 αὐτόν.
1094 5568 1163 5623 Α,

284 5635 477 5764 t
512 5637 646 5692 Htec
674 5641 919 5708 uterque
956 5636 1018 5691 in
1065 5638 1357 5708 margine.
1393 5642 1560 5699 Caret
1617 5657 1686 5699 eo
1724 5643 1884 5700 Hen-

356 5749 663 5852 ῖξέῖῬτὶιιε
706 5794 847 5854 ergo
891 5778 1300 5853 Chrysostomi
1316 5786 1662 5844 auctoritate
1686 5792 1885 5845 motus

1994 5430 2348 5500 Euthymius
2406 5429 2698 5495 omiserat,
2749 5434 2839 5481 καὶ
2916 5432 3069 5482 εἶπενσ
3147 5432 3241 5481 οὐκ
3316 5428 3394 5485 ad
3450 5436 3644 5482 σῶσαι.

1994 5501 2206 5555 deinde
2231 5516 2378 5572 vero
2404 5502 2673 5571 ejusdem
2708 5501 3054 5572 auctoritate
3084 5501 3505 5572 interpretatus
3536 5506 3644 5572 est.

1991 5571 2283 5645 Addenda
2308 5570 2447 5645 ergo
2476 5577 2645 5627 erant
2669 5571 2974 5645 codicibus
2997 5570 3376 5645 Euthymiiin
3398 5570 3649 5645 repetita

1991 5644 2257 5773 lectione.
2283 5641 2398 5701 Sed
2420 5644 2536 5702 hoc
2560 5641 3177 5719 neglectum.Copiose
3202 5644 3275 5701 de
3294 5643 3411 5703 hoc
3440 5641 3563 5698 dixi
3588 5641 3643 5696 in

2065 5788 2175 5862 (63)
2201 5788 2285 5842 Ἐν
2315 5791 2507 5863 εκείνῳ,
2541 5805 2649 5862 ρΓο
2680 5790 2800 5845 εκεῖ.
2841 5795 2895 5843 Β.
