4170 6364
552 329 662 385 955

556 559 726 599 arare
757 549 1028 607 conatur,
1057 550 1112 599 et
1147 560 1182 600 a
1213 549 1370 616 tergo
1413 545 1650 617 respicit
1678 546 2006 617 corrumpit
2031 560 2211 600 cona-

557 637 650 687 tus
679 633 1208 705 promptitudinem
1241 635 1508 706 segnitie,
1542 652 1663 708 qua
1690 652 1725 691 a
1755 640 1919 703 tergo
1945 634 2204 706 respicit.

556 723 900 779 Parabolice
927 740 1069 795 ergo
1096 724 1365 781 Salvator
1390 725 1550 790 dixit,
1593 732 1860 780 aratrum
1882 729 1939 780 et
1961 723 2095 796 (xx)
2125 739 2207 780 se-

557 815 663 884 qui
685 828 744 870 se
767 813 1235 868 :ettantumdem
1251 818 1358 880 est,
1383 830 1452 869 ac
1468 815 1516 869 si
1533 815 1722 870 dicat:
1756 817 1959 881 Nemo,
1983 813 2087 885 qui
2112 829 2207 869 me

557 902 726 974 sequi
757 909 1025 968 conatur,
1059 904 1169 958 sia
1199 908 1364 972 tergo
1407 903 1705 975 respiciat,
1745 903 1859 958 hoc
1899 907 2004 969 est,
2043 917 2204 958 men-

559 997 676 1048 tem
710 991 908 1047 adhuc
940 991 1018 1047 ad
1049 993 1400 1065 temporalia
1427 993 1668 1058 habeat,
1697 998 1874 1064 aptus
1905 998 1991 1048 est
2017 992 2093 1048 ad
2121 1009 2209 1048 re-

559 1096 754 1154 gnum
778 1083 896 1137 Dei.
917 1083 1157 1154 Oportet
1185 1083 1340 1138 enim
1366 1099 1520 1154 eum,
1543 1084 1646 1155 qui
1664 1083 1823 1152 eligit
1860 1083 2029 1154 sequi
2049 1082 2209 1138 Chri-

560 1177 719 1227 stum
748 1171 1055 1227 confestim
1083 1172 1600 1244 omniadespicere
1621 1173 1881 1245 etsequi,
1909 1188 1982 1228 ne
2003 1172 2206 1228 oculos

558 1259 799 1332 quidem
831 1259 909 1315 ab
925 1276 996 1315 eo
1021 1260 1388 1323 divertendo,
1409 1277 1483 1316 ne
1515 1259 1660 1316 forte
1683 1260 1887 1316 habitu
1923 1277 1991 1312 ac
2014 1260 2207 1330 specie

558 1365 768 1404 eorum
819 1365 953 1420 quas
984 1365 1017 1404 a
1049 1354 1209 1420 tergo
1259 1355 1414 1414 sunt,
1453 1351 1792 1406 retineatur.
1848 1349 2000 1415 Quid
2045 1350 2207 1404 enim

559 1441 678 1494 Deo
709 1437 1028 1509 optabilius
1067 1453 1137 1492 ac
1170 1439 1550 1509 praestantius
1577 1439 1606 1494 ?

629 1527 776 1581 CAP.
809 1527 1034 1582 XXXIV.
1069 1527 1152 1580 De
1173 1527 1486 1597 designatis
1511 1527 1883 1598 septuaginta
1909 1527 2204 1594 apostolis.

559 1618 699 1687 Cap.
735 1616 808 1670 X.
866 1615 1028 1670 Vers.
1063 1632 1102 1669 ι.
1135 1617 1278 1670 Post
1350 1615 1473 1672 haec
1517 1650 1584 1662 --
1628 1618 2023 1686 septuaginta.
2058 1619 2210 1686 Apo-

557 1704 743 1761 stolos
782 1704 1071 1760 videlicet.
1108 1705 1261 1760 Multi
1294 1706 1453 1760 enim
1485 1706 1762 1761 credituri
1791 1709 1974 1772 erant,
2006 1712 2059 1759 et
2083 1705 2211 1776 plu-

1879 328 2225 386 EUTHYMII
2268 323 2601 386 ZIGABENI

635 455 794 510 Vers.
846 457 929 511 61.
980 454 1152 511 Dixit
1202 487 1270 496 —
1332 456 1496 512 Vers.
1554 457 1644 512 62.
1704 471 1878 528 regno
1953 457 2070 512 Dei.
2097 455 2208 524 Qui
2241 455 2288 508 Α

3834 332 3982 388 956

2392 454 2517 508 Εἶπε
2582 486 2651 497 —-
2705 457 2974 530 βασιλείαν
3055 464 3147 510 τοῦ
3205 465 3365 514 Θεοῦ,
3433 457 3492 510 ’0
3573 456 3980 531 ἐπιχειρέονας

2317 543 2581 616 ἀροτριᾷν,
2612 552 2700 598 καὶ
2741 547 2942 619 βλέπων
3000 548 3066 608 εἰς
3119 549 3184 598 τά
3234 547 3422 610 ὀπίσω,
3457 548 3653 619 φθείρει
3694 551 3757 600 τὸ
3802 553 3975 621 πρό-

2321 635 2480 704 θυμον
2526 643 2617 695 τῆς
2666 635 3043 709 ἐπιχειρήσεως
3079 643 3142 708 τῇ
3187 636 3423 710 ῥᾳθυμίᾳ
3469 643 3561 687 τοῦ
3603 635 3823 707 βλέπειν
3880 643 3972 696 εἰς

2316 725 2381 773 τά
2433 724 2623 781 ὀπίσω.
2687 725 3056 798 Παραϐολικῶς
3122 730 3292 777 τοίνυν
3356 726 3382 776 ό
3454 729 3625 798 Σωτὴρ
3698 727 3966 798 ἄροτρον

2318 811 2570 884 ὠνόμασε,
2603 818 2661 866 τὸ
2691 813 2985 867 ἀκολουθεῖν
3024 814 3182 883 αὐτῷ,
3213 813 3393 885 λέγων,
3453 817 3533 866 ὅτι
3581 811 3792 875 Ούδεὶς
3825 815 3969 866 ἐπι-

2315 907 2571 973 χειρὴσας
2623 901 2916 955 ἀκολουθεῖν
2971 923 3081 975 μοι,
3115 909 3204 955 καὶ
3251 901 3454 974 βλέπῶν
3506 906 3577 964 εἰς
3615 907 3684 954 τὰ
3728 903 3960 967 ὀπίσω,

2315 996 2570 1056 τουτέστι,
2613 995 2697 1044 τὸν
2748 999 2864 1044 νοῦν
2910 996 2985 1044 ἔτι
3019 995 3156 1064 ἔχων
3207 991 3279 1052 εἰς
3323 994 3390 1044 τὰ
3437 990 3684 1064 βιωτικὰ,
3739 992 3962 1051 ἐπιτέ-

2318 1075 2452 1139 δειός
2491 1084 2630 1132 ἐστιν
2684 1080 2753 1142 εἰς
2800 1085 2892 1139 τὴν
2947 1079 3220 1153 βασιλείαν
3272 1088 3364 1132 τοῦ
3416 1088 3570 1135 Θεοῦ.
3623 1086 3746 1154 Χριὶ⁴
3807 1085 3957 1154 γὰρ,

2316 1171 2401 1219 τὸν
2446 1168 2673 1239 ελόμενον
2721 1173 2778 1220 τὸ
2835 1168 3129 1222 ἀκολουθεῖν
3172 1177 3242 1238 τῷ
3290 1177 3525 1243 Χριστῷ,
3583 1171 3806 1220 πάντων
3864 1171 3959 1221 εὗ-

2319 1259 2438 1317 θέως
2502 1255 2784 1330 ὑπεριδεῖν,
2858 1263 2948 1310 καὶ
3019 1257 3400 1332 ἀμεταστρεπτὶ
3455 1262 3620 1330 τούτῳ
3677 1261 3954 1329 ἕπεσθαιἼ

2316 1352 2516 1418 μήποτε
2546 1355 2606 1419 τῇ
2644 1352 2829 1418 σχέσει
2857 1357 2954 1399 τῶν
2996 1347 3166 1399 ὀπίσω
3194 1349 3527 1420 κατασχεθῇ.
3566 1353 3628 1400 Τί
3659 1351 3768 1422 γὰρ
3808 1353 3956 1402 Θεοῦ

2316 1437 2662 1507 ποθεινότερον
2690 1456 2743 1488 τε
2768 1442 2856 1488 καὶ
2886 1441 3256 1509 προτίμότερον
3281 1454 3293 1502 ;

2393 1531 2535 1577 ΚΕΦ·
2585 1524 2690 1578 ΔΔ’.
2728 1531 2854 1598 Περὶ
2884 1535 2981 1576 τῶν
3014 1522 3429 1596 ἀναδειχθέντων
3461 1521 3866 1596 ἐϐδομήκοντα.

2389 1617 2532 1666 Μετά
2598 1621 2764 1666 ταῦτα
2827 1646 2895 1654 —-
2953 1611 3331 1685 ἐϐδομήκοντα.
3389 1613 3758 1677 Ἀποστόλους,
3846 1611 3956 1671 δη-

2318 1702 2506 1756 λονότι.
2559 1702 2745 1755 Πολλοὶ
2789 1707 2890 1776 γὰρ
2932 1703 3133 1775 ἔμελλον
3181 1706 3440 1755 πιστεύειν
3483 1709 3572 1755 καὶ
3614 1707 3782 1776 χρεία
3845 1723 3947 1760 κη.

555 1794 721 1850 ribus
784 1793 1272 1865 praedicatoribus
1336 1811 1489 1865 opus
1547 1800 1693 1850 erat.
1745 1794 2068 1850 Duodecim
2137 1794 2211 1848 si-

2326 1795 2487 1860 ούκων
2546 1792 2788 1844 πλειόνων
2836 1790 2916 1851 ἦν.
2986 1790 3198 1845 Δώδεκα
3256 1795 3344 1863 μὲν
3403 1789 3488 1843 οὖν
3537 1790 3853 1857 ἀπόστολοι,
3921 1796 3949 1844 ὁ

554 1881 799 1954 quidem
823 1883 1074 1954 apostoli
1115 1885 1342 1954 primus
1374 1888 1499 1938 erat
1535 1884 1756 1939 chorus
1787 1900 1800 1950 ;
1835 1884 2211 1956 septuaginta

557 1987 718 2036 vero,
753 1971 1075 2026 secundus.
1112 1974 1227 2027 Hos
1278 1976 1468 2026 autem
1523 1972 1838 2027 duodecim
1879 1977 1933 2027 et
1978 1977 2212 2044 septua-

557 2060 722 2130 ginta
751 2059 1219 2131 prsetigurabant
1247 2059 1565 2116 duodecim
1597 2060 1790 2116 fontes
1810 2077 2124 2133 aquarum,
2157 2066 2214 2117 et

557 2148 939 2219 septuaginta
971 2149 1163 2204 trunci
1195 2149 1535 2220 palmarum
1563 2151 1623 2205 in
1654 2149 1844 2214 Elim,
1895 2150 1973 2206 ad
2025 2165 2210 2221 quam

553 2243 844 2293 venerunt
875 2238 1147 2294 [sraelitae
1179 2240 1250 2307 ⁸ο,
1281 2239 1382 2294 ubi
1423 2255 1588 2296 mare
1620 2239 1886 2294 Rubrum
1913 2245 2210 2311 pertrans-

553 2327 756 2384 issent.

625 2417 791 2473 Vers.
825 2418 875 2472 1.
895 2419 976 2472 Et
1001 2418 1191 2473 emisit
1215 2425 1437 2475 —erat
1459 2419 1576 2487 ipse
1596 2424 1902 2475 venturus.
1939 2417 2215 2474 Similiter

554 2510 611 2563 et
637 2505 955 2564 duodecim
988 2507 1357 2578 conjunctim
1408 2508 1529 2579 (yy)
1584 2508 1793 2572 emisit,
1851 2507 2020 2562 sicuti
2069 2507 2216 2562 dixit

554 2599 780 2652 Marcus
835 2597 1068 2653 decimo
1116 2603 1329 2670 quarto
1389 2597 1625 2667 capite;
1668 2597 1772 2651 sed
1804 2596 2121 2652 duodecim
2155 2597 2215 2651 in

556 2701 769 2741 omnes
813 2687 1080 2742 civitates
1119 2702 1188 2742 ac
1221 2701 1408 2757 pagos
1455 2686 1629 2741 Israel
1662 2686 1874 2751 emisit,
1924 2691 2215 2756 tanquam

556 2774 936 2845 perfectiores
973 2791 984 2831 :
1020 2775 1402 2846 septuaginta
1460 2791 1618 2842 vero,
1651 2775 1712 2830 in
1744 2775 1904 2830 solas
1957 2790 2058 2830 eas
2086 2791 2216 2846 quae

554 2863 615 2918 in
647 2863 899 2918 transitu
945 2869 1134 2929 erant,
1167 2880 1269 2934 per
1314 2879 1466 2934 quas
1504 2864 1609 2919 iter
1648 2863 1912 2919 facturus
1969 2871 2116 2929 erat,
2156 2868 2218 2918 ut

557 2950 944 3022 praedicarent
990 2951 1404 3006 remissionem
1484 2956 1892 3022 peccatorum,
1965 2953 2217 3025 ejusque

558 3040 909 3108 adventum,
935 3040 1038 3111 qui
1071 3039 1484 3096 remissionem
1520 3040 1766 3097 illorum
1806 3041 2107 3096 tribueret.

627 3218 789 3274 Vers.
821 3222 872 3274 2.
935 3218 1178 3274 Dicebat
1221 3250 1286 3259 —
1337 3220 1535 3287 pauci.
1573 3218 1828 3274 Messem
1887 3219 2028 3276 dicit
2067 3220 2216 3291 illos,

555 3308 658 3379 qui
697 3307 776 3364 ab
814 3306 1158 3363 inﬁdelitate
1201 3307 1564 3372 demetendi,
1615 3314 1666 3362 et
1719 3308 1797 3363 ad
1829 3307 2002 3364 fidem
2045 3326 2217 3365 suam

555 3403 724 3453 erant
747 3397 1204 3468 comportandi:
1241 3397 1547 3469 operarios
1594 3413 1755 3463 vero,
1786 3397 2111 3468 apostolos,
2164 3405 2221 3454 et

552 3486 901 3558 quicunque
925 3486 1001 3542 ad
1017 3487 1130 3542 hoc
1155 3486 1698 3542 subministrarem.
1732 3487 1830 3542 Hic
1855 3494 2054 3542 autem
2087 3504 2217 3543 ma-

555 3575 831 3631 nifestata
849 3581 935 3630 est
950 3591 1134 3630 causa
1148 3575 1524 3647 promotionis
1538 3575 1802 3646 ipsorum
1816 3577 2214 3647 septuaginta,

554 3669 613 3719 et
634 3670 853 3720 tamem
874 3679 1104 3735 paucos
1127 3665 1320 3720 adhuc
1354 3679 1482 3719 esse
1499 3664 1644 3720 dicit
1669 3681 1880 3720 omnes
1906 3666 2217 3736 apostolos

555 3754 631 3810 ad
663 3753 1385 3820 multitudinemillorum,
1417 3754 1515 3826 qui
1549 3753 1826 3809 credituri
1849 3761 2037 3810 erant.

627 3844 791 3898 Vers.
831 3847 883 3897 2.
914 3844 1122 3914 Rogate
1150 3875 1216 3884 —
1255 3859 1438 3898 suam.
1473 3843 1595 3899 Hoc
1635 3848 1691 3898 et
1745 3843 1825 3912 id,
1859 3844 2024 3915 quod
2080 3850 2216 3901 ante

553 3932 715 3990 istud
746 3933 1070 4004 praecessit,
1107 3933 1282 3987 etiam
1331 3933 1480 3987 dixit
1516 3933 1576 3987 in
1608 3932 1726 3987 ﬁne
1779 3932 1994 3988 decimi
2023 3936 2215 3990 octavi

549 4024 722 4093 juxta
766 4021 1106 4078 Mattheeum
1148 4021 1372 4092 capitis,
1413 4021 1514 4075 sed
1545 4021 1623 4075 ibi
1656 4037 1915 4077 messem
1961 4022 2213 4079 multam

555 4111 818 4182 appellat
857 4125 957 4165 eos
990 4109 1094 4181 qui
1125 4109 1199 4163 de
1254 4109 1467 4164 Iudaeis
1526 4115 1695 4164 erant
1738 4110 2017 4166 credituri
2067 4128 2079 4167 :
2115 4112 2213 4168 hic

556 4205 757 4256 autem
789 4214 892 4253 eos
921 4197 1026 4270 qui
1054 4213 1124 4253 ex
1153 4196 1428 4267 gentibus
1485 4215 1496 4251 :
1547 4203 1603 4252 et
1634 4197 1714 4254 ibi
1754 4200 2038 4256 admonet
2067 4201 2213 4257 duo-

555 4287 852 4346 decim.ut
876 4290 1048 4342 orent
1072 4301 1180 4356 pro
1212 4284 1530 4340 emissione
1562 4285 1780 4342 horum
1807 4289 2206 4358 septuaginta,

554 4376 650 4432 hic
679 4389 819 4430 vero
853 4375 1015 4446 ipsos
1047 4375 1426 4446 septuaginta
1455 4374 1754 4440 admonet,
1791 4381 1850 4430 ut
1898 4383 2067 4434 orent
2104 4395 2211 4450 pro

2319 1889 2522 1954 πρῶτος
2561 1886 2743 1954 χορός’
2800 1878 3161 1951 ἐϐδομήκοντα
3193 1877 3273 1948 δὲ,
3315 1882 3340 1931 ὁ
3391 1877 3646 1955 δεύτερος.
3695 1884 3948 1943 Τούτους

2323 1967 2380 2022 δὲ
2432 1974 2548 2030 τούς
2596 1967 2827 2034 δώδεκα,
2867 1976 2957 2022 καὶ
3006 1974 3123 2030 τούς
3167 1966 3545 2041 ἐϐδομήκοντα,
3595 1969 3759 2021 πάλαι
3810 1971 3943 2041 (64)

2321 2063 2662 2132 προετύπουν,
2703 2059 2750 2111 ἐν
2800 2069 2862 2132 τῇ
2899 2060 3100 2132 Αἰλεὶμ,
3131 2059 3201 2121 εἰς
3233 2060 3294 2118 ἣν
3331 2056 3484 2116 ἦλθον
3517 2061 3564 2111 οἱ
3595 2059 3942 2132 Ἰσραηλῖται

2324 2146 2596 2211 διαϐάντες
2623 2155 2716 2207 τὴν
2761 2151 3010 2224 Ἐρυθρὰν
3057 2148 3345 2212 θάλασσαν,
3393 2151 3448 2200 αἱ
3498 2145 3716 2200 δώδεκα
3760 2155 3942 2220 πηγαὶ

2320 2247 2418 2290 τῶν
2471 2235 2699 2304 ὑδάτων,
2733 2243 2823 2291 καὶ
2871 2241 2937 2290 τὰ
2981 2235 3342 2310 ἐϐδομήκοντα
3387 2237 3610 2309 στελέχη
3662 2246 3766 2289 τῶν
3825 2259 3942 2311 φοι-

2323 2331 2499 2379 νίκων.

2400 2421 2499 2468 Καὶ
2579 2415 2872 2468 ἀπέστειλεν
2943 2447 3011 2456 -
3107 2415 3304 2488 ἔμελλεν
3404 2415 3562 2476 αὐτὸς
3655 2419 3936 2488 ἔρχεσθαι.

2329 2510 2429 2558 Καὶ
2485 2508 2606 2566 τοὺς
2643 2502 2855 2558 δώδεκα
2896 2507 3088 2578 ὁμοίως
3143 2508 3278 2557 κατά
3322 2508 3581 2575 συζυγίαν
3614 2503 3936 2568 ἀπέστειλεν,

2327 2599 2394 2656 ὡς
2448 2598 2620 2669 εἴρηκε
2673 2597 2884 2667 Μάρκος
2933 2593 2981 2646 ἐν
3041 2603 3111 2665 τῷ
3169 2590 3729 2666 τεσσαρεσκαιδεκάτῳ
3783 2616 3940 2666 κεφα-

2325 2684 2472 2755 λαίῳ·
2518 2683 2645 2735 ἀλλά
2701 2687 2820 2744 τοὺς
2876 2679 3086 2735 δώδεκα
3128 2685 3217 2754 μὲν
3278 2683 3349 2743 εἰς
3403 2685 3583 2744 πάσας
3628 2687 3718 2746 τάς
3763 2684 3939 2744 πόλεις

2327 2780 2417 2826 καὶ
2462 2779 2641 2844 κώμας
2685 2780 2777 2824 τοῦ
2827 2771 3042 2845 Ἰσραὴλ
3095 2771 3414 2837 ἀπέστειλεν,
3457 2775 3522 2832 ὡς
3572 2773 3928 2843 τελειοτέοουςσ

2328 2867 2447 2924 τοὺς
2499 2859 2853 2934 ἐϐδομήκοντα
2890 2859 2967 2925 δὲ,
3028 2861 3094 2920 εἰς
3137 2865 3298 2933 μόνας
3357 2864 3446 2920 τὰς
3503 2863 3626 2913 κατά
3675 2857 3918 2930 πάροδοι

2330 2952 2487 3003 αὐτοῦ
2552 2956 2808 3022 κειμένας,
2863 2947 2933 3001 δι’
2982 2947 3048 3000 ὧν
3101 2949 3272 3021 ἔμελλε
3338 2952 3669 3021 πορεύεσθαι,
3721 2951 3915 3020 κηρύτ-

2328 3061 2510 3101 τοντας
2531 3043 2802 3112 μετάνοιαν
2822 3040 3230 3112 ἱμαρτημάτων,
3256 3044 3345 3092 καὶ
3368 3039 3540 3111 ἄφιξιν
3568 3046 3658 3091 τοῦ
3689 3046 3929 3111 χορηγοῦ

2256 3150 2296 3206 C
2330 3139 2422 3192 τῆς
2452 3133 2647 3182 τούτων
2687 3128 2932 3201 ἀφέσεως.

2399 3218 2570 3290 Ἔλεγε
2617 3251 2685 3258 ——
2738 3218 2924 3289 ὀλίγοι.
2981 3219 3234 3290 Θερισμὸν
3284 3220 3372 3289 μὲν
3425 3216 3560 3288 λέγει
3617 3221 3734 3277 τοὺς
3803 3218 3931 3289 θερι-

2334 3311 2691 3377 σθησομένους
2721 3308 2835 3376 (65)
2869 3306 2968 3359 ἀπὸ
3007 3315 3102 3368 τῆς
3135 3305 3385 3366 ἀπιστίας
3428 3312 3514 3358 καὶ
3569 3308 3930 3377 συγκομισθη-

2334 3403 2579 3470 σομένους
2637 3397 2702 3457 εἰς
2773 3401 2865 3454 τὴν
2929 3401 3107 3448 πίστιν
3166 3396 3340 3448 αὐτοῦ·
3400 3396 3624 3468 ἐργάτας
3687 3392 3768 3463 δὲ,
3822 3401 3933 3455 τους

2332 3486 2670 3552 ἀποστόλους,
2704 3489 2818 3546 τοὺς
2846 3487 3224 3560 ὑπηρετοῦντας
3250 3485 3319 3547 εἰς
3346 3493 3516 3538 τοῦτο,
3551 3480 3849 3542 Δεδήλωται
3876 3481 3909 3536 δ
3914 3491 3934 3537 ε

2331 3574 2548 3627 ἐνταῦθα
2574 3577 2602 3632 ἡ
2647 3574 2791 3626 αἰτία
2831 3582 2925 3635 τῆς
2967 3573 3225 3647 προϐολῆς
3260 3582 3358 3625 τῶν
3406 3570 3788 3644 ἐϐδομήκοντα.
3835 3580 3932 3626 Καὶ

2329 3667 2401 3715 ἔτι
2428 3661 2485 3715 δὲ
2516 3663 2720 3734 ὀλίγους
2747 3666 2930 3735 ἔφησεν
2954 3671 3082 3715 εῖναι
3103 3666 3221 3723 τοὺς
3248 3665 3556 3734 σύμπαντας
3585 3661 3928 3727 ἀποστόλους,

2327 3756 2452 3827 πρὸς
2483 3756 2538 3804 τό
2569 3753 2666 3811 πλῆ
2679 3755 2764 3814 θος
2790 3760 2890 3804 τῶν
2916 3752 3198 3823 μελλόντων
3230 3754 3516 3804 πιστεύειν.

2399 3844 2621 3899 Δεήθητε
2681 3872 2750 3880 -
2805 3836 2986 3892 αύτοῦ.
3060 3846 3224 3892 Τοῦτο
3281 3844 3370 3891 καὶ
3449 3843 3506 3890 τό
3557 3843 3658 3911 πρὸ
3740 3843 3924 3892 τούτου

2325 3932 2478 4004 ῥητὸν
2519 3927 2625 3982 εἶπε
2675 3934 2764 3981 καὶ
2813 3928 2859 3980 ἐν
2910 3937 2982 3999 τῷ
3011 3928 3140 3981 τέλει
3192 3935 3282 3980 τοῦ
3342 3925 3796 3980 ὀκτωκαιδεκάτου
3845 3948 3922 3981 κει

2327 4020 2542 4092 φαλαίου
2591 4028 2681 4070 τοῦ
2739 4021 2871 4070 κατὰ
2901 4020 3186 4070 Ματθαῖον·
3245 4017 3351 4069 ἀλλ’
3393 4016 3497 4070 ἐκεῖ
3546 4020 3635 4088 μὲν
3684 4020 3920 4091 θερισμὸν

2324 4109 2481 4161 πολύν
2507 4108 2665 4179 ἔλεγε,
2701 4113 2818 4167 τοὺς
2867 4107 2920 4170 ἐξ
2973 4103 3244 4160 ’Ῑουδαίων
3299 4115 3584 4158 πιστεύσαι
3634 4107 3916 4178 μέλλοντας

2323 4197 2541 4250 ἐνταῦθα
2574 4195 2650 4266 δὲ,
2679 4203 2795 4258 τοὺς
2848 4197 2902 4258 ἐξ
2949 4195 3129 4252 ἐθνῶν,
3173 4201 3272 4248 Καὶ
3335 4196 3448 4265 (66)
3488 4195 3590 4248 ἐκεῖ
3637 4201 3728 4267 μὲν
3775 4217 3918 4270 προε-

2323 4293 2532 4359 τρέπετο
2589 4291 2708 4348 τοὺς
2775 4282 3003 4350 δώδεκα,
3036 4282 3287 4344 δεηθῆναι
3342 4291 3460 4356 περὶ
3488 4284 3780 4347 ἀποστολῆς
3830 4294 3918 4337 τῶν

2323 4373 2683 4448 ἐϐδομήκοντα
2731 4378 2942 4427 τούτων·
2997 4373 3217 4426 ἐνταῦθα
3275 4370 3334 4426 δὲ
3389 4378 3506 4434 τοὺς
3569 4371 3918 4444 ἐϐδομήκοντα

555 4464 931 4538 promotione
956 4464 1368 4536 episcoporum
1400 4480 1467 4520 ac
1499 4469 1926 4536 praeceptorum
1961 4482 2066 4538 per
2093 4468 2208 4524 sin-

2326 4469 2556 4531 τούτους,
2613 4470 2730 4537 περὶ
2775 4462 3030 4536 προϐολῆς
3081 4471 3180 4515 τῶν
3235 4465 3370 4515 κατά
3399 4464 3572 4524 πόλεις
3611 4470 3697 4516 καὶ
3743 4471 3916 4536 χώρας

555 4553 728 4626 gulas
759 4553 1022 4610 civitates
1063 4569 1132 4610 ac
1190 4552 1486 4622 regiones.
1531 4555 1681 4624 Lege
1723 4560 1922 4611 autem
1977 4572 2210 4614 enarra-

553 4645 776 4701 tionem
809 4643 1126 4714 praesentis
1151 4641 1288 4697 dicti
1321 4642 1380 4697 in
1424 4648 1758 4700 memorato
1799 4645 1986 4716 capite
2022 4648 2210 4702 Evan-

553 4732 692 4810 gelii
719 4732 1052 4790 secundum
1082 4731 1424 4789 Mattheum.

628 4824 787 4882 Vers.
817 4823 870 4878 3.
903 4823 991 4880 Ite
1035 4853 1102 4863 —
1155 4823 1344 4892 lupos.
1378 4824 1497 4878 Hoc
1544 4822 1719 4878 etiam
1771 4823 1848 4878 ad
1887 4822 2208 4880 duodecim

626 5004 676 5042 ⁸ο
701 5001 887 5060 Exod.
914 5017 1012 5071 xv,
1037 5003 1129 5058 2'1.

2323 4554 2614 4607 ἐπισκόπων
2672 4560 2761 4606 καὶ
2815 4549 3179 4608 διδασκάλων.
3243 4552 3533 4624 Ἀνάγνωθι
3587 4549 3645 4604 δὲ
3690 4557 3774 4602 καὶ
3820 4558 3907 4609 τὴν

2322 4646 2570 4715 ἐξήγησιν
2611 4652 2702 4696 τοῦ
2746 4647 3001 4717 παρόντος
3035 4643 3198 4716 ῥητοῦ
3231 4642 3280 4693 ἐν
3311 4651 3383 4714 τῷ
3421 4644 3621 4717 ῥηθέντι
3658 4639 3900 4710 κεφαλαίῳ

2319 4742 2410 4787 τοῦ
2436 4735 2570 4785 κατὰ
2593 4735 2883 4787 Ματθαῖον.

2390 4822 2635 4894 Ὑπάγετε
2708 4853 2775 4862 -
2827 4821 3016 4874 λύκων.
3076 4825 3240 4872 Τοῦτο
3300 4816 3407 4872 εἷπε
3461 4824 3551 4873 καὶ
3621 4821 3754 4892 πρὸς
3803 4822 3912 4880 τοὺς

1772 5125 1996 5194 Variae
2035 5126 2362 5194 lectiones
2403 5133 2472 5193 et
2496 5135 2700 5193 notae.

627 5323 738 5392 (64)
767 5325 977 5378 Auctor
1004 5321 1185 5392 hujus
1226 5322 1530 5377 sententias
1560 5326 1647 5376 est
1696 5321 1999 5390 Origenes,
2049 5321 2213 5378 hom-

540 5394 665 5450 .8in
693 5393 898 5456 Exod.,
927 5409 1110 5463 quam
1142 5399 1358 5464 postea,
1392 5398 1456 5448 ut
1481 5392 1600 5448 fere
1628 5393 1861 5457 accidit,
1895 5392 2096 5464 plures
2127 5393 2215 5449 in-

558 5471 840 5537 terpretes
868 5470 1008 5518 sunt
1057 5465 1339 5536 amplexi.

2395 5322 2510 5466 (65;
2541 5326 2944 5397 Θερισομένους.
2965 5321 3035 5378 Α.

2398 5393 2486 5463 (66
2539 5400 2637 5448 Καὶ
2665 5395 2847 5451 abest.
2875 5395 2943 5447 A.

2398 5393 2510 5463 (66)
2539 5393 2637 5448 Καὶ
2665 5393 2847 5451 abest.
2875 5395 2943 5447 A.

631 5641 762 5784 Em)
794 5641 876 5695 Et
902 5641 1060 5712 sequi
1097 5658 1173 5697 se.
1203 5642 1276 5696 Et
1310 5655 1430 5695 non
1459 5646 1546 5696 est
1575 5641 1636 5696 in
1659 5642 1856 5698 Graeco
1888 5647 1943 5698 et
1968 5642 2185 5702 abesse
2215 5643 2414 5703 debet.

653 5711 1191 5784 yy)_Conjunctim.
1223 5714 1370 5767 Κατά
1401 5714 1658 5782 συζυγίαν
1685 5720 1774 5772 est
1797 5713 1984 5771 binos,

653 5711 1191 5786 yy)VConjunctim.
1223 5714 1370 5767 Κατά
1401 5714 1658 5782 συζυγίαν
1685 5720 1774 5772 est
1797 5713 1984 5771 binos,
