4170 6364
321 369 426 425 957

1434 318 1799 405 COMMENT.
1846 354 1914 409 IN
1957 355 2214 413 LUCAM.
2255 392 2324 401 —
2356 365 2510 419 CAP.
2544 365 2610 420 Χ.

3585 366 3690 422 958

326 489 559 560 δώδεκα,
598 496 686 544 καὶ
732 492 961 552 ζήτησον
1002 492 1048 545 ἐν
1080 501 1147 562 τῷ
1192 484 1626 546 ἐννεακαιδεκατῳ
1663 481 1922 555 κεφαλαίῳ

2046 485 2199 553 dixit,
2241 493 2297 545 et
2315 506 2514 561 quaere
2539 492 2772 548 decimo
2820 508 2979 549 nono
3006 492 3175 563 juxta
3200 491 3538 549 Matthieum
3588 508 3686 549 ca-

325 590 419 633 τοῦ
444 585 577 634 κατά
606 583 872 635 Νιατθαίον
912 587 996 639 τήν
1030 581 1294 657 ἑρμηνείαν
1319 590 1426 634 τον·
1458 566 1603 629 Ἰδοὺ
1635 565 1729 641 ἐγὼ
1764 572 1925 626 ἀποσι

320 670 478 721 τέλλω
508 672 637 743 ὑμᾶς
668 673 734 732 ὡς
765 670 1003 744 πρόϐατα
1024 671 1070 722 ἐν
1102 677 1242 743 μέσῳ
1273 672 1455 723 λύκων.

398 763 547 812 Εἴποι
606 757 658 812 δ’
711 762 771 811 οἶν
798 780 887 827 τις
942 762 1227 827 κάνταύθα,
1287 764 1366 813 ὅτι
1409 764 1523 819 τοὺς
1571 750 1780 807 δώδεκα
1835 760 1924 828 μὲν

320 848 558 915 πρόϐατα
588 848 842 915 ἐκάλεσεν,
887 852 953 911 ὡς
998 850 1355 926 τελειοτέρονς·
1403 854 1519 910 τοὺς
1564 844 1925 919 ἐϐδομήκοντα

325 934 401 996 δὲ.
434 940 608 1012 ἄρνας.

396 1032 481 1085 Μὴ
525 1060 590 1069 —-
637 1024 975 1099 ὑποδήματα.
1030 1032 1123 1081 Διά
1166 1038 1257 1089 τῆς
1307 1028 1697 1103 ἀπαγορεύσεως
1731 1044 1923 1078 τούτων

322 1114 511 1168 κελεύει
587 1115 789 1190 θαρρεῖν
846 1123 962 1191 περὶ
1015 1127 1112 1169 τῶν
1179 1118 1471 1189 ἀναγκαίων
1534 1126 1623 1169 τού
1685 1121 1923 1187 σώματος

322 1203 404 1257 ἐπὶ
451 1214 523 1275 τῷ
574 1204 936 1257 ἀποστείλαντι
979 1210 1211 1268 τούτους·
1254 1207 1529 1282 ἀποτρέπει
1575 1204 1653 1273 δὲ,
1700 1202 1791 1256 δια
1834 1206 1922 1275 μὲν

321 1301 413 1345 τοῦ
464 1303 535 1366 pf)
590 1292 878 1367 βαστάζειν
922 1294 1197 1366 βαλάντιον
1239 1298 1375 1367 (67),
1424 1301 1514 1354 τὴν
1560 1297 1920 1369 φιλαργυρίανο

322 1379 415 1434 διὰ
470 1379 529 1434 δὲ
577 1392 691 1447 τοῦ,
746 1389 815 1451 μή
873 1390 1064 1458 πήραν,
1114 1390 1171 1437 το
1217 1391 1286 1457 μη
1333 1387 1669 1457 ταμιεύεσθαι
1709 1388 1917 1456 τροφήν·

322 1467 415 1524 διὰ
467 1468 526 1523 δὲ
575 1480 687 1536 τοῦ,
735 1477 805 1544 μὴ
849 1471 1182 1546 ὑποδήματα,
1236 1472 1567 1548 παιὸοτριϐεῐ
1614 1474 1799 1533 αὐτούς
1853 1472 1922 1532 εἰς
1972 1542 1979 1547 μ

321 1562 572 1618 ἄσκησιν.
602 1562 924 1632 Παρήγγειλε
952 1560 1017 1620 δὴ
1062 1572 1223 1615 ταῦτα
1253 1570 1341 1615 καὶ
1373 1572 1481 1625 τοῖς
1512 1560 1721 1615 δώδεκα
1763 1562 1810 1614 ἐν
1851 1570 1920 1631 τῷ

322 1646 607 1706 ὃηλωθέντι
639 1648 1072 1723 ἐννεακαιδεκάτῳ
1103 1653 1374 1725 κεφαλαίῳ.

400 1745 499 1791 Καὶ
546 1771 613 1779 —
654 1739 988 1798 ἀσπάσησθε,
1038 1749 1201 1793 Τούτο
1243 1742 1573 1815 προσέταξεν,
1635 1742 1691 1793 οὐ
1739 1740 1919 1813 βουλό-

2038 576 2153 645 pite
2211 577 2345 633 dicti
2386 580 2543 636 iliius
2586 583 3124 654 interpretationem
3160 606 3170 636 :
3207 583 3350 638 Ecce
3396 597 3487 652 ego
3518 582 3687 637 mitto

2039 679 2135 719 vos
2165 669 2450 738 tanquam
2481 687 2611 727 oves
2652 672 2715 726 in
2743 672 2925 728 medio
2955 674 3258 742 luporum.
3296 673 3363 723 δι.

2110 756 2316 811 Poterit
2346 758 2537 829 quivis
2554 760 2669 815 hoc
2708 762 2885 816 etiam
2918 761 3047 816 loco
3088 760 3303 825 dicere,
3344 760 3507 832 quod
3539 760 3687 815 duo-

2036 841 2221 898 decim
2256 847 2639 917 appellaverit
2670 866 2829 914 oves,
2861 855 3147 921 tanquam
3186 849 3569 920 perfectiores,
3602 865 3689 904 se-

2035 932 2345 1001 ptuaginta
2374 949 2513 989 vero
2539 952 2745 1007 agnos,
2784 943 3068 1009 tanquam
3096 937 3434 992 teneriores.

2110 1019 2270 1075 Vers.
2308 1026 2357 1077 4.
2409 1024 2610 1081 Nolite
2654 1057 2716 1065 ——
2770 1028 3180 1082 oalceamenta.
3230 1029 3343 1081 Hoc
3378 1026 3687 1082 interdicto

2030 1108 2200 1180 jubet
2230 1118 2293 1166 ut
2323 1112 2395 1166 de
2427 1116 2775 1170 necessariis
2796 1116 3058 1187 corporis
3086 1130 3254 1187 spem
3296 1114 3355 1168 in
3388 1115 3553 1169 illum
3583 1116 3687 1170 ha-

2035 1198 2354 1273 beant,qui
2385 1202 2550 1274 ipsos
2582 1205 2791 1259 emisit.
2820 1206 2965 1260 Cum
3004 1210 3204 1260 autem
3230 1204 3419 1274 jubet,
3450 1220 3523 1259 ne
3564 1221 3688 1259 sac-

2034 1288 2231 1343 culum
2264 1290 2471 1358 ferant,
2524 1293 2601 1348 ab
2634 1294 2879 1349 avaritia
2930 1298 3155 1350 avocat.
3228 1294 3458 1356 Dicens,
3514 1308 3689 1364 neque

2032 1392 2257 1445 peram,
2286 1380 2630 1436 dehortatur
2668 1398 2702 1437 a
2733 1381 3106 1438 recondendo
3150 1382 3302 1437 cibo.
3347 1380 3494 1436 Cum
3548 1397 3688 1436 vero

2034 1468 2199 1522 addit
2250 1484 2261 1519 :
2310 1485 2490 1540 neque
2542 1473 2962 1540 calceamenta,
3008 1473 3084 1528 ad
3144 1472 3487 1527 exercitium
3529 1471 3688 1541 ipsos

2032 1558 2243 1612 erudit.
2285 1558 2563 1631 Praecepit
2584 1577 2723 1617 vero
2751 1563 2878 1617 haec
2909 1562 3087 1617 etiam
3110 1561 3420 1617 duodecim
3446 1561 3690 1615 laudato

2033 1648 2219 1716 capite
2258 1648 2492 1703 decimo
2533 1666 2718 1707 nono.

2104 1736 2268 1792 Vers.
2323 1739 2374 1793 4.
2427 1740 2503 1793 Et
2548 1771 2615 1780 —
2647 1742 3066 1797 salutaverilis.
3129 1742 3246 1795 Hoc
3314 1738 3509 1809 jussit,
3565 1751 3687 1791 non

323 1846 469 1899 μενος
549 1827 923 1902 ἀπανθρώπους
1008 1831 1191 1891 αύτούς
1260 1834 1496 1902 γίνεσθαι
1551 1836 1637 1883 καὶ
1692 1830 1921 1904 ἀπροση-

2057 1827 2395 1883 nhumanos
2428 1844 2528 1883 eos
2568 1828 2689 1884 ﬁeri
2720 1831 2946 1893 volens,
2977 1834 3078 1886 aut
3114 1828 3381 1884 moribus
3426 1842 3685 1897 asperos,

321 1922 528 1991 γὸρους,
580 1917 684 1970 ἀλλ’
727 1917 1156 1991 ἀνεμποδίστούς.
1212 1923 1370 1974 Εῐωθε
1414 1925 1513 1995 γὰρ
1567 1923 1596 1979 ἡ
1648 1920 1761 1972 καθ’
1800 1917 1922 1972 ὁδὸν

322 2006 503 2077 ὁμιλία
562 2012 619 2059 τὸ
697 2012 932 2061 σύντονον
994 2009 1255 2081 ἐγκόπτειν
1350 2014 1411 2070 ὡς
1476 2012 1539 2061 τά
1613 2010 1774 2061 πολλά
1834 2018 1923 2068 τῆς

323 2092 585 2157 σπουδῆς.
649 2100 969 2169 Προστάττει
1026 2104 1196 2150 τοίνυν
1248 2100 1424 2160 αὐτοῖς
1477 2105 1627 2171 μόνον
1684 2101 1923 2169 γίνεσθαι

319 2192 414 2236 τοῦ
467 2184 895 2257 ἐμπιστευθέντος
962 2190 1137 2259 ἔργον,
1195 2194 1284 2241 καὶ
1355 2185 1493 2261 μηδὲ
1549 2192 1635 2239 τὸν
1691 2193 1923 2259 τυχόντα

318 2278 500 2347 καιρὸν
549 2282 639 2326 τοῦ
686 2279 1021 2349 κηρύγματος
1076 2274 1311 2347 ὃαπανᾲν
1384 2281 1449 2337 είς
1506 2281 1570 2328 τα
1624 2282 1692 2348 μὴ
1760 2276 1921 2347 ἀναγ-

317 2368 448 2415 καία
489 2370 578 2416 καὶ
624 2367 878 2439 πάρεργα.
924 2371 1023 2418 Καὶ
1068 2368 1092 2417 ὁ
1125 2366 1415 2427 Ἐλισσαῖος
1469 2364 1526 2419 δὲ
1574 2366 1725 2418 πάλιν
1767 2366 1916 2425 Γιεζῆ

315 2456 403 2504 τὸν
457 2454 717 2527 ὑπηρέτην
777 2454 932 2507 αὐτοῦ
986 2455 1071 2507 ἐπί
1125 2476 1176 2507 τι
1230 2464 1531 2525 κατεπεῖγον
1596 2456 1917 2521 ἀποστείλας,

318 2540 612 2593 ἐνετείλατο·
646 2544 723 2594 ὅτι
752 2543 865 2596 Ἐὰν
898 2544 1048 2616 εύρης
1078 2541 1264 2617 ἄνδρα,
1301 2546 1392 2597 οὐκ
1426 2545 1722 2616 εὐλογήσεις
1768 2545 1920 2599 αὐτόν

317 2636 407 2682 καὶ
453 2628 535 2681 ἐάν
580 2631 837 2705 εύλογήση
904 2652 959 2684 σε
1014 2632 1163 2705 ἀνὴρ,
1210 2634 1299 2684 ούκ
1358 2634 1690 2708 ἀποκριθήσῃ
1756 2635 1916 2704 αύτῷ·

320 2719 575 2792 ἐμφαίνων
657 2726 715 2772 τὸ
779 2730 977 2793 χρῆναι
1032 2719 1275 2793 βαδίζειν
1349 2722 1763 2795 ἀπερίσπαστον,
1832 2730 1920 2777 καὶ

319 2808 582 2870 παντελῶς
613 2806 1016 2881 ἀνεμπόδιστον.

399 2985 485 3045 Εἰς
539 2985 597 3043 ἢν
660 3018 727 3026 -
772 2989 956 3058 τούτῳ.
1004 2994 1166 3039 Τοῦτο
1214 2992 1271 3040 τὸ
1314 2994 1598 3064 πρόσρημα
1641 2992 1921 3064 ἀσπασμὸν

326 3073 559 3127 ἐκάλεσεν
609 3076 633 3126 ὁ
678 3078 946 3137 Ματθαῖος
990 3078 1101 3148 (68)
1153 3076 1199 3128 ἐν
1256 3086 1327 3149 τῷ
1385 3079 1723 3154 προρῥηθέντι
1772 3102 1920 3153 κεφα-

2033 1931 2186 1987 quos
2218 1932 2398 1972 nemo
2430 1919 2615 1990 possit
2654 1919 3033 1991 compellare,
3100 1919 3202 1973 sed
3262 1917 3687 1988 impedimento

2034 2010 2321 2061 carentes.
2361 2006 2514 2062 Solet
2540 2009 2699 2063 enim
2727 2008 3002 2063 salutatio
3027 2024 3130 2078 per
3156 2007 3338 2074 viam,
3375 2007 3688 2061 vehemen-

2022 2090 2126 2149 tiee
2158 2095 2333 2149 studii
2388 2101 2451 2151 ut
2488 2097 2814 2169 plurimum
2873 2096 3128 2152 obstare.
3180 2094 3444 2165 Praecipit
3490 2095 3690 2167 itaque

2032 2182 2163 2250 illis,
2199 2192 2257 2240 ut
2312 2185 2422 2240 soli
2462 2186 2627 2256 operi
2691 2186 2774 2240 eis
2838 2186 3158 2241 commisso
3216 2185 3525 2240 intendant
3573 2200 3585 2237 :
3635 2189 3692 2239 et

2032 2275 2295 2330 oblatam
2311 2274 2754 2346 praedicationis
2771 2275 3147 2330 occasionem
3164 2291 3281 2329 non
3299 2274 3605 2328 insumant
3630 2274 3690 2328 in

2032 2380 2102 2420 ea
2131 2381 2264 2436 quae
2283 2364 2621 2419 necessaria
2642 2379 2762 2419 non
2795 2370 2950 2428 sunt,
2987 2364 3090 2419 sed
3130 2369 3343 2433 praeter
3395 2363 3689 2417 intentum

2032 2470 2159 2509 sese
2182 2452 2453 2508 offerunt.
2484 2452 2724 2508 Elisaaus
2744 2468 2984 2524 quoque
3016 2452 3156 2507 olim
3186 2452 3403 2506 emisso
3429 2450 3581 2507 Giczi
3610 2450 3692 2506 fa-

2035 2542 2195 2598 mulo
2225 2544 2298 2597 ad
2324 2559 2477 2613 opus
2508 2542 2671 2613 quod
2702 2542 3136 2597 festinationem
3162 2541 3519 2613 requirebat,
3544 2556 3691 2612 prte-

2032 2631 2187 2702 cepit
2212 2630 2412 2686 dicens
2437 2647 2448 2685 :
2491 2632 2555 2684 Si
2577 2633 2862 2687 inveneris
2888 2630 3091 2699 virum,
3122 2646 3239 2685 non
3261 2630 3569 2685 benedicas
3591 2631 3644 2685 ei
3672 2645 3685 2685 :

2030 2728 2085 2775 et
2107 2721 2157 2776 si
2176 2720 2278 2775 (ibi
2304 2720 2663 2776 benedixerit
2688 2722 2781 2775 vir
2810 2735 2884 2775 ne
2914 2719 3265 2787 respondeas
3319 2718 3417 2773 illi
3441 2721 3508 2785 6*,
3547 2718 3691 2773 indi-

2031 2826 2169 2865 cans
2194 2825 2346 2882 opus
2379 2825 2508 2864 esse
2540 2813 2603 2864 ut
2626 2807 3009 2864 indistractus
3042 2824 3111 2864 ac
3160 2807 3407 2864 omnino
3436 2807 3562 2862 sine
3583 2806 3689 2861 im-

2032 2899 2373 2972 pedimento
2385 2897 2753 2971 procederet.

2104 2990 2272 3043 Vers.
2313 2992 2358 3043 5.
2397 2988 2457 3042 In
2511 3002 2919 3059 quamcunque
2956 3018 3024 3027 —
3081 2987 3241 3043 huic.
3273 2987 3434 3042 Hanc
3472 2985 3689 3042 allocu-

2033 3079 2253 3134 tionem
2283 3076 2581 3133 Matthaeus
2614 3077 3031 3132 salutationem
3058 3075 3388 3132 nominavit
3408 3075 3689 3147 praedicto

322 3161 470 3233 λαίῳ.
507 3163 762 3235 Σύμϐολον
805 3161 863 3217 δὲ
895 3165 1103 3236 ἀγάπης
1151 3168 1175 3217 ὁ
1206 3176 1431 3229 τοιοῦτος
1482 3170 1778 3242 ἀσπασμὸς,
1831 3168 1922 3230 δη-

2046 3167 2249 3239 sapite.
2283 3168 2350 3221 ⁸³.
2387 3169 2481 3222 Est
2508 3171 2705 3222 autem
2748 3166 3099 3237 hujusmodi
3152 3166 3423 3221 salutatio
3446 3164 3687 3233 signum

321 3250 443 3316 λῶν,
474 3254 553 3304 ὅτι
584 3252 832 3324 εἰρηνικοὶ
860 3260 948 3307 καὶ
990 3255 1126 3326 φίλοι
1154 3262 1565 3329 παραγεγόνασι.

399 3432 497 3480 Καὶ
530 3426 613 3479 ἐὰν
653 3462 716 3469 -
746 3432 887 3501 ὑμῶν
916 3434 1050 3502 (69).
1071 3434 1125 3487 Ἠ
1160 3436 1320 3506 χάρις
1349 3444 1437 3496 τῆς
1458 3433 1702 3500 δοθείσης
1727 3440 1925 3513 εἰρήνης

319 3518 446 3590 παρ’
490 3518 650 3588 ὑμῶν,
699 3521 727 3577 ἡ
778 3520 1002 3594 ἐνέργεια
1046 3531 1135 3574 τού
1188 3528 1421 3575 τοιούτου
1479 3526 1652 3597 λόγον·
1705 3532 1812 3589 υίὸς
1867 3527 1925 3583 δὲ

322 3605 551 3679 εἰρήνης,
580 3609 603 3658 ὁ
632 3608 907 3679 εἰρηνικὸς,
942 3614 1010 3672 ὡς
1041 3609 1304 3685 διαφόρως
1326 3614 1618 3688 εἰρήκαμεν.

396 3784 455 3835 Εἰ
502 3780 560 3835 δὲ
603 3815 666 3824 -
709 3784 1023 3859 ἀνακάμψει.
1059 3789 1345 3861 Ἀνάγνωθι
1405 3797 1492 3843 καὶ
1546 3792 1594 3844 ἐν
1625 3802 1696 3863 τῷ
1756 3794 1919 3848 ἐννεα-

317 3870 619 3945 καιδεκάτῳ
650 3875 909 3946 κεφαλαίῳ
953 3884 1044 3928 τοῦ
1071 3882 1202 3930 κατά
1241 3883 1505 3932 Ματθαῑον
1550 3887 1642 3939 τὴν
1675 3882 1922 3954 ἐξηγησιν

318 3969 434 4014 τοῦ·
472 3968 569 4014 Καὶ
600 3962 682 4014 ἐὰν
713 3967 802 4033 μὲν
832 3961 859 4022 ἦ
895 3968 923 4021 ἡ
960 3966 1099 4017 οἰκία
1125 3966 1265 4032 ἀξία,
1295 3968 1478 4021 ἐλθέτω
1512 3973 1537 4029 ἡ
1574 3974 1747 4044 εἰρήνη
1782 3975 1921 4043 ὑμῶν

319 4050 400 4103 ἐπ’
456 4051 636 4109 αὐτὴν·
693 4051 776 4103 ἐάν
856 4050 914 4105 δὲ
980 4060 1050 4125 μὴ
1223 4055 1361 4122 ἀξία,
1426 4062 1454 4116 ἡ
1526 4060 1700 4134 εἰρήνη
1781 4063 1921 4133 ὑμῶν

318 4144 455 4213 πρὸς
483 4142 617 4212 ὑμᾶς
647 4140 1037 4215 ἐπιστραφήτω.

396 4229 476 4282 Ἐν
508 4230 637 4301 αὐτῇ
671 4261 734 4270 -
761 4231 916 4282 αὐτοῦ
947 4230 1083 4288 ἐστι.
1130 4238 1226 4285 Καὶ
1255 4240 1370 4307 περὶ
1408 4239 1602 4289 τούτων
1642 4240 1828 4310 ὁμοίως
1875 4240 1921 4293 ἐν

319 4318 494 4389 ἐκείνῳ
527 4327 598 4388 τῷ
630 4319 886 4391 κεφαλαίῳ
939 4331 1114 4392 σαφῶς
1162 4322 1376 4397 ἐρρηθη,
1427 4330 1611 4400 μικρὸν
1665 4326 1917 4401 ἀνωτέρω.

320 4408 546 4459 Ἐσθίειν
578 4404 636 4459 δὲ
675 4413 759 4458 καὶ
794 4415 953 4459 πίνειν
998 4413 1060 4460 τά
1100 4414 1220 4485 παρ’
1274 4414 1438 4465 αὐτῶν
1480 4415 1767 4487 ἐπέτρεψεν,
1819 4421 1919 4490 ούγ

320 4495 515 4558 ἁπλῶς,
547 4494 651 4546 ἀλλ’
681 4499 749 4557 ὡς
771 4501 960 4566 πρέπον
994 4496 1103 4550 ἐστὶ
1129 4503 1391 4570 μαθηταῖς
1423 4504 1599 4556 αὐτοῦ.
1630 4513 1789 4558 Τοῦτο
1822 4512 1919 4581 γάρ

317 4592 579 4657 γνώριμον
610 4581 669 4642 ἧν
702 4585 894 4646 αὐτοῖς.

392 4678 476 4731 Μὴ
511 4704 578 4712 —
608 4673 801 4726 οἰκίαν.
839 4673 921 4725 Ἐν
948 4673 1106 4747 ἐκείνη
1143 4684 1203 4747 τῇ
1236 4675 1482 4748 ἐξηγήσει
1507 4685 1599 4738 τὴν
1629 4682 1798 4734 αἰτίαν
1829 4693 1920 4736 τοῦ

318 4766 392 4834 μὴ
427 4760 747 4833 μεταϐαίνειν
778 4764 895 4835 εύρή
907 4782 1031 4826 σεις.

396 4855 495 4902 Καὶ
553 4850 621 4911 εἰς
694 4882 759 4891 -
818 4858 970 4905 Θεοῦ.
1035 4854 1303 4906 Βασιλείαν
1369 4864 1460 4908 τοῦ
1533 4863 1659 4911 Θεοῦ
1739 4860 1918 4916 ἑαυτὸν

318 4939 454 5009 λέγει
482 4946 567 4990 νῦν
602 4942 666 5001 ὡς
719 4938 943 5013 βασιλέα
984 4947 1073 4994 καὶ
1122 4948 1270 5000 Θεὸν.
1312 4942 1555 5016 Ἥγγικε,
1607 4955 1781 5020 φησὶν,
1830 4958 1919 5006 καὶ

316 5022 428 5085 ἤδη
466 5023 787 5100 ἐπιδημήσει
833 5030 972 5100 ύμῖν⁶
1025 5030 1162 5093 ἄξιοι
1205 5035 1428 5102 γίνεσθε,
1467 5034 1803 5107 ἑτοιμάζεσθε
1849 5040 1921 5103 εἰς

317 5111 620 5187 ὑποδοχήν.

392 5332 436 5367 ⁶¹
479 5331 674 5387 Matth.
707 5348 761 5401 x,
786 5336 867 5389 16.
1008 5336 1054 5371 ⁶²
1097 5334 1166 5391 ιν
1196 5336 1338 5409 Reg.
1366 5353 1445 5407 ιν,
1470 5338 1558 5395 29.

1694 5343 1972 5414 ⁸ἸΜᾶιι11.
2014 5362 2071 5412 x,
2112 5345 2195 5401 12.

2035 3257 2382 3319 dilectionis,
2413 3254 2757 3325 signiﬁcans
2775 3255 2937 3326 quod
2968 3254 3200 3327 paciﬁci
3230 3260 3282 3309 et
3310 3252 3476 3309 amici
3516 3252 3689 3307 adve-

2035 3347 2247 3400 nerint.

2106 3436 2273 3490 Vers.
2324 3438 2372 3488 6.
2408 3434 2488 3488 Et
2516 3434 2652 3487 si—
2684 3438 2899 3488 vestra.
2942 3434 3058 3487 Hoc
3089 3436 3179 3487 est
3234 3431 3425 3501 gratia
3475 3430 3627 3485 datae
3652 3446 3687 3486 a

2033 3524 2199 3579 vobis
2222 3524 2404 3596 pacis,
2422 3520 2511 3576 vel
2529 3522 2793 3576 efﬁcacia
2810 3520 3159 3589 hujusmodi
3180 3519 3491 3574 sermonis.
3508 3519 3686 3574 Filius

2032 3630 2273 3687 quoque
2302 3613 2462 3685 pacis
2488 3611 2700 3667 dicitur
2729 3611 3032 3682 paciﬁcus,
3067 3610 3217 3665 sicut
3245 3610 3422 3665 variis
3448 3611 3504 3663 in
3542 3608 3688 3666 locis

2032 3702 2316 3757 diximus.

2104 3792 2260 3846 Vers.
2294 3792 2346 3845 6.
2380 3790 2489 3845 Sin
2521 3821 2588 3830 ——
2620 3795 2911 3844 revertar.
2971 3788 3119 3860 Lege
3163 3802 3399 3859 quoque
3457 3787 3687 3844 decimo

2032 3895 2193 3935 nono
2220 3880 2411 3951 capite
2454 3878 2745 3947 Evangelii
2772 3877 2941 3947 juxta
2987 3876 3319 3933 Matthmum
3362 3874 3502 3931 dicti
3532 3876 3687 3931 illius

2031 3969 2467 4023 enarrationem
2508 3987 2520 4023 :
2554 3970 2634 4023 Et
2661 3968 2708 4021 si
2748 3966 2967 4039 quidem
3012 3967 3199 4035 fuerit
3229 3965 3430 4020 domus
3488 3964 3683 4034 digna,

2032 4058 2235 4116 veniat
2254 4074 2384 4128 pax
2418 4064 2605 4114 vestra
2656 4072 2831 4125 super
2861 4057 3065 4111 illam:
3120 4055 3171 4109 si
3211 4062 3401 4111 autem
3443 4053 3687 4125 indigna

2024 4148 2211 4218 fuerit
2236 4163 2355 4216 pax
2377 4154 2565 4203 vestra
2596 4146 2677 4203 ad
2698 4162 2793 4201 vos
2812 4150 3211 4201 convertatur.
3238 4145 3258 4179 ‘

2104 4237 2265 4293 Vers.
2311 4238 2362 4290 7.
2396 4237 2463 4291 In
2492 4237 2694 4292 eadem
2733 4268 2801 4275 —
2823 4251 2926 4291 sua
2958 4240 3055 4289 est.
3094 4232 3367 4289 Similiter
3396 4232 3469 4287 de
3510 4232 3600 4287 his
3626 4231 3687 4288 in

2030 4326 2126 4382 illo
2180 4326 2367 4399 capite
2420 4325 2726 4381 manifeste
2778 4324 3000 4379 dictum
3061 4328 3150 4377 est
3178 4322 3357 4393 paulo
3385 4322 3684 4393 superius.

2030 4416 2226 4471 Edere
2252 4421 2451 4471 autem
2486 4431 2555 4471 ac
2572 4414 2775 4470 bibere
2805 4414 3097 4486 permisit,
3123 4428 3253 4485 quae
3285 4412 3362 4467 ab
3386 4411 3686 4482 illoporri-

2032 4512 2344 4575 gerentur;
2374 4520 2492 4560 non
2524 4504 2882 4576 simpliciter,
2909 4503 3015 4557 sed
3039 4502 3187 4557 sicut
3208 4500 3528 4572 discipulos
3547 4516 3685 4555 suos

2032 4595 2273 4650 decebat
2306 4610 2317 4648 :
2351 4594 2465 4649 hoc
2495 4594 2654 4648 enim
2695 4592 2839 4663 ipsis
2880 4599 3085 4646 notum
3124 4596 3269 4654 erat,

2103 4683 2335 4739 Vers.7.
2369 4682 2571 4739 Nolite
2616 4708 2676 4718 —
2723 4682 2973 4736 domum.
3040 4680 3102 4734 In
3158 4678 3259 4734 illa
3311 4677 3687 4733 enarratione

2029 4773 2208 4845 hujus
2286 4788 2531 4828 causam
2563 4769 2848 4825 invenies.

2134 4864 2297 4919 Vers.
2358 4865 2407 4917 8.
2456 4861 2525 4915 Et
2596 4859 2659 4915 in
2690 4890 2757 4899 —
2788 4858 2954 4914 Vers.
3008 4857 3060 4912 9.
3114 4856 3239 4912 Dei.
3286 4858 3555 4925 Regnum
3586 4856 3684 4913 Dei

2029 4969 2189 5010 nunc
2211 4950 2499 5023 seipsum,
2519 4948 2801 5021 appellat,
2846 4952 3131 5019 tanquam
3156 4961 3359 5017 regem
3389 4960 3459 5001 ac
3485 4946 3691 5007 Deum.

2029 5039 2570 5115 Appropinquavit,
2613 5037 2824 5109 inquit,
2852 5040 2908 5092 et
2942 5036 3070 5107 jam
3105 5034 3452 5091 deversatur
3490 5034 3684 5091 vobis-

2031 5148 2170 5188 cum
2204 5146 2216 5194 ;
2247 5128 2414 5199 digni
2462 5125 2791 5193 habemini,
2826 5126 2927 5199 qui
2960 5123 3386 5198 praeparamini
3442 5124 3513 5181 ad
3556 5124 3685 5197 ejus

2027 5219 2469 5293 susceptionem

2357 5346 2404 5381 “
2433 5343 2575 5400 Ibid.
2613 5346 2696 5399 13.

1518 5467 1739 5536 Variae
1770 5469 2095 5540 lectiones
2146 5481 2210 5539 et
2250 5481 2449 5538 notae.

415 5602 501 5659 67)
544 5602 867 5657 Βαλλάντιον.
906 5608 968 5659 Α.

390 5601 503 5745 ἓϐἹζ
544 5602 867 5657 Βαλλάντιον.
906 5608 968 5659 Α.

542 5675 729 5758 Igitur
773 5680 949 5758 etiam
974 5677 1275 5758 nonnulli,
1318 5680 1432 5758 sed
1479 5686 1721 5758 temere,
1755 5687 1920 5758 apud

313 5746 652 5803 Minimum
713 5745 752 5802 l.
806 5745 845 5802 l.
904 5746 1259 5807 intulerunt:
1298 5755 1559 5823 Λέγοντες·
1607 5745 1813 5827 Εἰρῆνιί
1848 5766 1921 5828 τῷ

2032 5617 2156 5668 οἶκω
2182 5617 2369 5668 τούτω.

2102 5673 2213 5759 (69)
2238 5686 2295 5742 Ἡ
2321 5670 2544 5743 ὀωίιιίι
2566 5683 2633 5738 Α.
