4170 6364
497 301 606 357 955
1824 300 2169 358 EUTHYMlI
2212 299 2540 358 ZIGABENI
3762 303 3876 360 956

580 427 739 482 Vers.
791 428 874 483 61.
923 426 1096 483 Dixit
1147 459 1215 467 —
1276 427 1440 484 Vers.
1499 429 1588 483 62.
1648 443 1823 499 regno
1899 429 2015 484 Dei.
2041 426 2152 494 Qui
2185 426 2227 480 A

2228 472 2232 479 .
2335 425 2459 480 Εἷπε
2525 457 2595 467 -
2649 425 2919 500 βασιλείαν
3000 436 3092 481 τοῦ
3150 436 3309 485 Θεοῦ.
3377 428 3436 482 ⁸0
3517 427 3875 503 ἐπιχειρήσας

501 530 670 571 arare
701 520 972 578 conatur,
1001 521 1056 570 et
1091 532 1128 572 a
1158 520 1315 587 tergo
1357 517 1594 589 respicit
1622 517 1950 588 corrumpit
1975 531 2148 571 cona-

2261 513 2524 587 ἀροτριᾲν,
2554 522 2645 568 καὶ
2686 517 2886 590 βλέπων
2945 519 3011 579 εὶς
3065 519 3129 569 τά
3179 517 3366 582 ὀπίσω,
3402 519 3598 590 φθείρει
3639 523 3695 571 τό
3739 524 3873 593 πρὸ·

501 609 595 659 tus
623 605 1153 676 promptitudinem
1185 606 1452 677 segnitie,
1487 623 1606 679 qua
1634 623 1669 662 a
1699 611 1862 675 tergo
1888 605 2148 676 respicit.

2265 606 2423 675 θυμόν
2470 614 2560 666 τῆς
2609 605 2987 681 ἐπιχειρήσεως
3024 615 3087 679 τῇ
3133 607 3367 681 ῥᾳθυμίᾳ
3413 614 3506 658 τοῦ
3548 605 3757 678 βλέπειν
3798 615 3874 668 εἰς

500 694 844 750 Parabolice
871 711 1013 766 ergo
1040 695 1309 752 Salvator
1334 696 1494 761 dixit,
1537 703 1804 751 aratrum
1826 700 1883 751 et
1905 694 2038 767 (xx)
2069 709 2147 751 se-

2261 695 2325 744 τὰ
2377 695 2567 752 ὀπίσω.
2632 695 3000 769 Παραϐολικώς
3068 701 3236 748 τοίνυν
3300 697 3325 748 ὁ
3399 701 3570 770 Σωτὴρ
3642 698 3868 770 ἄροτρον

501 786 607 855 qui
629 799 688 841 se
711 784 1180 840 :ettantumdem
1195 789 1302 851 est,
1327 801 1396 840 ac
1413 786 1461 840 si
1478 785 1666 841 dicat:
1701 789 1904 853 Nemo,
1927 784 2032 855 qui
2056 800 2148 840 me

2261 782 2514 855 ὠνόμασε,
2547 788 2605 836 τὸ
2634 783 2930 838 ἀκολουθεῖν
2968 786 3126 855 αὐτῷ,
3157 785 3336 856 λέγων,
3398 787 3477 836 ὃτι
3526 781 3723 846 Οὐδεὶς
3757 785 3871 838 ἐπι-

501 873 670 946 sequi
701 879 969 939 conatur,
1003 875 1113 930 sia
1143 879 1308 943 tergo
1352 873 1649 946 respiciat,
1688 874 1803 930 hoc
1843 878 1948 940 est,
1985 888 2148 928 men-

2259 877 2514 944 χειρὴσας
2567 872 2860 926 ἀκολουθεῖν
2916 894 3026 946 μοι,
3060 879 3148 926 καὶ
3196 873 3398 946 βλέπῶν
3450 877 3522 935 εἰς
3561 877 3627 926 τὰ
3669 874 3865 939 ὀπίσω,

502 968 622 1019 tem
655 962 852 1019 adhuc
885 963 962 1018 ad
995 963 1344 1036 temporalia
1371 963 1612 1029 habeat,
1641 969 1818 1035 aptus
1849 969 1936 1019 est
1961 963 2038 1018 ad
2066 979 2149 1018 re-

2258 966 2514 1028 τουτέστι,
2557 967 2640 1014 τόν
2692 971 2808 1015 νοῦν
2854 966 2928 1015 ἔτι
2965 967 3100 1035 ἔχων
3152 962 3224 1024 εἰς
3267 965 3334 1014 τὰ
3380 961 3628 1034 βιωτικὰ,
3678 962 3867 1022 ἐπιτή-

502 1067 698 1126 gnum
723 1054 840 1109 Dei.
861 1055 1101 1126 Oportet
1128 1054 1285 1109 enim
1310 1071 1464 1125 eum,
1488 1055 1591 1126 qui
1609 1054 1768 1123 eligit
1804 1054 1975 1125 sequi
1993 1053 2149 1108 Chri-

2262 1046 2396 1110 δειός
2434 1055 2574 1103 ἐστιν
2627 1051 2697 1112 εἰς
2744 1056 2836 1110 τὴν
2891 1050 3164 1124 βασιλείαν
3217 1059 3307 1103 τοῦ
3359 1057 3515 1106 Θεοῦ,
3568 1056 3684 1126 Χρὴ
3736 1055 3863 1126 γὰρ,

504 1148 664 1199 stum
692 1143 1000 1198 confestim
1027 1143 1544 1215 omniadespicere
1565 1144 1825 1215 etsequi,
1853 1159 1926 1199 ne
1947 1142 2151 1198 oculos

2259 1142 2345 1190 τὸν
2389 1139 2616 1210 ἑλόμενον
2665 1143 2723 1191 τὸ
2779 1139 3074 1192 ἀκολουθεῖν
3116 1147 3187 1209 τῷ
3235 1147 3470 1214 Χριστῷ,
3528 1141 3734 1192 πάντων
3790 1141 3866 1193 εὖ·

502 1231 744 1303 quidem
775 1230 853 1286 ab
870 1247 940 1287 eo
966 1231 1332 1294 divertendo,
1353 1247 1427 1286 ne
1458 1230 1603 1286 forte
1627 1231 1831 1287 habitu
1867 1247 1935 1284 ac
1958 1231 2149 1301 specie

2264 1229 2382 1288 θέως
2447 1225 2729 1300 ὑπεριδεῖν,
2803 1234 2892 1281 καὶ
2963 1228 3344 1303 ἀμεταστρεπτὶ
3400 1232 3566 1300 τούτῳ
3621 1231 3865 1300 ἕπεσθαι,

503 1336 710 1376 eorum
763 1336 897 1392 quas
928 1337 961 1375 a
994 1324 1153 1391 tergo
1203 1325 1359 1386 sunt,
1398 1321 1736 1377 retineatur.
1791 1320 1946 1386 Quid
1991 1320 2150 1375 enim

2261 1323 2460 1388 μήποτε
2491 1326 2551 1389 τῇ
2588 1322 2774 1389 σχέσει
2801 1327 2898 1370 τῶν
2941 1317 3110 1370 ὀπίσω
3139 1320 3471 1390 κατασχεθῇ.
3511 1323 3573 1370 Τί
3603 1320 3705 1392 γὰρ
3739 1324 3869 1372 Θεοῦ

503 1412 623 1465 Deo
654 1408 972 1480 optabilius
1011 1425 1081 1463 ac
1113 1410 1494 1480 praestantius
1521 1410 1550 1465 ?

2261 1408 2606 1478 ποθεινότερον
2634 1426 2687 1459 τε
2712 1413 2801 1458 καὶ
2831 1412 3201 1480 προτίμότερον
3225 1424 3237 1472 ;

573 1497 720 1552 CAP.
753 1498 978 1554 XXXIV.
1012 1498 1097 1552 De
1117 1498 1430 1568 designatis
1455 1498 1828 1570 septuaginta
1853 1498 2148 1566 apostolis.

2146 1540 2148 1551 .
2337 1502 2480 1548 ΚΕΦ-
2530 1494 2635 1549 ΔΔ’.
2673 1501 2798 1569 Περὶ
2829 1505 2925 1547 των
2959 1492 3373 1566 ἀναδειχθέντων
3405 1491 3793 1566 ἐϐδομήκοντα.

504 1589 643 1659 Cap.
678 1587 752 1640 X.
811 1587 972 1641 Vers.
1007 1603 1046 1640 ι.
1078 1588 1223 1641 Post
1293 1587 1417 1644 haec
1461 1621 1528 1633 -—
1573 1589 1967 1657 septuaginta.
2001 1589 2151 1657 Apo-

2333 1587 2477 1636 Μετά
2542 1592 2708 1636 ταῦτα
2771 1617 2840 1624 -
2897 1581 3276 1656 ἐϐδομήκοντα.
3333 1584 3701 1646 Ἀποστόλους,
3774 1581 3877 1642 δη-

502 1675 686 1732 stolos
726 1675 1015 1732 videlicet.
1052 1676 1206 1732 Multi
1239 1677 1397 1731 enim
1429 1677 1706 1732 credituri
1735 1680 1918 1742 erant,
1950 1683 2003 1731 et
2029 1676 2149 1747 plu-

2262 1673 2450 1726 λονότι.
2504 1673 2689 1726 Πολλοί
2734 1677 2835 1746 γὰρ
2877 1673 3078 1746 ἔμελλον
3126 1676 3384 1726 πιστεύειν
3428 1678 3517 1726 καὶ
3559 1678 3722 1746 χρεία
3776 1693 3872 1731 κη·

500 1764 666 1822 ribus
729 1765 1217 1836 praedicatoribus
1280 1782 1433 1836 opus
1491 1770 1637 1821 erat.
1689 1765 2013 1821 Duodecim
2081 1765 2147 1819 si-

2229 1765 2431 1833 ,ρύκων
2490 1762 2733 1814 πλειόνων
2781 1760 2861 1820 ἦν.
2931 1760 3142 1816 Δώδεκα
3201 1766 3289 1835 μὲν
3348 1759 3433 1814 οὖν
3482 1761 3783 1827 ἀπόστολοι,
3852 1766 3876 1815 ὁ

498 1853 744 1925 quidem
767 1853 1018 1925 apostoli
1059 1855 1287 1925 primus
1318 1859 1443 1909 erat
1480 1854 1700 1910 chorus
1731 1871 1744 1920 ;
1779 1855 2145 1926 septuaginta

2264 1859 2466 1925 πρῶτος
2505 1856 2688 1925 χορός
2744 1849 3106 1922 ἐϐδομήκοντα
3137 1847 3218 1919 δὲ,
3261 1853 3286 1903 ὁ
3336 1848 3591 1926 δεύτερος.
3640 1854 3878 1914 Τούτους

502 1958 662 2007 vero,
697 1942 1020 1997 secundus.
1055 1945 1171 1998 Hos
1222 1947 1412 1998 autem
1467 1943 1782 1998 duodecim
1823 1948 1877 1998 et
1923 1947 2149 2015 septua-

2267 1937 2324 1992 δὲ
2377 1945 2492 2001 τοὺς
2541 1937 2771 2005 δώδεκα,
2811 1947 2902 1993 καὶ
2951 1945 3068 2001 τοὺς
3111 1937 3490 2012 ἐϐδομήκοντα,
3541 1939 3702 1992 πάλαι
3751 1943 3876 2013 (64)

502 2031 666 2101 ginta
695 2031 1163 2102 prteﬁgurabant
1191 2031 1509 2087 duodecim
1541 2030 1734 2086 fontes
1754 2048 2068 2104 aquarum,
2101 2037 2149 2088 et

2265 2034 2606 2103 προετύπουν,
2647 2030 2694 2081 ἐν
2744 2039 2806 2103 τῇ
2843 2030 3046 2102 Αὶλεὶμ,
3077 2030 3146 2092 εἰς
3178 2031 3239 2089 ἣν
3276 2027 3429 2088 ἦλθον
3461 2031 3510 2082 οἱ
3540 2029 3877 2104 Ἰσραηλῖται

502 2119 883 2190 septuaginta
915 2121 1108 2174 trunci
1139 2120 1479 2191 palmarum
1507 2121 1568 2176 in
1599 2120 1788 2185 lElim,
1839 2121 1918 2176 ad
1969 2136 2149 2192 quam

2269 2117 2541 2182 διαϐάντες
2568 2125 2661 2177 τὴν
2705 2121 2955 2195 Ἐρυθρὰν
3003 2119 3291 2184 θάλασσαν,
3339 2121 3393 2170 αἱ
3443 2115 3660 2171 δώδεκα
3701 2125 3880 2190 πηγαὶ

499 2215 789 2264 venerunt
819 2209 1091 2266 Israelita:
1123 2211 1194 2278 ⁸ο,
1225 2210 1327 2265 ubi
1366 2226 1533 2266 mare
1564 2209 1829 2266 Rubrum
1858 2215 2146 2282 pertrans-

2264 2217 2362 2260 τῶν
2416 2206 2644 2274 ὑδάτων,
2677 2213 2768 2262 καὶ
2816 2212 2882 2261 τὰ
2925 2206 3287 2281 ἐϐδομήκοντα
3333 2207 3555 2280 στελέχη
3606 2217 3708 2260 τῶν
3767 2229 3880 2280 φοι-

498 2298 701 2355 issent.

2267 2303 2443 2350 νίκων.

570 2387 736 2444 Vers.
770 2388 820 2442 1.
839 2389 920 2443 Et
945 2389 1135 2444 emisit
1159 2395 1382 2446 —erat
1403 2390 1520 2458 ipse
1540 2395 1847 2445 venturus.
1883 2387 2160 2444 Similiter

2343 2391 2444 2439 Καὶ
2525 2385 2817 2439 ἀπέστειλεν
2887 2417 2956 2426 --
3053 2385 3249 2458 ἔμελλεν
3350 2385 3507 2446 αὐτὸς
3599 2389 3876 2459 ἔρχεσθαι.

499 2481 556 2533 et
582 2477 901 2534 duodecim
933 2478 1301 2549 conjunctim
1353 2478 1473 2550 (yy)
1529 2478 1738 2543 emisit,
1795 2478 1964 2532 sicuti
2013 2478 2146 2533 dixit

2274 2481 2373 2529 Καὶ
2430 2478 2551 2536 τοὺς
2587 2472 2800 2528 δώδεκα
2841 2477 3033 2548 ὁμοίως
3087 2478 3222 2527 κατά
3267 2478 3526 2546 συζυγίαν
3560 2474 3877 2540 ἀπέστειλεν,

499 2569 726 2623 Marcus
780 2568 1013 2623 decimo
1060 2574 1274 2640 quarto
1333 2568 1570 2637 capite;
1613 2568 1716 2622 sed
1748 2567 2066 2623 duodecim
2099 2567 2146 2622 in

2271 2569 2338 2627 ὡς
2393 2569 2564 2640 εἴρηκε
2617 2568 2829 2638 Μάρκος
2878 2564 2926 2616 ἐν
2986 2574 3056 2636 τῷ
3115 2561 3675 2637 τεσσαρεσκαιδεκάτῳ
3728 2586 3881 2637 κεφα-

501 2671 713 2711 omnes
758 2657 1024 2712 civitates
1064 2673 1133 2712 ac
1165 2671 1352 2727 pagos
1399 2656 1575 2711 Israel
1607 2656 1819 2723 emisit,
1867 2661 2148 2726 tanquam

2270 2655 2416 2726 λαίῳ·
2462 2653 2589 2706 ἀλλά
2646 2657 2765 2715 τοὺς
2821 2650 3031 2706 δώδεκα
3073 2656 3163 2725 μὲν
3224 2653 3295 2714 εἰς
3348 2655 3527 2714 πάσας
3574 2657 3664 2716 τάς
3710 2655 3880 2715 πόλεις

502 2744 882 2816 perfectiores
917 2761 928 2801 :
965 2745 1347 2817 septuaginta
1404 2761 1563 2812 vero,
1595 2746 1656 2800 in
1689 2745 1850 2801 solas
1902 2761 2003 2801 eas
2031 2761 2149 2817 qua

2272 2751 2361 2797 καὶ
2407 2751 2586 2814 κώμας
2631 2750 2722 2795 τοῦ
2772 2742 2988 2816 Ἰσραὴλ
3041 2741 3361 2807 ἀπέστειλεν,
3403 2747 3466 2803 ως
3517 2743 3871 2814 τελειοτέρους·

500 2833 560 2889 in
592 2834 843 2888 transitu
889 2839 1078 2900 erant,
1111 2850 1213 2905 per
1259 2850 1411 2905 quas
1449 2835 1554 2890 iter
1593 2833 1857 2890 facturus
1913 2841 2061 2900 erat,
2101 2842 2147 2889 ut

2273 2837 2392 2894 τοὺς
2443 2829 2798 2904 ἐϐδομήκοντα
2834 2829 2912 2895 δὲ,
2973 2832 3040 2891 εἰς
3083 2835 3244 2904 μόνας
3303 2835 3392 2892 τὰς
3449 2833 3574 2883 κατὰ
3626 2827 3863 2902 παροδον

501 2921 888 2993 praedicarent
934 2922 1348 2977 remissionem
1429 2926 1837 2993 peccatorum,
1911 2923 2148 2996 ejusque

2275 2923 2432 2974 αὐτοῦ
2497 2926 2753 2993 κειμένας,
2808 2917 2878 2973 δι’
2927 2917 2994 2970 ὧν
3047 2920 3217 2992 ἔμελλε
3284 2923 3615 2992 πορεύεσθαι,
3669 2923 3863 2992 κηρὺν-

503 3010 853 3080 adventum,
880 3010 983 3082 qui
1015 3011 1428 3067 remissionem
1465 3011 1710 3068 illorum
1751 3011 2052 3067 tribueret.

2273 3031 2455 3072 τοντας
2476 3013 2747 3083 μετάνοιαν
2767 3011 2972 3082 ἱμαρτη
2979 3013 3176 3082 μάτων,
3201 3015 3290 3063 καὶ
3313 3009 3486 3082 ἄφιξιν
3513 3017 3604 3062 τοῦ
3635 3017 3875 3082 χορηγοῦ

2202 3120 2242 3177 C
2275 3109 2368 3162 τῆς
2397 3103 2592 3152 τούτων
2631 3099 2878 3172 ἀφέσεως.

572 3189 734 3245 Vers.
766 3193 817 3244 2.
880 3188 1122 3245 Dicebat
1165 3220 1232 3229 —
1282 3191 1479 3257 pauci.
1517 3188 1772 3245 Messem
1831 3189 1972 3246 dicit
2012 3190 2160 3261 illos,

2344 3188 2516 3260 Ἔλεγε
2563 3221 2630 3228 -
2683 3188 2870 3260 ὀλίγοι.
2926 3190 3180 3260 Θερισμόν
3229 3191 3318 3260 μὲν
3372 3187 3506 3258 λέγει
3562 3191 3679 3248 τοὺς
3748 3189 3879 3259 θερι-

501 3278 603 3350 qui
642 3277 721 3334 ab
759 3277 1102 3334 inﬁdelitate
1147 3278 1509 3343 demetendi,
1559 3284 1611 3332 et
1665 3278 1741 3334 ad
1774 3277 1948 3334 ﬁdem
1991 3296 2148 3336 suam

2279 3281 2636 3348 aOnao_uév0ug
2815 3277 2914 3330 ἀπὸ
2953 3286 3048 3338 τῆς
3081 3275 3332 3337 ἀπιστίας
3375 3283 3461 3329 καὶ
3515 3278 3880 3348 συγκομισθη-

501 3367 1149 3439 erantcomporlandi:
1185 3367 1492 3439 operarios
1539 3383 1700 3434 vero,
1731 3367 2056 3439 apostolos,
2109 3385 2148 3424 e‘

2279 3373 2524 3441 σομένους
2582 3368 2647 3427 εἰς
2719 3372 2810 3424 τὴν
2875 3371 3053 3418 πίστιν
3112 3367 3286 3418 αὐτοῦ·
3347 3367 3570 3439 ἐργάτας
3632 3362 3712 3432 δὲ,
3767 3372 3882 3426 τους

497 3457 846 3529 quicunque
869 3457 1075 3513 adhoc
1100 3456 1642 3512 subministrarem.
1677 3457 1776 3512 Hic
1800 3464 1999 3512 autem
2031 3475 2144 3513 ma-

2277 3457 2614 3524 ἀποστόλους,
2650 3460 2763 3517 τοὺς
2791 3458 3170 3530 ὑπηρετοῦντας
3196 3456 3265 3518 εἰς
3293 3464 3462 3509 τοῦτο.
3497 3451 3795 3514 Δεδήλωται
3823 3452 3883 3507 δὲ

499 3545 776 3602 nifestata
794 3551 880 3600 est
895 3562 1080 3601 causa
1093 3545 1746 3618 promotionisipsorum
1762 3547 2146 3617 septuaginta,

2276 3546 2494 3597 ἐνταῦθα
2519 3548 2547 3603 ἡ
2592 3545 2736 3597 αἰτία
2776 3553 2871 3607 τῆς
2912 3543 3170 3617 προϐολῆς
3205 3553 3304 3596 τῶν
3353 3541 3734 3616 ἐϐδομήκοντα.
3781 3550 3881 3596 Καὶ

499 3640 558 3690 et
579 3640 798 3690 tamem
819 3650 1048 3706 paucos
1071 3635 1265 3690 adhuc
1299 3649 1427 3689 esse
1444 3634 1589 3690 dicit
1614 3651 1826 3691 omnes
1851 3637 2146 3706 apostolos

2274 3637 2346 3686 ἔτι
2373 3631 2430 3686 δὲ
2461 3634 2665 3706 ὀλίγους
2693 3637 2876 3706 ἔφησεν
2899 3641 3028 3686 εἰναι
3049 3637 3167 3694 τοὺς
3193 3636 3502 3704 σύμπαντας
3531 3632 3878 3697 ἀποστόλους,

499 3725 576 3782 ad
608 3723 1330 3790 multitudinemillorum,
1361 3724 1461 3795 qui
1494 3724 1772 3780 credituri
1794 3730 1983 3780 erant.

1815 3730 1983 3780 arant.
2273 3727 2396 3797 πρὸς
2428 3727 2482 3775 τὸ
2515 3723 2710 3785 πλῆθος
2736 3731 2835 3774 τῶν
2862 3723 3143 3794 μελλόντων
3176 3725 3462 3775 πιστεύειν.

571 3815 736 3869 Vers.
775 3817 828 3868 2.
859 3815 1068 3884 Rogato
1095 3845 1162 3854 -—-
1199 3829 1383 3868 suam.
1418 3812 1540 3869 Hoc
1581 3818 1636 3869 et
1690 3814 1771 3882 id,
1804 3814 1969 3886 quod
2025 3820 2161 3872 ante

2345 3814 2567 3870 Δεήθητε
2627 3843 2695 3852 ——
2751 3807 2931 3863 αὐτοῦ.
3006 3817 3169 3863 Τοῦτο
3227 3814 3316 3862 καὶ
3396 3814 3454 3862 τὸ
3503 3814 3604 3882 πρὸ
3686 3813 3876 3863 τούτου

497 3903 661 3961 istud
692 3903 1014 3974 prmeessit,
1051 3903 1227 3957 etiam
1275 3903 1425 3957 dixit
1461 3903 1521 3957 in
1553 3902 1672 3958 ﬁne
1724 3903 1940 3959 decimi
1969 3909 2144 3961 octav.

2270 3903 2423 3975 ῥητὸν
2465 3898 2570 3954 εἶπε
2620 3906 2710 3952 καὶ
2759 3899 2805 3952 ἐν
2857 3909 2928 3970 τῷ
2957 3899 3086 3952 τέλει
3138 3906 3229 3952 τοῦ
3288 3896 3741 3952 ὀκτωκαιδεκάτου
3793 3919 3877 3952 κει

494 3995 667 4065 juxta
711 3991 1051 4048 Matthaaum
1093 3991 1316 4062 capitis,
1358 3991 1460 4045 sed
1491 3991 1567 4046 ibi
1602 4008 1860 4047 messem
1908 3993 2141 4050 multau

2272 3991 2487 4063 φαλαίου
2536 3999 2626 4041 τοῦ
2685 3992 2818 4042 κατά
2846 3991 3132 4042 Ματθαῐον’
3191 3987 3297 4040 ἀλλ’
3339 3987 3444 4040 ἐκεῖ
3493 3991 3581 4060 μὲν
3629 3992 3876 4062 θερισμὸν

500 4081 763 4153 appellat
801 4095 902 4136 eos
935 4079 1039 4151 qui
1070 4079 1144 4134 de
1200 4079 1412 4134 Iudaeis
1471 4085 1640 4135 erant
1683 4081 1963 4136 credituri
2013 4099 2025 4137 :
2061 4083 2147 4138 hic

2269 4080 2426 4132 πολὺν
2453 4079 2610 4150 ἔλεγε,
2647 4084 2764 4139 τοὺς
2813 4078 2866 4141 ἐξ
2918 4074 3190 4131 Ἰουδαίων
3245 4086 3531 4130 πιστεῦσαι
3580 4077 3872 4150 μέλλοντας·

500 4175 702 4226 autem
734 4184 836 4224 eos
866 4168 970 4240 qui
999 4184 1070 4224 ex
1097 4167 1373 4238 gentibus
1430 4185 1442 4222 :
1492 4173 1548 4222 et
1578 4167 1658 4224 ibi
1699 4171 1983 4226 admonet
2012 4171 2147 4228 duo-

2269 4168 2486 4220 ἐνταῦθα
2519 4166 2596 4237 δὲ,
2625 4173 2741 4230 τοὺς
2794 4169 2848 4230 ἐξ
2896 4167 3075 4223 ἐθνῶν.
3119 4172 3218 4220 Καὶ
3280 4168 3394 4237 (66)
3435 4166 3537 4220 ἐκεῖ
3583 4172 3672 4238 μὲν
3720 4187 3875 4240 προε-

500 4258 796 4317 decim.ut
820 4260 992 4312 orent
1018 4271 1125 4327 pro
1156 4255 1476 4310 emisione
1507 4255 1726 4312 horum
1752 4260 2147 4329 septuaginta,

2269 4262 2478 4330 τρέπετο
2535 4261 2653 4319 τοὺς
2720 4253 2949 4321 δώδεκα,
2982 4253 3233 4314 δεηθῆναι
3289 4262 3406 4328 περὶ
3434 4255 3726 4318 ἀποστολῆς
3777 4265 3875 4307 τῶν

498 4347 594 4404 hic
624 4361 764 4402 vero
798 4347 960 4417 ipsos
992 4346 1372 4417 septuaginta
1400 4344 1700 4410 admonet,
1736 4350 1797 4400 ut
1843 4353 2013 4403 orent
2049 4365 2145 4420 prc

2269 4343 2628 4418 ἐϐδομήκοντα
2677 4349 2888 4398 τούτων·
2943 4345 3162 4397 ἐνταῦθα
3222 4341 3280 4397 δε
3337 4349 3453 4405 τοὺς
3515 4343 3875 4415 ἐϐδομήκοντα

499 4436 876 4510 promotione
901 4435 1313 4507 episcoporum
1345 4450 1412 4490 ac
1445 4438 1872 4506 praeceptorum
1907 4452 2012 4508 per
2039 4438 2146 4495 sin-

2227 4440 2502 4522 ,τους-ους,
2558 4440 2675 4508 περὶ
2720 4433 2976 4508 προϐολῆς
3027 4442 3127 4486 τῶν
3182 4436 3317 4486 κατὰ
3346 4436 3518 4496 πόλεις
3557 4441 3643 4486 καὶ
3689 4440 3874 4507 χωρας

499 4525 674 4598 gulas
705 4524 967 4582 civitates
1008 4540 1077 4581 ac
1135 4523 1432 4593 regiones.
1476 4525 1627 4595 Lege
1669 4529 1870 4581 autem
1924 4543 2146 4585 enarrat

2218 4520 2230 4528 V
2269 4525 2561 4578 ἐπισκόπων
2618 4530 2707 4577 καὶ
2761 4521 3125 4579 διδασκάλων.
3190 4523 3479 4596 Ἀνάγνωθι
3533 4520 3592 4575 δὲ
3637 4528 3723 4573 καὶ
3771 4529 3865 4580 τὴν

498 4617 721 4673 tionem
754 4614 1070 4686 prasentis
1095 4612 1235 4668 dicti
1265 4612 1325 4668 in
1369 4618 1704 4670 memorato
1745 4615 1932 4686 capite
1969 4618 2145 4673 Evan-

2268 4617 2517 4686 ἐξήγησιν
2557 4623 2648 4666 τοῦ
2692 4618 2946 4688 παρόντος
2981 4615 3145 4686 ῥητοῦ
3178 4614 3226 4665 ἐν
3257 4623 3330 4685 τῷ
3367 4615 3570 4688 ῥηθέντι
3607 4610 3861 4682 κεφαλαίῳ

499 4704 637 4780 gelii
663 4703 996 4761 secundum
1028 4703 1370 4760 Mattheum.

1181 4717 1342 4758 meum
1357 4744 1370 4758 .
2265 4713 2355 4758 τοῦ
2381 4706 2516 4756 κατά
2539 4705 2828 4758 Ματθαῖον.

573 4795 732 4853 Vers.
762 4794 815 4850 3.
849 4793 936 4850 Ite
979 4823 1048 4834 —
1099 4794 1290 4863 lupos.
1323 4795 1443 4849 Hoc
1489 4793 1664 4850 etiam
1717 4793 1793 4849 ad
1832 4793 2154 4851 duodecim

2336 4793 2581 4865 Ὑπάγετε
2654 4824 2720 4833 -
2773 4792 2963 4844 λύκων.
3022 4796 3187 4844 Τοῦτο
3247 4787 3354 4844 εἷπε
3407 4796 3498 4844 καὶ
3569 4792 3701 4864 πρὸς
3752 4793 3871 4851 τοὺς

572 4975 621 5012 ⁸ο
647 4973 832 5032 Exod.
859 4988 957 5042 xv,
983 4973 1074 5028 27.

1717 5095 1942 5165 Variae
1981 5097 2308 5164 lectiones
2349 5103 2418 5164 et
2442 5105 2646 5164 notae.

573 5295 683 5364 (64)
713 5297 922 5348 Auctor
949 5293 1131 5362 hujus
1172 5293 1475 5348 sententiae
1506 5297 1593 5346 est
1641 5292 1945 5361 Origenes,
1995 5291 2159 5349 hom-

573 5381 611 5420 n
639 5365 844 5427 Exod.,
871 5380 1056 5435 quam
1087 5370 1304 5435 postea,
1338 5369 1402 5419 ut
1425 5363 1546 5419 fere
1573 5363 1808 5427 accidit,
1841 5363 2042 5435 plures
2073 5363 2162 5419 in-

1338 5293 1475 5348 ntiaa
1506 5297 1593 5346 est
1641 5292 1945 5361 Origenes,
1995 5291 2159 5349 hom-
2341 5293 2456 5436 $65;
2486 5296 2890 5366 Θερισομένους.
2912 5291 2980 5350 Α.

1338 5369 1402 5419 ut
1425 5363 1546 5419 fere
1573 5363 1808 5427 accidit,
1841 5363 2042 5435 plures
2073 5363 2162 5419 in-
2367 5369 2431 5420 66
2485 5371 2584 5419 Καὶ
2611 5366 2794 5422 abest.
2822 5365 2890 5418 Α.

485 5366 532 5421 .8
551 5366 611 5420 in
639 5363 844 5427 Exod.,
871 5380 1056 5435 quam
1087 5370 1304 5435 postea,
1338 5369 1402 5419 ut
1425 5363 1546 5419 fere
1573 5363 1808 5427 accidit,
1841 5363 2042 5435 plures
2073 5363 2162 5419 in-
2343 5363 2456 5435 (66)
2485 5363 2584 5419 Καὶ
2611 5363 2794 5422 abest.
2822 5365 2890 5418 Α.

503 5441 784 5508 terpretes
814 5442 953 5490 sunt
1002 5436 1284 5507 amplexi.

597 5613 708 5683 xx)
740 5614 822 5668 Et
847 5613 1006 5684 sequi
1043 5629 1118 5668 se.
1146 5614 1222 5668 Et
1254 5627 1374 5667 non
1403 5617 1491 5667 est
1521 5613 1582 5668 in
1604 5613 1802 5668 Graeco
1834 5617 1890 5668 et
1915 5613 2131 5672 abesse
2161 5613 2360 5673 debet.

576 5614 1137 5758 Eyy)_,Conjunctim.
1168 5685 1316 5738 Κατά
1346 5685 1602 5754 συζυγίαν
1629 5691 1720 5743 est
1744 5683 1930 5742 binos.

598 5683 1137 5759 yy)_.Conju’nctim.
1168 5685 1316 5738 Κατά
1346 5685 1602 5754 συζυγίαν
1629 5691 1720 5743 est
1744 5683 1930 5742 binos,
