4170 6364
308 353 413 411 957

1435 343 1790 404 COMMENT.
1832 339 1899 394 IN
1941 336 2202 394 LUCAM.
2243 373 2313 383 —
2343 346 2498 402 CAP.
2532 345 2598 402 Χ.

3574 345 3678 402 958

312 473 545 543 δώδεκα,
585 480 674 528 καὶ
719 475 950 536 ζήτησον
992 475 1038 528 ἓν
1069 484 1139 546 τῷ
1184 474 1618 544 ἐννεακαιδεκατῳ
1657 470 1912 543 κεφαλαίῳ

2036 467 2187 534 :lixit,
2229 474 2284 526 et
2303 487 2502 544 quaere
2527 473 2760 529 decimo
2807 489 2968 530 nono
2993 472 3163 544 juxta
3187 471 3526 530 Matthmum
3576 487 3674 528 ca-

311 575 405 619 τοῦ
431 569 564 618 κατὰ
592 567 859 618 Ματθαῐον
899 570 985 623 τήν
1019 565 1287 640 ἑρμηνείαν
1311 575 1420 618 τού·
1451 561 1592 617 Ἰδού
1626 563 1719 632 ἐγὼ
1751 559 1911 610 ἀποσ-

308 655 464 707 τέλλω
495 656 624 727 ὑμᾶς
655 657 722 716 ὡς
753 653 991 728 πρόϐατα
1012 654 1059 706 ἐν
1091 660 1231 726 μέσῳ
1262 655 1446 707 λύκων.

382 747 535 797 Εἴποι
594 740 646 796 δ’
699 745 875 812 οἶνιτις
930 746 1216 812 κάνταύθα,
1277 747 1355 796 ὅτι
1398 748 1512 803 τοὺς
1559 737 1768 792 δώδεκα
1823 741 1911 809 μὲν

308 832 546 901 πρόϐατα
575 832 830 898 ἐκάλεσεν,
874 835 941 894 ὡς
986 833 1343 909 τελειοτέρονς·
1391 837 1508 892 τοὺς
1552 827 1913 901 ἐϐδομήκοντα

313 919 386 983 δὲ,
420 924 596 997 ἄρνας.

383 1017 468 1068 Μή
513 1043 579 1052 -
625 1007 964 1083 ὑποδήματα.
1018 1015 1111 1064 Διά
1154 1020 1246 1072 τῆς
1295 1010 1685 1086 ἀπαγορεύσεως
1719 1025 1911 1059 τουτων

310 1099 500 1152 κελεύει
575 1099 777 1174 θαρῥεῖν
835 1105 951 1174 περὶ
1003 1109 1100 1152 τῶν
1167 1100 1459 1172 ἀναγκαίων
1522 1107 1612 1151 τού
1673 1102 1912 1168 σώματος

313 1187 394 1242 ἐπὶ
441 1197 512 1259 τῷ
563 1188 924 1241 ἀποστείλαντι
966 1192 1200 1250 τούτους·
1241 1189 1518 1264 ἀποτρέπει
1564 1185 1641 1255 δὲ,
1689 1183 1779 1237 διὰ
1822 1186 1910 1256 μὲν

311 1285 403 1328 τοῦ
453 1286 524 1350 μή
579 1276 866 1349 βαστάζειν
909 1277 1184 1350 βαλάντιον
1227 1281 1364 1349 (67),
1412 1283 1503 1336 τήν
1549 1279 1908 1350 φιλαργυρίαν·

311 1363 404 1418 διὰ
459 1363 519 1418 δὲ
565 1375 680 1431 τοῦ,
733 1371 804 1434 μή
860 1373 1052 1441 πήραν,
1103 1373 1160 1420 τὸ
1205 1373 1274 1439 μή
1321 1368 1658 1440 ταμιεύεσθαι
1697 1369 1906 1438 τροφήν⁹

310 1451 404 1508 διὰ
455 1452 516 1508 δὲ
563 1463 675 1519 τοῦ,
723 1460 793 1527 μὴ
837 1454 1170 1528 ὑποδήματα,
1224 1454 1556 1530 παιδοτριϐεῑ
1602 1455 1789 1515 αὐτούς
1841 1453 1910 1514 εἰς
1959 1523 1966 1530 _

309 1545 561 1602 ἄσκησιν.
590 1545 912 1616 Παρήγγειλε
939 1543 1006 1603 δὴ
1049 1555 1212 1598 ταῦτα
1241 1552 1330 1598 καὶ
1361 1553 1468 1608 τοῖς
1501 1541 1709 1598 δώδεκα
1752 1543 1799 1595 ἐν
1839 1551 1908 1612 τῷ

311 1631 597 1690 δηλωθέντι
627 1631 1060 1705 ἐννεακαιδεκάτῳ
1091 1635 1363 1707 κεφαλαίῳ.
1647 1697 1654 1701 _

388 1729 488 1775 Καὶ
534 1754 602 1763 —-
642 1722 978 1781 ἀσπάσησθε.
1027 1731 1189 1790 Τοῦτο
1232 1724 1562 1798 προσέταξεν,
1624 1723 1680 1775 οὗ
1728 1721 1908 1794 βουλό·

2027 557 2141 627 pite
2199 559 2334 615 dicti
2373 561 2531 616 iliius
2574 563 3112 635 interpretationem
3148 586 3158 617 :
3194 563 3338 618 Ecce
3384 577 3475 632 ego
3505 562 3674 617 mitto

2026 660 2123 702 vos
2153 651 2439 720 tanquam
2469 668 2600 708 oves
2639 653 2703 707 in
2730 653 2913 709 medio
2943 655 3245 722 luporum.
3284 653 3351 702 ⁵1.

2098 738 2304 793 Poterit
2334 740 2525 810 quivis
2541 741 2656 796 hoc
2696 743 2873 797 etiam
2905 741 3035 797 loco
3075 741 3291 806 dicere,
3332 740 3496 812 quod
3527 739 3675 794 duo-

2024 823 2211 879 decim
2243 828 2628 899 appellaverit
2657 847 2817 896 oves,
2849 836 3134 902 tanquam
3173 829 3557 901 perfectiores,
3590 845 3677 884 se-

2023 913 2334 982 ptuaginta
2361 930 2500 970 vero
2527 933 2733 988 agnos,
2771 924 3056 990 tanquam
3083 917 3422 972 teneriores.

2099 1000 2258 1057 Vers.
2296 1006 2346 1058 4.
2397 1005 2599 1062 Nolite
2641 1037 2704 1046 ~
2757 1008 3168 1062 calceamenta.
3219 1009 3332 1061 Hoc
3367 1005 3675 1062 interdicto

2018 1089 2188 1161 jubet
2217 1099 2281 1148 ut
2311 1093 2384 1148 de
2415 1095 2762 1150 necessariis
2783 1097 3046 1168 corporis
3074 1111 3243 1166 spem
3284 1095 3343 1149 in
3377 1095 3541 1150 illum
3571 1095 3675 1150 ha-

2023 1179 2220 1244 beant,
2241 1184 2343 1254 qui
2373 1183 2539 1254 ipsos
2570 1185 2778 1241 emisit.
2809 1187 2954 1241 Cum
2992 1189 3193 1241 autem
3219 1184 3408 1254 jubet,
3439 1200 3512 1238 ne
3553 1199 3676 1239 sac-

2022 1271 2219 1325 culum
2251 1271 2459 1340 ferant,
2513 1273 2590 1329 ab
2621 1274 2868 1330 avaritia
2918 1277 3144 1330 avocat.
3215 1274 3447 1337 Dicens,
3503 1287 3678 1343 neque

2020 1373 2245 1426 peram,
2275 1360 2618 1417 dehortatur
2656 1379 2691 1417 a
2720 1361 3094 1418 recondendo
3138 1362 3291 1417 cibo.
3335 1360 3483 1416 Cum
3536 1375 3676 1415 vero

2022 1449 2188 1504 addit
2237 1465 2250 1501 :
2297 1466 2479 1522 neque
2530 1453 2951 1520 calceamenta,
2997 1453 3072 1508 ad
3132 1451 3476 1507 exercitium
3517 1450 3677 1521 ipsos

2021 1539 2231 1594 erudit.
2272 1540 2551 1612 Praecepit
2571 1557 2711 1598 vero
2739 1543 2866 1598 haec
2897 1543 3076 1598 etiam
3098 1541 3408 1596 duodecim
3433 1540 3678 1595 laudato

2021 1629 2208 1698 capite
2247 1629 2481 1684 decimo
2520 1647 2706 1688 nono.

2091 1717 2258 1774 Vers.
2311 1720 2362 1774 4.
2415 1721 2492 1775 Et
2537 1722 3055 1777 —salutaveritis.
3117 1722 3235 1776 Hoc
3303 1717 3497 1789 jussit,
3553 1730 3676 1771 non

313 1831 458 1884 μενος
538 1810 912 1886 ἀπανθρώπους
996 1814 1180 1874 αὐτοὺς
1248 1815 1485 1884 γίνεσθαι
1539 1818 1626 1865 καὶ
1681 1811 1910 1886 ἀπροσή-

2045 1808 2384 1864 nhumanos
2417 1825 2518 1864 eos
2558 1809 2678 1865 ﬁeri
2709 1811 2936 1874 volens,
2965 1814 3067 1866 aut
3103 1808 3370 1864 moribus
3415 1821 3674 1878 asperos,

312 1906 516 1976 γὸρονς,
568 1900 674 1954 ἀλλ’
717 1899 1146 1975 ἀνεμποδίστους.
1201 1905 1359 1956 Εῐωθε
1401 1905 1502 1978 γὰρ
1556 1905 1585 1960 ἡ
1637 1901 1750 1954 καθ’
1788 1898 1911 1954 ὁδὸν

312 1990 492 2062 ὁμιλία
550 1995 608 2042 τὸ
686 1995 922 2044 σύντονον
983 1991 1244 2064 ἐγκόπτειν
1338 1996 1400 2052 ὡς
1465 1995 1528 2043 τὰ
1602 1991 1764 2044 πολλά
1823 1999 1912 2051 τῆς

313 2076 575 2141 σπουδῆς,
637 2084 958 2153 Προστάττει
1015 2087 1186 2133 τοίνυν
1236 2082 1413 2143 αὐτοῖς
1465 2086 1616 2153 μόνον
1673 2082 1912 2150 γίνεσθαι

309 2177 404 2220 τοῦ
456 2167 885 2241 ἐμπιστευθέντος
952 2173 1126 2242 ἔργου,
1184 2176 1274 2222 καὶ
1345 2167 1483 2243 μηδὲ
1539 2173 1624 2221 τὸν
1680 2175 1912 2241 τυχόντα

309 2261 490 2331 καιρὸν
539 2265 628 2310 τοῦ
676 2261 1012 2332 κηρύγματος
1066 2257 1301 2329 δαπανᾴν
1373 2263 1438 2320 είς
1495 2263 1560 2310 τὰ
1613 2264 1682 2331 μὴ
1750 2258 1910 2329 ἀναγ-

307 2352 438 2399 καία
478 2354 568 2400 καὶ
613 2349 869 2422 πάρεργα.
914 2353 1013 2401 Καὶ
1058 2351 1082 2400 ὁ
1115 2349 1404 2409 Ἐλισσαῖος
1458 2345 1515 2401 δὲ
1563 2348 1714 2400 πάλιν
1754 2349 1906 2407 Γιεζῆ

305 2440 393 2488 τὸν
446 2437 707 2510 ὑπηρέτην
766 2437 922 2490 αὐτοῦ
975 2437 1061 2489 ἐπί
1115 2457 1166 2489 τι
1219 2445 1521 2508 κατεπεῖγον
1585 2437 1906 2503 ἀποστείλας,

308 2525 602 2578 ἓνετείλατο“
636 2528 712 2577 ὅτι
741 2527 856 2578 Ἐὰν
887 2527 1038 2599 εὕρῃς
1067 2523 1254 2600 ἄνδρα,
1290 2527 1382 2578 οὐκ
1415 2527 1711 2597 εὐλογήσεις
1756 2527 1910 2581 αὐτόν

307 2620 397 2667 καὶ
441 2612 524 2666 ἐὰν
569 2615 826 2688 εύλογήση
892 2635 948 2667 σε
1003 2615 1152 2688 ἀνήρ,
1199 2616 1289 2667 οὐκ
1348 2615 1680 2690 ἀποκριθήσῃ
1745 2617 1906 2686 αύτῷο

309 2703 564 2776 ἐμφαίνων
646 2709 704 2756 τὸ
767 2714 966 2778 χρῆναι
1021 2701 1264 2777 βαδίζειν
1337 2705 1753 2778 ἀπερίσπαστον,
1821 2711 1910 2758 καὶ

310 2793 572 2855 παντελῶς
602 2790 1005 2866 ἀνεμπόδιστον.

390 2969 476 3030 Εἰς
529 2969 588 3028 ἢν
651 3002 718 3011 -
762 2973 946 3043 τούτῳ.
993 2979 1155 3024 Τοῦτο
1202 2976 1260 3024 τὸ
1301 2978 1588 3048 πρόσρημα
1630 2974 1910 3046 ἀσπασμὸν

318 3058 552 3111 ἐκάλεσεν
600 3061 625 3110 ὁ
669 3062 936 3122 Ματθαῐος
980 3062 1090 3133 (68)
1142 3061 1188 3113 ἐν
1245 3070 1316 3132 τῷ
1374 3063 1713 3138 προῤῥηθέντι
1761 3084 1911 3136 κεφα-

2022 1913 2175 1968 quos
2207 1913 2386 1954 nemo
2418 1899 2604 1971 possit
2642 1900 3022 1971 compellare,
3089 1899 3192 1954 sed
3250 1896 3677 1968 impedimento

2023 1991 2310 2042 carentes.
2350 1987 2503 2043 Solet
2529 1989 2687 2044 enim
2716 1989 2991 2044 salutatio
3015 2003 3120 2058 per
3144 1986 3326 2053 viam,
3364 1985 3677 2040 vehemen-

2011 2071 2115 2130 tiaa
2147 2076 2323 2131 studii
2376 2082 2440 2132 ut
2477 2077 2803 2149 plurimum
2861 2077 3117 2132 obstare.
3167 2073 3432 2146 Praecipit
3479 2075 3680 2146 itaque

2021 2163 2152 2232 illis,
2188 2173 2248 2222 ut
2301 2166 2410 2220 soli
2451 2167 2616 2237 operi
2680 2166 2763 2220 eis
2827 2165 3147 2221 commisso
3203 2163 3514 2219 intendant
3562 2178 3575 2217 :
3624 2167 3681 2218 et

2021 2255 2285 2311 oblatam
2299 2254 2743 2327 praedicationis
2759 2255 3135 2310 occasionem
3153 2270 3270 2308 non
3288 2254 3595 2308 insumant
3619 2253 3680 2308 in

2021 2361 2091 2402 ea
2120 2361 2254 2417 quae
2272 2345 2610 2400 necessaria
2631 2359 2750 2400 non
2784 2350 2939 2409 sunt,
2975 2343 3080 2399 sed
3119 2349 3333 2413 praeter
3384 2342 3679 2397 intentum

2022 2451 2148 2490 sese
2171 2433 2442 2490 offerunt.
2473 2433 2713 2489 Elisaeus
2733 2447 2973 2504 quoque
3005 2432 3146 2487 olim
3175 2431 3391 2486 emisso
3419 2429 3570 2486 Giczi
3599 2429 3682 2485 fa-

2025 2523 2184 2579 mulo
2214 2525 2288 2579 ad
2312 2540 2466 2595 opus
2498 2521 2661 2594 quod
2691 2522 3125 2577 festinationem
3150 2520 3508 2592 requirebat,
3534 2535 3681 2591 prae-

2021 2612 2177 2684 cepit
2201 2611 2402 2667 dicens
2427 2628 2438 2666 :
2481 2612 2545 2665 Si
2566 2613 2851 2667 inveneris
2876 2611 3080 2679 virum,
3111 2625 3228 2666 non
3250 2609 3559 2665 benedicas
3580 2609 3633 2664 ei
3661 2623 3675 2664 :

2020 2709 2074 2757 et
2096 2702 2146 2757 si
2165 2701 2268 2756 tibi
2293 2700 2652 2757 benedixerit
2678 2702 2771 2756 vir
2799 2715 2873 2756 ne
2902 2699 3254 2768 respondeas
3307 2697 3406 2752 illi
3430 2699 3498 2764 θ’,
3537 2697 3680 2752 indi-

2020 2807 2159 2847 cans
2184 2807 2336 2864 opus
2368 2805 2498 2845 esse
2529 2793 2592 2845 ut
2615 2789 2998 2844 indistractus
3031 2804 3100 2843 ac
3148 2786 3396 2843 omnino
3425 2786 3552 2841 sine
3572 2785 3679 2840 im-

2020 2879 2364 2953 pedimento
2375 2878 2744 2952 procederet.

2094 2971 2262 3025 Vers.
2302 2972 2348 3024 5.
2386 2968 2448 3023 In
2501 2982 2910 3040 quamcunque
2945 2998 3014 3007 —
3070 2966 3232 3023 huic.
3261 2966 3424 3021 Hanc
3461 2964 3680 3022 allocu-

2023 3060 2243 3115 tionem
2273 3057 2572 3114 Matthaaus
2603 3056 3021 3112 salutationem
3048 3055 3378 3112 nominavit
3397 3054 3680 3126 praedicto

315 3146 462 3218 λαίῳ.
499 3147 754 3219 Σύμϐολον
796 3145 853 3202 δὲ
885 3149 1093 3221 ἀγάπης
1141 3153 1165 3202 ὁ
1195 3159 1420 3212 τοιοῦτος
1471 3153 1768 3225 ἀσπασμὸς,
1821 3150 1913 3212 δη-

2036 3148 2239 3220 sapite.
2273 3149 2340 3201 ⁸⁸.
2376 3150 2472 3202 Est
2498 3152 2694 3202 autem
2737 3145 3090 3218 hujusmodi
3142 3145 3413 3201 salutatio
3437 3143 3678 3212 signum

313 3235 434 3302 λῶν,
465 3238 544 3289 ὅτι
575 3237 823 3309 εἰρηνικοὶ
851 3244 939 3291 καὶ
981 3239 1116 3310 φίλοι
1144 3245 1554 3313 παραγεγόνασι.

389 3417 490 3465 Καὶ
521 3411 604 3464 ἐὰν
642 3446 708 3454 —
737 3417 878 3486 ὑμῶν
906 3419 1041 3487 (69).
1061 3417 1117 3471 Ἠ
1150 3419 1311 3490 χάρις
1339 3427 1428 3479 τῆς
1448 3417 1692 3482 δοθείσης
1717 3422 1917 3495 εἰρήνης

312 3503 438 3575 παρ’
481 3503 642 3574 ὑμῶν,
690 3506 719 3562 ἠ
768 3503 992 3578 ἐνέργεια
1037 3515 1126 3558 τοῦ
1178 3511 1412 3559 τοιούτου
1469 3509 1643 3580 λόγον·
1696 3513 1803 3571 υίὸς
1859 3508 1917 3565 δὲ

314 3590 543 3664 εἰρήνης,
571 3594 595 3644 ὁ
623 3593 898 3665 εἰρηνικὸς,
933 3599 1002 3657 ὡς
1032 3593 1295 3669 διαφόρως
1317 3598 1610 3672 εἰρήκαμεν.

387 3769 448 3820 Εἰ
494 3765 552 3821 δὲ
593 3801 658 3808 -
700 3768 1014 3844 ἀνακάμψει.
1051 3773 1338 3845 Ἀνάγνωθι
1397 3781 1485 3828 καὶ
1538 3775 1586 3828 ἐν
1617 3785 1688 3846 τῷ
1748 3777 1912 3831 ἐννεα-

311 3855 611 3930 καιδεκάτῳ
641 3859 901 3931 κεφαλαίῳ
945 3869 1036 3913 τοῦ
1063 3865 1196 3914 κατά
1232 3866 1498 3916 Ματθαῐον
1542 3871 1634 3924 τήν
1667 3865 1914 3938 ἐξήγησιν

312 3954 426 3999 τοῦ’
463 3952 561 4000 Καὶ
592 3947 674 3999 ἐὰν
705 3952 794 4019 μὲν
824 3946 852 4007 ἧ
887 3952 916 4006 ή
952 3950 1092 4002 οἰκία
1117 3950 1257 4017 ἀξία,
1287 3952 1471 4006 ἐλθέτω
1503 3957 1530 4012 ἡ
1565 3957 1740 4028 εἰρήνη
1775 3958 1914 4028 ὑμῶν

313 4035 393 4088 ἐπ’
449 4036 629 4094 αὐτήν
685 4035 769 4088 ἐὰν
849 4035 907 4090 δὲ
973 4045 1044 4110 μὴ
1215 4039 1353 4106 ἀξία,
1419 4045 1447 4101 ἡ
1518 4043 1692 4118 εἰρήνη
1773 4047 1914 4117 ὑμῶν

313 4129 448 4198 πρὸς
475 4127 611 4197 ὑμᾶς
640 4124 1030 4199 ἐπιστραφήτω.

389 4213 470 4267 Ἐν
500 4214 630 4287 αὐτῇ
664 4246 728 4254 -
754 4216 910 4267 αὐτοῦ
939 4215 1076 4272 ἐστι.
1123 4222 1220 4270 Καὶ
1247 4223 1364 4290 περὶ
1401 4224 1595 4273 τούτων
1634 4224 1822 4294 ὁμοίως
1867 4223 1914 4276 ἐν

313 4303 488 4374 ἐκείνῳ
520 4311 590 4373 τῷ
622 4304 880 4375 κεφαλαίῳ
932 4314 1108 4377 σαφῶς
1156 4305 1369 4381 ἐρρήθη,
1421 4314 1605 4384 μικρὸν
1658 4310 1910 4384 ἀνωτέρω,

314 4393 540 4444 Ἐσθίειν
572 4389 630 4444 δὲ
668 4397 752 4444 καὶ
788 4399 947 4444 πίνειν
991 4397 1054 4445 τά
1094 4398 1214 4470 παρ’
1267 4397 1432 4448 αὐτῶν
1473 4398 1760 4472 ἐπέτρεψεν,
1811 4404 1912 4474 ούγ

314 4480 508 4544 ἁπλῶς,
541 4479 646 4532 ἀλλ’
674 4483 742 4541 ὡς
763 4485 954 4551 πρέπον
988 4481 1098 4534 ἐστὶ
1123 4486 1385 4554 μαθηταῖς
1417 4488 1592 4540 αὐτοῦ.
1624 4497 1783 4542 Τούτο
1815 4495 1913 4565 γὰρ

311 4577 574 4642 γνώριμον
603 4565 662 4627 ἧν
695 4569 888 4630 αὐτοῖς.

386 4663 471 4716 Μὴ
504 4689 572 4697 -
602 4657 795 4711 οἰκίαν.
833 4658 915 4709 Ἐν
942 4657 1101 4733 ἐκείνη
1137 4668 1197 4732 τῇ
1230 4659 1476 4733 ἐξηγήσει
1500 4669 1594 4722 τήν
1623 4666 1792 4717 αἰτίαν
1822 4676 1914 4720 τοῦ

311 4750 386 4820 μὴ
420 4745 741 4819 μεταϐαίνειν
771 4748 890 4820 εὑρή
901 4767 1025 4810 σεις.

388 4839 488 4888 Καὶ
546 4834 616 4896 εἰς
687 4865 755 4876 —-
812 4843 964 4890 Θεοῦ.
1029 4837 1298 4890 Βασιλείαν
1363 4848 1454 4893 τοῦ
1527 4847 1653 4895 Θεοῦ
1733 4844 1912 4899 ἑαυτὸν

309 4925 446 4996 λέγει
474 4930 561 4974 νῦν
596 4925 660 4984 ὡς
713 4922 937 4997 βασιλέα
977 4931 1068 4978 καὶ
1116 4932 1264 4985 Θεόν.
1306 4927 1549 5001 Ἤγγικε,
1601 4938 1776 5004 φησὶν,
1825 4943 1913 4989 καὶ

309 5007 422 5071 ἤδη
461 5007 782 5084 ἐπιδημήσει
827 5014 966 5085 ὑμῖνο
1019 5014 1157 5078 ἄξιοι
1199 5019 1422 5087 γίνεσθε,
1461 5019 1797 5091 ἑτοιμάζεσθε
1843 5023 1916 5086 εἰς

311 5095 614 5171 ὑποδοχήν.

386 5316 430 5352 ⁶¹
474 5315 668 5371 Matth.
701 5332 756 5385 x,
781 5321 862 5372 t6.
1003 5319 1050 5355 ⁸³
1092 5318 1162 5376 IV
1192 5319 1334 5393 Reg.
1361 5336 1440 5392 ιν,
1465 5322 1554 5379 29.

1689 5326 1967 5397 “lMatth.
2010 5345 2066 5395 Χ,
2107 5328 2190 5384 12.

2025 3237 2372 3300 dilectionis,
2403 3234 2748 3306 signiﬁcans
2765 3234 2927 3306 quod
2958 3233 3191 3307 paciﬁci
3220 3239 3272 3288 et
3299 3231 3468 3288 amici
3506 3231 3680 3287 adve-

2026 3328 2237 3382 nerint.

2097 3417 2263 3470 Vers.
2313 3419 2363 3469 6.
2397 3415 2478 3468 Et
2506 3415 2643 3468 si—
2673 3418 2890 3469 vestra.
2932 3414 3049 3467 Hoc
3079 3415 3170 3467 est
3225 3409 3416 3481 gratia
3466 3409 3619 3464 datae
3643 3425 3679 3464 a

2024 3505 2190 3561 vobis
2212 3505 2394 3577 pacis,
2412 3501 2503 3557 vel
2519 3502 2784 3558 efﬁcacia
2801 3502 2903 3570 huj
2916 3500 3150 3556 usmodi
3170 3498 3482 3554 sermonis.
3498 3497 3677 3554 Filius

2023 3611 2264 3668 quoque
2293 3594 2452 3665 pacis
2479 3592 2690 3648 dicitur
2719 3591 3022 3663 paciﬁcus,
3057 3590 3207 3645 sicut
3235 3589 3413 3645 variis
3438 3590 3496 3644 in
3533 3588 3679 3645 locis

2024 3684 2307 3739 diximus.

2095 3775 2251 3828 Vers.
2285 3773 2336 3827 6.
2371 3771 2480 3827 Sin
2512 3802 2579 3811 --
2611 3775 2902 3826 revertar.
2961 3769 3110 3841 Lege
3153 3781 3391 3839 quoque
3448 3766 3678 3823 decimo

2023 3877 2185 3918 nono
2211 3861 2402 3932 capite
2443 3858 2736 3928 Evangelii
2763 3858 2933 3928 juxta
2977 3857 3310 3914 Matthzeum
3353 3855 3493 3910 dicti
3524 3855 3678 3910 illius

2023 3951 2459 4006 enarrationem
2499 3968 2512 4005 :
2545 3951 2625 4004 Et
2652 3948 2700 4003 si
2739 3947 2960 4020 quidem
3004 3947 3192 4016 fuerit
3220 3945 3421 4000 domus
3479 3943 3675 4013 digna,

2023 4041 2226 4099 veniat
2245 4055 2376 4110 pax
2409 4045 2597 4096 vestra
2648 4053 2823 4106 super
2852 4037 3056 4092 illam:
3112 4035 3162 4090 si
3202 4041 3392 4091 autem
3434 4033 3679 4104 indigna

2017 4131 2202 4201 fuerit
2228 4145 2348 4199 pars
2369 4135 2558 4184 vestra
2588 4127 2668 4184 ad
2689 4143 2786 4182 vos
2803 4130 3203 4182 convertatur.
3230 4125 3250 4159 ε

2096 4220 2258 4276 Vers.
2303 4220 2355 4272 7.
2387 4219 2455 4274 In
2485 4218 2686 4273 eadem
2725 4248 2793 4256 —
2815 4231 2919 4272 sua
2950 4221 3048 4270 est.
3086 4212 3360 4270 Similiter
3388 4211 3462 4267 de
3501 4211 3593 4266 his
3618 4210 3679 4267 in

2023 4309 2119 4365 illo
2173 4308 2360 4381 capite
2412 4306 2718 4362 manifeste
2771 4305 2993 4360 dictum
3053 4308 3142 4358 est
3170 4302 3350 4374 paulo
3378 4301 3676 4373 superius.

2025 4398 2219 4454 Edere
2245 4403 2444 4453 autem
2479 4413 2548 4452 ac
2566 4395 2768 4451 bibere
2799 4395 3090 4467 permisit,
3116 4409 3246 4465 qua:
3278 4392 3355 4447 ab
3379 4390 3678 4462 illoporri-

2025 4493 2338 4558 gerentur;
2367 4502 2486 4543 non
2517 4485 2876 4557 simpliciter,
2902 4483 3008 4539 sed
3031 4483 3180 4537 sicut
3201 4480 3521 4552 discipulos
3540 4495 3679 4534 suos

2025 4577 2267 4634 decebat
2299 4591 2310 4630 :
2344 4576 2459 4632 hoc
2488 4575 2648 4630 enim
2689 4573 2832 4644 ipsis
2872 4580 3079 4627 notum
3117 4576 3262 4634 erat,

2095 4665 2330 4722 Vers.7.
2362 4664 2564 4721 Nolite
2609 4689 2670 4699 —
2717 4662 2966 4716 domum.
3032 4660 3096 4714 In
3152 4658 3252 4714 illa
3304 4656 3680 4712 enarratione

2023 4756 2202 4828 hujus
2279 4769 2524 4810 causam
2557 4749 2842 4806 invenies.

2128 4846 2291 4903 Vers.
2352 4847 2402 4899 8.
2449 4843 2519 4896 Et
2589 4839 2652 4896 in
2683 4870 2752 4879 —
2781 4839 2949 4894 Vers.
3001 4837 3054 4892 9.
3109 4835 3233 4891 Dei.
3280 4837 3549 4905 Regnum
3579 4834 3679 4892 Dei

2023 4951 2184 4993 nunc
2205 4933 2494 5005 seipsum,
2513 4927 2796 5002 appellat,
2840 4932 3126 4998 tanquam
3149 4939 3353 4996 regem
3382 4939 3454 4980 ac
3479 4924 3686 4984 Deum.

2024 5020 2564 5098 Appropinquavit,
2606 5017 2819 5090 inquit,
2846 5020 2903 5074 et
2936 5015 3065 5087 jam
3100 5013 3447 5070 deversatur
3484 5013 3678 5070 vobis-

2025 5130 2164 5171 cum
2198 5128 2211 5178 ;
2242 5109 2408 5182 digni
2456 5105 2786 5173 habemini,
2821 5106 2922 5180 qui
2953 5101 3381 5178 praeparamini
3437 5102 3508 5160 ad
3551 5102 3680 5175 ejus

2021 5202 2464 5276 susceptionem

2352 5327 2399 5362 “
2428 5324 2571 5382 Ibid.
2608 5327 2692 5380 l3.

1513 5449 1734 5519 Variae
1764 5452 2091 5522 lectiones
2141 5463 2206 5522 et
2245 5463 2445 5520 notae.

409 5586 496 5642 67l
538 5585 863 5641 Βαλλάντιον.
901 5591 942 5642 Α
953 5631 964 5642 .

385 5586 498 5730 ἓϐἹῖ
538 5586 863 5641 Βαλλάντιον.
901 5591 964 5642 Α.

537 5659 723 5741 Igitur
768 5661 945 5741 etiam
969 5660 1272 5741 nonnulli,
1314 5663 1428 5741 sed
1475 5669 1716 5741 temere,
1751 5670 1916 5741 apud

309 5729 647 5788 Matthmum
707 5729 746 5787 1.
801 5730 840 5787 l.
899 5730 1255 5791 intulerunt:
1294 5738 1555 5806 Λίγοντεςο
1602 5729 1810 5810 Εἰρήνη.
1843 5749 1917 5811 τῷ

2028 5599 2152 5667 οἴκῳ
2177 5599 2365 5667 τούτῳ.

2098 5656 2209 5741 (69)
2235 5668 2292 5724 Ἡ
2317 5656 2540 5724 ὀωὶιιὶῑ
2562 5663 2629 5719 Α.
