4170 6364
535 351 645 408 959
1860 356 2210 413 EUTHYMll
2250 345 2607 412 ZIGABENI

608 479 768 535 Vers.
811 479 993 538 10.1η
1040 514 1111 524 -
1157 484 1315 540 Vers.
1360 485 1447 539 11.
1509 499 1627 540 υοε.
1657 483 1744 541 lbi
1791 483 1866 541 de
1899 485 1993 540 his
2015 482 2197 539 etiam
2229 480 2275 535 Α

536 582 757 638 quaere,
792 570 895 625 ubi
917 571 1283 630 declaratum
1307 573 1556 630 estillud
1583 592 1596 630 :
1631 575 1705 629 Et
1730 574 2053 646 quicunque
2079 588 2199 628 non

534 661 847 728 susceperit
886 676 984 717 vos
1023 663 1091 714 ⁸⁵.

606 748 765 803 Vers.
795 751 878 805 11.
929 751 1149 809 Tamen
1175 783 1243 794 —
1268 752 1391 810 Dei.
1417 756 1536 809 Hoc
1561 753 1864 826 protestari
1919 746 2202 825 praecepit

3818 358 3955 415 960

2384 485 2477 546 Εἰς
2524 513 2592 524 ——
2646 486 2787 558 ύμῖν.
2862 488 2992 541 Ἐκεῖ
3050 492 3139 541 καὶ
3206 490 3322 561 περὶ
3384 487 3579 538 τούτων
3656 484 3951 551 ζήτησον,

2309 576 2430 626 ἔνθα
2481 576 2782 648 ἠρμηνεύθη
2833 582 2910 633 τό.
2977 583 3077 631 Καὶ
3132 578 3185 640 ὃς
3252 577 3311 628 ἂν
3365 575 3478 648 (70)
3530 579 3602 647 μὴ
3695 569 3955 636 δέξηται

2309 664 2465 736 ύμᾱᾳ

2381 755 2515 811 Πλὴν
2542 784 2606 795 --
2640 762 2790 807 Θεοῦ.
2815 763 2977 808 Τοῦτο
3007 754 3291 829 προσέταξε
3309 750 3785 826 διαμαρτύρασθαι
3805 758 3952 814 τοίς

538 833 883 904 incredulis,
917 855 991 895 ne
1048 840 1244 897 dicere
1289 848 1538 914 possent
1574 865 1586 898 :
1628 846 1751 899 Non
1806 841 2197 912 cognovimus

535 923 860 983 adventum
887 935 1075 996 tuum,
1096 930 1365 987 Domine.

588 1020 751 1076 Vers.
780 1019 867 1073 12.
898 1017 1036 1074 Dico
1065 1051 1134 1058 —
1163 1020 1274 1075 illi.
1304 1020 1592 1078 Praedicto
1622 1022 1815 1094 capite
1860 1026 2037 1084 etiam
2067 1028 2196 1085 haec

536 1107 959 1166 convenienter
994 1108 1295 1166 declarata
1323 1115 1482 1166 sunt.

610 1201 771 1254 Vers.
820 1200 907 1256 13.
981 1201 1075 1256 Vae
1128 1232 1183 1242 --
1230 1200 1611 1269 paenituisset.
1648 1203 1855 1268 Quaere
1905 1205 2189 1263 vicesimo

542 1289 923 1361 capitejuxta
952 1289 1314 1358 Matthaeum,
1351 1288 1452 1345 ubi
1501 1290 1719 1347 dicitur
1753 1307 1765 1346 :
1831 1295 1987 1348 Tunc
2035 1297 2200 1368 cavqit

541 1379 908 1448 exprobrare
932 1378 1284 1445 civitatibus,
1314 1381 1376 1435 in
1391 1380 1601 1451 quibus
1626 1381 1783 1437 edita:
1802 1385 2039 1453 fuerant
2070 1387 2198 1457 plu-

540 1468 715 1524 rimae
743 1469 977 1524 virtutes
1008 1470 1150 1538 ejus,
1211 1469 1480 1539 quodnon
1565 1471 1942 1541 resipuissent
1999 1475 2044 1510 ⁶⁶
2076 1491 2089 1541 ;
2120 1474 2202 1531 ibi
2242 1508 2247 1515 -

534 1556 690 1613 enim
719 1559 772 1612 et
801 1555 875 1611 de
915 1556 1008 1612 his
1048 1556 1276 1612 dictum
1304 1562 1414 1612 est.

604 1647 765 1700 Vers.
810 1648 897 1702 14.
939 1645 1344 1703 Verumtamen
1376 1677 1442 1687 —
1473 1647 1650 1704 vobis.
1684 1648 1888 1717 Vobis,
1915 1655 2072 1722 puta,
2109 1651 2205 1708 in-

533 1733 812 1791 credulis.
844 1735 965 1790 Hoc
1007 1751 1252 1808 quoque
1308 1735 1456 1791 dixit
1506 1737 1744 1793 decimo
1786 1756 1936 1796 nono
2007 1742 2202 1814 capite

2310 843 2591 912 ἀπειθέσιν,
2627 846 2710 896 ἵνα
2729 849 2800 917 μὴ
2836 842 3093 897 δύνωνται
3112 844 3292 916 λέγειν,
3319 842 3440 896 Ὀτι
3465 841 3559 894 ούκ
3580 843 3815 913 ἔγνωμεν
3837 845 3945 899 τὴν

2306 938 2598 1003 παρουσίαν
2629 952 2743 1001 σου,
2791 937 2961 1008 Κύριε.

2378 1024 2526 1091 Λέγω
2557 1053 2621 1061 -
2654 1022 2839 1096 ἐκείνῃ.
2872 1024 2955 1076 Ἐν
2985 1031 3057 1093 τῷ
3086 1025 3300 1094 τοιούτῳ
3331 1020 3588 1094 κεφαλαίῳ
3626 1021 3723 1071 καί
3750 1026 3945 1071 ταῦτα

2306 1115 2674 1182 προσηκόντως
2705 1114 2734 1171 ἡ
2742 1132 2769 1187 ρ
2776 1113 3004 1185 μηνεύθη
3014 1132 3127 1166 σαν.

2378 1199 2513 1252 Ούαι
2575 1232 2644 1241 -—
2721 1205 3054 1274 μετενόησαν.
3131 1205 3372 1258 Ζήτησον
3428 1197 3476 1251 ἐν
3545 1205 3618 1268 τῷ
3693 1200 3941 1267 εἰκοστῷ

2307 1288 2564 1361 κεφαλαίῳ
2641 1297 2731 1342 τοῦ
2805 1293 2937 1343 κατὰ
3013 1292 3280 1344 Ματθαῖον
3358 1292 3437 1341 τό·
3504 1291 3631 1341 Τότε
3715 1287 3940 1358 ἤρξατο

2310 1375 2581 1438 ὀνειδίζειν
2609 1381 2698 1441 τὰς
2727 1380 2915 1444 πόλεις,
2947 1378 2994 1431 ἐν
3026 1379 3108 1440 αἷς
3143 1378 3370 1450 ἐγένοντο
3399 1380 3453 1430 αἱ
3481 1376 3726 1430 πλεῖσται
3758 1372 3938 1428 διηνοὲ⁶

2310 1486 2419 1540 μεις
2450 1467 2630 1536 αὐτου,
2659 1470 2738 1520 ὅτι
2768 1469 2826 1520 ού
2859 1473 3191 1541 μετενόησαν.
3228 1468 3363 1520 Ἐκεῖ
3398 1469 3499 1541 γὰρ
3529 1469 3619 1517 καὶ
3648 1470 3772 1539 περὶ
3808 1467 3944 1517 τού-

2309 1576 2405 1608 των
2437 1561 2656 1630 εἴρηται.

2384 1646 2523 1705 Πλὴν
2572 1679 2638 1687 -
2705 1648 2845 1720 ὑμῖν.
2900 1646 3064 1718 Ὑμῖν,
3151 1652 3255 1706 τοῖς
3325 1643 3582 1712 ἀπειθέσι,
3648 1640 3936 1699 δηλονότι.

2315 1733 2436 1788 Εἶπε
2488 1733 2547 1788 δὲ
2592 1743 2742 1788 τοῦτο
2799 1741 2888 1789 καὶ
2947 1734 2996 1788 ἐν
3050 1743 3122 1807 τῷ
3169 1730 3606 1804 ἑπτακαιδεκάτῳ
3653 1731 3937 1804 κεφαλαίῳ

532 1823 830 1894 Evangelii
865 1825 1025 1880 iuxta
1065 1824 1415 1889 Matthaeum,
1450 1830 1505 1880 et
1535 1826 1617 1881 ibi
1666 1827 1793 1897 lege
1854 1828 1993 1885 dicti
2044 1830 2199 1888 illius

2314 1832 2403 1877 τοῦ
2458 1827 2593 1877 κατά
2640 1827 2922 1890 Ματθαῖον,
2984 1829 3074 1877 καὶ
3126 1822 3384 1894 ἀνάγνωθι
3440 1826 3535 1880 τὴν
3599 1819 3754 1873 λύσιν
3821 1821 3939 1874 ἐκεῖ

532 1912 997 1969 declarationem
1014 1930 1026 1967 :
1043 1913 1080 1967 A
1090 1929 1219 1969 men
1231 1913 1348 1969 dico
1379 1914 1553 1980 vobis,
1571 1917 1945 1973 toterabilius
1961 1920 2074 1975 erit
2094 1927 2205 1976 ter-

534 2015 622 2058 rae
641 2000 1011 2056 Sodomorum
1032 2004 1085 2057 et
1102 2001 1769 2074 Gomorrhorum,quam
1784 2004 2014 2062 civitati
2031 2007 2122 2064 illi
2132 2009 2201 2067 ⁸⁷.

603 2178 770 2234 Vers.
804 2179 892 2233 15.
939 2180 1014 2234 Et
1046 2182 1105 2234 tu
1133 2210 1203 2221 -
1259 2179 1611 2237 detraheris.
1666 2181 1961 2239 Vicesimo
2006 2187 2203 2258 capite

531 2267 835 2335 Evangelii
859 2267 1187 2324 secundum
1224 2268 1562 2325 Matthaeum
1619 2270 1792 2326 etiam
1826 2271 1899 2327 de
1926 2273 2043 2330 hac
2081 2275 2202 2330 dic-

2313 1921 2423 1965 τοῦ·
2489 1915 2658 1986 Ἀμὴν
2718 1913 2849 1985 λέγω
2905 1916 3045 1986 ὑμῖν,
3115 1912 3434 1985 ἀνεκτότερον
3502 1913 3652 1963 ἔσται
3706 1917 3777 1982 γῇ
3838 1918 3932 1963 Σο-

2314 1999 2488 2075 δόμων
2535 2008 2623 2056 καὶ
2664 2001 2932 2078 Γομόρῥων
2978 2003 3028 2055 ἐν
3079 2004 3248 2075 ἡμέρᾳ
3296 2004 3538 2073 κρίσεως,
3576 2000 3609 2059 ἣ
3657 2006 3720 2072 τῇ
3773 1999 3931 2052 πόλει

2312 2089 2474 2164 ἐκείνῃ
2486 2133 2498 2145 .

2386 2185 2485 2234 Καὶ
2518 2185 2582 2233 σὺ
2614 2213 2678 2222 --
2708 2179 3171 2252 καταϐιϐασθήσῃ.
3204 2179 3285 2231 Ἐν
3310 2185 3382 2249 τῷ
3413 2178 3633 2247 εἰκοστῷ
3656 2175 3923 2249 κεφαλαίῳ

2309 2277 2400 2322 τοῦ
2447 2272 2582 2321 κατά
2633 2271 2899 2323 Ματθαῖον
2960 2272 3163 2345 εἴρηται
3221 2272 3313 2320 καὶ
3368 2271 3482 2342 περὶ
3539 2268 3762 2331 ταύτης,
3829 2270 3923 2317 καὶ

532 2362 651 2412 tum
673 2362 779 2422 est,
808 2356 888 2413 ibi
920 2373 1063 2427 ergo
1109 2373 1330 2431 quaere.

635 2446 796 2502 Vers.
831 2450 919 2504 16.
964 2448 1073 2515 Qui
1112 2448 1275 2503 audit
1322 2463 1521 2505 —me.
1582 2450 1980 2522 Rejectionem
2037 2452 2196 2511 hanc

528 2541 704 2592 vocat
732 2536 1196 2594 incredulitatem
1229 2542 1284 2593 et
1308 2538 1701 2596 aversionem.
1735 2543 1815 2596 Ne
1856 2542 2015 2598 enim
2046 2559 2195 2599 mae-

531 2640 661 2680 rore
718 2625 1072 2691 afﬁciantur,
1128 2643 1265 2683 cum
1318 2636 1701 2700 spernuntur,
1753 2630 1934 2687 dicit:
1995 2631 2196 2689 Vestra

530 2714 747 2785 injuria
795 2730 900 2786 per
940 2730 1042 2772 vos
1079 2715 1137 2770 in
1168 2731 1263 2772 me
1278 2718 1541 2783 recurrit,
1599 2718 1697 2790 qui
1728 2719 1861 2775 misi
1900 2737 2007 2776 vos
2038 2739 2055 2775 :
2088 2737 2194 2794 per

531 2814 626 2854 me
657 2803 878 2868 autem,
908 2801 968 2855 in
996 2800 1230 2857 Patrem
1264 2817 1484 2866 meum,
1518 2804 1624 2874 qui
1657 2804 1812 2859 misit
1863 2821 1977 2861 me.

600 2886 766 2942 Vers.
797 2889 881 2943 17.
910 2889 1141 2946 Rerersi
1160 2921 1229 2930 —
1247 2897 1427 2945 tuum.
1454 2892 1822 2959 Gaudebant,
1838 2894 2000 2966 quod
2024 2895 2191 2965 digni

528 2975 893 3032 haberentur
943 2983 999 3033 et
1055 2977 1343 3034 miracula
1408 2980 1603 3048 edere,
1650 2986 1702 3037 et
1751 2982 2045 3039 daemonia
2078 2984 2191 3040 sibi

530 3064 843 3136 subjicere.

599 3154 764 3210 Vers.
801 3157 881 3211 l8.
913 3156 1072 3213 Dixit
1113 3188 1169 3198 -
1197 3158 1520 3215 cadentem.
1550 3158 1807 3216 Causam
1842 3160 2193 3230 signiﬁcavit
2230 3185 2271 3242 ρ

528 3242 916 3314 subiectionis
981 3246 1408 3304 daemoniorum
1476 3249 1613 3321 quia
1664 3250 1869 3306 cecidit
1911 3251 2190 3324 princeps

528 3348 755 3399 eorum,
790 3335 891 3407 qui
922 3335 1102 3391 fortes
1139 3336 1264 3392 illos
1289 3337 1580 3394 reddebat
1624 3354 1694 3394 ac
1720 3339 2108 3407 confortabat,
2134 3347 2190 3398 et

522 3422 649 3491 jam
680 3422 854 3478 facile
885 3424 957 3479 de
972 3425 1295 3482 vincuntur.
1343 3427 1653 3500 Siquidem
1684 3433 1821 3484 ante
1868 3429 2190 3486 Salvatoris

525 3511 997 3570 incarnationem
1037 3514 1095 3570 in
1136 3514 1390 3572 sublime
1430 3516 1747 3583 ferebatur,
1783 3523 1837 3574 et
1868 3524 2188 3590 tyrannum

527 3602 763 3670 agebat,
796 3618 863 3657 ac
902 3607 1115 3674 potens
1145 3610 1271 3661 erat
1306 3625 1317 3664 :
1351 3621 1488 3662 cum
1519 3611 1721 3663 autem
1762 3608 1918 3662 Deus
1947 3608 2005 3662 in
2036 3613 2192 3665 terra

528 3705 632 3760 per
662 3705 902 3748 carnem
930 3693 1358 3761 deversaretur,
1396 3696 1620 3758 cecidit,
1650 3711 1771 3751 non
1797 3712 1832 3751 a
1852 3696 1980 3752 celo
2010 3717 2021 3756 :
2048 3697 2191 3754 olim

526 3776 688 3834 enim
716 3778 851 3835 inde
882 3780 1197 3852 ceciderat,
1226 3798 1336 3838 nec
1366 3783 1619 3855 amplius
1642 3801 1712 3841 eo
1746 3786 2015 3841 ascendit
2042 3804 2055 3842 :
2084 3787 2191 3842 sed

528 3883 565 3924 a
613 3867 773 3924 dicta
811 3869 1175 3936 celsitudine,
1220 3872 1537 3943 tyrannide
1590 3889 1660 3929 ac
1698 3875 1984 3945 potentia.
2046 3875 2190 3932 Dicit

528 3972 716 4027 ergo:
756 3957 1029 4015 Videbam
1075 3959 1370 4025 Satanam,
1424 3967 1743 4035 postquam
1787 3963 2058 4020 videlicet
2081 3965 2190 4021 hu-

526 4045 878 4102 manitatem
903 4047 1205 4119 assumpsi
1233 4047 1566 4116 cadentem,
1597 4054 1658 4105 ut
1691 4049 1910 4121 fulgur,
1938 4052 2100 4124 quod
2119 4053 2191 4109 de

530 4133 680 4189 coelo
710 4133 886 4189 cadit.

600 4220 850 4285 Quidam
876 4226 1076 4278 autem
1100 4222 1301 4279 caelum
1329 4223 1657 4298 intelligunt
1677 4226 1789 4284 hoc
1808 4226 1941 4284 loco
1967 4244 2187 4298 aerem,

525 4308 585 4364 in
615 4324 737 4381 quo
767 4311 992 4366 versari
1020 4312 1240 4380 gaudet
1270 4313 1541 4370 Satanas.
1574 4318 1721 4371 Nam
1751 4322 1806 4372 et
1844 4333 1948 4373 aer
1972 4318 2191 4376 caelum

527 4397 745 4454 dicitur
802 4415 816 4455 :
872 4399 1171 4468 Volucres,
1214 4402 1423 4474 inquit,
1453 4404 1599 4461 caeli.
1653 4407 1804 4461 Usus
1870 4411 1959 4463 est
2000 4413 2191 4464 autem

528 4486 781 4557 fulguris
811 4489 1104 4562 exemplo,
1123 4495 1446 4548 ostendens
1476 4495 1912 4553 vehementiam
1945 4513 2015 4554 ac
2047 4498 2192 4554 velo-

528 4577 761 4635 citatem
794 4595 971 4635 casus
1017 4579 1194 4636 illius.

597 4670 757 4724 Vers-
800 4668 887 4724 19.
920 4670 1073 4726 Ecce
1096 4702 1164 4710 —
1189 4673 1550 4744 scorpiones.
1579 4676 1889 4747 Serpentes
1930 4692 2005 4732 ac
2037 4692 2191 4733 scor-

525 4758 736 4829 piones
758 4757 1180 4829 intelligibiles,
1211 4762 1315 4833 qui
1357 4762 1590 4820 animas
1622 4765 1898 4821 mordent
1920 4782 1987 4822 ac
2016 4765 2195 4822 devo-

525 4851 672 4902 rant.
707 4847 793 4903 Ita
818 4853 1017 4905 autem
1061 4849 1366 4907 daemones
1411 4852 1754 4925 appellavit,
1811 4870 1933 4910 non
1987 4854 2193 4912 solum

516 4936 1267 5007 propterinsidias,veneni
1282 4940 1703 5011 jaculationem
1720 4942 2191 5012 acinfectionem,

528 5024 633 5081 sed
671 5028 728 5080 et
775 5029 1018 5099 propter
1073 5026 1433 5086 debilitatem
1488 5045 1559 5087 ac
1611 5031 1938 5103 ignaviam.
1973 5033 2193 5091 Verum

524 5114 706 5260 quin:l
720 5112 795 5171 de
821 5114 1182 5173 daemonibus
1208 5116 1508 5191 loquatur,
1573 5120 1893 5179 manifesta
1912 5121 1994 5190 id,
2026 5122 2193 5195 quod

528 5218 598 5258 su
691 5202 819 5260 'tur.

528 5202 819 5260 subditur.

598 5353 646 5388 ⁸⁵
677 5352 882 5413 Matth.
919 5372 981 5423 x,
1013 5356 1101 5411 14.

2314 2362 2446 2422 ζήτη
2457 2379 2544 2412 σον
2576 2358 2623 2411 ἐν
2656 2358 2827 2431 ἐκείνῳ
2844 2405 2853 2414 .

2376 2448 2434 2502 Ὀ
2486 2446 2683 2500 ἀκούων
2742 2479 2807 2489 -—
2854 2467 2934 2520 με.
2989 2446 3263 2505 Ἀθέτησιν
3313 2445 3449 2517 λέγει
3499 2449 3592 2503 τὴν
3653 2442 3921 2496 ἀπείθείαν

2305 2544 2395 2590 καὶ
2427 2536 2779 2610 ἀποστροφήν.
2820 2535 2931 2589 Ἵνα
2957 2539 3059 2609 γὰρ
3114 2539 3185 2608 μὴ
3240 2534 3504 2587 λυπῶνται
3557 2532 3916 2607 ἀθετοῦμενοι,

2306 2633 2482 2701 φησὶν,
2525 2629 2603 2679 ὅτι
2639 2626 2697 2679 Ἠ
2729 2628 2948 2698 ὑμετέρα
2995 2624 3165 2700 ὕϐρις,
3218 2621 3290 2676 δι’
3344 2625 3487 2695 ὑμῶν
3540 2625 3651 2694 μὲν,
3700 2623 3777 2684 εἰς
3830 2621 3921 2694 ἐμὲ

2304 2715 2603 2791 ἀνατρέχει,
2654 2718 2738 2767 τὸν
2785 2713 3160 2767 ἀποστείλαντα
3207 2711 3376 2788 ύϐρις·
3435 2708 3508 2764 δι’
3549 2710 3672 2783 ἐμοῦ
3716 2707 3795 2773 δε,
3840 2711 3914 2770 εἰς

2303 2810 2388 2858 τὸν
2423 2809 2627 2877 Πατέρα
2661 2824 2760 2876 μου
2789 2807 2873 2856 τὸν
2906 2802 3283 2856 ἀποστείλαντά
3308 2820 3390 2874 με.

2371 2893 2723 2966 Ὑπέστρεψαν
2791 2923 2862 2934 -
2938 2911 3052 2947 σου.
3124 2890 3401 2963 Ἐχαιρον,

2304 2986 2716 3058 θαυματουργεῖν
2740 2986 2829 3034 καὶ
2855 2982 3173 3033 ύποτάσσειν
3198 2982 3263 3032 τὰ
3295 2976 3564 3051 δαιμόνια.

3480 2891 3539 2950 ὡς
3598 2886 3897 2950 ἀξιωθέντες

2376 3160 2501 3216 Εἷπε
2549 3194 2613 3201 -
2662 3165 2903 3214 πεσόντα.
2961 3156 3230 3218 Ἐδήλωσε
3281 3177 3373 3216 την
3434 3157 3604 3210 αἰτιᾶν
3659 3164 3751 3216 τῆς
3806 3163 3905 3206 τῶν

2308 3251 2567 3324 δαιμόνων
2623 3253 2914 3322 ὑποταγῆς,
2977 3250 3057 3301 ὃτι
3104 3258 3366 3301 πέπτωκεν
3417 3249 3441 3299 ὁ
3484 3249 3668 3320 οἰρχων
3716 3246 3906 3311 αὐτῶν,

2303 3345 2328 3395 6
2378 3341 2635 3413 ἐνισχύων
2684 3340 2894 3401 αύτούς.
2953 3345 3042 3391 καὶ
3097 3338 3276 3390 λοιπὸν
3334 3337 3778 3407 εύκαταγώνιστοι
3829 3353 3914 3405 γε·

2301 3448 2505 3503 γονασι·
2545 3433 2645 3501 πρὸ
2690 3431 2779 3501 μὲν
2826 3431 2928 3502 γὰρ
2982 3436 3074 3488 τῆς
3117 3428 3552 3499 ἑνανθρωπὴσεως
3593 3432 3685 3476 τοῦ
3730 3431 3913 3481 Σωτῆ-

2302 3541 2409 3593 ρος,
2446 3520 2517 3582 εἰς
2558 3517 2707 3590 ὕψος,
2768 3521 2942 3591 ᾔρετο,
2993 3521 3082 3568 καὶ
3127 3514 3404 3589 ἐτυράννει,
3450 3518 3542 3567 καὶ
3586 3516 3769 3584 ἴσχυε.
3806 3518 3913 3565 Τοῦ

2304 3618 2435 3663 Θεοῦ
2469 3605 2526 3661 δὲ
2557 3616 2618 3680 τῇ
2660 3615 2727 3680 γῇ
2773 3602 2867 3658 διὰ
2900 3609 3094 3680 σαρκὸς
3124 3601 3566 3677 ἐπιδημήσαντος,
3620 3606 3907 3655 πέπτωκεν·

2303 3700 2396 3751 οὐκ
2439 3697 2540 3749 ἀπὸ
2579 3704 2670 3749 τοῦ
2716 3696 2954 3771 ούρανοῦ·
3007 3697 3169 3746 πάλαι
3223 3697 3324 3768 γὰρ
3378 3692 3465 3745 ἀπ’
3523 3692 3681 3744 αὐτοῦ
3738 3695 3911 3744 πεσὼν

2302 3788 2473 3841 ούκέτι
2536 3786 2695 3838 αὐτοῦ
2745 3783 2920 3842 ἐπέϐη’
2975 3782 3081 3835 ἀλλ’
3138 3781 3238 3855 ἀμὸ
3290 3789 3383 3834 τοῦ
3443 3782 3689 3855 ῥηθέντος
3741 3779 3911 3851 ὕψους

2301 3881 2390 3928 καὶ
2421 3883 2514 3937 τῆς
2544 3869 2851 3949 τυραννίδος
2888 3877 2977 3924 καὶ
3025 3880 3117 3932 τῆς
3150 3872 3366 3943 ἰσχύος.
3410 3874 3562 3940 Λέγει
3593 3872 3784 3933 τοίνυν,
3828 3870 3910 3920 ὅτι

2301 3967 2581 4039 Ἐθεώρουν
2660 3966 2747 4014 τὸν
2825 3966 3073 4026 Σατανᾶν,
3159 3962 3287 4032 μετά
3363 3961 3421 4010 τὸ
3509 3957 3908 4031 ἐνανθρωπῆσαί

2301 4074 2363 4126 με
2413 4050 2674 4111 δηλονότι,
2734 4056 2976 4118 πεσόντα,
3042 4053 3112 4112 ὡς
3160 4047 3456 4121 ἀστραπὴν,
3519 4046 3576 4099 ἐκ
3639 4047 3752 4118 (71)
3816 4055 3903 4098 τοῦ

2302 4143 2542 4215 ούρανοῦ.

2372 4234 2516 4293 Τινὲς
2566 4227 2625 4284 δὲ
2672 4229 2886 4304 ούρανόν
2932 4226 3154 4280 ἐνταῦθα
3189 4230 3276 4279 τόν
3318 4225 3442 4300 ἀέρα
3478 4232 3707 4290 νοοῦσιν,
3741 4224 3780 4293 ᾧ
3811 4222 3903 4277 ἔνε-

2303 4321 2585 4395 φιλοχώρεί
2616 4321 2639 4371 6
2679 4323 2918 4378 Σατανᾶς.
2956 4321 3176 4387 Λέγεται
3204 4318 3305 4389 γὰρ
3357 4314 3569 4389 οὐρανὸς
3597 4318 3688 4365 καὶ
3720 4315 3747 4365 6
3780 4311 3896 4386 ἀήρ.

2301 4414 2379 4464 Tit
2407 4411 2610 4462 πετεινά
2646 4412 2746 4483 γήρ
2793 4421 2923 4479 φησι
2966 4413 3057 4458 τοῦ
3106 4405 3345 4479 ούρανοῦ.
3381 4410 3465 4473 Τῷ
3516 4398 3899 4478 παραδείγματι

2308 4497 2363 4552 δε
2402 4508 2497 4561 τῆς
2528 4497 2797 4571 ἀστραπῆς
2837 4495 3123 4568 ἐχρήσατο,
3158 4494 3415 4566 ἐμφαίνων
3455 4495 3514 4544 τὸ
3561 4488 3785 4563 σφοδρόν
3813 4495 3898 4543 καὶ

2312 4547 2362 4552 ⁷-
2410 4547 2497 4561 ⁷-⁷*
2531 4547 2797 4571 ""1“"-'
2860 4547 2913 4568 [τι
2956 4547 2965 4553 ·

2225 4547 2269 4602 D
2305 4588 2393 4651 ὀξὺ
2423 4595 2519 4649 τῆς
2542 4592 2783 4646 πτώσεως
2813 4585 2994 4639 αὐτοῦ.

2376 4673 2516 4729 Ἰδοὺ
2570 4707 2637 4715 -
2700 4678 2978 4748 σιορπίων.
3036 4670 3236 4744 ’Ὀφεων
3294 4677 3383 4724 καὶ
3466 4672 3734 4743 σκόρπίων,
3792 4673 3887 4715 τῶν

2305 4763 2592 4818 δακνόντων
2618 4769 2707 4816 καὶ
2735 4767 3121 4835 τιτρωσκόντων
3148 4764 3241 4823 τὰς
3269 4759 3475 4831 ψυχάς.
3520 4757 3661 4811 Οὕτω
3693 4751 3753 4807 δέ
3778 4757 3893 4816 τοὺς

2304 4852 2559 4928 δαίμονας
2606 4853 2888 4926 ὠνόμασεν,
2935 4851 2992 4903 ού
3048 4855 3199 4923 μόνον
3254 4846 3348 4902 διὰ
3392 4852 3450 4901 τὸ
3496 4843 3759 4900 ἐπίϐουλον
3809 4851 3898 4897 καὶ

2305 4942 2498 4997 ἰοϐόλον
2540 4948 2629 4995 καὶ
2659 4943 2961 5016 φθαρτικόν,
3010 4937 3137 4991 ἀλλὰ
3178 4943 3267 4991 καὶ
3310 4934 3404 4991 διὰ
3456 4941 3513 4989 τὸ
3559 4935 3767 4995 ἀσθενὲς
3814 4939 3899 4987 καὶ

2302 5033 2572 5088 εύὰλωτόν.
2604 5030 2722 5085 Ὀτι
2758 5028 2817 5084 δὲ
2845 5035 2962 5106 περὶ
3006 5037 3107 5082 τῶν
3148 5025 3409 5102 δαιμόνων
3461 5027 3621 5099 λέγει,
3668 5021 3820 5083 δηλοῖ
3845 5028 3897 5077 τὸ

2303 5122 2638 5197 ἐπαγόμενον.

1233 5359 1281 5395 ⁸⁸
1306 5352 1519 5417 Μαῑὼ.
1538 5377 1620 5432 x1,
1650 5364 1739 5418 20.
1772 5363 1819 5398 ⁸⁷
1851 5361 2053 5418 Matth.
2089 5377 2148 5430 ι,
2181 5365 2268 5419 l5.

1734 5537 1960 5607 Variae
1997 5537 2324 5606 lectiones
2355 5547 2421 5604 et
2449 5546 2653 5603 notae.

602 5725 710 5798 (70)
739 5722 830 5785 ’ος
854 5721 957 5779 ἐάν.
1023 5725 1090 5779 Β.

2372 5734 2488 5807 (τι)
2514 5736 2653 5805 τὴν.
2677 5736 2812 5790 ante
2838 5730 2914 5798 ἇκ,
2946 5730 3113 5789 addit
3138 5730 3204 5788 Α.
