4170 6364
289 309 392 368 961

1421 304 1774 362 (ΣΟΜΜΕΝΤ.
1817 304 1885 361 ΙΝ
1925 303 2194 362 LUCAM.
2239 337 2304 346 ——
2336 307 2487 363 CAP.
2527 308 2591 362 X.

3567 314 3674 369 962

371 438 572 491 Καὶ-
612 433 828 507 ὶχθροῦ.
875 440 980 488 Τοῦ
1021 440 1208 492 νοητοῦ
1255 430 1558 504 δράκοντος.
1614 429 1760 484 Ἰδὼν
1799 434 1897 503 γὰρ

2085 432 2244 487 Vers.
2311 437 2394 491 19.
2446 435 2521 489 Et
2592 434 2834 490 inimici.
2909 434 3209 504 Videlicet,
3274 437 3668 510 intelligibilis

296 527 484 586 αὐτοὺς
530 528 817 598 χαίροντας
856 523 942 575 ἐπὶ
987 531 1049 594 τῇ
1083 532 1184 574 τῶν
1211 519 1492 594 δαιμονίων
1527 523 1788 592 ὑποταγῇ,
1824 518 1902 572 δί-

299 611 435 666 δωσι
471 617 560 684 μὲν
598 613 773 673 αὐτοῖς
806 609 1017 671 διηνεκῆ
1061 617 1147 669 την
1200 611 1309 663 κατ’
1353 611 1518 662 αὑτῶν
1550 609 1809 676 ἐξουσίαν,
1843 609 1903 665 ἣν

297 707 621 774 πρόσκαιρον
675 700 876 766 ἔλαϐον,
919 703 1000 753 ὅτε
1057 709 1253 773 πρῶτον
1298 698 1630 759 ἀπεζάλησαν
1674 717 1685 729 ’
1716 717 1902 770 παραι-

300 799 378 843 νεῖ
404 787 484 852 δὲ,
525 795 597 862 μὴ
653 796 860 863 χαίρειν
903 790 984 842 ἐπὶ
1041 793 1228 861 ταύτῃ,
1290 787 1430 840 διότι
1469 789 1561 840 οὐκ
1612 787 1663 849 ἐξ
1710 785 1907 856 ἀγῶνος

303 884 644 953 προσεγένετο
683 884 902 946 τούτοις,
935 879 1042 930 ἀλλ’
1092 879 1146 930 ἐκ
1179 876 1397 952 δωρεᾶς,
1434 875 1525 929 διὰ
1556 879 1676 936 τοὺς
1715 873 1906 945 ὠφελη-

309 972 464 1027 θῆναι
494 968 783 1040 μέλλοντας.
807 973 900 1026 Ε’ίη
935 965 1049 1020 δ’ἆν
1081 965 1298 1039 δύναμις
1328 975 1418 1018 τοῦ
1440 966 1633 1038 ἐχθροῦ
1656 963 1714 1015 οὐ
1754 967 1904 1034 μόνον

304 1061 355 1110 οἰ
389 1056 650 1130 δαίμονες,
699 1057 828 1110 ἀλλὰ
866 1063 955 1109 καὶ
998 1060 1175 1117 πάντες
1215 1059 1263 1108 οι
1315 1055 1366 1118 ἐξ
1409 1056 1575 1107 αὐτῶν
1614 1049 1907 1112 πολυειδεῖς

307 1151 607 1221 πειρασμοί.

377 1239 518 1297 Τινὲς
546 1232 603 1288 δε
627 1240 715 1287 καὶ
746 1237 811 1286 τὰ
833 1237 1104 1309 φθείροντα
1133 1239 1248 1295 τοὺς
1288 1233 1584 1307 ἀνθρώπους
1618 1233 1776 1306 θηρία
1808 1226 1905 1282 δυ-

298 1346 454 1397 ναμιν
477 1326 637 1377 αὑτοῦ
666 1325 921 1396 λέγουσιν,
978 1327 1046 1387 ὡς
1075 1327 1348 1399 χρωμένου
1389 1328 1478 1374 καὶ
1532 1325 1742 1380 τούτοις
1787 1319 1906 1371 καθ’

295 1415 468 1485 ἡμῶν.

374 1508 472 1556 Καὶ
499 1500 652 1555 οὐδὲν
684 1533 752 1544 -—
801 1499 1066 1575 ἀδικήσῃ.
1117 1502 1193 1554 Ou’
1235 1499 1459 1574 δαίμων,
1505 1502 1563 1553 οὑ
1594 1501 1901 1572 πειρασμὸς,

296 1592 404 1644 ἀλλ’
435 1589 557 1644 οὐδὲ
588 1594 786 1667 θηρίον.

376 1681 512 1740 Πλὴν
547 1713 610 1722 -
649 1682 1031 1738 ὑποτάσσεται,
1085 1682 1160 1733 Οὐ
1206 1685 1307 1756 γαρ
1341 1683 1580 1755 ὑμέτερον
1629 1689 1686 1737 τὸ
1717 1693 1901 1762 κατόρ-

2014 519 2310 577 draconis.
2341 519 2490 576 Cum
2514 538 2656 591 ergo
2692 522 2935 578 vidisset
2955 539 3063 596 eps
3089 525 3420 595 gaudentes
3437 527 3512 582 de
3531 527 3670 582 sub-

2008 607 2266 675 jectione
2325 611 2779 679 daemoniorum,
2848 613 2954 668 dat
3018 615 3264 686 quidem
3319 617 3670 673 continuam

2015 695 2297 752 adversus
2339 697 2438 753 illa
2468 705 2839 769 potestatem,
2871 702 3080 774 quiam
3110 705 3276 776 prius
3327 705 3404 760 ad
3434 711 3671 778 tempus

2016 792 2392 856 acceperant,
2427 803 2567 842 cum
2606 789 2978 846 mitterentur
3012 808 3024 844 :
3060 793 3165 847 sed
3197 793 3568 861 adhortatur,
3599 809 3670 850 ne

2015 872 2090 927 de
2121 872 2233 929 hac
2258 875 2575 943 gaudeant,
2600 877 2742 948 quia
2773 893 2894 933 non
2920 895 2992 934 ex
3008 880 3329 935 certamine
3353 881 3436 935 eis
3462 897 3669 953 prove-

2017 961 2120 1026 nit,
2154 964 2256 1018 sed
2280 979 2352 1018 ex
2381 963 2542 1019 dono
2575 969 2812 1037 propter
2841 982 2945 1022 eos
2989 968 3088 1039 qui
3121 969 3447 1039 adjuvandi
3476 976 3666 1026 erant.

2018 1049 2215 1107 Potest
2240 1057 2441 1108 autem
2469 1054 2648 1108 virtus
2697 1055 2924 1112 inimici
2979 1056 3118 1123 dici,
3170 1073 3292 1113 non
3329 1059 3524 1114 solum
3555 1059 3666 1130 ipsi

2015 1139 2341 1207 daemones,
2379 1143 2483 1198 sed
2509 1147 2566 1199 et
2587 1144 2974 1201 multiformes
3006 1161 3214 1202 eorum
3247 1147 3630 1204 tentationes.

2087 1229 2334 1294 Quidam
2351 1247 2490 1286 vero
2508 1237 2562 1286 et
2575 1232 2746 1296 feras,
2765 1249 2899 1306 qua:
2916 1234 3180 1290 homines
3195 1235 3466 1307 perdunt,
3489 1236 3670 1292 virtu-

2015 1322 2125 1373 tem
2143 1318 2295 1374 illius
2316 1319 2538 1385 dicunt,
2554 1321 2718 1393 quod
2732 1322 2901 1378 etiam
2917 1323 3009 1379 his
3025 1322 3316 1380 adversus
3331 1340 3437 1379 nos
3451 1327 3664 1380 utatur.

2085 1498 2246 1553 Vers.
2277 1499 2362 1555 19.
2394 1499 2472 1553 Et
2501 1531 2570 1539 —
2598 1500 2835 1557 nocebit.
2857 1504 2972 1556 Nec
2996 1501 3248 1570 daemon,
3273 1518 3382 1559 nec
3403 1504 3667 1573 tentatio,

2014 1601 2123 1642 nec
2151 1586 2271 1642 fera
2301 1591 2610 1642 venenata.

2086 1678 2244 1732 Vers.
2273 1678 2361 1731 20.
2401 1675 2805 1734 Verumtamen
2829 1709 2896 1720 —
2926 1679 3302 1749 subjicintur.
3342 1683 3474 1737 Non
3505 1682 3666 1737 enim

307 1773 476 1842 θωμα,
512 1768 614 1821 ἀλλ’
647 1773 740 1842 ἔμὴ
784 1772 814 1827 ἠ
856 1772 1037 1842 χάρις.
1075 1770 1158 1824 Ἐν
1208 1773 1374 1842 τούτῳ
1406 1772 1492 1822 οὖν
1543 1778 1613 1844 μὴ
1669 1780 1900 1849 χαίρετε,

2030 1769 2274 1821 vestrum
2307 1771 2394 1820 est
2424 1781 2596 1837 opus,
2642 1768 2740 1822 sed
2783 1784 2914 1823 mea
2943 1769 3148 1838 gratia.
3178 1773 3243 1825 ln
3273 1770 3388 1826 hoc
3420 1785 3562 1841 ergo
3591 1785 3667 1826 ne

307 1862 393 1911 ἵνα
456 1864 548 1930 μὴ,
597 1862 658 1919 ὡς
710 1857 792 1910 ἐπὶ
854 1861 1222 1933 κατορθώματι
1273 1865 1566 1934 χαίροντες,
1624 1863 1693 1922 εἰς
1732 1867 1904 1922 οἴησιν

305 1947 630 2020 ἐπαρθείητε.

381 2042 599 2110 Χαίρετε
638 2037 996 2111 -οὐρανοῖς,
1057 2036 1173 2088 Ὀτι
1233 2035 1326 2089 διὰ
1380 2044 1473 2096 τὴν
1527 2045 1706 2092 πίστιν
1767 2044 1906 2113 ὑμῶν

313 2126 824 2197 ἐπολιτοφραφήθητε
854 2125 903 2177 ἐν
1070 2128 1172 2177 οἶνω
1225 2126 1386 2189 πόλει,
1441 2128 1498 2178 οὐ
1543 2130 1741 2199 μέλανι,
1783 2129 1909 2182 ἀλλὰ

311 2221 517 2287 μνήμη,
551 2211 694 2281 οὐδὲ,
726 2217 794 2276 ὡς
823 2215 956 2286 (72),
991 2217 1254 2288 ἄνθρωποι
1302 2219 1612 2288 γράφουσιν,
1653 2218 1759 2269 ἀλλ’
1791 2222 1854 2279 ὼς
1884 2222 1907 2270 ὁ

312 2309 446 2365 Θεὸς
510 2301 622 2356 οἶδε
667 2307 905 2376 γράφειν,
964 2309 1099 2362 Φησὶ
1151 2309 1250 2378 γάρ
1293 2311 1407 2378 περὶ
1456 2317 1551 2357 τὼν
1618 2304 1836 2359 δικαίων
1885 2311 1910 2360 ὁ

311 2392 502 2460 Δαυίδ,
535 2396 632 2455 ὅτι,
662 2395 766 2447 Καὶ
796 2393 879 2446 ἐπὶ
919 2397 974 2444 τὸ
1005 2391 1201 2464 βιϐλίον
1233 2413 1327 2445 σου
1379 2397 1564 2457 πάντες
1610 2403 1912 2468 γραφήσον-

308 2504 418 2536 ται⁸
453 2489 519 2536 Τὸ
551 2487 639 2555 μὲν
661 2487 760 2556 γὰρ
793 2485 1109 2534 ὑποτάσσειν
1149 2485 1214 2533 τὰ
1259 2480 1527 2556 δαιμόνια,
1559 2482 1631 2549 δι”
1671 2486 1908 2557 ὠφέλειαν

309 2574 492 2647 ἐτέρων
525 2574 643 2644 ’δμῖν
677 2569 895 2626 δέδοται
929 2593 939 2604 ·
975 2577 1031 2624 τὸ
1056 2569 1114 2624 δὲ
1145 2575 1208 2624 τά
1229 2576 1456 2645 ὀνόματα
1481 2576 1622 2645 ὑμῶν
1647 2585 1909 2647 γραφῆναι

309 2663 364 2714 ἐν
394 2669 502 2723 τοῖς
544 2662 802 2734 οὐρανοῖς,
863 2658 956 2713 εἶ’ιά
1011 2667 1272 2733 σωτηρίαν
1322 2665 1586 2736 ὑμετέραν.
1623 2668 1709 2716 Διὸ
1741 2667 1904 2722 εκείνη

310 2755 401 2822 μὲν
433 2753 461 2809 ἡ
496 2755 643 2822 χαρὰ
690 2750 983 2802 κλέπτουσα
1009 2756 1263 2821 φυσίωσιν
1294 2749 1432 2804 οἶδεν
1473 2753 1694 2823 ἐμποιεῖν
1729 2771 1740 2781 ·
1775 2755 1904 2812 αῦτη

314 2837 583 2910 δὲμᾶλλον
614 2839 961 2910 εὐχαριστίαν
1011 2854 1022 2864 ·
1075 2846 1162 2890 καὶ
1200 2845 1538 2914 παραιτητέον
1570 2844 1658 2912 μεν
1691 2840 1904 2907 ἐκείνην,

312 2929 385 2986 ὡς
432 2932 667 3000 περιττόν
698 2927 810 2997 (Ἱ3)
845 2945 855 2954 ·
901 2929 1252 2986 ἀντιποιητέον
1285 2926 1342 2982 δὲ
1368 2934 1582 2996 ταύτης,
1634 2933 1701 2991 ὡς
1754 2929 1909 3000 ἀναγ-

313 3021 490 3078 καίας.

2014 1854 2342 1927 gaudeatis,
2361 1869 2456 1919 ne,
2477 1860 2753 1926 tanquam
2771 1857 2844 1910 de
2862 1859 3100 1929 egregio
3119 1857 3316 1915 facino
3330 1875 3390 1915 re
3409 1859 3670 1930 gauden-

2015 1949 2125 2011 tes,
2176 1943 2236 1997 in
2267 1943 2582 1998 elationem
2613 1945 2948 2002 elevemini.

2089 2032 2252 2088 Vers.
2285 2036 2371 2088 20.
2408 2032 2671 2088 Gaudete
2697 2065 2767 2073 —
2797 2035 2968 2089 caelis.
3011 2035 3157 2101 Quia
3201 2042 3437 2107 propter
3484 2037 3668 2093 ﬁdem

2017 2127 2267 2177 vestram
2297 2123 2358 2177 in
2392 2123 2546 2176 cives
2577 2123 2894 2194 conscripti
2925 2123 3062 2178 estis
3089 2124 3146 2179 in
3173 2126 3667 2182 aeternacivitate:

2019 2227 2134 2266 non
2162 2217 2516 2280 atramento,
2551 2211 2654 2266 sed
2704 2213 3027 2268 memoria:
3059 2229 3275 2285 neque,
3312 2219 3374 2269 ut
3393 2215 3671 2270 homines

2019 2301 2304 2365 scribunt,
2333 2299 2439 2354 sed
2463 2300 2614 2354 sicut
2641 2301 2793 2356 Deus
2824 2302 3080 2356 scribere
3113 2303 3298 2358 novit.
3337 2303 3478 2359 llicit
3505 2304 3668 2360 enim

2018 2390 2281 2460 dejustis
2303 2389 2490 2444 David
2518 2406 2531 2442 :
2555 2389 2708 2444 Etm
2737 2389 2888 2444 libro
2920 2397 3015 2446 tuo
3040 2407 3231 2447 omnes
3259 2393 3666 2449 scribentur“.

2017 2477 2321 2549 Siquidem
2355 2478 2641 2547 subjicere
2670 2478 2992 2546 daemonia,
3013 2484 3254 2551 propter
3291 2479 3546 2535 aliorum
3564 2481 3671 2536 uti-

2017 2567 2243 2623 litatem
2273 2567 2442 2621 vobis
2473 2567 2680 2621 datum
2710 2573 2796 2620 est
2826 2585 2838 2621 :
2873 2567 3030 2638 quod
3063 2573 3261 2623 autem
3292 2569 3541 2624 nomina
3570 2584 3671 2624 ve-

2017 2656 2366 2727 strascripta
2395 2655 2602 2709 suntin
2630 2654 2808 2720 caelis,
2837 2661 3076 2727 propter
3091 2656 3346 2712 salutem
3367 2662 3626 2713 vestram
3651 2673 3666 2714 :

2016 2744 2151 2800 ideo
2182 2744 2452 2798 furtivum
2473 2743 2870 2816 quidemillud
2897 2743 3183 2813 gaudium
3213 2750 3507 2801 tumorem
3532 2762 3670 2802 cau-

2017 2849 2147 2888 sare
2173 2832 2352 2897 novit,
2366 2831 2479 2887 hoc
2499 2848 2637 2887 vero
2673 2833 3003 2901 gratiarum
3021 2834 3318 2889 actionem
3361 2835 3588 2906 potius:
3615 2842 3670 2892 et

2016 2921 2164 2977 illud
2193 2921 2438 2994 quidem
2459 2922 2816 2988 cavendum,
2831 2926 3121 2994 tanquam
3141 2922 3535 2995 superﬂuum.
3555 2925 3670 2981 hoc

2017 3015 2220 3067 autem
2259 3009 2719 3083 proponendum
2762 3014 2868 3081 est,
2919 3017 3208 3083 tanquam
3237 3014 3667 3068 necessarium.

391 3105 469 3157 Ἐν
502 3105 630 3178 αὐτῇ
669 3137 732 3145 -
775 3105 999 3167 Ἰησοῦς.
1057 3105 1438 3177 Ἠγαλλιάσατο
1481 3117 1542 3180 τῇ
1604 3108 1782 3180 ψυχῇ,
1844 3110 1906 3170 ὡς

2087 3101 2248 3156 Vers.
2297 3101 2385 3154 21.
2437 3100 2508 3154 In
2540 3100 2652 3156 illa
2708 3131 2776 3142 --
2837 3101 3020 3156 Jesus.
3081 3101 3296 3156 Animo
3363 3102 3668 3171 exultavit,

309 3196 600 3269 ἄνθρωπος,
644 3192 738 3247 διὰ
763 3200 854 3253 τὴν
883 3200 1144 3269 σωτηρίαν
1171 3205 1269 3248 τῶν
1299 3197 1652 3268 ὠφεληθέντων
1681 3199 1778 3250 ὑπὸ
1810 3206 1907 3250 τῶν

306 3286 579 3357 μαθητῶν.

383 3375 492 3428 Καὶ
517 3371 653 3426 εἶπεν
688 3405 736 3414 --ι
775 3392 889 3429 σου.
917 3377 1104 3448 Εἶρηκε
1134 3382 1297 3426 ταῦτα
1325 3379 1414 3427 καὶ
1443 3381 1558 3450 περὶ
1580 3385 1676 3428 τῶν
1702 3373 1912 3430 δώδεκα

309 3465 554 3536 μαθητῶν
585 3461 633 3514 ἐν
663 3469 736 3532 τῷ
777 3463 995 3515 εἰκοστώ
1033 3463 1290 3535 κεφαλαίῳ
1320 3472 1410 3516 τοῦ
1441 3467 1575 3517 κατὰ
1622 3469 1906 3534 Ματθαῖον,

307 3558 400 3605 καὶ
430 3553 662 3614 ζήτησον
689 3551 793 3604 ἐκεῖ
818 3557 912 3610 τὴν
944 3551 1214 3623 ἐξήγησιν.

386 3642 489 3695 Καὶ
518 3647 758 3716 στραφεὶς
795 3640 1234 3712 -ἀποκαλὺψαι.
1260 3641 1368 3714 [Ἐν
1395 3641 1566 3714 ἐκείνῳ
1607 3649 1695 3696 καὶ
1742 3653 1910 3697 ταῦτα

316 3727 704 3803 διασεσάφηται
730 3734 854 3805 πρὸς
882 3729 1148 3804 ἀκρίϐειαν
1190 3731 1322 3802 (711-).
1357 3731 1373 3801 ]

391 3825 490 3873 Καὶ
523 3825 756 3893 στραφεὶς
812 3848 877 3861 ——-
926 3823 1176 3878 ἤκουσαν.
1210 3827 1387 3872 Ταῦτα
1436 3818 1540 3873 εἷπε
1587 3825 1672 3873 καὶ
1732 3821 1778 3874 ἐν
1836 3832 1907 3894 τῷ

312 3910 535 3980 εἰκοστῷ
589 3913 814 3981 τετάρτῳ
862 3909 1119 3980 κεφαλαίῳ
1179 3917 1268 3961 τοῦ
1318 3912 1450 3961 κατὰ
1488 3913 1772 3977 Ματθαῖον,
1819 3918 1908 3965 καὶ

311 3998 571 4070 ἀνάγνωθι
653 3998 700 4050 ἐν
775 3999 914 4067 αὐτῷ
1011 3999 1120 4069 (75)
1211 4003 1305 4055 τὴν
1380 3999 1650 4072 ἑρμηνείαν
1720 3999 1905 4069 αὑτῷν,

310 4091 435 4141 ἔνθα
495 4096 663 4140 κεῖται
721 4092 776 4139 τό
829 4107 841 4118 ο
913 4095 1061 4159 Υμών
1113 4084 1171 4139 δὲ
1232 4090 1483 4160 μακάριοι
1539 4091 1587 4140 οὶ
1632 4088 1904 4160 ὀφθαλμοί.

312 4178 640 4249 Ἐπεθὺμησε
694 4173 752 4229 δὲ
809 4179 1000 4233 ταύτην
1061 4180 1152 4234 τήν
1211 4175 1486 4249 ἐπιθυμίαν
1539 4182 1628 4229 καὶ
1677 4174 1907 4230 Δαυίδὸ

310 4271 578 4338 προφήτης
672 4271 758 4318 καὶ
849 4263 1112 4337 βασιλεὺς.
1192 4269 1278 4317 Διὸ
1352 4271 1440 4318 καὶ
1507 4267 1644 4336 ἔλεγε
1686 4287 1698 4299 ο
1739 4263 1906 4330 Δεῖξον

311 4356 460 4425 ἡμῖν,
511 4358 703 4429 Κύριε;
744 4359 801 4406 τὸ
852 4353 980 4414 ἔλεός
1033 4373 1126 4406 σου
1161 4370 1174 4383 '
1220 4359 1312 4412 τὴν
1379 4353 1763 4428 ἐνανθρώπησιν
1816 4364 1906 4408 τοῦ

1192 4269 1278 4317 Διὸ
1352 4271 1440 4318 καὶ
1507 4267 1644 4336 ἔλεγε
1686 4287 1698 4299 ο

2021 3196 2308 3261 tanquam
2323 3188 2530 3254 homo,
2562 3193 2806 3260 propter
2821 3204 3029 3245 eorum
3053 3189 3328 3256 salutem,
3371 3192 3466 3263 qui
3497 3207 3534 3247 a
3554 3191 3670 3246 dis-

2020 3278 2230 3351 cipulis
2242 3277 2262 3349 j
2275 3278 2495 3333 uvandi
2531 3282 2719 3333 erant.

2091 3369 2250 3424 Vers.
2283 3369 2371 3421 21.
2411 3369 2493 3421 Et
2539 3367 2694 3423 dixit
2722 3396 2790 3406 —
2816 3374 2889 3423 te.
2943 3367 3080 3423 Haec
3121 3384 3360 3440 quoque
3404 3368 3554 3425 dixit
3596 3370 3668 3426 de

2019 3458 2334 3515 duodecim
2364 3456 2664 3526 discipulis
2705 3456 2986 3512 vicesimo
3029 3457 3221 3529 capite
3251 3457 3551 3528 Evangelii
3582 3473 3670 3513 se-

2019 3547 2287 3604 cundum
2318 3546 2658 3601 Matthaeum
2686 3562 2699 3600 :
2742 3550 2798 3600 et
2834 3545 2916 3601 ibi
2945 3561 3144 3617 quaere
3174 3547 3629 3619 expositionem.

2088 3637 2254 3692 Vers.
2287 3641 2374 3691 21.
2407 3637 2485 3690 Et
2536 3650 2840 3690 conversus
2877 3666 2946 3674 -
2978 3637 3134 3690 Vers.
3155 3640 3241 3690 22.
3274 3637 3562 3693 revelare.
3604 3638 3669 3692 In

2018 3743 2089 3782 eo
2115 3725 2244 3781 loco
2283 3724 2464 3780 etiam
2493 3724 2622 3779 haec
2650 3723 2965 3792 diligenter
3001 3724 3323 3795 explanata
3355 3730 3518 3783 sunt.

2088 3815 2250 3872 Vers.
2275 3817 2362 3873 23.
2395 3814 2472 3867 Et
2523 3828 2836 3868 conversus
2862 3843 2931 3852 —
2970 3813 3143 3868 Vers.
3197 3814 3288 3868 24.
3333 3815 3668 3871 audierunt.

2016 3907 2153 3960 Haec
2176 3919 2418 3977 quoque
2431 3903 2577 3958 dixit
2601 3901 2879 3958 vicesimo
2902 3906 3115 3973 quarto
3131 3901 3303 3972 juxta
3337 3903 3670 3959 Matthaeum

2017 3997 2228 4066 capite,
2265 3999 2321 4050 et
2348 3995 2408 4050 in
2434 4010 2504 4049 eo
2535 3993 2664 4062 lege
2688 3993 2952 4064 ipsorum
2977 3993 3548 4064 interpretationem.
3568 3994 3670 4050 ubi

2017 4085 2272 4143 dicitur:
2317 4085 2502 4140 Vestri
2556 4090 2748 4138 autem
2799 4083 2945 4138 beati
2999 4083 3247 4138 oculi".
3305 4085 3425 4138 Hac
3469 4089 3672 4139 autem

2017 4174 2293 4230 aviditate
2323 4181 2534 4245 captus
2561 4179 2641 4228 est
2679 4171 2863 4228 David
2904 4173 3190 4243 propheta
3232 4171 3410 4227 simul
3439 4178 3495 4228 et
3525 4189 3627 4228 rex
3657 4191 3672 4242 ;

2017 4265 2154 4321 ideo
2175 4265 2358 4320 etiam
2382 4262 2534 4318 dixit
2560 4282 2572 4320 :
2597 4262 2836 4318 Ostende
2865 4262 3045 4328 nobis,
3067 4263 3327 4332 Domine,
3345 4263 3676 4319 misericor-

2018 4354 2179 4409 diam
2238 4359 2401 4408 tuam
2452 4353 2522 4419 ⁷ο,
2553 4350 2870 4406 Salvatoris
2899 4350 3170 4406 videlicet
3199 4351 3676 4408 incarnationem

311 4450 569 4517 Σωτῆρος,
601 4444 730 4504 ἔλεος
772 4444 1048 4515 ὠνόμασας
1079 4444 1212 4516 (76),
1259 4446 1322 4504 ὡς
1351 4448 1623 4516 γενομένην
1677 4442 1749 4497 δι’
1773 4446 1906 4508 ἔλεος

2030 4441 2330 4514 appellans
2353 4439 2842 4507 misericordiam,
2866 4443 3070 4512 utpote
3095 4445 3339 4512 propter
3359 4439 3682 4508 hominum,

310 4543 410 4586 τῶν
437 4533 528 4586 ἀνθ
533 4554 560 4604 ρ
569 4540 717 4586 ώπων
727 4573 737 4586 .

387 4628 766 4697 Παρατήρησον
823 4620 900 4686 δὲ,
965 4625 1042 4674 ὃτι
1110 4627 1378 4695 στρέφεται
1445 4626 1576 4696 πρὸς
1630 4628 1748 4685 τοὺς
1804 4645 1904 4696 μα-

313 4715 478 4773 θητὰς
520 4714 546 4764 ὁ
587 4717 784 4785 Σωτὴρ,
850 4717 939 4764 καὶ
997 4709 1242 4764 κατιὸίαν
1291 4712 1468 4773 αὐτοῖς
1533 4712 1718 4784 ὁμιλεῖ,
1787 4719 1909 4778 τοὺς

311 4807 385 4875 μή
437 4803 675 4873 μαθητὰς
728 4801 1190 4876 ἀποστρεφόμενος,
1257 4805 1343 4855 Διό
1431 4807 1521 4854 καὶ
1585 4803 1754 4872 ἡμεῖς,
1823 4801 1906 4854 ἐὰν

312 4890 448 4965 ὦμεν
477 4893 709 4963 μαθηταὶ
741 4890 921 4958 αὐτοῦ,
947 4890 1345 4952 ἀκολουθοῦντες
1375 4889 1514 4962 αὐτῷ
1569 4887 1602 4943 ὃ
1607 4890 1639 4943 ι’
1671 4891 1906 4953 ὑπακοῆς

381 5098 428 5135 ⁸⁸
463 5097 608 5154 Psal.
641 5113 906 5163 CXXXVIII,
945 5099 1025 5153 16.
1104 5099 1150 5134 σθ
1174 5098 1370 5156 Matth.
1396 5111 1566 5164 xvm,
1597 5098 1685 5153 16.

2017 4530 2490 4588 misericordiam
2521 4529 2766 4587 factam.
3445 4591 3447 4594 ι

2088 4621 2300 4675 Verum
2317 4617 2593 4682 observa,
2618 4622 2781 4687 quod
2807 4615 2882 4671 ad
2900 4614 3228 4687 discipulos
3241 4615 3514 4672 Salvator
3537 4631 3678 4672 con-

2016 4709 2340 4778 vertitur,et
2388 4706 2534 4779 ipsis
2592 4705 2840 4760 seorsim
2912 4704 3195 4776 loquitur,
3259 4704 3338 4760 ab
3405 4705 3498 4770 iis,
3570 4706 3674 4778 qui

2016 4797 2288 4869 discipuli
2310 4811 2432 4852 non
2463 4799 2601 4849 sunt
2629 4809 2896 4849 aversus.
2915 4792 3055 4848 Ideo
3087 4799 3144 4848 et
3167 4809 3278 4850 nos
3324 4809 3590 4866 quoque,
3625 4795 3676 4852 si

2016 4886 2293 4959 discipuli
2318 4887 2445 4957 ejus
2471 4884 2779 4951 fuerimus,
2799 4898 2906 4956 per
2922 4882 3322 4940 obedientiam
3355 4887 3672 4940 mandato-

1764 5099 1812 5134 ⁷ο
1841 5097 1994 5154 Psal.
2028 5110 2297 5162 Lxxxvm,
2337 5095 2426 5150 16.

1533 5278 1758 5348 Variae
1788 5278 2110 5347 lectiones
2151 5286 2216 5346 et
2254 5284 2462 5344 notae.

406 5480 498 5541 72)
535 5473 620 5541 Ὠς
645 5472 768 5534 οὑδέ
794 5478 860 5536 οἰ.
886 5482 948 5537 Β.

406 5482 475 5536 72
535 5482 620 5541 Ὠς
645 5482 768 5534 οὑδέ
794 5482 860 5536 οἰ.
886 5482 948 5537 Β.

382 5482 713 5635 ἱπζῃξοιξιθ
748 5555 1013 5635 περιττήν,
1073 5549 1152 5633 οι)
1205 5550 1553 5635 proximum
1596 5549 1905 5635 ἀναγκαίας.

307 5621 486 5685 Alias
518 5623 662 5696 illud
703 5621 940 5696 quoque
970 5621 1104 5696 ferri
1127 5621 1332 5696 possit,
1353 5627 1415 5696 ut
1453 5629 1663 5679 notum
1691 5621 1796 5676 est.

315 5764 319 5772 π
385 5695 502 5770 (74)
528 5694 765 5754 Inclusa
793 5694 1009 5753 omittit
1029 5696 1096 5750 Α.
1127 5694 1278 5766 Ergo
1313 5695 1392 5751 ab
1414 5709 1533 5753 uno
1563 5699 1652 5748 καὶ
1675 5696 1914 5769 «pugni;

2018 5475 2092 5533 ad
2119 5471 2365 5531 alterum
2395 5469 2611 5528 saltum
2643 5468 2793 5526 fecit.

2113 5546 2204 5600 751
2227 5545 2312 5600 Ἑν
2337 5545 2479 5596 αὑτῶ
2510 5541 2701 5600 abest.
2729 5543 2794 5597 Α.

2113 5548 2180 5600 75
2227 5547 2312 5600 Ἑν
2337 5547 2479 5596 αὑτῶ
2510 5547 2641 5598 abes

2090 5547 2204 5692 E76;
2237 5599 2542 5691 Ὠνόμασεν.
2574 5616 2641 5670 Α.
