4170 6364
577 332 684 397 963

1895 327 2246 398 EUTHYMII
2286 322 2635 395 ZIGABENI

3872 337 4015 400 964

578 481 712 522 rum
734 466 925 538 ipsius
937 470 994 523 et
1022 466 1242 523 animas
1254 466 1452 533 simul,
1484 469 1543 523 et
1558 464 1820 538 corporis
1839 463 2227 522 habuerimus

2350 471 2447 515 τῶν
2488 459 2706 517 ἐντολιυν
2725 467 2903 537 αὐτοῦ,
2934 471 3022 519 καὶ
3054 468 3257 540 ἔχωμεν
3285 465 3558 539 ψυχικοὺς
3577 465 3690 540 ἅμα
3716 473 3818 519 καὶ
3872 487 4007 520 σω-

580 553 786 610 oculos
815 560 971 610 recte
1000 554 1318 619 intuentes,
1354 570 1648 627 auresque
1698 560 1851 610 recte
1899 552 2231 619 audientes,

581 641 662 699 ad
693 658 804 698 nos
830 642 1009 698 etiam
1056 642 1305 698 omnino
1355 648 1744 707 convertatur,
1777 648 1833 698 et
1871 641 2169 714 mysteriis
2202 656 2235 693 a

581 730 758 802 vulgo
784 730 1151 787 absconditis
1188 731 1551 802 dignabitur.

819 820 971 877 CAP.
1014 821 1207 876 XXXV.
1238 820 1320 876 De
1347 826 1609 877 tentante
1637 820 1993 891 legisperito.

653 909 813 964 Vers.
842 909 1151 965 25.Etecce
1176 909 1550 979 —possidebo
1569 909 1598 965 ?
1619 910 1949 981 lllaqueare
1984 905 2233 979 putabat

579 996 895 1065 Christum,
929 997 976 1052 si
1007 997 1323 1070 quippiam
1368 998 1483 1068 legi
1513 998 1875 1054 contrarium
1909 995 2026 1052 ullo
2057 1000 2230 1068 pacto

580 1086 838 1143 doceret.
864 1086 1012 1142 Dicit
1030 1102 1172 1156 ergo
1214 1102 1226 1140 :
1261 1086 1413 1152 Quid
1439 1086 1700 1158 faciendo
1725 1091 1904 1142 vitam
1955 1093 2228 1142 aeternam

576 1175 901 1244 possidebo,
916 1190 1103 1247 quam
1128 1175 1352 1248 populo
1368 1175 1690 1231 annuntias
1715 1175 1742 1230 ?
1772 1175 2018 1244 Cognita
2030 1179 2228 1229 autem

578 1263 733 1320 illius
759 1264 1042 1330 versutia,
1072 1263 1339 1321 Salvator
1376 1265 1455 1320 ad
1484 1264 1678 1336 legem
1707 1265 1907 1336 ipsum
1947 1261 2186 1318 remittit
2214 1280 2227 1328 ;

581 1352 753 1408 simul
776 1352 1021 1425 quidem
1045 1353 1494 1409 conatumillius
1508 1353 1819 1426 repellens,
1844 1351 2022 1408 simul
2051 1351 2231 1407 etiam

579 1457 840 1513 arguens
864 1441 1049 1512 illum,
1080 1443 1244 1514 quod
1282 1458 1410 1499 sese
1432 1457 1537 1514 pro
1567 1443 1793 1498 virtutis
1815 1441 2038 1498 cultore
2064 1455 2229 1510 gere-

576 1534 683 1596 ret,
717 1546 855 1586 cum
893 1545 1016 1588 non
1072 1538 1247 1598 esset,
1304 1530 1482 1587 veluti
1537 1530 1673 1587 ﬁnis
1717 1529 1999 1586 indicabit
2049 1543 2228 1601 para-

575 1619 753 1676 bolaa.

650 1708 815 1765 Vers.
848 1714 936 1766 26.
972 1711 1102 1780 Ipse
1139 1725 1276 1766 vero
1320 1740 1381 1751 --
1407 1711 1580 1781 legis?
1610 1709 1780 1775 Quod
1828 1709 2114 1781 scriptum
2143 1712 2230 1762 est

2345 558 2604 625 ματικοὺς
2643 554 2952 629 ὀφθαλμοὺς,
2989 556 3116 632 ὀρθὰ
3148 555 3448 629 βλέποντας,
3472 562 3563 610 καὶ
3593 560 3658 609 τὰ
3687 554 4006 632 ὧταβρθὰ

2346 642 2621 710 ἀκούοντα,
2656 648 2862 706 παντως
2921 651 3279 718 στραφὴσεται
3335 651 3424 698 καὶ
3480 649 3613 719 πρὸς
3660 648 3830 719 ἡμᾶς,
3885 652 4006 698 καὶ

2346 730 2556 794 ἀξιώσει
2586 740 2893 808 μυστηρίων
2918 733 3216 809 ἀπορρήτων
3240 741 3349 796 τοῖς
3374 733 3599 796 πολλοῖς.

2454 828 2598 876 ΚΕΦ.
2639 823 2760 880 ΛΕ’.
2805 828 2929 898 Περὶ
2982 831 3072 876 τοῦ
3111 827 3529 898 ἐπερωτήσαντος
3565 831 3815 896 νομικοῡ.

2416 910 2516 965 Καὶ
2576 907 2692 963 ἰδοὺ
2755 943 2824 952 -
2879 911 3303 984 κληρονομὴσω;
3352 909 3723 985 Προσεδόκησε
3793 932 3991 982 παγι-

2343 995 2529 1052 ὃεῠσαι
2558 1004 2645 1051 τὸν
2684 1004 2916 1074 Χριστόν
2965 1001 3034 1062 εὶς
3079 1004 3135 1053 τό
3183 1003 3390 1064 πάντως
3446 1002 3685 1064 ἐπιτάξαι
3729 1021 3791 1053 τι
3826 1004 3991 1054 ἐναν-

2340 1092 2446 1139 τίον
2477 1097 2547 1160 τῷ
2594 1110 2754 1162 νομῳ.
2820 1094 2968 1160 Λέγει
3010 1097 3155 1161 γοῦν,
3210 1094 3274 1143 Τί
3325 1095 3557 1152 ποιήσας
3612 1094 3753 1151 ςωήν
3832 1092 3987 1142 αἰώ-

2339 1185 2443 1231 νίον
2491 1178 2885 1254 κληρονομήσω,
2933 1180 2994 1237 ἦν
3039 1178 3400 1251 καταγγέλλεις
3446 1188 3519 1250 τῷ
3576 1179 3682 1249 λαῷ
3739 1198 3754 1247 ;
3800 1185 3844 1232 Γ
3846 1187 3985 1241 νούς

2343 1263 2402 1319 δὲ
2457 1272 2549 1325 τὴν
2603 1270 2788 1320 τούτου
2840 1272 3160 1341 πανουργίαν
3209 1269 3461 1341 όΣωτὴρ,
3521 1266 3605 1321 ἐπὶ
3655 1272 3744 1320 τὸν
3794 1273 3977 1341 νόμον

2342 1356 2495 1408 αὐτὸν
2552 1360 2887 1429 παραπέμπει
2941 1375 2955 1388 ·
3011 1356 3122 1429 ἅμα
3181 1359 3291 1429 μὲν,
3367 1352 3777 1429 διακρουόμενος
3866 1363 3977 1417 τήν

2340 1452 2518 1518 πεῖραν
2548 1445 2705 1498 αὑτοῦ
2735 1463 2746 1475 ·
2783 1446 2894 1518 οἶμα
2934 1441 3011 1511 δὲ,
3063 1443 3289 1517 ἐλέγχων
3347 1444 3525 1516 αὐτὸν,
3586 1446 3826 1518 οἰόμενον

2340 1531 2468 1587 εἶναι
2496 1533 2746 1607 ἐνάρετον,
2779 1540 2849 1606 μὴ
2884 1537 3004 1587 ὄντα
3031 1531 3091 1587 δέ
3119 1553 3130 1566 ³
3166 1537 3235 1595 ὡς
3278 1530 3438 1597 δείξει
3461 1538 3517 1586 τὸ
3548 1534 3686 1596 τέλος
3715 1543 3817 1597 τῆς
3862 1555 3975 1587 πα-

2338 1621 2579 1698 ραϐολῆς.

2409 1711 2466 1763 Ὀ
2499 1709 2558 1765 δὲ
2620 1742 2682 1753 -—
2717 1711 3087 1783 ἀναγινώσκεις
3117 1712 3232 1783 (77)
3284 1727 3298 1779 ;
3345 1716 3405 1763 Γί
3445 1716 3739 1785 γέγραπται
3768 1718 3969 1786 μεῖζον

577 1799 771 1870 majus
815 1805 1179 1872 praeceptum
1211 1801 1238 1855 ?
1276 1799 1593 1864 Quomodo
1621 1799 1770 1869 legis
1824 1798 2057 1869 majora
2081 1795 2227 1866 legis

2342 1800 2607 1872 ἔνταλμα;
2651 1807 2766 1862 Πῶς
2810 1800 3176 1871 ἀναγινώσκεις
3229 1802 3322 1863 τὰς
3360 1802 3575 1872 μείζους
3618 1801 3825 1863 ἐντολὰς
3862 1811 3968 1855 τοῦ

578 1894 869 1961 praecepta
897 1888 925 1944 ?
949 1888 1029 1944 De
1061 1888 1384 1959 majoribus
1431 1904 1696 1961 namque
1744 1887 1948 1960 ipsum
1985 1886 2229 1942 interro-

573 1977 756 2047 gavit.

650 2064 812 2120 Vers.
841 2065 930 2120 37.
962 2066 1038 2119 At
1070 2066 1170 2121 ille
1204 2097 1263 2105 --
1293 2065 1459 2121 Vers.
1492 2066 1581 2119 28.
1629 2064 2003 2134 respondisti.
2054 2065 2228 2119 Recte

576 2151 745 2210 illum
791 2153 1173 2224 reapondisse
1240 2153 1381 2211 dixit
1435 2173 1447 2209 :
1497 2160 1559 2210 ut
1597 2154 1701 2226 qui
1739 2153 1861 2209 duo
1900 2151 2228 2208 recitaverit

574 2248 894 2315 praecepta,
922 2258 1059 2313 quae
1090 2241 1169 2299 ad
1208 2258 1269 2297 se
1299 2242 1555 2298 invicem
1586 2247 2039 2305 connectuntur,
2080 2241 2231 2296 sicut

574 2331 1083 2405 quinquagesimo
1103 2338 1318 2405 quarto
1337 2333 1508 2404 juxta
1519 2333 1857 2388 Matthaaum
1887 2330 2083 2403 capite
2104 2346 2230 2386 ma-

574 2419 919 2477 nifestatum
938 2426 1044 2477 est.
1079 2421 1240 2477 Alius
1266 2428 1465 2477 autem
1481 2428 1607 2478 erat
1634 2420 1733 2477 hic
1758 2419 2133 2492 legisperitus
2158 2434 2229 2475 ac

575 2526 666 2583 eo,
709 2511 784 2567 de
801 2526 918 2584 quo
944 2528 980 2567 a
1009 2512 1278 2568 Mattbaao
1307 2517 1364 2567 et
1385 2511 1582 2568 Marco
1602 2511 1759 2567 facta
1786 2515 1875 2566 est
1902 2510 2127 2567 mentio
2155 2509 2226 2562 τί.

646 2599 812 2655 Vers.
855 2601 943 2655 28.
980 2602 1092 2657 Hoc
1121 2600 1377 2657 —vives.
1410 2601 1548 2669 Hoc,
1580 2599 1739 2674 quod
1754 2614 1915 2655 nunc
1946 2597 2225 2662 recitasti,

574 2687 715 2755 hoc,
746 2690 1019 2762 inquam,
1049 2689 1141 2745 fac
1173 2696 1229 2745 et
1257 2689 1417 2746 vives
1447 2689 1568 2746 vita
1598 2697 1837 2756 aeterna,
1870 2704 1992 2760 qua
2024 2688 2231 2743 vivunt

573 2778 738 2850 justi,
772 2778 876 2850 qui
901 2778 1030 2834 haec
1051 2783 1347 2850 praecepta
1375 2783 1777 2835 servaverunt.
1813 2778 2015 2833 Docuit
2044 2775 2227 2849 siqui-

574 2867 702 2922 dem
720 2866 1001 2937 praadicto
1020 2866 1212 2938 capite
1240 2866 1540 2939 Evangelii
1560 2865 1888 2921 secundum
1901 2864 2227 2922 Matthaaum

575 2954 742 3026 quod
780 2955 836 3010 in
869 2955 961 3011 his
987 2955 1225 3011 duobus
1253 2957 1565 3027 praeceptis
1597 2954 1987 3010 universalex
2015 2960 2071 3010 et
2095 2970 2229 3023 pro-

575 3042 770 3114 phetas
786 3043 1048 3114 pendent
1076 3044 1125 3079 ⁷³
1169 3059 1182 3109 ;
1214 3059 1471 3114 quorum
1510 3044 1949 3098 enarrationem
1977 3042 2226 3113 perfecte

2337 1894 2495 1963 νόμου
2530 1906 2543 1957 ;
2572 1895 2694 1965 Περὶ
2728 1898 2823 1942 τῶν
2860 1890 3109 1962 μειζόνων
3146 1892 3246 1964 γὰρ
3277 1889 3431 1941 αὐτὸν
3469 1889 3761 1962 ἠρώτησεν.

2407 2067 2466 2121 Ὀ
2520 2064 2580 2121 δὲ
2647 2099 2713 2108 --
2765 2066 3064 2141 ἀπεκρίθης.
3121 2067 3321 2140 Ὀρθῶς
3382 2065 3734 2142 ἀποκριθῆναι
3788 2069 3959 2121 αὐτὸν

2339 2154 2495 2226 εἶπεν,
2526 2160 2591 2218 ὡς
2628 2160 2717 2218 τὰς
2757 2153 2854 2209 δύο
2881 2155 3086 2218 ἐντολὰς
3117 2155 3519 2227 ἀπαγγείλαντα.
3554 2154 3814 2228 Ἔχονται
3843 2161 3954 2233 γάρ

2339 2245 2588 2314 ἀλλήλων,
2619 2249 2683 2307 ὡς
2719 2245 2767 2297 ἒν
2804 2253 2876 2314 τῷ
2902 2253 3238 2316 πεντηκοστῷ
3269 2246 3497 2319 τετάρτῳ
3543 2244 3811 2318 κεφαλαίῳ
3862 2256 3958 2300 τοῦ

2336 2338 2472 2387 κατὰ
2502 2337 2768 2389 Ματθαῑον
2800 2331 3116 2392 δεδήλωται.
3159 2333 3360 2407 Ἕτερος
3408 2330 3469 2387 δέ
3498 2332 3640 2387 ἔστιν
3679 2335 3706 2386 ὀ
3735 2340 3958 2408 νόμικός

2339 2425 2502 2491 οὗτος,
2528 2426 2674 2499 παρὰ
2697 2427 2785 2476 τὸν
2837 2425 2938 2475 ὑπὸ
2969 2425 3247 2476 Ματθαίου
3284 2428 3374 2475 καὶ
3390 2424 3608 2496 Μάρκου
3629 2443 3732 2496 μνη
3739 2432 3955 2497 μονευό-

2338 2533 2487 2587 μενον
2496 2556 2507 2568 ι

2409 2610 2573 2656 Τοῦτο
2612 2633 2679 2642 -
2731 2606 2893 2675 ζήσῃ.
2943 2608 3126 2670 Τοῦτο,
3183 2601 3209 2653 ὁ
3269 2599 3593 2674 ἀπήγγειλας
3643 2609 3755 2661 νῦν.
3791 2609 3954 2655 τοῦτο

2338 2698 2494 2757 ποίει,
2520 2697 2609 2745 καὶ
2636 2692 2775 2763 ζήσῃ
2811 2691 2950 2752 ζωήν
2981 2690 3207 2756 αἰώνιον,
3248 2691 3361 2742 οἷαν
3402 2691 3564 2751 ζῶσιν
3599 2692 3647 2743 οἰ
3676 2694 3771 2752 τὰς
3813 2690 3954 2744 ἐντο-

2337 2783 2430 2843 λὰς
2467 2785 2661 2843 ταύτας
2707 2780 3014 2851 φυλάξαντες
3064 2776 3285 2832 δίκαιοι.
3345 2775 3592 2842 Ἐδίδαξε
3627 2782 3726 2853 γὰρ
3764 2785 3859 2831 καὶ
3892 2779 3946 2832 ἑν

2339 2879 2409 2941 τῷ
2430 2866 2716 2925 δηλωθέντι
2744 2867 3005 2941 κεφαλαίῳ
3035 2875 3126 2921 τοῦ
3158 2870 3293 2920 κατὰ
3316 2869 3600 2930 Ματθαίον,
3630 2868 3706 2918 ὅτι
3726 2865 3775 2917 ἐν
3805 2870 3935 2918 rm}-

2336 2979 2453 3021 ταις
2478 2966 2595 3019 ταῖς
2620 2954 2775 3010 δυσὶν
2815 2956 3036 3029 ἐντολαῖς
3066 2956 3176 3017 ὅλος
3224 2959 3249 3008 ό
3279 2961 3438 3029 νόμος
3467 2962 3555 3008 καὶ
3584 2957 3629 3007 οἱ
3661 2961 3927 3027 προφῆται

2336 3053 2636 3122 κρέμανται.
2669 3047 2765 3099 Ὧν
2794 3051 2889 3105 τὴν
2943 3045 3193 3117 ἐξήγησιν
3242 3045 3449 3108 ἐντελῶς
3506 3046 3741 3117 εὑρήσεις
3784 3046 3835 3095 ἐν
3862 3051 3935 3113 τῷ

576 3130 839 3186 invenies
861 3131 1073 3203 quinto
1084 3132 1242 3201 juxta
1273 3132 1613 3187 Matthaaum
1627 3132 1842 3204 capite,
1860 3131 1962 3187 ubi
1984 3130 2225 3187 dicitur:

2342 3143 2551 3210 πέμπτῳ
2581 3135 2843 3208 κεφαλαίῳ
2874 3142 2964 3188 τοῦ
2989 3138 3126 3187 κατὰ
3150 3136 3437 3197 Ματθαίον,
3463 3134 3535 3195 εἰς
3567 3138 3640 3185 τόδ
3657 3133 3812 3186 Οὕτω
3825 3134 3937 3205 (⁵18)

576 3220 669 3276 Ita
698 3224 850 3277 enim
877 3227 955 3276 est
987 3223 1087 3277 (ei:
1105 3227 1158 3277 et
1173 3221 1465 3290 prophetae
1491 3223 1563 3274 ⁷³.

650 3310 807 3366 Vers.
829 3314 919 3367 29.
951 3311 1151 3367 Atille
1175 3341 1227 3352 —
1274 3313 1579 3382 proximus
1625 3311 1654 3366 ἵ
1692 3310 1919 3368 Conatu
1977 3326 2082 3367 suo
2112 3310 2228 3367 fru-

577 3402 816 3466 stratus,
833 3399 1059 3469 eﬂ‘udit,
1078 3416 1260 3473 quem
1277 3400 1439 3473 apud
1457 3417 1519 3456 se
1531 3400 1890 3465 occultabat,
1908 3406 2225 3468 tumorem,

576 3488 828 3545 Putabat
856 3488 1018 3545 enim
1051 3505 1113 3545 se
1134 3491 1361 3546 cunctis
1387 3506 1516 3546 esse
1528 3489 2004 3563 praestantiorem
2038 3507 2052 3543 :
2084 3504 2225 3545 nam

577 3578 673 3633 lex
702 3579 1046 3649 proximum
1078 3577 1412 3635 nominavit
1437 3595 1596 3650 eum,
1640 3579 1741 3651 qui
1765 3578 2006 3635 alterius
2033 3582 2230 3648 egeret

575 3666 798 3722 auxilio
818 3684 832 3723 :
852 3667 979 3739 ipse
995 3683 1133 3724 vero
1159 3666 1327 3724 illum
1343 3667 1459 3725 dici
1498 3667 1880 3740 opinabatur,
1896 3668 1997 3740 qui
2019 3668 2230 3724 virtute

574 3756 823 3829 aequalis
860 3762 1017 3814 esset
1045 3777 1057 3814 :
1091 3758 1227 3815 ideo
1257 3758 1456 3825 etiam,
1488 3758 1697 3814 volens
1725 3758 1991 3831 seipsum
2014 3756 2231 3831 justiﬁ-

577 3861 733 3912 care,
755 3846 880 3902 sive
897 3848 1025 3903 aliis
1050 3863 1422 3920 praaponere,
1448 3846 1886 3918 interrogabat:
1917 3845 2059 3912 Quis
2085 3845 2230 3902 mihi

578 3939 668 3991 est
694 3936 937 4008 aaqualis
962 3937 991 3994 ?
1024 3938 1246 3993 Deinde
1300 3937 1560 3993 Christus
1618 3952 1724 4009 per
1754 3934 2098 4006 parabolam
2130 3934 2232 3991 de-

576 4031 873 4083 monstrat
893 4026 1060 4082 illum
1082 4042 1210 4082 esse
1237 4026 1717 4100 proximum,qui
1741 4024 1980 4082 alterius
2007 4025 2234 4096 indiget

578 4114 815 4171 auxilio.

645 4203 1022 4274 -|-Proximus
1055 4202 1268 4259 dicitur
1321 4202 1520 4259 omnis
1551 4203 1753 4271 homo,
1811 4203 1973 4276 quod
2019 4219 2231 4261 omnes

572 4293 724 4348 inter
752 4307 863 4347 nos
894 4291 1213 4364 propinqui
1243 4308 1454 4349 sumus
1477 4292 1809 4348 secundum
1823 4296 2046 4349 natura:
2064 4309 2227 4350 com-

573 4381 1066 4437 municatiouem.

684 4468 850 4526 CAP.
892 4470 1116 4526 XXXVI.
1140 4471 1225 4527 De
1247 4484 1310 4527 eo
1333 4468 1434 4542 qui
1458 4470 1745 4527 inciderat
1771 4471 1835 4527 in
1869 4471 2126 4529 latrones

645 4560 805 4614 Vers.
838 4561 926 4615 30.
983 4559 1308 4629 Suscipiens
1347 4592 1417 4601 —
1445 4560 1617 4618 dixit.
1671 4560 2013 4634 Suscipiens
2066 4578 2078 4615 :
2113 4561 2226 4618 hoc

572 4653 680 4714 est,
714 4648 1010 4722 excipiens
1040 4664 1400 4706 sermonem.

646 4738 812 4794 Vers.
836 4737 925 4796 30.
952 4740 1142 4797 Homo
1170 4771 1182 4781 -
1210 4770 1238 4782 -
1278 4739 1525 4797 Iericho.
1572 4739 1865 4797 Parabola
1914 4739 2058 4808 haec,
2112 4740 2223 4796 etsi

573 4825 771 4887 efﬁcta
800 4827 896 4896 sit,
921 4833 984 4885 ut
1005 4828 1300 4897 ostendat,
1327 4829 1466 4902 quis
1499 4830 1575 4886 sit
1619 4829 1931 4902 proximus
1963 4846 1981 4884 :
2012 4828 2222 4901 paucis

2333 3228 2434 3301 γὰρ
2460 3226 2600 3279 ἐστιν
2631 3227 2656 3277 ό
2682 3230 2839 3298 νόμος
2866 3229 2955 3276 καὶ
2974 3226 3023 3276 οἱ
3050 3228 3333 3298 προφῆται.

2404 3315 2462 3367 Ὀ
2494 3312 2553 3367 δὲ
2607 3345 2675 3354 -
2724 3313 2943 3371 πλησίον
2994 3332 3011 3384 ;
3054 3311 3364 3385 ’Δποτυχὼν
3411 3322 3507 3375 τῆς
3554 3316 3760 3387 πείρας,
3811 3309 3944 3386 ἐξὲῤ-

2334 3404 2460 3481 ῥηξε
2496 3403 2608 3476 (79)
2661 3407 2755 3461 τὴν
2806 3401 2854 3454 ἐν
2913 3402 3053 3472 αὐτῷ
3104 3405 3460 3475 κεκρυμμένην
3512 3403 3709 3459 οἰησιν.
3787 3406 3942 3453 Ὧετο

2337 3494 2438 3565 γὰρ
2491 3493 2695 3544 πάντων
2774 3492 3066 3564 ὑπερέχειν.
3126 3489 3186 3544 ⁸0
3240 3493 3330 3562 μεν
3403 3491 3501 3563 γὰρ
3588 3494 3749 3563 νόμος
3808 3490 3941 3546 κληι-

2342 3585 2450 3634 σὶον
2509 3580 2641 3651 (80),
2695 3584 2782 3632 τὸν
2840 3575 3076 3652 δεόμενον
3132 3577 3382 3652 βοηθείας
3434 3578 3702 3651 ὦνομασεν
3738 3594 3752 3607 ·
3783 3576 3944 3638 αὐτὸς

2341 3666 2401 3722 δὲ
2425 3669 2669 3740 πλησίον⁷
2699 3672 2784 3721 τὸν
2844 3668 2954 3720 ἰσον
2983 3667 3098 3720 κατ’
3149 3666 3336 3740 ἀρετὴν
3375 3667 3595 3721 ὑπέλαϐε
3658 3666 3793 3738 (8|).
3853 3668 3941 3718 Διό

2341 3763 2430 3811 καὶ
2468 3758 2619 3812 θελων
2685 3755 2923 3811 δικαιοῦν
2981 3757 3181 3824 ἑαυτὸν,
3242 3760 3423 3828 ἤγουν,
3477 3757 3807 3830 ὑπερτιθέναι
3842 3763 3940 3807 τῶν

2341 3846 2526 3913 ἄλλων,
2562 3847 2745 3920 ἐρωτᾷ,
2769 3852 2860 3907 Τίς
2886 3844 2999 3899 ἐστί
3024 3866 3123 3919 μου
3156 3844 3271 3907 ἶσος
3298 3864 3315 3917 ;
3351 3842 3477 3899 Εἶτα
3515 3841 3609 3898 διὰ
3638 3842 3940 3918 παραϐολῆς

2343 3939 2368 3989 ό
2398 3940 2627 4011 Χριστός
2649 3932 3043 4007 ἀποδείκνυσιν,
3074 3937 3155 3988 ὅτι
3200 3935 3422 3994 πλησίον
3453 3935 3594 3988 ἐστὶν
3633 3936 3660 3987 ό
3700 3931 3937 4007 δεόμενος

2343 4025 2606 4099 βοηθείας.

2415 4203 2675 4279 [Πλησίον
2700 4204 2899 4276 λέγεται
2921 4210 3018 4265 πᾶς
3047 4205 3331 4279 ἄνθρωπος,
3358 4206 3427 4266 ὡς
3456 4202 3767 4277 ἐγγιζόντων
3794 4205 3931 4277 ἡμῶν

2341 4293 2576 4356 ἀλλήλοις
2602 4296 2739 4347 κατὰ
2768 4298 3038 4346 κοινωνίαν
3069 4296 3266 4366 φύσεως
3297 4290 3431 4365 (8'2).
3473 4292 3492 4364 ]

2443 4478 2588 4526 ΚΕΦ.
2633 4470 2747 4537 Δςῖ
2783 4476 2905 4545 Περὶ
2924 4479 3016 4524 τοῦ
3042 4470 3349 4544 ἐμπεσόντος
3374 4472 3448 4531 εἰς
3469 4475 3591 4533 τοὺς
3615 4470 3824 4543 λῃστάς.

2404 4561 2696 4614 ’Υπολαϐὼν
2728 4593 2797 4602 -
2827 4558 2980 4615 εἶπεν.
3020 4559 3316 4615 Ὑπολαϐὼν
3336 4560 3451 4613 ἀντὶ
3477 4567 3590 4629 τοῦ,
3618 4554 3924 4629 διαδεξάμε-

2333 4670 2415 4714 νος
2439 4654 2523 4702 τόν
2542 4650 2715 4722 λόγον.

2403 4738 2709 4813 Ἀνθρωπος
2758 4770 2828 4781 -
2905 4738 3133 4815 ’Ῑεριχώ.
3191 4737 3249 4792 Ἠ
3296 4736 3559 4813 παραϐολὴ
3650 4734 3802 4800 αὕτη,
3873 4732 3917 4786 εἰ

2331 4834 2419 4881 καὶ
2476 4830 2719 4887 συνετέθη
2781 4824 2875 4881 διὰ
2922 4831 2979 4881 τό
3033 4825 3223 4897 δεῖξαι,
3274 4832 3355 4890 τίς
3408 4826 3547 4880 ἐστιν
3610 4826 3636 4877 ὁ
3678 4823 3921 4892 πλησίον,

645 5004 688 5042 ⁷¹
718 5005 917 5063 Matth.
944 5020 1085 5070 xxu,
1117 5010 1184 5063 35
1217 5005 1435 5065 :Marc.
1458 5023 1560 5076 xn,
1599 5006 1689 5062 28.
1766 5007 1815 5042 τ’
1861 5005 2062 5064 Matth.
2092 5022 2230 5078 xxu,
2263 5010 2351 5064 40.
2429 5007 2476 5042 ⁷³
2517 5006 2826 5074 Matth.vu,
2848 5005 2937 5060 l2.

1730 5184 1956 5257 Variae
2008 5158 2338 5255 lectiones
2386 5193 2453 5253 et
2515 5191 2719 5252 notae.

640 5381 1105 5456 (‘17)Hentenius
1153 5382 1508 5456 hic__te_xtum
1555 5382 1837 5456 diviserat
1882 5388 1938 5439 et
1988 5398 2061 5440 ex
2096 5398 2219 5440 uno

569 5454 794 5529 scholia
820 5456 954 5529 duo
981 5455 1217 5529 fecerat.
1241 5454 1405 5529 Vide,
1438 5454 1755 5529 quaaiufra
1788 5460 1923 5529 post
1957 5457 2218 5529 Evange-

565 5528 715 5584 lium
743 5527 989 5583 Joannis
1013 5526 1220 5583 monui
1250 5527 1328 5583 ad
1343 5526 1610 5584 ﬂentenil
1630 5526 2218 5584 animadversionem

567 5614 754 5672 quam
786 5599 926 5672 huic
952 5597 1084 5672 loco
1112 5598 1349 5668 adjecit.

642 5672 754 5739 (78)
784 5669 970 5741 Etiam
1008 5670 1103 5725 hic
1139 5675 1408 5741 uterque
1433 5676 1620 5741 codex
1659 5668 1841 5736 οὕτως,
1893 5673 2030 5726 ante
2080 5684 2219 5726 con-

566 5754 848 5799 sonnam.
874 5740 980 5797 Hic
1016 5756 1159 5812 ergo
1188 5739 1374 5797 altera
1394 5739 1567 5797 lectio
1621 5747 1755 5798 orta
1800 5749 1969 5812 οῦτος,
2001 5745 2063 5798 ut
2087 5756 2219 5798 mo-

2328 5382 2433 5439 nui
2459 5382 2520 5438 in
2547 5381 2805 5439 editione
2832 5381 2898 5438 N.
2932 5380 3087 5439 Test.

2423 5453 2516 5526 79)
2544 5456 2631 5511 Ita
2656 5461 2926 5526 uterque.
2953 5455 3021 5509 Et
3039 5456 3195 5510 recte
3222 5451 3489 5526 quidem‘
3505 5452 3588 5510 ita
3602 5450 3855 5526 dicitur.

2401 5453 2516 5599 $79;
2544 5456 2634 5537 Ita_
2656 5461 2926 5526 uterque.
2953 5455 3021 5509 Et
3039 5456 3195 5510 recte
3227 5453 3476 5579 (Eiidem
3505 5453 3588 5510 ita
3617 5453 3855 5509 dicitur.

2423 5525 2491 5581 80
2562 5527 2674 5599 Ηιο
2701 5530 2837 5598 post
2872 5523 3114 5599 πλησίον,
3163 5524 3240 5581 ad
3263 5530 3356 5599 ηι-
3381 5523 3571 5599 codex
3600 5522 3648 5599 B_
3687 5538 3761 5599 ea
3795 5538 3921 5596 qua

2332 5594 2469 5654 max
2494 5594 2735 5653 inclusa
2765 5612 2838 5653 ex
2869 5596 3140 5669 margine
3171 5594 3392 5653 codicis
3422 5597 3469 5651 A
3494 5594 3770 5668 ascripsi.

2400 5669 2513 5723 (8H
2542 5667 2803 5723 Ὑπέϐαλε.
2836 5668 2896 5723 Β.

2426 5672 2483 5724 8t
2542 5667 2803 5723 Ὑπέϐαλε.
2836 5668 2896 5723 Β.
3012 5667 3032 5669 ⁷
3660 5667 3671 5668 ί

2400 5669 2515 5815 ἒ82ζ
2541 5738 2612 5796 Ἤ
2632 5740 2875 5808 πλησίον,
2906 5737 3077 5799 addit
3103 5741 3165 5797 Β.
3192 5736 3446 5808 Inclusa,
3467 5738 3533 5796 in
3558 5737 3831 5811 margine
3850 5740 3919 5796 Δ.
