4170 6364
249 322 362 384 965

1339 317 1716 383 COMMENT.
1756 323 1825 377 IN
1864 314 2144 380 LUCAM.
2183 352 2247 362 —
2282 321 2444 380 CAP.
2490 319 2559 378 X.

3531 321 3636 376 966

257 452 366 505 ἀλλ’
398 449 485 504 οὖν
535 449 584 503 ἓν
641 449 844 526 βραχεῖ
871 457 1046 504 πᾶσαν
1099 451 1370 522 ὑποφαίνει
1426 455 1520 507 τὴν
1577 450 1857 522 φιλάνθρω·

2008 462 2170 503 tmen
2186 448 2377 503 verbis
2396 448 2654 503 ostendit
2671 448 3006 503 humanam
3022 452 3077 502 et
3097 445 3424 517 benignam
3439 446 3632 503 salva-

257 563 355 596 πον
407 542 702 613 οἰκονομίαν
763 548 853 593 τοῦ
913 548 1144 612 Σωτῆρος
1200 542 1364 612 ἡμῶν.
1421 537 1722 611 Ἀνθρωπον
1771 541 1859 610 μεν

259 640 362 703 γάρ
421 637 630 702 νοοῦμεν
687 632 773 681 τὸν
821 627 996 701 Ἀδὰμ
1041 633 1130 680 καὶ
1175 633 1290 688 τοὺς
1342 627 1392 690 ἐξ
1440 625 1612 699 Ἀδὰμ
1671 625 1863 700 ἀνθρώ-

261 740 396 781 πους
423 740 434 751 ·
470 718 762 770 κατάϐασιν
793 715 852 770 δὲ
897 717 998 770 ἀπὸ
1036 717 1376 792 Ἰερουσαλὴμ
1421 717 1489 778 εἰς
1518 716 1743 789 Ἰεριχω,
1773 720 1862 772 τὴν

263 806 390 861 ὁδὸν
421 813 514 865 τὴν
566 806 667 859 ἀπὸ
699 807 887 881 ἀρετῆς
917 808 982 867 εἰς
1013 811 1220 875 κακίαν,
1251 812 1341 858 καὶ
1387 805 1486 857 ἀπὸ
1530 806 1765 865 ὑπακοῆς
1796 804 1867 864 εἰς

263 901 557 971 παρακοήν,
606 903 695 949 καὶ
729 896 828 948 ἀπὸ
859 896 1026 966 ὕψους
1052 895 1331 964 πολιτείας,
1369 895 1442 956 εἰς
1483 894 1866 965 χθαμαλοτητα

265 983 558 1056 διαγωγῆς.
597 985 794 1055 ’Υψηλὴ
847 990 936 1058 μεν
973 988 1074 1058 γὰρ
1123 987 1152 1042 ἡ
1195 984 1534 1059 Ἰερουσαλήμ
1560 1002 1571 1012 ’
1614 982 1862 1055 χθαμαλὴ

266 1072 328 1127 δὲ
361 1077 389 1132 ἠ
417 1074 644 1148 Ἰεριχώ.

343 1169 443 1216 Καὶ
505 1193 571 1205 -
628 1167 941 1236 περιέπεσεν.
997 1158 1344 1223 Ὀδοστάταις
1416 1162 1528 1233 (83)
1598 1158 1860 1233 δαίμοσιν.

342 1338 406 1391 Οἱ
445 1371 507 1379 --
538 1339 712 1392 αὐτόν.
753 1341 829 1392 Τὰ
861 1341 1044 1409 ἱμάτια
1087 1348 1180 1402 τῆς
1214 1337 1414 1410 ἀρετῆς,
1449 1343 1534 1390 τὸν
1583 1337 1734 1410 φοϐον
1775 1347 1864 1391 τοῦ

265 1436 402 1481 Θεοῦ
430 1430 482 1480 ὃν
510 1427 868 1500 περιεϐέϐλητο
892 1425 1046 1485 δίκην
1072 1436 1310 1499 χιτῶνος.

341 1523 443 1571 Καὶ
505 1549 574 1558 -—
647 1516 894 1576 ἀπῆλθον.
965 1518 1172 1588 Πληγὰς
1247 1516 1507 1588 ψυχικὰς,

265 1607 555 1681 ἁμαρτιῶν.

1591 1520 1865 1590 τραύματα

339 1695 569 1767 ’Λφίντες
671 1697 894 1768 ἡμιθανῆ
977 1697 1331 1767 τυγχάνοντα.
1432 1695 1516 1757 Ἐξ
1619 1697 1866 1762 ἡμισείας

1967 536 2111 590 toris
2157 537 2349 591 nostri
2390 536 2914 608 gubernationem.
2981 536 3292 590 Hominem
3334 535 3630 608 siquidem

1970 623 2349 694 intelligimus
2377 626 2598 688 Adam,
2630 630 2686 681 et
2709 626 2812 697 qui
2841 625 2919 682 ab
2949 625 3141 680 Adam
3173 624 3626 690 descenderunt,

1975 714 2286 769 universos
2316 730 2328 769 :
2355 714 2717 768 descensum
2743 719 2940 769 autem
2964 713 3040 769 ad
3061 713 3388 770 Jerusalem
3412 714 3471 769 in
3491 715 3631 769 Jeri-

1973 799 2106 869 cho,
2139 802 2298 856 viam
2326 818 2360 857 a
2385 802 2592 857 virtute
2615 802 2692 858 ad
2741 803 2973 866 vitium,
3005 808 3061 858 et
3085 802 3162 858 ab
3191 801 3532 858 obedientia
3553 801 3633 858 ad

1973 889 2462 957 inobedientiam,
2496 898 2550 946 et
2580 907 2617 948 a
2641 891 2876 946 sublimi
2902 891 3033 946 vitae
3063 890 3326 946 instituto
3354 891 3432 947 ad
3463 897 3634 946 terre-

1973 993 2116 1033 nam
2130 979 2650 1036 conversationem
2674 996 2687 1034 :
2710 984 2798 1035 est
2809 980 2969 1034 enim
2985 979 3314 1036 Jerusalem
3336 979 3630 1050 sublimis,

1973 1066 2200 1122 Iericho
2231 1083 2370 1124 vero
2409 1067 2673 1124 humilis.

2045 1156 2210 1211 Vers.
2245 1160 2331 1213 30.
2363 1158 2443 1212 Et
2473 1157 2784 1214 —incidit.
2818 1157 2883 1214 Id
2922 1163 3029 1220 est,
3064 1157 3390 1224 dmmones,
3429 1158 3533 1230 qui
3572 1158 3632 1212 in

1976 1244 2068 1301 via
2095 1245 2456 1302 residebant.

2046 1333 2208 1389 Vers.
2234 1337 2319 1390 30.
2357 1335 2468 1402 Qui
2485 1366 2553 1375 —
2577 1350 2728 1392 eum.
2758 1336 3133 1392 Vestimenlis
3154 1336 3404 1407 virtutis,
3427 1335 3634 1392 timore

1976 1421 2096 1485 Dei,
2119 1438 2235 1494 quo
2269 1424 2327 1478 in
2349 1424 2601 1480 modum
2630 1425 2809 1480 vestis
2839 1424 3245 1481 circumdatus
3275 1431 3418 1482 erat.

2045 1512 2205 1566 Vers.
2224 1515 2314 1567 30.
2327 1513 2402 1568 Et
2419 1544 2484 1554 —
2495 1513 2791 1570 abierunt.
2817 1515 3042 1570 Animae
3055 1514 3264 1587 plagis,
3285 1513 3632 1570 vulneribus

1971 1605 2377 1671 peccatorum.

2043 1690 2202 1746 Vers.
2231 1691 2318 1745 30.
2352 1691 2768 1762 Retinquentes
2794 1694 3254 1748 semimortuam.
3284 1695 3362 1748 Ex
3382 1691 3632 1748 dimidio

273 1786 458 1841 θνητὸν
504 1788 788 1857 γενόμενον.
844 1792 917 1856 Τῇ
978 1785 1131 1857 ψυχῇ
1190 1788 1291 1860 γὰρ
1353 1782 1605 1845 ἀθάνατος
1667 1789 1863 1856 μείνας,

2008 1785 2197 1835 sctum
2257 1780 2608 1836 mortalem:
2654 1781 2819 1850 juxta
2866 1781 3133 1836 animam
3191 1783 3353 1837 enim
3414 1781 3635 1838 mansit

271 1880 346 1942 τῷ
393 1878 596 1945 σώματι
644 1875 875 1931 τέθνηκε.
936 1877 1004 1925 Τὸ
1056 1870 1114 1925 δὲ
1164 1871 1412 1936 ἀπῆλθον,
1468 1878 1556 1924 καὶ
1604 1876 1662 1925 τὸ
1719 1871 1867 1944 ἀφέν-

269 1980 372 2023 τες,
434 1961 492 2013 οὗ
547 1967 962 2036 περιεργαστέον,
1017 1958 1109 2014 διὰ
1172 1967 1258 2020 τὴν
1317 1964 1429 2033 (84)
1475 1961 1710 2025 ἐξουσίαν
1771 1970 1866 2024 τῆς

267 2071 375 2125 παρ
381 2050 538 2109 αϐολῆ
549 2072 570 2113 ς
579 2091 591 2103 .

343 2141 492 2194 Κατὰ
508 2144 796 2213 συγκυρίαν
815 2170 880 2184 —-
897 2139 1083 2209 ἐκείνῃ.
1104 2145 1368 2213 Συγκυρία
1386 2143 1493 2212 μὲν,
1515 2142 1544 2198 ἡ
1569 2144 1833 2211 συντυχία
1851 2157 1862 2170 ·

271 2231 437 2302 ἱερεὺς
467 2225 543 2292 δὲ,
578 2230 603 2280 ὁ
635 2225 728 2280 διὰ
754 2235 1015 2291 Μωυσέως
1039 2226 1208 2290 δοθεὶς
1235 2235 1405 2301 νόμος,
1440 2233 1508 2289 ὡς
1530 2234 1646 2302 περὶ
1675 2231 1867 2281 θυσιῶν

269 2314 653 2388 διαλεγόμενος.

342 2409 446 2460 Καὶ
504 2402 630 2458 ἰδὼν
687 2407 840 2458 αὐτὸν
895 2405 1262 2482 ἀντιπαρῆλθε’
1330 2404 1666 2481 Παρέδραμεν
1715 2407 1866 2460 αὐτὸν

268 2496 432 2555 οὕτως
461 2498 672 2567 ἔχοντα,

339 2583 564 2656 Ὁμοίως
639 2617 703 2626 -——
776 2584 1144 2658 ἀντιπαρῆλθε.
1246 2589 1467 2644 Λευῖτην
1548 2587 1868 2644 ὑποληπτέον

267 2671 491 2725 ἐνταῦθα
522 2678 610 2726 τὸν
653 2674 802 2745 λόγον
851 2684 949 2726 τῶν
995 2684 1291 2750 προφητῶν,
1354 2679 1420 2736 ὡς
1473 2671 1869 2746 διακονούμενον

266 2769 377 2822 τοῖς
403 2761 724 2834 ἐπιτάγμασι
756 2772 845 2815 τοῦ
879 2769 1027 2816 Θεοῦ.

345 2857 667 2924 Σαμαρείτης
719 2883 780 2892 -
832 2851 1251 2925 ἐσπλαγχνίσθη.
1314 2860 1639 2929 Σαμαρείτης
1682 2861 1870 2907 νοεῖται

271 2948 362 2991 νῦν
394 2941 419 2992 ὀ
445 2945 692 3013 Χριστὸς,
733 2944 801 3001 ὡς
852 2942 946 2994 ὁπό
976 2951 1074 2993 τῶν
1105 2941 1338 2995 ἀπίστων
1383 2941 1652 2996 Ἰουδαίων
1698 2952 1870 3016 Σαμα-

274 3032 448 3102 ρείτης
469 3031 789 3100 ὀνομασθείς.

347 3116 416 3170 ’Ἡ
447 3123 555 3180 καὶ,
599 3121 662 3178 ὡς
693 3119 750 3170 οὐ
798 3123 948 3190 μόνον
979 3117 1265 3190 Ἰουδαίων,
1303 3120 1429 3174 ἀλλὰ
1459 3127 1650 3183 παντὸς
1697 3125 1870 3185 ἔθνους

272 3209 449 3279 φύσιν,
503 3203 595 3259 δικ
644 3215 732 3259 τοῦ
785 3208 1195 3281 προσλήμματος
1237 3212 1365 3282 (85),
1421 3211 1866 3286 περιϐαλλόμενος.

265 3297 453 3357 Ἔθνος
479 3298 603 3370 γὰρ,
633 3299 681 3348 oi
712 3303 1042 3373 Σαμαρεῖται.

343 3480 444 3528 Καὶ
469 3507 537 3515 -
565 3475 746 3530 αὐτοῦ.
775 3483 857 3547 Τῷ
891 3471 1069 3550 δεσμῷ
1092 3486 1186 3538 τῆς
1213 3474 1588 3541 διδασκαλιας.

345 3564 599 3637 Ἐπιχέων
678 3594 742 3604 -
800 3565 952 3622 οἰνον,
1011 3565 1330 3639 Ἦμερότητα
1399 3574 1487 3620 καὶ
1542 3567 1751 3639 στύψιν.
1811 3569 1868 3622 Ἠ

273 3648 601 3705 διδασκαλία
642 3656 742 3726 γὰρ
777 3653 957 3718 αὐτοῦ,
986 3663 1057 3713 πῆ
1088 3658 1178 3726 μὲν
1225 3657 1426 3730 ἡμέρως
1470 3655 1737 3729 προϐαίνει
1781 3663 1870 3710 καὶ

275 3739 499 3812 ἰλαρύνει
529 3756 542 3772 ’
590 3752 660 3800 πῆ
724 3739 783 3794 δὲ
840 3746 1021 3815 στύφει
1068 3748 1158 3796 καὶ
1212 3742 1409 3813 δάκνει,
1470 3751 1558 3798 καὶ
1611 3746 1769 3807 οὕτως
1816 3744 1868 3800 εὖ

271 3834 541 3903 κέκραται,
569 3835 658 3882 καὶ
686 3831 992 3906 ἑκατέρωθεν
1017 3833 1214 3902 ὠφελεῖ.

346 4007 691 4070 Ἐπιϐιϐάσας
749 4041 813 4050 —~
871 4018 1076 4072 κτῆνος.
1130 4011 1246 4063 Ἐπὶ
1300 4016 1358 4064 τὸ
1416 4009 1552 4065 ἴδιον
1609 4023 1776 4086 σῶμα,
1813 4020 1868 4067 τὸ

267 4100 566 4150 κτείνεσθαι
629 4101 737 4169 (86)
816 4099 1016 4170 μέλλον,
1086 4105 1345 4169 τουτέστι,
1429 4101 1707 4174 βαστάσας
1783 4109 1869 4166 τὰς

270 4187 539 4250 ἀσθενείας
594 4188 752 4240 αὐτοῦ
815 4186 906 4240 διὰ
959 4197 1052 4252 τῆς
1113 4190 1536 4262 προσληφθείσης
1603 4194 1871 4268 ἀνθρωπό-

269 4297 396 4334 τητο
407 4298 445 4338 ς.

343 4366 572 4438 ’Ἡγαγεν
648 4366 804 4418 αὐτὸν
863 4367 933 4428 εὶς
1008 4365 1343 4441 πανδοχεῖον.
1418 4367 1760 4444 Πανδοχεῖον,
1836 4376 1865 4432 ἡ

270 4455 731 4512 Ἐκκλησία-τῶν
791 4465 1010 4521 πιστῶν,
1086 4459 1150 4518 ὡς
1205 4465 1305 4510 πᾶν
1375 4464 1512 4531 γένος
1589 4461 1868 4535 ἀνθρώπων

272 4539 537 4615 δεχομένη
550 4587 560 4598 ,

345 4633 450 4686 Καὶ

272 4720 435 4773 αὐτοῦ
444 4763 456 4774 .

350 4813 451 4860 Καὶ
491 4839 560 4849 -
589 4808 817 4873 ἕξελθών.
872 4812 1014 4866 Μετὰ
1057 4817 1240 4888 μικρὸν
1289 4815 1402 4887 (87)
1451 4815 1719 4869 ἀποθανων
1777 4825 1867 4872 καὶ

272 4896 488 4960 ἐξελθὼν
519 4897 618 4950 ἀπὸ
649 4907 740 4952 τοῦ
770 4904 992 4974 κόσμου.

545 4632 828 4704 ἐπεμελήθη
938 4634 1119 4690 αὐτοῦ.
1213 4637 1528 4695 Ἐποιήσατο
1625 4644 1868 4715 πρόνοιαν

345 4984 602 5039 Ἐκϐαλὼν
675 5021 742 5031 -
809 4991 989 5045 αὐτοῦ.
1064 4989 1196 5054 Ἐως
1270 4997 1360 5065 μὲν
1424 4996 1525 5066 γὰρ
1593 4995 1707 5065 ἔζη,
1779 4997 1870 5049 αὐ-

265 5077 360 5139 τὸς
422 5073 536 5150 (88)
601 5076 886 5149 ἕπεμελεῐτο
951 5087 1048 5133 τῶν
1109 5079 1332 5134 ἀσθενῶν
1361 5099 1374 5112 °
1445 5082 1712 5138 ἀποθανὼν
1786 5083 1866 5159 δὲ,

1976 1868 2352 1932 immortalis,
2374 1885 2618 1940 corpore
2637 1885 2777 1924 vero
2807 1875 3066 1925 mortuus
3096 1875 3204 1926 est.
3239 1870 3409 1936 Quod
3431 1876 3633 1927 autem

1976 1957 2189 2014 dicitur
2219 1976 2232 2016 :
2266 1958 2560 2022 abierunt,
2595 1963 2651 2012 et
2675 1957 3091 2030 relinquentes,
3128 1974 3249 2015 non
3295 1967 3382 2016 est
3410 1958 3486 2014 de
3521 1960 3635 2016 hoc

1975 2047 2206 2102 curiose
2223 2047 2612 2102 scrutandum
2635 2053 2877 2118 propter
2901 2062 3178 2103 normam
3198 2049 3522 2119 parabolm.

2048 2137 2215 2193 Vers.
2258 2140 2344 2191 3i.
2393 2135 2547 2192 Casu
2588 2166 2658 2176 —-
2693 2137 2823 2190 illa.
2875 2136 3182 2204 Sacerdos,
3232 2138 3347 2193 hoc
3389 2143 3498 2204 est,
3544 2137 3638 2194 lex

1977 2226 2120 2281 data
2175 2241 2280 2297 per
2333 2228 2610 2297 Moysem,
2668 2229 2870 2296 utpote
2926 2227 2998 2280 de
3077 2226 3383 2282 sacriﬁciis
3436 2225 3639 2298 dispu-

1979 2319 2132 2370 tans.

2050 2405 2210 2458 Vers.
2240 2403 2330 2457 31.
2395 2403 2640 2473 Visoque
2664 2404 2772 2458 illo
2815 2404 3118 2471 praeteriit.
3181 2403 3524 2461 Pertransiit
3566 2405 3634 2460 il-

1977 2492 2125 2557 lum,
2158 2508 2296 2547 cum
2334 2491 2416 2546 ita
2458 2492 2613 2546 male
2643 2490 2890 2547 affectus
2927 2497 3100 2547 esset.

2049 2582 2211 2636 Vers.
2259 2581 2347 2634 32.
2391 2581 2681 2636 Similiter
2731 2581 3029 2651 praeteriit.
3079 2581 3182 2636 Per
3228 2581 3469 2638 levitam
3521 2583 3637 2639 hoc

1977 2670 2111 2726 loco
2153 2669 2534 2742 accipiendus
2580 2675 2666 2724 est
2707 2685 2905 2725 sermo
2950 2670 3396 2742 prophetarum,
3433 2679 3633 2744 utpote

1981 2760 2081 2814 Dei
2096 2757 2468 2831 jussionibus
2517 2757 2994 2814 subministrans.

2050 2849 2214 2904 Vers.
2238 2849 2326 2905 33.
2360 2850 2781 2905 Samaritanus
2807 2880 2874 2888 —
2890 2848 3294 2905 misericordia
3321 2856 3509 2906 motus
3530 2858 3633 2907 est.

1982 2941 2394 2996 Samaritanus
2424 2938 2769 3008 intelligitur
2799 2955 2958 2994 nunc
3008 2940 3290 3010 Christus,
3326 2946 3528 3013 utpote
3560 2945 3638 2998 ab

1983 3029 2304 3084 incredulis
2331 3029 2552 3084 Judaeis
2585 3028 2992 3084 Samaritanus
3024 3029 3386 3100 appellatus.

2052 3119 2153 3174 Vel
2245 3119 2423 3174 etiam
2502 3133 2623 3172 non
2691 3117 3034 3172 Judmorum
3095 3123 3352 3185 tantum,
3423 3119 3522 3174 sed
3584 3124 3640 3176 et

1981 3212 2331 3264 cunctarum
2351 3207 2613 3277 gentium
2634 3214 2906 3262 naturam
2934 3222 3038 3277 per
3060 3206 3255 3264 carnis
3278 3208 3639 3279 assumptio-

1981 3315 2119 3354 nem
2149 3297 2533 3370 amplectens.
2581 3295 2936 3353 Samaritani
2981 3297 3140 3352 enim
3193 3301 3332 3353 sunt
3358 3299 3638 3368 quaedam

1979 3387 2143 3444 natio
2174 3387 2460 3457 gentium.

2049 3476 2216 3531 Vers.
2240 3475 2331 3532 34.
2354 3476 2428 3530 Et
2461 3506 2528 3514 —
2558 3476 2706 3545 ejus.
2737 3473 2984 3530 Vinculo
3008 3472 3315 3530 doctrinae.

2052 3568 2210 3622 Vers.
2234 3566 2327 3623 34.
2353 3564 2683 3632 Infundens
2701 3594 2772 3604 —
2795 3565 3016 3620 vinum.
3042 3564 3368 3620 Lenitatem
3390 3581 3460 3620 ac
3483 3581 3639 3622 mor-

1978 3654 2322 3711 dacitatem.
2354 3653 2630 3709 Doctrina
2671 3654 2831 3709 enim
2857 3653 2987 3725 ejus
3019 3652 3160 3709 alibi
3190 3652 3438 3725 quidem
3471 3671 3638 3711 man-

1981 3749 2142 3799 suete
2189 3742 2456 3816 procedit
2485 3747 2542 3798 et
2596 3741 3252 3798 exhilaratzinterdum
3307 3759 3448 3800 vero
3508 3760 3640 3816 per-

1982 3833 2215 3904 stringit
2246 3849 2315 3888 ac
2370 3831 2600 3888 mordet
2644 3849 2656 3886 :
2689 3835 2748 3886 et
2769 3832 2856 3888 ita
2903 3831 3147 3903 pulchre
3179 3836 3510 3902 temperata
3551 3840 3639 3891 est

1981 3939 2050 3978 ac
2093 3921 2356 3994 undique
2406 3922 2603 3991 Ejuvat.

2051 4013 2206 4066 Vers.
2310 4011 2399 4064 34.
2480 4011 2556 4065 Et
2577 4011 2886 4079 imponens
2986 4041 3052 4051 —
3112 4012 3469 4079 jumentum.
3555 4015 3638 4068 Ita

1979 4101 2291 4173 proprium
2338 4116 2570 4170 corpus,
2621 4099 2782 4171 quod
2833 4098 3232 4154 occidendum
3289 4105 3410 4156 erat
3457 4118 3471 4157 :
3525 4101 3639 4158 hoc

1979 4195 2086 4258 est,
2105 4195 2350 4261 portans
2368 4189 2733 4244 inﬁrmitates
2750 4188 2878 4260 ejus
2901 4203 3007 4260 per
3025 4193 3402 4261 assumptam
3420 4190 3637 4247 huma-

1979 4281 2246 4337 nitatem.

2052 4369 2212 4426 Vers.
2288 4369 2382 4426 34.
2475 4368 2661 4425 Duxit
2739 4367 2804 4424 in
2880 4368 3287 4425 diversorium.
3373 4370 3640 4428 Diverso-

1982 4461 2134 4515 rium
2165 4465 2250 4516 est
2282 4459 2560 4525 Ecclesia,
2592 4475 2729 4531 qum
2779 4474 2954 4515 omne
2996 4473 3181 4528 genus
3209 4459 3530 4516 hominum
3550 4476 3637 4515 re-
3675 4502 3677 4504 η

1980 4550 2143 4622 cipit.

2047 4639 2211 4696 Vers.
2235 4641 2324 4696 34.
2351 4641 2428 4695 Et
2457 4655 2666 4696 curam
2683 4639 2848 4695 illius
2874 4640 3014 4710 egit.
3037 4639 3349 4697 Rationem
3387 4640 3517 4712 ejus
3531 4641 3636 4699 ha.

1977 4729 2125 4797 buit,
2154 4733 2211 4786 et
2230 4731 2301 4785 de
2328 4745 2398 4786 eo
2420 4728 2697 4801 providit.

2049 4819 2217 4876 Vers.
2251 4823 2340 4875 35.
2377 4821 2465 4874 Ac
2494 4847 2564 4858 -—-
2614 4832 2899 4888 egressus.
2930 4817 3073 4875 Post
3119 4816 3358 4890 aliquod
3404 4821 3639 4890 tempus

1978 4911 2248 4964 mortuus
2281 4911 2336 4962 et
2365 4907 2439 4962 de
2471 4905 2699 4961 mundo
2738 4921 3032 4976 egressus.

2047 4995 2212 5052 Vers.
2239 4995 2329 5051 35.
2371 4997 2760 5065 Depromptos
2793 5025 2859 5035 —
2901 4994 3092 5052 illius.
3118 4995 3318 5052 Donec
3349 4993 3588 5051 vivebat
3619 5011 3635 5053 :

1978 5085 2108 5159 ipse
2160 5101 2368 5142 curam
2425 5083 2688 5142 habebat
2714 5083 3094 5142 inﬁrmorum
3134 5102 3149 5142 :
3183 5083 3283 5141 ubi
3311 5100 3455 5142 vero
3482 5099 3641 5141 mor-

1489 5291 1715 5361 Variae
1744 5292 2070 5363 lectiones
2109 5300 2178 5362 et
2213 5301 2418 5363 notae.

370 5511 458 5571 83)
494 5506 838 5579 Ἐγκαθέτοις,
874 5511 1360 5582 ρτωεῐοιειηίὶὺυε
1392 5515 1444 5569 in
1485 5516 1614 5570 viis.

510 5585 603 5633 Διά
650 5585 708 5633 τὸ
767 5581 1092 5659 εξουίσιάζειν
1150 5589 1242 5643 τὴν
1297 5585 1596 5659 παραϐολὴν
1656 5587 1703 5641 ἐν
1757 5595 1870 5652 ταῖς

269 5653 545 5714 τοιαύταις
574 5655 964 5740 περιστάσεσιν.

347 5725 466 5794 (85)
504 5729 607 5784 Τῆς
631 5725 1013 5799 ἔνσαρκώσεως.

2053 5521 2142 5642 (ἕο
2168 5517 2363 5588 )Ludit
2382 5519 2441 5574 in
2457 5517 2841 5575 similitudine
2863 5517 3235 5592 syllabarum
3259 5527 3462 5590 κτῆνος,
3477 5538 3644 5576 unw-

2053 5610 2067 5640 Γ
2104 5607 2177 5642 αι.

1979 5607 2177 5644 vacuat.

2050 5662 2164 5735 (87)
2202 5667 2390 5734 Καιρὸν
2429 5677 2538 5735 pro
2563 5667 2768 5735 μικρὸν.
2796 5669 2853 5718 Β.

2051 5664 2142 5731 (87
2202 5667 2390 5734 Καιρὸν
2429 5677 2538 5735 pro
2563 5680 2656 5735 μικ
2695 5667 2768 5718 όν.
2796 5669 2853 5718 Β.

2051 5664 2168 5809 (88)
2213 5735 2375 5798 Αὐτός
2426 5735 2614 5793 codex
2658 5681 2908 5795 ghabet
2944 5741 3080 5811 post
3109 5735 3426 5812 επεμελείτο.
