4170 6364
575 305 678 362 967
1947 299 2289 367 eorum“
2330 275 2698 361 ZIGABENI
3851 305 3980 364 968

578 438 716 486 tuus
794 436 879 487 est
940 445 1011 486 ac
1077 432 1415 499 resurrexit,
1474 437 1532 489 et
1593 433 1668 488 ad
1723 432 2225 505 peregrinandum

2343 436 2430 482 καὶ
2466 422 2726 494 ἀναστὰς,
2776 438 2860 485 καὶ
2889 429 3128 505 ἐκδημῶν
3159 432 3225 496 εἰς
3249 436 3335 486 τὸν
3365 432 3600 506 οὐρανὸν,
3637 441 3747 495 τοῖς
3797 454 3977 495 arto;-

574 519 632 574 in
658 519 874 576 coelum
929 519 1196 586 devertit,
1226 521 1383 578 hanc
1422 538 1628 578 curam
1677 520 1961 594 apostolis
1991 521 2221 577 commi-

1831 520 1961 578 tolis
1991 521 2232 577 commi-
2343 521 2510 582 τόλοις
2545 524 2640 577 την
2671 517 2958 594 ἐπιμέλειαν
2989 525 3180 580 ταύτην
3212 521 3473 596 ἐπέτρεψε.

577 609 674 664 sit.

646 701 870 770 Hospes
886 697 1046 754 enim
1075 704 1182 768 est,
1208 700 1481 772 quisquis
1517 701 1784 757 Ecclesia:
1807 706 2042 772 praeest,
2068 704 2228 770 puta,

2413 696 2718 770 Πανδοχεύς
2785 704 2882 774 γὰρ
2964 707 3059 761 πᾶς
3105 706 3369 770 προεστὼς
3435 709 3530 762 τῆς
3601 700 3961 763 Ἐκκλησίας,

573 787 770 843 omnis
799 787 1138 858 episcopus,
1173 789 1262 843 vel
1281 791 1550 861 quisquis
1573 790 1978 862 apostolorum
2002 805 2220 844 succes-

2339 793 2479 848 ἤτοι.
2530 795 2626 848 πᾶς
2674 788 2976 853 ἐπίσκοπος,
3023 795 3110 841 καὶ
3156 796 3252 851 πᾶς
3301 799 3401 841 τῶν
3469 788 3770 842 ἀποστολων
3827 787 3968 842 διά-

573 892 671 932 sor
700 885 803 932 est.
836 879 964 932 Duo
994 893 1132 933 vero
1160 878 1388 934 denarii
1417 884 1557 935 sunt
1580 883 1810 935 Novum
1845 895 1914 934 ac
1937 879 2110 934 Vetus
2129 879 2220 932 Te-

2341 874 2525 948 δοχος.
2573 881 2672 930 Δύο
2716 875 2775 931 δε
2806 876 3050 951 δηνάρια,
3091 880 3121 937 ἡ
3169 883 3328 938 Καινὴ
3364 884 3455 931 καὶ
3490 881 3519 936 ἡ
3569 879 3775 931 Παλαιά
3827 887 3968 931 Δια-

572 971 956 1031 stamentum,
989 982 1123 1038 quae
1147 967 1401 1022 inﬁrmis
1429 969 1789 1024 medicinam
1818 967 2219 1039 suppeditant.

2342 967 2498 1034 θήκη,
2557 968 2611 1018 αἱ
2664 975 2966 1042 χορηγοῦσι
3021 972 3112 1026 τὴν
3177 968 3403 1040 ἰατρείαν
3453 975 3555 1028 τοῖς
3608 967 3962 1022 ἀσθενοῦσιν.

574 1055 723 1110 Dixit
741 1057 902 1110 enim
924 1056 1207 1110 vicesimo
1233 1063 1447 1128 quarto
1470 1058 1661 1128 capite
1693 1055 1996 1126 Evangelii
2023 1071 2221 1110 secun-

2342 1059 2527 1126 Εἰρηκε
2583 1060 2679 1128 γὰρ
2736 1057 2784 1108 ἐν
2849 1065 2918 1126 τῷ
2981 1056 3198 1128 εἰκοστῷ
3249 1058 3478 1130 τετάρτῳ
3527 1057 3789 1128 κεφαλαίῳ
3855 1067 3963 1110 τοῦ

571 1143 716 1198 dum
737 1145 1078 1200 Mattheum:
1106 1162 1117 1199 :
1172 1145 1372 1200 Omnis
1395 1147 1594 1202 scriba
1611 1146 1849 1202 edoctus
1875 1145 1955 1200 ad
1979 1159 2218 1213 regnum

2338 1148 2472 1195 κατα
2505 1148 2767 1199 Ματθαῖον
2795 1167 2808 1178 ·
2845 1149 2924 1198 ὅτι
2970 1152 3074 1206 Πᾶς
3108 1153 3448 1218 γραμματεύς
3487 1148 3838 1218 μαθητευθεὶς
3883 1148 3964 1208 εἰς

571 1233 854 1288 calorum
874 1233 1084 1288 similis
1133 1240 1217 1288 est
1268 1233 1496 1290 homini
1536 1232 1979 1306 patrifamilias,
2014 1235 2113 1304 qui
2135 1233 2218 1287 de-

2340 1237 2432 1292 τὴν
2484 1232 2755 1306 βασιλείαν
2805 1244 2904 1286 τῶν
2955 1234 3203 1306 οὐρανῶν,
3251 1236 3430 1307 ὅμοιός
3480 1234 3619 1287 ἔστιν
3684 1233 3963 1309 ἀνθρώπῳ

569 1322 791 1389 promit
821 1321 894 1377 de
918 1321 1196 1379 thesauro
1217 1340 1319 1379 suo
1345 1339 1496 1380 nova
1521 1331 1574 1380 et
1592 1324 1870 1380 vetera“.

2339 1319 2710 1395 οἰκοδεσπότῃ,
2764 1326 2903 1384 ὅστις
2950 1322 3184 1376 ἐκϐάλλει
3227 1323 3285 1376 ἐκ
3325 1333 3419 1376 τοῦ
3465 1326 3734 1399 θησαυροῦ
3785 1325 3964 1377 αὐτοῦ

2339 1415 2491 1464 καινὰ
2521 1417 2608 1464 καὶ
2638 1412 2856 1468 παλαιά.

643 1495 762 1560 Vel,
792 1495 914 1550 duo
940 1493 1169 1552 denarii
1196 1494 1328 1550 dua;
1373 1499 1509 1550 sunt
1537 1495 2054 1568 interpretationes
2085 1498 2230 1552 Scri-

2417 1497 2478 1553 i'H
2511 1497 2608 1552 δύο
2649 1498 2895 1574 δηνάρια,
2931 1503 2984 1554 αἱ
3016 1499 3113 1554 δύο
3159 1503 3424 1577 ἑρμηνεῖαι
3469 1512 3559 1563 τῆς
3602 1502 3961 1574 εύαγγελικῆς

570 1588 756 1654 pturae
779 1585 1147 1654 evangelicae,
1179 1591 1278 1640 aut
1304 1584 1475 1640 etiam
1503 1586 1707 1640 omnis
1742 1585 1958 1641 divina:
1983 1602 1994 1640 :
2026 1585 2130 1642 illa
2152 1589 2217 1642 vi-

2341 1595 2562 1662 Γραφῆς,
2597 1593 2626 1648 ἦ
2655 1596 2744 1642 καὶ
2768 1596 2946 1653 πησης
2976 1600 3072 1653 τῆς
3092 1593 3245 1655 θείας,
3272 1595 3361 1650 ἦτε
3390 1593 3507 1643 καθ’
3538 1594 3773 1665 ἱστορίαν
3808 1593 3954 1663 (89).

569 1671 802 1740 delicet,
834 1690 970 1745 quae
981 1674 1157 1744 juxta
1187 1673 1490 1730 historiam
1513 1680 1621 1744 est,
1647 1681 1704 1731 et
1740 1691 1871 1746 quae
1890 1673 2062 1746 juxta
2089 1691 2216 1732 ana-

1338 1674 1490 1730 riam
1513 1680 1621 1744 est,
1647 1681 1704 1731 et
1740 1673 2062 1746 quaajuxta
2089 1691 2230 1732 ana-
2339 1685 2428 1731 καὶ
2459 1681 2487 1738 ὴ
2523 1683 2657 1731 κατὰ
2688 1678 2985 1751 ἀναγωγήν.

569 1777 786 1834 gogen.
2263 1784 2308 1838 Β

644 1853 801 1907 Vers.
836 1853 923 1906 35.
953 1852 1030 1906 Et
1060 1882 1128 1892 —
1177 1851 1298 1907 tibi.
1335 1853 1391 1908 Si
1448 1852 1627 1908 etiam
1659 1852 1734 1908 de
1784 1857 1885 1910 tuo
1915 1853 2228 1926 quidpiam

2416 1861 2608 1910 Καὶ-
2641 1877 2744 1909 σοι.
2798 1860 2856 1910 Εἰ
2901 1877 2952 1908 τι
2996 1858 3056 1908 ἄν
3097 1862 3185 1910 καὶ
3228 1861 3426 1912 οἴκοθεν
3479 1855 3954 1933 προσδαπανήσῃς

566 1941 981 2012 insumpseris,
1005 1940 1170 2012 quod
1197 1941 1256 1995 in
1279 1941 1410 2011 ejus
1433 1942 1606 1997 cedat
1634 1941 1958 1998 utilitatem.
1985 1943 2135 1998 Nam
2155 1944 2213 1999 dt

2340 1947 2406 2008 εἰς
2439 1946 2680 2018 ὠφέλειαν
2729 1946 2908 2000 αὑτοῦ.
2969 1950 3067 1999 Καὶ
3127 1949 3322 2000 οἴκοθεν
3379 1951 3481 2021 γὰρ
3527 1950 3577 2000 οἱ
3617 1944 3953 2001 διδάσκαλοι

569 2045 680 2084 suo
711 2045 956 2101 quoque
982 2035 1374 2101 praaceptores
1402 2036 1732 2100 apponunt,
1754 2031 2071 2087 dilatantes
2087 2033 2208 2087 divi

2338 2037 2705 2111 προστιθέασι,
2766 2035 3098 2096 πλατύνοντες
3153 2039 3246 2098 τὰς
3299 2035 3572 2109 ἑρμηνείας
3636 2047 3736 2088 τῶν
3795 2040 3949 2090 θείων

567 2134 783 2174 norum
813 2135 1154 2174 sermonum
1172 2119 1704 2190 interpretationes.
1731 2127 1777 2175 A
1795 2121 2035 2176 duobus
2052 2122 2214 2193 siqui

2335 2124 2663 2194 λογων.’Δπὸ
2695 2128 2783 2195 μὲν
2808 2127 2906 2199 γὰρ
2936 2132 3034 2176 τῶν
3066 2120 3162 2175 δύο
3194 2127 3464 2183 Διαθηκῶν
3489 2125 3820 2198 λαμϐάνουσι
3855 2147 3953 2186 τας

568 2207 702 2262 dem
755 2209 1128 2262 testamentis
1170 2214 1413 2262 sumunt
1469 2207 1704 2278 quidem
1754 2215 2215 2278 argumentum:

2339 2212 2575 2284 ἀφορμάς
2601 2231 2612 2242 ”
2638 2221 2744 2273 τοῖς
2773 2210 2932 2274 ἰδίοις
2953 2209 3010 2266 δὲ
3036 2212 3212 2283 λόγοις
3237 2210 3618 2285 δαψινεστεραν
3642 2221 3951 2289 παρέχουσι

566 2297 824 2367 propriis
854 2301 1053 2351 autem
1085 2296 1462 2351 sermonibus
1493 2295 1987 2353 abundantiorem
2020 2315 2213 2356 curat:

2337 2307 2428 2359 την
2503 2303 2774 2375 θεραπείαν
2840 2309 2948 2363 τοίς
3015 2305 3325 2374 κάμνουσιν.
3393 2300 3682 2366 Ἐπάνοδος
3737 2301 3797 2358 δέ
3858 2314 3949 2358 τοῦ

565 2384 849 2442 exhibent
893 2385 1329 2441 laborantibus.
1379 2386 1654 2442 Reversio
1685 2402 1822 2442 vero
1864 2387 2099 2458 Christi,
2141 2404 2212 2445 se

2340 2398 2595 2463 Χριστοῦ,
2629 2393 2658 2449 η
2695 2388 2910 2466 δευτέρα
2939 2397 3225 2464 παρουσία,
3388 2389 3659 2446 ἀποδώσει
3688 2401 3828 2446 πᾶσι
3859 2399 3952 2455 τὰς

565 2473 800 2530 cundus
817 2481 906 2530 est
924 2475 1217 2530 adventus
1232 2475 1384 2544 ejus,
1416 2475 1475 2530 in
1493 2489 1613 2546 quo
1633 2475 1925 2547 persolvet
1945 2477 2230 2534 omnibus
2340 2479 2581 2552 ἀμοιϐάς.

565 2563 1005 2620 retributiones.

640 2654 796 2707 Vers.
848 2655 934 2708 36.
994 2652 1132 2720 Quis
1163 2683 1232 2692 —-
1283 2653 1444 2708 Vers.
1491 2657 1579 2709 3‘7.
1611 2653 1740 2710 illo.
1791 2653 1936 2710 Cum
1968 2654 2090 2722 illo,
2117 2654 2228 2710 hoc

2117 2654 2228 2710 hoc
2411 2663 2501 2719 Ti;
2532 2689 2584 2697 --
2624 2657 2806 2714 αύτοῡ.
2838 2657 2963 2712 Μετ’
3000 2657 3156 2710 αὐτοῦ
3189 2655 3303 2710 ἀντὶ
3332 2666 3444 2725 τοῦ,
3480 2659 3552 2721 εἰς
3583 2659 3760 2716 αὐτόν,

564 2745 670 2802 est,
694 2741 754 2795 in
782 2741 968 2796 illum.

637 2830 797 2885 Vers.
833 2834 920 2884 37.
956 2829 1121 2884 Dixit
1151 2861 1216 2868 —
1265 2829 1558 2886 similiter.
1599 2833 1815 2887 Curam
1870 2833 1997 2903 ejus
2045 2833 2222 2898 habe,

2409 2831 2557 2888 Εἶπεν
2613 2836 2823 2906 ὁμοίως.
2882 2835 3157 2907 Ἐπιμελοῦ
3213 2844 3304 2888 τοῦ
3367 2834 3605 2909 δεομένου
3649 2834 3924 2907 βοηθείας.

562 2919 665 2990 qui
693 2917 912 2972 auxilio
952 2918 1189 2987 indiget.
1245 2920 1351 2982 Qui
1385 2917 1544 2972 enim
1595 2919 1709 2975 hoc
1761 2936 1872 2975 non
1902 2921 2057 2985 facit,
2106 2937 2209 2976 non

2332 2923 2390 2975 Ὀ
2428 2928 2527 2998 γὰρ
2572 2930 2641 2996 μὴ
2678 2932 2830 2976 τούτο
2861 2933 3040 2987 ποιῶν,
3089 2925 3182 2976 ούκ
3231 2923 3413 2996 ἀγαπᾷ
3457 2929 3543 2977 τὸν
3583 2923 3791 2981 πλησίον
3849 2928 3921 2986 ὡς

561 3006 751 3076 diligit
799 3007 1140 3078 proximum
1195 3023 1369 3062 suum
1420 3008 1570 3062 sicut
1601 3009 1906 3079 scipsum:
1942 3011 2044 3080 qui
2083 3026 2208 3065 verc

2334 3013 2549 3064 ἑαυτόν·
2593 3014 2618 3063 ὅ
2673 3009 2731 3065 δὲ
2786 3017 2857 3085 μὴ
2920 3011 3133 3084 ἀγαπῶν
3191 3017 3277 3066 τὸν
3333 3014 3556 3072 πλησίον
3603 3017 3668 3076 ὡς
3722 3013 3920 3080 ἑαυτὸν,

562 3095 902 3169 proximum
929 3111 1051 3150 non
1095 3095 1280 3166 diligit
1329 3102 1618 3168 tanquam
1668 3111 1729 3150 se
1755 3097 1972 3168 ipsum,
2025 3112 2209 3169 neque

2284 3117 2294 3168 ζ
2333 3098 2455 3153 ούδὲ
2487 3105 2570 3153 τόν
2602 3105 2729 3154 Θεὸν
2763 3101 2962 3172 ἀγαπᾷ,
2999 3100 3052 3164 ἐξ
3091 3101 3212 3163 ὅλης
3251 3110 3343 3164 τῆς
3375 3099 3604 3176 καρδίας
3628 3102 3812 3167 αύτού,
3843 3111 3931 3155 και

565 3185 753 3240 Deum
796 3184 980 3256 diliglt
1032 3201 1102 3240 ex
1137 3190 1256 3240 toto
1303 3184 1481 3241 corde
1527 3201 1652 3248 suo,
1695 3191 1751 3242 et
1775 3201 1848 3241 ex
1871 3191 1992 3242 tota
2017 3187 2212 3242 anima

2334 3190 2384 3254 ἐξ
2407 3191 2524 3251 ὅλης
2548 3199 2638 3252 τῆς
2664 3190 2846 3262 ψυχῆς
2873 3191 3056 3259 αὐτοῦ,
3079 3197 3169 3244 καὶ
3199 3191 3251 3255 ἐξ
3279 3192 3402 3254 ὅλης
3421 3200 3510 3253 τῆς
3532 3191 3726 3262 ἰσχύος
3747 3192 3932 3258 αὐτοῦ,

564 3290 693 3341 sua,
718 3291 788 3329 ex
811 3279 928 3330 tota
958 3273 1299 3329 fortitudine
1321 3289 1449 3343 sua,
1474 3279 1526 3330 et
1554 3291 1624 3330 ex
1656 3279 1780 3331 tota
1801 3282 1996 3331 mente
2020 3291 2130 3330 sua
2149 3277 2211 3340 ⁷⁸,

2333 3286 2422 3331 καὶ
2470 3280 2521 3341 ἐξ
2569 3279 2685 3339 ὅλης
2736 3287 2832 3341 τῆς
2885 3275 3121 3341 διανοίας
3170 3281 3348 3352 αύτοῡ,
3409 3280 3536 3353 οἱπερ
3587 3280 3934 3353 ἐμφαίνουσιν

560 3379 697 3436 quae
710 3362 1038 3418 dilectionis
1061 3363 1499 3418 vehementiam
1526 3379 1596 3418 ac
1618 3364 2005 3420 intentionem
2035 3365 2207 3420 mani-

1676 3364 2005 3420 .tentionem
2035 3365 2221 3420 mani-
2335 3368 2543 3440 ἀγάπης
2575 3365 2914 3443 σφοδρότητα
2943 3374 3032 3420 καὶ
3064 3367 3323 3426 ἐπίτασιν,

559 3452 792 3508 festant.

811 3540 967 3595 CAP.
1005 3541 1252 3596 XXXVII.
1287 3542 1370 3597 De
1394 3540 1642 3597 Martha
1671 3548 1722 3598 et
1751 3542 1966 3598 Maria.

2585 3551 2730 3600 ΚΕΦ.
2777 3544 2894 3598 ΛΖ.
2929 3549 3054 3618 Περὶ
3079 3545 3298 3619 Μάρθας
3323 3551 3412 3597 καὶ
3452 3550 3678 3620 Μαρίας.

632 3631 792 3687 Vers.
843 3631 937 3688 38.
999 3631 1236 3686 Factum
1283 3633 1365 3686 est
1391 3660 1456 3672 --
1482 3631 1643 3685 Vers.
1672 3635 1759 3686 39.
1789 3631 1971 3686 illius.
2006 3631 2223 3688 Castel-

2405 3635 2630 3705 Ἐγένετο
2696 3665 2764 3674 -
2820 3634 3000 3686 αὐτοῦ.
3060 3633 3118 3686 Ἡ
3169 3639 3317 3706 κώμη
3384 3633 3534 3702 αὕτη,
3603 3637 3632 3693 η
3706 3638 3942 3692 Βηθανία

559 3719 686 3776 lum
736 3720 851 3774 hoc
907 3719 1187 3774 Bethania
1239 3722 1367 3782 erat
1400 3735 1412 3773 :
1447 3720 1603 3775 hanc
1651 3722 1811 3775 enim
1841 3719 2097 3777 Joannes
2128 3737 2206 3776 cat

2334 3721 2414 3782 ἦν.
2443 3727 2646 3782 Ταύτην
2676 3726 2776 3796 γὰρ
2821 3725 2846 3774 ὅ
2906 3722 3142 3783 Ἰωάννης
3199 3719 3305 3775 εἶπε
3361 3729 3538 3794 κώμην
3591 3730 3799 3798 Μαρίας
3847 3734 3938 3779 καὶ

559 3808 794 3865 stellum
821 3808 966 3864 dixit
1013 3808 1200 3863 Mariae
1239 3814 1296 3864 et
1327 3808 1556 3864 Martha;
1579 3811 1648 3861 ⁷⁵.

927 3808 966 3863 it
1013 3808 1200 3863 Maria:
1239 3814 1296 3864 et
1327 3808 1556 3864 Martha;
1579 3811 1648 3861 ⁷⁵.
2333 3815 2569 3885 Μάρθας.

630 3900 791 3954 Vers.
809 3902 895 3953 40.
915 3899 1160 3953 Martha
1178 3912 1312 3954 vero
1330 3929 1391 3936 —
1405 3899 1818 3954 ministerium.
1851 3901 2220 3972 Praeparans,

2399 3902 2455 3955 Ἣ
2518 3899 2577 3955 δὲ
2629 3903 2820 3974 Μάρθα
2869 3932 2939 3942 -
2982 3896 3271 3954 διακονίαν.
3329 3901 3820 3974 Παρασκευάζουσα
3867 3909 3935 3956 τὰ

557 4005 690 4062 quae
713 3988 1051 4045 necessaria
1080 3993 1247 4042 erant
1297 3987 1374 4042 ad
1403 3986 1746 4042 convivium
1779 3993 1833 4043 et
1856 3988 2204 4060 obsequium

2329 3995 2456 4065 πρὸς
2493 3992 2726 4044 ἑστίασιν
2767 3995 2856 4042 καὶ
2887 3992 3157 4064 θεραπείαν
3180 3989 3339 4042 αύτού
3367 4008 3419 4042 τε
3444 3996 3533 4044 καὶ
3557 3999 3652 4042 τὼν
3682 3995 3931 4063 μαθητῶν

557 4078 686 4147 ejus
717 4093 786 4138 ac
809 4073 1244 4146 discipulorum
1293 4075 1502 4146 ipsius.
2330 4082 2508 4134 αὐτοῦ.

628 4167 794 4221 Vers.
824 4169 912 4219 40.
945 4164 1273 4230 Οαίεαδιίιίι
1301 4196 1369 4204 -
1387 4166 1977 4236 adjuvet.Tanquam
2002 4180 2215 4236 praece-

2400 4170 2696 4223 Ἐπιστᾱσα
2778 4199 2844 4209 --
2909 4165 3364 4224 συναντιλάϐηται.
3449 4168 3536 4229 Ὠς
3599 4165 3931 4234 διδάσκαλος

558 4259 693 4326 ptor
711 4269 920 4308 curam
945 4253 1025 4306 illi
1052 4255 1374 4322 committe,
1396 4260 1457 4308 ut
1490 4269 1609 4308 una
1634 4269 1865 4307 mecum
1891 4253 2205 4310 ministeric

2208 4273 2217 4307 ι
2328 4259 2600 4334 ἐπίτρεψον
2631 4258 2787 4330 αὐτῇ,
2821 4259 2902 4309 ἶνα
2926 4277 3016 4329 μοι
3054 4255 3415 4329 συνεφάψηται
3447 4266 3536 4318 τῆς
3567 4255 3855 4322 διακονίας.

559 4359 809 4400 manum
835 4342 1168 4397 admoveat.

625 4433 908 4528 Versu“.
960 4432 1328 4528 Respondens
1379 4463 1446 4528 -ῖ-
1476 4433 1688 4528 multa.
1720 4431 2044 4528 Tumultus
2101 4433 2215 4489 hoc
2251 4473 2272 4528 Ι

2272 4474 2295 4528 )
2397 4434 2722 4507 Ἀποκριθεὶς
2752 4466 2819 4474 -
2858 4433 3040 4492 πολλά,
3073 4434 3247 4509 Τύρϐη
3277 4433 3435 4501 ἐστὶν,
3477 4437 3501 4487 ὅ
3532 4440 3919 4508 περισπασμὸς,

557 4525 711 4590 loco,
767 4521 1072 4578 distractio
1103 4527 1190 4577 est
1217 4527 1274 4577 et
1303 4522 1583 4578 turbatio.
1619 4521 1784 4578 Cicra
1834 4521 2022 4578 multa
2056 4537 2204 4589 vero,

2273 4520 2291 4528 ⁷
2327 4526 2355 4581 ἡ
2405 4523 2663 4594 ὄχλησιςο
2722 4528 2838 4595 περὶ
2892 4522 3053 4575 πολλὰ
3102 4520 3181 4592 δὲ,
3239 4526 3307 4576 τὰ
3362 4533 3459 4585 τῆς
3503 4523 3784 4584 ἑστιάσεως
3832 4531 3920 4578 καὶ

555 4618 722 4687 puta,
754 4629 889 4686 quae
921 4611 997 4668 ad
1029 4611 1375 4667 convivium
1406 4617 1462 4668 et
1481 4611 1842 4684 obsequium
1873 4612 2202 4668 necessaria

1313 4628 1375 4667 m
1406 4617 1462 4668 et
1481 4611 1842 4684 obsequium
1873 4612 2215 4668 necessaria
2329 4614 2616 4685 θεραπείας,
2645 4613 2715 4673 ὡς
2735 4616 2957 4687 εἴρηται.

555 4707 711 4769 sunt,
732 4708 793 4758 ut
820 4703 1046 4757 dictum
1073 4705 1180 4756 est.

625 4793 788 4850 Vers.
843 4793 931 4852 42.
980 4791 1164 4862 Atqui
1191 4806 1373 4847 unum
1430 4797 1510 4846 est
1556 4791 1898 4847 nessarium.
1932 4788 2213 4846 Videlicet

2392 4791 2529 4854 Ἐνός
2574 4787 2633 4843 δὲ
2683 4789 2798 4843 ἐστι
2858 4794 3040 4863 χρεία.
3103 4797 3210 4853 Τῆς
3272 4790 3557 4866 ἀκροάσεως
3620 4798 3718 4842 τῶν
3779 4788 3912 4863 ἐμῶν

627 4971 676 5010 ⁷⁸
699 4969 896 5028 Matth.
922 4985 1042 5037 xiii,
1075 4968 1160 5024 54.
1240 4970 1288 5006 9‘
1310 4969 1452 5026 Luc.
1486 4984 1540 5035 x,
1587 4970 1678 5024 27.
1756 4969 1804 5006 1⁸
1826 4966 2003 5025 Joan.
2035 4983 2127 5038 xi,
2166 4969 2217 5023 1.

1769 5146 1997 5218 Variae
2031 5145 2359 5216 lectiones
2397 5157 2463 5215 et
2483 5156 2692 5217 notae.

625 5346 740 5428 (8_9)
772 5344 962 5428 Quam
987 5360 1095 5428 nos
1140 5360 1301 5428 nunc
1331 5343 2211 5428 grammaticam‘appellamus.
2327 5360 2492 5426 mum
2529 5343 2892 5428 copiosiores
2917 5344 3340 5428 expositiones
3388 5345 3658 5428 Origenis
3699 5347 3930 5428 partim

551 5415 740 5474 Credo
770 5423 966 5473 autem
1015 5416 1562 5490 interpretationem
1593 5416 1773 5490 hujus
1803 5415 1916 5471 loci
1947 5415 2213 5490 allegori-
2325 5416 2614 5490 omisisse,
2656 5416 2874 5490 partim
2913 5417 2974 5472 in
3017 5415 3452 5490 compendium
3498 5415 3815 5490 redegisse
3867 5420 3934 5478 in

551 5506 687 5562 cam
715 5494 1020 5562 sumptam
1044 5487 1183 5562 esse
1217 5505 1290 5546 ex
1318 5489 1589 5562 Origene,
1635 5488 1942 5562 quisnam
1969 5487 2028 5543 in
2056 5489 2211 5562 hunc
2323 5503 2433 5562 sua
2456 5487 2661 5562 Latina
2680 5489 3068 5562 versione._tn
3095 5487 3241 5562 meo
3259 5489 3616 5562 apographo
3643 5487 3932 5548 codicum

551 5561 748 5616 locum
773 5558 1318 5634 interpretationem
1339 5561 1551 5634 laudat
1579 5558 2095 5634 etattingit,itom.
2122 5560 2208 5624 Ill,
2323 5559 2770 5634 mosquensium
2824 5558 3039 5634 similia
3089 5559 3169 5634 ad
3229 5558 3319 5634 h.‘
3343 5558 3403 5616 l.‘
3429 5558 3728 5632 leguntur,
3785 5576 3932 5634 quin

554 5648 615 5708 ι).
665 5635 789 5687 728.
826 5630 998 5686 Patet
1071 5647 1212 5703 ergo
1265 5632 1356 5688 vel
1411 5647 1485 5688 ex
1529 5631 1644 5690 hoc
1699 5631 1853 5700 loco,
1920 5633 2209 5704 Hierony-
2321 5629 2498 5689 etiam
2536 5629 2763 5687 ibidem
2794 5646 2832 5688 a
2862 5632 3076 5689 Severo
3098 5631 3340 5690 brevius
3365 5629 3741 5708 repetuntur.
