4170 6364
217 357 328 415 969

1316 347 1677 407 COMMENT.
1721 346 1790 400 IN
1833 342 2095 399 LUCAM.
2135 378 2201 386 -
2234 347 2386 404 CAP.
2432 350 2530 404 x1.
3469 352 3600 405 970

222 485 410 556 λόγων.
473 481 546 534 Ού
615 482 716 552 γὰρ
789 481 1066 552 τρυφησων
1133 473 1308 546 ἦλθον,
1389 474 1516 526 ἀλλὰ
1602 467 1833 532 διδάξων

1990 473 2579 530 ieorumauseultatio
2597 491 2958 532 sermonum.
2974 478 3173 549 Neque
3186 475 3368 547 enim,
3385 481 3444 532 ut
3458 493 3602 550 epu-

227 593 386 645 υμαφ

303 667 483 734 Μαρία
563 690 621 698 -
667 658 850 719 αὐτῆς.
909 660 1006 708 Δύο
1064 651 1273 727 μερίδες
1329 653 1581 710 πολιτείας
1643 649 1838 700 ἐπαινε-

230 757 340 816 ταὶ,
405 752 435 808 ἡ
492 752 581 820 μὲν
632 751 917 820 πρακτικὴ,
971 747 1000 802 ἡ
1065 741 1121 796 δέ
1183 745 1491 816 θεωρητική,
1532 742 1738 796 Ταύτας
1786 737 1838 787 αἱ

234 838 334 894 δύο
379 824 534 891 αὗται
587 834 856 890 διείλοντο.
901 836 1093 908 Μάρθα
1143 836 1254 904 μὲν,
1303 837 1396 888 τὴν
1449 833 1762 902 πρακτικὴν,
1791 825 1840 876 ἐν

231 939 309 1000 τῷ
362 925 722 980 διακονεῖσθαι
773 930 888 996 περὶ
940 928 1032 980 τὴν
1084 925 1386 994 σωματικὴν
1437 921 1707 990 θεραπείαν
1751 921 1842 965 τού

238 1023 455 1092 Κυρίον·
513 1021 688 1088 Μαρία
741 1011 818 1078 δε,
868 1018 960 1071 τὴν
1011 1013 1351 1084 θεωρητικὴν,
1411 1008 1458 1060 ὲν
1510 1016 1581 1078 τῷ
1638 1004 1844 1057 ἀκούειν

236 1118 340 1161 τῶν
365 1108 530 1178 λόγων
575 1106 756 1158 αὑτοῦ.
793 1109 893 1156 Καὶ
944 1101 1052 1154 ἐπεὶ
1097 1099 1314 1160 διπλοῦς
1359 1095 1474 1156 in
1527 1099 1769 1168 Χριστὸς,
1812 1094 1841 1150 ἡ

240 1202 334 1269 μεν
376 1195 592 1247 ἀνέπαυε
639 1197 697 1244 τὸ
751 1194 1002 1264 ὁρώμενον
1059 1189 1237 1240 αύτού-
1299 1189 1328 1245 η
1392 1183 1450 1239 δε
1498 1182 1732 1238 ἐδούλευε
1776 1190 1848 1252 τῷ

242 1287 447 1359 ἀοράτῳ
494 1284 674 1335 αὑτοῦ·
730 1283 887 1342 αὐτὸς
919 1276 1000 1347 δὲ,
1043 1287 1136 1340 τῆς
1196 1282 1283 1349 μὲν
1325 1282 1417 1334 τὴν
1449 1277 1742 1349 προθυμίαν
1791 1271 1848 1323 ού

247 1373 480 1436 διέϐαλε,
533 1381 622 1432 τῆς
681 1368 739 1424 δε
799 1376 893 1428 τὴν
947 1373 1248 1441 προαίρεσιν
1305 1365 1537 1437 ἐπῄνεσε.
1604 1371 1710 1424 Τῆς
1761 1363 1849 1432 μὲν

239 1469 345 1537 γὰρ
395 1467 452 1515 τὸ
522 1465 687 1535 ἔργον,
745 1464 1179 1533 χρησιμώτατον
1241 1464 1337 1516 τῆς
1405 1451 1462 1506 δε
1527 1455 1638 1525 (90)
1711 1449 1852 1521 υψη-

243 1555 472 1618 λὸτερον.

325 1734 390 1781 Σύ
432 1725 510 1795 δε,
564 1728 624 1785 ἣν
676 1725 872 1798 βούλει,
923 1729 1178 1797 μίμησαι,
1212 1724 1272 1781 ἣν
1315 1724 1558 1795 θεράπευε
1596 1725 1653 1772 τὸ
1705 1729 1856 1792 σῶμα

1947 558 2048 629 ler,
2073 560 2222 626 veni,
2259 561 2361 617 sed
2394 567 2457 618 ut
2481 578 2583 619 vos
2621 563 2895 621 doceam.

2022 649 2178 704 Vers.
2230 654 2318 706 42.
2369 651 2557 708 Μανία
2588 670 2758 709 —ea.
2797 657 2933 710 Dum
2962 658 3160 727 partes
3203 648 3601 712 conversatio—

1949 737 2044 792 nis
2067 738 2398 795 laudabiles
2417 747 2570 807 sunt,
2597 758 2814 814 nempe
2843 745 3105 816 praetica
3121 745 3244 800 sive
3271 745 3597 817 operativa,

1951 833 2008 881 et
2036 827 2296 883 Iheoriea
2326 829 2447 884 sive
2465 832 2964 903 contemplativa;
3005 832 3119 888 has
3175 833 3310 889 duae
3366 849 3603 889 sorores

1953 915 2081 971 istas
2103 915 2439 986 elegerant:
2487 919 2714 974 Martha
2735 920 2980 992 quidem
3031 919 3408 992 Operativam,
3438 922 3606 977 mini-

1956 1005 2200 1061 strando
2222 1007 2378 1061 circa
2400 1008 2708 1080 corporale
2733 1009 2964 1064 Domini
2988 1009 3345 1082 obsequium
3374 1026 3387 1076 ;
3426 1009 3607 1066 Maria

1957 1109 2097 1150 vero
2121 1097 2670 1168 contemplativam,
2717 1097 3019 1152 audiendo
3072 1114 3377 1154 sermones
3426 1097 3606 1153 illius.

1962 1186 2026 1239 Et
2057 1200 2201 1257 quia
2220 1185 2534 1258 bipartitus
2567 1192 2691 1244 erat
2718 1187 3004 1256 Christus,
3032 1187 3130 1243 illa
3170 1188 3411 1261 quidem
3460 1189 3608 1244 refo-

1959 1273 2200 1329 cillabat
2239 1280 2469 1345 partem
2496 1276 2625 1346 ejus
2654 1275 2968 1342 visibilem,
2992 1276 3118 1332 haec
3153 1282 3351 1333 autem
3378 1275 3612 1333 colebat

1959 1368 2189 1434 partem
2211 1363 2338 1432 ejus
2366 1363 2722 1419 invisibilem
2757 1382 2769 1419 :
2816 1364 2944 1436 ipse
2978 1381 3118 1421 vero
3165 1365 3322 1421 illius
3363 1365 3612 1438 quidem

1961 1451 2490 1523 promptitudinem
2519 1469 2638 1508 non
2667 1454 3232 1525 vituperavit,hujus
3265 1459 3464 1511 autem
3496 1453 3615 1510 ele-

1961 1541 2850 1615 ctionemlaudavit.Siquidem
2877 1543 3032 1598 illius
3065 1559 3221 1615 opus
3275 1543 3416 1600 utile
3459 1547 3613 1600 certe

1965 1629 2296 1685 admodum
2324 1635 2468 1696 erat,
2502 1630 2680 1702 hujus
2706 1636 2905 1687 tamen
2961 1631 3298 1688 sublimius.

2036 1720 2120 1774 Tu
2139 1733 2302 1788 ergo,
2333 1734 2506 1789 quam
2536 1718 2786 1775 volueris
2817 1719 3070 1789 imitare,
3094 1726 3197 1776 aut
3233 1737 3438 1777 curam
3461 1719 3617 1777 habe

252 1827 346 1871 τού
389 1823 602 1892 Κυρίου,
645 1816 777 1886 λέγω
823 1812 914 1875 δὴ,
964 1817 1082 1873 τούς
1136 1814 1402 1882 πτωχούς.
1436 1811 1543 1881 Ἐφ’
1575 1812 1694 1862 ὅσον
1734 1813 1854 1881 γὰρ,

1990 1807 2228 1878 :orporis
2256 1807 2512 1872 Domiui,
2540 1807 2675 1864 dico
2705 1824 2848 1864 sane
2877 1825 3212 1880 pauperum
3231 1812 3400 1865 .Nam
3423 1815 3619 1881 quate-

259 1913 440 1979 φησιν,
532 1905 813 1962 ἐποιὴσατε
898 1903 968 1955 ἐνὶ
1053 1904 1246 1953 τούτων
1340 1908 1438 1951 τῶν
1544 1898 1856 1970 ἐλαχίστων,

253 1995 371 2068 ἐμοὶ
425 1995 727 2052 ἐποιήσατε.
790 1994 818 2051 ἡ
875 1991 1108 2062 ἀσχολου
1154 1995 1271 2062 περὶ
1317 1994 1409 2047 την
1462 1987 1712 2061 ἀκρᾳασιν
1761 1997 1859 2038 τῶν

251 2086 418 2155 λόγων
452 2084 632 2146 αὐτοῦ,
665 2087 783 2156 περὶ
813 2085 902 2139 τὴν
948 2083 1163 2152 θεωρίαν
1213 2087 1311 2129 τῶν
1357 2075 1632 2149 δογμάτων
1678 2077 1858 2128 αύτού⁶

255 2175 286 2232 ἢ
346 2178 434 2224 καὶ
490 2171 754 2244 ἀμφότερα
810 2174 1088 2244 μετέρχου,
1151 2172 1284 2219 κατὰ
1336 2171 1452 2226 τούς
1509 2171 1864 2239 προσήκοντας

255 2265 447 2336 καιρὸύ
458 2283 496 2322 ς.

332 2358 437 2409 Τὴν
494 2351 694 2422 ἀγαθὴν
755 2346 812 2401 δε
865 2345 1058 2420 μερίδα
1115 2343 1269 2409 εἶπεν,
1320 2346 1424 2416 οὐχ
1464 2349 1532 2407 ὡς
1566 2353 1661 2406 τῆς
1708 2344 1866 2406 ἄλλης

258 2448 492 2514 πονηρᾶς
567 2443 750 2503 οὔσης,
829 2436 934 2488 ἀλλ’
1009 2436 1207 2506 ἀγαθὴν
1271 2434 1502 2486 ἐνταύθα-
1546 2440 1636 2492 τὴν
1698 2439 1867 2506 κρείτ-

258 2551 387 2584 τονα
443 2531 725 2600 ὠνόμασεν.
792 2523 1099 2598 Ἐνδέχεται
1162 2527 1263 2596 γὰρ
1324 2521 1418 2576 δύο
1479 2524 1645 2576 καλῶν
1705 2528 1762 2575 τὸ
1820 2523 1868 2575 ἓν

261 2618 390 2674 εἶναι
445 2617 675 2672 κάλλιον.
716 2615 882 2668 Καλὸν
941 2618 1028 2687 μὲν
1069 2618 1170 2687 γαρ
1222 2618 1278 2666 τὸ
1333 2613 1620 2684 φιλοξενεῐν·
1663 2613 1869 2664 κάλλιον

262 2707 326 2762 δὲ
362 2712 418 2760 τὸ
459 2703 793 2779 παρεδρεύειν
829 2711 965 2773 Θεῷ.
1009 2706 1078 2755 Τὸ
1109 2706 1197 2774 μὲν
1228 2706 1329 2775 γὰρ
1373 2706 1684 2774 σωματικόν·
1722 2705 1777 2754 τὸ
1811 2698 1869 2753 δὲ

271 2800 642 2869 πνευματικόν,

663 2889 808 2936 ΚΕΦ.
838 2878 968 2934 AH’.
1004 2885 1126 2953 Περὶ
1150 2889 1475 2953 προσευχῆς.

347 2978 448 3026 Καὶ
504 2971 695 3042 ἐγένετο
752 3002 817 3012 --
869 2970 1051 3022 αὐτοῦ.
1102 2969 1265 3031 Οὗτος
1315 2972 1340 3021 ὁ
1391 2972 1630 3042 μαθητὴς
1684 2968 1737 3020 ἐκ
1775 2978 1872 3021 τῶν

272 3058 636 3133 ἐϐδομήκοντα
686 3056 766 3118 ἧν.
827 3063 956 3117 Τούς
1007 3062 1107 3130 γὰρ
1157 3055 1366 3110 δώδεκα
1418 3056 1656 3120 ἐδίδαξεν
1710 3058 1756 3110 ἐν
1801 3068 1871 3128 τῳ

269 3156 490 3223 πέμπτῳ
519 3149 775 3220 κεφαλαίῳ
807 3157 896 3200 τον
942 3151 1074 3198 κατὰ
1117 3150 1402 3202 Ματθαῖον.
1457 3145 1599 3200 ’ἰδὼν
1642 3152 1742 3222 γὰρ
1788 3153 1872 3199 τὸν

271 3236 600 3292 διδάσκαλον
631 3243 814 3295 καινὴν
847 3237 1104 3288 πολιτείαν
1129 3243 1216 3293 καὶ
1245 3240 1357 3308 (9|)
1383 3243 1755 3311 μετερχόμενον
1787 3246 1875 3289 καὶ

726 3326 952 3389 ἐζήτησε

271 3421 504 3488 πολιτεία
534 3415 878 3472 κατάλληλον,
918 3415 973 3467 Ὀ
1025 3412 1102 3479 δε,
1138 3417 1197 3473 ἦν
1248 3412 1461 3477 ἐδίδαξε
1492 3420 1612 3476 τούς
1644 3412 1872 3481 δώδεκα,

269 3509 468 3562 ταύτην
498 3510 587 3558 καὶ
618 3513 704 3556 νῦν
745 3504 1024 3556 ἐκτίθεται.

269 3331 655 3400 ὑποτιθέμενον,
726 3331 952 3389 ἐζήτησε
1028 3331 1111 3377 καὶ
1185 3331 1366 3384 καινὴν
1426 3332 1749 3399 προσευχὴν,
1811 3335 1870 3398 τῇ

353 3680 476 3735 Εἷπε
534 3713 597 3723 —-
665 3690 915 3755 πονηροῦ.

280 3775 416 3822 κατὰ
461 3775 518 3823 τὸ
575 3773 729 3845 ῥητὸν
783 3771 830 3824 ἐν
881 3781 950 3841 τῷ
993 3768 1277 3828 δηλωθέντι
1334 3775 1548 3843 πέμπτῳ
1601 3772 1875 3842 κεφαλαίῳ.

284 3859 343 3912 Εἰ
419 3855 478 3912 δὲ
534 3867 623 3912 καὶ
681 3861 836 3923 λέξεις

279 3947 390 4000 ἀλλ’
419 3945 507 4000 οὖν
545 3954 638 4006 τὴν
679 3950 839 4007 αύτὴν
883 3955 972 4001 καὶ
1022 3949 1176 4000 αὗται
1229 3953 1496 4019 σημασίαν
1542 3949 1879 4020 φυλάττουσι,

911 3865 1037 3920 τινες
1121 3859 1342 3911 ἐνταῦθα
1411 3859 1767 3932 παραλλάττον
1780 3879 1878 3926 σιν,

277 4043 368 4090 καὶ
397 4037 466 4100 εἰς
514 4043 607 4096 τὴν
649 4040 828 4110 ὁμοίαν
875 4039 1144 4111 ἑρμηνείαν
1197 4039 1528 4109 συνάγονται.
1563 4034 1785 4100 Διδαξας
1826 4036 1884 4091 δε

277 4129 697 4200 προσεύχεσθαι,
732 4125 902 4190 δεῖξαι
935 4126 1197 4199 βούλεται,
1238 4132 1324 4178 καὶ
1363 4130 1442 4180 ὃτι
1474 4129 1502 4184 ἡ
1548 4126 1760 4199 ἐπιμονὴ
1792 4135 1886 4188 τῆς

277 4224 589 4288 προσευχῆς
644 4214 783 4267 ἀνύει
843 4219 896 4267 τὸ
962 4211 1410 4286 σπουδαζόμενον,
1481 4221 1569 4267 καὶ
1626 4221 1888 4290 κέχρηται

279 4303 551 4378 παραϐολῇ
611 4310 923 4378 παριστώσῃ
975 4312 1144 4357 τοῦτο.
1205 4311 1598 4380 Περιεργοτερον
1646 4302 1704 4358 δὲ
1753 4305 1883 4363 αὕτη

285 4393 714 4465 συμπέπλασται,
750 4394 830 4445 ἵνα
861 4399 948 4446 καὶ
979 4395 1054 4452 εἰη
1089 4395 1430 4470 πιθανωτέρα.

362 4574 463 4622 Καὶ
489 4567 594 4622 εἶπε
617 4600 687 4612 -
717 4570 879 4642 αύτῷ.
907 4577 1143 4646 Χρῆσον,
1172 4574 1308 4637 ἦτοι,
1341 4567 1580 4625 δάνεισον
1611 4572 1745 4644 (92).

366 4747 608 4810 Κάκεῖνος
677 4780 747 4791 -
823 4769 930 4806 σοι.
1002 4753 1136 4802 Φασί
1212 4769 1346 4812 τινες
1416 4749 1750 4823 ἁναγωγικῶς
1815 4754 1894 4804 ὅτι

289 4844 482 4888 νοεῖται
529 4838 677 4910 ’φίλος
743 4842 832 4911 μὲν
903 4840 928 4890 ὁ
982 4837 1337 4914 φιλάνθρωπος
1397 4845 1526 4902 Θεὸς
1559 4859 1569 4869 ·
1622 4842 1894 4912 πορεύεται

293 4922 356 4978 δὲ
408 4929 532 4999 πρὸς
583 4927 734 4979 αὐτὸν
786 4932 1128 4999 μεσονυκτίου
1175 4933 1266 4980 καὶ
1314 4928 1450 4981 αἰτεῖ
1501 4937 1635 5002 τρεῖς
1682 4931 1892 5002 οῖρτους,

289 5017 318 5068 ὁ
360 5018 507 5088 παρὰ
527 5019 612 5068 τὸν
641 5021 976 5092 προσήκοντα
1017 5021 1198 5092 καιρὸν
1238 5018 1394 5070 αἰτῶν
1424 5026 1561 5091 τρεῖς
1615 5019 1892 5090 θεολογίας,

289 5107 494 5180 Πατρός
533 5111 624 5158 καὶ
667 5108 791 5158 Υἰοῡ
841 5111 931 5159 καὶ
980 5106 1130 5180 ἁγὶοῦ
1185 5109 1496 5182 Πνεύματος,
1558 5110 1642 5161 ἶνα
1685 5111 1894 5184 παραϐῇ

366 5257 418 5292 ⁷⁷
449 5256 648 5314 Matth.
680 5273 806 5325 xxv,
841 5261 928 5315 40.

1001 3682 1429 3755 Ἠρμηνεύθησαν
1493 3691 1657 3734 ταῦτα
1713 3686 1881 3734 πάντα
1955 3683 1969 3690 ’

1968 1913 2098 1964 nus,
2140 1897 2351 1968 inquit,
2377 1896 2483 1951 uni
2533 1897 2604 1952 de
2668 1897 2754 1954 his
2784 1897 3036 1954 minimis
3081 1899 3323 1966 fecistis,
3381 1905 3430 1953 et
3474 1897 3621 1953 mihi

1965 1985 2183 2054 fecistis
2249 1985 2316 2036 ⁷⁷.
2373 1987 2485 2040 Aut
2548 2000 2842 2057 occupare
2914 1986 3070 2040 circa
3123 1987 3620 2041 auscultationem

1973 2088 2320 2128 sermonum
2349 2072 2552 2143 ipsius,
2587 2074 2739 2130 circa
2777 2072 3337 2145 contemplationem
3376 2074 3624 2144 dogma-

1974 2168 2101 2218 tum
2139 2162 2314 2218 illius.
2343 2164 2458 2218 Aut
2495 2164 2675 2220 etiam
2721 2170 3042 2236 utrumque
3089 2179 3296 2220 exerce
3345 2163 3625 2234 congruis

1978 2251 2368 2323 temporibus.

2045 2343 2268 2396 Bonam
2296 2355 2432 2396 vero
2463 2345 2694 2412 partem
2732 2341 2896 2405 dixit,
2938 2357 3059 2397 non
3091 2341 3253 2414 quod
3267 2341 3452 2398 altera
3466 2342 3629 2398 mala

1977 2433 2051 2486 sit
2078 2455 2089 2485 :
2124 2431 2229 2486 sed
2252 2432 2469 2485 bonam
2495 2429 2592 2485 hic
2618 2430 2940 2502 appellavit
2970 2447 3103 2486 eam
3130 2447 3261 2503 quae
3295 2431 3502 2486 melior
3518 2435 3627 2486 est.

1977 2521 2172 2576 Potest
2196 2519 2352 2574 enim
2383 2518 2532 2585 ﬁeri,
2561 2524 2623 2574 ut
2652 2520 2901 2574 duorum
2935 2519 3236 2575 bonorum
3266 2536 3450 2575 unum
3487 2519 3630 2576 alte-

1979 2625 2045 2664 ro
2059 2605 2270 2663 melius
2294 2609 2387 2662 sit.
2407 2606 2639 2662 Bonum
2655 2607 2954 2680 siquidem
2976 2613 3080 2674 est,
3100 2608 3456 2680 hospitalem
3471 2623 3627 2674 esse,

1979 2713 2188 2752 verum
2211 2695 2422 2751 melius
2435 2701 2541 2761 est,
2561 2699 2677 2751 Deo
2693 2697 2952 2752 assidere
2980 2714 2992 2752 :
3012 2696 3160 2753 illud
3172 2697 3331 2754 enim
3353 2713 3631 2769 corpora-

1979 2786 2032 2842 le
2062 2791 2168 2851 est,
2199 2784 2315 2841 hoc
2357 2791 2558 2840 autem
2619 2784 2954 2856 spirituale.

2334 2875 2486 2930 CAP.
2547 2875 2816 2931 XXXVIII.
2864 2877 2948 2932 De
2989 2877 3272 2933 oratione.

2055 2964 2211 3022 CAP.
2239 2965 2323 3020 XI.
2356 2963 2515 3020 Vers.
2552 2969 2595 3019 I.
2628 2963 2859 3020 Accidit
2886 2973 3071 3021 autem
3097 2981 3331 3022 —suos.
3363 2965 3635 3039 Discipu—

1982 3055 2074 3110 lus
2098 3054 2192 3109 hic
2222 3059 2346 3109 erat
2375 3070 2448 3109 ex
2479 3054 2878 3125 septuaginta.
2903 3057 3049 3109 Nam
3073 3054 3390 3110 duodecim
3412 3053 3630 3112 docue-

1906 3173 1949 3230 ρ
1982 3151 2074 3199 rat
2102 3144 2310 3215 quinto
2336 3143 2527 3214 capite
2547 3142 2848 3212 Evangelii
2869 3142 3040 3213 juxta
3077 3144 3434 3199 Matthaaum.
3485 3141 3635 3199 Cum

1987 3233 2207 3288 videret
2237 3233 2394 3287 enim
2422 3240 2847 3303 praeceptorem
2880 3247 3102 3287 novum
3145 3235 3276 3287 vitae
3305 3233 3634 3288 institutum

1985 3328 2043 3378 et
2067 3337 2339 3377 exercere
2362 3320 2778 3376 etadmonere:
2807 3337 3023 3376 novam
3048 3337 3284 3394 quoque
3303 3322 3634 3378 orationem

1985 3410 2277 3483 quaesivit,
2382 3411 2511 3464 vita;
2587 3410 2783 3465 studio
2858 3409 3331 3466 convenientem.
3406 3412 3476 3466 At
3542 3409 3637 3466 ille

1987 3514 2171 3570 quam
2199 3500 2362 3570 ipsos
2385 3498 2702 3554 duodecim
2737 3498 3040 3564 docuerat,
3073 3499 3229 3554 hanc
3255 3500 3432 3555 etiam
3478 3514 3638 3555 nunc

1989 3588 2254 3660 exponit.

2062 3679 2224 3732 Vers.
2257 3683 2308 3732 2.
2343 3679 2441 3733 Ait
2479 3708 2548 3718 —
2574 3677 2744 3734 Vers.
2768 3680 2820 3732 4.
2870 3679 3045 3734 malo.
3095 3679 3317 3734 Horum
3366 3679 3640 3735 omnium

1992 3766 2067 3822 ad
2095 3766 2341 3822 verbum
2371 3767 2512 3822 data
2550 3771 2640 3822 est
2671 3768 3067 3839 interpretatio
3090 3767 3376 3838 praedicto
3427 3767 3640 3840 quinto

1992 3856 2204 3927 capite.
2230 3857 2400 3921 Quod
2421 3857 2470 3911 si
2486 3855 3068 3926 dictionesquaadam
3089 3855 3185 3911 hic
3206 3862 3641 3927 permutantur,

1994 3945 2273 4002 eamdem
2298 3951 2501 4000 tamen
2532 3950 2587 3999 et
2616 3944 2735 3999 istzc
2779 3951 3018 4000 servant
3046 3944 3561 4014 signiﬁcationem,
3586 3951 3646 4001 et

1995 4036 2056 4091 in
2079 4033 2331 4090 similem
2353 4034 3294 4106 conveniuntiuterpretationem.
3328 4034 3645 4106 Postquam

1997 4130 2195 4180 autem
2223 4141 2390 4179 orare
2411 4125 2628 4188 docuit,
2664 4124 2788 4178 vult
2839 4125 3172 4188 ostendere,
3224 4124 3384 4196 quod
3432 4124 3647 4180 oratio‘

1997 4216 2088 4270 nis
2115 4214 2556 4285 perseverantia
2579 4212 2781 4268 tribuit
2807 4213 2888 4282 id,
2919 4212 3078 4284 quod
3118 4214 3254 4285 quis
3307 4213 3526 4285 expetit
3551 4229 3564 4279 ;
3594 4219 3651 4270 et

1998 4302 2290 4374 parabola
2345 4318 2483 4357 usus
2532 4307 2639 4369 est,
2688 4318 2824 4374 quae
2875 4303 2990 4357 hoc
3053 4302 3441 4368 demonstret,
3510 4317 3649 4374 qum

2000 4392 2178 4448 etiam
2229 4391 2564 4448 accuratius
2609 4392 2866 4448 formata
2914 4398 3022 4455 est,
3064 4399 3126 4448 ut
3204 4391 3652 4463 persuasibilior

2000 4482 2306 4538 reddatur.

2072 4572 2236 4627 Vers.
2287 4578 2334 4626 ὅ.
2363 4570 2437 4625 Et
2477 4569 2635 4625 dixit
2695 4602 2759 4613 -
2809 4570 2975 4625 Vers.
3033 4577 3084 4624 6.
3141 4570 3259 4625 illi.
3317 4569 3651 4626 Commoda

2004 4677 2112 4718 seu
2144 4666 2354 4716 mutuo
2391 4659 2493 4714 da.
2943 4668 2945 4670 '

2073 4750 2233 4806 Vers.
2259 4751 2314 4806 7.
2346 4749 2421 4804 Et
2447 4748 2553 4804 itte
2581 4779 2641 4788 —-
2664 4747 2786 4802 tibi.
2819 4747 3027 4802 Dicunt
3048 4747 3299 4819 quidam
3350 4763 3454 4819 per
3512 4748 3653 4804 ami-

2003 4856 2143 4896 cum
2157 4839 2483 4910 anngogice
2509 4841 2690 4892 Deum
2706 4836 2947 4906 intelligi
2962 4838 3277 4892 hominum
3295 4842 3652 4894 amatorem.

2006 4929 2176 4984 Vadit
2200 4935 2400 4984 autem
2432 4926 2508 4982 ad
2539 4927 2737 4998 ipsum
2779 4925 2978 4982 media
3035 4930 3206 4981 nocte
3247 4932 3301 4982 et
3349 4927 3492 4998 petit
3540 4931 3658 4983 tres

2007 5033 2216 5090 panes,
2249 5017 2354 5089 qui
2376 5015 2750 5071 eonvenienti
2768 5023 3034 5086 tempore
3069 5016 3214 5086 petit
3253 5015 3534 5088 triplicem
3569 5015 3659 5072 di-

2011 5109 2221 5164 vinum
2249 5121 2600 5173 sermonem,
2632 5105 2825 5162 Patris
2853 5104 3124 5162 videlicet
3157 5111 3213 5161 et
3237 5105 3359 5162 Filii
3384 5121 3456 5166 ac
3487 5106 3664 5183 Spiri-

1481 5361 1742 5430 uVariaa
1781 5359 2110 5429 lectiones
2150 5372 2216 5429 et
2245 5370 2426 5428 notae

367 5524 486 5598 (90)
524 5533 632 5590 Τῆς
662 5524 721 5580 at
750 5531 807 5581 τό
837 5528 897 5582 Β.

371 5600 485 5667 (9t)
520 5604 620 5652 Καὶ
645 5600 815 5656 abest
842 5601 907 5654 A.

363 5669 482 5746 (92)
511 5673 645 5727 Hac
674 5670 787 5728 tria
814 5669 1113 5728 vocabula
1132 5671 1672 5732 omisitHentenius
1687 5677 1744 5732 et
1774 5677 1902 5732 tex-

593 5769 812 5824 PATROL
851 5770 953 5826 Gn.
997 5768 1241 5826 CXXIX.

2015 5537 2140 5588 tum
2165 5530 2421 5604 junctim
2447 5529 2673 5588 eddidit
2724 5547 2762 5595 a
2806 5530 3021 5604 quinto
3046 5533 3124 5590 ad
3171 5535 3496 5609 septimum
3537 5547 3672 5590 ver-

2020 5620 2174 5661 sum.

3215 5775 3281 5832 31
