4170 6364
593 308 694 374 971

1943 305 2290 369 EUTHYMII
2340 295 2706 372 ZIGABENI

3883 324 3993 383 972

589 446 684 497 tus
715 439 929 504 sancti,
957 446 1019 496 ut
1045 442 1315 514 apponat
1344 437 1541 496 amico
1585 439 1684 512 qui
1719 439 1799 496 ad
1853 456 1914 495 se
1969 440 2128 495 venit
2170 439 2239 494 de

2357 440 2524 502 αὐτὰς
2568 432 2696 514 φίλῳ
2740 447 3128 517 παραγενομένῳ
3175 447 3304 518 πρὸς
3351 445 3507 498 αὐτὸν
3554 446 3610 500 ἐκ
3657 457 3753 501 τοῦ
3811 449 3990 504 ἀστά-

589 527 876 585 instabilii
906 544 977 584 ac
993 528 1346 584 conculcata
1368 527 1485 594 via,
1531 533 1586 584 et
1620 528 1970 601 hujusmodi
2028 528 2248 598 indiget

590 617 745 682 cibo.
790 616 1084 673 Caeterum
1134 616 1288 673 Deus
1336 615 1515 685 intus,
1561 617 1682 672 sive
1741 615 2112 672 invisibiliter
2161 631 2247 672 re-

590 705 862 778 spondet,
894 704 1020 762 Noli
1052 705 1198 761 mihi
1223 704 1497 761 molestus
1521 721 1653 761 esse
1681 706 1843 777 :jam
1867 706 2078 761 ostium
2101 704 2248 760 divi-

591 793 653 851 ni
684 794 978 850 sermonis
998 793 1272 850 clausum
1301 798 1409 860 est,
1443 794 1714 851 nondum
1745 801 1977 868 tempus
2004 800 2089 850 est
2139 794 2246 849 hu-

586 883 856 956 jusmodi
885 884 1114 955 gratim.

663 1064 731 1119 Et
786 1067 999 1119 caetera
1052 1062 1229 1120 etiam
1282 1079 1412 1136 quae
1463 1063 1522 1119 in
1563 1062 1856 1136 parabola
1889 1066 2240 1136 sequuntur,

563 1151 786 1209 ‘conati
809 1159 947 1207 sunt
972 1152 1214 1224 quidam
1241 1152 1356 1208 huc
1379 1153 1663 1209 reducere
1692 1155 1819 1224 (zz),
1879 1168 1987 1208 nec
2038 1161 2241 1224 potue-

587 1247 724 1297 runt
750 1257 859 1297 suo
873 1246 1076 1314 aptare
1095 1257 1200 1314 pro
1210 1242 1402 1314 posito
1422 1259 1434 1308 ;
1453 1242 1671 1298 idcirco
1696 1243 1912 1298 horum
1925 1252 2238 1313 anagogen

591 1333 880 1402 tanquam
910 1330 1106 1386 minus
1161 1331 1632 1395 convenientem,
1686 1331 1959 1404 praeterii,
2007 1330 2238 1395 videns,

586 1420 755 1492 quod
781 1419 860 1476 ad
889 1420 1225 1492 emphasim
1253 1423 1590 1494 composita
1612 1421 1754 1485 sint,
1789 1427 1849 1476 ut
1873 1419 2241 1476 rationabilis

587 1508 862 1564 videatur
876 1508 1160 1582 repulsio.
1190 1513 1354 1566 Pater
1375 1525 1659 1582 namque,
1682 1510 1785 1582 qui
1809 1525 1942 1564 cum
1960 1509 2096 1564 ﬁliis
2121 1509 2243 1562 suis

587 1597 826 1663 dormit,
859 1598 1278 1654 rationabiliter
1293 1606 1528 1654 recusat
1543 1599 1957 1670 intempestive
1979 1613 2240 1668 surgere,

587 1701 662 1746 ne
688 1686 822 1743 illos
847 1687 1305 1760 expergefaciat.
1327 1696 1579 1760 Apparet
1600 1694 1800 1744 autem
1823 1688 1958 1742 mihi
1975 1693 2092 1744 tota
2112 1687 2242 1742 haec

586 1777 896 1850 proposita
921 1777 1212 1849 parabola
1242 1777 1385 1832 nihil
1436 1777 1600 1832 aliud
1643 1777 2076 1842 demonstrare,
2131 1777 2243 1832 nisi

585 1866 932 1944 petitionem
963 1882 1094 1921 esse
1126 1867 1383 1921 maxime
1425 1867 1826 1922 necessariam
1857 1873 1912 1921 et
1960 1855 2243 1938 repulsio¥

586 1970 726 2010 nem
757 1969 888 2010 esse
908 1954 1317 2026 justissimam,
1355 1961 1413 2010 ut
1457 1955 1731 2010 videatur
1763 1960 2001 2027 propter
2051 1970 2242 2026 perse-

584 2044 914 2099 verantiam
943 2043 1252 2100 exauditus
1277 2060 1407 2099 esse
1434 2043 1503 2110 is,
1532 2043 1815 2116 quipetit,
1851 2049 1909 2100 et
1936 2044 2243 2115 persuasi-

585 2130 725 2187 bilis
755 2131 861 2187 ﬁat
889 2131 963 2187 ad
974 2132 1242 2187 monitio.

661 2221 818 2276 Vers.
844 2223 896 2275 8.
923 2220 1048 2276 Dico
1074 2251 1143 2261 —
1172 2237 1314 2292 opus
1333 2221 1534 2292 fuerit.
1567 2221 1686 2276 Hoc
1737 2226 1844 2287 est,
1891 2220 2062 2292 cujus
2111 2235 2241 2291 gra-

586 2309 669 2366 tia
685 2307 814 2364 haec
827 2308 1113 2380 parabola
1123 2312 1278 2366 facta
1291 2315 1397 2366 est.
1417 2310 1864 2382 lmprobitatem
1881 2317 2098 2376 tamen,
2115 2309 2239 2366 sive

585 2398 1044 2472 impudentiam,
1075 2405 1246 2456 vocat
1293 2400 1704 2458 assiduitatem
1740 2415 1811 2456 ac
1858 2415 2243 2472 perseveran-

555 2488 562 2496 ’
586 2489 734 2546 tiam
760 2488 1058 2561 pettionis.

659 2578 820 2634 Vers.
849 2580 902 2633 9.
935 2579 1011 2634 Et
1037 2593 1174 2649 ergo
1204 2609 1272 2619 —
1296 2578 1461 2634 Vers.
1493 2583 1581 2636 10.
1628 2580 1948 2648 aperietur.
2000 2581 2126 2635 Haec
2168 2579 2240 2634 si-

557 2666 562 2672 ’
588 2667 805 2724 militer
832 2667 976 2738 ipsis
1004 2685 1238 2740 quoque
1269 2669 1588 2724 duodecim
1619 2668 1918 2741 praecepit,
1946 2668 2236 2740 quemad-

590 2756 841 2812 modum
887 2757 1122 2828 scripsit
1177 2759 1480 2812 Matthasus
1521 2758 1733 2830 quinto
1793 2757 2023 2830 capite:
2053 2771 2110 2812 et
2157 2757 2237 2812 ibi

589 2860 790 2918 quaere
819 2845 1258 2901 enarrationem
1289 2847 1514 2916 optime
1547 2847 1844 2902 traditam.

660 2936 818 2989 Vers.
853 2935 939 2988 ll.
984 2934 1125 3001 Quis
1155 2965 1206 2973 —
1255 2936 1411 2990 Vers.
1445 2937 1851 3005 -l2.scorpium
1877 2936 1904 2992 ?
1932 2935 2013 2990 lbi
2057 2934 2237 2990 etiam

588 3022 663 3079 de
687 3022 780 3078 his
806 3028 1239 3095 consequenter
1268 3023 1550 3079 invenies.
1593 3015 1596 3017 Α

657 3113 822 3168 Vers.
855 3113 941 3208 ita.
1077 3127 1206 3184 ergo
1238 3143 1307 3208 —.
1325 3128 1386 3169 se
1422 3113 1449 3169 ‘I
1471 3112 1747 3170 Similiter
1763 3112 2027 3208 etdehis,
2050 3111 2250 3208 ’Μελ-1⁵05,
2269 3151 2309 3208 C

588 3217 723 3259 vero
743 3217 846 3256 eos
884 3200 1043 3266 dixit,
1073 3216 1193 3256 non
1222 3201 1417 3257 solum
1447 3207 1687 3275 propter
1717 3219 1963 3258 causam
1983 3202 2065 3257 ibi
2122 3201 2237 3256 dic-

589 3295 733 3356 tam,
761 3289 866 3346 sed
891 3290 1071 3345 etiam
1101 3296 1340 3363 propter
1376 3290 1712 3348 humanam
1758 3297 2058 3357 naturam,
2110 3307 2240 3363 qua:

587 3379 834 3436 malitias
866 3395 1050 3451 capax
1081 3385 1280 3436 creata
1325 3385 1432 3436 est.

755 3467 910 3524 CAP.
941 3468 1190 3524 XXXIX.
1220 3468 1304 3525 De
1331 3470 1501 3541 ejecta
1558 3469 1850 3526 dwmom’o
1899 3477 2076 3526 muto.

659 3556 820 3613 Vers.
868 3557 957 3613 14.
995 3557 1073 3612 Et
1101 3588 1170 3598 —
1198 3564 1448 3615 mutum.
1479 3562 1592 3614 Nec
1619 3559 1820 3631 ipsum
1861 3558 2236 3631 loquebatur,

590 3645 684 3702 vel
713 3646 1017 3710 audiebat,
1046 3663 1157 3703 nec
1187 3647 1495 3704 hominem
1524 3648 1952 3720 sinebatloqui,
1972 3647 2242 3704 velaudi-

587 3751 686 3794 re:
724 3750 836 3790 non
862 3751 934 3791 ex
968 3741 1202 3802 natura,
1246 3737 1350 3792 sed
1389 3752 1462 3792 ex
1513 3737 1759 3792 malitia.
1800 3737 1990 3809 Hujus
2041 3743 2236 3792 autem

590 3826 755 3899 apud
793 3825 1126 3882 Matthaeum
1168 3825 1326 3882 facta
1351 3833 1438 3881 est
1486 3827 1706 3882 mentio
1751 3827 1985 3882 decimo
2025 3832 2236 3882 octavo

585 3915 793 3988 capite,
827 3916 886 3970 in
911 3931 1033 3988 quo
1064 3915 1137 3971 de
1162 3916 1294 3986 ipso
1323 3915 1628 3972 manifeste
1660 3916 2031 3988 disputatum
2055 3921 2161 3972 est.

657 4005 910 4060 Vers.”.
943 4005 1193 4060 Factum
1224 4011 1306 4061 est
1338 4036 1406 4046 -—
1437 4006 1646 4061 turbae.
1683 4005 1771 4061 Ibi
1804 4006 1971 4062 etiam
2017 4006 2092 4062 de
2145 4007 2236 4062 his

585 4095 811 4152 dictum
854 4099 960 4149 est.

655 4183 818 4239 Vers.
850 4183 938 4237 15.
965 4181 1216 4248 Quidam
1272 4214 1338 4223 —
1369 4183 1677 4240 daemonia.
1728 4184 2004 4240 Similiter
2056 4189 2113 4241 et
2160 4187 2234 4242 de

582 4271 700 4328 his.
733 4271 1008 4328 Pharisaei
1035 4277 1237 4329 autem
1272 4272 1386 4329 hoc
1430 4273 1726 4339 dixerunt,
1769 4274 1948 4330 veluti
2003 4276 2237 4349 scripsxt

582 4362 913 4420 Mattheus.

655 4451 822 4511 Vers.
856 4453 941 4510 16.
972 4453 1096 4509 Alii
1136 4483 1204 4492 -—
1233 4453 1393 4509 caelo.
1445 4454 1574 4508 Non
1621 4469 1778 4510 nunc
1823 4460 2077 4522 tantum,
2129 4458 2266 4534 sed_

582 4542 918 4616 frequenter
945 4544 1058 4600 hoc
1079 4541 1359 4608 fecerunt,
1394 4543 1544 4598 sicut
1565 4543 1695 4600 aliis
1729 4545 1978 4602 Matthaei
2031 4535 2254 4620 capitiJ

581 4633 696 4688 bus
719 4632 1117 4703 signiﬁcatum
1149 4638 1261 4690 est.

653 4724 860 4789 Quaere
891 4729 1090 4779 autem
1107 4721 1484 4794 potissimum
1502 4723 1796 4780 tricesimo
1826 4725 2018 4795 primo
2037 4727 2228 4797 capite

579 4811 879 4882 Evangelii
919 4813 1066 4883 ejus,
1113 4811 1213 4866 ubi
1254 4812 1462 4866 dicitur
1492 4813 1663 4881 juxta
1705 4814 1886 4868 tinem
1931 4833 1942 4872 :
1984 4815 2228 4887 Cumque

577 4903 946 4958 accessissent
959 4899 1624 4956 PharisaeietSadducwi
1635 4904 2224 4974 tentantes,rogabant

577 5005 730 5057 eum,
757 4991 1069 5061 utsignum
1083 4989 1320 5062 aliquod
1339 4989 1412 5046 de
1423 4989 1558 5047 caelo
1571 4990 2001 5050 demonstraret
2018 4992 2125 5049 sibi
2143 4995 2221 5050 τοι

641 5167 694 5204 ⁷⁸
771 5167 979 5226 Matth.
1010 5183 1128 5237 xvr,
1162 5171 1212 5224 1.

2357 550 2447 582 του
2501 535 2594 582 καὶ
2645 538 3138 606 καταπεπατημένον
3190 532 3334 606 βίον,
3401 541 3490 588 καὶ
3543 542 3812 611 χρῄζοντι
3874 561 3989 593 τοι·

2357 623 2516 681 αύτης
2574 631 2786 695 τροφῆς.
2861 628 2960 676 Καὶ
3012 622 3188 674 λοιπόν
3246 625 3271 674 ό
3326 629 3452 685 Θεὸς
3505 629 3716 694 ἔσωθεν,
3786 633 3985 700 ἤγουν,

2358 708 2557 780 ἀφανῶς
2590 709 2943 785 ἀποκρίνεται,
2988 717 3070 769 Μή
3110 711 3310 784 ἐνόχλει
3337 731 3450 786 μοι’
3493 724 3645 768 τοῦτο
3674 722 3779 790 γὰρ
3817 715 3986 776 δηλοῖ

2356 802 2435 866 τὸ,
2464 805 2546 857 Μή
2579 820 2669 872 μοι
2701 805 2896 862 κόπους
2959 803 3179 873 πάρεχε·
3224 823 3310 852 νυν
3339 804 3368 860 η
3403 805 3532 878 θύρα
3561 813 3656 868 τῆς
3697 807 3984 877 θεολογίας

2357 885 2753 942 ἀποκέκλεισταί
2811 909 2912 960 σοι,
2970 893 3112 942 οὔπω
3165 895 3346 963 καιρόν
3417 895 3594 964 ἔχοντι
3643 895 3982 957 τηλικαύτης

2353 980 2602 1050 χάριτος.

2430 1071 2528 1119 Καὶ
2574 1070 2636 1119 τὰ
2689 1067 2810 1130 ἑξῆς
2864 1064 2922 1120 δὲ
2972 1076 3063 1130 τῆς
3118 1067 3420 1142 παραϐολῆς
3468 1073 3826 1145 ἔπεχείρησαν
3890 1079 3978 1135 ω.

2354 1175 2484 1216 τινες
2531 1155 2827 1227 ἀναγαγεῖν,
2881 1157 2973 1208 οὐκ
3019 1154 3357 1217 ἠδυνήθησαν
3409 1156 3467 1212 δὲ
3517 1168 3683 1212 ταῦτα
3735 1183 3979 1238 προσαρ-

2353 1249 2515 1317 μόσαι
2581 1253 2652 1315 τῷ
2715 1254 2891 1316 σκοπῷ
2947 1246 3130 1307 αὐτῆς.
3191 1251 3278 1299 Διό
3338 1257 3554 1321 παρῆκα
3617 1255 3710 1308 τήν
3773 1255 3976 1304 τούτων

2353 1333 2648 1406 ἀναγωγὴν,
2701 1338 2770 1396 ὡς
2825 1339 3090 1407 περιττήν,
3150 1345 3298 1402 νοῶν,
3355 1340 3436 1389 ὅτι
3493 1342 3850 1398 συνετεθησαν
3912 1342 3977 1401 εις

2353 1424 2573 1493 ἔμφασιν
2633 1427 2786 1494 μόνον
2843 1423 3054 1494 εὐλόγου
3107 1429 3496 1499 παραιτήσεως.
3553 1426 3610 1478 Ὀ
3666 1430 3772 1502 γὰρ
3839 1434 3979 1500 μετὰ

2352 1519 2451 1562 τὼν
2498 1507 2702 1562 παίδων
2743 1511 2902 1563 αὐτοῦ
2951 1518 3266 1584 κοιμώμενος
3315 1520 3508 1590 πατὴρ,
3559 1515 3780 1586 εὐλόγως
3835 1537 3974 1592 παρ-

2353 1607 2573 1651 αιτεῖται
2624 1603 2768 1672 παρὰ
2819 1604 2999 1673 καιρόν
3051 1600 3359 1668 ἀναστῆναι,
3420 1605 3502 1654 ἱνα
3555 1609 3625 1676 μή
3691 1604 3970 1680 ἀφυπνίση

2353 1688 2504 1742 αὐτά.
2547 1693 2788 1742 Φαίνεται
2837 1686 2897 1742 δέ
2943 1710 3032 1762 μοι
3084 1697 3173 1742 καὶ
3228 1698 3375 1743 πᾶσα
3427 1694 3455 1750 η
3497 1699 3814 1765 προκειμένη
3867 1717 3976 1747 πα-

2283 1777 2542 1854 Βραϐολὴ
2595 1776 2761 1850 μηδὲν
2820 1780 2985 1852 ἕτερον
3042 1780 3319 1852 ἐμφαίνειν,
3379 1782 3421 1833 ει
3467 1788 3539 1854 μή
3597 1789 3751 1855 μόνον
3807 1793 3976 1857 αναγ-

2352 1871 2634 1926 καιοτάτην
2685 1871 2895 1926 αἴτησιν
2937 1874 3027 1920 καὶ
3079 1869 3435 1939 εὐλογωτάτην
3479 1879 3828 1946 παραίτησιν,
3891 1878 3975 1926 ἱνα

2355 1954 2480 2028 ὃόξη
2537 1953 2628 2008 διὰ
2671 1961 2763 2015 τήν
2811 1960 3057 2028 ἐπιμονήν
3112 1959 3521 2018 εἰσακουσθῆναι
3570 1963 3595 2012 ὁ
3641 1963 3826 2030 αἰτῶν,
3879 1971 3972 2018 καὶ

2351 2049 2542 2104 πιθανή
2571 2050 2783 2117 γένηται
2814 2048 2842 2104 η
2874 2051 3196 2120 παραίνεσις.

2424 2229 2572 2296 Λέγω
2603 2255 2666 2264 -
2705 2225 2921 2298 χρῄζει.
2951 2229 3115 2278 Τοῦτό
3147 2225 3305 2297 ἐστιν,
3337 2227 3396 2278 οὗ
3426 2228 3589 2301 χάριν
3621 2231 3652 2286 ἠ
3686 2231 3966 2306 παραϐολή

2352 2315 2481 2372 αὕτη
2541 2319 2770 2386 γέγονεν,
2826 2311 3119 2368 Ἀναίδειαν
3170 2312 3228 2368 δὲ
3283 2312 3388 2369 εἶπε
3435 2322 3528 2374 τὴν
3576 2320 3833 2391 ἐπιμονήν
3877 2333 3969 2384 τῆς

2350 2403 2468 2461 αἰτή
2479 2422 2626 2465 σεως.

2426 2577 2581 2649 Κάγὼ
2640 2610 2704 2620 -
2761 2577 3166 2650 ἀνοιχθήσεται.
3243 2587 3420 2633 Ταῦτα
3469 2583 3662 2653 ὁμοίως
3710 2591 3804 2638 καὶ
3857 2596 3958 2648 τοῖς

2351 2663 2561 2719 δώδεκα
2609 2666 2904 2736 ἐνετείλατο,
2945 2671 3117 2731 καθὼς
3164 2668 3423 2742 ἀνέγραψε
3465 2674 3728 2733 Ματθαῖος
3780 2673 3829 2725 ἕν
3884 2687 3955 2746 τῷ

2350 2761 2585 2828 πέμπτῳ,
2642 2757 2922 2828 κεφαλαίῳ,
2945 2762 3035 2809 καὶ
3090 2759 3316 2817 ζήτησον
3387 2760 3490 2812 ἐκεῖ
3536 2766 3626 2818 τήν
3673 2761 3944 2831 ἐξήγησιν,

2349 2848 2412 2918 οἷρ
2423 2865 2545 2898 ιστα
2575 2843 3021 2919 παραδεδομένην.

2420 2941 2546 2987 Τίνα
2574 2967 2636 2975 -
2673 2942 2920 3011 σκορπίον
2947 2954 2959 3002 ;
2993 2938 3126 2990 Ἐκεῖ
3157 2941 3245 2988 καὶ
3285 2943 3401 3012 περὶ
3427 2941 3613 2990 τούτων
3651 2935 3936 3000 ὰκολοὺθως

2350 3025 2604 3099 εὑρήσεις.

2422 3115 2480 3166 Εἰ
2510 3113 2596 3164 οὖν
2635 3145 2689 3152 -
2731 3113 2917 3180 duros;
2949 3114 3170 3185 Ὀριοίως
3197 3121 3284 3166 καὶ
3315 3121 3429 3190 περὶ
3455 3120 3665 3168 τούτων·
3697 3122 3957 3189 πονηροὺς

2353 3200 2410 3255 δὲ
2436 3203 2625 3264 αὐτοὺς
2652 3199 2805 3267 εἶπεν,
2835 3203 2893 3254 οὐ
2926 3208 3078 3267 μόνον
3112 3201 3204 3256 διὰ
3225 3209 3317 3264 τήν
3349 3208 3451 3258 ἐκεῖ
3478 3209 3728 3280 ῥηθεῖσαν
3764 3207 3957 3269 αἰτίαν,

2352 3290 2480 3343 ἀλλὰ
2531 3298 2619 3345 καὶ
2674 3289 2768 3344 διὰ
2827 3296 2883 3344 τό
2943 3298 3032 3351 τήν
3101 3295 3430 3368 ἀνθρωπίνην
3490 3299 3641 3366 φύσιν
3702 3301 3959 3370 πονηρίας

2352 3378 2595 3440 δεκτικὴν
2629 3380 2753 3434 εἶναι
2784 3384 2917 3452 (93).

2497 3479 2640 3528 ΚΕΦ.
2667 3471 2796 3526 ΛΘ’.
2826 3477 2949 3544 Περὶ
2975 3479 3064 3524 τοῦ
3091 3475 3298 3544 ἔχοντος
3321 3469 3590 3545 δαιμόνιον
3622 3479 3816 3547 κωφόν.

2424 3567 2523 3613 Καὶ
2576 3593 2638 3600 -
2675 3565 2862 3632 κωφόν.
2906 3567 3047 3619 Μήτε
3091 3561 3216 3613 αὖτό
3265 3562 3447 3614 λαλοῦν
3496 3563 3525 3622 ἦ
3569 3561 3779 3626 ἀκοῦον,
3822 3570 3959 3637 μήτε

2349 3653 2436 3702 τόν
2485 3652 2750 3725 ἄνθρωπον
2801 3649 2890 3702 ἐῶν
2920 3649 3086 3702 λαλεῖν
3123 3651 3151 3708 ἡ
3195 3649 3416 3716 ἀκούειν,
3476 3651 3569 3702 οὐκ
3617 3651 3672 3704 ἐκ
3724 3656 3953 3723 φύσεως,

2349 3738 2455 3791 ἀλλ’
2489 3737 2542 3790 ἐκ
2574 3743 2839 3812 πονηρίας.
2873 3743 3144 3810 Μέμνηται
3181 3735 3239 3792 δι
3270 3744 3454 3792 τούτου
3487 3743 3758 3802 Mareade;
3789 3742 3840 3794 ἐν
3881 3754 3956 3816 τῷ

2349 3824 2781 3900 ὀκτωκαιδεκάτῳ
2811 3829 3087 3900 κεφαλαιῳ,
3119 3827 3168 3879 ἐν
3292 3833 3356 3881 τὰ
3401 3835 3519 3905 περὶ
3561 3829 3722 3882 αὐτοῦ
3773 3841 3957 3903 σαφῶς

2349 3917 2645 3990 ἀπηγγέλθη
2664 3961 2675 3972 .

2418 4007 2643 4078 Ἐγένετο
2717 4037 2784 4045 -
2855 4005 3024 4078 ὄχλοι.
3083 4008 3220 4061 Ἐκεῖ
3291 4011 3380 4059 καὶ
3435 4013 3554 4082 περὶ
3623 4010 3813 4062 τούτων
3869 4009 3957 4083 ἐρ-

2344 4097 2497 4172 paen.

2416 4187 2554 4245 Τινες
2604 4215 2669 4224 ——
2737 4180 3001 4256 δαιμόνια.
3075 4183 3339 4244 Ὡσαύτως
3405 4191 3496 4238 καὶ
3554 4192 3671 4262 περὶ
3729 4191 3949 4239 τούτων.

2346 4275 2411 4329 Οἱ
2450 4279 2728 4349 Φαρισαῖοι
2777 4269 2835 4325 δὲ
2879 4281 3031 4325 τοῦτο
3077 4269 3234 4338 εἶπον,
3286 4276 3352 4336 ὡς
3402 4276 3427 4326 ὁ
3476 4278 3747 4339 Ματθαῐος
3802 4279 3952 4329 ἱστό-

2344 4382 2521 4438 ρησεν.

2412 4453 2611 4525 Ἐτεροι
2657 4483 2720 4491 —
2765 4453 3004 4524 οὐρανοῦ.
3049 4451 3123 4504 Οὐ
3167 4460 3254 4504 νῦν
3296 4458 3472 4526 μόνον,
3515 4452 3639 4506 ἀλλὰ
3685 4451 3948 4528 διαφόρῶς

2344 4551 2494 4619 τοῦτο
2541 4545 2908 4607 πεποιήκασιν,
2953 4544 3023 4603 ὡς
3068 4546 3152 4594 καὶ
3203 4541 3250 4593 ἐν
3300 4542 3474 4605 ἄλλοις
3517 4544 3800 4615 κεφαλαίοις
3846 4555 3942 4596 τοῦ

2341 4636 2476 4686 κατὰ
2506 4640 2552 4685 Μ
2562 4634 2768 4683 ατθαῐον
2792 4627 3107 4688 δεδήλωται.

2409 4729 2648 4782 Ζήτησον
2704 4717 2762 4773 δὲ
2807 4721 2996 4793 μᾶλλον
3051 4720 3098 4773 ἐν
3152 4732 3223 4793 τῷ
3273 4730 3559 4798 τριακοστῴ
3608 4728 3792 4794 πρώτῳ
3846 4741 3931 4775 κε-

2339 4813 2538 4885 φαλαίῳ
2609 4810 2767 4864 αὐτον
2831 4815 2955 4886 πρὸς
3027 4821 3098 4882 τῷ
3173 4811 3323 4879 τέλει,
3407 4817 3480 4866 τό·
3552 4817 3652 4866 Καὶ
3716 4813 3938 4886 προσελ-

2340 4907 2510 4966 θόντες
2566 4903 2615 4954 οἱ
2676 4907 2953 4973 Φαρισαῖοι
3017 4907 3106 4954 καὶ
3175 4898 3532 4956 Σαδδουκαῖοι
3605 4904 3943 4979 πειράζοντες

2335 4996 2679 5070 ἐπηρώτησαν
2759 4990 2916 5044 αὐτὸν
2990 4998 3204 5064 σημεῖον
3273 4991 3332 5044 ἐκ
3401 4997 3493 5050 τοὺ
3555 4996 3777 5071 ούρανοῦ
3834 4993 3947 5048 ἐπι-

1770 5351 1996 5425 Varite
2043 5353 2371 5425 lectiones
2413 5362 2483 5423 et
2517 5361 2728 5423 notae.

541 5578 549 5585 .
637 5540 756 5615 (93)
785 5547 1072 5616 nam“
1090 5559 1202 5617 pro
1230 5542 1381 5615 εἶναι,
1412 5549 1481 5606 Δ.

640 5720 749 5795 (zz)
771 5720 907 5777 Huc
928 5720 1222 5788 reducere,
1249 5722 1550 5797 Ἀναγαγεῑν
1579 5732 1665 5783 est
1685 5727 2015 5799 anagogice
2050 5743 2155 5784 seu
2204 5727 2529 5799 allegorice
2575 5725 2902 5801 explicare.
