4170 6364
278 352 391 413 973

1413 364 1777 425 comem.
1818 369 1890 423 IN
1938 368 2192 426 LUCAM.
2233 402 2301 414 —
2342 373 2499 430 CAP.
2538 362 2626 431 xi.
3563 358 3667 441 994

280 478 468 545 δεῖξαι
508 483 619 555 (94)
661 484 853 551 αὐτοῖς,
885 492 974 540 καὶ
1005 487 1261 559 ἀνάγνωθι
1290 496 1380 549 τήν
1413 489 1661 563 ἐξήγησιν
1712 494 1892 556 αὐτοῦ,

2029 500 2066 551 at
2084 495 2212 567 lege
2240 498 2368 567 ejus
2386 498 2843 565 enarrationem,
2871 516 2942 557 ac
2965 502 3157 571 disces
3181 520 3406 579 causas
3422 507 3667 575 fraudu-

277 577 378 624 καὶ
409 575 632 646 μαθήσῃ
661 577 748 634 τὰς
775 575 938 637 αἰτίας
958 586 1051 638 τῆς
1089 585 1405 652 κακουργίας
1436 582 1622 633 αὐτῶν.

360 662 538 724 Αὐτὸς
569 659 627 716 δὲ
681 696 745 705 -
776 662 1124 738 διανοήματα.
1171 672 1297 723 Τότε
1326 678 1419 730 τῆς
1472 671 1775 740 ὑπολήψεως
1805 681 1894 723 τοῦ

278 748 332 800 ἐν
401 752 705 815 Βεελζεϐούλ
761 753 1016 806 ἐκϐάλλειν
1065 759 1128 807 τὰ
1183 755 1431 831 δαιμόνια
1468 762 1625 812 ’καθ’
1685 760 1896 822 ἑαυτούς

276 842 388 913 γαρ
447 850 601 894 τοῦτο
644 842 835 913 ἔλεγον,
868 844 1171 917 φοϐούμενοι
1197 852 1282 899 τὸν
1311 848 1467 919 ὄχλον
1502 866 1514 879 ⁸
1560 855 1649 900 καὶ
1700 854 1757 901 τό
1804 858 1895 910 τῆς

277 934 482 1004 πείρας
529 940 619 983 τοῦ
659 931 1062 1006 ἐπιζητούμενον
1118 941 1351 1008 σημείου.
1405 941 1508 993 Καὶ
1540 946 1634 1005 ’νῦν
1664 942 1752 1011 μὲν
1781 944 1896 1013 περὶ

278 1027 381 1070 τοῦ
441 1019 544 1080 ἐνος
594 1020 944 1093 ἀπολογεῖται,
999 1028 1129 1096 μετά
1186 1030 1371 1098 μικρὸν
1423 1025 1480 1080 δὲ
1522 1035 1610 1080 καὶ
1662 1033 1894 1103 περὶτοῦ

279 1107 494 1182 ἐτέρου.

360 1202 610 1256 Ζήτησον
643 1196 700 1252 δὲ
729 1205 818 1253 καὶ
857 1200 905 1252 ἐν
933 1209 1005 1272 τῷ
1036 1202 1252 1275 εἰκοστῷ
1282 1202 1504 1280 δευτέρῳ
1522 1207 1779 1279 κεφαλαίῳ
1805 1214 1896 1260 τοῦ

281 1289 432 1339 κατὰ
459 1291 723 1341 Ματθαῖον
767 1294 860 1348 τὴν
918 1290 1189 1365 ἑρμηνείαν
1240 1301 1349 1345 τού·
1414 1292 1576 1356 Εἰδὼς
1632 1293 1689 1348 δὲ
1724 1297 1837 1368 (95)
1870 1298 1895 1347 ὁ

286 1375 511 1437 Ἰησοὺς
538 1381 631 1439 τὰς
658 1376 964 1450 ἐνθυμήσεις
991 1381 1177 1433 αὐτῶν.

362 1556 593 1625 Εἴρηται
644 1549 702 1605 δε
772 1556 894 1625 ἡμῖν
953 1554 1216 1617 πολλάκις,
1270 1560 1349 1608 ὅτι
1435 1561 1483 1610 οὶ
1539 1558 1897 1630 εύαγγελισταὶ

280 1640 419 1694 ποτε
453 1645 540 1713 μὲν
596 1652 777 1717 καιρού
831 1649 920 1695 καὶ
974 1646 1164 1707 τάξεως
1212 1646 1324 1717 (961
1385 1656 1482 1697 τῶν
1533 1648 1788 1719 ῥηθέντων
1864 1650 1893 1707 ἦ

282 1733 638 1804 πραχθέντων
692 1734 1028 1806 φροντίζουσι
1095 1754 1106 1765 ο
1170 1739 1293 1787 ποτὲ
1356 1733 1433 1802 δὲ,
1502 1743 1662 1808 μόνης
1724 1735 1897 1808 ἀπαγ-

282 1820 488 1892 γελίας.

364 1998 527 2055 Εἶπεν
559 2033 619 2041 -
659 2006 857 2053 πίπτει.
894 2007 993 2053 Καὶ
1037 2000 1171 2062 οἰκος
1202 2001 1284 2054 ἐπὶ
1324 2001 1481 2067 οἶκον,
1517 2000 1897 2078 διαμιρισθεὶς,

280 2085 561 2146 δηλονότι.
603 2091 684 2142 Ἐν
714 2098 783 2141 τῶ
813 2092 1018 2164 ῥηθέντι
1052 2088 1109 2142 δὲ
1140 2090 1356 2162 εἰκοστῷ
1380 2088 1603 2166 δευτέρῳ
1643 2094 1900 2165 κεφαλαίῳ

278 2184 379 2230 καὶ
408 2183 527 2252 περὶ
555 2182 745 2231 τούτων
775 2178 1065 2241 ἀκολούθως
1090 2182 1408 2252 ἡρμηνεύθη.

366 2356 431 2409 Εἰ
463 2352 521 2408 δὲ
546 2357 704 2408 αὐτοῦ
740 2376 751 2424 ;
788 2356 1007 2429 Ὁμοίως
1035 2363 1123 2410 καὶ
1153 2364 1269 2431 περὶ
1295 2362 1502 2413 τούτου.

360 2446 487 2498 Ὀτι
517 2479 580 2486 -
613 2444 878 2519 δαιμόνια.
927 2448 1189 2520 Ἐμφαίνει
1219 2448 1396 2509 αὐτοῖς
1425 2455 1513 2501 καὶ
1544 2450 1568 2501 ὃ
1601 2449 1898 2523 ὑπολαμϐά-

283 2555 463 2594 νοντες
492 2536 660 2608 ἔλεγον
690 2537 809 2589 καθ’
842 2537 1055 2599 ἑαυτοὺς
1085 2542 1203 2611 περὶ
1236 2538 1415 2593 αὐτοῦ.

371 2625 433 2678 Εἰ
456 2621 513 2676 δε
545 2656 609 2665 -
641 2625 872 2677 ἐσονται.
925 2627 1005 2678 Ἐν
1031 2635 1101 2695 τῷ
1141 2628 1251 2697 (97)
1309 2624 1593 2685 δηλωθέντι
1638 2628 1894 2698 κεφαλαίῳ

288 2714 517 2777 καθεξῆς
556 2720 641 2767 καὶ
673 2722 789 2787 περὶ
828 2719 1022 2767 τούτων
1051 2714 1369 2774 διείληπται,

372 2805 430 2857 Εἰ
470 2801 527 2856 δὲ
554 2835 623 2843 —
650 2813 803 2856 Θεου.
830 2804 1099 2867 Ὡσαύτως
1128 2810 1213 2856 καὶ
1240 2812 1357 2878 περὶ
1378 2810 1562 2859 τούτου
1597 2810 1896 2880 σαφέστατά

291 2911 350 2943 τε
382 2896 471 2942 καὶ
513 2891 881 2963 ἀκριϐέστατα.

368 2978 529 3031 ’⁷Οταν
556 3012 610 3020 -
633 2977 1208 3057 ὃιαδίδωσιἩαραπλη
1220 2988 1445 3045 σὶυςκαὶ
1457 2984 1892 3058 περὶτούτων(98)

295 3072 356 3119 τὸ
387 3069 658 3140 κεφαλαιον
716 3069 873 3122 ἐκεῖνο
921 3068 1279 3143 διαλαμϐάνει,
1332 3078 1419 3124 καὶ
1447 3070 1632 3147 ιον
1669 3073 1768 3126 ἀπὸ
1798 3083 1894 3125 τῶν

292 3154 404 3209 ἐκεῖ
425 3159 679 3231 ῥηθέντων
710 3166 799 3211 καὶ
824 3168 990 3212 ταῦτα
1024 3156 1445 3231 ὃιαγνωσθῆναι,

365 3335 422 3388 Ὀ
452 3341 523 3408 μὴ
555 3368 624 3376 -
657 3338 951 3411 σκορπίζει.
982 3337 1097 3391 Ἔτι
1135 3343 1224 3390 καὶ
1245 3344 1362 3413 περὶ
1392 3343 1605 3393 τούτων.

367 3513 525 3567 Ὀταν
557 3548 623 3557 -
652 3521 1056 3589 κεκοσμημένον.
1093 3521 1269 3573 Ταῦτα
1298 3519 1493 3593 ἔγραψε
1523 3526 1609 3572 καὶ
1636 3523 1895 3581 Ματθαίος

299 3602 348 3654 ἐν
377 3612 447 3674 τῷ
499 3610 715 3676 εἰκοστῷ
754 3611 909 3680 τρίτῳ
953 3606 1229 3679 κεφαλαίῳ,
1280 3614 1369 3660 καὶ
1399 3611 1800 3681 ἡρμηνεύθησαν
1846 3609 1893 3661 ἐν

300 3693 492 3764 ἐκεινῳ.

371 3788 496 3835 Τότε
528 3815 588 3823 -
619 3790 860 3857 πρώτων,
889 3785 1155 3848 Ὡσαύτως
1186 3791 1274 3838 καὶ
1296 3794 1478 3839 ταῦτα.

441 3878 584 3927 ΚΕΦ.
634 3872 714 3929 Μ’.
770 3879 892 3948 Περὶ
922 3884 1017 3937 τῆς
1047 3875 1102 3926 ἐκ
1141 3884 1233 3927 τοῦ
1265 3876 1426 3947 ὄχλου
1481 3876 1752 3950 ἐπαρασης

932 3964 955 4035 Ι
993 3970 1181 4035 φωνήν.

369 4051 595 4122 Ἐγίνετο
634 4083 702 4091 -—-
746 4052 1021 4113 ἐθήλασας.
1057 4053 1347 4127 Ἐπάρασα,
1383 4059 1564 4126 ἤγουν,
1606 4056 1890 4127 ὑψώσασα.

291 4138 503 4212 Σφόδρα
526 4143 624 4216 γὰρ
654 4138 1010 4213 ἀποδεξαμένη
1044 4147 1162 4203 τοὺς
1182 4143 1363 4213 λόγους
1387 4144 1564 4214 αὐτοῦ,
1598 4146 1894 4218 μεγαλοφώ-

289 4250 390 4291 νως
421 4229 701 4302 ἐμακάρισε
732 4236 823 4288 τὴν
848 4236 1171 4301 γεννήσασαν
1201 4233 1379 4299 αὐτὸν,
1421 4237 1489 4297 ὡς
1520 4238 1758 4288 τοιούτου
1789 4256 1885 4308 μη.

291 4323 415 4392 τερα
443 4322 681 4387 γενέσθαι
709 4319 1037 4382 ἀξιωθεῖσαν.

371 4497 528 4558 Αύτὸς
565 4494 624 4550 δὴ
658 4529 722 4538 -
768 4498 943 4553 αὐτόν.
1000 4506 1274 4571 Μενοῦνγε,
1333 4504 1623 4565 τουτέστιν,
1672 4500 1886 4563 ἀληθῶς.

293 4592 531 4645 Ζήτησον
560 4584 618 4640 δε
662 4586 708 4639 ἐν
740 4597 810 4659 τῷ
865 4588 1081 4659 εἰκοστῴ
1138 4595 1294 4662 τρίτῳ
1350 4590 1720 4662 κεφαλαίῳτοῦ
1760 4596 1893 4644 κατά

292 4680 583 4745 Ματθαῖον,
624 4681 679 4728 τό
714 4694 724 4705 ·
755 4676 941 4739 Ὀστις
989 4682 1087 4750 γὰρ
1130 4677 1188 4730 ἂν
1229 4685 1427 4752 ποιήσῃ
1485 4684 1542 4731 τὸ
1578 4680 1774 4752 θέλημα
1800 4690 1891 4732 τοῦ

296 4771 496 4838 Πατρός
526 4786 626 4839 μου
656 4774 746 4818 τοῦ
780 4765 825 4818 ἓν
852 4767 1107 4838 οὐρανοῖς,
1141 4768 1296 4831 αὐτός
1320 4789 1419 4842 μου
1442 4774 1528 4821 καὶ
1560 4766 1779 4841 ἀδελφός
1807 4776 1892 4822 καὶ

295 4851 490 4926 ἀδελφή
531 4861 621 4907 καὶ
638 4860 810 4929 μήτηρ
848 4855 982 4925 ἐστὶ,
1038 4862 1127 4909 καὶ
1171 4857 1431 4930 ἀνάγνωθι
1476 4864 1567 4917 τὴν
1625 4860 1744 4916 ὃλην
1802 4868 1891 4911 τοῦ

289 4947 529 4997 τοιούτου
553 4946 716 5019 ῥητοῦ
746 4946 1015 5017 ἐξήγησιν.
1051 4947 1255 5006 Φυλακὴ
1292 4945 1349 5000 δε
1387 4948 1541 5021 λόγου
1575 4956 1711 5013 Θεοῦ
1753 4951 1889 5001 ἐστιν

288 5035 318 5093 ἠ
351 5032 622 5110 πλήρωσις
647 5034 805 5087 αὑτοῦ
818 5078 832 5093 ,

368 5186 414 5222 7°
445 5185 649 5243 Matth.
674 5203 779 5256 ιιι,
800 5186 887 5244 25.
923 5188 975 5231 ⁸ο
1020 5187 1171 5248 Ibid.
1199 5190 1271 5247 50

2008 583 2148 639 lenti
2170 601 2372 641 eorum
2396 592 2668 644 conatus.
3258 607 3269 618 '

2079 672 2242 727 Vers.
2284 675 2365 728 17.
2400 677 2478 729 At
2532 676 2653 744 ipse
2698 708 2765 718 -
2814 682 3203 748 cogitationes.
3242 682 3661 757 Cogitationes,

2007 765 2136 815 tum
2156 763 2528 833 suspicionis,
2558 765 2723 836 quod
2754 766 2814 823 in
2847 767 3155 827 Beelzebul
3187 768 3420 845 ejiceret
3445 776 3667 833 daemo-

2007 850 2127 915 nia,
2148 866 2290 907 nam
2328 852 2443 908 hoc
2470 855 2631 925 apud
2657 871 2720 910 se
2764 856 3063 924 dicebant,
3093 862 3365 919 timentes
3410 866 3667 922 turbam-

2010 945 2129 994 tum
2198 948 2465 997 conatus.
2526 944 2687 1014 quod
2739 944 2976 1016 signum
3030 951 3323 1021 petebant.
3376 957 3441 1011 Et
3504 972 3667 1012 nunc

2006 1029 2251 1101 quidem
2269 1032 2342 1086 de
2385 1048 2500 1088 uno
2522 1034 2860 1106 respondet,
2883 1043 3019 1108 post
3042 1054 3238 1110 pauca
3269 1057 3408 1100 vero
3423 1042 3497 1100 de
3526 1046 3669 1101 reli-

2007 1133 2151 1189 quo.
3271 1140 3282 1149 '
3394 1142 3401 1145 '

2081 1210 2287 1273 Quaere
2331 1214 2532 1266 autem
2572 1211 2856 1270 vicesimo
2890 1217 3158 1273 secundo
3185 1219 3377 1291 capite
3403 1224 3667 1294 Evange-

2004 1295 2068 1352 lii
2090 1298 2421 1355 secundum
2452 1301 2815 1358 Mattheeum'
2848 1303 3399 1377 interpretationem
3431 1326 3669 1385 quoque

2005 1384 2181 1453 illius,
2214 1388 2377 1458 quod
2395 1389 2608 1445 dicitur
2636 1392 2830 1448 :Jesus
2857 1400 3049 1451 autem
3070 1398 3259 1454 sciens
3281 1384 3666 1470 cogitationes

2007 1490 2208 1531 eorum
2242 1478 2311 1529 7°.

2078 1566 2436 1638 Frequenter
2458 1573 2658 1625 autem
2686 1587 2721 1627 a
2740 1572 2910 1627 nobis
2936 1573 3160 1632 dictam
3176 1580 3284 1643 est,
3307 1579 3466 1651 quod
3490 1596 3671 1640 evan-

2008 1654 2228 1723 gelista:
2261 1656 2558 1713 interdum
2590 1660 2834 1731 quidem
2866 1665 3150 1735 temporis
3202 1674 3257 1722 et
3301 1668 3527 1725 ordinis
3573 1686 3669 1727 eo-

2008 1758 2164 1809 rum,
2196 1761 2331 1816 quae
2371 1745 2546 1813 dicta,
2601 1756 2701 1805 aut
2752 1750 2909 1806 facta
2959 1760 3115 1820 sunt,
3158 1770 3366 1812 curam
3421 1759 3667 1829 habent,

1940 1850 1978 1903 Β
2009 1835 2375 1905 quandoque
2406 1851 2547 1891 vero
2576 1836 2638 1891 id
2668 1842 2900 1894 tantum
2947 1841 3209 1913 student,
3240 1851 3302 1900 ut
3349 1862 3498 1916 rem,
3531 1863 3668 1922 quae

2012 1926 2176 1989 gesta
2206 1930 2313 1990 est,
2347 1931 2641 1980 enarrent.

2084 2010 2346 2064 Vel-3.17.
2402 2011 2673 2083 Dixit_-—
2703 2016 2885 2072 cadit.
2940 2017 3163 2075 Domus
3224 2022 3512 2080 adversus
3568 2025 3670 2084 do-

2013 2115 2199 2169 mum,
2235 2100 2507 2157 videlicet
2537 2103 2749 2160 divisa.
2776 2106 3063 2164 Praedicto
3095 2110 3379 2168 vicesimo
3408 2115 3669 2172 secundo

2010 2188 2201 2259 capite
2232 2189 2412 2245 etiam
2467 2192 2541 2248 de
2594 2194 2687 2250 his
2722 2204 3108 2270 consequenti
3154 2201 3353 2258 ordine
3402 2203 3545 2262 data
3586 2211 3671 2263 est

2009 2277 2430 2349 interpretatio.
3278 2298 3283 2305 '
3392 2302 3398 2309 '

2083 2367 2245 2421 Vers.
2287 2369 2365 2423 18.
2398 2368 2554 2436 Quod
2597 2372 2735 2426 si—
2777 2376 2900 2445 ejus
2929 2376 2958 2432 ?
3018 2377 3296 2435 Similiter
3330 2386 3383 2437 et
3410 2380 3484 2437 de
3527 2382 3663 2440 hoc.

2080 2455 2242 2510 Vers.
2268 2457 2334 2511 18
2364 2459 2513 2526 Quia
2560 2462 2612 2515 si
2641 2492 2708 2502 —
2755 2463 3064 2521 daemonia.
3120 2468 3451 2529 manifestat
3483 2473 3664 2531 etiam

2010 2544 2114 2609 eis,
2142 2546 2289 2617 quid
2335 2549 2499 2619 apud
2558 2564 2622 2605 se
2653 2550 2920 2609 dicentes
2978 2556 3449 2627 suspicabantur.

2084 2632 2243 2689 Vers.
2266 2636 2355 2690 19.
2381 2636 2449 2692 Si
2472 2644 2669 2695 autem
2697 2649 2959 2697 —eruut.
3003 2646 3168 2716 -Η-Ιη
3200 2648 3393 2719 capite
3423 2648 3669 2729 laudato

2011 2723 2291 2796 deinceps
2321 2725 2501 2781 etiam
2532 2728 2605 2783 de
2636 2728 2727 2784 his
2748 2734 3081 2803 expositum
3114 2741 3220 2791 est.

2083 2812 2243 2868 Vers.
2291 2815 2378 2869 20.
2438 2817 2506 2871 Si
2561 2824 2757 2875 autem
2816 2853 2885 2861 —
2941 2825 3069 2880 Dei.
3123 2828 3199 2881 De
3248 2826 3362 2883 hoc
3426 2844 3670 2903 quoque

2008 2902 2381 2973 apertissime
2424 2921 2496 2961 ac
2534 2906 2987 2979 diligentissime
3040 2902 3593 2974 ibidem'invenies.

2080 2993 2236 3046 Vers.
2295 2997 2383 3047 2t.
2445 2996 2594 3051 Cum
2659 3030 2717 3040 -—
2773 2999 2945 3056 Vers.
3004 3007 3093 3057 22.
3153 3006 3483 3065 distribuit.
3540 3008 3667 3073 Pari

2006 3080 2185 3135 modo
2212 3088 2268 3137 et
2294 3083 2366 3138 de
2392 3083 2485 3138 his
2516 3093 2695 3158 caput
2721 3087 2859 3143 illud
2892 3090 3132 3149 disserit
3163 3111 3175 3149 :
3201 3100 3255 3151 et
3281 3111 3352 3152 ex
3376 3096 3491 3161 his,
3531 3115 3668 3173 quae

1923 3202 1963 3255 ο
2003 3169 2086 3225 ibi
2125 3172 2282 3227 dicta
2330 3179 2487 3245 sunt,
2520 3177 2697 3232 etiam
2736 3177 2863 3234 haec
2895 3179 3126 3238 facilius
3179 3188 3464 3255 cognosci
3502 3169 3673 3262 pote-

2002 3264 2161 3316 runt.

2076 3352 2232 3406 Vers.
2262 3356 2349 3407 23.
2400 3354 2519 3420 Qui
2541 3371 2655 3411 non
2708 3358 3103 3432 —dispergit.
3164 3365 3450 3422 Praeterea
3496 3372 3553 3424 et
3592 3367 3668 3425 de

2000 3437 2113 3493 his.
3391 3456 3399 3463 ’

2074 3528 2233 3584 Vers.
2277 3530 2364 3586 24.
2427 3530 2564 3588 Cum
2606 3564 2672 3573 —
2724 3535 2885 3590 Vers.
2920 3536 3007 3591 25.
3040 3546 3333 3597 ornatam.
3377 3546 3509 3600 Haec
3536 3547 3671 3603 Mat-

2003 3616 2192 3672 thaaus
2244 3634 2485 3691 quoque
2511 3622 2742 3693 scripsit
2770 3625 3049 3683 vicesimo
3092 3630 3257 3686 tertio
3279 3634 3491 3705 capite,
3520 3642 3575 3690 et
3606 3634 3670 3692 in

2002 3722 2073 3761 eo
2102 3707 2400 3763 declarata
2448 3716 2607 3766 sunt.

2073 3794 2233 3851 Vers.
2266 3801 2352 3852 29.
2392 3799 2550 3855 Tunc
2579 3832 2647 3839 —
2670 3801 2899 3869 primis.
2942 3805 3218 3863 Similiter
3249 3814 3309 3865 et
3337 3810 3485 3876 haec,

2003 3884 2158 3940 CAP.
2187 3886 2292 3941 XL.
2365 3887 2445 3944 De
2473 3889 2738 3951 muliere.
2779 3907 2910 3962 qua?
2958 3895 3029 3951 de
3067 3897 3245 3954 turba
3275 3915 3467 3958 vocem
3502 3910 3669 3959 extu-

2803 3982 2891 4036 lit.

2074 4066 2230 4119 Vers.
2257 4068 2346 4119 27.
2384 4068 2623 4125 Factum
2666 4100 2734 4110 —
2759 4078 2840 4127 est
2880 4075 3115 4130 suxisti.
3176 4077 3359 4145 El‘ata,
3410 4082 3529 4137 sive
3557 4083 3672 4140 ele-

2001 4157 2139 4209 vata
2156 4169 2318 4209 voce.
2349 4158 2495 4211 Cum
2534 4157 2693 4215 enim
2722 4160 3134 4219 vehementem
3166 4165 3224 4221 in
3252 4184 3386 4225 eam
3412 4170 3669 4243 impres-

2001 4242 2227 4297 sionem
2244 4259 2551 4300 sermones
2583 4245 2741 4302 illius
2760 4249 3055 4316 fecissent,
3090 4271 3317 4325 magna
3345 4242 3669 4320 etexaltata

1999 4346 2144 4386 voce
2171 4349 2305 4388 eam
2334 4332 2713 4403 beatiﬁcavit,
2734 4354 2866 4409 quae
2918 4338 3085 4396 illum
3112 4353 3440 4419 pepererat,
3468 4356 3669 4423 utpote

1998 4436 2133 4491 qua:
2162 4421 2292 4476 talis
2324 4422 2646 4479 FiliiMater
2687 4426 2811 4481 ﬁeri
2837 4428 3078 4498 dignata
3138 4433 3347 4491 fuerat.
3533 4421 3551 4423 ⁷
3606 4510 3607 4513 γ

2070 4509 2231 4564 Vers.
2282 4513 2370 4564 23.
2420 4512 2623 4568 Atille
2675 4544 2744 4555 —
2793 4515 3166 4585 illum.Quiu
3213 4522 3354 4591 imo,
3412 4526 3526 4582 hoc
3555 4510 3665 4585 est.

2001 4613 2131 4652 vere
2188 4598 2322 4654 dico
2374 4600 2563 4655 vobis.
2630 4603 2835 4667 Quaere
2903 4614 3101 4662 autem
3151 4610 3437 4669 vicesimo
3502 4618 3668 4674 tertio

1994 4684 2159 4753 juxta
2198 4687 2529 4743 Mattliceum
2573 4690 2785 4760 capite,
2839 4693 2937 4748 ubi
2969 4695 3183 4752 dicitur
3227 4717 3237 4753 :
3285 4702 3669 4777 Quincunque

2000 4774 2150 4829 enim
2174 4776 2384 4844 fecerit
2418 4776 2775 4835 voluntatem
2805 4782 3001 4837 Patris
3029 4789 3159 4855 mei,
3191 4790 3290 4858 qui
3308 4793 3369 4846 in
3394 4794 3547 4849 catis
3561 4774 3668 4858 est,

1998 4862 2119 4930 ipse
2178 4871 2229 4918 et
2286 4879 2448 4918 meus
2493 4867 2692 4935 frater
2750 4872 2803 4924 et
2858 4886 3026 4927 soror
3098 4883 3150 4930 et
3217 4878 3407 4936 mater
3458 4889 3538 4938 est
3622 4884 3669 4920 ⁸ο

1999 4967 2069 5006 ac
2107 4951 2235 5021 lege
2278 4959 2463 5007 totam
2490 4955 2630 5010 dicti
2682 4956 2836 5013 illius
2892 4966 3354 5024 enarrationem.
3388 4972 3669 5031 Custodia

1996 5055 2136 5097 vero
2161 5041 2453 5097 sermonis
2480 5043 2601 5112 Dei,
2627 5046 2756 5117 ejus
2784 5052 2875 5105 est
2902 5049 3273 5125 adimpletiol
3335 5127 3339 5130 ν

1494 5340 1716 5411 Variae
1749 5342 2076 5414 lectiones
2145 5354 2212 5413 et
2252 5354 2456 5414 notae.

393 5498 481 5570 94)
505 5495 696 5567 Δείξαι,
724 5505 787 5555 Δ.

392 5574 482 5644 95)
506 5574 567 5623 Ai
605 5571 773 5627 abest
793 5576 858 5644 Α..

395 5641 470 5699 96
526 5648 723 5719 Καιροῦ
746 5641 937 5706 τάξεως
972 5644 1039 5699 Α.

393 5647 486 5791 9ῖέ
508 5716 626 5772 Hoc
653 5713 948 5773 scholium
972 5730 1039 5773 no

508 5713 640 5772 Hoe'
653 5713 948 5773 scholium
972 5730 1094 5773 non
1117 5714 1332 5789 legitur
1348 5715 1500 5791 apud
1527 5716 1821 5775 Henteniu
1837 5736 1915 5777 αι.

2070 5506 2283 5590 Τοξιιιε
2297 5512 2493 5590 autem
2516 5524 2731 5590 yersus
2766 5516 2825 5590 19
2847 5518 2903 5590 et
2930 5515 3025 5589 2Q.
3048 5517 3292 5590 junctus
3325 5529 3431 5585 est.
3474 5527 3669 5587 Saltus

1999 5595 2143 5649 ergo
2165 5581 2353 5636 factus
2377 5580 2456 5636 ab
2486 5580 2530 5633 εἰ
2566 5577 2625 5635 δέ
2649 5584 2728 5641 ad
2761 5584 2810 5638 εἰ
2841 5582 2928 5645 δέ.

2072 5652 2188 5723 (98)
2229 5653 2426 5708 Τούτου
2455 5653 2524 5707 Α·
