4170 6364
545 353 653 412 975

617 476 781 533 CAP.
817 475 949 532 XLI.
973 475 1062 532 De
1087 474 1169 530 his
1199 477 1305 548 qui
1328 475 1565 547 signum
1591 475 1895 545 petebant.

616 564 782 621 Vers.
805 565 874 618 29
901 602 918 619 .
947 563 1162 620 Turbis
1191 570 1384 621 autem
1403 596 1467 605 —
1489 563 1727 639 quaerit.
1747 567 1912 620 Nunc
1935 563 2113 619 etiam
2139 561 2214 617 de

543 653 777 727 reliqua
842 669 1049 710 eorum
1135 653 1486 724 cogitatione
1559 652 1901 725 respondet.
1967 654 2211 708 Pravam

545 748 747 800 autem
796 743 1127 799 nominavit
1172 743 1614 812 generationem
1656 742 2092 798 Pharisaeorum
2145 756 2215 795 ac

547 831 1029 898 Sadducazorum,
1059 838 1349 904 tanquam
1393 838 1710 888 tentantem
1737 833 1960 904 ipsum.
1998 831 2076 885 De
2102 830 2216 911 hac

545 927 744 978 autem
771 921 994 976 dictum
1035 925 1122 976 est
1160 920 1448 977 vicesimo
1479 919 1648 976 tertio
1685 921 1878 993 capite
1909 918 2216 990 Evangeli1

507 1076 512 1085 λ
547 1009 880 1067 secundum
903 1010 1262 1066 Mattbaeum.

618 1101 782 1155 Vers.
813 1101 906 1154 29.
943 1099 1019 1154 Et
1051 1128 1122 1140 —
1145 1099 1474 1169 prophetae.
1509 1098 1596 1154 Ibi
1621 1097 1802 1155 etiam
1841 1099 1970 1154 haec
2020 1096 2215 1153 mani-

545 1187 692 1244 feste
718 1187 1020 1244 declarata
1047 1193 1209 1244 sunt.

615 1275 784 1334 Vers.
814 1279 902 1332 30.
932 1275 1088 1332 Sicut
1141 1306 1210 1318 —
1247 1276 1366 1332 isti.
1402 1275 1929 1342 Quemadmodum
1979 1275 2076 1331 ille
2106 1274 2214 1330 fuit

545 1366 784 1437 signum
824 1365 984 1438 apud
1051 1365 1362 1437 Ninivitas,
1417 1367 1532 1422 hoc
1598 1371 1706 1435 est,
1759 1381 1852 1422 res
1901 1381 2209 1438 nunquam

545 1454 786 1521 audita;
813 1453 978 1526 quod
1018 1455 1549 1526 supernaturaliter
1588 1472 1618 1510 e
1649 1462 1849 1511 ventre
1897 1455 2008 1510 ceti
2041 1454 2211 1523 tertio

544 1543 644 1600 die
667 1542 1018 1600 liberaretur
1065 1559 1082 1598 :
1129 1543 1212 1600 ita
1242 1544 1338 1600 hic
1383 1545 1490 1602 erit
1512 1545 1749 1615 signum
1787 1543 2206 1616 apudgenera,

543 1632 769 1690 tionem
802 1631 1133 1688 inﬁdelium
1181 1633 1548 1697 Judasorum.
1601 1635 1723 1690 sive
1769 1650 1864 1690 res
1918 1633 2209 1689 inaudita-

543 1721 706 1795 quod
753 1722 1283 1794 supernaturaliter
1339 1739 1370 1779 e
1436 1728 1636 1779 ventre
1685 1729 1852 1778 terra;
1897 1722 2064 1778 tertio
2116 1722 2208 1777 die

1867 348 2213 406 EUTHYMII
2269 339 2618 423 ZIGABENI

3896 350 4006 406 9'76

2541 475 2689 528 ΚΕΦ.
2722 477 2849 532 ΜΑ’.
2881 483 3004 552 Περὶ
3034 487 3132 531 τῶν
3177 479 3454 532 αἰτούντων
3499 486 3806 550 σημεῖον.

2395 571 2504 616 Τῶν
2533 560 2598 616 δὲ
2653 566 2822 638 ὀχλων
2859 599 2918 608 —-
2965 565 3217 628 ἐπιζητεῖ.
3272 575 3380 621 Νῦν
3448 567 3855 639 ἀπολογεῖται
3915 574 4007 619 καὶ

2324 659 2441 725 περὶ
2503 662 2596 706 τοὺ
2653 655 2824 731 ἐτέρου
2875 657 3036 708 αὐτῶν
3096 653 3458 729 διανοήματος,
3491 660 3574 719 ὡς
3614 661 4003 731 προείρηται.

2326 746 2561 817 Πονηράν
2595 740 2654 796 δὲ
2700 745 2935 818 ὠνόμασε
2987 750 3079 804 τήν
3135 749 3308 816 γενεὰν
3358 755 3456 798 τῶν
3509 751 3885 820 Φαρισαίου
3915 751 4008 797 καὶ

2326 828 2718 897 Σαδδουκαίων,
2783 837 2851 896 ως
2931 835 3304 906 πειραζουσαν.
3385 839 3626 909 Εἴρηται
3737 831 3811 887 δὲ
3884 841 4005 907 περὶ

2323 924 2514 982 ταύτης
2543 928 2631 974 καὶ
2662 921 2709 974 ἐν
2754 932 2824 994 τῷ
2860 924 3076 994 εἰκοστῷ
3123 929 3278 999 τρίτῳ
3332 925 3608 996 κεφαλαίῳ
3674 931 3793 976 τοῦ
3864 927 4006 974 κατα

2323 1013 2586 1063 Ματθαίον
2600 1056 2612 1067 ,

2396 1105 2494 1153 Καὶ
2525 1132 2592 1140 -
2623 1107 2910 1174 προφήτου.
2935 1103 3016 1155 Ἐν
3047 1101 3219 1174 ἐκείνῳ
3248 1108 3338 1154 καὶ
3363 1111 3530 1155 ταῦτα
3553 1112 3786 1174 σαφῶς
3818 1105 4001 1175 ἡρμη-

2320 1191 2594 1247 νεύθησαν.

2395 1280 2548 1331 mea
2560 1299 2580 1340 ς
2611 1311 2670 1319 -
2728 1283 2890 1338 ταύτη
2903 1322 2914 1334 .

2985 1283 3164 1344 Καθὼς
3222 1281 3404 1342 ἐκεῖνος
3452 1281 3676 1352 ἐγένετο
3757 1290 4002 1352 σημεῖον

2320 1371 2462 1439 παρά
2489 1375 2596 1428 τοῖς
2627 1372 2936 1437 Νινευίταις,
2992 1375 3252 1435 τουτέστι,
3310 1368 3621 1446 παράδοξον
3677 1373 3996 1442 ἄκουσμα,

2321 1458 2396 1508 ὅτι
2447 1459 2716 1533 ὑπερφυῶς
2765 1457 2819 1510 ἐκ
2891 1467 2983 1520 τῆς
3037 1459 3234 1520 κοιλίας
3288 1467 3378 1512 τοῦ
3435 1466 3636 1520 κήτους
3732 1459 3996 1534 ἒῤῥύσθπ

2321 1551 2588 1620 τριήμερος
2623 1565 2635 1577 ·
2671 1548 2804 1600 οὕτω
2842 1553 2932 1600 καὶ
2987 1549 3137 1610 οὗτος
3189 1555 3459 1620 γενήσεται
3517 1557 3785 1621 σημεῖον
3842 1552 3998 1621 παρὰ

2319 1643 2380 1708 τῇ
2414 1643 2562 1707 ’γενεᾷ
2612 1646 2710 1688 τῶν
2761 1636 2993 1690 ἀπίστων
3069 1635 3361 1704 Ἰουδαίων,
3427 1642 3566 1702 ἤτοι,
3633 1635 3994 1713 παράδοξον

2319 1726 2582 1797 ἄκουσμα,
2637 1728 2718 1778 ὅτι
2773 1728 3040 1800 ὑπερφυῶς
3103 1726 3157 1778 ἐκ
3204 1737 3294 1788 τῆς
3341 1736 3441 1799 γῆς
3514 1727 3742 1786 ἀνέστη
3818 1733 3988 1802 τριέ-

542 1812 882 1868 surrexerit.
914 1812 1028 1868 Sed
1079 1812 1339 1868 Ninivitae
1375 1829 1518 1869 sane
1559 1811 1938 1868 crediderunt
1990 1811 2202 1867 auditae

2321 1834 2491 1888 μερος.
2525 1815 2680 1866 Ἀλλά
2726 1822 2991 1867 Νινευῖται
3029 1819 3118 1888 μὲν
3151 1821 3240 1868 καὶ
3269 1817 3577 1869 ἐπίστευσαν
3611 1825 3703 1887 τῷ
3740 1819 3988 1884 τοιούτῳ

542 1900 818 1969 novitati,
839 1915 911 1957 ac
933 1901 1292 1957 obedierunt
1315 1901 1430 1968 his,
1454 1917 1588 1973 quae
1620 1904 1795 1957 Jonas
1820 1899 2167 1972 praedicavit
2191 1917 2204 1954 :

541 1988 605 2044 hi
659 2005 803 2045 vero
860 2004 968 2044 nec
1025 1990 1405 2045 crediderunt
1475 2006 1587 2044 nec
1639 1989 2018 2055 obedierunt,
2068 1989 2207 2044 ideo

543 2093 782 2150 quoque
813 2077 897 2132 illi
947 2078 1441 2134 condemnabunt
1468 2079 1631 2148 istos,
1667 2077 1840 2133 sicuti
1858 2078 2039 2150 paqu
2073 2082 2207 2148 post

543 2165 1043 2223 manifestabitur.

617 2257 782 2312 Vers.
803 2257 894 2311 31.
923 2257 1142 2327 Regina
1165 2288 1235 2296 —
1258 2256 1366 2313 hoc
1394 2257 1620 2313 inloco.
1655 2257 1800 2314 Haec
1824 2261 1879 2312 et
1900 2256 2204 2312 Matthaeus

542 2345 816 2419 praedicto
835 2344 964 2402 loco
995 2346 1308 2418 proposuit
1332 2365 1348 2406 ;
1385 2352 1442 2403 et
1469 2346 1548 2402 ibi
1577 2362 1774 2420 quaere
1795 2346 2013 2416 horum
2037 2361 2206 2402 enar-

510 2424 517 2434 ’
542 2435 860 2492 rationem.

614 2524 776 2581 Vers.
805 2528 894 2581 32.
939 2524 1066 2581 Viri
1097 2555 1150 2564 -
1181 2523 1286 2582 hoc
1314 2525 1377 2581 in
1403 2527 1548 2582 loco-
1579 2529 1640 2580 In
1661 2525 1761 2581 illo
1791 2525 1983 2598 capite
2022 2525 2204 2581 etiam

539 2613 665 2670 haec
717 2614 949 2686 scripsit
991 2614 1322 2679 Matthaaus,
1363 2620 1692 2688 antequam
1738 2615 1813 2671 de
1855 2616 2062 2684 regina
2093 2616 2204 2668 Au-

542 2702 646 2758 stri
679 2719 694 2770 ;
728 2702 857 2772 lege
879 2703 1116 2772 ergoibi
1137 2702 1358 2759 horum
1373 2721 1617 2777 quoque
1653 2703 2200 2776 interpretationem

540 2792 969 2849 rationabiliter
995 2798 1351 2848 enarratam.

613 2881 778 2937 Vers.
808 2885 896 2936 33.
950 2881 1132 2937 Nemo
1192 2912 1256 2921 —
1307 2881 1565 2938 videant.
1598 2881 1833 2936 Dictum
1887 2881 2069 2936 estde
2105 2881 2199 2936 his

541 2969 753 3043 quinto
769 2985 832 3024 ca
844 2970 964 3041 pite
984 2969 1287 3039 Evangelii
1299 2971 1319 3040 j
1331 2976 1468 3025 uxta
1481 2971 1951 3036 Matthaaum,ubi
1965 2971 2197 3034 dicitur,

539 3058 674 3116 Non
698 3064 888 3129 potest
913 3058 1121 3116 civitas
1147 3060 1432 3115 abscondi
1450 3075 1628 3130 supra
1648 3065 1892 3116 montem
1918 3060 2197 3128 posita“.

543 3147 713 3203 Exiis
736 3148 918 3216 enim,
967 3164 1104 3220 quae
1138 3148 1220 3204 ibi
1269 3148 1429 3205 dicta
1478 3154 1634 3214 sunt,
1669 3149 1850 3204 etiam
1890 3149 2019 3204 haec
2080 3149 2199 3220 ple-
2228 3185 2270 3242 C

541 3237 780 3293 nissime
827 3237 933 3292 tibi
970 3242 1114 3294 nota
1143 3238 1305 3293 ﬁcnt.
1347 3237 1772 3294 Absconditum
1809 3244 2010 3294 autem
2037 3238 2196 3303 dicit,

540 3325 833 3383 occultum
863 3325 1257 3383 domicilium.

615 3414 778 3472 Vers.
807 3419 895 3472 34.
913 3416 1660 3474 Lucerna—tenebrosum.
1680 3419 1840 3473 Hanc
1862 3417 2042 3473 etiam
2062 3432 2195 3474 con-

541 3504 960 3563 siderationem
990 3507 1221 3578 scripsit
1272 3507 1574 3563 Matthaeus
1623 3506 1829 3580 quinto
1881 3508 2094 3580 capite,
2145 3512 2199 3562 et

541 3593 622 3651 ibi
648 3610 845 3666 quaere
873 3595 1419 3668 interpretationem
1437 3595 1748 3666 diligenter
1765 3597 2122 3669 expositam.

613 3770 772 3829 Vers.
801 3772 891 3829 35.
933 3773 1077 3831 Vide
1109 3804 1178 3814 —
1202 3773 1340 3830 sint.
1393 3774 1684 3841 Observa,
1740 3790 1812 3830 ne
1841 3789 2035 3844 mens,
2073 3773 2201 3830 ani-

537 3877 656 3919 mm
701 3867 816 3919 tuas
875 3861 1139 3920 fenestra
1228 3863 1331 3935 (ὁ),
1390 3862 1810 3920 aﬂectionibus
1848 3863 2200 3919 obtenebre-

538 3955 651 4007 tur.

610 4043 774 4099 Vers.
844 4041 934 4097 36.
981 4041 1047 4097 Si
1102 4048 1172 4098 te.
1207 4041 1295 4097 Ab
1349 4042 1622 4114 exemplo
1666 4042 1812 4114 ejus,
1847 4042 2013 4115 quod
2045 4043 2199 4098 circa

496 4119 756 4201 'corpus
783 4129 1016 4195 accidit,
1059 4127 1210 4200 facit,
1256 4134 1316 4186 ut
1391 4131 1465 4185 de
1517 4132 1722 4187 anima
1769 4131 2192 4202 intelligamus.

537 4218 710 4286 cujus
739 4217 823 4274 illi
851 4217 1042 4288 major
1087 4233 1231 4275 cura
1279 4225 1386 4274 est.
1424 4220 1583 4276 Sicut
1621 4222 1778 4275 enim
1813 4220 1874 4275 in
1929 4235 2193 4292 corpore.

535 4311 620 4368 ita
667 4305 805 4360 etin
846 4306 1093 4372 anima;
1137 4307 1183 4362 si
1223 4307 1350 4363 haec
1408 4313 1529 4364 tota
1573 4309 1773 4363 lucida
1821 4309 2013 4374 fuerit,
2078 4325 2197 4365 non

535 4394 762 4450 habens
809 4394 1141 4468 quidquam
1199 4395 1506 4453 affectione
1562 4397 1953 4464 tenebrosum,
2007 4414 2199 4471 neque

534 4482 843 4550 rationale,
884 4499 1080 4556 neque
1127 4485 1437 4550 irascibile,
1473 4502 1667 4558 neque
1715 4488 2195 4558 concupiscibile,

535 4573 643 4630 erit
671 4572 866 4629 lucida
897 4578 1036 4640 tota,
1080 4573 1231 4631 sicut
1268 4575 1516 4647 quando
1548 4576 1793 4632 lucerna
1835 4577 2062 4648 fulgore
2088 4595 2198 4632 suo

531 4661 829 4720 illuminat
869 4668 942 4727 te,
991 4662 1106 4720 hoc
1136 4670 1242 4730 est,
1299 4664 1790 4737 splendidissima
1837 4683 1909 4722 ac
1961 4666 2198 4722 lucidis-

535 4767 713 4809 alma.

606 4841 764 4898 CAP.
785 4842 934 4900 XLII.
955 4843 1037 4899 De
1049 4843 1342 4913 pharisaeo
1361 4845 1461 4916 qui
1498 4846 1804 4902 Dominum
1831 4845 2122 4902 invitavit.

606 5022 776 5092 Vers,
815 5025 904 5077 37.
935 5022 1014 5078 Et
1047 5053 1102 5064 —
1151 5038 1227 5079 se.
1270 5025 1416 5080 Cum
1446 5023 1682 5081 locutus
1709 5031 1881 5092 esset,
1910 5041 2042 5099 quae
2061 5027 2194 5100 jam

533 5114 688 5170 dicta
748 5115 906 5168 sunt.
968 5116 1176 5184 Ηρώτα,
1213 5112 1328 5170 hoc
1385 5119 1490 5183 est,
1532 5114 1985 5187 deprecabatur,
2035 5117 2190 5174 sicut

605 5291 652 5329 ει
675 5291 877 5350 Matth.
908 5307 969 5363 v,
1003 5293 1098 5350 44.

2319 1902 2631 1976 ἁκούσματι,
2656 1909 2744 1956 καὶ
2794 1903 3131 1972 ἐπείσθησαν,
3156 1906 3229 1965 οἷς
3277 1905 3551 1980 ἐκήρυττεν
3591 1907 3831 1967 Ἰωνᾶς·
3893 1905 3980 1957 οὗ·

2315 2012 2396 2044 τοι
2437 1990 2495 2045 δε
2516 1998 2604 2046 καὶ
2629 1994 2934 2051 ἠπίστησαν
2965 1999 3054 2046 καὶ
3102 1995 3414 2052 ἠπείθησαν.
3455 1999 3542 2047 Διὸ
3600 2001 3712 2048 καὶ
3773 1999 3980 2048 ἐκεῖνοι

2315 2090 2689 2154 κατακρινοῦσι
2741 2085 2972 2146 τούτους,
3026 2085 3094 2145 ὡς
3154 2087 3285 2155 μετά
3336 2089 3520 2159 μικρὸν
3606 2081 3975 2143 δηλωθήσε-

2314 2189 2421 2222 ται.

2389 2258 2686 2313 Βασίλισσα
2731 2292 2795 2300 -
2835 2258 2956 2314 ὧδε.
3021 2269 3195 2313 Ταῦτα
3231 2267 3320 2314 καὶ
3360 2263 3705 2325 ὁΜατθαῖος
3778 2263 3833 2314 ἐν
3891 2271 3964 2332 τῷ

2316 2345 2600 2406 δηλωθέντι
2630 2349 2886 2421 κεφαλαίῳ
2914 2349 3130 2414 ἐξέθετο,
3161 2356 3250 2403 καὶ
3285 2352 3515 2412 ζήτησον
3552 2351 3666 2404 ἐκεῖ
3698 2358 3807 2410 τήν
3835 2355 3955 2402 τού-

2313 2457 2411 2488 των
2440 2436 2706 2508 ἐξήγησιν.

2383 2523 2600 2600 Ἀνδρες
2638 2557 2701 2566 --
2727 2524 2850 2580 ὧδε.
2904 2528 2986 2578 Ἐν
3019 2527 3189 2599 ἐκείνῳ
3216 2538 3286 2600 τῷ
3333 2529 3589 2600 κεφαλαίῳ
3637 2536 3736 2582 καὶ
3769 2538 3944 2582 ταῦτα

2312 2619 2575 2676 Ματθαίος
2607 2614 2882 2690 ἀνέγραψε,
2912 2621 3010 2691 πρὸ
3042 2627 3139 2669 τῶν
3171 2623 3288 2690 περὶ
3335 2627 3428 2680 τῆς
3455 2617 3800 2690 βασιλίσσης
3844 2627 3937 2670 τοῦ

2309 2713 2479 2770 νότου,
2514 2711 2603 2757 καὶ
2633 2704 2892 2776 ἀνάγνωθι
2933 2712 3024 2758 καὶ
3079 2712 3172 2765 τήν
3238 2711 3432 2760 τούτων
3483 2708 3755 2782 ἑρμηνείαν
3797 2708 3921 2772 ἐκεῖ,

2309 2798 2444 2846 κατά
2472 2795 2621 2864 λόγον
2662 2793 3020 2865 ἐξηγηθείσαν.

2380 2881 2568 2943 Οὐδεὶς
2626 2916 2686 2924 -—
2760 2882 3040 2955 βλέπωσιν.
3104 2889 3322 2958 Εἰρηται
3379 2893 3500 2958 περὶ
3549 2883 3898 2952 τούτωνέντῷ

2309 2977 2524 3044 πέμπτῳ
2555 2971 2813 3044 κεφαλαίῳ
2841 2981 2931 3024 τοῦ
2971 2977 3106 3024 κατά
3137 2976 3426 3038 Ματθαῖον,
3456 2977 3575 3027 aea
3615 2983 3780 3026 κεῖται
3801 2977 3858 3022 τό
3882 2989 3892 3000 ·

2311 3061 2384 3112 Ού
2415 3057 2636 3113 δύναται
2662 3062 2808 3123 πόλις
2857 3061 3112 3134 κρυϐῆναι
3143 3062 3311 3114 ἐπάνω
3339 3068 3489 3136 ὀρους
3515 3069 3745 3135 κειμένη.
3778 3063 3905 3112 Ἀπὸ

2307 3157 2430 3220 γοῦν
2485 3159 2586 3202 τῶν
2652 3151 2904 3224 ῥηθέντων
2951 3150 3052 3203 ἐκεῖ
3100 3158 3188 3203 καὶ
3251 3160 3418 3204 ταῦτα
3472 3155 3773 3225 σαφέστατά
3833 3169 3913 3202 σοι

2307 3243 2636 3310 γενήσονται.
2689 3244 2933 3312 Κρυπτὴν
2995 3237 3053 3292 δὲ
3096 3248 3182 3291 νῦν
3223 3240 3379 3313 λέγει,
3446 3247 3537 3299 τήν
3602 3241 3910 3314 ἀπόκρυφον

2309 3328 2496 3382 οἰκίαν.

2377 3416 2434 3467 Ὀ
2490 3416 2682 3488 λύχνος
2738 3449 2806 3458 -—
2871 3423 3156 3474 σκοτεινόν,
3223 3425 3388 3470 Τοῦτο
3431 3422 3488 3470 τό
3535 3423 3710 3490 νόημα
3755 3423 3848 3470 καὶ
3892 3418 3916 3468 ὁ

2308 3507 2578 3568 Ματθαῐος
2673 3506 2946 3580 ἱστόρησεν
3031 3507 3078 3558 ἐν
3168 3516 3238 3578 τῷ
3328 3512 3544 3579 πέμπτῳ
3626 3508 3910 3580 κεφαλαίῳ,

2307 3599 2396 3646 καὶ
2446 3597 2673 3656 ζήτησον
2705 3593 2752 3645 ἐν
2779 3594 2951 3666 ἐκείνῳ
3002 3601 3093 3653 τήν
3125 3595 3378 3663 ἐπίλυσιν,
3435 3595 3659 3668 ἀκριϐῶς
3695 3597 3914 3650 ἐκτεθει-

2307 3688 2482 3756 μένην.

2380 3779 2563 3826 Σκόπει
2593 3806 2658 3814 -
2713 3773 2844 3828 ἐστί.
2876 3780 3078 3841 Σκόπει,
3112 3781 3182 3847 μή
3218 3778 3242 3828 ὁ
3273 3783 3390 3837 νοῦς
3419 3777 3443 3827 ὁ
3474 3781 3790 3848 φωταγωγός
3817 3784 3914 3836 τῆς

2306 3863 2493 3935 ψυχῆς
2522 3883 2615 3916 σου
2651 3867 2902 3938 σκοτισθῇ
2930 3864 3041 3936 (99)
3073 3867 3172 3917 ὑπὸ
3213 3874 3311 3917 τῶν
3348 3868 3548 3918 παθῶν.

2385 4043 2443 4097 Εἰ
2469 4075 2537 4082 —
2572 4063 2647 4095 σε.
2705 4042 2831 4095 Ἀπὸ
2859 4052 2948 4095 τού
2981 4047 3116 4095 κατά
3153 4047 3208 4096 τό
3273 4053 3425 4115 σῶμα
3481 4041 3909 4118 παραδείγματος

2310 4139 2425 4206 περὶ
2457 4142 2551 4194 τῆς
2581 4132 2766 4203 ψυχῆς
2789 4129 2986 4184 δίδωσι
3016 4141 3162 4197 νοεῖν,
3202 4135 3260 4194 ἧς
3291 4133 3478 4204 μᾶλλον
3515 4135 3655 4205 αὐτῲ
3684 4140 3904 4206 φροντίς.

2308 4221 2506 4294 Ὠσπερ
2536 4225 2635 4296 γὰρ
2670 4221 2752 4273 ἐπὶ
2782 4229 2871 4273 τού
2914 4228 3172 4293 σώματος,
3207 4224 3340 4274 οὕτω
3368 4229 3454 4274 καὶ
3472 4223 3555 4275 ἐπὶ
3582 4233 3676 4286 τῆς
3699 4225 3901 4295 ψυχῆς,

2311 4309 2392 4361 ἐὰν
2421 4313 2550 4368 αὕτη
2586 4311 2673 4368 ὅλη
2711 4316 2922 4382 φωτεινη
2961 4315 3064 4380 εἴη,
3090 4317 3160 4382 μή
3186 4315 3388 4382 ἔχουσα
3403 4309 3569 4383 μηδὲν
3595 4319 3743 4385 μέρος
3764 4313 3907 4365 ἐσκο-

2310 4404 2546 4470 τισμένον
2581 4403 2754 4456 πάθει.
2803 4407 2930 4472 μήτε
2976 4405 3032 4452 τό
3061 4401 3380 4470 λογιστικόν,
3413 4407 3544 4472 μήτε
3575 4406 3631 4454 τό
3665 4405 3898 4474 θυμικὸν,

2309 4495 2439 4558 μήτε
2485 4493 2540 4540 τό
2572 4488 2965 4560 ἐπιθυμητικόν,
3021 4493 3169 4541 ἔσται
3228 4497 3441 4562 φωτεινη
3486 4493 3576 4549 ὅλη
3636 4495 3807 4552 οὕτως,
3838 4495 3899 4548 ως

2309 4580 2428 4629 ὅταν
2459 4579 2482 4628 ό
2513 4577 2792 4650 λύχνος
2828 4577 3068 4652 ἀστραπῇ
3101 4580 3259 4632 αὑτοῦ
3301 4582 3499 4655 φωτίζῃ
3537 4601 3609 4642 σε,
3642 4584 3886 4639 τουτέστι,

2307 4666 2643 4742 λαμπροτάτη
2685 4673 2772 4720 καὶ
2805 4664 3158 4742 φαιδροτάτη.

2415 4852 2559 4902 ΚΕΦ.
2593 4845 2714 4902 ΜΒ’.
2758 4852 2882 4920 Περὶ
2912 4855 3002 4900 τοῦ
3032 4853 3322 4922 Φαρισαίου
3366 4857 3457 4902 τοῦ
3487 4847 3793 4910 καλέσαντος

2955 4941 3040 4990 τὸν
3072 4938 3301 4996 Ἰησοῦν.

2375 5027 2456 5080 Ἐν
2504 5057 2574 5068 -
2633 5025 2792 5099 αύτῷ.
2848 5027 2934 5081 Ἐν
2971 5035 3043 5080 τῶ
3099 5027 3345 5095 λαλῆσαι³
3397 5030 3464 5082 τὰ
3499 5025 3607 5088 ἤδη
3649 5028 3897 5104 ῥηθέντα.

2305 5117 2510 5192 Ἠρὼτα
2575 5113 2655 5186 δε,
2719 5115 2833 5170 ἀντὶ
2897 5125 3009 5185 τοῦ,
3078 5117 3358 5194 παρεκάλει
3419 5120 3597 5181 καθὼς
3657 5117 3908 5180 πολλακίς

1713 5392 1962 5463 'Variae
2014 5392 2344 5463 lectiones
2391 5403 2458 5464 et
2496 5402 2701 5463 nota.

604 5521 719 5594 (99)
748 5523 1088 5595 Ἐσκοτισθη,
1111 5525 1182 5592 Β,

603 5647 681 5726 ίᾳ)
709 5647 925 5726 creata
949 5654 1057 5707 est.
1075 5649 1236 5726 Legit
1255 5666 1395 5726 ergo
1434 5651 1935 5726 etiammpuxtvat.

593 5719 674 5798 (ὁ)
704 5719 934 5780 Anima
973 5719 1500 5795 tuafenestra'ouaa
1535 5719 1780 5783 animum
1825 5729 1941 5782 tum
1976 5724 2324 5784 collustrat.
