4170 6364
224 338 343 393 977

1247 336 1609 394 COMMENT.
1658 338 1721 393 IN
1762 332 2030 391 LUCAM.
2072 366 2139 377 —
2178 337 2336 395 CAP.
2377 343 2475 396 XI.

3516 345 3619 405 978

228 465 583 537 ἡρμήνευται.
628 470 792 516 Τοῦτο
847 458 906 515 δε
933 462 1111 526 ἐποίει,
1151 458 1397 516 δεικνύων
1451 464 1630 517 ἑαυτὸν
1661 464 1836 517 ἀνώτε-

1954 461 2296 535 frequenter
2316 466 2602 533 diximus,
2624 472 2725 524 aut
2742 466 3053 524 invitabat.
3075 468 3194 523 Hoc
3220 473 3419 527 autem
3441 470 3618 530 facie-

226 573 322 627 ρον
367 563 470 605 τῶν
519 553 678 605 ἄλλων
732 558 1049 626 Φαρισαίων,
1106 556 1193 603 καὶ
1245 561 1339 614 τῆς
1388 553 1588 605 ἐκείνων
1642 553 1844 625 βασκα-

226 648 344 703 νίας
399 643 678 714 ἐλεύθερον.
728 642 786 694 Ὀ
832 639 891 694 δὲ
946 645 1174 715 Χριστὸς
1232 645 1483 707 πείθεται,
1532 642 1843 715 βουλόμενος

231 731 668 804 ἀποχρήσασθαι
755 739 818 804 τῇ
898 734 1128 803 τραπέζῃ
1209 736 1338 806 πρὸς
1402 734 1672 785 νουθεσίαν
1754 740 1844 783 τοῦ

228 822 566 895 ἑστιάτορος.

310 911 574 963 Εἰσελθὼν
644 942 712 950 -
793 909 1033 983 ἀρίστου.
1084 910 1171 971 Ὠς
1250 919 1310 968 ῆν
1376 913 1509 981 ἔθος,
1574 912 1631 963 ού
1692 917 1844 983 μόνον

228 1006 573 1075 Φαρισαίοις,
637 1000 764 1052 ἀλλὰ
815 1004 904 1051 καὶ
962 1006 1122 1052 πᾶσιν
1170 996 1469 1063 Ἰουδαίοις.
1512 1006 1644 1059 Φησὶ
1686 1004 1845 1074 γὰρὸ

227 1093 457 1160 Μάρκος
504 1088 550 1141 ἐν
588 1098 659 1159 τῷ
711 1085 1138 1160 ὀκτωκαιδεκάτῳ
1180 1089 1459 1161 κεφαλαίῳ·
1502 1093 1579 1143 ὅτι
1609 1094 1657 1143 οι
1692 1099 1845 1164 Φαρι-

232 1186 389 1231 σαῖοι
422 1184 511 1231 καὶ
550 1181 732 1239 πάντες
784 1180 832 1230 οἰ
863 1175 1131 1239 Ἰουδαῖοι,
1183 1178 1266 1231 ἐὰν
1309 1185 1380 1251 μὴ
1430 1189 1612 1253 πυγμῇ
1654 1181 1847 1252 νὶψων-

228 1289 322 1320 ται
384 1272 481 1329 τὰς
536 1276 740 1341 χεῖρας,
784 1268 876 1319 οὐκ
916 1267 1170 1333 ἐσθίοντι,
1207 1277 1509 1341 κρατοῦντες
1554 1275 1643 1328 τὴν
1673 1273 1845 1343 παρά-

228 1356 395 1411 δοσιν
428 1368 526 1410 τῶν
557 1358 939 1432 πρεσϐυτέρων·
975 1364 1063 1409 καὶ
1112 1358 1213 1411 ἀπὸ
1270 1361 1478 1433 ἀγορᾶς,
1532 1360 1615 1413 ἐὰν
1660 1367 1729 1432 μὴ
1765 1363 1844 1433 (1)

227 1446 629 1519 βαπτίσωνται,
681 1448 775 1498 οὐκ
809 1447 1067 1499 ἐσθίουσι.
1122 1445 1375 1520 Ούδαμού
1407 1453 1495 1521 μὲν
1533 1453 1633 1522 γὰρ
1667 1451 1841 1513 αὐτοῖς

222 1540 248 1588 6
297 1540 441 1597 Θεὸς
488 1535 765 1588 ἐνετείλατο
814 1540 870 1588 τὸ
934 1546 1165 1589 τοιοῦτον
1224 1537 1521 1610 βάπτισμα.
1588 1536 1842 1610 Παρέδω-

220 1646 321 1677 καν
360 1623 422 1677 δε
466 1628 669 1685 τούτοις
717 1628 763 1676 οἱ
808 1626 1150 1700 πρεσϐύτεροι
1194 1630 1324 1699 μετά
1371 1633 1459 1679 καὶ
1507 1629 1667 1679 ἄλλων
1714 1628 1837 1681 ἐθῶν

221 1720 315 1766 καὶ
360 1723 538 1779 τοῦτο,
575 1711 848 1775 δοκοῦντες
874 1715 1222 1768 ἀπολούεσθαι
1238 1723 1411 1768 πᾶσαν
1436 1717 1836 1791 προστριϐεῑσαν

225 1803 411 1865 αὐτοῖς
444 1802 491 1855 ἐν
514 1812 573 1875 τῇ
610 1803 777 1879 ἀγορᾷ
801 1802 1015 1863 κηλίδα.

300 1982 438 2043 Eine
504 2017 572 2027 —
624 1990 896 2060 πονηρίας.
972 1984 1230 2059 Ἀφορμῆς
1295 1986 1505 2057 εύλόγου
1581 1983 1837 2059 δραξάμε-

220 2099 309 2138 νος
373 2076 587 2147 ἐλέγχει
646 2080 765 2137 τοὺς
837 2080 1151 2149 Φαρισαίους
1219 2078 1411 2138 πάντας
1494 2073 1588 2128 διὰ
1673 2081 1834 2148 μέσου

222 2176 321 2219 τοῦ
394 2166 669 2225 ἐστιῶντος
724 2165 900 2235 αὐτὸν,
961 2168 1027 2227 ὡς
1074 2162 1360 2229 δοκοῦντας
1415 2170 1503 2238 μὲν
1563 2167 1833 2239 ὑπερέχειν

223 2265 329 2308 τῶν
388 2255 554 2306 ἄλλων
602 2252 892 2319 Ἰουδαίων,
929 2259 1075 2317 ὄντας
1122 2252 1295 2308 δὲκαὶ
1326 2255 1510 2316 αύτούς
1542 2255 1831 2315 ἀσυνέτους.

226 2350 509 2420 ΙΙοτηρίων
567 2342 624 2397 δὲ
672 2352 959 2402 τηνικαῦτα
1007 2350 1096 2396 καὶ
1164 2347 1391 2397 πινάκων
1444 2346 1832 2419 εἰσφερομένων,

226 2436 333 2488 ἀπὸ
408 2438 598 2487 τούτων
669 2443 946 2507 προσφυῶς
998 2432 1144 2487 ΰαϐε
1216 2439 1271 2487 τό
1324 2432 1679 2508 παράδειγμα,
1742 2432 1833 2487 ὃιά

223 2530 429 2578 τούτων
491 2525 835 2595 αἰνιττόμενος
884 2526 1099 2576 ἕκαστον
1161 2532 1459 2599 Φαρισαῖον.
1511 2530 1610 2577 Καὶ
1653 2524 1832 2587 ἔξωθεν

222 2619 317 2688 μεν
376 2615 538 2666 αύτοῡ
585 2614 738 2684 λέγει,
792 2613 849 2664 τό
926 2622 1095 2685 σῶμα,
1153 2616 1221 2674 ὡς
1272 2619 1590 2686 φαινόμενον·
1647 2616 1832 2665 ἔσωθεν

226 2705 309 2769 δε,
370 2709 465 2761 τὴν
540 2703 724 2773 ψυχὴν
814 2704 883 2762 ὡς
966 2708 1337 2774 κεκρυμμένην.
1412 2706 1655 2776 Διασύρει
1707 2710 1831 2773 γοῦν

224 2794 440 2856 αύτούς,
482 2795 544 2851 ὡς
573 2796 630 2842 τὸ
685 2794 773 2862 μὲν
819 2800 971 2862 σῶμα
1012 2794 1367 2863 καθαίροντας,
1410 2797 1503 2849 τὴν
1549 2789 1607 2844 δε
1648 2792 1833 2863 ψυχὴν

228 2883 424 2941 ἐῶντας
482 2879 791 2952 ἀκάθαρτον.
854 2882 923 2931 T6
976 2883 1073 2954 γὰρ
1130 2877 1358 2937 δηλωθεν
1412 2880 1694 2953 βάπτισμα
1746 2884 1832 2932 τὸν

233 2973 536 3041 σωματικὸν
568 2974 718 3041 μόνον
744 2970 820 3040 (2)
874 2970 1036 3043 ῥύπον
1080 2968 1415 3041 ἀποσμήχειν
1448 2968 1684 3024 δύναται.
1710 2969 1833 3023 Εἶπε

236 3054 298 3110 δὲ
330 3067 497 3110 ταῦτα
527 3062 661 3111 κατά
685 3068 784 3109 τῶν
816 3063 1110 3133 Φαρισαίων
1149 3065 1239 3111 καὶ
1290 3059 1337 3111 ἐν
1386 3068 1458 3132 τῷ
1505 3069 1834 3131 πεντηκοστῷ

233 3150 369 3219 ἕκτῳ
401 3149 658 3221 κεφαλαίῳ
690 3156 779 3200 τοῦ
808 3151 942 3200 κατά
966 3151 1251 3201 Ματθαίον.

308 3332 557 3400 "Appone;
634 3360 701 3370 -—
774 3329 1051 3395 ἐποίησενς
1121 3328 1257 3390 Ἐνός
1328 3329 1561 3382 πλάστου
1632 3335 1837 3404 ποίημα

235 3422 419 3468 καὶτὸ
453 3428 604 3489 σῶμα
638 3424 727 3471 καὶ
775 3422 804 3477 ἡ
851 3418 1028 3490 ψυχή.
1081 3424 1225 3471 Διατί
1274 3419 1360 3470 οὖν
1400 3420 1527 3490 οὐχὶ
1569 3424 1659 3471 καὶ
1712 3422 1836 3470 ταύ-

237 3526 333 3563 την
364 3508 668 3577 καθαρίζετε
702 3510 823 3574 ;Ἐν
874 3504 933 3560 δὲ
984 3517 1055 3578 τῷ
1098 3504 1378 3566 δηλωθέντι
1432 3509 1687 3579 κεφαλαίῳ
1746 3527 1836 3579 φα-

236 3602 511 3669 νερώτερον
566 3595 762 3667 εἰρηκεο
818 3602 1069 3670 Φαρισαῖε
1100 3597 1273 3669 τυφλέ,
1325 3600 1609 3671 καθάρισον
1635 3606 1839 3671 πρῶτον

240 3688 296 3736 τὸ
332 3683 468 3745 ἐντός
494 3693 584 3736 τοῦ
614 3692 863 3761 ποτηρίου
895 3692 984 3738 καὶ
1013 3696 1103 3747 τῆς
1132 3683 1451 3760 παροψίδος,
1492 3686 1577 3738 ἳνα
1624 3692 1837 3758 γένηται

236 3778 423 3826 καὶτὸ
475 3773 613 3835 ἐκτὸς
658 3776 826 3828 αὐτῶν
877 3778 1124 3849 καθαρὸν,
1180 3781 1268 3827 καὶ
1324 3776 1554 3836 ζήτησον
1600 3779 1706 3828 ἐκεῖ
1743 3781 1837 3835 τὴν

236 3863 509 3935 ἐξήγησιν.

310 3953 447 4011 Πλὴν
521 3985 584 3993 -
658 3957 789 4007 ἐστί.
884 3954 1061 4017 Δείξας
1132 3957 1372 4027 περιττὸν
1446 3959 1535 4005 καὶ
1614 3956 1834 4027 μάταιον

234 4046 293 4094 τό
350 4044 609 4115 εἰρημένον
662 4042 959 4114 βάπτισμα,
1017 4042 1192 4095 λοιπὸν
1224 4049 1393 4115 χωρεῖ
1425 4046 1561 4095 κατὰ
1614 4052 1703 4104 τῆς
1752 4065 1832 4115 φι-

234 4130 544 4203 λαργυρίας,
615 4136 731 4192 ἣτις
818 4132 1049 4204 μάλιστα
1128 4134 1433 4205 κατεκράτει
1491 4136 1685 4185 τούτων
1744 4138 1833 4185 καὶ

235 4224 600 4292 προτρέπεται,
684 4217 757 4272 δι’
838 4220 1183 4293 ἐλεημοσύνης
1264 4224 1549 4295 καθαρίσαι
1621 4228 1703 4274 καὶ
1774 4226 1831 4275 τὸ

240 4316 411 4379 σῶμα,
446 4314 533 4359 καὶ
582 4314 673 4367 τὴν
721 4310 922 4381 ψυχὴν,
962 4311 1137 4382 λέγων,
1174 4314 1251 4362 ὅτι
1303 4315 1378 4363 Τά
1426 4311 1618 4377 ἐνόντα,
1648 4316 1828 4383 ἤγουν,

238 4400 303 4447 τὰ
356 4396 718 4471 ἐναποκείμενα
772 4399 848 4470 (3)
899 4406 1157 4474 χρήματα
1202 4396 1322 4451 δότε
1359 4406 1572 4458 πένησιν
1626 4400 1832 4472 ἐλεημοο

239 4488 417 4550 σύνην,
460 4492 548 4538 καὶ
600 4490 769 4539 πάντα
818 4490 946 4560 ὁμοῦ
999 4491 1506 4562 καθαρισθήσονται,
1539 4495 1628 4542 καὶ
1680 4497 1835 4562 σῶμα

234 4581 324 4627 καὶ
352 4574 527 4647 ψυχή.

308 4665 771 4739 Οὶκονομικώτατα
832 4664 889 4720 δὲ
942 4676 1095 4722 τοῦτο
1141 4667 1295 4738 εἶπεν,
1365 4668 1653 4733 ἀπαλλάξαι
1715 4672 1832 4721 τού-

307 4845 355 4879 ⁸²
395 4846 563 4901 Marc.
598 4861 698 4917 vn,
742 4850 794 4913 3,
826 4848 880 4902 4.
960 4848 1006 4883 ⁸³
1041 4848 1241 4905 Matth.
1282 4863 1448 4918 xxnI,
1513 4851 1605 4906 26.

1952 551 2070 608 bat.
2103 555 2443 620 ostendens,
2470 572 2531 611 se
2557 554 3038 628 praestantiorem
3066 571 3198 612 esse
3222 560 3449 615 casteris
3472 561 3617 618 Pha-

1954 640 2165 707 rismis,
2199 643 2353 700 etab
2374 644 2609 700 illorum
2645 646 2871 701 invidia
2892 645 3169 702 liberum.
3190 646 3455 706 Christus
3471 666 3614 707 vero

1954 736 2140 801 paret,
2172 734 2419 804 cupiens
2442 750 2654 792 mensa
2683 735 2765 790 uti
2796 735 2873 790 ad
2904 736 3305 792 convivatoris
3336 739 3618 797 admoni-

1954 819 2199 875 tionem.

2027 909 2189 965 Vers.
2210 915 2297 967 37.
2320 913 2631 983 Ingressus
2650 944 2717 953 —
2736 913 2901 968 Vers.
2928 917 3013 969 38.
3027 914 3374 983 prandium.
3400 919 3615 983 Quem-

1956 1000 2285 1057 admodum
2326 1005 2509 1059 moris
2540 1007 2685 1069 erat,
2716 1019 2836 1058 non
2874 1009 3107 1060 tantum
3138 1004 3472 1070 Pharisaeis,
3503 1009 3612 1065 sed

1955 1091 2252 1147 etJudaais
2279 1094 2581 1148 omnibus.
2610 1094 2705 1148 Ait
2728 1092 2888 1147 enim
2920 1092 3154 1149 Marcus
3183 1093 3243 1148 in
3264 1094 3379 1151 tina
3395 1096 3613 1154 decimi

1958 1180 2195 1251 septimi
2248 1182 2477 1253 capitis,
2529 1183 2693 1255 quod
2729 1181 3031 1249 Pharisaei,
3064 1186 3119 1238 et
3162 1197 3372 1240 omnes
3418 1186 3611 1243 Judaei

1955 1268 2070 1324 nisi
2088 1270 2295 1326 crebro
2322 1270 2592 1338 laverint,
2622 1287 2743 1327 non
2767 1271 3005 1341 capiunt
3032 1271 3258 1341 cibum,
3281 1273 3609 1332 observan-

1954 1366 2039 1413 tes
2096 1359 2398 1415 mordicus
2454 1360 2835 1416 traditionem
2892 1360 3203 1418 seniorum
3236 1379 3250 1418 :
3283 1367 3340 1420 et
3389 1379 3427 1420 a
3478 1364 3609 1421 foro

1952 1455 2333 1513 revertentes,
2388 1450 2503 1505 nisi
2549 1450 2823 1518 laverint,
2858 1466 2983 1507 non
3034 1451 3363 1507 comedunt
3415 1454 3483 1509 ⁸³.
3517 1456 3610 1510 Et-

1951 1538 2106 1593 enim
2135 1540 2286 1593 Deus
2310 1554 2613 1610 nusquam
2627 1538 2976 1610 hujusmodi
2996 1539 3279 1596 lotionem
3293 1542 3377 1597 eis
3391 1557 3609 1614 prince-

1949 1628 2051 1698 pit,
2077 1629 2183 1682 sed
2216 1629 2478 1683 seniores
2518 1628 2629 1683 illis
2662 1628 3033 1683 tradiderunt
3072 1644 3209 1684 cum
3251 1631 3469 1687 caeteris
3498 1647 3609 1687 na-

1948 1717 2209 1773 tionibus
2232 1718 2307 1789 (c)
2334 1732 2721 1773 communem
2755 1733 2769 1772 :
2802 1717 2985 1789 idque
3014 1716 3261 1784 faciunt,
3303 1723 3602 1792 putantes,

1868 1805 1910 1859 Β
1948 1821 2010 1860 se
2061 1805 2585 1887 ablueraomnem
2625 1806 2948 1873 maculam,
2990 1822 3127 1879 quas
3171 1806 3315 1879 ipsis
3373 1808 3436 1865 in
3474 1809 3605 1867 foro

1948 1894 2223 1951 adhaesit.

2018 1985 2180 2039 Vers.
2225 1984 2315 2040 36.
2368 1984 2443 2039 Et
2485 1986 2572 2041 ait
2597 2013 2668 2027 —-
2696 1982 2929 2041 malitia
2986 1982 3274 2041 Oﬁ‘erente
3312 2000 3375 2042 se
3428 1987 3605 2045 ratio-

1945 2072 2128 2128 nabili
2186 2073 2504 2127 occasione
2556 2072 2751 2144 arguit
2796 2087 3007 2128 omnes
3064 2072 3401 2131 Pbarisaaos
3451 2074 3603 2133 inter

1945 2163 2297 2234 capiendum
2316 2161 2541 2225 cibum,
2570 2166 2858 2234 tanquam
2888 2176 3014 2227 eos,
3037 2162 3140 2234 qui
3171 2178 3233 2218 se
3264 2164 3601 2235 superiores

1944 2252 2375 2307 arbitrarentur
2403 2251 2671 2307 caeterisJ
2681 2250 2888 2316 udaais,
2902 2266 3258 2323 quanquam
3278 2252 3460 2310 etiam
3486 2253 3605 2327 ipsi

1943 2342 2292 2412 insipientes
2342 2345 2555 2397 essent.
2602 2341 2702 2396 Hic
2741 2345 2943 2396 autem
2983 2340 3243 2397 inductis
3282 2342 3515 2414 poculis
3548 2348 3605 2400 et

1942 2432 2181 2504 patinis,
2216 2436 2352 2502 apte
2384 2430 2643 2503 sumpsit
2672 2431 2749 2485 ab
2802 2430 2945 2502 ipsis
2985 2430 3340 2502 exemplum,
3393 2448 3605 2489 unum-

1942 2537 2241 2593 quemque
2286 2520 2718 2575 Pbarisreorum
2752 2534 2860 2591 per
2884 2519 3010 2575 hac
3039 2519 3376 2589 insinuans,
3408 2523 3473 2577 Et
3507 2537 3604 2578 ex-

1942 2611 2216 2665 teriorem
2234 2608 2481 2681 quidem
2494 2608 2623 2679 ejus
2645 2613 2877 2679 partem
2894 2606 3035 2663 dicit
3056 2624 3291 2679 corpus,
3310 2614 3601 2682 tanquam

1942 2715 2243 2771 apparens
2292 2697 2677 2753 :interiorem
2740 2712 2877 2752 vero
2945 2696 3237 2762 animam,
3308 2702 3603 2771 tanquam

1942 2788 2383 2844 absconditam.
2414 2788 2706 2858 Objurgat
2735 2792 2938 2842 autem
2968 2802 3095 2852 eos,
3129 2791 3194 2842 ut
3220 2787 3324 2859 qui
3346 2802 3604 2860 corpora

1942 2878 2185 2951 quidem
2219 2877 2618 2942 mundabant,
2648 2876 2913 2932 animam
2946 2891 3086 2932 vero
3108 2876 3490 2933 immundam
3517 2892 3603 2933 re-

1940 2968 2321 3041 linquebant.
2362 2967 2713 3023 Praadictnm
2743 2966 2901 3022 enim
2956 2966 3275 3037 baptisma,
3308 2967 3431 3024 sive
3460 2968 3603 3024 lotio

1943 3057 2282 3129 corporales
2337 3061 2568 3113 tantum
2625 3054 2834 3112 sordes
2873 3055 3170 3111 mundare
3221 3060 3432 3128 potest.
3468 3059 3604 3114 Hinc

1869 3177 1906 3231 ρ
1944 3163 2187 3219 quoque
2227 3146 2515 3201 adversus
2564 3145 2889 3200 Pharismos
2920 3143 3069 3199 dixit
3097 3145 3602 3217 quinquagesimo

1944 3240 2110 3291 sexto
2135 3235 2328 3306 capite
2367 3232 2666 3303 Evangelii
2692 3233 3025 3289 secundum
3057 3233 3422 3291 Matthwum.

2016 3328 2184 3382 Vers.
2225 3328 2314 3381 40.
2365 3326 2551 3381 Stutti
2601 3355 2669 3366 —
2718 3324 2860 3393 fecit
2899 3324 2927 3379 Ἰ
2985 3323 3267 3393 Ejusdem
3334 3324 3600 3393 artiﬁcis,

1946 3421 2049 3472 aut
2074 3415 2237 3485 ﬁguli
2268 3430 2420 3485 opus
2452 3417 2609 3477 sunt,
2642 3428 2863 3483 corpus
2895 3416 2948 3467 et
2973 3411 3177 3468 anima
3204 3432 3219 3465 :
3247 3428 3431 3484 quare
3457 3428 3601 3484 ergo

1948 3512 2003 3560 et
2021 3506 2177 3560 hanc
2204 3520 2323 3559 non
2344 3502 2647 3558 mundatis
2671 3500 2698 3555 ?
2716 3500 2998 3555 Praedicta
3014 3500 3206 3571 capite
3232 3500 3602 3559 manifestius

1948 3595 2093 3649 dixit
2124 3613 2136 3649 :
2167 3594 2470 3650 Pharisree
2498 3606 2665 3656 caece,
2698 3590 2921 3646 munda
2950 3588 3211 3657 primum
3258 3591 3600 3649 interiorem

1948 3684 2151 3752 poculi
2174 3688 2228 3738 et
2250 3683 2473 3751 patina
2515 3684 2763 3749 partem,
2792 3684 2857 3733 ut
2890 3682 3113 3735 munda
3142 3694 3373 3751 quoque
3397 3680 3508 3749 ﬁat
3544 3686 3603 3738 et

1945 3788 2081 3844 pars
2109 3787 2310 3827 eorum
2337 3769 2597 3826 exterior
2617 3770 2694 3835 ⁸³;
2718 3773 2774 3823 et
2799 3766 2881 3824 ibi
2911 3782 3109 3839 quaere
3134 3767 3599 3828 enarrationem.

2014 3952 2172 4005 Vers.
2191 3952 2280 4005 41.
2317 3948 2788 4004 Verumtatem—
2806 3951 2968 4001 sunt.
2994 3944 3103 4001 Ubi
3130 3944 3499 4017 superﬂuam
3528 3960 3601 4004 ac

1941 4055 2163 4095 vanam
2194 4052 2326 4093 esse
2346 4035 2609 4091 ostendit
2637 4033 2858 4090 dictam
2889 4032 3280 4098 ablutionem,
3313 4032 3601 4106 deinceps

1942 4128 2205 4202 procedit
2237 4127 2525 4183 adversus
2553 4124 2885 4189 avaritiam,
2917 4138 3053 4196 quas
3083 4122 3178 4178 bis
3204 4123 3467 4180 maxime
3497 4123 3604 4180 do-

1941 4218 2279 4275 minabatur
2309 4220 2394 4272 :et
2426 4230 2530 4286 per
2550 4213 2988 4284 eleemosynam
3011 4212 3364 4268 adhortatur
3387 4228 3601 4285 corpus

1940 4322 2193 4381 purgare
2232 4311 2289 4361 et
2335 4304 2620 4367 animam,
2658 4302 2906 4358 dicens:
2950 4301 3030 4357 De
3058 4300 3151 4357 his
3179 4316 3316 4374 quas
3362 4302 3599 4367 adsunt,

1941 4397 2214 4453 videlicet
2251 4395 2325 4451 de
2390 4393 2659 4464 repositis
2715 4391 2961 4455 divitiis,
3032 4390 3170 4447 date
3237 4391 3601 4462 pauperibus

1942 4489 2406 4557 eleemosynam,
2457 4489 2512 4539 et
2562 4479 2741 4538 simul
2777 4480 2976 4536 omnia
3025 4478 3499 4546 mundabuntur,
3545 4484 3601 4536 et

1943 4592 2161 4647 corpus
2198 4580 2255 4629 et
2296 4572 2521 4629 anima.

2015 4667 2133 4721 Hoc
2162 4668 2359 4721 autem
2392 4660 2661 4717 maxima
2684 4659 2831 4716 dixit
2853 4656 3247 4730 providentia,
3272 4655 3482 4713 volens
3510 4655 3602 4728 ip-

1456 4970 1681 5040 Variae
1710 4969 2040 5039 lectiones
2073 4974 2139 5035 et
2166 4972 2371 5034 notas.

300 5167 380 5237 (t)
423 5164 524 5237 Hic
558 5167 858 5222 notandus
896 5172 983 5222 est
1032 5168 1217 5223 locus.
1267 5170 1410 5224 Nam
1441 5168 1502 5224 in
1548 5172 1827 5223 contextu

228 5237 405 5313 Marci
435 5236 540 5313 l,_.l.
577 5240 1038 5313 uterquecodex
1070 5239 1249 5295 habet
1286 5240 1647 5313 ῥαντίσωνται.
1682 5240 1825 5294 Item

228 5308 287 5364 in
320 5307 547 5363 schulio
574 5309 650 5363 ad
682 5307 879 5367 Matth.
912 5327 1010 5377 xv,
1048 5313 1094 5365 t.

300 5379 386 5449 (2)
424 5384 590 5433 Μόνον
616 5383 830 5437 omittit
864 5385 923 5437 Ε.

300 5453 379 5535 (β)
412 5452 877 5535 Eodet'nmo’do‘
910 5453 1353 5535 _Theopb_ylact._
1394 5471 1446 5535 p_.
1494 5452 1831 5535 39.8_I_C,Lr6t

228 5522 543 5596 ὑπάρχοντα
573 5524 713 5596 ύμῖν.
769 5524 882 5581 Sed
909 5525 1036 5580 haec
1077 5522 1484 5596 interpretatio
1523 5524 1833 5596 difficulter

228 5593 615 5665 probabitur.
632 5596 919 5669 Equidem
942 5595 1179 5651 malim:
1214 5593 1284 5652 Τὸ
1318 5593 1383 5655 δὴ
1406 5593 1647 5669 δυνατὸν,
1671 5600 1729 5649 τὸ
1756 5595 1834 5649 ιύρ

1938 5164 2097 5240 χερὲς
2140 5166 2246 5240 Ακαὶ
2315 5155 2843 5240 πρόχειρον.ΑξΕνόν-
2879 5155 3061 5240 idem,
3104 5156 3277 5240 [quod
3336 5156 3463 5240 ἐξόν.
3511 5158 3608 5240 ita

1940 5226 2102 5308 apud
2134 5226 2429 5308 Synesft.’
2443 5226 2487 5308 l,
2510 5226 2711 5308 'p.__99.
2747 5245 2762 5287 :
2792 5228 2880 5308 ’_Ex
2900 5236 3014 5308 τῷν
3040 5226 3248 5283 ἐνόντων
3278 5229 3605 5308 explicatur

1940 5300 2071 5361 κατά
2096 5377 2105 5379 4
2129 5300 2371 5379 δύναμιν.
2407 5300 2555 5379 Id._t.
2584 5302 2651 5367 ll,
2694 5317 2765 5379 p._
2794 5301 3254 5379 4._.t3innam._p.
3288 5300 3439 5379 ⁸182.
3470 5304 3599 5379 aut.

1942 5383 2007 5433 τὰ
2089 5367 2273 5441 ἐντὸς,’
2339 5374 2597 5443 intellige
2670 5367 3001 5447 κάθαρίζετε.
3078 5367 3336 5447 [Iota-ide
3399 5375 3597 5447 rpéngi;

1945 5428 2119 5512 ἐςὲντεξ
2150 5428 2643 5521 Ἵέλέημοσύνηνῖκ,
2689 5464 2744 5521 τ.
2781 5428 2924 5501 λἸίθ.
2978 5428 3333 5516 repondebit
3397 5428 3599 5501 Matth.

1942 5538 2106 5585 xxm,
2133 5522 2219 5587 26,
2256 5514 2351 5574 ubi
2386 5524 2493 5585 est,
2536 5520 2593 5569 τό
2624 5514 2780 5577 ἐντός.

304 5748 382 5817 (c)
411 5746 803 5805 Ναῑίοηαὸιιε.
835 5748 1027 5805 Otiose
1057 5763 1205 5819 ergo
1233 5746 1375 5820 legit
1403 5748 1579 5805 ἐθνῶν.
1612 5748 1837 5814 Redde,
1868 5763 2003 5805 enm
2028 5744 2252 5825 caeteris
2281 5742 2491 5799 ritibus
2517 5741 2694 5800 etiam
2719 5740 2895 5810 hunc,
2919 5744 3211 5817 putantes.
