  <div class='ocr_page' id='page_1' title='image "/cluster/home/n/w/nwhite01/storage/ocr_20150623/129/mdp.39015061528470/507.png"; bbox 0 0 4144 6314; ppageno 0'>
   <div class='ocr_carea' id='block_1_1' title="bbox 537 339 679 400">
    <p class='ocr_par' dir='ltr' id='par_1_1' title="bbox 537 339 679 400">
     <span class='ocr_line' id='line_1_1' title="bbox 537 339 679 400; baseline 0.007 -1"><span class='ocrx_word' id='word_1_1' title='bbox 537 339 645 400; x_wconf 81' lang='lat'><strong>979</strong></span> <span class='ocrx_word' id='word_1_2' title='bbox 672 382 679 388; x_wconf 90' lang='lat'><strong><em>-</em></strong></span> 
     </span>
    </p>
   </div>
   <div class='ocr_carea' id='block_1_2' title="bbox 1850 331 2604 399">
    <p class='ocr_par' dir='ltr' id='par_1_2' title="bbox 1850 331 2604 399">
     <span class='ocr_line' id='line_1_2' title="bbox 1850 331 2604 399; baseline -0.007 0"><span class='ocrx_word' id='word_1_3' title='bbox 1850 339 2192 399; x_wconf 80' lang='lat' dir='ltr'><strong>EUTHYMII</strong></span> <span class='ocrx_word' id='word_1_4' title='bbox 2243 331 2604 394; x_wconf 71' lang='lat' dir='ltr'><strong>ZAGABENI</strong></span> 
     </span>
    </p>
   </div>
   <div class='ocr_carea' id='block_1_3' title="bbox 3835 341 3944 397">
    <p class='ocr_par' dir='ltr' id='par_1_3' title="bbox 3835 341 3944 397">
     <span class='ocr_line' id='line_1_3' title="bbox 3835 341 3944 397; baseline 0.009 -1"><span class='ocrx_word' id='word_1_5' title='bbox 3835 341 3944 397; x_wconf 85' lang='lat'><strong>980</strong></span> 
     </span>
    </p>
   </div>
   <div class='ocr_carea' id='block_1_4' title="bbox 541 461 2209 542">
    <p class='ocr_par' dir='ltr' id='par_1_4' title="bbox 541 467 2204 542">
     <span class='ocr_line' id='line_1_4' title="bbox 541 467 2204 542; baseline -0.004 -16"><span class='ocrx_word' id='word_1_6' title='bbox 541 486 642 528; x_wconf 86' lang='lat' dir='ltr'><strong>sos</strong></span> <span class='ocrx_word' id='word_1_7' title='bbox 671 472 1012 542; x_wconf 76' lang='lat' dir='ltr'><strong>emergente</strong></span> <span class='ocrx_word' id='word_1_8' title='bbox 1051 467 1364 528; x_wconf 77' lang='lat' dir='ltr'><strong>eﬂectione</strong></span> <span class='ocrx_word' id='word_1_9' title='bbox 1392 468 1662 527; x_wconf 85' lang='lat' dir='ltr'><strong>liberare.</strong></span> <span class='ocrx_word' id='word_1_10' title='bbox 1704 468 1905 526; x_wconf 87' lang='lat' dir='ltr'><strong>Solent</strong></span> <span class='ocrx_word' id='word_1_11' title='bbox 1940 479 2204 537; x_wconf 86' lang='lat' dir='ltr'><strong>namque</strong></span> 
     </span>
    </p>
   </div>
   <div class='ocr_carea' id='block_1_5' title="bbox 2324 461 3942 542">
    <p class='ocr_par' dir='ltr' id='par_1_5' title="bbox 2324 461 3942 542">
     <span class='ocr_line' id='line_1_5' title="bbox 2324 461 3942 542; baseline 0.004 -26"><span class='ocrx_word' id='word_1_12' title='bbox 2324 484 2431 527; x_wconf 82' lang='grc' dir='ltr'>τους</span> <span class='ocrx_word' id='word_1_13' title='bbox 2485 474 2580 520; x_wconf 82' lang='grc' dir='ltr'>τοῦ</span> <span class='ocrx_word' id='word_1_14' title='bbox 2637 461 3040 530; x_wconf 76' lang='grc' dir='ltr'><strong>ἐπιπολάζοντος</strong></span> <span class='ocrx_word' id='word_1_15' title='bbox 3110 472 3236 530; x_wconf 76' lang='grc' dir='ltr'>τέως</span> <span class='ocrx_word' id='word_1_16' title='bbox 3309 470 3511 530; x_wconf 81' lang='grc' dir='ltr'><strong>πάθους</strong></span> <span class='ocrx_word' id='word_1_17' title='bbox 3581 467 3942 542; x_wconf 76' lang='grc' dir='ltr'>βουλόμενος.</span> 
     </span>
    </p>
   </div>
   <div class='ocr_carea' id='block_1_6' title="bbox 541 557 2204 632">
    <p class='ocr_par' dir='ltr' id='par_1_6' title="bbox 541 557 2204 632">
     <span class='ocr_line' id='line_1_6' title="bbox 541 557 2204 632; baseline -0.004 -15"><span class='ocrx_word' id='word_1_18' title='bbox 541 560 838 631; x_wconf 76' lang='lat' dir='ltr'><strong>ingeniosi</strong></span> <span class='ocrx_word' id='word_1_19' title='bbox 863 564 1257 632; x_wconf 63' lang='lat' dir='ltr'><strong>praceptores</strong></span> <span class='ocrx_word' id='word_1_20' title='bbox 1282 559 1554 616; x_wconf 84' lang='lat' dir='ltr'><strong>virtutem</strong></span> <span class='ocrx_word' id='word_1_21' title='bbox 1586 559 1890 625; x_wconf 81' lang='lat' dir='ltr'><strong>extollere,</strong></span> <span class='ocrx_word' id='word_1_22' title='bbox 1919 557 1998 614; x_wconf 89' lang='lat' dir='ltr'><strong>ad</strong></span> <span class='ocrx_word' id='word_1_23' title='bbox 2017 571 2204 628; x_wconf 87' lang='lat' dir='ltr'><strong>quam</strong></span> 
     </span>
    </p>
   </div>
   <div class='ocr_carea' id='block_1_7' title="bbox 544 647 2205 722">
    <p class='ocr_par' dir='ltr' id='par_1_7' title="bbox 544 647 2205 722">
     <span class='ocr_line' id='line_1_7' title="bbox 544 647 2205 722; baseline -0.004 -16"><span class='ocrx_word' id='word_1_24' title='bbox 544 650 933 706; x_wconf 78' lang='lat' dir='ltr'><strong>exhortantur</strong></span> <span class='ocrx_word' id='word_1_25' title='bbox 959 666 972 716; x_wconf 90' lang='lat'><strong>;</strong></span> <span class='ocrx_word' id='word_1_26' title='bbox 1007 654 1063 705; x_wconf 92' lang='lat' dir='ltr'><strong>et</strong></span> <span class='ocrx_word' id='word_1_27' title='bbox 1093 650 1446 720; x_wconf 70' lang='lat' dir='ltr'><strong>praesertim,</strong></span> <span class='ocrx_word' id='word_1_28' title='bbox 1473 650 1634 722; x_wconf 86' lang='lat' dir='ltr'><strong>quod</strong></span> <span class='ocrx_word' id='word_1_29' title='bbox 1664 665 1769 721; x_wconf 92' lang='lat' dir='ltr'><strong>per</strong></span> <span class='ocrx_word' id='word_1_30' title='bbox 1798 665 1954 713; x_wconf 88' lang='lat' dir='ltr'><strong>eam,</strong></span> <span class='ocrx_word' id='word_1_31' title='bbox 1981 647 2084 719; x_wconf 90' lang='lat' dir='ltr'><strong>qui</strong></span> <span class='ocrx_word' id='word_1_32' title='bbox 2110 662 2205 718; x_wconf 89' lang='lat' dir='ltr'><strong>pe-</strong></span> 
     </span>
    </p>
   </div>
   <div class='ocr_carea' id='block_1_8' title="bbox 542 736 2204 811">
    <p class='ocr_par' dir='ltr' id='par_1_8' title="bbox 542 736 2204 811">
     <span class='ocr_line' id='line_1_8' title="bbox 542 736 2204 811; baseline -0.002 -16"><span class='ocrx_word' id='word_1_33' title='bbox 542 740 704 795; x_wconf 81' lang='lat' dir='ltr'><strong>nitus</strong></span> <span class='ocrx_word' id='word_1_34' title='bbox 731 739 792 795; x_wconf 90' lang='lat' dir='ltr'><strong>in</strong></span> <span class='ocrx_word' id='word_1_35' title='bbox 819 739 1074 795; x_wconf 74' lang='lat' dir='ltr'><strong>tenebris</strong></span> <span class='ocrx_word' id='word_1_36' title='bbox 1099 743 1434 804; x_wconf 86' lang='lat' dir='ltr'><strong>versantur,</strong></span> <span class='ocrx_word' id='word_1_37' title='bbox 1462 739 1665 794; x_wconf 80' lang='lat' dir='ltr'><strong>omnia</strong></span> <span class='ocrx_word' id='word_1_38' title='bbox 1690 736 2204 811; x_wconf 89' lang='lat' dir='ltr'><strong>perspicacissime</strong></span> 
     </span>
    </p>
   </div>
   <div class='ocr_carea' id='block_1_9' title="bbox 545 826 929 898">
    <p class='ocr_par' dir='ltr' id='par_1_9' title="bbox 545 826 929 898">
     <span class='ocr_line' id='line_1_9' title="bbox 545 826 929 898; baseline 0.005 -16"><span class='ocrx_word' id='word_1_39' title='bbox 545 826 792 883; x_wconf 80' lang='lat' dir='ltr'><strong>videant</strong></span> <span class='ocrx_word' id='word_1_40' title='bbox 815 828 903 898; x_wconf 88' lang='lat' dir='ltr'><strong>(d)</strong></span> <span class='ocrx_word' id='word_1_41' title='bbox 917 872 929 884; x_wconf 92' lang='lat'><strong>.</strong></span> 
     </span>
    </p>
   </div>
   <div class='ocr_carea' id='block_1_10' title="bbox 620 915 2203 987">
    <p class='ocr_par' dir='ltr' id='par_1_10' title="bbox 620 915 2203 987">
     <span class='ocr_line' id='line_1_10' title="bbox 620 915 2203 987; baseline -0.003 -13"><span class='ocrx_word' id='word_1_42' title='bbox 620 915 788 974; x_wconf 87' lang='lat' dir='ltr'><strong>Vers.</strong></span> <span class='ocrx_word' id='word_1_43' title='bbox 819 917 887 972; x_wconf 76' lang='grc'>42</span> <span class='ocrx_word' id='word_1_44' title='bbox 912 915 1030 974; x_wconf 85' lang='lat' dir='ltr'><strong>Sed</strong></span> <span class='ocrx_word' id='word_1_45' title='bbox 1057 932 1148 975; x_wconf 78' lang='lat' dir='ltr'><strong>vce</strong></span> <span class='ocrx_word' id='word_1_46' title='bbox 1171 949 1242 958; x_wconf 98' lang='lat'><strong>—</strong></span> <span class='ocrx_word' id='word_1_47' title='bbox 1267 919 1546 973; x_wconf 85' lang='lat' dir='ltr'><strong>omittere.</strong></span> <span class='ocrx_word' id='word_1_48' title='bbox 1579 916 1868 972; x_wconf 68' lang='lat' dir='ltr'><strong>Prmdicto</strong></span> <span class='ocrx_word' id='word_1_49' title='bbox 1902 915 2203 987; x_wconf 85' lang='lat' dir='ltr'><strong>quinqua-</strong></span> 
     </span>
    </p>
   </div>
   <div class='ocr_carea' id='block_1_11' title="bbox 545 1005 2201 1078">
    <p class='ocr_par' dir='ltr' id='par_1_11' title="bbox 545 1005 2201 1078">
     <span class='ocr_line' id='line_1_11' title="bbox 545 1005 2201 1078; baseline -0.001 -16"><span class='ocrx_word' id='word_1_50' title='bbox 545 1005 774 1077; x_wconf 81' lang='lat' dir='ltr'><strong>gesimo</strong></span> <span class='ocrx_word' id='word_1_51' title='bbox 805 1011 972 1062; x_wconf 77' lang='lat' dir='ltr'><strong>sexto</strong></span> <span class='ocrx_word' id='word_1_52' title='bbox 997 1007 1189 1078; x_wconf 86' lang='lat' dir='ltr'><strong>capite</strong></span> <span class='ocrx_word' id='word_1_53' title='bbox 1221 1006 1520 1074; x_wconf 80' lang='lat' dir='ltr'><strong>Evangelii</strong></span> <span class='ocrx_word' id='word_1_54' title='bbox 1553 1005 1882 1061; x_wconf 87' lang='lat' dir='ltr'><strong>secundum</strong></span> <span class='ocrx_word' id='word_1_55' title='bbox 1906 1005 2201 1061; x_wconf 66' lang='lat' dir='ltr'><strong>Mattaaum</strong></span> 
     </span>
    </p>
   </div>
   <div class='ocr_carea' id='block_1_12' title="bbox 547 1094 1510 1166">
    <p class='ocr_par' dir='ltr' id='par_1_12' title="bbox 547 1094 1510 1166">
     <span class='ocr_line' id='line_1_12' title="bbox 547 1094 1510 1166; baseline -0.001 -17"><span class='ocrx_word' id='word_1_56' title='bbox 547 1095 622 1150; x_wconf 90' lang='lat' dir='ltr'><strong>de</strong></span> <span class='ocrx_word' id='word_1_57' title='bbox 653 1094 744 1149; x_wconf 88' lang='lat' dir='ltr'><strong>his</strong></span> <span class='ocrx_word' id='word_1_58' title='bbox 767 1099 975 1152; x_wconf 90' lang='lat' dir='ltr'><strong>exacte</strong></span> <span class='ocrx_word' id='word_1_59' title='bbox 1005 1095 1375 1166; x_wconf 86' lang='lat' dir='ltr'><strong>disputatum</strong></span> <span class='ocrx_word' id='word_1_60' title='bbox 1401 1099 1510 1150; x_wconf 91' lang='lat' dir='ltr'><strong>est.</strong></span> 
     </span>
    </p>
   </div>
   <div class='ocr_carea' id='block_1_13' title="bbox 619 1183 2202 1256">
    <p class='ocr_par' dir='ltr' id='par_1_13' title="bbox 619 1183 2202 1256">
     <span class='ocr_line' id='line_1_13' title="bbox 619 1183 2202 1256; baseline 0.001 -18"><span class='ocrx_word' id='word_1_61' title='bbox 619 1185 781 1239; x_wconf 85' lang='lat' dir='ltr'><strong>Vers.</strong></span> <span class='ocrx_word' id='word_1_62' title='bbox 832 1187 916 1240; x_wconf 78' lang='grc'>43.</span> <span class='ocrx_word' id='word_1_63' title='bbox 970 1185 1163 1240; x_wconf 72' lang='grc' dir='ltr'>νιε-</span> <span class='ocrx_word' id='word_1_64' title='bbox 1213 1184 1387 1256; x_wconf 79' lang='lat' dir='ltr'><strong>foris.</strong></span> <span class='ocrx_word' id='word_1_65' title='bbox 1431 1184 1946 1256; x_wconf 87' lang='lat' dir='ltr'><strong>Quinquagesimo</strong></span> <span class='ocrx_word' id='word_1_66' title='bbox 1993 1183 2202 1256; x_wconf 89' lang='lat' dir='ltr'><strong>quinto</strong></span> 
     </span>
    </p>
   </div>
   <div class='ocr_carea' id='block_1_14' title="bbox 550 1272 2201 1345">
    <p class='ocr_par' dir='ltr' id='par_1_14' title="bbox 550 1272 2201 1345">
     <span class='ocr_line' id='line_1_14' title="bbox 550 1272 2201 1345; baseline -0.002 -15"><span class='ocrx_word' id='word_1_67' title='bbox 550 1274 743 1345; x_wconf 82' lang='lat' dir='ltr'><strong>capite</strong></span> <span class='ocrx_word' id='word_1_68' title='bbox 773 1273 1077 1344; x_wconf 78' lang='lat' dir='ltr'><strong>Evangelii</strong></span> <span class='ocrx_word' id='word_1_69' title='bbox 1109 1273 1440 1330; x_wconf 88' lang='lat' dir='ltr'><strong>secundum</strong></span> <span class='ocrx_word' id='word_1_70' title='bbox 1468 1273 1802 1330; x_wconf 60' lang='lat' dir='ltr'><strong>Matthasum</strong></span> <span class='ocrx_word' id='word_1_71' title='bbox 1839 1274 1910 1327; x_wconf 92' lang='lat' dir='ltr'><strong>de</strong></span> <span class='ocrx_word' id='word_1_72' title='bbox 1936 1272 2026 1328; x_wconf 86' lang='lat' dir='ltr'><strong>bis</strong></span> <span class='ocrx_word' id='word_1_73' title='bbox 2055 1289 2201 1345; x_wconf 85' lang='lat' dir='ltr'><strong>quo-</strong></span> 
     </span>
    </p>
   </div>
   <div class='ocr_carea' id='block_1_15' title="bbox 551 1362 2203 1435">
    <p class='ocr_par' dir='ltr' id='par_1_15' title="bbox 551 1362 2203 1435">
     <span class='ocr_line' id='line_1_15' title="bbox 551 1362 2203 1435; baseline 0.001 -17"><span class='ocrx_word' id='word_1_74' title='bbox 551 1377 670 1435; x_wconf 85' lang='lat' dir='ltr'><strong>que</strong></span> <span class='ocrx_word' id='word_1_75' title='bbox 688 1362 836 1418; x_wconf 83' lang='lat' dir='ltr'><strong>dixit</strong></span> <span class='ocrx_word' id='word_1_76' title='bbox 855 1379 867 1418; x_wconf 91' lang='lat'>:</span> <span class='ocrx_word' id='word_1_77' title='bbox 892 1363 1342 1432; x_wconf 81' lang='lat' dir='ltr'><strong>Amantprimos</strong></span> <span class='ocrx_word' id='word_1_78' title='bbox 1353 1362 1656 1418; x_wconf 79' lang='lat' dir='ltr'><strong>accubitus</strong></span> <span class='ocrx_word' id='word_1_79' title='bbox 1668 1364 1729 1418; x_wconf 86' lang='lat' dir='ltr'><strong>in</strong></span> <span class='ocrx_word' id='word_1_80' title='bbox 1753 1363 1923 1418; x_wconf 74' lang='lat' dir='ltr'><strong>canis</strong></span> <span class='ocrx_word' id='word_1_81' title='bbox 1939 1369 1993 1419; x_wconf 87' lang='lat' dir='ltr'><strong>et</strong></span> <span class='ocrx_word' id='word_1_82' title='bbox 2006 1363 2203 1431; x_wconf 86' lang='lat' dir='ltr'><strong>prima</strong></span> 
     </span>
    </p>
   </div>
   <div class='ocr_carea' id='block_1_16' title="bbox 550 1449 2205 1523">
    <p class='ocr_par' dir='ltr' id='par_1_16' title="bbox 550 1449 2205 1523">
     <span class='ocr_line' id='line_1_16' title="bbox 550 1449 2205 1523; baseline 0.001 -16"><span class='ocrx_word' id='word_1_83' title='bbox 550 1449 758 1508; x_wconf 77' lang='lat' dir='ltr'><strong>sedilia</strong></span> <span class='ocrx_word' id='word_1_84' title='bbox 783 1451 845 1508; x_wconf 81' lang='lat' dir='ltr'><strong>in</strong></span> <span class='ocrx_word' id='word_1_85' title='bbox 884 1453 1213 1523; x_wconf 81' lang='lat' dir='ltr'><strong>synagogis,</strong></span> <span class='ocrx_word' id='word_1_86' title='bbox 1247 1469 1306 1506; x_wconf 85' lang='lat' dir='ltr'><strong>ac</strong></span> <span class='ocrx_word' id='word_1_87' title='bbox 1331 1453 1722 1509; x_wconf 77' lang='lat' dir='ltr'><strong>salutationes</strong></span> <span class='ocrx_word' id='word_1_88' title='bbox 1743 1453 1808 1507; x_wconf 85' lang='lat' dir='ltr'><strong>in</strong></span> <span class='ocrx_word' id='word_1_89' title='bbox 1844 1453 2000 1522; x_wconf 78' lang='lat' dir='ltr'><strong>foris</strong></span> <span class='ocrx_word' id='word_1_90' title='bbox 2026 1453 2074 1488; x_wconf 76' lang='grc'>³⁴</span> <span class='ocrx_word' id='word_1_91' title='bbox 2103 1469 2117 1520; x_wconf 89' lang='lat'><strong>;</strong></span> <span class='ocrx_word' id='word_1_92' title='bbox 2149 1458 2205 1509; x_wconf 91' lang='lat' dir='ltr'><strong>et</strong></span> 
     </span>
    </p>
   </div>
   <div class='ocr_carea' id='block_1_17' title="bbox 550 1541 1517 1614">
    <p class='ocr_par' dir='ltr' id='par_1_17' title="bbox 550 1541 1517 1614">
     <span class='ocr_line' id='line_1_17' title="bbox 550 1541 1517 1614; baseline -0.002 -16"><span class='ocrx_word' id='word_1_93' title='bbox 550 1541 769 1598; x_wconf 84' lang='lat' dir='ltr'><strong>horum</strong></span> <span class='ocrx_word' id='word_1_94' title='bbox 792 1541 923 1613; x_wconf 86' lang='lat' dir='ltr'><strong>lege</strong></span> <span class='ocrx_word' id='word_1_95' title='bbox 953 1541 1517 1614; x_wconf 86' lang='lat' dir='ltr'><strong>interpretationem.</strong></span> 
     </span>
    </p>
   </div>
   <div class='ocr_carea' id='block_1_18' title="bbox 587 1719 2206 1794">
    <p class='ocr_par' dir='ltr' id='par_1_18' title="bbox 587 1719 2206 1794">
     <span class='ocr_line' id='line_1_18' title="bbox 587 1719 2206 1794; baseline 0.003 -22"><span class='ocrx_word' id='word_1_96' title='bbox 587 1757 593 1762; x_wconf 83' lang='lat'><strong>.</strong></span> <span class='ocrx_word' id='word_1_97' title='bbox 624 1721 786 1776; x_wconf 81' lang='lat' dir='ltr'><strong>Vers.</strong></span> <span class='ocrx_word' id='word_1_98' title='bbox 807 1721 904 1777; x_wconf 73' lang='grc'><strong>44.</strong></span> <span class='ocrx_word' id='word_1_99' title='bbox 930 1720 1046 1776; x_wconf 48' lang='lat' dir='ltr'><strong>.Vm</strong></span> <span class='ocrx_word' id='word_1_100' title='bbox 1069 1749 1132 1762; x_wconf 91' lang='lat'><strong>--</strong></span> <span class='ocrx_word' id='word_1_101' title='bbox 1155 1721 1428 1777; x_wconf 76' lang='lat' dir='ltr'><strong>nesciunt</strong></span> <span class='ocrx_word' id='word_1_102' title='bbox 1446 1719 1677 1776; x_wconf 88' lang='lat' dir='ltr'><strong>Dictum</strong></span> <span class='ocrx_word' id='word_1_103' title='bbox 1697 1725 1790 1776; x_wconf 86' lang='lat' dir='ltr'><strong>cst</strong></span> <span class='ocrx_word' id='word_1_104' title='bbox 1811 1721 1886 1776; x_wconf 93' lang='lat' dir='ltr'><strong>de</strong></span> <span class='ocrx_word' id='word_1_105' title='bbox 1915 1721 2010 1777; x_wconf 88' lang='lat' dir='ltr'><strong>his</strong></span> <span class='ocrx_word' id='word_1_106' title='bbox 2032 1722 2206 1794; x_wconf 87' lang='lat' dir='ltr'><strong>quin-</strong></span> 
     </span>
    </p>
   </div>
   <div class='ocr_carea' id='block_1_19' title="bbox 2314 554 3944 631">
    <p class='ocr_par' dir='ltr' id='par_1_19' title="bbox 2314 554 3944 631">
     <span class='ocr_line' id='line_1_19' title="bbox 2314 554 3944 631; baseline 0 -24"><span class='ocrx_word' id='word_1_107' title='bbox 2314 554 2546 608; x_wconf 83' lang='grc' dir='ltr'>Εἰώθασι</span> <span class='ocrx_word' id='word_1_108' title='bbox 2591 556 2696 629; x_wconf 80' lang='grc' dir='ltr'><strong>γὰρ</strong></span> <span class='ocrx_word' id='word_1_109' title='bbox 2736 561 2784 611; x_wconf 86' lang='grc' dir='ltr'>οἱ</span> <span class='ocrx_word' id='word_1_110' title='bbox 2826 558 3119 630; x_wconf 72' lang='grc' dir='ltr'>εὐμήχανοι</span> <span class='ocrx_word' id='word_1_111' title='bbox 3170 554 3492 611; x_wconf 76' lang='grc' dir='ltr'>διδάσκαλοι</span> <span class='ocrx_word' id='word_1_112' title='bbox 3549 557 3792 631; x_wconf 80' lang='grc' dir='ltr'>ἐξαίρειν</span> <span class='ocrx_word' id='word_1_113' title='bbox 3849 562 3944 616; x_wconf 71' lang='grc' dir='ltr'>τὴν</span> 
     </span>
    </p>
   </div>
   <div class='ocr_carea' id='block_1_20' title="bbox 2311 643 3946 722">
    <p class='ocr_par' dir='ltr' id='par_1_20' title="bbox 2311 643 3946 722">
     <span class='ocr_line' id='line_1_20' title="bbox 2311 643 3946 722; baseline 0.001 -26"><span class='ocrx_word' id='word_1_114' title='bbox 2311 643 2512 716; x_wconf 69' lang='grc' dir='ltr'>ἀρετὴν,</span> <span class='ocrx_word' id='word_1_115' title='bbox 2547 644 2622 717; x_wconf 82' lang='grc' dir='ltr'><strong>ἐφ’</strong></span> <span class='ocrx_word' id='word_1_116' title='bbox 2663 649 2722 705; x_wconf 79' lang='grc' dir='ltr'>ἦν</span> <span class='ocrx_word' id='word_1_117' title='bbox 2745 651 3121 720; x_wconf 83' lang='grc' dir='ltr'>προτρέπονται</span> <span class='ocrx_word' id='word_1_118' title='bbox 3172 652 3291 709; x_wconf 76' lang='grc' dir='ltr'>τοὺς</span> <span class='ocrx_word' id='word_1_119' title='bbox 3335 646 3734 722; x_wconf 72' lang='grc' dir='ltr'><strong>ἀκροωμένους,</strong></span> <span class='ocrx_word' id='word_1_120' title='bbox 3775 647 3946 707; x_wconf 78' lang='grc' dir='ltr'>ἄλλως</span> 
     </span>
    </p>
   </div>
   <div class='ocr_carea' id='block_1_21' title="bbox 2310 736 3945 810">
    <p class='ocr_par' dir='ltr' id='par_1_21' title="bbox 2310 736 3945 810">
     <span class='ocr_line' id='line_1_21' title="bbox 2310 736 3945 810; baseline 0.002 -25"><span class='ocrx_word' id='word_1_121' title='bbox 2310 753 2363 786; x_wconf 82' lang='grc' dir='ltr'><strong>τε</strong></span> <span class='ocrx_word' id='word_1_122' title='bbox 2391 739 2481 786; x_wconf 82' lang='grc' dir='ltr'>καὶ</span> <span class='ocrx_word' id='word_1_123' title='bbox 2510 743 2620 797; x_wconf 84' lang='grc' dir='ltr'>τοῖς</span> <span class='ocrx_word' id='word_1_124' title='bbox 2648 737 2904 800; x_wconf 75' lang='grc' dir='ltr'><strong>παντελῶς</strong></span> <span class='ocrx_word' id='word_1_125' title='bbox 2950 736 3336 810; x_wconf 77' lang='grc' dir='ltr'>ἕσκοτισμίνοις</span> <span class='ocrx_word' id='word_1_126' title='bbox 3364 741 3498 810; x_wconf 78' lang='grc' dir='ltr'>μέγα</span> <span class='ocrx_word' id='word_1_127' title='bbox 3531 742 3619 790; x_wconf 86' lang='grc' dir='ltr'>καὶ</span> <span class='ocrx_word' id='word_1_128' title='bbox 3664 741 3733 790; x_wconf 86' lang='grc' dir='ltr'>τό</span> <span class='ocrx_word' id='word_1_129' title='bbox 3768 741 3945 809; x_wconf 82' lang='grc' dir='ltr'>μικρὰ</span> 
     </span>
    </p>
   </div>
   <div class='ocr_carea' id='block_1_22' title="bbox 2311 826 2655 895">
    <p class='ocr_par' dir='ltr' id='par_1_22' title="bbox 2311 826 2655 895">
     <span class='ocr_line' id='line_1_22' title="bbox 2311 826 2655 895; baseline 0.003 -21"><span class='ocrx_word' id='word_1_130' title='bbox 2311 826 2655 895; x_wconf 88' lang='grc' dir='ltr'>φωτισθῆναι.</span> 
     </span>
    </p>
   </div>
   <div class='ocr_carea' id='block_1_23' title="bbox 2382 912 3945 990">
    <p class='ocr_par' dir='ltr' id='par_1_23' title="bbox 2382 912 3945 990">
     <span class='ocr_line' id='line_1_23' title="bbox 2382 912 3945 990; baseline 0.003 -26"><span class='ocrx_word' id='word_1_131' title='bbox 2382 912 2515 964; x_wconf 86' lang='grc' dir='ltr'>Ἀλλ’</span> <span class='ocrx_word' id='word_1_132' title='bbox 2586 914 2703 968; x_wconf 77' lang='grc' dir='ltr'>οὐαὶ</span> <span class='ocrx_word' id='word_1_133' title='bbox 2752 945 2822 955; x_wconf 83' lang='grc'><strong>--</strong></span> <span class='ocrx_word' id='word_1_134' title='bbox 2875 913 3094 987; x_wconf 75' lang='grc' dir='ltr'><strong>ἀφιέναι.</strong></span> <span class='ocrx_word' id='word_1_135' title='bbox 3144 914 3224 968; x_wconf 88' lang='grc' dir='ltr'>Ἐν</span> <span class='ocrx_word' id='word_1_136' title='bbox 3276 924 3350 987; x_wconf 86' lang='grc' dir='ltr'>τῷ</span> <span class='ocrx_word' id='word_1_137' title='bbox 3404 915 3771 990; x_wconf 82' lang='grc' dir='ltr'>προρῥηθέντι</span> <span class='ocrx_word' id='word_1_138' title='bbox 3827 936 3945 968; x_wconf 85' lang='grc' dir='ltr'>πεν-</span> 
     </span>
    </p>
   </div>
   <div class='ocr_carea' id='block_1_24' title="bbox 2310 1004 3948 1082">
    <p class='ocr_par' dir='ltr' id='par_1_24' title="bbox 2310 1004 3948 1082">
     <span class='ocr_line' id='line_1_24' title="bbox 2310 1004 3948 1082; baseline 0.004 -32"><span class='ocrx_word' id='word_1_139' title='bbox 2310 1011 2552 1072; x_wconf 80' lang='grc' dir='ltr'>τηκοστῷ</span> <span class='ocrx_word' id='word_1_140' title='bbox 2581 1004 2710 1074; x_wconf 80' lang='grc' dir='ltr'>ἕκτῳ</span> <span class='ocrx_word' id='word_1_141' title='bbox 2748 1004 3005 1076; x_wconf 85' lang='grc' dir='ltr'>κεφαλαίῳ</span> <span class='ocrx_word' id='word_1_142' title='bbox 3034 1012 3125 1058; x_wconf 80' lang='grc' dir='ltr'>τοῦ</span> <span class='ocrx_word' id='word_1_143' title='bbox 3163 1007 3298 1058; x_wconf 79' lang='grc' dir='ltr'>κατὰ</span> <span class='ocrx_word' id='word_1_144' title='bbox 3335 1007 3602 1059; x_wconf 73' lang='grc' dir='ltr'>Ματθαῐον</span> <span class='ocrx_word' id='word_1_145' title='bbox 3647 1012 3789 1082; x_wconf 83' lang='grc' dir='ltr'>περὶ</span> <span class='ocrx_word' id='word_1_146' title='bbox 3821 1009 3948 1058; x_wconf 79' lang='grc' dir='ltr'><strong>τού-</strong></span> 
     </span>
    </p>
   </div>
   <div class='ocr_carea' id='block_1_25' title="bbox 2308 1089 2893 1167">
    <p class='ocr_par' dir='ltr' id='par_1_25' title="bbox 2308 1089 2893 1167">
     <span class='ocr_line' id='line_1_25' title="bbox 2308 1089 2893 1167; baseline 0.007 -25"><span class='ocrx_word' id='word_1_147' title='bbox 2308 1110 2405 1142; x_wconf 89' lang='grc' dir='ltr'><strong>των</strong></span> <span class='ocrx_word' id='word_1_148' title='bbox 2438 1089 2659 1165; x_wconf 75' lang='grc' dir='ltr'>ἀκριϐῶς</span> <span class='ocrx_word' id='word_1_149' title='bbox 2684 1093 2893 1167; x_wconf 78' lang='grc' dir='ltr'>ἐρρήθη.</span> 
     </span>
    </p>
   </div>
   <div class='ocr_carea' id='block_1_26' title="bbox 2349 1180 3947 1257">
    <p class='ocr_par' dir='ltr' id='par_1_26' title="bbox 2349 1180 3947 1257">
     <span class='ocr_line' id='line_1_26' title="bbox 2349 1180 3947 1257; baseline 0.004 -25"><span class='ocrx_word' id='word_1_150' title='bbox 2349 1180 2517 1233; x_wconf 66' lang='grc' dir='ltr'><strong>ιούαὶ</strong></span> <span class='ocrx_word' id='word_1_151' title='bbox 2548 1211 2612 1222; x_wconf 88' lang='grc'><strong>-</strong></span> <span class='ocrx_word' id='word_1_152' title='bbox 2669 1181 2908 1256; x_wconf 78' lang='grc' dir='ltr'>ἀγοραῖς.</span> <span class='ocrx_word' id='word_1_153' title='bbox 2971 1189 3071 1237; x_wconf 82' lang='grc' dir='ltr'><strong>Καὶ</strong></span> <span class='ocrx_word' id='word_1_154' title='bbox 3119 1182 3167 1235; x_wconf 77' lang='grc' dir='ltr'>ἓν</span> <span class='ocrx_word' id='word_1_155' title='bbox 3213 1192 3286 1254; x_wconf 86' lang='grc' dir='ltr'>τῷ</span> <span class='ocrx_word' id='word_1_156' title='bbox 3317 1193 3652 1254; x_wconf 79' lang='grc' dir='ltr'><strong>πεντηκοστῷ</strong></span> <span class='ocrx_word' id='word_1_157' title='bbox 3705 1190 3947 1257; x_wconf 72' lang='grc' dir='ltr'>πέμπτῳ</span> 
     </span>
    </p>
   </div>
   <div class='ocr_carea' id='block_1_27' title="bbox 2312 1269 3949 1349">
    <p class='ocr_par' dir='ltr' id='par_1_27' title="bbox 2312 1269 3949 1349">
     <span class='ocr_line' id='line_1_27' title="bbox 2312 1269 3949 1349; baseline 0.003 -28"><span class='ocrx_word' id='word_1_158' title='bbox 2312 1269 2571 1342; x_wconf 90' lang='grc' dir='ltr'>κεφαλαίῳ</span> <span class='ocrx_word' id='word_1_159' title='bbox 2602 1280 2694 1324; x_wconf 76' lang='grc' dir='ltr'>τοῦ</span> <span class='ocrx_word' id='word_1_160' title='bbox 2739 1275 2876 1324; x_wconf 81' lang='grc' dir='ltr'>κατὰ</span> <span class='ocrx_word' id='word_1_161' title='bbox 2931 1275 3200 1326; x_wconf 88' lang='grc' dir='ltr'>Ματθαῖον</span> <span class='ocrx_word' id='word_1_162' title='bbox 3241 1277 3414 1345; x_wconf 80' lang='grc' dir='ltr'>εἴρηκε</span> <span class='ocrx_word' id='word_1_163' title='bbox 3445 1279 3560 1349; x_wconf 76' lang='grc' dir='ltr'>περὶ</span> <span class='ocrx_word' id='word_1_164' title='bbox 3608 1273 3824 1326; x_wconf 71' lang='grc' dir='ltr'>αὐτῶν·</span> <span class='ocrx_word' id='word_1_165' title='bbox 3871 1276 3949 1326; x_wconf 84' lang='grc' dir='ltr'>ὅτι</span> 
     </span>
    </p>
   </div>
   <div class='ocr_carea' id='block_1_28' title="bbox 2313 1359 3949 1433">
    <p class='ocr_par' dir='ltr' id='par_1_28' title="bbox 2313 1359 3949 1433">
     <span class='ocr_line' id='line_1_28' title="bbox 2313 1359 3949 1433; baseline 0.003 -22"><span class='ocrx_word' id='word_1_166' title='bbox 2313 1359 2534 1411; x_wconf 79' lang='grc' dir='ltr'>Φιλοῦσι</span> <span class='ocrx_word' id='word_1_167' title='bbox 2572 1364 2666 1418; x_wconf 79' lang='grc' dir='ltr'>τὴν</span> <span class='ocrx_word' id='word_1_168' title='bbox 2695 1361 3082 1431; x_wconf 72' lang='grc' dir='ltr'><strong>πρωτοκλισίαν</strong></span> <span class='ocrx_word' id='word_1_169' title='bbox 3132 1361 3180 1414; x_wconf 76' lang='grc' dir='ltr'>ἐν</span> <span class='ocrx_word' id='word_1_170' title='bbox 3239 1370 3345 1423; x_wconf 85' lang='grc' dir='ltr'>τοῖς</span> <span class='ocrx_word' id='word_1_171' title='bbox 3403 1359 3646 1433; x_wconf 77' lang='grc' dir='ltr'><strong>δείπνοις,</strong></span> <span class='ocrx_word' id='word_1_172' title='bbox 3717 1367 3949 1425; x_wconf 82' lang='grc' dir='ltr'>καὶτὰς</span> 
     </span>
    </p>
   </div>
   <div class='ocr_carea' id='block_1_29' title="bbox 2312 1447 3950 1524">
    <p class='ocr_par' dir='ltr' id='par_1_29' title="bbox 2312 1447 3950 1524">
     <span class='ocr_line' id='line_1_29' title="bbox 2312 1447 3950 1524; baseline 0.003 -24"><span class='ocrx_word' id='word_1_173' title='bbox 2312 1447 2774 1524; x_wconf 75' lang='grc' dir='ltr'><strong>πρωτοκαθεδρίας</strong></span> <span class='ocrx_word' id='word_1_174' title='bbox 2853 1451 2905 1503; x_wconf 83' lang='grc' dir='ltr'>ἐν</span> <span class='ocrx_word' id='word_1_175' title='bbox 2997 1457 3112 1512; x_wconf 84' lang='grc' dir='ltr'>ταῖς</span> <span class='ocrx_word' id='word_1_176' title='bbox 3212 1460 3559 1523; x_wconf 86' lang='grc' dir='ltr'>συναγωγαῖς,</span> <span class='ocrx_word' id='word_1_177' title='bbox 3631 1457 3737 1504; x_wconf 84' lang='grc' dir='ltr'>καὶ</span> <span class='ocrx_word' id='word_1_178' title='bbox 3823 1458 3950 1514; x_wconf 77' lang='grc' dir='ltr'>τοὺς</span> 
     </span>
    </p>
   </div>
   <div class='ocr_carea' id='block_1_30' title="bbox 2313 1537 3946 1615">
    <p class='ocr_par' dir='ltr' id='par_1_30' title="bbox 2313 1537 3946 1615">
     <span class='ocr_line' id='line_1_30' title="bbox 2313 1537 3946 1615; baseline 0.002 -26"><span class='ocrx_word' id='word_1_179' title='bbox 2313 1537 2623 1610; x_wconf 82' lang='grc' dir='ltr'>ἀσπασμοὺς</span> <span class='ocrx_word' id='word_1_180' title='bbox 2652 1538 2700 1590; x_wconf 83' lang='grc' dir='ltr'>ἐν</span> <span class='ocrx_word' id='word_1_181' title='bbox 2734 1546 2849 1601; x_wconf 91' lang='grc' dir='ltr'>ταῖς</span> <span class='ocrx_word' id='word_1_182' title='bbox 2901 1538 3134 1615; x_wconf 81' lang='grc' dir='ltr'>ἀγοραῖς,</span> <span class='ocrx_word' id='word_1_183' title='bbox 3167 1545 3256 1594; x_wconf 86' lang='grc' dir='ltr'>καὶ</span> <span class='ocrx_word' id='word_1_184' title='bbox 3288 1539 3544 1613; x_wconf 81' lang='grc' dir='ltr'>ἀνάγνωθι</span> <span class='ocrx_word' id='word_1_185' title='bbox 3585 1545 3688 1600; x_wconf 81' lang='grc' dir='ltr'>τὴν</span> <span class='ocrx_word' id='word_1_186' title='bbox 3740 1546 3946 1595; x_wconf 82' lang='grc' dir='ltr'>τούτων</span> 
     </span>
    </p>
   </div>
   <div class='ocr_carea' id='block_1_31' title="bbox 2312 1625 2604 1699">
    <p class='ocr_par' dir='ltr' id='par_1_31' title="bbox 2312 1625 2604 1699">
     <span class='ocr_line' id='line_1_31' title="bbox 2312 1625 2604 1699; baseline 0.014 -21"><span class='ocrx_word' id='word_1_187' title='bbox 2312 1625 2604 1699; x_wconf 73' lang='grc' dir='ltr'>ἑρμηνείαν.</span> 
     </span>
    </p>
   </div>
   <div class='ocr_carea' id='block_1_32' title="bbox 2384 1715 3946 1794">
    <p class='ocr_par' dir='ltr' id='par_1_32' title="bbox 2384 1715 3946 1794">
     <span class='ocr_line' id='line_1_32' title="bbox 2384 1715 3946 1794; baseline 0.001 -26"><span class='ocrx_word' id='word_1_188' title='bbox 2384 1716 2518 1768; x_wconf 79' lang='grc' dir='ltr'><strong>Οὐαὶ</strong></span> <span class='ocrx_word' id='word_1_189' title='bbox 2583 1748 2654 1757; x_wconf 93' lang='grc'><strong>-</strong></span> <span class='ocrx_word' id='word_1_190' title='bbox 2696 1717 2790 1770; x_wconf 79' lang='grc' dir='ltr'>οὐκ</span> <span class='ocrx_word' id='word_1_191' title='bbox 2848 1715 3078 1770; x_wconf 76' lang='grc' dir='ltr'>οἴδασιν.</span> <span class='ocrx_word' id='word_1_192' title='bbox 3139 1723 3360 1794; x_wconf 78' lang='grc' dir='ltr'>Εἴρηται</span> <span class='ocrx_word' id='word_1_193' title='bbox 3411 1725 3500 1772; x_wconf 83' lang='grc' dir='ltr'>καὶ</span> <span class='ocrx_word' id='word_1_194' title='bbox 3553 1725 3674 1793; x_wconf 79' lang='grc' dir='ltr'>περὶ</span> <span class='ocrx_word' id='word_1_195' title='bbox 3737 1723 3946 1774; x_wconf 75' lang='grc' dir='ltr'>τούτων</span> 
     </span>
    </p>
   </div>
   <div class='ocr_carea' id='block_1_33' title="bbox 553 1803 2209 1884">
    <p class='ocr_par' dir='ltr' id='par_1_33' title="bbox 553 1806 2206 1884">
     <span class='ocr_line' id='line_1_33' title="bbox 553 1806 2206 1884; baseline 0.003 -20"><span class='ocrx_word' id='word_1_196' title='bbox 553 1806 912 1884; x_wconf 82' lang='lat' dir='ltr'><strong>quagesimo</strong></span> <span class='ocrx_word' id='word_1_197' title='bbox 952 1813 1119 1866; x_wconf 85' lang='lat' dir='ltr'><strong>sexto</strong></span> <span class='ocrx_word' id='word_1_198' title='bbox 1143 1810 1338 1880; x_wconf 86' lang='lat' dir='ltr'><strong>capite</strong></span> <span class='ocrx_word' id='word_1_199' title='bbox 1388 1810 1684 1883; x_wconf 84' lang='lat' dir='ltr'><strong>Evangelii</strong></span> <span class='ocrx_word' id='word_1_200' title='bbox 1711 1811 2037 1867; x_wconf 79' lang='lat' dir='ltr'><strong>secundum</strong></span> <span class='ocrx_word' id='word_1_201' title='bbox 2068 1813 2206 1868; x_wconf 86' lang='lat' dir='ltr'><strong>Mat-</strong></span> 
     </span>
    </p>
   </div>
   <div class='ocr_carea' id='block_1_34' title="bbox 2324 1803 3944 1884">
    <p class='ocr_par' dir='ltr' id='par_1_34' title="bbox 2324 1803 3944 1880">
     <span class='ocr_line' id='line_1_34' title="bbox 2324 1803 3944 1880; baseline 0.002 -24"><span class='ocrx_word' id='word_1_202' title='bbox 2405 1814 2477 1876; x_wconf 80' lang='grc' dir='ltr'>τῷ</span> <span class='ocrx_word' id='word_1_203' title='bbox 2531 1815 2863 1877; x_wconf 79' lang='grc' dir='ltr'><strong>πεντηκοστῷ</strong></span> <span class='ocrx_word' id='word_1_204' title='bbox 2930 1809 3059 1880; x_wconf 79' lang='grc' dir='ltr'>ἕκτῳ</span> <span class='ocrx_word' id='word_1_205' title='bbox 3115 1809 3374 1880; x_wconf 77' lang='grc' dir='ltr'>κεφαλαίῳ</span> <span class='ocrx_word' id='word_1_206' title='bbox 3447 1816 3537 1862; x_wconf 83' lang='grc' dir='ltr'>τοῦ</span> <span class='ocrx_word' id='word_1_207' title='bbox 3592 1813 3744 1862; x_wconf 79' lang='grc' dir='ltr'>κατὰ</span> <span class='ocrx_word' id='word_1_208' title='bbox 3797 1817 3944 1864; x_wconf 75' lang='grc' dir='ltr'>Ματ-</span> 
     </span>
    </p>
   </div>
   <div class='ocr_carea' id='block_1_35' title="bbox 553 1899 2206 1966">
    <p class='ocr_par' dir='ltr' id='par_1_35' title="bbox 553 1899 2206 1966">
     <span class='ocr_line' id='line_1_35' title="bbox 553 1899 2206 1966; baseline 0.002 -13"><span class='ocrx_word' id='word_1_209' title='bbox 553 1899 801 1964; x_wconf 73' lang='lat' dir='ltr'><strong>thtnum,</strong></span> <span class='ocrx_word' id='word_1_210' title='bbox 837 1899 936 1954; x_wconf 92' lang='lat' dir='ltr'><strong>ubi</strong></span> <span class='ocrx_word' id='word_1_211' title='bbox 960 1899 1108 1956; x_wconf 87' lang='lat' dir='ltr'><strong>illud</strong></span> <span class='ocrx_word' id='word_1_212' title='bbox 1132 1899 1501 1955; x_wconf 83' lang='lat' dir='ltr'><strong>declaratum</strong></span> <span class='ocrx_word' id='word_1_213' title='bbox 1530 1906 1646 1955; x_wconf 89' lang='lat' dir='ltr'><strong>est:</strong></span> <span class='ocrx_word' id='word_1_214' title='bbox 1679 1901 1777 1957; x_wconf 73' lang='lat' dir='ltr'><em>Vw</em></span> <span class='ocrx_word' id='word_1_215' title='bbox 1806 1901 2206 1966; x_wconf 73' lang='lat' dir='ltr'><strong>vobis,Scribas</strong></span> 
     </span>
    </p>
   </div>
   <div class='ocr_carea' id='block_1_36' title="bbox 555 1983 2205 2062">
    <p class='ocr_par' dir='ltr' id='par_1_36' title="bbox 555 1983 2205 2062">
     <span class='ocr_line' id='line_1_36' title="bbox 555 1983 2205 2062; baseline 0.002 -19"><span class='ocrx_word' id='word_1_216' title='bbox 555 1995 612 2044; x_wconf 81' lang='lat' dir='ltr'><strong>et</strong></span> <span class='ocrx_word' id='word_1_217' title='bbox 631 1985 933 2060; x_wconf 67' lang='lat' dir='ltr'><strong>Pharisaei,</strong></span> <span class='ocrx_word' id='word_1_218' title='bbox 954 1989 1100 2061; x_wconf 90' lang='lat' dir='ltr'><strong>quia</strong></span> <span class='ocrx_word' id='word_1_219' title='bbox 1117 1983 1330 2045; x_wconf 80' lang='lat' dir='ltr'><strong>similes</strong></span> <span class='ocrx_word' id='word_1_220' title='bbox 1351 1989 1487 2045; x_wconf 78' lang='lat' dir='ltr'><strong>estis</strong></span> <span class='ocrx_word' id='word_1_221' title='bbox 1512 1989 1804 2058; x_wconf 77' lang='lat' dir='ltr'><strong>sepulcris</strong></span> <span class='ocrx_word' id='word_1_222' title='bbox 1829 1990 2113 2046; x_wconf 82' lang='lat' dir='ltr'><strong>dealbatis</strong></span> <span class='ocrx_word' id='word_1_223' title='bbox 2134 1992 2205 2062; x_wconf 79' lang='grc'><strong>⁸⁵,</strong></span> 
     </span>
    </p>
   </div>
   <div class='ocr_carea' id='block_1_37' title="bbox 554 2069 855 2135">
    <p class='ocr_par' dir='ltr' id='par_1_37' title="bbox 554 2069 855 2135">
     <span class='ocr_line' id='line_1_37' title="bbox 554 2069 855 2135; baseline 0 -1"><span class='ocrx_word' id='word_1_224' title='bbox 554 2081 612 2135; x_wconf 85' lang='lat' dir='ltr'><strong>e‘t</strong></span> <span class='ocrx_word' id='word_1_225' title='bbox 638 2069 855 2135; x_wconf 63' lang='lat' dir='ltr'><strong>cutem</strong></span> 
     </span>
    </p>
   </div>
   <div class='ocr_carea' id='block_1_38' title="bbox 627 2167 2209 2238">
    <p class='ocr_par' dir='ltr' id='par_1_38' title="bbox 627 2167 2209 2238">
     <span class='ocr_line' id='line_1_38' title="bbox 627 2167 2209 2238; baseline 0.002 -16"><span class='ocrx_word' id='word_1_226' title='bbox 627 2167 792 2223; x_wconf 82' lang='lat' dir='ltr'><strong>Vers.</strong></span> <span class='ocrx_word' id='word_1_227' title='bbox 834 2167 923 2223; x_wconf 79' lang='grc'><strong>45.</strong></span> <span class='ocrx_word' id='word_1_228' title='bbox 964 2168 1341 2238; x_wconf 75' lang='lat' dir='ltr'><strong>Respondeas</strong></span> <span class='ocrx_word' id='word_1_229' title='bbox 1366 2198 1434 2208; x_wconf 98' lang='lat'><strong>—</strong></span> <span class='ocrx_word' id='word_1_230' title='bbox 1458 2167 1646 2238; x_wconf 75' lang='lat' dir='ltr'><strong>aﬂ&#39;t&#39;cis</strong></span> <span class='ocrx_word' id='word_1_231' title='bbox 1695 2167 2026 2225; x_wconf 83' lang='lat' dir='ltr'><strong>cotumelia.</strong></span> <span class='ocrx_word' id='word_1_232' title='bbox 2061 2170 2209 2225; x_wconf 92' lang='lat' dir='ltr'><strong>Cum</strong></span> 
     </span>
    </p>
   </div>
   <div class='ocr_carea' id='block_1_39' title="bbox 557 2255 2206 2330">
    <p class='ocr_par' dir='ltr' id='par_1_39' title="bbox 557 2255 2206 2330">
     <span class='ocr_line' id='line_1_39' title="bbox 557 2255 2206 2330; baseline 0 -18"><span class='ocrx_word' id='word_1_233' title='bbox 557 2255 849 2312; x_wconf 79' lang='lat' dir='ltr'><strong>similibus</strong></span> <span class='ocrx_word' id='word_1_234' title='bbox 877 2255 1004 2330; x_wconf 90' lang='lat' dir='ltr'><strong>ipse</strong></span> <span class='ocrx_word' id='word_1_235' title='bbox 1036 2255 1349 2312; x_wconf 74' lang='lat' dir='ltr'><strong>affectibus</strong></span> <span class='ocrx_word' id='word_1_236' title='bbox 1378 2259 1539 2312; x_wconf 88' lang='lat' dir='ltr'><strong>esset</strong></span> <span class='ocrx_word' id='word_1_237' title='bbox 1564 2256 1883 2326; x_wconf 88' lang='lat' dir='ltr'><strong>obnoxius,</strong></span> <span class='ocrx_word' id='word_1_238' title='bbox 1907 2256 2206 2326; x_wconf 90' lang='lat' dir='ltr'><strong>cognovit,</strong></span> 
     </span>
    </p>
   </div>
   <div class='ocr_carea' id='block_1_40' title="bbox 556 2345 2213 2419">
    <p class='ocr_par' dir='ltr' id='par_1_40' title="bbox 556 2345 2213 2419">
     <span class='ocr_line' id='line_1_40' title="bbox 556 2345 2213 2419; baseline 0.001 -18"><span class='ocrx_word' id='word_1_239' title='bbox 556 2345 722 2419; x_wconf 90' lang='lat' dir='ltr'><strong>quod</strong></span> <span class='ocrx_word' id='word_1_240' title='bbox 750 2346 880 2402; x_wconf 70' lang='lat' dir='ltr'><strong>hinc</strong></span> <span class='ocrx_word' id='word_1_241' title='bbox 937 2345 1226 2402; x_wconf 87' lang='lat' dir='ltr'><strong>adversus</strong></span> <span class='ocrx_word' id='word_1_242' title='bbox 1252 2359 1460 2402; x_wconf 88' lang='lat' dir='ltr'><strong>omnes</strong></span> <span class='ocrx_word' id='word_1_243' title='bbox 1509 2345 1744 2401; x_wconf 90' lang='lat' dir='ltr'><strong>diceret.</strong></span> <span class='ocrx_word' id='word_1_244' title='bbox 1774 2345 1879 2418; x_wconf 89' lang='lat' dir='ltr'><strong>qui</strong></span> <span class='ocrx_word' id='word_1_245' title='bbox 1909 2345 2213 2419; x_wconf 68' lang='lat' dir='ltr'><strong>aequaliter</strong></span> 
     </span>
    </p>
   </div>
   <div class='ocr_carea' id='block_1_41' title="bbox 554 2439 832 2492">
    <p class='ocr_par' dir='ltr' id='par_1_41' title="bbox 554 2439 832 2492">
     <span class='ocr_line' id='line_1_41' title="bbox 554 2439 832 2492; baseline 0 0"><span class='ocrx_word' id='word_1_246' title='bbox 554 2439 832 2492; x_wconf 85' lang='lat' dir='ltr'><strong>errarent.</strong></span> 
     </span>
    </p>
   </div>
   <div class='ocr_carea' id='block_1_42' title="bbox 557 2525 1934 2597">
    <p class='ocr_par' dir='ltr' id='par_1_42' title="bbox 557 2525 1934 2597">
     <span class='ocr_line' id='line_1_42' title="bbox 557 2525 1934 2597; baseline -0.001 -15"><span class='ocrx_word' id='word_1_247' title='bbox 557 2525 710 2582; x_wconf 76' lang='lat' dir='ltr'><strong>CAP.</strong></span> <span class='ocrx_word' id='word_1_248' title='bbox 733 2526 912 2582; x_wconf 75' lang='lat' dir='ltr'><strong>XLIII.</strong></span> <span class='ocrx_word' id='word_1_249' title='bbox 947 2525 1027 2581; x_wconf 89' lang='lat' dir='ltr'><strong>De</strong></span> <span class='ocrx_word' id='word_1_250' title='bbox 1052 2525 1448 2594; x_wconf 79' lang='lat' dir='ltr'><strong>deploratione</strong></span> <span class='ocrx_word' id='word_1_251' title='bbox 1480 2525 1934 2597; x_wconf 78' lang='lat' dir='ltr'><strong>legisperitorum</strong></span> 
     </span>
    </p>
   </div>
   <div class='ocr_carea' id='block_1_43' title="bbox 628 2615 2211 2688">
    <p class='ocr_par' dir='ltr' id='par_1_43' title="bbox 628 2615 2211 2688">
     <span class='ocr_line' id='line_1_43' title="bbox 628 2615 2211 2688; baseline 0.001 -18"><span class='ocrx_word' id='word_1_252' title='bbox 628 2615 792 2670; x_wconf 72' lang='lat' dir='ltr'><strong>Vers.</strong></span> <span class='ocrx_word' id='word_1_253' title='bbox 810 2618 900 2672; x_wconf 84' lang='grc'>49.</span> <span class='ocrx_word' id='word_1_254' title='bbox 923 2615 1000 2669; x_wconf 84' lang='lat' dir='ltr'><strong>At</strong></span> <span class='ocrx_word' id='word_1_255' title='bbox 1030 2615 1224 2686; x_wconf 82' lang='lat' dir='ltr'><strong>ipse—</strong></span> <span class='ocrx_word' id='word_1_256' title='bbox 1241 2629 1442 2672; x_wconf 82' lang='lat' dir='ltr'><strong>onera.</strong></span> <span class='ocrx_word' id='word_1_257' title='bbox 1473 2616 1976 2687; x_wconf 86' lang='lat' dir='ltr'><strong>Quinquagcsimo</strong></span> <span class='ocrx_word' id='word_1_258' title='bbox 2005 2616 2211 2688; x_wconf 88' lang='lat' dir='ltr'><strong>quinto</strong></span> 
     </span>
    </p>
   </div>
   <div class='ocr_carea' id='block_1_44' title="bbox 552 2703 2213 2776">
    <p class='ocr_par' dir='ltr' id='par_1_44' title="bbox 552 2703 2213 2776">
     <span class='ocr_line' id='line_1_44' title="bbox 552 2703 2213 2776; baseline 0.001 -17"><span class='ocrx_word' id='word_1_259' title='bbox 552 2705 725 2775; x_wconf 82' lang='lat' dir='ltr'><strong>juxta</strong></span> <span class='ocrx_word' id='word_1_260' title='bbox 743 2703 1081 2759; x_wconf 70' lang='lat' dir='ltr'><strong>Matthaaum</strong></span> <span class='ocrx_word' id='word_1_261' title='bbox 1107 2704 1298 2776; x_wconf 89' lang='lat' dir='ltr'><strong>capite</strong></span> <span class='ocrx_word' id='word_1_262' title='bbox 1320 2705 1497 2760; x_wconf 90' lang='lat' dir='ltr'><strong>ctiam</strong></span> <span class='ocrx_word' id='word_1_263' title='bbox 1528 2704 1598 2760; x_wconf 90' lang='lat' dir='ltr'><strong>de</strong></span> <span class='ocrx_word' id='word_1_264' title='bbox 1613 2703 1706 2759; x_wconf 88' lang='lat' dir='ltr'><strong>his</strong></span> <span class='ocrx_word' id='word_1_265' title='bbox 1727 2704 1952 2760; x_wconf 91' lang='lat' dir='ltr'><strong>dictum</strong></span> <span class='ocrx_word' id='word_1_266' title='bbox 1979 2711 2084 2770; x_wconf 90' lang='lat' dir='ltr'><strong>est,</strong></span> <span class='ocrx_word' id='word_1_267' title='bbox 2108 2705 2213 2761; x_wconf 90' lang='lat' dir='ltr'><strong>ubi</strong></span> 
     </span>
    </p>
   </div>
   <div class='ocr_carea' id='block_1_45' title="bbox 555 2791 2215 2864">
    <p class='ocr_par' dir='ltr' id='par_1_45' title="bbox 555 2791 2215 2864">
     <span class='ocr_line' id='line_1_45' title="bbox 555 2791 2215 2864; baseline 0.001 -16"><span class='ocrx_word' id='word_1_268' title='bbox 555 2791 808 2848; x_wconf 86' lang='lat' dir='ltr'><strong>habetur</strong></span> <span class='ocrx_word' id='word_1_269' title='bbox 835 2810 848 2847; x_wconf 92' lang='lat'>:</span> <span class='ocrx_word' id='word_1_270' title='bbox 878 2792 1142 2864; x_wconf 81' lang='lat' dir='ltr'><strong>Alligant</strong></span> <span class='ocrx_word' id='word_1_271' title='bbox 1169 2807 1348 2849; x_wconf 79' lang='lat' dir='ltr'><strong>onera</strong></span> <span class='ocrx_word' id='word_1_272' title='bbox 1372 2797 1583 2862; x_wconf 82' lang='lat' dir='ltr'><strong>gravia</strong></span> <span class='ocrx_word' id='word_1_273' title='bbox 1621 2801 1674 2850; x_wconf 88' lang='lat' dir='ltr'><strong>et</strong></span> <span class='ocrx_word' id='word_1_274' title='bbox 1720 2791 2128 2863; x_wconf 81' lang='lat' dir='ltr'><strong>importabilia</strong></span> <span class='ocrx_word' id='word_1_275' title='bbox 2159 2801 2215 2850; x_wconf 93' lang='lat' dir='ltr'><strong>et</strong></span> 
     </span>
    </p>
   </div>
   <div class='ocr_carea' id='block_1_46' title="bbox 556 2882 2212 2954">
    <p class='ocr_par' dir='ltr' id='par_1_46' title="bbox 556 2882 2212 2954">
     <span class='ocr_line' id='line_1_46' title="bbox 556 2882 2212 2954; baseline 0.001 -16"><span class='ocrx_word' id='word_1_276' title='bbox 556 2883 864 2950; x_wconf 80' lang='lat' dir='ltr'><strong>imponunt</strong></span> <span class='ocrx_word' id='word_1_277' title='bbox 891 2883 954 2938; x_wconf 85' lang='lat' dir='ltr'><strong>in</strong></span> <span class='ocrx_word' id='word_1_278' title='bbox 989 2882 1257 2938; x_wconf 85' lang='lat' dir='ltr'><strong>humeros</strong></span> <span class='ocrx_word' id='word_1_279' title='bbox 1289 2883 1587 2939; x_wconf 83' lang='lat' dir='ltr'><strong>hominum</strong></span> <span class='ocrx_word' id='word_1_280' title='bbox 1617 2883 1702 2951; x_wconf 62' lang='lat'><strong>3°;</strong></span> <span class='ocrx_word' id='word_1_281' title='bbox 1739 2899 1933 2954; x_wconf 68' lang='lat' dir='ltr'><strong>quaere</strong></span> <span class='ocrx_word' id='word_1_282' title='bbox 1959 2899 2102 2952; x_wconf 89' lang='lat' dir='ltr'><strong>ergo</strong></span> <span class='ocrx_word' id='word_1_283' title='bbox 2131 2883 2212 2941; x_wconf 90' lang='lat' dir='ltr'><strong>ibi</strong></span> 
     </span>
    </p>
   </div>
   <div class='ocr_carea' id='block_1_47' title="bbox 557 2969 2211 3043">
    <p class='ocr_par' dir='ltr' id='par_1_47' title="bbox 557 2969 2211 3043">
     <span class='ocr_line' id='line_1_47' title="bbox 557 2969 2211 3043; baseline 0.002 -19"><span class='ocrx_word' id='word_1_284' title='bbox 557 2969 1016 3026; x_wconf 68' lang='lat' dir='ltr'><strong>enarrationem.</strong></span> <span class='ocrx_word' id='word_1_285' title='bbox 1039 2971 1198 3026; x_wconf 88' lang='lat' dir='ltr'><strong>Utilis</strong></span> <span class='ocrx_word' id='word_1_286' title='bbox 1219 2974 1305 3027; x_wconf 89' lang='lat' dir='ltr'><strong>est</strong></span> <span class='ocrx_word' id='word_1_287' title='bbox 1333 2975 1532 3026; x_wconf 90' lang='lat' dir='ltr'><strong>autem</strong></span> <span class='ocrx_word' id='word_1_288' title='bbox 1559 2978 1898 3043; x_wconf 88' lang='lat' dir='ltr'><strong>opportuna</strong></span> <span class='ocrx_word' id='word_1_289' title='bbox 1923 2972 2211 3042; x_wconf 86' lang='lat' dir='ltr'><strong>redargu-</strong></span> 
     </span>
    </p>
   </div>
   <div class='ocr_carea' id='block_1_48' title="bbox 556 3058 2100 3132">
    <p class='ocr_par' dir='ltr' id='par_1_48' title="bbox 556 3058 2100 3132">
     <span class='ocr_line' id='line_1_48' title="bbox 556 3058 2100 3132; baseline 0 -17"><span class='ocrx_word' id='word_1_290' title='bbox 556 3058 658 3126; x_wconf 87' lang='lat' dir='ltr'><strong>tio,</strong></span> <span class='ocrx_word' id='word_1_291' title='bbox 691 3073 826 3132; x_wconf 75' lang='lat' dir='ltr'><strong>quae</strong></span> <span class='ocrx_word' id='word_1_292' title='bbox 883 3060 1293 3131; x_wconf 88' lang='lat' dir='ltr'><strong>arrogantium</strong></span> <span class='ocrx_word' id='word_1_293' title='bbox 1324 3060 1578 3116; x_wconf 82' lang='lat' dir='ltr'><strong>detrahit</strong></span> <span class='ocrx_word' id='word_1_294' title='bbox 1607 3075 1829 3116; x_wconf 88' lang='lat' dir='ltr'><strong>vanum</strong></span> <span class='ocrx_word' id='word_1_295' title='bbox 1860 3059 2100 3117; x_wconf 86' lang='lat' dir='ltr'><strong>fastum.</strong></span> 
     </span>
    </p>
   </div>
   <div class='ocr_carea' id='block_1_49' title="bbox 629 3236 2213 3295">
    <p class='ocr_par' dir='ltr' id='par_1_49' title="bbox 629 3236 2213 3295">
     <span class='ocr_line' id='line_1_49' title="bbox 629 3236 2213 3295; baseline 0.003 -4"><span class='ocrx_word' id='word_1_296' title='bbox 629 3237 788 3291; x_wconf 88' lang='lat' dir='ltr'><strong>Vers.</strong></span> <span class='ocrx_word' id='word_1_297' title='bbox 821 3236 910 3292; x_wconf 78' lang='grc'><strong>47.</strong></span> <span class='ocrx_word' id='word_1_298' title='bbox 957 3236 1048 3291; x_wconf 79' lang='lat' dir='ltr'><strong>Vce</strong></span> <span class='ocrx_word' id='word_1_299' title='bbox 1078 3267 1148 3278; x_wconf 85' lang='lat'><strong>——</strong></span> <span class='ocrx_word' id='word_1_300' title='bbox 1194 3237 1356 3291; x_wconf 89' lang='lat' dir='ltr'><strong>Vers.</strong></span> <span class='ocrx_word' id='word_1_301' title='bbox 1408 3236 1476 3292; x_wconf 82' lang='grc'>48</span> <span class='ocrx_word' id='word_1_302' title='bbox 1535 3243 1929 3293; x_wconf 83' lang='lat' dir='ltr'><strong>monumenta.</strong></span> <span class='ocrx_word' id='word_1_303' title='bbox 1975 3239 2213 3295; x_wconf 90' lang='lat' dir='ltr'><strong>Manife-</strong></span> 
     </span>
    </p>
   </div>
   <div class='ocr_carea' id='block_1_50' title="bbox 559 3323 2211 3398">
    <p class='ocr_par' dir='ltr' id='par_1_50' title="bbox 559 3323 2211 3398">
     <span class='ocr_line' id='line_1_50' title="bbox 559 3323 2211 3398; baseline 0.003 -18"><span class='ocrx_word' id='word_1_304' title='bbox 559 3325 706 3381; x_wconf 87' lang='lat' dir='ltr'><strong>stius</strong></span> <span class='ocrx_word' id='word_1_305' title='bbox 726 3323 801 3381; x_wconf 92' lang='lat' dir='ltr'><strong>de</strong></span> <span class='ocrx_word' id='word_1_306' title='bbox 830 3325 922 3380; x_wconf 90' lang='lat' dir='ltr'><strong>his</strong></span> <span class='ocrx_word' id='word_1_307' title='bbox 953 3323 1184 3398; x_wconf 87' lang='lat' dir='ltr'><strong>scripsit</strong></span> <span class='ocrx_word' id='word_1_308' title='bbox 1201 3325 2027 3398; x_wconf 67' lang='lat' dir='ltr'><strong>Matthaausquinquagesimo</strong></span> <span class='ocrx_word' id='word_1_309' title='bbox 2047 3334 2211 3385; x_wconf 83' lang='lat' dir='ltr'><strong>sexto</strong></span> 
     </span>
    </p>
   </div>
   <div class='ocr_carea' id='block_1_51' title="bbox 557 3415 2210 3490">
    <p class='ocr_par' dir='ltr' id='par_1_51' title="bbox 557 3415 2210 3490">
     <span class='ocr_line' id='line_1_51' title="bbox 557 3415 2210 3490; baseline 0.003 -20"><span class='ocrx_word' id='word_1_310' title='bbox 557 3415 745 3486; x_wconf 82' lang='lat' dir='ltr'><strong>capite</strong></span> <span class='ocrx_word' id='word_1_311' title='bbox 786 3419 878 3470; x_wconf 88' lang='lat' dir='ltr'><strong>:et</strong></span> <span class='ocrx_word' id='word_1_312' title='bbox 915 3415 968 3470; x_wconf 90' lang='lat' dir='ltr'><strong>in</strong></span> <span class='ocrx_word' id='word_1_313' title='bbox 1001 3430 1069 3471; x_wconf 91' lang='lat' dir='ltr'><strong>eo</strong></span> <span class='ocrx_word' id='word_1_314' title='bbox 1098 3415 1227 3485; x_wconf 90' lang='lat' dir='ltr'><strong>lege</strong></span> <span class='ocrx_word' id='word_1_315' title='bbox 1267 3415 1760 3486; x_wconf 86' lang='lat' dir='ltr'><strong>explanationem,</strong></span> <span class='ocrx_word' id='word_1_316' title='bbox 1795 3432 1830 3473; x_wconf 92' lang='lat' dir='ltr'><strong>a</strong></span> <span class='ocrx_word' id='word_1_317' title='bbox 1877 3433 2000 3490; x_wconf 86' lang='lat' dir='ltr'><strong>qua</strong></span> <span class='ocrx_word' id='word_1_318' title='bbox 2030 3417 2210 3475; x_wconf 87' lang='lat' dir='ltr'><strong>etiam</strong></span> 
     </span>
    </p>
   </div>
   <div class='ocr_carea' id='block_1_52' title="bbox 555 3503 1460 3576">
    <p class='ocr_par' dir='ltr' id='par_1_52' title="bbox 555 3503 1460 3576">
     <span class='ocr_line' id='line_1_52' title="bbox 555 3503 1460 3576; baseline -0.001 -17"><span class='ocrx_word' id='word_1_319' title='bbox 555 3504 684 3559; x_wconf 63' lang='lat' dir='ltr'><strong>haec</strong></span> <span class='ocrx_word' id='word_1_320' title='bbox 717 3503 815 3560; x_wconf 91' lang='lat' dir='ltr'><strong>tibi</strong></span> <span class='ocrx_word' id='word_1_321' title='bbox 841 3511 1020 3576; x_wconf 89' lang='lat' dir='ltr'><strong>captu</strong></span> <span class='ocrx_word' id='word_1_322' title='bbox 1046 3503 1242 3561; x_wconf 82' lang='lat' dir='ltr'><strong>facilia</strong></span> <span class='ocrx_word' id='word_1_323' title='bbox 1269 3509 1460 3560; x_wconf 86' lang='lat' dir='ltr'><strong>erunt.</strong></span> 
     </span>
    </p>
   </div>
   <div class='ocr_carea' id='block_1_53' title="bbox 627 3594 2210 3668">
    <p class='ocr_par' dir='ltr' id='par_1_53' title="bbox 627 3594 2210 3668">
     <span class='ocr_line' id='line_1_53' title="bbox 627 3594 2210 3668; baseline 0.005 -20"><span class='ocrx_word' id='word_1_324' title='bbox 627 3594 788 3649; x_wconf 77' lang='lat' dir='ltr'><strong>Vers.</strong></span> <span class='ocrx_word' id='word_1_325' title='bbox 817 3597 903 3650; x_wconf 78' lang='grc'>49.</span> <span class='ocrx_word' id='word_1_326' title='bbox 939 3596 1253 3666; x_wconf 79' lang='lat' dir='ltr'><strong>Propterea</strong></span> <span class='ocrx_word' id='word_1_327' title='bbox 1281 3627 1351 3636; x_wconf 95' lang='lat'><em>—</em></span> <span class='ocrx_word' id='word_1_328' title='bbox 1371 3603 1816 3668; x_wconf 80' lang='lat' dir='ltr'><strong>persequentur.</strong></span> <span class='ocrx_word' id='word_1_329' title='bbox 1849 3597 2210 3668; x_wconf 86' lang='lat' dir='ltr'><strong>Sapientiam</strong></span> 
     </span>
    </p>
   </div>
   <div class='ocr_carea' id='block_1_54' title="bbox 557 3681 2214 3759">
    <p class='ocr_par' dir='ltr' id='par_1_54' title="bbox 557 3681 2214 3759">
     <span class='ocr_line' id='line_1_54' title="bbox 557 3681 2214 3759; baseline 0.004 -22"><span class='ocrx_word' id='word_1_330' title='bbox 557 3681 696 3738; x_wconf 85' lang='lat' dir='ltr'><strong>dicit</strong></span> <span class='ocrx_word' id='word_1_331' title='bbox 720 3697 893 3738; x_wconf 89' lang='lat' dir='ltr'><strong>suam</strong></span> <span class='ocrx_word' id='word_1_332' title='bbox 921 3705 933 3738; x_wconf 90' lang='lat'><strong>:</strong></span> <span class='ocrx_word' id='word_1_333' title='bbox 961 3689 1062 3740; x_wconf 88' lang='lat' dir='ltr'><strong>aut</strong></span> <span class='ocrx_word' id='word_1_334' title='bbox 1088 3685 1288 3750; x_wconf 90' lang='lat' dir='ltr'><strong>etiam,</strong></span> <span class='ocrx_word' id='word_1_335' title='bbox 1323 3700 1383 3740; x_wconf 90' lang='lat' dir='ltr'><strong>se</strong></span> <span class='ocrx_word' id='word_1_336' title='bbox 1421 3684 1624 3756; x_wconf 87' lang='lat' dir='ltr'><strong>ipsum</strong></span> <span class='ocrx_word' id='word_1_337' title='bbox 1658 3691 1830 3740; x_wconf 87' lang='lat' dir='ltr'><strong>vocat</strong></span> <span class='ocrx_word' id='word_1_338' title='bbox 1856 3686 1956 3740; x_wconf 92' lang='lat' dir='ltr'><strong>Dei</strong></span> <span class='ocrx_word' id='word_1_339' title='bbox 1979 3687 2214 3759; x_wconf 87' lang='lat' dir='ltr'><strong>sapien-</strong></span> 
     </span>
    </p>
   </div>
   <div class='ocr_carea' id='block_1_55' title="bbox 557 3771 2211 3844">
    <p class='ocr_par' dir='ltr' id='par_1_55' title="bbox 557 3771 2211 3844">
     <span class='ocr_line' id='line_1_55' title="bbox 557 3771 2211 3844; baseline 0.004 -16"><span class='ocrx_word' id='word_1_340' title='bbox 557 3771 726 3828; x_wconf 83' lang='lat' dir='ltr'><strong>tiam.</strong></span> <span class='ocrx_word' id='word_1_341' title='bbox 772 3771 1056 3828; x_wconf 69' lang='lat' dir='ltr'><strong>Praadicto</strong></span> <span class='ocrx_word' id='word_1_342' title='bbox 1099 3774 1254 3828; x_wconf 88' lang='lat' dir='ltr'><strong>enim</strong></span> <span class='ocrx_word' id='word_1_343' title='bbox 1311 3774 1505 3844; x_wconf 87' lang='lat' dir='ltr'><strong>capite</strong></span> <span class='ocrx_word' id='word_1_344' title='bbox 1562 3774 1642 3829; x_wconf 91' lang='lat' dir='ltr'><strong>ait</strong></span> <span class='ocrx_word' id='word_1_345' title='bbox 1697 3773 2012 3838; x_wconf 59' lang='lat' dir='ltr'><strong>Mattheus,</strong></span> <span class='ocrx_word' id='word_1_346' title='bbox 2072 3792 2211 3834; x_wconf 90' lang='lat' dir='ltr'><strong>eum</strong></span> 
     </span>
    </p>
   </div>
   <div class='ocr_carea' id='block_1_56' title="bbox 555 3860 2213 3934">
    <p class='ocr_par' dir='ltr' id='par_1_56' title="bbox 555 3860 2213 3934">
     <span class='ocr_line' id='line_1_56' title="bbox 555 3860 2213 3934; baseline 0.003 -18"><span class='ocrx_word' id='word_1_347' title='bbox 555 3860 801 3920; x_wconf 84' lang='lat' dir='ltr'><strong>dixisse:</strong></span> <span class='ocrx_word' id='word_1_348' title='bbox 824 3863 976 3918; x_wconf 86' lang='lat' dir='ltr'><strong>Ecce</strong></span> <span class='ocrx_word' id='word_1_349' title='bbox 999 3878 1101 3933; x_wconf 86' lang='lat' dir='ltr'><strong>ego</strong></span> <span class='ocrx_word' id='word_1_350' title='bbox 1129 3867 1299 3919; x_wconf 76' lang='lat' dir='ltr'><strong>mitto</strong></span> <span class='ocrx_word' id='word_1_351' title='bbox 1324 3864 1402 3917; x_wconf 88' lang='lat' dir='ltr'><strong>ad</strong></span> <span class='ocrx_word' id='word_1_352' title='bbox 1423 3878 1516 3919; x_wconf 85' lang='lat' dir='ltr'><strong>vos</strong></span> <span class='ocrx_word' id='word_1_353' title='bbox 1526 3863 1834 3934; x_wconf 79' lang='lat' dir='ltr'><strong>prophetas</strong></span> <span class='ocrx_word' id='word_1_354' title='bbox 1851 3871 1903 3918; x_wconf 90' lang='lat' dir='ltr'><strong>et</strong></span> <span class='ocrx_word' id='word_1_355' title='bbox 1917 3866 2213 3930; x_wconf 79' lang='lat' dir='ltr'><strong>sapientes</strong></span> 
     </span>
    </p>
   </div>
   <div class='ocr_carea' id='block_1_57' title="bbox 556 3951 2211 4024">
    <p class='ocr_par' dir='ltr' id='par_1_57' title="bbox 556 3951 2211 4024">
     <span class='ocr_line' id='line_1_57' title="bbox 556 3951 2211 4024; baseline 0.002 -17"><span class='ocrx_word' id='word_1_356' title='bbox 556 3951 856 4007; x_wconf 73' lang='lat' dir='ltr'><strong>describas</strong></span> <span class='ocrx_word' id='word_1_357' title='bbox 870 3952 937 4016; x_wconf 76' lang='grc'><strong>⁸⁷,</strong></span> <span class='ocrx_word' id='word_1_358' title='bbox 955 3957 1011 4006; x_wconf 90' lang='lat' dir='ltr'><strong>et</strong></span> <span class='ocrx_word' id='word_1_359' title='bbox 1024 3955 1256 4015; x_wconf 59' lang='lat' dir='ltr'><strong>caetera,</strong></span> <span class='ocrx_word' id='word_1_360' title='bbox 1273 3951 1372 4007; x_wconf 90' lang='lat' dir='ltr'><strong>ubi</strong></span> <span class='ocrx_word' id='word_1_361' title='bbox 1386 3953 1820 4008; x_wconf 86' lang='lat' dir='ltr'><strong>enarrationem</strong></span> <span class='ocrx_word' id='word_1_362' title='bbox 1833 3953 2211 4024; x_wconf 87' lang='lat' dir='ltr'><strong>aptissimam</strong></span> 
     </span>
    </p>
   </div>
   <div class='ocr_carea' id='block_1_58' title="bbox 557 4039 2214 4115">
    <p class='ocr_par' dir='ltr' id='par_1_58' title="bbox 557 4039 2214 4115">
     <span class='ocr_line' id='line_1_58' title="bbox 557 4039 2214 4115; baseline 0.001 -18"><span class='ocrx_word' id='word_1_363' title='bbox 557 4039 634 4097; x_wconf 89' lang='lat' dir='ltr'><strong>ad</strong></span> <span class='ocrx_word' id='word_1_364' title='bbox 665 4039 900 4111; x_wconf 82' lang='lat' dir='ltr'><strong>singula</strong></span> <span class='ocrx_word' id='word_1_365' title='bbox 937 4040 1120 4096; x_wconf 88' lang='lat' dir='ltr'><strong>verba</strong></span> <span class='ocrx_word' id='word_1_366' title='bbox 1150 4041 1437 4095; x_wconf 88' lang='lat' dir='ltr'><strong>invenies.</strong></span> <span class='ocrx_word' id='word_1_367' title='bbox 1470 4043 1637 4096; x_wconf 89' lang='lat' dir='ltr'><strong>Nunc</strong></span> <span class='ocrx_word' id='word_1_368' title='bbox 1662 4049 1860 4098; x_wconf 90' lang='lat' dir='ltr'><strong>autem</strong></span> <span class='ocrx_word' id='word_1_369' title='bbox 1894 4057 2059 4098; x_wconf 90' lang='lat' dir='ltr'><strong>more</strong></span> <span class='ocrx_word' id='word_1_370' title='bbox 2083 4059 2214 4115; x_wconf 86' lang='lat' dir='ltr'><strong>pro-</strong></span> 
     </span>
    </p>
   </div>
   <div class='ocr_carea' id='block_1_59' title="bbox 557 4129 1889 4201">
    <p class='ocr_par' dir='ltr' id='par_1_59' title="bbox 557 4129 1889 4201">
     <span class='ocr_line' id='line_1_59' title="bbox 557 4129 1889 4201; baseline -0.001 -17"><span class='ocrx_word' id='word_1_371' title='bbox 557 4129 766 4200; x_wconf 81' lang='lat' dir='ltr'><strong>phetiae</strong></span> <span class='ocrx_word' id='word_1_372' title='bbox 791 4133 982 4195; x_wconf 89' lang='lat' dir='ltr'><strong>utens,</strong></span> <span class='ocrx_word' id='word_1_373' title='bbox 1003 4129 1273 4200; x_wconf 64' lang='lat' dir='ltr'><strong>praedicit</strong></span> <span class='ocrx_word' id='word_1_374' title='bbox 1310 4129 1462 4201; x_wconf 92' lang='lat' dir='ltr'><strong>quod</strong></span> <span class='ocrx_word' id='word_1_375' title='bbox 1488 4129 1748 4186; x_wconf 82' lang='lat' dir='ltr'><strong>futurum</strong></span> <span class='ocrx_word' id='word_1_376' title='bbox 1784 4135 1889 4186; x_wconf 91' lang='lat' dir='ltr'><strong>est.</strong></span> 
     </span>
    </p>
   </div>
   <div class='ocr_carea' id='block_1_60' title="bbox 2319 1897 3940 1971">
    <p class='ocr_par' dir='ltr' id='par_1_60' title="bbox 2319 1897 3940 1971">
     <span class='ocr_line' id='line_1_60' title="bbox 2319 1897 3940 1971; baseline 0.002 -25"><span class='ocrx_word' id='word_1_377' title='bbox 2319 1897 2482 1959; x_wconf 83' lang='grc' dir='ltr'>θαῑον,</span> <span class='ocrx_word' id='word_1_378' title='bbox 2511 1897 2630 1947; x_wconf 82' lang='grc' dir='ltr'>ἔνθα</span> <span class='ocrx_word' id='word_1_379' title='bbox 2661 1897 2960 1970; x_wconf 80' lang='grc' dir='ltr'>ἠρμηνεύθη</span> <span class='ocrx_word' id='word_1_380' title='bbox 2991 1902 3070 1951; x_wconf 83' lang='grc' dir='ltr'>τό.</span> <span class='ocrx_word' id='word_1_381' title='bbox 3101 1897 3236 1950; x_wconf 69' lang='grc' dir='ltr'>Οὐαὶ</span> <span class='ocrx_word' id='word_1_382' title='bbox 3275 1900 3394 1969; x_wconf 77' lang='grc' dir='ltr'>ὑμῖν</span> <span class='ocrx_word' id='word_1_383' title='bbox 3426 1905 3803 1971; x_wconf 75' lang='grc' dir='ltr'>,Γραμματεῖς</span> <span class='ocrx_word' id='word_1_384' title='bbox 3849 1904 3940 1950; x_wconf 80' lang='grc' dir='ltr'>καὶ</span> 
     </span>
    </p>
   </div>
   <div class='ocr_carea' id='block_1_61' title="bbox 2317 1986 3940 2060">
    <p class='ocr_par' dir='ltr' id='par_1_61' title="bbox 2317 1986 3940 2060">
     <span class='ocr_line' id='line_1_61' title="bbox 2317 1986 3940 2060; baseline 0.003 -25"><span class='ocrx_word' id='word_1_385' title='bbox 2317 1990 2596 2058; x_wconf 81' lang='grc' dir='ltr'>Φαρισαῖοι</span> <span class='ocrx_word' id='word_1_386' title='bbox 2626 1986 2926 2058; x_wconf 81' lang='grc' dir='ltr'>ὑποκριταὶ,</span> <span class='ocrx_word' id='word_1_387' title='bbox 2960 1988 3040 2039; x_wconf 87' lang='grc' dir='ltr'>ὅτι</span> <span class='ocrx_word' id='word_1_388' title='bbox 3069 1987 3450 2060; x_wconf 76' lang='grc' dir='ltr'>παρομοίάζετε</span> <span class='ocrx_word' id='word_1_389' title='bbox 3479 1989 3659 2060; x_wconf 79' lang='grc' dir='ltr'>τάφοις</span> <span class='ocrx_word' id='word_1_390' title='bbox 3689 2008 3940 2042; x_wconf 84' lang='grc' dir='ltr'>κεκονια-</span> 
     </span>
    </p>
   </div>
   <div class='ocr_carea' id='block_1_62' title="bbox 2317 2074 2902 2144">
    <p class='ocr_par' dir='ltr' id='par_1_62' title="bbox 2317 2074 2902 2144">
     <span class='ocr_line' id='line_1_62' title="bbox 2317 2074 2902 2144; baseline 0.01 -20"><span class='ocrx_word' id='word_1_391' title='bbox 2317 2076 2508 2144; x_wconf 80' lang='grc' dir='ltr'>μένοις,</span> <span class='ocrx_word' id='word_1_392' title='bbox 2550 2078 2640 2126; x_wconf 87' lang='grc' dir='ltr'>καὶ</span> <span class='ocrx_word' id='word_1_393' title='bbox 2672 2076 2737 2126; x_wconf 84' lang='grc' dir='ltr'>τὰ</span> <span class='ocrx_word' id='word_1_394' title='bbox 2759 2074 2844 2137; x_wconf 81' lang='grc' dir='ltr'><strong>ἐξῆ</strong></span> <span class='ocrx_word' id='word_1_395' title='bbox 2859 2095 2902 2136; x_wconf 89' lang='grc' dir='ltr'>ς.</span> 
     </span>
    </p>
   </div>
   <div class='ocr_carea' id='block_1_63' title="bbox 2391 2161 3936 2239">
    <p class='ocr_par' dir='ltr' id='par_1_63' title="bbox 2391 2161 3936 2239">
     <span class='ocr_line' id='line_1_63' title="bbox 2391 2161 3936 2239; baseline 0.003 -25"><span class='ocrx_word' id='word_1_396' title='bbox 2391 2161 2712 2237; x_wconf 82' lang='grc' dir='ltr'>Ἀποκριθεὶς</span> <span class='ocrx_word' id='word_1_397' title='bbox 2773 2195 2841 2204; x_wconf 94' lang='lat'><strong>—-</strong></span> <span class='ocrx_word' id='word_1_398' title='bbox 2887 2164 3134 2239; x_wconf 78' lang='grc' dir='ltr'>ὑϐρίζεις.</span> <span class='ocrx_word' id='word_1_399' title='bbox 3180 2172 3302 2228; x_wconf 89' lang='grc' dir='ltr'>Τοῖς</span> <span class='ocrx_word' id='word_1_400' title='bbox 3356 2167 3557 2238; x_wconf 78' lang='grc' dir='ltr'>ὁμοίοις</span> <span class='ocrx_word' id='word_1_401' title='bbox 3621 2173 3718 2220; x_wconf 81' lang='grc' dir='ltr'><strong>καὶ</strong></span> <span class='ocrx_word' id='word_1_402' title='bbox 3776 2167 3936 2228; x_wconf 73' lang='grc' dir='ltr'>αὐτὸς</span> 
     </span>
    </p>
   </div>
   <div class='ocr_carea' id='block_1_64' title="bbox 2318 2250 3930 2326">
    <p class='ocr_par' dir='ltr' id='par_1_64' title="bbox 2318 2250 3930 2326">
     <span class='ocr_line' id='line_1_64' title="bbox 2318 2250 3930 2326; baseline 0.002 -23"><span class='ocrx_word' id='word_1_403' title='bbox 2318 2252 2539 2304; x_wconf 75' lang='grc' dir='ltr'>πάθεσιν</span> <span class='ocrx_word' id='word_1_404' title='bbox 2561 2250 2880 2324; x_wconf 78' lang='grc' dir='ltr'>ἐνεχόμενος,</span> <span class='ocrx_word' id='word_1_405' title='bbox 2905 2255 3054 2326; x_wconf 77' lang='grc' dir='ltr'>ἔγνω,</span> <span class='ocrx_word' id='word_1_406' title='bbox 3084 2256 3162 2307; x_wconf 86' lang='grc' dir='ltr'>ὅτι</span> <span class='ocrx_word' id='word_1_407' title='bbox 3187 2258 3322 2308; x_wconf 82' lang='grc' dir='ltr'>κατὰ</span> <span class='ocrx_word' id='word_1_408' title='bbox 3341 2257 3543 2308; x_wconf 80' lang='grc' dir='ltr'>πάντων</span> <span class='ocrx_word' id='word_1_409' title='bbox 3566 2263 3746 2309; x_wconf 78' lang='grc' dir='ltr'>ταῦτα</span> <span class='ocrx_word' id='word_1_410' title='bbox 3776 2256 3930 2326; x_wconf 69' lang='grc' dir='ltr'>λέγει,</span> 
     </span>
    </p>
   </div>
   <div class='ocr_carea' id='block_1_65' title="bbox 2319 2341 3125 2415">
    <p class='ocr_par' dir='ltr' id='par_1_65' title="bbox 2319 2341 3125 2415">
     <span class='ocr_line' id='line_1_65' title="bbox 2319 2341 3125 2415; baseline 0.009 -24"><span class='ocrx_word' id='word_1_411' title='bbox 2319 2349 2418 2392; x_wconf 87' lang='grc' dir='ltr'>τῶν</span> <span class='ocrx_word' id='word_1_412' title='bbox 2449 2343 2516 2393; x_wconf 83' lang='grc' dir='ltr'>τὰ</span> <span class='ocrx_word' id='word_1_413' title='bbox 2543 2342 2637 2394; x_wconf 78' lang='grc' dir='ltr'>ἶσα</span> <span class='ocrx_word' id='word_1_414' title='bbox 2669 2341 3125 2415; x_wconf 85' lang='grc' dir='ltr'>πλημμελούντων.</span> 
     </span>
    </p>
   </div>
   <div class='ocr_carea' id='block_1_66' title="bbox 2453 2518 3788 2595">
    <p class='ocr_par' dir='ltr' id='par_1_66' title="bbox 2453 2518 3788 2595">
     <span class='ocr_line' id='line_1_66' title="bbox 2453 2518 3788 2595; baseline 0.004 -23"><span class='ocrx_word' id='word_1_415' title='bbox 2453 2525 2597 2573; x_wconf 78' lang='grc' dir='ltr'>ΚΕΦ.</span> <span class='ocrx_word' id='word_1_416' title='bbox 2630 2518 2759 2574; x_wconf 82' lang='grc' dir='ltr'><strong>ΜΓ’.</strong></span> <span class='ocrx_word' id='word_1_417' title='bbox 2791 2525 2914 2594; x_wconf 83' lang='grc' dir='ltr'>Περὶ</span> <span class='ocrx_word' id='word_1_418' title='bbox 2941 2528 3034 2574; x_wconf 81' lang='grc' dir='ltr'>τοῦ</span> <span class='ocrx_word' id='word_1_419' title='bbox 3066 2521 3384 2595; x_wconf 82' lang='grc' dir='ltr'>ταλανισμοῦ</span> <span class='ocrx_word' id='word_1_420' title='bbox 3413 2531 3512 2576; x_wconf 85' lang='grc' dir='ltr'>τῶν</span> <span class='ocrx_word' id='word_1_421' title='bbox 3541 2532 3788 2594; x_wconf 82' lang='grc' dir='ltr'>νομικῶν.</span> 
     </span>
    </p>
   </div>
   <div class='ocr_carea' id='block_1_67' title="bbox 2390 2607 3917 2686">
    <p class='ocr_par' dir='ltr' id='par_1_67' title="bbox 2390 2607 3917 2686">
     <span class='ocr_line' id='line_1_67' title="bbox 2390 2607 3917 2686; baseline 0.003 -26"><span class='ocrx_word' id='word_1_422' title='bbox 2390 2607 2448 2660; x_wconf 85' lang='grc' dir='ltr'>Ὀ</span> <span class='ocrx_word' id='word_1_423' title='bbox 2498 2607 2558 2660; x_wconf 69' lang='lat' dir='ltr'><strong>ds</strong></span> <span class='ocrx_word' id='word_1_424' title='bbox 2613 2640 2678 2650; x_wconf 93' lang='lat'><strong>-—</strong></span> <span class='ocrx_word' id='word_1_425' title='bbox 2741 2614 2989 2682; x_wconf 85' lang='grc' dir='ltr'>φορτίοις.</span> <span class='ocrx_word' id='word_1_426' title='bbox 3044 2610 3125 2665; x_wconf 88' lang='grc' dir='ltr'>Ἐν</span> <span class='ocrx_word' id='word_1_427' title='bbox 3183 2619 3254 2682; x_wconf 81' lang='grc' dir='ltr'>τῷ</span> <span class='ocrx_word' id='word_1_428' title='bbox 3311 2621 3647 2683; x_wconf 74' lang='grc' dir='ltr'>πεντηκοστῷ</span> <span class='ocrx_word' id='word_1_429' title='bbox 3705 2617 3917 2686; x_wconf 70' lang='grc' dir='ltr'>πέμπτῳ</span> 
     </span>
    </p>
   </div>
   <div class='ocr_carea' id='block_1_68' title="bbox 2321 2697 3905 2776">
    <p class='ocr_par' dir='ltr' id='par_1_68' title="bbox 2321 2697 3905 2776">
     <span class='ocr_line' id='line_1_68' title="bbox 2321 2697 3905 2776; baseline 0.003 -27"><span class='ocrx_word' id='word_1_430' title='bbox 2321 2697 2577 2770; x_wconf 82' lang='grc' dir='ltr'>κεφαλαίῳ</span> <span class='ocrx_word' id='word_1_431' title='bbox 2600 2707 2692 2750; x_wconf 82' lang='grc' dir='ltr'>τοῦ</span> <span class='ocrx_word' id='word_1_432' title='bbox 2717 2702 2848 2751; x_wconf 82' lang='grc' dir='ltr'><strong>κατά</strong></span> <span class='ocrx_word' id='word_1_433' title='bbox 2893 2702 3154 2753; x_wconf 85' lang='grc' dir='ltr'>Ματθαῖον</span> <span class='ocrx_word' id='word_1_434' title='bbox 3193 2705 3280 2753; x_wconf 84' lang='grc' dir='ltr'>καὶ</span> <span class='ocrx_word' id='word_1_435' title='bbox 3311 2707 3428 2773; x_wconf 79' lang='grc' dir='ltr'>περὶ</span> <span class='ocrx_word' id='word_1_436' title='bbox 3467 2706 3662 2756; x_wconf 83' lang='grc' dir='ltr'>τούτων</span> <span class='ocrx_word' id='word_1_437' title='bbox 3701 2702 3905 2776; x_wconf 79' lang='grc' dir='ltr'>ἐῤῥήθη,</span> 
     </span>
    </p>
   </div>
   <div class='ocr_carea' id='block_1_69' title="bbox 2321 2789 3902 2866">
    <p class='ocr_par' dir='ltr' id='par_1_69' title="bbox 2321 2789 3902 2866">
     <span class='ocr_line' id='line_1_69' title="bbox 2321 2789 3902 2866; baseline 0.001 -28"><span class='ocrx_word' id='word_1_438' title='bbox 2321 2789 2440 2840; x_wconf 79' lang='grc' dir='ltr'>ἔνθα</span> <span class='ocrx_word' id='word_1_439' title='bbox 2464 2795 2632 2841; x_wconf 84' lang='grc' dir='ltr'>κεῖται</span> <span class='ocrx_word' id='word_1_440' title='bbox 2660 2791 2738 2840; x_wconf 80' lang='grc' dir='ltr'><strong>τὸ’</strong></span> <span class='ocrx_word' id='word_1_441' title='bbox 2782 2792 3100 2860; x_wconf 74' lang='grc' dir='ltr'>Δεσμώονσι</span> <span class='ocrx_word' id='word_1_442' title='bbox 3131 2795 3317 2862; x_wconf 78' lang='grc' dir='ltr'>φορτία</span> <span class='ocrx_word' id='word_1_443' title='bbox 3357 2789 3526 2866; x_wconf 80' lang='grc' dir='ltr'>βαρέα</span> <span class='ocrx_word' id='word_1_444' title='bbox 3562 2797 3648 2844; x_wconf 81' lang='grc' dir='ltr'>καὶ</span> <span class='ocrx_word' id='word_1_445' title='bbox 3677 2789 3902 2844; x_wconf 68' lang='grc' dir='ltr'>δυσ-ϐασ-</span> 
     </span>
    </p>
   </div>
   <div class='ocr_carea' id='block_1_70' title="bbox 2319 2876 3887 2952">
    <p class='ocr_par' dir='ltr' id='par_1_70' title="bbox 2319 2876 3887 2952">
     <span class='ocr_line' id='line_1_70' title="bbox 2319 2876 3887 2952; baseline -0.003 -22"><span class='ocrx_word' id='word_1_446' title='bbox 2319 2897 2505 2943; x_wconf 88' lang='grc' dir='ltr'>τακτα,</span> <span class='ocrx_word' id='word_1_447' title='bbox 2533 2882 2622 2930; x_wconf 82' lang='grc' dir='ltr'>καὶ</span> <span class='ocrx_word' id='word_1_448' title='bbox 2653 2876 2971 2931; x_wconf 78' lang='grc' dir='ltr'>ἐπιτιθέασιν</span> <span class='ocrx_word' id='word_1_449' title='bbox 2999 2878 3084 2932; x_wconf 82' lang='grc' dir='ltr'><strong>ἐπὶ</strong></span> <span class='ocrx_word' id='word_1_450' title='bbox 3114 2884 3236 2940; x_wconf 86' lang='grc' dir='ltr'>τοὺς</span> <span class='ocrx_word' id='word_1_451' title='bbox 3265 2884 3438 2952; x_wconf 78' lang='grc' dir='ltr'>ὤμους</span> <span class='ocrx_word' id='word_1_452' title='bbox 3478 2890 3577 2933; x_wconf 85' lang='grc' dir='ltr'>τῶν</span> <span class='ocrx_word' id='word_1_453' title='bbox 3611 2879 3887 2950; x_wconf 77' lang='grc' dir='ltr'>ἀνθρώπων,</span> 
     </span>
    </p>
   </div>
   <div class='ocr_carea' id='block_1_71' title="bbox 2321 2966 3892 3042">
    <p class='ocr_par' dir='ltr' id='par_1_71' title="bbox 2321 2966 3892 3042">
     <span class='ocr_line' id='line_1_71' title="bbox 2321 2966 3892 3042; baseline -0.001 -24"><span class='ocrx_word' id='word_1_454' title='bbox 2321 2971 2410 3018; x_wconf 82' lang='grc' dir='ltr'>καὶ</span> <span class='ocrx_word' id='word_1_455' title='bbox 2436 2969 2501 3018; x_wconf 81' lang='grc' dir='ltr'><strong>τὰ</strong></span> <span class='ocrx_word' id='word_1_456' title='bbox 2522 2966 2651 3030; x_wconf 81' lang='grc' dir='ltr'><strong>ἑξῆς·</strong></span> <span class='ocrx_word' id='word_1_457' title='bbox 2686 2972 2776 3019; x_wconf 85' lang='grc' dir='ltr'>καὶ</span> <span class='ocrx_word' id='word_1_458' title='bbox 2806 2968 3038 3027; x_wconf 76' lang='grc' dir='ltr'>ζήτησον</span> <span class='ocrx_word' id='word_1_459' title='bbox 3067 2967 3173 3020; x_wconf 79' lang='grc' dir='ltr'>ἐκεῖ</span> <span class='ocrx_word' id='word_1_460' title='bbox 3199 2973 3292 3026; x_wconf 79' lang='grc' dir='ltr'>τὴν</span> <span class='ocrx_word' id='word_1_461' title='bbox 3339 2969 3609 3041; x_wconf 78' lang='grc' dir='ltr'>ἐξήγησιν.</span> <span class='ocrx_word' id='word_1_462' title='bbox 3643 2975 3892 3042; x_wconf 73' lang='grc' dir='ltr'>Χρήσιμος</span> 
     </span>
    </p>
   </div>
   <div class='ocr_carea' id='block_1_72' title="bbox 2323 3054 3899 3132">
    <p class='ocr_par' dir='ltr' id='par_1_72' title="bbox 2323 3054 3899 3132">
     <span class='ocr_line' id='line_1_72' title="bbox 2323 3054 3899 3132; baseline -0.001 -23"><span class='ocrx_word' id='word_1_463' title='bbox 2323 3054 2382 3110; x_wconf 73' lang='grc' dir='ltr'><strong>δὲ</strong></span> <span class='ocrx_word' id='word_1_464' title='bbox 2413 3058 2438 3108; x_wconf 83' lang='grc' dir='ltr'><strong><em>ὁ</em></strong></span> <span class='ocrx_word' id='word_1_465' title='bbox 2463 3061 2702 3131; x_wconf 77' lang='grc' dir='ltr'>εὔκαιρος</span> <span class='ocrx_word' id='word_1_466' title='bbox 2732 3057 2967 3129; x_wconf 78' lang='grc' dir='ltr'>ἔλεγχος,</span> <span class='ocrx_word' id='word_1_467' title='bbox 3001 3067 3284 3111; x_wconf 79' lang='grc' dir='ltr'>κατασπών</span> <span class='ocrx_word' id='word_1_468' title='bbox 3314 3065 3400 3118; x_wconf 77' lang='grc' dir='ltr'>τὴν</span> <span class='ocrx_word' id='word_1_469' title='bbox 3422 3066 3649 3132; x_wconf 85' lang='grc' dir='ltr'>ματαίαν</span> <span class='ocrx_word' id='word_1_470' title='bbox 3667 3068 3761 3112; x_wconf 77' lang='grc' dir='ltr'>τῶν</span> <span class='ocrx_word' id='word_1_471' title='bbox 3792 3057 3899 3110; x_wconf 63' lang='lat' dir='ltr'><strong>ala-</strong></span> 
     </span>
    </p>
   </div>
   <div class='ocr_carea' id='block_1_73' title="bbox 2245 3145 2700 3220">
    <p class='ocr_par' dir='ltr' id='par_1_73' title="bbox 2245 3145 2700 3220">
     <span class='ocr_line' id='line_1_73' title="bbox 2245 3145 2700 3220; baseline 0.004 -22"><span class='ocrx_word' id='word_1_472' title='bbox 2245 3155 2284 3209; x_wconf 86' lang='lat' dir='ltr'>C</span> <span class='ocrx_word' id='word_1_473' title='bbox 2322 3145 2480 3206; x_wconf 81' lang='grc' dir='ltr'>ζόνων</span> <span class='ocrx_word' id='word_1_474' title='bbox 2523 3145 2700 3220; x_wconf 81' lang='grc' dir='ltr'>ὀφρύν.</span> 
     </span>
    </p>
   </div>
   <div class='ocr_carea' id='block_1_74' title="bbox 2394 3235 3912 3312">
    <p class='ocr_par' dir='ltr' id='par_1_74' title="bbox 2394 3235 3912 3312">
     <span class='ocr_line' id='line_1_74' title="bbox 2394 3235 3912 3312; baseline -0.001 -25"><span class='ocrx_word' id='word_1_475' title='bbox 2394 3235 2528 3287; x_wconf 67' lang='grc' dir='ltr'>Οὐαὶ</span> <span class='ocrx_word' id='word_1_476' title='bbox 2584 3267 2651 3276; x_wconf 90' lang='grc'><strong>--</strong></span> <span class='ocrx_word' id='word_1_477' title='bbox 2735 3243 2978 3308; x_wconf 87' lang='grc' dir='ltr'>μνημεῖα.</span> <span class='ocrx_word' id='word_1_478' title='bbox 3037 3243 3386 3312; x_wconf 70' lang='grc' dir='ltr'>Φανεριὶη-ερον</span> <span class='ocrx_word' id='word_1_479' title='bbox 3445 3243 3564 3312; x_wconf 87' lang='grc' dir='ltr'>περὶ</span> <span class='ocrx_word' id='word_1_480' title='bbox 3639 3240 3829 3290; x_wconf 76' lang='grc' dir='ltr'>τούτων</span> <span class='ocrx_word' id='word_1_481' title='bbox 3890 3237 3912 3286; x_wconf 84' lang='grc' dir='ltr'><strong>ό</strong></span> 
     </span>
    </p>
   </div>
   <div class='ocr_carea' id='block_1_75' title="bbox 2319 3325 3914 3400">
    <p class='ocr_par' dir='ltr' id='par_1_75' title="bbox 2319 3325 3914 3400">
     <span class='ocr_line' id='line_1_75' title="bbox 2319 3325 3914 3400; baseline 0.001 -24"><span class='ocrx_word' id='word_1_482' title='bbox 2319 3326 2590 3386; x_wconf 85' lang='grc' dir='ltr'>Ματθαῖος</span> <span class='ocrx_word' id='word_1_483' title='bbox 2654 3325 2875 3400; x_wconf 71' lang='grc' dir='ltr'>ἔγραψεν</span> <span class='ocrx_word' id='word_1_484' title='bbox 2934 3329 2982 3378; x_wconf 73' lang='grc' dir='ltr'>ὲν</span> <span class='ocrx_word' id='word_1_485' title='bbox 3013 3335 3084 3395; x_wconf 80' lang='grc' dir='ltr'>τῷ</span> <span class='ocrx_word' id='word_1_486' title='bbox 3119 3336 3448 3398; x_wconf 82' lang='grc' dir='ltr'>πεντηκοστῷ</span> <span class='ocrx_word' id='word_1_487' title='bbox 3487 3329 3616 3398; x_wconf 81' lang='grc' dir='ltr'>ἕκτῳ</span> <span class='ocrx_word' id='word_1_488' title='bbox 3642 3327 3914 3398; x_wconf 81' lang='grc' dir='ltr'>κεφαλαίῳ,</span> 
     </span>
    </p>
   </div>
   <div class='ocr_carea' id='block_1_76' title="bbox 2320 3412 3920 3487">
    <p class='ocr_par' dir='ltr' id='par_1_76' title="bbox 2320 3412 3920 3487">
     <span class='ocr_line' id='line_1_76' title="bbox 2320 3412 3920 3487; baseline 0 -21"><span class='ocrx_word' id='word_1_489' title='bbox 2320 3419 2410 3466; x_wconf 81' lang='grc' dir='ltr'>καὶ</span> <span class='ocrx_word' id='word_1_490' title='bbox 2440 3412 2699 3486; x_wconf 78' lang='grc' dir='ltr'>ἀνάγνωθι</span> <span class='ocrx_word' id='word_1_491' title='bbox 2727 3420 2821 3473; x_wconf 81' lang='grc' dir='ltr'>τὴν</span> <span class='ocrx_word' id='word_1_492' title='bbox 2854 3413 2900 3466; x_wconf 86' lang='grc' dir='ltr'>ἐν</span> <span class='ocrx_word' id='word_1_493' title='bbox 2933 3413 3104 3487; x_wconf 83' lang='grc' dir='ltr'>ἐκείνῳ</span> <span class='ocrx_word' id='word_1_494' title='bbox 3145 3413 3487 3487; x_wconf 68' lang='grc' dir='ltr'>διασαφησιν,</span> <span class='ocrx_word' id='word_1_495' title='bbox 3518 3422 3607 3469; x_wconf 78' lang='grc' dir='ltr'>καὶ</span> <span class='ocrx_word' id='word_1_496' title='bbox 3630 3415 3920 3476; x_wconf 79' lang='grc' dir='ltr'>ἀπ’ἐκείνης</span> 
     </span>
    </p>
   </div>
   <div class='ocr_carea' id='block_1_77' title="bbox 2321 3503 3340 3576">
    <p class='ocr_par' dir='ltr' id='par_1_77' title="bbox 2321 3503 3340 3576">
     <span class='ocr_line' id='line_1_77' title="bbox 2321 3503 3340 3576; baseline 0.003 -21"><span class='ocrx_word' id='word_1_497' title='bbox 2321 3503 2550 3561; x_wconf 75' lang='grc' dir='ltr'>εὔληπτα</span> <span class='ocrx_word' id='word_1_498' title='bbox 2579 3509 2668 3557; x_wconf 85' lang='grc' dir='ltr'>καὶ</span> <span class='ocrx_word' id='word_1_499' title='bbox 2706 3507 2872 3556; x_wconf 81' lang='grc' dir='ltr'>ταῦτα</span> <span class='ocrx_word' id='word_1_500' title='bbox 2905 3524 2988 3556; x_wconf 90' lang='grc' dir='ltr'><strong>σοι</strong></span> <span class='ocrx_word' id='word_1_501' title='bbox 3013 3510 3340 3576; x_wconf 81' lang='grc' dir='ltr'>γενήσονται.</span> 
     </span>
    </p>
   </div>
   <div class='ocr_carea' id='block_1_78' title="bbox 2349 3589 3920 3666">
    <p class='ocr_par' dir='ltr' id='par_1_78' title="bbox 2349 3589 3920 3666">
     <span class='ocr_line' id='line_1_78' title="bbox 2349 3589 3920 3666; baseline 0.001 -22"><span class='ocrx_word' id='word_1_502' title='bbox 2349 3645 2354 3650; x_wconf 64' lang='grc'><strong>,</strong></span> <span class='ocrx_word' id='word_1_503' title='bbox 2391 3595 2485 3644; x_wconf 78' lang='grc' dir='ltr'>Δια</span> <span class='ocrx_word' id='word_1_504' title='bbox 2515 3623 2578 3632; x_wconf 90' lang='grc'><strong>--</strong></span> <span class='ocrx_word' id='word_1_505' title='bbox 2623 3589 2899 3656; x_wconf 76' lang='grc' dir='ltr'>διώξουσι.</span> <span class='ocrx_word' id='word_1_506' title='bbox 2953 3599 3137 3666; x_wconf 74' lang='grc' dir='ltr'>Σοφίαν</span> <span class='ocrx_word' id='word_1_507' title='bbox 3187 3599 3279 3653; x_wconf 82' lang='grc' dir='ltr'>τὴν</span> <span class='ocrx_word' id='word_1_508' title='bbox 3324 3595 3510 3648; x_wconf 70' lang='grc' dir='ltr'>ἑαυτοῦ</span> <span class='ocrx_word' id='word_1_509' title='bbox 3541 3593 3702 3666; x_wconf 78' lang='grc' dir='ltr'>λέγει,</span> <span class='ocrx_word' id='word_1_510' title='bbox 3752 3600 3783 3654; x_wconf 75' lang='grc' dir='ltr'><strong>ἣ</strong></span> <span class='ocrx_word' id='word_1_511' title='bbox 3841 3597 3920 3647; x_wconf 73' lang='grc' dir='ltr'>καὶ</span> 
     </span>
    </p>
   </div>
   <div class='ocr_carea' id='block_1_79' title="bbox 2323 3681 3920 3758">
    <p class='ocr_par' dir='ltr' id='par_1_79' title="bbox 2323 3681 3920 3758">
     <span class='ocr_line' id='line_1_79' title="bbox 2323 3681 3920 3758; baseline 0.002 -24"><span class='ocrx_word' id='word_1_512' title='bbox 2323 3683 2502 3734; x_wconf 83' lang='grc' dir='ltr'>ἑαυτὸν</span> <span class='ocrx_word' id='word_1_513' title='bbox 2547 3681 2789 3754; x_wconf 70' lang='grc' dir='ltr'>ὀνομάζει</span> <span class='ocrx_word' id='word_1_514' title='bbox 2839 3688 3022 3756; x_wconf 87' lang='grc' dir='ltr'>σοφίαν</span> <span class='ocrx_word' id='word_1_515' title='bbox 3071 3691 3160 3736; x_wconf 76' lang='grc' dir='ltr'>τοῦ</span> <span class='ocrx_word' id='word_1_516' title='bbox 3197 3692 3349 3737; x_wconf 81' lang='grc' dir='ltr'>Θεοῦ·</span> <span class='ocrx_word' id='word_1_517' title='bbox 3384 3683 3431 3736; x_wconf 88' lang='grc' dir='ltr'>ἐν</span> <span class='ocrx_word' id='word_1_518' title='bbox 3468 3694 3538 3755; x_wconf 76' lang='grc' dir='ltr'>τῷ</span> <span class='ocrx_word' id='word_1_519' title='bbox 3584 3686 3799 3758; x_wconf 81' lang='grc' dir='ltr'>ῥηθέντι</span> <span class='ocrx_word' id='word_1_520' title='bbox 3824 3689 3920 3756; x_wconf 78' lang='grc' dir='ltr'>γὰρ</span> 
     </span>
    </p>
   </div>
   <div class='ocr_carea' id='block_1_80' title="bbox 2321 3770 3920 3844">
    <p class='ocr_par' dir='ltr' id='par_1_80' title="bbox 2321 3770 3920 3844">
     <span class='ocr_line' id='line_1_80' title="bbox 2321 3770 3920 3844; baseline 0.001 -21"><span class='ocrx_word' id='word_1_521' title='bbox 2321 3770 2580 3843; x_wconf 84' lang='grc' dir='ltr'>κεφαλαίῳ</span> <span class='ocrx_word' id='word_1_522' title='bbox 2612 3777 2769 3843; x_wconf 76' lang='grc' dir='ltr'>φησίν</span> <span class='ocrx_word' id='word_1_523' title='bbox 2799 3773 2824 3823; x_wconf 88' lang='grc' dir='ltr'><strong><em>ὁ</em></strong></span> <span class='ocrx_word' id='word_1_524' title='bbox 2857 3774 3121 3833; x_wconf 86' lang='grc' dir='ltr'>Ματθαῖος</span> <span class='ocrx_word' id='word_1_525' title='bbox 3150 3773 3306 3825; x_wconf 79' lang='grc' dir='ltr'>εἰπεῖν</span> <span class='ocrx_word' id='word_1_526' title='bbox 3352 3773 3430 3844; x_wconf 65' lang='grc'><strong>(4)</strong></span> <span class='ocrx_word' id='word_1_527' title='bbox 3471 3773 3625 3825; x_wconf 68' lang='grc' dir='ltr'>αὐτὸν</span> <span class='ocrx_word' id='word_1_528' title='bbox 3675 3777 3754 3826; x_wconf 82' lang='grc' dir='ltr'>ὅτι</span> <span class='ocrx_word' id='word_1_529' title='bbox 3786 3772 3920 3828; x_wconf 73' lang='grc' dir='ltr'><strong>Ἰδοὺ</strong></span> 
     </span>
    </p>
   </div>
   <div class='ocr_carea' id='block_1_81' title="bbox 2322 3859 3922 3936">
    <p class='ocr_par' dir='ltr' id='par_1_81' title="bbox 2322 3859 3922 3936">
     <span class='ocr_line' id='line_1_81' title="bbox 2322 3859 3922 3936; baseline 0.003 -25"><span class='ocrx_word' id='word_1_530' title='bbox 2322 3859 2419 3931; x_wconf 74' lang='grc' dir='ltr'><strong>ἐγὼ</strong></span> <span class='ocrx_word' id='word_1_531' title='bbox 2448 3859 2744 3913; x_wconf 80' lang='grc' dir='ltr'>ἀποστέλλω</span> <span class='ocrx_word' id='word_1_532' title='bbox 2792 3865 2923 3934; x_wconf 82' lang='grc' dir='ltr'>πρὸς</span> <span class='ocrx_word' id='word_1_533' title='bbox 2976 3863 3106 3934; x_wconf 72' lang='grc' dir='ltr'>ὑμᾶς</span> <span class='ocrx_word' id='word_1_534' title='bbox 3152 3867 3423 3936; x_wconf 83' lang='grc' dir='ltr'>προφήτας</span> <span class='ocrx_word' id='word_1_535' title='bbox 3473 3869 3564 3915; x_wconf 84' lang='grc' dir='ltr'>καὶ</span> <span class='ocrx_word' id='word_1_536' title='bbox 3617 3869 3807 3935; x_wconf 80' lang='grc' dir='ltr'>σοφοὺς</span> <span class='ocrx_word' id='word_1_537' title='bbox 3838 3868 3922 3916; x_wconf 83' lang='grc' dir='ltr'>καὶ</span> 
     </span>
    </p>
   </div>
   <div class='ocr_carea' id='block_1_82' title="bbox 2323 3950 3921 4026">
    <p class='ocr_par' dir='ltr' id='par_1_82' title="bbox 2323 3950 3921 4026">
     <span class='ocr_line' id='line_1_82' title="bbox 2323 3950 3921 4026; baseline 0.001 -24"><span class='ocrx_word' id='word_1_538' title='bbox 2323 3957 2668 4023; x_wconf 83' lang='grc' dir='ltr'>Γραμματεῖς,</span> <span class='ocrx_word' id='word_1_539' title='bbox 2699 3955 2788 4002; x_wconf 71' lang='grc' dir='ltr'><strong>καὶ⁵</strong></span> <span class='ocrx_word' id='word_1_540' title='bbox 2818 3954 2884 4002; x_wconf 85' lang='grc' dir='ltr'>τὰ</span> <span class='ocrx_word' id='word_1_541' title='bbox 2913 3951 2996 4013; x_wconf 79' lang='grc' dir='ltr'><strong>ἐξῆ</strong></span> <span class='ocrx_word' id='word_1_542' title='bbox 3011 3973 3050 4016; x_wconf 85' lang='grc' dir='ltr'><strong>ς,</strong></span> <span class='ocrx_word' id='word_1_543' title='bbox 3092 3950 3138 4003; x_wconf 87' lang='grc' dir='ltr'>ἐν</span> <span class='ocrx_word' id='word_1_544' title='bbox 3179 3961 3217 4023; x_wconf 82' lang='grc' dir='ltr'><strong><em>ῷ</em></strong></span> <span class='ocrx_word' id='word_1_545' title='bbox 3248 3956 3341 4009; x_wconf 83' lang='grc' dir='ltr'>τὴν</span> <span class='ocrx_word' id='word_1_546' title='bbox 3396 3951 3647 4022; x_wconf 81' lang='grc' dir='ltr'>ἐξήγησιν</span> <span class='ocrx_word' id='word_1_547' title='bbox 3689 3955 3921 4026; x_wconf 72' lang='grc' dir='ltr'>εὑρήσεις</span> 
     </span>
    </p>
   </div>
   <div class='ocr_carea' id='block_1_83' title="bbox 2323 4037 3920 4117">
    <p class='ocr_par' dir='ltr' id='par_1_83' title="bbox 2323 4037 3920 4117">
     <span class='ocr_line' id='line_1_83' title="bbox 2323 4037 3920 4117; baseline 0.003 -27"><span class='ocrx_word' id='word_1_548' title='bbox 2323 4038 2595 4100; x_wconf 79' lang='grc' dir='ltr'>ἁνελλιπῶς</span> <span class='ocrx_word' id='word_1_549' title='bbox 2624 4043 2873 4110; x_wconf 78' lang='grc' dir='ltr'>ἔχουσαν.</span> <span class='ocrx_word' id='word_1_550' title='bbox 2923 4043 3079 4113; x_wconf 74' lang='grc' dir='ltr'>Τύπῳ</span> <span class='ocrx_word' id='word_1_551' title='bbox 3111 4037 3169 4094; x_wconf 72' lang='grc' dir='ltr'><strong>δὲ</strong></span> <span class='ocrx_word' id='word_1_552' title='bbox 3198 4049 3284 4092; x_wconf 75' lang='grc' dir='ltr'>νῦν</span> <span class='ocrx_word' id='word_1_553' title='bbox 3310 4047 3630 4114; x_wconf 85' lang='grc' dir='ltr'>προφητείας</span> <span class='ocrx_word' id='word_1_554' title='bbox 3649 4046 3920 4117; x_wconf 75' lang='grc' dir='ltr'>χρησάμε-</span> 
     </span>
    </p>
   </div>
   <div class='ocr_carea' id='block_1_84' title="bbox 2320 4129 3002 4205">
    <p class='ocr_par' dir='ltr' id='par_1_84' title="bbox 2320 4129 3002 4205">
     <span class='ocr_line' id='line_1_84' title="bbox 2320 4129 3002 4205; baseline -0.003 -23"><span class='ocrx_word' id='word_1_555' title='bbox 2320 4150 2422 4199; x_wconf 85' lang='grc' dir='ltr'>νος,</span> <span class='ocrx_word' id='word_1_556' title='bbox 2453 4130 2689 4205; x_wconf 78' lang='grc' dir='ltr'>προλέγει</span> <span class='ocrx_word' id='word_1_557' title='bbox 2719 4134 2776 4181; x_wconf 82' lang='grc' dir='ltr'>τὸ</span> <span class='ocrx_word' id='word_1_558' title='bbox 2804 4129 3002 4201; x_wconf 64' lang='grc' dir='ltr'>μέλλον</span> 
     </span>
    </p>
   </div>
   <div class='ocr_carea' id='block_1_85' title="bbox 629 4216 2209 4296">
    <p class='ocr_par' dir='ltr' id='par_1_85' title="bbox 629 4216 2209 4277">
     <span class='ocr_line' id='line_1_85' title="bbox 629 4216 2209 4277; baseline 0.004 -6"><span class='ocrx_word' id='word_1_559' title='bbox 629 4216 794 4273; x_wconf 87' lang='lat' dir='ltr'><strong>Vers.</strong></span> <span class='ocrx_word' id='word_1_560' title='bbox 856 4217 944 4271; x_wconf 83' lang='lat'><strong>50.</strong></span> <span class='ocrx_word' id='word_1_561' title='bbox 983 4217 1056 4274; x_wconf 85' lang='lat' dir='ltr'><strong>Ut</strong></span> <span class='ocrx_word' id='word_1_562' title='bbox 1085 4247 1147 4258; x_wconf 91' lang='lat'><strong>—</strong></span> <span class='ocrx_word' id='word_1_563' title='bbox 1172 4219 1331 4272; x_wconf 83' lang='lat' dir='ltr'><strong>Vers.</strong></span> <span class='ocrx_word' id='word_1_564' title='bbox 1364 4222 1448 4272; x_wconf 78' lang='grc'><strong>51.</strong></span> <span class='ocrx_word' id='word_1_565' title='bbox 1482 4217 1681 4274; x_wconf 77' lang='lat' dir='ltr'><strong>cedem.</strong></span> <span class='ocrx_word' id='word_1_566' title='bbox 1726 4218 1805 4273; x_wconf 91' lang='lat' dir='ltr'><strong>lbi</strong></span> <span class='ocrx_word' id='word_1_567' title='bbox 1858 4219 2040 4276; x_wconf 89' lang='lat' dir='ltr'><strong>etiam</strong></span> <span class='ocrx_word' id='word_1_568' title='bbox 2085 4220 2209 4277; x_wconf 65' lang='lat' dir='ltr'><strong>haec</strong></span> 
     </span>
    </p>
   </div>
   <div class='ocr_carea' id='block_1_86' title="bbox 2324 4216 3916 4296">
    <p class='ocr_par' dir='ltr' id='par_1_86' title="bbox 2391 4219 3916 4296">
     <span class='ocr_line' id='line_1_86' title="bbox 2391 4219 3916 4296; baseline 0.002 -24"><span class='ocrx_word' id='word_1_569' title='bbox 2391 4220 2502 4272; x_wconf 84' lang='grc' dir='ltr'>Ἵνα</span> <span class='ocrx_word' id='word_1_570' title='bbox 2552 4251 2621 4260; x_wconf 91' lang='grc'><strong>-</strong></span> <span class='ocrx_word' id='word_1_571' title='bbox 2666 4224 2831 4273; x_wconf 82' lang='grc' dir='ltr'>οἴκου.</span> <span class='ocrx_word' id='word_1_572' title='bbox 2894 4219 3026 4274; x_wconf 85' lang='grc' dir='ltr'>Ἐκεῖ</span> <span class='ocrx_word' id='word_1_573' title='bbox 3070 4226 3159 4274; x_wconf 83' lang='grc' dir='ltr'>καὶ</span> <span class='ocrx_word' id='word_1_574' title='bbox 3221 4229 3386 4274; x_wconf 80' lang='grc' dir='ltr'>ταῦτα</span> <span class='ocrx_word' id='word_1_575' title='bbox 3433 4225 3569 4274; x_wconf 73' lang='grc' dir='ltr'>κατὰ</span> <span class='ocrx_word' id='word_1_576' title='bbox 3620 4222 3772 4295; x_wconf 79' lang='grc' dir='ltr'>λόγον</span> <span class='ocrx_word' id='word_1_577' title='bbox 3827 4226 3916 4296; x_wconf 74' lang='grc' dir='ltr'>ἡρ-</span> 
     </span>
    </p>
   </div>
   <div class='ocr_carea' id='block_1_87' title="bbox 556 4305 2209 4382">
    <p class='ocr_par' dir='ltr' id='par_1_87' title="bbox 556 4305 1510 4364">
     <span class='ocr_line' id='line_1_87' title="bbox 556 4305 1510 4364; baseline 0.003 -3"><span class='ocrx_word' id='word_1_578' title='bbox 556 4305 989 4362; x_wconf 81' lang='lat' dir='ltr'><strong>rati‘onabiliter</strong></span> <span class='ocrx_word' id='word_1_579' title='bbox 1017 4305 1319 4362; x_wconf 86' lang='lat' dir='ltr'><strong>declarata</strong></span> <span class='ocrx_word' id='word_1_580' title='bbox 1351 4312 1510 4364; x_wconf 88' lang='lat' dir='ltr'><strong>sunt.</strong></span> 
     </span>
    </p>
   </div>
   <div class='ocr_carea' id='block_1_88' title="bbox 2324 4305 2675 4382">
    <p class='ocr_par' dir='ltr' id='par_1_88' title="bbox 2324 4311 2675 4382">
     <span class='ocr_line' id='line_1_88' title="bbox 2324 4311 2675 4382; baseline 0.006 -22"><span class='ocrx_word' id='word_1_581' title='bbox 2324 4311 2675 4382; x_wconf 83' lang='grc' dir='ltr'>μηνεύθησαν.</span> 
     </span>
    </p>
   </div>
   <div class='ocr_carea' id='block_1_89' title="bbox 630 4394 2209 4470">
    <p class='ocr_par' dir='ltr' id='par_1_89' title="bbox 630 4394 2016 4460">
     <span class='ocr_line' id='line_1_89' title="bbox 630 4394 2016 4460; baseline 0.004 -12"><span class='ocrx_word' id='word_1_582' title='bbox 630 4395 788 4449; x_wconf 86' lang='lat' dir='ltr'><strong>Vers.</strong></span> <span class='ocrx_word' id='word_1_583' title='bbox 817 4394 878 4450; x_wconf 77' lang='lat'><strong>5|</strong></span> <span class='ocrx_word' id='word_1_584' title='bbox 923 4395 1188 4460; x_wconf 77' lang='lat' dir='ltr'><strong>Profecto</strong></span> <span class='ocrx_word' id='word_1_585' title='bbox 1216 4425 1286 4435; x_wconf 96' lang='lat'><em>—</em></span> <span class='ocrx_word' id='word_1_586' title='bbox 1311 4395 1446 4452; x_wconf 86' lang='lat' dir='ltr'><strong>ista.</strong></span> <span class='ocrx_word' id='word_1_587' title='bbox 1477 4395 1754 4452; x_wconf 88' lang='lat' dir='ltr'><strong>Similiter</strong></span> <span class='ocrx_word' id='word_1_588' title='bbox 1793 4397 2016 4453; x_wconf 84' lang='lat' dir='ltr'><strong>ethaec.</strong></span> 
     </span>
    </p>
   </div>
   <div class='ocr_carea' id='block_1_90' title="bbox 2324 4394 3445 4470">
    <p class='ocr_par' dir='ltr' id='par_1_90' title="bbox 2392 4399 3445 4470">
     <span class='ocr_line' id='line_1_90' title="bbox 2392 4399 3445 4470; baseline 0 -18"><span class='ocrx_word' id='word_1_589' title='bbox 2392 4405 2496 4452; x_wconf 83' lang='grc' dir='ltr'><strong>Ναὶ</strong></span> <span class='ocrx_word' id='word_1_590' title='bbox 2541 4430 2597 4439; x_wconf 83' lang='grc'><strong>-</strong></span> <span class='ocrx_word' id='word_1_591' title='bbox 2633 4401 2829 4460; x_wconf 86' lang='grc' dir='ltr'>ταύτης</span> <span class='ocrx_word' id='word_1_592' title='bbox 2885 4399 3112 4470; x_wconf 84' lang='grc' dir='ltr'>Ὀμοίως</span> <span class='ocrx_word' id='word_1_593' title='bbox 3135 4405 3224 4452; x_wconf 80' lang='grc' dir='ltr'>καὶ</span> <span class='ocrx_word' id='word_1_594' title='bbox 3253 4409 3445 4457; x_wconf 83' lang='grc' dir='ltr'>ταῦτα.</span> 
     </span>
    </p>
   </div>
   <div class='ocr_carea' id='block_1_91' title="bbox 631 4484 2209 4562">
    <p class='ocr_par' dir='ltr' id='par_1_91' title="bbox 631 4484 2209 4561">
     <span class='ocr_line' id='line_1_91' title="bbox 631 4484 2209 4561; baseline 0.005 -24"><span class='ocrx_word' id='word_1_595' title='bbox 631 4484 796 4540; x_wconf 86' lang='lat' dir='ltr'><strong>Vers.</strong></span> <span class='ocrx_word' id='word_1_596' title='bbox 822 4484 912 4539; x_wconf 84' lang='lat'><strong>52.</strong></span> <span class='ocrx_word' id='word_1_597' title='bbox 952 4484 1043 4539; x_wconf 67' lang='lat' dir='ltr'><strong>Vae</strong></span> <span class='ocrx_word' id='word_1_598' title='bbox 1067 4513 1136 4526; x_wconf 90' lang='lat'><strong>—-</strong></span> <span class='ocrx_word' id='word_1_599' title='bbox 1161 4484 1569 4554; x_wconf 82' lang='lat' dir='ltr'><strong>prohibuistis.</strong></span> <span class='ocrx_word' id='word_1_600' title='bbox 1600 4485 1883 4542; x_wconf 66' lang='lat' dir='ltr'><strong>Praedicto</strong></span> <span class='ocrx_word' id='word_1_601' title='bbox 1921 4487 2209 4561; x_wconf 86' lang='lat' dir='ltr'><strong>quinqua-</strong></span> 
     </span>
    </p>
   </div>
   <div class='ocr_carea' id='block_1_92' title="bbox 2324 4484 3915 4562">
    <p class='ocr_par' dir='ltr' id='par_1_92' title="bbox 2397 4486 3915 4562">
     <span class='ocr_line' id='line_1_92' title="bbox 2397 4486 3915 4562; baseline 0.003 -22"><span class='ocrx_word' id='word_1_602' title='bbox 2397 4488 2531 4540; x_wconf 76' lang='grc' dir='ltr'>Οὐαὶ</span> <span class='ocrx_word' id='word_1_603' title='bbox 2581 4519 2643 4529; x_wconf 93' lang='lat'>--</span> <span class='ocrx_word' id='word_1_604' title='bbox 2695 4486 3006 4540; x_wconf 80' lang='grc' dir='ltr'>ἐκωλύσατε.</span> <span class='ocrx_word' id='word_1_605' title='bbox 3061 4489 3140 4542; x_wconf 80' lang='grc' dir='ltr'>Ἐν</span> <span class='ocrx_word' id='word_1_606' title='bbox 3197 4498 3270 4559; x_wconf 83' lang='grc' dir='ltr'>τῷ</span> <span class='ocrx_word' id='word_1_607' title='bbox 3329 4493 3547 4562; x_wconf 80' lang='grc' dir='ltr'>τοιούτῳ</span> <span class='ocrx_word' id='word_1_608' title='bbox 3589 4498 3915 4559; x_wconf 81' lang='grc' dir='ltr'>πεντηκοστῷ</span> 
     </span>
    </p>
   </div>
   <div class='ocr_carea' id='block_1_93' title="bbox 561 4572 2213 4645">
    <p class='ocr_par' dir='ltr' id='par_1_93' title="bbox 561 4572 2213 4645">
     <span class='ocr_line' id='line_1_93' title="bbox 561 4572 2213 4645; baseline 0.005 -18"><span class='ocrx_word' id='word_1_609' title='bbox 561 4572 792 4643; x_wconf 89' lang='lat' dir='ltr'><strong>gesimo</strong></span> <span class='ocrx_word' id='word_1_610' title='bbox 818 4579 983 4630; x_wconf 81' lang='lat' dir='ltr'><strong>sexto</strong></span> <span class='ocrx_word' id='word_1_611' title='bbox 1031 4574 1223 4645; x_wconf 89' lang='lat' dir='ltr'><strong>capite</strong></span> <span class='ocrx_word' id='word_1_612' title='bbox 1255 4590 1455 4645; x_wconf 72' lang='lat' dir='ltr'><strong>quaere</strong></span> <span class='ocrx_word' id='word_1_613' title='bbox 1496 4575 1591 4631; x_wconf 90' lang='lat' dir='ltr'><strong>ubi</strong></span> <span class='ocrx_word' id='word_1_614' title='bbox 1623 4576 1835 4632; x_wconf 91' lang='lat' dir='ltr'><strong>dicitur</strong></span> <span class='ocrx_word' id='word_1_615' title='bbox 1875 4595 1888 4633; x_wconf 87' lang='lat'><strong>:</strong></span> <span class='ocrx_word' id='word_1_616' title='bbox 1925 4579 2016 4632; x_wconf 65' lang='lat' dir='ltr'><strong>Va;</strong></span> <span class='ocrx_word' id='word_1_617' title='bbox 2059 4578 2213 4635; x_wconf 83' lang='lat' dir='ltr'><strong>vobis</strong></span> 
     </span>
    </p>
   </div>
   <div class='ocr_carea' id='block_1_94' title="bbox 559 4662 2211 4738">
    <p class='ocr_par' dir='ltr' id='par_1_94' title="bbox 559 4662 2211 4738">
     <span class='ocr_line' id='line_1_94' title="bbox 559 4662 2211 4738; baseline 0.002 -19"><span class='ocrx_word' id='word_1_618' title='bbox 559 4662 788 4720; x_wconf 66' lang='lat' dir='ltr'><strong>Scriba</strong></span> <span class='ocrx_word' id='word_1_619' title='bbox 801 4669 857 4720; x_wconf 79' lang='lat' dir='ltr'><strong>et</strong></span> <span class='ocrx_word' id='word_1_620' title='bbox 873 4663 1164 4720; x_wconf 61' lang='lat' dir='ltr'><strong>Pharisaei</strong></span> <span class='ocrx_word' id='word_1_621' title='bbox 1172 4664 1658 4737; x_wconf 51' lang='lat' dir='ltr'><strong>hypocritaquia</strong></span> <span class='ocrx_word' id='word_1_622' title='bbox 1671 4666 1950 4722; x_wconf 84' lang='lat' dir='ltr'><strong>clauditis</strong></span> <span class='ocrx_word' id='word_1_623' title='bbox 1963 4682 2211 4738; x_wconf 85' lang='lat' dir='ltr'><strong>regnum</strong></span> 
     </span>
    </p>
   </div>
   <div class='ocr_carea' id='block_1_95' title="bbox 560 4753 2214 4828">
    <p class='ocr_par' dir='ltr' id='par_1_95' title="bbox 560 4753 2214 4828">
     <span class='ocr_line' id='line_1_95' title="bbox 560 4753 2214 4828; baseline 0.002 -19"><span class='ocrx_word' id='word_1_624' title='bbox 560 4753 833 4809; x_wconf 74' lang='lat' dir='ltr'><strong>caelorum</strong></span> <span class='ocrx_word' id='word_1_625' title='bbox 847 4769 1046 4810; x_wconf 87' lang='lat' dir='ltr'><strong>coram</strong></span> <span class='ocrx_word' id='word_1_626' title='bbox 1071 4753 1396 4811; x_wconf 82' lang='lat' dir='ltr'><strong>hominibus</strong></span> <span class='ocrx_word' id='word_1_627' title='bbox 1408 4755 1475 4821; x_wconf 79' lang='grc'><strong>⁸⁸,</strong></span> <span class='ocrx_word' id='word_1_628' title='bbox 1506 4755 1607 4811; x_wconf 92' lang='lat' dir='ltr'><strong>ubi</strong></span> <span class='ocrx_word' id='word_1_629' title='bbox 1633 4756 1955 4812; x_wconf 82' lang='lat' dir='ltr'><strong>manifesta.</strong></span> <span class='ocrx_word' id='word_1_630' title='bbox 1973 4756 2214 4828; x_wconf 86' lang='lat' dir='ltr'><strong>ponitur</strong></span> 
     </span>
    </p>
   </div>
   <div class='ocr_carea' id='block_1_96' title="bbox 557 4842 875 4899">
    <p class='ocr_par' dir='ltr' id='par_1_96' title="bbox 557 4842 875 4899">
     <span class='ocr_line' id='line_1_96' title="bbox 557 4842 875 4899; baseline -0.003 0"><span class='ocrx_word' id='word_1_631' title='bbox 557 4842 875 4899; x_wconf 88' lang='lat' dir='ltr'><strong>enarratio.</strong></span> 
     </span>
    </p>
   </div>
   <div class='ocr_carea' id='block_1_97' title="bbox 632 4931 2209 5003">
    <p class='ocr_par' dir='ltr' id='par_1_97' title="bbox 632 4931 2209 5003">
     <span class='ocr_line' id='line_1_97' title="bbox 632 4931 2209 5003; baseline 0.003 -17"><span class='ocrx_word' id='word_1_632' title='bbox 632 4932 798 4986; x_wconf 77' lang='grc' dir='ltr'>νοτε·</span> <span class='ocrx_word' id='word_1_633' title='bbox 826 4935 910 4987; x_wconf 83' lang='lat'><strong>53.</strong></span> <span class='ocrx_word' id='word_1_634' title='bbox 953 4931 1098 4988; x_wconf 83' lang='lat' dir='ltr'><strong>Cum</strong></span> <span class='ocrx_word' id='word_1_635' title='bbox 1123 4931 1344 4989; x_wconf 82' lang='lat' dir='ltr'><strong>diceret</strong></span> <span class='ocrx_word' id='word_1_636' title='bbox 1372 4963 1441 4974; x_wconf 95' lang='lat'><strong><em>—</em></strong></span> <span class='ocrx_word' id='word_1_637' title='bbox 1463 4948 1612 4990; x_wconf 78' lang='lat' dir='ltr'><strong>eum.</strong></span> <span class='ocrx_word' id='word_1_638' title='bbox 1640 4932 1931 5001; x_wconf 89' lang='lat' dir='ltr'><strong>Insistcre,</strong></span> <span class='ocrx_word' id='word_1_639' title='bbox 1962 4933 2075 4990; x_wconf 92' lang='lat' dir='ltr'><strong>hoc</strong></span> <span class='ocrx_word' id='word_1_640' title='bbox 2104 4940 2209 5003; x_wconf 92' lang='lat' dir='ltr'><strong>est,</strong></span> 
     </span>
    </p>
   </div>
   <div class='ocr_carea' id='block_1_98' title="bbox 561 5018 2211 5097">
    <p class='ocr_par' dir='ltr' id='par_1_98' title="bbox 561 5018 2211 5097">
     <span class='ocr_line' id='line_1_98' title="bbox 561 5018 2211 5097; baseline 0.003 -21"><span class='ocrx_word' id='word_1_641' title='bbox 561 5018 801 5077; x_wconf 90' lang='lat' dir='ltr'><strong>molesti</strong></span> <span class='ocrx_word' id='word_1_642' title='bbox 816 5035 972 5087; x_wconf 88' lang='lat' dir='ltr'><strong>esse,</strong></span> <span class='ocrx_word' id='word_1_643' title='bbox 997 5021 1116 5077; x_wconf 86' lang='lat' dir='ltr'><strong>sive</strong></span> <span class='ocrx_word' id='word_1_644' title='bbox 1142 5021 1337 5081; x_wconf 90' lang='lat' dir='ltr'><strong>irasci.</strong></span> <span class='ocrx_word' id='word_1_645' title='bbox 1369 5021 1655 5084; x_wconf 69' lang='lat' dir='ltr'><strong>Quasdam</strong></span> <span class='ocrx_word' id='word_1_646' title='bbox 1685 5038 1820 5079; x_wconf 90' lang='lat' dir='ltr'><strong>vero</strong></span> <span class='ocrx_word' id='word_1_647' title='bbox 1847 5023 2211 5097; x_wconf 83' lang='lat' dir='ltr'><strong>exemplaria</strong></span> 
     </span>
    </p>
   </div>
   <div class='ocr_carea' id='block_1_99' title="bbox 2323 4577 3912 4654">
    <p class='ocr_par' dir='ltr' id='par_1_99' title="bbox 2323 4577 3912 4654">
     <span class='ocr_line' id='line_1_99' title="bbox 2323 4577 3912 4654; baseline -0.001 -24"><span class='ocrx_word' id='word_1_648' title='bbox 2323 4581 2452 4650; x_wconf 79' lang='grc' dir='ltr'>ἕκτῳ</span> <span class='ocrx_word' id='word_1_649' title='bbox 2499 4577 2757 4650; x_wconf 84' lang='grc' dir='ltr'>κεφαλαίῳ</span> <span class='ocrx_word' id='word_1_650' title='bbox 2825 4579 3056 4637; x_wconf 76' lang='grc' dir='ltr'>ζήτησον</span> <span class='ocrx_word' id='word_1_651' title='bbox 3101 4584 3177 4642; x_wconf 85' lang='grc' dir='ltr'>τό,</span> <span class='ocrx_word' id='word_1_652' title='bbox 3229 4581 3364 4632; x_wconf 62' lang='grc' dir='ltr'><strong>Οὐαὶ</strong></span> <span class='ocrx_word' id='word_1_653' title='bbox 3413 4582 3552 4652; x_wconf 80' lang='grc' dir='ltr'>ὑμῖν,</span> <span class='ocrx_word' id='word_1_654' title='bbox 3599 4587 3912 4654; x_wconf 80' lang='grc' dir='ltr'>Γραμματεες</span> 
     </span>
    </p>
   </div>
   <div class='ocr_carea' id='block_1_100' title="bbox 2322 4667 3901 4741">
    <p class='ocr_par' dir='ltr' id='par_1_100' title="bbox 2322 4667 3901 4741">
     <span class='ocr_line' id='line_1_100' title="bbox 2322 4667 3901 4741; baseline -0.002 -23"><span class='ocrx_word' id='word_1_655' title='bbox 2322 4673 2412 4720; x_wconf 85' lang='grc' dir='ltr'>καὶ</span> <span class='ocrx_word' id='word_1_656' title='bbox 2470 4675 2747 4740; x_wconf 78' lang='grc' dir='ltr'>Φαρισαῖοι</span> <span class='ocrx_word' id='word_1_657' title='bbox 2803 4670 3099 4741; x_wconf 78' lang='grc' dir='ltr'>ὑποκριταί,</span> <span class='ocrx_word' id='word_1_658' title='bbox 3156 4670 3236 4720; x_wconf 87' lang='grc' dir='ltr'>ὃτι</span> <span class='ocrx_word' id='word_1_659' title='bbox 3283 4670 3472 4723; x_wconf 84' lang='grc' dir='ltr'>κλείετε</span> <span class='ocrx_word' id='word_1_660' title='bbox 3520 4674 3608 4727; x_wconf 76' lang='grc' dir='ltr'>τὴν</span> <span class='ocrx_word' id='word_1_661' title='bbox 3643 4667 3901 4739; x_wconf 77' lang='grc' dir='ltr'>βασιλείαν</span> 
     </span>
    </p>
   </div>
   <div class='ocr_carea' id='block_1_101' title="bbox 2322 4757 3910 4834">
    <p class='ocr_par' dir='ltr' id='par_1_101' title="bbox 2322 4757 3910 4834">
     <span class='ocr_line' id='line_1_101' title="bbox 2322 4757 3910 4834; baseline 0.001 -27"><span class='ocrx_word' id='word_1_662' title='bbox 2322 4766 2420 4808; x_wconf 82' lang='grc' dir='ltr'>τῶν</span> <span class='ocrx_word' id='word_1_663' title='bbox 2470 4757 2695 4830; x_wconf 70' lang='grc' dir='ltr'>οὐρανῶν</span> <span class='ocrx_word' id='word_1_664' title='bbox 2740 4760 3026 4832; x_wconf 84' lang='grc' dir='ltr'>ἔμπροσθεν</span> <span class='ocrx_word' id='word_1_665' title='bbox 3081 4767 3179 4811; x_wconf 86' lang='grc' dir='ltr'>τῶν</span> <span class='ocrx_word' id='word_1_666' title='bbox 3238 4757 3535 4834; x_wconf 78' lang='grc' dir='ltr'>ἀνθρώπων,</span> <span class='ocrx_word' id='word_1_667' title='bbox 3585 4758 3701 4809; x_wconf 81' lang='grc' dir='ltr'>ἔνθα</span> <span class='ocrx_word' id='word_1_668' title='bbox 3747 4759 3910 4828; x_wconf 76' lang='grc' dir='ltr'>σαφής</span> 
     </span>
    </p>
   </div>
   <div class='ocr_carea' id='block_1_102' title="bbox 2321 4846 2939 4919">
    <p class='ocr_par' dir='ltr' id='par_1_102' title="bbox 2321 4846 2939 4919">
     <span class='ocr_line' id='line_1_102' title="bbox 2321 4846 2939 4919; baseline 0.002 -20"><span class='ocrx_word' id='word_1_669' title='bbox 2321 4848 2538 4899; x_wconf 85' lang='grc' dir='ltr'>τέθειται</span> <span class='ocrx_word' id='word_1_670' title='bbox 2569 4849 2599 4905; x_wconf 80' lang='grc' dir='ltr'>ἡ</span> <span class='ocrx_word' id='word_1_671' title='bbox 2631 4846 2903 4919; x_wconf 71' lang='grc' dir='ltr'>ἐξήγησις.</span> <span class='ocrx_word' id='word_1_672' title='bbox 2933 4899 2939 4904; x_wconf 85' lang='grc'><strong>,</strong></span> 
     </span>
    </p>
   </div>
   <div class='ocr_carea' id='block_1_103' title="bbox 2396 4936 3920 5010">
    <p class='ocr_par' dir='ltr' id='par_1_103' title="bbox 2396 4936 3920 5010">
     <span class='ocr_line' id='line_1_103' title="bbox 2396 4936 3920 5010; baseline 0.001 -22"><span class='ocrx_word' id='word_1_673' title='bbox 2396 4941 2639 5008; x_wconf 76' lang='grc' dir='ltr'>Λέγοντος</span> <span class='ocrx_word' id='word_1_674' title='bbox 2715 4967 2784 4977; x_wconf 90' lang='lat'><strong>—</strong></span> <span class='ocrx_word' id='word_1_675' title='bbox 2863 4936 3038 4989; x_wconf 73' lang='grc' dir='ltr'>αὐτόν.</span> <span class='ocrx_word' id='word_1_676' title='bbox 3108 4938 3354 5010; x_wconf 85' lang='grc' dir='ltr'>Ἐνέχειν,</span> <span class='ocrx_word' id='word_1_677' title='bbox 3430 4942 3616 5010; x_wconf 79' lang='grc' dir='ltr'>ἤγουν,</span> <span class='ocrx_word' id='word_1_678' title='bbox 3682 4936 3920 5009; x_wconf 82' lang='grc' dir='ltr'>ἐγκοτεῖν,</span> 
     </span>
    </p>
   </div>
   <div class='ocr_carea' id='block_1_104' title="bbox 2325 5023 3924 5102">
    <p class='ocr_par' dir='ltr' id='par_1_104' title="bbox 2325 5023 3924 5102">
     <span class='ocr_line' id='line_1_104' title="bbox 2325 5023 3924 5102; baseline 0.003 -25"><span class='ocrx_word' id='word_1_679' title='bbox 2325 5023 2651 5100; x_wconf 83' lang='grc' dir='ltr'>ὀργίζεσθαι.</span> <span class='ocrx_word' id='word_1_680' title='bbox 2717 5028 2844 5079; x_wconf 87' lang='grc' dir='ltr'><strong>Τινὰ</strong></span> <span class='ocrx_word' id='word_1_681' title='bbox 2910 5023 2970 5079; x_wconf 57' lang='grc' dir='ltr'>δε</span> <span class='ocrx_word' id='word_1_682' title='bbox 3016 5035 3115 5079; x_wconf 87' lang='grc' dir='ltr'>τῶν</span> <span class='ocrx_word' id='word_1_683' title='bbox 3174 5025 3520 5102; x_wconf 73' lang='grc' dir='ltr'>ἀντιγράφων,</span> <span class='ocrx_word' id='word_1_684' title='bbox 3569 5027 3800 5100; x_wconf 76' lang='grc' dir='ltr'>ἐλέγχειν</span> <span class='ocrx_word' id='word_1_685' title='bbox 3850 5028 3924 5098; x_wconf 85' lang='grc'><strong>(5)</strong></span> 
     </span>
    </p>
   </div>
   <div class='ocr_carea' id='block_1_105' title="bbox 628 5157 2209 5258">
    <p class='ocr_par' dir='ltr' id='par_1_105' title="bbox 628 5157 2209 5258">
     <span class='ocr_line' id='line_1_105' title="bbox 628 5157 2209 5258; baseline 0.002 -37"><span class='ocrx_word' id='word_1_686' title='bbox 628 5157 923 5221; x_wconf 68' lang='grc' dir='ltr'><strong>³⁴.’Μιΐι11.</strong></span> <span class='ocrx_word' id='word_1_687' title='bbox 956 5168 1190 5234; x_wconf 49' lang='lat'><strong>11111.6.</strong></span> <span class='ocrx_word' id='word_1_688' title='bbox 1255 5165 1302 5203; x_wconf 79' lang='grc'>⁸⁵</span> <span class='ocrx_word' id='word_1_689' title='bbox 1326 5157 1588 5258; x_wconf 37' lang='lat' dir='ltr'><strong>Ibid-27.</strong></span> <span class='ocrx_word' id='word_1_690' title='bbox 1639 5164 1963 5231; x_wconf 67' lang='lat' dir='ltr'><strong>“.lbid,4.</strong></span> <span class='ocrx_word' id='word_1_691' title='bbox 2027 5167 2071 5203; x_wconf 83' lang='grc'><strong>⁸⁷</strong></span> <span class='ocrx_word' id='word_1_692' title='bbox 2097 5166 2209 5224; x_wconf 74' lang='lat' dir='ltr'><strong>Ibid</strong></span> 
     </span>
    </p>
   </div>
   <div class='ocr_carea' id='block_1_106' title="bbox 2324 5157 2776 5258">
    <p class='ocr_par' dir='ltr' id='par_1_106' title="bbox 2324 5168 2776 5251">
     <span class='ocr_line' id='line_1_106' title="bbox 2324 5168 2776 5251; baseline 0.002 -27"><span class='ocrx_word' id='word_1_693' title='bbox 2324 5171 2367 5226; x_wconf 72' lang='grc' dir='ltr'><strong>ι.</strong></span> <span class='ocrx_word' id='word_1_694' title='bbox 2449 5169 2497 5205; x_wconf 69' lang='grc' dir='ltr'>εδ</span> <span class='ocrx_word' id='word_1_695' title='bbox 2535 5168 2684 5225; x_wconf 90' lang='lat' dir='ltr'><strong>Ibid.</strong></span> <span class='ocrx_word' id='word_1_696' title='bbox 2715 5175 2776 5251; x_wconf 73' lang='lat' dir='ltr'><strong>is</strong></span> 
     </span>
    </p>
   </div>
   <div class='ocr_carea' id='block_1_107' title="bbox 1776 5345 2707 5417">
    <p class='ocr_par' dir='ltr' id='par_1_107' title="bbox 1776 5345 2707 5417">
     <span class='ocr_line' id='line_1_107' title="bbox 1776 5345 2707 5417; baseline 0.002 -3"><span class='ocrx_word' id='word_1_697' title='bbox 1776 5345 1997 5416; x_wconf 74' lang='lat' dir='ltr'><strong>Variae</strong></span> <span class='ocrx_word' id='word_1_698' title='bbox 2032 5346 2363 5416; x_wconf 89' lang='lat' dir='ltr'><strong>lectiones</strong></span> <span class='ocrx_word' id='word_1_699' title='bbox 2401 5357 2467 5416; x_wconf 89' lang='lat' dir='ltr'><strong>et</strong></span> <span class='ocrx_word' id='word_1_700' title='bbox 2504 5357 2707 5417; x_wconf 70' lang='lat' dir='ltr'><strong>notae.</strong></span> 
     </span>
    </p>
   </div>
   <div class='ocr_carea' id='block_1_108' title="bbox 632 5512 1331 5586">
    <p class='ocr_par' dir='ltr' id='par_1_108' title="bbox 632 5512 1331 5586">
     <span class='ocr_line' id='line_1_108' title="bbox 632 5512 1331 5586; baseline 0.003 -16"><span class='ocrx_word' id='word_1_701' title='bbox 632 5512 710 5586; x_wconf 76' lang='grc'><strong>(4)</strong></span> <span class='ocrx_word' id='word_1_702' title='bbox 739 5512 862 5568; x_wconf 84' lang='grc' dir='ltr'>Ὅτι</span> <span class='ocrx_word' id='word_1_703' title='bbox 890 5517 1026 5571; x_wconf 86' lang='lat' dir='ltr'><strong>ante</strong></span> <span class='ocrx_word' id='word_1_704' title='bbox 1051 5514 1230 5582; x_wconf 85' lang='grc' dir='ltr'>εἰπεῖν,</span> <span class='ocrx_word' id='word_1_705' title='bbox 1263 5517 1331 5572; x_wconf 81' lang='grc' dir='ltr'>Α.</span> 
     </span>
    </p>
   </div>
   <div class='ocr_carea' id='block_1_109' title="bbox 2407 5516 3941 5590">
    <p class='ocr_par' dir='ltr' id='par_1_109' title="bbox 2407 5516 3941 5590">
     <span class='ocr_line' id='line_1_109' title="bbox 2407 5516 3941 5590; baseline -0.001 -15"><span class='ocrx_word' id='word_1_706' title='bbox 2407 5519 2484 5590; x_wconf 88' lang='lat'><strong>(5)</strong></span> <span class='ocrx_word' id='word_1_707' title='bbox 2509 5517 2716 5588; x_wconf 88' lang='lat' dir='ltr'><strong>Credo,</strong></span> <span class='ocrx_word' id='word_1_708' title='bbox 2741 5519 2976 5576; x_wconf 84' lang='lat' dir='ltr'><strong>codices</strong></span> <span class='ocrx_word' id='word_1_709' title='bbox 2996 5518 3318 5580; x_wconf 86' lang='lat' dir='ltr'><strong>nonnullos</strong></span> <span class='ocrx_word' id='word_1_710' title='bbox 3338 5517 3581 5577; x_wconf 86' lang='lat' dir='ltr'><strong>scholiis</strong></span> <span class='ocrx_word' id='word_1_711' title='bbox 3611 5516 3941 5576; x_wconf 80' lang='lat' dir='ltr'><strong>instructos</strong></span> 
     </span>
    </p>
   </div>
   <div class='ocr_carea' id='block_1_110' title="bbox 578 5689 3942 5774">
    <p class='ocr_par' dir='ltr' id='par_1_110' title="bbox 578 5689 3942 5774">
     <span class='ocr_line' id='line_1_110' title="bbox 578 5689 3942 5774; baseline 0.001 -28"><span class='ocrx_word' id='word_1_712' title='bbox 578 5761 610 5774; x_wconf 51' lang='grc' dir='ltr'>η</span> <span class='ocrx_word' id='word_1_713' title='bbox 637 5689 724 5762; x_wconf 87' lang='lat' dir='ltr'><strong>(d)</strong></span> <span class='ocrx_word' id='word_1_714' title='bbox 755 5690 830 5774; x_wconf 63' lang='grc' dir='ltr'><strong>Εξι</strong></span> <span class='ocrx_word' id='word_1_715' title='bbox 853 5691 1175 5760; x_wconf 75' lang='lat' dir='ltr'><strong>prwsertim</strong></span> <span class='ocrx_word' id='word_1_716' title='bbox 1205 5722 1267 5774; x_wconf 82' lang='lat'><strong>_—</strong></span> <span class='ocrx_word' id='word_1_717' title='bbox 1302 5691 1770 5774; x_wconf 54' lang='lat' dir='ltr'><strong>uideautﬁedde</strong></span> <span class='ocrx_word' id='word_1_718' title='bbox 1797 5711 1809 5749; x_wconf 88' lang='lat'><strong><em>:</em></strong></span> <span class='ocrx_word' id='word_1_719' title='bbox 1836 5695 2027 5753; x_wconf 82' lang='lat' dir='ltr'><strong>Aliter</strong></span> <span class='ocrx_word' id='word_1_720' title='bbox 2051 5696 2222 5774; x_wconf 64' lang='lat' dir='ltr'><strong>etiam</strong></span> <span class='ocrx_word' id='word_1_721' title='bbox 2332 5695 3010 5774; x_wconf 71' lang='lat' dir='ltr'><strong>exiguum__illuminari.</strong></span> <span class='ocrx_word' id='word_1_722' title='bbox 3043 5694 3368 5766; x_wconf 85' lang='lat' dir='ltr'><strong>Vocabula,</strong></span> <span class='ocrx_word' id='word_1_723' title='bbox 3403 5693 3564 5756; x_wconf 81' lang='grc' dir='ltr'>ἄλλως</span> <span class='ocrx_word' id='word_1_724' title='bbox 3593 5711 3648 5747; x_wconf 88' lang='grc' dir='ltr'><strong>τε</strong></span> <span class='ocrx_word' id='word_1_725' title='bbox 3675 5696 3787 5762; x_wconf 85' lang='grc' dir='ltr'>καί,</span> <span class='ocrx_word' id='word_1_726' title='bbox 3822 5707 3942 5748; x_wconf 90' lang='lat' dir='ltr'><strong>no-</strong></span> 
     </span>
    </p>
   </div>
   <div class='ocr_carea' id='block_1_111' title="bbox 565 5762 2220 5839">
    <p class='ocr_par' dir='ltr' id='par_1_111' title="bbox 565 5762 2220 5839">
     <span class='ocr_line' id='line_1_111' title="bbox 565 5762 2220 5839; baseline 0.004 -19"><span class='ocrx_word' id='word_1_727' title='bbox 565 5762 657 5835; x_wconf 69' lang='lat' dir='ltr'><strong>tis,</strong></span> <span class='ocrx_word' id='word_1_728' title='bbox 699 5763 806 5839; x_wconf 81' lang='lat' dir='ltr'><strong>qui</strong></span> <span class='ocrx_word' id='word_1_729' title='bbox 827 5777 1074 5835; x_wconf 82' lang='lat' dir='ltr'><strong>prorsus</strong></span> <span class='ocrx_word' id='word_1_730' title='bbox 1099 5769 1240 5822; x_wconf 80' lang='lat' dir='ltr'><strong>sunt</strong></span> <span class='ocrx_word' id='word_1_731' title='bbox 1269 5762 1632 5822; x_wconf 73' lang='lat' dir='ltr'><strong>oblmebrati</strong></span> <span class='ocrx_word' id='word_1_732' title='bbox 1661 5781 1934 5838; x_wconf 81' lang='lat' dir='ltr'><strong>magnum</strong></span> <span class='ocrx_word' id='word_1_733' title='bbox 1977 5773 2083 5835; x_wconf 83' lang='lat' dir='ltr'><strong>est,</strong></span> <span class='ocrx_word' id='word_1_734' title='bbox 2125 5770 2220 5829; x_wconf 85' lang='lat' dir='ltr'><strong>vel</strong></span> 
     </span>
    </p>
   </div>
   <div class='ocr_carea' id='block_1_112' title="bbox 2330 5767 2968 5843">
    <p class='ocr_par' dir='ltr' id='par_1_112' title="bbox 2330 5767 2968 5843">
     <span class='ocr_line' id='line_1_112' title="bbox 2330 5767 2968 5843; baseline -0.003 -16"><span class='ocrx_word' id='word_1_735' title='bbox 2330 5767 2457 5827; x_wconf 83' lang='lat' dir='ltr'><strong>tant</strong></span> <span class='ocrx_word' id='word_1_736' title='bbox 2490 5767 2968 5843; x_wconf 83' lang='lat' dir='ltr'><strong>explicationem.</strong></span> 
     </span>
    </p>
   </div>
  </div>
