4144 6314
214 339 329 395 981
1292 336 1660 393 COMMENT.
1704 334 1771 390 1N
1809 331 2075 389 LUCAM.
2117 365 2187 377 —
2226 337 2381 395 CAP.
2425 340 2533 395 xu.
3504 312 3631 393 982'

217 466 552 537 γράφουσιν,
599 465 783 525 εἶτουν,
818 458 1174 533 διαλέγεσθαι.
1207 465 1276 515 Τὸ
1312 460 1372 515 δὲ
1400 461 1836 535 ἀποστοματίζειν

1952 459 2182 534 ἐλέγχειν
2222 464 2507 529 scribunt,
2542 464 2604 519 id
2639 467 2725 519 est
2754 475 3025 532 arguere,
3059 460 3185 517 sive
3210 461 3531 535 disputare.

223 550 401 605 δηλοῖ
450 556 508 605 τὸ
558 551 792 605 ἀπαιτεῖν
846 548 1231 623 αὐτοσχεδίους
1292 557 1379 604 καὶ
1434 550 1837 613 ἀνεπισκέπτους

1951 552 2121 616 011Οά
2172 558 2372 609 autem
2405 554 2672 626 sequitur
2712 551 3150 625 ἀποστοματίζειν
3190 550 3487 620 signiﬁcat
3515 566 3607 608 ex-

222 642 542 717 ἀποκρίσεις
565 641 904 719 ἐρωτημάτων
936 638 970 693 δ
974 641 1176 715 ολερῶν.

1950 642 2304 712 temporales
2335 648 2389 698 et
2412 659 2531 699 non
2563 643 2968 699 consideratas
2997 640 3411 713 responsiones
3440 640 3608 697 dolo-

1950 746 2156 785 sarum
2203 731 2738 801 interrogationum
2782 734 3055 803 expetere
3107 729 3386 801 (ideoque
3436 729 3609 785 verti-

1950 835 2104 875 mus.
2135 819 2209 876 ab
2230 834 2328 877 ore
2351 822 2776 892 interrogare).

300 913 441 982 Περὶ
490 940 557 949 -
612 909 785 964 αὐτόν.
838 909 919 961 Ἐν
970 908 1171 969 πολλοῖς
1218 907 1582 983 προϐλήμασιν
1637 906 1837 959 ἐπιϐου-

2019 909 2187 965 Vers.
2240 914 2303 965 53
2344 910 2519 965 De—
2549 910 2714 965 Vers.
2764 909 2850 964 54.
2899 909 2971 965 ei.
3018 911 3079 963 In
3134 907 3335 963 multis
3366 908 3606 980 proble-

215 997 470 1059 λεύοντες
530 998 690 1069 αὐτῷ.
753 995 878 1051 Εἶτα
945 1003 1251 1073 πρόσκειται
1303 1002 1392 1050 καὶ
1450 1000 1479 1056 ἡ
1543 997 1686 1049 αἰτία
1748 1006 1837 1057 τῆς

1950 1001 2124 1055 matis
2152 999 2494 1055 insidiantes
2526 1000 2595 1055 ei.
2633 999 2851 1055 Deinde
2878 998 3117 1055 additur
3145 1002 3204 1053 et
3246 1013 3427 1054 causa
3471 998 3604 1056 talis

216 1091 488 1148 τοιαύτης
518 1097 783 1160 μηχανῆς.

1950 1088 2178 1145 technaa
2210 1091 2281 1161 (ε)
2315 1106 2413 1144 seu
2444 1094 2715 1145 conatus.

298 1183 600 1238 Ζήτοῡντες
642 1208 709 1218 -
749 1176 929 1231 αὐτοῦ.
976 1177 1157 1249 ’ᾩοντο
1205 1179 1304 1250 γὰρ
1349 1184 1420 1246 τῷ
1466 1172 1709 1249 αἰφνιδίῳ
1752 1180 1837 1227 καὶ

2024 1181 2186 1235 Vers.
2251 1180 2338 1234 54.
2405 1180 2733 1245 ρααινεηιεε
2772 1208 2840 1219 -—
2888 1193 3040 1233 eum.
3098 1175 3390 1233 Putabant
3447 1176 3605 1232 enim

220 1266 528 1341 ἀπροόπτῳ
567 1266 873 1340 περιτρέψαι
919 1270 1119 1326 πάντως
1152 1266 1304 1318 αὐτόν
1331 1286 1342 1299 ·
1391 1266 1519 1317 ἀλλὰ
1566 1268 1837 1336 πανσόφως

1950 1271 2187 1338 repente
2252 1271 2308 1322 et
2369 1268 2443 1323 de
2500 1266 2829 1339 improviso
2891 1267 2951 1322 in
3030 1280 3293 1321 errorem
3359 1265 3607 1322 omnino

216 1356 340 1409 ἔλυε
372 1359 571 1423 πάντα,
605 1361 693 1408 καὶ
721 1355 949 1431 εὐχερῶς
977 1354 1293 1430 ἀπεκρίνετο.

1950 1355 2118 1411 illum
2167 1356 2462 1411 inducere.
2512 1357 2728 1412 Verum
2776 1355 3212 1426 sapientissime
3249 1353 3610 1412 dissolvebat

1950 1446 2173 1510 omnia,
2218 1444 2506 1517 facileque
2536 1445 2959 1516 respondebat.

378 1540 535 1586 ΚΕΦ.
576 1532 703 1585 ΜΔ’.
748 1536 871 1606 Περὶ
898 1540 989 1592 τῆς
1018 1532 1184 1604 ζύμης
1233 1540 1331 1582 τῶν
1379 1534 1694 1603 Φαρισαίων.

2020 1536 2174 1589 CAP.
2205 1536 2376 1603 XLIV,
2400 1537 2481 1592 De
2506 1536 2802 1605 fermento
2838 1533 3297 1591 Pharisaeorum.

298 1622 388 1673 Ἐν
430 1622 501 1681 οἷς
533 1653 588 1661 -
625 1623 918 1696 ὑπόκρισις.
953 1623 1086 1674 Ἐπεὶ
1119 1619 1166 1672 ἐν
1202 1623 1476 1692 ὑποκρίσει
1515 1624 1604 1671 καὶ
1632 1620 1714 1689 (6)
1753 1624 1837 1669 νῦν

2022 1624 2169 1693 Cap.
2209 1625 2314 1678 XII.
2344 1626 2499 1679 Vers.
2538 1629 2560 1678 1
2596 1625 2761 1679 Inter
2789 1654 2853 1665 —
2874 1622 3223 1693 hypocrisis,
3259 1622 3409 1688 Quia
3428 1623 3605 1680 etiam

219 1713 479 1786 ἠρώτων,
528 1720 753 1783 φανερῶς
801 1715 889 1783 μὲν
951 1713 1218 1771 ζητοῦντες
1262 1712 1461 1782 μαθεῖν,
1509 1714 1739 1784 κρυφίως
1783 1705 1837 1759 δε

1950 1729 2111 1768 nunc
2167 1729 2279 1785 peu
2335 1714 2679 1786 hypocrisin
2736 1711 3203 1783 interrogabant,
3254 1718 3608 1784 apparenter

224 1800 677 1865 ἐπιϐουλεύοντες,
715 1800 1114 1872 ἐξασφαλίζεται
1138 1805 1257 1861 τοὺς
1288 1802 1543 1871 μαθητὰς,
1572 1798 1837 1870 φυλάττειν

1951 1801 2191 1874 quidem
2208 1802 2436 1858 discere
2457 1807 2811 1875 quaerentes,
2837 1801 3055 1857 occulte
3071 1816 3209 1857 vero
3231 1800 3603 1872 insidiantes,

224 1890 462 1951 ἑαυτοὺς
513 1888 612 1941 ἀπὸ
645 1898 735 1964 τῆς
783 1891 1101 1964 ὑποκρίσεως
1159 1889 1345 1953 αὐτῶν,
1403 1892 1491 1939 καὶ
1544 1892 1614 1959 μὴ
1671 1886 1837 1948 ἁπλῶς

1951 1891 2281 1963 discipulos
2321 1907 2463 1947 suos
2493 1892 2742 1946 omnino
2772 1891 2979 1955 munit,
3016 1895 3079 1945 ut
3110 1894 3358 1946 caveant
3386 1889 3497 1945 sibi
3529 1890 3607 1946 ab

223 1980 362 2051 αὐτῇ
438 1984 782 2053 περιπίπτειν.
849 1978 1167 2051 Παρήγγειλε
1225 1975 1283 2029 δὲ
1342 1978 1516 2038 αὐτοῖς
1568 1981 1684 2049 περὶ
1751 1983 1837 2035 τῆς

1951 1981 2251 2053 hypocrisi
2298 1980 2557 2046 illorum,
2605 1995 2678 2035 ne
2727 1979 3133 2050 imprudenter
3177 1979 3235 2034 in
3290 1994 3426 2035 eam
3472 1977 3609 2035 inci-

221 2072 494 2130 τοιαύτης
528 2072 692 2140 ζύμης
714 2073 802 2120 καὶ
828 2066 875 2119 ἐν
906 2068 977 2138 τῷ
1003 2076 1298 2140 τριακοστῴ
1330 2063 1553 2140 δευτέρῳ
1584 2064 1837 2137 κεφαλαίῳ

1951 2070 2115 2126 dant.
2150 2071 2228 2124 De
2259 2070 2373 2125 hoc
2404 2075 2605 2125 autem
2636 2068 2925 2125 fermento
2954 2068 3132 2124 etiam
3170 2067 3284 2123 illis
3330 2068 3609 2139 praecepit

224 2168 322 2212 τοῦ
357 2160 505 2210 κατὰ
534 2159 820 2211 Ματθαῖον.

1952 2158 2249 2215 tricesimo
2277 2158 2539 2215 secundo
2570 2157 2763 2233 capite
2789 2157 3093 2229 Evangelii
3117 2155 3447 2213 secundum
3468 2156 3608 2213 Mat-

1953 2249 2190 2304 thaaum.

302 2332 622 2409 [Μυριάδας
684 2337 759 2406 (7)
831 2332 979 2408 οἶμαι
1043 2335 1205 2407 λέγειν
1283 2340 1377 2393 τήν
1461 2334 1837 2391 πολυπλήθειαν

2022 2338 2109 2409 -Η-
2158 2333 2457 2411 Μυριάδας,
2510 2339 2653 2409 puto
2698 2335 2962 2408 appellat
3012 2332 3455 2391 multitudinem
3504 2348 3609 2407 po-

224 2434 322 2479 τοῦ
396 2424 583 2496 ὄχλου.
663 2425 924 2497 Εὶῶθαμεν
1006 2428 1107 2499 γὰρ
1180 2429 1393 2498 μυρίους
1474 2424 1655 2495 λέγειν,
1730 2426 1837 2483 τοὺς

1954 2427 2098 2500 puli.
2142 2427 2415 2484 Solemus
2445 2426 2603 2482 enim
2642 2430 2858 2500 μυρίους
2898 2423 3199 2497 appellare
3246 2422 3465 2480 multos

226 2514 505 2588 πολλοὺς]

306 2601 482 2657 Οὐδὲν
516 2636 579 2643 —
606 2605 988 2675 γνωσθήσεται.
1029 2608 1127 2657 Καὶ
1148 2611 1316 2655 ταῦτα
1356 2608 1471 2675 περὶ
1493 2611 1587 2664 τῆς
1629 2604 1837 2677 ὑποκρί-

2022 2608 2181 2661 Vers.
2212 2608 2265 2659 2.
2288 2604 2941 2675 Nihil—cognoscatur.
2962 2601 3290 2659 Etiamhtee
3323 2601 3398 2658 de
3417 2601 3609 2675 hypo-

236 2713 372 2755 σεως
430 2693 598 2745 αὐτῶν
656 2691 781 2757 εἶπε,
853 2689 1147 2757 διδάσκων,
1225 2694 1305 2744 ὅτι
1361 2691 1734 2762 ἐλεγχθήσεται
1794 2689 1837 2742 ἐν

1952 2694 2089 2752 crisi
2133 2694 2277 2750 dixit
2328 2710 2557 2763 eorum,
2603 2694 2830 2758 dicens,
2884 2694 3042 2764 quod
3087 2697 3367 2760 arguetur
3410 2690 3472 2746 in
3511 2692 3607 2748 die

233 2786 411 2854 ἡμέρα
436 2790 532 2843 τῆς
562 2786 897 2853 παγκοσμίου
937 2786 1176 2855 κρίσεως.
1225 2786 1324 2834 Καὶ
1358 2780 1464 2833 ἐπεὶ
1506 2787 1605 2832 πᾶν
1660 2776 1837 2850 διαγι-

1951 2783 2299 2840 universalis
2325 2781 2548 2855 judicii.
2583 2785 2649 2838 Et
2686 2782 2791 2854 qui
2823 2786 2961 2837 tunc
2991 2780 3196 2836 omnia
3244 2795 3609 2850 cognoscen-

232 2878 498 2923 νῶσκεται
518 2876 652 2934 τότε,
676 2876 764 2921 καὶ
796 2870 981 2943 πρᾶξις
1002 2876 1091 2922 καὶ
1118 2870 1269 2942 λόγος
1294 2874 1383 2921 καὶ
1406 2876 1592 2942 νόημα,
1624 2874 1837 2941 περιττὴ

1951 2878 2043 2930 tur
2086 2878 2140 2929 et
2170 2889 2375 2945 opera,
2429 2878 2483 2928 et
2513 2888 2819 2927 sermones
2868 2887 2934 2926 ac
2961 2870 3275 2941 cogitatus,
3308 2869 3609 2943 superﬂua

233 2968 326 3011 νῦν
353 2966 444 3012 καὶ
474 2962 746 3031 ἄχρηστος
774 2961 803 3017 ἡ
830 2961 1127 3031 ὑπόκρισις.

1950 2979 2110 3020 nunc
2139 2968 2226 3019 est
2264 2968 2319 3019 et
2356 2962 2575 3019 inutilis
2606 2960 2959 3034 hypocrisis.

314 3050 452 3102 Ἀνθ’
509 3050 576 3100 ὧν
631 3080 699 3089 -
755 3044 1030 3120 δωμάτων.
1095 3048 1523 3120 Ἐσχημάτισται
1578 3052 1668 3121 μὲν
1715 3052 1837 3120 πρὸς

2020 3053 2187 3109 Vers.
2233 3057 2290 3110 3.
2355 3053 2623 3121 Quoniam
2659 3056 2924 3108 -—tecta.
2957 3051 3168 3106 Factus
3226 3048 3475 3122 quidem
3520 3051 3608 3105 est

234 3143 362 3199 τοὺς
411 3141 654 3211 μαθητὰς
701 3140 725 3190 ό
783 3138 952 3209 λόγος,
1005 3141 1207 3211 εἴρηται
1263 3136 1322 3191 δὲ
1374 3144 1461 3190 καὶ
1536 3139 1680 3197 οὗτος
1725 3141 1837 3210 περὶ

1953 3143 2029 3198 ad
2071 3142 2396 3214 discipulos
2427 3158 2642 3212 sermo,
2677 3157 2877 3197 verum
2911 3144 2966 3195 et
3003 3140 3096 3195 hic
3142 3138 3339 3212 potius
3385 3138 3458 3194 de
3490 3137 3605 3193 illis

235 3227 461 3293 ἐκείνων,
515 3232 594 3280 ὅτι
648 3231 747 3279 ὅσα
792 3229 910 3279 καθ’
975 3228 1188 3288 ἑαυτοὺς
1246 3227 1623 3299 ἐνθυμηθῶσιν,
1677 3230 1707 3284 ἤ
1756 3231 1837 3278 καὶ

1951 3233 2145 3288 dictus
2172 3238 2279 3301 est,
2307 3231 2469 3305 quod
2492 3246 2871 3303 quiscunque
2894 3228 3059 3300 apud
3090 3243 3221 3284 sesc
3255 3228 3604 3297 cogitarent.

234 3322 369 3392 πρὸς
425 3317 678 3380 ἀλλήλους
734 3317 901 3389 λάθρα
971 3318 1457 3387 κοινολογήσωνται,
1512 3319 1683 3368 πάντα
1729 3320 1837 3367 τότε

1950 3322 2044 3377 vel
2086 3322 2263 3377 etiam
2311 3320 2464 3376 inter
2516 3336 2578 3375 se
2620 3324 2827 3374 mutuo
2858 3317 3013 3373 clam
3064 3316 3603 3383 communicarent,

238 3403 757 3478 δημοσιευθήσονται
810 3409 951 3478 παρά
983 3414 1073 3458 τοῦ
1100 3409 1269 3458 πάντα
1311 3413 1653 3476 γινώσκοντος
1685 3412 1837 3458 Θεοῦ.

1950 3411 2156 3467 omnia
2187 3416 2325 3465 tunc
2351 3411 2516 3464 aDeo
2534 3408 3017 3480 publicabuntur.
3044 3406 3364 3477 quicuncta
3385 3420 3603 3474 cogno-

237 3506 351 3560 Φῶς
397 3502 498 3571 γὰρ
549 3505 639 3551 καὶ
683 3497 921 3571 δῶμα-τα,
955 3503 1047 3556 τήν
1086 3496 1433 3570 δημοσιευσιν
1484 3499 1735 3570 ὠνόμασε.
1770 3500 1837 3549 Τό

1950 3502 2051 3555 vit.
2075 3502 2295 3555 Lumen
2322 3500 2480 3554 enim
2498 3503 2553 3554 et
2571 3502 2741 3564 tecta,
2759 3494 3228 3568 publicationem
3251 3493 3601 3550 nominavit.

240 3583 321 3649 δὲ,
390 3587 498 3640 ἀνθ’
558 3589 645 3655 ὧν,
717 3586 825 3640 ἀντὶ
896 3597 1008 3653 τοῦ,
1070 3585 1163 3641 διὰ
1230 3596 1404 3653 τοῦτο,
1479 3584 1620 3640 διότι
1688 3583 1837 3639 οὐδὲν

1952 3589 2261 3656 Quoniam,
2318 3587 2378 3641 id
2437 3591 2544 3655 est,
2592 3590 2931 3657 propterea,
2999 3582 3144 3655 quia
3208 3580 3353 3639 nihil
3412 3580 3604 3639 occul-

237 3678 407 3751 κρυϐή
417 3696 581 3731 σεται.

1951 3683 2071 3734 tum
2114 3676 2245 3733 erit.

311 3772 489 3818 Ταῦτα
538 3762 596 3819 δε
650 3771 739 3819 καὶ
803 3765 849 3818 ἐν
911 3774 984 3837 τῷ
1065 3763 1497 3837 ἐννεακαιδεκάτῳ
1578 3766 1837 3839 κεφαλαίῳ

2020 3766 2154 3821 Haec
2194 3764 2373 3821 etiam
2422 3762 2656 3818 decimo
2704 3776 2866 3817 nono
2904 3761 3078 3832 juxta
3124 3759 3465 3819 Matthaeum
3510 3775 3607 3817 ca-

237 3862 332 3906 τοῡ
426 3858 558 3907 κατὰ
649 3857 918 3909 Ματθαῖον
997 3860 1397 3931 μετεχειρίσατο
1472 3856 1589 3908 καθ’
1666 3856 1836 3929 ἑτέραν

1950 3856 2061 3927 pite
2106 3854 2395 3919 tractavit,
2447 3867 2794 3924 quanquam
2827 3849 3158 3907 secundum
3207 3849 3392 3906 alium
3440 3848 3606 3906 intel-

233 3947 447 4000 ἔννοιαν.

1950 3945 2184 3999 lectum.

308 4040 460 4106 Λέγω
514 4067 582 4074 —
631 4034 910 4106 φοϐήθητε.
952 4034 1023 4086 ’Ὼ
1080 4033 1290 4107 ἀπείρου
1339 4040 1697 4095 ταπεινώσεως
1746 4039 1836 4087 καὶ

2016 4033 2177 4087 Vers.
2235 4034 2286 4095 4,
2344 4031 2486 4086 Dico
2519 4061 2586 4071 —-
2622 4030 2786 4084 Vers.
2832 4034 2881 4083 5.
2936 4028 3150 4084 timete.
3205 4028 3248 4083 Ο
3301 4027 3605 4083 immensi-

238 4122 477 4193 ἀγάπηςέ
527 4124 710 4185 Φίλους
747 4124 892 4176 καλεί
947 4127 1066 4185 τοὺς
1121 4120 1356 4187 δούλους,
1392 4120 1559 4191 εἰδὼς,
1621 4126 1701 4176 ὅτι
1758 4145 1837 4196 φι-

1950 4128 2127 4186 tatem
2156 4119 2503 4177 humilitatis
2527 4135 2596 4175 ac
2622 4117 2951 4173 dilectionis
2980 4117 2993 4172 !
3027 4116 3265 4172 Amicos
3291 4120 3467 4173 vocat
3486 4131 3605 4172 ser-

233 4212 415 4264 λοῡσιν
441 4213 595 4265 αὐτόν
640 4216 688 4265 εν
720 4213 809 4285 ὅλη
859 4210 1056 4287 καρδία
1108 4218 1197 4265 καὶ
1229 4212 1276 4264 ἐν
1334 4213 1422 4284 ὅλη
1454 4212 1609 4285 ψυχῇ
1644 4219 1732 4265 καὶ
1786 4213 1834 4266 ἐν

1955 4224 2078 4277 vos,
2108 4211 2322 4275 sciens,
2354 4208 2518 4282 quod
2547 4224 2608 4263 se
2657 4212 2859 4263 ament
2905 4222 2976 4263 ex
3017 4211 3141 4262 toto
3174 4205 3374 4274 corde,
3430 4208 3487 4261 et
3530 4220 3603 4261 ex

238 4300 329 4373 ὅλη
373 4300 616 4373 διανοίᾳ·
660 4305 714 4353 τό
749 4299 825 4365 δὲ,
879 4308 961 4361 Μή
1009 4301 1267 4375 φοϐηθῆτε
1314 4302 1415 4354 ἀπό
1470 4310 1567 4353 τῶν
1621 4304 1835 4356 ἀποκτε-

1950 4306 2067 4357 tota
2106 4299 2326 4365 anima,
2370 4304 2424 4354 et
2450 4314 2520 4353 ex
2565 4300 2685 4352 tota
2717 4301 2931 4351 mente.
2977 4294 3146 4360 Quod
3187 4299 3383 4350 autem
3416 4293 3553 4350 dicit
3585 4309 3599 4351 :

236 4395 425 4441 νόντων
456 4394 535 4458 (8)
583 4394 638 4442 τό
674 4399 843 4462 σῶμα,
897 4396 987 4443 καὶ
1043 4394 1106 4442 τὰ
1166 4390 1300 4453 ἑξῆς,
1362 4388 1468 4443 εἷπε
1523 4396 1612 4442 καὶ
1657 4391 1704 4442 ἐν
1763 4402 1834 4462 τῷ

1950 4392 2030 4446 Ne
2056 4389 2399 4447 terreamini
2428 4386 2498 4441 ab
2531 4386 2639 4450 his,
2660 4388 2763 4457 qui
2812 4384 3084 4441 occidunt
3128 4399 3355 4455 corpus,
3390 4389 3448 4439 et
3492 4399 3601 4438 caa-

240 4476 524 4536 δηλωθέντι
580 4477 1012 4551 ἐννεακαιδεκάτῳ
1060 4480 1317 4551 κεφαλαίῳ
1365 4488 1455 4531 τοῦ
1512 4482 1647 4531 κατά
1694 4486 1835 4532 Ματ-

1950 4485 2088 4543 tera,
2106 4479 2257 4534 dixit
2273 4478 2448 4532 etiam
2470 4475 2746 4548 praedicto
2762 4476 2953 4545 capite
2966 4473 3200 4528 decimo
3230 4488 3391 4528 nono
3414 4474 3602 4528 Evan-

2341 4566 2356 4581 ς
2525 4565 2574 4581 ..
2944 4568 2984 4581 Α.
3037 4561 3114 4581 ,ιε
3166 4561 3375 4581 μωψ
3447 4576 3570 4581 ,ημ

239 4571 404 4633 θαῖον,
455 4574 542 4621 καὶ
598 4571 826 4630 ζήτησον
882 4570 986 4622 ἐκεῖ
1033 4575 1124 4627 τὴν
1180 4572 1371 4620 τούτων
1424 4568 1695 4639 ἐξήγησιν.
1755 4569 1832 4621 Ἐν

1950 4567 2081 4637 gelii
2134 4566 2469 4623 secundum
2524 4564 2985 4627 Matthoeum;et
3036 4561 3117 4617 ibi
3166 4561 3380 4616 horum
3439 4576 3600 4632 quaa-

234 4655 502 4731 διαφόροις
527 4662 624 4733 γὰρ
657 4667 857 4733 καιροῖς
884 4659 1131 4719 πολλάκις
1161 4662 1223 4709 τὰ
1262 4659 1394 4709 αὐτὰ
1433 4664 1677 4731 παραινεῖ
1723 4666 1835 4719 τοῖς

1950 4659 2052 4712 rito
2069 4658 2527 4712 enarrationem.
2561 4652 2749 4707 Variis
2777 4650 2938 4705 enim
2962 4647 3505 4721 opportunitatibus
3531 4664 3598 4705 ac

234 4747 565 4814 ἀποστόλοις,
615 4748 998 4822 ἐνσημανθῆναι
1049 4756 1213 4800 ταῦτα
1261 4755 1372 4807 ταῖς
1414 4748 1617 4818 ψυχκῐς
1663 4746 1831 4798 αὐτῶν

1950 4745 2313 4817 temporibus
2352 4740 2653 4814 apostolos
2684 4740 2757 4795 de
2788 4738 3001 4793 iisdem
3034 4737 3370 4810 frequenter
3394 4736 3599 4792 admo-

234 4835 562 4911 βουλόμενος.

1950 4834 2124 4890 nebat
2154 4850 2168 4890 :
2203 4832 2408 4889 volens
2438 4830 2567 4886 haec
2609 4826 2927 4884 animabus
2976 4841 3184 4883 eorum
3234 4824 3403 4899 inﬁgi
3432 4829 3603 4883 tena-

1942 4939 2089 4979 eius.

1462 5048 1685 5117 Varia
1708 5048 2039 5118 lectiones
2081 5053 2149 5115 et
2169 5053 2373 5113 notas.

227 5224 310 5281 ita
348 5221 591 5278 habere.
625 5222 687 5276 In
719 5221 1070 5293 hujusmodi
1100 5220 1369 5293 codicem
1417 5214 1832 5293 inciditTheo-

1950 5217 2139 5277 caduli
2179 5206 2643 5293 ἀποστοματίζειν.
2730 5198 2737 5207 ’

228 5289 1744 5378 ριιγιειοίιιε,φιὶἱῐιιξοᾱροοωρεᾳμθιιεῇωλιιιξιοϋοῑζ
1768 5291 1831 5347 Id
2128 5295 2255 5378 502i,
2284 5289 2618 5378 abestis!“
2666 5356 2931 5378 ῌΔῌΞῌ
2990 5355 3220 5378 “HLA
3275 5357 3516 5378 md“:

230 5356 395 5445 enim
418 5356 1021 5445 compertumhabe‘o,
1051 5356 1435 5445 Euihymium
1462 5363 1831 5445 etTheophy-
2014 5356 2089 5435 (7)
2126 5364 2252 5417 Hac
2284 5367 2529 5442 uterque
2568 5358 2626 5413 in
2666 5356 2936 5429 margine
2984 5356 3240 5414 exhibet.
3275 5357 3595 5415 Hentenius

228 5438 449 5494 laetum
464 5434 811 5507 huiusmodi
835 5437 1074 5491 codices
1090 5437 1166 5491 ad
1180 5434 1397 5493 manus
1408 5434 1707 5507 habuisse,
1733 5434 1835 5491 cu-
1940 5452 2063 5507 non
2095 5434 2381 5503 agnoscit.

225 5501 1054 5581 jusmodis'untMosguenses
1068 5511 1131 5581 N_.
1153 5507 1510 5564 Testamenti
1526 5523 1579 5563 a.
1594 5506 1653 5562 d.
1669 5522 1727 5581 _e.
1747 5510 1831 5563 lO.

2014 5506 2091 5581 (8)
2121 5501 2580 5569 Ἀποκτενούντων,
2607 5501 2649 5555 Α
2660 5542 2673 5558 .

232 5577 311 5638 Ex
339 5581 425 5637 eis
442 5580 624 5636 etiam
650 5579 765 5635 hoc
790 5577 924 5635 loco
946 5579 1193 5652 repetita
1205 5585 1292 5636 est
1315 5577 1723 5651 interpretatio
1735 5593 1837 5659 vp-

304 5762 378 5836 (e)
414 5756 656 5819 Technz
689 5758 861 5816 Forte
891 5772 1033 5831 ergo
1071 5757 1215 5830 legit
1249 5761 1458 5831 τέχνης.
