4144 6314
484 269 592 326 983

1811 266 2160 324 EUTHYMII
2199 254 2548 322 ZIGABENI

3855 264 3980 318 984

560 392 725 449 Vers.
783 397 834 450 6.
865 393 1077 450 Nonne
1124 394 1286 450 Vers.
1337 399 1391 448 7.
1424 394 1618 463 pturis
1659 395 1815 452 eStis.
1872 392 2152 448 Similiter

2336 393 2482 465 Οὐχὶ
2524 421 2590 432 -—
2639 390 2925 468 διαφέρετε.
2957 394 3179 465 Ὁμοίως
3221 390 3330 445 εἶπε
3372 397 3460 444 καὶ
3502 399 3744 443 ταῦτα
3802 389 3864 440 ἐν
3900 397 3980 441 τῶ

490 485 547 536 et
606 481 734 536 haec
787 481 940 537 dixit
991 482 1202 538 eodem
1259 483 1472 554 capite.
1532 489 1806 538 Attamen
1862 482 1943 538 ibi
2001 481 2152 537 duos

490 570 745 642 parvulo
771 586 906 626 asse
925 571 1049 626 sive
1071 573 1318 638 assario,
1339 573 1563 628 vaanire
1589 573 1816 636 dixit”,
1840 572 1934 626 hic
1951 576 2152 627 autem

491 658 759 732 quinque
789 674 1055 730 passeres
1077 661 1279 732 parvis
1311 661 1551 715 assibus
1573 661 1830 716 duobus.
1869 663 1934 715 Et
1959 659 2157 714 verisi-

493 748 632 804 mile
662 753 749 804 est
781 754 918 804 tunc
950 749 1116 805 aliter
1145 750 1437 816 vaeniisse,
1477 767 1634 806 nunc
1669 767 1807 806 vero
1839 750 2024 816 aliter,
2057 751 2158 804 Le-

494 853 567 908 ge
616 852 758 909 ergo
811 843 867 895 et
912 853 1067 903 eam,
1103 854 1238 910 quae
1298 839 1379 895 ibi
1439 840 1631 910 posita
1697 844 1782 895 est
1834 837 2158 895 enarratio-

494 941 657 983 nem.

564 1017 737 1074 Vers.
766 1017 819 1081 8,
860 1016 995 1073 Dico
1021 1048 1089 1058 —
1123 1017 1280 1072 Vers.
1315 1021 1366 1073 9.
1402 1019 1510 1074 Dei
1555 1018 1678 1074 Pari
1727 1017 1905 1074 modo
1952 1022 2007 1072 et
2034 1017 2160 1072 haec

495 1110 930 1178 consequenter
946 1106 1317 1163 dixiteodem
1340 1109 1526 1179 capite
1555 1109 1691 1163 :sed
1722 1108 1806 1163 ibi
1836 1107 2022 1162 dixit:
2055 1106 2159 1162 Co-

493 1212 622 1252 ram
646 1198 822 1253 Patre
846 1211 984 1252 meo.
1013 1198 1110 1266 qui
1131 1204 1210 1252 est
1237 1197 1299 1252 in
1317 1198 1466 1252 caelis
1497 1199 1564 1261 9°,
1603 1197 1698 1251 hic
1726 1202 1925 1252 autem
1951 1197 2159 1251 Coram

498 1285 725 1355 angelis
751 1285 881 1341 Dei.
911 1287 1010 1340 Est
1035 1293 1232 1340 autem
1264 1283 1632 1340 indifferens.
1663 1288 1810 1340 Nam
1842 1283 1997 1340 Patri
2030 1283 2158 1353 ejus

499 1378 558 1430 et
591 1373 702 1446 ipsi
722 1381 1043 1446 sanctoque
1069 1373 1327 1446 Spiritui,
1362 1380 1629 1446 tempore
1659 1374 1859 1444 iudicii
1883 1373 2162 1429 assistent

500 1463 679 1520 simul
705 1469 762 1519 et
785 1462 1000 1536 angeli.

574 1641 742 1699 Vero.
803 1642 884 1696 10.
946 1643 1020 1697 Ει
1076 1643 1493 1713 quicunque—
1536 1641 1889 1699 remittetur.
1956 1643 2164 1707 Quaere

2263 486 2482 554 τοιούτῳ
2543 483 2822 555 κεφαλαίῳ,
2880 483 3012 541 πλὴν
3087 482 3192 535 ἐκεῖ
3267 485 3356 554 μεν
3435 479 3541 534 δύο
3654 481 3983 554 στρουθία

2266 570 2525 646 ἀσσαρίου
2604 572 2890 624 πωλεῖσθαι
2962 576 3192 644 εἴρηκεν·
3261 572 3483 623 ἐνταῦθα
3589 566 3701 633 δὲ,
3809 572 3983 621 πέντε

2269 663 2520 734 στρουθία
2551 659 2820 736 ἀσσαρίων
2858 657 2973 713 δύο.
3005 666 3105 714 Καὶ
3136 661 3291 722 εἰκός.
3337 665 3451 712 τότε
3481 664 3624 732 μὲν,
3697 658 3933 731 ἑτέρως
3960 671 3977 688 ⁶

2265 757 2351 800 νῦν
2399 747 2474 821 δὲ,
2511 750 2697 825 ἐέτρως
2725 758 2892 802 ταῦτα
2920 748 3225 806 πωλεῖσθαι.
3261 751 3554 819 Ἀνάγνωθι
3627 744 3751 800 οὖν
3804 746 3982 798 κάκεῖ

2266 832 2363 897 τὴν
2393 839 2666 911 ἐξήγησιν.

2342 1023 2491 1089 Λέγω
2529 1026 2710 1070 -τοῡ
2733 1023 2880 1071 Θεοῦ.
2932 1017 3204 1078 Ὡσαύτως
3252 1022 3341 1070 καὶ
3389 1025 3560 1069 ταῦτα
3631 1017 3703 1068 ἐν
3767 1015 3976 1087 ἐκείνῳ

2267 1116 2338 1178 τῷ
2395 1107 2654 1180 κεφαλαίῳ
2709 1106 2932 1170 καθεξῆς
2989 1111 3209 1178 εἴρηκεν.
3264 1106 3396 1160 Ἀλλ’
3465 1105 3572 1159 ἐκεῖ
3641 1109 3770 1178 μὲν
3858 1106 3972 1176 (9),

2271 1199 2482 1249 ἐνώπιον
2538 1205 2630 1249 τοῦ
2691 1201 2892 1268 Πατρός
2946 1216 3044 1266 μου
3105 1203 3197 1247 τοῦ
3267 1194 3314 1247 ἐν
3373 1195 3667 1267 οὐρανοῖς,
3748 1192 3923 1246 εἶπεν
3957 1215 3970 1225 ·

2271 1285 2492 1338 ἐνταῦθα
2519 1282 2596 1354 δὲ,
2639 1284 2849 1337 ἐνώπιον
2884 1294 2983 1337 τῶν
3015 1283 3236 1356 ἀγγέλων
3285 1293 3377 1336 τοῦ
3423 1289 3573 1338 Θεοῦ.
3645 1282 3852 1337 Ἐστι
3906 1279 3972 1334 δὲ

2274 1371 2578 1447 ἀδιάφορον.
2620 1382 2701 1444 Τῷ
2746 1379 2913 1447 Πατρὶ
2955 1377 3056 1448 ’γὰρ
3105 1373 3282 1437 αὐτοῦ,
3329 1379 3419 1425 καὶ
3468 1373 3655 1442 αὐτῷ,
3717 1378 3839 1423 καὶ
3892 1379 3970 1438 τῷ

2273 1465 2405 1535 ἁγίῳ
2459 1468 2740 1536 Πνεύματι,
2797 1466 2845 1516 οἱ
2896 1463 3105 1535 ἄγγελοι
3177 1468 3524 1537 παρίστανται
3594 1465 3784 1514 κατὰ
3871 1464 3966 1512 τὸν

2273 1556 2451 1626 καιρὸν
2479 1561 2538 1612 τῆ
2552 1574 2572 1615 ς
2603 1557 2840 1627 κρίσεως.

501 1731 783 1787 vicesimo
816 1730 1078 1788 secundo
1109 1731 1300 1802 capite
1336 1730 1631 1800 Evangelii
1667 1730 2000 1785 secundum
2024 1735 2163 1785 Mat-

2290 1728 2502 1804 ἳευτέρῳ
2551 1730 2808 1802 κεφαλαίῳ
2873 1735 2965 1787 την
3022 1730 3291 1802 ἑρμηνείαν
3344 1736 3474 1780 τοῦ·
3528 1733 3640 1780 Καὶ
3723 1730 3794 1789 ὃς
3863 1725 3958 1778 ἐὰν

502 1820 724 1877 thaaum
751 1821 1297 1891 interpretationem
1327 1820 1482 1875 illius
1508 1819 1649 1874 dicti
1674 1836 1683 1872 :
1717 1821 2059 1890 Quicunque
2081 1819 2166 1874 di-

500 1910 659 1967 xerit
678 1915 889 1966 contra
901 1909 1125 1964 Filium
1146 1909 1395 1964 hominis
1417 1909 1752 1965 remittetur
1765 1910 1819 1964 ei
1837 1909 1905 1972 Μ,
1924 1908 2074 1963 bene
2096 1924 2166 1964 ac

501 1997 668 2054 nullo
695 1997 1102 2069 praetermisso
1135 1997 1556 2052 continentem.

574 2086 741 2143 Vers.
773 2086 860 2140 it-
888 2086 1034 2141 Cum
1052 2092 1331 2142 autem—
1356 2085 1516 2140 Vers.
1555 2085 1638 2140 12.
1663 2091 1927 2153 oporteat
1951 2085 2163 2142 dicere.

506 2175 636 2231 Haec
674 2175 852 2231 etiam
878 2174 1023 2230 dixit
1052 2191 1214 2230 nono
1245 2175 1436 2246 capite
1485 2173 1782 2244 Evangelii
1812 2175 1980 2246 juxta
2025 2174 2166 2230 Mat‘

504 2265 766 2328 thteum;
815 2263 946 2320 etin
986 2279 1057 2320 eo
1103 2263 1233 2333 lege
1275 2263 1418 2319 dicti
1463 2263 1616 2319 illius
1675 2265 2165 2320 enarrationem:

510 2353 656 2410 Cum
692 2357 888 2410 autem
942 2353 1304 2409 tradiderint
1348 2369 1470 2418 vos,
1527 2354 1712 2411 nolite
1754 2353 2002 2409 solliciti
2032 2367 2166 2420 esse,

507 2443 798 2516 quomodo
825 2449 929 2499 aut
957 2443 1103 2514 quid
1135 2443 1460 2514 loquamini
1480 2445 1528 2478 92

579 2531 737 2588 CAP.
781 2532 938 2588 XLV.
967 2534 1052 2589 De
1076 2547 1140 2589 eo
1170 2533 1274 2604 qui
1296 2533 1528 2589 volebat
1571 2531 1838 2589 dividere
1866 2532 2170 2590 haeredita-

1287 2629 1421 2679 tem.

581 2711 749 2768 Vers-
780 2713 867 2768 13.
900 2713 1004 2766 Ait
1040 2741 1100 2752 —
1124 2711 1298 2768 Vers.
1337 2711 1419 2766 14.
1467 2727 1634 2782 super
1673 2726 1772 2768 vos
1802 2711 1831 2768 ?
1875 2713 2173 2766 Mansuete

511 2799 705 2857 illum.
734 2806 1025 2872 tanquam
1056 2801 1130 2855 de
1163 2800 1423 2854 minimis
1449 2800 1631 2855 verba
1655 2800 1989 2866 facientem,
2028 2801 2170 2870 reje-

511 2890 608 2946 cit.
650 2890 798 2943 Cum
825 2889 984 2943 enim
1012 2904 1224 2944 avarus
1254 2893 1424 2956 esset,
1480 2903 1550 2942 ac
1578 2889 1847 2960 pecuniae
1878 2888 2175 2943 desiderio

509 2978 792 3048 ﬂagraret
825 2977 1026 3049 :quod
1051 2977 1267 3032 animae
1291 2977 1702 3032 necessarium
1735 2982 1880 3041 erat,
1927 2978 2176 3048 ejusque

514 3067 683 3124 saluti
727 3065 886 3131 utile,
914 3070 1112 3138 petere
1141 3065 1342 3120 omisit
1371 3084 1382 3124 :
1415 3065 1722 3136 corporale
1757 3072 1958 3121 autem
1983 3065 2177 3138 requi—
2207 3100 2247 3156 ρ

513 3156 662 3221 sivit,
681 3158 973 3226 majorem
985 3154 1215 3212 habens
1237 3170 1443 3210 curam
1457 3156 1918 3226 corporisquam
1935 3155 2175 3220 animae,

514 3244 904 3318 Reprehendit
949 3260 1089 3314 ergo
1145 3243 1492 3315 petitionem
1545 3243 1698 3299 illius
1759 3244 2044 3312 Christus,
2095 3260 2178 3300 re-

516 3334 1019 3408 spondens,quod
1043 3349 1163 3389 non
1184 3333 1595 3406 pecuniarum,
1616 3333 2179 3405 autpossessionum

515 3424 756 3490 divisor,
803 3422 908 3479 sed
954 3423 1120 3494 regni
1151 3423 1418 3489 caelestis,
1455 3427 1744 3496 tanquam
1789 3423 2178 3490 htereditatis,

517 3513 692 3570 dator
722 3513 1074 3568 advenisset.

591 3603 854 3658 Vers.15.
878 3603 956 3658 Et
979 3603 1061 3657 ait
1081 3632 1149 3642 —
1165 3602 1444 3659 avaritia.
1467 3603 1812 3674 Opportune
1829 3606 2074 3673 sumpta
2091 3619 2184 3657 oc-

523 3692 764 3749 casione
785 3691 948 3763 apud
976 3691 1301 3763 discipulos
1333 3696 1689 3762 protestetur
1716 3712 1727 3750 :
1750 3691 2066 3746 avaritiam
2085 3707 2184 3746 vo-

523 3795 689 3855 cans,
711 3780 844 3852 plus
865 3778 1106 3844 habere,
1140 3795 1322 3852 quam
1351 3780 1515 3852 quod
1540 3779 1816 3845 sufﬁciat,
1855 3784 1958 3835 aut
1985 3780 2058 3835 sit
2085 3795 2186 3835 ne-

523 3870 874 3928 cessarium.

592 3961 761 4017 Vers.
799 3960 882 4015 15.
907 3958 1138 4026 Quia—
1165 3960 1311 4025 ejus.
1346 3961 1468 4014 Non
1508 3959 1646 4026 quia
1666 3958 1851 4013 homo
1883 3957 2185 4030 quispiam

525 4049 743 4108 divitiis
763 4047 1048 4114 abundat,
1080 4047 1339 4118 vitaejus
1369 4047 1644 4103 abundat
1665 4063 1732 4102 ex
1751 4047 1850 4102 tali
1869 4047 2187 4102 abundan-

523 4139 608 4194 tia
621 4137 770 4207 ejus.
787 4135 1292 4206 Admonetitaque
1306 4135 1378 4189 ab
1393 4135 2028 4204 avaritiafugieudum.
2044 4136 2188 4207 quia

525 4241 646 4283 non
670 4223 998 4280 secundum
1029 4224 1185 4278 hanc
1211 4224 1438 4278 accedit
1470 4225 1601 4278 vitae
1634 4240 1935 4279 mensura.
1969 4224 2187 4280 Deinde

527 4315 706 4372 etiam
731 4311 1085 4382 parabolam
1109 4313 1331 4383 profert
1346 4313 1778 4377 ostendentem,
1811 4311 1977 4384 quod
1999 4314 2188 4369 avari-

527 4403 613 4470 tia.
641 4399 1102 4469 sollicitudinem
1135 4400 1374 4472 quidem
1416 4401 1584 4456 affert
1623 4417 1693 4456 ac
1735 4417 2060 4468 maerorem,
2106 4403 2190 4458 vi-

527 4497 656 4549 tam
668 4505 806 4546 vero
828 4488 1049 4545 addere
1065 4505 1187 4546 non
1205 4495 1414 4559 potest.
1437 4490 1638 4562 Itaque
1658 4506 1906 4546 avarum
1921 4507 2052 4546 esse
2067 4507 2188 4547 non

531 4580 726 4638 solum
754 4578 960 4635 inutile
991 4583 1097 4646 est,
1124 4595 1328 4635 verum
1358 4579 1536 4635 etiam
1567 4580 1866 4636 nocivum.

603 4669 762 4726 CAP.
795 4668 972 4725 XLVI.
1007 4669 1091 4725 De
1111 4669 1287 4726 divite
1316 4672 1483 4740 cujus
1511 4685 1652 4739 ager
1668 4671 1840 4740 ferax
1866 4669 2007 4738 fuit.

531 4760 692 4816 Vers.
730 4761 813 4812 16.
863 4756 1030 4814 Dixit
1083 4764 1280 4814 autem
1309 4789 1378 4798 —
1415 4759 1720 4827 praedium.
1763 4764 1971 4832 Χώραν,

530 4846 825 4923 praedium
857 4851 1050 4918 vocat,
1087 4852 1316 4912 terram,
1366 4848 1487 4903 sive
1528 4863 1763 4917 agrum.

604 4940 768 4994 Vere.
805 4937 889 4991 Π.
935 4937 1011 4992 Et
1051 4967 1117 4977 —
1155 4952 1300 4994 meos
1327 4936 1523 4994 ?Cum
1564 4951 1772 4992 omnes
1821 4935 2044 4992 fructus
2077 4952 2191 5007 prae

605 5116 652 5152 ⁸³
683 5114 879 5172 Matth.
912 5131 971 5186 x,
1003 5117 1092 5172 29.
1122 5115 1169 5151 9°
1239 5115 1447 5173 Matth.
1481 5132 1537 5184 x,
1571 5116 1658 5172 32.
1725 5117 1770 5153 ⁸³
1806 5117 2008 5174 Matth.
2040 5132 2142 5181 xu,
2176 5116 2263 5174 32.

2350 1647 2450 1695 Καὶ
2504 1648 2601 1702 πᾶς
2649 1673 2717 1681 -
2765 1641 3102 1713 ἀφεθήσεται.
3145 1645 3378 1698 Ζητησον
3430 1638 3478 1690 ἐν
3536 1646 3614 1708 τῷ
3687 1638 3960 1707 εἰκοστῴ

2279 1824 2394 1892 εἴπῃ
2497 1819 2648 1890 λόγον
2745 1821 2880 1871 κατά
2980 1827 3070 1870 τοῦ
3167 1820 3290 1870 Υὶου
3387 1826 3479 1869 τοῦ
3581 1817 3950 1888 ἀνθρώπου,

2277 1909 2590 1981 ἀφεθήσεται
2703 1907 2880 1977 αὐτῷ’
2986 1906 3150 1966 καλῶς
3250 1925 3304 1958 τι
3410 1911 3500 1958 καὶ
3604 1904 3950 1963 ἀνεὶλιπῶς

2277 2001 2530 2070 ἔχουσαν.

2346 2086 2504 2138 ’Ὅταν
2569 2083 2628 2137 δὲ
2702 2116 2768 2124 -
2838 2081 2921 2137 δεῖ
2993 2084 3169 2136 εἰπεῖν.
3236 2080 3358 2136 Εἷπι
3430 2091 3598 2135 ταῦτα
3684 2087 3799 2134 καὶ
3884 2085 3938 2133 ἐν

2277 2185 2348 2246 τῷ
2405 2171 2840 2245 ἐννεακαιδεκάτῳ
2905 2173 3163 2245 κεφαλαίῳ
3241 2181 3330 2224 τού
3401 2175 3533 2224 κατά
3589 2174 3931 2233 Ματθαίον,

2278 2271 2367 2317 καὶ
2407 2263 2664 2335 ἀνάγνωθι
2713 2262 2760 2315 ἐν
2814 2265 2986 2334 ἐκείνῳ
3033 2268 3126 2321 τὴν
3175 2261 3417 2332 ἐξήγησιν
3456 2269 3568 2312 τοῦ.
3614 2261 3807 2314 Ὀταν
3861 2257 3926 2310 δὲ

2283 2349 2653 2429 παραδιδῶσιν
2719 2355 2874 2424 ὑμᾶς,
2949 2356 3019 2423 μὴ
3093 2357 3464 2425 μεριμνήσητε,
3535 2359 3649 2410 πῶς
3740 2352 3773 2408 ἦ
3866 2352 3923 2399 τί

2280 2444 2408 2501 λαλή
2420 2461 2553 2496 σετε.

2285 2540 2432 2588 ΚΕΦ.
2513 2529 2641 2585 ΜΕ’.
2739 2535 2862 2602 Περὶ
2954 2549 3045 2580 του
3154 2531 3458 2588 θελήσαντος
3561 2527 3905 2602 μερίσασθαι

2920 2623 3013 2677 τὴν
3037 2618 3240 2671 οὐσίαν.

2354 2708 2478 2762 Εῖπε
2509 2741 2575 2750 -—
2620 2707 2693 2781 ἐφ’
2725 2709 2892 2780 ὑμᾶς
2934 2711 3117 2782 Πράως
3166 2708 3342 2774 αὐτόν,
3395 2710 3465 2767 ὡς
3518 2705 3884 2779 σμικρολογον,

2286 2798 2645 2871 ἀπεπέμψατο.
2712 2798 3175 2870 Ἐρασιχρὴματος
3228 2798 3330 2870 ’γὰρ
3381 2796 3496 2867 (10)
3547 2800 3607 2844 ὧν
3649 2798 3733 2844 καὶ
3785 2809 3875 2861 φιο

2285 2888 2578 2960 λοκτὴμων,
2630 2885 2792 2958 ἀφῆκε
2848 2891 2937 2957 μὲν
2983 2887 3143 2938 αἰτεῖν
3192 2885 3470 2957 ἀναγκαῖόν
3515 2904 3563 2936 τι
3615 2890 3670 2954 τῇ
3715 2880 3867 2950 ψυχῇ

2286 2983 2376 3030 καὶ
2404 2982 2675 3050 χρήσιμον
2711 2975 2780 3036 εἰς
2826 2980 3087 3047 σωτηρίαν
3121 2975 3304 3041 αὐτῆς,
3348 2975 3572 3038 ἐζήτησε
3618 2969 3676 3024 δὲ
3709 2988 3880 3040 σωμα-

2287 3072 2448 3132 τικὸν,
2481 3066 2689 3119 πλείονα
2732 3061 2985 3138 φροντίδα
3033 3072 3123 3116 τοῦ
3171 3070 3409 3136 σώματος
3456 3065 3596 3137 παρά
3650 3065 3743 3118 τὴν
3789 3059 3888 3128 ψυ-

2290 3161 2396 3228 χὴν
2434 3157 2758 3226 ποιούμενος.
2788 3153 3070 3225 Εμέμψατο
3117 3150 3206 3205 οὖν
3255 3159 3347 3211 τὴν
3400 3156 3611 3210 αἴτησιν
3661 3150 3820 3200 αὐτοῦ
3869 3147 3892 3196 ὁ

2289 3247 2536 3315 Χριστὸς,
2619 3242 2916 3316 ἀποκριθεὶς
2985 3239 3044 3294 δε
3113 3242 3246 3312 (Η),
3307 3244 3387 3292 ὅτι
3445 3239 3519 3292 Οὐ
3594 3241 3891 3313 χρημάτων

2291 3337 2558 3406 μεριστῆς,
2646 3330 2773 3383 ἀλλά
2857 3330 3135 3402 βασιλείας
3223 3330 3463 3403 οὐρανίου
3559 3324 3894 3401 κληροδότης

2292 3422 2440 3480 ἐλήλυ
2450 3424 2533 3476 θα.

2365 3599 2486 3654 Εῖπε
2551 3630 2617 3639 -
2676 3598 2982 3660 πλεονεξιας.
3056 3597 3310 3669 Εὐκαιρου
3387 3594 3668 3668 λαϐόμενος
3741 3593 3899 3666 ἀφορ-

2293 3699 2416 3762 μῆς,
2469 3686 2883 3761 διαμαρτύρεται
2933 3690 3064 3761 πρὸς
3120 3691 3240 3748 τοὺς
3295 3687 3549 3757 μαθητάςι
3603 3683 3898 3746 πλεονεξίαν

2292 3779 2448 3852 λέγων
2523 3782 2603 3843 τό,
2670 3777 2816 3830 πλέον
2884 3780 3024 3848 ἔχειν
3091 3784 3182 3828 τοῦ
3251 3774 3541 3849 ἀρκοῦντος,
3623 3777 3737 3832 ἤτοι
3807 3779 3896 3824 τοῦ

2295 3868 2578 3940 ἀναγκαίου
2589 3906 2600 3918 .

2362 3957 2484 4009 Ὀτι

2297 4046 2547 4121 ἀνθρώπῳ
2582 4044 2799 4096 πλοῦτον
2825 4046 2854 4101 ἡ
2905 4044 3011 4104 ζωὴ
3055 4042 3194 4112 αὐτῷ
3237 4042 3352 4113 (12)
3388 4046 3673 4114 παραμένει
3721 4038 3775 4091 ἐκ
3806 4047 3893 4098 τῆς

2549 3987 2614 3998 -
2683 3955 2861 4009 αὐτοῦ.
2948 3954 3058 4006 Οὐκ
3124 3953 3174 4005 ἐν
3235 3973 3306 4024 τῳ
3384 3954 3712 4026 περισσεύειν
3795 3955 3895 4002 τινὶ

2295 4138 2541 4195 τοιαύτης
2596 4137 2894 4206 περιουσίας
2945 4133 3122 4185 αὐτοῦ.
3178 4138 3423 4191 Ιῐαραινεῖ
3469 4135 3639 4182 τοίνυν
3697 4132 3893 4200 φεύγειν

2295 4231 2388 4283 τὴν
2435 4223 2742 4285 πλεονεξίαν,
2787 4219 2925 4274 διότι
2957 4221 3048 4273 οὐκ
3093 4220 3146 4272 ἐκ
3195 4223 3392 4281 ταύτης
3435 4220 3775 4290 προστίθεται
3815 4221 3894 4288 μέ-

2296 4333 2414 4388 τρον
2459 4313 2612 4372 ζωῆς.
2648 4309 2773 4364 Εἶτα
2829 4310 3053 4385 ἐπιφέρει
3105 4315 3193 4362 καὶ
3249 4307 3572 4382 παραϐολὴν,
3625 4307 3895 4379 ἐμφαίνου-

2301 4423 2416 4470 σαν,
2461 4404 2542 4453 ὅτι
2571 4403 2600 4458 η
2636 4399 2897 4462 πλεονεξία
2927 4404 3177 4472 μερίμνας
3229 4402 3319 4469 μὲν
3362 4403 3452 4449 καὶ
3499 4396 3660 4456 λύπας
3711 4395 3886 4468 προξε-

2296 4501 2404 4543 νεῖ’
2442 4491 2579 4550 ζωὴν
2632 4487 2690 4542 δὲ
2736 4491 3040 4563 προσθεῖναι
3087 4489 3145 4540 οὐ
3195 4484 3435 4550 δύναται,
3479 4494 3567 4538 καὶ
3615 4485 3784 4537 λοιπὸν
3831 4486 3882 4533 τὸ

2297 4579 2631 4645 πλεονεκτεῖν,
2693 4579 2951 4650 οὐ,μόνον
2993 4578 3254 4642 ἀνόνητον,
3303 4576 3431 4628 ἀλλά
3483 4581 3568 4626 καὶ
3615 4570 3871 4644 βλαϐερόν.

2300 4675 2447 4722 ΚΕΦ.
2503 4677 2631 4734 Μς.
2694 4675 2816 4741 Περὶ
2874 4668 2932 4720 οὗ
2991 4667 3271 4741 εὐφόρησεν
3328 4668 3358 4724 ἡ
3421 4671 3566 4737 χώρα
3614 4659 3877 4712 πλουσίου.

2373 4757 2496 4811 Εἶπε
2520 4755 2578 4811 δὲ
2605 4790 2670 4798 -
2702 4764 2870 4831 χώρα.
2909 4763 3118 4832 Χώραν,
3147 4758 3211 4808 τὰ
3236 4751 3408 4827 γήὸια
3433 4755 3583 4826 λέγει.

2379 4941 2477 4990 Καὶ
2531 4969 2599 4977 -
2655 4953 2792 5010 μου;
2852 4935 3155 5009 Βουλόμενος
3206 4953 3297 5007 μεν
3354 4951 3553 4994 παντας
3612 4933 3732 4992 τοὺς
3783 4947 3903 5000 καρ-

2344 5119 2390 5153 ⁹²
2421 5116 2622 5174 Matth.
2655 5133 2713 5186 x,
2752 5116 2836 5172 t9.

1740 5268 1963 5337 Variae
2004 5268 2316 5335 lectionis
2369 5279 2434 5336 et
2486 5279 2686 5336 notae.

609 5409 686 5485 (9)
717 5412 969 5485 Uterque
1001 5410 1062 5485 i_n_
1115 5414 1277 5485 textu
1331 5410 1584 5468 Matthaei
1621 5415 1812 5467 servat
1870 5413 2183 5485 ἔμπροσθεν.

610 5483 721 5552 (10)
755 5484 858 5553 Γάρ
901 5483 1093 5538 omitit
1131 5483 1195 5537 B.

610 5553 722 5624 (11)
740 5557 800 5604 Δέ
828 5553 1140 5608 redundat.

611 5623 726 5697 (t2)
753 5625 836 5681 Ita
869 5624 929 5680 in
961 5628 1123 5680 textu
1147 5625 1370 5682 habent
1400 5626 1576 5683 etiam
1606 5641 1715 5699 pro
1755 5627 1934 5681 αὐτοῦ.
1970 5627 2194 5700 Oppor-

2307 5417 2445 5468 tune
2486 5411 2907 5484 Theophylact.
2953 5429 3012 5484 p.
3058 5417 3154 5484 347
3203 5414 3262 5479 C,
3298 5409 3465 5467 addit
3497 5429 3509 5464 :
3541 5412 3590 5461 οἱ
3639 5411 3739 5481 γὰρ
3774 5407 3903 5484 φμιλό-

2303 5485 2519 5537 πλουτοι
2569 5479 2839 5555 δοκοῦσιν,
2901 5479 2972 5546 ὡς
3019 5483 3282 5557 φιλόζωοι,
3344 5485 3600 5556 περιέπειν
3632 5479 3719 5533 τὸν
3760 5479 3902 5531 πλοῦ-

2304 5575 2412 5612 τον.
