4144 6314
222 343 357 397 985

1387 342 1731 398 COMMENT
1771 342 1839 396 1N
1881 341 2149 397 LUCAM.
2191 374 2258 383 —
2295 343 2451 398 CAP.
2495 344 2613 397 ΧΗ.

3523 345 3627 401 986

224 477 389 536 ποὺς
420 479 583 548 ἔχειν,
634 472 727 528 διὰ
779 475 1087 539 πλεονεξίαν,
1128 481 1196 547 μὴ
1239 473 1523 548 δυνάμενος
1559 472 1636 533 δὲ,
1685 471 1858 525 διὰτὸ

1990 468 2221 523 Lvaritia
2236 467 2455 523 habere
2474 467 2663 531 vellet,
2694 466 2799 522 sed
2822 483 2944 539 prae
2966 468 3340 525 multitudine
3354 486 3474 527 non
3494 487 3629 544 p05-

224 565 459 627 πλῆθος
520 566 709 631 αὐτῶν,
772 566 1097 637 ἐξαπορείται
1150 570 1235 617 καὶ
1294 572 1716 636 στενοχωρεῑται,
1795 565 1864 622 ὡς

225 656 389 726 ἄγαν
424 660 599 721 πένης,
636 657 660 706 ό
691 656 821 726 ἄγαν
872 655 1137 715 πλούσιος.
1199 651 1325 708 Οἵδε
1368 658 1468 725 γαρ
1501 660 1861 723 στενοχωρεῐν,

224 744 352 815 οὐχ
387 746 425 802 ἦ
456 750 608 797 πενία
653 751 827 815 μόνον,
888 744 1016 796 ἀλλά
1063 750 1152 795 καὶ
1210 746 1233 794 ό
1285 744 1502 803 πλοῦτος
1546 763 1556 773 ·
1592 744 1621 798 ἡ
1676 744 1764 810 μὲν

228 833 457 907 ἀπορίᾳ
505 843 604 886 τῶν
660 834 976 905 ἀναγκαίων,
1011 836 1035 885 ό
1088 831 1146 886 δὲ
1175 843 1246 904 τῷ
1302 837 1441 905 πόρῳ
1463 841 1561 883 τῶν
1592 841 1863 903 περιττῶν,

227 926 371 976 ὅταν
413 929 485 996 μὴ
518 923 667 994 λόγον
693 927 863 995 ἔχωσι
892 922 1223 997 κυϐερνήτην.

318 1108 442 1155 Καὶ
477 1100 633 1174 βλέπε
688 1120 778 1173 μοι
812 1100 1028 1172 βαθεῖαν
1073 1103 1267 1154 ἄνοιαν.
1324 1103 1437 1152 Δέον
1494 1103 1593 1171 γὰρ
1644 1106 1866 1150 κενῶσαι

234 1196 379 1253 τοὺς
491 1190 742 1251 παλαιοὺς
832 1195 1060 1264 καρποὺς
1149 1190 1215 1249 εἰς
1300 1194 1555 1261 γαστέρας
1614 1193 1859 1252 πενήτων,

235 1283 269 1339 ἡ
352 1286 458 1332 καὶ
525 1289 623 1332 τῶν
668 1285 850 1332 νεωστὶ
929 1285 1322 1353 γεωργουμένων
1400 1277 1689 1352 ἀπόμοιραν
1758 1285 1866 1338 τοῖς

233 1377 508 1441 πτωχοῖς
540 1366 910 1441 δωρήσασθαι,
944 1374 1029 1420 καὶ
1078 1371 1210 1420 οὓτω
1255 1377 1477 1425 ποιῆσαι
1535 1372 1622 1438 μὲν
1670 1372 1759 1419 καὶ
1790 1367 1867 1418 εὖ·

231 1464 565 1532 ρυχωρίαν,
598 1458 992 1529 εὐχαριστήσαι
1042 1454 1099 1509 δὲ
1142 1463 1231 1508 καὶ
1275 1466 1346 1525 τῷ
1389 1454 1742 1529 δωρησαμένῳ
1774 1461 1865 1513 τὴν

234 1548 507 1621 εὐφορίαν
536 1555 669 1616 Θεῷ,
704 1566 761 1597 το
778 1554 858 1598 ἳτο
891 1551 980 1617 μὲν
1021 1546 1113 1597 οὐκ
1142 1545 1395 1609 Eueninae,
1447 1548 1740 1605 σκοτισθεὶς
1766 1548 1865 1597 ὑπὸ

232 1645 335 1697 τῆς
370 1636 679 1698 πλεονεξίας
712 1655 724 1667 ⁸
769 1638 935 1709 ἕτερον
986 1633 1045 1688 δὲ
1101 1641 1289 1710 τρόπον
1334 1638 1626 1707 ἐνθυμεῖται
1676 1639 1866 1695 ταύτης

238 1725 384 1788 ἑποίξ
393 1745 498 1777 ιον.

1973 562 2076 619 set,
2106 557 2289 611 haeret
2318 562 2373 610 et
2398 556 2652 625 angitur,
2688 562 2976 628 tanquam
3010 559 3342 614 admodum
3370 576 3621 633 pauper,

1972 644 2075 713 qui
2107 644 2360 699 nimium
2392 648 2519 699 erat
2542 644 2827 716 locuples.
2854 646 3163 715 Cognoscit
3184 649 3338 703 enim
3365 651 3524 722 quod
3552 652 3629 722 (Γ)

1975 748 2095 787 non
2115 733 2298 787 nimia
2321 738 2552 788 tantum
2576 734 2831 803 penuria,
2857 736 2957 789 sed
2986 737 3184 792 nimiae
3212 754 3454 810 quoque
3485 740 3629 794 divi-

1975 823 2070 875 tia:
2102 838 2320 891 angere
2358 823 2547 877 solent
2576 840 2587 877 :
2623 824 2701 878 ibi
2733 824 2977 895 quidem
3009 825 3087 879 ob
3126 843 3321 882 rerum
3356 844 3629 886 necessa-

1974 912 2194 968 riarum
2233 913 2546 983 penuriam
2582 929 2595 979 ;
2628 914 2723 968 hic
2756 920 2951 969 autem
2981 914 3060 969 ob
3095 916 3399 973 facultates
3427 935 3629 991 super-

1976 1002 2149 1067 ﬂuas,
2188 1001 2289 1056 ubi
2315 1002 2608 1057 rationem
2635 1018 2755 1057 non
2783 1003 3121 1073 habuerint,
3150 1022 3275 1075 quae
3323 1010 3625 1076 gubernet.

2044 1092 2370 1148 Considera
2411 1092 2589 1147 etiam
2620 1092 2766 1146 mihi
2798 1092 3151 1164 profundam
3207 1096 3625 1167 insipientiam.

1975 1180 2121 1237 Cum
2166 1181 2323 1237 enim
2356 1185 2582 1236 veteres
2626 1181 2843 1237 fructus
2889 1199 3176 1239 evacuare
3219 1192 3516 1256 oporteret
3570 1188 3629 1243 in

1975 1277 2206 1326 ventres
2245 1287 2583 1342 pauperum
2628 1275 2773 1326 :aut
2806 1273 2986 1327 etiam
3036 1273 3109 1327 de
3141 1274 3252 1338 his,
3286 1276 3387 1346 qui
3438 1291 3632 1348 nuper

1974 1360 2111 1416 culti
2138 1366 2299 1416 erant
2339 1365 2571 1432 partem
2610 1376 2885 1429 errogare
2918 1364 3303 1434 pauperibus,
3344 1370 3400 1419 et
3428 1366 3509 1421 ita
3552 1365 3631 1421 lo-

1974 1467 2111 1506 cum
2156 1450 2344 1505 facere
2375 1452 2552 1505 etiam
2586 1451 2827 1505 abunde
2864 1459 3189 1522 patentem,
3225 1470 3295 1509 ac
3337 1456 3454 1509 Deo
3496 1471 3632 1526 gra-

1976 1542 2087 1596 tias
2118 1556 2292 1611 agere
2335 1542 2413 1595 ob
2457 1540 2809 1596 fertilitatem
2846 1541 2998 1597 :hoc
3039 1542 3132 1597 ille
3159 1560 3279 1598 non
3334 1545 3627 1613 cogitavit,

1976 1631 2225 1685 avaritia
2254 1630 2695 1694 obtenebratus,
2739 1630 2842 1685 sed
2871 1631 3055 1687 alium
3093 1631 3293 1689 locum
3329 1639 3628 1690 exstruere

1978 1720 2289 1775 meditatur
2314 1720 2767 1775 convenientem
2800 1738 2859 1791 g.

322 1819 442 1867 Καὶ
467 1813 573 1867 εἷπε
604 1846 670 1855 -
702 1813 874 1884 ἀγαθά
912 1835 1012 1885 μου
1038 1815 1172 1885 (t3).
1198 1814 1419 1886 ’Ἄφρονι
1449 1815 1562 1885 (14)
1592 1814 1865 1886 συμϐούλῳ

2046 1810 2209 1864 Vers.
2238 1809 2325 1863 18.
2352 1810 2430 1864 Et
2456 1809 2609 1865 dixit
2633 1840 2702 1850 —
2734 1809 2885 1866 bona
2904 1826 3052 1867 mea.
3087 1812 3453 1883 Imprudenti
3488 1829 3630 1868 usus

238 1905 434 1974 ἐαυτῷ
455 1906 792 1977 χρησάμενος
820 1903 1088 1975 ἐσχέψατο
1114 1906 1284 1956 πάντα
1312 1900 1671 1965 ὑποδέξασθαι
1696 1909 1864 1975 μόνος,

238 1998 331 2046 ἱνα
378 1996 589 2055 πάντας
651 1992 984 2065 ἀποστερήσῃ
1048 2002 1141 2055 τῆς
1196 1992 1282 2044 ἀπ’
1366 1993 1533 2044 αὐτῶν
1609 1992 1864 2064 ὠφελείας,

237 2084 301 2135 ού
342 2090 609 2156 συνορῶν,
648 2084 727 2134 ὅτι
758 2082 816 2133 ού
851 2079 920 2133 δι’
954 2082 1107 2134 αὑτὸν
1138 2087 1310 2153 μόνον,
1345 2082 1471 2133 ἀλλά
1505 2088 1594 2133 καὶ
1627 2079 1719 2133 διὰ
1748 2086 1869 2143 τοὺς

241 2170 459 2232 ἐνδεεῖς
492 2173 521 2228 ἠ
556 2178 711 2245 χώρα
753 2172 912 2222 αὑτοῦ
944 2172 1216 2245 εὖφὸρησε,
1254 2178 1342 2223 καὶ
1375 2172 1477 2242 οὐχ
1511 2172 1590 2222 ἵνα
1622 2168 1865 2243 κερδαίνῃ

244 2266 377 2323 τοὺς
421 2265 673 2333 καρπούς,
705 2259 811 2312 ἀλλ’
847 2262 928 2311 ἰνα
979 2260 1222 2332 οἰκονομῇ
1266 2264 1480 2319 τούτους
1528 2266 1617 2311 καὶ
1648 2258 1863 2332 διανέμῃ

245 2356 344 2403 καὶ
372 2356 489 2409 τοῖς
545 2354 776 2406 πένησιν.
817 2349 871 2401 Εἰ
916 2352 1013 2420 γὰρ
1064 2346 1137 2401 δι’
1187 2350 1340 2400 αὐτὸν
1394 2356 1543 2418 μόνον
1595 2349 1866 2421 εὖφόρησε,

247 2444 397 2512 μόνα.
434 2436 494 2488 ἂν
533 2440 686 2509 ἔφυσε
725 2442 790 2489 τά
820 2436 1078 2510 ἀρκοῦντα
1105 2442 1291 2508 τούτῳ.

333 2533 444 2581 Καὶ
493 2525 588 2598 ἐρῶ
616 2558 680 2567 -
714 2526 1002 2599 εὐφραίνου.
1043 2526 1111 2577 Ὠ
1142 2526 1372 2593 πλούσιε,
1420 2530 1556 2597 ἔχεις
1590 2531 1677 2597 μὲν
1709 2527 1871 2578 πολλά

254 2617 461 2688 ἀγαθὰ,
526 2617 678 2667 πόθεν
729 2612 787 2668 δὲ
838 2622 1129 2686 γινώσκεις,
1182 2618 1261 2667 ὅτι
1316 2615 1611 2667 ἀπόκεινται
1662 2617 1732 2676 εἰς
1781 2620 1866 2673 ἔτη

252 2706 429 2759 πολλά
464 2722 477 2771 ;
517 2704 666 2755 αὐτοί
719 2723 771 2755 τε
818 2706 915 2777 γὰρ
949 2706 997 2755 οἱ
1027 2710 1239 2777 καρποὶ,
1274 2710 1362 2756 καὶ
1401 2709 1465 2756 σὺ
1496 2708 1622 2776 μετά
1653 2709 1865 2771 τούτων,

255 2796 547 2866 εὔφθαρτοί
575 2792 689 2844 ἐστε
716 2798 804 2843 καὶ
830 2797 1164 2867 πρόσκαιροι.
1217 2798 1301 2846 Διὸ
1333 2799 1422 2845 καὶ
1464 2795 1665 2855 εἰκότως
1697 2796 1867 2869 ἁφρων

256 2883 509 2941 ἐκλήθης.

336 2968 462 3022 Εἶπε
518 3001 586 3008 —
646 2968 745 3020 ἀπὸ
803 2978 918 3021 σου.
975 2967 1125 3023 Εἶπεν
1192 2971 1331 3041 αύτῷ
1386 2981 1574 3039 ταῦτα,
1626 2970 1719 3024 διὰ
1776 2982 1865 3025 τοῦ

260 3056 587 3120 συνειδότος.
637 3064 762 3111 Τότε
823 3063 920 3134 γὰρ
979 3064 1037 3111 τό
1095 3058 1353 3127 συνειδὸς,
1402 3062 1706 3133 αἰσθόμενον
1774 3072 1866 3115 τοῦ

260 3150 511 3213 θανάτου,
560 3156 778 3199 τοιαῦτα
831 3145 1141 3218 διαλέγεται.
1205 3156 1303 3203 Καὶ
1361 3153 1471 3223 ὅρα,
1530 3162 1633 3212 πῶς
1690 3152 1779 3203 οὐκ
1817 3153 1865 3203 ἐν

254 3247 331 3308 τῷ
364 3240 691 3311 περισσεύειν
714 3243 815 3289 τινὶ
840 3240 868 3295 ἡ
898 3238 1004 3297 ζωή
1029 3238 1169 3307 αύτῷ
1197 3242 1307 3310 (15)
1340 3239 1549 3291 ἐστινέκ
1574 3251 1669 3291 τῶν
1700 3243 1870 3315 ὑπαρ-

256 3332 468 3399 χόντων
492 3326 673 3391 αὐτοῦ,
717 3331 805 3377 καὶ
839 3336 945 3387 πὼς
972 3329 1038 3378 τὰ
1062 3331 1281 3399 περιττά
1306 3334 1555 3401 μέριμναν
1598 3334 1687 3401 μὲν
1729 3331 1867 3401 αύτῷ

256 3414 628 3486 προεξένησαν,
658 3418 722 3475 ὡς
748 3419 970 3488 εἴρηται,
1007 3416 1144 3476 ζωήν
1183 3414 1241 3469 δὲ
1280 3420 1581 3490 προσθεῖναι
1616 3420 1707 3470 ούκ
1739 3417 1869 3478 ἠδυ-

265 3505 529 3561 νήθησαν.

334 3590 403 3645 Ἀ
440 3624 503 3632 -
535 3596 683 3644 ἔσται
728 3593 847 3659 ;Ού
902 3600 1053 3664 μόνον
1107 3598 1230 3667 γαρ,
1288 3595 1323 3645 ἃ
1353 3594 1729 3670 ἐθησαύρισας,
1786 3606 1869 3651 σοὶ

266 3680 363 3731 ούκ
401 3684 568 3745 ἔσται,
604 3684 671 3733 σὰ
696 3681 754 3732 ού
793 3688 1068 3751 γενήσεται
1101 3704 1110 3714 ·
1156 3683 1262 3735 ἀλλ’
1295 3681 1417 3736 οὐδὲ
1472 3682 1629 3742 δῆλόν
1664 3705 1765 3749 σοι,
1796 3692 1870 3737 τί-

266 3788 353 3829 νος
399 3772 547 3821 ἔσται
585 3779 764 3833 ταῦτα,
835 3774 933 3823 εἴτε
984 3771 1323 3846 κληρονόμου,
1377 3778 1474 3826 εἴτε
1544 3775 1702 3839 ξένου,
1771 3779 1871 3828 εἶτε

266 3856 439 3928 φίλου,
496 3862 595 3911 εἴτε
661 3857 878 3931 ἐχθροῦ,
932 3860 956 3911 ό
1015 3866 1103 3913 καὶ
1157 3862 1282 3913 αύτό
1354 3866 1627 3934 προσθήκη
1704 3864 1871 3926 λύπης

182 3978 187 3981 -
262 3946 401 3999 ἔστί.

337 4037 518 4097 Οὕτως
552 4068 619 4078 -
652 4036 902 4090 πλουτῶν.
937 4045 994 4089 Ὁ
1028 4040 1277 4109 θησαυρῷ
1328 4044 1605 4107 πεποιθὼς,
1654 4047 1742 4094 καὶ
1794 4049 1864 4114 μή

262 4125 330 4185 εἰς
364 4130 492 4179 Θεὸν
525 4126 743 4200 θαῤῥών,
778 4129 803 4178 ό
826 4134 1192 4199 ταμιευόμενος
1237 4129 1403 4199 ἑαυτῷ
1434 4133 1499 4183 τά
1550 4138 1864 4206 πρόσκαιρα,

261 4218 455 4284 καὶμὴ
489 4218 624 4266 κατὰ
654 4220 782 4268 Θεὸν
822 4216 1076 4270 πλουτῶν.
1142 4223 1285 4271 Κατά
1347 4224 1475 4273 Θεὸν
1516 4217 1574 4272 δὲ
1626 4222 1864 4288 πλοῦτος,

265 4304 295 4359 ἡ
331 4310 520 4364 κτῆσις
548 4313 645 4355 τῶν
678 4308 889 4376 ἀρετῶν.

340 4393 555 4443 Εἷπε-
611 4390 922 4465 ἐνδύματος.
990 4394 1111 4449 Εἷπε
1157 4405 1322 4449 ταῦτα
1360 4404 1445 4450 καὶ
1495 4399 1542 4449 ἐν
1598 4409 1669 4469 τῷ
1736 4407 1866 4472 πέμ-

1908 3164 1945 3217 C

1977 1897 2245 1960 consilio,
2262 1898 2656 1953 consideravit
2672 1914 2795 1969 quo
2808 1904 2982 1970 pacto
3006 1900 3167 1955 solus
3182 1903 3388 1956 omnia
3404 1903 3634 1974 recipe-

1978 1991 2063 2042 ret
2096 1992 2163 2041 ut
2192 2001 2402 2042 omnes
2430 1985 2700 2050 utilitate,
2725 2002 2861 2058 quae
2894 1992 3100 2057 posset
3127 2005 3160 2043 a
3185 1990 3471 2044 fructibus
3499 2006 3634 2061 pro-

1978 2078 2196 2143 venire,
2230 2075 2572 2133 fraudaret:
2608 2092 2730 2132 non
2756 2078 3134 2148 perspiciens,
3167 2079 3328 2149 quod
3371 2095 3492 2134 non
3519 2081 3630 2152 ipsi

1980 2166 2107 2231 soli,
2128 2181 2326 2220 verum
2341 2166 2520 2221 etiam
2541 2164 2945 2236 indigentibus
2958 2181 3100 2235 ager
3127 2184 3273 2221 suus
3287 2168 3500 2223 uberes
3515 2168 3634 2224 fru-

1980 2261 2107 2312 ctus
2134 2254 2411 2311 attulerat
2443 2272 2455 2309 :
2491 2270 2678 2326 neque
2705 2254 3409 2323 utfructuslucrifaceret,
3435 2259 3539 2312 sed
3571 2264 3637 2314 ut

1978 2346 2139 2417 ipsos
2166 2344 2555 2416 dispensaret,
2585 2360 2653 2399 ac
2681 2344 3041 2414 pauperibus
3068 2344 3377 2399 divideret.
3404 2346 3632 2402 Sienim

1979 2435 2085 2505 ipsi
2140 2434 2246 2488 soli
2289 2432 2494 2487 fertilis
2536 2433 2760 2497 fuisset,
2799 2439 2953 2488 certe
3009 2448 3081 2489 ea
3128 2440 3357 2489 tantum
3414 2436 3631 2506 produ-

1979 2525 2182 2587 xisset,
2214 2539 2349 2595 quae
2381 2522 2460 2577 illi
2484 2522 2628 2577 satis
2661 2521 2928 2579 fuissent.

2051 2615 2209 2667 Vers.
2243 2617 2325 2668 19.
2349 2612 2430 2666 Et
2450 2612 2645 2667 dicam
2668 2643 2734 2651 —
2755 2611 2967 2681 gaude.
3002 2613 3045 2668 Ο
3077 2611 3270 2680 dives,
3297 2613 3487 2669 habes
3509 2614 3635 2686 qui-

1983 2704 2109 2757 dem
2138 2700 2326 2756 multa
2342 2700 2529 2756 bona:
2557 2699 2710 2754 unde
2728 2702 2932 2757 autem
2954 2702 3126 2765 nosti,
3169 2702 3334 2774 quod
3370 2703 3635 2775 reposita

1980 2792 2096 2846 sint
2135 2791 2194 2845 in
2212 2804 2402 2845 annos
2430 2788 2821 2860 multos?ipsi
2852 2790 3269 2857 enimfructus,
3301 2797 3480 2863 tuque
3495 2808 3633 2847 cum

1978 2881 2141 2952 ipsis,
2163 2879 2575 2951 corruptibiles
2593 2878 2733 2934 estis
2747 2894 2815 2934 ac
2844 2880 3222 2951 temporales,
3243 2880 3497 2953 ideoque
3515 2896 3631 2936 me-

1977 2969 2087 3025 rito
2136 2968 2351 3024 stultus
2380 2976 2623 3024 vocatus
2662 2984 2744 3023 es.

2050 3058 2213 3113 Vers.
2253 3060 2335 3113 16.
2365 3058 2452 3113 Ait
2474 3089 2542 3096 —
2570 3074 2605 3113 a
2634 3064 2708 3113 te.
2742 3058 2884 3115 Haec
2913 3058 2967 3113 ei
3012 3057 3153 3112 dixit
3199 3074 3299 3129 per
3328 3058 3635 3113 conscieno

1980 3150 2119 3205 tiam
2156 3167 2168 3204 :
2202 3153 2342 3203 tunc
2372 3148 2521 3202 enim
2543 3147 2905 3202 conscientia
2929 3153 3179 3202 mortem
3204 3148 3466 3202 sentiens
3498 3148 3637 3203 talia

1979 3238 2229 3293 disserit.
2251 3237 2315 3291 Et
2330 3236 2485 3299 vide,
2501 3236 2811 3308 quomodo
2826 3252 2943 3291 non
2960 3236 3019 3291 in
3039 3237 3414 3292 abundantia
3443 3237 3637 3307 cujus-

1981 3344 2157 3400 quam
2192 3328 2305 3381 vita
2337 3327 2464 3395 ejus
2495 3331 2581 3381 est
2606 3342 2677 3380 ex
2706 3326 2798 3380 his
2823 3342 2956 3397 quae
2980 3326 3260 3397 possidet,
3295 3331 3352 3381 et
3389 3342 3638 3397 quomo-

1980 3420 2056 3473 do
2089 3416 2391 3488 superﬂua
2413 3414 2875 3469 collicitudinem
2892 3414 3265 3486 quidemipsi
3289 3414 3638 3471 conciliave-

1980 3513 2135 3571 runt,
2174 3508 2358 3562 vitam
2391 3520 2531 3559 vero
2562 3504 2778 3559 addere
2809 3519 2926 3558 non
2971 3508 3313 3575 potuerunt.

2052 3598 2211 3651 Vers.
2241 3599 2331 3651 20.
2368 3596 2503 3662 Quae
2531 3592 2788 3650 cedent?
2822 3596 2947 3649 Non
2980 3593 3185 3659 solum,
3220 3610 3350 3665 quae
3381 3594 3639 3649 recondi-

1982 3686 2139 3749 disti,
2158 3685 2261 3740 tibi
2281 3700 2402 3739 non
2416 3684 2646 3749 cedent,
2672 3688 2775 3737 tua
2796 3698 2913 3737 non
2931 3687 3122 3749 erunt,
3144 3684 3243 3737 sed
3262 3700 3369 3739 nec
3392 3683 3499 3739 tibi
3514 3700 3639 3740 ma-

1982 3774 2265 3831 nifestum
2298 3778 2402 3839 est,
2438 3772 2609 3842 cujus
2641 3772 2768 3826 haec
2799 3776 2992 3836 erunt,
3023 3777 3223 3826 utrum
3257 3772 3523 3837 haeredis,
3558 3788 3637 3828 an

1979 3863 2277 3937 peregrini
2308 3885 2320 3918 :
2355 3862 2549 3927 amici,
2580 3878 2657 3917 an
2703 3860 2924 3916 inimici
2956 3876 2969 3916 ε
3003 3860 3169 3932 quod
3215 3861 3418 3932 ipsum
3458 3862 3637 3918 etiam

1981 3968 2299 4009 mcerorem
2340 3952 2619 4022 adauget.

2050 4043 2214 4096 Vers.
2238 4045 2325 4095 2t.
2359 4040 2451 4096 Sic
2482 4070 2547 4079 —
2577 4039 2830 4095 ditescit.
2866 4038 2977 4104 Qui
3002 4038 3281 4095 thesauro
3313 4038 3460 4106 ﬁdit,
3493 4046 3547 4095 et
3578 4040 3637 4095 in

1984 4135 2167 4188 Deum
2195 4146 2317 4186 non
2343 4130 2525 4186 habet
2554 4129 2862 4195 ﬁduciam,
2886 4129 2983 4201 qui
2998 4128 3101 4183 sibi
3120 4129 3181 4184 in
3211 4128 3471 4185 futurum
3491 4134 3638 4185 tem-

1979 4219 2474 4295 poraliareponit,
2495 4225 2550 4275 et
2572 4218 2904 4274 secundum
2919 4218 3104 4274 Deum
3123 4234 3242 4273 non
3263 4219 3492 4274 ditescit
3515 4236 3529 4285 ;
3555 4218 3639 4273 di-

1980 4310 2135 4367 vitiae
2150 4324 2290 4365 vero
2304 4308 2637 4364 secundum
2654 4309 2862 4369 Deum,
2883 4314 3021 4362 sunt
3034 4307 3314 4379 aquisitio
3331 4307 3636 4363 virtutum.

2050 4401 2208 4455 Vers.
2239 4401 2328 4453 22.
2357 4399 2526 4455 Dixit
2548 4400 2778 4453 —Vers.
2803 4398 2868 4453 23
2882 4397 3307 4453 indumentum.
3341 4397 3640 4467 Haecquo-

267 4500 381 4551 πτῳ
424 4482 681 4554 κεφαλαίῳ
721 4492 809 4535 τού
866 4489 1000 4536 κατά
1053 4488 1340 4551 Ματθαῐον,
1384 4494 1471 4539 καὶ
1526 4490 1755 4547 ζήτησον
1820 4490 1865 4542 ἐν

1990 4505 2097 4560 [ιιιθ
2138 4488 2285 4544 dixit
2313 4490 2522 4560 quinto
2548 4489 2717 4557 juxta
2757 4486 3096 4541 Matthaeum
3128 4486 3356 4556 capite;
3389 4489 3445 4540 et
3476 4487 3534 4539 in
3567 4502 3639 4541 eo

267 4569 439 4642 ἐκείνῳ
470 4576 561 4629 τήν
600 4573 856 4643 ἐξήγησιν
897 4582 1005 4626 του·
1060 4578 1153 4627 Διά
1208 4585 1360 4628 τοῦτο
1415 4576 1544 4647 λεγω
1601 4580 1739 4648 ύμῖν,
1794 4584 1863 4649 μή

268 4667 547 4734 μεριμνᾶτε
572 4670 633 4733 τῇ
664 4662 817 4734 ψυχῇ
854 4667 1013 4735 ὗμῶν,
1049 4670 1099 4717 τί
1148 4668 1344 4736 φάγητε
1376 4667 1404 4725 ή
1448 4672 1498 4718 τί
1524 4673 1695 4725 πίητε.
1731 4664 1868 4737 μηδὲ

270 4757 341 4817 τῷ
425 4756 631 4822 σώματι
723 4753 886 4824 ὑμῶν,
978 4760 1028 4806 τί
1084 4751 1376 4812 ἐνδύσησθε
1448 4756 1581 4827 (16),
1650 4762 1738 4809 καὶ
1804 4760 1869 4808 τά

272 4836 409 4899 ἑξῆς.

343 4963 389 4996 οδ
421 4963 617 5020 Matth.
651 4980 730 5033 v1,
771 4969 860 5021 25.

1980 4593 2180 4649 qurere
2196 4577 2334 4632 dicti
2349 4577 2504 4631 illius
2518 4576 2945 4646 expositionem
2964 4592 2975 4628 :
2992 4581 3305 4643 propterea
3317 4574 3443 4628 dico
3456 4575 3634 4639 vobis,

1979 4681 2048 4722 ne
2072 4667 2313 4722 solliciti
2336 4667 2463 4720 sitis
2494 4666 2705 4719 anima:
2732 4674 2955 4729 vestrae,
2982 4663 3123 4733 quid
3150 4662 3336 4718 edatis
3360 4667 3464 4716 aut
3493 4662 3640 4731 quid

1982 4756 2193 4812 bibatis
2218 4770 2407 4826 neque
2435 4752 2674 4821 corpori
2701 4758 2894 4808 vestro
2923 4752 3069 4822 quid
3109 4750 3448 4806 induamini
3474 4752 3542 4815 ⁸³,
3580 4756 3637 4807 et

1981 4848 2212 4901 caetera.

1498 5064 1723 5134 Variae
1749 5066 2079 5135 lectiones
2121 5075 2186 5133 et
2212 5074 2397 5133 notae

338 5229 582 5308 (t3_)_Hic
608 5231 670 5308 in
704 5238 859 5308 tex_tu
885 5234 1087 5308 omittit
1122 5234 1453 5308 Hentenius,
1488 5240 1575 5288 καὶ
1604 5238 1668 5287 τὰ
1698 5235 1871 5308 ἀγαθά

268 5322 387 5373 μου.
426 5302 645 5373 Monuit
666 5319 738 5358 ea
764 5305 837 5359 de
868 5322 930 5361 re
959 5307 1016 5359 in
1064 5307 1432 5365 Praefatione.

338 5372 793 5451 (“ingeniose
824 5376 897 5431 de
937 5378 1149 5451 eodem
1174 5379 1493 5451 Theophyl-
1555 5396 1612 5446 p.
1666 5381 1768 5437 408
1798 5383 1865 5444 Α,

268 5446 291 5495 ό
320 5442 375 5498 δὲ
409 5442 496 5496 οὖν
528 5448 760 5519 ἄκαρπος
789 5454 905 5523 περὶ
953 5454 1045 5507 τήν
1105 5442 1515 5523 εύσπλαγξίνῖαν,
1548 5442 1699 5517 ὥστε,
1745 5442 1865 5524 πρὶν

338 5587 409 5659 (f)
445 5587 754 5663 Cognoscit
802 5592 953 5646 enim
1003 5593 1176 5663 quod.
1220 5596 1347 5650 Hac
1380 5594 1595 5650 frustra
1636 5592 1868 5649 addidit

270 5659 575 5735 interpres.
602 5658 730 5713 Οἰδε
761 5663 906 5717 nihil
933 5658 1093 5718 aliud
1127 5671 1420 5735 estquam
1459 5669 1625 5723 solet.

342 5732 415 5802 ty)
446 5732 1439 5793 Locum—convenientem.Modum
1468 5738 1759 5807 excogitat
1796 5755 1866 5796 ea

1976 5241 2005 5296 ἤ
2037 5236 2227 5299 λαϐεῖν,
2263 5243 2521 5307 συνεῖχεν.

2049 5310 2160 5377 (15)
2194 5310 2278 5363 lta
2317 5322 2557 5432 quoque
2588 5310 2628 5361 Ι.
2664 5307 2704 5360 Ι.
2744 5307 2801 5361 in
2835 5311 3105 5362 contextu
3144 5306 3329 5362 codex
3373 5309 3634 5377 uterque.

2050 5382 2159 5432 (tm
2211 5378 2405 5432 Codex
2529 5380 2679 5432 inter
2732 5374 3024 5432 ἐνδύσησθε
3078 5384 3132 5432 et
3190 5375 3473 5431 ἐνδύσεσθε
3528 5376 3634 5431 du-

2050 5374 2159 5453 (16)
2211 5374 2405 5453 Cod-ex
2448 5374 2485 5432 Β
2529 5380 2679 5434 inter
2732 5374 3024 5437 ἐνδύσησθε
3078 5384 3132 5433 et
3190 5375 3473 5431 ἐνδύσεσθε
3517 5374 3637 5431 ’ἀυ-

1976 5452 2135 5507 bium
2167 5452 2303 5509 facit
2325 5452 2622 5507 lectorem.

1973 5596 2248 5664 dignum.
2296 5596 2589 5666 Interpres
2657 5593 2888 5651 videtur
2933 5592 3149 5665 legisse
3203 5596 3385 5650 τόπον.
3435 5591 3639 5650 Ταύτης

1972 5670 2223 5724 refertur
2245 5667 2322 5723 ad
2348 5665 2655 5730 πλεονεξίας.
