4144 6314
515 323 621 379 987

521 537 615 594 his
643 541 930 596 invenies.

590 629 754 684 Vers.
788 631 874 684 25.
924 629 1132 696 Οαίδ-
1162 633 1320 687 Vers.
1356 635 1445 687 26.
1503 633 1748 689 solliciti
1774 634 1912 690 estis
1954 634 2033 689 De
2061 633 2177 689 hoc

519 734 758 790 quoque
785 719 867 775 ibi
889 720 1104 776 dictum
1126 725 1233 776 est.
1255 721 1560 778 Minimum
1591 727 1792 778 autem
1822 727 1998 780 vocat
2017 723 2175 794 adje-

519 808 775 864 ctionem
809 810 1157 882 quantitatis
1187 810 1461 866 cubitalis
1488 813 1565 867 ad
1592 816 1900 868 staturam.

591 900 754 954 Vers.
781 901 871 954 27.
891 899 1269 956 Considerate
1288 931 1358 943 -—
1375 903 1534 957 Vers.
1556 902 1642 957 28.
1664 918 1881 972 parum
1910 902 2173 970 ﬁdentes.

523 988 604 1042 De
637 987 728 1043 his
759 990 932 1044 etiam
968 989 1250 1060 praedicto
1281 991 1474 1062 capite
1505 991 1962 1062 disputavimus.

591 1078 758 1132 Vers.
793 1080 879 1133 29.
913 1079 988 1134 Ει
1019 1095 1115 1134 vos
1147 1109 1216 1120 --
1245 1081 1410 1134 Vers.
1440 1081 1526 1135 3t.
1564 1081 1743 1136 vobis.
1789 1080 2071 1137 Praeterea

522 1167 660 1222 etde
673 1167 766 1222 his
787 1185 800 1226 :
828 1166 906 1222 ibi
923 1183 1064 1239 ergo
1085 1167 1214 1238 lege
1226 1168 1492 1224 omnium
1510 1169 1722 1224 horum
1738 1171 2178 1227 enarrationem

523 1255 836 1325 diligenter
873 1257 1226 1328 expositam.

591 1346 1014 1420 Μετεωρίζεσθαι
1039 1352 1258 1402 autem.
1295 1349 1428 1419 (pro
1469 1363 1592 1420 quo
1625 1349 1832 1406 extolli
1871 1349 2179 1421 vertimus)

521 1433 619 1490 hic
652 1434 798 1489 mihi
821 1434 1097 1503 intellige,
1127 1451 1161 1490 a
1185 1435 1528 1492 coelestibus
1557 1435 1801 1492 distrahi
1824 1435 1902 1493 ad
1925 1441 2176 1492 terrena.

591 1525 692 1595 -Η-
716 1524 829 1578 Aut
859 1523 1197 1595 superbiam
1231 1540 1332 1582 seu
1371 1525 1553 1581 elatos
1594 1525 1854 1596 spiritus.

594 1615 751 1668 Vers.
770 1617 863 1670 32.
885 1615 978 1670 Ne
991 1630 1244 1683 —gre.1:.
1268 1614 1596 1686 Postquam
1612 1631 1644 1670 a
1665 1615 1957 1686 corporali
1971 1614 2179 1670 sollici-

522 1702 726 1758 tudine
759 1703 1229 1776 adduxit,jubet,
1253 1719 1373 1759 non
1406 1705 1614 1760 timere
1637 1703 2029 1774 indigentiam
2055 1721 2178 1761 cor-

1836 327 2181 385 EUTHYMII
2223 325 2569 385 ZIGABENI

590 449 754 506 Vers.
782 452 871 506 24.
897 450 1280 508 Considerate
1301 481 1359 493 -—
1387 451 1770 509 volucresﬂn
1783 451 1884 508 illo
1915 452 2092 511 etiam
2105 452 2179 509 de
2208 458 2256 510 A

3835 325 3943 381 988

2365 449 2738 508 Κατανοήσατε
2766 485 2831 495 -
2865 460 3105 506 πετεινῶν
3137 470 3149 516 ;
3177 452 3260 505 Ἐν
3285 449 3454 524 ἐνείνῳ
3480 456 3581 504 καὶ
3637 455 3781 524 περὶ
3809 454 3942 503 τού-

2290 563 2387 596 των
2419 546 2679 617 εὑρήσεις.

2357 639 2448 695 Τίς
2478 639 2863 708 -μεριμνᾶτε.
2923 632 3056 685 Ἐκεῖ
3109 635 3198 682 καὶ
3249 633 3368 705 περὶ
3417 633 3618 682 τούτου
3677 632 3934 702 εἴρηται.

2289 722 2602 794 Ἐλάχιστον
2661 719 2719 776 δε
2757 722 2891 794 λέγει
2942 726 3031 780 τὴν
3095 739 3376 792 πηχυαιαν
3433 721 3793 792 προσθήκην
3848 729 3945 783 τῆς

2288 811 2510 873 ἡλικίας.

2361 907 2724 960 Κατανοὴσατε
2756 933 2819 940 -
2849 901 3194 971 ὀλιγόπιστοι.
3255 904 3354 951 Καὶ
3384 903 3501 971 περὶ
3528 900 3772 951 τούτων
3800 898 3853 950 ἐν
3877 907 3946 969 τῷ

2287 993 2494 1066 ῥηθέντι
2524 990 2782 1062 κεφαλαίῳ
2813 985 3134 1060 διελάϐομεν.

2362 1084 2461 1132 Καὶ
2486 1081 2633 1150 ὑμεῖς
2686 1110 2754 1119 -
2783 1079 2923 1150 ύμῖν.
2956 1076 3074 1130 Ἐτι
3102 1080 3193 1128 καὶ
3231 1080 3350 1148 περὶ
3387 1079 3611 1141 τούτων,
3681 1081 3790 1128 καὶ
3825 1074 3946 1127 ἀνοί-

2287 1169 2447 1238 γνωθι
2476 1166 2579 1220 ἐκεῖ
2615 1173 2708 1226 τὴν
2737 1176 2836 1220 τῶν
2860 1167 3134 1241 εἰρημένων
3159 1167 3362 1218 πάντων
3390 1164 3658 1236 ἐξήγησιν
3695 1164 3809 1239 ἀκρ
3821 1164 3945 1227 ιϐὡς

2288 1255 2655 1328 ἑκτεθειμένην.

2359 1351 2724 1418 Μετεωρισμόν
2756 1346 2873 1415 (l7)
2919 1341 2978 1397 δε
3003 1349 3104 1396 νόει
3130 1364 3220 1415 μοι
3250 1351 3338 1395 νῦν
3369 1347 3456 1396 τόν
3493 1344 3938 1418 περεσπασμόν,

2288 1437 2374 1486 τὸν
2399 1434 2499 1487 ἀπὸ
2528 1445 2626 1488 τῶν
2655 1436 2904 1507 ούρανίων
2937 1432 3020 1486 ἐπὶ
3048 1435 3112 1486 τὰ
3139 1438 3317 1504 γήϊνα.

2365 1525 2386 1598 [
2414 1523 2480 1577 Ἦ
2523 1526 2635 1596 (18)
2675 1529 2768 1582 τὴν
2792 1523 3244 1597 ύψηλοφροσύνην.
3275 1521 3298 1595 ]

2360 1617 2441 1672 Μὴ
2522 1619 2777 1685 ποίμνιον.
2849 1614 3180 1673 Ἀποστὴσας
3261 1621 3358 1674 τῆς
3428 1619 3768 1684 σωματικῆς
3855 1629 3942 1683 με·

2290 1709 2493 1779 ρίμνης,
2537 1703 2748 1768 κελεύει,
2803 1707 2872 1775 μὴ
2909 1701 3178 1774 φοϐεῖσθαι
3245 1707 3338 1758 τὴν
3401 1697 3606 1754 ἔνδειαν
3679 1709 3792 1762 τῆς
3834 1718 3937 1752 σω-

522 1791 746 1863 poralis
768 1793 1138 1848 necessitatis
1165 1793 1476 1864 :pusillum
1505 1808 1746 1862 gregem
1773 1810 2016 1861 vocans,
2043 1809 2180 1848 con-

2314 1803 2514 1852 ιατικῆς
2577 1799 2781 1866 χρείας.
2844 1796 3042 1864 Μικρὸν
3101 1787 3160 1843 δε
3201 1797 3438 1862 ποίμνιον
3489 1789 3662 1860 λέγει,
3733 1793 3799 1841 τό
3845 1791 3936 1840 σύ-

525 1884 934 1950 gregationem
966 1881 1252 1947 ﬁdelium,
1287 1882 1558 1938 collatam
1594 1883 1671 1938 ad
1705 1883 2178 1952 magnitudinem

524 1971 806 2039 angelica:
826 1970 1236 2028 multitudinis.
1257 1974 1316 2026 ln
1336 1971 1624 2042 parabola
1648 1973 1968 2043 siquidem,
1993 1988 2178 2042 ange—

524 2059 635 2124 los,
666 2059 996 2128 nonaginta
1013 2075 1228 2115 novem
1253 2075 1391 2116 oves
1417 2059 1760 2132 appellavit,
1785 2059 1993 2116 ﬁdeles
2014 2077 2182 2116 vero-

527 2163 735 2204 unam.

599 2236 707 2292 Vel
727 2237 903 2293 etiam
928 2237 1004 2293 ad
1037 2237 1517 2310 magnitudinem
1543 2239 1940 2295 multitudinis
1971 2239 2186 2295 inﬁde-

525 2325 695 2382 lium.

598 2417 712 2472 Aut
746 2420 990 2489 propter
1009 2417 1404 2474 voluntariam
1423 2417 1813 2489 dejectionem
1837 2417 2190 2489 hujusmodi

531 2505 745 2577 gregis.
787 2506 1008 2562 Deinde
1057 2523 1308 2564 causam
1362 2507 1543 2564 etiam
1601 2507 1787 2573 addit,
1833 2524 1940 2564 cur
1976 2508 2188 2565 timere

527 2609 643 2650 non
684 2599 975 2667 oporteat.

601 2687 762 2740 Vers.
791 2687 878 2741 32.
901 2686 1130 2754 Quia—
1153 2702 1417 2758 regnum.
1453 2687 1622 2752 Quod
1654 2687 1700 2742 si
1725 2687 1878 2743 adeo
1901 2701 2186 2756 magnam

527 2789 599 2829 ac
622 2773 1060 2844 praecellentem
1091 2775 1426 2831 fruitionem
1457 2775 1680 2840 tribuit,
1719 2775 1888 2831 dabit
1912 2776 2118 2848 utique
2133 2780 2188 2831 et

525 2863 880 2928 necessaria,
910 2864 1162 2935 vittaque
1188 2863 1564 2920 sufficientia.

598 2953 755 3006 Vers.
777 2951 864 3008 33.
890 2952 1206 3009 Vendite—
1224 2954 1662 3024 eteemosynam.
1684 2954 1804 3009 Hoc
1821 2958 2183 3026 praeceptum

529 3040 606 3097 ad
632 3056 757 3107 eos,
790 3041 891 3113 qui
914 3042 1146 3106 habent,
1181 3041 1473 3113 dirigitur.

596 3130 762 3186 Vers.
789 3135 876 3188 33.
910 3132 1118 3190 Facite
1133 3132 1484 3189 —corrodit.
1501 3133 1784 3188 Βαλάντιον
1809 3137 1896 3189 est
1921 3134 2046 3206 ipse
2065 3133 2183 3190 the-

527 3236 761 3276 saurus.
799 3225 922 3278 Non
949 3227 1338 3290 veterascens,
1372 3223 1530 3278 idem
1559 3229 1666 3287 est,
1705 3223 1872 3295 quod
1892 3239 2015 3279 non
2045 3223 2188 3279 deﬁ-

529 3311 687 3368 ciens
728 3328 741 3378 ;
775 3312 1042 3368 secunda
1077 3312 1278 3385 itaque
1305 3314 1595 3384 particula
1635 3315 2070 3384 interpretativa
2099 3319 2187 3370 est

528 3401 758 3472 primae.
775 3401 924 3471 Lege
938 3403 1434 3474 praetereaquinto
1446 3403 1466 3473 j
1479 3408 1617 3458 uxta
1633 3403 1983 3459 Matthmum
1999 3404 2187 3474 capite

526 3489 1070 3561 interpretationem
1090 3491 1217 3562 ejus
1240 3491 1405 3564 quod
1427 3491 1600 3547 dicit:
1628 3493 1717 3548 Ne
1738 3492 2068 3548 recondatis
2092 3507 2188 3548 vo-

529 3578 614 3634 bis
644 3579 931 3635 thesauros
978 3580 1040 3636 in
1085 3587 1249 3637 terra
1280 3582 1348 3646 9‘,
1381 3585 1439 3637 et
1468 3585 1701 3646 cetera,
1736 3583 1832 3636 ubi
1872 3582 2050 3637 etiam
2111 3580 2186 3636 de

527 3666 800 3738 his,quaa
853 3673 1202 3738 sequuntur,
1253 3669 1536 3726 invenies.

604 3755 765 3825 Vers..
795 3759 883 3812 34.
919 3757 1026 3814 Ubi
1057 3789 1123 3799 --
1153 3758 1284 3816 erit.
1318 3762 1756 3832 Consequenter
1789 3759 1870 3816 ibi
1899 3759 2079 3816 etiam
2111 3759 2187 3816 de

527 3844 622 3900 his
655 3845 876 3902 dictum
907 3852 1012 3902 est.

599 3935 764 3992 Vers.
795 3936 892 3992 35.
948 3935 1070 3991 Sint
1089 3969 1158 3979 —
1184 3953 1446 3995 accensw.
1481 3938 1628 3994 Cum
1658 3938 2010 4011 praecinctos
2057 3953 2188 3993 esse

525 4022 716 4096 jubet,
757 4025 1101 4097 practicam,
1132 4027 1253 4082 sive
1279 4027 1666 4098 operativam,
1699 4027 1981 4098 proponit
2009 4027 2187 4082 virtu-

530 4119 678 4169 tem:
697 4129 837 4168 cum
863 4130 1004 4169 vero
1024 4113 1300 4171 lucernas
1325 4116 1572 4171 accendi
1604 4116 1891 4188 praecipit,
1924 4120 2188 4171 contem-

527 4202 840 4274 plativam.
858 4201 1230 4258 Solentenim
1246 4205 1349 4275 qui
1363 4204 1590 4276 aliquid
1604 4209 1927 4276 operantur
1942 4204 2185 4260 lumbos

529 4291 751 4347 habere
773 4291 1330 4364 praecinctos,etqui
1349 4293 1512 4363 casti,
1539 4294 1792 4349 modesti
1807 4310 1874 4350 ac
1893 4294 2077 4349 sobrii
2097 4294 2184 4366 (h)

529 4379 773 4449 degunt,
799 4379 1074 4436 lucernas
1093 4381 1409 4438 incendere
1441 4399 1453 4438 :
1472 4383 1554 4438 illi
1572 4383 1820 4456 quidem
1841 4389 1906 4440 ut
1923 4384 2186 4456 expedite

531 4473 884 4543 operentur;
912 4470 972 4526 hi
1006 4486 1142 4527 vero
1190 4477 1253 4528 ut
1301 4473 1356 4527 in
1387 4472 1518 4528 luce
1559 4480 1969 4545 permaneant.

603 4559 782 4616 Aliter
835 4576 1076 4633 quoque
1144 4577 1248 4634 per
1297 4561 1643 4618 lumborum
1700 4563 2185 4635 praecinctionem

533 4650 610 4707 ad
643 4649 1123 4720 concupiscibilis
1171 4651 1570 4722 alligationem
1603 4651 1992 4720 adhortatur;
2043 4668 2186 4707 nam

530 4739 831 4797 inlumbis
850 4741 1311 4812 concupiscibile
1330 4741 1508 4798 situm
1541 4748 1648 4808 est,
1679 4757 1784 4814 per
1804 4741 2187 4798 lucernarum

531 4845 674 4886 vero
715 4830 1152 4898 accensionem,
1200 4829 1580 4903 splendorem
1627 4830 1920 4887 interioris
1965 4845 2035 4886 ac
2071 4830 2190 4886 elo-

602 5010 654 5048 “
681 5009 885 5068 Matth.
915 5025 991 5068 γι.
1009 5008 1098 5066 19.

2296 1903 2474 1954 στημα
2500 1891 2596 1934 τῶν
2624 1890 2842 1947 πιστῶν,
2897 1882 3016 1933 ὅσον
3057 1884 3182 1954 πρὸς
3232 1883 3288 1931 τὸ
3347 1881 3562 1950 μέγεθος
3607 1887 3722 1941 τῆς
3780 1877 3936 1948 ἀγγε-

2293 1973 2444 2034 λικῆς
2473 1971 2717 2030 πληθύος.
2747 1972 2828 2024 Ἐν
2861 1977 2924 2042 τῇ
2957 1968 3224 2044 παραϐολῇ
3252 1972 3354 2040 γὰρ
3381 1972 3502 2030 τοὺς
3527 1972 3629 2041 μὲν
3665 1967 3932 2038 ἀγγέλους

2298 2062 2736 2120 ἐνενηκονταεννέα
2808 2058 3046 2132 πρόϐατα
3107 2055 3214 2111 εἶπε
3273 2076 3284 2088 ⁸
3344 2061 3460 2119 τοὺς
3535 2054 3603 2110 δέ
3675 2059 3926 2116 πιστούς,

2298 2152 2367 2202 ἓν.

2368 2238 2435 2292 Ἦ
2494 2243 2582 2290 καὶ
2632 2241 2759 2312 πρὸς
2806 2241 2864 2290 1'6
2911 2237 3128 2310 μέγεθος
3180 2244 3272 2289 τοῦ
3327 2235 3559 2299 πλήθους
3620 2244 3734 2289 τῶν
3801 2233 3923 2285 ἀπί-

2301 2348 2454 2382 στων.

2367 2417 2435 2470 Ἥ
2467 2421 2554 2468 καὶ
2595 2413 2687 2469 διὰ
2716 2421 2806 2474 τὴν
2860 2415 3096 2468 ἑκούσιον
3143 2420 3452 2468 ταπείνωσιν
3505 2422 3602 2467 τοῦ
3674 2417 3917 2467 τοιούτου

2305 2511 2538 2580 ποιμνίου
2574 2524 2586 2538 ·
2619 2502 2728 2558 εἶτα
2773 2507 3098 2579 προστίθησι
3128 2509 3218 2557 καὶ
3259 2509 3351 2562 τὴν
3390 2504 3562 2556 αἰτίαν
3590 2512 3696 2557 τοῦ
3722 2508 3795 2577 μὴ
3827 2521 3911 2574 φο·

2300 2596 2528 2650 ϐεἰσθαι.

2366 2686 2482 2738 Ὀτι
2519 2685 2810 2758 βασιλείαν,
2835 2685 2893 2738 Εἰ
2924 2681 2982 2737 δὲ
3025 2689 3119 2742 τὴν
3151 2685 3285 2736 οὕτω
3323 2684 3554 2757 μεγάλην
3583 2691 3685 2737 καὶ
3719 2682 3900 2754 ἐξαίρε-

2299 2796 2382 2828 τον
2411 2775 2696 2827 ἀπόλαυσιν
2737 2771 2954 2836 δίδωσι,
3009 2770 3172 2826 δώσει
3200 2775 3401 2833 παντως
3429 2779 3518 2826 καὶ
3547 2776 3616 2825 τὰ
3649 2773 3892 2842 ἀναγκαῖα

2298 2871 2385 2918 καὶ
2419 2867 2650 2938 ζωαρκῆ.

2369 2955 2649 3012 Πωλήσατε
2706 2985 2773 2993 —
2831 2952 3200 3023 ἓλεημοσύνηνι
3257 2953 3398 3009 Αὕτη
3450 2954 3480 3010 ἡ
3542 2950 3716 3008 ἐντολὴ
3770 2950 3883 3021 πρὸς

2296 3049 2416 3105 τοὺς
2445 3045 2554 3116 (t9)
2590 3045 2806 3114 ἔχοντας
2836 3041 3166 3095 ἀποτέταται.

2368 3139 2629 3191 Ποιήσατε
2711 3163 2780 3172 -—
2853 3127 3160 3204 διαφθείρει,
3237 3129 3510 3182 Βαλάντιον
3599 3129 3720 3200 (20)
3810 3129 3890 3197 μέν

2297 3224 2506 3291 ἐστιν,ὁ
2539 3225 2803 3293 θησαυρός
2834 3241 2845 3253 ·
2883 3226 2954 3293 μὴ
3012 3220 3388 3292 παλαιούμενον
3438 3215 3518 3282 δὲ,
3577 3223 3640 3271 τὸ
3681 3215 3887 3269 ιῖινέκλει⁴

2297 3333 2420 3366 πτον
2455 3356 2465 3366 .
2500 3309 2584 3364 διὸ
2605 3316 2694 3362 καὶ
2742 3309 3164 3384 ἐφερμηνεντικός
3210 3313 3350 3361 ἐστιν
3391 3310 3416 3360 ὁ
3447 3305 3692 3383 δεύτερος
3731 3307 3888 3374 λόγος.

2298 3403 2585 3474 Ἀνάγνωθι
2623 3397 2795 3453 δὲκαὶ
2845 3398 2892 3450 ἐν
2923 3407 2994 3470 τῷ
3026 3403 3240 3471 πέμπτῳ
3297 3398 3554 3471 κεφαλαίῲ
3616 3405 3716 3450 τοῦ
3769 3395 3892 3445 κατὰ

2296 3493 2563 3545 Ματθαῐον
2618 3493 2709 3546 τὴν
2751 3488 3018 3562 ἑρμηνείαν
3054 3496 3143 3540 τοῦ
3178 3504 3190 3517 ·
3245 3493 3327 3545 Μὴ
3389 3488 3737 3559 θησαυρίζετε
3783 3484 3892 3555 ὑμῖν

2300 3584 2596 3654 θησαυρούς
2646 3578 2728 3630 ἐπὶ
2765 3586 2858 3640 τῆς
2897 3585 3015 3649 γῆς,
3068 3584 3157 3629 καὶ
3195 3580 3262 3629 τὰ
3292 3576 3426 3642 ἑξῆς,
3469 3578 3590 3628 ἔνθα
3638 3582 3730 3628 καὶ
3786 3575 3893 3645 περὶ

2298 3679 2395 3722 τῶν
2429 3669 2543 3732 ἑξῆς
2574 3670 2829 3739 εὑρησεις.

2366 3759 2545 3811 Ὀππυ
2574 3789 2641 3797 -
2682 3760 2843 3808 ἔσται.
2868 3754 3189 3816 Ἀκολούθως
3239 3755 3344 3807 ἐκεῖ
3378 3760 3469 3807 καὶ
3528 3760 3650 3827 περὶ
3706 3753 3893 3804 τούτων

2299 3848 2512 3924 ἐῤῥὴθη.

2368 3937 2642 3990 Ἔστωσαν
2699 3967 2762 3975 —
2830 3940 3118 4006 καιόμενοι.
3203 3937 3297 3986 Διά
3371 3938 3460 4005 μὲν
3525 3941 3620 3985 τοῦ
3686 3930 3891 3984 κελεύειν
3977 3931 3982 3936 ’

2297 4027 2662 4102 περιεζῶσθαι,
2742 4029 2833 4081 τὴν
2907 4028 3197 4098 πρακτικὴν
3289 4021 3472 4096 ἀρετὴν
3548 4023 3883 4074 ὑποτίθεται·

2300 4115 2391 4169 διὰ
2445 4114 2504 4168 δι
2552 4122 2641 4166 τοῦ
2710 4113 2994 4165 ἐπιτάττειν
3045 4112 3381 4184 λυχναπτεῑν,
3423 4115 3512 4168 τὴν
3555 4111 3883 4184 θεωρητικήν.

2299 4208 2654 4276 Εἰὼθασιγάρ
2700 4209 2788 4254 καὶ
2818 4205 2866 4254 οἱ
2924 4202 3259 4274 ἐργαζόμενοι
3315 4204 3408 4263 τὰς
3471 4201 3670 4273 ὀσφύας
3721 4213 3883 4268 περιε-

2301 4298 2520 4360 ζῶσθαι,
2584 4298 2672 4344 καὶ
2717 4295 2764 4344 οὶ
2815 4297 3070 4364 νήφοντες,
3140 4291 3364 4362 λύχνους
3411 4296 3596 4349 καίειν,
3686 4292 3732 4340 οἱ
3776 4288 3879 4357 μὲν,

2299 4387 2379 4437 ἵνα
2406 4382 2666 4443 εὐσταλῶς
2720 4383 3016 4433 πράττωσιν
3052 4399 3063 4411 '
3091 4382 3140 4432 οἱ
3186 4377 3263 4444 δὲ,
3299 4381 3379 4431 ἵνα
3441 4381 3737 4453 θεωροῦντες
3763 4371 3876 4426 διά·

2295 4491 2450 4544 γωσι.

2371 4566 2470 4614 Καὶ
2501 4561 2679 4632 ἑτέρως
2737 4556 2814 4625 δί,
2847 4561 2876 4617 ἠ
2934 4563 3021 4631 μεν
3079 4568 3177 4611 τῶν
3223 4558 3428 4630 ὀσφύων
3469 4563 3752 4626 περίζωσις,
3785 4552 3868 4600 τήν

2297 4673 2386 4703 τον
2449 4651 2829 4721 ἐπιθυμητικοῦ
2896 4644 3302 4720 περιδέσμευσιν
3385 4644 3713 4699 διακελεύεται
3771 4653 3781 4665 ·
3817 4651 3860 4683 εν

2299 4748 2412 4800 ταῖς
2456 4738 2649 4809 ὁσφύσι
2703 4742 2799 4812 γὰρ
2865 4745 3031 4790 κεῖται
3081 4741 3139 4789 τό
3194 4736 3559 4809 ἐπιθυμητικόν
3601 4751 3612 4762 ·
3649 4726 3753 4788 ἡδὶ
3773 4731 3864 4776 τῶν

2297 4829 2501 4901 λύχνων
2559 4836 2762 4900 καῦσις,
2833 4831 3018 4895 εῖτουν,
3075 4825 3362 4888 ἀνάκανσις
3412 4832 3495 4877 καὶ
3551 4821 3749 4894 amt“,
3785 4816 3874 4870 τὴν

1759 5131 1980 5202 Variae
2015 5131 2344 5201 lectiones
2390 5138 2459 5200 et
2495 5139 2698 5198 notae.

603 5336 716 5407 (l7)
744 5335 1063 5413 Hentenius
1087 5349 1336 5413 pro__suo
1366 5330 1642 5413 arbritrio
1674 5329 2192 5413 videturscrip‘si-s-

536 5403 622 5490 se:
649 5403 1108 5490 gemmam—emi
1135 5406 1315 5475 Igitur
1359 5405 1530 5462 stiam
1589 5406 1954 5478 περισπασμὸν
2002 5403 2193 5458 reddi-

537 5480 622 5535 dit
652 5480 922 5533 distrahi.

609 5550 724 5622 (18)
752 5549 1007 5615 Inclusa,
1038 5548 1094 5603 in
1125 5553 1286 5606 textu
1314 5549 1372 5615 Β,
1402 5548 1461 5604 in
1498 5546 1788 5617 marginc,
1821 5549 1890 5602 A.
1933 5547 2057 5602 Non

607 5729 697 5799 (h)
727 5723 937 5782 Tribus
976 5724 1286 5783 vocabulis
1311 5724 1571 5782 reddidit
1595 5740 1786 5782 unum
1827 5729 2090 5798 νήφοντας.

2301 5328 2482 5386 habet
2505 5328 2848 5383 Hentenius.

2375 5401 2489 5470 (19)
2523 5399 2832 5462 Πλουσίους.

2375 5471 2492 5544 (20)
2519 5470 2847 5542 Βαλλάντιον,
2877 5477 2916 5524 Α
2927 5510 2939 5524 .
