4144 6314
331 297 451 355 989

1467 296 1834 357 COMMENT.
1878 299 1946 354 IN
1978 298 2237 355 LUCAM-
2282 329 2343 339 —
2386 298 2540 355 CAP.
2581 297 2680 354 XI.

3611 295 3715 353 990

334 424 688 499 λαμπρότητα
729 432 821 479 τοῦ
875 445 928 478 τε
985 422 1281 479 ἐνδιαθέτου
1335 424 1491 497 λόγου
1545 431 1634 479 καὶ
1680 435 1770 479 τοῦ
1822 446 1945 500 προ-

2072 425 2296 498 ruentis
2354 426 2644 481 sermonis
2702 424 2925 483 statuit.
2960 424 3202 495 Oportet
3262 422 3443 489 enim,
3494 426 3558 479 ut
3616 422 3715 479 hic

339 522 563 588 φορικοῦ
626 510 979 567 διατάττεται.
1055 520 1169 586 Χρὴ
1225 517 1323 588 γὰρ
1365 518 1580 577 τούτους
1622 514 1700 567 ἀεὶ
1728 516 1944 587 λάμπειν

336 624 434 655 και
474 604 735 675 φωτίζειν,
790 607 876 655 τὸν
922 608 1011 676 μὲν
1045 606 1203 675 ημᾶς,
1253 609 1339 656 τὸν
1381 602 1439 657 δε
1490 609 1608 666 τοὺς
1659 605 1741 676 ὑφ’
1800 606 1944 676 ἡμῶν

340 690 783 765 διδασκομένους.

421 787 519 836 Καὶ
601 784 743 855 ὑμεῖς
809 814 876 824 -
942 785 1142 855 γάμων.
1203 786 1297 836 Διά
1367 782 1662 856 παραϐολῆς
1719 785 1945 855 ἐνέφηνεν

339 872 720 944 ἑτοιμάζεσθαι
766 876 896 945 πρὸς
951 872 1242 930 ἀπάντησιν
1297 873 1476 939 αύτού,
1534 876 1723 933 ,πάντα
1779 872 1945 934 καλῶς

342 960 736 1033 διατιθεμένους
798 967 887 1014 καὶ
952 960 1286 1034 ἀναμένοντας
1338 963 1488 1015 αύτόν
1541 962 1787 1034 μέλλοντα
1844 964 1943 1014 πά-

338 1051 424 1103 λιν
481 1052 617 1114 ἥξειν
658 1050 709 1113 ἐξ
756 1050 996 1123 ούρανοῦ.
1060 1054 1155 1104 Διά
1204 1060 1357 1104 τοῦτο
1403 1055 1503 1126 γάρ
1556 1051 1801 1104 ἀνάλυσιν
1855 1055 1944 1124 μὲν

343 1142 586 1211 ὠνόμασε
641 1145 734 1199 τὴν
777 1143 907 1213 μετά
958 1144 1015 1193 τό
1064 1140 1317 1200 ἀναϐῆναι
1374 1146 1589 1214 χρονίαν
1649 1142 1806 1193 αὐτοῦ
1855 1143 1946 1193 κά-

346 1227 523 1284 θοδον⁸
564 1231 757 1302 γάμους
799 1226 877 1293 δὲ,
916 1234 1008 1288 τὴν
1061 1232 1164 1282 ἄνω
1215 1230 1534 1305 εὐφροσύνην
1572 1236 1660 1284 καὶ
1693 1230 1946 1302 ἀγαλλία-

346 1340 453 1373 σιν.

414 1415 525 1463 Ἵνα
547 1440 610 1449 -
636 1408 794 1478 αύτῷ.
808 1415 1107 1475 Τουτεστιν,
1130 1409 1211 1460 ἶνα
1231 1408 1529 1482 αἰσθόμενοι
1544 1419 1604 1468 τῆ
1619 1431 1638 1472 ς
1654 1415 1945 1482 παρουσίας

341 1498 527 1563 αὐτοῦ,
551 1500 828 1572 προθύμως
852 1501 941 1549 καὶ
965 1501 1092 1559 μετά
1118 1504 1293 1571 χαρᾶς
1316 1498 1705 1563 ἀπαντήσωσιν,
1721 1495 1871 1551 οὐδέν
1896 1518 1948 1549 τι

341 1590 569 1661 πονηρὸν
600 1583 887 1647 συνειδότες
915 1587 1137 1649 ἑαυτοῖς.
1188 1592 1479 1660 Περαιτέρω
1507 1592 1608 1661 γὰρ
1648 1588 1705 1640 ού
1745 1607 1948 1660 περιερ-

342 1681 564 1749 γαστέον
594 1681 688 1735 τὴν
718 1676 1037 1748 παραϐολήν.

2057 530 2293 587 semper
2325 514 2635 581 illuminet,
2678 519 2803 571 tum
2850 530 2981 581 nos,
3025 518 3148 570 tum
3190 530 3291 570 eos
3324 514 3426 586 qui
3471 528 3509 569 a
3546 511 3714 568 nobis

2057 605 2345 660 docentur
2368 605 2452 676 (i).

2127 786 2286 839 Vers.
2331 783 2420 839 36.
2470 784 2546 839 Et
2594 799 2693 839 vos
2724 814 2789 823 -—
2817 783 3062 852 nuptiis.
3109 782 3219 837 Per
3264 781 3716 837 similitudinem

2057 873 2429 943 signiﬁcavit,
2470 879 2533 927 ut
2590 873 2668 928 ad
2713 889 3030 927 occursum
3068 888 3243 927 suum
3287 877 3713 944 praeparentur,

2056 965 2117 1018 in
2160 962 2441 1018 omnibus
2493 963 2645 1018 bene
2676 962 2970 1033 dispositi,
3002 966 3059 1016 et
3094 966 3509 1031 exspectantes
3553 978 3710 1031 eum,

2055 1053 2158 1125 qui
2184 1069 2422 1108 rursum
2455 1068 2485 1107 e
2514 1051 2661 1108 coelo
2695 1056 2976 1107 venturus
3005 1056 3111 1105 est.
3146 1051 3385 1121 Propter
3412 1051 3525 1105 hoc
3556 1051 3717 1105 enim

2055 1142 2406 1198 descensum
2427 1158 2627 1206 suum,
2649 1156 2791 1213 quo,
2816 1139 2998 1210 longo
3022 1144 3399 1211 exspectatus
3428 1145 3714 1210 tempore,

2058 1232 2268 1296 veniet,
2295 1232 2697 1293 reversionem
2746 1230 3069 1285 nominavit
3115 1228 3393 1299 ;nuptias
3434 1244 3576 1283 vero
3620 1244 3720 1283 su-

2058 1337 2307 1391 pernam
2355 1321 2617 1377 laetitiam
2666 1327 2720 1375 et
2752 1319 3237 1374 exsultationem.

2129 1412 2302 1468 Vers.
2326 1410 2415 1466 36.
2452 1412 2523 1468 Ut
2551 1442 2618 1451 —
2646 1409 2718 1465 ei.
2749 1410 2870 1465 Hoc
2896 1415 3001 1475 est,
3038 1412 3099 1465 ut
3124 1410 3562 1477 cognoscentes
3590 1408 3718 1478 ejus

2059 1500 2400 1570 adventum,
2428 1505 2705 1570 prompte
2749 1502 2804 1553 et
2826 1514 2962 1552 cum
2989 1498 3213 1567 gaudio
3236 1502 3573 1560 occurrant,
3593 1496 3725 1552 nul.-

2058 1589 2171 1644 llUS
2210 1588 2318 1645 sibi
2352 1588 2491 1644 mali
2524 1588 2764 1643 conscii.
2802 1587 3018 1643 Praeter
3064 1587 3191 1642 haec
3222 1591 3424 1641 autem
3466 1585 3606 1642 nihil
3630 1589 3721 1640 est

2059 1679 2286 1733 curiose
2312 1678 2699 1733 scrutandum
2723 1676 2797 1731 de
2836 1675 3141 1748 parabole.

420 1769 680 1838 Μακάριοι
710 1797 771 1809 -—
794 1774 1197 1840 γρηγοροῦντας.
1228 1773 1617 1841 Γρηγοροῦντας
1646 1770 1737 1831 ἔτι,
1769 1764 1862 1819 διὰ
1890 1771 1946 1818 τό

2135 1767 2292 1823 Vers.
2353 1768 2441 1822 37.
2488 1768 2654 1823 Beati
2708 1797 2778 1805 —
2834 1765 3172 1835 vigilantes.
3218 1764 3538 1834 Vigilantes
3578 1764 3717 1820 item

347 1858 399 1909 ἐν
426 1855 732 1928 ὶγρηγόρσει
760 1854 1030 1906 ἀποθανεῖν
1063 1856 1271 1917 αύτούς.
1304 1858 1491 1929 Ἀρετὴ
1524 1858 1624 1930 γὰρ
1658 1853 1747 1916 τῆς
1767 1855 1949 1927 ψυχῆς

347 1946 486 1998 οὖσα
516 1948 545 2003 ἡ
581 1944 910 2018 ἐγρήγορσις,
956 1950 1346 2017 πμπαραμένει
1375 1945 1527 2016 αὐτῇ.

417 2037 557 2094 Τινὶες
599 2030 656 2086 δὲ
705 2032 805 2085 ἀπὸ
857 2041 953 2094 τῆς
1000 2033 1290 2094 ἀναλύσεως
1330 2041 1419 2085 καὶ
1459 2043 1552 2095 τῆς
1582 2035 1819 2095 ἐλεύσεως
1863 2041 1951 2086 καὶ

344 2127 611 2199 κρούσεως
666 2122 903 2189 ἐνόησαν,
977 2126 1054 2175 ὅτι
1108 2126 1132 2175 ὁ
1194 2128 1420 2196 Χριστός
1486 2124 1638 2185 αὐτὸς
1706 2119 1955 2195 ἐπιδημεῖ

350 2219 469 2275 ταῖς
519 2213 777 2275 τελευταῖς
839 2221 938 2264 τῶν
990 2209 1229 2281 δικαίων,
1273 2218 1361 2264 καὶ
1414 2212 1473 2264 οὗ
1531 2218 1682 2285 μόνον
1735 2216 1950 2282 τούτων,

354 2301 483 2354 ἀλλά
539 2307 629 2354 καὶ
684 2311 783 2355 τῶν
849 2301 1183 2376 ἁμαρτωλῶν.
1257 2307 1356 2355 Καὶ
1413 2311 1565 2354 τουτο
1624 2301 1950 2374 βεϐαιοῦσιν,

354 2391 456 2444 ἀπὸ
518 2399 609 2445 τοῦ
693 2391 848 2445 εἰπεῖν
911 2396 997 2443 τὸν
1061 2395 1188 2444 Θεὸν
1265 2401 1336 2462 τῷ
1412 2391 1666 2463 πλουσίῳ,
1733 2391 1948 2464 Ἂφρον,

350 2483 515 2553 ταύτῃ
582 2488 644 2552 τῇ
718 2486 866 2533 νυκτὶ
916 2486 1009 2540 τὴν
1077 2481 1253 2551 ψυχήν
1314 2500 1405 2533 σου
1480 2479 1792 2533 ἀπαιτοῦσιν
1852 2480 1951 2535 ἀπὸ

358 2578 474 2623 σοῦ.

424 2658 623 2731 Ἐτεροι
676 2655 735 2710 δε
787 2678 846 2709 το
898 2666 1127 2710 τοιοῦτον
1200 2663 1368 2730 νόημα
1426 2656 1721 2731 δεχόμενοι,
1796 2664 1951 2731 φασὶν

354 2744 640 2818 ἐπιδημίαν
690 2755 947 2821 Χριστοῦ,
998 2752 1082 2799 τὸν
1139 2748 1288 2818 λόγον
1347 2749 1526 2814 αὐτοῦ,
1585 2754 1670 2801 τὸν
1719 2769 1951 2821 μετακα-

350 2836 590 2908 λούμενον
622 2843 907 2893 τηνικαῦτα
933 2841 1052 2896 τοὺς
1092 2840 1179 2908 μὲν
1212 2834 1451 2900 δικαίους
1485 2838 1555 2900 εἰς
1585 2841 1781 2911 χαρὰν,
1831 2843 1950 2901 τοὺς

355 2923 414 2977 δὲ
440 2924 801 2997 ἁμαρτωλοὺς,
829 2926 896 2985 εἰς
935 2925 1122 2983 λύπην.

428 3015 590 3086 Ἀμην
652 3046 720 3053 —
781 3015 971 3076 αὐτοῖς.
1043 3016 1417 3089 ιιεριζώσεται,
1494 3025 1556 3089 τῇ
1635 3014 1944 3089 δικαιοσύνῃ

359 3112 446 3164 τῆς
475 3100 888 3166 ἀνταποδόσεως,
920 3110 1009 3157 καὶ
1030 3103 1288 3156 ἀνακλινεῖ
1314 3106 1521 3169 αὐτοὺς,
1556 3107 1627 3169 εἰς
1656 3106 1949 3158 ἀνάπαυσιν

350 3194 574 3259 αἰώνιον,
637 3196 705 3254 ὡς
749 3191 822 3246 δι’
882 3194 1034 3245 αὐτόν
1077 3202 1472 3263 κεκοπιακότας,
1518 3202 1601 3248 καὶ
1653 3195 1950 3255 διακονήσει

351 3284 530 3345 α’ὖτοίς
561 3280 593 3336 δ
600 3288 814 3354 ιανομὴν
844 3292 945 3335 τῶν
977 3282 1132 3345 ἀξίων
1164 3282 1413 3355 ἀμοιϐὠν.

424 3465 526 3513 Κάὶ
564 3460 648 3512 ἐὰν
699 3490 749 3501 σοι
805 3461 1009 3516 ἐκεῖνοι.
1066 3458 1279 3519 Ἐπειδὴ
1329 3468 1476 3515 νυκτὶ
1519 3466 1678 3514 ἔοικεν
1727 3466 1751 3514 ό
1810 3484 1947 3537 παρ-

352 3556 417 3601 ὼν
458 3548 596 3621 βίος,
655 3547 746 3601 διὰ
801 3555 1325 3622 τὴνκατακεχυμένην
1371 3552 1530 3603 αὐτοῦ
1581 3553 1807 3623 ζόφωσιν
1860 3560 1949 3607 καὶ

354 3638 547 3697 πλάνην
601 3639 699 3691 ἀπὸ
741 3648 836 3691 τῶν
894 3636 1154 3711 δαιμόνων
1212 3645 1301 3692 καὶ
1339 3650 1437 3691 τῶν
1491 3644 1688 3707 παθῶν,
1744 3644 1949 3704 εἰκότως

354 3728 419 3789 εἰς
476 3726 759 3801 διαφόρους
814 3729 1041 3799 φυλακὰς
1102 3728 1256 3780 αὐτὸν
1315 3726 1527 3803 διαιρεῖ.
1607 3733 1670 3781 Oi
1737 3731 1948 3785 παλαιοὶ

351 3820 450 3889 γὰρ
516 3817 892 3889 νυκτοφύλακες
977 3818 1048 3879 εἰς
1124 3826 1253 3889 τρεῖς
1328 3818 1552 3889 φυλακὰς
1618 3825 1709 3877 τὴν
1788 3824 1949 3873 νύκτα

352 3904 559 3969 διεῖλον,
619 3911 746 3967 τινες
814 3903 873 3959 δὲ
946 3908 1014 3967 εἰς
1063 3912 1341 3979 τέσσαρας.
1422 3914 1519 3960 Καὶ
1584 3916 1791 3983 πρώτην
1857 3915 1946 3983 μεν

348 3997 575 4068 φυλακὴν
659 3996 814 4067 λέγει,
896 4001 989 4054 τὴν
1063 3999 1391 4048 κατάστασιν
1460 4006 1559 4049 τῶν
1628 3998 1944 4072 τελειοτέρων

345 4085 415 4147 εἰς
448 4085 654 4157 ἀρετήν·
702 4083 948 4157 δευτέραν
982 4083 1059 4151 δὲ,
1110 4091 1203 4143 τὴν
1244 4094 1341 4137 τῶν
1391 4090 1580 4157 μέσωνο
1633 4093 1811 4163 τρίτην
1864 4086 1942 4158 δὲ,

346 4177 440 4232 τὴν
465 4182 564 4225 τῶν
595 4174 917 4241 τελευταίων,
948 4174 995 4226 οἳ
1028 4178 1338 4247 σύμπαντες,
1372 4176 1416 4228 εἰ
1445 4179 1721 4251 εὑρεθῶσιν
1760 4180 1941 4251 οὕτως,

348 4264 410 4322 ὡς
431 4262 700 4335 προλαϐὼν
721 4260 875 4327 εἶπεν,
909 4268 1089 4335 ἤγουν,
1120 4266 1315 4336 ἕτοιμοι
1332 4269 1467 4318 κατά
1496 4272 1581 4319 τὸν
1605 4276 1695 4319 τοῦ
1724 4270 1943 4320 θανάτου

347 4356 547 4422 καιρόν,
619 4355 870 4425 μακάριοι
933 4357 1154 4419 πάντως,
1213 4357 1281 4415 ὡς
1342 4365 1430 4416 τῆς
1495 4363 1755 4430 μακαρίας
1812 4357 1945 4419 ζωῆς

348 4441 635 4514 μεθέξοντες
665 4441 919 4513 ἀναλόγως
932 4488 943 4499 ,

416 4538 582 4584 Τοῦτο
624 4561 680 4571 -
734 4532 912 4585 αὑτοῦ.
969 4538 1069 4585 Καὶ
1109 4532 1155 4584 ἐν
1200 4542 1271 4603 τῷ
1316 4533 1530 4605 εἰκοστῷ
1574 4532 1746 4605 ὀγδόῳ
1791 4555 1945 4607 κεφα-

345 4620 472 4692 λαίῳ
528 4629 620 4673 τοῦ
673 4625 809 4673 κατά
872 4624 1140 4675 Ματθαῖον
1193 4620 1350 4675 εἶπεν·
1405 4624 1595 4676 Ἐκεῖνο
1663 4622 1720 4676 δε
1792 4632 1943 4695 γινώ-

349 4728 512 4779 σκετε,
570 4712 651 4763 ὃτι
711 4711 755 4763 εἰ
816 4707 936 4783 ᾔδει
987 4713 1013 4763 ό
1072 4708 1468 4775 οἰκοδεσπότης,
1534 4714 1862 4787 ποίᾳφυλακῇ
1921 4717 1945 4767 ό

346 4796 560 4860 κλέπτης
604 4803 840 4874 ἔρχεται,
889 4800 1240 4873 ἐγρηγόρησεν
1286 4800 1363 4871 ἂν,
1416 4808 1503 4854 καὶ
1546 4806 1612 4854 τὰ
1654 4803 1790 4866 ἑξῆς.
1846 4810 1944 4858 Καὶ

351 4883 604 4957 ἀνάγνωθι
634 4893 727 4947 τὴν
755 4888 1003 4961 ἐξήγησιν
1032 4888 1153 4947 ἐκεῖ.

420 4979 520 5029 Καὶ
582 5008 652 5019 —-
708 4980 940 5051 ἔρχεται.
994 4979 1130 5035 Ἐκεῖ
1199 4984 1289 5039 καὶ
1352 4986 1518 5033 ταῦτα
1567 4985 1788 5055 εἴρηται,
1858 4988 1947 5036 καὶ

348 5065 688 5138 ἡρμήνευται.

418 5243 467 5279 ⁸⁸
498 5242 639 5301 Luc.
671 5261 774 5314 xu,
807 5250 895 5303 20.
995 5246 1044 5282 ⁰⁶
1069 5248 1265 5306 Matth.
1296 5252 1458 5315 xxiv,
1489 5249 1581 5307 43.

2060 1873 2128 1912 eo
2150 1858 2314 1929 quod
2336 1858 2395 1911 in
2417 1855 2721 1925 vigilantia
2747 1854 3113 1910 moriantur:
3139 1871 3276 1909 cum
3320 1856 3479 1910 enim
3502 1855 3719 1911 animus

2060 1946 2244 2001 virtus
2276 1947 2349 2001 sit
2379 1945 2703 2015 vigilantia,
2738 1944 2916 1999 simul
2943 1960 3076 1998 curn
3107 1960 3177 1999 ea
3206 1948 3537 2016 permanet.

2130 2034 2383 2100 Quidam
2414 2050 2555 2089 vero
2586 2050 2658 2089 ex
2688 2034 2804 2088 hoc
2831 2032 3024 2088 reditu
3050 2035 3106 2087 et
3131 2033 3394 2087 adventu
3424 2048 3494 2089 ac
3519 2035 3719 2103 pulsa-

2062 2124 2219 2180 tione
2274 2123 2707 2185 intellexerunt,
2768 2119 2936 2194 quod
3012 2121 3275 2176 Christus
3348 2121 3590 2176 advenit
3641 2121 3720 2177 ad

2063 2218 2314 2269 mortem
2334 2213 2658 2283 justorum,
2674 2227 2783 2267 nec
2804 2211 3025 2267 horum
3049 2215 3299 2280 tantum,
3318 2227 3524 2266 verum
3540 2210 3719 2267 etiam

2063 2308 2445 2373 peccatorum
2478 2319 2492 2368 ;
2517 2307 2573 2356 et
2598 2302 2706 2356 hoc
2730 2317 2803 2358 ex
2830 2317 2899 2355 eo
2923 2300 3295 2365 conﬁrmant,
3321 2301 3487 2373 quod
3505 2301 3720 2357 dixerit

2060 2392 2213 2447 Deus
2238 2391 2406 2448 diviti
2432 2407 2445 2446 :
2468 2390 2789 2455 Stulte,hac
2810 2392 2979 2447 nocte
3003 2390 3256 2446 animam
3277 2396 3441 2446 tuam
3456 2397 3719 2461 repetunt

2060 2496 2097 2537 a
2128 2489 2182 2539 te
2220 2482 2289 2538 95.

2130 2658 2238 2714 Alii
2283 2674 2424 2713 vero
2460 2659 2620 2714 hunc
2652 2657 2951 2729 accipiunt
2975 2657 3362 2721 intellectum,
3405 2661 3469 2712 ut
3494 2657 3715 2722 dicant,

2058 2749 2268 2805 Christi
2318 2747 2643 2804 adventum
2683 2762 2817 2802 esse
2859 2761 3199 2802 sermonem
3231 2746 3377 2816 ejus,
3424 2747 3527 2819 qui
3578 2752 3719 2803 tunc

2054 2838 2252 2909 justos
2284 2838 2530 2894 accersit
2567 2837 2643 2893 ad
2686 2836 2997 2906 gaudium,
3027 2840 3367 2908 peccatores
3409 2840 3607 2893 autem
3639 2836 3719 2893 ad

2060 2942 2373 2984 mcerorem
2386 2970 2398 2982 .

2133 3017 2296 3073 Vers.
2335 3017 2431 3071 37.
2480 3017 2670 3073 Amen
2717 3047 2785 3055 —-
2824 3016 2968 3071 illis.
3010 3015 3333 3085 Prascinget
3371 3031 3454 3080 se,
3495 3015 3719 3087 justitia

1991 3097 2523 3172 Cretributionis;
2598 3111 2654 3161 et
2710 3103 2886 3160 faciet
2958 3103 3089 3159 illos
3166 3105 3563 3170 discumbere,
3639 3105 3717 3161 ad

2061 3196 2322 3267 requiem
2377 3194 2825 3264 sempiternam,
2862 3199 3149 3265 tanquam
3198 3210 3300 3248 eos
3339 3195 3441 3265 qui
3478 3198 3719 3265 propter

2058 3285 2253 3355 ipsum
2280 3283 2705 3339 laboraverunt
2732 3302 2745 3342 :
2784 3299 2853 3337 ac
2884 3282 3247 3338 ministrabit
3271 3282 3402 3347 illis,
3435 3282 3715 3338 distribu-

2060 3375 2272 3430 tionem
2310 3374 2631 3442 dignarum
2662 3372 3142 3427 retributionum.

2130 3465 2289 3517 Vers.
2336 3462 2424 3519 38.
2456 3464 2532 3517 Et
2562 3462 2614 3517 si
2656 3492 2723 3501 —
2758 3461 2875 3516 illi.
2917 3459 3069 3528 Quia
3111 3461 3267 3516 nocti
3297 3476 3559 3532 praesens
3599 3461 3719 3518 vita

2060 3551 2441 3618 assimilatur,
2486 3556 2727 3622 propter
2766 3550 3021 3605 infusam
3050 3550 3102 3605 ei
3133 3549 3450 3620 caliginem
3474 3566 3542 3605 ac
3562 3566 3717 3607 erro-

2059 3656 2183 3696 rem
2215 3658 2251 3696 a
2271 3640 2647 3697 daemonibus
2668 3645 2724 3695 et
2755 3638 3061 3695 ati'ectibus
3096 3656 3109 3696 :
3136 3641 3345 3695 merito
3373 3640 3431 3694 in
3449 3640 3717 3697 diversas

2057 3730 2307 3800 vigilias,
2331 3747 2436 3785 seu
2461 3729 3007 3801 custodias,ipsam
3028 3728 3261 3785 dividit.
3280 3730 3514 3785 Veteres
3529 3731 3713 3802 enim,

2056 3820 2162 3891 qui
2193 3826 2365 3877 nocte
2409 3820 2750 3891 vigilabant,
2788 3820 2848 3874 in
2873 3826 2988 3874 tres
3036 3818 3320 3875 excubias
3346 3820 3537 3890 ipsam
3567 3820 3719 3875 divi-

2056 3908 2275 3965 debant
2343 3926 2356 3965 :
2421 3909 2669 3980 quidam
2728 3924 2866 3965 vero
2918 3907 2981 3964 in
3038 3912 3311 3981 quatuor.
3346 3911 3411 3964 Et
3456 3909 3717 3979 primam

2054 3998 2299 4071 quidem
2326 3999 2484 4061 dicit,
2532 4004 2751 4055 statum
2787 4014 2995 4054 eorum
3028 3997 3132 4070 qui
3169 3997 3246 4053 ad
3273 3998 3546 4053 virtutem
3580 4002 3719 4055 sunt

2052 4088 2449 4161 perfectiores,
2498 4090 2844 4153 secundam,
2882 4087 3294 4153 mediocrium,
3328 4088 3581 4154 tertiam,
3614 4103 3718 4157 po-

2054 4184 2411 4235 stremorum
2471 4193 2481 4231 :
2540 4178 2639 4249 qui
2683 4192 2909 4242 omnes,
2956 4177 3004 4232 si
3060 4177 3143 4232 ita
3198 4177 3417 4233 inventi
3476 4177 3715 4246 fuerint,

2057 4269 2212 4322 sicut
2255 4273 2391 4322 ante
2438 4266 2600 4331 dixit,
2648 4265 2917 4323 Videlicet
2963 4266 3144 4337 parati
3184 4266 3391 4323 mortis
3429 4271 3714 4339 tempore,

2056 4356 2214 4413 beati
2254 4360 2446 4422 erunt,
2498 4362 2701 4428 utpote
2730 4355 2864 4413 vitae
2891 4355 3079 4413 beatae
3122 4356 3343 4429 pariter
3376 4357 3713 4430 participes.

2127 4534 2290 4590 Vers.
2323 4539 2412 4591 39.
2455 4536 2580 4592 Hoc
2628 4567 2696 4575 —
2740 4550 2926 4592 suam.
2975 4534 3478 4606 Quinquagesimo
3510 4540 3716 4592 octavo

2056 4624 2237 4680 etiam
2261 4625 2442 4695 capite
2468 4624 2954 4695 Evangeliijuxta
2984 4624 3317 4679 Mattheeum
3344 4623 3488 4678 dixit
3520 4641 3533 4679 :
3567 4625 3716 4679 Illud

2056 4720 2245 4775 autem
2300 4714 2524 4778 scitote,
2584 4714 2742 4785 quod
2782 4717 2835 4769 si
2891 4713 3059 4769 sciret
3113 4713 3557 4783 paterfamilias,
3598 4730 3716 4786 qua

2056 4802 2251 4873 vigilia
2316 4803 2427 4873 fur
2500 4809 2782 4859 venturus
2841 4808 2985 4869 erat,
3040 4802 3329 4872 vigilasset
3376 4808 3608 4875 utoque,
3660 4810 3718 4869 et

2057 4895 2264 4947 cratera
2313 4894 2380 4947 οε.
2415 4893 2566 4963 Lege
2597 4907 2738 4963 ergo
2786 4892 2872 4949 ibi
2910 4892 3367 4952 enarrationem.

2130 4982 2290 5038 Vere.
2322 4984 2413 5038 40.
2440 4983 2518 5039 Et
2579 5012 2649 5025 -—
2698 4989 2984 5041 venturus
3031 4987 3133 5040 est.
3189 4982 3278 5045 Ibi
3316 4997 3558 5057 quoque
3587 4983 3717 5043 haec

2057 5071 2217 5131 dicta
2243 5075 2380 5129 sunt
2404 5086 2476 5129 ac
2503 5071 2824 5139 declarata.

1555 5424 1778 5497 Variae
1820 5426 2151 5497 lectiones
2199 5437 2264 5496 et
2306 5438 2509 5497 notae.

414 5619 481 5701 (ι)
517 5621 761 5693 Oportet
787 5623 946 5679 enim
965 5622 1075 5682 hos
1096 5640 1333 5698 semper
1356 5622 1553 5682 lucere
1577 5627 1633 5683 et
1654 5623 2013 5694 illuminare,
2051 5625 2216 5682 illum
2246 5626 2488 5700 quidem
2521 5640 2647 5693 nos,
2678 5626 2841 5684 hunc
2876 5643 3016 5685 vero
3048 5641 3173 5694 eos,
3204 5642 3309 5701 qui
3338 5642 3374 5685 a
3400 5625 3577 5684 nobis
3607 5625 3719 5682 do-

346 5696 571 5747 centur.
