4144 6314
493 319 593 379 991
1845 318 2193 384 EUTHYMII
2235 303 2593 383 ZIGABENI

3817 320 3935 378 992

564 449 727 506 Vers.
775 451 864 506 41.
911 450 1017 508 Ait
1072 484 1135 494 —
1178 453 1343 510 Vers.
1379 454 1467 511 42.
1529 455 1865 513 demensum
1913 455 2156 511 cibum?

2336 451 2463 508 Εἶπε
2539 478 2606 496 --
2665 460 3021 531 σιτομέτριονς
3066 450 3232 516 Εἰδὼς
3283 455 3309 506 ὁ
3371 454 3602 527 Πέτρος,
3711 450 3809 504 ὅτι
3878 448 3935 502 αξ

496 537 697 593 Sciens
730 540 951 606 Petrus,
989 542 1287 614 quasdam
1332 543 1647 617 parabolas
1685 544 1882 600 electis
1918 542 2154 616 proprie

496 627 687 699 aptari
709 628 1027 702 discipulis,
1062 632 1358 704 quasdam
1390 650 1525 689 vero
1548 634 1945 690 communiter
1967 631 2158 688 omni-

494 715 627 789 bus,
664 719 872 773 merito
902 718 975 775 de
1011 720 1297 792 parabola
1327 722 1668 792 interrogat,
1733 739 1856 796 qua
1890 721 2159 777 videlicet

497 804 643 861 dixit
675 807 878 864 :Sieut
916 809 1097 865 lumbi
1122 811 1643 881 vestripraecincti,
1668 817 1724 867 et
1751 817 1981 867 caetera.
2005 809 2157 877 Quid

496 909 638 963 ergo
669 894 925 953 Christus
947 897 977 952 7
1006 898 1309 972 Requisito
1342 900 1499 955 ﬁdeli
1528 916 1597 956 ac
1624 899 1899 971 prudenti
1921 899 2157 971 dispen-

497 988 711 1052 satore,
766 985 983 1043 deinde
1031 987 1161 1059 ipso
1229 989 1404 1045 beato
1469 988 1812 1061 praedicato,
1877 987 2153 1053 ostendit,

495 1074 661 1144 quod
707 1075 782 1130 de
828 1076 974 1148 ipsis
1000 1077 1213 1133 dixerit
1257 1078 1611 1149 parabolam
1644 1078 1945 1143 ;futurum
1997 1079 2158 1134 enim

496 1167 639 1228 erat,
674 1168 736 1218 ut
768 1163 875 1236 ipsi
923 1165 1189 1222 ﬁdelium
1220 1167 1660 1239 dispensatores
1700 1168 1909 1225 ﬁerent
1951 1169 2159 1224 dantes

496 1250 642 1325 ipsis
669 1253 727 1309 in
754 1258 1019 1328 tempore
1050 1255 1404 1313 demensum
1435 1256 1719 1314 doctrinas
1749 1258 1969 1315 cibum.

568 1435 718 1504 Lege
766 1439 959 1492 autem
1007 1436 1514 1509 quinquagesimo
1563 1442 1776 1493 octavo
1818 1437 1985 1509 juxta
2024 1437 2140 1493 Mat

498 1523 721 1580 thteum
758 1525 944 1596 capite
980 1526 1118 1582 dicti
1167 1526 1324 1582 illius
1359 1526 1797 1583 enarrationem
1827 1544 1839 1582 :
1885 1527 2160 1595 Quisnam

498 1620 580 1669 est
629 1613 822 1680 ﬁdelis
876 1630 1094 1682 servus,
1123 1618 1176 1672 et
1225 1616 1488 1687 prudens
1522 1615 1571 1653 97
1642 1616 1670 1671 ?
1716 1621 1771 1669 et
1819 1615 1899 1671 ibi
1943 1614 2161 1671 horum

497 1702 765 1759 omnium
808 1700 1075 1760 invenies
1118 1703 1626 1777 eXplanationem.

2264 547 2353 616 μὲν
2406 552 2509 597 τῶν
2568 545 2869 621 παραϐολῶν
2920 565 2974 598 τε
3017 550 3105 597 καὶ
3159 538 3387 614 ἐντολῶν,
3443 541 3564 616 ἰδίᾳ
3616 549 3751 602 τοῖς
3803 539 3933 604 ἐξεισ

2265 632 2520 706 λεγμένοις
2569 638 2833 708 μαθηταῖς
2893 635 3238 708 ἁρμόζουσιν,
3307 636 3362 686 αἱ
3406 631 3483 698 δὲ,
3532 638 3724 704 κοινῇ
3792 637 3937 682 πᾶσι

2265 730 2370 784 τοῖς
2429 732 2657 787 πιστοῖς,
2714 725 2923 786 εἰκότως
2977 723 3143 796 ἐρωτᾷ
3206 728 3325 797 περὶ
3388 731 3477 783 τῆς
3541 718 3934 796 παραϐολῆς,

2267 808 2500 878 δηλαδὴ,
2549 821 2644 875 τῆς
2696 813 2966 885 λεγούσης,
3024 812 3300 866 Ἔστωσαν
3368 814 3510 884 ὑμῶν
3569 813 3644 863 αἱ
3726 808 3939 880 ὀσφύες

2264 902 2696 976 περιεζωσμέναι,
2728 908 2817 955 καὶ
2862 906 2928 955 τὰ
2968 902 3099 965 ἑξῆς·
3132 906 3185 954 τί
3223 898 3311 954 οὖν
3357 903 3383 953 ό
3420 904 3732 975 Χριστός;
3773 898 3936 951 Ἐπι-

2269 991 2503 1051 ζητήσας
2562 996 2648 1044 τόν
2697 995 2884 1044 πιστὸν
2952 995 3041 1043 καὶ
3102 995 3347 1065 φρόνιμον
3403 990 3713 1062 οἰκονόμον
3785 987 3934 1059 (21),

2269 1075 2379 1132 εἶτα
2436 1086 2739 1155 μακαρίσας
2786 1080 2959 1145 αὐτὸν,
3013 1077 3222 1148 ἔδειξεν,
3270 1081 3351 1132 ὅτι
3388 1083 3507 1152 περὶ
3548 1078 3772 1130 αὐτῶν
3824 1071 3940 1127 εἶπε

2266 1175 2358 1227 τὴν
2409 1169 2738 1245 παραϐολήν,
2791 1171 2949 1224 Αὐτοὶ
3006 1173 3108 1246 γὰρ
3166 1169 3368 1243 ἔμελλον
3420 1169 3724 1239 οἰκονόμοι
3783 1169 3938 1236 γενέ-

2271 1261 2394 1312 σθαι
2442 1268 2540 1312 τῶν
2589 1269 2807 1324 πιστῶν,
2851 1256 3087 1322 διδόντες
3132 1258 3309 1322 αὐτοῖς
3356 1261 3405 1311 εν
3436 1266 3619 1333 καιρῷ
3654 1259 3733 1309 τὸ
3785 1271 3940 1307 σιτο-

2269 1355 2477 1423 μέτριον
2501 1358 2597 1412 τῆς
2627 1346 3000 1412 διδασκαλίας.

2343 1440 2626 1510 Ἀνάγνωθι
2657 1435 2718 1491 δε
2745 1443 2833 1491 καὶ
2870 1437 3008 1508 ἐντῷ
3037 1444 3373 1507 πεντηκοστῷ
3419 1432 3598 1508 ὀγδόῳ
3632 1433 3937 1507 κεφαλαίῳ

2270 1536 2360 1580 τοῦ
2390 1530 2524 1579 κατὰ
2553 1530 2820 1580 Ματθαῖον
2844 1531 2938 1584 τὴν
2968 1526 3219 1598 ἐξήγησιν
3256 1533 3369 1578 τοῦ·
3409 1530 3497 1585 Τίς
3525 1526 3649 1597 ἄρα
3696 1522 3867 1576 ἐστὶν
3906 1522 3933 1572 6

2269 1619 2452 1677 πιστὸς
2514 1613 2700 1678 δοῦλος
2776 1620 2862 1668 καὶ
2940 1620 3215 1688 φνόνιμος;
3247 1621 3337 1669 καὶ
3406 1617 3623 1668 πάντων
3711 1616 3933 1665 τούτων

2271 1707 2503 1781 εὑρήσεις
2529 1705 2635 1758 ἐκεῖ
2656 1710 2749 1764 τήν
2782 1705 3069 1779 ἑρμηνείαν.

568 1789 729 1848 Vers.
780 1794 873 1852 43.
924 1794 1137 1852 Beatus
1186 1826 1256 1835 —
1306 1797 1469 1852 Vers.
1515 1795 1604 1851 44.
1634 1795 1829 1852 illum.
1863 1794 1947 1851 Ibi
1979 1795 2157 1852 etiam

2341 1797 2605 1870 Μακάριος
2656 1825 2726 1837 -—
2781 1794 2957 1851 αὐτόν.
3017 1794 3156 1848 Ἐκεῖ
3203 1799 3293 1848 καὶ
3340 1801 3508 1848 ταῦτα
3558 1788 3930 1868 διεσαφήνι-

496 1880 627 1937 haec
657 1881 944 1952 patefacta
969 1888 1127 1939 sunt.

569 1972 734 2029 Vers.
752 1974 840 2028 45.
862 1972 1030 2039 Quod
1044 1972 1095 2028 si
1110 2003 1174 2013 —
1196 1973 1357 2028 Vers.
1380 1971 1468 2028 46.
1484 1979 1687 2040 ponet.
1720 1973 2162 2045 Consequenter

499 2058 668 2115 etiam
691 2060 969 2131 praedicto
995 2059 1186 2133 capite
1209 2061 1335 2116 haec
1357 2061 1509 2117 dicta
1534 2077 1604 2117 ac
1627 2062 1926 2119 declarata
1948 2068 2111 2120 sunt.

568 2149 732 2203 Vers.
765 2150 852 2204 47.
884 2150 996 2206 Ille
1034 2181 1103 2191 —
1145 2152 1368 2207 multis.
1426 2151 1506 2207 De
1556 2150 1766 2206 futuris
1812 2152 2157 2224 pastoribus

499 2240 587 2293 est
628 2237 722 2293 hic
762 2254 979 2306 sermo,
1012 2245 1306 2295 exterrens
1339 2256 1459 2307 eos,
1502 2241 1605 2312 qui
1638 2256 1881 2296 omnem
1929 2242 2026 2297 Dei
2059 2257 2160 2297 vo-

498 2325 785 2383 luntatem
813 2334 1124 2395 noverunt,
1157 2345 1264 2384 nec
1286 2345 1347 2384 se
1374 2334 1733 2401 praeparant,
1759 2328 1875 2385 hoc
1898 2335 2007 2398 est,
2036 2344 2158 2386 non

498 2415 721 2472 faciunt
748 2417 919 2487 juxta
967 2417 1409 2490 beneplacitum
1461 2420 1610 2490 ejus.
1668 2422 1732 2474 Et
1777 2423 2154 2491 protestetur,

499 2505 662 2578 quod
718 2507 1095 2579 vapulabunt
1153 2508 1379 2573 multis,
1424 2513 1589 2581 puta.
1636 2507 1873 2580 plagis;
1933 2508 1992 2564 id
2047 2514 2156 2577 est,

500 2594 716 2651 misere
751 2597 1205 2669 torquebuntur,
1223 2598 1365 2670 quia
1392 2598 1647 2653 scientes
1668 2599 2085 2672 despexerunt.

569 2774 732 2830 Vers.
764 2778 851 2829 48.
886 2775 999 2842 Qui
1021 2791 1155 2833 vero
1204 2806 1271 2816 —
1318 2778 1550 2845 paucis.
1611 2776 1784 2849 Atqui
1843 2776 2161 2847 ignorabat

500 2861 859 2919 voluntatem
889 2864 1141 2929 domini,
1188 2865 1293 2920 sed
1326 2873 1525 2921 tamen
1579 2868 1658 2921 ita
1700 2881 1947 2939 quoque
1973 2882 2160 2938 vapu-

498 2951 645 3007 labit
671 2969 686 3019 ;
710 2969 846 3008 cum
870 2954 1026 3008 enim
1055 2955 1202 3009 scire
1230 2954 1533 3026 potuisset,
1562 2970 1683 3011 non
1713 2956 1880 3010 scivit
1912 2970 1926 3011 :
1960 2971 2157 3028 neque

500 3045 701 3097 tamen
732 3046 986 3109 tantum,
1043 3048 1107 3097 ut
1150 3045 1312 3114 prior
1348 3061 1361 3100 :
1397 3043 1491 3100 ille
1534 3043 1830 3116 siquidem
1867 3044 2155 3116 despexit:

499 3130 593 3186 hic
613 3145 748 3186 vero
798 3132 995 3202 segnis
1042 3132 1192 3189 fuit:
1249 3133 1486 3203 gravior
1535 3137 1733 3189 autem
1784 3138 1874 3188 est
1913 3133 2159 3202 segnitie

499 3224 895 3293 contemptus.
930 3222 1233 3293 Signiﬁcat
1264 3228 1463 3279 autem
1488 3221 1752 3289 ﬁdelem,
1784 3223 2158 3293 ignorantem

501 3325 573 3365 ex
602 3309 840 3379 ignavia
897 3327 966 3367 ac
1003 3312 1261 3372 ruditate
1320 3313 1417 3368 Dei
1465 3312 1853 3368 voluntatem.
1890 3312 2159 3367 [nﬁdeles

500 3400 681 3465 enim,
709 3415 831 3455 non
854 3416 925 3456 ex
957 3401 1205 3471 segnitie
1236 3403 1332 3458 Dei
1364 3402 1729 3457 voluntatem
1752 3402 2157 3471 ignorant,sed

498 3488 833 3545 voluntario
858 3506 1053 3546 errore
1083 3507 1152 3547 ac
1178 3490 1533 3547 immutabili
1559 3492 1869 3562 pravitate.

569 3579 731 3634 Vers.
772 3581 860 3634 48.
895 3579 1068 3636 Omni
1110 3587 1303 3637 autem
1344 3611 1411 3621 —
1466 3586 1781 3653 quaeretur.
1843 3582 1910 3635 Et
1933 3579 2048 3635 hoc
2079 3579 2154 3635 de

501 3668 842 3741 pastoribus
871 3668 1095 3726 dictum
1124 3670 1212 3726 est
1239 3688 1257 3737 ;
1285 3670 1376 3726 his
1397 3673 1558 3726 enim
1585 3685 1808 3739 magna
1838 3669 2033 3739 gratia
2071 3670 2158 3724 in-

500 3757 769 3816 tellectus
799 3758 1016 3814 divinas
1041 3759 1360 3815 voluntatis
1387 3760 1524 3815 data
1565 3765 1676 3824 est,
1712 3758 1785 3814 ad
1821 3774 2029 3813 eorum
2052 3759 2158 3830 qui

502 3852 846 3919 pascuntur,
878 3848 1188 3905 utilitatem
1214 3866 1228 3916 ;
1254 3849 1390 3905 ideo
1415 3851 1614 3915 etiam,
1647 3855 1938 3920 tanquam
1960 3848 2038 3904 ab
2066 3848 2160 3903 his

500 3939 605 4008 qui
640 3937 827 3993 multa
848 3942 1201 4010 acceperunt
1233 3938 1467 4004 talenta,
1517 3937 1770 3993 multum
1802 3936 1948 3992 lucri
1974 3937 2048 3992 ab
2078 3937 2162 3993 eis

448 4098 455 4105 σ
501 4032 818 4098 quaeretur.
862 4028 1031 4092 Quod
1070 4032 1269 4083 autem
1291 4027 1637 4099 pastoribus
1676 4027 1816 4082 data
1844 4026 1917 4081 sit
1950 4027 2159 4095 gratia,

501 4114 680 4172 etiam
715 4114 934 4170 Paulus
955 4114 1118 4182 dicit,
1146 4115 1411 4171 scribens
1441 4115 1517 4171 ad
1557 4115 1931 4170 Timotheum
1964 4130 1978 4167 :
2020 4114 2166 4170 Noli

501 4204 804 4273 negligere
834 4204 1091 4274 gratiam
1111 4219 1246 4272 quce
1271 4205 1335 4259 in
1386 4212 1441 4260 te
1470 4212 1573 4269 est,
1628 4220 1755 4276 quae
1781 4204 1888 4259 tibi
1920 4204 2063 4260 data
2085 4210 2164 4259 est

504 4308 629 4349 cum
676 4291 1051 4360 impositione
1078 4308 1366 4350 manuum
1394 4294 1743 4365 presbyterii
1768 4294 1837 4349 ³⁸.

524 4408 533 4417 α
574 4383 732 4437 Vers.
792 4384 880 4437 48.
935 4383 1168 4439 Et—eo.
1229 4382 1594 4454 Exemplaris
1638 4382 1880 4454 quidem
1919 4398 2160 4449 sermo;

504 4476 594 4529 est
632 4475 828 4527 autem
881 4476 937 4527 et
984 4471 1080 4527 hic
1135 4473 1210 4528 de
1254 4472 1501 4528 eisdem.
1565 4472 1670 4528 Cui
1713 4473 1871 4527 enim
1911 4473 2165 4529 multam

506 4577 807 4618 summam
833 4561 910 4617 ad
930 4562 1389 4630 negotiationem
1415 4562 2009 4627 commendaverunt,
2033 4562 2166 4635 plus

502 4650 651 4707 lucri
672 4666 747 4707 ex
775 4651 1176 4720 negotiatione
1208 4656 1406 4724 petent
1447 4652 1525 4708 ab
1552 4667 1644 4707 eo.
1681 4652 1765 4708 Ita
1788 4657 1845 4707 et
1879 4651 2163 4707 Christus,

505 4741 597 4797 cui
619 4740 874 4797 multum
898 4740 1100 4811 gratim
1143 4740 1741 4813 commendavit,plus
1788 4744 1949 4812 petet
1963 4739 2041 4796 ab
2069 4756 2163 4796 eo.

505 4830 568 4887 Ei
615 4829 775 4886 enim
806 4830 1147 4887 concredita
1176 4837 1262 4886 est
1311 4845 1426 4888 non
1473 4829 1669 4887 solum
1718 4829 1961 4902 propria
2004 4830 2166 4887 salus
2204 4853 2215 4861 ι

503 4935 710 4976 verum
730 4919 913 4976 etiam
937 4919 1169 4993 populi.

520 5006 533 5028 '
575 5007 741 5066 Vers.
802 5010 891 5066 49.
924 5009 1119 5080 Ignem
1154 5038 1225 5051 —
1271 5017 1515 5067 terram.
1567 5012 1771 5080 ignem
1808 5024 1970 5065 nunc
2007 5009 2159 5077 dicit,

505 5096 685 5155 ﬁdem
731 5112 801 5154 ac
826 5096 916 5153 sui
958 5096 1355 5163 dilectionem,
1396 5097 1818 5155 demonstrans
1850 5098 2167 5154 vehemen-

577 5224 622 5259 "’
654 5221 858 5279 Matth.
893 5238 1054 5292 xxxv,
1085 5225 1175 5278 45.
1253 5223 1302 5259 9⁸
1334 5222 1383 5277 Ι.
1414 5222 1568 5279 Tim.
1602 5238 1679 5289 1v,
1716 5223 1799 5278 14.

2274 1888 2496 1945 σθησαν.

2342 1976 2457 2029 Ἐὰν
2490 1972 2550 2028 δὲ
2570 2006 2639 2016 -—
2681 1978 2845 2034 θήσει.
2893 1973 3209 2035 ’Λκολούθως
3232 1972 3280 2026 ἓν
3310 1972 3480 2044 ἐκείνῳ
3510 1980 3582 2044 τῷ
3618 1970 3921 2045 κεφαλαίῳ

2268 2070 2356 2116 καὶ
2389 2072 2555 2117 ταῦτα
2583 2065 2703 2140 ἓῤῥή
2715 2066 2801 2132 θη,
2822 2068 2911 2116 καὶ
2941 2065 3263 2139 ἠρμηνεύθη.

2339 2155 2557 2216 Ἐκεῖνος
2631 2185 2685 2195 --
2756 2152 2968 2214 πολλάς.
3041 2157 3163 2226 Περὶ
3244 2160 3345 2205 τῶν
3414 2150 3719 2224 μελλόντων
3788 2169 3910 2202 ποι-

2268 2248 2465 2316 μαίνειν
2507 2241 2643 2295 ἐστὶν
2693 2245 2718 2295 6
2760 2242 2906 2314 λόγος
2949 2242 3099 2304 οὗτος
3156 2242 3290 2314 ('22).
3347 2239 3571 2313 ἐκφοϐῶν
3634 2244 3780 2301 τοὺς
3837 2239 3908 2291 ci-

2270 2328 2428 2394 δότας
2473 2335 2562 2405 μὶν
2604 2337 2706 2384 πᾶν
2752 2334 2813 2384 τὸ
2864 2330 3060 2403 θελημα
3108 2338 3199 2384 τοῦ
3249 2336 3400 2399 Θεοῦ,
3451 2334 3521 2401 μὴ
3570 2328 3907 2402 ἑτοιμαζόν-

2268 2441 2363 2484 τας
2393 2418 2472 2486 δε,
2507 2425 2769 2486 τουτέστι,
2803 2424 2873 2493 μὴ
2907 2428 3182 2481 ποιοῦντας
3209 2423 3338 2493 πρὸς
3386 2417 3666 2493 ἀρέσκειαν
3701 2417 3897 2482 αὐτοῦ,

2269 2516 2357 2564 καὶ
2401 2508 2903 2586 διαμαρτυρόμενος,
2965 2512 3043 2563 ὅτι
3102 2506 3429 2585 δαρήσονται
3480 2508 3702 2578 πολλὰς,
3761 2506 3895 2563 πλη-

2267 2604 2364 2673 γὰς
2399 2598 2663 2670 δηλονότι,
2696 2604 2957 2666 τουτέστι,
2988 2600 3414 2659 κολασθήσονται
3441 2597 3720 2671 χαλεπῶς,
3743 2594 3891 2650 διότι

2271 2685 2465 2751 εἰδότες
2491 2695 2775 2762 κατεφρόνη
2785 2709 2910 2749 σαν.

2337 2777 2396 2830 Ὀ
2463 2776 2523 2832 δὲ
2570 2810 2634 2818 —-
2693 2777 2889 2851 ὀλίγας.
2954 2783 3052 2832 Καὶ
3120 2783 3223 2852 μήν
3294 2777 3470 2848 ἠγνόει
3545 2780 3603 2829 τὸ
3671 2775 3872 2844 θίλημα

2272 2875 2363 2919 τοῦ
2411 2873 2594 2941 κυρίου
2653 2868 2833 2936 αὐτοῦ,
2877 2866 2984 2919 ἁλλ’
3038 2868 3172 2940 ὅμως
3227 2861 3523 2940 δαρήσεται
3562 2870 3644 2917 καὶ
3690 2862 3859 2925 οὗτος,

2271 2953 2411 3009 διότι
2456 2954 2737 3028 δυνάμενος
2779 2965 2990 3028 γνῶναι,
3050 2957 3143 3009 οὐκ
3192 2959 3340 3028 ἔγνω,
3389 2954 3524 3014 πλήν
3579 2954 3638 3006 οὗ
3683 2958 3870 3006 τοσοῦ-

2269 3065 2379 3102 τον.
2434 3047 2655 3106 Ἐκεῖνος
2705 3049 2793 3118 μεν
2840 3048 2943 3121 γὰρ
2983 3051 3377 3120 κατεφρόνησεν·
3431 3044 3580 3106 οὗτος
3625 3040 3685 3097 δέ
3731 3040 3875 3117 ίρῥφ

2196 3175 2235 3229 C
2273 3136 2494 3208 θύμησε.
2544 3134 2889 3209 Χαλεπωτίρα
2952 3131 3011 3188 δε
3063 3136 3326 3209 ῥᾳθυμίας
3378 3134 3408 3191 ἡ
3460 3137 3873 3207 καταφρόνησις.

2269 3225 2424 3283 Δηλοῑ
2465 3221 2525 3277 δε
2578 3227 2663 3277 τὸν
2713 3228 2922 3289 πιστὸν,
2970 3227 3058 3276 τὸν
3107 3222 3392 3295 ἀγνοοῦντα
3437 3225 3495 3274 τὸ
3537 3221 3741 3293 θέλημα
3783 3224 3873 3271 τοῦ

2269 3322 2420 3378 Θεοῦ,
2462 3309 2556 3366 διὰ
2599 3312 2843 3386 ἀμαθίαν.
2878 3314 2945 3365 Οἱ
2985 3316 3085 3388 γὰρ
3116 3314 3334 3365 ἄπιστοι
3376 3311 3470 3363 οὐκ
3515 3308 3570 3362 ἐκ
3612 3312 3876 3385 ῥᾳθυμίας

2267 3403 2515 3475 ἁγνοόῦσι
2573 3406 2630 3455 τὸ
2678 3402 2874 3475 θέλημα
2925 3410 3019 3454 τοῦ
3079 3409 3235 3467 Θεοῦ,
3294 3400 3402 3453 ἀλλ’
3449 3400 3503 3463 ἐξ
3559 3401 3873 3474 αὐθαιρέτον

2267 3492 2463 3554 πλάνης
2491 3497 2581 3544 καὶ
2615 3490 3003 3564 ἂμεταμελήτου
3029 3496 3238 3553 κακίας.

2340 3584 2500 3633 Παντὶ
2551 3576 2610 3632 δὲ
2664 3610 2732 3620 -
2782 3580 3143 3640 ζητηθήσεται
3195 3580 3328 3651 ('23).
3400 3583 3498 3631 Καὶ
3550 3586 3707 3631 τοῦτο
3756 3578 3872 3651 περὶ

2268 3678 2364 3721 τῶν
2417 3675 2815 3742 ποιμαινόντων.
2871 3671 3084 3731 Τούτοις
3137 3671 3239 3743 γὰρ
3296 3664 3510 3720 δίδοται
3568 3668 3699 3721 πολύ
3762 3666 3872 3739 χά-

2267 3778 2435 3833 ρισμα
2465 3764 2719 3820 συνέσεως
2759 3765 2851 3810 τοῦ
2902 3757 3189 3830 θελήματος
3230 3764 3322 3810 τοῦ
3367 3764 3522 3823 Θεοῦ,
3572 3761 3706 3831 πρὸς
3750 3756 3874 3828 ὠφέ-

2267 3848 2403 3900 λειαν
2456 3856 2556 3901 τῶν
2603 3852 3032 3920 ποιμαινομένων.
3099 3851 3188 3899 Διὸ
3253 3851 3366 3915 καὶ,
3442 3849 3507 3907 ὡς
3552 3846 3717 3899 πολλὰ
3786 3844 3872 3898 τά·

2267 3938 2425 3990 λαντα
2486 3936 2743 4002 λαϐόντες,
2803 3936 2964 3989 πολλὰ
3033 3932 3196 4011 κέρδη
3263 3934 3731 3995 ἁπαιτηθήσονταιο
3791 3935 3870 3985 ὅτι

2273 4023 2330 4079 δὲ
2381 4028 2630 4098 χάρισμα
2687 4021 2902 4077 δίδοται
2956 4032 3066 4087 τοῖς
3118 4028 3476 4097 ποιμαίνουσι,
3527 4029 3662 4097 φησὶ
3710 4026 3793 4075 καὶ
3842 4020 3867 4070 ὁ

2272 4115 2491 4177 Παῦλος,
2530 4117 2741 4189 γράφων
2770 4118 2903 4187 πρὸς
2928 4116 3197 4186 Τιμόθεον
3239 4118 3326 4173 Μὴ
3365 4112 3539 4187 ἀμέλει
3578 4121 3670 4167 τοῦ
3705 4113 3754 4165 ἑν
3787 4112 3864 4162 σοὶ

2271 4209 2626 4278 χαρίσματος,
2659 4203 2685 4256 ὃ
2715 4201 2872 4261 ἐδόθη
2922 4223 3005 4256 σοι
3044 4206 3174 4275 μετὰ
3215 4201 3489 4265 ἐπιθέσεως
3537 4212 3636 4255 τῶν
3678 4208 3863 4275 χειρῶν

2271 4302 2364 4347 τοῦ
2389 4292 2784 4368 πρεσϐυτερίου.

2346 4387 2538 4436 Καὶ-
2584 4382 2760 4440 αὐτόν,
2794 4377 3282 4454 Παραδειγματικός
3333 4383 3422 4452 μὶν
3465 4382 3492 4432 ὁ
3535 4381 3703 4453 λόγος,
3753 4381 3858 4431 ἔστι

2277 4468 2335 4526 δε
2363 4478 2453 4525 καὶ
2483 4471 2629 4534 οὗτος
2668 4476 2785 4544 περὶ
2824 4480 2922 4523 τῶν
2958 4474 3224 4525 τοιούτων.
3276 4469 3475 4544 Ὠσπερ
3506 4474 3627 4542 γὰρ,
3734 4483 3859 4535 παρα

2276 4564 2442 4615 ἑθεντό
2515 4580 2647 4623 τινες
2719 4559 2845 4613 πολὺ
2902 4559 3173 4631 κεφάλαιον
3237 4559 3308 4621 εἰς
3365 4557 3630 4632 ἕμπορίαν,
3685 4570 3844 4625 mpm"

2278 4655 2483 4725 σότερον
2515 4648 2900 4707 ἀπαιτήσουσιν
2931 4648 3106 4708 αὐτὸν,
3137 4644 3231 4700 διὰ
3249 4651 3308 4700 τό
3326 4647 3379 4711 ἐξ
3406 4647 3641 4721 ἐμπορίας
3654 4638 3838 4714 κέρδος·

2275 4741 2409 4793 οὕτω
2431 4739 2523 4792 καὶ
2560 4740 2585 4791 ὀ
2616 4742 2767 4808 Θεὸς,
2868 4738 3115 4812 παρέθετο
3141 4735 3272 4789 πολὺ
3316 4739 3579 4809 χάρισμα,
3619 4730 3850 4805 περισσό-

2272 4848 2415 4903 τερον
2460 4827 2740 4886 ἀπαιτήσει
2789 4827 2967 4884 αὐτόν.
3015 4833 3283 4900 Χρεωστεῖ
3323 4828 3448 4901 γὰρ,
3501 4825 3559 4878 οὗ
3598 4827 3740 4898 μόνον
3766 4820 3856 4876 τὴν

2274 4920 2460 4973 ἑαυτοῦ
2496 4921 2780 4992 σωτηρίαν,
2806 4915 2934 4969 ἀλλὰ
2961 4919 3051 4969 καὶ
3079 4918 3173 4973 τήν
3192 4922 3286 4968 τοῦ
3311 4913 3459 4969 λαοῦ.

2345 5015 2455 5082 Πῦρ
2493 5038 2563 5048 —
2604 5013 2726 5078 γῆν.
2782 5011 2892 5073 Πῦρ
2949 5003 3085 5076 λέγει
3138 5008 3227 5055 νῦν
3280 5006 3375 5062 τήν
3426 5002 3502 5065 εἰς
3537 5002 3692 5056 αὐτὸν
3747 4998 3868 5071 inpio

2271 5118 2373 5157 πην
2424 5101 2515 5150 καὶ
2579 5101 2777 5162 πίστιν,
2825 5093 3082 5167 ἐμφαίνων
3140 5096 3199 5145 τὸ
3269 5089 3498 5167 σφοδρὸν
3566 5092 3732 5153 αὐτῆς
3787 5090 3870 5141 καὶ

1718 5399 1935 5475 Variae
1966 5399 2293 5478 lectiones
2324 5410 2384 5468 el
2420 5409 2622 5469 notae.

576 5595 689 5663 (21)
738 5588 1148 5661 Οἰκοδεσπότην,
1179 5596 1241 5650 Β.

576 5595 660 5663 (21
738 5595 1148 5661 Οἰκοδεσπότην,
1179 5596 1241 5650 Β.

514 5666 522 5674 ’
577 5595 689 5738 (22;
734 5664 901 5725 Οὗτος
926 5667 951 5717 6
980 5664 1152 5735 λόγος,
1189 5667 1257 5724 B.

2356 5597 2470 5671 (23)
2511 5593 2830 5671 Hentenius
2877 5592 2974 5650 hic
3006 5589 3255 5671 addidit,
3287 5588 3363 5649 ab
3400 5603 3483 5647 eo.
3519 5585 3636 5647 Sed
3672 5588 3877 5645 neuter

2282 5662 2558 5728 meorum
2586 5666 2876 5738 agnoscit,
2905 5663 3029 5740 παρ’
3054 5662 3233 5718 αὐτοῦ.

4091 1243 4094 1457 ι

4091 1484 4094 1631 γ
