4144 6314
301 343 412 400 993

1359 337 1735 393 COMMENT.
1786 335 1852 388 [Ν
1895 332 2162 390 LUCAM.
2205 366 2264 374 ——
2311 337 2470 392 CAP.
2523 340 2643 394 ΧΗ.

3573 342 3672 396 994

303 466 651 544 δραστήριον,
731 462 792 522 ἣν
860 465 908 516 ἓν
984 469 1058 532 τῷ
1135 460 1572 533 ἐννεακαιδεκάτῳ
1647 459 1903 532 κεφαλαίῳ

2041 457 2157 513 iam
2177 474 2245 513 ac
2267 457 2456 531 ipsius
2485 462 2836 529 efﬁcaciam,
2853 479 3035 536 quam
3048 464 3282 522 decimo
3299 481 3462 521 nono
3480 471 3675 537 capite

301 566 396 610 τοῦ
439 558 575 608 κατὰ
625 555 890 608 Ματθαῖον
944 553 1218 625 μάχαιραν
1266 551 1517 623 ὠνόμασε,
1545 555 1634 602 καὶ
1674 550 1905 609 ζήτησον

302 650 410 700 ἐκεῖ
465 650 558 704 τήν
616 643 865 714 ἐξήγησιν
939 649 1048 693 τοῦ’
1117 645 1200 697 Μή
1267 645 1534 712 νομίσητε,
1607 640 1685 690 ὅτι
1755 636 1908 695 ἦλθον

307 735 485 810 βαλεῖν
546 734 751 807 εἰρήνην
774 732 859 784 ἐπὶ
887 735 979 788 τήν
1008 738 1128 802 γῆν.
1158 730 1266 781 Οὐκ
1295 727 1446 787 ἦλθον
1479 728 1654 800 βαλεῖν
1681 731 1909 799 εἰρήνην,

307 824 435 876 ἀλλὰ
455 826 748 895 μάχαιραν.

386 920 484 966 Καὶ
525 944 589 952 -
632 913 832 982 ανήφθη
863 929 874 972 ;
909 914 1006 962 Καὶ
1053 913 1104 960 τί
1151 907 1320 960 πλεῖον
1354 908 1500 975 θέλω,
1547 906 1628 958 έάν
1669 904 1908 976 tamen;

308 1009 372 1055 Τί
427 1002 598 1054 πλεῖόν
646 1000 876 1072 ἀναμένω
934 998 981 1050 ἐν
1039 1007 1111 1068 τῷ
1141 1003 1358 1069 κόσμῳ;
1394 1004 1572 1050 Ταυτα
1627 992 1685 1047 δὲ
1731 994 1912 1065 λέγων,

312 1088 520 1156 ἐδήλου,

311 1180 529 1252 ἀναφθὲν
582 1179 676 1231 οὐκ
721 1181 793 1230 ἔτι
844 1176 1215 1241 σϐεσθήσεται,
1272 1174 1398 1226 ἀλλὰ
1439 1181 1607 1226 πᾶσαν
1647 1170 1910 1245 ἐπιδράμῃ

606 1091 686 1142 ὅτι
765 1085 871 1147 ἤδη
925 1087 1126 1154 ἀνήφθη
1191 1086 1239 1139 ἐν
1310 1094 1418 1146 τοῖς
1483 1089 1756 1157 μαθηταῖς,
1825 1088 1913 1134 καὶ

313 1271 428 1340 (24)
450 1274 539 1326 τήν
570 1268 883 1338 οἰκουμένην,
917 1271 1005 1317 καὶ
1035 1267 1115 1317 ὅτι
1142 1264 1320 1316 λοιπόν
1367 1263 1524 1323 αὐτὸς
1567 1261 1912 1334 μεταϐήσεται

316 1357 420 1410 ἀπὸ
449 1367 542 1420 τῆς
580 1356 802 1408 ἐνταῦθα
832 1357 988 1416 ζωῆς.

384 1537 667 1605 Βάπτισμα
728 1564 786 1573 -
863 1531 1102 1604 βαπτισθ
1115 1540 1255 1589 ῆναι.

307 1627 513 1697 γορεύει
552 1627 668 1694 περὶ
698 1629 788 1674 τοῦ
840 1621 1061 1672 θανάτου
1092 1620 1271 1684 αὑτοῦ,
1295 1621 1372 1671 ὅτι
1427 1621 1705 1690 Βάπτισρια
1749 1618 1913 1690 μέλλω

1342 1535 1706 1603 Φανερωτερον
1782 1548 1915 1601 προα

316 1712 698 1784 βαπτισθῆναι,
744 1714 801 1762 τὸ
854 1706 927 1762 δι’
974 1710 1210 1781 αἳματος·
1253 1707 1534 1780 βάπτισμα
1574 1714 1666 1764 τήν
1709 1712 1912 1779 σφαγήν

318 1802 477 1855 αὑτοῦ
507 1800 751 1865 καλέσας,
793 1802 861 1860 ὡς
899 1801 1182 1871 καθάρσιον
1213 1800 1380 1869 ἡμων,

394 1895 490 1944 Καὶ
543 1898 648 1949 πῶς
695 1920 764 1928 -
800 1888 1035 1959 τελεσθῇ.
1073 1892 1173 1940 Καὶ
1221 1890 1410 1938 ὡσανεὶ
1442 1886 1661 1958 ἀγωνιῶ,
1698 1882 1791 1938 διὰ
1819 1891 1912 1943 τὴν

317 1977 654 2053 βραδύτητα.
686 1979 920 2047 Ἐνέφηνε
949 1973 1025 2046 δε,
1060 1978 1139 2028 ὄτι
1187 1975 1442 2047 ἐπείγεται
1492 1985 1756 2048 σφαγῆναι
1786 1977 1912 2046 ὑπὲρ

314 2072 483 2142 ἡμῶν,
525 2073 614 2120 καὶ
643 2066 889 2125 ἑκουσίως
920 2062 1232 2118 ἐπιδίδωσιν
1264 2065 1470 2120 ἑαυτὸν.

391 2253 594 2298 Δοκεῖτε
653 2276 724 2284 —
773 2241 1142 2317 διαμερισμόν.
1210 2245 1392 2305 Καθὼς
1457 2243 1731 2317 εἰρήκαμεν
1790 2242 1913 2294 ἀνω-

319 2341 471 2410 τέρω,
528 2336 756 2395 ζήτησον
812 2333 860 2385 έν
909 2342 982 2404 τῷ
1035 2331 1468 2404 ἐννεακαιδεκάτῳ
1512 2333 1769 2404 κεφαλαίῳ
1824 2341 1914 2384 τοῦ

314 2427 452 2477 κατὰ
505 2426 770 2476 Ματθαῖον
827 2427 921 2482 τήν
979 2421 1228 2494 ἐξήγησιν
1259 2430 1370 2476 τοῦ.
1415 2427 1498 2480 Μὴ
1537 2427 1805 2493 νομίσητε,
1837 2424 1916 2473 ὅτι

316 2513 472 2573 ἦλθόν
514 2514 690 2586 βαλεῖν
744 2517 950 2586 εἰρήνην
1000 2511 1084 2563 ἐπὶ
1127 2516 1218 2570 τήν
1266 2520 1384 2581 γῆν.
1420 2512 1527 2563 Οὐκ
1560 2509 1711 2569 ἦλθον
1739 2509 1916 2582 βαλεῖν

316 2605 544 2677 εἰρήνην,
588 2601 716 2654 ἀλλά
740 2604 1034 2674 μάχαιραν.

388 2693 640 2746 ..Εσονται
679 2723 744 2731 -
798 2696 962 2762 τρισί.
1007 2692 1182 2744 Ταῦτα
1233 2695 1327 2747 τὴν
1370 2689 1486 2741 καθ’
1536 2690 1767 2763 ἱστορίαν
1808 2689 1916 2751 ἐξῆ.

315 2802 475 2854 γησιν
529 2781 620 2832 οὐκ
667 2777 1018 2851 ἐπιδεχόμινα
1071 2778 1205 2850 (25),
1258 2782 1392 2830 κατὰ
1445 2777 1718 2849 ἀναγωγὴν
1767 2784 1916 2850 μόνον

319 2873 671 2946 ἐρμηνευτέον.
719 2867 874 2920 Ἔστι
920 2870 1022 2942 γὰρ
1071 2866 1207 2928 οἶκος
1231 2871 1321 2940 μὲν
1370 2870 1459 2930 εἷς,
1497 2871 1526 2926 ή
1587 2877 1678 2920 τοῦ
1728 2877 1916 2921 πιστοῦ

319 2961 499 3030 ψυχή·
568 2965 714 3012 πέντε
763 2955 842 3023 δὲ,
904 2960 959 3011 αἱ
1012 2956 1058 3008 ἐν
1082 2958 1210 3030 αὐτῇ
1276 2964 1422 3011 πέντε
1480 2957 1746 3031 δυνάμεις,
1780 2968 1916 3025 νους,

323 3047 552 3115 διάνοια,
597 3045 744 3114 δόξα,
796 3052 1078 3119 φαντασία,
1127 3053 1217 3099 καὶ
1276 3047 1542 3111 αἴσθησις,
1585 3057 1769 3110 αἱτινες
1820 3054 1919 3124 πρὸ

2023 549 2320 619 Evangelii
2333 551 2601 606 secundu
2612 569 2670 608 m
2683 553 3023 610 Matthmum
3035 555 3354 627 appellavit
3367 554 3637 624 gladium
3655 571 3669 611 ε

2019 637 2100 691 ibi
2120 653 2261 707 ergo
2289 656 2489 711 qurere
2507 641 2642 697 dicti
2659 642 2813 699 illius
2832 643 3272 701 enarrationem
3297 665 3308 703 :
3344 646 3422 701 Ne
3436 644 3672 717 putetis,

2019 726 2172 795 quod
2201 731 2455 785 venerim
2484 745 2688 798 pacem
2715 732 3000 788 missurus
3037 733 3100 789 in
3130 741 3389 800 terram;
3413 750 3526 790 non
3548 733 3678 790 veni

2018 829 2225 883 pacem
2251 817 2560 884 missurus,
2602 822 2705 875 sed
2731 823 2995 890 gladium
3023 826 3092 879 9°.

2094 904 2253 960 Vers.
2307 910 2394 962 49.
2429 909 2502 962 Et
2530 939 2602 950 ——
2629 925 2906 966 accensus
2950 913 3084 968 est?
3129 915 3196 967 Et
3233 913 3380 984 quid
3417 912 3676 985 amplius

2025 991 2212 1048 volo?
2253 995 2310 1049 Si
2357 997 2538 1052 etiam
2607 1014 2898 1055 accensus
2954 1009 3061 1071 est,
3108 1002 3257 1074 quid
3306 1003 3564 1073 amplius
3613 1002 3677 1056 in

2023 1083 2248 1138 mundo
2273 1091 2548 1157 exspeCto
2579 1089 2608 1145 7
2630 1087 2766 1145 Haec
2791 1095 2995 1146 autem
3033 1091 3236 1147 dicens
3279 1091 3676 1162 signiﬁcabat,

2023 1171 2185 1240 quod
2223 1173 2284 1228 in
2322 1174 2627 1247 discipulis
2653 1177 2780 1248 jam
2810 1195 3100 1234 accensus
3132 1187 3276 1250 erat,
3311 1186 3368 1236 et
3392 1195 3681 1236 accensus

2023 1259 2307 1333 deinceps
2330 1279 2449 1319 non
2464 1267 2955 1337 exstingueretur,
2972 1268 3078 1324 sed
3095 1269 3304 1326 orbem
3319 1271 3680 1341 percurreret

2026 1345 2360 1402 universum
2391 1390 2406 1415 ,
2431 1365 2774 1423 quanquam
2803 1352 2866 1425 (j)
2883 1354 3014 1426 jam
3037 1354 3160 1426 ipse
3197 1373 3230 1410 a
3252 1354 3534 1426 praesenti
3564 1353 3681 1410 vita

2026 1436 2321 1494 transiret.

2096 1523 2259 1582 Vers.
2313 1531 2396 1583 50.
2450 1529 2811 1599 Baptismata
2848 1563 2915 1572 —-
2949 1533 3260 1602 baptizari.
3314 1532 3678 1589 Manifestius

2024 1613 2290 1682 praedicit
2333 1617 2407 1671 de
2454 1625 2643 1674 morte
2696 1637 2824 1678 sua.
2874 1621 3226 1692 Baptismate
3278 1622 3674 1694 baptizandus

2026 1717 2183 1768 sum,
2218 1705 2383 1775 quod
2413 1712 2503 1762 est
2530 1723 2629 1778 per
2656 1712 3009 1779 sanguinem
3040 1727 3052 1766 :
3077 1711 3392 1784 baptisma,
3420 1711 3568 1766 dixit
3587 1709 3678 1765 sui

1945 1802 1988 1858 Β
2025 1792 2399 1862 occisionem,
2438 1802 2728 1870 tanquam
2780 1800 2965 1856 nostri
2997 1801 3497 1872 puriﬁcationem.

2107 1887 2270 1942 Vers.
2303 1887 2386 1942 50.
2416 1886 2491 1942 Et
2521 1889 2946 1958 quodammodo
2974 1890 3055 1962 (Ic)
3092 1921 3156 1930 —
3201 1891 3580 1960 perﬁciatur.
3615 1891 3682 1944 Et

2024 1977 2202 2033 veluti
2252 1977 2465 2032 anxius
2519 1993 2657 2032 sum
2709 1985 2951 2050 propter
3005 1979 3361 2047 tarditatem,
3416 1977 3682 2035 Ostendit

2022 2071 2242 2133 autem,
2271 2066 2437 2137 quod
2467 2065 2770 2123 festinaret
2805 2067 2958 2124 mori
2995 2084 3103 2139 pro
3142 2067 3338 2134 nobis,
3392 2073 3446 2124 et
3475 2067 3682 2124 volun-

2023 2155 2166 2210 tarie
2195 2154 2352 2226 seips
2363 2171 2461 2210 um
2486 2155 2761 2213 traderet.

2095 2246 2251 2299 Vers.
2275 2245 2366 2300 5t.
2398 2244 2629 2300 Putatis
2650 2278 2715 2287 —
2748 2249 3201 2316 separationem.
3244 2249 3470 2316 Quaere,
3501 2247 3683 2303 veluti

2023 2334 2298 2405 superius
2342 2333 2626 2400 diximus,
2659 2334 2893 2390 decimo
2923 2351 3082 2391 nono
3133 2336 3328 2406 capite
3377 2335 3686 2406 Evangelii

2024 2423 2357 2478 secundum
2410 2425 2741 2479 Mattliaaum
2797 2425 2938 2480 dicti
2986 2425 3143 2480 illius
3194 2428 3678 2482 enarrationem:

2023 2512 2112 2569 Ne
2125 2515 2359 2581 putetis,
2380 2513 2537 2584 quod
2553 2514 2805 2569 venerim
2816 2529 3021 2582 pacem
3039 2516 3322 2571 missurus
3341 2517 3399 2571 in
3419 2521 3642 2571 terram
3666 2529 3682 2572 :

2024 2619 2139 2657 non
2165 2603 2299 2658 veni
2317 2616 2525 2670 pacem
2555 2603 2852 2673 missurus,
2880 2604 2980 2660 sed
2996 2604 3284 2674 gladium.

2095 2693 2254 2746 Vers.
2310 2696 2396 2746 52.
2459 2691 2652 2745 Erunt
2682 2721 2754 2733 -—
2782 2699 2920 2748 tres.
2979 2693 3114 2748 Haec
3152 2695 3325 2764 juxta
3371 2693 3684 2750 historiam

2026 2780 2402 2836 enarratione
2428 2796 2551 2836 non
2573 2786 2766 2850 egent,
2800 2782 2906 2836 sed
2931 2788 3161 2838 tantum
3185 2783 3521 2838 secundum
3544 2799 3687 2839 ana-

2027 2869 2677 2942 gogeninterpretanda
2695 2874 2855 2925 sunt.
2887 2873 3014 2926 Una
3033 2872 3194 2926 enim
3213 2873 3456 2941 domus,
3481 2873 3689 2928 anima

2027 2965 2114 3014 est
2155 2959 2261 3014 viri
2296 2958 2492 3014 ﬁdelis
2524 2975 2536 3013 :
2570 2959 2838 3031 quinque
2869 2975 3025 3024 vero,
3075 2967 3214 3017 sunt
3255 2963 3524 3034 quinque
3563 2961 3690 3032 ejus

2031 3048 2302 3119 potentiae
2331 3065 2344 3103 :
2375 3053 2521 3119 puta
2549 3064 2744 3116 mens,
2791 3049 3192 3119 intelligentia,
3229 3050 3454 3122 opinio,
3497 3051 3693 3123 phan-

323 3142 414 3211 μὲν
458 3147 546 3190 τοῦ
579 3138 732 3209 λόγου
768 3145 860 3197 τῆς
902 3142 1129 3198 πίστεως
1177 3140 1389 3200 ήνωντο,
1436 3142 1723 3204 τουτέστιν,
1789 3142 1917 3211 ὡμο-

2037 3139 2209 3206 tasia,
2237 3143 2292 3193 et
2321 3154 2534 3192 sensus
2563 3155 2576 3192 :
2605 3155 2741 3210 quae
2772 3145 2908 3194 ante
2943 3139 3082 3194 ﬁdei
3123 3155 3463 3195 sermonem
3513 3140 3690 3196 unitas

320 3235 516 3300 φώνουν
574 3227 646 3289 εἰς
687 3222 1007 3298 φιληδονίαν
1050 3229 1180 3297 μετὰ
1225 3224 1282 3278 δὲ
1337 3230 1392 3278 τό
1443 3225 1775 3300 ἐπιδημῆσαι
1804 3238 1924 3288 τοὺς

318 3337 404 3370 τον
478 3317 682 3381 αὑταῖς,
749 3312 1280 3387 διαμερισθήσονται’
1367 3319 1422 3368 αἱ
1488 3325 1619 3388 τρεῖς
1698 3321 1788 3389 μὲν
1869 3321 1923 3371 αἱ

318 3406 546 3477 λογικαὶ,
582 3407 606 3457 ό
646 3414 784 3470 νοῦς,
817 3409 905 3457 καὶ
939 3407 966 3462 η
1017 3401 1244 3470 διάνοια,
1282 3410 1371 3457 καὶ
1410 3407 1439 3463 ἡ
1484 3403 1632 3470 δόξα,
1661 3411 1792 3459 κατά
1821 3417 1919 3460 τῶν

320 3492 417 3547 δύο
471 3494 690 3566 ἀλόγων,
735 3501 830 3554 τῆς
867 3512 920 3545 τε
975 3499 1261 3565 φαντασίας
1315 3500 1404 3546 καὶ
1451 3505 1547 3557 τῆς
1601 3496 1915 3559 αἰσθήσεως,

320 3589 390 3656 μή
445 3591 818 3656 συμφωνοῦσαι
867 3587 1087 3644 ταύταις
1135 3584 1201 3643 εἰς
1248 3582 1546 3655 ἐμπάθιιαγ
1600 3586 1654 3637 αἱ
1705 3583 1801 3639 δύο
1861 3585 1919 3639 δὲ

321 3674 478 3725 αὗται
535 3673 731 3744 ﬂagrat,
764 3676 899 3725 κατὰ
939 3681 1036 3724 τῶν
1088 3681 1240 3745 τριῶν
1285 3672 1484 3726 ἐκείνων
1527 3683 1627 3727 τῶν
1675 3675 1914 3747 λογικῶν,

317 3767 388 3834 μή
423 3759 752 3834 συνᾴδουσαι
799 3761 1006 3823 ἐκείνοις
1052 3762 1122 3822 εἰς
1161 3761 1432 3830 ἀπάθειαν,
1464 3764 1556 3824 ἓως
1587 3763 1646 3816 ἄν
1707 3768 1730 3817 ό
1768 3766 1918 3838 λόγος

317 3857 430 3909 νική
443 3870 505 3922 σῃ
547 3856 628 3908 τήν
661 3850 893 3920 ἀλογίαν.

391 3945 492 3993 Καὶ
548 3940 664 3991 καθ’
719 3941 885 4014 ἕτερον
943 3935 1002 3990 δὲ
1054 3945 1260 4012 τρόπον.
1297 3940 1532 4014 Ἐπείπερ
1577 3943 1602 3994 ὁ
1648 3945 1917 4008 ἄνθρωπος

316 4034 465 4082 πέντε
531 4033 620 4102 μὲν
679 4031 790 4100 ἔχει
851 4025 1095 4099 δυνάμεις
1146 4037 1234 4089 τῆς
1290 4030 1494 4101 ψυχῆς,
1547 4035 1635 4093 τὰς
1679 4053 1919 4110 προειρη-

318 4124 494 4191 μένας
554 4123 698 4170 πέντε
761 4115 819 4170 δὲ
901 4117 1171 4178 αἰσθήσεις
1239 4127 1328 4170 τοῦ
1393 4127 1654 4192 σωματος,
1714 4125 1916 4196 ὅρασιν,

321 4209 503 4265 ἀκοήν·
564 4207 841 4279 ὄσφρησιν,
901 4215 1080 4277 γεῦσιν
1129 4209 1265 4276 (25),
1309 4214 1397 4261 καὶ
1449 4210 1603 4281 ἁφήν·
1639 4210 1776 4275 οἶκος
1831 4219 1918 4285 μὲν

321 4297 381 4349 ἂν
427 4300 500 4353 εἴη
563 4299 586 4347 ό
636 4298 922 4370 ἅνθρωπος·
971 4298 1175 4348 ἔσονται
1226 4294 1283 4349 δέ
1321 4302 1468 4350 πέντε
1525 4298 1573 4350 ἐν
1624 4302 1764 4372 αὐτῷ
1799 4300 1922 4356 δια-

322 4390 716 4459 μεμερισμέναι,
785 4389 961 4456 ἤγουν,
1021 4388 1075 4436 αί
1140 4393 1272 4458 τρεῖς
1327 4388 1417 4456 μεν
1475 4387 1679 4458 λογικαὶ
1763 4387 1920 4444 δυνα-

2031 3235 2218 3294 erant,
2251 3229 2364 3282 hoc
2393 3234 2498 3292 est,
2550 3229 2610 3282 in
2664 3229 3036 3300 voluptatum
3091 3245 3295 3285 amore
3348 3231 3689 3285 concordes.

2030 3316 2362 3388 Postquam
2387 3322 2587 3372 autem
2605 3317 2681 3372 ad
2708 3333 2809 3372 eas
2839 3333 3037 3373 sermo
3059 3317 3154 3372 ille
3177 3318 3462 3388 pervenit,
3483 3317 3691 3372 divisae

2030 3410 2170 3460 sunt.
2196 3412 2309 3461 tres
2334 3405 2674 3470 rationales,
2708 3422 2892 3473 mens,
2925 3407 3306 3476 intelligentia
3337 3413 3392 3462 et
3432 3406 3636 3478 opinio
3673 3423 3687 3472 ;

2030 3495 2323 3551 adversus
2370 3495 2522 3550 duas
2563 3494 2956 3560 irrationales,
2979 3502 3144 3568 puta,
3178 3497 3579 3568 phantasiam,
3634 3503 3692 3551 et

2029 3601 2294 3651 sensum,
2327 3601 2448 3641 non
2489 3585 2816 3642 concordes
2847 3602 2984 3642 cum
3033 3587 3180 3658 ipsis
3213 3590 3275 3642 in
3319 3586 3636 3642 affectione
3672 3603 3687 3643 :

2025 3675 2120 3730 has
2160 3690 2297 3730 vero
2335 3673 2706 3730 irrationales
2741 3679 2949 3731 contra
2995 3679 3115 3730 tres
3166 3675 3483 3747 praedictas
3514 3675 3692 3731 ratio-

2025 3764 2214 3830 nales,
2249 3779 2368 3820 non
2400 3779 2682 3820 consona;
2713 3779 2852 3819 cum
2880 3764 2962 3819 eis
2989 3764 3049 3818 in
3076 3765 3486 3821 immobilitate
3531 3764 3692 3821 circa

2025 3851 2385 3918 affectiones,
2419 3851 2610 3908 donec
2638 3852 2788 3908 ratio
2818 3853 3017 3908 vincat
3045 3852 3586 3908 irrationalitatem.

2097 3945 2383 3998 Praeterea
2406 3947 2463 3998 et
2493 3941 2613 3997 alio
2652 3941 2856 3998 modo.
2889 3943 3035 3997 Cum
3057 3942 3241 3998 homo
3271 3941 3493 3998 habeat
3516 3941 3689 4013 quin-

2024 4047 2143 4104 que
2183 4032 2394 4087 animae
2423 4032 2741 4103 potentias,
2783 4036 2840 4087 et
2869 4032 3131 4103 quinque
3166 4047 3376 4086 sensus
3401 4030 3697 4108 corporis,

2027 4121 2243 4187 visum,
2294 4121 2584 4191 auditum,
2646 4122 2948 4187 olfactum,
2999 4127 3243 4192 gustum
3295 4126 3350 4176 et
3407 4125 3634 4176 tactum
3678 4138 3692 4177 :

2028 4211 2248 4266 domus
2273 4226 2408 4266 esse
2439 4217 2630 4282 potest
2667 4212 2794 4283 ipse
2843 4211 3043 4267 homo.
3077 4214 3261 4267 Erunt
3291 4216 3492 4266 autem
3524 4210 3586 4265 in
3614 4225 3686 4265 ea

2028 4300 2297 4372 quinque
2344 4301 2538 4367 divisi,
2594 4301 2862 4357 videlicet
2918 4307 3034 4358 tres
3083 4299 3398 4357 rationales
3450 4299 3668 4354 animm

2032 4389 2332 4461 potentiae,
2383 4407 2570 4457 mens,
2622 4391 3009 4462 intelligentia
3052 4396 3109 4446 et
3137 4390 3362 4462 opinio,
3403 4390 3694 4444 adversus

325 4494 437 4546 μεις
481 4482 574 4536 τῆς
621 4474 828 4544 ψυχῆς,
862 4482 997 4533 νοῦς.
1056 4471 1261 4525 διάνοια
1293 4480 1382 4526 καὶ
1440 4473 1588 4540 δόξα,
1643 4482 1778 4531 κατὰ
1824 4490 1917 4532 τῶν

2037 4479 2294 4552 reliquas
2324 4480 2495 4549 duas,
2545 4481 2923 4552 phantasiam
2972 4485 3028 4536 et
3058 4496 3306 4536 sensum
3335 4496 3349 4535 :
3383 4479 3504 4534 duo
3554 4474 3719 4534 vero

704 4560 838 4627 δύο,
924 4568 1207 4633 φαντασίας
1285 4570 1373 4616 καὶ
1468 4566 1782 4630 αἰσθήσεως
1870 4573 1924 4622 αἱ

319 4647 416 4703 δύο
462 4648 521 4703 δε
562 4656 875 4722 τιμιώταται
922 4651 1194 4710 αἰσθήσεις
1258 4660 1348 4704 τοῦ
1411 4658 1672 4726 σώματος,
1745 4661 1924 4732 ὀρασις

327 4563 596 4616 ἐπιλοίπ

321 4741 411 4787 καὶ
472 4734 622 4801 ἀκοή,
670 4738 804 4788 κατὰ
847 4744 944 4787 τῶν
996 4735 1184 4788 λοιπῶν
1215 4746 1390 4809 τριῶν,
1433 4737 1759 4815 ὀσφρήσεως,
1804 4748 1929 4817 γεύ..

329 4843 454 4885 σεως
501 4829 590 4876 καὶ
632 4825 788 4898 ἁφῆς,
827 4821 1222 4898 διαμαχόμεναι
1269 4830 1486 4892 ταύταις
1542 4835 1630 4883 καὶ
1674 4831 1932 4899 ὑποτάξαι

328 4913 734 4988 φιλονεικοῦσαι.

402 5067 449 5101 ⁹⁹
480 5066 683 5124 Matth.
713 5083 767 5137 x,
822 5070 911 5124 34.

2037 4570 2322 4641 praecipui
2347 4571 2612 4642 corporis
2652 4586 2880 4639 sensus,
2912 4569 3077 4626 visus
3105 4575 3163 4626 et
3191 4568 3450 4635 auditus,
3487 4572 3699 4624 contra

2037 4659 2292 4730 reliquos
2325 4664 2462 4726 tres,
2510 4658 2815 4727 olfactum,
2856 4665 3086 4731 gustum
3131 4665 3188 4715 et
3225 4663 3447 4716 tactum
3479 4674 3495 4715 :
3527 4673 3701 4730 repu-

2040 4755 2290 4820 gnantes
2327 4748 2442 4805 illis
2473 4765 2545 4806 ac
2573 4749 2868 4821 subjicere
2893 4749 3344 4806 contendentes.

1549 5171 1772 5241 Variae
1815 5175 2135 5249 lectiones
2170 5190 2237 5250 et
2283 5191 2485 5251 notae.

397 5337 514 5407 (24)
545 5334 711 5407 Forte
739 5332 1127 5407 ἐπιδραμεῖται.

397 5356 514 5407 (24)
545 5356 574 5391 1‘
591 5356 711 5393 ΟΓῐΕ
739 5356 852 5389 επιο
899 5356 1127 5390 ααειται.

396 5410 508 5481 (25)
533 5356 941 5482 Ἐπιδεχόμεὲαξ
966 5411 1034 5466 Α.
1063 5409 1385 5469 Hentenius
1425 5410 1661 5471 videtur
1711 5413 1930 5486 legisse

393 5586 465 5731 ρ)
488 5587 862 5714 ίέααηιιααητ.
894 5587 1185 5716 Οιιοάίῦᾳε
1211 5619 1283 5633 -
1311 5590 1604 5673 transibit.

417 5659 479 5730 lt)
556 5665 577 5715 t
603 5659 1045 5731 quodammodo.
1128 5659 1322 5716 idetur
1376 5677 1519 5731 ergo
1553 5681 1604 5719 ιι]

365 5729 378 5742 ⁸
394 5659 479 5731 (lt)
501 5659 577 5715 Et
603 5659 1045 5742 quodammodo.

1128 5659 1322 5716 idetur
1376 5677 1519 5731 ergo
1553 5665 1612 5719 in
1649 5670 1812 5722 textu
1849 5664 1932 5723 le-

319 5731 502 5803 gisse,
530 5731 628 5784 καῖ
655 5750 780 5794 πως.
809 5731 975 5789 Hanc
1002 5732 1310 5796 lectionem
1340 5736 1696 5808 comprobat
1759 5736 1936 5796 etiam

2041 5350 2347 5426 ἕπιδεόμενα
2374 5362 2470 5415 τῆς
2496 5353 2809 5425 ἐξηγήσεως.

2110 5425 2227 5498 (26)
2265 5433 2466 5492 Γεῦσιν,
2500 5429 2780 5502 ὄσφρησιν,
2821 5431 2878 5480 Β.

2041 5608 2306 5735 sugject'a
2329 5600 2752 5677 interpretatio,
2792 5620 2937 5662 nam
2962 5605 3149 5658 ὡσανεὶ
3192 5619 3314 5661 non
3350 5608 3439 5661 est
3470 5608 3559 5656 καὶ
3593 5612 3701 5665 πῶς

2043 5696 2106 5735 se
2181 5699 2271 5732 και
2301 5698 2431 5735 πως.
3580 5733 3582 5735 ἓ

2043 5696 2150 5736 sea
2181 5699 2271 5732 και
2301 5698 2431 5740 πως.

3561 5733 3589 5806 J
