4144 6314
597 348 702 403 995

598 577 701 618 sex
729 561 920 628 affert,
956 566 1072 618 tres
1103 562 1261 620 enim
1291 564 1565 621 binarios
1594 565 1888 622 adducit?
1906 570 2032 623 Non
2045 566 2255 622 dividit

595 651 943 724 quinarium
973 651 1034 706 in
1067 653 1394 722 senarium,
1425 655 1522 722 qui
1557 671 1593 710 a
1617 655 1894 727 quinario
1908 655 2210 727 oriatur(t)
2241 677 2250 707 :

599 741 706 795 sed
751 741 1070 811 mysticum
1120 741 1412 814 quiddam
1457 743 1700 800 denotat
1751 745 1846 800 ille
1894 745 2250 818 quinarius:

599 831 902 885 senarium
949 846 1091 886 vero
1122 833 1373 888 assumit
1426 834 1678 904 exempli
1710 834 1927 904 gratia.
1967 833 2118 900 Quid
2167 840 2254 888 est

597 933 762 988 ergo,
807 920 972 991 quod
1013 937 1117 991 per
1145 920 1491 992 quinarium
1541 923 1910 992 signiﬁcatur
1937 923 1964 978 ‘I
2001 924 2255 978 lrrecon-

596 1008 947 1072 ciliabilitas,
994 1009 1352 1083 hederisque
1384 1013 1646 1067 carentia
1687 1018 1816 1084 post
1846 1013 2050 1076 ﬁdem,
2104 1013 2257 1067 inter

597 1114 700 1155 eos
730 1098 828 1170 qui
866 1103 1003 1165 ante
1034 1107 1373 1172 susceptam
1411 1100 1592 1157 ﬁdem
1633 1102 1780 1157 uniti
1821 1108 1992 1158 erant
2037 1117 2251 1172 cogna-

599 1187 757 1243 tione
794 1193 850 1244 et
880 1189 1012 1259 conj
1026 1189 1323 1244 unctione.

671 1276 832 1332 Sicut
900 1276 960 1332 in
1017 1278 1374 1349 quibusdam
1451 1280 1740 1352 quinque,
1811 1285 1958 1353 puta
2018 1280 2256 1336 duobus

595 1365 933 1422 hominibus
973 1371 1028 1422 et
1060 1367 1243 1421 tribus
1289 1367 1491 1432 rebus,
1537 1375 1638 1424 aut
1686 1369 1927 1425 duabus
1972 1368 2154 1424 rebus
2203 1376 2257 1424 et

596 1456 786 1511 tribus
810 1455 1182 1524 hominibus,
1223 1456 1474 1512 diﬁicilis
1510 1459 1779 1530 quaedam
1808 1464 1898 1514 est
1935 1475 2006 1514 ac
2037 1459 2259 1530 impos-

597 1543 786 1599 sibilis
800 1545 1138 1602 conciliatio
1159 1563 1171 1598 :
1191 1561 1330 1601 cum
1344 1545 1460 1603 duo
1483 1548 1759 1604 homines
1775 1549 1851 1604 de
1870 1548 2057 1604 tribus
2077 1550 2257 1604 rebus

595 1633 968 1699 dissentiunt,
1016 1643 1118 1690 aut
1147 1651 1177 1690 e
1217 1636 1515 1692 contrario
1548 1643 1661 1692 tres
1707 1638 1780 1693 de
1812 1638 2049 1693 duabus
2084 1654 2095 1692 :
2131 1654 2259 1692 om-

597 1722 741 1778 nino
771 1725 929 1778 enim
961 1740 1199 1780 necesse
1226 1731 1331 1790 est,
1363 1732 1424 1781 ut
1458 1742 1579 1782 una
1613 1729 1787 1782 trium
1833 1727 2072 1782 duobus
2111 1727 2257 1781 divi-

597 1812 767 1868 datur
818 1812 1186 1878 hominibus,
1233 1814 1325 1870 vel
1359 1814 1494 1870 duae
1543 1831 1636 1870 res
1685 1815 1744 1871 in
1794 1824 1910 1871 tres
1965 1824 2335 1884 secentur,.B

597 1917 737 1964 cum
778 1901 977 1958 nullus
1010 1919 1215 1958 eorum
1260 1903 1514 1960 divisam
1554 1905 1746 1960 sortiri
1790 1905 1947 1961 velit.
1979 1910 2062 1961 ita
2109 1911 2165 1960 et
2195 1906 2253 1960 iu

597 1991 712 2057 his,
745 1993 846 2063 qui
890 1994 1245 2064 cognatione
1278 2000 1379 2048 aut
1408 1994 1828 2064 conjunctione
1881 1995 2028 2050 uniti
2063 2001 2252 2058 erant,

596 2080 1110 2136 dissentientibus.
1151 2085 1302 2139 circa
1331 2082 1510 2138 ﬁdem
1538 2100 1607 2139 ac
1637 2083 1860 2147 divisis,
1889 2091 1946 2138 et
1975 2084 2256 2155 implaca-

597 2169 787 2225 biliter
836 2186 898 2224 se
945 2171 1327 2226 habentibus.
1378 2175 1578 2237 Erunt,
1637 2175 1846 2245 inquit,
1903 2174 2024 2228 duo
2079 2188 2258 2244 super

598 2261 808 2328 tribus,
850 2260 910 2318 id
936 2266 1041 2326 est,
1089 2266 1378 2332 tanquam
1405 2261 1526 2317 duo
1552 2262 1827 2318 homines
1855 2277 2036 2334 super
2073 2261 2256 2316 tribus

596 2350 776 2406 rebus
805 2349 1178 2415 dissidentes,
1216 2354 1274 2405 et
1301 2366 1562 2421 rursum,
1595 2357 1874 2423 tanquam
1922 2357 2037 2406 tres
2067 2350 2256 2406 homi-

600 2455 705 2496 nes
735 2455 915 2512 super
935 2439 1174 2495 duabus
1200 2439 1400 2496 rebus.

670 2705 890 2766 Deinde
911 2704 1074 2778 ponit
1102 2706 1283 2762 etiam
1313 2706 1588 2779 exempla
1605 2708 2034 2777 cognationum
2063 2724 2134 2764 ac
2155 2708 2258 2765 ha-

595 2795 939 2856 bitudinum
965 2811 1174 2852 eorum
1203 2795 1308 2868 qui
1335 2797 1824 2868 propinquissimi
1869 2804 2023 2862 sunt,
2061 2804 2118 2854 et
2142 2799 2256 2854 sibi

599 2889 810 2944 mutuo
855 2884 1113 2940 maxime
1161 2885 1504 2952 familiares,
1561 2887 1664 2940 sed
1703 2887 1878 2942 divisr
1907 2887 2254 2944 acutissimo

596 2972 736 3028 ﬁdei
786 2972 1004 3042 gladio,
1057 2989 1196 3045 quae
1245 2991 1350 3045 per
1395 2975 1876 3046 praedicationem
1917 2977 2253 3032 inducitur:

597 3079 851 3134 quorum
882 3063 1001 3118 duo
1041 3063 1257 3119 binarii
1289 3072 1426 3119 sunt
1456 3066 1749 3136 sanguine
1774 3067 2254 3138 conjunctornm,

598 3152 765 3212 tertia
795 3153 1140 3223 conjunctio
1170 3161 1257 3209 est
1295 3155 1584 3210 aﬂinium.

878 3242 1169 3298 Prwterea
1198 3243 1359 3300 circa
1388 3245 1542 3302 idem
1567 3247 1685 3302 alio
1717 3247 1910 3304 modo.

668 3330 812 3387 Dua‘.
835 3331 1218 3388 habitudines
1233 3332 1522 3390 adversus
1541 3341 1657 3390 tres
1679 3351 2074 3407 personarum
2099 3352 2260 3392 com-

596 3420 969 3477 binationes:
1003 3428 1058 3476 et
1086 3437 1322 3478 rursum
1356 3429 1468 3478 tres
1498 3439 1892 3495 personarum
1946 3425 2261 3481 combina-

598 3512 787 3566 tiones
816 3512 1102 3566 adversus
1128 3510 1281 3568 duas
1302 3511 1714 3570 habitudines:
1749 3515 1935 3587 dupla
1958 3516 2255 3587 siquidem

595 3599 888 3656 habitudo
918 3599 1276 3658 estduorum
1303 3608 1705 3659 extremorum
1734 3621 2052 3676 processus
2082 3606 2253 3660 itera-

597 3693 713 3754 tus,
746 3693 952 3760 utpote
982 3705 1018 3745 a
1055 3695 1222 3760 patre
1249 3691 1328 3746 ad
1357 3691 1571 3758 ﬁlium,
1600 3699 1654 3749 et
1684 3710 1721 3750 a
1746 3693 1868 3749 ﬁlio
1900 3694 1975 3749 ad
2003 3699 2253 3766 patrem,

597 3782 658 3833 et
700 3779 852 3834 itain
872 3780 1098 3834 caeteris
1150 3780 1382 3852 Triplex
1425 3797 1566 3837 vero
1606 3799 2001 3854 personarum
2023 3782 2257 3838 combi-

596 3868 759 3924 natio
797 3874 904 3935 est,
950 3877 1118 3941 pater
1141 3875 1198 3926 et
1228 3871 1404 3936 ﬁlius,
1453 3878 1641 3927 mater
1686 3879 1742 3928 et
1771 3874 1913 3939 ﬁlia,
1963 3890 2171 3928 socrus
2202 3878 2258 3928 et

597 3974 806 4014 nurus.
821 3959 990 4023 Quod
1012 3965 1211 4016 autem
1224 3959 1425 4016 Graece
1445 3961 1660 4017 dicitur
1681 3964 1783 4030 ἐπὶ,
1805 3962 2104 4032 signiﬁcat
2119 3978 2257 4018 con-

597 4053 687 4104 tra
712 4048 805 4104 vel
821 4051 1114 4117 adversus,
1133 4057 1415 4106 utcontra
1429 4051 1817 4108 veladversus
1841 4061 1954 4108 tres
1983 4060 2084 4109 aut
2102 4052 2256 4109 duos

599 4137 678 4194 ad
703 4137 1158 4204 signiﬁcandam
1206 4141 1650 4210 separationem
1684 4142 1774 4196 vel
1810 4142 2254 4198 alienationem.

672 4223 838 4280 Vers.
869 4227 957 4282 53.
995 4227 1385 4282 Dividetur—
1412 4245 1645 4285 socrum
1692 4247 1874 4285 suam.
1912 4232 2051 4288 Haec
2099 4247 2254 4303 prae-

599 4312 770 4369 dictis
796 4330 916 4370 non
961 4320 1098 4370 sunt
1150 4317 1511 4388 coaptanda,
1557 4319 1661 4373 sed
1715 4321 1787 4376 ab
1819 4321 1932 4376 alio
1965 4319 2258 4392 principio

597 4401 874 4473 legenda,
927 4419 998 4460 ac
1049 4405 1381 4461 secundum
1423 4407 1730 4464 historiam
1776 4409 2253 4482 interpretanda;

601 4491 647 4548 si
656 4491 939 4561 gniﬁcant
955 4496 1113 4550 enim
1131 4494 1489 4552 divisionem
1503 4497 1768 4554 ﬁdelium
1787 4499 1864 4555 ab
1881 4499 2224 4558 inﬁdelibus

600 4590 656 4638 et
679 4583 845 4654 quod
872 4584 1389 4656 propinquissimae
1417 4589 1651 4657 generis
1680 4590 2064 4646 habitudines
2092 4609 2260 4664 sepa-

599 4673 914 4735 rabuntur.
940 4673 1092 4743 Lege
1123 4681 1322 4730 autem
1354 4678 1588 4733 decimo
1622 4695 1782 4734 nono
1836 4682 2028 4752 capite
2071 4684 2262 4737 Evan-

600 4762 740 4832 gelii
779 4766 1109 4819 secundum
1164 4765 1504 4822 Matthmum
1543 4767 1682 4823 dicti
1713 4769 1870 4823 illius
1921 4772 2265 4841 interpreta-

600 4846 863 4908 tionem:
904 4853 1044 4909 Veni
1067 4857 1242 4921 enim,
1293 4861 1354 4909 ut
1401 4856 1679 4913 dissidere
1707 4858 1926 4927 faciam
1981 4859 2262 4916 hominem

600 4942 875 5000 adversus
881 4949 1104 5012 patrem
1125 4945 1353 5008 suum‘,
1382 4951 1675 5014 etcaetera,
1706 4963 1833 5020 quae
1864 4949 2260 5020 praesentibus

599 5031 793 5091 verbis
821 5031 1148 5104 plurimum
1173 5033 1498 5091 conformis
1528 5041 1646 5096 est.

673 5159 721 5196 9°
749 5159 946 5216 Matth.
979 5175 1036 5227 ι,
1070 5163 1162 5216 35.

2244 4519 2337 4596 in

1918 344 2264 404 EUTHYMII
2303 333 2640 401 ZIGABENI
3885 348 3979 405 996

668 476 711 542 -ι-
749 471 1081 538 Quomodo,
1114 489 1242 528 cum
1295 473 1558 547 quinque
1608 476 1773 547 prius
1815 476 2042 541 dixerit,
2093 472 2332 532 nuncTA

2440 477 2575 547 [Πῶς
2632 473 2745 546 (27)
2814 480 2958 530 πέντε
3005 477 3180 543 εἰπὼν,
3237 475 3290 540 ἓξ
3341 476 3616 550 ἕπιφέριι;
3683 486 3836 551 τρεῖς
3888 482 3976 548 γὰρ

2367 565 2546 635 ἐπάγει
2606 566 2885 637 συζυγίας.
2936 567 3010 618 Οὗ
3068 572 3160 624 τὴν
3212 568 3549 640 προτεθεῖσαν
3602 563 3864 619 πεντάδα
3920 570 3978 630 εἰς

2367 652 2530 716 ἑξάδα
2560 654 2734 708 ἁπλοῖ·
2767 655 2894 708 ἀλλὰ
2925 654 3017 708 διὰ
3062 659 3151 728 μὲν
3190 664 3285 715 τῆς
3335 653 3588 718 πεντάδος
3637 662 3910 728 μυστικὸν
3938 678 3980 708 τι

2369 741 2540 801 ὃηὶοῖ’
2600 750 2694 802 τὴν
2746 742 2907 808 ἑξάδα
2979 743 3037 798 δὲ
3100 741 3523 817 παραδείγματος
3575 747 3758 798 ἕνεκεν
3827 765 3980 818 παρα-

2367 833 2631 905 λαμϐάνει.
2701 840 2764 888 Τί
2820 831 2906 887 οὖν
2958 842 3016 886 τὸ
3071 831 3163 888 διὰ
3207 843 3302 894 τῆς
3352 831 3602 895 πεντάδος
3662 831 3979 906 δηλούμενον

2368 924 2479 994 (2ης)
2512 944 2523 990 ;
2565 928 2632 976 Τὸ
2673 928 2799 996 μετὰ
2828 929 2922 982 τὴν
2948 930 3126 976 πίστιν
3187 924 3656 977 δυσκατάλλακτον
3693 930 3796 976 καὶ
3828 923 3980 996 eam.

2365 1011 2613 1065 ϐίϐαστον
2640 1023 2739 1064 τῶν
2769 1018 2902 1065 κατά
2935 1017 3234 1085 συγγένειαν
3267 1019 3356 1066 καὶ
3375 1018 3566 1085 σχέσιν
3596 1017 3715 1087 πρὸ
3741 1024 3839 1074 τῆς
3869 1021 3980 1066 πίσ-

2365 1121 2489 1164 τεως
2522 1105 2809 1175 ἡνωμένων.

3461 1284 3650 1352 ἤγουν,
3713 1278 3822 1334 δύο
3903 1286 3978 1352 μὲν

3547 1370 3579 1428 ἣ
3667 1379 3838 1445 τριῶν
3901 1375 3975 1442 μὲν

2368 1461 2667 1534 ἀνθρώπων,
2715 1457 2810 1512 δύο
2869 1457 2928 1512 δὲ
2976 1462 3318 1532 πραγμάτων,
3352 1459 3557 1532 χαλεπὴ
3598 1480 3695 1522 τις
3722 1465 3823 1512 καὶ
3855 1458 3976 1512 ἀδύ-

2436 1281 2632 1355 ’Ὼσπερ
2681 1285 2781 1355 γὰρ
2836 1280 2916 1333 ἐπὶ
2984 1285 3130 1334 πέντε
3210 1289 3381 1347 τινῶν,

2368 1369 2666 1446 ἀνθρώπων,
2740 1372 2892 1442 τριῶν
2965 1367 3023 1423 δὲ
3115 1372 3458 1443 πραγμάτων,

2364 1569 2517 1611 νατος
2580 1551 2610 1607 ἡ
2657 1549 2981 1619 καταλλαγὴ,
3051 1550 3172 1601 ὅταν
3235 1551 3284 1600 οἰ
3352 1547 3449 1601 δύο
3509 1549 3796 1624 ἂνθρωποι
3876 1556 3976 1623 περὶ

2365 1649 2464 1691 τῶν
2532 1647 2684 1713 τριῶν
2737 1641 3057 1712 πραγμάτων
3120 1641 3503 1702 στασιάζωσιν,
3569 1639 3598 1696 ἦ
3679 1639 3973 1691 τούναντίον

2366 1732 2415 1780 οἱ
2470 1737 2602 1802 τρεῖς
2628 1733 2744 1802 περὶ
2787 1737 2886 1779 τῶν
2937 1724 3058 1779 δύο·
3111 1726 3307 1798 ἀνάγκη
3347 1729 3449 1801 γὰρ
3489 1729 3728 1792 πάντως,
3768 1728 3800 1785 ἦ
3843 1730 3899 1778 τὸ
3934 1727 3974 1777 ἓν

2367 1827 2464 1870 τῶν
2518 1827 2670 1892 τριῶν
2722 1819 3042 1890 πραγμάτων
3108 1824 3212 1877 τοῖς
3273 1813 3431 1868 δυσὶν
3496 1815 3811 1889 ἀνθρώποις
3883 1815 3976 1868 ἐπι-

2366 1910 2696 1982 μερισθῆναι,
2740 1908 2768 1964 ἦ
2802 1910 2864 1957 τὰ
2904 1903 3002 1958 δύο
3053 1909 3350 1981 ,πράγματα
3399 1911 3473 1967 εἱς
3508 1911 3636 1980 τρία
3692 1907 3970 1977 τμηθῆναι,

2365 1995 2585 2069 μηδενὸς
2636 2000 2802 2047 αὐτῶν
2861 1991 3237 2067 ἐπιδεχομένου
3285 1998 3451 2066 τυχὸν
3511 1991 3811 2066 διαίρεσινο
3849 1995 3971 2046 οὕτω

2366 2092 2453 2138 καὶ
2532 2085 2614 2138 ἐπὶ
2680 2094 2778 2137 τῶν
2845 2089 2978 2136 κατὰ
3027 2089 3326 2155 συγγένειαν
3383 2089 3471 2135 καὶ
3522 2089 3724 2154 σχέσιν
3780 2086 3970 2156 ἡνωμέ-

2366 2197 2478 2238 νων,
2561 2175 2949 2234 στασιαζόντων
3015 2176 3150 2225 κατὰ
3224 2178 3317 2231 τὴν
3389 2177 3589 2233 πίστιν,
3675 2177 3770 2224 καὶ
3843 2168 3967 2223 διαι-

2365 2267 2622 2337 ρουμένων
2648 2268 2734 2314 καὶ
2763 2261 3222 2334 ἀσυμϐατούντων.
3251 2268 3514 2327 Ἔσονται,
3572 2268 3733 2333 φησὶ,
3771 2257 3867 2313 δύο
3894 2258 3965 2310 ἐπὶ

2366 2360 2521 2427 τρεῖς,
2551 2357 2837 2422 τουτέστιν,
2869 2355 2936 2414 ὡς
2968 2348 3065 2404 δύο
3094 2353 3358 2426 ἄνθρωποι
3398 2349 3482 2402 ἐπὶ
3507 2356 3660 2423 τρισὶ
3699 2352 3962 2424 πράγμασι

2368 2442 2756 2505 στασιάζοντες,
2807 2446 2896 2493 καὶ
2923 2444 2991 2502 ὡς
3033 2448 3172 2514 τρεῖς
3217 2441 3514 2513 ἄντθρωποι
3547 2439 3709 2492 πάλιν
3733 2439 3816 2491 ἐπὶ
3847 2435 3960 2489 δυσί

2363 2535 2691 2608 πράγμασιν.

2439 2711 2565 2764 Εἶτα
2610 2711 2792 2767 τίθησι
2852 2713 2942 2761 καὶ
3006 2704 3413 2782 παραδείγματα
3499 2715 3802 2779 συγγένειὼν
3865 2706 3944 2754 καὶ

2712 2806 2810 2849 τῶν
2901 2798 3276 2868 γνησιωτάτων
3366 2801 3456 2868 μὲν
3553 2803 3643 2848 καὶ
3717 2793 3941 2847 οἰκειοτά-

2869 2884 3244 2961 διαιρουμένων
3331 2883 3391 2938 δὲ
3456 2893 3520 2957 τῇ
3597 2881 3924 2956 τμητικωτάτῃ

2367 2985 2609 3053 μαχαίρᾳ
2677 2985 2770 3039 τῆς
2864 2979 2995 3027 κατὰ
3090 2979 3148 3028 τὸ
3244 2981 3494 3048 κήρυγμα
3589 2979 3812 3030 πίστεως.
3875 2967 3932 3016 ὧν

2367 3070 2421 3120 αἱ
2473 3072 2562 3140 μὲν
2617 3065 2713 3119 δύο
2773 3066 3047 3137 συζυγίαι,
3105 3063 3222 3116 καθ’
3278 3065 3428 3136 αἷμα,
3487 3065 3516 3122 ἡ
3590 3061 3651 3116 δὶ
3706 3065 3844 3135 τρίτη
3895 3055 3940 3116 ἐξ

2369 2806 2622 2871 σχέσεων,

2366 2911 2465 2942 των
2533 2888 2784 2950 ἀλ)ήλοις,

2864 2979 2995 3027 κατὰ
3090 2979 3148 3028 τὸ

2289 3188 2328 3243 C
2369 3156 2698 3229 ἀγχιστείας.

2896 3243 3107 3318 Ἑτέρως
3136 3243 3204 3304 εἰς
3229 3245 3286 3295 τὸ
3313 3246 3468 3296 αὑτό.

2439 3339 2536 3388 Δύο
2630 3339 2840 3405 σχέσεις
2923 3331 3006 3385 ἐπὶ
3080 3337 3227 3406 τρισὶ
3304 3332 3578 3403 συζυγίαις
3655 3333 3936 3405 προσώπων,

2365 3430 2453 3478 καὶ
2525 3433 2663 3498 τρεῖς
2737 3421 2800 3476 αὖ
2856 3423 3108 3492 συζυγίαι
3145 3427 3436 3496 προσώπων
3505 3420 3588 3472 ἐπὶ
3649 3418 3777 3473 δνσὶ
3826 3417 3938 3487 σχέ-

2370 3534 2504 3567 σεσι·
2566 3513 2724 3571 Διπλῆ
2803 3516 2891 3584 μὶν
2967 3514 3068 3584 γὰρ
3147 3513 3175 3568 ἡ
3256 3514 3446 3582 σχέσις
3520 3518 3619 3560 τῶν
3701 3511 3822 3580 πρὸς
3877 3521 3938 3561 τι,

2367 3605 2467 3657 ἀπὸ
2541 3622 2596 3654 τε
2677 3605 2868 3675 πατρὸς
2958 3604 3086 3674 πρὸς
3185 3601 3296 3652 υἱον
3327 3644 3341 3668 ,
3451 3604 3540 3651 καὶ
3641 3597 3729 3670 ἀφ’
3823 3595 3936 3653 υιοῡ,

2365 3697 2490 3769 πρὸς
2541 3696 2756 3766 πατέρα,
2805 3695 2895 3742 καὶ
2949 3688 3031 3742 ἐπὶ
3107 3697 3204 3741 τῶν
3260 3687 3423 3740 ἄλλων
3476 3690 3688 3760 ὁμοίως.
3745 3679 3938 3756 Τριπλαῖ

2367 3782 2425 3838 δὲ
2491 3783 2708 3836 ἐνταῦθα
2771 3783 2826 3833 αἰ
2902 3780 3154 3851 συζυγίαι
3218 3787 3316 3830 τῶν
3365 3782 3713 3853 προκειμένων
3764 3776 3938 3844 προσώ-

2365 3894 2492 3940 πων,
2550 3877 2721 3946 πατὴρ
2784 3876 2873 3923 καὶ
2921 3872 3055 3932 υἱὸς,
3115 3873 3284 3942 μήτηρ
3358 3872 3448 3919 καὶ
3515 3868 3764 3940 θυγάτηρ,
3839 3877 3934 3912 πεν-

2368 3966 2489 4037 θερὰ
2534 3967 2622 4014 καὶ
2661 3964 2854 4033 νύμφη·
2907 3963 2963 4011 τὸ
3025 3955 3108 4026 δὲ,
3160 3956 3242 4009 ἐπὶ
3292 3963 3458 4030 τρισὶ,
3510 3960 3600 4008 καὶ
3640 3954 3723 4008 ἐπὶ
3778 3948 3933 4011 δυσὶν,

2368 4053 2480 4105 ἀντὶ
2529 4059 2638 4116 τοῦ,
2688 4053 2824 4102 κατὰ
2854 4057 2953 4101 τῶν
2990 4055 3163 4122 τριῶν,
3215 4052 3304 4099 καὶ
3351 4048 3487 4098 κατὰ
3521 4053 3620 4097 τῶν
3679 4041 3789 4111 δύο,
3828 4037 3935 4108 πρὸς

2369 4140 2636 4204 διάζευξιν
2663 4145 2750 4192 καὶ
2779 4137 3191 4210 ἀπαλλοτρίωσιν
3206 4135 3253 4209 ,]

2439 4233 2913 4306 Διαμερισθήσεται
2973 4257 3041 4268 -
3097 4227 3341 4300 πενθερὰν
3418 4225 3796 4284 αὐτῆς.οΤαῡτα
3842 4219 3933 4270 τοῖς

2367 4305 2736 4396 προρρηθεῖσιν
2785 4318 2842 4370 οὐ
2901 4320 3203 4382 συναπτέον,
3259 4313 3367 4366 ἀλλ’
3426 4313 3509 4386 ἀφ’
3570 4313 3733 4388 ἑτέρας
3783 4305 3934 4396 ἀρχῆς

2371 4410 2740 4482 ἀναγνωστέον,
2818 4411 2908 4458 καὶ
2977 4405 3094 4457 καθ’
3167 4406 3397 4478 ἱστορίαν
3466 4403 3801 4475 ἑρμηνευτίον,
3851 4387 3931 4446 δη-

2372 4504 2556 4552 λοῦντα
2611 4502 2694 4550 τὸν
2755 4493 3103 4568 διαμερισμὸν
3151 4502 3250 4545 τῶν
3316 4499 3515 4544 πιστῶν
3570 4497 3658 4542 καὶ
3702 4495 3789 4540 τῶν
3829 4479 3930 4530 ἁπι-

2374 4609 2526 4654 στων,
2584 4590 2664 4639 ὅτι
2710 4592 2798 4637 καὶ
2847 4587 2900 4637 αἱ
2955 4588 3313 4654 γνησιώταται
3379 4584 3592 4652 σχέσεις
3648 4583 3725 4630 τοὺ
3772 4573 3928 4664 γέξους

2372 4677 2825 4751 διαιρεθήσονται,
2893 4680 3135 4732 Ζήτης-ον
3193 4669 3250 4722 δὲ
3303 4669 3351 4722 ἐν
3419 4679 3488 4739 τῷ
3534 4656 3917 4718 ἐννεακαιδεκατῳ

2371 4768 2629 4840 κεφαλαίῳ
2696 4774 2786 4817 τοῦ
2866 4766 2998 4815 κατά
3076 4762 3342 4814 Ματθαῖον
3401 4764 3486 4818 τὴν
3533 4755 3759 4826 ἐξήγησιν
3821 4755 3920 4794 τοῖν

2369 4858 2557 4912 *Ηλθον
2613 4858 2714 4930 γὰρ
2757 4854 2867 4926 (29)
2929 4849 3163 4924 διχάσαι
3207 4851 3481 4922 ἄνθρωπον
3534 4849 3664 4898 κατὰ
3713 4844 3795 4893 τοῦ
3841 4849 3934 4884 πα·

2369 4951 2489 5022 τρός
2520 4946 2698 5010 αὐτον,
2730 4949 2820 4996 καὶ
2874 4945 2936 4994 τὰ
2975 4941 3110 5011 ἑξῆς,
3167 4941 3302 4992 πάνυ
3357 4945 3466 4998 τοῖς
3519 4943 3741 5012 παροῦσι
3785 4937 3935 5004 ρητοις

2370 5038 2505 5113 ἁρμό
2513 5040 2722 5100 ζουσαν.

1803 5261 2022 5333 Variae
2059 5255 2392 5332 lectiones
2453 5269 2522 5330 et
2564 5269 2772 5329 notae.

671 5429 792 5508 (27)
837 5431 989 5508 Qum_
1019 5429 1410 5508 hiccinclusa
1465 5437 1624 5502 sunt,
1655 5431 1865 5508 codex_
1896 5437 2145 5508 uterque
2188 5434 2250 5490 in

600 5501 872 5577 margine
899 5502 1156 5558 exhibet.
1181 5501 1540 5577 Referuntur
1564 5510 1767 5563 autem
1791 5505 1872 5563 ad
1901 5501 2141 5563 versum
2162 5511 2249 5577 53,

602 5573 706 5630 ubi
741 5573 920 5630 etiam
949 5575 1270 5632 Hentenius
1288 5575 1546 5635 exhibet.

2425 5431 2556 5506 .(28)
2595 5425 3080 5506 παραδηλοιξμενον,
3112 5431 3172 5482 Β.

2467 5435 2534 5489 28
2595 5431 3030 5506 παραδηλούμενο

2441 5431 2559 5579 E29;
2588 5505 2692 5580 Γὰρ
2722 5501 2939 5560 omith
2961 5503 3032 5560 Α.

673 5753 746 5838 (ι)
789 5753 897 5825 Qui
923 5781 993 5796 --
1017 5754 1273 5814 oriatur.
1305 5757 1409 5814 Τήν
1436 5755 1770 5831 προτεθεῖσαν
1802 5761 1909 5822 est,
1931 5771 2114 5830 quem
2127 5772 2256 5831 pro;

2367 5761 2534 5823 ierat,
2566 5753 2642 5812 de
2671 5767 2794 5828 quo
2833 5756 2977 5811 ante
3004 5751 3256 5809 dixerat.
