4144 6314
301 300 411 359 997

386 426 530 479 Κατὰ
583 420 642 478 δὲ
707 422 1003 496 ἀναγωγὴν,
1051 429 1222 498 πατὴρ
1285 427 1374 497 μεν
1437 427 1498 477 οἶν
1551 428 1626 481 εἴη
1673 426 1697 475 ὁ
1761 431 1909 481 νοῦς·
1945 419 1991 473 Α

309 517 424 577 υἱὸς
473 511 531 566 δὲ
579 514 762 578 αὐτοῦ,
798 515 822 565 ὁ
865 518 1084 587 πονηρὸς
1122 514 1385 586 λογισμὸς,
1437 513 1551 564 καθ’
1595 513 1654 564 οὗ
1701 513 1916 564 στασιά-

313 624 415 669 σει,
466 601 768 678 ἀρνούμενος
832 603 1009 671 αὐτὸν,
1056 607 1124 666 ως
1179 602 1450 676 βλαϐερόν.
1486 607 1671 675 Μήτηρ
1733 597 1790 653 δε
1839 603 1914 656 εἰη

311 696 398 760 ἄν,
452 695 480 750 ὴ
524 689 758 766 καρδία·
823 694 1056 765 θυγάτηρ
1108 689 1166 745 δὲ
1219 693 1402 757 αὐτῆς,
1462 694 1489 749 ἡ
1526 694 1726 765 πονηρά
1781 691 1920 741 ἐνού-

315 801 503 854 μησις,
554 783 670 833 καθ’
717 782 780 853 ᾖς
829 786 914 834 καὶ
964 782 1093 840 αύτὴ
1151 784 1451 844 στασιάσει,
1494 785 1582 832 καὶ
1625 778 1920 853 ἀπορραγῇ-

318 891 466 924 σεται
514 874 726 931 τάύτης.
785 873 1009 946 Πενθερὰ
1049 867 1108 923 δὲ
1157 870 1216 922 ἄν
1265 874 1364 935 ε’ίη,
1409 873 1438 928 η
1492 874 1768 940 Συναγωγή
1821 878 1918 920 των

708 962 878 1031 νύμφη
968 956 1026 1012 δὲ
1097 960 1280 1023 αὐτῆς,
1354 961 1382 1017 ἡ

319 1057 670 1123 Χριστιανῶν,
715 1051 784 1110 ὡς
823 1051 1175 1120 νυμφευθεῖσα
1218 1057 1289 1118 τῷ
1341 1056 1574 1120 Χριστῷ,
1606 1050 1660 1107 ὃς
1701 1044 1760 1104 ἧν
1810 1047 1922 1108 υίὸς

317 957 629 1014 Ἰουδαίων·
708 962 878 1016 νύμφη
968 957 1026 1012 δὲ
1097 960 1280 1016 αὐτῆς.
1354 961 1382 1016 ἡ
1467 958 1753 1016 Ἐκκλησία
1822 967 1918 1009 των

319 1147 417 1198 τῆς
458 1135 784 1197 δηλωθείσης
824 1145 1158 1209 Συναγωγῆς,
1190 1140 1325 1189 κατὰ
1367 1142 1422 1189 τὸ
1468 1139 1784 1209 ἀνθρώπινον
1811 1154 1821 1164 ·
1872 1135 1924 1198 ἐξ

323 1229 484 1288 αὐτῆς
509 1230 607 1300 γὰρ
637 1227 860 1284 ἐϐλάστη
872 1246 976 1278 σεν.

397 1317 569 1388 Ἐλεγε
619 1348 687 1357 -
759 1313 1104 1388 δοκιμάζετε;
1177 1321 1461 1388 ῐῐρὸσωπον
1538 1325 1627 1377 τῆς
1679 1325 1777 1387 γῆς
1834 1320 1922 1368 καὶ

319 1414 416 1458 τοῦ
484 1405 724 1479 ούρανοῦ,
792 1407 822 1462 ἡ
875 1404 1140 1476 ἐπιφάνεια
1196 1408 1392 1467 ταύτης
1441 1404 1700 1457 κάκείνου.
1775 1411 1922 1476 Λέγει

319 1500 512 1564 τοίνυν,
600 1497 680 1547 ὀτι
762 1493 1179 1568 ’Υποκρινομενοι
1256 1501 1568 1567 πρόγνωσιν,
1637 1499 1730 1552 τήν
1813 1494 1920 1546 ἐπι-

322 1588 531 1656 φάνειαν
577 1591 667 1644 τῆς
711 1591 808 1654 γῆς
858 1589 947 1634 καὶ
990 1592 1081 1635 τού
1126 1584 1344 1654 ούρανοῦ
1389 1580 1568 1635 οῖὸατε
1617 1580 1919 1658 διακρίνειν,

321 1678 413 1724 καὶ
461 1672 516 1724 ἐκ
586 1677 999 1746 παρατηρήσεως
1059 1672 1218 1734 αὐτῆς
1283 1673 1546 1744 προλέγειν
1598 1677 1654 1724 τὸ
1703 1673 1917 1744 μέλλον·

323 1766 408 1813 τὸν
477 1757 535 1813 δὲ
614 1765 792 1834 καιρὸν
856 1771 1055 1820 τουτον.
1118 1765 1202 1813 τὸν
1270 1770 1358 1822 τῆς
1433 1761 1559 1833 ἐμῆς
1631 1768 2002 1834 παρουσίαςΒ

329 1847 589 1916 δηλονότι,
686 1859 793 1911 πῶς
858 1851 916 1902 ού
981 1847 1287 1919 διακρίνετε,
1379 1849 1432 1902 ἐκ
1513 1860 1924 1925 παρατηρήσεως

329 1948 426 1992 τῶν
483 1948 704 2011 νομικῶν
764 1938 958 2010 βίϐλων
1011 1945 1098 1992 καὶ
1147 1950 1496 2012 προφητικῶν,
1561 1941 1608 1992 ἐν
1667 1943 1744 2001 αἷς
1797 1951 1925 1994 κεῖν-

324 2049 415 2081 ται
470 2036 662 2100 σημεῖα
716 2031 900 2081 τούτου
958 2034 1048 2081 καὶ
1105 2028 1360 2101 σύμϐολα,
1423 2029 1505 2101 ἀφ’
1564 2032 1631 2081 ὧν
1698 2032 1924 2104 εὐχερῶς

326 2119 481 2179 οὗτος
517 2119 630 2188 (30)
671 2114 1079 2188 διαγινώσκεται
1111 2127 1214 2179 τοίς
1244 2124 1609 2191 προσέχουσις
1645 2126 1776 2195 Πρὸς
1807 2126 1924 2184 τούς

329 2213 655 2279 Γραμματείς
688 2203 747 2259 δὲ
777 2209 802 2259 ὁ
831 2207 998 2279 λόγος,
1033 2207 1076 2259 εἰ
1114 2213 1202 2260 καὶ
1233 2212 1359 2280 πρὸς
1385 2213 1503 2270 τούς
1534 2209 1728 2280 ὄχλους
1759 2209 1925 2272 ἁπλοῦς

330 2296 548 2371 ἐῤῥήθη.

403 2390 464 2438 Τί
541 2381 598 2436 δὲ
665 2415 734 2427 -
789 2381 1030 2452 δίκαιον;
1101 2386 1205 2458 Ἐφ’
1268 2388 1433 2458 ἕτερον
1505 2387 1689 2460 μετέϐη
1756 2388 1924 2460 λόγον,

329 2480 421 2527 και
471 2482 712 2548 παραινεῖ
765 2471 858 2526 διὰ
912 2479 1174 2549 γνωρίμου
1226 2472 1650 2548 παραδείγματος
1700 2477 1927 2530 ἀπαλλα-

330 2570 487 2636 γῆναι
535 2571 624 2615 τοῦ
657 2571 876 2632 Σατανᾶ,
910 2568 1048 2632 ἤτοι,
1094 2573 1190 2616 τῶν
1244 2568 1403 2637 ἔργων
1461 2566 1640 2632 αὐτοῦ,
1694 2570 1926 2639 φάσκων,

332 2657 481 2704 Διατί
535 2657 624 2704 καὶ
680 2653 764 2725 ἀφ’
829 2653 1020 2706 ἑαυτῶν
1078 2653 1136 2705 ού
1194 2662 1350 2706 νοεῖτε
1403 2659 1459 2706 τὸ
1523 2655 1694 2728 καλὸν,
1755 2653 1927 2708 εὐδιά-

331 2760 564 2812 γνωστον
595 2746 648 2792 ὄν
674 2758 687 2808 ;

403 2828 492 2889 Ὠς
558 2860 620 2868 -
697 2829 874 2884 αὐτοῦ.
947 2834 1039 2892 Δὸς
1105 2829 1375 2905 ἐργασίαν,
1443 2836 1623 2903 ἤγουν,
1686 2835 1930 2906 εἰσάγαγε

336 2921 504 2990 ἔργον,
575 2915 833 2987 σπουδὴν,
908 2919 1097 2991 ἀγῶνα,
1163 2919 1546 2993 ἀπαλλαγῆναι
1605 2922 1689 2975 ἀπ’
1748 2925 1926 2978 αὐτοῦ.

336 3002 616 3063 ’Υποὸηλοῐ
665 3003 723 3058 δὲ
755 3005 1018 3060 ἀντίδικον
1060 3012 1171 3080 μὲν,
1210 3013 1295 3062 τὸν
1324 3017 1570 3077 Σατανᾶν,
1633 3016 1714 3064 τὸν
1763 3018 1931 3065 κοινὸν

338 3093 528 3168 ἐχθρόν
560 3111 571 3124 ⁸
625 3097 860 3170 ἄρχοντα
893 3094 970 3165 δὲ,
1011 3102 1098 3150 τὸν
1139 3103 1286 3164 Θεὸν,
1337 3104 1423 3152 τὸν
1468 3102 1669 3152 πάντων
1723 3106 1930 3176 Κύριον,
1963 3131 2007 3188 C

338 3189 465 3259 πρὸς
504 3184 556 3236 ὃν
588 3186 896 3258 ἀπαγόμεθα
932 3191 1064 3259 μετὰ
1113 3197 1202 3239 τού
1243 3187 1457 3261 ἐχθρου,
1507 3187 1661 3252 δίκας
1706 3190 1936 3250 ἀπαιτη-

339 3276 616 3346 θησομενοι
666 3284 763 3327 τῶν
811 3285 1048 3348 πονηρῶν
1101 3279 1260 3350 ἔργων
1301 3281 1482 3350 ἡμῶν·
1543 3277 1665 3331 ὁδὸν
1719 3277 1796 3347 δὲ,
1851 3285 1937 3333 τὸν

337 3370 571 3435 παρόντα
621 3363 760 3436 βίον,
795 3368 880 3416 τὸν
929 3368 1174 3435 ἄστατον,
1221 3366 1269 3418 ἐν
1401 3365 1646 3440 ὁδεύομεν
1676 3374 1806 3442 μετὰ
1849 3379 1938 3423 τοῦ

338 3455 575 3504 τοιούτου
635 3451 902 3506 ἀντιδίκου
954 3457 1118 3528 ἡμῶν.
1178 3463 1340 3509 Τοῦτο
1377 3454 1436 3510 δὲ
1491 3463 1550 3510 τὸ
1602 3464 1772 3532 νόημα
1821 3459 1941 3513 καθ’

341 3542 506 3614 ἕτερον
526 3547 921 3618 μετεχειρίσατο
940 3544 1049 3616 (31)
1074 3549 1268 3598 σκοπὸν
1294 3547 1342 3598 ἐν
1363 3554 1434 3616 τῷ
1452 3553 1663 3620 πέμπτῳ
1682 3549 1939 3622 κεφαλαίῳ

343 3637 432 3682 τοῦ
461 3633 595 3682 κατά
623 3631 920 3688 Ματθαὼν.

412 3811 626 3864 Μήποτε
654 3840 721 3848 -
753 3816 956 3886 κριτήν.
1004 3811 1060 3866 ’0
1090 3809 1331 3875 διάϐολος
1358 3817 1482 3888 γὰρ,
1534 3821 1577 3868 εί
1626 3821 1714 3868 καὶ
1752 3819 1937 3890 ἐχθρός

341 3895 452 3949 ἐστι
507 3907 596 3950 τού
645 3904 792 3968 Θεοῦ,
864 3901 991 3954 ἀλλὰ
1056 3908 1145 3954 καὶ
1195 3901 1501 3970 ἐκδικητὴς,
1557 3908 1620 3965 ὡς
1675 3908 1698 3957 ὁ
1771 3905 1937 3959 Δαυίὸ

340 3983 553 4050 ἐδίδαξε
583 3988 718 4060 (32).

415 4170 514 4218 Καὶ
569 4197 636 4206 -—
682 4169 958 4244 πράκτορι.
1015 4175 1096 4241 Τῷ
1155 4170 1372 4244 ἀγγέλῳ,
1427 4181 1498 4244 τῷ
1559 4172 1643 4227 ἐπὶ
1700 4183 1800 4228 τῶν
1853 4196 1939 4229 κο-

338 4254 656 4329 λαστηρίων.

415 4349 514 4397 Καὶ
541 4378 605 4386 -
637 4345 887 4418 φυλακήν.
919 4349 1004 4412 Εἰς
1036 4350 1271 4403 κόλασιν.

1337 293 1718 357 COMMENT.
1765 294 1833 350 IN
1881 290 2145 351 LUGAM.
2194 323 2262 334 -
2302 293 2470 363 CAP',
2503 293 2618 348 xu.

3585 294 3689 350 998

2094 417 2269 474 Juxta
2319 432 2634 487 anagogen
2678 432 2816 473 vero
2859 421 3030 489 pater
3079 433 3206 474 esse
3253 423 3446 490 potest
3485 436 3685 486 mens,

2024 504 2180 561 ﬁlius
2207 512 2407 562 autem
2429 507 2559 577 ejus
2604 521 2786 577 prava
2835 507 3138 577 cogitatio,
3171 507 3462 564 adversus
3501 525 3688 582 quam

2031 594 2294 650 movebit
2321 594 2695 660 seditionem,
2731 610 2958 667 negans
2985 595 3182 668 ipsam
3218 602 3502 669 tanquam
3530 599 3692 654 noci-

2033 699 2190 740 vam.
2239 686 2418 740 Mater
2450 699 2588 740 vero
2631 699 2732 739 cor
2767 705 2780 740 :
2814 683 2930 740 ﬁlia
2961 685 3110 756 ejus,
3151 701 3339 758 prava
3365 687 3688 760 cupiditas,

2030 772 2312 829 adversus
2341 788 2530 845 quam
2571 773 2748 828 etiam
2781 773 2914 845 ipsa
2951 774 3218 844 insurget
3243 781 3300 831 et
3327 776 3406 831 ab
3437 792 3509 831 ea
3538 776 3694 833 avel-

2027 859 2197 917 letur.
2256 864 2473 918 Socrus
2529 868 2729 919 autem
2783 863 2855 917 sit
2913 865 3232 936 Synagoga
3299 865 3688 924 Judaorum:

2029 965 2212 1006 nurus
2255 951 2408 1022 ejus,
2440 951 2699 1008 Ecclesia
2752 952 3243 1018 Christianorum,
3281 959 3483 1025 utpote
3509 961 3694 1026 nupta

2032 1038 2277 1104 Christo,
2303 1041 2409 1112 qui
2462 1040 2628 1096 dictae
2672 1043 3006 1113 Synagogae
3040 1042 3212 1112 juxta
3256 1041 3694 1100 humanitatem

2030 1127 2189 1185 ﬁlius
2213 1136 2357 1196 erat,
2391 1145 2609 1202 nempe
2648 1130 2726 1187 ab
2753 1129 2889 1203 ipsa
2913 1135 3258 1201 generatus.

2101 1308 2268 1366 Vers.
2307 1309 2396 1364 54.
2431 1308 2668 1365 Dicebat
2703 1340 2769 1350 —
2796 1309 2956 1366 Vers.
3005 1310 3096 1366 56.
3135 1310 3399 1379 probatis
3447 1309 3696 1368 7Facies

2031 1396 2163 1452 caeli
2187 1402 2246 1454 et
2283 1402 2470 1464 terrae,
2521 1399 2864 1470 superﬁcies
2907 1405 2999 1454 est
3033 1399 3217 1470 hujus
3244 1405 3301 1455 et
3337 1399 3515 1456 illius.
3547 1401 3694 1457 Dicit

2031 1502 2205 1558 ergo:
2229 1486 2314 1558 Dij
2326 1488 2632 1543 udicantes
2658 1488 2823 1560 apud
2852 1504 2957 1544 vos
2983 1489 3292 1559 praesagia,
3320 1489 3696 1562 superﬁciem

2033 1575 2158 1630 coeli
2179 1581 2236 1632 et
2260 1582 2422 1632 terrae
2451 1578 2639 1632 nostis
2685 1579 3040 1646 discernere,
3077 1583 3133 1633 et
3164 1593 3235 1633 ex
3261 1577 3392 1647 ejus
3411 1579 3700 1636 observa-

2032 1664 2207 1731 tione,
2239 1666 2402 1738 quod
2461 1666 2728 1721 futurum
2783 1672 2888 1732 est,
2925 1668 3244 1738 praedicere
3295 1686 3313 1738 ,'
3347 1669 3460 1723 hoc
3498 1676 3696 1725 autem

2034 1761 2291 1827 tempus,
2320 1754 2434 1810 mei
2458 1756 2723 1810 videlicet
2748 1756 3061 1822 adventus,
3093 1759 3399 1828 quomodo
3426 1773 3549 1814 non
3576 1758 3693 1814 dis-

2033 1845 2270 1900 cernitis
2300 1861 2371 1900 ex
2397 1845 2805 1901 observatione
2830 1845 3112 1914 legalium
3144 1847 3433 1902 librorum
3463 1863 3532 1903 ac
3562 1863 3699 1920 pro-

2033 1933 2385 2005 phetalium,
2408 1935 2463 1988 in
2481 1935 2702 2006 quibus
2724 1935 2898 2004 signa
2923 1942 2979 1989 et
3001 1936 3291 2006 praesagia
3317 1935 3512 2007 posita
3536 1943 3694 2002 sunt,

2033 2024 2250 2095 quibus
2277 2026 2472 2094 ipsum
2498 2023 2666 2080 facile
2697 2025 3068 2095 dignoscitur
3098 2024 3178 2080 ab
3201 2023 3314 2089 his,
3360 2027 3466 2096 qui
3491 2024 3696 2081 adver-

2037 2117 2165 2168 tunt
2195 2113 2222 2168 ‘?
2252 2115 2353 2168 Est
2377 2117 2576 2169 autem
2608 2114 2701 2169 hic
2731 2129 2927 2169 sermo
2959 2113 3038 2170 ad
3069 2113 3320 2180 Scribas,
3349 2129 3699 2187 quanquam

2037 2201 2381 2274 simpliciter
2407 2203 2484 2258 ad
2510 2201 2712 2259 turbas
2739 2202 2932 2259 dictus
2964 2202 3058 2260 sit.

2107 2379 2270 2434 Vers.
2303 2381 2388 2436 57.
2420 2381 2540 2437 Cur
2569 2388 2763 2438 autem
2783 2383 3100 2451 —justum
3131 2381 3263 2438 ?Ad
3281 2381 3473 2440 alium
3506 2388 3703 2439 trans-

2036 2468 2140 2540 ivit
2184 2485 2525 2528 sermonem
2551 2477 2607 2526 et
2652 2471 2923 2543 exemplo
2973 2472 3288 2528 notissimo
3351 2473 3698 2530 admonete.

2037 2558 2258 2616 Satana
2283 2558 2538 2628 liberari,
2591 2559 2712 2615 sive
2767 2561 2845 2616 ab
2898 2561 3180 2632 operibus
3231 2561 3378 2632 ejus,
3435 2561 3698 2619 dicens:

2039 2648 2228 2712 Quare
2260 2653 2315 2702 et
2345 2651 2380 2704 a
2406 2649 2574 2704 vobis
2598 2652 2742 2721 ipsis
2773 2665 2896 2705 non
2920 2649 2999 2720 dij
3012 2651 3280 2720 udicatis,
3325 2651 3491 2724 quod
3521 2651 3703 2707 hone-

2038 2743 2198 2793 stum
2227 2742 2312 2793 est
2341 2755 2482 2794 cum
2533 2737 2704 2796 facile
2737 2739 2808 2794 sit
2834 2739 2912 2795 ad
2943 2739 3021 2810 dij
3035 2740 3404 2796 udicandum
3427 2741 3455 2796 ?

2113 2830 2270 2883 Vers.
2312 2828 2404 2884 58.
2433 2828 2576 2885 Cum
2603 2859 2672 2868 —
2723 2830 2850 2885 ιἰιο.
2886 2829 2972 2886 Da
3009 2846 3258 2902 operam
3293 2847 3306 2886 :
3337 2830 3462 2886 sive
3491 2828 3706 2887 afferas

2040 2915 2328 2984 laborem,
2351 2917 2741 2989 diligentiam,
2761 2923 3083 2986 certamen,
3121 2925 3183 2976 ut
3202 2921 3280 2976 ab
3297 2920 3396 2975 illo
3416 2919 3708 2977 libereris.

2041 3006 2151 3062 Per
2179 3009 2586 3064 adversarium
2614 3016 2812 3065 autem
2842 3010 3126 3065 Satanam
3168 3009 3410 3075 indicat,
3439 3025 3709 3068 commu-

2042 3112 2182 3152 nem
2212 3096 2520 3154 iuimicum
2550 3114 2564 3164 ;
2589 3113 2690 3170 per
2717 3101 3128 3169 magistratum
3153 3115 3312 3167 vero,
3349 3099 3559 3164 Deum,
3586 3105 3713 3161 tan.

2045 3202 2230 3257 quam
2243 3188 2517 3243 omnium
2534 3189 2875 3255 Dominum,
2894 3189 3162 3260 adquem
3193 3189 3555 3244 abducimur
3567 3204 3706 3243 cum

2047 3275 2306 3342 inimico,
2327 3276 2401 3331 de
2427 3276 2603 3332 malis
2626 3276 2910 3347 operibus
2941 3278 3154 3333 nostris
3205 3292 3454 3333 causam
3470 3275 3707 3332 dicturi.

2047 3365 2215 3420 Viam
2233 3370 2456 3434 autem,
2480 3371 2830 3436 praesentem
2853 3365 3036 3421 vitam
3057 3365 3397 3422 instabilem
3414 3364 3710 3447 intelligit,

2046 3452 2109 3508 in
2135 3469 2250 3524 qua
2279 3469 2419 3508 cum
2466 3453 2816 3523 hujusmodi
2859 3453 3209 3510 adversario
3247 3461 3450 3511 nostro
3470 3453 3710 3526 proﬁci-

2049 3541 2297 3598 scimur.
2335 3541 2461 3599 Haec
2491 3557 2733 3614 quoque
2780 3543 3067 3600 sententia
3116 3542 3233 3599 alio
3265 3542 3568 3615 proposito
3601 3549 3713 3599 tra-

2046 3636 2201 3688 ctata
2223 3635 2311 3688 est
2357 3631 2551 3704 capite
2579 3632 2791 3704 quinto
2843 3632 3140 3704 Evangelii
3195 3634 3526 3689 secundum
3572 3633 3710 3688 Mat-

2047 3720 2288 3777 thaaum.

2115 3811 2286 3868 Vers.
2326 3810 2415 3868 58.
2458 3810 2545 3868 Ne
2567 3811 2729 3881 forte
2775 3842 2844 3851 —
2870 3811 3152 3881 judicem.
3201 3812 3486 3869 Diabolus
3517 3812 3702 3879 enim,

2045 3901 2150 3956 etsi
2182 3900 2281 3954 Dei
2310 3899 2580 3956 inimicus
2622 3906 2726 3968 est,
2762 3907 2966 3958 tamen
3025 3902 3154 3972 ejus
3198 3903 3350 3958 ultor
3395 3907 3504 3974 est,
3536 3906 3710 3974 prout

2045 3989 2235 4045 David
2263 3989 2468 4046 docuit
2496 3990 2699 4046 dicens
2733 4008 2746 4048 :
2792 3992 2860 4050 Ut
2887 3993 3153 4049 destruas
3183 3991 3486 4049 inimicum
3533 3998 3588 4048 et
3618 3992 3712 4047 ut-

2043 4087 2225 4137 torem
2256 4083 2298 4136 ³.

2115 4169 2274 4227 Vers.
2299 4170 2388 4225 58.
2417 4171 2491 4225 Et
2527 4202 2593 4212 —
2613 4173 2898 4228 exactam.
2944 4171 3194 4243 Angelo,
3226 4172 3330 4244 qui
3369 4169 3711 4228 carceribus

2045 4259 2403 4333 praepositus
2459 4265 2569 4316 est.

2115 4349 2276 4406 Vers.
2329 4350 2424 4408 58.
2470 4351 2636 4405 Et—
2659 4365 2979 4409 carcerem.
3012 4353 3079 4407 ln
3110 4351 3494 4423 supplicium.

413 4437 560 4505 Λέγω
601 4468 664 4477 _
718 4435 946 4508 ἀποδῷς.
997 4438 1126 4499 Ἕως
1175 4441 1234 4493 οὗ
1273 4447 1394 4507 πᾶν,
1444 4445 1468 4495 ὅ
1521 4441 1933 4511 κατεδικάσθης,

2117 4442 2287 4500 Vers.
2342 4446 2433 4500 59.
2494 4444 2640 4499 Dico
2671 4474 2732 4484 —
2758 4443 3040 4499 exsolvas.
3068 4444 3267 4498 Donec
3289 4457 3470 4497 omne
3495 4439 3558 4495 id
3585 4455 3716 4494 sus-

343 4523 640 4596 éxoarri'np,
694 4532 976 4590 τουτέστιν,
1053 4529 1111 4580 ού
1167 4535 1236 4601 μὴ
1299 4529 1504 4604 ἐξέλθῃς
1551 4532 1734 4585 ἐκεῖθέν
1792 4553 1934 4589 ποτε.

342 4612 444 4665 Ἀεὶ
488 4618 588 4686 γὰρ
634 4612 1084 4677 καταδικάζονται
1113 4619 1428 4680 κολάζεσθαι
1475 4625 1523 4674 οἱ
1560 4630 1802 4677 τοιοῦτοι.
1838 4624 1938 4675 Οὐ·

343 4698 428 4754 δεν
458 4700 515 4755 δε
559 4705 740 4757 κωλύει
777 4714 906 4758 νοεῖν
932 4710 996 4758 τὰ
1022 4709 1247 4781 ρηθέντα
1271 4715 1360 4762 καὶ
1403 4717 1537 4763 κατὰ
1566 4717 1658 4770 τὴν
1686 4711 1937 4783 ἐξήγησιν

343 4796 435 4850 τὴν
493 4791 541 4843 ἐν
596 4802 668 4865 τῷ
728 4791 1012 4854 δηλωθέντι
1061 4802 1278 4871 πέμπτῳ
1347 4800 1604 4873 κεφαλαίῳ
1657 4809 1748 4854 τοῦ
1805 4805 1939 4854 κατὰ

343 4883 630 4939 Ματθαῑον.

411 5177 438 5216 ³
461 5175 618 5235 Psal.
645 5193 772 5248 Vill,
798 5179 852 5237 3.

2050 4530 2257 4596 tineas,
2280 4531 2360 4588 ad
2388 4531 2554 4602 quod
2598 4532 3035 4588 condemnatus
3066 4547 3217 4597 eras,
3250 4530 3365 4586 hoc
3403 4533 3510 4595 est,
3561 4542 3712 4582 nun~

2047 4637 2235 4693 quam
2266 4620 2405 4676 inde
2461 4621 2648 4676 exibis
2699 4621 2824 4686 ;ad
2859 4621 2976 4676 hoc
3027 4621 3180 4675 enim
3232 4619 3715 4674 condemnantur

2046 4709 2417 4778 hujusmodi,
2449 4716 2509 4765 ut
2538 4725 2775 4780 semper
2799 4709 3142 4780 puniantur.
3171 4707 3324 4762 Nihil
3350 4712 3549 4763 autem
3578 4721 3713 4776 pro-

2045 4799 2227 4864 hibet,
2257 4803 2323 4854 ut
2375 4814 2510 4870 quae
2538 4799 2697 4854 dicta
2729 4802 2881 4863 sunt,
2944 4796 3351 4867 intelligantur
3377 4798 3551 4866 juxta
3584 4809 3718 4850 sen-

2049 4906 2207 4954 sum,
2227 4888 2330 4962 qui
2350 4888 2528 4945 datus
2545 4895 2634 4944 est
2653 4887 2933 4960 pradicto
2953 4886 3164 4960 quinto
3185 4888 3355 4959 juxta
3373 4885 3714 4944 Matthaaum

2047 4979 2264 5051 capite.

1539 5361 1766 5448 Variae
1799 5360 2134 5433 lectiones
2175 5372 2242 5432 et
2271 5369 2484 5434 notas.

433 5618 526 5694 30)
562 5619 810 5694 ὁμαερός-

562 5637 834 5749 mimi
859 5691 1165 5762 nimirum,
1189 5694 1348 5753 Matt.
1381 5709 1438 5752 v.
1462 5697 1557 5753 25.

2125 5623 2236 5695 (32)
2271 5622 2366 5679 His
2402 5621 2571 5695 addit
2591 5621 2920 5695 Hentenius
2949 5639 3023 5682 ex
3045 5622 3282 5684 Psalmo
3307 5641 3324 5686 :
3353 5629 3460 5684 Τοῦ
3491 5625 3722 5682 καταλῦ-

2063 5691 2154 5752 σαι
2178 5691 2370 5773 ἐχθρὸν
2400 5699 2491 5751 καὶ
2519 5691 2828 5761 ἐκδικητήν.
