4144 6314
557 343 664 399 999
1758 359 1776 385 ι

1876 324 2227 399 ΕυΤΗΥΜΙῙ
2265 330 2627 401 ZIGABBNI

3818 348 3940 408 l000

559 467 720 524 CAP.
756 468 971 523 XLVII.
1011 467 1096 524 De
1120 466 1404 538 Gatilan's,
1438 468 1584 524 etiis
1606 468 1711 539 qui
1739 468 1803 525 in
1823 468 2004 533 Sitoe,
2036 474 2090 524 et
2122 482 2217 523 cw‘

2336 474 2484 523 ΧΕΦ.
2560 468 2691 526 ΜΖ’.
2748 476 2867 546 Περὶ
2911 480 3011 525 rain
3064 473 3343 526 Γαλιλαίων
3413 477 3503 526 καὶ
3576 483 3690 526 τῶν
3762 474 3811 527 ἓν
3880 488 3940 547 τῷ

1315 564 1463 614 tera.

630 645 774 719 Cap.
850 646 985 702 Xlll.
1039 646 1205 702 Vers.
1268 648 1321 701 1.
1381 645 1649 703 Aderant
1703 677 1771 690 —-
1818 648 2104 716 ipsorum.
2156 644 2220 699 Hi

558 733 802 804 Galilei,
864 750 1003 790 cum
1033 740 1233 806 partes
1303 739 1605 791 tuerentur
1652 735 1819 791 Iudae
1849 735 2086 802 Galilaei,
2128 749 2223 790 ac-

557 825 742 879 cusati
776 829 931 891 sunt,
976 828 1268 896 tanquam
1298 824 1402 896 qui
1446 841 1482 881 a
1510 825 1730 881 Caesare
1760 824 2132 888 defecissent,
2165 827 2223 879 et

558 910 860 968 Galilaeam
893 913 1178 968 seditione
1217 913 1508 969 adversus
1563 913 1765 986 ipsum
1810 912 2216 986 replevissent.

557 1001 704 1056 Cum
746 1016 885 1072 ergo
914 1002 1183 1075 quodam
1234 1009 1495 1075 tempore
1535 1004 1877 1073 congregati
1921 1007 2121 1059 essent
2149 1017 2220 1057 ac

558 1090 983 1156 sacriﬁcarent,
1017 1091 1241 1148 audivit
1266 1092 1378 1147 hoc
1436 1090 1656 1148 Pilatus
1714 1097 1771 1148 et
1825 1092 1916 1148 ira
1960 1090 2216 1155 fervens,

556 1178 813 1235 mittitin
839 1194 942 1236 eos
975 1180 1207 1236 milites.
1229 1181 1496 1253 ipsisque
1516 1181 1825 1251 jugulatis,
1861 1181 2219 1251 sanguinem

558 1265 794 1324 illorum
837 1269 1078 1325 miscuit
1144 1269 1449 1325 sacriﬁciis
1480 1269 1771 1342 ipsorum.
1825 1271 1964 1336 Quae
2010 1270 2092 1325 ita
2140 1268 2219 1324 ad

556 1371 684 1412 rem
705 1361 934 1426 gestam
982 1362 1274 1431 spectant,
1308 1360 1392 1414 ita
1424 1373 1486 1413 se
1506 1358 1751 1415 habent.
1779 1359 2040 1415 Aderant
2072 1374 2219 1427 ergo

555 1445 802 1516 quidam
834 1446 1040 1512 Judaei,
1063 1448 1405 1503 nuntiantes
1430 1447 1660 1504 Christo
1691 1449 1765 1504 de
1786 1448 1923 1517 illis,
1952 1447 2100 1503 scire
2122 1463 2221 1503 cu-

552 1532 799 1604 pientes,
818 1540 1017 1591 utrum
1028 1539 1327 1607 tanquam
1340 1539 1685 1608 peccatores
1701 1534 1856 1592 ultra
1871 1551 2084 1592 omnes
2098 1551 2219 1590 sua;

551 1623 813 1692 regionis
826 1624 1092 1681 Galilaaos
1106 1625 1229 1681 haec
1242 1625 1411 1698 passi
1427 1629 1631 1681 essent
1647 1642 1659 1682 :
1688 1626 1773 1682 ita
1789 1626 1949 1682 enim
1967 1625 2082 1698 ipsi
2103 1623 2220 1680 exi-

556 1710 908 1771 stimabant.

646 1805 804 1860 Vers.
828 1809 881 1859 2.
912 1806 979 1859 Et
1006 1805 1355 1874 respondens
1382 1835 1450 1844 —
1473 1805 1639 1861 Vers.
1665 1809 1717 1861 3.
1752 1803 2040 1874 peribttis.
2073 1806 2217 1861 Cum

2407 1814 2506 1863 Καὶ
2586 1808 2882 1881 ἀποκριθεὶς
2946 1841 3015 1849 -
3090 1807 3382 1865 ἀπολεῖσθε.

554 1912 761 1954 omnes
790 1894 1134 1966 simpliciter
1184 1897 1381 1949 essent
1400 1898 1762 1965 peccatores,
1804 1894 1915 1949 soli
1943 1893 2025 1949 illi
2052 1909 2218 1963 pass-

555 1990 712 2050 sunt,
741 1988 806 2039 ut
830 1989 884 2038 et
909 1983 1020 2052 ipsi
1042 1982 1256 2038 darent
1287 1997 1521 2054 poenas,
1550 1987 1609 2037 et
1637 1984 1833 2038 caeteri
1858 1982 2218 2054 deprehensi

554 2074 1009 2145 corriperentur.
1042 2071 1159 2127 Nisi
1184 2086 1322 2143 ergo
1379 2071 1818 2127 convertamini
1851 2088 1888 2127 a
1918 2070 2223 2127 movenda

554 2163 843 2219 seditione
874 2161 1165 2216 adversus
1186 2175 1388 2230 regem
1424 2164 1707 2225 vestrum,
1730 2160 2029 2217 Christum
2058 2159 2221 2215 vide-

551 2252 706 2318 licet,
735 2248 1106 2321 subjiciendo
1154 2264 1262 2304 vos
1293 2249 1426 2321 ipsi,
1450 2253 1508 2304 et
1547 2265 1583 2306 a
1632 2249 1863 2305 malitia
1910 2249 1989 2305 ad
2037 2249 2222 2304 virtu-

550 2345 674 2397 tem
719 2361 732 2407 ;
760 2355 947 2396 omnes
970 2340 1246 2396 similiter
1285 2339 1579 2409 peribitt's,
1620 2340 1736 2396 hoc
1760 2343 1867 2405 est,
1899 2338 2079 2395 etiam
2113 2355 2220 2394 vos

530 2432 613 2485 ‘in
644 2429 948 2486 sacriﬁciis
1000 2427 1462 2496 interﬁciemini,
1511 2429 1572 2485 in
1598 2429 1825 2502 quibus
1866 2428 2221 2484 extollimini

554 2536 625 2576 ac
668 2517 1028 2589 gloriamini.
1082 2520 1146 2572 Et
1192 2517 1276 2573 ita
1323 2517 1550 2575 factum
1604 2522 1716 2573 est.
1750 2519 1813 2573 In
1854 2517 2008 2573 festo
2060 2517 2219 2573 enim

534 2609 813 2680 lPaschae,
843 2608 1152 2664 obsidione
1180 2609 1356 2680 capti,
1389 2624 1424 2664 a
1444 2610 1725 2664 Romanis
1751 2609 1889 2698 caesi
1912 2611 2074 2663 sunt.

623 2790 793 2844 Vers.
819 2788 856 2841 4
880 2790 1003 2843 Aut
1052 2818 1120 2828 —
1140 2787 1306 2842 Vers.
1362 2791 1413 2843 5.
1437 2787 1728 2856 pem‘bitis.
1788 2786 1979 2844 Etiam
2023 2787 2098 2843 de
2126 2785 2222 2842 his

553 2881 682 2934 erat
708 2876 957 2950 quaestio
992 2892 1003 2930 :
1037 2893 1114 2931 au
1144 2879 1465 2947 propterea
1512 2893 1721 2931 casum
1755 2877 1909 2933 adeo
1930 2877 2219 2932 acerbum

530 2966 1001 3040 -passifuissent.
1055 2966 1218 3037 quod
1239 2968 1437 3019 essent
1484 2969 1828 3036 peccatores
1871 2965 2026 3021 ultra
2073 2981 2216 3020 cun-

553 3059 705 3120 ctos,
728 3056 834 3128 qui
883 3053 1306 3126 Hierosolymis
1347 3053 1704 3109 habitabant
1733 3073 1747 3120 ;
1778 3054 1874 3110 hic
1907 3055 2067 3110 enim
2120 3054 2220 3109 de-

524 3144 772 3201 —bitores
791 3142 1111 3215 appellavit
1134 3146 1496 3213 peccatores.
1524 3143 1797 3199 Ostendit
1824 3144 2026 3215 itaque
2053 3147 2113 3197 et
2143 3142 2236 3205 de:
2257 3175 2295 3229 Ο

553 3234 713 3304 ipsis,
746 3249 817 3288 ac
843 3236 1223 3304 protestetur,
1253 3233 1414 3303 quod
1455 3232 1566 3287 nisi
1598 3235 2047 3298 convertantur,
2091 3247 2216 3288 om-

550 3338 659 3379 nes
705 3322 976 3378 similiter
1022 3322 1294 3393 peribunt
1353 3322 1512 3377 :hoc
1566 3325 1676 3390 est,
1708 3326 1767 3378 et
1791 3321 1906 3394 ipsi
1927 3321 2216 3378 acerbum

525 3412 848 3483 laccipient
863 3411 1065 3477 ﬁnem,
1090 3411 1246 3465 sicut
1264 3410 1445 3465 etiam
1480 3414 1853 3483 acceperunt,
1874 3426 1910 3466 a
1935 3411 2220 3467 Romanis

553 3501 768 3557 misere
792 3501 969 3571 capti.
990 3500 1133 3555 Hinc
1151 3515 1293 3569 ergo
1318 3499 1644 3566 discamus,
1672 3504 1836 3572 quod
1867 3499 2217 3572 temporalis

548 3590 794 3646 fratrum
824 3593 1167 3646 nostrorum
1196 3588 1613 3646 exterminatio
1661 3590 1877 3647 divinas
1928 3591 1988 3646 in
2007 3603 2219 3646 omnes

549 3679 653 3735 iraa
677 3678 1020 3750 exemplum
1048 3684 1153 3745 est,
1176 3678 1334 3734 facta
1359 3677 1438 3733 ad
1460 3679 1899 3736 correctionem
1925 3685 2216 3747 nostram,

551 3771 796 3841 propter
821 3784 1115 3825 summam
1146 3768 1244 3823 Dei
1288 3767 1641 3835 bonitatem,
1667 3784 1789 3824 non
1820 3770 2065 3840 propter
2094 3767 2220 3824 sola

547 3857 789 3913 illorum
818 3861 1083 3930 peccata.
1125 3856 1345 3913 Deinde
1372 3860 1431 3911 et
1471 3857 1822 3929 parabolam
1865 3857 2054 3925 affert,
2094 3873 2219 3930 qua

548 3946 848 4013 ostendat,
876 3946 1042 4020 quod
1071 3946 1183 4003 nisi
1212 3946 1588 4017 resipuerint,
1634 3947 1929 4019 peribunt.

620 4124 785 4179 Vers.
848 4123 906 4179 6.
954 4123 1112 4179 Dixit
1158 4127 1353 4179 autem
1384 4152 1454 4165 --
1493 4123 1660 4178 Vers.
1706 4124 1759 4174 7.
1789 4129 2033 4193 occupat
2059 4120 2216 4179 ?Per

545 4212 720 4267 ﬁcum
749 4211 1150 4283 infrugiferam
1174 4212 1276 4283 (ιη)
1308 4212 1536 4267 indicat
1564 4214 1949 4283 Synagogam
1979 4213 2211 4267 Judaeo-

547 4316 705 4368 rum,
730 4299 881 4356 foliis
898 4300 1143 4372 quidem
1158 4300 1568 4357 lascivientem
1593 4317 1660 4356 ac
1680 4300 1991 4367 virentem,
2021 4301 2215 4356 verbis

547 4389 818 4446 videlicet
845 4389 1137 4461 legalibus
1159 4405 1229 4446 ac
1254 4389 1638 4461 propheticis,
1665 4390 1771 4445 sed
1802 4390 2061 4447 fructum
2094 4407 2215 4447 non

548 4477 856 4545 ferentem,
875 4483 1041 4551 puta,
1062 4478 1356 4535 virtutem.
1378 4478 1566 4535 Vinea
1594 4485 1792 4536 autem
1815 4480 2079 4535 mundus
2101 4491 2191 4536 est

549 4573 745 4641 utpote
776 4570 1095 4640 plantatus,
1143 4574 1208 4624 ut
1231 4567 1493 4624 fructum
1526 4572 1643 4625 Deo
1692 4568 1983 4642 proferret
2008 4570 2216 4640 jucun-

548 4657 851 4714 dissimum
881 4657 1108 4725 ;cultor
1127 4674 1267 4715 vero
1290 4658 1481 4715 vineae
1506 4657 1787 4725 Christus,
1822 4675 2032 4715 curam
2066 4659 2216 4715 scili-

549 4753 642 4804 cet
657 4763 868 4817 gerens
891 4747 995 4819 huj
1006 4747 1243 4804 usmodi
1266 4748 1473 4819 vinem,
1494 4765 1565 4805 ac
1598 4747 1898 4821 plantator
1914 4748 2214 4816 ﬁdelium;

544 4837 770 4894 habere
821 4842 1022 4894 autem
1053 4837 1241 4895 ﬁcum
1268 4838 1483 4895 dicitur
1533 4842 1721 4905 Pater,
1765 4838 1930 4894 hunc
1958 4853 2217 4911 namque

548 4926 746 4984 solum
758 4926 973 4985 fatetur
986 4930 1012 4983 ,Ι
1021 4928 1332 4985 udaeorum
1349 4930 1668 5001 Synagoga
1679 4926 2001 4985 Dominum
2017 4944 2214 4985 suum.

2294 3494 2301 3503 ’
2326 3502 2609 3575 Ῥωμαίων.

2200 4525 2214 4549 ’
2248 4527 2292 4582 D

3020 563 3242 635 Σιλωάμ.

2407 654 2657 722 Παρῆσαν
2712 683 2774 691 -
2816 652 2979 704 αὐτῶν
3207 653 3368 706 Οὗτοι
3414 654 3462 705 οἱ
3504 652 3807 721 Γαλιλαῖοι,
3859 664 3942 716 τῆς

2331 734 2545 808 μερίδος
2587 743 2726 801 ὄντες
2764 738 2943 794 Ἰούδα
2985 749 3077 793 τοῦ
3124 741 3419 806 Γαλιλαίου,
3454 740 3834 800 διεϐλήθησαν
3882 746 3943 805 ὡς

2332 825 2629 880 ἀποστάται
2685 839 2774 881 του
2825 835 3108 904 Καίσαρος,
3160 835 3248 883 καὶ
3304 834 3535 892 στάσεως
3584 830 3941 904 ὶμπιπλώντες

2329 918 2442 967 κατ’
2500 918 2659 969 αὐτοῦ
2704 923 2805 976 τὴν
2844 926 2879 971 Γ
2880 918 3136 973 αλιλαίαν.
3200 923 3331 972 Ποτε
3386 929 3512 992 γοῦν
3567 921 3719 983 ὁμοῦ
3785 921 3942 973 συνελ-

2332 1006 2521 1057 θόντων
2563 1012 2652 1059 καὶ
2700 1009 2944 1077 θυόντων,
2995 1011 3171 1080 μαθὼν
3200 1016 3350 1061 τοῦτο
3400 1009 3657 1078 Πιλάτος,
3704 1016 3800 1061 καὶ
3840 1010 3945 1061 ἀνα-

2331 1094 2488 1156 ζέσας
2544 1104 2615 1166 τῷ
2675 1098 2843 1168 θυμῷ,
2917 1102 3105 1170 πέμπει
3168 1097 3278 1151 κατ’
3351 1099 3520 1150 αὐτῶν
3584 1105 3942 1171 στρατιώτας,

2328 1189 2417 1236 καὶ
2467 1184 2768 1255 ἀποσφάξας
2799 1185 3006 1252 αὐτοὺς,
3053 1190 3109 1238 τό
3159 1188 3291 1259 αἷμα
3335 1191 3530 1239 τούτων
3567 1196 3700 1248 ταῖς
3745 1190 3945 1246 θυσίαις

2331 1273 2498 1325 αὐτῶν
2530 1273 2752 1346 ἀνέμιξε.
2804 1277 2880 1327 Τὰ
2908 1278 2998 1347 μεν
3047 1271 3133 1327 οὖν
3180 1285 3273 1338 τῆς
3328 1278 3560 1351 ἱστορίας
3590 1278 3764 1330 οὕτω.
3822 1283 3943 1348 [laga-

2331 1369 2360 1419 ῆ
2371 1381 2466 1413 σαν
2494 1359 2553 1414 δέ
2578 1383 2708 1424 τινες
2742 1359 3011 1429 Ἰουδαῖοι,
3038 1363 3444 1435 ἀπαγγέλλοντες
3471 1373 3542 1435 τῷ
3578 1373 3811 1440 Χριστῷ
3838 1370 3942 1438 περὶ

2332 1451 2519 1517 αὐτῶν,
2547 1453 2824 1512 ζητοῦντες
2848 1454 3050 1523 μαθεῖν,
3084 1453 3129 1505 εἰ
3154 1456 3223 1514 ὡς
3247 1453 3545 1529 ἁμαρτωλοὶ
3575 1457 3733 1529 παρὰ
3758 1457 3943 1511 πάντας

2329 1544 2452 1601 τοὺς
2477 1543 2784 1612 ὀμοχώρους
2816 1541 3121 1604 Γαλιλαίους
3147 1550 3368 1595 τοιαῦτα
3408 1544 3765 1597 πεπόνθασιν.
3803 1541 3940 1595 Οὕτω

2330 1632 2432 1702 ’γὰρ
2464 1630 2607 1682 οὗτοι
2638 1632 2749 1701 (34)
2778 1635 2956 1702 ᾤοντο.

3473 1812 3697 1863 Πάντων
3776 1810 3940 1870 ἁπλῶς

2333 1904 2487 1951 ὄντων
2553 1897 2887 1970 ἁμαρτωλῶν,
2968 1903 3115 1970 μόνοι
3194 1898 3375 1951 ἐκείνοι
3444 1902 3797 1964 πεπόνθασιν,
3865 1902 3936 1951 ἵνα

2333 1985 2470 2040 rimi
2520 2007 2574 2040 τε
2625 1988 2775 2041 αὐτοὶ
2824 1985 3001 2047 δίκην,
3063 1992 3153 2040 καὶ
3206 1984 3567 2041 παιδευθῶσιν
3626 1991 3679 2041 οἱ
3732 1988 3934 2040 ὑπολει-

2332 2079 2555 2149 φθέντες.
2622 2078 2738 2130 Ἐὰν
2801 2074 2887 2129 οὖν
2942 2082 3012 2149 μὴ
3071 2076 3458 2149 μεταϐάλλησθε
3510 2076 3617 2129 ἀπὸ
3668 2085 3765 2130 τοῦ
3823 2095 3934 2129 στα-

2333 2168 2532 2227 σιάζειν
2563 2170 2699 2218 κατά
2729 2174 2819 2219 τοῦ
2853 2165 3109 2239 βασιλέως
3150 2168 3315 2238 ὑμῶν,
3361 2173 3454 2219 τοῦ
3483 2172 3730 2240 Χριστοῦ
3764 2164 3931 2224 δηλον-

2333 2262 2433 2319 ότι,
2471 2255 2541 2317 εἰς
2587 2259 2644 2307 τὸ
2705 2257 3088 2308 ὑποτάττεσθαι
3146 2255 3307 2325 αὐτῷ,
3367 2260 3458 2308 καὶ
3489 2253 3591 2307 ἀπὸ
3638 2260 3829 2316 κακίας
3871 2254 3928 2313 εἰς

2334 2343 2539 2417 ἀρετὴν,
2612 2346 2804 2406 Πάντες
2895 2345 3081 2416 ὁμοίως
3147 2343 3441 2410 ἀπολεῖσθε,
3520 2349 3785 2407 τουτέστι,
3848 2348 3922 2393 καί

2333 2434 2481 2485 αὐτοὶ
2521 2434 2570 2485 ἐν
2622 2441 2733 2493 ταῖς
2788 2435 2997 2493 θυσίαις
3051 2432 3472 2507 ἀναιρεθήσεσθε,
3527 2432 3605 2505 ἀφ’
3669 2434 3748 2493 αῖς
3793 2429 3924 2504 βρεν·

2335 2526 2517 2576 θύεσθε
2560 2528 2650 2575 καὶ
2708 2524 3031 2594 σεμνύνεσθε.
3096 2527 3193 2575 Καὶ
3241 2526 3444 2594 ’γέγονεν
3496 2522 3689 2585 οὕτως.
3743 2522 3821 2573 Ἐν
3862 2524 3915 2588 τῇ

2333 2612 2477 2685 ἑορτῇ
2517 2615 2619 2684 γὰρ
2678 2619 2770 2664 τοῦ
2820 2614 3019 2683 Πάσχα
3069 2609 3555 2684 ἓκπολιορκηθέντες
3611 2610 3915 2684 ἀνῃρέθησαν

2332 2703 2432 2753 ὑπὸ
2467 2709 2567 2753 τῶν
2598 2700 2692 2753 Ῥω
2698 2705 2885 2773 μαίων.

2402 2789 2468 2842 Ἦ
2529 2790 2710 2842 ἐκεῖνοι
2752 2821 2820 2829 -
2864 2787 3157 2843 ἀπολεῖσθε.
3218 2793 3318 2841 Καὶ
3365 2793 3485 2862 περὶ
3526 2791 3717 2841 τούτων
3761 2786 3903 2845 ζήτη-

2334 2898 2413 2940 σις
2471 2876 2553 2947 ἦν,
2608 2879 2652 2931 εἰ
2701 2882 2766 2938 ὼς
2815 2877 3112 2951 ἁμαρτωλοὶ
3156 2880 3302 2951 παρὰ
3338 2879 3539 2940 πάντας
3576 2882 3688 2938 τούς
3732 2874 3773 2926 ἐν
3818 2871 3889 2922 Ἰε·

2328 2967 2604 3043 ρουσαλὴμ
2649 2975 2879 3019 τοιοῦτον
2928 2969 3113 3039 πικρόν
3149 2963 3387 3029 ἐδέξαντο
3440 2967 3623 3029 τέλος·
3682 2961 3896 3036 ὀφειλέτας

2328 3061 2429 3131 γὰρ
2486 3065 2574 3108 νῦν
2631 3060 2755 3117 τοὺς
2818 3055 3152 3130 ἁμαρτωλοὺς
3217 3055 3501 3127 ὠνόμασεν.
3565 3056 3901 3126 ’Δποφαίνεται

2330 3151 2500 3198 τοίνυν
2552 3151 2641 3197 καὶ
2692 3150 2817 3218 περὶ
2876 3144 3062 3209 αὐτῶν,
3119 3149 3208 3197 καὶ
3261 3140 3696 3219 διαμαρτύρεται,
3750 3144 3806 3200 ὡς
3831 3137 3901 3189 id"

2330 3240 2397 3307 μὴ
2457 3235 2840 3303 μεταϐληθώσι,
2895 3236 3078 3294 πάντες
3127 3235 3319 3305 ὁμοίως
3367 3233 3703 3295 ἀπολοῦνται,
3757 3231 3900 3282 τοντέι

2331 3343 2438 3387 στι,
2498 3329 2587 3376 καὶ
2652 3324 2798 3375 αὐτοὶ
2850 3327 3035 3397 πικρὸν
3099 3324 3213 3393 (33)
3275 3320 3510 3385 δέξονται
3576 3324 3738 3383 τέλος,
3800 3320 3901 3387 ὅπερ

2329 3416 2575 3474 ὡσαύτως
2630 3410 2889 3480 ἐδέξαντο,
2948 3411 3189 3484 χαλεπῶς
3239 3411 3633 3475 ἐξαναλωθέντες
3691 3412 3783 3463 ὑπὸ
3823 3414 3901 3459 τῶν

2686 3503 3022 3573 Μανθάνομεν
3082 3501 3171 3553 οὖν
3223 3499 3466 3569 ἐντεῦθεν,
3526 3503 3594 3563 ὡς
3656 3503 3686 3558 ἡ
3742 3498 3899 3571 μεραή

2328 3601 2426 3644 τῶν
2494 3589 2726 3663 ἀδελφῶν
2792 3592 2936 3662 ἡμῶν
2992 3588 3343 3662 ἐξολόθρευσις
3395 3587 3589 3663 δεῖγμα
3645 3598 3734 3649 τῆς
3790 3586 3902 3637 κατὰ

2326 3683 2530 3734 πάντων
2577 3682 2715 3740 θείας
2772 3679 2931 3752 ὀργῆς
2961 3678 3095 3747 ἐστι,
3144 3683 3278 3753 πρὸς
3325 3676 3610 3743 διόρθωσιν
3662 3680 3797 3752 ἡμῶν
3838 3692 3902 3744 γι·

2326 3775 2530 3842 νομένη,
2565 3765 2660 3821 διὰ
2699 3773 2793 3827 τήν
2841 3770 3005 3840 ἄκραν
3050 3771 3353 3839 ἁγαθότητα
3397 3775 3490 3820 τοῦ
3541 3771 3806 3835 Θεοῦ,καί
3852 3760 3900 3813 οὗ

2328 3857 2421 3913 διὰ
2472 3865 2628 3932 μόνας
2684 3862 2772 3919 τὰς
2829 3857 3030 3910 ἐκείνων
3096 3858 3357 3931 ἁμαρτίας
3412 3857 3589 3919 αὐτοῖς
3656 3858 3894 3925 ἐπάγεται-

2327 3947 2456 4001 Εἶτα
2493 3949 2677 4006 τίθησι
2723 3951 2814 3999 καὶ
2843 3945 3144 4020 παραϐολὴν
3201 3946 3573 4020 ἐμφαίνουσαν,
3630 3949 3699 4009 ὡς
3750 3943 3790 3996 εἰ
3836 3942 3898 4012 μὴ

2326 4036 2552 4110 μεταϐλη
2563 4040 2740 4102 θῶσιν,
2778 4035 3109 4093 ἀπολοῦνται.

2397 4126 2570 4198 Ἔλεγε
2633 4122 2691 4178 δε
2744 4157 2809 4166 -
2867 4132 3153 4198 καταργεῖ;
3210 4132 3375 4185 Συκῆν
3428 4125 3542 4199 (36)
3614 4130 3703 4198 μεν
3756 4122 3900 4189 ἄκαρ-

2325 4235 2419 4267 πον
2459 4212 2721 4273 ὑποδηλοῖ
2775 4220 2870 4273 τὴν
2924 4219 3236 4287 Συναγωγὴν
3289 4223 3388 4267 τῶν
3451 4211 3737 4280 Ἰουδαίων,
3791 4205 3893 4281 φύὶυ

2324 4305 2434 4367 λοις
2498 4309 2587 4377 μεν
2658 4313 2904 4378 κομῶσαν
2969 4310 3059 4356 καὶ
3125 4304 3436 4374 θάλλουσαν,
3502 4308 3686 4369 ε’ίτουν,
3747 4300 3895 4367 λόγοις

2324 4403 2553 4466 νομικοῖς
2596 4399 2686 4446 καὶ
2740 4390 3080 4467 προφητικοῖς
3106 4410 3119 4423 ·
3168 4397 3367 4469 καρπὸν
3419 4390 3480 4446 δε
3516 4398 3590 4466 μὴ
3649 4396 3890 4466 φέρουσαν»

2326 4489 2508 4554 ἤγουν,
2543 4482 2739 4557 ἀρετήν.
2787 4482 3048 4555 Ἀμπελὼν
3090 4479 3168 4549 δὲ,
3217 4484 3242 4535 ὁ
3291 4486 3508 4555 κόσμος,
3565 4486 3635 4544 ὡς
3665 4475 3892 4554 φυτευθεὶς

2327 4573 2411 4625 ἐπὶ
2446 4583 2516 4644 τῷ
2548 4572 2759 4644 ἐνεγκεῖν
2789 4575 2984 4644 καρπὸν
3031 4568 3252 4631 ἣδιστον
3298 4580 3369 4643 τῷ
3424 4580 3538 4643 Θεῷ
3565 4590 3579 4602 ο
3637 4564 3885 4642 ἀμπελουρ-

2327 4667 2416 4734 γός
2448 4658 2524 4721 δὲ,
2563 4664 2588 4714 ὁ
2621 4665 2869 4735 Χριστὸς,
2905 4663 2968 4721 ὡς
3008 4659 3398 4733 ἕπιμελούμενος
3424 4668 3514 4712 τοῦ
3549 4660 3761 4710 τοιούτου
3788 4646 3874 4716 ἀμ-

2326 4752 2565 4815 πελῶνος,
2618 4755 2707 4803 καὶ
2764 4758 3074 4822 φυτηκομὼν
3128 4753 3248 4811 τοὺς
3302 4752 3542 4810 πιστούς·
3585 4748 3611 4798 ὁ
3663 4741 3715 4798 δί
3759 4740 3880 4808 ἔχων

2327 4846 2419 4898 τὴν
2449 4849 2634 4905 συκῆν,
2667 4842 2805 4892 ἔστιν
2862 4840 2887 4890 ὁ
2926 4843 3127 4913 Πατήρ.
3156 4845 3349 4891 Τοῦτον
3395 4842 3494 4913 γὰρ
3535 4839 3679 4911 μόνον
3723 4830 3889 4913 Κύριον

2328 4930 2510 4990 εαυτῆς
2548 4931 2578 4987 ἡ
2612 4931 2888 5001 Συναγωγή
2926 4935 3024 4981 τῶν
3070 4907 3340 4982 ’.ἰουδαίων
3389 4907 3651 5001 όμολόγεῖ.
3687 4924 3804 4997 Τρία
3843 4907 3895 4965 δῖ

1783 5133 2007 5204 Variae
2034 5134 2360 5205 lectiones
2384 5145 2450 5204 et
2465 5144 2673 5205 notae.

618 5358 730 5431 (33)
782 5362 957 5415 Αὐτῶν
1002 5373 1126 5415 non
1155 5358 1422 5430 agnoscit
1463 5357 1785 5431 Hentenius
1830 5358 1891 5414 in
1936 5358 2210 5431 interpre-

546 5429 789 5498 tatione,
822 5431 1000 5488 Miror
1040 5429 1217 5487 sane.
1238 5432 1355 5486 Nec
1409 5429 1569 5486 enim
1599 5430 1673 5486 de
1698 5430 1809 5487 hoc
1865 5429 2103 5487 monuit
2150 5432 2210 5486 in

547 5502 918 5567 Praafatione,
959 5518 1069 5559 nec
1105 5506 1274 5555 αὐτῶν
1304 5501 1600 5559 omissum
1644 5507 1733 5559 est
1761 5518 1799 5559 a
1830 5502 2076 5573 Vulgato
2115 5502 2210 5558 in-

551 5579 804 5646 terprete
838 5574 1037 5631 Latino
1050 5615 1064 5629 .

564 5716 571 5721 ι
624 5750 728 5830 (m)
756 5751 1048 5825 Interpres
1083 5749 1314 5808 videtur
1360 5749 1577 5822 legisse
1621 5749 1716 5806 διὰ
1768 5761 1935 5816 συκῆς
1954 5754 2244 5829 ἀκάρπου.

2537 5429 2848 5505 Πικρὸνὶιαὶ
2872 5429 3045 5487 αὐτοί.
3067 5435 3129 5505 β.

2416 5360 2505 5431 34)
2537 5357 2715 5428 Αὐτοί,
2740 5372 2849 5431 pro
2877 5356 3045 5431 οὗτοι,
3078 5363 3134 5414 Β.

2416 5360 2485 5415 34
2537 5359 2715 5428 Αὑτοί,
2740 5372 2849 5431 pro
2877 5359 3045 5423 οὗτοι,
3078 5363 3134 5414 Β.

2392 5359 2505 5577 Ξεόζ
2537 5433 2729 5505 Πικρὸν
2758 5433 2848 5484 καὶ
2872 5429 3045 5487 αὐτοί.

2415 5503 2505 5575 36)
2540 5505 2727 5573 Forte,
2756 5509 2890 5564 συκῆ
3050 5519 3317 5580 ακαρπος.
