4144 6314
208 354 353 421 1001
1259 352 1628 418 COMMENT.
1670 358 1742 416 IN
1781 356 1844 413 ιι

1968 358 2045 415 Μ.
2087 390 2157 402 -
2194 360 2344 418 CAP.
2388 361 2536 420 XIII.
3467 360 3604 418 1002

210 491 325 551 ἔτη,
381 491 437 541 αί
474 496 607 563 τρεῖς
660 487 916 541 πολιτεῖαι
973 495 1072 539 τῶν
1134 483 1428 553 Ἰουδαίων,
1478 488 1509 544 ἡ
1561 486 1660 537 ὑπὸ
1718 492 1817 537 τῶν

1958 487 2072 541 l‘res
2097 502 2236 544 vero
2249 488 2410 557 anni,
2446 493 2563 544 tres
2588 486 3089 543 suntJudieorum
3109 485 3594 561 gubernationes,

210 586 408 651 κριτῶν
438 578 732 649 ἰθυνομένη,
765 581 854 628 καὶ
900 577 930 633 ἡ
964 576 1064 628 ὑπὸ
1099 584 1196 626 τῶν
1229 574 1505 647 βασιλέων,
1535 578 1625 625 καὶ
1655 574 1685 630 ἡ
1719 573 1817 623 ὑπὸ

1961 592 2009 631 ιδ
2035 576 2302 632 videlicet
2326 594 2443 649 qua
2482 578 2589 631 sub
2602 576 2904 647 judicibus
2934 575 3314 643 regebantur,
3341 592 3432 642 ea,
3473 592 3597 648 qua

212 676 317 719 τῶν
345 666 653 741 ἀρχιερέων.
684 670 848 723 Φησὶν
870 660 979 731 οὖν,
1001 663 1258 735 Ἐκκοψον
1298 664 1480 729 αὐτὴν,
1532 660 1678 715 ὃιατί
1734 664 1824 712 καὶ

1959 664 2057 720 iub
2078 666 2340 734 regibus,
2382 672 2436 722 et
2457 682 2550 730 ea,
2578 682 2696 736 qua
2724 664 2837 719 sub
2860 664 3260 736 pontiﬁcibus.
3295 665 3385 720 Ait
3416 681 3557 735 ergo
3584 681 3595 721 :

214 761 310 814 τὴν
331 764 429 827 γῆν
466 758 698 826 καθιστᾷ
720 754 885 829 ἀργήν
919 771 932 820 ;
1940 755 2193 811 Succide
2222 756 2409 821 illam,
2431 754 2649 827 utquid
2664 754 2842 810 etiam
2862 760 3077 810 terram
3099 755 3294 810 reddit
3316 755 3594 811 otiosam:

294 845 353 897 Ὀ
386 840 445 897 δε
486 875 552 885 —
607 849 819 917 κόπρια.
884 842 1181 917 Παρακαλεί
1238 842 1364 914 ὑπὲρ
1403 850 1503 893 τῶν
1534 836 1827 904 Ἰουδαίων,

2013 843 2182 901 Vers.
2206 850 2257 900 8.
2284 846 2468 901 Atille
2492 876 2543 884 -
2560 852 2840 902 stercora.
2856 842 3134 899 Precatur
3156 860 3264 915 pro
3281 843 3518 911 Judaeis,
3535 849 3598 901 ut

220 938 295 996 ὡς
348 933 399 996 ἐξ
459 930 727 987 Ἰουδαίων
789 930 1209 1006 ἐνανθρωπήσας,
1260 935 1351 983 καὶ
1423 932 1633 982 ίκετεὺει
1704 929 1831 1000 ὑπὲρ

1964 933 2046 1005 [ui
2064 934 2362 989 exJudaiis
2378 934 2811 989 humanitatem
2828 932 3173 1004 assumpsit;
3189 938 3244 988 et
3261 948 3367 1004 pro
3381 949 3600 1004 cogna-

219 1032 327 1075 τῶν
379 1025 516 1074 κατὰ
574 1023 747 1094 σάρκα
804 1029 1087 1092 συγγενῶν,
1142 1018 1394 1092 ἀφεθῆναι
1444 1025 1534 1072 καὶ
1584 1025 1734 1070 τοῦτο
1774 1020 1832 1068 τό

1961 1024 2017 1077 .is
2061 1023 2235 1093 juxta
2264 1039 2504 1078 carnem
2537 1021 2827 1091 obsecrat,
2862 1027 2921 1077 ut
2952 1023 3044 1079 vel
3078 1022 3190 1077 hoc
3239 1038 3401 1076 anno
3454 1021 3597 1079 relin

224 1116 361 1177 ἔτος,
396 1108 603 1170 δηλαδὴ
663 1115 746 1163 τὸν
790 1113 970 1180 καιρὸν
1020 1110 1135 1162 καθ’
1179 1108 1233 1161 ὃν
1287 1105 1586 1173 ἐδίδασκεν,
1630 1108 1721 1169 ἕως
1774 1104 1835 1158 οὗ

1963 1111 2494 1184 [uantur,videlicet
2513 1116 2779 1183 tempore
2791 1127 2912 1183 quo
2928 1110 3202 1175 docebat,
3220 1110 3410 1166 donec
3440 1110 3599 1166 effon

227 1200 413 1273 σκάψῃ
445 1205 537 1258 τὴν
578 1199 928 1272 σκληρότητα,
988 1203 1079 1257 τὴν
1118 1202 1236 1273 περὶ
1269 1201 1363 1260 τὰς
1412 1198 1596 1269 ψυχὰς
1644 1196 1832 1262 αὐτῶν,

1963 1199 2110 1258 ieret
2145 1201 2432 1266 duritiem,
2461 1217 2598 1273 qua:
2629 1200 2690 1255 in
2724 1200 2926 1257 anima
2978 1215 3185 1255 eorum
3222 1205 3348 1255 erat
3385 1198 3599 1254 instru-

216 1299 298 1362 τῷ
334 1290 574 1363 ἐργαλείῳ
603 1297 698 1351 τῆς
726 1291 1100 1363 παραινέσεως,
1155 1292 1246 1339 καὶ
1306 1287 1443 1360 βάλῃ
1476 1292 1670 1362 κόπρια
1724 1285 1834 1356 (37)

1964 1294 2148 1346 nento
2170 1289 2614 1355 admonitionis,
2662 1293 2720 1346 et
2765 1289 3019 1345 mitteret
3066 1293 3331 1345 stercora
3384 1287 3600 1360 impin-

217 1381 546 1442 λιπαίνοντα,
604 1382 861 1444 τουτέστι,
920 1373 1277 1431 διδασκαλίαν
1368 1380 1682 1429 πιαίνουσαν
1763 1376 1837 1436 εἰς

1964 1378 2214 1449 ζιιειιιιὶει,
2237 1379 2351 1434 hoc
2377 1383 2483 1445 est,
2515 1378 2868 1447 doctrinam,
2920 1393 3055 1451 quae
3090 1378 3167 1434 ad
3199 1376 3600 1433 fructiﬁcatio-

220 1471 610 1542 καρποφορίαν.

1944 1484 2083 1524 nem
2115 1469 2397 1541 pinguem
2428 1467 2642 1523 reddit.

309 1557 414 1609 Κᾶν
467 1588 520 1598 —-
558 1561 780 1631 καρπὸν.
832 1555 1182 1615 Ἐλλειπτικὸς
1213 1556 1238 1606 ὁ
1276 1554 1445 1626 λόγος.
1504 1558 1684 1607 Λείπει
1733 1556 1833 1628 γὰρ

2016 1558 2185 1613 Vers.
2214 1561 2271 1614 9.
2308 1558 2382 1611 Et
2420 1558 2474 1612 si
2500 1557 2878 1625 —-/‘ructum.
2914 1556 3212 1615 Defectiva
3232 1556 3422 1613 oratio
3463 1558 3549 1611 est
3581 1570 3593 1611 :

218 1652 284 1699 τὸ
321 1643 388 1699 Εὖ
416 1648 550 1717 ἔχει.
1946 1646 2144 1703 deﬁcit
2166 1647 2324 1701 enim
2355 1648 2542 1701 :Bene
2574 1662 2635 1701 se
2658 1646 2834 1703 habet
2860 1664 2971 1714 res,
3014 1646 3122 1711 vel,
3148 1647 3297 1701 Bene
3328 1645 3595 1718 quidem.

306 1736 363 1788 Εἰ
395 1731 453 1787 δε
510 1766 578 1774 —
618 1733 801 1791 αὐτην.
852 1734 941 1795 Εἰς
992 1736 1079 1785 τὸν
1136 1731 1383 1803 μέλλοντα
1446 1737 1645 1805 καιρόν.
1696 1741 1835 1785 Υπο-

2016 1737 2182 1792 Vers.
2211 1738 2268 1792 9.
2308 1735 2405 1791 Sin
2436 1736 2699 1791 —illam.
2742 1738 2804 1790 ln
2828 1736 3369 1806 futurumtempus;
3428 1733 3572 1806 signi

233 1820 389 1880 δηλοῖ
435 1819 510 1889 δὲ,
560 1824 676 1875 καθ’
709 1825 761 1875 ὃν
806 1821 1184 1895 ἐπολιόρκησαν
1236 1827 1323 1879 τὴν
1379 1822 1730 1879 Παλαιστίνην
1792 1825 1840 1874 οἱ

1962 1825 2089 1881 ﬁcat
2120 1830 2317 1880 autem
2352 1830 2604 1896 tempus,
2627 1825 3028 1897 qquudaaam
3072 1825 3437 1880 obsederunt
3486 1822 3598 1878 Ro-

249 1912 506 1983 Pquaioz.
561 1918 688 1965 Τότε
740 1914 841 1985 γὰρ
899 1921 1127 1982 παγγενῆ
1210 1912 1302 1970 τὴν
1379 1916 1684 1983 Συναγωγῇ
1742 1920 1839 1963 τῶν

1961 1915 2137 1970 mani.
2152 1917 2311 1969 Tunc
2326 1914 2481 1968 enim
2497 1913 2844 1984 generaliter
2860 1928 3235 1986 synagogam
3253 1913 3597 1968 Iudaeorum

228 1998 510 2055 Ἰουδαίων
540 2000 747 2072 ἐξέκοψε
776 2009 870 2063 τῆς
926 2009 1027 2072 γῆς
1079 2002 1288 2070 ἐκείνης,
1354 2006 1444 2052 καὶ
1506 1999 1843 2073 ἀντεφύτευσε

1963 2003 2165 2060 excidit
2184 2019 2219 2058 a
2244 2007 2399 2058 terra
2422 2002 2521 2057 illa
2554 2018 2622 2069 ;a
2651 2002 2783 2057 loco
2832 2002 2960 2073 ejus
3018 2002 3469 2057 Christianorum
3499 2002 3599 2054 Ec-

222 2095 321 2149 τὴν
374 2091 687 2148 Ἐκκλησίαν
740 2099 839 2142 τῶν
905 2097 1257 2164 Χριστιανῶν,
1317 2094 1412 2147 τήν
1463 2088 1541 2141 ἀεὶ
1568 2109 1841 2164 καρποφο-

1959 2092 2191 2149 clesiam
2244 2090 2546 2163 plantavit,
2604 2106 2738 2162 quae
2796 2090 3057 2146 fructum
3117 2105 3350 2161 semper
3406 2087 3595 2144 affert.

232 2187 451 2256 ροῦσαν.
507 2180 565 2232 Εἰ
613 2177 671 2232 δέ
728 2199 804 2240 τις
860 2183 995 2232 εἷποι
1026 2195 1037 2208 ’
1076 2183 1175 2232 Καὶ
1226 2183 1352 2250 μὴν,
1409 2178 1467 2230 οὐ
1516 2181 1844 2231 παντάπασιν

1964 2181 2122 2248 Quod
2145 2181 2193 2236 si
2218 2180 2353 2252 quis
2385 2180 2543 2236 dicat
2584 2197 2598 2237 :
2638 2184 2763 2237 Non
2800 2195 3030 2251 semper
3084 2178 3432 2249 infrugifera
3478 2182 3600 2234 erat

233 2272 473 2342 ἄκαρπος
502 2266 562 2328 ἧν
594 2272 623 2327 ἡ
670 2273 945 2339 Συναγωγή
1001 2276 1098 2319 τῶν
1170 2264 1439 2319 Ἰουδαίων
1488 2271 1535 2319 ἐν
1589 2276 1691 2328 τοῖς
1749 2266 1845 2325 δη-

1961 2274 2271 2344 Synagoga
2313 2270 2652 2327 Iudaeorum
2675 2272 2736 2325 in
2773 2269 3070 2341 praedictis
3102 2271 3287 2325 tribus
3307 2269 3597 2340 guberna-

230 2358 513 2420 λωθείσαις
548 2364 687 2433 τρισὶ
713 2357 994 2416 πολιτείαις
1028 2374 1040 2385 '
1086 2355 1517 2430 ἐκαρποφόρησαν
1566 2359 1666 2428 γάρ
1717 2376 1844 2417 τινες

1964 2361 2215 2417 tionibus
2240 2379 2254 2427 ;
2277 2360 2520 2432 quidam
2549 2360 2707 2415 enim
2729 2361 2876 2415 inter
2892 2376 2990 2415 eos
3010 2358 3091 2429 (η)
3118 2358 3366 2413 fructum
3396 2357 3600 2412 attule-

234 2448 291 2500 ἐν
332 2447 532 2512 αὑταῖς,
563 2445 689 2498 ἀλλὰ
727 2451 816 2498 καὶ
864 2445 911 2497 ἐν
955 2454 1026 2515 τῷ
1056 2453 1244 2520 καιρῷ,
1277 2445 1393 2497 καθ’
1435 2445 1487 2497 ὃν
1518 2442 1798 2498 ἐδίδασκεν
1828 2465 1839 2478 ·

1963 2454 2089 2504 runt
2112 2449 2290 2504 etiam
2314 2456 2581 2520 tempore
2601 2465 2719 2520 quo
2745 2449 2995 2503 docebat
3020 2447 3279 2503 Christus
3298 2464 3309 2511 ;
3331 2446 3599 2501 dicemus

240 2536 475 2609 ἐροῦμεν,
504 2537 585 2588 ὄτι
614 2544 711 2587 τῶν
739 2534 935 2587 πολλῶν
975 2539 1006 2592 ἠ
1052 2538 1209 2585 κακία
1238 2534 1483 2587 καλύπτει
1512 2543 1610 2586 τῶν
1662 2534 1844 2606 ὀλίγων

1962 2537 2118 2609 quod
2162 2537 2481 2593 multorum
2523 2537 2747 2593 malitia
2784 2552 3108 2608 paucorum
3139 2535 3394 2590 occultat
3423 2534 3598 2589 virtu-

242 2629 341 2683 τὴν
374 2624 578 2700 ἀρετὴν,
611 2630 700 2677 καὶ
743 2627 801 2676 τὸ
842 2630 941 2675 πᾶν
997 2621 1097 2676 ἀπὸ
1145 2630 1238 2675 τοῦ
1275 2623 1639 2686 πλεονάζοντος
1677 2629 1847 2698 κρίνε-

1961 2631 2097 2693 tem;
2112 2631 2246 2683 etex
2260 2627 2590 2698 eo,quodin
2606 2627 2735 2698 ipso
2749 2624 3297 2697 abundat,quidvisj
3310 2622 3597 2679 udicatur.

233 2734 347 2767 ται.

352 2808 497 2857 ΚΕΦ.
533 2800 665 2856 MH'.
701 2806 825 2876 Περὶ
848 2808 938 2861 τῆς
970 2799 1201 2873 ἐχούσης
1222 2808 1423 2874 πνεῦμα
1452 2803 1736 2864 ασθενείας.
1959 2806 1988 2861 C

1967 2804 2113 2861 CAP.
2136 2804 2468 2861 XLVlll.De
2486 2804 2733 2860 muliere
2763 2808 3090 2867 contracta,
3123 2799 3399 2871 spiritum
3430 2799 3603 2869 inﬁr-

2527 2893 2744 2949 mitatis
2774 2893 3032 2949 habente.

319 2980 418 3033 Ἦν
446 2976 505 3033 δε
534 2976 809 3033 διδάσκων
839 3010 907 3019 -
944 2980 1099 3033 ὀκτώ.
1132 2984 1402 3054 Δαιμόνιον
1433 2979 1743 3056 ἀρρωστίας,
1774 2983 1843 3052 μὴ

2032 2984 2200 3041 Vers.
2241 2985 2328 3040 10.
2360 2983 2821 3040 Docebatautem
2854 3014 2921 3024 —
2954 2983 3109 3037 Vers.
3145 2980 3232 3035 11.
3290 2987 3439 3035 octo.
3485 2979 3605 3033 Dee-

246 3068 340 3122 ἑῶν
371 3069 531 3127 αὐτὴν
552 3070 779 3141 ὑγιᾶναι.

1972 3072 2233 3129 monium
2297 3071 2734 3140 imbecillitatis,
2794 3086 2917 3127 non
2963 3070 3164 3126 sinens
3207 3069 3373 3125 illam
3414 3068 3608 3125 vivere

1885 3176 1927 3232 c
1962 3179 2100 3219 cum
2130 3162 2338 3219 salute.

322 3249 427 3303 Καὶ
467 3244 529 3307 ἦν
587 3277 656 3287 ——
710 3251 1095 3319 προσεφώνησε.
1147 3246 1559 3320 Σπλαχγνισθεὶς
1618 3248 1849 3302 ίκάλεσεν

2033 3255 2193 3308 Vers.
2230 3252 2319 3309 11.
2351 3253 2608 3323 Eratque
2638 3281 2702 3293 -—
2728 3249 2891 3306 Vers.
2955 3254 3035 3305 l2.
3096 3255 3343 3306 vocamt.
3392 3247 3610 3304 Miseri-

248 3338 433 3396 αὐτήν.

1961 3342 2165 3398 cordia
2192 3346 2388 3397 motus
2410 3341 2641 3396 vocavit
2666 3339 2849 3396 illam.

321 3432 423 3480 Καὶ
485 3457 551 3467 —
600 3429 743 3479 Θεόν.
797 3428 1065 3478 Πιστεύειν
1120 3430 1210 3478 καὶ
1264 3426 1597 3500 εὐγνωμονεῖν
1655 3428 1850 3500 ἔμελλεν

2036 3433 2189 3486 Vers.
2217 3432 2304 3486 12.
2335 3431 2502 3485 Et—
2530 3430 2692 3483 Vers.
2740 3432 2821 3483 13.
2880 3427 3079 3483 Deum.
3136 3426 3442 3484 Creditura
3486 3430 3611 3482 erat

244 3519 275 3575 ἠ
306 3520 461 3586 γυνή.
494 3520 594 3568 Καὶ
620 3517 721 3588 γὰρ
753 3520 842 3567 καὶ
870 3511 943 3567 δι’
968 3515 1123 3568 αὐτὸν
1168 3513 1310 3581 ἦλθε,
1339 3523 1429 3569 καὶ
1463 3517 1666 3569 ἰαθεῖσα
1694 3518 1853 3589 εὐχα-

1976 3520 2245 3575 εηιιιὶθτθῐ
2291 3525 2457 3591 grata
2504 3518 2721 3575 futura.
2771 3515 3085 3588 Siquidem
3128 3516 3308 3571 etiam
3370 3522 3612 3588 propter

246 3612 417 3674 ριστεί
442 3624 454 3635 υ
492 3600 578 3656 διὸ
602 3608 690 3656 καὶ
714 3608 919 3675 ταχέως
949 3606 1110 3664 αὐτὴν
1138 3605 1469 3680 ἐθεράπευσε,
1488 3606 1624 3679 λόγῳ
1650 3611 1759 3679 μὲν,
1785 3611 1853 3670 ὡς

1985 3625 2162 3681 psum
2192 3612 2448 3672 venerat,
2478 3612 2534 3662 et
2573 3610 2786 3661 sanata
2806 3605 3028 3676 gratias
3061 3606 3204 3675 agit.
3236 3604 3375 3660 Ideo
3404 3604 3614 3660 veloci-

250 3698 397 3760 Θεὸς,
432 3692 661 3745 ἐπιθέσει
688 3690 746 3745 δὲ
783 3702 996 3769 χειρῶν,
1022 3696 1092 3757 ὡς
1113 3696 1400 3769 ἅνθρωπος.

1977 3715 2049 3755 .er
2078 3715 2209 3753 eam
2251 3698 2495 3763 curavit;
2528 3697 2710 3750 verbo
2741 3694 3003 3767 quidem,
3040 3699 3101 3750 ut
3131 3694 3304 3759 Deus,
3322 3709 3613 3750 manuum

1963 3803 2104 3843 vero
2129 3785 2536 3859 impositione,
2585 3788 2863 3855 tanquam
2911 3783 3115 3839 homo.

320 3873 547 3925 Ἐτύπου
579 3867 638 3924 δὲ
667 3873 696 3929 ἡ
728 3875 858 3943 γυνὴ
907 3870 1039 3927 αὕτη
1093 3876 1189 3930 τὴν
1238 3877 1412 3931 κοινὴν
1456 3872 1849 3947 ἁνθρωπότητα,

2037 3876 2351 3947 Figurabat
2381 3874 2507 3929 haec
2534 3872 2742 3928 mulier
2763 3888 3151 3928 communem
3176 3872 3614 3928 humanitatem

250 3968 363 4023 ταῖς
421 3959 684 4033 ἕπηρείαις
735 3968 827 4012 τοῦ
885 3966 1088 4012 Σατανᾶ
1152 3958 1542 4031 ἀσθενήσασαν,
1605 3969 1694 4015 καὶ
1753 3966 1853 4017 ὑπὸ

1980 3968 2199 4022 Satanas
2229 3963 2546 4020 insultibus
2572 3962 2967 4030 debilitatam,
2989 3967 3044 4018 et
3076 3961 3153 4017 ab
3206 3960 3515 4016 affectibus
3554 3962 3616 4015 in

243 4060 342 4104 τῶν
387 4052 566 4103 παθῶν
621 4049 688 4110 εἰς
743 4056 843 4119 γῆν
909 4052 1337 4119 συγκύπτουσαν,
1395 4057 1484 4103 καὶ
1513 4057 1689 4124 χαμαὶ
1732 4058 1857 4127 πρὸς

1976 4062 2180 4112 terram
2205 4054 2571 4115 inclinatam,
2595 4067 2663 4107 ac
2686 4050 2853 4106 humi
2884 4050 2961 4106 ad
2981 4055 3211 4106 terrena
3224 4054 3612 4105 contractam:

245 4143 314 4192 τὰ
355 4141 521 4213 γεηρὰ
592 4142 901 4211 συρομένην,
965 4142 1054 4189 καὶ
1116 4142 1187 4210 μὴ
1251 4134 1538 4210 δυναμένην
1594 4140 1857 4213 ἀνακύψαι

1980 4161 2075 4200 nec
2104 4143 2352 4199 omnino
2376 4146 2673 4213 potentem
2704 4140 2776 4195 ad
2798 4139 3082 4205 caelestia,
3115 4139 3319 4194 divina
3352 4154 3422 4194 ac
3451 4138 3616 4193 intel-

247 4229 379 4290 ὅλως
402 4231 532 4300 πρός
561 4229 627 4279 τὰ
679 4226 896 4299 οὐράνια
940 4231 1029 4279 καὶ
1084 4228 1195 4279 θεῖα
1246 4233 1336 4279 καὶ
1386 4232 1561 4295 νοητὰ,
1596 4231 1655 4289 ἦν
1695 4232 1856 4295 οὕτως

1979 4233 2214 4305 ligibilia
2251 4235 2427 4305 caput
2474 4246 2711 4286 sursum
2757 4231 3001 4299 erigere,
3052 4229 3226 4300 cujus
3276 4229 3358 4283 ita
3406 4228 3615 4282 misere

248 4318 474 4377 ἐλεεινῶς
521 4319 773 4388 ἔχουσαν,
832 4320 1066 4390 ᾤκτειρεν
1123 4318 1149 4367 ὁ
1210 4317 1449 4379 πλάστης
1533 4320 1710 4385 αὐτῆς,
1768 4325 1858 4373 καὶ

1981 4323 2235 4379 nabentis
2273 4324 2554 4377 misertus
2605 4324 2710 4375 est.
2772 4319 2870 4390 qui
2931 4334 3063 4374 eam
3102 4317 3462 4373 formaverat
3504 4332 3515 4371 :
3562 4319 3617 4372 et

248 4406 459 4459 ἐκάλεσε
514 4409 645 4477 πρὸς
708 4405 887 4457 ἑαυτὸν
948 4402 1040 4457 διὰ
1082 4412 1173 4457 τοῦ
1215 4406 1551 4478 Εὗαγγελίου,
1580 4415 1669 4461 καὶ
1700 4408 1858 4483 ἀνώρ-

1975 4428 2074 4485 per
2099 4410 2485 4480 Evangelium
2517 4409 2596 4465 ad
2624 4424 2685 4464 se
2708 4406 2949 4463 vocavit
2987 4423 3057 4462 ac
3082 4406 3285 4471 erexit,
3321 4410 3383 4460 ut
3430 4404 3611 4470 viam,

254 4498 419 4549 θωσεν
452 4494 523 4555 εἰς
544 4497 602 4547 τὸ
626 4494 924 4569 εὐθυπορεῖν
971 4498 1067 4553 τὴν
1118 4498 1249 4571 πρὸς
1309 4496 1520 4570 οὐρανὸν
1561 4496 1856 4571 ἀνοίγουσαν

1561 4496 1856 4571 ἀνάγουσαν
1890 4526 1936 4582 D
1970 4516 2103 4574 quae
2134 4500 2195 4555 in
2225 4498 2440 4555 caelum
2479 4496 2662 4567 ducit,
2703 4501 2865 4552 recta
2903 4494 3196 4552 transiret.

251 4581 399 4637 ὁδὸν.

324 4672 650 4747 Ἀποκριθεὶς
701 4702 771 4713 -
812 4671 1100 4726 Σαϐϐάτου.
1152 4677 1285 4749 Πρὸς
1342 4679 1428 4728 τὸν
1489 4682 1718 4749 Χριστὸν
1774 4681 1857 4733 οὐ·

2045 4676 2189 4734 Vers
2249 4679 2330 4732 14.
2374 4673 2748 4743 Respondens
2777 4703 2848 4714 —
2895 4670 3143 4727 Sabbati.
3194 4669 3419 4725 Christo
3471 4667 3615 4724 nihil

256 4758 344 4814 J'sv
412 4763 566 4832 εἶπεν,
618 4760 987 4834 εὐλαϐούμενος
1054 4767 1148 4822 τὴν
1201 4763 1623 4837 ὑπερϐάλλουσαν
1673 4768 1856 4843 ἀρετὴν

1546 4787 1623 4819 ταν
1673 4768 1856 4843 ἀρετὴν
1968 4768 2131 4833 dixit,
2163 4767 2380 4824 veritus
2403 4762 2687 4820 eximiam
2708 4761 2837 4833 ejus
2880 4760 3182 4818 virtutem.

265 4868 448 4904 αυτου.

332 4937 613 5015 Ἀπεκρίθη
677 4969 748 4981 -
806 4938 1071 4994 Σαϐϐάτου
1124 4959 1144 5013 ς
1211 4940 1520 5018 ’Υποκριτὰς
1570 4947 1677 5019 (38)
1737 4948 1859 5001 ὠνό-

2039 4947 2204 5004 Vers.
2253 4943 2341 4997 l5.
2402 4936 2716 5010 Respondit
2776 4966 2843 4977 —
2896 4933 3060 4992 Vers.
3124 4934 3208 4989 16.
3288 4930 3529 4990 Sabbati
3587 4929 3615 4989 ?

1468 5123 1689 5195 Variae
1718 5128 2051 5199 lectiones
2091 5132 2159 5195 et
2186 5132 2365 5193 notae

327 5314 447 5389 (37)
474 5319 639 5372 Hunc
669 5314 870 5397 ipsum
900 5312 1100 5397 locum
1124 5316 1373 5397 respicit
1401 5320 1715 5397 Gregorius
1745 5327 1854 5381 Na-
1965 5323 2162 5381 refert.
2195 5325 2299 5377 239
2330 5318 2433 5375 ﬁn.
2464 5317 2602 5397 Utor
2629 5317 2830 5397 autem
2846 5311 3102 5397 editione
3122 5307 3402 5397 _Gregorii
3430 5310 3617 5368 Basil.

250 5387 729 5469 zianzeniis,_qui
760 5404 897 5469 cum
951 5387 1258 5469 codicibus
1305 5392 1650 5450 melioribus
1694 5396 1853 5466 legit,
1966 5387 3401 5469 4550qi_1am_qupndamjuvenis'tractaveram.
3504 5455 3517 5469 ε

248 5454 708 5544 κόπριαειηιώἑι·
742 5465 941 5544 autem
1000 5460 1293 5544 περιϐαλεῖν
1348 5468 1559 5544 κόπρια.
1626 5484 1683 5539 p.
1728 5454 1853 5544 (ὅθ,

2038 5454 2411 5544 (38)Ἐιθηὶώ
2439 5460 2492 5515 iu
2525 5463 2686 5514 textu
2709 5454 2935 5512 habent
2964 5454 3262 5529 ὑποκριταί,
3326 5469 3449 5510 non
3495 5455 3619 5506 ὑπο.

250 5531 415 5591 med.
450 5535 665 5589 lterum
693 5531 854 5587 hunc
879 5531 1081 5589 locum
1112 5531 1647 5606 attingens,éodeni
1674 5531 1855 5596 modo
1963 5531 2138 5612 κρίτά.

327 5684 417 5755 (η)
452 5684 614 5741 [nter
650 5696 763 5757 eos.
799 5681 1387 5757 Vi_d_e_tur_invenisse,
1419 5686 1466 5740 ἓν
1497 5689 1691 5752 αὐτοῖς.
1725 5688 1886 5747 Male.
1929 5690 1963 5744 ‘I

1978 5698 2009 5744 ὲν
2041 5688 2245 5755 αὐταῖς,
2286 5684 2347 5741 id
2378 5687 2485 5751 est,
2517 5686 2631 5743 ταῖς
2658 5682 2804 5757 τρισί
2842 5675 3078 5731 πολιτεία
3118 5679 3182 5735 ις.
3211 5676 3362 5742 Ergo
3384 5674 3445 5725 in
3472 5671 3614 5725 istis.

254 5752 407 5813 Mor
422 5760 553 5811 ante
593 5752 768 5809 etiam
805 5752 1144 5812 addiderim
1175 5758 1337 5829 quin.

541 5849 782 5907 Ρλτιιοι..
824 5851 929 5910 GR.
970 5848 1213 5914 CXXIX.
3269 5831 3339 5889 32
