4144 6314
554 349 690 415 1003

1891 341 2244 408 EUTHYMII
2279 331 2626 405 ZIGABENI

3813 343 3945 405 1004

554 480 907 557 Hypocritas
937 477 1264 535 nominavit
1288 492 1389 532 eos
1432 475 1537 548 qui
1594 491 1728 532 cum
1794 475 2059 548 principe
2107 477 2205 547 Sy-

2325 493 2458 546 μασε
2487 475 2614 532 τούς
2640 477 2771 527 κατά
2801 475 2910 547 (39)
2959 478 3044 527 τόν
3090 471 3552 550 ἀρχισυνάγωγον,
3611 478 3689 537 ὡς
3719 478 3944 550 ὑποκρι-

555 586 809 643 nagogte
847 572 1016 624 erant
1043 571 1264 639 :utpote
1303 565 1614 634 ﬁngentes,
1650 580 1715 619 se
1743 563 1933 634 legem
1959 564 2206 620 Sabbati

553 661 873 724 honorare,
906 656 1007 712 sed
1050 656 1162 712 hoc
1178 660 1464 727 praetextu
1488 670 1662 709 suam
1687 653 1974 710 invidiam
2009 653 2211 708 defen-

555 749 788 814 dentes,
816 763 885 802 ac
901 745 1389 816 sanitatem,qua3
1419 742 1693 798 Sabbatis
1719 742 1978 809 daretur,
2011 741 2209 815 prohi-

555 837 765 894 bentes
808 835 978 908 :quia
1010 833 1272 890 Sabbato
1306 831 1688 904 potissimum
1754 831 2024 896 curabat,
2079 831 2211 886 ideo

553 927 722 999 quod
743 930 884 980 tunc
913 939 1237 979 concursus
1258 927 1414 977 esset
1442 921 1766 987 turbarum,
1785 924 1841 977 et
1873 927 2012 977 tunc
2043 920 2212 976 vehe-

558 1020 790 1071 menter
819 1012 1200 1070 admirationi
1250 1009 1603 1067 habebatur.

630 1105 746 1160 Aut
767 1101 1106 1174 hypocritas
1134 1101 1302 1169 dixit,
1356 1099 1500 1172 puia
1559 1098 1888 1170 ﬁngebant,
1957 1114 2021 1154 se
2065 1099 2210 1155 scire

557 1194 776 1265 legem,
806 1192 934 1262 ejus
953 1189 1895 1257 autemintellectumignorabant
1925 1205 1937 1243 :
1983 1188 2032 1243 si
2051 1190 2212 1243 enim

563 1297 771 1338 curam
783 1279 1140 1336 irrationalis
1150 1279 1171 1350 j
1183 1278 1402 1335 umenti
1420 1276 2007 1350 permittebat,multo
2019 1276 2210 1346 magis

562 1369 891 1435 rationalis,
911 1368 1238 1440 cumlonge
1273 1366 1583 1440 pretiosior
1597 1366 1670 1422 sit
1702 1366 1888 1422 homo
1916 1367 2210 1438 jumento.

615 1548 797 1604 Vers.
830 1547 917 1602 17.
953 1546 1212 1617 Cumque
1238 1543 1363 1602 haec
1391 1544 1612 1600 diceret
1653 1574 1716 1586 —
1769 1546 1916 1614 ejus.
1974 1544 2214 1615 Propter

563 1636 1098 1710 reprehensionem,
1145 1635 1239 1690 cui
1283 1634 1678 1690 contradicere
1741 1649 1860 1690 non
1925 1639 2210 1705 poterant.

635 1729 794 1782 Vers.
822 1727 906 1782 l7.
932 1726 1007 1781 Et
1032 1723 1220 1780 omnis
1259 1754 1328 1764 —
1365 1739 1449 1780 eo.
1507 1726 1820 1795 Tanquam
1867 1723 1944 1778 ab
1992 1723 2214 1780 invidia

562 1816 769 1882 libera,
793 1821 850 1872 et
877 1819 1170 1886 tanquam
1195 1813 1272 1868 ab
1300 1814 1435 1884 ipso
1462 1812 1676 1868 affecta
1717 1812 2033 1870 beneﬁcio.

958 1904 1109 1958 CAP.
1147 1902 1334 1957 XLlX.
1377 1901 1456 1958 De
1497 1903 1819 1972 parabolis.

637 1993 806 2050 Vers.
855 1993 935 2048 18.
969 1991 1211 2048 Dicebat
1241 2021 1305 2031 —
1349 1991 1507 2046 Vers.
1547 1995 1628 2046 19.
1658 1991 1841 2048 ramis
1871 1993 2019 2062 ejus.
2050 1992 2213 2048 Hanc

565 2082 1012 2140 similitudinem
1041 2079 1275 2136 vocavit
1296 2079 1600 2136 Matthaaus
1631 2081 1998 2151 parabolam,
2026 2098 2215 2154 quam

565 2171 796 2228 tertiam
823 2169 1118 2225 ordinavit
1165 2167 1442 2225 vicesimo
1500 2173 1718 2240 quarto
1774 2169 2074 2241 Evangelii
2121 2171 2215 2226 sui

567 2260 782 2332 capite,
825 2262 883 2315 et
919 2262 976 2314 in
1000 2258 1130 2330 ipso
1149 2257 1277 2328 lege
1307 2258 1436 2328 ejus
1483 2257 1916 2314 enarrationem
1956 2261 2000 2312 ³.

635 2351 802 2405 Vers.
831 2349 917 2403 20.
960 2348 1279 2403 Rursus—
1326 2348 1487 2402 Vers.
1536 2347 1628 2404 2t.
1685 2354 1887 2403 totum.
1945 2351 2064 2405 Hoc
2107 2356 2213 2420 est,

567 2444 691 2498 tota
716 2437 924 2495 farina.
962 2440 1124 2494 Hanc
1153 2452 1396 2508 quoque
1435 2436 1882 2492 similitudinem
1914 2439 2010 2494 ille
2058 2438 2217 2494 dicto

567 2529 752 2602 capite
765 2527 1086 2584 nominans
1099 2525 1510 2598 parabolam,q
1521 2531 1690 2582 uarto
1706 2527 1837 2582 loco
1851 2527 2214 2594 collocavit‘,

567 2625 625 2677 et
649 2634 850 2692 quaere
871 2619 1051 2674 etiam
1073 2617 1156 2672 ibi
1186 2619 1318 2687 ejus
1361 2616 1930 2688 interpretationem.

637 2711 679 2780 -ι-
713 2709 749 2776 ιι·
800 2709 934 2763 Haec
983 2706 1209 2762 habent
1252 2707 1797 2777 interpretationem
1851 2708 2218 2764 accuratissi-

563 2814 749 2855 mam.
781 2796 980 2853 Mulier
1022 2797 1182 2850 enim
1236 2799 1325 2849 est
1378 2793 1635 2850 Ecclesia
1673 2795 1820 2866 Dei;
1876 2796 2216 2851 fermentum

561 2890 786 2950 autem,
818 2884 1021 2940 divina
1047 2890 1154 2938 eta
1179 2885 1298 2938 Deo
1323 2882 1542 2952 scripta
1562 2882 1693 2948 lex;
1724 2888 1837 2938 tres
1856 2900 1992 2939 vero
2014 2891 2213 2956 partes

562 2980 784 3030 mentis,
811 2978 949 3028 sunt
980 2971 1090 3027 tria
1116 2976 1266 3038 sata,
1301 2970 1549 3026 affectus
1599 2972 2013 3042 vehementior,
2050 2974 2217 3029 intel-

559 3063 746 3120 lectus
777 3066 832 3117 et
854 3061 1216 3117 desiderium
1249 3058 1557 3115 meliorum
1586 3076 1860 3131 operum,
1895 3062 1954 3116 in
1990 3062 2214 3134 quibus

2320 568 2562 636 νομένους
2593 563 2683 634 μὲν
2711 571 2861 636 τιμᾲν
2887 569 2973 617 τόν
3001 573 3090 617 τοῦ
3113 565 3378 618 Σαϐϐάτου
3401 563 3945 638 νόμον,ἐκδικούντας

2323 651 2381 706 δὲ
2410 658 2496 706 τόν
2528 655 2709 726 φθόνον
2759 655 2968 719 ἑαυτῶν,
3025 659 3108 705 καὶ
3138 655 3433 717 κωλύοντας
3455 661 3546 713 τὴν
3572 657 3630 707 ἓν
3692 655 3945 726 Σαϐϐάτῳ

2323 743 2615 814 θεραπείαν,
2655 739 2795 795 διότι
2821 743 2870 795 ἐν
2901 742 3147 815 Σαϐϐάτῳ
3176 743 3410 815 μάλιστα
3466 746 3806 817 θεραπεύων,
3863 743 3947 797 διὰ

2319 835 2412 889 τὴν
2442 839 2726 889 τηνικαῦτα
2755 829 3054 905 συνδρομὴν
3079 841 3178 885 τῶν
3207 833 3378 905 ὄχλων
3411 841 3721 890 τηνικαῦτα
3773 830 3946 905 διαγε-

2319 925 2507 994 ρόντως
2529 920 2873 993 ἐθαυμάζετο.

2389 1098 2458 1152 ’Ἡ
2511 1102 2580 1161 ὡς
2641 1101 3073 1175 ὑποκρινομένους
3151 1104 3242 1173 μὲν
3330 1097 3525 1153 εἰδέναι
3591 1104 3691 1154 τὸν

2321 1189 2626 1260 ἀγνοοῦντας
2658 1186 2716 1242 δὲ
2749 1195 2843 1248 τὴν
2877 1186 3110 1242 διάνοιαν
3160 1193 3338 1242 αὑτοῦ.
3374 1191 3434 1242 Εἰ
3487 1193 3590 1265 γὰρ
3621 1195 3732 1248 τὴν
3777 1190 3944 1263 ἐπιμέ-

2318 1278 2456 1331 λειαν
2495 1286 2586 1331 τού
2627 1278 2814 1351 ἀλόγου
2849 1280 2984 1339 ξωου
3018 1285 3357 1352 συνεχώρησε
3377 1279 3723 1351 (41)),πολλῷ
3758 1280 3945 1352 μᾶλλον

2320 1372 2412 1427 τὴν
2451 1375 2542 1420 τοῦ
2567 1368 2781 1440 λογικοῦ
2811 1388 2825 1400 ’
2850 1374 3149 1442 τιμιώτερος
3177 1372 3278 1444 γὰρ
3301 1378 3393 1421 τού
3423 1375 3654 1432 κτήνους
3687 1371 3718 1421 ό
3751 1371 3944 1442 ἅνθρωα

2319 1477 2434 1520 πος.

3794 1106 3944 1174 νόμον

2395 1553 2494 1600 Καὶ
2516 1554 2682 1599 ταῦτα
2731 1546 2964 1618 λέγοντος
2997 1577 3068 1588 —-
3113 1547 3274 1618 αύτῷ.
3310 1549 3404 1600 Διά
3434 1551 3522 1600 τὸν
3556 1546 3941 1623 ἀναντίρῥητον

2321 1637 2557 1709 ἔλεγχον.

2396 1732 2496 1779 Καὶ
2524 1733 2622 1786 πᾶς
2645 1755 2716 1767 -
2753 1725 2931 1778 αὐτού.
2953 1725 3040 1788 Ὠς
3066 1724 3455 1798 ἀπηλλαγμένος
3486 1725 3826 1799 βασκανίας,
3855 1731 3936 1777 καὶ

2245 1828 2291 1883 Β
2324 1819 2392 1878 ὡς
2413 1815 2824 1888 εὐεργετούμενος
2861 1817 2948 1867 ὑπ’
2975 1816 3156 1867 αὐτοῦ.

2637 1910 2780 1958 ΚΕΦ.
2827 1905 2940 1957 ΜΘ
3011 1909 3133 1976 Περὶ
3160 1913 3259 1956 τῶν
3288 1904 3622 1980 παραϐολῶν.

2393 1992 2569 2064 Ἔλεγε
2606 2024 2675 2034 ——
2713 1989 2930 2054 κλάδοις
2953 1993 3132 2046 αὐτού.
3161 1996 3366 2051 Ταύτην
3394 1999 3489 2052 τὴν
3520 1996 3811 2066 ὁμοίωσιν,
3838 2012 3934 2045 πα-

2323 2081 2541 2155 ραϐολὴν
2572 2083 2834 2154 ὠνόμασεν
2866 2084 2891 2134 ό
2931 2085 3214 2146 Ματθαῖος,
3257 2082 3318 2140 ἢν
3341 2087 3430 2135 καὶ
3467 2088 3656 2156 τρίτην
3695 2082 3870 2144 ἔταξεν
3889 2079 3932 2132 ἐν

2324 2179 2398 2242 τῷ
2425 2171 2642 2242 εἰκοστῷ
2666 2174 2889 2244 τετάρτῳ
2919 2172 3177 2243 κεφαλαίῳ
3204 2172 3386 2229 αὑτοῦ.
3412 2179 3508 2225 Καὶ
3544 2172 3816 2244 ἀνάγνωθι
3845 2176 3929 2228 τὴν

2327 2260 2576 2331 ἐξήγησιν
2597 2260 2758 2322 αὐτῆς
2791 2259 2839 2311 ἐν
2863 2259 3053 2331 ἐκείνῳ,

2399 2349 2558 2401 Πάλιν
2584 2381 2652 2389 -
2677 2350 2810 2404 ὅλον.
2841 2349 2995 2401 ’Ὁλον
3021 2353 3079 2400 τὸ
3109 2349 3339 2424 ἄλευρον.
3387 2356 3485 2402 Καὶ
3521 2354 3726 2408 ταύτην
3758 2345 3816 2401 δὲ
3839 2353 3923 2404 τὴν

2327 2441 2574 2512 ὁμοίωσιν
2605 2443 2853 2501 ὡσαύτως
2881 2440 2993 2510 (41)
3025 2438 3325 2512 παραϐολὴν
3349 2438 3538 2500 ἐκεῖνος
3577 2439 3850 2512 ὀνομάσας
3877 2436 3920 2487 ἐν

2326 2529 2498 2600 ἐκείνῳ
2546 2538 2618 2600 τῷ
2645 2529 2903 2601 κεφαλαίῳ
2952 2529 3067 2601 (42)
3094 2531 3340 2602 τετάρτην
3372 2528 3536 2596 ἔταξε,
3578 2537 3669 2581 καί
3706 2533 3917 2592 ζήτησον

2326 2624 2415 2671 καὶ
2445 2623 2536 2678 τὴν
2564 2621 2759 2679 ταύτης
2784 2618 3053 2691 ἑρμηνείαν
3088 2617 3212 2674 ἐκεῖ.

2396 2707 2599 2780 [Ταῦτα
2625 2709 2736 2779 (43)
2790 2710 3007 2778 ἔχουσιν
3039 2706 3288 2778 ἐξήγησιν
3338 2705 3744 2778 ἀκριϐεστάτην.
3792 2709 3826 2755 Γ
3827 2705 3907 2757 υνή

2325 2802 2415 2870 μέν
2445 2796 2605 2863 ἐστιν,
2659 2798 2685 2855 ἡ
2724 2802 2851 2849 Θεοῦ
2894 2796 3182 2853 Ἐκκλησία
3216 2815 3227 2828 ·
3267 2797 3404 2868 ζύμη
3449 2793 3528 2865 δὲ,
3581 2797 3609 2848 ό
3671 2798 3791 2850 θεῖος
3823 2796 3902 2840 καὶ

2327 2887 2611 2958 θεόγραφος
2646 2890 2796 2957 νόμος
2837 2903 2849 2914 ·
2891 2885 3080 2957 ψυχῆς
3106 2905 3157 2937 τε
3185 2891 3448 2959 τριμερία,
3497 2887 3565 2936 τὰ
3618 2891 3724 2953 τρία
3751 2880 3885 2936 σάτα,

2327 2976 2504 3046 θυμός,
2536 2974 2700 3046 λόγος,
2726 2976 2886 3036 πόθος
2909 2993 2963 3026 τε
2991 2979 3288 3044 κρειττόνων
3316 2977 3497 3046 ἔργων,
3543 2973 3591 3025 ἐν
3625 2973 3697 3034 οἷς
3732 2972 3754 3021 ό
3779 2969 3893 3025 θεῖος

2328 3066 2682 3136 συμφυραθείς
2710 3084 2820 3125 πως
2839 3063 3136 3135 λόγος,ὁλην
3167 3065 3504 3134 σννεζύμωσε
3522 3067 3616 3120 τὴν
3634 3058 3900 3128 τῆςψυχῆς

561 3153 801 3208 divinus
831 3150 1158 3206 intellectus
1199 3148 1655 3220 quodammodo
1710 3149 2215 3208 conlermentatus
2251 3177 2292 3235 ρ
2327 3155 2498 3224 φύσιν.
2532 3151 2554 3226 ]

563 3247 749 3298 totam
776 3240 988 3296 mentis
1017 3244 1295 3294 naturam
1340 3237 1520 3293 simul
1570 3237 1964 3296 fermentavit.

563 3331 698 3388 CAP
733 3372 747 3384 .
779 3329 942 3386 L.De
967 3327 1162 3399 eo,qui
1189 3327 1508 3382 Dominum
1525 3328 2027 3399 interrogabat,an
2036 3329 2219 3399 pauci

775 3423 974 3484 essent,
1019 3417 1122 3489 qui
1180 3418 1426 3472 salutem
1487 3426 1994 3488 consequerentur.

634 3508 800 3565 Vers.
819 3509 908 3562 22.
922 3507 999 3562 Et
1012 3507 1249 3562 -Vers.
1269 3505 1359 3561 23.
1377 3505 1477 3577 qui
1487 3507 1733 3562 salutem
1745 3508 2217 3579 consequuntur?

565 3597 737 3663 Εἶπεν,
768 3596 945 3663 dixit,
987 3596 1228 3667 ponitur
1273 3595 1387 3652 hoc
1429 3594 1564 3651 loco
1619 3611 1749 3667 pro,
1810 3597 2216 3666 interrogavit.

570 3687 826 3754 Quidam
877 3690 1078 3742 autem
1139 3685 1598 3756 interpretantur
1668 3682 1822 3751 εἶπεν,
1876 3686 1939 3754 εἰ,
1995 3686 2050 3741 id
2107 3693 2216 3752 est,

569 3777 754 3842 Dixit,
795 3774 1016 3846 sane(o)
1060 3777 1166 3841 ;ut
1195 3773 1268 3830 sit
1307 3789 1562 3829 sensus:
1605 3774 1798 3831 Dixit:
1850 3776 2003 3832 Sane
2041 3777 2220 3848 pauci

567 3873 725 3934 sunt,
752 3864 854 3937 qui
881 3863 1206 3920 salvantur.

637 3955 796 4010 Vers.
825 3957 913 4010 23.
942 3953 1076 4022 Ipse
1108 3967 1244 4008 vero
1301 3981 1370 3992 —-
1420 3951 1594 4008 Vers.
1653 3952 1747 4008 24.
1809 3954 2071 4011 Portam.
2131 3954 2221 4010 Ad

563 4043 1091 4114 interrogationem
1125 4040 1373 4112 quidem
1414 4056 1531 4095 non
1563 4041 1891 4113 respondit,
1944 4059 2016 4099 eo
2059 4045 2222 4116 quod

566 4132 868 4202 superﬂua
896 4136 1051 4185 esset
1099 4135 1153 4186 et
1210 4128 1515 4200 insipiens.
1577 4129 1727 4194 Quid
1765 4133 1923 4186 enim
1984 4131 2225 4203 prodest

565 4220 832 4286 discere,
869 4219 1126 4289 paucine
1158 4217 1295 4284 sint,
1337 4234 1412 4274 an
1447 4219 1634 4287 multi,
1685 4221 1789 4290 qui
1849 4221 2153 4277 salventur
2203 4240 2217 4278 :

569 4308 761 4365 solum
794 4312 996 4363 autem
1022 4308 1168 4363 dixit
1220 4308 1460 4363 modum
1517 4325 1638 4380 quo
1684 4317 1882 4381 posset
1918 4310 2220 4382 quispiam

570 4397 773 4455 salvus
802 4397 952 4462 ﬁeri,
992 4403 1049 4452 et
1093 4395 1292 4452 docuit
1345 4396 1512 4469 quod
1562 4398 1641 4453 ad
1695 4397 1950 4454 salutem
1991 4401 2219 4470 ingredi

2454 3337 2597 3385 ΚΕΦ.
2626 3329 2707 3386 Ν’.
2737 3335 2860 3406 Περὶ
2890 3339 2982 3383 τοῦ
3013 3333 3444 3404 ἐπερωτήσαντος,
3480 3330 3524 3384 εἰ
3563 3330 3729 3403 ὀλίγοι
3757 3327 3802 3380 οἰ

2967 3421 3273 3492 σωζόμενοι.

2399 3513 2499 3562 Καὶ
2545 3537 2614 3549 -
2647 3508 2932 3580 σωζόμενοι
2961 3525 2974 3575 ;
3008 3508 3262 3561 Ἐνταῦθα
3318 3511 3375 3560 τὸ
3439 3505 3592 3570 εἶπεν,
3650 3507 3758 3559 ἀντὶ
3805 3507 3900 3567 τοῦ,

2327 3598 2569 3671 ἠρώτησε
2622 3599 2870 3652 τέθειται.
2908 3599 3051 3658 Τινὲς
3092 3593 3151 3650 δε
3188 3598 3300 3668 (44)
3326 3600 3385 3648 τό
3429 3597 3474 3649 εἰ
3511 3594 3626 3648 ἀντὶ
3677 3602 3787 3660 τοῦ,
3814 3585 3901 3665 ἆρα

2329 3687 2718 3760 ἑρμηνεύουσιν,
2752 3684 2878 3756 οἷον,
2909 3685 3047 3761 Ἀρα
3072 3684 3239 3758 ὀλίγοι
3265 3688 3312 3738 οἱ
3345 3686 3631 3756 σωζόμενοι
3667 3703 3682 3753 ;

2397 3952 2457 4006 Ὀ
2520 3949 2578 4006 δὲ
2626 3984 2693 3994 -
2745 3953 2926 4014 πύλης.
2989 3956 3125 4026 Πρὸς
3195 3955 3286 4024 μὲν
3351 3955 3445 4011 τὴν
3526 3953 3773 4025 ἐρώτησιν
3823 3943 3904 3998 οὐκ

2331 4042 2606 4116 ἀπεκρίθη,
2641 4039 2735 4095 διὰ
2771 4047 2828 4094 τό
2854 4047 3099 4116 περιττὴν
3131 4039 3260 4094 εἶναι
3289 4047 3380 4093 καὶ
3433 4040 3697 4100 ἀνόνητον.
3729 4043 3786 4092 Τί
3809 4037 3898 4106 γὰρ

2331 4132 2596 4204 ὠφελεῖται
2639 4133 2664 4183 ό
2703 4134 2901 4204 μαθὼν,
2945 4135 3043 4183 εἴτε
3069 4131 3254 4202 ὀλίγοι,
3292 4133 3392 4182 εἴτε
3429 4131 3611 4182 πολλοὶ
3666 4131 3713 4182 οἱ
3755 4125 3899 4183 σωζό·

2331 4241 2472 4295 μενοι
2508 4239 2520 4286 ;
2549 4225 2710 4277 Μονον
2737 4217 2796 4273 δε
2824 4225 2911 4272 τόν
2941 4227 3130 4296 τρόπον
3165 4217 3291 4286 εἶπε,
3331 4216 3402 4271 δι’
3426 4218 3490 4270 οὗ
3520 4220 3580 4270 ἄν
3601 4238 3681 4280 τις
3707 4216 3892 4272 σωθείης

2330 4316 2418 4363 καὶ
2447 4307 2705 4380 ἐδίδαξεν,
2740 4312 2818 4362 ὅτι
2855 4315 2965 4383 χρὴ
3007 4309 3248 4362 εἰσελθεῖν
3291 4308 3364 4371 εἰς
3406 4313 3500 4366 τὴν
3543 4312 3793 4381 σωτηρίαν
3821 4297 3898 4352 διὰ

2331 4409 2422 4462 τῆς
2455 4409 2631 4460 στενῆς
2655 4399 2823 4461 πύλης
2855 4419 2867 4431 ·
2901 4407 3048 4452 τοῦτο
3076 4402 3177 4472 γὰρ
3219 4395 3281 4456 ἧν
3308 4397 3501 4469 μᾶλλον
3528 4395 3792 4468 ἀναγκαῖον
3810 4406 3895 4462 μα·

567 4494 835 4560 oporteat
866 4503 972 4559 per
1003 4490 1316 4557 angustam
1356 4493 1587 4558 portam
1614 4507 1629 4556 ;
1669 4488 1784 4544 hoc
1813 4489 1975 4546 enim
2023 4492 2220 4563 potius
2255 4531 2304 4588 Β
2336 4493 2463 4545 θεῖν.

575 4577 975 4634 necessarium
1002 4579 1130 4631 erat
1177 4575 1432 4630 discere.

641 4665 724 4722 De
753 4671 1011 4736 angusta
1042 4669 1230 4721 autem
1269 4670 1441 4736 porta
1467 4665 1693 4723 dictum
1723 4673 1809 4723 est
1833 4667 2039 4740 quinto
2055 4669 2225 4740 juxta

569 4755 913 4817 Matthaaum
945 4755 1157 4826 capite,
1195 4757 1251 4810 et
1288 4754 1372 4809 ibi
1427 4771 1630 4828 qurere
1659 4756 1796 4812 dicti
1838 4757 1998 4812 illius
2046 4759 2224 4817 inter-

570 4844 957 4920 pretationem
994 4859 1006 4898 :
1038 4844 1270 4899 Intrate
1286 4859 1386 4914 per
1415 4853 1711 4915 angustam
1730 4852 1957 4914 portam
1987 4849 2029 4903 ³.

643 4945 665 4980 ³
692 4944 890 5001 Matth.
917 4959 1039 5008 xm,
1081 4946 1168 4997 3i.
1201 4942 1352 4997 Ibid.
1377 4945 1465 4998 33.
1569 4944 1591 4979 ⁸
1630 4945 1825 5000 Matth.
1851 4961 1946 5012 vn,
2002 4951 2086 5005 l3.

2406 4667 2625 4740 Εἱρηται
2651 4663 2709 4720 δὲ
2734 4672 2851 4740 περὶ
2879 4676 2974 4727 τῆς
3005 4674 3185 4728 στενῆς
3232 4665 3398 4726 πύλης
3428 4665 3477 4718 ἐν
3513 4671 3577 4732 τῷ
3600 4665 3788 4730 πέμπτῳ
3812 4668 3878 4740 3F"

2333 4758 2530 4831 φαλαίῳ
2560 4765 2650 4810 τοῦ
2680 4759 2816 4809 κατά
2844 4758 3132 4823 Ματθαῑον,
3159 4759 3249 4807 καὶ
3305 4759 3523 4817 ζήτησον
3559 4754 3657 4801 ἐκεῖ
3681 4753 3763 4804 τὴν
3789 4739 3886 4802 εξη⁴

2331 4867 2490 4921 γησιν
2528 4854 2640 4898 τού·
2675 4845 2938 4898 Εἰσελθετε
2970 4841 3064 4896 διὰ
3092 4853 3186 4905 τῆς
3215 4852 3394 4904 στενῆς
3432 4841 3608 4901 πύλης.

1783 5069 2007 5138 Variae
2037 5072 2370 5143 lectiones
2403 5083 2465 5140 et
2489 5081 2668 5139 nota:

647 5213 757 5301 (3‘9)
829 5208 1152 5301 Hentenius
1209 5208 1480 5281 reddidit,
1529 5212 1775 5301 'acils‘i“
1817 5212 2019 5301 legerit
2083 5219 2222 5301 περί.

572 5284 769 5344 Probo
799 5304 938 5342 cum
970 5292 1220 5356 utroque
1251 5301 1382 5340 meo
1407 5286 1559 5337 κατά.
1596 5284 1860 5353 Intelligo
1903 5291 2100 5342 autem
2147 5284 2220 5338 ἰν-

574 5360 942 5432 θυμουμένους,
1024 5361 1307 5432 κρίνονταςΣ
1392 5357 1500 5432 Qui
1599 5356 2070 5432 eodem__modo,
2133 5359 2219 5416 uti

572 5427 686 5496 ille,
716 5427 1074 5485 sentiebant.
1105 5431 1189 5484 lla
1218 5427 1371 5483 intra
1393 5428 1468 5483 ad
1498 5444 1621 5492 xvn,
1680 5433 1767 5492 20,
1824 5427 1915 5482 bis
1969 5431 2222 5488 occurrit

569 5503 724 5564 κατά,
749 5501 821 5554 de
846 5508 961 5555 toto
993 5501 1124 5554 vitae
1157 5515 1374 5568 genere
1407 5503 1463 5554 et
1509 5499 1968 5556 consuetudine.

641 5571 756 5644 (40)
786 5575 1184 5642 Συνεχὼρησαν.
1228 5573 1294 5625 Α.

639 5697 717 5766 (0)
738 5697 890 5772 Loco
917 5710 1079 5772 sane,
1113 5693 1486 5772 reddendum
1529 5699 1633 5760 est,
1665 5709 1829 5772 rium.
1868 5691 2003 5772 ᾊρα
2058 5694 2217 5754 enim

565 5764 691 5833 non
721 5765 1192 5834 conclusionem,
1220 5765 1326 5822 sed
1356 5764 1882 5838 interrogationem
1908 5764 2001 5824 hic
2028 5775 2216 5826 notat.

2432 5213 2520 5279 41)
2553 5213 2822 5279 ὡσαύτως,
2862 5209 3080 5266 omittit
3110 5211 3166 5264 Β.

2432 5218 2488 5268 41
2553 5213 2822 5279 ὡσαύτως,
2862 5213 3080 5266 omittit
3110 5213 3166 5264 Β.

2405 5213 2520 5355 ἕω)
2547 5286 2639 5337 Ἐν
2667 5292 2740 5353 τῷ
2760 5283 3016 5354 κεφαλαίῳ
3046 5280 3239 5352 ἐκείνῳ.
3275 5285 3332 5336 Β.
3469 5349 3496 5355 Α
3545 5348 3556 5355 .
3833 5339 3842 5351 ,

2404 5348 2516 5424 (43)
2541 5356 2673 5410 Haec
2711 5348 2750 5409 ξι
2781 5348 2958 5410 manu
2989 5348 3252 5425 'prorsus
3283 5349 3500 5425 recenti
3542 5348 3604 5405 iu
3664 5348 3915 5416 margine

2327 5421 2510 5485 habet
2539 5429 2603 5481 A.
2647 5425 2970 5482 Hentenius
2999 5421 3123 5481 non
3155 5421 3450 5494 agnoscit.

2403 5499 2517 5573 (4i)
2552 5502 2652 5552 Καὶ
2683 5501 2762 5552 τό.
2800 5504 2854 5551 Β.

2403 5695 2464 5752 Εἰ
2494 5691 2809 5757 nunquam
2840 5697 2926 5750 est
2957 5690 3225 5757 sane,sed
3250 5684 3467 5750 ἧ.Ηοοῆ
3491 5681 3917 5755 Pseudo-Didy-

2328 5785 2464 5827 mus
2503 5767 2578 5824 ad
2614 5759 2786 5824 Iliad.
2829 5781 2890 5843 p.
2929 5767 2998 5823 23
3026 5763 3284 5839 explicat
3307 5767 3480 5834 ὅντως,
3513 5759 3743 5825 ἀληθῶς,
