4144 6314
572 361 712 420 1007

1919 352 2263 413 summu
2303 330 2647 411 ZIGABENI

3826 350 3950 412 4008

572 488 850 545 meridies
903 505 916 554 ;
968 485 1308 544 accubitum
1370 487 1569 541 autem
1626 481 1767 540 dicit
1821 483 2092 556 requiem
2157 498 2207 538 at

2339 485 2512 545 νότου,
2537 481 2594 533 τὸ
2611 481 2981 557 μεσημϐρινὸν.
3011 480 3303 535 ’Λνακλισιν
3336 475 3395 533 δε
3419 479 3551 552 λέγει
3583 484 3688 538 τήν
3715 479 3945 533 ἀνάπαυ-

568 576 913 633 fruitionem
927 621 940 634 .

639 666 800 722 Vere.
833 667 920 723 30.
952 665 1030 721 Et
1053 679 1183 720 ecce
1209 695 1278 704 —
1307 663 1510 733 primi.
1547 661 1774 718 Fideles
1813 677 1884 718 ex
1930 661 2225 734 gentibus,

567 755 672 828 qui
720 770 879 810 nunc
917 753 1161 826 quidem
1210 753 1492 825 postremi
1545 751 1842 823 videntur,
1873 757 2070 822 utpote
2121 751 2224 822 qui

567 842 772 900 Filium
792 848 1193 915 agnoverunt;
1221 846 1395 897 erunt
1415 846 1616 897 autem
1663 846 1802 896 tunc
1830 839 2025 912 primi,
2051 855 2226 912 prop-

564 937 654 989 ter
677 933 973 989 sinceram
1012 947 1215 987 eorum
1257 929 1467 987 ﬁdem.

637 1023 797 1078 Vers.
844 1021 940 1076 30.
978 1022 1051 1076 Et
1080 1051 1137 1060 -—-
1167 1019 1465 1091 postremi.
1516 1018 1789 1075 [nﬁdeles
1833 1017 2020 1074 Judaei
2062 1032 2224 1074 nunc

561 1109 806 1184 quidem
854 1109 1021 1182 primi
1067 1109 1364 1179 videntur,
1415 1114 1617 1180 utpote
1657 1108 1762 1180 qui
1813 1107 1989 1180 primi
2039 1109 2221 1162 Deum

562 1205 957 1270 agnoverunt;
984 1214 1126 1254 nam
1150 1197 1334 1253 Filius
1360 1213 1520 1254 meus
1535 1197 1764 1270 (inquit)
1789 1196 2221 1268 primogenitae

562 1288 746 1346 Israel
766 1290 787 1324 ⁶
816 1305 828 1344 :
857 1293 994 1344 tunc
1007 1293 1208 1344 autem
1235 1287 1517 1360 postremi
1549 1291 1724 1343 erunt
1753 1291 1994 1360 propter
2011 1301 2220 1342 eorum

560 1377 969 1434 infidelitatem
983 1421 996 1435 .

632 1466 978 1537 lntelligitur
1015 1473 1214 1522 autem
1257 1481 1456 1522 sermo
1485 1470 1543 1522 et
1581 1465 1656 1520 de
1681 1463 1981 1530 ﬁdelibus,
2023 1463 2126 1536 qui
2160 1464 2220 1519 in

557 1556 830 1626 praesenti
861 1556 976 1611 vita
1002 1571 1132 1611 esse
1165 1555 1431 1610 videntur
1469 1555 1771 1626 postremi,
1819 1561 1988 1610 erunt
2020 1560 2220 1610 autem

558 1644 735 1716 primi
755 1643 814 1699 in
841 1643 1038 1699 futuro
1060 1643 1292 1706 saeculo,
1321 1649 1377 1699 et
1401 1659 1640 1699 rursum
1673 1658 1702 1697 e
1726 1643 2044 1699 contrario.

629 1731 791 1789 CAP.
869 1733 958 1790 LI.
1022 1735 1103 1790 De
1138 1733 1224 1788 his
1264 1735 1367 1803 qui
1414 1733 1766 1803 suadebant,
1822 1738 1885 1787 ut
1937 1731 2218 1788 secederet

1052 1831 1293 1891 propter
1330 1821 1646 1877 Herodem.

627 1912 788 1968 Vers.
839 1913 926 1968 31.
977 1913 1190 1968 Eodem
1248 1911 1342 1967 die
1371 1942 1434 1951 —
1465 1912 1729 1968 occidere
1776 1910 2009 1975 Audito,
2053 1909 2217 1984 quod

555 2001 827 2072 ejiciendi
871 2007 1067 2056 essent
1107 2001 1285 2066 foras,
1319 1999 1602 2071 quodque
1639 1999 1820 2055 futuri
1870 2006 2068 2055 essent
2116 2016 2214 2070 po-

555 2090 776 2156 stremi,
817 2089 1050 2145 accensi
1079 2094 1216 2144 sunt
1234 2090 1322 2144 ira
1349 2102 1371 2158 ,°
1404 2097 1460 2144 et
1495 2088 1775 2144 simulata
1807 2088 2218 2144 benevolentia

555 2177 808 2234 suadent
835 2177 916 2233 illi
958 2187 1020 2234 ut
1057 2184 1227 2233 exeat
1255 2194 1326 2232 ac
1351 2178 1589 2233 secedat
1620 2194 1631 2233 :
1659 2178 1773 2233 hoc
1799 2177 2040 2249 quidem
2071 2193 2218 2248 prae-

553 2271 738 2332 textu,
772 2282 846 2322 ne
872 2267 948 2321 ab
988 2266 1214 2322 Herode
1261 2266 1588 2333 occidatur,
1629 2265 1690 2321 in
1717 2265 1962 2322 veritate
1994 2273 2213 2331 autem,

550 2369 627 2411 ne
654 2371 912 2427 presens
929 2371 999 2412 ac
1027 2354 1314 2413 miracula
1333 2355 1537 2421 edens,
1566 2355 1927 2426 gloriﬁcatur
1957 2361 2015 2412 et
2039 2359 2217 2412 attra-

550 2443 655 2500 hat
685 2444 924 2500 turbam
939 2490 952 2501 .

622 2533 782 2590 Vers.
833 2533 916 2591 32.
965 2536 1043 2590 Et
1073 2535 1156 2590 ait
1191 2566 1255 2576 —
1295 2549 1688 2591 consummor.
1723 2534 1965 2607 Cognita
2003 2550 2210 2590 eorum

549 2622 830 2691 versutia,
891 2623 1212 2678 clementer
1261 2639 1331 2679 ac
1375 2625 1514 2678 scite
1573 2625 1913 2694 respondet,
1966 2623 2208 2678 dicens:

549 2710 659 2776 Ite,
707 2717 761 2767 et
798 2712 979 2768 dicite
1005 2712 1172 2780 vulpi
1201 2713 1314 2776 illi,
1362 2712 1476 2768 hoc
1519 2718 1622 2780 est,
1665 2712 1805 2768 dolo
1856 2728 2211 2784 morumque

551 2797 909 2866 difﬁcultati,
936 2816 1069 2872 quae
1097 2801 1156 2854 in
1191 2801 1358 2856 vobis
1390 2807 1498 2857 est.
1539 2803 1898 2873 Quanquam
1920 2801 2079 2856 enim
2111 2800 2210 2856 hic

549 2902 748 2944 sermo
779 2888 991 2944 Herodi
1028 2889 1256 2944 videtur
1284 2890 1544 2956 attribui,
1596 2893 1669 2946 ad
1695 2890 1857 2961 ipsos
1890 2896 2083 2945 tamen
2123 2906 2209 2946 re-

548 2975 740 3048 spicit.
809 2978 992 3034 Hodie
1046 2994 1186 3034 vero
1241 2983 1296 3034 et
1343 2994 1491 3044 cras,
1555 2978 1664 3034 etsi
1715 2985 2207 3034 enumeratorum

545 3063 778 3122 dierum
819 3067 1210 3139 signiﬁcativa
1243 3073 1556 3140 apparent,
1599 3073 1864 3124 attamen
1919 3068 2205 3140 temporis

547 3155 890 3227 significant
947 3156 1320 3213 brevitatem.
1395 3158 1664 3213 Solemus
1727 3157 1909 3227 enim,
1957 3157 2205 3230 quando

543 3245 852 3302 modicum
869 3252 1101 3318 tempus
1123 3245 1387 3302 indicare
1412 3246 1704 3311 volumus,
1721 3247 1894 3304 hodie
1908 3253 1960 3302 et
1979 3262 2108 3303 cras
2121 3247 2205 3303 di-

543 3350 694 3390 cere.
715 3334 1001 3391 Similiter
1017 3336 1218 3407 etiam,
1247 3338 1412 3408 quod
1425 3335 1595 3392 dicit:
1626 3338 1814 3392 Tertio
1837 3337 1932 3392 die
1948 3352 2203 3393 consum-

539 3439 686 3488 mor,
727 3423 952 3480 indicat
984 3440 1046 3480 se
1085 3440 1209 3480 non
1255 3423 1444 3480 multo
1493 3431 1627 3498 post
1660 3426 2035 3481 moriturum.
2072 3425 2204 3482 Haec

541 3520 740 3570 autem
769 3513 936 3582 dixit,
971 3518 1031 3571 ut
1060 3514 1214 3572 iram
1245 3531 1313 3570 ac
1347 3515 1636 3572 invidiam
1658 3531 1866 3572 eorum
1908 3515 2205 3586 mitigaret

613 3778 782 3838 Vers.
841 3785 928 3838 33.
1001 3784 1214 3840 Tamen
1248 3813 1310 3826 —
1350 3783 1677 3841 ambulare.
1727 3783 1984 3849 Quidam
2035 3782 2204 3839 aiunt

540 3869 715 3927 hodie
735 3874 792 3926 et
843 3887 976 3929 cra:
1004 3888 1142 3928 eum
1173 3873 1369 3929 dicere
1401 3873 1475 3929 de
1515 3873 1728 3928 diebus
1758 3873 1978 3946 quibus
2021 3871 2202 3928 mira-

539 3959 673 4017 cula
703 3959 780 4016 ibi
801 3965 927 4018 erat
951 3961 1241 4028 editurus,
1294 3963 1532 4018 tertium
1564 3979 1704 4018 vero
1728 3978 1891 4034 cum,
1921 3962 2022 4034 qui
2065 3965 2204 4034 post

536 4049 649 4106 hos
690 4057 818 4106 erat
845 4050 1100 4116 futurus,
1133 4051 1192 4106 in
1231 4067 1354 4123 quo
1385 4051 1900 4106 consummandus
1948 4056 2093 4117 erat,
2130 4066 2200 4106 ac

536 4139 645 4194 iter
675 4139 1074 4210 Hierosolyma
1103 4155 1310 4194 versus
1334 4139 1744 4206 inchoaturus,
1779 4145 1841 4196 ut
1883 4141 1946 4196 in
1973 4156 2044 4196 ea
2076 4156 2201 4198 mo-

534 4232 765 4282 reretur
777 4269 790 4283 .

607 4316 847 4386 Gportet
883 4331 978 4372 me
1007 4315 1186 4372 hodie
1217 4321 1272 4374 et
1301 4332 1453 4388 cras,
1484 4318 1606 4374 sive
1656 4317 1894 4374 modico
1933 4323 2198 4392 tempore

535 4405 772 4476 operari
809 4421 942 4478 quae
985 4405 1126 4471 dixi,
1170 4411 1226 4462 et
1258 4407 1535 4478 perendie
1590 4407 1917 4473 ambulare,
1974 4408 2034 4464 id
2087 4413 2194 4476 est,

532 4494 871 4566 insequenti
893 4493 988 4550 die
1015 4496 1262 4551 transire
1280 4513 1312 4551 a
1335 4495 1450 4552 vita
1468 4497 1768 4570 praesenti,
1785 4498 1907 4554 sive
1934 4504 2196 4571 postmo-

533 4585 678 4640 dum
703 4585 896 4642 occidi
924 4601 962 4642 a
988 4583 1174 4652 vobis,
1200 4585 1303 4659 qui
1337 4585 1763 4660 Hierosolymis
1793 4589 2194 4662 principatum

534 4673 768 4732 tenetis.

602 4852 763 4908 Vers.
801 4856 888 4910 33.
911 4853 1062 4922 Quia
1076 4883 1145 4898 -
1164 4852 1608 4924 Hierosolymis.
1637 4853 1862 4911 Ironice
1885 4855 2000 4912 hoc
2017 4855 2182 4922 dixit,

530 4941 862 5014 objurgans
915 4943 1264 5010 Jerusalem,
1300 4951 1587 5016 tanquam
1616 4945 2034 5016 prophetarum
2081 4947 2187 5003 ho-

531 5032 844 5089 micidam.
875 5032 1539 5103 Estautemhujusmodi
1558 5035 2180 5092 sententiasermonis:

531 5120 678 5177 Cum
699 5135 794 5176 me
813 5120 974 5178 dicat
998 5121 1371 5195 prophetam,
1402 5123 1604 5198 utique
1621 5124 1847 5180 occidet
1873 5141 1886 5191 ;
1914 5125 2184 5198 impossi-

601 5327 625 5366 ⁸
659 5325 851 5387 Exod.
874 5344 949 5400 iv,
973 5329 1063 5386 22.

2302 4944 2568 5021 διασύρων
2680 4953 2774 5007 τήν

2302 5037 2456 5092 Ἔστι
2488 5034 2546 5090 δε
2600 5039 2624 5089 ὁ
2664 5045 2777 5098 νοῦς
2815 5044 2906 5090 τοῦ
2958 5037 3111 5110 λόγου
3162 5045 3409 5097 τοιοῦτος·
3467 5038 3549 5088 ὅτι
3596 5032 3726 5086 Ἐπεὶ
3773 5037 3878 5094 προ·

2299 5133 2465 5202 φήτην
2518 5146 2582 5200 με
2641 5125 2800 5200 λέγει,
2851 5128 3057 5188 πάντως
3129 5125 3392 5181 ἀποκτενεῖ
3449 5145 3532 5200 με,
3583 5115 3878 5180 ’Δνένὸικτον

2343 591 2446 637 σιν,
2481 575 2573 628 τὴν
2602 568 2912 627 ἀπόλαυσιν.

2413 667 2512 713 Καὶ
2545 656 2661 712 irim.)
2683 692 2753 700 —
2792 670 3006 736 πρῶτοι.
3036 662 3100 713 Οἱ
3131 659 3182 723 ἐξ
3212 658 3364 712 ἐθνῶν
3395 664 3599 725 πιστοὶ,
3636 658 3690 711 οἱ
3737 657 3946 712 δοκοῦσι

2337 753 2428 822 μεν
2479 753 2701 822 ἔσχατοι
2757 759 2864 819 νῦν,
2918 753 2987 812 ὡς
3043 753 3262 822 ἔσχατοι
3311 753 3397 801 τόν
3454 752 3568 802 Υὶὸν
3635 748 3942 820 ἐπιγνόντες·

2337 841 2538 898 ἔσονται
2595 836 2653 892 δὲ
2715 849 2908 915 πρῶτοι
2960 845 3093 904 τότε,
3161 835 3255 891 διὰ
3293 843 3388 896 τήν
3445 838 3704 911 εἰλικρινῆ
3780 845 3944 891 πίστιν

2338 929 2523 983 αὐτῶν.

2411 1023 2510 1070 Καὶ
2541 1017 2641 1070 εἰσι
2676 1050 2739 1058 -
2772 1021 3012 1090 ἔσχατοι.
3059 1019 3125 1069 Οἱ
3162 1018 3380 1069 οἱπιστοι
3416 1012 3706 1081 Ἰουδαῖοι,
3770 1018 3821 1067 οἰ
3867 1011 3942 1066 39-

2334 1116 2489 1160 κοῡσι
2544 1110 2633 1180 μεν
2709 1116 2906 1182 πρῶτοι
2955 1115 3064 1174 νῦν,
3120 1109 3186 1168 ὡς
3246 1115 3442 1179 πρῶτοι
3499 1109 3585 1157 τόν
3654 1107 3793 1158 Θεὸν
3850 1102 3949 1155 ἐπι-

2332 1201 2554 1268 γνόντες.
2614 1198 2733 1258 Υὶὸς
2772 1199 2895 1270 γὰρ,
2952 1200 3103 1268 φησὶ,
3156 1199 3485 1268 πρωτότοκος
3533 1214 3641 1266 μου
3713 1193 3939 1268 Ἰσραήλ

2334 1289 2540 1340 ἔσονται
2572 1283 2630 1339 δε
2662 1288 2885 1358 ἔσχατοι
2922 1289 3056 1351 τότε,
3086 1281 3180 1338 διὰ
3204 1290 3298 1343 τήν
3330 1283 3582 1337 ἀπιστίαν
3618 1284 3827 1338 αὐτῶν.

2405 1472 2614 1518 Νοείται
2643 1465 2669 1516 ό
2697 1463 2847 1536 λογος
2890 1469 2979 1516 καὶ
3003 1469 3122 1538 περὶ
3152 1472 3251 1516 τῶν
3303 1472 3523 1528 πιστῶν,
3569 1471 3681 1514 τῶν
3743 1458 3940 1514 δοκούν-

2333 1575 2432 1606 των
2463 1558 2552 1628 μὶν
2593 1553 2720 1607 εἶναι
2768 1554 3008 1626 ἐσχάτων
3055 1555 3104 1606 ἐν
3133 1562 3202 1624 τῷ
3251 1558 3467 1628 μαρόντι
3509 1551 3638 1625 βίῳο
3696 1550 3936 1623 ἐσομένων

2336 1644 2394 1699 δὲ
2425 1651 2637 1719 πρώτων
2678 1643 2725 1696 ἐν
2749 1652 2818 1714 τῷ
2851 1643 3082 1716 μέλλοντι
3106 1643 3270 1707 αἰῶνι,
3303 1648 3392 1695 καὶ
3423 1639 3569 1702 αὖθις
3593 1640 3839 1702 ἐναλλάξ.

2337 1741 2489 1789 ΚΕΦ.
2569 1733 2698 1790 ΝΑ’.
2760 1738 2884 1808 Περὶ
2952 1740 3049 1784 τῶν
3129 1734 3368 1784 εἰπόντων
3451 1739 3520 1801 τῷ
3592 1730 3784 1788 Ἰησοῦ
3855 1725 3935 1780 διὰ

2992 1817 3253 1893 Ἡρώδην.

2405 1915 2488 1967 Ἐν
2538 1914 2666 1985 αὐτῇ
2710 1921 2772 1986 τῇ
2825 1914 2993 1984 ἡμέρᾳ
3057 1943 3120 1952 -
3185 1914 3504 1963 ἀποκτεῖναι.
3569 1909 3925 1966 Ἀκούσαντες,

2333 2004 2410 2054 ὅτι
2448 2003 2859 2062 ἐκϐληθήσονται
2888 2000 3001 2067 ἐξω,
3035 2007 3124 2052 καὶ
3171 2002 3247 2052 ότι
3278 2003 3484 2052 ἔσονται
3515 2001 3772 2070 ἔσχατοι,
3817 1995 3928 2051 ἀνή-

2332 2094 2537 2164 φθησαν
2593 2093 2659 2153 εἰς
2713 2092 2887 2165 ὀργήν,
2948 2095 3037 2143 καὶ
3085 2091 3486 2162 ὑποκρινάμενοι
3528 2092 3760 2154 εὔνοιαν,
3813 2104 3926 2156 συμ-

2331 2179 2664 2233 ϐουλεύουσιν
2705 2183 2841 2251 αὐτῷ
2872 2180 3084 2242 ἐξελθεῖν
3113 2185 3201 2230 καὶ
3247 2177 3600 2251 ἀναχωρῆσαι
3623 2197 3634 2208 ·
3685 2177 3924 2248 προφάσει

2328 2275 2438 2342 μὲν,
2493 2272 2575 2323 ἶνα
2621 2275 2692 2343 μὴ
2736 2273 2835 2323 ὑπὸ
2878 2265 3113 2344 Ἡρώδου
3158 2267 3423 2340 ἀναιρεθῇ’
3479 2275 3540 2340 τῇ
3602 2263 3654 2318 δ’
3707 2265 3918 2334 ἀληθείᾳ,

2330 2361 2412 2411 ἵνα
2427 2380 2498 2432 μη
2521 2366 2698 2429 παρών
2715 2364 2804 2412 καὶ
2826 2362 3069 2432 θαύματα
3090 2367 3268 2427 ποιῶν,
3290 2354 3588 2419 δοξάζηται
3611 2360 3701 2408 καὶ
3723 2353 3912 2427 ipsimi}:

2325 2454 2412 2502 τὸν
2440 2449 2619 2521 ὄχλον.

2397 2541 2502 2594 Καὶ
2556 2536 2688 2591 εἶπεν
2743 2569 2810 2579 -
2857 2537 3168 2611 τελειοῦμαι.
3228 2539 3385 2598 Γνοὺς
3438 2540 3529 2594 τήν
3613 2537 3906 2606 πανουργίαν

2327 2628 2514 2695 αὐτῶν,
2571 2627 2884 2691 ἀνεξικάκως
2946 2633 3035 2679 καὶ
3084 2627 3281 2699 εὐφυῶς
3340 2626 3683 2695 ἀποκρίνεται
3747 2623 3901 2692 λέγων’

2325 2719 2656 2791 Πορευθέντες
2731 2720 2906 2770 εἴπατε
2979 2724 3039 2789 τῇ
3101 2715 3326 2768 ἀλώπεκι
3402 2716 3600 2786 ταύτῃ,
3669 2716 3893 2772 τουτέστι,

2321 2815 2383 2878 τῇ
2443 2803 2727 2877 δολιὸτητι,
2778 2815 2838 2879 τῇ
2897 2803 3196 2878 δυστροπίᾳ
3251 2812 3312 2877 τῇ
3389 2806 3437 2856 ἓν
3491 2805 3640 2876 ὑμῖν·
3695 2808 3890 2852 τοιοῦτον

2319 2899 2420 2969 γὰρ
2471 2898 2499 2954 ἠ
2567 2895 2806 2958 ἀλώπηξ.
2865 2896 2926 2948 Εἰ
2975 2898 3072 2969 γὰρ
3128 2899 3216 2946 καὶ
3267 2895 3383 2964 (49)
3435 2897 3562 2967 πρὸς
3609 2885 3812 2964 Ἡρώδην
3857 2885 3877 2933 ἀ

2319 2985 2470 3056 λόγος
2519 2983 2875 3038 ἀποτετᾶσθαι
2923 2981 3089 3050 δοκεῖ,
3149 2983 3274 3035 ἀλλά
3312 3002 3371 3053 γε
3415 2990 3542 3056 πρὸς
3578 2983 3759 3039 αὐτοὺς
3788 2977 3876 3045 ὁρᾷ·

2317 3077 2387 3126 Τὸ
2449 3070 2508 3126 δὲ
2577 3078 2800 3147 σήμερον
2860 3079 2950 3127 καὶ
3013 3076 3210 3148 αὔριον,
3292 3072 3337 3125 εἰ
3414 3076 3503 3123 καὶ
3560 3069 3890 3144 ἠριθμημέναιν

2317 3164 2518 3238 ἡμερῶν
2595 3166 2891 3236 σημαντικὰ
2949 3167 3232 3235 φαίνονται,
3307 3160 3419 3214 ἀλλ’
3479 3156 3564 3212 οὖν
3651 3157 3891 3225 συντομίαν

2317 3261 2502 3324 καιροῦ
2573 3250 2992 3325 παραδηλοῦσιν.
3062 3252 3325 3324 Εἰώθαμεν
3395 3252 3512 3322 γὰρ,
3577 3251 3702 3302 ὅταν
3752 3245 3892 3312 ὀλίγον

2316 3346 2494 3415 καιρόν
2583 3341 2808 3414 ἐμφῆναι
2857 3341 3095 3413 θέλωμεν,
3161 3345 3384 3413 σήμερον
3468 3345 3555 3391 καὶ
3617 3342 3782 3411 αὔριον
3830 3331 3892 3382 λέ-

2314 3451 2442 3503 γειν.
2498 3431 2722 3503 Ὁμοίως
2791 3427 2850 3484 δὲ
2905 3435 2994 3482 καὶ
3042 3434 3100 3482 τὸ
3166 3438 3227 3502 τῇ
3280 3434 3428 3504 τρίτῇ
3492 3427 3794 3498 τελειοῦμαι,
3847 3421 3891 3470 τὸ

2314 3520 2406 3572 οὐκ
2453 3520 2523 3582 εἰς
2571 3523 2774 3593 μακρὰν
2813 3519 3087 3572 ἀποθανεῖν
3128 3519 3279 3571 αὐτόν
3336 3520 3707 3590 ὑποσημαίνει.
3742 3518 3891 3566 Ταῦτα

2315 3604 2373 3660 δε
2430 3607 2558 3681 εἶπε,
2612 3610 3071 3684 παραμυθούμενος
3109 3612 3202 3666 τήν
3247 3606 3407 3683 ὀργὴν
3461 3611 3550 3658 καὶ
3609 3609 3696 3659 τὸν
3734 3604 3887 3675 φθόνον

2313 3697 2480 3750 αὐτῶν
2496 3741 2508 3752 .

2386 3786 2526 3845 Πλὴν
2573 3818 2630 3827 -
2680 3788 2994 3860 πορεύεσθαι
3044 3786 3206 3860 [Τινὲς
3426 3781 3482 3838 δέ
3517 3805 3668 3857 φασι,
3720 3785 3771 3834 τὸ
3813 3781 3889 3834 σή·

2312 3895 2463 3950 μερον
2517 3881 2603 3928 καὶ
2670 3879 2848 3950 αὔριον
2902 3882 3019 3952 περὶ
3071 3872 3167 3928 δύο
3225 3877 3428 3948 ἡμερῶν
3493 3875 3678 3946 λέγειν,
3737 3869 3779 3922 ἐν
3823 3867 3890 3924 αἷς

2313 3965 2418 4018 ἐκεῖ
2508 3967 2919 4040 θαυματουργείν
3005 3964 3176 4038 ἔμελλε
3213 3979 3226 3992 '
3274 3969 3454 4038 τρίτην
3518 3961 3600 4031 δὲ,
3662 3967 3748 4020 τήν
3797 3953 3890 4030 μετ’

2318 4055 2493 4120 αὐτὰς,
2557 4053 2604 4106 ἓν
2765 4055 3095 4112 τελειωθῆναί
3167 4073 3345 4125 φησιν,
3400 4057 3585 4120 εἶτουν,
3662 4045 3890 4125 ἄρξασθαι

2314 4152 2408 4206 τῆς
2449 4143 2528 4197 ἐπὶ
2587 4144 2802 4196 θάνατον
2851 4148 3083 4218 πορείας,
3133 4148 3223 4195 καὶ
3275 4137 3520 4215 βαδίζειν
3580 4141 3661 4196 ἐπὶ
3709 4141 3768 4190 τὰ
3812 4134 3890 4186 Ἰε-

2313 4231 2645 4308 ροσόλυμα,]

2383 4328 2496 4396 Χρή
2538 4342 2601 4396 με
2657 4327 2881 4395 σήμερον
2944 4327 3032 4374 καὶ
3087 4324 3264 4396 αὔριον
3328 4319 3622 4396 ἐνεργῆσαι,
3673 4318 3704 4370 ἁ
3748 4311 3882 4373 εἶπον»

2308 4417 2490 4484 ἤγουν,
2549 4411 2631 4464 ἐπ’
2685 4411 2852 4484 ὀλίγον
2905 4417 3106 4486 καιρὸν,
3167 4417 3255 4464 καὶ
3306 4419 3367 4483 τῇ
3422 4410 3641 4483 ἐχομένη
3696 4404 3880 4476 πορεύε-

2311 4503 2455 4566 σθαι,
2515 4505 2702 4568 εἶτουν,
2753 4510 2813 4575 τῇ
2872 4501 3050 4574 ἐφεξῆς
3096 4503 3209 4573 (51)
3267 4503 3434 4574 ἡμέρᾳ
3472 4499 3738 4573 μεταϐῆναι
3790 4489 3875 4540 ἀπὸ

2311 4599 2406 4653 τῆς
2459 4593 2733 4665 παρούσης
2791 4591 2950 4658 ζωῆς,
3009 4595 3270 4657 τουτέστι,
3333 4593 3462 4662 μετὰ
3521 4597 3656 4642 τοῦτο
3699 4577 3867 4632 ἀποθα-

2304 4688 2424 4746 νεῖν,
2469 4680 2550 4747 ὑφ’
2596 4682 2736 4754 ὑμῶν
2789 4677 3028 4739 δηλονότι
3074 4687 3173 4732 τῶν
3227 4679 3277 4731 ἐν
3330 4677 3644 4755 Ἰερουσαλὴμ
3693 4679 3854 4737 αρχον·

2304 4788 2404 4821 των
2417 4814 2428 4826 ,

3171 4858 3462 4934 Εἰρωνικῶς
3539 4859 3677 4908 τοῦτο
3753 4838 3867 4906 εἷπε,

3471 4938 3868 5020 προφητοκτὸνον.

2371 4857 2492 4910 Ὀτι
2574 4889 2643 4899 —
2715 4857 3074 4933 Ἰερουσαλήμ.

2862 4948 3225 5022 Ἰερουσαλήμ,
3308 4950 3376 5011 ὡς

1747 5505 1972 5580 Variae
2009 5505 2335 5585 lectiones
2375 5521 2440 5584 et
2471 5519 2676 5585 notae.

594 5697 709 5774 (49)
735 5704 836 5756 Καὶ
857 5697 1042 5762 abest.
1070 5701 1142 5761 Α.

595 5699 688 5774 (49
735 5704 836 5756 Καὶ
857 5697 1042 5762 abest.
1070 5701 1142 5761 Α.

595 5697 709 5853 (5οέ
748 5775 879 5832 Hec
931 5777 990 5833 in
1029 5777 1310 5834 contextu
1362 5769 1536 5832 habet
1578 5769 1635 5848 Β,
1667 5782 1804 5852 post
1851 5781 2030 5854 φθόνον
2081 5781 2176 5835 ὕας·

2299 5721 2420 5768 τῶν.
2449 5712 2561 5767 Sed
2594 5714 2639 5766 A
2669 5712 2732 5767 in
2765 5712 3036 5784 margine
3064 5713 3323 5770 exhibet.

2364 5785 2478 5857 (51)
2517 5784 2947 5860 Πορεύεσθαιιλὶο
2973 5786 3186 5860 repetit
3211 5786 3280 5840 A.
