4144 6314
267 339 271 342 ‘
316 355 459 413 1009

1517 319 1894 407 COMMENT.
1937 351 2010 408 IN
2048 352 2310 415 LUCAM.
2354 391 2417 401 —
2460 359 2615 417 CAP.
2658 359 2803 420 XIV.

3557 361 3692 422 1010

309 484 439 555 γὰρ,
510 486 628 542 ἤτοι
693 480 966 551 ἀσύνηθες,
1027 483 1316 554 προφήτην,
1389 457 1721 540 ἀναιρεθῆναι
1777 476 1898 532 ἑκτὰ

2029 478 2148 538 bile
2190 484 2338 541 enim
2380 491 2483 553 est,
2537 489 2660 545 sive
2710 488 3036 558 insuetum,
3093 492 3160 548 ut
3195 488 3490 564 propheta
3545 492 3688 552 alibi

311 573 503 634 αὐτῆς.

383 660 730 735 Ἰερουσαλήμ
796 692 864 700 -—
937 659 1242 719 ἠθελήσατε.
1314 661 1496 711 Ταῦτα
1547 661 1636 710 καὶ
1701 659 1726 710 6
1774 668 1916 714 Ματ-

309 751 462 812 θαῑος
523 749 804 822 ἀνέγραψεν
863 748 910 801 ἐν
955 759 1025 820 τῷ
1080 755 1414 820 πεντηκοστῷ
1447 749 1574 820 ἕκτῳ
1635 749 1914 823 κεφαλαίῳ,

307 845 402 892 καὶ
435 838 694 911 ἀνάγνωθι
735 839 782 891 ἐν
810 839 980 911 ἐκείνῳ
1021 843 1108 898 τήν
1158 839 1404 912 ἐξήγησιν
1444 837 1630 892 αὐτῶν.
1677 843 1915 893 Νοσσιάν

308 924 371 981 δὲ
403 937 493 980 νῦν
515 929 650 1001 λέγει
674 932 729 982 τό
761 928 952 989 πλῆθος
977 938 1075 982 τῶν
1104 938 1352 982 νεοσσῶν.

384 1017 532 1072 Ἰδοὺ
586 1051 654 1060 —
707 1021 868 1092 ὑμῶν.
918 1017 1168 1094 Ἔρημός,
1221 1016 1480 1090 δηλονότι,
1535 1021 1702 1080 καθὼς
1754 1039 1916 1092 προσ-

305 1110 496 1166 έθηκεν
522 1111 546 1160 ό
577 1111 868 1171 Μακθαῑος.
922 1114 1023 1162 Καὶ
1049 1117 1200 1162 τοῦτο
1229 1106 1287 1162 δε
1324 1113 1382 1162 τό
1419 1110 1576 1185 ῥητὸν
1608 1108 1785 1182 ἐφεξῆς
1812 1110 1916 1162 ἐκεῖ

305 1193 719 1270 διηρμήνευται.

382 1292 538 1359 Λέγω
581 1319 642 1328 -
678 1292 892 1361 Κυρίου.
937 1287 1064 1348 Ἐως
1093 1289 1153 1339 οἶν
1185 1287 1282 1360 ἣξῃ
1315 1288 1340 1339 ό
1372 1292 1572 1361 καιρὸς,
1606 1290 1688 1342 ὅτε
1737 1292 1914 1347 εἴπητε

298 1373 449 1431 τόδε.
509 1382 609 1430 Καὶ
652 1380 846 1430 τούτων
895 1373 954 1430 δὲ
1000 1379 1203 1429 πάντων
1245 1377 1536 1441 ἀκολούθως
1563 1377 1610 1430 ἐν
1640 1377 1812 1452 ἐκείνῳ
1838 1387 1910 1450 τῷ

297 1465 569 1539 κεφαλαίῳ
599 1471 692 1525 τήν
719 1467 989 1542 ἑρμηνείαν
1016 1468 1266 1542 εὑρήσεις.

634 1652 777 1701 ΚΕΦ.
819 1645 939 1700 ΝΒ’.
983 1650 1107 1719 Περὶ
1136 1653 1227 1698 τοῦ
1261 1642 1586 1720 ὑδρωπικοῦ.

363 1741 485 1789 Καὶ
529 1737 716 1808 ἐγένετο
756 1768 823 1778 -
855 1737 1029 1789 αύτόν.
1080 1741 1181 1790 Καὶ
1234 1737 1382 1798 οὗτος
1421 1739 1446 1789 6
1495 1745 1791 1811 Φαρισαῖος,
1837 1740 1908 1801 ὡς

2027 573 2349 640 occidatur,
2383 592 2568 649 quam
2597 577 2655 634 in
2687 595 2773 634 ea.

2097 666 2258 720 Vers.
2331 670 2417 723 34.
2485 667 2806 725 Jerusalem
2857 701 2928 711 —
2977 669 3258 727 noluistis.
3314 672 3445 728 Haec
3504 673 3686 728 etiam

2026 755 2255 827 scripsit
2286 755 2584 812 Matthaeus
2613 759 3118 831 quinquagesimo
3151 766 3318 817 sexto
3354 761 3549 835 capite
3580 779 3593 816 :
3631 765 3689 818 et

2024 843 2086 899 in
2135 861 2206 900 eo
2234 845 2359 914 lege
2391 846 2663 917 ipsorum
2712 849 3162 920 expositionem.
3211 851 3430 908 Nidum
3483 855 3684 908 autem

2023 938 2194 988 vocat
2225 933 2524 1005 pullorum
2556 936 3017 994 multitudinem.

2095 1024 2233 1077 Vers
2283 1027 2369 1079 35.
2412 1025 2565 1080 Ecce
2607 1057 2673 1066 —
2704 1035 2912 1082 vestra.
2963 1028 3204 1084 Deserta
3255 1029 3542 1099 videlicet,
3573 1030 3686 1086 sic-

2023 1115 2090 1167 ut
2129 1112 2360 1168 addidit
2406 1115 2709 1170 Matthaaus
2740 1117 2759 1150 ⁷
2803 1135 2819 1187 ;
2874 1116 2975 1172 ubi
3041 1118 3221 1174 etiam
3289 1119 3403 1175 hoc
3454 1119 3684 1175 dictum

2024 1207 2455 1274 consequenter
2483 1205 2857 1262 declaratum
2887 1211 2996 1262 est.

2091 1291 2254 1346 Vers.
2308 1291 2398 1347 35.
2459 1293 2602 1349 Dico
2659 1324 2728 1336 —
2783 1296 3026 1352 Domini.
3093 1298 3417 1370 Quousque
3484 1295 3686 1354 veniat

2020 1383 2273 1452 tempus,
2322 1397 2461 1438 cum
2512 1383 2626 1440 hoc
2680 1384 2960 1441 dixeritis.
3021 1389 3238 1442 Horum
3287 1391 3492 1442 autem
3549 1402 3682 1443 om-

2019 1468 2184 1564 nium
2229 1470 2290 1526 in
2334 1487 2404 1528 eo
2453 1473 2587 1530 loco
2635 1479 3072 1547 consequenter
3134 1476 3676 1549 interpretationem

2016 1559 2304 1615 invenies.

2373 1652 2526 1707 CAP.
2558 1653 2671 1710 LII.
2704 1656 2788 1711 De
2818 1653 3160 1726 hydropico.

2084 1737 2224 1808 Cap.
2277 1741 2432 1799 XIV.
2484 1743 2650 1797 Vers.
2698 1743 2749 1809 l,
2793 1744 2872 1799 Et
2918 1744 3153 1814 factum
3201 1750 3288 1801 est
3317 1775 3381 1786 -—
3412 1759 3566 1801 eum.
3617 1748 3684 1802 Et

284 1831 578 1900 προφήτην
642 1826 796 1905 αύτόν
877 1827 1110 1880 ἐκάλεσεν
1182 1827 1252 1888 εἰς
1327 1828 1582 1894 ἑστίασιν,
1642 1828 1898 1900 ὑπόληψιν

2029 1826 2108 1881 ῑιὶο
2139 1827 2494 1896 Pharismus,
2528 1836 2806 1904 tanquam
2839 1834 3232 1905 prophetam,
3269 1834 3505 1889 vocavit
3534 1849 3680 1890 eum

283 1923 380 1967 τοῦ
463 1920 534 1988 μή
592 1915 892 1971 ϐασκαίνειν
956 1919 1268 1990 θηρώμενος.
1321 1917 1490 1970 Ἦσαν
1549 1921 1649 1993 γὰρ
1715 1923 1800 1970 καὶ
1855 1917 1902 1969 ἒν

282 2013 392 2066 τοῖς
441 2010 741 2079 Φαρισαίοις
792 2009 920 2066 τινες
986 2007 1040 2068 ἐξ
1094 2009 1338 2079 ἡμισείας
1392 2013 1626 2082 πονηροὶ,
1659 2012 1749 2060 καὶ
1806 2016 1902 2059 τῶν

284 2095 469 2147 ἄλλων
515 2092 907 2169 διαφορώτεροι.
957 2097 1139 2148 Εἵπετο
1188 2094 1246 2149 δε
1294 2099 1318 2148 6
1369 2101 1618 2171 Χριστός,
1668 2096 1901 2169 ἀφορμήν

283 2187 572 2237 κάνταῡθα
607 2185 848 2256 ὡφελείας
886 2193 976 2236 του
1021 2191 1307 2260 Φαρισαίου
1355 2193 1445 2239 καὶ
1492 2195 1592 2238 τῶν
1639 2189 1774 2238 κατὰ
1815 2190 1903 2238 τόν

285 2272 443 2328 οἶκον
492 2274 652 2326 αὐτοῦ
700 2277 1000 2346 ποιούμενος
1047 2280 1140 2334 τὴν
1197 2276 1469 2328 ἑστίασιν*
1516 2279 1564 2329 οἱ
1620 2273 1679 2328 δὲ
1734 2275 1902 2330 λοιποὶ

287 2372 582 2441 Φαρισαῖοι
617 2370 936 2439 παρετήρουν
974 2365 1150 2432 αὐτὸν,
1184 2365 1266 2418 ἐάν
1297 2387 1347 2418 τι
1390 2371 1588 2440 ποιήσῃ
1635 2369 1778 2440 παρά
1815 2370 1902 2419 τὸν

285 2460 454 2529 νόμον
485 2452 532 2505 ἐν
563 2461 633 2524 τῷ
661 2452 924 2526 Σαϐϐάτῳ.

371 2637 475 2685 Καὶ
517 2627 632 2684 ἰδοὺ
688 2663 750 2672 --
783 2631 964 2685 αὐτοῦ.
998 2636 1095 2684 Ἤν
1128 2634 1420 2705 ἱστάμενος,
1467 2637 1556 2685 καὶ
1586 2636 1656 2705 μή
1707 2632 1903 2706 τολμῶν

300 2723 395 2794 μεν
456 2722 686 2782 ζητῆσαι
744 2724 1030 2796 θεραπείαν,
1083 2718 1177 2774 διὰ
1205 2725 1262 2774 τό
1321 2721 1582 2774 Σάϐϐατον
1640 2727 1729 2774 καὶ
1787 2726 1903 2785 τοὺς

303 2815 656 2883 Φαρισαίους·
709 2815 1008 2882 φαινόμενος
1058 2807 1118 2862 δὲ
1163 2815 1336 2882 μόνον,
1399 2811 1481 2862 ἵνα
1539 2807 1663 2862 ἰδὼν
1721 2811 1908 2863 οἰκτει-

301 2906 443 2974 ρήση
494 2901 674 2951 τοῦτον
723 2898 804 2972 ἀφ’
863 2900 1069 2964 ἑαυτοῦ,
1117 2905 1206 2953 καὶ
1265 2899 1532 2973 ἀπαλλάξῃ
1590 2908 1681 2953 τοῦ
1734 2898 1905 2976 ὕδρω-

297 3008 420 3050 πος.

375 3083 474 3130 Καὶ
532 3108 594 3118 -
679 3083 1012 3151 Φαρισαίους.
1091 3078 1227 3132 Ἐκεῖ
1299 3084 1388 3132 καὶ
1465 3080 1654 3146 αύτούς
1719 3101 1902 3155 συγκε-

295 3167 602 3240 κλημένους.

371 3262 546 3329 Λέγων
601 3291 666 3299 -
737 3261 1044 3330 ἡσύχασαν.
1106 3265 1205 3312 Καὶ
1261 3259 1438 3314 ἄλλοτε
1493 3264 1594 3337 γὰρ
1664 3271 1895 3315 τοιοῦτον

293 3347 636 3420 ἐρωτηθέντες
702 3350 1177 3420 ἐπεστομίσθησαν.
1255 3347 1395 3402 Ούδὲ
1459 3353 1559 3426 γάρ
1636 3349 1894 3411 ἠδύναντο

290 3435 476 3506 λέγειν,
537 3438 616 3488 ὅτι
677 3436 928 3489 ἐκώλυσεν
995 3439 1019 3489 6
1071 3442 1224 3510 νόμος
1270 3437 1599 3512 ἀγαθοποιιῖν
1663 3441 1709 3494 ἐν
1769 3441 1895 3495 Σαε-

292 3523 459 3596 ϐάτῳ,

370 3617 472 3670 Καὶ
537 3645 605 3656 ——
661 3615 932 3670 ἀπέλυσεν.
991 3647 1060 3658 -
1113 3617 1525 3692 Ἐπιλαϐόμενος,
1598 3619 1711 3674 ἀντὶ
1779 3630 1888 3690 τοῦ,

294 3701 560 3776 ἁψάμενος
590 3705 769 3757 αὑτοῦ.

369 3799 470 3846 Καὶ
529 3793 825 3869 ἀποκριθεὶς
888 3827 956 3834 -
1032 3795 1334 3864 Σαϐϐάτου;
1401 3805 1565 3851 Τοῦτο
1616 3802 1717 3875 γὰρ
1782 3799 1890 3854 ἐπέ-

292 3901 471 3956 τρεπεν
507 3885 531 3934 6
557 3889 726 3955 νόμος.
770 3884 830 3935 Εἰ
874 3881 933 3937 δε
977 3888 1035 3936 τὸ
1080 3885 1264 3957 οἷλογον
1315 3888 1444 3948 ζῶον
1497 3889 1590 3941 ούκ
1637 3889 1888 3943 ἐκώλυσεν

294 3970 530 4043 ἀνασπᾷν
570 3971 624 4024 ἐκ
654 3980 745 4025 τοῦ
789 3969 1053 4034 κινδύνου,
1108 3975 1276 4046 πολλῷ
1306 3976 1494 4048 μᾶλλον
1550 3982 1605 4030 τό
1657 3978 1886 4050 λογικὸν,

295 4059 368 4115 δι’
400 4062 424 4114 ὃ
455 4067 538 4114 καὶ
591 4066 649 4114 τό
699 4063 902 4135 ἄλογον,
952 4063 1022 4116 Ὠ
1052 4064 1217 4138 βάθος
1277 4067 1496 4138 σοφίαςῐ
1533 4075 1646 4131 Πῶς
1702 4066 1887 4142 διαφό-

292 4171 394 4226 ρως
451 4151 496 4204 ἐν
547 4151 792 4224 Σαϐϐάτῳ
859 4155 1197 4227 θεραπεύσας,
1265 4151 1547 4230 διαφόρους
1604 4156 1890 4230 ἀπολογίας

293 4241 453 4292 αὐτοῦ
509 4246 808 4309 πεποίηται,
869 4248 958 4295 καὶ
1013 4245 1185 4306 πάσας
1237 4243 1676 4321 ἀναντιρῥήτους;
1728 4245 1890 4302 διδά-

293 4348 450 4396 σκων,
513 4332 589 4382 ὅτι
657 4330 755 4383 ἀπὸ
815 4340 911 4383 τῶν
972 4331 1230 4406 βιωτικῶν
1300 4337 1460 4409 ἔργων
1530 4335 1884 4404 σαϐϐατίζειν,

291 4422 410 4476 ἤτοι
441 4419 742 4490 σχολάζειν,
792 4419 1099 4475 ἓκελευσενό
1144 4428 1328 4496 νόμος’
1366 4425 1422 4476 ού
1472 4429 1575 4498 μήν
1634 4425 1735 4478 ἀπὸ
1791 4437 1887 4479 τῶν

290 4527 670 4580 πνευματικῶν.

364 4603 464 4651 Καὶ
505 4598 597 4651 οὐκ
630 4630 697 4640 -
740 4605 924 4654 ταῦτα.
987 4606 1211 4675 Φανερᾶς
1265 4606 1428 4665 οὔσης
1482 4611 1575 4666 τῆς
1624 4602 1884 4668 ἀληθείας.

294 4783 438 4830 ΚΕΦ.
497 4775 617 4835 Nl".
694 4782 819 4854 Περὶ
886 4786 977 4831 τοῦ
1039 4784 1110 4852 μή
1181 4780 1383 4853 ἀγαπᾷν
1449 4783 1542 4843 τὰς
1606 4783 1890 4852 πρωτοκλι-

1021 4872 1158 4931 σίας.

807 4954 1108 5029 ἆξελέγοντο.
1216 4959 1468 5031 Ἐπέχων,
1572 4959 1684 5012 ἀντὶ
1776 4969 1885 5028 τοῦ,

289 5048 614 5116 μεμφόμενος
668 5044 803 5116 (52),
849 5041 990 5098 διότι
1019 5049 1111 5110 τάς
1162 5053 1372 5120 πρώτας
1414 5048 1744 5110 κατακλίσεις
1793 5049 1890 5113 ἒξε-

289 5131 499 5202 λέγοντο
525 5149 538 5162 ⁸
580 5132 714 5206 ἑώρα
741 5137 838 5207 γὰρ
898 5135 1088 5198 αὐτοὺς
1132 5141 1247 5198 τοὺς
1286 5145 1438 5191 τοῦτο
1468 5145 1743 5202 ποιοῦντας
1800 5159 1890 5198 τη-

287 5241 530 5276 νικαυτα.

366 4951 542 5025 Ἔλεγε
635 4985 700 4994 -

361 5382 563 5440 Matth.
586 5399 742 5452 mu,
780 5387 868 5441 38.

2014 1915 2092 1998 ad
2136 1919 2494 1986 convivium,
2546 1921 2892 1992 opinionem
2939 1923 3138 1978 venari
3192 1923 3464 1993 cupiens,
3509 1923 3675 1995 quod

2011 2001 2127 2077 lpsi
2193 2023 2312 2063 non
2366 2008 2677 2065 invideret.
2744 2013 2921 2066 Erant
2998 2012 3158 2067 enim
3210 2011 3456 2083 quidam
3527 2012 3677 2068 inter

2011 2096 2345 2152 Pharisaaos
2402 2099 2717 2164 semimali,
2768 2104 2825 2155 et
2877 2100 2977 2172 qui
3037 2101 3261 2155 caeteris
3303 2105 3471 2156 erant
3523 2117 3673 2172 prae-

2013 2185 2349 2242 stantiores.
2413 2188 2662 2243 Secutus
2734 2193 2823 2244 est
2873 2195 3072 2245 autem
3124 2194 3180 2245 et
3235 2189 3330 2244 hic
3388 2188 3672 2255 Christus,

2012 2275 2389 2332 occasionem
2435 2277 2721 2342 utilitatis,
2779 2278 3079 2343 Pharisaei,
3129 2278 3349 2333 faciens
3393 2279 3453 2333 in
3501 2278 3676 2334 domo

2011 2364 2141 2434 ejus
2190 2365 2536 2435 prandium.
2592 2366 2798 2422 Crateri
2851 2382 2992 2422 vero
3051 2366 3460 2422 observabant
3510 2382 3668 2431 eum,

2014 2468 2092 2508 an
2122 2453 2340 2510 faceret
2363 2455 2678 2528 quippiam
2719 2456 2779 2510 in
2823 2455 3107 2521 Sabbato,
3130 2455 3295 2528 quod
3334 2458 3550 2527 praeter
3596 2454 3673 2510 le-

2013 2558 2149 2612 gem
2174 2547 2344 2598 esset.

2084 2630 2245 2685 Vers.
2277 2631 2328 2685 2.
2371 2631 2448 2686 Et
2493 2631 2925 2688 ecce—illum.
2985 2633 3120 2688 Erat
3167 2635 3356 2698 stans,
3404 2646 3516 2687 nec
3567 2647 3671 2689 au-

2014 2718 2163 2774 dens
2224 2724 2422 2788 petere
2479 2719 2848 2775 curationem
2914 2726 3154 2793 propter
3221 2719 3549 2777 Sabbatum
3617 2723 3674 2776 et

2014 2807 2340 2863 Pharisaeos
2371 2825 2384 2864 :
2420 2807 2614 2863 solum
2655 2813 2856 2864 autem
2892 2813 3158 2882 apparet,
3196 2815 3256 2864 ut
3292 2825 3428 2865 cum
3461 2808 3557 2865 ille
3591 2809 3672 2865 vi-

2013 2896 2214 2962 disset,
2267 2897 2640 2953 miseratione
2679 2903 3015 2954 moveretur
3039 2914 3182 2969 erga
3215 2899 3414 2972 ipsum
3456 2915 3526 2956 ac
3565 2900 3672 2974 hy-

2011 2986 2236 3060 dropisi
2275 2987 2568 3043 liberaret.

2083 3077 2252 3132 Vers.
2288 3078 2342 3132 3.
2375 3078 2451 3133 Et
2479 3109 2548 3117 —
2593 3076 2948 3134 Phariszos.
3001 3077 3108 3142 Qui
3149 3077 3328 3134 etiam
3367 3077 3445 3134 ibi
3486 3077 3666 3134 simul

1938 3178 1980 3236 α
2011 3177 2175 3223 erant
2209 3166 2457 3223 invitati.

2081 3256 2248 3311 Vers.
2271 3256 2328 3312 3.
2351 3287 2410 3295 -—
2429 3257 2638 3312 Dicens
2664 3286 2715 3295 -—
2741 3261 3072 3313 tacuerunt.
3098 3255 3285 3311 Etiam
3320 3255 3456 3312 alibi
3475 3255 3668 3312 simile

2007 3345 2153 3419 quid
2202 3345 2546 3416 interrogati
2607 3345 3079 3404 obmutuerunt:
3128 3361 3318 3418 neque
3371 3346 3533 3401 enim
3581 3345 3667 3400 di-

2005 3450 2136 3490 cere
2184 3439 2475 3506 poterant,
2519 3434 2685 3508 quod
2723 3434 3120 3506 prohibuisset
3174 3434 3268 3491 lex
3314 3434 3664 3492 benefacere

2001 3523 2063 3579 in
2095 3523 2380 3580 Sabbato.

2071 3614 2241 3668 Vers.
2291 3613 2349 3670 4.
2403 3611 2849 3668 Et—dimisit.
2895 3611 3321 3685 Apprehendit,
3376 3612 3496 3669 Hoc
3545 3617 3656 3679 est,

2001 3701 2191 3772 tetigit
2224 3717 2383 3758 eum.

2069 3792 2236 3846 Vers.
2282 3796 2332 3847 5.
2385 3791 2460 3846 Et
2497 3790 2845 3858 respondens
2877 3821 2939 3833 —-
2979 3789 3246 3847 Sabbati.
3313 3790 3429 3847 hoc
3475 3791 3639 3848 enim

1997 3879 2094 3936 lex
2138 3879 2534 3952 permittebat.
2584 3878 2813 3948 Quodsi
2855 3879 3194 3936 irrationale
3224 3879 3450 3935 animal
3495 3896 3527 3935 a
3561 3895 3661 3952 pe-

1999 3969 2185 4024 riculo
2216 3969 2442 4025 extrahi
2476 3984 2596 4024 non
2646 3968 3004 4040 prohibebat
3033 3968 3092 4023 in
3142 3967 3420 4035 Sabbato,
3472 3967 3660 4024 multo

1999 4058 2194 4127 magis
2211 4057 2517 4123 rationale,
2535 4057 2702 4128 cujus
2716 4056 3038 4112 commodo
3053 4056 3283 4112 vivebat
3299 4055 3656 4112 irrationale.

2000 4147 2043 4203 Ο
2060 4146 2416 4220 profundam
2436 4146 2792 4218 sapientiam
2818 4145 3156 4218 lquomodo
3184 4146 3362 4200 variis
3381 4145 3660 4218 tempori-

1998 4237 2112 4292 bus
2162 4236 2427 4292 Sabbato
2479 4235 2745 4291 tribuens
2798 4233 3102 4301 sanitates,
3158 4233 3405 4290 diversis
3461 4234 3539 4290 ad
3594 4233 3659 4290 id

1999 4341 2144 4380 usus
2198 4329 2286 4380 est
2349 4322 2861 4396 responsionibus,
2893 4323 3294 4396 omnibusque
3323 4322 3655 4379 insolubili-

1997 4413 2135 4483 bus,
2192 4412 2434 4477 docens,
2485 4412 2645 4484 quod
2673 4429 2708 4468 a
2735 4412 3142 4484 corporalibus
3172 4411 3455 4484 operibus
3485 4411 3656 4484 jube-

1921 4534 1965 4589 Β
1997 4501 2209 4558 batlex
2241 4502 2566 4575 quiescere,
2609 4515 2732 4557 non
2771 4517 2805 4556 a
2838 4500 3264 4572 spiritualibus.

2068 4592 2234 4646 Vers.
2288 4591 2346 4648 6.
2386 4593 2463 4647 Et
2493 4606 2612 4646 non
2653 4616 2706 4632 -
2746 4590 2884 4646 hac.
2941 4591 3091 4645 Cum
3142 4588 3460 4645 manifesta
3504 4592 3658 4645 esset

1997 4687 2236 4827 “ait:
2269 4770 2400 4825 LIII.
2429 4770 2514 4825 De
2540 4783 2660 4824 non
2691 4767 2969 4824 amandi:
3025 4766 3234 4836 primis
3278 4766 3652 4823 accubitibus.

2069 4947 2239 5002 Vers.
2273 4949 2327 5000 7.
2363 4944 2602 5002 Dicebat
2630 4973 2698 4984 —
2724 4943 3019 5014 eligerent.
3052 4942 3386 5010 Intendens,
3440 4942 3502 4998 id
3544 4947 3652 5006 est,

1999 5035 2328 5107 objurgans
2371 5038 2474 5091 aut
2511 5033 2853 5104 indignans,
2893 5030 3040 5105 quia
3077 5031 3304 5103 primos
3339 5031 3654 5089 accubitus

1999 5123 2295 5196 eligebant
2326 5139 2339 5180 :
2369 5127 2508 5180 tunc
2533 5121 2692 5180 enim
2719 5137 2820 5179 eos
2844 5121 2960 5179 hoc
2992 5120 3176 5177 facere
3215 5120 3475 5178 videbat.

1504 5511 1720 5582 Variae
1739 5513 2075 5583 lectiones
2118 5522 2184 5582 et
2214 5523 2411 5582 notae.

363 5679 478 5751 (5?)
507 5679 620 5753 Etsi
641 5679 846 5753 ἐπέχειν
866 5680 1025 5737 hanc
1052 5681 1356 5737 notionem
1389 5681 1612 5737 habere
1651 5686 1845 5753 potest
1871 5698 1884 5739 :

293 5755 494 5809 tamen
520 5751 617 5809 hic
639 5751 834 5809 aliena
872 5757 976 5819 est,
1015 5761 1257 5826 propter
1292 5753 1564 5810 additum
1596 5751 1721 5815 πῶς.
1781 5755 1894 5825 Igi-

1998 5687 2095 5738 tur
2150 5682 2210 5738 id
2258 5683 2436 5738 etiam
2485 5683 2842 5755 permutavit
2889 5698 3027 5740 cum
3084 5679 3245 5736 διότι.
3279 5683 3517 5754 Ἐπέχειν
3569 5686 3658 5738 est

2001 5755 2060 5810 h.
2090 5755 2131 5809 Ι.
2167 5769 2273 5826 pro
2302 5759 2604 5830 προσέχειν.
