4144 6314
586 317 721 377 1011

1900 304 2238 370 summu
2283 277 2616 363 ZIGABENI

3828 303 3949 363 {012

657 448 828 504 Vers.
872 445 926 502 7.
960 445 1172 504 Dicam
1219 443 1298 502 ad
1341 457 1451 500 eos.
1509 441 1592 498 Ad
1641 455 2132 518 unumquemque
2174 438 2235 496 il-

2427 432 2608 507 Λέγων
2637 439 2759 511 πρὸς
2789 433 2998 500 αὐτούς.
3029 437 3164 511 Πρὸς
3191 435 3407 490 ἕκαστον
3438 431 3637 492 αὐτῶν.

648 553 800 592 rum.

648 553 714 592 ru
788 576 800 588 .

583 537 642 594 lo
658 554 826 683 V33.
859 628 912 681 8.
947 627 1096 682 Cum
1127 655 1190 666 —-
1221 626 1388 680 Vers.
1441 627 1491 680 9.
1541 628 1755 680 tenere.
1807 623 2115 690 Admonet,
2164 635 2240 676 ne

586 733 648 772 se
702 714 1186 772 honoratioribus
1241 717 1601 785 praeponant,
1661 729 1850 785 neque
1902 717 2038 767 ante
2093 709 2240 767 alios

583 822 712 861 sese
764 804 1070 860 collocant.
1103 804 1208 859 Per
1239 802 1587 874 parabolam
1636 807 1838 857 autem
1883 799 2241 856 admonitio-

585 911 726 951 nem
773 898 1118 957 contexens,
1173 891 1402 964 absque
1451 891 1678 947 invidia
1733 906 1832 947 eos
1887 890 2236 959 redarguit;

583 1001 727 1040 nam
775 983 1126 1053 hujusmodi
1181 988 1317 1037 sunt
1364 980 1720 1054 parabolicaa
1775 979 2235 1036 admonitiones.

584 1077 690 1129 Per
720 1073 957 1144 nuptias
983 1088 1120 1128 vero
1165 1086 1345 1127 omne
1377 1070 1698 1141 prandium
1728 1085 2094 1141 omnemque
2121 1085 2238 1124 caa-

582 1180 724 1219 nam
787 1161 1182 1232 signiﬁcavit:
1231 1160 1465 1218 invitari
1514 1160 1669 1216 enim
1723 1159 1800 1216 ad
1845 1157 2084 1230 nuptias
2135 1157 2240 1212 ho-

582 1252 984 1309 noriﬁcentius
1022 1249 1343 1319 videbatur,
1392 1265 1579 1322 quam
1636 1249 1707 1305 ad
1741 1247 2083 1322 prandium,
2134 1251 2240 1303 aut

582 1357 818 1398 coenam
847 1341 1074 1398 vocari.

655 1433 826 1489 Vers.
889 1432 954 1486 10
1024 1430 1135 1485 Sed
1190 1460 1257 1470 —
1304 1436 1516 1486 tecum.
1587 1427 1800 1484 Dilatat
1874 1441 2235 1495 sermonem,

582 1522 901 1579 ostendens
932 1524 988 1577 et
1015 1518 1428 1576 confusionem
1475 1517 1553 1574 ab
1585 1517 1958 1589 impudentia
1987 1515 2148 1572 nasci
2177 1519 2234 1571 et

582 1613 836 1683 gloriam
877 1627 913 1667 a
941 1610 1294 1667 verecundia
1321 1626 1335 1676 ;
1363 1613 1419 1666 et
1445 1609 1720 1682 utrinque
1751 1607 1828 1664 ad
1875 1605 2237 1664 modestiam

580 1701 954 1758 adhortatur.
991 1699 1213 1756 Deinde
1248 1698 1422 1754 infert
1450 1697 1628 1754 etiam
1658 1696 2053 1754 universalem
2099 1711 2236 1752 seu-

580 1793 896 1847 tentiarum
926 1789 1336 1846 collectionem
1365 1787 1446 1846 ad
1475 1786 1993 1845 conﬁrmationem
2023 1785 2234 1841 adhor-
2267 1794 2306 1848 Β

584 1881 839 1949 tationis,
867 1880 1074 1936 dicens
1108 1897 1122 1934 :

651 1972 820 2026 Vers.
867 1970 955 2024 11.
999 1968 1195 2024 Omnis
1224 1967 1370 2023 enim
1402 1997 1466 2006 —
1495 1966 1814 2022 extolletur.
1839 1965 1936 2021 Ille
1988 1963 2232 2038 quidem

581 2059 910 2128 dejicietur,
941 2058 1036 2113 hic
1063 2061 1261 2112 autem
1295 2055 1600 2119 exolletur,
1634 2071 1753 2110 non
1796 2059 2026 2110 tantum
2074 2052 2236 2125 apud

579 2148 857 2204 homines
887 2151 1040 2202 recte
1059 2145 1418 2216 jndicantes,
1456 2160 1658 2200 verum
1692 2144 1870 2199 etiam
1899 2142 2088 2199 multo
2116 2158 2238 2199 ma-

581 2237 673 2308 gis
705 2236 866 2307 apud
899 2237 1106 2290 Deum.

652 2327 819 2381 Vers.
855 2327 940 2381 12.
994 2323 1220 2382 Dicebat
1249 2355 1318 2364 ———
1346 2324 1510 2378 Vers.
1571 2326 1651 2379 14.
1685 2324 2009 2392 justorum.
2067 2320 2232 2386 Vide,

580 2415 761 2472 totius
819 2413 1082 2471 utilitatis
1131 2418 1574 2482 argumentum.
1635 2411 1982 2468 Convivium
2058 2410 2232 2478 fecit;

580 2510 903 2577 postquam
934 2504 1092 2559 enim
1134 2502 1462 2567 admonuit,
1505 2519 1640 2575 qua:
1689 2502 1766 2557 ad
1811 2502 2080 2558 invitatos
2113 2516 2236 2556 ma-

582 2594 738 2650 xime
792 2592 1170 2664 pertinerent,
1212 2592 1498 2648 admonet
1552 2592 1732 2647 etiam
1781 2591 1946 2664 quod
1999 2589 2238 2662 expedit

582 2683 969 2739 convivatori.
1010 2686 1136 2738 Non
1166 2682 1315 2736 dixit
1344 2689 1543 2737 autem
1575 2697 1588 2734 :
1620 2680 1768 2737 Cum
1795 2680 2035 2752 nuptias
2085 2680 2235 2736 fece-

581 2772 682 2835 ris,
723 2771 829 2827 sed
863 2788 875 2827 :
911 2772 1056 2827 Cum
1094 2771 1415 2842 prandium
1462 2769 1672 2839 feceris
1729 2776 1835 2825 aut
1884 2784 2124 2825 caenam.
2175 2769 2236 2824 In

581 2861 803 2931 nuptiis
854 2860 1013 2916 enim
1050 2860 1456 2915 necessarium
1491 2863 1584 2914 est
1631 2858 1882 2926 amicos,
1914 2863 1969 2915 et
2001 2857 2232 2922 fratres,

581 2954 637 3005 et
659 2953 968 3017 cognatos,
997 2953 1051 3004 et
1081 2947 1308 3004 vicinos
1335 2947 1547 3003 divites
1570 2947 1820 3003 invitare
1839 2945 1916 3002 ad
1946 2946 2238 3002 honorem

581 3037 951 3108 nuptiarum.

654 3127 908 3192 Quidam
941 3131 1141 3182 tamen
1173 3141 1278 3197 per
1306 3125 1628 3199 prandium
1655 3129 1708 3180 et
1735 3140 1968 3181 omnem
1997 3123 2233 3196 nuptias
2265 3151 2306 3208 ρ

579 3215 828 3286 intelligi
879 3215 1104 3271 dicunt.
1154 3216 1255 3272 Est
1283 3220 1481 3272 autem
1509 3214 1763 3271 docendi
1800 3229 1926 3268 mos
1958 3229 2078 3269 non
2109 3218 2233 3269 tan-

582 3310 705 3386 tum
735 3305 900 3363 mala
928 3305 1266 3378 prohibere,
1288 3304 1394 3360 sed
1430 3304 1588 3360 utilia
1623 3319 1862 3377 quoque
1891 3301 2230 3360 consulere:

579 3394 699 3464 illa,
727 3410 800 3452 ne
823 3395 992 3466 ﬁant,
1022 3394 1150 3452 haec
1172 3410 1331 3462 vero,
1361 3400 1420 3450 ut
1441 3394 1610 3451 ﬁant.

651 3662 780 3715 Non
820 3666 1020 3715 autem
1045 3659 1104 3715 in
1137 3659 1560 3716 contumeliam
1588 3658 1882 3727 amicitiae,
1910 3658 2236 3718 fraternita-

583 3749 672 3813 tis,
707 3747 1100 3819 cognationis,
1133 3747 1506 3820 aliorumque
1537 3747 1823 3803 similium
1853 3748 1977 3804 haec
2021 3747 2231 3804 admo-

580 3837 726 3902 nuit,
783 3837 888 3893 sed
947 3841 1009 3894 ut
1068 3837 1228 3909 quod
1287 3836 1499 3892 melius
1553 3841 1638 3892 est
1678 3841 2121 3908 cognoscentes,
2172 3836 2232 3892 id

579 3941 998 3998 praeponamus
1029 3940 1042 3992 ;
1066 3929 1122 3981 et
1151 3940 1226 3980 ne
1250 3924 1679 3994 benignitatem
1699 3923 1792 3980 his
1813 3924 1916 3998 qui
1941 3940 2064 3981 non
2084 3924 2234 3980 indi-

580 4019 739 4085 gent,
769 4014 1183 4085 responsionis
1214 4014 1430 4070 intuitu
1458 4012 1808 4068 vendamus.

654 4105 840 4158 Deum
890 4103 1050 4158 enim
1082 4101 1305 4173 potius,
1355 4117 1538 4173 quam
1581 4101 1880 4157 hominem
1934 4116 2141 4157 curare
2172 4118 2231 4156 o-

579 4195 791 4263 portet,
845 4195 902 4245 et
943 4207 979 4245 a
1032 4191 1150 4244 Deo
1208 4189 1406 4260 potius
1453 4189 1902 4247 retributionem
1947 4205 2227 4261 quaerere,

577 4292 764 4350 quam
809 4278 886 4332 ab
909 4277 1274 4332 hominibus.
1308 4276 1652 4346 Congruum
1684 4277 1862 4333 etiam
1893 4283 1981 4333 est
2019 4281 2085 4332 ut
2115 4279 2232 4351 spi-

578 4365 805 4421 ritualis
825 4366 1174 4421 convivator
1194 4381 1490 4439 pauperes
1508 4370 1815 4434 convocet,
1841 4366 1945 4438 qui
1967 4367 2234 4423 videlicet

580 4455 826 4512 scientia
854 4455 1140 4526 indigent,
1195 4455 1422 4512 debiles
1462 4455 1926 4529 praecordiorum
1967 4457 2226 4513 dissolu-

578 4544 756 4609 tione,
787 4552 843 4601 et
867 4544 970 4617 qui
999 4545 1054 4600 in
1100 4546 1292 4602 activa
1329 4545 1450 4601 vita
1496 4545 1692 4601 claudi
1737 4551 1890 4614 sunt,
1939 4551 1997 4602 et
2032 4547 2136 4620 qui
2167 4548 2225 4602 in

577 4633 1062 4705 comtemplativa
1091 4635 1230 4689 caeci
1262 4655 1274 4693 :
1313 4650 1454 4690 nam
1481 4635 1585 4707 qui
1616 4631 1906 4692 tales'non
1935 4641 2090 4704 sunt,
2117 4637 2229 4693 hoc

575 4723 850 4779 convivio
872 4740 994 4780 non
1021 4724 1306 4794 indigent.

647 4814 689 4883 -ι-
734 4812 1037 4886 Siquidem
1069 4813 1170 4886 qui
1202 4814 1618 4886 pusillanimes
1660 4820 1818 4883 sunt,
1847 4820 2062 4872 vocant
2085 4817 2230 4872 ami-

577 4917 680 4957 cos
707 4907 765 4958 et
806 4902 1032 4969 fratres,
1063 4909 1351 4972 cognatos
1393 4919 1464 4960 ac
1495 4903 1717 4959 vicinos
1746 4903 1971 4969 divites,
2024 4909 2082 4960 ut
2115 4905 2227 4960 cito

577 4990 655 5046 ab
703 4991 790 5046 eis
843 4991 956 5047 sibi
1009 4992 1410 5062 rependatur:
1457 4993 1561 5064 qui
1623 5009 1764 5048 vero
1819 5009 2046 5063 magno
2089 4999 2229 5050 sunt

577 5079 804 5149 animo,
851 5079 1028 5152 longe
1075 5081 1385 5138 honestius
1427 5097 1498 5138 ac
1540 5081 2028 5138 honoriﬁcentius
2081 5098 2228 5155 ope-

2420 609 2584 666 Ὀταν
2625 646 2694 655 —
2750 617 3011 686 κατέχειν.
3064 620 3330 688 Παραινεί,
3382 617 3454 686 μὴ
3518 608 3802 684 ἐπιπηδᾷν
3853 620 3949 673 ταῖς

2349 710 2722 777 προτιμήσεσι,
2779 701 2918 776 μηδὲ
2982 705 3282 777 προτάττειν
3341 701 3554 764 ἑαυτοὺς
3617 711 3727 754 τῶν
3783 702 3946 756 ἄλλων.

2350 794 2446 846 Διὰ
2503 792 2805 868 παραϐολῆς
2860 789 2918 845 δὲ
2971 797 3063 850 τὴν
3121 796 3424 864 παραίνεσιν
3491 790 3811 863 ἐξυφαὶνων,
3881 791 3946 841 ἀν·

2351 883 2733 955 επαχθέστερον
2787 881 2954 933 αὐτῶν
3017 883 3362 933 καθάπτεται.
3411 887 3679 933 Τοιαῦται
3747 882 3848 955 γὰρ
3906 885 3946 932 αἱ

2348 969 2699 1044 παραϐολικαὶ
2771 973 3119 1042 παραινέσεις.
3177 973 3272 1022 Διὰ
3328 978 3428 1022 τῶν
3478 971 3675 1041 γάμων
3741 966 3801 1021 δὲ
3867 976 3947 1020 πᾶν

2348 1061 2564 1131 ἄριστον
2612 1065 2702 1112 καὶ
2743 1065 2840 1112 πᾶν
2896 1056 3100 1112 δεῖπνον
3151 1059 3373 1130 ἐνέφηνε.
3406 1062 3475 1111 Τό
3524 1058 3819 1111 καλεῖσθαι
3867 1062 3946 1130 γαρ

2348 1149 2420 1210 εἰς
2474 1150 2698 1222 γάμους,
2756 1154 3060 1221 τιμιώτερον
3126 1145 3297 1201 ἐδόκει
3363 1155 3462 1211 τῆς
3519 1147 3594 1211 εἰς
3653 1149 3876 1222 ἄριστον
3925 1151 3944 1204 ξ

2350 1234 2554 1292 δεῖπνον
2594 1238 2686 1297 κλή
2698 1256 2796 1291 σεω
2808 1257 2847 1300 ς.

2422 1431 2552 1484 Ἀλλ’
2608 1463 2672 1472 -
2731 1451 2838 1486 σοι.
2894 1433 3144 1487 Πλατύνει
3192 1437 3277 1486 τὸν
3325 1433 3497 1506 λόγον,
3563 1431 3829 1487 δεικνύων
3873 1438 3944 1485 καὶ

2346 1524 2438 1577 τὴν
2491 1519 2588 1572 ἀπὶ
2635 1529 2731 1582 τῆς
2778 1519 3059 1583 αὐθαδείας
3112 1523 3394 1594 αἰσχύνην,
3457 1529 3542 1577 καὶ
3585 1528 3688 1582 τὴν
3726 1523 3831 1575 ἀπὸ
3869 1532 3948 1582 τῆς

2346 1608 2608 1672 εὐλαϐείας
2659 1607 2836 1682 δόξαν,
2869 1617 2958 1664 καὶ
3015 1612 3324 1686 ἑκατέρωθεν
3373 1613 3442 1675 εἰς
3499 1615 3942 1687 μετριοφροσύνην

2345 1704 2780 1773 προτρεπόμενος.
2883 1697 3009 1754 Εἶτα
3109 1700 3333 1774 ἐπιφέρει
3420 1707 3509 1754 καὶ
3600 1702 3942 1773 γνωμολογίαν

2347 1788 2649 1855 καθολικὴν,
2704 1789 2775 1852 εἰς
2833 1788 3117 1863 βιδάίωσιν
3175 1800 3264 1853 τῆς
3315 1795 3701 1866 παραινέτεως,
3759 1790 3937 1863 λέγων’

2415 1966 2536 2020 Ὀτι
2605 1974 2704 2030 πᾶς
2755 1999 2813 2009 -
2869 1967 3230 2039 ὑψωθήσεται.
3289 1968 3348 2022 Ὀ
3399 1972 3490 2042 μὲν
3559 1971 3937 2026 ταπεινωθήσε-

2347 2075 2452 2125 ται,
2509 2057 2534 2108 ὀ
2604 2053 2664 2108 δὲ
2715 2055 3077 2128 ὑψωθήσεται,
3135 2057 3193 2109 οὐ
3249 2062 3402 2130 μόνον
3453 2062 3603 2133 παρὰ
3653 2066 3759 2118 τοῖς
3828 2056 3938 2129 ὀρθὰ

2347 2153 2624 2218 φρονοῦσιν
2681 2144 2989 2220 ἀνθρώποις,

2347 2241 2419 2304 τῷ
2447 2243 2582 2305 Θεῷ.

2416 2320 2591 2396 Ἔλεγε
2650 2357 2720 2364 -
2778 2320 3017 2380 δικαίων.
3088 2324 3226 2398 Ὀρα
3293 2330 3462 2388 πόσης
3520 2327 3643 2399 (53)
3723 2324 3930 2397 ὠφελείας

2347 2411 2592 2465 ὑπόθεσιν
2639 2413 2754 2485 (54)
2800 2418 2893 2472 τὴν
2956 2414 3189 2466 ἑστίασιν
3260 2413 3542 2473 ἐποιήσατο
3573 2433 3586 2444 ·
3642 2417 3926 2487 παραινέσας

2351 2505 2444 2576 γὰρ
2492 2505 2556 2554 τὰ
2613 2503 2787 2555 εἰκότα
2861 2511 2972 2566 τοῖς
3027 2503 3378 2575 κεκλημένοις,
3440 2513 3693 2574 παραινεί
3744 2508 3826 2554 καὶ
3867 2507 3923 2568 τῷ

3069 2145 3197 2199 ἀλλὰ
3259 2153 3349 2200 καὶ
3399 2151 3500 2221 πρὸ
3557 2151 3760 2202 τούτων
3815 2147 3933 2220 παρὰ

2346 2591 2638 2649 κεκληκότι.
2700 2592 2810 2644 Οὐκ
2877 2589 2985 2646 εἶπε
3029 2590 3087 2646 δὲ
3144 2595 3244 2660 ὅτι,
3293 2593 3451 2646 Ὀταν
3507 2602 3668 2666 ποιῇς
3729 2594 3916 2663 γάμους,

2347 2678 2475 2745 ἀλλ’,
2520 2679 2680 2733 Ὀταν
2711 2688 2868 2754 ποιῇς
2928 2683 3143 2756 ἄριστον
3197 2687 3227 2740 ἣ
3289 2679 3516 2737 δεῖπνον.
3589 2685 3669 2737 Ἐν
3716 2689 3811 2741 τοῖς
3843 2681 3918 2751 γεξ-

2321 2789 2464 2842 μοις
2505 2773 2628 2843 γὰρ,
2685 2769 2982 2843 ἀναγκαίως
3030 2771 3208 2844 φίλους
3258 2778 3347 2825 καὶ
3391 2769 3655 2846 ἀδελφοὺς
3682 2776 3765 2824 καὶ
3811 2789 3912 2838 συγ·

2329 2866 2510 2931 ,γενείς
2552 2864 2641 2912 καὶ
2697 2865 2932 2931 γείτονας
2974 2860 3252 2922 πλουσίους
3301 2861 3642 2928 συνεκάλουν,
3693 2860 3768 2913 ἐπὶ
3808 2864 3906 2929 τιμῇ

2351 2957 2448 3000 τῶν
2477 2951 2677 3020 γάμων.

2416 3128 2560 3187 Τινὲς
2615 3122 2692 3192 δὲ,
2745 3123 2839 3179 διὰ
2881 3135 2972 3180 τοῦ
3029 3126 3246 3197 ἀρίστου
3303 3133 3390 3182 καὶ
3423 3136 3516 3182 τοῦ
3566 3127 3774 3184 δείπνου.
3818 3124 3887 3172 καὶ

2345 3219 2462 3276 τοὺς
2507 3218 2710 3288 γάμους
2757 3219 2990 3270 νοεῖσθαι
3050 3217 3281 3288 λέγουσι.
3328 3223 3504 3288 Δοχὴν
3553 3216 3622 3273 δὲ
3659 3216 3775 3270 καλεῖ
3815 3214 3893 3266 τὴν

2344 3301 2642 3376 ὑποδοχὴν,
2698 3310 2791 3364 τὴν
2851 3305 3100 3377 εὐωχίαν,
3157 3311 3250 3365 τὴν
3320 3307 3574 3360 ἑστίασιν.
3645 3311 3810 3381 Τρόπος
3852 3295 3899 3352 δέ

2347 3390 2753 3462 διδασκαλικὸς,
2781 3400 2853 3468 μὴ
2903 3401 3055 3468 μόνον
3094 3396 3306 3449 κωλύειν
3336 3400 3401 3449 τὰ
3443 3397 3640 3470 φαῦλα,
3683 3395 3791 3448 ἀλλὰ
3832 3393 3903 3441 καὶ

2343 3485 2684 3537 ὑποτίθεσθαι
2727 3488 2793 3537 τὰ
2840 3487 3060 3560 χρηστά
3088 3502 3100 3516 ’
3162 3486 3288 3556 οἷον,
3320 3491 3402 3545 Μὴ
3431 3491 3568 3540 ποίει
3623 3482 3752 3553 τόδε,
3802 3479 3904 3533 ἀλλά

2343 3571 2489 3627 τόδε.

2416 3662 2525 3714 Οὐκ
2581 3661 2657 3714 ἐπ’
2717 3661 2902 3736 ἀτιμίᾳ
2934 3659 2992 3716 δὲ
3036 3663 3206 3736 φιλίας
3393 3669 3483 3717 καὶ
3517 3668 3806 3738 συγγενείας
3833 3662 3903 3711 καὶ

2343 3748 2711 3822 ἁδελφότητος,
2769 3757 2859 3804 καὶ
2929 3761 3028 3806 τῶν
3080 3762 3341 3819 τοιοῦτων,
3411 3761 3578 3806 ταῦτα
3635 3758 3902 3826 παρῄνεσεν,

2343 3838 2448 3892 ἀλλ’
2492 3841 2574 3891 ἵνα
2611 3844 2669 3892 τό
2726 3849 2956 3914 κρεῖττον
2999 3837 3206 3908 εἰδότες,
3259 3849 3410 3895 τοῦτο
3455 3852 3792 3917 προτιμῶμεν,
3831 3839 3902 3888 καὶ

2341 3935 2412 4003 μὴ
2481 3937 2590 3988 τοῖς
2651 3926 2909 3983 ἀνενδεέσι
2973 3934 3064 3994 τας
3127 3932 3506 4007 φιλοφροσύνας
3565 3929 3898 4005 ἁπεμπολῶμεν

2342 4018 2419 4072 ἐπ’
2453 4016 2859 4074 ἆνταποδόσεσι.

2411 4113 2524 4180 Χρὴ
2587 4112 2688 4183 γὰρ
2747 4113 2867 4162 Θεὸν
2927 4111 3218 4182 θεραπεύειν
3274 4109 3464 4182 μᾶλλον
3519 4115 3550 4170 ἣ
3620 4111 3898 4182 ἀνθρώπους,

2341 4203 2427 4248 καὶ
2481 4199 2626 4272 παρά
2696 4205 2828 4250 Θεοῦ
2896 4201 3062 4261 ζητεῖν
3111 4196 3464 4252 ἀνταπόδοσιν
3525 4201 3636 4272 (56)
3703 4202 3729 4256 ἦ
3780 4192 3899 4264 παρά

2341 4284 2638 4359 ἀνθρώπων.
2699 4291 2960 4358 Προσήκει
3018 4283 3076 4340 δὲ
3125 4292 3215 4340 καὶ
3275 4291 3359 4339 τόν
3412 4289 3744 4360 πνευματικὸν
3783 4282 3897 4334 ἐστι·

2340 4376 2505 4448 άτορα
2545 4374 2819 4446 συγκαλεῖν
2868 4378 2984 4437 τοὺς
3043 4374 3090 4427 ἐν
3149 4375 3343 4448 ἀπορίᾳ
3370 4382 3607 4445 γνώσεως
3660 4371 3893 4443 πτωχοὺς,

2339 4467 2577 4524 καὶτοὺς
2623 4462 2670 4514 ἐν
2728 4463 3017 4537 παραλύσει
3069 4473 3258 4539 φρενῶν
3315 4463 3627 4539 ἀναπήρους,
3665 4465 3743 4514 καὶ
3798 4459 3893 4512 τοὺς

2342 4549 2390 4602 ἐν
2429 4559 2489 4623 τῇ
2541 4559 2801 4623 πρακτικῇ
2853 4551 3080 4622 χωλοὺς,
3125 4557 3216 4605 καὶ
3263 4556 3383 4616 τούς
3434 4552 3482 4605 ὶν
3530 4561 3587 4625 τῇ
3634 4548 3886 4618 θεωρητικῇ

2340 4639 2591 4711 τυφλούς·
2635 4642 2683 4692 οἱ
2710 4645 2781 4710 μὴ
2829 4647 3056 4693 τοιοῦτοι
3106 4643 3206 4717 γὰρ
3248 4641 3344 4694 οὐκ
3391 4638 3653 4695 ἓπιδέονται
3697 4634 3874 4685 τούτου.

2409 4819 2450 4888 -ι-
2481 4819 2520 4887 -ι-
2564 4817 2705 4870 Ἐπεὶ
2760 4819 2808 4870 οἱ
2845 4818 2955 4890 (57)
2984 4822 3073 4890 μὲν
3120 4819 3457 4893 μικρόψυχοι
3483 4816 3686 4870 καλοῦσι
3736 4807 3895 4893 φίλους

2339 4912 2428 4957 καὶ
2476 4903 2746 4978 ἀδελφοὺς,
2779 4916 3038 4978 συγγενεῖς
3084 4913 3174 4961 καὶ
3221 4914 3457 4981 γείτονας
3500 4908 3775 4970 πλουσίους,
3819 4891 3901 4948 διὰ

2342 5000 2433 5052 τὴν
2474 4994 2520 5046 ἐν
2572 5003 2643 5066 τῷ
2699 4999 2932 5071 παρευθύ
2972 5000 3170 5069 χάριν*
3214 4999 3262 5050 οἱ
3310 4995 3368 5050 δὲ
3398 4996 3752 5070 μεγαλόψυχοι
3793 4982 3902 5039 πολὺ

2340 5084 2545 5137 κάλλιον
2592 5090 2680 5138 καὶ
2726 5081 3049 5162 ἐνδοξότερον
3099 5085 3442 5161 ἐργάζονται,
3491 5088 3518 5140 ὃ
3565 5080 3794 5148 ἔδειξενὸ
3841 5072 3904 5128 κύ

1810 5258 2034 5328 Variae
2057 5259 2386 5328 lectiones
2418 5271 2482 5329 et
2504 5273 2705 5329 notae.

579 5522 590 5534 _
647 5451 761 5534 (53)
808 5452 992 5534 [idque
1023 5453 1252 5534 videtur
1280 5453 1490 5534 legisse
1521 5455 1864 5512 Hentenius.
1896 5457 2044 5528 Ergo
2096 5457 2226 5528 ejus

575 5524 980 5581 interpretatio
1022 5524 1338 5581 claudicat.

673 5593 759 5655 54)
786 5593 1072 5655 Ὑπόθεσις.
1107 5599 1163 5650 Β.
1199 5597 1370 5652 Male.

673 5596 759 5665 54)
786 5596 1072 5655 Ὺπόθεσις.
1107 5599 1163 5650 Β.
1199 5597 1370 5652 Male.

648 5596 763 5738 E55)
790 5660 1057 5731 Παιδείας,
1079 5681 1188 5738 pro
1218 5667 1405 5742 φιλίας.
1437 5669 1500 5722 Α.

2411 5458 2524 5528 (56)
2552 5457 2776 5512 Μᾶλλον.

2408 5529 2524 5601 (57)
2567 5532 2683 5585 Hoc
2737 5529 3031 5587 scholium
3073 5536 3280 5587 neuter
3324 5547 3599 5588 meorum
3644 5520 3908 5601 agnoscit.

2342 5594 2639 5672 Leguntur
2658 5601 2875 5659 similia
2905 5603 3070 5676 apud
3089 5603 3603 5678 Theopbylactum
3633 5594 3826 5678 p.135.
3851 5594 3908 5648 Δ.
