4144 6314
368 335 506 393 1013

1398 305 1771 387 COMMENT.
1823 337 1888 393 IN
1935 340 2195 401 LUCAM.
2242 379 2303 389 -
2345 346 2502 405 exp.
2546 350 2693 410 XIV.

3612 351 3749 412 1014

360 480 474 536 ριος
507 460 597 516 διὰ
634 466 756 525 τοὺς
807 472 1086 527 ποιοῦντας
1123 473 1275 519 τοῦτο
1315 463 1380 525 εἰς
1424 456 1547 516 τοὺς
1597 448 1825 528 ἀσθενεῖς
1872 474 1950 521 καῖ

2076 483 2300 551 rantur,
2341 482 2505 554 quod
2536 479 2972 540 demonstravit
3014 470 3309 536 Dominus
3349 500 3456 557 per
3492 501 3594 541 eos
3632 484 3739 557 qui

360 548 546 613 ἐνδεεῖς
598 557 687 604 καὶ
739 550 1055 626 ἀναπήρους,
1111 556 1230 627 παρ’
1280 555 1347 606 ὧν
1409 551 1504 604 οὐκ
1549 549 1686 601 ἔστιν
1745 554 1964 612 ἀνταπό-

361 637 533 705 δόσις,
588 643 665 702 οἷς
722 642 747 692 ὁ
794 646 924 704 Θεὸς
962 642 1010 696 ἐν
1050 651 1120 713 τῷ
1178 644 1410 717 μελλοντι
1464 641 1614 696 αἰῶνι
1671 641 1964 702 ἀποδοῦναι

358 732 549 801 μισθόν
578 729 942 801 ἐπηγγείλατο.

496 826 639 872 ΚΕΦ.
672 821 793 874 NA’.
831 827 953 893 Περὶ
979 829 1075 873 τῶν
1102 823 1423 895 καλουμένων
1451 823 1497 876 ἐν
1528 832 1599 895 τῷ
1629 822 1834 899 δείπνῳ,

432 910 687 970 Ἀκούσας
751 907 811 962 δέ
863 930 943 973 τις
1008 941 1078 952 -
1134 912 1371 975 πολλούς,
1436 914 1725 986 Ἐξυφαίνει
1798 916 1964 992 πάρα-

362 996 516 1055 ϐολήν
574 997 946 1069 ἐμφαίνουσαν,
1008 1002 1086 1053 ὅτι
1142 999 1316 1064 οὐδεὶς
1361 1012 1458 1054 τῶν
1513 1009 1585 1075 μὴ
1653 1008 1963 1078 πειθομένων

362 1087 502 1157 αύτῲ
554 1086 846 1141 ἀπολαύσει
902 1098 995 1151 τῆς
1050 1089 1323 1162 βασιλείας
1367 1100 1459 1144 τοῦ
1511 1101 1664 1146 Θεοῦ.
1722 1100 1819 1147 Καὶ
1871 1098 1962 1147 οἰν-

369 1178 568 1249 θρωπον
618 1180 707 1246 μὲν
774 1183 1168 1253 προσηγόρευσε
1223 1183 1309 1231 τὸν
1372 1186 1499 1234 Θεὸν
1570 1188 1658 1235 καὶ
1734 1189 1958 1256 Πατέρα,

365 1268 434 1327 ὡς
496 1266 872 1338 φιλάνθρωπον
926 1265 1130 1321 δεῖπνον
1187 1266 1246 1322 δε
1303 1274 1464 1342 μέγαν
1516 1272 1651 1343 (58),
1693 1277 1785 1331 τὴν
1819 1273 1959 1326 ἀνέκ-

364 1373 593 1427 φραστον
640 1356 929 1408 ἀπόλαυσιν
977 1365 1066 1417 τῆς
1112 1356 1387 1429 βασιλείας
1443 1368 1535 1411 τοῦ
1585 1365 1731 1414 Θεοῦ.
1776 1360 1960 1415 Ἀδια-

359 1447 522 1515 φόρως
554 1440 613 1495 δε
652 1454 738 1496 νῦν
778 1442 985 1498 δεῖπνον
1033 1449 1225 1503 ταύτην
1438 1446 1593 1502 εἶπεν.
1640 1451 1718 1503 Ἐν
1744 1460 1815 1522 τῷ
1848 1472 1958 1504 πεν-

356 1540 599 1603 τηκοστῴ
638 1536 741 1605 γὰρ
791 1542 980 1607 πρῶτῳ
1020 1536 1278 1607 κεφαλαίῳ
1336 1546 1426 1589 τοῦ
1491 1542 1625 1591 κατά
1690 1544 1957 1595 Ματθαῖον

356 1622 570 1691 ἄριστον
656 1621 818 1679 αὐτὴν
886 1624 1172 1694 ὠνόμασεν.
1255 1625 1495 1678 Ἐκάλεσε
1572 1630 1631 1679 δε
1720 1628 1953 1697 πολλοὺς,

356 1712 538 1779 ἤγουν,
594 1709 682 1765 τὰς
735 1707 948 1763 δώδεκα
992 1712 1153 1784 φυλὰς
1212 1722 1304 1764 τοῦ
1358 1714 1589 1787 Ἰσραήλ.
1654 1717 1953 1794 Δύταιίγὰρ

2075 570 2186 626 hoc
2208 570 2429 627 faciunt
2458 588 2599 642 erga
2638 573 2907 629 inﬁrmos
2931 577 2987 629 et
3031 566 3365 639 indigentes
3400 590 3469 630 ac
3498 573 3735 630 mutilos

2073 676 2109 715 a
2132 660 2351 729 quibus
2382 678 2498 717 non
2536 666 2624 717 est
2653 663 2975 728 retributio,
3017 659 3238 736 quibus
3271 664 3421 719 Deus
3452 663 3506 718 in
3534 662 3729 719 futura

2073 748 2189 804 vita
2219 766 2278 805 se
2313 750 2593 805 daturum
2636 769 2769 808 esse
2803 754 3137 808 mercedem
3170 752 3457 823 pollicitus
3475 757 3585 808 est.

2355 840 2506 896 CAP.
2538 841 2671 896 LIV.
2700 842 2781 898 De
2812 844 3075 897 invitatis
3100 842 3170 897 ad
3201 858 3443 899 caenam.

2144 930 2301 983 Vers.
2336 935 2418 984 t5.
2452 931 2715 1001 Cumque
2744 933 2865 987 haec
2894 933 3139 987 audisset
3167 963 3235 973 —
3263 933 3430 986 Vers.
3465 935 3544 986 16.
3574 931 3728 987 mul-

2075 1022 2179 1073 tos.
2214 1019 2571 1076 Parabolam
2604 1022 2910 1086 subinfert,
2964 1027 3026 1077 ut
3056 1022 3352 1085 ostendat,
3395 1020 3560 1092 quod
3602 1020 3730 1075 nul-

2071 1107 2162 1163 lus
2214 1109 2315 1181 qui
2380 1110 2429 1164 ei
2498 1125 2619 1165 non
2696 1110 3007 1176 obedierit,
3054 1110 3278 1166 fruetur
3341 1125 3527 1179 regno
3603 1108 3726 1164 Dei.

2071 1198 2382 1254 Hominem
2415 1199 2615 1271 itaque
2677 1201 2913 1255 vocavit
2966 1204 3150 1257 Deum
3202 1204 3258 1255 et
3294 1200 3552 1264 Patrem,
3602 1204 3725 1254 tan-

2069 1303 2256 1359 quam
2305 1288 2643 1345 hnmanum
2695 1305 2764 1345 ac
2820 1290 3136 1346 hominum
3191 1294 3541 1346 amatorem.
3599 1290 3725 1345 Cos-

2068 1393 2210 1432 nam
2257 1394 2394 1433 vero
2444 1393 2748 1447 magnam,
2803 1378 3166 1434 ineffabilem
3216 1377 3383 1449 regni
3438 1376 3536 1433 Dei
3592 1376 3729 1432 frui-

2068 1467 2311 1532 tionem,
2358 1484 2541 1539 quam
2574 1467 2710 1523 ideo
2749 1484 2984 1523 coenam
3030 1468 3280 1533 vocavit,
3322 1466 3487 1539 quod
3542 1465 3726 1522 ﬂnem

2065 1557 2291 1612 nesciat
2348 1558 2451 1628 (ρ).
2512 1560 2659 1612 Nam
2728 1557 3237 1629 quinquagestmo
3304 1556 3499 1628 primo
3562 1554 3727 1625 juxta

2066 1645 2405 1700 Mattheeum
2432 1647 2622 1717 capite
2656 1646 2975 1717 prandium
3011 1646 3336 1717 appellavit
3362 1646 3406 1700 ⁸.
3446 1645 3521 1699 Ει
3564 1660 3724 1701 voca-

2067 1734 2149 1790 vit
2172 1736 2406 1802 multos,
2436 1741 2579 1806 puta
2606 1735 2921 1790 duodecim
2941 1734 3128 1789 tribus
3145 1734 3328 1790 Israel
3357 1750 3370 1801 ;
3394 1734 3537 1806 ipsas
3561 1732 3723 1789 enim

355 1802 455 1870 πρὸ
495 1800 697 1850 πάντων
746 1807 847 1850 τῶν
877 1800 1031 1853 ἐθνῶν
1067 1797 1201 1859 ἦσαν
1232 1802 1538 1874 κεκλημέναι
1563 1806 1633 1865 ὡς
1654 1805 1772 1867 λαός
1811 1806 1950 1870 ἐξαί-

2076 1832 2202 1879 ante
2236 1797 2453 1879 omnes
2486 1829 2689 1893 gentes
2733 1830 2957 1880 vocatas
2995 1828 3182 1889 erant,
3212 1797 3434 1896 utpote.
3464 1822 3723 1895 populus

354 1906 494 1960 ρετος
520 1896 610 1939 τοῦ
634 1897 786 1942 Θεοῦ.

424 1979 466 2047 -ι-
526 1978 567 2047 1.
610 1976 667 2029 Ὀ
719 1986 818 2029 τῶν
872 1977 999 2029 ὅλων
1059 1978 1170 2051 (60)
1240 1985 1567 2054 Δημιουργός
1617 1988 1708 2035 καὶ
1775 1989 1954 2059 Πατὴρ

355 2068 483 2124 Θεὸς
538 2061 742 2117 δεῖπνον
809 2072 943 2138 μέγα
1004 2067 1235 2134 ἐποίησε,
1291 2075 1577 2140 τουτέστιν,
1620 2072 1953 2143 εύαγγελικὴν

354 2151 672 2224 οἰκονομίαν,
732 2156 813 2206 ἵνα
882 2158 1066 2217 πάντες
1134 2161 1260 2229 πρὸς
1341 2159 1499 2217 αὐτὴν
1573 2164 1950 2235 συνέρχωνται.

357 2248 563 2293 Δεῖπνον
623 2239 682 2294 δὲ
712 2243 874 2309 καλεῖ,
911 2245 1003 2295 ούκ
1047 2248 1283 2320 ἄριστον,
1322 2249 1398 2299 ὅτι
1445 2246 1492 2299 ἐν
1535 2246 1785 2320 ἐσχάτοις
1840 2271 1949 2303 και-

352 2338 460 2403 ροῖς
512 2336 599 2383 καὶ
674 2330 778 2384 οἷον
827 2332 909 2385 ἐπὶ
963 2331 1191 2407 δυσμαῖς
1250 2344 1342 2388 τοῦ
1393 2337 1589 2399 αἰῶνος.
1644 2338 1952 2411 Ἠτοίμασεν

353 2416 441 2471 οὖν
483 2420 869 2493 ἁμαρτημάτων
901 2421 1167 2489 ἀπόθεσιν,
1201 2428 1499 2496 Πνεύματος
1529 2428 1681 2499 ἁγίου
1730 2429 1952 2501 μέθεξιν²

349 2510 613 2572 υἱοθεσίας
667 2508 846 2577 δόξαν,
894 2512 1167 2565 Βασιλείαν
1217 2514 1444 2587 ούρανῶν
1496 2520 1585 2568 καὶ
1638 2521 1953 2588 προφητείας

354 2598 578 2670 Εύαγγε)
589 2604 696 2655 ίων.

423 2893 522 2939 Καὶ
554 2919 619 2926 -
656 2889 839 2939 πάντα.
866 2887 1051 2940 Δοῦλον
1106 2896 1196 2940 τοῦ
1254 2892 1457 2961 Πατρός
1494 2888 1675 2941 ἑαυτὸν
1708 2888 1858 2961 λέγει,
1889 2893 1953 2953 ὡς

349 2980 551 3046 μορφὴν
586 2974 774 3027 δούλου
818 2976 1056 3042 λαϐόντα,
1090 2978 1139 3037 ὅς
1183 2976 1447 3037 ἀπεστάλη
1481 2981 1615 3029 κατὰ
1661 2983 1719 3030 τὸ
1758 2978 1951 3054 ἀνθρώ-

352 3083 494 3115 πινον
520 3065 589 3125 εἰς
614 3068 732 3124 τούς
750 3062 1012 3118 Ἰουδαίου
1025 3087 1064 3130 ς,
1088 3066 1254 3117 καλῶν
1280 3066 1473 3130 αύτούς
1500 3068 1571 3129 εἰς
1588 3072 1680 3126 τὴν
1701 3068 1951 3143 ῥηθεῖσαν

351 3151 660 3221 ἀπόλαυσιν,
696 3150 788 3205 διὰ
813 3162 902 3206 τοῦ
934 3154 1272 3226 Εύαγγελίου.

426 3249 523 3296 Καὶ
554 3275 621 3283 -
650 3248 849 3303 πάντες.
886 3244 1013 3296 Ἀπὸ
1046 3250 1171 3316 μιᾶς
1199 3248 1483 3311 συνθήκης,
1508 3252 1795 3313 τουτέστιν,
1818 3250 1949 3321 οἶμα,

347 3343 547 3395 κοινῶς.

417 3422 475 3473 Ὀ
554 3431 753 3495 πρῶτος
810 3453 878 3461 -
950 3421 1128 3477 ἐλθεῖν,
1192 3426 1259 3477 Αἱ
1340 3421 1584 3497 διάφοροι
1666 3430 1950 3498 προφάσεις

346 3506 496 3561 οὐδὲν
538 3510 704 3584 ἕτερον
754 3512 1147 3582 ύποφαίνουσιν,
1178 3517 1206 3571 ἦ
1247 3516 1313 3564 τὰ
1362 3510 1590 3588 διάφορα
1646 3518 1809 3578 πάθη,
1874 3514 1948 3568 δι’

345 3596 380 3647 ἆ
435 3607 522 3657 τῆς
588 3599 861 3672 εἰρημένης
946 3599 1280 3664 ἀπολαύσεως
1330 3601 1703 3676 ἐστερήθησαν·
1765 3606 1790 3656 ὀ
1856 3609 1945 3676 μὲν

340 3688 442 3756 γὰρ
491 3684 625 3757 τῷδε
673 3693 1069 3761 κεκρατημένος,
1116 3692 1285 3763 ἕτερος
1342 3689 1401 3743 δὲ
1444 3690 1601 3762 τῷδε,
1662 3698 1747 3744 καὶ
1793 3694 1943 3757 ἄλλος

338 3772 494 3845 τῷδε,
549 3782 831 3850 παρῶσατο
883 3780 998 3848 (61)
1044 3782 1101 3830 τὸ
1141 3779 1470 3851 Εύαγγέλιον,
1516 3778 1588 3833 δι’
1647 3783 1706 3833 οὗ
1762 3791 1942 3855 τυχεῖν

336 3868 533 3926 ταύτης
580 3864 715 3932 ἐξῆν,
772 3869 842 3928 ὡς
880 3866 1107 3919 ἐναντίον
1163 3877 1278 3931 ταῖς
1336 3874 1701 3945 προαιρέσεσιν
1754 3871 1939 3929 αύτῶν,

335 3957 404 4005 Τὸ
462 3950 519 4005 δὲ
570 3954 740 4028 ἐρωτῶ
788 3975 863 4023 σε,
914 3964 1001 4007 νῦν
1042 3955 1155 4008 ἀντὶ
1198 3965 1311 4020 τοῦ,
1344 3959 1626 4031 παρακαλῶ
1669 3979 1745 4025 σε,
1783 3963 1945 4014 τέθει-

336 4062 423 4093 ται
466 4045 602 4113 (6'2),
654 4046 827 4105 καθὼς
853 4050 942 4096 καὶ
995 4044 1042 4096 ἐν
1094 4043 1365 4120 διαφόροις
1407 4053 1579 4109 τόποις
1632 4046 1943 4125 παραδεδώ-

339 4150 523 4203 καμεν.

412 4307 574 4379 [Τινὲς
612 4308 723 4375 (63)
776 4304 834 4361 δὲ
880 4307 1037 4383 ἀγρὸν
1086 4312 1175 4382 μεν
1227 4310 1439 4383 λέγουσι
1486 4317 1579 4371 τὴν
1630 4312 1940 4387 φιλοκτημοο

344 4400 522 4454 σύνην·
586 4398 742 4468 ζεύγη
808 4395 868 4450 δὲ
926 4397 1083 4468 βοῶν,
1138 4404 1230 4457 τὴν
1295 4406 1597 4473 σωματικὴν
1655 4402 1937 4475 φιλεργίανο

338 4494 564 4558 γυναῖκα
602 4484 678 4557 δι,
713 4492 803 4546 τὴν
834 4484 1186 4562 φιληδονίαι]

416 4667 516 4716 Καὶ
567 4694 627 4704 -—
679 4672 864 4719 ταῦτα.
924 4672 1089 4719 Τοῦτο
1154 4664 1307 4733 εἶπεν,
1361 4672 1465 4741 ούχ
1518 4672 1585 4731 ὡς
1635 4667 1940 4741 ἀγνοοῦντος

414 4844 435 4876 ο
464 4844 662 4899 Matth.
704 4860 843 4914 xvn,
878 4849 925 4901 4.

2068 1929 2103 1970 a
2128 1914 2256 1970 Deo
2303 1914 2544 1970 electus.

2135 2003 2203 2071 +
2248 2003 2663 2058 Universorum
2693 2004 2930 2058 Creator
2959 2006 3016 2058 et
3054 2002 3223 2059 Pater
3252 2003 3408 2058 Deus
3438 2017 3722 2073 magnam

2064 2089 2199 2145 fecit
2236 2106 2492 2155 comam,
2520 2090 2634 2144 hoc
2657 2096 2743 2145 est
2763 2091 3268 2162 dispensationem
3297 2091 3722 2163 evangelicam,

2062 2178 2140 2233 ad
2191 2193 2375 2251 quam
2419 2195 2625 2234 omnes
2670 2179 3073 2235 convenirent.
3109 2182 3351 2235 Coenam
3392 2186 3590 2235 autem
3624 2197 3724 2235 vo-

2063 2272 2175 2333 cat,
2210 2283 2327 2323 non
2356 2267 2700 2340 prandium,
2729 2268 2872 2339 quia
2909 2270 2969 2324 in
3009 2269 3322 2340 postremis
3353 2268 3725 2339 temporibus

2062 2361 2119 2412 et
2148 2356 2222 2412 ad
2268 2372 2580 2427 vesperam
2616 2356 2828 2411 saeculi.
2882 2359 3113 2413 Paravit
3149 2374 3289 2427 ergo
3342 2364 3723 2429 peccatorum

2061 2446 2518 2517 depositionem,
2603 2446 2850 2516 Spiritus
2917 2447 3101 2502 sancti
3185 2446 3716 2518 participationem,

2062 2534 2401 2603 adoptionis
2432 2533 2831 2603 splendorem,
2876 2550 3127 2605 regnum
3175 2534 3460 2591 caelorum
3502 2551 3571 2591 ac
3624 2551 3698 2591 va

2061 2622 2262 2679 ticinia
2292 2622 2777 2691 Evangeliorum.

2134 2713 2295 2766 Vers.
2356 2712 2439 2765 t7.
2485 2711 2563 2766 Et
2606 2743 2674 2752 -—
2721 2712 2941 2769 omnia.
2991 2714 3236 2769 Servum
3270 2713 3452 2770 Patris
3491 2712 3631 2770 dicit
3659 2729 3721 2769 se

2062 2802 2283 2874 ipsum,
2339 2818 2410 2858 eo
2460 2802 2621 2874 quod
2670 2805 2823 2857 servi
2880 2802 3137 2859 formam
3192 2804 3482 2876 acceperit
3530 2823 3544 2873 ;
3599 2819 3722 2861 non

2061 2896 2259 2949 tamen
2293 2891 2637 2965 simpliciter
2689 2908 2945 2959 servum,
2987 2893 3090 2948 sed
3114 2910 3248 2949 cum
3292 2893 3563 2960 articulo,
3606 2909 3720 2950 ser-

2061 2998 2205 3038 vum
2236 2981 2423 3047 illum,
2468 2982 2571 3054 qui
2634 2983 2965 3038 secundum
3014 2983 3450 3040 humanitatem
3505 2983 3583 3040 ad
3625 2984 3723 3040 Ju-

2063 3074 2226 3130 daeos
2258 3074 2635 3139 missus‘est,
2696 3078 2754 3130 ut
2810 3089 2911 3129 eos
2960 3072 3033 3129 ad
3088 3075 3436 3146 praedictam
3494 3074 3718 3130 fruitio-

1979 3185 2022 3243 ρ
2062 3179 2198 3219 nem
2246 3167 2479 3220 vocaret
2525 3179 2631 3233 per
2673 3162 3077 3233 Evangelium.

2131 3254 2290 3308 Vers.
2361 3254 2443 3308 18.
2504 3252 2581 3307 Ει
2638 3283 2706 3292 --
2759 3267 2976 3308 omnes.
3039 3251 3170 3308 Ἀπὸ
3228 3259 3371 3326 μιᾶς,
3433 3252 3509 3307 ab
3576 3267 3720 3327 una,

2058 3345 2224 3413 puta,
2259 3340 2532 3413 pactione
2572 3340 2661 3395 vel
2696 3339 2913 3395 foedere
2960 3356 2973 3394 :
3026 3341 3139 3397 hoc
3194 3347 3304 3409 est,
3333 3342 3392 3396 in
3442 3357 3626 3397 unum
3656 3346 3714 3396 et

2058 3430 2456 3487 communiter
2484 3428 2621 3498 (nos
2662 3427 2844 3484 simul
2875 3429 3208 3500 vertimus).

2127 3520 2289 3573 Vers.
2325 3520 2411 3575 18.
2474 3518 2712 3574 Primus
2763 3546 2835 3559 —
2866 3518 3028 3571 Vers.
3074 3519 3159 3572 20.
3200 3520 3415 3575 venire.
3455 3519 3712 3575 Diversae

2056 3606 2472 3663 excusationes
2513 3606 2657 3661 nihil
2714 3605 2877 3661 aliud
2928 3606 3213 3670 indicant,
3256 3623 3442 3679 quam
3512 3606 3709 3663 varios

2055 3698 2240 3752 animi
2273 3696 2515 3751 morbos
2551 3701 2606 3751 et
2638 3693 3005 3762 aﬂectiones,
3054 3701 3297 3768 propter
3352 3712 3505 3768 quas
3561 3696 3718 3753 dicta

2053 3785 2329 3842 fruitione
2367 3785 2580 3857 privati
2635 3789 2803 3848 sunt;
2842 3800 2983 3840 nam
3012 3784 3109 3840 hic
3161 3786 3404 3857 quidem
3456 3786 3568 3841 ista
3620 3785 3717 3840 de-

2054 3880 2269 3940 tentus,
2313 3874 2459 3930 alter
2510 3879 2709 3930 autem
2758 3873 2877 3941 illa,
2919 3875 3125 3930 tertius
3168 3890 3308 3929 vero
3359 3874 3495 3939 alia,
3538 3878 3721 3930 Evan.

2052 3964 2269 4034 gelium
2332 3962 2674 4035 repulerunt
2723 3963 2825 4033 (q),
2858 3979 2964 4035 per
3000 3963 3162 4034 quod
3203 3963 3359 4019 hanc
3409 3962 3718 4035 Oportebat

2053 4052 2290 4124 assequi
2325 4053 2683 4121 fruitionem,
2738 4056 3026 4123 tanquam
3058 4052 3374 4124 propositis
3404 4056 3460 4108 et
3489 4051 3719 4108 electio-

2053 4142 2230 4198 nibus
2270 4142 2394 4196 suis
2458 4142 2841 4196 contrarium.
2879 4143 2943 4196 El
2972 4140 3068 4196 hic
3098 4139 3289 4213 ἐρωτῶ,
3325 4156 3442 4197 oon
3472 4140 3717 4199 interro-

2053 4247 2127 4302 go
2156 4230 2474 4299 signiﬁcat,
2512 4229 2614 4284 sed
2645 4231 2902 4285 obsecro.

2126 4321 2213 4389 -Η-
2242 4316 2519 4373 Nonnulli
2545 4334 2683 4374 vero
2709 4333 2921 4387 agrum
2950 4318 3186 4389 quidem
3207 4317 3431 4384 dicunt,
3449 4318 3715 4375 studium

2058 4407 2553 4479 possessionum;
2591 4410 2741 4478 juga
2789 4405 2969 4461 boum
3034 4410 3253 4471 autem,
3306 4406 3713 4463 strenuitatem

1968 4516 2014 4571 ι)
2058 4496 2429 4565 corporalem
2475 4512 2487 4562 ;
2531 4495 2839 4551 mulierem
2904 4510 3064 4560 vero,
3123 4495 3584 4567 propensionem
3636 4495 3713 4551 ad

2053 4583 2409 4656 voluptates,

2127 4674 2281 4728 Vers.
2319 4673 2407 4728 2t.
2438 4673 2517 4728 Et
2567 4703 2636 4712 —
2685 4672 2825 4729 hac.
2864 4670 3003 4729 Haac
3045 4669 3208 4735 dixit,
3250 4686 3371 4728 non
3414 4670 3566 4743 quod
3610 4688 3713 4744 pa-

1590 4989 1812 5058 Variaa
1852 4990 2179 5059 lectiones
2211 5001 2275 5058 et
2305 4999 2509 5059 notae.

413 5180 524 5253 (58)
552 5182 632 5236 lta
671 5181 859 5237 codex
891 5187 935 5237 A
974 5184 1152 5240 etiam
1182 5185 1239 5239 in
1264 5190 1445 5241 textu.

412 5257 519 5321 (59)
550 5259 653 5310 Τὴν
680 5252 987 5308 ἀπόλαυσιν.

412 5326 523 5397 (69)
551 5326 808 5397 Neciboc
822 5326 935 5381 mei
953 5326 1188 5382 codices
1213 5332 1567 5397 agnoscunt.
1590 5327 1814 5385 Similia
1834 5327 1940 5385 ha-

335 5396 439 5451 bet
467 5396 779 5468 Theophil.
818 5413 876 5469 p.
902 5398 1025 5453 436.
1058 5398 1125 5451 A.

409 5537 494 5607 (ρ)
529 5537 712 5604 Quam
738 5539 1301 5595 —nesI-iat.Redde:
1334 5539 1938 5598 Sinediscrimineau-

337 5617 448 5665 tem
467 5625 684 5665 canam
698 5625 826 5665 eam
840 5626 1000 5665 nunc
1017 5614 1515 5680 appellavit.Nam
1530 5620 1589 5667 ut
1604 5629 1733 5667 mox
1748 5612 1934 5669 docet.

336 5680 478 5737 alibi
495 5682 743 5757 vocabit
773 5682 1096 5757 prandium
1148 5684 1301 5753 Ergo
1316 5681 1641 5757 ᾉᾶδιαφόρως
1671 5700 1821 5757 usus
1854 5690 1941 5757 est

334 5751 632 5809 vocabulo
662 5748 873 5804 δείπνου
928 5758 984 5809 et
1030 5748 1268 5831 ἀρίστοῦ.
1300 5748 1492 5821 Forte;
1538 5748 1682 5829 'quia
1722 5754 1936 5825 reddit,

2120 5186 2233 5259 (61)
2258 5192 2596 5259 Παρῶσαντο.
2630 5189 2696 5243 Β.

2118 5258 2231 5332 (62)
2263 5258 2555 5331 lnterpres
2587 5260 2683 5315 hic
2710 5258 2987 5332 quasdam
3025 5258 3244 5315 omisit.

2046 5330 2234 5458 ΜιξΒὲ
2294 5330 2435 5386 Haec
2480 5330 2747 5404 uterque'
2772 5331 2831 5387 in
2890 5333 3180 5404 margine.
3230 5330 3548 5390 Hentenius
3586 5345 3708 5389 non

2173 5418 2203 5456 e
2235 5443 2247 5456 .

2046 5543 2202 5618 quod
2221 5545 2398 5611 ﬁnem
2444 5544 2688 5618 nesciat.
2711 5543 2948 5618 invenit
2978 5541 3314 5618 ἀδιάφθορον.

2121 5616 2200 5685 (q)
2236 5618 2622 5685 Repulerunt.
2672 5616 2859 5689 Magis
2884 5615 3266 5689 perspicuum
3301 5616 3426 5683 erit,
3460 5615 3506 5670 si
3538 5629 3709 5684 repu-

2050 5686 2249 5741 lerunt
2281 5692 2536 5759 ponatur
2565 5693 2696 5761 post
2718 5686 3092 5759 fruiti—onem.
