4144 6314
544 317 682 376 {Otii

1883 308 2229 376 EUTHYMII
2267 303 2598 380 ZIGABENI

3805 326 3989 384 1016

543 449 630 504 ter
675 445 1110 504 recusationem
1163 445 1402 504 illorum
1458 445 1778 518 ignoraret,
1814 447 1919 503 sed
1952 449 2199 520 propter

2333 455 2410 501 τοῦ
2469 455 2672 526 Πατρός
2727 455 2820 512 τὴν
2892 457 3213 530 παραίτησιν
3265 453 3453 524 αὐτῶν,
3505 453 3635 508 ἀλλά
3688 450 3795 508 διὰ
3861 458 3981 513 τὴν

543 537 841 609 parabolas
871 537 1362 609 consequentiam
1391 555 1404 593 :
1441 537 1622 594 moris
1658 538 1818 594 enim
1857 538 1927 593 iis
1957 543 2064 602 est,
2097 535 2204 610 qui

545 628 621 684 ad
654 625 989 683 vocandum
1043 626 1277 700 aliquos
1336 628 1541 684 emissi
1589 633 1742 694 sunt,
1779 627 1989 684 reverti
2022 643 2093 684 ac
2121 643 2208 683 re-

546 718 820 774 nuntiare
846 715 920 771 de
940 715 1072 770 illis.

619 809 790 867 Vers.
823 813 917 870 2i.
957 811 1114 866 Tunc
1145 840 1213 848 —
1241 808 1370 863 huc.
1400 806 1510 873 Qui
1539 811 1983 877 recusaverunt,
2021 809 2208 862 erant—

547 899 858 969 pontiﬁces
885 907 938 957 et
962 899 1180 957 Scribae
1213 914 1280 952 ac
1321 896 1613 962 Pharisaei,
1661 900 1719 952 et
1757 897 1983 968 quique
2025 896 2215 952 hono-

549 989 797 1044 ratiores
836 990 1044 1063 populi
1083 987 1184 1043 :hi
1213 1003 1376 1051 vero,
1415 985 1520 1058 qui
1567 986 1700 1042 loco
1743 985 1981 1041 illorum
2035 985 2216 1040 intro-

547 1078 709 1134 ducti
740 1085 1258 1145 sunt,communes
1284 1081 1341 1134 et
1361 1076 1574 1148 abjecti
1607 1092 1676 1132 ac
1706 1075 1921 1148 plebeii
1948 1097 1959 1141 ;
1994 1076 2097 1148 qui
2120 1076 2217 1146 ju-

547 1167 825 1224 dicantur
871 1185 906 1224 a
945 1167 1240 1240 prioribus
1284 1182 1583 1240 pauperes
1613 1181 1682 1220 ac
1715 1165 1967 1232 debiles,
2013 1165 2213 1221 claudi

551 1263 607 1314 et
650 1259 810 1323 caeci,
856 1263 1060 1330 utpote
1098 1256 1484 1329 incompositi
1515 1260 1572 1311 et
1603 1255 1844 1326 indocti,
1879 1255 1982 1328 qui
2017 1254 2214 1327 potius

551 1347 781 1404 Christo
831 1347 1068 1403 docenti
1107 1346 1482 1402 obedierunt.
1523 1344 1626 1400 Vel
1679 1344 1858 1400 etiam
1897 1343 1970 1401 de
2002 1345 2069 1399 iis
2109 1343 2213 1416 qui

551 1436 932 1492 sensibilibus
952 1435 1302 1507 hujusmodi
1325 1434 1743 1491 affectionibus
1766 1439 1937 1490 erant
1965 1433 2211 1490 obnoxii

551 1525 810 1595 intellige
839 1543 852 1581 :
885 1526 989 1598 qui
1019 1525 1092 1582 ab
1140 1525 1224 1580 eis
1262 1524 1515 1591 liberati,
1543 1540 1644 1596 per
1674 1523 1860 1580 ﬁdem
1888 1523 2215 1580 introducti

555 1620 692 1672 sunt
721 1615 798 1672 ad
819 1615 1042 1672 dictam
1063 1615 1429 1672 fruitionem.

626 1797 712 1868 -Η-
763 1797 930 1853 Pater
978 1794 1156 1866 igitur
1195 1795 1358 1852 misit
1392 1794 1628 1860 Filium,
1672 1794 1850 1850 Filius
1896 1810 2038 1852 vero
2069 1809 2211 1866 apo-
2243 1801 2286 1859 Β

556 1886 759 1942 stolos.
831 1885 980 1941 Dixit
1033 1885 1182 1940 enim
1243 1899 1256 1940 :
1315 1885 1500 1941 Sicuti
1548 1900 1637 1940 me
1688 1884 1901 1940 misisti
1942 1885 2006 1942 in
2041 1900 2209 1942 mun-

556 1977 719 2043 dum,
747 1991 845 2047 ego
875 1975 1052 2032 etiam
1095 1990 1190 2030 eos
1215 1974 1426 2031 misiin
1449 1974 1784 2030 mundum'.

629 2156 791 2209 Vers.
816 2157 902 2208 22.
959 2153 1039 2208 Et
1069 2154 1156 2207 ait
1184 2182 1254 2193 —
1309 2156 1416 2208 est.
1485 2153 1792 2208 Humanus
1831 2168 1900 2209 ac
1927 2152 2218 2224 benignus

561 2259 760 2299 sermo
791 2246 897 2311 est,
927 2257 1254 2308 suggerens
1283 2243 1458 2296 etiam
1494 2245 1568 2296 de
1597 2242 1894 2310 gentibus.

631 2335 789 2388 Vers.
825 2332 914 2389 23.
961 2332 1243 2403 Dixitque
1290 2361 1359 2372 -—
1397 2333 1645 2388 intrare.
1699 2332 1822 2388 Vite
1872 2336 2012 2388 sunt
2051 2332 2215 2390 habi-

559 2421 812 2479 tationes
886 2421 1175 2491 gentium,
1232 2424 1432 2492 utpote
1506 2435 1627 2476 non
1689 2421 1922 2478 munitas
1974 2422 2102 2492 lege
2155 2439 2221 2479 ac

559 2513 762 2568 divina
820 2510 1114 2576 custodia,
1162 2526 1268 2566 seu
1311 2510 1666 2576 visitatione,
1727 2513 1878 2567 sicut
1931 2511 2221 2568 habitatio

557 2603 897 2658 Judaeorum
934 2620 949 2671 ;
981 2600 1072 2657 vel
1111 2606 1400 2672 tanquam
1432 2616 1467 2656 a
1505 2601 1879 2657 daemonibus
1909 2602 2220 2660 conculca-

561 2697 655 2748 ιω.
739 2691 1013 2749 Similiter
1086 2697 1140 2746 et
1211 2705 1404 2763 sepes,
1466 2694 1754 2762 tanquam
1839 2697 2220 2763 peccatorum

563 2782 750 2854 spinis
777 2782 1007 2853 stipatas
1042 2797 1056 2847 ;
1104 2780 1196 2836 vel
1249 2783 1534 2852 tanquam
1567 2779 1875 2838 circuitum
1920 2781 2056 2853 igne
2096 2783 2222 2856 dig-

561 2885 710 2926 num
753 2871 1060 2926 habentes.

635 2960 777 3030 Cogi
809 2975 949 3014 vero
969 2959 1155 3030 jussit
1179 2973 1302 3026 eos,
1321 2958 1428 3031 qui
1457 2973 1526 3014 ex
1563 2958 1833 3030 gentibus
1861 2965 2048 3028 erant,
2094 2977 2215 3018 non

563 3049 728 3122 quod
773 3048 1113 3105 violentiam
1159 3048 1356 3104 inferri
1388 3049 1752 3120 praeceperit,
1798 3052 1902 3106 sed
1950 3050 2211 3106 subindi.

2322 537 2628 594 ἀκολουθίαν
2682 553 2776 605 τῆς
2817 544 3138 618 παραϐολῆς.
3193 550 3294 598 Καὶ
3344 547 3448 620 γὰρ
3493 547 3604 606 ἔθος
3648 553 3761 606 τοῖς
3817 543 3980 596 ἁπο-

2321 629 2668 703 στελλομένοις
2711 632 2782 694 εἰς
2831 637 2888 686 τό
2936 634 3154 688 καλέσαι
3215 637 3375 700 τινάς,
3433 637 3784 709 ὑποστρέφειν
3871 641 3976 685 καὶ

2321 717 2656 792 ἀπαγγέλλειν
2682 727 2796 796 περὶ
2828 723 3016 779 αὐτῶν.

2391 815 2516 862 Τότε
2584 842 2650 854 -
2713 809 2840 868 ὦδε.
2910 813 3122 866 Ἐκεῖνοι
3199 816 3288 887 μὲν
3360 815 3409 866 οἱ
3465 815 3972 888 παραιτησάμενοι

2325 896 2458 958 ἦσαν
2511 900 2560 952 οἰ
2626 899 2886 976 ἀρχιερεῖς
2942 907 3032 955 καὶ
3085 909 3416 977 Γραμματεῖς
3469 908 3560 956 καὶ
3619 910 3969 977 Φαρισαῖοι,

2324 993 2412 1040 καὶ
2469 990 2585 1042 ὅσοι
2623 997 2920 1065 τιμιώτεροι
2957 1000 3050 1045 τοῦ
3095 993 3347 1055 πλήθους·
3399 993 3541 1045 οὗτοι
3599 989 3674 1056 δε,
3721 993 3778 1044 οἰ
3843 992 3968 1044 ἀντ’

2325 1075 2524 1130 ἐκείνων
2569 1079 2914 1154 εἰσαγόμενοι,
2968 1081 3099 1134 εἰσὶν
3143 1085 3378 1136 οἱκοινοὶ
3427 1088 3516 1134 καὶ
3564 1081 3813 1154 ἀγελαῖοι
3863 1088 3968 1132 καὶ

2327 1161 2614 1238 δημώδης,
2655 1175 2863 1242 πτωχοὶ
2917 1177 3006 1222 καὶ
3063 1170 3319 1245 ἀνάπηροι
3367 1177 3456 1224 καὶ
3493 1171 3661 1244 χωλοὶ
3702 1176 3804 1223 καὶ
3869 1191 3968 1223 τυ-

2326 1255 2440 1326 φλοὶ
2503 1253 2778 1320 δοκοῦντες
2832 1259 3057 1330 ἐκείνοις,
3114 1262 3180 1321 ὡς
3221 1259 3441 1333 ἀμαθεῖς
3512 1265 3602 1313 καὶ
3658 1259 3961 1320 ἀσύνετοι,

2324 1346 2507 1408 οἵτινες
2562 1347 2751 1420 μᾶλλον
2795 1347 3052 1403 ἐπείθοντο
3101 1346 3417 1403 διδάσκοντι
3469 1358 3542 1421 τῷ
3588 1356 3846 1423 Χριστῶ.
3885 1348 3959 1400 Ἠ

2323 1439 2412 1487 καὶ
2449 1441 2567 1511 περὶ
2605 1445 2702 1489 τῶν
2750 1443 3109 1510 κατεχομένων
3156 1442 3414 1500 τοιούτοις
3467 1441 3686 1492 πάθεσιν
3736 1439 3961 1494 αἰσθη-

2323 1531 2431 1586 τοῖς
2485 1533 2635 1578 τοῦτο
2684 1531 2893 1586 νόησον·
2943 1529 2997 1594 ἢ,
3027 1527 3094 1594 οἳ,
3148 1531 3343 1581 τούτων
3394 1527 3803 1599 ἀπαλλαγέντες,
3851 1523 3961 1579 διὰ

2322 1617 2543 1674 πίστεως
2615 1614 2952 1688 εἰσήχθησαν
3021 1615 3094 1678 εἰς
3159 1620 3256 1675 τὴν
3334 1616 3726 1692 προρρηθεῖσαν
3813 1614 3961 1667 ἀπὸ·

2322 1702 2528 1756 λαυσιν.

2399 1793 2481 1866 [Ὀ
2509 1795 2600 1866 μεν
2640 1794 2752 1866 (64)
2801 1791 2887 1846 οὖν
2927 1799 3106 1869 Πατὴρ
3156 1793 3422 1847 ἀπέστειλε
3468 1797 3558 1847 τὸν
3585 1796 3702 1847 Υἱόν
3749 1809 3765 1824 ⁸
3813 1795 3842 1845 ὁ
3891 1789 3960 1846 δε

2324 1885 2441 1943 Υἱὸς
2493 1887 2614 1944 τοὺς
2663 1882 3002 1946 ἀποστόλους.
3055 1887 3245 1957 Εῖρηκε
3296 1885 3417 1958 γάρ’
3470 1883 3550 1936 ὃτι
3601 1884 3795 1944 Καθὼς
3855 1882 3958 1954 ἐμὲ

2325 1970 2628 2036 ἀπέστειλας
2666 1973 2738 2035 εἰς
2766 1977 2853 2026 τὸν
2891 1978 3111 2046 κόσμον,
3141 1973 3286 2046 κάγὼ
3314 1972 3592 2026 ἀπέστειλα
3625 1973 3829 2035 αὐτοὺς
3878 1972 3957 2033 εἰς

2325 2065 2411 2115 τὸν
2441 2060 2685 2135 κόσμον.]

2400 2157 2500 2206 Καὶ
2530 2149 2664 2204 εἶπεν
2689 2183 2757 2191 -
2787 2153 2919 2207 ἐστί.
2963 2152 3325 2225 Φιλάνθρωπος
3366 2153 3391 2204 ὁ
3429 2151 3602 2223 λόγος,
3636 2152 3954 2224 ὑπομιμνή-

2330 2261 2468 2295 σκων
2495 2246 2585 2294 καὶ
2614 2245 2731 2316 περὶ
2761 2250 2860 2293 τῶν
2887 2240 3060 2297 ἐθνῶν.

2401 2337 2502 2386 Καὶ
2529 2330 2662 2384 εἶπεν
2690 2361 2758 2372 —
2787 2331 3047 2385 εἰσελθεῖν.
3078 2328 3228 2384 Ὀδοί
3259 2331 3389 2384 εἰσιν
3421 2333 3475 2383 αἱ
3520 2335 3791 2382 κατοικίαι
3839 2340 3948 2383 τῶν

2329 2424 2500 2491 ἐθνῶν,
2530 2424 2599 2482 ὡς
2628 2424 2698 2493 μὴ
2724 2425 3111 2493 τετειχισμέναι
3141 2429 3214 2491 τῷ
3242 2426 3380 2493 νόμῳ
3423 2425 3511 2472 καὶ
3558 2427 3622 2492 τῇ
3669 2419 3941 2494 ἐπισκοπῇ

2330 2519 2422 2564 τοῦ
2465 2517 2620 2575 Θεοῦ,
2652 2511 2885 2582 καθάπερ
2917 2511 2945 2568 ἡ
2977 2519 3077 2562 τῶν
3100 2506 3394 2574 Ἰουδαίων,
3418 2514 3508 2561 καὶ
3533 2511 3601 2571 ὡς
3629 2529 3939 2562 καταπεπα-

2327 2605 2541 2672 τημέναι
2587 2607 2692 2660 τοὶς
2749 2595 3017 2665 δαίμοσιν·
3080 2602 3266 2672 ὁμοίως
3329 2595 3388 2652 δε
3429 2603 3517 2651 καὶ
3567 2605 3825 2673 φρημοὶ,
3873 2603 3941 2661 ὡς

2330 2694 2676 2763 πεφραγμέναι
2699 2696 2815 2750 ταῖς
2853 2687 3100 2751 ἀκάνθαις
3129 2699 3223 2752 τῆς
3250 2689 3526 2762 ἁμαρτιας,
3555 2693 3646 2741 καὶ
3676 2691 3746 2752 ὡς
3774 2694 3940 2765 πυρός

2329 2781 2472 2844 ἄξιον
2497 2779 2764 2854 περίϐολον
2796 2783 3038 2852 ἔχουσαι.

2399 2957 2724 3028 Ἀναγκάσαι
2786 2952 2844 3010 δὶ
2901 2961 3019 3018 τοὺς
3093 2956 3146 3021 ἐξ
3191 2955 3343 3010 ἐθνῶν
3410 2953 3692 3027 ἐκέλευσεν,
3754 2959 3813 3010 οὗ
3869 2962 3924 3010 τό

2328 3045 2614 3120 βιάζεσθαι
2676 3046 3065 3120 παραγγέλλων,
3122 3045 3229 3098 ἀλλ’
3303 3042 3602 3112 ύποδηλῶν,
3668 3049 3745 3100 ὅτι
3805 3052 3914 3117 χρὴ

563 3155 730 3206 cans,
764 3138 922 3211 quod
946 3139 1441 3194 vehementiorem
1470 3155 1539 3194 ac
1557 3139 2013 3195 constantiorem
2043 3140 2216 3197 adhi-

2333 3142 2698 3210 συντονώτιρον
2779 3135 2826 3187 ἐν
2902 3137 3102 3196 τούτοις
3170 3139 3228 3188 τὸ
3295 3140 3547 3208 κήρυγμα
3613 3144 3761 3188 ποιεῖν
3816 3138 3903 3185 καί

562 3228 688 3284 beri
721 3228 1205 3301 praedicationem
1246 3228 1330 3282 eis
1369 3233 1660 3299 oporteat,
1693 3233 1895 3300 utpote
1935 3228 2155 3286 fortiter
2181 3247 2216 3287 a

551 3300 940 3373 ‘daamonibus
956 3316 1228 3383 detentis,
1247 3323 1304 3371 et
1321 3316 1378 3371 in
1396 3315 1707 3387 profundis
1726 3317 1940 3374 erroris
1959 3317 2216 3375 tenebris

563 3406 1018 3463 dormientibus.

635 3497 796 3552 Vers.
829 3499 916 3552 23.
957 3496 1028 3552 Ut
1059 3526 1126 3536 —
1150 3493 1454 3552 mea.Vult
1477 3493 1637 3551 enim
1657 3511 1870 3552 omnes
1894 3495 2213 3570 introduci,

565 3589 804 3658 prepter
827 3586 1155 3641 immensas
1187 3601 1306 3640 suae
1338 3583 1614 3640 bonitatis
1633 3584 1886 3642 divitias.

635 3675 796 3730 Vers.
841 3679 926 3730 24.
972 3675 1107 3730 Dico
1138 3706 1207 3715 —
1259 3689 1508 3732 caenam.
1573 3677 1637 3731 Ut
1677 3676 1773 3747 qui
1804 3675 2216 3734 inobedientes

565 3763 822 3829 fuerunt,
839 3780 909 3821 ac
930 3764 1298 3820 vocationem
1320 3763 1442 3819 sive
1474 3763 1958 3836 praedicationem
1982 3781 2216 3839 spreve-

561 3858 723 3914 runt.
760 3851 847 3911 0b
874 3853 1035 3910 hunc
1051 3868 1192 3922 ergo
1224 3868 1560 3908 sermonem
1589 3858 1709 3910 tota
1739 3853 2032 3925 parabola
2056 3871 2218 3912 com-

565 3943 766 4017 posita
820 3946 925 4009 est,
975 3941 1496 4016 quemadmodum
1545 3943 1607 3998 in
1637 3943 1938 4016 principio
1970 3945 2100 4016 ejus
2131 3945 2218 4002 di-

562 4033 787 4090 ximus.

636 4123 802 4178 Vers.
848 4125 938 4178 25.
987 4121 1163 4176 Ibunt
1204 4149 1270 4162 —
1352 4120 1550 4176 multi.
1585 4120 1715 4178 Alio
1741 4121 2012 4180 videlicet
2067 4127 2220 4180 tem-

563 4226 727 4283 pore.

671 4301 831 4354 Vers.
858 4302 946 4354 25.
978 4299 1058 4354 Et
1078 4313 1390 4355 conversus
1415 4329 1472 4340 —
1512 4298 1678 4355 Vers.
1711 4303 1800 4358 26.
1824 4300 2221 4370 esse.discipu-

569 4389 682 4444 lus.
730 4387 950 4452 Sciens,
983 4387 1147 4458 ipsos
1180 4387 1425 4458 quidem
1457 4387 1625 4460 sequi
1648 4387 1820 4456 velle,
1852 4405 1990 4445 cum
2018 4394 2221 4446 tamen

2326 3224 2714 3299 ἐπιμονὼτερον,
2765 3229 2834 3287 ὡς
2887 3227 3123 3300 ἰσχυρῶς
3171 3225 3270 3277 ὑπὸ
3323 3233 3422 3276 τῶν
3469 3221 3720 3297 δαιμόνων
3767 3241 3911 3275 κατε-

2324 3318 2588 3386 χομένοις,
2635 3319 2724 3366 καὶ
2781 3313 2881 3366 ύπό
2923 3313 3081 3387 βαθεῖ
3141 3319 3310 3386 σκότῳ
3367 3322 3456 3374 τῆς
3480 3313 3692 3376 ἀπάτης
3737 3314 3911 3365 καθεύ-

2327 3400 2424 3458 δον
2433 3424 2536 3457 σιν.

2395 3493 2504 3545 Ἵνα
2530 3523 2595 3534 -
2631 3512 2753 3566 μου.
2798 3491 3040 3545 Βούλεται
3087 3511 3189 3566 γαρ
3233 3493 3427 3553 πάντας
3470 3491 3788 3564 εἰσαχθῆναι
3831 3487 3923 3544 διὰ

2324 3586 2411 3636 τὸν
2442 3585 2652 3654 ἄπειρον
2683 3581 2904 3635 πλοῦτον
2928 3590 3024 3643 τῆς
3049 3582 3208 3634 αὐτοῦ
3236 3580 3584 3652 ἀγαθότητος.

2398 3677 2546 3743 Λέγω
2591 3703 2660 3713 —
2720 3668 2951 3725 δείπνου.
2999 3678 3085 3733 Ὡς
3138 3669 3532 3728 ἀπειθησάντων
3589 3675 3680 3723 καὶ
3732 3667 3922 3733 ἐξουδε-

2323 3764 2594 3815 νωσάντων
2624 3766 2718 3820 τὴν
2764 3760 2971 3827 κλῆσιν,
3003 3761 3144 3828 ἦτοι,
3183 3764 3241 3812 τὸ
3272 3765 3548 3834 κήρυγμα.
3589 3763 3696 3812 Λιά
3746 3767 3919 3812 τοῦτον

2326 3848 2413 3904 οὖν
2445 3855 2530 3904 τὸν
2559 3851 2708 3923 λόγον
2740 3852 2769 3909 ἠ
2800 3849 2888 3908 ὅλη
2917 3849 3188 3923 παραϐολὴ
3221 3851 3486 3914 συνετέθη,
3515 3851 3686 3911 καθὼς
3715 3848 3762 3902 ἐν
3784 3848 3918 3924 ἀρχῇ

2328 3945 2525 4004 ταύτης
2555 3941 2850 4018 εἰρήκαμεν.

2400 4121 2798 4195 Συνεπορεύοντο
2871 4149 2939 4158 -
3018 4117 3217 4170 πολλοί.
3307 4117 3391 4172 Ἑν
3463 4115 3621 4193 ἑτέρῳ
3693 4114 3919 4176 δηλονότι

2327 4218 2516 4284 καιρῷ.

2403 4303 2504 4352 Καὶ
2553 4302 2802 4372 στραφεὶς
2860 4297 2976 4369 (65)
3024 4327 3094 4337 —-
3145 4297 3391 4369 μαθητὴς
3444 4291 3596 4350 εἶναι.
3641 4293 3803 4357 Εἰδὼς
3839 4295 3919 4346 αὖ·

2329 4392 2452 4450 τοὺς
2506 4386 2738 4446 θέλοντας
2817 4389 2908 4458 μἐν
2977 4381 3272 4437 ἀκολουθεῖν
3330 4383 3491 4455 αὐτῷ,
3553 4391 3918 4457 κατεχομένους

563 4476 814 4533 vinculis
839 4476 1109 4532 amicitiae
1121 4475 1199 4532 ad
1214 4475 1561 4546 hujusmodi
1589 4493 1880 4549 personas
1900 4479 2218 4536 retineren-

2333 4475 2392 4530 6‘;
2445 4485 2552 4540 τοῖς
2595 4473 2814 4545 δεσμοῖς
2865 4484 2960 4535 τῆς
3012 4477 3144 4549 πρὸς
3202 4477 3268 4525 τά
3328 4469 3632 4531 δηλωθέντα
3677 4479 3914 4545 πρόσωπα

565 4570 679 4634 tur,
711 4565 1021 4623 manifeste
1053 4569 1428 4638 protestatur,
1453 4565 1612 4637 quod
1635 4567 1902 4640 quisquis
1934 4568 2005 4624 ad
2038 4586 2097 4624 se
2117 4585 2222 4640 per

563 4655 744 4712 ﬁdem
769 4656 944 4723 venit,
988 4671 1097 4711 nec
1130 4653 1438 4727 praedictas
1479 4656 1604 4711 odit
1636 4672 1938 4728 personas,
1983 4673 2120 4714 cum
2144 4659 2218 4714 ad

563 4745 941 4801 dilectionem
980 4760 1124 4813 erga
1170 4747 1350 4800 Deum
1381 4743 1494 4800 sibi
1527 4744 1737 4801 fuerint
1768 4745 2212 4817 impedimento,

565 4841 620 4890 et
650 4834 726 4889 ad
747 4834 853 4889 iter
879 4833 956 4889 ad
987 4834 1272 4890 Christum
1307 4847 1320 4886 :
1357 4833 1442 4888 vel
1474 4835 1632 4904 quod
1664 4833 1927 4889 inﬁdeles
1960 4835 2090 4898 sint.
2129 4836 2219 4891 vel

561 4923 725 4996 quod
748 4924 1059 4980 mundana
1091 4922 1346 4994 sapiant,
1379 4937 1500 4977 non
1537 4927 1734 4993 potest
1765 4923 1952 4994 ipsius
1973 4939 2103 4980 esse
2129 4925 2222 4980 di-

560 5012 846 5084 scipulus.
880 5011 1188 5085 Siquidem
1218 5011 1322 5084 qui
1359 5010 1474 5066 illis
1505 5010 1724 5079 obedit,
1755 5012 1983 5068 Christo
2015 5013 2220 5071 inobe-

561 5101 730 5157 diens
751 5105 837 5156 est
857 5117 870 5167 ;
891 5100 972 5156 illi
994 5115 1256 5172 namque
1278 5098 1590 5156 carnaliter
1608 5115 1746 5155 eum
1767 5101 1962 5158 vivere
1997 5102 2222 5167 volunt,

561 5178 684 5262 ipse
713 5205 853 5246 vero
884 5188 1262 5262 spiritualiter
1287 5204 1426 5246 eum
1444 5189 1780 5246 conversari
1813 5189 2006 5246 docet.
2035 5193 2227 5248 Hono-

631 5339 803 5395 Joan.
843 5353 981 5403 xvii,
1017 5335 1105 5395 18.

2333 4571 2592 4639 σχέσεως,
2668 4562 3082 4638 διαμαρτύρεται
3163 4570 3410 4637 φανερῶς,
3468 4564 3546 4614 ὅτι
3611 4564 3751 4620 ὅστις
3817 4570 3906 4610 τῶν

2333 4653 2426 4710 διὰ
2475 4661 2700 4715 πίστεως
2751 4653 3042 4727 ἐρχομένων
3084 4656 3216 4725 πρὸς
3267 4652 3423 4704 αὐτόν
3468 4650 3522 4701 οὐ
3565 4655 3710 4718 μισεῖ
3749 4649 3805 4697 τὰ
3837 4646 3897 4697 εί·-

2329 4750 2528 4819 ρημένα
2589 4749 2862 4814 πρόσωπα,
2927 4744 3046 4794 ὅταν
3118 4738 3445 4813 ἐμποδίζωσι
3503 4740 3624 4810 πρὸς
3685 4739 3773 4793 τήν
3837 4733 3904 4796 εἰς

2332 4838 2459 4888 Θεὸν
2514 4835 2720 4905 ἀγάπην
2776 4837 2866 4885 καὶ
2910 4835 3040 4904 πρὸς
3094 4836 3179 4888 τὴν
3230 4832 3362 4882 κατὰ
3414 4830 3639 4903 Χριστὸν
3693 4828 3910 4899 πορείαν,

2333 4926 2362 4983 ἦ
2428 4925 2642 4975 ἄπιστοι
2695 4926 2849 4989 ὄντες,
2895 4922 2925 4980 ἡ
2969 4922 3201 4992 κοσμικά
3239 4926 3563 4993 φρονοῦντες,
3617 4915 3675 4968 ού
3717 4911 3916 4967 δύναται

2333 5013 2495 5066 αὐτοῦ
2569 5012 2811 5084 μαθητὴς
2879 5008 3033 5066 εἶναι.
3127 5009 3434 5080 Πειθόμενος
3514 5009 3616 5079 γὰρ
3707 5004 3916 5068 ἐκείνοις,

2335 5101 2611 5160 ἀπειθήσει
2667 5100 2826 5171 αὐτῷ,
2889 5095 3030 5152 διότι
3083 5097 3233 5150 αὐτοὶ
3297 5099 3388 5168 μεν
3451 5103 3721 5171 σαρκικῶς
3786 5092 3919 5167 βιοῦν

2339 5189 2493 5244 αὐτόν
2558 5190 2810 5256 θέλουσιν,
2880 5187 3034 5250 αὐτὸς
3079 5185 3138 5241 δε
3180 5194 3541 5259 πνευματικῶς
3599 5184 3755 5238 αὐτὸν
3795 5182 3922 5236 πολι-

1782 5493 2008 5562 Variae
2045 5494 2374 5565 lectiones
2415 5505 2480 5564 et
2519 5503 2702 5564 nota

559 5658 932 5800 aegiggciltimc
989 5664 1236 5734 uterque
1296 5662 1357 5720 in
1397 5661 1681 5737 margine.
1731 5664 2052 5722 Hentenius
2093 5681 2216 5723 non

2397 5668 2514 5740 (65)
2553 5670 2794 5742 Στραφεὶς
2823 5681 2948 5724 non
2976 5665 3270 5740 expressit
3303 5662 3653 5721 Hentenius.
