4144 6314
336 335 477 398 1017
1364 291 1743 381 ΟΟΜΜΕΝΤ.
1794 324 1870 385 IN
1909 332 1944 388 L

2051 332 2170 390 ΑΜ·
2214 365 2282 376 -
2319 333 2477 391 CAP.
2520 334 2666 393 XIV.
3593 340 3724 399 1018

338 469 582 522 τεύεσθαι
612 462 881 523 διδάσκει.
932 469 1183 539 Τιμητίον
1209 465 1299 539 μὶν
1350 456 1442 513 καὶ
1478 443 1676 519 πατέρα
1711 463 1804 513 καὶ
1833 481 1937 534 μη-

2051 463 2222 519 randi
2263 464 2559 538 siquidem
2605 470 2742 522 sunt
2770 468 2943 538 pater
2969 463 3028 519 et
3056 456 3266 531 mater,
3321 481 3523 525 verum
3555 471 3712 525 Deus

340 563 465 634 τέρα
492 560 605 629 (66)
630 576 641 587 '
675 562 1013 631 προτιμητέον
1055 552 1114 609 δὲ
1143 556 1309 607 αὐτῶν
1337 554 1425 606 τὸν
1454 545 1603 600 Θεὸν.

2051 553 2213 625 prior
2236 554 2350 609 illis
2376 554 2434 609 in
2461 554 2687 611 honore
2715 555 3034 612 habendus
3066 554 3174 607 est.

415 650 509 700 Διὰ
532 655 631 699 τῶν
668 651 1029 719 γνησιωτέρων
1082 643 1140 699 δὲ
1193 652 1292 698 πᾶν
1338 646 1618 718 πρόσωπον
1668 637 1938 714 ἀγαπητὸν

2123 648 2225 700 Per
2253 645 2714 718 propinquiores
2746 654 2944 703 autem
2979 659 3266 718 personas
3296 663 3540 704 omnem
3566 648 3711 704 dile-

342 736 585 810 ἒμφήνας.
618 735 849 807 ἐπήγαγε
873 741 962 788 καὶ
1010 740 1066 787 τὸ
1110 739 1306 808 μεῖζον,
1357 735 1437 787 ὅτι
1486 736 1576 784 καὶ
1631 736 1724 791 τὴν
1756 733 1939 785 ἑαυτοῦ

2051 746 2197 795 ctam
2228 738 2550 810 personam
2578 738 2950 805 signiﬁcavit.
2985 736 3225 795 Addidit
3247 740 3481 812 etquod
3508 740 3707 811 majus

341 826 550 898 ψυχὴν,
581 831 836 893 τουτέστι,
859 830 947 877 καὶ
977 828 1034 877 τὸ
1066 824 1250 877 ἑαυτοῦ
1282 824 1496 896 θέλημα,
1538 824 1657 875 ὅταν
1716 822 1940 875 ἐναντίον

2051 832 2181 884 est:
2244 828 2440 885 adhuc
2491 832 2687 883 autem
2742 833 2799 883 et
2854 828 3122 884 animam
3183 844 3372 895 suam,
3425 829 3541 885 hoc
3597 832 3705 895 est,

345 920 421 973 εἴη
461 924 533 986 τῷ
566 914 815 987 θελήματι
848 920 938 966 τόῦ
971 922 1121 967 Θεοῦ.
1154 921 1237 967 Δεῖ
1260 916 1362 987 γὰρ
1385 918 1470 965 τὸν
1502 912 1665 971 ἀληθῆ
1700 914 1940 984 μαθητὴν

2051 935 2224 974 suam
2289 933 2527 990 quoque
2606 917 2792 988 ipsius
2857 917 3246 983 voluntatem,
3313 917 3414 973 ubi
3491 917 3706 973 divinae

344 1014 436 1057 τού
462 1012 715 1078 Χριστοῦ,
743 1002 1087 1078 ὰφιλόσαρκον
1113 1007 1201 1055 καὶ
1227 1001 1556 1075 ἀφιλόψυχον
1583 1002 1633 1054 ἐν
1660 1009 1763 1063 τοῖς
1792 1020 1939 1054 πνευ-

2051 1008 2224 1064 fuerit
2244 1007 2540 1063 contraria
2571 1007 2869 1063 voluntati.
2904 1008 3144 1075 Oportet
3173 1008 3334 1062 enim
3386 1023 3519 1063 vere
3551 1007 3708 1063 Chri-

346 1102 589 1168 ματικοίς
609 1093 804 1167 ἀγῶσιν
829 1095 1086 1167 ὑπάρχειν
1099 1137 1111 1150 ,

2052 1098 2125 1154 sti
2172 1097 2528 1170 discipulum
2582 1096 2641 1151 in
2690 1095 3114 1167 spiritualibus,
3166 1095 3608 1164 certaminibus,
3672 1111 3709 1151 a

2051 1188 2249 1246 carnis
2291 1192 2348 1244 et
2394 1187 2610 1243 animae
2670 1186 2792 1242 sive
2845 1185 3164 1242 voluntatis
3214 1200 3419 1242 amore
3470 1184 3709 1258 penitus

2051 1277 2246 1335 avelli.

421 1372 521 1421 Καὶ
550 1368 696 1428 ὅστις
753 1396 816 1408 -
875 1385 976 1437 μου
1018 1364 1272 1437 μαθητής.
1328 1364 1510 1427 Ὀστις
1562 1365 1621 1419 ού
1681 1364 1941 1439 βαστάζει

2122 1366 2291 1423 Vers.
2311 1366 2399 1420 27.
2416 1367 2489 1423 Et
2514 1366 2769 1439 quisquis
2788 1398 2858 1407 —
2876 1380 3036 1422 meus
3048 1364 3390 1436 discipulus.
3423 1362 3707 1436 Quisquis

346 1455 430 1510 ἰπὶ
478 1462 690 1529 μνήμης
752 1458 839 1507 τὸν
892 1456 1104 1508 θάνατον
1162 1454 1342 1507 αὐτοῦ.
1403 1458 1497 1508 Διὰ
1562 1464 1655 1508 τοῦ
1710 1464 1941 1529 σταυροῦ

2051 1470 2172 1512 non
2194 1456 2427 1528 bajulat
2446 1456 2505 1511 in
2528 1455 2818 1512 memoria
2832 1460 3082 1511 mortem
3105 1469 3280 1510 suam
3301 1472 3316 1519 ;
3335 1470 3443 1526 per
3468 1468 3706 1509 crucem

343 1549 443 1620 γὰρ
474 1549 561 1597 τὸν
602 1546 818 1598 θάνατον
865 1540 1114 1613 ἔδήλωσε,
1177 1541 1316 1596 διότι
1370 1549 1486 1598 τότε
1528 1547 1748 1597 θανάτου
1786 1548 1941 1617 ὀργα-

2052 1546 2217 1603 enim
2243 1551 2496 1602 mortem
2526 1544 2902 1615 signiﬁcavit,
2929 1544 3071 1616 quia
3099 1550 3240 1600 tunc
3266 1543 3473 1599 mortis
3498 1543 3710 1598 instru-

345 1655 428 1688 vov
485 1632 546 1694 ἦν
598 1636 623 1687 ὁ
685 1636 929 1708 σταυρὸς,
984 1635 1053 1695 ὡς
1098 1638 1188 1687 καὶ
1245 1635 1395 1705 ἐντῷ
1437 1642 1732 1707 τριακοστῷ
1781 1638 1939 1706 τρίτῳ

2052 1640 2324 1691 mentum
2377 1640 2503 1692 erat
2554 1651 2715 1699 crux,
2766 1634 2921 1689 sicut
2972 1633 3143 1689 etiam
3192 1632 3491 1689 tricesimo
3541 1632 3709 1687 tertio

348 1724 603 1796 κεφαλαίῳ
634 1731 722 1776 τού
752 1725 887 1774 κατὰ
941 1725 1208 1776 Ματθαῑον
1266 1724 1378 1795 (67)
1447 1723 1698 1777 λέλεκται.
1755 1722 1943 1785 Ὀστις

2051 1726 2215 1796 juxta
2231 1725 2553 1780 Mattheum
2571 1724 2765 1796 capite
2782 1723 3003 1779 dictum
3017 1726 3128 1778 est.
3148 1721 3433 1794 Quisquis
3454 1736 3575 1777 non
3602 1721 3711 1777 ba-

349 1812 408 1866 ού
456 1811 711 1885 βαστάζει
766 1818 859 1871 τὴν
902 1817 1149 1887 νέκρωσιν
1202 1813 1383 1876 αὐτοῦ,
1440 1814 1572 1885 λέγω
1599 1810 1691 1878 δὴ,
1723 1818 1816 1871 τὴν
1846 1822 1941 1874 τῆς

2051 1816 2199 1887 julat
2229 1815 2320 1869 sui
2352 1814 2893 1878 mortiﬁcationem,
2925 1828 3057 1869 eam
3099 1810 3394 1878 videlicet,
3435 1826 3569 1883 quis
3622 1812 3712 1866 est

351 1905 541 1976 σαρκὸς
561 1904 738 1960 αὑτοῦ,
768 1908 860 1961 τὴν
885 1903 1005 1955 καθ’
1052 1900 1265 1961 ἡδονήν.
1323 1904 1462 1957 Ἐπεὶ
1494 1900 1551 1956 δὲ
1605 1906 1633 1962 ἡ
1670 1902 1936 1976 ἀποτροπὴ

2054 1905 2250 1961 carnis
2272 1921 2395 1960 suae
2425 1904 2712 1959 adversus
2739 1902 3091 1973 voluptates.
3121 1900 3274 1967 Quia
3304 1916 3444 1957 vero
3479 1898 3711 1954 aversio

348 2001 440 2045 τοῦ
497 1993 616 2045 καθ’
677 1989 872 2051 ἡδονὴν
937 1992 1077 2065 βίον,
1127 1997 1317 2064 τρόπον
1376 1996 1491 2044 τινὰ
1541 1998 1806 2067 προτροπὴ
1864 1998 1944 2054 τίς

2053 1995 2185 2050 vitae
2223 2010 2258 2049 a
2288 1993 2695 2065 voluptatibus
2727 1990 3180 2063 quodammodo
3211 1990 3525 2045 conversio
3554 2004 3713 2060 qum-

349 2081 490 2135 ὶστιν
543 2083 609 2143 εἰς
663 2082 899 2135 ἐπίπονον
958 2081 1241 2147 πολιτείαν,
1295 2085 1682 2156 παραμυθεῖται
1711 2088 1801 2135 καὶ
1859 2079 1942 2133 δι-

2053 2084 2196 2139 dam
2219 2089 2305 2138 est
2322 2082 2398 2139 ad
2421 2082 2787 2137 laboriosam
2810 2080 3346 2144 conversationem,
3368 2077 3713 2133 consolatur

351 2168 540 2224 δάσκει
571 2169 664 2224 διὰ
689 2167 1140 2246 παραδείγματος,
1200 2173 1280 2223 ὃτι
1333 2176 1442 2245 χρὴ
1493 2174 1579 2223 τὸν
1636 2170 1944 2243 βουλόμενον

2055 2178 2113 2229 et
2137 2173 2309 2228 docet
2338 2188 2442 2243 per
2485 2170 2849 2243 exemplum,
2900 2169 3064 2243 quod
3115 2173 3387 2241 oporteat
3418 2182 3554 2222 eum
3612 2165 3712 2237 qui

351 2258 477 2314 εἶναι
547 2263 786 2334 μαθητὴν
834 2260 1012 2324 αὐτοῦ,
1069 2261 1590 2334 προπαρασκευάζειν
1656 2261 1831 2314 ἱαυτον
1879 2261 1944 2321 εἰς

2056 2262 2179 2317 vult
2216 2262 2345 2332 ejus
2376 2276 2503 2316 esse
2536 2259 2883 2332 discipulus,
2916 2273 3259 2329 praeparare
3318 2256 3583 2328 seipsum
3634 2254 3711 2311 ad

350 2352 612 2421 ὑπομονὴν
638 2354 823 2410 παντὸς
853 2358 1165 2423 πειρασμοῦ.
1219 2355 1513 2425 Γέγραπται
1540 2353 1641 2425 γάρ
1676 2368 1688 2379 ·
1720 2351 1777 2404 Εἰ
1823 2371 1944 2425 προ-

2056 2351 2429 2408 tolerantiam
2470 2350 2672 2405 omnis
2699 2348 3058 2405 tentationis.
3095 2346 3393 2417 Scriptum
3433 2350 3522 2400 est
3552 2345 3711 2401 enim

352 2445 520 2515 σέρχη
555 2437 812 2493 δουλεύειν
846 2445 1041 2514 Κυρίῳ,
1085 2440 1360 2513 ἕτοίμασον
1389 2445 1483 2498 τὴν
1507 2440 1693 2512 ψυχήν
1727 2459 1821 2491 σου
1877 2439 1944 2499 εὶς

2054 2442 2125 2498 Si
2159 2440 2493 2505 accesseris,
2524 2446 2591 2493 ut
2618 2438 2837 2493 servias
2853 2437 3414 2505 Domino,praepara
3443 2435 3709 2490 animam

347 2534 655 2603 πειρασμόν.

2058 2535 2220 2585 tuam
2252 2529 2323 2583 ad
2354 2528 2727 2583 lentationem
2771 2528 2839 2578 ιο.

493 2626 637 2673 ΚΕΦ.
664 2618 786 2673 NE'.
818 2619 1091 2694 Παραϐολὴ
1120 2624 1236 2689 περὶ
1262 2615 1544 2689 οἰκοδομῆς
1578 2620 1802 2691 πύργου.

2235 2618 2389 2673 CAP.
2433 2617 2549 2672 LV.
2607 2616 2908 2672 Parabola
2948 2614 3021 2671 de
3064 2612 3451 2681 aediﬁcatione
3500 2616 3710 2669 turris.

417 2713 509 2769 Τίς
539 2712 632 2779 γὰρ
669 2740 733 2749 -
766 2707 1043 2761 ἐκτελέσαι.
1069 2707 1266 2779 Ὠσπερ
1299 2709 1323 2759 ὀ
1353 2707 1503 2759 θέλων
1530 2708 1726 2780 πύργον
1753 2705 1944 2760 αἰσθη-

2127 2709 2286 2761 Vers.
2324 2706 2410 2761 28.
2455 2705 2592 2771 Quis
2648 2704 2798 2760 enim
2828 2736 2898 2744 —
2928 2705 3095 2758 Vers.
3141 2702 3230 2757 30.
3273 2718 3709 2760 consummare.

345 2801 431 2849 τὸν
460 2795 831 2871 οἰκοδομῆσαι,
867 2797 1049 2868 ὀφείλει
1073 2806 1276 2870 πρῶτον
1306 2803 1566 2869 μετρῆσαι
1594 2799 1681 2852 τὴν
1712 2792 1759 2845 ἕν
1803 2798 1943 2866 χρή-

2057 2795 2215 2852 Sicut
2255 2795 2304 2850 is
2331 2795 2433 2866 qui
2455 2793 2661 2849 turrim
2692 2792 3028 2848 sensibilem
3057 2791 3217 2863 cupit
3258 2790 3579 2857 aadiﬁcare,
3616 2792 3717 2847 de-

346 2906 482 2957 μασι
513 2883 751 2945 δαπάνην
784 2905 796 2917 ⁸
826 2888 961 2939 οὕτω
992 2891 1079 2939 καὶ
1115 2888 1139 2937 ὁ
1172 2886 1325 2938 θέλων
1363 2888 1557 2957 πύργον
1586 2887 1767 2941 νοητὸν
1810 2883 1944 2935 οἰκο-

2055 2885 2155 2941 bet
2179 2884 2441 2957 primum
2488 2888 2766 2955 sumptus
2799 2882 3188 2953 pecuniarum
3234 2896 3594 2936 numerare:
3635 2881 3717 2937 ita

349 2972 606 3046 δομῆσαι,
633 2976 764 3048 λέγω
805 2973 894 3037 δὴ,
945 2976 1210 3047 σύμπηξιν
1258 2974 1468 3047 ἀρετῶν,
1516 2973 1697 3045 ὀφείλει
1743 2982 1944 3046 πρῶτον

2054 2990 2293 3047 quoque
2310 2973 2516 3029 volens
2530 2974 2736 3028 turrim
2757 2970 3212 3027 intellectualem
3231 2968 3548 3036 aediﬁcare,
3570 2976 3717 3042 puta

348 3074 606 3139 μετρῆσαι
634 3070 727 3123 τὴν
756 3064 802 3117 ἕν
832 3072 1140 3138 πειρασμοῖς
1170 3061 1460 3138 διάρκειαν,
1509 3065 1592 3115 ἵνα
1641 3082 1944 3136 προπαρασ-

2054 3064 2338 3119 virtutum
2366 3062 2857 3133 compactionem,
2879 3060 3059 3117 debet
3086 3058 3275 3115 metiri
3302 3059 3567 3130 primum
3594 3060 3717 3116 suf-

346 3157 655 3227 κευασμένος
827 3159 913 3209 ὧν,
941 3156 1065 3229 ῥᾷον
1095 3158 1216 3228 φέρῃ
1256 3157 1467 3215 τούτους
1492 3158 1935 3228 προσπίπτοντας,

2053 3153 2399 3208 ﬁcientiam.
2422 3168 2596 3224 quam
2620 3151 2799 3207 habet
2822 3150 2896 3205 ad
2922 3149 3300 3211 tentationes,
3323 3152 3388 3203 ut
3417 3163 3715 3220 praepara-

350 3244 471 3298 Εἶτα
496 3249 584 3296 καὶ
614 3240 647 3297 δ
654 3243 685 3295 ι’
710 3243 882 3319 ἐτέρου
926 3241 1357 3319 παραδείγματος
1388 3239 1631 3316 διεγείρει
1658 3246 1783 3318 πρὸς
1821 3262 1944 3317 καρ-

2056 3249 2150 3297 tus
2176 3243 2321 3297 {erat
2351 3241 2600 3305 facilius,
2620 3258 2755 3295 cum
2782 3239 3119 3295 inciderint.
3140 3237 3360 3293 Deinde
3393 3238 3452 3292 in
3475 3237 3593 3293 alio
3616 3253 3713 3293 ex-

345 3340 536 3408 τερίαν.

2055 3331 2254 3402 emplo
2286 3330 2359 3386 ad
2405 3330 2765 3385 tolerantiam
2798 3327 3033 3383 excitat.

417 3422 484 3475 ’Ἦ
538 3428 617 3486 τίς
663 3455 732 3463 -
780 3421 856 3474 ἐπ’
912 3420 1065 3474 αύτὸν
1110 3434 1132 3492 ;
1179 3420 1400 3494 Ὁμοίως
1452 3420 1625 3484 πάλιν,
1690 3423 1861 3491 ὥσπερ
1918 3421 1943 3472 ὁ

2124 3421 2288 3475 Vers.
2316 3420 2404 3476 31.
2430 3420 2470 3474 Α
2485 3426 2544 3474 ut
2564 3419 2694 3491 quis
2708 3449 2775 3459 —
2787 3421 2992 3473 contra
3007 3432 3083 3473 se.
3102 3416 3235 3471 Pari
3255 3430 3498 3487 quoque
3519 3414 3701 3471 modo

349 3510 615 3583 βασιλεὺς,
649 3514 675 3563 ὁ
722 3515 1072 3585 πωρευόμενος
1100 3511 1171 3573 εἰς
1221 3510 1461 3583 πόλεμον,
1496 3508 1681 3582 ὀφείλει
1719 3509 1944 3583 προϐου-

2052 3508 2571 3582 quemadmodum
2591 3524 2691 3563 rex
2714 3507 2790 3563 ad
2815 3506 3091 3579 prcelium
3107 3504 3509 3576 proﬁciscens,
3532 3504 3711 3562 debet

345 3600 635 3653 λεύσασθαι
668 3617 679 3630 ·
713 3601 847 3652 οὕτω
883 3604 973 3652 καὶ
1027 3600 1174 3662 οὗτος
1214 3599 1404 3672 ὀφείλει
1433 3598 1941 3671 προϐουλεύσασθαι.

2052 3599 2312 3671 primum
2346 3598 2709 3660 consultare,
2754 3598 2836 3654 ita
2864 3601 2921 3652 et
2946 3596 3043 3651 hic
3086 3595 3346 3667 primum
3379 3594 3709 3652 consultare

348 3688 391 3740 εἰ
417 3686 639 3742 δύναται
669 3692 801 3761 μετὰ
841 3698 940 3741 τῶν
1008 3688 1188 3760 ὀλίγων
1231 3688 1440 3741 ἐντολῶν
1492 3696 1582 3741 τοῦ
1633 3687 1943 3759 Εύαγγελίου

2053 3688 2249 3754 debet,
2282 3703 2359 3743 an
2390 3686 2583 3758 possit
2622 3703 2759 3742 cum
2800 3685 3010 3759 paucis
3060 3683 3359 3751 Evangelii
3400 3685 3711 3756 praeceptis

346 3776 867 3851 ἀντιπαρατάξασθαι
910 3786 982 3849 τῷ
1034 3785 1252 3849 Σατανᾷ,
1300 3786 1372 3847 τῷ
1422 3780 1553 3849 μετὰ
1597 3776 1793 3829 πολλῶν
1830 3773 1944 3829 δαι-

2051 3777 2324 3832 resistere
2353 3777 2606 3840 Satanae,
2637 3775 2726 3829 cui
2756 3790 2892 3829 cum
2927 3772 3128 3828 multis
3158 3771 3463 3827 daemoniis
3493 3777 3550 3828 et.
3584 3788 3711 3830 ma-

346 3872 511 3940 μόνων
577 3874 667 3921 καὶ
728 3875 984 3941 μηχανῶν
1041 3872 1131 3920 καὶ
1198 3869 1377 3920 παθῶν
1434 3865 1697 3941 ἐρχομένῳ
1728 3865 1805 3917 ἔπ’
1852 3865 1944 3917 αύ-

2053 3865 2244 3922 chinis
2280 3881 2350 3921 ac
2381 3864 2795 3921 affectionibus
2832 3863 2989 3919 venit
3019 3866 3226 3918 contra
3264 3875 3348 3916 se.

346 3962 450 4012 τόν.

417 4047 478 4099 Εἰ
512 4043 570 4099 δὲ
599 4052 735 4118 μήγε
764 4077 826 4087 -
874 4049 939 4099 τὰ
966 4049 1097 4119 πρὸς
1125 4045 1332 4118 εἰρήνην
1387 4075 1454 4087 -
1514 4045 1729 4119 Ἐρωτᾷ,
1760 4048 1942 4115 ἤγουν,

2127 4047 2281 4099 Vers.
2313 4047 2400 4100 32.
2424 4042 2631 4114 Aliqui
2648 4073 2717 4083 —
2742 4057 2868 4114 quae
2893 4040 3059 4110 pacis
3082 4045 3239 4095 sunt.
3266 4041 3521 4095 Rursum
3546 4038 3712 4114 ἐρωτᾷ

344 4135 654 4210 παρακαλεῖ,
706 4136 929 4188 αἰτεῖται
985 4135 1098 4207 (69)
1146 4138 1212 4187 τὰ
1253 4138 1379 4209 πρὸς
1430 4134 1654 4206 εἰρήνην.
1682 4142 1856 4187 Ταῦτα
1888 4130 1944 4186 δε

2056 4132 2351 4203 signiﬁcat
2377 4140 2659 4202 precatur
2687 4136 2790 4188 aut
2817 4132 2984 4200 petit.
3030 4132 3161 4185 Haec
3213 4133 3412 4185 autem
3455 4128 3705 4200 addidit,

345 4226 687 4296 προσέθηκεν,
718 4224 776 4276 ού
803 4233 1064 4298 παραινῶν
1090 4232 1199 4285 τοῖς
1224 4229 1295 4296 μὴ
1340 4221 1646 4295 δυναμένοις
1690 4222 1944 4293 ἁπαντᾷν.

2053 4239 2174 4279 non
2209 4221 2537 4278 adhortans
2569 4227 2630 4277 ut
2654 4221 2755 4293 qui
2790 4235 2907 4276 non
2953 4219 3188 4291 possint
3239 4231 3568 4282 occurrere,
3604 4233 3707 4289 pa-

347 4312 621 4385 εἰρηνεύειν
656 4314 784 4382 μετὰ
813 4320 903 4363 τοῦ
931 4318 1131 4364 Σατανᾶ
1165 4330 1177 4342 ⁸
1210 4321 1321 4373 πῶς
1339 4315 1441 4386 γὰρ
1500 4320 1591 4364 τοῦ
1642 4310 1942 4384 ἀνθρωποκ-

2053 4329 2182 4368 cem
2197 4311 2547 4367 ineantcum
2565 4313 2785 4367 Satana
2808 4329 2820 4369 :
2847 4323 3109 4381 quonam
3130 4306 3290 4362 enim
3307 4306 3486 4362 modo
3508 4305 3567 4361 id
3582 4306 3711 4362 ﬁeri

347 4405 496 4453 τόνου
527 4405 616 4452 καὶ
644 4400 977 4474 ψυχολεθρὸυ
1012 4418 1025 4468 ;
1059 4400 1187 4453 ἀλλὰ
1214 4410 1276 4474 τῇ
1333 4399 1611 4473 ἀκολουθίᾳ
1640 4408 1728 4453 τοῦ
1782 4419 1944 4474 παρα·

2052 4405 2412 4471 potest,cum
2432 4400 2528 4454 ille
2554 4400 2827 4455 homines
2853 4402 3074 4461 enecet,
3100 4412 3169 4452 ac
3191 4395 3405 4467 perdat
3429 4396 3709 4452 animas?

349 4486 630 4561 δείγματος
663 4494 951 4562 εχρήσατο,
1019 4492 1187 4550 καθὼς
1234 4494 1323 4542 καὶ
1372 4489 1607 4561 ἀνωτέρω
1647 4494 1940 4547 πεποίηκεν.

2054 4490 2168 4546 Sed
2202 4489 2453 4560 exempli
2497 4487 2924 4561 consequentia
2974 4502 3125 4541 usus
3180 4488 3287 4549 est,
3339 4485 3489 4539 sicut
3535 4484 3710 4540 etiam

344 4578 488 4650 Ἀμα
513 4576 572 4631 δὲ
596 4583 681 4631 καὶ
714 4579 781 4639 εἰς
811 4580 1055 4651 ἐντροπὴν
1100 4587 1200 4630 τῶν
1258 4581 1389 4650 μετὰ
1442 4581 1499 4630 τὸ
1555 4580 1944 4650 μαθητευθῆναι

2055 4578 2190 4635 fecit
2218 4577 2493 4650 superius
2522 4596 2535 4630 :
2563 4576 2744 4633 simul
2764 4576 2943 4631 etiam
2964 4574 3040 4629 ad
3059 4572 3468 4628 confusionem
3500 4586 3711 4628 eorum

346 4672 731 4740 χαυνουμένων.
774 4673 875 4721 Καὶ
904 4675 1055 4720 τοῦτο
1084 4670 1186 4740 γὰρ
1228 4675 1421 4738 σχῆμα
1473 4666 1648 4737 λόγου,
1692 4663 1944 4739 διεγεῖρον

2057 4668 2161 4741 qui
2178 4672 2496 4739 postquam
2524 4665 2660 4722 facti
2679 4672 2816 4720 sunt
2830 4662 3119 4735 discipuli,
3136 4661 3538 4717 emolliuntur.
3563 4660 3715 4717 Nam

348 4757 421 4818 εἰς
454 4754 749 4831 εὐανδρίαν,
782 4757 912 4808 καθὸ
943 4760 1033 4808 καὶ
1060 4757 1174 4824 (70)
1200 4755 1360 4826 λέγειν
1382 4755 1649 4826 εἰώθαμεν,
1676 4757 1756 4807 ὅτι
1781 4763 1942 4827 κρεῖτ-

2056 4763 2113 4814 et
2138 4757 2235 4812 hic
2264 4761 2352 4812 est
2384 4756 2599 4811 modus
2628 4753 2910 4825 loquendi
2952 4753 3023 4808 ad
3065 4749 3519 4819 generositatem
3558 4751 3713 4806 exci-

347 4866 433 4898 τον
489 4851 559 4919 μὴ
594 4846 855 4919 ἄρξασθαι
912 4842 1070 4898 τοῦδε
1116 4852 1208 4897 τοῦ
1247 4846 1567 4918 πράγματος,
1603 4844 1632 4902 ἢ
1666 4843 1944 4917 ἀρξάμενον

2058 4850 2213 4908 tans,
2242 4862 2363 4917 quo
2400 4846 2592 4899 dicere
2622 4844 2883 4899 solemus
2912 4862 2925 4902 :
2954 4840 3159 4897 Melius
3195 4844 3279 4895 est
3304 4839 3418 4895 hoc
3447 4840 3537 4895 vel
3566 4839 3713 4897 illud

348 4940 419 5007 μὴ
450 4935 735 4988 τελειῶσαι.

2057 4933 2291 4991 facinus
2314 4949 2436 4989 non
2460 4932 2759 4995 inchoare,
2788 4946 2973 5003 quam
3005 4943 3125 4985 non
3152 4926 3453 5001 perﬁcere,
3482 4934 3720 5001 postea-

2058 5038 2245 5096 quam
2284 5020 2685 5078 inchoaveris.

421 5176 469 5212 ¹⁰
500 5174 669 5232 Eccli.
705 5190 764 5241 ιι,
791 5176 842 5231 1.

1549 5352 1773 5423 Variae
1816 5351 2147 5423 lectiones
2195 5361 2261 5421 et
2319 5360 2522 5421 notae.

420 5550 533 5623 (66)
564 5553 665 5604 Καὶ
693 5550 781 5602 τὸν
809 5552 1009 5622 πατέρα
1036 5554 1125 5603 καὶ
1146 5553 1234 5609 τήν
1256 5552 1476 5623 μητέρα.
1510 5553 1571 5603 Δ.
1629 5620 1639 5623 Α
1871 5619 1903 5623 _,

2128 5546 2245 5623 (68)
2279 5547 2363 5623 Ita
2391 5549 2655 5623 uterque,
2693 5561 2805 5619 pro
2829 5548 3434 5621 προπαρεσκευασμένος.

418 5618 530 5693 (67)
559 5628 663 5675 Τοῦ
708 5624 844 5673 κατὰ
870 5618 1154 5693 -Ματθαῖον
1201 5618 1337 5677 θύω
1389 5618 1702 5693 Hentenio,
1745 5636 1805 5693 re
1868 5619 1944 5676 ita

2130 5619 2249 5693 (69)
2282 5618 2447 5672 Αἰτεί.
2473 5622 2538 5693 Α,

2130 5619 2249 5763 E69)
2282 5619 2447 5672 Αἰτεί.
2473 5622 2538 5673 Α.

2153 5692 2247 5761 70)
2281 5693 2381 5742 Καί
2411 5687 2625 5746 omittit
2655 5690 2720 5744 A.

346 5690 1023 5820 pistulantemddididta
1052 5693 1211 5750 enim
1225 5693 1497 5766 exposuit
1523 5692 1601 5748 ad
1626 5690 1944 5757 Matth.xv1,
