4144 6314
583 302 726 361 1019
1905 284 2262 352 ΕΗΤΗΥΜΙῘ

653 427 1000 488 Praesertim
1053 443 1196 484 cum.
1236 426 1332 483 hic
1357 427 1433 482 sit
1465 441 1665 482 sermo
1715 424 1791 480 de
1834 439 1925 490 eo,
1959 424 2062 497 qui
2119 437 2255 478 vere
2289 413 2341 472 Α

591 519 922 592 discipulus
949 523 1053 582 est,
1083 524 1184 573 aut
1207 533 1340 573 esse
1363 518 1544 587 cupit.
1570 517 1678 581 Qui
1703 515 1856 571 enim
1886 531 2005 570 non
2038 529 2254 570 renun-

593 609 713 674 tiat,
740 607 1137 664 velutidocuit
1159 608 1443 671 Christus,
1467 622 1586 662 non
1619 611 1705 661 est
1732 620 1868 660 vere
1887 603 2250 674 discipulus:

590 697 692 771 qui
722 702 922 752 autem
967 713 1085 752 non
1120 699 1210 752 est.
1235 711 1368 750 vere
1398 694 1752 764 discipulus,
1787 693 1888 748 sed
1918 709 2139 748 nomen
2174 691 2254 746 fe-

588 803 726 843 rens
747 786 1049 858 discipuli,
1065 801 1249 857 opera
1270 801 1409 841 vero
1439 784 1690 850 habens,
1710 799 1846 855 quae
1867 799 1979 838 non
2004 797 2254 853 respon-

588 876 944 933 deantillius
969 875 1273 946 operibus,
1293 890 1497 946 pacem
1530 873 1824 930 facitcum
1852 875 2095 939 Satana,
2125 887 2257 944 per-

591 965 889 1039 petrando
919 981 1057 1038 quae
1089 965 1163 1019 illi
1193 971 1364 1032 grata
1392 967 1552 1018 sunt.

664 1057 824 1111 Vers.
875 1055 964 1110 33.
1015 1056 1106 1110 Ita
1155 1087 1224 1094 —
1253 1054 1680 1122 discipulus.—
1732 1055 1850 1117 Ita,
1895 1052 2048 1108 sicut
2078 1067 2253 1122 supe-

591 1145 716 1202 rius
748 1149 1098 1217 protestatus
1125 1147 1233 1210 est,
1261 1143 1465 1198 dicens
1500 1158 1512 1196 :
1543 1142 1599 1198 Si
1630 1141 1765 1213 quis
1814 1157 1932 1196 non
1966 1140 2108 1197 facit
2131 1143 2255 1198 haec

594 1240 652 1292 et
681 1235 798 1301 illa,
855 1251 971 1290 non
1005 1239 1196 1306 potest
1229 1249 1398 1288 meus
1431 1248 1558 1287 esse
1588 1232 1935 1302 discipulus.

664 1325 831 1380 Vers.
886 1324 974 1381 34.
1023 1325 1188 1379 Bona
1236 1338 1328 1380 res
1356 1328 1441 1378 est
1491 1323 1604 1377 sal.
1639 1321 1836 1376 Salem
1867 1336 2029 1377 nunc
2079 1325 2255 1376 vocat

592 1418 799 1486 aptum
833 1415 909 1469 ad
948 1412 1291 1468 docendum
1334 1426 1692 1466 sermonem.
1730 1409 1935 1467 Scribit
1966 1417 2165 1465 autem
2197 1413 2257 1464 et

595 1506 825 1561 Marcus
866 1502 1025 1558 circa
1066 1503 1248 1558 ﬁnem
1301 1501 1566 1556 vicesimi
1614 1499 1850 1571 septimi
1908 1499 2116 1571 capitis
2162 1499 2256 1554 sui

599 1592 902 1661 Evangelii
941 1615 952 1645 :
993 1593 1164 1648 Bona
1191 1607 1281 1646 res
1308 1597 1388 1646 est
1427 1592 1522 1646 sal
1553 1591 1597 1626 “
1635 1606 1647 1655 ;
1679 1595 1735 1645 et
1755 1589 1836 1645 ibi
1857 1605 2054 1661 quaere
2073 1589 2256 1659 hujus

595 1682 1052 1738 enarrationem.

667 1774 826 1828 Vers.
875 1771 964 1826 34.
1020 1771 1190 1839 Quod
1233 1771 1290 1827 si
1315 1801 1383 1811 -—
1414 1769 1722 1826 comitetur
1749 1769 1778 1827 ?
1806 1768 2029 1825 Eodem
2068 1768 2256 1841 capite

597 1861 774 1918 etiam
807 1861 881 1916 de
911 1861 1024 1917 hoc
1062 1861 1285 1915 dictum
1327 1863 1435 1914 est.

670 1951 836 2006 Vers.
868 1951 957 2007 34.
989 1950 1191 2020 Neque
1218 1979 1287 1988 -—
1316 1954 1418 2004 est.
1449 1950 1686 2002 Terram
1722 1962 1876 2002 nunc
1902 1946 2045 2003 dicit
2086 1947 2258 2003 disci-

597 2039 795 2111 pulos,
819 2037 1434 2108 utpoteimpingnatos
1456 2053 1521 2090 ac
1541 2036 1866 2090 commodo
1889 2035 2131 2092 affectos
2157 2053 2170 2102 ;
2193 2036 2258 2091 ﬁ-

599 2145 766 2184 mum
791 2132 988 2182 autem
1008 2127 1303 2191 doctores,
1321 2130 1381 2180 ut
1402 2125 1842 2195 impinguantes
1859 2129 1916 2180 et
1935 2126 2258 2181 commodo

600 2216 945 2273 aﬂicientes.
984 2215 1127 2270 Dicit
1155 2229 1298 2283 ergo
1334 2231 1346 2269 :
1379 2213 1435 2268 Si
1491 2228 1686 2268 sermo
1714 2219 1891 2283 aptus
1941 2212 2013 2268 ad
2047 2213 2260 2269 docen-

598 2306 744 2362 dum
779 2305 983 2376 pravis
1021 2303 1404 2373 dogmatibus
1440 2306 1864 2373 corrumpatur
1897 2318 1908 2356 :
1944 2318 2138 2375 neque
2190 2303 2258 2359 iis

597 2395 701 2468 qui
755 2395 1017 2460 discunt,
1050 2393 1408 2450 conveniens
1457 2396 1561 2448 aut
1609 2391 1768 2447 utilis
1799 2397 1885 2448 est
1917 2411 1929 2451 :
1965 2408 2159 2466 neque
2190 2394 2260 2449 iis

598 2484 698 2558 qui
738 2485 976 2540 docent.

670 2575 833 2630 Vers.
855 2577 941 2630 35.
968 2573 1152 2630 Foras
1180 2570 1508 2643 proﬁciunt
1535 2570 1724 2627 illum.
1757 2573 2067 2645 Tanquam
2089 2572 2257 2629 inuti-

597 2663 739 2721 lem.

669 2753 839 2809 Vers.
893 2753 984 2808 35.
1020 2753 1134 2821 Qui
1177 2752 1352 2810 habet
1382 2781 1452 2793 —
1490 2750 1710 2808 audiat.
1766 2752 1888 2808 Hoc
1926 2751 2262 2824 frequenter

598 2841 965 2898 declaratum
1009 2847 1120 2897 est.

671 2932 822 2987 CAP.
855 2931 982 2985 LVI.
1020 2929 1319 2986 Parabola
1353 2929 1422 2986 de
1449 2936 1677 2986 centum
1709 2929 1933 2984 ovibus.

671 3021 826 3075 CAP.
843 3020 951 3077 XV.
967 3022 1129 3075 Vers.
1151 3020 1201 3073 1.
1225 3020 1261 3073 Α
1276 3018 1789 3089 ppropinquabant
1809 3024 1998 3074 autem
2012 3050 2080 3058 —
2093 3017 2254 3074 Vers.

596 3112 650 3164 2.
676 3110 819 3166 illis.
858 3109 1046 3164 Etiam
1075 3108 1308 3163 decimo
1337 3113 1553 3178 quarto
1599 3107 1767 3176 juxta
1799 3107 2129 3164 Matthaeum
2167 3124 2256 3162 ca-

597 3199 717 3270 pite
729 3199 1004 3254 dixerunt
1023 3196 1334 3270 discipulis
1355 3197 1515 3266 ejus:
1549 3196 1738 3259 Quare
1750 3211 1883 3253 cum
1913 3197 2255 3264 publicanis

598 3293 652 3345 et
697 3287 1092 3356 peccatoribus
1123 3287 1316 3342 cibum
1346 3287 1495 3356 capit
1526 3286 1810 3356 magister
1839 3292 2019 3343 vester
2044 3288 2091 3324 ¹²
2121 3287 2148 3341 ?

673 3377 834 3433 Vers.
891 3383 943 3434 3.
993 3377 1150 3433 Dixit
1202 3404 1264 3417 —
1293 3378 1453 3431 Vers.
1509 3379 1562 3431 4.
1596 3391 1744 3432 eam.
1795 3375 2136 3433 Parabolice
2185 3395 2254 3433 os

598 3466 711 3523 illis
739 3467 1019 3533 occludit,
1047 3466 1290 3531 docens,
1322 3464 1486 3535 quod
1520 3481 1640 3520 non
1671 3467 2122 3537 propterjustos
2152 3467 2258 3523 hu-

601 3555 950 3612 manitatem
965 3555 1316 3626 assumpsit,
1342 3554 1446 3610 sed
1464 3559 1702 3625 propter
1719 3561 2076 3624 peccatores.
2095 3557 2257 3612 Hanc

600 3649 804 3699 autem
858 3643 1207 3714 parabolam
1250 3643 1486 3715 scripsit
1517 3647 1573 3699 et
1619 3643 1921 3699 Matthaeus
1962 3645 2258 3700 tricesimo

600 3737 814 3788 octavo
854 3733 944 3788 sui
989 3732 1287 3801 Evangelii
1319 3733 1533 3803 capite,
1569 3737 1625 3787 et
1656 3731 1738 3787 ibi
1768 3731 1897 3802 lege
1929 3732 2058 3804 ejus
2090 3749 2258 3791 enar-

599 3821 914 3888 rationem,
939 3838 1076 3894 quaa
1124 3821 1370 3894 pulchre
1400 3821 1594 3892 posita
1621 3826 1729 3876 est.

672 3912 831 3965 Vers.
866 3915 916 3965 ὅ.
973 3912 1224 3982 Cumque
1279 3910 1566 3966 invenerit
1596 3941 1665 3949 —
1688 3910 1963 3980 gaudens.
2006 3911 2259 3967 Evidens

601 3999 844 4069 signum
877 3999 1206 4056 dilectionis
1229 4005 1318 4055 est
1340 4017 1410 4056 ac
1442 3999 1837 4071 providentiae,
1861 4016 2041 4072 quam
2073 4000 2258 4056 habe-

600 4088 698 4146 bat
724 4105 867 4160 erga
897 4105 1086 4160 genus
1112 4095 1404 4144 nostrum.

673 4179 845 4232 Vers.
877 4177 930 4231 6.
967 4179 1042 4232 Et
1057 4179 1292 4234 veniens
1314 4193 1561 4248 —quam
1588 4177 2256 4246 perdideram.Domum

601 4267 727 4338 ejus
756 4266 1015 4336 intelligo
1042 4265 1256 4322 caelum
1294 4283 1305 4320 :
1341 4266 1454 4333 Qui
1485 4267 1738 4332 habitas,
1772 4267 1977 4338 inquit,
2010 4268 2072 4323 in
2103 4268 2258 4324 caelis

603 4357 672 4410 ³³.
725 4355 964 4410 Amicos
994 4359 1194 4410 autem
1234 4371 1304 4409 ac
1342 4355 1566 4410 vicinos
1597 4355 1739 4410 dicit
1790 4355 2032 4421 angelos
2067 4372 2078 4410 :
2113 4357 2259 4412 ami-

601 4459 725 4510 cos,
771 4448 1062 4516 tanquam
1095 4459 1166 4499 ea
1207 4444 1538 4514 diligentes,
1574 4461 1710 4516 quae
1742 4444 1834 4499 ille
1853 4444 2081 4514 diligit;
2113 4447 2259 4501 vici-

601 4549 712 4590 nos
729 4532 1117 4605 tanquamilli
1142 4532 1541 4605 propinquos.
1573 4537 1703 4590 Haec
1729 4539 1930 4590 autem
1956 4551 2058 4605 per
2078 4551 2259 4605 para-

599 4624 806 4683 bolam
846 4640 1006 4681 nunc
1036 4624 1350 4696 significat,
1383 4625 1723 4690 ostendens,
1757 4625 1916 4697 quod
1957 4626 2015 4681 in
2045 4625 2143 4681 tali
2174 4625 2257 4681 in-

600 4715 880 4772 ventione
897 4715 1076 4772 etiam
1099 4715 1294 4785 angeli
1319 4716 1416 4771 Dei
1437 4716 1841 4788 congaudent,
1865 4721 2065 4788 utpote
2079 4723 2134 4772 et
2152 4716 2259 4788 ipsi

600 4803 847 4874 benigni
875 4819 1018 4873 erga
1043 4805 1318 4860 homines

673 4894 840 4949 Vers.
873 4899 927 4948 7.
977 4893 1114 4950 Dico
1141 4925 1208 4936 —-
1233 4895 1584 4965 paenitentia.
1616 4925 1681 4934 —
1719 4894 1806 4950 Ita
1839 4907 1853 4959 ;
1893 4893 2202 4965 quomodo
2231 4892 2260 4948 ?

605 4982 764 5039 Sicut
817 4982 1013 5038 docuit
1059 4983 1374 5055 parabole.
1410 4983 1672 5039 Perditur
1726 4983 1927 5055 itaque
1956 4982 2261 5038 rationalis

602 5071 752 5138 ovis,
783 5088 922 5128 cum
955 5088 992 5128 a
1015 5071 1223 5128 divinis
1255 5073 1563 5143 praeceptis
1588 5072 1766 5142 longe
1797 5077 2144 5143 separatur:
2178 5071 2260 5125 in-

600 5161 836 5217 venitur
859 5166 1080 5229 autem,
1113 5177 1252 5217 cum
1283 5176 1388 5233 per
1412 5161 1823 5234 pcenitentiam
1854 5159 2163 5232 resipiscit,
2204 5165 2262 5216 et

684 5343 728 5379 ¹¹
761 5341 1053 5413 Μαι-θέα,
1082 5341 1168 5400 50.
1238 5342 1285 5379 1³
1311 5340 1516 5400 Matth.
1544 5357 1623 5406 Ix,
1655 5341 1744 5396 11.
1825 5340 1874 5378 ﬂ
1904 5338 2058 5396 Psal.
2089 5341 2150 5405 ίι,
2173 5341 2229 5397 4.

2305 272 2640 352 ZIGABENl
3841 301 3950 356 uno

2446 420 2646 485 Ἀλλως
2698 443 2754 478 τε
2798 429 2887 480 καὶ
2932 429 3050 501 περὶ
3101 433 3193 478 τοῦ
3240 425 3462 486 ἀληθοῦς
3515 425 3766 497 μαθητοῦ
3817 432 3894 478 νῦν
3934 432 3951 484 ὁ

2375 509 2543 584 λόγος.
2573 513 2631 566 Ὀ
2681 517 2782 589 γὰρ
2813 519 2885 587 μὴ
2937 513 3378 586 ἁποτασσὸμενος,
3410 518 3481 577 ὡς
3528 516 3556 566 ὁ
3611 519 3838 587 Χριστὸς
3863 513 3953 567 ἐδί-

2375 599 2548 672 δαξεν,
2596 604 2690 656 οῦκ
2727 608 2867 656 ἔστιν
2921 604 3123 666 ἀληθῶς
3189 609 3462 676 μαθητής⁸
3498 604 3604 678 [μὴ
3665 605 3734 654 ὢν
3787 602 3954 673 (Ἳ1)δε

2371 692 2574 756 ἀληθῶς
2633 697 2918 766 μαθητὴς,]
2971 694 3076 746 ἀλλ’
3137 699 3296 766 ὄνομα
3345 700 3430 767 μὲν
3487 697 3743 766 μαθητοῦ
3803 700 3950 767 φέρων,

2367 785 2494 854 ἔργα
2551 782 2609 836 δὲ
2683 784 2916 837 ἀνοίκειοι
2979 787 3308 856 κεκτημένος,
3372 785 3636 858 εἷρηνεῦει
3735 780 3827 836 διὰ
3881 793 3954 835 τῶν

2365 875 2527 946 ἔργων
2557 876 2686 946 μετὰ
2718 882 2809 927 τοῦ
2859 880 3081 943 Σατανᾶ,
3135 877 3201 926 τὰ
3248 874 3371 947 φίλα
3415 877 3596 946 τούτῳ
3665 870 3954 949 διαπραττο-

2365 983 2534 1037 μενος.

2437 1054 2614 1114 Οὕτως
2657 1085 2726 1094 -
2760 1055 3018 1124 μαθητής.
3054 1084 3117 1094 -
3147 1054 3346 1119 Οὕτως,
3391 1055 3453 1114 ὡς
3496 1052 3747 1125 ἀνωτέρω
3774 1049 3954 1125 διεμαρο

2365 1145 2571 1215 τῦρατο,
2603 1143 2762 1214 λέγων
2797 1161 2808 1172 ·
2840 1144 2905 1198 Εἴ
2934 1163 3014 1205 τις
3039 1143 3096 1195 οῦ
3119 1150 3258 1196 ποιεῖ
3275 1139 3402 1196 τάδε
3430 1148 3525 1195 καὶ
3560 1139 3722 1212 τάδε,
3753 1142 3812 1194 οῦ
3831 1138 3957 1194 δῦναι

2363 1237 2451 1284 ταί
2480 1251 2580 1302 μου
2610 1235 2848 1304 μαθητὴς
2878 1229 3030 1285 εἶναι.

2438 1321 2602 1374 Καλὸν
2653 1325 2711 1374 τὸ
2763 1321 2910 1383 ἅλας.
2969 1320 3130 1383 "Ala;
3196 1321 3340 1374 καλεί
3393 1329 3503 1392 νῦν,
3569 1325 3664 1373 τὸν
3720 1317 3954 1373 διδασκα·

2362 1411 2504 1464 λικόν
2535 1411 2704 1483 λόγον.
2755 1410 3006 1485 Ἔγραψε
3037 1408 3097 1464 δὲ
3125 1416 3215 1464 καὶ
3279 1413 3306 1463 ὁ
3349 1413 3565 1482 Μάρκος
3622 1413 3755 1483 πρὸς
3795 1418 3864 1480 τῷ
3892 1415 3954 1461 τέ-

2363 1501 2440 1554 λει
2469 1509 2562 1552 τοῦ
2618 1501 2856 1554 εἰκοστοῦ
2911 1497 3134 1573 ἕϐδομον
3180 1500 3454 1572 κεφαλαίου
3503 1500 3699 1566 αὐτοῦ,
3762 1501 3840 1551 ὃτι
3887 1519 3958 1549 κα-

2363 1589 2450 1642 λὸν
2505 1595 2563 1642 τό
2629 1590 2776 1655 ἅλας,
2837 1595 2927 1643 καὶ
2981 1591 3212 1651 ζήτησον
3269 1589 3376 1642 ἐκεῖ
3433 1594 3532 1648 τὴν
3622 1591 3812 1642 τούτου
3865 1586 3956 1650 ἐξά-

2364 1698 2552 1751 γησιν.

2292 1771 2332 1825 Β
2443 1769 2563 1823 Ἐὰν
2594 1801 2661 1808 -
2684 1767 2878 1842 ἀρνυθή
2889 1788 3036 1820 σεται
3065 1789 3076 1832 ;
3103 1767 3184 1820 Ἐν
3210 1766 3381 1840 ἐκείνῳ
3403 1771 3492 1820 καὶ
3526 1771 3653 1842 περὶ
3693 1768 3869 1819 τούτου
3895 1764 3955 1817 λί-

2368 1858 2562 1912 λεκται·

2441 1951 2574 2000 Οὔτε
2603 1979 2670 1987 -
2710 1946 2869 2001 ἔστιν.
2901 1953 3002 2006 Γῆν
3029 1950 3118 2018 μεν
3146 1946 3278 2018 λέγει
3293 1950 3411 2007 τοὺς
3435 1947 3709 2018 μαθητὰς,
3742 1947 3808 2005 ὡς
3833 1963 3949 1996 πιαι-

2366 2042 2604 2110 νομένους
2631 2041 2720 2090 καὶ
2749 2036 3125 2109 ὠφελουμένους
3149 2053 3162 2066 ·
3186 2041 3407 2110 κοπρίαν
3449 2035 3532 2104 ὀὶ,
3566 2039 3693 2095 τοὺς
3719 2031 3952 2086 διδασκά-

2365 2127 2502 2189 λους,
2557 2129 2625 2188 ὡς
2653 2131 2954 2186 πιαίνοντας
2993 2131 3084 2178 καὶ
3133 2125 3469 2198 ὠφελοῦντας.
3530 2129 3702 2182 Φησὶν
3756 2119 3854 2188 οὖν,
3883 2122 3948 2173 ὅτι

2367 2218 2485 2270 Ἐὰν
2517 2217 2542 2267 ὁ
2576 2212 2962 2276 δίδασκαλικός
3009 2214 3161 2286 λόγος
3191 2217 3510 2288 παρσφθαρῇ
3549 2211 3788 2285 δόγμασι
3817 2229 3946 2265 πονη-

2366 2311 2493 2381 ροῖς,
2526 2308 2640 2357 οὔτε
2685 2304 2750 2366 εἰς
2782 2307 2896 2364 τοὺς
2947 2305 3294 2376 μανθάνοντας
3351 2305 3551 2364 εὔθετός
3601 2302 3763 2368 ἐστιν,
3813 2303 3941 2370 ἤγουν

2369 2398 2681 2467 εὔχρηστος,
2705 2397 2822 2446 οὔτε
2849 2393 2919 2455 εἰς
2947 2396 3061 2453 τοὺς
3093 2389 3475 2455 διδάσκοντας.

2438 2571 2574 2636 Ἐξω
2605 2571 2890 2645 βάλλουσιν
2921 2570 3068 2625 αὐτό.
3098 2568 3184 2632 Ὠς
3217 2568 3480 2643 ἀνωφελές.

2437 2750 2496 2804 Ὀ
2558 2753 2694 2823 ἔχων
2752 2781 2818 2790 —
2901 2747 3154 2806 ἀκουέτω.
3227 2755 3392 2802 Τοῦτο
3481 2748 3731 2810 πολλάκις
3792 2747 3923 2820 ἡρμη-

2367 2843 2546 2899 νεύθη.

2438 2929 2607 2982 Ἦσαν
2641 2925 2700 2981 δὲ
2729 2928 3020 3000 ἐγγίζοντες
3051 2959 3114 2968 -
3143 2927 3337 2987 αὐτοῖς.
3367 2929 3471 2982 Καὶ
3505 2926 3558 2980 ἓν
3583 2935 3651 2998 τῷ
3694 2937 3918 2994 τεσσαρεσ-

2366 3015 2662 3088 καιδεκάτῳ
2689 3017 2941 3089 κεγαλαίῳ
2973 3025 3065 3069 τοῦ
3090 3019 3222 3068 κατὰ
3242 3019 3517 3070 Μαι-θαίον
3555 3015 3690 3071 εἶπον
3724 3020 3813 3073 τοῖς
3839 3028 3913 3080 μα·

2295 3129 2334 3186 C
2371 3110 2555 3168 θηταῖς
2579 3107 2740 3159 αὐτοῦ
2783 3125 2795 3138 ’
2827 3111 2973 3158 Διατί
3005 3108 3134 3178 μετὰ
3163 3114 3264 3156 τῶν
3298 3112 3526 3159 τελωνῶν
3549 3111 3639 3159 καὶ
3663 3097 3899 3177 australe)!

2370 3197 2534 3251 ἐσθίει
2559 3199 2584 3249 ὁ
2617 3193 2941 3257 διδάσκαλος
2963 3197 3103 3268 ὑμῶν
3138 3213 3151 3261 ;

2375 3295 2518 3342 ΚΕΦ.
2579 3285 2693 3351 Νς’.
2759 3291 2883 3360 Περὶ
2936 3295 3035 3337 τῶν
3110 3285 3286 3337 ἑκατὸν
3343 3283 3624 3358 προϐάτων
3680 3275 3910 3354 παραϐολή.

2485 3375 2506 3392 τ
2742 3375 2754 3391 ο
2805 3380 2812 3387 ι
3258 3383 3277 3391 ..
3421 3375 3432 3390 ,
3516 3378 3528 3392 ι
3637 3373 3648 3384 ε
3830 3366 3866 3394 ιν

2445 3385 2818 3430 Eme—auro
2874 3392 2888 3441 ;
2945 3374 3310 3447 Ιιαραϐολικως
3371 3394 3566 3435 αυτους
3629 3383 3916 3440 επιστομιερει,

2372 3463 2666 3533 διδάσκων,
2702 3467 2782 3517 ὅτι
2821 3463 3237 3538 ἐνηνθρωπησεν,
3288 3463 3348 3515 οὐ
3402 3460 3496 3516 διὰ
3554 3467 3665 3522 τοὺς
3709 3457 3916 3512 δικαίους,

2372 3556 2499 3608 ἀλλὰ
2539 3551 2631 3607 διὰ
2655 3558 2775 3615 τοὺς
2805 3553 3162 3628 ἁμαρτωλούς.
3191 3555 3396 3609 Ταύτην
3431 3549 3489 3604 δὲ
3560 3558 3648 3611 τὴν
3676 3543 3920 3622 παραϐολὴν

2372 3644 2628 3718 ἀνέγραψε
2657 3645 2793 3696 καὶὸ
2823 3644 3090 3704 Ματθαῑος
3113 3641 3159 3693 ἐν
3201 3650 3272 3711 τῷ
3298 3653 3596 3715 τριακοστῷ
3627 3636 3782 3711 ὀγδόῳ
3798 3650 3920 3704 κεφα-

2369 3734 2497 3804 λαίῳ
2519 3733 2700 3796 αὑτοῦ,
2733 3738 2823 3784 καὶ
2848 3731 3112 3804 ἀνάγκωθι
3137 3736 3230 3790 τὴν
3261 3729 3510 3803 ἐξήγησιν
3547 3730 3758 3791 αὐτῆςέν
3784 3723 3922 3789 ἐκείνῳ

2371 3821 2424 3875 εὖ
2457 3825 2708 3894 ἔχουσαν.

2444 3917 2545 3965 Καὶ
2576 3910 2732 3984 εῇρὼν
2775 3941 2836 3950 _
2867 3914 3092 3982 χαίρων,
3126 3910 3460 3981 Ἐμφαντικὸν
3497 3916 3650 3960 τοῦτο
3695 3912 3776 3964 τῆς
3815 3896 3920 3968 ἀ7ά’

2370 4018 2471 4061 πης
2501 4004 2591 4051 καὶ
2611 3996 2942 4071 κηδεμονίας,
2977 3998 3036 4056 ἣν
3067 4001 3180 4071 ἔχει
3201 4003 3318 4072 περὶ
3339 4001 3396 4050 τὸ
3421 4002 3571 4070 γένος
3597 3999 3743 4069 ἡμῶν.

2443 4181 2543 4229 Καὶ
2569 4175 2726 4229 ἐλθὼν
2758 4208 2822 4218 --
2852 4176 3140 4238 ἀπολωλός,
3187 4173 3342 4229 Οἶκον
3399 4178 3490 4248 μὶν
3543 4175 3693 4229 αὐτοῦ
3733 4170 3821 4219 νόει
3845 4162 3914 4212 τὸν

2368 4265 2582 4334 οὐρανὸν
2615 4283 2627 4296 ⁶
2659 4266 2718 4318 Ὀ
2749 4275 2998 4318 κατοικῶν
3027 4268 3145 4340 γὰρ,
3180 4270 3362 4338 φησὶν,
3391 4264 3439 4316 ἐν
3466 4265 3688 4340 οὐρανοῖς
3727 4295 3738 4308 .
3771 4251 3911 4326 φίλους

2371 4353 2429 4410 δὲ
2458 4361 2547 4408 καὶ
2575 4361 2827 4427 γείτονας,
2860 4359 2976 4417 τοὺς
2997 4353 3263 4426 ἀγγέλους.
3304 4354 3484 4416 Φίλους
3509 4359 3615 4428 μὲν,
3661 4354 3717 4410 ὡς
3741 4343 3911 4418 φιλοῦν-

2367 4466 2480 4514 ra"
2513 4444 2547 4497 ἃ
2574 4444 2708 4518 φιλεῖ
2739 4463 2750 4474 ’
2779 4449 3006 4516 ’γείτονας
3038 4442 3097 4498 δέ
3119 4448 3186 4506 ὡς
3227 4443 3378 4516 ἐγγὺς
3404 4449 3555 4506 ὄντας
3582 4442 3735 4495 αὐτοῦ.
3758 4431 3905 4518 Ταῦτα

3723 4521 3789 4570 ὅτι
3829 4513 3897 4562 ἐπὶ

2292 4485 2336 4540 D

2370 4532 2428 4588 δὲ
2451 4543 2538 4585 νῦν
2565 4533 2926 4606 ἐσχημάτισεν
2965 4535 2995 4591 ἠ
3030 4533 3322 4606 παραϐολὴ,
3365 4532 3682 4605 ἐμφαίνουσα,
3723 4532 3789 4570 οτι
3829 4532 3864 4611 εἴ

2368 4629 2429 4695 τῇ
2461 4625 2674 4696 τοιαύτῃ
2710 4624 2906 4696 εὑρέσει
2927 4628 3017 4675 καὶ
3043 4625 3093 4676 οἰ
3117 4623 3330 4696 ἄγγελοι
3349 4627 3677 4695 συγχαίρουσι
3697 4613 3756 4676 τῷ
3776 4608 3886 4667 9⁸9³)

2368 4714 2434 4774 ὡς
2451 4716 2540 4764 καὶ
2568 4711 2718 4765 αὐτοὶ
2744 4711 3114 4787 φιλάνθρωποι.

2447 4895 2595 4963 Λέγω
2621 4922 2689 4932 -
2731 4894 3022 4963 μετανοίας,
3081 4920 3148 4930 -
3180 4889 3354 4958 Οὕτω,
3386 4897 3494 4951 πῶς
3529 4905 3543 4957 ;
3570 4886 3649 4946 Ὠς
3691 4863 3910 4963 ὑπέδειξεν

2370 4982 2400 5040 ἡ
2430 4953 2740 5054 παραϐολή..
2768 4953 3077 5032 Ἀπόλλυται
3131 4982 3220 5052 μὲν
3276 4953 3363 5031 οὖν
3416 4983 3475 5032 τὸ
3523 4953 3713 5050 λογικὸν
3752 4953 3914 5056 προθα-

2371 5089 2476 5135 τον,
2498 5069 2671 5145 πὸῥρω
2708 5076 2808 5121 τῶν
2857 5067 3066 5120 ἐντολῶν
3118 5075 3210 5120 τοῦ
3278 5075 3416 5122 Θεοῦ
3461 5071 3710 5140 γινόμενον
3760 5067 3771 5080 ’
3811 5057 3917 5144 ενΡξ’

2374 5177 2552 5212 σκεται
2599 5155 2678 5222 δὲ,
2737 5153 3014 5231 μετανοῶν
3067 5162 3156 5210 καὶ
3207 5159 3344 5219 ἐντὸς
3381 5157 3550 5210 αὐτῶν
3616 5141 3918 5206 ἀποκαθιστα-

1831 5517 2047 5587 Variae
2087 5517 2410 5586 lectiones
2443 5525 2509 5584 et
2536 5526 2740 5584 notae.

681 5714 803 5790 (71)
823 5711 1061 5771 Inclusa
1090 5713 1341 5781 absunt,
1372 5715 1419 5771 A
1452 5730 1468 5786 ;
1499 5712 1846 5771 exciderunt
1908 5713 1988 5771 ob
2027 5710 2246 5787 duplex
2274 5715 2535 5788 μαθητής.
