4144 6314
291 338 425 396 1021

1344 295 1718 391 ΟΟΜΜΕΝΤ.
1762 336 1835 397 ιΝ
1874 343 2135 405 LUCAM.
2184 381 2250 392 -
2287 352 2441 408 CAP.
2481 356 2589 411 xv.

3536 358 3675 417 4022

288 487 456 541 μενον.
487 465 614 524 Εἶτα
654 476 743 525 καὶ
773 468 846 525 δι’
873 471 1044 545 έτέρας
1072 463 1375 545 παραϐολῆς
1405 448 1497 511 τὴν
1528 440 1610 507 ἰπὶ
1644 469 1711 538 τῇ
1743 467 1884 546 εύρέ-

2005 474 2058 532 in
2098 477 2208 533 illis
2233 481 2560 551 reponitur,
2601 483 2818 539 Deinde
2859 480 3115 538 alteram
3147 492 3381 557 quoque
3411 487 3661 543 adducit

294 577 373 611 σει
404 566 494 612 τοῦ
524 558 841 625 ἀπολωλότος
866 566 1038 637 χαρὰν
1077 565 1422 634 παρίστησιν.

360 757 430 811 Ἦ
456 763 536 820 τίς
584 791 649 801 ——
704 757 963 813 ἀπώλεσα.
1025 759 1223 835 Ὠσπερ
1277 763 1307 819 ἡ
1360 762 1489 831 γυνή
1537 766 1677 813 ποιεῖ
1711 764 1772 814 τὰ
1796 762 1891 837 ῥη-

289 849 444 899 θέντα
473 866 483 877 ·
517 849 651 900 οὕτω
680 854 769 900 καὶ
813 850 840 907 ἡ
877 849 1237 922 φιλανθρωπία
1296 858 1387 903 τοῦ
1439 852 1563 903 Υὶοῦ
1611 858 1701 903 τοῦ
1756 859 1890 905 Θεοῦ

284 942 543 995 πεποίηκε
575 938 703 1009 (72).
761 945 1012 1011 Δραχμῆς
1064 941 1165 1012 γὰρ
1212 946 1331 1011 μιᾶς
1380 938 1720 1001 ἀπολωλυίας.
1778 945 1890 999 ῆτοι

283 1034 380 1087 τῆς
411 1025 734 1097 ἀνθρωπίνης
781 1030 979 1098 φύσεως
1009 1027 1055 1079 iv
1085 1037 1156 1098 τῷ
1187 1031 1604 1100 καταχωσθῆναι
1658 1038 1763 1089 τοίς
1791 1031 1892 1081 πά-

286 1116 451 1175 θεσιν,
480 1116 585 1186 ἧψε
634 1116 844 1186 λύχνον,
875 1119 1159 1178 τουτέστιν,
1217 1116 1454 1189 ἀνέφηνεν
1486 1118 1536 1170 ἐν
1590 1126 1661 1170 τῶ
1707 1123 1889 1190 κόσμῳ

281 1207 380 1260 τήν
413 1203 602 1256 ἑαυτου
631 1208 818 1276 σάρκα,
860 1208 994 1256 κατὰ
1022 1209 1107 1257 τὸν
1140 1206 1251 1277 (73)
1293 1207 1544 1278 Θεολόγον
1582 1211 1888 1279 Γρηγόριον,

281 1290 600 1364 λάμπουσαν
640 1294 699 1345 οὐ
756 1297 909 1365 μόνον
938 1300 997 1365 τῆ
1033 1292 1274 1367 ἀστραπῇ
1320 1304 1413 1357 τῆς
1474 1297 1733 1359 θεότητος,
1767 1295 1894 1347 ἀλλά

281 1386 373 1432 καὶ
404 1389 480 1451 τῷ
544 1386 717 1453 φέγγει
773 1389 869 1443 τῆς
919 1384 1288 1454 καθαρότητος,
1326 1390 1415 1436 καὶ
1473 1393 1892 1457 φωταγωγοῦσαν

276 1473 405 1531 τοὺς
449 1469 847 1543 ἐσκοτισμένους
877 1478 937 1543 τῇ
998 1471 1187 1545 πλάνη,
1255 1477 1343 1525 καὶ
1396 1473 1629 1549 ἐσάρωσε
1683 1479 1777 1532 τήν
1818 1477 1893 1527 οἱ-

271 1564 412 1625 κίαν,
488 1562 649 1630 ῆγουν
707 1558 925 1635 ἐκάθηρε
973 1564 1032 1613 τό
1082 1561 1382 1633 οἰκητήριον
1438 1572 1536 1615 τῶν
1590 1562 1890 1638 ἀνθρώπων,

267 1648 404 1719 λέγω
455 1645 523 1707 δὴ
555 1652 642 1700 τόν
681 1653 899 1719 κόσμον,
951 1647 999 1701 iv
1052 1658 1123 1721 τῷ
1181 1649 1438 1704 ἀπελάσαι
1486 1656 1543 1704 τὸ
1600 1672 1892 1724 κατακεχυ-

272 1741 441 1810 μένον
474 1737 631 1789 αύτοῦ
691 1743 877 1798 σκότος
903 1746 998 1800 τῆς
1037 1738 1317 1812 ἁμαρτίας,
1367 1746 1456 1793 καὶ
1493 1739 1779 1815 ἐκφορῆσαι
1808 1746 1891 1793 τόν

274 1826 607 1898 έπικείμενον
631 1828 793 1901 ῥύπον
844 1836 943 1878 τῶν
972 1830 1170 1891 παθῶν,
1205 1834 1293 1882 καὶ
1344 1830 1582 1891 ζητήσας
1644 1830 1892 1902 ἐπιμελῶς

272 1914 321 1967 iv
349 1925 436 1987 τῷ
466 1918 839 1991 περιέρχεσθαι
884 1918 977 1978 τὰς
1007 1917 1179 1979 πόλεις
1219 1923 1310 1970 καὶ
1364 1925 1561 1991 κώμας,
1601 1925 1690 1972 καὶ
1730 1919 1890 1972 ἀποσ-

273 2005 479 2058 τέλλειν
507 2008 625 2065 τοὺς
662 2007 903 2077 μαθητὰς
957 2006 1027 2068 εἰς
1075 2009 1160 2058 τὸν
1198 2012 1392 2078 κόσμον
1419 2007 1641 2075 ἅπαντα,
1693 2010 1805 2082 εὗρε
1834 2012 1889 2061 τό

275 2093 628 2165 ζητούμενον,
661 2100 748 2145 καὶ
805 2094 1179 2147 συνεκαλέσατο
1216 2099 1304 2157 τὰς
1333 2097 1484 2169 φίλας
1519 2104 1608 2150 καὶ
1659 2102 1893 2168 γείτονας

271 2181 647 2256 λειτουργικὰς
703 2186 974 2256 στρατιὰς,
1030 2183 1098 2245 εἰς
1150 2190 1415 2238 κοινωνίαν
1476 2195 1573 2248 τῆς
1646 2190 1892 2250 τοιαύτης

276 2278 489 2346 χαρᾶς.

353 2361 544 2422 Οὕτως
571 2393 642 2401 -
671 2369 1024 2433 μετανοοῦντι.
1078 2363 1153 2415 Ού
1206 2369 1356 2433 μόνον
1393 2364 1476 2417 ἐπὶ
1505 2364 1730 2431 πολλοῖς,
1766 2364 1893 2418 ἀλλὰ

280 2457 372 2504 καὶ
433 2450 520 2502 ἐπι
551 2450 640 2503 ἐνί.
681 2458 846 2503 Τοῦτο
879 2448 937 2505 δὲ
992 2450 1254 2515 ἀπόδειξις
1280 2461 1371 2506 τοῦ
1409 2458 1495 2506 τόν
1527 2458 1654 2507 Θεὸν
1688 2452 1894 2527 σφόδρα

286 2538 458 2612 διψᾷν
486 2545 579 2599 τήν
609 2544 881 2612 μετάνοιαν
914 2541 1138 2594 ἑκάστου
1179 2542 1505 2615 ἁμαρτωλοῦ.
1540 2548 1793 2617 Δραχμας
1833 2542 1891 2597 δὲ

286 2633 353 2682 τὰ
377 2632 627 2701 τάγματα
650 2630 930 2702 ὠνόμασεν,
961 2633 1029 2691 ὡς
1056 2634 1247 2703 ἔχοντα
1270 2642 1591 2705 χαρακτῆρα
1617 2636 1704 2685 καὶ
1732 2636 1892 2704 ἔμφα-

292 2738 375 2771 σιν
397 2726 491 2770 τοῦ
524 2717 782 2790 βασιλέως
818 2724 966 2772 Θεοῦ.

363 2897 509 2957 Τινὲς
533 2898 622 2968 μεν
653 2893 739 2948 οὖν
794 2897 972 2949 ἑκατὸν
1011 2893 1141 2949 εἶναι
1188 2899 1253 2949 τὰ
1304 2899 1473 2949 πάντα
1518 2901 1759 2970 τάγματα
1811 2918 1889 2952 νε-

292 2988 537 3050 νοήκασι,
592 2992 654 3057 τῆ
720 2984 988 3058 παραϐολῇ
1023 2995 1121 3038 τῶν
1173 2986 1352 3038 ἑκατὸν
1390 2986 1663 3058 προϐάτων
1695 2985 1889 3061 ἐπερει-

294 3067 523 3142 δόμενοι.
575 3077 719 3136 Τινὲς
769 3070 959 3133 δὲτὴν
1020 3075 1192 3150 ἑτέραν
1257 3075 1555 3147 παραϐολήν
1606 3084 1706 3128 τῶν
1765 3073 1894 3128 δέκα

1997 568 2350 639 parabolam
2370 571 2441 625 de
2456 572 2695 641 gaudio,
2722 572 2886 647 quod
2900 571 2978 627 de
2991 566 3043 639 ej
3055 583 3137 641 Us,
3160 573 3261 643 qui
3281 575 3549 646 perierat,
3570 577 3655 630 in-

1999 659 2275 713 ventione
2310 662 2595 717 exoritur.

2056 740 2227 802 'Vers.
2277 749 2335 805 8.
2374 752 2496 805 Aut
2523 768 2654 822 qua:
2684 784 2734 794 -
2773 754 2931 809 Vers.
2966 758 3018 809 9.
3046 753 3449 821 perdideram.
3485 754 3646 810 Sicut

2000 838 2278 906 praedicta
2304 838 2442 894 faett
2473 841 2700 909 mulier,
2733 843 2813 899 ita
2840 842 2971 899 fecit
2995 849 3049 898 et
3080 843 3198 899 Filii
3244 844 3340 899 Dei
3372 842 3655 899 humani-

2001 929 2111 995 tas,
2129 927 2252 982 sive
2267 927 2623 999 benignitas.
2640 931 2887 987 Perdidit
2904 934 3062 988 enim
3080 933 3423 988 drachmam
3454 948 3652 996 unam,

1999 1020 2162 1085 puta,
2183 1015 2514 1073 humanam
2540 1025 2836 1087 naturam,
2861 1037 2995 1076 cum
3012 1021 3423 1077 affectionibus
3436 1022 3654 1077 obruta

2001 1111 2174 1159 esset.
2229 1107 2512 1163 Accendit
2566 1110 2875 1166 lucernam
2928 1128 2940 1166 :
2984 1110 3097 1165 hoc
3135 1116 3239 1174 est,
3291 1111 3549 1165 ostendit
3592 1110 3656 1164 in

2002 1194 2229 1249 mundo
2248 1211 2423 1251 suam
2445 1198 2891 1269 carnem,juxta
2905 1199 3248 1269 Gregorium
3271 1198 3651 1268 Theologum,

2002 1283 2415 1354 splendentem
2442 1301 2560 1341 non
2597 1287 2792 1343 solum
2824 1288 3054 1357 fulgure
3080 1287 3423 1353 divinitatis,
3451 1302 3653 1343 verum

2001 1372 2179 1428 etiam
2204 1373 2431 1430 lumine
2480 1376 2772 1446 puritatis,
2816 1382 2870 1431 et
2922 1376 3357 1432 illuminantem
3418 1391 3520 1430 eos
3553 1373 3658 1446 qui

2003 1477 2199 1517 errore
2223 1463 2596 1519 obtenebrati
2629 1471 2818 1521 erant.
2847 1466 3033 1521 Verrit
3056 1465 3329 1530 domum,
3366 1464 3488 1519 sive
3522 1480 3660 1535 pur-

2002 1552 2159 1620 gavit
2182 1552 2496 1609 hominum
2513 1554 2946 1617 habitaculum,
2972 1560 3117 1626 puta
3148 1553 3471 1618 mundum,
3516 1568 3658 1607 cum

2002 1641 2253 1698 diﬂ'usas
2276 1643 2334 1699 in
2366 1659 2437 1698 eo
2458 1645 2685 1715 peccati
2716 1644 2992 1699 tenebras
3023 1642 3237 1713 abegit.
3268 1644 3656 1714 jacentesque

2004 1731 2388 1788 affectionum
2406 1732 2608 1788 sordes
2621 1734 2843 1788 extulit.
2874 1736 2936 1787 Et
2976 1732 3294 1803 quaerendo
3314 1730 3650 1802 diligenter,

1934 1831 1977 1887 Β
2004 1821 2427 1878 circumeundo
2457 1824 2720 1878 civitates
2747 1838 2817 1878 ac
2854 1822 3037 1879 vicos.
3069 1827 3126 1877 et
3170 1820 3458 1876 mittendo
3484 1819 3659 1874 disci-

2003 1911 2179 1983 pulos
2197 1911 2255 1965 in
2275 1914 2568 1966 mundum
2593 1912 2954 1974 universum,
2972 1908 3213 1974 invenit,
3236 1910 3401 1981 quod
3428 1922 3659 1980 quaere-

2002 1999 2109 2055 bat
2148 2016 2161 2055 :
2204 2004 2261 2055 et
2284 2000 2637 2056 convocavit
2666 1999 2895 2055 amicas
2910 2015 2979 2054 ac
3004 1999 3244 2064 vicinas,
3279 2003 3441 2069 puta,
3471 1996 3657 2051 admi-

2001 2089 2377 2145 nistratorios
2395 2087 2706 2158 exercitus,
2726 2088 2803 2143 ad
2834 2087 3316 2144 communionem
3339 2086 3655 2159 h'ijusmo-

2002 2178 2062 2234 di
2079 2180 2303 2251 gaudii.

2073 2360 2230 2413 Vers.
2265 2361 2347 2412 t0.
2381 2357 2475 2413 Ita
2505 2387 2573 2397 —
2623 2357 3013 2425 resipiscente.
3053 2354 3349 2410 Gaudium
3399 2353 3505 2409 erit
3533 2369 3657 2410 non

1999 2446 2195 2502 solum
2218 2462 2396 2516 super
2411 2446 2625 2513 multis,
2653 2446 2752 2500 sed
2787 2447 2964 2500 etiam
2992 2460 3174 2515 super
3196 2459 3336 2498 uno.
3366 2443 3424 2497 Id
3447 2448 3647 2500 autem

1997 2536 2271 2601 ostendit,
2306 2534 2491 2589 Deum
2531 2534 2909 2589 vehementer
2960 2533 3112 2587 sitire
3144 2531 3406 2603 cujusvis
3448 2547 3655 2601 pecca-

1998 2625 2139 2680 toris
2162 2623 2592 2696 pmnitentiam.
2618 2624 2940 2678 Drachmas
2965 2628 3166 2677 autem
3198 2621 3651 2677 nominavitor-

1998 2713 2191 2778 dines,
2238 2719 2439 2785 utpote
2473 2714 2569 2768 Dei
2599 2712 2755 2783 regis
2804 2712 3210 2767 characterem
3250 2708 3538 2766 habentes
3578 2724 3647 2765 ac

1996 2802 2347 2874 imaginem.

2071 2891 2321 2957 Quidam
2342 2891 2543 2964 itaque
2557 2896 2795 2947 centum
2817 2906 2948 2947 esse
2961 2905 3161 2945 omnes
3178 2888 3418 2945 ordines
3439 2902 3646 2943 sense-

1998 2987 2152 3047 runt,
2188 2981 2264 3037 ad
2314 2981 2665 3053 parabolam
2707 2986 2941 3037 centum
2983 2979 3190 3036 ovium
3236 2978 3647 3035 attendentes:

1996 3072 2244 3143 quidam
2262 3087 2401 3126 vero
2435 3072 2679 3125 alteram
2709 3070 2914 3126 decem
2946 3069 3375 3124 drachmarum
3395 3066 3651 3139 parabo-

293 3156 553 3234 δραχμῶν
596 3162 669 3224 εἰς
718 3169 1026 3237 συνηγορίαν
1105 3164 1466 3236 λαμϐάνοντες,
1538 3162 1666 3218 δέκα
1723 3167 1888 3218 ταῦτά

2005 3161 2119 3217 Iam
2142 3162 2200 3216 in
2225 3161 2621 3233 patrocinium
2645 3156 3029 3224 assumentes,
3046 3158 3253 3214 decem
3268 3158 3378 3212 hos
3399 3172 3531 3212 esse
3561 3157 3650 3211 di-

292 3269 469 3320 φασιν.
526 3251 701 3306 Ἐννέα
748 3256 838 3324 μὲν
886 3256 952 3305 τὰ
1011 3253 1245 3327 ούράνία,
1304 3257 1439 3306 κατὰ
1485 3258 1571 3306 τόν
1630 3255 1883 3330 Ἀρεοπα-

287 3343 443 3409 γίτην
492 3344 778 3405 Διονύσιον,
847 3347 1091 3415 Θρόνους,
1146 3343 1425 3415 Χερουϐὶμ,
1484 3352 1727 3418 Σεραφιμ,
1779 3351 1886 3397 Κυ-

288 3432 556 3500 ρίοτητας,
583 3433 847 3502 Δυνάμεις,
874 3432 1167 3495 Ἐξουσίας,
1227 3433 1445 3507 ’Δρχὰς,
1476 3433 1886 3504 Ἀρχαγγέλους,

290 3516 571 3589 Ἀγγέλους
612 3535 625 3549 ·
671 3515 885 3572 δέκατον
938 3517 1015 3586 δε,
1098 3524 1156 3573 τὸ
1213 3520 1453 3592 ἐπίγειον,
1518 3526 1639 3583 τοὺς
1700 3521 1892 3596 ἀνθρώ-

290 3623 441 3667 ποῦς.

363 3698 493 3764 Ἐγὼ
530 3692 589 3748 δὲ
614 3693 759 3769 οἶμαι
798 3703 886 3750 καὶ
933 3701 998 3750 τὰ
1046 3698 1224 3751 ἑκατόν
1273 3704 1362 3751 καὶ
1410 3702 1474 3751 τὰ
1503 3696 1649 3763 δέκα,
1692 3704 1763 3771 μὴ
1799 3719 1890 3756 ση-

275 3789 488 3852 μοείνειν
524 3782 779 3858 διαφορὰς
805 3788 1038 3859 ἀριθμῶν
1069 3790 1116 3839 έν
1147 3795 1261 3850 ταῖς
1306 3787 1627 3861 παραϐολαῖς
1655 3792 1885 3849 ταύταις,

278 3869 398 3924 ἀλλ’
450 3875 480 3933 ἡ
510 3880 662 3946 μόνον
710 3876 907 3937 πλῆθος
937 3879 1213 3947 ταγμάτοιν
1263 3877 1467 3930 τελειον.
1524 3878 1727 3938 Πλῆθος
1786 3881 1885 3952 γὰρ

278 3960 473 4014 τέλειον
499 3968 588 4016 καὶ
618 3966 642 4015 ὁ
676 3965 788 4035 (74)
822 3965 996 4017 ἑκατὸν
1022 3970 1110 4017 καὶ
1139 3969 1163 4017 6
1196 3963 1344 4020 δέκα.
1383 3966 1587 4027 Πλῆθος
1619 3963 1677 4018 δὲ
1705 3966 1887 4018 τέλειον

280 4054 338 4100 τὸ
376 4061 475 4103 τῶν
510 4054 787 4123 ταγμάτων
818 4057 1011 4105 τούτων
1037 4054 1266 4125 λέγομεν,
1293 4051 1433 4107 διότι
1462 4064 1695 4107 τοσαῦτα
1724 4063 1888 4106 ταῦτα

285 4138 438 4203 εἰσιν,
470 4142 569 4191 ὅσα
608 4138 735 4192 εἶναι
757 4138 862 4193 ἔδει
895 4182 907 4193 .
940 4142 1093 4195 Ἀλλὰ
1119 4152 1221 4203 πῶς
1276 4140 1428 4207 εἶπεν,
1482 4147 1560 4196 ὅτι
1606 4146 1763 4216 Εὗρον
1794 4150 1887 4202 τήν

287 4223 543 4299 δραχμὴν
600 4228 659 4286 ἢν
692 4228 934 4282 ἀπώλεσα
965 4250 976 4297 ;
1008 4232 1064 4283 ού
1106 4239 1204 4284 πᾶν
1242 4234 1339 4307 γάρ
1371 4237 1427 4284 τὸ
1474 4238 1618 4304 γένος
1648 4240 1889 4305 μετενόη-

290 4334 367 4367 σε.
411 4321 576 4389 Φαμὲν
608 4323 797 4381 τοίνυν,
833 4321 912 4371 ὅτι
943 4316 1120 4379 ἐπειδή
1155 4327 1244 4373 καὶ
1271 4328 1388 4387 πᾶν,
1420 4324 1540 4374 ὅσον
1599 4323 1727 4395 εὗρε,
1761 4319 1884 4395 δρα-

287 4410 405 4475 χμὴ
441 4403 500 4463 ἦν
558 4404 870 4469 ἀπολωλυία,
904 4408 1109 4471 εἰκότως
1153 4415 1242 4462 καὶ
1288 4419 1440 4463 τοῦτο
1476 4408 1729 4484 δραχμήν
1758 4410 1885 4464 ἀπο-

287 4490 507 4545 λωλυίαν
538 4494 794 4567 ὠνόμασε.

400 4589 542 4637 ΚΕΦ.
574 4582 696 4639 ΝΖ’.
729 4590 853 4660 Περὶ
900 4592 990 4637 τοῦ
1022 4584 1463 4659 ἀποδημήσαντος
1489 4589 1559 4652 εἰς
1598 4596 1780 4662 χώραν

973 4678 1198 4748 μακράν.

359 4757 481 4814 Εἷπε
536 4794 601 4803 -
647 4764 851 4825 ούσίας.
924 4770 1023 4818 Καὶ
1080 4765 1235 4824 ἄλλην
1285 4767 1478 4839 εἰσάγει
1565 4768 1883 4841 πολυωφελε-

287 4853 483 4908 στάτην
508 4852 830 4925 παραϐολήν,
858 4853 1244 4926 ύποφαίνονσαν
1292 4860 1385 4914 τήν
1437 4876 1490 4909 τε
1543 4854 1764 4929 δύναμιν
1795 4867 1883 4919 τῆς

286 4946 555 5011 μετανοίας
606 4950 705 4993 τῶν
768 4942 1102 5013 ἁμαρτωλῶν,
1154 4950 1243 4997 καὶ
1295 4948 1352 4997 τὸ
1411 4948 1626 5018 μέγεθος
1674 4954 1763 5007 τῆς
1808 4969 1882 5019 φι-

283 5028 611 5101 λανθρωπίας
640 5039 729 5083 τοῦ
761 5039 894 5085 Θεοῦ
942 5050 954 5061 '
985 5034 1074 5085 κάὶ
1128 5030 1222 5085 διὰ
1259 5037 1455 5097 ταύτης
1499 5036 1565 5096 εἰς
1611 5038 1882 5108 μετάνοιαν

282 5123 629 5192 προτρέπεται
708 5124 825 5181 τοὺς
916 5119 965 5173 iv
1066 5121 1346 5195 ἁμαρτίαις
1384 5144 1395 5156 ·
1439 5125 1707 5198 ἄνθρωπον
1792 5131 1880 5198 μεν

280 5210 684 5283 προσαγορεύων
726 5213 812 5262 τὸν
879 5209 1234 5285 φιλάνθρωπον
1305 5216 1509 5289 Πατέρα
1563 5218 1652 5267 καὶ
1709 5220 1873 5268 Θεόν·

2000 3257 2143 3306 cunt
2175 3270 2187 3306 ε
2218 3267 2430 3305 novem
2461 3251 2697 3321 quidem
2736 3250 3023 3311 caelestes.
3065 3248 3237 3317 juxta
3271 3244 3643 3316 Diomysium

2000 3340 2414 3411 Areopagitam
2439 3359 2450 3397 :
2478 3340 2769 3403 Thronos,
2798 3336 3139 3403 Cherubim,
3176 3334 3504 3405 Serapbim,
3535 3335 3644 3389 Do-

1999 3429 2374 3493 minationes,
2418 3428 2756 3491 Potestates,
2792 3426 3065 3491 Virtutes,
3113 3422 3496 3494 Principatus,
3540 3424 3647 3477 Ar-

1999 3518 2323 3588 changelos
2360 3521 2417 3572 et
2446 3516 2704 3586 Angelos
2736 3532 2750 3583 ;
2784 3515 3088 3570 decimum
3130 3528 3266 3568 vero
3318 3518 3645 3567 terrenum.

1997 3613 2158 3679 puta,
2187 3606 2481 3662 homines.

2071 3700 2191 3766 Ego
2237 3713 2372 3752 vero
2400 3697 2615 3767 opinor
2644 3700 2701 3750 et
2728 3700 2963 3750 centum
2996 3698 3053 3748 et
3082 3693 3288 3748 decem
3322 3692 3380 3746 in
3412 3690 3505 3747 his
3537 3707 3642 3763 pa~

1997 3786 2219 3842 rabolis
2241 3802 2360 3842 non
2380 3785 2711 3855 signiﬁcare
2735 3799 3118 3839 numerorum
3141 3780 3644 3843 diversitates,sed

1996 3881 2227 3931 tantum
2246 3875 2682 3930 multitudinem
2700 3873 2978 3929 ordinum
2997 3872 3354 3944 perfectam:
3385 3868 3645 3924 estenim

1997 3964 2255 4035 perfecta
2270 3964 2589 4019 multitudo
2610 3967 2669 4018 et
2688 3968 2927 4018 centum
2954 3968 3010 4017 et
3029 3961 3235 4015 decem
3264 3976 3278 4026 ;
3315 3958 3646 4014 multitudi-

1995 4069 2135 4109 nem
2161 4060 2361 4108 autem
2393 4053 2667 4108 ordinum
2693 4051 3017 4123 perfectam
3041 4065 3172 4105 esse
3198 4048 3475 4112 dicimus,
3503 4045 3644 4119 quia

1997 4148 2080 4199 tot
2109 4149 2245 4197 sunt
2277 4150 2423 4215 quot
2452 4158 2578 4197 esse
2621 4140 2902 4212 oportuit.
2965 4139 3077 4196 Sed
3114 4136 3426 4210 quomodo
3463 4134 3642 4190 dixit:

2000 4233 2206 4289 Inveni
2215 4233 2578 4296 drachmam,
2597 4247 2766 4303 quam
2783 4230 3185 4300 perdideram,
3198 4244 3329 4283 cum
3344 4241 3459 4281 non
3472 4240 3643 4281 omne

1993 4338 2179 4393 genus
2210 4322 2513 4392 resipuerit
2540 4327 2564 4373 ?
2601 4322 2878 4388 Dicimus,
2906 4318 3069 4392 quod
3100 4319 3642 4390 quantumcunque

1995 4409 2118 4475 fuit,
2159 4412 2316 4481 quod
2358 4410 2599 4474 invenit,
2638 4410 2698 4464 id
2736 4409 3028 4465 drachma
3053 4412 3181 4463 erat
3221 4405 3490 4477 perdita:
3529 4402 3646 4459 hoc

1923 4535 1966 4588 Β
1996 4502 2154 4555 enim
2199 4501 2403 4555 merito
2433 4500 2788 4555 drachmam
2823 4497 3117 4570 perditam
3156 4493 3498 4588 appellavit.

1996 4588 2151 4644 CAP.
2174 4588 2336 4647 LVII.
2371 4588 2454 4646 De
2480 4589 2708 4644 duobus
2736 4587 2899 4656 ﬁliis,
2922 4601 3171 4657 quorum
3218 4582 3422 4655 iunior
3460 4582 3640 4637 luxu-

2647 4677 2803 4733 riose
2834 4676 3002 4731 vixit.

2066 4768 2227 4823 Vers.
2280 4768 2363 4822 11.
2406 4767 2569 4822 Dixit
2595 4797 2663 4807 —
2692 4767 2857 4820 Vers.
2924 4768 3010 4819 t2.
3054 4760 3411 4817 substantiae.
3452 4758 3644 4815 Aliam

1992 4875 2232 4931 quoque
2273 4858 2493 4914 inducit
2522 4856 2787 4929 plurimae
2814 4855 3079 4910 utilitatis
3099 4852 3449 4925 parabolam
3476 4866 3644 4924 :qum

1994 4949 2111 5003 vim
2140 4948 2499 5019 poenitentia
2528 4962 2735 5001 eorum
2753 4946 2856 5017 qui
2882 4947 3296 5015 peccaverunt,
3328 4943 3647 4998 submons-

1992 5042 2106 5093 trat
2151 5046 2208 5093 et
2237 5038 2449 5093 divinae
2496 5035 2880 5106 benignitatis
2926 5032 3424 5101 magnitudinem,
3457 5036 3512 5086 et
3534 5045 3640 5101 per

1990 5126 2145 5182 hanc
2184 5131 2523 5198 peccatores
2553 5125 2624 5181 ad
2656 5122 3065 5197 paenitentiam
3096 5121 3445 5177 adhortatur
3474 5137 3489 5177 :
3526 5118 3643 5175 ho-

1992 5216 2213 5272 minem
2266 5215 2506 5287 quidem
2555 5213 2869 5288 appellans
2907 5210 3145 5267 Patrem
3194 5226 3266 5268 ac
3293 5211 3503 5278 Deum,
3536 5207 3644 5282 qui

1493 5416 1719 5487 Variae
1763 5417 2090 5488 lectiones
2123 5429 2188 5488 et
2220 5430 2423 5489 notae.

376 5607 468 5669 72)
501 5612 627 5661 Θεοῦ
658 5606 706 5660 iv
745 5616 818 5669 τῷ
854 5614 1087 5669 ποίηκεν.
1123 5610 1215 5666 Sic
1242 5612 1307 5667 Α.

376 5611 445 5662 72
501 5612 627 5661 Θεοῦ
658 5607 706 5660 iv
745 5616 818 5661 τῶ
854 5614 1087 5669 ποίηκεν.
1123 5610 1215 5666 Sic
1242 5612 1307 5667 Α.

354 5607 468 5751 $73;
504 5664 825 5753 βτθεονίὲίε
860 5696 1000 5753 ραεσ
1054 5682 1150 5737 931
1210 5683 1368 5747 med.
1402 5684 1485 5740 ita
1505 5683 1686 5743 habet
1718 5701 1730 5743 :
1761 5684 1879 5740 Ὀτι

279 5750 473 5822 λύχνον
494 5750 598 5823 ἧψε
621 5755 716 5810 τήν
744 5750 928 5805 ἑαυτοῦ
953 5750 1151 5829 σάρκα.
1467 5759 1470 5763 ’

2061 5616 2176 5690 (74)
2209 5614 2472 5690 '0__et_hic
2501 5618 2558 5690 et
2588 5614 2767 5690 paulo
2798 5617 2937 5689 post
2973 5613 3192 5671 omittit
3248 5617 3307 5672 Β.
3340 5613 3399 5673 Si
3429 5612 3642 5690 probe-

1992 5690 2103 5742 tur.
2136 5685 2478 5761 intelligitur
2505 5687 2745 5762 ἀριθμός.
2799 5685 2816 5689 ⁷
3388 5692 3391 5695 “
