4144 6314
593 318 730 377 1093

1925 318 2275 380 EUTHYMII
2329 307 2666 386 ZlGABENl

3822 334 3935 392 {02$

589 446 900 504 humanus
926 451 1036 516 est,
1081 447 1235 504 duos
1264 451 1466 506 autem
1498 449 1648 505 ﬁlios
1693 451 1844 522 ejus.
1878 467 2122 508 omnem
2146 453 2231 524 ju-

2357 443 2452 506 δύο
2485 453 2544 510 δὲ
2568 461 2712 520 υἱοὺς
2740 458 2922 526 αὐτοῦ,
2969 461 3135 512 πάντα
3177 455 3380 514 δίκαιον
3441 465 3527 514 καὶ
3569 460 3747 514 πάντα
3796 459 3936 536 ἁμαρ-

591 543 770 602 stum,
789 556 1147 612 omnemque
1165 547 1538 612 peccatorem
1561 557 1574 607 ;
1596 548 1682 597 est
1702 543 1860 598 enim
1879 544 2240 614 etjustorum

589 631 758 685 Pater
787 635 842 685 et
871 637 1268 702 peccatorum,
1314 636 1513 702 utpote
1555 648 1659 702 per
1689 632 1904 688 lavacri
1929 650 2244 706 regenera-

587 719 810 775 tionem
829 719 902 775 ab
919 721 1044 791 ipso
1063 722 1484 793 adoptatorum,
1509 721 1576 777 de
1600 721 1873 777 ﬁdelibus
1891 725 2039 778 enim
2059 740 2242 779 sermo

589 815 702 865 est.
730 809 1032 866 iuniorem
1058 827 1196 865 vero
1229 811 1565 867 nominavit
1626 817 2016 883 peccatorem,
2053 819 2115 868 ut
2139 813 2243 886 qui

588 898 887 970 pueriliter
920 900 1071 970 sapit
1100 899 1391 972 facileque
1439 899 1660 956 fallitur
1700 917 1712 956 :
1764 902 1866 973 qui
1898 903 2077 958 etiam
2105 903 2240 958 sub-

588 989 820 1044 stantia
858 996 1083 1059 partem
1115 1005 1252 1062 qua
1283 990 1393 1045 sibi
1431 989 1805 1055 obveniebat,
1841 992 2046 1062 petivit
2078 1009 2092 1046 :
2127 992 2241 1048 hoc

587 1077 937 1133 estliberum
961 1078 1294 1144 arbitrium,
1318 1081 1479 1150 quod
1497 1080 1546 1135 ei
1565 1095 1638 1136 ex
1662 1080 2238 1139 naturadebebatur.

588 1166 866 1239 Quisquis
905 1168 1066 1224 enim
1104 1168 1404 1240 pueriliter
1434 1171 1608 1242 sapit,
1642 1169 1897 1226 liberum
1928 1170 2119 1243 poscit
2149 1187 2240 1228 ar-

584 1255 840 1313 bitrium.

657 1347 1192 1418 Autobtingentem
1205 1348 1555 1406 substantia
1569 1355 1797 1421 partem
1816 1350 2237 1408 dicitdebitam

585 1452 653 1492 ex
673 1436 973 1510 baptismo
995 1439 1267 1505 gratiam.
1292 1439 1490 1494 Cuivis
1509 1441 1670 1495 enim
1707 1440 2007 1510 baptizato
2033 1441 2238 1498 divina

583 1526 762 1582 datur
788 1528 999 1597 gratia.
1055 1529 1395 1586 Substantia
1443 1535 1641 1586 autem
1683 1532 1805 1586 sive
1865 1531 2079 1586 divitia
2113 1532 2232 1587 Dei.

583 1619 722 1671 sunt
760 1617 1142 1684 charismata,
1201 1618 1261 1674 id
1314 1623 1422 1689 est,
1455 1620 1618 1676 dona
1669 1636 1806 1692 qua
1847 1619 2058 1676 dividit
2094 1619 2238 1674 ﬁde-

579 1705 758 1762 libus.

2353 543 2530 598 τωλὸν.
2563 545 2715 600 Ἐστι
2765 551 2866 623 γὰρ
2931 555 3110 624 Πατὴρ
3165 556 3254 603 καὶ
3309 560 3409 602 τῶν
3465 547 3692 603 δικαίων
3739 556 3935 602 καὶτῶν

2355 633 2690 710 ἁμαρτωλῶν,
2724 640 2788 698 ὡς
2827 641 3224 697 υἱοθετηθέντων
3261 640 3396 710 αὐτῷ
3447 637 3536 693 διὰ
3594 647 3690 692 τοῦ
3747 639 3936 714 λουτροῦ

2353 734 2449 787 τῆς
2495 725 2874 798 ἀναγεννήσεως
2930 746 2942 759 '
2989 735 3108 801 περὶ
3161 739 3258 780 τῶν
3316 739 3514 781 πιστῶν
3552 732 3663 802 γὰρ
3717 731 3742 780 6
3788 729 3934 798 λόγος.

2353 821 2607 888 Νεὼτερον
2656 814 2715 869 δὲ
2763 817 3004 890 ὀνομάζει
3090 823 3175 870 τον
3252 819 3576 892 ἁμαρτωλὸν,
3655 819 3725 879 ὡς
3786 824 3938 874 νηπιό-

2353 925 2512 978 φρονα
2539 911 2629 958 καὶ
2659 907 3056 974 εὖεξαπάτητον,
3098 908 3148 969 ὃς
3177 913 3265 960 καὶ
3314 909 3538 968 ἐζήτησε
3590 911 3652 958 τὸ
3688 905 3935 959 ἐπιϐάλλον

2350 999 2503 1068 μέρος
2539 1005 2634 1056 τῆς
2686 997 2888 1064 οὐσίας,
2921 1001 3058 1062 ἤτοι,
3119 1000 3176 1049 τὸ
3231 997 3284 1048 ἐκ
3348 1001 3570 1070 φύσεως,
3637 996 3935 1067 ὀφει)ὀμενον

2349 1084 2700 1147 αὐτεξούσιον.
2754 1092 2857 1146 Πᾶς
2901 1089 3002 1161 γὰρ
3038 1091 3333 1160 νηπιοφρων
3387 1087 3534 1147 ζητεί
3597 1089 3663 1138 τό
3725 1085 3936 1148 αὐτεξού-

2350 1192 2482 1228 σιον.

2415 1357 2482 1404 Ἤ
2525 1351 2792 1406 ἕπιϐαἿ.).ον
2844 1357 2998 1426 μέρος
3052 1354 3236 1416 οὐσίας
3287 1355 3441 1426 λέγει,
3491 1357 3548 1407 τὸ
3610 1351 3668 1406 ἐκ
3727 1360 3816 1406 τοῦ
3857 1351 3934 1424 βα-

2344 1445 2640 1513 πτίσματος
2691 1447 3115 1515 χρεωστούμενον
3171 1445 3440 1518 χάρισμα,
3474 1448 3646 1496 Παντὶ
3706 1445 3804 1516 γὰρ
3859 1441 3935 1514 βα·

2345 1533 2614 1583 πτισθέντι
2668 1534 2917 1606 χάρισμα
2977 1538 3120 1587 Θεῖον
3167 1530 3400 1589 δίδοται.
3457 1533 3639 1586 Otia-iu
3698 1529 3777 1597 δὲ,
3822 1537 3932 1595 ἤτοι,

2345 1619 2558 1682 πλοῦτος
2616 1629 2771 1690 Θεοῦ,
2827 1625 2893 1675 τὰ
2940 1626 3280 1696 χαρίσματα,
3331 1623 3366 1677 ἂ
3422 1620 3665 1695 διανέμει
3705 1631 3814 1683 τοῖς
3835 1641 3935 1675 πισ-

2345 1716 2450 1770 τοῖς
2486 1711 2621 1780 (75).

652 1797 695 1866 -ι-
725 1799 851 1852 Non
882 1797 1018 1869 quia
1054 1802 1320 1870 tempore
1355 1799 1576 1870 junior,
1604 1799 1707 1855 sed
1747 1799 1886 1871 quia
1913 1814 2093 1854 sensu
2134 1797 2429 1866 indigens.
2464 1805 2778 1872 menteque
2809 1801 3177 1858 inconstans.

654 1887 697 1956 -ι-
722 1888 802 1940 Ac
831 1886 878 1940 si
901 1886 1126 1943 diceret
1166 1905 1179 1943 ε
1213 1887 1378 1950 ΝοΙο,
1414 1887 1624 1956 urgeat
1655 1905 1739 1944 me
1769 1888 2063 1943 serviendi
2094 1887 2411 1943 necessitas
2445 1904 2458 1953 ;
2487 1887 2732 1945 liberum
2761 1896 2848 1947 est
2876 1892 3035 1946 enim
3085 1891 3230 1946 mihi
3286 1891 3626 1947 arbitrium.
3681 1892 3741 1946 Si
3793 1889 3930 1954 volo,

583 1974 897 2030 modestus
931 1992 1060 2030 sum
1100 1993 1116 2042 ;
1149 1977 1196 2032 si
1238 1977 1386 2042 nolo,
1419 1978 1550 2045 cogi
1581 1994 1832 2048 nequeo.
1870 1979 2038 2033 Pater
2059 1992 2200 2045 ergo
2231 1977 2487 2032 candide
2519 1979 2800 2050 impertiit
2833 1997 2846 2046 ;
2882 1981 3004 2036 vult
3053 1981 3211 2036 enim
3265 1981 3555 2036 Dominus
3609 1987 3672 2036 ut
3705 1980 3809 2036 sibi
3849 1995 3930 2032 vo-
4037 2001 4039 2068 ι

581 2062 837 2118 luntarie
865 2065 1169 2120 serviatur.
1200 2066 1421 2120 Deinde
1447 2081 1691 2138 peregre
1723 2067 2022 2137 profectus
2067 2073 2177 2120 est.
2235 2067 2364 2132 Quo
2394 2067 2421 2122 ‘I
2474 2070 2596 2123 Non
2630 2085 2665 2123 a
2714 2069 2843 2125 loco
2903 2071 2976 2124 ad
3012 2070 3232 2134 locum,
3290 2070 3393 2124 sed
3427 2076 3630 2125 mente
3662 2069 3931 2125 dicessita

584 2152 702 2206 Deo
726 2157 780 2206 et
823 2155 976 2207 Deus
1007 2153 1084 2208 ab
1108 2153 1206 2208 illo
1247 2159 1520 2226 :propter
1549 2156 1705 2226 quod
1743 2156 1921 2210 etiam
1955 2156 2110 2211 facta
2157 2160 2245 2208 est
2294 2153 2374 2208 illi
2441 2155 2631 2211 fames
2685 2157 2900 2222 valida,
2937 2175 3056 2214 non
3110 2159 3299 2216 fames
3331 2159 3505 2232 panis
3559 2164 3619 2216 et
3649 2174 3814 2232 aqua
3840 2155 3926 2212 sed

581 2239 773 2296 fames
815 2241 1096 2297 audiendi
1123 2243 1281 2298 verbi
1313 2245 1405 2299 Dei
1443 2260 1454 2298 :
1483 2246 1620 2316 quia
1643 2245 1831 2299 fames
1864 2246 2160 2300 bonorum
2194 2243 2513 2299 vehemens
2539 2251 2652 2304 est.

658 2329 827 2388 Vers.
885 2332 968 2388 1'2.
1001 2333 1077 2388 Et
1108 2365 1174 2374 ——
1204 2333 1606 2390 substantiam.
1639 2335 1910 2391 Liberum
1960 2334 2229 2390 videlicet
2259 2332 2308 2390 B

579 2418 886 2476 arbitrium
941 2421 1053 2477 illis
1083 2423 1278 2478 divisit
1323 2441 1337 2489 ;
1381 2425 1772 2479 substantiam
1824 2441 2088 2497 namque
2129 2430 2231 2480 aut

577 2507 886 2566 facultates
905 2511 1040 2567 ﬁliis
1069 2512 1332 2568 dividere
1360 2513 1503 2569 nihil
1526 2513 1683 2570 aliud
1717 2519 2021 2586 est,quam
2045 2514 2230 2571 libero

578 2599 823 2656 arbitrio
849 2600 981 2656 ilios
1032 2601 1366 2674 relinquere
1429 2624 1442 2660 :
1500 2603 1801 2658 neminem
1855 2605 2015 2659 enim
2073 2603 2234 2674 cogit

577 2689 756 2754 Deus,
797 2689 895 2760 qui
926 2690 1039 2762 ipsi
1070 2691 1214 2746 nolit
1235 2692 1498 2748 obedire.

649 2779 761 2834 Aut
790 2779 968 2836 etiam
1025 2779 1228 2837 divisit
1273 2782 1357 2836 eis
1406 2782 1800 2852 congruentia
1838 2782 2020 2847 dona,
2055 2787 2231 2856 prout

572 2865 804 2923 dictum
843 2873 948 2924 est.

649 2957 814 3012 Vers.
857 2962 936 3014 t3.
957 2959 1033 3012 Et
1057 2990 1126 2999 —-
1157 2959 1547 3030 longinquam.
1576 2960 1782 3016 Senior
1801 2961 2046 3032 quidem
2071 2961 2230 3032 apud

575 3051 808 3118 patrem
840 3049 1146 3116 remansit,
1167 3053 1457 3120 tanquam
1485 3049 1752 3121 prudens
1787 3068 1799 3105 :
1831 3050 2038 3122 junior
2069 3067 2224 3106 vero.

574 3136 953 3207 congregatis
981 3137 1283 3203 omnibus,
1313 3145 1478 3209 puta.
1533 3138 1722 3195 libero
1762 3140 1993 3206 arbitio,
2030 3157 2097 3196 ac
2133 3141 2228 3196 Dei

574 3224 758 3289 dono,
784 3225 875 3280 vel
901 3225 1182 3282 omnibus
1205 3227 1328 3282 suis
1357 3227 1786 3287 voluntatibus.
1811 3229 1869 3284 id
1901 3235 2010 3295 est,
2044 3231 2228 3285 domi-

574 3331 689 3370 nus
714 3314 948 3371 illorum
976 3317 1357 3382 constitutus,
1408 3333 1651 3390 peregre
1693 3319 1994 3390 profectus
2027 3325 2117 3375 est
2148 3320 2226 3375 ad

572 3408 902 3476 peccatum,
927 3404 1084 3478 quod
1109 3407 1268 3461 aDeo
1289 3407 1462 3477 longe
1476 3413 1788 3479 separatur
1820 3426 1832 3464 :
1864 3409 2042 3478 longe
2064 3411 2226 3465 enim

571 3492 724 3549 ﬁunt
752 3497 944 3559 aDeo,
996 3494 1098 3567 qui
1155 3500 1440 3566 peccant:
1482 3512 1605 3553 non
1651 3497 1765 3554 loci
1796 3498 2223 3568 segregatione,

574 3582 678 3638 sed
709 3583 956 3638 virtutis.

645 3671 808 3727 Vers.
849 3677 931 3729 13.
965 3674 1052 3730 Ac
1076 3673 1159 3730 ibi
1181 3706 1250 3715 —
1273 3691 1452 3731 suam.
1487 3674 2026 3748 Corrupitdonum,
2061 3678 2224 3750 quod
2263 3684 2302 3739 C

571 3775 609 3816 ιι
636 3759 1310 3836 baptismosusceperat,
1336 3769 1481 3836 puta
1497 3765 1715 3822 anima
1739 3766 2128 3836 nobilitatem,
2147 3767 2225 3822 ad

571 3850 814 3907 virtutes
863 3852 1270 3924 aptitudinem.
1314 3855 1450 3910 Hac
1489 3855 1648 3910 enim
1691 3860 1748 3911 et
1803 3857 2020 3913 similia
2059 3861 2227 3913 erant

570 3940 700 4010 ejus
739 3941 1074 3999 substantia
1105 3960 1173 3999 ac
1205 3943 1445 3999 divitia.

642 4030 803 4084 Vers.
856 4032 942 4086 13.
1014 4033 1271 4087 Vivendo
1322 4063 1392 4074 —
1459 4033 1777 4091 luxuriose.
1819 4035 2223 4106 Prodigaliter,

567 4118 1054 4189 intemperanter,
1084 4120 1424 4184 libidinose,
1441 4120 1682 4177 lascive.

643 4207 812 4264 Vers.
861 4209 947 4265 11.
992 4210 1256 4280 Cumque
1303 4226 1504 4266 omnia
1554 4214 2021 4282 consumpsisset.
2079 4216 2223 4271 Cum

573 4295 906 4368 abjecisset,
939 4302 1043 4355 ant
1094 4299 1436 4371 respuisset,
1467 4317 1842 4375 quacunque
1895 4304 2153 4362 habebat
2189 4322 2226 4364 a

573 4384 694 4440 Deo
723 4385 906 4442 bona.

642 4475 807 4532 Vers.
869 4476 956 4531 11.
1011 4477 1197 4534 Facta
1243 4482 1328 4534 est
1375 4509 1442 4520 —
1485 4481 1610 4536 illa.
1663 4480 1770 4538 Ubi
1829 4483 1989 4538 enim
2043 4483 2224 4539 divini

568 4563 802 4620 timoris
828 4563 1197 4623 frumentum
1228 4583 1346 4623 non
1375 4569 1603 4635 seritur,
1631 4570 1708 4626 ibi
1768 4570 1954 4628 fames
2003 4573 2222 4628 valida.

568 4669 692 4709 non
730 4655 924 4726 panis,
959 4656 1061 4712 sed
1095 4655 1324 4712 virtutis
1359 4674 1372 4724 ;
1407 4658 1507 4715 ubi
1536 4659 1799 4717 fertilitas
1829 4662 2024 4718 omnis
2059 4662 2222 4730 mali,

572 4742 652 4799 ibi
694 4743 965 4800 sterilitas
994 4746 1192 4801 omnis
1222 4746 1385 4813 boni,

641 4832 810 4887 Vers.
849 4835 931 4888 14.
964 4834 1040 4888 Et
1078 4865 1146 4877 —
1187 4851 1370 4903 egere.
1429 4838 1604 4892 Fame
1642 4838 1854 4909 premi,
1884 4838 2118 4911 dilapso
2149 4839 2227 4895 ab

581 4936 652 4977 eo
691 4923 854 4978 omni
894 4922 1078 4990 bono,
1110 4925 1360 4998 solaque
1390 4924 1820 4986 incontinentis
1847 4927 2144 4985 derelicta.

655 5100 824 5158 Vers.
864 5106 946 5158 15.
976 5102 1345 5160 Et—illius.
1375 5101 1542 5159 Cives
1566 5105 1824 5175 regionis
1871 5105 2050 5171 illius,
2085 5110 2228 5179 puta

581 5188 834 5261 peccati,
857 5195 998 5247 sunt
1027 5191 1350 5250 damones.
1393 5191 1718 5250 Distractus
1747 5210 1887 5266 ergo
1918 5211 1946 5250 a
1983 5201 2166 5267 patre,
2191 5211 2228 5252 o

579 5292 868 5350 magnam
897 5281 1258 5339 dementiam
1289 5281 1302 5338 Ι
1328 5281 1871 5341 adhasitinimico:
1907 5288 1962 5340 et
1985 5285 2085 5356 qui
2105 5300 2229 5341 non

2423 2344 2522 2392 Καὶ
2548 2369 2615 2378 -
2647 2338 2783 2411 βίον.
2811 2337 3007 2409 ’Ἠγουν
3040 2338 3404 2401 αὐτεξουσίους
3458 2338 3655 2401 αὐτοὺς
3703 2337 3915 2390 umis”.

2339 2435 2408 2484 T6
2436 2435 2534 2504 γὰρ
2564 2427 2747 2482 διελεῖν
2773 2431 2860 2480 τὸν
2897 2427 3034 2500 βίον,
3064 2431 3247 2491 εἶτουν,
3281 2432 3374 2484 τὴν
3407 2428 3623 2496 οὐσίαν,
3658 2435 3761 2488 τοῖς
3790 2429 3916 2486 υἱοῖς,

2341 2517 2492 2573 οὐδὲν
2523 2520 2688 2591 ἕτερον
2722 2516 2882 2582 ἐστιν,
2923 2518 2952 2576 ὴ
3009 2520 3066 2568 τὸ
3123 2516 3492 2580 αὐτεξουσίως
3527 2517 3722 2578 αὐτοὺς
3758 2515 3918 2567 umis}-

2344 2630 2454 2664 σαν.
2491 2605 2694 2661 Οὐδένα
2717 2609 2818 2680 γὰρ
2842 2608 2867 2658 6
2897 2610 3022 2667 Θεὸς
3058 2605 3341 2678 ἀναγκάζει
3366 2611 3436 2680 μὴ
3493 2605 3801 2680 βουλόμενον
3828 2622 3912 2655 πει-

2342 2701 2558 2773 θαρχεῖν
2591 2697 2752 2766 αὐτῷ.

2411 2788 2479 2842 Ἦ
2511 2793 2600 2840 καὶ
2667 2783 2851 2839 διεῖλεν
2905 2784 3076 2846 αὐτοῖς
3115 2787 3179 2837 τὰ
3235 2789 3580 2859 προσήκοντα
3634 2789 3908 2859 χαρίσματα

2339 2881 2507 2938 καθὼς
2537 2881 2754 2950 εἵρηται.

2410 2970 2608 3023 Καὶ-
2659 2967 2884 3039 μακράν.
2924 2963 2982 3017 Ὀ
3022 2967 3110 3036 μὲν
3155 2964 3498 3037 πρεσϐύτερος
3529 2969 3788 3039 παρέμεινε
3813 2963 3896 3030 (76)

2338 3065 2410 3127 τῷ
2464 3059 2643 3128 πατρὶ,
2703 3058 2766 3115 ὡς
2807 3059 3053 3126 φρόνιμος
3105 3071 3117 3083 ·
3163 3056 3188 3106 6
3247 3051 3305 3106 δὲ
3348 3059 3592 3126 νεώτερος
3645 3055 3894 3122 συναγαγὼν

2337 3146 2559 3209 ἅπαντα,
2592 3148 2650 3197 τό
2703 3163 2758 3196 τε
2811 3143 3145 3205 αὐτεξούσιον
3196 3146 3382 3194 καὶτὸ
3436 3145 3579 3196 Θείον
3628 3136 3878 3216 χάρισμαλ

2337 3235 2541 3287 ἅπαντα
2568 3236 2632 3285 τὰ
2661 3233 2845 3286 ἑαυτοῦ
2897 3232 3180 3304 θελήματα,
3235 3236 3497 3295 τουτέστι,
3553 3238 3720 3306 κύριος
3755 3227 3884 3279 αὐτῶν

2336 3325 2621 3389 καταστὰς,
2655 3318 2994 3393 ἀπεδήμησεν
3027 3322 3093 3380 εἰς
3123 3326 3214 3379 τὴν
3266 3320 3550 3395 ἁμαρτίαν,
3602 3328 3688 3380 τὴν
3733 3316 3893 3391 μακρὰν

2335 3420 2426 3465 τοῦ
2457 3419 2590 3464 Θεοῦ
2644 3415 2901 3482 κειμένην.
2948 3408 3127 3484 [1άρρω
3153 3413 3253 3480 γὰρ
3302 3417 3393 3461 τοῦ
3447 3417 3590 3462 Θεοῦ
3645 3403 3897 3479 γίνονταιιοὶ

2337 3501 2734 3574 ἁμαρτάνοντες,
2785 3499 2878 3551 οὐκ
2905 3497 3244 3574 ἀναχωρήσει
3291 3503 3472 3564 τόπου,
3516 3498 3630 3551 ἀλλ’
3669 3495 3899 3568 ἀναχωρή-

2338 3611 2417 3644 σει
2437 3599 2530 3651 τῆς
2559 3589 2710 3661 ἁρετῆ
2725 3609 2763 3649 ς.

2410 3684 2510 3733 Καὶ
2531 3678 2633 3731 ἐκεῖ
2663 3710 2729 3718 -
2758 3677 2934 3732 αὐτοῦ.
2972 3678 3230 3750 Διέφθειρε
3258 3680 3317 3729 τὸ
3348 3676 3403 3729 ἐκ
3445 3685 3536 3730 τοῦ
3573 3677 3900 3750 βαπτίσματος

2340 3772 2603 3842 χάρισμα,
2637 3772 2730 3826 τὴν
2760 3774 2854 3827 τῆς
2899 3767 3086 3838 ψυχῆς
3135 3767 3409 3838 εὐγένειαν,
3463 3771 3559 3824 τὴν
3592 3771 3713 3839 πρὸς
3748 3763 3899 3836 ἀρετὰς

2335 3853 2751 3914 ἐπιτηδειότητα.
2794 3863 2970 3908 Ταῦτα
2994 3859 3094 3928 γὰρ
3122 3861 3212 3908 καὶ
3243 3858 3310 3908 τὰ
3338 3863 3552 3908 τοιαῦτα
3614 3853 3738 3914 ἦσαν
3773 3851 3901 3904 οὐσία

2333 3951 2423 3998 καὶ
2457 3946 2675 4008 πλοῦτος
2716 3945 2896 3998 αὐτοῦ.

2405 4042 2514 4087 Ζῶν
2547 4067 2611 4076 -
2639 4033 2872 4097 ἀσώτως.
2905 4031 3172 4107 Ἀφειδώς,
3209 4033 3464 4109 ἀκρατῶς,
3507 4034 3805 4092 ἀκολάστως.

2408 4218 2615 4271 Δαπανὴ
2627 4233 2814 4275 σαντος
2840 4209 2874 4266 δ
2877 4217 2898 4266 ε
2942 4213 3102 4265 αὐτοῦ
3125 4216 3311 4269 πάντα.
3345 4213 3709 4272 Ἀποὸαλὸντος
3732 4209 3890 4276 πάντα,

2338 4304 2438 4356 ὅσα
2463 4299 2600 4375 εἶχεν
2632 4301 2686 4354 ἐκ
2711 4309 2857 4368 Θεοῦ,
2891 4301 3082 4375 ἀγαθοί.

2409 4481 2630 4553 Ἐγένετο
2657 4513 2721 4523 -
2745 4482 2958 4539 ἐκείνην.
2989 4480 3278 4554 Ὀπου’γὰρ
3307 4481 3332 4533 6
3351 4489 3444 4534 τοῦ
3459 4484 3587 4535 θείου
3608 4478 3748 4552 φόϐου
3769 4482 3889 4530 σῖτος

2338 4572 2396 4624 οὐ
2417 4579 2741 4646 γεωργεῖται,
2802 4569 2907 4623 ἐκεῖ
2939 4569 3086 4643 λιμὸς
3148 4571 3394 4645 ἰσχυρὸς,
3449 4572 3536 4624 οὐκ
3583 4571 3738 4640 ipsae,
3788 4559 3883 4610 ἀλλ’

2339 4661 2521 4735 ἀρετῆς
2548 4681 2561 4694 ’
2588 4663 2715 4712 ὃπου
2747 4660 2959 4734 εὐφορία
3014 4663 3206 4722 παντὸς
3231 4668 3414 4728 κακοῦ,
3445 4663 3541 4712 ἐκεῖ
3571 4655 3732 4726 ἀφορία
3764 4666 3872 4698 παν·

2338 4754 2426 4813 τὸς
2455 4749 2634 4803 καλοῦ.
3805 4823 3815 4836 δ

2413 4843 2511 4893 Καὶ
2543 4871 2609 4879 -
2659 4839 3012 4912 ὑστερεῖσθαι.
3081 4840 3348 4905 Πένεσθαι,
3410 4834 3714 4912 διαῤῥυέντος
3764 4830 3888 4893 αὐτῷ

2337 4931 2528 4990 παντὸς
2591 4926 2813 4999 ἀγαθοῦ,
2877 4932 2965 4980 καὶ
3017 4932 3181 5000 μόνης
3225 4927 3612 5000 ὑπολειφθείσης
3647 4929 3729 4980 τῆς
3759 4915 3897 4989 ἀκρα-

2259 5036 2302 5090 D
2341 5022 2454 5078 σίας
2485 5016 2621 5088 (77).

2415 5104 2841 5167 Καὶ-ἐκείνης.
2898 5104 3116 5158 Πολίται
3169 5113 3265 5166 τῆς
3325 5111 3508 5180 χώρας
3559 5103 3757 5169 ἐκείνης,
3804 5099 3906 5154 ἦτοι

2339 5204 2428 5256 τῆς
2483 5194 2762 5269 ἁμαρτίας,
2817 5197 2866 5248 οἱ
2920 5191 3164 5268 δαίμονες
3217 5231 3232 5247 .
3293 5193 3614 5270 ἀπορῥαγεὶς
3687 5186 3767 5244 οὖν
3831 5189 3909 5238 τοῦ

2338 5287 2552 5359 πατρὸς,
2606 5288 2645 5336 ὦ
2699 5284 2890 5348 πολλῆς
2934 5283 3104 5346 ἀνοίας
3145 5282 3439 5343 Ῐὲκολλήθη
3501 5292 3572 5358 τῷ
3611 5282 3795 5358 ἐχθρῷ,
3833 5280 3916 5332 καὶ

1771 5462 1994 5531 Varia
2045 5462 2373 5533 lectiones
2427 5473 2492 5532 et
2530 5471 2730 5532 nota.

659 5651 937 5728 (ξζὸλρρεῑ
963 5652 1088 5728 hac
1114 5655 1236 5712 duo
1268 5654 1494 5714 scholia
1525 5671 1556 5711 e
1584 5658 1857 5728 margine
1893 5659 1984 5714 sui
2015 5659 2236 5716 codicis

579 5720 808 5781 addidit
841 5725 1176 5795 Hentenius,
1200 5742 1462 5801 quorum
1495 5726 1656 5784 nulla
1683 5720 1911 5802 revperio
1931 5730 2201 5801 vestigia.

2421 5659 2533 5804 (76;
2555 5661 2829 5733 Παρέμενε.
2863 5662 2930 5715 Α.

2421 5731 2507 5804 (77
2553 5737 2659 5793 Τῆς
2681 5731 2930 5804 ἀκαθαρσι

2419 5731 2533 5806 (77)
2553 5731 2659 5793 Τῆς
2681 5731 3026 5808 ἀκαθαρσίας.
3057 5733 3124 5789 Α.
