4144 6314
262 375 400 439 4025
1298 327 1678 423 COMMENT.
1737 372 1808 430 [Ν
1851 361 2102 435 LUCAM.
2143 410 2210 420 —
2250 378 2410 437 CAP.
2461 366 2590 436 xv.
3523 368 3655 436 1026

260 529 332 581 μη
398 508 751 580 ἀνασχόμενος
818 508 1118 578 πειθαρχεῖν
1180 512 1251 577 τῷ
1325 482 1670 572 φιλουθρὼπῳ
1728 510 1860 577 Θεῷ,

2010 505 2337 561 ustinuerat
2354 519 2557 575 parere
2579 503 2699 558 Deo
2723 488 3196 565 humanissimo,
3216 502 3452 559 servivit
3473 504 3644 559 inhu-

262 596 499 651 ἐδούλευε
532 606 604 668 τῷ
645 600 996 671 μισανθρώπῳ
1030 594 1259 669 δαίμονι.

1030 594 1259 669 δαίμονι.
1980 598 2319 651 manissimo
2361 592 2641 649 daamoni.

337 693 438 740 Καὶ
497 718 565 727 _
612 692 847 761 χοίρους,
908 688 1088 748 Οὕτως
1159 688 1207 738 οἱ
1275 682 1519 756 δαίμονες
1566 676 1866 754 ἀμείϐονται

2047 686 2212 740 Vers.
2244 686 2329 738 15.
2390 686 2590 754 Atque
2618 713 2686 721 —
2709 696 2930 751 porcos.
2987 678 3069 735 Ita
3089 677 3391 737 daemones
3444 696 3638 737 remu-

260 781 386 839 τοὺς
429 776 781 849 κολλωμένους
827 776 1026 837 αὐτοῖς.
1083 777 1237 834 Δηλοῖ
1288 772 1345 827 δε
1393 775 1419 825 6
1463 772 1633 845 λόγος,
1682 782 1774 834 την
1819 775 1865 828 ἔ-

2001 780 2191 829 terant
2229 789 2353 838 eos,
2414 773 2517 844 qui
2565 771 2673 827 sibi
2719 771 3044 827 adhaerent.
3099 770 3396 842 Signiﬁcat
3434 776 3637 827 autem

262 868 478 938 σχοίτην
504 875 595 919 τοῦ
628 864 807 918 ἀθλίου
850 863 1105 929 δουλείαν,
1136 865 1535 939 ἐπιταττομένου
1579 870 1643 918 τά
1688 870 1865 939 ἀτιμο-

2002 880 2170 919 .ermo
2195 870 2517 919 extremam
2551 862 2753 917 miseri
2789 863 3153 926 servitutem,
3205 862 3298 917 cui
3346 860 3638 931 indignis-

256 976 415 1010 τατα,
470 960 564 1007 Διά
610 963 763 1008 τοῦτο
791 958 891 1027 γὰρ
935 960 1023 1007 καὶ
1084 955 1323 1007 πλατύνει
1369 961 1463 1013 τὴν
1505 955 1801 1030 παραϐολὴν
1842 957 1868 1008 6

2013 955 2135 1010 ima
2157 953 2600 1025 praecipiuntur.
2628 952 2944 1024 PrOpterea
2967 950 3127 1007 enim
3149 950 3359 1007 dilatat
3380 950 3642 1007 Christus

258 1048 521 1115 Χριστὸς,
580 1050 669 1096 καὶ
711 1044 1033 1119 λεπτομερῶς
1079 1042 1403 1117 ἐκτραγῳδεῖ
1455 1047 1521 1097 τά
1572 1054 1667 1107 τῆς
1733 1065 1868 1118 συμο

2002 1043 2351 1108 )arabolam,
2367 1048 2422 1097 et
2435 1044 2772 1097 minutatim
2789 1058 2884 1096 am
2895 1041 3264 1112 pliﬁcatquae
3279 1039 3638 1096 calamitatis

255 1141 445 1208 φορᾶς,
509 1136 592 1186 ἱνα
641 1136 884 1206 μάθωμεν
952 1131 1038 1185 οἶα
1088 1136 1395 1205 πάσχουσιν
1447 1137 1495 1186 οἱ
1553 1134 1870 1207 ἀποφοιτῶν-

2004 1140 2185 1190 erant:
2220 1140 2282 1189 ut
2321 1135 2625 1189 discamus
2682 1131 2887 1204 qualia
2937 1132 3241 1203 patiantur
3272 1131 3307 1185 ii
3337 1132 3442 1202 qui
3477 1147 3512 1186 a
3542 1129 3640 1185 Dei

254 1243 342 1286 τες
382 1232 485 1275 τῶν
543 1222 754 1275 ἑντολῶν
806 1230 893 1274 τοῦ
945 1230 1098 1290 Θεοῦ,
1132 1229 1216 1275 καὶ
1272 1228 1608 1297 πορευόμενοι
1647 1228 1780 1277 κατά
1810 1228 1867 1276 16

2006 1225 2285 1297 praeceptis
2313 1222 2615 1289 recedunt,
2659 1228 2715 1278 et
2764 1221 2886 1277 suis
2916 1219 3326 1277 voluntatibus
3359 1220 3642 1290 gradiun-

250 1309 399 1364 ἴδιον
425 1312 645 1370 θέλημα.
1980 1318 2095 1369 tur.

326 1332 399 1364 ιον
425 1332 645 1385 υεΑημα,

326 1399 443 1453 Εἶεν
483 1398 534 1452 δ’
580 1399 639 1451 ἂν
681 1400 832 1472 ἀγροὶ
872 1404 962 1472 μεν
991 1408 1083 1452 τοῦ
1126 1397 1370 1473 δαίμονος
1401 1403 1453 1453 αἱ
1497 1403 1713 1475 ἄσεμνοι
1754 1400 1870 1456 δια-

2008 1332 2247 1459 lu1.30test
2275 1417 2518 1474 quoque
2566 1399 2703 1456 villa
2740 1397 3035 1454 daemonis
3088 1398 3199 1454 dici
3225 1396 3474 1469 indigna
3503 1412 3644 1453 con-

242 1488 454 1563 τριϐαί·
511 1496 712 1563 χοῖροι,
740 1486 799 1541 δε
840 1491 889 1541 οἱ
938 1486 1208 1561 φιλήδονοι
1260 1496 1349 1542 καὶ
1401 1489 1756 1566 βορϐορώδεις
1784 1493 1867 1545 λο-

2005 1493 2231 1548 νθνεδῐὶο
2287 1510 2301 1560 ;
2363 1492 2523 1563 porci
2575 1506 2736 1556 vero,
2788 1488 3123 1559 voluptates
3202 1503 3271 1543 ac
3346 1486 3641 1542 lutulentae

234 1585 469 1651 γισμοὶ,
530 1578 614 1639 οῦς
683 1580 708 1630 6
782 1579 1107 1653 ταλαίπωρος
1189 1584 1385 1655 τρέφειν
1455 1586 1544 1633 καὶ
1612 1587 1868 1656 περιέπειν

2009 1581 2389 1651 ogitationes,
2422 1596 2572 1652 quas
2619 1578 2798 1633 miser
2834 1592 3075 1649 pascere
3103 1592 3171 1632 ac
3216 1576 3412 1631 fovere
3437 1576 3645 1646 jussus

233 1688 439 1742 προσετ
463 1672 667 1725 ἐτακτο.
1978 1676 2085 1728 est.

315 1763 420 1811 Καὶ
473 1788 538 1799 --
585 1764 782 1831 χοῖροι.
844 1759 1067 1832 Κεράτία
1106 1761 1240 1809 κατά
1286 1756 1575 1830 ἀναγωγὴν,
1630 1763 1683 1812 αἰ
1742 1758 1868 1819 ἠδο-

2050 1761 2209 1815 Vers.
2243 1759 2337 1815 16.
2378 1758 2453 1813 Et
2484 1787 2552 1796 —
2579 1756 2762 1825 porci.
2799 1754 3060 1827 Siliquae,
3106 1754 3275 1825 juxta
3304 1768 3643 1825 anagogen,

238 1852 349 1911 ναὶ,
411 1848 515 1908 οιῖς
569 1850 617 1898 οὶ
674 1844 984 1907 δηλωθέντες
1038 1846 1284 1919 λογισμοὶ
1340 1853 1627 1920 τρέφονται.
1666 1849 1866 1926 Ὠσπερ

2007 1850 2310 1920 'oluptates
2377 1852 2533 1915 sunt,
2610 1844 2829 1917 quibus
2892 1845 3187 1915 praedictae
3254 1845 3643 1912 cogitationes

237 1940 343 2010 γὰρ
393 1936 578 1988 ἐκεῖνα
618 1936 988 2006 γλυκαίνουσιν
1043 1934 1125 1988 ἐπὶ
1158 1935 1341 2009 βραχύ
1378 1943 1470 1995 τὴν
1513 1945 1715 2009 γεῦσιν,
1760 1936 1870 1991 εἶτα

2008 1940 2341 1995 nutriuntur.
2372 1934 2899 2001 Quemadmodum
2930 1934 3089 1988 enim
3116 1932 3344 2005 siliquae
3373 1933 3444 1987 ad
3466 1932 3644 1988 breve

243 2031 556 2099 στύφουσιν
604 2028 684 2078 ἐπὶ
727 2025 917 2078 πλεῖον·
973 2026 1105 2077 οὕτω
1152 2032 1240 2078 καὶ
1270 2028 1424 2079 αύται
1472 2032 1528 2079 1'6
1560 2033 1648 2100 μὲν
1680 2025 1871 2086 ἡδύνον

2006 2029 2244 2101 ιρᾶὶίυω
2298 2025 2495 2095 gustui
2535 2023 2898 2090 dulcescunt,
2932 2022 3146 2077 deinde
3202 2030 3263 2076 ut
3317 2021 3642 2093 plurimum

241 2126 470 2191 πρῶτον
498 2121 587 2167 καὶ
611 2135 929 2189 προσκαιρον
959 2118 1177 2187 ἔχουσι’
1219 2119 1276 2168 τὸ
1309 2114 1367 2169 δε
1398 2126 1688 2192 πικραῖνον,
1719 2119 1875 2171 ὕστε-

2010 2118 2393 2185 :onstringunt
2426 2131 2438 2168 :
2465 2114 2548 2169 ita
2578 2119 2633 2168 et
2651 2112 2708 2167 in
2732 2112 2843 2176 his,
2864 2112 3026 2183 quod
3048 2126 3230 2166 suave
3249 2116 3358 2175 est,
3382 2109 3646 2181 primum

242 2225 337 2282 ρον
369 2210 479 2258 καὶ
520 2205 747 2257 αἰώνιον.

2008 2212 2042 2262 ιι
2062 2208 2139 2263 ad
2163 2214 2397 2277 tempus
2418 2203 2655 2267 habent,
2680 2202 2845 2275 quod
2876 2207 3078 2257 autem
3109 2216 3386 2256 amarum
3416 2207 3471 2256 et
3487 2215 3644 2256 acer-

1982 2298 2151 2362 bum,
2184 2294 2483 2367 posterius
2514 2296 2603 2348 est
2631 2308 2698 2347 ac
2726 2296 3036 2347 aeternum.

328 2390 437 2439 Καὶ
522 2381 693 2445 οὐδεὶς
775 2382 960 2437 ἐδίδου
1027 2386 1187 2457 αύτῷ.
1265 2383 1453 2448 Οὐδεὶς
1501 2384 1683 2440 ἐδίδου
1735 2387 1873 2458 αύτῷ

2054 2387 2201 2441 Vers
2216 2428 2228 2440 .
2256 2384 2344 2439 16.
2358 2382 2801 2453 Necquisquam
2814 2381 2905 2435 illi
2918 2381 3115 2437 dabat.
3136 2378 3345 2435 Nullus
3362 2378 3444 2433 illi
3463 2378 3649 2435 daba-

250 2477 614 2551 κορεσθῆναι.
648 2481 885 2527 Τοιοῦτοι
925 2478 1025 2547 γὰρ
1067 2477 1115 2526 οἱ
1163 2472 1423 2548 δαίμονες,
1474 2477 1568 2528 οὐκ
1611 2475 1735 2529 ἕὼσί
1760 2497 1875 2528 τινα

2109 2475 2437 2529 satietatem
2472 2470 2865 2542 ;hujusmodi
2897 2470 3052 2524 enim
3112 2469 3415 2523 daemones
3464 2466 3648 2522 nemi-
3712 2486 3716 2496 ·

253 2566 588 2640 κορεσθῆναι
650 2560 973 2635 φιληδονίας,
1018 2565 1099 2615 ἴνα
1151 2569 1221 2636 μὴ
1272 2570 1413 2635 ταχύ
1466 2569 1736 2623 παύσηται
1780 2575 1873 2627 τῆς

2011 2582 2121 2621 tem
2148 2564 2353 2617 sinunt
2375 2560 2573 2615 satiari
2614 2558 3119 2630 voluptatibus,ne
3145 2558 3314 2611 citius
3337 2574 3372 2613 a
3404 2560 3647 2628 peccato

260 2654 554 2727 ἁμαρτίας,
584 2652 662 2706 ἀεὶ
695 2651 753 2706 δε
784 2659 875 2711 τὴν
909 2654 1071 2727 ὄρεξιν
1100 2652 1391 2726 ἐρεθίζουσι
1421 2659 1507 2705 καὶ
1552 2652 1875 2726 ἀποκάμνου-

2014 2654 2246 2726 [υἱθεοειι
2274 2667 2287 2706 :
2320 2664 2554 2720 semper
2584 2648 2732 2702 enim
2751 2648 3008 2703 excitant
3036 2645 3368 2719 appetitum
3395 2661 3464 2701 ac
3486 2643 3650 2700 defa-

260 2765 363 2798 σαν
395 2744 770 2816 ἀνεγείρουσιν.

1984 2740 2328 2812 tigationem
2378 2737 2683 2793 suscitant.

338 2834 433 2894 Εἰς
484 2832 663 2883 ἑαυτὸν
717 2828 775 2883 δε
836 2829 1011 2900 ἐλθών,
1057 2831 1273 2883 Ἑαυτοῦ
1312 2836 1591 2903 γενόμενος,
1637 2834 1661 2883 6
1708 2832 1870 2897 ἐστιν,

2055 2830 2220 2885 Vers.
2278 2834 2356 2884 17.
2414 2830 2485 2883 In
2529 2843 2588 2883 se
2653 2832 2849 2883 autem
2904 2839 3189 2881 reversus.
3247 2823 3349 2880 Sui
3395 2837 3646 2895 compos

260 2920 567 2990 ἀνανήψας,
600 2923 667 2981 ὡς
700 2920 812 2991 (78)
852 2919 906 2971 ἐκ
951 2922 1113 2992 μέθης
1149 2926 1238 2972 καὶ
1277 2923 1459 2995 κεὶρου⁸
1491 2919 1745 2992 ἀφυπνισε
1773 2925 1873 2996 γὰρ

2012 2919 2229 2975 Πθοίιιε
2291 2936 2305 2972 :
2360 2918 2474 2973 hoc
2544 2920 2650 2982 est,
2710 2924 2996 2987 tanquam
3067 2915 3490 2987 expergiscens
3571 2910 3648 2969 ab

259 3010 430 3061 αὐτὸν
470 3011 499 3066 ἡ
534 3011 875 3062 κακοπάθεια.

1985 3009 2290 3075 ebrietate,
2325 3006 2615 3079 gravique
2655 3022 2891 3073 somno,
2944 3010 3000 3061 et
3037 3005 3411 3076 resipiscens.

338 3094 473 3151 Εἶπε
521 3127 588 3138 -
645 3096 955 3170 ἀπόλλυμαι.
1006 3100 1266 3161 Μισθίους
1311 3101 1400 3172 μὲν
1448 3104 1549 3152 νόει
1601 3100 1715 3172 (79)
1764 3120 1874 3173 μοι,

2056 3100 2219 3155 Vers.
2260 3103 2341 3153 17.
2394 3098 2566 3153 Dixit
2609 3128 2676 3135 —
2708 3111 2901 3167 pereo.
2935 3094 3326 3150 Mercenarios
3382 3091 3650 3162 intelligi-

255 3191 393 3247 τοὺς
439 3188 509 3238 ἔτι
568 3192 1019 3259 κατηχουμένους,
1074 3193 1162 3240 καὶ
1211 3194 1367 3260 μήπω
1410 3186 1503 3241 διὰ
1551 3198 1642 3242 τοῦ
1676 3188 1876 3261 βαπτί-

2013 3206 2122 3243 nus
2148 3204 2249 3243 eos
2278 3187 2381 3258 qui
2412 3186 2606 3240 adhuc
2660 3188 2799 3239 sunt
2828 3184 3263 3249 catechumeni,
3294 3187 3349 3238 et
3376 3181 3649 3237 nondum

259 3295 470 3349 σματος
500 3277 909 3345 υἱοθετηθέντας,
952 3279 1023 3337 οἷς
1053 3280 1243 3349 μισθὸς
1288 3286 1377 3339 τῆς
1407 3284 1625 3339 πίστεως
1666 3277 1877 3332 δίδοται

2016 3295 2091 3334 μοι*
2106 3276 2476 3349 baptismum
2501 3274 2783 3344 adoptati,
2813 3274 3026 3345 quibus
3044 3289 3271 3327 merces
3292 3272 3431 3327 ﬁdei
3453 3270 3652 3326 datur-

256 3369 289 3425 ἠ
366 3367 612 3417 υἱοθεσία
644 3385 655 3398 ι
700 3368 893 3438 ἄρτους
952 3363 1030 3431 δὲ,
1084 3370 1181 3428 τὰς
1223 3369 1493 3441 θρεπτικάς
1550 3377 1647 3420 τῶν
1686 3368 1877 3440 ψυχῶν

2014 3375 2132 3422 iuta
2179 3366 2460 3435 adoptio:
2505 3380 2691 3434 panes
2744 3379 2902 3426 vero.
2958 3362 3255 3417 doctrinas
3312 3361 3650 3415 animarum

260 3452 648 3515 διδασκαλίας.
681 3461 844 3512 Φησὶν
889 3452 975 3507 οὖν
1019 3454 1073 3507 ἐκ
1107 3454 1301 3528 βαθους
1338 3453 1581 3531 καρδίας·
1604 3455 1686 3527 ε”Ω
1723 3462 1879 3509 πόσοι

2018 3455 2322 3511 iutritivas.
2372 3452 2519 3507 Dicit
2569 3468 2711 3521 ergo
2764 3451 2841 3506 ab
2890 3450 3101 3505 intimo
3134 3449 3332 3506 cordis
3389 3450 3654 3519 :Oquot

259 3544 484 3614 μίσθιοι
538 3552 628 3594 τοῦ
684 3548 882 3617 πατρὸς
936 3564 1036 3617 μου
1090 3545 1147 3596 ού
1213 3550 1363 3617 μόνον
1430 3548 1619 3617 ἔχουσι
1685 3550 1878 3619 τροφὴν

2018 3542 2341 3601 mercenarii
2392 3541 2577 3612 patris
2629 3541 2743 3595 mei
2777 3557 2898 3595 non
2952 3540 3132 3596 modo
3186 3539 3389 3595 cibum
3431 3538 3654 3592 habent

260 3632 541 3701 ψυχικὴν,
594 3631 721 3684 ἀλλὰ
768 3639 853 3685 καὶ
898 3639 1109 3708 τρυφήν
1154 3642 1304 3686 τοῦτο
1333 3637 1432 3708 γὰρ
1465 3638 1522 3685 τὸ
1560 3636 1878 3707 περισσεύειν

2018 3634 2351 3700 .nimarum,
2426 3630 2530 3685 sed
2583 3634 2639 3685 et
2685 3630 2929 3684 delicias
2990 3628 3098 3684 lld
3148 3629 3308 3684 enim
3357 3626 3654 3698 signiﬁcat

268 3725 546 3790 σημαίνω
582 3720 679 3793 ἐγὼ
718 3720 775 3775 δὲ
807 3725 832 3774 6
869 3726 1000 3788 υἱὸς,
1041 3723 1175 3795 λιμῷ
1221 3723 1534 3795 ἀπόλλυμαι.
1579 3730 1758 3775 Ταῦτα
1794 3726 1881 3773 καὶ

2011 3724 2319 3780 ibundare.
2364 3723 2485 3789 Ego
2517 3725 2715 3775 autem
2769 3720 2875 3791 qui
2900 3718 3055 3774 ﬁlius
3083 3735 3233 3783 sum,
3259 3718 3416 3772 fame
3450 3731 3647 3788 pereo.

256 3810 331 3860 τὰ
367 3807 493 3871 ἑξῆς
524 3810 884 3883 παραϐολικῶς
915 3809 1258 3883 διηγούμενος
1285 3814 1309 3864 6
1342 3818 1540 3884 Σωτὴρ,
1569 3816 1728 3865 τύπον
1755 3815 1879 3887 ἡμῖν

2016 3814 2122 3868 lac
2144 3817 2199 3867 et
2227 3826 2297 3865 ea
2334 3825 2467 3881 quae
2500 3814 2847 3880 sequuntur,
2886 3806 3225 3879 parabolice
3250 3822 3503 3861 narrans
3534 3803 3652 3862 Sal-

246 3904 548 3972 μετοενοίας
588 3901 813 3962 ἀληθοῦς
844 3899 1237 3975 παραδδίωσιν.

1989 3911 2178 3965 vator,
2211 3914 2363 3954 verae
2382 3896 2740 3969 poenitentiae
2773 3898 3029 3966 ﬁguram
3059 3896 3235 3951 nobis
3270 3894 3471 3950 tradit.

332 3987 610 4052 Ἀναστὰς
640 4021 705 4031 -
749 4009 869 4062 μου.
906 3991 1155 4051 Ἀναστὰς
1193 3990 1294 4043 ἀπὸ
1347 4000 1437 4045 τοῦ
1487 3998 1757 4066 πτώματος
1787 4006 1879 4059 τῆς

2066 3994 2227 4047 Vers.
2285 3994 2372 4049 18.
2426 3988 2692 4058 Surgens
2740 4016 2808 4025 —
2858 4000 3071 4041 meum.
3116 3986 3374 4055 Surgens
3428 4000 3466 4039 a
3514 3998 3653 4038 casu

250 4080 537 4152 ἁμαρτίας
570 4080 704 4152 (80).

601 4080 704 4152 ΒΟ).
1991 4082 2237 4156 peccati.

2062 4176 2104 4245 -ι-
2137 4175 2400 4231 Honeste
2449 4185 2520 4225 eo
2550 4171 2811 4224 revertar
2843 4165 3001 4221 unde
3041 4163 3196 4220 male
3227 4164 3402 4220 exivi.

337 4261 454 4308 Καὶ
482 4255 578 4331 ἐρῶ
602 4288 668 4297 -
699 4255 933 4329 οὐρανόν.
964 4256 1053 4320 Ὠς
1088 4265 1418 4333 προτιμήσας
1449 4262 1609 4315 αὐτοῦ
1639 4268 1731 4321 τὴν
1757 4272 1876 4336 γῆν,

2062 4266 2228 4319 Vers.
2260 4262 2347 4317 18.
2367 4262 2690 4330 Dicamque
2721 4288 2783 4297 —
2818 4257 3053 4313 caelum.
3076 4255 3436 4327 Prteponens
3456 4252 3656 4312 videli-

250 4350 395 4406 ἤτοι
426 4353 524 4396 τῶν
555 4346 804 4419 οὐρανίων
838 4345 1043 4418 ἀγαθῶν
1082 4351 1147 4401 τὰ
1166 4355 1342 4420 γηῑνα·

1992 4361 2081 4411 cet
2114 4353 2193 4409 illi
2224 4360 2460 4415 terram,
2495 4349 2619 4403 sive
2646 4346 2821 4402 bonis
2878 4344 3218 4402 caelestibus
3257 4350 3508 4401 terrena.

337 4435 389 4502 -ὶ-
420 4435 622 4491 Timeo
650 4436 807 4490 enim
849 4437 1207 4493 ﬁrmamenti
1256 4445 1587 4511 aspectum,
1625 4447 1919 4516 tanquam
1960 4442 2326 4506 accusatoris
2353 4453 2586 4494 vocem.

346 4528 456 4575 Καὶ
488 4523 698 4576 ἐνώπιον
740 4544 858 4582 σου,
907 4531 1176 4595 Τουτέστι,
1206 4534 1295 4580 καὶ
1328 4528 1398 4590 εἰς
1432 4532 1509 4599 σε,
1539 4533 1605 4593 ὡς
1633 4540 1889 4608 προτιμη-

2070 4536 2237 4589 Vers.
2269 4529 2354 4584 18.
2383 4528 2461 4583 Et
2502 4541 2702 4583 coram
2736 4530 2809 4581 te.
2845 4524 2976 4582 Hoc
2997 4528 3051 4580 et
3078 4523 3139 4580 in
3173 4530 3245 4590 te,
3276 4526 3339 4579 ut
3362 4519 3468 4595 qui
3491 4528 3656 4579 tuam

261 4633 375 4673 σας
401 4620 491 4664 τοῦ
525 4622 618 4666 σοῦ
652 4615 941 4687 θελήματος
967 4620 1024 4668 τὸ
1054 4614 1195 4689 ἐμόν.

1998 4624 2371 4681 voluntatem
2412 4615 2728 4689 posthabui
2775 4629 2940 4668 meae.

344 4702 392 4772 οὶ·
424 4702 640 4758 Vereor
673 4709 782 4759 tua:
804 4705 1133 4760 divinitatis
1159 4706 1353 4761 lucem
1380 4706 1596 4763 intueri
1631 4726 1642 4764 :
1671 4714 1947 4770 sordidos
1992 4713 2155 4770 enim
2202 4708 2398 4766 habeo
2437 4704 2703 4776 corporis
2736 4708 2791 4757 et
2821 4703 3037 4757 animae
3067 4700 3299 4758 oculos.

350 4797 455 4843 Καὶ
497 4823 566 4832 —
626 4812 739 4849 σου.
777 4793 865 4855 Ὠς
918 4791 1137 4856 ἀναξίως
1181 4798 1418 4848 τοιούτου
1478 4801 1676 4871 πατρὸς
1731 4802 1883 4854 πολι-
1920 4802 1962 4855 D

2063 4802 2229 4855 Vers.
2267 4799 2350 4853 19.
2382 4796 2500 4852 Nec
2544 4823 2612 4831 —
2640 4798 2796 4847 tuus.
2852 4790 3004 4856 Quia
3038 4789 3134 4847 tali
3187 4795 3359 4864 patre
3414 4788 3656 4860 indigne

257 4901 365 4937 τευ
377 4882 613 4953 σάμενος.

1996 4892 2378 4946 conversatus
2399 4898 2552 4938 sum.

352 4973 587 5026 Ποίησον
656 5001 724 5010 --
796 4989 915 5027 σου,
978 4968 1118 5023 Ἐπεὶ
1184 4980 1275 5033 τῆς
1353 4978 1563 5046 πρώτης
1648 4974 1884 5038 ἐξέπεσον

2064 4977 2231 5032 Vers.
2278 4976 2365 5029 19.
2440 4972 2563 5027 Fac
2611 5000 2677 5008 —
2724 4968 2861 5025 tuis.
2899 4971 2978 5024 Ex
3028 4985 3151 5042 quo
3213 4968 3403 5041 primo
3445 4967 3657 5025 ordine

256 5056 491 5120 τάξεως,
522 5056 742 5119 ἀξίωσον
785 5078 849 5130 με
890 5068 980 5119 τῆς
1026 5056 1293 5133 δευτέρας,
1322 5066 1474 5134 μόνον
1516 5068 1586 5136 μὴ
1633 5066 1886 5127 παντελῶς

2022 5066 2210 5130 excidi,
2231 5065 2479 5134 dignare
2510 5074 2605 5113 me
2626 5059 2717 5112 vel
2739 5059 2994 5114 secundo
3018 5078 3029 5118 :
3052 5066 3305 5122 tantum,
3329 5074 3403 5113 ne
3425 5058 3658 5130 penitus

257 5145 576 5220 ἀπορῥίψης
619 5165 699 5219 με.
736 5153 1104 5210 Δυσωπητικός
1135 5151 1159 5201 6
1190 5150 1361 5223 λόγος,
1394 5156 1482 5205 καὶ
1511 5150 1739 5227 καρδίας
1790 5175 1888 5208 πα-

2022 5153 2241 5224 ιὺῇοἱξιε
2272 5168 2387 5207 me.
2437 5148 2747 5209 Placabilis
2778 5152 2866 5204 est
2898 5164 3113 5215 sermo,
3148 5154 3203 5205 et
3236 5164 3337 5205 cor
3359 5147 3658 5218 attingens

256 5243 433 5314 τρικῆ
448 5257 468 5298 ς
495 5234 797 5311 ἁπτόμενος.

701 5256 797 5300 νος.
1996 5249 2337 5318 paternum.

1497 5447 2063 5519 Variaalectiones
2092 5459 2155 5518 et
2207 5458 2411 5517 notae.
2462 5486 2463 5489 η

346 5639 466 5718 (78)
500 5639 588 5701 Ὠς
618 5639 817 5718 εαιῦεεει.Δ
845 5640 923 5718 _A.
1030 5712 1041 5718 _
1212 5714 1223 5718 _
1366 5711 1407 5718 ,Δ
1502 5717 1507 5718 ί
1599 5716 1608 5718 4
2002 5646 2222 5703 codicis
2283 5644 2559 5702 breviora
2609 5643 2797 5701 crucis
2842 5644 3011 5718 signo
3037 5643 3378 5711 inculcavit,
3423 5656 3557 5717 quas
3597 5641 3662 5699 in

353 5711 471 5791 (fit);
503 5712 997 5791 gooomvvidetur
1027 5712 1325 5791 invenisse
1366 5711 1706 5791 Hentenius.
1874 5788 1885 5791 _
1998 5726 2205 5774 neutro
2249 5734 2514 5775 meorum
2544 5718 2844 5791 leguntur.

354 5784 470 5861 (80)
505 5785 605 5841 Hic
637 5790 691 5842 et
720 5784 1004 5860 deinceps
1048 5785 1369 5843 Hentenius
1400 5803 1467 5843 ex
1499 5787 1767 5862 margine
1794 5788 1889 5846 sui
