4144 6314
506 286 647 344 1019

513 502 844 575 discipulus
871 506 975 566 est,
1005 507 1106 557 aut
1129 516 1262 556 esse
1285 501 1465 570 cupit.
1491 500 1600 564 Qui
1624 498 1778 554 enim
1808 514 1926 553 non
1960 513 2176 553 renun-

515 591 634 658 tiat,
660 591 1059 648 velutidocui't
1081 591 1365 653 Christus,
1388 605 1508 645 non
1541 594 1628 644 est
1654 604 1790 644 vere
1809 587 2172 658 discipulus:

513 680 614 754 qui
643 686 843 736 autem
890 696 1007 735 non
1042 682 1131 735 est.
1157 695 1290 733 vere
1319 678 1673 748 discipulus,
1709 677 1810 731 sed
1840 693 2060 732 nomen
2096 675 2176 730 fe-

509 786 647 826 rens
669 769 971 842 discipuli,
987 785 1171 840 opera
1192 784 1331 824 vero
1359 767 1611 833 habens,
1631 783 1768 839 quae
1789 782 1900 821 non
1926 781 2175 837 respon-

510 859 866 916 deantillius
891 858 1195 929 operibus,
1214 873 1418 930 pacem
1452 857 1746 913 facitcum
1774 859 2016 924 Satana,
2047 871 2178 928 per-

513 949 810 1021 petrando
840 965 978 1020 quae
1011 948 1084 1002 illi
1115 955 1286 1016 grata
1313 951 1474 1002 sunt.

586 1040 746 1094 Vers.
797 1039 886 1093 33.
936 1039 1028 1094 Ita
1077 1069 1146 1078 -—-
1175 1037 1602 1105 discipulus.—
1654 1038 1772 1100 Ita,
1817 1035 1969 1091 sicut
2000 1051 2174 1106 supe-

513 1129 638 1186 rius
670 1133 1020 1200 protestatus
1047 1131 1155 1192 est,
1183 1126 1388 1181 dicens
1421 1142 1434 1180 :
1465 1125 1521 1181 Si
1552 1125 1686 1197 quis
1736 1141 1854 1180 non
1887 1123 2029 1181 facit
2053 1125 2176 1181 haec

516 1222 574 1274 et
602 1217 720 1285 illa,
776 1233 891 1273 non
926 1222 1119 1289 potest
1149 1232 1320 1271 meus
1352 1231 1479 1271 esse
1509 1215 1856 1286 discipulus.
1962 1269 1966 1272 .

585 1308 752 1364 Vers.
808 1307 896 1364 34.
944 1308 1109 1362 Bona
1157 1321 1248 1363 res
1277 1311 1361 1362 est
1413 1306 1526 1361 sal.
1561 1304 1759 1360 Salem
1789 1319 1951 1360 nunc
2000 1307 2177 1360 vocat

514 1402 720 1468 aptum
755 1397 830 1452 ad
870 1395 1212 1451 docendum
1255 1410 1614 1450 sermonem.
1651 1393 1858 1449 Scribit
1887 1400 2086 1448 autem
2119 1396 2178 1447 et

518 1489 746 1543 Marcus
788 1485 946 1541 circa
988 1485 1170 1540 ﬁnem
1222 1484 1486 1540 vicesimi
1535 1483 1773 1554 septimi
1829 1482 2038 1554 capitis
2084 1482 2175 1538 sui

522 1575 823 1644 Evangelii
862 1597 874 1628 :
915 1576 1086 1631 Bona
1112 1590 1203 1629 res
1229 1580 1310 1630 est
1348 1575 1444 1630 sal
1473 1575 1518 1609 “
1556 1589 1569 1639 ;
1600 1577 1656 1628 et
1676 1572 1758 1628 ibi
1779 1589 1976 1644 quaere
1995 1572 2177 1642 hujus

517 1665 973 1720 enarrationem.

589 1757 748 1811 Vers.
796 1753 886 1808 34.
942 1753 1112 1822 Quod
1155 1753 1211 1810 si
1237 1785 1304 1794 —
1336 1752 1643 1810 comitetur
1671 1753 1700 1810 ‘t
1728 1751 1950 1808 Eodem
1990 1751 2177 1824 capite
2213 1754 2253 1808 Β

519 1843 696 1900 etiam
728 1843 802 1898 de
833 1843 946 1899 hoc
984 1844 1206 1898 dictum
1249 1846 1356 1897 est.

591 1934 757 1988 Vers.
789 1934 879 1990 34.
911 1933 1112 2003 Neque
1140 1963 1210 1971 —
1237 1937 1340 1987 est.
1370 1933 1606 1985 Terram
1643 1945 1798 1985 nunc
1824 1929 1966 1986 dicit
2007 1931 2179 1987 disci-

519 2021 716 2094 pulos,
741 2026 944 2091 utpote
959 2020 1356 2091 impinguatos
1377 2036 1442 2073 ac
1462 2019 1788 2074 commodo
1811 2018 2052 2075 affectos
2078 2036 2092 2085 ;
2116 2019 2180 2074 fi-

520 2127 688 2167 mum
712 2115 910 2165 autem
928 2110 1224 2173 doctores,
1242 2113 1303 2163 ut
1323 2108 1762 2178 impinguantes
1780 2112 1838 2163 et
1856 2109 2180 2164 commodo

522 2199 867 2258 allicientes.
906 2198 1048 2254 Dicit
1077 2212 1220 2266 ergo
1255 2214 1267 2252 :
1300 2195 1356 2251 Si
1411 2211 1607 2251 sermo
1635 2201 1812 2266 aptus
1862 2195 1935 2251 ad
1969 2196 2180 2252 docen-

521 2288 665 2344 dum
702 2288 904 2359 pravis
942 2285 1326 2356 dogmatibus
1361 2289 1785 2356 corrumpatur
1818 2301 1830 2340 :
1865 2301 2058 2358 neque
2112 2286 2180 2342 iis

519 2378 623 2450 qui
677 2377 938 2442 discunt,
971 2375 1330 2432 conveniens
1378 2379 1482 2431 aut
1530 2374 1689 2430 utilis
1721 2379 1806 2431 est
1838 2395 1850 2434 :
1886 2392 2081 2448 neque
2111 2377 2181 2432 iis

520 2466 620 2540 qui
660 2467 898 2522 docent.
1017 2529 1020 2532 ,

592 2557 756 2612 Vers.
776 2560 863 2612 35.
891 2556 1074 2612 Foras
1101 2553 1429 2626 proﬁciunt
1457 2553 1645 2609 illum.
1678 2555 1989 2628 Tanquam
2011 2554 2179 2613 inuti-

519 2645 661 2703 lem.

591 2735 761 2791 Vers.
815 2734 906 2790 35.
941 2735 1056 2803 Qui
1099 2734 1275 2792 habet
1303 2763 1374 2776 —
1411 2733 1631 2790 audiat.
1688 2735 1810 2791 Hoc
1847 2734 2183 2808 frequenter

519 2823 886 2880 declaratum
931 2828 1042 2880 est.

593 2914 744 2969 CAP.
777 2913 904 2968 LVI.
941 2911 1240 2968 Parabola
1274 2911 1342 2968 de
1370 2918 1598 2969 centum
1631 2911 1854 2967 ovibus.

592 3003 746 3058 CAP.
763 3003 873 3059 XV.
888 3004 1050 3058 Vers.
1071 3002 1122 3055 1.
1145 3003 1182 3056 Α
1197 3000 1710 3072 ppropinquabant
1729 3007 1920 3057 autem
1933 3033 2000 3041 —
2014 3001 2175 3057 Vers.

1827 267 2181 336 EUTHYMII
2222 275 2557 336 ZIGABENI

575 411 923 470 Praesertim
975 427 1118 468 cum.
1158 409 1254 467 hic
1278 410 1355 465 sit
1386 423 1587 464 sermo
1637 407 1712 463 de
1757 423 1848 475 eo,
1881 408 1984 480 qui
2042 422 2178 462 vere
2211 402 2260 458 Α

3797 277 3947 337 1020

2365 406 2565 469 Ἀλλως
2619 427 2674 461 τε
2718 413 2808 462 καὶ
2853 413 2972 484 περὶ
3023 416 3115 461 τοῦ
3161 407 3386 470 ἀληθοῦς
3431 409 3696 480 μαθητοῦ
3764 415 3866 459 νῦν
3921 412 3948 464 ὁ

2295 496 2463 568 λόγος.
2492 497 2552 550 Ὀ
2602 500 2703 573 γὰρ
2735 503 2806 571 μὴ
2859 497 3301 570 ἀποτασσόμενος,
3334 501 3402 560 ὡς
3444 499 3470 550 6
3519 501 3789 571 Χριστός
3822 495 3947 549 ἐδί-

2295 583 2468 655 δαξεν,
2517 587 2611 640 οὐκ
2649 591 2788 640 ἔστιν
2843 587 3044 650 ἀληθῶς
3111 591 3344 660 μαθητής
3373 607 3384 618 ·
3418 588 3512 661 [μὴ
3569 589 3652 639 ὢν
3721 588 3851 658 (71)
3887 584 3948 639 δὲ

2291 675 2495 739 ἀληθῶς
2555 681 2840 748 μαθητὴς,]
2893 678 2998 730 ἀλλ’
3057 683 3217 749 ὄνομα
3265 684 3354 751 μὲν
3408 681 3662 750 μαθητοῦ
3739 681 3941 750 φέρων,

2288 768 2416 838 ἔργα
2472 765 2531 820 δὲ
2605 767 2838 820 ἀνοίκειοι
2901 772 3230 840 κεκτημένος,
3293 769 3543 841 εἶρηνεύει
3651 764 3770 819 διὰ.
3841 774 3944 817 τῶν

2287 858 2448 930 ἔργων
2478 859 2608 929 μετὰ
2640 865 2731 910 τοῦ
2780 863 3002 926 Σατανᾶ,
3056 861 3121 910 τὰ
3169 858 3292 930 φίλα
3338 860 3506 930 τούτῳ
3571 853 3943 932 διαπραττό-

2286 967 2456 1020 μενος.

2359 1038 2535 1097 Οὕτως
2578 1069 2648 1078 -
2681 1039 2940 1109 μαθητής.
2977 1067 3039 1076 -
3069 1037 3268 1102 Οὕτως,
3311 1038 3377 1097 ὡς
3416 1035 3666 1108 ἀνωτέρω
3699 1032 3941 1110 διεμαρο

2285 1128 2492 1199 τύρατο,
2524 1126 2684 1198 λέγων
2718 1145 2730 1156 ⁸
2763 1128 2826 1182 Εἰ
2855 1147 2935 1188 τις
2961 1125 3018 1178 οὐ
3040 1133 3178 1179 ποιεῖ
3197 1122 3324 1179 τάδε
3353 1131 3442 1179 καὶ
3473 1123 3634 1196 τάδε,
3673 1125 3747 1178 οὗ
3772 1122 3944 1177 δύναο

2284 1221 2372 1267 ταί
2401 1235 2501 1285 μου
2531 1219 2770 1288 μαθητὴς
2799 1212 2952 1268 εἶναι.

2359 1305 2524 1358 Καλὸν
2575 1309 2633 1358 τὸ
2685 1305 2831 1366 ἅλας.
2891 1304 3051 1367 Ἀλας
3117 1304 3262 1358 καλεῖ
3315 1312 3423 1377 νῦν,
3482 1308 3571 1357 τὸν
3633 1301 3939 1357 διδασκα⁹

2284 1394 2426 1447 λικόν
2457 1394 2625 1467 λόγον.
2676 1393 2926 1468 Ἔγραψε
2958 1391 3018 1447 δὲ
3046 1400 3136 1447 καὶ
3201 1396 3227 1446 6
3270 1397 3479 1467 Μάρκος
3531 1397 3678 1468 πρὸς
3729 1403 3816 1465 τῷ
3855 1398 3940 1447 τέ-

2284 1483 2360 1537 λει
2391 1492 2484 1536 τοῦ
2541 1484 2778 1537 εἰκοστοῦ
2832 1481 3056 1556 ἑϐδόμου
3102 1483 3378 1556 κεφαλαίου
3424 1484 3608 1551 αὐτοῦ,

2285 1573 2371 1625 λὸν
2427 1578 2485 1626 τό
2551 1573 2698 1639 ἅλας,
2758 1579 2848 1626 καὶ
2903 1575 3134 1634 ζήτησον
3191 1572 3297 1626 ἐκεῖ
3355 1578 3450 1632 τὴν
3532 1576 3750 1626 τούτου
3819 1571 3943 1636 ἑξή-

2286 1682 2474 1735 γησιν,

2364 1753 2485 1806 Ἐὰν
2517 1784 2583 1792 —
2606 1751 2957 1826 ἁρνυθήσεται
2987 1773 2998 1816 ς
3025 1751 3106 1804 Ἐν
3133 1750 3303 1823 ἐκείνῳ
3325 1753 3415 1804 καὶ
3445 1755 3562 1825 περὶ
3603 1753 3825 1804 τούτου
3858 1749 3941 1804 λέ-

3685 1486 3783 1536 ὅτι
3846 1503 3944 1534 κα-

2291 1841 2484 1894 λεκται’

2363 1935 2496 1984 Οὔτε
2525 1962 2592 1970 —
2632 1929 2792 1985 ἐστιν.
2823 1936 2924 1989 Γῆν
2950 1933 3039 2002 μὲν
3068 1929 3201 2002 λέγει
3215 1934 3332 1990 τοὺς
3357 1931 3623 2001 μαθητὰς,
3664 1932 3746 1990 ὡς
3778 1949 3933 1981 πιαι-

2288 2025 2526 2094 νομένους
2553 2025 2641 2072 καὶ
2671 2019 3047 2093 ὠφελουμένους
3071 2036 3084 2050 '
3108 2025 3329 2093 κοπρίαν
3371 2018 3449 2088 δὲ,
3481 2023 3605 2079 τοὺς
3635 2016 3933 2072 διδασκά-

2286 2109 2425 2172 λους,
2478 2112 2546 2171 ὡς
2575 2114 2875 2170 πιαίνοντας
2914 2114 3006 2162 καὶ
3055 2109 3391 2182 ὠφελοῦντας.
3447 2113 3615 2166 Φησὶν
3682 2105 3807 2174 οὖν,
3844 2109 3931 2160 ὅτι

2288 2201 2406 2253 Ἐὰν
2439 2200 2464 2250 6
2497 2195 2883 2260 δίδασκαλικός
2930 2197 3083 2268 λόγος
3113 2200 3428 2272 παραφθαρῇ
3465 2194 3721 2270 δόγμασι
3758 2217 3926 2254 πονη-

2288 2295 2415 2364 ροῖς,
2447 2291 2562 2340 οὔτε
2605 2288 2671 2348 εἰς
2703 2290 2818 2348 τοὺς
2869 2289 3216 2359 μανθάνοντας
3273 2289 3467 2347 εὔθετός
3513 2286 3690 2355 ἔστιν,
3753 2289 3922 2357 ἤγουν

2290 2381 2603 2450 εὔχρηστος,
2627 2380 2743 2429 οὔτε
2770 2376 2840 2438 εἰς
2868 2380 2984 2437 τοὺς
3014 2373 3395 2438 διδάσκοντας.

2360 2554 2496 2618 Ἕξω
2527 2553 2811 2628 βάλλουσιν
2843 2553 2989 2608 αὐτό.
3020 2553 3106 2616 Ὠς
3139 2552 3400 2627 ἀνωφελές.

2358 2733 2417 2787 Ὀ
2479 2735 2616 2807 ἔχων
2673 2764 2740 2774 -—
2822 2731 3076 2789 ἀκουέτω.
3149 2739 3313 2786 Τοῦτο
3399 2731 3652 2796 πολλάκις
3729 2734 3898 2808 ἡρμη-

2288 2826 2467 2882 νεύθη.

2359 2913 2529 2966 Ἦσαν
2562 2909 2622 2965 δὲ
2651 2911 2942 2983 ἐγγίζοντες
2972 2942 3036 2951 —
3065 2911 3259 2970 αὐτοῖς.
3289 2913 3393 2966 Καὶ
3423 2909 3471 2963 ἓν
3496 2919 3566 2982 τῷ
3613 2927 3896 2983 τεσσαρεσ-

2288 2999 2584 3072 καιδεκάτῳ
2611 3001 2863 3073 κεγαλαίῳ
2895 3009 2987 3052 τοῦ
3012 3002 3144 3052 κατὰ
3165 3003 3433 3053 Μαι-(ναῖον
3468 2997 3607 3053 εἷπον
3644 3008 3757 3062 τοῖς
3797 3019 3894 3071 μοι·

518 3094 572 3146 2.
597 3093 740 3148 illis.
779 3091 967 3146 Etiam
997 3090 1230 3145 decimo
1259 3096 1474 3160 quarto
1520 3089 1689 3158 juxta
1720 3090 2050 3146 Matthaeum
2089 3107 2177 3145 ca-

2302 3094 2476 3151 θηταῖς
2501 3091 2661 3142 αὐτοῦ
2705 3108 2717 3120 ·
2748 3095 2896 3142 Διατί
2927 3091 3056 3161 μετὰ
3084 3097 3185 3140 τῶν
3221 3096 3441 3142 τελωνῶν
3462 3094 3551 3142 καὶ
3576 3087 3890 3163 ἁμαρτωλῶν

519 3181 638 3252 pite
650 3181 924 3236 dixerunt
945 3179 1255 3252 discipulis
1277 3179 1436 3249 ejus:
1470 3178 1658 3242 Quare
1672 3194 1804 3235 cum
1834 3180 2177 3247 publicanis

520 3276 575 3327 et
619 3269 1014 3337 peccatoribus
1045 3269 1237 3325 cibum
1267 3269 1416 3339 capit
1448 3268 1732 3338 magister
1760 3275 1941 3326 vester
1966 3271 2012 3306 ί²
2042 3270 2070 3324 ‘I

594 3359 756 3414 Vers.
813 3364 864 3416 3.
914 3359 1071 3414 Dixit
1124 3387 1184 3399 —
1213 3361 1374 3413 Vers.
1429 3361 1483 3413 4.
1517 3374 1666 3414 eam.
1717 3358 2058 3415 Parabolice
2107 3377 2176 3416 os

519 3448 632 3504 illis
661 3448 940 3516 occludit,
968 3448 1212 3513 docens,
1243 3446 1408 3517 quod
1441 3463 1561 3502 non
1593 3453 1834 3519 propter
1849 3449 2043 3517 justos
2074 3450 2180 3505 hu-

522 3537 871 3593 manitatem
886 3537 1237 3608 assumpsit,
1263 3536 1366 3592 sed
1385 3541 1624 3607 propter
1641 3544 1998 3606 peccatores.
2017 3540 2179 3596 Hanc

522 3630 724 3681 autem
779 3625 1128 3696 parabolam
1171 3625 1408 3697 scripsit
1437 3630 1494 3680 et
1540 3625 1842 3681 Mattheeus
1884 3627 2179 3683 tricesimo

521 3719 735 3770 octavo
775 3715 865 3770 sui
910 3714 1208 3784 Evangelii
1240 3715 1454 3786 capite,
1491 3719 1547 3770 et
1577 3714 1659 3769 ibi
1689 3713 1818 3784 lege
1850 3714 1980 3786 ejus
2013 3731 2180 3772 enar-

521 3803 835 3869 rationem,
860 3820 997 3877 qnaa
1045 3803 1291 3876 pulchre
1321 3803 1515 3874 posita
1542 3809 1650 3858 est.

592 3894 752 3947 Vers.
787 3898 837 3947 5.
894 3894 1145 3964 Cumque
1200 3892 1488 3948 invenerit
1517 3923 1586 3932 —
1609 3893 1884 3963 gaudens.
1927 3893 2180 3950 Evidens

523 3981 764 4051 signum
797 3982 1128 4038 dilectionis
1150 3987 1238 4038 est
1261 3998 1332 4038 ac
1363 3982 1758 4054 providentiae,
1783 3998 1962 4054 quam
1996 3983 2180 4038 habe-

523 4070 620 4128 bat
646 4088 788 4142 erga
818 4088 1007 4142 genus
1034 4077 1326 4127 nostrum.

594 4161 766 4214 Vers.
798 4160 851 4213 6.
887 4161 962 4215 Et
977 4161 1213 4217 veniens
1235 4175 1480 4231 —quam
1508 4160 1900 4228 perdideram.
1919 4161 2176 4217 Domum

522 4249 648 4320 ejus
677 4249 936 4319 intelligo
963 4248 1177 4304 coelum
1213 4265 1226 4303 :
1262 4248 1375 4316 Qui
1405 4249 1658 4315 habitas,
1692 4250 1898 4320 inquit,
1930 4250 1993 4306 in
2024 4251 2178 4306 caelis

524 4339 593 4392 ³³.
647 4337 884 4392 Amicos
915 4342 1114 4393 autem
1155 4353 1224 4392 ac
1263 4339 1486 4393 vicinos
1517 4337 1660 4393 dicit
1711 4338 1954 4403 angelos
1988 4355 2000 4392 :
2034 4340 2180 4395 ami-

2292 3181 2455 3234 ἐσθίει
2481 3183 2506 3233 ό
2538 3177 2862 3240 διδάσκοι).ος
2884 3181 3025 3251 ὑμῶν
3059 3196 3072 3245 ;

2296 3278 2440 3325 ΚΕΦ.
2500 3269 2615 3334 Ne".
2680 3275 2804 3343 Περὶ
2858 3278 2956 3320 τῶν
3031 3269 3207 3320 ἑκατὸν
3265 3267 3531 3341 προϐάτων
3587 3264 3874 3341 παραϐολή.

2365 3358 2740 3413 Eius—«dra
2796 3376 2809 3424 ;
2866 3357 3232 3430 Παραϐολικῶς
3293 3357 3480 3417 αὐτοὺς
3543 3355 3883 3428 ἐπιστομίζει,

2293 3446 2588 3517 διδάσκων,
2623 3450 2704 3500 ὅτι
2743 3447 3158 3521 ἐνηνθρωπησεν,
3209 3447 3268 3499 οὐ
3324 3443 3418 3498 διὰ
3468 3451 3583 3507 τοὺς
3631 3444 3884 3506 δικαίους,

2294 3539 2420 3590 ἀλλὰ
2460 3534 2493 3590 δ
2501 3541 2553 3590 ιὰ
2576 3542 2696 3598 τοὺς
2727 3537 3084 3612 ἁμαρτωλούς.
3112 3538 3317 3593 Ταύτην
3353 3532 3410 3588 δε
3474 3541 3568 3594 τὴν
3597 3534 3888 3611 παραϐολὴν

2293 3627 2550 3701 ἀνέγραψε
2579 3631 2668 3679 καὶ
2689 3629 2714 3678 6
2745 3628 3012 3687 Mareade;
3034 3625 3080 3676 ἐν
3122 3633 3194 3695 τῷ
3220 3635 3513 3698 τριακοστῷ
3546 3623 3716 3698 ὀγδόῳ
3736 3642 3889 3696 κεφα-

2291 3717 2419 3787 λαίῳ
2440 3716 2622 3780 αὐτοῦ,
2655 3722 2744 3767 καὶ
2769 3714 3033 3787 ἀνάγκωθι
3058 3719 3151 3773 τὴν
3182 3713 3431 3786 ἐξήγησιν
3463 3715 3690 3778 αὐτῆςέν
3721 3713 3890 3783 ἐκείνῳ

2293 3803 2346 3858 εὖ
2379 3808 2630 3876 ἔχουσαν.

2366 3899 2466 3948 Καὶ
2497 3893 2653 3966 εὑρὼν
2697 3924 2758 3933 —
2789 3898 3012 3966 χαίρων,
3047 3893 3381 3965 Ἐμφαντικόν
3419 3900 3574 3944 τοῦτο
3623 3902 3714 3955 τῆς
3761 3888 3890 3961 ἁγά-

2291 4001 2392 4044 πης
2423 3986 2512 4033 καὶ
2532 3979 2862 4054 κηδεμονίας,
2897 3981 2957 4041 ἣν
2987 3984 3100 4053 ἔχει
3121 3986 3238 4054 περὶ
3259 3984 3316 4033 τὸ
3341 3985 3488 4053 γένος
3517 3983 3678 4055 ἡμῶν.

2363 4165 2464 4212 Καὶ
2489 4158 2646 4212 ἐλθὼν
2679 4191 2743 4201 —
2773 4159 3061 4222 ἀπολωλός.
3107 4157 3263 4212 Οἶκον
3320 4161 3410 4231 μὶν
3463 4160 3626 4213 αὐτοῦ
3670 4162 3771 4211 νόει
3799 4156 3882 4206 τὸν

2289 4248 2502 4316 οὐρανόν
2535 4266 2548 4278 ·
2581 4248 2638 4302 Ὀ
2669 4257 2918 4301 κατοικῶν
2947 4252 3066 4324 γὰρ,
3100 4253 3282 4321 φησὶν,
3312 4247 3360 4300 ἕν
3386 4248 3622 4323 οὐρανοῖς
3666 4287 3678 4300 .
3715 4245 3880 4319 φίλους

2291 4335 2350 4392 δὲ
2379 4344 2468 4391 καὶ
2497 4343 2748 4410 γείτονας,
2781 4342 2896 4400 τοὺς
2918 4337 3183 4409 ἀγγέλους.
3225 4337 3405 4398 Φῆους
3429 4342 3542 4410 μὶν,
3592 4343 3658 4402 ὡς
3683 4336 3881 4410 φιλοῦν-

522 4442 645 4493 cos,
692 4430 982 4499 tanquam
1016 4442 1087 4482 ea
1128 4426 1458 4497 diligentes,
1495 4443 1631 4498 quae
1663 4426 1755 4482 ille
1773 4427 2002 4496 diligit;
2034 4429 2180 4484 vici-

2302 4449 2401 4497 τας,
2435 4427 2468 4480 ἃ
2495 4428 2628 4500 φιλεί
2661 4446 2671 4456 ·
2699 4433 2927 4499 γείτονας
2959 4425 3017 4480 δὲ
3039 4430 3108 4489 ὡς
3147 4426 3298 4498 ἐγγὺς
3325 4431 3475 4490 ὄντας
3505 4428 3680 4481 αὐτοῦ.
3704 4425 3878 4478 Ταῦτα

523 4532 633 4572 nos
650 4515 1039 4588 tanquamilli
1063 4515 1462 4587 propinquos.
1493 4519 1624 4572 Haec
1650 4521 1852 4572 autem
1877 4533 1980 4587 per
1999 4533 2180 4587 para-

520 4607 727 4666 bolam
767 4622 928 4664 nunc
956 4607 1271 4679 signiﬁcat,
1303 4607 1644 4673 ostendens,
1679 4608 1837 4680 quod
1878 4608 1937 4664 in
1966 4608 2064 4664 tali
2095 4608 2178 4664 in-

521 4699 800 4756 ventione
819 4698 996 4754 etiam
1021 4698 1215 4767 angeli
1239 4698 1336 4753 Dei
1359 4699 1762 4771 congaudent,
1785 4704 1986 4771 utpote
2000 4705 2055 4754 et
2073 4699 2180 4771 ipsi

522 4787 768 4856 benigni
795 4802 939 4856 erga
963 4788 1240 4843 homines

594 4877 760 4932 Vers.
794 4882 848 4932 7.
897 4876 1035 4933 Dico
1063 4908 1130 4918 —
1155 4877 1506 4948 pauitantia.
1537 4907 1600 4917 —
1641 4877 1727 4933 Ita
1760 4890 1774 4943 ;
1815 4875 2123 4948 quomodo
2152 4875 2181 4932 ?

526 4965 685 5022 Sicut
738 4965 934 5022 docuit
980 4965 1296 5038 parabole.
1331 4966 1592 5022 Perditur
1647 4966 1847 5038 itaque
1877 4965 2183 5021 rationalis

523 5054 672 5121 ovis,
705 5071 843 5111 cum
876 5071 912 5111 a
936 5055 1144 5111 divinis
1177 5055 1484 5126 praeceptis
1508 5055 1686 5125 longe
1718 5059 2065 5126 separatur:
2099 5054 2181 5108 in-

521 5144 758 5201 venitur
780 5149 1001 5212 autem,
1034 5160 1172 5201 cum
1204 5159 1309 5216 per
1333 5144 1744 5216 paenitentiam
1775 5142 2084 5214 resipiscit,
2125 5148 2183 5200 et

605 5325 649 5362 ¹¹
682 5323 974 5395 Μονοάικ,
1003 5323 1090 5383 50.
1159 5325 1206 5362 ¹²
1232 5323 1437 5382 Matth.
1465 5339 1544 5388 ιι,
1576 5324 1665 5379 ll.
1747 5324 1795 5360 ¹²
1825 5322 1978 5379 Psal.
2009 5324 2070 5388 ίι,
2094 5324 2150 5380 4.

2291 4515 2350 4571 δε
2372 4526 2459 4569 νῦν
2487 4515 2846 4589 ἐσχημάτισεν
2885 4518 2916 4575 ἡ
2951 4515 3242 4588 παραϐολὴ,
3286 4515 3622 4590 ἐμφαίνουσα,
3670 4515 3744 4564 ὅτι
3790 4509 3870 4559 ἐπὶ

2289 4613 2350 4678 τῇ
2382 4608 2595 4679 τοιαύτη
2631 4607 2828 4678 εὑρέσει
2849 4611 2937 4659 καὶ
2963 4609 3013 4659 οἱ
3037 4605 3250 4678 ἄγγελοι
3269 4610 3621 4679 συγχαίρουσι
3645 4608 3711 4671 τῷ
3733 4600 3862 4665 Θεῷ,

2289 4697 2354 4756 ὡς
2372 4698 2461 4748 καὶ
2489 4694 2638 4748 αὐτοὶ
2665 4694 3035 4770 φιλάνθρωποι.

2366 4877 2516 4946 Λέγω
2541 4905 2610 4915 —-
2651 4876 2942 4946 μετανοίας,
3001 4903 3068 4912 -
3100 4872 3275 4941 Οὕτω,
3306 4880 3413 4934 πῶς
3450 4889 3464 4940 ;
3492 4870 3580 4934 Ὠς
3631 4863 3880 4927 ὑπέδειξεν

2292 4965 2322 5022 ἡ
2351 4962 2635 5037 παραϐολή.
2688 4962 2997 5014 Ἀπόλλυται
3051 4965 3140 5034 μεν
3196 4959 3283 5014 οὖν
3337 4966 3394 5015 τὸ
3444 4961 3653 5034 λογικὸν
3698 4952 3885 5031 πρόϐα-

2292 5073 2397 5118 τον,
2419 5051 2591 5127 πόρῥω
2629 5059 2728 5104 τῶν
2777 5049 2986 5103 ἐντολῶν
3039 5058 3131 5104 τοῦ
3198 5058 3336 5104 Θεοῦ
3381 5055 3648 5124 γινόμενον
3704 5064 3716 5076 ·
3763 5043 3886 5118 εὑρίο

2294 5160 2473 5195 σκεται
2519 5137 2598 5204 δὲ,
2657 5136 2935 5213 μετανοοῦν
2987 5145 3076 5193 καὶ
3127 5142 3263 5202 ἐντὸς
3301 5141 3470 5193 αὐτῶν
3538 5130 3886 5192 ἀποκαθιστά-

1751 5500 1967 5570 Variaa
2006 5500 2330 5568 lectiones
2363 5508 2429 5567 et
2456 5508 2660 5566 nolaa.

601 5698 722 5776 (71)
744 5694 980 5755 Inclusa
1011 5693 1261 5765 absunt,
1291 5698 1340 5754 Α
1373 5711 1388 5768 ;
1420 5695 1767 5755 exciderunt
1829 5695 1908 5754 ob
1947 5693 2166 5771 duplex
2194 5697 2456 5771 μαθητής.
