4144 6314
314 377 454 435 1021

1366 323 1746 435 COMMENT.
1790 382 1862 441 IN
1901 386 2162 448 LUCAM.
2210 424 2277 435 -
2314 395 2467 452 CAP.
2509 400 2617 455 xv.

3546 400 3689 459 4022

310 526 484 579 μενον.
514 504 640 564 Εἶτα
680 516 769 566 καὶ
799 509 871 567 δι’
898 512 1070 586 ἑτέρας
1096 502 1398 587 παραϐολῆς
1427 486 1519 551 τὴν
1549 473 1633 544 ἐπὶ
1667 512 1737 579 τῇ
1770 511 1909 588 εὐρέ-

2026 517 2084 575 in
2125 520 2234 577 illis
2259 525 2587 595 reponitur,
2628 527 2845 583 Deinde
2884 528 3132 585 alteram
3164 544 3397 604 quoque
3429 530 3681 587 adducit

314 616 398 650 σει
430 606 520 651 τοῦ
549 598 867 667 ἀπολωλότος
891 606 1064 679 χαρὰν
1102 607 1445 676 παρίστησινο

385 796 457 850 Ἢ
482 802 561 860 τίς
611 831 675 840 -
730 798 988 854 ἀπώλεσα.
1050 800 1248 877 Ὠσπερ
1302 804 1332 861 ἡ
1384 803 1513 874 γυνὴ
1562 808 1703 854 ποιεῖ
1736 806 1799 856 τά
1822 804 1917 878 ῥη-

311 888 469 939 θέντα
498 906 509 917 ⁸
542 889 676 940 ούτω
705 894 794 940 καὶ
838 891 866 948 ἡ
902 890 1262 962 φιλανθρωπία
1321 900 1412 945 τοῦ
1464 893 1589 944 Υὶοῦ
1636 900 1726 944 τοῦ
1782 900 1916 946 Θεοῦ

305 982 567 1035 πεποίηκε
600 978 728 1050 (7'2).
785 984 1036 1051 Δραχμῆς
1090 982 1190 1053 γὰρ
1236 988 1357 1052 μιᾶς
1405 980 1745 1043 ἀπολωλυίας,
1804 986 1916 1041 ἤτοι

304 1073 405 1127 τῆς
438 1065 758 1137 ἀνθρωπίνης
805 1071 1004 1139 φύσεως
1033 1068 1080 1119 ἐν
1109 1077 1180 1139 τῷ
1211 1073 1629 1141 καταχωσθῆναι
1683 1080 1789 1131 τοῖς
1816 1073 1917 1123 πά-

308 1155 479 1215 θεσιν,
507 1156 609 1225 ἧψε
658 1156 868 1226 λύχνον,
899 1160 1184 1219 τουτέστιν,
1242 1158 1479 1231 ἀνέφηνεν
1511 1160 1560 1212 ἐν
1615 1168 1686 1213 τῶ
1732 1165 1915 1232 κόσμῳ

305 1247 407 1299 τήν
442 1243 626 1296 ἑαυτου
656 1248 842 1316 σάρκα,
884 1248 1018 1296 κατά
1047 1250 1131 1297 τόν
1164 1247 1275 1317 (73)
1318 1248 1569 1320 Θεολόγον
1606 1254 1913 1322 Γρηγόριον,

305 1330 625 1403 λάμπουσαν
665 1333 724 1385 ού
781 1338 933 1406 μόνον
961 1342 1020 1406 τῇ
1057 1333 1298 1408 ἀστραπῇ
1344 1346 1438 1399 τῆς
1499 1339 1757 1403 θεότητος,
1792 1338 1919 1389 ἀλλὰ

304 1425 400 1472 καὶ
433 1430 507 1491 τῷ
568 1425 742 1493 φέγγει
797 1430 893 1484 τῆς
944 1425 1312 1496 καθαρότητος,
1351 1431 1440 1477 καὶ
1497 1435 1916 1499 φωταγωγούσαν

302 1513 435 1571 τοὺς
477 1509 871 1583 ἐσκοτισμένους
902 1519 961 1583 τῇ
1022 1512 1211 1586 πλάνη,
1279 1519 1368 1567 καὶ
1420 1514 1653 1590 ἐσάρωσε
1707 1521 1801 1574 τὴν
1843 1519 1918 1569 οἱ·

304 1602 449 1663 κίαν,
512 1601 674 1670 ἤγουν
731 1598 950 1675 ἐκάθηρε
997 1605 1056 1653 τό
1106 1602 1406 1674 οἰκητήριον
1462 1613 1559 1656 τῶν
1614 1603 1913 1681 ἀνθρώπων,

299 1686 443 1757 λέγω
479 1684 547 1747 δὴ
578 1692 667 1740 τόν
705 1693 923 1760 κόσμον,
975 1688 1023 1741 ἐν
1076 1700 1147 1762 τῷ
1205 1691 1462 1745 ἀπελάσαι
1509 1698 1567 1746 τό
1625 1714 1917 1766 κατακεχυ-

300 1779 462 1848 μένον
496 1776 655 1829 αὐτοῦ
715 1784 900 1839 σκότος
927 1787 1021 1841 τῆς
1061 1779 1341 1854 ἁμαρτίας,
1391 1787 1480 1834 καὶ
1517 1781 1803 1856 ἐκφορῆσαι
1831 1788 1915 1836 τόν

2024 611 2377 682 parabolam
2396 614 2468 669 de
2483 616 2721 685 gaudio,
2749 619 2912 691 quod
2925 618 2999 674 dc
3012 619 3158 691 ejus,
3180 620 3282 691 qui
3302 619 3573 691 perierat,
3593 621 3678 676 in-

2026 701 2301 756 ventione
2337 706 2621 761 exoritur.

2083 783 2254 845 'Vers.
2303 792 2361 848 8.
2401 795 2522 848 Aut
2549 812 2680 865 quae
2710 828 2761 838 --
2800 798 2957 853 Vers.
2991 803 3043 854 9.
3072 799 3475 867 perdideram.
3510 800 3671 856 Sicut

2026 880 2304 949 praedicta
2332 882 2468 938 faeit
2499 885 2726 953 mulier,
2760 887 2838 943 ita
2866 887 2997 944 fecit
3021 895 3075 943 et
3106 889 3223 944 Filii
3270 890 3365 944 Dei
3398 888 3681 944 humani-

2027 971 2137 1038 tas,
2156 970 2278 1025 sive
2294 971 2649 1043 benignitas.
2666 975 3087 1033 Perdiditenim
3105 978 3449 1033 drachmam
3480 995 3677 1043 unam,

2025 1063 2188 1128 puta,
2209 1058 2539 1117 humanam
2565 1069 2860 1131 naturam,
2886 1082 3021 1121 cum
3037 1066 3447 1122 aﬂectionibus
3461 1068 3679 1123 obruta

2026 1153 2199 1203 esset.
2254 1151 2536 1207 Accendit
2591 1154 2900 1210 lucernam
2953 1173 2965 1211 :
3008 1155 3121 1210 hoc
3160 1162 3263 1220 est,
3316 1156 3573 1211 ostendit
3617 1157 3681 1211 in

2026 1238 2254 1292 mundo
2273 1254 2447 1294 suam
2470 1243 2916 1313 carnem,juxta
2930 1244 3273 1313 Gregorium
3296 1244 3675 1314 Theologum,

2027 1326 2440 1396 splendentem
2466 1346 2585 1386 non
2622 1332 2816 1388 solum
2848 1332 3079 1401 fulgure
3104 1333 3447 1399 divinitatis,
3475 1348 3678 1389 verum

2026 1415 2203 1471 etiam
2229 1416 2455 1473 lumine
2504 1420 2796 1490 puritatis,
2839 1426 2894 1475 et
2945 1421 3380 1477 illuminantem
3442 1437 3544 1476 eos
3577 1420 3682 1492 qui

2027 1520 2222 1560 errore
2247 1507 2619 1563 obtenebrati
2652 1515 2841 1565 erant.
2870 1510 3056 1566 Verrit
3080 1510 3353 1576 domum,
3389 1511 3513 1565 sive
3546 1526 3683 1581 pur-

2026 1596 2182 1662 gavit
2206 1595 2519 1653 hominum
2536 1598 2969 1663 habitaculum,
2996 1605 3141 1671 puta
3173 1599 3495 1664 mundum,
3540 1614 3681 1654 cum

2026 1684 2277 1741 diﬂ‘usas
2299 1686 2359 1743 in
2390 1703 2460 1742 eo
2481 1690 2708 1760 peccati
2739 1689 3015 1745 tenebras
3046 1688 3260 1758 abegit.
3291 1689 3679 1761 jacentesque

2028 1775 2411 1832 aﬂ‘ectionum
2429 1777 2631 1833 sordes
2644 1778 2865 1832 extulit.
2897 1781 2960 1833 Et
2999 1778 3316 1848 quaerendo
3337 1777 3673 1848 diligenter,

301 1864 630 1937 ἐπικείμενον
655 1868 817 1941 ῥύπον
867 1877 966 1919 τῶν
997 1871 1193 1933 παθῶν,
1228 1876 1317 1923 καὶ
1367 1871 1606 1933 ζητήσας
1668 1872 1909 1945 ἐπιμελῶς

2028 1864 2450 1921 circumeundo
2480 1868 2744 1923 civitates
2769 1883 2839 1923 ac
2877 1867 3060 1924 vicos.
3091 1872 3149 1923 et
3192 1866 3482 1922 mittendo
3507 1866 3683 1921 disci-

300 1952 351 2005 ἐν
380 1963 459 2025 τῷ
489 1958 862 2030 περιέρχεσθαι
908 1960 1000 2019 τὰς
1031 1958 1202 2021 πόλεις
1243 1964 1333 2012 καὶ
1388 1966 1585 2033 κώμας,
1625 1966 1713 2014 καὶ
1753 1961 1914 2015 ἀποσ-

301 2043 502 2096 τέλλειν
530 2048 648 2105 τοὺς
685 2047 927 2117 μαθητὰς
981 2046 1050 2109 εἰς
1098 2051 1184 2099 τόν
1222 2053 1416 2121 κόσμον
1442 2050 1664 2117 ἅπαντα,
1717 2052 1827 2124 εὗρε
1856 2055 1912 2103 τό

295 2131 651 2204 ζητούμενον,
684 2139 771 2186 καὶ
828 2136 1202 2188 συνεκαλέσατο
1239 2140 1327 2198 τὰς
1356 2138 1506 2209 φίλας
1543 2146 1631 2191 καὶ
1682 2145 1916 2211 γείτονας

286 2219 669 2296 λειτουργικάς
726 2227 997 2296 στρατιὰς,
1053 2224 1121 2286 εἰς
1172 2232 1438 2279 κοινωνίαν
1500 2237 1595 2290 τῆς
1668 2233 1915 2292 τοιαύτης

289 2317 512 2384 χαρᾶς.

367 2400 567 2461 Οὕτως
594 2432 665 2441 -
693 2410 1047 2473 μετανοοῦντι.
1102 2404 1176 2456 Ού
1228 2410 1379 2475 μόνον
1416 2405 1498 2459 ἐπὶ
1528 2407 1753 2473 πολλοῖς,
1789 2407 1916 2460 ἀλλά

294 2496 401 2543 καὶ
457 2489 542 2541 ἐπι
573 2490 663 2543 ἐνί.
703 2499 868 2544 Τοῦτο
901 2489 959 2545 δὲ
1015 2490 1277 2556 ἀπόδειξις
1303 2502 1393 2547 τοῦ
1431 2500 1517 2547 τόν
1549 2500 1676 2549 Θεὸν
1709 2495 1915 2569 σφόδρα

302 2576 480 2650 dixqu
508 2584 601 2639 τήν
631 2584 902 2652 μετάνοιαν
936 2581 1159 2635 ἑκάστου
1201 2583 1527 2657 ἁμαρτωλοῡ.
1562 2590 1815 2659 Δραχμάς
1854 2585 1913 2640 δὲ

304 2672 371 2721 τὰ
405 2671 649 2740 τάγματα
671 2670 951 2742 ὠνόμασεν,
982 2674 1051 2733 ὡς
1077 2676 1268 2744 ἔχοντα
1291 2684 1612 2749 χαρακτῆρα
1638 2679 1725 2727 καὶ
1753 2680 1913 2749 ἔμφα-

311 2777 399 2809 σιν
422 2765 512 2809 τοῦ
545 2757 803 2830 βασιλέως
840 2764 987 2813 Θεοῦ.

384 2936 530 2997 Τινὶς
554 2939 643 3008 μὲν
673 2932 760 2989 οὖν
815 2937 993 2990 ἑκατόν
1033 2935 1161 2992 εἶναι
1208 2943 1274 2993 τὰ
1324 2942 1494 2994 πάντα
1539 2946 1779 3015 τάγματα
1830 2963 1909 2996 νεο

312 3027 558 3089 νοήκασι,
613 3032 676 3096 τῇ
740 3026 1009 3100 παραϐολῇ
1044 3037 1141 3080 τῶν
1193 3030 1372 3081 ἑκατόν
1411 3030 1683 3102 προϐάτων
1715 3030 1910 3106 ἐπερει-

314 3106 544 3183 δόμενοι.
596 3117 740 3177 Τινὲς
790 3111 847 3167 δὲ
886 3120 980 3174 τὴν
1040 3117 1212 3193 ἑτέραν
1278 3119 1575 3191 παραϐολὴν
1627 3129 1726 3173 τῶν
1785 3118 1914 3173 δέκα

2027 1954 2202 2026 pulos
2219 1955 2277 2009 in
2297 1958 2591 2010 mundum
2615 1957 2976 2019 universum,
2995 1954 3236 2021 invenit,
3258 1956 3423 2027 quod
3451 1969 3681 2027 quaere-

2025 2042 2131 2099 bat
2171 2060 2184 2099 :
2227 2049 2284 2099 et
2307 2045 2659 2101 convocavit
2689 2044 2918 2100 amicas
2933 2060 3002 2099 ac
3026 2044 3266 2110 vicinas,
3300 2049 3463 2115 puta,
3494 2043 3680 2098 admi-

2025 2132 2400 2188 nistratorios
2417 2131 2729 2203 exercitus,
2748 2133 2827 2189 ad
2857 2132 3337 2189 communionem
3361 2133 3677 2205 h'Jjusmo-

2024 2222 2084 2278 di
2102 2223 2325 2295 gaudii.

2094 2403 2252 2456 Vers.
2287 2404 2368 2456 tO.
2403 2402 2497 2457 Ita
2527 2431 2595 2442 —
2646 2402 3034 2470 resipiscente.
3075 2400 3371 2457 Gaudium
3421 2399 3526 2457 erit
3555 2416 3679 2457 non

2022 2490 2217 2546 solum
2239 2506 2417 2561 super
2432 2491 2646 2557 multis,
2675 2491 2773 2545 sed
2808 2491 2985 2546 etiam
3014 2506 3195 2562 super
3218 2506 3358 2545 uno.
3387 2490 3445 2544 Id
3469 2494 3669 2547 autem

2019 2580 2292 2647 ostendit,
2328 2579 2512 2635 Deum
2552 2580 2930 2635 vehementer
2982 2580 3133 2634 sitire
3164 2579 3427 2650 cujusvis
3469 2595 3675 2649 pecca-

2020 2670 2160 2725 toris
2183 2670 2613 2741 pcenitentiam.
2639 2670 2961 2726 Dracbmas
2986 2675 3186 2724 autem
3218 2668 3672 2724 nominavitor-

2018 2759 2212 2824 dines,
2259 2765 2460 2831 utpote
2494 2760 2591 2814 Dei
2619 2759 2776 2829 regis
2825 2759 3231 2815 characterem
3270 2756 3559 2813 habentes
3599 2773 3668 2812 ac

2017 2847 2368 2920 imaginem.

2092 2937 2341 3003 Quidam
2363 2937 2564 3010 itaque
2578 2942 2816 2993 centum
2839 2953 2969 2993 esse
2983 2952 3181 2992 omnes
3198 2935 3438 2991 ordines
3460 2949 3667 2990 sense-

2018 3033 2173 3093 runt,
2208 3027 2285 3083 ad
2336 3027 2686 3099 parabolam
2728 3032 2962 3083 centum
3004 3026 3212 3082 ovium
3258 3025 3668 3081 attendentes:

2017 3116 2265 3188 quidam
2281 3133 2422 3171 vero
2456 3118 2700 3171 alteram
2729 3117 2936 3172 decem
2967 3116 3395 3171 drachmarum
3415 3113 3672 3187 parabo-

312 3195 573 3273 δραχμῶν
617 3202 690 3264 εἰς
739 3210 1047 3278 συνηγορίαν
1126 3206 1487 3278 λαμϐάνοντες,
1559 3206 1687 3262 δέκα
1744 3213 1909 3262 ταύτά

2026 3206 2220 3262 lamin
2246 3205 2642 3277 patrocinium
2666 3205 3273 3270 assumentes,decem
3288 3205 3399 3259 hos
3420 3220 3552 3259 esse
3582 3204 3670 3259 di-

310 3309 489 3360 φασιν.
546 3291 721 3346 Ἐννέα
768 3297 858 3365 μὲν
907 3297 972 3346 τὰ
1032 3295 1266 3369 οὐράνια,
1325 3300 1459 3349 κατὰ
1505 3301 1591 3350 τὸν
1650 3299 1903 3373 Ἀρεοπα-

304 3382 462 3449 γίτην
512 3385 798 3447 Διονύσιον,
867 3389 1111 3456 Θρόνους,
1168 3386 1445 3457 Χερουϐὶμ,
1504 3395 1747 3461 Σεραφιμ,
1799 3396 1906 3441 Κυ-

305 3472 576 3541 ρίοτητας,
603 3473 867 3543 Δυνάμεις,
894 3473 1187 3536 Ἐξουσίας,
1247 3475 1466 3549 Ἀρχὰς,
1497 3477 1906 3549 Ἀρχαγγέλους,

307 3557 591 3629 Ἀγγέλους
631 3575 644 3589 ⁸
690 3557 905 3613 δέκατον
957 3559 1034 3628 δὲ,
1118 3567 1176 3616 τὸ
1233 3562 1473 3635 ἐπίγειον,
1538 3570 1659 3627 τοὺς
1720 3565 1911 3640 ἀνθρώ-

314 3664 460 3707 πους.

382 3738 512 3804 Ἐγὼ
549 3732 609 3788 δὲ
633 3734 779 3809 οἶμαι
817 3744 906 3791 καὶ
953 3742 1018 3791 re.
1066 3739 1244 3792 ἑκατὸν
1292 3746 1382 3793 καὶ
1429 3744 1494 3794 τὰ
1524 3739 1670 3807 δέκα,
1713 3748 1782 3814 μὴ
1819 3763 1909 3801 ση-

308 3829 507 3892 μαίνειν
544 3822 798 3899 διαφορὰς
824 3829 1058 3899 ἀριθμῶν
1089 3832 1136 3881 ἐν
1167 3837 1281 3891 ταῖς
1328 3830 1647 3902 παραϐολαῖς
1676 3835 1905 3893 ταύταις,

308 3909 418 3963 ἀλλ’
470 3914 499 3971 ἦ
530 3919 682 3985 μόνον
730 3915 927 3978 πλῆθος
956 3920 1233 3989 ταγμάτων
1283 3918 1487 3973 τελειον.
1544 3921 1747 3980 Πλῆθος
1806 3924 1905 3995 γὰρ

306 4000 492 4053 τέλειον
518 4008 607 4054 καὶ
638 4005 662 4055 ό
695 4004 807 4075 (74)
841 4005 1015 4057 ἑκατόν
1041 4012 1130 4058 καὶ
1158 4009 1182 4059 ό
1216 4004 1363 4061 δέκα.
1402 4008 1606 4069 Πλῆθος
1638 4006 1696 4062 δὲ
1725 4010 1907 4061 τέλειον

306 4092 365 4139 τό
395 4099 494 4141 τῶν
528 4095 805 4162 ταγμάτων
837 4098 1030 4145 τούτων
1056 4095 1285 4167 λέγομεν,
1312 4093 1452 4149 διότι
1482 4106 1715 4150 τοσαῦτα
1743 4107 1907 4150 ταῦτα

308 4178 455 4242 εἰσιν,
488 4181 587 4231 ὅσα
626 4178 753 4232 εἶναι
775 4178 880 4234 ἔδει
914 4223 925 4234 .
958 4183 1111 4235 Ἀλλά
1137 4194 1240 4245 πῶς
1294 4182 1447 4251 εἶπεν,
1501 4189 1579 4238 ὅτι
1624 4189 1782 4259 Εὗρον
1813 4194 1905 4247 τὴν

308 4263 560 4340 δραχμὴν
616 4269 676 4328 ἣν
709 4269 952 4324 ἀπώλεσα
982 4290 993 4338 ;
1026 4273 1082 4324 ού
1124 4280 1222 4325 πᾶν
1260 4276 1357 4349 γὰρ
1389 4279 1445 4327 τό
1491 4280 1635 4346 γένος
1665 4283 1907 4348 μετενόη-

309 4375 384 4408 σε.
428 4362 593 4430 Φαμὲν
624 4364 814 4423 τοίνυν,
850 4362 929 4412 ὅτι
960 4358 1138 4420 ἐπειδὴ
1172 4369 1261 4416 καὶ
1288 4370 1405 4429 πᾶν,
1438 4366 1557 4417 ὅσον
1616 4367 1744 4439 εὗρε,
1778 4364 1901 4439 δρα-

305 4450 422 4516 χμὴ
457 4443 516 4504 ἧν
574 4446 887 4511 ἀπολωλυία,
921 4450 1126 4513 εἰκότως
1170 4457 1259 4504 καὶ
1305 4462 1457 4506 τοῦτο
1493 4451 1746 4527 δραχμήν
1775 4454 1901 4508 ἀπο-

304 4531 524 4586 λωλυῖαν
554 4536 809 4609 ὠνόμασε.

417 4630 559 4677 ΚΕΦ.
592 4625 712 4680 ΝΖ’.
746 4632 870 4701 Περὶ
915 4635 1007 4680 τοῦ
1038 4626 1479 4701 ἀποδημήσαντος
1506 4631 1575 4694 εἰς
1614 4638 1796 4705 χώραν

989 4721 1214 4790 μακράν.

375 4798 499 4854 Εἷπε
553 4834 618 4844 —-
664 4804 868 4866 οὐσίας.
940 4812 1039 4859 Καὶ
1096 4807 1251 4865 ἀλλην
1301 4809 1494 4880 εἰσάγει
1581 4810 1899 4884 πολυωφελε-

302 4893 500 4948 στάτην
525 4893 847 4966 παραϐολὴν,
875 4894 1260 4967 ύποφαίνονσαν
1308 4902 1400 4957 τήν
1453 4918 1506 4951 τε
1559 4896 1780 4971 δύναμιν
1812 4910 1899 4963 τῆς

302 4986 572 5052 μετανοίας
623 4992 722 5034 τῶν
785 4983 1118 5055 ἁμαρτωλῶν,
1170 4991 1259 5039 καὶ
1311 4990 1367 5039 τὸ
1427 4990 1642 5060 μέγεθος
1690 4997 1778 5050 τῆς
1823 5012 1897 5062 φι-

299 5069 627 5140 λανθρωπίας
656 5080 745 5124 τοῦ
778 5081 910 5126 Θεού
958 5091 969 5103 ⁸
1001 5076 1090 5127 κάὶ
1144 5072 1238 5126 διὰ
1274 5078 1470 5139 ταύτης
1514 5078 1580 5138 εἰς
1626 5081 1897 5150 μετάνοιαν

298 5163 646 5232 προτρέπεται
724 5165 842 5222 τοὺς
933 5160 981 5214 ἄν
1082 5163 1362 5236 ἁμαρτίαις
1399 5185 1410 5198 ·
1455 5168 1723 5241 ἄνθρωπον
1808 5174 1895 5240 μὲν

297 5251 700 5324 προσαγορεύων
742 5254 829 5303 τὸν
895 5250 1249 5326 φιλάνθρωπον
1320 5258 1524 5331 Πατέρα
1577 5261 1667 5309 καὶ
1723 5262 1888 5311 Θεόν·

2021 3302 2163 3351 cunt
2195 3314 2207 3351 :
2239 3312 2451 3351 novem
2481 3296 2717 3367 quidem
2757 3296 3044 3358 caelestes,
3085 3295 3257 3364 juxta
3292 3292 3665 3364 Diomysium

2020 3386 2435 3456 Areopagitam
2459 3405 2470 3443 :
2498 3386 2789 3449 Thronos,
2818 3382 3158 3450 Cherubim,
3196 3381 3523 3453 Seraphim,
3556 3383 3665 3437 Do-

2020 3475 2394 3539 minationes,
2438 3474 2776 3537 Potestates,
2812 3472 3085 3537 Virtutes,
3132 3470 3515 3541 i’rincipatus,
3560 3472 3667 3524 Ar-

2019 3563 2343 3634 changelos
2379 3568 2437 3618 et
2466 3563 2724 3633 Angelos
2756 3578 2770 3628 ;
2803 3562 3107 3617 deoimum
3149 3576 3285 3616 vero
3337 3565 3665 3615 terrenum.

2017 3658 2177 3724 puta,
2207 3653 2500 3708 homines.

2090 3745 2211 3811 Ego
2256 3760 2390 3799 vero
2420 3744 2634 3814 opinor
2664 3746 2720 3797 et
2748 3746 2982 3797 centum
3016 3745 3072 3796 et
3100 3739 3307 3796 decem
3341 3739 3399 3794 in
3432 3739 3525 3794 his
3556 3755 3662 3810 pa-

2016 3831 2237 3887 rabolis
2260 3848 2378 3888 non
2399 3832 2731 3901 signiﬁcare
2754 3846 3136 3887 numerorum
3160 3828 3664 3892 diversitates,sed

2015 3925 2247 3975 tantum
2266 3922 2702 3977 multitudinem
2719 3920 2997 3976 ordinum
3016 3918 3372 3991 perfectam:
3403 3917 3665 3973 estenim

2016 4009 2273 4079 perfecta
2289 4010 2608 4065 multitudo
2630 4015 2687 4065 et
2708 4016 2946 4065 centum
2973 4016 3029 4064 et
3047 4009 3252 4063 decem
3282 4023 3295 4073 ;
3334 4006 3664 4061 multitudi-

2014 4113 2154 4153 nem
2181 4104 2380 4153 autem
2412 4099 2687 4154 ordinum
2713 4098 3036 4171 perfectam
3060 4113 3190 4153 esse
3217 4096 3493 4160 dicimus,
3522 4094 3663 4166 quia

2016 4193 2099 4243 tot
2127 4193 2263 4243 sunt
2296 4195 2441 4260 quot
2470 4204 2597 4243 esse
2640 4188 2920 4259 oportuit.
2984 4187 3096 4244 Sed
3133 4184 3444 4257 quomodo
3481 4183 3661 4239 dixit:

2018 4278 2225 4334 Inveni
2234 4279 2597 4343 drachmam,
2616 4295 2784 4349 quam
2801 4277 3202 4348 perdideram,
3217 4292 3347 4332 cum
3362 4290 3478 4330 non
3491 4288 3662 4329 omne

2011 4383 2197 4437 genus
2228 4368 2531 4438 resipuerit
2558 4373 2582 4419 ?
2618 4369 2896 4435 Dicimus,
2925 4366 3088 4439 quod
3119 4368 3661 4438 quantumcunque

2013 4455 2134 4519 fuit,
2176 4458 2334 4527 quod
2375 4457 2617 4522 invenit,
2656 4457 2715 4512 id
2755 4457 3047 4513 drachma
3071 4460 3199 4511 erat
3239 4453 3507 4525 perdita:
3547 4451 3664 4508 hoc

1941 4580 1983 4632 Β
2014 4546 2171 4599 enim
2216 4547 2421 4601 merito
2451 4547 2805 4602 drachmam
2842 4544 3135 4617 perditam
3174 4541 3516 4632 appellavit.

2012 4633 2167 4689 CAP.
2190 4634 2353 4692 LVII.
2388 4635 2471 4692 De
2497 4636 2726 4692 duobus
2753 4634 2917 4703 ﬁliis,
2940 4649 3188 4705 quorum
3234 4631 3438 4704 iunior
3477 4630 3656 4685 luxu-

2664 4724 2820 4780 riose
2851 4723 3018 4779 vixit.

2083 4813 2244 4868 Vers.
2296 4813 2379 4868 11.
2420 4813 2679 4868 Dixit—
2710 4814 2873 4867 Vers.
2940 4816 3027 4867 t2.
3070 4809 3428 4866 substantia.
3467 4807 3660 4865 Aliam

2008 4919 2248 4976 quoque
2289 4904 2509 4960 inducit
2539 4904 2803 4975 plurima:
2830 4902 3095 4958 utilitatis
3116 4900 3464 4972 parabolam
3492 4915 3660 4972 :qum

2009 4993 2126 5047 vim
2155 4992 2515 5063 paenitentia;
2543 5009 2750 5048 eorum
2769 4993 2871 5064 qui
2898 4996 3312 5062 peccaverunt,
3344 4992 3663 5046 submons-

2008 5086 2121 5137 trat
2167 5090 2223 5137 et
2252 5083 2464 5138 divinae
2512 5082 2896 5152 benignitatis
2941 5080 3439 5149 magnitudinem,
3472 5084 3527 5135 et
3550 5093 3655 5149 per

2006 5169 2160 5225 hanc
2199 5176 2538 5243 peccatores
2568 5171 2639 5227 ad
2671 5169 3081 5242 pcenitentiam
3112 5168 3460 5225 adhortatur
3489 5185 3505 5225 :
3542 5166 3658 5223 ho-

2007 5260 2228 5316 minem
2280 5259 2520 5331 quidem
2570 5258 2883 5333 appellans
2922 5256 3160 5315 Patrem
3209 5274 3280 5315 ac
3308 5259 3518 5326 Deum,
3551 5255 3658 5330 qui

1507 5458 1733 5529 Variae
1776 5460 2104 5531 lectiones
2137 5473 2202 5532 et
2234 5474 2436 5534 notae.

393 5648 484 5718 7‘2)
517 5653 643 5702 Θεοῦ
674 5647 721 5701 ἓν
760 5658 833 5702 τῶ
869 5655 1102 5709 ποίηκεν.
1137 5652 1229 5707 Sic
1255 5654 1321 5708 Α.

370 5648 483 5792 ἰ73)
521 5706 840 5790 Gregorius
876 5738 1014 5792 pag.
1069 5723 1164 5778 231
1223 5741 1320 5789 me

391 5719 483 5792 73)
521 5719 840 5794 Gregorius
876 5738 1014 5794 pag.
1069 5723 1164 5778 231
1223 5724 1381 5789 med.
1416 5726 1498 5783 ita
1518 5726 1699 5786 habet
1730 5744 1742 5786 :
1773 5728 1891 5784 Ὀτι

294 5790 488 5864 λύχνον
510 5791 612 5864 ἧψε
637 5796 730 5852 τήν
758 5790 942 5847 ἑαυτοῦ
966 5790 1165 5871 σάρκα.
1480 5802 1483 5805 ’

2075 5660 2190 5739 (70)
2219 5659 2485 5739 _‘0__et_hic
2515 5664 2571 5739 et
2601 5659 2781 5739 paulo
2811 5662 2950 5735 post
2987 5660 3206 5718 omittit
3262 5665 3320 5720 Β.
3355 5661 3414 5721 Si
3443 5661 3655 5739 probe-

2005 5734 2115 5787 tur.
2148 5730 2491 5807 intelligitur
2518 5730 2759 5809 ἀριθμός.
