4144 6314
582 323 720 382 1023
1915 323 2209 381 EUTHYM

2324 325 2649 383 ZIGABENI
3831 324 3960 383 1024

578 451 890 510 humanus
915 455 1026 520 est,
1071 451 1224 508 duos
1254 453 1455 508 autem
1487 451 1637 507 ﬁlios
1682 451 1833 523 ejus.
1867 467 2112 508 omnem
2136 453 2214 524 ju-

2343 449 2440 507 δύο
2471 451 2530 508 δὲ
2555 458 2699 516 υἱοὺς
2728 455 2911 522 αὐτοῦ,
2957 457 3124 508 πάντα
3166 451 3370 508 δίκαιον
3431 458 3520 508 καὶ
3558 454 3746 508 πάντα
3801 451 3962 527 ἁμαρ-

581 548 760 608 stum,
778 560 1137 616 omnemque
1155 549 1528 615 peccatorem
1551 558 1564 609 ;
1586 549 1671 599 est
1691 543 1849 598 enim
1869 544 2217 614 etjustorurr

2340 543 2519 596 τωλόν.
2551 542 2704 597 Ἐστι
2753 548 2854 619 γὰρ
2920 550 3099 619 Πατὴρ
3154 551 3244 598 καὶ
3299 553 3398 597 τῶν
3455 541 3682 596 δικαίων
3735 548 3959 594 καὶτῶν

580 637 748 690 Pater
777 639 832 690 et
861 640 1258 706 peccatorum,
1304 637 1504 705 utpote
1543 649 1648 704 per
1679 633 1894 689 lavacri
1919 650 2216 706 regenera-

2343 633 2680 708 ἁμαρτωλῶν,
2714 637 2778 694 ὡς
2816 637 3214 692 υἱοθετηθέντων
3251 634 3386 704 αὐτῷ
3437 631 3530 686 διὰ
3581 639 3681 684 τοῦ
3745 631 3960 706 λουτροῦ

577 724 801 780 tionem
820 724 892 780 ab
910 725 1034 794 ipso
1055 725 1474 796 adoptatorum,
1498 723 1567 778 de
1590 723 1864 778 ﬁdelibus
1881 725 2030 778 enim
2049 739 2213 779 serum

2343 733 2438 785 τῆς
2484 723 2864 795 ἀναγεννὴσεως
2921 741 2932 754 ·
2980 729 3098 796 περὶ
3151 733 3248 776 τῶν
3306 731 3506 775 πιστῶν
3545 725 3651 795 γὰρ
3711 723 3739 773 ὁ
3792 720 3958 790 λόγος.

580 820 692 870 est.
721 814 1022 869 iuniorem
1048 830 1186 869 vero
1220 813 1556 869 nominavit
1615 817 2007 884 peccatorem,
2043 819 2106 868 ut
2131 830 2209 885 qu

2341 820 2597 886 Νεὼτερον
2647 811 2705 867 δὲ
2753 814 2994 886 ὀνομάζει
3081 818 3165 865 τὸν
3243 812 3565 886 ἁμαρτωλὸν,
3641 812 3720 872 ὡς
3787 815 3962 867 νηπιό-

580 903 878 976 pueriliter
912 903 1062 973 sapit
1091 902 1382 975 facileque
1430 901 1651 958 fallitur
1691 918 1703 956 :
1755 903 1857 974 qui
1889 902 2066 957 etiam
2095 902 2216 957 sub

2343 923 2502 976 φρονα
2530 908 2620 956 καὶ
2650 903 3046 970 εῦεξαπάτητον,
3089 902 3256 964 ὅςκαὶ
3305 903 3532 962 ἐζήτησε
3579 903 3640 951 τὸ
3679 897 3959 952 ἐπιϐάλλον

579 994 813 1049 stantiaa
850 999 1075 1063 partem
1107 1009 1243 1064 quae
1274 992 1384 1047 sibi
1423 991 1797 1056 obveniebat,
1833 992 2038 1062 petivit
2070 1008 2082 1046 :
2118 991 2215 1046 ho<

2340 997 2493 1067 μέρος
2530 1002 2626 1054 τῆς
2677 993 2880 1060 οὐσίας,
2913 997 3050 1058 ἤτοι,
3110 995 3167 1044 τὸ
3223 991 3276 1043 ἐκ
3339 995 3562 1064 φύσεως,
3623 989 3959 1061 ὀφειλόμενον

579 1083 929 1138 estliberum
953 1081 1285 1146 arbitrium,
1309 1083 1471 1152 quod
1489 1082 1538 1137 ei
1557 1097 1630 1137 ex
1653 1086 1868 1138 natura
1880 1080 2215 1136 debebatur

2340 1081 2691 1145 αὐτεξούσιον.
2746 1088 2848 1143 Πᾶς
2893 1084 2995 1157 γὰρ
3030 1086 3325 1155 νηπιοφρων
3379 1081 3528 1141 ζητεῖ
3587 1083 3652 1131 τὸ
3720 1077 3960 1141 αὐτεξού-

580 1171 857 1242 Quisquis
897 1171 1057 1226 enim
1096 1170 1395 1243 pueriliter
1426 1172 1600 1244 sapit,
1634 1170 1889 1226 liberum
1919 1169 2111 1243 poscit
2141 1187 2232 1226 ar-
2342 1191 2473 1226 σιον.

577 1259 832 1317 bitrium.

649 1350 1184 1421 Autobtingentem
1198 1351 1547 1407 substantiae
1561 1356 1788 1422 partem
1809 1350 2230 1408 dicitdebitam

2407 1355 2475 1402 Ἤ
2517 1348 2785 1402 ἐπιϐάλλον
2837 1353 2991 1422 μέρος
3045 1349 3229 1410 οὐσίας
3281 1348 3434 1420 λέγει,
3484 1350 3542 1400 τὸ
3599 1345 3658 1399 ἐκ
3722 1353 3822 1398 τοῦ
3868 1345 3959 1417 βα-

578 1457 646 1496 ex
667 1440 966 1514 baptismo
988 1441 1260 1508 gratiam.
1285 1441 1483 1496 Cuivis
1503 1442 1662 1496 enim
1699 1441 2000 1510 baptizato
2026 1441 2214 1496 divina

2337 1442 2633 1511 πτίσματος
2684 1442 3108 1512 χρεωστοῦμενον
3165 1441 3434 1514 χάρισμα,
3469 1441 3635 1490 Παντὶ
3701 1438 3811 1510 γὰρ
3871 1435 3961 1506 βα-

577 1530 756 1587 datur
781 1531 993 1601 gratia.
1048 1531 1388 1588 Substantia
1436 1535 1634 1587 autem
1677 1532 1798 1586 sive
1859 1530 2072 1585 divitiae
2106 1530 2205 1586 Dei

2337 1531 2607 1581 πτισθέντι
2662 1531 2911 1602 χάρισμα
2971 1533 3114 1583 Θεῖον
3161 1525 3393 1583 δίδοται.
3451 1527 3628 1580 Οὑσία
3691 1522 3779 1590 δὲ,
3829 1529 3957 1588 ἤτοι,

577 1624 716 1675 sunt
754 1620 1136 1687 charismata,
1195 1621 1254 1676 id
1308 1625 1416 1690 est,
1449 1621 1611 1676 dona
1662 1636 1800 1692 quae
1840 1619 2052 1676 dividit
2087 1617 2213 1673 ﬁde-

2338 1618 2552 1679 πλοῦτος
2610 1626 2764 1686 Θεοῦ,
2820 1621 2886 1672 τά
2935 1620 3274 1692 χαρίσματα,
3325 1617 3360 1670 ἂ
3417 1614 3656 1689 διανέμει
3701 1623 3821 1677 τοῖς
3846 1633 3961 1667 πισ-

574 1709 752 1766 libus.
1099 1731 1107 1734 έ

1099 1731 1107 1734 ⁴
2339 1714 2444 1768 τοῖς
2480 1709 2614 1778 (75).

646 1801 689 1870 ει-
719 1803 845 1856 Non
877 1801 1014 1872 quia
1048 1805 1314 1872 tempore
1349 1800 1570 1871 junior,
1598 1799 1700 1856 sed
1742 1799 1880 1872 quia
1907 1813 2087 1853 sensu
2128 1796 2424 1864 indigens.
2459 1803 2772 1868 menteque
2802 1797 3172 1852 inconstans.

648 1890 692 1959 -ι-
717 1892 796 1944 Ac
826 1889 873 1944 si
896 1889 1121 1945 diceret
1161 1908 1173 1945 :
1207 1889 1372 1951 Nolo,
1410 1889 1618 1958 urgeat
1650 1905 1734 1944 me
1765 1887 2058 1942 serviendi
2088 1885 2406 1941 necessitas
2440 1902 2452 1951 ;
2482 1885 2726 1942 liberum
2755 1893 2843 1943 est
2871 1888 3030 1942 enim
3081 1886 3224 1941 mihi
3281 1885 3616 1941 arbitrium.
3676 1885 3741 1939 Si
3798 1883 3954 1948 volo,

579 1978 892 2034 modestus
925 1996 1056 2033 sum
1095 1996 1110 2045 ;
1143 1979 1191 2034 si
1233 1978 1381 2044 nolo,
1415 1979 1545 2046 cogi
1576 1994 1827 2048 nequeo.
1865 1979 2034 2032 Pater
2054 1991 2196 2044 ergo
2225 1975 2482 2030 candide
2514 1977 2795 2047 impertiit
2828 1993 2841 2042 ;
2878 1977 3000 2031 vult
3049 1977 3208 2032 enim
3260 1975 3548 2030 Dominus
3599 1981 3665 2029 ut
3701 1973 3817 2029 sibi
3862 1989 3955 2026 vo-

577 2066 833 2121 luntarie
861 2067 1164 2122 serviatur.
1195 2067 1416 2123 Deinde
1441 2082 1686 2139 peregre
1719 2066 2018 2137 profectus
2063 2070 2172 2119 est.
2231 2066 2360 2130 Quo
2389 2065 2416 2120 ?
2469 2067 2592 2120 Non
2625 2081 2660 2120 a
2709 2066 2839 2121 loco
2899 2067 2972 2121 ad
3008 2065 3228 2130 locum,
3286 2064 3391 2119 sed
3424 2069 3622 2118 mente
3655 2062 3956 2118 dicessita

580 2156 698 2210 Deo
722 2160 776 2210 et
819 2159 970 2210 Deus
1003 2155 1201 2211 abillo
1243 2161 1515 2228 :propter
1544 2157 1701 2227 quod
1739 2155 1917 2210 etiam
1951 2155 2105 2210 facta
2153 2158 2240 2208 est
2290 2151 2370 2206 illi
2437 2152 2627 2208 fames
2681 2155 2896 2219 valida,
2933 2170 3051 2210 non
3105 2153 3296 2210 fames
3328 2153 3501 2226 panis
3551 2157 3610 2209 et
3642 2168 3823 2226 aqum
3854 2149 3954 2205 sed

577 2243 769 2301 fames
811 2245 1093 2300 audiendi
1118 2245 1277 2300 verbi
1307 2246 1401 2301 Dei
1439 2261 1451 2299 :
1480 2247 1617 2317 quia
1640 2245 1826 2299 fames
1859 2245 2157 2300 bonorum
2191 2241 2509 2296 vehemens
2535 2248 2648 2300 est.

654 2334 822 2392 Vers.
881 2335 964 2391 t2.
996 2335 1073 2390 Et
1104 2368 1170 2376 —
1200 2335 1602 2391 substantiam.
1636 2335 1907 2391 Liberum
1957 2333 2226 2389 videlicet
2256 2330 2290 2388 E

2302 2365 2305 2379 ι
2419 2341 2518 2390 Καὶ
2544 2366 2612 2375 —
2644 2335 2780 2408 βίον.
2808 2334 3004 2404 Ἦγουν
3037 2333 3401 2396 αὐτεξουσίως
3455 2331 3648 2394 αὐτοὺς
3701 2330 3938 2384 ἀπέλυσε.

576 2422 883 2480 arbitrium
937 2424 1050 2480 illis
1080 2425 1275 2480 divisit
1320 2442 1334 2491 ;
1377 2426 1769 2480 substantiam
1821 2439 2084 2496 namque
2126 2431 2212 2479 aut

2336 2432 2404 2482 Τὸ
2433 2431 2530 2501 γάρ
2561 2424 2744 2479 διελεῖν
2770 2427 2857 2476 τὸν
2894 2423 3032 2496 βίον,
3061 2426 3245 2487 εἶτουν,
3279 2427 3370 2478 τὴν
3404 2422 3614 2490 οῦσίαν,
3653 2428 3766 2482 τοῖς
3797 2422 3940 2481 υἱοῖς,

575 2511 884 2569 facultates
901 2514 1037 2570 filiis
1067 2515 1329 2570 dividere
1357 2514 1500 2570 nihil
1523 2513 1681 2570 aliud
1715 2518 2018 2586 est,quam
2043 2513 2211 2569 liberc

2338 2514 2489 2571 οὐδὲν
2520 2517 2686 2588 ἕτερον
2719 2513 2879 2579 ἐστιν,
2921 2513 2950 2572 ἦ
3006 2516 3064 2564 τό
3120 2511 3490 2574 αὐτεξουσίως
3522 2511 3722 2572 αὐτοὺς
3762 2508 3941 2561 ἀπολῦ-

576 2602 821 2660 arbitrio
847 2603 978 2659 ilios
1030 2604 1363 2676 relinquere
1427 2625 1440 2660 :
1497 2603 1798 2658 neminem
1853 2603 2012 2658 enim
2070 2601 2212 2672 cogi'

2341 2627 2451 2661 acu.
2488 2602 2692 2658 Οὐδένα
2715 2603 2864 2677 γάρό
2895 2606 3020 2663 Θεὸς
3056 2601 3339 2673 ἀναγκάζει
3363 2605 3434 2674 μὴ
3491 2599 3810 2674 βουλόμενον
3841 2616 3936 2649 πει-

575 2693 754 2757 Deus,
795 2692 893 2763 qui
924 2693 1037 2764 ipsi
1067 2693 1213 2748 nolit
1233 2693 1496 2749 obedire.

1113 2693 1213 2748 olit
1233 2693 1496 2749 obedire.
2340 2699 2556 2770 θαρχεῖν
2589 2694 2749 2763 αὐτῷ.

647 2782 760 2837 Aut
788 2782 966 2838 etiam
1024 2782 1226 2839 divisit
1271 2784 1356 2838 eis
1404 2782 1798 2852 congruentia
1837 2781 2018 2846 dona,
2053 2785 2230 2854 prout

2409 2786 2478 2839 Ἦ
2509 2789 2598 2837 καὶ
2665 2780 2849 2836 διεῖλεν
2903 2780 3075 2841 αὐτοῖς
3113 2783 3178 2832 τά
3233 2783 3569 2853 προσήκοντα
3627 2782 3932 2853 χαρίσματα

571 2869 802 2926 dictum
842 2875 947 2926 est.

2337 2878 2505 2935 καθὼς
2535 2878 2753 2947 εἴρηται.

648 2961 813 3015 Vers.
856 2965 934 3016 l3.
955 2961 1032 3015 Et
1056 2992 1125 3001 —-
1156 2961 1546 3032 longinquam.
1575 2960 1781 3017 Senior
1800 2961 2045 3032 quidem
2070 2959 2229 3031 apud

2410 2968 2512 3020 Καὶ
2540 2995 2606 3004 —-
2657 2962 2884 3035 μακράν.
2923 2959 2980 3012 Ὀ
3021 2962 3110 3031 μὲν
3154 2958 3497 3032 πρεσϐύτερος
3526 2963 3799 3032 παρέμεινε
3826 2957 3921 3027 (76)

575 3055 807 3122 patrem
839 3051 1146 3118 remansit,
1167 3055 1456 3122 tanquam
1484 3050 1751 3122 prudens
1786 3067 1798 3105 :
1831 3049 2037 3121 junior
2067 3066 2204 3105 vero

2336 3063 2408 3124 τῷ
2463 3056 2642 3125 πατρὶ,
2702 3055 2765 3112 ὡς
2806 3054 3052 3122 φρόνιμος
3105 3066 3116 3078 ·
3162 3051 3187 3100 ὁ
3246 3045 3305 3100 δε
3347 3053 3580 3120 νεώτερος
3636 3048 3922 3117 συναγαγὼν

574 3139 953 3210 congregatis
981 3139 1282 3206 omnibus,
1313 3145 1478 3210 puta,
1532 3139 1721 3195 libero
1762 3139 1992 3204 arbitio,
2029 3155 2096 3194 ac
2132 3141 2206 3193 De

2336 3143 2558 3206 ἅπαντα,
2591 3144 2650 3194 τό
2703 3159 2757 3191 τε
2810 3138 3144 3200 αὐτεξούσιον
3195 3143 3285 3189 καὶ
3324 3139 3382 3188 τὸ
3436 3139 3568 3190 θεῖον
3615 3132 3917 3208 χάρισμα,ιῖι

575 3228 758 3292 dono,
784 3228 875 3284 vel
901 3228 1182 3284 omnibus
1205 3229 1328 3284 suis
1358 3228 1786 3287 voluntatibus.
1810 3228 1868 3283 id
1902 3233 2009 3293 est,
2043 3229 2211 3283 domi-

2337 3233 2540 3284 ἅπαντα
2567 3232 2630 3281 τά
2661 3229 2846 3282 ἑαυτοῦ
2897 3227 3180 3299 θελήματα,
3235 3231 3499 3289 τουτέστι,
3549 3229 3716 3297 κύριος
3758 3221 3909 3272 αὐτῶν

575 3334 690 3374 nus
715 3317 950 3374 illorum
976 3319 1358 3384 constitutus,
1408 3334 1652 3390 peregre
1693 3318 1995 3390 profectus
2028 3323 2117 3373 est
2148 3317 2211 3373 ac'

2337 3322 2620 3384 καταστὰς,
2655 3314 2995 3388 ἀπεδήμησεν
3027 3317 3094 3376 εἰς
3123 3321 3215 3374 τὴν
3266 3314 3547 3389 ἁμαρτίαν,
3587 3319 3672 3370 την
3722 3309 3907 3383 μακρὰν

573 3411 903 3480 peccatum,
928 3407 1085 3480 quod
1110 3408 1268 3463 aDeo
1288 3408 1463 3479 longe
1477 3413 1788 3480 separatur
1820 3425 1833 3463 :
1865 3407 2043 3476 longe
2065 3409 2209 3463 enin

2335 3418 2426 3462 τοῦ
2457 3416 2590 3461 Θεοῦ
2645 3411 2902 3478 κειμένην.
2948 3403 3128 3479 uappa
3154 3406 3253 3476 γὰρ
3303 3411 3394 3455 τοῦ
3449 3411 3582 3457 Θεοῦ
3635 3406 3847 3472 γίνονται
3869 3396 3914 3446 οἱ

572 3496 726 3552 ﬁunt
754 3500 945 3561 aDeo,
997 3496 1100 3570 qui
1155 3501 1441 3568 peccant:
1484 3512 1606 3554 non
1651 3497 1767 3554 loci
1797 3497 2204 3567 segregatione

2337 3499 2734 3572 ἁμαρτάνοντες,
2786 3495 2880 3547 οῦκ
2906 3493 3246 3568 ἀναχωρήσει
3293 3497 3474 3559 τόπου,
3519 3491 3624 3544 ἀλλ’
3666 3489 3919 3561 ἀναχωρή-

576 3585 680 3642 sed
711 3586 958 3642 virtutis.

2339 3608 2418 3642 σει
2438 3595 2531 3648 τῆς
2560 3585 2712 3658 ἀρετῆ
2725 3605 2763 3645 ς.

648 3675 810 3731 Vers.
851 3679 933 3731 l3.
967 3676 1054 3732 Ac
1077 3675 1161 3732 ibi
1183 3708 1251 3716 —
1275 3691 1454 3731 suam.
1489 3675 2028 3748 Corrupitdonum,
2062 3675 2226 3748 quod
2265 3682 2284 3737 (

2285 3682 2304 3737 Σ
2411 3681 2512 3730 Καὶ
2534 3675 2635 3727 ἐκεῖ
2663 3706 2732 3714 —
2760 3674 2936 3728 αὐτοῦ.
2974 3673 3232 3745 Διέφθειρε
3260 3674 3319 3724 τὸ
3350 3669 3405 3723 ἐκ
3447 3678 3539 3724 τοῦ
3571 3668 3921 3743 βαπτίσματος

575 3779 611 3820 a
639 3763 1312 3837 baptismosusceperat,
1338 3769 1483 3836 puta
1499 3766 1717 3822 animae
1740 3765 2130 3834 nobilitatem,
2148 3781 2211 3820 ac

2341 3769 2605 3839 χάρισμα,
2639 3769 2732 3822 την
2762 3770 2857 3824 τῆς
2902 3762 3089 3833 ψυχῆς
3138 3762 3411 3832 εὐγένειαν,
3466 3765 3560 3818 τὴν
3590 3763 3717 3833 πρὸς
3755 3757 3919 3829 ἀρετὰς

574 3853 817 3910 virtutes
865 3854 1273 3926 aptitudinem.
1317 3856 1453 3910 Haec
1491 3856 1650 3910 enim
1693 3859 1750 3911 et
1805 3855 2022 3911 similia
2061 3870 2200 3910 eran

2337 3849 2753 3911 ἐπιτηδειότητα.
2796 3859 2974 3904 Ταῦτα
2996 3854 3096 3924 γὰρ
3125 3856 3214 3903 καὶ
3246 3853 3313 3902 τά
3340 3857 3555 3903 τοιαῦτα
3614 3845 3745 3907 ἦσαν
3783 3845 3923 3898 οῦσία

573 3943 704 4014 ejus
742 3943 1077 4002 substantia
1108 3961 1176 4000 ac
1209 3944 1448 4000 divitiaa.

1263 3945 1448 4000 ivitiaa.
2335 3948 2425 3996 καὶ
2458 3943 2678 4004 πλοῦτος
2719 3941 2899 3994 αὐτοῦ.

645 4033 807 4088 Vers.
859 4034 946 4088 13.
1017 4035 1274 4090 Vivendo
1326 4065 1396 4074 —
1462 4033 1781 4090 luxuriose.
1822 4033 2226 4104 Prodigaliter,

2183 4050 2226 4098 ι’,
2407 4039 2517 4085 Ζῶν
2549 4063 2614 4072 —
2641 4030 2875 4093 ἀσώτως.
2907 4026 3175 4102 Ἀφειδώς,
3213 4028 3468 4104 ἀκρατῶς,
3511 4027 3819 4086 ἀκολάστως.

571 4121 1058 4192 intemperanter,
1088 4122 1426 4185 libidinose,
1444 4121 1686 4178 lascive.

646 4211 816 4267 Vers.
864 4212 951 4267 14.
996 4213 1260 4282 Cumque
1306 4227 1507 4267 omnia
1558 4213 2025 4282 consumpsisset.
2082 4214 2227 4269 Cum

2411 4215 2618 4268 Δαπανὴ
2630 4229 2817 4272 σαντος
2843 4205 2902 4262 δὲ
2946 4208 3105 4261 αὐτοῦ
3129 4210 3314 4262 πάντα.
3349 4206 3720 4267 ’Δποὸσλόντος
3743 4204 3912 4271 πάντα¹

578 4299 911 4372 abjecisset,
944 4305 1047 4357 ant
1098 4301 1440 4373 respuisset,
1471 4317 1846 4374 quaecunque
1897 4303 2156 4360 habebat
2193 4319 2214 4361 ε

1471 4317 1846 4374 quascunque
1897 4303 2156 4360 habebat
2193 4319 2230 4361 a
2342 4301 2442 4353 ὅσα
2466 4296 2604 4372 εἶχεν
2635 4298 2690 4351 ἐκ
2715 4305 2861 4366 Θεοῦ,
2895 4297 3085 4370 ἀγαθά.

578 4388 698 4444 Deo
728 4389 910 4445 bona.

647 4479 812 4534 Vers.
875 4479 962 4534 14.
1016 4479 1202 4536 Facta
1248 4484 1333 4535 est
1379 4510 1448 4520 —
1490 4481 1614 4536 illa.
1668 4481 1775 4538 Ubi
1833 4482 1993 4538 enim
2047 4481 2230 4537 divini

2413 4479 2635 4550 Ἐγένετο
2662 4509 2726 4520 -
2750 4478 2962 4535 ἐκείνην.
2994 4476 3283 4549 Ὀπον’γὰρ
3312 4475 3449 4528 ὁτοῦ
3465 4478 3598 4529 θείου
3619 4472 3764 4547 φόϐου
3787 4476 3913 4524 σῖτος

574 4566 807 4624 timoris
834 4567 1202 4624 frumentum
1234 4584 1352 4625 non
1380 4569 1608 4636 seritur,
1635 4569 1713 4625 ibi
1772 4571 1959 4627 fames
2007 4571 2207 4626 valida

2343 4570 2401 4621 οῦ
2421 4576 2746 4643 γεωργεῖται,
2807 4566 2912 4619 ἐκεῖ
2945 4566 3091 4640 λιμὸς
3153 4565 3400 4640 ἰσχυρὸς,
3454 4565 3546 4618 οὐχ
3596 4566 3757 4636 σζθτου,
3809 4554 3907 4606 ἀλλ’

574 4673 699 4713 non
737 4658 930 4729 panis,
965 4658 1066 4714 sed
1100 4657 1330 4714 virtutis
1365 4675 1379 4725 ;
1413 4658 1513 4715 ubi
1541 4659 1804 4716 fertilitas
1834 4661 2030 4717 omnis
2065 4661 2203 4717 mali

2345 4658 2526 4733 ἀρετῆς
2554 4678 2567 4690 ·
2593 4660 2720 4710 ὅπου
2753 4656 2964 4730 εὐφορία
3019 4658 3212 4717 παντὸς
3236 4662 3419 4721 κακοῦ,
3451 4657 3553 4705 ἐκεῖ
3587 4651 3755 4722 ἀφορία
3787 4661 3900 4695 παν-

578 4746 660 4804 ibi
700 4746 972 4803 sterilitas
1001 4747 1198 4802 omnis
1227 4747 1391 4813 boni,

1003 4747 1198 4802 omnis
1227 4747 1391 4813 boni,
2343 4752 2431 4810 τός
2461 4747 2639 4800 καλοῦ.

648 4835 816 4891 Vers.
856 4838 938 4891 14.
971 4837 1047 4891 Et
1085 4867 1152 4878 —
1193 4851 1377 4905 egere.
1435 4838 1610 4892 Fame
1648 4837 1860 4908 premi,
1891 4837 2124 4909 dilapso
2155 4837 2233 4893 ab

3144 4837 3154 4848 ,
3520 4829 3562 4845 ,,
3616 4833 3624 4844 ,
3827 4821 3839 4835 ν
3887 4826 3904 4833 -

2418 4841 2616 4890 Καὶ-
2665 4837 3018 4907 ὑστερεῖσθαι.
3087 4834 3354 4900 Πενεσθαι,
3417 4828 3733 4906 διαρρυεντος
3785 4839 3913 4889 αυτῳ

587 4941 660 4982 eo
698 4926 861 4982 omni
902 4924 1084 4992 bono,
1117 4926 1367 4998 solaque
1396 4925 1827 4985 incontinentia
1854 4926 2151 4984 derelicta.

2343 4928 2534 4986 παντὸς
2597 4923 2819 4996 ἀγαθοῦ,
2883 4928 2971 4975 καὶ
3023 4927 3187 4994 μόνης
3231 4921 3625 4994 ὑπολειφθείσης
3662 4925 3747 4977 τῆς
3777 4911 3919 4985 ἀκρα-

2266 5034 2309 5088 D
2347 5019 2461 5074 σίας
2492 5013 2628 5086 (77).

662 5104 832 5162 Vers.
871 5108 953 5161 l5.
984 5103 1353 5161 Et—z‘ttius.
1383 5102 1550 5160 Cives
1573 5104 1832 5175 regionis
1879 5104 2057 5170 illius,
2092 5109 2236 5177 puta

2422 5100 2848 5161 Καὶ-ἐκείνης.
2905 5099 3122 5154 Πολίται
3176 5107 3272 5160 τῆς
3333 5104 3516 5173 χώρας
3567 5098 3773 5165 ἐκείνης,
3821 5095 3927 5150 ἦτοι

590 5193 842 5266 peccati,
865 5197 1006 5250 sunt
1034 5194 1357 5251 demones.
1400 5193 1726 5250 Distractus
1755 5209 1894 5266 ergo
1925 5210 1954 5250 ε
1989 5199 2173 5266 patre,
2199 5209 2226 5250 o

2345 5201 2436 5252 τῆς
2490 5191 2769 5266 ἁμαρτίας,
2825 5192 2874 5243 οἱ
2927 5186 3172 5262 δαίμονες
3224 5225 3238 5241 .
3300 5186 3623 5264 ἀπορῥαγεὶς
3699 5182 3782 5240 οὖν
3849 5184 3929 5233 τοῦ

587 5296 876 5354 magnam
905 5283 1267 5341 dementiam
1297 5283 1310 5339 t
1336 5282 1879 5340 adhmsitinimico:
1915 5287 1970 5339 et
1993 5283 2093 5354 qui
2113 5298 2223 5340 non

2345 5283 2559 5356 πατρὸς,
2613 5284 2652 5332 ὥ
2706 5280 2898 5342 πολλῆς
2941 5279 3111 5341 ἀνοίας
3153 5276 3446 5337 Ῐὲκολληθη
3508 5285 3580 5351 τῷ
3620 5276 3810 5354 ἐχθρῷ,
3849 5275 3935 5327 καὶ

1778 5461 2002 5531 Variae
2053 5459 2380 5530 lectiones
2435 5467 2738 5528 etnotae.

669 5652 791 5731 ('15).
809 5654 947 5731 Post
973 5655 1098 5731 haec
1123 5657 1246 5714 duo
1277 5655 1504 5714 scholia
1534 5671 1566 5712 e
1593 5657 1878 5731 margine
1903 5657 1993 5713 sui
2025 5656 2244 5731 codicis

1302 5655 1504 5714 icholia
1534 5671 1566 5712 e
1593 5657 1878 5731 margine
1903 5657 1993 5713 sui
2025 5656 2244 5731 codicis
2429 5656 2541 5731 (16)
2563 5656 2838 5731 Παρίμενε.
2871 5657 2938 5710 Α.

669 5656 791 5780 (Ἦ.
809 5656 947 5711 Post
973 5656 1098 5714 haec
1123 5657 1246 5714 duo
1277 5656 1504 5714 scholia
1534 5671 1566 5712 e
1599 5657 1867 5727 margine
1903 5657 1993 5713 sui
2025 5656 2224 5713 codici:

588 5721 731 5781 addi
778 5731 818 5784 ιι
851 5729 1186 5797 Hentenius,
1210 5743 1472 5802 quorum
1505 5727 1666 5787 nulla
1693 5729 1921 5801 reperio
1941 5729 2210 5799 vestigia.

1497 5679 1504 5713 ι
1534 5671 1566 5712 e
1599 5657 1878 5739 margine
1903 5657 1993 5713 sui
2025 5656 2244 5740 codicis
2428 5656 2542 5802 £76;
2563 5656 2838 5742 Παρέμενι.
2871 5657 2955 5742 At

1505 5727 1666 5787 nulla
1693 5743 1921 5801 reperio
1941 5736 2210 5799 vestigia.
2451 5728 2516 5782 77
2562 5734 2668 5790 Τῆς
2689 5727 3035 5804 ακαθαρσιας.
3068 5727 3133 5784 Α.
