4144 6314
279 416 416 481 1023

1293 346 1690 463 COMMENT.
1754 418 1824 474 IN
1866 404 2117 478 LtiCAM.
2159 452 2226 461 —
2265 420 2425 479 CAP.
2478 410 2606 479 xv.

3521 406 3658 475 l026

278 571 348 623 μη
414 549 764 622 ἀνασχόμενος
832 551 1125 621 πειθαρχεῖν
1185 554 1254 619 τῷ
1327 511 1684 610 φιλωθρὼπῳ
1742 553 1876 619 Θεῷ,

2026 548 2353 603 ustinuerat
2370 561 2573 617 parere
2594 546 2715 601 Deo
2739 545 3203 613 humanissimo,
3223 543 3461 600 servivit
3482 544 3656 600 inhu-

278 638 514 693 ἐδούλευε
548 648 618 709 τῷ
659 642 1008 713 μισανθρωπῳ
1042 636 1266 711 δαίμονι.

710 734 718 744 ι
927 730 993 744 Λοι
1202 730 1212 740 ο
1294 722 1316 743 ἢ
1367 726 1375 737 ¹
1404 732 1530 744 -Α.Δ.Α
1581 715 1597 744 Ξ

354 734 454 782 Καὶ
512 759 581 768 -
626 734 861 802 χοίρους.
922 730 1101 790 Οὕτως
1170 730 1217 780 οἱ
1284 727 1530 795 δαίμονες
1579 727 1881 795 ἀμείϐονται

277 823 401 880 τοὺς
445 817 796 889 κολλωμὲνους
842 818 1039 880 αύτοῖς.
1096 818 1248 876 Δηλοῖ
1300 814 1356 869 δε
1405 814 1431 865 ὁ
1477 806 1647 884 λόγος,
1697 823 1789 876 τὴν
1835 816 1882 869 ὶ-

280 910 493 980 σχάτην
519 916 610 959 τοῦ
644 906 821 959 ἀθλίου
864 905 1120 971 δουλείαν,
1150 906 1549 979 ἐπιταττομένου
1594 910 1658 959 τα
1703 912 1881 980 ἀτιμό-

273 1017 431 1051 τατα.
484 1000 579 1048 Διά
625 1004 778 1048 τοῦτο
806 1000 905 1069 γὰρ
950 1002 1037 1048 καὶ
1098 997 1338 1049 πλατύνει
1384 1002 1478 1054 τὴν
1520 996 1817 1072 παραϐολὴν
1858 999 1885 1048 ὁ

274 1089 535 1157 Χριστὸς,
595 1091 683 1137 καὶ
725 1085 1047 1160 λεπτομερῶς
1094 1083 1418 1159 ἐκτραγῳδεί
1471 1088 1536 1138 τὰ
1587 1095 1683 1149 τῆς
1749 1107 1883 1159 συμ·

272 1182 461 1249 φορᾶς,
524 1176 607 1227 ἶνα
655 1177 898 1247 μάθωμεν
968 1173 1052 1227 οἶα
1102 1178 1410 1247 πάσχουσιν
1463 1179 1510 1228 οἱ
1568 1176 1886 1249 ἀποφοιτὼν-

271 1284 358 1326 τες
398 1272 499 1316 τῶν
558 1263 769 1316 ἕντολῶν
821 1271 908 1315 τοῦ
959 1272 1112 1331 Θεοῦ,
1146 1271 1231 1317 καὶ
1287 1270 1623 1337 πορευόμενοι
1662 1270 1796 1318 κατά
1826 1269 1883 1318 τὸ

266 1350 413 1406 ἴδιον
439 1352 660 1425 θέλημα.

336 1440 454 1495 Εἶεν
501 1438 550 1494 δ’
596 1440 655 1492 ἂν
696 1442 847 1513 ἀγροὶ
887 1445 977 1513 μὲν
1006 1449 1098 1494 τοῦ
1141 1439 1385 1514 δαίμονος
1416 1445 1469 1494 αἱ
1512 1444 1729 1516 οἷσεμνοι
1769 1441 1885 1497 δια-

257 1530 465 1605 τριϐαί⁶
527 1538 727 1605 χοῖροι,
755 1528 814 1583 δε
856 1532 904 1582 οἱ
954 1528 1224 1602 φιλήδονοι
1276 1538 1365 1584 καὶ
1415 1531 1772 1607 βορϐορώδεις
1799 1534 1883 1587 λο-

256 1626 481 1692 γισμοὶ,
545 1618 630 1680 οὓς
698 1622 723 1671 ὁ
798 1620 1123 1695 ταλαίπωρος
1204 1625 1399 1697 τρέφειν
1471 1628 1559 1674 καὶ
1628 1628 1883 1697 περιέπειν

258 1714 656 1784 προσετέτακτο
669 1754 683 1766 .

338 1805 441 1851 Καὶ
486 1829 553 1840 -
598 1806 798 1872 χοῖροι.
859 1800 1083 1873 Κεράτία
1120 1802 1255 1851 κατὰ
1301 1798 1591 1872 ἀναγωγὴν,
1646 1804 1699 1853 αἰ
1758 1799 1883 1860 ἡδο-

264 1894 373 1953 ναὶ,
432 1889 529 1949 αἷς
583 1891 631 1940 οἱ
689 1885 999 1949 δηλωθέντες
1054 1888 1299 1961 λογισμοὶ
1356 1895 1643 1961 τρέφονται.
1683 1890 1882 1966 Ὠσπερ
1917 1905 1956 1958 Β

262 1981 367 2051 γὰρ
414 1977 594 2029 ἐκεῖνα
632 1977 1003 2049 γλυκαίνουσιν
1058 1976 1141 2030 ἐπὶ
1174 1977 1357 2051 βραχύ
1394 1984 1485 2037 τὴν
1529 1987 1732 2050 γεῦσιν,
1776 1976 1886 2032 εἶτα

268 2072 571 2140 στύφουσιν
620 2069 699 2119 ἐπὶ
743 2066 933 2119 πλεῖον·
988 2068 1121 2119 οὕτω
1168 2074 1256 2120 καὶ
1285 2069 1440 2120 αὗται
1488 2073 1544 2120 τὸ
1576 2074 1664 2141 μὲν
1696 2066 1887 2127 ἡδύνον

266 2168 484 2232 πρῶτον
514 2161 603 2209 καὶ
626 2176 945 2231 πρᾳσκαιρον
976 2160 1193 2229 ἔχουσι·
1234 2161 1291 2209 τὸ
1325 2156 1383 2210 δε
1414 2167 1704 2233 πικραῖνον,
1735 2159 1891 2211 ὕστε-

267 2266 359 2322 ρον
392 2251 495 2299 καὶ
536 2246 763 2299 αἰώνιον.

351 2431 458 2480 Καὶ
538 2422 710 2486 οὐδεὶς
790 2423 976 2479 ἐδίδου
1044 2427 1204 2498 αύτῷ.
1281 2424 1468 2489 Οὐδεὶς
1517 2425 1699 2481 ἐδίδου
1751 2428 1889 2499 αύτῷ

274 2518 630 2591 κορεσθῆναι.
664 2522 901 2568 Τοιοῦτοι
942 2520 1041 2588 γὰρ
1083 2519 1131 2568 οἱ
1179 2514 1440 2589 δαίμονες,
1490 2518 1584 2569 ούκ
1628 2515 1751 2569 ἐῶσί
1776 2538 1891 2569 τινα

276 2607 605 2679 κορεσθῆναι
666 2602 990 2676 φιληδονίας,
1034 2607 1115 2657 ἱνα
1168 2610 1237 2677 μὴ
1288 2611 1429 2677 ταχὺ
1482 2610 1753 2665 παύσηται
1796 2616 1889 2669 τῆς

282 2694 570 2768 ἁμαρτίας,
600 2693 678 2747 ἀεὶ
711 2691 769 2746 δὲ
800 2700 892 2753 τὴν
926 2694 1088 2767 ὄρεξιν
1116 2694 1408 2768 ἐρεθίζουσι
1437 2700 1524 2747 καὶ
1568 2694 1891 2769 ἁποκάμνου-

281 2805 382 2837 σαν
413 2785 786 2857 ἀνεγείρουσιν.

356 2874 449 2933 Εἰς
500 2872 679 2924 ἑαυτὸν
734 2868 791 2923 δε
853 2870 1028 2941 ἐλθών,
1074 2872 1290 2924 Ἑαυτοῦ
1328 2878 1607 2944 γενόμενος,
1653 2875 1678 2925 ὅ
1725 2874 1886 2940 ἐστιν,

280 2960 584 3031 ἀνανήψας,
616 2964 684 3021 ὡς
716 2961 829 3031 (78)
869 2959 923 3011 ἐκ
968 2963 1130 3032 μέθης
1166 2967 1255 3013 καὶ
1295 2964 1475 3036 κάρου·
1507 2960 1761 3033 ἁφυπνισε
1789 2967 1889 3037 γὰρ

279 3050 446 3101 αύτὸν
486 3052 515 3107 ἡ
550 3052 892 3103 κακοπάθεια.

356 3135 488 3192 Εἷπε
537 3168 604 3179 —
661 3137 972 3211 ἀπόλλυμαι.
1024 3141 1283 3202 Μισθίους
1328 3142 1417 3213 μεν
1465 3146 1565 3193 νόει
1617 3142 1731 3213 (79)
1781 3162 1890 3214 μοι,

276 3231 410 3289 τοὺς
454 3230 525 3279 ἔτι
583 3234 1035 3300 κατηχουμένους,
1090 3234 1178 3281 καὶ
1226 3235 1384 3301 μήπω
1426 3227 1519 3283 διὰ
1567 3239 1658 3284 τοῦ
1692 3230 1892 3303 βαπτί-

279 3336 484 3390 σματος
514 3319 925 3386 υἱοθετηθέντας,
968 3318 1039 3379 οἷς
1068 3320 1259 3390 μισθὸς
1304 3328 1393 3380 τῆς
1423 3325 1641 3381 πίστεως
1682 3318 1893 3374 δίδοται

278 3410 309 3465 ἡ
383 3409 626 3458 υἱοθεσία
659 3426 670 3439 ·
715 3408 909 3479 ἄρτους
968 3404 1046 3473 δὲ,
1100 3411 1197 3469 τὰς
1238 3411 1508 3483 θρεπτικὰς
1565 3418 1663 3462 τῶν
1702 3410 1893 3481 ψυχῶν

281 3493 663 3556 διδασκαλίας.
696 3502 859 3553 Φησὶν
905 3493 991 3548 οὖν
1035 3496 1089 3548 ἐκ
1122 3495 1316 3570 βαθους
1354 3494 1597 3573 καρδίας·
1620 3496 1701 3569 ,Ὦ
1738 3504 1895 3550 πόσοι

280 3585 500 3655 μίσθιοι
553 3592 643 3635 τού
700 3589 897 3658 πατρὸς
952 3605 1051 3657 μου
1105 3586 1163 3637 ού
1228 3592 1380 3658 μόνον
1446 3590 1635 3658 ἔχουσι
1701 3591 1893 3660 τροφὴν

282 3671 556 3742 ψυχικὴν,
610 3671 737 3724 ἀλλὰ
783 3679 868 3726 καὶ
913 3680 1124 3749 τρυφήν·
1170 3684 1320 3727 τοῦτο
1348 3678 1448 3749 γὰρ
1480 3680 1537 3727 τὸ
1576 3678 1894 3747 περισσεύειν

290 3766 561 3831 σημαίνει·
597 3760 695 3833 ἐγὼ
734 3760 791 3814 δὲ
822 3765 847 3815 ὁ
884 3766 1015 3829 υίὸς,
1057 3764 1190 3836 λιμῷ
1237 3764 1549 3835 ἀπολλυμαι.
1594 3771 1773 3815 Ταῦτα
1810 3767 1897 3813 καὶ

283 3852 355 3901 τὰ
388 3848 508 3912 ἑξῆς
538 3850 898 3923 παραϐολικώς
930 3850 1274 3924 διηγούμενος
1300 3854 1324 3903 ὁ
1357 3858 1555 3924 Σωτὴρ,
1584 3856 1743 3905 τύπον
1770 3855 1894 3927 ἡμῖν

280 3945 562 4013 μετανοίας
602 3941 828 4003 ἀληθοῦς
859 3939 1253 4014 παραδδίωσιν.

360 4028 624 4091 Ἀναστὰς
654 4061 719 4071 -
763 4049 883 4102 μου.
921 4031 1170 4090 Ἀναστὰς
1208 4029 1309 4082 ἀπὸ
1362 4039 1452 4083 τοῦ
1502 4038 1773 4105 πτώματος
1802 4046 1894 4099 τῆς

280 4120 551 4193 ἁμαρτίας
584 4119 719 4191 (80).

361 4300 468 4349 Καὶ
496 4294 592 4371 ἐρῶ
616 4328 682 4336 -
713 4294 946 4369 οὐρανόν.
978 4296 1067 4359 Ὠς
1103 4304 1433 4372 προτιμήσας
1464 4301 1624 4354 αὑτοῦ
1654 4307 1746 4361 τὴν
1771 4312 1891 4377 γῆν,

276 4390 411 4447 ἦτοι
440 4393 538 4436 τῶν
569 4385 818 4459 ούρανίων
852 4384 1057 4457 ἀγαθῶν
1097 4390 1161 4441 τὰ
1180 4394 1356 4460 ’γήῑνα-

1995 639 2335 693 manissimo
2377 635 2657 691 daamoni.

2063 728 2228 782 Vers.
2261 728 2346 780 15.
2406 727 2607 795 Atque
2634 755 2701 764 —
2725 740 2946 793 porcos.
3003 724 3083 779 Ita
3103 724 3406 780 daemones
3459 739 3654 779 remu-

1994 822 2207 871 nerant
2245 831 2369 880 eos,
2430 815 2533 886 qui
2581 814 2690 869 sibi
2735 813 3059 870 adhaerent.
3114 813 3412 884 Signiﬁcat
3450 819 3654 869 autem

1995 923 2186 962 sermo
2211 912 2533 961 extremam
2567 905 2768 959 miseri
2806 906 3169 969 servitutem,
3221 904 3314 959 cui
3363 902 3655 973 indignis-

1996 996 2151 1051 sima
2174 994 2617 1067 preecipiuntur.
2645 994 2960 1065 PrOpterea
2983 993 3143 1048 enim
3165 992 3375 1049 dilatat
3396 992 3658 1049 Christus

1996 1085 2367 1158 parabolam,
2384 1090 2438 1138 et
2451 1085 2788 1138 minutatim
2805 1082 3134 1154 amplilicat
3146 1098 3280 1153 quae
3295 1082 3654 1138 calamitatis

1998 1182 2159 1231 erant
2188 1192 2201 1229 :
2238 1181 2299 1231 ut
2337 1176 2641 1230 discamus
2697 1173 2903 1245 qualia
2954 1174 3258 1244 patiantur
3288 1173 3323 1227 ii
3353 1174 3459 1244 qui
3493 1189 3529 1228 a
3559 1170 3658 1227 Dei

1996 1266 2301 1337 praeceptis
2328 1263 2631 1331 recedunt,
2675 1270 2730 1319 et
2780 1263 2902 1318 suis
2932 1260 3343 1318 voluntatibus
3376 1262 3659 1332 gradiun-

1997 1360 2111 1410 tur.

2068 1445 2263 1500 Potest
2291 1458 2534 1515 quoque
2582 1441 2719 1498 villa
2756 1438 3052 1496 daemonis
3104 1439 3215 1495 dici
3241 1438 3490 1510 indigna
3520 1454 3661 1494 con-

1994 1534 2247 1591 versatio
2303 1551 2316 1601 ;
2378 1534 2539 1605 porci
2592 1547 2752 1597 vero,
2804 1530 3139 1601 voluptates
3218 1545 3287 1585 ac
3361 1528 3658 1583 lutulenta:

1996 1622 2405 1693 cogitationes,
2438 1637 2588 1693 quas
2636 1619 2814 1675 miser
2849 1634 3091 1691 pascere
3118 1634 3187 1673 ac
3232 1617 3427 1673 fovere
3453 1617 3661 1688 jussus

1995 1717 2101 1769 est.

2066 1802 2225 1856 Vers.
2259 1800 2352 1856 16.
2394 1799 2469 1854 Et
2500 1829 2568 1837 —
2594 1796 2778 1867 porci.
2815 1795 3075 1869 Siliquae,
3121 1796 3290 1867 juxta
3319 1809 3659 1867 anagogen,

2000 1891 2326 1961 voluptates
2393 1894 2549 1957 sunt,
2625 1886 2844 1959 quibus
2908 1886 3203 1957 praedicta!
3270 1886 3659 1954 cogitationes

1999 1981 2357 2036 nutriuntur.
2388 1976 2915 2042 Quemadmodum
2946 1975 3105 2030 enim
3131 1974 3359 2046 siliquas
3387 1975 3459 2029 ad
3481 1974 3660 2030 breve

2000 2070 2259 2141 spatium
2314 2067 2512 2136 gustui
2550 2064 2913 2131 dulcescunt,
2947 2063 3163 2118 deinde
3217 2070 3278 2117 ut
3333 2062 3659 2134 plurimum

1999 2159 2409 2226 constringunt
2442 2172 2455 2209 :
2482 2155 2564 2210 ita
2593 2153 2723 2209 etin
2748 2153 2859 2218 his,
2880 2153 3041 2224 quod
3064 2168 3245 2207 suave
3264 2158 3374 2216 est,
3398 2151 3662 2223 primum

2000 2253 2058 2305 et
2078 2248 2155 2305 ad
2178 2254 2413 2317 tempus
2434 2244 2671 2308 habent,
2696 2243 2860 2315 quod
2892 2249 3093 2298 autem
3125 2258 3401 2298 amarum
3431 2248 3660 2297 etacer-

1998 2338 2166 2403 bum,
2200 2335 2499 2408 posterius
2530 2337 2619 2389 est
2647 2350 2714 2388 ac
2742 2336 3052 2387 aeternum.

2070 2428 2217 2481 Vers
2232 2469 2244 2481 .
2271 2425 2360 2480 16.
2375 2424 2491 2481 Nec
2502 2424 2817 2495 quisquam
2829 2422 3131 2478 illidabat.
3152 2420 3361 2477 Nullus
3378 2419 3459 2475 illi
3478 2420 3665 2476 daba-

2002 2517 2075 2572 ad
2125 2516 2454 2570 satietatem
2488 2511 2881 2584 ;hujusmodi
2913 2511 3068 2565 enim
3127 2510 3430 2565 daemones
3480 2508 3664 2563 nemi-
3728 2527 3733 2538 ι

1999 2623 2137 2663 nem
2164 2605 2369 2659 sinunt
2390 2601 2590 2657 satiari
2630 2599 3134 2671 voluptatibus,ue
3160 2600 3330 2653 citius
3352 2615 3388 2654 a
3419 2601 3663 2669 peccato

1998 2696 2263 2768 quiescat
2289 2708 2303 2748 :
2336 2705 2570 2761 semper
2600 2689 2748 2744 enim
2766 2689 3024 2744 excitant
3052 2687 3384 2760 appetitum
3410 2702 3479 2743 ac
3501 2685 3666 2741 defa-

1999 2783 2344 2854 tigationem
2394 2779 2700 2835 suscitant.

2073 2872 2235 2926 Vers.
2294 2876 2373 2926 l7.
2430 2871 2501 2925 In
2546 2884 2604 2924 se
2669 2873 2865 2924 autem
2920 2881 3204 2923 reversus.
3263 2864 3364 2922 Sui
3410 2879 3661 2937 compos

2001 2961 2245 3018 effectus
2307 2978 2321 3013 :
2376 2960 2490 3015 hoc
2559 2961 2666 3023 est,
2726 2965 3012 3029 tanquam
3083 2957 3505 3028 expergiscens
3586 2952 3664 3010 ab

2002 3050 2306 3115 ebrietate,
2341 3047 2631 3120 gravique
2671 3063 2906 3114 somno,
2960 3051 3015 3102 et
3052 3047 3428 3117 resipiscens.

2072 3142 2235 3196 Vers.
2275 3145 2357 3194 17.
2411 3139 2581 3194 Dixit
2624 3169 2693 3176 —
2724 3152 2915 3207 pereo.
2951 3136 3341 3191 Mercenarios
3398 3133 3667 3204 intelligi-

1932 3257 1972 3313 ρ
2005 3247 2138 3285 mus
2165 3245 2265 3284 eos
2294 3228 2397 3299 qui
2428 3226 2622 3282 adhuc
2676 3230 2814 3281 sunt
2844 3225 3279 3291 catechumeni,
3309 3228 3364 3279 et
3392 3222 3664 3279 nondum

2002 3336 2107 3391 per
2123 3317 2492 3390 baptismum
2517 3315 2799 3385 adoptati,
2829 3315 3041 3387 quibus
3059 3330 3286 3369 merces
3306 3313 3445 3368 ﬁdei
3468 3311 3668 3367 datur-

2003 3416 2147 3481 puta
2194 3408 2477 3477 adoptio:
2521 3421 2707 3476 panes
2760 3420 2918 3468 vero,
2973 3404 3270 3458 doctrinas
3327 3403 3666 3457 animarum

2004 3496 2338 3553 nutritivas.
2388 3493 2536 3548 Dicit
2586 3509 2727 3563 ergo
2780 3493 2856 3548 ab
2905 3492 3116 3547 intimo
3149 3491 3346 3548 cordis
3404 3492 3669 3562 :Oquot

2004 3584 2357 3643 mercenarii
2409 3583 2592 3653 patris
2645 3583 2758 3637 mei
2793 3599 2913 3637 non
2968 3583 3147 3638 modo
3201 3581 3404 3636 cibum
3446 3579 3669 3634 habent

2005 3675 2367 3742 animarum,
2441 3672 2547 3727 sed
2599 3676 2655 3727 et
2701 3672 2945 3726 delicias
3005 3670 3113 3726 lld
3164 3671 3323 3726 enim
3372 3668 3669 3739 signiﬁcat

2004 3765 2334 3822 abundare.
2381 3765 2501 3831 Ego
2533 3767 2731 3817 autem
2784 3761 2890 3833 qui
2915 3760 3070 3815 lilius
3098 3777 3248 3825 sum,
3274 3760 3431 3815 fame
3466 3774 3663 3831 pereo.

2007 3854 2138 3909 Haac
2160 3859 2215 3908 et
2242 3867 2313 3907 ea
2350 3866 2483 3922 qua:
2516 3856 2863 3921 sequuntur,
2901 3848 3240 3921 parabolice
3266 3864 3517 3903 narrans
3549 3846 3668 3905 Sal-

2004 3952 2193 4007 vator,
2228 3955 2379 3995 verae
2398 3938 2755 4011 pmnitentiae
2789 3939 3043 4008 figuram
3075 3938 3250 3993 nobis
3284 3935 3487 3992 tradit.

2082 4034 2243 4089 Vers.
2300 4036 2388 4091 18.
2442 4030 2708 4099 Surgens
2755 4058 2823 4067 —
2872 4042 3085 4083 meum.
3131 4028 3388 4097 Surgens
3443 4041 3480 4081 a
3528 4040 3669 4080 casu

2006 4123 2254 4197 peccati.

2078 4217 2119 4285 -ι-
2152 4216 2415 4272 Honeste
2465 4227 2535 4267 eo
2565 4212 2826 4265 revertar
2858 4207 3016 4263 unde
3056 4205 3210 4262 male
3241 4206 3416 4262 exivi.

2078 4307 2244 4360 Vers.
2276 4303 2362 4358 18.
2382 4303 2705 4372 Dicamque
2736 4330 2799 4339 —
2832 4298 3068 4355 caelum.
3091 4297 3450 4369 Prieponens
3472 4295 3671 4355 videli-

2008 4402 2096 4452 cet
2130 4394 2208 4450 illi
2239 4402 2476 4456 terram,
2510 4390 2634 4444 sive
2660 4387 2836 4443 bonis
2892 4386 3234 4443 caelestibus
3272 4392 3523 4443 terrena.

358 4478 405 4545 -ξο
433 4475 636 4531 Timeo
664 4476 821 4530 enim
864 4477 1221 4533 firmamenti
1270 4485 1602 4550 aspectum,
1639 4487 1933 4557 tanquam
1974 4484 2340 4547 accusatoris
2368 4494 2601 4535 vocem.

364 4569 470 4617 Καὶ
501 4564 711 4617 ἐνώπιον
754 4584 872 4622 σου.
921 4571 1191 4633 Τουτέστι,
1220 4573 1309 4620 καὶ
1342 4568 1412 4630 εἰς
1446 4572 1523 4639 σὲ,
1554 4573 1620 4633 ὡς
1648 4581 1903 4649 προτιμή-

283 4674 390 4715 σας
415 4661 505 4705 τοῦ
539 4663 632 4706 σοῦ
667 4655 954 4727 θελήματος
980 4660 1038 4708 τὸ
1068 4654 1209 4729 ἐμόν.

2084 4576 2251 4629 Vers.
2284 4571 2368 4625 18.
2398 4570 2476 4625 Et
2517 4583 2717 4624 coram
2751 4572 2823 4622 te.
2859 4566 2991 4624 Hoc
3012 4570 3065 4622 et
3093 4565 3154 4621 in
3188 4572 3259 4633 te,
3291 4568 3353 4621 ut
3376 4562 3482 4637 qui
3507 4570 3670 4622 tuam

2013 4664 2386 4722 voluntatem
2427 4657 2743 4730 posthabui
2789 4671 2955 4710 meae.

360 4744 407 4812 οξ-
440 4743 655 4799 Vereor
688 4749 797 4798 tuae
819 4745 1147 4800 divinitatis
1173 4746 1367 4801 lucem
1395 4746 1610 4803 intueri
1645 4767 1657 4805 :
1686 4754 1961 4810 sordidos
2006 4754 2170 4811 enim
2217 4750 2412 4806 habeo
2452 4745 2717 4816 corporis
2750 4749 2806 4799 et
2835 4745 3051 4799 animas
3081 4742 3313 4799 oculos.

366 4836 470 4883 Καὶ
512 4863 581 4872 -
640 4852 753 4889 σου.
792 4833 880 4894 Ὠς
932 4831 1151 4896 ἀναξίως
1195 4838 1432 4887 τοιούτου
1492 4841 1689 4911 πατρὸς
1745 4841 1892 4894 πολι-

2077 4843 2243 4896 Vers.
2282 4839 2364 4893 19.
2396 4837 2514 4893 Nec
2558 4864 2627 4872 —
2654 4840 2809 4889 tuus.
2866 4832 3017 4898 Quia
3052 4830 3147 4889 tali
3201 4836 3373 4905 patre
3428 4830 3671 4903 indigne

278 4941 380 4976 τευ
390 4922 628 4992 σάμενος.

364 5013 601 5066 Ποίησον
670 5040 738 5050 ——
810 5029 930 5066 σου.
992 5008 1132 5062 Ἐπεὶ
1198 5018 1289 5072 τῆς
1367 5018 1577 5085 πρώτης
1662 5014 1898 5078 ἐξέπεσον

276 5097 506 5161 τάξεως,
536 5096 756 5159 ἀξίωσον
800 5118 863 5170 με
904 5107 994 5158 τῆς
1040 5096 1306 5172 δευτέρας,
1336 5106 1487 5173 μόνον
1529 5108 1599 5175 μὴ
1646 5106 1899 5167 παντελῶς

278 5184 591 5261 mappam;
634 5205 714 5259 με.
751 5192 1118 5249 Δυσωπητικὸς
1149 5190 1173 5240 ὁ
1204 5188 1374 5262 λόγος,
1407 5195 1495 5244 καὶ
1524 5190 1752 5267 καρδίας
1803 5215 1901 5248 πα-

276 5284 482 5354 τρικῆς
509 5274 811 5351 ἁπτόμενος.

2009 4932 2392 4986 conversatus
2413 4939 2567 4978 sum.

2078 5018 2244 5073 Vers.
2291 5016 2379 5070 19.
2453 5012 2577 5067 Fac
2625 5041 2691 5049 —
2738 5010 2874 5067 tuis.
2914 5012 2991 5066 Ex
3042 5026 3165 5083 quo
3227 5010 3417 5082 primo
3459 5008 3672 5067 ordine

2009 5106 2223 5170 excidi,
2244 5106 2493 5174 dignare
2524 5115 2619 5153 me
2639 5100 2730 5153 vel
2752 5100 3008 5155 secundo
3031 5119 3043 5159 :
3067 5106 3318 5164 tantum,
3342 5116 3416 5155 ne
3439 5100 3673 5171 penitus

2009 5194 2254 5264 abjicias
2286 5210 2401 5249 me.
2451 5189 2760 5249 Placabilis
2791 5193 2879 5245 est
2911 5205 3126 5257 sermo,
3161 5194 3217 5247 et
3250 5205 3351 5246 cor
3374 5189 3673 5260 attingens

2009 5289 2351 5358 paternum.

1510 5487 1728 5558 Variae
1746 5489 2076 5559 lectiones
2105 5499 2169 5558 et
2221 5498 2424 5557 notae.

360 5680 480 5752 (78)
514 5680 601 5742 Ὠς
632 5680 820 5736 abest.
863 5682 935 5740 A.

368 5751 485 5824 (79)
517 5760 746 5824 Νοοῡμεν
780 5753 1009 5808 videtur
1040 5753 1337 5809 invenisse
1378 5751 1719 5811 Hentenius.

369 5822 484 5899 (80)
519 5825 619 5880 Hic
651 5822 705 5881 et
734 5824 1017 5898 deinceps
1062 5825 1381 5883 Hentenius
1412 5842 1480 5883 ex
1512 5827 1779 5902 margine
1806 5827 1902 5885 sui

2014 5686 2235 5743 codicis
2294 5684 2572 5759 breviora
2622 5684 2810 5742 crucis
2855 5685 3024 5759 signo
3050 5684 3391 5753 inculcavit,
3436 5699 3570 5759 qua:
3610 5682 3675 5740 in

2010 5766 2218 5815 neutro
2262 5774 2527 5815 meorum
2557 5758 2856 5831 leguntur.
