4144 6314
549 337 686 399 1027

1872 331 2231 398 EU’I‘HYMII
2268 330 2598 396 ZIGABENI

3813 336 3942 401 1028

597 469 668 540 η-ι-
693 462 815 524 Hoc
855 470 963 531 est,
997 481 1072 522 ne
1113 481 1209 522 me
1245 463 1324 520 ab
1349 463 1498 521 atrio
1522 507 1533 533 ._
1548 466 1651 520 tuo
1679 463 1963 537 expellas,
1991 465 2261 530 Domine,
2295 480 2367 520 ne
2395 465 2706 522 inventum
2737 483 2832 524 me
2868 483 3108 524 rursum
3139 469 3459 532 errantem,
3491 465 3794 523 inimicus
3828 473 3945 526 tan.

554 573 739 631 quam
776 558 1082 629 captivum
1105 555 1382 610 abducat.

632 648 795 703 Vers.
830 649 921 703 20.
950 646 1110 700 Et—
1142 660 1331 700 suum.
1354 674 1422 684 —
1455 643 1640 708 Venit,
1666 643 1780 699 hoc
1807 648 1911 708 est,
1942 643 2219 701 veniebat
2251 657 2296 710 Α

558 741 798 808 sumpta
845 734 1067 789 ﬁducia
1105 733 1180 789 de
1213 732 1366 787 illius
1403 733 1814 788 misericordia
1855 749 1869 800 ;
1902 734 2220 805 oportebat

552 824 714 882 enim
739 841 858 881 non
887 825 1082 880 solum
1105 821 1246 878 bene
1277 821 1445 890 velle,
1478 821 1579 878 sed
1607 828 1663 878 et
1691 839 1827 895 quae
1857 823 2062 879 animo
2087 838 2223 878 con-

555 917 731 986 cepta
756 919 893 969 sunt
928 912 1178 984 operari.

622 1004 788 1059 Vers.
837 1001 926 1057 20.
984 1001 1130 1058 Cum
1171 1031 1240 1040 —
1271 1002 1417 1070 ejus.
1466 1001 1510 1056 0
1551 999 1741 1055 visum
1797 1001 2214 1073 compatientis

551 1091 965 1148 acutissimum
991 1089 1003 1144 ι
1025 1088 1213 1144 Simul
1247 1093 1309 1144 ut
1329 1087 1461 1160 quis
1486 1087 1968 1160 resipiciscerein
2008 1089 2213 1144 animo

553 1179 848 1252 cogitavit,
899 1180 1060 1235 hunc
1107 1178 1282 1232 etiam
1335 1176 1513 1232 simul
1562 1176 1692 1247 ipse
1745 1177 1914 1244 vidit,
1963 1184 2210 1249 paratus

555 1285 793 1341 semper
835 1268 913 1324 ad
952 1283 1160 1323 eorum
1191 1264 1296 1336 qui
1327 1271 1742 1321 convertentur
1772 1267 2211 1338 susceptionem

553 1360 707 1415 etab
773 1357 1018 1414 exordio
1068 1355 1266 1410 statim
1317 1355 1680 1427 poenitentiae
1725 1354 1853 1410 illos
1902 1355 2208 1427 recipiens.

553 1449 702 1504 Hinc
717 1462 858 1518 ergo
877 1443 1165 1519 parabola
1185 1443 1592 1499 incredibilem
1619 1444 1965 1500 manifestat
1986 1443 2214 1499 miseri-

551 1537 841 1601 cordiam,
875 1552 946 1591 ac
973 1532 1530 1605 imcomparabilem
1554 1535 1803 1590 caelestis
1834 1535 2018 1590 Patris
2048 1550 2214 1590 amo—

551 1642 702 1691 rem,
735 1629 792 1681 et
817 1629 1106 1696 quantam
1137 1621 1500 1695 qualemque
1531 1623 1890 1680 demonstret
1914 1639 2058 1693 erga
2085 1639 2212 1689 eos,

551 1715 655 1788 qui
677 1719 1122 1777 convertuntur,
1162 1713 1667 1783 compassionem.

624 1803 792 1858 Vers.
828 1804 916 1858 20.
951 1803 1034 1858 Ac
1063 1800 1464 1856 misericordia
1485 1807 1676 1857 motus
1702 1807 1806 1858 est.
1839 1801 2013 1856 Pater
2051 1800 2209 1856 enim

553 1897 677 1949 erat
707 1909 724 1964 ;
757 1907 867 1948 nec
897 1893 956 1948 id
979 1896 1229 1958 tantum,
1280 1893 1383 1949 sed
1421 1897 1476 1947 et
1514 1894 1666 1946 Deus
1697 1890 2135 1946 misericordiae.

625 1982 790 2037 Vers.
850 1985 935 2036 2t).
995 1981 1072 2036 Ει
1113 2013 1177 2022 -
1206 2000 1360 2040 eum.
1409 1981 1532 2036 Prae
1583 1981 1768 2035 nimio
1817 1979 2039 2050 gaudio
2087 1995 2207 2034 non
2245 2000 2289 2054 Β

551 2070 916 2143 exspectavit
978 2078 1039 2126 ut
1095 2071 1193 2127 ille
1251 2073 1495 2136 veniret,
1549 2069 1652 2124 sed
1706 2069 1874 2138 prius
1933 2068 2206 2134 occurrit,

552 2175 748 2232 neque
790 2159 848 2214 id
905 2163 1226 2233 utcunque,
1278 2162 1378 2217 sed
1403 2167 1460 2215 et
1513 2158 1786 2222 accurrit,
1821 2163 1884 2212 ut
1925 2165 2213 2228 appareat

553 2247 781 2305 amoris
810 2247 1186 2305 vehementia
1219 2256 1311 2316 ;et
1336 2250 1452 2304 ruit
1489 2249 1546 2303 in
1583 2245 1802 2301 collum
1829 2247 1980 2315 ejus,
2007 2248 2212 2300 certio-

552 2353 677 2394 rem
710 2353 847 2392 eum
872 2337 1122 2392 reddens
1149 2338 1314 2411 quod
1358 2353 1539 2394 omne
1576 2340 1890 2408 peccatum
1923 2334 2001 2389 illi
2042 2333 2215 2389 remi-

554 2427 732 2482 sisset
759 2433 848 2494 ;et
871 2425 1173 2482 osculatus
1204 2432 1296 2483 est
1315 2443 1454 2482 eum
1487 2432 1781 2498 tanquam
1808 2423 2213 2479 desideratum

552 2516 762 2582 ﬁlium,
791 2517 890 2588 qui
916 2532 1100 2589 usque
1121 2518 1198 2573 ad
1240 2515 1644 2589 penitentiam
1669 2513 1988 2570 sceleratus
2027 2513 2216 2568 fuerat

555 2611 613 2664 et
650 2605 1094 2662 abominabilis.

623 2696 666 2751 Ο
701 2695 1122 2750 admirandam
1177 2693 1721 2751 reconciliationem
1772 2690 1958 2758 iQuid
1991 2691 2211 2756 dicam,

554 2791 656 2841 aut
705 2783 852 2856 quid
898 2783 1113 2856 loquar
1162 2787 1238 2839 de
1287 2781 1594 2839 ineffabilli
1649 2782 1749 2837 Dei
1801 2777 2217 2850 benignitate?

551 2877 700 2931 Nam
717 2873 814 2927 ubi
832 2874 906 2927 ad
919 2874 1282 2928 immensum
1296 2872 1452 2927 illius
1467 2872 1712 2943 pelagus
1729 2871 2000 2943 respicio,
2018 2884 2215 2925 sermo

552 2961 703 3018 mihi
733 2961 1091 3033 praeciditur,
1114 2977 1306 3033 neque
1328 2960 1474 3033 quid
1507 2960 1721 3032 loquar
1750 2961 1892 3014 milii
1914 2953 2214 3031 reliquum

553 3056 695 3116 est;
756 3049 948 3105 solum
1000 3049 1111 3105 hoc
1163 3049 1326 3105 clara
1381 3065 1453 3104 ac
1547 3049 1732 3104 libera
1790 3063 1936 3102 voce
1996 3047 2212 3115 clamo,

553 3139 713 3214 quod
749 3155 842 3196 res
874 3154 1129 3209 magnas
1155 3138 1332 3194 efﬁcit
1354 3136 1723 3210 paenitentia.
1741 3136 1910 3193 facile
1929 3153 2064 3191 eum
2081 3136 2216 3191 ﬂec-

554 3236 703 3292 tens,
723 3228 826 3300 qui
852 3227 1037 3283 facilis
1068 3234 1158 3282 est
1183 3233 1246 3284 ut
1269 3225 1559 3294 flectatur,
1589 3226 1918 3296 benignum
1946 3225 2217 3280 videlicet

553 3319 741 3374 Deum
765 3323 1036 3373 nostrum
1062 3318 1316 3372 .Homini
1343 3333 1483 3372 vero
1511 3315 1770 3370 maxime
1793 3330 2057 3386 congrua
2079 3319 2216 3368 suut

551 3407 852 3481 praedicta,
886 3421 1020 3478 quae
1049 3422 1188 3461 eum
1242 3405 1456 3462 fecisse
1481 3405 1619 3474 dicit
1641 3405 1716 3459 ad
1744 3404 2215 3460 manifestiorem

553 3495 983 3569 compassionis
1013 3512 1084 3551 ac
1115 3493 1610 3550 reconciliationis
1635 3494 1826 3566 ipsius
1856 3493 2212 3557 doctrinam,

556 3601 694 3642 cum
715 3588 895 3641 etiam
947 3585 1008 3640 in
1048 3584 1345 3658 principio
1377 3582 1679 3656 parabolae
1715 3583 2023 3640 hominem
2077 3599 2216 3638 eum

554 3677 952 3748 supposuerit.

628 3764 797 3820 Vers.
822 3764 910 3820 2i.
933 3765 1032 3820 Ait
1069 3794 1122 3805 —
1157 3763 1312 3835 ﬁlius
1343 3769 1494 3819 tuus.
1543 3763 1682 3828 Quae
1708 3761 1898 3818 dicere
1928 3761 2218 3834 cogitave-

553 3858 666 3920 rat,
695 3869 764 3910 ea
806 3870 968 3910 nunc
1023 3858 1146 3910 toto
1199 3853 1378 3910 corde
1427 3851 1590 3918 dicit,
1627 3858 1690 3908 ut
1729 3853 1863 3907 hinc
1911 3851 2218 3907 discamus

556 3943 720 4017 quod
774 3941 1048 4015 Oporteat
1098 3949 1276 3999 etiam
1324 3948 1459 4014 post
1510 3941 2049 3997 reconciliationem
2097 3945 2218 3996 toto

558 4033 738 4090 corde
798 4032 986 4098 fateri,
1032 4033 1198 4103 quod
1256 4031 1726 4103 peccaverimus,
1785 4045 2016 4097 nosque
2055 4029 2219 4101 ipsos

558 4122 990 4178 condemnare.

628 4208 802 4264 Vers.
842 4209 928 4262 22.
957 4206 1122 4264 Dixit
1145 4239 1196 4250 —
1223 4223 1373 4264 suos.
1408 4207 1497 4262 Ad
1530 4207 1798 4262 Ecclesiae
1829 4205 2170 4262 sacerdotes
2202 4223 2216 4261 :

557 4312 700 4356 nam
715 4297 906 4353 hiDeo
927 4297 1266 4353 ministrant
1291 4295 1369 4352 ad
1395 4312 1623 4363 eorum,
1647 4296 1750 4368 qui
1773 4300 2217 4352 convertuntur.

559 4385 814 4442 salutem
829 4429 843 4444 .

636 4475 806 4531 Vers.
837 4477 928 4532 22.
975 4474 1248 4544 Proferte
1275 4505 1344 4514 —
1372 4473 1563 4530 illum.
1620 4473 1907 4546 Primam,
1954 4474 2222 4548 pretiosi-

563 4565 892 4632 sissimam,
920 4579 1052 4634 quae
1083 4571 1167 4619 est
1198 4563 1526 4636 purificatio
1559 4570 1661 4620 aut
1699 4565 1908 4636 gratia,
1942 4581 2058 4637 qua
2092 4581 2218 4619 cus-

2407 651 2506 699 Καὶ
2555 678 2619 687 -
2676 647 2860 701 αὐτοῦ.
2907 646 3113 710 Ἦλθεν,
3162 645 3276 699 ἀντὶ
3304 653 3417 714 τοῦ,
3459 645 3725 719 Ἠρχετο,
3757 647 3943 722 θαρῥὴ·

2333 756 2425 796 σας
2476 743 2583 797 τοῖς
2631 735 2792 789 αὖτοῦ
2845 737 3183 809 σπλάγχνοις.
3214 741 3326 809 Χρή
3373 739 3475 811 γὰρ
3507 741 3577 808 μὴ
3610 742 3782 808 μόνον
3815 736 3942 810 βου-

2329 825 2568 878 λεύεσθαι
2618 825 2807 898 καλῶς,
2863 824 2993 878 ἀλλὰ
3047 832 3135 878 καὶ
3183 829 3426 900 πράττειν
3497 828 3564 878 τὰ
3661 825 3942 898 βεϐουλευ·

2325 920 2471 987 μένα.

2397 1003 2513 1058 Ἐτι
2567 1033 2635 1044 ——
2715 1004 2896 1057 αὐτοῦ.
2969 1003 3040 1058 Ὠ
3121 1005 3565 1077 συμπαθεστάτης
3635 1003 3939 1067 ὄξυωπίαςῐ

2322 1092 2465 1156 Ἀμα
2516 1112 2596 1155 τις
2656 1091 2943 1162 ἐνεθυμήθη
3019 1102 3357 1166 μετανοῆσαι,
3412 1097 3503 1145 καὶ
3568 1093 3692 1166 ἅμα
3768 1102 3942 1147 τοῦτον

2324 1179 2458 1234 εἶδεν
2519 1183 2696 1248 αὐτὸς,
2759 1183 2963 1254 ἕτοιμος
3030 1183 3098 1234 ὣν
3155 1180 3234 1235 ἀεὶ
3296 1186 3428 1257 πρὸς
3488 1180 3788 1254 ὑποδοχὴν
3851 1191 3942 1236 τῶν

2323 1269 2751 1346 ἐπιστρεφόντων,
2808 1275 2896 1322 καὶ
2961 1270 3110 1333 εὐθὺς
3173 1269 3226 1322 ἐκ
3282 1276 3570 1344 προοιμίων
3624 1281 3730 1334 τῆς
3795 1291 3942 1344 μεταο

2321 1365 2462 1422 νοίας
2521 1359 3022 1432 ἀντιλαμϐανόμενος
3078 1359 3265 1414 αὐτῶν.
3329 1361 3584 1413 Ἐντεῦθεν
3637 1357 3736 1413 οὖν
3774 1365 3807 1420 ἧ
3853 1381 3942 1412 πα-

2320 1448 2514 1520 ραϐολὴ
2565 1445 2874 1520 δημοσιεύει
2925 1453 3020 1506 τὴν
3093 1447 3476 1523 ἀνυπέρϐλητον
3535 1449 3941 1521 εὖσπλαγχνίαν

2322 1543 2410 1590 καὶ
2443 1536 2739 1590 ἀνείκαστον
2770 1537 3136 1610 γιλοστοργίαν
3161 1546 3252 1590 τοῦ
3280 1539 3520 1613 οὐρανίου
3571 1543 3810 1611 Πατρός,
3859 1545 3942 1590 καὶ

2322 1629 2450 1684 ὅσην
2499 1633 2590 1679 καὶ
2638 1629 2750 1679 οἵαν
2808 1626 2879 1688 εἰς
2929 1630 3051 1688 τοὺς
3121 1624 3522 1700 ἕπιστρέφοντας
3602 1629 3941 1700 συμπάθειαν

2322 1712 2701 1771 ἐπιδείκνυται.

2397 1810 2496 1858 Καὶ
2551 1803 2976 1876 ἐσπλαγχνίσθη.
3033 1809 3207 1879 Πατὴρ
3255 1807 3358 1879 γὰρ
3411 1802 3492 1876 ἦν,
3525 1809 3620 1858 καὶ
3676 1805 3742 1858 οὐ
3795 1811 3942 1858 τοῦτο

2323 1900 2497 1967 μόνον,
2523 1893 2648 1945 ἀλλὰ
2678 1900 2766 1946 καὶ
2789 1897 2907 1955 Θεὸς
2937 1893 3120 1955 ἐλέους.

2401 1988 2500 2036 Καὶ
2549 2014 2616 2024 -
2665 1983 2848 2038 αὐτὸν.
2913 1983 3037 2036 ’Υπό
3087 1991 3175 2044 τῆς
3220 1985 3356 2054 ἄγαν
3412 1990 3794 2059 περιχαρείας,
3853 1983 3940 2035 οὐκ

2329 2077 2578 2144 ἀνέμεινεν
2631 2073 2784 2124 αὐτὸν
2833 2070 3010 2138 ἐλθεῖν,
3077 2070 3204 2124 ἀλλὰ
3260 2078 3661 2145 προϋπήντησε,
3705 2077 3799 2124 καὶ
3837 2073 3937 2144 οὐχ

2325 2162 2517 2226 ἅπλῶς,
2553 2160 2679 2213 ἀλλὰ
2724 2157 2958 2234 δραμὼν,
2995 2163 3076 2212 ἶνα
3124 2170 3253 2233 φανῇ
3306 2165 3365 2213 τὸ
3413 2158 3651 2236 σφοδρὸν
3692 2170 3788 2214 τοῦ
3836 2161 3939 2234 φίλ-

2321 2269 2461 2325 τρου·
2509 2256 2598 2303 καὶ
2647 2249 2885 2302 ίπέπεσεν
2934 2249 3015 2302 ἰπὶ
3049 2253 3135 2302 τὸν
3191 2250 3457 2323 τράχηλον
3506 2251 3699 2313 αὐτοῦ,
3752 2250 3934 2322 πληροο

2324 2349 2509 2413 φορῶν,
2567 2342 2647 2392 ὅτι
2695 2337 2884 2411 ἀφῆκεν
2935 2339 3074 2410 αὐτῷ
3121 2345 3296 2392 πᾶσαν
3336 2339 3619 2413 ἁμαρτίαν,
3678 2345 3772 2391 καὶ
3824 2357 3935 2390 χατ-

2325 2429 2559 2501 εφίλησεν
2592 2428 2744 2480 αὐτὸν
2775 2431 2843 2488 ὡς
2872 2427 2984 2480 υἱὸν
3009 2429 3264 2497 ποθεινὸν,
3281 2432 3366 2481 τὸν
3385 2430 3519 2502 ἄχρι
3535 2437 3638 2490 τῆς
3666 2433 3932 2501 μετανοίας

2323 2523 2510 2593 μιαρόν
2537 2537 2591 2570 τε
2615 2522 2705 2570 καὶ
2735 2514 3012 2593 βδελυρὸν.

2395 2695 2465 2748 Ὠ
2509 2691 2813 2768 παραδόξου
2845 2694 3177 2768 καταλλαγῆς
3210 2694 3222 2749 i
3282 2697 3341 2751 Τί
3389 2697 3534 2762 εἴπω,
3562 2695 3592 2754 ἣ
3648 2700 3702 2748 τί
3729 2693 3926 2752 λαλήσω

2326 2788 2456 2858 πρὸς
2507 2790 2602 2843 τὴν
2661 2783 2888 2860 ἄρρητον
2947 2793 3041 2837 του
3099 2791 3232 2839 Θεοῦ
3290 2784 3728 2858 φιλανθρωπίαν,
3787 2785 3920 2838 Ἀποο

2325 2874 2492 2926 ϐλέπω
2543 2875 2654 2945 (81)
2707 2879 2808 2948 γὰρ
2850 2878 2978 2946 πρὸς
3026 2879 3084 2926 τὸ
3125 2871 3317 2946 ἀχανὲς
3362 2873 3585 2945 πέλαγος
3616 2874 3800 2940 αὐτῆς,
3827 2871 3915 2924 ἔπι-

2325 2971 2585 3036 χοπτομαι
2659 2966 2744 3015 τὸν
2819 2962 2992 3033 λόγον,
3050 2968 3140 3015 καὶ
3198 2963 3292 3015 οὐκ
3351 2965 3461 3036 ἔχω
3517 2968 3571 3015 τί
3624 2963 3909 3036 φθέγξομαι.

2324 3060 2487 3104 Τουτο
2537 3049 2596 3104 δε
2642 3057 2794 3123 μόνον
2846 3051 3063 3125 λαμπρᾷ
3110 3049 3221 3125 βοῶ
3267 3059 3328 3124 τῇ
3389 3060 3551 3124 φωνῇ,
3605 3055 3689 3104 ὅτι
3733 3049 3913 3123 μεγάλα

2328 3138 2549 3194 δύναται
2601 3142 2630 3200 ἠ
2681 3142 2946 3212 μετάνοια,
2993 3145 3202 3213 ταχέως
3253 3139 3660 3213 ἕπικάμπτουσα
3695 3144 3773 3192 τὸν
3825 3157 3906 3188 τα-

2327 3235 2549 3304 χύτερον
2583 3230 2652 3292 εἰς
2682 3235 2737 3282 τὸ
2769 3229 3191 3302 ἐπικάμπτεσθαι
3222 3229 3581 3303 φιλάνθρωπον
3607 3233 3720 3283 Θεὸν
3749 3229 3892 3296 ἡμῶν.

2329 3321 2946 3394 Ἀνθρωποπρεπίστορον
3019 3316 3079 3372 δε
3145 3321 3213 3371 τὰ
3270 3320 3499 3393 ῥηθέντα
3554 3319 3705 3371 ποιεῖν
3757 3313 3898 3366 αὐτὸν

2326 3409 2482 3480 λέγει,
2514 3412 2638 3484 πρὸς
2669 3408 3034 3483 ἐναργεστέραν
3077 3405 3433 3461 διδασκαλίαν
3488 3416 3579 3468 τῆς
3610 3406 3906 3480 συμπαθείας

2327 3504 2412 3551 καὶ
2453 3497 2779 3569 καταλλαγῆς
2820 3497 2996 3562 αὐτοῦ,
3056 3495 3164 3550 ἐπεὶ
3217 3503 3306 3550 καὶ
3352 3499 3620 3571 ἄνθρωπον
3679 3495 3822 3548 αὐτὸν
3866 3491 3910 3543 ἐν

2329 3585 2470 3659 ἀρχῇ
2503 3594 2597 3648 τῆς
2630 3585 2925 3658 παραϐολῆς
2950 3587 3184 3642 ὑπέθετο.

2402 3759 2524 3815 Eine
2572 3794 2638 3802 —
2696 3765 2810 3825 υίὸς
2856 3774 2971 3818 σου.
3025 3762 3187 3838 ’Λπερ
3239 3763 3396 3816 εἰπεῖν
3429 3761 3720 3836 ἐμελέτησε,
3763 3766 3916 3812 ταυτα

2326 3851 2462 3924 λέὟει
2520 3859 2608 3903 νῦν
2659 3850 2711 3914 ἐξ
2781 3853 2898 3913 ὄ)ης
2949 3849 3197 3928 καρδίας,
3251 3855 3321 3915 ὡς
3371 3853 3598 3905 ἐντεῦθεν
3659 3850 3914 3923 μανθάνειν

2327 3943 2481 4014 ἡμᾶς,
2535 3942 2614 3993 ὅτι
2656 3945 2766 4014 χρὴ
2825 3947 2914 3994 καὶ
2968 3944 3082 4012 (82)
3138 3943 3266 4013 μετὰ
3312 3945 3408 3999 τὴν
3445 3935 3914 4014 καταλλαγὴνόλο-

2327 4013 2558 4103 καρδίως
2594 4013 2881 4102 ὁμολογεῖν,
2929 4032 3006 4083 ὅτι
3053 4032 3372 4104 ἡμάρτομεν,
3420 4034 3510 4082 καὶ
3557 4013 3913 4087 καταδιιίάζειν

2329 4139 2558 4180 εαυτους.

2401 4205 2525 4260 Εἶπε
2578 4240 2647 4249 -
2693 4209 2854 4261 αὐτοῦ
2931 4212 3070 4284 Πρὸς
3119 4212 3232 4270 τοὺς
3264 4210 3409 4284 ἰερείς
3451 4217 3550 4271 τῆς
3600 4206 3908 4264 Ἐκκλησίας.

2331 4297 2489 4350 Οὗτοι
2517 4299 2615 4372 γὰρ
2657 4299 2978 4372 ὑπηρετοῦσι
3003 4306 3074 4370 τῷ
3103 4306 3215 4368 Θεῷ
3241 4301 3372 4370 πρὸς
3408 4302 3502 4356 τὴν
3541 4299 3791 4371 σωτηρίαν
3819 4299 3909 4344 τῶν

2329 4385 2753 4458 ἐπιστρεφόντων,

2401 4475 2724 4547 Ἐξενέγκατε
2763 4507 2828 4517 -
2882 4476 3057 4528 αὐτόν.
3103 4480 3208 4535 Τὴν
3256 4479 3598 4549 τιμιωτάτην,
3631 4477 3739 4534 ἣτις
3775 4468 3905 4522 ἐστὶν

2330 4567 2359 4624 ἠ
2394 4566 2670 4638 κάθαρτις,
2706 4567 2734 4622 ἠ
2770 4570 3090 4640 φρουρττικὴ
3119 4568 3303 4638 χάρις.

567 4655 831 4712 todiatur
861 4671 877 4722 ;
915 4671 1099 4727 quam
1127 4652 1434 4726 perdidita
1460 4651 1630 4710 Patre
1653 4660 1982 4727 separatus,
2032 4653 2235 4721 ﬁdem,
2268 4656 2493 4709 veritati
2525 4654 2928 4724 cognitionem
2963 4671 2975 4709 :
3004 4661 3061 4710 et
3086 4654 3313 4710 induite
3339 4654 3516 4722 illum,
3538 4649 3634 4724 qui
3652 4647 3890 4716 seipsum

561 4747 743 4802 exuit-

637 4834 806 4889 Vers.
841 4833 929 4890 22.
995 4834 1073 4890 Et
1103 4865 1163 4875 —
1210 4834 1358 4904 ejus.
1386 4832 1757 4889 Arrabonem
1802 4831 2219 4888 familiaritatis
2251 4829 2296 4886 D

565 4939 710 4995 erga
730 4924 936 4990 Deum,
965 4928 1069 4979 aut
1097 4922 1474 4994 signaculum
1515 4923 1590 4978 ad
1631 4923 2040 4995 operationem
2067 4923 2217 4995 ejus,

560 5030 632 5070 ne
663 5013 788 5083 ipsa
815 5013 1046 5067 insidiis
1097 5018 1433 5085 appetatur.

641 5103 801 5157 Vers.
833 5105 920 5157 22.
950 5102 1027 5158 El
1055 5103 1450 5158 calceamenta
1494 5099 1553 5155 in
1577 5101 1767 5170 pedes.
1789 5099 1856 5155 Id
1881 5106 1988 5170 est,
2021 5104 2222 5157 custo-

567 5192 731 5250 diam
763 5189 841 5248 ad
881 5191 989 5248 iter
1025 5190 1496 5248 conversationis
1541 5206 1682 5246 suae.

2405 4837 2504 4885 Καὶ
2533 4863 2595 4873 —
2630 4833 2815 4890 αὐτοῦ.
2857 4831 3160 4907 Ἀῥραϐῶνα
3187 4840 3284 4893 τῆς
3309 4835 3434 4905 πρὸς
3459 4833 3578 4885 Θεὸν
3598 4826 3905 4881 οἱκειὼσεως,

2331 4924 2361 4980 ἣ
2396 4919 2670 4994 σφραγῖδα
2718 4924 2785 4984 είς
2831 4927 2924 4982 τὴν
2955 4921 3142 4997 πρᾶξιν
3192 4921 3374 4990 αὐτοῦ,
3407 4923 3542 4974 ὥστε
3575 4922 3728 4992 μένειν
3762 4909 3911 4965 αὐτὴν

2330 5009 2767 5064 ἀνεπιϐούλευτον.

2406 5107 2508 5154 Καὶ
2550 5097 2870 5174 ὑποδήματα
2927 5100 2998 5162 εἰς
3043 5102 3161 5160 τοὺς
3202 5095 3390 5160 πόδας.
3437 5097 3675 5156 Φυλαχήν
3731 5091 3800 5153 εἰς
3832 5091 3917 5146 τήν

2332 5195 2543 5264 πορείαν
2574 5197 2669 5252 τῆς
2699 5190 2954 5251 πολιτείας
2987 5189 3145 5242 αὐτοῦ
3175 5189 3312 5262 (83).

1763 5421 1985 5494 Variae
2032 5421 2364 5495 lectiones
2415 5431 2481 5494 et
2517 5433 2716 5495 notas.

641 5668 754 5746 (8t)
780 5671 955 5746 Forte
986 5669 1273 5746 interpres
1305 5669 1446 5746 legit
1479 5667 1798 5732 ἀποϐλέπων.

647 5743 799 5821 (Καί)
832 5743 998 5801 abest
1038 5748 1110 5804 A.
1141 5743 1159 5746 ⁷
1366 5743 1387 5746 ⁷
1428 5755 1430 5758 ’

2332 5670 2857 5824 rel(33.)L8cholium
2909 5673 3256 5750 proximum
3308 5671 3372 5734 in
3409 5677 3624 5734 neutro
3668 5681 3932 5733 meorum
