4144 6314
229 340 365 403 1029

219 560 550 614 contrarias
578 565 939 630 potestates.

1282 294 1641 384 COMMENT.
1690 332 1763 396 IN
1804 340 2062 401 LUCAM.
2105 378 2170 387 _
2210 342 2365 403 CAP.
2409 343 2532 401 xv.

293 470 335 539 -ι-
369 470 437 524 υι
460 468 553 524 his
593 468 887 525 calceatus
912 467 971 526 in
997 457 1425 541 praeparatione
1456 451 1761 531 Evangelii
1793 469 1977 542 pacis,
2005 469 2311 526 conculcet
2362 473 2665 542 serpentes
2739 486 2809 527 ac
2858 470 3230 543 scorpiones,
3290 467 3407 529 hoc

3476 345 3618 403 1030

3500 475 3609 539 est,

299 653 401 700 Καὶ
447 680 516 688 -
558 650 768 704 θύσατε.
818 656 1035 720 Μόσχος
1076 652 1330 714 σιτευτὸς,
1385 648 1441 699 τό
1492 640 1641 715 ἅγιον
1683 657 1834 721 σῶμα

2019 649 2181 705 Vers.
2215 650 2300 704 23.
2331 650 2408 705 Et
2456 680 2508 691 —
2541 655 2810 706 mactate.
2846 649 3076 706 Vitulus
3110 649 3421 719 saginatus
3467 666 3611 707 san-

223 744 317 789 τοῦ
347 745 581 811 Χριστοῦ
609 756 619 767 ·
654 742 858 810 μόσχος
889 743 995 810 μὲν,
1044 742 1112 799 ὡς
1147 744 1218 811 μὴ
1251 736 1520 809 δαμασθὲν
1549 742 1608 807 τῇ
1645 737 1833 812 ζεύγλῃ

225 835 321 887 τῆς
363 827 660 901 ἁμαρτίας·
714 832 949 890 σιτευτὸς
997 824 1075 895 δὲ,
1115 831 1183 890 ὡς
1213 829 1421 880 πιανθὲν
1475 834 1589 888 ταῖς
1639 826 1846 906 ἀρεταῖς

224 922 315 970 καὶ
346 918 570 991 τηρηθεν
602 917 668 977 εἰς
686 921 777 975 τὴν
802 919 925 993 ὑπὲρ
957 926 1055 970 τῶν
1086 917 1402 993 ἁμαρτωλῶν
1436 923 1664 989 σφαγήν.

302 1097 407 1146 Καὶ
439 1096 687 1165 φαγόντες
718 1092 1093 1167 εὐφρανθῶμεν.
1138 1099 1319 1163 Φαγεῖν
1362 1098 1449 1145 καὶ
1481 1096 1636 1155 αὐτὸς
1683 1094 1838 1167 λέγει,

229 1179 407 1241 δηλῶν
437 1186 528 1240 τὴν
549 1186 820 1234 κοινωνίαν
851 1190 944 1243 τῆς
967 1182 1308 1253 εὐφροσύνης.

299 1277 424 1323 Ὀτι
454 1303 521 1310 ——
574 1272 775 1345 εὑρέθη.
808 1274 1076 1345 Νέκρωσιν
1125 1275 1214 1343 μεν
1255 1277 1343 1323 καὶ
1402 1270 1658 1325 ἀπώλειαν
1709 1292 1841 1345 φησι

225 1363 320 1417 τὴν
371 1358 475 1412 ἀπὸ
507 1369 602 1420 τῆς
653 1360 947 1433 ἁμαρτίας·
1008 1359 1314 1420 ἀναζώωσιν
1375 1358 1432 1413 δὲ
1463 1367 1553 1413 καὶ
1613 1361 1835 1437 εὕρεσιν,

227 1453 323 1507 τὴν
352 1448 457 1501 ἀπὸ
489 1457 583 1511 τῆς
611 1454 906 1521 μετανοίας.

303 1630 409 1680 Καὶ
436 1624 661 1701 ἤρξαντο
691 1626 1075 1699 εὐφραίνεσθαι.
1108 1634 1271 1680 Τοῦτο
1305 1631 1480 1700 σαφές.

304 1804 405 1858 Ἦν
454 1836 518 1847 -
550 1804 715 1880 ἀγρῷ.
748 1812 831 1876 Τῷ
875 1814 973 1858 τῶν
1027 1803 1235 1881 ἀρετῶν,
1287 1804 1623 1879 ἐργαζόμενος
1653 1807 1836 1872 αὐτάς.

309 1988 414 2035 Καὶ
472 1986 537 2046 ὡς
589 2016 655 2025 -
712 1994 908 2059 χορῶν.
957 1984 1015 2037 Ὀ
1073 1994 1302 2047 τοιοῦτος
1351 1988 1564 2061 ἔρχεται
1602 1990 1690 2058 μὲν
1745 1984 1837 2040 διὰ
1874 2010 1914 2063 Β

230 2081 547 2146 προκοπῆς’
615 2073 811 2146 ἐγγίζει
850 2072 909 2127 δὲ
954 2071 1044 2127 διὰ
1086 2074 1387 2137 τελειώσεως
1430 2085 1501 2146 τῷ
1568 2080 1692 2148 οἴκῳ
1744 2086 1835 2129 τοῦ

226 2171 399 2227 Θεοῦ,
446 2168 536 2215 καὶ
585 2162 759 2216 ἀκούει
810 2170 1113 2237 συμφωνίας
1156 2169 1245 2237 μεν
1289 2175 1568 2236 μουσικῆς,
1617 2163 1709 2218 διὰ
1746 2172 1838 2225 τὴν

221 2255 359 2323 πρὸς
421 2256 507 2304 τὸν
568 2257 761 2326 πατέρα
807 2258 1106 2327 συμφωνίαν
1146 2263 1235 2306 τοῦ
1290 2257 1427 2321 υἱοῦ,
1499 2259 1558 2313 ἣν
1611 2262 1842 2329 συνεφώο

222 2360 351 2399 νησε
400 2337 493 2393 διὰ
541 2350 636 2403 τῆς
678 2348 979 2414 μετανοίας“
1032 2352 1207 2418 χορῶν
1259 2340 1338 2408 δὲ,
1388 2341 1481 2397 διὰ
1511 2351 1603 2403 τὴν
1655 2344 1843 2398 ἐκεῖθεν

224 2432 435 2501 χαράν.
468 2430 548 2483 Ἐν
578 2438 648 2502 τῷ
681 2434 805 2504 οἴκῳ
830 2436 931 2505 γὰρ
977 2441 1067 2486 τοῦ
1109 2441 1241 2486 Θεοῦ
1287 2432 1421 2505 ἦχος
1470 2436 1700 2509 καθαρός
1731 2436 1838 2507 (84)

229 2520 607 2593 ἑορταζόντων.

306 2614 417 2661 Καὶ
475 2642 539 2649 -
593 2618 791 2677 ταῦτα;
846 2609 970 2663 Ἕνα
1020 2620 1119 2663 τῶν
1184 2610 1432 2683 ἀγγέλων.
1498 2615 1575 2664 Δι’
1624 2611 1841 2684 ἀγγέλου

231 2700 334 2771 γὰρ
388 2698 843 2751 ἀποκαλύπτονται
901 2703 968 2751 τά
1026 2702 1136 2752 θεῖοι
1186 2707 1489 2774 μυστήρια·
1542 2698 1740 2764 παῖδας
1784 2700 1843 2755 δὲ

235 2797 323 2839 νῦν
353 2787 490 2859 λέγει
529 2791 647 2850 τοὺς
694 2785 945 2850 δούλους’
981 2785 1157 2842 δοῦλοι
1211 2787 1269 2842 δὲ
1316 2799 1408 2843 τοῦ
1462 2798 1616 2857 Θεοῦ,
1677 2794 1725 2843 οἱ
1753 2794 1843 2864 οἶγ-

238 2877 400 2948 γελοι.

313 2964 372 3016 Ὀ
396 2961 455 3016 δὲ
481 2995 546 3006 —
572 2968 705 3022 ἥκει.
735 2971 1083 3039 Παραγίνεται
1110 2966 1447 3043 ἐπιστρέψας.

319 3058 421 3105 Καὶ
460 3085 527 3093 -
559 3052 826 3108 ἀπέλαϐεν.
873 3057 1233 3110 Ἀποϐαλόντα
1272 3063 1365 3116 τὴν
1413 3063 1563 3113 νόσον
1613 3056 1707 3113 διὰ
1752 3069 1842 3123 τῆς

243 3147 532 3216 μετανοίας.

316 3228 568 3305 Ὠργίσθη
614 3265 677 3273 -
723 3233 986 3287 εἰσελθεῖν.
1044 3236 1371 3308 Σχηματίζει
1422 3246 1602 3290 τοῦτον
1660 3241 1689 3297 ἡ
1740 3260 1840 3292 πα-

242 3319 437 3393 ραϐολὴ
484 3330 571 3373 νῦν
626 3322 975 3397 ὀργιζόμενον,
1034 3331 1122 3378 καὶ
1179 3333 1249 3398 μὴ
1314 3326 1522 3379 θέλοντα
1574 3328 1909 3414 εἰσε).θεῖν,α

245 3410 350 3481 οὐχ
384 3413 464 3463 ὅτι
503 3411 783 3484 ἐφθόνησε·
839 3412 975 3472 λύπη
1028 3418 1128 3487 γὰρ
1180 3412 1403 3487 ούδεμία
1452 3423 1555 3477 τοῖς
1612 3414 1841 3478 δικαίοις

245 3498 329 3550 ἐπὶ
373 3508 434 3572 τῇ
490 3506 724 3574 σωτηρίᾳ
776 3512 873 3555 τῶν
922 3500 1186 3575 ἀδελφώνο
1244 3503 1349 3556 ἀλλ’
1397 3506 1479 3557 ἵνα
1525 3512 1838 3579 παραστήσῃ

245 3592 339 3645 τὴν
385 3588 664 3663 ὑπερϐολὴν
698 3600 792 3653 τῆς
848 3600 939 3645 τοῦ
988 3601 1120 3645 Θεοῦ
1179 3592 1525 3665 ἀγαθότητος.
1579 3596 1843 3667 Ἐμφαίνει

245 3678 347 3748 γὰρ
397 3678 426 3735 ἡ
462 3683 672 3737 τοιαύτη
728 3680 1102 3753 ἀγανάκτησις,
1152 3685 1232 3735 ὅτι
1274 3686 1534 3741 τοσαύτην
1583 3680 1843 3736 ἐνδείκνυ-

246 3784 334 3817 ται
366 3772 480 3841 περὶ
510 3772 626 3829 τούς
663 3779 1031 3842 μετανοοῦντας
1075 3774 1237 3846 χάριν
1267 3776 1356 3823 καὶ
1398 3775 1594 3847 χαρὰν,
1627 3776 1695 3835 ὡς
1743 3774 1843 3826 ἑτέ-

244 3874 353 3929 ροις
382 3858 561 3929 φθόνον
609 3868 840 3918 κινῆσαι.
874 3867 1037 3911 Τοῦτο
1087 3857 1144 3912 δὲ
1173 3865 1421 3918 πεποίηκε
1469 3866 1559 3913 καὶ
1606 3864 1635 3920 ἡ
1668 3882 1845 3934 παρα-

247 3943 369 4004 ϐολή
423 3956 521 4000 τῶν
552 3950 910 4020 μισθουμένων
960 3948 1186 4021 ἐργατῶν
1231 3949 1280 4000 ἐν
1323 3959 1395 4021 τῷ
1434 3961 1845 4025 τεσσαρακοστῷ

247 4032 472 4109 δευτέρῳ
516 4037 772 4108 κεφαλαίῳ
819 4046 911 4089 τοῦ
940 4041 1075 4090 κατά
1122 4040 1388 4092 Ματθαῑον
1412 4078 1425 4091 .
1454 4046 1544 4093 καὶ
1584 4041 1635 4093 ἐν
1680 4043 1843 4115 ἐκείνῃ

244 4126 343 4198 γὰρ
374 4127 421 4176 οἱ
452 4133 648 4196 πρῶτοι
686 4125 990 4196 ἐγόγγυζον.

315 4212 375 4267 Ὀ
434 4210 520 4265 οὖν
573 4219 742 4289 πατὴρ
782 4246 834 4253 -
873 4216 1045 4268 αὐτόν.
1091 4215 1179 4279 Ὠς
1231 4218 1467 4289 φιλόπαις
1523 4224 1613 4271 καὶ
1667 4223 1843 4292 σοφὸς,

244 4307 335 4354 καὶ
384 4307 467 4355 τὸν
519 4302 904 4378 ἐπιστρέψαντα
949 4313 1096 4378 τιμᾷ,
1147 4310 1351 4359 καὶτὸν
1384 4313 1627 4381 μείναντα
1677 4330 1849 4386 παρα-

249 4390 416 4443 καλεῖ.

317 4477 375 4531 Ὀ
416 4475 474 4532 δὲ
520 4510 586 4520 --
629 4481 913 4555 εὐφρανθῶ.
967 4483 1042 4537 Ού
1086 4493 1304 4538 τοιαῦτα
1344 4485 1584 4558 λέγουσιν
1622 4488 1670 4539 οἱ
1708 4486 1849 4558 ἅγιοι

248 4571 375 4640 πρὸς
405 4572 490 4620 τὸν
539 4573 686 4635 Θεὸν,
730 4571 859 4625 ἀλλά
908 4571 1200 4635 ἀκολούθῶς
1232 4583 1294 4646 τῇ
1362 4574 1491 4647 ὀργῇ
1553 4574 1850 4647 ἐσχημάτι-

251 4677 373 4709 σται
403 4663 493 4709 καὶ
525 4660 655 4718 αὕτη
717 4663 745 4718 ἡ
782 4658 1132 4733 δικαιολογία,
1187 4661 1278 4715 δια
1310 4668 1400 4721 τὴν
1452 4665 1623 4715 αἰτίαν
1655 4667 1715 4723 ἦν
1771 4665 1845 4716 εἰ·

247 4752 498 4819 ρήκαμεν.
550 4750 909 4825 Εἰωθασιγάρ
969 4754 1016 4803 οἱ
1066 4755 1364 4824 φθονοῦντες
1419 4761 1638 4805 τοιαῦτα
1694 4752 1846 4825 ἐγκα-

246 4835 367 4891 λεῑν.

322 4931 461 4988 Τινὲς
486 4924 573 4980 οὖν
598 4931 769 5001 ἔριφον
805 4932 893 5001 μεν
923 4935 1017 4989 τὴν
1049 4930 1335 5003 ἐλαχίστην
1382 4929 1578 4991 ἡδονήν
1601 4950 1613 4963 ·
1674 4933 1847 5004 φίλους

252 5013 331 5081 δὲ,
363 5019 430 5068 τὰ
452 5017 715 5088 θελήματα
748 5026 997 5088 νοοῦντες,
1027 5026 1182 5092 φασὶν
1214 5022 1370 5074 εἰπεῖν
1396 5023 1571 5091 αὐτόν,
1624 5024 1704 5075 ὅτι
1735 5023 1850 5095 ἐμοὶ

250 5103 499 5158 οὐδέποτε
546 5114 952 5181 παρεχώρησας,
987 5107 1109 5162 οὐδὲ
1154 5111 1475 5183 Ἐλαχίστης
1504 5110 1721 5179 ἡδονῆς,
1769 5114 1852 5165 ἵνα

246 5198 380 5269 μετά
404 5204 503 5247 τῶν
533 5195 829 5268 θε).ημοὲτων
859 5218 958 5270 μου
994 5199 1280 5272 εὐφρανθῶ.

1882 4712 1923 4765 D

1949 741 2107 793 ctum
2139 738 2351 794 Christi
2383 754 2600 811 corpus
2626 745 2713 794 est
2740 756 2754 794 :
2787 738 3004 793 vitulus
3020 738 3285 809 quidem,
3313 745 3603 813 tanquam

1950 842 2069 881 non
2100 827 2380 882 domatus
2404 826 2553 898 jugo
2588 844 2657 883 ac
2706 827 2967 899 pondere
3001 829 3255 898 peccati;
3292 828 3603 900 saginatus

1949 930 2108 981 vero,
2137 921 2428 987 tanquam
2459 916 2765 973 virtutibus
2787 918 3217 989 impinguatus,
3246 933 3314 974 ac
3328 921 3605 974 servatus

1950 1009 2015 1059 ut
2035 1020 2145 1076 pro
2168 1005 2575 1076 peccatoribus
2597 1005 2969 1063 immoletur.
3290 1078 3296 1085 ν

2020 1095 2179 1149 Vers.
2213 1097 2299 1151 23.
2341 1095 2427 1149 Ac
2454 1096 2764 1164 epulantes
2820 1096 3106 1152 lwtemur.
3142 1094 3329 1150 Edere
3357 1110 3602 1169 quoque

1949 1182 2079 1254 ipse
2110 1182 2325 1238 dicitur
2355 1184 2431 1239 ad
2469 1184 2680 1240 laetitiae
2718 1184 3346 1240 communicationem.

2021 1273 2186 1328 Vers.
2218 1275 2307 1327 24.
2355 1273 2501 1341 Quia
2531 1305 2599 1314 —
2630 1273 2900 1329 inventus
2946 1278 3048 1329 est.
3098 1272 3599 1331 Mortiﬁcationem

1948 1361 2191 1433 quidem
2234 1377 2303 1417 ac
2334 1362 2721 1433 perditionem
2760 1362 2899 1418 dicit
2926 1378 3061 1419 eam
3104 1379 3242 1435 quae
3272 1379 3308 1419 a
3355 1367 3602 1435 peccato

1950 1450 2254 1521 procedit:
2280 1451 2734 1507 viviﬁcationem
2751 1467 2887 1507 vero
2913 1467 2983 1508 ac
3014 1451 3443 1521 inventionem,
3476 1468 3603 1509 eam

1951 1554 2087 1611 quae
2113 1555 2149 1596 a
2178 1540 2546 1611 poenitentia.

2022 1630 2287 1684 Vers.24.
2319 1632 2742 1702 Caper-umque
2800 1630 3015 1688 laetari.
3061 1632 3178 1687 Hoc
3218 1629 3607 1687 manifestum

1955 1722 2061 1773 est.

2022 1807 2182 1863 Vers.
2216 1811 2304 1863 25.
2331 1808 2485 1864 Erat
2510 1840 2574 1850 -—
2599 1823 2754 1880 agro.
2791 1812 2853 1864 In
2902 1824 3048 1880 agro
3081 1809 3387 1877 virtutum,
3436 1824 3610 1866 exer-

1954 1912 2093 1951 cens
2126 1912 2194 1952 ac
2218 1896 2420 1953 colens
2447 1897 2597 1954 illas.

2024 1987 2182 2040 Vers.
2206 1986 2293 2041 25.
2325 1986 2586 2058 Cumque
2616 2018 2681 2027 —
2711 1986 2937 2043 choros.
2965 1986 3119 2043 Talis
3170 1987 3416 2059 quidem
3442 1987 3607 2043 venit

1953 2072 2223 2130 felicitate
2254 2075 2654 2147 provectionis
2688 2091 2701 2131 :
2739 2075 3095 2148 perfectione
3144 2081 3346 2131 autem
3392 2092 3607 2149 appro-

1952 2163 2207 2236 pinquat
2230 2164 2437 2219 domui
2466 2165 2588 2231 Dei,
2631 2172 2687 2222 et
2733 2164 2895 2222 audit
2926 2166 3181 2221 musices
3225 2168 3606 2229 concentum.

1952 2259 2195 2326 propter
2235 2253 2339 2309 ﬁlii
2366 2270 2507 2326 erga
2533 2259 2763 2327 patrem
2786 2255 3189 2321 concordiam,
3214 2271 3338 2327 qua
3352 2270 3457 2326 per
3482 2270 3610 2326 poe-

1953 2343 2260 2399 nitentiam
2294 2360 2542 2399 concors
2577 2343 2765 2400 factus
2790 2349 2875 2401 est
2909 2362 2921 2399 :
2950 2345 3164 2400 choros
3197 2360 3349 2409 vero,
3370 2349 3615 2416 propter

1952 2431 2266 2501 gaudium,
2291 2433 2455 2505 quod
2483 2432 2626 2488 inibi
2645 2437 2790 2489 erat.
2816 2436 2959 2489 Nam
2988 2432 3050 2489 in
3072 2433 3258 2489 domo
3290 2434 3390 2488 Dei
3424 2448 3610 2489 sonus

1953 2526 2037 2577 est
2068 2537 2215 2592 pure
2238 2522 2387 2577 festa
2410 2521 2859 2579 celebrantium.

2026 2613 2185 2667 Vers.
2217 2610 2304 2665 26.
2347 2612 2419 2667 Et
2456 2641 2518 2652 —
2566 2611 2710 2668 hac.
2746 2613 2873 2667 Uno
2907 2610 3259 2682 angelorum
3300 2610 3607 2667 accersito.

2025 2702 2131 2754 Per
2153 2700 2435 2767 angelum
2475 2700 2636 2756 enim
2679 2699 3014 2755 revelantur
3068 2700 3273 2756 divina
3304 2700 3603 2771 mysteria.

1954 2788 2152 2853 Παῖδας
2176 2794 2347 2846 vocat
2376 2806 2534 2846 nunc
2566 2806 2770 2847 servos
2801 2807 2814 2845 :
2845 2806 2987 2846 nam
3036 2790 3233 2861 angeli
3278 2795 3419 2847 sunt
3452 2789 3611 2846 servi

1956 2878 2077 2933 Dei.

2024 2966 2191 3023 Vers.
2217 2968 2306 3021 27.
2340 2967 2511 3039 Isque
2550 2998 2617 3009 —
2648 2966 2822 3025 venit.
2849 2966 3030 3023 Adest
3056 2982 3406 3024 conversus.

2024 3057 2181 3111 Vers.
2212 3058 2301 3113 27.
2328 3059 2406 3113 Et
2432 3089 2501 3097 —
2527 3056 2759 3128 recepit.
2802 3057 3045 3128 Abjecto
3078 3056 3300 3126 morbo,
3331 3072 3439 3130 per
3488 3071 3613 3129 pm-

1897 3152 1911 3167 ‘
1953 3145 2281 3201 nitentiam.

2023 3234 2186 3288 Vers.
2217 3238 2305 3289 28.
2339 3234 2777 3304 Indignatus—
2800 3234 3071 3290 introire.
3095 3233 3417 3290 Assimulat
3448 3234 3609 3291 hunc

1953 3322 2235 3394 parabole
2268 3322 2706 3392 indignantem,
2738 3340 2847 3378 nec
2878 3325 3095 3378 intrare
3117 3324 3411 3378 volentem
3438 3338 3451 3377 ε
3486 3338 3611 3378 non

1952 3412 2115 3478 quod
2143 3411 2451 3466 inviderit:
2486 3413 2683 3467 nullus
2704 3412 2861 3467 enim
2880 3412 3294 3483 moerorjustis
3313 3412 3388 3467 de
3419 3411 3610 3467 salute

1952 3502 2240 3556 fratrum:
2278 3501 2380 3556 sed
2414 3506 2477 3557 ut
2514 3503 2593 3559 ob
2619 3503 2828 3558 oculos
2870 3507 3055 3573 ponat
3101 3502 3465 3558 immensam
3511 3503 3613 3558 Dei

1952 3594 2295 3651 bonitatem.
2311 3593 2547 3650 Ostendi
2560 3601 2575 3649 t
2588 3594 2883 3667 siquidem
2898 3595 2999 3665 huj
3012 3594 3239 3650 usmodi
3256 3595 3603 3665 indignatio,

1950 3682 2117 3754 quod
2145 3689 2363 3739 tantam
2390 3684 2764 3740 demonstrat
2794 3700 2937 3754 erga
2962 3700 3084 3749 eos,
3108 3684 3209 3756 qui
3233 3685 3608 3754 resipiscunt,

1952 3772 2205 3841 gratiam
2250 3779 2306 3828 et
2331 3774 2639 3843 gaudium,
2675 3778 2736 3829 ut
2783 3775 3006 3829 caeteris
3044 3773 3333 3829 invidiam
3366 3790 3609 3830 movere

1953 3862 2160 3933 possit.
2215 3862 2331 3917 Hoc
2380 3867 2580 3917 autem
2613 3862 2748 3917 fecit
2784 3867 2841 3917 et
2878 3862 3171 3933 parabola
3197 3862 3607 3933 operariorum

1954 3951 2216 4005 mercede
2230 3951 2381 4006 cond
2394 3956 2675 4019 uotorum,
2695 3951 3150 4023 quadragesimo
3166 3950 3427 4007 secundo
3436 3952 3457 4021 j
3468 3955 3610 4007 uxta

1954 4040 2296 4095 Matthaeum
2344 4041 2531 4111 capite
2579 4063 2592 4096 :
2642 4056 2785 4097 nam
2857 4040 2918 4096 in
2972 4038 3073 4096 illa
3140 4056 3377 4112 quoque
3433 4038 3614 4113 primi

1954 4130 2435 4185 murmurabant.

2024 4217 2194 4272 Vers.
2228 4222 2316 4273 28.
2363 4220 2546 4275 Pater
2587 4234 2719 4290 ergo
2766 4249 2836 4258 —
2864 4219 3061 4275 illum.
3097 4220 3305 4291 Utpote
3348 4218 3612 4275 ﬁliorum

1955 4312 2189 4362 amator
2231 4324 2301 4363 ac
2342 4307 2649 4378 prudens:
2683 4312 2741 4363 et
2768 4324 2905 4364 eum
2966 4307 3070 4379 qui
3126 4323 3451 4364 conversus
3499 4311 3610 4375 est,

1955 4396 2182 4451 habens
2213 4396 2273 4451 in
2302 4397 2548 4465 honore,
2582 4403 2639 4454 et
2664 4413 2802 4453 eum
2847 4396 2951 4470 qui
2987 4398 3330 4468 permansit,
3366 4412 3609 4469 rogans.

2028 4486 2380 4541 Vers.?9.At
2397 4487 2499 4543 ille
2516 4518 2582 4526 —
2606 4486 2857 4543 latarer.
2883 4490 3009 4542 Non
3025 4486 3369 4542 dicuntbaec
3408 4490 3511 4541 aut
3540 4484 3615 4540 si-

1957 4574 2119 4631 milia
2136 4578 2321 4632 sancti
2346 4580 2482 4642 Deo,
2518 4576 2623 4631 sed
2651 4580 3088 4648 consequenter
3144 4575 3222 4630 ad
3255 4574 3610 4645 indignatio-

1956 4683 2095 4721 nem
2127 4665 2482 4721 assimulata
2506 4670 2593 4721 est
2622 4670 2679 4721 et
2699 4666 2825 4721 haec
2851 4681 3048 4720 causae
3069 4664 3340 4732 redditio,
3372 4664 3448 4719 ob
3475 4680 3611 4719 cau-

1958 4773 2089 4811 sam
2125 4771 2310 4827 quam
2366 4755 2772 4825 praediximus.
2804 4753 3001 4810 Solent
3031 4754 3186 4808 enim
3220 4753 3398 4809 invidi
3429 4753 3503 4810 de
3535 4754 3611 4809 si-

1960 4845 2194 4900 milibus
2227 4844 2526 4915 conqueri.

2032 4933 2285 4999 Quidam
2319 4949 2460 5003 ergo
2484 4949 2591 5005 per
2609 4932 2874 4998 haedum,
2910 4932 3220 4987 minimam
3248 4931 3609 5001 voluptatem

1960 5022 2367 5094 intelligentes,
2402 5038 2534 5093 .per
2591 5022 2818 5077 amicos
2873 5037 3011 5076 vero
3065 5020 3391 5078 voluntates
3444 5023 3614 5077 aiunt

1963 5112 2131 5167 illum
2155 5111 2370 5165 dixisse
2410 5127 2423 5165 :
2456 5112 2585 5167 Mihi
2625 5128 2696 5165 ne
2731 5110 3039 5165 minimam
3068 5110 3315 5181 quidam
3351 5110 3614 5182 volupta-

1966 5206 2085 5255 tem
2115 5216 2376 5271 unquam
2410 5199 2752 5271 permisisti,
2788 5203 2997 5254 utcum
3032 5196 3438 5255 voluntatibus
3466 5197 3613 5255 meis

1966 5290 2217 5345 laetarer.

1449 5492 1675 5562 Variae
1729 5490 2059 5562 lectiones
2113 5500 2179 5559 et
2218 5501 2417 5561 notae.

320 5740 431 5817 (84)
464 5738 788 5798 Hentenius
823 5739 1059 5799 videtur
1074 5740 1370 5817 reperisse
1396 5743 1656 5821 καθαρῶς,
1690 5742 1848 5817 quod

1974 5741 2028 5801 bi
2061 5740 2234 5801 valde
2264 5741 2585 5816 probatur.-
