4144 6314
607 338 741 407 1031

609 564 938 632 sithoedus,
971 565 1190 637 autqui
1214 564 1332 620 sint
1351 563 1526 620 amici
1549 583 1561 616 :
1582 580 1722 619 nam
1753 564 2095 635 periculosae
2121 567 2260 618 sunt

606 653 671 709 in
703 652 923 709 talibus
985 653 1234 710 subtiles
1273 653 1630 720 quaestiones
1683 669 1754 709 ac
1805 652 2257 724 disputationes,

607 743 761 798 sicut
787 741 843 798 in
877 742 1079 798 multis
1111 742 1416 815 parabolis
1447 743 1751 815 protestati
1782 759 2011 797 sumus.

676 833 844 888 Vers.
901 835 992 888 30.
1036 832 1152 889 Sed
1206 848 1339 888 cum
1392 863 1458 872 -—
1519 833 1837 903 sagintum.
1896 831 2086 886 Etiam
2131 831 2261 887 haec

602 922 878 992 ejusdem
944 925 1088 976 sunt
1151 921 1615 993 consequentiae,
1659 929 1715 976 et
1769 919 2262 975 similitereffecta

602 1016 762 1068 sunt.
797 1011 895 1066 Dei
918 1027 1058 1067 vero
1081 1011 1480 1066 substantiam
1505 1009 1647 1066 dicit
1671 1010 1834 1065 dona
1864 1009 1951 1065 vel
1978 1009 2258 1082 gratiam.

603 1098 1064 1171 velutisuperius
1091 1099 1489 1172 signiﬁcatum
1512 1103 1598 1156 est
1623 1120 1636 1154 :
1671 1099 2010 1154 meretrices
2040 1105 2259 1165 autem,

601 1187 981 1261 voluptatum
1016 1204 1272 1245 amores.

674 1279 833 1333 Vers.
868 1279 956 1334 3t.
1005 1282 1094 1334 Ac
1136 1279 1242 1334 itte
1269 1309 1338 1319 —
1393 1293 1468 1335 es.
1504 1280 1819 1350 Nunquam
1862 1293 1899 1334 a
1929 1293 2024 1334 me
2071 1276 2250 1334 disce.

602 1365 824 1435 dendo,
857 1366 964 1423 sed
982 1368 1272 1423 mandata
1297 1383 1432 1422 mea
1457 1383 1692 1439 semper
1723 1366 2052 1440 implendo.

677 1457 836 1510 Vers.
869 1456 956 1511 3t.
1007 1457 1084 1511 Et
1105 1487 1174 1496 —
1203 1463 1364 1511 sunt.
1394 1455 1540 1511 Cum
1573 1455 1734 1512 enim
1767 1456 1899 1511 tails
1926 1455 2026 1523 sis,
2055 1457 2260 1512 omnia

601 1560 738 1600 mea
765 1543 1135 1601 hereditario
1146 1546 1277 1616 jure
1299 1545 1635 1617 possidebis
1656 1563 1674 1611 ;
1698 1545 2050 1618 hujusmodi
2091 1561 2259 1601 nam-

599 1649 717 1706 que
743 1634 846 1688 ﬁlii
879 1633 939 1689 in
962 1634 1372 1690 haereditatem
1406 1635 1967 1706 accipiuntregnum
1997 1636 2179 1690 Patris
2203 1639 2257 1690 et

598 1722 719 1778 Dei.
753 1725 833 1778 Ne
864 1738 1005 1793 ergo
1038 1724 1303 1792 tristeris,
1335 1740 1478 1778 nam
1508 1725 1568 1778 in
1605 1723 1770 1779 nullo
1799 1722 2047 1778 affectus
2078 1740 2140 1778 es
2172 1724 2256 1778 in-

594 1812 774 1882 juria.
817 1811 883 1866 Et
913 1813 994 1868 ita
1029 1821 1340 1868 mansuete
1378 1812 1544 1868 illum
1573 1811 1940 1880 consolatus,
1973 1812 2254 1885 deinceps

599 1901 771 1957 etiam
788 1902 856 1956 de
871 1902 960 1956 his
973 1903 1306 1973 respondet,
1320 1919 1450 1973 quae
1465 1902 1521 1956 in
1537 1901 1765 1956 fratrem
1781 1902 1908 1972 ejus
1923 1903 2076 1957 facta
2097 1909 2250 1958 sunt.

675 1991 834 2045 Vers.
877 1993 965 2045 32.
996 1991 1212 2045 Lwtari
1234 2021 1296 2031 —
1333 1991 1597 2046 inventus
1617 1997 1719 2046 est.
1756 1991 2024 2046 Ostendit
2054 2007 2253 2047 neces-

600 2079 818 2135 sariam
844 2078 1301 2134 fuisselastitiam
1315 2086 1370 2133 et
1393 2079 1696 2147 gaudium.
1715 2079 1854 2144 Quis
1877 2079 2056 2146 enim,
2077 2097 2254 2152 quam

599 2173 906 2224 mortuum
972 2167 1180 2223 viderit
1229 2170 1504 2224 revixisse
1559 2185 1678 2223 non
1731 2168 1958 2223 laetatur
1993 2170 2253 2241 ?etquis

600 2257 704 2314 ubi
735 2257 816 2325 id,
838 2258 1003 2330 quod
1037 2258 1311 2328 perierat,
1339 2257 1642 2323 invenerit,
1684 2273 1805 2312 non
1848 2257 2068 2327 gaudet
2096 2259 2124 2314 ?
2153 2258 2249 2313 Vi-

599 2345 760 2412 disti,
793 2346 1311 2419 quemadmodum
1343 2352 1399 2402 et
1423 2347 1664 2418 quando
1696 2361 1936 2418 peregre
1957 2348 2252 2419 profectus

600 2441 690 2491 est
718 2436 1012 2508 patienter
1049 2436 1332 2492 sustinuit
1361 2441 1416 2491 et
1446 2451 1798 2491 conversum
1832 2436 2126 2492 immenso
2157 2452 2254 2492 ex-

599 2524 755 2596 cepit
779 2525 995 2595 gaudio
1024 2543 1038 2580 :
1068 2541 1178 2580 nec
1214 2525 1404 2581 solum
1441 2524 1784 2580 substantiae
1815 2525 2098 2581 rationem
2130 2542 2251 2581 non

599 2615 853 2688 repetiit,
887 2614 996 2671 sed
1047 2621 1102 2670 et
1127 2615 1294 2671 donis
1338 2614 1506 2670 illum
1548 2615 1820 2685 dignatus
1867 2621 1974 2678 est,
2009 2631 2118 2671 nec
2162 2632 2253 2671 so-

598 2706 726 2762 lum
757 2719 878 2760 non
904 2704 1306 2776 exprobravit,
1341 2703 1444 2758 sed
1467 2704 1708 2775 insuper
1721 2720 1910 2777 proeo
1932 2705 2251 2776 respondit.

672 2795 820 2851 Vere
851 2809 1075 2863 magna
1119 2798 1225 2858 est,
1287 2792 1553 2856 Domine,
1614 2793 1950 2862 benignitas
1987 2798 2111 2861 tua,
2145 2810 2254 2850 nec

601 2885 759 2940 ullus
791 2885 1084 2956 explicare
1111 2883 1360 2938 sufﬁciet
1400 2899 1594 2938 sermo
1625 2883 1702 2938 ad
1733 2886 2059 2954 gratiarum
2079 2886 2254 2940 actio-

599 2990 738 3030 nem
769 2973 943 3029 illius.
965 2973 1199 3028 Utinam
1221 2976 1410 3027 autem
1437 2975 1493 3027 et
1514 2987 1646 3037 nos,
1665 2974 1766 3044 qui
1795 2973 2097 3044 aequaliter
2113 2990 2250 3029 cum

599 3063 854 3136 prodigo
883 3078 1088 3117 sumus
1133 3075 1376 3133 peregre
1437 3060 1702 3132 profecti,
1743 3077 1808 3115 ac
1847 3061 2083 3116 divitias
2116 3079 2253 3118 con-

599 3152 992 3223 sumpsimus,
1007 3149 1298 3222 aequalem
1313 3165 1447 3204 cum
1467 3165 1538 3205 eo
1551 3150 2001 3205 conversionem
2019 3151 2251 3207 demon-

596 3246 872 3306 stremus,
900 3245 956 3296 et
984 3239 1193 3311 aequali
1223 3238 1588 3308 benignitate
1611 3239 2139 3308 dignihabeamur.

830 3329 987 3384 CAP.
1025 3328 1208 3383 LVIII.
1241 3328 1325 3383 De
1353 3327 1748 3397 dispensatore
1785 3327 2006 3400 iniquo.

668 3416 813 3490 Cap.
853 3418 986 3473 XVI.
1011 3416 1175 3472 Vers.
1211 3417 1260 3470 t.
1285 3416 1530 3472 Dicebat
1571 3419 1770 3472 autem
1814 3446 1880 3455 —-
1905 3416 2048 3474 bona
2082 3417 2249 3474 illius

595 3507 890 3564 Parabola
930 3507 1054 3562 haec
1109 3505 1452 3561 Christianis
1493 3505 1768 3561 attributa
1826 3511 1934 3572 est,
1985 3507 2088 3578 qui
2129 3523 2250 3563 non

593 3595 804 3652 volunt
827 3597 1075 3652 omnino
1106 3595 1512 3665 possessiones
1542 3610 1612 3650 ac
1636 3595 1923 3667 pecunias
1945 3595 2250 3667 despicere

593 3685 926 3740 admonens
951 3684 1106 3751 illos,
1133 3688 1196 3738 ut
1224 3685 1282 3739 in
1315 3699 1606 3756 pauperes
1638 3684 1753 3738 sint
1782 3682 2054 3739 beneﬁci.
2085 3684 2250 3741 Dicta

594 3781 681 3830 est
703 3780 904 3831 autem
926 3773 1003 3830 ad
1034 3771 1382 3845 discipulos,
1424 3773 1567 3846 quia
1619 3777 1673 3830 et
1703 3771 1765 3828 hi
1823 3777 1962 3830 sunt
2007 3772 2249 3846 dispen-

595 3867 845 3921 satores.

663 3956 1069 4026 Reprmsentat
1124 3953 1302 4009 etiam
1367 3952 1675 4008 hominem
1753 3951 2019 4023 divitem,
2077 3957 2245 4025 puta,

589 4043 778 4099 Deum
797 4042 1144 4110 humanum,
1162 4042 1446 4114 nulloque
1471 4041 1833 4111 indigentem
1853 4059 1865 4097 :
1885 4057 2247 4097 ceconomum

589 4147 754 4197 vero,
787 4131 908 4185 sive
938 4131 1432 4202 dispensatorem,
1460 4131 1842 4202 omnem,qui
1871 4129 2135 4202 possidet
2159 4128 2248 4184 di-

586 4219 766 4276 vitias
794 4236 808 4275 :
838 4219 983 4274 tales
1008 4220 1165 4274 enim
1199 4234 1318 4274 non
1348 4224 1484 4275 sunt
1510 4218 1759 4280 domini.
1785 4220 1892 4277 sed
1933 4219 2248 4292 dispensa-

591 4313 769 4365 tores.
804 4308 952 4364 Dicit
980 4323 1244 4381 namque
1277 4311 1428 4364 Deus
1454 4311 1667 4366 :Meum
1689 4311 1772 4364 est
1801 4325 2033 4377 aurum,
2052 4323 2244 4364 meum

593 4405 677 4456 est
707 4405 1004 4470 argentum
1033 4398 1099 4452 ³³.
1142 4396 1379 4452 Delatus
1437 4403 1529 4454 est
1591 4403 1789 4454 autem
1839 4397 2004 4470 apud
2059 4401 2243 4454 Deum

1927 334 2282 404 EUTHYMII
2315 330 2655 408 ZIGABENI

677 474 859 530 Nobis
891 477 1090 531 autem
1133 489 1252 530 non
1296 478 1383 530 est
1421 474 1652 530 curiose
1675 472 2089 538 scrutandum,
2123 473 2258 546 quis
2291 475 2338 529 Α

3853 346 3976 408 1032

2439 473 2593 547 Ἡμῖν
2655 471 2714 527 δὲ
2773 473 2832 526 οὐ
2883 479 3304 551 περιεργαστέον,
3375 478 3452 536 τίς
3504 475 3649 529 ἐστιν
3710 478 3738 528 ὁ
3801 480 3974 552 ἔριφος⁹

2370 568 2460 617 καὶ
2508 569 2639 625 τίνες
2686 566 2734 616 οἱ
2765 563 2921 636 φίλοι.
2958 564 3277 637 Ἐπισφαλὴς
3322 567 3421 639 γάρ
3481 567 3512 623 ἡ
3546 564 3594 617 ἐν
3650 574 3767 628 τοῖς
3813 572 3973 619 τοιού-

2371 673 2481 714 τοις
2545 653 2870 725 λεπτολογία,
2945 656 3113 715 καθὼς
3170 654 3440 727 πολλαχοῦ
3505 663 3604 707 τῶν
3677 654 3974 727 παραϐολῶν

2373 740 2853 816 διεμαρτυράμεθα.

2441 831 2564 884 Ὀτε
2608 828 2667 884 δί
2723 863 2791 872 ο-
2823 837 3076 887 σιτευτόν.
3139 837 3238 886 Καὶ
3293 840 3462 885 ταῦτα
3512 841 3604 894 τῆς
3659 833 3830 896 αὐτῆς
3860 835 3974 886 εἰσιν

2375 921 2702 989 ἀκολουθίας,
2761 927 2852 974 καὶ
2913 923 3100 994 ὁμοίως
3150 921 3661 996 ἑσχηματίσθησαν.
3721 928 3840 976 Βίου

2372 1005 2460 1062 οὖν
2487 1013 2599 1081 (85)
2642 1017 2735 1062 τοῦ
2784 1015 2911 1063 Θεοῦ
2939 1010 3076 1082 λέγει
3105 1015 3164 1063 τὸ
3211 1015 3484 1086 χάρισμα,
3515 1014 3694 1073 καθὼς
3755 1011 3973 1084 ἀνωτέρω

2374 1096 2666 1158 δεδήλωται
2691 1116 2703 1128 ⁸
2739 1105 2926 1174 πόρνας
2957 1097 3038 1165 δὲ,
3071 1104 3162 1163 τὰς
3197 1097 3524 1174 φιληδονίας.

2440 1275 2499 1329 '0
2530 1272 2592 1329 δὲ
2646 1273 2782 1330 εἶπεν
2821 1308 2878 1318 -
2929 1274 2990 1330 εἶ.
3025 1274 3294 1332 Οὐδέποτέ
3345 1298 3446 1352 μου
3495 1277 3822 1351 ἀποφοιτῶν,
3876 1277 3968 1332 ἀλλ’

2371 1366 2449 1420 ἀεὶ
2479 1369 2572 1429 τὰς
2604 1366 2805 1429 ἐντολὰς
2835 1387 2934 1438 μου
2965 1367 3196 1440 πληρῶν.

2443 1461 2544 1510 Καὶ
2599 1487 2668 1496 -
2736 1454 2867 1510 ἐστι.
2921 1463 3167 1518 Τοιοῦτος
3221 1459 3322 1528 γάρ
3381 1461 3470 1523 ὧν,
3520 1460 3697 1510 πάντα
3756 1459 3824 1511 τά
3885 1455 3966 1530 ἐμὰ

2368 1546 2794 1620 κληρονομήσεις.
2845 1547 2911 1596 Οἱ
2967 1554 3196 1598 τοιοῦτοι
3251 1548 3400 1618 [γὰρ
3455 1548 3571 1618 (86)
3633 1549 3745 1599 υἱοὶ
3791 1546 3964 1620 κληρο·

2371 1643 2586 1708 νομούσι
2641 1640 2734 1692 τὴν
2798 1632 3070 1707 βασιλείαν
3122 1642 3213 1687 τοῦ
3264 1638 3467 1710 Πατρός
3523 1641 3616 1688 καὶ
3677 1643 3834 1689 Θεοῦ.
3893 1639 3962 1692 Mi;

2367 1725 2530 1776 λυποῦ
2577 1729 2767 1794 τοίνυν,
2815 1721 2964 1777 οὐδὲν
3011 1727 3113 1798 γάρ
3160 1721 3449 1786 ἠδικήθης.
3506 1725 3696 1787 Οὕτως
3741 1725 3962 1784 ἐπιεικῶς

2295 1827 2334 1880 Β
2369 1817 2745 1887 παρηγορήσας
2818 1813 2994 1876 αὐτὸν,
3071 1812 3400 1884 ἀπολογεῖται
3464 1813 3648 1866 λοιπόν
3705 1818 3798 1866 καὶ
3847 1815 3959 1885 ὑπερ

2367 1911 2466 1955 τῶν
2493 1906 2840 1974 γεγενημένων
2873 1902 2939 1962 εἰς
2967 1905 3054 1954 τόν
3079 1899 3298 1974 ἀδελφόν
3329 1902 3506 1956 αὐτοῦ.

2437 1991 2800 2066 Εὐφρανθῆναι
2866 2023 2932 2031 -
3009 1996 3098 2044 καὶ
3186 1993 3388 2066 εὑρέθη.
3460 1996 3737 2044 Δείκνυσιν
3811 1990 3958 2061 ἀναγ-

2363 2086 2516 2133 καίαν
2571 2085 2659 2138 τὴν
2727 2081 3044 2155 εὐφροσύνην
3105 2086 3193 2133 καὶ
3255 2083 3449 2154 χαράν.
3513 2086 3608 2142 Τίς
3673 2085 3776 2156 γὰρ
3843 2077 3951 2132 ἰδὼν

2362 2173 2536 2243 νεκρόν
2575 2168 2928 2241 ἀναξήσαντα,
2963 2169 3058 2222 οὐκ
3101 2170 3446 2243 εὐφραίνεται,
3489 2175 3582 2222 καὶ
3614 2175 3689 2231 τίς
3737 2174 3794 2222 τὸ
3837 2168 3950 2220 ἀπο-

2361 2257 2521 2320 λωλὸς
2564 2261 2743 2331 εὑρὼν,
2795 2258 2852 2311 οὐ
2906 2263 3118 2332 χαίρεις
3174 2255 3344 2324 Εἶδες,
3386 2267 3496 2321 πῶς
3538 2264 3632 2312 καὶ
3689 2255 3948 2330 ἀποδημή-

2366 2367 2551 2410 σαντος
2625 2346 2993 2420 ἔμακροθύμει,
3063 2352 3152 2400 καὶ
3214 2346 3601 2420 ἐπιστρέψαντα
3664 2353 3947 2421 περιχαρῶς

2363 2434 2670 2499 ὑπεδέξατο.
2729 2442 2828 2490 Καὶ
2872 2437 2930 2489 οὐ
2980 2443 3132 2509 μόνον
3179 2436 3272 2488 οὐκ
3319 2435 3559 2509 ἀπῄτησε
3608 2435 3784 2502 δίκην,
3836 2435 3944 2486 ἀλλὰ

2362 2531 2452 2577 καὶ
2490 2530 2728 2598 χαρίτων
2788 2525 2999 2588 ἠξίωσε.
3060 2531 3160 2578 Καὶ
3189 2525 3247 2578 οὐ
3301 2530 3454 2598 μόνον
3507 2522 3625 2578 οὐδ’
3679 2520 3939 2585 ὠνείδισεν,

2365 2615 2489 2667 ἀλλά
2515 2619 2602 2666 καὶ
2627 2615 2981 2691 ὑπεραπελογή
2992 2634 3138 2669 σατο.

2435 2793 2632 2854 Ὄντως
2673 2791 2892 2865 μεγάλη,
2941 2795 3199 2858 Δέσποτα,
3237 2793 3267 2850 ἡ
3303 2790 3670 2866 φιλανθρωπία
3720 2810 3829 2856 σου,
3871 2807 3927 2838 κα

2362 2879 2532 2943 οὐδεὶς
2597 2881 2862 2957 ἐξαρκέσει
2935 2881 3081 2952 λόγος
3150 2884 3281 2954 πρὸς
3360 2881 3711 2956 εὐχαριστίαν
3778 2879 3929 2936 αὐτῆς.

2363 2976 2454 3030 Eia
2491 2969 2548 3024 δε
2595 2977 2686 3023 καὶ
2729 2973 2888 3043 ἡμᾶς,
2930 2975 3048 3032 τοὺς
3103 2969 3285 3032 ἐπίσης
3324 2978 3394 3040 τῷ
3438 2968 3633 3042 ἀσώτῳ
3686 2965 3927 3038 ἀποδημή-

2363 3080 2550 3120 σαντας
2580 3061 2693 3132 (87)
2745 3063 2835 3111 καὶ
2890 3055 3375 3131 διασκορπίσαντας
3417 3063 3501 3111 τόν
3552 3059 3782 3122 πλοῦτον,
3825 3060 3924 3110 ἴσην

2291 3178 2329 3234 C
2360 3151 2500 3221 αὐτῷ
2528 3154 2617 3201 καὶ
2663 3153 2756 3207 τὴν
2795 3151 3110 3222 ἐπιστροφὴν
3150 3145 3500 3216 ἐνδείξασθαι,
3557 3155 3653 3202 καὶ
3699 3157 3779 3208 τῆς
3817 3148 3922 3201 ἴσης

2361 3239 2648 3302 ἀξιωθῆναι
2678 3237 3082 3310 φιλανθρωπίας.

2433 3334 2574 3380 ΚΕΦ.
2602 3327 2730 3380 ΝΗ’.
2761 3331 2884 3400 Περὶ
2909 3334 2999 3379 τοῦ
3040 3327 3310 3400 οἰκονόμου
3340 3335 3436 3389 τῆς
3476 3325 3699 3389 ἀδικίας.

2429 3417 2606 3489 Ἔλεγε
2660 3414 2719 3469 δὲ
2800 3447 2866 3456 -
2933 3417 3244 3490 ὑπάρχοντα
3306 3416 3486 3470 αὐτοῦ.
3563 3416 3622 3470 Ἠ
3688 3407 3913 3487 παραϐολὴ

2359 3507 2489 3564 αὕτη
2552 3510 2678 3580 πρός
2731 3509 2850 3567 τοὺς
2905 3509 3256 3580 Χριστιανοὺς
3320 3505 3657 3569 ἀποτέταται,
3706 3506 3813 3562 τοὺς
3859 3500 3917 3570 μὴ

2359 3594 2704 3668 βουλομένους
2775 3596 2943 3653 πάντη
2997 3603 3096 3646 τῶν
3148 3598 3441 3668 χρημάτων
3495 3597 3763 3670 ὑπερορᾲν,
3825 3608 3922 3640 νου-

2359 3687 2582 3737 θετοῦσαι
2632 3687 2864 3750 τούτους,
2924 3685 3004 3735 ἵνα
3060 3685 3156 3735 κᾶν
3197 3683 3501 3758 εὐεργετῶσι
3545 3688 3664 3745 τοὺς
3710 3685 3919 3736 πένητας-

2357 3777 2576 3848 Εὶρηται
2620 3771 2679 3827 δε
2725 3778 2856 3849 πρὸς
2908 3777 3023 3834 τοὺς
3052 3775 3314 3846 μαθητὰς,
3361 3771 3502 3827 διότι
3553 3774 3668 3846 (88)
3719 3769 3922 3845 μαθηταὶ

2355 3869 2444 3916 καὶ
2471 3863 2636 3916 οὗτοι.

2430 3957 2530 4005 Καὶ
2563 3953 2831 4026 ἄνθρωπον
2883 3954 2974 4023 μὲν
3027 3950 3278 4004 πλούσιον
3335 3953 3588 4023 ἐμφαίνει,
3643 3954 3723 4004 τόν
3771 3944 3920 4020 φιλάν-

2357 4044 2558 4118 θρωπον
2606 4046 2696 4093 καὶ
2727 4039 2936 4100 ἀνενδεῆ
2995 4046 3123 4095 Θεόν
3154 4059 3166 4071 ·
3203 4042 3469 4114 οἰκονόμον
3523 4038 3601 4107 δε,
3654 4043 3805 4094 πάντα
3844 4036 3917 4086 τὸν

2353 4135 2663 4204 κεκτημένον
2713 4130 2930 4183 πλοῦτον
2955 4150 2967 4162 ο
3016 4133 3064 4182 οἰ
3107 4139 3335 4183 τοιοῦτοι
3361 4133 3462 4206 γὰρ
3507 4131 3565 4183 οὐ
3608 4134 3786 4203 κύριοι,
3826 4119 3916 4174 ἀλλ’

2353 4220 2615 4290 οἰκονόμοι
2677 4219 2802 4271 εἰσί.
2864 4223 3003 4277 Φησὶ
3059 4221 3159 4292 φάρ
3217 4220 3242 4270 ό
3311 4223 3469 4280 Θεός·
3525 4217 3671 4291 Ἐμόν
3720 4219 3820 4268 ient
3867 4210 3914 4259 τὸ

2351 4313 2602 4380 χρυσίον,
2635 4313 2726 4360 καὶ
2773 4310 2891 4380 ἓμόν
2937 4310 3048 4359 ἐστι
3081 4312 3137 4358 τό
3169 4305 3434 4380 ἀργύριον.
3485 4307 3725 4365 Διεϐλήοη
3779 4297 3831 4352 δὲ
3854 4301 3914 4364 τῷ

2353 4404 2468 4467 Θεῷ
2496 4399 2521 4448 ό
2564 4400 2724 4459 κακός
2755 4397 3025 4468 οἰκονόμος
3071 4395 3171 4448 ὑπὸ
3203 4403 3298 4458 τῆς
3336 4404 3504 4458 κακῆς
3543 4395 3831 4465 οἰκονομίας,
3858 4386 3914 4442 ὡς

590 4487 790 4544 malus
815 4487 1198 4554 dispensator
1222 4486 1382 4543 mala
1407 4485 1876 4558 dispensatione,
1912 4493 1972 4543 ut
2000 4489 2104 4560 qui
2125 4488 2242 4543 dis-

2356 4483 2747 4560 διασκορπίζων
2799 4487 2865 4537 τὰ
2893 4493 2987 4536 τοῦ
3040 4491 3193 4552 Θεοῦ,
3254 4484 3324 4546 εἰς
3355 4483 3390 4537 ἃ
3439 4485 3534 4538 οὐκ
3566 4481 3682 4549 ἔδει,
3713 4481 3791 4532 καὶ
3841 4475 3906 4545 μὴ

589 4578 831 4650 siparet,
869 4592 1003 4649 quae
1031 4577 1130 4632 Dei
1179 4582 1368 4642 erant,
1413 4576 1472 4632 in
1507 4592 1579 4633 ea
1622 4593 1757 4649 quae
1781 4593 1904 4633 non
1954 4577 2236 4649 oportuit,

587 4681 700 4724 nec
743 4665 1050 4740 superﬂua
1079 4666 1438 4739 pauperibus
1464 4665 1856 4723 distribueret.

660 4843 829 4903 Vers.
861 4848 913 4900 2.
946 4845 1024 4900 Et
1062 4847 1294 4902 vocavit
1345 4875 1406 4888 -
1455 4842 1902 4916 dispensationis
1938 4850 2074 4900 tua.
2101 4843 2237 4900 Haec

589 4935 672 4992 illi
702 4949 809 5008 per
833 4933 1065 4990 divinas
1093 4934 1240 4991 dixit
1259 4934 1611 5007 Scripturas,
1639 4949 1770 5005 quae
1799 4933 1874 4990 de
1911 4933 2110 4990 futuro
2133 4933 2238 4990 do-

587 5030 720 5084 cent
745 5024 988 5096 judicio,
1019 5027 1078 5080 et
1105 5023 1181 5080 de
1208 5023 1540 5081 redditione
1576 5022 1848 5080 rationis.

657 5206 705 5245 1'
731 5203 928 5277 Aggtei
949 5211 1013 5274 II,
1045 5204 1099 5262 9.

2351 4573 2609 4647 διανέμων
2633 4577 2695 4627 τὰ
2724 4593 2816 4648 περ
2827 4576 2941 4627 ιττά
2965 4581 3070 4634 τοῖς
3098 4578 3306 4632 πένησι.

2420 4848 2519 4898 Καὶ
2551 4848 2794 4916 φωνήσας
2828 4875 2891 4884 -
2937 4842 3229 4915 οἰκονομίας
3260 4861 3376 4896 σου.
3411 4836 3560 4894 Εἶπεν
3589 4835 3716 4906 αὐτῷ
3756 4833 3907 4882 ταῦτα

2347 4931 2442 4988 διὰ
2470 4942 2570 4986 τῶν
2603 4935 2747 4985 θείων
2774 4937 3008 5008 Γραςιῶν,
3036 4933 3093 4984 αἱ
3122 4927 3453 4985 διδάσκουσι
3478 4934 3597 5006 περὶ
3619 4936 3705 4987 τῆς
3730 4916 3912 4998 μελλοῖλ

2349 5042 2448 5086 σης
2471 5028 2693 5098 κρίσεως
2712 5026 2802 5075 καὶ
2829 5021 3151 5094 λογοθεσίας,

1788 5327 2014 5400 Variae
2051 5326 2383 5398 lectiones
2421 5336 2486 5397 et
2536 5337 2738 5397 notae.

691 5523 780 5582 85)
810 5523 916 5577 Οὖν
947 5523 1116 5582 abest
1143 5528 1212 5582 Α.

687 5591 777 5667 86)
802 5598 945 5670 Quae
975 5595 1070 5652 his
1095 5596 1279 5667 signis
1318 5591 1412 5670 ["]
1447 5593 1820 5662 inclusimus,
1844 5612 1914 5654 ea
1943 5613 2015 5653 ex
2043 5596 2246 5655 codice

590 5669 657 5728 B.
674 5666 1042 5723 exciderant.

663 5739 782 5817 (87)
815 5739 902 5796 Ita
927 5738 1150 5795 correxi
1202 5753 1313 5816 pro
1377 5733 1833 5816 επιδημήσαντας,
1891 5741 2004 5796 Nec
2075 5740 2244 5798 aliter

2357 5522 2700 5582 Hentenlus.

2427 5579 2702 5669 "(itm—lica
2733 5611 2977 5669 prorsus
3002 5593 3263 5669 alienum
3290 5596 3398 5650 est.
3426 5595 3512 5669 Ex
3536 5587 3817 5669 Hentenio
3831 5579 3930 5642 col-

2355 5661 2534 5741 ligas,
2551 5661 2875 5742 legendum
2907 5682 3037 5724 esse
3059 5667 3321 5742 οἰκονόμοι
3348 5671 3452 5723 aut
3481 5661 3770 5724 διοικηταί.
