4144 6314
296 351 321 408 1
332 349 452 408 033

379 480 464 532 Οὐ
517 485 620 556 γὰρ
689 512 753 523 -
812 481 1110 552 οἰκονομεῖν.
1172 481 1276 530 Τοῦ
1338 460 1558 522 θανάτου
1612 475 1731 517 οσον
1783 478 1924 528 οὔπω
1955 477 2001 531 Α

306 578 727 642 μετακινοῦντός
748 590 825 623 σε.

380 656 516 713 Εἶπε
590 658 649 713 δὲ
702 691 769 701 —-—
825 659 1172 729 αἰσχύνομαι.
1217 657 1362 710 Μετά
1414 654 1499 705 τόν
1555 648 1767 704 θάνατον
1821 657 1920 728 γὰρ

295 747 651 821 ἐργάσασθαι
687 749 781 801 οὐκ
823 749 1002 819 ἰσχύει
1036 767 1129 807 τις.
1182 747 1471 821 Ἐργασίας
1521 745 1623 814 γὰρ
1669 744 1693 794 6
1745 751 1921 818 παρὼν

292 844 519 913 καιρός·
551 840 576 890 6
610 836 669 891 δὲ
707 838 918 911 μεἿλων,
951 832 1367 900 ἀνταποδόσεως,
1400 840 1488 886 καὶ
1519 837 1576 886 τὸ
1606 834 1920 907 παρακαλεῖν

293 926 583 986 ἀνόνητον.

372 1015 587 1088 ’Ἑγνων
618 1021 669 1068 τί
693 1019 917 1073 ποιήσω.
950 1013 1121 1086 Ἔγνω
1151 1021 1302 1067 τοῦτο
1336 1014 1649 1073 συνετισθεὶς
1689 1014 1787 1064 ὑπό
1819 1021 1917 1065 τῶν

290 1112 553 1179 Γραφῶν.

372 1194 497 1248 ’Ίνα
528 1197 649 1247 ὅταν
678 1225 739 1234 -
788 1196 960 1255 οἴκους
1009 1192 1197 1246 αὐτῶν.
1247 1192 1428 1257 Οὗτοι,
1486 1196 1604 1267 περὶ
1651 1192 1717 1242 ὧν
1765 1193 1913 1263 ἔγνω,

292 1287 590 1337 τουτέστιν
619 1286 667 1336 οἰ
696 1284 917 1357 ῥηθῆναι
948 1281 1228 1354 μέλλοντες.

371 1378 491 1425 Καὶ
568 1372 1053 1448 προσκαλεσάμενος
1114 1402 1181 1412 -
1254 1367 1595 1442 ὀγδοήκοντα.
1653 1374 1745 1431 Τίς
1825 1374 1914 1443 μὲν

279 1464 307 1513 6
376 1468 681 1536 χρεώστης
712 1469 801 1512 τοῦ
851 1459 1041 1526 ἐλαίου,
1100 1464 1189 1512 καὶ
1241 1465 1319 1521 τίς
1371 1461 1394 1511 6
1447 1467 1538 1511 τοῦ
1596 1464 1766 1523 σίτου,
1825 1465 1915 1512 καὶ

279 1549 446 1604 διατί
522 1549 618 1601 ἀνα
661 1550 838 1603 ἑκατόν
899 1548 1131 1621 ὤφειλον,
1176 1554 1265 1601 καὶ
1321 1553 1373 1600 τί
1425 1551 1481 1600 τό
1552 1551 1770 1620 γράμμα
1821 1558 1912 1601 τοῦ

279 1645 525 1713 χρέους,
565 1644 653 1691 καὶ
696 1635 837 1690 διατί
883 1640 907 1689 6
961 1641 1050 1709 μὲν
1096 1643 1413 1695 πεντήκοντα
1460 1637 1700 1709 ἔγραφεν,
1770 1640 1794 1689 6
1854 1636 1912 1691 δὲ

285 1726 665 1799 ὁγδοήκοντα,
699 1732 788 1779 καὶ
834 1730 899 1779 τὰ
945 1734 1162 1779 τοιαῦτα
1208 1734 1297 1786 τῆς
1353 1731 1691 1799 προκειμένης
1746 1748 1909 1802 παρα-

1437 303 1810 400 COMMENT.
1852 348 1922 403 IN
1959 348 2225 408 LUCAM.
2257 385 2323 393 -
2350 352 2503 410 CAP.
2537 356 2679 413 XVI.

3548 367 3686 423 1034

2107 476 2271 535 Vers.
2303 482 2355 533 2.
2382 482 2579 554 Neque
2599 486 2751 541 enim
2789 517 2855 525 —
2873 486 3223 557 dispensare.
3259 487 3444 545 Morte
3470 505 3681 564 prOpe-

2032 569 2280 623 modum
2311 576 2363 624 te
2388 572 2791 631 transferente.

2101 658 2269 714 Vers.
2318 663 2368 714 3.
2393 660 2491 713 Ait
2530 670 2721 719 autem
2766 695 2833 704 ——
2873 665 3167 723 erubesco.
3230 668 3373 724 Post
3428 674 3679 725 mortem

2030 745 2188 801 enim
2218 762 2395 802 nemo
2415 751 2870 821 poteritoperari
2904 771 2916 809 :
2946 770 3089 810 nam
3134 772 3400 827 praesens
3446 764 3681 830 tempus

2029 835 2385 900 operationis
2412 843 2514 902 est,
2551 838 2813 896 futurum
2848 858 2987 899 vero
3017 844 3442 914 retributionis,
3478 853 3534 904 et
3581 848 3681 904 de-

2028 924 2257 995 precari
2278 926 2385 981 erit
2419 925 2646 983 inutile.

2099 1013 2265 1070 Vers.
2300 1018 2353 1072 4.
2396 1015 2542 1083 Scio,
2571 1018 2718 1090 quid
2737 1019 2981 1089 faciam.
3020 1023 3295 1079 Erudltus
3332 1041 3368 1081 a
3417 1026 3679 1099 Scriptu-

2028 1118 2125 1157 ns.

2095 1193 2257 1249 Vers.
2287 1195 2346 1249 4.
2405 1194 2481 1250 Ut
2506 1210 2636 1250 cum
2668 1226 2735 1237 —
2757 1196 2951 1254 domos
2983 1214 3146 1256 suas.
3173 1198 3258 1267 Hi,
3289 1217 3441 1273 quos
3463 1203 3603 1270 scio,
3621 1208 3677 1261 et

2022 1296 2178 1352 quos
2208 1297 2368 1337 nunc
2397 1282 2659 1339 dicturus
2694 1289 2801 1340 est.

2095 1371 2251 1424 Vers.
2284 1375 2337 1426 5.
2377 1371 2455 1426 Et
2490 1373 2762 1429 advocato
2784 1406 2849 1415 -—
2877 1374 3041 1434 Vers.
3076 1378 3127 1431 7.
3150 1377 3472 1450 Octoginta.
3502 1382 3675 1446 Quis-

2022 1472 2163 1513 nam
2191 1459 2416 1514 debitor
2437 1459 2665 1531 sitolei,
2718 1466 2775 1519 et
2830 1464 2960 1535 quis
3010 1465 3198 1532 tritici,
3249 1467 3459 1538 quisve
3519 1486 3674 1525 unus

2020 1547 2276 1619 quisque
2316 1548 2561 1615 debitor,
2600 1554 2659 1605 et
2694 1567 2827 1623 quae
2869 1554 3065 1609 cautio
3118 1554 3318 1621 debiti,
3375 1562 3431 1612 et
3486 1574 3672 1630 quare

2018 1636 2181 1707 prior
2194 1638 2421 1709 scripsit
2434 1637 2885 1711 quinquaginta,
2902 1644 3186 1713 posterior
3198 1661 3333 1699 vero
3347 1648 3668 1716 octoginta,

2018 1740 2087 1780 ac
2116 1725 2353 1791 similia,
2394 1743 2523 1798 quas
2546 1727 2605 1782 in
2634 1730 2902 1799 przesenti
2926 1731 3297 1801 reperiuntur
3351 1736 3665 1806 parabola,

290 1818 502 1890 βολῆς,
578 1821 813 1891 περιττόν
885 1815 1156 1879 ἐξετάζειν.
1234 1815 1307 1867 Δι’
1364 1813 1513 1867 οὐδὲν
1580 1819 1680 1890 γὰρ
1742 1818 1903 1888 ἕτερον

2024 1814 2385 1885 superﬂuum
2419 1822 2509 1870 est
2546 1816 2842 1888 inquirere
2872 1837 2882 1872 :
2913 1820 3208 1891 siquidem
3230 1821 3306 1876 ad
3340 1823 3479 1878 nihil
3505 1824 3670 1880 aliud

288 1908 771 1971 συνεπλάσθησαν,
830 1906 857 1963 ἡ
918 1908 1000 1956 ἱνα
1064 1902 1256 1977 δειχθῇ
1316 1924 1490 1976 μονον,
1547 1907 1625 1956 ὅτι
1665 1907 1688 1955 6
1735 1906 1908 1979 ῥηθεὶς

282 1997 595 2068 οἰκονόμος,
678 1997 771 2056 ἓως
832 1992 944 2065 εἶχε
1019 1998 1199 2067 καιρόν
1271 1994 1583 2065 οἰκονομίας,
1653 1999 1909 2067 φρονίμως

279 2093 395 2146 τοῖς
467 2093 555 2136 του
602 2080 856 2136 δεσπότου
905 2086 1211 2155 πράγμασιν
1250 2082 1322 2143 εἰς
1373 2086 1431 2134 τό
1489 2082 1672 2134 οἰκεῖον
1713 2087 1907 2153 συμφέ-

280 2195 377 2248 ρον
412 2172 789 2247 ἀπεχρήσατο,
836 2179 924 2224 καὶ
957 2169 1027 2224 δι’
1073 2172 1239 2223 αὐτῶν
1289 2176 1355 2232 εὶς
1411 2175 1467 2223 τό
1519 2171 1696 2243 μέλλον
1742 2191 1908 2229 σωτη-

282 2268 413 2338 ρίαν
485 2262 647 2332 ἐαυτῷ
690 2267 1113 2336 περιεποιήσατο,
1156 2264 1222 2322 ὡς
1273 2260 1497 2313 ἐντενεῖν
1557 2262 1737 2332 μαθεῖν
1787 2264 1906 2321 τοὺς

287 2355 528 2424 ἔχοντας
569 2351 806 2419 πλοῦτον,
839 2352 917 2402 ὅτι
961 2355 1065 2423 χρὴ
1114 2354 1341 2415 τούτους,
1393 2350 1691 2422 οἰκονόμους
1745 2350 1904 2401 α’)τοῖ)

287 2442 688 2509 καταστάντας,
756 2440 849 2500 ἕως
913 2440 1104 2509 ἔχουσι
1174 2442 1352 2512 καιρὸν
1426 2444 1580 2501 ζωῆς,
1652 2444 1905 2511 φρονίμως

288 2537 411 2590 τοῖς
474 2536 565 2580 τοῦ
626 2536 758 2581 Θεοῦ
815 2531 1119 2600 πράγμασιν
1160 2527 1229 2588 εἰς
1279 2532 1336 2579 τὸ
1390 2527 1574 2579 οἰκεῖον
1647 2532 1903 2600 συμφέρον

295 2617 751 2689 ἀποχρήσασθαι,
816 2621 904 2668 καὶ
960 2614 1033 2669 δι’
1093 2616 1260 2667 αὐτῶν
1336 2615 1718 2687 εὐεργετοῦντας
1787 2619 1904 2675 τοὺς

294 2713 547 2766 πένητας,
602 2707 675 2767 εἰς
723 2710 779 2758 τό
840 2706 1019 2778 μέλλον
1089 2708 1350 2778 σωτηρίαν
1414 2704 1615 2765 ἑαυτοῖς
1661 2723 1898 2776 πραγμα-

297 2798 620 2849 τεύσασθαι.
665 2798 824 2857 Βάτος
864 2796 952 2866 μὲν
981 2790 1067 2845 οὖν
1093 2790 1152 2851 ἦν
1183 2797 1366 2864 μέτρον
1412 2792 1580 2843 ἐλαίου
1609 2811 1618 2823 ·
1649 2796 1795 2864 κόρος
1822 2788 1899 2855 δε,

291 2889 486 2957 μέτρον
518 2889 689 2941 σίτου.
1844 2964 1847 2965 ν

378 2978 479 3025 Καὶ
552 2973 790 3044 ἐπῄνεσεν
868 3002 936 3010 --
994 2974 1246 3044 φρονίμως
1318 2967 1548 3027 ἐποιησε.
1621 2972 1689 3020 Τὸ
1762 2968 1897 3035 ἑξῆς,

293 3064 368 3122 ὡς
422 3058 601 3127 δῆλον,
651 3068 756 3121 τοῖς
812 3060 1087 3133 ἀκροαταῖς
1142 3057 1304 3130 ἀφῆκε
1363 3057 1782 3127 συλλογίζεσθαι.
1839 3060 1900 3113 Εἰ

291 3156 401 3225 γαρ
459 3154 483 3203 6
536 3147 847 3223 ἠδικημένος
905 3146 1165 3209 δεσπότης
1223 3146 1436 3219 ἐπῄνεσε
1491 3150 1576 3198 τόν
1634 3147 1897 3221 οἰκονόμον
1934 3189 1974 3241 C

292 3249 393 3302 τῆς
446 3238 679 3305 ἀδικίας,
731 3244 891 3311 ἤγουν
948 3241 1032 3289 τόν
1068 3241 1158 3294 τὴν
1205 3236 1396 3288 οἰκείαν
1450 3241 1713 3308 σωτηρίαν
1765 3237 1898 3289 οἱκο-

290 3336 602 3402 νομὴσαντα
640 3328 692 3390 ἐξ
740 3326 969 3392 ἀδικίας,
1017 3325 1186 3397 πολλῷ
1236 3324 1423 3397 μᾶλλον
1478 3327 1503 3377 ό
1560 3323 1900 3398 ἀδικούμενος

295 3422 428 3478 Θεὸς
486 3418 741 3471 ἐπαινέσει
798 3420 883 3468 τόν
938 3416 1203 3488 οἰκονόμον
1250 3424 1341 3477 τῆς
1397 3413 1756 3477 δικαιοσύνης.
1818 3423 1898 3468 Δι·

293 3511 555 3564 καιοσύνη
604 3509 727 3579 γὰρ,
778 3509 835 3557 τό
892 3507 958 3557 τά
1004 3507 1221 3579 περιττά
1276 3512 1385 3566 τοῖς
1432 3508 1617 3562 πένησι
1666 3501 1899 3577 διανέμε-

299 3598 447 3649 σοαμ

369 3862 487 3917 ’Ότι
516 3897 584 3905 -
637 3865 827 3917 ἑαυτῶν
875 3863 1024 3918 εἰσιν.
1074 3865 1226 3925 Υἰους
1283 3866 1369 3921 μὲν
1417 3870 1507 3914 τοῦ
1548 3861 1730 3922 αἰῶνος
1782 3864 1898 3913 τού-

293 3975 388 4008 του
456 3954 601 4007 καλεῖ
676 3958 788 4014 τοὺς
848 3963 919 4024 τῷ
994 3957 1175 4024 κόσμῳ
1250 3956 1666 4026 προσκειμένους·
1735 3951 1898 4002 αἰῶνα

290 4048 397 4117 γὰρ
437 4054 542 4104 νῦν,
591 4047 678 4095 τόν
729 4048 924 4114 κόσμον
968 4051 1148 4092 τουτον
1197 4040 1479 4109 ὠνόμασεν.
1526 4043 1680 4100 Υἰοὺς
1731 4044 1897 4111 φωτὸς

289 4135 428 4205 λέγει
472 4138 592 4195 τοὺς
639 4142 730 4185 τοὺ
784 4138 987 4202 κόσμου
1057 4130 1456 4190 ἀποστήσαντας
1510 4129 1737 4188 ἑαυτούς.
1798 4133 1896 4181 Καί

291 4243 476 4295 φησιν,
545 4226 625 4274 ὅτι
684 4221 828 4272 οὗτοι
876 4223 1243 4293 φρονιμώτεροί
1302 4217 1429 4269 εἰσιν
1485 4216 1705 4281 ἐκείνων,
1761 4220 1896 4269 κατά

288 4322 445 4365 τουτο
477 4309 536 4364 δὲ
586 4315 758 4383 μόνον,
790 4311 919 4360 καθὸ
970 4308 1306 4381 φροντίζουσι
1353 4315 1442 4358 τοῦ
1500 4306 1785 4379 μέλλοντος,
1827 4310 1895 4368 ὡς

291 4398 459 4463 ἔδειξε
537 4404 595 4452 τό
678 4394 1020 4471 παράδειγμα
1102 4404 1193 4448 τοῦ
1272 4397 1516 4470 ρηοέντος
1598 4397 1891 4468 οἰκονόμον,

287 4491 441 4563 ’Υπὲρ
472 4493 591 4551 τοὺς
623 4490 766 4550 υἱοὺς
798 4486 857 4540 6's
886 4494 978 4539 τοῦ
1023 4489 1185 4559 φωτὸς
1215 4490 1330 4545 τοὺς
1379 4484 1445 4545 εἰς
1475 4490 1567 4542 τὴν
1597 4487 1769 4554 γενεὰν
1800 4490 1892 4543 τὴν

2017 1902 2212 1958 efﬁcta
2244 1908 2397 1971 sunt,
2429 1922 2616 1977 quam
2649 1914 2710 1961 ut
2732 1909 3081 1963 ostendatur
3116 1912 3277 1981 quod
3310 1912 3501 1967 dictus
3551 1913 3671 1969 dis-

2018 1997 2319 2062 pensator,
2352 1992 2497 2048 dum
2522 1994 2986 2067 dispensationis
3016 2004 3252 2069 tempus
3274 1999 3497 2067 habuit,
3528 2019 3671 2074 pru-

2016 2080 2221 2134 denter
2250 2080 2478 2137 domini
2512 2083 2690 2138 rebus
2719 2085 2793 2139 ad
2820 2101 2993 2139 suum
3011 2088 3400 2144 commodum
3438 2090 3667 2146 abusus

2016 2173 2125 2234 est,
2159 2176 2443 2241 etpereas
2476 2173 2531 2226 in
2548 2170 2800 2227 futurum
2822 2176 3262 2232 suamsalutem
3290 2181 3665 2249 procuravit:

2018 2265 2077 2313 ut
2107 2257 2246 2313 hinc
2273 2259 2520 2327 discant,
2554 2261 2655 2333 qui
2681 2261 2905 2317 habent
2925 2262 3185 2330 divitias,
3213 2267 3373 2337 quod
3399 2274 3671 2340 oporteat

2015 2362 2139 2415 eos,
2162 2363 2296 2402 cum
2318 2347 2552 2403 illarum
2572 2349 3013 2420 dispensatores
3037 2354 3337 2409 constituti
3357 2355 3495 2427 sint,
3521 2356 3667 2413 dum

2014 2434 2145 2489 vita;
2180 2442 2415 2506 tempus
2444 2436 2683 2508 habent,
2715 2440 3037 2508 prudenter
3058 2441 3159 2496 Dei
3180 2444 3355 2496 rebus
3374 2444 3449 2498 ad
3489 2462 3667 2503 suum

2014 2523 2174 2578 abuti
2203 2526 2581 2580 commodum
2614 2542 2626 2578 :
2663 2534 2717 2580 et
2747 2544 2851 2597 per
2880 2527 3029 2595 illas,
3080 2533 3449 2602 pauperibus
3488 2534 3667 2590 bene-

2014 2611 2310 2676 faciendo,
2338 2612 2397 2666 in
2422 2614 2684 2668 futurum
2712 2615 2961 2671 salutem
2991 2618 3104 2673 sibi
3132 2622 3456 2690 acquirere.
3491 2623 3665 2678 Batus

2013 2698 2212 2770 itaque
2244 2717 2525 2758 mensura
2553 2708 2678 2758 erat
2703 2703 2833 2774 olei,
2887 2721 3061 2761 corus
3090 2724 3231 2765 vero
3285 2710 3451 2766 tritici
3502 2728 3666 2767 men-

2012 2805 2173 2845 sura.

2080 2968 2244 3023 Vers.
2277 2970 2329 3022 8.
2360 2968 2436 3023 Et
2463 2968 2733 3025 laudavit
2761 3001 2830 3009 —
2856 2971 3188 3039 prudenter
3209 2973 3463 3043 fecisset.
3511 2976 3663 3041 Quid

2011 3056 2322 3113 manifeste
2340 3064 2759 3130 consequatur,
2801 3059 3175 3117 auditoribus
3213 3062 3449 3135 reliquit
3508 3066 3664 3136 cogi-

2009 3146 2285 3203 tandum.
2310 3149 2455 3202 Nam
2489 3148 2536 3201 si
2565 3148 2854 3204 Dominus
2893 3149 3181 3221 injustitia
3229 3152 3480 3208 affectus
3535 3155 3663 3211 lau-

2009 3235 2176 3291 davit
2204 3235 2470 3306 iniquum
2501 3235 3000 3308 dispensatorem,
3034 3241 3137 3311 qui
3168 3241 3439 3298 videlicet
3486 3260 3661 3300 suam

2008 3325 2198 3397 ipsius
2231 3325 2477 3380 saluti-m
2518 3342 2586 3381 ex
2616 3326 2902 3397 injustitia
2922 3337 3341 3399 procuraverat
3383 3348 3397 3387 :
3456 3333 3661 3390 multo

2012 3414 2201 3483 magis
2229 3415 2402 3482 Deus,
2432 3414 2536 3486 qui
2568 3418 2626 3471 in
2651 3416 2813 3473 nullo
2840 3415 3124 3488 injustitia
3149 3418 3420 3489 afﬁcitur,
3452 3420 3661 3481 lauda-

2008 3502 2093 3558 bit
2117 3503 2340 3574 justum
2374 3505 2494 3559 sive
2515 3504 2755 3575 justitlae
2808 3506 3298 3579 dispensatorem,
3332 3512 3434 3582 qui
3456 3511 3661 3569 videli-

2008 3598 2099 3647 cet
2137 3608 2302 3647 suam
2329 3592 2520 3664 ipsius
2548 3593 2800 3649 salutem
2830 3610 2901 3650 ex
2927 3596 3153 3667 justitia
3182 3597 3615 3670 dispensaverit
3641 3618 3655 3658 :

2007 3681 2068 3736 id
2096 3681 2252 3736 enim
2285 3682 2733 3755 habetjustitia,
2770 3688 2829 3740 ut
2855 3685 3156 3756 superﬂua
3177 3689 3543 3760 pauperibus
3572 3691 3660 3747 di-

2005 3769 2305 3826 vidantur.

2078 3861 2235 3914 Vers.
2267 3862 2318 3915 8.
2351 3860 2499 3926 Quia
2530 3892 2599 3899 —
2635 3877 2736 3916 sua
2774 3869 2932 3920 sunt.
2982 3863 3156 3919 Filios
3209 3864 3392 3937 hujus
3451 3869 3658 3925 saeculi

2005 3947 2165 4014 dicit,
2196 3950 2413 4005 mundo
2439 3949 2809 4006 adhaerentes
2845 3973 2855 4017 ;
2894 3953 3180 4009 smculum
3248 3956 3406 4011 enim
3470 3974 3653 4028 nunc,

2007 4038 2301 4095 mundum
2332 4038 2650 4111 appellavit
2680 4058 2692 4107 ;
2717 4039 2864 4095 ﬁlios
2899 4047 3099 4098 autem
3140 4042 3287 4099 lucis
3341 4052 3515 4101 vocat
3553 4064 3655 4103 eos

2004 4129 2107 4202 qui
2139 4144 2199 4183 se
2220 4128 2382 4200 ipsos
2413 4144 2448 4183 a
2479 4129 2707 4185 mundo
2738 4137 3177 4202 separaverunt.
3222 4136 3288 4188 Et
3342 4134 3482 4190 dicit
3518 4135 3654 4193 illos

2004 4217 2411 4290 prudentiores
2441 4233 2567 4271 esse
2593 4218 2717 4273 istis
2749 4219 2809 4273 in
2844 4219 2958 4275 hoc
2986 4221 3127 4286 solo,
3161 4221 3325 4294 quod
3352 4226 3419 4278 de
3456 4223 3654 4281 futuro

2005 4307 2114 4361 illis
2154 4323 2299 4362 cura
2338 4311 2443 4373 est,
2479 4308 2627 4363 sicut
2660 4307 2800 4363 dicti
2849 4309 3276 4381 dispensatoris
3311 4314 3653 4384 exemplum

2003 4395 2445 4452 demonstravit.
2480 4396 2831 4454 Exhortatur
2855 4403 3056 4455 autem
3089 4416 3276 4457 sermo
3304 4418 3424 4467 eos,
3450 4404 3550 4474 qui
3578 4404 3652 4458 de

2003 4484 2202 4541 futuro
2232 4485 2592 4556 negligentes
2640 4492 2795 4541 sunt.

293 4580 513 4643 ἑαυτῶν,
559 4582 720 4650 ἤγουν
769 4581 891 4640 τοὺς
930 4576 984 4629 ἐκ
1022 4584 1113 4636 τῆς
1140 4580 1311 4647 γενεᾶς
1348 4582 1441 4635 τῆς
1491 4573 1683 4626 ἑαυτῶν
1712 4575 1857 4634 υἱοὺς
1901 4576 2067 4645 φωτὸς
2111 4579 2426 4647 γενομένους.
2462 4574 2722 4648 Ἐντρέπει
2762 4572 3038 4649 δὲόλόγος
3067 4582 3185 4641 τοὺς
3218 4578 3526 4651 ἀμελοῦντας
3560 4588 3650 4633 τοῦ

291 4668 577 4742 μέλλοντος.

369 4758 522 4830 Κάγὼ
590 4758 710 4829 ὑμῖν
768 4785 834 4795 -
919 4757 973 4807 ἑκ
1039 4762 1128 4807 τοῦ
1203 4759 1425 4826 μαμωνά
1489 4761 1583 4813 τῆ;
1653 4748 1882 4814 ἀδικίας.

2074 4753 2233 4808 Vers.
2269 4757 2320 4808 9.
2347 4753 2421 4807 Et
2444 4769 2541 4823 ego
2599 4755 2753 4809 vobis
2809 4785 2877 4794 —
2933 4755 3005 4810 de
3053 4756 3255 4827 iniquo
3306 4773 3646 4815 mammona.

290 4854 551 4920 Μαμωνᾶς
604 4848 713 4916 (89)
762 4848 851 4918 μὲν
882 4846 907 4895 6
946 4843 1161 4903 πλοῦτος
1209 4842 1411 4913 λέγεται
1460 4842 1582 4915 παρ’
1610 4840 1884 4915 Ἑϐραίοις·

289 4945 399 4997 Τῆς
442 4933 659 4995 ἀδικίας
704 4931 762 4986 δὲ
800 4940 977 4985 τοῦτον
1017 4930 1172 4995 εἶπεν,
1223 4933 1291 4992 ως
1342 4929 1394 4992 ἐξ
1438 4926 1649 4990 ἀδικίας
1692 4932 1888 4987 θησαυ-

286 5026 535 5099 ρισθέντα
586 5030 676 5083 τῆς
732 5022 787 5074 ἐκ
833 5029 923 5073 τοῦ
966 5026 1037 5094 μὴ
1092 5017 1495 5092 διαμερίζεσθαι
1554 5021 1618 5070 τὰ
1673 5022 1888 5091 περιττὰ

288 5116 474 5165 τούτου
529 5119 636 5173 τοῖς
709 5114 939 5167 πένησιν.
1001 5108 1164 5171 Ἐπεὶ,
1224 5111 1400 5179 φησιν,
1470 5108 1603 5178 ἄχρι
1658 5116 1748 5158 τοῦ
1799 5117 1886 5158 νῦν

289 5210 463 5262 κακῶς
510 5200 892 5272 ᾡκονομήσατε,
952 5202 1042 5250 καὶ
1097 5199 1163 5249 τὰ
1210 5195 1652 5269 ἑμπεπιστευμένα
1706 5216 1886 5267 μαμω-

282 5298 374 5345 νὸιν
427 5285 641 5352 ἀδικίας
672 5291 1046 5354 κατεστήσατε,
1095 5284 1189 5338 κᾶν
1240 5292 1361 5359 γοῦν
1416 5284 1513 5357 ὁχέ
1561 5303 1686 5337 ποτε
1737 5289 1886 5344 ποιήε

2000 4844 2339 4897 Mammona
2356 4843 2517 4913 apud
2539 4842 2813 4898 Hebraeos
2827 4844 3043 4899 divitiae
3061 4844 3361 4901 dicuntur.
3379 4846 3647 4918 Iniquum

1998 4936 2199 4985 autem
2225 4930 2390 4995 dixit,
2414 4931 2536 4985 sive
2562 4931 2917 5002 Iniquitatis,
2940 4933 3102 5004 quod
3124 4950 3194 4988 ex
3221 4934 3532 5006 iniquitate
3562 4951 3648 4990 re-

2001 5017 2312 5083 condatur,
2332 5018 2541 5089 quaein
2553 5020 2666 5075 hoc
2686 5024 2787 5083 est,
2813 5020 2957 5093 quia
2971 5022 3273 5093 superﬂua
3286 5024 3648 5095 pauperibus

1997 5122 2115 5162 non
2141 5106 2512 5166 dividuntur.
2563 5111 2709 5165 Cum
2733 5125 2895 5179 ergo,
2926 5110 3139 5182 inquit,
3170 5112 3459 5168 hactenus
3490 5113 3645 5169 male

1997 5196 2504 5267 dispensaveritis,
2559 5203 2613 5253 et
2671 5200 3041 5255 concreditas
3091 5202 3260 5256 vobis
3320 5201 3645 5272 iniquitatis

1995 5285 2227 5341 divitias
2252 5285 2408 5341 male
2434 5286 2831 5359 expendet-itis
2858 5288 2982 5345 :vel
3010 5290 3253 5346 tandem
3304 5307 3435 5347 sero
3472 5291 3642 5351 facite

1478 5490 1704 5559 Variae
1750 5489 2081 5561 lectiones
2126 5502 2189 5560 et
2240 5499 2442 5561 notae.

358 5721 474 5797 (89)
506 5718 827 5778 Hentenius
858 5714 1077 5790 duplici
1105 5734 1185 5789 μμ
1208 5712 1411 5772 edidit.
1444 5716 1564 5786 Ego
1596 5711 1852 5788 simplici
1897 5712 2108 5788 reperi.

566 5822 802 5883 PATROL.
840 5814 946 5875 Gn.
987 5813 1234 5875 CXXIX.
