4144 6314
579 338 720 402 1035
1871 405 1874 408 δ
1905 326 2218 392 EUTHYMI

2330 316 2624 386 iIGABENl
3817 318 3934 384 1036

577 471 752 527 vobis
786 469 863 526 ab
895 468 1040 540 ipsis
1077 465 1302 524 amicos
1341 480 1658 540 pauperes,
1714 463 1790 519 ad
1839 461 2219 518 imitationem

2346 475 2466 510 σατε
2523 459 2738 523 ἑαυτοῖς,
2794 459 2972 530 φίλους
3029 454 3081 520 ἐξ
3126 455 3284 509 αὐτοῦ
3339 457 3457 518 τοὺς
3506 459 3760 521 πένητας,
3811 456 3934 505 κατὰ

579 561 763 617 modo
797 560 967 614 dictm
1018 557 1341 631 parabolas.

2339 553 2567 622 μίμησιν
2594 557 2684 610 τῆς
2722 545 2829 608 ἤδη
2859 550 3106 623 ῥηθείσης
3138 546 3462 620 παραϐολῆς.

651 650 810 704 Vers.
845 649 899 701 9.
947 646 1018 704 Ut
1041 663 1174 703 cum
1216 677 1283 687 —
1333 644 1750 700 tabernacula.
1815 642 1885 697 Ut
1931 656 2066 695 cum
2125 654 2219 710 per

2408 638 2518 691 Ἵνα
2538 641 2654 692 ὅταν
2676 671 2744 678 -
2771 641 2980 698 σκηνάς.
3009 636 3139 702 Ἰνα,
3159 638 3278 688 ὅταν
3299 655 3371 706 τῳ
3399 636 3605 705 θανάτῳ
3631 641 3931 706 μεταστῆτε,

580 743 822 794 mortem
838 736 976 792 hinc
997 734 1829 806 demigraveritis,praeparent
1848 729 2016 784 vobis
2039 728 2229 783 locum

578 826 657 883 ad
713 831 932 881 interna
981 823 1385 889 tabernacula,
1452 820 1570 894 ipsi
1620 820 1785 894 prius
1831 818 2092 890 hospites
2149 814 2228 870 ibi

578 915 716 972 facti
761 915 858 988 (ν).

649 1003 810 1059 Vers.
858 1006 940 1058 10.
977 1002 1086 1067 Qui
1110 1001 1298 1070 ﬁdelis
1337 1032 1405 1040 —
1444 1000 1678 1070 iniquus
1722 1003 1823 1053 est.
1881 996 1989 1060 Qui
2039 992 2228 1048 ﬁdelis

577 1097 668 1148 est
697 1092 757 1146 in
792 1092 1061 1158 minimo,
1085 1090 1263 1145 etiam
1295 1090 1514 1159 dignus
1544 1093 1651 1142 est.
1676 1086 1821 1140 Dicit
1870 1089 2068 1140 autem
2123 1082 2230 1137 mi-

577 1179 836 1248 nimum,
859 1185 1124 1234 terrenas
1156 1178 1412 1246 divitias,
1439 1176 1692 1232 multum
1718 1189 1876 1238 vero,
1933 1171 2227 1228 caelestes.

2337 730 2694 801 παράσχωσιν
2759 729 2879 799 ὑμῖν
2933 731 3086 780 τόπον
3138 725 3205 786 εἰς
3280 727 3373 786 τὰς
3442 723 3660 784 αἰωνίας
3732 725 3932 788 σκηνὰς,

2337 819 2572 893 πρόξενοι
2594 822 2779 871 τούτου
2805 822 3082 891 γινόμενοι.

2405 995 2463 1049 Ὀ
2491 999 2676 1057 πιστὸς
2709 1027 2774 1037 -
2811 993 2994 1056 ἄδικός
3025 993 3185 1050 ἐστιν.
3237 993 3295 1046 ⁸0
3326 995 3510 1052 πιστὸς
3539 990 3590 1044 ἐν
3638 991 3821 1063 ὀλίγῳ,
3859 998 3934 1044 καὶ

2337 1085 2523 1139 πολλοῦ
2553 1086 2698 1148 οἰξιός
2724 1084 2882 1138 ἐστιν·
2927 1087 2951 1136 ὁ
2985 1081 3042 1136 δὲ
3085 1083 3132 1136 ἐν
3164 1082 3318 1155 ὀλίγῳ
3357 1079 3563 1146 ἄδικος,
3620 1087 3717 1133 καὶ
3760 1081 3934 1133 πολλοῦ

2339 1173 2546 1238 ἀνάξιός
2561 1174 2690 1228 ἐστι.
2717 1178 2871 1244 Λέγει
2899 1172 2957 1227 δὲ
2976 1172 3257 1244 ἐλάχιστον
3278 1175 3368 1244 μὲν
3389 1175 3475 1224 τὸν
3496 1176 3685 1242 γήϊνον
3707 1170 3934 1234 πλοῦτον,

2338 1265 2497 1318 πολὺν
2529 1261 2588 1317 δὲ
2617 1268 2703 1316 τὸν
2737 1264 2996 1337 οὐράνιον.

648 1358 810 1414 Vers.
849 1357 1025 1413 11.Ξί
1047 1371 1267 1426 ergo—
1316 1355 1531 1425 fuistis.
1598 1352 1744 1409 Male
1796 1350 2064 1406 videlicet
2110 1349 2219 1405 dis-

2410 1353 2469 1406 Εἰ
2499 1350 2585 1405 οὖν
2613 1352 2862 1426 ἐγένεσθιο
2893 1351 2977 1414 Ὠς
3007 1359 3178 1412 κακῶς
3209 1350 3622 1423 οἰκονομοῦντες.

619 1446 912 1503 ensando.

575 1463 912 1521 pensando.

651 1537 805 1590 Vers.
846 1540 925 1590 11.
961 1532 1122 1601 Quod
1145 1565 1213 1572 —
1250 1531 1485 1589 credet?
1523 1530 1705 1587 Veras
1749 1528 1914 1601 regni
1948 1528 2046 1583 Dei
2084 1527 2219 1582 divi-

2407 1536 2476 1585 Τὸ
2499 1563 2563 1573 -
2584 1535 2858 1585 πιστεύσει
2881 1547 2894 1598 ;
2915 1535 3013 1584 Τὸν
3043 1530 3284 1589 ἀληθινὸν
3304 1527 3524 1582 πλοῦτον
3545 1537 3647 1591 τῆς
3672 1527 3935 1600 βασιλείας

574 1624 711 1680 tias.

2337 1630 2429 1675 τοῦ
2456 1629 2611 1676 Θεοῦ.

644 1713 806 1768 Vers.
843 1715 924 1767 l2.
967 1713 1044 1767 Et
1067 1711 1396 1767 si—dabzt
1453 1711 1482 1764 ?
1532 1707 1801 1764 Similiter
1859 1713 1914 1762 et
1966 1705 2219 1762 alienum

2410 1717 2510 1764 Καὶ
2566 1711 2610 1763 εἰ
2663 1741 2729 1753 --
2784 1707 2979 1777 δὼσει;
3019 1709 3237 1782 Ὁμοίως
3289 1706 3556 1780 ἀλλότριον
3617 1711 3714 1779 μὲν
3767 1706 3935 1778 ὀνομά-

573 1799 847 1858 nominat
873 1806 1134 1855 terrenas
1161 1799 1415 1863 divitias,
1442 1799 1663 1871 quippe
1694 1814 1827 1869 qua:
1859 1795 2023 1868 apud
2062 1795 2219 1850 illum

2339 1803 2416 1862 ζει
2446 1806 2532 1854 τὸν
2569 1806 2747 1872 γήϊνον
2795 1800 3035 1864 πλοῦτον,
3097 1803 3160 1859 ὡς
3211 1803 3282 1871 μὴ
3330 1801 3700 1871 παραμένοντα
3739 1803 3809 1865 τῷ
3863 1813 3933 1844 κε·

573 1907 694 1947 non
726 1894 1137 1962 permaneant,
1163 1890 1266 1961 qui
1293 1891 1454 1960 ipsas
1483 1896 1568 1942 est
1587 1893 1926 1942 assecutus:
1954 1891 2219 1940 nostrum

2337 1895 2589 1963 κτημένῳ·
2637 1892 2879 1964 ἡμέτερον
2925 1889 3036 1959 (90)
3093 1885 3173 1952 δὲ,
3220 1891 3306 1940 τὸν
3358 1886 3623 1959 οὐράνιον,
3668 1887 3739 1946 ὡς
3782 1901 3930 1954 παραυ

574 1985 775 2037 autem
817 1979 1105 2043 caelestes,
1143 1986 1204 2033 ut
1225 1994 1359 2050 quae
1390 1977 1554 2050 apud
1592 1977 1761 2031 illum
1814 1980 2219 2048 permaneant,

2335 1986 2550 2055 μένοντα
2578 1989 2651 2051 τῷ
2677 1978 2944 2042 ἀξιωθέντι
2977 1979 3156 2030 αὑτοῦ.

573 2069 678 2142 qui
705 2069 867 2140 ipsas
895 2068 1125 2139 accipit.

645 2157 807 2212 Vers.
844 2157 930 2213 13.
959 2157 1180 2212 Nullus
1209 2162 1635 2212 —contemnet.
1689 2158 1821 2210 Haec
1861 2154 2040 2210 etiam
2079 2154 2226 2210 dixit

571 2247 784 2319 quinto
816 2246 1008 2317 capite
1030 2244 1328 2315 Evangelii
1353 2244 1682 2301 secundum
1719 2244 2061 2299 Matthaeum
2104 2259 2115 2299 :
2169 2251 2225 2299 et

570 2336 631 2391 in
674 2350 746 2390 eo
801 2335 930 2404 lege
979 2334 1116 2390 dicti
1158 2333 1314 2390 illius
1354 2333 1789 2390 enarrationem
1843 2350 1856 2388 :
1905 2332 2086 2388 Nemo
2119 2348 2223 2402 po-

2406 2156 2596 2222 Οῦδεὶς
2635 2191 2698 2200 —
2753 2163 3162 2230 καταφρονήσει·
3223 2161 3401 2208 Ταῦτα
3458 2152 3568 2206 εἶπε
3628 2157 3721 2204 καὶ
3784 2149 3829 2202 ἐν
3863 2157 3923 2218 τῷ

2333 2254 2548 2322 πέμπτῳ
2577 2248 2837 2321 κεφαλαίῳ
2866 2254 2957 2299 τοῦ
2996 2248 3130 2298 κατά
3159 2246 3446 2312 Ματθαῶν,
3478 2247 3565 2294 καὶ
3601 2240 3856 2313 ἀνάγνωθι
3881 2236 3922 2288 ίν

2334 2337 2504 2411 ἐκείνῳ
2532 2343 2624 2397 τὴν
2665 2337 2911 2408 ἐξήγησιν
2942 2343 3052 2388 τοῦο
3088 2331 3277 2396 Οὐδεὶς
3323 2330 3548 2386 δύναται
3583 2328 3716 2384 δυσὶ
3743 2333 3921 2401 κυρίοις

573 2427 678 2480 test
718 2424 937 2480 duobus
963 2423 1206 2478 dominis
1233 2425 1449 2480 servire
1480 2425 1547 2478 “.

2335 2424 2614 2481 δουλεύειν.

641 2515 805 2570 Vers.
854 2517 935 2570 13.
1002 2513 1130 2569 Non
1182 2516 1410 2584 potestis
1465 2543 1534 2554 --
1598 2528 1954 2569 mammonae.
2013 2513 2222 2567 Conse-

569 2609 816 2676 quenter
851 2602 930 2658 ibi
954 2609 1011 2658 et
1047 2602 1122 2657 de
1174 2603 1288 2658 hoc
1341 2601 1571 2658 dictum
1625 2607 1730 2672 est,
1765 2610 1824 2657 et
1873 2601 2014 2656 data
2046 2600 2219 2656 inter-

2405 2605 2480 2658 Οῦ
2525 2601 2752 2658 δύνασθε
2781 2635 2850 2644 -
2893 2608 3132 2676 μαμωνᾶ.
3180 2600 3496 2661 ’Δκολούθως
3535 2597 3648 2652 ἐκεῖ
3689 2601 3774 2649 καὶ
3815 2598 3914 2669 περὶ

570 2691 822 2764 pretatio
837 2736 849 2749 .

2331 2697 2513 2748 τούτου
2542 2697 2744 2767 εἴρηται
2772 2697 2861 2745 καὶ
2885 2695 3226 2767 ἡρμήνευται.

644 2779 804 2834 Vers.
842 2779 923 2834 14.
952 2778 2040 2850 Audiebant—iltum.Vilipendebant
2060 2793 2219 2844 eum,

2400 2784 2625 2837 Ἤκουον
2665 2815 2730 2822 —
2761 2783 2937 2834 αὐτόν.
2981 2780 3284 2854 Ἐφαύλιςον
3315 2778 3491 2843 αὐτὸν,
3538 2780 3596 2830 οἱ
3626 2775 3800 2849 φαῦλοι
3837 2773 3909 2821 καὶ

569 2869 684 2942 ipsi
713 2868 860 2923 viles
899 2885 969 2922 ac
990 2867 1344 2922 detestandi.

2330 2876 2710 2928 κατάπτυστοι.

644 2958 815 3014 Vers.
838 2957 917 3013 l5.
941 2957 1114 3013 Emit
1131 2988 1200 2996 —
1221 2956 1546 3013 homnibus.
1572 2958 1682 3023 Qui
1705 2974 1811 3013 vos
1850 2957 2007 3031 ipsos
2030 2958 2219 3029 justos

2402 2968 2502 3016 Καὶ
2539 2964 2670 3015 εἶπεν
2715 2993 2786 3002 -
2829 2959 3128 3035 ἀνθρώπων.
3191 2961 3256 3012 Οἱ
3295 2955 3532 3017 δικαίους
3577 2955 3780 3012 ἑαυτοὺς
3819 2948 3903 3001 οἱὸ·

570 3046 812 3120 putatis.

2330 3073 2489 3128 μενοι.

644 3137 806 3191 Vers.
837 3135 926 3190 15.
958 3134 1106 3191 Deus
1137 3137 1333 3191 autem
1359 3166 1427 3177 —
1471 3142 1685 3192 vestra.
1734 3135 1998 3192 Peccatis
2045 3135 2219 3208 plena

2330 3123 2339 3128 Π
2398 3141 2456 3195 Ὀ
2503 3138 2562 3194 δὲ
2611 3145 2739 3203 Θεὸς
2787 3173 2856 3182 -
2887 3141 3049 3214 ὑμῶν.
3079 3136 3414 3215 Ἀμαρτωλὰς
3459 3134 3631 3197 οὒσοις
3675 3136 3749 3185 καὶ
3779 3123 3885 3199 βδε-

571 3229 628 3282 et
651 3224 1040 3281 exsecranda.

2330 3231 2510 3307 λυράς.

2399 3320 2519 3373 Ὀτι
2565 3351 2635 3362 -
2681 3327 2772 3372 τοῦ
2803 3327 2961 3374 Θεοῦ.
3005 3322 3104 3371 Καὶ
3146 3319 3248 3391 γάρ
3281 3329 3460 3389 φησιν·
3519 3315 3584 3367 Εἰ
3629 3315 3705 3365 καὶ
3749 3299 3889 3363 μηδὲν

2329 3410 2496 3484 ἕτερον
2553 3410 2869 3483 ἠμαρτάνετε
2923 3409 3038 3479 (91)
3100 3409 3130 3466 ἠ
3174 3407 3224 3459 ἐν
3279 3405 3568 3480 ἀνθρώποις
3632 3398 3896 3472 ὑψηλοφρο-

2332 3501 2460 3557 σύνη
2504 3495 2736 3571 βδελυρά
2765 3497 2877 3550 ἔστι
2914 3505 2986 3568 τῷ
3017 3501 3146 3568 Θεῷ,
3176 3500 3262 3547 καὶ
3311 3491 3610 3568 βδελυροὺς
3645 3495 3770 3544 ποιεῖ
3803 3485 3901 3541 τοὺς

2329 3587 2628 3660 οἰηματίας.

2396 3677 2455 3730 ὀ
2501 3682 2652 3748 νόμος
2727 3707 2795 3718 -
2839 3675 3097 3730 Ἰωάννου.
3169 3674 3228 3726 Ὀ
3293 3677 3444 3744 νόμος
3493 3679 3588 3724 τοῦ
3649 3664 3904 3743 προφητῶ-

2329 3785 2418 3836 ειν,
2483 3770 2572 3818 καὶ
2641 3767 2690 3817 οἱ
2752 3773 3017 3837 προφῆται
3073 3765 3122 3816 οἱ
3181 3765 3611 3838 προφητεύοντες,
3665 3753 3902 3819 δηλονότι,

2327 3859 2446 3929 περὶ
2489 3854 2632 3927 ἐμοῦ,
2678 3858 2868 3927 μέχρις
2899 3854 3137 3907 Ἰωάννου
3185 3857 3599 3925 προεφήτευσαν.
3638 3855 3792 3902 Τοῦτο
3814 3844 3901 3912 γὰρ

2327 3946 2646 4018 προσέθηκεν
2672 3945 2696 3994 ὁ
2728 3945 3014 4004 Ματθαίος.
3048 3949 3151 3996 Τοῦ
3180 3942 3363 3995 λοιποῦ
3394 3937 3454 3994 δὲ
3483 3941 3600 3992 οὔτε
3629 3943 3772 4011 νόμος
3800 3932 3903 3984 οὖτι

2327 4042 2612 4107 προφῆται,
2636 4031 2762 4084 ἀλλὰ
2791 4037 2843 4084 τί
2863 4049 2876 4099 ;

2401 4123 2526 4176 ’Λπὸ
2583 4153 2653 4164 -
2722 4121 3123 4194 εὐαγγελίζεται.
3204 4120 3396 4173 Οὐκέτι
3467 4124 3732 4176 σκοτεινῶς
3787 4127 3898 4182 προ·

2328 4215 2623 4285 φητεύεται,
2656 4209 2785 4264 ἆλλά
2829 4220 3051 4284 φανερῶς
3093 4210 3519 4282 καταγγέλλεται.
3553 4208 3709 4266 Αὐτὸς
3749 4204 3840 4274 γὰρ
3877 4198 3898 4247 ό

640 3311 949 3372 νοτε.’15.
1011 3313 1179 3382 Quod
1206 3313 1350 3372 Deo.
1408 3314 1962 3388 Siquidem,inquit,
2017 3315 2222 3371 etiam-

570 3402 617 3459 si
668 3404 728 3458 in
785 3403 900 3460 alio
957 3403 1122 3458 nullo
1165 3403 1552 3476 deliqueritis,
1613 3421 1783 3475 quam
1815 3405 1975 3478 quod
2026 3421 2222 3461 coram

569 3492 916 3548 hominibus
949 3492 1283 3548 sublimiter
1315 3509 1525 3565 sapere
1554 3493 1856 3558 videmini,
1893 3494 1952 3549 id
1992 3495 2221 3550 abomi-

570 3583 733 3638 natio
762 3586 1063 3637 estcoram
1084 3585 1307 3646 Deo,ac
1323 3583 1702 3639 detestandos
1727 3584 1867 3639 facit
1907 3586 2218 3656 superbos.

646 3669 806 3726 Vers.
841 3675 922 3726 16.
964 3671 1088 3728 Lex
1117 3702 1184 3712 —
1208 3672 1517 3728 Joannem.
1573 3675 1684 3727 Lex
1728 3673 2125 3744 prophetandi
2166 3679 2221 3730 et

571 3759 895 3832 propheta,
921 3761 1020 3832 qui
1045 3759 1318 3815 videlicet
1339 3761 1414 3816 de
1445 3777 1540 3816 me
1567 3763 2088 3833 prophetaverunt,
2122 3781 2220 3818 us-

569 3865 687 3921 que
726 3849 798 3903 ad
815 3849 1106 3904 Joannem
1132 3849 1636 3921 prophetaverunt
1679 3852 1724 3886 ¹⁵
1761 3869 1773 3920 ;
1809 3867 1952 3906 nam
1975 3852 2088 3907 hoc
2118 3853 2220 3908 ad-

568 3937 719 3993 didit
743 3938 1082 3994 Matthaeus.
1122 3937 1376 3995 Posthac
1405 3945 1605 3995 autem
1645 3957 1839 4012 neque
1890 3940 1984 3996 lex
2025 3957 2219 4015 neque

566 4028 887 4100 prophetae,
924 4026 1027 4082 sed
1054 4027 1200 4098 quid
1240 4027 1268 4081 ?

639 4115 801 4169 Vers.
848 4120 930 4169 16.
971 4115 1062 4170 Ab
1092 4145 1159 4154 —
1184 4117 1596 4171 annuntiatur.
1622 4115 1750 4172 Non
1790 4117 2047 4174 obscure
2089 4136 2220 4192 pro-

565 4201 862 4274 phetatur,
923 4203 1028 4258 sed
1086 4202 1288 4274 palam
1346 4204 1732 4260 annuntiatur
1800 4222 1812 4261 :
1869 4205 1994 4277 ipse
2058 4209 2217 4265 enim

562 4293 823 4348 Joannes
852 4290 996 4346 illud
1025 4292 1286 4363 primum
1317 4293 1709 4364 annuntiavit,
1745 4295 1948 4350 dicens
1995 4313 2008 4350 :
2069 4299 2219 4354 Resi-

2330 4303 2567 4363 Ἰωάννης
2583 4310 2785 4377 πρῶτος
2807 4301 2964 4360 αὐτὴν
2986 4301 3378 4372 εὐηγγελίσατο,
3397 4299 3573 4370 λέγων’
3600 4297 3896 4350 Μετανοεῖτε,

564 4379 792 4452 piscite,
841 4381 1024 4436 instat
1069 4381 1223 4436 enim
1253 4397 1486 4451 regnum
1514 4383 1789 4439 caelorum
1820 4385 1887 4438 1⁸.
1925 4387 2214 4456 Regnum,

2330 4395 2510 4464 ἤγγικε
2538 4393 2640 4464 γὰρ
2677 4393 2706 4449 ἡ
2744 4388 2989 4462 βασιλεία
3027 4398 3127 4442 τῶν
3156 4390 3404 4463 οὐρανῶν.
3436 4387 3693 4442 Βασιλείαν
3721 4379 3774 4434 δὲ
3818 4382 3898 4428 τοῦ

563 4485 704 4525 vero
732 4470 829 4525 Dei
853 4485 1010 4525 nunc
1039 4469 1186 4526 dicit
1231 4470 1436 4537 fidem,
1467 4489 1604 4544 quae
1638 4471 1698 4528 in
1739 4473 1934 4545 ipsum
1977 4481 2082 4542 est,
2137 4482 2219 4532 ut-

2330 4488 2461 4533 Θεοῦ
2491 4480 2626 4550 λέγει
2655 4487 2762 4546 νῦν,
2795 4485 2888 4537 τὴν
2921 4479 2992 4540 εἰς
3022 4479 3177 4531 αὑτὸν
3203 4484 3402 4544 πίστιν,
3437 4482 3506 4540 ὡς
3533 4473 3681 4529 οὖσαν
3722 4463 3893 4542 ἀρῥαϐ·

563 4564 703 4632 pote
744 4559 1141 4615 arrhabonem
1173 4561 1337 4630 regni
1389 4561 1694 4628 caelorum,
1741 4562 1862 4618 sive
1923 4564 2217 4622 fruitionis

563 4648 891 4706 caelestium
931 4647 1249 4706 bonorum.

635 4737 797 4795 Vers.
834 4742 918 4794 16.
965 4739 1033 4794 Et
1071 4769 1142 4779 —
1186 4740 1299 4796 vim
1344 4739 1510 4811 facit.
1571 4741 1776 4797 Omnis
1834 4741 2073 4815 sapiens
2109 4743 2217 4799 ad-

2328 4579 2432 4621 ῶνα
2459 4577 2554 4630 τῆς
2581 4568 2853 4642 βασιλείας
2882 4577 2981 4620 τῶν
3013 4568 3258 4643 οὐρανῶν,
3292 4572 3410 4626 ἤτοι
3457 4577 3540 4627 τῆς
3584 4559 3890 4613 ἀπολαύσεως

2327 4667 2426 4710 τῶν
2449 4657 2697 4731 οὐρανίων
2725 4656 2952 4728 ἀγαθῶν.

2401 4751 2502 4799 Καὶ
2556 4777 2624 4785 -
2679 4745 2941 4819 βιάζεται.
2990 4752 3100 4808 Πᾶς
3155 4751 3360 4808 συνετὸς
3411 4743 3474 4804 εἰς
3524 4738 3670 4794 crint?
3722 4729 3884 4805 βιάζει

636 4917 681 4953 ¹⁴
712 4916 913 4973 Matth.
943 4933 997 4972 v1
1029 4917 1116 4974 24.

1195 4919 1240 4954 1⁵
1270 4917 1464 4974 Matth.
1498 4936 1574 4986 xi,
1614 4921 1699 4976 13.
1779 4921 1825 4955 ¹⁶
1851 4921 2052 4977 Matth.
2082 4939 2139 4989 Il,
2169 4926 2218 4977 2.

1759 5099 1983 5168 Varia:
2030 5100 2352 5170 lectiones
2401 5113 2465 5170 et
2506 5113 2684 5172 notae

2321 5291 2542 5341 meum,
2560 5291 2593 5330 a
2624 5274 2928 5348 Sabatiero
2953 5274 3446 5348 notatum,etiam
3473 5272 3552 5331 ad
3583 5269 3916 5342 interpreta-

2319 5348 2512 5402 tiones
2548 5347 2945 5403 referendum.

2393 5419 2504 5490 (9'1)
2531 5415 2904 5493 ’11μαρτάνετο.
2947 5425 3002 5475 Β.

629 5266 745 5344 (90)
777 5265 837 5323 In
874 5271 1034 5344 textu
1074 5263 1296 5344 habent
1346 5267 1606 5344 ῦμέτερον.
1675 5269 2069 5344 Nihilominus
2131 5278 2209 5330 ta-

556 5356 697 5420 nien
727 5343 970 5420 ἡμέτερον
1007 5342 1070 5420 in.
1106 5341 1507 5420 explicatione
1536 5341 1733 5420 locum
1774 5343 1982 5420 habet.
2025 5345 2212 5420 Theo-

554 5411 956 5488 phylactus‘in
980 5413 1153 5488 editis
1178 5411 1238 5466 in
1269 5416 1510 5488 textu‘et
1533 5413 1594 5488 in
1627 5415 2209 5488 scholiis‘habetﬁué-

554 5500 718 5559 τερον.
781 5483 907 5537 Vid.
978 5499 1036 5554 p.
1103 5485 1226 5538 455.
1287 5484 1345 5537 Β.
1403 5485 1463 5538 Ε.
1518 5487 1642 5540 456.
1723 5490 1788 5540 Α.
1871 5483 2208 5544 Tertulliani

625 5659 705 5732 (r)
721 5657 847 5727 Ipsi
873 5658 1114 5740 —fac_ti‘
1129 5663 1324 5713 Τούτου
1368 5659 1617 5740 refertur
1644 5663 1733 5740 ad
1772 5664 2207 5740 rdnpv.:__npégg-

1423 5665 1617 5741 [fertur
1644 5665 1733 5744 ‘ad
1772 5665 2207 5744 ro‘ngv.,__npé§s-
2317 5667 2483 5744 cujus
2514 5667 2596 5744 rei
2631 5672 2838 5725 auctor
2875 5672 2932 5727 et
2980 5667 3223 5744 adiutor
3262 5667 3616 5742 est.l_.Redde
3669 5669 3817 5742 Ejus
3845 5665 3926 5723 rei

549 5749 635 5802 νος
667 5747 804 5788 vero
833 5745 956 5788 non
986 5737 1072 5788 est
1101 5732 1319 5806 hospes
1344 5733 1525 5806 prior,
1559 5733 1663 5790 sed
1707 5734 1757 5789 is
1785 5736 1888 5809 qui
1923 5732 2075 5793 aliis'
2101 5739 2206 5794 ali-

2311 5737 2464 5812 facti
2495 5740 2816 5814 adjutores.

4065 491 4073 796 ῳ
