4144 6314
251 416 386 476 1037
1311 374 1675 464 COMMENT.
1720 407 1795 469 IN
1836 413 2093 473 LUCAM.
2135 448 2204 459 -
2245 414 2405 475 CAP.
2446 417 2592 475 XVI.
3479 419 3616 479 1038

247 543 453 612 ἑαυτὸν,
487 543 849 615 ἀνθελκόμενος
892 546 991 597 ὑπὸ
1035 551 1131 605 τῆς
1162 547 1253 595 τοῦ
1304 551 1505 611 κόσμου
1559 531 1736 604 φιλίας
1759 546 1848 593 καὶ

1988 541 2106 597 llud
2142 541 2247 597 sibi
2288 543 2396 614 ipsi
2432 542 2552 598 vim
2582 542 2777 611 infert,
2807 560 2842 601 a
2882 544 3093 600 mundi
3124 559 3332 603 amore
3376 562 3447 603 ac
3491 546 3622 603 infi-

246 641 343 694 τῆς
374 632 644 695 ἀπιστίας·
678 634 825 705 ὑμεῖς
856 631 934 700 δὲ,
987 633 1223 686 ἀσύνετοι
1275 634 1364 684 καὶ
1414 627 1644 705 ῥᾴθυμοι
1690 634 1848 696 ὄντες,

1981 631 2199 687 ielitate
2249 633 2583 687 abstractus
2618 648 2630 686 :
2660 649 2767 687 vos
2813 641 3035 699 autem,
3089 651 3223 690 cum
3270 636 3617 707 insipientes

248 722 457 783 εἰκότως
499 721 783 776 ἀπιστεῖτε.

1964 718 2095 773 sitis
2132 726 2184 774 et
2210 735 2441 788 segnes,
2479 722 2686 776 merito
2717 722 3004 777 increduli
3037 724 3421 795 permanetis.

323 811 690 884 Εὐκοπώτερον
765 843 833 851 -
882 819 1076 867 πεσεῖν.
1132 817 1304 884 Νόμον
1366 810 1605 876 ἐνταῦθα,
1676 816 1849 863 πᾶσαν

2036 810 2194 863 Vers.
2246 814 2330 863 l7.
2361 810 2616 867 Facilius
2664 812 2970 867 —cadere.
3002 812 3214 883 Legem
3251 812 3363 867 hoc
3392 814 3449 868 in
3486 814 3618 869 loco

247 903 489 971 ὠνόμασε
532 904 625 958 τὴν
669 899 899 952 Παλαιὰν
944 905 1169 975 Γραφην⁵
1210 904 1324 963 ἣτις
1375 896 1632 974 διαφόρως
1681 907 1851 973 προεῖ-

1983 896 2309 968 tppellavit,
2343 913 2523 953 omne
2552 897 2736 954 Vetus
2764 900 3227 966 Testamentum,
3263 903 3318 956 in
3351 918 3469 973 quo
3511 902 3619 958 fre-

245 1007 358 1052 πεν,
412 990 492 1040 ότι
532 985 627 1040 διὰ
673 992 766 1047 τὴν
817 987 1065 1041 ἀπιστίαν
1127 989 1295 1041 αὐτῶν
1362 992 1699 1041 ἐκπεσοῦνται
1760 996 1850 1048 τῆς

1985 990 2210 1057 [uenter
2236 985 2589 1057 praedictum
2637 993 2745 1053 est,
2777 988 2939 1059 quod
2983 987 3130 1043 illia
3174 989 3267 1044 Dei
3319 990 3621 1046 familiari-

246 1081 375 1151 πρὸς
433 1081 555 1129 Θεὸν
610 1077 933 1139 οἰκειωσεως.
999 1082 1147 1149 Λέγει
1203 1085 1348 1149 γοῦν,
1408 1080 1488 1129 ὅτι
1553 1077 1851 1151 εὐχερέστε-

1982 1080 2083 1128 .ate
2134 1075 2481 1130 exciderent.
2540 1076 2689 1131 Dicit
2737 1092 2924 1146 ergo:
2972 1076 3223 1131 Facilius
3281 1079 3499 1133 caelum
3549 1096 3618 1135 ac

245 1184 338 1238 ρον
370 1164 434 1216 ἂν
465 1167 490 1217 ό
517 1166 731 1237 οὐρανός
760 1171 850 1218 καὶ
889 1168 917 1224 ἡ
973 1176 1039 1237 γῆ
1074 1165 1540 1238 ἀφανισθησονται,
1572 1168 1602 1226 ἦ
1637 1170 1695 1219 τὸ
1743 1165 1853 1218 ἐλοίο

1988 1177 2119 1218 erra
2144 1170 2620 1237 corrumpentur,
2639 1182 2825 1237 quam
2854 1165 2944 1220 vel
2978 1166 3225 1221 minima
3251 1182 3389 1238 pars
3412 1184 3620 1224 eorum

245 1274 446 1326 χιστον
476 1263 575 1306 τῶν
606 1259 1059 1330 προηγορευμένων
1082 1263 1142 1328 τῇ
1173 1261 1347 1329 Γραφῇ
1380 1261 1493 1328 περὶ
1522 1265 1612 1316 τῆς
1644 1252 1737 1307 διὰ
1760 1260 1852 1314 τὴν

1984 1268 2101 1324 {uie
2154 1268 2259 1326 per
2287 1255 2648 1326 Scripturam
2706 1256 3103 1327 praenuntiata
3160 1262 3298 1311 sunt
3349 1256 3422 1312 de
3479 1274 3620 1313 casu

247 1342 507 1395 ἀπιστίαν
532 1343 834 1406 ἐκπτώσεως
864 1344 1030 1397 αὐτῶν
1080 1341 1425 1412 διαπεσεῖται,
1469 1348 1653 1411 εἶτουν,
1690 1343 1852 1419 ἀπρα-

1988 1341 2204 1398 llorum
2230 1342 2305 1397 ob
2330 1342 2760 1412 inﬁdelitatem,
2796 1344 3072 1400 concidat
3101 1349 3203 1400 aut
3232 1344 3462 1400 irritum
3494 1362 3624 1417 per-

245 1436 344 1488 κτὴ
356 1450 459 1483 σει.

1966 1436 2229 1487 maneat.

324 1526 433 1581 Πᾶς
468 1553 531 1562 —
564 1525 823 1594 μοιχεύει.
847 1528 953 1575 Νῦν
974 1525 1161 1595 μὲν,μή
1192 1520 1508 1597 ἐρωτηθεὶς,,
1536 1524 1642 1575 εἷπε
1668 1529 1851 1588 ταῦτα,

2038 1521 2202 1575 Vers.
2270 1521 2356 1576 18.
2414 1521 2690 1593 Quisquis
2748 1553 2815 1562 —-
2881 1522 3239 1580 adulterium
3298 1525 3621 1580 committit.

244 1614 381 1686 πρὸς
414 1630 561 1671 τινας
582 1609 965 1683 ἀποτεινόμενος
995 1619 1212 1663 τοιαῦτα
1232 1616 1346 1664 τότε
1362 1612 1853 1684 πλημμελήσαντας·

1986 1609 2136 1664 ἯιΠο
2165 1609 2410 1681 quidem
2441 1610 2974 1681 noninterrogatus
3004 1611 3127 1666 11ch
3160 1612 3328 1680 dixit,
3360 1613 3417 1667 in
3445 1629 3622 1685 quos-

248 1700 299 1752 ἐν
335 1697 397 1752 δὲ
425 1709 497 1770 τῷ
527 1708 935 1772 ⁴τεσσαρακοστῶ
974 1699 1234 1772 κεφαλαίῳ
1271 1709 1360 1753 τοῦ
1411 1704 1542 1753 κατά
1594 1703 1856 1757 Ματθαῖον

1991 1697 2110 1753 lam
2161 1698 2467 1763 invehens,
2514 1699 2618 1769 qui
2649 1699 2705 1753 in
2739 1700 3086 1770 hujusmodi
3118 1701 3295 1755 rebus
3326 1702 3627 1773 delinque-

251 1787 536 1863 ἐρωτηθεὶς
562 1789 659 1840 ὑπὸ
690 1797 790 1840 τῶν
822 1794 1137 1862 Φαρισαίων,
1173 1790 1217 1841 εἰ
1238 1789 1431 1851 ἔξεστιν
1460 1788 1709 1864 ἀνθρώπῳ
1734 1788 1855 1842 ἀπο-

1990 1790 2156 1843 )ant:
2192 1787 2655 1857 quadragesimo
2686 1804 2827 1843 vero
2862 1789 3052 1859 capite
3085 1790 3381 1859 Evangelii
3414 1806 3626 1846 secun-

250 1876 415 1929 λύσαι
448 1882 539 1936 τὴν
569 1886 792 1948 γυναῖκα
818 1878 977 1930 αὐτοῦ
1003 1882 1135 1929 κατά
1182 1885 1356 1930 πᾶσαν
1387 1879 1579 1943 αἰτίαν,
1612 1878 1857 1931 πλατεῖαν

1990 1875 2113 1929 lum
2157 1876 2516 1941 Matthteum,
2551 1877 2945 1948 interrogatus
2978 1894 3011 1933 a
3054 1878 3387 1944 Pharisaeis,
3426 1885 3626 1936 utrum

250 1971 350 2024 τὴν
384 1965 668 2039 ἀπόκρισιν
709 1967 1012 2024 ἐποιήσατο.
1048 1971 1149 2019 Καὶ
1181 1965 1438 2039 ἀνάγνωθι
1468 1972 1561 2025 τὴν
1591 1967 1711 2025 ὅλην
1742 1967 1859 2030 ἐξὴ-

1992 1966 2097 2020 icet
2120 1965 2348 2019 homini
2378 1966 2701 2020 divortium
2734 1966 2925 2021 facere
2958 1982 3092 2021 cum
3130 1983 3313 2021 uxore
3345 1985 3451 2022 sua
3483 1985 3628 2040 qua-

248 2075 321 2127 γη
331 2076 418 2107 σιν
450 2056 578 2115 αὐτῆ
592 2077 631 2118 ς.

1994 2052 2111 2107 ibet
2142 2069 2212 2107 ex
2237 2069 2444 2118 causa,
2476 2052 2749 2108 latiorem
2781 2054 2945 2108 dedit
2966 2057 3442 2126 responsionem.
3481 2059 3630 2128 Lege

1969 2156 2111 2211 ergo
2138 2141 2220 2196 ibi
2247 2145 2431 2196 totam
2463 2142 2592 2212 ejus
2626 2143 3064 2197 enarrationem
3095 2144 3160 2197 1⁷.

317 2241 357 2287 K
387 2240 485 2288 ΕΦ.
520 2233 649 2287 ΝΘ’.
687 2240 809 2307 Περὶ
863 2242 953 2287 τοῦ
983 2234 1234 2287 πλουσίου
1277 2239 1365 2287 καὶ
1400 2243 1489 2287 τοῦ
1520 2236 1789 2308 Λαζάρου.

1708 2254 1789 2289 ου.
2048 2308 2053 2309 γ
2323 2230 2471 2285 CAP.
2507 2231 2636 2284 LIX.
2678 2230 2761 2286 De
2790 2232 2971 2287 divite
3009 2238 3063 2288 et
3093 2233 3341 2288 Lazaro.

310 2322 636 2397 ἿᾹνθρωπος
683 2355 751 2363 —-
780 2323 1046 2385 πλούσιος.
1106 2323 1275 2376 nam
1308 2323 1551 2385 πολλάκις
1579 2330 1696 2397 περὶ
1723 2324 1862 2396 φιλο-

2044 2322 2204 2375 Vers.
2254 2324 2335 2375 l9.
2373 2319 2554 2375 Homo
2591 2350 2660 2361 —
2691 2321 2869 2375 dives.
2923 2324 3068 2377 Cum
3127 2322 3315 2377 multa
3362 2322 3636 2394 frequen-

237 2433 367 2466 πτω
380 2417 510 2483 χίας
542 2408 786 2476 διδάξας,
835 2422 921 2464 νῦν
966 2409 1060 2464 δ’ιά
1085 2412 1384 2485 παραϐολῆς
1412 2419 1502 2465 καὶ
1554 2413 1706 2485 φόϐον
1757 2421 1866 2475 τοῖς

1999 2424 2059 2464 er
2088 2408 2161 2462 de
2190 2408 2558 2479 paupertatis
2586 2424 2790 2463 amore
2820 2410 3107 2474 docuerit,
3141 2426 3298 2464 nunc
3331 2426 3434 2481 per
3461 2428 3635 2481 para-

247 2498 707 2575 σκλπιροκαρδίοις
747 2507 836 2553 καὶ
864 2498 1204 2574 ἀμεταδότοις
1264 2502 1536 2563 πλουσίοις
1592 2502 1861 2575 ἐπικρεμᾷ,

2000 2498 2177 2553 )olam
2208 2497 2379 2552 etiam
2427 2498 2702 2551 timorem
2756 2498 2921 2551 duris
2973 2498 3151 2553 corde
3203 2515 3272 2554 ac
3321 2502 3636 2556 tenacibus

246 2596 385 2664 περὶ
403 2598 501 2642 τῶν
528 2592 600 2641 ἔτι
626 2590 925 2662 μελλόντων,
960 2593 1027 2652 ὡς
1053 2588 1159 2648 ἤδη
1192 2595 1472 2661 γεγονότων
1504 2587 1863 2662 διηγούμενός·

1996 2585 2259 2639 livitibus
2298 2586 2523 2651 incutit,
2578 2585 2651 2639 de
2686 2586 2777 2639 his
2816 2602 2951 2656 quae
2995 2586 3194 2641 adhuc
3235 2589 3433 2643 futura
3471 2594 3632 2654 sunt,

253 2683 412 2733 οὔπω
450 2682 550 2751 γὰρ
582 2688 679 2731 τῶν
721 2678 1045 2752 βεϐιωμένων
1077 2675 1445 2743 ἀνταπόδοσις,
1468 2677 1574 2730 ἐπεὶ
1596 2683 1737 2730 οὔπω
1758 2682 1868 2752 κρί-

2002 2690 2266 2745 anquam
2318 2674 2392 2728 de
2452 2674 2758 2745 praeteritis
2811 2690 3061 2730 narrans
3101 2676 3415 2731 :nondum
3474 2677 3634 2733 enim

261 2788 367 2829 σις’
395 2773 486 2819 καὶ
527 2777 722 2841 τρανῶς
748 2776 1031 2840 παριστῶν,
1053 2768 1158 2817 οἷαι
1187 2767 1524 2836 μενκολάσεις
1558 2771 1679 2827 τοὺς
1702 2766 1870 2838 ἀσυμ-

1997 2780 2203 2826 eorum,
2239 2780 2374 2835 quae
2406 2762 2467 2818 in
2494 2764 2617 2818 vita
2647 2769 2783 2818 sunt
2808 2770 3067 2836 peracta,
3102 2764 3279 2820 datur
3306 2766 3633 2832 retributio,

260 2860 448 2917 παθεῖς
499 2856 779 2915 πλουσίους
830 2852 1159 2916 διαδέξονται
1206 2858 1335 2925 μετὰ
1380 2856 1614 2923 θάνατον,
1679 2852 1871 2908 οἷαιδῖε

1996 2870 2117 2909 tum
2152 2853 2421 2908 nondum
2466 2852 2624 2907 adsit
2647 2853 2961 2924 judicium,
2987 2858 3190 2925 aperte
3222 2856 3632 2921 manifestans,

265 2946 470 3006 ἀνέσεις
497 2947 616 3006 τοὺς
645 2948 947 3016 φερεπόνους
978 2946 1195 3002 πένητας
1225 2939 1583 3005 ὑποδέξονται.
1620 2950 1717 2997 Καὶ
1744 2944 1873 2996 α’λλα

2005 2957 2261 3013 [umnam
2295 2940 2539 2995 ultiones
2564 2941 2862 3011 excipiant
2887 2941 3117 3008 divites,
3151 2943 3255 3014 qui
3285 2943 3445 2998 nullo
3471 2959 3641 2999 com-

267 3032 331 3086 ὃε
374 3033 604 3105 ὠφέλιμα
648 3030 742 3085 διὰ
804 3040 898 3093 τῆς
972 3030 1274 3105 παραϐολῆς
1338 3034 1535 3094 ταύτης
1616 3036 1870 3106 μανθάνοι

2000 3028 2282 3085 >assionis
2312 3028 2526 3084 affectu
2552 3035 2868 3085 moventur
2899 3046 2912 3084 :
2941 3034 2999 3084 et
3024 3046 3160 3103 quae
3198 3030 3504 3101 refrigeria
3542 3050 3636 3088 su-

268 3141 387 3195 μεν.
1982 3118 2231 3189 scipiant
2255 3134 2576 3190 pauperes,
2618 3119 2717 3190 qui
2753 3118 2989 3174 labores
3041 3120 3461 3175 toleraverunt.
3512 3120 3645 3179 Alia

1905 3236 1946 3293 ρ
1982 3209 2154 3265 etiam
2187 3208 2352 3263 utilia
2382 3223 2487 3278 per
2517 3208 2673 3262 hanc
2702 3208 2985 3264 discimus
3017 3208 3388 3280 parabolam.

346 3305 447 3354 Καὶ
475 3332 543 3340 -
569 3298 794 3373 βύσσον.
830 3306 956 3359 Ταῖς
977 3301 1319 3371 τιμιωτάταις
1375 3305 1464 3353 καὶ
1493 3299 1605 3373 (92)
1648 3298 1871 3376 φαιδρο-

2054 3300 2212 3353 Vers.
2250 3298 2331 3351 19.
2365 3298 2481 3364 Qui
2508 3327 2577 3337 —
2603 3297 2785 3367 bysso.
2819 3296 3265 3353 Pretiosissimis
3315 3314 3383 3355 ac
3414 3300 3643 3371 specio—

263 3391 457 3451 τάταις
487 3392 690 3450 στολαῖς
718 3392 1027 3459 κατεκόσμει
1052 3390 1109 3439 τό
1144 3396 1314 3461 σῶμα.

1983 3386 2237 3441 sissimis
2266 3384 2527 3440 vestibus
2549 3401 2765 3456 corpus
2796 3385 3066 3440 ornabat.

349 3479 754 3553 Εὖφραινόμενος
783 3508 847 3516 —-
872 3476 1138 3550 λαμπρῶς.
1169 3476 1482 3539 Πολυτελῶς,

2052 3474 2218 3531 Vers.
2252 3474 2337 3529 19.
2385 3475 2464 3529 El
2496 3474 2859 3543 epulabatur
2886 3504 2955 3514 —
2983 3474 3301 3545 splendide.
3357 3474 3638 3533 Pretiose.

352 3570 579 3638 Πτωχὸς
631 3597 700 3606 —
728 3565 989 3639 Λάζαρος.
1044 3572 1145 3617 Τοῦ
1172 3565 1423 3618 πλουσίου
1463 3571 1551 3639 μὲν
1595 3567 1686 3618 οὐκ
1740 3564 1872 3621 εἶπεν

2055 3566 2222 3619 Vers.
2256 3566 2343 3617 20.
2376 3563 2682 3618 Mendaeus
2711 3593 2780 3604 —-
2809 3564 3093 3619 Lazarus.
3141 3562 3343 3618 Divitis
3392 3563 3641 3636 quidem

273 3660 463 3726 ὄνομα,
499 3658 564 3717 ὡς
596 3659 972 3727 μεμισημένον.
999 3659 1290 3728 Γέγραπται
1311 3658 1412 3727 γὰρ
1449 3661 1564 3727 περὶ
1593 3666 1690 3708 τῶν
1717 3676 1870 3715 πονη-

2003 3669 2205 3709 ιοωθη
2237 3668 2358 3707 non
2407 3651 2604 3716 edidit,
2668 3656 2869 3723 utpote
2912 3653 3049 3707 odio
3099 3652 3278 3723 digni.
3342 3654 3639 3725 Scriptum

273 3753 385 3818 ρῶν
409 3763 420 3773 ·
457 3744 530 3797 Οὐ
569 3749 640 3817 μὴ
670 3746 886 3815 μνησθῶ
911 3752 1010 3795 τῶν
1038 3742 1298 3814 ὀνομάτων
1334 3745 1496 3796 αὐτῶν
1529 3742 1563 3797 δ
1569 3747 1621 3795 ιὰ
1660 3746 1874 3816 χειλέων

2006 3747 2071 3798 :st
2108 3744 2266 3797 enim
2297 3761 2308 3799 :
2341 3742 2465 3798 Nec
2502 3756 2722 3796 memor
2769 3742 2877 3796 sim
2930 3741 3232 3797 nominum
3282 3757 3479 3797 eorum
3532 3758 3642 3810 per

273 3852 384 3907 μου
418 3853 431 3865 ·
454 3840 546 3885 τοῦ
563 3840 764 3885 πτωνοῦ
789 3828 847 3885 δὲ
876 3837 970 3890 τὴν
990 3831 1176 3889 κλῆσιν
1200 3834 1537 3904 προσέθηκεν,
1578 3836 1644 3895 ὡς
1672 3834 1877 3904 ἠγαπη-

2003 3832 2144 3887 αόία
2161 3846 2289 3887 mea
2306 3831 2377 3885 ἐξ
2403 3830 2660 3885 mendici
2679 3844 2814 3886 vero
2834 3845 3053 3886 nomen
3076 3829 3326 3897 addidit,
3350 3836 3639 3903 tanquam

268 3927 451 3997 μένου.

1985 3936 2189 3978 amore
2239 3919 2424 3988 digni.

351 4017 486 4065 Φασὶ
513 4009 574 4064 δέ
592 4031 716 4072 τινες
746 4012 800 4063 ἐκ
826 4005 1172 4083 παραδόσεως
1201 4008 1469 4083 Ἐϐραίων,
1504 4013 1584 4065 ὅτι
1605 4015 1739 4064 κατά
1758 4016 1876 4076 τοὺς

2055 4010 2229 4065 Aiunt
2258 4014 2459 4064 autem
2490 4006 2739 4081 quidam
2792 4024 2863 4063 ex
2893 4007 3208 4064 traditione
3264 4008 3641 4064 Hebraeorum

272 4105 496 4176 καιροὺς
535 4100 757 4160 ἐκείνους
807 4103 896 4150 καὶ
950 4099 974 4149 6
1025 4098 1272 4161 πλούσιος
1323 4100 1511 4163 ἐκεῖνος
1565 4099 1645 4168 ἧν,
1680 4108 1878 4163 Νινευὶς

2008 4100 2149 4173 [uod
2200 4100 2373 4169 juxta
2403 4114 2474 4154 ea
2504 4103 2777 4169 tempora
2809 4097 2972 4152 dives
3021 4097 3116 4152 ille
3159 4096 3351 4154 fuerat
3403 4096 3644 4154 Ninevis

273 4190 590 4261 καλούμενος
618 4192 705 4239 καὶ
732 4188 757 4238 6
780 4190 991 4258 πτωχός
1039 4187 1189 4249 οὗτος
1238 4192 1500 4263 Λάζαρος.
1530 4190 1879 4249 Τελευτησάν-

2007 4188 2343 4261 ippellatus,
2398 4191 2454 4242 et
2480 4187 2783 4241 mendicus
2824 4186 2929 4243 iste
2984 4188 3235 4241 Lazarus
3271 4203 3283 4242 :
3317 4192 3643 4259 postquam

269 4300 377 4332 των
429 4275 488 4329 δε
532 4277 717 4344 αὐτῶν,
776 4274 1074 4346 παραϐολὴν
1128 4277 1153 4327 6
1212 4282 1436 4350 Χριστός
1499 4282 1608 4343 (93)
1651 4284 1715 4332 τὰ
1765 4281 1879 4333 κατ’

2006 4284 2184 4333 ιυίθω
2239 4281 2484 4347 uterque
2525 4279 2786 4330 mortuus
2856 4280 2963 4339 est,
3033 4275 3311 4331 formavit
3377 4275 3642 4330 Christus

278 4367 473 4429 αὐτοὺς
506 4365 739 4432 ἐποίησε,
779 4369 868 4415 καὶ
923 4367 1007 4422 τὰς
1047 4365 1335 4436 μελλούσας
1391 4367 1762 4431 ἀνταποδόσεις
1793 4370 1883 4421 αὐ-

2010 4364 2344 4423 >arabolam
2375 4363 2449 4418 de
2479 4364 2649 4418 rebus
2678 4362 2755 4419 ab
2788 4362 2903 4417 illis
2920 4364 3121 4433 gestis,
3150 4370 3207 4418 et
3236 4363 3463 4418 futuras
3494 4364 3646 4433 ipso-

278 4464 406 4521 τῶν,
436 4458 499 4516 ὡς
528 4457 886 4527 γεγενημένας,
921 4455 1189 4527 ἱστόρησε,
1222 4464 1326 4518 τοῖς
1351 4461 1439 4530 μὲν
1461 4461 1594 4510 κατά
1614 4464 1696 4511 τόν
1723 4459 1883 4512 πλού-

2011 4472 2124 4512 'um
2179 4452 2616 4519 retributiones,
2683 4452 2862 4524 quasi
2912 4453 3038 4521 jam
3107 4453 3315 4517 factas,
3380 4452 3647 4508 narravit

281 4563 400 4596 σιον
439 4546 645 4609 ἐκεῖνον,
696 4542 848 4615 φόϐον
902 4539 1145 4613 ἐμποιῶν,
1206 4546 1272 4607 ὡς
1321 4546 1595 4620 εἰρήκαμεν
1626 4570 1637 4581 ·
1670 4555 1775 4609 τοῖς
1824 4546 1917 4600 δὲ.

2006 4544 2267 4600 :imorem
2295 4543 2365 4597 llS
2393 4541 2496 4613 qui
2528 4541 2694 4596 diviti
2740 4540 2822 4595 illi
2865 4541 3260 4605 adhaeserant,
3297 4540 3642 4604 immittens,

284 4590 392 4596 v—v-
440 4590 645 4609 -----—v-’
700 4590 837 4615 Ῐ-ν--
904 4590 1145 4613 Τ-ενπ--ν
1208 4590 1271 4607 "1
1321 4590 1591 4620 -',"I"",‘"-'
1679 4590 1774 4609 ‘V‘3
1826 4590 1882 4600 ν·-

277 4636 422 4686 κατά
468 4636 555 4685 τόν
585 4635 797 4704 πτωχὸν
826 4638 1026 4698 τοῦτον,
1066 4640 1395 4709 παρηγορίαν
1433 4642 1523 4690 καὶ
1574 4639 1777 4699 τούτοις
1825 4634 1883 4691 δε

2014 4590 2267 4600 η-υ-ν-
2295 4590 2364 4597 --—
2396 4590 2496 4613 -ι--
2867 4590 3260 4605 “mn—nun.

2012 4638 2056 4690 1t
2076 4632 2337 4689 diximus
2371 4646 2383 4686 ε
2414 4631 2496 4684 eis
2527 4645 2682 4693 vero.
2712 4629 2816 4700 qui
2850 4629 2928 4684 ad
2962 4644 3287 4700 pauperem
3333 4629 3492 4683 hunc
3520 4628 3648 4683 atti-

275 4725 539 4785 κάκείνοις
565 4722 825 4796 ὠφελειαν.

2013 4723 2237 4788 lebant,
2271 4718 2765 4785 consolationem,
2801 4723 2856 4772 et
2889 4718 2980 4772 his
3027 4723 3225 4772 autem
3261 4722 3316 4772 et
3359 4716 3469 4771 illis
3497 4716 3649 4772 utili-

1992 4818 2198 4869 tatem.

358 4900 453 4964 Ὀς
498 4932 568 4943 -
626 4901 747 4960 ﬁam
815 4901 995 4957 αὐτοῦ.
1056 4909 1314 4955 Τοσοῦτον
1379 4905 1480 4978 γὰρ
1555 4911 1767 4978 παρεῖτο
1827 4908 1886 4958 τό

2068 4899 2231 4956 Vers.
2291 4900 2376 4953 20.
2413 4895 2806 4964 Qui—Vers.
2861 4895 2949 4949 2t.
3001 4894 3215 4950 Ulcera
3272 4896 3419 4964 ejus.
3475 4895 3648 4951 Adeo

288 4999 468 5061 σῶμα,
496 4992 564 5051 ὡς
593 4987 731 5062 μηδὲ
762 4995 882 5053 τοὺς
902 4994 1058 5053 κύνας
1082 4990 1357 5044 ἀποσοϐεῖν
1392 4988 1671 5047 δῦνασθαι.
1703 5002 1749 5045 Ω
1768 4995 1888 5046 πολ-

2012 4989 2171 5046 iebili
2201 4992 2326 5043 erat
2351 5000 2618 5057 corpore,
2651 4990 2712 5040 ut
2734 5001 2926 5057 neque
2954 4999 3129 5039 canes
3154 4989 3359 5055 posset
3388 4984 3648 5055 abigere.

280 5080 383 5138 λῆς
435 5077 704 5151 ὠμότητος
753 5084 842 5131 καὶ
902 5078 1220 5151 ἀναλγησίας
1254 5080 1267 5136 l
1301 5083 1380 5133 ὅτι
1433 5085 1517 5133 τόν
1549 5081 1595 5133 ἐν
1619 5085 1890 5143 τοσούτοις

2014 5081 2041 5137 )
2091 5076 2503 5134 crudelitatem
2529 5090 2598 5129 ac
2627 5090 2744 5146 prB
2795 5078 3035 5145 stupore
3075 5072 3490 5141 indolentiam,
3525 5089 3650 5145 per.

279 5172 490 5233 κακοῖς,
548 5168 572 5219 ὁ
613 5167 660 5220 ἐν
710 5170 977 5229 τοσούτοις
1022 5167 1240 5240 ἀγαθοῖς
1286 5175 1559 5245 περιεώρα,
1592 5176 1680 5223 καὶ
1726 5180 1891 5225 ταῦτα

2018 5184 2184 5244 luam
2236 5167 2296 5223 in
2353 5167 2528 5221 tantis
2583 5164 2937 5222 constitutus
2985 5162 3181 5232 bonis,
3235 5164 3296 5220 in
3358 5168 3436 5220 tot
3480 5163 3654 5219 malis

281 5256 590 5334 ἐρριμμένον
619 5260 720 5333 πρὸ
748 5265 837 5310 τοῦ
868 5257 1095 5319 πυλῶνος
1138 5258 1319 5317 αὐτοῦ.
1358 5265 1457 5314 Καὶ
1488 5257 1658 5327 αὖθις,
1687 5262 1726 5313 ὢ
1770 5262 1888 5314 πολι

2022 5277 2073 5316 tc
2125 5253 2562 5314 calamitatibus
2617 5254 2877 5326 positum
2946 5252 3295 5326 despiceret,
3347 5253 3525 5327 idque
3579 5253 3658 5310 ad

363 5438 406 5474 1⁷
434 5436 608 5495 Matth
628 5453 749 5503 xxx,
776 5440 829 5495 3.
864 5438 910 5474 ¹⁸
934 5436 1086 5496 Psal.
1114 5454 1213 5505 xv,
1241 5442 1294 5496 4.

1521 5614 1747 5685 Variae
1774 5613 2102 5683 lectiones
2124 5621 2189 5680 et
2212 5620 2414 5679 notae.

371 5808 486 5886 (92)
530 5805 915 5890 Σφοδροτάταις
943 5818 1000 5872 Β.
1037 5812 1209 5875 Male.

974 5821 1000 5872 ι.
1037 5812 1209 5875 Male.
2087 5806 2202 5887 (93)
2241 5808 2318 5863 Τά
2348 5804 2516 5868 abest
2542 5804 2610 5867 Α.
