4144 6314
620 350 633 396 ι
646 337 755 397 039

1942 333 2290 394 EUTHYMII
2333 311 2672 392 ZtGABENl

3826 338 3931 397 40ίο

609 465 862 538 januam
901 478 1076 520 suam
1127 465 1470 535 jacenteum
1499 461 1513 516 l
1546 462 1613 519 Et
1634 477 1871 519 rursum
1903 478 1938 519 ο
1963 462 2266 533 egregiam

2392 463 2471 522 λῆς
2502 453 2751 532 ἀνδρείας
2800 460 2918 533 (94)
2957 466 3048 515 καὶ
3106 463 3389 536 ὑπομονῆς,
3442 462 3526 515 ὅτι
3585 462 3767 516 ἐκείνου
3808 464 3936 525 οὕτως

615 551 1020 610 fortitudinem
1057 567 1128 608 ac
1161 550 1557 618 tolerantiam,
1590 551 1777 623 quod,
1812 568 1948 609 cum
1977 551 2072 608 ille
2098 551 2180 608 ita
2208 567 2270 606 se

615 643 883 709 haberet,
915 642 1006 697 hic
1043 642 1126 698 ita
1157 640 1404 699 aﬁ'ectus
1442 656 1565 697 non
1617 641 2020 712 malediceret,
2077 656 2272 714 neque

614 736 1036 790 murmuraret.

686 822 849 878 Vers.
893 822 980 877 22.
1023 821 1251 877 Accidit
1282 852 1353 861 —
1381 819 1656 878 Abrahz.
1701 822 1771 877 Ut
1816 820 2118 894 hospitem
2172 820 2276 875 La-

616 926 823 967 zarum
853 911 1018 982 apud
1057 909 1418 983 hospitalem
1453 909 1757 967 Abraham
1797 909 2047 966 intuitus
2083 908 2271 974 dives,

616 1016 756 1057 osor
785 999 1109 1072 hospitum,
1142 998 1384 1056 haberet
1406 998 1522 1055 hoc
1547 999 1623 1055 ad
1650 998 2119 1056 confutationem
2152 1014 2276 1054 suae

614 1087 1117 1161 inhospitalitatis.
1159 1089 1424 1145 Observa
1451 1088 1653 1154 etiam,
1695 1087 1863 1159 quod
1889 1092 2275 1159 peccatorum

616 1177 834 1234 animle
856 1176 1107 1233 violente
1136 1193 1206 1232 ac
1232 1176 1376 1231 dure
1406 1181 1756 1249 repetuntur
1781 1194 1796 1230 :
1819 1177 2035 1243 Stulte,
2064 1175 2274 1247 inquit,

617 1267 729 1325 hac
759 1271 923 1323 nocte
947 1269 1218 1335 repetunt
1265 1266 1534 1322 animum
1582 1271 1748 1322 tuam
1776 1280 1814 1322 a
1865 1272 1921 1322 te
1969 1266 2013 1301 ¹⁹
2049 1282 2063 1331 ;
2086 1264 2278 1336 justo-

613 1373 750 1415 rum
781 1371 921 1411 vero
951 1354 1048 1427 pie
1083 1371 1152 1410 ac
1200 1359 1528 1411 reverenter
1559 1354 1638 1410 ab
1683 1354 1933 1426 angelis,
1988 1359 2276 1427 tanquam

618 1444 995 1510 satellitibus,
1014 1443 1420 1500 abducuntur.

688 1537 846 1590 Vers.
883 1533 970 1589 2'2.
1019 1533 1291 1589 Mortuus
1339 1540 1419 1589 est
1448 1533 1795 1601 —sepultus
1822 1541 1922 1589 est.
1985 1534 2063 1589 De
2114 1546 2279 1588 men-

613 1624 747 1681 dico
766 1638 890 1679 non
906 1621 1073 1687 dixit,
1092 1623 1254 1693 quod
1280 1624 1548 1692 sepultus
1573 1621 1666 1685 sit,
1698 1637 1770 1677 eo
1797 1620 1958 1694 quod
1992 1621 2107 1677 vile
2124 1624 2280 1677 esset

611 1710 893 1787 pauperis
934 1708 1300 1782 sepulcrum,
1333 1710 1407 1765 de
1437 1709 1619 1766 divite
1653 1726 1791 1766 vero
1824 1709 2111 1777 maxime,
2144 1725 2279 1783 pro-

610 1809 741 1876 pter
763 1798 1190 1872 pretiositatem
1232 1797 1488 1869 sepulcri
1519 1797 1742 1855 divitis.

684 1889 845 1947 Vers.
872 1889 962 1943 25.
994 1891 1190 1960 Atque
1206 1887 1270 1942 in
1291 1917 1360 1927 —
1384 1889 1512 1944 sinu
1546 1890 1693 1958 ejus.
1724 1887 2029 1945 Infernum
2044 1887 2275 1944 dicitlo-

610 1995 750 2035 cum
799 1977 1092 2049 supplicii.
1125 1978 1204 2031 Ex
1244 1975 1358 2032 hac
1398 1983 1599 2033 autem
1632 1977 1923 2049 parabole
1961 1977 2270 2043 discimus,

607 2067 770 2140 quod
801 2065 863 2121 in
888 2066 1086 2121 futuro
1112 2063 1330 2120 saeculo
1350 2081 1470 2121 non
1498 2064 1692 2121 solum
1715 2071 2052 2137 peccatores
2075 2065 2274 2122 vident

601 2156 796 2229 justos
827 2161 885 2211 et
933 2152 1078 2226 justi
1135 2159 1502 2226 peccatores,
1558 2154 1663 2210 sed
1712 2158 1771 2210 et
1799 2161 2177 2224 agnoscunt:
2217 2159 2274 2210 et

609 2251 957 2320 peccatores
1019 2242 1263 2317 quidem
1320 2242 1625 2316 justorum
1679 2244 1883 2300 vident
1937 2243 2268 2308 fruitiones,

605 2349 731 2407 quo
784 2334 980 2403 magis
1036 2332 1280 2390 doleant
1351 2332 1636 2400 videntes,
1700 2333 1920 2404 quibus
1973 2333 2086 2388 sint
2154 2333 2274 2404 pri-

606 2423 728 2480 vati
774 2421 950 2480 bonis
983 2439 996 2478 :
1023 2422 1169 2495 justi
1226 2439 1368 2479 vero
1433 2429 1815 2495 peccatorum
1874 2422 2075 2478 vident
2131 2437 2268 2494 sup-

606 2512 802 2586 plicia,
842 2528 966 2585 quo
1014 2512 1275 2585 amplius
1329 2512 1635 2583 gaudeant
1684 2512 2007 2578 intuentes,
2046 2517 2273 2584 quanta

606 2601 946 2672 eﬂ‘ugerunt
966 2607 1281 2659 tormenta.
1307 2607 1650 2672 Agnoscunt
1670 2606 1872 2657 autem
1894 2618 1955 2656 se
1988 2602 2268 2670 invicem,

613 2696 679 2748 ut
725 2692 933 2757 sciant,
987 2690 1137 2746 inter
1192 2707 1343 2762 quos
1395 2696 1535 2746 sunt
1587 2690 1672 2760 hi,
1721 2690 1797 2746 de
1850 2690 2074 2763 quibus
2132 2694 2272 2746 ante

605 2787 864 2836 mortem
908 2778 1291 2848 ignorabant.
1322 2780 1484 2835 Tunc
1529 2787 1731 2835 autem
1765 2780 1952 2835 Deum
2007 2794 2129 2835 non
2167 2778 2272 2834 ob-

608 2872 848 2924 secrant
876 2867 969 2923 isti
1010 2883 1120 2940 pro
1147 2868 1586 2938 peccatoribus,
1621 2867 1893 2934 scientes,
1924 2868 2091 2940 quod
2130 2883 2271 2923 cum

606 2955 854 3013 diabolo
885 2961 939 3013 et
966 2956 1203 3026 angelis
1233 2956 1361 3027 ejus
1384 2956 1766 3013 condemnati
1792 2960 1953 3012 sunt.
1984 2959 2049 3012 Et
2075 2972 2272 3028 quem-

611 3044 946 3102 admodum
976 3060 1087 3116 pro
1130 3044 1514 3101 daemonibus
1547 3044 1885 3118 supplicare
1913 3060 2142 3101 vanum
2181 3061 2270 3100 es.

2383 552 2613 622 ἕχοντος,
2670 549 2826 611 αὐτὸς
2885 550 3048 611 οὕτως
3081 553 3217 623 ἔχων
3268 553 3362 605 οῦκ
3410 550 3800 626 ἐϐλασφήμησεν
3850 550 3935 606 οὐδ’

2384 637 2667 711 ἕγόγγυσεν
2701 636 2714 692 l

2457 815 2683 888 Ἐγίνετο
2739 847 2809 857 —
2857 814 3117 891 ’Ᾱϐραάρμ
3195 816 3307 872 Ἰνα
3375 821 3461 872 τὸν
3536 817 3674 881 ξένον
3743 818 3940 891 Λάζαρον

2383 907 2526 978 παρά
2551 912 2624 975 τῷ
2660 904 2898 978 φιλοξείνῳ
2948 905 3186 979 Ἀϐραὰμ
3245 904 3369 961 ἰδὼν
3422 910 3447 960 ό
3498 907 3763 980 μισόξενος
3820 907 3942 961 πλού-

2388 1012 2503 1055 σιος
2530 993 2741 1066 ἔλεγχον
2769 997 2886 1067 ἔχοι
2939 1003 3093 1048 τοῦτο
3151 996 3263 1069 (95)
3317 1006 3410 1058 τῆς
3465 997 3765 1070 μισοξενίας
3799 997 3941 1048 αὐτοῦ.

2386 1087 2770 1157 Παρατὴρησον
2801 1081 2880 1150 δε,
2942 1086 3022 1137 ὅτι
3082 1094 3182 1137 τῶν
3240 1085 3559 1162 ἁμαρτωλῶν
3723 1088 3774 1138 αἱ
3803 1085 3945 1157 ψυχαὶ

2387 1170 2662 1244 ἀποτόμως
2718 1171 3082 1226 ἀπαιτοῦνται.
3139 1173 3332 1250 Ἀφρον
3360 1176 3484 1249 γὰρ,
3544 1179 3699 1247 φησὶ,
3732 1177 3876 1245 ταύτῃ
3898 1182 3941 1245 τῇ

2384 1266 2533 1314 νυκτὶ
2570 1266 2664 1319 τὴν
2689 1260 2875 1334 ψυχήν
2903 1281 2998 1315 σου
3025 1260 3338 1316 ἀπαιτοῦσιν
3365 1263 3466 1316 ἀπό
3497 1272 3613 1316 σοῦ’
3644 1271 3740 1316 τῶν
3769 1259 3945 1315 δικαίων

2388 1347 2468 1419 δὲ,
2509 1349 2735 1412 εὐλαϐῶς
2778 1349 3091 1422 ἀπάγονται,
3132 1354 3233 1405 ὑπὸ
3270 1360 3369 1405 τῶν
3399 1350 3632 1425 ἀγγέλων
3677 1348 3945 1427 δορυφορού-

2386 1457 2553 1512 μεναι.

2460 1527 2704 1581 Ἀπέθανε
2736 1559 2794 1569 -
2827 1526 3010 1602 ἐτάφη.
3046 1528 3163 1583 Ἐπὶ
3200 1535 3292 1583 τοῦ
3317 1538 3542 1603 πτωχοῦ
3571 1533 3682 1603 μὲν,
3713 1529 3801 1581 οὑκ
3824 1524 3943 1588 εἶπε),

2386 1617 2466 1669 ὅτι
2486 1617 2668 1689 ἐτάφη,
2702 1612 2797 1670 διὰ
2825 1620 2884 1670 τὸ
2924 1617 3246 1691 ἀτημελητον
3276 1627 3373 1680 τῆς
3398 1628 3499 1672 τῶν
3553 1626 3775 1691 πτωχῶν
3802 1624 3944 1687 ταφῆς·

2387 1704 2471 1758 ἐπὶ
2512 1713 2605 1757 τοῦ
2630 1704 2887 1760 πλουσίου
2936 1703 2995 1760 δὲ
3048 1712 3132 1759 καὶ
3165 1707 3327 1780 μάλα,
3368 1706 3462 1762 διὰ
3500 1712 3561 1760 τό
3607 1706 3948 1766 πολυτελὶςτὴς

2310 1812 2354 1867 Β
2387 1801 2486 1846 τῶν
2524 1793 2789 1846 πλουσίων
2818 1803 3001 1868 ταφῆς.

2893 1858 2902 1868 ⁵
4038 1858 4039 1877 1

2462 1888 2564 1937 Καὶ
2623 1883 2670 1935 ἐν
2715 1915 2777 1924 -
2846 1884 3061 1948 κόλποις
3105 1885 3288 1939 αὑτοῦ.
3347 1883 3519 1961 ’ᾼδην
3570 1886 3721 1958 λέγει,
3771 1888 3847 1937 τόν
3884 1886 3945 1932 τό·
4038 1882 4039 1895 ¹

2386 1992 2481 2025 πον
2530 1981 2627 2035 τῆς
2679 1972 2965 2036 κολάσεως.
3032 1975 3120 2027 Ἐκ
3172 1984 3266 2038 τῆς
3324 1975 3628 2049 παραϐολῆς
3691 1971 3747 2027 δὲ
3792 1974 3946 2029 ταύτης

2385 2063 2729 2135 μανθάνομεν,
2787 2067 2878 2114 καὶ
2912 2065 2994 2115 ὃτι
3023 2062 3071 2115 ἑν
3130 2072 3203 2135 τῷ
3255 2063 3491 2134 μελλοντι
3539 2065 3686 2116 αἰῶνι
3733 2062 3785 2115 οὑ
3826 2079 3944 2133 μονον

2385 2152 2549 2225 ὁρῶσι
2608 2156 2698 2204 καὶ
2725 2154 2775 2204 οὶ
2804 2151 3101 2226 ἁμαρτωλοὶ
3130 2157 3247 2214 τοὺς
3273 2151 3533 2220 δικαίους,
3581 2157 3669 2206 καὶ
3712 2154 3757 2205 οἱ
3784 2148 3943 2203 δίκαιοι

2385 2244 2503 2301 τοὺς
2562 2240 2917 2315 ἁμαρτωλοὺς,
3014 2241 3142 2295 ἀλλὰ
3205 2247 3295 2295 καὶ
3364 2244 3710 2319 γνωρίζουσι,
3773 2244 3857 2293 Καὶ
3906 2237 3941 2287 οἱ

2384 2329 2684 2403 ἁμαρτωλοὶ
2730 2333 2821 2402 μεν
2901 2332 3066 2403 όρῶσι
3117 2330 3220 2392 τὰς’
3262 2339 3361 2383 τῶν
3406 2328 3630 2384 δικαίων
3657 2329 3935 2385 ἀπολαύσεις,

2387 2418 2469 2470 ἵνα
2529 2417 2719 2490 μᾶλλον
2776 2417 3041 2487 ἀνιῶνται,
3091 2418 3386 2492 βλέποντες,
3425 2422 3547 2474 οῖων
3596 2420 3786 2493 ἀγαθῶν
3832 2414 3934 2467 ἐστε-

2381 2508 2644 2581 ρήθησαν.
2679 2508 2728 2560 οἱ
2773 2503 2974 2560 δὶκαιοι
3036 2503 3113 2577 δὲ,
3167 2509 3329 2581 ὁρῶσι
3377 2511 3469 2570 τὰς
3531 2517 3629 2561 τῶν
3672 2503 3931 2581 ἁμαρτωλῶν

2383 2594 2644 2663 κολάσεις,
2686 2595 2769 2647 ἵνα
2816 2594 3007 2667 μᾶλλον
3064 2600 3319 2669 χαίρωσι,
3382 2595 3659 2669 βλέποντες
3725 2596 3798 2648 οἷα
3842 2590 3925 2664 (96)

2386 2682 2597 2756 βάσανα
2638 2680 2905 2756 διέφυγον.
2957 2685 3282 2757 Γνωρίξουσι
3313 2682 3372 2739 δὲ
3417 2685 3679 2750 ἀλλήλους,
3719 2686 3790 2737 ἵνα
3826 2688 3926 2753 γεῶ-

2386 2791 2468 2825 σιν
2508 2771 2556 2824 ἓν
2600 2777 2766 2834 ποίοις
2804 2772 2934 2825 εἰσὶν
2971 2773 3132 2838 οὗτοι,
3192 2779 3308 2847 περὶ
3346 2775 3413 2826 ὧν
3478 2777 3688 2849 ἠγνόουν
3729 2776 3813 2846 πρὸ
3856 2787 3922 2821 του

2385 2860 2672 2914 ἀποθανεῖν’
2702 2861 2760 2914 οὐ
2799 2862 3165 2938 παρακαλοῦσι
3224 2860 3283 2916 δὲ
3325 2870 3444 2917 τότε
3504 2870 3589 2918 τόν
3645 2866 3759 2918 Θεὸν
3800 2855 3921 2911 οἱδὶ-

2382 2969 2525 3002 καιοι
2584 2951 2710 3025 ὑπὲρ
2764 2959 2863 3003 τῶν
2929 2950 3266 3025 ἁμαρτωλῶν,
3342 2959 3694 3023 γινώσκοντες,
3765 2952 3828 3002 ὅτι
3868 2951 3917 3012 τῷ

2385 3035 2420 3092 δ
2426 3037 2612 3110 ιαϐόλῳ
2677 3043 2766 3091 καὶ
2802 3046 2914 3101 τοῖς
2973 3037 3210 3112 ἀγγέλοις
3267 3040 3429 3093 αὑτοῦ
3497 3037 3915 3114 συγκατεδιχάσθη-

607 3140 696 3191 set
737 3139 792 3190 et
830 3133 1037 3191 inutile
1069 3149 1083 3187 :
1127 3134 1209 3190 ita
1247 3150 1490 3207 quoque
1520 3140 1577 3190 et
1631 3151 1739 3207 pro
1784 3134 1878 3191 his
1931 3135 2084 3190 sicut
2119 3134 2269 3190 dixit

2392 3147 2479 3180 σαν
2521 3128 2654 3199 (97).
2690 3133 2791 3181 Καὶ
2820 3129 2993 3202 ὥσπερ
3028 3132 3086 3180 τό
3117 3130 3243 3202 ὑπὲρ
3293 3138 3393 3182 τῶν
3441 3128 3698 3204 δαιμόνων
3735 3125 3905 3180 ἱκετεύειν

607 3223 928 3293 Gregorius
955 3223 1253 3295 Dialogus.
1285 3226 1414 3280 Non
1440 3223 1646 3280 dolent
1684 3230 1885 3281 autem
1914 3240 2266 3297 quanquam

603 3312 1028 3386 compatientcs
1068 3314 1186 3369 sint
1217 3328 1230 3368 :
1265 3319 1405 3369 tunc
1445 3316 1607 3370 enim
1646 3313 1796 3385 fugit
1832 3313 1912 3371 ab
1940 3313 2028 3370 eis
2071 3312 2263 3381 dolor,

604 3416 831 3461 mmror
859 3417 931 3460 ac
956 3400 1236 3474 gemitus,
1266 3407 1331 3459 ut
1358 3418 1507 3475 pure
1544 3402 1839 3462 laetentur.

674 3650 718 3723 ιι-
740 3648 876 3707 Hinc
894 3649 1132 3724 quidem
1152 3648 1295 3707 dicit
1316 3650 1639 3722 Gregorius
1657 3649 1958 3724 Dialogus.
1987 3650 2096 3707 Alii
2127 3668 2267 3709 vero

605 3741 809 3797 Patres
838 3739 1066 3807 dicunt,
1098 3756 1297 3814 neque
1336 3757 1372 3798 a
1402 3740 1815 3814 peccatoribus
1846 3741 2031 3797 videri
2049 3745 2266 3812 justos,

604 3844 803 3902 neque
823 3844 859 3884 a
874 3828 1050 3901 justis
1074 3837 1451 3901 peccatores:
1485 3829 1564 3885 illi
1598 3830 1896 3902 siquidem
1923 3831 1983 3886 in
2016 3832 2144 3888 luce
2170 3831 2271 3887 de-

604 3922 776 3990 gunt,
807 3917 866 3974 hi
893 3923 1094 3974 autem
1126 3917 1188 3973 in
1212 3917 1507 3985 tenebris;
1537 3917 1712 3989 longe
1752 3925 1955 3976 autem
1984 3920 2205 3976 distant
2235 3937 2271 3976 a

605 4022 669 4064 se
698 4007 956 4063 invicem
986 4007 1111 4073 lux,
1145 4012 1202 4061 et
1222 4006 1502 4062 tenebrae.
1536 4007 1852 4075 Praeterea,
1883 4025 2020 4064 cum
2046 4008 2129 4064 illi
2155 4008 2272 4064 sint

604 4094 1375 4167 omninolux,nequaquam
1394 4096 1643 4166 cupiunt
1656 4096 1731 4150 ad
1748 4096 2024 4152 tenebras
2039 4113 2180 4168 pros
2188 4098 2272 4170 pi-

606 4197 738 4240 cere
754 4199 769 4248 ;
784 4182 845 4238 hi
861 4198 1019 4247 vero,
1039 4199 1178 4238 cum
1191 4183 1441 4239 omnino
1458 4185 1573 4239 sint
1587 4184 1867 4251 tenebras,
1885 4201 2005 4241 non
2019 4196 2275 4258 possunt

604 4279 807 4334 lucem
828 4271 1117 4343 aspicere.
1148 4274 1296 4326 Nam
1322 4275 1381 4327 et
1415 4271 1822 4344 peccatoribus
1850 4273 2070 4330 doloris
2110 4283 2274 4333 esset

614 4358 951 4417 consolatio
980 4358 1076 4416 lux
1106 4359 1258 4433 ipsa,
1291 4365 1347 4416 et
1363 4360 1541 4432 justis
1561 4360 2038 4420 imminutionem
2059 4365 2272 4438 volup-

608 4448 747 4506 tatis
764 4448 1043 4506 afferrent
1072 4448 1351 4505 tenebrae.
1384 4451 1596 4506 Dicunt
1618 4451 1841 4524 itaque,
1863 4453 1923 4508 in
1960 4453 2074 4510 hac
2091 4471 2271 4526 para-

606 4538 751 4597 bola
778 4538 1022 4612 proponi
1055 4538 1170 4595 hoc
1196 4537 1327 4609 lege
1369 4521 1742 4613 parabolica,
1780 4545 1837 4598 et
1870 4547 1932 4598 ut
1959 4521 2271 4602 terribilior
2303 4521 2345 4575 θ

606 4644 679 4685 ac
705 4628 899 4699 magis
916 4627 1339 4700 persuadibilis
1353 4629 1521 4685 ﬁeret
1549 4646 1770 4687 sermo.
1801 4633 2041 4705 Oportet
2066 4639 2268 4690 autem

607 4721 665 4776 et
691 4717 820 4774 haec
857 4721 915 4773 et
940 4716 1040 4773 illa
1061 4717 1210 4774 scire
1229 4735 1249 4790 ;
1278 4723 1623 4776 sanctorum
1646 4720 1808 4777 enim
1842 4726 2001 4789 sunt,
2036 4727 2092 4779 et
2119 4722 2268 4779 nihil

604 4807 890 4882 pietatem
921 4805 1164 4862 laedunt.

682 4897 843 4951 Vers.
866 4894 1045 4951 24.El
1074 4895 1276 4966 ispe—
1299 4896 1611 4964 hac.Vi.le,
1634 4901 1930 4971 quantum
1956 4916 2093 4956 eum
2129 4918 2263 4974 sap-

606 5000 702 5041 ere
726 4982 860 5039 fecit
888 4983 1180 5039 cruciatus
1201 4999 1215 5038 :
1235 5000 1416 5057 quem
1452 4986 1610 5042 enim
1632 5003 1814 5060 prape
1834 4988 2135 5060 jacentem
2167 4991 2267 5047 de-

605 5079 898 5148 spexerat,
929 5070 1090 5128 hunc
1114 5073 1349 5129 eminus
1377 5081 1548 5133 acute
1580 5077 1761 5134 videt.
1797 5081 1911 5134 Nec
1936 5082 2134 5135 tamen
2162 5082 2268 5138 La-

681 5197 731 5235 ³³
760 5195 970 5254 Lucas.
1007 5211 1102 5264 xu,
1131 5196 1226 5253 20.

2381 3219 2599 3289 μάταιόν
2631 3215 2744 3270 ἐστι
2791 3222 2881 3271 καὶ
2909 3214 3287 3291 ἀπρόσδεκτον,
3337 3219 3480 3272 οὕτω
3505 3226 3592 3274 καὶ
3621 3223 3675 3273 τό
3706 3218 3798 3285 ὑπερ
3819 3211 3904 3263 τω)-

2381 3323 2502 3370 των,
2534 3306 2600 3366 ὡς
2625 3302 2734 3358 εἶπε
2774 3312 3055 3382 Γρηγόριος
3077 3309 3102 3360 ὁ
3132 3307 3380 3380 Διάλογος
3421 3328 3434 3340 ·
3494 3310 3586 3363 οὐκ
3637 3305 3819 3379 ἀλγοῦσι
3855 3294 3915 3363 δῖ,

2379 3397 2553 3446 καίτοι
2587 3397 2876 3467 συμπαθεῖς
2919 3400 3074 3458 ὄντες.
3110 3393 3344 3471 Ἀπίδρα
3388 3400 3496 3472 γὰρ
3543 3403 3648 3451 τότε
3682 3395 3757 3448 ἀπ’
3789 3389 3915 3443 αὐτῶν

2379 3478 2674 3550 όδύνη,καὶ
2702 3483 2862 3556 λύπη,
2895 3490 2987 3539 καὶ
3032 3489 3338 3559 στεναγμός,
3374 3489 3460 3540 ἶνα
3488 3490 3711 3560 καθαρῶς
3755 3479 3919 3553 εὐφραί’

2377 3590 2584 3625 νωνται.

2453 3656 2477 3731 [
2505 3660 2683 3714 Ταῦτα
2703 3660 2816 3732 (98)
2847 3665 2938 3735 μέν
2991 3682 3122 3735 φησι
3162 3668 3445 3740 Γρηγόριος
3476 3667 3503 3719 ὁ
3533 3663 3772 3734 Δία’λογοςο
3792 3656 3919 3727 ἕτεροι

2380 3743 2415 3801 δ
2419 3751 2440 3801 ε
2462 3753 2680 3823 Πατὲρες
2704 3750 2938 3823 λέγουσι,
2968 3756 3098 3824 μήτε
3124 3753 3223 3806 ὑπὸ
3255 3762 3354 3805 τῶν
3400 3753 3703 3829 ἁμαρτωλῶν
3740 3746 3919 3821 ὁρᾶσθαι

2376 3840 2493 3898 τοὺς
2520 3834 2775 3905 δικαίους,
2814 3845 2946 3912 μήτε
2987 3841 3083 3893 ὑπό
3109 3849 3206 3893 τῶν
3230 3838 3450 3894 δικαίων
3479 3847 3596 3903 τοὺς
3621 3834 3917 3913 ἁμαρτωλούςι

2380 3928 2447 3979 Οἱ
2466 3928 2557 3998 μὶν
2584 3930 2686 4000 γὰρ
2723 3927 2773 3980 ἓν
2799 3936 2870 3999 τῷ
2906 3934 3055 4001 φωτί
3091 3932 3140 3982 οἱ
3180 3926 3238 3984 δε
3265 3929 3314 3983 ἒν
3360 3940 3431 4003 τῷ
3467 3937 3631 4003 σκότῳ
3660 3947 3672 3959 ·
3700 3922 3849 3999 πόρρω
3874 3913 3919 3969 δὲ

2382 4012 2608 4074 ἀλλήλων
2638 4020 2696 4069 τὸ
2733 4025 2837 4089 φῶς
2865 4022 3042 4070 καὶτὸ
3097 4024 3298 4081 σκότος.
3345 4026 3446 4075 Καὶ
3489 4024 3536 4076 oi
3571 4023 3655 4094 μεν
3699 4016 3789 4067 ὅλοι
3839 4015 3919 4081 ἶ)ῶῖ

2382 4108 2536 4173 ὄντες,
2579 4104 2670 4157 οὐκ
2701 4104 2761 4158 ἄν
2794 4105 3069 4179 βούλοιντο
3118 4104 3324 4161 ἀπιδεῖν
3355 4110 3427 4171 εἰς
3475 4115 3533 4163 τὸ
3579 4112 3740 4164 σκότος
3767 4120 3777 4130 ·
3805 4101 3844 4152 οἱ
3873 4092 3918 4147 δέ

2382 4193 2489 4246 ὃλοι
2520 4198 2702 4255 σκότος
2731 4196 3072 4270 ὑπάρχοντες,
3104 4196 3199 4250 οῦκ
3231 4197 3291 4250 ἂν
3325 4195 3567 4253 δύναιντο
3588 4191 3768 4249 ἀπιδεῖν
3792 4188 3852 4248 εἰς
3872 4185 3916 4235 τό

2382 4291 2505 4356 φῶς.
2545 4282 2613 4336 Ἦ
2652 4287 2753 4357 γὰρ
2784 4284 2845 4336 ἂν
2869 4290 2959 4338 καὶ
2980 4287 3028 4338 οἱ
3054 4286 3352 4361 ἁμαρτωλοὶ
3381 4298 3472 4350 τῆς
3506 4285 3676 4344 ὀδύνης
3700 4272 3916 4352 παράκλη·

2383 4391 2465 4424 σιν
2495 4371 2695 4444 ἔμελλον
2725 4376 2866 4445 ἔχειν
2904 4377 2962 4427 τό
2994 4375 3115 4447 φῶς⁸
3166 4381 3254 4429 καὶ
3286 4378 3334 4428 οἱ
3374 4373 3588 4441 δίκαιοι,
3624 4380 3704 4431 τῆς
3754 4361 3913 4424 ἡδονῆς

2380 4462 2559 4534 ὕφεσιν
2612 4465 2671 4514 τὸ
2714 4467 2919 4524 σκότος·
2980 4468 3075 4522 τὴν
3113 4468 3288 4537 μέντοι
3336 4465 3623 4541 παραϐολὴν
3670 4450 3908 4509 ὑποθέσθαι

2377 4558 2548 4616 τοῦτο,
2582 4553 2717 4603 κατά
2743 4551 3099 4627 παραϐολικὴν
3144 4554 3476 4628 αὐτονομίαν,
3508 4558 3580 4607 καὶ
3603 4551 3672 4601 ἵνα
3713 4539 3902 4612 φοϐἧ⁰ω“

2377 4658 2517 4713 τερος
2546 4644 2635 4691 καὶ⁵
2659 4642 3065 4716 πιθανώτεροςῶ
3122 4640 3275 4714 λόγος
3328 4648 3543 4716 γένηται.
3584 4636 3675 4706 Χρὴ
3729 4624 3779 4677 δέ
3802 4625 3893 4725 ἐπὶ

2378 4736 2540 4781 ταῦτα
2576 4726 2789 4781 κάκεῖνα
2813 4735 3084 4802 γινώσκειν
3126 4750 3139 4763 ·
3174 4730 3336 4803 ἁγίων
3365 4734 3458 4808 γάρ
3520 4728 3623 4794 εἰσι,
3658 4721 3735 4770 καὶ
3767 4706 3894 4764 θυόεν

2377 4824 2438 4889 τῇ
2474 4816 2708 4889 εὐσεϐείᾳ
2732 4816 3088 4891 λυμαίνονται.
3112 4820 3129 4891 ]

2451 4910 2551 4959 Καὶ
2584 4905 2736 4967 αὑτός
2763 4938 2831 4948 —
2867 4911 3059 4981 ταύτῃ.
3118 4908 3273 4983 Ὀρα,
3319 4914 3483 4963 πόσον
3514 4905 3649 4961 αὑτὸν
3692 4899 3718 4957 ἡ
3769 4890 3911 4967 βάσκ’

2375 5014 2460 5056 νος
2510 4992 2872 5070 ἐσωφρόνισεν.
2929 4996 3022 5049 Ὃν
3063 5000 3165 5073 γὰρ
3211 4996 3366 5070 ἔγγὺς
3416 5004 3633 5071 κείμενον
3691 4986 3915 5078 παρεὼρῗιν

2375 5091 2560 5138 τοῦτον
2587 5083 2849 5160 πὸριόωθεν
2900 5085 3048 5150 ὀξέως
3107 5088 3222 5163 ὁρᾷ·
3276 5087 3350 5140 Οὐ
3412 5082 3709 5162 παρεκάλεσε
3750 5070 3799 5127 δί
3846 5070 3919 5120 τὸν

1854 5327 2072 5400 Variae
2118 5329 2444 5403 lectiones
2480 5345 2545 5403 et
2576 5345 2778 5406 notae.

673 5519 790 5665 ΣΝ)
819 5514 1065 5596 Ἀνδρίας
1095 5524 1157 5577 Α.

696 5592 786 5665 9-5)
841 5600 1005 5647 Τοῦτο
1025 5661 1040 5665 _
1074 5610 1157 5664 ex}

696 5592 786 5673 νδ)
841 5592 1045 5673 Τοῦτο.
1074 5592 1363 5673 expressit
1435 5593 1616 5653 etiam
1681 5592 2018 5673 Hentenius.
2087 5599 2252 5655 Τοῦτο

598 5661 876 5721 nimirum
903 5668 961 5717 τὸ
991 5661 1165 5719 ἰδεῖν(
1189 5669 1249 5721 In
1297 5673 1560 5725 mentem
1604 5674 1797 5727 tamen
1828 5670 2105 5729 veniebat
2137 5681 2255 5727 τοῦ·

596 5753 704 5811 τον,
732 5731 792 5789 id
824 5740 913 5793 est
940 5738 1029 5790 τὸν
1053 5736 1342 5818 Λάζαρον..

2430 5531 2544 5605 (96)
2573 5532 2763 5599 PONO,
2791 5529 3188 5607 oiﬂﬁacavov.
3220 5533 3306 5594 Ita
3345 5548 3505 5592 mox.
3548 5531 3687 5589 Nam
3730 5521 3791 5577 τὰ
3831 5513 3918 5591 βά·

2367 5616 2501 5657 σανα
2529 5618 2647 5659 non
2686 5604 3169 5675 memini‘legere.

2457 5675 2523 5731 97
2574 5672 3041 5736 κατεδικάσθησαν
3079 5683 3147 5734 Α.

2434 5674 2549 5822 ὶ98ζ
2580 5747 2715 5805 Haec
2747 5753 2989 5822 uterque
3027 5748 3091 5809 in
3117 5765 3147 5811 ι]

2458 5747 2547 5821 98)
2580 5747 2715 5805 Haec
2747 5753 2989 5825 uterque
3027 5748 3091 5809 in
3117 5748 3417 5825 margine.

4037 1018 4040 1120 ψ
