4144 6314
276 363 412 420 1041

1359 309 1712 399 (ἶΟΜΜΕΝΤ.
1760 349 1832 406 IN
1869 347 2134 410 LUCAM.
2175 386 2244 396 —
2275 356 2427 411 CAP.
2464 355 2604 412 xw.

3529 355 3669 417 1042

277 491 552 563 Λάζαρον,
611 485 1006 561 ὑπολαμϐάνων,
1058 487 1137 540 ὅτι
1193 467 1513 558 μνησικακεῖ
1576 466 1740 550 αὐτῷ’
1799 485 1872 534 τὸι

1996 496 2195 537 zarum
2212 480 3074 558 deprecabatur,suspicabatur
3090 484 3525 558 namque,quod
3540 501 3664 543 ma.

284 579 518 654 Αϐραὰμ
568 574 627 630 δέ
678 579 924 648 ἱκέτευσε,
967 577 1192 649 νομίζων
1224 575 1305 626 ὅτι
1356 563 1529 637 ἀγνοεῖ
1546 565 1610 618 τὰ
1646 573 1760 625 κατ’
1793 574 1884 626 αύ-

270 675 390 724 τόν,
458 668 659 742 Ὠσπερ
730 665 788 720 ὁε
834 676 905 737 τῷ
949 669 1172 742 Λαζάρῳ
1218 665 1488 736 πρότερον,
1537 655 1584 710 ἐν
1614 667 1884 726 τοσούτοις

261 758 379 808 ὄντι
427 764 608 816 κακοῖς
653 759 932 831 προσθήκη
994 763 1270 830 συμφορῶν
1316 749 1398 821 ἧν,
1430 753 1488 803 τὸ
1544 749 1750 824 βλέπειν
1797 757 1883 805 τὸν

261 845 527 898 πλούσιον
572 844 621 897 ἐν
671 849 945 907 τοσούτοις
976 844 1189 918 ἀγαθοῖς
1224 860 1236 872 ·
1270 844 1405 896 οὕτω
1434 847 1524 895 καὶ
1552 851 1624 913 τῷ
1651 843 1883 915 πλουσίῳ

258 943 353 986 νῦν
397 934 448 987 ἐν
475 937 742 996 τοσούτοις
774 940 880 987 ὄντι
912 932 1120 1000 δεινοῖς,
1151 935 1422 1009 προσθήκη
1456 941 1716 1008 τιμωριῶν
1746 932 1880 1003 ἐστι,

263 1027 326 1076 τὸ
359 1023 575 1096 βλέπειν
597 1027 682 1077 τὸν
710 1025 954 1100 Λάζαρον
980 1023 1030 1076 ἐν
1061 1026 1332 1085 τοσούτοις
1358 1022 1592 1094 ἀγαθοῖς.

345 1209 479 1255 Εἰπε
509 1234 577 1243 —
626 1199 904 1254 ὀδυνᾶσαι.
962 1202 1071 1253 Οὐκ
1121 1197 1364 1261 ὀνειδίζει
1393 1203 1558 1273 τούτῳ
1597 1205 1690 1258 τὴν
1721 1199 1882 1252 ἀπαν-

270 1293 540 1363 θρωπίαν,
585 1291 693 1343 ἀλλ’
734 1292 969 1353 ἐπιεικῶς
1015 1291 1127 1363 (99)
1188 1291 1537 1363 ἀποκρίνεται·
1586 1295 1880 1364 γέγραπται

263 1383 399 1451 γὰρ,

260 1469 460 1542 ράξης·
515 1475 604 1522 καὶ
654 1474 825 1522 τέκνον
872 1469 1118 1541 ὀνομάζει
1167 1476 1367 1533 τοῦτον,
1409 1471 1474 1529 ὡς
1516 1471 1874 1543 πατριάρχης,

259 1557 431 1609 αὐτοῦ
486 1563 576 1610 καὶ
635 1562 704 1620 ὡς
755 1558 1068 1632 πρεσϐύτης.
1131 1558 1242 1610 Ούκ
1274 1555 1380 1610 εἷπε
1426 1555 1502 1618 δὲ,
1537 1559 1616 1609 ὅτι
1645 1556 1873 1624 Ἔλαϐες,

484 1381 562 1432 ὃτι
617 1385 806 1451 Ψυχὴν
867 1384 1300 1452 τεταπεινωμένην
1359 1380 1436 1451 (1)
1492 1384 1562 1452 μὴ
1639 1399 1878 1451 προστα-

259 1644 377 1697 ἇιλ).’
411 1649 495 1699 ὅτι
529 1647 807 1708 Ἀπέλαϐες
855 1651 919 1699 τὰ
970 1646 1141 1718 ἀγαθά
1174 1667 1266 1699 σου
1303 1650 1351 1699 ὲν
1382 1655 1443 1719 τῇ
1486 1648 1591 1719 ζωῇ
1633 1667 1748 1715 σου,
1787 1652 1876 1699 καὶ

253 1736 519 1812 Λάζαρος
573 1740 764 1810 ὁμοίως
802 1741 865 1790 τὰ
913 1740 1068 1790 κακά.
1112 1740 1180 1789 Τὸ
1232 1741 1332 1809 γὰρ
1379 1735 1754 1808 ἀπολαμϐάνειν
1793 1740 1875 1788 ἐπὶ

1993 571 2186 627 lorum
2200 572 2312 644 ipsi
2329 572 2708 637 inﬂictorum,
2728 575 3014 631 adversus
3031 592 3091 630 se
3107 591 3339 631 memor
3356 581 3537 632 esset:
3555 575 3660 632 sed

1994 662 2292 718 Abraham
2339 663 2629 730 obsecrat,
2664 667 2961 737 opinatus,
3014 665 3176 738 quod
3231 665 3392 722 hunc
3435 667 3658 732 lateret,

1992 767 2122 824 quae
2135 752 2287 808 circa
2301 768 2361 807 se
2385 753 2772 822 contigerant.
2794 754 3321 820 Quemadmodum
3336 761 3534 812 autem
3551 756 3662 811 La-

1992 856 2149 909 zaro,
2178 857 2314 897 cum
2346 842 2405 897 in
2458 847 2537 898 tot
2565 843 2732 898 malis
2768 845 2997 915 positus
3026 850 3200 909 esset,
3243 845 3656 902 calamitatum

1991 934 2114 986 erat
2157 935 2548 1001 augmentum
2580 932 2794 988 intueri
2847 933 3090 989 divitem
3123 933 3181 988 in
3211 938 3296 989 tot
3327 934 3500 990 bonis
3535 951 3547 990 :
3575 934 3658 990 ita

1989 1035 2152 1075 nunc
2168 1019 2354 1086 diviti,
2382 1022 2442 1076 in
2473 1021 2648 1077 tantis
2694 1021 2932 1091 degenti
2968 1022 3221 1078 miseriis
3249 1023 3475 1078 atlditio
3515 1039 3658 1096 sup-

1990 1109 2304 1182 pliciorum
2330 1115 2437 1175 est,
2471 1110 2667 1165 videre
2700 1113 2985 1166 Lazarum
3011 1111 3070 1167 in
3107 1112 3283 1167 tantis
3314 1112 3503 1168 bonis.

2060 1199 2219 1254 Vers.
2276 1199 2362 1254 25.
2393 1199 2561 1256 Dixit
2588 1229 2657 1241 —
2687 1201 3000 1256 cruciaris.
3033 1201 3465 1256 Inhumanitem
3515 1200 3652 1257 huic

1989 1303 2110 1343 non
2138 1289 2521 1360 improperat,
2549 1289 2653 1345 sed
2675 1295 2983 1346 mansuete
3000 1290 3646 1363 respondet.Scriptum

1988 1381 2072 1432 est
2086 1379 2525 1434 enim:Animam
2540 1379 2906 1434 humiliatam
2918 1381 3474 1437 neturbaveris'°.Et
3489 1381 3650 1436 hunc

1987 1467 2259 1522 nominat
2288 1467 2497 1530 ﬁlium,
2531 1472 2731 1540 utpote
2766 1469 3128 1540 patriarcha,
3171 1486 3274 1524 seu
3305 1469 3650 1540 progenitor

1987 1555 2198 1626 ipsius,
2231 1561 2288 1610 et
2329 1561 2599 1628 tanquam
2629 1572 2828 1612 senex.
2873 1560 2996 1612 Non
3029 1557 3173 1613 dixit
3199 1563 3394 1614 autem
3433 1575 3444 1614 :
3475 1563 3650 1614 Acce-

1986 1645 2122 1715 pisti
2157 1645 2314 1699 bona
2348 1649 2464 1708 tua,
2498 1645 2598 1700 sed
2633 1644 2955 1716 Recepisti.
2989 1649 3132 1702 Nam
3169 1646 3431 1717 recipere
3466 1646 3546 1702 ob
3575 1663 3646 1702 ea

1988 1735 2238 1804 ponitur,
2271 1750 2406 1805 quae
2433 1734 2761 1791 debentur:
2787 1736 2991 1791 ethinc
3013 1737 3260 1791 omnino
3277 1736 3646 1806 signiﬁcatur

247 1831 354 1875 τῶν
393 1831 848 1900 χρεωστουμένων
907 1830 1169 1890 τάττεται,
1224 1831 1313 1878 καὶ
1369 1822 1620 1884 δηλοῦται
1676 1828 1872 1886 πάντως

1996 1821 2143 1893 quod
2187 1827 2242 1876 et
2285 1822 2445 1877 dives
2497 1839 2851 1896 quanquam
2878 1829 3150 1894 peccator
3198 1831 3340 1891 erat,
3375 1823 3642 1896 aliquam

249 1912 395 1966 ἐντεύ
423 1918 523 1984 θεν,
575 1918 654 1968 ὅτι
698 1922 787 1968 καὶ
833 1917 858 1967 6
897 1915 1166 1983 πλούσιος,
1211 1916 1254 1967 εἰ
1295 1921 1384 1966 καὶ
1433 1915 1736 1987 ἁμαρτωλὸς
1790 1911 1872 1979 ἦν,

248 2003 391 2074 ὅμως
447 2003 558 2076 εἶχέ
605 2024 720 2056 τινα
772 2003 978 2078 ἀρετὴν,
1011 2007 1136 2077 ὑπὲρ
1188 2005 1250 2066 ἧς
1293 2003 1514 2057 ἀπέλαϐε
1554 2004 1655 2064 ζῶν
1693 2007 1769 2056 ἔτι
1810 2006 1875 2055 τὰ

251 2093 577 2165 ὀφειλόμενα
624 2092 814 2165 ἀγαθά·
857 2100 946 2146 καὶ
999 2095 1025 2146 6
1067 2094 1333 2166 Λάζαρος,
1359 2093 1401 2145 εἰ
1434 2097 1523 2144 καὶ
1555 2089 1762 2154 δίκαιος
1790 2090 1870 2158 ἦν,

252 2181 398 2252 ὅμως
468 2180 580 2254 εἶχέ
649 2203 763 2235 τινα
819 2188 1026 2248 κακίαν,
1098 2180 1155 2235 δί
1201 2184 1262 2242 ἦν
1305 2187 1395 2234 καί
1444 2182 1599 2243 αὐτὸς
1654 2179 1874 2234 ἀπέλαϐε

257 2270 378 2330 ζεόν
428 2273 502 2323 ἔτι
533 2274 598 2323 τὰ
629 2271 926 2344 ὀφειλόμενα
954 2273 1109 2326 κακά.
1143 2279 1250 2324 Τῶν
1275 2271 1554 2346 ἀνθρώπων
1570 2272 1670 2344 γάρ
1699 2267 1875 2332 ούδεὶς

257 2361 492 2433 ἄμοιρος
553 2360 754 2434 ἀρετῆς,
805 2358 921 2413 οὐδ’
979 2363 1004 2412 ὁ
1068 2363 1202 2414 πάνυ
1254 2365 1496 2434 πονηρός·
1553 2364 1642 2412 καὶ
1699 2356 1873 2421 οὐδεὶς

259 2451 493 2523 ἄμοιρος
535 2455 741 2521 κακίας,
795 2448 909 2502 οὐδ’
941 2453 966 2502 6
997 2453 1129 2502 πάνυ
1170 2449 1381 2521 ἁγαθός.
1416 2453 1501 2502 Διὸ
1522 2454 1611 2500 καὶ
1641 2448 1873 2506 τελευτη-

262 2558 456 2601 σαντες
503 2538 751 2609 ἀπῆλθον,
787 2541 812 2591 ὁ
856 2538 945 2612 μέν
972 2542 1195 2612 ἄκρατον
1223 2543 1358 2610 ἔχων
1378 2544 1470 2597 τὴν
1500 2543 1705 2590 κακίαν⁸
1748 2536 1773 2588 ὁ
1815 2535 1872 2589 δὲ

259 2629 494 2700 ἄκρατον
525 2633 834 2702 κεκτημένος
863 2633 956 2686 τὴν
997 2627 1195 2703 ἀρετήν.

335 2723 441 2771 Καὶ
484 2717 566 2769 ἐπὶ
611 2750 671 2756 —
705 2715 1016 2792 διαπερῶσι.
1053 2720 1251 2788 Χάσμα
1299 2719 1434 2787 μέγα
1469 2715 1623 2787 λέγει,
1659 2717 1715 2767 τὸ
1765 2713 1872 2767 ἄνες

261 2811 584 2878 πιχεὶρητον
630 2811 950 2879 πρόσταγμα
989 2814 1079 2858 τοῦ
1123 2811 1270 2859 Θεοῦ·
1300 2809 1369 2867 ὡς
1409 2803 1560 2862 δίκην
1588 2805 1871 2877 χάσματος

261 2895 474 2946 κωλύων
502 2899 594 2952 τὴν
636 2894 896 2967 ἐπιμιξίαν
924 2897 1114 2947 τούτων
1140 2892 1405 2946 κάκείνων.

378 3068 400 3085 Ὗ
647 3075 657 3087 ο
797 3079 837 3090 π
1018 3072 1039 3090 ἢ
1065 3081 1084 3090 -

338 3072 461 3124 Εἶπε
491 3103 559 3111 -—
585 3075 766 3148 πάτερ.
796 3072 1092 3147 Παρακαλῶ
1123 3093 1202 3128 σε.

337 3245 439 3298 Ἰνα
499 3277 564 3286 -
625 3244 882 3316 βασάνου.
948 3244 1256 3315 Ἀποτυχὼν
1331 3252 1428 3306 τῆς
1490 3245 1616 3318 ὑπὲρ
1686 3244 1870 3298 ἑαυτοῦ

268 3331 522 3398 δεήσεως,
573 3337 697 3407 ὑπὲρ
745 3343 842 3385 τῶν
893 3329 1123 3405 ἀδελφῶν
1178 3329 1431 3402 δυσωπεῖ,
1472 3333 1742 3406 ἐμφαίνων,
1791 3337 1871 3387 ὅτι

269 3427 443 3496 ὥσπερ
489 3425 644 3484 αὐτὸς
673 3428 771 3499 πρό
803 3431 894 3474 τοῦ
935 3422 1227 3492 ἀποθανεῖν,
1260 3423 1393 3474 οὕτω
1422 3427 1508 3474 καὶ
1539 3423 1686 3476 αὐτοὶ
1715 3424 1870 3499 λῆρον

267 3515 522 3584 ἡγοῦνταί
551 3517 644 3576 τὰς
676 3513 722 3565 ἐν
754 3520 868 3575 ταῖς
901 3519 1131 3586 Γραφαῖς
1155 3511 1364 3573 ἀπειλὰς
1391 3522 1488 3564 τῶν
1526 3521 1614 3565 τοῦ
1658 3514 1868 3586 μέλλον-

264 3619 348 3661 τος
381 3604 560 3665 αἰῶνος
602 3603 880 3670 κολάσεων,
913 3607 1002 3654 καὶ
1030 3599 1122 3654 διὰ
1143 3609 1313 3666 τοῦτο,
1347 3606 1506 3674 μόνην
1531 3606 1622 3661 τὴν
1649 3600 1869 3675 φιληδο-

262 3693 377 3741 νίαν
405 3688 814 3762 μεταδιώκουσι.

336 3785 487 3850 Λέγει
527 3813 591 3821 -
625 3786 909 3855 προφήτας.
943 3783 1042 3840 Τάς
1073 3787 1359 3841 Μωσαῑκας
1391 3778 1606 3851 βίϐλους
1643 3783 1732 3831 καὶ
1778 3781 1868 3840 τὰς

257 3872 608 3942 προφητικάς.
643 3870 719 3921 Οὐ
757 3872 859 3942 γὰρ
888 3870 1022 3920 οὕτω
1055 3872 1118 3920 σὺ
1148 3865 1289 3940 κήδη
1335 3877 1434 3921 τῶν
1465 3865 1716 3939 ἀδελφῶν,
1749 3871 1813 3928 ὡς
1841 3869 1865 3919 6

256 3963 487 4020 ποιήσας
521 3959 704 4018 αύτούς
737 3961 882 4023 Θεὸς,
928 3957 981 4017 ὃς
1011 3962 1098 4008 καὶ
1137 3961 1356 4030 μυρίους
1386 3955 1666 4014 ἐπέστησεν
1695 3956 1866 4017 αὐτοῖς

1750 4133 1866 4207 βίον

261 4041 642 4108 διδασκάλους.

328 4137 342 4160 ³
353 4142 489 4188 Ακου
499 4137 640 4186 σάτω
649 4154 743 4186 σαν
889 4133 1056 4185 αὐτῶν
1079 4174 1092 4189 .
1227 4134 1625 4207 ’Υποτιθεμένων

264 4221 517 4296 ἐνάρετον.
1115 4217 1118 4220 ’

334 4311 394 4363 Ὁ
429 4309 488 4363 δὲ
524 4341 587 4350 --
616 4309 874 4384 Ἀϐραάμ.
909 4309 1019 4362 Ούκ
1049 4311 1328 4364 ἀκούουσιν
1359 4311 1545 4365 αὐτῶν.

340 4399 476 4452 Ἀλλ’
538 4431 600 4439 -
663 4403 1065 4471 μετανοήσουσι.
1139 4407 1261 4461 Ταῖς
1318 4399 1522 4473 βίϐλοις
1595 4404 1684 4471 μὲν
1751 4399 1867 4453 ἆπι-

274 4496 510 4553 στούσιν,
570 4491 633 4548 ὡς
676 4491 818 4562 παρὰ
876 4489 1079 4548 ζώντων
1140 4494 1469 4561 γραφείσαις,
1528 4494 1685 4560 μήπω
1750 4491 1863 4542 θεα-

275 4582 504 4649 σαμένων
557 4580 622 4629 τὰ
674 4585 764 4628 τοῦ
816 4577 1083 4649 μέλλοντος
1132 4578 1328 4638 αἰῶνος·
1373 4578 1458 4628 ἐάν
1512 4597 1592 4638 τις
1655 4573 1714 4629 δὲ
1765 4577 1864 4630 ἀπὸ

268 4675 456 4738 νεκρῶν
482 4667 706 4740 πορευθῇ
744 4670 874 4739 πρὸς
906 4667 1106 4737 αύτούς,
1143 4669 1538 4732 πιστεύσουσιν,
1590 4668 1657 4727 ὡς
1700 4663 1864 4719 ἰδόντι

268 4757 457 4809 πάντα.

339 4845 464 4896 Εἷπε
522 4875 586 4884 —
644 4845 833 4902 πεισθή
845 4863 1020 4896 σονται
1033 4889 1045 4899 ,

267 4929 445 4990 ἐπειδὴ
524 4936 782 4993 Μωῡσέως
839 4938 929 4985 καὶ
992 4940 1090 4984 τῶν
1164 4939 1440 5006 προφητῶν
1505 4932 1598 4983 οὐκ
1654 4935 1862 4999 ἤκουον,

267 5017 392 5073 οὐδὲ
465 5029 576 5083 τοῖς
645 5020 699 5072 ἐκ
758 5029 945 5095 νεκρῶν
1006 5019 1295 5072 ἀναστάσιν
1349 5019 1684 5085 ἐπείσθησαν,
1741 5020 1866 5074 ἀλλὰ

265 5114 358 5161 καὶ
404 5112 491 5161 τὸν
558 5106 777 5181 ἀδελφὸν
828 5111 1048 5183 Μάρθας
1091 5113 1181 5162 καὶ
1226 5112 1434 5182 Μαρίας
1495 5109 1756 5183 Λάζαρον,
1811 5107 1866 5160 ἐκ

1124 4847 1223 4896 Καὶ
1298 4845 1346 4894 οἱ
1418 4841 1671 4896 Ἰουδαῖοι
1739 4846 1859 4916 γὰρ,

339 5287 387 5321 ³ο
421 5285 590 5342 Eccli.
627 5302 697 5354 ιν,
752 5286 805 5342 3.

1985 1914 2188 1965 tamen
2218 1909 2483 1965 habebat
2503 1911 2796 1973 virtutem,
2825 1927 2928 1982 pro
2956 1928 3078 1984 qua
3109 1913 3270 1968 bona
3316 1913 3513 1968 debita
3543 1912 3646 1968 ad-

1983 1998 2102 2054 huc
2119 1999 2328 2054 vivens
2353 2005 2683 2071 receperat;
2710 2005 2766 2055 et
2779 2001 3050 2068 Lazarus,
3073 2017 3424 2074 quanquam
3440 2003 3644 2074 justus

1985 2093 2126 2152 erat,
2158 2087 2397 2159 aliquod
2441 2093 2629 2143 tamen
2662 2089 2868 2144 vitium
2898 2089 3183 2153 habebat,
3212 2095 3455 2162 propter
3483 2090 3643 2162 quod

1985 2177 2184 2233 adhuc
2197 2177 2615 2233 vivensdebita
2629 2177 2781 2234 mala
2792 2179 3424 2251 receperat.Siquidem
3443 2179 3642 2234 nullus

1983 2266 2297 2322 hominum
2329 2283 2541 2338 expers
2581 2271 2667 2322 est
2697 2268 2942 2334 virtutis,
2977 2274 3082 2324 aut
3117 2269 3366 2324 omnino
3399 2268 3594 2324 malus
3626 2285 3639 2325 :

1983 2356 2302 2427 nullusque
2330 2371 2542 2426 expers
2563 2362 2650 2411 est
2671 2356 2806 2421 vitii,
2832 2361 2934 2412 aut
2951 2358 3200 2412 omnino
3225 2357 3457 2423 bonus;
3485 2357 3646 2413 ideo-

1982 2461 2098 2518 que
2124 2445 2252 2515 jam
2297 2446 2616 2499 morientes
2663 2443 3083 2509 discesserunt,
3126 2446 3222 2500 ille
3251 2446 3488 2519 quidem
3523 2462 3643 2501 me-

1981 2549 2113 2588 ram
2157 2532 2389 2588 habens
2422 2532 2720 2600 malitiam,
2753 2532 2849 2588 hic
2893 2539 3092 2589 autem
3146 2549 3360 2606 puram
3415 2534 3642 2590 habens

1981 2623 2276 2677 virtutem.

2050 2711 2210 2764 Vers.
2240 2713 2327 2763 26.
2357 2708 2433 2764 Et
2457 2723 2635 2778 super
2666 2739 2727 2751 -
2759 2710 3194 2768 transcendere.
3239 2711 3474 2767 Hiatum
3509 2727 3640 2767 ma—

1981 2814 2169 2869 gnum
2182 2797 2290 2853 dici
2303 2797 2735 2862 t,ﬁrmissimum
2756 2798 2853 2854 Dei
2870 2805 3548 2873 prmceptum,tanquam
3563 2801 3641 2858 ad

1980 2886 2232 2944 modum
2255 2887 2454 2944 hiatus
2478 2888 2799 2960 prohibens
2815 2888 3037 2946 horum
3063 2889 3366 2946 etillorum
3389 2891 3640 2947 commi-

1981 2978 2258 3033 stionem.

2055 3069 2208 3123 Vers.
2249 3067 2336 3122 27.
2364 3067 2467 3124 Ait
2493 3097 2564 3109 —
2587 3073 2776 3138 pater.
2813 3067 3010 3124 Etiam
3037 3068 3133 3124 hic
3165 3069 3406 3142 ponitur
3450 3069 3638 3143 ἑρωτῶ,

1907 3175 1949 3231 c
1984 3173 2093 3231 pro
2124 3156 2402 3214 Obsecro.

2053 3249 2215 3302 Vers.
2249 3251 2336 3301 27.
2374 3245 2533 3303 Ut—
2567 3248 2724 3301 Vers.
2747 3250 2837 3302 28.
2860 3247 3193 3303 Cruciatus.
3224 3278 3289 3288 —
3317 3246 3638 3318 Repulsam

1979 3351 2198 3408 passus
2229 3335 2287 3389 in
2309 3350 2398 3401 eo,
2418 3335 2579 3407 quod
2598 3349 2704 3406 pro
2728 3351 2789 3390 se
2811 3334 3044 3399 orabat,
3064 3351 3170 3406 pro
3193 3335 3474 3390 fratribus
3504 3353 3642 3407 sup-

1980 3424 2179 3496 plicat,
2207 3423 2515 3479 insinuans
2549 3424 2706 3495 quod
2736 3423 2886 3478 sicut
2916 3424 3043 3495 ipse
3089 3429 3224 3479 ante
3256 3429 3530 3488 mortem,
3559 3425 3639 3480 ita

1978 3516 2033 3569 et
2062 3512 2139 3567 illi
2170 3528 2278 3585 pro
2307 3511 2529 3569 fabulis
2560 3512 2788 3568 ducunt
2818 3511 3034 3579 minas,
3067 3529 3200 3586 qum
3233 3512 3291 3568 in
3326 3512 3639 3584 Scripturis

1977 3601 2275 3657 habentur
2289 3600 2363 3656 de
2377 3600 2554 3656 futuri
2572 3599 2773 3656 saeculi
2787 3600 3114 3673 suppliciis,
3136 3605 3194 3655 et
3214 3607 3530 3673 propterea
3548 3617 3638 3658 so-

1975 3691 2096 3746 lam
2124 3691 2548 3760 voluptuosam
2579 3691 2764 3745 vitam
2796 3688 3214 3762 insequuntur.

2047 3779 2211 3834 Vers.
2251 3782 2342 3836 29.
2376 3778 2526 3833 Dicit
2559 3809 2631 3819 —-
2663 3779 3000 3848 prophetas.
3048 3778 3334 3835 Mosaicos
3365 3776 3543 3834 libros
3569 3793 3639 3835 ac

1976 3867 2322 3940 prophetias
2355 3883 2368 3922 :
2398 3882 2594 3939 neque
2624 3867 2786 3923 enim
2809 3868 2892 3923 ita
2921 3866 3025 3922 tibi
3054 3883 3213 3922 cura:
3241 3872 3379 3923 sunt
3404 3867 3636 3934 fratres,

1975 3963 2039 4012 ut
2073 3959 2206 4022 Deo,
2231 3956 2332 4029 qui
2358 3955 2488 4011 fecit
2508 3955 2657 4023 illos,
2683 3959 2739 4011 et
2761 3960 3069 4011 sexcentos
3087 3957 3170 4011 eis
3200 3955 3473 4012 adhibuit
3495 3971 3639 4028 prae-

1975 4050 2258 4116 ceptores.

2047 4136 2208 4189 Vers.
2237 4137 2325 4188 29.
2365 4132 2635 4189 Audiam
2659 4133 2818 4189 illos.
2848 4162 2916 4174 —
2946 4133 3091 4189 Cum
3130 4131 3316 4189 vitam
3348 4132 3638 4189 suadeant

1976 4221 2172 4277 virtuti
2196 4219 2593 4277 conformem.

2046 4310 2206 4365 Vers.
2241 4313 2328 4365 30.
2363 4309 2437 4364 At
2467 4310 2566 4365 ille
2603 4340 2670 4350 —
2695 4308 3021 4365 Abraham.
3051 4312 3177 4366 Non
3207 4308 3633 4366 audiuntillos.

2047 4400 2207 4454 Vers.
2245 4398 2334 4454 30.
2368 4398 2481 4455 Sed
2524 4429 2577 4438 —
2613 4398 2979 4467 resipiscent.
3018 4397 3203 4453 Libris
3231 4398 3477 4469 quidem
3514 4414 3635 4455 non

1977 4487 2201 4543 habent
2230 4487 2432 4552 ﬁdem,
2469 4491 2663 4559 utpote
2696 4487 2930 4559 scriptis
2963 4486 3043 4542 ab
3074 4487 3170 4543 his
3202 4488 3303 4559 qui
3331 4487 3632 4554 vivebant,

1977 4581 2031 4632 et
2056 4576 2308 4631 necdum
2323 4591 2394 4632 ea
2409 4575 2908 4647 viderant,quaein
2925 4574 3123 4630 futuro
3142 4582 3280 4629 sunt
3301 4575 3515 4631 saeculo
3544 4592 3556 4631 :
3587 4576 3634 4632 si

1947 4665 2104 4737 quis
2133 4672 2328 4719 autem
2374 4679 2444 4718 ex
2479 4663 2726 4718 mortuis
2766 4663 2893 4718 ierit
2923 4661 2999 4718 ad
3031 4661 3181 4726 illos,
3215 4663 3475 4728 credent,
3512 4668 3636 4720 tan-

1973 4769 2158 4826 quam
2189 4753 2260 4816 ei,
2294 4752 2397 4825 qui
2422 4751 2632 4806 viderit
2661 4753 2954 4806 universa.

2046 4841 2208 4895 Vers.
2259 4844 2344 4895 3t.
2379 4841 2482 4894 Ait
2519 4869 2572 4880 —
2603 4839 2863 4894 credent.
2897 4837 3205 4910 Siquidem
3236 4838 3445 4907 Judaai,
3501 4841 3638 4912 quia

1975 4932 2189 4986 Mosem
2218 4933 2273 4983 et
2297 4927 2615 4999 prophetas
2641 4942 2762 4983 non
2790 4927 3134 4997 audiebant,
3158 4943 3354 5000 neque
3377 4928 3446 4984 iis
3477 4929 3577 5001 qui
3601 4945 3638 4984 a

1975 5016 2216 5073 mortuis
2235 5021 2696 5080 resurrexerant,
2726 5015 3241 5089 credebant:quin
3255 5020 3315 5071 et
3334 5017 3634 5074 Lazarum.

1976 5103 2215 5165 Martha
2243 5109 2301 5162 et
2324 5103 2518 5162 Mariae
2537 5103 2790 5172 fratrem,
2821 5104 2975 5178 quia
3001 5105 3253 5162 mortuis
3279 5109 3635 5176 surrexerat,

1498 5409 1724 5479 Variae
1753 5409 2081 5478 lectiones
2113 5416 2408 5476 etnotae.

349 5604 884 5678 (99ξἈποκρύπτεται
915 5613 970 5661 Β.

1980 5608 2158 5662 modo
2174 5605 2402 5662 laudat.
2427 5605 2568 5661 Vide
2600 5604 2921 5662 editionem
2942 5607 3192 5660 nostram
3216 5605 3634 5678 Mosquensem

348 5675 425 5747 (1)
549 5677 584 5731 l.
617 5675 828 5746 legitur
856 5675 1081 5751 καρδίαν
1110 5681 1565 5753 παρωργισμένην.
1595 5681 1767 5753 Hunc
1789 5677 1872 5750 ip-

1996 5694 2119 5752 pag.
2157 5682 2248 5733 20.

267 5762 406 5802 sum

464 5747 662 5804 locum
715 5747 980 5806 tractans
1007 5747 1271 5808 Joannes
1295 5747 1618 5823 Xiphilinus
1661 5747 1872 5807 eodem
1944 5775 1951 5781 -
