4144 6314
581 279 718 336 1043

1956 272 2302 333 EUTHYMII
2341 270 2677 332 ZIGABENI

3861 266 3985 328 1044

578 404 720 461 etde
767 403 970 469 rebus,
991 419 1128 478 quin
1149 401 1384 463 inferno
1405 407 1594 467 erant.
1616 400 1998 477 loquebatur,
2035 399 2236 474 potius

2366 409 2539 474 νεκρῶν
2572 398 2868 452 ἀναστάντα
2895 403 2982 453 καὶ
3009 401 3126 475 περὶ
3146 407 3248 453 τῶν
3271 395 3320 454 έν
3349 406 3420 472 τῷ
3440 395 3560 474 ᾅδῃ
3584 396 3840 471 λέγοντα,
3864 396 3987 470 μᾶλα

579 494 841 550 Occidere
873 493 1168 549 volebant.

654 583 806 638 CAP.
841 585 1017 637 XVII.
1056 583 1219 639 Vers.
1256 586 1307 638 1.
1335 584 1438 639 Ait
1467 615 1531 624 —
1556 583 1815 640 veniunt.
1851 585 1969 637 Hoc
2001 585 2111 644 est,
2142 595 2237 634 ne-

581 687 745 728 cesse
777 678 882 740 est,
916 678 977 726 ut
1008 672 1271 727 veniant.
1300 673 1448 728 Dixit
1476 674 1632 727 enim
1664 670 1963 726 tricesimo
1990 668 2236 741 septimo

583 763 763 816 etiam
789 761 961 831 juxta
988 761 1323 816 Matthmum
1340 761 1534 832 capite
1561 777 1573 816 :
1603 762 1696 817 ναν
1713 759 1932 815 mundo
1960 759 2035 815 ab
2061 758 2228 828 o/fen~

583 850 1046 906 diculismecesse
1058 857 1138 906 est
1153 851 1383 914 enim,ut
1401 852 1623 906 veniant
1637 849 1994 919 o/fendicuta
2005 863 2238 911 ,verum-

586 945 785 994 tamen
835 955 916 994 vae
947 940 1172 995 homini
1203 941 1312 1004 illi,
1346 955 1458 1009 per
1494 954 1662 1010 quem
1719 940 1874 995 venit
1914 936 2238 1007 oﬂ’endicu-

589 1029 761 1083 tum“
783 1046 800 1099 ;
821 1035 876 1083 et
898 1027 960 1082 in
986 1043 1054 1084 eo
1081 1028 1208 1100 lege
1232 1026 1800 1101 interpretationem,
1827 1041 1964 1098 quas
1990 1024 2238 1097 pulchre

587 1117 786 1192 posita
813 1122 924 1176 est.

660 1297 823 1353 Vers.
847 1300 900 1351 2.
920 1296 1178 1368 Expedit
1195 1296 1429 1352 —istis.
1454 1294 1536 1350 Ibi
1556 1294 1736 1352 etiam
1757 1293 1886 1350 haec
1900 1291 2082 1366 paulo
2103 1296 2240 1349 ante

588 1387 748 1443 dicta
779 1391 916 1442 sunt
947 1391 1004 1441 et
1033 1390 1232 1458 aperte
1263 1385 1579 1441 declarata.

660 1476 827 1532 Vers.
856 1480 908 1533 3.
940 1476 1155 1532 Cavete
1171 1474 1329 1531 vobis
1360 1475 1519 1544 ipsis.
1553 1475 1785 1540 Cavete,
1818 1487 1890 1528 ne
1913 1487 2035 1544 quo
2060 1471 2244 1528 modo

589 1566 874 1638 cuiquam
905 1565 1032 1621 sitis
1054 1563 1438 1632 offendicula,
1471 1567 1573 1620 aut
1595 1578 1631 1620 a
1661 1577 1968 1635 quoquam
1995 1560 2241 1618 offendi—

589 1654 792 1712 culum
833 1654 1172 1726 patiamini.

659 1744 820 1801 Vers.
863 1745 916 1798 3.
964 1744 1128 1813 Quod
1163 1741 1218 1799 si
1253 1773 1324 1785 —
1362 1742 1559 1798 illum.
1606 1742 1886 1798 Fraterno
1938 1739 2108 1798 illum
2159 1742 2321 1826 in-B

590 1849 788 1905 crepa,
818 1836 873 1889 et
899 1849 1060 1889 more
1089 1833 1240 1904 ejus,
1267 1832 1371 1904 qui
1401 1831 1660 1901 corrigit.

663 1923 826 1978 Vers.
855 1926 908 1979 3.
931 1923 1006 1978 Et
1065 1921 1140 1977 sit
1170 1953 1238 1962 —
1266 1922 1382 1978 illi.
1416 1920 1770 1979 Pmnitentia
1797 1923 1958 1980 enim
2009 1936 2244 1995 prome-

594 2017 776 2076 retur,
808 2015 867 2067 ut
890 2010 1124 2066 veniam
1150 2009 1446 2082 impetret.

669 2100 832 2155 Vers.
862 2103 914 2154 4.
966 2100 1041 2154 Et
1069 2099 1122 2154 si
1144 2129 1198 2140 -
1236 2100 1496 2155 remittes
1526 2099 1631 2154 illi.
1665 2100 1907 2172 Oportet
1935 2101 2095 2157 enim
2113 2115 2245 2165 nos,

600 2190 699 2260 qui
727 2188 942 2245 inﬁrmi
975 2205 1187 2244 sumus
1227 2192 1284 2244 et
1309 2187 1726 2244 affectionibus
1761 2190 2081 2256 vincimur,
2113 2205 2250 2245 con-

601 2279 797 2334 dolere
847 2279 942 2335 his
985 2277 1083 2350 qui
1128 2277 1394 2333 similiter
1453 2277 1645 2334 affecti
1696 2283 1854 2336 sunt.
1901 2281 2005 2334 Hic
2047 2284 2250 2336 autem

597 2368 839 2438 Septies,
868 2367 1027 2422 idem
1056 2366 1350 2436 signiﬁcat
1371 2367 1527 2438 quod
1565 2368 1924 2439 Frequenter
1948 2369 2089 2435 ;hoc
2121 2372 2209 2424 est
2235 2383 2246 2421 :

600 2457 840 2523 Quoties
857 2457 916 2512 in
933 2456 1028 2512 die
1051 2461 1513 2528 postpeccatum
1537 2457 1868 2528 paenituerit
1891 2473 2049 2519 eum,
2080 2455 2250 2512 toties

601 2546 828 2601 remitte
855 2546 934 2601 illi
969 2550 1060 2609 ;et
1091 2546 1172 2601 ita
1215 2545 1376 2600 idem
1417 2543 1658 2612 indicat,
1708 2546 1874 2618 quod
1918 2545 2252 2616 Septuagies

603 2637 837 2704 septies.
866 2634 1041 2690 Aliter
1062 2634 1240 2690 etiam
1265 2653 1276 2693 :
1298 2634 1511 2705 Septies
1529 2633 1768 2705 quidem
1787 2636 1862 2690 de
1884 2651 2252 2707 unoquoque

604 2724 700 2778 die
730 2723 954 2779 dictum
986 2727 1094 2789 est,
1116 2722 1448 2794 Septuagies
1473 2723 1680 2792 septies
1708 2729 1930 2790 autem,
1963 2723 2039 2779 de
2064 2725 2253 2780 omni-

2349 487 2434 540 λον
2455 487 2640 542 ἀνελεῖν
2671 488 2813 542 ἐϐου)
2824 509 2957 544 οντο.

2425 575 2547 631 Εἷπε
2603 609 2674 620 -
2751 581 2984 650 ἔρχεται.
3062 575 3410 634 Ἀνένδεκτόν
3449 578 3637 647 ἐστιν,
3717 579 3859 629 ὥστε
3919 583 3979 648 μὴ

2353 665 2533 734 ἐλθεῖν,
2601 672 2781 746 ἤγουν,
2846 671 3126 740 ἀναγκαῖόν
3199 666 3337 720 ἐστιν
3399 667 3597 721 ἐλθεῖν.
3675 665 3818 739 Ἔφη
3887 669 3977 737 γὰρ

2354 762 2443 808 καὶ
2504 756 2552 809 ἐν
2594 767 2666 828 τῷ
2719 766 3014 832 τριακοστῷ
3073 753 3277 829 ἑϐδόμῳ
3333 757 3610 830 κεφαλαίῳ
3688 765 3787 809 τοῦ
3859 761 3978 808 κατά

2354 847 2641 898 Ματθαῐον·
2707 848 2788 899 ὅτι
2860 847 2994 899 Οὐαί
3036 853 3108 915 τῷ
3159 851 3338 919 κόσμῳ
3393 845 3494 899 ἀπὸ
3534 855 3672 920 ,τῶν
3752 843 3976 898 σκανδάο

2562 935 2786 1007 Ἀνάγκη
2871 937 2968 1007 γάρ
3046 932 3185 987 ἐστιν
3270 934 3429 988 ἐλθεῖν
3520 938 3595 987 τὰ
3685 931 3972 988 σκάνδαλα·

2354 1022 2487 1081 πλὴν
2543 1023 2661 1076 οὐαὶ
2704 1031 2775 1094 τῷ
2822 1022 3074 1097 ἀνθρώπῳ
3118 1023 3309 1095 ἐκείνῳ,
3344 1021 3417 1076 δι’
3456 1024 3523 1076 οὗ
3575 1027 3641 1076 τό
3689 1021 3976 1076 σκάνδαλον

2353 933 2449 984 λων
2463 979 2475 990 ,

2357 1115 2590 1185 ἔρχεται.
2641 1118 2737 1167 Καὶ
2789 1114 3048 1185 ἀνάγνωθι
3090 1110 3138 1165 έν
3183 1111 3355 1185 ἐκείνῳ
3409 1117 3506 1173 τὴν
3570 1111 3886 1188 έρμηνείαν,
3931 1111 3975 1165 εὖ

2358 1204 2608 1272 ἔχουσαν.

2428 1291 2702 1345 Λυσιτελεί
2730 1323 2798 1331 -
2824 1294 3035 1346 τούτων.
3070 1291 3204 1346 Ἐκεί
3228 1296 3318 1344 καὶ
3346 1298 3518 1344 ταῦτα
3550 1295 3773 1364 εἴρηται
3803 1295 3973 1366 μικρὸν

2361 1377 2611 1455 ἀνωτέρω,
2641 1385 2730 1432 καὶ
2754 1389 2930 1452 σαφῶς
2957 1377 2992 1432 δ
2999 1387 3358 1455 ιηρμήνευται.

2431 1475 2725 1544 Προσέχετε
2747 1469 2969 1530 ἑαυτοῖς.
3003 1474 3315 1544 Προσέχετε,
3338 1475 3546 1543 μήποτε
3578 1466 3970 1528 σκανδαλίσητί

2359 1578 2518 1630 τινας,
2543 1561 2571 1620 ἢ
2599 1555 3022 1620 σκανδαλισθῆτε
3051 1561 3151 1614 ὑπό
3177 1579 3348 1614 τινων.

2431 1738 2546 1792 Ἐὰν
2590 1735 2649 1792 δε
2706 1769 2772 1779 -
2821 1738 2983 1811 αὐτῷ.
3045 1737 3356 1802 Ἐπίπληξον
3423 1734 3738 1812 ἀδελφικῶς
3787 1757 3841 1791 τε
3889 1757 3967 1790 και

2358 1825 2392 1882 δ
2397 1831 2729 1902 ιορθωτικώς.

2430 1923 2530 1972 Καὶ
2590 1917 2674 1971 έάν
2740 1949 2804 1959 -
2856 1917 3016 1990 αὐτῷ.
3068 1916 3127 1971 Ἠ
3179 1920 3427 1991 μετάνοια
3488 1919 3602 1991 γὰρ
3668 1917 3794 1982 ἀξία
3849 1937 3962 1987 συγ-

2355 2012 2593 2080 γνώμης.

2432 2102 2532 2150 Καὶ
2605 2095 2688 2149 ἐὰν
2746 2128 2808 2137 -
2862 2095 3084 2169 ἀφήσεις
3147 2097 3308 2167 αὐτῷ.
3382 2104 3466 2150 Δεῖ
3537 2099 3650 2170 γὰρ
3713 2098 3865 2169 ἡμᾶς,
3918 2098 3957 2146 ἑν

2360 2184 2648 2246 ἀσθενείαις
2709 2189 2856 2247 ὄντας
2927 2191 3018 2238 καὶ
3080 2187 3406 2258 ἡττωμένους
3475 2189 3688 2255 παθῶν,
3759 2185 3955 2255 έπικοὶμ·

2359 2277 2584 2328 πτεσθαι
2638 2282 2748 2336 τοῖς
2819 2276 3010 2347 ὁμοίως
3088 2277 3386 2346 πάσχουσι.
3455 2280 3530 2327 Τό
3595 2272 3660 2328 δε
3733 2274 3953 2332 Ἐπτοίκις

2361 2363 2598 2422 ἐνταῦθα.
2665 2366 2722 2415 τό
2791 2362 3043 2425 Πολλάκις
3123 2361 3293 2428 δηλοῖ,
3385 2370 3688 2430 τουτέστιν,

2361 2459 2451 2513 τῆς
2540 2454 2736 2524 ἡμέρας
2823 2452 3130 2527 ἁμαρτήσας
3223 2455 3551 2527 μετανοήσῃ,

2361 2542 2483 2612 ἄφες
2541 2540 2698 2611 αὐτῷ.
2751 2546 2851 2594 Καὶ
2899 2541 3035 2593 οὕτω
3093 2539 3310 2614 συνᾴδει
3364 2545 3420 2593 τό
3488 2539 3944 2613 Ἐϐδοριηκοντάκις

2363 2629 2510 2683 ἑπτά.

3760 2363 3950 2420 Ὀσακις

3664 2453 3948 2508 τοσαυτάκις

2595 2628 2789 2690 Ἄλλως
2856 2649 2927 2689 τε.
3003 2633 3060 2682 τό
3131 2633 3221 2702 μεν
3289 2630 3530 2695 ἑπτάκις,
3596 2630 3674 2703 ἐφ’
3723 2629 3941 2684 Ἐκάστης

2363 2721 2560 2791 ἡμέρας
2615 2722 2843 2795 εἴρηται’
2895 2723 2954 2772 τὸ
3004 2716 3063 2772 δι
3119 2715 3604 2792 Ἐϐδομηκοντοίκις
3653 2719 3794 2786 έπτὰ,
3835 2718 3938 2787 πρὸς

600 2812 718 2868 bus
757 2812 957 2868 simul.

2366 2810 2557 2868 πάσας.

678 2903 837 2956 Vers.
868 2906 919 2956 5.
948 2901 1023 2955 El
1054 2931 1122 2940 —
1145 2900 1338 2969 ﬁdem.
1366 2906 1611 2970 Appone
1642 2900 1713 2971 ei,
1743 2917 1930 2972 quam
1957 2901 2254 2958 habemus

601 2989 974 3046 deﬁcientem
1003 3007 1016 3042 :
1050 2987 1175 3044 sive
1206 2987 1424 3060 perﬁce
1455 2989 1516 3043 in
1547 2988 1722 3044 nobis
1749 2989 1927 3045 ﬁdem
1953 3006 2089 3061 quae
2116 2990 2253 3047 etin

601 3084 654 3133 te
669 3078 958 3134 est.Fides
976 3077 1272 3150 siquidem
1294 3077 1507 3148 partim
1526 3093 1562 3133 a
1580 3078 1753 3133 nobis
1767 3079 2069 3136 inducitur
2087 3080 2100 3152 j
2116 3086 2254 3136 uxta

599 3167 682 3233 id,
706 3167 866 3240 quod
890 3167 1133 3225 dicitur:
1159 3167 1332 3224 Fides
1359 3170 1462 3221 tua
1477 3172 1528 3223 te
1551 3167 1776 3223 salvam
1794 3169 2012 3237 fecit”;
2039 3168 2253 3240 partim

599 3273 740 3312 vero
767 3273 802 3313 a
831 3259 947 3312 Deo
972 3257 1166 3312 datur.
1195 3257 1288 3311 Ait
1321 3256 1481 3311 enim
1513 3257 1820 3328 apostolus
1843 3258 2061 3318 Paulus
2088 3275 2101 3314 :
2131 3260 2257 3315 Atii

600 3346 826 3419 quidem
836 3346 1229 3417 perSpiritum
1239 3345 1413 3401 datur
1425 3360 1609 3402 sermo
1620 3347 2058 3412 sapientia};atii
2069 3363 2257 3403 sermo

597 3435 861 3491 scientiae
877 3434 1194 3490 secundum
1220 3434 1476 3490 eumdem
1493 3434 1779 3503 Spiritum
1792 3447 1815 3506 ,°
1835 3434 1945 3491 atii
1965 3451 2096 3492 vero
2110 3437 2256 3505 ﬁdes

600 3539 704 3594 per
740 3524 995 3580 eumdem
1024 3523 1314 3592 Spiritum
1340 3525 1407 3578 ³³.
1435 3525 1553 3578 Hoc
1601 3539 1744 3592 ergo
1771 3524 2022 3580 scientes
2048 3529 2260 3596 petunt

605 3629 738 3668 eam
763 3611 963 3676 ﬁdem,
997 3627 1132 3683 quae
1172 3627 1208 3667 a
1232 3613 1346 3667 Deo
1377 3610 1574 3676 datur,
1602 3627 1790 3684 quam
1817 3613 1995 3668 etiam
2019 3629 2262 3684 accepe-

605 3705 741 3756 runt
769 3705 902 3772 post
925 3702 1442 3772 superventionem
1476 3701 1723 3771 Spiritus
1751 3701 1937 3756 sancti
1967 3703 2028 3756 in
2061 3701 2261 3774 specie

606 3789 920 3860 ignitarum
934 3789 1289 3859 linguarum.
1313 3789 1452 3844 Ideo
1469 3790 1812 3862 priusquam
1832 3790 1988 3846 hanc
2003 3791 2262 3863 accepis-

611 3883 760 3945 sent,
806 3878 1277 3950 exprobrabatur
1308 3878 1422 3933 illis
1445 3877 1610 3949 quod
1640 3879 1840 3949 pusilli
1871 3885 2067 3935 essent
2100 3880 2215 3935 ﬁde
2247 3895 2260 3934 :

612 3967 935 4038 imperfecti
960 3967 1118 4022 enim
1150 3966 1228 4022 ad
1255 3966 1436 4021 ﬁdem
1465 3971 1633 4020 erant
1660 3982 1672 4021 :
1698 3967 1904 4024 addita
1922 3983 2060 4024 vero
2087 3983 2123 4024 a
2146 3968 2266 4024 Deo

615 4055 783 4122 ﬁdes,
811 4054 1088 4127 perfectio
1115 4059 1305 4110 eratet
1330 4052 1701 4110 confirmatio
1719 4054 1854 4110 ﬁdei
1877 4056 2042 4128 prius
2067 4055 2262 4112 illatae.

2438 2901 2539 2949 Καὶ
2591 2927 2655 2936 -
2707 2901 2911 2954 πίστιν.
2962 2898 3214 2969 Πρόσθες,
3272 2897 3303 2955 ἧ
3352 2899 3574 2970 ἔχομεν,
3624 2901 3716 2954 τὴν
3758 2893 3931 2946 λείπον-

2367 3004 2484 3051 σαν,
2543 2989 2703 3058 ἤγουν
2746 2989 3012 3038 τελείωσον
3079 2988 3224 3058 ἡμῶν
3295 2990 3388 3044 τὴν
3441 2991 3633 3040 πίστιν
3699 2989 3781 3042 τὸν
3831 2983 3928 3052 πρὸς

2368 3079 2443 3128 σέ.
2500 3082 2606 3137 Τῆς
2656 3079 2880 3137 πίστεως
2922 3077 3023 3148 γὰρ
3063 3080 3121 3128 τό
3169 3078 3259 3147 μὲν
3302 3077 3422 3147 παρ’
3481 3081 3640 3150 ἡμῶν
3690 3074 3914 3141 εἰσάγεται.

2366 3165 2494 3216 καθὸ
2562 3163 2786 3236 λέγεται,
2845 3169 2921 3216 τό·
2977 3164 3034 3217 Ἠ
3101 3169 3279 3227 πίστις
3339 3184 3432 3217 σου
3494 3168 3699 3219 σέσωκέ
3747 3174 3808 3212 σε·
3867 3157 3913 3204 τὸ

2370 3249 2449 3321 δε,
2504 3256 2646 3325 παρὰ
2687 3262 2780 3305 τοῦ
2836 3258 2962 3306 Θεοῦ
3020 3249 3557 3330 δίδοται.ψησὶγὰρ
3617 3256 3642 3305 ό
3690 3243 3924 3303 ἀπόστολος

2369 3341 2596 3403 Παῦλος’
2678 3341 2749 3394 Ὠ
2834 3345 2923 3414 μὲν
3023 3339 3116 3394 διὰ
3207 3351 3298 3396 τοῦ
3389 3346 3691 3416 Πνεῦματος
3757 3331 3926 3390 δίδοται

2367 3431 2519 3502 λόγος
2596 3436 2783 3504 σοφίας
2815 3449 2827 3462 ⁸
2906 3430 3042 3502 οῖλλῳ
3117 3427 3177 3484 δε
3249 3431 3400 3502 λόγος
3474 3439 3754 3503 γνώσεως,
3821 3422 3928 3474 κατὰ

2370 3525 2428 3573 τό
2511 3520 2638 3572 αὗτό
2697 3527 2921 3592 Πνεῦμα·
2992 3519 3146 3592 ἑτέρῳ
3226 3517 3286 3573 δι
3334 3526 3545 3588 πίστις,
3585 3519 3632 3572 ἐν
3684 3525 3748 3587 τῷ
3814 3510 3924 3578 αὖτῲ

2286 3120 2327 3177 C

2373 3612 2651 3681 Πνεῦματι.
2719 3616 2884 3662 Τοῦτο
2949 3605 3036 3661 οὖν
3090 3605 3300 3679 εἰδότες,
3353 3609 3570 3663 αἰτοῦσι
3629 3612 3715 3665 τὴν
3769 3602 3817 3656 ἐκ
3854 3603 3926 3651 τοὺ

2373 3706 2509 3752 Θεοῦ
2581 3694 2864 3771 διδομένην
2925 3703 3123 3763 πίστιν,
3172 3699 3234 3756 ἢν
3298 3703 3387 3750 καὶ
3450 3698 3631 3751 ἔλαϐον
3681 3694 3797 3767 μετὰ
3851 3691 3924 3743 τὴν

2374 3786 2421 3840 ἐν
2470 3783 2598 3840 εῖδει
2649 3791 2874 3861 πυρίνων
2936 3786 3190 3858 γλωσσῶν
3260 3785 3592 3859 έπιφοίτησιν
3660 3790 3742 3836 τοῦ
3807 3778 3928 3847 ἁγίου

2377 3878 2688 3948 Πνεύριατος.
2767 3879 2854 3928 Διό
2919 3878 3018 3948 πρὸ
3094 3883 3185 3928 τοῦ
3266 3878 3462 3934 ταύτην
3533 3873 3714 3936 λαϐεῖν,
3787 3867 3918 3933 ὀλιγο-

2376 3971 2590 4020 πιστίαν
2661 3962 3012 4030 ὠνειδίζοντο,
3069 3967 3160 4015 καὶ
3232 3962 3419 4024 ἀτελεῖς
3489 3961 3620 4023 ἦσαν
3688 3961 3797 4034 πρὸς
3851 3955 3928 4007 τὴν

2381 4060 2578 4109 πίστιν.
2635 4053 2792 4108 Ἐστι
2846 4050 2963 4112 δὲή
3021 4055 3162 4126 παρά
3226 4061 3318 4106 τοῦ
3393 4061 3529 4107 Θεοῦ
3601 4044 3924 4124 προστιθεμένη

2379 4149 2578 4206 πίστις,
2629 4144 2885 4203 τελείωσις
2936 4151 3031 4204 τῆς
3083 4143 3572 4214 προεισενεχθείσης
3626 4143 3817 4192 πίστεως
3855 4128 3926 4179 καί

2382 4231 2638 4306 βεϐαίωσι
2649 4253 2687 4294 ς.

684 4318 842 4373 Vers.
876 4318 929 4373 6.
963 4319 1062 4373 Ait
1109 4347 1176 4357 —
1220 4317 1402 4374 vobis.
1455 4317 1516 4374 Si
1562 4317 1860 4375 haberetis
1890 4318 2071 4375 ﬁdem
2116 4320 2257 4380 adec

2455 4319 2578 4375 Εἷπε
2638 4352 2706 4362 -
2775 4322 2916 4393 ὑμῖν.
2978 4319 3037 4374 Ei
3075 4322 3222 4390 ἔχετε
3277 4319 3360 4386 (2)
3411 4324 3604 4382 πίστιν,
3661 4313 3774 4366 οὕτω
3823 4302 3919 4378 δρι-

613 4413 874 4472 acutam,
928 4406 1345 4462 vehementem
1373 4423 1442 4463 ac
1470 4407 1817 4475 ferventem,
1853 4410 2006 4464 sicut
2027 4414 2113 4466 est
2139 4427 2257 4483 gra-

2382 4419 2552 4484 μεῖαν,
2599 4415 2689 4463 καὶ
2741 4406 2996 4482 σφοδρὰν,
3065 4415 3154 4461 και
3209 4410 3423 4480 θερμὴν,
3468 4411 3536 4470 ὡς
3598 4409 3758 4458 κόκκον
3800 4393 3920 4447 σινά-

613 4512 763 4552 num
794 4495 1020 4568 sinapis
1047 4502 1210 4561 (nam
1245 4495 1389 4551 illud
1423 4495 1554 4552 talis
1585 4501 1672 4553 est
1708 4497 2035 4570 qualitatis)
2075 4474 2257 4557 move-

2384 4518 2538 4562 πεως’
2613 4503 2855 4558 νοιαῦτης
2927 4500 3028 4573 γὰρ
3103 4502 3383 4558 ποιότητος
3457 4498 3595 4557 οὗτος
3657 4486 3914 4561 μετεκινεῖτε

615 4586 753 4642 retis
775 4602 920 4642 sane
945 4591 1002 4640 et
1023 4587 1285 4650 arbores,
1319 4584 1570 4658 illasque
1601 4586 1661 4641 in
1703 4603 1866 4643 mare
1898 4587 2257 4660 plantaretis.

2385 4589 2443 4641 ἀν
2511 4594 2596 4642 καὶ
2657 4592 2722 4641 τά
2781 4583 2995 4660 δένδρα,
3049 4591 3139 4638 καὶ
3185 4593 3244 4658 τῇ
3300 4586 3532 4657 θαλάσσῃ
3579 4586 3717 4632 ταῦτα
3763 4578 3903 4665 (νεγν-

619 4679 737 4732 Ηοο
766 4681 968 4731 aulem
989 4674 1154 4739 dixit,
1188 4674 1445 4730 laudans
1477 4675 1796 4745 perfectam
1826 4676 2029 4744 ﬁdem,
2064 4684 2118 4733 et
2152 4695 2257 4736 mai

2383 4682 2569 4731 τενετε.
2634 4684 2794 4729 Τοῦτο
2845 4673 2905 4728 δέ
2975 4672 3131 4742 εἶπεν,
3201 4673 3417 4726 έπαινών
3461 4677 3546 4730 τὴν
3603 4663 3763 4718 τελείαν
3828 4671 3900 4703 πι-

620 4781 804 4836 gnam
851 4764 981 4835 ejus
1011 4763 1354 4835 signiﬁcans
1387 4765 1739 4835 potentiam.
1790 4765 1943 4820 Dixit
1973 4772 2172 4822 autem
2198 4768 2272 4823 de

620 4854 739 4908 ﬁde
770 4857 826 4908 et
849 4867 1038 4923 grano
1075 4852 1298 4925 sinapis
1327 4853 1502 4908 etiam
1537 4853 1833 4909 tricesimo
1867 4855 2080 4926 quinto
2101 4856 2272 4928 juxta

621 4942 967 4999 Matthmum
992 4943 1204 5014 capite:
1235 4941 1354 4999 alio
1382 4945 1584 4998 tamen
1599 4942 1914 5000 intellectu.

2389 4787 2518 4832 στιν,
2565 4771 2653 4818 καὶ
2712 4762 2884 4822 δηλῶν
2951 4768 3007 4816 τό
3077 4760 3501 4836 μεγαλοδῦναμον
3546 4759 3702 4814 αὐτῆς.
3751 4745 3910 4842 Εἶρηκξ

2385 4853 2443 4909 δε
2501 4861 2618 4929 περὶ
2673 4860 2899 4916 πίστεως
2950 4858 3038 4905 καὶ
3103 4856 3295 4905 κόκκου
3347 4855 3594 4910 σινάπεως
3649 4845 3725 4896 καὶ
3763 4855 3802 4889 ιν
3855 4848 3913 4897 τῳ

2383 4952 2678 5018 τριακοστῷ
2726 4947 2942 5014 πέμπτῳ
3006 4940 3266 5013 κεφαλαίῳ
3311 4948 3403 4994 τοῦ
3486 4941 3613 4993 κατὰ
3671 4926 3914 4987 Ματθαῖοη

2382 5035 2513 5093 πλὴν
2534 5033 2650 5086 καθ’
2679 5031 2852 5106 ἑτέραν
2890 5033 3074 5086 ἔννοια.

693 5234 737 5271 ²¹
762 5233 962 5292 Matth-
992 5250 1147 5302 xvm,
1187 5237 1244 5292 7.
1319 5237 1367 5271 ²²
1393 5234 1591 5293 Matth.
1623 5251 1700 5306 1x,
1733 5237 1824 5292 22.
1901 5235 1950 5271 ”
1987 5237 2027 5291 1.
2059 5237 2192 5293 Cor.
2219 5252 2320 5293 xu.
2356 5239 2389 5294 8

1833 5448 2057 5518 Variae
2077 5447 2404 5518 lectiones
2444 5457 2509 5518 et
2539 5457 2746 5518 notae.

690 5666 770 5742 (2)
800 5671 1008 5740 Εἶχετε.
1052 5675 1116 5727 Α.
1148 5670 1234 5728 Ita
1279 5671 1638 5727 dissentiunt
1665 5671 1852 5732 etiam
1883 5671 1942 5729 in
1971 5675 2270 5730 contextu.
