4144 6314
306 368 455 426 1045
1308 314 1687 414 COMN‘ENT.
1743 364 1815 422 IN
1856 368 2118 429 LUCAM.
2160 404 2225 416 -
2267 371 2423 431 CAP.
2468 370 2640 433 xvn.
3544 374 3680 438 1046

382 502 476 561 Τίς
536 529 605 540 -
655 500 1027 571 πεποιήκαμεν.
1096 498 1188 551 Διὰ
1236 500 1340 548 τῶν
1412 461 1774 579 πρθλᾳϐἀντων
1829 496 1919 551 λό-
1958 502 2001 556 Α

2103 502 2261 558 Vers.
2294 508 2349 560 7.
2379 501 2512 570 Quis
2550 534 2616 543 —
2647 504 2811 559 Vers.
2862 504 2944 560 10.
3007 501 3293 561 Fecimus.
3353 503 3676 579 Postquam

304 609 415 659 γων
470 588 548 649 εἰς
600 586 943 663 ἀγαθοεργίαν
1001 588 1076 661 (3i
1123 581 1436 659 παραθήξας
1491 574 1607 639 τοὺς
1656 592 1916 657 μαθητάς,

2037 592 2507 663 praecedentibus
2559 593 2938 649 sermonibus
2970 594 3047 650 ad
3086 594 3227 651 boni
3266 596 3673 666 operationem

302 685 394 729 νῦν
427 674 462 729 δ
470 680 525 729 ια
573 687 664 731 τοῦ
696 675 1113 753 παραδείγματος
1163 680 1350 729 τούτου
1405 678 1655 743 κατασπᾷ
1694 681 1750 729 τό
1784 698 1914 753 παρ-

2037 681 2357 753 Cliscipulos
2385 683 2652 738 exacuit:
2684 685 2795 739 hoc
2828 700 2987 740 nunc
3018 686 3306 756 exemplo,
3336 686 3673 755 jactationis

303 770 557 838 επόμενον
636 770 800 840 ταύτῃ
876 769 1040 828 πάθος
1120 776 1215 827 τῆς
1289 765 1531 827 οἰήσεως,
1617 760 1911 833 διδάσκων,

2032 770 2326 836 affectum,
2379 773 2479 844 qui
2512 772 2663 828 hanc
2713 774 3119 845 consequitur,
3172 774 3391 837 avellit,
3425 774 3668 841 docens,

301 856 404 921 ὅτι,
459 858 637 931 ὥσπερ
712 853 884 918 οὐδεὶς
943 860 1027 908 τόν
1078 855 1405 928 ἀποτριῶντα
1479 855 1508 911 ἧ
1576 861 1917 927 ποιμαίνοντα

2037 861 2185 933 quod
2217 862 2366 916 sicut
2411 860 2609 916 nullus
2641 878 2881 917 servum
2932 880 3107 918 suum
3141 868 3405 919 arantem
3447 869 3673 936 autpa-

302 941 499 998 δοῦλον
548 946 730 1013 αὐτοῦ,
763 951 852 998 καὶ
894 944 946 1008 ἐξ
972 944 1133 1018 ἀγροῦ
1182 945 1494 1010 εἰσελθόντα,
1545 954 1699 1017 τιμῆς
1754 944 1907 1009 ἀξιοῖ,

2036 956 2305 1015 scentem,
2325 957 2379 1005 et
2394 967 2460 1006 ex
2482 966 2627 1020 agro
2646 951 2893 1006 domum
2924 958 3330 1016 revertentem,
3352 953 3573 1008 honore
3586 954 3672 1009 di-

301 1031 404 1087 διὰ
459 1038 553 1087 τὸν
582 1043 813 1088 τοιοῦτον
867 1040 1044 1101 κόπον,
1110 1034 1237 1087 ἀλλά
1290 1034 1444 1087 πάλιν
1491 1033 1766 1100 ἐπιτάττει,
1823 1040 1913 1087 καὶ

2031 1054 2207 1107 gnum
2239 1039 2402 1095 ducit
2448 1040 2527 1095 ob
2571 1040 2920 1110 hujusmodi
2970 1041 3263 1108 laborem,
3297 1042 3399 1098 sed
3431 1058 3667 1097 rursum

298 1129 403 1182 τὴν
489 1124 959 1197 προσοφειλομένην
1041 1123 1248 1175 ἀπαιτεί
1315 1120 1569 1187 δουλείαν,
1643 1130 1731 1177 καὶ
1794 1121 1910 1176 οὐδ’

2034 1128 2202 1193 lubet,
2238 1128 2307 1183 ac
2334 1129 2600 1185 debitam
2641 1130 2838 1185 adhuc
2866 1131 3042 1199 exigit
3073 1132 3434 1196 servitutem,
3480 1136 3535 1186 et
3562 1146 3670 1187 nec

298 1214 473 1274 οὕτως
521 1214 664 1283 αὐτῷ
712 1217 871 1287 χάριν
910 1216 1060 1285 ἔχει·
1112 1216 1198 1265 τὸν
1230 1212 1383 1264 αὐτόν
1432 1215 1534 1286 ἄρα
1583 1218 1770 1284 τρόπον
1821 1218 1911 1265 καὶ

2034 1218 2103 1272 sic
2129 1217 2213 1272 illi
2240 1218 2490 1288 gratiam
2528 1219 2747 1284 habet;
2800 1220 2874 1274 ad
2908 1219 3196 1274 eumdum
3240 1236 3387 1275 sane
3419 1220 3670 1275 modum

294 1304 321 1354 ὁ
371 1308 530 1363 Θεὸς.
572 1302 734 1354 Ὠστε
784 1304 919 1354 κατά
947 1306 1031 1354 τόν
1080 1309 1170 1354 τοῦ
1220 1298 1430 1354 δικαίου
1457 1301 1624 1372 λόγον,
1676 1309 1785 1362 τοῖς
1819 1306 1909 1374 μὲν

2034 1312 2075 1362 at
2126 1306 2294 1361 Deus.
2331 1311 2533 1379 Itaque
2564 1307 2894 1362 secundum
2923 1308 3164 1378 justitiee
3196 1325 3531 1364 sermonem
3578 1309 3670 1364 his

290 1395 369 1463 μὴ
432 1392 704 1464 πληροῦσι
736 1394 799 1444 τὰ
853 1395 1275 1465 προστεταγμένα
1317 1387 1550 1451 κίνδυνος
1600 1389 1904 1442 ἀπόκείταμ

2028 1397 2121 1467 qui
2150 1404 2439 1467 praecepta
2470 1412 2589 1450 non
2614 1396 2963 1468 adimplent,
2998 1396 3329 1469 periculum
3356 1398 3664 1453 imminet:

287 1487 405 1540 τοῖς
480 1477 541 1532 δὲ
599 1480 886 1551 πληροῦσιν
957 1480 1107 1546 αὐτὰ,
1162 1482 1324 1553 χάρις
1374 1477 1616 1552 οὐδεμία.
1695 1484 1794 1532 Καὶ
1847 1478 1905 1531 οὐ

2039 1502 2151 1556 psa
2181 1502 2322 1539 vero
2350 1484 2741 1555 lmplentibus,
2772 1486 2961 1554 gratia
2989 1485 3172 1550 nulla,
3216 1502 3324 1542 nec
3356 1491 3670 1559 propterea

279 1573 398 1641 χρὴ
464 1566 764 1633 διάλτοῦτο
817 1573 952 1641 μέγα
994 1576 1208 1642 φρονεῖν,
1266 1570 1386 1639 ὅπερ
1448 1568 1616 1629 καλῶς
1678 1565 1829 1629 εἰδὼς
1880 1570 1905 1618 ὁ

2030 1574 2214 1629 extolli
2245 1580 2492 1644 oportet.
2529 1574 2699 1638 Quod
2720 1574 2863 1628 bene
2896 1575 3334 1649 scienspPaulus
3366 1576 3666 1647 apostolus

280 1657 595 1720 ἀπόστολος
656 1658 853 1719 Παῦλος
901 1658 1063 1729 ἔλεγεν
1124 1659 1222 1722 ὃτι,
1280 1658 1395 1710 Ἐὰν
1468 1657 1900 1729 εὐαγγελίζωμαι,

326 1748 338 1765 ν
449 1749 471 1762 ιο
885 1749 894 1760 ι
1087 1764 1097 1766 μ
1180 1745 1191 1761 ⁵
1254 1748 1264 1761 ⁸
1494 1749 1502 1760 ι
1658 1764 1665 1766 Α
1791 1743 1863 1766 2i!

2027 1663 2250 1718 iicebat
2281 1680 2292 1717 :
2314 1665 2383 1718 Si
2413 1662 2797 1732 Evangelium
2811 1664 3079 1733 praedico,
3101 1672 3333 1729 nonest,
3360 1666 3518 1736 quod
3532 1664 3663 1720 inde

280 1748 380 1799 οὐκ
446 1749 575 1800 ἔστι
649 1766 737 1818 μοι
800 1749 1099 1818 καύχημα’
1170 1745 1367 1817 ἀνάγκη
1448 1749 1545 1818 γαρ
1609 1764 1698 1818 μοι
1784 1743 1897 1797 ἐπί-

2029 1753 2222 1818 ylorier
2269 1770 2280 1819 ;
2325 1752 2633 1808 necessitas
2675 1752 2955 1821 siquidem
2987 1752 3137 1808 mihi
3188 1753 3521 1810 incumbit!
3578 1768 3665 1810 var

279 1853 509 1889 xsi'rai‘
570 1835 688 1887 οὐαὶ
760 1839 860 1908 γάρ
928 1855 1019 1907 μοι
1098 1835 1257 1897 ἐστὶν,
1345 1834 1431 1887 ἐὰν
1491 1838 1563 1906 μὴ
1640 1833 1901 1905 εὐαγγελί-

2022 1844 2163 1896 enim
2190 1842 2337 1897 mihi
2365 1845 2465 1906 est,
2500 1842 2551 1895 si
2574 1842 2965 1912 Evangelium
2991 1858 3109 1897 non
3140 1843 3537 1911 prcedicavero
3564 1845 3612 1879 ³⁵
3646 1860 3658 1898 :

282 1925 487 1995 ζωμαι.
556 1924 696 1983 Πλὴν
749 1923 946 1996 ἀγαθός
976 1929 1043 1976 ὧν
1092 1926 1117 1975 ὁ
1169 1928 1318 1988 Θεὸς,
1371 1927 1461 1975 καὶ
1510 1930 1618 1984 τοῖς
1672 1919 1900 1989 δούλοις,

2026 1934 2283 1985 attamen
2320 1946 2455 1985 cum
2516 1930 2711 1984 bonus
2761 1930 2836 1984 sit
2883 1931 3057 1992 Deus,
3120 1932 3319 1995 servis,
3371 1936 3662 2002 tanquam

282 2016 355 2075 ὡς
392 2016 663 2084 μισθίοις,
732 2018 1094 2087 προσφέρεται,
1132 2017 1219 2065 καὶ
1272 2018 1365 2070 τὴν
1434 2009 1669 2063 δουλείαν
1733 2011 1900 2063 αὐτῶν

2024 2018 2409 2085 mercenariis,
2445 2019 2644 2085 utitur,
2669 2023 2724 2073 et
2754 2018 3093 2074 servitutem
3121 2019 3355 2073 illorum
3390 2020 3660 2074 mercede

280 2107 465 2175 μισθῴ
530 2102 815 2174 ἀμείϐεται,
870 2108 959 2154 καὶ
1014 2108 1107 2160 τὴν
1160 2101 1484 2173 ὀφειλομένην
1526 2101 1784 2174 λατρείαν,
1832 2103 1902 2162 ὡς

2026 2109 2318 2178 ’θρθηάὶῐε
2351 2124 2421 2162 ac
2442 2106 3096 2179 debitumobsequium,
3116 2113 3405 2178 tanquam
3435 2107 3662 2163 facinus

283 2194 619 2266 κατόρθωμα
676 2188 913 2263 δέχεται,
962 2196 1052 2243 καὶ
1093 2195 1220 2263 γέρα
1252 2187 1477 2242 δίδωσιν
1529 2188 1901 2263 ὑπερϐαίνοντα

2026 2197 2619 2267 agregium,suscipit,
2645 2200 2700 2250 et
2727 2196 3282 2266 preemiumtribuit,
3312 2197 3473 2267 quod
3505 2196 3662 2252 labo-

287 2285 407 2341 τοὺς
492 2282 784 2353 καμάτους.
851 2286 993 2350 Νικᾴ
1041 2282 1141 2353 γὰρ
1198 2282 1225 2338 ἡ
1278 2278 1539 2351 ἀγαθότης
1612 2278 1770 2330 αὑτοῦ
1840 2282 1898 2330 τό

2020 2302 2103 2342 res
2129 2286 2307 2342 etiam
2339 2285 2605 2341 excedat.
2640 2285 2831 2341 Vincit
2856 2300 3119 2358 namque
3157 2284 3390 2341 bonitas
3422 2286 3546 2357 ejus
3578 2286 3656 2351 id,

287 2367 506 2423 δίκαιον
516 2410 528 2422 .

2008 2374 2173 2447 quod
2198 2374 2426 2444 justum
2457 2378 2543 2427 est
2572 2379 2624 2427 et
2657 2387 2918 2442 aequum.

624 2464 769 2512 ΚΕΦ.
811 2457 879 2513 Ξ’,
917 2462 1040 2531 Περὶ
1068 2466 1167 2509 τῶν
1196 2454 1324 2509 δέκα
1359 2457 1574 2531 λεπρῶν.

2364 2462 2515 2517 CAP.
2551 2462 2665 2516 LX.
2695 2464 2777 2516 De
2801 2462 2994 2517 decem
3036 2462 3298 2529 leprosis.

365 2554 470 2602 Kal
548 2548 741 2619 ἐγένετο
804 2580 871 2587 -
932 2548 1108 2619 λεπροὶ
1178 2543 1384 2619 ἄνδρες.
1450 2548 1515 2597 Οἱ
1580 2544 1719 2598 ἐννέα
1783 2547 1892 2617 μὲν,

2077 2552 2239 2605 Vers.
2271 2552 2354 2605 11.
2382 2552 2457 2605 Et
2483 2551 2714 2618 factum
2735 2556 2813 2604 est
2851 2581 2911 2589 —
2938 2550 3102 2603 Vers.
3137 2551 3220 2604 l2.
3257 2550 3515 2619 Leprosi.
3548 2554 3654 2606 No-

288 2635 555 2691 Ἰουδαῖοι
586 2634 719 2694 ἦσαν
744 2650 758 2666 ·
812 2638 836 2688 ὁ
870 2634 927 2688 δὲ
956 2638 1022 2696 εἷς
1071 2644 1407 2709 Σαμαρείτης.
1454 2634 1513 2685 Ἠ
1549 2638 1791 2685 κοινωνία
1836 2630 1896 2685 δὲ

2018 2656 2141 2695 rem
2155 2638 2395 2709 quidem
2414 2637 2803 2702 erantJudaai,
2824 2653 2978 2692 unus
2996 2642 3193 2692 autem
3215 2639 3654 2706 Samaritanus;

290 2736 389 2787 τῆς
447 2731 603 2777 νόσου
637 2731 751 2777 τότε
785 2727 1124 2797 συνήθροισεν
1170 2723 1377 2788 αὐτοῦς,
1434 2720 1774 2788 ἀκούσαντας,
1815 2723 1893 2773 ὅτι

2016 2728 2197 2783 morbi
2233 2742 2369 2782 vero
2419 2726 2883 2782 communicatio
2938 2732 3076 2781 tunc
3121 2742 3223 2782 eos
3257 2729 3652 2797 adunaverat,

290 2813 570 2887 διέρχεται
602 2816 626 2865 ὁ
653 2818 902 2884 Χριστός.

2002 2816 2210 2872 audito
2250 2815 2411 2886 quod
2449 2815 2830 2885 pertransiret
2860 2814 3139 2870 Christus.

363 2903 429 2954 Οἱ
462 2905 688 2959 ἔστησαν
723 2900 1002 2975 πόρρωθεν.
1030 2898 1116 2958 Ὠς
1154 2899 1463 2972 ἀκάθαρτοι.

2074 2906 2234 2958 Vers.
2252 2906 2337 2957 12.
2356 2903 2463 2968 Qui
2473 2909 2760 2959 steterunt
2770 2905 3001 2972 procul.
3016 2910 3313 2974 Tanquam
3333 2904 3651 2960 immundi.

364 2995 467 3042 Kal
515 3021 582 3030 —
638 2991 799 3061 ἡμᾶς.
856 2988 1161 3055 Ἐπιστάτα,
1219 2991 1357 3052 ἤτοι,
1418 2989 1574 3059 Κύριε
1627 2990 1655 3045 ἤ
1718 2982 1886 3039 διδά-

2072 2993 2235 3049 Vers.
2271 2994 2357 3049 13.
2390 2994 2467 3048 Et
2518 3023 2588 3035 —
2619 2993 2823 3051 nostri.
2874 2993 3178 3060 Ἐπιστάτα,
3227 2993 3342 3049 hoc
3391 2998 3495 3060 est,
3545 2994 3655 3050 d0-

291 3078 468 3131 σκαλε.
1922 3066 1960 3121 C
2002 3082 2182 3150 mine,
2210 3087 2537 3154 praeceptor
2572 3087 2674 3137 aut
2706 3082 3008 3151 magister.

364 3172 466 3220 Kal
521 3164 645 3219 ἰδὼν
708 3199 772 3207 -
832 3169 1042 3241 ἱερεῦσι.
1114 3170 1284 3223 Μήπω
1334 3166 1626 3237 καθαρίσας
1700 3164 1888 3225 αὐτοὺς

2067 3173 2229 3228 Vers.
2262 3173 2348 3227 11.
2374 3172 2521 3239 Quos
2553 3176 2619 3226 ut
2651 3170 2792 3227 vidit
2819 3202 2887 3211 —
2915 3171 3338 3227 sacerdotibus.
3372 3170 3649 3227 Nondum

285 3262 479 3329 πέμπει
537 3256 1079 3329 ἐμφανισθησομένους
1133 3262 1237 3315 τοίς
1296 3257 1535 3328 ἱερεῦσιν,
1598 3257 1661 3314 ὡς
1710 3253 1757 3305 ἐν
1815 3262 1886 3324 τῷ

2015 3260 2312 3316 nundavit
2336 3277 2454 3325 eos,
2484 3260 2587 3314 sed
2618 3260 2794 3315 mittit
2827 3260 3232 3315 sacerdotibus
3265 3260 3651 3315 manifestan-

283 3349 600 3419 πορεύεσθαι
663 3345 938 3417 μέλλοντας
1001 3346 1407 3417 καθαρισθῆναι.
1454 3351 1617 3395 Τοῦτο
1688 3339 1746 3395 δὲ
1801 3362 1885 3396 πε-

2011 3349 2126 3412 los,
2168 3354 2231 3404 ut
2275 3350 2425 3404 inter
2469 3347 2735 3402 eundum
2770 3347 3222 3403 mundarentnr.
3273 3349 3392 3403 Hoc
3447 3354 3647 3404 autem

282 3443 489 3501 ποίηκε,
534 3433 836 3506 δοκιμάζων
884 3437 976 3490 τὴν
1017 3438 1193 3485 πίστιν
1226 3432 1413 3487 αὐτῶν.
1466 3434 1530 3483 Οἱ
1580 3429 1637 3484 δὲ
1675 3434 1884 3485 πιστεύ-

2008 3438 2129 3494 ῗοοὶι
2157 3438 2423 3510 probans
2451 3436 2627 3491 ﬁdem
2679 3435 2941 3492 illorum.
3012 3435 3095 3489 Illi
3153 3453 3293 3491 vero
3324 3436 3644 3501 credendo,

288 3544 488 3592 σαντες,
534 3527 613 3576 ὅτι
653 3520 874 3576 δύναται
921 3526 1290 3595 πορευομένους
1339 3522 1528 3595 αὐτοὺς
1570 3523 1879 3593 καθαρίσαι,

2011 3528 2151 3601 ιυοᾶ
2178 3526 2377 3582 eundo
2400 3531 2603 3598 posset
2628 3525 2763 3581 ilios
2795 3525 3108 3592 mundare,
3152 3526 3320 3580 ibant
3346 3542 3464 3581 non
3495 3526 3647 3596 diju-

281 3610 614 3672 ἀδιστάκτως
681 3609 947 3672 ἐϐάδιζον,
1010 3611 1387 3683 Ἐνεφανίζοντο
1449 3607 1505 3663 δὲ
1555 3618 1661 3670 τοῖς
1729 3613 1881 3684 ἱερεῦ-

2005 3617 2260 3672 iicantes
2290 3616 2364 3670 de
2391 3617 2516 3686 ejus
2547 3621 2861 3687 praecepto.
2893 3616 3422 3671 Manifestabantur
3443 3621 3641 3671 autem

282 3720 366 3753 σιν
422 3704 471 3753 οἱ
526 3703 943 3775 καθαρισθέντες,
1005 3700 1087 3751 ἵνα
1140 3702 1260 3773 παρ’
1318 3700 1484 3752 αὐτῶν
1547 3699 1880 3771 ὀνομασθὼσι

2006 3705 2423 3772 sacerdotibus,
2451 3704 2554 3777 qui
2581 3704 3062 3771 mundatierant,
3106 3711 3171 3759 ut
3195 3704 3273 3759 ab
3300 3704 3409 3759 illis
3435 3705 3642 3759 mundi

279 3790 525 3865 καθαροὶ,
567 3795 656 3842 καὶ
701 3789 877 3841 λοιπόν
923 3793 1310 3862 προσενέγκωσι
1357 3791 1564 3852 θυσίαν,
1610 3793 1743 3841 κατά
1792 3793 1878 3842 τόν

2008 3794 2323 3852 licerentur
2363 3799 2465 3861 ;et
2493 3798 2627 3849 tunc
2675 3794 2847 3864 juxta
2884 3794 3079 3863 legem
3129 3794 3387 3849 hostiam
3439 3792 3644 3850 offere-

276 3883 454 3950 νόμον.

1988 3884 2146 3940 banL

352 3974 453 4020 Kal
484 3967 677 4039 ἐγένετο
719 3998 786 4009 —
815 3970 902 4018 τόν
951 3970 1098 4022 Θεὸν.
1140 3971 1311 4037 Μέγαν
1362 3970 1450 4039 μὲν
1481 3968 1582 4041 γὰρ
1621 3987 1753 4032 τινα,
1787 3973 1877 4021 καὶ

2057 3974 2220 4027 Vers.
2253 3975 2334 4026 14.
2378 3971 2451 4025 Et
2480 3971 2696 4027 accidit
2734 4000 2802 4011 -—
2833 3971 2993 4025 Vers.
3026 3971 3110 4025 15.
3144 3972 3328 4026 Deum
3358 3970 3638 4038 Magnum

277 4054 724 4129 μεγαλοδύναμον,
766 4058 852 4108 τόν
888 4058 1115 4127 Χριστὸν
1146 4058 1410 4107 ἐπίστευον
1460 4053 1608 4121 εἶναι,
1643 4059 1784 4108 οὔπω
1817 4054 1875 4109 δὲ

2006 4062 2312 4133 ιυθωάδω
2350 4078 2418 4115 ac
2452 4076 2686 4129 magnae
2718 4061 2994 4132 potentiae
3035 4059 3284 4115 credens
3316 4075 3444 4114 esse
3483 4058 3642 4115 Chri'

273 4150 366 4196 καὶ
398 4149 545 4215 φύσει
580 4149 729 4199 Θεὸν.

1984 4156 2164 4207 stum.
2197 4148 2468 4203 nondum
2506 4156 2706 4204 tamen
2738 4156 2951 4204 natura
2981 4149 3188 4203 Deum.

350 4239 450 4286 Kal
508 4236 680 4286 ἔπεσεν
747 4264 814 4273 --
880 4232 1039 4305 αὐτῷ.
1108 4233 1459 4307 Καθαρισθεὶς
1534 4235 1659 4307 γὰρ,
1722 4232 1873 4294 ἐπλη-

2056 4239 2215 4293 Vers.
2247 4241 2325 4292 16.
2357 4238 2431 4293 Et
2450 4238 2706 4309 procidit
2736 4268 2793 4278 —
2820 4237 2932 4294 illi.
2955 4237 3098 4293 Cum
3127 4237 3285 4293 enim
3315 4236 3635 4293 mandatus

275 4327 453 4376 σίασε.

1980 4331 2152 4390 esset,
2178 4327 2304 4398 jam
2338 4326 2884 4399 appropinquabat.

348 4417 448 4463 Kal
521 4411 675 4470 αὐτὸς
763 4442 825 4450 -
888 4412 912 4461 ό
993 4410 1267 4482 ἀλλογενὴς
1356 4411 1523 4473 οὗτος.
1611 4412 1867 4467 Ἐντεῦθεν
1904 4422 1948 4476 D

2051 4416 2217 4470 Vers.
2254 4417 2338 4471 16.
2360 4418 2431 4471 Et
2458 4417 2550 4471 hic
2570 4449 2634 4457 —
2658 4416 2819 4471 Vers.
2847 4418 2930 4471 18.
2958 4416 3066 4472 Hic
3092 4415 3448 4485 alienigena.
3486 4414 3631 4470 Hinc

272 4496 481 4565 ἔδειξεν,
539 4502 620 4553 ὃτι
694 4500 1153 4572 εὐγνωμονέστεροι
1238 4508 1334 4551 τῶν
1404 4498 1672 4552 Ἰουδαίων
1736 4503 1866 4555 εἰσιν

1990 4506 2250 4569 )stendit,
2297 4506 2461 4576 quod
2505 4506 2697 4573 magis
2736 4506 2885 4575 grati
2944 4510 3083 4559 sunt
3134 4504 3399 4574 gentiles,
3445 4519 3626 4574 quam

270 4590 318 4640 oi
345 4587 396 4651 ἐξ
426 4589 598 4641 ἐθνῶν.
631 4589 845 4643 Ἐκεῖνοι
874 4592 973 4663 γὰρ
1013 4590 1203 4641 αὐτίκα
1244 4597 1333 4648 τῆς
1358 4588 1657 4662 εὐεργεσίας
1702 4590 1864 4650 λήθην

1990 4594 2152 4649 Iudaei
2184 4611 2194 4649 :
2230 4595 2285 4648 hi
2312 4595 2463 4649 enim
2497 4594 2856 4649 beneﬁcium
2890 4594 3175 4649 continuo
3205 4591 3490 4647 oblivioni
3516 4597 3626 4647 tra-

269 4676 527 4743 λαϐόντες,
565 4677 852 4752 ἀχάριστοι
876 4684 966 4730 καὶ
1008 4684 1127 4753 περὶ
1156 4680 1241 4729 τόν
1275 4682 1479 4751 Πατέρα
1507 4684 1730 4752 καὶπερὶ
1779 4686 1862 4734 τὸν

2021 4688 2202 4745 entes,
2238 4683 2452 4752 ingrati
2486 4689 2539 4738 et
2560 4699 2700 4753 erga
2737 4686 2962 4737 Patrem
2994 4687 3203 4751 elerga
3224 4680 3429 4736 Filium
3444 4670 3657 4752 appa-'

267 4770 387 4819 Υἱόν
418 4766 699 4839 ἐφάνησαν.

566 4788 699 4825 ξσαν.
1972 4771 2202 4825 rebant.

340 4861 438 4909 Kal
469 4854 603 4908 εἷπεν
632 4888 698 4898 -
741 4859 937 4909 σέσωκέ
966 4875 1041 4910 σε.
1078 4860 1178 4908 Καὶ
1207 4860 1308 4927 μὴν
1330 4853 1596 4916 κάκείνους
1626 4858 1654 4913 ἡ
1689 4861 1863 4917 πίστις

2041 4860 2200 4914 Vers.
2245 4864 2323 4912 l9.
2355 4859 2423 4912 Et
2450 4859 2531 4913 ait
2568 4889 2631 4897 —
2674 4865 2728 4913 te
2778 4859 3007 4913 salvum
3045 4856 3207 4927 fecit.
3239 4856 3411 4928 Atqui
3443 4857 3616 4912 etiam

265 4945 435 4996 αὐτῶν
486 4950 728 4997 σέσωκεν.
789 4943 950 4997 Ἀλλά
980 4948 1162 4997 πιστοὶ
1191 4947 1281 5016 μὲν
1328 4946 1378 4995 οἱ
1426 4940 1574 5007 δέκα,
1611 4950 1763 5017 μόνος
1804 4943 1861 4999 δε

1993 4946 2104 5002 llos
2136 4948 2281 5002 tides
2312 4963 2517 5002 eorum
2548 4946 2747 5002 salvos
2776 4946 3048 5002 eﬁecerat
3084 4963 3096 5000 :
3130 4946 3235 5001 sed
3258 4945 3464 5001 ﬁdeles
3495 4947 3621 5018 qui-

264 5034 410 5091 οὗτος
441 5034 728 5103 εὐγνώμων.

1980 5036 2102 5091 dem
2145 5036 2353 5091 decem
2400 5034 2654 5099 fuerunt,
2696 5035 2857 5090 solus
2888 5040 3085 5090 autem
3131 5035 3226 5089 hic
3254 5041 3459 5104 gratus
3489 5034 3616 5090 fuit.

332 5123 701 5194 Ἐπερωτηθεὶς
786 5152 855 5160 -
919 5129 1011 5173 τοῦ
1091 5128 1243 5175 Θεοῦ.
1320 5118 1531 5180 Ἐπειδὴ
1614 5122 1861 5187 πολλάκις

2043 5128 2197 5180 Vers.
2231 5125 2735 5196 20.1nterrogatus
2766 5156 2832 5165 —-
2862 5124 2977 5193 Dei.
3000 5125 3148 5190 Quia
3166 5124 3502 5207 frequenter
3517 5125 3620 5181 do-

260 5207 523 5276 ἐδίδαξεν,
578 5212 658 5263 ὃτι
714 5214 929 5282 ἤγγικεν
1000 5212 1030 5268 ἡ
1085 5209 1330 5283 βασιλεία
1390 5218 1481 5263 τοῦ
1539 5216 1685 5278 Θεοῦ,
1741 5218 1859 5286 περὶ

1981 5219 2189 5280 iuerat,
2210 5215 2430 5271 instare
2446 5228 2701 5284 regnum
2717 5214 2813 5269 Dei
2846 5214 2919 5270 de
2942 5213 3075 5286 ipso
3088 5213 3198 5270 hoc
3215 5212 3447 5281 dicens;
3464 5230 3617 5273 nunc

324 5392 374 5425 ἰ
412 5388 582 5444 ICor.
617 5389 812 5460 1x,46.

1468 5568 1693 5636 Variae
1722 5568 2047 5638 lectiones
2078 5579 2142 5639 et
2173 5579 2375 5639 notae.

326 5762 402 5836 (3)
442 5762 809 5840 Ἀγαθοεργίας
836 5769 899 5823 Α.
2027 5767 2105 5841 (4)
2131 5769 2616 5842 Φωνηθησομένους.
2661 5769 2719 5823 Β.
2744 5768 2870 5824 Sic.
