4144 6314
559 357 695 415 1047

555 487 904 555 nterrogant
931 498 1083 552 eum,
1132 481 1374 556 quando
1424 487 1785 554 regnaturus
1843 489 1999 541 esset
2037 491 2061 538 τ
2093 484 2216 540 irri-

561 574 769 628 dentes
793 589 953 636 eum,
987 581 1046 628 ut
1071 574 1172 645 qui
1213 573 1338 627 vilis
1370 579 1699 645 appareret,
1742 579 1799 630 et
1851 575 1911 630 in
1943 575 2215 648 proximo

563 665 636 721 ab
658 665 740 720 eis
771 663 1212 720 interﬁciendus
1244 668 1415 720 esset.

639 840 807 897 Vers.
848 843 934 895 20.
975 839 1292 910 Respondit
1325 872 1393 880 —
1440 840 1859 898 observatione.
1908 841 2053 897 Cum
2082 857 2216 916 pro-

569 935 777 1002 spectu
809 929 1099 985 humano.

640 1019 803 1074 Vers.
837 1023 924 1074 ‘21.
956 1020 1160 1091 Neque
1189 1050 1256 1060 —
1280 1019 1417 1074 illic.
1445 1019 1616 1086 Quod
1647 1019 1864 1076 faciunt
1895 1019 1954 1076 in
1973 1019 2218 1076 terrenis

571 1107 834 1175 regibus.

642 1199 805 1252 Vers.
836 1201 923 1252 2t.
959 1198 1108 1254 Ecce
1131 1204 1316 1253 —est.
1342 1201 1603 1269 Regnum
1629 1198 1900 1263 Deidicit,
1931 1199 2219 1271 seipsum,

573 1291 775 1358 utpote
813 1301 1016 1355 regem
1047 1301 1117 1341 ac
1166 1285 1371 1340 Deum.
1430 1287 1588 1342 Intra
1637 1286 1797 1359 ipsos
1828 1294 2025 1342 autem
2075 1293 2220 1352 erat,

573 1379 864 1446 tanquam
896 1373 956 1429 in
988 1374 1182 1430 medio
1213 1389 1419 1430 eorum
1472 1391 1839 1431 conversans
1867 1393 1880 1441 ;
1914 1377 1986 1431 de
2017 1393 2139 1448 quo
2171 1381 2226 1432 et

579 1479 903 1534 praecursor
923 1462 1072 1518 dixit
1102 1463 1245 1519 illis:
1276 1464 1500 1522 Medius
1538 1471 1792 1521 vestrum
1829 1467 2007 1532 stetit,
2057 1481 2224 1537 quem

575 1569 671 1609 vos
698 1567 815 1608 non
856 1555 1030 1608 nostis
1057 1555 1126 1605 ³⁵.

649 1644 688 1713 -ι-
720 1643 761 1712 σξη
790 1641 854 1697 1n
885 1641 1056 1698 vobis
1090 1643 1352 1715 positum
1378 1647 1484 1708 est,
1516 1645 1800 1718 consequi
1833 1661 2082 1717 regnum
2107 1645 2223 1710 Dei,

577 1731 636 1786 in
665 1735 858 1786 vestro
888 1731 1103 1801 studio,
1147 1736 1252 1788 aut
1281 1732 1374 1788 via
1405 1733 1465 1787 in
1493 1749 1746 1804 regnum
1779 1736 1896 1800 Dei,
1931 1751 2058 1806 quae
2083 1733 2143 1790 in
2169 1734 2229 1790 id

1900 357 2233 414 EUTHYMII
2271 346 2612 414 ZIGABENI

3850 349 3983 408 1048

2324 483 2510 537 ἑαυτοῦ
2567 489 2717 536 τοῦτο
2745 483 2924 555 λέγων,
2979 481 3209 558 ἐρωτῶσι
3254 491 3362 548 νῦν,
3410 485 3553 536 πότε
3619 476 3980 553 βασιλεύσει,

2323 573 2670 645 χλευάζοντες
2744 573 2916 638 αὐτὸν,
3017 576 3082 633 ὡς
3175 572 3346 632 εὐτελῆ
3442 574 3510 624 τὸ
3633 574 3976 640 φαινόμενον,

2325 669 2414 714 καὶ
2501 665 2622 715 ὅσον
2709 666 2851 715 οὔπη
2947 661 3277 736 ἀναιρεθῆναι
3355 665 3483 736 παρ’
3596 659 3792 710 αὐτῶν
3871 657 3986 728 μὲλ-

2326 751 2498 806 λοντα.

2398 843 2681 914 Ἀπεκρίθη
2761 873 2829 881 —
2887 846 3321 916 παρατηρήσεως.
3386 841 3540 894 Μετὰ
3621 841 3978 912 περιφανείας

2329 928 2674 1005 ἀνθρωπίνης.

2401 1018 2542 1073 Οὗδε
2598 1051 2652 1061 -
2715 1019 2835 1074 ἐκεῖ.
2902 1018 3064 1094 Ὅπερ
3122 1027 3361 1072 ποιοῦσιν
3424 1037 3516 1070 επι
3597 1025 3715 1068 τῶν
3780 1016 3976 1086 ’γηίνων

2332 1107 2612 1182 βασιλέων.

2403 1196 2544 1251 Ἰδοὺ
2617 1231 2687 1240 -
2742 1197 2902 1252 ἐστίν.
2990 1197 3257 1251 Βασιλείαν
3331 1203 3424 1249 τοῦ
3511 1202 3698 1260 Θεοῦ,
3796 1193 3978 1246 ἑαυτὸν

2330 1287 2488 1356 λέγει,
2555 1290 2622 1348 ὡς
2676 1286 2898 1360 βασιλέα
2947 1292 3036 1339 καὶ
3094 1291 3241 1339 Θεὸν.
3301 1289 3455 1346 Εντὸς
3519 1281 3591 1337 δὴ
3661 1283 3848 1334 αὐτῶν
3900 1277 3972 1344 ἦν,

2333 1379 2398 1438 ὡς
2454 1375 2502 1428 ἐν
2557 1381 2699 1450 μέσῳ
2748 1377 2914 1429 αὐτῶν
2972 1375 3428 1449 ἀναστρεφόμενος,
3484 1378 3627 1448 περὶ
3687 1373 3755 1425 οὗ
3811 1376 3904 1423 καὶ
3954 1371 3974 1420 ὀ

2336 1463 2637 1540 Προδρομος
2668 1464 2800 1518 εἶπεν
2841 1466 3030 1532 αὐτοῖς,
3075 1467 3155 1518 ὅτι
3185 1470 3357 1527 Μέοος
3405 1466 3561 1537 ὑμῶν
3616 1463 3874 1525 ἕστηκεν,
3928 1461 3975 1510 ὃν

2335 1558 2480 1628 ὑμεῖς
2512 1556 2604 1607 οὐκ
2635 1552 2831 1608 οἴδατε.

2411 1646 2509 1718 [Ἢ
2571 1647 2649 1717 (5)
2729 1645 2986 1716 ἐπιτυχία
3044 1653 3133 1706 τῆς
3203 1643 3476 1716 βασιλείας
3553 1650 3662 1694 τοῦ
3729 1645 3866 1694 Θεοῦ
3931 1637 3974 1689 ἐν

2339 1737 2460 1808 ὑμῖν
2516 1742 2704 1802 κεῖται,
2764 1733 2811 1787 ἕν
2860 1743 2920 1808 τῇ
2980 1739 3280 1810 προαιρέσει
3324 1733 3488 1805 ὑμῶν,
3523 1736 3559 1791 ἣ
3621 1734 3655 1789 ἡ
3696 1728 3832 1789 ὁδὸς
3884 1736 3972 1786 τῆς

579 1819 763 1884 ducit,
792 1825 895 1876 aut
925 1820 1101 1890 facta,
1161 1837 1290 1893 qua:
1325 1821 1385 1877 id
1437 1821 1789 1893 largiuntur,
1843 1829 1946 1880 aut
2010 1824 2226 1890 laetitia,

2350 1824 2618 1897 βασιλείας
2675 1831 2767 1876 τοῦ
2834 1832 2989 1892 Θεοῦ,
3052 1826 3081 1882 ἡ
3150 1825 3357 1895 ἄγουσα
3419 1822 3486 1882 εἰς
3561 1821 3775 1886 αὐτὴν,
3847 1821 3878 1876 ἦ
3942 1818 3968 1872 ἦ

578 1925 764 1980 quam
789 1908 1046 1964 habituri
1076 1915 1232 1974 sunt,
1265 1910 1370 1983 qui
1423 1927 1493 1967 eo
1550 1911 1719 1982 digni
1750 1918 1909 1978 sunt,
1953 1913 2226 1984 judicati.

582 2000 763 2054 Datur
787 1998 878 2052 his
900 1999 973 2068 (s)
1001 2014 1243 2070 quoque
1272 1999 1491 2070 dignis,
1524 2005 1589 2055 ut
1620 2002 1835 2073 pignus
1887 2003 2088 2060 futuri.

2344 1913 2584 1988 ἐργασία,
2658 1915 2686 1972 ἡ
2773 1913 3095 1985 προξενοῦσα
3165 1913 3345 1978 αὐτὴν,
3407 1916 3436 1970 ἤ
3522 1913 3557 1969 ἡ
3626 1907 3965 1980 ἀγαλλίασις.

2346 2007 2406 2063 ἣν
2475 2003 2746 2076 μέλλουσιν
2808 2006 2947 2076 ἔχειν
3004 2005 3054 2055 οἱ
3105 2001 3399 2075 ἀξιούμενοι
3454 2003 3694 2059 ταύτης.
3757 1992 3966 2050 Δίδοται

579 2089 680 2160 γὰρ
712 2086 843 2143 αὕτη
875 2084 1142 2138 κάνταῦθα
1163 2093 1270 2148 τοῖς
1291 2085 1476 2156 ἀξίοις,
1506 2089 1575 2150 εἰς
1605 2089 1880 2165 ἀρραϐῶνα
1911 2098 2003 2144 τοῦ
2033 2091 2343 2164 μέλλοντος]

655 2264 814 2322 Vers.
840 2269 928 2320 2'2.
963 2267 1068 2321 Ait
1102 2297 1167 2307 —
1199 2267 1486 2324 videbitis.
1523 2267 1855 2334 Phariszeis,
1883 2268 2021 2326 licet
2042 2269 2237 2326 irriso-

581 2353 662 2408 rie
687 2354 1210 2425 interrogantibus,
1237 2364 1543 2413 mansuete
1576 2363 1798 2424 tamen,
1832 2366 2236 2432 consuetaque

581 2445 888 2516 respondit
928 2445 1238 2500 clementia
1269 2461 1280 2500 :
1313 2445 1617 2517 discipulis
1648 2463 1788 2503 vero
1811 2449 1940 2519 jam
1965 2464 2236 2520 praenun-

582 2533 703 2598 tiat,
727 2535 890 2606 quod
912 2534 1075 2590 brevi
1102 2535 1490 2600 occidendus,
1513 2542 1803 2592 nonesset
1825 2539 2082 2610 amplius
2107 2556 2237 2595 cum

583 2624 666 2678 eis
699 2630 1155 2680 conversaturus
1189 2641 1201 2679 :
1237 2641 1378 2680 nam
1409 2626 1522 2680 hoc
1556 2625 1799 2692 indicat,
1831 2628 1995 2700 quod
2030 2629 2132 2699 ait,
2152 2628 2235 2683 fu-

583 2719 784 2769 turum
816 2729 943 2769 esse
976 2719 1038 2771 ut
1074 2714 1498 2786 concupiscant
1531 2731 1716 2772 unum
1747 2732 1818 2772 ex
1858 2715 2074 2773 diebus
2106 2717 2236 2774 vitae

583 2818 790 2874 ipsms.

657 2983 817 3037 Vers.
850 2986 936 3038 23.
970 2984 1044 3038 Et
1060 2983 1252 3040 dicent
1287 3015 1355 3023 —
1385 2984 1612 3040 sectari.
1644 2985 1722 3040 De
1744 2984 1836 3040 his
1864 2983 2236 3041 manifestius

585 3071 817 3142 scripsit
846 3072 1151 3128 Mattheus
1183 3073 1692 3146 quinquagesimo
1738 3075 1995 3146 septimo
2026 3073 2232 3146 capite,

585 3163 830 3217 dicens:
872 3165 1031 3219 Tunc
1060 3164 1112 3218 si
1165 3165 1296 3236 quis
1343 3164 1501 3220 vobis
1540 3165 1759 3220 dixerit
1795 3184 1806 3223 :
1840 3166 1982 3221 Ecce
2031 3165 2126 3221 hic
2156 3171 2235 3221 est

589 3253 882 3316 Christus,
934 3260 1034 3310 aut
1078 3254 1230 3318 ittic,
1266 3255 1438 3310 nolite
1487 3256 1734 3312 credere.
1780 3255 2037 3326 Surgent
2079 3256 2232 3311 enim

582 3342 1013 3411 pseudochristi
1041 3349 1091 3398 et
1117 3345 1636 3416 pseudoprophetw
1661 3348 1707 3380 ὀ
1739 3351 1796 3400 et
1820 3351 2051 3402 caatera.
2087 3347 2234 3415 Lege
2266 3380 2306 3436 Ο

587 3447 729 3499 ergo
760 3432 840 3486 ibi
871 3433 1048 3488 etiam
1080 3433 1295 3489 horum
1328 3434 1890 3507 interpretationem.

661 3519 826 3575 Vers.
861 3520 948 3576 24.
976 3521 1140 3577 Sicut
1161 3553 1230 3562 —
1249 3523 1460 3594 fulget.
1504 3523 1592 3578 Ab
1626 3523 1877 3579 Orientis
1904 3527 2086 3595 parte,
2107 3539 2237 3594 qua:

590 3609 705 3664 sub
739 3609 889 3665 coelo
920 3616 1028 3675 est,
1063 3613 1122 3666 in
1171 3611 1570 3678 Occidentem,
1627 3629 1762 3684 quae
1812 3613 1924 3668 sub
1961 3613 2112 3668 cmlo
2151 3617 2240 3667 est

591 3696 790 3758 fulget.
855 3699 942 3755 Ait
989 3700 1141 3755 enim
1185 3701 1489 3756 Matthaeus
1543 3701 1602 3756 in
1643 3702 1742 3757 illo
1787 3703 1972 3773 capite
2023 3703 2238 3757 :Szcut

589 3787 736 3842 enim
772 3789 990 3858 fulgur
1018 3790 1143 3845 exit
1196 3805 1232 3846 a
1269 3791 1540 3860 partibus
1589 3793 1848 3857 orientis,
1883 3797 1938 3848 et
1986 3798 2238 3860 apparet

589 3891 768 3947 usque
805 3877 886 3932 ad
911 3886 1110 3946 partes
1133 3879 1428 3936 occidentis
1461 3882 1530 3946 ³⁷,
1564 3885 1620 3936 et
1648 3887 1859 3936 caetera
1893 3896 1905 3935 :
1935 3880 2064 3952 lege
2097 3896 2238 3949 ergo

589 3965 668 4021 ibi
693 3967 1262 4039 interpretationem,
1292 3975 1348 4025 et
1372 3970 1555 4036 disce,
1606 3970 1751 4044 quid
1815 3969 2237 4040 signiﬁcethu-

585 4056 850 4126 jusznodi
880 4057 1243 4128 exemplum.

663 4144 826 4198 Vers.
865 4147 956 4198 24.
986 4146 1080 4199 Ita
1114 4177 1180 4186 —
1209 4162 1335 4202 suo.
1393 4151 1476 4202 Ita
1514 4147 1621 4203 erit
1673 4153 1726 4203 et
1757 4149 1887 4220 ipse
1945 4148 2075 4204 orbi
2116 4148 2242 4203 uni-

592 4247 765 4286 verso
805 4233 1176 4290 manifestus.
1210 4234 1369 4290 Diem
1403 4251 1540 4291 vero
1569 4253 1766 4303 suum,
1801 4237 1942 4293 dicit
1966 4237 2126 4293 diem
2155 4253 2244 4294 se-

594 4319 1082 4376 cundiadventus
1112 4322 1221 4377 sui.
1247 4322 1392 4378 illud
1423 4327 1617 4378 autem
1649 4325 2028 4397 caputetiam
2058 4325 2132 4381 de
2154 4326 2242 4380 his

595 4407 906 4464 manifeste
931 4409 1187 4465 disserit.

668 4502 832 4556 Ners.
865 4499 953 4556 25.
985 4501 1249 4556 Primum
1281 4531 1350 4542 -
1373 4502 1485 4558 hac
1513 4501 1841 4559 Pravorum
1874 4504 2241 4561 Judaaorum.

667 4591 830 4647 Vers.
854 4591 942 4646 26.
974 4593 1049 4648 Et
1072 4591 1223 4648 sicut
1269 4623 1338 4632 —
1369 4593 1529 4648 Vers.
1564 4594 1653 4652 27.
1713 4595 2034 4652 Universos.
2071 4595 2246 4651 Mani-

597 4681 800 4738 festius
830 4682 1063 4753 scripsit
1101 4681 1438 4753 exemplum
1464 4682 1578 4738 hoc
1626 4684 1930 4739 Mattheeus
1956 4684 2247 4755 quinqua-

598 4773 828 4844 gesimo
885 4777 1099 4828 octavo
1165 4773 1354 4844 capite
1385 4789 1398 4827 :
1432 4777 1488 4828 et
1514 4772 1591 4829 ibi
1619 4791 1820 4846 quaere
1871 4773 2050 4846 hujus
2077 4775 2242 4830 intel-

595 4863 838 4921 lectum.

670 4956 834 5011 Vers.
858 4956 946 5010 28.
963 4954 1332 5012 Similiter—
1353 4955 2028 5013 Vers.30.Revetabitur.
2046 4955 2246 5024 Quem-

672 5135 719 5169 ³³
749 5133 918 5192 Joan.
937 5149 978 5200 1,
1015 5135 1104 5192 26.
1182 5136 1231 5170 ³⁸
1261 5134 1458 5193 Matth.
1483 5150 1643 5201 xxxv,
1680 5136 1770 5200 23,
1797 5137 1886 5190 24.

2422 2268 2542 2324 Eius
2615 2303 2683 2312 —
2761 2270 2968 2342 ﬂeo-6s.
3048 2277 3164 2331 Toi;
3212 2273 3526 2331 Φαρισαίοις
3605 2271 3726 2340 μὲν,
3797 2270 3954 2317 καίτοι

2345 2361 2707 2433 χλευαστικῶς
2786 2360 3130 2434 ἐρωτήσασιν,
3210 2362 3345 2431 ὅμως
3415 2361 3610 2432 πράως
3687 2355 3950 2428 ἀπεκρίθη,

2345 2456 2434 2503 καὶ
2471 2453 2602 2524 μετὰ
2655 2459 2749 2512 τῆς
2798 2452 3057 2512 συνήθους
3100 2449 3466 2512 ἀνεξικακίαςο
3535 2455 3653 2508 τοῖς
3703 2448 3948 2518 μαθηταῖς

2347 2537 2406 2593 δε
2443 2540 2620 2592 λοιπὸν
2666 2543 2969 2613 προμηνύει,
3013 2542 3092 2591 ὃτι
3139 2540 3259 2590 ὅσον
3307 2541 3449 2590 οὔπω
3511 2535 3830 2611 ἀναιρεθεὶς,
3875 2532 3945 2583 οὐ·

2345 2635 2451 2683 κέτι
2509 2630 3045 2703 ωμπολιτευθὴσεται
3101 2630 3325 2689 τούτοις.
3385 2634 3562 2679 Τοῦτο
3621 2630 3726 2699 γὰρ
3780 2623 3940 2694 ἐμφαί-

2343 2740 2416 2772 νει
2446 2723 2504 2772 τό
2534 2719 2729 2792 μέλλειν
2759 2719 2944 2780 αὐτοὺς
2983 2718 3309 2790 ἐπιθυμῆσαι
3333 2723 3457 2789 μιᾶς
3497 2725 3608 2768 τῶν
3637 2718 3836 2789 ἡμερῶν
3860 2718 3938 2769 τῆς

2347 2810 2487 2871 ζωῆς
2519 2809 2697 2862 αὑτοῦ.

2419 2903 2518 2952 Καὶ
2566 2897 2770 2972 ἐροῦσιν
2826 2927 2895 2937 -
2948 2893 3188 2959 διώξητε.
3245 2900 3367 2967 Περὶ
3422 2898 3632 2947 τούτων
3683 2894 3929 2964 φανερώτι·

2343 3007 2431 3061 ρον
2476 2986 2696 3060 ἔγραψεν
2735 2988 2760 3038 ὁ
2813 2987 3082 3047 Ματθαῖος
3129 2983 3176 3036 ἐν
3230 2993 3301 3055 τῷ
3353 2991 3706 3052 πεντηκοστῷ
3750 2974 3926 3046 ἑϐδόμῳ

2344 3076 2624 3148 κεφαλαίῳ,
2686 3076 2845 3145 λέγων
2928 3077 3008 3127 ὅτε
3085 3079 3230 3137 Τότε,
3319 3072 3402 3124 ἐάν
3483 3093 3572 3134 τις
3640 3073 3758 3143 ὑμῖν
3804 3069 3912 3132 εἴπῃ.

2343 3163 2488 3220 Ἰδοὺ
2549 3162 2652 3218 ὧδε
2718 3167 2742 3216 ὁ
2819 3167 3067 3238 Χριστὸς,
3137 3168 3167 3222 ἦ
3251 3160 3372 3226 ὧδε,
3442 3168 3524 3234 μὴ
3617 3158 3902 3214 motuin-'1-

2345 3257 2749 3330 Ἐγερθὴσονται
2820 3255 2934 3324 (‘26)
3005 3257 3104 3326 γὰρ
3187 3249 3586 3323 ψευδόχριστοι
3662 3253 3743 3300 καὶ
3805 3241 3907 3311 ψευ-

2349 3343 2696 3418 δοπροφῆται,
2739 3349 2828 3396 καὶ
2871 3347 2934 3395 τὰ
2979 3342 3113 3406 ἑξῆς.
3164 3349 3263 3395 Και
3314 3340 3586 3412 ἀνάγνωθι
3632 3344 3722 3396 τὴν
3758 3335 3917 3386 τούτων

2348 3433 2622 3505 ἐξήγησιν.

2416 3532 2612 3597 Ὠσπερ
2657 3555 2721 3564 -
2767 3522 2978 3594 λάμπει.
3027 3520 3116 3573 Ἐκ
3165 3528 3256 3581 τῆς
3297 3519 3384 3571 ὑπ’
3428 3517 3655 3594 οὐρανὸν
3703 3507 3920 3566 ἀνατολῆς

2349 3613 2420 3674 εἰς
2450 3617 2542 3670 τὴν
2573 3612 2656 3664 ὑπ’
2681 3613 2892 3687 οὐρανὸν
2921 3608 3074 3663 δύσιν
3103 3611 3313 3683 λάμπει.
3337 3613 3474 3665 Φησὶ
3496 3611 3607 3682 ⁸γὰρ
3635 3608 3660 3657 ὁ
3686 3601 3918 3657 Ματθαίος

2349 3701 2396 3754 ἐν
2438 3702 2608 3773 ἐκείνῳ
2638 3710 2708 3772 τῷ
2753 3699 3008 3772 κεφαλαίῳ
3058 3701 3158 3765 ὅτι,
3206 3697 3405 3770 Ὠσπερ
3451 3699 3575 3767 ('27)
3635 3697 3663 3751 ἡ
3706 3685 3919 3758 ἀστραπὴ

2350 3791 2617 3865 ἐξέρχεται
2680 3789 2778 3841 ἀπὸ
2828 3787 3080 3840 ἀνατολῶν
3134 3793 3223 3839 καὶ
3271 3792 3503 3859 φαίνεται
3573 3786 3660 3842 ἕως
3710 3775 3916 3872 δυσμξιν·

2348 3881 2632 3951 Ἀνάγνωθι
2659 3875 2744 3931 οὖν
2773 3877 2871 3930 ἐκεῖ
2898 3882 2989 3935 τὴν
3020 3877 3304 3950 ἑρμηνείαν,
3341 3881 3429 3927 καὶ
3449 3877 3682 3947 μαθήσῃ.
3717 3871 3766 3918 τί
3788 3860 3918 3918 δηλοί

2349 3975 2495 4023 τουτὶ
2526 3973 2581 4022 τὸ
2612 3965 2969 4041 παράδειγμα.

2423 4149 2598 4208 Οὕτως
2636 4179 2704 4186 -
2753 4146 2932 4200 αὐτοῦ.
2985 4145 3164 4204 Οὖτῶς
3209 4146 3356 4196 ἔσται
3400 4148 3491 4195 καὶ
3542 4140 3690 4196 αὐτὸς
3725 4125 3909 4204 φανερός

2351 4240 2496 4310 πάσῃ
2540 4245 2600 4309 τῇ
2639 4236 2931 4308 οἰκουμένῃ.
2982 4234 3202 4308 Ἠμέραν
3229 4229 3287 4284 δὲ
3330 4231 3493 4284 αὐτοῦ
3522 4231 3670 4300 λέγω,
3703 4225 3786 4277 τὴν
3829 4220 3908 4313 τῆξ

2355 4324 2598 4400 δευτέρας
2629 4329 2922 4399 παρουσίας
2954 4324 3134 4375 αὐτοῦ.
3167 4322 3353 4376 Ἐκεῖνο
3382 4317 3442 4373 δὲ
3470 4325 3527 4373 τὸ
3556 4313 3802 4388 κεφάλαιον
3827 4319 3902 4353 και

2352 4421 2469 4488 περὶ
2500 4417 2686 4466 τούτων
2715 4411 3056 4486 διαλαμϐάνει
3088 4421 3281 4484 σαφῶς.

2429 4512 2634 4576 Πρῶτον
2669 4535 2734 4544 ——
2760 4506 2974 4564 ταύτης.
3003 4510 3113 4555 Τῶν
3144 4509 3379 4575 πονηρῶν
3407 4495 3679 4554 Ἰουδαίων.

2428 4599 2528 4646 Καὶ
2608 4595 2780 4653 καθὼς
2858 4623 2926 4632 ——
3006 4592 3252 4650 ἅπαντας.
3331 4595 3655 4662 Φανερώτςοον
3722 4564 3892 4662 ’Ἀθαφξ

2355 4687 2411 4735 τὸ
2463 4680 2803 4758 παράδειγμα
2853 4689 3005 4733 τοῦτο
3057 4682 3327 4740 Ματθαίος
3379 4677 3424 4729 ἕν
3479 4683 3544 4744 τῷ
3596 4669 3882 4754 «utmost?»

2357 4769 2529 4843 ὀγδόῳ
2593 4771 2872 4843 κεφαλαίῳ,
2957 4775 3044 4823 καὶ
3120 4770 3352 4830 ζήτησον
3416 4766 3513 4819 ἐκεῖ
3581 4760 3664 4814 τὴν
3726 4757 3887 4799 τουτον

2357 4862 2662 4936 διάγνωσιν.
3713 4933 3723 4946 ι
3835 4918 3844 4932 ἱ
3887 4919 3899 4946 ἔ

2425 4955 2642 5026 Ὀμοίως
2729 4985 2782 4994 -
2874 4951 3309 5004 ἀποκαλύπτεται.
3376 4947 3575 5018 Ὠσπερ
3652 4947 3760 4990 τους
3831 4936 3901 4972 "ﬂ

1964 5136 2012 5171 '7
2039 5134 2247 5192 Matth.
2277 5151 2432 5202 xxw,
2463 5137 2557 5191 '27.

1795 5312 2017 5381 Variaa
2072 5311 2402 5380 lectiones
2470 5322 2535 5380 et
2562 5319 2762 5379 notae.

647 5512 749 5594 _(5)
774 5513 908 5567 Haec
941 5516 1186 5586 uterque
1221 5511 1281 5566 in
1340 5510 1629 5582 margine.
1682 5513 1804 5567 Non
1836 5510 2014 5567 habet
2045 5513 2248 5565 Hente-

599 5598 757 5638 nius.

2430 5511 2510 5580 (6)
2546 5511 2697 5564 Loco
2715 5508 3206 5581 συμπολιτεύσεται.

2431 5582 2507 5654 (τ)
2550 5585 2652 5656 Γάρ
2685 5582 2917 5637 omittit.
2953 5583 3010 5636 Β.

667 5760 744 5832 (z)
777 5763 956 5817 Datur
979 5761 1092 5818 his.
1132 5760 1332 5818 Redde
1365 5777 1376 5816 :
1411 5761 1610 5816 Datur
1624 5761 1775 5817 enim
1801 5760 1858 5816 id
1889 5761 2153 5832 (regnum
2187 5761 2320 5826 Dei)
2349 5761 2439 5817 his
2463 5775 2707 5833 quoque.
