4144 6314
310 375 468 434 4049
1303 326 1680 424 COMMENT.
1728 369 1804 430 IN
1843 376 2108 434 LUCAM.
2149 412 2217 421 —
2257 381 2408 437 CAP.
2455 380 2619 438 xvu.
3567 383 3707 440 4050

306 504 437 554 Νῶε
506 507 599 556 καὶ
655 500 739 556 ἰπὶ
798 507 935 571 Λὼτ,
983 511 1279 578 τρυφῶντας
1348 483 1442 546 καὶ
1502 472 1934 566 ὄΙιμεριμπνοῦντοιςς,

2071 506 2380 562 idmodum
2422 523 2545 575 eos,
2598 507 2701 581 qui
2762 507 3001 563 fuerunt
3057 506 3421 579 temporibus
3468 508 3593 563 Noe
3650 514 3707 562 et

304 594 445 651 τοὺς
509 595 598 663 μὲν
643 593 1033 667 κατακλυσμὸς,
1082 598 1201 656 τοὺς
1253 589 1311 645 δὲ
1367 590 1473 656 πῦρ
1516 585 1603 635 καὶ
1656 587 1788 642 θεῖον
1828 587 1938 643 διέ-

2068 596 2171 657 ροῐ,
2202 596 2255 649 in
2288 596 2511 652 deliciis
2544 604 2788 665 agentes
2838 614 2907 653 ac
2964 614 3201 654 securos
3244 596 3525 669 perdidit,
3573 595 3704 651 illos

306 680 565 753 φθειραν,
639 681 912 756 οὐρανόθεν
1005 679 1259 755 αἰφνίδιον
1330 675 1728 748 κατενεχθένταο
1805 680 1939 732 οὕτω

2068 685 2293 756 ιιιὶόθιι]
2324 687 2637 753 diluvium,
2669 687 2782 741 hos
2816 703 2955 743 vero
2981 688 3130 756 ignis
3164 694 3220 743 et
3241 687 3510 759 sulphur,
3541 685 3704 742 caeli-

302 774 407 820 καὶ
498 769 587 821 ἐπὶ
663 779 760 833 τῆς
813 769 1054 843 δευτέρας
1126 776 1415 846 παρουσίας
1475 776 1774 841 τρυφῶντας
1850 773 1938 820 καὶ

2076 791 2142 827 us
2172 783 2410 846 repente
2436 776 2695 831 demissa
2729 795 2741 829 :
2772 776 2853 831 ita
2898 782 2954 831 et
2992 793 3118 845 eos,
3164 779 3264 849 qui
3296 783 3564 845 tempore
3619 790 3705 829 se-

306 854 738 931 ἁριεριμποῦντας
787 860 989 933 ὄλεθρος
1035 858 1295 933 αἰφνίδιος
1352 857 1732 930 καταλήψεται.
1789 866 1939 912 Θεῐον

2064 864 2228 918 :undi
2243 864 2531 919 adventus
2554 870 2747 930 erunt,
2779 867 2837 920 in
2858 865 3078 920 deliciis
3093 871 3336 933 agentes
3352 881 3421 919 ac
3436 880 3700 928 securos,

308 942 377 999 δέ
442 946 580 1013 ἐστι,
641 953 697 1001 τὸ
753 950 1018 1023 λεγόμενον
1079 952 1326 1023 θειάφιον,
1382 950 1577 1023 λιπαρὰ
1632 953 1794 1023 τροφή
1848 955 1939 999 τοῦ

2066 953 2294 1008 )erditio
2323 956 2633 1025 repentina
2663 954 3087 1025 deprehendet.
3123 958 3273 1008 Θεῖον
3304 960 3525 1019 autem,
3583 952 3702 1009 sive

306 1041 465 1109 πυρὸ
478 1057 520 1099 ς.

2067 1044 2276 1113 θειάφιον
2304 1044 2484 1116 (quod
2518 1060 2628 1100 nos
2651 1044 2912 1114 sulphur
2936 1043 3219 1115 dicimus)
3259 1044 3566 1114 egregium
3614 1048 3703 1099 est

2047 1132 2203 1202 ignis
2232 1135 2687 1190 nutrimentum.

393 1214 487 1266 Ἐν
537 1244 597 1257 -α-
644 1208 767 1287 ἆραι
817 1216 967 1269 αὐτά.
1022 1215 1080 1268 Ὀ
1132 1224 1222 1277 τῆς
1265 1218 1407 1269 κάτω
1461 1212 1735 1287 διατριϐῆς
1786 1216 1939 1286 ὑπερ-

2117 1224 2278 1278 Vers.
2322 1225 2411 1278 31.
2447 1224 2516 1279 In
2542 1254 2611 1264 —-
2641 1224 2722 1279 ad
2764 1224 3089 1280 tollendum
3130 1238 3214 1280 ea.
3242 1222 3353 1288 Qui
3383 1238 3420 1278 a
3468 1226 3702 1277 terrena

308 1305 526 1374 αρθεὶς,
584 1309 673 1356 καὶ
725 1304 922 1375 ὑψηλὸς
967 1314 1039 1375 τῷ
1087 1303 1188 1377 βίῳ
1227 1310 1507 1377 γενόμενος,
1556 1305 1616 1356 οὗ
1672 1307 1739 1356 τὰ
1792 1305 1934 1361 πάθη

2068 1313 2493 1367 :onversatione
2542 1312 2910 1381 sublevatus,
2942 1317 2997 1368 et
3034 1312 3306 1367 sublimis
3358 1311 3482 1365 vita
3527 1309 3704 1365 fuerit

308 1390 363 1443 ἐν
430 1402 511 1463 τῷ
590 1397 772 1464 κόσμῳ
847 1393 1275 1465 κατελείφθησαν,
1349 1393 1427 1456 οἷς
1498 1392 1752 1467 ἐκέχρητο
1808 1397 1937 1466 πρὸς

2065 1399 2305 1466 affectus,
2338 1403 2508 1467 cujus
2539 1400 2787 1456 affectus
2820 1401 2879 1456 in
2907 1401 3135 1457 mundo
3162 1400 3347 1455 relicti
3382 1402 3542 1462 sunt,
3572 1398 3701 1471 qui-

306 1479 587 1553 ἐργασίαν
616 1490 706 1541 τῆς
733 1480 1013 1554 ἁμαρτίας.
1037 1488 1107 1554 μὴ
1139 1482 1418 1535 καταϐάτω
1449 1478 1573 1557 ἆραι
1616 1482 1767 1534 αὐτά·
1811 1481 1937 1533 ἀλλά

2062 1506 2159 1545 ius
2172 1490 2245 1544 ad
2264 1490 2487 1560 peccati
2508 1491 2915 1562 operationem
2936 1491 3231 1555 utebatur,
3256 1504 3329 1543 ne
3350 1488 3698 1553 descendat,

304 1574 521 1641 μενέτω
555 1568 638 1621 ἐπὶ
681 1579 778 1631 τῆς
811 1571 1154 1642 ὑψηλότητος,
1188 1578 1275 1625 και
1304 1577 1615 1648 περιμενίτω
1659 1576 1746 1624 τὸν
1789 1591 1933 1624 κατε·

2066 1583 2110 1634 it
2146 1578 2312 1634 tollat
2339 1594 2462 1641 eos,
2493 1578 2597 1633 sed
2624 1586 2866 1634 maneat
2895 1579 2953 1633 in
3005 1578 3381 1643 celsitudine,
3413 1583 3469 1632 et
3498 1590 3702 1647 exspe-

312 1664 562 1731 χόμενον
596 1662 803 1733 Κύριον.

2044 1672 2158 1723 ctet
2184 1669 2645 1723 descendentem
2674 1669 3014 1724 Dominum.

394 1753 506 1801 Καὶ
554 1750 579 1800 ὁ
622 1780 687 1788 —
745 1748 941 1806 ὀπίσω.
993 1749 1050 1802 Ὀ
1105 1749 1152 1801 ἓν
1195 1758 1266 1819 τῷ
1324 1750 1437 1822 (10)
1492 1749 1935 1824 ἆνακεχωρημένῳ

2115 1758 2274 1811 Vers.
2309 1762 2395 1814 3t.
2439 1759 2511 1813 Et
2549 1760 2654 1829 qui
2691 1789 2758 1799 —
2789 1774 2825 1814 α
2858 1766 3040 1828 (ergo.
3075 1787 3143 1798 —
3179 1756 3285 1817 Qui
3311 1756 3368 1811 in
3411 1755 3527 1811 vita
3558 1759 3698 1810 sunt

312 1834 447 1909 βίῳ.
491 1844 672 1889 Ταῦτα
704 1834 762 1890 δὲ
792 1839 1137 1910 παραγγέλλει
1177 1836 1270 1891 διὰ
1299 1843 1387 1898 τὴν
1422 1848 1707 1897 τηνικαῦτα
1744 1839 1933 1898 πολλὴν

2060 1848 2485 1914 anachoretica,
2531 1849 2654 1903 sive
2711 1855 3041 1917 segregata,
3085 1852 3187 1902 aut
3235 1850 3531 1917 separata.
3571 1847 3696 1899 Haec

309 1925 539 1984 ἀπάτην
564 1936 664 1977 τῶν
694 1924 1141 2000 ψευδοπροφητῶν
1172 1936 1262 1980 τοῦ
1292 1930 1690 2003 Ἀντιχρίστου,
1730 1934 1819 1981 καὶ
1840 1934 1934 1986 τὴν

2062 1941 2244 1990 tutem
2281 1936 2793 2008 prmcipitpropter
2822 1936 3195 1991 seductiones
3213 1933 3698 2007 pseudoprophe-

315 2012 576 2089 σφοδρὰν
599 2015 794 2075 πλάνην
828 2017 1009 2069 αὐτοῦ.

2061 2040 2240 2081 'arum
2266 2025 2625 2092 Antichristi,
2669 2043 2799 2097 qua:
2852 2032 2991 2080 tunc
3035 2025 3368 2096 frequenter
3416 2028 3607 2087 erunt,
3642 2026 3697 2076 et

2042 2115 2454 2170 vehementem
2485 2115 2672 2186 ipsius
2710 2113 3050 2169 Antichristi
3081 2113 3514 2182 deceptionem.

382 2196 757 2265 Μνημονεύετε
859 2203 954 2256 τῆς
1034 2198 1278 2266 γυναικὸς
1359 2202 1451 2247 τοῦ
1556 2201 1691 2250 Λώτ.
1780 2195 1933 2249 Ἤτοι

2112 2205 2274 2260 Vers.
2308 2208 2393 2259 32.
2420 2204 2699 2260 Memores
2729 2210 2901 2260 estote
2927 2203 3131 2259 uxoris
3156 2204 3279 2257 Lot.
3321 2200 3469 2266 Quid
3496 2198 3697 2255 videli-

298 2290 402 2334 τοῦ
479 2285 676 2344 πάθους
733 2283 916 2345 αὐτῆς.
974 2291 1077 2336 Τοῦ
1139 2292 1270 2337 Θεοῦ
1321 2288 1421 2357 γὰρ
1462 2294 1531 2356 τῷ
1595 2291 1718 2338 Λὼτ
1772 2288 1933 2357 μηνύ-

2056 2298 2131 2348 :et
2160 2292 2240 2348 illi
2284 2293 2583 2348 acciderit.
2618 2296 2765 2349 Cum
2819 2296 2981 2348 enim
3025 2296 3176 2347 Deus
3210 2291 3316 2359 ipsi
3355 2291 3463 2344 Lot
3495 2286 3692 2358 signiﬁ

305 2391 517 2433 σαντ-ος
564 2380 738 2442 φυγεῖν
793 2370 893 2424 ἀπὸ
950 2382 1046 2424 τῶν
1099 2370 1340 2445 Σοδόμων
1396 2382 1650 2444 παγγενῆ,
1711 2371 1804 2426 διὰ
1846 2379 1930 2427 τὸν

2060 2386 2234 2436 :asset
2266 2388 2386 2436 uta
2414 2381 2690 2437 Sodomis
2739 2381 2989 2436 omnino
3043 2380 3289 2448 fugeret,
3340 2381 3581 2449 propter
3610 2376 3696 2430 in-

305 2461 579 2533 μέλ).οντα
620 2460 928 2513 καταλαϐεῖν
982 2462 1115 2514 αὐτα
1163 2463 1405 2520 θεήλατον
1458 2462 1784 2536 ἐμπρησμὸν,
1840 2469 1928 2514 καὶ

2058 2470 2316 2525 :endium
2348 2470 2631 2524 divinitus
2646 2470 3114 2532 immittendum,
3144 2468 3308 2539 quod
3335 2467 3435 2521 illa
3449 2480 3694 2536 oppres-

304 2550 769 2624 παραγγείλαντος
827 2549 1209 2625 ἀμεταστρεπτὶ
1258 2548 1520 2624 βαδίζειν,
1570 2552 1839 2623 ἐπέϐλεψεν
1898 2555 1926 2610 ἡ

2056 2574 2247 2612 surum
2296 2564 2444 2623 erat,
2500 2574 2570 2611 ac
2618 2558 2997 2628 praecepisset
3053 2562 3117 2611 ut
3169 2571 3279 2611 nec
3353 2556 3410 2609 in
3464 2560 3692 2622 tergum

307 2645 456 2711 γυνή
518 2639 678 2691 αὐτοῦ
736 2640 802 2699 εἰς
844 2642 907 2691 τὰ
960 2640 1149 2703 ὀπίσω,
1200 2646 1289 2691 xui
1335 2640 1525 2711 ἐγένετο
1568 2641 1732 2698 στήλη
1788 2641 1926 2701 ἁλός·

2057 2646 2410 2717 ’θερὶοἱεῃόο
2450 2647 2924 2715 progrederetur,
2974 2646 3230 2715 respexit
3281 2659 3433 2699 uxor
3468 2642 3599 2713 ejus
3631 2641 3693 2696 in

313 2729 492 2785 στήλη
522 2730 636 2799 μεν,
672 2728 742 2787 εἰς
772 2725 1112 2801 παράδειγμα
1144 2738 1242 2779 τῶν
1289 2731 1638 2800 στρεφομένων
1688 2727 1787 2780 ἀπὸ
1836 2738 1931 2789 τῆς

2053 2749 2292 2803 Lergum,
2327 2742 2382 2789 et
2432 2735 2587 2790 facta
2617 2741 2705 2789 est
2734 2740 2930 2790 statua
2959 2734 3099 2789 salis
3133 2750 3145 2789 :
3182 2737 3376 2789 statua
3422 2732 3689 2804 quidem,

318 2813 706 2889 σωτηριωδους
750 2814 876 2868 ὀδοῦ
917 2815 999 2868 ἐπὶ
1039 2820 1103 2868 τὰ
1131 2822 1351 2890 πρότερα
1378 2819 1501 2874 ἤθη·
1546 2816 1698 2879 αλλὸς
1725 2814 1803 2885 δὲ,
1839 2815 1930 2869 διὰ

2062 2840 2098 2878 n
2130 2823 2471 2894 exemplum
2503 2840 2705 2879 eorum
2736 2825 2840 2897 qui
2868 2840 2904 2879 a
2937 2823 3179 2878 salutari
3212 2823 3307 2877 via
3355 2821 3433 2877 ad
3466 2821 3691 2893 priores

314 2910 415 2963 τὴν
442 2904 541 2956 ἀπὸ
569 2914 659 2965 τῆς
690 2904 949 2976 ἁμαρτίας
969 2911 1200 2979 πικρίαν.

2054 2928 2236 2968 nores
2262 2918 2635 2969 revertuntur
2689 2930 2703 2980 ;
2736 2913 2878 2968 salis
2916 2917 3140 2982 autem,
3186 2917 3424 2983 propter
3463 2910 3690 2982 peccati

2036 3001 2443 3058 acerbitatem.
2658 3060 2661 3063 ,

392 3077 491 3140 ’ος
536 3111 597 3120 -
642 3081 821 3139 αὐτὴν.
875 3081 968 3144 ’ος
1012 3081 1072 3133 ἂν
1123 3083 1332 3143 ζητηση
1382 3088 1475 3142 τὴν
1520 3083 1708 3155 ψυχὴν
1766 3085 1925 3137 αὑτοῦ

2108 3091 2274 3146 Vers.
2305 3094 2390 3147 33.
2426 3091 2754 3163 Quicunque
2800 3129 2809 3134 -
2852 3106 2997 3147 eam.
3024 3090 3373 3163 Quicunque
3394 3088 3690 3161 quaesierit

318 3167 666 3242 ἇλευθερώσαι
689 3168 788 3221 ἀπὸ
811 3179 908 3222 τῶν
932 3174 1259 3243 ἐπαγομένων
1282 3173 1418 3244 αὐτῲ
1442 3170 1534 3225 διὰ
1556 3179 1648 3232 τὴν
1666 3173 1924 3226 εὐσέϐειαν

2055 3180 2296 3235 ιῐιὶωειω
2326 3198 2494 3236 suam
2521 3180 2772 3235 liberare
2794 3181 2866 3235 ab
2920 3180 3179 3235 inductis
3223 3178 3308 3233 illi
3343 3183 3581 3249 propter
3603 3193 3691 3233 re-

316 3254 577 3309 κινδύνων
633 3261 733 3310 ὑπὸ
802 3268 893 3312 τοῦ
952 3261 1346 3333 ’Λντιχρίστου,
1415 3271 1477 3334 τῇ
1537 3262 1763 3335 ἀπωλείᾳ
1831 3272 1925 3325 τῆς

2052 3270 2318 3339 igionem
2352 3271 2430 3325 ab
2454 3270 2813 3325 Antichristo
2847 3269 3142 3340 periculis,
3167 3267 3479 3339 perditioni
3508 3266 3688 3321 futuri

316 3346 612 3419 μελλούσης
643 3350 902 3411 κολάσεως
945 3346 1251 3423 παραδωσει
1302 3351 1484 3418 αὐτὴν,
1538 3354 1607 3414 ὡς
1658 3349 1925 3427 προδεδω-

1867 3374 1925 3402 ω-
2035 3358 2307 3429 supplicii
2338 3359 2501 3413 trade
2532 3358 2714 3425 illam,
2745 3362 2807 3413 ut
2834 3374 2964 3429 quae
3000 3357 3181 3411 ﬁdem
3222 3355 3503 3428 prodidit.

315 3456 473 3487 κυιαν
504 3457 597 3494 την
626 3456 824 3490 πιστιν.

399 3531 497 3578 Καὶ
551 3527 601 3586 ὃς
665 3559 729 3567 -—
791 3527 973 3585 αὐτὴν.
1034 3527 1129 3590 ’ος
1179 3529 1239 3580 ἆν
1302 3528 1552 3604 ἀφαιρεθῇ
1613 3530 1774 3588 αὐτὴν
1831 3526 1925 3583 διὰ

2104 3536 2269 3590 Vers.
2299 3536 2392 3593 33.
2441 3536 2515 3591 Et
2564 3536 2894 3607 quicunque
2938 3536 3202 3591 —-Eam.
3254 3532 3535 3604 Quisquis
3584 3547 3688 3604 per

315 3623 647 3685 μαρτυρικοῡ
694 3618 939 3684 θανάτου,
973 3618 1294 3688 ζωογονήσει
1342 3618 1524 3685 αὐτὴν,
1570 3623 1707 3686 ἤτοι,
1764 3627 1923 3671 σώσει

2050 3626 2303 3696 nartyrii
2353 3631 2594 3680 mortem
2641 3626 2772 3696 ipsa
2819 3624 2990 3679 fuerit
3030 3622 3318 3694 privatus,
3360 3622 3455 3677 hic
3506 3621 3686 3677 vitam

314 3704 453 3752 κατὰ
490 3706 577 3753 τὸν
604 3704 851 3774 μέλλοντα
882 3706 1061 3760 αἰῶνα.

2031 3713 2115 3769 illi
2140 3713 2396 3779 parabit,
2430 3714 2552 3768 sive
2575 3712 2825 3768 servabit
2852 3728 2986 3767 eam
3018 3713 3076 3767 in
3111 3711 3308 3766 futuro
3340 3709 3576 3766 saeculo.

387 3794 535 3861 Λέγω
604 3824 670 3832 -
752 3792 1067 3864 ἀφεθήσεται
1138 3797 1274 3863 (11).
1358 3798 1529 3868 Ταύτῃ
1603 3806 1663 3869 τῇ
1745 3802 1925 3849 νυκτί-

2102 3803 2264 3859 Vers.
2295 3806 2381 3857 34.
2411 3803 2555 3858 Dico
2588 3833 2652 3844 —
2699 3802 2862 3857 Vers.
2892 3802 2979 3855 33.
3036 3801 3444 3871 Relinquetur.
3478 3800 3543 3854 In
3586 3797 3686 3855 illa

311 3882 574 3953 ποία;Τῇ
628 3890 718 3933 τοῦ
760 3893 945 3956 καιροῦ
985 3892 1077 3943 τῆς
1136 3881 1381 3958 δευτέρας
1434 3891 1742 3959 παρουσίας.
1800 3892 1920 3957 Περὶ

2048 3897 2223 3955 nocte,
2249 3908 2365 3962 qua
2393 3893 2420 3947 ?
2460 3893 2522 3946 In
2563 3908 2654 3960 ea,
2687 3907 2828 3963 quos
2867 3890 2974 3945 erit
3002 3896 3267 3961 tempore
3307 3888 3553 3944 secundi
3586 3888 3684 3942 ad-

312 3962 376 4017 δε
406 3977 504 4019 τῶν
544 3972 592 4021 ἐν
625 3979 696 4040 τῷ
723 3969 865 4040 ἀγρῷ
899 3976 987 4023 καὶ
1016 3981 1117 4023 τῶν
1157 3970 1461 4029 ἀληθουσών
1502 3977 1705 4047 εἴρηται
1755 3984 1920 4046 quos“);

2048 3986 2241 4035 ventus
2288 3980 2499 4052 ipsius.
2554 3984 2631 4035 De
2682 3962 2778 4045 his
2828 3985 3049 4044 autem,
3092 3980 3194 4051 qui
3227 3984 3399 4033 erunt
3446 3978 3505 4032 in
3538 3992 3684 4048 agro

312 4054 364 4106 ἐν
391 4066 463 4127 τῷ
492 4068 822 4127 πεντηκοστῷ
847 4056 1019 4130 ὀγδόῳ
1058 4061 1315 4132 κεφαλαίῳ
1347 4070 1437 4113 τοὺ
1465 4067 1599 4115 κατὰ
1629 4067 1915 4128 Ματθαῖον,

2050 4075 2086 4125 ει
2120 4085 2253 4141 quas
2282 4074 2455 4125 erunt
2480 4069 2799 4125 molentes:
2833 4067 3142 4123 manifeste
3164 4066 3385 4122 dictum
3403 4071 3494 4122 est
3514 4065 3686 4137 quin-

313 4148 404 4195 καὶ
451 4148 674 4207 ζήτησον
705 4145 807 4197 ἐκεῖ
836 4152 929 4205 τὴν
970 4147 1220 4218 ἐξήγησιν
1249 4157 1358 4202 τοῦ’
1406 4157 1531 4204 Τότε
1573 4150 1669 4205 δύο
1714 4156 1918 4205 ἔσονται

2048 4159 2381 4230 Ῑυειεθείωο
2420 4164 2632 4214 octavo
2684 4158 2856 4229 juxta
2889 4157 3227 4212 Matthamm
3259 4156 3452 4226 capite
3487 4160 3583 4213 :et
3604 4153 3684 4209 ibi

314 4230 363 4282 έν
392 4242 462 4303 τῷ
487 4232 651 4305 ἀγρῷ·
2028 4263 2227 4318 quaere
2252 4248 2392 4303 dicti
2428 4248 2581 4303 illius
2628 4248 3069 4303 enarrationem
3111 4261 3124 4300 :
3162 4245 3334 4304 Tunc
3366 4245 3479 4300 duo
3510 4249 3681 4300 erunt

2026 4335 2089 4391 in
2122 4351 2266 4407 agro
2297 4340 2366 4390 ³⁸.

396 4415 495 4462 Καὶ
534 4409 865 4486 ἀποκριθέντε
908 4446 974 4456 -
1021 4425 1142 4485 ποῦ,
1196 4419 1391 4491 Κύριε;
1428 4427 1533 4472 Ποῦ
1573 4420 1916 4493 παραλαμϐά-

2099 4425 2259 4482 Vers.
2296 4433 2382 4483 37.
2410 4428 2486 4482 Et
2516 4425 2932 4497 respondentes
2961 4457 3031 4466 —
3057 4441 3185 4498 quo,
3225 4424 3468 4480 Domine
3489 4423 3517 4478 ?
3552 4423 3680 4487 Quo

316 4516 492 4551 νονται
516 4517 528 4567 ;
1951 4552 1952 4555 η

387 4587 441 4604 (Α
678 4589 690 4604 9
798 4598 807 4604 .
903 4601 941 4604 _
1051 4599 1060 4604 -
1313 4597 1324 4604 ι
1449 4597 1460 4604 ι
1536 4599 1546 4604 -

903 4601 941 4604 _
1051 4599 1060 4604 _
1313 4597 1324 4604 ‘
1449 4597 1460 4604 _
1536 4599 1546 4604 _
1951 4520 2472 4604 Dassumentur?

387 4587 445 4640 Ὀ
525 4621 589 4631 --
668 4589 824 4646 ἀετοί.
902 4599 1198 4661 Τουτέστιν,
1283 4597 1354 4659 εἰς
1439 4597 1725 4656 ἀπάντησίν
1792 4620 1913 4673 μου,
1951 4587 1994 4604 υ

2098 4604 2262 4659 Vers.
2290 4604 2378 4659 37.
2410 4605 2484 4660 At
2506 4605 2829 4676 -αίιιιίιιεο⁸
2861 4606 2979 4659 Ηοο
2997 4606 3100 4669 est,
3126 4602 3185 4657 in
3203 4616 3519 4657 occursum
3539 4598 3678 4669 mei,

316 4675 390 4739 εἰς
455 4675 770 4753 δορυφορίαν
828 4687 915 4735 καὶ
967 4690 1302 4756 προπομπήν.
1362 4686 1569 4748 Ἀετούς
1643 4693 1732 4760 μὲν
1813 4693 1913 4764 γὰρ

2043 4692 2104 4749 td
2135 4693 2467 4748 satellitium
2491 4709 2560 4748 ac
2591 4675 3091 4764 pi'asmissionem.
3118 4690 3359 4761 Aquilas
3381 4688 3679 4761 siquidem

316 4766 551 4840 ὠνόμασε
615 4774 735 4833 τοὺς
782 4768 1043 4837 δικαίους,
1113 4776 1181 4834 ὡς
1246 4774 1480 4845 ὑψηλοὺς
1549 4784 1661 4838 ταῖς
1716 4776 1914 4851 ἀρεταῖς

2047 4781 2360 4836 iomiuavit
2383 4782 2599 4853 justos,
2642 4786 2931 4852 tanquam
2963 4779 3276 4835 virtutibus
3308 4777 3594 4833 sublimes
3626 4781 3683 4832 et

315 4861 405 4908 xui
460 4856 790 4929 βασιλικούς
844 4870 997 4933 σῶμα
1052 4858 1129 4920 δε,
1200 4862 1400 4927 ἑαυτὸν,
1469 4867 1538 4925 ὡς
1614 4872 1912 4937 συναγωγὸν

2040 4870 2220 4939 regios
2254 4885 2265 4923 :
2296 4886 2515 4941 corpus
2566 4885 2725 4939 vero,
2760 4885 2821 4925 se
2874 4870 3097 4941 ipsum,
3141 4873 3429 4940 tanquam
3460 4865 3676 4937 hujus-

314 4954 414 4997 τῶν
454 4950 698 4998 τοιούτων
739 4946 916 5006 ἀετῶν,
966 4956 1161 5023 Πτώμα
1206 4948 1265 5003 δε
1309 4955 1366 5003 τὸ
1429 4961 1580 5025 σῶμα
1627 4954 1847 5027 ἔγραψεν
1889 4958 1913 5008 ὁ

2046 4957 2190 5012 nodi
2219 4957 2447 5028 aquilas
2484 4963 2969 5026 congregantem.
3002 4956 3176 5023 Quod
3221 4962 3424 5012 autem
3453 4955 3548 5010 hic
3576 4955 3682 5012 ha-

316 5034 581 5095 Ματθαῖος
595 5079 607 5091 ,

2044 5052 2193 5103 ietur
2213 5056 2365 5119 σῶμα
2391 5062 2629 5120 corpus,
2680 5047 2979 5105 Matthaeus
3029 5046 3263 5121 scripsit
3315 5054 3524 5120 πτῶμα,
3564 5046 3680 5102 hoc

2025 5141 2113 5194 est
2142 5136 2409 5195 cadaver.

387 5246 437 5282 ³⁸
461 5248 654 5305 Matth.
685 5265 843 5317 niv,
876 5251 965 5322 40,

1520 5353 1742 5423 Varia:
1781 5356 2111 5425 lectiones
2154 5368 2220 5426 et
2267 5368 2470 5429 note.

384 5488 480 5577 (8).
510 5489 644 5585 "Eni,
671 5495 789 5554 τοὺς
817 5501 908 5555 τῆς
938 5495 994 5549 Β.
1049 5493 1479 5565 Corrigendum
1530 5497 1780 5566 videtur,
1822 5507 1913 5554 καὶ

2036 5507 2223 5585 potest
2273 5504 2584 5561 Herodian.
2642 5519 2701 5575 p.
2775 5507 2862 5571 39,
2941 5509 2991 5560 ‘ev
3060 5513 3169 5567 τοῖς
3241 5508 3672 5583 ἁνακεχωρηκὸσι

313 5570 431 5623 τοὺς
462 5570 544 5614 ἐπὶ
584 5570 699 5625 τῆς.

386 5632 824 5726 εξνλμξςεγοιιίυξ
852 5636 1029 5726 ei?!“
1065 5637 1290 5726 θεὲίφιονο
1437 5711 1466 5726 ..
1510 5711 1524 5726 .
1800 5713 1855 5726 ,.

2037 5595 2452 5726 ὀῖῗίῖγθτευε
2483 5646 2572 5726 36,
2608 5649 3048 5726 praetermissus
3080 5650 3390 5726 est__etiam
3424 5648 3502 5704 ab
3528 5651 3673 5705 Hen-

387 5705 498 5797 go)
512 5705 844 5797 ςλναγεωρξῖν
867 5705 1203 5797 frequenter
1221 5711 1910 5797 occurritdefr‘nonachis,
2026 5705 2201 5797 tento:
2230 5720 2377 5789 Ergo
2407 5734 2517 5776 nec
2546 5705 2696 5775 i's'in
2743 5737 2852 5778 suo
2907 5705 3233 5797 Euthymiii
3258 5705 3458 5778 codice
3506 5735 3670 5791 repe-

313 5781 494 5845 quise
509 5783 786 5849 separant
809 5794 844 5834 a
856 5782 1213 5837 commercio
1226 5781 1913 5856 hominum.Comparari
2021 5788 2112 5844 rit.
