4144 6314
580 327 710 386 1051
1891 333 2215 393 ΕυΤΗΥΜΙ

2328 333 2444 392 [GA
2457 317 2634 388 BEN!
3846 338 3964 396 lose

950 456 1099 516 CAP.
1134 459 1265 517 LXI.
1300 461 1386 517 De
1397 459 1601 531 judice
1632 461 1852 534 iniquo.
2259 464 2306 516 Α
2563 464 2586 511 Ε

2259 464 2306 516 Α
2563 463 2707 519 ΚΕΦ.
2738 461 2855 522 ΞΑ’.
2888 469 3013 539 Περὶ
3044 473 3134 518 τοῦ
3159 475 3340 540 κριτοῦ
3369 473 3474 527 τῆς
3509 461 3767 528 ἀδικίας.

651 548 808 604 CAP.
845 549 1025 608 XLIII.
1067 551 1228 606 Vers.
1262 556 1312 606 I.
1355 551 1587 608 Dicebat
1623 583 1686 592 —
1716 568 1911 609 orare.
1943 553 2043 608 Die
2071 552 2231 609 vide-

2409 550 2593 622 Ἔλεγε
2624 584 2688 595 --
2720 558 3130 628 προσεύχεσθαι.
3167 556 3406 628 Ἰ-ιμέρας,
3445 552 3709 623 δηλαδὴ,
3740 559 3828 608 καὶ
3856 575 3967 608 νυκ-

579 636 717 694 licet
739 644 796 695 et
825 645 1012 704 nocte,
1048 641 1325 710 congruis
1355 649 1408 695 et
1435 641 1728 698 ordinatis
1766 642 2156 714 temporibus.

1766 642 2156 714 temporibus.
2341 645 2442 710 τὸς,
2473 645 2607 694 κατά
2635 646 2754 704 τοὺς
2779 650 3141 718 προσήκοντας
3170 650 3399 719 καιρούς.

651 727 814 784 Vers.
853 731 903 784 1.
934 729 1058 786 Nec
1095 730 1434 802 defatigari.
1461 733 1585 786 Non
1625 730 1876 787 deﬁcere
1906 737 2155 787 orantes.

2414 736 2514 784 Καὶ
2593 737 2665 804 μὴ
2733 731 2988 787 ἐκκακεῖν.
3069 739 3152 792 Μὴ
3243 733 3583 807 ἀποκάμνειν
3687 753 3958 808 προσευχο-

2340 840 2492 893 μενου
2503 843 2541 883 ς.

651 905 817 963 Vers.
846 911 898 962 2.
936 909 1152 964 Dicens
1179 940 1246 949 —
1273 909 1436 964 Vers.
1488 913 1542 964 4.
1595 911 1973 983 Aliquandiu.
2031 913 2230 982 Neque

2412 915 2589 982 Λὲγων
2647 940 2714 954 --
2779 912 2866 964 ἐπὶ
2916 917 3127 985 χρόνον.
3205 919 3349 972 Μήτε
3420 916 3524 965 τὸν
3581 915 3722 966 Θεὸν
3801 912 3963 985 φοϐού-

585 997 756 1052 Deum
787 997 1028 1054 timebat
1049 999 1357 1068 jubentem
1385 1014 1488 1055 eos
1518 1000 1837 1061 vindicare,
1878 1001 1980 1072 qui
2013 1000 2221 1070 injuria

2340 1019 2507 1070 μενος,
2575 1004 2661 1052 τὸν
2737 1001 3004 1053 κελεύοντα
3066 999 3288 1054 ἐκδικεῖν
3365 1006 3502 1064 τοὺς
3569 998 3961 1074 ἀδικουμένους·

579 1085 770 1141 affecti
801 1091 939 1142 sunt
962 1106 975 1146 :
1002 1102 1196 1158 neque
1233 1087 1536 1143 hominem
1578 1090 1978 1155 reverebatur,
2013 1089 2113 1161 qui
2137 1090 2215 1160 ju‘

2340 1095 2466 1159 μήτε
2565 1092 2625 1141 οἰν
2634 1092 2833 1164 θρωπον
2945 1089 3271 1166 ἐντρεπόμενο
3282 1111 3320 1152 ς,
3427 1093 3529 1143 τὸν
3654 1099 3963 1164 μεμφόμενον

577 1174 814 1231 dicibus
835 1176 1180 1248 indignatur
1199 1192 1516 1249 oppressos
1534 1179 2013 1251 despicientibus.

2338 1187 2441 1239 τοῖς
2477 1176 2759 1240 δικασταῖς
2807 1187 2918 1242 τοίς
2950 1189 3235 1254 περιορῶσι
3276 1183 3396 1242 τοὺς
3449 1183 3604 1233 κατὰ
3661 1177 3964 1234 δυναστενο·

2380 1286 2489 1320 ενου
2501 1287 2542 1327 ς.

650 1354 812 1411 Vers.
844 1357 894 1410 4.
925 1355 1060 1410 Post
1089 1354 1206 1410 haec
1231 1387 1298 1396 —
1329 1354 1494 1411 Vers.
1525 1361 1575 1411 5.
1608 1356 1785 1414 Illam
1825 1359 1910 1429 -Η-
1940 1356 2230 1414 Laborem

2337 1287 2489 1338 μενου
2501 1287 2542 1327 ς.

2409 1359 2554 1410 Μετὰ
2582 1352 2640 1409 δε
2670 1364 2837 1410 ταῦτα
2865 1389 2931 1398 -
2978 1356 3160 1416 αὐτὴν.
3196 1360 3364 1411 Κόπον
3417 1355 3457 1411 δ
3461 1361 3486 1410 ξ
3519 1359 3648 1430 (12)
3705 1357 3844 1430 λέγει
3869 1366 3959 1420 νῦν,

578 1456 741 1498 nunc
771 1443 931 1509 dicit,
963 1443 1364 1500 turbationem
1398 1444 1796 1517 (molestiam).

1073 1444 1364 1500 bationem
1398 1444 1796 1517 (molestiam).
2340 1450 2433 1504 τὴν
2462 1445 2709 1517 ὄχλησιν.

649 1532 812 1588 Vers.
847 1540 898 1589 5.
930 1534 1015 1591 Ne
1074 1565 1139 1576 -
1206 1550 1316 1590 me.
1368 1535 1438 1589 In
1481 1535 1676 1606 ﬁnem,
1727 1534 1838 1590 hoc
1891 1540 1998 1600 est,
2067 1551 2226 1608 pror-

2407 1534 2520 1588 Ἵνα
2559 1565 2627 1577 -
2681 1555 2763 1607 με.
2820 1535 2909 1598 Εἰς
2958 1535 3120 1599 τέλος,
3172 1539 3334 1606 ἤγουν
3405 1538 3561 1610 ἄχρι
3620 1540 3838 1601 παντὸς,
3900 1533 3958 1587 δι’

583 1638 706 1691 sus,
735 1624 1429 1680 auttandem.Exturbut
1461 1631 1684 1692 autem,
1732 1625 1787 1680 id
1820 1630 1929 1688 est,
1976 1627 2219 1696 gravitet

2341 1624 2478 1677 ὣιου.
2509 1623 2811 1698 ’Υπωπιοίζῃ
2843 1625 2957 1697 (13)
2987 1645 3050 1698 με
3081 1621 3160 1689 δι,
3204 1623 3317 1677 ἁντὶ
3343 1633 3463 1694 τοῦ,
3499 1634 3747 1698 Δυσωπῇ
3777 1626 3902 1696 (14),
3934 1628 3956 1681 ἦ

577 1713 822 1784 aspiciat
858 1713 924 1786 (t)
951 1720 1054 1770 aut
1077 1719 1253 1784 cogat
1281 1729 1293 1769 :
1324 1729 1462 1770 nam
1497 1715 1621 1770 haec
1660 1715 1952 1787 signiﬁcat
1980 1715 2229 1771 verbum
2341 1714 2530 1788 βιάξῇ.

571 1802 840 1876 ύποπιάζῃ
851 1845 864 1858 .
2266 1817 2307 1872 Β

644 1895 802 1947 Vers.
837 1897 887 1948 6.
912 1893 1010 1948 Ait
1031 1923 1099 1934 —
1127 1893 1307 1949 dicat.
1336 1895 1502 1960 Puta,
1535 1895 1699 1966 quod
1730 1910 2082 1967 quanquam
2107 1910 2228 1950 non

2410 1891 2533 1948 Εἶπε
2562 1924 2630 1936 —
2657 1893 2812 1965 λέγει.
2842 1901 2982 1956 Ὅτι,
3017 1895 3060 1947 εἰ
3105 1900 3196 1947 καὶ
3229 1899 3299 1966 μὴ
3343 1890 3378 1947 δ
3384 1895 3441 1946 ιὰ
3487 1893 3658 1966 φόϐον
3685 1899 3834 1957 Θεοῦ,
3876 1896 3947 1944 καὶ

572 1985 816 2052 propter
865 1981 963 2036 Dei
1015 1981 1286 2037 timorem
1321 1997 1332 2034 :
1364 1998 1471 2037 nec
1531 1983 1782 2038 hominis
1811 1983 2200 2038 reverentiam

2338 1983 2587 2059 ἐντροπὴν
2620 1983 2908 2056 ἀνθρώπου,
2946 1983 3073 2035 ἄλλα
3111 2003 3170 2055 γε
3206 1981 3299 2036 διὰ
3335 1988 3428 2042 τὴν
3464 1984 3735 2056 ὄχλησιν,
3782 1987 3867 2034 καὶ
3900 1985 3947 2033 τὸ

577 2076 636 2124 at
674 2070 881 2124 saltem
935 2075 1176 2142 propter
1231 2071 1563 2126 molestiam
1617 2088 1686 2128 ac
1740 2072 2213 2144 interpellationis

1855 2072 2227 2144 :rpellationis
2339 2076 2551 2146 συνεχὲς
2579 2081 2674 2136 τῆς
2705 2072 2968 2137 ἐντεύξεως
2997 2070 3268 2132 ἐκδικήσει
3298 2073 3491 2132 αὐτὴν.

580 2158 1052 2224 continuitatem,
1091 2161 1494 2215 vindicaturus
1526 2167 1612 2216 est
1641 2162 1826 2217 illam.

643 2247 810 2302 Vers.
834 2254 886 2303 7.
916 2251 1070 2305 Deus
1093 2282 1161 2290 —
1190 2257 1377 2307 nocte.
1412 2253 1738 2323 Interrogat
1767 2252 1899 2315 hoc,
1935 2256 2224 2322 tanquam

2403 2249 2464 2302 Ὀ
2495 2245 2554 2302 δὲ
2584 2253 2712 2311 Θεὸς
2744 2279 2810 2289 -
2839 2253 3042 2311 νυκτός.
3090 2248 3286 2322 Ἐρωτᾷ
3325 2256 3509 2318 τοῦτο,
3565 2250 3640 2311 ὡς
3680 2248 3933 2318 ἀναγκαῖον

572 2338 972 2392 necessarium
999 2342 1060 2392 ut
1085 2339 1272 2409 quivis
1304 2340 1575 2394 fateatur.

1203 2341 1272 2394 vis
1304 2340 1575 2394 fateatur.
2338 2338 2659 2410 συνομολογη
2669 2341 2839 2396 θῆναι.

643 2426 880 2481 Vers.7.
917 2428 1176 2482 Etiam—
1211 2427 1725 2501 illis.Quanquam
1745 2433 1895 2483 Deus
1918 2428 2225 2500 superillis

2409 2434 2508 2482 Καὶ
2539 2459 2606 2469 -
2651 2428 2829 2489 αὐτοῖς
2854 2444 2866 2492 ;
2896 2426 2954 2480 Ὀ
2982 2430 3134 2491 Θεὸς,
3180 2428 3206 2478 ὁ
3236 2431 3325 2480 καὶ
3355 2429 3725 2502 μακροθυμῶν
3754 2425 3827 2478 ἐπ’
3850 2424 3929 2475 αὖ·

569 2514 823 2587 primum
856 2515 1114 2571 tolerans
1146 2518 1221 2570 sit
1251 2517 1557 2589 sivequasi
1589 2518 1892 2590 despicere
1915 2518 2205 2591 aliquantt

2333 2526 2443 2578 τοῖς
2467 2522 2731 2591 πρότερον,
2761 2521 2921 2589 ἤγουν
2953 2518 2978 2569 ὁ
3008 2525 3246 2592 παρορῶν
3273 2517 3469 2580 αὐτοὺς
3515 2516 3598 2570 ἐπ’
3648 2516 3833 2586 ὀλίγον,
3862 2515 3928 2564 ἶνα

567 2609 836 2676 tempore
865 2606 1152 2672 videatur,
1197 2613 1258 2662 ut
1297 2607 1404 2678 ipsi
1437 2607 1774 2678 probentur.

1091 2624 1152 2672 II‘,
1197 2613 1258 2662 ut
1297 2607 1404 2678 ipsi
1437 2607 1774 2678 probentur.
2335 2604 2727 2679 δοκιμασθῶσι.

639 2695 802 2749 Vers.
835 2695 892 2751 8.
935 2695 1076 2751 Dico
1101 2727 1163 2736 —-
1196 2697 1329 2752 cito.
1381 2697 1637 2754 Omnino
1668 2701 1806 2770 post
1854 2697 2221 2753 tolerantiam

2149 2714 2221 2753 tm
2407 2701 2556 2768 Λέγω
2583 2726 2649 2736 -
2678 2697 2856 2767 τάχει.
2880 2697 3022 2748 Μετὰ
3049 2701 3141 2754 τὴν
3163 2696 3540 2770 μακροθυμίαν
3565 2696 3785 2753 πάντως.

570 2783 762 2839 faciet.

639 2871 887 2938 Quidam
915 2888 1055 2928 vero
1077 2873 1248 2944 juxta
1271 2889 1583 2943 anagogen
1603 2874 1938 2944 intelligunt
1955 2874 2220 2945 judicem

2401 2872 2544 2930 Τινὲς
2576 2865 2635 2922 δε
2663 2873 2796 2921 κατὰ
2826 2868 3098 2940 ἀναγωγὴν
3128 2877 3306 2922 νοοῦσι
3332 2874 3529 2944 κριτήν
3573 2876 3669 2928 τῆς
3710 2863 3907 2927 ἀδικίας,

567 2958 892 3029 injustitiee,
928 2963 1112 3016 Deum
1148 2978 1159 3014 :
1191 2962 1293 3034 qui
1329 2964 1511 3016 Deum
1546 2978 1663 3017 non
1697 2962 1880 3028 timet,
1915 2979 2053 3018 cum
2098 2978 2203 3017 nor

2331 2963 2417 3012 τὸν
2448 2963 2597 3019 Θεὸν,
2643 2963 2774 3030 μήτε
2804 2961 2932 3011 Θεὸν
2973 2957 3299 3030 φοϐούμενον,
3347 2961 3418 3020 ὡς
3474 2963 3550 3031 μὴ
3597 2960 3737 3018 ὄντος
3771 2955 3905 3024 ἑτέρον

568 3048 644 3103 sit
673 3048 825 3103 alius
857 3050 1010 3104 Deus
1036 3055 1247 3121 praster
1276 3051 1496 3122 ipsum,
1557 3067 1666 3106 nec
1695 3051 2000 3106 hominem
2053 3067 2204 3106 reve-

2330 3054 2457 3102 Θεοῦ
2514 3049 2635 3122 παρ’
2691 3049 2866 3113 αὐτὸν,
2921 3052 3046 3119 μήτε
3099 3049 3366 3122 ἄνθρωπον
3423 3048 3797 3123 ἐντρεπόμενον,
3848 3044 3899 3100 ὡς

565 3141 744 3204 retur,
771 3143 974 3210 utpote
1005 3155 1210 3195 carens
1242 3145 1511 3211 respectu
1542 3155 1958 3211 personarum.
2009 3139 2201 3196 Civita‘

2253 3174 2292 3227 Ο
2331 3137 2830 3211 ἀπροσωπόληπτον·
2858 3136 3002 3188 πόλιν
3026 3134 3104 3202 δὲ,
3139 3141 3232 3195 τὴν
3249 3135 3576 3195 Ἐκκλησίαν
3603 3145 3700 3188 τῶν
3719 3137 3885 3186 πιστῶν

569 3231 684 3282 tem
717 3243 879 3294 vero,
912 3227 1236 3284 Ecclesiam
1277 3230 1477 3284 dicunt
1503 3228 1807 3299 ﬁdelium;
1842 3231 2087 3284 viduam
2117 3245 2205 3284 aut

2258 3219 2288 3227 ν
2331 3233 2502 3301 χήραν
2533 3224 2612 3292 δε,
2645 3232 2818 3278 πᾶσαν
2841 3225 3046 3296 ψυχὴν,
3081 3228 3148 3286 ὼς
3177 3228 3535 3299 χηρεύσασαν
3566 3235 3656 3286 τῆς
3683 3225 3782 3294 πρὸς
3817 3219 3882 3267 τὸν

564 3319 705 3383 tem,
747 3317 1078 3389 quamlibet
1135 3317 1400 3373 animam
1445 3323 1783 3389 separatam
1833 3335 1868 3374 a
1925 3319 2200 3373 daemonis

2332 3313 2560 3387 δαίμονα
2602 3319 2895 3387 συναφείας⁸
2929 3312 3190 3366 ἀντίδικον
3223 3311 3281 3367 δε
3311 3314 3444 3374 αὐτῆ
3460 3337 3504 3380 ς,
3545 3319 3632 3366 τὸν
3675 3306 3892 3364 διάϐολον.

565 3405 986 3477 conjunctione
1021 3424 1034 3474 ;
1064 3409 1422 3463 contrarium
1466 3424 1606 3462 vero
1661 3407 1838 3473 illius,
1887 3407 2194 3463 diabolqu

2330 3401 2560 3468 Ἕδειξεν
2583 3401 2668 3456 οὖν
2704 3406 2731 3462 ἡ
2763 3403 3052 3478 παραϐολὴ,
3087 3405 3167 3455 ὅτι
3192 3402 3593 3476 ἀνυσιμώτατον
3618 3406 3724 3455 ἐστι
3749 3403 3796 3450 τὸ
3821 3402 3897 3452 τῆς

564 3494 836 3551 Ostendit
862 3511 1005 3565 ergo
1034 3496 1344 3567 parabola,
1377 3496 1539 3568 quod
1596 3511 1688 3552 res
1719 3496 1791 3552 sit
1835 3497 2091 3552 maxime
2123 3513 2200 3550 ex-

1291 3513 1344 3559 a,
1377 3496 1539 3568 quod
1596 3511 1688 3552 res
1719 3496 1791 3552 Sit
1835 3497 2091 3552 maxime
2123 3513 2222 3550 ex-
2328 3503 2638 3570 προσευχῆς
2671 3493 2927 3566 ἐπίμονον.

565 3584 812 3655 pediens
855 3586 1136 3640 orationis
1167 3586 1624 3656 perseverantia.

633 3673 1092 3746 Chrysostomus
1131 3689 1271 3729 vero
1315 3673 1566 3744 impium
1592 3689 1660 3729 ac
1705 3673 2104 3730 inhumanum
2137 3673 2222 3727 di-

2405 3670 2480 3741 [Ὀ
2509 3671 2619 3742 (15)
2653 3667 2712 3723 δὲ
2753 3675 3148 3742 Χρυσόστομος,
3200 3669 3408 3722 ἀνόσιον
3463 3672 3572 3741 (16)
3623 3671 3709 3719 καὶ
3753 3659 3896 3714 ἀπάν-

563 3778 708 3820 cens
742 3762 902 3819 hunc
935 3763 1224 3834 judicem,
1282 3762 1840 3834 rejicithujusmodi
1881 3778 2195 3834 anagogen

2331 3762 2532 3834 θρωπον
2557 3759 2714 3830 λέγων
2737 3763 2822 3812 τὸν
2851 3767 3083 3812 τοιοῦτον
3109 3765 3308 3834 κριτὴν,
3345 3762 3632 3814 ἀπωθεῖται
3646 3759 3730 3812 τὴν
3749 3749 3894 3804 τοιαύ·

2324 3869 2421 3908 την
2453 3848 2775 3922 ἀναγωγήν.]

633 3941 800 3998 Vers.
835 3946 890 3998 8.
949 3942 1363 3998 Verumtamen
1405 3971 1473 3982 —
1495 3946 1657 3997 terra
1683 3941 1712 3997 ‘I
1737 3943 1874 3997 Cum
1905 3941 2132 3997 venerit
2160 3941 2217 3997 in

2403 3938 2539 3997 Πλὴν
2562 3970 2626 3978 -
2649 3946 2744 4009 γῆς
2764 3955 2776 4004 ;
2801 3937 2987 3991 Ἐλθὼν
3011 3935 3058 3988 ἐν
3076 3947 3138 4010 τῇ
3173 3934 3393 4012 δευτέρᾳ
3417 3939 3697 4013 παρουσίᾳ.
3720 3929 3889 3998 Ἐρωτᾷ

561 4031 827 4088 secundo
856 4030 1136 4085 adventu.
1157 4031 1482 4098 lnterrogat
1506 4034 1707 4084 autem
1735 4030 1877 4084 etde
1908 4030 2044 4092 hoc,
2075 4046 2191 4085 non

2329 4024 2388 4080 δὲ
2417 4033 2506 4080 καὶ
2535 4032 2650 4100 περὶ
2677 4030 2881 4091 τούτου,
2917 4026 3022 4098 οὐχ
3051 4029 3114 4087 ὡς
3155 4025 3370 4098 ἀγνοῶν,
3404 4026 3515 4080 ἀλλ’
3545 4025 3796 4098 ἐμφαίνων,
3824 4015 3888 4065 ὅτι

559 4119 722 4193 quod
754 4120 1002 4188 ignoret,
1029 4119 1136 4174 sed
1167 4119 1506 4182 ostendens,
1527 4118 1690 4191 quod
1719 4120 2046 4190 tuncpauci
2076 4118 2194 4174 ﬁde

1629 4118 1690 4173 )d
1719 4123 1855 4173 tunc
1868 4120 2046 4190 pauci
2076 4118 2220 4174 ﬁde-
2327 4116 2493 4189 ὀλίγοι
2523 4120 2704 4169 πιστοὶ
2727 4117 3093 4189 εὑρεθήσονται
3130 4122 3265 4173 τότε.

563 4202 645 4266 les
675 4207 1060 4264 invenientur.

774 4297 937 4354 CAP.
973 4297 1127 4352 LXII.
1161 4297 1240 4351 De
1271 4295 1560 4351 Pharisdo
1592 4301 1644 4352 et
1673 4296 2002 4367 publicano.

2438 4301 2582 4349 ΚΕΦ.
2611 4295 2723 4350 ΞΒ’.
2760 4301 2883 4371 Περὶ
2908 4303 2999 4348 τοῦ
3031 4299 3318 4370 Φαρισαίου
3341 4298 3427 4348 καὶ
3463 4302 3552 4348 τοῦ
3576 4289 3784 4344 τελώνου·

629 4386 790 4442 Vers.
811 4386 870 4443 9.
903 4386 1068 4442 Dixit
1083 4417 1145 4425 —
1161 4385 1330 4440 Vers.
1353 4388 1432 4440 IO.
1454 4384 1840 4441 Publicanus.
1866 4389 2011 4458 Apte
2031 4401 2216 4442 unum

2400 4383 2521 4438 Εἶπε
2544 4416 2608 4424 -
2625 4384 2812 4443 τελώνη
2823 4406 2863 4447 ς.
2879 4385 2928 4437 Ἀ
2939 4406 2966 4460 ρ
2971 4381 3078 4457 μοδ
3085 4390 3168 4445 ίως
3183 4388 3270 4436 τὸν
3287 4385 3375 4437 ξιά
3389 4388 3658 4458 Φαρισαῖον
3671 4373 3871 4428 ὑπέθετο,

557 4476 877 4549 proposuit
896 4475 1261 4530 Pharisasum
1281 4479 1337 4528 et
1360 4473 1609 4529 alterum
1637 4473 2041 4546 publicanum;
2074 4475 2193 4532 Pha

2326 4479 2415 4527 καὶ
2448 4477 2534 4526 τὸν
2560 4475 2746 4547 ἕτερον,
2777 4474 2996 4532 τελώνην
3021 4493 3033 4506 ·
3059 4476 3107 4526 οἱ
3138 4479 3417 4549 Φαρισαῖοι
3455 4478 3540 4546 μὲν
3581 4470 3670 4540 γὰρ
3699 4458 3868 4514 δίκαιοί

565 4562 724 4622 risaei
747 4563 1043 4637 siquidem
1075 4563 1218 4635 justi
1249 4561 1618 4629 videbantur,
1652 4568 1706 4618 et
1741 4563 2042 4636 publicani
2085 4580 2201 4637 pecs

1741 4563 2042 4636 publicani
2085 4580 2218 4637 pec-
2246 4635 2270 4637 _
2327 4560 2592 4632 δοκοῦσιν,
2628 4565 2677 4616 οἱ
2703 4563 2913 4616 τελῶναι
2945 4560 3002 4616 δὲ
3033 4562 3351 4637 ἁμαρτωλοί.

562 4635 833 4712 ειιιοτεεςι.⁷
1747 4635 1755 4636 ί
2090 4635 2102 4637 ⁷
2243 4635 2290 4689 D
3068 4635 3075 4636 ⁷
3144 4635 3151 4637 ”
3762 4722 3768 4729 _

627 4744 794 4798 Vers.
827 4747 909 4796 Η.
946 4741 1277 4798 Phariszeus
1307 4773 1374 4782 —
1407 4742 1781 4811 publicanus.
1815 4741 1976 4797 Talia
2012 4757 2210 4808 orans,

2397 4749 2439 4794 ο
2509 4749 2787 4816 Φαρισαῖος
2847 4773 2916 4784 -
2975 4741 3214 4803 τελώνης.
3274 4747 3492 4795 Τοιαῦτα
3545 4731 3850 4824 προσευχομ-

563 4831 711 4890 nihil
743 4831 905 4887 aliud
932 4831 1168 4900 agebat,
1201 4848 1368 4902 quam
1401 4832 1560 4904 quod
1592 4847 1652 4886 se
1683 4831 1875 4902 ipsum
1908 4831 2190 4886 laudabat

2322 4851 2426 4896 νος,
2478 4827 2628 4884 οὐδὲν
2677 4831 2844 4906 ἕτερον
2897 4829 3074 4895 ἐποίει,
3132 4835 3161 4889 ἦ
3218 4829 3522 4903 ἄνεκωμίαζε
3566 4823 3639 4896 μἐν
3686 4823 3857 4906 εαυῖοῗθν

562 4927 805 4978 caeteros
839 4936 975 4976 vero
1006 4921 1280 4976 homines
1307 4937 1377 4977 ac
1433 4920 1824 4994 publicanum
1874 4920 2192 4992 spernebat

2325 4918 2578 4984 ἓξουδένει
2623 4917 2682 4974 δε
2725 4924 2844 4982 τοὺς
2879 4920 3090 4983 λοιποὺς
3131 4919 3450 4993 ἀνθρώπους,
3496 4919 3577 4970 καὶ
3613 4909 3688 4961 τὸν
3728 4907 3862 4950 τελω’

715 5046 914 5104 Matth.
946 5063 1099 5113 χειν,
1133 5049 1223 5104 27.

1759 5117 1985 5186 Variae
2023 5117 2348 5186 lectiones
2379 5129 2443 5186 et
2473 5129 2676 5186 notae.

629 5260 741 5357 (ιὲ)
773 5263 834 5314 Δί
859 5259 1072 5357 omittit
1195 5258 1842 5357 ‘Hocnsc‘hglipmcaret
1871 5259 2206 5326 Hentenius,
2529 5259 2849 5357 Inclusa
2882 5259 3150 5357 margine
3171 5257 3534 5357 habit-53,13
3560 5251 3711 5357 ίθξξξ
3730 5239 3849 5357 θέει

555 5307 740 5408 αρῊὲ
759 5307 1842 5408 ᾆῖιὲὦᾚόἱιῐὲχιῦξῙυιῖςῖἦῖιῖῖθεῖῖὰιῖῖ
1872 5307 2206 5326 "mm"
2329 5402 2360 5408 _
2389 5307 2504 5405 uas
2529 5307 3551 5408 ‘Xﬁa'dﬁrﬁ'é's‘i’éﬁu'ifﬁm‘VII,
3601 5329 3728 5408 9138-
3765 5307 3871 5363 ὅθί·

652 5404 734 5478 ίβ)
764 5389 1084 5478 ’Ϋπωπιάξίέ
1099 5410 1161 5478 κ;
1215 5475 1242 5478 __
1308 5389 1357 5478 ’μ
1652 5389 1686 5401 υ
2321 5389 2517 5460 Οδθεί.
2547 5389 2722 5478 Είγὰρ
2753 5389 2897 5476 γυνῆν
2916 5404 3054 5476 ὠμόν
3077 5422 3194 5455 τινα
3215 5404 3473 5476 ἄρχοντα,
3500 5389 3549 5452 κ.
3579 5389 3624 5446 τῖ
3645 5389 3690 5443 λ.

652 5409 734 5476 13)
764 5409 1079 5464 Ὺπωπιάζει
1099 5410 1161 5460 Β.

627 5409 676 5548 ἓὶ
691 5476 742 5547 4)
773 5482 1036 5529 Δυσωπιεί
1063 5475 1092 5534 ἣ
1125 5473 1306 5548 βιάζει
1333 5475 1390 5529 Β.

626 5583 694 5654 (t)
725 5581 877 5640 Satis
928 5586 1178 5654 apparet
1229 5597 1301 5637 ex
1341 5579 1634 5654 versione,
1665 5579 2017 5637 Hentenium
2053 5581 2214 5637 inve-
2323 5581 2601 5654 cundiam
2620 5595 2868 5654 movere,
2895 5581 3166 5654 adeoque
3197 5593 3466 5654 exorare.
3486 5577 3599 5634 Hoc
3621 5569 3742 5626 loco
3759 5549 3876 5614 red-

553 5649 714 5713 nisse
793 5649 1060 5726 ὑποπιᾶξῃ
1125 5654 1442 5726 Ceterum“
1476 5649 1739 5726 δυσωπεῖν
1794 5671 1912 5726 τινα
1939 5667 2059 5708 non
2126 5669 2189 5709 es

1687 5659 1739 5726 gzv
1794 5671 1912 5726 τινα
1939 5667 2059 5708 non
2126 5657 2215 5710 est
2321 5653 2462 5711 dere
2486 5653 2712 5726 possis:
2740 5654 2972 5712 Pudere
3000 5649 3090 5709 me
3113 5652 3323 5723 faciat.

551 5726 811 5799 graviter
820 5722 1099 5798 aspicere,
1115 5725 1345 5782 vultum
1355 5723 1608 5793 alicujus
1620 5722 1690 5778 ad
1697 5723 1979 5793 pudorem
1990 5730 2047 5781 et
2060 5739 2214 5782 vere-
