4144 6314
296 355 428 415 1053
1303 299 1689 408 COMMENT.
1732 350 1804 408 IN
1842 351 2113 412 LUCAM.
2157 384 2219 395 -
2252 352 2415 411 CAP.
2459 353 2649 409 xvm.
3516 349 3653 407 4054

290 502 400 549 νην,
426 484 599 535 καίτοι
640 485 930 555 γέγραπται
974 486 1053 536 ὅτι
1093 451 1489 553 Ἐγκωμιαζίτω
1516 481 1580 524 σε
1626 476 1656 530 ὁ
1703 481 1880 544 πέλας,
1913 507 1926 536 Α

2014 479 2169 553 ttqui
2194 479 2472 552 scriptum
2502 485 2593 537 est
2625 503 2636 535 :
2682 480 2905 539 Laudet
2956 485 3011 537 te
3045 479 3292 538 vicinus‘
3336 486 3391 537 et
3430 495 3548 536 non
3585 494 3650 537 os

288 576 379 623 καὶ
433 576 503 644 μὴ
581 575 638 624 τὸ
715 575 804 625 σὸν
874 577 1061 645 στόμα,
1138 569 1423 641 ἀλλότριος»
1496 567 1589 618 καὶ
1660 576 1732 643 μή
1818 574 1886 624 τὰ

1496 567 1589 618 καὶ
1660 576 1732 643 μὴ
1818 574 1886 624 τὰ
1996 577 2177 635 tuum,
2206 570 2435 627 alienus
2457 578 2511 627 et
2539 587 2655 627 non
2687 572 2839 627 labia
2861 578 2962 628 tua
3000 572 3071 629 ³ο.

294 664 363 712 σὰ
391 661 543 732 χείλη
556 703 570 719 ,

359 752 613 807 Νηστεύω
642 781 707 790 —-
737 749 1022 806 Σαϐϐάτου.
1053 749 1311 805 Σάϐϐατον
1343 744 1561 802 ἕνταῦθα
1589 747 1744 822 λέγει,
1796 755 1884 807 τήν

2066 748 2233 804 Vers.
2311 750 2394 802 l2.
2453 748 2665 817 Jejuno
2700 778 2763 788 —-
2811 747 3086 803 Sabbato.
3122 745 3455 803 Sabbatum
3509 742 3652 801 dicit

290 837 412 896 ὅλην
452 836 747 911 ἑϐδομάδα.

1995 836 2093 893 hic
2125 842 2308 893 totam
2339 836 2812 893 hebdomadam.

363 924 699 982 Ἀποδεκατῶ
731 959 788 972 -—
819 938 1040 1003 κτῶμαι.
1070 931 1235 1006 Χάριν
1260 938 1356 983 τῶν
1396 934 1642 988 πενήτων.

2070 926 2231 982 Vers.
2292 928 2379 981 13.
2446 926 2700 982 Decimus
2742 926 2808 981 do
2866 957 2934 966 —
2975 925 3262 995 possideo.
3306 924 3647 998 Pauperum

1998 1017 2210 1088 gratia.

366 1111 467 1159 Καὶ
497 1137 557 1147 -
585 1107 792 1179 ἐπᾶραι.
829 1111 1023 1181 Κρίνων
1054 1107 1233 1160 ἑαυτὸν
1265 1107 1489 1173 ἀνάξιον,
1523 1107 1581 1160 ού
1612 1112 1763 1180 μόνον
1795 1115 1888 1167 τῆς

2069 1106 2231 1161 Vers.
2263 1109 2344 1171 13,
2370 1106 2447 1161 Ει
2476 1135 2541 1146 -
2564 1106 2857 1171 attollere,
2882 1107 3005 1161 Non
3025 1103 3223 1160 solum
3245 1103 3564 1174 indignum
3586 1117 3648 1158 se

287 1192 449 1266 ἔγγὺς
514 1198 764 1265 στάσεως,
850 1195 976 1249 ἀλλὰ
1039 1202 1129 1249 καὶ
1202 1206 1295 1250 τοῦ
1361 1196 1595 1251 ἀτενίσαι
1676 1197 1749 1259 εἰς
1799 1198 1887 1247 τὸν

2024 1195 2287 1259 udicans,
2330 1199 2393 1251 ut
2422 1210 2608 1267 prope
2650 1198 2851 1259 staret,
2885 1209 3096 1251 verum
3125 1193 3324 1259 etiam,
3354 1197 3418 1249 ut
3445 1193 3508 1249 in
3536 1208 3653 1248 coa-

287 1284 380 1358 ούρ
389 1289 527 1337 ανον.

1996 1284 2123 1341 lum
2162 1284 2512 1341 intenderet.

359 1374 498 1425 Ἀλλ’
544 1405 609 1415 —
665 1374 973 1450 ἁμαρτωλῷ.
1038 1372 1429 1439 Ἐξουδενωθεὶς
1481 1377 1579 1428 ὑπὸ
1628 1382 1720 1427 τού
1788 1380 1887 1427 Φα·

2067 1374 2231 1429 Vers.
2292 1378 2377 1432 t3.
2432 1374 2548 1431 Sed
2577 1404 2647 1417 —
2673 1372 2980 1445 peccatori.
3012 1372 3258 1445 Spretus
3290 1386 3327 1427 a
3347 1369 3649 1428 Pharisaao

281 1467 525 1535 ρισαίου,
574 1464 762 1535 μᾶλλον
811 1470 1242 1537 προσκατεκρινεν
1274 1465 1475 1528 ἑαυτὸν,
1532 1469 1621 1516 καὶ
1678 1466 1889 1516 ἔτυπτεν

2014 1478 2131 1519 sese
2146 1464 2337 1534 magis
2354 1462 2490 1518 hinc
2502 1461 2964 1527 condemnabat,
2983 1465 3040 1517 et
3053 1460 3424 1533 percutiebat
3444 1466 3650 1532 pectus

286 1552 355 1613 εἰς
416 1556 477 1605 τὸ
536 1555 729 1616 στῆθος
782 1554 964 1621 αὐτοῦ,
1014 1553 1287 1627 ἐμφαίνων,
1348 1557 1429 1608 ὅτι
1474 1555 1686 1626 πληγῶν
1748 1552 1889 1605 ἔστιν

1802 1572 1889 1605 ’τιν
1998 1568 2199 1618 suum,
2239 1551 2580 1617 ostendens,
2614 1551 2777 1623 quod
2804 1550 2993 1622 plagis
3022 1550 3237 1622 dignus
3263 1555 3438 1606 esset.

285 1642 436 1704 ἄξιος
479 1643 615 1713 (17).

355 1733 398 1802 -ι-
430 1730 766 1788 Verberans
795 1732 954 1788 enim
988 1738 1211 1804 pectus,
1244 1733 1498 1790 crimina
1538 1731 1872 1796 confitetur,
1925 1734 1981 1787 et
2027 1733 2317 1804 tanquam
2350 1729 2631 1787 morbum
2684 1729 2917 1786 medico
2967 1727 3383 1793 manifestans,
3447 1742 3657 1799 preca-

292 1824 388 1875 tur
415 1820 534 1876 sibi
567 1822 1034 1878 misericordiam
1061 1821 1343 1878 exhiberi.

363 1913 522 1981 Λέγω
552 1941 617 1951 -
677 1908 879 1971 ἐκεῖνος.
917 1913 1060 1983 Παρὸ
1111 1909 1317 1977 ἐκεῖνος,
1373 1914 1550 1982 ἤγουν,
1614 1910 1708 1963 ούκ
1763 1908 1890 1962 ἔκείο
1926 1908 1966 1963 Β

2072 1910 2236 1968 Vers.
2270 1914 2352 1966 14.
2383 1909 2513 1965 Dico
2544 1940 2613 1949 —
2639 1909 2760 1965 ille.
2792 1910 2909 1964 Hoc
2936 1911 3043 1972 est,
3078 1910 3133 1963 et
3157 1921 3279 1963 non
3310 1905 3426 1963 ille.
3462 1906 3654 1978 Siqui-

284 2017 389 2060 νος.
471 1998 528 2051 Ὀ
584 2002 675 2071 μεν
739 2002 839 2070 γὰρ
901 1995 1197 2061 δικαιώσας
1264 2004 1416 2071 μόνον
1474 2000 1675 2064 ἑαυτὸν,
1744 2017 1891 2051 κατε-

2021 2000 2140 2056 iem
2166 1999 2270 2072 qui
2312 2013 2440 2054 sese
2476 1997 2628 2053 adeo
2651 1996 3105 2069 justiticaverat,
3138 2011 3174 2052 a
3208 1998 3326 2052 Deo
3373 1995 3657 2051 condem-

282 2081 532 2145 δικοὲσθη
575 2090 718 2161 παρὰ
748 2086 884 2141 Θεοῦ
909 2110 920 2122 ·
956 2089 980 2141 ὁ
1013 2086 1071 2142 δε
1096 2086 1465 2152 καταδικάσας
1492 2094 1645 2162 μόνον
1694 2088 1892 2150 ἑαυτὸν,

2021 2096 2180 2144 latus
2209 2090 2317 2154 est,
2358 2093 2414 2143 et
2442 2087 2547 2159 qui
2573 2101 2707 2142 sese
2751 2086 2903 2141 adeo
2928 2085 3434 2141 condemnaverat
3469 2100 3506 2140 a
3536 2084 3657 2139 Deo

279 2172 585 2233 ἐδικαιώθη
653 2179 796 2250 παρὰ
860 2182 1005 2230 Θεοῦ.
1066 2183 1166 2230 Καὶ
1234 2181 1418 2230 τούτου
1471 2182 1561 2251 μὲν
1606 2180 1775 2230 πάντα
1832 2179 1896 2229 τὰ

2016 2176 2361 2245 iustiﬁcatus
2374 2181 2480 2241 est;
2508 2179 2564 2230 et
2584 2173 2740 2230 illius
2768 2173 3014 2246 quidem
3037 2173 3392 2229 eminentiae
3419 2187 3652 2236 omnes,

280 2270 665 2337 προτερήματα
721 2265 1015 2329 ἐξεκένωσεν
1047 2268 1075 2325 ἡ
1128 2270 1334 2329 οἰησις·
1379 2266 1571 2320 ἐκείνου
1617 2264 1675 2319 δι
1727 2269 1897 2319 πάντα

2015 2283 2114 2324 seu
2140 2266 2303 2322 bona
2318 2280 2521 2338 opera,
2550 2265 2859 2320 evacuavit
2878 2262 3166 2335 jactantia
3194 2278 3206 2317 :
3237 2261 3417 2333 hujus
3453 2266 3651 2317 autem

284 2356 352 2405 τὰ
404 2352 749 2425 ἐλαττώματα
797 2354 1099 2430 ἐξεφόρησεν
1152 2359 1180 2414 ἡ
1235 2362 1564 2418 ταπείνωσις.
1624 2356 1760 2430 Ὀρα
1785 2354 1891 2417 οὖν,

2020 2372 2216 2414 )mnes
2241 2355 2505 2411 defectus
2538 2353 2777 2424 replevit
2804 2351 3108 2407 humilitas
3136 2351 3255 2406 sive
3283 2351 3529 2422 propria
3557 2350 3656 2406 de-

288 2451 401 2502 πῶς
452 2439 692 2506 διάθεσις
721 2441 941 2516 καρδίας
970 2450 1059 2497 καὶ
1088 2444 1238 2516 λόγος
1292 2452 1550 2517 στόματος
1596 2445 1643 2497 ἐν
1697 2445 1898 2518 βραχεῖ

2020 2446 2202 2507 lectio.
2239 2444 2376 2499 Vide
2416 2456 2579 2511 ergo,
2616 2441 2928 2512 quomodo
2968 2440 3129 2496 brevi
3157 2446 3427 2510 tempore
3458 2438 3656 2495 cordis

290 2540 464 2605 καιρῷ
526 2541 617 2584 τού
705 2537 815 2605 μεν,
886 2534 1082 2586 πολλῶν
1154 2534 1274 2586 ἐτῶν
1339 2532 1713 2595 δικαιοσύνας
1806 2542 1897 2586 τού

2024 2534 2252 2591 iﬂ‘ectus
2278 2538 2333 2588 et
2357 2531 2476 2587 oris
2511 2546 2719 2593 sermo,
2751 2529 2903 2585 illius
2924 2529 3166 2601 quidem
3200 2527 3525 2583 multorum
3558 2543 3660 2584 an-

298 2618 379 2686 di,
452 2620 650 2673 πολλῶν
720 2622 841 2674 ἐτῶν
900 2620 1103 2683 ἀδικίας
1166 2624 1404 2694 ἠφάνισε.
1490 2626 1747 2695 Μάθωμεν
1811 2621 1897 2675 οὖν

2021 2638 2222 2678 morum
2250 2620 2558 2692 injustitias
2606 2626 2989 2689 corruperunt
3018 2617 3126 2689 (ιι).
3158 2617 3305 2673 Hinc
3342 2618 3544 2689 itaque
3579 2617 3657 2672 di-

297 2716 389 2763 καὶ
446 2712 593 2782 ἡμεῖς
627 2710 870 2774 ἐντεῦθεν,
913 2720 1021 2773 πῶς
1050 2716 1159 2783 χρὴ
1194 2714 1608 2785 προσεύχεσθαι,
1663 2718 1751 2764 καὶ
1796 2711 1896 2763 ἀπὸ

2023 2727 2249 2768 scamus
2279 2716 2332 2765 et
2369 2724 2502 2776 nos,
2534 2707 2834 2779 quomodo
2864 2708 3395 2779 precarioporteat,
3411 2711 3468 2762 et
3488 2721 3525 2763 a
3553 2706 3659 2761 mi-

298 2818 353 2852 τε
406 2807 502 2861 τῆς
532 2800 742 2870 οἰκτρᾶς
803 2802 1055 2864 στάσεως,
1113 2798 1211 2851 ἀπὸ
1245 2819 1298 2851 τε
1345 2809 1434 2852 τοῦ
1484 2799 1696 2853 ὶλεεινοῦ
1754 2805 1899 2871 σχή-

2026 2800 2248 2856 serabili
2266 2799 2518 2855 statione
2539 2801 2597 2852 et
2614 2798 2689 2853 ab
2706 2796 2912 2854 habitu
2941 2796 3319 2852 miseratione
3342 2794 3529 2865 digno
3549 2801 3606 2851 et
3625 2810 3662 2851 a

301 2907 486 2957 ματος,
548 2886 647 2939 ἀπο
707 2907 760 2939 τε
822 2897 919 2939 τῶν
972 2884 1354 2945 δυσωπητικῶν
1423 2888 1585 2961 λόγων
1654 2891 1897 2959 κάμπτω-

2024 2889 2204 2946 verbis
2236 2888 2607 2962 placantibus
2645 2886 2845 2961 potius
2864 2886 3193 2951 ﬂectamus,
3222 2900 3332 2941 nec
3363 2884 3660 2941 irritemus

300 2994 392 3044 μεν
477 2975 687 3046 μάλλον,
785 2975 912 3027 ἀλλα
1000 2982 1070 3049 μὴ
1148 2976 1441 3030 τούναντίον
1534 2978 1896 3051 παροξύνωμεν

1156 2976 1441 3030 τούναντίον
1534 2978 1896 3051 παροξύνωμεν
2008 2980 2190 3035 Deum
2217 2980 2433 3036 horum
2463 2976 2792 3035 contrariis.

297 3065 385 3114 τὸν
416 3067 555 3115 Θεὸν.

370 3149 493 3205 Ὀτι
533 3184 600 3192 -
645 3152 1004 3225 ὑψωθήσεται.
1064 3162 1243 3208 Ταυτα
1297 3165 1433 3229 σαφῆ
1493 3162 1583 3210 καὶ
1632 3152 1894 3232 πρόδηλα.

2078 3160 2238 3215 Vers.
2280 3162 2360 3214 14.
2396 3158 2546 3224 Quia
2575 3188 2642 3197 —
2663 3156 3006 3213 extolletur.
3035 3156 3160 3210 Haec
3188 3152 3434 3209 omnino
3465 3149 3660 3207 mani-

1930 3260 1968 3315 (j
2009 3247 2158 3303 festa
2183 3255 2341 3304 sunt.

374 3335 696 3404 Προσέφερον
750 3363 815 3372 -
877 3340 1030 3388 Θεοῦ.
1086 3338 1208 3407 Περὶ
1259 3337 1453 3386 τούτων
1503 3332 1759 3409 ἀνέγραψε
1810 3340 1899 3386 καὶ

2081 3338 2241 3391 Vers.
2299 3337 2385 3390 15.
2439 3334 2783 3405 Αθετθὸαηε
2824 3364 2889 3373 -ο-
2952 3332 3111 3385 Vers.
3168 3330 3247 3385 l6.
3279 3329 3402 3385 Dei.
3467 3330 3543 3384 De
3569 3328 3659 3383 his

301 3420 327 3470 ὁ
384 3423 656 3481 Ματθαῑος
717 3419 765 3472 ἐν
840 3430 912 3492 τῷ
970 3423 1100 3475 τέλει
1160 3431 1253 3475 τοὺ
1326 3432 1753 3496 τεσσαρακοστου
1821 3443 1898 3475 κε-

2025 3426 2240 3495 scripsit
2264 3430 2319 3479 et
2340 3427 2641 3481 Mattliteus
2667 3425 2726 3477 in
2751 3424 2867 3476 line
2883 3417 3333 3492 quadragesimi
3352 3416 3583 3489 capitis,
3604 3421 3661 3471 et

302 3509 522 3581 φαλαίου
568 3510 748 3571 αὑτοῦ,
782 3518 870 3564 καὶ
922 3514 1162 3587 εὑρήσεις
1218 3512 1321 3565 ἐκεῖ
1376 3522 1541 3565 ταῦτα
1589 3516 1755 3565 πάντα
1808 3515 1899 3585 ηρ-

1492 3533 1541 3564 τα
1589 3516 1755 3565 πάντα
1808 3515 1899 3585 ἡρ-
2011 3513 2084 3569 ibi
2111 3513 2241 3569 haec
2270 3514 2474 3568 omnia
2502 3511 2818 3583 explanata
2844 3509 3128 3565 invenies.

302 3603 615 3671 μηνευμίνα.

376 3688 543 3759 Ἀμὴν
601 3720 666 3729 —
721 3690 901 3749 αὐτήν.
981 3699 1144 3744 Τουτο
1197 3696 1286 3742 καὶ
1338 3692 1363 3742 ὀ
1416 3693 1624 3763 Μάρκος
1684 3690 1901 3764 ἔγραψε,

2085 3689 2252 3745 Vers.
2282 3721 2350 3729 —
2387 3694 2467 3743 l7.
2508 3687 2693 3743 Amen
2723 3686 2899 3741 illud.
2936 3687 3050 3739 [loc
3079 3687 3136 3738 et
3164 3685 3390 3739 Marcus
3428 3681 3662 3753 scripsit

306 3778 433 3848 πρὸς
465 3784 534 3847 τῷ
582 3778 712 3831 τελει
742 3788 832 3831 τοῦ
868 3780 1105 3833 εἰκοστοῦ
1157 3777 1349 3850 ὀγδόου
1386 3780 1663 3851 κεφαλαίου
1718 3780 1897 3849 αὑτοῦ,

2024 3781 2091 3835 ad
2149 3780 2332 3834 ﬁnem
2373 3777 2639 3833 vicesimi
2686 3776 2876 3832 octavi
2922 3773 3174 3846 capitis;
3238 3777 3291 3828 et
3346 3771 3424 3826 ibi
3456 3785 3660 3843 quaere

304 3869 395 3916 καὶ
429 3871 655 3928 ζήτησον
688 3866 792 3920 ἐκεῖ
813 3874 906 3926 τήν
933 3868 1199 3940 ἐξήγησιν.

933 3868 1199 3940 ἐξήγησιν.
2012 3870 2471 3924 enarrationem.

379 3960 523 4009 ΚΕΦ.
570 3957 683 4010 El".
721 3962 845 4029 Περὶ
900 3966 988 4009 τοῦ
1039 3956 1460 4031 ἐπερωτήσαντος
1516 3956 1768 4009 πλουσίου
1817 3962 1901 4010 τὸν

2092 3957 2249 4013 CAP.
2273 3956 2454 4012 LXlll.
2487 3957 2561 4013 De
2584 3955 2765 4011 divite
2783 3954 2887 4025 qui
2927 3951 3235 4008 Dominum
3256 3950 3586 4020 interroga-

984 4047 1057 4103 Ἰη
1068 4055 1210 4100 σοῡν.

2770 4044 2869 4097 vit.

376 4138 476 4185 Καὶ
507 4132 814 4205 ἐπηρώτησε
847 4165 914 4173 -
942 4140 1142 4207 μητέρα
1170 4154 1285 4187 σου.
1315 4138 1531 4208 Εἴρηται
1565 4139 1682 4210 περὶ
1710 4138 1898 4187 τούτων

2082 4135 2245 4191 Vers.
2289 4138 2370 4188 18.
2404 4135 2478 4190 Et
2504 4130 2881 4203 interrogavit
2910 4159 2973 4171 -
2996 4129 3154 4184 Vers.
3188 4131 3274 4183 20.
3308 4158 3377 4167 -
3404 4126 3659 4183 Matrem

297 4219 347 4272 ἕν
414 4231 486 4291 τῷ
557 4233 965 4296 τεσσαρακοστῷ
1033 4243 1221 4297 πρωτῳ
1278 4224 1537 4296 κεφαλαίῳ
1606 4233 1696 4277 τοῦ
1766 4229 1899 4277 κατὰ

2024 4230 2195 4279 tuum.
2222 4224 2299 4277 De
2326 4224 2410 4277 his
2423 4221 2648 4278 dictum
2663 4226 2755 4275 est
2772 4216 3240 4291 quadragesimo
3263 4214 3454 4287 primo
3466 4214 3660 4287 capite

298 4311 590 4373 Ματθαῖον,
636 4316 726 4362 καὶ
770 4311 1000 4371 ζήτησον
1062 4312 1109 4364 ἐν
1142 4312 1313 4385 ἐκείνῳ
1343 4317 1436 4371 τὴν
1482 4313 1632 4366 λύσιν
1672 4316 1894 4379 πάντων,

2024 4312 2306 4381 Evangelii
2337 4311 2668 4367 secundum
2700 4308 3058 4369 Mattheeum,
3089 4311 3145 4361 et
3165 4306 3224 4360 in
3254 4304 3354 4361 illo
3385 4305 3660 4360 omnium

295 4398 418 4449 καθ’
447 4400 660 4451 ἕκαστον
689 4401 847 4474 ῥητὸν
887 4399 1254 4473 ἐκτεθειμίνην.

2021 4401 2470 4458 ieclarationem
2512 4400 2775 4455 invenies
2815 4398 2887 4453 ad
2915 4394 3152 4466 singula
3176 4394 3354 4449 verba
3376 4393 3657 4465 positam.

372 4493 414 4538 Ο
446 4484 504 4540 δὲ
551 4519 620 4529 -
675 4509 783 4561 μοι.
842 4489 979 4543 Ἐκεῖ
1019 4495 1109 4543 καὶ
1165 4496 1283 4565 περὶ
1337 4493 1530 4543 τούτων
1570 4492 1756 4563 ὁμοίως
1811 4492 1895 4545 λε-

2080 4493 2239 4547 Vers.
2292 4495 2378 4546 21.
2411 4490 2486 4545 At
2522 4489 2628 4545 ille
2657 4518 2723 4527 —
2760 4487 2918 4542 Vers.
2945 4490 3032 4539 22.
3065 4484 3142 4541 M.
3188 4482 3467 4539 Similiter
3506 4486 3562 4537 et
3589 4482 3660 4536 de

296 4574 694 4648 λεπτολόγηται.
1930 4617 1932 4621 ε

1950 4616 1972 4668 )
2006 4578 2098 4634 liis
2138 4580 2215 4634 ibi
2247 4579 2321 4635 ad
2356 4577 2589 4648 singula
2620 4590 2876 4648 qumque
2909 4573 3085 4629 verba
3123 4572 3443 4625 dissertum
3475 4576 3586 4624 est.

370 4663 427 4717 Ὀ
478 4662 536 4718 δι
586 4697 648 4707 -
698 4676 790 4719 τοῦ
844 4676 996 4722 Θεοῦ.
1045 4672 1114 4721 Τὸ
1174 4676 1305 4731 Πῶς,
1364 4666 1704 4740 βεϐαιωτικὸν
1761 4672 1892 4735 ἑστι,
1932 4660 1968 4668 υ

2078 4668 2238 4724 Vers.
2297 4668 2385 4721 23.
2446 4668 2565 4721 [ιια
2611 4696 2676 4705 -
2732 4671 2924 4719 autem
2977 4661 3143 4715 Vers.
3189 4662 3278 4714 24.
3328 4660 3455 4714 Dei.
3516 4665 3656 4724 Πῶς,

297 4756 415 4807 ἀντὶ
452 4762 562 4819 του,
614 4756 865 4817 Ἀληθῶς.
910 4760 975 4809 Οἱ
1019 4764 1257 4828 Ἔχοντες
1301 4754 1379 4819 δε,
1432 4761 1593 4828 ἤγουν
1638 4759 1686 4809 οἱ
1736 4764 1893 4811 Κατέ-

2017 4773 2205 4827 yuam,
2273 4756 2361 4811 vel
2427 4754 2711 4826 quomodo
2766 4773 2777 4817 ;
2836 4750 2923 4806 vel
2990 4748 3476 4804 conﬁrmativam
3545 4753 3653 4813 est,

296 4862 505 4915 χοντες.
558 4847 606 4896 οἰ
656 4850 1009 4917 Ταμιεύοντες,
1066 4847 1125 4897 ού
1155 4851 1258 4918 μὴν
1307 4847 1356 4897 οὶ
1413 4852 1695 4918 Χρώμενοι.
1756 4853 1893 4921 Χρή-

2016 4863 2069 4900 ιρ
2102 4846 2148 4900 si
2178 4845 2349 4908 dicat,
2382 4845 2548 4899 Vere.
2595 4842 2830 4914 thuod
2850 4841 3076 4903 dicitur,
3100 4840 3150 4890 οἱ
3173 4840 3399 4910 ἔχοντες,
3427 4837 3531 4910 qui
3550 4836 3652 4893 Ita-

296 4951 441 5004 ματα
490 4936 587 5007 γὰρ
658 4933 1019 5002 ὀνομάζονται,
1080 4931 1172 4986 διὰ
1218 4939 1311 4992 τὴν
1367 4943 1591 5008 χρῆσιν,
1636 4940 1722 4987 καὶ
1782 4941 1890 5008 χρὴ

2017 4935 2160 4997 bent,
2214 4934 2442 4988 simitus
2498 4948 2605 5004 pro
2669 4930 2935 4986 Retinent
2982 4933 3084 4983 aut
3152 4927 3497 4983 Recondunt
3543 4941 3653 4983 nec

295 5023 503 5083 παντως
544 5025 788 5096 χρῆσθαι
825 5026 1030 5085 τούτοις
1059 5024 1130 5085 εἰς
1175 5020 1312 5095 δέον,
1343 5024 1402 5077 ού
1428 5028 1525 5097 μήν
1586 5022 1891 5089 ἀποκλείειν,

2023 5029 2293 5078 ituntur:
2354 5037 2489 5077 cum
2543 5022 2807 5093 pecunias
2862 5021 3122 5091 χρήματα
3175 5014 3472 5081 dicantur,
3525 5030 3659 5088 pro-

372 5200 419 5235 ³ο
458 5198 592 5267 Pro,
633 5216 803 5268 xxvu,
836 5205 885 5256 2.

1534 5299 1770 5368 'Variae
1808 5298 2224 5366 lectioneset
2252 5306 2454 5365 notae.

332 5496 483 5624 it(3127)
516 5495 687 5564 Quod
717 5496 815 5554 hic
867 5496 1124 5568 subjecit
1177 5496 1474 5554 scholium
1502 5495 1834 5555 Hentenius
1861 5510 1931 5551 ex
1968 5494 2239 5566 margine
2295 5493 2382 5551 sui
2433 5492 2677 5559 codicis,
2712 5490 2775 5549 id
2817 5490 2879 5548 in
2937 5494 3153 5550 neutro
3188 5504 3467 5550 meorum
3494 5504 3663 5564 repe-

296 5583 468 5626 ritur.

372 5746 462 5818 (ιι)
496 5747 931 5817 Gai-ruperunt.
985 5745 1334 5813 sufﬁciebat,
1382 5750 1731 5805 amaverunt
