4144 6314
268 383 296 439 1
309 382 438 439 057

1389 332 1750 427 ΟΟΜΜΕΝΤ.
1797 368 1864 432 ΙΝ
1903 371 2160 434 LUCAM.
2203 409 2272 418 —
2303 381 2458 436 CAP.
2491 374 2641 438 XIX.

3546 383 3682 443 1058

268 515 493 572 κακίας
526 511 593 571 εἰς
618 509 820 585 ἀρετήν·
855 513 940 562 Διὸ
971 514 1059 562 καὶ
1087 503 1230 560 καλεὶ
1261 494 1441 558 αὐτὸν,
1471 481 1581 559 (22)
1603 498 1697 548 καὶ
1734 501 1917 556 ἄπεισι

2051 503 2368 576 acilequea
2399 504 2537 560 vitio
2570 507 2914 564 mutabilem
2936 525 3068 567 esse
3098 511 3177 568 ad
3198 508 3470 568 virtutem
3505 530 3519 566 :
3549 511 3682 568 ideo

267 597 467 673 κερδή
481 620 588 653 σων
616 599 788 654 αὐτόν.

364 695 487 742 Καὶ
519 720 589 731 ....
619 693 842 761 χαίρων,
877 692 1102 762 Χαίρων,
1157 685 1213 738 οὐ
1254 687 1428 757 μόνον,
1463 681 1543 733 ὅτι
1575 673 1708 733 εἶδεν
1737 683 1912 746 αὑτὸν,

270 780 351 839 ὡς
433 777 618 840 ἐξῄτει
660 776 805 829 ’ἀλλ’
871 779 952 829 ὅτι
1007 781 1096 829 καὶ
1145 775 1334 834 ἐκλήθη
1391 773 1511 848 παρ’
1564 772 1742 834 αὐτοῦ,
1829 791 1917 823 και

271 869 372 919 ὅτι
435 865 737 930 ὑπεδέξατο
793 867 967 931 αὐτὸν,
1029 869 1092 926 ὡς
1149 865 1242 918 οὐκ
1296 866 1357 915 ἄν
1405 881 1528 916 ποτε
1595 858 1917 936 προσεδόκη-

277 975 349 1009 σε
384 959 542 1026 (23).

2029 592 2208 648 etiam
2240 598 2414 648 vocat
2456 600 2510 649 et
2543 595 2792 665 accedit,
2826 603 2888 652 ut
2912 599 3077 655 illum
3117 599 3465 658 lucrifaciat.

2106 680 2266 738 Vers.
2321 687 2375 740 6.
2444 685 2522 740 Et
2559 715 2629 724 —
2669 687 2952 755 gaudens.
3005 691 3282 746 Gaudeas
3324 706 3446 746 non
3485 691 3683 747 solum

2031 770 2192 840 quod
2231 788 2369 826 eum
2399 771 2660 840 vidisset,
2695 780 2758 830 ut
2802 781 3132 848 optaverat,
3172 779 3276 834 sed
3307 779 3469 851 quod
3503 779 3684 836 etiam

2031 861 2108 914 ab
2138 860 2237 915 illo
2260 867 2504 917 vocatus
2531 872 2702 928 esset,
2743 865 3028 938 quodque
3068 869 3268 940 ipsum
3297 869 3680 941 suscepisset,

2031 948 2191 1018 quod
2223 966 2537 1021 nunquam
2593 952 2717 1008 fore
2758 960 3114 1024 speraverat.

362 1047 414 1116 -ι-
447 1045 627 1102 Unde
648 1050 705 1100 et
733 1046 934 1100 statim
961 1044 1296 1099 misericors
1316 1042 1506 1098 factus
1523 1048 1608 1097 est.
1627 1056 1957 1112 pauperum
1975 1054 2045 1095 ac
2063 1038 2289 1109 pietatis
2321 1045 2576 1096 amator.

368 1136 592 1190 Καὶ-
613 1134 922 1188 καταλῦσαι.
961 1135 1326 1204 Καταχθῆναι,
1369 1133 1480 1199 (23)
1511 1139 1699 1203 μεῖναι.
1732 1138 1921 1202 Ἀμαρ-

279 1224 471 1277 τωλοὶ
508 1221 568 1276 δὲ
595 1227 643 1276 οἱ
673 1224 884 1275 τελῶναι
910 1232 1069 1274 πασιν
1101 1218 1335 1285 ἐδόκουν,
1378 1217 1470 1273 διὰ
1493 1223 1582 1281 τας
1633 1219 1922 1281 πλεονεξίας

279 1319 392 1366 καὶ
431 1311 658 1376 ἀδικίας
688 1313 874 1366 αὐτῶν.
915 1311 1225 1383 Ἐμέμφοντο
1250 1315 1419 1362 τοίνυν
1462 1318 1532 1380 τῷ
1565 1317 1799 1381 Χριστῷ,
1831 1329 1922 1360 κα-

287 1405 485 1476 θάπερ
514 1407 606 1454 καὶ
645 1402 729 1455 ἐπὶ
755 1403 1007 1471 Ματθαίῳ
1033 1410 1104 1471 τῷ
1130 1400 1339 1472 τελώνῃ,
1394 1403 1482 1450 καὶ
1530 1398 1613 1451 ἐπὶ
1674 1402 1920 1459 τοιούτοις

283 1493 492 1552 ἄλλοις
526 1489 789 1564 διαφόρως
824 1507 836 1520 ’
870 1492 1088 1561 ἠγνόουν
1113 1486 1170 1541 δὲ
1207 1493 1292 1540 τόν
1320 1492 1526 1562 τρόπον,
1579 1487 1692 1539 καθ’
1720 1488 1773 1540 ὃν
1800 1491 1916 1539 τού-

285 1602 415 1642 τοις
445 1584 907 1654 συνανεστρέφετο.
956 1582 1042 1631 Διό
1092 1582 1180 1630 καὶ
1230 1583 1474 1651 παρεὼρα
1515 1580 1732 1639 τούτους
1774 1577 1924 1638 αὐτὸς

2105 1127 2266 1186 Vers.
2299 1129 2348 1184 7.
2377 1130 2454 1184 Et
2479 1129 2990 1188 —diversaturus.
3020 1135 3330 1191 Mansurus
3358 1151 3428 1193 ac
3457 1137 3689 1194 recubi-

2029 1234 2216 1288 turus.
2263 1217 2572 1273 Publiceni
2632 1220 2791 1274 enim
2834 1221 2997 1293 apud
3050 1239 3251 1279 omnes
3307 1225 3689 1284 habebantur

2028 1314 2372 1380 peccatores
2403 1315 2640 1380 propter
2667 1326 2840 1366 suam
2867 1312 3180 1369 avaritiam
3219 1331 3290 1370 ac
3316 1315 3688 1387 injustitiam.

2032 1398 2498 1468 lndignabantur
2519 1414 2660 1467 ergo
2693 1400 2938 1471 Christo,
2958 1403 3476 1473 quemadmodum
3510 1410 3690 1465 etiam

2033 1492 2269 1558 propter
2284 1487 2623 1543 Matthaeum
2641 1488 3056 1560 publicanum,
3071 1508 3141 1548 ac
3169 1493 3316 1548 alios
3336 1494 3692 1566 hujusmodi

2031 1575 2214 1631 variis
2244 1577 2303 1630 in
2328 1577 2495 1632 locis.
2544 1578 2907 1646 lgnorabant
2944 1585 3142 1636 autem
3176 1583 3422 1638 modum
3450 1590 3506 1640 et
3550 1603 3689 1642 cau-

287 1670 390 1724 ἐπὶ
427 1674 700 1732 τοιούτοις
741 1672 1022 1744 πράγμασι
1073 1665 1599 1739 σκανδαλιζομένους.
1654 1672 1767 1741 Χρὴ
1822 1670 1922 1742 γὰρ

2051 1681 2186 1732 iam,
2219 1665 2298 1721 ob
2327 1682 2508 1737 quam
2563 1665 2826 1723 Christus
2854 1685 2993 1724 cum
3040 1670 3150 1726 illis
3203 1680 3686 1732 conversaretur:

289 1768 398 1812 τοῦ
426 1779 628 1833 μικρόν
670 1756 964 1811 σκανδάλου
1005 1765 1360 1832 καταφρονεῖν,
1393 1759 1513 1809 ἔνθα
1531 1757 1728 1829 μεγάλη
1755 1777 1924 1815 σωτη-

286 1855 397 1923 ρία
431 1855 544 1901 τινὶ
573 1852 1026 1922 προσγίνεται,καὶ
1055 1852 1126 1919 μὴ
1149 1843 1240 1900 δια
1270 1850 1326 1898 τό
1345 1849 1529 1919 μικρὸν
1549 1845 1780 1898 απολλειν

289 1943 358 1991 τὸ
386 1943 558 2011 μέγα.

376 2207 606 2266 Σταθεὶς
634 2237 703 2245 --
745 2208 1082 2281 τετραπλοῦν.
1129 2203 1200 2256 Ὠ
1250 2209 1471 2276 ταχείας
1525 2203 1809 2276 μεταϐολῆς
1853 2203 1922 2259 Ῐὸ

297 2297 659 2369 φιλάργυρος,
691 2293 1034 2367 εὐμετάδοτος
1063 2312 1074 2323 ⁸
1119 2295 1144 2345 ὁ
1175 2291 1518 2355 ἀδικώτατος,
1556 2291 1914 2355 δικαιότατος,

298 2385 382 2438 Ὠ
413 2381 816 2437 αὐτοδιδάκτου
853 2387 1116 2458 σωτηρίας
1145 2382 1157 2436 1
1188 2386 1329 2435 οὔπω
1357 2385 1458 2456 γὰρ
1491 2386 1646 2455 ἔμαθέ
1692 2403 1743 2434 τι
1783 2386 1927 2459 παρα

300 2482 580 2549 Χριστοῦ.
603 2476 680 2526 Τὰ
717 2476 806 2545 μὲν
837 2474 924 2526 οὖν
972 2475 1142 2545 ἡμίση
1195 2481 1292 2524 τῶν
1337 2474 1677 2546 ὑπαρχόντων
1728 2469 1926 2526 δέδωκε

304 2573 424 2626 τοῖς
460 2570 699 2633 πτωχοῖς
719 2563 790 2623 εἰς
811 2562 1042 2614 εὐποιίαν
1076 2581 1088 2593 ·
1124 2564 1188 2612 τα
1219 2562 1390 2632 ἡμίση
1425 2557 1483 2613 δὲ
1503 2566 1922 2632 παρακατέσχεν,

307 2656 429 2726 οὐχ
485 2655 618 2704 ὥστε
658 2655 818 2722 ἔχειν,
861 2651 965 2701 ἀλλ’
1022 2653 1154 2701 ὥστε
1195 2646 1266 2700 δι’
1301 2649 1461 2700 αὐτῶν
1490 2648 1804 2701 ἀποτιννύειν
1854 2669 1926 2701 τε-

307 2743 624 2818 τραπλάσια
691 2749 788 2792 τῶν
829 2738 883 2791 ἐκ
916 2743 1256 2810 συκοφαντίας
1282 2739 1646 2810 πορισθέντων·
1675 2739 1930 2790 Ἐνταῦθα

310 2837 376 2884 τὸ
409 2835 516 2903 γὰρ
541 2830 999 2899 Ἐσυκοφάντησα,
1026 2828 1083 2878 οὗ
1112 2830 1168 2877 τὸ
1192 2826 1808 2900 ματαίως,Κατηγόρησα
1837 2847 1928 2883 ση-

623 2917 750 2968 am:
827 2920 884 2967 τὸ
958 2917 1048 2970 Ἐκ
1120 2920 1456 2979 συκοφαντίας
1545 2921 1634 2967 καὶ
1714 2912 1926 2979 ἀδικίας

315 3009 647 3078 ἐκτησάμην.
699 3006 1064 3078 Τετραπλάσια
1151 3002 1210 3056 ὃὶ
1281 3002 1586 3057 ἀποδίδωσι
1649 3011 1784 3058 κατά
1840 3012 1924 3059 τόν

314 2925 520 2993 μαίνει,
623 2917 750 2968 ἀλλὰ
827 2920 884 2967 τὸ
958 2917 1048 2970 Ἐκ
1120 2920 1456 2986 συκοφαντίας

315 3102 502 3168 νόμον,
535 3099 622 3147 τόν
652 3100 886 3170 τέσσαρα
905 3093 1141 3168 πρόϐατα
1170 3093 1282 3146 ἀντὶ
1304 3094 1406 3154 ἐνὸς
1434 3095 1653 3147 ἐκτίσειν
1697 3096 1926 3150 κελεύον-

316 3207 408 3240 τα.

399 3277 731 3346 Ἀκούσωμεν
762 3276 810 3325 οἱ
835 3272 1154 3342 ἀδικοῦντες,
1192 3278 1281 3325 καὶ
1308 3274 1336 3332 ἣ
1369 3273 1502 3325 αὐτὰ
1539 3275 1604 3325 τα
1643 3271 1696 3336 ἐξ
1721 3271 1928 3335 ἀδικίας

317 3372 435 3425 τοῖς
477 3362 807 3422 ἀδικηθεῖσιν
842 3362 1279 3437 ἀναστρέψωμεν,
1313 3363 1342 3421 ἦ
1379 3365 1626 3420 τοιαύτην
1662 3365 1928 3438 θεραπείαν

322 3462 440 3515 τοῖς
471 3451 774 3526 ἀδικήμασι
800 3456 1238 3526 προσενέγκωμεν.

403 3628 529 3684 Εἶπε
564 3663 624 3672 ——
656 3629 872 3702 ἐγένετο.
924 3638 1078 3684 Οικον
1103 3630 1259 3701 λέγει,
1290 3632 1406 3689 τοὺς
1459 3627 1507 3680 ἐν
1547 3636 1618 3698 τῷ
1667 3631 1810 3698 οἴκῳ.
1835 3633 1933 3687 Ση-

330 3740 506 3794 μερον,
549 3726 725 3793 φησὶν,
758 3720 950 3793 ἕγένετο
1006 3724 1260 3792 σωτηρία,
1313 3717 1654 3778 ἁπελαθείσης
1692 3715 1799 3776 ἤδη
1840 3726 1934 3779 τῆς

333 3809 612 3880 ἀπωλείας,
667 3818 762 3872 τῆς
843 3809 1142 3871 ἐνοικούσης
1205 3808 1260 3859 ἐκ
1315 3807 1602 3869 πλεονεξίας
1666 3813 1756 3859 καὶ
1811 3803 1933 3858 ἀδι-

330 3904 471 3961 κίας.

407 3991 604 4042 Καθότι
651 4019 719 4028 -
759 3986 888 4040 ἐστι.
935 3994 1098 4039 Τοῦτο
1139 3983 1233 4037 διὰ
1274 3988 1391 4045 τοὺς
1446 3985 1814 4055 γογγύζοντας,
1856 3986 1936 4036 ὅτι

1613 4077 1743 4144 φησὶ
1770 4074 1870 4144 γάρ
1913 4087 1926 4101 ’

330 4172 560 4239 Σήμερον
615 4169 852 4238 σωτηρία
916 4172 989 4234 τῷ
1065 4167 1189 4234 οἴκῳ
1257 4166 1442 4233 τούτῳ.
1506 4166 1605 4214 Καὶ
1645 4165 1742 4236 γὰρ
1829 4158 1935 4213 ἔδει

327 4081 477 4151 παρὰ
500 4076 788 4151 ἁμαρτωλῷ
819 4072 973 4149 ἀνδρί
999 4074 1202 4132 εἰσῆλθε
1229 4073 1520 4125 καταλῦσαι
1560 4087 1572 4099 ’

332 4257 569 4314 σωθῆναι
621 4257 706 4305 τὸν
763 4259 1052 4324 Ζακχαῖον,
1101 4249 1240 4304 διότι
1286 4257 1374 4303 καὶ
1432 4251 1586 4312 αὐτὸς
1654 4251 1706 4302 ἐκ
1758 4254 1935 4321 γένους

331 4351 425 4395 τοῦ
476 4342 713 4416 Ἀϐραάμ
769 4342 900 4394 ἐστι.
983 4341 1138 4398 Δηλοῖ
1200 4338 1259 4392 δὲ

333 4436 734 4504 προηγουμένως
809 4428 902 4483 διὰ
981 4435 1096 4491 τοὺς
1165 4429 1543 4503 Ἀϐραμιαίους
1612 4427 1936 4502 ἐνηνθρώπη-

337 4540 444 4574 σεν.

1331 4344 1388 4392 τό
1463 4339 1795 4412 ἐπαγόμενον,
1856 4340 1934 4390 ὅτι

409 4699 566 4753 ’Ἦλθε
593 4733 651 4741 -
670 4698 1018 4758 ἀπολωλός.Τό
1035 4696 1295 4756 ἀπολωλός
1312 4695 1366 4747 ἐκ
1379 4700 1524 4767 γένου
1537 4716 1557 4756 ς
1572 4693 1929 4769 τοῦἈϐραάμ.

341 4791 451 4842 Οὔκ
479 4789 770 4846 ἀπεστάλην
809 4791 931 4859 γὰρ,
966 4791 1144 4858 φησὶν,
1194 4787 1238 4837 εἰ
1267 4790 1337 4857 μὴ
1369 4785 1440 4845 εἰς
1490 4787 1558 4836 τὰ
1601 4783 1840 4860 πρόϐατα
1870 4789 1935 4837 τα

341 4878 638 4932 ἀπολωλότα
662 4882 804 4930 οἴκου
835 4876 948 4947 ('26)
967 4875 1222 4948 Ἁϐραάμ.

408 4975 672 5040 Ζακχαῖος
729 4963 788 5019 δέ
846 4966 950 5038 εἰμι
1004 4963 1150 5036 κάγὼ
1198 4966 1387 5036 μικρὸς
1444 4967 1537 5021 τὴν
1598 4962 1804 5022 ἠλικίαν
1840 4968 1934 5022 τὴν

409 5095 456 5128 ³³
481 5092 663 5148 Exod.
695 5107 833 5156 xxu,
870 5090 922 5143 l.
1000 5090 1046 5122 ³³
1079 5087 1280 5144 Matth.
1321 5103 1410 5151 xv,
1440 5090 1526 5142 24.

2032 1755 2168 1810 ideo
2194 1755 2373 1810 etiam
2409 1756 2522 1811 hos
2561 1755 2691 1827 ipse
2722 1757 3111 1830 despiciebat,
3140 1776 3275 1816 cum
3305 1770 3544 1833 propter
3578 1765 3689 1820 bu-

2027 1844 2295 1915 jusmodi
2325 1861 2418 1899 res
2447 1843 2910 1904 oﬂ‘enderentur.
2935 1849 3178 1919 Oportet
3197 1850 3355 1906 enim
3388 1852 3688 1908 modicum

2032 1933 2465 1989 oﬂ‘endiculum
2518 1935 2926 2006 parviducere,
2982 1937 3084 1992 ubi
3153 1939 3416 2010 cuipiam
3465 1958 3691 2011 magna

2034 2023 2196 2079 salus
2225 2024 2474 2089 accedit,
2506 2040 2616 2079 nec
2645 2032 2886 2097 propter
2906 2042 3032 2082 rem
3062 2027 3366 2084 modicam
3397 2045 3684 2101 magnum

2031 2113 2280 2184 perdere
2297 2112 2770 2170 emolumentum
2783 2154 2796 2169 .

2103 2204 2264 2258 Vers.
2299 2205 2348 2257 8.
2382 2203 2643 2258 Stans—
2663 2204 3095 2274 quadruplum.
3131 2207 3174 2262 Ο
3207 2206 3470 2264 velocem
3495 2213 3689 2266 muta-

2031 2291 2258 2348 tionem
2286 2290 2299 2343 l
2335 2307 2550 2348 avarus
2574 2291 2767 2348 factus
2789 2293 3153 2351 estliberalis
3187 2315 3201 2365 ;
3231 2297 3691 2368 injustissimus,

2033 2380 2414 2451 iustissimus.
2447 2383 2491 2436 Ο
2523 2381 2798 2446 salutem,
2829 2400 3008 2454 quam
3040 2400 3164 2440 sese
3191 2385 3318 2457 ipse
3349 2386 3633 2444 docuerat
3675 2388 3688 2443 ι

2034 2485 2232 2541 neque
2250 2469 2411 2524 enim
2459 2469 2654 2525 adhuc
2698 2486 2734 2526 a
2755 2471 2985 2528 Christo
3015 2473 3299 2529 didicerat
3333 2493 3345 2532 :
3377 2474 3691 2533 dimidium

2035 2558 2335 2613 bonorum
2375 2558 2537 2613 dedit
2576 2559 2943 2630 pauperibus
2990 2561 3050 2616 in
3080 2561 3438 2618 beneficium
3475 2579 3490 2630 ;
3522 2564 3695 2620 dimi-

2036 2647 2208 2702 dium
2229 2661 2370 2702 vero
2399 2647 2655 2713 retinuit,
2683 2664 2798 2704 non
2833 2655 2895 2704 ut
2919 2650 3278 2722 possideret,
3300 2652 3406 2707 sed
3436 2669 3558 2725 quo
3590 2669 3695 2725 per

2035 2734 2091 2789 id
2122 2734 2443 2790 exsolveret
2464 2736 2523 2790 in
2540 2737 2970 2809 quadruplum,
2999 2738 3163 2794 lucra
3189 2739 3398 2796 fraude
3419 2743 3691 2813 quaesita.

2038 2823 2208 2889 Quod
2241 2824 2398 2880 enim
2430 2825 2544 2880 hoc
2570 2827 2629 2880 in
2673 2826 2806 2882 loco
2835 2827 3092 2884 habetur
3121 2827 3539 2903 ἐσυκοφάντησα,
3571 2847 3693 2888 non

2039 2913 2335 2981 signiﬁcat
2377 2929 2526 2968 vane
2571 2920 2671 2970 aut
2701 2915 2876 2972 stulte
2930 2916 3334 2973 calumniatus
3382 2935 3539 2985 sum,
3567 2921 3692 2987 sed,

2038 3003 2114 3056 Ex
2156 3003 2446 3072 injustitia
2473 3008 2530 3058 et
2558 3005 2861 3061 calumnia
2912 3008 3227 3078 acquisivi.
3276 3009 3696 3081 Quadruplum

2037 3095 2236 3147 autem
2259 3091 2464 3157 reddit,
2499 3093 2829 3148 secundum
2858 3093 3073 3164 legem,
3105 3112 3241 3168 quis
3270 3104 3531 3169 quatuor
3551 3113 3692 3155 oves

2037 3180 2117 3235 ob
2155 3196 2337 3235 unam
2385 3181 2684 3237 sublatam
2719 3184 2912 3238 exolvi
2946 3184 3219 3254 jubebat.

2109 3269 2464 3334 Audiamus,
2493 3272 2588 3340 qui
2637 3271 2920 3342 injuriam
2958 3273 3231 3343 facimus,
3259 3278 3316 3330 et
3335 3274 3425 3330 vel
3454 3291 3525 3331 ea
3555 3290 3692 3347 qum

2039 3358 2256 3428 injuste
2313 3365 2483 3429 parta
2529 3365 2688 3425 sunt,
2729 3359 2955 3415 aﬂ'ectis
2999 3362 3216 3432 injuria
3265 3365 3694 3421 restituamus:

2039 3446 2134 3501 vel
2168 3447 2422 3502 similem
2460 3448 2749 3503 medelam
2778 3447 2908 3515 illis,
2946 3449 3045 3520 qui
3081 3450 3362 3521 injuriam
3401 3452 3699 3524 irrogave-

2040 3543 2199 3602 runt,
2218 3535 2542 3592 offeramus
2560 3536 2666 3608 (υ).

2115 3625 2279 3680 Vers.
2315 3629 2367 3680 9.
2404 3625 2565 3680 Dixit
2594 3657 2664 3666 —
2693 3627 2960 3697 contigit.
3010 3629 3267 3685 Domum
3297 3629 3440 3685 dicit
3468 3645 3570 3687 eos
3597 3633 3697 3704 qui

2043 3713 2104 3769 in
2134 3714 2314 3768 domo
2342 3720 2530 3770 erant.
2562 3714 2764 3781 Hodie,
2793 3716 3003 3788 inquit,
3032 3717 3194 3773 salus
3225 3720 3483 3789 contigit,
3511 3722 3704 3790 ejecta

2038 3803 2166 3873 jam
2194 3803 2541 3874 perditione,
2573 3821 2705 3875 quae
2735 3805 2795 3859 in
2825 3821 2898 3862 ea
2927 3807 3269 3862 morabatur
3294 3814 3531 3880 propter
3559 3824 3700 3866 ava-

2043 3896 2237 3952 ritiam
2270 3901 2326 3951 et
2367 3896 2742 3966 injustitiam.

2115 3985 2277 4040 Vers.
2321 3989 2371 4040 9.
2406 3986 2493 4041 Eo
2519 3987 2677 4056 quod
2707 4018 2773 4027 —
2801 3993 2907 4043 est.
2950 3990 3068 4044 Hoc
3093 3995 3334 4062 propter
3378 4005 3481 4046 eos
3529 3989 3700 4059 dixit,

2044 4072 2147 4145 qui
2176 4075 2633 4130 murmurabant
2684 4076 2849 4148 quod
2897 4076 3192 4144 intrasset,
3241 4079 3398 4150 apud
3428 4084 3696 4152 peccato-

2043 4178 2168 4216 rem
2211 4163 2407 4217 virum
2465 4164 2888 4219 diversaturus.
2948 4167 3041 4220 Ait
3089 4182 3270 4238 ergo;
3305 4168 3495 4224 Hodie
3536 4169 3700 4224 salus

2045 4251 2247 4306 domui
2273 4252 2403 4307 huic
2449 4253 2694 4323 contigit
2731 4269 2745 4320 ;
2777 4255 3092 4326 Oportebat
3138 4256 3436 4328 siquidem
3465 4256 3698 4313 salvum

2046 4340 2169 4394 ﬁeri
2199 4341 2562 4408 Zacchaeum,
2581 4342 2721 4413 quia
2750 4350 2806 4397 et
2825 4343 2951 4415 ipse
2979 4359 3050 4399 ex
3081 4360 3294 4414 genere
3313 4351 3402 4401 est
3422 4345 3695 4402 Abrahae.

2043 4428 2348 4498 Signiﬁcat
2397 4435 2590 4486 autem
2631 4431 2903 4486 inductus
2940 4433 3034 4488 hic
3075 4450 3296 4504 sermo,
3354 4435 3519 4506 quod
3558 4449 3700 4506 pro-

2044 4523 2172 4590 pter
2213 4534 2315 4573 eos
2363 4520 2746 4591 potissimum
2800 4522 3240 4580 humanitatem
3284 4525 3696 4596 assumpserit,
3737 4548 3739 4550 ·

2044 4608 2140 4679 qui
2180 4607 2258 4663 ab
2289 4608 2595 4666 Abraham
2639 4610 3100 4667 descendebant.

2118 4698 2276 4752 Vers.
2311 4697 2399 4752 10.
2460 4700 2626 4754 Venit
2657 4731 2725 4739 —
2751 4702 2906 4770 quod
2945 4703 3142 4768 periit.
3179 4701 3350 4767 Quod
3384 4700 3573 4773 periit,
3624 4717 3698 4758 ex

2044 4799 2259 4854 genere
2293 4785 2566 4842 Abrahae.
2598 4787 2688 4843 Ait
2725 4790 2885 4844 enim
2932 4808 2945 4844 :
2977 4791 3113 4846 Non
3152 4806 3283 4846 sum
3315 4792 3544 4856 missus,
3579 4791 3697 4848 nisi

2043 4875 2113 4929 ad
2135 4889 2268 4930 oves
2307 4876 2563 4943 perditas
2602 4878 2802 4932 domus
2832 4879 3024 4935 Israel
3057 4883 3124 4932 ³³.

2117 4966 2238 5034 Ego
2293 4981 2434 5021 vero
2486 4973 2541 5022 et
2591 4967 2902 5023 Zacchaaus
2946 4986 3079 5024 sum
3127 4974 3353 5028 statura
3407 4970 3701 5043 spirituali

1542 5183 1765 5253 Variae
1804 5184 2128 5253 lectiones
2160 5198 2224 5254 et
2272 5198 2474 5256 notae.

409 5387 524 5458 (22)
557 5385 716 5438 Αὐτόν
743 5383 1051 5458 omittit_B.

409 5449 522 5532 (23)
559 5459 743 5513 Etiam
772 5457 864 5510 hic
896 5453 1107 5525 adjecit
1137 5452 1428 5526 interpres
1454 5449 1938 5526 scholium,quod

340 5531 457 5588 mei
485 5545 596 5585 non
629 5532 978 5598 agnoscunt.

411 5602 522 5674 (24)
551 5595 692 5668 Οιιό
706 5614 885 5654 sensu
931 5597 1254 5668 κατάγεσθαι
1283 5600 1373 5652 est
1399 5595 1623 5653 deverti
1676 5599 1735 5654 et
1777 5615 1936 5650 κατα-

2047 5389 2258 5456 γὼγιον,
2287 5385 2705 5444 deversorium.

2117 5457 2232 5536 ςξὶᾷ)
2263 5460 2431 5536 _Hauc_
2461 5459 2716 5514 formam
2739 5457 2926 5536 codex
2944 5464 3195 5536 uterque
3225 5466 3528 5536 exprimit.

2117 5527 2228 5600 ('26)
2259 5530 2349 5582 Ἐκ
2373 5533 2570 5602 γένους,
2598 5547 2707 5604 pro
2725 5534 2890 5587 οἴκου.
2925 5531 2990 5587 Α.

416 5778 499 5855 (υ)
527 5778 652 5834 Illis
683 5806 750 5817 —
779 5774 1111 5846 o/feramus.
1130 5773 1348 5844 Redde,
1381 5775 1622 5847 injuriis
1652 5775 1925 5833 admoveo

2051 5793 2080 5833 ι.
2107 5779 2400 5852 lnterpres
2418 5779 2550 5838 loco
2567 5776 2868 5857 ἀδικήμασι
2901 5779 3132 5840 videtur
3159 5781 3374 5864 legisse
3396 5778 3702 5844 ἀδικήσασι.
