4144 6314
564 345 700 406 t059
1668 306 1671 307 ί
1880 334 2200 398 summ

2293 335 2607 399 :lGABENt
3794 349 3929 409 tceo

560 474 835 546 pusillus,
875 474 1075 532 adhuc
1103 469 1261 530 enim
1308 467 1475 527 humi
1508 468 1668 525 circa
1705 470 1936 524 terrena
1964 467 2166 523 trahor

2286 514 2287 519 η
2324 474 2674 541 πνευματικήν
2701 472 2773 524 ἔτι
2814 474 2915 548 γὰρ
2947 477 3123 547 χαμαὶ
3169 478 3287 550 περὶ
3325 478 3391 528 τὰ
3446 477 3612 551 γεηρὰ
3677 479 3922 552 σύρομαι,

558 564 732 635 cupio
761 569 960 620 autem
994 564 1285 621 Christum
1331 558 1542 616 intueri
1581 558 1909 622 manifeste,
1962 562 2019 611 et
2061 556 2194 611 sicu'

2323 563 2413 610 καὶ
2468 559 2611 619 ζητῶ
2661 565 2751 633 μὲν
2785 559 2914 615 ἰδεῖν
2971 568 3057 616 τὸν
3115 569 3344 639 Χριστὸν
3403 565 3636 638 ἐμφανῶς
3698 572 3791 619 καὶ
3820 570 3924 639 (2ἷ)

560 654 802 725 expedit
842 669 854 709 :
908 669 1107 709 verum
1145 652 1225 707 ita
1281 650 1479 722 ipsum
1525 648 1739 703 intueri
1766 662 1888 702 non
1940 661 2196 717 possum.

2324 649 2394 709 ὡς
2439 658 2722 721 προσῆκεν,
2780 652 2839 703 οῦ
2893 649 3125 725 δύναμαι
3181 652 3241 707 δε
3291 663 3471 707 τοῦτον
3509 656 3673 718 οὕτως
3709 654 3861 723 ἰδεῖν,
3888 659 3925 709 εἰ

558 744 670 798 nisi
690 758 761 798 ea
781 758 914 814 quae
936 742 1080 797 mihi
1099 741 1173 796 ad
1207 741 1318 795 hoc
1345 738 1766 808 impedimento
1783 742 1939 799 sunt,
1966 734 2188 805 fugiam

2324 741 2395 807 μὴ
2447 734 2693 813 ἐκδράμω
2731 749 2831 791 τῶν
2871 739 3257 813 ἐμποδιζόντων
3294 763 3385 815 μοι
3446 748 3567 818 πρὸς
3618 753 3801 808 τοῦτο,
3848 750 3925 799 καὶ

558 832 972 888 ειηᾶεοεηᾶδω
997 831 1055 885 in
1096 830 1392 891 arborem,
1422 826 1479 881 id
1500 832 1605 891 est,
1638 841 1823 896 supra
1850 829 2084 880 terrena
2104 823 2194 878 elei

2326 824 2498 877 ἀναϐὠ
2549 826 2631 879 ἐπὶ
2668 825 2903 904 δένδρον,
2936 836 3221 897 τουτέστιν,
3264 834 3539 905 ὑπεραρθῶ
3567 842 3677 886 τῶν
3718 837 3921 905 γηίνων,

557 938 657 976 ver
686 920 1037 992 attollarque
1069 921 1146 975 ad
1174 917 1445 973 caelestia.
1487 923 1648 970 Tunc
1678 915 1835 970 enim
1878 918 1933 968 et
1964 914 2089 985 ipse
2120 929 2193 967 ωε

2324 920 2413 966 καὶ
2443 919 2774 989 μετεωρισθῶ
2810 922 2940 992 πρὸς
2968 922 3033 972 τὰ
3063 921 3346 993 ἐπουράνια
3372 920 3506 992 (28).
3544 927 3679 974 Τότε
3713 926 3819 997 γὰρ
3849 929 3928 977 καὶ

558 1011 824 1081 ingenue
850 1009 1119 1081 aspiciet,
1165 1007 1516 1078 vocabitque
1547 1004 1623 1059 ad
1657 1021 1720 1059 se
1752 1009 1809 1059 et
1839 1002 2194 1058 mansionem

2326 1004 2477 1064 αὐτὸς
2510 1006 2747 1058 θεάσεταί
2776 1026 2839 1074 με
2862 1014 3107 1078 γνησίως,
3135 1015 3225 1062 καὶ
3254 1010 3459 1063 καλέσει
3474 1014 3605 1083 πρός
3631 1011 3926 1075 ἑαυτὸν,καὶ

559 1100 729 1173 apud
745 1116 839 1156 me
873 1100 1075 1169 faciet;
1108 1097 1237 1153 talis
1261 1095 1555 1168 siquidem
1578 1092 1826 1150 efﬁcitur
1850 1092 2069 1149 domus
2091 1092 2190 1146 Dei

2325 1097 2484 1166 μονὴν
2512 1094 2633 1167 παρ’
2665 1094 2779 1168 ἐμοὶ
2818 1102 3049 1155 ποιήσει.
3084 1096 3242 1161 Οἶκος
3290 1101 3392 1172 γὰρ
3449 1104 3573 1152 Θεοῦ
3626 1101 3655 1151 6
3701 1107 3928 1160 τοιοῦτος

2324 1187 2541 1254 γίνεται.

590 1324 597 1331 .
636 1280 803 1333 Vers.
830 1279 910 1332 t1.
932 1278 1069 1332 Haec
1083 1276 1205 1331 illis
1221 1272 1591 1330 audientibus
1610 1302 1672 1312 —
1690 1270 2213 1340 manifestandum.

2394 1274 2713 1325 Ἀκουόντων
2737 1270 2771 1327 δ
2774 1277 2796 1327 ι
2813 1274 2979 1328 αὐτῶν
3008 1283 3173 1329 ταῦτα
3200 1275 3588 1350 ἀναφαίνεσθαι.
3634 1278 3931 1338 ’Δκοῦοντές

567 1368 891 1424 Audientes
922 1366 1170 1438 quidam
1224 1380 1298 1419 ex
1339 1362 1555 1418 Judaeis
1598 1377 1737 1416 eum
1770 1361 2109 1431 frequenter
2134 1358 2203 1414 di-

2325 1380 2454 1421 τινες
2500 1371 2598 1413 τῶν
2654 1360 2923 1416 Ἰουδαίων
2988 1365 3232 1427 πολλάκις
3288 1367 3448 1419 αὐτοῦ
3533 1367 3798 1438 λέγοντος,
3860 1369 3930 1419 ὅτι

565 1462 821 1522 centem,
852 1454 1016 1528 quod
1052 1455 1295 1509 instaret
1324 1468 1574 1522 regnum
1602 1451 1726 1514 Dei,
1755 1448 2201 1521 suspicabantul

2328 1455 2542 1521 ἤγγικεν
2573 1453 2604 1510 ἡ
2636 1451 2882 1524 βασιλεία
2906 1461 3000 1506 τοῦ
3026 1461 3182 1520 Θεοῦ,
3207 1455 3479 1518 ὑπέλαϐον,
3522 1458 3604 1508 ὃτι
3663 1453 3763 1508 διὰ
3792 1464 3931 1508 τοῦτο

567 1547 732 1620 (ιυοά
783 1552 1098 1619 propterea
1152 1558 1313 1599 nunc
1364 1542 1708 1597 ascenderet
1764 1538 2111 1603 Jerusalem,
2154 1548 2203 1593 ut

2330 1541 2495 1593 iusim
2523 1549 2610 1592 νῦν
2659 1542 3115 1616 εἰςἸερουσαλημ,
3169 1546 3251 1596 ἶνα
3306 1544 3601 1617 βασιλεύσῃ
3673 1545 3725 1597 έν
3784 1546 3926 1617 αὐτῇ,

563 1640 849 1705 regnaret
877 1634 936 1689 in
967 1650 1039 1689 ea
1067 1650 1080 1700 ;
1122 1633 1284 1706 quod
1318 1632 1446 1704 ipse
1488 1630 1699 1694 sciens,
1734 1645 1841 1701 per
1871 1627 2199 1701 parabolatr

2328 1632 2447 1700 ὅπερ
2479 1633 2634 1701 γνοὺς
2656 1631 2810 1693 αὐτὸς
2834 1628 2928 1683 διὰ
2955 1633 3256 1707 παραϐολῆς
3296 1630 3604 1706 διορθοῦται
3628 1638 3728 1692 τήν
3759 1632 3928 1706 ἔσφαλ-

567 1725 809 1793 corrigit
845 1739 1156 1778 erroneam
1187 1722 1424 1776 illorum
1475 1720 1846 1791 opinionem.
1893 1716 2203 1773 ostendens

2327 1722 2483 1791 μένην
2508 1718 2769 1790 ὑπόληψιν
2808 1721 2998 1789 αὐτῶν,
3056 1722 3336 1795 ἐμφαίνων,
3369 1725 3450 1775 ὃτι
3480 1725 3511 1781 ἡ
3564 1722 3821 1795 βασιλεία
3848 1723 3928 1774 αὖ·

562 1831 809 1885 regnum
843 1829 1018 1868 suum
1065 1827 1185 1867 non
1217 1827 1346 1867 esse
1396 1826 1468 1865 ex
1498 1810 1612 1864 hoc
1664 1807 1910 1868 mundo,
1967 1807 2071 1861 sed
2099 1822 2198 1860 coe-

2292 1858 2293 1861 η
2328 1815 2417 1859 τοῦ
2445 1808 2538 1859 οὐκ
2576 1811 2717 1861 ἔστιν
2742 1807 2797 1860 έκ
2826 1817 2917 1861 τοῦ
2947 1815 3149 1884 κόσμου
3181 1814 3390 1881 τούτου,
3429 1811 3534 1864 ἀλλ’
3566 1812 3814 1887 οὐράνιος
3849 1817 3928 1864 καὶ

560 1905 703 1962 leste
730 1921 801 1961 ac
839 1910 1147 1958 aeternum.

884 1910 1147 1957 eternum.
2330 1894 2520 1958 ἀίδιος.

566 1996 723 2052 CAP.
765 1994 939 2049 LXVI.
974 1991 1056 2046 De
1087 1991 1338 2056 homine,
1370 1990 1476 2060 qui
1498 1989 1802 2058 profectus
1834 1994 1937 2052 est,
1974 1994 2039 2041 ut
2068 1987 2202 2043 acci

2162 1987 2220 2040 ri-
2474 1992 2616 2040 ΚΕΦ.
2646 1986 2759 2050 Ξς·’.
2786 1992 2909 2060 Περὶ
2938 1984 3029 2041 τοῦ
3060 1991 3394 2061 πορευθέντος
3420 1989 3595 2043 λαϐεῖν
3630 1991 3798 2061 ἑαυτῷ

1061 2086 1219 2150 paret
1271 2079 1381 2133 sibi
1444 2093 1718 2148 regnum.

1648 2093 1718 2132 m.
2992 2076 3284 2150 βασιλείαν.

637 2173 919 2229 Vers.12.
979 2170 1134 2225 Dixit
1180 2198 1255 2213 ›-
1298 2167 1698 2237 longinquam.
1762 2168 1832 2221 Se
1884 2165 2081 2237 ipsum
2149 2164 2223 2218 si-

2405 2160 2556 2216 Εἶπεν
2605 2195 2673 2205 -
2703 2168 2924 2237 μακράν.
2978 2170 3170 2219 Εαυτὸν
3202 2165 3477 2233 ὑποδηλοῖ,
3520 2170 3800 2245 ἄνθρωπον
3827 2172 3922 2240 μὲν,

567 2261 833 2334 gniﬁcat,
892 2259 1199 2315 hominem
1268 2256 1535 2329 quidem,
1612 2260 1677 2309 ut
1730 2254 1835 2327 qui
1892 2253 2203 2309 humanita

2333 2254 2397 2312 ὡς
2454 2251 2941 2326 ένανθρωπησαντα⁶
3000 2254 3175 2325 εὐγενῆ
3233 2252 3310 2320 δε,
3371 2259 3439 2319 ὡς
3494 2260 3619 2310 Υὶον
3660 2266 3751 2310 τοῦ
3780 2263 3917 2310 Θεοῦ·

565 2357 685 2408 tem
718 2349 1051 2419 assumpsit
1103 2345 1500 2418 :praaclarum
1558 2360 1700 2399 vero
1754 2359 1988 2414 genere,
2022 2348 2201 2413 utpott

2335 2339 2584 2414 έπορεύθη
2639 2338 2699 2393 δὲ
2756 2342 2827 2404 εἰς
2878 2349 3060 2418 χώραν
3090 2347 3312 2416 μακρὰν,
3346 2349 3476 2416 μετὰ
3503 2352 3604 2404 τὴν
3646 2346 3702 2398 ἐκ
3756 2355 3922 2419 νεκρῶν

568 2440 781 2496 Filium
811 2436 930 2493 Dei.
966 2435 1260 2491 Profectus
1287 2440 1375 2489 est
1409 2442 1606 2488 autem
1649 2432 1709 2487 in
1761 2430 2067 2500 regionem
2097 2430 2204 2486 loni

2334 2428 2622 2481 ἀνάστασιν
2657 2430 2817 2482 αὐτοῦ
2841 2430 3058 2485 ἀνελθὼν
3084 2433 3155 2494 εἰς
3182 2437 3267 2485 τὸν
3317 2434 3552 2507 οὐρανὸν.
3588 2434 3679 2498 Ὠς
3709 2439 3805 2511 γὰρ
3830 2430 3918 2493 ἤδη

566 2528 877 2600 ginquam,
923 2531 1058 2597 post
1106 2522 1591 2580 resurrectionem
1626 2537 1696 2577 ex
1730 2520 1978 2577 mortuis
2018 2534 2202 2575 ascen.

1684 2537 1696 2577 ἱ
1730 2520 1978 2577 mortuis
2018 2534 2221 2575 ascen-
2329 2522 2642 2591 γεγενημένα
2665 2518 2800 2591 λέγει
2824 2522 2889 2572 τὰ
2913 2520 3158 2593 μέλλοντα
3188 2522 3320 2594 (29).

564 2618 716 2674 dens
756 2615 834 2671 ab
890 2615 974 2670 eis
1011 2613 1071 2668 in
1115 2611 1334 2668 coelum
1396 2628 1406 2664 ;
1443 2610 1741 2681 siquidem
1788 2616 2071 2681 tanquam
2093 2607 2220 2678 jam

566 2706 727 2764 facta
755 2704 893 2759 dicit
921 2719 991 2758 ea
1020 2717 1156 2774 quae
1198 2701 1397 2755 futura
1425 2706 1583 2754 sunt.

629 2797 671 2865 -ι-
711 2794 859 2850 Nam
893 2792 1056 2860 regio
1088 2791 1376 2861 loginqua
1398 2788 1532 2855 alia,
1569 2792 1784 2858 praeter
1817 2792 2058 2854 terram,
2090 2791 2176 2840 est
2194 2785 2433 2841 caelum.

639 2885 805 2939 Vers.
832 2882 917 2936 1'2.
951 2882 1019 2937 Ut
1038 2881 1323 2947 acciperet
1341 2877 1452 2932 sibi
1477 2892 1748 2947 regnum.
1769 2876 1937 2941 Quod
1960 2883 2020 2930 ut
2036 2876 2219 2930 homo

2404 2876 2590 2929 Λαϐεῖν
2623 2876 2789 2947 ἑαυτῷ
2822 2874 3113 2949 βασιλείαν.
3140 2878 3235 2931 Ἤν
3273 2878 3467 2945 ἔλαϐεν,
3527 2883 3602 2943 ὡς
3653 2883 3903 2954 ἄνθρωπος,

566 2971 816 3044 accepit,
846 2971 919 3025 de
949 2986 1071 3040 quo
1092 2968 1238 3022 dixit
1270 2968 1451 3022 David
1497 2982 1509 3020 :
1551 2969 1832 3021 Dominus
1857 2966 2125 3035 regnavit
2149 2964 2195 2999 ³4

2329 2971 2447 3037 περὶ
2476 2967 2537 3026 ἧς
2562 2970 2733 3039 εἴρηκε
2755 2964 2921 3019 Δαυίδ
2948 2985 2960 2997 ⁸
2994 2969 3018 3019 6
3053 2969 3243 3039 Κύριος
3263 2967 3600 3027 ἐϐασίλευσε,
3641 2976 3739 3024 Καὶ
3765 2966 3901 3028 αὖθις·

568 3064 636 3117 Et
654 3074 861 3115 rursus
894 3077 910 3114 :
956 3055 1126 3114 Dixit
1180 3055 1464 3111 Dominus
1498 3055 1740 3109 Domino
1792 3068 1913 3109 meo
1948 3069 1959 3108 :
2011 3052 2152 3108 Sede
2188 3070 2204 3105 ι

2336 3051 2483 3107 Εἶπεν
2513 3057 2538 3107 6
2570 3058 2759 3128 Κύριος
2813 3063 2886 3126 τῷ
2921 3062 3094 3129 Κυρίῳ
3117 3076 3217 3129 μου
3252 3077 3263 3089 ·
3293 3060 3467 3111 Κάθου
3515 3058 3575 3111 ἐκ
3608 3057 3779 3123 δεξιῶν
3801 3077 3894 3130 μον,

566 3149 788 3207 dextris
808 3147 972 3211 meis,
996 3146 1182 3201 donec
1202 3159 1449 3216 posuero
1468 3142 1739 3199 inimicos
1770 3148 1895 3198 tuos
1914 3142 2202 3199 scabeuun

2258 3140 2298 3196 C
2333 3145 2419 3204 ἕως
2449 3146 2510 3196 ἄν
2567 3147 2638 3197 θῶ
2684 3148 2803 3205 τοὺς
2857 3143 3083 3219 ἐχθρούς
3116 3166 3210 3199 σου
3258 3144 3556 3200 ὑποπόδιον
3615 3158 3713 3202 τῶν
3758 3143 3887 3199 ποδῶν

565 3240 785 3311 pedum
827 3244 1055 3293 tuorum
1085 3236 1156 3291 ⁸³.

827 3244 1055 3293 tuorum
1085 3236 1156 3291 ⁸³.
2335 3253 2450 3286 σου.

641 3332 779 3385 Vera
824 3327 909 3383 12.
944 3327 1030 3383 Ac
1076 3330 1489 3383 reverteretur.
1531 3325 1593 3378 ln
1652 3321 1913 3378 secundo
1964 3320 2223 3378 adventu

2407 3327 2507 3376 Καὶ
2530 3323 2878 3397 ὑποστρέψαι.
2906 3326 3053 3378 Κατὰ
3082 3329 3177 3384 τὴν
3207 3322 3454 3399 δευτέραν
3504 3330 3791 3402 παρουσίαν
3829 3321 3898 3375 αὖ·

568 3434 698 3477 8110.

2332 3418 2424 3463 τοῦ
2438 3456 2449 3468 .

569 3509 724 3566 CAP.
760 3506 968 3563 LXVII.
996 3506 1079 3561 De
1105 3504 1217 3570 his,
1271 3503 1372 3574 qui
1419 3503 1609 3559 decem
1637 3501 1827 3556 minas
1857 3508 2200 3571 acceperunt

2147 3508 2221 3556 nt.
2478 3505 2624 3557 ΚΕΦ.
2656 3499 2768 3553 ΞΖ’.
2806 3506 2927 3576 Περὶ
2958 3510 3057 3553 τῶν
3086 3500 3344 3554 λαϐόντων
3368 3505 3463 3564 τὰς
3494 3501 3629 3557 δέκα
3648 3510 3783 3576 μνᾶς.

640 3597 804 3653 Vers.
831 3595 915 3651 13.
957 3595 1186 3650 Vocatis
1236 3624 1275 3634 ο
1308 3595 1517 3648 minas.
1553 3593 1845 3647 Numerus
1878 3590 1935 3645 in
1958 3591 2072 3646 hoc
2092 3590 2223 3646 loco

2408 3588 2638 3651 Καλέσας
2672 3618 2734 3631 —-
2755 3597 2902 3661 μνᾶς.
2932 3590 2991 3643 Ὀ
3022 3587 3149 3643 δέκα
3189 3591 3407 3667 ἀριθμός
3436 3562 3662 3646 ἐνταῦθα
3709 3591 3904 3649 πλήθους

569 3686 872 3751 denarius,
895 3681 1289 3740 multitudinis
1318 3682 1608 3737 duntaxat
1627 3680 2100 3736 manifestativus
2116 3686 2202 3735 est

2335 3682 2485 3751 μόνον
2513 3676 2816 3750 ἐμφαντικὸς
2846 3678 3005 3744 ἐστιν,
3040 3681 3125 3732 ἐπί
3155 3699 3209 3733 τε
3256 3689 3356 3732 τῶν
3389 3677 3613 3750 δούλων,
3644 3681 3723 3734 ἐπί
3754 3700 3800 3733 τε
3824 3686 3906 3730 τῶν

569 3782 693 3834 tam
720 3776 795 3831 de
821 3776 1007 3831 servis
1036 3789 1219 3845 quam
1251 3772 1326 3827 de
1369 3771 1565 3826 minis.
1599 3770 1751 3827 Mina
1783 3775 2006 3833 autem,
2040 3783 2205 3837 genu:

2336 3775 2472 3838 μνῶν
2507 3780 2519 3791 ⁸
2550 3769 2580 3824 ἡ
2638 3775 2741 3840 μνᾶ
2781 3766 2839 3821 δε
2870 3765 2930 3827 ἧν
2959 3766 3094 3830 εἶδος
3125 3767 3405 3843 ἀργυρίου.
3467 3772 3690 3833 Δούλους
3736 3773 3816 3842 μὲν
3838 3762 3910 3819 οὖν

570 3871 697 3923 erat.
725 3864 987 3935 argentei
1036 3860 1291 3918 nummi.
1365 3862 1579 3918 Servos
1637 3875 1779 3931 ergo
1826 3858 1970 3913 dicit
2019 3872 2206 3913 omne:

2336 3855 2490 3926 λέγει,
2519 3860 2713 3917 πάντας
2744 3861 2858 3918 τοὺς
2891 3854 3252 3922 διδασκάλους
3283 3868 3381 3911 τῶν
3417 3869 3618 3912 πιστῶν
3646 3877 3657 3890 ·
3688 3865 3802 3932 μνᾶς
3842 3852 3909 3920 δι’

570 3954 835 4013 ﬁdelium
860 3958 1254 4025 praeceptores
1278 3966 1291 4005 :
1314 3950 1508 4006 minas
1533 3964 1692 4013 vero,
1732 3946 2021 4018 spiritalia
2045 3947 2205 4002 dona

1482 3966 1508 4003 s
1533 3964 1692 4013 vero,
1732 3946 2021 4018 spiritalia
2045 3947 2227 4002 dona.
2339 3948 2404 3997 τὰ
2426 3950 2747 4018 πνευματικά
2784 3951 3118 4020 χαρίσματα.

642 4046 803 4100 Vera.
831 4044 914 4097 13.
950 4043 1015 4096 Et
1070 4039 1321 4097 veniam.
1383 4036 1770 4108 Negotiemini
1802 4052 1908 4108 per
1936 4036 2098 4092 dona
2137 4051 2230 4089 sa-

2417 4040 2515 4087 Καὶ
2550 4038 2880 4111 -ἕρχομαι.
2926 4038 3416 4109 Πραγματεύσασθε
3453 4034 3548 4090 διὰ
3590 4046 3686 4090 τῶν
3735 4051 3913 4108 χαρισ-

573 4133 759 4189 lutem
809 4129 1144 4186 hominum.

2343 4125 2517 4196 μάτων
2542 4128 2635 4182 τὴν
2662 4130 2922 4197 σωτηρίαν
2953 4134 3051 4177 τῶν
3085 4124 3392 4197 ἀνθρώπων,

651 4222 812 4277 Vers.
846 4219 931 4274 14.
970 4218 1135 4275 Cives
1165 4221 1359 4274 autem
1392 4246 1457 4257 —
1486 4230 1637 4271 eum.
1676 4213 1925 4284 Cognati
1972 4213 2101 4285 ejus
2138 4213 2236 4268 Ju-

2416 4215 2482 4264 Oi
2536 4209 2595 4265 δε
2652 4213 2862 4266 πολῖται
2921 4246 2982 4256 -—
3052 4214 3228 4267 αὐτὸν.
3306 4217 3373 4267 Οἱ
3458 4222 3712 4289 συγγενεῖς
3780 4210 3913 4263 αὑτοῦ

579 4309 715 4370 dmi.

2346 4298 2618 4355 Ἰουδαῖοι.

650 4398 813 4456 Vers.
847 4398 935 4454 14.
971 4397 1050 4453 Et
1075 4425 1142 4438 —
1198 4409 1321 4451 nos.
1361 4396 1507 4451 Nam
1540 4399 1596 4449 et
1634 4392 1796 4466 prius
1851 4392 2130 4449 dixerunt
2160 4391 2237 4448 ad

2422 4395 2522 4443 Καὶ
2548 4422 2613 4432 --
2640 4392 2798 4463 ἡμᾶς.
2831 4396 2927 4445 Καὶ
2980 4397 3221 4466 πρότερον
3276 4394 3379 4467 γὰρ
3430 4397 3559 4469 πρὸς
3595 4396 3675 4444 τὸν
3718 4388 3908 4442 Πιλᾶτον

578 4488 1029 4547 Pilatum:Non
1078 4484 1352 4542 habemus
1369 4499 1564 4555 regem
1594 4483 1711 4539 nisi
1759 4484 2043 4540 Caesarem
2076 4485 2122 4519 ³⁸
2149 4499 2162 4549 ;
2186 4498 2214 4538 e

2276 4490 2319 4543 D
2350 4479 2536 4551 ἔλεγον.
2570 4481 2680 4533 Οὐκ
2706 4484 2894 4553 ἔχομεν
2931 4479 3175 4554 βασιλέα,
3211 4482 3253 4534 εἰ
3283 4488 3352 4555 μὴ
3396 4488 3649 4554 Καίσαρα·
3669 4484 3746 4530 καὶ
3773 4476 3901 4526 ὔστε-

579 4577 971 4654 postmodum
993 4574 1250 4632 orabant
1267 4573 1344 4628 ad
1374 4576 1552 4629 Deum
1576 4577 1632 4628 et
1651 4572 1912 4638 Patrem,
1938 4579 1999 4629 ut
2027 4572 2215 4628 exstin

2348 4589 2436 4642 ρον
2468 4572 2698 4640 ηὔχοντο
2718 4574 2841 4642 πρὸς
2872 4573 2957 4621 τόν
2990 4574 3117 4623 Θεὸν
3151 4575 3240 4623 καὶ
3286 4576 3511 4644 Πατέρα,
3545 4568 3789 4622 σϐεσθῆναι
3816 4558 3893 4609 αὖ·

580 4672 860 4742 gueretur
890 4666 1067 4722 etiam
1105 4663 1235 4734 ejus
1262 4663 1564 4718 memoria.

1438 4663 1564 4718 iria.
2349 4666 2440 4710 τοῦ
2469 4658 2581 4729 (30)
2613 4664 2701 4710 καὶ
2727 4663 2820 4716 τήν
2847 4664 3074 4731 μνήμην.

663 4757 826 4814 Vers.
861 4756 955 4812 15.
994 4754 1072 4810 Et
1101 4752 1347 4823 contigit
1381 4784 1451 4792 —
1484 4766 1683 4823 regno.
1728 4751 1806 4807 De
1837 4750 2098 4807 secundo
2138 4750 2240 4807 ad-

2422 4753 2522 4800 Καὶ
2599 4744 2792 4818 ἐγένετο
2845 4772 2915 4795 =
2982 4746 3272 4820 βασιλείαν.
3340 4753 3458 4821 Περὶ
3530 4750 3611 4802 τῆς
3669 4734 3884 4807 δευτέρας

587 4848 774 4903 ventu
802 4849 889 4900 est
924 4842 1021 4898 hic
1044 4856 1262 4905 sermo,
1302 4838 1549 4911 quando
1567 4844 1889 4894 revertetur
1917 4853 2055 4894 cum
2077 4842 2223 4910 potet

2346 4840 2642 4913 παρουσίας
2668 4838 2693 4888 6
2744 4836 2912 4909 λόγος,
2945 4838 3026 4890 ὅτε
3079 4836 3471 4890 έπανελεύσεται
3516 4834 3631 4909 μετὰ.
3662 4825 3896 4897 δυνάμεως

654 5023 721 5060 ³⁸
755 5020 907 5080 Psal.
940 5036 1070 5087 xcn,
1103 5019 1155 5075 1.
1238 5018 1285 5055 ³⁸
1319 5015 1473 5074 Psal.
1507 5032 1618 5081 ωε,
1650 5016 1700 5084 1,
1727 5020 1779 5072 2.
1859 5016 2094 5075 "Joan.
2123 5031 2244 5086 xix,
2288 5016 2381 5074 15.

1796 5195 2025 5265 Variae
2071 5193 2400 5264 lectiones
2443 5203 2507 5262 et
2547 5205 2750 5262 notae.

658 5394 778 5469 (27)
814 5393 903 5459 Ὠς
931 5398 1039 5460 καί,
1068 5390 1275 5469 ordine
1320 5391 1558 5451 inverso
1580 5391 1638 5450 Β.
2358 5389 2643 5469 niussuaa
2673 5388 3141 5469 interpretationi
3168 5381 3789 5469 ascripseratieremiai
3809 5378 3931 5469 ulla

662 5454 777 5542 1285
795 5454 1054 5542 omni:
1361 5535 1376 5542 _
1445 5535 1478 5542 __
1707 5534 1747 5542 ﬂ
1871 5535 1917 5542 Δ-

2357 5463 2605 5542 Actibus
2666 5454 3006 5542 apostolicis
3050 5460 3288 5542 quidem
3326 5454 3669 5542 'al‘iquoties
3718 5454 3928 5542 legiqu

659 5524 772 5611 {295
792 5524 910 5595 Nec:
927 5537 1267 5611 proximum
1296 5535 1588 5593 scholium
1616 5534 1849 5593 codices
1870 5535 2250 5608 Mosquenses
2358 5524 3032 5611 principes_l'udie01'um
3069 5524 3281 5611 'del‘ere
3331 5524 3584 5611 voluisse
3617 5524 3931 5611 memoriam

592 5597 837 5669 ha‘beht.
928 5597 947 5611 ‘
2012 5597 2028 5608 ‘
2357 5597 2617 5661 nominis
2645 5604 2878 5670 Christi,
2912 5605 3014 5660 sed
3046 5603 3254 5659 nullibi
3283 5602 3559 5660 additum
3616 5604 3719 5664 est,
3772 5597 3934 5670 εὕχισα

660 5684 773 5754 (30)
807 5679 1127 5763 Κςιέῌιώθει
1180 5674 1248 5727 Α.
1293 5677 1594 5763 Caeterum.
1626 5678 1866 5760 ignoro,
1909 5678 2009 5763 'a-d
2048 5693 2247 5763 'que‘m

1626 5678 1866 5760 ignoro,
1909 5678 2009 5763 'a-d
2048 5693 2247 5763 'que‘m
2359 5678 2447 5731 θαι
2469 5680 2597 5754 πρὸς
2615 5681 2701 5730 τὸν
2742 5681 2870 5732 Θεὸν
2889 5680 2978 5730 καὶ
3018 5679 3241 5752 Πατέρα.

586 5749 789 5814 locum
850 5753 1197 5810 Litterarum
1225 5764 1534 5809 sacrarum
1577 5749 1675 5806 hic
1708 5750 2003 5825 respiciat.
2045 5749 2250 5806 ﬂente-
