4144 6314
263 390 383 454 ιοθι
1337 310 1719 435 COMMENT.
1767 378 1837 441 IN
1876 380 2131 443 LUCAM.
2174 418 2239 426 _
2281 378 2435 441 CAP.
2468 378 2611 440 XIX.
3490 380 3626 445 ωδε

258 549 445 610 πολλῆς
513 552 601 599 καὶ
665 543 838 613 δόξης,
889 547 977 597 καὶ
1040 544 1245 596 καθίσει
1305 521 1389 582 ἐπὶ
1442 500 1621 582 θρθνθν
1691 530 1894 600 δόξης.

1973 541 2117 593 state
2146 551 2369 606 magna
2432 541 2489 593 et
2526 536 2733 607 gloria,
2784 539 3129 614 sedebitque
3174 558 3353 616 super
3412 544 3609 600 sedem

258 638 438 692 αὐτοῦ.

1971 627 2168 696 gloriae
2209 642 2351 681 suae.

327 727 438 797 (3|)
476 726 597 776 Εἷπε
625 755 691 763 —
716 720 1252 796 διεπραγματεύσατο.
1286 720 1412 770 Τότε
1441 704 1541 782 γὰρ
1568 706 1859 785 λογοθετῶν

2042 716 2203 771 Vers.
2268 717 2353 771 t5.
2407 715 2699 785 Jussitque
2742 749 2804 759 -
2859 722 3180 791 negotiatus
3230 729 3398 778 esset.
3471 725 3617 779 Nam

256 814 526 868 ἀποδώσει
556 813 759 885 ἑκάστῳ
780 816 913 864 κατα
939 815 1003 864 τὰ
1029 814 1151 885 ἔργα
1176 810 1354 862 αὐτοῦ.

1986 821 2110 860 .unc
2128 805 2417 860 rationem
2433 819 2663 875 ponens
2680 805 2883 862 reddet
2908 811 3231 882 unicuique
3237 811 3257 882 j
3270 818 3410 867 uxta
3439 827 3622 884 opera

1971 910 2099 949 sua.

331 996 643 1065 Παρεγένετο
694 1021 763 1030 —
795 996 942 1062 μνᾶς.
996 991 1091 1042 Διὰ
1141 997 1229 1048 τῆς
1258 982 1483 1047 δεκάδος
1523 986 1579 1036 τὸ
1612 984 1739 1037 πολὺ
1770 991 1861 1036 τοῦ

2040 984 2205 1038 Vers.
2235 984 2320 1040 16.
2365 985 2525 1040 Venit
2582 1016 2651 1026 ——
2681 984 2892 1041 minas.
2927 987 3030 1042 Per
3059 988 3360 1045 denarium
3413 1006 3625 1048 nume-

257 1079 482 1157 κέρδους
513 1080 757 1154 ἐσήμανε.

1984 1090 2107 1128 rum
2133 1073 2310 1128 etiam
2338 1074 2433 1129 hic
2487 1073 2949 1141 multitudinem,
2993 1078 3114 1133 sive
3146 1080 3620 1149 magnitudinem

1971 1163 2118 1219 lucri
2150 1163 2519 1235 signiﬁcavit.

333 1264 436 1313 Καὶ
476 1256 584 1312 εἶπε
623 1289 669 1299 -—
702 1257 897 1330 ἐγένου.
951 1254 1019 1311 Εὖ
1055 1276 1160 1322 σοι,
1202 1256 1283 1309 ὅτι
1340 1255 1389 1308 ἐν
1437 1260 1534 1328 μ.ιᾲ
1573 1260 1676 1328 μ.νᾲ
1705 1273 1864 1307 σπου-

2049 1253 2205 1307 Vers.
2225 1254 2314 1310 17.
2340 1254 2498 1308 -Ει
2522 1253 2888 1323 ait—fuisti.
2917 1256 3065 1311 Bene
3093 1258 3391 1327 precantis
3406 1265 3509 1324 est,
3531 1258 3625 1316 vel

260 1346 418 1412 δαῖος
448 1347 642 1421 ἐγένου.

1988 1341 2291 1408 .audantis,
2333 1344 2698 1399 contrarium
2752 1344 2863 1400 Vae.
2896 1345 3049 1401 Bene
3081 1346 3185 1402 tibi
3226 1347 3318 1413 sit,
3379 1349 3524 1421 quia
3563 1348 3624 1405 in

1976 1448 2097 1487 una
2138 1432 2300 1487 mina
2326 1432 2581 1501 diligens
2615 1433 2792 1488 fuisti.

328 1525 476 1580 Ἵσθι
522 1524 767 1588 ἐξουσίαν
805 1527 943 1597 ἔχων
977 1556 1040 1565 -
1071 1524 1282 1578 πόλεων.
1336 1525 1431 1576 Διὰ
1476 1531 1571 1583 τῆς
1627 1521 1867 1585 ἔξουσίας

2046 1521 2210 1577 Vers.
2248 1526 2326 1576 t7.
2353 1522 2575 1577 Habeto
2590 1529 2933 1593 potestatem
2965 1555 3033 1563 ——
3062 1526 3353 1582 civitates.
3384 1526 3495 1582 Per
3523 1543 3625 1600 po-

253 1625 355 1668 τῶν
380 1613 513 1668 δέκα
540 1614 731 1667 πόλεων
767 1618 823 1666 16
853 1614 981 1666 πολὺ
1011 1623 1103 1675 τῆς
1143 1622 1298 1685 τιμῆς
1328 1618 1418 1665 καὶ
1447 1616 1503 1664 16
1533 1615 1746 1684 μέγεθος
1775 1618 1865 1671 τῆς

1986 1617 2244 1666 Lestatem
2282 1628 2452 1682 super
2481 1611 2683 1666 decem
2736 1612 3022 1683 civitates,
3067 1616 3296 1670 variam
3350 1615 3622 1673 beneﬁcii

256 1707 563 1780 εὐεργεσίας
592 1707 811 1775 ἐνέφηνε.

1976 1700 2447 1770 magnitudinem
2488 1716 2558 1755 ac
2592 1699 2884 1756 honorem
2923 1703 3370 1759 demonstravit.

334 1799 440 1847 Καὶ
488 1791 636 1851 ἦλθεν
687 1824 753 1833 -
810 1792 1020 1846 πόλεων.
1079 1790 1373 1862 Ἀναλόγως
1415 1798 1487 1860 τῷ
1534 1793 1703 1863 μέτρῳ
1770 1797 1863 1850 τῆς

2046 1788 2215 1844 Vers.
2248 1793 2335 1846 18.
2368 1792 2438 1843 Et
2466 1789 2621 1845 venit
2689 1820 2754 1831 --
2814 1791 2976 1845 Vers.
3028 1796 3108 1847 19.
3152 1794 3448 1850 Civitates.
3482 1795 3629 1852 Con-

261 1883 492 1935 ἑκαστου
535 1878 775 1942 σπουδῆς
814 1886 901 1933 καὶ
926 1889 1015 1933 τοῦ
1042 1878 1257 1954 κέρδους
1281 1887 1685 1954 παραμετρεὶται
1717 1884 1805 1930 καὶ
1831 1880 1860 1936 ἡ

1986 1878 2240 1934 formiter
2260 1879 2334 1933 ad
2356 1894 2700 1933 mensuram
2717 1880 2899 1934 studii
2927 1881 3219 1953 cujusque
3239 1892 3622 1941 mensuratur

259 1977 387 2044 τιμὴ
427 1976 516 2023 καὶ
548 1972 833 2045 εὐεργεσία.

1976 1974 2030 2023 et
2071 1970 2262 2022 honor
2293 1984 2361 2022 ac
2402 1966 2778 2022 beneﬁcium.

338 2066 443 2115 Καὶ
484 2063 652 2133 ἔτερος
697 2092 764 2103 -ι-
811 2056 1098 2134 σουδαρίῳ.
1158 2056 1440 2131 Σουδάριον
1488 2056 1622 2129 (32),
1654 2061 1713 2109 16
1744 2057 1867 2132 παρ’

2049 2059 2205 2112 Vers.
2236 2061 2323 2111 20.
2351 2057 2427 2111 Et
2460 2057 2612 2112 alius
2642 2087 2709 2097 —
2746 2059 3011 2114 sudario.
3045 2058 3366 2116 Sudarium
3400 2077 3628 2132 anago-

261 2153 388 2223 ἡμίν
440 2153 626 2222 μικρὸν
678 2149 959 2221 φακιὸλιον·
993 2148 1332 2219 ὰναγωγικώς
1380 2144 1439 2199 δὲ
1485 2150 1543 2198 16
1587 2143 1868 2219 σουδάριον

1991 2148 2104 2218 ;ice
2122 2148 2308 2202 otium
2339 2162 2407 2201 ac
2438 2146 2747 2215 segnitiem
2776 2152 2830 2201 et
2860 2146 3233 2205 inutilitatem
3266 2154 3376 2206 hoc
3404 2152 3463 2207 in
3493 2152 3627 2209 loco

261 2239 511 2304 ἐνταῦθα,
552 2240 580 2296 ἡ
608 2238 769 2313 ἀργία
789 2243 877 2290 καὶ
908 2237 1201 2312 ἀχρηστία.

738 2259 769 2290 α
789 2243 877 2290 καὶ¹
908 2237 1201 2312 ἀχρηστία.
1979 2237 2371 2293 demonstrat.

339 2327 667 2401 Ἐφοϐούμην
741 2358 811 2368 —
867 2330 1125 2400 ἔσπειρας.
1183 2325 1332 2398 ’ᾨετο
1405 2327 1524 2399 γὰρ,
1594 2327 1673 2376 ὅτι
1740 2327 1867 2396 μόνη

2052 2326 2209 2380 Vers.
2237 2326 2326 2381 21.
2361 2322 2643 2379 Timebam
2670 2354 2738 2365 —
2789 2326 3098 2381 seminasti.
3150 2326 3405 2387 Putabat
3443 2332 3624 2399 enim,

262 2423 293 2479 ἡ
370 2414 583 2474 σπουδὴ
656 2426 752 2469 τῶν
816 2417 1251 2489 έμπορευομένων,
1308 2416 1426 2466 ἄνευ
1478 2423 1571 2475 τῆς
1631 2416 1685 2465 ὲκ
1737 2421 1871 2465 Θεοῦ

1992 2416 2139 2489 quod
2176 2413 2301 2470 sola
2361 2414 2791 2483 negotiantium
2868 2415 3172 2484 diligentia
3237 2419 3471 2492 absque
3532 2425 3628 2479 Dei

266 2508 538 2582 βοηθείας,
590 2507 838 2577 κατορθοῖ
892 2511 949 2557 16
1001 2512 1122 2568 πᾶν,
1168 2510 1257 2555 καὶ
1320 2506 1397 2555 ὅτι
1444 2503 1707 2575 αὐστηρὸς
1781 2501 1867 2567 ὧν,

1989 2505 2200 2561 auxilio
2242 2509 2428 2557 totum
2489 2501 2742 2557 efﬁceret
2786 2518 2797 2557 :
2854 2510 2910 2557 et
2962 2521 3097 2559 cum
3143 2513 3292 2562 esset
3332 2515 3625 2578 austerus,

267 2598 481 2650 ἀπαιτεῖ
534 2597 598 2647 τα
646 2595 836 2668 ἑτέροις
887 2594 1243 2659 ἐπικτηθέντα,
1306 2593 1375 2654 εἰς
1428 2592 1462 2643 ἆ
1517 2592 1663 2651 αὐτὸς
1721 2586 1871 2641 οὐδέν

1995 2597 2267 2664 repeteret
2303 2591 2379 2646 ab
2411 2590 2540 2645 aliis
2572 2591 2754 2655 lucra,
2789 2591 2846 2645 in
2877 2606 3011 2663 quae
3045 2594 3170 2664 ipse
3201 2596 3344 2651 nihil
3372 2600 3631 2655 contule-

267 2708 316 2739 τι
368 2689 691 2756 συνήργησε.
721 2687 926 2741 Ταύτην
960 2680 1017 2734 δὲ
1053 2686 1139 2739 τὴν
1183 2680 1465 2751 ἀπολογίαν
1511 2679 1871 2750 ἐσχημάτισεν

1991 2691 2092 2738 rat.
2128 2684 2286 2736 Hanc
2316 2684 2515 2734 autem
2542 2679 2985 2751 responsionem
3018 2682 3296 2751 figuravit
3324 2688 3627 2757 parabola,

270 2779 301 2834 ἡ
368 2773 662 2846 παραϐολὴ,
722 2769 890 2834 δεῖξαι
954 2771 1263 2843 βουλομένη,
1319 2772 1397 2821 ὅτι
1453 2770 1563 2837 (33)
1618 2764 1767 2819 οὐδὲν
1825 2769 1873 2817 οἱ

1997 2769 2187 2825 volens
2213 2766 2541 2831 ostendere,
2573 2766 2737 2837 quod
2768 2767 2910 2822 tales
2944 2769 3086 2823 nihil
3113 2773 3457 2829 rationabile
3498 2792 3633 2846 pos-

271 2872 501 2917 τοιουτοι
566 2862 771 2931 εὔλογον
831 2861 946 2932 (illi)
1003 2859 1438 2929 ἀπολογήσασθαι
1481 2856 1750 2922 δύνανται,
1784 2861 1873 2907 καὶ

1994 2859 2099 2913 sint
2152 2856 2537 2927 respondere,
2603 2856 2706 2910 sed
2763 2872 3139 2930 quacunque
3193 2864 3630 2936 responderint,

275 2954 379 3019 ὅτι,
399 2953 498 3001 ὅσα
524 2948 582 3000 ἂν
607 2948 1053 3018 ἀπολογήσωνται,
1083 2948 1196 2999 κατ’
1220 2946 1382 2999 αὐτῶν
1402 2949 1568 2999 πάντα
1596 2945 1708 3017 (35)
1736 2964 1875 3017 περι-

1998 2952 2188 3003 :ontra
2222 2960 2281 3000 se
2312 2944 2473 3017 ipsos
2492 2951 2905 3001 convertentur
2936 2963 2950 3013 ;
2976 2963 3117 3003 nam
3161 2950 3323 3016 audi,
3364 2968 3499 3025 quae
3549 2970 3634 3012 se-

274 3043 656 3112 τραπήσονται,
684 3041 773 3088 καὶ
803 3038 956 3088 οἶκουε
985 3045 1080 3087 τῶν
1105 3037 1233 3098 ἑξῆς.

632 3079 656 3104 ,,
684 3041 773 3088 καὶ
803 3038 956 3088 οἶκουε
985 3045 1080 3087 τῶν
1105 3037 1233 3098 ἑξῆς.
1985 3042 2268 3110 quuntur.

352 3132 505 3198 Λέγει
532 3156 597 3165 --
635 3122 807 3177 δοῦλε.
848 3126 942 3179 Ἐκ
968 3134 1065 3175 τῶν
1101 3125 1263 3195 λόγων
1298 3144 1410 3180 σου.

2056 3127 2218 3181 Vers.
2259 3129 2345 3179 22.
2374 3124 2476 3178 Ait
2503 3155 2563 3164 —
2589 3139 2769 3181 serve.
2804 3127 2881 3179 Ex
2914 3126 3111 3181 verbis
3138 3127 3276 3187 tuis.

349 3213 532 3276 ’Ἡδεις
592 3246 659 3254 -
734 3217 1040 3289 τράπεζαν;
1098 3214 1213 3266 Ἐπὶ
1301 3217 1636 3289 τραπεζίτας.
1718 3214 1951 3294 ΟὗτοιρΙ

2058 3216 2218 3270 Vers.
2252 3219 2338 3269 22.
2360 3214 2593 3270 Sciebas
2619 3246 2689 3254 —
2707 3215 2863 3269 Vers.
2889 3216 2977 3268 23.
3009 3216 3269 3274 Mensam
3299 3220 3326 3275 ?
3349 3220 3438 3276 Ad
3464 3238 3635 3279 men-

279 3303 332 3359 δ’
378 3305 437 3357 ἂν
482 3302 575 3357 εἷεν
620 3306 667 3356 οἱ
716 3301 992 3376 δυνάμενοι
1040 3300 1322 3375 διακρίνειν
1354 3307 1409 3354 1'6
1457 3303 1611 3355 καλὸν
1644 3302 1743 3355 ἀπὸ
1785 3311 1876 3356 τοῦ

2002 3306 2177 3360 sarios
2218 3304 2316 3370 ;hi
2346 3303 2459 3357 dici
2482 3310 2741 3375 possunt,
2775 3304 2877 3374 qui
2917 3312 3135 3360 norunt
3164 3307 3491 3377 dijudicare
3535 3311 3638 3367 bo-

278 3403 462 3449 κακοῡ.
504 3398 653 3463 λέγει
701 3398 891 3458 τοίνυν,
926 3395 1006 3445 ὅτι
1038 3394 1178 3444 Ἐπεί
1218 3397 1448 3444 τοιοῦτον
1482 3411 1546 3464 με
1584 3391 1875 3462 ἐγίνωσκες,

2001 3411 2135 3450 eum
2170 3409 2204 3448 a
2228 3392 2404 3448 malo.
2438 3393 2527 3447 Ait
2556 3407 2693 3460 ergo
2737 3408 2750 3445 :
2785 3392 2932 3445 Cum
2961 3392 3139 3449 talem
3170 3411 3265 3449 me
3308 3412 3637 3466 cognosce-

279 3490 454 3538 καίτοι
483 3490 553 3555 μὴ
589 3490 818 3534 τοιοῦτον
850 3486 988 3546 ὄντα,
1025 3478 1171 3534 διατί
1192 3482 1251 3533 οὐ
1290 3481 1482 3553 μᾶλλον
1509 3480 1790 3533 κατεϐαλου
1824 3486 1878 3534 τὸ

2004 3500 2100 3548 res,
2134 3497 2488 3553 quanquam
2521 3480 2650 3535 talis
2681 3494 2800 3535 non
2831 3496 3048 3546 essem,
3074 3499 3259 3554 quare
3292 3501 3412 3541 non
3439 3488 3640 3559 potius

283 3572 433 3628 δοθέν
486 3594 568 3625 σοι
616 3575 864 3648 χάρισμα
903 3592 1001 3645 μου
1032 3570 1113 3624 ἐπὶ
1150 3572 1460 3645 τραπεζίτας
1494 3588 1505 3638 ;
1553 3569 1657 3623 ἔδει
1688 3575 1788 3642 γάρ
1824 3591 1880 3624 σε

2000 3570 2319 3643 exposuisti
2340 3570 2545 3624 datum
2570 3568 2670 3624 tibi
2696 3570 2921 3624 donum
2940 3586 3141 3627 meum
3169 3573 3241 3627 ad
3264 3577 3636 3650 mensarios;

282 3670 385 3716 πᾶν
416 3669 473 3716 το
522 3668 607 3715 σον
639 3672 880 3727 ποιῆσαι,
920 3665 975 3714 τὸ
1005 3659 1063 3713 δὲ
1092 3661 1272 3713 λοιπὸν
1312 3660 1423 3733 ἐμοὶ
1463 3661 1783 3726 καταλιπεῖν,
1825 3666 1879 3713 τὸ

2000 3659 2305 3734 oportebat
2332 3661 2513 3719 enim,
2541 3657 2705 3730 quod
2737 3658 2796 3712 in
2846 3663 2898 3713 te
2925 3664 3067 3726 crat,
3097 3660 3308 3727 facere,
3340 3664 3636 3739 reliquum

286 3752 651 3826 εὐχερέστερον
682 3756 806 3813 τέως
830 3749 1247 3825 διαπράξασθαι,
1278 3754 1335 3801 16
1374 3747 1433 3802 δὲ
1465 3747 1880 3823 δυσχερέστερον

2002 3766 2132 3806 vero
2189 3748 2331 3803 mihi
2382 3748 2713 3819 relinquere
2764 3766 2776 3805 :
2838 3746 3070 3803 efﬁcere
3127 3749 3362 3807 interim
3394 3754 3453 3809 id
3486 3755 3638 3826 quod

286 3838 402 3912 ἐμοὶ
434 3843 724 3916 ἐπιτρέψαι,
748 3840 880 3912 λέγω
912 3837 1000 3910 δὴ,
1036 3844 1129 3897 τὴν
1162 3836 1468 3896 ἀπαίτησιν.

2005 3844 2119 3895 erat
2158 3838 2406 3902 facilius,
2452 3835 2617 3909 quod
2679 3840 2874 3892 autem
2926 3836 3246 3905 difficilius,
3319 3841 3463 3898 mihi
3507 3859 3641 3916 per-

1994 3928 2242 3995 mittere,
2283 3926 2419 3980 dico
2451 3941 2595 3980 sane
2627 3925 3056 3995 repetitionem.

361 4024 461 4071 Καὶ
502 4018 598 4088 ἐγὼ
623 4050 688 4059 -—
721 4018 866 4071 αὐτό.
900 4017 1215 4090 Εἰσέπραξα,
1251 4015 1520 4088 ἀπῄτησα.
1551 4020 1752 4071 Δάνειον
1791 4020 1881 4090 μὲν

2065 4019 2221 4071 Vers.
2251 4019 2339 4071 23.
2373 4016 2449 4069 Et
2476 4029 2568 4085 ego
2609 4045 2679 4055 —
2715 4013 2911 4069 illam.
2971 4045 3039 4055 —
3078 4016 3476 4086 Repetiissem,
3519 4022 3643 4077 Μυ-

285 4107 394 4176 οὖν9
430 4110 458 4166 ἡ
513 4105 857 4158 διδασκαλία·
916 4112 1066 4167 τόκος
1115 4103 1172 4158 δὲ
1201 4109 1437 4158 τοιούτου
1485 4104 1711 4173 δανείου,
1745 4110 1795 4158 αἱ
1829 4106 1882 4159 ἐκ

2009 4122 2163 4162 ;uum
2193 4120 2333 4174 ergo
2358 4110 2445 4159 est
2468 4103 2767 4159 doctrina:
2792 4120 2973 4161 usura
2987 4121 3128 4163 vero
3152 4106 3255 4178 huj
3267 4109 3491 4165 usmodi
3518 4127 3645 4167 mu-

288 4193 645 4257 διδασκαλίας
685 4194 879 4268 ἀρεταί·
935 4202 1095 4247 Τοκον
1147 4191 1224 4259 δὲ,
1275 4200 1362 4253 τὴν
1385 4193 1683 4271 ἐπικερδίαν
1715 4196 1880 4265 ἁπλώ,

2011 4196 2097 4261 ,ui,
2115 4194 2353 4249 virtutes
2368 4198 2524 4257 sunt,
2539 4208 2675 4264 quae
2694 4208 2765 4247 ex
2782 4193 3054 4250 doctrina
3078 4197 3371 4253 oriuntur.
3390 4199 3647 4256 Lucrum

287 4286 571 4357 ὠνόμασεν,
606 4293 665 4357 τῇ
698 4286 944 4355 συνηθείᾳ
968 4286 1321 4358 χρησάμενος.

2010 4291 2195 4341 illth
2233 4282 2652 4355 qualecunque
2681 4284 3013 4340 nominavit
3042 4301 3306 4352 usuram,
3338 4288 3646 4346 communi

1998 4390 2141 4429 usus
2173 4372 2622 4428 consuetudine.

367 4468 466 4515 Καὶ
541 4471 645 4524 τοῖς
709 4472 1039 4537 παρεστῶσιν
1125 4460 1251 4515 εἷπε.
1338 4471 1454 4525 Τοῖς
1536 4466 1885 4538 ὑπηρετοῦσιν

2072 4466 2230 4519 Vers.
2281 4466 2367 4517 24.
2417 4463 2497 4517 Et
2553 4462 2883 4519 astantibus
2930 4463 3105 4522 dixit.
3173 4465 3638 4524 Ministrantibus

290 4551 542 4623 ἀγγέλοις.

1133 4640 1143 4649 .
1198 4642 1209 4649 ι
1282 4642 1294 4649 .
1922 4594 1967 4649 Β
1998 4552 2287 4649 videlicet
2307 4549 2561 4649 angelis.

378 4643 556 4715 Ἀρατε
579 4673 643 4681 -
674 4645 873 4713 ἔχοντι.
902 4640 1094 4716 ’Ἀρατε
1123 4640 1210 4693 ἀπ’
1233 4642 1393 4694 αὐτοῦ
1422 4646 1479 4694 16
1512 4645 1764 4716 χάρισμα
1792 4653 1889 4706 τῆς
1922 4640 1961 4649 '—

2070 4641 2231 4696 Vers.
2262 4643 2349 4695 24.
2392 4640 2606 4695 Tollite
2631 4670 2694 4681 —
2731 4640 2831 4712 qui
2866 4641 3054 4698 habet.
3087 4642 3286 4700 Tollite
3318 4644 3395 4701 ab
3421 4661 3492 4702 eo
3515 4660 3647 4716 gra-

291 4728 667 4793 διδασκαλίας,
710 4736 796 4782 καὶ
861 4728 981 4782 δοτε
1012 4731 1135 4782 αὐτὸ
1166 4731 1237 4791 εἰς
1268 4733 1575 4806 προσθήκην
1624 4741 1777 4805 τιμῆς
1818 4741 1888 4804 τῷ

2014 4731 2145 4786 .iam
2176 4729 2445 4794 docendi,
2477 4734 2533 4784 et
2557 4729 2693 4785 date
2718 4730 2881 4786 illam
2918 4730 2988 4786 ad
3022 4735 3429 4791 accessionem
3460 4736 3650 4793 hono-

291 4825 471 4893 ἔχοντι
500 4824 592 4881 τὰς
620 4817 749 4872 δέκα
778 4826 929 4892 μνᾶς.

1998 4820 2079 4876 ris
2106 4820 2178 4885 ei,
2210 4819 2312 4891 qui
2352 4818 2549 4873 decem
2575 4819 2768 4873 minas
2800 4819 2999 4875 habet.

368 4915 467 4963 Καὶ
490 4906 627 4963 εἷπον
666 4940 733 4949 -
764 4914 913 4981 μνᾶς.
947 4914 1097 4980 Ἔχει
1123 4910 1387 4982 ἀρκοῦσαν
1408 4913 1583 4982 τιμήν.

2071 4907 2235 4964 Vers.
2278 4908 2366 4963 25.
2404 4908 2475 4962 Ει
2508 4906 2794 4963 dixerunt
2821 4910 3113 4965 -minas.
3145 4911 3328 4968 Habet
3359 4911 3655 4970 sufﬁcien-

2002 5001 2122 5055 tem
2153 4997 2467 5052 honorem.

364 5088 515 5156 Λέγω
562 5115 630 5125 -
694 5086 1187 5158 περισσευθήσεται.
1264 5088 1329 5137 Οἱ
1396 5088 1486 5158 μὲν
1558 5094 1889 5159 παρεστῶτες

2073 5086 2234 5141 Vers.
2291 5086 2379 5139 26.
2454 5085 2596 5141 Dico
2651 5115 2716 5125 —
2782 5086 3120 5145 abundabit.
3191 5090 3300 5156 Qui
3360 5092 3658 5167 astabant,

290 5174 453 5239 εἷπον,
514 5174 593 5226 ὅτι
644 5172 797 5246 Ἐχει
837 5171 1099 5246 ἀρκοῦσαν
1149 5179 1323 5248 τιμήν
1379 5174 1531 5237 αὐτὸς
1581 5172 1641 5229 δέ
1705 5196 1883 5249 φησιν,

2024 5176 2273 5232 lixerunt
2312 5191 2325 5230 :
2362 5174 2546 5231 Habet
2585 5174 2981 5233 sufﬁcientem
3012 5178 3325 5237 honorem.
3362 5183 3493 5255 Ipse
3521 5199 3660 5241 vero

1530 5381 1748 5450 Variae
1778 5381 2108 5451 lectiones
2137 5388 2203 5450 et
2234 5392 2434 5450 notae.

369 5602 481 5685 (3t)
516 5608 631 5685 και,
658 5604 818 5675 quod
852 5602 1140 5685 editiones
1156 5602 1403 5685 habent,
1432 5604 1716 5685 quodque
1746 5606 1896 5685 Hen-

1042 5619 1140 5659 nes
1156 5602 1403 5685 habent,
1432 5604 1716 5685 quodque
1746 5606 1896 5685 Hen-
2016 5601 2427 5685 δυνηθήσονται,
2461 5609 2551 5685 καί
2580 5605 2678 5685 ὅτιἶ

296 5676 490 5749 lenius
530 5676 710 5749 etiam
745 5676 1021 5741 servavit,
1056 5682 1262 5731 neuter
1284 5676 1552 5732 meorum
1583 5676 1784 5733 habet.

1206 5692 1262 5731 er
1284 5676 1552 5732 meorum
1583 5676 1784 5733 habet.
2085 5678 2198 5749 (347)
2229 5676 2752 5749 Ἀπολογηθήσισθαι
2779 5678 2842 5732 Α.

368 5751 457 5810 (3‘2
513 5744 802 5815 Σουδάριον
832 5749 1051 5801 omittit
1091 5750 1147 5801 Β.

371 5747 631 5893 (33)'01:
670 5818 720 5871 οἱ
768 5824 997 5872 τοιοῦτοι
1038 5814 1189 5874 οὐδεν
1242 5821 1405 5893 ἕτερον
1465 5816 1903 5893 ἁπολογησασθαι

2087 5744 2196 5821 (35)
2226 5744 2544 5826 Παρατραπὴ
2556 5768 2733 5803 σονται
2762 5753 2830 5812 Α,

1242 5821 1405 5893 ἕτερον
1465 5816 1903 5893 ἁπολογησασθαι

371 5814 631 5893 (33)”οτι
670 5814 720 5871 οἱ
768 5824 997 5872 τοιοῦτοι
1038 5814 1189 5874 οὐδεν
1242 5821 1405 5897 ἕτερον
1465 5816 1903 5896 ἁπολογησασθαι
