4144 6314
645 315 779 380 1063

1941 314 2296 379 summu
2335 292 2703 378 ztoABENI

3866 328 3976 387 1064

640 449 722 504 ait
754 447 963 506 :Omni
991 446 1255 503 studium
1280 461 1350 502 ac
1368 446 1735 516 diligentiam
1767 447 2033 514 habenti,
2053 448 2272 505 dabitui

2403 449 2485 502 ὃτι
2545 447 2712 503 Παντὶ
2766 460 2834 523 τῷ
2886 455 3064 524 ἔχοντι
3122 451 3362 514 σπουδήν
3420 474 3478 508 τε
3549 459 3640 507 καὶ
3707 453 3974 528 ἐπιμέλειαν,

637 537 851 604 honor,
891 537 1070 592 etiam
1102 535 1509 591 abundantior
1538 551 1723 608 quam
1763 536 1843 592 illi
1874 539 2170 593 convenit.

708 715 865 768 Vers.
898 714 985 768 26.
1018 713 1108 768 Ab
1147 743 1215 752 —-
1252 711 1324 767 ab
1362 727 1445 766 eo.
1488 711 1576 767 Ab
1605 729 1676 769 eo
1706 714 1810 786 qui
1854 715 2121 770 studium
2170 731 2288 771 non

635 801 813 858 habet
841 818 912 857 ac
942 801 1331 871 diligentiam,
1361 809 1422 856 ut
1451 802 1674 858 dictum
1705 810 1808 868 est,
1834 803 2009 859 etiam
2052 803 2109 858 id
2132 805 2290 876 quod

634 891 830 959 habet,
855 891 1039 959 gratia
1071 890 1626 956 videlicetdocendi,
1661 892 1978 958 auferetur,
2002 897 2288 964 tanquam

635 979 714 1035 ab
744 979 866 1048 illo,
896 980 1002 1051 qui
1025 995 1097 1035 ea
1127 995 1248 1034 non
1268 978 1468 1034 utitur.

709 1070 823 1125 Sed
853 1085 1039 1142 quare
1069 1068 1143 1122 de
1191 1068 1334 1122 solis
1384 1067 1567 1123 tribus
1620 1068 1802 1125 servis
1869 1069 2036 1137 dixit,
2081 1070 2290 1127 relictis

633 1158 856 1214 caeteris
885 1157 914 1213 7
952 1159 1096 1223 Quia
1125 1174 1192 1213 ex
1219 1157 1312 1212 his
1343 1156 1510 1213 facile
1535 1165 1623 1213 est
1651 1159 1830 1214 etiam
1861 1158 1937 1214 de
1980 1159 2113 1214 aliis
2145 1175 2284 1215 con-

627 1248 850 1318 jectare
879 1263 893 1312 ;
919 1252 1208 1318 quotquot
1246 1247 1404 1300 enim
1434 1247 1716 1314 negotiati
1747 1254 1907 1313 sunt,
1951 1248 2287 1304 conformes

632 1337 708 1392 ad
739 1336 970 1391 lucrum
1010 1341 1402 1406 susceperunt
1456 1335 1762 1407 honores;
1806 1342 2106 1409 quotquot
2147 1353 2286 1393 vero

631 1425 827 1482 otiosa
863 1441 934 1480 ac
962 1423 1192 1480 inutilia
1222 1429 1608 1480 servaverunt
1664 1424 1846 1488 dona,
1881 1425 2103 1481 similia
2147 1442 2282 1481 cum

631 1513 916 1585 praedicto
947 1513 1106 1584 passi
1129 1518 1286 1567 sunt.

705 1603 1088 1671 Sexagesimo
1104 1608 1300 1656 autem
1329 1601 1496 1672 juxta
1527 1602 1863 1658 Matthaeum
1903 1605 2118 1674 capite,
2147 1621 2282 1659 cum

631 1689 875 1747 similem
894 1689 1519 1761 dixissetparabolam,
1550 1691 1608 1746 in
1639 1691 1756 1747 ﬁne
1784 1691 2016 1748 addidit
2043 1709 2055 1747 :
2102 1694 2175 1748 Et
2197 1694 2286 1748 in-

629 1781 834 1836 utilem
850 1796 1085 1836 servum
1118 1780 1305 1850 ejicite
1323 1780 1384 1834 in
1415 1780 1681 1836 tenebras
1705 1781 2037 1846 exteriores,
2070 1782 2148 1836 ibi
2172 1782 2282 1837 erit
2319 1817 2360 1870 Β

623 1871 797 1940 ﬂetus
823 1877 874 1925 et
916 1871 1142 1924 stridor
1161 1869 1425 1924 dentium
1444 1869 1489 1904 ³⁷
1522 1885 1536 1934 ;
1572 1875 1624 1924 et
1647 1870 1728 1925 ibi
1750 1869 1965 1926 horum
1988 1869 2282 1927 dictorum

629 1957 1178 2031 interpretationem
1204 1957 1402 2028 legito.

702 2136 866 2191 Vers.
899 2135 986 2188 27.
1032 2135 1442 2190 Verumtamen
1497 2162 1568 2175 —
1624 2149 1732 2190 me.
1781 2136 1908 2190 Haec
1959 2135 2150 2190 caedes
2182 2142 2282 2191 aut

629 2225 905 2295 designat
935 2223 1295 2294 supplicium
1326 2223 1668 2277 Judaeorum
1720 2223 1773 2278 in
1813 2224 2011 2280 futuro
2041 2225 2277 2290 saeculo,

629 2321 734 2371 aut
765 2313 1179 2370 omnimodam
1209 2328 1414 2368 eorum
1443 2313 1889 2368 subversioneni
1921 2315 2032 2370 sub
2055 2316 2278 2388 Vespa-

628 2404 796 2460 siano
827 2409 882 2458 et
905 2403 1052 2459 Tito.

698 2493 862 2548 Vers.
935 2494 1022 2546 28.
1077 2491 1154 2545 Et
1203 2519 1270 2530 —
1324 2489 1749 2560 Hierosolyma.
1819 2489 2133 2549 Festinans
2201 2493 2274 2548 ad

626 2581 963 2654 passionem
998 2585 1054 2636 et
1081 2595 1332 2634 crucem.

1075 2669 1232 2725 CAP.
1263 2668 1492 2724 vam.
1526 2671 1603 2723 De
1640 2669 1828 2739 pullo.

700 2760 862 2817 Vers.
891 2763 979 2815 29.
1000 2759 1074 2813 Et
1100 2789 1158 2798 -
1176 2759 1342 2812 Vers.
1367 2760 1453 2814 31.
1473 2758 1846 2814 Necessarias
1859 2766 1961 2814 est.
1986 2761 2047 2814 Et
2061 2759 2173 2815 hoc
2193 2761 2276 2816 in-

621 2848 828 2905 venies
843 2846 1552 2920 quadragesimoquintoj
1567 2853 1704 2901 uxta
1718 2847 2042 2903 Matthaaum
2062 2851 2274 2921 capite,

621 2938 682 2993 in
703 2953 826 3010 quo
853 2943 976 2992 tota
999 2937 1176 3004 hujus
1191 2936 1490 2990 enarratio
1520 2935 1598 2990 ad
1617 2936 1861 2990 verbum
1875 2940 2144 3009 exposita
2163 2947 2272 2993 est.

692 3026 854 3080 Vers.
895 3026 984 3078 32.
1011 3025 1306 3079 Abierant
1331 3054 1395 3063 —
1422 3023 1590 3079 Vers.
1621 3025 1707 3078 35.
1739 3024 1951 3080 Iesum.
1977 3025 2060 3080 lbi
2093 3027 2271 3082 etiam

621 3114 689 3170 de
715 3113 808 3170 his
832 3113 1058 3169 dictum
1098 3118 1204 3168 est.

691 3205 850 3258 Vers.
876 3203 963 3258 35.
994 3203 1068 3258 Et
1095 3231 1162 3242 —
1201 3201 1358 3257 Vers.
1393 3204 1479 3256 36.
1520 3202 1635 3257 Via.
1685 3203 1818 3258 Hinc
1851 3202 2270 3260 substernebat

615 3291 876 3365 plurima
901 3291 1094 3358 turba,
1145 3291 1296 3345 sicut
1337 3290 1484 3345 dixit
1515 3291 1820 3347 Matthaaus
1855 3307 1869 3358 ;
1907 3309 2043 3348 nem
2076 3299 2131 3348 et
2158 3294 2272 3349 ista

613 3396 858 3454 quoque
890 3380 1148 3435 invenies
1173 3378 1387 3434 eodem
1406 3379 1625 3450 capite.

689 3471 853 3525 Vers.
870 3473 956 3524 37.
975 3469 1234 3539 Cumque
1243 3470 1369 3538 iam
1383 3467 1915 3538 apprOpinquasset
1930 3469 2265 3526 virtutibus.

616 3561 695 3615 De
724 3557 1049 3627 miraculis,
1106 3573 1236 3628 quae
1278 3557 1412 3628 ipso
1462 3564 1729 3628 tempore
1783 3558 2073 3614 viderant.
2138 3561 2269 3614 Erat

613 3649 774 3706 enim
802 3646 1177 3712 miraculum,
1205 3645 1280 3700 de
1307 3645 1468 3717 pullo
1501 3647 1780 3719 illiusque
1813 3647 2078 3702 dominis
2126 3665 2265 3719 prae-

615 3737 811 3794 dicere
844 3751 856 3792 :
889 3742 1102 3792 etcum
1154 3735 1274 3807 ipse
1324 3739 1479 3790 esset
1523 3734 1866 3802 indomitus,
1921 3737 2074 3792 adeo
2109 3753 2268 3793 com-

611 3826 804 3900 posite
834 3843 904 3882 ac
952 3825 1215 3881 modeste
1262 3824 1558 3887 incedere,
1620 3825 1858 3880 turbam
1902 3825 1980 3881 ad
2035 3831 2266 3882 tantum

611 3917 767 3974 illius
783 3917 1074 3974 honorem
1104 3914 1339 3980 attrahi,
1367 3931 1438 3970 ac
1482 3913 1584 3984 huj
1598 3915 1832 3969 usmodi
1900 3915 2163 3972 faustam
2197 3917 2266 3971 de

611 4022 682 4062 eo
709 4005 902 4061 efferri
933 4003 1426 4060 acclamationem
1460 4009 1518 4057 et
1558 4002 1793 4058 similia.

683 4094 846 4148 Vers.
871 4093 960 4147 38.
1001 4092 1260 4148 Dicentes
1292 4122 1362 4130 —
1412 4091 1662 4146 Domini.
1721 4091 2020 4148 Mattheeus
2065 4097 2264 4149 autem

612 4182 777 4247 dixit,
805 4181 1186 4254 quodturbae,
1209 4196 1339 4250 qua:
1362 4179 1780 4250 praecedebant
1803 4187 1856 4234 et
1882 4197 2019 4252 quae
2057 4197 2265 4253 seque-

609 4271 850 4337 bantur,
905 4267 1251 4325 clnmabant
1294 4269 1555 4323 dicentes
1606 4267 1720 4323 hoc
1779 4270 1825 4303 ³⁸
1851 4288 1866 4340 ;
1901 4274 1956 4325 et
2005 4269 2080 4325 ibi
2133 4270 2262 4342 lege

611 4365 797 4417 totam
825 4358 1264 4415 enarrationem
1312 4357 1550 4413 illorum
1597 4359 1913 4414 verborum
1960 4376 2147 4433 usque
2184 4359 2262 4415 ad

612 4465 746 4504 eum
775 4447 972 4504 locum
1016 4463 1029 4502 :
1060 4447 1310 4517 Cumque
1341 4447 1611 4500 intrasset
1661 4447 1782 4515 ipse
1827 4447 2257 4519 Hierosolyma,

611 4543 894 4595 commota
924 4542 1004 4592 est
1032 4538 1307 4592 universa
1337 4534 1540 4592 civitas
1568 4536 1635 4589 ³⁸.

681 4627 839 4682 Vers.
865 4626 951 4682 38.
981 4626 1112 4681 Pax
1143 4654 1210 4665 —
1239 4624 1502 4681 excetsis.
1543 4626 1606 4680 In
1647 4641 1718 4680 ea
1774 4625 2260 4697 interpretatione

609 4715 790 4773 etiam
822 4716 950 4770 haec
970 4720 1245 4770 enarrata
1275 4720 1433 4769 sunt.
1464 4713 1744 4769 Videntes
1775 4717 1931 4770 enim
1957 4715 2258 4787 discipuli,

608 4805 814 4864 turbas
842 4805 971 4862 haec
1010 4803 1313 4873 facientes,
1353 4811 1409 4858 et
1446 4803 1526 4859 ita
1566 4807 1912 4869 clamantes,
1973 4804 2150 4859 simul
2189 4820 2259 4860 ac

609 4895 876 4952 similiter
927 4891 1424 4958 vociferabantur,
1489 4908 1609 4948 una
1657 4909 1795 4948 cum
1870 4893 1953 4948 eis
2014 4893 2258 4949 numine

609 4983 816 5043 afflati.

681 5073 845 5130 Vers.
878 5071 966 5128 39.
999 5072 1076 5126 Et
1123 5070 1369 5143 quidam
1418 5101 1480 5111 —
1532 5071 1691 5126 Vers.
1725 5074 1811 5127 40.
1879 5071 2252 5129 Clamabunt.

681 5161 833 5233 Lege
871 5166 1306 5233 consequenter
1357 5158 1642 5231 praedicto
1690 5161 1882 5232 capite
1926 5161 2082 5216 illius
2112 5160 2255 5217 dicti

676 5340 722 5377 ³⁷
754 5339 956 5398 Matth.
986 5354 1118 5404 xxv,
1145 5341 1212 5395 3O
1287 5338 1334 5374 ³⁸
1364 5337 1562 5396 Matth.
1595 5352 1710 5406 ut,
1739 5337 1792 5394 9.
1870 5339 1916 5375 ³³
1947 5337 2088 5396 Ibid.
2123 5341 2209 5396 lO.

2404 536 2698 596 δοθήσεται
2744 547 2867 615 τιμή
2923 547 3011 594 καὶ
3067 547 3416 616 περισσοτίρα
3470 553 3569 606 τῆς
3645 543 3975 604 ἐπιϐαλλούσης

2403 628 2564 699 αὐτῷ.

2473 716 2604 767 Ἀπό
2653 749 2719 759 -
2775 717 2863 770 ἀπ’
2919 720 3114 772 αὐτοῦ.
3152 721 3281 776 Ἀπὸ
3357 718 3415 774 ὁε
3486 729 3586 774 τοῦ
3668 727 3739 794 μὴ
3802 725 3975 793 ἔχοντος

2407 802 2645 863 σπουδήν
2701 827 2756 859 τε
2803 814 2893 860 καὶ
2942 808 3252 881 ἐπιμέλειαν,
3286 813 3353 872 ὡς
3403 814 3638 884 εἴρηται,
3686 816 3775 863 καὶ
3823 814 3846 862 ὁ
3891 814 3975 882 ἔχει

2401 897 2652 968 χάρισμα
2673 892 3043 964 διδασκαλίας,
3093 897 3524 972 ἀφαιρεθήσεται,
3559 901 3650 952 οἶα
3690 905 3762 972 μῄ
3805 919 3975 974 χρησαο

2401 987 2553 1052 μένον
2594 985 2756 1056 αὐτῷ.

2475 1072 2627 1126 Ἀλλὰ
2672 1079 2761 1126 καὶ
2805 1075 2920 1143 (36)
2983 1073 3129 1129 διατί
3193 1083 3310 1152 περὶ
3361 1081 3533 1151 μόνων
3611 1086 3770 1151 τριῶν
3820 1073 3975 1129 δούλων

2401 1159 2574 1229 εἰπὼν,
2631 1166 2748 1222 τοὺς
2803 1163 2992 1226 ἀλλους
3030 1166 3233 1237 ἀφῆκε;
3295 1171 3435 1220 Διότι
3489 1166 3711 1238 εὐχερές
3760 1165 3887 1218 ἐστιν
3938 1165 3975 1216 ἐκ

2398 1253 2591 1300 τούτων
2656 1256 2745 1304 καὶ
2816 1258 2930 1326 περὶ
2997 1252 3197 1306 ἐκείνων
3255 1257 3457 1326 μαθεῖν,
3525 1253 3692 1306 Ὀσοι
3751 1258 3835 1326 μὲν
3899 1258 3973 1325 γὰρ

2398 1337 2912 1410 ἐπραγματεύσαντο,
2954 1340 3212 1412 ἀναλογως
3265 1352 3336 1414 τῷ
3383 1341 3567 1418 κέρδει
3617 1342 3868 1414 λήψονται
3909 1347 3972 1401 τὰς

2397 1430 2572 1498 τιμάς·
2604 1430 2720 1481 ὅσοι
2752 1426 2810 1482 δὲ
2838 1428 2998 1501 ἀργὸν
3027 1437 3115 1483 καὶ
3147 1433 3420 1504 ἄχρηστον
3451 1435 3623 1505 ἔσχον
3655 1436 3712 1484 τό
3743 1434 3969 1507 χάρισμα.

2397 1520 2461 1567 τα
2487 1517 2642 1588 ὃμοια
2667 1528 2736 1589 τῷ
2773 1515 3055 1576 δὴλωθέντι
3083 1526 3370 1573 πείσονται.

2467 1606 2548 1658 Ἐν
2602 1603 2660 1658 δι
2699 1615 2771 1676 τῷ
2803 1607 3067 1678 ἑξηκοστῷ
3110 1608 3368 1680 κεφαλαίῳ
3412 1617 3504 1662 τοῦ
3556 1612 3697 1662 κατὰ
3743 1611 3968 1662 Ματθαῐον

2396 1693 2694 1766 παραϐολὴν
2755 1699 3001 1754 τοιαύτην
3047 1697 3220 1761 εἰπὼν,
3295 1701 3378 1750 ἐπὶ
3431 1697 3616 1761 τελους
3668 1701 3964 1774 προσέθηκεν.

2397 1785 2476 1833 ὅτι
2533 1789 2632 1836 Καὶ
2678 1788 2763 1836 τόν
2811 1783 3025 1858 ἀχρεῖον
3085 1783 3267 1838 δοῦλον
3312 1785 3553 1839 ἐκϐάλετε
3600 1788 3673 1848 εἰς
3726 1791 3778 1839 τό
3827 1793 3966 1843 σκότος

2394 1875 2449 1921 τό
2479 1869 2739 1946 ἐξώτερον.
2794 1874 2932 1926 Ἐκεῖ
2970 1877 3119 1926 ἔσται
3163 1877 3187 1925 ὁ
3237 1874 3504 1946 κλαυθμὸς
3561 1881 3654 1927 καὶ
3701 1877 3725 1927 ό
3770 1874 3964 1948 βρυγμὸς

2396 1967 2492 2010 τῶν
2523 1957 2766 2013 ὀδόντων.
2805 1967 2904 2014 Καὶ
2933 1961 3192 2034 ἀνάγνωθι
3218 1962 3319 2016 ἐκεῖ
3346 1970 3437 2022 τὴν
3469 1974 3572 2016 τῶν
3618 1965 3785 2038 ῥητῶν
3810 1967 3962 2015 τούτων

2394 2048 2685 2121 ἑρμηνείαν.

2466 2137 2600 2194 Πλὴν
2643 2169 2710 2177 -
2749 2159 2870 2210 μου.
2923 2139 2980 2192 Ἠ
3035 2146 3348 2212 κατασφαγὴ
3410 2143 3548 2200 αὕτη
3614 2143 3644 2200 ἣ
3692 2147 3781 2199 τὴν
3822 2140 3863 2191 ἐν
3905 2147 3956 2206 τῷ

2391 2225 2624 2297 μέλλοντί
2664 2228 2812 2279 αἰῶνι
2847 2229 3060 2281 κόλασιν
3109 2240 3204 2282 τῶν
3265 2227 3542 2283 Ἰουδαίων
3601 2227 3895 2304 παραδηλοῖ,
3931 2230 3950 2284 ἦ

2391 2321 2483 2374 τὴν
2539 2315 2585 2366 ἐν
2638 2325 2746 2379 τοῖς
2798 2324 3014 2391 χρόνοις
3067 2319 3472 2372 Οὐεσπασιανοῦ
3500 2326 3592 2372 καὶ
3645 2327 3793 2373 Τίτου
3822 2339 3949 2370 πανω-

2389 2405 2588 2480 λεθρίαν
2617 2406 2804 2459 αὐτῶν.

2460 2497 2563 2549 Καὶ
2598 2526 2666 2536 -
2714 2496 3070 2572 Ἰεροσόλυμα.
3114 2494 3356 2550 Σπευδων
3406 2497 3493 2551 ἐπὶ
3524 2502 3591 2551 τὰ
3618 2501 3753 2556 πάθη
3786 2498 3943 2548 καὶτὸν

2391 2589 2632 2658 σταυρόν.

2779 2680 2920 2728 ΚΕΦ.
2959 2673 3080 2726 ΞΗ’.
3126 2679 3249 2750 Περὶ
3279 2683 3369 2728 τοῦ
3399 2677 3599 2732 πῶλον.

2460 2768 2662 2816 Καὶ-
2711 2767 2897 2836 χρείαν
2949 2763 3082 2834 ἐχει.
3131 2770 3296 2816 Τοῦτο
3359 2769 3418 2817 τὸ
3466 2766 3736 2836 κεφάλαιον
3786 2779 3932 2814 τεσσα-

2383 2857 2641 2924 ρακοστὸν
2671 2857 2900 2924 πέμπτον
2927 2853 3160 2924 εὑρήσεις
3192 2852 3239 2905 ἓν
3271 2862 3342 2924 τῷ
3383 2859 3522 2907 κατά
3554 2856 3817 2919 Ματθαῐον,
3846 2849 3880 2901 ἐν
3903 2847 3928 2915 ᾧ

2385 2950 2532 2994 πᾶσα
2561 2945 2695 2993 κατὰ
2724 2942 2874 3013 λογον
2896 2943 2925 2998 ἡ
2959 2939 3204 3012 ἐξήγησις
3227 2943 3450 3005 ἐξετέθη.

2458 3030 2781 3092 Ἀπελθόντες
2856 3061 2919 3070 -

2383 3139 2410 3170 τ
2443 3122 2576 3170 ὐτων
2736 3121 2819 3176 θη.

2455 3213 2554 3260 Καὶ
2588 3237 2642 3246 -
2673 3204 2801 3278 ὁδῷ.
2833 3207 3243 3280 ’Υπεστρώννυον
3273 3217 3439 3261 ταῦτα
3483 3212 3509 3262 ὁ
3547 3210 3757 3268 πλεῖστος
3777 3201 3903 3274 ὄχλος.

3010 3031 3235 3088 Ἰησοῦν.
3288 3032 3371 3084 Ἐν
3441 3030 3620 3105 ἐκείνῳ
3695 3035 3772 3083 καὶ
3835 3029 3918 3096 περὶ

2379 3299 2447 3358 ὡς
2495 3297 2602 3348 εἷπε
2662 3299 2948 3358 Ματθαῖος.
3011 3297 3091 3349 Ἐν
3149 3297 3321 3369 ἐκείνῳ
3361 3294 3420 3350 δὲ
3465 3305 3562 3352 καὶ
3627 3304 3734 3374 περὶ
3775 3293 3914 3345 τούτων

2378 3385 2639 3450 εὖρήσεις.

2448 3473 2774 3545 Ἐγγίξθντος
2850 3469 2908 3526 δέ
2959 3473 3118 3526 αὐτοῦ
3203 3471 3310 3533 ἤδη
3369 3507 3438 3516 -
3531 3473 3792 3548 δυνάμεων.
3850 3467 3921 3516 Ὧν

2376 3559 2512 3614 εἶδον
2560 3564 2834 3634 θαυμάτων
2893 3561 2941 3613 ἐν
2999 3571 3069 3633 τῷ
3109 3568 3222 3615 τότε
3270 3573 3452 3637 καιρῷ.
3519 3574 3701 3636 Θαῡιιια
3741 3563 3841 3632 γὰρ,
3877 3556 3919 3604 τό

2372 3659 2631 3724 προειπεῖν
2676 3657 2792 3724 περὶ
2835 3657 2926 3703 τοῦ
2969 3650 3142 3704 πώλου
3189 3656 3278 3704 καὶ
3326 3661 3424 3704 τῶν
3478 3659 3664 3728 κυρίων
3694 3650 3843 3715 αὐτοῦ,
3877 3645 3919 3693 τὸ

2379 3738 2576 3812 βαίνειν
2614 3739 2769 3791 αὐτόν
2801 3739 3074 3810 εὐτάκτως,
3111 3737 3418 3812 ἁδάμαστον
3451 3746 3592 3806 ὄντα,
3637 3744 3688 3792 τὸ
3719 3751 3923 3807 συγκινο-

2377 3830 2528 3887 θῆναι
2581 3833 2666 3880 τόν
2712 3829 2871 3900 όχλον
2923 3828 2995 3890 εἰς
3040 3833 3300 3886 τοσαύτην
3338 3835 3501 3903 τιμὴν
3541 3835 3624 3883 καὶ
3659 3826 3920 3885 τηλικαύτην

2375 3917 2628 3990 εὐφημίαν
2661 3918 2838 3980 αὐτοῦ,
2875 3920 3049 3969 καὶτὰ
3080 3927 3318 3974 τοιαῦτα.

2447 4099 2696 4166 Λέγοντες
2745 4127 2805 4137 —-
2863 4099 3076 4170 Κυρίου.
3121 4095 3179 4148 Ὀ
3238 4092 3296 4150 δε
3328 4099 3594 4160 Ματθαῖος
3619 4093 3754 4148 εἶπεν·
3783 4092 3848 4142 ὅτι
3879 4086 3915 4138 οἱ

2375 4183 2528 4254 ἄλλοι
2556 4187 2604 4236 οἱ
2627 4187 2940 4257 προάγοντες
2961 4189 3050 4236 καὶ
3070 4185 3118 4236 οἰ
3147 4185 3548 4249 ἀκολουθοῦντες
3575 4185 3760 4258 ὲκραζον
3778 4180 3912 4248 λέγον·

2374 4292 2452 4332 τες
2498 4282 2672 4326 τουτο.
2710 4279 2810 4325 Καὶ
2849 4272 3109 4342 ἀνάγνωθι
3158 4273 3260 4326 ἐκεῖ
3299 4280 3387 4332 τὴν
3424 4276 3545 4335 ὢ,ην
3593 4273 3807 4342 ἐξήγησιν
3831 4272 3908 4316 τῶν

2371 4362 2546 4436 ῥητῶν
2604 4365 2820 4427 τούτων,
2868 4363 3002 4436 ἄχρι
3057 4371 3168 4414 τοῦ³
3221 4368 3319 4415 Καὶ
3351 4363 3649 4424 εἰσελθόντος
3676 4359 3808 4412 αὑτοῦ
3848 4370 3906 4410 εις

2370 4449 2720 4524 Ἰεροσόλυμα,
2755 4450 2966 4508 ἐσείσθη
3000 4458 3148 4503 πᾶσα
3181 4453 3206 4510 ὁ
3241 4451 3408 4515 πόλις.

2443 4628 2633 4702 Εἰρήνη
2693 4661 2754 4669 -
2815 4626 3079 4699 ὑψίστοις.
3137 4630 3216 4682 Ἐν
3259 4629 3422 4704 ἐκείνῃ
3471 4639 3528 4702 τῇ
3572 4626 3770 4691 ἐξηγήσει
3809 4615 3879 4661 καὶ

2367 4727 2532 4770 ταῦτα
2584 4714 3065 4792 διηρδαηνεόθησαν.
3135 4719 3406 4782 Βλέποντες
3467 4722 3555 4791 γὰρ
3605 4714 3643 4763 οἱ
3683 4704 3878 4777 μαθηται

2368 4811 2488 4867 τοὺς
2543 4805 2735 4877 ὄχλους
2802 4807 2933 4858 οὕτω
2998 4815 3276 4869 ποιοῦντας
3335 4815 3426 4861 καὶ
3477 4807 3591 4859 οὕτω
3633 4794 3884 4872 κράζονταξν

2370 4895 2772 4966 συνηγάλλοντο,
2832 4899 2921 4946 καὶ
2979 4897 3170 4968 ὁμοίως
3260 4894 3437 4961 ἐϐόων,
3517 4887 3894 4949 συνενθουσιῶντα

2369 4985 2566 5045 αὐτοῖς.

2437 5079 2538 5126 Καὶ
2617 5092 2742 5134 τινες
2817 5103 2884 5114 -
2967 5072 3329 5146 κεκράξονται.
3420 5069 3686 5146 Ἀνιὶγνωθι
3749 5060 3788 5114 ἓν
3844 5075 3902 5124 τῳ

2366 5159 2650 5222 δηλωθέντι
2692 5161 2950 5236 κεφαλαίῳ
3000 5160 3295 5224 ἀκολούθως
3355 5169 3449 5224 τὴν
3528 5159 3766 5238 ἑρμηνείαν
3811 5151 3901 5201 τοῖν

2817 5103 2884 5114 -η
2967 5072 3329 5146 κεκράξονται.

1800 5516 2028 5586 Varias
2065 5517 2393 5587 lectiones
2441 5529 2507 5588 et
2552 5524 2754 5589 notae.

668 5743 782 5826 (36)
811 5745 912 5798 Καὶ
941 5739 1155 5799 omittit
1184 5738 1250 5799 Β.
