  <div class='ocr_page' id='page_1' title='image "/cluster/home/n/w/nwhite01/storage/ocr_20150623/129/mdp.39015061528470/556.png"; bbox 0 0 4144 6314; ppageno 0'>
   <div class='ocr_carea' id='block_1_1' title="bbox 269 293 423 357">
    <p class='ocr_par' dir='ltr' id='par_1_1' title="bbox 269 293 423 357">
     <span class='ocr_line' id='line_1_1' title="bbox 269 293 423 357; baseline 0.019 -3"><span class='ocrx_word' id='word_1_1' title='bbox 269 293 423 357; x_wconf 68' lang='lat'><strong>1063</strong></span> 
     </span>
    </p>
   </div>
   <div class='ocr_carea' id='block_1_2' title="bbox 1405 238 2637 361">
    <p class='ocr_par' dir='ltr' id='par_1_2' title="bbox 1405 238 2637 361">
     <span class='ocr_line' id='line_1_2' title="bbox 1405 238 2637 361; baseline 0.008 -12"><span class='ocrx_word' id='word_1_2' title='bbox 1405 238 1777 356; x_wconf 64' lang='lat' dir='ltr'><strong>COMMENT.</strong></span> <span class='ocrx_word' id='word_1_3' title='bbox 1818 284 1894 356; x_wconf 76' lang='grc' dir='ltr'><strong>ΙΝ</strong></span> <span class='ocrx_word' id='word_1_4' title='bbox 1932 288 2190 361; x_wconf 65' lang='lat' dir='ltr'><strong>Luem.</strong></span> <span class='ocrx_word' id='word_1_5' title='bbox 2230 334 2297 348; x_wconf 86' lang='grc'><strong><em>-</em></strong></span> <span class='ocrx_word' id='word_1_6' title='bbox 2336 302 2495 361; x_wconf 82' lang='lat' dir='ltr'><strong>CAP.</strong></span> <span class='ocrx_word' id='word_1_7' title='bbox 2531 304 2637 361; x_wconf 87' lang='lat' dir='ltr'><strong>xx.</strong></span> 
     </span>
    </p>
   </div>
   <div class='ocr_carea' id='block_1_3' title="bbox 3530 284 3669 364">
    <p class='ocr_par' dir='ltr' id='par_1_3' title="bbox 3530 284 3669 364">
     <span class='ocr_line' id='line_1_3' title="bbox 3530 284 3669 364; baseline 0.007 -1"><span class='ocrx_word' id='word_1_8' title='bbox 3530 284 3669 364; x_wconf 71' lang='grc'><strong>1066</strong></span> 
     </span>
    </p>
   </div>
   <div class='ocr_carea' id='block_1_4' title="bbox 270 402 1887 501">
    <p class='ocr_par' dir='ltr' id='par_1_4' title="bbox 270 402 1887 501">
     <span class='ocr_line' id='line_1_4' title="bbox 270 402 1887 501; baseline 0.001 -23"><span class='ocrx_word' id='word_1_9' title='bbox 270 428 345 478; x_wconf 83' lang='grc' dir='ltr'><strong>Οἱ</strong></span> <span class='ocrx_word' id='word_1_10' title='bbox 402 422 468 479; x_wconf 60' lang='grc' dir='ltr'><strong>δὲ</strong></span> <span class='ocrx_word' id='word_1_11' title='bbox 522 426 673 499; x_wconf 86' lang='grc' dir='ltr'>ὅχλοι</span> <span class='ocrx_word' id='word_1_12' title='bbox 723 426 911 498; x_wconf 75' lang='grc' dir='ltr'>ἔλεγον.</span> <span class='ocrx_word' id='word_1_13' title='bbox 969 428 1129 487; x_wconf 78' lang='grc' dir='ltr'>Οὗτός</span> <span class='ocrx_word' id='word_1_14' title='bbox 1181 423 1322 477; x_wconf 71' lang='grc' dir='ltr'>ἔστιν</span> <span class='ocrx_word' id='word_1_15' title='bbox 1376 402 1591 501; x_wconf 21' lang='lat' dir='ltr'><strong>“nam?</strong></span> <span class='ocrx_word' id='word_1_16' title='bbox 1624 407 1650 461; x_wconf 72' lang='grc' dir='ltr'>ὁ</span> <span class='ocrx_word' id='word_1_17' title='bbox 1694 432 1887 499; x_wconf 76' lang='grc' dir='ltr'>προφή-</span> 
     </span>
    </p>
   </div>
   <div class='ocr_carea' id='block_1_5' title="bbox 2021 402 3668 501">
    <p class='ocr_par' dir='ltr' id='par_1_5' title="bbox 2021 429 3668 501">
     <span class='ocr_line' id='line_1_5' title="bbox 2021 429 3668 501; baseline 0.004 -19"><span class='ocrx_word' id='word_1_18' title='bbox 2021 429 2575 501; x_wconf 73' lang='lat' dir='ltr'><strong>interpretationem.</strong></span> <span class='ocrx_word' id='word_1_19' title='bbox 2613 431 2819 487; x_wconf 76' lang='lat' dir='ltr'><strong>Turbae</strong></span> <span class='ocrx_word' id='word_1_20' title='bbox 2864 437 3063 488; x_wconf 82' lang='lat' dir='ltr'><strong>autem</strong></span> <span class='ocrx_word' id='word_1_21' title='bbox 3093 431 3400 488; x_wconf 79' lang='lat' dir='ltr'><strong>dicebant:</strong></span> <span class='ocrx_word' id='word_1_22' title='bbox 3430 432 3538 487; x_wconf 85' lang='lat' dir='ltr'><strong>Hic</strong></span> <span class='ocrx_word' id='word_1_23' title='bbox 3582 436 3668 489; x_wconf 85' lang='lat' dir='ltr'><strong>est</strong></span> 
     </span>
    </p>
   </div>
   <div class='ocr_carea' id='block_1_6' title="bbox 263 496 1897 590">
    <p class='ocr_par' dir='ltr' id='par_1_6' title="bbox 263 496 1897 590">
     <span class='ocr_line' id='line_1_6' title="bbox 263 496 1897 590; baseline -0.001 -26"><span class='ocrx_word' id='word_1_24' title='bbox 263 532 414 575; x_wconf 87' lang='grc' dir='ltr'>της·</span> <span class='ocrx_word' id='word_1_25' title='bbox 465 514 518 565; x_wconf 88' lang='grc' dir='ltr'>ἐν</span> <span class='ocrx_word' id='word_1_26' title='bbox 568 514 729 587; x_wconf 74' lang='grc' dir='ltr'>ἐκείνη</span> <span class='ocrx_word' id='word_1_27' title='bbox 778 519 876 590; x_wconf 81' lang='grc' dir='ltr'>γὰρ</span> <span class='ocrx_word' id='word_1_28' title='bbox 930 520 1019 567; x_wconf 85' lang='grc' dir='ltr'>καὶ</span> <span class='ocrx_word' id='word_1_29' title='bbox 1070 522 1237 567; x_wconf 85' lang='grc' dir='ltr'>ταῦτα</span> <span class='ocrx_word' id='word_1_30' title='bbox 1287 496 1744 584; x_wconf 71' lang='grc' dir='ltr'>ἐμνημονεύθησαν</span> <span class='ocrx_word' id='word_1_31' title='bbox 1807 521 1897 569; x_wconf 71' lang='grc' dir='ltr'><strong>καὶ</strong></span> 
     </span>
    </p>
   </div>
   <div class='ocr_carea' id='block_1_7' title="bbox 264 600 747 675">
    <p class='ocr_par' dir='ltr' id='par_1_7' title="bbox 264 600 747 675">
     <span class='ocr_line' id='line_1_7' title="bbox 264 600 747 675; baseline 0.01 -22"><span class='ocrx_word' id='word_1_32' title='bbox 264 600 747 675; x_wconf 78' lang='grc' dir='ltr'>ἐσαφηνίσθησαν.</span> 
     </span>
    </p>
   </div>
   <div class='ocr_carea' id='block_1_8' title="bbox 348 682 1895 768">
    <p class='ocr_par' dir='ltr' id='par_1_8' title="bbox 348 682 1895 768">
     <span class='ocr_line' id='line_1_8' title="bbox 348 682 1895 768; baseline 0.003 -25"><span class='ocrx_word' id='word_1_33' title='bbox 348 697 457 744; x_wconf 79' lang='grc' dir='ltr'><strong>Καὶ</strong></span> <span class='ocrx_word' id='word_1_34' title='bbox 510 695 574 753; x_wconf 82' lang='grc' dir='ltr'>ὡς</span> <span class='ocrx_word' id='word_1_35' title='bbox 614 723 682 734; x_wconf 93' lang='grc'><strong><em>-</em></strong></span> <span class='ocrx_word' id='word_1_36' title='bbox 742 692 925 750; x_wconf 68' lang='grc' dir='ltr'>αὐτὴν.</span> <span class='ocrx_word' id='word_1_37' title='bbox 976 698 1246 745; x_wconf 82' lang='grc' dir='ltr'>Γινώσκων</span> <span class='ocrx_word' id='word_1_38' title='bbox 1297 690 1459 749; x_wconf 77' lang='grc' dir='ltr'>αὐτὴν</span> <span class='ocrx_word' id='word_1_39' title='bbox 1504 682 1576 742; x_wconf 83' lang='grc' dir='ltr'><strong>δι’</strong></span> <span class='ocrx_word' id='word_1_40' title='bbox 1608 691 1895 768; x_wconf 73' lang='grc' dir='ltr'>ὑπερϐολὴν</span> 
     </span>
    </p>
   </div>
   <div class='ocr_carea' id='block_1_9' title="bbox 260 780 1895 856">
    <p class='ocr_par' dir='ltr' id='par_1_9' title="bbox 260 780 1895 856">
     <span class='ocr_line' id='line_1_9' title="bbox 260 780 1895 856; baseline 0.002 -25"><span class='ocrx_word' id='word_1_41' title='bbox 260 786 546 855; x_wconf 81' lang='grc' dir='ltr'><strong>πονηρίας</strong></span> <span class='ocrx_word' id='word_1_42' title='bbox 635 780 1095 854; x_wconf 75' lang='grc' dir='ltr'>ἑκτριϐησομένην,</span> <span class='ocrx_word' id='word_1_43' title='bbox 1192 781 1637 856; x_wconf 79' lang='grc' dir='ltr'>ἁνθρωποπρεπῶς</span> <span class='ocrx_word' id='word_1_44' title='bbox 1729 783 1895 836; x_wconf 78' lang='grc' dir='ltr'><strong>κλαίει</strong></span> 
     </span>
    </p>
   </div>
   <div class='ocr_carea' id='block_1_10' title="bbox 258 867 1893 945">
    <p class='ocr_par' dir='ltr' id='par_1_10' title="bbox 258 867 1893 945">
     <span class='ocr_line' id='line_1_10' title="bbox 258 867 1893 945; baseline 0.002 -23"><span class='ocrx_word' id='word_1_45' title='bbox 258 874 483 928; x_wconf 82' lang='grc' dir='ltr'>ταύτην</span> <span class='ocrx_word' id='word_1_46' title='bbox 566 868 639 923; x_wconf 88' lang='grc' dir='ltr'><strong>δι’</strong></span> <span class='ocrx_word' id='word_1_47' title='bbox 719 870 1001 944; x_wconf 79' lang='grc' dir='ltr'>ὑπερϐολὴν</span> <span class='ocrx_word' id='word_1_48' title='bbox 1083 870 1426 942; x_wconf 77' lang='grc' dir='ltr'>ἀγαθὸτητος,</span> <span class='ocrx_word' id='word_1_49' title='bbox 1517 867 1893 945; x_wconf 77' lang='grc' dir='ltr'>ἇνδεικνύμινος</span> 
     </span>
    </p>
   </div>
   <div class='ocr_carea' id='block_1_11' title="bbox 258 958 1895 1035">
    <p class='ocr_par' dir='ltr' id='par_1_11' title="bbox 258 958 1895 1035">
     <span class='ocr_line' id='line_1_11' title="bbox 258 958 1895 1035; baseline 0.002 -25"><span class='ocrx_word' id='word_1_50' title='bbox 258 958 587 1025; x_wconf 72' lang='grc' dir='ltr'>κάντεῦθεν,</span> <span class='ocrx_word' id='word_1_51' title='bbox 636 962 722 1013; x_wconf 85' lang='grc' dir='ltr'>οἶα</span> <span class='ocrx_word' id='word_1_52' title='bbox 754 959 1038 1032; x_wconf 80' lang='grc' dir='ltr'>σπλάγχνα</span> <span class='ocrx_word' id='word_1_53' title='bbox 1085 958 1197 1032; x_wconf 78' lang='grc' dir='ltr'>εἶχε</span> <span class='ocrx_word' id='word_1_54' title='bbox 1248 966 1365 1034; x_wconf 83' lang='grc' dir='ltr'>περὶ</span> <span class='ocrx_word' id='word_1_55' title='bbox 1418 964 1539 1022; x_wconf 82' lang='grc' dir='ltr'>τοὺς</span> <span class='ocrx_word' id='word_1_56' title='bbox 1591 960 1895 1035; x_wconf 74' lang='grc' dir='ltr'><strong>ἀγνώμονας</strong></span> 
     </span>
    </p>
   </div>
   <div class='ocr_carea' id='block_1_12' title="bbox 259 1045 609 1111">
    <p class='ocr_par' dir='ltr' id='par_1_12' title="bbox 259 1045 609 1111">
     <span class='ocr_line' id='line_1_12' title="bbox 259 1045 609 1111; baseline 0.006 -9"><span class='ocrx_word' id='word_1_57' title='bbox 259 1045 609 1111; x_wconf 76' lang='grc' dir='ltr'><strong>Ἰουδαίους.</strong></span> 
     </span>
    </p>
   </div>
   <div class='ocr_carea' id='block_1_13' title="bbox 948 1138 1894 1211">
    <p class='ocr_par' dir='ltr' id='par_1_13' title="bbox 948 1138 1894 1211">
     <span class='ocr_line' id='line_1_13' title="bbox 948 1138 1894 1211; baseline 0 -20"><span class='ocrx_word' id='word_1_58' title='bbox 948 1138 1293 1199; x_wconf 84' lang='grc' dir='ltr'>Ἐλλειπτικὸς</span> <span class='ocrx_word' id='word_1_59' title='bbox 1354 1140 1379 1190; x_wconf 85' lang='grc' dir='ltr'><em>ὁ</em></span> <span class='ocrx_word' id='word_1_60' title='bbox 1442 1138 1608 1211; x_wconf 82' lang='grc' dir='ltr'>λόγος·</span> <span class='ocrx_word' id='word_1_61' title='bbox 1678 1139 1894 1193; x_wconf 74' lang='grc' dir='ltr'>ἔλλιίπιι</span> 
     </span>
    </p>
   </div>
   <div class='ocr_carea' id='block_1_14' title="bbox 258 1226 1894 1301">
    <p class='ocr_par' dir='ltr' id='par_1_14' title="bbox 258 1226 1894 1301">
     <span class='ocr_line' id='line_1_14' title="bbox 258 1226 1894 1301; baseline 0.001 -23"><span class='ocrx_word' id='word_1_62' title='bbox 258 1229 377 1301; x_wconf 77' lang='grc' dir='ltr'>γὰρ</span> <span class='ocrx_word' id='word_1_63' title='bbox 453 1231 537 1297; x_wconf 62' lang='grc' dir='ltr'>τὸ,</span> <span class='ocrx_word' id='word_1_64' title='bbox 568 1227 677 1279; x_wconf 69' lang='grc' dir='ltr'><strong>Οὔκ</strong></span> <span class='ocrx_word' id='word_1_65' title='bbox 728 1226 787 1278; x_wconf 82' lang='grc' dir='ltr'>ἂν</span> <span class='ocrx_word' id='word_1_66' title='bbox 841 1226 1069 1279; x_wconf 84' lang='grc' dir='ltr'>ἀπώλου.</span> <span class='ocrx_word' id='word_1_67' title='bbox 1126 1228 1359 1280; x_wconf 80' lang='grc' dir='ltr'>Εἰὼθασε</span> <span class='ocrx_word' id='word_1_68' title='bbox 1387 1231 1488 1301; x_wconf 84' lang='grc' dir='ltr'><strong>γὰρ</strong></span> <span class='ocrx_word' id='word_1_69' title='bbox 1538 1231 1586 1280; x_wconf 86' lang='grc' dir='ltr'>οἱ</span> <span class='ocrx_word' id='word_1_70' title='bbox 1632 1228 1894 1291; x_wconf 80' lang='grc' dir='ltr'><strong>κλαίοντες</strong></span> 
     </span>
    </p>
   </div>
   <div class='ocr_carea' id='block_1_15' title="bbox 347 1142 872 1210">
    <p class='ocr_par' dir='ltr' id='par_1_15' title="bbox 347 1142 872 1210">
     <span class='ocr_line' id='line_1_15' title="bbox 347 1142 872 1210; baseline 0.004 -20"><span class='ocrx_word' id='word_1_71' title='bbox 347 1144 392 1190; x_wconf 91' lang='grc' dir='ltr'>Λ</span> <span class='ocrx_word' id='word_1_72' title='bbox 405 1142 542 1210; x_wconf 84' lang='grc' dir='ltr'>έγων</span> <span class='ocrx_word' id='word_1_73' title='bbox 619 1170 685 1178; x_wconf 91' lang='grc'><strong>-</strong></span> <span class='ocrx_word' id='word_1_74' title='bbox 759 1158 872 1192; x_wconf 80' lang='grc' dir='ltr'>σου.</span> 
     </span>
    </p>
   </div>
   <div class='ocr_carea' id='block_1_16' title="bbox 262 1314 1894 1390">
    <p class='ocr_par' dir='ltr' id='par_1_16' title="bbox 262 1314 1894 1390">
     <span class='ocr_line' id='line_1_16' title="bbox 262 1314 1894 1390; baseline 0.002 -23"><span class='ocrx_word' id='word_1_75' title='bbox 262 1314 668 1369; x_wconf 82' lang='grc' dir='ltr'>ἐπικόπτισθαι</span> <span class='ocrx_word' id='word_1_76' title='bbox 696 1320 811 1377; x_wconf 84' lang='grc' dir='ltr'>τοὺς</span> <span class='ocrx_word' id='word_1_77' title='bbox 849 1316 1039 1387; x_wconf 87' lang='grc' dir='ltr'>λόγους</span> <span class='ocrx_word' id='word_1_78' title='bbox 1080 1318 1179 1369; x_wconf 79' lang='grc' dir='ltr'>ὑπὸ</span> <span class='ocrx_word' id='word_1_79' title='bbox 1233 1325 1329 1378; x_wconf 85' lang='grc' dir='ltr'>τῆς</span> <span class='ocrx_word' id='word_1_80' title='bbox 1375 1325 1466 1369; x_wconf 81' lang='grc' dir='ltr'>τοῦ</span> <span class='ocrx_word' id='word_1_81' title='bbox 1517 1319 1712 1377; x_wconf 81' lang='grc' dir='ltr'>πάθους</span> <span class='ocrx_word' id='word_1_82' title='bbox 1771 1337 1894 1390; x_wconf 76' lang='grc' dir='ltr'>σφο-</span> 
     </span>
    </p>
   </div>
   <div class='ocr_carea' id='block_1_17' title="bbox 261 1402 1892 1479">
    <p class='ocr_par' dir='ltr' id='par_1_17' title="bbox 261 1402 1892 1479">
     <span class='ocr_line' id='line_1_17' title="bbox 261 1402 1892 1479; baseline 0.002 -23"><span class='ocrx_word' id='word_1_83' title='bbox 261 1402 565 1479; x_wconf 78' lang='grc' dir='ltr'>δρότητος.</span> <span class='ocrx_word' id='word_1_84' title='bbox 598 1404 663 1457; x_wconf 69' lang='grc' dir='ltr'>Ὀ</span> <span class='ocrx_word' id='word_1_85' title='bbox 696 1402 754 1457; x_wconf 72' lang='grc' dir='ltr'><strong>δὲ</strong></span> <span class='ocrx_word' id='word_1_86' title='bbox 797 1405 951 1476; x_wconf 83' lang='grc' dir='ltr'>λέγει,</span> <span class='ocrx_word' id='word_1_87' title='bbox 998 1410 1230 1457; x_wconf 79' lang='grc' dir='ltr'>τοιοῦτον</span> <span class='ocrx_word' id='word_1_88' title='bbox 1276 1405 1439 1457; x_wconf 83' lang='grc' dir='ltr'>ἐστιν·</span> <span class='ocrx_word' id='word_1_89' title='bbox 1496 1406 1557 1458; x_wconf 82' lang='grc' dir='ltr'>Εἰ</span> <span class='ocrx_word' id='word_1_90' title='bbox 1605 1409 1756 1478; x_wconf 76' lang='grc' dir='ltr'>ἔγνως</span> <span class='ocrx_word' id='word_1_91' title='bbox 1803 1412 1892 1460; x_wconf 87' lang='grc' dir='ltr'>καὶ</span> 
     </span>
    </p>
   </div>
   <div class='ocr_carea' id='block_1_18' title="bbox 262 1492 1892 1569">
    <p class='ocr_par' dir='ltr' id='par_1_18' title="bbox 262 1492 1892 1569">
     <span class='ocr_line' id='line_1_18' title="bbox 262 1492 1892 1569; baseline 0.001 -22"><span class='ocrx_word' id='word_1_92' title='bbox 262 1498 337 1547; x_wconf 81' lang='grc' dir='ltr'>σὺ</span> <span class='ocrx_word' id='word_1_93' title='bbox 387 1492 443 1545; x_wconf 87' lang='grc' dir='ltr'>ἐν</span> <span class='ocrx_word' id='word_1_94' title='bbox 486 1502 552 1566; x_wconf 74' lang='grc' dir='ltr'>τῇ</span> <span class='ocrx_word' id='word_1_95' title='bbox 603 1496 772 1567; x_wconf 76' lang='grc' dir='ltr'>ἡμέρᾳ</span> <span class='ocrx_word' id='word_1_96' title='bbox 818 1513 912 1545; x_wconf 88' lang='grc' dir='ltr'><strong>σου</strong></span> <span class='ocrx_word' id='word_1_97' title='bbox 967 1497 1154 1565; x_wconf 63' lang='grc' dir='ltr'>ταύτῃ,</span> <span class='ocrx_word' id='word_1_98' title='bbox 1200 1499 1467 1547; x_wconf 76' lang='grc' dir='ltr'>τουτέστιν</span> <span class='ocrx_word' id='word_1_99' title='bbox 1517 1494 1564 1546; x_wconf 75' lang='grc' dir='ltr'>ἓν</span> <span class='ocrx_word' id='word_1_100' title='bbox 1617 1505 1685 1567; x_wconf 86' lang='grc' dir='ltr'>τῷ</span> <span class='ocrx_word' id='word_1_101' title='bbox 1727 1505 1892 1569; x_wconf 85' lang='grc' dir='ltr'>καιρῷ</span> 
     </span>
    </p>
   </div>
   <div class='ocr_carea' id='block_1_19' title="bbox 263 1581 1889 1657">
    <p class='ocr_par' dir='ltr' id='par_1_19' title="bbox 263 1581 1889 1657">
     <span class='ocr_line' id='line_1_19' title="bbox 263 1581 1889 1657; baseline 0.001 -22"><span class='ocrx_word' id='word_1_102' title='bbox 263 1602 371 1635; x_wconf 87' lang='grc' dir='ltr'><strong>σου</strong></span> <span class='ocrx_word' id='word_1_103' title='bbox 419 1586 619 1653; x_wconf 82' lang='grc' dir='ltr'>τούτῳ,</span> <span class='ocrx_word' id='word_1_104' title='bbox 670 1582 784 1635; x_wconf 89' lang='grc' dir='ltr'>καθ’</span> <span class='ocrx_word' id='word_1_105' title='bbox 837 1584 889 1634; x_wconf 87' lang='grc' dir='ltr'>ὄν</span> <span class='ocrx_word' id='word_1_106' title='bbox 940 1582 1038 1654; x_wconf 71' lang='grc' dir='ltr'><strong>ἐγὼ</strong></span> <span class='ocrx_word' id='word_1_107' title='bbox 1097 1581 1358 1655; x_wconf 75' lang='grc' dir='ltr'><strong>ἐπιδημῶ·</strong></span> <span class='ocrx_word' id='word_1_108' title='bbox 1422 1588 1509 1644; x_wconf 87' lang='grc' dir='ltr'>σὸς</span> <span class='ocrx_word' id='word_1_109' title='bbox 1569 1588 1667 1657; x_wconf 72' lang='grc' dir='ltr'>γὰρ</span> <span class='ocrx_word' id='word_1_110' title='bbox 1722 1585 1889 1651; x_wconf 83' lang='grc' dir='ltr'>οὗτος,</span> 
     </span>
    </p>
   </div>
   <div class='ocr_carea' id='block_1_20' title="bbox 260 1669 1891 1745">
    <p class='ocr_par' dir='ltr' id='par_1_20' title="bbox 260 1669 1891 1745">
     <span class='ocr_line' id='line_1_20' title="bbox 260 1669 1891 1745; baseline 0.001 -21"><span class='ocrx_word' id='word_1_111' title='bbox 260 1675 350 1724; x_wconf 85' lang='grc' dir='ltr'>ὅτι</span> <span class='ocrx_word' id='word_1_112' title='bbox 398 1669 505 1724; x_wconf 76' lang='grc' dir='ltr'><strong>διὰ</strong></span> <span class='ocrx_word' id='word_1_113' title='bbox 551 1675 607 1723; x_wconf 72' lang='grc' dir='ltr'>σὶ</span> <span class='ocrx_word' id='word_1_114' title='bbox 653 1676 1051 1745; x_wconf 71' lang='grc' dir='ltr'><strong>προηγουμένως</strong></span> <span class='ocrx_word' id='word_1_115' title='bbox 1112 1672 1491 1744; x_wconf 82' lang='grc' dir='ltr'>ἐνηνθρωπησά</span> <span class='ocrx_word' id='word_1_116' title='bbox 1540 1693 1593 1725; x_wconf 82' lang='grc' dir='ltr'><strong>τε</strong></span> <span class='ocrx_word' id='word_1_117' title='bbox 1634 1678 1724 1725; x_wconf 80' lang='grc' dir='ltr'>καὶ</span> <span class='ocrx_word' id='word_1_118' title='bbox 1778 1672 1891 1725; x_wconf 73' lang='grc' dir='ltr'>ἐπε-</span> 
     </span>
    </p>
   </div>
   <div class='ocr_carea' id='block_1_21' title="bbox 2004 519 3669 588">
    <p class='ocr_par' dir='ltr' id='par_1_21' title="bbox 2004 519 3669 588">
     <span class='ocr_line' id='line_1_21' title="bbox 2004 519 3669 588; baseline 0.002 -15"><span class='ocrx_word' id='word_1_119' title='bbox 2004 520 2172 575; x_wconf 80' lang='lat' dir='ltr'><strong>Jesus</strong></span> <span class='ocrx_word' id='word_1_120' title='bbox 2197 520 2490 588; x_wconf 80' lang='lat' dir='ltr'><strong>propheta</strong></span> <span class='ocrx_word' id='word_1_121' title='bbox 2524 520 2571 555; x_wconf 84' lang='grc'><strong>⁴⁰</strong></span> <span class='ocrx_word' id='word_1_122' title='bbox 2594 536 2607 585; x_wconf 90' lang='grc'>;</span> <span class='ocrx_word' id='word_1_123' title='bbox 2628 519 2708 575; x_wconf 87' lang='lat' dir='ltr'><strong>ibi</strong></span> <span class='ocrx_word' id='word_1_124' title='bbox 2730 520 2885 576; x_wconf 90' lang='lat' dir='ltr'><strong>enim</strong></span> <span class='ocrx_word' id='word_1_125' title='bbox 2909 521 3036 577; x_wconf 75' lang='lat' dir='ltr'><strong>haec</strong></span> <span class='ocrx_word' id='word_1_126' title='bbox 3059 521 3359 578; x_wconf 87' lang='lat' dir='ltr'><strong>declarata</strong></span> <span class='ocrx_word' id='word_1_127' title='bbox 3376 536 3446 578; x_wconf 91' lang='lat' dir='ltr'><strong>ac</strong></span> <span class='ocrx_word' id='word_1_128' title='bbox 3474 521 3669 577; x_wconf 89' lang='lat' dir='ltr'><strong>mani-</strong></span> 
     </span>
    </p>
   </div>
   <div class='ocr_carea' id='block_1_22' title="bbox 2004 607 2412 663">
    <p class='ocr_par' dir='ltr' id='par_1_22' title="bbox 2004 607 2412 663">
     <span class='ocr_line' id='line_1_22' title="bbox 2004 607 2412 663; baseline 0.002 -2"><span class='ocrx_word' id='word_1_129' title='bbox 2004 607 2225 663; x_wconf 87' lang='lat' dir='ltr'><strong>festata</strong></span> <span class='ocrx_word' id='word_1_130' title='bbox 2257 613 2412 663; x_wconf 90' lang='lat' dir='ltr'><strong>sunt.</strong></span> 
     </span>
    </p>
   </div>
   <div class='ocr_carea' id='block_1_23' title="bbox 2076 697 3664 770">
    <p class='ocr_par' dir='ltr' id='par_1_23' title="bbox 2076 697 3664 770">
     <span class='ocr_line' id='line_1_23' title="bbox 2076 697 3664 770; baseline 0.003 -19"><span class='ocrx_word' id='word_1_131' title='bbox 2076 697 2239 751; x_wconf 84' lang='lat' dir='ltr'><strong>Vers.</strong></span> <span class='ocrx_word' id='word_1_132' title='bbox 2301 698 2388 751; x_wconf 78' lang='lat'><strong>41.</strong></span> <span class='ocrx_word' id='word_1_133' title='bbox 2454 698 2524 751; x_wconf 87' lang='lat' dir='ltr'><strong>Et</strong></span> <span class='ocrx_word' id='word_1_134' title='bbox 2575 705 2887 770; x_wconf 82' lang='lat' dir='ltr'><strong>postquam</strong></span> <span class='ocrx_word' id='word_1_135' title='bbox 2932 730 3001 741; x_wconf 94' lang='lat'><strong><em>—</em></strong></span> <span class='ocrx_word' id='word_1_136' title='bbox 3050 700 3183 757; x_wconf 82' lang='lat' dir='ltr'><strong>illa.</strong></span> <span class='ocrx_word' id='word_1_137' title='bbox 3253 699 3455 755; x_wconf 84' lang='lat' dir='ltr'><strong>Sciens</strong></span> <span class='ocrx_word' id='word_1_138' title='bbox 3499 699 3664 756; x_wconf 84' lang='lat' dir='ltr'><strong>illam</strong></span> 
     </span>
    </p>
   </div>
   <div class='ocr_carea' id='block_1_24' title="bbox 2004 785 3663 858">
    <p class='ocr_par' dir='ltr' id='par_1_24' title="bbox 2004 785 3663 858">
     <span class='ocr_line' id='line_1_24' title="bbox 2004 785 3663 858; baseline 0.003 -18"><span class='ocrx_word' id='word_1_139' title='bbox 2004 792 2247 858; x_wconf 84' lang='lat' dir='ltr'><strong>propter</strong></span> <span class='ocrx_word' id='word_1_140' title='bbox 2261 787 2558 842; x_wconf 85' lang='lat' dir='ltr'><strong>immensa</strong></span> <span class='ocrx_word' id='word_1_141' title='bbox 2574 785 2718 842; x_wconf 86' lang='lat' dir='ltr'><strong>vitia</strong></span> <span class='ocrx_word' id='word_1_142' title='bbox 2729 789 3176 856; x_wconf 87' lang='lat' dir='ltr'><strong>destruendam,</strong></span> <span class='ocrx_word' id='word_1_143' title='bbox 3195 789 3466 845; x_wconf 87' lang='lat' dir='ltr'><strong>humano</strong></span> <span class='ocrx_word' id='word_1_144' title='bbox 3481 788 3663 845; x_wconf 92' lang='lat' dir='ltr'><strong>modo</strong></span> 
     </span>
    </p>
   </div>
   <div class='ocr_carea' id='block_1_25' title="bbox 2003 874 3662 946">
    <p class='ocr_par' dir='ltr' id='par_1_25' title="bbox 2003 874 3662 946">
     <span class='ocr_line' id='line_1_25' title="bbox 2003 874 3662 946; baseline 0.002 -17"><span class='ocrx_word' id='word_1_145' title='bbox 2003 875 2199 946; x_wconf 89' lang='lat' dir='ltr'><strong>ipsam</strong></span> <span class='ocrx_word' id='word_1_146' title='bbox 2242 891 2363 946; x_wconf 69' lang='lat' dir='ltr'><strong>prae</strong></span> <span class='ocrx_word' id='word_1_147' title='bbox 2421 874 2718 933; x_wconf 88' lang='lat' dir='ltr'><strong>immensa</strong></span> <span class='ocrx_word' id='word_1_148' title='bbox 2771 893 2883 933; x_wconf 91' lang='lat' dir='ltr'><strong>sua</strong></span> <span class='ocrx_word' id='word_1_149' title='bbox 2921 877 3190 934; x_wconf 77' lang='lat' dir='ltr'><strong>bonitate</strong></span> <span class='ocrx_word' id='word_1_150' title='bbox 3244 878 3441 946; x_wconf 87' lang='lat' dir='ltr'><strong>deﬂet,</strong></span> <span class='ocrx_word' id='word_1_151' title='bbox 3482 877 3662 934; x_wconf 86' lang='lat' dir='ltr'><strong>etiam</strong></span> 
     </span>
    </p>
   </div>
   <div class='ocr_carea' id='block_1_26' title="bbox 2003 963 3665 1037">
    <p class='ocr_par' dir='ltr' id='par_1_26' title="bbox 2003 963 3665 1037">
     <span class='ocr_line' id='line_1_26' title="bbox 2003 963 3665 1037; baseline 0.002 -18"><span class='ocrx_word' id='word_1_152' title='bbox 2003 964 2141 1019; x_wconf 88' lang='lat' dir='ltr'><strong>hinc</strong></span> <span class='ocrx_word' id='word_1_153' title='bbox 2172 963 2514 1032; x_wconf 87' lang='lat' dir='ltr'><strong>ostendens,</strong></span> <span class='ocrx_word' id='word_1_154' title='bbox 2546 965 2750 1036; x_wconf 87' lang='lat' dir='ltr'><strong>qualia</strong></span> <span class='ocrx_word' id='word_1_155' title='bbox 2782 966 3025 1023; x_wconf 77' lang='lat' dir='ltr'><strong>haberet</strong></span> <span class='ocrx_word' id='word_1_156' title='bbox 3053 982 3199 1037; x_wconf 90' lang='lat' dir='ltr'><strong>erga</strong></span> <span class='ocrx_word' id='word_1_157' title='bbox 3247 966 3513 1037; x_wconf 87' lang='lat' dir='ltr'><strong>ingratos</strong></span> <span class='ocrx_word' id='word_1_158' title='bbox 3559 966 3665 1023; x_wconf 84' lang='lat' dir='ltr'><strong>Ju-</strong></span> 
     </span>
    </p>
   </div>
   <div class='ocr_carea' id='block_1_27' title="bbox 2003 1053 2449 1109">
    <p class='ocr_par' dir='ltr' id='par_1_27' title="bbox 2003 1053 2449 1109">
     <span class='ocr_line' id='line_1_27' title="bbox 2003 1053 2449 1109; baseline -0.011 -1"><span class='ocrx_word' id='word_1_159' title='bbox 2003 1053 2168 1109; x_wconf 74' lang='lat' dir='ltr'><strong>daeos</strong></span> <span class='ocrx_word' id='word_1_160' title='bbox 2201 1053 2449 1109; x_wconf 82' lang='lat' dir='ltr'><strong>viscera.</strong></span> 
     </span>
    </p>
   </div>
   <div class='ocr_carea' id='block_1_28' title="bbox 2074 1142 3659 1213">
    <p class='ocr_par' dir='ltr' id='par_1_28' title="bbox 2074 1142 3659 1213">
     <span class='ocr_line' id='line_1_28' title="bbox 2074 1142 3659 1213; baseline 0.003 -17"><span class='ocrx_word' id='word_1_161' title='bbox 2074 1142 2232 1197; x_wconf 90' lang='lat' dir='ltr'><strong>Vers.</strong></span> <span class='ocrx_word' id='word_1_162' title='bbox 2264 1143 2350 1197; x_wconf 81' lang='lat'><strong>42.</strong></span> <span class='ocrx_word' id='word_1_163' title='bbox 2386 1144 2597 1199; x_wconf 87' lang='lat' dir='ltr'><strong>Dicens</strong></span> <span class='ocrx_word' id='word_1_164' title='bbox 2622 1175 2690 1186; x_wconf 92' lang='lat'><strong><em>—</em></strong></span> <span class='ocrx_word' id='word_1_165' title='bbox 2723 1150 2908 1202; x_wconf 90' lang='lat' dir='ltr'><strong>tuam.</strong></span> <span class='ocrx_word' id='word_1_166' title='bbox 2942 1146 3275 1202; x_wconf 84' lang='lat' dir='ltr'><strong>Defectivus</strong></span> <span class='ocrx_word' id='word_1_167' title='bbox 3306 1161 3504 1203; x_wconf 82' lang='lat' dir='ltr'><strong>sermo</strong></span> <span class='ocrx_word' id='word_1_168' title='bbox 3533 1151 3618 1202; x_wconf 92' lang='lat' dir='ltr'><strong>est</strong></span> <span class='ocrx_word' id='word_1_169' title='bbox 3644 1161 3659 1213; x_wconf 92' lang='lat'><strong>;</strong></span> 
     </span>
    </p>
   </div>
   <div class='ocr_carea' id='block_1_29' title="bbox 2001 1231 3664 1307">
    <p class='ocr_par' dir='ltr' id='par_1_29' title="bbox 2001 1231 3664 1307">
     <span class='ocr_line' id='line_1_29' title="bbox 2001 1231 3664 1307; baseline 0.002 -21"><span class='ocrx_word' id='word_1_170' title='bbox 2001 1231 2200 1286; x_wconf 72' lang='lat' dir='ltr'><strong>deficit</strong></span> <span class='ocrx_word' id='word_1_171' title='bbox 2236 1231 2398 1286; x_wconf 89' lang='lat' dir='ltr'><strong>enim</strong></span> <span class='ocrx_word' id='word_1_172' title='bbox 2432 1251 2445 1290; x_wconf 87' lang='lat'>:</span> <span class='ocrx_word' id='word_1_173' title='bbox 2475 1232 2870 1305; x_wconf 84' lang='lat' dir='ltr'><strong>Nequaquam</strong></span> <span class='ocrx_word' id='word_1_174' title='bbox 2915 1236 3161 1307; x_wconf 86' lang='lat' dir='ltr'><strong>perires.</strong></span> <span class='ocrx_word' id='word_1_175' title='bbox 3219 1236 3664 1291; x_wconf 90' lang='lat' dir='ltr'><strong>Consueverunt</strong></span> 
     </span>
    </p>
   </div>
   <div class='ocr_carea' id='block_1_30' title="bbox 2002 1319 3664 1393">
    <p class='ocr_par' dir='ltr' id='par_1_30' title="bbox 2002 1319 3664 1393">
     <span class='ocr_line' id='line_1_30' title="bbox 2002 1319 3664 1393; baseline 0.002 -18"><span class='ocrx_word' id='word_1_176' title='bbox 2002 1319 2156 1375; x_wconf 90' lang='lat' dir='ltr'><strong>enim</strong></span> <span class='ocrx_word' id='word_1_177' title='bbox 2178 1320 2387 1376; x_wconf 88' lang='lat' dir='ltr'><strong>ﬂentes</strong></span> <span class='ocrx_word' id='word_1_178' title='bbox 2408 1322 2587 1377; x_wconf 89' lang='lat' dir='ltr'><strong>verba</strong></span> <span class='ocrx_word' id='word_1_179' title='bbox 2611 1338 2731 1393; x_wconf 77' lang='lat' dir='ltr'><strong>prae</strong></span> <span class='ocrx_word' id='word_1_180' title='bbox 2750 1321 2999 1378; x_wconf 85' lang='lat' dir='ltr'><strong>affectus</strong></span> <span class='ocrx_word' id='word_1_181' title='bbox 3016 1323 3394 1379; x_wconf 83' lang='lat' dir='ltr'><strong>vehementia</strong></span> <span class='ocrx_word' id='word_1_182' title='bbox 3420 1322 3664 1379; x_wconf 89' lang='lat' dir='ltr'><strong>abrum-</strong></span> 
     </span>
    </p>
   </div>
   <div class='ocr_carea' id='block_1_31' title="bbox 2001 1410 3661 1481">
    <p class='ocr_par' dir='ltr' id='par_1_31' title="bbox 2001 1410 3661 1481">
     <span class='ocr_line' id='line_1_31' title="bbox 2001 1410 3661 1481; baseline 0.002 -18"><span class='ocrx_word' id='word_1_183' title='bbox 2001 1424 2160 1481; x_wconf 91' lang='lat' dir='ltr'><strong>pere.</strong></span> <span class='ocrx_word' id='word_1_184' title='bbox 2221 1410 2389 1474; x_wconf 89' lang='lat' dir='ltr'>Quod</span> <span class='ocrx_word' id='word_1_185' title='bbox 2447 1415 2646 1465; x_wconf 88' lang='lat' dir='ltr'><strong>autem</strong></span> <span class='ocrx_word' id='word_1_186' title='bbox 2702 1410 2801 1480; x_wconf 88' lang='lat' dir='ltr'><strong>ait,</strong></span> <span class='ocrx_word' id='word_1_187' title='bbox 2867 1411 3244 1468; x_wconf 83' lang='lat' dir='ltr'><strong>tantumdem</strong></span> <span class='ocrx_word' id='word_1_188' title='bbox 3310 1417 3415 1476; x_wconf 89' lang='lat' dir='ltr'><strong>est,</strong></span> <span class='ocrx_word' id='word_1_189' title='bbox 3484 1428 3554 1467; x_wconf 89' lang='lat' dir='ltr'><strong>ac</strong></span> <span class='ocrx_word' id='word_1_190' title='bbox 3610 1412 3661 1467; x_wconf 88' lang='lat' dir='ltr'><strong>si</strong></span> 
     </span>
    </p>
   </div>
   <div class='ocr_carea' id='block_1_32' title="bbox 2001 1498 3661 1567">
    <p class='ocr_par' dir='ltr' id='par_1_32' title="bbox 2001 1498 3661 1567">
     <span class='ocr_line' id='line_1_32' title="bbox 2001 1498 3661 1567; baseline 0.002 -16"><span class='ocrx_word' id='word_1_191' title='bbox 2001 1498 2223 1554; x_wconf 88' lang='lat' dir='ltr'><strong>diceret</strong></span> <span class='ocrx_word' id='word_1_192' title='bbox 2254 1514 2265 1551; x_wconf 94' lang='lat'>:</span> <span class='ocrx_word' id='word_1_193' title='bbox 2295 1498 2351 1553; x_wconf 91' lang='lat' dir='ltr'><strong>Si</strong></span> <span class='ocrx_word' id='word_1_194' title='bbox 2381 1513 2769 1567; x_wconf 82' lang='lat' dir='ltr'><strong>cognosceres</strong></span> <span class='ocrx_word' id='word_1_195' title='bbox 2802 1502 2860 1555; x_wconf 89' lang='lat' dir='ltr'><strong>et</strong></span> <span class='ocrx_word' id='word_1_196' title='bbox 2904 1503 2966 1556; x_wconf 91' lang='lat' dir='ltr'><strong>tu</strong></span> <span class='ocrx_word' id='word_1_197' title='bbox 2998 1500 3059 1555; x_wconf 90' lang='lat' dir='ltr'><strong>in</strong></span> <span class='ocrx_word' id='word_1_198' title='bbox 3086 1500 3177 1556; x_wconf 91' lang='lat' dir='ltr'><strong>die</strong></span> <span class='ocrx_word' id='word_1_199' title='bbox 3207 1500 3341 1566; x_wconf 90' lang='lat' dir='ltr'><strong>hoc,</strong></span> <span class='ocrx_word' id='word_1_200' title='bbox 3376 1500 3434 1555; x_wconf 91' lang='lat' dir='ltr'><strong>id</strong></span> <span class='ocrx_word' id='word_1_201' title='bbox 3467 1504 3575 1565; x_wconf 88' lang='lat' dir='ltr'><strong>est,</strong></span> <span class='ocrx_word' id='word_1_202' title='bbox 3605 1501 3661 1555; x_wconf 92' lang='lat' dir='ltr'><strong>in</strong></span> 
     </span>
    </p>
   </div>
   <div class='ocr_carea' id='block_1_33' title="bbox 2001 1586 3661 1659">
    <p class='ocr_par' dir='ltr' id='par_1_33' title="bbox 2001 1586 3661 1659">
     <span class='ocr_line' id='line_1_33' title="bbox 2001 1586 3661 1659; baseline 0.002 -18"><span class='ocrx_word' id='word_1_203' title='bbox 2001 1586 2117 1642; x_wconf 92' lang='lat' dir='ltr'><strong>hoc</strong></span> <span class='ocrx_word' id='word_1_204' title='bbox 2164 1592 2450 1658; x_wconf 86' lang='lat' dir='ltr'><strong>tempore,</strong></span> <span class='ocrx_word' id='word_1_205' title='bbox 2484 1603 2606 1659; x_wconf 91' lang='lat' dir='ltr'><strong>quo</strong></span> <span class='ocrx_word' id='word_1_206' title='bbox 2637 1604 2746 1657; x_wconf 85' lang='lat' dir='ltr'><strong>ego</strong></span> <span class='ocrx_word' id='word_1_207' title='bbox 2776 1588 2871 1643; x_wconf 91' lang='lat' dir='ltr'><strong>bic</strong></span> <span class='ocrx_word' id='word_1_208' title='bbox 2898 1604 3221 1645; x_wconf 87' lang='lat' dir='ltr'><strong>conversor</strong></span> <span class='ocrx_word' id='word_1_209' title='bbox 3252 1604 3265 1654; x_wconf 91' lang='lat'><strong>;</strong></span> <span class='ocrx_word' id='word_1_210' title='bbox 3302 1594 3467 1644; x_wconf 88' lang='lat' dir='ltr'><strong>tuum</strong></span> <span class='ocrx_word' id='word_1_211' title='bbox 3500 1590 3661 1645; x_wconf 89' lang='lat' dir='ltr'><strong>enim</strong></span> 
     </span>
    </p>
   </div>
   <div class='ocr_carea' id='block_1_34' title="bbox 2003 1676 3661 1747">
    <p class='ocr_par' dir='ltr' id='par_1_34' title="bbox 2003 1676 3661 1747">
     <span class='ocr_line' id='line_1_34' title="bbox 2003 1676 3661 1747; baseline 0.001 -15"><span class='ocrx_word' id='word_1_212' title='bbox 2003 1681 2110 1740; x_wconf 89' lang='lat' dir='ltr'><strong>est,</strong></span> <span class='ocrx_word' id='word_1_213' title='bbox 2170 1676 2308 1746; x_wconf 86' lang='lat' dir='ltr'><strong>quia</strong></span> <span class='ocrx_word' id='word_1_214' title='bbox 2369 1682 2604 1747; x_wconf 84' lang='lat' dir='ltr'><strong>propter</strong></span> <span class='ocrx_word' id='word_1_215' title='bbox 2656 1682 2707 1732; x_wconf 89' lang='lat' dir='ltr'><strong>te</strong></span> <span class='ocrx_word' id='word_1_216' title='bbox 2786 1677 3165 1747; x_wconf 89' lang='lat' dir='ltr'><strong>potissimum</strong></span> <span class='ocrx_word' id='word_1_217' title='bbox 3222 1677 3661 1733; x_wconf 87' lang='lat' dir='ltr'><strong>hnmanitatem</strong></span> 
     </span>
    </p>
   </div>
   <div class='ocr_carea' id='block_1_35' title="bbox 266 1758 1887 1838">
    <p class='ocr_par' dir='ltr' id='par_1_35' title="bbox 266 1758 1887 1835">
     <span class='ocr_line' id='line_1_35' title="bbox 266 1758 1887 1835; baseline 0 -22"><span class='ocrx_word' id='word_1_218' title='bbox 266 1758 535 1833; x_wconf 76' lang='grc' dir='ltr'>δήμησα·</span> <span class='ocrx_word' id='word_1_219' title='bbox 580 1760 623 1813; x_wconf 76' lang='grc' dir='ltr'>εἰ</span> <span class='ocrx_word' id='word_1_220' title='bbox 648 1763 803 1832; x_wconf 81' lang='grc' dir='ltr'>ἔγνως</span> <span class='ocrx_word' id='word_1_221' title='bbox 832 1765 896 1813; x_wconf 80' lang='grc' dir='ltr'>τὰ</span> <span class='ocrx_word' id='word_1_222' title='bbox 921 1765 1046 1834; x_wconf 86' lang='grc' dir='ltr'>πρὸς</span> <span class='ocrx_word' id='word_1_223' title='bbox 1072 1761 1278 1835; x_wconf 78' lang='grc' dir='ltr'><strong>εἰρήνην</strong></span> <span class='ocrx_word' id='word_1_224' title='bbox 1318 1782 1431 1828; x_wconf 81' lang='grc' dir='ltr'><strong>σου⁹</strong></span> <span class='ocrx_word' id='word_1_225' title='bbox 1474 1765 1540 1815; x_wconf 81' lang='grc' dir='ltr'>τὰ</span> <span class='ocrx_word' id='word_1_226' title='bbox 1569 1762 1887 1835; x_wconf 80' lang='grc' dir='ltr'>εἰρηνεύοντά</span> 
     </span>
    </p>
   </div>
   <div class='ocr_carea' id='block_1_36' title="bbox 2021 1758 3663 1838">
    <p class='ocr_par' dir='ltr' id='par_1_36' title="bbox 2021 1764 3663 1838">
     <span class='ocr_line' id='line_1_36' title="bbox 2021 1764 3663 1838; baseline 0.002 -20"><span class='ocrx_word' id='word_1_227' title='bbox 2021 1765 2323 1836; x_wconf 75' lang='lat' dir='ltr'><strong>issumpsi,</strong></span> <span class='ocrx_word' id='word_1_228' title='bbox 2359 1770 2413 1819; x_wconf 90' lang='lat' dir='ltr'><strong>et</strong></span> <span class='ocrx_word' id='word_1_229' title='bbox 2443 1766 2793 1836; x_wconf 89' lang='lat' dir='ltr'><strong>peregrinus</strong></span> <span class='ocrx_word' id='word_1_230' title='bbox 2827 1764 3070 1821; x_wconf 81' lang='lat' dir='ltr'><strong>effectus</strong></span> <span class='ocrx_word' id='word_1_231' title='bbox 3119 1782 3274 1821; x_wconf 90' lang='lat' dir='ltr'><strong>sum.</strong></span> <span class='ocrx_word' id='word_1_232' title='bbox 3334 1766 3391 1821; x_wconf 90' lang='lat' dir='ltr'><strong>Si</strong></span> <span class='ocrx_word' id='word_1_233' title='bbox 3436 1782 3663 1838; x_wconf 86' lang='lat' dir='ltr'><strong>cogno-</strong></span> 
     </span>
    </p>
   </div>
   <div class='ocr_carea' id='block_1_37' title="bbox 265 1848 1892 1922">
    <p class='ocr_par' dir='ltr' id='par_1_37' title="bbox 265 1848 1892 1922">
     <span class='ocr_line' id='line_1_37' title="bbox 265 1848 1892 1922; baseline 0 -20"><span class='ocrx_word' id='word_1_234' title='bbox 265 1869 328 1902; x_wconf 76' lang='grc' dir='ltr'><strong>σε</strong></span> <span class='ocrx_word' id='word_1_235' title='bbox 365 1854 510 1922; x_wconf 84' lang='grc' dir='ltr'>πρὸς</span> <span class='ocrx_word' id='word_1_236' title='bbox 552 1853 700 1916; x_wconf 75' lang='grc' dir='ltr'>Θεὸν,</span> <span class='ocrx_word' id='word_1_237' title='bbox 750 1849 900 1901; x_wconf 78' lang='grc' dir='ltr'>ἅτινά</span> <span class='ocrx_word' id='word_1_238' title='bbox 944 1850 1072 1901; x_wconf 86' lang='grc' dir='ltr'>εἰσιν</span> <span class='ocrx_word' id='word_1_239' title='bbox 1104 1852 1133 1907; x_wconf 78' lang='grc' dir='ltr'>ἡ</span> <span class='ocrx_word' id='word_1_240' title='bbox 1172 1850 1237 1911; x_wconf 89' lang='grc' dir='ltr'><strong>εἰς</strong></span> <span class='ocrx_word' id='word_1_241' title='bbox 1294 1848 1379 1922; x_wconf 71' lang='grc' dir='ltr'><strong>ἐμὲ</strong></span> <span class='ocrx_word' id='word_1_242' title='bbox 1431 1854 1515 1903; x_wconf 87' lang='grc' dir='ltr'>τὸν</span> <span class='ocrx_word' id='word_1_243' title='bbox 1565 1854 1683 1903; x_wconf 60' lang='lat' dir='ltr'><strong>ria»</strong></span> <span class='ocrx_word' id='word_1_244' title='bbox 1733 1851 1892 1903; x_wconf 71' lang='grc' dir='ltr'>αὐτοῦ</span> 
     </span>
    </p>
   </div>
   <div class='ocr_carea' id='block_1_38' title="bbox 262 1936 1893 2014">
    <p class='ocr_par' dir='ltr' id='par_1_38' title="bbox 262 1936 1893 2014">
     <span class='ocr_line' id='line_1_38' title="bbox 262 1936 1893 2014; baseline -0.001 -22"><span class='ocrx_word' id='word_1_245' title='bbox 262 1946 489 2003; x_wconf 78' lang='grc' dir='ltr'><strong>πίστις,</strong></span> <span class='ocrx_word' id='word_1_246' title='bbox 515 1944 604 1990; x_wconf 83' lang='grc' dir='ltr'><strong>καὶ</strong></span> <span class='ocrx_word' id='word_1_247' title='bbox 627 1941 657 1997; x_wconf 79' lang='grc' dir='ltr'><strong>ἠ</strong></span> <span class='ocrx_word' id='word_1_248' title='bbox 692 1936 981 2014; x_wconf 78' lang='grc' dir='ltr'>παραδοχὴ</span> <span class='ocrx_word' id='word_1_249' title='bbox 1017 1947 1108 1991; x_wconf 81' lang='grc' dir='ltr'>τοῦ</span> <span class='ocrx_word' id='word_1_250' title='bbox 1142 1938 1266 2011; x_wconf 82' lang='grc' dir='ltr'>ἐμοῦ</span> <span class='ocrx_word' id='word_1_251' title='bbox 1309 1943 1667 2012; x_wconf 80' lang='grc' dir='ltr'>κηρύγματος,</span> <span class='ocrx_word' id='word_1_252' title='bbox 1703 1940 1795 1992; x_wconf 69' lang='grc' dir='ltr'>οὐκ</span> <span class='ocrx_word' id='word_1_253' title='bbox 1834 1939 1893 1991; x_wconf 81' lang='grc' dir='ltr'>ἂν</span> 
     </span>
    </p>
   </div>
   <div class='ocr_carea' id='block_1_39' title="bbox 264 2024 1896 2103">
    <p class='ocr_par' dir='ltr' id='par_1_39' title="bbox 264 2024 1896 2103">
     <span class='ocr_line' id='line_1_39' title="bbox 264 2024 1896 2103; baseline 0 -22"><span class='ocrx_word' id='word_1_254' title='bbox 264 2027 519 2081; x_wconf 79' lang='grc' dir='ltr'>ἀπώλου.</span> <span class='ocrx_word' id='word_1_255' title='bbox 580 2027 649 2080; x_wconf 89' lang='grc' dir='ltr'>Τὸ</span> <span class='ocrx_word' id='word_1_256' title='bbox 706 2024 765 2080; x_wconf 73' lang='grc' dir='ltr'><strong>δὲ</strong></span> <span class='ocrx_word' id='word_1_257' title='bbox 814 2033 966 2099; x_wconf 84' lang='grc' dir='ltr'>καίγε</span> <span class='ocrx_word' id='word_1_258' title='bbox 1007 2032 1244 2103; x_wconf 86' lang='grc' dir='ltr'>περιττὸν</span> <span class='ocrx_word' id='word_1_259' title='bbox 1310 2036 1491 2101; x_wconf 80' lang='grc' dir='ltr'>κεῖται,</span> <span class='ocrx_word' id='word_1_260' title='bbox 1543 2026 1739 2102; x_wconf 77' lang='grc' dir='ltr'><strong>ἰδίωμα</strong></span> <span class='ocrx_word' id='word_1_261' title='bbox 1800 2037 1896 2089; x_wconf 86' lang='grc' dir='ltr'>τῆς</span> 
     </span>
    </p>
   </div>
   <div class='ocr_carea' id='block_1_40' title="bbox 282 2117 1012 2191">
    <p class='ocr_par' dir='ltr' id='par_1_40' title="bbox 282 2117 1012 2191">
     <span class='ocr_line' id='line_1_40' title="bbox 282 2117 1012 2191; baseline 0 -21"><span class='ocrx_word' id='word_1_262' title='bbox 282 2117 566 2191; x_wconf 70' lang='grc' dir='ltr'>Εϐραῑκῆς</span> <span class='ocrx_word' id='word_1_263' title='bbox 596 2121 648 2168; x_wconf 82' lang='grc' dir='ltr'>ὅν</span> <span class='ocrx_word' id='word_1_264' title='bbox 683 2126 958 2191; x_wconf 77' lang='grc' dir='ltr'>συγγραφῆ</span> <span class='ocrx_word' id='word_1_265' title='bbox 973 2138 1012 2178; x_wconf 90' lang='grc' dir='ltr'><strong>ς.</strong></span> 
     </span>
    </p>
   </div>
   <div class='ocr_carea' id='block_1_41' title="bbox 350 2381 1894 2457">
    <p class='ocr_par' dir='ltr' id='par_1_41' title="bbox 350 2381 1894 2457">
     <span class='ocr_line' id='line_1_41' title="bbox 350 2381 1894 2457; baseline 0.001 -21"><span class='ocrx_word' id='word_1_266' title='bbox 350 2390 469 2436; x_wconf 77' lang='grc' dir='ltr'><strong>Νῦν</strong></span> <span class='ocrx_word' id='word_1_267' title='bbox 497 2414 562 2423; x_wconf 94' lang='lat'><strong>—</strong></span> <span class='ocrx_word' id='word_1_268' title='bbox 593 2401 706 2437; x_wconf 89' lang='grc' dir='ltr'>σου.</span> <span class='ocrx_word' id='word_1_269' title='bbox 746 2381 970 2457; x_wconf 77' lang='grc' dir='ltr'>Ἐκρύϐη</span> <span class='ocrx_word' id='word_1_270' title='bbox 1000 2390 1166 2436; x_wconf 80' lang='grc' dir='ltr'>ταῦτα</span> <span class='ocrx_word' id='word_1_271' title='bbox 1204 2381 1304 2436; x_wconf 82' lang='grc' dir='ltr'>ἀπὸ</span> <span class='ocrx_word' id='word_1_272' title='bbox 1335 2392 1435 2436; x_wconf 86' lang='grc' dir='ltr'><strong>τῶν</strong></span> <span class='ocrx_word' id='word_1_273' title='bbox 1484 2383 1755 2457; x_wconf 74' lang='grc' dir='ltr'><strong>ὀφθαλμῶν</strong></span> <span class='ocrx_word' id='word_1_274' title='bbox 1804 2392 1894 2445; x_wconf 83' lang='grc' dir='ltr'>τῆς</span> 
     </span>
    </p>
   </div>
   <div class='ocr_carea' id='block_1_42' title="bbox 269 2473 1244 2547">
    <p class='ocr_par' dir='ltr' id='par_1_42' title="bbox 269 2473 1244 2547">
     <span class='ocr_line' id='line_1_42' title="bbox 269 2473 1244 2547; baseline 0.001 -22"><span class='ocrx_word' id='word_1_275' title='bbox 269 2473 471 2545; x_wconf 80' lang='grc' dir='ltr'>ψυχῆς</span> <span class='ocrx_word' id='word_1_276' title='bbox 504 2491 617 2543; x_wconf 73' lang='grc' dir='ltr'>σου,</span> <span class='ocrx_word' id='word_1_277' title='bbox 644 2476 801 2543; x_wconf 80' lang='grc' dir='ltr'>ἤγουν</span> <span class='ocrx_word' id='word_1_278' title='bbox 832 2474 1244 2547; x_wconf 86' lang='grc' dir='ltr'>παρωράθησαν.</span> 
     </span>
    </p>
   </div>
   <div class='ocr_carea' id='block_1_43' title="bbox 348 2560 1891 2635">
    <p class='ocr_par' dir='ltr' id='par_1_43' title="bbox 348 2560 1891 2635">
     <span class='ocr_line' id='line_1_43' title="bbox 348 2560 1891 2635; baseline 0 -22"><span class='ocrx_word' id='word_1_279' title='bbox 348 2562 480 2613; x_wconf 83' lang='grc' dir='ltr'>Ὀτι</span> <span class='ocrx_word' id='word_1_280' title='bbox 513 2593 579 2601; x_wconf 89' lang='grc'><strong>-</strong></span> <span class='ocrx_word' id='word_1_281' title='bbox 630 2580 732 2615; x_wconf 91' lang='grc' dir='ltr'>σοι.</span> <span class='ocrx_word' id='word_1_282' title='bbox 787 2568 985 2625; x_wconf 82' lang='grc' dir='ltr'>Ταῦτα,</span> <span class='ocrx_word' id='word_1_283' title='bbox 1043 2565 1110 2623; x_wconf 86' lang='grc' dir='ltr'>ὡς</span> <span class='ocrx_word' id='word_1_284' title='bbox 1178 2560 1277 2613; x_wconf 80' lang='grc' dir='ltr'><strong>ἀπὸ</strong></span> <span class='ocrx_word' id='word_1_285' title='bbox 1330 2560 1502 2635; x_wconf 77' lang='grc' dir='ltr'>ἀρχῆς</span> <span class='ocrx_word' id='word_1_286' title='bbox 1548 2560 1708 2627; x_wconf 70' lang='grc' dir='ltr'>ἰδίας,</span> <span class='ocrx_word' id='word_1_287' title='bbox 1767 2560 1891 2613; x_wconf 79' lang='grc' dir='ltr'>ἀνα-</span> 
     </span>
    </p>
   </div>
   <div class='ocr_carea' id='block_1_44' title="bbox 268 2649 1890 2723">
    <p class='ocr_par' dir='ltr' id='par_1_44' title="bbox 268 2649 1890 2723">
     <span class='ocr_line' id='line_1_44' title="bbox 268 2649 1890 2723; baseline 0 -22"><span class='ocrx_word' id='word_1_288' title='bbox 268 2654 557 2722; x_wconf 77' lang='grc' dir='ltr'>γνωστέον.</span> <span class='ocrx_word' id='word_1_289' title='bbox 615 2655 684 2703; x_wconf 87' lang='grc' dir='ltr'><strong>Τὸ</strong></span> <span class='ocrx_word' id='word_1_290' title='bbox 719 2653 819 2723; x_wconf 81' lang='grc' dir='ltr'><strong>γὰρ</strong></span> <span class='ocrx_word' id='word_1_291' title='bbox 861 2652 940 2701; x_wconf 85' lang='grc' dir='ltr'>ὅτι</span> <span class='ocrx_word' id='word_1_292' title='bbox 980 2656 1301 2721; x_wconf 76' lang='grc' dir='ltr'><strong>προφητικὸν</strong></span> <span class='ocrx_word' id='word_1_293' title='bbox 1346 2649 1482 2702; x_wconf 78' lang='grc' dir='ltr'>ἐστιν</span> <span class='ocrx_word' id='word_1_294' title='bbox 1533 2650 1752 2702; x_wconf 73' lang='grc' dir='ltr'>ἕνταῦθα</span> <span class='ocrx_word' id='word_1_295' title='bbox 1801 2654 1890 2701; x_wconf 84' lang='grc' dir='ltr'>καὶ</span> 
     </span>
    </p>
   </div>
   <div class='ocr_carea' id='block_1_45' title="bbox 272 2736 1889 2817">
    <p class='ocr_par' dir='ltr' id='par_1_45' title="bbox 272 2736 1889 2817">
     <span class='ocr_line' id='line_1_45' title="bbox 272 2736 1889 2817; baseline 0.007 -31"><span class='ocrx_word' id='word_1_296' title='bbox 272 2736 699 2811; x_wconf 74' lang='grc' dir='ltr'>διηγηματικόν.</span> <span class='ocrx_word' id='word_1_297' title='bbox 732 2738 949 2810; x_wconf 77' lang='grc' dir='ltr'>Ἡμέρας</span> <span class='ocrx_word' id='word_1_298' title='bbox 993 2742 1082 2810; x_wconf 80' lang='grc' dir='ltr'>μὲν</span> <span class='ocrx_word' id='word_1_299' title='bbox 1111 2736 1196 2789; x_wconf 78' lang='grc' dir='ltr'>οὖν</span> <span class='ocrx_word' id='word_1_300' title='bbox 1228 2739 1383 2809; x_wconf 81' lang='grc' dir='ltr'>λέγει,</span> <span class='ocrx_word' id='word_1_301' title='bbox 1417 2743 1510 2801; x_wconf 84' lang='grc' dir='ltr'><strong>τὰς</strong></span> <span class='ocrx_word' id='word_1_302' title='bbox 1540 2748 1631 2801; x_wconf 87' lang='grc' dir='ltr'>τῆς</span> <span class='ocrx_word' id='word_1_303' title='bbox 1680 2743 1889 2817; x_wconf 87' lang='grc' dir='ltr'>πολιορ-</span> 
     </span>
    </p>
   </div>
   <div class='ocr_carea' id='block_1_46' title="bbox 266 2824 1887 2903">
    <p class='ocr_par' dir='ltr' id='par_1_46' title="bbox 266 2824 1887 2903">
     <span class='ocr_line' id='line_1_46' title="bbox 266 2824 1887 2903; baseline 0.003 -24"><span class='ocrx_word' id='word_1_304' title='bbox 266 2833 420 2888; x_wconf 87' lang='grc' dir='ltr'>κίας·</span> <span class='ocrx_word' id='word_1_305' title='bbox 456 2826 679 2902; x_wconf 75' lang='grc' dir='ltr'>ἐχθροὺς</span> <span class='ocrx_word' id='word_1_306' title='bbox 702 2824 759 2879; x_wconf 75' lang='grc' dir='ltr'>δε</span> <span class='ocrx_word' id='word_1_307' title='bbox 785 2827 945 2887; x_wconf 72' lang='grc' dir='ltr'>αὐτῆς</span> <span class='ocrx_word' id='word_1_308' title='bbox 962 2831 1077 2886; x_wconf 83' lang='grc' dir='ltr'>τοὺς</span> <span class='ocrx_word' id='word_1_309' title='bbox 1096 2826 1395 2899; x_wconf 81' lang='grc' dir='ltr'>Ῥωμαίους,</span> <span class='ocrx_word' id='word_1_310' title='bbox 1420 2828 1635 2903; x_wconf 80' lang='grc' dir='ltr'>ὕστερον</span> <span class='ocrx_word' id='word_1_311' title='bbox 1654 2831 1887 2901; x_wconf 82' lang='grc' dir='ltr'>χαλεπή-</span> 
     </span>
    </p>
   </div>
   <div class='ocr_carea' id='block_1_47' title="bbox 265 2933 483 2975">
    <p class='ocr_par' dir='ltr' id='par_1_47' title="bbox 265 2933 483 2975">
     <span class='ocr_line' id='line_1_47' title="bbox 265 2933 483 2975; baseline 0.009 -9"><span class='ocrx_word' id='word_1_312' title='bbox 265 2933 483 2975; x_wconf 84' lang='grc' dir='ltr'>ναντας.</span> 
     </span>
    </p>
   </div>
   <div class='ocr_carea' id='block_1_48' title="bbox 346 3005 1881 3081">
    <p class='ocr_par' dir='ltr' id='par_1_48' title="bbox 346 3005 1881 3081">
     <span class='ocr_line' id='line_1_48' title="bbox 346 3005 1881 3081; baseline 0.007 -28"><span class='ocrx_word' id='word_1_313' title='bbox 346 3007 453 3054; x_wconf 82' lang='grc' dir='ltr'><strong>Καὶ</strong></span> <span class='ocrx_word' id='word_1_314' title='bbox 486 3032 556 3044; x_wconf 92' lang='grc'><strong><em>--</em></strong></span> <span class='ocrx_word' id='word_1_315' title='bbox 596 3007 706 3060; x_wconf 89' lang='grc' dir='ltr'>σοί.</span> <span class='ocrx_word' id='word_1_316' title='bbox 758 3008 858 3055; x_wconf 84' lang='grc' dir='ltr'><strong>Καὶ</strong></span> <span class='ocrx_word' id='word_1_317' title='bbox 887 3005 953 3055; x_wconf 83' lang='grc' dir='ltr'>τὰ</span> <span class='ocrx_word' id='word_1_318' title='bbox 1000 3007 1151 3057; x_wconf 80' lang='grc' dir='ltr'>τέκνα</span> <span class='ocrx_word' id='word_1_319' title='bbox 1204 3024 1298 3057; x_wconf 87' lang='grc' dir='ltr'><strong>σου</strong></span> <span class='ocrx_word' id='word_1_320' title='bbox 1352 3005 1403 3057; x_wconf 87' lang='grc' dir='ltr'>ἐν</span> <span class='ocrx_word' id='word_1_321' title='bbox 1458 3011 1561 3073; x_wconf 85' lang='grc' dir='ltr'>σοὶ,</span> <span class='ocrx_word' id='word_1_322' title='bbox 1603 3005 1881 3081; x_wconf 74' lang='grc' dir='ltr'>ἕδαφιοῡσι</span> 
     </span>
    </p>
   </div>
   <div class='ocr_carea' id='block_1_49' title="bbox 267 3088 542 3148">
    <p class='ocr_par' dir='ltr' id='par_1_49' title="bbox 267 3088 542 3148">
     <span class='ocr_line' id='line_1_49' title="bbox 267 3088 542 3148; baseline 0 -4"><span class='ocrx_word' id='word_1_323' title='bbox 267 3088 542 3148; x_wconf 75' lang='grc' dir='ltr'>δηλονότι.</span> 
     </span>
    </p>
   </div>
   <div class='ocr_carea' id='block_1_50' title="bbox 348 3180 1879 3259">
    <p class='ocr_par' dir='ltr' id='par_1_50' title="bbox 348 3180 1879 3259">
     <span class='ocr_line' id='line_1_50' title="bbox 348 3180 1879 3259; baseline 0.007 -28"><span class='ocrx_word' id='word_1_324' title='bbox 348 3184 451 3233; x_wconf 79' lang='grc' dir='ltr'><strong>Καὶ</strong></span> <span class='ocrx_word' id='word_1_325' title='bbox 507 3180 600 3233; x_wconf 68' lang='grc' dir='ltr'>οὐκ</span> <span class='ocrx_word' id='word_1_326' title='bbox 652 3211 717 3222; x_wconf 88' lang='lat'><strong>-—</strong></span> <span class='ocrx_word' id='word_1_327' title='bbox 768 3180 915 3254; x_wconf 85' lang='grc' dir='ltr'>λίθῳ.</span> <span class='ocrx_word' id='word_1_328' title='bbox 982 3184 1246 3236; x_wconf 81' lang='grc' dir='ltr'>Σύνεθεσιν</span> <span class='ocrx_word' id='word_1_329' title='bbox 1302 3183 1478 3255; x_wconf 84' lang='grc' dir='ltr'>λίθων,</span> <span class='ocrx_word' id='word_1_330' title='bbox 1528 3189 1689 3259; x_wconf 82' lang='grc' dir='ltr'>ἤγουν</span> <span class='ocrx_word' id='word_1_331' title='bbox 1741 3189 1879 3242; x_wconf 83' lang='grc' dir='ltr'>οἱκο-</span> 
     </span>
    </p>
   </div>
   <div class='ocr_carea' id='block_1_51' title="bbox 270 3267 518 3342">
    <p class='ocr_par' dir='ltr' id='par_1_51' title="bbox 270 3267 518 3342">
     <span class='ocr_line' id='line_1_51' title="bbox 270 3267 518 3342; baseline -0.008 -19"><span class='ocrx_word' id='word_1_332' title='bbox 270 3267 518 3342; x_wconf 77' lang='grc' dir='ltr'>δόμημα.</span> 
     </span>
    </p>
   </div>
   <div class='ocr_carea' id='block_1_52' title="bbox 340 3360 1879 3440">
    <p class='ocr_par' dir='ltr' id='par_1_52' title="bbox 340 3360 1879 3440">
     <span class='ocr_line' id='line_1_52' title="bbox 340 3360 1879 3440; baseline 0.006 -30"><span class='ocrx_word' id='word_1_333' title='bbox 340 3360 490 3414; x_wconf 83' lang='grc' dir='ltr'>Ἀνθ’</span> <span class='ocrx_word' id='word_1_334' title='bbox 530 3391 598 3399; x_wconf 90' lang='grc'><strong>-</strong></span> <span class='ocrx_word' id='word_1_335' title='bbox 639 3378 753 3412; x_wconf 90' lang='grc' dir='ltr'>σου.</span> <span class='ocrx_word' id='word_1_336' title='bbox 789 3364 927 3412; x_wconf 83' lang='grc' dir='ltr'>Διότι</span> <span class='ocrx_word' id='word_1_337' title='bbox 959 3360 1053 3412; x_wconf 70' lang='grc' dir='ltr'>οὐκ</span> <span class='ocrx_word' id='word_1_338' title='bbox 1085 3363 1235 3432; x_wconf 80' lang='grc' dir='ltr'>ἔγνως</span> <span class='ocrx_word' id='word_1_339' title='bbox 1260 3367 1341 3415; x_wconf 86' lang='grc' dir='ltr'>τὸν</span> <span class='ocrx_word' id='word_1_340' title='bbox 1373 3367 1551 3438; x_wconf 87' lang='grc' dir='ltr'>καιρὸν</span> <span class='ocrx_word' id='word_1_341' title='bbox 1578 3374 1673 3428; x_wconf 79' lang='grc' dir='ltr'>τῆς</span> <span class='ocrx_word' id='word_1_342' title='bbox 1702 3364 1879 3440; x_wconf 72' lang='grc' dir='ltr'>ἐπιμε-</span> 
     </span>
    </p>
   </div>
   <div class='ocr_carea' id='block_1_53' title="bbox 267 3445 1877 3527">
    <p class='ocr_par' dir='ltr' id='par_1_53' title="bbox 267 3445 1877 3527">
     <span class='ocr_line' id='line_1_53' title="bbox 267 3445 1877 3527; baseline 0.006 -28"><span class='ocrx_word' id='word_1_343' title='bbox 267 3447 409 3507; x_wconf 85' lang='grc' dir='ltr'>λείας</span> <span class='ocrx_word' id='word_1_344' title='bbox 442 3466 555 3502; x_wconf 91' lang='grc' dir='ltr'>σου.</span> <span class='ocrx_word' id='word_1_345' title='bbox 587 3445 646 3499; x_wconf 82' lang='grc' dir='ltr'><strong>Ὀ</strong></span> <span class='ocrx_word' id='word_1_346' title='bbox 684 3450 781 3522; x_wconf 76' lang='grc' dir='ltr'><strong>γὰρ</strong></span> <span class='ocrx_word' id='word_1_347' title='bbox 823 3452 1004 3523; x_wconf 87' lang='grc' dir='ltr'>καιρὸς</span> <span class='ocrx_word' id='word_1_348' title='bbox 1034 3458 1124 3509; x_wconf 83' lang='grc' dir='ltr'>τῆς</span> <span class='ocrx_word' id='word_1_349' title='bbox 1160 3447 1441 3522; x_wconf 72' lang='grc' dir='ltr'>ἐπιδημίας</span> <span class='ocrx_word' id='word_1_350' title='bbox 1479 3472 1580 3524; x_wconf 89' lang='grc' dir='ltr'><strong>μου</strong></span> <span class='ocrx_word' id='word_1_351' title='bbox 1606 3460 1785 3527; x_wconf 88' lang='grc' dir='ltr'>καιρὸς</span> <span class='ocrx_word' id='word_1_352' title='bbox 1818 3454 1877 3515; x_wconf 77' lang='grc' dir='ltr'>ἧν</span> 
     </span>
    </p>
   </div>
   <div class='ocr_carea' id='block_1_54' title="bbox 269 3534 1234 3609">
    <p class='ocr_par' dir='ltr' id='par_1_54' title="bbox 269 3534 1234 3609">
     <span class='ocr_line' id='line_1_54' title="bbox 269 3534 1234 3609; baseline 0.003 -20"><span class='ocrx_word' id='word_1_353' title='bbox 269 3544 370 3597; x_wconf 78' lang='grc' dir='ltr'>τῆς</span> <span class='ocrx_word' id='word_1_354' title='bbox 398 3534 688 3605; x_wconf 78' lang='grc' dir='ltr'>ἐπιμελείας</span> <span class='ocrx_word' id='word_1_355' title='bbox 711 3542 800 3590; x_wconf 85' lang='grc' dir='ltr'>καὶ</span> <span class='ocrx_word' id='word_1_356' title='bbox 833 3543 1091 3609; x_wconf 84' lang='grc' dir='ltr'>σωτηρίας</span> <span class='ocrx_word' id='word_1_357' title='bbox 1122 3558 1234 3593; x_wconf 82' lang='grc' dir='ltr'>σου.</span> 
     </span>
    </p>
   </div>
   <div class='ocr_carea' id='block_1_55' title="bbox 349 3625 1877 3706">
    <p class='ocr_par' dir='ltr' id='par_1_55' title="bbox 349 3625 1877 3706">
     <span class='ocr_line' id='line_1_55' title="bbox 349 3625 1877 3706; baseline 0.007 -29"><span class='ocrx_word' id='word_1_358' title='bbox 349 3631 452 3677; x_wconf 81' lang='grc' dir='ltr'><strong>Καὶ</strong></span> <span class='ocrx_word' id='word_1_359' title='bbox 536 3625 771 3678; x_wconf 77' lang='grc' dir='ltr'>εἰσελθὼν</span> <span class='ocrx_word' id='word_1_360' title='bbox 846 3657 913 3668; x_wconf 91' lang='lat'><strong>-—</strong></span> <span class='ocrx_word' id='word_1_361' title='bbox 998 3626 1224 3700; x_wconf 66' lang='grc' dir='ltr'>λῃστῶν.</span> <span class='ocrx_word' id='word_1_362' title='bbox 1289 3628 1607 3703; x_wconf 81' lang='grc' dir='ltr'>Πλατύτιρον</span> <span class='ocrx_word' id='word_1_363' title='bbox 1682 3632 1877 3706; x_wconf 69' lang='grc' dir='ltr'>ἱγραψι</span> 
     </span>
    </p>
   </div>
   <div class='ocr_carea' id='block_1_56' title="bbox 272 3716 1878 3798">
    <p class='ocr_par' dir='ltr' id='par_1_56' title="bbox 272 3716 1878 3798">
     <span class='ocr_line' id='line_1_56' title="bbox 272 3716 1878 3798; baseline 0.007 -33"><span class='ocrx_word' id='word_1_364' title='bbox 272 3718 395 3788; x_wconf 84' lang='grc' dir='ltr'>περὶ</span> <span class='ocrx_word' id='word_1_365' title='bbox 439 3718 628 3767; x_wconf 78' lang='grc' dir='ltr'>τούτων</span> <span class='ocrx_word' id='word_1_366' title='bbox 687 3716 712 3767; x_wconf 87' lang='grc' dir='ltr'><strong><em>ὁ</em></strong></span> <span class='ocrx_word' id='word_1_367' title='bbox 760 3718 1027 3778; x_wconf 83' lang='grc' dir='ltr'>Ματθαίος</span> <span class='ocrx_word' id='word_1_368' title='bbox 1082 3716 1132 3768; x_wconf 84' lang='grc' dir='ltr'>ἐν</span> <span class='ocrx_word' id='word_1_369' title='bbox 1179 3726 1250 3788; x_wconf 82' lang='grc' dir='ltr'>τῷ</span> <span class='ocrx_word' id='word_1_370' title='bbox 1301 3718 1429 3771; x_wconf 80' lang='grc' dir='ltr'>τέλει</span> <span class='ocrx_word' id='word_1_371' title='bbox 1480 3728 1570 3772; x_wconf 80' lang='grc' dir='ltr'>τοῦ</span> <span class='ocrx_word' id='word_1_372' title='bbox 1623 3741 1878 3798; x_wconf 84' lang='grc' dir='ltr'>τεσσαρα-</span> 
     </span>
    </p>
   </div>
   <div class='ocr_carea' id='block_1_57' title="bbox 272 3805 1872 3877">
    <p class='ocr_par' dir='ltr' id='par_1_57' title="bbox 272 3805 1872 3877">
     <span class='ocr_line' id='line_1_57' title="bbox 272 3805 1872 3877; baseline 0.008 -24"><span class='ocrx_word' id='word_1_373' title='bbox 272 3811 469 3854; x_wconf 86' lang='grc' dir='ltr'>κοστοῦ</span> <span class='ocrx_word' id='word_1_374' title='bbox 526 3808 762 3876; x_wconf 78' lang='grc' dir='ltr'>πέμπτου</span> <span class='ocrx_word' id='word_1_375' title='bbox 823 3805 1124 3877; x_wconf 75' lang='grc' dir='ltr'>κεφαλαίου,</span> <span class='ocrx_word' id='word_1_376' title='bbox 1186 3812 1275 3859; x_wconf 84' lang='grc' dir='ltr'>καὶ</span> <span class='ocrx_word' id='word_1_377' title='bbox 1327 3808 1559 3869; x_wconf 76' lang='grc' dir='ltr'>ζήτησον</span> <span class='ocrx_word' id='word_1_378' title='bbox 1618 3810 1722 3864; x_wconf 70' lang='grc' dir='ltr'>ἐκεῖ</span> <span class='ocrx_word' id='word_1_379' title='bbox 1780 3818 1872 3872; x_wconf 84' lang='grc' dir='ltr'>τὴν</span> 
     </span>
    </p>
   </div>
   <div class='ocr_carea' id='block_1_58' title="bbox 267 3891 551 3963">
    <p class='ocr_par' dir='ltr' id='par_1_58' title="bbox 267 3891 551 3963">
     <span class='ocr_line' id='line_1_58' title="bbox 267 3891 551 3963; baseline 0.018 -20"><span class='ocrx_word' id='word_1_380' title='bbox 267 3891 551 3963; x_wconf 73' lang='grc' dir='ltr'>ἐξήγησιν.</span> 
     </span>
    </p>
   </div>
   <div class='ocr_carea' id='block_1_59' title="bbox 346 3977 1616 4060">
    <p class='ocr_par' dir='ltr' id='par_1_59' title="bbox 346 3977 1616 4060">
     <span class='ocr_line' id='line_1_59' title="bbox 346 3977 1616 4060; baseline 0.008 -28"><span class='ocrx_word' id='word_1_381' title='bbox 346 3986 443 4033; x_wconf 79' lang='grc' dir='ltr'><strong>Καὶ</strong></span> <span class='ocrx_word' id='word_1_382' title='bbox 474 3979 534 4039; x_wconf 74' lang='grc' dir='ltr'>ἦν</span> <span class='ocrx_word' id='word_1_383' title='bbox 576 3977 847 4033; x_wconf 75' lang='grc' dir='ltr'>διδάσκων</span> <span class='ocrx_word' id='word_1_384' title='bbox 871 4015 936 4024; x_wconf 94' lang='lat'><strong>--</strong></span> <span class='ocrx_word' id='word_1_385' title='bbox 968 3982 1184 4037; x_wconf 78' lang='grc' dir='ltr'>ἀκούων.</span> <span class='ocrx_word' id='word_1_386' title='bbox 1219 3981 1616 4060; x_wconf 79' lang='grc' dir='ltr'>Διδασκόμενος.</span> 
     </span>
    </p>
   </div>
   <div class='ocr_carea' id='block_1_60' title="bbox 268 4158 1866 4245">
    <p class='ocr_par' dir='ltr' id='par_1_60' title="bbox 268 4158 1866 4245">
     <span class='ocr_line' id='line_1_60' title="bbox 268 4158 1866 4245; baseline 0.008 -36"><span class='ocrx_word' id='word_1_387' title='bbox 268 4163 417 4211; x_wconf 77' lang='grc' dir='ltr'><strong>ΚΕΦ,</strong></span> <span class='ocrx_word' id='word_1_388' title='bbox 487 4158 612 4212; x_wconf 84' lang='grc' dir='ltr'>ΞΘ’.</span> <span class='ocrx_word' id='word_1_389' title='bbox 700 4164 823 4231; x_wconf 81' lang='grc' dir='ltr'>Περὶ</span> <span class='ocrx_word' id='word_1_390' title='bbox 892 4168 991 4211; x_wconf 87' lang='grc' dir='ltr'><strong>τῶν</strong></span> <span class='ocrx_word' id='word_1_391' title='bbox 1048 4160 1479 4235; x_wconf 74' lang='grc' dir='ltr'>ἐπερωτησάντων</span> <span class='ocrx_word' id='word_1_392' title='bbox 1538 4170 1623 4221; x_wconf 87' lang='grc' dir='ltr'>τὸν</span> <span class='ocrx_word' id='word_1_393' title='bbox 1678 4171 1866 4245; x_wconf 80' lang='grc' dir='ltr'>Κύριον</span> 
     </span>
    </p>
   </div>
   <div class='ocr_carea' id='block_1_61' title="bbox 664 4245 1466 4326">
    <p class='ocr_par' dir='ltr' id='par_1_61' title="bbox 664 4245 1466 4326">
     <span class='ocr_line' id='line_1_61' title="bbox 664 4245 1466 4326; baseline 0.017 -29"><span class='ocrx_word' id='word_1_394' title='bbox 664 4245 948 4321; x_wconf 78' lang='grc' dir='ltr'>ἀρχιερέων</span> <span class='ocrx_word' id='word_1_395' title='bbox 980 4256 1068 4303; x_wconf 80' lang='grc' dir='ltr'>καὶ</span> <span class='ocrx_word' id='word_1_396' title='bbox 1096 4259 1466 4326; x_wconf 79' lang='grc' dir='ltr'>γραμματέων.</span> 
     </span>
    </p>
   </div>
   <div class='ocr_carea' id='block_1_62' title="bbox 342 4333 1865 4417">
    <p class='ocr_par' dir='ltr' id='par_1_62' title="bbox 342 4333 1865 4417">
     <span class='ocr_line' id='line_1_62' title="bbox 342 4333 1865 4417; baseline 0.011 -34"><span class='ocrx_word' id='word_1_397' title='bbox 342 4337 445 4384; x_wconf 79' lang='grc' dir='ltr'><strong>Καὶ</strong></span> <span class='ocrx_word' id='word_1_398' title='bbox 504 4333 694 4405; x_wconf 79' lang='grc' dir='ltr'>ἐγένετο</span> <span class='ocrx_word' id='word_1_399' title='bbox 743 4367 811 4377; x_wconf 90' lang='grc'><strong>-</strong></span> <span class='ocrx_word' id='word_1_400' title='bbox 864 4342 1090 4407; x_wconf 81' lang='grc' dir='ltr'>ταύτην;</span> <span class='ocrx_word' id='word_1_401' title='bbox 1127 4345 1339 4415; x_wconf 80' lang='grc' dir='ltr'>Εἴρηται</span> <span class='ocrx_word' id='word_1_402' title='bbox 1398 4350 1513 4417; x_wconf 80' lang='grc' dir='ltr'>περὶ</span> <span class='ocrx_word' id='word_1_403' title='bbox 1566 4349 1760 4398; x_wconf 80' lang='grc' dir='ltr'>τούτων</span> <span class='ocrx_word' id='word_1_404' title='bbox 1818 4347 1865 4399; x_wconf 76' lang='grc' dir='ltr'>ἔν</span> 
     </span>
    </p>
   </div>
   <div class='ocr_carea' id='block_1_63' title="bbox 2008 1854 3659 1928">
    <p class='ocr_par' dir='ltr' id='par_1_63' title="bbox 2008 1854 3659 1928">
     <span class='ocr_line' id='line_1_63' title="bbox 2008 1854 3659 1928; baseline 0.003 -22"><span class='ocrx_word' id='word_1_405' title='bbox 2008 1869 2230 1917; x_wconf 87' lang='lat' dir='ltr'><strong>sceres,</strong></span> <span class='ocrx_word' id='word_1_406' title='bbox 2254 1854 2523 1925; x_wconf 89' lang='lat' dir='ltr'><strong>inquam,</strong></span> <span class='ocrx_word' id='word_1_407' title='bbox 2544 1869 2677 1925; x_wconf 69' lang='lat' dir='ltr'><strong>quae</strong></span> <span class='ocrx_word' id='word_1_408' title='bbox 2692 1855 2765 1909; x_wconf 91' lang='lat' dir='ltr'><strong>ad</strong></span> <span class='ocrx_word' id='word_1_409' title='bbox 2792 1870 3001 1924; x_wconf 86' lang='lat' dir='ltr'><strong>pacem</strong></span> <span class='ocrx_word' id='word_1_410' title='bbox 3017 1861 3179 1910; x_wconf 90' lang='lat' dir='ltr'><strong>tuam</strong></span> <span class='ocrx_word' id='word_1_411' title='bbox 3194 1855 3507 1927; x_wconf 87' lang='lat' dir='ltr'><strong>pertinent,</strong></span> <span class='ocrx_word' id='word_1_412' title='bbox 3521 1871 3659 1928; x_wconf 67' lang='lat' dir='ltr'><strong>quas</strong></span> 
     </span>
    </p>
   </div>
   <div class='ocr_carea' id='block_1_64' title="bbox 2005 1942 3660 2015">
    <p class='ocr_par' dir='ltr' id='par_1_64' title="bbox 2005 1942 3660 2015">
     <span class='ocr_line' id='line_1_64' title="bbox 2005 1942 3660 2015; baseline 0.002 -18"><span class='ocrx_word' id='word_1_413' title='bbox 2005 1946 2059 1997; x_wconf 91' lang='lat' dir='ltr'><strong>te</strong></span> <span class='ocrx_word' id='word_1_414' title='bbox 2081 1957 2221 2011; x_wconf 88' lang='lat' dir='ltr'><strong>erga</strong></span> <span class='ocrx_word' id='word_1_415' title='bbox 2251 1943 2432 1997; x_wconf 87' lang='lat' dir='ltr'><strong>Deum</strong></span> <span class='ocrx_word' id='word_1_416' title='bbox 2463 1942 2803 2013; x_wconf 82' lang='lat' dir='ltr'><strong>paciﬁcant,</strong></span> <span class='ocrx_word' id='word_1_417' title='bbox 2836 1960 2972 2015; x_wconf 63' lang='lat' dir='ltr'><strong>qua:</strong></span> <span class='ocrx_word' id='word_1_418' title='bbox 3002 1950 3142 1999; x_wconf 90' lang='lat' dir='ltr'><strong>sunt</strong></span> <span class='ocrx_word' id='word_1_419' title='bbox 3166 1949 3269 2000; x_wconf 90' lang='lat' dir='ltr'><strong>aut</strong></span> <span class='ocrx_word' id='word_1_420' title='bbox 3296 1944 3446 1999; x_wconf 87' lang='lat' dir='ltr'><strong>ﬁdes</strong></span> <span class='ocrx_word' id='word_1_421' title='bbox 3472 1945 3532 2000; x_wconf 94' lang='lat' dir='ltr'><strong>in</strong></span> <span class='ocrx_word' id='word_1_422' title='bbox 3565 1960 3660 2000; x_wconf 90' lang='lat' dir='ltr'><strong>me</strong></span> 
     </span>
    </p>
   </div>
   <div class='ocr_carea' id='block_1_65' title="bbox 2004 2029 3658 2104">
    <p class='ocr_par' dir='ltr' id='par_1_65' title="bbox 2004 2029 3658 2104">
     <span class='ocr_line' id='line_1_65' title="bbox 2004 2029 3658 2104; baseline 0.003 -20"><span class='ocrx_word' id='word_1_423' title='bbox 2004 2029 2212 2085; x_wconf 90' lang='lat' dir='ltr'><strong>Filium</strong></span> <span class='ocrx_word' id='word_1_424' title='bbox 2267 2031 2420 2101; x_wconf 90' lang='lat' dir='ltr'><strong>ejus,</strong></span> <span class='ocrx_word' id='word_1_425' title='bbox 2469 2036 2571 2085; x_wconf 90' lang='lat' dir='ltr'><strong>aut</strong></span> <span class='ocrx_word' id='word_1_426' title='bbox 2618 2047 2765 2087; x_wconf 72' lang='lat' dir='ltr'><strong>mea:</strong></span> <span class='ocrx_word' id='word_1_427' title='bbox 2832 2032 3277 2103; x_wconf 70' lang='lat' dir='ltr'><strong>praedicationis</strong></span> <span class='ocrx_word' id='word_1_428' title='bbox 3335 2032 3658 2104; x_wconf 87' lang='lat' dir='ltr'><strong>susceptio,</strong></span> 
     </span>
    </p>
   </div>
   <div class='ocr_carea' id='block_1_66' title="bbox 2004 2118 3660 2193">
    <p class='ocr_par' dir='ltr' id='par_1_66' title="bbox 2004 2118 3660 2193">
     <span class='ocr_line' id='line_1_66' title="bbox 2004 2118 3660 2193; baseline 0.003 -20"><span class='ocrx_word' id='word_1_429' title='bbox 2004 2134 2391 2191; x_wconf 86' lang='lat' dir='ltr'><strong>nequaquam</strong></span> <span class='ocrx_word' id='word_1_430' title='bbox 2425 2118 2666 2191; x_wconf 89' lang='lat' dir='ltr'><strong>perires.</strong></span> <span class='ocrx_word' id='word_1_431' title='bbox 2701 2120 2872 2185; x_wconf 87' lang='lat' dir='ltr'><strong>Quod</strong></span> <span class='ocrx_word' id='word_1_432' title='bbox 2916 2125 3118 2177; x_wconf 89' lang='lat' dir='ltr'><strong>autem</strong></span> <span class='ocrx_word' id='word_1_433' title='bbox 3152 2120 3559 2193; x_wconf 89' lang='lat' dir='ltr'><strong>interponitur,</strong></span> <span class='ocrx_word' id='word_1_434' title='bbox 3606 2128 3660 2178; x_wconf 82' lang='lat' dir='ltr'><strong>et</strong></span> 
     </span>
    </p>
   </div>
   <div class='ocr_carea' id='block_1_67' title="bbox 2004 2207 3661 2282">
    <p class='ocr_par' dir='ltr' id='par_1_67' title="bbox 2004 2207 3661 2282">
     <span class='ocr_line' id='line_1_67' title="bbox 2004 2207 3661 2282; baseline 0.002 -20"><span class='ocrx_word' id='word_1_435' title='bbox 2004 2209 2259 2279; x_wconf 82' lang='lat' dir='ltr'><strong>quidem,</strong></span> <span class='ocrx_word' id='word_1_436' title='bbox 2290 2207 2659 2279; x_wconf 78' lang='lat' dir='ltr'><strong>superﬂuum</strong></span> <span class='ocrx_word' id='word_1_437' title='bbox 2712 2213 2817 2274; x_wconf 87' lang='lat' dir='ltr'><strong>est,</strong></span> <span class='ocrx_word' id='word_1_438' title='bbox 2851 2214 3144 2281; x_wconf 89' lang='lat' dir='ltr'><strong>tanquam</strong></span> <span class='ocrx_word' id='word_1_439' title='bbox 3186 2210 3523 2282; x_wconf 85' lang='lat' dir='ltr'><strong>proprietas</strong></span> <span class='ocrx_word' id='word_1_440' title='bbox 3552 2210 3661 2266; x_wconf 87' lang='lat' dir='ltr'><strong>He-</strong></span> 
     </span>
    </p>
   </div>
   <div class='ocr_carea' id='block_1_68' title="bbox 2001 2297 2726 2368">
    <p class='ocr_par' dir='ltr' id='par_1_68' title="bbox 2001 2297 2726 2368">
     <span class='ocr_line' id='line_1_68' title="bbox 2001 2297 2726 2368; baseline 0 -17"><span class='ocrx_word' id='word_1_441' title='bbox 2001 2297 2221 2353; x_wconf 74' lang='lat' dir='ltr'><strong>braicaa</strong></span> <span class='ocrx_word' id='word_1_442' title='bbox 2252 2298 2726 2368; x_wconf 90' lang='lat' dir='ltr'><strong>compositionis.</strong></span> 
     </span>
    </p>
   </div>
   <div class='ocr_carea' id='block_1_69' title="bbox 2076 2387 3659 2447">
    <p class='ocr_par' dir='ltr' id='par_1_69' title="bbox 2076 2387 3659 2447">
     <span class='ocr_line' id='line_1_69' title="bbox 2076 2387 3659 2447; baseline 0.004 -7"><span class='ocrx_word' id='word_1_443' title='bbox 2076 2387 2235 2441; x_wconf 89' lang='lat' dir='ltr'><strong>Vers.</strong></span> <span class='ocrx_word' id='word_1_444' title='bbox 2268 2390 2356 2441; x_wconf 77' lang='lat'><strong>42.</strong></span> <span class='ocrx_word' id='word_1_445' title='bbox 2386 2387 2563 2442; x_wconf 87' lang='lat' dir='ltr'><strong>Nunc</strong></span> <span class='ocrx_word' id='word_1_446' title='bbox 2593 2418 2659 2427; x_wconf 95' lang='lat'><strong><em>—</em></strong></span> <span class='ocrx_word' id='word_1_447' title='bbox 2683 2388 2817 2442; x_wconf 81' lang='lat' dir='ltr'><strong>tuis.</strong></span> <span class='ocrx_word' id='word_1_448' title='bbox 2850 2387 3207 2444; x_wconf 83' lang='lat' dir='ltr'><strong>Abscondita</strong></span> <span class='ocrx_word' id='word_1_449' title='bbox 3245 2393 3382 2443; x_wconf 91' lang='lat' dir='ltr'><strong>sunt</strong></span> <span class='ocrx_word' id='word_1_450' title='bbox 3410 2389 3537 2444; x_wconf 67' lang='lat' dir='ltr'><strong>haec</strong></span> <span class='ocrx_word' id='word_1_451' title='bbox 3580 2390 3659 2447; x_wconf 88' lang='lat' dir='ltr'><strong>ab</strong></span> 
     </span>
    </p>
   </div>
   <div class='ocr_carea' id='block_1_70' title="bbox 2001 2473 3512 2547">
    <p class='ocr_par' dir='ltr' id='par_1_70' title="bbox 2001 2473 3512 2547">
     <span class='ocr_line' id='line_1_70' title="bbox 2001 2473 3512 2547; baseline 0.003 -18"><span class='ocrx_word' id='word_1_452' title='bbox 2001 2473 2187 2529; x_wconf 90' lang='lat' dir='ltr'><strong>oculis</strong></span> <span class='ocrx_word' id='word_1_453' title='bbox 2220 2476 2436 2529; x_wconf 71' lang='lat' dir='ltr'><strong>animae</strong></span> <span class='ocrx_word' id='word_1_454' title='bbox 2469 2482 2585 2529; x_wconf 70' lang='lat' dir='ltr'><strong>tum</strong></span> <span class='ocrx_word' id='word_1_455' title='bbox 2620 2493 2632 2531; x_wconf 91' lang='lat'><strong>:</strong></span> <span class='ocrx_word' id='word_1_456' title='bbox 2662 2474 2789 2529; x_wconf 82' lang='lat' dir='ltr'><strong>sive</strong></span> <span class='ocrx_word' id='word_1_457' title='bbox 2828 2481 3190 2547; x_wconf 90' lang='lat' dir='ltr'><strong>contempta,</strong></span> <span class='ocrx_word' id='word_1_458' title='bbox 3225 2476 3512 2545; x_wconf 89' lang='lat' dir='ltr'><strong>neglecta.</strong></span> 
     </span>
    </p>
   </div>
   <div class='ocr_carea' id='block_1_71' title="bbox 2072 2562 3657 2635">
    <p class='ocr_par' dir='ltr' id='par_1_71' title="bbox 2072 2562 3657 2635">
     <span class='ocr_line' id='line_1_71' title="bbox 2072 2562 3657 2635; baseline 0.004 -19"><span class='ocrx_word' id='word_1_459' title='bbox 2072 2562 2235 2616; x_wconf 89' lang='lat' dir='ltr'><strong>Vers.</strong></span> <span class='ocrx_word' id='word_1_460' title='bbox 2270 2566 2357 2617; x_wconf 89' lang='lat'><strong>43.</strong></span> <span class='ocrx_word' id='word_1_461' title='bbox 2407 2563 2575 2629; x_wconf 82' lang='lat' dir='ltr'><strong>Quod</strong></span> <span class='ocrx_word' id='word_1_462' title='bbox 2604 2593 2671 2603; x_wconf 96' lang='lat'>—</span> <span class='ocrx_word' id='word_1_463' title='bbox 2713 2570 2785 2618; x_wconf 88' lang='lat' dir='ltr'><strong>te.</strong></span> <span class='ocrx_word' id='word_1_464' title='bbox 2821 2565 2952 2619; x_wconf 77' lang='lat' dir='ltr'><strong>Haec</strong></span> <span class='ocrx_word' id='word_1_465' title='bbox 2983 2570 3276 2635; x_wconf 86' lang='lat' dir='ltr'><strong>tanquam</strong></span> <span class='ocrx_word' id='word_1_466' title='bbox 3305 2565 3385 2621; x_wconf 91' lang='lat' dir='ltr'><strong>ab</strong></span> <span class='ocrx_word' id='word_1_467' title='bbox 3416 2565 3657 2622; x_wconf 84' lang='lat' dir='ltr'><strong>exordio</strong></span> 
     </span>
    </p>
   </div>
   <div class='ocr_carea' id='block_1_72' title="bbox 2000 2649 3659 2726">
    <p class='ocr_par' dir='ltr' id='par_1_72' title="bbox 2000 2649 3659 2726">
     <span class='ocr_line' id='line_1_72' title="bbox 2000 2649 3659 2726; baseline 0.005 -23"><span class='ocrx_word' id='word_1_468' title='bbox 2000 2649 2237 2721; x_wconf 89' lang='lat' dir='ltr'><strong>proprio</strong></span> <span class='ocrx_word' id='word_1_469' title='bbox 2270 2649 2519 2718; x_wconf 89' lang='lat' dir='ltr'><strong>legenda</strong></span> <span class='ocrx_word' id='word_1_470' title='bbox 2568 2655 2724 2706; x_wconf 90' lang='lat' dir='ltr'><strong>sunt.</strong></span> <span class='ocrx_word' id='word_1_471' title='bbox 2769 2654 2919 2707; x_wconf 84' lang='lat' dir='ltr'><strong>Nam</strong></span> <span class='ocrx_word' id='word_1_472' title='bbox 2949 2653 3146 2724; x_wconf 92' lang='lat' dir='ltr'><strong>ipsum</strong></span> <span class='ocrx_word' id='word_1_473' title='bbox 3182 2654 3359 2725; x_wconf 88' lang='lat' dir='ltr'><strong>quod,</strong></span> <span class='ocrx_word' id='word_1_474' title='bbox 3405 2655 3659 2726; x_wconf 86' lang='lat' dir='ltr'><strong>prophe-</strong></span> 
     </span>
    </p>
   </div>
   <div class='ocr_carea' id='block_1_73' title="bbox 1999 2738 3659 2814">
    <p class='ocr_par' dir='ltr' id='par_1_73' title="bbox 1999 2738 3659 2814">
     <span class='ocr_line' id='line_1_73' title="bbox 1999 2738 3659 2814; baseline 0.005 -23"><span class='ocrx_word' id='word_1_475' title='bbox 1999 2740 2178 2793; x_wconf 90' lang='lat' dir='ltr'><strong>ticum</strong></span> <span class='ocrx_word' id='word_1_476' title='bbox 2232 2744 2321 2794; x_wconf 90' lang='lat' dir='ltr'><strong>est</strong></span> <span class='ocrx_word' id='word_1_477' title='bbox 2360 2738 2451 2793; x_wconf 91' lang='lat' dir='ltr'><strong>hic</strong></span> <span class='ocrx_word' id='word_1_478' title='bbox 2505 2748 2560 2793; x_wconf 91' lang='lat' dir='ltr'><strong>et</strong></span> <span class='ocrx_word' id='word_1_479' title='bbox 2613 2740 3002 2796; x_wconf 85' lang='lat' dir='ltr'><strong>narrativum.</strong></span> <span class='ocrx_word' id='word_1_480' title='bbox 3061 2742 3191 2797; x_wconf 89' lang='lat' dir='ltr'><strong>Dies</strong></span> <span class='ocrx_word' id='word_1_481' title='bbox 3262 2742 3462 2814; x_wconf 87' lang='lat' dir='ltr'><strong>itaque</strong></span> <span class='ocrx_word' id='word_1_482' title='bbox 3517 2743 3659 2800; x_wconf 85' lang='lat' dir='ltr'><strong>dicit</strong></span> 
     </span>
    </p>
   </div>
   <div class='ocr_carea' id='block_1_74' title="bbox 1996 2827 3656 2905">
    <p class='ocr_par' dir='ltr' id='par_1_74' title="bbox 1996 2827 3656 2905">
     <span class='ocr_line' id='line_1_74' title="bbox 1996 2827 3656 2905; baseline 0.004 -23"><span class='ocrx_word' id='word_1_483' title='bbox 1996 2827 2396 2893; x_wconf 90' lang='lat' dir='ltr'><strong>obsessionis;</strong></span> <span class='ocrx_word' id='word_1_484' title='bbox 2430 2827 2708 2884; x_wconf 91' lang='lat' dir='ltr'><strong>inimicos</strong></span> <span class='ocrx_word' id='word_1_485' title='bbox 2759 2845 2901 2885; x_wconf 90' lang='lat' dir='ltr'><strong>vero</strong></span> <span class='ocrx_word' id='word_1_486' title='bbox 2948 2829 3128 2896; x_wconf 89' lang='lat' dir='ltr'><strong>illius,</strong></span> <span class='ocrx_word' id='word_1_487' title='bbox 3184 2832 3506 2897; x_wconf 82' lang='lat' dir='ltr'><strong>Romanos,</strong></span> <span class='ocrx_word' id='word_1_488' title='bbox 3552 2832 3656 2905; x_wconf 89' lang='lat' dir='ltr'><strong>qui</strong></span> 
     </span>
    </p>
   </div>
   <div class='ocr_carea' id='block_1_75' title="bbox 1996 2916 3016 2989">
    <p class='ocr_par' dir='ltr' id='par_1_75' title="bbox 1996 2916 3016 2989">
     <span class='ocr_line' id='line_1_75' title="bbox 1996 2916 3016 2989; baseline 0.003 -18"><span class='ocrx_word' id='word_1_489' title='bbox 1996 2917 2383 2989; x_wconf 89' lang='lat' dir='ltr'><strong>postmodum</strong></span> <span class='ocrx_word' id='word_1_490' title='bbox 2414 2916 2472 2971; x_wconf 90' lang='lat' dir='ltr'><strong>in</strong></span> <span class='ocrx_word' id='word_1_491' title='bbox 2506 2934 2645 2973; x_wconf 89' lang='lat' dir='ltr'><strong>eum</strong></span> <span class='ocrx_word' id='word_1_492' title='bbox 2680 2919 3016 2976; x_wconf 69' lang='lat' dir='ltr'><strong>smvierunt.</strong></span> 
     </span>
    </p>
   </div>
   <div class='ocr_carea' id='block_1_76' title="bbox 2066 3006 3654 3078">
    <p class='ocr_par' dir='ltr' id='par_1_76' title="bbox 2066 3006 3654 3078">
     <span class='ocr_line' id='line_1_76' title="bbox 2066 3006 3654 3078; baseline 0.008 -21"><span class='ocrx_word' id='word_1_493' title='bbox 2066 3007 2225 3061; x_wconf 87' lang='lat' dir='ltr'><strong>Vers.</strong></span> <span class='ocrx_word' id='word_1_494' title='bbox 2258 3008 2346 3061; x_wconf 86' lang='lat'><strong>44.</strong></span> <span class='ocrx_word' id='word_1_495' title='bbox 2400 3006 2479 3062; x_wconf 85' lang='lat' dir='ltr'><strong>Et</strong></span> <span class='ocrx_word' id='word_1_496' title='bbox 2511 3038 2579 3047; x_wconf 95' lang='lat'><strong><em>—</em></strong></span> <span class='ocrx_word' id='word_1_497' title='bbox 2606 3013 2674 3063; x_wconf 87' lang='lat' dir='ltr'><strong>te.</strong></span> <span class='ocrx_word' id='word_1_498' title='bbox 2722 3009 2788 3063; x_wconf 92' lang='lat' dir='ltr'><strong>Et</strong></span> <span class='ocrx_word' id='word_1_499' title='bbox 2823 3007 2975 3065; x_wconf 86' lang='lat' dir='ltr'><strong>ﬁlios</strong></span> <span class='ocrx_word' id='word_1_500' title='bbox 3008 3012 3136 3064; x_wconf 88' lang='lat' dir='ltr'><strong>tuos</strong></span> <span class='ocrx_word' id='word_1_501' title='bbox 3175 3008 3235 3065; x_wconf 92' lang='lat' dir='ltr'><strong>in</strong></span> <span class='ocrx_word' id='word_1_502' title='bbox 3262 3014 3340 3078; x_wconf 90' lang='lat' dir='ltr'><strong>te,</strong></span> <span class='ocrx_word' id='word_1_503' title='bbox 3384 3010 3654 3069; x_wconf 85' lang='lat' dir='ltr'><strong>videlicet</strong></span> 
     </span>
    </p>
   </div>
   <div class='ocr_carea' id='block_1_77' title="bbox 1910 3094 2554 3176">
    <p class='ocr_par' dir='ltr' id='par_1_77' title="bbox 1910 3094 2554 3176">
     <span class='ocr_line' id='line_1_77' title="bbox 1910 3094 2554 3176; baseline 0.002 -26"><span class='ocrx_word' id='word_1_504' title='bbox 1910 3119 1951 3176; x_wconf 69' lang='grc' dir='ltr'><strong>ρ</strong></span> <span class='ocrx_word' id='word_1_505' title='bbox 1993 3094 2121 3151; x_wconf 89' lang='lat' dir='ltr'><strong>solo</strong></span> <span class='ocrx_word' id='word_1_506' title='bbox 2161 3101 2554 3167; x_wconf 86' lang='lat' dir='ltr'><strong>prosternent.</strong></span> 
     </span>
    </p>
   </div>
   <div class='ocr_carea' id='block_1_78' title="bbox 2063 3185 3653 3260">
    <p class='ocr_par' dir='ltr' id='par_1_78' title="bbox 2063 3185 3653 3260">
     <span class='ocr_line' id='line_1_78' title="bbox 2063 3185 3653 3260; baseline 0.003 -20"><span class='ocrx_word' id='word_1_507' title='bbox 2063 3185 2222 3240; x_wconf 86' lang='lat' dir='ltr'><strong>Vers.</strong></span> <span class='ocrx_word' id='word_1_508' title='bbox 2248 3185 2343 3242; x_wconf 79' lang='lat'><strong>44.</strong></span> <span class='ocrx_word' id='word_1_509' title='bbox 2381 3186 2503 3241; x_wconf 88' lang='lat' dir='ltr'><strong>Nec</strong></span> <span class='ocrx_word' id='word_1_510' title='bbox 2520 3217 2585 3226; x_wconf 90' lang='lat'><strong>-—-</strong></span> <span class='ocrx_word' id='word_1_511' title='bbox 2614 3186 2892 3255; x_wconf 79' lang='lat' dir='ltr'><strong>lapidem.</strong></span> <span class='ocrx_word' id='word_1_512' title='bbox 2914 3187 3035 3243; x_wconf 87' lang='lat' dir='ltr'><strong>Hoc</strong></span> <span class='ocrx_word' id='word_1_513' title='bbox 3059 3192 3166 3254; x_wconf 89' lang='lat' dir='ltr'><strong>est,</strong></span> <span class='ocrx_word' id='word_1_514' title='bbox 3190 3187 3460 3260; x_wconf 90' lang='lat' dir='ltr'><strong>lapidum</strong></span> <span class='ocrx_word' id='word_1_515' title='bbox 3488 3205 3653 3245; x_wconf 88' lang='lat' dir='ltr'><strong>com-</strong></span> 
     </span>
    </p>
   </div>
   <div class='ocr_carea' id='block_1_79' title="bbox 1990 3275 2933 3347">
    <p class='ocr_par' dir='ltr' id='par_1_79' title="bbox 1990 3275 2933 3347">
     <span class='ocr_line' id='line_1_79' title="bbox 1990 3275 2933 3347; baseline 0 -18"><span class='ocrx_word' id='word_1_516' title='bbox 1990 3275 2374 3347; x_wconf 89' lang='lat' dir='ltr'><strong>positionem,</strong></span> <span class='ocrx_word' id='word_1_517' title='bbox 2408 3275 2526 3329; x_wconf 89' lang='lat' dir='ltr'><strong>sive</strong></span> <span class='ocrx_word' id='word_1_518' title='bbox 2557 3279 2933 3331; x_wconf 82' lang='lat' dir='ltr'><strong>structuram.</strong></span> 
     </span>
    </p>
   </div>
   <div class='ocr_carea' id='block_1_80' title="bbox 2062 3363 3649 3435">
    <p class='ocr_par' dir='ltr' id='par_1_80' title="bbox 2062 3363 3649 3435">
     <span class='ocr_line' id='line_1_80' title="bbox 2062 3363 3649 3435; baseline 0.004 -19"><span class='ocrx_word' id='word_1_519' title='bbox 2062 3365 2222 3417; x_wconf 89' lang='lat' dir='ltr'><strong>Vers.</strong></span> <span class='ocrx_word' id='word_1_520' title='bbox 2251 3364 2340 3418; x_wconf 78' lang='lat'><strong>44.</strong></span> <span class='ocrx_word' id='word_1_521' title='bbox 2391 3364 2479 3419; x_wconf 87' lang='lat' dir='ltr'><strong>Eo</strong></span> <span class='ocrx_word' id='word_1_522' title='bbox 2512 3363 2663 3434; x_wconf 87' lang='lat' dir='ltr'><strong>quod</strong></span> <span class='ocrx_word' id='word_1_523' title='bbox 2690 3394 2757 3403; x_wconf 91' lang='lat'><strong>—-</strong></span> <span class='ocrx_word' id='word_1_524' title='bbox 2786 3370 2922 3421; x_wconf 71' lang='lat' dir='ltr'><strong>tuae.</strong></span> <span class='ocrx_word' id='word_1_525' title='bbox 2979 3364 3126 3430; x_wconf 85' lang='lat' dir='ltr'><strong>Quia</strong></span> <span class='ocrx_word' id='word_1_526' title='bbox 3178 3380 3300 3422; x_wconf 87' lang='lat' dir='ltr'><strong>non</strong></span> <span class='ocrx_word' id='word_1_527' title='bbox 3351 3366 3649 3435; x_wconf 82' lang='lat' dir='ltr'><strong>agnovisti</strong></span> 
     </span>
    </p>
   </div>
   <div class='ocr_carea' id='block_1_81' title="bbox 1988 3456 3647 3526">
    <p class='ocr_par' dir='ltr' id='par_1_81' title="bbox 1988 3456 3647 3526">
     <span class='ocr_line' id='line_1_81' title="bbox 1988 3456 3647 3526; baseline 0.004 -21"><span class='ocrx_word' id='word_1_528' title='bbox 1988 3456 2225 3523; x_wconf 90' lang='lat' dir='ltr'><strong>tempus</strong></span> <span class='ocrx_word' id='word_1_529' title='bbox 2246 3469 2404 3508; x_wconf 77' lang='lat' dir='ltr'><strong>curse</strong></span> <span class='ocrx_word' id='word_1_530' title='bbox 2435 3458 2581 3518; x_wconf 68' lang='lat' dir='ltr'><strong>tuae;</strong></span> <span class='ocrx_word' id='word_1_531' title='bbox 2611 3456 2837 3524; x_wconf 87' lang='lat' dir='ltr'><strong>tempus</strong></span> <span class='ocrx_word' id='word_1_532' title='bbox 2857 3468 3120 3526; x_wconf 86' lang='lat' dir='ltr'><strong>namque</strong></span> <span class='ocrx_word' id='word_1_533' title='bbox 3152 3456 3647 3526; x_wconf 77' lang='lat' dir='ltr'><strong>peregrinationis</strong></span> 
     </span>
    </p>
   </div>
   <div class='ocr_carea' id='block_1_82' title="bbox 1986 3540 3143 3611">
    <p class='ocr_par' dir='ltr' id='par_1_82' title="bbox 1986 3540 3143 3611">
     <span class='ocr_line' id='line_1_82' title="bbox 1986 3540 3143 3611; baseline 0.001 -15"><span class='ocrx_word' id='word_1_534' title='bbox 1986 3557 2136 3596; x_wconf 74' lang='lat' dir='ltr'><strong>meae</strong></span> <span class='ocrx_word' id='word_1_535' title='bbox 2167 3546 2294 3596; x_wconf 90' lang='lat' dir='ltr'><strong>erat</strong></span> <span class='ocrx_word' id='word_1_536' title='bbox 2332 3546 2559 3611; x_wconf 87' lang='lat' dir='ltr'><strong>tempus</strong></span> <span class='ocrx_word' id='word_1_537' title='bbox 2587 3556 2743 3596; x_wconf 64' lang='lat' dir='ltr'><strong>curae</strong></span> <span class='ocrx_word' id='word_1_538' title='bbox 2774 3540 2982 3596; x_wconf 90' lang='lat' dir='ltr'><strong>salutis</strong></span> <span class='ocrx_word' id='word_1_539' title='bbox 3010 3548 3143 3598; x_wconf 64' lang='lat' dir='ltr'><strong>tuas.</strong></span> 
     </span>
    </p>
   </div>
   <div class='ocr_carea' id='block_1_83' title="bbox 2058 3629 3641 3699">
    <p class='ocr_par' dir='ltr' id='par_1_83' title="bbox 2058 3629 3641 3699">
     <span class='ocr_line' id='line_1_83' title="bbox 2058 3629 3641 3699; baseline 0.003 -16"><span class='ocrx_word' id='word_1_540' title='bbox 2058 3631 2217 3685; x_wconf 80' lang='lat' dir='ltr'><strong>Vers.</strong></span> <span class='ocrx_word' id='word_1_541' title='bbox 2270 3631 2358 3685; x_wconf 79' lang='lat'><strong>45.</strong></span> <span class='ocrx_word' id='word_1_542' title='bbox 2418 3631 2493 3684; x_wconf 84' lang='lat' dir='ltr'><strong>Et</strong></span> <span class='ocrx_word' id='word_1_543' title='bbox 2541 3629 2834 3699; x_wconf 77' lang='lat' dir='ltr'><strong>ingressus</strong></span> <span class='ocrx_word' id='word_1_544' title='bbox 2874 3660 2939 3670; x_wconf 89' lang='lat'>—</span> <span class='ocrx_word' id='word_1_545' title='bbox 2970 3631 3134 3687; x_wconf 87' lang='lat' dir='ltr'><strong>Vers.</strong></span> <span class='ocrx_word' id='word_1_546' title='bbox 3178 3635 3269 3688; x_wconf 87' lang='lat'><strong>46.</strong></span> <span class='ocrx_word' id='word_1_547' title='bbox 3314 3634 3641 3691; x_wconf 81' lang='lat' dir='ltr'><strong>latronum.</strong></span> 
     </span>
    </p>
   </div>
   <div class='ocr_carea' id='block_1_84' title="bbox 1983 3718 3642 3794">
    <p class='ocr_par' dir='ltr' id='par_1_84' title="bbox 1983 3718 3642 3794">
     <span class='ocr_line' id='line_1_84' title="bbox 1983 3718 3642 3794; baseline 0.003 -21"><span class='ocrx_word' id='word_1_548' title='bbox 1983 3718 2184 3773; x_wconf 91' lang='lat' dir='ltr'><strong>Latius</strong></span> <span class='ocrx_word' id='word_1_549' title='bbox 2224 3718 2298 3773; x_wconf 86' lang='lat' dir='ltr'><strong>de</strong></span> <span class='ocrx_word' id='word_1_550' title='bbox 2329 3718 2421 3772; x_wconf 86' lang='lat' dir='ltr'><strong>his</strong></span> <span class='ocrx_word' id='word_1_551' title='bbox 2454 3718 2687 3789; x_wconf 86' lang='lat' dir='ltr'><strong>scripsit</strong></span> <span class='ocrx_word' id='word_1_552' title='bbox 2716 3718 3021 3773; x_wconf 70' lang='lat' dir='ltr'><strong>Matthreus</strong></span> <span class='ocrx_word' id='word_1_553' title='bbox 3050 3721 3109 3774; x_wconf 89' lang='lat' dir='ltr'><strong>in</strong></span> <span class='ocrx_word' id='word_1_554' title='bbox 3142 3721 3259 3776; x_wconf 84' lang='lat' dir='ltr'><strong>ﬁne</strong></span> <span class='ocrx_word' id='word_1_555' title='bbox 3302 3722 3642 3794; x_wconf 87' lang='lat' dir='ltr'><strong>quadrage-</strong></span> 
     </span>
    </p>
   </div>
   <div class='ocr_carea' id='block_1_85' title="bbox 1984 3806 3636 3879">
    <p class='ocr_par' dir='ltr' id='par_1_85' title="bbox 1984 3806 3636 3879">
     <span class='ocr_line' id='line_1_85' title="bbox 1984 3806 3636 3879; baseline 0.003 -17"><span class='ocrx_word' id='word_1_556' title='bbox 1984 3806 2119 3862; x_wconf 90' lang='lat' dir='ltr'><strong>simi</strong></span> <span class='ocrx_word' id='word_1_557' title='bbox 2167 3807 2354 3879; x_wconf 91' lang='lat' dir='ltr'><strong>quinti</strong></span> <span class='ocrx_word' id='word_1_558' title='bbox 2412 3806 2645 3879; x_wconf 85' lang='lat' dir='ltr'><strong>capitis,</strong></span> <span class='ocrx_word' id='word_1_559' title='bbox 2694 3812 2749 3862; x_wconf 90' lang='lat' dir='ltr'><strong>et</strong></span> <span class='ocrx_word' id='word_1_560' title='bbox 2780 3806 2863 3863; x_wconf 90' lang='lat' dir='ltr'><strong>ibi</strong></span> <span class='ocrx_word' id='word_1_561' title='bbox 2919 3823 3123 3879; x_wconf 68' lang='lat' dir='ltr'><strong>quaare</strong></span> <span class='ocrx_word' id='word_1_562' title='bbox 3177 3811 3636 3867; x_wconf 87' lang='lat' dir='ltr'><strong>enarrationem.</strong></span> 
     </span>
    </p>
   </div>
   <div class='ocr_carea' id='block_1_86' title="bbox 2048 3985 3637 4048">
    <p class='ocr_par' dir='ltr' id='par_1_86' title="bbox 2048 3985 3637 4048">
     <span class='ocr_line' id='line_1_86' title="bbox 2048 3985 3637 4048; baseline 0.004 -6"><span class='ocrx_word' id='word_1_563' title='bbox 2048 3986 2214 4042; x_wconf 88' lang='lat' dir='ltr'><strong>Vers.</strong></span> <span class='ocrx_word' id='word_1_564' title='bbox 2242 3987 2331 4041; x_wconf 85' lang='lat'><strong>47.</strong></span> <span class='ocrx_word' id='word_1_565' title='bbox 2373 3987 2449 4041; x_wconf 85' lang='lat' dir='ltr'><strong>Et</strong></span> <span class='ocrx_word' id='word_1_566' title='bbox 2477 3985 2716 4042; x_wconf 78' lang='lat' dir='ltr'><strong>docebat</strong></span> <span class='ocrx_word' id='word_1_567' title='bbox 2761 4017 2825 4026; x_wconf 93' lang='lat'><strong><em>—</em></strong></span> <span class='ocrx_word' id='word_1_568' title='bbox 2855 3985 3018 4043; x_wconf 90' lang='lat' dir='ltr'><strong>Vers.</strong></span> <span class='ocrx_word' id='word_1_569' title='bbox 3050 3986 3139 4043; x_wconf 89' lang='lat'><strong>48.</strong></span> <span class='ocrx_word' id='word_1_570' title='bbox 3174 3988 3434 4045; x_wconf 84' lang='lat' dir='ltr'><strong>audiens.</strong></span> <span class='ocrx_word' id='word_1_571' title='bbox 3489 3991 3637 4048; x_wconf 88' lang='lat' dir='ltr'><strong>Cum</strong></span> 
     </span>
    </p>
   </div>
   <div class='ocr_carea' id='block_1_87' title="bbox 1978 4075 2529 4131">
    <p class='ocr_par' dir='ltr' id='par_1_87' title="bbox 1978 4075 2529 4131">
     <span class='ocr_line' id='line_1_87' title="bbox 1978 4075 2529 4131; baseline -0.002 0"><span class='ocrx_word' id='word_1_572' title='bbox 1978 4075 2055 4131; x_wconf 91' lang='lat' dir='ltr'><strong>ab</strong></span> <span class='ocrx_word' id='word_1_573' title='bbox 2094 4092 2165 4130; x_wconf 89' lang='lat' dir='ltr'><strong>eo</strong></span> <span class='ocrx_word' id='word_1_574' title='bbox 2197 4076 2529 4131; x_wconf 88' lang='lat' dir='ltr'><strong>doceretur.</strong></span> 
     </span>
    </p>
   </div>
   <div class='ocr_carea' id='block_1_88' title="bbox 2048 4164 3626 4225">
    <p class='ocr_par' dir='ltr' id='par_1_88' title="bbox 2048 4164 3626 4225">
     <span class='ocr_line' id='line_1_88' title="bbox 2048 4164 3626 4225; baseline 0.003 -4"><span class='ocrx_word' id='word_1_575' title='bbox 2048 4164 2201 4221; x_wconf 86' lang='lat' dir='ltr'><strong>CAP.</strong></span> <span class='ocrx_word' id='word_1_576' title='bbox 2236 4165 2420 4220; x_wconf 83' lang='lat' dir='ltr'><strong>LXIX.</strong></span> <span class='ocrx_word' id='word_1_577' title='bbox 2465 4166 2552 4220; x_wconf 88' lang='lat' dir='ltr'><strong>De</strong></span> <span class='ocrx_word' id='word_1_578' title='bbox 2596 4164 2989 4221; x_wconf 81' lang='lat' dir='ltr'><strong>sacerdotibus</strong></span> <span class='ocrx_word' id='word_1_579' title='bbox 3028 4172 3082 4223; x_wconf 88' lang='lat' dir='ltr'><strong>et</strong></span> <span class='ocrx_word' id='word_1_580' title='bbox 3110 4167 3319 4224; x_wconf 77' lang='lat' dir='ltr'><strong>scribis</strong></span> <span class='ocrx_word' id='word_1_581' title='bbox 3341 4184 3408 4225; x_wconf 88' lang='lat' dir='ltr'><strong>ac</strong></span> <span class='ocrx_word' id='word_1_582' title='bbox 3452 4169 3626 4225; x_wconf 76' lang='lat' dir='ltr'><strong>senio-</strong></span> 
     </span>
    </p>
   </div>
   <div class='ocr_carea' id='block_1_89' title="bbox 1974 4254 3137 4326">
    <p class='ocr_par' dir='ltr' id='par_1_89' title="bbox 1974 4254 3137 4326">
     <span class='ocr_line' id='line_1_89' title="bbox 1974 4254 3137 4326; baseline -0.001 -16"><span class='ocrx_word' id='word_1_583' title='bbox 1974 4254 2148 4319; x_wconf 80' lang='lat' dir='ltr'><strong>ribus,</strong></span> <span class='ocrx_word' id='word_1_584' title='bbox 2190 4255 2296 4326; x_wconf 86' lang='lat' dir='ltr'><strong>qui</strong></span> <span class='ocrx_word' id='word_1_585' title='bbox 2336 4256 2634 4310; x_wconf 83' lang='lat' dir='ltr'><strong>Dominum</strong></span> <span class='ocrx_word' id='word_1_586' title='bbox 2666 4256 3137 4325; x_wconf 78' lang='lat' dir='ltr'><strong>interrogabant.</strong></span> 
     </span>
    </p>
   </div>
   <div class='ocr_carea' id='block_1_90' title="bbox 2044 4344 3633 4404">
    <p class='ocr_par' dir='ltr' id='par_1_90' title="bbox 2044 4344 3633 4404">
     <span class='ocr_line' id='line_1_90' title="bbox 2044 4344 3633 4404; baseline 0.004 -6"><span class='ocrx_word' id='word_1_587' title='bbox 2044 4344 2197 4398; x_wconf 75' lang='lat' dir='ltr'><strong>CAP.</strong></span> <span class='ocrx_word' id='word_1_588' title='bbox 2235 4346 2339 4398; x_wconf 86' lang='lat' dir='ltr'><strong>XX.</strong></span> <span class='ocrx_word' id='word_1_589' title='bbox 2375 4346 2536 4399; x_wconf 88' lang='lat' dir='ltr'><strong>Vers.</strong></span> <span class='ocrx_word' id='word_1_590' title='bbox 2579 4345 2629 4398; x_wconf 86' lang='grc'>1.</span> <span class='ocrx_word' id='word_1_591' title='bbox 2659 4344 2731 4398; x_wconf 86' lang='lat' dir='ltr'><strong>Et</strong></span> <span class='ocrx_word' id='word_1_592' title='bbox 2772 4345 2989 4399; x_wconf 82' lang='lat' dir='ltr'><strong>accidit</strong></span> <span class='ocrx_word' id='word_1_593' title='bbox 3012 4376 3078 4387; x_wconf 94' lang='lat'><strong>—</strong></span> <span class='ocrx_word' id='word_1_594' title='bbox 3108 4347 3267 4401; x_wconf 80' lang='lat' dir='ltr'><strong>Vers.</strong></span> <span class='ocrx_word' id='word_1_595' title='bbox 3314 4351 3367 4401; x_wconf 84' lang='lat'><strong>2.</strong></span> <span class='ocrx_word' id='word_1_596' title='bbox 3400 4347 3573 4404; x_wconf 76' lang='lat' dir='ltr'><strong>istam</strong></span> <span class='ocrx_word' id='word_1_597' title='bbox 3604 4348 3633 4404; x_wconf 64' lang='grc' dir='ltr'>Τ</span> 
     </span>
    </p>
   </div>
   <div class='ocr_carea' id='block_1_91' title="bbox 268 4424 1887 4508">
    <p class='ocr_par' dir='ltr' id='par_1_91' title="bbox 268 4424 1866 4504">
     <span class='ocr_line' id='line_1_91' title="bbox 268 4424 1866 4504; baseline 0.011 -32"><span class='ocrx_word' id='word_1_598' title='bbox 268 4429 342 4490; x_wconf 79' lang='grc' dir='ltr'>τῷ</span> <span class='ocrx_word' id='word_1_599' title='bbox 395 4432 800 4497; x_wconf 77' lang='grc' dir='ltr'>τεσσαρακοστῷ</span> <span class='ocrx_word' id='word_1_600' title='bbox 854 4424 1023 4501; x_wconf 71' lang='grc' dir='ltr'><strong>ὀγδόῳ</strong></span> <span class='ocrx_word' id='word_1_601' title='bbox 1073 4430 1329 4504; x_wconf 75' lang='grc' dir='ltr'>κεφαλαίῳ</span> <span class='ocrx_word' id='word_1_602' title='bbox 1394 4442 1487 4486; x_wconf 82' lang='grc' dir='ltr'>τοῦ</span> <span class='ocrx_word' id='word_1_603' title='bbox 1542 4439 1674 4487; x_wconf 78' lang='grc' dir='ltr'>κατὰ</span> <span class='ocrx_word' id='word_1_604' title='bbox 1725 4443 1866 4488; x_wconf 85' lang='grc' dir='ltr'>Ματ-</span> 
     </span>
    </p>
   </div>
   <div class='ocr_carea' id='block_1_92' title="bbox 2021 4424 3629 4508">
    <p class='ocr_par' dir='ltr' id='par_1_92' title="bbox 2024 4432 3629 4508">
     <span class='ocr_line' id='line_1_92' title="bbox 2024 4432 3629 4508; baseline 0.003 -21"><span class='ocrx_word' id='word_1_605' title='bbox 2024 4433 2205 4488; x_wconf 90' lang='lat' dir='ltr'><strong>ictum</strong></span> <span class='ocrx_word' id='word_1_606' title='bbox 2257 4439 2344 4488; x_wconf 92' lang='lat' dir='ltr'><strong>est</strong></span> <span class='ocrx_word' id='word_1_607' title='bbox 2392 4432 2467 4488; x_wconf 90' lang='lat' dir='ltr'><strong>de</strong></span> <span class='ocrx_word' id='word_1_608' title='bbox 2522 4433 2611 4487; x_wconf 90' lang='lat' dir='ltr'><strong>his</strong></span> <span class='ocrx_word' id='word_1_609' title='bbox 2662 4433 3132 4505; x_wconf 87' lang='lat' dir='ltr'><strong>quadragesimo</strong></span> <span class='ocrx_word' id='word_1_610' title='bbox 3178 4441 3391 4491; x_wconf 84' lang='lat' dir='ltr'><strong>octavo</strong></span> <span class='ocrx_word' id='word_1_611' title='bbox 3438 4438 3629 4508; x_wconf 89' lang='lat' dir='ltr'><strong>capite</strong></span> 
     </span>
    </p>
   </div>
   <div class='ocr_carea' id='block_1_93' title="bbox 271 4511 443 4566">
    <p class='ocr_par' dir='ltr' id='par_1_93' title="bbox 271 4511 443 4566">
     <span class='ocr_line' id='line_1_93' title="bbox 271 4511 443 4566; baseline -0.012 -4"><span class='ocrx_word' id='word_1_612' title='bbox 271 4511 417 4562; x_wconf 86' lang='grc' dir='ltr'>θαῖον</span> <span class='ocrx_word' id='word_1_613' title='bbox 430 4553 443 4566; x_wconf 84' lang='grc'><strong>.</strong></span> 
     </span>
    </p>
   </div>
   <div class='ocr_carea' id='block_1_94' title="bbox 341 4599 1866 4687">
    <p class='ocr_par' dir='ltr' id='par_1_94' title="bbox 341 4599 1866 4687">
     <span class='ocr_line' id='line_1_94' title="bbox 341 4599 1866 4687; baseline 0.011 -37"><span class='ocrx_word' id='word_1_614' title='bbox 341 4599 672 4675; x_wconf 82' lang='grc' dir='ltr'>Ἀποκριθεὶς</span> <span class='ocrx_word' id='word_1_615' title='bbox 693 4633 761 4642; x_wconf 90' lang='grc'><strong>-</strong></span> <span class='ocrx_word' id='word_1_616' title='bbox 791 4600 938 4658; x_wconf 77' lang='grc' dir='ltr'>εἶναι.</span> <span class='ocrx_word' id='word_1_617' title='bbox 962 4606 1283 4672; x_wconf 79' lang='grc' dir='ltr'>Ἀκολούθως</span> <span class='ocrx_word' id='word_1_618' title='bbox 1309 4610 1360 4663; x_wconf 81' lang='grc' dir='ltr'>ἐν</span> <span class='ocrx_word' id='word_1_619' title='bbox 1380 4619 1452 4682; x_wconf 85' lang='grc' dir='ltr'>τῷ</span> <span class='ocrx_word' id='word_1_620' title='bbox 1473 4615 1689 4686; x_wconf 76' lang='grc' dir='ltr'>τοιούτῳ</span> <span class='ocrx_word' id='word_1_621' title='bbox 1716 4633 1866 4687; x_wconf 74' lang='grc' dir='ltr'>κεφα-</span> 
     </span>
    </p>
   </div>
   <div class='ocr_carea' id='block_1_95' title="bbox 266 4686 1187 4766">
    <p class='ocr_par' dir='ltr' id='par_1_95' title="bbox 266 4686 1187 4766">
     <span class='ocr_line' id='line_1_95' title="bbox 266 4686 1187 4766; baseline 0.012 -27"><span class='ocrx_word' id='word_1_622' title='bbox 266 4686 397 4761; x_wconf 84' lang='grc' dir='ltr'>λαίῳ</span> <span class='ocrx_word' id='word_1_623' title='bbox 426 4694 516 4742; x_wconf 85' lang='grc' dir='ltr'>καὶ</span> <span class='ocrx_word' id='word_1_624' title='bbox 547 4698 713 4744; x_wconf 79' lang='grc' dir='ltr'>ταῦτα</span> <span class='ocrx_word' id='word_1_625' title='bbox 742 4691 1187 4766; x_wconf 78' lang='grc' dir='ltr'>ἐσαφηνίσθησαν.</span> 
     </span>
    </p>
   </div>
   <div class='ocr_carea' id='block_1_96' title="bbox 346 4780 1867 4864">
    <p class='ocr_par' dir='ltr' id='par_1_96' title="bbox 346 4780 1867 4864">
     <span class='ocr_line' id='line_1_96' title="bbox 346 4780 1867 4864; baseline 0.011 -35"><span class='ocrx_word' id='word_1_626' title='bbox 346 4782 448 4830; x_wconf 81' lang='grc' dir='ltr'><strong>Καὶ</strong></span> <span class='ocrx_word' id='word_1_627' title='bbox 480 4810 548 4821; x_wconf 92' lang='grc'><strong><em>--</em></strong></span> <span class='ocrx_word' id='word_1_628' title='bbox 574 4788 727 4836; x_wconf 87' lang='grc' dir='ltr'>ποιῶ.</span> <span class='ocrx_word' id='word_1_629' title='bbox 753 4780 977 4856; x_wconf 85' lang='grc' dir='ltr'>Ὁμοίως</span> <span class='ocrx_word' id='word_1_630' title='bbox 1001 4790 1091 4838; x_wconf 89' lang='grc' dir='ltr'>καὶ</span> <span class='ocrx_word' id='word_1_631' title='bbox 1120 4795 1306 4841; x_wconf 84' lang='grc' dir='ltr'>ταῦτα.</span> <span class='ocrx_word' id='word_1_632' title='bbox 1349 4795 1448 4842; x_wconf 81' lang='grc' dir='ltr'><strong>Καὶ</strong></span> <span class='ocrx_word' id='word_1_633' title='bbox 1479 4789 1736 4864; x_wconf 78' lang='grc' dir='ltr'>ἀνάγνωθι</span> <span class='ocrx_word' id='word_1_634' title='bbox 1765 4791 1867 4845; x_wconf 72' lang='grc' dir='ltr'>ἐκεῖ</span> 
     </span>
    </p>
   </div>
   <div class='ocr_carea' id='block_1_97' title="bbox 265 4866 815 4940">
    <p class='ocr_par' dir='ltr' id='par_1_97' title="bbox 265 4866 815 4940">
     <span class='ocr_line' id='line_1_97' title="bbox 265 4866 815 4940; baseline 0.009 -21"><span class='ocrx_word' id='word_1_635' title='bbox 265 4866 383 4937; x_wconf 86' lang='grc'><strong>(37)</strong></span> <span class='ocrx_word' id='word_1_636' title='bbox 423 4871 517 4926; x_wconf 79' lang='grc' dir='ltr'>τήν</span> <span class='ocrx_word' id='word_1_637' title='bbox 549 4868 815 4940; x_wconf 78' lang='grc' dir='ltr'>ἐξήγησιν.</span> 
     </span>
    </p>
   </div>
   <div class='ocr_carea' id='block_1_98' title="bbox 617 4959 1492 5036">
    <p class='ocr_par' dir='ltr' id='par_1_98' title="bbox 617 4959 1492 5036">
     <span class='ocr_line' id='line_1_98' title="bbox 617 4959 1492 5036; baseline 0.011 -27"><span class='ocrx_word' id='word_1_638' title='bbox 617 4963 761 5014; x_wconf 78' lang='grc' dir='ltr'>ΚΕΦ.</span> <span class='ocrx_word' id='word_1_639' title='bbox 797 4959 877 5014; x_wconf 85' lang='grc' dir='ltr'>Ο’.</span> <span class='ocrx_word' id='word_1_640' title='bbox 912 4965 1037 5034; x_wconf 86' lang='grc' dir='ltr'>Περὶ</span> <span class='ocrx_word' id='word_1_641' title='bbox 1061 4971 1153 5015; x_wconf 80' lang='grc' dir='ltr'>τοῦ</span> <span class='ocrx_word' id='word_1_642' title='bbox 1180 4962 1492 5036; x_wconf 81' lang='grc' dir='ltr'>ἀμπελῶνος.</span> 
     </span>
    </p>
   </div>
   <div class='ocr_carea' id='block_1_99' title="bbox 340 5041 1865 5130">
    <p class='ocr_par' dir='ltr' id='par_1_99' title="bbox 340 5041 1865 5130">
     <span class='ocr_line' id='line_1_99' title="bbox 340 5041 1865 5130; baseline 0.013 -37"><span class='ocrx_word' id='word_1_643' title='bbox 340 5041 563 5115; x_wconf 83' lang='grc' dir='ltr'>Ἐρξατο</span> <span class='ocrx_word' id='word_1_644' title='bbox 629 5076 698 5086; x_wconf 89' lang='lat'><strong>-—-</strong></span> <span class='ocrx_word' id='word_1_645' title='bbox 756 5048 981 5110; x_wconf 82' lang='grc' dir='ltr'>ἱκανούς.</span> <span class='ocrx_word' id='word_1_646' title='bbox 1048 5052 1189 5110; x_wconf 77' lang='grc' dir='ltr'>Αὕτη</span> <span class='ocrx_word' id='word_1_647' title='bbox 1260 5056 1290 5112; x_wconf 80' lang='grc' dir='ltr'>ἡ</span> <span class='ocrx_word' id='word_1_648' title='bbox 1358 5056 1624 5130; x_wconf 81' lang='grc' dir='ltr'>παραϐολὴ</span> <span class='ocrx_word' id='word_1_649' title='bbox 1681 5078 1865 5117; x_wconf 76' lang='grc' dir='ltr'>πεντη-</span> 
     </span>
    </p>
   </div>
   <div class='ocr_carea' id='block_1_100' title="bbox 267 5132 1865 5209">
    <p class='ocr_par' dir='ltr' id='par_1_100' title="bbox 267 5132 1865 5209">
     <span class='ocr_line' id='line_1_100' title="bbox 267 5132 1865 5209; baseline 0.012 -27"><span class='ocrx_word' id='word_1_650' title='bbox 267 5136 457 5184; x_wconf 85' lang='grc' dir='ltr'>κοστόν</span> <span class='ocrx_word' id='word_1_651' title='bbox 513 5132 625 5186; x_wconf 77' lang='grc' dir='ltr'>ἐστι</span> <span class='ocrx_word' id='word_1_652' title='bbox 671 5136 945 5208; x_wconf 76' lang='grc' dir='ltr'>κεφάλαιον</span> <span class='ocrx_word' id='word_1_653' title='bbox 992 5146 1085 5192; x_wconf 85' lang='grc' dir='ltr'>τοῦ</span> <span class='ocrx_word' id='word_1_654' title='bbox 1132 5144 1267 5195; x_wconf 81' lang='grc' dir='ltr'>κατὰ</span> <span class='ocrx_word' id='word_1_655' title='bbox 1310 5147 1593 5202; x_wconf 67' lang='grc' dir='ltr'>Ματθαῖον.</span> <span class='ocrx_word' id='word_1_656' title='bbox 1643 5153 1743 5201; x_wconf 79' lang='grc' dir='ltr'><strong>Καὶ</strong></span> <span class='ocrx_word' id='word_1_657' title='bbox 1770 5149 1865 5209; x_wconf 80' lang='grc' dir='ltr'><strong>ξή-</strong></span> 
     </span>
    </p>
   </div>
   <div class='ocr_carea' id='block_1_101' title="bbox 333 5311 931 5381">
    <p class='ocr_par' dir='ltr' id='par_1_101' title="bbox 333 5311 931 5381">
     <span class='ocr_line' id='line_1_101' title="bbox 333 5311 931 5381; baseline 0.015 -17"><span class='ocrx_word' id='word_1_658' title='bbox 333 5311 423 5365; x_wconf 88' lang='grc'><strong>40.</strong></span> <span class='ocrx_word' id='word_1_659' title='bbox 458 5312 658 5369; x_wconf 78' lang='lat' dir='ltr'><strong>Matth.</strong></span> <span class='ocrx_word' id='word_1_660' title='bbox 689 5330 811 5381; x_wconf 67' lang='lat' dir='ltr'><strong>xxx,</strong></span> <span class='ocrx_word' id='word_1_661' title='bbox 848 5316 931 5374; x_wconf 81' lang='lat' dir='ltr'><strong>ll.</strong></span> 
     </span>
    </p>
   </div>
   <div class='ocr_carea' id='block_1_102' title="bbox 1976 4521 3027 4591">
    <p class='ocr_par' dir='ltr' id='par_1_102' title="bbox 1976 4521 3027 4591">
     <span class='ocr_line' id='line_1_102' title="bbox 1976 4521 3027 4591; baseline 0.002 -15"><span class='ocrx_word' id='word_1_662' title='bbox 1976 4521 2269 4591; x_wconf 83' lang='lat' dir='ltr'><strong>Evangelii</strong></span> <span class='ocrx_word' id='word_1_663' title='bbox 2307 4522 2636 4577; x_wconf 90' lang='lat' dir='ltr'><strong>secundum</strong></span> <span class='ocrx_word' id='word_1_664' title='bbox 2668 4522 3027 4578; x_wconf 73' lang='lat' dir='ltr'><strong>Matthaaum.</strong></span> 
     </span>
    </p>
   </div>
   <div class='ocr_carea' id='block_1_103' title="bbox 2048 4611 3630 4682">
    <p class='ocr_par' dir='ltr' id='par_1_103' title="bbox 2048 4611 3630 4682">
     <span class='ocr_line' id='line_1_103' title="bbox 2048 4611 3630 4682; baseline 0.004 -20"><span class='ocrx_word' id='word_1_665' title='bbox 2048 4611 2209 4665; x_wconf 91' lang='lat' dir='ltr'><strong>Vers.</strong></span> <span class='ocrx_word' id='word_1_666' title='bbox 2258 4615 2308 4666; x_wconf 90' lang='lat'><strong>3.</strong></span> <span class='ocrx_word' id='word_1_667' title='bbox 2353 4611 2728 4681; x_wconf 85' lang='lat' dir='ltr'><strong>Respondens</strong></span> <span class='ocrx_word' id='word_1_668' title='bbox 2760 4613 3001 4666; x_wconf 90' lang='lat' dir='ltr'><strong>—Vers.</strong></span> <span class='ocrx_word' id='word_1_669' title='bbox 3053 4616 3106 4667; x_wconf 87' lang='lat'><strong>6.</strong></span> <span class='ocrx_word' id='word_1_670' title='bbox 3154 4613 3363 4682; x_wconf 77' lang='lat' dir='ltr'><strong>fuisse.</strong></span> <span class='ocrx_word' id='word_1_671' title='bbox 3416 4614 3630 4669; x_wconf 88' lang='lat' dir='ltr'><strong>Conse-</strong></span> 
     </span>
    </p>
   </div>
   <div class='ocr_carea' id='block_1_104' title="bbox 1975 4698 3625 4773">
    <p class='ocr_par' dir='ltr' id='par_1_104' title="bbox 1975 4698 3625 4773">
     <span class='ocr_line' id='line_1_104' title="bbox 1975 4698 3625 4773; baseline 0.004 -20"><span class='ocrx_word' id='word_1_672' title='bbox 1975 4706 2226 4773; x_wconf 89' lang='lat' dir='ltr'><strong>quenter</strong></span> <span class='ocrx_word' id='word_1_673' title='bbox 2256 4701 2312 4754; x_wconf 90' lang='lat' dir='ltr'><strong>in</strong></span> <span class='ocrx_word' id='word_1_674' title='bbox 2337 4700 2433 4754; x_wconf 89' lang='lat' dir='ltr'><strong>illo</strong></span> <span class='ocrx_word' id='word_1_675' title='bbox 2482 4698 2675 4771; x_wconf 87' lang='lat' dir='ltr'><strong>capite</strong></span> <span class='ocrx_word' id='word_1_676' title='bbox 2706 4700 2882 4755; x_wconf 88' lang='lat' dir='ltr'><strong>etiam</strong></span> <span class='ocrx_word' id='word_1_677' title='bbox 2912 4700 3038 4756; x_wconf 66' lang='lat' dir='ltr'><strong>haec</strong></span> <span class='ocrx_word' id='word_1_678' title='bbox 3068 4702 3441 4758; x_wconf 79' lang='lat' dir='ltr'><strong>manifestata</strong></span> <span class='ocrx_word' id='word_1_679' title='bbox 3467 4708 3625 4759; x_wconf 87' lang='lat' dir='ltr'><strong>sunt.</strong></span> 
     </span>
    </p>
   </div>
   <div class='ocr_carea' id='block_1_105' title="bbox 2052 4788 3626 4857">
    <p class='ocr_par' dir='ltr' id='par_1_105' title="bbox 2052 4788 3626 4857">
     <span class='ocr_line' id='line_1_105' title="bbox 2052 4788 3626 4857; baseline 0.003 -14"><span class='ocrx_word' id='word_1_680' title='bbox 2052 4790 2209 4845; x_wconf 90' lang='lat' dir='ltr'><strong>Vers.</strong></span> <span class='ocrx_word' id='word_1_681' title='bbox 2264 4790 2319 4843; x_wconf 90' lang='lat'><strong>7.</strong></span> <span class='ocrx_word' id='word_1_682' title='bbox 2368 4791 2432 4844; x_wconf 84' lang='lat' dir='ltr'><strong>Et</strong></span> <span class='ocrx_word' id='word_1_683' title='bbox 2476 4819 2528 4831; x_wconf 90' lang='lat'>—</span> <span class='ocrx_word' id='word_1_684' title='bbox 2572 4788 2733 4843; x_wconf 88' lang='lat' dir='ltr'><strong>Vers.</strong></span> <span class='ocrx_word' id='word_1_685' title='bbox 2786 4788 2837 4843; x_wconf 90' lang='lat'><strong>8.</strong></span> <span class='ocrx_word' id='word_1_686' title='bbox 2860 4790 3100 4857; x_wconf 81' lang='lat' dir='ltr'><strong>faciam.</strong></span> <span class='ocrx_word' id='word_1_687' title='bbox 3145 4789 3419 4847; x_wconf 88' lang='lat' dir='ltr'><strong>Similiter</strong></span> <span class='ocrx_word' id='word_1_688' title='bbox 3447 4792 3626 4848; x_wconf 85' lang='lat' dir='ltr'><strong>etiam</strong></span> 
     </span>
    </p>
   </div>
   <div class='ocr_carea' id='block_1_106' title="bbox 1973 4878 2992 4948">
    <p class='ocr_par' dir='ltr' id='par_1_106' title="bbox 1973 4878 2992 4948">
     <span class='ocr_line' id='line_1_106' title="bbox 1973 4878 2992 4948; baseline -0.001 -13"><span class='ocrx_word' id='word_1_689' title='bbox 1973 4879 2100 4935; x_wconf 68' lang='lat' dir='ltr'><strong>haec</strong></span> <span class='ocrx_word' id='word_1_690' title='bbox 2133 4886 2225 4934; x_wconf 89' lang='lat' dir='ltr'><strong>:et</strong></span> <span class='ocrx_word' id='word_1_691' title='bbox 2264 4878 2341 4934; x_wconf 91' lang='lat' dir='ltr'><strong>ibi</strong></span> <span class='ocrx_word' id='word_1_692' title='bbox 2373 4879 2501 4948; x_wconf 92' lang='lat' dir='ltr'><strong>lege</strong></span> <span class='ocrx_word' id='word_1_693' title='bbox 2537 4878 2992 4934; x_wconf 89' lang='lat' dir='ltr'><strong>enarrationem.</strong></span> 
     </span>
    </p>
   </div>
   <div class='ocr_carea' id='block_1_107' title="bbox 2048 4967 2709 5023">
    <p class='ocr_par' dir='ltr' id='par_1_107' title="bbox 2048 4967 2709 5023">
     <span class='ocr_line' id='line_1_107' title="bbox 2048 4967 2709 5023; baseline -0.003 0"><span class='ocrx_word' id='word_1_694' title='bbox 2048 4969 2197 5023; x_wconf 87' lang='lat' dir='ltr'><strong>CAP.</strong></span> <span class='ocrx_word' id='word_1_695' title='bbox 2230 4968 2380 5022; x_wconf 85' lang='lat' dir='ltr'><strong>LXX.</strong></span> <span class='ocrx_word' id='word_1_696' title='bbox 2412 4970 2493 5023; x_wconf 84' lang='lat' dir='ltr'><strong>De</strong></span> <span class='ocrx_word' id='word_1_697' title='bbox 2521 4967 2709 5022; x_wconf 86' lang='lat' dir='ltr'><strong>vinea.</strong></span> 
     </span>
    </p>
   </div>
   <div class='ocr_carea' id='block_1_108' title="bbox 2046 5056 3628 5131">
    <p class='ocr_par' dir='ltr' id='par_1_108' title="bbox 2046 5056 3628 5131">
     <span class='ocr_line' id='line_1_108' title="bbox 2046 5056 3628 5131; baseline 0.003 -19"><span class='ocrx_word' id='word_1_698' title='bbox 2046 5059 2205 5112; x_wconf 87' lang='lat' dir='ltr'><strong>Vers.</strong></span> <span class='ocrx_word' id='word_1_699' title='bbox 2236 5057 2293 5111; x_wconf 92' lang='lat'><strong>9.</strong></span> <span class='ocrx_word' id='word_1_700' title='bbox 2328 5056 2498 5127; x_wconf 69' lang='lat' dir='ltr'><strong>Capit</strong></span> <span class='ocrx_word' id='word_1_701' title='bbox 2523 5087 2575 5097; x_wconf 89' lang='lat'><strong>—</strong></span> <span class='ocrx_word' id='word_1_702' title='bbox 2608 5056 2815 5111; x_wconf 77' lang='lat' dir='ltr'><strong>multa.</strong></span> <span class='ocrx_word' id='word_1_703' title='bbox 2851 5059 2981 5112; x_wconf 80' lang='lat' dir='ltr'><strong>Haec</strong></span> <span class='ocrx_word' id='word_1_704' title='bbox 3006 5058 3299 5129; x_wconf 87' lang='lat' dir='ltr'><strong>parabola</strong></span> <span class='ocrx_word' id='word_1_705' title='bbox 3335 5059 3628 5131; x_wconf 48' lang='lat' dir='ltr'><strong>quinquaé</strong></span> 
     </span>
    </p>
   </div>
   <div class='ocr_carea' id='block_1_109' title="bbox 1975 5145 3624 5219">
    <p class='ocr_par' dir='ltr' id='par_1_109' title="bbox 1975 5145 3624 5219">
     <span class='ocr_line' id='line_1_109' title="bbox 1975 5145 3624 5219; baseline 0.002 -16"><span class='ocrx_word' id='word_1_706' title='bbox 1975 5146 2272 5219; x_wconf 89' lang='lat' dir='ltr'><strong>gesimum</strong></span> <span class='ocrx_word' id='word_1_707' title='bbox 2303 5145 2885 5219; x_wconf 85' lang='lat' dir='ltr'><strong>estcaputEvangelii</strong></span> <span class='ocrx_word' id='word_1_708' title='bbox 2900 5146 3228 5204; x_wconf 88' lang='lat' dir='ltr'><strong>secundum</strong></span> <span class='ocrx_word' id='word_1_709' title='bbox 3253 5149 3624 5206; x_wconf 71' lang='lat' dir='ltr'><strong>Matthazum:</strong></span> 
     </span>
    </p>
   </div>
   <div class='ocr_carea' id='block_1_110' title="bbox 1468 5422 2426 5503">
    <p class='ocr_par' dir='ltr' id='par_1_110' title="bbox 1468 5422 2426 5503">
     <span class='ocr_line' id='line_1_110' title="bbox 1468 5422 2426 5503; baseline -0.002 -8"><span class='ocrx_word' id='word_1_710' title='bbox 1468 5422 1695 5495; x_wconf 71' lang='lat' dir='ltr'><strong>Variae</strong></span> <span class='ocrx_word' id='word_1_711' title='bbox 1742 5422 2071 5495; x_wconf 89' lang='lat' dir='ltr'><strong>lectiones</strong></span> <span class='ocrx_word' id='word_1_712' title='bbox 2119 5433 2185 5494; x_wconf 92' lang='lat' dir='ltr'><strong>et</strong></span> <span class='ocrx_word' id='word_1_713' title='bbox 2222 5431 2426 5503; x_wconf 63' lang='lat' dir='ltr'><strong>notae.</strong></span> 
     </span>
    </p>
   </div>
   <div class='ocr_carea' id='block_1_111' title="bbox 345 5602 1150 5684">
    <p class='ocr_par' dir='ltr' id='par_1_111' title="bbox 345 5602 1150 5684">
     <span class='ocr_line' id='line_1_111' title="bbox 345 5602 1150 5684; baseline 0.012 -23"><span class='ocrx_word' id='word_1_714' title='bbox 345 5604 463 5679; x_wconf 89' lang='lat'><strong>(37)</strong></span> <span class='ocrx_word' id='word_1_715' title='bbox 491 5607 574 5663; x_wconf 84' lang='grc' dir='ltr'>Ἐν</span> <span class='ocrx_word' id='word_1_716' title='bbox 594 5602 789 5684; x_wconf 78' lang='grc' dir='ltr'>ἕκιίνῳ,</span> <span class='ocrx_word' id='word_1_717' title='bbox 819 5625 931 5684; x_wconf 90' lang='lat' dir='ltr'><strong>pro</strong></span> <span class='ocrx_word' id='word_1_718' title='bbox 962 5608 1067 5668; x_wconf 64' lang='grc' dir='ltr'>ἐκεῖ</span> <span class='ocrx_word' id='word_1_719' title='bbox 1090 5618 1150 5671; x_wconf 84' lang='grc' dir='ltr'>Β.</span> 
     </span>
    </p>
   </div>
   <div class='ocr_carea' id='block_1_112' title="bbox 590 5705 1363 5783">
    <p class='ocr_par' dir='ltr' id='par_1_112' title="bbox 590 5705 1363 5783">
     <span class='ocr_line' id='line_1_112' title="bbox 590 5705 1363 5783; baseline 0.01 -18"><span class='ocrx_word' id='word_1_720' title='bbox 590 5705 833 5767; x_wconf 61' lang='lat' dir='ltr'><strong>Parma.</strong></span> <span class='ocrx_word' id='word_1_721' title='bbox 880 5709 985 5770; x_wconf 76' lang='lat' dir='ltr'><strong>Gn.</strong></span> <span class='ocrx_word' id='word_1_722' title='bbox 1028 5710 1307 5779; x_wconf 66' lang='lat' dir='ltr'><strong>CXXIX.‘</strong></span> <span class='ocrx_word' id='word_1_723' title='bbox 1355 5777 1363 5783; x_wconf 84' lang='lat'><em>_</em></span> 
     </span>
    </p>
   </div>
   <div class='ocr_carea' id='block_1_113' title="bbox 3336 5723 3415 5793">
    <p class='ocr_par' dir='ltr' id='par_1_113' title="bbox 3336 5723 3415 5793">
     <span class='ocr_line' id='line_1_113' title="bbox 3336 5723 3415 5793; baseline -0.025 0"><span class='ocrx_word' id='word_1_724' title='bbox 3336 5723 3415 5793; x_wconf 61' lang='grc' dir='ltr'><strong>ει</strong></span> 
     </span>
    </p>
   </div>
  </div>
