4144 6314
582 257 720 356 ,σω

1889 292 2234 350 summa
2283 254 2663 351 ZAGABENI

3870 292 3993 355 1068

581 437 637 479 et
691 422 761 478 ibi
807 437 1005 494 quaere
1064 420 1245 491 hujus
1294 420 1759 483 enarrationem,
1812 418 1888 473 ad
1939 417 2230 473 minutula

2354 426 2525 475 τησον
2583 416 2677 473 ἐκεῖ
2727 426 2818 479 τὴν
2869 426 3064 485 ταύτης
3120 422 3386 496 ἕξήγησιν,
3453 424 3825 497 λεπτομεροῦς
3874 421 3993 475 ἐκτε-

582 527 774 584 usque
819 513 1175 583 appositam.

657 601 816 656 Vers.
866 602 950 655 10.
985 600 1234 671 Cumque
1260 630 1323 640 -
1356 600 1517 655 Vers.
1568 601 1646 654 t2.
1687 599 1997 669 ejecerunt.
2044 597 2107 651 In
2140 595 2238 651 illo

579 690 766 761 capite
794 690 913 744 haec
944 704 1186 760 quoque
1216 687 1517 743 declarata
1548 692 1711 743 sunt.

654 780 811 834 Vers.
839 782 918 833 t3.
944 778 1113 833 Dixit
1143 809 1206 817 —
1232 778 1675 834 reverebantur.
1706 776 1983 833 Similiter
2013 781 2070 831 et
2091 775 2234 830 haec.

655 870 813 922 Vers.
850 866 933 920 H.
970 868 1112 923 Cum
1142 874 1337 922 autem
1378 867 1654 922 vidissent
1687 897 1747 905 —
1783 865 1945 920 Vers.
1982 866 2067 919 15.
2094 879 2238 920 occi-

579 956 805 1011 derunt.
836 955 960 1009 Pari
996 956 1175 1010 modo
1205 963 1259 1009 et
1280 955 1422 1011 haec.

652 1046 816 1101 Vers.
856 1049 936 1099 15.
974 1044 1119 1110 Quid
1142 1060 1285 1115 ergo
1314 1076 1383 1085 —
1415 1046 1573 1100 Vers.
1617 1046 1703 1100 16.
1740 1043 1909 1100 absit.
1945 1044 2129 1098 Etiam
2162 1040 2237 1097 de

577 1134 670 1191 his
703 1134 1019 1204 diligenter
1044 1132 1128 1188 ibi
1154 1133 1379 1189 dictum
1412 1139 1520 1189 est.

652 1224 809 1279 Vers.
844 1229 925 1277 17.
959 1223 1033 1277 At
1064 1222 1164 1277 ille
1204 1254 1272 1264 -
1301 1224 1567 1293 anguli?
1609 1224 1891 1278 Praeterea
1915 1227 1973 1277 et
2014 1220 2089 1277 de
2120 1220 2233 1275 his.

647 1314 804 1367 Vers.
847 1314 924 1365 t8.
960 1310 1163 1365 Omnis
1193 1341 1253 1350 -—
1290 1326 1442 1366 eum.
1478 1312 1767 1366 Praedicto
1814 1310 2029 1381 capite,
2078 1315 2235 1381 post-

574 1416 758 1473 quam
791 1401 968 1455 etiam
1013 1399 1156 1454 illud
1201 1400 1449 1465 addidit,
1488 1400 1654 1473 quod
1702 1400 1777 1455 de
1803 1400 1918 1454 hac
1953 1397 2235 1454 Davidica

573 1490 886 1561 prophetia
913 1489 1005 1543 hic
1038 1488 1307 1543 relictum
1337 1494 1428 1544 est
1454 1506 1467 1554 ;
1498 1496 1808 1560 postquam
1840 1489 2019 1543 etiam
2044 1486 2231 1542 dixit:

570 1579 709 1633 Ideo
738 1578 864 1632 dico
896 1577 1254 1648 uobis,quod
1270 1578 1507 1633 tolletur
1528 1594 1562 1633 a
1585 1578 1746 1633 vobis
1764 1593 2005 1649 regnum
2031 1577 2152 1640 Dei,
2181 1580 2233 1631 et

568 1667 816 1722 dabitur
832 1666 1064 1721 nationi
1086 1666 1330 1735 [acienli
1344 1668 1577 1735 fructus
1600 1668 1726 1736 ejus
1740 1668 1809 1730 ⁴¹,
1835 1672 1977 1721 tunc
2004 1665 2228 1720 intulit:

2351 507 2612 580 θειμένην,

2425 598 2526 650 Κλὶ
2576 598 2621 651 ἐν
2674 632 2733 641 -
2782 599 3029 663 ἐξέϐαλον.
3089 603 3168 655 Ἐν
3213 602 3381 674 ἐκείνῳ
3456 610 3545 673 τῷ
3595 600 3877 675 κεφαλαίῳ
3914 608 3989 654 καὶ

2348 696 2513 739 ταῦτα
2548 690 2970 760 ἡρμηνεύθησαν.

2420 774 2543 830 Εἶπε
2575 810 2640 819 -
2673 779 3107 851 ἐντραπήσονται.
3138 780 3356 852 Ὁμοίως
3377 787 3485 834 καὶ
3521 788 3737 836 ταῦτα.

2421 864 2637 929 Ἰδόντες
2664 864 2723 920 δί
2752 900 2821 908 -
2851 868 3166 925 ἀπέκτειναν.
3199 870 3484 932 Ὡσαύτως
3520 876 3627 922 καὶ
3664 877 3866 921 ταῦτα.

2416 1050 2479 1097 Τί
2504 1044 2591 1097 οὖν
2629 1077 2701 1085 -
2736 1050 2953 1117 γίνοιτο.
2992 1052 3090 1100 Καὶ
3123 1053 3238 1123 περὶ
3268 1050 3469 1100 τούτων
3508 1046 3631 1100 ἕκιί
3680 1050 3822 1119 μετὰ
3866 1045 3989 1119 iapi-

2347 1132 2483 1194 €sia;
2511 1132 2727 1208 ἐρρήθη.

2413 1222 2471 1275 Ὀ
2503 1220 2562 1275 δε
2585 1254 2650 1263 -—
2676 1230 2862 1295 γωνίας
2887 1244 2899 1288 ;
2929 1224 3043 1278 ’Ἐτι
3068 1230 3157 1277 καὶ
3187 1231 3305 1299 περὶ
3331 1228 3582 1278 τούτων.

2419 1318 2521 1372 Πᾶς
2586 1344 2637 1353 --
2698 1313 2876 1370 αὐτόν,
2943 1314 3024 1366 Ἐν
3069 1323 3142 1384 τῷ
3206 1312 3504 1372 δηλωθέντι.
3569 1315 3858 1387 κεφαλαίῳ
3912 1306 3985 1365 καὶ

2343 1405 2399 1453 τὸ
2464 1401 2755 1474 λειπόμενον
2838 1411 2929 1463 τῆς
3005 1411 3281 1464 Δαυῑτικῆς
3351 1407 3581 1465 ταύτης
3670 1410 3982 1478 προφητείας

2343 1492 2611 1564 προσθεὶς,

2346 1578 2629 1649 ἀρθήσεται
2665 1578 2750 1651 ἀφ’
2780 1582 2924 1652 ὑμῶν
2973 1583 3003 1639 η
3057 1581 3305 1654 βασιλεία
3355 1590 3454 1634 τοῦ
3522 1590 3703 1648 Θεοῦ,
3767 1588 3859 1633 καὶ
3908 1579 3979 1632 δοο

2695 1488 2806 1543 εἶτα
2860 1492 3033 1544 εἰπών’
3104 1496 3198 1545 Διὰ
3254 1501 3407 1545 τοῦτο
3482 1493 3637 1564 λέγω
3704 1495 3855 1565 ὑμῖν,
3920 1495 3983 1544 ὁί

2346 1671 2563 1726 θήσεται
2623 1671 2753 1721 ἔθνει
2809 1679 3044 1723 ποιοῦντι
3104 1676 3223 1733 τοὺς
3275 1675 3526 1743 καρποὺς
3604 1672 3808 1732 αὐτῆς·
3884 1690 3979 1721 τοτε

568 1756 644 1811 Et
683 1757 783 1827 qui
805 1756 1074 1811 ceciderit
1091 1772 1262 1824 super
1288 1757 1443 1811 hunc
1471 1756 1749 1823 lapidem,
1777 1756 2229 1825 confringetur;

2354 1757 2598 1829 ἱπήγαγεν
2660 1761 2741 1811 ὅτι
2790 1765 2890 1812 Καὶ
2947 1762 2972 1811 ὁ
3032 1766 3202 1813 πεσὼν
3263 1760 3345 1813 ἐπὶ
3412 1765 3515 1812 τὸν
3570 1761 3729 1812 λίθον
3789 1768 3973 1825 τοῦτον,

566 1861 741 1916 super
767 1859 1155 1915 quemcunque
1204 1859 1339 1900 vero
1392 1846 1682 1910 ceciderit,
1717 1849 1977 1900 conteret
2009 1861 2131 1899 eum
2160 1846 2227 1898 ⁸³.

568 1936 716 1990 Sunt
755 1940 955 2005 itaque
1000 1949 1091 1995 ea,
1123 1950 1254 2005 quae
1284 1934 1590 1989 Mattheus
1623 1934 1821 1999 habet,
1856 1940 2058 1989 exacte
2090 1933 2231 1988 reci-

570 2029 709 2092 tata,
733 2037 863 2095 quae
886 2029 1082 2078 autem
1100 2023 1261 2094 apud
1286 2024 1552 2079 Marcum
1576 2030 1632 2079 et
1658 2025 1878 2078 Lucam
1911 2022 2229 2085 habentur,

565 2111 985 2183 compendiose
1034 2112 1269 2178 tradita,
1316 2113 1837 2185 quemadmodum
1890 2112 2233 2184 frequenter

565 2200 857 2255 diximus.

637 2289 811 2361 Apud
829 2305 1039 2344 omnes
1068 2289 1262 2361 itaque
1284 2289 1682 2359 evangelistas
1709 2289 1865 2345 hanc
1892 2289 2229 2345 invenimus

565 2376 1167 2450 dispensationem,ut
1180 2382 1428 2450 quisque
1441 2395 1649 2434 eorum
1666 2379 1857 2434 interd
1870 2395 1968 2433 um
1984 2378 2228 2450 quidem

567 2467 900 2537 diligenter,
924 2467 1113 2522 interd
1126 2483 1224 2521 um
1240 2472 1441 2522 autem
1457 2468 1890 2539 compendiose
1905 2467 2224 2522 retulerint.

568 2556 949 2627 Propositum
1011 2560 1213 2611 autem
1272 2557 1515 2611 verbum
1577 2556 1732 2611 dicto
1801 2557 1993 2628 capite
2056 2557 2229 2627 juxta

566 2644 912 2700 Mattheum
943 2644 1311 2700 declaratum
1360 2650 1449 2700 est
1484 2651 1581 2713 ;et
1620 2646 1699 2701 ibi
1747 2662 1945 2716 quaere
1992 2660 2229 2701 enarra-

572 2736 816 2790 tionem.

642 2824 808 2878 Vers.
857 2826 946 2879 19.
998 2822 1073 2877 Et
1120 2822 1455 2894 quaerebant
1490 2824 1819 2889 —di.'rerit.
1878 2825 2023 2881 Htec
2087 2824 2229 2880 item

572 2912 942 2968 manifestius
970 2911 1203 2982 scripsit
1229 2912 1533 2967 Mattheus
1561 2914 1844 2983 praedicto
1877 2914 2083 2984 capite.

644 3000 802 3056 CAP.
828 3002 997 3056 LXXI.
1030 3002 1117 3057 De
1144 3000 1231 3055 his
1274 3001 1377 3073 qui
1404 3002 1721 3058 Dominum
1762 3002 2230 3073 interrogabant,

1068 3092 1369 3146 occasione
1396 3106 1623 3147 census.

645 3180 807 3235 Vers.
841 3178 927 3235 20.
981 3180 1059 3234 Et
1104 3180 1477 3236 observantes
1516 3211 1585 3220 —
1611 3180 1894 3249 praesidis.
1950 3182 2041 3237 Ait
2090 3184 2233 3239 Mat-

575 3268 834 3325 theusin
854 3269 1695 3342 ﬁnequinquagesimicapitis
1727 3287 1739 3324 :
1763 3272 1930 3326 Tunc
1955 3271 2232 3330 abeuntes

574 3357 869 3414 Phariszi
896 3358 1208 3413 consilium
1259 3366 1551 3427 ceperunt,
1582 3364 1646 3412 ut
1678 3360 2068 3429 illaquearent
2100 3376 2230 3416 eum

575 3448 638 3503 in
664 3462 917 3503 sermone
937 3450 1005 3515 ’³,
1033 3452 1089 3502 et
1116 3452 1347 3502 caetera.
1381 3449 1527 3519 Lege
1555 3464 1696 3520 ergo
1725 3448 1963 3504 illorum
1996 3466 2229 3505 enarra-

576 3539 822 3597 tionem.
845 3542 902 3592 et
931 3536 1010 3591 ibi
1028 3537 1205 3593 etiam
1226 3537 1613 3609 praesentium
1631 3537 1951 3593 verborum
1969 3538 2233 3594 declara-

576 3624 794 3680 tionem
826 3624 1115 3680 invenies.

651 3804 807 3859 Vers.
825 3803 912 3859 21.
939 3803 1023 3861 Et
1042 3809 1559 3874 interrogaverunt
1582 3834 1651 3844 —
1668 3802 1835 3859 Vers.
1858 3803 1946 3858 22.
1972 3820 2051 3861 an
2072 3820 2190 3859 non
2204 3803 2233 3859 7

578 3892 1091 3964 Quinquagesimo
1120 3892 1385 3947 secundo
1410 3894 1597 3964 capite
1625 3892 1698 3947 de
1733 3892 1825 3946 his
1857 3893 2233 3948 manifestius

579 3981 815 4055 scripsit
839 3981 1167 4045 Matthaeus,
1199 3986 1256 4037 et
1298 3981 1379 4036 ibi
1414 3980 1684 4036 similiter
1722 3997 1923 4054 quaere
1952 3982 2234 4053 interpre-

582 4073 886 4129 tationem.

654 4161 932 4215 Vers.25.
989 4157 1347 4229 Cognita—
1395 4160 1553 4213 Vers.
1621 4162 1710 4215 26.
1772 4163 2106 4216 tacuerunt.
2168 4161 2232 4216 In

580 4248 681 4303 illo
707 4248 881 4303 etiam
915 4247 1131 4302 horum
1162 4246 1314 4303 facta
1344 4254 1430 4301 est
1460 4248 1701 4313 mentio,
1744 4248 2005 4320 dataque
2058 4249 2233 4305 inter-

580 4336 846 4409 pretatio.

972 4426 1128 4482 CAP.
1160 4425 1360 4481 LXXII.
1405 4424 1485 4480 De
1513 4425 1869 4482 Sadduczis.

651 4512 818 4570 Vers.
845 4516 930 4569 27.
961 4513 1306 4570 Accedentes
1327 4544 1395 4554 —
1427 4514 1587 4569 Vers.
1623 4519 1709 4571 33.
1744 4530 2010 4573 uxorem.
2041 4519 2231 4591 Caput

574 4603 688 4661 hoc
724 4603 1545 4677 quinquagesimumtertium
1559 4611 1649 4660 est
1679 4604 1846 4677 apud
1860 4608 2225 4665 Matthmum:

574 4701 633 4752 et
662 4694 741 4750 ibi
768 4709 967 4766 quaere
1008 4699 1189 4750 totam
1224 4694 1689 4751 enarrationem.

647 4784 805 4838 Vers.
834 4782 921 4837 34.
964 4783 1037 4837 Et
1062 4814 1131 4825 -—
1154 4790 1403 4852 nuptum
1436 4783 1599 4839 dant.
1634 4785 1753 4840 Hoc
1785 4788 1893 4851 est,
1924 4784 2029 4841 ﬁlii
2050 4785 2227 4858 hujus

576 4872 807 4938 mundi,
840 4872 1016 4943 hujus
1044 4873 1189 4927 vitae.

646 4964 803 5017 Vers.
834 4962 922 5016 35.
969 4960 1081 5026 Qui
1123 4976 1253 5016 vero
1281 4991 1347 5001 —
1374 4960 1538 5016 Vers.
1571 4961 1659 5017 36.
1716 4961 1831 5018 sint
1877 4964 2010 5031 ﬁlii.
2054 4966 2220 5036 Apud

571 5050 910 5108 Matthaaum
948 5049 1127 5105 etiam
1157 5050 1373 5106 horum
1403 5048 1560 5107 facta
1580 5058 1673 5107 est
1697 5053 2217 5128 mentio,dataque

642 5282 911 5341 “Matth.
943 5296 1062 5347 χχι,
1088 5281 1178 5337 43.
1255 5281 1303 5319 ⁴²
1334 5280 1479 5338 Ibid.
1513 5284 1603 5339 44.

1682 5284 1728 5320 ⁴³
1762 5284 1966 5343 Matth.
1990 5303 2133 5357 χχιι,
2182 5294 2265 5347 15.

3084 1850 3136 1900 ὃν
3213 1847 3263 1902 δ’
3333 1849 3392 1901 ἂν
3476 1855 3661 1922 πέσῃ,
3747 1849 3973 1920 λικμήσει

2343 1936 2517 1988 αὐτόν.
2579 1936 2730 1989 Ἐστι
2776 1942 2947 1989 τοίνυν
2995 1942 3061 1991 τὰ
3108 1942 3198 2010 μεν
3246 1946 3337 1991 τοῦ
3386 1942 3697 1992 Ματθαίου
3753 1936 3971 2011 ἀκρίϐεια

2346 1847 2645 1905 συνθλασθὴ
2655 1868 2801 1900 σεται
2835 1869 2847 1881 ·
2920 1849 2997 1921 ἐφ’

2342 2023 2658 2097 ἀπαγγελίας
2698 2029 2764 2077 τὰ
2793 2024 2853 2079 δὲ
2900 2028 3013 2095 (38)
3060 2035 3152 2078 τοῦ
3200 2033 3380 2079 Λουκά
3426 2033 3719 2099 συντομία
3767 2026 3970 2097 ἀπαγγε-

2341 2114 2470 2184 λίας,
2509 2118 2572 2176 ὡς
2600 2115 2844 2178 πολλάκις
2875 2116 3170 2191 εἰρήκαμεν.

2416 2295 2566 2364 Παρὰ
2600 2299 2733 2345 πᾶσι
2785 2289 2843 2345 δὲ
2886 2301 2991 2354 τοῖς
3048 2292 3445 2365 εὖαγγελισταῖς
3511 2295 3835 2366 εὑρίσκομεν
3881 2294 3956 2347 τήν

2342 2385 2589 2441 τοιαύτην
2635 2383 2931 2453 οἰκονομίαν
2985 2382 3207 2434 ἑκάστου
3262 2382 3433 2434 αὖτὶιν
3498 2386 3640 2435 ποτε
3699 2385 3792 2454 μεν
3835 2379 3957 2451 ἀκρι-

2345 2470 2461 2537 ϐῶς,
2513 2474 2636 2524 ποτε
2706 2468 2764 2523 δὲ
2832 2478 3099 2543 συντόμως
3156 2470 3608 2542 ἀπαγγέλλοντος.
3675 2475 3746 2524 Τὸ
3802 2474 3950 2542 μέντοι

2343 2566 2674 2634 προκείμενον
2741 2562 2898 2635 ῥητὸν
2974 2561 3025 2612 ἐν
3099 2569 3170 2631 τῷ
3239 2561 3452 2635 ῥηθέντι
3535 2561 3806 2633 κεφαλαίῳ
3878 2562 3949 2607 τοὺ

2343 2652 2479 2701 κατὰ
2544 2652 2809 2703 Ματθαίον
2867 2652 3208 2723 ἡρμήνευται.
3264 2655 3362 2703 Καὶ
3416 2654 3672 2711 ζήτησον
3729 2648 3829 2701 ἐκεῖ
3873 2650 3942 2701 τήν

2343 2738 2611 2809 ἐξήγησιν.
2879 2704 2912 2749 λ

2417 2833 2518 2881 Καὶ
2564 2828 2828 2888 ἐζήτησαν
2870 2859 2937 2870 —-
2989 2824 3113 2880 εἶπε.
3183 2832 3283 2881 Καὶ
3330 2835 3511 2880 ταῦτα
3566 2831 3869 2900 σαφέστερον
3914 2822 3933 2872 ὁ

2343 2920 2613 2979 Ματθαῐος
2646 2920 2922 2990 ἱστόρησεν
2955 2916 3001 2968 ἐν
3028 2916 3198 2988 ἐκείνῳ
3239 2925 3309 2986 τῷ
3341 2917 3642 2988 κεφαλαίῷ.

2452 3013 2597 3060 ΚΕΦ.
2632 3007 2758 3058 ΟΑ¹.
2791 3012 2913 3079 Περὶ
2938 3014 3037 3058 τῶν
3069 3006 3353 3077 ίγκαθέτων
3386 3002 3489 3059 διὰ
3518 3012 3612 3058 τὸν
3644 3013 3837 3063 κῆνσον.

2416 3190 2515 3237 Καὶ
2600 3189 3071 3260 παρατηρήσαντες
3147 3216 3217 3224 -
3307 3185 3600 3255 ἡγεμόνος.
3700 3174 3901 3237 haud

2341 3276 2616 3335 Ματθαίος
2673 3274 2720 3325 ἐν
2790 3281 2863 3344 τῷ
2942 3273 3072 3327 τέλει
3145 3280 3237 3325 τοῦ
3310 3280 3682 3331 πεντηκοστοῦ
3744 3272 3905 3339 πρῶτον

2341 3362 2617 3434 κεφαλαίου
2679 3363 2859 3415 αὑτουο
2915 3368 3042 3415 “rm
3120 3363 3455 3437 πορευθέντες
3523 3366 3576 3415 οἱ
3660 3361 3911 3433 Φαρισαῖοι,

2344 3452 2658 3524 συμϐούλιον
2731 3451 2930 3521 ἔλαϐον,
3001 3456 3138 3513 ὅπως
3208 3451 3364 3504 αὐτὸν
3434 3448 3827 3523 παγιδεύσωσιν
3877 3444 3914 3491 ἐι

2341 3541 2497 3613 λόγῳ,
2524 3546 2613 3593 καὶ
2647 3544 2712 3593 τὰ
2759 3542 2842 3603 ἐξῆ
2857 3561 2895 3602 ς.
2933 3545 3032 3593 Καὶ
3064 3538 3322 3610 ἀνάγνωθι.
3351 3544 3446 3598 τὴν
3486 3540 3736 3611 ἐξήγησιν
3757 3534 3914 3595 αὐτῶν,

2340 3640 2430 3682 και
2460 3632 2697 3702 εὑρήσεις
2727 3629 2827 3682 ἕκεῑ
2870 3634 2955 3681 καὶ
2988 3633 3081 3686 τὴν
3129 3637 3228 3681 τῶν
3268 3635 3545 3702 παρόντων
3581 3629 3746 3703 ῥητῶν
3775 3622 3912 3689 σαφή-

2340 3739 2497 3772 νειαν.

2416 3814 2515 3861 Καὶ
2536 3809 2878 3883 ἐπηρώτησαν
2910 3839 2975 3848 —
3006 3808 3036 3867 ἦ
3076 3810 3171 3874 of};
3214 3806 3295 3860 Ἐν
3334 3815 3405 3877 τῷ
3436 3808 3766 3870 πεντηκοστῷ
3813 3792 3911 3847 δενί

2340 3903 2469 3970 τέρῳ
2498 3898 2753 3969 κεφαλαίῳ
2786 3902 2899 3970 περὶ
2929 3900 3121 3948 τούτων
3156 3899 3468 3970 σαφέστερον
3499 3890 3757 3969 ἔγραψενό
3786 3892 3909 3939 Mar-

2345 3990 2506 4049 θαῖος·
2536 3992 2626 4039 καὶ
2647 3988 2879 4048 ζήτησον
2906 3984 3009 4038 ὶκεί
3031 3987 3216 4057 ὁμοίως
3236 3989 3329 4043 τὴν
3360 3984 3652 4058 ἑρμηνείαν.

2416 4170 2751 4227 Κατανοήσας
2801 4194 2870 4205 -
2925 4162 3200 4235 ἐσίγησαν.
3253 4162 3335 4215 Ἐν
3386 4170 3460 4233 τῷ
3519 4161 3722 4226 τοιούτῳ
3770 4164 3897 4219 κεφα·

2338 4254 2466 4326 λαίῳ
2521 4262 2687 4306 ταῦτα
2732 4255 2903 4306 πάντα
2946 4252 3403 4325 ίμνημονεύθησάν
3454 4271 3510 4306 τε
3555 4252 3638 4301 καὶ
3674 4237 3897 4316 ἡρμηνιύ·

2341 4345 2402 4402 θη
2412 4363 2527 4396 σαν.

2644 4438 2790 4486 ΚΕΦ.
2825 4429 2942 4486 ΟΒ’.
2972 4434 3098 4505 Περὶ
3122 4438 3222 4482 τῶν
3244 4425 3631 4483 Σαδδουκαίων.

2410 4521 2776 4596 Προσελθοντες
2799 4551 2863 4560 --
2884 4527 3124 4592 γυναῖκα.
3166 4522 3234 4571 Τὸ
3262 4518 3533 4591 κεφάλαιον
3563 4519 3699 4567 τοῦτο
3726 4515 3881 4595 ﬁt???

2336 4615 2524 4664 κοστὸν
2548 4617 2721 4686 τρίτοτ
2743 4610 2857 4663 ἐστὶ
2885 4611 3029 4683 παρᾶ
3069 4615 3142 4680 τῷ
3172 4610 3447 4679 Ματθαίῳ·
3479 4610 3561 4659 καὶ
3598 4602 3795 4659 ζήτησον
3826 4600 3869 4632 τν

2336 4702 2509 4773 ἐκείνῳ
2538 4706 2631 4760 τὴν
2658 4701 2778 4758 ὅλην
2814 4699 3089 4769 ἐξήγησιν.

2409 4771 2509 4845 Kal
2547 4821 2616 4832 —
2648 4789 3079 4862 ὶκγαμίσκονται.
3132 4789 3200 4841 Οἱ
3244 4794 3340 4840 τοῦ
3384 4788 3566 4856 κόσμου
3602 4771 3708 4826 τοῦτ

2332 4889 2428 4943 τῆς
2455 4881 2589 4941 ζωῆς
2613 4882 2827 4940 ταύτης.

2406 4972 2471 5022 Οἱ
2503 4965 2559 5021 δὲ
2604 5000 2671 5009 -
2701 4969 2806 5020 υἱοὶ
2838 4970 2994 5028 ὄντες.
3052 4967 3204 5040 Παρὰ
3244 4973 3317 5036 τῷ
3348 4964 3593 5033 Maroni?
3628 4952 3814 5043 xui-1ft:

2334 5057 2788 5131 ἐμνημονεύθησάν
2832 5076 2887 5110 τε
2915 5060 3005 5110 καὶ
3047 5057 3453 5130 ἡρμηνεύθησαν
3493 5051 3545 5105 ἐν
3602 5051 3666 5117 τῷ
3704 5032 3883 5114 ῥηθέντι

3712 4783 3781 4833 ου,
3820 4755 3865 4808 οἱ

3737 4944 3877 4995 ταῦτα

1800 5488 2029 5560 Variae
2060 5491 2385 5564 lectiones
2424 5502 2490 5564 et
2522 5503 2723 5565 notae.

629 5707 745 5791 (38)
774 5704 1097 5769 Hantenius
1121 5705 1288 5769 addit
1317 5730 1333 5772 :
1363 5715 1465 5766 Τοῦ
1490 5712 1708 5791 Μάρκου
1738 5716 1847 5772 καὶ.
1882 5711 2070 5774 Habet
2102 5718 2230 5775 aute

2354 5734 2458 5777 nec
2491 5721 2721 5779 Marcus
2750 5734 2844 5791 xu,
2876 5717 2967 5780 10.
