4144 6314
263 401 402 464 4069

1426 483 1439 503 9

1366 505 1388 527 2
1421 509 1462 527 In

266 532 539 605 κεφαλαίῳ,
570 534 687 585 ἔνθα
728 542 892 587 κεῖται
920 539 1006 586 τό·
1058 534 1140 585 Ἐν
1167 529 1270 604 γάρ
1321 521 1389 605 “3”
1421 509 1717 583 αναστάσαι
1748 538 1864 588 οὔτε
1896 535 1939 588 Α

264 630 524 695 γαμοῦσι,
544 624 658 675 οὔτε
688 620 1073 695 ἐκγαμίζονται,
1106 627 1190 675 καὶ
1218 622 1284 673 τὰ
1315 604 1453 673 ἑξῆς·

337 799 458 853 Ὀτι
477 832 545 841 -
568 799 753 873 βάτου.
779 798 1068 859 Ἐδήλωσεν
1085 800 1166 855 ἐπὶ
1182 810 1275 863 τῆς
1302 800 1511 874 Γρσφῆς
1538 807 1632 864 τῆς
1656 801 1823 876 βάτου
1846 820 1860 835 ⁸

268 888 405 946 αὕτη
440 886 499 942 δὲ
527 892 803 963 ἱστόρηται
833 893 882 943 ἐν
913 899 974 965 τῇ
1011 888 1174 964 βίϐλῳ
1202 899 1298 954 τῆς
1329 883 1564 951 Ἐξόδου.

336 1065 423 1127 Ὠς
452 1066 589 1138 λέγει
627 1097 696 1109 -—
751 1068 902 1129 ζῶσι.
936 1073 1036 1122 Καὶ
1078 1073 1194 1144 περὶ
1243 1072 1437 1122 τούτων
1486 1067 1776 1131 ἀκολούθως
1819 1070 1867 1122 ἒν

263 1162 339 1225 τῷ
397 1152 680 1213 δηλωθέντι
732 1157 986 1230 κεφαλαίῳ
1022 1165 1113 1210 τοῦ
1164 1161 1437 1212 Ματθαίου
1491 1163 1728 1235 εἴρηται⁸
1778 1164 1869 1212 καὶ

271 1248 507 1307 ζήτησον
540 1245 658 1299 ἐκεῖ.

340 1333 731 1407 Ἀποκριθέντες
786 1365 854 1374 ——
912 1331 1084 1388 οὐδέν.
1137 1335 1277 1389 Ἐκεῖ
1343 1341 1432 1389 καὶ
1478 1344 1644 1390 ταῦτα
1714 1336 1867 1409 ἐμνη-

257 1425 616 1493 μονεύθησαν,
700 1426 819 1475 ἔνθα
882 1428 977 1476 τό⁶
1041 1430 1140 1478 Καὶ
1211 1424 1520 1489 ἀκούσαντες
1594 1429 1642 1479 οἱ
1715 1426 1868 1499 ὄχλοι

252 1510 638 1573 ἐξεπλήσσοντο
671 1510 755 1564 ἐπὶ
784 1520 846 1585 τῇ
890 1509 1098 1586 διδαχῇ
1134 1514 1314 1570 αύτού.

257 1607 417 1655 ΚΕΦ.
491 1600 606 1655 ΟΓ’.
676 1602 966 1674 Ἐρώτησις
1022 1606 1147 1675 πρὸς
1204 1608 1321 1665 τούς
1386 1610 1698 1680 Φαρισαίους
1759 1613 1869 1668 πῶς

659 1689 802 1742 ἐστιν
834 1695 945 1753 υίὸς
971 1691 1137 1744 Δαυίὸ
1165 1695 1189 1745 6
1227 1699 1473 1766 Χριστός.

331 1775 466 1829 Εἶπε
495 1808 556 1817 -
603 1777 752 1847 iam;
786 1784 1051 1842 Ματθαῑος
1104 1778 1162 1834 δέ
1208 1802 1363 1854 φησιν
1411 1781 1459 1833 ἐν
1502 1784 1573 1853 τῷ
1613 1803 1866 1841 πεντηκο-

264 1874 372 1935 στῷ
464 1869 679 1938 πέμπτῳ
776 1868 933 1920 αὐτοῦ
1035 1869 1289 1942 κεφαλαίῳ
1390 1873 1466 1923 ὅτι
1536 1876 1867 1943 Συνηγμένων
1900 1893 1939 1945 Β

262 1963 365 2006 τῶν
470 1961 788 2030 Φαρισαίων,
870 1956 1201 2031 ἐπηρώτησεν
1282 1960 1468 2022 αὐτούς
1549 1963 1574 2011 6
1662 1960 1868 2021 Ἰησοῦς

259 2042 433 2115 λέγων
456 2061 467 2073 '
493 2049 555 2097 Τί
585 2047 704 2116 ύμῖν
725 2042 874 2098 δοκεῖ
895 2052 1012 2120 περὶ
1037 2056 1128 2099 τοῦ
1147 2056 1400 2122 Χριστοῦ,
1420 2053 1557 2110 τίνος
1582 2052 1693 2110 υἱός
1723 2048 1864 2121 ἐστι;

258 2137 351 2185 xui
416 2135 481 2185 τὰ
539 2133 674 2197 ἑξῆς.
748 2140 847 2187 Καὶ
891 2138 1292 2208 ἡρμηνεύθησαν
1349 2136 1453 2190 ἐκεῖ
1514 2139 1683 2190 πάντα
1736 2142 1870 2191 κατά

253 2221 437 2292 λόγον.

330 2312 645 2374 Ἀκούοντος
697 2343 762 2352 -
814 2309 1059 2377 δείπνοις.
1118 2317 1404 2388 Ἀνκγνωθι
1451 2314 1498 2368 ἐν
1542 2324 1613 2387 τῷ
1661 2316 1869 2390 ῥηθέντι

254 2401 524 2473 κεφαλαίῳ
581 2409 673 2453 τοῦ
730 2405 865 2455 κατὰ
936 2406 1198 2457 ΙνῙατθαίον
1263 2411 1354 2465 τὴν
1414 2404 1660 2478 ἰξήγησιν
1730 2414 1866 2458 τοῦ⁶

260 2490 600 2543 Πλατύνουσι
619 2494 719 2565 γὰρ
749 2494 814 2543 τὰ
836 2492 1163 2569 φυλακτήρια
1190 2495 1380 2563 αὐτῶν,
1411 2499 1494 2546 xui
1521 2495 1870 2567 μεγαλύνουσι

257 2582 325 2631 τὰ
375 2577 659 2653 κράσπεδα
701 2589 800 2632 τῶν
854 2584 1069 2654 ἱματίων
1116 2583 1303 2651 αὐτῶν,
1348 2589 1437 2636 καὶ
1477 2587 1540 2636 τὰ
1585 2584 1737 2645 ἑξῆς·
1780 2589 1870 2637 καὶ

260 2670 387 2743 εὑρή
402 2686 510 2729 σεις
534 2674 651 2744 περὶ
682 2672 906 2724 πάντων.

338 2758 408 2809 Οἳ
447 2788 509 2797 -
557 2767 740 2831 κρῖμα.
798 2761 880 2812 Ἐν
913 2768 983 2830 τῷ
1039 2769 1374 2831 πεντηκοστῷ
1429 2763 1556 2831 ἕκτῳ
1612 2759 1870 2832 κεφαλαίῳ

265 2854 358 2899 τοῦ
392 2850 529 2898 κατὰ
582 2850 851 2900 διατθαίον
904 2848 1010 2901 εἶπε
1061 2854 1150 2901 xui
1208 2853 1334 2923 πρὸς
1376 2854 1496 2911 τούς
1546 2856 1871 2922 Γραμματεῖς

267 2942 360 2987 καὶ
416 2940 769 3007 Φαρισαίους·
842 2937 976 2989 Ούαὶ
1035 2939 1174 3009 ύμῖν,
1233 2945 1559 3013 Γραμματεῐς
1629 2944 1718 2990 καὶ
1772 2945 1869 2992 Φα-

270 3031 474 3097 ρισαῖοι
536 3026 831 3099 ὑποκριταὶ,
897 3027 976 3079 ὅτι
1041 3029 1339 3080 κατεσθίετε
1400 3031 1489 3090 τὰς
1554 3028 1716 3089 οἰκίας
1770 3038 1869 3081 τῶν

271 3121 476 3185 χηρῶν,
527 3118 616 3166 καὶ
674 3117 737 3167 τὰ
794 3114 929 3177 ἑξῆς.
988 3121 1089 3169 Καὶ
1147 3115 1402 3189 ἀνάγνωθι
1476 3122 1569 3177 τήν
1624 3117 1870 3190 ἐξήγησιν

325 3201 336 3217 9
389 3210 406 3216 ι

273 3221 462 3255 αυτων.

280 3297 426 3344 ΚΕΦ.
495 3291 613 3345 ΟΔ’.
684 3298 808 3368 Περὶ
873 3302 966 3355 τῆς
1030 3300 1208 3370 χήρας
1272 3304 1363 3357 τῆς
1427 3299 1493 3349 τὰ
1556 3292 1653 3349 δύο
1712 3296 1874 3350 λεπτὰ

931 3383 1217 3457 βαλούσης.

346 3471 661 3544 Ἀναϐλέψας
704 3505 771 3513 -
810 3472 973 3528 ἔϐαλε.
1029 3480 1151 3549 Περὶ
1198 3478 1387 3537 ταύτης
1440 3482 1529 3528 καὶ
1589 3478 1614 3529 6
1662 3479 1873 3550 Μάρκος

271 3556 507 3613 διέϐαλεν
539 3561 588 3613 ἐν
627 3570 700 3633 τῷ
731 3572 1139 3637 τεσσαρακοστῴ
1171 3571 1360 3638 πρώτῳ
1391 3566 1647 3638 κεφαλαίῳ
1680 3566 1835 3619 αὑτοῦ
1857 3584 1868 3597 ⁶

268 3656 364 3701 καὶ
398 3655 624 3713 ζήτησον
654 3651 757 3704 ἐκεῖ
784 3657 877 3711 τήν
909 3654 1028 3711 ὅλην
1056 3652 1325 3726 ἐξήγησιν.

351 3829 450 3877 Καί
508 3845 655 3878 τινων
707 3858 775 3867 —
825 3826 1265 3886 καταλυθήσεται.
1326 3830 1541 3900 Εἴρηται
1586 3833 1705 3903 περὶ
1757 3831 1874 3880 τού-

270 3932 375 3965 των
414 3914 636 3989 ἀκριϐῶς
686 3914 733 3967 ἐν
777 3925 848 3987 τῷ
896 3917 1027 3969 τέλει
1066 3924 1158 3968 τοῦ
1197 3926 1549 3974 πεντηκοστοῦ
1596 3920 1744 3970 ἕκτου
1790 3937 1871 3970 κε-

275 4002 498 4074 φαλαίου
558 4012 649 4056 τοῦ
696 4009 830 4057 κατὰ
891 4007 1179 4076 Ματθαῐον,
1237 4009 1356 4059 ἔνθα
1406 4015 1570 4059 κεῖται
1636 4011 1712 4059 1'6'
1773 4011 1873 4060 Kui

275 4091 485 4155 ἐξελθὼν
548 4096 572 4145 6
639 4095 846 4155 Ἰησοὺς
915 4093 1180 4169 ἐπορεύετο
1247 4094 1346 4147 ἀπὸ
1418 4103 1509 4148 τοῦ
1572 4097 1728 4169 ἱεροῦ.
1784 4100 1873 4147 καὶ

275 4182 571 4254 προσῆλθον
648 4185 696 4235 οἱ
745 4185 977 4255 μαθηταὶ
1048 4182 1206 4236 αὐτοῦ
1273 4181 1530 4247 ἐπιδεῖξαι
1600 4185 1739 4255 αὐτῷ
1784 4186 1872 4245 τὰς

278 4268 563 4344 οἰκοδομὰς
591 4280 681 4324 τού
714 4274 869 4346 ἱεροῦ.

521 4367 667 4416 ΚΕΦ.
710 4360 828 4414 OE'.
858 4362 1142 4437 Ἐρώτησις
1174 4366 1290 4437 περὶ
1320 4364 1626 4423 συντελείας.

346 4450 725 4523 Ἐπηρώτησαν
799 4484 868 4493 -
946 4454 1217 4524 γίνεσθαι;
1295 4457 1457 4511 Φησὶν
1524 4448 1610 4504 οὖν
1669 4451 1779 4524 (39)
1844 4452 1869 4503 ὁ

1270 332 1653 446 COMMENT.
1704 374 1780 460 iN
1809 404 2063 466 LUCAM.
2106 440 2171 453 _
2213 407 2368 467 CAP.
2410 380 2567 467 xxi.

1909 3219 1948 3274 C

3492 413 3517 468 1
3526 404 3634 469 070

1974 534 2398 607 interpretatio,
2448 535 2547 591 ubi
2576 536 2792 591 dicitur
2837 553 2850 591 :
2897 537 2969 591 In
3008 537 3435 595 resurrectione
3478 538 3629 596 enim

1976 640 2160 696 neque
2190 626 2541 688 contrahent
2575 625 3044 691 matrimonium,
3064 641 3251 697 neque
3269 628 3487 695 nuptui
3510 634 3630 683 tra-

1972 713 2187 769 dentur
2208 716 2274 768 “.

2044 804 2204 858 Vers.
2240 808 2327 859 37.
2366 804 2533 871 Quod
2570 836 2619 846 —
2652 804 2882 860 rubum.
2937 804 2998 860 Id
3030 809 3136 871 est,
3184 804 3538 874 signiﬁcavit
3567 804 3628 862 in

1976 895 2270 963 Scriptura
2296 892 2370 948 de
2412 893 2565 950 rubo
2603 909 2617 961 ;
2676 893 2804 949 haec
2853 899 3052 950 autem
3108 893 3333 966 scripta
3380 899 3521 950 sunt
3565 894 3628 950 in

1973 983 2127 1039 libro
2159 981 2342 1037 Exodi
2368 984 2433 1034 ⁸³.

2047 1072 2206 1126 Vers.
2232 1076 2317 1127 37.
2355 1071 2497 1127 Cum
2534 1071 2682 1128 dicit
2723 1104 2792 1113 —
2821 1072 2981 1128 Vers.
3009 1076 3097 1128 38.
3157 1073 3391 1128 vivunt.
3437 1069 3627 1128 Etiam

1974 1161 2049 1216 de
2081 1161 2172 1215 his
2188 1159 2466 1231 praedicto
2478 1164 2649 1232 juxta
2677 1160 3016 1217 Matthaeum
3030 1161 3221 1233 capite
3234 1160 3461 1216 dictum
3492 1164 3581 1216 est
3611 1176 3624 1228 ;

1976 1256 2031 1306 et
2063 1250 2141 1305 ibi
2163 1266 2364 1320 quaere
2395 1250 2851 1306 enarrationem.

2048 1340 2207 1393 Vers.
2236 1343 2321 1395 39.
2366 1339 2802 1408 Respondentes
2841 1370 2909 1379 —-
2973 1340 3130 1394 Vers.
3183 1342 3271 1394 40.
3324 1338 3501 1395 nihil.
3544 1336 3630 1394 Ibi

1973 1427 2190 1483 hortim
2218 1444 2461 1499 quoque
2493 1428 2646 1484 facta
2672 1435 2757 1483 est
2788 1427 3005 1483 mentio
3031 1427 3133 1483 ubi
3164 1427 3380 1483 dicitur
3412 1443 3424 1481 :
3457 1426 3632 1482 Cuma

1976 1533 2087 1588 que
2115 1517 2401 1571 audissent
2420 1517 2630 1581 turbae,
2650 1523 3000 1587 stupuerunt
3019 1517 3091 1573 de
3116 1517 3393 1573 doctrina
3414 1518 3543 1585 ejus
3560 1516 3629 1567 εδ.

1975 1606 2127 1661 CAP.
2158 1605 2393 1659 LXXIII.
2425 1606 2815 1675 Interrogatio
2850 1605 3088 1661 Domini
3117 1604 3197 1660 ad
3228 1605 3468 1659 Judceos
3498 1619 3634 1675 quo-

2116 1695 2283 1749 modo
2305 1695 2508 1749 dicant
2531 1694 2824 1749 Christum
2871 1694 3094 1749 Filium
3139 1710 3249 1749 esse
3280 1692 3486 1749 David.

2047 1785 2213 1839 Vers.
2240 1784 2327 1837 41.
2359 1785 2458 1838 Ait
2484 1814 2553 1823 ——-
2578 1783 2739 1838 Vers.
2782 1783 2871 1838 44.
2905 1789 2987 1839 est
3016 1782 3043 1837 ?
3092 1783 3399 1839 Mattheeus
3431 1785 3633 1837 autem

1978 1873 2475 1945 quinquagesimo
2488 1871 2693 1944 quinto
2709 1873 2795 1926 sui
2812 1872 3109 1942 Evangelii
3127 1872 3319 1943 capite
3346 1872 3445 1935 ait,
3462 1869 3632 1942 quod

1983 1964 2099 2018 Con
2105 1963 2375 2032 gregalis
2394 1960 2711 2016 Pharisaeis
2730 1961 3099 2030 interrogavit
3115 1975 3208 2015 eos
3228 1961 3399 2015 Jesus
3416 1959 3631 2014 dicens:

1982 2052 2136 2120 Quid
2163 2052 2324 2107 vobis
2341 2051 2575 2107 videtur
2603 2051 2675 2106 de
2707 2050 2961 2115 Christo,
2992 2052 3162 2120 cujus
3187 2050 3348 2118 ﬁlius
3378 2048 3638 2105 est‘7‘let

1978 2139 2662 2212 cwtera;ibiqueomnia
2699 2139 3134 2196 rationabiliter
3174 2142 3450 2195 enarrata
3475 2141 3633 2193 sunt.

2050 2320 2208 2375 Vers.
2238 2322 2326 2373 45.
2362 2318 2650 2374 Audientes
2709 2350 2775 2359 —
2801 2319 2963 2373 Vers.
3005 2320 3094 2375 46.
3132 2315 3427 2374 conviciis.
3484 2316 3636 2386 Lege

1978 2408 2262 2479 praedicto
2302 2408 2555 2462 Matthaei
2586 2405 2776 2478 capite
2799 2406 2935 2461 dicti
2969 2406 3123 2461 illius
3158 2407 3596 2461 enarrationem
3616 2412 3634 2460 ε’

1979 2497 2253 2551 Dilatant
2268 2496 2639 2565 phylocteria
2653 2511 2753 2549 sua
2771 2493 3482 2565 etmagniﬁcantﬁmbrias
3495 2494 3637 2563 pal-

1981 2585 2195 2641 liorum
2230 2600 2469 2639 suorum
2499 2584 2544 2619 ⁶⁸
2578 2599 2647 2638 ac
2686 2583 2760 2639 de
2791 2584 3064 2638 omnibus
3094 2583 3380 2639 invenies.

2050 2760 2215 2815 Vers.
2247 2763 2328 2815 47.
2371 2759 2479 2826 Qui
2508 2792 2574 2800 -—
2590 2760 2897 2831 judicium.
2934 2759 3444 2833 Quinquagesimo
3467 2761 3633 2815 sexto

1980 2849 2279 2920 Evangelii
2309 2850 2637 2904 secundum
2669 2850 3011 2905 Matthaaum
3052 2849 3245 2921 capite
3285 2848 3431 2904 dixit
3452 2848 3632 2903 etiam

1979 2940 2052 2995 ad
2077 2939 2309 2995 Scribas
2324 2944 2378 2993 et
2397 2938 2752 2995 Pharisaaos:
2793 2940 2889 2996 Vo?
2901 2939 3083 3005 vobis,
3110 2938 3318 2994 Sbriboz
3340 2945 3393 2994 et
3420 2937 3633 2993 Phari-

1978 3030 2082 3085 saei
2102 3029 2444 3099 hypOcritaa,
2460 3030 2600 3100 quia
2618 3029 2914 3086 devoratis
2945 3030 3139 3085 domos
3157 3028 3464 3084 viduarum
3484 3028 3553 3095 δ’,
3577 3029 3634 3082 et

1981 3124 2195 3174 cietera
2221 3135 2237 3172 :
2259 3117 2388 3188 lege
2419 3134 2561 3190 ergo
2592 3117 2827 3174 illorum
2858 3118 3425 3190 interpretationem.

2056 3295 2211 3351 CAP.
2245 3295 2479 3351 LXXIV.
2510 3294 2591 3352 De
2621 3295 2820 3360 vidua,
2855 3310 2981 3366 quae
3001 3294 3117 3351 duo
3136 3293 3366 3351 minuta
3396 3293 3629 3350 obtulit.

2055 3473 2193 3542 Cap.
2232 3471 2363 3525 XXI.
2388 3472 2551 3526 Vers.
2600 3474 2645 3526 Ι.
2678 3468 3009 3538 Respiciens
3040 3498 3107 3509 -
3154 3467 3318 3523 Vers.
3350 3469 3402 3522 4.
3453 3469 3631 3526 misit.

1983 3561 2062 3614 De
2094 3560 2206 3615 hac
2238 3566 2291 3614 et
2322 3562 2547 3616 Marcus
2587 3559 3050 3630 quadragesimo
3100 3557 3292 3627 primo
3324 3557 3416 3612 sui
3449 3560 3637 3614 Evan-

1982 3648 2114 3718 gelii
2146 3650 2339 3720 capite
2369 3647 2664 3712 disseruit,
2687 3652 2743 3702 et
2774 3646 2858 3701 ibi
2887 3661 3085 3717 quaere
3108 3650 3292 3701 totam
3319 3648 3637 3704 enarratio-

1982 3752 2141 3792 nem.

2054 3826 2212 3880 Vers.
2243 3826 2297 3880 5.
2332 3825 2408 3881 Et
2439 3823 2786 3896 quibusdam
2817 3855 2887 3863 —
2916 3824 3078 3879 Vers.
3112 3828 3164 3879 6.
3206 3823 3507 3880 diruatur.
3553 3823 3635 3881 De

1981 3915 2070 3969 his
2092 3915 2405 3984 diligenter
2457 3916 2674 3969 dictum
2730 3920 2816 3969 est
2861 3914 2920 3968 in
2974 3912 3092 3967 ﬁne
3146 3912 3635 3984 quinquagesimi

1981 4006 2125 4059 sexti
2178 4003 2348 4076 juxta
2405 4003 2745 4058 Matlhaeum
2795 4002 3027 4073 capitis,
3070 4002 3173 4056 ubi
3225 4002 3480 4057 habetur
3518 4020 3530 4055 :
3568 4004 3638 4058 Et

1980 4109 2232 4164 egressus
2261 4094 2416 4148 Jesus
2446 4093 2621 4149 exivit
2653 4093 2726 4148 de
2753 4091 3308 4162 templozsecutique
3342 4098 3477 4146 sunt
3507 4106 3639 4148 eum

1979 4182 2256 4254 discipuli
2275 4184 2417 4252 ejus,
2448 4189 2510 4237 ut
2550 4181 2885 4237 indicarent
2908 4180 2958 4235 ei
2987 4182 3547 4250 structurastemplz
3568 4182 3634 4235 ⁵ο.

2264 4361 2413 4416 CAP.
2467 4360 2657 4416 LXXV.
2695 4361 2777 4416 De
2831 4358 3352 4415 consummatione.

2055 4454 2211 4505 Vers.
2231 4457 2289 4506 7.
2310 4450 2840 4520 Interrogaverunt
2860 4480 2923 4488 —
2952 4455 3085 4503 sunt
3108 4451 3136 4501 Υ
3165 4447 3307 4503 Dicit
3334 4447 3637 4503 Matthteus

276 4541 545 4602 Ματθαῶς
593 4539 641 4592 ἐν
707 4549 779 4612 τῷ
831 4550 1165 4613 πεντηκοστῷ
1214 4538 1420 4614 ἑϐδόμῳ
1463 4540 1719 4613 κεφαλαίῳ
1768 4543 1865 4609 ὅτι,

2001 4539 2484 4612 [uinquagesimo
2509 4540 2763 4610 septimo
2795 4538 3008 4608 capite,
3033 4536 3194 4607 quod
3221 4535 3458 4589 sedente
3486 4551 3555 4590 eo
3576 4536 3637 4590 in

276 4630 573 4701 καθημένου
605 4630 761 4682 αὑτοῦ
792 4629 874 4682 ἐπὶ
896 4637 986 4683 τού
1007 4634 1158 4705 ὅρους
1188 4639 1286 4683 τῶν
1317 4630 1548 4694 Ἐλαιῶν,
1576 4630 1869 4704 προσῆλθον

277 4718 419 4789 αὐτῷ
450 4721 498 4770 οἱ
538 4722 772 4792 μαθηταὶ
810 4716 1078 4785 κατιδίαν,
1105 4719 1363 4790 λέγοντες·
1412 4719 1536 4770 Εἰπὲ
1564 4719 1709 4789 ήμίν,
1749 4722 1871 4771 πότε

276 4814 445 4859 ταῦτα
469 4810 638 4874 ἔσται,
686 4813 777 4860 καὶ
807 4813 859 4860 τί
887 4811 946 4860 τὸ
981 4816 1192 4880 σημεῖον
1218 4812 1314 4868 τὴς
1351 4815 1444 4867 σῆς
1468 4812 1759 4881 παρουσίας
1783 4812 1871 4859 καὶ

277 4902 374 4958 τής
403 4898 695 4960 συντελείας
733 4904 825 4949 τοῦ
865 4897 1080 4965 αἰῶνος;
1114 4901 1205 4949 καὶ
1233 4897 1465 4957 ζήτησον
1496 4896 1602 4948 ἐκεῖ
1636 4900 1729 4954 τήν
1762 4896 1871 4967 (40)

279 4986 549 5055 ἐξήγησιν.

351 5073 409 5124 '0
439 5070 496 5125 δὲ
537 5105 605 5115 -
636 5073 821 5126 αὐτῶν.
857 5073 995 5127 Ἐκεῖ
1018 5078 1108 5127 καὶ
1136 5082 1300 5127 ταῦτα
1330 5072 1782 5147 ἐμνημονεύθηοάν
1826 5092 1879 5126 τε

280 5165 370 5213 καὶ
399 5162 698 5236 ἡρμηνεύθη
709 5181 824 5217 σαν.

354 5369 401 5407 ⁴⁴
432 5369 626 5427 Matth.
657 5386 799 5438 χχιι,
816 5370 903 5427 30.

284 5446 370 5500 14.
448 5444 499 5485 ⁵ο
528 5439 728 5500 Matth.
753 5459 912 5510 xnv,
936 5443 987 5500 1.

982 5371 1028 5407 ⁴⁵
1088 5369 1268 5426 Exod.
1319 5384 1400 5437 ιιι,
1442 5371 1489 5425 6.

1063 5443 1109 5479 ⁶¹
1124 5442 1272 5499 Ibid.
1304 5443 1358 5500 3.

1571 5369 1620 5405 ⁴⁶
1673 5366 1871 5425 Matth.
1942 5381 2084 5433 nn,
2149 5370 2241 5423 33.

1982 4636 2183 4685 monte
2209 4628 2512 4682 olivarum
2535 4625 3001 4681 accesseruntad
3018 4641 3152 4678 eum
3176 4623 3450 4693 discipuli
3479 4638 3637 4677 seor-

1983 4719 2094 4773 sim
2131 4717 2392 4772 dicentes
2426 4732 2438 4770 :
2494 4716 2602 4770 Die
2655 4715 2841 4780 nobis,
2874 4712 3109 4784 quando
3152 4713 3269 4767 [uec
3311 4711 3543 4766 erunt?
3586 4716 3638 4765 et

1984 4806 2136 4878 quod
2159 4806 2389 4875 signum
2407 4805 2687 4859 adventus
2710 4805 2819 4870 tui,
2845 4807 2897 4858 et
2931 4801 3434 4857 consummationis
3454 4814 3639 4856 sarcu-

1987 4897 2031 4951 li
2069 4896 2112 4931 ⁶¹
2146 4894 2177 4951 ?
2203 4898 2259 4949 et
2287 4893 2371 4948 ibi
2403 4893 2508 4947 ista
2537 4906 2753 4963 quaere.

2057 5070 2222 5125 Vers.
2256 5071 2308 5124 8.
2341 5069 2424 5123 At
2453 5068 2555 5125 ille
2578 5100 2643 5110 —
2681 5067 2827 5124 illos.
2868 5066 2954 5123 Ibi
2984 5066 3161 5123 etiam
3216 5065 3432 5123 horum
3481 5063 3640 5123 facta

1987 5164 2073 5217 est
2099 5160 2324 5216 mentio
2349 5163 2405 5214 et
2433 5159 2577 5215 data
2614 5157 2958 5214 declaratio.

2325 5366 2369 5401 ³⁷
2436 5363 2587 5421 Ibid.-
2616 5364 2680 5420 41
2762 5363 2809 5399 ⁸⁸
2838 5362 3035 5421 Matth.
3074 5376 3237 5434 xxni,
3277 5362 3331 5419 ὅ.
3408 5360 3457 5399 ⁴²
3488 5358 3639 5418 Ibid.

1480 5618 1702 5692 Variae
1741 5617 2069 5687 lectiones
2119 5625 2186 5685 et
2232 5621 2441 5684 notae.

356 5819 468 5896 (39)
504 5813 609 5874 os»
647 5818 860 5879 omittit
898 5821 959 5878 Β.

2062 5814 2178 5894 (40)
2206 5815 2311 5876 Τήν
2337 5809 2589 5889 ἐξήγησιν
2609 5805 2826 5870 omittit
2852 5812 2910 5870 Β.
