4144 6314
636 331 763 388 1071

1944 329 2289 387 ΕΗΤΗΥΜΙ]
2330 316 2670 387 ZIGABENI

3852 332 3970 388 1072

696 458 856 511 Vers.
885 456 942 512 9.
965 455 1112 509 Cum
1150 485 1221 496 —
1250 457 1410 514 Vers.
1458 458 1545 511 11.
1600 461 1789 513 erunt.
1852 455 1931 512 lbi
1971 456 2153 513 etiam
2202 456 2243 512 d

2463 464 2605 509 Οταν
2655 486 2721 496 -
2784 460 2952 510 ἔσται.
3012 463 3132 509 Eni
3183 462 3273 509 καὶ
3344 462 3461 530 περὶ
3512 464 3712 509 τούτων
3776 456 3968 532 ἐρρέθη.

623 545 721 603 his
737 546 963 600 dictum
994 548 1107 599 est.

694 635 860 691 Vers.
894 636 979 687 l2.
1018 633 1224 691 Verum
1262 643 1404 693 ante
1434 666 1503 678 —
1533 651 1749 691 meum.
1813 635 2087 692 Similiter
2119 641 2175 691 et
2204 635 2277 690 de

619 725 733 783 his.

692 816 858 870 Vers.
886 816 973 870 13.
1019 816 1319 887 Continget
1352 846 1406 856 -—
1430 814 1841 871 testimonium.
1899 817 1960 868 ln
1987 818 2273 886 protesta-

617 904 860 967 tionem,
889 905 946 958 in
975 905 1455 975 redargutionem
1487 918 1695 957 eorum
1732 903 1836 973 qui
1863 917 1983 957 non
2012 902 2274 957 credide-

613 999 769 1057 runt,
794 1009 865 1047 ne
890 992 1089 1049 dicere
1135 992 1443 1065 possintin
1469 991 1565 1046 die
1598 990 1827 1061 judicii,
1873 991 2025 1061 quod
2059 991 2273 1062 praedi-

612 1083 910 1138 cationem
961 1098 1075 1137 non
1134 1082 1451 1137 audierint.
1506 1086 1620 1135 Aut
1679 1081 2023 1151 contingent
2076 1080 2266 1146 vobis,

610 1186 747 1243 qua;
773 1170 852 1225 ab
882 1170 995 1225 illis
1028 1171 1354 1227 inferentur
1384 1170 1444 1224 in
1487 1169 1753 1240 martyrii
1786 1168 2059 1238 gloriam.
2094 1170 2266 1234 (Nam

609 1258 795 1314 Graeci
834 1259 1040 1315 dicunt
1092 1259 1445 1327 :Continget
1499 1256 1660 1313 vobis
1717 1257 1787 1318 εἰς
1842 1260 2174 1331 μαρτύριον,,
2206 1258 2265 1313 id

608 1354 701 1404 est
726 1349 791 1404 in
820 1351 1179 1418 martyrium
1214 1354 1318 1403 aut
1346 1348 1409 1402 in
1441 1347 1883 1417 testimonium.)

680 1438 846 1494 Vers.
868 1440 949 1495 14.
973 1438 1193 1494 Habete
1208 1469 1275 1477 —
1295 1438 1708 1505 defensionem.
1729 1438 1815 1506 -Ηα
1848 1436 2054 1492 Ponite
2080 1436 2263 1492 corda

605 1530 817 1593 vestra,
850 1526 1005 1593 loco,
1033 1526 1393 1597 componite,
1438 1524 1807 1597 persuadete,
1842 1532 1943 1580 aut
1979 1524 2180 1595 ponite
2202 1527 2260 1580 in

602 1614 891 1670 cordibus
925 1618 1157 1671 vestris.

673 1703 834 1757 Vers.
876 1709 958 1758 t5.
990 1704 1107 1773 Ego
1160 1732 1201 1744 ε-
1244 1704 1427 1759 vobis.
1461 1704 1538 1758 Os
1579 1702 1842 1774 appellat
1881 1702 2061 1757 verba
2119 1719 2133 1768 ;
2167 1719 2256 1757 sa-

598 1791 882 1864 pientiam
910 1808 1046 1847 vero
1077 1792 1523 1861 intelligentiam
1554 1793 1636 1861 (2:)
1672 1793 2011 1847 verborum.

673 1882 935 1936 Vers.t6.
963 1882 1321 1937 Trademini.
1349 1912 1417 1921 —
1440 1881 1602 1935 Vers.
1632 1881 1720 1933 17.
1740 1896 1951 1937 meum.
1972 1880 2257 1937 Prtedicto

597 1970 791 2041 capite
820 1970 1001 2025 etiam
1032 1970 1108 2025 de
1146 1970 1241 2025 his
1289 1970 1578 2025 invenies.

672 2060 832 2113 Vers.
868 2059 950 2112 18.
984 2058 1062 2113 Et
1112 2058 1362 2127 capillus
1410 2088 1481 2097 —-
1519 2069 1741 2126 pereat.
1786 2058 1850 2113 Et
1898 2074 2031 2112 vere
2082 2057 2257 2113 multi

596 2144 863 2201 ﬁdelium
896 2146 955 2201 in
980 2148 1179 2215 ignem
1203 2145 1422 2218 injecti,
1466 2161 1539 2201 ne
1570 2146 1819 2217 capillos
1851 2145 2095 2218 quidem
2128 2162 2258 2218 per-

594 2232 893 2290 diderunt.
924 2234 1286 2291 Manifestum
1320 2250 1462 2304 ergo
1490 2239 1602 2298 est,
1632 2234 1799 2307 quod
1834 2236 1879 2289 si
1911 2235 2086 2307 cujus
2116 2251 2252 2307 pars

594 2322 798 2394 aliqua
827 2323 1094 2394 corporis
1126 2328 1435 2395 amputata
1466 2323 1564 2391 sit,
1621 2324 1734 2378 hoc
1771 2323 1974 2378 divina
2004 2325 2256 2394 permis-

594 2410 761 2465 sione
782 2412 1058 2467 sustinuit
1090 2430 1102 2466 :
1137 2412 1434 2485 siquidem
1468 2412 1770 2467 interdum
1827 2412 2129 2485 propriam
2160 2429 2253 2467 os-

592 2500 895 2566 tendebat,
912 2503 1247 2572 potentiam,
1262 2502 1625 2575 quandoque
1639 2508 1826 2557 autem
1842 2502 2007 2557 carni
2026 2502 2254 2573 permit-

592 2589 772 2658 tebat,
812 2597 873 2645 ut
904 2591 1071 2659 juxta
1122 2598 1399 2646 naturam
1440 2597 1760 2663 pateretur.
1798 2590 1944 2646 Cum
1989 2607 2132 2659 ergo
2167 2591 2252 2645 di-

588 2680 772 2735 xerit:
792 2679 866 2734 Et
889 2680 1135 2748 capillus
1152 2681 1224 2736 de
1237 2682 1432 2748 capite
1449 2686 1636 2735 vestro
1683 2696 1803 2735 non
1823 2687 2048 2748 pereat,
2070 2680 2253 2749 signi-

589 2766 807 2833 ﬁcavit,
830 2769 993 2839 quod
1016 2770 1395 2839 omnipotens
1414 2776 1587 2834 esset,
1614 2770 1895 2841 quodque
1914 2769 2032 2824 illis
2064 2769 2250 2824 auxil-

588 2855 849 2919 liaretur,
889 2872 959 2911 ac
980 2856 1341 2912 alacritatem
1380 2857 1743 2913 immitteret.

662 2946 820 2999 Vers.
853 2946 935 2999 19.
970 2945 1081 2999 Per
1106 2976 1171 2983 —
1206 2952 1453 3001 vestras.
1498 2976 1565 2986 —
1607 2946 1913 3013 Poscidete,
1975 2946 2097 3001 sive
2130 2962 2247 3001 ser-

588 3038 723 3089 vate
746 3052 765 3103 ;
798 3032 964 3105 quod
977 3034 1023 3087 si
1042 3034 1296 3102 animas,
1319 3034 1568 3090 omnino
1589 3040 1929 3107 etcorpora.
1950 3036 2245 3106 Scriptum

2460 637 2566 706 Πρὸ
2590 629 2649 685 δὶ
2675 665 2740 674 -
2769 653 2889 706 μου.
2924 633 3147 707 Ὀμοίως
3170 639 3256 686 καὶ
3288 640 3405 709 περὶ
3434 638 3652 688 misera.

2455 809 2809 867 Ἀποϐἠσεται
2863 840 2926 851 —
2987 813 3294 883 μαρτύριον.
3357 812 3439 871 Εἰς
3492 811 3718 883 ἔλεγχον
3764 821 3860 863 τῶν

2382 904 2793 965 πιστευσάντων,
2873 901 2956 950 ἱνα
2999 906 3070 971 μή
3133 897 3389 951 δύνωνται
3458 901 3626 971 Εγειν
3712 901 3761 952 ἐν
3822 904 3961 975 iussa

2381 994 2600 1059 κρίσεως
2656 991 2737 1040 ὅτι
2800 989 2911 1040 Οὐκ
2980 990 3278 1061 ἠκούσαμεν
3332 998 3424 1041 τοῦ
3486 994 3849 1063 κηρύγματος.
3909 997 3957 1041 Ἤ

2381 1074 2703 1133 ἀποϐήσεται
2756 1079 2877 1149 ὑμῖν
2942 1082 3008 1129 τα
3080 1078 3203 1149 παρ’
3280 1078 3478 1131 ἐκείνων
3552 1078 3848 1151 sxa-your"
3904 1078 3960 1139 εἰς

2378 1185 2580 1239 μαρτνρ
2591 1172 2704 1224 uti}:
2733 1163 2914 1228 δοξαν.

2446 1435 2613 1485 Θέσθε
2653 1463 2716 1473 -
2774 1431 3182 1503 ἀπολογηθῆναι.
3234 1435 3403 1486 Θέσθε
3460 1435 3707 1505 (iure;
3763 1430 3956 1507 χαρδιας

2373 1522 2536 1592 ὑμῶν,
2569 1520 2682 1573 ἀντὶ
2720 1530 2834 1587 τοῦ,
2887 1518 3155 1584 διαθεσθε,
3206 1528 3444 1592 πείσατε,
3476 1524 3504 1581 ἡ
3565 1525 3723 1576 θέσθε
3772 1524 3839 1584 εἰς
3886 1526 3955 1582 τὰς

2371 1607 2595 1683 καρδίας
2620 1612 2783 1683 ὑμῶν.

2444 1700 2575 1769 Ἐγὼ
2615 1730 2681 1739 —
2704 1701 2844 1771 ὑμῖν.
2878 1704 3049 1771 Στὸμα
3195 1700 3328 1771 λέγει
3369 1704 3491 1762 τοὺς
3528 1700 3739 1773 λόγους,
3794 1705 3951 1773 σοφίαν

2292 1814 2333 1865 Β
2371 1785 2429 1840 δὲ
2459 1792 2551 1849 τὰς
2578 1787 2773 1850 ἐννοίας
2800 1797 2900 1840 τῶν
2930 1789 3113 1859 λόγων.

2440 1876 2889 1950 Παραόοθήσεσθε
2938 1908 3003 1917 -
3046 1897 3169 1948 μου.
3208 1879 3290 1930 Ἐν
3336 1886 3408 1948 τῷ
3452 1878 3671 1952 ῥηθέντι
3718 1877 3946 1951 κεφαλαίῳ

2365 1972 2454 2017 καὶ
2484 1971 2600 2037 περὶ
2632 1969 2825 2018 τούτων
2858 1968 3108 2038 εὑρήσεις.

2438 2060 2538 2107 Καὶ
2602 2055 2719 2128 θρὶξ
2783 2087 2850 2094 -
2918 2053 3195 2112 ἀπόληται.
3258 2060 3357 2108 Kal
3413 2060 3569 2117 ὅντως
3628 2056 3803 2109 πολλοὶ
3863 2062 3943 2106 τῶν

2362 2153 2580 2210 πιστῶν,
2626 2144 2696 2204 εἰς
2727 2152 2827 2215 πῦρ
2878 2143 3234 2215 ἐμϐληθέντες,
3287 2141 3411 2196 οὐδὲ
3458 2150 3633 2217 τρίχα
3678 2144 3938 2197 ἀπώλεσαν.

2360 2231 2511 2284 Ὀθεν
2564 2236 2775 2305 φανερὸν
2818 2235 2919 2299 ὅτι,
2981 2238 3069 2284 καὶ
3122 2237 3165 2285 εἰ
3216 2253 3295 2293 τις
3355 2232 3592 2307 ἀφῃρέθη
3628 2254 3683 2286 τι
3718 2241 3806 2285 τοῦ
3855 2238 3933 2283 σώ-

2360 2341 2537 2393 ματος,
2596 2326 2731 2374 κατὰ
2794 2328 3140 2394 συγχώρησιν
3190 2327 3315 2374 Θεοῦ
3380 2330 3531 2375 τοῦτο
3590 2325 3790 2383 πάντως
3838 2324 3934 2373 ὑπέ-

2363 2430 2484 2479 στη,
2518 2416 2639 2463 ποτε
2669 2413 2758 2483 μεν
2808 2414 2908 2484 γὰρ
2959 2417 3051 2469 τὴν
3102 2411 3292 2463 οἰκείαν
3342 2408 3679 2464 ἐπεδείκνυτο
3724 2409 3933 2481 δύναμιν,

2358 2503 2481 2552 ποτε
2544 2496 2603 2551 δε
2668 2506 2953 2574 συνεχώρει
2998 2509 3057 2571 τῇ
3113 2505 3269 2573 σαρκὶ
3318 2502 3553 2572 πάσχειν
3608 2504 3743 2553 κατά
3785 2503 3928 2571 quau.

2360 2588 2528 2640 Εἰπὼν
2585 2585 2672 2640 οὖν
2721 2592 2797 2641 ὁτι
2855 2594 2954 2641 Καὶ
3006 2589 3120 2663 θρὶξ
3177 2588 3231 2640 ἐκ
3284 2599 3379 2649 τῆς
3429 2590 3657 2661 κεφαλῆς
3713 2592 3841 2660 ὑμῶν
3884 2584 3929 2636 οὗ

2357 2682 2428 2748 μὴ
2492 2676 2770 2745 ἀπόληται,
2840 2674 3093 2736 ἐδήλωσεν
3148 2680 3227 2729 ὅτι
3272 2697 3325 2730 τε
3378 2675 3765 2749 ταντοδύναμος
3818 2676 3923 2735 ἔστι,

2357 2771 2447 2817 καὶ
2498 2770 2575 2818 ὅτι
2631 2766 2972 2837 ἀντιλήψεται
3032 2770 3248 2833 τούτων,
3302 2772 3391 2819 καὶ
3432 2770 3730 2840 προθυμίαν
3782 2765 3924 2820 αὐτοῖς

2358 2854 2602 2907 ἐνέϐαλεν.

2429 2945 2510 2996 Ἐν
2584 2974 2654 2984 --
2719 2946 2880 3016 ὑμῶν.
2954 2946 3251 3012 linis-a692,
3315 2948 3436 3002 ἤτοι
3492 2952 3727 2998 σώσατέ·
3789 2942 3826 2995 εἱ
3871 2936 3915 2991 ὄι

2356 3036 2442 3092 τὰς
2480 3032 2684 3103 ψυχας,
2734 3035 2939 3093 πάντως
2993 3036 3175 3085 καὶτὰ
3209 3040 3445 3106 σώματα.
3517 3040 3793 3108 Γέγραπται

589 3127 678 3176 est
706 3122 863 3176 enim
889 3122 1170 3193 praedicto
1187 3122 1418 3193 capite:
1443 3123 1589 3188 Quia
1621 3131 1772 3179 utem
1790 3126 2245 3193 perseveraverit

2363 3121 2405 3172 ἐν
2449 3130 2520 3191 τῷ
2569 3125 2921 3195 προειρημένῳ
2970 3123 3264 3194 κεφαλαίῳ·
3316 3124 3396 3174 ὅτι
3433 3121 3495 3174 Ὀ
3555 3126 3806 3195 ὑπομείνας
3846 3116 3899 3172 εἰς

590 3225 772 3282 usque
796 3210 856 3265 in
886 3211 1084 3279 ﬁnem,
1116 3210 1210 3268 hic
1239 3212 1436 3268 salvus
1464 3214 1574 3268 erit
1603 3213 1671 3267 ³².

662 3302 819 3355 Vers.
854 3304 940 3355 20.
987 3302 1220 3357 Cum—
1251 3304 1399 3369 eius.
1434 3303 1741 3357 Matthaaus
1778 3318 1911 3357 vero
1966 3301 2241 3374 praedicto

586 3389 780 3461 capite
795 3390 955 3445 aliud
982 3390 1216 3462 scripsit
1243 3391 1485 3462 signum
1510 3392 1748 3447 dicens:
1786 3393 1935 3447 Cum
1976 3391 2241 3447 videritis

585 3478 1077 3535 abominationem
1108 3482 1179 3548 ⁵³,
1209 3486 1267 3536 et
1305 3488 1518 3536 caetera
1558 3497 1572 3535 :
1603 3479 1731 3551 lege
1762 3495 1904 3551 ergo
1930 3485 2111 3536 totam
2138 3479 2238 3534 di-

586 3572 819 3624 ctorum
846 3567 1079 3624 illorum
1110 3570 1573 3627 enarrationem.

656 3746 818 3803 Vers.
853 3746 941 3803 21.
976 3746 1133 3805 Tunc
1165 3778 1234 3789 —
1264 3753 1503 3806 montes.
1537 3750 1602 3803 ln
1654 3746 1759 3804 illo
1812 3746 1991 3803 etiam
2042 3746 2113 3802 de
2142 3745 2237 3802 his

584 3836 856 3910 quaerito.

654 3926 815 3981 Vers.
844 3930 933 3982 2t.
962 3926 1039 3982 Et
1072 3926 1486 3983 --dzscedant.
1508 3928 1762 3981 Rursum
1802 3924 1964 3980 idem
1995 3923 2135 3981 dicit
2156 3924 2235 3981 ad

580 4014 1098 4072 conﬁrmationem
1138 4016 1451 4070 sermonis.

652 4104 827 4160 Vers.
874 4108 963 4158 2t.
1006 4105 1080 4158 Et
1108 4134 1172 4144 —
1198 4119 1342 4159 eam.
1395 4103 1516 4158 Hoc
1545 4102 2053 4174 praetermiserunt
2090 4102 2230 4158 Mat-

582 4192 769 4250 theus
798 4198 852 4247 et
892 4195 1134 4257 Marcus,
1167 4192 1317 4247 sicut
1342 4198 1397 4247 et
1426 4192 1520 4246 hic
1551 4191 1734 4256 aliud,
1768 4192 1912 4261 quod
1944 4190 2025 4245 illi
2070 4191 2232 4246 dixe-

577 4286 734 4346 runt,
760 4288 901 4352 puta
934 4301 948 4336 :
997 4280 1108 4346 Qui
1147 4281 1210 4335 in
1256 4287 1420 4346 tecto,
1462 4296 1579 4336 non
1624 4281 1932 4336 descendat
1966 4286 2025 4333 ut
2058 4280 2231 4336 tollat

575 4369 895 4441 quidquam
914 4370 986 4425 de
1002 4370 1288 4425 domosua
1312 4385 1336 4426 .'
1363 4377 1414 4424 et
1436 4370 1539 4441 qui
1558 4370 1621 4425 in
1639 4384 1808 4439 agro,
1822 4384 1941 4424 non
1968 4376 2225 4426 reverta-

576 4466 675 4515 tur
694 4466 759 4515 ut
790 4459 959 4516 tollat
988 4458 1320 4516 vestimenta
1350 4476 1456 4515 sua
1488 4460 1552 4514 ει.

644 4550 805 4606 Vers.
854 4553 941 4604 22.
993 4548 1145 4617 Quia
1200 4578 1267 4589 -
1329 4556 1518 4605 erunt.
1586 4547 1865 4604 Videlicet
1899 4548 2225 4605 Dominicis

571 4638 780 4695 caedis.

643 4728 807 4783 Vers.
837 4730 929 4785 22.
965 4727 1036 4784 Ut
1070 4728 1373 4796 —scripta
1395 4734 1556 4784 sunt.
1587 4730 2078 4802 Utcompleantur
2098 4752 2225 4792 om-

567 4816 688 4884 nia,
721 4832 857 4889 quaa
882 4816 941 4872 in
982 4815 1144 4871 libris
1175 4815 1452 4883 Danielis,
1498 4816 1873 4890 aliorumque
1901 4824 2221 4894 propheta-

564 4920 701 4962 rum
734 4905 808 4960 de
842 4904 1018 4975 hujus
1050 4906 1581 4976 Hierosolymorum
1607 4910 2050 4979 expugnatione
2081 4914 2222 4969 scri-

563 4998 1046 5137 “3:31:23.in
1105 5102 1173 5111 —
1226 5080 1450 5137 diebus.
1500 5081 1668 5154 Apud
1699 5084 2041 5144 Matthaeum
2098 5088 2214 5146 hoc

560 5171 741 5229 etiam
772 5171 931 5226 dicto
956 5170 1150 5241 capite
1177 5169 1626 5227 manifestatum
1651 5178 1757 5229 est.

629 5287 677 5324 ⁵³
707 5284 904 5343 Matth.
936 5300 1092 5351 xxiv,
1129 5286 1215 5342 13.
1293 5286 1341 5320 ⁵⁸
1378 5285 1521 5341 Ibid.
1553 5286 1647 5347 15.

2328 4922 2446 4991 περὶ
2532 4926 2627 4979 τῆς

2326 5010 2679 5079 γεγραμμάιαι

2356 3209 2519 3277 τέλος,
2552 3210 2701 3270 οὗτος
2735 3211 3052 3267 σωθήσεται.

2422 3298 2583 3351 Ὀταν
2664 3331 2733 3340 -
2799 3300 2980 3362 αὐτῆς.
3048 3299 3106 3352 Ὀ
3172 3296 3229 3353 δι
3288 3303 3566 3364 Ματθαίος
3618 3303 3665 3353 ἐν
3713 3307 3772 3369 τῷ
3818 3289 3899 3351 ἢδη

2351 3386 2588 3460 λεχθέντι
2641 3389 2901 3461 κεφαλαίῳ
2955 3390 3118 3461 ἕτερον
3176 3388 3460 3462 ἀναγράφει
3518 3398 3740 3464 σημεῖον,
3782 3386 3905 3455 λέγων

2352 3479 2431 3529 ὃτι
2472 3476 2633 3529 Ὀταν
2665 3475 2815 3534 ἴδητε
2845 3481 2902 3529 τὸ
2931 3474 3207 3550 βδέλυγμα
3244 3488 3336 3541 τῆς
3387 3477 3713 3551 ἐρημώσεως,
3744 3479 3817 3527 καὶ
3857 3472 3909 3522 τὰ

2352 3566 2505 3629 ἑξῆς·
2566 3571 2655 3619 καὶ
2700 3565 2957 3639 ἀνάγνωθι
3007 3572 3100 3625 τήν
3156 3567 3275 3626 ὅλην
3329 3567 3585 3639 ἐξήγησιν
3634 3576 3724 3619 τῶν
3766 3565 3907 3639 ῥητῶν

2350 3656 2573 3709 ἐκείνων.

2419 3749 2544 3796 Τότε
2589 3776 2654 3786 -
2702 3749 2818 3819 ὅρη.
2890 3745 2969 3798 Ἐν
3027 3744 3199 3817 ἐκείνῳ
3264 3750 3355 3798 καὶ
3414 3751 3535 3821 περὶ
3599 3747 3776 3798 τούτων
3808 3736 3905 3809 (42)

2349 3833 2594 3894 ζήτησον.

2422 3928 2520 3975 Καὶ
2584 3954 2652 3963 -
2703 3921 3117 3996 έκχωρείτωσαν.
3182 3926 3252 3977 Τὸ
3308 3923 3433 3976 αὐτὸ
3482 3923 3616 3995 λέγει
3670 3920 3803 3974 πάλιν
3846 3914 3902 3975 εἰς

2344 4008 2628 4083 βεϐαίωσιν
2659 4020 2747 4063 τοῦ
2777 4012 2951 4082 λόγου.

2417 4106 2514 4153 Kal
2586 4132 2649 4142 —
2722 4100 2905 4159 αὑτήν.
2973 4108 3138 4153 Τοῦτο
3208 4100 3456 4173 παρέλιπε
3528 4101 3768 4156 Ματθαῑος
3822 4094 3897 4143 καὶ

2341 4191 2569 4260 Μάρκος,
2602 4192 2773 4264 ὥσπερ
2802 4196 2890 4241 καὶ
2923 4190 3092 4257 οὗτος,
3134 4191 3160 4241 ὅ
3191 4187 3329 4242 εἶπον
3358 4190 3559 4252 ἐκεῖνοι,
3590 4188 3709 4259 λέγω
3737 4182 3796 4240 δὴ
3826 4184 3890 4241 τό,

2337 4276 2395 4329 Ὀ
2426 4278 2508 4330 ἐπὶ
2529 4286 2618 4330 τοῦ
2660 4275 2900 4350 δώματος
2939 4283 3010 4351 μὴ
3058 4278 3430 4347 καταϐαινέτω,
3488 4273 3607 4351 ἆραι
3642 4278 3700 4327 τὰ
3739 4271 3786 4323 ἐκ
3812 4278 3890 4327 τῆς

2338 4366 2505 4428 οἰκίας
2531 4367 2711 4435 αὐτοῦ,
2743 4372 2832 4419 καὶ
2855 4365 2945 4418 ὁέν
2971 4374 3043 4438 τῷ
3072 4366 3236 4441 ἀγρῷ,
3268 4372 3338 4439 μὴ
3371 4365 3716 4443 ἐπιστρεψάτω
3743 4358 3886 4411 ὀπίσω

2262 4446 2306 4498 D
2338 4450 2460 4531 ἆραι
2488 4458 2552 4507 τὰ
2584 4458 2767 4528 ἱμάτια
2794 4455 2974 4510 αὐτοῦ.

2403 4543 2525 4597 Ὀτι
2553 4575 2617 4585 -
2648 4544 2771 4600 εἰσι.
2798 4550 2905 4607 Τῆς
2934 4552 3024 4597 τοῦ
3052 4551 3365 4599 Δεσποτιχοῦ
3397 4549 3564 4618 φόνου.

2402 4747 2504 4793 Τοῦ
2534 4771 2601 4782 -
2630 4744 2982 4813 γεγραμμένα.
3009 4740 3157 4813 ’Υπὲρ
3185 4748 3277 4795 τοῦ
3307 4740 3617 4814 πληρωθῆναι
3637 4728 3782 4782 πάντα
3804 4719 3862 4771 τὰ

2331 4828 2379 4881 ἐν
2407 4836 2515 4889 ταῖς
2541 4828 2744 4902 βίϐλοις
2770 4838 2859 4882 τοῦ
2890 4850 2943 4884 τε
2968 4828 3157 4889 Δανιὴλ
3181 4835 3271 4883 καὶ
3305 4840 3406 4883 τῶν
3442 4826 3589 4881 ἄλλων
3626 4816 3865 4902 προφητῶν

2728 4921 2969 4981 τοιαύτης
3069 4919 3309 4982 ἁλώσεως
3406 4926 3498 4981 τῆς
3578 4900 3876 4986 Ἰερουσαλὴμ

2399 5097 2533 5148 0'3“?-
2583 5128 2652 5137 —
2720 5100 2927 5173 ἡμέρας.
2992 5099 3141 5172 Παρὰ
3185 5104 3255 5169 τῷ
3326 5098 3581 5168 Ματθαίῳ
3632 5086 3882 5143 καὶτοῦτο

2326 5189 2708 5256 σεσαφήνισται
2734 5187 2781 5238 έν
2812 5186 2982 5261 ἐκείνῳ
3011 5195 3082 5260 τῷ
3110 5185 3391 5261 κεφαλαίῳ.

1730 5289 1777 5325 ⁵⁴
1806 5289 1950 5346 Ibid.
1986 5293 2072 5359 17,
2104 5293 2169 5349 18
2208 5311 2222 5363 ;
2251 5297 2433 5363 Marc,
2464 5315 2625 5367 xxui,
2659 5303 2742 5370 l5,
2804 5306 2886 5361 16.

1789 5416 2009 5486 Varias
2035 5419 2358 5494 lectiones
2382 5432 2446 5492 et
2476 5436 2680 5495 notae.

626 5552 883 5632 (tt)_l_loc
914 5550 1150 5632 scholio
1172 5557 1334 5611 caret
1376 5554 1710 5616 Hentenius.
1751 5558 1934 5632 Igitur
1971 5577 2209 5622 versum

555 5625 621 5682 14
639 5623 712 5679 et
744 5623 807 5677 15
844 5623 1177 5695 conjunxit.

626 5710 1124 5799 (Intelligentiam,
1145 5712 1532 5773 Sententiam.

2394 5568 2512 5643 (42)
2538 5572 2735 5625 Τούτου
2777 5577 2834 5627 Β.
