4144 6314
349 363 490 423 1σ73

1382 319 1758 412 COMMENT.
1801 357 1872 414 IN
1911 356 2174 417 LUCAM.
2215 388 2286 402 -
2324 358 2481 415 CAP.
2526 360 2653 416 xxr.

3580 357 3719 437 ton

422 490 612 544 Ἔσται
662 520 728 530 -
779 487 951 541 ἐθνῶν.
995 492 1149 546 Φησὶν
1203 487 1229 539 ὁ
1284 469 1553 537 Ματθαῖος
1617 474 1698 531 ὅτι
1758 482 1949 537 Ἐσται

2135 486 2294 541 Vers.
2328 489 2416 541 23.
2447 486 2568 541 Erit
2602 516 2668 526 -
2691 502 2749 541 v.
2777 488 2865 542 24.
2893 488 3175 559 gentium.
3220 486 3368 543 Dicit
3412 486 3717 544 Matthaaus

351 583 465 631 τότε
549 577 723 648 θλίψις
789 577 1010 650 μεγάλη,
1077 578 1161 628 οἶα
1216 580 1273 627 ού
1350 573 1549 645 γέγονεν
1604 566 1689 622 ἀπ’
1780 573 1951 647 ἀρχῆς

349 675 440 719 τοῦ
472 668 583 737 (43)
613 672 813 738 κόσμου
843 670 934 727 ἓως
964 674 1053 718 τοῦ
1080 674 1186 731 νῦν,
1222 660 1336 717 οὐδ’
1370 660 1426 714 ού
1455 663 1525 733 μὴ
1559 664 1795 733 γένηται,
1824 664 1951 717 Ἀττό

349 765 474 827 γοῦν
512 765 606 817 τῆς
650 754 813 808 ἐκεῖσε
860 760 1096 828 κειμένης
1149 754 1413 827 ἑρμηνείας
1459 746 1955 824 διαγνωσθήσοντκι

353 849 443 897 καὶ
474 852 667 902 ταῦτα.

429 938 528 987 Καὶ
593 936 741 986 ἔσται
816 963 885 974 -
944 932 1371 991 σαλευθήσονται.
1425 938 1603 984 Ταῦτα
1669 936 1786 1004 περὶ
1865 939 1957 992 τῆς

359 1019 605 1098 δευτέρας
658 1022 818 1075 αὐτοῦ
867 1027 1154 1096 παρουσίας
1204 1025 1352 1093 φησί.
1396 1026 1633 1079 Ζήτησον
1676 1016 1734 1072 δε
1774 1021 1959 1092 ὁμοίως

358 1114 502 1185 ποιρά
555 1119 619 1181 τῷ
666 1113 919 1181 Ματθαίῳ
971 1115 1064 1168 τήν
1104 1109 1350 1181 ἐξήγησιν
1381 1117 1492 1161 του·
1529 1109 1725 1169 Εὐθέως
1756 1105 1815 1160 δι
1846 1108 1957 1178 (Ην)

360 1204 491 1274 μετά
538 1205 631 1259 τήν
706 1199 879 1271 θλίψιν
958 1209 1056 1252 τῶν
1131 1201 1332 1273 ἡμερῶν
1399 1198 1619 1264 ἐκείνων,
1707 1199 1732 1250 ὁ
1818 1198 1961 1257 ἥλιος

364 1291 794 1358 σκοτισθήσεται,
852 1294 940 1340 καὶ
998 1290 1026 1346 ή
1092 1287 1275 1345 σελήνη
1337 1286 1394 1338 ού
1454 1283 1614 1338 δώσει
1658 1289 1715 1337 τὸ
1773 1290 1962 1358 φέγγος

360 1378 538 1441 αὐτῆς,
625 1382 714 1429 καὶ
782 1379 831 1429 οἰ
904 1376 1114 1450 ἀστέρες
1174 1384 1455 1429 πεσοῦνται
1524 1377 1626 1427 ἀπὸ
1704 1384 1795 1427 τοῦ
1877 1374 1961 1426 ού-

357 1473 537 1538 ρανοῦ,
567 1471 656 1519 καὶ
676 1470 767 1525 τήν
794 1473 884 1518 τοῦ
910 1464 1089 1537 ἐφεξῆς
1112 1467 1296 1540 ῥητοῦο
1334 1470 1422 1517 καὶ
1462 1466 1697 1538 εὑρήσεις
1725 1469 1815 1517 καὶ
1844 1468 1961 1536 περὶ

358 1558 553 1609 τούτων
563 1595 574 1606 .

432 1648 532 1697 Καὶ
558 1648 673 1695 τότε
703 1675 769 1686 -
808 1641 1028 1705 πολλῆς.
1084 1642 1244 1695 Πάλιν
1289 1641 1391 1695 ἐκεῖ
1428 1642 1649 1705 καθεξῆς
1703 1640 1961 1711 ἀνάγνωθι

356 1734 447 1795 τάς
479 1731 771 1803 ἐξηγήσεις,
798 1731 1077 1803 ἀναγκαίας
1108 1735 1266 1791 οὔσας
1296 1732 1431 1803 ἄχρι
1460 1738 1570 1783 τοῦ·
1607 1730 1735 1783 Ἀπὸ
1768 1727 1826 1782 δε
1866 1739 1961 1791 τῆς

361 1829 522 1881 συκῆς
541 1823 728 1893 μάθετε
760 1829 854 1879 τῆν
881 1819 1201 1894 παραϐολήν.

429 1911 758 1985 Ἀρχομένων
810 1907 867 1963 δε
922 1913 1116 1962 τούτων
1158 1911 1394 1980 γίνεσθαι
1455 1938 1521 1952 -
1574 1916 1727 1963 Θεοῦ.
1800 1905 1957 1969 Αὖθις

357 1999 460 2054 ἐκεῖ
515 2006 609 2058 τήν
666 1999 927 2053 ἐπίλοιπον
970 1997 1219 2070 ἐξήγησιν
1274 1997 1626 2069 ἀναγνωστέον
1674 2000 1808 2072 ἄχρι
1846 2006 1955 2049 τού⁶

361 2090 524 2162 Ἀμὴν
567 2090 698 2160 λέγω
743 2091 885 2161 ύμῖν,
935 2087 993 2141 ού
1042 2093 1112 2160 μή
1162 2087 1389 2162 παρέλθῃ
1424 2089 1451 2144 in
1486 2088 1635 2158 γενεά
1674 2086 1828 2152 αῦτη,
1871 2088 1958 2146 ἕως

358 2178 418 2230 ἆν
450 2178 566 2250 (45)
594 2181 763 2230 πάντα
790 2186 956 2230 ταῦτα
977 2181 1211 2247 γένηται’
1239 2174 1286 2227 ἐν
1324 2174 1487 2247 ἐκείνη
1517 2178 1617 2250 γὰρ
1651 2173 1957 2247 ἐμνημονεύ-

360 2269 527 2325 θησοίν
558 2286 609 2319 τε
632 2272 723 2319 καὶ
752 2268 1177 2340 ήρμηνεύθησαν,
1207 2267 1269 2325 ὡς
1301 2264 1456 2327 εἰκὸς.

425 2445 585 2517 Ἀμὴν
657 2476 723 2486 -
804 2443 1147 2517 παρέλθωσιν.
1211 2443 1345 2496 Ἐκεῖ
1407 2446 1494 2493 καὶ
1576 2445 1692 2514 περὶ
1762 2442 1955 2492 τούτων

356 2533 473 2607 έρῥή
485 2536 544 2592 θη

425 2626 719 2695 Προσέχετε
816 2652 884 2665 -—-
964 2622 1222 2691 γίνεσθαι.
1302 2620 1382 2672 Ἐν
1469 2618 1540 2689 τῷ
1622 2624 1953 2686 πεντηκοστῷ

353 2708 525 2782 ὀγδόῳ
578 2710 834 2783 κεφαλαίῳ
892 2718 983 2761 τοῦ
1058 2712 1191 2760 κατά
1258 2709 1523 2760 Ματθαίον
1574 2706 1803 2766 ζήτησον
1861 2710 1954 2762 τήν

352 2800 621 2872 ἑρμηνείαν
687 2808 797 2851 τοῦ·
871 2805 1179 2872 Γρηγορεῖτε
1266 2792 1377 2862 οὖν,
1449 2796 1529 2845 ὅτι
1609 2794 1702 2845 οὐκ
1775 2789 1954 2845 οῖδατε

351 2894 477 2960 ποίᾳ
544 2890 653 2960 ὥρᾳ
709 2890 733 2939 ὁ
796 2890 984 2961 Κύριος
1068 2887 1209 2957 ὑμῶν
1265 2887 1496 2957 ἔρχεταυ
1549 2881 1595 2933 ἐν
1662 2882 1791 2953 αὐτῇ
1853 2884 1950 2953 γὰρ

352 2984 518 3029 ταῦτα
560 2981 769 3049 μνήμης
826 2981 913 3027 καὶ
976 2974 1257 3036 ἐπιλύσεως
1312 2978 1659 3042 τετυχήκασι.
1720 2978 1951 3043 Σημειω-

352 3070 461 3118 τέον
495 3062 553 3118 δε
583 3070 662 3117 ὅτι
710 3065 768 3117 ού
823 3070 974 3137 μόνον
1030 3065 1057 3121 ἡ
1100 3065 1255 3136 μέθη,
1299 3061 1427 3114 ἀλλά
1466 3066 1555 3113 καὶ
1612 3061 1667 3112 αἰ
1708 3080 1953 3135 μεριμναι

2061 574 2226 647 quod
2244 576 2364 629 Erit
2380 581 2518 630 tunc
2530 575 2772 645 afﬂictio
2792 592 3011 647 magna
3029 578 3221 648 qualis
3239 592 3356 631 non
3367 576 3488 644 fuit
3506 594 3539 630 a
3550 577 3718 645 prin-

2064 667 2210 736 cipio
2242 664 2454 720 mundi
2471 665 2551 719 ad
2572 665 2668 721 hoc
2690 681 2867 737 usque
2899 672 3147 736 tempus,
3182 681 3368 737 neque
3388 668 3507 733 ﬁet,
3534 669 3580 701 ⁵⁵
3615 682 3718 733 ;ex

2065 754 2544 825 interpretatione
2570 769 2727 825 ergo,
2757 771 2892 826 quea
2917 754 2997 810 ibi
3020 756 3215 828 posita
3246 759 3354 826 est,
3388 755 3564 811 etiam
3592 755 3722 811 haec

2066 849 2522 914 cognoscentur.

2137 935 2298 988 Vers.
2330 933 2417 988 25.
2450 934 2515 988 Et
2555 938 2723 989 erunt
2752 964 2819 973 —-
2848 933 3013 988 Vers.
3044 934 3132 987 26.
3163 933 3556 990 movebuntur.
3591 936 3725 990 Haec

2069 1022 2142 1078 de
2166 1023 2431 1078 secundo
2458 1022 2724 1077 adventu
2753 1038 2860 1077 suo
2883 1022 3044 1076 dicit.
3070 1021 3272 1088 Quaere
3296 1028 3493 1078 autem
3525 1022 3729 1078 simili-

2068 1117 2155 1166 ter
2179 1114 2338 1184 apud
2370 1112 2703 1167 Matthmum
2726 1111 2863 1167 dicti
2896 1111 3048 1166 illius
3087 1113 3530 1168 enarrationem
3568 1111 3730 1168 :Sta-

2071 1207 2089 1257 ι
2097 1203 2173 1256 im
2193 1209 2387 1257 autem
2398 1207 2529 1270 post
2542 1200 2899 1270 afﬂetionem
2916 1200 3149 1257 dierum
3173 1200 3412 1255 illorum
3425 1200 3507 1255 sol
3527 1202 3732 1256 obscu-

2070 1290 2323 1355 rabitur,
2338 1296 2388 1346 et
2410 1291 2552 1345 luna
2565 1306 2681 1345 non
2697 1289 2855 1345 dabit
2890 1288 3252 1361 splendorem
3268 1305 3454 1353 suum,
3471 1294 3523 1344 et
3541 1290 3731 1345 stellas

2070 1378 2273 1437 cadent
2301 1380 2373 1436 de
2388 1380 2617 1446 εωιοεσ,
2641 1394 2711 1435 ac
2732 1378 2872 1436 dicti
2886 1379 3186 1451 sequentis
3208 1397 3222 1447 ;
3251 1384 3308 1434 et
3324 1378 3398 1435 de
3425 1377 3521 1433 his
3549 1379 3729 1434 etiam

2068 1484 2358 1525 invenies.

2142 1646 2310 1702 Vers.
2351 1645 2445 1701 27.
2478 1646 2555 1702 Et
2588 1650 2721 1701 tunc
2746 1677 2813 1685 —
2843 1660 3082 1717 magna.
3116 1647 3343 1701 Rursus
3372 1643 3450 1701 ibi
3501 1660 3612 1701 suo
3637 1660 3731 1702 or»

2071 1737 2207 1791 dine
2237 1735 2365 1804 lege
2387 1734 2811 1799 enarrationes,
2836 1750 2971 1807 quae
2999 1734 3354 1789 necessariae
3379 1739 3517 1790 sunt
3536 1749 3730 1807 usque

1996 1837 2039 1895 Β
2071 1826 2152 1881 ibi
2184 1844 2196 1883 :
2232 1824 2281 1880 A
2322 1825 2442 1893 ﬁcu
2472 1831 2667 1880 autem
2700 1823 2909 1879 discite
2940 1823 3299 1892 parabolum
3332 1823 3401 1875 ⁵⁷.

2144 1915 2311 1971 Vers.
2342 1913 2431 1967 28.
2466 1913 2573 1969 His
2615 1919 2810 1968 autem
2849 1914 2980 1980 ﬁeri
3018 1911 3436 1981 incipientibus
3470 1944 3530 1953 -
3561 1912 3727 1968 Vers.

2068 2005 2156 2059 3t.
2216 2002 2340 2059 Dei.
2378 2005 2598 2057 Rursus
2630 2001 2711 2056 ibi
2758 2001 2985 2073 reliqua
3015 2000 3315 2056 enarratio
3344 1999 3599 2069 legenda
3642 2005 3733 2056 est

2070 2091 2386 2163 usqueibi:
2421 2092 2629 2155 Amen,
2652 2090 2778 2146 dico
2801 2090 2983 2150 vobis,
3012 2105 3385 2160 nequaquam
3415 2090 3731 2160 praeteribit

2066 2182 2368 2252 generatio
2400 2179 2523 2236 haec
2553 2180 2733 2236 donec
2753 2180 2954 2235 omnia
2975 2179 3090 2235 ista
3112 2180 3258 2247 ﬁant
3288 2179 3365 2233 5°:
3391 2178 3450 2234 in
3479 2194 3549 2234 ea
3569 2179 3731 2237 enim

2068 2276 2123 2326 et
2149 2271 2363 2326 horum
2403 2268 2560 2325 facta
2589 2273 2679 2324 est
2720 2268 2965 2334 mentio,
3016 2274 3073 2324 et
3114 2267 3256 2324 data
3301 2268 3726 2339 interpretatio,

2067 2364 2131 2415 ut
2163 2375 2273 2431 par
2297 2362 2442 2415 erat.

2138 2448 2304 2504 Vers.
2360 2451 2449 2504 32.
2503 2448 2684 2502 Amen
2718 2477 2776 2485 —
2814 2448 2975 2501 Vers.
3029 2450 3116 2502 33.
3169 2446 3582 2515 praeteribunt.
3637 2446 3723 2503 lbi

2066 2537 2245 2594 etiam
2276 2537 2349 2591 de
2378 2536 2471 2590 his
2502 2535 2727 2590 dictum
2760 2539 2866 2589 est.

2137 2625 2300 2680 Vers.
2356 2625 2443 2679 34.
2500 2623 2800 2680 Attendite
2833 2654 2902 2664 —
2942 2623 3101 2677 Vers.
3146 2627 3233 2679 36.
3283 2638 3410 2694 quae
3468 2629 3721 2680 ventura

2063 2720 2219 2770 sunt.
2254 2713 2767 2785 Quinquagesimo
2806 2717 3019 2769 octavo
3046 2712 3347 2782 Evangelii
3388 2713 3558 2781 juxta
3590 2716 3724 2769 Mat-

2064 2804 2284 2859 thteum
2305 2802 2499 2874 capite
2520 2817 2721 2874 quaere
2746 2801 3186 2857 enarrationem
3219 2800 3364 2872 ejus,
3388 2800 3550 2873 quod
3583 2802 3724 2857 dici-

2063 2896 2157 2948 tur
2181 2907 2192 2945 :
2226 2892 2466 2963 Vigilate
2494 2907 2654 2961 ergo,
2675 2892 2811 2963 quia
2842 2890 3093 2955 nescitis,
3123 2906 3241 2962 qua
3269 2891 3415 2947 hora
3437 2892 3723 2947 Dominus

2066 2987 2254 3038 vester
2281 2986 2566 3037 venturus
2590 2981 2664 3037 sit
2682 2982 2761 3048 5’;
2796 2996 2935 3035 nam
2965 2980 3023 3035 in
3054 2995 3124 3034 eo
3142 2979 3321 3034 etiam
3349 2979 3422 3035 de
3448 2980 3541 3035 his
3565 2979 3724 3036 facta

2062 3077 2148 3126 est
2174 3070 2414 3136 mentio,
2451 3070 2712 3142 dataque
2740 3069 3054 3124 enarratio.
3093 3068 3473 3137 Signandum
3505 3073 3594 3124 est
3618 3084 3722 3125 au-

354 3164 443 3209 τού
476 3154 597 3229 βίου
644 3154 970 3229 βαπτίζουσι
1024 3158 1115 3211 τήν
1141 3152 1349 3224 ψυχήν,
1391 3157 1480 3204 καὶ
1506 3152 1949 3212 καταποντίζουσι

2078 3177 2201 3228 ιρω,
2234 3160 2397 3232 quod
2437 3176 2558 3215 non
2599 3159 2721 3215 sola
2738 3158 3017 3225 ebrietas,
3050 3158 3152 3213 sed
3194 3164 3248 3213 et
3276 3174 3433 3214 cura:
3470 3157 3723 3213 stecula-

353 3254 451 3297 τῶν
481 3254 617 3299 νοῦν.

423 3340 521 3388 Καὶ
557 3364 623 3374 -
656 3332 947 3408 ἀνθρώπου.
982 3338 1321 3405 Παραστῆναι
1351 3337 1423 3399 τῷ
1452 3337 1665 3404 Χριστῷ
1689 3331 1820 3401 μετὰ
1849 3338 1948 3380 τῶν

347 3422 593 3495 ἀγγέλων.

414 3512 509 3564 Ἦν
559 3543 626 3551 -
684 3506 979 3563 διδάσκων.
1034 3508 1108 3560 Δι’
1174 3507 1414 3581 ὠφελειαν
1476 3516 1575 3560 τῶν
1634 3506 1795 3560 ἐκεῖσε
1830 3509 1942 3579 (46)

347 3603 751 3674 συνερχομένων.

412 3692 515 3751 ra;
543 3686 601 3741 δε
629 3692 814 3750 νύκτας
844 3718 911 3728 --
950 3686 1188 3743 Ἐ)αίῶν.
1225 3689 1320 3739 Διά
1355 3690 1411 3738 τὸ
1443 3684 1833 3760 ἀπερίσπαστον
1852 3690 1939 3738 καὶ

344 3775 638 3835 ἐπιτήδειον
672 3777 742 3837 εἰς
768 3781 1093 3850 προσευχήν
1132 3776 1237 3846 οὐχ
1265 3777 1417 3833 ἧττον
1450 3771 1508 3827 δι
1534 3780 1621 3826 καὶ
1648 3775 1712 3836 εἰς
1741 3794 1937 3847 μυστι-

343 3870 567 3940 κωτέραν
596 3862 949 3918 διδασκαλίαν
978 3873 1077 3916 τῶν
1099 3866 1361 3937 μαθητῶν·
1391 3860 1547 3923 δῆλον
1575 3866 1674 3937 γὰρ
1709 3864 1788 3916 ὅτι
1826 3864 1936 3935 μετ’

343 3956 509 4008 αὐτῶν
542 3955 791 4029 ἐξήρχετο
822 3953 921 4006 ἐκεῖ
954 3953 1212 4014 ηὐλίζετο·

417 4138 515 4187 Καὶ
554 4139 743 4192 πᾶς-
773 4131 952 4185 αὑτοῦ.
991 4131 1049 4183 Εἰ
1088 4132 1112 4182 ὁ
1161 4131 1278 4191 λαὸς
1324 4129 1508 4194 ἐκεῖνος
1547 4132 1711 4195 οὕτως
1753 4131 1932 4202 ἐποίει,

342 4223 509 4290 πολλῷ
541 4221 727 4293 μᾶλλον
768 4223 904 4293 ἡμᾶς
931 4225 1063 4294 χρὴ,
1090 4225 1173 4273 τὸν
1200 4222 1502 4295 οἰκειότερον
1520 4221 1659 4286 λαὸν,
1676 4224 1933 4297 ὸρθρίζιιν

342 4316 465 4384 πρὸς
497 4312 648 4363 αὐτὸν
690 4310 737 4361 ἐν
782 4319 853 4380 τῷ
886 4312 1002 4383 ἱερῳ
1032 4308 1113 4362 ἐπὶ
1145 4320 1214 4381 τῷ
1245 4309 1448 4362 ἀκούειν
1483 4310 1661 4375 αὑτοῦ,
1696 4308 1789 4363 διά
1837 4321 1934 4363 τῶν

341 4403 484 4454 θείων
510 4408 544 4452 Γ
546 4408 719 4475 ραφών
754 4395 1125 4466 διδάσκοντος,
1158 4405 1247 4451 καὶ
1266 4404 1338 4472 μὴ
1363 4405 1514 4472 μόνον
1561 4398 1785 4468 ἀκούειν,
1810 4399 1936 4452 ἀλλά

337 4496 425 4544 καὶ
456 4491 753 4543 ὑπακούειν.

424 4576 453 4601 6

730 4768 873 4816 ΚΕΦ.
907 4760 1028 4826 Ος-’.
1057 4765 1179 4835 Περὶ
1202 4766 1293 4813 τοῦ
1327 4762 1542 4831 Πάσχα.

408 4919 631 4992 Ἦγγιζε
688 4951 756 4960 -
806 4920 1025 4991 Πάσχα.
1078 4923 1256 4991 Ἐορτὴ
1306 4928 1404 4970 τῶν
1450 4918 1691 4990 Ἀζύμων
1741 4915 1933 4989 ἐλέγετο

337 5013 426 5060 καὶ
468 5010 498 5066 ἡ
548 5017 637 5061 τοῦ
683 5010 883 5079 Πάσχα
921 5007 1094 5081 ἑορτή,
1146 5004 1285 5059 διότι
1326 5009 1459 5059 κατά
1497 5010 1553 5059 τὸ
1600 5009 1799 5077 Πάσχα
1826 5014 1931 5067 τοῖς

335 5104 425 5150 τοῦ
464 5096 625 5170 ἀμνοῦ
664 5099 850 5173 κρέασι
904 5101 994 5149 καὶ
1046 5097 1225 5168 ἄζυμα
1267 5097 1567 5154 συνήσθιον.
1601 5100 1791 5147 Λοιπὸν
1821 5096 1927 5167 οὖν,

407 5277 453 5312 ⁸⁸
487 5273 689 5331 Matth.
722 5288 882 5338 xxxv,
913 5275 1002 5329 2t.
1151 5274 1198 5309 ⁵⁸
1229 5271 1369 5329 Ibid.
1398 5273 1485 5328 29.
1600 5274 1644 5308 ⁵⁷
1676 5271 1821 5328 ibid.
1848 5272 1937 5327 29.

2060 3267 2153 3305 res
2211 3249 2480 3305 animam
2532 3248 2874 3312 absorbent,
2920 3252 3304 3318 mentemque
3340 3246 3715 3316 demergunt.

2131 3339 2297 3393 Vers.
2326 3338 2414 3394 36.
2446 3338 2519 3393 Et
2548 3368 2605 3377 —
2636 3336 2908 3392 hominis.
2944 3340 3143 3391 Astare
3175 3335 3407 3391 Christo
3435 3350 3575 3390 cum
3606 3350 3719 3390 an-

2056 3426 2223 3498 gelis.

2127 3515 2288 3570 Vers.
2319 3515 2406 3571 37.
2440 3514 2587 3569 Erat
2618 3544 2685 3552 —
2714 3513 2943 3569 docens.
2972 3512 3217 3584 Propter
3264 3526 3473 3567 eorum
3506 3510 3713 3568 utilita-

2051 3610 2192 3669 tem,
2234 3604 2334 3676 qui
2366 3603 2503 3658 illuc
2536 3602 2993 3657 concurrebant.

2123 3695 2281 3750 Vers.
2315 3693 2403 3749 37.
2435 3691 2711 3747 Noctibus
2744 3706 2879 3747 vero
2927 3722 2996 3730 —
3030 3690 3353 3746 Oliuarum.
3402 3688 3483 3744 Ne
3515 3693 3711 3745 mente

2047 3783 2489 3851 distraheretur,
2511 3779 2730 3851 etquia
2746 3785 2922 3850 aptus
2952 3784 3076 3833 erat
3108 3778 3177 3832 ad
3208 3777 3580 3849 precandum
3600 3793 3711 3834 nec

2046 3872 2247 3928 minus
2272 3886 2516 3944 quoque
2546 3870 2619 3924 ob
2638 3868 3013 3924 secretiorem
3037 3866 3469 3939 discipulorum
3497 3867 3711 3923 instru-

2044 3961 2299 4018 ctionem
2329 3977 2343 4021 :
2377 3975 2519 4016 nam
2546 3956 2928 4014 manifestum
2960 3963 3066 4021 est,
3100 3955 3265 4029 quod
3293 3954 3431 4011 illuc
3460 3971 3598 4010 cum
3623 3954 3708 4011 eis

2044 4049 2241 4106 exibat
2271 4053 2325 4105 et
2352 4045 2838 4103 conversabatur.

2116 4141 2275 4194 Vers.
2304 4141 2389 4194 38.
2427 4136 2818 4206 Omnisque-
2848 4134 3045 4190 illum.
3084 4134 3139 4189 Si
3169 4132 3431 4205 populus
3462 4131 3555 4187 ille
3588 4132 3703 4189 hoc

2044 4227 2323 4291 faciebat,
2340 4226 2527 4282 multo
2547 4224 2738 4295 magis
2753 4240 2887 4292 nos,
2902 4224 3005 4295 qui
3027 4222 3287 4294 populus
3304 4222 3495 4291 magis
3509 4220 3589 4277 illi
3612 4221 3703 4277 fa-

2047 4317 2292 4373 miliaris
2325 4333 2533 4372 sumus
2564 4318 2797 4387 oportet
2824 4311 3089 4368 diluculo
3121 4312 3312 4366 venire
3339 4310 3416 4366 ad
3446 4326 3606 4377 eum,
3638 4314 3702 4365 ut

2045 4406 2103 4461 in
2145 4405 2362 4477 templo
2394 4404 2713 4460 audiamus
2751 4402 2918 4458 illum
2954 4418 3055 4473 per
3084 4402 3418 4472 Scripturas
3463 4404 3698 4454 sanctas

2044 4495 2359 4550 docentem
2391 4512 2408 4564 ;
2444 4509 2551 4549 nec
2586 4491 2780 4548 solum
2814 4497 2874 4545 ut
2918 4490 3258 4555 audiamus,
3290 4488 3397 4544 sed
3427 4489 3605 4543 etiam
3635 4492 3697 4543 ut

2044 4582 2412 4640 obediamus.

2417 4753 2575 4811 CAP.
2618 4755 2837 4810 LXXVI.
2872 4754 2953 4810 De
2982 4752 3229 4809 Pascha.

2117 4914 2259 4987 Cap.
2311 4914 2470 4971 XXII.
2523 4916 2680 4970 Vers.
2715 4918 2762 4969 l.
2818 4911 3321 4984 appropinquavit
3353 4943 3420 4952 —
3448 4912 3685 4969 Pascha.

2042 5007 2274 5062 Festum
2299 5007 2661 5077 Azymorum
2691 5001 2870 5058 etiam
2891 5000 3187 5057 dicebatur
3212 5001 3409 5073 ipsum
3447 5002 3687 5058 Pascha;

2041 5094 2280 5159 festum,
2312 5093 2455 5167 quia
2493 5093 2553 5149 in
2594 5090 2821 5149 Pascha
2870 5088 3145 5147 carnibus
3189 5089 3329 5161 agni
3368 5094 3425 5147 et
3463 5090 3685 5162 azymis

2086 5271 2133 5307 ιο
2164 5270 2312 5327 Ibid.
2345 5248 2435 5327 3'4.
2546 5270 2595 5306 η
2616 5268 2759 5326 Ibid.
2778 5271 2868 5325 4-2.

1399 5450 1625 5520 Variae
1658 5449 1987 5518 lectiones
2018 5459 2083 5517 et
2121 5458 2322 5517 notae.

406 5622 519 5695 (43)
547 5627 651 5675 Τοῦ
676 5626 885 5677 neuter
914 5621 1191 5691 agnoscit
1219 5620 1279 5678 in
1309 5625 1577 5679 contextu
1601 5620 1763 5695 apud
1791 5622 1931 5678 Mat-

334 5693 579 5750 thmum.

407 5767 521 5838 (44)
562 5766 623 5818 Δί
652 5762 820 5821 abest
848 5766 914 5822 Α.

2113 5620 2227 5763 ἓλὶὅξ
2255 5616 2352 5673 "Av
2382 5618 2594 5675 omittit
2625 5618 2685 5674 Β.

2137 5692 2202 5747 46
2248 5689 2386 5744 Ἐκεῖ
2404 5697 2459 5742 Β.

2137 5689 2225 5747 46)
2248 5689 2386 5744 Ἐκεῖ
2404 5697 2459 5742 Β.
