4144 6314
506 365 646 427 18τὸ

504 588 831 654 gustarent,
910 581 1108 654 ipsum
1195 579 1428 636 Pascha
1500 577 1900 634 nominabant
1978 576 2156 633 etiam

503 675 750 746 Azyma.

575 762 745 816 Aliud
796 767 994 816 tamen
1042 759 1277 832 proprie
1317 758 1531 814 festum
1598 761 1726 812 erat
1775 762 2156 828 Azymorum,

503 851 601 908 die
633 851 902 922 sequenti
935 853 1069 921 post
1100 849 1339 904 Pascbaa
1368 847 1692 911 festum,de
1717 862 1837 917 quo
1869 846 2048 900 latius
2075 845 2160 900 di-

503 945 666 996 ctum
697 946 785 995 est
817 939 1197 1008 sexagesimo
1228 938 1398 992 tertio
1429 937 1622 1007 capite
1657 936 1954 1004 Evangelii
1990 936 2162 1005 juxta

502 1030 863 1093 Matthaeum,
893 1027 1217 1082 ubidicitur
1243 1043 1254 1082 :
1282 1026 2050 1095 PrimoautcmAzymorum
2068 1039 2164 1079 ac-

504 1123 800 1175 cesserunt
835 1118 1115 1185 discipuli
1139 1117 1220 1171 ad
1247 1117 1442 1172 Jesum
1478 1116 1736 1171 dicentes
1785 1116 1872 1169 ei:
1915 1115 2024 1171 Ubi
2078 1114 2164 1170 vis

501 1223 775 1280 paremus
819 1207 928 1263 tibi
965 1205 1034 1260 ad
1079 1205 1368 1262 edendum
1408 1203 1635 1261 Pascha
1667 1206 1716 1240 ⁸ο
1746 1207 1775 1259 7

576 1386 737 1442 Vers.
767 1387 819 1441 2.
851 1387 927 1442 Et
974 1385 1322 1458 qum-ebant
1346 1414 1415 1428 —
1442 1383 1742 1456 populum.
1784 1384 2164 1449 Quaarebant,

505 1475 812 1548 quomodo
897 1475 1237 1531 occiderent
1302 1491 1431 1529 eum
1498 1473 1747 1538 occulte,
1817 1479 1918 1528 aut
1995 1479 2168 1528 nacta

508 1565 668 1621 bona
745 1565 1061 1620 occasione
1121 1563 1406 1634 scilicet;
1459 1563 1743 1618 timebant
1809 1561 1972 1618 enim
2054 1577 2167 1632 po-

508 1652 746 1726 pulum,
789 1653 838 1708 si
871 1652 1071 1726 palam
1120 1658 1222 1709 aut
1260 1651 1424 1708 nulla
1457 1652 1600 1708 data
1647 1650 1961 1707 occasione
1999 1651 2167 1707 illum

510 1742 875 1799 occiderent.

581 1831 747 1887 Vers.
775 1832 828 1888 3.
869 1831 1132 1888 Intravit
1166 1861 1234 1871 —
1264 1830 1590 1887 duodecim.
1625 1830 1884 1886 Joannes
1922 1845 2063 1886 vero
2089 1830 2168 1884 di—
2206 1840 2245 1896 Β

511 1919 788 1994 cit,quod
811 1923 948 1976 Post
971 1921 1222 1989 o/fulam
1247 1924 1387 1975 tunc
1419 1921 1681 1974 introivit
1710 1921 1766 1974 in
1799 1920 1967 1975 itlum
1997 1920 2168 1975 Sata-

511 2024 642 2065 nas.
668 2011 711 2044 ⁸¹
746 2011 873 2064 Non
900 2013 990 2063 est
1015 2014 1215 2063 autem
1249 2009 1304 2063 in
1326 2009 1439 2064 hoc
1465 2008 1874 2064 contradictio.
1911 2008 2169 2062 Primum

517 2096 816 2169 siquidem
831 2096 1193 2168 experientia
1207 2097 1496 2167 probabat
1508 2098 1782 2161 Satanas,
1803 2113 1871 2152 ac
1888 2097 2170 2151 miserum

520 2185 894 2258 explorabat,
948 2185 1333 2255 postmodum
1374 2201 1516 2240 vero
1555 2186 1758 2251 agnito
1788 2186 1951 2259 quod
2007 2200 2173 2256 repu-

519 2274 718 2330 diatus
749 2279 909 2328 esset
936 2280 989 2328 et
1019 2273 1455 2344 incorrigibilis,
1489 2291 1674 2329 ausus
1714 2281 1799 2330 est
1831 2275 1889 2328 in
1923 2290 2060 2328 eum
2091 2273 2176 2328 in-

523 2362 712 2434 gredi,
770 2363 918 2418 sicut
963 2363 1233 2418 etiamin
1268 2363 1584 2432 Evangelio
1626 2364 1796 2434 juxta
1838 2363 2174 2418 Matthaaum

522 2453 802 2523 diximus,
835 2459 1172 2508 nontamen
1196 2453 1360 2525 quod
1385 2454 1640 2509 insanire
1663 2470 1798 2508 eum
1828 2453 2046 2510 faceret
2075 2457 2179 2508 aut

526 2541 906 2612 agitaret,sed
930 2543 1094 2615 quod
1117 2542 1195 2598 illi
1213 2542 1988 2616 dominaretur,ettanquam
2009 2558 2180 2598 servo

525 2638 806 2688 uteretur.
882 2633 1197 2687 lscarioten
1259 2632 1421 2687 hunc
1495 2632 1641 2688 dixit
1712 2632 1788 2688 ad
1859 2633 2181 2687 discrimen

528 2721 798 2780 alterius.
829 2721 998 2777 Judm
1029 2720 1264 2777 Addidit
1293 2722 1472 2778 etiam
1498 2721 1664 2793 quod
1695 2738 1725 2776 e
1755 2736 2008 2777 numero
2039 2722 2185 2776 duo-

529 2810 722 2867 decim
752 2815 892 2880 erat,
925 2811 1337 2867 utostenderet
1375 2811 1535 2883 quod
1587 2811 1661 2866 de
1686 2812 1882 2883 primo
1939 2816 2066 2868 erat
2101 2811 2188 2867 di-

532 2899 901 2971 scipulorum
935 2899 1137 2955 choro.

604 2989 767 3043 Vers.
804 2991 856 3044 4.
887 2988 960 3042 Et
1006 2988 1152 3044 abiit
1182 3018 1251 3029 —
1277 2988 1376 3044 eis.
1414 2989 1878 3057 Magistratibus,
1910 2989 2013 3061 qui
2044 2995 2189 3046 tem-

535 3076 702 3150 plum
749 3076 1183 3133 custodiebant.
1226 3080 1373 3134 Nam
1417 3084 1473 3133 et
1503 3079 1559 3134 bi
1618 3079 1885 3151 pecuniis
1921 3079 2188 3150 persuasi

1825 355 2171 418 summa
2209 323 2579 414 ZIGABENI

499 493 919 560 vescebantur,
968 505 1107 548 cum
1159 489 1362 562 itaque
1420 492 1560 545 tunc
1617 488 1882 561 primum
1941 501 2155 558 azyma

2296 488 2387 536 ’ότε
2443 486 2646 548 πρῶτον
2683 490 2947 558 γευόμενοι
3003 493 3101 540 τῶν
3149 484 3384 559 ἀζύμων,

3791 354 3920 414 1076

3445 484 3511 538 ’Δ
3525 488 3693 558 ζυμα
3732 488 3824 537 καὶ
3865 488 3915 536 τὸ

2275 577 2485 646 Πάσχα
2514 580 2894 647 κατωνομαζονο

2344 754 2524 827 Ἑτέρα
2576 751 2635 807 δε
2700 751 2761 813 ἦν
2812 757 2841 814 ἡ
2892 759 3085 827 κυρίως
3150 754 3298 830 ἐορτή
3354 762 3474 807 τῶν
3544 754 3830 825 Ἀζύμων,
3887 755 3913 811 i:

2272 846 2400 916 μετὰ
2444 849 2532 901 τὴν
2594 844 2775 917 ἑορτὴν
2821 853 2906 896 τοῦ
2953 847 3172 917 Πάσχα,
3218 849 3332 918 περὶ
3388 845 3463 904 ἧς
3516 847 3752 917 εἰρηταὶ
3797 843 3919 895 πλα-

2272 935 2481 1007 τύτερον
2534 931 2582 984 ἓν
2639 942 2710 1003 τῷ
2761 933 3024 996 ἑξηκοστῶ
3071 939 3229 1007 τρίτῳ
3283 933 3580 1005 κεφαλαίῳ
3635 931 3738 984 τοῦ
3794 937 3916 984 κατὰ

2273 1025 2540 1076 Ματθαῖον
2617 1025 2736 1075 ἔνθα
2793 1028 2870 1075 re"
2948 1031 3022 1096 Τῇ
3094 1020 3153 1076 δὲ
3212 1035 3391 1096 πρωτη
3467 1031 3583 1075 τῶν
3682 1022 3919 1092 ’Δζύμων

2272 1113 2569 1184 προσῆλθον
2644 1114 2693 1164 οἱ
2756 1115 2986 1184 μαθηταὶ
3040 1121 3112 1183 τῷ
3165 1113 3361 1178 Ἰησοῦ,
3427 1116 3696 1183 λέγοντες
3764 1111 3914 1180 αὐτῷ.

2276 1207 2383 1253 Ποῦ
2476 1200 2634 1262 θέλεις
2727 1201 3075 1274 ἑτοιμάσωμέν
3175 1202 3286 1273 (47)
3369 1220 3471 1254 σοι

2278 1292 2476 1362 Πάσχα
2510 1307 2523 1354 ;

3576 1208 3776 1273 φαγεῖν
3870 1204 3919 1251 το

2349 1385 2450 1432 Καὶ
2497 1377 2708 1442 ἐξῄτουν
2752 1409 2820 1420 —
2869 1379 3010 1432 λαόν.
3065 1379 3318 1440 Ἐζήτουν
3384 1382 3457 1432 τὸ
3528 1387 3658 1439 πῶς
3743 1376 3922 1430 ἀνέλω-

2279 1487 2360 1520 σιν
2410 1469 2585 1532 αὐτὸν,
2657 1473 2881 1542 κρυφίως
2950 1470 2981 1528 ᾖ
3055 1469 3353 1541 εὑαφὲρμως
3410 1465 3696 1526 δηλονότι
3731 1485 3744 1496 ⁸
3818 1469 3918 1539 ipo-

2278 1557 2461 1610 ϐοῡντο
2514 1561 2616 1631 γὰρ
2669 1562 2756 1610 τὸν
2811 1558 2953 1626 λαὸν,
3002 1567 3228 1633 γανερῶς
3275 1558 3304 1618 ἦ
3349 1557 3701 1632 ἁναφὸρμως
3732 1557 3913 1610 ἃνελείν

2279 1647 2455 1700 αὐτὸν.

2355 1825 2578 1885 Εἰσῆλθε
2655 1858 2725 1867 -
2808 1823 3036 1879 δώδεκα.
3133 1826 3371 1888 Ἰωάννης
3447 1823 3520 1880 δέ
3605 1846 3777 1899 φησιν
3844 1828 3914 1878 ὃτι

2287 1917 2431 1970 Μετὰ
2508 1919 2566 1967 τὸ
2662 1915 2890 1987 ψωμίον,
2947 1920 3065 1968 τότε
3140 1916 3374 1974 εἰσῆλθεν
3455 1915 3541 1978 εἰς
3622 1919 3819 1969 εκεῖνον
3887 1917 3908 1966 ὁ

2288 2011 2532 2068 Σατανᾶς.
2589 2004 2698 2057 Οὐκ
2739 2007 2854 2058 ἔστι
2898 2002 2957 2057 δε
3009 2013 3161 2058 τοῦτο
3205 2004 3600 2076 ἔναντιολογία.
3664 2011 3911 2080 Πρότερον

2287 2098 2377 2168 μὲν
2405 2097 2506 2168 γὰρ
2553 2095 2578 2146 ὀ
2629 2101 2852 2154 Σατανᾶς
2892 2091 3176 2169 ἀπόπειραν
3225 2093 3526 2152 ἐποιήσατο
3586 2100 3684 2147 καὶ
3738 2091 3906 2146 διεκω-

2290 2181 2481 2236 δώνισε
2534 2185 2644 2253 (48)
2695 2187 2781 2235 τὸν
2836 2183 3032 2236 anem-
3088 2185 3302 2256 ὕστερον
3361 2181 3442 2245 δε,
3505 2187 3679 2254 γνούς
3739 2182 3908 2254 ἀφορι-

2292 2276 2497 2338 σθέντα,
2549 2275 2618 2334 ὡς
2690 2269 3027 2347 ἀδιόρθωτον,
3087 2272 3355 2347 Θαρρήσας
3416 2269 3791 2336 ἐπεπήδησεν,
3848 2275 3902 2329 ὡς

2289 2367 2379 2415 καὶ
2449 2361 2497 2414 ἐν
2562 2370 2634 2432 τῷ
2695 2365 2830 2414 κατὰ
2893 2363 3162 2414 Ματθαίον
3235 2361 3544 2434 εἰρήκαμεπ,
3603 2361 3741 2418 πλὴν
3810 2359 3898 2428 οὐχ

2290 2454 2423 2504 ὥστε
2468 2448 2720 2524 δαιμονᾷν
2769 2451 2944 2514 αὐτὸν,
3004 2449 3110 2502 ἀλλ’
3169 2453 3304 2502 ὥστε
3365 2453 3780 2523 κατακυριεύειν
3819 2453 3894 2499 καὶ

2293 2538 2640 2611 δουλαγωγεῐν
2698 2541 2871 2595 αὐτόν.
2925 2541 3264 2613 Ἰσκαριώτην
3303 2542 3392 2611 μὲν
3435 2536 3532 2592 οὖν
3566 2540 3679 2593 εἶπε
3711 2546 3890 2599 τοῦτον,

2293 2634 2418 2702 πρὸς
2440 2627 2842 2688 ἁντιδιαστολην
2881 2638 2972 2682 τοῦ
3003 2629 3156 2681 ἄλλου
3189 2625 3388 2682 Ἰοὐδαο
3433 2627 3492 2681 ἐκ
3537 2637 3636 2681 τοῦ
3686 2626 3888 2703 ἀριθμοῦ

2297 2717 2356 2772 δὲ
2378 2729 2476 2771 τῶν
2513 2715 2742 2784 δώδεκα,
2770 2720 2850 2771 ἶνα
2877 2717 3022 2792 δείξῃ
3047 2721 3126 2771 ὅτι
3149 2718 3205 2771 ἐκ
3232 2727 3321 2772 τοῦ
3352 2725 3572 2794 πρώτου
3604 2724 3772 2794 χοροῦ
3797 2724 3880 2768 τῶν

2297 2811 2542 2882 μαθητῶν
2569 2807 2650 2868 ἦν.

2375 2993 2475 3042 Καὶ
2553 2987 2782 3042 ἀπελθὼν
2850 3019 2913 3029 --
2973 2987 3167 3050 αὐτοῖς.
3229 2994 3345 3048 Τοῖς
3404 2993 3748 3064 στρατηγοῖς,
3802 2989 3887 3042 τοῖς

2304 3077 2638 3150 φυλάσσουσι
2685 3080 2740 3129 τὸ
2799 3079 2949 3150 ἱερόν.
3003 3081 3349 3129 Συνέπνευσαν
3376 3080 3486 3150 γὰρ
3520 3083 3616 3130 καὶ
3647 3076 3775 3129 οὗτοι
3800 3079 3878 3128 τοῖς

534 3181 674 3222 cum
700 3165 1017 3222 homicidis
1047 3167 2051 3236 conjuraverant.Traderetautem,
2081 3168 2184 3223 hoc

2306 3173 2618 3240 μιαιφόνοις,
2671 3169 3062 3229 αναπεισθέντες
3101 3171 3370 3240 χρήμασι.
3406 3163 3658 3241 Παραδῷ
3690 3162 3750 3225 δὲ,
3777 3163 3862 3212 αντὶ

537 3260 644 3324 est,
673 3255 998 3312 traditurus
1024 3261 1200 3312 esset.

609 3348 766 3402 Vers.
796 3351 849 3402 5.
878 3346 952 3400 Et
986 3376 1054 3387 —
1082 3362 1140 3401 se
1167 3347 1436 3403 daturos.
1465 3347 1625 3403 Sicut
1646 3347 1905 3420 petebat.

611 3437 770 3490 Vers.
801 3436 856 3491 6.
913 3435 978 3490 Et
1011 3435 1106 3491 ille
1143 3436 1470 3506 spopondit.
1507 3439 1626 3492 Hoc
1671 3437 1728 3492 in
1762 3435 1895 3492 loco
1945 3435 2191 3508 ἐξωμολό-

535 3543 717 3598 γησεν,
752 3524 912 3580 idem
967 3527 1078 3593 est,
1133 3525 1298 3597 quod
1328 3530 1539 3598 pactus
1583 3533 1686 3591 est,
1737 3525 1984 3582 ﬁrmiter
2021 3532 2078 3583 et
2123 3542 2196 3581 ex

537 3612 743 3670 animo
773 3612 1069 3684 promisit.

608 3699 770 3757 Vers.
801 3705 852 3757 6.
881 3701 971 3757 Ac
1000 3731 1066 3742 —
1111 3701 1302 3759 turba.
1341 3702 1476 3760 Sine
1501 3703 1778 3760 tumultu.

2307 3266 2420 3322 τοῦ,
2450 3254 2779 3332 παραδώσει.

2380 3351 2481 3399 Καὶ
2511 3378 2578 3386 -
2611 3341 2812 3398 δοῦναι.
2840 3343 2929 3407 Ὠς
2955 3343 3148 3406 ἕξήτει.

2380 3439 2479 3488 Καὶ
2530 3433 2933 3507 ἔξωμολόγησεν.
3002 3434 3089 3488 Ἐκ
3147 3434 3261 3506 (49)
3315 3430 3550 3510 καρδίας
3596 3431 3884 3507 ὡμολόγησε,

2308 3523 2532 3598 βεϐαίως
2553 3523 2913 3596 ἐπηγγείλατο.

2379 3708 2480 3757 Καὶ
2508 3735 2576 3744 -
2606 3703 2788 3775 ὄχλου.
2823 3701 3124 3778 Εὖκαιρίαν,
3167 3704 3352 3770 εἶτουν,
3383 3699 3678 3763 ἐπιτήδειον
3704 3697 3881 3768 καιρὸν.

2303 3791 2459 3865 Ἀτερ
2489 3789 2547 3845 δε
2577 3791 2757 3864 ὄχλου,
2789 3790 2923 3857 ἀντὶ,
2966 3799 3078 3857 τοῦ,
3111 3797 3278 3865 χωρὶς
3306 3790 3531 3867 θορύϐου
3561 3789 3689 3862 (50).

609 3877 772 3934 Vers.
799 3879 850 3932 7.
880 3878 1041 3935 Venit
1071 3910 1139 3920 —
1177 3880 1428 3938 Pascha.
1463 3881 1726 3937 Verbum
1759 3883 1933 3948 venit,
1974 3881 2197 3953 signifi-
2374 3882 2533 3935 Ἦλθε
2603 3911 2670 3922 --
2723 3883 2940 3952 Πάσχα.
2991 3885 3061 3933 Τὸ
3110 3882 3259 3939 ἦλθεν
3317 3879 3543 3934 ενταῦθα
3607 3881 3662 3930 τὸ
3738 3870 3876 3925 ἔπλη-

540 3971 636 4024 cat
683 3968 771 4024 hic
800 3967 1075 4024 instabat.
1111 3969 1259 4024 Dixit
1290 3976 1509 4036 autem,
1558 3972 1730 4041 venit,
1778 3977 2021 4044 propter
2076 3988 2198 4026 ma-

541 4072 724 4127 gnam
766 4057 1296 4129 propinquitatem.
1325 4059 1496 4114 Aliud
1525 4061 1683 4114 enim
1711 4067 1816 4125 est,
1842 4061 2000 4133 quod
2024 4077 2198 4132 supe-

541 4144 662 4201 rius
691 4144 857 4199 dixit.
889 4145 1125 4216 ἤσγγιξεν,
1177 4150 1695 4219 appropinquavit,
1740 4156 1795 4205 et
1844 4149 2005 4205 aliud
2045 4148 2194 4207 ἐπλη-

547 4237 717 4298 σίασε,
747 4233 1280 4300 immincbat,quod
1305 4235 1401 4289 hic
1425 4236 1786 4305 signiﬁcatur
1814 4254 1918 4309 per
1948 4238 2196 4293 verbum

545 4318 686 4388 ἦλθε,
742 4321 916 4376 venit.
974 4321 1277 4393 Siquidem
1334 4325 1732 4396 propinquius
1772 4332 1858 4382 est
1911 4325 2200 4384 ἐπλησίασε

545 4423 730 4481 quam
762 4408 997 4480 ἤγγιζεν.
1056 4409 1190 4464 ldeo
1233 4411 1326 4466 ubi
1363 4416 1561 4484 posuit
1619 4416 1856 4486 ἤγγιζεν,
1909 4422 2198 4471 eratante

547 4499 700 4552 duos
720 4496 846 4553 dies
881 4497 1144 4553 Paschae.
1179 4499 1323 4555 Nam
1354 4507 1488 4557 aute
1518 4503 1669 4559 duos
1695 4504 1820 4559 dies
1848 4505 2078 4559 locutus
2111 4512 2201 4561 est

545 4585 730 4642 Judas
761 4603 898 4642 cum
930 4587 1297 4659 principibus
1337 4592 1716 4649 sacerdotum
1749 4599 1804 4649 et
1846 4595 2200 4665 magistrati-

545 4674 662 4731 bus
685 4690 697 4729 :
718 4675 814 4730 ubi
829 4681 1018 4731 autem
1033 4677 1394 4745 signiﬁcatur
1410 4680 1991 4744 inlnatuasvxstante
2013 4700 2197 4738 unum

547 4763 728 4820 diem.
781 4763 931 4820 Nam
989 4771 1124 4820 ante
1180 4783 1367 4824 unum
1422 4770 1581 4826 diem
1633 4771 1792 4826 misit
1857 4772 2093 4826 Petrum
2143 4778 2199 4828 et

546 4855 840 4910 Joannem
888 4852 962 4909 ad
993 4855 1326 4925 parandum
1373 4859 1618 4929 Pascha,
1667 4861 1820 4916 sicut
1849 4859 2013 4932 apud
2065 4863 2199 4918 Mat-

553 4942 772 4999 thaeum
801 4947 858 5000 et
885 4945 1144 5000 Marcum
1188 4943 1523 5003 didicimus.

2374 3882 2533 3935 Ἦλθε
2603 3911 2670 3922 --
2723 3883 2940 3952 Πάσχα.
2991 3885 3061 3933 Τὸ
3110 3882 3259 3939 ἦλθεν
3317 3879 3543 3934 ενταῦθα
3607 3881 3662 3930 τὸ

2310 3977 2465 4024 σίασε
2519 3967 2690 4028 δηλοῖ.
2753 3970 2912 4022 Ἦλθε
2956 3972 3054 4045 γὰρ
3117 3966 3245 4034 εἶπε,
3288 3966 3380 4022 διὰ
3437 3974 3534 4029 τὴν
3576 3968 3695 4039 ἄγαν
3747 3959 3878 4029 ἐγγύ-

2307 4081 2456 4119 τητα.
2518 4067 2725 4132 Ἕτερον
2795 4061 2852 4111 δὲ
2914 4063 2972 4111 τὸ
3055 4060 3292 4132 ἤγγιζεν,
3348 4061 3468 4132 ὅπερ
3550 4060 3649 4110 ἄνω
3705 4054 3876 4123 εἴρηκεν

2306 4154 2397 4202 καὶ
2458 4151 2625 4221 ἕτερον
2680 4151 2738 4200 τὸ
2796 4146 3130 4211 ἐπλησίασεν,
3185 4152 3304 4220 ὅπερ
3367 4149 3588 4200 ἐνταῦθα
3636 4139 3869 4198 δηλοῦται.

2308 4243 2378 4291 Τὸ
2456 4237 2743 4296 ἐπλησίασε
2816 4239 2916 4310 ’γὰρ
2990 4239 3263 4309 ἐγγύτερόν
3351 4235 3462 4289 ἔστι
3537 4241 3622 4287 τοῦ
3693 4223 3866 4297 ἥγνιζε.

2311 4331 2396 4379 Διό
2451 4328 2572 4379 ἔνθα
2621 4329 2710 4398 μὲν
2737 4326 2880 4388 ἔταξε
2908 4329 2964 4378 τὸ
3013 4329 3219 4397 ἤγγιζε,
3275 4330 3376 4400 πρὸ
3425 4323 3524 4378 δύο
3569 4325 3749 4388 arripi.»
3787 4316 3869 4400 τοῦ

2313 4419 2510 4488 Πάσχα
2574 4412 2654 4473 ἦν’
2718 4419 2817 4489 πρὸ
2879 4412 2976 4467 δύο
3018 4419 3119 4488 γὰρ
3168 4399 3372 4488 ἡμερῶν
3421 4417 3446 4466 ὁ
3480 4409 3656 4470 Ιούδας
3682 4399 3861 4489 σννελά·

2233 4548 2277 4601 D
2308 4506 2436 4564 λησε
2481 4513 2586 4565 τοῖς
2639 4503 2944 4578 ἀρχιερεῦσι
3012 4508 3098 4556 καὶ
3150 4512 3484 4579 στρατηγοῖς·
3537 4502 3640 4555 ἔνθα
3681 4490 3731 4546 δὲ
3778 4483 3857 4539 δη·

2309 4594 2491 4648 λουται
2529 4598 2587 4646 τὸ
2637 4592 2943 4661 ἐπλησίασε,
2993 4597 3092 4666 πρὸ
3136 4600 3257 4665 μιᾶς
3297 4593 3431 4647 ἔστι.
3491 4593 3584 4666 Πρό
3620 4588 3726 4656 μιᾶς
3761 4589 3843 4668 7²ξ

2313 4682 2577 4736 ἀπέστειλε
2624 4687 2812 4756 Πέτρον
2877 4687 2966 4735 καὶ
3037 4685 3275 4741 Ἰωάννην
3344 4683 3415 4745 εἰς
3461 4673 3719 4748 ἑτοιμασίαν
3763 4677 3836 4756 τον

2312 4775 2530 4845 Πάσχα,
2587 4773 2760 4833 καθὼς
2825 4773 3193 4844 μεμαθήκαμεν
3257 4775 3403 4846 παρὰ
3454 4764 3693 4824 Μαὸιθαίον

2311 4865 2549 4936 Μάρκου.

625 5123 674 5160 ⁸ο
704 5121 900 5180 Matth.
932 5137 1085 5190 xxvn,
1125 5126 1209 5194 l7,
1321 5121 1364 5159 ⁶¹
1392 5123 1563 5180 Joan.
1604 5140 1726 5180 xui.
1762 5127 1851 5180 27.

1623 5266 1843 5337 Variae
1890 5267 2220 5337 lectiones
2257 5279 2320 5338 et
2354 5274 2558 5338 notae.

2315 5438 2481 5496 Conf.
2523 5441 2870 5512 Harpocrat.
2932 5456 2984 5510 p.
3027 5438 3122 5495 5!.
3178 5440 3545 5512 Frequenter
3589 5447 3654 5491 eo
3719 5428 3872 5481 etiam

2316 5511 3073 5583 utiturChrysostomus._
3167 5581 3196 5583 ἡ
3314 5511 3359 5583 ⁷,
3433 5579 3446 5583 _
3568 5579 3577 5583 _
3787 5566 3808 5582 υ

2340 5560 2494 5655 ἤιξ’)
2529 5560 3028 5655 nisainsa...
3055 5581 3110 5634 ἐκ
3127 5579 3471 5655 Theophyl.
3507 5579 3675 5655 etiam
3703 5584 3769 5655 ρο,
3787 5560 3870 5655 ⁵10

2311 5653 2369 5708 c.
2389 5636 2970 5726 ‘iir'get'frmiaiu
2994 5636 3329 5727 ἐμολοᾶέαξ
3355 5636 3448 5706 Sta;
3487 5636 3728 5707 συνθήκαέ
3750 5636 3868 5690 ἕποι-

2312 5745 2341 5784 η
2351 5745 2478 5778 σατο
2489 5765 2500 5777 .

2381 5797 2496 5870 (50)
2520 5795 2846 5870 TheOphyl.
2875 5796 2970 5854 1.1.
2994 5799 3307 5870 καταμόνας.

630 5435 748 5505 (47)
779 5435 866 5492 Ita
917 5435 1097 5492 etiam
1128 5438 1376 5509 uterque
1429 5435 1488 5492 in
1537 5441 1813 5494 contextu
1873 5439 2034 5510 apud
2064 5443 2204 5495 Meto

555 5506 1294 5656 magaribemostbcnicum
1341 5579 1474 5656 hoc.
1519 5579 1674 5656 V_(_le
1720 5585 1837 5654 περὶ
1869 5580 2198 5656 παραπρεσϐ.

604 5689 616 5702 .
650 5647 937 5724 393Ledit,
961 5649 1155 5724 Reisig.
1192 5651 1291 5704 ubi
1337 5650 1523 5724 codex
1569 5647 2202 5724 M_osqu'ensis'ita'exhi

600 5725 699 5775 et:
743 5719 963 5779 Ἐκεῖνος
1005 5720 1358 5792 (Phihppus)
1415 5723 1554 5792 ἡμᾶς
1606 5719 1986 5792 διεκὶνὸξὼνισεν
2042 5724 2202 5775 ᾶπαν-

555 5809 666 5855 τας.
695 5793 824 5843 Τίνα
851 5790 1037 5868 τρόπον
1068 5806 1082 5858 ;
1111 5790 1464 5866 προσπέμπων
1512 5791 1713 5868 ἑκάστῳ
1755 5790 1889 5864 ἰδία,
1941 5815 1998 5854 κ.
2059 5814 2110 5851 τ.
2149 5795 2196 5852 λ.
