4144 6314
403 535 503 583 Καὶ
533 528 797 582 ἀπέστειλε
823 562 891 570 —
921 532 1176 603 φάγωμεν.
1204 526 1349 582 Κατά
1380 513 1468 572 τὸν
1498 517 1671 592 969°”-

400 620 464 669 Οί
492 615 550 671 δὲ
589 650 636 658 -
673 618 1010 692 ἐτοιμάσομεν
1044 638 1060 691 ;
1112 622 1242 671 Οὔτε
1270 619 1372 688 γὰρ
1418 605 1567 673 αὑτὸς
1600 610 1740 687 εἶχεν
1787 613 1925 670 ἴδιον

318 713 674 780 καταγώγιον,
708 712 823 761 οὔτε
852 713 953 781 μὴν
1007 708 1173 774 αὖτοί,
1225 713 1385 760 πᾶσιν
1433 698 1539 762 ἤδη
1597 702 1925 778 ἀποταξάμε-

314 818 421 849 νοι.

394 886 452 939 Ὀ
486 883 544 939 δὲ
576 918 637 927 -
671 886 995 958 ἑτοιμάσατε.
1055 888 1135 941 Ἐν
1162 896 1233 958 τῷ
1274 886 1536 956 ἑξηκοστῷ
1585 890 1742 958 τρίτῳ
1771 905 1925 957 κεφα-

313 975 453 1048 λαίῳ
487 984 579 1028 τοῦ
616 979 751 1028 κατὰ
811 978 1078 1029 Ματθαῖον
1113 978 1340 1038 ζήτησον
1387 980 1477 1033 τήν
1529 975 1781 1046 ἐξήγησιν
1811 983 1922 1027 τοῦ’

312 1064 381 1117 '0
410 1062 469 1117 δὲ
498 1062 632 1119 εἶπεν
665 1084 677 1095 ·
711 1064 955 1137 Ὑπάγετε
1009 1066 1078 1128 εἰς
1132 1070 1225 1123 τήν
1264 1064 1410 1117 πόλιν
1450 1068 1576 1138 πρὸς
1622 1068 1707 1117 τὸν
1758 1061 1919 1134 δεῖνα,

312 1159 413 1205 καὶ
451 1156 516 1206 τὰ
573 1154 709 1217 ἑξῆς.
774 1155 854 1209 Ἐν
916 1154 1075 1229 ἐκείνῃ
1141 1157 1239 1229 γὰρ
1289 1158 1406 1228 περὶ
1462 1156 1655 1206 τούτων
1720 1156 1923 1206 πάντων

317 1242 544 1317 ἒρῥήθη.

396 1332 721 1394 Ἀπελθόντες
751 1362 812 1371 ——
848 1336 940 1385 σὺν
971 1332 1130 1403 αὐτῷ.
1164 1331 1484 1395 Ἀκολούθως
1536 1330 1640 1384 εκεῖ
1675 1337 1764 1384 καὶ
1806 1335 1923 1406 περὶ

310 1425 515 1474 τούτων
545 1424 801 1496 εὑρήσεις.

396 1516 495 1564 Καὶ
525 1509 630 1563 εἶπε
656 1541 721 1551 —-
751 1514 958 1567 παθεῖν.
1020 1507 1229 1583 Σπουδῇ
1274 1506 1585 1562 ἐσπούδασα
1614 1512 1800 1562 τούτου
1834 1517 1924 1562 τοῦ

311 1598 557 1652 ἔνιαυτοῦ
587 1603 645 1652 τὸ
680 1602 877 1671 Πάσχα
908 1608 1083 1671 φαγεῖν
1115 1601 1228 1671 μεθ’
1254 1601 1417 1671 ὑμῶν,
1444 1603 1544 1671 πρὸ
1568 1607 1657 1651 τοῦ
1687 1618 1922 1673 σταυρω-

317 1691 478 1747 θῆναι
503 1708 565 1761 με
595 1690 730 1760 (511,
759 1693 877 1746 ἦτοι
931 1693 1030 1763 πρὸ
1092 1696 1183 1741 τοῦ
1213 1696 1395 1761 καιροῦ
1429 1696 1519 1739 τοῦ
1575 1692 1793 1759 Πάσχα·
1844 1689 1922 1741 Ἐν

314 1778 463 1848 αὐτῷ
491 1780 590 1852 γὰρ
624 1779 988 1849 σταυρωθῆναι
1041 1777 1259 1849 ἔμελλεν,
1304 1781 1370 1839 ὡς
1417 1776 1628 1849 ἀνέγνως
1656 1782 1797 1852 παρὰ
1849 1785 1922 1846 τῷ

316 1870 577 1938 Ματθαίῳ
609 1866 655 1918 ἓν
679 1875 739 1938 τῇ
774 1866 1025 1937 ἐξηγήσει
1054 1874 1165 1919 τοῦ·
1199 1866 1393 1937 Ὀψίας
1423 1862 1481 1919 δε
1510 1871 1777 1939 γενομένης
1816 1866 1919 1918 ἀνέ-

2057 1884 2091 1922 η
2137 1868 2275 1923 dicti
2322 1867 2474 1922 illius
2526 1867 2905 1921 enarratione
2947 1881 2958 1920 :

312 1975 459 2008 κειτο
490 1960 617 2027 μετὰ
648 1966 744 2008 τῶν
778 1952 1009 2008 δώδεκα.

394 2050 541 2116 Λέγω
594 2047 695 2118 γὰρ
765 2074 830 2085 -—-
887 2052 977 2097 τοῦ
1044 2051 1196 2097 Θεοῦ,
1262 2044 1348 2099 Ἐν
1421 2053 1486 2115 τῷ
1540 2043 1802 2116 ἑξηκοστῷ
1841 2064 1922 2097 τεο

312 2136 488 2207 τάρτῳ
557 2134 814 2205 κεφαλαίῳ
872 2141 962 2185 τοῦ
1010 2136 1147 2185 κατὰ
1206 2136 1471 2187 Ματθαῖον
1544 2134 1773 2194 ζήτησον
1830 2139 1923 2192 τήν

1206 2225 1327 2295 ὑμῖν
1402 2225 1481 2275 ὄτι
1538 2222 1596 2275 οῦ
1673 2228 1743 2293 μή
1820 2229 1923 2275 πίω

1504 2321 1597 2372 τῆς

680 2402 872 2474 ἡμέρας
939 2399 1154 2462 ἐκείνης,
1218 2402 1337 2452 ὅταν
1414 2400 1539 2452 αὐτὸ
1611 2405 1740 2452 πίνω
1810 2403 1921 2472 μεθ’

314 2222 588 2296 ἑρμηνείαν
651 2230 741 2275 τοῦ
775 2241 785 2251 ·
826 2226 973 2294 Λέγω
1054 2219 1112 2274 δι

314 2309 515 2383 ἄπαρτι
587 2310 640 2363 ἐκ
698 2314 882 2363 τούτου
946 2319 1037 2363 τοῦ
1111 2318 1425 2382 γεννήματος
1504 2321 1597 2372 τῆς
1672 2310 1919 2383 ἀμπέλου,

496 2408 589 2462 τῆς

315 2489 461 2560 ὑμῶν
491 2493 665 2541 καινὸν
718 2492 767 2541 ἑν
840 2496 903 2561 τῇ
957 2487 1204 2561 βασιλείᾳ
1264 2497 1355 2541 τοῦ
1413 2494 1611 2560 Πατρός
1653 2509 1773 2561 μου.
1820 2494 1921 2541 Καὶ

316 2403 340 2417 κ

313 2419 413 2461 εως

313 2577 573 2650 ἀνάγνωθι
610 2585 804 2644 πᾶσαν,
856 2584 945 2631 καὶ
1000 2580 1240 2652 εὑρήσεις
1300 2584 1417 2652 περὶ
1468 2582 1667 2630 πάντων
1732 2578 1918 2630 λεπτο-

314 2678 499 2740 μερῶς.

393 2762 491 2810 Καὶ
534 2753 808 2828 δεξάμενος
870 2786 935 2795 -
982 2755 1201 2814 ἑαυτοῖς.
1270 2754 1525 2807 Ἐντεῦθεν
1584 2754 1778 2827 ἤρξατο
1827 2761 1918 2806 τοῦ

312 2853 576 2917 μυστικοῦ
606 2842 837 2899 δείπνου.

389 2937 536 3004 Λέγω
578 2964 620 2973 -
656 2933 797 3005 ἔλθη.
821 2934 903 2986 Ἐν
942 2940 1003 3005 τῇ
1040 2929 1335 3005 δηλωθείσῃ
1363 2932 1605 3007 ἑρμηνείᾳ
1629 2937 1718 2986 καὶ
1750 2941 1917 2986 ταῦτα

313 3020 766 3094 ἕμνημονεύθησαν
798 3024 925 3095 μετὰ
953 3026 1042 3074 καὶ
1221 3030 1319 3073 τῶν
1348 3022 1546 3094 ἑφεξῆς.

396 3207 493 3256 Καὶ
540 3200 707 3253 λαϐὼν
774 3231 831 3242 -
903 3202 1181 3274 τραπέζης.
1230 3202 1516 3272 Ἀνάγνωθι
1573 3201 1619 3254 ὲν
1650 3211 1717 3273 τῷ
1773 3202 1908 3277 εὶρη-
1940 3228 1979 3285 C

315 3296 447 3363 μένῳ
505 3291 764 3363 κεφαλαίῳ
844 3295 937 3348 τήν
982 3291 1229 3361 ἐξήγησιν
1282 3299 1394 3343 τοῦ·
1477 3291 1785 3343 Ἐσθιόντων
1853 3290 1911 3344 δε

316 3380 695 3444 αῦτών,λαϐὼν
752 3382 776 3432 6
832 3379 1037 3442 Ἰησοῦς
1095 3382 1270 3453 ἄρτον,
1346 3386 1436 3433 καὶ
1513 3381 1911 3453 εὐχαριστήσας

1402 3487 1413 3498 ·
1472 3472 1659 3541 ὁμοίως
1720 3467 1778 3522 δὲ
1823 3476 1910 3522 καὶ

1702 3558 1910 3621 ἰξῆλθον

314 3469 516 3536 ἓκλασε,
549 3475 635 3521 καὶ
689 3466 871 3522 ἐδίδου
930 3477 1033 3530 τοίς
1081 3472 1341 3541 μαθηταῖς

314 3560 406 3619 τὰς
468 3559 641 3630 ἐφεξῆς
710 3559 846 3631 οἶχρι
886 3567 975 3610 τοῦ
1030 3577 1042 3587 ·

315 3646 381 3706 εἰς
441 3651 497 3698 τὸ
546 3651 662 3718 ὅρος
709 3656 807 3698 τῶν
860 3647 1076 3701 Ἐλαιῶν

1126 3564 1226 3611 Καὶ
1284 3560 1625 3630 ὑμνήσαντες,

1132 3664 1146 3677 ’
1192 3653 1281 3699 καὶ
1339 3649 1576 3720 εὑρήσεις
1623 3652 1740 3721 περὶ
1791 3650 1911 3698 ποίν-

315 3754 409 3786 των
465 3736 689 3808 ἀκριϐῶς
740 3753 752 3765 ·
805 3732 956 3789 οὐδὲν
1038 3739 1138 3809 γὰρ
1213 3736 1544 3798 ἀνεξέταστον
1610 3737 1907 3808 ὑπελείφθη.

312 3827 379 3877 Τὸ
432 3821 508 3889 δὲ,
554 3829 610 3876 τὸ
671 3826 795 3899 ὑπερ
851 3826 992 3897 ὑμῶν
1061 3824 1423 3897 ὲκχυνὸμενον,
1472 3828 1600 3897 πρὸς
1651 3829 1705 3876 τὸ
1752 3830 1908 3883 ποτή-

311 3934 419 3988 ριον
476 3911 819 3967 ἀποδέδοται.
879 3918 948 3967 Τὸ
999 3911 1058 3966 δὲ
1109 3918 1358 3985 ποτήριον
1430 3917 1487 3965 τὸ
1566 3915 1697 3986 αἷμα
1752 3914 1909 3965 αὐτοῦ

313 4002 441 4058 ἐστι.

386 4099 482 4144 Καὶ
516 4123 579 4132 -
611 4089 992 4164 παραδίδοται.
1027 4096 1163 4149 Φησὶ
1197 4093 1462 4152 Ματθαίος
1492 4091 1538 4143 ἓν
1554 4100 1623 4163 τῷ
1646 4091 1907 4163 ἑξηκοστῷ

314 4185 467 4253 τρίτῳ
493 4180 751 4252 κεφαλαίῳ
809 4201 820 4214 ·
866 4181 924 4235 Ὀ
972 4183 1061 4252 μὶν
1092 4180 1212 4242 Υἱὸς
1240 4188 1332 4233 τοῦ
1367 4181 1636 4253 ἀνθρώπου
1695 4183 1903 4252 ὑπάγει,

312 4272 478 4330 καθὼς
506 4274 795 4343 γέγραπται
820 4274 936 4344 περὶ
962 4269 1141 4336 αὐτοῦ,
1175 4276 1264 4322 καὶ
1294 4273 1360 4323 τὰ
1406 4270 1541 4334 ἑξῆς
1568 4271 1672 4323 ἐκεῖ
1703 4268 1790 4322 οὖν
1817 4276 1905 4323 καὶ

310 4368 470 4410 ταῦτα
498 4361 945 4430 ἐσαφηνίσθησαν.

380 4448 641 4501 Καὶαῦτοὶ
671 4481 739 4489 -
782 4450 1057 4523 πράσσειν.
1091 4450 1358 4510 Ματθαῖος
1415 4452 1503 4520 μεν
1552 4453 1641 4500 καὶ
1695 4450 1905 4520 Μάρκος

1270 366 1644 452 COMMENT.
1693 392 1765 455 IN
1802 388 2072 459 LUCAM.
2110 432 2180 443 —
2218 396 2375 459 CAP.
2417 400 2595 459 xxn.

1959 530 2004 584 Α
2107 530 2265 584 Vers.
2292 532 2341 584 8.
2371 529 2450 585 Et
2480 527 2670 585 emisit
2699 556 2769 571 —
2809 526 3073 584 edamus.
3110 523 3446 585 Secundum
3481 525 3695 599 legem.

3561 394 3702 458 1078

2111 620 2268 675 Vers.
2328 622 2376 673 9.
2439 620 2515 672 At
2547 617 2743 673 ilti—
2788 632 3074 685 paremus.
3111 619 3309 687 Neque
3362 616 3520 671 enim
3572 616 3699 687 ipse

2036 708 2347 780 proprium
2375 707 2641 764 habebat
2675 708 3091 777 diversorium,
3117 723 3307 779 neque
3338 706 3417 762 illi
3449 724 3462 761 :
3494 710 3698 778 utpote

2034 798 2316 852 omnibus
2344 799 2470 868 jam
2491 797 2805 852 derelictis.

2105 885 2269 942 Vers.
2311 886 2399 943 10.
2454 888 2579 957 Ipse
2608 900 2740 941 vero
2806 916 2864 925 —
2892 885 3055 940 Vers.
3114 889 3191 939 l2.
3242 891 3475 952 parate.
3520 885 3697 939 Sexa-

2034 976 2261 1043 gesimo
2284 977 2453 1031 tertio
2472 974 2772 1043 Evangelii
2792 974 3124 1030 secundum
3146 973 3487 1028 Matthzeum
3500 973 3697 1044 capite

2032 1080 2235 1136 quaere
2278 1065 2416 1120 dicti
2448 1064 2602 1119 illius
2647 1062 3215 1135 interpretationem.
3255 1063 3326 1117 At
3360 1062 3454 1116 ille
3498 1061 3691 1117 dixit:

2033 1154 2121 1209 Ite
2170 1155 2230 1209 in
2260 1154 2552 1210 civitatem
2590 1153 2671 1209 ad
2700 1152 3005 1224 quemdam
3030 1155 3097 1217 θ’.
3140 1157 3194 1208 et
3224 1157 3451 1207 caetera.
3488 1151 3552 1205 In
3594 1149 3695 1206 illa

2032 1244 2187 1298 enim
2210 1242 2282 1297 de
2313 1243 2406 1298 his
2438 1241 2714 1297 omnibus
2744 1242 2969 1297 dictum
2999 1246 3104 1297 est.

2104 1332 2263 1386 Vers.
2286 1333 2370 1387 13.
2393 1335 2437 1386 Α
2451 1332 2686 1387 beantes
2702 1363 2765 1372 —
2780 1332 2942 1387 Vers.
2966 1334 3045 1386 14.
3068 1344 3200 1387 cum
3215 1344 3299 1387 eo.
3316 1329 3694 1401 Consequeno

2032 1424 2119 1477 ter
2147 1421 2230 1476 ibi
2256 1421 2428 1476 etiam
2461 1421 2535 1476 de
2555 1420 2646 1476 his
2674 1421 2965 1476 invenies.

2104 1513 2261 1564 Vers.
2312 1512 2393 1564 15.
2432 1511 2505 1565 Et
2536 1511 2619 1566 ait
2650 1540 2716 1553 α-
2742 1511 2972 1579 patiar.
3006 1508 3395 1565 Festinatione
3413 1505 3693 1562 festinavi

2032 1599 2146 1655 hoc
2188 1615 2344 1654 anno
2397 1599 2621 1654 Pascha
2653 1600 2960 1654 comedere
2996 1597 3330 1662 vobiscum,
3364 1600 3689 1667 antequam

2033 1689 2369 1757 cruciﬁgar,
2412 1688 2537 1743 sive
2568 1692 2704 1744 ante
2750 1693 2985 1759 tempus
3037 1690 3278 1742 Paschae
3307 1700 3490 1750 ;nam
3521 1686 3582 1738 in
3616 1699 3688 1739 eo

2032 1778 2472 1847 crucifigendus
2528 1782 2671 1842 erat,
2727 1778 2877 1832 sicut
2930 1775 3093 1847 apud
3136 1775 3472 1830 Matthzeum
3498 1772 3689 1842 legisti

3006 1866 3244 1937 Vespera
3299 1867 3491 1920 autem
3524 1865 3688 1932 facta

2032 1956 2430 2011 discumbebat
2457 1972 2586 2011 cum
2609 1954 2981 2010 duodecim".
3296 1996 3301 1999 .

2108 2047 2264 2100 Vers.
2295 2046 2384 2099 16.
2410 2045 2556 2099 Dico
2595 2043 2745 2098 enim
2778 2074 2843 2083 —
2892 2043 3015 2099 Dei.
3055 2041 3437 2110 Sexagesimo
3470 2044 3687 2112 quarto

2034 2134 2331 2203 Evangelii
2358 2134 2526 2202 juxta
2552 2131 2892 2187 Matthaaum
2925 2132 3118 2203 capite
3144 2146 3345 2202 quaere
3366 2130 3501 2183 dicti
3532 2128 3689 2183 illius

2033 2223 2473 2278 enarrationem
2510 2239 2522 2276 :
2553 2222 2695 2276 Dico
2726 2228 2922 2277 autem
2957 2220 3140 2285 vobis,
3174 2219 3327 2290 quod
3354 2235 3471 2273 non
3501 2218 3688 2272 bibam

2030 2313 2274 2383 posthac
2293 2326 2368 2367 ex
2389 2312 2495 2367 hoc
2514 2313 2724 2378 fructu
2738 2310 2868 2364 vitis
2892 2324 3071 2379 usque
3087 2309 3149 2362 in
3167 2309 3317 2363 diem
3340 2308 3538 2371 illum,
3555 2321 3689 2361 cum

2032 2403 2212 2460 illum
2238 2400 2426 2455 bibam
2450 2399 2741 2455 vobiscum
2769 2414 2975 2452 novum
3002 2397 3063 2451 in
3088 2412 3266 2465 regno
3286 2397 3479 2450 Patris
3496 2396 3686 2450 mei“.

2032 2491 2182 2558 Lege
2215 2494 2424 2552 totum,
2459 2492 2515 2543 et
2542 2488 2613 2540 de
2644 2488 2928 2542 omnibus
2975 2484 3373 2556 particulatim
3404 2484 3685 2539 invenies.

2100 2758 2258 2811 Vers.
2314 2755 2397 2808 17.
2453 2754 2528 2809 Et
2575 2756 2815 2823 accepto
2846 2784 2913 2793 -
2961 2768 3082 2810 vos.
3138 2753 3285 2808 Hinc
3314 2751 3551 2823 incepta
3601 2753 3690 2807 est

2027 2844 2281 2916 mystica
2312 2857 2505 2899 coena.

2096 2934 2256 2990 Vers.
2304 2936 2385 2988 18.
2414 2932 2551 2987 Dico
2582 2961 2650 2973 —
2680 2934 2896 2988 veniat.
2934 2934 2993 2986 In
3032 2930 3316 3003 prmdicta
3345 2929 3688 2999 interpreta-

2024 3024 2180 3080 tione
2206 3022 2385 3079 etiam
2432 3022 2649 3078 horum
2681 3020 2839 3078 facta
2873 3027 2963 3077 est
2995 3020 3215 3076 mentio
3240 3036 3378 3075 cum
3404 3017 3518 3083 his,
3550 3033 3686 3089 qum

2021 3118 2366 3186 sequuntur.

2094 3204 2253 3257 Vers.
2295 3206 2372 3257 19.
2406 3232 2470 3241 -
2501 3202 2577 3257 Et
2606 3207 2839 3268 aceepto
2870 3230 2935 3241 —
2970 3198 3135 3254 Vers.
3158 3198 3246 3252 ‘21.
3278 3210 3500 3252 mensa.
3540 3197 3687 3266 Lege

2023 3292 2305 3362 praedicto
2335 3291 2526 3362 capite
2553 3289 2692 3345 dicti
2710 3289 2865 3343 illius
2891 3286 3351 3349 enarrationem,
3371 3284 3686 3340 Edentibus

2020 3388 2216 3437 autem
2241 3380 2376 3441 illis,
2406 3384 2641 3447 sumpto
2666 3380 2835 3433 Jesus
2855 3392 3030 3445 pane,
3051 3392 3177 3431 cum
3204 3374 3430 3445 gratias
3450 3374 3682 3443 egisset,

2015 3471 2217 3540 fregit,
2266 3469 2545 3537 deditque
2590 3467 2901 3535 discipulis
2930 3468 3023 3531 6‘;
3076 3464 3342 3519 similiter
3389 3468 3591 3517 autem
3630 3467 3685 3517 et

2020 3562 2329 3630 sequentes
2384 3556 2896 3628 interpretationes
2951 3570 3137 3626 usque
3169 3553 3246 3608 ad
3295 3568 3432 3608 eum
3487 3550 3682 3605 locum

2020 3664 2142 3719 quo
2166 3647 2412 3703 dicitur:
2438 3647 2510 3701 Et
2531 3646 2707 3701 dictis
2732 3645 3023 3709 laudibus,
3056 3644 3320 3699 exierunt
3349 3643 3413 3696 in
3429 3646 3683 3696 montem

2021 3738 2323 3793 Oliuarum
2350 3738 2435 3801 ⁶⁶;
2470 3741 2525 3789 et
2562 3735 2637 3789 de
2665 3735 2757 3789 his
2788 3734 3071 3788 omnibus
3120 3738 3326 3787 exacte
3366 3729 3631 3786 invenies
3666 3744 3678 3783 :

2019 3825 2168 3881 nihil
2223 3825 2383 3881 enim
2433 3824 2826 3879 indiscussum
2875 3823 3141 3877 relictum
3193 3826 3297 3876 est.
3333 3818 3500 3885 Quod
3542 3833 3682 3873 vero

2019 3915 2252 3980 dicitur,
2295 3914 2449 3985 quod
2504 3929 2613 3982 pro
2666 3912 2826 3968 vobis
2879 3912 3224 3981 effunditur,
3276 3908 3353 3963 ad
3400 3906 3679 3979 poculum

2018 4004 2393 4061 referendum
2426 4007 2512 4059 est
2544 4019 2556 4066 ;
2590 4017 2769 4074 porro
2800 4002 3082 4074 poculum
3112 4006 3201 4056 est
3248 3996 3498 4068 sanguis
3528 3996 3678 4065 ejus.

2088 4094 2251 4149 Vers.
2289 4098 2373 4148 '22.
2406 4092 2882 4147 Et—traditur.
2944 4090 3249 4146 Matthteus
3307 4085 3680 4158 sexagesimo

2016 4183 2184 4239 tertio
2215 4182 2404 4253 capite
2435 4181 2516 4236 sic
2539 4181 2717 4236 habet
2742 4197 2755 4236 :
2785 4179 2978 4236 Filius
2999 4180 3235 4251 quidem
3264 4176 3515 4233 hominis
3537 4172 3677 4239 abit,

2013 4273 2160 4328 sicut
2189 4272 2477 4339 scriptum
2505 4276 2589 4327 est
2619 4270 2687 4327 de
2717 4271 2840 4339 ipso
2872 4272 2939 4335 ⁸⁷,
2995 4275 3051 4325 et
3107 4273 3316 4324 caetera
3364 4284 3376 4333 ;
3408 4264 3487 4320 ibi
3535 4276 3678 4333 ergo

2013 4362 2191 4417 etiam
2223 4361 2351 4416 hinc
2381 4359 2762 4415 manifestata
2788 4363 2947 4414 sunt.

2086 4450 2249 4505 Vers.
2305 4453 2397 4505 23.
2449 4451 2513 4503 Et
2556 4449 2668 4517 ipsi
2732 4478 2795 4489 -
2839 4449 3108 4517 facturus
3160 4450 3320 4502 esset.
3376 4440 3678 4497 Matthmus

313 4542 408 4609 πρὸ
440 4546 533 4599 τῆς
565 4535 817 4610 διανομῆς
846 4546 937 4589 τοῦ
981 4540 1137 4611 ἄρτου
1168 4544 1257 4589 καὶ
1312 4545 1404 4589 τοῦ
1450 4543 1704 4609 ποτηρίου
1750 4544 1903 4607 φασιν

2047 4540 2255 4611 ςιιίιὶθω
2292 4545 2347 4593 et
2376 4539 2606 4594 Marcus
2642 4542 2774 4592 ante
2806 4537 2979 4606 panis
3006 4552 3075 4590 ac
3098 4534 3286 4605 poculi
3318 4530 3676 4587 divisionem

2055 4631 2064 4637 .
2165 4628 2263 4637 _.
2466 4628 2478 4637 .
2580 4627 2595 4637 .
3069 4626 3111 4637 .-
3220 4625 3235 4637 .
3322 4616 3676 4637 πέμ---ε

314 4627 497 4687 αὐτοὺς
551 4624 939 4699 διαπορηθῆναι
991 4630 1106 4698 περὶ
1151 4629 1335 4677 τούτου
1372 4644 1383 4656 ⁸
1443 4632 1649 4685 Λουκᾶς
1708 4623 1766 4678 δὲ
1815 4632 1904 4679 καὶ

310 4718 544 4775 Ἰωάννης
573 4720 701 4788 μετὰ
722 4721 814 4773 τήν
843 4713 1116 4787 διανομήν.
1152 4715 1309 4773 Δῆλον
1342 4712 1428 4766 οὖν
1482 4717 1557 4767 ὃτι
1586 4720 1674 4766 καὶ
1704 4725 1904 4789 πρῶτον

311 4810 394 4857 καὶ
418 4806 628 4876 ὕστερον
658 4813 811 4857 τοῦτο
830 4809 1025 4875 γέγονε.

382 4900 523 4946 ΚΕΦ.
556 4893 674 4948 ΟΖ’.
706 4898 830 4966 Περὶ
859 4902 958 4944 τῶν
989 4892 1450 4960 φιλονεικησάντων
1498 4898 1573 4953 τίς
1608 4896 1821 4964 μείζων,

383 4983 607 5053 Ἐγένετο
663 5013 731 5022 ——
792 4981 1001 5052 μείζων,
1060 4985 1160 5033 Καὶ
1231 4980 1406 5034 ἄλλοτε
1484 4986 1597 5055 περὶ
1667 4986 1904 5034 τοιουτου

314 5073 612 5143 πράγματος
726 5068 1155 5141 ίπολυπραγμονη
1164 5088 1278 5135 σαν,
1387 5073 1451 5132 ὡς

315 5160 505 5235 ἔγραψε
556 5160 817 5219 Ματθαίος
883 5156 931 5209 ἓν
986 5166 1056 5209 τῶ
1138 5168 1429 5232 τριακοστῷ
1500 5156 1705 5231 ἑϐδόμῳ
1757 5179 1907 5231 κεφα-

1561 5077 1900 5143 φανερώτερον

380 5340 425 5374 ω
472 5335 667 5393 Matth.
734 5352 888 5399 xm,
946 5336 1033 5391 is.
1149 5339 1193 5372 σε
1247 5336 1393 5391 Ibid.
1423 5338 1511 5393 20.
1618 5339 1665 5374 σι
1702 5337 1845 5394 ibid.
1886 5342 1973 5395 29.

314 5411 377 5463 22
425 5426 438 5475 ;
478 5412 647 5465 Marc.
678 5424 795 5463 xiv.
832 5408 911 5463 19.
1009 5410 1055 5444 ⁸⁸
1085 5409 1253 5464 Joan.
1284 5425 1399 5473 xm,
1448 5409 1537 5465 22.

2015 4631 2200 4692 aiunt,
2250 4628 2416 4697 ipsos
2448 4628 2516 4681 de
2580 4627 2697 4681 hoc
2729 4625 3032 4679 dubitasse
3065 4626 3112 4659 δ’
3169 4639 3183 4687 ;
3220 4625 3404 4677 Lucas
3436 4632 3572 4671 vero
3622 4616 3679 4671 et

2012 4720 2290 4782 Joannes,
2320 4720 2452 4786 post
2481 4715 2835 4770 divisionem
2883 4716 2952 4764 ⁸³.
3005 4712 3374 4767 Manifestum
3406 4712 3489 4763 est
3510 4719 3673 4774 ergo,

2014 4806 2179 4879 quod
2217 4810 2272 4860 et
2303 4810 2460 4869 ante,
2495 4807 2550 4858 et
2600 4809 2804 4874 postea
2849 4802 3070 4856 factum
3099 4802 3191 4855 sit.

2088 4896 2236 4949 CAP.
2274 4892 2524 4947 LXXVII.
2561 4893 2635 4947 De
2672 4892 3061 4955 contentione,
3113 4891 3244 4960 quis
3274 4896 3412 4947 esset
3458 4892 3671 4962 major.

2088 4981 2250 5037 Vers.
2306 4984 2394 5035 24.
2454 4981 2638 5036 Facta
2694 4988 2775 5036 est
2807 5010 2871 5020 —
2921 4982 3142 5049 major.
3183 4979 3367 5033 Etiam
3412 4980 3551 5035 alibi
3600 4980 3674 5036 de

2016 5070 2361 5142 hujnsmodi
2391 5085 2454 5125 re
2508 5070 2738 5125 curiose
2789 5068 3197 5140 inquisierant,
3241 5068 3391 5123 sicut
3430 5068 3676 5124 manife-

2020 5160 2168 5216 stius
2193 5159 2430 5231 scripsit
2453 5158 2769 5215 Matthaaus
2793 5158 3092 5214 tricesimo
3114 5158 3367 5228 septimo
3380 5156 3470 5214 sui
3492 5148 3675 5214 Evan-

2075 5338 2122 5375 ⁸⁵
2181 5336 2324 5394 Ibid.
2384 5340 2474 5394 26.
2572 5338 2619 5373 ⁸⁸
2677 5335 2805 5392 Ibid
2834 5340 2922 5394 30.
3018 5338 3065 5374 ⁸⁷
3093 5337 3234 5393 Ibid.
3264 5338 3347 5393 14.
3446 5337 3670 5394 "Ibid.

1568 5614 1791 5684 Vatiae
1830 5613 2159 5683 lectiones
2198 5622 2264 5682 et
2306 5624 2503 5681 notm.

380 5812 494 5886 (5|)
519 5814 597 5868 Mt
634 5813 803 5871 abest
827 5816 889 5867 A.

2084 5811 2196 5884 (52)
2237 5810 2342 5866 Καί
2372 5809 2540 5868 abest
2568 5811 2636 5866 Α.
