4144 6314
541 385 682 446 1079

547 513 682 585 gelii
731 512 922 585 capite
981 527 996 568 :

545 603 872 676 quisquam
899 601 1092 672 major
1115 605 1268 656 esset
1290 601 1344 654 in
1365 614 1549 668 regno
1570 596 1980 662 caelorum,hic
1996 602 2186 652 autem

549 693 668 748 alia
696 694 770 747 de
819 707 1002 747 causa
1034 689 1348 752 contentio,
1409 688 1532 743 sive
1571 686 1875 758 inquisitio
1907 687 2055 741 inter
2094 701 2196 740 eos

551 781 761 837 incidit
792 799 804 848 ;
833 782 962 852 jam
995 780 1153 835 enim
1194 779 1470 834 certiores
1518 777 1654 833 facti
1686 776 1760 831 de
1785 782 1972 831 morte
2016 774 2200 843 magi-

550 870 671 937 stri,
701 869 1237 944 inquirebant,quis
1267 885 1474 924 eorum
1505 867 1792 922 videretur
1823 881 1949 921 esse
1979 865 2197 937 major,

548 965 615 1017 ut
651 966 998 1018 caaterorum
1023 959 1190 1015 ﬂeret
1211 957 1514 1028 magister.

627 1138 787 1210 vers.
819 1137 907 1194 25.
934 1138 1011 1192 At
1041 1137 1146 1193 ille
1188 1168 1256 1177 —-
1286 1137 1388 1194 eis.
1418 1136 1597 1191 Docet
1633 1150 1796 1198 sane,
1830 1133 1994 1205 quod
2027 1132 2076 1188 is
2097 1132 2202 1204 qui

549 1226 994 1301 praaponendus
1035 1230 1206 1292 esset,
1259 1241 1377 1281 non
1411 1224 1652 1280 deberet
1699 1222 2018 1289 dominari,
2077 1228 2203 1278 tan-

547 1333 735 1390 quam
764 1316 1045 1373 dominus
1072 1333 1086 1380 ;
1114 1331 1257 1370 nam
1289 1315 1349 1370 id
1373 1329 1544 1384 reges
1573 1321 1743 1369 terra;
1773 1311 2200 1369 faciuntinﬂati

549 1406 908 1480 principatu,
951 1411 1006 1462 et
1032 1404 1168 1461 elati
1224 1409 1464 1476 propter
1501 1419 1604 1460 eos
1632 1403 1853 1476 quibus
1891 1401 2203 1457 dominan-

548 1500 665 1552 tur.

621 1584 782 1640 Vers.
815 1585 904 1640 2‘5.
955 1584 1023 1638 Et
1054 1583 1158 1654 qui
1180 1613 1248 1622 -—
1270 1587 1573 1637 vocantur.
1614 1580 1923 1651 Tanquam
1951 1579 2201 1651 judicati

547 1674 826 1745 majores,
858 1677 962 1729 aut
989 1672 1167 1728 etiam
1210 1679 1498 1745 tanquam
1530 1669 1732 1742 glorim
1762 1669 1983 1740 cupidi.

615 1764 778 1821 Vers.
803 1767 892 1820 26.
928 1765 1033 1819 Vcs
1076 1791 1131 1803 —
1160 1763 1260 1834 qui
1288 1761 1614 1817 ministrat.
1652 1759 1974 1826 Fianthmc,
2011 1775 2203 1831 quan-

1892 377 2242 435 EUTHYMII
2289 359 2648 440 ZIGABENI

1051 510 1156 567 sed
1219 515 1353 568 tunc
1421 507 1668 582 quidem
1721 506 1795 564 de
1876 507 1990 563 hoc
2037 510 2180 572 erat,

2320 509 2434 577 λαίῳ
2505 505 2682 561 αὑτοῦ.
2737 506 2892 560 Ἀλλὰ
2937 510 3051 560 τότε
3101 509 3190 580 μὲν
3264 513 3379 581 περὶ
3466 516 3602 575 τοῦ,

3831 381 3958 440 1080

3695 512 3795 569 Τίς
3871 510 3959 579 ἄρα

2306 597 2502 670 μείζων
2552 595 2690 650 ἐστὶν
2740 600 2788 649 ἐν
2835 605 2896 670 τῇ
2963 596 3205 670 βασιλείᾳ
3252 607 3349 650 τῶν
3409 599 3682 671 οὐρανῶν
3716 615 3730 664 ;
3767 607 3858 649 νυν
3911 595 3960 656 δέ

2307 686 2426 739 καθ’
2487 686 2663 760 ἑτέραν
2731 687 2895 738 αἰτίαν
2952 689 2976 745 ὁ
3042 686 3326 758 φιλονεικία
3401 692 3652 748 τούτοις
3717 687 3958 750 ἐνέπεσεν,

2310 779 2475 828 εἶτουν
2521 777 2550 834 ἡ
2609 775 2839 838 ἐξέτασις
2874 793 2885 806 ⁸
2919 776 3388 849 πληροφορηθέντες
3462 780 3585 853 γὰρ
3673 774 3790 836 ἤδη
3857 783 3957 847 περὶ

2308 873 2401 926 τῆς
2427 873 2515 918 τοῦ
2553 862 2884 918 διδασκάλου
2937 865 3196 930 τελευτῆς,
3253 865 3567 933 Egit-nam,
3617 872 3711 927 τίς
3761 866 3819 928 ἐξ
3873 867 3954 916 ar}-

2309 963 2409 1007 τῶν
2441 951 2586 1007 δοκεῖ
2615 951 2743 1007 εἶναι
2779 958 2990 1026 μείζων,
3026 956 3108 1007 ἱνα
3169 951 3521 1018 διδάσκαλος
3574 960 3815 1028 γένηται
3871 965 3954 1007 τῶν

2311 1043 2474 1095 ἄλλων
2483 1085 2496 1100 .

2381 1131 2439 1185 Ὀ
2468 1129 2526 1185 δὲ
2571 1164 2638 1173 -
2685 1132 2874 1188 αὐτῶν.
2926 1129 3179 1186 Διδάσκει
3220 1133 3395 1186 λοιπὸν
3452 1137 3537 1197 ὡς
3594 1136 3623 1186 ὁ
3693 1136 3951 1209 προεστά-

2311 1243 2394 1273 ναι
2468 1225 2659 1274 τούτων
2739 1221 2932 1294 μέλλων
3021 1223 3114 1274 οὐκ
3192 1223 3378 1294 ὀφείλει
3442 1233 3824 1298 κυριαρχείν,
3902 1227 3954 1283 ὡς

2315 1307 2574 1371 δεσπότης
2606 1331 2618 1344 ’
2653 1319 2806 1364 τοῦτο
2839 1314 2942 1383 γὰρ
2993 1313 3041 1363 οἰ
3099 1310 3333 1384 βασιλεῖς
3380 1322 3497 1364 τοῖιν
3531 1313 3710 1365 ἐθνῶν
3753 1320 3950 1366 ποιοῦσι

2312 1404 2654 1473 τετυφωμένοι
2679 1406 2789 1461 ταῖς
2815 1401 3014 1472 άρχαῖς
3037 1406 3126 1452 καὶ
3153 1407 3616 1477 κατεπαιρόμενοι
3668 1411 3776 1455 τῶν
3807 1401 3949 1474 ἀρχο-

2313 1509 2472 1562 μενων
2482 1532 2494 1544 ο

2385 1581 2490 1635 Καὶ
2520 1581 2569 1631 οἱ
2593 1610 2654 1620 -
2685 1578 2982 1633 καλοῦνται.
3026 1577 3114 1642 Ὠς
3155 1575 3426 1642 δοκοῦντες
3482 1584 3766 1653 μείζονες,
3812 1581 3840 1638 ἦ
3872 1585 3946 1631 καὶ

2313 1671 2383 1730 ὡς
2408 1665 2692 1741 φιλόδοξοι.

2382 1757 2547 1830 Ὑμεῖς
2579 1789 2643 1799 -
2675 1754 2710 1811 δ
2716 1763 2949 1812 ιακόνῶν.
2980 1760 3206 1812 Γένέσθω
3235 1766 3422 1828 ταῦτα,
3462 1761 3605 1813 ὅσον
3640 1759 3732 1813 ἐπὶ
3752 1764 3941 1832 μετριο·

545 1859 671 1913 tum
720 1854 798 1910 ad
828 1853 1014 1910 animi
1053 1851 1432 1908 modestiam.
1477 1851 1780 1906 Juuiorem
1815 1854 2017 1906 autem
2060 1849 2204 1906 dicit

2320 1850 2566 1921 φροσύνῃ.
2587 1853 2845 1912 Νεώτερον
2887 1844 2946 1901 δὲ
2973 1846 3107 1920 λέγει
3131 1851 3218 1901 τὸν
3239 1851 3504 1921 ἔσχατον.

543 1949 945 2018 postremum.

614 2034 781 2089 Vers.
832 2035 920 2088 27.
977 2031 1117 2088 Uter
1161 2061 1229 2070 —
1274 2029 1374 2101 qui
1403 2029 1718 2086 ministrat.
1775 2031 1845 2086 Se
1885 2029 2082 2101 ipsum
2143 2029 2204 2084 in

542 2121 880 2194 exemplum
911 2119 1204 2175 sermonis
1225 2118 1468 2190 praebet.
1496 2121 1641 2174 Cum
1661 2118 1944 2191 enimipsi
1969 2134 2205 2173 accum-

541 2210 761 2277 berent,
797 2214 1087 2282 tanquam
1139 2207 1395 2277 majores
1428 2208 1505 2263 ab
1545 2223 1616 2264 eo
1664 2207 1877 2278 habiti,
1909 2208 2001 2263 ille
2035 2208 2198 2263 mini-

540 2299 782 2364 strabat,
805 2298 980 2370 quasi
1003 2301 1378 2368 postremum
1399 2311 1461 2352 se
1482 2296 1682 2368 ipsum
1708 2297 1954 2362 ducens,
1975 2313 2115 2352 cum
2146 2300 2202 2352 et

547 2389 731 2463 pedes
756 2403 962 2444 eorum
1001 2387 1244 2442 lavaret.

619 2479 779 2533 Vers.
825 2481 918 2532 28.
964 2477 1071 2532 Vos
1102 2507 1168 2516 —
1195 2475 1362 2532 Vers.
1416 2474 1501 2531 29.
1539 2490 1800 2546 regnum.
1838 2506 1905 2516 —
1951 2475 2203 2543 Dispono

543 2569 697 2626 vobis
751 2582 1017 2638 regnum,
1058 2563 1173 2620 hoc
1231 2570 1340 2631 est,
1391 2564 1693 2637 promitto.
1746 2565 2024 2634 Regnum
2060 2581 2202 2620 vero

544 2657 781 2714 cmleste
825 2655 1115 2726 intelligit,
1158 2655 1332 2724 cujus
1386 2670 1487 2725 spe
1519 2655 1844 2711 roborabat
1887 2671 1988 2711 eos
2021 2655 2202 2711 etiam

544 2747 624 2804 ad
663 2745 1142 2816 magnitudinem
1194 2761 1262 2800 ac
1319 2743 1720 2800 tolerantiam.

618 2835 779 2891 Vers.
813 2839 899 2891 30.
935 2837 998 2892 Ut
1030 2865 1091 2876 —
1122 2849 1596 2890 mensammeam.
1628 2835 1890 2890 Mensam
1930 2834 2202 2890 videlicet

546 2925 709 2981 illam
763 2924 977 2993 regiam
1028 2939 1098 2978 ac
1159 2921 1483 2978 coalestem.
1540 2923 1786 2978 Possunt
1830 2928 2030 2979 autem
2084 2923 2200 2978 dici

547 3029 778 3082 mensa,
802 3012 962 3068 bona
984 3017 1205 3068 ωίθτυει
1218 3017 1294 3077 et,
1326 3010 1645 3067 ineffabilia
1663 3029 1798 3084 quas
1824 3012 2204 3081 diligentibus

550 3106 734 3159 Deum
786 3105 1120 3174 praeparata
1164 3105 1320 3166 sunt,
1355 3100 1523 3156 cibus
1558 3116 1692 3157 vero
1747 3118 1817 3157 ac
1862 3108 2057 3174 potus,
2113 3106 2204 3158 est

545 3191 784 3248 illorum
817 3190 1034 3246 fruitio.

623 3279 779 3336 Vers.
837 3280 926 3335 30.
959 3280 1032 3334 Et
1063 3311 1130 3320 —
1165 3279 1366 3335 Israel.
1405 3279 1521 3334 Hoc
1580 3280 1756 3336 etiam
1792 3280 1902 3336 illis
1934 3279 2204 3351 promisit

547 3369 1008 3443 quadragesimo
1063 3368 1252 3440 primo
1311 3368 1812 3440 Evangeliijuxta
1866 3369 2202 3425 Matthaaum

550 3459 763 3531 capite,
793 3457 894 3514 ubi
939 3457 1225 3528 scriptum
1256 3463 1344 3512 est
1373 3475 1385 3514 :
1442 3459 1617 3513 Jesus
1667 3464 1863 3514 autem
1895 3458 2034 3514 dixit
2065 3458 2146 3512 eis
2183 3475 2197 3514 :

551 3548 728 3602 Amen
754 3547 885 3602 dico
911 3547 1085 3610 vobis,
1117 3546 1278 3617 quod
1308 3562 1406 3602 vos
1428 3547 1525 3618 qui
1547 3548 1757 3603 secutis
1786 3549 1918 3603 estis
1951 3547 2102 3612 me",
2146 3551 2204 3602 et

553 3639 769 3691 caetera
802 3634 921 3690 :ibi
951 3649 1093 3702 ergo
1117 3634 1244 3704 lege
1271 3635 1486 3690 horum
1514 3635 2080 3707 interpretationem.

3498 2024 3750 2080 δίδωσιν
3825 2029 3936 2079 ὑπὸ·

2316 2113 2509 2188 δειγμα
2586 2123 2678 2168 τοῦ
2741 2115 2920 2186 λόγου.
2993 2119 3197 2168 Τούτων
3269 2119 3371 2188 γὰρ
3439 2115 3825 2189 ἀνακειμένων,
3878 2119 3930 2174 ὡς

2383 2030 2476 2089 Τίς
2522 2057 2589 2069 -
2635 2023 2908 2081 διακονῶν.
2947 2025 3159 2080 Ἑαυτὸν
3239 2027 3415 2088 αὐτοῖς

2313 2209 2560 2278 μειζόνων
2587 2205 2674 2257 ὑπ’
2707 2204 2865 2257 αὐτοῦ
2935 2207 3229 2278 κριθέντων,
3282 2205 3427 2266 οὗτος
3465 2203 3826 2270 διηκόνησεν,
3875 2206 3929 2262 ὡς

2314 2295 2542 2366 ἔσχατον
2591 2293 2769 2346 ἑαυτὸν
2827 2295 3182 2366 λογισάμενος,
3245 2296 3327 2346 ὅτε
3365 2293 3518 2366 ἔνιψε
3596 2298 3722 2356 τοὺς
3775 2289 3923 2352 πόδας

2313 2383 2503 2436 αὐτῶν.

2384 2481 2534 2544 Υμεῑς
2599 2503 2666 2513 -
2735 2470 3028 2544 βασιλείαν·
3088 2474 3388 2544 Διατίθιμαι
3450 2474 3584 2546 ὑμῖν
3643 2471 3916 2546 βασιλείαν,

2315 2561 2430 2614 ἀντὶ
2454 2570 2568 2630 τοῦ,
2611 2561 2994 2634 ἐπαγγέλλομαὶ
3042 2559 3364 2633 ’βασιλείαν
3427 2558 3494 2615 δε
3552 2562 3812 2636 οὐράνιον,
3871 2561 3917 2618 ἧς

2312 2659 2427 2712 ταῖς
2450 2649 2621 2703 ἐλπίσι
2649 2647 2915 2726 διανευροί
2958 2653 3164 2713 τούτους
3217 2653 3292 2702 ἔτι
3321 2655 3454 2726 πρὸς
3519 2651 3788 2723 εὐψυχίαν
3837 2653 3908 2699 καί

2311 2741 2597 2813 ὑπομονήν.

2379 2835 2490 2882 Ἵνα
2544 2860 2612 2869 -
2657 2828 2915 2903 τραπέζης
2979 2847 3099 2900 μου,
3171 2835 3274 2889 Τῆς
3361 2829 3663 2902 βασιλικῆς
3716 2827 3894 2888 ἐκείνης,

2312 2926 2406 2979 τῆς
2449 2918 2712 2992 οὐρανίου.
2787 2914 2899 2970 Εἶεν
2955 2914 3005 2970 δ’
3051 2916 3109 2969 ἂν
3165 2919 3401 2990 τράπεζα
3475 2923 3575 2992 μὲν
3623 2921 3688 2970 τὰ
3745 2916 3896 2968 αἰώνια

2312 3013 2400 3060 καὶ
2436 3007 2708 3082 απόῤῥητα
2747 3005 2938 3079 ἀγαθὰ,
2979 3009 3046 3058 τὰ
3101 3009 3468 3079 ἠτοιμασμένα
3525 3017 3640 3070 τοῖς
3685 3007 3887 3078 ἀγαπῶσι

2312 3101 2399 3148 τόν
2434 3099 2561 3150 Θεὸν
2614 3115 2627 3130 ·
2691 3094 2888 3170 βρῶσις
2927 3092 2986 3148 δὲ
3040 3101 3130 3148 καὶ
3180 3101 3336 3159 πόσις
3388 3099 3418 3156 ἠ
3472 3098 3754 3155 ἀπόλαυσις
3807 3089 3876 3142 ar}-

2311 3194 2430 3240 τῶν.

2386 3279 2485 3328 Καὶ
2515 3305 2584 3314 -
2609 3273 2843 3348 Ἰσραήλ.
2886 3281 3051 3328 Τοῦτο
3081 3275 3344 3346 ὑπέσχετο
3401 3275 3594 3339 αὐτοῖς
3632 3279 3717 3327 καὶ
3767 3269 3878 3334 ἐντῷ

2310 3373 2721 3437 τεσσαρακοστῷ
2752 3369 2942 3436 πρώτῳ
2976 3363 3232 3436 κεφαλαίῳ
3289 3372 3378 3416 τοῦ
3436 3369 3582 3418 κατὰ
3644 3363 3884 3418 Maeonias,

2311 3456 2430 3507 ἔνθα
2449 3457 2740 3526 γέγραπται
2767 3459 2844 3505 τό·
2889 3449 3000 3506 ὁδε
3051 3455 3257 3516 Ἰησοῦς
3309 3453 3447 3506 εἶπεν
3508 3455 3701 3515 αὐτοῖς·
3751 3449 3885 3517 ’Δμήν

2308 3542 2438 3614 λέγω
2463 3544 2602 3615 ὑμῖν,
2659 3543 2739 3595 ὄτι
2787 3545 2933 3615 ὑμεῖς
2986 3545 3034 3594 οὶ
3081 3541 3538 3607 ἀκολουθήσαντές
3597 3562 3703 3616 μοι,
3753 3537 3795 3590 ἕν

2309 3632 2700 3704 παλιγγενεσία,
2789 3635 2909 3685 ὅταν
2988 3634 3180 3705 καθίσῃ
3225 3634 3250 3684 ό
3295 3635 3412 3696 Υἱὸς
3489 3641 3581 3687 τοῦ
3650 3631 3885 3700 ἀνθρώπου

555 3723 638 3777 ἰπὶ
665 3725 846 3796 θρόνου
882 3720 1042 3786 δόξῆς
1080 3723 1261 3787 αὐτοῦ,
1294 3726 1576 3778 καθίσεσθε
1597 3729 1686 3777 καὶ
1719 3726 1860 3798 ὑμεῖς
1911 3727 1994 3779 ἐπὶ
2039 3720 2251 3778 δώδεκα
2296 3723 2526 3798 θρόνους,
2560 3726 2816 3795 κρίνοντες
2848 3724 2940 3783 τὰς
2968 3718 3179 3774 δώδεκα
3217 3721 3379 3794 φυλὰς
3406 3731 3506 3775 τοῦ
3552 3717 3754 3794 Ἰσραήλ
3777 3731 3787 3742 ’
3812 3716 3887 3765 καὶ

556 3813 814 3884 ἀνάγνωθι
837 3817 930 3871 τὴν
955 3815 1152 3866 τούτων
1183 3812 1450 3884 ἐξήγησιν.

733 3901 890 3960 CAP.
923 3902 1216 3958 LXXVI".
1253 3903 1328 3957 De
1359 3905 1704 3970 expetitione
1735 3905 1980 3961 Satanae.

629 3990 792 4046 Vers.
841 3993 929 4048 3|.
960 3993 1124 4048 Dixit
1153 4023 1221 4034 —-
1266 3993 1545 4048 triticum.
1580 3993 1662 4047 Illi
1709 3994 1868 4050 enim
1912 3994 2094 4049 moris
2123 3998 2212 4048 est

558 4079 996 4149 praestantiores
1041 4085 1316 4149 expetere
1367 4080 1445 4134 ad
1497 4081 1858 4151 palaestram,
1905 4083 2056 4138 sicut
2088 4082 2207 4136 lob.

563 4165 828 4221 Cribrare
862 4183 1021 4232 vero,
1067 4167 1125 4221 id
1165 4171 1276 4231 est,
1311 4168 1570 4232 turbare,
1607 4186 1863 4236 movere,
1893 4172 2210 4226 concitare.

563 4252 834 4308 Cribrum
863 4254 1178 4325 siquidem,
1208 4257 1365 4326 quod
1399 4255 1763 4328 frequentius
1799 4265 2062 4325 κόσκικον,
2097 4261 2214 4315 sive

569 4347 888 4416 σινιατήριον
931 4344 1016 4414 (y)
1059 4349 1318 4410 vocatur,
1355 4361 1390 4400 a
1428 4345 1794 4416 quibusdam
1829 4351 2005 4405 etiam
2049 4354 2214 4403 σινίον

566 4429 800 4497 dicitur,
824 4447 859 4487 a
888 4448 1010 4504 quo
1041 4433 1289 4488 verbum
1325 4435 1544 4494 σινιάζω
1572 4435 1886 4501 cribro,vel
1919 4440 2210 4494 concutio.

2466 3907 2610 3956 ΚΕΦ.
2641 3900 2766 3958 ΟΗ’.
2818 3906 2942 3977 Περὶ
2967 3909 3060 3963 τῆς
3093 3899 3400 3963 ἐξαιτήσεως
3424 3910 3520 3955 τοῦ
3559 3901 3760 3954 Σατανᾶ.

2393 3991 2520 4045 Εἶπε
2577 4022 2644 4030 --
2703 3998 2866 4045 σῖτον.
2910 3993 3056 4051 ’Έθος
3115 3993 3216 4064 γὰρ
3269 3990 3408 4062 αὐτῷ
3466 3997 3586 4051 τοὺς
3636 3981 3880 4054 δοκιμωτέο

2321 4099 2444 4153 ρους
2494 4077 2812 4143 ἐξαιτεῖσθαι
2875 4085 3006 4152 πρὸς
3055 4079 3242 4146 πάλην,
3296 4083 3365 4141 ὡς
3422 4084 3513 4132 τὸν
3550 4075 3676 4132 Ἰὼϐ.
3731 4067 3880 4124 Συνιά-

2325 4189 2416 4222 σαι
2474 4167 2553 4233 δε,
2630 4167 2744 4222 ἀντὶ
2788 4177 2900 4236 του,
2960 4170 3076 4241 (53)
3133 4168 3444 4235 θορυϐῆσαι,

2323 4258 2500 4334 ράξαι.
2535 4263 2694 4310 Σινίον
2754 4259 2869 4330 (54)
2905 4261 3006 4332 γὰρ
3052 4261 3194 4331 παρά
3243 4277 3354 4310 τισι
3411 4259 3632 4311 καλεῖται
3680 4255 3728 4304 τό
3771 4242 3871 4314 παρ’

2324 4350 2448 4420 ἡμῖν
2479 4352 2738 4409 κόσκινον,
2783 4347 2828 4399 ἐν
2887 4348 2925 4418 ᾧ
2984 4349 3009 4399 ὁ
3069 4355 3213 4410 σῖτος
3269 4344 3398 4420 τῇδε
3445 4351 3641 4399 κάκεῖσε
3685 4350 3866 4411 μεταφε-

3523 4175 3644 4225 κυκῆ
3654 4182 3751 4229 σαι,
3798 4175 3874 4208 71-

2324 4443 2531 4509 ρόμενος
2592 4440 2931 4509 ταράσσεται.
3007 4437 3250 4511 Προλέγει
3323 4434 3382 4490 δε
3449 4438 3610 4494 αὐτοῖς
3650 4431 3748 4498 περὶ
3788 4425 3864 4473 τοῦ

570 4523 720 4576 Nam
760 4521 818 4576 in
866 4521 1064 4577 cribro
1121 4521 1376 4578 triticum
1417 4525 1756 4581 transfertur
1782 4533 1838 4583 et
1883 4529 2204 4583 concutitur

2325 4526 2593 4599 μέλλοντος
2643 4534 2960 4601 πειρασμοῦ,
3032 4528 3132 4590 ὅτε,
3201 4528 3386 4590 πάντες
3469 4525 3648 4599 ἀφέντες
3706 4512 3850 4569 αὐτον,

570 4625 640 4666 ac
705 4609 1112 4667 confunditur.
1170 4611 1433 4668 Prtedicit
1499 4624 1698 4670 autem
1756 4617 1840 4670 eis
1890 4617 1964 4673 de
2015 4616 2216 4675 futura

568 4699 911 4765 tentatione,
951 4701 1198 4771 quando
1228 4716 1438 4756 omnes
1466 4702 1663 4759 relicto
1694 4721 1762 4760 eo
1795 4704 2090 4774 fugerunt.

642 4788 803 4844 Vers.
829 4792 914 4845 3'2.
938 4788 1068 4860 Ego
1087 4792 1278 4845 —tua.
1303 4791 1538 4860 Rogavi,
1555 4791 2004 4865 inquit.Patrem
2023 4811 2213 4850 meum

569 4881 859 4950 tanquam
885 4877 1168 4947 homo,ne
1193 4878 1412 4946 perdas
1440 4881 1681 4936 tandem
1711 4881 1784 4954 (τ)
1811 4881 1992 4938 ﬁdem
2024 4888 2213 4949 tuam,

569 4981 757 5040 quam
784 4965 846 5022 in
877 4981 964 5022 me
991 4965 1200 5030 habes,
1227 4966 1288 5023 in
1315 4972 1578 5041 tempore
1612 4970 1964 5041 negationis.

639 5143 690 5182 ⁷ο
717 5143 914 5203 Matth.
953 5158 1068 5214 xxx,
1099 5143 1190 5202 28.

2325 4618 2530 4687 ἔφυγον.

2397 4793 2530 4865 ,Εγὼ
2560 4824 2628 4833 -
2658 4812 2772 4846 σου.
2806 4790 3058 4851 Ἐδεὴθην
3088 4801 3178 4846 τοῦ
3221 4799 3419 4868 Πατρός
3469 4811 3573 4865 μου,
3618 4780 3767 4855 φησιν,
3794 4771 3848 4868 ως

2326 4884 2614 4958 ἄνθρωπος,
2642 4887 2724 4936 ἵνα
2751 4888 2822 4956 μὴ
2850 4884 3014 4938 τέλεον
3042 4883 3301 4958 ἀπολέσῃς
3331 4890 3425 4943 τὴν
3472 4887 3630 4936 πίστιν
3663 4889 3759 4931 σου,
3778 4879 3854 4918 την

2325 4973 2394 5035 εἰς
2422 4973 2526 5046 ἐμὲ,
2560 4971 2608 5026 ἓν
2635 4983 2706 5047 τῷ
2734 4982 2899 5048 καιρῷ
2930 4983 3024 5038 τῆς
3055 4972 3340 5048 ἀρνήσεως.

1814 5284 2035 5354 Variae
2064 5285 2385 5355 lectiones
2425 5294 2491 5354 et
2519 5295 2720 5355 notae.

638 5477 752 5558 (5g)
782 5476 1087 5558 Chrysost.
1149 5481 1292 5535 tom.
1342 5478 1485 5545 VllI,
1533 5495 1590 5554 p.
1625 5481 1749 5549 785,
1782 5481 1846 5536 D.
1901 5481 2214 5558 θορυϐῆσαι,

564 5548 806 5623 ταράξαι,
856 5555 1120 5622 πειρᾶσαι.

604 5728 713 5857 Ay)
777 5728 909 5784 Sive
941 5728 1302 5812 ,σινιατήριοη
1351 5732 1460 5784 etc.
1513 5731 1612 5786 Hic
1667 5731 1940 5805 quaedam
1967 5732 2040 5790 de
2093 5734 2214 5791 suis

604 5818 616 5855 I
667 5804 793 5857 etur
814 5797 1113 5857 addidisse
1152 5806 1462 5857 interpres.

561 5797 793 5857 videtur
814 5797 1113 5857 addidisse
1152 5797 1462 5872 interpres.

2397 5482 2512 5556 (5i)
2538 5483 2684 5541 Vide
2717 5485 3097 5542 Wetstenium
3144 5484 3222 5542 ad
3272 5483 3332 5540 h.
3362 5484 3406 5540 Ι,
3441 5487 3597 5556 quia»
3636 5484 3740 5532 non
3773 5457 3866 5530 ιεεί

2327 5555 2466 5612 alibi
2494 5554 2745 5609 κόσκινον
2771 5557 2951 5613 habet
2982 5558 3162 5623 Plato,
3193 5571 3252 5629 p.
3286 5558 3411 5624 320,
3440 5554 3564 5611 384.

2393 5735 2468 5808 (z)
2498 5736 2777 5793 Tandem.
2818 5734 2994 5790 Τι’λεον
3025 5739 3114 5792 est
3134 5749 3402 5806 prorsus.
