4144 6314
308 401 446 463 4081

313 617 576 686 δηλονότι,
621 617 714 673 διὰ
755 622 1020 694 κλαυθμοῦ
1063 629 1266 696 πικροῦ,
1323 615 1590 672 τουτέστιν
1641 615 1914 673 ἀποκατα-

314 715 443 772 στάς
468 709 619 762 πάλιν
649 711 718 772 εἰς
746 716 838 769 τὴν
867 718 1073 785 πρωτην
1117 711 1279 774 τάξιν.
1331 703 1611 779 Ἀδελφοὺς
1658 706 1716 762 δὲ
1755 710 1915 763 αὑτοῦ

311 819 443 873 φησι
466 805 581 861 τοὺς
641 800 824 862 ἄλλους
877 799 1218 870 ἀποστόλους,
1285 805 1315 860 ἣ
1359 804 1477 861 τοὺς
1522 797 1792 872 μέλλοντας
1844 796 1916 853 δι’

309 889 473 940 αὐτοῦ
503 893 787 944 πιστεύειν.

382 977 440 1030 Ὀ
490 976 547 1032 δὲ
594 1010 662 1018 —
727 981 1060 1054 πορεύεσθαι.
1116 975 1284 1046 Ἔδει,
1349 986 1564 1032 τοιαῦτα
1614 981 1758 1054 παρά
1822 986 1916 1041 τῆς

311 1067 690 1130 αὑτοαληθείας
718 1067 1032 1132 ἀκούσαντα,
1067 1069 1226 1141 ἰσχὺν
1251 1069 1468 1128 αἰτῆσαι
1494 1069 1616 1142 παρ’
1636 1069 1795 1121 αὐτοῦ
1827 1058 1917 1119 τριαὶ

313 1156 582 1231 βοήθειαν·
614 1156 638 1209 ό
671 1154 942 1230 δὲμᾶλλον
973 1159 1071 1209 ὑπὸ
1101 1161 1414 1234 θερμότητος
1439 1157 1722 1228 ἀντιτείνει,
1750 1154 1915 1230 μηδὲν

311 1255 544 1299 τοιοῦτον
575 1249 775 1301 παθεῖν.

387 1335 444 1387 Ὀ
525 1332 584 1388 δὲ
658 1367 727 1376 -
785 1355 866 1407 με.
938 1341 1102 1408 Σήμερ
1159 1333 1284 1405 εἷπε,
1351 1333 1444 1389 διὰ
1510 1329 1567 1388 τό
1627 1333 1757 1389 εἶναι
1821 1340 1914 1394 τὴν

312 1425 564 1477 ἐπιοῦσαν
638 1427 800 1476 νύκτα
864 1434 956 1488 τῆς
1025 1427 1220 1498 ἡμέρας
1295 1424 1508 1487 ἐκείνης.
1586 1428 1770 1499 Γράφει
1857 1422 1916 1477 δὲ

310 1516 581 1574 Ματθαῖος
640 1517 686 1565 ἐν
739 1524 810 1585 τῷ
873 1514 1138 1585 ἑξηκοστῷ
1209 1518 1434 1588 τετάρτῳ
1492 1514 1752 1588 κεφαλαίῳ
1826 1514 1914 1566 αὖ·

310 1610 438 1655 τοῦ·
494 1605 575 1655 ὅτι
625 1606 718 1671 ἔφη
775 1603 914 1674 αὐτῷ
980 1604 1005 1654 ό
1064 1608 1289 1666 Ἰησοῦς.
1352 1606 1537 1677 Ἀμὴν,
1611 1605 1740 1678 λέγω
1807 1624 1910 1670 σοι,

313 1694 395 1744 ὄτι
453 1690 500 1744 ἓν
558 1694 718 1764 ταύτῃ
787 1701 848 1765 τῇ
923 1697 1090 1758 νυκτὶ,
1156 1698 1277 1767 πρὶν
1346 1693 1598 1769 ἀλέκτορα
1657 1702 1911 1766 φωνῆσαι,

313 1787 431 1856 τρὶς
496 1781 773 1856 ἀπαρνήσῃ
842 1799 947 1855 με·
993 1787 1084 1834 καὶ
1150 1780 1403 1855 ἀνάγνωθι
1474 1783 1578 1838 ἐκεῖ
1633 1786 1747 1856 (55)
1820 1788 1912 1842 τὸν

313 1869 582 1943 ἐξήγησιν.

389 1967 488 2015 Καὶ
545 1958 679 2014 εἶπεν
751 1993 808 2002 -
861 1957 1090 2023 οὐδενός.
1148 1966 1362 2037 Ἀτερον
1429 1963 1564 2035 (56),
1624 1961 1738 2015 ἀντὶ
1799 1971 1910 2030 τοῦ,

311 2056 501 2124 χωρίς-

313 2145 426 2192 τὶου
667 2140 798 2198 πλὴν
850 2149 920 2211 τῷ
986 2149 1174 2212 χρυσῷ
1240 2146 1328 2193 καὶ
1399 2149 1470 2210 τῷ
1555 2140 1763 2215 ἀργύρῳ
1823 2147 1913 2194 καὶ

595 2057 694 2103 Καὶ
772 2055 876 2123 μὴν
959 2050 1054 2103 οὐκ
1138 2050 1484 2124 ἐμνημόνευσε
1565 2056 1673 2105 τότε
1725 2051 1912 2125 βαλαν-

307 2237 463 2281 τοῡτο
509 2225 929 2286 πνεπεδήλωσεν
1178 2231 1376 2282 Ἐκεῖνα
1417 2233 1518 2304 γὰρ
1567 2234 1706 2303 ἔχειν
1745 2233 1914 2282 κωλύ-

315 2339 429 2387 σας,
482 2314 744 2392 πρόδηλον
781 2339 792 2352 °
845 2320 924 2370 ὅτι
975 2323 1064 2370 καὶ
1119 2327 1269 2371 τοῦτο
1327 2319 1607 2374 κεκώλυκεν
1665 2319 1792 2387 ἐπεὶ,
1838 2325 1909 2392 μὴ

315 2410 452 2470 ὄντος
509 2409 798 2480 θησαυροῦ,
857 2412 1095 2482 περιττὸν
1153 2411 1257 2482 ἄρα
1310 2408 1368 2460 τό
1403 2411 1909 2483 θησαυροφυλάκιον.

311 2503 384 2568 Τῇ
408 2502 551 2569 πήρᾳ
575 2500 664 2568 μὲν
694 2501 790 2569 γὰρ
950 2501 1035 2549 τὸν
1066 2497 1218 2572 ἄρτον
1241 2497 1518 2550 ἐνέϐαλλον·
1547 2508 1617 2569 τῷ
1651 2499 1912 2572 φασκολίῳ

316 2583 376 2638 δὲ
416 2590 500 2638 τὸν
530 2586 749 2658 χαλκὸν,
797 2591 914 2646 ἤτοι
943 2591 1063 2649 τοὺς
1103 2587 1331 2648 ὀϐολούς
1373 2596 1442 2658 τῷ
1489 2586 1750 2659 βαλλαντίῳ
1801 2590 1911 2660 (60)

317 2671 376 2727 δὲ
407 2679 492 2727 τὸν
531 2679 737 2748 χρυσόν
784 2681 868 2727 καὶ
922 2679 1007 2727 τὸν
1053 2677 1298 2751 ἄργυρον.
1332 2675 1638 2750 ’Υστέρησιν
1687 2677 1798 2749 (61)
1855 2673 1914 2728 δὲ

314 2763 450 2835 λέγει
473 2769 563 2822 τὴν
595 2761 810 2820 ἔνδειαν,

393 2944 541 2992 Εἶπεν
589 2971 656 2982 —-
710 2946 899 3013 πήραν.
954 2939 1034 3014 [Ὀ
1088 2941 1198 3012 (62)
1251 2944 1388 3012 ἔχων
1443 2939 1720 3015 βαλάντιον
1779 2941 1912 3014 (63),

317 3031 554 3081 τουτέστι
582 3038 792 3101 γνῶσιν,
839 3029 1032 3103 ἀράτω,
1069 3036 1157 3082 καὶ
1205 3036 1394 3104 πήραν,
1443 3035 1601 3104 ἤγουν
1653 3034 1914 3107 θησαυρόν

321 3117 530 3191 ἀρετῶν·
574 3117 852 3189 ἀναγκαῖον
901 3121 998 3193 γὰρ
1052 3128 1124 3192 τῷ
1162 3130 1434 3192 ’γνωστικῷ
1479 3123 1504 3174 ό
1554 3121 1770 3183 πλοῦτος
1816 3129 1914 3174 τῶν

1339 367 1716 454 COMMENT.
1761 402 1834 461 IN
1875 402 2134 462 LUCAM.
2171 438 2239 448 --
2270 404 2425 464 CAP.
2469 407 2642 463 xxu.

388 537 488 586 Kal
559 563 625 574 —
689 551 804 584 σου.
863 530 1230 608 Ἐπιστρέψας,
1312 516 1448 604 μετά
1514 517 1604 578 τὴν
1691 529 1994 604 ἄρνησινΑ

1945 1886 1993 1942 Β

3543 408 3568 465 1
3578 408 3683 467 082

2098 534 2256 588 Vers.
2287 536 2376 590 32.
2408 533 2527 605 Ego
2548 565 2613 574 —
2647 539 2796 590 tuos.
2845 565 2910 578 η·-
2936 534 3291 601 Conversus,
3337 537 3474 608 post
3498 549 3682 606 nega-

2027 621 2246 678 tionem
2280 621 2565 687 videlicet,
2600 639 2706 694 per
2743 623 2947 680 ﬂetum
2992 640 3306 691 amarum;
3339 625 3454 681 hoc
3485 629 3593 691 est,
3618 624 3678 680 in

2026 711 2340 784 pristinum
2372 711 2568 768 locum
2621 713 2811 769 denuo
2839 713 3158 772 restitutus.
3203 715 3432 770 Fratres
3482 718 3680 770 autem

2025 801 2156 872 ejus
2178 801 2317 857 dicit
2343 801 2603 874 reliquos
2633 804 2960 876 apostolos,
3009 810 3111 861 aut
3143 803 3292 871 illos,
3317 804 3421 878 qui
3451 819 3556 877 per
3577 819 3679 861 eos

2025 895 2193 946 erant
2213 890 2512 947 credituri.

2096 979 2258 1035 Vers.
2292 981 2378 1038 33.
2405 980 2479 1036 At
2516 982 2618 1038 ille
2656 1013 2720 1023 —
2749 981 2857 1040 ire.
2892 982 3232 1056 Oportebat,
3276 999 3414 1040 cum
3442 983 3572 1040 haec
3601 981 3681 1040 ab

2025 1068 2155 1142 ipsa
2183 1071 2422 1126 veritate
2443 1071 2724 1139 audisset,
2745 1072 3150 1129 fortitudinem
3173 1078 3351 1145 atque
3384 1072 3675 1130 auxilium

2025 1158 2102 1215 ab
2119 1174 2190 1214 eo
2218 1168 2412 1232 petere
2446 1177 2458 1216 :
2485 1167 2545 1217 at
2574 1161 2666 1218 ille
2685 1178 2804 1234 prae
2832 1161 3055 1218 fervore
3070 1162 3420 1219 contradicit
3447 1161 3676 1236 potius,

2025 1263 2320 1317 asserens,
2353 1265 2414 1306 se
2437 1249 2584 1306 nihil
2617 1250 2730 1306 tale
2761 1267 3104 1323 passurum.

2096 1341 2254 1394 Vers.
2286 1343 2372 1396 3t.
2406 1340 2536 1409 Ipse
2565 1355 2702 1398 vero
2730 1372 2801 1382 —
2828 1357 2938 1397 me.
2958 1341 3158 1407 Hodie,
3179 1339 3390 1414 inquit,
3411 1355 3482 1396 eo
3511 1339 3678 1413 quod

2024 1427 2286 1484 instabat
2326 1445 2445 1486 nox
2484 1429 2602 1485 diei
2637 1430 2809 1486 illius.
2854 1429 3064 1486 Scribit
3135 1436 3325 1486 autem
3380 1430 3678 1486 Matthaaus

2025 1519 2401 1587 sexagesimo
2427 1525 2640 1592 quarto
2674 1521 2885 1592 capite,
2919 1519 3082 1590 quod
3117 1519 3329 1576 dixerit
3357 1518 3438 1574 illi
3479 1522 3676 1576 Jesus:

2029 1607 2156 1662 Dico
2179 1608 2304 1673 tibi,
2323 1608 2509 1675 Pelre,
2525 1610 2679 1682 quod
2704 1610 2764 1664 in
2782 1610 2894 1666 hac
2918 1615 3103 1676 nocte,
3123 1609 3469 1681 priusquam
3485 1609 3682 1680 gallus

2024 1704 2218 1766 canat,
2256 1703 2345 1755 ter
2373 1715 2457 1754 me
2482 1699 2794 1771 abnegabis
2834 1699 2882 1734 τί
2917 1714 2932 1765 ;
2961 1697 3043 1754 ibi
3065 1698 3193 1769 lege
3220 1699 3678 1754 enarrationem.

2096 1967 2260 2021 Vers.
2330 1969 2418 2022 35.
2469 1966 2548 2022 Et
2593 1965 2748 2022 dixit
2808 1997 2870 2006 —
2937 1964 3099 2022 nihil.
3163 1964 3272 2036 (Η-
3330 1963 3484 2039 Ἀτερ
3548 1965 3682 2022 loco

2022 2061 2194 2128 χωρὶς
2245 2072 2349 2112 seu
2378 2057 2544 2127 sine.)
2594 2055 2767 2128 Atqui
2821 2059 2962 2111 tunc
3012 2055 3088 2111 de
3149 2054 3360 2110 loculis
3399 2053 3563 2110 nulla
3595 2057 3684 2112 est

2025 2145 2179 2201 facta
2201 2146 2440 2201 mentio.
2476 2145 2690 2201 Verum
2716 2159 2821 2216 per
2847 2160 3061 2200 aurum
3081 2147 3134 2199 et
3152 2147 3467 2212 argentum
3499 2142 3679 2200 etiam

2023 2221 2136 2290 hoc
2162 2233 2339 2290 simul
2369 2234 2578 2290 innuit.
2612 2236 2756 2290 Cum
2798 2233 2957 2290 enim
3001 2233 3098 2288 illa
3140 2232 3446 2303 possidere
3484 2236 3682 2288 vetas-

2025 2331 2134 2390 set,
2191 2324 2597 2390 manifestum,
2631 2322 2794 2395 quod
2839 2328 2897 2378 et
2954 2323 3068 2379 hoc
3121 2321 3532 2395 prohibuerit:
3578 2321 3682 2378 ubi

2023 2429 2287 2489 namque
2341 2430 2460 2469 non
2503 2420 2587 2470 est
2635 2413 2970 2483 thesaurus,
3031 2411 3229 2484 utique
3297 2409 3676 2483 superﬂuum

2023 2506 2110 2557 est
2185 2502 2443 2557 thesauri
2489 2500 2930 2571 repositorium.
3010 2501 3072 2556 ln
3129 2516 3334 2573 peram
3380 2499 3677 2572 siquidem

2023 2607 2242 2670 panem
2287 2591 2728 2647 immittebant:
2785 2591 2842 2646 in
2888 2590 3263 2662 marsupium
3300 2605 3441 2644 vero
3480 2587 3679 2644 coria-

2023 2696 2217 2747 ceum,
2250 2679 2410 2750 quod
2438 2679 2729 2752 φασκὼλιον
2760 2683 2996 2750 vocant,
3031 2696 3136 2744 tes,
3172 2681 3294 2734 sive
3325 2677 3556 2743 obolos,
3591 2692 3680 2733 re-

2023 2768 2320 2840 ponebant
2350 2785 2365 2836 ;
2397 2769 2456 2824 in
2489 2766 2717 2824 loculos
2744 2774 2964 2834 autem,
3013 2784 3226 2824 aurum
3253 2773 3308 2823 et
3334 2772 3676 2836 argentum.

2020 2857 2325 2933 ’Υστέρησιν
2357 2864 2556 2914 autem
2589 2863 2758 2916 vocat
2782 2858 3069 2929 defectum
3104 2856 3425 2930 (inopiam).

2095 2948 2257 3003 Vers.
2293 2952 2380 3004 36.
2442 2948 2592 3003 Dicit
2646 2979 2712 2988 —
2753 2964 2968 3019 peram.
2995 2949 3036 3019 +
3091 2947 3198 3014 Qui
3227 2947 3401 3002 habet
3431 2945 3672 3012 loculos,

2024 3038 2137 3094 hoc
2177 3041 2283 3104 est,
2316 3037 2642 3102 scientiam,
2680 3037 2848 3094 tollat
2879 3045 2932 3095 et
2959 3053 3182 3109 peram,
3219 3035 3567 3092 thesaurum
3597 3035 3680 3091 vi-

2025 3126 2234 3182 delicet
2264 3127 2566 3193 virtutum;
2595 3143 2732 3184 nam
2748 3125 2992 3184 habenti
3007 3125 3302 3183 scientiam
3326 3124 3677 3180 necessarias

321 3206 531 3283 ἀρετῶν.
608 3207 666 3260 Ὀ
721 3205 779 3260 δε
830 3213 901 3281 μὴ
958 3211 1093 3280 ἔχων
1147 3208 1408 3282 ἀμφότερα
1485 3210 1780 3269 πωλησάτω
1857 3214 1914 3263 τὸ

2036 3221 2239 3272 suntet
2261 3217 2544 3272 virtutum
2563 3217 2802 3273 divitia).
2827 3216 2931 3283 Qui
2951 3232 3092 3286 ergo
3108 3231 3224 3271 non
3253 3213 3435 3270 habet
3457 3218 3683 3270 utrum-

323 3298 523 3370 ἱμάτιον
550 3296 730 3363 αὐτοῦ,
760 3302 1026 3350 τουτέστιν
1064 3295 1260 3350 ἐκδότω
1290 3303 1346 3351 τό
1394 3309 1545 3371 σῶμα
1595 3308 1699 3361 τοῖς
1741 3306 1916 3363 πόνοις

319 3390 408 3437 καὶ
441 3385 648 3460 ἀρετ-ὠν,
694 3392 782 3438 καὶ
813 3388 1100 3444 κτησάσθω
1130 3390 1347 3456 πόλεμον
1388 3393 1516 3450 πρός
1553 3392 1618 3442 τὰ
1647 3391 1786 3448 πάθη
1827 3395 1916 3441 καὶ

319 3479 434 3535 τοὺς
465 3471 756 3546 δαίμονας.]

391 3569 516 3615 Τότε
571 3568 661 3638 μὲν
737 3563 1028 3636 ἀναγκαίως
1084 3565 1258 3628 αὐτοῖς
1329 3566 1543 3624 ἐπέθηκε
1591 3572 1682 3626 τὴν
1755 3567 1919 3626 ἀκτη-

1499 3654 1605 3708 ἐπεὶ
1657 3653 1715 3709 δε
1767 3666 1918 3709 τοῦτο

322 3745 544 3810 γέγονεν,
621 3740 827 3816 ἀφαιρεῖ
886 3752 972 3793 νῦν
1038 3748 1126 3800 τὴν
1195 3742 1420 3815 ἀνάγκην
1477 3751 1565 3798 καὶ
1609 3755 1919 3820 παραχωρεῖ

322 3832 524 3892 τούτοις
581 3833 720 3902 ἔχειν
786 3836 876 3883 καὶ
927 3832 1042 3903 (64)
1100 3831 1378 3904 βαλάντιον
1436 3839 1525 3886 καὶ
1589 3841 1780 3909 πήραν,
1839 3838 1920 3888 ἵνα

323 3655 574 3723 μοσύνην,
650 3655 732 3704 ἶνα
783 3655 1186 3726 κατορθώσωσιν
1243 3655 1423 3713 αὐτήν·

326 3927 452 3992 φανῇ
487 3923 679 3971 τούτων
709 3922 738 3977 ἡ
784 3918 960 3992 ἀρετὴ,
1006 3926 1174 3993 χωρὶς
1215 3920 1444 3992 ἀνάγκης
1476 3922 1914 3995 ἀκτηριονούντων.

328 4015 424 4061 Καὶ
480 4013 720 4083 πρότερον
773 4011 860 4080 μεν
938 4010 1087 4071 αὐτὸς
1142 4006 1482 4072 διεϐάσταζεν
1540 4013 1749 4078 αὐτοὺς,
1828 4015 1919 4066 οὐκ

325 4097 414 4149 ἐὼν
464 4118 600 4160 τινος
647 4100 897 4171 ὑστερεῖν,
947 4094 1040 4150 διὰ
1089 4104 1181 4156 τὴν
1241 4099 1504 4153 ἀσθένειαν
1532 4102 1718 4154 αὐτῶν·
1771 4103 1919 4156 ὔστε-

324 4207 408 4260 ρον
473 4183 530 4238 δὲ
592 4189 808 4248 τούτους
873 4187 1036 4259 ἀφῆκε
1093 4186 1304 4260 βοηθεῖν
1386 4190 1602 4254 ἑαυτοῖς,
1680 4195 1748 4254 ὡς
1809 4191 1914 4252 ἤδη

327 4275 682 4350 στεῤῥοτέρους
779 4282 1185 4348 γεγενημένους*
1254 4287 1407 4332 τοῦτο
1491 4284 1592 4355 γὰρ
1664 4277 1918 4340 δηλοῦται

323 4367 566 4437 καὶ
619 4361 713 4418 διὰ
777 4375 866 4418 τοῦ
933 4364 1212 4439 βαλαντίου
1271 4369 1383 4441 (66)
1435 4375 1523 4422 καὶ
1571 4380 1661 4432 τῆς
1727 4376 1912 4444 πήρας.

331 4459 425 4505 Καὶ
477 4455 558 4506 ὅτε
600 4458 688 4527 μεν
739 4455 990 4508 ἐκώλυσεν
1043 4457 1226 4518 αὐτοὺς
1285 4461 1426 4529 ἔχειν
1480 4457 1777 4532 βαλάντιον,
1829 4466 1918 4513 καὶ

2025 3301 2165 3380 que,
2197 3306 2406 3362 vendat
2437 3308 2699 3362 tunicam
2749 3322 2931 3371 suam,
2985 3305 3046 3361 id
3099 3314 3205 3372 est,
3246 3307 3508 3375 exponat
3555 3317 3682 3358 cor-

2027 3411 2140 3468 pus
2167 3393 2472 3450 laboribus
2493 3395 2796 3461 virtutum,
2831 3401 2887 3450 et
2915 3399 3063 3451 emat
3091 3393 3384 3466 gladium,
3427 3391 3544 3448 hoc
3569 3395 3676 3458 est,

2026 3483 2266 3540 dimicet
2303 3485 2587 3540 adversus
2613 3483 2949 3539 atfectiones
2989 3488 3046 3540 et
3080 3483 3398 3540 daemones.

2097 3575 2258 3629 Tunc
2279 3573 2518 3646 quidem
2538 3572 2872 3629 necessario
2899 3579 3220 3644 egestatem
3254 3571 3339 3628 eis
3365 3569 3677 3646 imposuit,

2029 3667 2093 3718 ut
2121 3663 2195 3718 ad
2227 3662 2384 3718 illam
2413 3661 2896 3736 accingerentur;
2923 3668 3239 3734 postquam
3289 3678 3432 3718 vero
3449 3662 3563 3718 hoc
3587 3676 3682 3717 ac-

2028 3756 2146 3807 tum
2165 3757 2268 3818 est,
2303 3751 2492 3808 aufert
2515 3767 2672 3807 nunc
2686 3752 3119 3816 necessitatem,
3144 3749 3494 3823 etpermittit
3517 3749 3601 3805 eis
3622 3753 3684 3806 ut

2029 3839 2258 3897 loculos
2273 3841 2534 3898 habeant
2556 3846 2612 3896 et
2643 3856 2868 3913 peram,
2897 3856 3018 3914 quo
3038 3841 3218 3896 virtus
3247 3834 3452 3896 eorum
3497 3853 3683 3912 appa-

2031 3936 2172 3997 reat,
2193 3930 2293 4002 qui
2309 3929 2467 3986 nulla
2487 3935 2732 4001 cogente
2747 3929 3092 3986 necessitate
3111 3929 3678 4000 sectanturinopiam

2029 4025 2086 4074 et
2116 4018 2374 4091 primum
2415 4020 2660 4092 quidem
2701 4021 2827 4090 ipse
2867 4018 3102 4076 tenebat
3135 4019 3288 4084 illos,
3322 4033 3444 4074 non
3476 4017 3679 4072 sinens

2032 4113 2093 4163 ut
2121 4107 2321 4179 aliquo
2347 4114 2602 4178 egerent,
2647 4114 2883 4182 propter
2927 4124 3134 4164 eorum
3161 4106 3628 4163 imbecillitatem
3665 4123 3678 4174 ;

2028 4196 2416 4269 postmodum
2448 4213 2587 4252 vero
2618 4195 2846 4253 dimisit
2874 4197 3061 4270 ipsos,
3096 4203 3159 4252 ut
3184 4196 3290 4252 sibi
3315 4195 3460 4269 ipsis
3484 4198 3683 4250 essent

2029 4285 2263 4351 auxilio,
2297 4287 2466 4359 quasi
2495 4287 2623 4359 jam
2657 4286 3016 4343 robustiores
3055 4285 3296 4342 eﬂ‘ectos
3352 4300 3532 4342 :nam
3564 4283 3681 4340 hoc

2028 4374 2374 4447 perloculos
2399 4392 2468 4432 ac
2492 4391 2694 4449 peram
2718 4375 3100 4446 significatur.
3137 4374 3284 4431 Cum
3315 4390 3456 4444 ergo
3485 4371 3682 4446 prohi-

2029 4463 2158 4519 buit
2187 4479 2289 4520 eos
2323 4465 2540 4521 habere
2562 4464 2790 4522 loculos
2822 4469 2878 4521 et
2914 4481 3117 4537 peram
3158 4481 3228 4522 ac
3255 4463 3490 4528 similia,
3541 4468 3682 4518 tunc

323 4548 510 4616 πήραν,
543 4549 633 4596 καὶ
667 4547 732 4596 τὰ
771 4553 1006 4612 τοιαῦτα,
1065 4551 1177 4598 τότε
1209 4543 1416 4609 οὐδενὸς
1463 4549 1777 4624 ὑστέρησαν,
1838 4552 1916 4602 ἵνα

398 4641 413 4646 -
546 4638 555 4646 .
676 4634 687 4646 .
765 4641 780 4646 _
827 4629 872 4646 ρ..
1135 4640 1143 4646 .
1250 4639 1258 4646 .
1413 4638 1431 4646 ..
1531 4633 1562 4646 ..
1806 4644 1810 4646 .

2036 4551 2196 4608 nullo
2225 4554 2627 4623 indiguerunt,
2658 4559 2720 4610 ut
2774 4554 2905 4624 ejus
2961 4553 3290 4624 potentiam
3326 4567 3396 4608 ac
3427 4550 3680 4625 gratiam

324 4641 481 4702 γνῶσι
502 4638 595 4692 τὴν
627 4634 783 4686 αὑτοῦ
815 4629 1034 4707 δύναμιν
1065 4640 1152 4687 καὶ
1182 4639 1361 4709 χάριν·
1406 4638 1487 4690 ὅτε
1519 4633 1576 4690 δε
1607 4644 1915 4712 παρεχώρη-

328 4741 408 4774 σεν
447 4724 585 4794 ἔχειν
617 4723 768 4788 αὐτὰ,
798 4729 911 4776 τότε
940 4729 1029 4776 καὶ
1061 4722 1331 4777 ἐπείνασαν
1361 4724 1476 4796 (67)
1519 4731 1606 4779 καὶ
1655 4725 1916 4798 ἔδίῲησαν

324 4816 410 4862 καὶ
440 4810 846 4884 ἐγυμνήτευσαν,
883 4813 965 4865 ἱνα
983 4815 1190 4886 ’γνωσθῇ
1221 4815 1412 4866 τούτων
1453 4816 1480 4873 ἡ
1527 4815 1802 4890 στεῤῥότης
1829 4824 1916 4870 καὶ

327 4905 588 4974 καρτερία.

397 5053 440 5088 τί
477 5054 630 5109 Matt.
661 5069 819 5122 xxvr,
850 5055 942 5110 34.

2029 4649 2449 4711 agnoscerent;
2466 4642 2710 4714 quando
2731 4658 2868 4697 vero
2885 4642 3158 4714 permisit
3176 4647 3238 4696 ut
3253 4640 3348 4697 illa
3373 4639 3678 4705 haberent,

2010 4733 2170 4802 _tunc
2200 4735 2256 4786 et
2306 4730 2638 4785 esurierunt
2671 4733 2728 4785 et
2758 4730 3022 4786 sitierunt
3051 4735 3107 4785 et
3136 4729 3467 4785 nuditatem
3519 4725 3682 4800 passi

2029 4824 2184 4886 sunt,
2215 4824 2274 4876 ut
2303 4818 2570 4892 ipsorum
2591 4817 2872 4875 fortitudo
2910 4833 2980 4875 ac
3012 4817 3318 4877 tolerantia
3353 4832 3680 4890 cognosca-

2029 4911 2144 4963 tur.

1548 5163 1766 5232 Variae
1787 5163 2115 5234 lectiones
2147 5171 2214 5236 et
2241 5173 2445 5236 nota.

395 5330 508 5398 (55)
548 5332 654 5388 Τήν
680 5326 784 5382 ἐκεῖ
806 5334 866 5384 Β.

549 5399 1096 5526 ἒὲξὲνερίοῗᾱΑχωρίς
1117 5401 1330 5460 omittit
1360 5402 1701 5460 lienteuius.

417 5471 507 5528 57)
549 5471 858 5524 Βαλλαντίου
886 5471 954 5528 Α.

540 5541 1016 5614 Συμπαρεδήλωσεν
1047 5551 1099 5597 Β.

391 5599 504 5700 ἓξὲξ
544 5599 888 5700 {invinius
914 5622 976 5672 A-

394 5687 503 5758 (60)
544 5686 831 5758 Βαλλαντίῳ
865 5694 925 5742 Α.

324 5755 504 5887 (851%)
543 5759 631 5815 Ab
657 5755 938 5835 ὑστέρησιν
961 5755 1036 5816 ad
1069 5757 1252 5816 finem
1285 5758 1492 5818 scholii
1521 5759 1913 5834 omittitch-

487 5847 535 5886 Β.

345 5845 535 5886 emus.

2098 5335 2212 5408 (62)
2243 5335 2377 5408 “83¢
2408 5338 2657 5408 uterque
2688 5334 2748 5392 in
2780 5336 3070 5408 margine.

2123 5409 2215 5477 63)
2254 5407 2571 5460 Βαλλάιντονί
2585 5415 2642 5461 Α.

2123 5481 2210 5538 64)
2242 5480 2346 5534 Καί
2373 5479 2587 5535 omittit
2619 5480 2684 5538 Β.
2718 5479 2992 5533 Βαλλάτιον
3022 5479 3204 5538 habet
3243 5486 3311 5537 Α.

2098 5551 2210 5615 (65)
2245 5551 2350 5604 Καί
2385 5553 2553 5605 abest
2584 5553 2642 5605 Β.

2050 5691 2062 5702 ο
2097 5623 2219 5702 (66).
2244 5622 2518 5702 Bullati-tos
2557 5625 2623 5702 A_,
2675 5628 2858 5702 atque
2894 5623 2976 5682 ita
3017 5629 3358 5682 constanter
3414 5623 3679 5681 disssen-

2026 5693 2193 5749 tiunt'
2207 5695 2265 5748 in
2301 5693 2415 5750 hoc
2443 5693 2754 5752 vocabulo.

2097 5765 2210 5836 (67)
2241 5763 2444 5830 Ἐπείνη
2453 5784 2547 5819 σαν
2578 5771 2643 5824 Α.
