4144 6314
226 378 386 453 1085
1307 358 1658 445 COMMEN’I‘
1700 392 1776 452 IN
1816 394 2083 455 LUCAM.
2124 429 2193 440 —
2229 397 2386 455 CAP.
2428 398 2626 455 xxm.
3484 393 3623 453 toea

311 522 434 576 Ἐτι
471 519 528 577 δὲ
582 554 647 564 -
685 521 850 581 ἔστιν,
917 524 997 577 Ἐν
1041 532 1111 596 τῷ
1167 514 1430 585 ἑξηκοστῷ
1471 512 1698 595 πέμπτῳ
1758 544 1839 577 κε-

2027 524 2193 581 Vers.
2224 527 2313 581 47.
2338 524 2553 581 Adhuc
2574 529 2769 582 autem
2793 556 2861 565 —
2876 528 2974 580 est.
2995 521 3380 595 Sexagesima
3397 521 3609 595 quinto

1957 616 2603 686 Evangeliisecundum
2629 615 2960 671 Matthaaum
2985 614 3179 686 capite
3202 613 3378 669 dehis
3408 618 3615 667 exacte

1958 710 2270 761 tractatum
2302 711 2408 762 est.
2441 706 2815 762 Prmeedebat
2842 710 3041 762 autem
3082 720 3194 769 eos,
3230 704 3352 758 sive
3378 708 3614 758 antece-

1955 795 2156 860 debat,
2198 801 2488 866 tanquam
2518 795 2750 850 ductor.

2026 884 2197 940 Vers.
2238 884 2326 940 48.
2352 885 2517 941 Jesus
2555 884 3011 941 autem—Vers.
3047 884 3133 940 51.
3161 899 3309 941 eum.
3333 880 3614 937 Similiter

1955 979 2011 1029 et
2032 974 2087 1029 in
2116 974 2360 1045 illolege
2386 990 2595 1047 eaquae
2620 978 2972 1045 sequuntur,
3005 978 3062 1028 et
3080 974 3301 1028 horum
3330 972 3608 1028 omnium

229 614 445 685 φαλαίῳ
519 621 608 664 τοῦ
681 617 814 665 κατα
862 617 1128 667 Ματθαίον
1187 618 1391 687 εἴρηται
1446 611 1562 680 περὶ
1642 617 1840 665 τούτων

228 700 487 775 ἀκριϐῶς.
519 706 823 774 Προήρχετο
852 698 910 754 δε
937 703 1138 771 αὐτοὺς,
1170 700 1283 754 ἀντὶ
1307 705 1421 764 τοῦ,
1452 699 1839 774 προελάμϐανεν

225 790 454 851 αὐτοὺς.

310 879 373 929 ’0
415 875 473 931 δὲ
504 878 710 941 Ἰησοῦς
760 910 825 920 -
870 879 1049 933 αὐτὸν.
1092 880 1315 953 Ὀμοίως
1347 880 1393 932 ἐν
1425 880 1599 953 ἐκείνῳ
1630 884 1696 934 τὰ
1728 881 1845 944 ἑξῆς

227 965 523 1038 ἀνάγνωθι,
569 973 658 1020 καὶ
705 971 899 1021 τούτων
946 972 1148 1021 πάντων
1202 973 1440 1043 εὑρήσεις
1490 969 1720 1045 ἀκριϐεῖς
1757 974 1846 1032 τὰς

221 1054 442 1117 λύσεις.
1954 1063 2239 1135 pulchras
2260 1062 2531 1118 invenies
2557 1062 3021 1133 ambiguitatum
3048 1062 3397 1118 solutiones.

314 1143 442 1198 Εἶπε
486 1179 552 1187 -
610 1145 713 1219 ἐμέ.
773 1147 910 1200 Ἐκεῖ
965 1153 1053 1201 καὶ
1105 1152 1219 1223 περὶ
1271 1151 1463 1201 τούτῷν
1507 1153 1709 1223 εἴρηται
1756 1153 1840 1201 καὶ

2024 1153 2187 1209 Vers.
2220 1154 2306 1208 52.
2342 1153 2497 1209 Dixit
2519 1183 2585 1192 —
2606 1152 2768 1207 Vers.
2800 1153 2889 1206 53.
2929 1167 3030 1207 me.
3073 1152 3260 1207 Etiam
3305 1150 3379 1207 de
3409 1149 3502 1205 his
3530 1147 3614 1205 ibi

224 1234 560 1309 ἠκρίϐωται.

1976 1240 2177 1297 lictum
2206 1246 2313 1307 est,
2349 1257 2418 1297 ac
2444 1241 2760 1311 diligenter
2806 1245 3149 1297 tractatum.

312 1324 453 1377 Ἀλλ’
508 1357 575 1366 —
628 1327 755 1400 ὥρα.
817 1328 899 1381 Ἐν
1038 1324 1258 1401 δύναμιν
1302 1326 1503 1381 ελαϐετε
1550 1328 1664 1382 κατ’
1715 1327 1840 1401 ἐμοῦ

227 1416 437 1466 θεόθεν.

316 1508 421 1555 Καὶ
498 1505 527 1561 ἡ
608 1502 819 1567 ἰξονσία
892 1514 982 1558 τοῦ
1052 1511 1284 1568 σκότους.
1356 1511 1543 1570 Σκότος
1622 1508 1845 1561 ἐνταῦθα

222 1592 379 1664 λέγει
434 1596 520 1645 τὸν
571 1589 833 1646 διάϐολον
894 1595 1040 1648 ἔλαϐε
1084 1599 1185 1671 γὰρ
1238 1602 1327 1650 καὶ
1384 1599 1542 1660 αὐτὸς
1604 1598 1842 1661 ἐξουσίαν

2024 1331 2186 1388 Vers.
2219 1333 2307 1387 53.
2337 1332 2458 1387 Sed
2475 1361 2544 1373 —
2570 1331 2739 1388 hora.
2774 1331 2839 1386 In
2864 1346 2984 1403 qua
3021 1347 3057 1387 a
3105 1333 3223 1387 Deo
3254 1332 3611 1401 potestatem

1952 1421 2013 1477 in
2046 1438 2139 1478 me
2166 1421 2500 1493 accepistis.

2026 1512 2186 1567 Vers.
2220 1512 2306 1567 53.
2338 1514 2402 1566 Et
2425 1516 2681 1579 potestas
2707 1510 3100 1567 tenebrarum.
3131 1509 3427 1566 Tenebras
3444 1511 3615 1564 vocat

1952 1600 2047 1657 hic
2069 1600 2375 1657 diabolum
2404 1617 2416 1667 ;
2442 1601 2665 1672 accepit
2686 1602 2845 1655 enim
2864 1605 2919 1656 et
2940 1600 3067 1672 ipse
3089 1605 3229 1654 tunc
3252 1602 3608 1670 potestatem

228 1686 365 1733 τότε
418 1683 532 1734 κατ’
577 1683 756 1738 αὐτου.
810 1684 1031 1756 Ὀμοίως
1077 1683 1134 1738 δε
1193 1692 1282 1739 καὶ
1331 1689 1355 1739 ὁ
1415 1687 1655 1753 Πιλᾶτος,
1714 1692 1844 1760 πρὸς

230 1772 294 1822 ὅν
406 1768 558 1823 εἶπεν.
664 1774 774 1825 Οὔκ
863 1770 1003 1845 εἶχες
1092 1774 1329 1837 ἐξουσίαν
1406 1774 1654 1850 οὐδεμίαν
1729 1778 1843 1829 κατ’

1953 1691 2242 1746 adversus
2266 1707 2424 1745 eum.
2449 1690 2721 1745 Similiter
2735 1695 2929 1745 autem
2958 1695 3013 1745 et
3036 1689 3277 1753 Pilatus,
3302 1687 3394 1741 cui
3423 1685 3609 1742 dixit:

1951 1782 2081 1836 Non
2105 1781 2343 1836 haberes
2369 1781 2553 1836 ullam
2578 1785 2906 1851 pOIestatem
2940 1779 3253 1835 adversum
3284 1795 3364 1832 me
3391 1778 3511 1832 nisi
3528 1792 3611 1833 es-

231 1859 397 1931 ἐμοῦ,
452 1860 494 1913 εἰ
548 1866 619 1934 μὴ
692 1858 719 1920 ἧ
784 1883 866 1915 σοι
916 1860 1191 1936 δεδομένον
1238 1868 1478 1918 ιοῖνωθεν·
1554 1869 1623 1929 ὡς
1697 1869 1840 1938 ἔγρα-

1976 1873 2037 1925 ‘et
2065 1870 2167 1925 tibi
2190 1870 2419 1925 datume
2440 1870 2735 1937 supernis,
2768 1869 2948 1924 veluti
2977 1868 3211 1939 scripsit
3235 1871 3495 1923 Joannes
3522 1867 3603 1921 ⁸⁸⁵.

228 1948 338 2019 ψεν
401 1949 651 2012 Ἰωάννης.
712 1952 873 2025 Ὀμοῦ
928 1949 985 2005 δὲ
1036 1958 1215 2015 πάντες
1272 1953 1491 2028 δύναμιν
1546 1962 1635 2009 καὶ
1705 1956 1843 2019 ἐξου-

235 2043 367 2090 σίαν
428 2040 604 2092 ἔλαϐον
658 2050 944 2099 τηνικαῦτα
995 2045 1185 2096 πάθεσι
1242 2049 1330 2097 καὶ
1393 2046 1590 2117 θανάτῳ
1662 2055 1842 2098 τοῦτον

230 2127 542 2195 ὑποϐαλεῖν,
605 2131 685 2181 ἵνα
741 2130 986 2206 πληρωθῇ
1034 2134 1063 2190 η
1121 2133 1388 2207 οἰκονομία
1438 2143 1531 2197 τῆς
1579 2140 1841 2209 σωτηρίου

232 2216 541 2291 ἐνανθρωπη
555 2238 701 2282 σεως.

316 2306 659 2370 Συλλαϐόντες
716 2341 779 2352 -
819 2308 1128 2383 ἀρχιερέως,
1180 2311 1448 2376 Ὡσαύτως
1483 2312 1587 2367 ἐκεῖ
1613 2318 1701 2366 καὶ
1732 2319 1843 2389 περὶ

238 2398 441 2447 τούτων
475 2396 725 2456 ζήτησον.

314 2483 375 2536 Ὀ
408 2481 465 2538 δὲ
490 2491 677 2561 Πέτρος
703 2520 769 2528 -
799 2488 985 2556 αὐτῶν,
1021 2490 1135 2543 Ἐτι
1166 2496 1251 2544 καὶ
1286 2497 1401 2567 περὶ
1433 2496 1624 2544 τούτων
1647 2492 1842 2545 πλατύ-

238 2593 390 2647 τερον
421 2578 520 2647 γὰρ
563 2578 933 2651 ἱστορήσαντος
979 2588 1067 2631 τοῦ
1094 2582 1393 2648 Ματθαίου,
1434 2580 1754 2655 λεπτομερῶς
1795 2579 1841 2631 ἐν

240 2662 420 2735 ἐκείνῳ
448 2666 611 2717 πάντα
641 2672 1035 2738 σεσαφηνισται.

317 2837 536 2895 ’ἰδοῦσα
572 2874 640 2884 —
667 2852 789 2917 φῶς.
818 2847 887 2897 T6
918 2843 1016 2896 ἀπὸ
1044 2853 1135 2897 τοῦ
1157 2851 1338 2919 πυρός.

320 3022 419 3070 Καὶ
469 3018 755 3074 ἀτενίσασα
801 3054 865 3062 -
912 3022 1143 3093 ὀλέγεις.
1201 3022 1484 3095 Ἀνάγνωθι
1531 3023 1680 3076 καὶά
1722 3029 1839 3099 περὶ

243 3110 438 3159 τούτων
486 3109 707 3183 ἔγραψεν
766 3112 790 3162 6
842 3108 1107 3173 ΝῙατθαῖος
1165 3112 1213 3163 ἐν
1274 3122 1342 3183 τῷ
1398 3112 1660 3185 ἑξηκοστῷ
1713 3115 1838 3185 ἕκτῳ

242 3197 520 3271 κεφαλαίῳ,
598 3204 685 3252 καὶ
760 3206 852 3262 τὰς
921 3200 1095 3263 λύσεις
1181 3203 1390 3254 αὐτῶν·
1476 3199 1587 3255 εἶτα
1655 3208 1838 3276 μικρὸν

244 3285 584 3353 ἀναπόδισον,
642 3294 730 3341 καὶ
804 3290 1033 3350 ζήτησον
1106 3294 1180 3342 ἔτι
1250 3296 1335 3349 τὴν
1405 3290 1654 3363 ἐξήγησιν
1724 3300 1834 3345 τοῦ·

247 3381 346 3429 Καὶ
392 3377 628 3430 εἰσελθὼν
670 3381 791 3444 ἔσω,
843 3377 1066 3437 ἐκάθητο
1106 3384 1234 3447 μετὰ
1280 3390 1378 3432 τῶν
1409 3382 1675 3454 ὑπηρετῶν
1710 3378 1838 3434 ἰδεῖν

244 3467 303 3516 τὸ
330 3466 490 3528 τελος.

322 3560 421 3607 Καὶ
470 3566 803 3629 παραχρῆμα
860 3588 925 3597 -
984 3566 1200 3630 πικρῶς.
1260 3558 1579 3623 Ἀκόλούθως
1652 3559 1699 3613 ἐν
1769 3569 1841 3632 τῷ

248 3643 452 3716 ῥηθέντι
483 3646 737 3717 κεφαλαίῳ
764 3651 852 3698 καὶ
882 3654 1047 3699 ταῦτα
1078 3644 1484 3721 διασεσάφηται.

325 3825 424 3874 Καὶ
482 3854 545 3863 —-
605 3823 779 3877 αὐτόν.
828 3826 905 3878 Ἐν
956 3833 1028 3895 τῷ
1064 3825 1194 3878 τέλει
1232 3834 1323 3878 τοῦ
1373 3827 1654 3889 ἑξηκοστοῦ
1712 3833 1843 3901 πέμ-

253 3929 380 3961 πτου
434 3911 709 3983 κεφαλαίου
777 3916 1124 3988 περὶτούτων
1178 3916 1399 3988 ἔγραψεν
1461 3918 1486 3968 ὁ
1550 3919 1839 3980 Ματθαῖος.

256 3998 535 4071 Ἀνάγνωθι
562 3998 620 4053 δε
641 4006 729 4053 καὶ
761 4002 809 4053 ἐν
844 4011 912 4072 τῷ
944 4002 1203 4074 ἑξηκοστῷ
1235 4008 1362 4075 ἕκτῳ
1393 4006 1651 4078 κεφαλαίῳ
1683 4009 1842 4060 αὑτοῦ

254 4092 307 4139 τὸ
357 4089 494 4150 τέλος
539 4099 632 4151 τῆς
678 4090 983 4162 ἐξηγήσεως.
1048 4098 1145 4145 Καὶ
1194 4092 1401 4155 ἐξελθὼν
1460 4096 1553 4158 ἔξω
1627 4097 1843 4150 ἔκλαυσε

251 4186 463 4251 πικρῶς.

322 4272 418 4319 Καὶ
478 4299 537 4307 -
605 4268 781 4323 αὐτοῦ.
850 4269 1135 4339 Ἀνάγνωθι
1198 4270 1245 4323 ἓν
1321 4282 1390 4343 τῷ
1455 4271 1842 4347 προδηλωθέντι

253 4352 509 4425 ἑξηκοστῷ
585 4362 800 4428 πέμπτῳ
864 4358 1122 4430 κεφαλαίῳ
1211 4368 1302 4412 τοῦ
1367 4365 1499 4413 κατὰ
1574 4366 1841 4416 ΆῙατθαίον

254 4440 347 4493 ἀπὸ
396 4452 509 4495 1'0'3'
572 4451 670 4497 Καὶ
726 4444 1026 4520 ἀποκριθεὶς
1073 4449 1098 4499 ὁ
1153 4448 1424 4523 ἀρχιερεὺς
1482 4448 1615 4503 εἶπεν
1679 4454 1837 4522 αὐτῷ’

255 4530 528 4606 Ἐξορκίζω
606 4554 660 4586 σε
721 4539 856 4587 κατὰ
927 4545 1016 4587 τοῦ
1088 4544 1219 4589 Θεοῦ
1306 4546 1396 4589 τοὺ
1474 4539 1682 4607 ζῶντος,
1761 4542 1843 4592 ἵνα

255 4623 370 4691 ἡμῖν
451 4622 565 4696 εἶπη
580 4645 617 4685 ς.

258 4718 409 4763 Θεοῦ·

697 4624 754 4676 Εἰ
831 4629 893 4677 σὺ
954 4622 999 4677 εἷ
1061 4627 1085 4677 6
1150 4631 1397 4698 Χριστὸς,
1473 4629 1497 4678 6
1574 4631 1695 4690 Υἱὸς
1752 4638 1841 4681 τοῦ

491 4713 626 4786 ἄχρι
691 4722 800 4765 τοῦ·
870 4718 995 4767 Τότε
1065 4713 1343 4766 ἐνέπτυσαν
1407 4716 1477 4776 εἰς
1539 4716 1711 4768 αὐτόν’
1796 4717 1843 4769 ἐν

255 4802 348 4871 γὰρ
378 4809 489 4862 ταῖς
531 4800 840 4873 ἐξηγήσεσιν
889 4801 1104 4865 ἐκείναις
1137 4803 1247 4875 (74)
1294 4806 1722 4877 ἐσαφηνίσθησαν
1756 4812 1844 4859 καὶ

258 4907 434 4943 ταυτα.

326 4983 421 5031 Καὶ
469 4978 698 5043 ἀναστὰς
764 5011 832 5022 -
883 4980 1107 5053 βασιλέα
1146 4978 1293 5034 εἶναι.
1335 4980 1623 5054 Ἀνοίγνωθι
1670 4983 1717 5036 ἓν
1771 4993 1842 5055 τῷ

259 5065 510 5138 ἑξηκοστῷ
554 5065 760 5141 ἑϐδόμῳ
808 5070 1066 5142 κεφαλαίῳ
1105 5078 1197 5123 τοῦ
1244 5074 1378 5123 κατά
1430 5074 1696 5126 Ματθαίον
1748 5080 1842 5133 τὴν

258 5158 514 5228 ἑρμηνείαν
560 5165 672 5210 τοῦ·
720 5158 778 5211 Ὀ
845 5155 903 5212 δὲ
961 5159 1168 5223 Ἰησοῦς
1218 5162 1344 5219 ἔστη
1407 5164 1694 5236 ἔμπροσθεν
1750 5172 1841 5216 τοῦ

257 5247 517 5319 ἡγεμόνος.

322 5425 365 5459 ⁷⁸
401 5425 570 5479 Joan.
603 5441 718 5491 xix,
750 5426 835 5481 11.
914 5428 961 5463 ⁷⁸
987 5428 1183 5486 Matth.
1240 5446 1401 5493 τινι.
1446 5431 1534 5488 58.

1612 5431 1659 5467 ⁷⁷
1695 5430 1845 5487 Ibid.
1878 5434 1966 5489 75.
2045 5433 2095 5469 ⁷⁸

1954 1962 2112 2015 Tunc
2137 1965 2337 2016 autem
2362 1960 2537 2014 simul
2568 1975 2779 2014 omnes
2808 1960 2924 2013 vim
2959 1974 3029 2013 ac
3060 1963 3414 2029 potestatem
3447 1970 3612 2012 acce-

1952 2049 2377 2122 peruntipsum
2402 2048 2823 2104 afﬂictionibus
2848 2064 2917 2103 ac
2943 2046 3114 2102 morti
3139 2046 3515 2117 subiiciendi,
3551 2048 3614 2101 ut

1954 2140 2297 2213 impleretur
2325 2138 2688 2209 dispensatio
2734 2136 3012 2193 salutaris
3052 2136 3501 2192 incarnationis.

2028 2319 2187 2373 Vers.
2241 2321 2328 2373 54.
2395 2316 2870 2385 Comprehcnsum
2913 2347 2978 2357 —
3024 2314 3304 2386 principis
3344 2313 3613 2371 sacerdo-

1954 2415 2093 2464 tum.
2138 2407 2262 2462 Pari
2304 2409 2484 2461 modo
2512 2406 2588 2460 ibi
2617 2405 2799 2460 dehis
2826 2404 3001 2459 etiam
3034 2421 3249 2474 quaere.

2026 2497 2186 2551 Vers.
2224 2499 2304 2550 54.
2349 2496 2553 2549 Petrus
2592 2510 2725 2549 vero
2752 2524 2819 2534 —
2850 2493 3008 2547 Vers.
3046 2492 3131 2547 55.
3164 2494 3318 2547 illus.
3356 2492 3613 2549 Praeter-

1953 2601 2024 2640 ea
2074 2591 2124 2638 et
2169 2584 2242 2639 de
2291 2582 2384 2639 his
2433 2600 2445 2637 :
2489 2598 2626 2637 eum
2683 2582 2841 2637 enim
2899 2583 3076 2637 latius
3124 2581 3419 2653 scripserit
3475 2582 3610 2637 Mat-

1954 2675 2165 2739 thaeus,
2232 2671 2627 2744 particulatim
2682 2671 2740 2727 in
2804 2670 2902 2727 illo
2968 2672 3173 2727 omnia
3233 2670 3611 2727 manifestata

1953 2768 2113 2819 sunt.

2022 2853 2183 2907 Vers.
2242 2855 2327 2908 56.
2370 2850 2589 2907 Intuita
2628 2881 2695 2892 —
2726 2850 2916 2908 lumen
2970 2849 3143 2917 Quod
3196 2848 3275 2905 ab
3321 2848 3459 2921 igne
3509 2864 3607 2905 re-

1952 2940 2310 3014 Splendebat.

2024 3031 2187 3088 Vers.
2217 3031 2306 3087 56.
2359 3030 2579 3098 Deﬁxis
2610 3029 2797 3085 oculis
2842 3058 2909 3069 —
2942 3027 3103 3084 Vers.
3135 3032 3219 3083 60.
3271 3028 3407 3100 quid
3425 3027 3605 3084 dicas.

1954 3122 2102 3189 Lege
2142 3119 2339 3185 etiam,
2373 3136 2508 3192 quae
2535 3119 2609 3173 de
2659 3118 2754 3173 his
2816 3118 3046 3190 scripsit
3091 3118 3397 3174 Matthaaus
3442 3133 3609 3175 sexa-

1875 3235 1915 3291 C
1954 3210 2185 3277 gesimo
2215 3215 2379 3264 sexto
2411 3212 2620 3280 capite,
2645 3224 2971 3278 eorumque
3003 3207 3363 3262 solutiones:
3392 3207 3610 3263 deinde

1953 3298 2265 3371 paululum
2310 3298 2629 3361 retrocede,
2664 3302 2721 3351 et
2750 3312 2951 3369 quaere
2989 3296 3129 3350 dicti
3184 3296 3339 3351 illius
3370 3311 3609 3351 enarra-

1953 3380 2174 3435 tionem
2208 3396 2221 3432 :
2253 3381 2329 3435 Et
2358 3380 2652 3448 ingressus
2680 3380 2852 3441 intro,
2878 3376 3108 3434 sedebat
3146 3393 3274 3432 eum
3298 3376 3604 3442 ministris,

1957 3474 2017 3524 ut
2050 3469 2271 3526 videret
2309 3469 2482 3538 ﬁnem
2512 3469 2579 3520 ⁷⁸.

2023 3561 2182 3613 Vers.
2262 3562 2349 3614 60.
2410 3557 2485 3613 Et
2559 3557 2830 3625 protinus
2881 3586 2951 3595 —-
3012 3554 3176 3611 Vers.
3229 3557 3315 3610 62.
3386 3564 3607 3612 amare.

1952 3648 2393 3718 Consequenter
2422 3646 2581 3701 dicto
2616 3644 2809 3717 capite
2840 3644 3018 3700 etiam
3049 3643 3180 3700 haec
3221 3643 3610 3701 manifestata

1954 3742 2103 3792 sunt.

2022 3827 2187 3882 Vers.
2225 3827 2311 3883 63.
2344 3826 2421 3881 Et
2465 3856 2516 3864 —
2552 3825 2712 3880 Vers.
2775 3823 2863 3879 65.
2919 3839 3070 3880 eum.
3113 3823 3179 3878 In
3216 3823 3336 3879 ﬁne
3367 3838 3611 3895 sexage-

1956 3916 2090 3971 simi
2122 3915 2307 3988 quinti
2338 3914 2547 3985 capitis
2592 3915 2666 3969 de
2706 3913 2797 3968 his
2836 3912 3065 3984 scripsit
3101 3912 3431 3969 Mattbeeus-
3462 3916 3609 3985 Lege

1952 4021 2194 4078 quoque
2220 4004 2593 4073 sexagesimo
2620 4008 2780 4059 sexto
2805 4003 2997 4073 capite
3037 4002 3249 4073 ipsius,
3274 4002 3413 4058 dicti
3453 4002 3610 4058 illius

1952 4094 2413 4157 enarrationem,
2443 4109 2565 4163 quo
2592 4091 2833 4147 dicitur:
2861 4091 2935 4146 Et
2957 4106 3209 4163 egressus
3234 4094 3423 4161 foras,
3445 4091 3607 4161 ﬂevit

1953 4198 2155 4240 amare
2183 4184 2253 4249 ⁷⁷,
2287 4182 2344 4237 in
2373 4182 2509 4237 ﬁne.

2023 4273 2189 4327 Vers.
2233 4272 2326 4327 66.
2354 4272 2545 4344 Atque
2572 4303 2641 4311 —-
2688 4271 2847 4326 Vers.
2904 4272 2990 4325 Ἠ.
3035 4270 3236 4338 ipsius.
3280 4272 3431 4340 Lege
3460 4286 3609 4342 prse-

1951 4361 2109 4417 dicto
2157 4361 2533 4430 sexagesimo
2570 4362 2779 4433 quinto
2824 4362 2995 4431 juxta
3040 4360 3381 4416 Matthaaum
3413 4361 3606 4431 capite

1951 4450 2029 4506 ab
2069 4466 2139 4505 eo
2165 4450 2295 4505 loco
2330 4466 2342 4505 :
2376 4451 2450 4505 Et
2477 4450 2836 4519 respondens
2877 4465 3140 4505 summus
3169 4449 3439 4504 sacerdos
3464 4448 3609 4503 dixit

1953 4539 2005 4595 ei
2038 4556 2049 4595 :
2084 4540 2311 4609 Adjuro
2365 4547 2417 4595 te
2448 4541 2517 4603 ⁷⁸,
2559 4544 2616 4594 et
2670 4544 2908 4605 caetera,
2946 4554 3264 4609 quousque
3318 4538 3551 4592 dicatur
3591 4553 3605 4592 :

1963 4629 2118 4684 Tunc
2162 4636 2521 4699 exspuerunt
2578 4628 2642 4682 in
2684 4628 2900 4696 faciem
2933 4628 3059 4695 ejus
3100 4628 3169 4692 79,
3211 4642 3353 4682 nam
3393 4627 3453 4682 in
3497 4625 3608 4681 illis

1955 4716 2459 4773 declarationibus
2491 4718 2669 4772 etiam
2722 4716 2850 4771 haec
2879 4715 3251 4771 manifestata
3278 4720 3431 4771 sunt.

2026 4983 2167 5054 Cap.
2219 4982 2411 5038 XXlll.
2452 4983 2613 5038 Vers.
2682 4987 2729 5038 t.
2771 4982 2851 5037 Et
2921 4995 3167 5051 surgens
3215 5011 3285 5022 —
3348 4980 3508 5038 Vers.
3549 4983 3603 5037 2.

1953 5088 2149 5144 regem
2188 5088 2325 5130 esse.
2356 5073 2506 5143 Lege
2533 5071 2906 5145 sexagesimo
2928 5071 3181 5143 septimo
3203 5070 3397 5143 capite
3422 5073 3610 5128 Evan-

1953 5161 2773 5235 geliijuxtaMatthaaumdicti
2812 5161 2966 5218 illius
3006 5161 3555 5234 interpretationem
3587 5184 3602 5219 :

1950 5252 2118 5310 Iesus
2147 5260 2342 5310 autem
2371 5252 2528 5309 stetit
2566 5267 2766 5310 coram
2794 5251 3044 5322 preside
3074 5251 3146 5308 ⁸ο.

2158 5431 2299 5489 lbid.
2332 5436 2418 5489 63.
2497 5434 2543 5468 ⁷³
2590 5432 2738 5488 Ibid.
2786 5436 2851 5487 67
2928 5433 2976 5467 ⁸ο
3034 5430 3242 5489 Matth.
3290 5446 3473 5497 xxvu,
3521 5434 3605 5485 ll.

1495 5628 1715 5699 Varia:
1736 5628 2063 5698 lectiones
2079 5639 2356 5699 etnotae.

321 5820 431 5893 (74)
457 5819 689 5875 Ἐκείνων
721 5824 774 5877 Β.
