4144 6314
595 366 735 428 1087

592 590 848 657 quenter
879 582 961 638 ibi
990 583 1170 638 etiam
1209 581 1284 636 de
1323 581 1416 638 his
1457 582 1751 640 invenies.

663 672 824 726 Vers.
868 675 918 726 8.
973 671 1235 727 Herodes
1265 674 1462 728 autem
1507 701 1572 712 —
1602 671 1755 739 ﬁeri.
1810 671 1897 743 -Η-
1937 673 2017 727 Ex
2075 668 2258 741 longo

591 761 876 817 nimirum
927 763 1218 832 tempore,
1257 760 1371 815 hoc
1393 765 1503 828 est,
1534 760 1660 815 diu.

663 850 826 906 Vers.
859 853 911 906 9.
965 849 1382 920 Interrogabat
1405 881 1471 890 —
1511 849 1732 908 multis.
1770 846 2050 904 Videlicet
2076 847 2257 904 cavil-

591 937 839 1006 latoriis,
873 938 1006 994 etin
1049 939 1292 994 modum
1325 939 1623 995 tentantis.

663 1028 831 1084 Vers.
863 1032 916 1083 9.
981 1028 1115 1097 Ipse
1146 1059 1209 1068 —
1240 1028 1346 1083 illi.
1389 1030 1598 1101 Utpote
1644 1026 1886 1084 ientanti
1915 1031 1973 1084 et
2017 1042 2260 1098 respon-

594 1116 760 1174 sione
784 1116 1055 1186 indigno.
1101 1117 1304 1173 Sciens
1330 1118 1529 1184 etiam,
1559 1133 1696 1172 eum
1722 1115 1873 1172 velle
1906 1115 2142 1188 signum
2171 1116 2260 1171 vi-

594 1206 755 1274 dere,
799 1222 913 1262 non
950 1206 1211 1262 utilitatis
1243 1222 1448 1272 causa,
1490 1205 1591 1262 sed
1651 1205 2064 1262 oblectationis
2098 1224 2110 1260 :
2146 1220 2257 1261 nec

595 1299 888 1368 tanquam
921 1295 1158 1352 divinas
1201 1295 1463 1362 virtutes,
1507 1295 1610 1351 sed
1641 1293 1798 1351 velut
1824 1300 2031 1367 aperta
2063 1293 2257 1368 prodi-

595 1384 694 1456 gia
727 1400 740 1438 :
786 1400 905 1440 non
947 1382 1081 1440 fecit
1122 1383 1283 1455 apud
1321 1399 1459 1440 eum
1493 1385 1756 1454 signum.

668 1477 825 1530 Vers.
879 1475 970 1530 10.
1019 1473 1272 1530 Stabant
1326 1504 1392 1513 —
1432 1489 1582 1530 eum.
1634 1472 1819 1530 Simul
1850 1473 2008 1528 enim
2040 1476 2098 1528 et
2146 1472 2258 1545 ipsi

596 1563 676 1619 ad
699 1562 990 1619 Herodem
1009 1562 1239 1618 remissi
1269 1567 1458 1630 erant,
1484 1563 1637 1620 sicut
1670 1563 1728 1618 in
1763 1578 2075 1636 progressu
2100 1563 2258 1619 inve-

597 1650 858 1708 niemns.

799 1738 956 1796 CAP.
1000 1740 1251 1796 LXXIX.
1283 1741 1370 1797 De
1395 1746 1734 1810 contemptu
1763 1739 2032 1797 Herodis.

665 1830 828 1886 Vers.
873 1831 950 1885 ti.
982 1829 1212 1899 Sprevit
1251 1859 1308 1871 —
1338 1829 1621 1889 Pilatum.
1649 1829 1780 1885 Hmc
1818 1829 2026 1886 omnia
2050 1827 2250 1886 forsan
2284 1838 2334 1898 Β

595 1918 680 1974 illi
721 1919 875 1985 fecit,
908 1924 1200 1990 tanquam
1233 1918 1353 1988 regi
1382 1919 1750 1976 Judreorum.

665 2009 827 2064 Vers.
869 2011 954 2065 12.
987 2008 1061 2062 Ει
1098 2007 1247 2077 facti
1300 2038 1360 2046 —
1393 2023 1506 2064 eos.
1541 2009 1627 2078 -ι--ι-
1660 2007 1782 2063 Μετ’
1813 2007 2061 2079 ἀλλήλων,
2119 2007 2251 2064 loco

595 2097 850 2167 α’λλήλοις.
885 2097 949 2152 Et
972 2100 1100 2171 πρὸς
1128 2097 1368 2165 ξαυτοὺς,
1423 2097 1553 2154 loco
1592 2101 1717 2172 πρὸς
1773 2097 2037 2160 ἀλλήλους,

669 2279 826 2333 Vers.
870 2277 958 2333 13.
1005 2277 1235 2333 Pilatus
1285 2307 1356 2318 —
1401 2275 1571 2334 Vers.
1604 2279 1692 2334 16.
1744 2276 2058 2334 absolvam.
2121 2278 2254 2332 Cor-

595 2365 927 2437 reptionem
959 2364 1054 2421 hic
1079 2370 1269 2429 vocat,
1297 2364 1660 2422 mediocrem
1691 2365 2154 2435 ﬂagellationem
2177 2363 2256 2422 ad

596 2454 994 2524 mitigandum
1058 2470 1128 2511 ac
1167 2453 1625 2526 deprimendum
1692 2455 1952 2511 furorem
1995 2454 2253 2519 illorum,

598 2548 662 2600 ut
689 2543 976 2612 arbitrati,
1004 2560 1136 2598 eum
1169 2559 1506 2617 superasse.
1558 2549 1860 2600 cessarent
1890 2543 1967 2598 ab
1996 2542 2254 2599 ulteriori

597 2632 832 2689 insania
900 2649 915 2700 ;
971 2637 1028 2689 at
1089 2632 1167 2688 illi
1223 2631 1611 2689 nihilominus
1664 2632 2084 2698 efferabantnr,
2141 2632 2254 2688 hoc

597 2738 784 2778 unum
827 2722 1016 2778 solum
1049 2738 1168 2794 prie
1193 2721 1383 2778 oculis
1433 2722 1808 2778 immobiliter
1832 2722 2145 2786 habentes,
2191 2731 2255 2778 ut

596 2828 783 2884 quam
799 2812 1075 2868 citissime
1105 2812 1490 2879 occideretur,
1522 2811 2032 2884 quemadmodum
2075 2811 2254 2867 etiam

597 2900 883 2974 praedicto
913 2901 1104 2971 capite
1126 2899 1445 2956 dissertum
1488 2905 1595 2957 est.

669 2991 825 3044 Vers.
857 2993 948 3048 17.
987 2990 1233 3046 Necesse
1286 3021 1354 3030 —
1399 2989 1560 3045 Vers.
1619 2991 1706 3047 10.
1749 3004 2060 3046 carcerem.
2105 2990 2254 3046 Mat-

597 3079 779 3136 thaeus
805 3094 944 3134 vero
967 3077 1046 3134 ait
1077 3078 1233 3134 dicto
1256 3078 1446 3150 capite
1479 3093 1493 3131 :
1536 3079 1606 3133 In
1664 3078 1816 3148 festo
1871 3083 2063 3135 autem
2114 3094 2255 3134 con-

1920 361 2268 420 EUTHYMII
2307 357 2647 420 ZlGABENI

661 493 826 551 Vers.
860 497 912 550 3.
940 491 1165 550 Pilatus
1194 507 1332 549 vero
1356 524 1425 534 —
1463 493 1626 549 Vers.
1666 498 1720 548 7.
1762 491 1986 550 diebus.
2037 489 2256 548 Conse-
2292 489 2338 544 A

3838 358 3969 420 1088

2439 489 2500 543 Ὀ
2541 487 2600 544 δέ
2633 494 2677 542 [1
2691 483 2859 552 ιλοίτος
2887 520 2944 533 -
2981 489 3218 565 ἡμέραις.
3263 485 3578 550 ’Δκολούθως
3609 484 3710 541 ἐκεῖ
3739 491 3969 562 καὶπερὶ

2371 583 2564 634 τούτων
2594 581 2853 654 εὑρήσεις.

2439 669 2498 723 εΟ
2531 666 2589 722 δε
2617 666 2860 742 Ἡρώδης
2893 699 2940 709 -
2977 672 3260 741 γινόμενον⁸
3296 667 3382 730 Ἐξ
3408 666 3606 734 ἱκανοῦ,
3630 665 3748 738 (75)
3775 670 3969 741 χρόνον

2371 755 2633 826 δηλονότι,
2663 762 2928 811 τουτέστιν
2959 757 3196 812 ἔκπαλαι.

2440 850 2721 922 Ἐπηρώτα
2747 879 2810 889 -
2841 849 3055 908 ἱκανοῖς.
3081 846 3164 899 Ἐν
3185 845 3356 918 λόγοις
3387 844 3614 915 πολλοῖς,
3647 853 3970 917 σοφιστικοῖς

2370 934 2430 992 δὲ
2459 943 2548 992 καὶ
2577 945 2955 1012 πειραστικοῖς.

2442 1027 2603 1089 Αύτός
2649 1058 2717 1068 -
2771 1027 2932 1098 αύτῷ.
2994 1025 3082 1089 Ὠς
3138 1025 3463 1099 πειράζοντι,
3511 1027 3599 1076 καὶ
3645 1025 3965 1098 ὑποκρίσεως

2369 1114 2584 1187 ἀναξίῳ.
2639 1121 2896 1169 Γινώσκον
2956 1111 3015 1169 δε
3086 1114 3240 1168 αὐτόν
3296 1118 3386 1165 καὶ
3465 1113 3673 1166 θέλοντα
3759 1110 3965 1184 σημεῖον

2371 1203 2518 1270 ἰδεῖν,
2563 1205 2656 1257 ούκ
2697 1205 2942 1274 ὠφελείας
2989 1205 3169 1268 ἕνεκεν,
3220 1201 3346 1255 ἀλλὰ
3367 1203 3606 1275 τέρψεως,
3635 1206 3731 1255 καὶ
3763 1202 3872 1274 ούχ
3907 1205 3967 1263 ὡς

2369 1298 2512 1356 θείας
2543 1290 2826 1366 δυνάμεως,
2863 1291 2968 1345 ἀλλ’
3013 1295 3077 1354 ὡς
3108 1291 3276 1354 ἀπλῶς
3306 1296 3592 1367 τερατείας,
3624 1291 3724 1344 ούκ
3762 1289 3965 1346 ἐποίησε

2366 1382 2489 1458 παρ’
2523 1383 2662 1453 αύτῷ
2697 1389 2931 1455 σημεῖον.

2439 1475 2781 1531 Εἰστήκείσαν
2830 1502 2894 1514 --
2943 1469 3124 1527 αύτοῦ.
3181 1471 3678 1544 Συνανεπίμφθησαν
3734 1471 3842 1544 γὰρ
3889 1473 3970 1522 καὶ

2367 1561 2513 1616 οὗτοι
2533 1565 2658 1636 πρὸς
2685 1557 2946 1637 Ἡρώδην,
2977 1562 3042 1622 ὡς
3065 1565 3334 1636 προϊόντες
3363 1562 3672 1636 εὑρήσομεν.

2677 1745 2828 1794 ΚΕΦ.
2863 1737 2984 1793 Οθ’.
3017 1737 3377 1802 Ἐξουθίνησις
3395 1732 3657 1809 Ἡρώδου.

2439 1829 2814 1893 Ἐξουθενήσας
2844 1860 2908 1868 -
2943 1827 3165 1898 unum.
3195 1829 3272 1880 Τὰ
3308 1828 3533 1901 ῥηθέντα
3559 1827 3738 1878 πάντα
3764 1829 3969 1882 πεποίη-

2365 1938 2448 1971 κεν
2477 1919 2638 1988 αύτῷ,
2671 1921 2739 1980 ὡς
2763 1917 2976 1990 βασιλεῖ
2998 1918 3144 1989 τάχα
3173 1925 3272 1968 τῶν
3300 1911 3590 1970 Ἰουδαίων.

2436 2008 2698 2080 Ἐγένοντο
2757 2003 2816 2060 δὲ
2895 2037 2955 2047 -
3025 2009 3257 2067 ἔαυτούς.
3340 2005 3452 2078 (76)
3518 2004 3645 2058 Μετ’
3727 2004 3964 2070 ἀλλήλων,

2366 2096 2479 2150 ἀντὶ
2505 2105 2618 2162 τοῦ,
2655 2095 2908 2156 ἀλλήλοις,
2958 2100 3057 2148 Καὶ
3100 2098 3232 2168 πρὸς
3280 2094 3514 2161 ἑαυτούς,
3552 2095 3669 2146 ἀντὶ
3700 2102 3816 2161 τοῦ,
3850 2096 3965 2167 πρός

2367 2186 2583 2246 ἀλλήλου
2596 2207 2634 2248 ς.

2438 2277 2662 2338 Πιλᾶτος
2716 2305 2786 2316 —
2858 2273 3126 2328 ἀπολύσω.
3206 2269 3493 2327 Παίδευσιν
3571 2272 3769 2326 ἕναῦθα
3838 2271 3961 2342 λέγει

2364 2370 2458 2424 τὴν
2510 2369 2722 2438 μετρίαν
2776 2368 3110 2435 μαστίγωσιν
3167 2363 3234 2423 εἰς
3282 2364 3622 2436 παραμυθίαν
3682 2367 3774 2415 καὶ
3816 2379 3959 2413 κατα-

2367 2454 2555 2512 στολήν
2625 2461 2716 2506 τού
2785 2455 2949 2524 θυμοῦ
3027 2451 3215 2517 αὐτῶν,
3283 2455 3367 2504 ’ἱνα
3453 2448 3700 2514 δόξαντες
3772 2469 3958 2522 περιγε-

2365 2545 2546 2596 νέσθαι
2605 2543 2788 2611 αὐτοῦ,
2864 2545 3168 2594 παύσωνται
3235 2548 3328 2602 τῆς
3400 2545 3687 2615 περαιτέρω
3762 2543 3954 2612 μανίας

2367 2635 2433 2685 Οἰ
2509 2628 2568 2685 δι
2643 2636 2732 2684 καὶ
2825 2630 2984 2690 οὕτως
3072 2626 3222 2682 οὐδὲν
3307 2629 3508 2682 ἔλαττον
3592 2628 3952 2703 ἐξεθηριοῡντο,

2366 2725 2496 2794 πρὸς
2567 2721 2617 2774 ἓν
2689 2725 2840 2793 μόνον
2919 2718 3132 2780 ἀκλινῶς
3211 2720 3447 2794 ὁρῶντες,
3539 2717 3731 2772 ἀνελεῖν
3814 2716 3952 2768 αὐτόν

2366 2813 2622 2882 τάχιστα,
2699 2812 2763 2870 ὡς
2838 2813 2928 2861 καὶ
3001 2807 3047 2860 ἐν
3119 2815 3190 2878 τῷ
3271 2811 3626 2883 προειρημένῳ
3718 2805 3952 2879 κεφαλαίῳ

2371 2897 2698 2971 διελάϐομεν.

2437 2988 2693 3060 Ἀνάγκην
2799 3018 2862 3028 -
2949 2985 3198 3058 φυλακήν.
3305 2988 3574 3046 Ματθαίος
3664 2982 3722 3039 δέ
3807 3001 3943 3055 φησιν

2366 3075 2413 3129 ἒν
2484 3086 2556 3148 τῷ
2616 3077 2754 3147 αύτῷ
2829 3075 3110 3148 κεφαλαίῳ.
3190 3077 3337 3128 Κατὰ
3392 3071 3451 3128 δε
3513 3075 3718 3146 (77-78)
3779 3073 3937 3142 ἑορτήν

2799 3018 2862 3028 —-
2949 2985 3198 3058 φυλακήν.

593 3170 860 3224 sueverat
886 3183 1100 3236 praeses
1146 3167 1446 3225 absolvere
1501 3167 1689 3224 turbae
1731 3184 1933 3252 .unum
1965 3168 2251 3235 vinctum,

2367 3165 2533 3218 εἰώθει
2594 3165 2620 3217 ὁ
2677 3166 2882 3235 ἡγεμὼν
2943 3162 3180 3216 ἀπολύειν
3239 3166 3326 3216 ἕνα
3391 3171 3462 3234 τῷ
3522 3163 3660 3235 ὄχλῳ
3715 3157 3923 3227 δέσμιον,

596 3271 764 3328 quem
807 3255 1126 3312 voluissent
1157 3257 1224 3324 '1,
1259 3261 1314 3312 et
1338 3259 1551 3312 ctetera
1583 3273 1596 3322 ;
1623 3255 1750 3326 lege
1779 3271 1922 3326 ergo
1963 3255 2251 3328 interpre-

597 3346 877 3402 tationem
904 3344 1164 3402 illorum.

667 3435 828 3490 Vers.
862 3439 948 3490 20.
1000 3436 1224 3491 Rursus
1252 3465 1319 3476 α-
1347 3433 1509 3490 Vers.
1544 3439 1629 3490 23.
1674 3449 2032 3492 summorum
2071 3451 2254 3492 sacer-

599 3523 822 3580 dotum.
878 3524 1180 3580 Matthaaus
1235 3526 1294 3580 et
1331 3522 1447 3581 alia
1501 3523 1782 3597 quedam
1839 3523 2070 3597 scripsit
2099 3523 2256 3580 dicto

599 3611 818 3683 capite.

672 3702 830 3755 Vers.
878 3704 966 3757 24.
1002 3701 1228 3757 Pilatus
1277 3715 1418 3772 ergo
1465 3731 1534 3742 —
1585 3703 1742 3757 Vers.
1786 3703 1873 3756 25.
1907 3715 2122 3758 eorum.
2175 3699 2257 3758 lbi

596 3806 836 3864 quoque
860 3789 934 3847 de
974 3791 1066 3846 his
1095 3791 1322 3847 dictum
1354 3794 1462 3848 est.
1503 3790 1788 3848 Voluntas
1815 3795 2016 3847 autem
2047 3805 2254 3846 eorum

597 3884 724 3938 erat
752 3885 812 3936 ut
832 3880 1302 3950 cruciﬁgeretur.

672 3972 932 4026 Vers.26.
965 3970 1188 4027 Etcum
1215 4001 1282 4011 —
1306 3971 1530 4026 Jesum.
1566 3969 1754 4025 Etiam
1785 3969 1860 4024 de
1890 3969 2002 4026 hoc
2027 3967 2254 4025 dictum

600 4061 688 4114 est
724 4057 968 4114 ibidem.

602 4148 756 4202 (ΖΑΗ.
825 4147 1016 4203 LXXX.
1081 4148 1164 4204 De
1212 4147 1559 4203 mulieribus
1599 4145 1916 4202 Dominum
1963 4146 2256 4218 plangen-

1340 4236 1513 4292 tibus.

672 4325 832 4380 Vers.
873 4328 960 4380 27.
1013 4325 1378 4398 Sequebatur
1423 4356 1492 4366 —
1556 4323 1716 4379 Vers.
1746 4327 1834 4378 28.
1887 4323 2111 4380 vestris.
2175 4327 2254 4381 Ne

600 4412 875 4470 ﬂeveritis
906 4419 1147 4486 propter
1186 4429 1300 4480 me,
1331 4413 1434 4470 sed
1487 4419 1727 4487 propter
1771 4429 1876 4468 vos
1906 4413 2071 4486 ipsas
2098 4411 2250 4479 ﬂete,

601 4506 662 4559 et
687 4507 926 4575 propter
950 4502 1103 4558 ﬁlios
1128 4509 1373 4560 vestros.

673 4591 839 4650 Vers.
857 4591 944 4648 29.
963 4593 1248 4661 Quoniam
1277 4623 1345 4632 —
1371 4592 1768 4650 lactaverunt.
1783 4591 1916 4648 Dies
1941 4590 2081 4648 dicit
2098 4590 2254 4647 obsi-

600 4679 799 4738 dionis
825 4686 879 4737 et
908 4680 1371 4752 expugnationis
1405 4681 1946 4754 Hierosolymorum
1979 4695 1993 4734 ε
2045 4680 2103 4734 in
2125 4679 2255 4752 qui-

600 4769 716 4826 bus
753 4769 1254 4826 beatiﬁcabuntur
1284 4770 1361 4826 ab
1399 4771 1483 4825 eis
1538 4785 1674 4843 quae
1722 4773 2075 4841 genuerunt,
2139 4767 2254 4825 illm

602 4875 741 4932 qua
771 4875 894 4915 non
923 4865 1276 4932 pepererunt
1307 4877 1320 4913 :
1383 4864 1588 4931 utpote
1617 4875 1753 4932 qua:
1797 4873 1919 4914 non
1982 4856 2254 4913 audirent

603 4951 706 5018 aut
734 4947 1004 5005 viderent
1029 4948 1228 5005 varias
1255 4947 1511 5006 ﬁliorum
1550 4963 1795 5004 suorum
1836 4951 2082 5017 strages.

678 5039 838 5094 Vers.
894 5040 981 5103 30.
1053 5038 1218 5094 Tunc
1281 5067 1349 5078 —
1396 5051 1520 5094 nos.
1545 5035 1835 5109 Incipient
1883 5035 2013 5092 hac
2059 5034 2254 5092 dicere

676 5242 722 5279 ⁸¹
765 5241 962 5301 Matth.
991 5255 1174 5307 xxv",
1197 5243 1286 5300 t5.

2366 3254 2418 3307 ὃν
2467 3253 2666 3322 ἤθελον,
2717 3258 2805 3307 καὶ
2856 3255 2922 3306 τὰ
2968 3252 3103 3316 ἑξῆς
3134 3257 3222 3305 καὶ
3262 3254 3523 3325 ἀνάγνωθι
3563 3257 3650 3310 τὴν
3686 3247 3928 3322 ἐρμηνιίαν

2367 3343 2533 3396 ut):er
2542 3386 2553 3396 .

2438 3433 2598 3486 Πάλιν
2623 3464 2691 3473 —-
2716 3431 3023 3507 ἀρχιερέων.
3049 3431 3108 3484 Ὀ
3137 3428 3196 3484 δε
3227 3433 3491 3494 Μτιτθαῖος
3533 3435 3622 3483 καὶ
3667 3432 3802 3504 ἕτερα
3835 3443 3942 3478 τινα

2368 3524 2642 3595 ἱστόρησεν
2673 3519 2721 3574 ἕν
2752 3520 2924 3593 ἐκείνῳ
2953 3528 3024 3592 τῷ
3049 3519 3325 3594 κεφαλαίῳ.

2433 3699 2492 3753 Ὀ
2549 3695 2607 3752 δὲ
2653 3699 2874 3760 Πιλάτος
2926 3730 2991 3739 -
3042 3698 3230 3754 αὐτῶν.
3279 3701 3400 3754 Εκεί
3449 3703 3540 3750 καὶ
3601 3701 3718 3772 περὶ
3767 3697 3944 3748 τούτων

2389 3792 2410 3808 ..
2719 3807 2734 3818 ,
2991 3791 3000 3804 .
3138 3787 3220 3818 ._-
3324 3784 3347 3802 ν
3495 3790 3504 3801 .
3842 3791 3861 3802 .

2366 3808 2589 3864 ειρηται.
2671 3788 2880 3862 Θέλημα
2954 3783 3012 3840 δε
3089 3809 3257 3841 αυιων
3319 3807 3380 3846 ην
3453 3807 3512 3840 το
3593 3786 3944 3862 στανρωθηναι

2367 3878 2539 3932 αὐτόν.

2439 3971 2538 4020 Καὶ
2561 3969 2624 4028 ὡς
2655 3998 2719 4007 -
2750 3967 2944 4026 Ἰησοῦ.
2979 3971 3078 4020 Καὶ
3107 3971 3224 4040 περὶ
3256 3968 3461 4022 τούτου.

2549 4151 2692 4199 ΚΕΦ.
2731 4142 2808 4199 Π’.
2847 4147 2970 4220 Περὶ
3000 4151 3098 4196 τὼν
3127 4146 3456 4216 κοπτομένων
3483 4150 3764 4217 γυναικῶν.

2432 4321 2727 4376 Ἠκολούθει
2780 4353 2848 4364 —
2902 4322 3064 4395 ύμων.
3107 4327 3191 4381 Μὴ
3245 4321 3443 4376 κλαίετε
3493 4319 3672 4397 δι’έμὶ,
3706 4318 3826 4372 ἀλλά
3870 4309 3935 4366 δι’

2365 4411 2545 4475 ἑαυτὰς
2578 4412 2798 4479 κλαίετε,
2831 4417 2920 4464 καὶ
2943 4409 3036 4465 διὰ
3073 4414 3139 4465 τὰ
3167 4415 3317 4464 τέκνα
3341 4412 3508 4484 ὑμῶν.

2435 4590 2556 4643 Ὀτι
2592 4621 2648 4630 -
2680 4589 2956 4648 ἐθήλασαν.
2991 4589 3215 4663 Ἡμέρας
3258 4589 3392 4661 λέγει
3421 4593 3511 4653 τὰς
3538 4598 3625 4650 τῆς
3650 4584 3928 4655 πολιορκίας

2364 4685 2453 4732 καὶ
2501 4678 2737 4741 ἁλώσεως
2781 4678 3166 4753 Ἱεροσολύμων,
3225 4678 3274 4732 ἐν
3316 4676 3398 4741 αἷς
3442 4675 3920 4750 μακαρισθήσονται,

2365 4773 2516 4842 φησὶ,
2549 4771 2688 4841 παρά
2720 4776 2815 4820 τῶν
2843 4773 3174 4840 γεννήσασῶν
3205 4770 3260 4820 αἱ
3288 4773 3359 4840 μὴ
3385 4771 3528 4840 γεννή
3541 4781 3712 4828 σασαι,
3754 4761 3818 4820 ὣς
3857 4760 3921 4828 μή

2365 4857 2670 4922 ἀκούουσαι,
2703 4853 2842 4929 μηδέ
2892 4855 3183 4928 βλέπουσαι
3231 4856 3467 4917 ποικίλας
3524 4853 3712 4929 σφαγὰς
3759 4851 3930 4901 τέκνων

2364 4945 2553 5013 αύτών,
2592 4947 2764 5018 ὥσπερ
2801 4945 2958 4998 αὗται
2987 4945 3122 5019 (79).

2433 5039 2560 5090 Τότε
2620 5065 2688 5076 -
2737 5035 2895 5107 ἡμᾶς.
2952 5033 3229 5110 Ἀρξονται
3280 5041 3452 5088 ταῦτα
3503 5034 3662 5108 λέγειν
3720 5032 3767 5085 οἱ
3822 5028 3934 5082 Ἰον-

1848 5417 2077 5488 Variae
2096 5418 2428 5488 lectiones
2457 5427 2524 5487 et
2562 5428 2764 5488 notae.

677 5643 789 5715 (75)
831 5645 949 5699 Hoc
971 5642 1205 5715 scholio
1243 5645 1403 5698 caret
1457 5641 1795 5700 Hentenius.
1834 5643 2048 5698 Textus
2113 5657 2256 5714 ergo

604 5713 781 5790 apud
800 5730 938 5790 eum
961 5714 1204 5790 junctus
1233 5718 1339 5790 es_t.

676 5787 792 5861 (76)
819 5782 1053 5844 Omissa
1080 5785 1196 5842 hoc
1224 5782 1465 5850 scholio,
1499 5787 1688 5841 textus
1712 5784 1957 5856 junctus
1982 5787 2074 5842 est
2093 5783 2256 5858 apud

2365 5643 2732 5699 Hentenium.

2435 5715 2644 5858 $77-78)
2674 5719 2780 5775 Τὴν
2810 5713 2979 5773 addit
3011 5717 3070 5772 Β.
3307 5785 3320 5797 .
3679 5783 3689 5793 ⁹

2458 5786 2550 5858 79)
2585 5789 2712 5846 Duo
2731 5787 2860 5845 hac
2888 5786 3179 5847 vocabula
3200 5786 3415 5846 omittit
3442 5787 3763 5848 Eumenius

2458 5786 2550 5860 79)
2585 5789 2712 5846 Duo
2731 5787 2860 5845 haec
2888 5786 3179 5847 vocabula
3200 5786 3786 5868 omittitlientenius.
