4144 6314
221 333 377 397 4089

1258 321 1635 403 COMMENT.
1680 322 1758 400 lN
1798 336 2062 404 LUCAM.
2106 375 2173 388 —
2212 339 2373 401 CAP.
2418 339 2623 399 χχιιι.

3495 337 3636 399 1090

213 460 395 531 δαῖοι,
427 469 509 537 μὴ
566 470 814 543 φέροντες
857 472 923 522 τὰ
944 470 1302 547 ἀνυπέρϐλητα
1332 468 1500 537 δεινὰ,
1555 464 1615 517 τά
1655 487 1711 523 τε
1760 472 1853 525 ἀπό

1974 469 2180 535 Judaei,
2226 485 2348 526 non
2403 468 2657 525 ferentes
2707 467 2969 541 pericula
3001 467 3320 524 innumera
3363 482 3433 524 ac
3459 464 3633 523 vehe-

209 562 314 616 τῆς
343 561 685 631 πολιορκίαις
726 567 825 611 τῶν
862 558 1145 633 Ῥωμαίων,
1180 566 1380 614 καὶτοῦ
1408 559 1614 632 λοιμοῦ,
1649 567 1738 615 καὶ
1767 570 1861 625 τῆς

216 644 485 716 ἐμφυλίου
516 648 791 710 στάσεως.

294 731 429 786 Ὀτι
458 733 507 787 εἰ
543 765 612 777 -
654 740 868 809 γένηται
896 754 910 804 ;
947 738 1004 791 Εἰ
1034 737 1081 790 ίν
1112 737 1224 812 ἐμοὶ
1255 747 1325 810 τῷ
1359 740 1492 801 ζωὴν
1522 741 1660 793 θείαν
1686 743 1862 813 ἔχοντι

217 828 403 875 ταῦτα
446 832 712 877 ποιοῦσιν
763 828 811 877 οἱ
838 826 1103 899 Ῥωμαῖοι,
1154 832 1565 902 παρορμηθέντες
1611 832 1709 882 ὑπὸ
1763 839 1861 882 τῶν

226 908 548 983 Ἰουδαίων,
597 913 657 965 ἐν
691 916 833 987 ύμῖν,
872 924 979 979 τοῖς
1012 922 1261 991 νέκρωσιν
1305 918 1358 980 ἐξ
1386 918 1645 993 ἁμαρτίας
1682 938 1863 978 κεκτη-

225 1004 437 1072 μένοις,
473 1006 530 1053 τί
570 1006 792 1074 γένηται
831 1006 951 1080 παρ’
984 1005 1187 1072 «ore»;

304 1088 556 1162 Ἠγοντο
609 1121 679 1136 -
721 1090 1022 1167 ἀριστερῶν.
1068 1094 1128 1146 Ὀ
1159 1092 1218 1147 δε
1249 1098 1516 1159 Ματθαῖος
1557 1102 1644 1149 καὶ
1696 1100 1863 1172 ἕτερον

230 1180 459 1253 ἔγραφε,
497 1185 592 1233 καὶ
622 1179 881 1253 ἀνάγνωθι
904 1183 1135 1249 κάκεῖνα,
1163 1189 1253 1235 καὶ
1284 1187 1487 1247 πάντως
1515 1187 1748 1257 εὑρήσεις
1774 1192 1863 1239 καὶ

228 1273 358 1341 περὶ
386 1272 622 1321 τούτων.
662 1269 742 1323 Ἐν
785 1280 856 1342 τῷ
886 1274 1021 1324 κατὰ
1058 1274 1325 1325 Ματθαῖον
1353 1277 1453 1349 ’γὰρ
1498 1278 1562 1327 τὰ
1599 1280 1716 1348 περὶ
1764 1284 1863 1327 τῶν

231 1364 592 1409 Δεσποτικῶν
642 1361 963 1432 παθημάτων
1030 1359 1428 1434 ἀπαραλείπτως
1490 1369 1580 1416 καὶ
1641 1363 1864 1439 ἀκριϐῶς

228 1448 357 1499 καθ’
406 1449 597 1521 εἱρμὸν
621 1450 1048 1521 ἡρμηνεύθησαν,

303 1623 369 1677 Ὀ
429 1621 495 1678 δὲ
555 1625 764 1690 Ἰησοῦς
812 1658 879 1669 —-
911 1629 1035 1701 ἄφες
1082 1629 1279 1691 αὐτοῖς.
1328 1629 1476 1704 ’Υπὲρ
1534 1640 1634 1683 τῶν
1693 1651 1864 1686 σταυ-

224 1717 532 1790 ρωσάντων
605 1713 877 1769 Ἰουδαίων
943 1719 1375 1792 προσευξάμενος,
1446 1723 1515 1783 ὡς
1570 1724 1856 1795 ἄνθρωπος,

1974 558 2366 615 mentissima.

2045 738 2201 792 Vers.
2249 736 2338 793 31.
2369 734 2428 791 Si
2466 733 2622 791 enim
2654 737 2751 788 —-.’
2789 735 2888 803 ﬁet
2946 734 3003 790 Si
3044 735 3102 790 in
3157 750 3273 804 me,
3304 734 3407 807 qui
3451 732 3632 790 vitam

1971 824 2167 881 habeo
2189 824 2477 888 divinam,
2511 823 2638 879 haec
2678 822 2904 879 faciunt
2935 822 3186 879 Romani
3223 839 3259 880 a
3298 823 3518 879 Judmis
3554 824 3630 877 in-

1974 915 2171 986 stigati
2202 932 2215 980 ;
2246 914 2303 969 in
2326 914 2514 977 vobis,
2548 912 2651 985 qui
2700 918 2948 968 mortem
2970 912 3136 968 vobis
3159 928 3229 967 ex
3263 918 3508 985 peccato
3530 926 3631 984 pa-

1971 1004 2169 1071 rastis,
2199 1001 2342 1074 quid
2368 1001 2588 1057 abillis
2617 1000 2714 1057 ﬁet
2750 1001 2778 1056 ?

2043 1090 2205 1145 Vers.
2274 1094 2360 1148 32.
2414 1090 2782 1147 Ducebantur
2856 1120 2925 1132 —
2976 1089 3141 1146 Vers.
3210 1090 3299 1145 33.
3353 1088 3629 1145 sinistris.

1974 1178 2277 1235 Matthteus
2300 1179 2419 1235 alia
2455 1195 2699 1252 quoque
2743 1178 2982 1252 scripsit
3014 1195 3025 1233 :
3056 1179 3154 1235 illa
3188 1179 3314 1252 lege
3346 1184 3402 1235 et
3426 1187 3631 1249 aperte

1972 1270 2047 1322 de
2072 1267 2167 1323 his
2223 1268 2401 1324 etiam
2451 1268 2736 1323 invenies.
2781 1271 2923 1324 Nam
2978 1268 3037 1323 in
3096 1268 3408 1339 Evangelia
3459 1268 3631 1338 juxta

1974 1356 2313 1411 Matthasum
2368 1357 2440 1411 de
2483 1357 2719 1412 Domini
2765 1354 3190 1412 afﬂictionibus
3253 1356 3422 1412 nullo
3488 1372 3632 1429 pras-

1972 1445 2266 1513 termisso,
2318 1460 2549 1518 suaque
2593 1446 2741 1502 serie
2803 1446 3076 1502 omnium
3128 1451 3332 1503 exacte
3372 1446 3515 1502 data
3544 1450 3632 1501 est

1970 1532 2396 1606 interpretatio.

2044 1622 2201 1677 Vers.
2267 1623 2356 1678 34.
2415 1623 2581 1678 Jesus
2648 1627 2841 1680 autem
2914 1653 2985 1667 —-
3036 1625 3262 1680 remitte
3317 1623 3461 1678 illis.
3525 1622 3630 1678 Pro

1970 1711 2426 1767 crucifixoribus
2495 1712 2716 1767 Judaeis
2798 1728 2998 1778 orans,
3078 1717 3366 1784 tanquam
3424 1712 3631 1775 homo,

226 1799 488 1864 ὑπέδειξε
552 1811 667 1866 τοῖς
719 1804 1009 1880 ἀνθρώποις
1060 1810 1219 1860 τύπον
1270 1818 1359 1869 τῆς
1433 1810 1503 1873 εἰς
1561 1815 1678 1873 τοὺς
1738 1809 1853 1866 ἀδι-

1974 1801 2411 1873 compassionis
2468 1802 2724 1857 formam
2785 1800 3132 1857 hominibus
3180 1801 3629 1867 demonstravit,

225 1896 295 1950 κή
308 1910 520 1954 σαντας
551 1897 903 1965 συμπαθείας.

308 2070 640 2143 Ἠπόρησαν
712 2067 774 2124 δέ
819 2092 965 2143 τινες,
1021 2075 1120 2139 ὅτι,
1182 2073 1265 2126 ἐὰν
1318 2073 1501 2147 ἀφείθη
1579 2078 1760 2141 αὐτοῖς
1824 2082 1853 2139 ἠ

222 2159 509 2233 ἁμαρτία,
569 2169 671 2222 πῶς
715 2158 787 2214 δι’
842 2162 999 2220 αὐτὴν
1052 2163 1265 2237 ὕστερον
1322 2162 1693 2236 παρεδόθησαν
1750 2177 1860 2231 τοίς

212 2246 531 2322 Ῥωμαίοις
580 2249 650 2312 εἰς
706 2249 1094 2325 πανωλεθρίανς
1158 2256 1286 2327 Πρὸς
1344 2254 1433 2316 οῦς
1492 2254 1719 2329 λέγομεν,
1778 2259 1858 2310 ὅτι

217 2338 329 2411 οὐχ
385 2339 544 2413 ύπὶρ
598 2341 801 2392 πάντων
858 2342 888 2397 ἡ
953 2346 1228 2415 προσευχὴ
1288 2346 1510 2414 γέγονεν,
1564 2344 1670 2397 ἀλλ’
1731 2348 1856 2422 ύπὶρ

222 2433 399 2503 μόνων
478 2435 591 2479 τῶν
660 2432 946 2502 περαιτέρω
1001 2426 1166 2502 μηδέν
1234 2450 1285 2483 τι
1348 2436 1853 2506 κακουργησάντωνο

225 2521 349 2571 ὅσοι
417 2513 496 2570 δὶ
554 2519 683 2588 μετὰ
739 2524 911 2582 τοῦτο,
967 2525 1059 2570 τοῦ
1117 2518 1262 2576 ἡλίου
1332 2524 1710 2588 σκοτισθέντος,
1770 2530 1858 2577 καὶ

227 2615 325 2660 τοῦ
380 2608 871 2679 καταπετάσματος
924 2609 1260 2677 σχισθέντος,
1311 2614 1400 2660 καὶ
1460 2618 1552 2671 τῆς
1607 2619 1707 2681 ’γῆς
1752 2631 1855 2664 σειο

232 2698 492 2757 σθείσης,
528 2698 617 2746 καὶ
658 2703 755 2746 τῶν
789 2703 987 2768 πετρῶν
1030 2698 1382 2767 σχισθεισῶν,
1436 2704 1525 2750 καὶ
1567 2708 1666 2751 τῶν
1696 2700 1858 2752 ἄλλων

238 2787 484 2856 σημείων
542 2790 641 2833 τῶν
686 2786 821 2834 κατὰ
876 2788 971 2842 τὴν
1028 2782 1319 2837 ἀνάστασιν
1378 2786 1539 2838 αὐτοῦ
1605 2788 1858 2841 τελεσθέν-

238 2892 368 2935 των,
443 2872 757 2945 προσέθεντο
814 2879 876 2944 τῇ
935 2878 1181 2948 πονηρίᾳ,
1259 2879 1349 2926 καὶ
1412 2879 1628 2952 τυχηρὰ
1691 2887 1858 2931 ταῦτα

243 2960 610 3031 λογισάμενοι,
687 2964 959 3023 κακοήθως
1038 2961 1468 3036 ἐσυκοφάντησαν
1554 2972 1648 3025 τὴν
1718 2970 1855 3021 θείαν

252 3048 571 3113 ἀνάστασιν,
631 3049 735 3122 ούχ
792 3050 918 3125 ύπὲρ
966 3055 1158 3104 τούτων
1205 3054 1576 3127 προσηύξατο·
1634 3053 1719 3110 διὸ
1768 3064 1857 3111 καὶ

253 3138 406 3191 οὗτοι
431 3138 632 3199 πάντως
669 3137 1038 3213 παρεδόθησαν
1068 3149 1171 3202 τοῖς
1201 3140 1427 3217 ἐχθροῖς.

328 3226 410 3277 Ού
467 3229 566 3301 γὰρ
617 3257 688 3268 -
734 3238 967 3282 ποιοῦσι.
1023 3238 1106 3302 Τῷ
1159 3234 1327 3304 φθόνῳ
1374 3236 1664 3305 μεθύοντες.
1713 3240 1856 3301 Τινὲς

254 3311 317 3367 δέ
362 3335 558 3387 φασιν⁸
619 3319 689 3380 ὡς
744 3318 849 3390 οὐχ
900 3320 1028 3395 ὑπὲρ
1080 3328 1181 3372 τῶν
1212 3317 1507 3387 Ἰουδαίων,
1565 3323 1670 3376 ἀλλ’
1730 3327 1855 3400 ὑπερ

248 3412 354 3456 τῶν
416 3407 853 3478 ὑπηρετησάντων
904 3417 966 3481 τῇ
1023 3415 1319 3482 σταυρώσει
1376 3411 1535 3465 αὐτοῦ
1593 3412 1855 3487 Ῥωμαίων

252 3503 590 3566 στρατιωτῶν
662 3501 756 3554 τὴν
810 3503 1116 3571 προσευχὴν
1175 3498 1496 3559 ἰποιησατο·
1552 3503 1696 3556 οὗτοι
1754 3508 1853 3579 γὰρ

248 3586 588 3635 παντάπασιν
635 3585 875 3656 ἠγνόουν,
916 3589 1018 3640 ὅσα
1044 3594 1160 3662 περί
1186 3590 1346 3643 αὐτοῦ
1376 3598 1798 3667 προανεφὼνησεν
1828 3598 1853 3648 ὀ

247 3673 408 3739 νόμος
438 3678 525 3724 καὶ
557 3676 605 3726 οἱ
629 3683 913 3749 προφῆται.

324 3763 608 3834 Θεὼρησον
680 3761 738 3817 δε
790 3766 871 3817 ὅτι
942 3765 1111 3819 ὀπίσω
1185 3771 1277 3840 μὶν
1341 3769 1609 3832 εἰπόντος’
1684 3775 1850 3851 Πάτερ

247 3866 371 3919 μου,
436 3849 479 3902 εἰ
526 3851 584 3903 ού
642 3852 753 3923 (80)
804 3850 1025 3907 δύναται
1068 3863 1219 3909 τοῦτο
1264 3860 1321 3909 τό
1366 3863 1615 3932 ποτήριον
1658 3849 1853 3935 παρελέ

252 3938 358 3990 θεῖν
414 3937 500 3993 ἀπ’
550 3940 695 4013 ἐμοῦ,
765 3945 1035 4014 γενηθήτω
1088 3948 1146 3997 τὸ
1206 3946 1403 4019 θέλημά
1476 3967 1609 4001 σου·
1663 3951 1848 4013 θελητὴ

248 4034 322 4096 τῷ
371 4034 538 4104 Πατρὶ
588 4035 821 4102 φαίνεται
867 4034 896 4089 ἠ
946 4038 1120 4104 σφαγὴ
1172 4043 1261 4086 τοῦ
1322 4038 1481 4088 Υἱοῦ·
1534 4035 1752 4093 ενταῦθα
1792 4038 1852 4095 δὲ

248 4114 523 4186 λέγοντος’
587 4121 777 4193 Πάτερ,
843 4122 964 4192 ἄφες
1015 4121 1208 4188 αὐτοῖς,
1281 4122 1559 4187 ἀθίλητοςο
1632 4128 1691 4181 ού
1746 4134 1848 4203 γὰρ

249 4206 312 4256 ἄν
380 4205 753 4279 ἐξεμειλίσσετο
820 4214 913 4268 τήν
966 4208 1156 4263 ἐκείνου
1228 4217 1361 4266 κατά
1408 4224 1506 4268 τῶν
1564 4222 1849 4289 μιαιφόνων

248 4293 432 4368 ὀργήν.
490 4301 553 4349 Τί
604 4293 691 4350 οὖν
738 4296 877 4350 ἔστιν
930 4299 1124 4367 εἰπείν;
1179 4300 1297 4355 Ὀτι
1350 4306 1468 4356 καθ’
1516 4305 1702 4363 ἑαυτὴν
1758 4309 1846 4379 μεν

249 4381 492 4445 ἀθέλητος
523 4382 603 4443 ἦν.
657 4383 749 4439 διὰ
802 4384 861 4441 δε
907 4393 1001 4447 τὴν
1046 4392 1295 4465 ἡμετέραν
1328 4399 1585 4467 σωτηρίαν
1643 4394 1843 4455 θελητή.

249 4474 493 4549 Καθάπερ
538 4480 625 4527 καὶ
674 4478 767 4538 τὰς
821 4475 1073 4550 ἀριστέως
1116 4479 1321 4552 πληγὰς
1351 4484 1466 4535 καθ’
1522 4481 1709 4545 ἕαυτὰς
1755 4488 1845 4556 μεν

248 4556 433 4623 ἀηδεῖς
478 4565 769 4637 ἡγούμεθα,
812 4563 905 4619 διὰ
935 4563 994 4620 δε
1040 4572 1132 4626 τὴν
1162 4572 1298 4622 κατὰ
1347 4580 1447 4622 τῶν
1505 4570 1709 4646 ἔχθρῶν
1751 4573 1844 4625 ἀν-

248 4646 562 4725 δραγαθίαν,
594 4651 798 4717 ἡδείας.

316 4920 740 4993 Διαμεριξόμενοι
818 4951 886 4962 --
951 4922 1169 4996 θεωρῶν.
1254 4923 1337 4977 Ἑν
1419 4931 1492 4995 τῷ
1554 4921 1842 5000 προδιαλη-

244 5008 417 5079 φθέντι
474 5008 728 5081 κεφαλαίῳ
787 5017 877 5063 τοῦ
926 5014 1061 5063 κατὰ
1129 5014 1397 5066 Ματθαίον
1453 5013 1685 5074 ζήτησον
1746 5019 1841 5074 τὴν

244 5094 493 5167 ἐξήγησιν
566 5106 695 5150 τοῦ·
766 5104 1161 5173 Σταυρώσαντες
1236 5100 1296 5154 δὲ
1353 5101 1528 5169 αὐτὸν,
1612 5100 1838 5179 διεμερί-

244 5203 398 5237 σαντο
487 5187 553 5238 τά
654 5188 837 5258 ἱμάτια
946 5187 1126 5259 αὐτοῦ,
1220 5189 1491 5263 βάλλοντες
1599 5191 1786 5265 κλῆρον
1816 5211 1831 5227 ·

242 5275 361 5326 ἱνθα
400 5272 575 5336 λύσεις
624 5273 987 5351 ἀνεγράφησαν
1039 5283 1331 5355 χαρίεσσαι
1360 5280 1473 5353 (8i)
1520 5283 1832 5355 ζητημάτων

242 5359 542 5434 ἀξιολόγων,

313 5458 360 5495 ⁸³
381 5459 582 5517 Matth.
602 5476 764 5529 xui,
795 5465 885 5521 42.

654 5188 837 5258 ἱμάτια

963 5464 1010 5501 ³³
1044 5464 1247 5524 Matth.
1271 5481 1454 5536 xxvn,
1485 5470 1575 5525 35.

1968 1905 2156 1962 quam
2189 1906 2329 1961 erga
2360 1889 2491 1946 illos
2540 1890 2763 1947 habere
2804 1895 3057 1963 oportet,
3098 1888 3197 1964 qui
3236 1889 3633 1963 ipsosinjuria

1970 1978 2284 2036 atﬁcerent.

2040 2068 2475 2125 Dubitaverunt
2520 2072 2721 2126 autem
2770 2067 3037 2142 quidam,
3082 2073 3323 2141 sumpta
3359 2067 3499 2125 hinc
3528 2084 3633 2125 oc-

1967 2157 2228 2213 casione.
2277 2157 2334 2213 Si
2382 2159 2539 2213 enim
2594 2158 2910 2215 remissum
2965 2164 3089 2214 erat
3145 2158 3233 2213 eis
3291 2161 3627 2229 peccatum,

1966 2246 2275 2319 quomodo
2303 2246 2690 2318 postmodum
2741 2247 3027 2304 Romanis
3073 2247 3148 2303 ob
3171 2246 3317 2303 illud
3345 2246 3420 2302 ad
3453 2246 3630 2303 inter-

1968 2335 2279 2390 necionem
2303 2335 2494 2391 traditi
2533 2336 2720 2391 sunt?
2744 2335 2970 2401 Quibus
2996 2351 3108 2391 nos
3130 2334 3413 2401 dicimus,
3459 2334 3628 2409 quod

1969 2439 2088 2479 non
2121 2439 2231 2496 pro
2270 2424 2553 2481 omnibus
2610 2425 2873 2497 precatio
2914 2425 3071 2481 facta
3100 2429 3208 2490 est,
3258 2424 3361 2480 sed
3394 2440 3498 2497 pro
3535 2423 3629 2479 his

1967 2512 2260 2570 dunxatat
2318 2514 2422 2587 qui
2470 2513 2616 2569 nihil
2670 2515 2813 2569 mali
2870 2513 3155 2585 deinceps
3234 2513 3630 2586 perpetraturi

1967 2606 2153 2657 erant.
2212 2604 2319 2668 Qui
2367 2618 2505 2659 vero
2558 2618 2685 2658 cum
2728 2603 2817 2658 sol
2873 2603 3311 2669 obscuraretur,
3346 2610 3402 2658 et
3432 2602 3627 2659 velum

1968 2691 2355 2757 scinderetur,
2430 2697 2704 2763 terraque
2762 2696 3253 2757 commoveretur,
3315 2706 3385 2747 ac
3452 2696 3630 2763 petra

1967 2778 2349 2848 ﬁnderentur,
2416 2781 2653 2852 aliaque
2705 2780 2870 2851 signa
2922 2781 2982 2835 in
3035 2780 3461 2835 resurrectione
3501 2780 3627 2850 ejus

1968 2867 2195 2935 ﬁerent,
2229 2868 2514 2925 malitiam
2554 2867 2931 2935 addiderunt,
2968 2874 3025 2926 et
3065 2868 3303 2925 fortuita
3344 2868 3470 2925 hinc
3497 2884 3630 2926 esse

1966 2958 2312 3028 cogitantes,
2326 2957 2545 3014 divinas
2557 2958 2969 3015 resurrectioni
2984 2959 3348 3015 calumniam
3368 2958 3628 3028 maligne

1968 3053 2352 3104 struxerunt:
2407 3063 2525 3102 non
2588 3063 2697 3120 pro
2750 3047 2842 3103 his
2885 3049 3095 3116 oravit,
3145 3048 3281 3105 ideo
3338 3048 3520 3104 etiam
3568 3047 3628 3104 hi

1966 3136 2217 3192 omnino
2258 3135 2453 3191 traditi
2516 3143 2653 3192 sunt
2714 3136 2983 3193 inimicis.

2037 3232 2197 3288 Vers.
2226 3236 2313 3290 3i.
2355 3233 2488 3290 Non
2520 3236 2675 3290 enim
2696 3262 2766 3277 -
2790 3236 3050 3304 faciunt.
3085 3234 3315 3291 Invidia
3356 3233 3626 3290 videlicet

1966 3321 2289 3378 temulenti.
2320 3322 2571 3388 Quidam
2603 3338 2740 3378 vero
2779 3323 3005 3393 dicunt,
3053 3324 3217 3395 quod
3244 3338 3365 3379 non
3393 3338 3505 3395 pro
3526 3323 3623 3379 Ju-

1962 3409 2124 3475 daeis,
2159 3409 2268 3467 sed
2324 3427 2427 3483 pro
2475 3411 2759 3467 Romanis
2816 3410 3123 3477 militibus,
3169 3412 3273 3484 qui
3342 3411 3400 3466 in
3434 3412 3627 3468 cruci-

1963 3498 2177 3554 ﬁxione
2242 3499 2801 3565 subministrabant,
2843 3501 3175 3557 orationem
3236 3498 3438 3557 fecerit
3492 3514 3508 3568 ;
3558 3500 3624 3557 hi

1962 3588 2123 3645 enim
2161 3589 2532 3659 ignorabant,
2580 3605 2709 3662 quas
2755 3589 2830 3644 de
2869 3589 3001 3662 ipso
3056 3588 3151 3645 lex
3202 3605 3269 3645 ac
3316 3588 3624 3661 prophetas

1961 3678 2386 3750 prtedixerant.

2033 3767 2352 3823 Considera
2396 3770 2618 3834 autem,
2653 3766 2819 3839 quod
2862 3766 3120 3823 dicendo
3144 3766 3204 3822 in
3237 3767 3626 3839 prrscedenti—

1959 3855 2070 3910 bus
2111 3874 2125 3914 :
2156 3857 2340 3912 Pater
2361 3856 2463 3919 mi,
2487 3854 2538 3909 si
2567 3869 2676 3911 non
2702 3862 2879 3927 potest
2909 3855 3018 3912 hoc
3055 3856 3339 3925 poculum
3368 3856 3623 3912 transire

1957 3961 1992 3999 a
2020 3960 2126 4008 me,
2156 3944 2266 4013 ﬁat
2317 3945 2584 4001 voluntas
2617 3952 2716 4000 tua
2756 3945 2826 4011 ⁸³,
2873 3943 3105 4000 videtur
3134 3944 3324 3999 cades
3376 3942 3504 3999 Filii
3533 3960 3622 4000 se-

1958 4032 2225 4089 cundum
2254 4032 2437 4089 Patris
2469 4032 2597 4090 ﬂeri
2640 4033 3006 4089 voluntatem
3036 4046 3052 4099 ;
3092 4048 3253 4089 nunc
3279 4048 3439 4099 vero,
3481 4049 3620 4089 cum

1957 4120 2163 4178 dicat:
2204 4122 2408 4187 Pater,
2452 4122 2679 4178 remitte
2730 4122 2882 4193 illis,
2923 4122 3159 4178 videtur
3206 4129 3418 4179 contra
3464 4121 3620 4178 illius

1956 4211 2084 4266 ﬁeri
2125 4210 2490 4267 voluntatem
2527 4227 2540 4276 ;
2595 4227 2789 4283 neque
2844 4210 3004 4267 enim
3048 4210 3199 4267 alias
3246 4212 3397 4268 iram
3427 4212 3617 4284 ipsius

1956 4300 2271 4371 mitigaret,
2306 4316 2494 4372 quam
2534 4306 2740 4356 contra
2794 4300 3129 4356 homicidas
3154 4300 3438 4357 habebat.
3466 4300 3613 4367 Quid

1956 4404 2095 4460 ergo
2124 4388 2440 4445 dicendum
2497 4396 2586 4446 est
2608 4388 2637 4445 ?
2668 4390 2840 4455 Quod
2878 4391 2939 4446 in
2991 4405 3053 4445 se
3074 4390 3313 4463 quidem
3344 4390 3615 4447 involun-

1956 4479 2102 4533 taria
2126 4484 2271 4547 erat,
2313 4485 2556 4551 propter
2607 4485 2874 4534 nostram
2934 4483 3132 4535 tamen
3181 4478 3434 4534 salutem
3490 4484 3617 4538 erat

1955 4565 2317 4622 voluntaria.
2358 4565 2877 4632 Quemadmodum
2906 4571 2960 4620 et
3000 4565 3222 4621 strenui
3254 4564 3458 4620 militis
3494 4564 3617 4636 pla-

1954 4669 2080 4723 gas,
2109 4654 2167 4709 in
2200 4670 2263 4709 se
2286 4654 2693 4710 consideratas
2745 4652 2995 4708 acerbas
3033 4653 3334 4719 ducimus,
3376 4658 3614 4725 propter

1952 4742 2360 4797 strenuitatem
2384 4747 2582 4798 tamen
2603 4756 2790 4813 quam
2813 4740 3101 4796 adversus
3122 4740 3392 4796 inimicos
3413 4745 3616 4799 osten-

1950 4829 2059 4900 dit,
2086 4830 2341 4886 dicimus
2374 4846 2502 4885 esse
2543 4846 2785 4887 suaves.

2022 4926 2187 4983 Vers.
2236 4929 2325 4984 34.
2403 4926 2729 4983 Dividentes
2801 4955 2873 4967 —
2951 4925 3113 4982 Vers.
3179 4927 3270 4984 35.
3331 4932 3610 4998 spectans.

1950 5016 2243 5076 Przedicto
2266 5015 2561 5089 Evangelii
2589 5016 2763 5087 juxta
2793 5015 3131 5072 Matthasum
3183 5016 3375 5088 capite
3413 5031 3615 5087 quaere

1949 5105 2083 5161 dicti
2141 5104 2294 5160 illius
2341 5104 2931 5175 interpretationem:
3013 5104 3256 5177 Cumque
3290 5104 3615 5174 crueiﬂzis.

1942 5202 2064 5252 sent
2088 5210 2229 5260 eum,
2290 5194 2617 5251 diviserunt
2664 5194 3007 5251 vestimenta
3056 5196 3181 5265 eius
3223 5198 3430 5251 sortem
3490 5196 3616 5251 mit-

1942 5290 2123 5342 tentes
2154 5284 2223 5351 ⁸³,
2281 5283 2381 5340 ubi
2430 5282 2695 5356 pulchrae
2725 5284 2882 5339 datae
2942 5288 3082 5339 sunt
3144 5283 3492 5355 solutiones,
3533 5284 3614 5343 ad

1943 5371 2299 5446 quastiones
2333 5387 2468 5446 quas
2505 5372 2969 5446 responsionem
3035 5377 3358 5433 merentur.

1477 5608 1696 5683 Variae
1726 5610 2055 5683 lectiones
2087 5622 2154 5682 et
2178 5623 2383 5684 notas.

309 5723 421 5805 (so)
454 5731 498 5782 ο
536 5723 786 5791 demittit
811 5728 877 5792 Β.

2010 5738 2126 5819 (81)
2145 5743 2402 5820 Χαρίεσαι
2428 5736 2618 5800 codex
2651 5742 2923 5820 uterque.
