4144 6314
610 319 744 378 1091

617 534 924 590 ltlatthaaus
992 549 1133 588 vero
1188 532 1330 588 dicit
1388 555 1400 588 :
1461 534 1577 600 Qui
1612 543 1806 590 autem
1869 537 2273 604 prwteribant,

615 624 866 679 convicia
885 622 1197 693 jaciebant
1244 623 1302 676 in
1340 637 1467 678 eum
1504 624 1570 693 3‘,
1605 630 1657 678 et
1691 629 1921 688 caetera,
1957 625 2062 679 ubi
2099 623 2274 680 latius

614 712 845 767 dictum
887 718 993 766 est.
1045 711 1323 767 Similiter
1376 718 1576 766 autem
1629 719 1686 768 et
1729 713 1803 767 de
1834 719 2003 769 aceto
2033 731 2103 769 ac
2143 713 2275 768 felle

613 802 872 873 vinoque
912 799 1241 870 myrrhato,
1283 799 1343 854 in
1383 799 1482 856 illo
1513 801 1706 873 capite
1767 801 1844 858 ad
1872 801 2122 858 verbum
2158 801 2276 858 elu-

615 891 886 947 cidatum
917 896 1028 945 est.

694 980 859 1034 Vers.
893 979 982 1034 38.
1009 979 1150 1034 Erat
1181 985 1374 1035 autem
1430 1007 1487 1020 -
1518 979 1870 1036 Judaeorum.
1896 981 1958 1035 In
1985 996 2056 1036 eo
2081 981 2276 1052 capite

615 1067 796 1125 etiam
823 1067 898 1124 de
949 1067 1042 1124 his
1089 1072 1294 1123 exacte
1342 1067 1661 1125 dissertum
1716 1077 1817 1135 est,
1881 1070 1982 1125 ubi
2025 1070 2273 1126 dicitur:

615 1156 692 1213 Et
753 1157 1161 1227 imposuerunt
1217 1172 1392 1225 super
1433 1165 1607 1226 caput
1647 1160 1766 1227 ejus
1818 1174 2054 1216 causam
2094 1160 2274 1228 ipsius

613 1247 934 1316 scriptam:
966 1246 1082 1302 Hic
1110 1248 1189 1300 est
1216 1247 1385 1304 Jesus
1414 1262 1520 1303 rex
1559 1248 1888 1304 Judaaorum
1919 1249 1986 1303 ⁸⁵.

828 1424 988 1481 CAP.
1025 1425 1243 1482 LXXXI.
1272 1427 1356 1482 De
1403 1427 1655 1482 latronis
1690 1426 2055 1496 paenitentia.

686 1514 848 1570 Vers.
907 1518 995 1570 39.
1051 1515 1208 1570 Unus
1258 1546 1326 1554 —
1374 1516 1534 1570 Vers.
1562 1516 1654 1570 41.
1706 1517 1902 1586 gessit.
1959 1519 2181 1572 Rursus
2210 1516 2270 1571 in

609 1603 712 1660 illo
759 1605 841 1660 ait
893 1604 1197 1661 Mattheeus
1249 1605 1366 1659 :Id
1415 1605 1600 1674 ipsum
1649 1611 1842 1660 autem
1888 1609 1939 1659 et
1993 1607 2266 1671 latrones,

609 1696 705 1765 qui
747 1694 1020 1762 cruciﬁxi
1072 1697 1242 1749 erant
1310 1711 1440 1750 cum
1504 1709 1567 1750 eo
1613 1694 2055 1762 exprobrabant
2099 1695 2154 1751 ei
2196 1696 2264 1761 ⁸⁸,

1975 310 2328 375 EUTHYMII
2365 303 2716 386 ZIGABENI

688 444 863 500 νει-ε.
926 444 1014 500 33.
1045 438 1135 498 Et
1185 440 1519 500 deridebant
1570 472 1636 484 —
1685 440 1850 499 Vers.
1892 444 1979 501 37.
2031 446 2274 516 teipsum
2306 445 2356 500 Α

3875 321 4003 382 1092

2463 445 2895 522 Ἐξεμυκτὴριζον
2983 445 3043 500 δί
3108 480 3175 492 -
3266 453 3500 504 σεαυτόν.
3591 454 3874 513 Ματθαῖος
3947 452 4000 507 δέ

2392 556 2549 608 φησιν
2580 553 2591 564 ·
2635 540 2700 590 Οἱ
2740 535 2798 590 δε
2857 544 3334 612 παραπορευόμενοι
3396 539 3774 613 ἐϐλασφήμουν
3831 544 3994 610 αύτόνῼ

2388 631 2478 678 καὶ
2531 628 2597 678 τὰ
2643 627 2779 690 ἑξῆς,
2835 629 2956 679 ἔνθα
3003 627 3316 702 πλατύτερον
3383 632 3606 703 εἴρηται.
3646 629 3888 702 Ὁμοίως
3944 631 3993 686 δὲ

2387 719 2476 766 καὶ
2501 719 2620 790 περὶ
2663 724 2754 768 τοῦ
2783 716 2930 779 ὄξους
2959 721 3049 768 καὶ
3079 725 3173 778 τῆς
3204 717 3392 789 χολῆς,
3438 723 3529 772 καὶ
3571 726 3663 771 τοῦ
3717 718 3994 793 ὶσμυρνισο

2385 808 2538 876 μένου
2598 808 2735 856 οἴνου
2797 803 2845 857 ἐν
2929 804 3100 878 ἐκείνῳ
3169 816 3240 878 τῷ
3318 807 3578 881 κεφαλαίῳ
3641 811 3790 861 κατὰ
3854 810 3988 882 λόγον

2386 890 2420 944 δ
2427 897 2684 967 ιασεσάφη
2693 914 2799 946 ται.

2455 982 2550 1034 Ἦν
2596 980 2655 1034 δὲ
2685 1015 2749 1024 -
2778 979 3070 1037 Ἰουδαίων.
3107 985 3188 1039 Ἐν
3213 993 3284 1056 τῷ
3331 989 3552 1058 τοιούτῳ
3589 987 3865 1060 κεφαλαίῳ
3911 996 3982 1041 καὶ

2383 1076 2501 1143 περὶ
2544 1075 2736 1124 τούτων
2773 1071 3203 1148 ἠκριϐολόγηται,
3250 1076 3370 1128 ἔνθα
3395 1083 3564 1128 κεῖται
3595 1083 3650 1128 τό
3681 1093 3694 1105 ·
3755 1084 3860 1131 Καὶ
3888 1078 3981 1146 (85}

2384 1159 2637 1218 ἐπέθηκαν
2679 1160 2846 1214 ἐπάνω
2884 1170 2976 1222 τῆς
3028 1163 3248 1235 κεφαλῆς
3277 1163 3434 1216 αὐτοῦ
3483 1170 3578 1224 τήν
3607 1166 3795 1218 αἰτίαν
3840 1167 3980 1218 αὐτοῦ

2381 1254 2778 1324 γεγραμμένην·
2841 1251 3004 1313 Οὗτός
3054 1250 3194 1304 ἐστιν
3251 1253 3460 1316 Ἰησοῦς
3515 1256 3541 1306 ὁ
3591 1253 3855 1327 βασιλεὺς
3899 1264 3980 1306 τῶν

2383 1336 2669 1394 Ἰουδαίων.

2554 1435 2696 1482 ΚΕΦ.
2729 1429 2853 1484 [[A'.
2888 1435 3012 1504 Περὶ
3041 1438 3132 1482 τοῦ
3161 1437 3572 1503 μετανοήσαντος
3591 1431 3828 1505 λῃστοῦ.

2453 1519 2535 1578 Εἷς
2627 1549 2696 1558 --
2761 1518 2964 1590 ἔπραξε.
3057 1519 3216 1572 Πάλιν
3309 1522 3334 1572 ὀ
3428 1523 3746 1582 Ματθαῖος,
3801 1521 3849 1574 ἓν
3924 1531 3980 1592 τῷ

2381 1611 2594 1678 τοιούτῳ
2692 1607 2946 1680 κεφαλαίῳ
3058 1615 3226 1680 φησί·
3332 1613 3401 1662 Τὸ
3501 1607 3552 1662 δ’
3670 1612 3808 1664 αύτό
3901 1617 3976 1661 καὶ

2381 1699 2429 1748 οἱ
2515 1696 2707 1767 λῃσταὶ
2797 1700 2844 1749 οἱ
2942 1700 3386 1772 συσταυρωθέντες
3475 1699 3615 1770 αύτῷ
3721 1697 3977 1762 ὠνείδιζον

614 1783 717 1838 ubi
750 1782 1029 1855 pulchras
1070 1783 1494 1854 proposuimus
1539 1783 2000 1855 ambiguitatum
2031 1783 2265 1840 solutio-

2381 1787 2554 1839 αὐτὸν.
2602 1785 2762 1839 Ἐνθα
2820 1791 2908 1838 καὶ
2969 1787 3062 1845 τήν
3123 1787 3271 1839 λύσιν
3332 1787 3496 1848 καλῶς
3551 1791 3795 1861 ἔχουσαν
3836 1789 3973 1852 ἐξεϐέ-

612 1887 740 1928 nes.
777 1873 1231 1927 Damnationem
1259 1879 1457 1928 autem
1497 1888 1654 1928 nunc
1684 1878 1856 1929 vocat
1879 1872 2180 1929 Judicium
2213 1880 2269 1929 et

614 1961 807 2017 crucis
828 1959 1412 2017 condemnationem.

685 2050 852 2106 Vers.
880 2051 968 2104 42.
1014 2051 1079 2104 Et
1122 2080 1188 2092 —
1243 2054 1421 2105 tuum.
1467 2049 1639 2117 Quod
1693 2050 2265 2123 supramundanum

612 2145 723 2196 est.
750 2142 900 2197 Nam
927 2138 1244 2195 verisimile
1290 2144 1380 2194 est
1425 2155 1563 2194 eum
1600 2156 1845 2212 quoque
1871 2140 2170 2195 audivisse
2191 2140 2266 2196 de

611 2245 888 2285 sermone
915 2244 1097 2300 quem
1127 2228 1205 2285 ad
1231 2228 1483 2284 Pilatum
1507 2229 1730 2285 dixerat
1755 2231 2055 2300 :Regnum
2081 2245 2268 2286 meum

609 2335 729 2375 non
757 2325 837 2376 est
873 2333 944 2376 ex
969 2318 1074 2374 hoc
1099 2318 1315 2374 mundo
1341 2317 1410 2370 ⁸⁷.

678 2408 839 2464 Vers.
871 2410 958 2463 43.
983 2409 1050 2462 Et
1076 2437 1144 2448 —
1187 2407 1482 2474 paradiso.
1541 2407 1854 2472 Quomodo
1911 2413 2143 2479 petente
2174 2407 2264 2464 la-

610 2502 777 2554 trone
809 2497 902 2552 sui
949 2495 1296 2552 memoriam
1326 2496 1386 2550 in
1436 2511 1623 2566 regno
1653 2497 1972 2553 Salvatoris
2002 2498 2261 2570 assequi,

607 2587 733 2659 ipse
784 2585 949 2643 aliud
1003 2584 1315 2657 quiddam,
1376 2585 1541 2656 quod
1595 2601 1780 2656 supra
1825 2585 1887 2641 id
1943 2591 2068 2642 erat
2124 2586 2262 2658 (aa),

607 2675 899 2750 promisit,
942 2675 1460 2730 conversationem
1511 2675 1778 2731 videlicet
1829 2676 1888 2730 in
1919 2675 2200 2747 paradiso
2237 2677 2266 2729 ἲ

607 2765 760 2831 Quia
804 2764 977 2830 latro,
1034 2763 1320 2832 ignorans
1375 2763 1539 2835 quod
1588 2769 1741 2819 esset
1790 2764 1914 2834 ejus
1982 2780 2260 2833 regnum,

605 2870 727 2910 non
762 2854 839 2909 ad
887 2853 1348 2908 determinatum
1407 2852 1634 2925 aliquid
1665 2859 1722 2906 et
1761 2853 2063 2922 cognitum
2113 2853 2260 2909 fece-

605 2948 700 3000 rat
727 2943 1096 3013 petitionem.
1130 2942 1245 2996 Sed
1277 2941 1472 2997 solum
1504 2958 1610 3012 per
1657 2942 2008 3012 hujusmodi
2035 2943 2262 3014 petitio-

604 3047 745 3088 nem
777 3029 1147 3102 precabatur,
1171 3029 1475 3086 utbonum
1498 3029 1742 3102 aliquod
1774 3037 2257 3103 consequeretur.

2377 1877 2528 1948 μεθα.
2565 1880 2740 1949 Κρίμα
2779 1871 2836 1928 δὲ
2865 1883 2951 1926 νῦν
2979 1875 3113 1948 λέγει
3142 1880 3234 1934 τὴν
3282 1874 3574 1935 καταδίκην
3624 1883 3728 1936 τὴν
3763 1875 3858 1930 διὰ
3896 1886 3973 1930 τού

2377 1972 2627 2038 σταυροῦ.

2449 2059 2548 2108 Καὶ
2596 2085 2664 2094 -
2729 2073 2844 2106 σου.
2901 2060 2975 2127 Τῇ
3039 2055 3397 2130 ύπερκοσμίῳ.
3459 2056 3606 2117 Εἰκὸς
3667 2059 3774 2129 γὰρ
3831 2056 3970 2108 αὐτὸν

2374 2147 2554 2218 μαθεῖν
2621 2148 2712 2196 καὶ
2764 2147 2851 2196 τὸν
2899 2143 3069 2214 λόγον,
3131 2146 3185 2196 ὃν
3235 2141 3343 2197 εἶπε
3398 2149 3524 2219 πρὸς
3577 2146 3809 2200 Πιλάτον
3837 2165 3849 2178 ·
3902 2149 3965 2198 ὅτι

2372 2234 2429 2286 'll
2494 2231 2741 2306 βασιλεία
2817 2235 2847 2290 ἡ
2935 2231 3028 2306 ἐμὴ
3099 2233 3194 2286 οὐκ
3249 2236 3389 2286 ἔστιν
3463 2233 3519 2286 ἐκ
3604 2243 3702 2288 τοῦ
3785 2239 3964 2306 κόσμου

2373 2326 2580 2380 τούτου.

2447 2417 2548 2466 Καὶ
2603 2442 2672 2452 -
2722 2407 3051 2484 παραδείσῳ.
3113 2418 3226 2472 Πῶς
3277 2410 3612 2484 αἰτησαμένῳ
3681 2421 3753 2483 τῷ
3811 2411 3957 2484 λῃστῇ

2373 2508 2582 2575 μνήμης
2638 2508 2822 2573 τυχεῖν
2875 2499 2922 2552 ἐν
2977 2508 3040 2573 τῇ
3085 2499 3333 2574 βασιλείᾳ
3388 2509 3480 2554 τοῦ
3536 2509 3777 2575 Σωτῆρος
3828 2501 3957 2560 αὐτὸς

2373 2591 2540 2666 ἕτερόν
2589 2609 2642 2642 τι
2667 2591 2790 2664 παρ’
2850 2589 3012 2648 αύτὴν
3071 2588 3434 2662 ἐπηγγείλατο,
3487 2595 3580 2648 τὴν
3614 2589 3762 2661 ἕντῷ
3810 2608 3954 2660 παρα-

2375 2676 2536 2750 δείσῳ
2594 2675 2912 2752 διατριϐήν;
2972 2683 3114 2731 Διότι
3161 2681 3186 2731 ὁ
3245 2683 3336 2751 μὲν
3374 2678 3600 2751 λῃστὴς,
3663 2679 3847 2752 ἀγνοῶν
3886 2682 3949 2738 τίς

2373 2770 2512 2819 ἐστιν
2563 2770 2593 2824 ἡ
2648 2766 2895 2839 βασιλεία
2943 2767 3125 2836 αὐτοῦ,
3183 2767 3243 2820 ού
3287 2771 3416 2842 πρὸς
3457 2770 3744 2840 ὡρισμένον
3785 2788 3834 2819 τι
3875 2771 3946 2817 καὶ

2369 2862 2628 2928 γνώριμον
2694 2856 2974 2915 ἐποιήσατο
3053 2861 3147 2914 τὴν
3215 2860 3442 2920 αἰτησιν,
3519 2855 3656 2910 ἀλλὰ
3721 2854 3806 2912 διὰ
3871 2862 3941 2913 τῆς

2370 2949 2613 3006 τοιαύτης
2691 2946 2942 3007 αἰτήσεως
3020 2950 3173 3018 μόνον
3259 2948 3487 2998 ἱκέτευσε

2372 3033 2609 3106 ἀγαθοῦο
2663 3037 2690 3087 ὁ
2740 3032 2799 3087 δε
2859 3038 3108 3107 Χριστὸς,
3166 3031 3316 3096 εἰδὼς
3375 3038 3462 3087 τὸν
3521 3041 3719 3089 σκοπὸν
3787 3035 3926 3094 αὖτού,

3569 2954 3752 3020 τυχεῖν
3825 2963 3934 3004 τινος

605 3120 874 3178 Christus
905 3135 1067 3184 vero,
1116 3120 1308 3175 sciens
1355 3119 1486 3190 ejus
1535 3119 1943 3185 intentionem,
1987 3120 2261 3191 promisit

2375 3123 2711 3195 ἐπηγγείλατο
2780 3126 2838 3175 τὸ
2895 3119 3084 3176 δοκοῦν
3134 3123 3307 3195 ἐκείνῳ
3363 3132 3461 3176 τῶν
3519 3123 3655 3178 ὅλων
3716 3123 3917 3196 flammai»

601 3209 770 3283 quod
784 3209 866 3265 illi
882 3210 1151 3265 omnium
1177 3209 1625 3279 optatissimum
1645 3207 1979 3264 videbatur.
2007 3213 2261 3266 Noverat

602 3299 764 3355 enim
829 3298 978 3354 latro
1023 3297 1374 3370 paradisum
1427 3314 1458 3353 e
1513 3298 1783 3354 doctrina
1846 3299 2106 3355 Mosaica
2159 3303 2261 3354 :et

601 3394 744 3446 tunc
773 3389 1021 3462 quidem
1049 3388 1213 3445 dedit
1237 3389 1288 3444 ei
1318 3388 1835 3445 conversationem
1865 3389 1926 3444 in
1959 3389 2256 3460 paradiso,

601 3484 894 3551 tanquam
947 3477 1308 3534 arrabonem
1354 3477 1520 3546 regni
1553 3477 1666 3542 sui,
1703 3476 1865 3549 quod
1917 3482 2006 3532 est
2058 3477 2261 3533 fruitio

602 3567 998 3625 ineffabilium
1027 3582 1097 3622 ac
1143 3572 1502 3622 aeternorum
1531 3567 1844 3633 bonorum,
1881 3582 2018 3638 quae
2049 3566 2257 3621 oculus

601 3671 726 3712 non
758 3655 923 3724 vidit,
965 3671 1072 3710 nec
1115 3655 1277 3711 auris
1321 3657 1565 3721 audivit,
1599 3671 1709 3710 nec
1764 3656 1825 3711 in
1865 3672 1967 3712 cor
2005 3655 2258 3712 hominis

598 3744 1003 3803 ascenderunt
1032 3747 1100 3799 ⁸⁸.
1129 3745 1409 3801 Nondum
1436 3745 1596 3800 enim
1627 3744 1928 3817 quispiam
1958 3749 2258 3815 justorum

601 3834 830 3907 accepit
857 3835 1335 3907 promissionem,
1377 3833 1560 3890 veluti
1589 3849 1846 3904 magnus
1884 3834 2081 3890 docuit
2110 3835 2260 3891 Pau-

599 3924 695 3981 lus
725 3924 796 3978 ⁸⁸.
847 3924 1232 3980 Postmodum
1271 3939 1415 3979 vero
1467 3929 1524 3978 et
1565 3922 1680 3978 hoc
1735 3923 1923 3980 tradet
1977 3939 2254 3996 regnum,

599 4019 868 4087 tempore
916 4013 1269 4068 universalis
1307 4012 1720 4068 retributionis.

679 4102 792 4158 Sed
818 4103 1128 4174 quomodo
1160 4101 1304 4157 dixit
1332 4116 1344 4155 :
1387 4102 1568 4156 Hodie
1614 4117 1838 4158 mecum
1865 4101 1982 4159 eris
2013 4103 2259 4172 inpara-

599 4192 753 4248 diso?
806 4190 955 4257 Quia
1004 4195 1295 4262 tanquam
1350 4189 1525 4257 Deus,
1565 4190 1664 4260 qui
1722 4190 1908 4262 replet
1956 4191 2254 4258 universa,

605 4279 828 4352 ubique
846 4278 1024 4334 simul
1055 4283 1180 4335 erat
1208 4284 1264 4334 et
1291 4279 1352 4334 in
1375 4278 1668 4350 sepulcro,
1693 4285 1750 4334 et
1769 4280 1823 4334 in
1845 4279 2096 4348 inferno,
2119 4287 2176 4337 et
2195 4281 2256 4336 in

605 4367 916 4442 paradiso,
952 4374 1007 4424 et
1040 4367 1101 4424 in
1141 4367 1308 4424 caelo.

679 4544 844 4601 Vers.
906 4545 995 4602 44.
1046 4547 1195 4601 Erat
1229 4575 1298 4586 —
1332 4544 1496 4602 Vers.
1527 4546 1615 4602 45.
1660 4545 1766 4603 sol.
1797 4546 1877 4603 De
1904 4547 2019 4603 hoc
2058 4562 2258 4621 quaere

610 4635 898 4710 pradicto
919 4635 1090 4707 juxta
1119 4637 1453 4692 Matthmum
1477 4636 1690 4708 capite.

677 4726 842 4783 νει-ε.
874 4727 963 4783 45.
997 4726 1073 4781 Et
1103 4755 1169 4766 -
1189 4725 1462 4782 medium.
1483 4725 1571 4782 lbi
1594 4741 1836 4798 quoque
1861 4725 1935 4782 de
1960 4726 2074 4782 hoc
2096 4727 2260 4783 inve-

697 4832 744 4871 ε.

595 4831 842 4962 meVers.
871 4907 958 4960 46.
985 4905 1070 4961 Et
1097 4935 1166 4945 —
1186 4903 1533 4974 exspiravit.
1569 4902 1849 4964 Similiter
1871 4904 2048 4961 etiam
2077 4905 2152 4962 ibi
2183 4905 2258 4961 de

602 4996 699 5055 his
747 4994 972 5051 dictum
1009 4998 1114 5059 est,
1167 4992 1269 5050 ubi
1329 4993 1584 5050 habetur
1615 5009 1628 5048 :
1659 4995 1825 5050 Jews
1868 5001 2084 5060 autem,
2136 5011 2259 5052 cum

608 5085 818 5144 iterum
837 5085 1141 5141 clamasset
1163 5097 1294 5140 voce
1323 5098 1559 5154 magna,
1583 5083 1772 5139 emisit
1787 5083 2067 5153 spiritum
2087 5086 2158 5141 9°.
2199 5086 2264 5142 Et

2369 3232 2531 3286 τερον.
2580 3213 2858 3284 Ἐγίνωσκε
2912 3215 3014 3287 γὰρ
3073 3215 3098 3264 ὁ
3151 3212 3352 3285 λῃστὴς
3405 3217 3491 3266 τὸν
3541 3211 3830 3291 παράδεισον
3872 3204 3917 3257 ἐκ

2367 3312 2464 3364 τῆς
2506 3310 2794 3364 Μωσαῖκῆς
2867 3298 3236 3363 διδασκαλίαςο
3301 3307 3402 3355 Καὶ
3446 3307 3565 3356 τότε
3641 3306 3736 3377 μεν
3772 3295 3924 3352 ἔδωκεν

2370 3391 2509 3462 αύτῷ
2556 3396 2648 3450 τὴν
2677 3389 2724 3443 ἐν
2751 3399 2822 3462 τῷ
2882 3388 3188 3463 παραδείσῳ
3241 3387 3536 3463 διαγωγὴν,
3575 3390 3832 3467 ἀρραϐῶνα
3860 3392 3932 3443 τῆς

2370 3479 2644 3554 βασιλείας
2701 3480 2882 3546 αὐτοῦ,
2939 3483 3054 3543 ἣτις
3112 3479 3251 3532 ἐστὶν
3305 3479 3594 3542 ἀπόλαυσις
3649 3479 3740 3533 τῶν
3798 3474 3932 3548 ἀφρά-

2370 3590 2503 3624 στων
2591 3574 2680 3621 καὶ
2781 3569 3000 3620 αἰωνίων
3094 3567 3322 3639 ἀγαθῶν,
3411 3570 3443 3622 ἃ
3525 3569 3782 3642 ὀφθαλμὸς
3856 3561 3936 3613 οὐκ

2368 3655 2492 3726 εἶδε,
2561 3663 2650 3710 καὶ
2710 3655 2793 3719 ούς
2859 3659 2952 3710 ούκ
3013 3661 3226 3725 ἤκουσε,
3296 3663 3384 3711 καὶ
3445 3657 3530 3710 ἐπὶ
3594 3654 3804 3732 καρδίαν
3866 3649 3933 3702 ἀν·

2371 3748 2576 3818 θρώπου
2625 3747 2720 3799 ούκ
2773 3745 2947 3805 ἀνέϐη.
2992 3750 3151 3800 Οὔπω
3204 3750 3302 3822 γὰρ
3359 3742 3532 3808 ούδεὶς
3592 3756 3692 3799 τῶν
3747 3740 3934 3796 δικαίων

3316 3838 3384 3898 ὡς
3453 3837 3478 3887 ὁ
3547 3841 3704 3908 μέγας
3766 3835 3933 3888 Παῦλος

2781 3569 3000 3620 αἰωνίων
3094 3567 3322 3639 ἀγαθῶν,

2367 3837 2647 3906 ἐκομίσατο
2723 3841 2816 3895 τὴν
2903 3834 3230 3907 ἐπαγγελίαν,

2366 3922 2640 3987 ἐδίδαξεν·
2698 3926 2911 3998 ὕστερον
2967 3921 3025 3978 δε
3073 3921 3367 3998 μεταδώσει
3419 3929 3509 3977 καὶ
3551 3929 3734 3983 ταύτης
3783 3919 3826 3972 ἐν
3870 3923 3932 3986 τῷ

2365 4023 2528 4088 καιρῷ
2550 4022 2611 4074 τῆ
2624 4036 2646 4077 ς
2666 4011 3033 4067 ἀνταποδόσεω
3043 4035 3082 4076 ς.

2439 4103 2592 4156 Ἀλλὰ
2659 4113 2768 4166 πῶς
2830 4102 2983 4175 εἶπεν,
3060 4105 3140 4156 ὅτι
3215 4107 3440 4177 Σήμερον
3503 4104 3614 4176 μετ’
3679 4101 3790 4174 ἐμοῦ
3846 4096 3922 4164 ἔσῃ

2366 4191 2416 4244 ἐν
2493 4201 2565 4262 τῷ
2635 4189 2985 4264 παραδείσῳ;
3067 4195 3203 4245 Διότι
3272 4194 3341 4254 ὡς
3419 4195 3571 4258 Θεὸς,
3641 4193 3701 4244 τὰ
3783 4185 3924 4239 πάντα

2365 4281 2593 4350 πληρῶν,
2675 4289 2953 4353 πανταχοῦ
3018 4277 3078 4338 ἦν
3127 4280 3238 4353 ἅμα
3293 4284 3379 4333 καὶ
3430 4280 3478 4332 ἐν
3523 4289 3596 4352 τῷ
3649 4280 3796 4349 τάφῳ,
3845 4273 3920 4322 καὶ

2365 4373 2414 4422 ἓν
2481 4378 2553 4441 τῷ
2606 4367 2735 4444 ᾄδῃ,
2802 4375 2894 4422 καὶ
2971 4369 3020 4422 ἐν
3087 4379 3160 4442 τῷ
3221 4366 3553 4445 παραδείσῳ,
3620 4374 3701 4422 καὶ
3767 4362 3811 4415 ἐν
3859 4364 3917 4425 τῷ

2366 4460 2585 4535 οὐρανῷ.

2436 4549 2532 4602 Ἦν
2568 4581 2628 4590 -
2654 4548 2813 4611 ἣλιος.
2848 4549 2931 4602 Ἐν
2961 4556 3033 4621 τῷ
3063 4567 3415 4624 προειρημπῳ
3439 4547 3680 4622 κεφαλαίῳ
3698 4546 3776 4594 τοῦ
3797 4532 3910 4586 κατὰ

2365 4641 2632 4694 Ματθαῖον
2666 4640 2895 4700 ζήτησον
2925 4643 3040 4710 περὶ
3084 4640 3288 4692 τούτου.

2442 4733 2542 4782 Καὶ
2588 4759 2654 4769 ——
2702 4732 2878 4801 μέσον.
2947 4728 3083 4781 Ἐκεῖ
3141 4731 3232 4779 καὶ
3285 4731 3405 4800 περὶ
3460 4725 3628 4776 τούτου
3678 4716 3896 4777 ζήτησονο

2445 4909 2545 4960 Καὶ
2602 4938 2670 4947 -
2725 4904 3036 4969 ἰξίπνευσεν.
3084 4901 3310 4976 Ὀμοίως
3361 4905 3466 4956 ἐκεῖ
3522 4905 3609 4954 καὶ
3651 4895 3756 4968 περὶ
3808 4883 3915 4938 τοῦ’

2366 5016 2463 5050 των
2539 4993 2750 5070 ἕρῥήθη,
2855 4997 2975 5049 ἔνθα
3051 5001 3216 5046 κεῖται
3287 4997 3379 5045 τὸ*
3453 4991 3512 5044 Ὀ
3603 4985 3658 5042 δί
3722 4979 3914 5037 Ἰησοῦς*

2372 5085 2524 5140 πάλιν
2590 5085 2786 5159 κράξας
2865 5091 3002 5158 φωνῇ
3089 5081 3310 5156 μεγάλῃ,
3382 5080 3548 5154 ἀφῆκε
3614 5081 3667 5131 τὸ
3728 5074 3918 5137 πνεῦμα.

705 5264 754 5300 ⁸⁸
807 5261 1008 5321 Matth.
1076 5275 1254 5328 vau,
1333 5261 1428 5318 39.
1513 5262 1560 5299 ⁸⁵
1598 5261 1748 5319 Ibid.
1799 5261 1888 5319 37.
1967 5264 2015 5298 ⁸⁵
2064 5263 2215 5320 lbld.

2375 5303 2382 5318 .
2460 5265 2503 5301 ⁸⁷
2553 5265 2723 5322 Joan.
2765 5279 2924 5331 xvm,
2963 5262 3052 5321 36.
3129 5262 3228 5318 ⁸⁸1
3283 5261 3414 5317 Cor.
3446 5276 3504 5331 ιι,
3547 5263 3601 5318 9.
3673 5255 3716 5292 ⁸⁸
3775 5242 3927 5305 Hebr.

623 5351 705 5404 ιι,
737 5339 827 5393 39.
867 5407 872 5410 ί
903 5336 952 5372 ⁸ο
989 5332 1186 5393 Matth.
1213 5347 1393 5406 xxvu,
1427 5333 1514 5389 50.

1823 5476 2040 5547 Variae
2077 5477 2408 5548 lectiones
2450 5488 2516 5548 et
2552 5488 2735 5548 nota:

711 5668 840 5743 (aa)
897 5668 1090 5746 Supra
1140 5670 1205 5728 id
1239 5677 1387 5731 erat.
1434 5671 1565 5753 Παρ¹
1598 5671 1780 5742 αὐτὴν,
1815 5673 1868 5729 id
1902 5678 2010 5742 est,
2045 5678 2139 5740 τὴν
2177 5693 2265 5753 μνι

2375 5698 2409 5744 ν,
2441 5682 2645 5750 pt'a’ler
2690 5674 2852 5744 hanc,
2898 5689 3079 5750 quam
3135 5671 3316 5738 hanc.
3377 5670 3492 5754 Nec
3544 5669 3698 5728 enim
3745 5655 3930 5734 legitur

610 5741 762 5832 ὑπέρ.
