4144 6314
285 224 428 289 1093

1289 195 1671 286 cOMMENT.
1720 222 1795 285 IN
1836 219 2096 297 LUCAM.
2140 262 2204 275 -
2247 233 2409 291 CAP.
2456 233 2656 294 xxnv.

3529 236 3667 307 1094

290 369 393 417 Καὶ
442 371 593 418 τοῦτο
648 362 707 420 δὲ
771 370 1112 441 κατώρθωσεν
1150 370 1274 439 ἡμῖν
1334 365 1359 416 ὁ
1415 361 1626 433 Κύριος,
1681 364 1739 414 τὸ
1796 366 1886 426 τὰς

2009 363 2114 420 hoc
2141 364 2314 420 nobis
2343 365 2534 423 effecit
2566 364 2854 425 Dominus
2898 381 2972 426 ne
3019 370 3304 445 deinceps
3347 369 3647 447 justorum

286 461 385 505 τῶν
476 450 693 506 δικαίων
767 456 949 529 ψυχὰς
1026 462 1215 530 μηκέτι
1270 452 1596 508 καταϐαίνειν
1674 452 1747 514 εἰς
1803 458 1889 507 τὸν

290 539 447 613 ᾅδην,
508 542 614 595 ἀλλ’
672 543 961 600 ἀναϐαίνειν
1030 547 1098 607 εἰς
1154 550 1240 597 τὸν
1289 550 1436 597 Θεὸν.
1509 542 1717 616 [Χεῖρας
1775 544 1888 615 (8‘2)

288 634 391 705 γὰρ
447 641 536 685 τοῦ
594 642 726 687 Θεοῦ
787 644 997 709 νοοῦμεν
1063 635 1215 688 αὐτόν
1291 638 1375 685 τὸν
1438 632 1609 702 Θεόν.]
1646 637 1782 689 Φησὶ
1832 628 1891 685 δὲ

291 726 377 773 καὶ
438 722 464 774 ὁ
530 723 842 787 Ἀπόστολος
941 726 1022 779 ὃτι
1106 727 1172 777 Οἱ
1239 726 1537 795 πάσχοντες
1620 726 1756 774 κατὰ
1830 725 1889 773 τὸ

294 809 491 882 θέλημα
531 820 623 864 τοῦ
692 821 826 866 Θεοῦ
866 813 1002 886 (83),
1091 822 1262 883 πιστῷ
1337 817 1534 885 κτίστῃ
1612 813 1890 886 παρατιθέ-

294 900 504 952 σθωσαν
573 904 662 962 τὰς
746 901 938 955 ἑαυτῶν
1016 902 1222 974 ψυχάς.
1285 900 1495 960 Ἀνῆλθε
1573 896 1631 953 δὲ
1687 908 1888 973 πρῶτον

291 987 364 1049 εἰς
410 992 496 1040 τὸν
555 993 684 1042 Θεὸν
741 992 771 1049 ή
840 1000 930 1043 τοῦ
979 993 1156 1049 Ἰησοῦ
1208 990 1362 1062 ψυχή
1433 1008 1446 1021 ·
1485 988 1596 1041 εἶτα
1640 988 1889 1047 κατῆλθεν

290 1076 363 1138 εἰς
429 1080 517 1130 τὸν
586 1075 744 1149 ᾅδην,
821 1085 908 1133 καὶ
999 1080 1317 1152 ἠλευθέρωσε
1372 1080 1466 1141 τὰς
1539 1082 1891 1149 κατεχομένας

289 1165 397 1220 εκεῖ
453 1166 659 1239 ψυχάς.
721 1173 821 1222 Καὶ
876 1179 986 1231 πῶς
1042 1173 1172 1241 μετὰ
1247 1174 1340 1226 τήν
1416 1167 1704 1221 ἀνάστασιν
1786 1164 1891 1220 εἶπε

287 1263 352 1327 τῇ
407 1262 587 1331 Μαρίᾳ
649 1258 729 1309 ὅτι
812 1258 927 1329 (84)
997 1262 1158 1310 Οὔπω
1241 1256 1536 1315 ἀναϐέϐηκα
1602 1260 1733 1330 πρὸς
1803 1260 1891 1308 τὸν

289 1348 498 1419 Πατέρα
548 1364 648 1417 μου
710 1363 726 1414 ;
784 1351 927 1400 Διότι
982 1352 1094 1400 τότε
1150 1355 1222 1418 τῷ
1272 1352 1475 1419 σώματι
1551 1350 1695 1399 οὔπω
1767 1346 1890 1398 ἀνα-

286 1431 522 1491 ϐέϐηκεν.

363 1519 511 1575 Ἰδὼν
541 1554 609 1563 -
641 1525 977 1599 ὑπέστρεφον.
1010 1531 1248 1583 Ζήτησον
1280 1524 1327 1577 ἐν
1358 1534 1429 1595 τῷ
1460 1524 1709 1601 εἰρημένῳ
1735 1544 1892 1598 κεφα-

283 1611 416 1683 λαίῳ
447 1620 539 1664 τοῦ
565 1616 701 1665 κατὰ
730 1617 996 1667 Ματϐαῑον
1028 1619 1085 1667 τό
1122 1632 1134 1643 ·
1166 1614 1224 1666 Ὀ
1265 1612 1322 1667 δὲ
1377 1615 1760 1687 ἑκατόνταρχος
1800 1620 1889 1667 καὶ

2002 454 2214 510 animae
2253 455 2682 514 descenderent
2732 457 2792 513 in
2827 458 3149 527 infernum,
3193 463 3299 518 sed
3344 469 3537 537 magis
3583 470 3662 527 ad

2002 544 2185 598 Deum
2223 543 2628 601 ascenderant.
2667 549 2812 603 Nam
2847 564 2951 619 per
2990 566 3206 606 manus
3238 553 3342 608 Dei
3390 555 3662 628 intelligi-

2002 649 2136 689 mus
2168 637 2354 689 Deum
2397 633 2616 705 ipsum.
2670 637 2761 691 Ait
2803 644 3001 693 autem
3042 646 3095 694 et
3143 642 3450 711 apostolus
3490 663 3502 700 :
3552 647 3663 715 Qui

1996 724 2321 792 patiuntur
2335 724 2649 781 secundum
2672 725 2770 780 Dei
2789 726 3167 793 voluntatem,
3200 730 3359 797 ﬁdeli
3389 734 3664 791 Creatori

1999 812 2634 870 commendentanimas
2655 830 2792 872 suas
2813 818 2880 870 9‘.
2900 816 3167 874 Primum
3198 836 3337 876 vero
3371 822 3448 879 ad
3466 823 3655 882 Deum

1999 902 2270 957 ascendit
2293 903 2492 958 anima
2510 904 2697 970 Jesus,
2728 904 2944 961 deinde
2976 907 3053 962 ad
3079 907 3299 965 inferos
3329 911 3662 982 descendit,

2000 994 2066 1046 ut
2085 991 2341 1059 animas,
2364 1008 2501 1064 quae
2527 991 2610 1047 ibi
2642 993 3077 1062 detinebantur,
3102 997 3394 1056 liberaret.
3419 1001 3658 1067 Verum,

1998 1095 2115 1151 quo
2156 1087 2330 1152 pacto
2360 1081 2509 1137 dixit
2534 1082 2726 1139 Mariae
2759 1091 2895 1155 post
2924 1089 3413 1146 resurrectionem
3442 1107 3455 1145 :
3492 1093 3659 1151 Non-

2000 1168 2143 1225 dum
2166 1171 2409 1226 ascendi
2444 1171 2525 1226 ad
2543 1170 2779 1228 Patrem
2806 1190 2989 1231 meum
3022 1176 3067 1210 ⁰²
3116 1181 3138 1230 ?
3169 1178 3316 1244 Quia
3348 1187 3489 1237 tunc
3529 1197 3655 1239 cor-

2001 1272 2140 1328 pore
2164 1259 2436 1315 nondum
2479 1261 2851 1319 ascenderat.

2070 1526 2333 1582 Vers.47.
2362 1526 2570 1583 Videns
2588 1528 2829 1585 —Vers.
2853 1533 2942 1586 48.
2961 1533 3419 1592 revertebantur.
3447 1539 3656 1602 Quaere

1997 1616 2285 1687 praedicto
2355 1616 2658 1687 Evangelii
2702 1617 2871 1689 juxta
2906 1620 3248 1678 Mattbaeum
3295 1626 3510 1696 capite,
3555 1628 3657 1683 ubi

289 1704 340 1753 οἰ
360 1703 468 1773 μετ’
501 1701 954 1776 αὐτοῖτηροῡντες
997 1707 1084 1756 τόν
1128 1706 1359 1770 Ἰησοῦν,
1410 1700 1605 1765 ἰδόντες
1657 1710 1771 1773 (83)
1824 1708 1886 1756 τὰ

2009 1704 2257 1759 dicitur:
2309 1706 2590 1761 Centurio
2641 1710 2832 1763 autem
2874 1716 2927 1765 et
2947 1711 3191 1780 quicum
3213 1728 3278 1768 eo
3318 1720 3487 1769 erant
3539 1730 3636 1772 ser

289 1795 560 1862 γενόμενα,
597 1789 933 1863 ἐφοϐήθησαν
966 1791 1189 1866 σφόδρα,
1219 1798 1307 1844 καὶ
1338 1796 1403 1845 τα
1430 1792 1543 1855 ἑξῆς
1578 1812 1590 1824 ·
1629 1799 1719 1845 καὶ
1736 1793 1887 1865 ἀναγ-

286 1880 414 1929 νωϐι
439 1884 532 1937 τήν
563 1878 810 1951 ἐξήγησιν
850 1882 1037 1936 αὐτῶν.
1071 1884 1152 1933 Ἐν
1206 1881 1367 1955 ἐκείνῃ
1415 1886 1512 1954 γαρ
1572 1888 1661 1934 καὶ
1726 1890 1890 1935 ταῦτα

287 1963 323 2018 δ
331 1986 414 2041 ιηρ
420 1970 648 2039 μηνεύθη
659 1988 773 2022 σαν.

358 2058 707 2115 Είστήκεισαν
729 2089 796 2099 -
824 2066 1010 2114 ταῦτα.
1044 2060 1358 2122 ’Δκολούθως
1386 2059 1490 2112 ἐκεῖ
1510 2066 1599 2113 καὶ
1630 2066 1745 2135 περὶ
1774 2065 1889 2114 τού-

282 2164 387 2197 των
419 2147 621 2221 εἴρηται
634 2191 647 2204 .

430 2240 573 2291 ΚΕΦ.
604 2234 720 2291 ΠΒ’.
754 2242 878 2311 Περὶ
920 2245 1015 2301 τῆς
1045 2238 1303 2302 αἰτήσεως
1332 2247 1423 2292 τοῦ
1478 2246 1741 2315 Κνριακοῦ

958 2333 1168 2400 σώματο
1181 2348 1216 2388 ς.
1826 2344 1857 2358 ‘

355 2412 552 2466 Καὶ-
577 2419 825 2487 κείμενος.
860 2421 960 2468 Καὶ
998 2421 1114 2486 περὶ
1144 2420 1337 2468 τούτων
1384 2420 1587 2469 πάντων
1641 2414 1884 2490 διελήφθν

279 2504 416 2554 κατὰ
441 2502 592 2573 λόγον
622 2503 672 2557 ἐν
702 2513 771 2577 τῷ
811 2505 1077 2577 ἑξηκοστῷ
1108 2504 1280 2578 ὀγδόῳ
1306 2506 1565 2578 κεφαλαίῳ
1610 2515 1702 2560 τοῦ
1750 2510 1885 2560 κατὰ

281 2591 574 2645 Menenio».

357 2686 457 2734 Καὶ
505 2712 575 2722 —
632 2680 940 2755 ἕπέφωσκεν.
996 2685 1309 2758 Ἐπέφαινεν,
1354 2684 1666 2757 ἐπηυγαζεν,
1708 2685 1883 2740 ἐπανέ-

278 2770 437 2827 τελλε.

359 2857 896 2918 Κατακολουθήσασαι
945 2893 1011 2903 -
1057 2865 1217 2935 μύρα.
1258 2864 1397 2916 Ἐκεῖ
1422 2868 1511 2916 καὶ
1535 2872 1698 2917 ταῦτα
1732 2864 1882 2938 ἐμνη-

283 2948 610 3017 μονεύθησαν
640 2948 688 3001 έν
723 2958 785 3022 τῇ
841 2949 1088 3022 ἐξηγήσει
1131 2960 1245 3007 τοῦ.
1277 2952 1373 3005 Ἠν
1427 2950 1486 3006 δὲ
1511 2956 1615 3007 ἐκεῖ
1639 2960 1817 3027 Μαρία
1847 2958 1875 3014 ή

284 3031 632 3105 Μαγδαληνή,
675 3044 765 3091 καὶ
802 3042 832 3097 ή
868 3041 994 3097 ἄλλη
1046 3046 1245 3113 Μαρία,
1296 3045 1586 3115 καθήμεναι
1639 3042 1880 3098 ἀπέναντι
1915 3078 1957 3136 C

280 3131 373 3176 τοῦ
402 3127 586 3197 τάφου.

353 3305 453 3353 Καὶ
512 3305 569 3353 τὸ
623 3334 690 3342 -
746 3306 841 3355 σὺν
891 3304 1099 3368 αὐταῖς·
1133 3312 1373 3367 Ζήτησον
1421 3314 1565 3385 παρὰ
1610 3320 1681 3383 τῷ
1731 3320 1877 3367 Ματ-

281 3390 412 3461 Θαίῳ
499 3396 558 3443 τό
639 3408 652 3421 ⁸
732 3392 862 3464 Ὀψὲ
938 3395 1232 3462 Σαϐϐάτων,
1347 3407 1408 3471 τῇ
1505 3399 1873 3478 έπιφωσκοῦση

278 3477 351 3540 εἰς
428 3484 547 3551 μίαν
620 3480 914 3550 Σαϐϐάτων,
1000 3481 1122 3542 ἦλθε
1184 3493 1362 3562 Μαρία
1440 3490 1470 3547 ἡ
1549 3477 1872 3563 Μαγδαληνή

277 3571 366 3618 καὶ
396 3569 425 3625 ή
456 3568 583 3626 άλλη
613 3576 791 3643 Μαρία
824 3574 1087 3647 θεωρῆσαι
1129 3578 1217 3628 τὸν
1259 3579 1438 3649 τάφον.
1490 3585 1589 3633 Καὶ
1621 3578 1880 3653 ἀνάγνωθι

278 3658 367 3711 τήν
428 3655 675 3728 ἐξήγησιν
760 3660 945 3729 αὐτοῦ,
1006 3668 1096 3715 καὶ
1173 3670 1278 3737 μὴν
1352 3673 1440 3720 καὶ
1522 3672 1615 3731 τας
1682 3669 1876 3743 ἐφεξῆς,

278 3747 367 3795 καὶ
423 3744 661 3815 εὑρήσεις
699 3748 825 3800 ὅλων
894 3759 994 3801 τῶν
1076 3753 1453 3825 εὐαγγελιστῶν
1533 3761 1601 3810 τὰ
1651 3760 1878 3813 ἐντεῦθεν

276 3830 415 3905 ῥητὰ
438 3838 844 3910 παρατεθειμένα
896 3846 1193 3913 συμφωνίας
1241 3844 1419 3911 ἕνεκεν,
1487 3851 1577 3899 καὶ
1624 3849 1877 3923 ἡρμηνευ-

278 3939 426 3993 μενα.

348 4008 509 4084 Εὗρον
541 4045 606 4054 —
629 4015 811 4069 αὐτοῦ.
846 4017 982 4072 Ἐκεῖ
1011 4024 1101 4073 καὶ
1124 4029 1311 4089 ταῦτα,
1368 4026 1437 4087 ὡς
1464 4026 1672 4099 ἔφημεν,
1707 4048 1879 4103 παρα-

276 4101 519 4167 τέθειται,
551 4108 640 4157 καὶ
671 4106 1007 4180 ἡρμήνεῦται,
1036 4112 1157 4164 ἔνθα
1203 4120 1369 4166 κεῖται
1430 4120 1508 4167 τό’
1540 4112 1700 4189 Ἰδοὺ,
1736 4117 1875 4173 εἷπον

274 4189 416 4260 ὑμῖν.

348 4283 448 4332 Καὶ
478 4281 880 4359 ὑποστρέψασαι
939 4319 1004 4329 --
1046 4288 1248 4351 αὐταῖς.
1316 4291 1534 4366 Ὀμοίως
1589 4300 1875 4352 καὶταῦτα

270 4371 638 4439 παρατέθειται
693 4378 783 4426 καὶ
848 4377 1186 4449 ἡρμήνευται,
1246 4383 1367 4434 ἔνθα
1430 4390 1597 4436 κεῖται
1652 4389 1711 4437 τό
1753 4405 1766 4419 ·
1810 4390 1876 4439 Οἱ

273 4451 331 4507 δὲ
386 4456 623 4524 λαϐόντες
684 4482 750 4514 τα
820 4462 1047 4540 ἀργύρια
1112 4467 1383 4540 ἕποίησαν,
1447 4473 1515 4534 ὡς
1577 4468 1875 4546 ἐδιδάχθη-

274 4563 391 4597 σαν.

1907 4430 1953 4486 D

338 4642 398 4688 Ὀ
428 4632 487 4690 δε
510 4642 706 4712 Πέτρος
736 4671 802 4682 -
833 4650 1100 4716 μνημεῖον.
1134 4652 1468 4722 Συνετώτερος
1489 4648 1556 4702 ὢν
1581 4658 1681 4703 τῶν
1707 4651 1870 4706 ἄλλων

269 4722 366 4776 οὐκ
395 4722 641 4799 ἕκαρτέρη
651 4747 730 4784 σε.

344 4904 443 4953 Καὶ
488 4905 807 4978 παρακύψας
852 4940 916 4951 --
947 4914 1103 4983 μόνα.
1134 4912 1344 4967 Ὀθόνια
1373 4913 1506 4987 λέγει
1545 4918 1609 4970 τὰ
1638 4915 1872 4993 ἰντοίφια,

266 4992 362 5048 τήν
393 4989 627 5051 σινδόνα.

1997 1799 2190 1849 cantes
2226 1792 2421 1850 Iesum
2454 1796 2523 1863 9’,
2557 1801 2611 1851 et
2640 1806 2872 1851 caetera.
2928 1794 3077 1854 Nam
3130 1799 3210 1855 ibi
3247 1801 3376 1857 haec
3408 1818 3655 1877 quoque

1998 1880 2301 1939 declarata
2356 1887 2514 1937 sunt.

2068 2060 2230 2115 Vers.
2264 2063 2352 2117 49.
2385 2060 2631 2118 Stabant
2675 2093 2744 2105 —
2773 2063 2917 2122 haec.
2946 2065 3416 2141 Consequenter
3468 2073 3649 2131 etiam

1995 2149 2077 2205 ibi
2116 2150 2192 2205 de
2236 2150 2329 2206 his
2361 2152 2590 2207 dictum
2617 2157 2724 2209 est.

2068 2239 2223 2296 CAP.
2263 2240 2504 2298 LXXXII.
2542 2241 2619 2298 De
2662 2243 2938 2312 petitione
2965 2249 3227 2317 corporis
3255 2250 3505 2307 Domini.

2067 2416 2229 2472 Vers.
2259 2422 2346 2474 50.
2374 2420 2528 2473 Et—
2550 2419 2713 2476 Vers.
2754 2421 2843 2476 53.
2896 2424 3130 2494 positus.
3165 2425 3353 2484 Etiam
3415 2428 3491 2486 de
3547 2431 3646 2489 his

1993 2506 2276 2562 omnibus
2305 2508 2383 2563 ad
2417 2510 2661 2565 verbum
2711 2510 3082 2584 disputatum
3131 2521 3219 2572 est
3269 2520 3645 2589 sexagesimo

1992 2602 2203 2650 octavo
2226 2596 2394 2667 juxta
2423 2599 2760 2654 Mattbaaum
2782 2602 3003 2673 ~capite.

2064 2684 2224 2740 Vers.
2257 2689 2343 2740 54.
2364 2686 2439 2741 Et
2460 2717 2527 2726 -—
2553 2687 2935 2745 illucescebat.
2971 2690 3456 2763 Splendescebat,
3490 2697 3641 2755 orie-

1991 2770 2194 2831 batur.
3538 2850 3541 2851 ν

2062 2861 2228 2918 Vers.
2259 2868 2346 2921 55.
2399 2865 2736 2923 Subeecuta:
2760 2898 2827 2910 —
2872 2868 3032 2926 Vers.
3070 2875 3156 2927 56.
3192 2882 3510 2946 unguenta.
3560 2878 3648 2935 lbi

1989 2968 2227 3024 quoque
2260 2953 2476 3010 horum
2499 2956 2656 3012 facta
2685 2963 2774 3012 est
2802 2960 3023 3015 mentio
3055 2959 3112 3015 in
3142 2961 3301 3017 illius
3333 2964 3447 3020 loci
3473 2982 3645 3023 enar-

1992 3040 2237 3107 ratione,
2272 3060 2384 3114 quo
2415 3043 2632 3100 dicitur
2675 3064 2687 3102 :
2728 3047 2867 3103 Erat
2906 3056 3095 3106 autem
3128 3051 3209 3107 ibi
3250 3054 3446 3111 Maria
3488 3056 3646 3128 Mag-

1987 3130 2207 3197 dalene,
2248 3138 2301 3189 et
2323 3133 2517 3191 altera
2555 3134 2766 3203 Maria,
2803 3136 3060 3195 sedentes
3090 3155 3159 3197 ea:
3185 3143 3428 3200 adverso
3455 3148 3645 3217 sepul-

1988 3222 2074 3279 cri
2102 3222 2172 3277 9‘.

2061 3311 2223 3366 Vers.
2286 3315 2370 3367 56.
2414 3313 2480 3368 Et
2526 3344 2596 3355 —
2646 3314 2799 3371 CAP.
2848 3317 3031 3371 XXIV.
3078 3318 3242 3376 Vers.
3290 3326 3340 3377 4.
3388 3338 3513 3379 cum
3562 3327 3642 3398 ip-

1987 3399 2085 3454 sis.
2123 3402 2322 3467 Quaere
2347 3402 2504 3473 apud
2526 3402 2861 3461 Matthzeum
2893 3407 3119 3463 dictum
3146 3408 3291 3465 illud
3335 3428 3348 3466 :
3393 3412 3643 3482 Vespera

1988 3495 2182 3545 autem
2219 3489 2636 3557 Sabbatorum,
2673 3508 2806 3563 quae
2855 3495 3083 3552 lucescit
3113 3498 3169 3552 in
3209 3516 3382 3555 unum
3410 3501 3640 3561 Sabbu-

1990 3584 2175 3633 torum
2210 3579 2278 3648 οδ,
2312 3584 2369 3635 et
2398 3588 2631 3648 caetera,
2654 3588 2711 3637 et
2735 3582 2863 3654 lege
2889 3584 3635 3662 illiusinterpretationem,

1989 3682 2060 3723 ac
2091 3674 2370 3739 praeterea
2395 3668 2494 3724 illa
2526 3686 2660 3742 quae
2689 3680 3021 3744 sequuntur
3069 3692 3083 3731 :
3118 3682 3173 3732 et
3210 3679 3416 3736 omnia
3458 3698 3644 3739 evan-

1987 3755 2335 3825 gelistarum
2372 3757 2531 3815 dicta
2560 3759 2633 3815 ab
2679 3760 2794 3816 hoc
2824 3761 2955 3818 loco
2996 3762 3259 3821 invenies
3304 3785 3636 3828 consonan-

1988 3843 2081 3902 tiae
2105 3861 2289 3902 causa
2326 3848 2636 3919 proposita
2677 3865 2748 3906 ac
2786 3850 3106 3910 declarata.

2057 4021 2224 4079 Vers.
2259 4028 2311 4082 2.
2347 4024 2707 4082 Invenerunt
2733 4057 2805 4069 —
2839 4028 3000 4085 Vers.
3034 4030 3088 4087 8.
3120 4032 3257 4090 illis.
3310 4034 3391 4103 Ibi
3451 4036 3633 4096 etiam

1984 4111 2133 4179 haec,
2178 4116 2241 4168 ut
2276 4112 2558 4180 diximus,
2588 4118 2898 4187 proposita
2927 4124 3084 4179 sunt.
3118 4127 3173 4177 et
3202 4121 3334 4179 data
3350 4130 3437 4180 est
3464 4126 3640 4183 inter-

1984 4201 2255 4272 pretatio,
2284 4201 2385 4257 ubi
2409 4203 2684 4270 habetur,
2714 4208 2862 4263 Ecce
2897 4208 3027 4265 dixi
3056 4212 3212 4268 vobis
3245 4214 3313 4269 ⁸⁸.

2056 4289 2223 4347 Vers.
2275 4295 2327 4346 9.
2358 4293 2423 4347 Et
2451 4308 2683 4350 reverse
2712 4326 2782 4336 ——
2806 4297 2974 4353 Vers.
3024 4299 3113 4354 4t.
3146 4301 3305 4371 ipsis.
3349 4302 3633 4364 Similiter

1983 4383 2041 4435 et
2066 4378 2195 4436 haec
2224 4382 2528 4453 proposita
2559 4389 2698 4440 sunt
2726 4400 2798 4441 ac
2834 4385 3154 4456 declarata,
3198 4392 3300 4448 ubi
3332 4392 3586 4451 habetur
3612 4409 3628 4451 :

1980 4467 2074 4524 Illi
2110 4474 2324 4534 autem,
2355 4473 2599 4542 sumptis
2636 4474 2913 4543 pecuniis,
2938 4475 3226 4547 fecerunt,
3257 4481 3411 4537 sicut
3437 4482 3629 4540 edocti

1981 4574 2151 4623 erant
2176 4567 2244 4622 ’7.

2053 4655 2212 4712 Vers.
2240 4658 2328 4712 42.
2360 4657 2572 4715 Petrus
2602 4675 2739 4716 vero
2767 4692 2837 4702 -—-
2860 4672 3314 4721 monumentum.
3339 4665 3488 4726 Cum
3527 4687 3634 4727 ca:-

1977 4743 2115 4799 teris
2167 4745 2513 4815 prudentior
2559 4753 2713 4805 esset
2768 4765 2838 4806 ac
2888 4750 3224 4820 ferventior,
3285 4771 3408 4813 non
3456 4760 3632 4816 susti-

1976 4832 2125 4890 nuit.

2052 4923 2213 4977 Vers.
2242 4922 2330 4976 42.
2358 4923 2620 4997 Cumque
2638 4929 3028 4997 prospexisset
3044 4962 3112 4974 —
3136 4933 3277 4990 sola.
3307 4934 3626 4995 Linteami-

1982 5026 2062 5068 na
2099 5010 2241 5068 dicit
2277 5011 2591 5080 funeralia,
2625 5014 2942 5075 sindonem
2980 5018 3269 5079 videlicet.

338 5145 383 5182 ⁹¹
441 5147 462 5201 Ι
518 5148 661 5205 Petr.
726 5167 801 5215 ιν,
878 5151 968 5210 19.
1046 5156 1094 5191 ’³
1147 5157 1316 5216 Joan.
1370 5176 1472 5225 xx,
1527 5160 1615 5218 47.
1692 5164 1743 5200 ³³
1787 5166 1886 5222 Mat

361 5217 485 5253 Ihirl
550 5224 580 5253 "I
682 5221 725 5253 D7
772 5221 896 5253 ΪΙ-ιῖΑ
970 5226 1033 5253 ιε

2038 5180 2219 5235 xxvu,
2272 5166 2360 5222 5i.
2438 5167 2486 5203 “
2534 5167 2701 5253 Ibid.
2766 5169 2858 5226 74.
2935 5112 2983 5205 9‘
3039 5173 3234 5245 Matth.
3294 5192 3495 5246 xxvru,
3557 5180 3615 5241 1.

264 5216 313 5253 ⁹⁶
357 5217 510 5287 Ibid,
550 5224 604 5274 7.
682 5221 725 5257 ⁸⁷
769 5221 920 5279 Ibid.
970 5226 1057 5287 15.

1458 5329 1679 5435 Varie
1721 5333 2051 5423 lectiones
2103 5344 2167 5404 et
2206 5344 2410 5406 notae.

356 5556 448 5632 {33)
480 5556 568 5620 Ὠς
596 5575 738 5631 ergo
774 5562 992 5621 omittit
1011 5569 1078 5632 A,
1105 5568 1164 5624 Β.

358 5484 446 5552 82)
470 5484 703 5545 Inclusa
741 5488 1087 5551 exciderunt
1114 5499 1182 5552 A.

334 5483 448 5706 £82;
470 5484 703 5545 Inclusa
741 5488 1087 5551 exciderunt
1114 5499 1182 5552 A.

356 5556 424 5613 83
480 5556 568 5620 Ὠς
596 5575 738 5631 ergo
774 5562 992 5621 omittit
1011 5569 1078 5632 A,
1105 5568 1164 5624 Β.
1544 5640 1547 5643 ς

330 5630 422 5702 (84
466 5633 564 5685 Τὸν
592 5636 807 5713 σεισμὸν
843 5654 954 5705 και,
987 5643 1272 5698 omittunt
1323 5642 1501 5723 etiam
1522 5643 1590 5719 in
1617 5650 1858 5713 contex-

1965 5508 2044 5579 tu‘
2060 5505 2239 5579 apud
2262 5505 2602 5579 Matthaaum
2629 5506 2762 5566 loco
2802 5506 3065 5569 laudato.
3087 5514 3166 5572 Ex
3189 5514 3623 5579 Chrysostomo

1966 5576 2120 5659 nillil
2149 5576 2700 5659 efﬁcitur.__Is_e_nim
2733 5584 2878 5639 tom.
2908 5584 3028 5659 ΥΠ,
3061 5600 3121 5659 p.
3172 5590 3277 5649 826
3301 5576 3362 5659 Ε,
3397 5576 3623 5655 ιιιωῶ

1965 5649 2174 5723 potius,
2214 5664 2389 5725 quam
2425 5650 2767 5739 Matthaeum
2793 5649 3082 5731 explicat:
3343 5649 3360 5659 ’
3462 5666 3465 5669 ⁷
