4144 6314
619 281 757 340 ιοθδ
1977 277 2324 345 summu
2364 253 2718 348 ZIGABENI
3846 291 3958 351 1096

689 412 854 471 Vers.
894 414 978 470 12.
1023 412 1097 470 Et
1130 444 1191 456 -—
1224 412 1483 485 seipsum.
1521 414 1606 468 Ad
1641 429 1822 469 suum
1853 412 2269 470 diversorium.
2303 416 2325 466 κε

2319 416 2348 466 ὶ
2459 406 2568 464 Καὶ
2645 443 2711 455 -
2796 413 2996 469 ἑαυτὸν.
3087 419 3224 490 Πρὸς
3289 420 3382 474 τὴν
3436 417 3633 470 ἑαυτοῦ
3700 415 3955 490 διαγωγήν,

619 501 770 557 Nam
802 507 858 558 et
893 503 1155 560 Joannes
1193 504 1266 559 de
1290 507 1455 560 Petro
1491 519 1560 560 ac
1589 503 1782 574 seipso
1814 502 1897 559 ait
1928 525 1939 558 :
1978 503 2255 560 Abierun.

2386 504 2524 558 Φησὶ
2607 505 2708 577 γὰρ
2804 508 2892 555 καὶ
2979 504 3214 566 Ἰωάννης
3293 511 3407 578 περί
3491 526 3548 559 τε
3633 511 3823 580 Πέτρου
3891 516 3959 560 καὶ

616 605 757 660 ergo
779 606 988 648 rursus
1018 593 1099 650 ad
1125 593 1344 664 seipsos
1371 593 1646 664 discipuli
1665 593 1736 645 ³⁸.

2387 591 2573 643 ἑαυτοῦ
2619 611 2632 623 ·
2670 591 2930 653 Ἀπῆλθον
2980 589 3067 646 οὖν
3125 593 3276 646 πάλιν
3310 599 3434 668 πρὸς
3476 595 3702 658 ἑαυτοὺς
3750 599 3796 649 οἱ
3823 599 3960 670 μαθη-

2385 699 2491 734 ται.

687 768 857 825 Vers.
899 773 980 825 I2.
1009 769 1326 827 Admirans
1351 769 1510 843 quod
1532 771 1758 836 factum
1794 775 1944 826 erat.
1982 769 2274 824 Intellexit

2455 770 2756 841 Θαυμάξων
2829 775 2884 823 τό
2951 777 3185 843 γεγονός.
3268 780 3456 831 Συνῆκε
3574 777 3682 849 γὰρ
3772 776 3848 826 ὅτι
3912 775 3956 827 οὐ

615 858 909 913 enimnon
925 875 1058 914 esse
1079 859 1534 931 transpositum,
1563 858 1858 932 siquidem
1886 858 2106 930 alioqui
2137 858 2249 913 tuis

2383 860 2624 930 μετετέθη
2659 876 2672 888 ·
2735 856 2765 917 ἦ
2818 863 2919 934 γὰρ
2968 859 3028 912 ἂν
3084 864 3216 933 μετὰ
3273 869 3371 914 τῶν
3443 862 3669 915 ὀθονίων
3730 867 3953 936 μετετέθη·

615 953 702 1002 set
722 961 860 1002 cum
884 945 1328 1004 linteaminibus
1360 950 1802 1020 transpositum.
1830 952 2085 1020 Apparet
2108 961 2250 1016 ergo

2383 952 2622 1000 Φαίνεται
2695 953 2865 1000 τοίνυν
2925 951 3006 1001 ὃτι
3072 949 3125 1002 ἔκ
3203 956 3380 1024 τρίτου
3462 950 3702 1010 ἀπῆλθεν
3793 953 3868 1004 ἐπὶ
3915 957 3954 1004 τὰ

618 1035 785 1108 quod
824 1038 992 1092 tertio
1019 1039 1243 1094 venerit
1265 1038 1469 1094 Petrus
1502 1037 1579 1094 ad
1621 1043 2081 1093 monumentum
2114 1053 2126 1090 :
2160 1036 2254 1107 pri

2381 1043 2628 1108 μνημεῖον
2683 1039 2708 1089 ὁ
2769 1041 2960 1112 Πέτρος
3025 1053 3038 1067 ⁸
3113 1046 3200 1090 νῦν
3243 1043 3332 1112 μὲν
3383 1045 3567 1113 μόνος,
3631 1042 3844 1116 ὕστερον
3914 1038 3952 1092 δὲ

617 1141 785 1180 mum
803 1124 1047 1198 quidem
1069 1127 1250 1192 solus,
1269 1127 1656 1195 postmodum
1683 1141 1826 1182 vero
1854 1141 1990 1180 cum
2021 1127 2247 1180 Joanne

2381 1129 2511 1197 μετὰ
2560 1133 2653 1178 τοῦ
2704 1128 2963 1194 Ἰωάννου,
3024 1129 3090 1189 ὡς
3141 1129 3298 1191 αὐτὸς
3355 1130 3380 1181 ὁ
3433 1130 3690 1193 Ἰωάννης
3753 1129 3952 1201 ἔγραψεν.

618 1221 793 1284 prout
813 1213 942 1286 ipse
971 1216 1230 1271 Joannes
1265 1215 1516 1288 scripsit.
1550 1219 1695 1272 Cum
1728 1218 1928 1270 autem
1957 1213 2254 1268 reversies‘

2382 1215 2792 1270 Ἐπανελθὸντων
2861 1213 2939 1280 δὲ,
3015 1221 3169 1289 μόνος
3242 1213 3389 1278 αὖθις
3474 1220 3794 1291 ἠναγκάσθη
3861 1216 3954 1289 δρι-

619 1307 770 1373 sent,
802 1320 1008 1360 rursus
1031 1310 1272 1362 coactus
1293 1312 1377 1361 est
1399 1305 1561 1361 solus
1592 1320 1826 1360 currere
1856 1320 1868 1359 :
1898 1319 2094 1374 neque
2111 1302 2255 1357 enim

2382 1309 2492 1375 μεῖν
2559 1322 2570 1332 ·
2635 1304 2693 1356 ού
2741 1307 2842 1379 γὰρ
2891 1308 2970 1357 εἶα
3032 1315 3213 1358 τοῦτον
3269 1308 3542 1379 ὑπομένειν
3610 1311 3641 1367 ἠ
3700 1305 3955 1381 σφοδροτης

615 1390 778 1447 hunc
803 1394 1089 1450 sustinere
1121 1395 1387 1467 permisit
1411 1394 1633 1450 amoris
1664 1392 2054 1458 vehementia,
2084 1391 2246 1446 inten

2380 1401 2471 1445 τοῦ
2509 1393 2742 1466 φίλτρου,
2792 1398 2881 1446 καὶ
2935 1397 2993 1446 τὸ
3046 1393 3159 1446 λίαν
3205 1394 3492 1467 βούλεσθαι
3535 1401 3640 1472 πρὸ
3693 1406 3791 1449 τῶν
3828 1396 3950 1448 ἀλλων

617 1497 872 1554 sumque
903 1482 1291 1552 desiderium,
1327 1500 1445 1555 quo
1481 1482 1824 1555 praeceptori
1858 1481 2087 1554 primus
2120 1479 2253 1534 intei

2382 1484 2626 1554 μαθητῶν
2683 1482 2918 1554 ἐντυχεῖν
2967 1492 3038 1554 τῷ
3094 1480 3405 1556 διδασκάλῳ
3491 1493 3588 1538 καὶ
3686 1490 3951 1556 συγγνώμην

614 1568 766 1625 alios
785 1571 1107 1644 discipulos
1118 1574 1364 1644 optabat
1383 1577 1774 1635 occurrere,et
1794 1569 2126 1641 negationis
2143 1585 2250 1640 per

2382 1579 2468 1631 τῆς
2523 1570 2781 1643 ἀρνήσεως
2867 1571 3215 1646 ἐντελεστέραν
3271 1573 3464 1642 λαϐεῖν,
3549 1576 3636 1627 ὅτε
3688 1581 3774 1626 καὶ
3840 1575 3947 1643 ὤφθη

616 1657 830 1715 factam
848 1661 1116 1733 accipere
1131 1661 1363 1717 veniam
1391 1677 1401 1714 :
1423 1661 1671 1733 quando
1691 1660 1863 1716 etiam
1887 1657 2164 1731 apparuit
2191 1657 2246 1711 ill

2384 1659 2523 1729 αύτῷ
2575 1661 2600 1712 ὀ
2655 1663 2860 1734 Κύριος,
2908 1663 2977 1724 ὡς
3032 1668 3290 1735 προϊόντες
3346 1665 3663 1737 εὑρήσομεν.
3739 1667 3854 1735 Τρὶς
3890 1657 3950 1712 οὖν

619 1749 922 1817 Dominus,
970 1750 1148 1806 veluti
1200 1752 1260 1806 in
1305 1751 1694 1821 sequentibus
1727 1745 2255 1804 inveniemus.Tri-

2312 1752 2343 1806 Β
2387 1746 2636 1816 ἀπελθὼν,
2717 1753 2776 1802 τὸ
2865 1750 3110 1826 τριπλοῦν
3200 1750 3470 1805 κάντεῦθεν
3569 1761 3664 1813 τῆς
3739 1754 3948 1825 ἀρνήσεως

613 1852 694 1893 na
718 1853 859 1906 ergo
913 1838 1032 1894 vice
1065 1838 1141 1894 ad
1193 1838 1533 1911 sepulcrum
1584 1838 1890 1900 accedens,
1936 1837 2147 1892 trinem
2196 1851 2249 1890 Cl

1077 1838 1141 1894 1d
1193 1838 1533 1911 sepulcrum
1584 1838 1890 1900 accedens,
1936 1837 2147 1892 trinem
2196 1851 2271 1890 cu
2385 1837 2713 1912 ἐθεράπευσε.

613 1926 767 1983 ravit
798 1927 1198 1998 negationem.

1003 2015 1158 2070 CAP.
1195 2016 1454 2071 LXXXIII.
1508 2014 1590 2070 De
1619 2013 1845 2084 Cleopa.

2772 2025 2918 2073 ΚΕΦ.
2949 2017 3068 2072 ΠΓ’.
3105 2025 3226 2094 Περὶ
3259 2027 3352 2072 τοῦ
3398 2020 3604 2077 Κλοπᾶ.

684 2103 848 2160 Vers.
899 2103 983 2160 I3.
1025 2105 1106 2159 Et
1154 2120 1282 2161 ecce
1337 2136 1400 2147 ——
1457 2104 1758 2159 Emmaus.
1804 2101 2020 2157 Ultimo
2077 2103 2270 2173 capite

2453 2111 2554 2160 Καὶ
2657 2103 2774 2160 ἰδοὺ
2867 2139 2936 2150 --
3029 2108 3309 2181 Ἐμμαοῦς.
3400 2110 3482 2163 Ἐν
3565 2118 3640 2180 τῷ
3717 2106 3942 2173 τελευταίῳ

616 2194 913 2264 Evangelii
947 2193 1279 2249 secundum
1307 2194 1568 2248 Marcum
1593 2208 1813 2265 quaere,
1849 2191 1948 2245 ubi
1977 2190 2220 2262 ponitur

2380 2195 2639 2267 κεφαλαίῳ
2721 2203 2812 2248 τοῦ
2894 2199 3030 2248 κατά
3089 2197 3304 2271 Μάρκον
3384 2198 3618 2258 ζήτησον
3693 2200 3790 2248 τό·
3836 2194 3940 2247 Μετὰ

617 2283 752 2339 Post
785 2283 908 2340 haec
928 2291 1112 2340 autem
1155 2283 1373 2339 duobus
1399 2299 1475 2340 ex
1503 2283 1644 2352 ipsis
1671 2281 2131 2347 ambulantibus,
2161 2295 2253 2348 ap-

2382 2280 2438 2336 δὲ
2518 2291 2686 2336 ταῦτα
2753 2280 2914 2336 δυσὶν
2991 2283 3044 2348 ἐξ
3131 2285 3299 2338 αὐτῶν
3395 2292 3776 2360 περιπατοῦσιν
3851 2281 3936 2352 ἐφα-

609 2373 816 2443 paruit
853 2373 916 2429 in
961 2373 1086 2429 alia
1127 2373 1318 2442 forma
1367 2372 1638 2429 euntibus
1663 2387 1764 2424 rus
1792 2371 1860 2434 99,
1897 2375 1953 2424 et
2005 2375 2216 2424 caetera

2377 2374 2571 2446 νερώθη
2642 2371 2690 2425 ἓν
2783 2373 2928 2446 ἑτέρᾳ
2979 2382 3176 2447 μορφῇ,
3242 2379 3611 2448 πορευομένοις
3684 2373 3751 2434 εἰς
3794 2371 3932 2444 ἀγρόν,

613 2467 670 2520 et
699 2461 828 2534 lege
886 2461 1114 2518 illorum
1169 2462 1627 2518 enarrationem.
1673 2458 1959 2514 Conducit
1997 2458 2154 2513 enim
2189 2475 2249 2512 ac

2377 2466 2466 2514 καὶ
2543 2465 2610 2514 τὰ
2663 2462 2779 2524 ἑξῆς
2810 2481 2824 2494 ·
2886 2467 2976 2515 καὶ
3035 2463 3288 2535 ἀνάγνωθι
3339 2467 3434 2522 τὴν
3490 2464 3739 2535 ἐξήγησιν
3785 2461 3928 2522 αὐτῶν,

612 2551 918 2624 proposita
964 2552 1132 2606 Lucae
1191 2550 1396 2607 verba.
1431 2549 1582 2605 Dixit
1620 2555 1840 2613 autem,
1883 2563 1952 2604 ea:
1975 2548 2119 2613 illis,
2152 2547 2248 2602 hor

2376 2554 2814 2623 χρησιμεύουσαν
2873 2551 2941 2612 εἰς
2995 2554 3060 2604 τὰ
3110 2557 3420 2627 προκείμενα
3478 2554 3616 2628 ῥητὰ
3645 2560 3730 2605 τοῦ
3773 2553 3926 2603 Λουκᾶ-

612 2647 699 2698 est
739 2640 1104 2714 simpliciter,
1159 2657 1230 2695 ex
1272 2639 1553 2695 omnibus
1591 2637 1730 2695 illis.

2379 2640 2460 2702 Ἐξ,
2494 2640 2662 2692 αὐτῶν
2694 2637 2752 2693 δὲ
2782 2637 2914 2693 εἶπεν
2951 2641 3144 2705 ἁπλῶς,
3179 2642 3336 2714 ἤγουν
3366 2641 3423 2694 ἐκ
3476 2652 3577 2694 τῶν
3630 2642 3746 2694 ὣιων
3790 2639 3925 2711 μαθη-

2377 2749 2496 2782 των.

685 2819 852 2873 Vers.
892 2820 973 2871 14.
1019 2819 1084 2872 Et
1115 2848 1180 2857 —
1213 2817 1323 2872 his.
1375 2817 1452 2870 De
1490 2831 1657 2870 cruce
1689 2815 1989 2886 signisque
2029 2815 2267 2870 horren-

2449 2819 2639 2873 Καὶ-
2682 2821 2895 2870 τούτων.
2933 2823 3056 2891 Περί
3082 2838 3135 2871 τε
3184 2826 3274 2872 τοῦ
3305 2829 3562 2896 σταυροῦ,
3595 2825 3679 2872 καὶ
3706 2825 3790 2870 τῶν
3816 2832 3917 2870 τηνι-

610 2905 726 2971 dis,
768 2922 904 2978 qua:
945 2911 1080 2961 tunc
1102 2905 1257 2960 facta
1296 2910 1482 2968 erant,
1513 2906 1585 2958 de
1613 2903 1882 2975 sepulcro
1915 2911 1969 2958 et
1997 2904 2090 2958 his
2129 2920 2246 2974 qua

2376 2915 2542 2958 καῦτα
2571 2905 2793 2982 φοϐερῶν
2823 2913 3076 2980 σημείων,
3109 2912 3315 2970 καὶτῆς
3348 2918 3546 2981 ταφῆς,
3573 2913 3761 2961 καὶτῶν
3792 2901 3911 2967 ἄκη·

611 3011 648 3051 a
687 2993 1036 3050 mulieribus
1092 2993 1426 3048 renuntiata
1481 2991 1734 3058 fuerant,
1781 3009 1850 3048 ac
1889 2991 1963 3047 de
2003 3007 2247 3048 resurre'

2376 2995 2652 3066 γελθέντων
2672 2997 2772 3048 ὑπὸ
2798 3004 2896 3047 τῶν
2926 3005 3182 3068 γυναικῶν
3221 3002 3338 3072 περὶ
3375 3005 3473 3059 τῆς
3522 2997 3813 3051 ἀναστάσεως
3847 2993 3910 3039 7θῦ

609 3083 804 3140 ctione
833 3082 1085 3138 Domini.

964 3082 1085 3138 lini.
2305 3104 2346 3160 ρ
2381 3083 2600 3156 Κυρίου.

684 3173 844 3230 Vers.
874 3172 960 3228 15.
993 3172 1074 3227 Et
1099 3202 1160 3212 —
1188 3171 1325 3227 illis.
1359 3169 1870 3244 Conquisitionem
1920 3174 2086 3226 vocat
2121 3169 2268 3226 ima-

2256 3199 2268 3212 -
2452 3177 2551 3224 Καὶ
2581 3204 2646 3212 -
2681 3173 2877 3236 αὐτοῖς.
2925 3174 3222 3235 Συξήτησιν
3281 3173 3413 3246 λέγει
3443 3181 3544 3236 τὴν
3576 3175 3776 3238 ἐξέτασιν,
3799 3164 3892 3226 οἷον,

603 3263 825 3334 ginem,
873 3267 1015 3334 puta
1049 3279 1062 3314 :
1111 3261 1442 3327 Quomodo,
1478 3277 1616 3315 cum
1649 3259 1780 3316 talis
1835 3263 2008 3325 esset,
2043 3259 2239 3330 hujus-

2374 3269 2502 3332 πῶς,
2543 3269 2774 3325 τοιοῦτος
2804 3264 2892 3334 ὧν,
2921 3271 3144 3316 τοιαῦτα
3167 3266 3384 3317 πεπονθε
3417 3280 3430 3331 ;
3461 3271 3557 3319 καὶ
3585 3272 3684 3326 πῶς
3703 3253 3901 3312 Emicath

602 3351 768 3409 modi
807 3368 1025 3424 passus
1055 3350 1192 3406 est?
1231 3355 1286 3405 et
1315 3349 1648 3422 quomodo,
1683 3365 1822 3405 cum
1865 3353 2135 3405 mortuus
2166 3365 2264 3406 ac-
2376 3347 2562 3409 ἀνέστη
2596 3370 2608 3421 ;

603 3441 870 3514 sepultus
927 3445 1102 3506 esset,
1162 3439 1516 3495 resurrexit?

611 3541 616 3545 ‘
675 3531 841 3586 Vers.
881 3530 969 3585 16.
1007 3529 1178 3586 Oculi
1202 3544 1335 3585 vero
1365 3559 1430 3569 —
1461 3543 1614 3586 eum.
1647 3528 1710 3584 In
1739 3526 1851 3583 hoc
1877 3526 2072 3584 solum
2104 3531 2247 3584 tenes

2443 3530 2508 3582 Οἱ
2535 3524 2593 3582 δὴ
2623 3529 2875 3602 ὀφθαλμοὶ
2913 3561 2982 3570 -
3015 3531 3188 3586 αὐτόν.
3221 3532 3573 3601 Ἐκρατοῦντο
3596 3530 3660 3590 εἰς
3695 3532 3820 3579 τοῦτο
3843 3522 3911 3592 ."6'

601 3619 840 3683 bantur,
878 3634 952 3674 ne
995 3634 1129 3673 eum
1171 3622 1580 3688 agnoscerent.

1551 3622 1580 3672 ἰ.
2368 3637 2470 3684 νον,
2501 3622 2559 3670 τὸ
2589 3624 2664 3692 μὴ
2694 3619 2972 3690 ἐπιγνῶναι
3014 3620 3187 3674 αὐτόν.

672 3708 837 3764 Vers.
874 3711 955 3763 t7.
986 3707 1232 3764 Dixit-
1255 3706 1454 3762 tristes
1476 3705 1505 3761 7
1532 3705 1813 3762 Confertis
1845 3705 1968 3762 sive
2003 3706 2258 3778 objicitis

2440 3704 2564 3760 Εῖπι
2605 3739 2675 3749 -
2745 3711 3045 3782 σκυθρωποί
3111 3726 3124 3777 ;
3193 3708 3568 3781 ’Δντιϐάλλετς
3617 3712 3759 3778 ἤγουν
3801 3697 3910 3750 ἀντι·

602 3802 659 3855 et
695 3797 1011 3871 inquiritis.

2367 3799 2568 3849 τιθέατε
2595 3797 2707 3869 (85)
2739 3799 2768 3856 ἣ
2794 3797 3073 3860 ἐξετάζετε.

671 3887 834 3944 Vers.
864 3886 952 3942 18.
985 3885 1350 3956 Respondens
1382 3914 1447 3925 —-
1473 3885 1676 3941 diebus
1713 3885 1868 3940 illis?
1904 3884 2156 3958 Cognito
2183 3901 2257 3942 ex

2438 3886 2760 3960 Ἀποκριθεὶς
2792 3917 2858 3928 -—-
2889 3888 3102 3961 ἡμέραις
3136 3890 3351 3949 ταύταις
3389 3905 3402 3954 ;
3445 3888 3575 3942 Ἀπὸ
3603 3903 3652 3937 τε
3673 3878 3911 3948 τῆςφωνῆς

597 3993 746 4035 voce
803 3982 859 4034 et
887 3976 1094 4032 habitu
1126 3975 1288 4048 quod
1313 3981 1368 4029 ct
1396 3975 1522 4046 ipse
1556 3973 1792 4030 Judaeus
1832 3981 2004 4039 esset,
2039 3975 2233 4047 impro

2366 3980 2454 4027 καὶ
2483 3986 2574 4037 τῆς
2607 3975 2790 4036 στολῆς
2819 3980 3038 4046 γνόντες,
3065 3977 3146 4027 ὄτι
3178 3973 3434 4037 Ἰουδαῖος
3480 3981 3569 4030 καὶ
3612 3972 3745 4029 αὐτὸς
3779 3967 3907 4020 ἔστιν,

601 4071 830 4140 perant,
851 4081 974 4121 non
991 4065 1152 4137 quod
1171 4063 1333 4119 solus
1349 4063 1475 4136 ipse
1502 4063 1906 4119 diversaretur
1924 4064 2237 4136 Hierosoly‘

2365 4061 2736 4132 ὀνειδίζουσιν,
2767 4064 2872 4137 ούχ
2898 4067 2966 4126 ὡς
2995 4070 3146 4136 μόνον
3175 4074 3536 4136 παροικοῦντα
3649 4053 3909 4132 (86)’Ῐ⁶Ρ⁰ν’

600 4139 735 4220 mis,
767 4154 870 4210 sed
901 4154 1066 4226 quod
1105 4152 1726 4224 solusignoraretquaa
1753 4153 2036 4208 omnibus
2065 4153 2148 4208 ibi
2173 4153 2230 4208 di

2365 4153 2561 4225 σαλῆμν
2585 4152 2690 4205 ἀλλ’
2714 4154 2778 4213 ὡς
2806 4158 2960 4226 μόνον
2992 4152 3276 4224 ἀγνοοῦντα
3303 4157 3366 4206 τὰ
3393 4161 3529 4207 πᾶσι
3555 4157 3652 4211 τοῖς
3677 4139 3905 4232 παροικοξλ

599 4242 970 4298 versantibus
990 4246 1132 4297 nota
1162 4245 1329 4296 erant
1357 4257 1368 4294 :
1411 4241 1472 4299 et
1510 4239 1868 4311 increpando
1893 4241 2100 4296 dicunt
2129 4255 2141 4294 :
2169 4241 2235 4296 Tl

2365 4263 2446 4294 σιν
2479 4241 2793 4315 ἐγνωσμένα,
2849 4247 2937 4294 καί
2985 4263 3140 4315 φασιν
3182 4242 3576 4303 ἓπιπληκτικὼς’
3608 4243 3666 4292 Σὺ
3710 4237 3900 4305 μόνοςεκ

599 4331 759 4387 solus
790 4347 861 4386 ex
889 4329 1172 4386 omnibus
1219 4329 1320 4401 qui
1354 4327 1778 4401 Hierosolymis
1837 4328 2133 4395 habitant,
2161 4331 2235 4386 di-

2362 4334 2566 4384 πάντων
2619 4340 2719 4383 τῶν
2771 4335 3160 4405 παροικούντων
3207 4341 3270 4405 τῇ
3317 4331 3643 4407 Ἰερουσαλὴμ
3683 4328 3899 4392 παροικεις

597 4415 853 4478 versaris
892 4420 953 4476 in
990 4417 1320 4475 Jerusalem
1365 4418 1674 4488 ignorans,
1719 4433 1856 4490 quae
1886 4418 1948 4474 in
1986 4434 2058 4475 ea
2095 4418 2233 4476 facta

2286 4457 2331 4512 ι)
2361 4418 2722 4495 Ἰερουσαλὴμ,
2751 4425 2822 4494 μὴ
2881 4427 3152 4494 γινώσκων
3190 4425 3255 4475 τὰ
3298 4405 3545 4494 γενόμενα
3585 4414 3682 4489 (87)
3723 4408 3764 4460 ἒν
3808 4405 3895 4454 ταῖς

599 4515 740 4566 sunt
776 4509 869 4566 his
908 4508 1118 4565 diebus
1154 4508 1182 4565 ?

2289 4508 2321 4512 ⁷
2362 4512 2577 4584 ἡμέραις
2603 4513 2817 4570 ταύταις
2851 4527 2864 4577 ;
3871 4575 3878 4588 Ι

670 4599 838 4657 Vers.
864 4601 950 4656 19.
979 4600 1054 4655 Et
1076 4630 1144 4638 —
1163 4613 1310 4669 quae.
1345 4595 1744 4668 Ignorantiam
1767 4595 1959 4666 ﬁngit,
1986 4599 2049 4652 ut
2068 4596 2249 4654 etiam

2244 4617 2249 4654 ι
2436 4603 2536 4652 Καὶ
2590 4631 2656 4638 -
2709 4606 2836 4651 ποῖα
2885 4618 2897 4667 ;
2957 4606 3329 4675 Προσποιεῖται
3389 4602 3599 4672 ἄγνοιαν,
3679 4587 3747 4635 ἵνα
3789 4591 3880 4675 :9“

597 4707 671 4749 ex
709 4705 807 4746 ore
839 4690 1076 4746 illorum
1102 4687 1308 4743 audiat
1335 4703 1472 4760 quas
1512 4701 1549 4742 a
1586 4686 1764 4741 corde
1785 4701 1994 4742 eorum
2024 4701 2233 4758 cogno-

2887 4658 2896 4667 .
3003 4658 3013 4675 ,
3432 4658 3446 4672 ,
3818 4664 3826 4673 Ι

2237 4717 2250 4726 .
2363 4685 2456 4742 διὰ
2545 4691 2801 4760 στόματος
2853 4687 3020 4740 αὐτῶν
3085 4689 3289 4763 ἀκούσῃ
3358 4688 3391 4741 ἀ
3432 4685 3518 4740 διὰ
3577 4685 3656 4736 τῆς
3691 4658 3873 4766 mediis;

597 4744 822 4846 scebat,
841 4744 924 4835 “et
943 4778 1025 4835 ita
1062 4776 1335 4848 objurget
1355 4744 1454 4831 lac
1483 4774 1746 4845 increpet
1774 4773 1922 4831 illos.
2099 4744 2134 4758 υ

2363 4776 2530 4829 αὐτῶν
2585 4774 2856 4848 ἐγίνωσκε,
2914 4781 3004 4830 καὶ
3060 4777 3225 4839 οὕτως
3276 4773 3521 4848 ὀνειδίσῃ,
3551 4769 3626 4820 καὶ
3664 4744 3874 4816 δπιπληξτὲ

2364 4866 2563 4926 αὐτοῖς.
3807 4925 3826 4942 '

665 4957 832 5014 Vers.
882 4956 968 5010 19.
1001 4953 1078 5008 At
1108 4953 1208 5008 illi
1251 4983 1320 4993 —
1366 4951 1599 5023 populo.
1641 4949 1849 5005 Virum
1898 4950 2248 5023 prophetam

2429 4956 2495 5007 Οἱ
2561 4949 2621 5006 δὲ
2670 4984 2734 4996 -
2783 4954 2933 5008 λαοῦ.
2998 4950 3204 5031 Ἀνδρα
3268 4961 3540 5029 προφήτην
3609 4940 3894 5031 αὐτὸν--ιίναι

592 5048 761 5106 illum
793 5045 975 5102 fuisse
1017 5021 1429 5116 Opinabantur,
1472 5039 1813 5111 imperfecta
1865 5021 2063 5096 adhuc
2110 5040 2223 5098 ﬁde

2357 5040 2734 5116 ὑπελάμϐανον,
2823 5041 2974 5104 ἀτελῆ
3051 5050 3229 5098 πίστιν
3319 5046 3396 5097 ἔτι
3481 5046 3676 5115 ἕγοντες.
3745 5021 3894 5092 Ἕ97⁰²

609 5183 713 5262 δη
743 5205 915 5282 Joan.
973 5231 1074 5288 ιχ,
1112 5218 1200 5278 10.
1277 5221 1324 5257 ⁸⁸
1366 5220 1543 5278 Marc.
1573 5235 1694 5289 xw,
1743 5220 1830 5278 12.

1799 5403 2025 5476 Variae
2053 5405 2382 5478 lectiones
2422 5417 2489 5478 et
2513 5417 2718 5477 natae.

665 5627 780 5706 (85)
820 5630 905 5688 Ita
941 5632 1209 5760 utergue,
1242 5639 1349 5700 pro
1373 5622 1702 5712 tamtam.
1765 5627 1955 5702 Vulgo
2008 5633 2243 5689 tantum
2425 5631 2544 5778 £86)
2575 5635 2674 5694 Τήν
2699 5637 2765 5688 Δ.

665 5706 798 5760 liccat
822 5706 1036 5763 notant
1109 5703 1467 5759 rammatici.
2451 5702 2542 5778 87)
2558 5707 2765 5778 Γινόμεν

589 5702 798 5763 etaim
822 5706 1036 5763 notant
1063 5702 1467 5760 Grammatici.

1255 5702 1467 5758 matici.
2425 5702 2542 5782 (87)
2558 5707 2806 5785 Γινόμενα
2830 5708 2891 5766 Β.
