4144 6314
1251 275 1454 421 eo“

293 385 428 449 1097
1251 310 1674 505 εοψέξῖδῖτ.
1737 380 1821 438 IN
1859 383 1900 439 L

2047 385 2122 442 M.
2163 419 2230 428 —
2261 388 2414 444 CAP.
2449 391 2645 448 XXIV.

1533 489 1664 562 τὰς
1752 505 1908 563 atau—
1947 513 1988 565 A
2022 514 2125 568 Per
2171 529 2323 586 opus
2375 516 2575 588 itaque
2632 517 2803 588 signa
2833 518 3087 590 intellige
3131 540 3143 580 :
3183 536 3291 593 per
3330 537 3668 581 sermonem

297 521 388 590 μὲν
480 515 564 570 οὖν
633 522 731 570 νόει
805 521 866 569 τὰ
944 523 1134 588 σημαῖαι,
1175 514 1314 582 ’λογον

304 609 539 668 σκαλίλις.

372 783 546 844 Ὀπως
582 813 643 822 —-
683 782 854 835 αὐτὸν.
890 783 973 844 Εἰς
997 779 1273 838 καταδίκην
1313 773 1561 830 θανάτου-

375 878 545 943 Ἥμιίς
649 902 716 910 —
800 871 1027 943 Ἰσραήλ.
1121 871 1427 940 ἰιλπίζομεν
1525 863 1696 918 αὐτὸν
1780 866 1906 920 εἶναι

297 966 385 1013 τὸν
439 963 538 1012 ὑπὸ
618 970 716 1012 τῶν
803 966 1011 1034 Γραφών
1090 959 1554 1030 καταγγιλλὸμενω
1642 958 1904 1033 λυτρωτὴν

301 1055 448 1124 ἡμῶν
513 1070 525 1081 '
602 1057 690 1100 νῦν
794 1047 852 1102 δὲ
935 1050 1092 1109 οὕτως
1197 1048 1520 1101 ἀποθανόντα
1609 1046 1906 1105 ἀπηλπίσα-

301 1159 393 1211 μεν
423 1139 554 1210 (88).

375 1227 528 1279 Ἀλλά
566 1245 626 1297 γε
657 1258 717 1266 -
747 1225 958 1297 ἐγένετο.
989 1259 1054 1266 -
1081 1231 1174 1279 Σὺν
1207 1233 1337 1278 πᾶσι
1364 1230 1588 1288 τούτοις,
1623 1226 1738 1278 ἀντὶ
1790 1234 1900 1293 τοῦ,

306 1326 344 1370 Π
355 1320 514 1369 άντων
541 1319 734 1368 τούτων
758 1321 1054 1387 γενομένων.

376 1405 532 1460 Ἀλλά
562 1410 652 1456 καὶ
705 1436 773 1444 —
827 1405 943 1476 ζῇν.
1002 1410 1242 1468 Γυναῖκες
1273 1426 1402 1468 τινες
1428 1405 1480 1467 ἐξ
1534 1408 1698 1478 ἡμῶν,
1741 1409 1902 1476 ἤγουν

302 1497 569 1567 ἡμέτεραι,
595 1494 624 1551 ἡ
651 1497 718 1554 ὡς
747 1496 898 1566 ἡμεῖς
928 1500 1139 1550 πισταί,
1178 1500 1331 1564 Λέγει
1355 1492 1414 1547 δὲ
1441 1498 1532 1556 τὰς
1557 1498 1673 1566 περὶ
1699 1498 1903 1566 Μαρίαν

300 1589 393 1641 τὴν
438 1579 816 1653 Μαγδαληνήν.
875 1583 1193 1645 Ἐξέστησαν
1249 1581 1307 1636 δὴ
1372 1586 1524 1656 ἡμᾶς,
1583 1586 1652 1644 ὡς
1706 1583 1904 1635 amara

304 1670 796 1745 διισχυριζόμεναι.

3510 365 3672 453 ιιορε

2020 617 2178 668 vero,
2223 603 2545 661 doctrinas.
2664 660 2666 662 ,

2089 691 2248 747 Vers.
2277 696 2364 749 20.
2391 695 2681 762 Quomodo
2734 727 2802 737 —-
2837 713 2980 752 eum.
3030 699 3151 755 Hoc
3201 701 3264 757 in
3319 702 3453 758 loco
3479 707 3664 777 κρίμα,

2014 781 2324 848 iudicium,
2353 785 2586 853 capitur
2624 800 2732 856 pro
2765 787 3298 847 Condemnatione.

2089 869 2247 926 Vers.
2277 872 2363 926 21.
2394 873 2511 928 Nos
2553 904 2622 913 —-
2649 875 2846 931 Israel.
2884 878 3314 948 Sperabamus,
3339 883 3502 954 quod
3536 883 3667 956 ipse

2015 965 2168 1016 esset
2202 961 2535 1034 redemptor
2573 968 2774 1021 noster
2831 967 2935 1037 qui
2985 967 3302 1040 Scripturis
3349 974 3668 1030 annuntia-

2014 1047 2206 1105 batur.

2088 1225 2242 1282 Vers.
2278 1229 2365 1283 21.
2389 1230 2573 1300 Atqui
2597 1262 2664 1272 —
2689 1234 2860 1301 facta
2885 1242 3037 1290 sunt.
3077 1237 3224 1294 Cum
3244 1237 3342 1294 his
3383 1240 3663 1313 omnibus,

2015 1313 2126 1369 hoc
2173 1320 2284 1380 est,
2319 1317 2485 1373 factis
2507 1319 2600 1374 his
2629 1323 2933 1378 omnibus.
3411 1350 3415 1354 ·

2086 1403 2249 1459 Vers.
2303 1408 2391 1460 22.
2439 1407 2550 1463 Sed
2603 1416 2659 1464 et
2709 1412 2958 1467 —Vers.
2999 1418 3087 1470 23.
3139 1418 3353 1473 vivere.
3388 1418 3668 1474 Mulieres

2011 1493 2292 1564 quaedam
2333 1512 2406 1551 ex
2436 1497 2622 1567 nobis,
2674 1501 2798 1555 sive
2828 1507 3061 1570 nostra},
3095 1512 3199 1560 aut
3247 1506 3473 1575 ﬁdeles,
3518 1509 3669 1564 sicut

2011 1586 2066 1636 et
2092 1597 2226 1636 nos.
2263 1584 2624 1644 Dicitautem
2645 1589 3088 1661 illas,quaacum
3119 1595 3299 1649 Maria
3325 1597 3665 1668 Magqalene

2013 1676 2196 1736 erant,
2228 1679 2284 1728 et
2300 1674 2492 1746 ipsam
2522 1677 2937 1748 Magdalenen.
2954 1681 3286 1737 Attonitosa
3303 1684 3536 1753 intquit,
3553 1701 3666 1741 nos

2013 1759 2418 1825 reddiderunt,
2441 1769 2642 1835 utpote
2667 1767 3033 1823 incredibilia
3055 1777 3486 1828 asseverantes.

375 1851 478 1904 Kal
507 1880 570 1888 -—
602 1858 868 1922 μνημεῖον.
908 1856 1096 1924 Πέτρος
1127 1857 1214 1903 καὶ
1257 1851 1515 1919 Ἰωάννης,
1567 1852 1631 1910 ὡς
1661 1854 1903 1924 προειρή-

2083 1848 2246 1906 Vers.
2277 1855 2364 1905 2i.
2397 1854 2462 1906 Et
2494 1885 2562 1894 —-
2595 1863 3054 1914 monumentum.
3083 1858 3292 1914 Petrus
3322 1859 3587 1918 videlicet
3612 1868 3670 1919 et

305 1961 484 1994 καιιεν.

375 1995 384 2013 1

379 2039 478 2086 Kal
503 2065 571 2075 -
603 2031 740 2086 εἶδον
772 2063 838 2071 --
877 2031 1035 2103 Εὗρον
1066 2031 1220 2096 οὕτω,
1264 2032 1550 2096 τουτέστιν,
1583 2028 1706 2099 Οὐχ
1760 2029 1904 2103 εὖρον

302 2129 362 2179 τὸ
389 2135 542 2198 σῶμα
562 2127 742 2190 αὐτοῦ.

379 2221 478 2267 Καὶ
510 2247 570 2256 -
606 2223 774 2288 προφῆ
788 2212 1173 2270 ταιοἊνοήτους
1199 2214 1287 2282 μὲν
1316 2211 1500 2271 αὖτοὺς
1531 2211 1637 2281 (89)
1669 2210 1906 2281 ὠνόμασε

305 2301 574 2378 διεγείρων
607 2305 776 2376 ἠρέμα
805 2306 931 2375 πρὸς
955 2300 1232 2370 ἐπίγνωσιν
1258 2307 1413 2351 αὑτοῦ
1444 2317 1454 2328 ·
1486 2295 1706 2371 βραδεῖς
1757 2296 1815 2351 δὲ
1841 2308 1900 2371 τῇ

301 2391 519 2468 καρδίᾳ,
555 2397 618 2453 ὡς
649 2395 874 2465 νωθροὺς
901 2390 972 2452 εἰς
997 2393 1054 2441 τὸ
1083 2392 1344 2440 πιστεύειν
1372 2387 1454 2440 ἐπὶ
1484 2395 1665 2457 πᾶσιν,
1698 2388 1772 2449 oi;
1797 2388 1906 2439 ἐλά-

303 2483 468 2538 λησαν
500 2485 548 2534 al
578 2489 838 2556 προφῆται
867 2485 984 2553 περί
1011 2498 1064 2530 τε
1111 2486 1199 2531 τοῦ
1244 2480 1464 2530 θανάτου
1492 2482 1581 2528 καὶ
1621 2484 1714 2537 τῆς
1750 2477 1904 2528 ἀνασ-

303 2574 502 2633 τάσεως
529 2571 711 2623 αὐτοῦ.

376 2661 520 2731 Οὐχὶ
553 2691 618 2700 ~-
651 2659 811 2711 αὑτοῦ
846 2665 1079 2725 ;Ταῡτα,
1129 2656 1165 2708 ἃ
1213 2655 1464 2714 ἐλάλησαν
1515 2659 1562 2708 οἱ
1620 2663 1901 2727 προφῆται.

303 2749 462 2813 Δόξαν
488 2747 548 2802 δὲ
579 2750 755 2815 αὐτοῦ,
815 2753 908 2805 τὴν
957 2754 1047 2806 τῆς
1101 2749 1361 2806 θεότητος.
1400 2744 1524 2798 Κατ’
1563 2745 1816 2818 ἐρώτησιν
1847 2743 1904 2796 δὲ

302 2840 470 2910 λόγος.

382 3022 480 3069 Καὶ
513 3047 575 3055 —-—
610 3021 814 3070 εαυτοῦ.
849 3014 973 3067 Ἀπὸ
1000 3017 1281 3077 Μωῡσέως,
1333 3017 1494 3083 ἤγουν
1528 3011 1627 3064 ἀπὸ
1659 3019 1758 3064 τῶν
1788 3018 1904 3064 Μω-

309 3113 502 3158 σαίκών
533 3104 746 3175 βίϐλων.

383 3200 481 3247 Καὶ
517 3226 574 3233 -—
604 3192 920 3264 ἐπορεύοντο.
955 3191 1122 3244 Ὀπου
1155 3191 1470 3264 ἐπορεύοντο.

381 3289 479 3335 Καὶ
519 3283 931 3352 -πορεύεσθαι,
994 3281 1416 3352 Ἐσχηριατίζετο
1455 3279 1760 3354 πορρωτέρω
1811 3298 1903 3330 πο-

301 3374 566 3448 ρεύεσθαι,
589 3374 656 3432 ὡς
689 3370 857 3430 ἁπλῶς
890 3367 1280 3442 συνοδοιπόρος.

379 3462 479 3515 Καὶ
506 3492 573 3500 -
601 3461 785 3532 ἡμέρα.
817 3457 1042 3511 ’Έκλινεν
1074 3460 1145 3520 εἰς
1169 3463 1225 3509 τὸ
1251 3457 1428 3512 δῦναι.

380 3644 478 3692 Kal
509 3669 575 3680 —
632 3638 819 3692 αὐτων.
876 3634 1110 3691 ’ἰδόντων
1141 3641 1233 3694 τὴν
1278 3639 1476 3694 συνήθη
1522 3641 1610 3688 καὶ
1645 3642 1900 3709 γνώριμον

308 3728 536 3798 εὐλογίαν
567 3735 658 3779 τοῦ
681 3729 863 3802 ἄρτου.
905 3732 1032 3780 Τότε
1073 3730 1172 3801 γὰρ
1217 3727 1665 3798 συνεχωρήθησαν
1691 3724 1902 3796 ἐπιγνῶ-

307 3835 392 3866 ναι
416 3816 589 3870 αὐτόν.

384 3910 482 3958 Καὶ
505 3935 569 3946 --
607 3905 779 3958 αὐτόν.
811 3904 922 3957 Ἰνα
945 3909 1016 3977 μὴ
1061 3901 1396 3979 βραδύνωσιν
1419 3907 1513 3972 ἔτι,
1546 3902 1672 3955 ἀλλὰ
1715 3905 1904 3974 τάχιον

307 3993 708 4068 ὑποστρέψωσιν
746 3998 816 4055 εἰς
846 3998 961 4054 τοὺς
1012 3995 1253 4066 μαθητάς
1283 4009 1297 4023 ⁶
1330 3992 1561 4045 ἐϐούλετο
1599 3995 1700 4066 γὰρ
1745 3993 1904 4050 αὐθη-

307 4088 458 4159 μερὸν
492 4084 872 4155 ἐμφανισθῆναι
892 4089 1052 4135 πᾶσιν
1082 4083 1269 4141 αὐτοῖς.

379 4175 482 4228 Καὶ
515 4203 576 4213 -—
609 4173 816 4246 Γραφοξς
848 4187 861 4235 ;
894 4175 1170 4244 Καιομένη,
1221 4180 1380 4242 ἤγουν
1434 4171 1729 4243 σφύζουσα,
1775 4171 1903 4222 παλ-

307 4263 488 4334 λομένη
501 4301 512 4313 .

383 4358 473 4402 Καί
519 4382 576 4391 -
603 4349 962 4424 Ἰερουσαλήμ.
1016 4351 1338 4408 Ἀνέστησαν
1381 4349 1510 4421 αὐτῇ
1562 4357 1623 4420 τῇ
1683 4351 1810 4424 ὥρᾳ,
1845 4349 1902 4401 οὐ

307 4444 408 4511 μὴν
442 4439 569 4511 αὐτῇ
595 4447 655 4512 τῇ
686 4442 794 4512 ὥρᾳ
822 4440 1146 4514 ὑπέστρεψαν
1188 4455 1200 4469 ·
1245 4438 1490 4501 ἐξήκοντα
1520 4441 1621 4510 γὰρ
1673 4435 1902 4490 σταδίων

2013 1937 2294 2004 Joannes,
2330 1947 2393 1996 ut
2425 1943 2812 2012 praediximus

2088 2027 2248 2083 Vers.
2306 2031 2392 2084 24.
2427 2033 2490 2086 Et
2523 2063 2590 2074 —
2621 2035 2910 2090 viderunt.
2945 2067 3013 2076 —
3042 2035 3138 2094 Ita
3175 2038 3518 2096 invenerunt
3549 2041 3664 2098 hoc

2015 2121 2123 2185 est,
2154 2119 2281 2173 Non
2312 2120 2665 2177 invenerunt
2708 2139 2919 2196 corpus
2954 2126 3100 2196 ejus.

2085 2206 2249 2261 Vers.
2299 2208 2387 2263 25.
2416 2211 2484 2264 Et
2524 2242 2592 2250 —
2618 2213 2942 2282 prophetae.
2980 2218 3317 2272 lnsensatos
3355 2218 3486 2274 illos
3517 2219 3664 2277 dixit

2017 2297 2189 2351 tacite
2231 2298 2310 2353 ad
2361 2299 2453 2354 sui
2497 2301 2899 2370 cognitionem
2929 2306 3193 2362 excitans
3232 2329 3244 2372 ;
3292 2308 3493 2364 tardos
3524 2326 3658 2365 vero

2015 2385 2215 2454 corde,
2295 2392 2498 2459 utpote
2574 2391 2776 2446 tardos
2860 2393 2936 2448 ad
2994 2396 3355 2451 credendum
3416 2413 3486 2453 ea
3523 2415 3660 2470 qua:

2017 2475 2320 2546 prophetae
2397 2477 2579 2533 locuti
2626 2477 2864 2536 fuerant
2936 2481 3010 2538 de
3095 2489 3285 2540 morte
3319 2490 3374 2541 et
3405 2502 3661 2542 resurre-

2013 2563 2205 2618 ctione
2249 2564 2455 2636 ipsius.

2083 2651 2246 2707 Vers.
2321 2657 2410 2709 26.
2468 2656 2670 2713 Nonne
2720 2688 2790 2701 —-
2838 2675 3024 2717 suam.
3062 2661 3214 2727 Haec,
3237 2679 3373 2733 qua
3396 2663 3666 2721 videlicet

2012 2739 2190 2797 locuti
2217 2741 2452 2799 fuerant
2477 2747 2802 2818 prophetae.
2835 2749 3092 2805 Gloriam
3121 2767 3317 2817 suam,
3345 2769 3476 2822 qua
3505 2753 3664 2810 vide-

2011 2828 2145 2885 licet
2174 2839 2432 2889 suaserat
2457 2834 2799 2892 divinitatis.
2828 2840 2930 2894 Est
2949 2844 3148 2896 autem
3172 2841 3660 2912 interrogatorius

2014 2935 2233 2980 sermo.

2083 3012 2246 3066 Vers.
2301 3015 2390 3066 27.
2446 3013 2510 3066 Et
2542 3045 2608 3052 —
2653 3015 2798 3083 ipso.
2854 3017 3086 3074 AMose
3146 3020 3268 3076 sive
3323 3022 3654 3079 aMosaicis

2011 3101 2196 3157 libris.

1935 3206 1973 3260 ο
2084 3190 2245 3245 Vers.
2280 3189 2365 3243 28.
2399 3190 2464 3244 Et
2496 3221 2564 3230 —
2593 3191 2775 3246 ibant.
2809 3194 2936 3258 Quo
2969 3193 3157 3251 ibant.

2084 3279 2244 3334 Vers.
2302 3283 2388 3333 28.
2441 3282 2505 3334 Et
2553 3311 2601 3320 -
2644 3281 2747 3336 ire.
2794 3283 3135 3349 Simulabat,
3185 3303 3246 3342 se
3277 3287 3517 3357 longius
3559 3290 3661 3356 ire,

2012 3373 2295 3440 tanquam
2338 3367 2595 3433 vulgaris
2625 3386 2827 3426 comes
2855 3371 3060 3429 fuisset
3098 3375 3339 3430 itineris.
3422 3424 3426 3428 .

2080 3457 2248 3512 Vers.
2297 3460 2383 3511 29.
2439 3459 2504 3512 Et
2552 3488 2610 3498 --
2669 3459 2808 3514 dies.
2861 3460 3180 3517 inclinatus
3226 3471 3312 3518 est
3369 3465 3446 3520 ad
3495 3481 3664 3522 occa-

2011 3562 2167 3601 sum.

2081 3636 2247 3689 Vers.
2300 3639 2388 3690 29.
2433 3637 2497 3690 Et
2549 3667 2618 3674 —
2647 3637 2807 3691 Vers.
2843 3642 2929 3694 31.
2965 3654 3117 3694 eum.
3174 3643 3318 3697 Cum
3358 3643 3662 3712 vidissent,

2014 3729 2316 3779 assuetam
2365 3739 2434 3779 ac
2459 3725 2756 3795 cognitam
2793 3727 3446 3796 panisbenedictionem
3479 3752 3494 3801 ;
3523 3748 3663 3790 nam

2014 3819 2153 3868 tunc
2177 3813 2457 3884 permissi
2489 3820 2646 3878 sunt,
2679 3821 2741 3870 ut
2773 3831 2910 3870 eum
2932 3825 3342 3886 agnoscerent.

2084 3903 2244 3958 Vers.
2311 3901 2402 3954 31.
2468 3903 2532 3956 Et
2576 3903 2839 3959 illorum.
2889 3908 2968 3959 Ne
3025 3905 3280 3977 amplius
3341 3910 3662 3977 tardarent,

2013 3991 2115 4046 sed
2167 3991 2340 4047 citius
2408 3991 2485 4046 ad
2539 3990 2862 4063 discipulos
2915 4000 3348 4052 reverterentur
3381 4016 3393 4053 :
3424 4000 3666 4056 volebat

2013 4095 2271 4150 namque
2302 4079 2513 4134 eodem
2558 4079 2654 4134 die
2682 4081 2968 4136 omnibus
3000 4083 3178 4138 simul
3213 4100 3522 4158 apparere.

2088 4168 2244 4224 Vers.
2274 4168 2360 4224 32.
2396 4169 2470 4223 Ει
2503 4199 2571 4209 -—
2611 4171 2974 4240 Scripturas.
3018 4173 3470 4242 lncendebatur,
3495 4178 3670 4234 salie-

2015 4259 2114 4315 bat
2137 4257 2272 4329 (ὁὸ),
2301 4257 2657 4314 movebatur
2693 4275 2762 4315 ac
2795 4259 3094 4319 vibrabat.

2083 4347 2242 4402 Vers.
2309 4351 2393 4402 33.
2452 4350 2514 4402 Et
2546 4379 2607 4390 —
2639 4349 2986 4406 Jerusalem.
3040 4350 3434 4410 Surrexerunt
3455 4356 3666 4413 eadem

2013 4438 2180 4505 hora,
2222 4454 2344 4494 non
2375 4443 2576 4494 tamen
2626 4440 2843 4494 reversi
2889 4445 3025 4496 sunt
3055 4442 3261 4498 eadem
3305 4443 3490 4510 hora;
3525 4461 3665 4502 nam

309 4526 369 4587 ἦν
396 4531 423 4586 ἡ
459 4526 596 4589 ὁδός.
631 4529 782 4590 Εἰκὸς
809 4526 887 4597 δὲ,
917 4528 1180 4588 κλίναντος
1212 4537 1303 4579 τοῦ
1351 4528 1519 4595 ἡλίου,
1564 4525 1779 4599 δραμεῖν
1812 4527 1903 4577 αὖ·

2049 4531 2138 4582 rat
2167 4527 2263 4583 via
2283 4527 2593 4596 sexaginta
2617 4529 2972 4585 stadiorum.
2992 4529 3316 4586 Verisimile
3335 4537 3422 4587 est
3442 4540 3667 4601 autem,

307 4622 426 4680 τοὺς
479 4620 577 4670 ὑπό
621 4623 966 4691 περιχαρείας
1008 4618 1120 4670 ὅλον
1150 4621 1207 4668 τὸ
1257 4614 1534 4689 διάστημα
1594 4620 1758 4690 μέχρι
1813 4625 1902 4676 τῆς

306 4712 510 4777 νυκτὸς,
544 4709 614 4770 εἱς
639 4708 773 4760 ὀκτὼ
804 4713 893 4759 καὶ
926 4710 1092 4779 ἣμισυ
1133 4707 1281 4778 μίλια
1328 4711 1768 4779 συμποσουμένων
1809 4715 1905 4757 τῶν

309 4796 551 4859 ἐξήκοντα
573 4793 824 4849 σταδίων.

384 4977 482 5025 Καὶ
534 5005 601 5013 -
652 4974 847 5034 αὐτοῖς,
914 4977 1010 5026 Σὺν
1096 4972 1274 5032 αὐτοῖς
1328 4969 1482 5041 ἦσαν,
1535 4975 1564 5029 ἦ
1627 4991 1757 5033 τινες
1815 4980 1914 5022 τῶν

2013 4615 2177 4687 quod
2209 4615 2538 4670 declinante
2566 4615 2688 4670 sole
2719 4617 3084 4672 cucurreriut
3112 4635 3227 4689 prae
3247 4618 3432 4675 nimio
3450 4625 3670 4690 gaudio

2015 4709 2204 4758 totum
2230 4704 2607 4760 intervallum
2649 4704 2726 4758 ad
2753 4720 2961 4759 nocem
3001 4721 3210 4776 usque,
3250 4713 3474 4777 septem
3513 4711 3648 4765 vide

2016 4792 2148 4847 licet
2173 4793 2356 4848 millia
2409 4800 2465 4848 et
2491 4792 2827 4858 dimidium,
2877 4809 3012 4864 quae
3042 4794 3102 4848 in
3157 4795 3455 4865 praedictis
3505 4804 3674 4854 erant

2026 4881 2253 4938 stadiis.

2096 4972 2258 5025 Vers.
2323 4971 2409 5026 33.
2445 4972 2511 5025 Et
2543 5001 2608 5010 —
2639 4971 2776 5026 illis.
2822 4971 2933 5037 Qui
2967 4987 3102 5027 cum
3154 4972 3265 5028 illis
3289 4980 3476 5042 erant,
3507 4983 3669 5050 puta,

1527 5148 1744 5217 Varia;
1772 5149 2103 5218 lectiones
2140 5160 2204 5217 et
2244 5159 2448 5217 notaa.

377 5348 490 5421 (88)
521 5343 800 5428 ῌῦνρὶςτ
827 5343 1216 5428 ἁπηλπίσαμεν.
1279 5344 1426 5428 Ἠεεο
1456 5344 1749 5428 interpres
1781 5359 1903 5400 non

307 5417 590 5498 agnoscit.
628 5417 829 5498 Redde
860 5434 872 5472 :
898 5417 1079 5498 μης
1102 5432 1236 5498 vero
1266 5418 1350 5473 ita
1379 5423 1678 5498 mortuum
1710 5417 1900 5498 despe-

308 5484 527 5549 νᾶηιιιε.
559 5487 1004 5560 Ιηιθιὶίεθ,αὐτὸν
1027 5484 1155 5541 εἶναι
1178 5487 1464 5563 λυτρωτὴν.
1496 5487 1686 5544 Possit
1704 5484 1902 5544 etiam.

373 5668 493 5748 (b_b)
522 5666 821 5748 Saliebpt.
842 5673 985 5748 etc._
1008 5665 1236 5748 {imisso
1275 5668 1457 5748 ﬁjouv,
1488 5665 1775 5748 interpres
1802 5680 1906 5737 pro

304 5738 546 5799 duobus
560 5739 858 5798 vocabulis
886 5738 1142 5795 reddidit
1155 5739 1572 5796 tria.Caaternm
1587 5745 1908 5810 utrumque

593 5840 833 5896 ΡΑτειοι..
869 5835 976 5894 Gn.
1019 5835 1264 5893 CXXIX.

2017 5343 2194 5399 alicui
2261 5344 2321 5399 in
2396 5349 2659 5400 mentem
2727 5347 2930 5402 venire
2999 5345 3345 5414 ἀποθανόντος
3378 5353 3672 5414 intellecto

2018 5416 2198 5490 αὐτοῦ,
2221 5416 2392 5490 Nunc
2423 5433 2558 5490 vero
2589 5416 2670 5472 ita
2690 5425 2924 5474 mortuo
2950 5419 3352 5490 desperamus.

2094 5488 2205 5560 (89)
2238 5488 2436 5550 Αὐτούς
2465 5488 2650 5544 abest.
2686 5494 2752 5544 Α.

2021 5668 2251 5742 quiqu»,
2308 5665 2592 5720 πάλλεσθαι
2635 5665 2708 5723 de
2739 5671 2917 5726 motu
2951 5672 3006 5726 et
3051 5668 3230 5742 pulsu
3281 5671 3481 5727 cordis
3538 5671 3685 5727 dici-

2020 5741 2132 5794 tur.

3371 5840 3432 5861 ην

3369 5862 3437 5893 GU
