4144 6314
580 289 599 344 1
610 286 718 345 095

650 417 816 475 Vers.
855 419 940 474 1‘2.
983 416 1059 474 Et
1091 448 1154 460 -
1186 415 1444 489 seipsum.
1483 417 1568 472 Ad
1603 433 1783 473 suum
1815 415 2230 473 diversorium.

581 507 731 562 Nam
764 511 820 563 et
855 509 1116 564 Joannes
1155 509 1228 564 de
1253 511 1416 564 Petro
1452 523 1521 563 ac
1551 506 1744 580 seipso
1775 506 1859 563 ait
1889 529 1901 562 :
1939 507 2235 564 Abierant

578 609 719 666 ergo
741 611 950 652 rursus
980 597 1060 654 ad
1087 597 1306 668 seipsos
1332 596 1607 668 discipuli
1627 597 1696 649 9°.

649 773 819 831 Vers.
861 778 941 830 t2.
971 774 1288 832 Admirans
1313 774 1472 848 quod
1494 775 1720 840 factum
1755 779 1906 830 erat.
1944 772 2235 828 Intellexit

578 862 870 919 enimnon
887 880 1020 919 esse
1041 865 1496 936 transpositam,
1525 863 1820 936 siquidem
1848 863 2067 934 alioqui
2099 861 2236 916 fuis-

577 958 664 1007 set
685 967 823 1008 cum
846 951 1290 1009 linteaminibus
1322 954 1764 1025 transpositum.
1791 956 2047 1024 Apparet
2069 965 2232 1020 ergo,

580 1039 747 1113 quod
786 1043 954 1098 tertio
980 1044 1205 1099 venerit
1226 1043 1431 1099 Petrus
1464 1042 1542 1099 ad
1583 1048 2043 1098 monumentum
2075 1057 2088 1094 :
2121 1039 2235 1112 pri-

580 1146 747 1185 mum
765 1129 1009 1203 quidem
1030 1131 1212 1196 solus,
1231 1132 1617 1200 postmodum
1644 1146 1788 1186 vero
1816 1145 1952 1185 cum
1983 1131 2230 1192 Joanne,

581 1225 754 1289 prout
775 1219 904 1291 ipse
933 1221 1193 1276 Joannes
1227 1219 1478 1293 scripsit.
1512 1223 1658 1277 Cum
1690 1222 1890 1275 autem
1918 1217 2236 1272 reversies-

581 1312 731 1378 sent,
764 1325 970 1364 rursus
993 1316 1234 1366 coactus
1255 1316 1340 1366 est
1361 1309 1523 1366 solus
1555 1325 1788 1364 currere
1818 1325 1830 1364 :
1861 1323 2056 1379 neque
2073 1306 2233 1361 enim

577 1395 739 1452 hunc
765 1399 1051 1454 sustinere
1084 1399 1350 1471 permisit
1374 1398 1596 1454 amoris
1625 1396 2016 1462 vehementia,
2047 1395 2237 1450 inten-

579 1501 835 1558 sumque
865 1487 1254 1556 desiderium,
1291 1504 1408 1559 quo
1445 1486 1786 1559 praeceptori
1821 1486 2050 1558 primus
2083 1483 2235 1539 inter

577 1573 729 1630 alios
747 1575 1070 1648 discipulos
1081 1577 1327 1648 optabat
1347 1581 1737 1638 occurrere,et
1757 1573 2089 1645 negationis
2106 1589 2234 1644 per-

579 1662 793 1719 factam
810 1665 1079 1736 accipere
1095 1665 1326 1720 veniam
1355 1681 1365 1718 :
1387 1664 1634 1737 quando
1654 1663 1826 1719 etiam
1851 1661 2128 1734 apparuit
2154 1660 2234 1715 illi

582 1753 886 1820 Dominus,
933 1753 1111 1809 veluti
1164 1755 1223 1809 in
1269 1755 1658 1825 sequentibus
1690 1753 2083 1807 inveniemus.
2111 1749 2236 1804 Tri-

575 1856 657 1897 na
682 1857 822 1911 ergo
876 1841 996 1898 vice
1028 1842 1105 1898 ad
1157 1842 1497 1914 sepulcrum
1547 1841 1854 1904 accedens,
1899 1840 2111 1896 trinem
2159 1853 2234 1894 cu

577 1930 730 1987 ravit
761 1931 1162 2001 negationem.

966 2019 1121 2074 CAP.
1159 2020 1417 2075 LXXXIII.
1471 2018 1553 2074 De
1583 2017 1809 2087 Cleopa.

648 2107 812 2164 Vers.
863 2107 946 2164 13.
988 2109 1070 2164 Et
1117 2124 1246 2165 ecce
1300 2140 1363 2150 —-
1420 2108 1723 2164 Emmaus.
1769 2105 1983 2161 Ultimo
2041 2106 2235 2176 capite

579 2198 877 2268 Evangelii
911 2197 1243 2254 secundum
1271 2198 1530 2252 Marcum
1556 2211 1777 2269 quaere,
1813 2195 1912 2249 ubi
1942 2194 2184 2265 ponitur
2218 2210 2231 2248 :

580 2288 716 2344 Post
749 2288 872 2344 haec
892 2295 1076 2344 autem
1119 2288 1338 2343 duobus
1363 2302 1438 2344 ex
1468 2287 1608 2356 ipsis
1635 2285 2095 2350 ambulantibus,
2125 2298 2234 2352 ap-

573 2379 781 2448 paruit
818 2378 881 2434 in
925 2377 1051 2434 alia
1091 2377 1282 2447 forma
1331 2377 1602 2433 euntibus
1627 2391 1729 2429 rus
1756 2375 1825 2438 ’9,
1861 2379 1918 2428 et
1969 2378 2180 2428 caetera
2214 2391 2226 2430 :

578 2472 634 2524 et
663 2467 792 2538 lege
851 2466 1078 2522 illorum
1134 2467 1592 2522 enarrationem.
1637 2462 1924 2518 Conducit
1963 2462 2119 2517 enim
2154 2461 2231 2516 ad

577 2556 883 2630 proposita
930 2557 1097 2612 Lucae
1154 2554 1361 2611 verba.
1395 2553 1546 2609 Dixit
1586 2559 1806 2617 autem,
1848 2567 1916 2608 ea:
1940 2552 2084 2617 illis,
2117 2551 2230 2606 hoc

577 2653 664 2703 est
703 2645 1069 2718 simpliciter,
1124 2661 1195 2700 ex
1237 2643 1518 2700 omnibus
1557 2641 1696 2698 illis.

650 2823 817 2878 Vers.
857 2825 938 2876 14.
983 2824 1048 2877 Et
1080 2853 1145 2862 —
1177 2822 1287 2878 his.
1339 2821 1416 2875 De
1455 2835 1622 2876 cruce
1655 2819 1954 2890 signisque
1994 2818 2232 2874 horren-

576 2911 692 2977 dis,
734 2927 870 2983 quze
910 2916 1046 2966 tunc
1068 2910 1223 2965 facta
1261 2915 1447 2973 erant,
1478 2911 1550 2963 de
1578 2909 1848 2980 sepulcro
1879 2915 1934 2963 et
1961 2907 2055 2962 his
2095 2923 2229 2978 quae

577 3016 613 3056 a
653 2998 1001 3055 mulieribus
1057 2999 1391 3054 renuntiata
1447 2996 1699 3062 fuerant,
1746 3013 1816 3052 ac
1854 2995 1928 3051 de
1967 3011 2229 3051 resurre-

575 3088 769 3146 ctione
799 3087 1050 3144 Domini.

650 3178 810 3234 Vers.
840 3177 926 3233 15.
959 3177 1040 3232 Et
1065 3207 1126 3217 -
1154 3176 1290 3232 illis.
1325 3174 1836 3248 Conquisitionem
1886 3179 2052 3230 vocat
2086 3173 2232 3230 ima-

570 3268 790 3338 ginem,
838 3271 980 3338 puta
1014 3284 1027 3318 :
1076 3265 1409 3330 Quomodo,
1443 3280 1582 3319 cum
1615 3263 1746 3320 talis
1801 3267 1974 3328 esset,
2008 3263 2226 3333 hujus-

569 3356 734 3414 modi
774 3372 991 3429 passus
1021 3354 1158 3410 est?
1197 3359 1252 3409 et
1280 3353 1614 3426 quomodo,
1649 3368 1787 3408 cum
1831 3357 2100 3408 mortuus
2132 3369 2228 3409 ac-

570 3445 836 3519 sepultus
893 3449 1068 3511 esset,
1129 3443 1482 3499 resurrexit?

642 3535 808 3590 Vers.
847 3535 935 3589 16.
973 3533 1144 3590 Oculi
1167 3548 1301 3589 vero
1331 3563 1395 3573 -—
1427 3547 1580 3590 eum.
1613 3532 1676 3588 In
1706 3530 1818 3587 hoc
1844 3529 2037 3587 solum
2069 3534 2227 3588 tene-

567 3624 806 3688 bantur,
844 3639 918 3678 ne
960 3639 1096 3677 eum
1137 3626 1547 3692 agnoscerent.

639 3712 803 3769 Vers.
840 3717 921 3768 17.
952 3711 1118 3768 Dixit
1143 3742 1198 3752 —
1222 3709 1470 3766 tristes?
1498 3709 1780 3766 Confertis
1811 3709 1934 3766 sive
1969 3709 2224 3782 objicitis

569 3806 625 3859 et
662 3801 978 3876 inquiritis.

638 3892 801 3949 Vers.
831 3891 918 3947 18.
952 3889 1317 3960 Respondeas
1349 3919 1414 3929 —
1440 3889 1642 3946 diebus
1679 3888 1834 3944 illis?
1871 3887 2121 3960 Cognito
2149 3904 2223 3945 ex

564 3998 713 4040 voce
769 3987 826 4038 et
853 3980 1062 4037 habitu
1093 3980 1256 4053 quod
1281 3985 1334 4034 et
1363 3978 1489 4050 ipse
1523 3977 1758 4033 Judaeus
1798 3984 1970 4041 esset,
2006 3979 2223 4050 impro-

567 4076 797 4145 perant,
818 4086 940 4126 non
958 4069 1118 4141 quod
1138 4067 1300 4123 solus
1316 4067 1442 4140 ipse
1469 4067 1872 4122 diversaretur
1890 4067 2221 4138 Hierosoly-

567 4159 703 4224 mis,
735 4159 838 4215 sed
867 4158 1034 4230 quod
1071 4156 1693 4228 solusignoraretquaa
1719 4155 2003 4211 omnibus
2031 4155 2114 4211 ibi
2140 4156 2222 4210 di-

566 4247 937 4303 versantibus
958 4250 1100 4301 nota
1129 4249 1296 4299 erant
1324 4261 1334 4297 :
1377 4245 1439 4302 et
1477 4242 1834 4314 increpando
1859 4243 2066 4298 dicunt
2095 4257 2107 4297 :
2136 4245 2220 4300 Tu

565 4335 726 4392 solus
757 4351 828 4391 ex
857 4333 1139 4391 omnibus
1186 4333 1288 4405 qui
1322 4331 1744 4404 Hierosolymis
1804 4331 2100 4397 habitant,
2129 4334 2220 4388 di-

565 4418 820 4482 versaris
858 4425 921 4480 in
957 4421 1286 4478 Jerusalem
1332 4421 1641 4492 ignorans,
1687 4436 1822 4492 quae
1853 4421 1914 4476 in
1953 4437 2024 4478 ea
2061 4421 2218 4478 facta

566 4519 707 4571 sunt
743 4513 837 4570 his
876 4512 1085 4569 diebus
1121 4511 1150 4568 ‘2

636 4604 806 4661 Vers.
831 4605 917 4660 19.
947 4603 1022 4658 Et
1043 4615 1277 4673 --qua9.
1312 4599 1712 4670 Ignorantiam
1733 4597 1926 4669 ﬁngit,
1954 4599 2216 4656 utetiam

565 4711 638 4753 ex
677 4709 775 4750 ore
806 4693 1043 4749 illorum
1070 4690 1275 4746 audiat
1303 4706 1439 4763 quas
1479 4705 1516 4745 a
1553 4689 1731 4744 corde
1753 4704 1961 4744 eorum
1991 4703 2217 4761 cogno-

565 4782 789 4850 scebat,
833 4788 888 4839 et
911 4782 992 4838 ita
1029 4779 1303 4852 objurget
1350 4793 1421 4834 ac
1449 4777 1712 4848 increpet
1741 4775 1890 4834 illos.

633 4961 800 5018 Vers.
850 4960 936 5015 19.
969 4957 1046 5012 At
1076 4957 1176 5013 illi
1219 4987 1288 4996 —
1333 4954 1566 5027 populo.
1609 4951 1816 5008 Virum
1866 4953 2216 5025 prophetam

561 5052 730 5109 illum
761 5049 943 5106 fuisse
984 5045 1397 5120 Opinabantur,
1440 5042 1780 5115 imperfecta
1833 5043 2030 5099 adhuc
2077 5043 2211 5102 ﬁde.

579 5187 682 5266 ’.⁸⁸
711 5227 884 5287 Joan.
941 5236 1042 5293 Ix,
1080 5223 1168 5282 10.
1245 5225 1292 5261 θ’
1333 5224 1511 5282 Marc.
1541 5239 1661 5292 xw,
1710 5224 1798 5281 12.

1939 281 2287 349 EUTHYMII
2327 278 2669 348 ZIGABENI

3813 290 3951 352 1096

2265 420 2310 470 A
2419 422 2519 469 Καὶ
2598 445 2668 458 -—-
2765 411 2958 472 ἑαυτόν.
3049 420 3186 492 ῐῐρός
3252 421 3346 475 τὴν
3403 417 3588 472 ἑαυτοῦ
3653 417 3946 492 διαγωγήν.

2348 510 2482 561 Φησὶ
2564 507 2666 580 γὰρ
2768 509 2855 557 καὶ
2941 505 3175 568 Ἰωάννης
3255 512 3372 581 περί
3455 527 3506 561 τε
3587 513 3784 582 Πέτρου
3865 515 3951 562 καὶ

2348 594 2532 647 ἑαυτοῦ
2577 614 2590 627 ·
2629 593 2890 654 Ἀπῆλθον
2941 592 3029 648 οὖν
3087 596 3239 649 πάλιν
3273 601 3401 670 πρὸς
3441 597 3655 660 ἑαυτοὺς
3701 601 3753 651 οἱ
3784 601 3951 672 μαθη-

2345 688 2452 737 ταί.

2417 774 2716 845 Θαυμάζων
2789 777 2845 826 τό
2913 779 3147 846 γεγονός.
3231 782 3423 834 Συνῆκε
3530 779 3633 852 γὰρ
3725 778 3811 829 ὅτι
3890 778 3948 829 ού

2344 865 2585 934 μετετέθη
2621 879 2632 892 ”
2695 859 2724 920 ἦ
2778 866 2881 937 γὰρ
2930 862 2990 915 ἂν
3046 867 3178 937 μετὰ
3235 872 3334 916 τῶν
3409 864 3620 918 ὀθονίων
3679 869 3945 939 μετετέθτν

2345 956 2584 1004 Φαίνεται
2656 956 2826 1004 τοίνυν
2887 954 2968 1005 ὅτι
3034 952 3088 1005 ἐκ
3165 959 3344 1028 τρίτου
3428 953 3652 1013 ἀπῆλθεν
3748 955 3836 1007 ἐπὶ
3894 959 3947 1007 τὸ

2343 1047 2589 1112 μνημεῖον
2644 1042 2670 1092 ό
2729 1045 2923 1115 Πέτρος
2987 1056 3000 1070 ·

2343 1133 2474 1201 μετὰ
2523 1137 2614 1182 τοῦ
2665 1131 2925 1197 Ἰωάννου,
2987 1133 3052 1192 ὡς
3103 1131 3261 1194 αὐτὸς
3318 1133 3344 1184 ό
3399 1133 3641 1196 Ἰωάννης
3706 1132 3946 1204 ἔγραψεν.

3075 1049 3162 1094 νῦν
3206 1046 3295 1114 μὲν
3347 1047 3523 1115 μόνος,
3583 1044 3807 1119 ὕστερον
3891 1041 3944 1096 δὲ

2344 1218 2754 1274 Ἐπανελθόντων
2824 1216 2902 1284 δε,
2978 1225 3131 1292 μόνος
3205 1217 3353 1281 αὖθις
3437 1223 3752 1293 ἠναγκάσθη
3830 1218 3948 1293 δρα-

2344 1313 2454 1379 μεῖν
2522 1326 2533 1337 '
2597 1308 2655 1360 ού
2703 1310 2804 1382 γὰρ
2853 1311 2932 1361 εἶα
2995 1317 3176 1361 τοῦτον
3231 1311 3500 1382 ὑπομένειν
3563 1313 3593 1370 ἡ
3651 1307 3948 1384 σφοδρότης

2343 1403 2434 1449 τοῦ
2472 1397 2704 1470 φίλτρου,
2755 1401 2844 1448 καὶ
2898 1400 2956 1449 τό
3009 1397 3122 1449 λίαν
3168 1397 3454 1470 βούλεσθαι
3493 1403 3592 1474 πρὸ
3645 1408 3750 1451 τῶν
3793 1399 3946 1451 ἄλλων

3638 1493 3946 1560 συγγνώμην

3810 1578 3944 1648 ὤφθη

2344 1487 2590 1558 μαθητῶν
2645 1486 2881 1557 ἐντυχεῖν
2930 1495 3001 1557 τῷ
3057 1483 3369 1558 διδασκάλῳ
3453 1494 3542 1540 καὶ

2830 1574 3178 1648 ἐντελεστέραν
3235 1575 3429 1645 λαϐεῖν,
3506 1579 3588 1629 ὅτε
3641 1582 3734 1629 καὶ

2347 1663 2486 1733 αύτῷ
2537 1665 2563 1715 ό
2619 1666 2824 1737 Κύριος,
2871 1666 2941 1726 ὡς
2995 1669 3254 1737 προῖόντες
3310 1667 3615 1740 εὑρήσομεν.
3696 1671 3825 1738 Τρὶς
3869 1662 3946 1718 οὖν

2270 1755 2307 1809 Β
2351 1750 2600 1819 ἀπελθὼν,
2681 1756 2740 1805 τό
2828 1753 3074 1828 τριπλοῦν
3163 1752 3434 1807 κάντεῦθεν
3525 1763 3618 1815 τῆς
3698 1757 3946 1828 ἀρνήσεως

2349 1840 2676 1915 ἐθεράπευσε.

2345 1583 2432 1635 τῆς
2485 1574 2744 1647 ἀρνήσεως

2735 2027 2881 2075 ΚΕΦ.
2912 2018 3032 2074 III".
3069 2025 3190 2097 Περὶ
3223 2028 3316 2074 τοῦ
3364 2021 3560 2078 Κλοπᾶ.

2418 2113 2517 2162 Καὶ
2621 2106 2738 2162 ἰδοὺ
2831 2141 2900 2152 -
2992 2110 3273 2182 Ἐμμαοῦς.
3365 2111 3446 2165 Ἐν
3523 2119 3596 2182 τῷ
3680 2110 3944 2182 τελευταίῳ

2343 2197 2602 2270 κεφαλαίῳ
2685 2205 2776 2250 τοῦ
2858 2201 2994 2250 κατά
3052 2198 3268 2274 Μάρκον
3349 2200 3575 2260 ζήτησον
3652 2203 3715 2252 τό
3751 2217 3763 2229 ·
3814 2200 3942 2253 Μετὰ

2346 2283 2402 2338 δὲ
2481 2294 2650 2339 ταῦτα
2717 2283 2878 2338 δυσὶν
2955 2285 3008 2350 ἐξ
3095 2287 3263 2340 αὐτῶν
3360 2295 3748 2362 περιπατοῦσιν
3835 2287 3940 2359 ἐφα-

2992 2110 3273 2183 Ἐμμαοῦς.

2341 2377 2535 2449 νερωθη
2606 2373 2653 2427 ἓν
2747 2375 2892 2448 ἑτέρᾳ
2943 2384 3140 2450 μορφῇ,
3207 2381 3569 2450 πορευομένοις
3645 2376 3721 2438 εἰς
3769 2376 3935 2450 ἀγρόν,

2342 2469 2430 2516 καὶ
2508 2467 2574 2516 τὰ
2627 2463 2788 2527 ἑξῆς·
2851 2470 2941 2517 καὶ
2999 2464 3252 2537 ἀνάγνωθι
3303 2469 3396 2524 τὴν
3450 2466 3708 2537 ἐξήγησιν
3761 2467 3933 2531 αύτῶν,

2341 2556 2778 2625 χρησιμειῖουσαν
2837 2554 2905 2614 εἰς
2959 2557 3024 2606 τὰ
3073 2559 3384 2630 προκείμενα
3438 2555 3575 2629 ῥητὰ
3604 2563 3700 2608 τοῦ
3749 2561 3931 2608 Λουκᾶ.

2343 2644 2424 2705 Ἐξ,
2458 2643 2625 2695 αὐτῶν
2658 2639 2716 2696 δὲ
2747 2640 2879 2696 εἶπεν
2916 2643 3109 2707 ἁπλῶς,
3144 2644 3301 2715 ἦγουν
3331 2642 3388 2696 ἐκ
3435 2653 3533 2695 τῶν
3588 2644 3718 2696 ὅλων
3769 2645 3932 2717 μαθη-

2341 2752 2460 2786 των.

2412 2822 2604 2876 Καὶ-
2646 2823 2860 2873 τούτων.
2899 2826 3021 2894 Περί
3047 2841 3100 2874 τε
3148 2829 3239 2874 τοῦ
3270 2828 3518 2897 σταυροῦ,
3551 2826 3643 2874 καὶ
3674 2830 3770 2875 τῶν
3800 2841 3926 2879 τηνι·

2340 2918 2507 2962 καῦτα
2536 2908 2757 2985 φοϐερῶν
2788 2915 3040 2983 σημείων,
3073 2914 3161 2963 καὶ
3185 2919 3280 2972 τῆς
3312 2918 3502 2983 ταφῆς,
3529 2915 3738 2964 καὶτῶν
3774 2909 3922 2978 ἀπαγ-

2341 2998 2616 3069 γελθέντων
2636 3001 2736 3051 ὑπὸ
2763 3007 2861 3050 τῶν
2891 3007 3147 3071 γυναικῶν
3185 3004 3304 3074 περὶ
3340 3007 3431 3060 τῆς
3477 2997 3801 3059 ἀναστάσεως
3841 3003 3921 3049 τοῦ

2270 3107 2310 3164 C
2345 3086 2565 3158 Κυρίου.

2418 3180 2515 3228 Καὶ
2546 3207 2612 3216 -
2645 3176 2842 3239 αὐτοῖς,
2890 3177 3187 3237 Συζήτησιν
3247 3175 3378 3248 λέγει
3406 3181 3500 3237 τὴν
3531 3177 3760 3240 ἐξέτασιν.
3789 3174 3904 3239 οἷον,

2339 3272 2466 3335 πῶς,
2508 3273 2738 3328 τοιοῦτος
2769 3267 2857 3336 ὢν,
2886 3273 3109 3318 τοιαῦτα
3132 3268 3350 3320 πεπονθε
3383 3283 3396 3334 ;
3423 3272 3512 3321 καὶ
3538 3274 3640 3328 πῶς
3663 3263 3914 3317 ἀποθανὼν

2341 3351 2527 3413 ἀνέστη
2561 3372 2574 3423 ;

2407 3533 2474 3585 Οἱ
2500 3528 2559 3586 δε
2587 3532 2840 3606 ὀφθαλμοὶ
2878 3564 2947 3573 -
2979 3533 3154 3588 αὐτόν.
3188 3534 3532 3604 Ἐκρατοῦντο
3556 3533 3627 3594 εἰς
3667 3539 3811 3586 τοῦτο
3839 3535 3922 3604 μόο

2334 3640 2436 3688 νον,
2467 3625 2525 3674 τό
2555 3627 2630 3695 μὴ
2659 3622 2938 3694 ὶπιγνῶναι
2980 3623 3154 3678 αὐτόν.

2404 3707 2529 3764 Εἶπε
2571 3741 2640 3753 --
2711 3715 3011 3785 σκυθρωποί
3077 3729 3090 3780 ;
3158 3711 3529 3783 Ἀντιϐάλλετε,
3582 3716 3744 3784 ἤγουν
3793 3709 3922 3762 ἀντι·

2332 3801 2534 3852 τιθέατε
2561 3801 2672 3873 (85)
2705 3802 2734 3860 ἦ
2760 3801 3040 3864 ἐξετάζετε.

2403 3889 2726 3963 Ἀποκριθεὶς
2757 3921 2824 3930 -
2854 3891 3068 3964 ἡμέραις
3103 3893 3317 3952 ταύταις
3355 3907 3368 3957 ;
3411 3891 3540 3944 Ἀπό
3570 3909 3624 3943 τε
3649 3898 3739 3950 τῆς
3767 3893 3925 3960 φωνῆς

2331 3983 2420 4030 καὶ
2449 3988 2540 4041 τῆς
2573 3978 2756 4039 στολῆς
2785 3984 3004 4049 γνόντες,
3031 3981 3112 4031 ὅτι
3143 3977 3400 4040 Ἰουδαῖος
3443 3985 3534 4032 καὶ
3582 3979 3733 4040 αὐτὸς
3772 3979 3922 4038 ἑστιν,

2331 4063 2702 4135 ὀνειδίζουσιν,
2734 4068 2838 4140 οὐχ
2864 4071 2932 4130 ὡς
2961 4073 3112 4140 μόνον
3141 4076 3499 4139 παροικοῦντα
3521 4076 3583 4141 τῇ
3625 4068 3735 4140 (86)
3754 4065 3925 4137 Ἰερου-

2331 4155 2527 4228 σαλὴμ,
2551 4155 2656 4208 ἀλλ’
2680 4158 2745 4216 ὡς
2773 4163 2926 4229 μόνον
2959 4156 3242 4229 ἀγνοοῦντα
3269 4161 3332 4209 τά
3359 4164 3493 4210 πᾶσι
3522 4163 3631 4219 τοῖς
3659 4157 3922 4228 παροικοῦ-

2331 4265 2412 4298 σιν
2445 4244 2760 4318 ἐγνωσμένα,
2815 4251 2904 4297 καί
2953 4267 3107 4318 φασιν
3148 4245 3545 4307 ἐπιπληκτικῶς·
3584 4251 3648 4299 Σὺ
3698 4249 3845 4317 μόνος
3870 4238 3918 4290 ἐκ

2328 4336 2532 4387 πάντων
2586 4344 2685 4386 τῶν
2737 4338 3126 4408 παροικούντων
3173 4343 3236 4408 τῇ
3283 4335 3624 4410 Ἰερουσαλὴμ
3668 4335 3917 4407 παροικεῖς

2254 4459 2297 4514 D
2327 4421 2688 4498 Ἰερουσαλὴμ,
2719 4429 2789 4497 μὴ
2848 4431 3118 4496 γινώσκων
3157 4428 3221 4477 τὰ
3265 4430 3516 4496 γενόμενα
3561 4425 3669 4496 (87)
3716 4421 3763 4473 ἐν
3815 4425 3916 4476 ταῖς

2329 4515 2543 4586 ἡμέραις
2569 4515 2784 4574 ταύταις
2819 4530 2832 4578 ;

2403 4606 2503 4655 Καὶ
2557 4633 2622 4642 ——
2676 4609 2803 4654 ποῖα
2851 4620 2864 4670 ;
2925 4609 3296 4678 Προσποιεῖται
3356 4604 3582 4675 ἄγνοιαν,

2329 4688 2424 4744 διὰ
2513 4695 2768 4763 στόματος
2819 4677 2987 4743 αὐτῶν
3053 4692 3256 4765 ἀκούσῃ
3325 4691 3360 4744 ἃ
3403 4688 3493 4744 διὰ
3559 4695 3646 4747 τῆς
3688 4677 3896 4754 καρδίας

2330 4779 2498 4832 αὐτῶν
2553 4777 2822 4851 ἐγίνωσκε,
2881 4784 2972 4832 καὶ
3028 4780 3192 4841 οὕτως
3243 4777 3499 4853 ὀνειδίσῃ,
3534 4780 3616 4829 καὶ
3657 4766 3899 4841 ἕπιπλήξᾩ

2331 4869 2530 4930 αὐτοῖς.

2397 4958 2463 5009 Οἱ
2529 4952 2589 5009 δὲ
2637 4986 2702 4998 -
2751 4957 2900 5010 λαοῦ.
2966 4953 3172 5033 Ἀνδρα
3235 4962 3514 5032 προφήτην
3593 4953 3742 5008 αὐτὸν
3798 4946 3921 5002 εἶναι

2325 5043 2702 5118 ὑπελάμϐανον,
2791 5044 2941 5106 ἀτελῆ
3018 5052 3197 5100 πίστιν
3288 5049 3365 5099 ἔτι
3449 5049 3667 5119 ἔγοντες,
3748 5039 3921 5114 Ἔργον

3671 4599 3748 4648 ἵνα
3819 4596 3903 4643 καὶ

1767 5407 1993 5479 Variae
2021 5407 2350 5481 lectiones
2390 5419 2687 5480 etnotae.

789 5635 1178 5714 Ita‘utergne,
1211 5626 1670 5714 Ρῐοηᾶντιτίθετε.
1733 5631 1924 5706 Vulgo
1977 5637 2211 5693 tantum

557 5706 767 5769 τιθῖασι
791 5711 1004 5767 notant
1032 5706 1435 5764 Grammatici.

2420 5635 2512 5700 86)
2543 5638 2642 5697 Τήν
2668 5639 2732 5690 Δ.

2420 5635 2512 5700 86)
2543 5638 2642 5697 Τήν
2668 5639 2732 5690 Δ.

2393 5634 2510 5785 ἕδη
2527 5709 2774 5788 Γινόμενα
2798 5711 2860 5769 Β.
