4144 6314
587 329 730 391 1099

1918 322 2103 386 EUTH
2113 324 2267 384 ΥΜΙΙ
2306 313 2652 387 ZIGABENI

3811 326 3961 391 1100

585 455 986 530 septuaginta,
1022 457 1126 512 aut
1155 452 1499 526 simpliciter
1522 468 1754 510 omnes.
1789 452 1907 511 Sed
1935 454 2213 526 quomodt

2350 453 2737 529 ἐϐδομηκοντα,
2771 457 2799 515 ἦ
2826 457 3028 517 πάντες,
3061 454 3223 509 Ἀ).λὰ
3246 463 3352 516 πῶς
3390 456 3524 508 εἶπεν
3553 456 3632 508 ὅτι
3673 457 3833 531 εὗρον
3861 478 3961 512 συ-

583 544 735 602 dixit
755 545 918 618 quod
962 544 1318 600 invenerunt
1358 548 1754 613 congregatos
1780 544 2055 599 undecim
2089 544 2118 599 ‘I
2159 543 2242 600 Si-

581 633 828 707 quidem
854 633 1040 690 Judas
1068 631 1381 691 Iscariotes
1388 631 1515 703 jam
1544 631 1811 702 abjectus
1834 638 1978 698 erat,
2011 639 2067 688 et
2088 632 2240 688 Tho-

580 739 716 781 mas
735 726 880 779 tunc
903 736 1170 795 praesens
1188 736 1311 779 non
1327 724 1466 777 erat.
1491 719 1584 776 Ait
1602 719 1761 777 enim
1781 721 2044 777 Joannes
2065 723 2240 778 :Tho-

575 827 708 870 mas
734 817 932 870 autem
956 826 1106 867 unus
1133 826 1209 868 ea:
1236 810 1552 877 duodecim,
1586 810 1689 882 qui
1726 810 2238 881 cognominabatur

576 900 883 973 Didymus,
922 916 1043 957 non
1073 906 1205 957 erat
1243 915 1376 956 cum
1412 900 1559 963 illis,
1604 900 1837 970 quando
1862 899 2016 956 venit
2045 900 2232 968 Jesus,

572 989 904 1047 Dicendum
943 994 1206 1060 estergo,
1237 989 1404 1062 quod
1425 1005 1497 1044 ex
1527 1004 1649 1062 quo
1689 989 1956 1044 Matthias
1982 989 2188 1044 aderat
2212 990 2229 1025 ³

573 1081 674 1153 qui
700 1079 833 1137 loco
880 1079 1173 1135 Iscariotis
1204 1083 1362 1135 sorte
1391 1076 1611 1134 electus
1656 1082 1762 1143 est,
1813 1077 1993 1133 etiam
2031 1077 2228 1149 ipsum

564 1168 699 1240 jam
721 1166 1503 1240 connumeravit,tanquam
1524 1182 1663 1223 cum
1686 1166 1965 1222 undecim
1993 1171 2231 1238 aposto-

568 1256 643 1315 lis
670 1262 1040 1330 cooptatum.

640 1350 800 1404 Vers.
835 1350 924 1405 34.
955 1347 1228 1404 Dicentes
1273 1376 1344 1387 —
1373 1360 1411 1403 a
1464 1345 1719 1402 Simone.
1772 1344 1982 1413 Quaere
2023 1360 2228 1402 rursus

569 1435 779 1493 ultimo
834 1434 1028 1508 capite
1076 1433 1380 1505 Evangelii
1423 1433 1753 1490 secundum
1807 1436 2087 1497 Marcum,
2124 1434 2227 1490 ubi

566 1524 820 1583 dicitur:
872 1526 1010 1581 Post
1060 1525 1185 1581 haec
1233 1529 1427 1581 autem
1484 1522 1704 1579 duobus
1744 1539 1815 1579 ex
1858 1523 1999 1593 ipsis
2024 1523 2223 1579 ambu-

568 1615 845 1681 lantibus,
868 1620 1155 1685 apparuit
1182 1614 1247 1670 in
1272 1614 1402 1669 alia
1430 1613 1643 1684 efﬁgie,
1672 1612 1944 1669 euntibus
1971 1628 2074 1668 rus
2100 1615 2145 1679 ²,
2170 1618 2225 1670 et

564 1709 780 1763 ctetera
809 1722 826 1772 ;
848 1720 919 1761 ac
942 1704 1073 1775 lege
1097 1702 1332 1759 illorum
1346 1702 1805 1767 enarrationem,
1831 1718 1967 1774 qum
1989 1703 2062 1756 ad
2077 1718 2227 1775 pree-

562 1809 702 1851 sens
727 1793 956 1851 dictum
979 1792 1307 1867 plurimum
1346 1790 1648 1848 conducit.

632 1882 804 1940 Vers.
862 1887 951 1940 35.
996 1883 1074 1938 Et
1117 1882 1234 1952 ipsi
1275 1912 1345 1921 —
1404 1881 1568 1936 Vers.
1626 1879 1715 1935 36.
1783 1880 1965 1936 vobis.
2007 1882 2222 1937 Conse-

558 1978 812 2045 quenter
839 1971 920 2028 ibi
945 1971 1124 2028 etiam
1141 1970 1215 2026 de
1241 1970 1331 2025 his
1355 1969 1644 2025 invenies.
1674 1968 1990 2025 Considera
2018 1974 2219 2027 autem

557 2061 728 2134 quod
757 2064 814 2117 et
849 2060 1162 2117 discedens
1191 2074 1404 2131 pacem
1431 2057 1544 2113 illis
1576 2057 2049 2129 reliquerit,sicut
2080 2058 2219 2114 scri-

559 2150 681 2225 psit
704 2151 992 2207 Joannes'
1026 2162 1427 2220 ;rursumque
1458 2146 1692 2202 rediens
1731 2161 1938 2218 pacem
1980 2146 2215 2214 tribuit;

558 2254 794 2312 pacem,
834 2238 1108 2311 inquam,
1157 2252 1295 2310 qum
1351 2240 1411 2293 et
1463 2251 1593 2292 rem
1650 2239 1709 2291 et
1759 2250 1981 2291 nomen
2041 2235 2216 2292 dulce

556 2327 760 2385 habet.

630 2419 792 2475 Vers.
823 2417 912 2472 37.
944 2414 1340 2489 Expavefacti
1381 2445 1451 2459 —-
1498 2414 1664 2471 Vers.
1716 2416 1805 2471 38.
1856 2421 2053 2471 vestra
2085 2413 2115 2470 τ
2147 2445 2216 2455 -—

556 2507 965 2579 Eepave/acti,
1017 2506 1080 2563 id
1118 2516 1227 2574 est,
1271 2504 1531 2561 Turbati.
1589 2503 1983 2576 Cogitationes
2014 2508 2215 2559 autem

556 2596 633 2653 de
660 2597 779 2653 hoc
809 2595 1234 2664 ascendebant,
1264 2598 1466 2651 utrum
1488 2592 1755 2649 videlicet
1775 2592 2014 2665 spiritus
2040 2599 2213 2659 esset,

553 2684 619 2743 id
664 2685 825 2759 quod
850 2685 1179 2751 videbatur,
1212 2684 1334 2740 sive
1362 2688 1692 2755 spectrum.
1742 2681 2011 2738 Ostendit
2050 2697 2212 2754 ergo,

555 2774 722 2847 quod
749 2774 1011 2831 cordium
1031 2778 1187 2831 esset
1206 2772 1503 2844 cognitor.
1532 2770 1755 2827 Deinde
1783 2771 1949 2826 aliud
1967 2787 2212 2844 quoque

554 2863 659 2920 dat
681 2861 945 2936 signum.

627 2954 787 3010 Vers.
810 2956 897 3010 39.
942 2952 1140 3010 Videte
1162 2983 1232 2993 —
1253 2967 1405 3008 sum.
1437 2953 1504 3007 Et
1527 2949 1832 3022 quomodo
1859 2949 1936 3006 ab
1958 2949 2051 3005 his
2076 2966 2214 3006 eum

554 3056 911 3113 cognoscere
942 3041 1271 3114 poterant?
1296 3041 1448 3107 Quia
1488 3038 1797 3095 clavorum
1839 3037 2038 3094 adhuc
2063 3037 2211 3094 fere-

554 3130 698 3189 bant
725 3130 1039 3188 foramina.

630 3219 793 3278 Vers.
824 3223 913 3278 39.
956 3220 1328 3277 Contrectate
1346 3247 1415 3261 —
1447 3217 1676 3276 habere.
1709 3218 2076 3274 Contrectate
2107 3230 2212 3288 per

553 3315 890 3440 “63%.”.
907 3381 988 3439 Et
1018 3412 1087 3421 -
1113 3379 1310 3451 pedes.
1332 3380 1595 3436 Joannes
1625 3393 1766 3434 vero
1788 3378 1870 3435 ait
1896 3394 1910 3435 :
1944 3376 2212 3433 Ostendit

553 3473 634 3531 eis
661 3486 871 3530 manus
899 3476 954 3528 et
985 3471 1146 3528 latus
1169 3470 1388 3526 suum‘.
1414 3468 1677 3523 Primum
1700 3466 1995 3540 siquidem
2021 3472 2212 3522 osten-

550 3561 639 3619 dit
664 3561 750 3618 eis
804 3575 1021 3618 manus
1045 3563 1104 3616 et
1129 3558 1303 3626 latus,
1350 3556 1569 3614 deinde
1604 3556 1771 3613 etiam
1807 3556 2021 3628 pedes.
2059 3558 2208 3611 Nam

553 3656 803 3724 uterque
845 3646 1347 3719 evangelistarum
1380 3662 1454 3703 ex
1479 3646 1573 3702 his
1603 3662 1732 3718 quae
1757 3645 1924 3711 dixit,
1947 3645 2210 3701 ostendit

551 3740 732 3799 etiam
760 3739 822 3798 id
864 3737 1033 3813 quod
1065 3737 1251 3795 tacuit
1274 3735 1455 3794 veluti
1476 3735 1609 3807 jam
1638 3734 1969 3805 cognitum.

619 3918 790 3977 Vers.
829 3921 919 3976 41.
949 3916 1169 3975 Adhuc
1219 3944 1289 3958 -
1334 3913 1796 3973 admirantibus.
1841 3912 1907 3969 Id
1935 3912 2096 3969 enim
2127 3927 2207 3968 sua

547 4024 877 4085 penumero
904 4006 1035 4064 ﬁeri
1064 4005 1233 4063 solet.

617 4097 784 4154 Vers.
810 4100 898 4153 41.
931 4095 1090 4151 Dixit
1119 4124 1190 4135 -—
1219 4093 1381 4151 Vers.
1438 4097 1527 4149 43.
1560 4092 1829 4149 comedit.
1864 4090 1993 4147 Non
2042 4091 2209 4163 quod

543 4187 825 4258 deinceps
847 4183 1153 4254 indigeret,
1170 4181 1278 4239 sed
1296 4182 1375 4238 ad
1395 4181 1687 4251 majorem
1711 4181 1892 4235 ﬁdem
1916 4179 2209 4251 majorem

542 4291 661 4349 que
690 4273 1229 4338 conﬁrmationem,
1260 4287 1337 4328 ne
1376 4275 1671 4342 spectrum
1700 4268 2012 4324 videretur.
2050 4270 2207 4325 Sicut

543 4370 742 4423 autem
765 4359 1287 4436 supernaturaliter
1329 4358 1607 4424 comedit,
1640 4358 1723 4414 ita
1748 4357 2203 4430 superuaturali-

541 4459 648 4518 ter,
699 4467 837 4526 qua
874 4449 1230 4515 comederat,
1278 4447 1539 4519 digessit.
1583 4447 1741 4503 Scire
1770 4462 1908 4503 vero
1948 4450 2199 4519 oportet,

2348 547 2755 619 νηθροισμένους
2784 548 2898 606 τοὺς
2937 542 3138 611 ἕνδεκα,
3197 552 3288 596 τοῦ
3319 544 3651 619 Ἰσκᾱριὼτου
3697 550 3798 618 μὲν
3826 545 3961 599 ἀπο-

2349 633 2618 695 ϐληθέντος
2643 631 2774 705 ἠδη,
2803 642 2893 686 τοῦ
2925 641 3091 706 Θωμᾶ
3122 631 3180 686 δὲ
3223 639 3294 705 μὴ
3325 639 3574 705 παρόντος
3604 639 3717 687 τότε
3754 653 3768 702 ;
3817 641 3959 694 Φησὶ

2346 727 2443 797 γὰρ
2471 726 2496 775 6
2523 726 2781 785 Ἰωάννης
2809 731 3003 795 Θωμᾶς
3029 721 3171 785 δέεἷς
3191 725 3246 775 ἐκ
3268 732 3365 774 τῶν
3393 719 3623 788 δώδεκα,
3658 726 3682 775 6
3740 724 3957 798 λεγόμε-

2344 833 2428 875 νος
2459 811 2702 886 Δίδυμος,
2737 813 2830 865 οὐκ
2859 810 2920 871 ἧν
2946 813 3056 885 μετ’
3087 813 3276 874 αὐτῶν,
3320 814 3404 864 ὅτε
3446 809 3596 870 ἦλθεν
3647 814 3670 864 ὁ
3711 813 3951 875 Ἰησους

2344 900 2496 955 ’Ἐστι
2521 908 2693 954 τοίνυν
2725 903 2880 955 εἰπεῖν
2911 904 3011 960 ὃτι,
3054 900 3235 960 ἐπειδὴ
3264 903 3503 963 Ματθίας
3531 910 3699 977 παρῆν
3755 902 3899 973 (90),
3930 906 3954 954 6

2342 989 2625 1065 κληρωθεὶς
2673 990 2787 1043 ἀντὶ
2835 999 2927 1043 τοῦ
2971 992 3333 1065 Ἰσκαριώτου,
3387 993 3785 1065 συνηρίθμησεν
3845 988 3949 1050 ἤδη

2341 1085 2430 1132 καὶ
2459 1088 2660 1148 τοῦτον,
2698 1083 2768 1141 ὡς
2824 1079 3394 1152 συγκαταψηφισθὼτα
3422 1082 3553 1151 μετὰ
3605 1084 3705 1132 τῶν
3765 1077 3951 1133 ἕνδεκα

2342 1166 2641 1222 ἀποστόλων
2651 1213 2662 1224 .

2410 1345 2664 1413 Λέγοντας
2685 1375 2752 1383 -
2782 1351 2987 1416 Σίμωνι.
3016 1349 3254 1403 Ζήτησον
3286 1342 3431 1406 αὖθις
3461 1345 3509 1398 ἓν
3557 1355 3627 1417 τῷ
3665 1346 3945 1419 τελευταίῳ

2335 1432 2589 1504 κεφαλαίῳ
2636 1440 2729 1485 τοῦ
2753 1437 2889 1487 κατά
2914 1437 3123 1507 Μάρκον
3153 1439 3212 1486 τὸ
3249 1453 3260 1464 ’
3294 1438 3439 1488 Μετὰ
3462 1432 3521 1488 δὲ
3554 1443 3727 1489 ταῦτα
3789 1432 3943 1489 δυσὶν

2335 1520 2389 1584 ἐξ
2440 1521 2607 1574 αὐτῶν
2650 1531 3026 1595 περιπατοῦσιν
3079 1523 3369 1596 ἐφανερώθη
3431 1523 3482 1577 ἐν
3540 1524 3692 1600 ἑτέρᾳ
3745 1532 3941 1600 μορφῇ,

2332 1616 2672 1686 πορευόμενος
2708 1612 2773 1672 εἰς
2809 1611 2987 1684 ἀγρὸν,
3020 1617 3109 1664 καὶ
3141 1611 3207 1664 τᾶ
3244 1612 3381 1675 ἕξῆς.
3414 1618 3514 1667 Καὶ
3557 1611 3831 1685 ἀνάγνωθι
3854 1619 3942 1671 τὴν

2333 1698 2582 1772 ἐξήγησιν
2614 1700 2780 1752 αὐτῶν
2819 1703 2953 1754 πάνυ
2996 1703 3434 1774 χρησιμεύουσαν
3498 1710 3571 1773 τῷ
3615 1706 3941 1776 προκειμένῳ

2260 1813 2298 1866 Β
2329 1790 2496 1864 ῥητῷ·

2405 1883 2504 1931 Καὶ
2532 1877 2680 1931 αὐτοὶ
2746 1910 2815 1918 -
2873 1881 3010 1951 ὑμῖν.
3043 1880 3255 1953 Ἐφεξῆς
3308 1879 3410 1932 ἐκεῖ
3439 1885 3528 1933 καὶ
3578 1885 3697 1953 περὶ
3746 1883 3937 1934 τούτων

2329 1968 2567 2042 εὑρήσεις
2616 1966 2753 2043 Ὀρα
2801 1964 2861 2021 δε
2900 1970 2979 2020 ὃτι
3008 1982 3097 2022 καί
3150 1966 3437 2041 ἀποδημῶν
3491 1970 3702 2044 εἰρήνην
3758 1970 3935 2029 αὐτοῖς

2329 2054 2541 2125 ἀφῆκεν,
2565 2059 2629 2117 ὡς
2667 2059 2692 2109 6
2725 2057 2963 2118 Ἰωάννης
3011 2058 3225 2131 ἔγραψε,
3257 2064 3346 2110 καὶ
3375 2055 3522 2120 αὖτις
3565 2055 3932 2131 επιδημήσας,

2327 2145 2531 2217 εἰρήνην
2556 2141 2776 2199 δίδωσιν
2808 2164 2818 2175 ·
2852 2147 3075 2222 εἰρήνην,
3136 2151 3194 2200 τὸ
3243 2147 3408 2219 γλυκὺ
3435 2152 3524 2200 καὶ
3570 2154 3801 2222 πρᾶγμα
3851 2152 3931 2200 καί

2326 2238 2503 2307 ὄνομα.

2399 2415 2712 2473 Πτοηθέντες
2767 2443 2835 2452 -
2883 2415 3023 2486 ὑμῶν
3080 2431 3094 2480 ;
3161 2445 3218 2454 -
3284 2416 3621 2478 Πτοηθέντες,
3676 2418 3795 2473 ἦτοι
3846 2434 3927 2466 τα-

2325 2504 2601 2575 ραχθέντες
2635 2521 2645 2533 ·
2684 2498 3020 2574 διαλογισμοὶ
3064 2499 3123 2555 δὲ
3177 2501 3457 2564 ἀνέϐαινον,
3491 2508 3605 2575 περὶ
3668 2511 3764 2556 τοῦ
3804 2502 3923 2556 εἶναι

2327 2598 2527 2664 πνεῦμα
2564 2595 2622 2642 τὸ
2654 2593 2925 2664 ὁρώμενον,
2982 2596 3143 2662 ἤγουν
3175 2594 3377 2665 φάσμα.
3412 2588 3643 2655 Ἔδειξεν
3696 2591 3804 2661 οὖν,
3836 2598 3918 2644 καὶ

2325 2681 2406 2733 ὅτι
2461 2676 2895 2752 καρδιογνώστης
2971 2679 3130 2734 ἐστίν.
3189 2678 3319 2733 Εἶτα
3385 2678 3581 2734 δίδωσι
3663 2687 3756 2735 καὶ
3810 2681 3920 2733 οἰλλο

2326 2773 2488 2842 τεκμη
2494 2789 2522 2844 ρ
2533 2789 2627 2821 ιον.

2394 2939 2561 2997 Ἴδετε
2586 2975 2653 2983 -
2686 2943 2811 3015 εἰμί.
2865 2948 2964 2996 Καὶ
3000 2951 3111 3005 πῶς
3159 2942 3259 2997 ἀπὸ
3299 2946 3494 2996 τούτων
3544 2945 3745 3017 ἔμελλον
3768 2945 3907 2997 αὐτὸν

2321 3032 2594 3107 γνωρίζειν
2625 3051 2638 3101 ;
2681 3038 2822 3085 Διοτι
2843 3036 2935 3094 τὰς
2975 3030 3074 3084 ἀπὸ
3105 3041 3203 3084 τῶν
3235 3033 3370 3092 ἥλων
3421 3029 3724 3107 διατρήσας
3750 3035 3903 3105 ἔφερον

2246 3159 2287 3215 C
2320 3125 2413 3176 ἔτι.

2392 3210 2741 3284 Ψηλαφήσατε
2771 3243 2836 3251 -
2860 3215 3068 3284 ἔχοντα.
3105 3211 3321 3284 Ψηλαφή
3333 3231 3458 3266 σατε
3480 3209 3515 3265 ὃ
3521 3234 3537 3265 ι
3562 3211 3712 3283 ἔπαφῆ
3721 3231 3758 3271 ς.

2396 3393 2493 3442 Καὶ
2552 3384 2829 3449 -πόδας.
2897 3390 3139 3451 Ἰωάννης
3202 3384 3262 3441 δέ
3321 3408 3481 3462 φησιν
3540 3392 3618 3442 ὃτι
3689 3383 3902 3449 Ἐδειξεν

2320 3478 2493 3538 αὐτοῖς
2534 3479 2627 3539 τὰς
2689 3486 2875 3552 χεῖρας
2932 3483 3021 3530 καὶ
3077 3483 3172 3536 τὴν
3239 3478 3461 3553 πλευρὰν
3532 3480 3710 3531 αὐτοῦ.
3774 3482 3907 3549 Πρῶ-

2319 3586 2404 3619 τον
2435 3570 2524 3638 μὲν
2550 3569 2650 3640 γὰρ
2684 3564 2847 3629 ἔδειξε
2875 3569 2964 3627 τὰς
3001 3573 3189 3639 χεῖρας
3237 3573 3327 3619 καὶ
3379 3573 3472 3626 τὴν
3527 3566 3768 3642 πλευρὰν,
3808 3560 3908 3617 εἶτα

2316 3660 2435 3718 τοὺς
2461 3651 2648 3718 πόδας.
2690 3655 2957 3731 Ἐκςξτερος
3009 3652 3067 3708 δὲ
3120 3665 3219 3707 τῶν
3267 3655 3667 3727 εὐαγγελιστῶν,
3724 3654 3804 3727 ἀφ’
3846 3653 3907 3704 ὧν

2318 3740 2473 3807 εἶπεν,
2506 3741 2706 3816 ἐνέφηνε
2734 3749 2824 3796 καὶ
2853 3748 2910 3797 τὸ
2932 3750 3487 3817 παρασεσιωπημένον,
3535 3749 3604 3807 ὡς
3633 3742 3707 3804 ἥδ
3712 3765 3741 3803 η
3789 3748 3907 3815 γνὼ-

2316 3852 2345 3907 ρ
2354 3852 2468 3905 ιμον
2477 3871 2488 3885 ι

2387 3920 2505 3973 Ἔτι
2524 3952 2593 3961 -
2616 3921 3001 3994 θαυμαζόντων.
3019 3924 3178 3976 Εἶωθε
3198 3924 3299 3995 γὰρ
3316 3930 3467 3976 τοῦτο
3483 3922 3729 3984 πολλάκις
3746 3928 3905 3994 γίνεσ-

2320 4012 2425 4064 θαι.

2391 4096 2540 4151 Εἷπεν
2564 4130 2624 4139 -
2657 4102 2858 4171 ἔφαγεν.
2893 4099 3014 4171 Οὐχ
3063 4102 3131 4161 ὡς
3178 4103 3251 4152 ἔτι
3283 4097 3517 4173 δεόμενος
3552 4109 3762 4177 τροφῆς,
3787 4098 3900 4151 ἀλλὰ

2318 4190 2443 4259 πρὸς
2463 4187 2669 4240 πλείονα
2694 4192 2892 4252 πίστιν,
2935 4194 3024 4241 καὶ
3057 4187 3391 4262 βεϐαιοτέραν
3438 4186 3706 4252 ἀπόδειξιν
3727 4196 3812 4242 τοῦ
3831 4192 3895 4259 μὴ

2320 4273 2489 4329 δοκεῖν
2517 4279 2699 4349 φάσμα
2729 4278 2862 4343 (91).
2889 4275 3089 4349 Ὠσπερ
3133 4274 3191 4329 δὲ
3222 4278 3491 4352 ὑπερφυῶς
3536 4282 3736 4351 ἔφαγεν,
3776 4278 3896 4330 οὕτω

2315 4370 2403 4419 καὶ
2434 4366 2705 4440 ὑπερφυῶς
2735 4364 3015 4431 ἀνάλωσεν,
3047 4366 3175 4440 οἷπερ
3222 4368 3401 4439 ἔφαγε.
3459 4373 3574 4442 Χρὴ
3624 4365 3682 4421 δὲ
3722 4372 3890 4438 γινώσ-

2313 4474 2417 4507 κειν
2443 4456 2523 4507 ὅτι
2552 4458 2618 4507 τὰ
2646 4456 2757 4506 κατ’
2784 4454 3075 4527 οἰκονομίαν
3123 4457 3241 4508 τινὰ
3263 4461 3508 4528 γινόμενα
3553 4458 3665 4527 (92)
3692 4459 3782 4509 ὑπὸ
3807 4460 3889 4505 τοῦ

537 4542 706 4617 quod
718 4517 1006 4615 cumdam
1025 4556 1059 4595 a
1079 4517 1384 4596 Salvatore
1414 4536 1848 4611 dispensatoris
1877 4517 2052 4601 facta,
2079 4551 2197 4591 non

2326 4550 2548 4616 Σωτῆρος
2579 4543 2671 4596 οὐκ
2697 4542 2800 4596 εἰσὶ
2847 4548 3011 4596 κανὼν
3042 4549 3132 4598 καὶ
3165 4546 3278 4619 ὅρος
3315 4554 3410 4608 τῆς
3461 4549 3657 4618 φύσεως
3685 4565 3697 4577 -
3726 4539 3885 4599 οὐδεὶς

538 4637 679 4689 sunt
693 4631 904 4702 regula
925 4646 996 4687 ac
1014 4628 1385 4702 praescriptio
1398 4633 1626 4684 naturae
1659 4643 1673 4694 ;
1693 4626 1891 4682 nullus
1904 4625 2196 4697 siquidem

533 4720 689 4778 alius
719 4724 854 4792 post
883 4717 1149 4789 corporis
1169 4715 1677 4773 immortalitatem
1697 4714 1999 4771 cicatrices
2017 4713 2194 4769 habe-

533 4808 636 4876 bit,
670 4814 774 4866 aut
811 4807 1014 4865 cibum
1042 4810 1257 4862 sumet.
2130 4860 2131 4863 η

608 4900 765 4956 Vers.
825 4901 919 4955 44.
964 4896 1133 4953 Dixit
1175 4924 1245 4937 —
1274 4893 1589 4952 vobiscum.
1641 4892 1915 4963 Suggerit
1949 4907 2190 4964 quoque

528 4988 643 5046 illis
669 5004 741 5045 ea
768 5003 906 5061 quae
955 4983 1304 5058 praedixerat
1331 4982 1405 5039 de
1435 4998 1495 5038 se
1530 4984 1683 5055 ipso,
1739 4987 1802 5037 ut
1851 4982 2018 5038 etiam
2053 4981 2189 5038 hinc

527 5081 861 5151 agnoscant
887 5074 1051 5149 quod
1079 5073 1209 5147 ipse
1247 5073 1341 5129 sit.
1389 5073 1457 5128 Hi
1505 5077 1662 5137 sunt,
1715 5070 1928 5145 inquit,
1960 5086 2189 5129 sermo-

596 5255 805 5313 1Joan.
837 5268 942 5321 xx,
990 5251 1078 5308 24.
1184 5255 1207 5289 ³
1236 5253 1419 5311 Marc.
1463 5267 1580 5318 xvr,
1621 5252 1705 5306 t2.

1784 5253 1803 5285 ³
1843 5251 1993 5307 Joan
2023 5293 2035 5306 .
2064 5256 2183 5319 xv],
2208 5252 2296 5307 Ἦ.

2307 4635 2408 4706 γὰρ
2427 4633 2588 4705 ἔτερος
2616 4635 2747 4704 μετὰ
2797 4637 2891 4691 τὴν
2939 4632 3234 4704 ἀφθαρσίαν
3282 4642 3372 4686 τοῦ
3415 4640 3639 4707 σώματος
3687 4629 3875 4686 ὠτειλὰς

2306 4720 2423 4787 ἕξει,
2457 4721 2486 4780 ἢ
2522 4720 2723 4794 βρῶσιν
2750 4729 3099 4795 προσήσεται.

2372 4893 2496 4950 Εἶπε
2547 4929 2612 4939 -
2664 4901 2757 4951 σὺν
2809 4900 2948 4971 ὑμῖν.
3014 4900 3423 4973 Ἀναμιμνὴσκιι
3473 4900 3655 4961 αὐτοὺς
3697 4901 3781 4951 καὶ
3820 4895 3882 4945 ὧν

2300 4985 2542 5058 προέλεγε
2615 4992 2731 5061 περὶ
2789 4987 2994 5059 ἑαυτοῦ,
3086 4990 3168 5040 ἶνα
3226 4988 3496 5042 κάντεῦθεν
3569 4996 3748 5062 γνοῖεν,
3815 4986 3886 5037 ὅτι

2294 5074 2452 5139 αὐτός
2519 5074 2651 5132 ἐστι.
2732 5072 2911 5145 Οὗτοι,
3007 5082 3188 5152 φησὶν,
3247 5078 3378 5131 εἰσὶν
3462 5081 3512 5132 οἱ
3586 5078 3749 5152 λόγοι,
3810 5073 3888 5135 οὓς

2427 5254 2594 5311 Joan.
2631 5271 2724 5322 xx,
2750 5256 2838 5313 20.

1744 5455 1969 5529 Variae
1993 5457 2326 5528 lectiones
2350 5468 2415 5527 et
2454 5468 2659 5531 notae.

730 5680 830 5761 Ἤν
862 5699 971 5757 pro
1002 5688 1175 5761 παρῆν
1210 5682 1276 5742 Α.

731 5758 1015 5830 Φάντασμα
1062 5758 1117 5813 Β.

584 5685 701 5833 ἕὲἳί

2359 5680 2478 5757 (οε)
2504 5684 2753 5759 Γενόμενα
2776 5690 2836 5743 Β.
