4144 6314
269 426 408 487 not
1343 407 1715 481 COMMENT.
1760 418 1829 477 IN
1870 416 2140 477 Luem.
2174 456 2241 465 —
2270 424 2424 481 CAP.
2458 422 2660 483 xxxv.
3498 380 3645 487 imi:

275 556 513 614 ἐλάλησα
598 557 727 628 πρὸς
814 555 946 625 ὑμᾶς
1022 556 1094 604 ἔτι
1168 554 1233 602 ὡν
1325 556 1417 604 σὺν
1492 550 1631 621 ὑμῖν·
1715 547 1877 600 Οὗτοι

2005 564 2118 614 mes,
2153 564 2306 622 quos
2336 551 2571 611 locutus
2601 570 2733 611 sum
2766 554 2846 611 ad
2874 570 3006 621 vos,
3039 568 3179 610 cum
3217 553 3418 611 adhuc
3447 569 3641 612 essem

278 654 458 711 «rotat;
1990 637 2319 696 vobiscum.
2361 642 2449 711 Hi,
2492 643 2702 716 quales
2733 642 2762 698 ‘t

353 742 444 786 Οτι
490 764 555 773 -—
609 732 967 804 Ἰερουσαλήμ..
1003 732 1337 804 Ἀρξοίιιιενον,
1393 735 1450 783 τὸ
1508 731 1873 804 κηρυχθῆναι,

2060 727 2221 784 Vers.
2277 729 2365 787 44.
2409 732 2573 797 Quod
2610 763 2681 774 —
2716 732 2882 790 Vers.
2935 734 3027 791 47.
3083 732 3542 805 Hierosolymis.
3581 736 3645 791 In

277 822 539 881 δηλονότι.

1988 816 2375 887 praedicando
2409 820 2701 878 videlicet.

350 913 516 985 Ὑμεῖς
547 944 605 951 ——
646 932 858 963 τουτων.
892 918 993 962 Tati
1023 913 1241 975 πάθους,
1269 915 1470 969 καὶτῆς
1520 909 1872 975 ἀναστάσεως,

2060 908 2216 962 Vers.
2240 910 2329 963 48.
2367 912 2473 965 Vos
2497 941 2564 952 —-
2590 911 2809 967 horum.
2842 912 3141 968 Passionis
3168 929 3237 970 ac
3258 914 3650 972 Resurrectio-

274 1007 365 1053 καὶ
400 1012 487 1061 τῆς
520 1002 641 1062 ὅλης
671 1001 966 1071 οἰκονομίας
1007 1019 1129 1071 μου.

1987 995 2099 1061 nis,
2132 997 2436 1070 totiusque
2475 1016 2619 1056 meae
2665 1001 3146 1072 dispensationis.

355 1096 453 1143 Καὶ
507 1123 570 1130 -
622 1092 772 1161 ὑμᾶς.
830 1089 1163 1159 Ἐπαγγελίαν
1212 1097 1301 1140 τοῦ
1353 1092 1559 1161 Πατρός
1609 1088 1769 1139 αὐτοῦ
1799 1086 1874 1139 λέ-

2055 1084 2221 1141 Vers.
2253 1090 2341 1143 49.
2379 1089 2452 1143 Et
2487 1120 2539 1129 —
2576 1106 2687 1145 vos.
2722 1090 2915 1147 Patris
2947 1091 3039 1147 sui
3070 1091 3439 1163 promissum
3465 1097 3642 1150 vocat

276 1200 381 1251 γει,
412 1186 503 1238 τὴν
560 1199 609 1230 εν
652 1176 777 1231 ε’ίδει
822 1184 1047 1251 πυρίνων
1096 1177 1349 1248 γλωσσῶν
1400 1177 1729 1247 ἐπιφοίτησιν
1787 1185 1878 1228 τοῦ

2016 1174 2242 1245 Spiritus
2282 1179 2468 1233 sancti
2496 1178 2556 1233 in
2588 1180 2785 1251 specie
2824 1180 3145 1249 ignitarum
3174 1180 3523 1253 linquarum
3552 1182 3652 1238 de-

277 1271 435 1340 ἁγίου
485 1271 798 1337 Πνεὺριατος.
862 1268 1238 1337 Ἐπηγγείλατο
1278 1270 1376 1338 γὰρ
1422 1269 1615 1323 ταύτην
1658 1262 1748 1317 δια
1787 1274 1878 1317 τοῦ

2015 1263 2367 1319 censionem
2422 1282 2435 1330 ;
2466 1282 2610 1322 nam
2658 1268 2812 1323 hanc
2843 1268 3113 1340 promisit
3160 1283 3267 1341 per
3296 1269 3651 1341 prophetam

277 1363 546 1432 προφήτου
582 1357 750 1425 Ἰωηλ,
786 1357 1065 1429 εἰρηκότος.
1104 1361 1203 1407 Καὶ
1232 1359 1380 1407 ἔσται
1412 1354 1458 1406 ἐν
1488 1362 1601 1416 ταῖς
1628 1354 1881 1425 ἐσχάταις

2013 1353 2137 1417 'oel,
2157 1354 2258 1426 qui
2288 1354 2435 1410 dixit
2465 1356 2572 1411 :E’t
2600 1359 2707 1412 erit
2730 1357 2790 1410 in
2818 1357 3015 1413 diebus
3030 1357 3155 1413 illis
3184 1360 3537 1425 novissimis,
3566 1360 3649 1414 ait

276 1450 519 1519 ἡμέραις.
576 1447 709 1516 λέγει
765 1449 953 1520 Κύριος
1001 1447 1392 1518 παντοκράτωρ,
1436 1444 1601 1515 ἐκχεώ
1655 1443 1753 1495 απ·τό
1791 1452 1880 1496 τοῦ

2016 1444 2278 1499 Dominus
2303 1446 2691 1513 omnipotens,
2713 1447 2946 1515 eﬂ'undo
2974 1446 3041 1501 de
3064 1446 3297 1515 Spiritu
3324 1462 3450 1504 meo
3473 1463 3652 1517 super

278 1539 579 1608 Πνεύματὸς
604 1556 702 1606 μου
731 1534 813 1587 ἐπὶ
845 1541 1015 1586 πᾶσαν
1060 1538 1249 1608 σάρκα,
1296 1530 1503 1591 δηλαδὴ
1534 1540 1626 1591 τὴν
1660 1533 1881 1586 ἀποστο-

2011 1548 2217 1589 >mnem
2266 1548 2500 1590 carnem
2556 1535 2625 1600 δ;
2676 1535 2973 1608 praecipue
3032 1534 3301 1592 videlicet
3364 1536 3647 1609 apostoli-

274 1626 428 1682 λικὴν
457 1628 876 1696 προηγουμένως,
1992 1636 2146 1677 cam.

351 1714 516 1786 Ὑμεῖς
613 1742 676 1753 -
762 1712 948 1783 ὕψους.
1020 1712 1313 1783 Διατριϐετε
1403 1716 1450 1763 ὲν
1546 1712 1880 1785 Ἰερουσαλὴμ

2063 1708 2225 1763 Vers.
2266 1707 2354 1763 49.
2403 1709 2506 1762 Vos
2541 1740 2605 1748 —
2652 1709 2797 1765 alto.
2846 1709 3291 1765 Conversamini
3323 1709 3497 1766 simul
3527 1710 3654 1766 Hie-

278 1802 600 1874 αχὼριστοι,
630 1799 723 1853 διὰ
748 1807 838 1859 τὴν
871 1804 942 1852 ἔτι
970 1801 1233 1853 ἀσθένειαν
1269 1807 1357 1852 καί
1382 1798 1575 1852 δειλίαν
1599 1803 1759 1872 ὑμῶν,
1793 1803 1881 1861 ἕως

2015 1795 2332 1866 'osolymis,
2358 1812 2478 1852 non
2496 1798 2743 1869 separati
2760 1804 2996 1870 pr0pter
3020 1798 3503 1865 imbecillitatem,
3525 1816 3651 1872 qua

280 1892 345 1944 οὗ
383 1889 696 1955 ἐνδύσησθε,
739 1887 892 1948 δίκην
919 1890 1221 1954 πανοπλίας,
1253 1887 1472 1961 δύναμιν
1501 1889 1553 1952 ἐξ
1577 1890 1762 1960 ὕψους,
1792 1899 1878 1942 τοῦ
1914 1909 1916 1960 ς

2014 1884 2505 1950 thuctenemini,
2530 1892 2582 1942 et
2610 1887 2882 1943 timorem
2903 1891 3188 1952 vestrum,
3218 1888 3421 1960 quoad
3461 1904 3650 1961 usque

278 1981 521 2054 οὐρανοῦ,
562 1981 591 2038 ἢ
616 1989 709 2042 τῆς
741 1983 995 2047 Θεότητος,
1020 1977 1113 2031 διὰ
1143 1988 1232 2038 τῆς
1265 1976 1591 2040 δηλωθείσης
1614 1979 1881 2051 ἐπιφοιτη-

2005 1973 2347 2042 .nduamini,
2379 1974 2440 2029 in
2480 1975 2731 2031 modum
2775 1980 3119 2043 armaturae,
3169 1977 3379 2033 virtute
3424 1994 3492 2033 ex
3521 1978 3641 2034 alto

280 2090 414 2131 σεως
443 2078 531 2122 τοῦ
566 2069 717 2141 ἁγίου
751 2072 1058 2141 Πνευματος.

2014 2061 2159 2127 :mlo,
2194 2062 2285 2117 vel
2307 2063 2425 2119 alta
2448 2063 2755 2120 divinitate
2786 2064 2892 2137 (cc)
2913 2080 3018 2137 per
3039 2066 3389 2137 pradictam
3412 2066 3650 2138 spiritus

1990 2153 2175 2208 sancti
2204 2152 2684 2210 descensionem.

354 2247 603 2319 Ἐξὴγαγε
656 2279 721 2287 -
783 2248 1056 2304 Βηθανίαν.
1111 2246 1185 2297 Οὐ
1238 2251 1371 2311 τότε,
1429 2246 1535 2298 ἀλλ’
1589 2246 1723 2319 ἐντῇ
1759 2266 1874 2300 τεσ-

2061 2242 2222 2296 Vers.
2267 2243 2603 2299 50.Edu:cit
2635 2274 2701 2283 —
2740 2243 3122 2301 Bethaniam.
3182 2246 3309 2301 Non
3340 2248 3504 2313 tunc,
3545 2245 3652 2302 sed

280 2345 585 2409 σαρακοστῇ
638 2339 807 2410 ἡμέρᾳ
854 2338 981 2407 μετά
1023 2339 1115 2392 τὴν
1149 2333 1454 2387 ἀνάστασιν·
1489 2340 1554 2388 τὰ
1596 2339 1695 2409 γὰρ
1730 2336 1776 2388 ἐν
1808 2346 1878 2409 τῷ

2017 2330 2457 2402 [uadragesimo
2484 2331 2578 2387 die
2612 2337 2746 2403 post
2772 2333 3267 2389 resurrectionem
3295 2350 3309 2400 ;
3335 2350 3499 2399 nam,
3519 2350 3653 2408 quin

277 2432 425 2497 μέσῳ
458 2424 786 2500 παρέδραμεν
821 2427 845 2475 ὸ
873 2424 1271 2494 εὐαγγελιστης.

1990 2415 2225 2474 interim
2264 2420 2416 2475 facta
2446 2425 2602 2485 sunt,
2631 2420 3028 2491 praetermittit
3055 2422 3435 2491 evangelista.

359 2521 457 2568 Καὶ
514 2548 581 2554 —
629 2516 859 2587 οὐρανόν.
910 2514 1130 2585 Νεφέλης
1169 2513 1531 2575 ὑπολαϐούσης
1591 2515 1763 2577 αὐτὸν,
1812 2518 1878 2577 ὡς

2060 2509 2228 2563 Vers.
2272 2512 2359 2562 50.
2392 2510 2564 2563 Et—
2622 2507 2784 2564 Vers.
2857 2514 2945 2564 5t.
2998 2510 3227 2567 caelum.
3280 2510 3651 2583 Suscipiente

279 2608 306 2657 ὸ
366 2611 541 2679 παρὼν
590 2604 962 2675 εὐαγγελιστης
1020 2602 1240 2674 ἔγραψεν
1309 2602 1358 2654 ἐν
1428 2611 1487 2674 τῇ
1560 2601 1727 2674 βίϐλῳ
1780 2613 1878 2656 τῶν

2014 2596 2152 2652 llum
2168 2596 2347 2665 nube,
2369 2596 2545 2651 veluti
2565 2597 2800 2664 scripsit
2816 2614 3085 2669 praesens
3109 2598 3481 2669 evangelista
3497 2600 3650 2659 libro

279 2694 636 2746 ἀποστολικῶν
668 2692 925 2765 Πράξεων.

1993 2686 2455 2757 apostolicarum
2478 2686 2795 2741 Actionum
2823 2689 2864 2741 ⁸.

360 2788 458 2836 Καὶ
507 2814 576 2822 —-
628 2782 870 2854 μεγάλης.
935 2783 1076 2833 Μετά
1132 2787 1307 2854 χαρᾶς
1360 2780 1605 2852 μεγάλης,
1650 2777 1744 2833 διὰ
1788 2787 1879 2839 τὴν

2062 2776 2222 2830 Vers.
2237 2776 2325 2829 52.
2342 2776 2418 2830 Et
2434 2806 2501 2815 —
2512 2790 2750 2845 magno.
2767 2777 2915 2833 Cum
2930 2776 3154 2848 gaudio
3167 2792 3393 2848 magno
3405 2783 3647 2851 propter

281 2874 573 2925 ἀνάστασιν
629 2872 810 2939 αὑτοῦ,
863 2875 951 2921 καὶ
1006 2866 1098 2921 διὰ
1124 2875 1215 2927 τὴν
1244 2866 1437 2921 ἐλπίδα
1478 2878 1567 2929 τῆς
1615 2870 1881 2942 εἰρημένης

2011 2864 2147 2920 llius
2172 2865 2684 2931 resurrectionem,
2727 2870 2783 2921 et
2837 2870 3075 2938 propter
3110 2882 3281 2938 spem
3311 2867 3477 2923 dictae
3508 2884 3645 2940 pro-

284 2961 613 3031 ἐπαγγελίας.
655 2960 732 3012 Ἐν
780 2968 839 3031 τῇ
896 2956 1189 3031 δηλωθείση
1237 2955 1294 3010 δὲ
1350 2958 1513 3031 βίϐλῳ
1567 2964 1875 3032 ’γέγραπταν

2010 2954 2299 3009 nissionis.
2316 2955 2378 3008 In
2392 2954 2547 3009 dicto
2565 2959 2763 3010 autem
2780 2955 2932 3011 libro
2952 2955 3234 3027 scriptum
3250 2960 3360 3019 est,
3377 2959 3539 3029 quod
3560 2974 3646 3014 re-

284 3054 367 3102 ὅτι
398 3049 721 3121 ὑπέστρεψαν
750 3049 818 3109 εἰς
847 3049 1179 3122 Ἰερουσαλὴμ
1208 3047 1306 3099 ἀπὸ
1338 3053 1483 3119 (iam);
1514 3057 1604 3099 τοῦ
1634 3048 1880 3119 καλουμέ-

2013 3043 2173 3112 gressi
2192 3048 2329 3097 sunt
2352 3043 2749 3113 Hierosolyma
2776 3059 2811 3099 a
2836 3050 3038 3099 monte
3069 3045 3166 3116 qui
3190 3051 3437 3102 vocatur
3458 3044 3649 3103 Oliva-

282 3161 373 3192 νου
434 3137 720 3199 Ἐλαιῶνος.
770 3137 926 3195 Δῆλον
972 3137 1077 3201 οὖν,
1122 3138 1196 3188 ὅτι
1259 3138 1371 3208 (93)
1431 3143 1757 3209 προσηνωται
1814 3146 1875 3210 τῇ

2011 3148 2123 3188 ἰιω
2135 3134 2176 3186 ⁷.
2194 3132 2689 3189 Manifestandum
2702 3149 2842 3205 ergo
2854 3139 2939 3190 est
2951 3134 3115 3206 quod
3130 3134 3434 3191 Bethaniae
3448 3136 3647 3192 unitus

286 3231 514 3299 Βηθανίᾳ
544 3230 600 3278 τὸ
633 3232 749 3299 ὄρος
778 3235 873 3277 τῶν
895 3226 1131 3277 Ἐλαιῶν.
1921 3277 1922 3295 χ

1002 3235 1131 3277 ιιών.
1921 3260 1958 3311 C
1993 3224 2064 3277 sit
2106 3238 2277 3277 mons
2318 3222 2638 3277 Olivarum.

358 3324 455 3371 Καὶ
504 3314 636 3375 ἦσαν
694 3348 762 3354 ——
822 3320 967 3368 Θεὸν.
1004 3314 1170 3367 Ἦσαν
1202 3310 1294 3366 δια
1320 3319 1506 3375 παντὸς
1556 3315 1602 3367 ἐν
1632 3324 1703 3385 τῷ
1738 3319 1876 3389 ἱερῷ,
1936 3310 1957 3311 ᾗ

2060 3312 2221 3367 Vers.
2263 3316 2348 3367 53.
2381 3312 2689 3383 Erantque
2727 3342 2795 3351 —
2824 3313 3031 3368 Deum.
3061 3310 3452 3383 Temporibus
3481 3311 3644 3367 vide-

278 3410 416 3459 κατὰ
454 3410 573 3467 τοὺς
621 3408 837 3477 καιροὺς
888 3400 1129 3461 δηλονότι
1176 3412 1272 3455 τῶν
1307 3404 1583 3470 συνάξεων,
1636 3407 1717 3456 ὅτε
1749 3402 1877 3457 εἶναι

2007 3402 2138 3467 icet,
2171 3401 2388 3472 quibus
2419 3400 2766 3469 congregari
2816 3401 3005 3455 solent
3059 3416 3071 3457 :
3114 3405 3282 3457 erant
3308 3416 3541 3471 semper
3580 3400 3643 3457 in

279 3497 329 3548 ἐν
365 3496 503 3565 αὐτῷ
530 3494 665 3557 ἐξῆν.

1987 3490 2226 3561 templo,
2242 3489 2489 3561 quando
2507 3488 2567 3543 in
2590 3504 2659 3542 eo
2684 3487 3063 3545 esselicebat.

354 3590 553 3636 Γένοιτο
613 3580 785 3635 δὲκαὶ
829 3583 967 3653 ἡμᾶς
999 3578 1090 3633 διὰ
1136 3586 1319 3641 παντὸς
1342 3582 1497 3634 αἰνεῖν
1529 3588 1617 3634 καὶ
1657 3583 1875 3653 εὐλογεῖν

2056 3580 2289 3634 Utinam
2317 3583 2512 3633 autem
2538 3583 2593 3632 et
2616 3594 2723 3632 nos
2746 3579 2932 3633 Deum
2960 3593 3195 3650 semper
3225 3577 3542 3634 laudemus
3566 3594 3637 3635 ac

278 3676 365 3725 τὸν
395 3676 542 3735 Θεὸν,
596 3678 684 3723 καὶ
715 3671 873 3731 οὕτως
904 3672 1064 3745 εὑρεῖν
1122 3672 1261 3732 τέλος
1291 3679 1385 3733 τῆς
1425 3674 1697 3743 παρούσης
1742 3672 1876 3732 ζωῆς

2005 3667 2429 3737 »θηθάίοοωυε,
2448 3672 2503 3722 et
2521 3667 2597 3722 ita
2617 3666 2796 3722 tinem
2819 3668 3129 3739 praesentis
3148 3666 3283 3722 vitae
3301 3666 3641 3737 jucundum

280 3756 391 3817 ἡδὺ
418 3764 505 3811 καὶ
532 3764 810 3832 μακάριον,
866 3760 912 3811 ἐν
946 3768 1157 3834 Χιρστῷ
1184 3760 1357 3817 Ἰησοῦ
1396 3769 1467 3831 τῷ
1501 3765 1672 3834 Κυρίῳ
1706 3762 1873 3832 ἡμῶν.

2008 3775 2053 3815 ιο
2080 3759 2328 3813 beatum
2354 3756 2731 3812 inveniamus
2757 3772 2861 3829 per
2884 3758 3083 3813 Iesum
3116 3755 3415 3814 Christum
3447 3757 3644 3814 Domi-

278 3850 467 3920 Ἀμην.

1984 3864 2131 3903 num
2172 3850 2468 3902 nostrum.
2502 3850 2711 3901 Amen.

555 3937 706 3999 Τέλος
734 3946 823 3990 τοῦ
858 3940 992 3990 κατὰ
1023 3943 1229 3990 Λουκᾶν
1272 3936 1603 4009 Εὖαγγελίου.

2273 3935 2427 3990 Finis
2442 3934 2745 4005 Evangelii
2762 3934 3094 3991 secundum
3111 3937 3352 3991 Lucam.

352 4065 371 4098 ⁸
400 4063 523 4118 Joel
577 4080 635 4128 ιι,
670 4066 755 4119 28.
836 4066 855 4098 ⁶
887 4066 1012 4118 Act.
1056 4081 1090 4127 l,
1127 4066 1177 4117 9.
1256 4062 1449 4117 71bid.
1490 4066 1573 4116 1'2.

1529 4187 1746 4257 Variae
1763 4188 2086 4256 lectiones
2111 4198 2168 4254 et
2194 4196 2392 4253 uotae.

355 4334 467 4406 (93)
522 4330 863 4407 Προσήλωται
894 4335 968 4398 Α,
1002 4331 1219 4403 inepte.

540 4458 694 4515 Caelo
754 4492 805 4499 —
861 4458 1183 4514 divinitate.
1249 4464 1323 4513 Ac
1382 4457 1429 4512 si
1478 4456 1683 4527 legerit
1761 4456 1815 4519 ἐξ
1870 4458 1973 4527 ὑψη

337 4548 505 4585 tals.

2002 4463 2074 4508 iam}
2127 4474 2211 4509 και
2271 4454 2475 4526 ὑψηλῆς
2535 4456 2792 4517 θεότητος.
2852 4454 3071 4522 Redde,
3140 4457 3276 4514 cati
3330 4463 3437 4513 aut
3488 4456 3638 4513 divi-

272 4548 505 4588 natans.

271 4686 2567 4709 _____________________.__________—____

1614 4813 2289 4936 ANONYMI

813 5059 1426 5122 INTERPRETATIO
1472 5057 1597 5137 (94)
1641 5057 1972 5119 DUARUM
2015 5056 2341 5117 ODARUM
2389 5052 2811 5115 EVANGELII
2856 5053 3090 5115 LUCzE

1116 5222 1192 5271 Ex
1224 5219 1405 5270 codice
1433 5218 1565 5269 Bibl.
1597 5217 1685 5269 SS.
1717 5217 1919 5281 Synodi
1952 5217 2291 5280 Mosquensis
2322 5228 2472 5265 num.
2503 5213 2798 5265 CCCXLIV.

996 5437 1145 5492 ὨΔΗ
1181 5442 1306 5491 ΤΗΣ
1340 5440 1694 5490 ΘΕΟΤΟΚΟΥ
1730 5440 1817 5488 EN
1853 5440 1944 5507 Τῼ.
1983 5439 2158 5487 ΚΑΤΑ
2197 5438 2476 5486 ΛΟΥΚΑΝ
2517 5435 2919 5503 ΕΥΑΓΓΕΛΙῼ.

1779 5561 2140 5636 Ἐπίγραμμα.

1353 5665 1573 5729 Tim-uc,
1599 5660 1840 5735 Μαριὰμ,
1872 5660 1960 5711 τὸν
2000 5658 2323 5731 θεοίνθρωπον
2354 5658 2555 5727 Λόγον,

342 5798 454 5868 (94)
489 5794 733 5868 Diversa
758 5790 1070 5868 paululum
1119 5803 1225 5868 seu
1255 5788 1557 5868 copiosior
1582 5787 1866 5868 inter-pre
1977 5781 2341 5868 {Bibliotheca
2388 5781 2657 5841 maxime.
2714 5780 2955 5839 Patrum
3007 5776 3203 5851 Lugd.
3258 5776 3376 5832 vol.
3412 5777 3537 5846 XIX,
3584 5789 3649 5847 p.

269 5856 415 5931 ἰδῢο
437 5856 741 5942 Euthymii
763 5856 1042 5937 Zigabeni
1067 5856 1567 5931 nomine,'legitur
1589 5856 1786 5915 Latin—e
1806 5857 1868 5914 in
1976 5856 2079 5912 473
2123 5871 2138 5923 ;
2166 5856 2294 5911 474.
