4144 6314
577 231 718 294 1107

651 358 736 434 ίγ’.
777 361 904 434 Περὶ
933 357 1000 410 ὧν
1037 354 1171 410 εἶπεν
1200 352 1403 418 Ἰούδας
1434 358 1572 429 (XII,
1603 359 1676 429 4).

654 447 745 509 ιδ’,
785 452 912 523 Περὶ
957 454 1050 500 τοῦ
1093 450 1209 500 ὄνου
1254 447 1394 519 (XII,
1430 448 1533 520 14).
1568 451 1674 502 ΜΘ.
1709 449 1784 521 με’
1814 456 1918 524 Μρ.
1959 447 2061 522 λβ’.
2097 455 2225 505 Λου.

576 540 642 670 gn
654 579 733 684 :t'.
759 630 887 701 Περὶ
911 634 1010 680 τῶν
1035 623 1420 701 προσελθόντων
1453 625 1708 685 Ἑλλήνων
1733 627 1878 699 (XII,
1905 627 2015 700 20).

585 812 670 866 13.
700 808 786 865 De
809 805 996 864 verbis
1022 804 1212 863 Iudae.

579 900 671 954 14.
698 897 783 955 De
809 896 1008 953 asello.

581 987 668 1044 15.
701 989 788 1044 De
812 984 1028 1043 Grecis
1063 984 1167 1060 qui
1203 990 1592 1042 accesserunt.

2227 1184 2294 1196 ὴ

2226 1206 2295 1215 ι-

651 1288 1150 1349 INTERPRETA
1169 1288 1298 1345 T10
1333 1287 1776 1345 EVANGELII
1808 1289 2158 1348 JOANNIS.

654 1469 798 1537 Quis
829 1473 983 1526 certe
999 1469 1172 1524 fuerit
1194 1467 1454 1524 Joannes
1478 1467 1846 1538 evangelista
1871 1484 1906 1524 a
1936 1469 2231 1540 prioribus
2267 1511 2311 1564 B

582 1558 968 1628 evangelistis
1009 1557 1346 1626 didicimus,
1407 1563 1554 1628 puta
1601 1558 1767 1628 quod
1793 1557 1972 1613 frater
1999 1559 2228 1627 Jacobi,

578 1647 738 1704 ﬁlius
771 1646 1059 1713 Zebedaai,
1082 1662 1119 1701 a
1155 1645 1290 1702 vico
1315 1645 1636 1702 Bethsaida
1665 1646 1922 1716 regionis
1958 1646 2227 1713 Galilaeas,

580 1741 703 1794 arte
732 1737 994 1808 piscator
1047 1736 1089 1789 ί.
1115 1736 1319 1808 Neque
1349 1740 1548 1791 autem
1580 1734 1767 1807 prius,
1801 1751 1996 1808 neque
2023 1742 2232 1808 postea

579 1826 803 1883 litteras
831 1823 1055 1889 didicit,
1096 1824 1202 1880 sed
1245 1824 1480 1895 penitus
1525 1824 1713 1880 idiota
1742 1829 1866 1880 erat
1903 1843 1915 1879 :
1966 1830 2232 1881 attamen

577 1915 758 1972 talem
787 1930 927 1970 eum
961 1914 1262 1980 novimus,
1305 1915 1549 1984 qualem
1594 1928 1727 1968 esse
1758 1913 2011 1970 decebat
2039 1914 2229 1981 illum,

577 2006 682 2077 qui
742 2020 778 2060 a
833 2003 1059 2060 Christo
1117 2002 1364 2058 edoctus
1407 2006 1575 2057 esset.
1624 2001 1929 2074 Siquidem
1989 2019 2127 2058 cum
2171 2005 2232 2058 in

578 2109 752 2150 cmna
767 2109 947 2165 super
970 2096 1175 2165 pectus
1209 2089 1444 2147 Domini
1467 2089 1856 2156 recubuisset,
1883 2092 2060 2148 talem
2087 2093 2233 2148 hau-

578 2183 654 2239 sit
670 2182 1003 2247 scientiam,
1022 2179 1265 2252 qualem
1278 2179 1428 2235 alius
1441 2195 1621 2234 nemo
1639 2181 1880 2235 sortitus
1891 2185 1996 2236 est.
2013 2182 2079 2236 Et
2096 2197 2232 2236 vere

576 2267 654 2329 de
678 2270 829 2328 coelo
859 2270 1067 2334 tonuit,
1091 2274 1147 2325 et
1169 2269 1243 2324 de
1254 2268 1651 2340 penetralibus
1669 2269 1912 2340 Spiritus
1939 2269 2234 2325 exclama-

577 2361 660 2417 vit
693 2375 852 2419 :non
891 2364 1180 2430 tanquam
1212 2357 1324 2413 alte
1366 2357 1718 2424 vociferans,
1743 2358 1846 2413 sed
1874 2359 2133 2431 quaside
2151 2375 2234 2413 re-

578 2450 696 2506 bus
737 2449 870 2506 altis
900 2448 1170 2504 clamans
1206 2464 1218 2502 :
1264 2451 1320 2503 et
1345 2446 1616 2518 linguam
1667 2463 1805 2503 cum
1861 2449 2071 2520 spiritu
2113 2465 2234 2502 mo-

577 2555 746 2596 νθηε.

652 2629 755 2683 Hic
785 2627 962 2697 igitur
991 2641 1130 2682 cum
1169 2625 1230 2682 in
1270 2626 1383 2682 tria
1413 2625 1670 2682 aliorum
1720 2627 2060 2696 Evangelia,
2107 2643 2236 2699 qua;

580 2717 694 2774 sibi
724 2732 760 2772 a
784 2715 1154 2790 quibusdam
1185 2714 1461 2771 ﬁdelibus
1481 2715 1662 2772 allata
1682 2721 1870 2783 erant,
1904 2715 2230 2782 incidisset,

579 2805 944 2877 vidissetque
974 2804 1087 2859 hos
1116 2808 1230 2858 tres
1283 2803 1344 2858 in
1374 2819 1445 2860 eo
1494 2804 1754 2860 maxime
1797 2821 2068 2860 sermone
2110 2821 2234 2860 ver-

1903 228 2254 290 EUTHYMII
2301 217 2458 285 ZIGA
2468 229 2626 288 BEN]

2258 359 2313 413 A

3866 235 4020 291 1108

2414 358 2500 421 ις’.
2545 364 2667 433 Περὶ
2691 368 2781 414 τοῦ
2802 368 3066 435 νιπτῆρος.
3100 360 3262 432 (XIII,
3295 360 3372 431 3.)

2412 449 2503 511 ιζ’.
2547 455 2670 524 Περὶ
2689 458 2780 503 τοῦ
2820 449 3182 524 Παρακλήτου.
3217 450 3350 520 (XV,
3377 449 3488 521 ‘26.)

2415 539 2499 597 ιη’.
2570 545 2693 613 Περὶ
2751 549 2847 602 τῆς
2912 540 3164 602 αἰτήσεως
3221 547 3312 592 τοῦ
3373 546 3654 611 Κυριακοῦ
3735 543 4016 610 σώματος

2341 629 2488 702 (ΧΙΧ,
2521 630 2637 702 38.)
2666 631 2766 686 Μθ.
2793 629 2893 693 ξη’.
2922 637 3027 702 MP.
3057 628 3167 702 μη’.
3201 635 3328 685 Λου.
3364 629 3477 703 πβ’.

2253 856 2257 862 .
2347 810 2434 864 16.
2477 809 2561 866 De
2595 808 2800 864 latione
2830 809 3053 880 pedum.

2348 899 2435 952 17.
2483 899 2564 954 De
2589 898 2909 954 Paraclelo.

2349 988 2436 1041 18.
2477 988 2562 1044 De
2580 988 2860 1057 petitione
2889 988 3152 1057 carparis
3181 987 3433 1044 Domini.

2610 1299 2949 1346 EPMHNEIA
2988 1300 3120 1346 ΤΟΥ
3153 1298 3330 1346 ΚΑΤΑ
3371 1299 3707 1346 ΙΩΑΝΝΗΝ

2928 1387 3361 1439 ΕΥΑΓΓΕΛῘΟΥ.

2414 1475 2504 1532 Τίς
2555 1474 2645 1544 μὲν
2693 1468 2754 1530 ἧν
2782 1471 3016 1532 Ἰωάννης
3068 1474 3092 1523 ὁ
3141 1473 3511 1544 εὖαγγελιστὴς
3569 1472 3664 1543 (1)
3715 1470 4002 1544 ἐμάθομεν

2346 1559 2445 1612 ἀπὸ
2523 1569 2619 1612 τῶν
2690 1560 3044 1632 προλαϐόντων
3118 1561 3511 1632 εὐαγγελίστῶν,
3581 1563 3679 1613 ὅτι
3761 1558 3998 1632 ἀδελφὸς

2344 1649 2613 1714 Ἰακώϐου,
2665 1652 2779 1711 υἱὸς
2834 1646 3137 1715 Ζεϐεδαίου,
3187 1656 3364 1722 κώμης
3419 1647 3727 1707 Βηθσαῖδά

2345 1737 2632 1802 Γαλιλαίας,

3730 1694 3748 1719 ,
3807 1656 4002 1721 χώρας

2713 1744 2806 1796 τὴν
2863 1744 3052 1811 τέχνην
3111 1739 3299 1800 ἁλιεύς.
3355 1743 3488 1791 Οὔτε
3558 1737 3620 1791 δὲ
3699 1744 3989 1811 πρότερον,

2341 1829 2454 1879 οὔτε
2505 1832 2607 1899 μὴν
2656 1829 2869 1900 ὕστερον
2926 1830 3213 1900 γράμματα
3261 1830 3577 1899 μεμάθηκεν,
3644 1828 3800 1879 ἀλλὰ
3861 1848 3991 1879 παν-

2339 1915 2495 1976 τελῶς
2553 1913 2770 1980 ἰδιώτης
2822 1915 2902 1975 ἦν.
2971 1916 3106 1974 Πλὴν
3162 1918 3186 1968 ὁ
3241 1924 3469 1977 τοιοῦτος
3527 1915 3746 1988 ἴδωμεν
3811 1918 3985 1976 ὁποῖος

2338 2009 2514 2076 γέγονε
2558 2008 2896 2077 μαθητευθεὶς
2947 2016 3018 2076 τῷ
3076 2014 3306 2079 Χριστῷ.
3368 2007 3679 2059 Ἀναπεσὼν

2342 2103 2411 2163 τῷ
2443 2091 2634 2165 δείπνῳ
2663 2093 2746 2147 ἐπὶ
2793 2098 2851 2147 τὸ
2891 2097 3083 2157 στῆθος
3124 2103 3218 2156 τῆς
3264 2099 3445 2167 Σορίας
3489 2095 3718 2146 εἵλκυσε
3751 2102 3974 2165 γνῶσιν,

3769 2009 3883 2080 γὰρ
3941 2005 3983 2055 ἐν

2342 2183 2452 2234 οἵαν
2504 2179 2675 2243 οὐδεὶς
2734 2184 2898 2258 ἕτερος
2967 2182 3320 2257 ἐκληρωσατο.
3399 2186 3494 2235 Καὶ
3550 2186 3724 2242 ὅντως
3801 2179 3976 2253 ἐϐρόν-

2341 2290 2496 2329 τησεν
2554 2271 2607 2334 ἐξ
2662 2271 2904 2344 οὐρανοῦ,
2966 2276 3055 2323 καὶ
3118 2271 3391 2345 ἀνέκραγεν
3455 2270 3508 2322 ἐκ
3565 2281 3678 2323 τῶν
3745 2275 3972 2342 ταμείων

2341 2368 2432 2412 τοῦ
2484 2363 2795 2432 Πνεύματος,
2847 2361 2950 2432 οὐχ
3004 2365 3067 2422 ὡς
3123 2365 3258 2432 μέγα
3310 2359 3467 2433 βοῶν,
3525 2359 3638 2411 ἀλλ’
3720 2362 3792 2419 ὡς
3855 2363 3970 2431 περὶ

2343 2449 2574 2522 μεγάλων
2643 2449 2798 2522 βοῶν,
2878 2455 2967 2502 καὶ
3015 2458 3166 2502 κινῶν
3219 2455 3312 2507 τὴν
3363 2450 3595 2521 γλῶτταν
3651 2450 3803 2521 μετά
3882 2453 3967 2497 τοὺ

2342 2542 2647 2611 πνεύματος.

2417 2629 2575 2688 Οὗτος
2629 2629 2735 2695 οὖν,
2793 2628 3021 2700 ἐντυχὼν
3071 2636 3178 2689 τοῖς
3230 2638 3328 2680 τῶν
3392 2628 3554 2680 ἄλλων
3590 2626 3954 2699 Εὐαγγελίοις,

2345 2720 2770 2790 προσενεχθεῖσιν
2821 2718 2960 2787 αὐτῷ
3011 2721 3154 2790 παρά
3196 2737 3342 2770 τινων
3393 2725 3615 2779 πιστῶν,
3674 2721 3769 2769 καὶ
3812 2711 3949 2772 ἰδὼν,

2347 2809 2427 2858 ὅτι
2473 2812 2562 2858 καὶ
2615 2809 2664 2858 οἱ
2715 2815 2850 2881 τρεῖς
2902 2815 2973 2876 τῷ
3027 2813 3145 2881 περὶ
3196 2815 3291 2867 τῆς
3348 2805 3793 2879 ἐνανθρωπὴσεως
3864 2809 3948 2853 τοῦ

582 2899 770 2960 satos,
794 2867 897 2966 qui
928 2892 1002 2948 de
1031 2892 1354 2948 Salvatoris
1382 2897 1508 2948 erat
1544 2894 1934 2958 humanitate,
1961 2899 2235 2950 caeterum

2349 2903 2579 2969 Σωτῆρος
2622 2893 2949 2968 ἐνδιέτριψαν
2984 2896 3216 2964 μάλιστα
3257 2895 3411 2966 λόγῳ,
3460 2899 3550 2946 καὶ
3592 2895 3778 2947 λοιπὸν
3810 2890 3943 2963 ἤμελ-

579 2983 891 3052 dogmata,
931 2997 1068 3054 quae
1099 2981 1174 3037 de
1205 2980 1516 3037 divinitate
1543 2983 1672 3054 ejus
1704 2988 1888 3047 erant,
1916 2984 2238 3055 praetermi-

583 3072 752 3136 sisse,
779 3070 912 3143 ipsa
940 3069 1188 3143 quidem
1209 3070 1518 3140 evangelia
1549 3070 1878 3126 admiratus
1908 3077 1991 3127 est
2022 3088 2091 3127 ac
2112 3071 2236 3127 lau-

579 3159 765 3229 davit,
797 3163 850 3216 et
869 3175 1011 3215 vera
1039 3175 1142 3215 eos
1179 3159 1398 3215 dixisse
1426 3175 1496 3215 ac
1525 3159 1643 3215 ﬁne
1657 3161 1843 3230 digna
1868 3165 2108 3217 testatus
2125 3166 2236 3220 est.

580 3249 714 3322 Ipse
734 3253 936 3306 autem
982 3253 1179 3304 motus
1205 3263 1242 3304 a
1286 3247 1506 3304 Christo
1538 3249 1618 3304 ad
1649 3264 1912 3320 praesens
1965 3266 2114 3321 opus
2144 3267 2237 3306 ac-

580 3337 780 3402 cessit,
806 3341 864 3394 et
893 3337 1174 3409 quaedam
1205 3341 1426 3403 narrat,
1451 3353 1586 3409 quae
1625 3338 1806 3394 etiam
1838 3338 1916 3394 ab
1942 3339 2071 3395 aliis
2099 3339 2238 3394 scri-

581 3432 684 3502 pta
727 3431 912 3493 erant,
943 3442 1016 3482 ne
1063 3425 1338 3483 videatur
1365 3427 1756 3497 Evangelium
1787 3445 1962 3484 suum
1988 3428 2065 3484 ab
2097 3428 2238 3484 alio-

580 3531 717 3573 rum
743 3515 1075 3588 Evangeliis
1091 3531 1438 3588 separasse:
1460 3515 1758 3588 praecipua
1783 3517 2077 3573 tamenilli
2094 3533 2237 3573 cura

582 3605 708 3670 fuit,
740 3621 876 3677 quae
908 3605 986 3661 ab
1025 3604 1153 3660 aliis
1181 3604 1386 3661 relicta
1418 3609 1606 3671 erant,
1663 3605 1899 3670 addere,
1945 3622 2016 3661 ac
2045 3605 2121 3662 de
2153 3606 2238 3662 di-

581 3695 722 3750 vina
750 3693 1074 3751 Salvatoris
1096 3693 1285 3765 gratia
1307 3695 1480 3766 plura
1507 3710 1748 3766 ponere,
1782 3695 1937 3751 sicut
1966 3711 2239 3752 necessa-

581 3783 739 3840 rium
761 3791 893 3840 esse
921 3783 1002 3841 ob
1041 3783 1417 3854 insurgentes
1465 3783 1720 3840 haereses
1755 3783 2038 3856 judicavit
2063 3784 2164 3855 (a).

655 4051 761 4109 Alii
811 4050 1109 4124 siquidem
1157 4050 1236 4107 ob
1276 4050 1619 4108 auditorum
1641 4051 2104 4109 imbecillitatem
2140 4053 2240 4110 illa

581 4139 1101 4214 praetermiserant,
1122 4139 1387 4195 nondum
1408 4139 1764 4197 conﬁrmata
1786 4142 2234 4212 praedicatione:

2347 2984 2431 3036 λον
2497 2987 2932 3042 ἁποσιωπηθῆναι
3003 2987 3067 3036 τὰ
3119 2990 3238 3056 περὶ
3299 2992 3392 3046 τῆς
3471 2986 3718 3044 θεότητος
3789 2981 3937 3032 αὐτοῦ

2348 3071 2592 3146 δόγματα
2624 3091 2635 3102 ·
2697 3072 2863 3125 ἐκεῖνα
2924 3077 3013 3147 μὲν
3066 3077 3132 3125 τὰ
3179 3074 3470 3145 Εὑαγγέλια
3515 3078 3606 3125 καὶ
3663 3073 3916 3140 ἐθαύμασεν

2346 3168 2436 3215 καὶ
2481 3163 2714 3236 ἐπῄνεσε,
2758 3167 2847 3214 καὶ
2897 3163 3084 3221 πολλὴν
3140 3163 3312 3224 αὐτοῖς
3372 3161 3613 3220 ἀλήθειαν
3663 3164 3745 3212 καὶ
3790 3155 3926 3216 ἀξιο-

3213 3252 3364 3311 αὐτὸς
3423 3249 3500 3315 δὲ,
3567 3259 3660 3303 τοῦ
3710 3248 3930 3320 Χριστοῦ

2343 3347 2652 3403 κινήσαντος
2715 3341 2887 3406 αὐτὸν,
2944 3337 3092 3398 ἦλθεν
3156 3339 3239 3392 ἐπὶ
3291 3343 3348 3392 τὸ
3419 3344 3581 3411 παρὸν
3631 3342 3935 3410 σύγγαμμαν

2344 3257 2558 3305 πιστίαν
2615 3254 3114 3326 προσεμαρτύρησεν
3144 3272 3156 3283 ο

2322 3431 2433 3482 καὶ
2466 3427 2730 3502 διηγεῖται
2770 3432 2858 3499 μὲν
2906 3434 2994 3480 καί
3041 3449 3156 3481 τινα
3197 3438 3296 3480 τῶν
3346 3437 3454 3491 τοῖς
3506 3428 3684 3490 ἄλλοις
3740 3429 3936 3494 ἱστορη-

2347 3522 2549 3584 θέντων,
2611 3521 2692 3570 ἰνα
2748 3523 2818 3590 μὴ
2886 3517 3268 3592 ἁπερῥηγμὲνον
3347 3515 3477 3589 δοκῇ
3547 3526 3650 3568 τῶν
3726 3514 3938 3583 Biar/7c-

2343 3609 2463 3661 λίων
2534 3607 2732 3660 ἐκείνων
2798 3610 2854 3658 τὸ
2927 3606 3110 3658 ἑαυτοῦ
3170 3606 3480 3678 Εὖαγγελιον
3527 3623 3538 3635 ”
3587 3606 3821 3677 μάλιστα
3888 3595 3941 3649 δὲ

2347 3701 2604 3771 φροντίζει
2654 3705 2751 3748 τῶν
2807 3695 3284 3768 παραλελειμμένων
3361 3694 3584 3759 ἐκείνοις,
3648 3700 3742 3746 καὶ
3802 3689 3940 3742 πλέον

2343 3796 2441 3840 τῶν
2495 3785 2661 3848 ἄλλων
2709 3794 2804 3846 τῆς
2874 3784 3170 3856 θεολογικῆς
3231 3792 3322 3836 τοῦ
3385 3792 3623 3859 Σωτῆρος
3683 3778 3937 3835 διδασκα-

2346 3875 2479 3940 λίας,
2538 3878 2608 3937 ὡς
2664 3873 3085 3946 ἁναγκαιοτάτης
3141 3870 3235 3926 διὰ
3301 3875 3395 3935 τὰς
3456 3872 3750 3946 μελλούσας
3813 3869 3940 3941 αἱρέ-

2350 3983 2478 4026 σεις.

2417 4055 2631 4106 Ἐκεῖνοι
2687 4056 2776 4126 μὲν
2833 4055 2932 4126 γὰρ
2987 4055 3179 4110 ταύτην
3238 4061 3476 4126 παρῆκαν
3543 4048 3636 4104 διὰ
3695 4055 3780 4107 τὴν
3844 4050 3933 4095 τῶν

2349 4141 2610 4218 ἀκροατῶν
2686 4141 2972 4209 ἀσθένειαν,
3047 4145 3190 4193 οὔπω
3273 4149 3363 4192 τοῦ
3447 4144 3783 4215 κηρύγματος
3851 4135 3930 4207 ῥι-

581 4212 680 4286 bic
718 4231 918 4284 autem
949 4231 1246 4284 crescente
1271 4229 1401 4299 jam
1429 4228 1568 4294 ﬁde,
1605 4245 1675 4284 ac
1704 4229 1984 4285 ﬁdelibus
2018 4231 2235 4287 intelle-

2350 4233 2612 4292 ζωθέντος·
2642 4232 2788 4291 οὗτος
2827 4227 2905 4298 δὲ,
2935 4239 3029 4291 τῆς
3054 4236 3285 4292 πίστεως
3315 4230 3636 4292 αὐξηθείσης
3678 4225 3801 4288 ἤδη,
3849 4224 3930 4272 καὶ

586 4315 683 4374 ct'u
722 4315 1148 4388 capacioribus,
1187 4316 1262 4373 de
1302 4316 1413 4373 hac
1467 4317 1745 4385 deﬁnivit,
1782 4318 2000 4374 additis
2056 4319 2238 4377 etiam

587 4404 948 4479 quibusdam
986 4405 1306 4477 capitibus,
1352 4406 1489 4478 quae
1531 4411 1708 4465 antea
1747 4407 1980 4465 silentio
2006 4409 2242 4466 fuerant

583 4495 900 4569 praeterita.

656 4584 924 4640 Praesens
962 4589 1162 4642 autem
1210 4586 1598 4656 Evangelium
1653 4587 1854 4644 multis
1906 4589 2080 4644 annis
2110 4593 2241 4660 post

586 4677 761 4746 capta
787 4673 1203 4747 Hierosolyma
1233 4676 1594 4749 conscripsit.

655 4765 797 4835 Cap.
829 4763 1055 4820 I.Vers.
1090 4765 1140 4820 1.
1161 4766 1542 4836 Inprincipio
1571 4774 1701 4823 erat
1733 4767 2238 4823 Verbum.Nomen

585 4855 732 4930 ἀρχὴ
761 4852 937 4928 plura
964 4853 1257 4924 significat
1288 4874 1302 4926 ;
1336 4855 1432 4912 hic
1457 4859 1658 4912 autem
1687 4856 1924 4928 proprie
1951 4855 2241 4926 signiﬁcat

659 5030 680 5070 ί
712 5030 838 5089 Act.
866 5046 946 5099 1v,
987 5031 1077 5088 13.

2348 4329 2447 4373 τῶν
2501 4328 2700 4371 πιστῶν
2748 4323 3096 4392 συνετωτέρων
3142 4323 3441 4390 γενομένων,
3492 4318 3709 4382 ἐνέταξεν
3759 4312 3925 4370 αὐτὴν»

2348 4412 2593 4486 προσθεὶς
2623 4413 2712 4462 καὶ
2741 4411 2888 4481 ἔτερα
2917 4408 3168 4480 κεφάλαια
3199 4410 3678 4481 παρασιωπηθέντα
3712 4408 3809 4459 τοῖς
3834 4399 3923 4467 πρὸ

2350 4500 2531 4552 αὐτοῦ.

2421 4588 2782 4660 ΣυνεΊΡάψατο
2842 4583 2901 4639 δὲ
2956 4591 3012 4639 τὸ
3072 4589 3235 4660 παρὸν
3299 4586 3604 4658 Εὐαγγέλιον
3655 4580 3771 4654 μετά
3830 4580 3908 4624 τήν

2348 4679 2540 4732 ἅλωσιν
2567 4676 2934 4750 Ἰεροσολύμων
2961 4675 3160 4736 πολλοῖς
3188 4678 3402 4747 ὕστερον
3435 4677 3609 4728 ἔτεσιν.

2417 4765 2494 4820 Ἐν
2553 4765 2695 4840 ἀρχῇ
2756 4763 2816 4824 ἦν
2902 4767 2927 4817 ὃ
2994 4770 3186 4835 Λόγος.
3244 4771 3314 4817 Τὸ
3388 4775 3475 4824 τῆς
3557 4761 3719 4835 ἀρχῆς
3770 4756 3918 4840 ὄνομα

2348 4857 2742 4928 πολυσήμαντὸν
2784 4858 2923 4906 ἐστιν
2957 4875 2968 4886 ·
3007 4851 3314 4928 ἰῗιοτρὸπως
3364 4850 3424 4905 δε
3468 4861 3557 4904 νῦν
3609 4848 3833 4922 σημαίνει
3872 4853 3923 4887 το

1811 5159 2032 5229 Variae
2070 5159 2402 5228 lectiones
2451 5166 2747 5227 etnotae.

626 5329 632 5334 ,
659 5271 801 5347 (υό
825 5272 1202 5348 εὖᾶγγελιστὴς
1221 5273 1436 5334 Ἰωάννη
1447 5295 1487 5339 ς.
1521 5282 1564 5330 Δ

659 5452 767 5526 (ᾳ)
787 5453 1104 5522 Praecipua
1135 5484 1200 5494 -—
1220 5453 1532 5525 judicavit.
1554 5454 1686 5526 Haec
1712 5471 1822 5510 suo
1837 5455 2082 5511 arbitrio
2114 5469 2240 5510 mu-

589 5523 1064 5598 tavitjnterpres,
1099 5523 1338 5582 Poterat
1354 5526 1434 5581 ad
1465 5525 1712 5598 verbum
1745 5526 2093 5598 exprimere.
2128 5526 2238 5598 Sed

589 5598 663 5654 de
708 5595 916 5667 divina
967 5595 1289 5653 Saluatoris
1343 5597 1548 5667 gratia
1601 5597 1744 5652 falsa
1801 5595 1956 5654 sunt.
2000 5597 2235 5652 Redde:

588 5665 858 5726 Maxime
883 5680 1018 5724 vero
1035 5674 1289 5726 curatea
1307 5665 1427 5740 quae
1439 5668 1508 5727 ab
1531 5669 1656 5725 illis
1680 5676 1818 5724 sunt
1847 5670 2242 5740 praetemnissa

2351 5453 2649 5524 magisque
2672 5468 2844 5523 quam
2871 5444 3931 5524 reliqui(curat)doctrinamdedivina

2351 5523 2682 5581 Ser’vutoris
2705 5530 2949 5589 natura,
2969 5530 3037 5577 ut
3058 5523 3304 5579 maxime
3319 5527 3746 5593 necessariam,
3773 5528 3929 5593 prop:

2353 5603 2438 5651 ter
2449 5600 2688 5662 futuras
2707 5596 2965 5652 hereses.
2989 5594 3271 5666 Θεολογικὴ
3306 5591 3652 5661 διδασκαλία,
3675 5591 3930 5657 theologi-

2353 5683 2422 5725 ca
2435 5668 2728 5735 doctrina,
2761 5667 3133 5723 estdoctrina
3145 5666 3220 5722 de
3235 5666 3485 5736 Christo,
3511 5671 3571 5722 ut
3594 5670 3734 5722 Deo.
