4144 6314
342 342 481 396 1109

1400 301 1769 390 COMMENT.
1818 332 1890 388 IN
1928 335 2275 392 JOANNEM.
2316 367 2387 379 _
2427 336 2588 396 CAP.
2628 336 2672 393 I.

3559 328 3703 389 1110

340 463 637 537 ἆεί.Ταύτῃ
675 461 733 516 δὲ
782 473 842 535 τῇ
899 462 1041 538 ἀρχῇ
1104 467 1390 536 συζευχθὶν
1443 465 1499 514 τό
1551 449 1611 515 ἧν
1640 446 1915 519 ἀνεννόητος

2044 462 2202 518 idem
2248 463 2408 535 quod
2456 478 2702 533 semper.
2756 460 2898 516 Huic
2923 475 3061 517 vero
3093 456 3236 533 ἀρχῇ
3269 457 3589 530 conjuncta
3613 457 3697 514 di-

338 555 496 612 αὐτὴν
519 554 768 614 παντελὼς
802 554 1058 609 ἐποίησεν.
1092 552 1257 604 Ὀπου
1302 556 1402 625 γὰρ
1437 546 1697 619 ἀναγάγῃς
1728 568 1822 601 σου
1849 553 1934 601 τὸν

336 652 471 705 νονν,
502 649 807 716 προαπαντᾴ
849 646 905 693 τό
940 639 1024 705 ἦν,
1062 647 1149 693 καὶ
1191 650 1464 713 πανταχοῦ
1495 642 1805 712 προτρέχον,
1844 640 1935 691 οὐκ

337 731 395 802 ἐᾷ
434 752 525 783 σου
558 737 650 788 την·
688 734 879 782 ἔννοιαν
928 733 1088 802 εὑρεῖν
1137 751 1251 782 τινα
1308 734 1519 786 στάσιν,
1592 734 1690 782 Καὶ
1732 729 1814 781 ἐπὶ
1845 733 1934 800 μεν

333 830 430 872 τῶν
461 829 684 872 κτιστών
734 823 791 872 τό
838 817 897 878 ἦν
942 824 1029 871 τόν
1068 821 1459 892 παρεληλυθότα
1490 824 1679 894 χρόνον
1735 816 1889 877 δηλοῖ
1918 835 1929 846 ”

334 909 419 961 ἐπὶ
450 906 508 961 δε
534 916 626 970 τῆς
659 907 902 961 ἀκτίστου
927 906 1155 982 Τριάὸος
1184 913 1240 960 τό
1274 908 1351 961 ἀεὶ
1365 914 1453 961 καὶ
1482 918 1633 960 τοῦτο
1668 912 1928 981 σημαίνει.

337 1004 434 1050 Kui
461 996 543 1049 ἐπὶ
572 1001 662 1069 μεν
694 1007 786 1059 τῆς
815 1006 1005 1058 νοητῆς
1043 1004 1130 1049 xui
1181 1006 1271 1058 τῆς
1317 998 1573 1059 αἰσθητῆς
1612 1002 1825 1057 κτίσεως
1858 995 1929 1047 ἐπ’

335 1083 545 1146 οὐδενός
592 1084 862 1157 ἐνδέχεται
914 1088 1140 1161 ῥηθῆναι
1190 1091 1247 1139 τό
1288 1087 1367 1139 Ἐν
1422 1086 1562 1159 ἀρχῇ
1626 1084 1684 1145 ἦν
1720 1104 1732 1116 ’
1764 1090 1933 1137 πάντα

331 1178 430 1249 γὰρ
456 1174 669 1248 ὕστερον
697 1175 921 1246 ἐγένοντό
946 1195 956 1205 ’
994 1175 1076 1228 ἐπὶ
1104 1181 1259 1247 μόνης
1291 1173 1348 1228 0‘22
1373 1186 1461 1236 τῆς
1489 1181 1754 1249 μακαρίας
1774 1176 1933 1248 Τριά-

334 1260 425 1325 ὃος
451 1264 668 1338 ἁρμόζει
702 1272 853 1317 τοῦτο
887 1285 899 1296 ’
925 1269 1053 1336 μόνη
1083 1270 1183 1338 γαρ
1217 1264 1352 1317 ἐστιν
1385 1264 1631 1336 ἀγένητος
1766 1269 1931 1317 εἶτουν

334 1354 575 1413 ἱκτιστος
585 1395 595 1407 .

399 1530 616 1601 Ὁμοίως
670 1527 728 1583 δὲ
779 1536 867 1583 καὶ
920 1535 976 1583 τὸ
1045 1537 1206 1604 ὄνομα
1261 1540 1349 1583 τοῦ
1428 1537 1622 1603 Λόγου,
1692 1533 1930 1590 πολυσή-

331 1626 514 1691 μαντον
556 1618 693 1671 ἐστιν
744 1635 754 1645 ·
798 1617 1105 1695 ἰδιοτρόπως
1147 1619 1203 1673 δὲ
1249 1629 1337 1672 νῦν
1379 1628 1621 1693 σημαίνει
1671 1626 1754 1674 τόν
1808 1626 1928 1675 Υίόν

330 1716 419 1759 τοῦ
452 1709 597 1761 Θεοὺ.
659 1713 875 1779 Λέγεται
905 1713 1005 1783 γὰρ
1067 1715 1251 1781 Λόγος,
1289 1714 1357 1771 ὡς
1410 1712 1434 1761 0
1490 1712 1741 1783 Θεολόγος
1794 1712 1928 1783 λέγει

2045 553 2158 607 ctio
2191 548 2251 610 ἧν
2292 560 2433 615 erat.
2468 554 2664 623 ipsum
2723 550 2970 605 omnino
3000 547 3255 604 reddidit
3287 546 3686 618 incognitum.

2046 642 2173 705 Quo
2212 641 2371 695 enim
2421 641 2665 695 reduces
2700 645 2892 693 mente
2917 642 3018 693 tua
3057 637 3197 692 illud
3235 642 3378 705 erat,
3428 636 3591 708 quod
3620 636 3696 707 (ὁ)

2044 737 2179 785 ante
2199 732 2397 784 omnia
2420 734 2475 784 et
2495 729 2715 800 ubique
2747 742 3134 799 praecurrens,
3166 741 3288 780 non
3316 725 3452 780 sinit
3473 725 3698 793 cogita-

2041 820 2266 875 tionem
2307 824 2470 873 tuam
2510 817 2774 873 invenire
2824 815 3163 871 terminum.
3206 815 3274 868 Et
3312 812 3370 867 in
3411 810 3696 869 creaturis

2041 907 2482 981 quidem,erat,
2541 905 2895 977 praeteritum
2944 907 3177 973 tempus
3227 901 3586 958 manifestat.
3629 902 3694 956 In

2039 996 2245 1053 Triade
2279 1014 2417 1051 vero
2458 997 2741 1059 increata,
2787 994 2917 1049 haec
2969 992 3146 1047 etiam
3186 989 3476 1059 signiﬁcat
3515 990 3694 1045 dictio

2039 1102 2286 1155 semper.
2302 1089 2366 1142 Et
2383 1085 2443 1141 in
2465 1083 2836 1139 intellectuali
2855 1097 2999 1137 sane
3019 1096 3087 1135 ac
3110 1078 3371 1136 sensibili
3397 1082 3693 1143 creatura,

2040 1178 2113 1231 de
2137 1176 2298 1231 nullo
2330 1175 2545 1245 suscipi
2574 1177 2787 1245 potest,
2823 1175 2886 1226 ut
2923 1170 3151 1227 dictum
3177 1170 3268 1234 sit,
3296 1170 3541 1241 Semper
3570 1172 3695 1224 erat

2041 1266 2335 1338 siquidem
2386 1265 2591 1321 omnia
2645 1260 3031 1335 postmodum
3083 1260 3239 1316 facta
3282 1264 3461 1327 sunt;
3501 1256 3601 1313 sed
3632 1256 3695 1313 id

2039 1356 2149 1412 soli
2174 1356 2364 1411 beatae
2392 1353 2654 1410 Trinitati
2693 1354 2954 1425 aptatur,
2983 1366 3127 1406 nam
3157 1347 3285 1406 sola
3313 1347 3448 1419 ipsa
3474 1346 3695 1404 infecta

2040 1450 2124 1501 est
2156 1444 2278 1500 sive
2309 1446 2572 1499 increata
2585 1487 2597 1499 .

2112 1534 2385 1591 Similiter
2405 1547 2646 1604 quoque
2674 1545 2897 1586 nomen
2923 1532 3093 1601 Λόγος
3115 1528 3378 1593 verbum,
3405 1525 3593 1582 multa
3618 1524 3695 1582 si-

2037 1623 2295 1695 gniﬁcat.
2326 1626 2489 1679 Nunc
2517 1625 2717 1677 autem
2747 1617 2979 1691 proprie
3012 1616 3308 1687 signiﬁcat
3328 1616 3429 1671 Dei
3460 1614 3689 1671 Filium.

2040 1713 2258 1770 Dicitur
2309 1726 2573 1783 namque
2636 1708 2917 1773 Verbum,
2961 1712 3138 1779 prout
3190 1704 3333 1761 dicit
3372 1704 3691 1773 Gregorius

332 1802 630 1870 Γρηγόριος,
666 1800 745 1849 ὅτι
774 1798 937 1860 οὕτως
982 1801 1094 1869 ἔχει
1123 1804 1247 1871 πρὸς
1300 1804 1385 1851 τόν
1422 1806 1645 1873 Πατέρα,
1700 1805 1769 1863 ὡς
1798 1805 1915 1875 πρὸς

2033 1802 2386 1872 Theologus,
2428 1801 2593 1872 quod
2640 1798 2719 1854 ad
2758 1798 2993 1853 Patrem
3032 1797 3113 1851 ita
3161 1810 3221 1850 se
3256 1794 3499 1863 habeat,
3539 1793 3694 1848 sicut

328 1893 443 1937 νοῦν
586 1886 731 1956 λόγος
756 1905 766 1914 '
806 1887 863 1939 οὐ
897 1893 1048 1958 μόνον
1082 1884 1249 1940 διὰτὸ
1283 1887 1471 1949 ἀπαθές
1500 1898 1593 1951 τῆς
1624 1896 1925 1961 γιννησεως,

328 1973 454 2026 ἀ).λὰ
484 1980 571 2026 καὶ
603 1982 658 2027 τό
702 1979 923 2047 συναφὲς
948 1982 1035 2028 καὶ
1062 1980 1117 2028 τὸ
1147 1976 1523 2049 ἐξαγγελτικόν.
1582 1980 1755 2031 Πάντα
1799 1982 1922 2051 γαρ,

327 2070 505 2135 φησιν,
561 2067 661 2115 ὅσα
718 2068 921 2122 ἤκουσα
987 2069 1129 2140 παρὰ
1186 2074 1276 2118 τοῦ
1345 2072 1565 2141 Πατρός,
1642 2066 1925 2138 ἀνήγγειλα

324 2154 463 2223 ὑμῖν.

394 2244 552 2313 Τάχα
574 2239 623 2293 δ’
656 2242 714 2293 ἂν
746 2248 880 2296 εἴποι
910 2265 989 2305 τις
1015 2245 1095 2297 ὅτι
1117 2251 1205 2297 καὶ
1232 2248 1297 2307 ὡς
1330 2247 1444 2317 ὅρος
1494 2250 1623 2318 πρός
1650 2248 1707 2298 τό
1741 2247 1920 2319 ὁριζό-

322 2351 489 2403 μενον,
532 2329 709 2390 ἐπειδὴ
735 2338 822 2385 xui
852 2342 1003 2385 τουτο
1026 2336 1226 2404 λέγεται
1258 2334 1427 2405 λόγος.
1447 2335 1504 2387 Ὀ
1530 2338 1629 2407 γὰρ
1650 2341 1918 2401 νενοηκὼς,

324 2426 473 2491 φησὶ,
500 2425 584 2473 τόν
616 2426 732 2474 Υιόν
772 2424 948 2491 (τοῦτο
987 2426 1083 2493 γὰρ
1126 2422 1237 2475 ἐστι
1289 2428 1346 2475 τό
1406 2424 1662 2498 ἑωρακὼς)
1716 2429 1920 2482 νενόηκε

322 2514 405 2560 τόν
441 2516 658 2582 Πατέρα.
691 2516 783 2562 Καὶ
821 2514 884 2562 σύ
914 2532 1067 2583 τόμος
1095 2508 1360 2574 ἀπόδειξις
1392 2518 1480 2564 xui
1510 2510 1673 2586 ῥᾳδία
1699 2522 1794 2574 τῆς
1829 2522 1917 2565 τοῦ

323 2603 519 2671 Πατρός
546 2603 764 2671 φύσεως,
800 2602 824 2651 0
858 2604 988 2660 Υἱός.
1025 2606 1249 2673 Γέννημα
1268 2604 1365 2674 γὰρ
1385 2602 1538 2664 άπαν,
1569 2610 1658 2653 τοῦ
1681 2622 1915 2673 γεγεννη-

318 2693 467 2749 κότος
501 2698 710 2740 σιωπῶν
736 2689 901 2760 λόγος.

394 2864 559 2914 Εἰπὼν
594 2861 697 2915 ὃὲό
725 2862 1111 2933 εὖαγγελιστὴς,
1154 2865 1232 2914 ὅτι
1258 2864 1340 2914 Ἐν
1380 2862 1522 2937 ἀρχῇ
1558 2860 1617 2921 ἦν
1668 2866 1691 2913 ό
1726 2868 1910 2933 Λόγος,

318 2948 506 3012 ἔδειξεν
543 2953 621 3003 ὅτι
653 2950 729 3004 ἀεὶ
758 2952 835 3021 (4)
868 2948 947 3016 ἦν,
978 2956 1065 3003 καὶ
1090 2952 1182 3003 οὐκ
1215 2949 1274 3009 ἦν
1301 2972 1380 3014 τις
1400 2957 1589 3023 χρόνος
1624 2952 1651 3009 ἡ
1684 2952 1804 3004 αἰὼν
1832 2955 1913 3015 ὅτε

316 3039 411 3090 οὐκ
443 3037 503 3097 ἧν
534 3040 700 3099 οὗτος.
743 3040 904 3102 Αὐτὸς
934 3044 1034 3113 γαρ
1064 3040 1174 3093 ἐστι
1201 3046 1415 3103 ποιητὴς
1436 3046 1524 3093 καὶ
1554 3050 1651 3092 τῶν
1684 3045 1908 3113 χρόνων,

317 3133 404 3180 καὶ
434 3136 531 3179 τῶν
561 3129 773 3182 αἰώνων.

387 3223 532 3269 Διατί
565 3215 622 3270 δὲ
645 3218 734 3269 οὐκ
777 3215 928 3284 εἶπεν,
961 3222 1040 3271 ὅτι
1069 3219 1147 3272 Ἐν
1180 3229 1322 3292 αρχῇ
1356 3241 1415 3278 ην
1451 3222 1475 3272 0
1506 3224 1619 3282 Υἱός
1653 3238 1665 3287 ;
1696 3220 1805 3273 Ἵνα
1834 3225 1904 3291 μὴ

314 3307 575 3377 ὑπόληψις
628 3327 932 3381 παρεμπεση
987 3309 1065 3379 (5)
1105 3318 1358 3380 χρονικῆς
1404 3330 1457 3361 τε
1502 3314 1590 3361 καὶ
1649 3309 1909 3382 ἐμπαθούς

311 3402 613 3466 γεννήσεως.
650 3400 743 3449 Δια
770 3405 921 3448 τουτο
969 3400 1068 3470 γὰρ
1106 3403 1269 3469 Λόγον
1328 3399 1478 3450 αὐτόν
1510 3400 1785 3471 ὀνομάσας,
1819 3404 1907 3451 xui

313 3481 540 3546 διδάξας
571 3484 791 3537 ἐντεῦθεν
824 3489 879 3537 τό
910 3488 1135 3558 ἄχρονον
1182 3507 1234 3538 τε
1260 3493 1347 3538 καὶ
1397 3486 1590 3549 ἀπαθὲς
1620 3497 1712 3549 τῆς
1745 3490 1905 3560 ὑπερ-

312 3582 471 3643 φυοῦς
495 3582 779 3642 γεννήσεως
802 3576 981 3637 αὐτόν,
1008 3581 1096 3627 xui
1115 3582 1396 3648 προανελὼν
1416 3580 1507 3637 τὰς
1530 3575 1767 3648 ἀπρεπεῖς
1789 3581 1905 3649 περὶ

312 3661 473 3721 αὐτῆς
503 3663 806 3733 ὑπολήψεις,
839 3664 1015 3715 λοιπόν
1060 3670 1249 3737 προῖὼν
1297 3671 1384 3716 xui
1443 3668 1559 3717 Υιὸν
1606 3666 1758 3717 αὐτὸν
1788 3665 1906 3716 ἀνυ-

310 3750 572 3812 ποστόλως
596 3752 755 3805 καλεῖ.
792 3753 1094 3825 Βουλόμενος
1131 3750 1188 3805 δὲ
1218 3750 1408 3816 δεῖξαι,
1442 3754 1595 3805 αὐτὸν
1638 3760 1709 3827 μὴ
1751 3760 1903 3826 μόνον

311 3837 387 3890 ἀεὶ
415 3843 535 3890 ὄντα
559 3844 718 3910 ἤγουν
751 3838 945 3904 ἀίδιον,
977 3841 1101 3893 ἀλλά
1126 3848 1213 3893 καὶ
1250 3842 1546 3915 ἀχώριστον
1583 3852 1670 3895 τοῦ
1708 3847 1905 3914 Πατρός

308 3933 394 3979 καὶ
428 3926 716 3995 συναίδιον,
747 3950 812 4002 φη
824 3935 896 3985 σί.

382 4200 478 4248 Καὶ
533 4197 558 4247 0
610 4200 763 4267 Δόγος
813 4194 872 4255 ἦν
940 4201 1064 4272 πρός
1115 4203 1197 4250 τόν
1256 4203 1402 4253 Θεόν.
1461 4200 1570 4252 Οὐκ
1619 4198 1774 4264 εἶπεν,
1820 4203 1899 4253 ὅτι

307 4281 365 4341 ἧν
398 4285 447 4335 ἐν
477 4290 635 4355 τόπῳ,
682 4286 738 4338 οὐ
772 4292 1069 4360 περιέχεται
1097 4292 1197 4360 γὰρ
1247 4294 1386 4360 τόπῳ
1418 4294 1448 4340 ό
1474 4289 1849 4364 ἁπερίγραπτος
1880 4305 1895 4320 ⁸

306 4370 428 4424 οὐδὲ
478 4376 557 4424 ὅτι
607 4374 655 4425 ἐν
702 4385 773 4445 τῷ
826 4384 958 4445 Θεῷ,
1012 4378 1093 4428 ἱνα
1149 4383 1219 4448 μὴ
1278 4377 1331 4429 ἐκ
1417 4384 1700 4451 προοιμίων
1754 4378 1898 4437 εὐθὺς

307 4465 575 4533 σύγχυσις
606 4474 703 4515 τῶν
734 4472 1024 4539 προσώπων
1069 4466 1359 4524 ἐπινοηθείη

304 4554 388 4602 τὸν
428 4556 575 4615 Θεὸν,
606 4558 786 4625 ἤγουν,
827 4558 971 4628 παρὰ
1022 4564 1094 4625 τῷ
1143 4562 1329 4629 Πατρὶ,
1365 4559 1446 4607 ἵνα
1495 4576 1549 4609 τε
1578 4563 1890 4631 παραστάση

303 4643 359 4691 τό
390 4637 594 4703 ἰδιάζον
623 4652 720 4694 τῶν
752 4645 1106 4708 ὑποστάσεων,
1137 4650 1226 4697 xui
1266 4648 1345 4697 ὅτι
1377 4645 1672 4717 ἀχώριστοι
1714 4651 1891 4719 Πατὴρ

302 4736 389 4781 καί
417 4734 536 4792 Υἱός
566 4752 576 4762 ·
609 4729 765 4789 δῆλον
794 4729 852 4784 δὲ
878 4736 1074 4793 πάντως
1105 4735 1184 4785 ὅτι
1230 4739 1319 4785 xui
1355 4742 1558 4807 Πνεῦμα
1589 4738 1646 4787 τό
1698 4736 1846 4806 οἷγιον
1877 4757 1888 4768 ·

302 4816 347 4867 ἐν
428 4818 569 4892 ἀρχῇ
651 4823 749 4893 γὰρ
800 4821 876 4891 (6)
928 4818 987 4879 ἧν
1052 4824 1080 4879 ἡ
1148 4826 1325 4894 Τριὰς,

298 4909 477 4977 Τριάς.

1413 4828 1501 4875 καὶ
1554 4826 1683 4895 ὁμοῦ
1744 4822 1802 4883 ἦν

370 5121 392 5155 ³
420 5120 590 5177 Joan.
624 5136 721 5189 xv,
751 5126 837 5178 15.
913 5123 936 5160 ³
963 5121 1137 5181 Joan.
1189 5141 1307 5195 XIV,
1335 5132 1389 5183 9.

2036 1897 2288 1952 verbum
2329 1895 2406 1950 ad
2448 1897 2708 1949 mentem
2742 1908 2757 1946 :
2801 1906 2923 1946 non
2977 1892 3213 1945 tantum
3242 1887 3320 1943 ob
3361 1885 3690 1957 generatio-

2034 2002 2175 2041 nem
2188 2000 2322 2057 quas
2341 1983 2507 2039 omni
2533 1981 2749 2037 aﬂectu
2780 1982 2940 2035 caret
2963 1977 3250 2041 humano,
3280 1990 3484 2030 verum
3507 1973 3689 2030 etiam

2035 2079 2269 2145 propter
2306 2071 2742 2128 connexionem
2773 2072 2830 2124 et
2868 2064 3431 2122 manifestationem.
3476 2062 3689 2119 Omnia

2032 2164 2239 2234 inquit,
2298 2177 2422 2233 qua:
2460 2160 2667 2217 audivi
2689 2173 2726 2215 a
2764 2158 2945 2212 Patre
2989 2170 3115 2211 meo
3146 2160 3287 2209 nota
3321 2152 3438 2223 fec:
3463 2150 3619 2207 vobis
3641 2153 3687 2208 ³.

2104 2251 2320 2307 Poterit
2347 2265 2591 2322 quoque
2621 2246 2817 2303 dicere
2856 2244 3180 2318 quispiam,
3215 2240 3376 2314 quod
3404 2241 3582 2296 etiam
3610 2239 3688 2295 sit

2029 2342 2204 2414 quasi
2224 2340 2490 2396 deﬁnitio
2518 2338 2595 2393 ad
2626 2352 2805 2392 suum
2831 2334 3142 2389 deﬁnitum
3168 2348 3186 2387 :
3215 2347 3357 2386 nam
3396 2334 3453 2385 et
3475 2329 3586 2386 hoc
3609 2329 3685 2385 si-

2031 2430 2271 2498 gniﬁcat
2300 2428 2479 2483 dictio
2499 2427 2669 2497 λόγος.
2714 2426 2823 2491 Qui
2852 2424 3002 2478 enim
3036 2420 3173 2476 vidit
3205 2419 3443 2484 Filium,
3468 2418 3682 2490 inquit,

2029 2520 2177 2573 vidit
2207 2524 2260 2573 et
2290 2519 2527 2572 Patrem
2559 2517 2601 2579 ⁸,
2625 2515 2739 2569 hoc
2771 2517 2879 2577 est,
2913 2508 3211 2571 intellexit,
3255 2512 3316 2562 ut
3346 2506 3568 2578 sitipse
3597 2507 3684 2561 Fi-

2026 2605 2140 2661 lius
2164 2611 2454 2676 tanquam
2484 2602 2679 2659 brevis
2701 2616 2770 2656 ac
2796 2599 2982 2655 facilis
3002 2596 3191 2653 ﬁnitio
3214 2600 3442 2651 natura;
3473 2595 3678 2651 Patris.

2028 2698 2213 2752 Omne
2243 2694 2400 2749 enim
2425 2691 2586 2765 quod
2608 2689 2873 2760 genitum
2896 2691 3000 2752 est,
3027 2687 3172 2758 ejus,
3206 2684 3307 2757 qui
3340 2685 3562 2755 genuit,
3598 2690 3683 2741 ta-

2026 2801 2165 2840 cens
2203 2782 2458 2839 verbum
2502 2786 2609 2837 est.

2094 2875 2244 2929 Cum
2276 2877 2473 2928 autem
2496 2868 2705 2927 dixerit
2721 2866 3117 2939 evangelista:
3148 2867 3214 2921 In
3231 2862 3521 2937 principio
3549 2868 3676 2920 erat

2032 2964 2303 3029 Verbum,
2327 2960 2756 3017 demonstravit
2780 2957 2946 3030 quod
2976 2971 3213 3027 semper
3237 2957 3379 3019 erat,
3412 2968 3523 3009 nec
3552 2956 3677 3009 erat

2018 3057 2256 3125 tempus
2288 3050 2530 3123 aliquod
2545 3054 2647 3106 aut
2666 3047 2974 3117 steculum,
2992 3062 3113 3119 quo
3138 3044 3337 3116 ipsum
3370 3058 3491 3099 non
3508 3046 3671 3111 erat;

1940 3168 1980 3225 α
2017 3143 2145 3215 ipse
2167 3141 2326 3198 enim
2359 3141 2597 3196 effector
2624 3142 2710 3194 est
2730 3142 3070 3209 temporum
3088 3150 3158 3190 ac
3183 3132 3562 3189 saeculorum.

2088 3234 2281 3298 Quare
2340 3234 2538 3285 autem
2592 3242 2712 3283 non
2758 3225 2903 3282 dixit
2944 3241 2958 3281 :
3000 3224 3065 3279 In
3109 3222 3396 3295 principio
3418 3226 3544 3277 erat
3580 3220 3672 3277 Fi-

2014 3321 2129 3376 lius
2168 3321 2194 3374 ?
2223 3322 2300 3375 Ne
2322 3334 2446 3391 qua
2480 3318 2699 3389 irrepat
2730 3313 2987 3387 suspicio
3033 3311 3290 3368 carnalis
3322 3314 3425 3366 aut
3445 3315 3670 3383 tempo-

2015 3409 2154 3465 ralis
2186 3407 2609 3478 generationis.
2654 3404 2741 3461 Ob
2762 3404 2823 3459 id
2852 3401 3147 3475 siquidem
3177 3416 3316 3455 cum
3336 3398 3540 3471 ipsum
3563 3414 3664 3455 no-

2014 3498 2302 3554 minasset
2325 3497 2601 3562 Verbum,
2643 3499 2821 3565 atque
2859 3492 2997 3547 hinc
3025 3490 3189 3545 omni
3229 3495 3511 3560 tempore,
3539 3503 3666 3545 om-

2011 3587 2193 3659 nique
2210 3585 2424 3641 aﬁ‘ectu
2453 3581 2895 3654 generationem
2923 3580 3114 3652 ipsius
3146 3577 3665 3650 supernaturalem

2012 3692 2210 3732 carere
2230 3674 2552 3737 docuisset,
2578 3671 2817 3742 abjectis
2839 3685 3080 3742 quoque
3095 3668 3321 3723 caeteris
3341 3666 3663 3723 indecenti-

2009 3765 2124 3820 bus
2162 3765 2319 3820 circa
2362 3779 2496 3819 eam
2537 3759 2990 3832 suspicionibus,
3044 3756 3431 3829 postmodum
3474 3756 3537 3811 in
3568 3772 3665 3812 se-

2008 3853 2332 3925 quentibus
2372 3851 2573 3923 ipsum
2602 3849 2779 3905 etiam
2816 3847 2998 3903 libere
3029 3845 3238 3901 Filium
3259 3844 3419 3899 dicit.
3448 3843 3662 3900 Volens

2009 3957 2251 4013 quoque
2285 3939 2599 3996 ostendere
2630 3953 2751 3993 non
2783 3936 2964 3992 modo
2993 3935 3192 4007 ipsum
3227 3932 3660 4006 semperfuisse

2007 4030 2130 4085 sive
2169 4033 2476 4094 aeternum,
2501 4028 2608 4083 sed
2633 4028 2812 4084 etiam
2832 4023 3300 4097 inseparabilem
3331 4038 3401 4079 ac
3423 4026 3661 4080 comter-

2006 4134 2155 4175 num
2182 4120 2358 4184 Patri,
2400 4118 2481 4175 ait
2539 4132 2554 4175 :

2076 4210 2235 4264 νοτε.
2279 4209 2329 4264 1.
2361 4208 2442 4263 Et
2484 4206 2734 4264 Verbum
2759 4210 2882 4261 erat
2913 4204 3076 4274 apud
3096 4204 3300 4261 Deum.
3330 4205 3459 4260 Non
3486 4201 3657 4271 dixit,

2004 4298 2171 4371 quod
2221 4298 2435 4353 eratin
2465 4296 2595 4352 loco
2630 4310 2787 4352 :non
2829 4294 2988 4350 enim
3026 4293 3088 4349 in
3140 4292 3269 4349 loco
3299 4293 3655 4359 continetur,

2004 4388 2108 4459 qui
2138 4386 2548 4443 circumscribi
2588 4400 2705 4441 non
2747 4387 2979 4457 potest:
3021 4398 3216 4455 neque
3238 4381 3398 4455 quod
3429 4382 3491 4438 in
3514 4384 3654 4448 Deo,

1414 4485 1424 4495 '
1483 4466 1590 4519 ἀλλ’
1642 4470 1721 4519 ὅτι
1768 4471 1897 4539 πρὸς

2029 4492 2079 4532 ιθ
2109 4477 2304 4532 statim
2335 4476 2395 4532 in
2436 4474 2794 4547 primordiis,
2828 4487 3221 4546 personarum
3243 4471 3656 4529 confusionem

2004 4564 2139 4636 quis
2168 4564 2543 4635 imaginetur,
2586 4564 2691 4619 sed
2728 4561 2895 4635 quod
2926 4562 3090 4632 apud
3125 4563 3312 4616 Deum
3344 4560 3466 4616 sive
3491 4559 3656 4631 apud

1974 4655 2257 4722 Patrem,
2296 4658 2433 4709 utet
2462 4652 2625 4724 quod
2666 4651 2976 4723 proprium
3015 4654 3105 4706 est
3134 4664 3524 4721 personarum
3548 4664 3657 4720 ap-

2003 4746 2229 4813 pareat,
2253 4742 2538 4813 quodque
2567 4737 2995 4811 inseparabiles
3019 4737 3136 4794 sint
3155 4737 3324 4792 Pater
3348 4741 3406 4792 et
3429 4737 3609 4793 Filius
3638 4753 3652 4793 :

2005 4836 2059 4886 et
2109 4830 2351 4885 omnino
2397 4827 2779 4885 manifestum
2834 4830 2941 4893 est,
2973 4827 3133 4899 quod
3184 4826 3365 4883 etiam
3404 4826 3655 4900 Spiritus

2006 4926 2242 4975 sanctus
2284 4934 2297 4975 :
2341 4916 2633 4991 siquidem
2680 4917 2742 4974 in
2770 4916 3061 4991 principio
3107 4920 3235 4974 erat
3263 4914 3532 4984 Trinitas,
3583 4917 3656 4973 si-

2002 5007 2247 5081 mulque
2282 5012 2406 5065 erat
2452 5005 2697 5066 trinitas.

1408 5252 1634 5322 Variae
1684 5254 2012 5325 lectiones
2072 5266 2139 5326 et
2192 5266 2395 5326 notas.

366 5416 444 5558 $2)
476 5413 773 5487 Ἀγέννητος
800 5422 862 5472 Α.

390 5488 445 5558 3)
476 5494 611 5541 Νοῦν
644 5490 669 5541 0
699 5488 849 5558 λόγος

298 5488 445 5614 mg?
476 5494 611 5541 Νοῦν
644 5490 669 5541 ὁ
699 5488 849 5560 λόγος
881 5495 937 5543 Α.
976 5490 1115 5547 Vide
1167 5494 1407 5563 Gregor.
1442 5496 1608 5561 Naz.,
1664 5514 1724 5568 p.
1762 5500 1888 5567 2t8,

2073 5429 2148 5572 24)
2192 5428 2272 5482 Ἐν
2303 5427 2470 5501 ἀρχῇ,
2504 5442 2613 5501 pro
2642 5426 2722 5484 ἀεί
2768 5433 2832 5484 Α.

2097 5504 2149 5572 5)
2192 5504 2477 5572 Παραπέσῄ
2508 5506 2583 5572 γΔ.

2097 5504 2152 5643 ὃς
2192 5504 2477 5574 Παραπέσῄ
2524 5506 2562 5554 Δ

2100 5577 2130 5627 6
2195 5574 2298 5643 Γάρ
2338 5571 2546 5628 omittit

2073 5539 2152 5643 ἷξε
2193 5539 2655 5647 ἓοῖῖὂῖιῖίῖιίῆ.

368 5736 449 5808 (b)
488 5737 642 5794 Erat
674 5769 740 5780 —
797 5741 972 5811 quod.
1025 5741 1193 5809 Quod
1244 5742 1588 5802 delendum.
1652 5747 2170 5822 Obscuramgenim
2201 5750 2789 5824 reddit‘orationem.
2816 5754 2880 5809 In
2912 5752 3132 5810 Graeco
3175 5755 3259 5809 est
3298 5750 3469 5808 Istud
3496 5756 3648 5808 erat.
