4144 6314
553 310 687 380 mi

1871 311 2225 375 EUTHYMII
2265 301 2605 374 ZIGABENI

3825 324 3981 381 1112

625 452 782 507 Vers.
832 454 877 506 1.
919 449 995 506 Et
1037 450 1191 506 Deus
1234 449 1359 506 erat
1415 447 1679 504 Verbum.
1715 449 1861 504 Cum
1891 443 2062 503 Verbi
2091 459 2204 500 no-

2386 447 2489 496 Καὶ
2548 446 2679 507 Θεὸς
2725 440 2785 503 ἧν
2807 445 2833 495 ὁ
2862 416 3060 515 Λόγος.
3112 447 3453 518 Χρησοξμενος
3478 456 3545 518 τῷ
3581 447 3843 520 ὀνόματι
3878 458 3979 502 τοῦ

554 541 716 597 mine
744 557 891 595 usus
919 539 1124 595 fuisset
1160 537 1239 594 ad
1268 539 1610 594 docendum
1649 537 1707 592 in
1743 551 2003 608 superna
2033 548 2209 603 gene-

554 630 782 685 ratione
805 628 1393 701 intemporalitatem,
1414 626 1627 684 affectu
1639 641 1858 698 umque
1881 624 2205 680 carentiam

554 710 722 774 curat
759 718 1039 789 deinceps
1073 733 1143 772 ac
1172 717 1320 772 tollit
1357 718 1642 771 damnum
1672 715 1831 787 quod
1861 714 1936 769 ad
1965 714 2075 769 hoc
2106 727 2211 767 no-

555 823 694 862 men
725 806 1029 879 subrepit:
1071 810 1217 877 puta
1262 821 1336 860 ne
1368 805 1502 876 quis
1539 803 1935 876 blasphemet,
1994 807 2209 874 putans

553 894 669 952 tale
698 895 950 951 verbum
980 910 1108 950 esse
1128 893 1303 967 quale
1324 898 1594 949 nostrum
1622 897 1727 955 est,
1758 893 1882 948 sive
1908 892 2206 947 internum

555 986 677 1041 sive
698 985 752 1039 id
792 984 956 1057 quod
984 982 1342 1055 proferimus
1369 999 1381 1048 ;
1415 998 1603 1053 neque
1634 981 1792 1036 enim
1820 980 1934 1035 tale
1964 986 2069 1045 est,
2104 978 2211 1034 sed

553 1072 958 1137 substantiale,
1016 1071 1272 1144 ejusdem
1300 1087 1435 1127 cum
1499 1070 1667 1127 Patre
1729 1076 1957 1125 natura;
1983 1083 2054 1125 ac
2125 1067 2210 1125 di—

554 1163 814 1235 gnitatis.

625 1253 787 1307 Vers.
832 1254 886 1306 2.
919 1251 1040 1308 Hoc
1066 1282 1133 1291 —
1167 1252 1364 1307 Deum.
1396 1251 1543 1306 Cum
1595 1248 1837 1304 dixisset
1867 1247 2033 1321 quod
2055 1262 2208 1303 sem-

552 1357 656 1414 per
687 1344 830 1406 erat,
862 1340 1146 1413 quodque
1184 1356 1222 1396 a
1259 1339 1429 1396 Patre
1489 1336 1900 1411 inseparabile,
1952 1341 2005 1392 et
2044 1336 2210 1408 quod

557 1433 709 1487 Deus
751 1435 918 1486 erat:
963 1428 1128 1485 brevi
1170 1428 1551 1499 mirandoque
1593 1426 1796 1490 modo,
1843 1424 2208 1496 theologiam

553 1512 736 1591 quam
761 1517 835 1575 de
867 1518 980 1574 hoc
1016 1517 1307 1589 exposuit,
1336 1517 1399 1572 in
1438 1532 1741 1572 summam
1773 1514 1989 1584 redigit
2032 1529 2211 1570 :com-

549 1607 841 1680 pendium
892 1606 1110 1663 divinas
1162 1605 1236 1663 de
1290 1622 1359 1663 eo
1417 1605 1773 1676 cognitionis
1820 1606 1994 1661 nobis
2054 1619 2211 1677 pree-

551 1698 722 1753 hens.

2316 536 2480 604 Λόγου
2538 537 2670 605 πρὸς
2739 530 3095 586 διδασκαλίαν
3166 543 3258 588 τοῦ
3324 534 3551 609 ἄχρονον
3644 543 3758 590 καὶ
3820 537 3977 591 ἁπα-

2319 623 2440 683 θοῦς
2509 630 2605 682 τῆς
2669 624 2962 696 ὑπερφυοῦς
3015 627 3322 694 γεννήσεως,
3398 625 3571 678 λοιπὸν
3665 629 3973 700 θεραπεύει

2316 716 2410 769 τὴν
2440 713 2771 785 ὑφέρπουσαν
2795 720 2866 781 τῷ
2915 711 3129 783 ὀνόματι
3179 710 3400 785 βλάϐην,
3457 716 3538 766 ἱνα
3572 721 3660 788 μὴ
3703 715 3973 788 βλασφη-

2317 804 2463 871 μήσῃ
2504 819 2602 865 τις,
2659 799 2912 874 [οἰόμενος
2946 799 3022 870 (7)
3073 802 3154 852 ὅτι
3209 800 3353 873 λόγος
3383 801 3524 855 ἐστὶν
3560 804 3578 875 ]
3616 804 3745 865 οἶος
3780 806 3811 856 ὁ
3840 807 3966 877 ἡμε-

2317 908 2480 961 τερος,
2513 884 2801 949 ἐνδιάθετος
2831 888 2860 947 ἦ
2892 894 3208 963 προφορικός
3242 909 3253 919 ·
3277 891 3335 942 οῦ
3365 894 3466 965 γὰρ
3508 891 3627 944 ἔστι
3681 900 3962 957 τοιοῦτος,

2317 976 2425 1029 ἀλλ’
2451 976 2809 1045 ἐνυποστατος,
2854 985 2948 1039 τῆς
3006 978 3167 1041 αὐτῆς
3218 987 3292 1051 τῷ
3352 986 3516 1057 Πατρὶ
3571 984 3815 1053 φύσεως
3874 989 3959 1035 καὶ

2319 1064 2483 1129 ἀξίας.

2389 1243 2553 1305 Οὗτος
2585 1276 2646 1285 --
2677 1249 2825 1298 Θεὸν.
2860 1247 3029 1298 Εἰπὼν
3055 1247 3134 1298 ὅτι
3165 1244 3244 1300 ἀεὶ
3282 1244 3365 1315 ἦν,
3397 1253 3487 1301 καὶ
3512 1250 3593 1301 ὅτι
3625 1247 3960 1323 ἂχὼριστος

2317 1339 2410 1384 τοῦ
2469 1336 2674 1406 Πατρός
2721 1331 2804 1403 ἦν,
2858 1339 2947 1387 καὶ
3005 1337 3081 1388 ὅτι
3147 1340 3273 1396 Θεὸς
3305 1333 3386 1401 ἣν,
3445 1338 3957 1411 ἁνεκεφαλαεὼσατο

2321 1426 2591 1495 συντόμως
2618 1424 2748 1494 ὁμοῦ
2774 1427 2861 1475 καὶ
2893 1426 3216 1497 θαυμασίως,
3252 1425 3312 1484 ἣν
3342 1426 3537 1489 ἔξέθιτο
3584 1432 3722 1502 περὶ
3766 1432 3955 1480 τούτου

2322 1511 2582 1584 θεολογίαν
2608 1512 2709 1583 (8),
2754 1512 2971 1584 σύνοψιν
3023 1517 3147 1586 ἧμῐν
3211 1514 3478 1586 θεολογίας
3528 1521 3657 1589 περὶ
3692 1524 3801 1570 τοῦ
3835 1519 3955 1570 Υἱοῦ

2319 1605 2743 1675 παρασχόμενος.

624 1785 966 1842 Dicentibus
1019 1786 1237 1841 autem.
1280 1782 1446 1857 quod
1497 1783 1693 1839 omnis
1733 1782 1890 1838 ﬁlius
1918 1787 2082 1855 patre
2106 1798 2211 1854 po-

2393 1783 2529 1851 Πρός
2561 1776 2620 1832 δε
2648 1784 2763 1841 τοὺς
2792 1781 3032 1852 λέγοντας
3067 1783 3147 1833 ὅτι
3174 1788 3284 1844 Πᾶς
3314 1785 3427 1844 υἱὸς
3455 1784 3683 1859 ὖστερός
3718 1783 3840 1837 ἐστι
3864 1792 3948 1836 τοῦ

557 1875 763 1931 sterior
814 1879 920 1941 est,
983 1872 1481 1947 respondebimus
1516 1896 1529 1926 :
1570 1870 1717 1927 Cum
1760 1872 1971 1940 dicitis,
2006 1872 2211 1927 Omnis

554 1962 734 2032 ﬁlius,
761 1964 889 2034 jam
919 1963 978 2018 id
1011 1962 1175 2035 quod
1203 1961 1491 2035 quaeritur
1515 1960 1889 2017 dissolvistis.
1913 1960 2208 2034 Siquidem

559 2052 662 2108 Dei
683 2051 881 2117 Filius,
905 2067 1027 2106 non
1054 2057 1142 2107 est
1166 2051 1310 2115 talis,
1346 2049 1540 2122 qualis
1562 2054 1653 2105 est
1677 2050 1874 2106 omnis
1899 2050 2073 2116 ﬁlius,
2107 2051 2210 2106 sed

556 2147 695 2197 v'ere
719 2138 1211 2213 supernaturalis.

630 2228 916 2285 Praeterea
965 2227 1330 2283 contentiose
1370 2226 1770 2283 asserentibus
1814 2242 1950 2282 eum
1990 2227 2093 2300 qui
2134 2228 2212 2283 ab

561 2316 759 2390 aliquo
791 2322 903 2382 est,
934 2324 1176 2373 necesse
1194 2317 1443 2373 omnino
1481 2331 1614 2372 esse
1643 2321 1706 2371 ut
1728 2318 1802 2372 sit
1823 2317 2112 2388 posterior
2142 2333 2213 2373 eo

559 2424 595 2463 a
624 2423 746 2480 quo
776 2411 883 2472 est,
914 2405 1395 2478 respondendum
1419 2411 1525 2469 est,
1552 2405 1718 2478 quod
1749 2406 1857 2461 etsi
1879 2406 1991 2462 hoc
2014 2407 2216 2463 dicant

560 2496 702 2552 solis
734 2500 935 2552 tamen
960 2496 1164 2551 radius
1203 2511 1341 2551 cum
1364 2495 1442 2550 ab
1480 2495 1612 2567 ipso
1636 2496 1729 2562 sit,
1757 2511 1880 2552 non
1904 2500 1988 2551 est
2010 2511 2079 2552 eo
2109 2511 2216 2568 p0-

560 2585 807 2641 sterior:
844 2602 1158 2658 nunquam
1195 2585 1354 2640 enim
1396 2583 1487 2640 sol
1527 2585 1651 2640 sine
1699 2585 1869 2641 radio
1913 2586 2213 2657 apparuit.

564 2674 737 2740 Quod
768 2674 813 2729 si
855 2675 912 2729 in
938 2673 1250 2729 sensilibus
1278 2674 1359 2729 ita
1381 2678 1489 2742 est,
1522 2674 1812 2747 quidnam
1840 2674 2035 2729 dicere
2063 2675 2220 2746 quis-

562 2763 724 2835 piam
752 2764 971 2834 poterit
1001 2763 1073 2818 de
1096 2764 1187 2818 his
1214 2780 1348 2835 quae
1374 2764 1605 2833 majora
1629 2770 1784 2828 sunt,
1817 2781 1994 2836 quam
2016 2770 2077 2820 ut
2102 2764 2217 2820 dici

562 2852 794 2922 possint
831 2850 861 2906 7
898 2850 980 2906 Ex
1011 2867 1133 2923 quo
1156 2857 1354 2907 autem
1388 2854 1572 2907 Deum
1603 2852 1801 2924 ipsum
1860 2869 1988 2908 esse
2021 2854 2222 2924 praedi—

562 2938 735 3004 cavit,
770 2939 872 2995 dat
902 2941 1079 2995 etiam
1129 2940 1180 2994 ei
1225 2939 1542 2995 divinitatis
1596 2941 2026 3009 insigne:dico
2080 2958 2222 2998 sane

564 3012 807 3084 creandi
830 3027 1155 3099 potentiam
1187 3044 1200 3083 :
1231 3027 1334 3083 Diz‘
1351 3027 1523 3097 enim,
1554 3027 1767 3101 inquit,
1795 3030 1900 3100 qui
1929 3031 2136 3087 cretum
2167 3036 2225 3086 et

567 3124 790 3173 terram
814 3132 932 3172 non
953 3117 1234 3187 fecerunt
1249 3122 1495 3188 pereant
1521 3117 1563 3172 ⁸.
1602 3117 1667 3173 Id
1693 3122 1914 3184 autem,
1944 3135 2018 3174 ne
2058 3125 2224 3192 pute-

565 3210 661 3263 tur
687 3205 861 3261 Patre
903 3205 1103 3262 minor
1153 3202 1325 3261 esseﬁ

632 3294 798 3352 Vers.
821 3300 877 3352 3.
955 3294 1164 3351 Omnia
1191 3327 1260 3335 —
1298 3295 1531 3366 factum
1558 3301 1662 3352 est.
1707 3297 1852 3353 Cum
1891 3298 2097 3353 omnia
2127 3314 2230 3370 per

568 3385 770 3458 ipsum
801 3383 956 3440 facta
986 3383 1232 3440 dixisset
1273 3401 1285 3440 :
1322 3399 1392 3439 ne
1424 3391 1723 3456 putaretur
1753 3385 1808 3440 id
1840 3385 1913 3441 de
1941 3386 2228 3442 sensibili-

569 3474 678 3528 bus
709 3477 936 3528 tantum
971 3473 1211 3539 dixisse,
1247 3472 1546 3529 subdidit:
1578 3475 1657 3529 Et
1694 3476 1823 3531 sine
1847 3476 1971 3544 ipso
1999 3476 2227 3544 factum

570 3568 648 3617 est
669 3561 820 3618 nihil
850 3562 1009 3632 quod
1036 3564 1263 3634 factum
1281 3568 1384 3628 est,
1412 3561 1524 3618 hoc
1547 3568 1651 3627 est,
1695 3564 1837 3619 nihil
1864 3579 2070 3619 eorum
2096 3581 2226 3636 quas

570 3652 727 3707 facta
766 3656 922 3720 sunt,
943 3651 1064 3706 sive
1108 3649 1384 3706 sensibile
1416 3651 1507 3716 sit,
1542 3652 1663 3708 sive
1701 3652 2085 3722 intelligibile.
2120 3655 2227 3708 Ex-

573 3738 831 3795 cluditur
868 3745 1068 3795 autem
1107 3739 1358 3812 Spiritus
1407 3745 1693 3797 sanctus:
1736 3758 1929 3814 neque
1953 3743 2112 3797 enim
2148 3742 2227 3798 fa-

574 3820 704 3885 ctus
736 3832 846 3895 est,
892 3833 953 3884 ut
1001 3828 1150 3883 inter
1185 3827 1301 3885 alia
1341 3829 1905 3900 comprehendatur,
1949 3831 2053 3886 sed
2086 3830 2227 3887 infe-

571 3923 703 3975 ctus
744 3922 845 3974 aut
890 3918 1210 3983 increatus,
1266 3918 1420 3974 sicut
1460 3924 1519 3973 et
1563 3919 1740 3974 Filius
1763 3926 1820 3974 et
1858 3920 2046 3978 Pater.
2093 3921 2230 3977 Sola

576 4024 839 4080 namque
866 4007 1070 4063 divina
1086 4007 1337 4063 Trinitas
1369 4008 1586 4065 infecta
1600 4009 1723 4064 sive
1738 4008 1999 4065 increata
2017 4015 2120 4066 est.

648 4099 793 4153 Cum
807 4100 1004 4152 autem
1026 4096 1744 4153 demonstraveritFilium
1760 4104 2085 4154 creatorem
2108 4114 2234 4155 om-

577 4185 670 4240 nis
702 4183 942 4239 visibilis
972 4188 1145 4253 atque
1174 4183 1489 4239 invisibilis
1518 4192 1823 4252 creaturae,
1853 4201 1966 4241 non
1993 4187 2237 4243 exclusit

578 4273 810 4327 Patrem
842 4286 877 4326 a
898 4271 1141 4326 creandi
1175 4270 1488 4343 dignitate,
1521 4272 1627 4329 sed
1665 4274 1867 4329 docuit
1900 4278 2127 4331 tantum
2154 4276 2242 4331 Fi-

576 4361 725 4417 lium
757 4375 885 4415 esse
906 4362 1231 4416 creatorem
1262 4360 1411 4416 sicut
1435 4366 1490 4417 et
1533 4362 1765 4418 Patrem
1796 4383 1809 4431 ;
1854 4363 1912 4418 id
1951 4357 2242 4421 enim'tri-

578 4449 696 4506 bus
726 4463 1047 4504 commune
1078 4452 1184 4515 est,
1220 4464 1353 4505 cum
1402 4450 1477 4505 sit
1532 4450 1865 4507 Divinitatis
1896 4452 2150 4523 insigne,
2180 4458 2241 4510 ut

582 4537 929 4613 praedictum
951 4542 1060 4604 est,

653 4627 793 4684 Ideo
831 4640 1073 4700 quoque
1112 4627 1171 4683 in
1199 4627 1403 4685 divina
1443 4630 1737 4703 Scriptura
1769 4630 2010 4687 creandi
2032 4635 2233 4703 poten-

582 4718 664 4775 tia
694 4717 1054 4790 quandoque
1079 4717 1153 4773 de
1182 4718 1351 4774 Patre
1383 4718 1616 4789 dicitur,
1648 4721 2015 4793 quandoque
2053 4720 2127 4775 de
2150 4720 2234 4775 Fi-

580 4808 683 4875 lio,
710 4806 1010 4861 interdum
1049 4822 1191 4862 vero
1221 4806 1294 4863 de
1331 4806 1552 4880 Spiritu
1582 4813 1807 4875 sancto,
1832 4813 2113 4881 tanquam
2141 4809 2228 4865 vi-

582 4894 796 4954 delicet
840 4893 1004 4951 Patre
1040 4895 1297 4961 volente,
1348 4895 1491 4954 Filio
1531 4901 1729 4954 autem
1769 4902 2073 4969 operante,
2116 4897 2238 4970 Spi-

656 5073 680 5109 ⁴
706 5073 920 5130 Jerem.
962 5089 1022 5141 ι,
1052 5074 1141 5129 11.

2320 1871 2535 1942 πατρὸς,
2571 1868 2782 1942 ἐροῦμεν
2813 1871 2892 1922 ὅτι
2920 1877 3023 1932 Πᾶς
3049 1874 3160 1932 υἱὸς
3190 1871 3434 1935 εἰπόντες,
3472 1872 3735 1927 λελύκατε
3762 1879 3826 1927 τὸ
3861 1874 3950 1934 Cu-

2319 1961 2582 2031 τούριενον.
2609 1958 2668 2011 '0
2693 1963 2791 2033 γὰρ
2821 1961 2942 2022 Υἱὸς
2967 1968 3060 2012 τοῦ
3099 1968 3232 2014 Θεοῦ
3265 1960 3355 2012 οῦκ
3400 1964 3514 2014 ἔστι
3542 1971 3803 2026 τοιοῦτος
3850 1960 3946 2023 οἶος

2319 2053 2422 2107 πᾶς
2450 2049 2579 2116 υἱὸς,
2614 2047 2722 2100 ἀλλ’
2761 2051 2914 2110 ὅντως
2945 2050 3235 2123 ὑπερφυής.

2391 2224 2508 2277 Ἔτι
2548 2221 2607 2279 δε
2654 2229 2780 2301 πρὸς
2816 2230 2935 2287 τοὺς
2984 2226 3416 2299 φιλονεικοῦντας,
3465 2231 3542 2283 ὅτι
3600 2234 3678 2284 Τὸ
3712 2233 3771 2283 ἔκ
3811 2249 3940 2290 τινος

2323 2312 2519 2385 ἀνάγκη
2552 2316 2757 2377 πάντως
2811 2313 2938 2367 εἶναι
2975 2315 3190 2390 ὕστερον
3242 2325 3333 2369 τοῦ
3386 2317 3440 2382 ἐξ
3478 2320 3539 2371 οὗ
3580 2318 3754 2384 ἔστιν,
3822 2318 3936 2371 ἀπο-

2320 2402 2561 2475 λογητέον
2594 2405 2674 2455 ὅτι
2712 2409 2811 2457 Καὶ
2873 2408 2976 2477 μὴν
3042 2409 3098 2457 τὸ
3165 2404 3492 2481 ἀπαύγασμα
3535 2417 3634 2461 τοῦ
3690 2409 3865 2473 ἡλίου,
3892 2406 3939 2469 ἐξ

2325 2492 2481 2544 αὐτοῦ
2503 2491 2583 2564 (9)
2610 2492 2683 2553 ὃν,
2720 2493 2814 2545 οῦκ
2842 2496 2985 2545 ἔστιν
3032 2494 3248 2567 ὕστερον
3300 2495 3461 2549 αὐτοῦ
3508 2516 3521 2530 ⁶
3551 2495 3815 2550 οὐδέποτε
3841 2499 3930 2569 γὰρ

2326 2580 2467 2641 ἣλιος
2490 2583 2643 2652 ἓγάνη
2698 2587 2864 2654 χωρὶς
2911 2581 3347 2656 ἀπαυγάσματος.
3395 2585 3456 2640 Εἰ
3496 2582 3546 2638 δ’
3589 2585 3682 2639 ἐπὶ
3740 2595 3837 2638 τῶν
3865 2585 3930 2635 αἱ·

2329 2671 2534 2726 σθητὼν
2557 2678 2730 2737 τοῦτο,
2763 2676 2815 2723 τί
2844 2671 2905 2722 οἷν
2922 2690 2999 2731 τις
3020 2674 3155 2724 εἴποι
3180 2678 3297 2747 περὶ
3323 2682 3421 2726 τῶν
3453 2675 3579 2749 ὑπὲρ
3618 2678 3744 2745 (10)
3772 2674 3924 2744 λόγονς

2328 2760 2469 2812 Ἐπεὶ
2515 2755 2575 2811 δὴ
2604 2763 2726 2813 Θεὸν
2761 2759 2912 2811 αὐτὸν
2945 2758 3224 2836 ἀνεκήρυξε
3257 2762 3389 2833 (Η),
3422 2759 3661 2816 δίδωσιν
3693 2763 3824 2833 αὐτῷ
3848 2765 3924 2813 καὶ

2326 2852 2383 2900 τὸ
2412 2854 2688 2921 ’γνώρισμα
2734 2856 2830 2911 τῆς
2856 2851 3116 2916 θεότητος,
3156 2851 3288 2921 λέγω
3321 2849 3387 2911 δὴ
3430 2855 3488 2904 τὸ
3518 2848 3916 2927 δημιουργικόν·

2333 2942 2450 2990 Θεοὶ
2482 2940 2605 3009 γὰρ,
2639 2943 2817 3011 φησὶν,
2853 2938 2901 2991 οἱ
2930 2942 3016 2991 τὸν
3047 2940 3262 3012 οὐρανὸν
3292 2947 3378 2994 καὶ
3410 2946 3504 3000 τὴν
3521 2949 3631 3012 γῆν
3651 2943 3741 2995 οὐκ
3764 2940 3916 2994 ἑποίή-

2334 3046 2449 3092 σαν,
2512 3026 2882 3080 ἁπολέσθωσαν
2924 3043 2938 3059 ⁶
2986 3029 3067 3080 ἵνα
3123 3033 3195 3101 μὴ
3254 3032 3528 3102 νομισθείη
3589 3040 3689 3085 τοῦ
3738 3029 3910 3101 Harl”;

2334 3114 2572 3171 ἐλάττων.

2409 3296 2582 3346 Πάντα
2635 3325 2701 3334 -
2757 3299 2978 3367 γέγονεν.
3044 3296 3281 3369 Εἰρηκώς
3312 3298 3393 3349 ὃτι
3423 3299 3602 3350 Πάντα
3658 3294 3723 3351 δι’
3772 3293 3907 3346 αὐτοῦ

2334 3381 2549 3453 ἐγένετο,
2590 3384 2672 3435 ἵνα
2700 3385 2771 3455 μή
2804 3380 2933 3457 δόξῃ
2961 3390 3079 3458 περὶ
3133 3389 3299 3456 μόνων
3325 3385 3488 3457 λέγειν
3519 3394 3630 3438 τῶν
3660 3386 3911 3442 αἰσθητῶν,

2337 3470 2593 3542 ἐπήγαγεν
2623 3474 2702 3524 ὅτι
2744 3477 2844 3525 Καὶ
2873 3478 3044 3546 χωρὶς
3097 3471 3257 3526 αὐτοῦ
3307 3473 3503 3546 ἐγένετο
3555 3472 3686 3529 οὗδέ
3712 3474 3775 3537 ἓν,
3804 3471 3919 3539 515'-

2335 3579 2468 3632 γονε,
2500 3564 2769 3613 τουτέστιν
2836 3558 2987 3614 οὐδὲν
3034 3571 3132 3614 τῶν
3187 3567 3490 3635 γενομένων,
3536 3563 3640 3616 κᾶν
3692 3560 3918 3617 αἰσθητὸν

2338 3652 2437 3713 ε’ίη,
2469 3649 2564 3701 κᾶν
2589 3655 2792 3708 νοητόν.
2821 3650 3168 3725 ’Υπεξῄρηται
3218 3648 3276 3704 δε
3321 3656 3381 3704 τὸ
3410 3659 3620 3724 Πνεῦμα
3674 3655 3729 3704 τὸ
3756 3650 3910 3721 ἅγιον.

2336 3745 2502 3791 Τοῦτο
2529 3741 2631 3811 γὰρ
2682 3738 2741 3790 οὐ
2792 3743 2997 3810 γέγονεν
3027 3740 3107 3791 ἶνα
3162 3745 3250 3792 καὶ
3306 3740 3795 3814 συμπαραληφθιίη,
3824 3732 3918 3786 ἀλλ’

2339 3826 2584 3899 ὅᾶγένητόν
2637 3827 2754 3899 (l2)
2819 3826 2979 3893 ἐστιν,
3023 3831 3187 3880 εἶτουν
3227 3830 3495 3898 οἴκτιστον,
3557 3833 3727 3902 ὥσπερ
3788 3821 3914 3876 καὶὸ

2339 3919 2460 3978 Υἱὸς
2485 3921 2571 3969 καὶ
2606 3918 2631 3968 ὁ
2662 3922 2859 3990 Πατήρ.
2896 3919 3036 3975 Μόνη
3076 3921 3177 3991 γὰρ
3209 3919 3238 3976 ἡ
3267 3920 3378 3970 θεία
3402 3920 3560 3991 Τριὰς
3603 3918 3713 3990 (13)
3745 3915 3912 3985 ἀγένη-

2340 4026 2443 4068 τος,
2482 4009 2644 4077 ἤγουν
2676 4008 2947 4066 ἄκτιστος,

2414 4092 2706 4157 Αποδείξας
2767 4092 2825 4147 δὲ
2887 4098 2972 4147 τὸν
3026 4098 3144 4148 Υὶόν
3199 4092 3521 4168 δημιουργὸν
3576 4099 3746 4154 πάσης
3809 4091 3912 4162 ὁραο

2342 4192 2492 4244 τικῆς
2523 4184 2636 4254 (Ui)
2685 4189 2773 4235 καὶ
2805 4182 3027 4257 ἀοράτου
3064 4189 3302 4246 κτίσεως,
3355 4185 3449 4236 οὐκ
3481 4183 3680 4248 ἐξέϐαλε
3714 4184 3792 4234 τόν
3820 4183 3905 4230 Πα-

2342 4276 2466 4347 τέρα
2487 4280 2577 4325 τοῦ
2601 4270 2986 4347 δημιουργικοῦ
3028 4272 3336 4345 ἀξιώματος,
3365 4271 3496 4325 ἀλλὰ
3519 4279 3669 4346 μόνον
3698 4264 3908 4326 ἐδίδαξεν

2345 4363 2423 4414 ὅτι
2446 4366 2535 4413 καὶ
2566 4363 2591 4413 ὀ
2623 4364 2743 4423 Υἱὸς
2771 4358 3089 4435 δημιουργὸς
3115 4361 3275 4427 ἔστιν,
3299 4362 3474 4435 ὥσπερ
3504 4364 3530 4414 ὁ
3559 4355 3906 4432 Πατήρνκοινάν

2343 4454 2445 4523 γὰρ
2477 4458 2627 4503 τοῦτο
2666 4460 2766 4503 τῶν
2797 4459 2970 4525 τριῶν,
3005 4450 3114 4504 ἐπεὶ
3135 4455 3287 4504 τοῦτό
3313 4454 3590 4523 γνώρισμά
3621 4449 3719 4502 ἔστι
3748 4446 3899 4496 θεότη-

2271 4526 2315 4580 D
2344 4559 2450 4608 τος,
2478 4541 2549 4602 ὡς
2566 4544 2893 4613 προείρηται.

2414 4633 2501 4682 Διὸ
2552 4610 2642 4682 καὶ
2697 4610 2840 4704 παρὰ
2898 4636 2960 4701 τῇ
3010 4631 3121 4700 θεία
3167 4634 3343 4700 Γραφῇ
3404 4632 3525 4681 ποτε
3573 4630 3656 4697 μὲν
3704 4622 3756 4671 τὸ
3802 4610 3883 4704 Ja-

2336 4722 2642 4793 μιουργίκὸν
2673 4695 2780 4771 ἐπὶ,
2817 4695 2944 4790 [τοῦ.
2984 4695 3178 4787 Πατρός
3204 4695 3213 4700 1
3429 4695 3640 4789 λέγεται,
3686 4706 3793 4760 ποτὶ
3835 4695 3889 4752 δέ

2334 4813 2419 4876 επὶ
2468 4816 2558 4859 τοῦ
2611 4810 2754 4872 Υἱοῦ,
2802 4810 2926 4859 ποτὲ
2975 4802 3033 4859 δε
3087 4804 3210 4877 ἐπὶ]
3241 4814 3335 4859 τοῦ
3385 4807 3540 4878 ἁγίου
3598 4800 3893 4871 Πνεῦματος·

2346 4897 2431 4951 οἶα
2458 4903 2547 4950 τοῦ
2576 4899 2666 4970 μὲν
2730 4898 2935 4968 Πατρός
2994 4891 3346 4960 εὐδοκοῦντος,
3392 4902 3485 4947 τοῦ
3541 4891 3601 4947 δὲ
3639 4892 3751 4945 Υἱοῦ
3795 4884 3909 4950 ἱνίρσ

1697 5200 1923 5285 Variae
1975 5200 2304 5269 lectiones
2351 5208 2419 5270 et
2476 5209 2677 5269 notae.

661 5394 738 5469 (7)
781 5394 929 5452 Loco
955 5394 1189 5469 horum
1219 5398 1480 5469 quatuor
1520 5395 1947 5453 vocabulorum
1979 5397 2241 5468 spatium

588 5467 837 5541 vaenum
867 5467 1340 5541 estinncodCA.
1374 5469 1520 5523 Ante
1551 5470 1576 5519 ὁ
1630 5473 1872 5541 ἡμέτερος
1904 5467 2125 5531 autem,
2166 5470 2244 5525 le-

590 5542 745 5611 gitur
783 5537 902 5611 οἶοςΣ
924 5537 989 5591 Ει
1008 5538 1109 5599 οἷος
1133 5538 1379 5610 quidem
1397 5540 1616 5611 recepi.

664 5610 740 5682 (8)
777 5606 1059 5734 ἰεολογία,
1120 5606 1259 5665 cum
1294 5610 1487 5683 spatio
1532 5606 1722 5667 νειουο
1752 5611 2010 5667 duarum
2030 5611 2245 5669 littera-

664 5696 746 5734 m.
825 5720 840 5734 .

588 5696 746 5738 rum.
777 5696 840 5736 Α.

608 5748 624 5766 ⁸
664 5752 742 5827 (9)
772 5750 889 5821 Ἦν,
915 5766 1024 5823 pro
1052 5755 1103 5804 ὄν
1133 5752 1205 5807 Α.

2458 5470 2539 5539 lt)
2571 5467 2820 5543 ΪΕκήρυξε
2851 5474 2912 5521 Α.

2462 5543 2546 5609 12)
2568 5541 2873 5610 ’Δγέννητον
2906 5545 2965 5593 Α.

2428 5614 2545 5681 (13)
2577 5614 2889 5683 Ἀγέννητος
2908 5617 2967 5664 Δ.

2430 5684 2519 5753 (li
2572 5682 3000 5751 COrrigendum
3030 5683 3248 5753 ὁρατῆς.

2430 5683 2544 5827 (15)
2583 5746 2827 5811 Inclusa
2857 5752 3073 5810 omittit
3101 5754 3167 5808 Α.

2427 5746 2543 5829 (15)
2583 5746 2827 5811 Inclusa
2857 5746 3073 5810 omittit
3101 5754 3167 5808 Α.

2450 5397 2539 5465 10)
2565 5400 2663 5449 Τὸν
2686 5396 2854 5452 addit
2879 5402 2938 5453 Β.

2424 5398 2473 5612 ἐι
2494 5470 2539 5539 l)
2572 5467 2820 5543 Ἐκήρυξε
2851 5474 2912 5521 Α.

2462 5543 2546 5609 12)
2568 5541 2873 5610 ’Δγέννητον
2906 5545 2938 5590 Α
