  <div class='ocr_page' id='page_1' title='image "/cluster/home/n/w/nwhite01/storage/ocr_20150623/129/mdp.39015061528470/582.png"; bbox 0 0 4144 6314; ppageno 0'>
   <div class='ocr_carea' id='block_1_1' title="bbox 332 372 477 427">
    <p class='ocr_par' dir='ltr' id='par_1_1' title="bbox 332 372 477 427">
     <span class='ocr_line' id='line_1_1' title="bbox 332 372 477 427; baseline 0 0"><span class='ocrx_word' id='word_1_1' title='bbox 332 372 477 427; x_wconf 77' lang='grc'>1113</span> 
     </span>
    </p>
   </div>
   <div class='ocr_carea' id='block_1_2' title="bbox 1352 313 2638 421">
    <p class='ocr_par' dir='ltr' id='par_1_2' title="bbox 1352 313 2638 421">
     <span class='ocr_line' id='line_1_2' title="bbox 1352 313 2638 421; baseline 0.001 -5"><span class='ocrx_word' id='word_1_2' title='bbox 1352 313 1754 418; x_wconf 63' lang='grc' dir='ltr'>(ῖΟΝίΜΕΝΤ.</span> <span class='ocrx_word' id='word_1_3' title='bbox 1800 364 1869 421; x_wconf 84' lang='grc' dir='ltr'>ιΝ</span> <span class='ocrx_word' id='word_1_4' title='bbox 1909 363 2254 420; x_wconf 80' lang='lat' dir='ltr'>JOANNEM.</span> <span class='ocrx_word' id='word_1_5' title='bbox 2300 397 2363 406; x_wconf 84' lang='grc'>-.</span> <span class='ocrx_word' id='word_1_6' title='bbox 2404 366 2557 421; x_wconf 80' lang='lat' dir='ltr'>CAP.</span> <span class='ocrx_word' id='word_1_7' title='bbox 2602 365 2638 419; x_wconf 83' lang='lat' dir='ltr'>i.</span> 
     </span>
    </p>
   </div>
   <div class='ocr_carea' id='block_1_3' title="bbox 3554 361 3694 416">
    <p class='ocr_par' dir='ltr' id='par_1_3' title="bbox 3554 361 3694 416">
     <span class='ocr_line' id='line_1_3' title="bbox 3554 361 3694 416; baseline 0.007 -1"><span class='ocrx_word' id='word_1_8' title='bbox 3554 361 3694 416; x_wconf 74' lang='grc'>1114</span> 
     </span>
    </p>
   </div>
   <div class='ocr_carea' id='block_1_4' title="bbox 324 472 1923 569">
    <p class='ocr_par' dir='ltr' id='par_1_4' title="bbox 324 472 1923 569">
     <span class='ocr_line' id='line_1_4' title="bbox 324 472 1923 569; baseline -0.003 -19"><span class='ocrx_word' id='word_1_9' title='bbox 324 506 565 569; x_wconf 75' lang='grc' dir='ltr'>γοῦντος,</span> <span class='ocrx_word' id='word_1_10' title='bbox 596 503 687 547; x_wconf 82' lang='grc' dir='ltr'>τοῦ</span> <span class='ocrx_word' id='word_1_11' title='bbox 719 492 778 546; x_wconf 73' lang='grc' dir='ltr'>δὲ</span> <span class='ocrx_word' id='word_1_12' title='bbox 825 495 972 565; x_wconf 81' lang='grc' dir='ltr'>ἁγίου</span> <span class='ocrx_word' id='word_1_13' title='bbox 1005 497 1291 567; x_wconf 76' lang='grc' dir='ltr'>Πνεῦματος</span> <span class='ocrx_word' id='word_1_14' title='bbox 1337 472 1737 557; x_wconf 71' lang='grc' dir='ltr'>συνεργοῦντος.</span> <span class='ocrx_word' id='word_1_15' title='bbox 1794 496 1923 548; x_wconf 78' lang='grc' dir='ltr'>Φησὶ</span> 
     </span>
    </p>
   </div>
   <div class='ocr_carea' id='block_1_5' title="bbox 2044 472 3695 569">
    <p class='ocr_par' dir='ltr' id='par_1_5' title="bbox 2044 485 3695 561">
     <span class='ocr_line' id='line_1_5' title="bbox 2044 485 3695 561; baseline -0.002 -16"><span class='ocrx_word' id='word_1_16' title='bbox 2044 491 2150 546; x_wconf 88' lang='lat' dir='ltr'>ritu</span> <span class='ocrx_word' id='word_1_17' title='bbox 2182 495 2393 547; x_wconf 90' lang='lat' dir='ltr'>sancto</span> <span class='ocrx_word' id='word_1_18' title='bbox 2425 506 2562 546; x_wconf 90' lang='lat' dir='ltr'>vero</span> <span class='ocrx_word' id='word_1_19' title='bbox 2593 492 2969 561; x_wconf 86' lang='lat' dir='ltr'>c00perante.</span> <span class='ocrx_word' id='word_1_20' title='bbox 3004 486 3150 543; x_wconf 88' lang='lat' dir='ltr'>Dicit</span> <span class='ocrx_word' id='word_1_21' title='bbox 3174 485 3473 559; x_wconf 84' lang='lat' dir='ltr'>siquidem</span> <span class='ocrx_word' id='word_1_22' title='bbox 3504 487 3695 558; x_wconf 86' lang='lat' dir='ltr'>capite</span> 
     </span>
    </p>
   </div>
   <div class='ocr_carea' id='block_1_6' title="bbox 323 574 1927 659">
    <p class='ocr_par' dir='ltr' id='par_1_6' title="bbox 323 574 1927 659">
     <span class='ocr_line' id='line_1_6' title="bbox 323 574 1927 659; baseline -0.004 -20"><span class='ocrx_word' id='word_1_23' title='bbox 323 591 431 659; x_wconf 72' lang='grc' dir='ltr'>’γὰρ</span> <span class='ocrx_word' id='word_1_24' title='bbox 458 591 546 637; x_wconf 75' lang='grc' dir='ltr'>καὶ</span> <span class='ocrx_word' id='word_1_25' title='bbox 576 584 623 636; x_wconf 78' lang='grc' dir='ltr'>ἐν</span> <span class='ocrx_word' id='word_1_26' title='bbox 652 593 723 653; x_wconf 85' lang='grc' dir='ltr'>τῷ</span> <span class='ocrx_word' id='word_1_27' title='bbox 755 581 957 654; x_wconf 78' lang='grc' dir='ltr'>ἐϐδομῳ</span> <span class='ocrx_word' id='word_1_28' title='bbox 988 584 1242 655; x_wconf 59' lang='grc' dir='ltr'>κεῳαλαίῳ</span> <span class='ocrx_word' id='word_1_29' title='bbox 1272 585 1348 650; x_wconf 82' lang='grc' dir='ltr'>ὅτ,</span> <span class='ocrx_word' id='word_1_30' title='bbox 1375 581 1433 632; x_wconf 90' lang='grc' dir='ltr'><strong>Ὀ</strong></span> <span class='ocrx_word' id='word_1_31' title='bbox 1473 574 1655 647; x_wconf 72' lang='grc' dir='ltr'>Πατήρ</span> <span class='ocrx_word' id='word_1_32' title='bbox 1701 600 1801 651; x_wconf 83' lang='grc' dir='ltr'>μου</span> <span class='ocrx_word' id='word_1_33' title='bbox 1835 582 1927 641; x_wconf 77' lang='grc' dir='ltr'>ἕως</span> 
     </span>
    </p>
   </div>
   <div class='ocr_carea' id='block_1_7' title="bbox 326 672 1286 749">
    <p class='ocr_par' dir='ltr' id='par_1_7' title="bbox 326 672 1286 749">
     <span class='ocr_line' id='line_1_7' title="bbox 326 672 1286 749; baseline -0.002 -22"><span class='ocrx_word' id='word_1_34' title='bbox 326 679 451 749; x_wconf 70' lang='grc' dir='ltr'>ἄρτι</span> <span class='ocrx_word' id='word_1_35' title='bbox 481 674 775 746; x_wconf 67' lang='grc' dir='ltr'>ἐργάζεται,</span> <span class='ocrx_word' id='word_1_36' title='bbox 806 672 950 743; x_wconf 75' lang='grc' dir='ltr'>κάγὼ</span> <span class='ocrx_word' id='word_1_37' title='bbox 983 672 1286 746; x_wconf 77' lang='grc' dir='ltr'>ἐργάζομαι.</span> 
     </span>
    </p>
   </div>
   <div class='ocr_carea' id='block_1_8' title="bbox 399 758 1924 836">
    <p class='ocr_par' dir='ltr' id='par_1_8' title="bbox 399 758 1924 836">
     <span class='ocr_line' id='line_1_8' title="bbox 399 758 1924 836; baseline -0.004 -20"><span class='ocrx_word' id='word_1_38' title='bbox 399 767 540 825; x_wconf 65' lang='grc' dir='ltr'>Τινὲς</span> <span class='ocrx_word' id='word_1_39' title='bbox 575 759 633 815; x_wconf 67' lang='grc' dir='ltr'>δε</span> <span class='ocrx_word' id='word_1_40' title='bbox 679 762 988 836; x_wconf 70' lang='grc' dir='ltr'>λῆροιμθ),</span> <span class='ocrx_word' id='word_1_41' title='bbox 1042 767 1099 813; x_wconf 81' lang='grc' dir='ltr'>τὸ</span> <span class='ocrx_word' id='word_1_42' title='bbox 1156 764 1227 814; x_wconf 79' lang='grc' dir='ltr'>Δι’</span> <span class='ocrx_word' id='word_1_43' title='bbox 1280 761 1458 825; x_wconf 71' lang='grc' dir='ltr'>αὐτοῦ,</span> <span class='ocrx_word' id='word_1_44' title='bbox 1517 759 1647 830; x_wconf 77' lang='grc' dir='ltr'>πρὸς</span> <span class='ocrx_word' id='word_1_45' title='bbox 1706 758 1924 811; x_wconf 61' lang='grc' dir='ltr'>ἐλάττω-</span> 
     </span>
    </p>
   </div>
   <div class='ocr_carea' id='block_1_9' title="bbox 1248 847 1924 923">
    <p class='ocr_par' dir='ltr' id='par_1_9' title="bbox 1248 847 1924 923">
     <span class='ocr_line' id='line_1_9' title="bbox 1248 847 1924 923; baseline -0.007 -20"><span class='ocrx_word' id='word_1_46' title='bbox 1248 851 1306 902; x_wconf 77' lang='grc' dir='ltr'>οὐ</span> <span class='ocrx_word' id='word_1_47' title='bbox 1372 848 1743 923; x_wconf 75' lang='grc' dir='ltr'>δημιουργίας,</span> <span class='ocrx_word' id='word_1_48' title='bbox 1819 847 1924 898; x_wconf 77' lang='grc' dir='ltr'>ἀλλ’</span> 
     </span>
    </p>
   </div>
   <div class='ocr_carea' id='block_1_10' title="bbox 325 935 1919 1017">
    <p class='ocr_par' dir='ltr' id='par_1_10' title="bbox 325 935 1919 1017">
     <span class='ocr_line' id='line_1_10' title="bbox 325 935 1919 1017; baseline -0.003 -23"><span class='ocrx_word' id='word_1_49' title='bbox 325 944 620 1017; x_wconf 76' lang='grc' dir='ltr'>ὑπουργίας</span> <span class='ocrx_word' id='word_1_50' title='bbox 688 944 803 1009; x_wconf 76' lang='lat' dir='ltr'>(l7)</span> <span class='ocrx_word' id='word_1_51' title='bbox 875 937 1181 1011; x_wconf 78' lang='grc' dir='ltr'>ἐμφαντικὸν</span> <span class='ocrx_word' id='word_1_52' title='bbox 1243 948 1395 991; x_wconf 81' lang='grc' dir='ltr'>τοῦτο</span> <span class='ocrx_word' id='word_1_53' title='bbox 1462 944 1711 1009; x_wconf 77' lang='grc' dir='ltr'>φήσαντες</span> <span class='ocrx_word' id='word_1_54' title='bbox 1774 935 1919 989; x_wconf 81' lang='grc' dir='ltr'>εἶναι.</span> 
     </span>
    </p>
   </div>
   <div class='ocr_carea' id='block_1_11' title="bbox 325 1023 1924 1102">
    <p class='ocr_par' dir='ltr' id='par_1_11' title="bbox 325 1023 1924 1102">
     <span class='ocr_line' id='line_1_11' title="bbox 325 1023 1924 1102; baseline -0.004 -21"><span class='ocrx_word' id='word_1_55' title='bbox 325 1031 440 1081; x_wconf 74' lang='grc' dir='ltr'>Οὐκ</span> <span class='ocrx_word' id='word_1_56' title='bbox 490 1026 711 1102; x_wconf 80' lang='grc' dir='ltr'>ᾔδεισαν</span> <span class='ocrx_word' id='word_1_57' title='bbox 740 1025 799 1080; x_wconf 72' lang='grc' dir='ltr'>δὲ</span> <span class='ocrx_word' id='word_1_58' title='bbox 847 1030 928 1080; x_wconf 90' lang='grc' dir='ltr'>ὃτι</span> <span class='ocrx_word' id='word_1_59' title='bbox 980 1032 1069 1080; x_wconf 84' lang='grc' dir='ltr'>καὶ</span> <span class='ocrx_word' id='word_1_60' title='bbox 1109 1027 1192 1080; x_wconf 80' lang='grc' dir='ltr'>ἐπὶ</span> <span class='ocrx_word' id='word_1_61' title='bbox 1244 1036 1333 1080; x_wconf 77' lang='grc' dir='ltr'>τοῦ</span> <span class='ocrx_word' id='word_1_62' title='bbox 1389 1031 1588 1099; x_wconf 69' lang='grc' dir='ltr'>[ἰατρὸς</span> <span class='ocrx_word' id='word_1_63' title='bbox 1626 1023 1924 1098; x_wconf 73' lang='grc' dir='ltr'>ἀδιαφόρως</span> 
     </span>
    </p>
   </div>
   <div class='ocr_carea' id='block_1_12' title="bbox 324 1115 1924 1190">
    <p class='ocr_par' dir='ltr' id='par_1_12' title="bbox 324 1115 1924 1190">
     <span class='ocr_line' id='line_1_12' title="bbox 324 1115 1924 1190; baseline -0.004 -20"><span class='ocrx_word' id='word_1_64' title='bbox 324 1126 480 1171; x_wconf 80' lang='grc' dir='ltr'>τοῦτο</span> <span class='ocrx_word' id='word_1_65' title='bbox 536 1120 794 1172; x_wconf 83' lang='grc' dir='ltr'>τάττεται.</span> <span class='ocrx_word' id='word_1_66' title='bbox 851 1122 987 1175; x_wconf 80' lang='grc' dir='ltr'>Φησὶ</span> <span class='ocrx_word' id='word_1_67' title='bbox 1030 1119 1128 1190; x_wconf 74' lang='grc' dir='ltr'>γὰρ</span> <span class='ocrx_word' id='word_1_68' title='bbox 1185 1119 1209 1168; x_wconf 87' lang='grc' dir='ltr'><em>ὀ</em></span> <span class='ocrx_word' id='word_1_69' title='bbox 1256 1116 1569 1177; x_wconf 80' lang='grc' dir='ltr'>Ἀπόστολος</span> <span class='ocrx_word' id='word_1_70' title='bbox 1599 1134 1610 1145; x_wconf 89' lang='grc'><strong>·</strong></span> <span class='ocrx_word' id='word_1_71' title='bbox 1665 1118 1862 1175; x_wconf 88' lang='grc' dir='ltr'>Πιστὸς</span> <span class='ocrx_word' id='word_1_72' title='bbox 1899 1115 1924 1165; x_wconf 88' lang='grc' dir='ltr'><em>ὀ</em></span> 
     </span>
    </p>
   </div>
   <div class='ocr_carea' id='block_1_13' title="bbox 328 856 1166 917">
    <p class='ocr_par' dir='ltr' id='par_1_13' title="bbox 328 856 1166 917">
     <span class='ocr_line' id='line_1_13' title="bbox 328 856 1166 917; baseline -0.005 -12"><span class='ocrx_word' id='word_1_73' title='bbox 328 873 413 905; x_wconf 89' lang='grc' dir='ltr'>σιν</span> <span class='ocrx_word' id='word_1_74' title='bbox 478 860 571 905; x_wconf 80' lang='grc' dir='ltr'>τοῦ</span> <span class='ocrx_word' id='word_1_75' title='bbox 650 856 772 904; x_wconf 86' lang='grc' dir='ltr'>Υίοῡ</span> <span class='ocrx_word' id='word_1_76' title='bbox 847 856 1166 917; x_wconf 73' lang='grc' dir='ltr'>νενοηκασιν,</span> 
     </span>
    </p>
   </div>
   <div class='ocr_carea' id='block_1_14' title="bbox 326 1204 1920 1271">
    <p class='ocr_par' dir='ltr' id='par_1_14' title="bbox 326 1204 1920 1271">
     <span class='ocr_line' id='line_1_14' title="bbox 326 1204 1920 1271; baseline -0.002 -11"><span class='ocrx_word' id='word_1_77' title='bbox 326 1210 469 1271; x_wconf 82' lang='grc' dir='ltr'>Θεὸς,</span> <span class='ocrx_word' id='word_1_78' title='bbox 502 1204 575 1259; x_wconf 83' lang='grc' dir='ltr'>δι’</span> <span class='ocrx_word' id='word_1_79' title='bbox 623 1207 682 1259; x_wconf 84' lang='grc' dir='ltr'>οὗ</span> <span class='ocrx_word' id='word_1_80' title='bbox 722 1206 972 1265; x_wconf 75' lang='grc' dir='ltr'>ἐκλήθητε</span> <span class='ocrx_word' id='word_1_81' title='bbox 1023 1206 1096 1267; x_wconf 81' lang='grc' dir='ltr'>εἰς</span> <span class='ocrx_word' id='word_1_82' title='bbox 1125 1211 1393 1258; x_wconf 78' lang='grc' dir='ltr'>κοινωνίαν</span> <span class='ocrx_word' id='word_1_83' title='bbox 1423 1214 1513 1258; x_wconf 80' lang='grc' dir='ltr'>του</span> <span class='ocrx_word' id='word_1_84' title='bbox 1567 1207 1689 1257; x_wconf 82' lang='grc' dir='ltr'>Υἰοῦ</span> <span class='ocrx_word' id='word_1_85' title='bbox 1744 1204 1920 1257; x_wconf 68' lang='grc' dir='ltr'>αὐτοῦ.</span> 
     </span>
    </p>
   </div>
   <div class='ocr_carea' id='block_1_15' title="bbox 321 1289 1923 1368">
    <p class='ocr_par' dir='ltr' id='par_1_15' title="bbox 321 1289 1923 1368">
     <span class='ocr_line' id='line_1_15' title="bbox 321 1289 1923 1368; baseline -0.004 -18"><span class='ocrx_word' id='word_1_86' title='bbox 321 1296 435 1350; x_wconf 87' lang='grc' dir='ltr'>Ἱνα</span> <span class='ocrx_word' id='word_1_87' title='bbox 462 1295 520 1349; x_wconf 74' lang='grc' dir='ltr'>δὲ</span> <span class='ocrx_word' id='word_1_88' title='bbox 544 1292 733 1368; x_wconf 80' lang='grc' dir='ltr'>μηδεὶς</span> <span class='ocrx_word' id='word_1_89' title='bbox 762 1294 1052 1367; x_wconf 73' lang='grc' dir='ltr'>ἀπιστήσῃ,</span> <span class='ocrx_word' id='word_1_90' title='bbox 1085 1304 1195 1356; x_wconf 83' lang='grc' dir='ltr'>πῶς</span> <span class='ocrx_word' id='word_1_91' title='bbox 1228 1303 1461 1347; x_wconf 80' lang='grc' dir='ltr'>τοσαῦτα</span> <span class='ocrx_word' id='word_1_92' title='bbox 1486 1299 1575 1346; x_wconf 80' lang='grc' dir='ltr'>καὶ</span> <span class='ocrx_word' id='word_1_93' title='bbox 1601 1301 1819 1346; x_wconf 75' lang='grc' dir='ltr'>τοιαῦτα</span> <span class='ocrx_word' id='word_1_94' title='bbox 1850 1289 1923 1345; x_wconf 78' lang='grc' dir='ltr'>δι’</span> 
     </span>
    </p>
   </div>
   <div class='ocr_carea' id='block_1_16' title="bbox 326 1384 951 1456">
    <p class='ocr_par' dir='ltr' id='par_1_16' title="bbox 326 1384 951 1456">
     <span class='ocr_line' id='line_1_16' title="bbox 326 1384 951 1456; baseline -0.003 -19"><span class='ocrx_word' id='word_1_95' title='bbox 326 1386 487 1437; x_wconf 71' lang='grc' dir='ltr'>αὐτοῦ</span> <span class='ocrx_word' id='word_1_96' title='bbox 515 1384 730 1455; x_wconf 73' lang='grc' dir='ltr'>ἐγένετο,</span> <span class='ocrx_word' id='word_1_97' title='bbox 760 1388 917 1456; x_wconf 79' lang='grc' dir='ltr'>φησίν</span> <span class='ocrx_word' id='word_1_98' title='bbox 940 1402 951 1414; x_wconf 88' lang='grc'><strong>·</strong></span> 
     </span>
    </p>
   </div>
   <div class='ocr_carea' id='block_1_17' title="bbox 401 1470 1923 1545">
    <p class='ocr_par' dir='ltr' id='par_1_17' title="bbox 401 1470 1923 1545">
     <span class='ocr_line' id='line_1_17' title="bbox 401 1470 1923 1545; baseline -0.004 -18"><span class='ocrx_word' id='word_1_99' title='bbox 401 1476 480 1527; x_wconf 88' lang='grc' dir='ltr'>Ἐν</span> <span class='ocrx_word' id='word_1_100' title='bbox 528 1474 670 1544; x_wconf 70' lang='grc' dir='ltr'>αὐτῴ</span> <span class='ocrx_word' id='word_1_101' title='bbox 715 1474 821 1533; x_wconf 82' lang='grc' dir='ltr'>ζωὴ</span> <span class='ocrx_word' id='word_1_102' title='bbox 878 1470 958 1532; x_wconf 76' lang='grc' dir='ltr'>ἦν.</span> <span class='ocrx_word' id='word_1_103' title='bbox 990 1473 1063 1527; x_wconf 86' lang='grc' dir='ltr'>Δι’</span> <span class='ocrx_word' id='word_1_104' title='bbox 1120 1475 1180 1536; x_wconf 84' lang='grc' dir='ltr'>ἧς</span> <span class='ocrx_word' id='word_1_105' title='bbox 1243 1474 1301 1525; x_wconf 72' lang='grc' dir='ltr'>οὐ</span> <span class='ocrx_word' id='word_1_106' title='bbox 1360 1478 1511 1545; x_wconf 86' lang='grc' dir='ltr'>μόνον</span> <span class='ocrx_word' id='word_1_107' title='bbox 1570 1472 1702 1524; x_wconf 69' lang='grc' dir='ltr'>αὐτὰ</span> <span class='ocrx_word' id='word_1_108' title='bbox 1757 1476 1923 1542; x_wconf 82' lang='grc' dir='ltr'>παρή-</span> 
     </span>
    </p>
   </div>
   <div class='ocr_carea' id='block_1_18' title="bbox 320 1559 1920 1637">
    <p class='ocr_par' dir='ltr' id='par_1_18' title="bbox 320 1559 1920 1637">
     <span class='ocr_line' id='line_1_18' title="bbox 320 1559 1920 1637; baseline -0.003 -21"><span class='ocrx_word' id='word_1_109' title='bbox 320 1584 501 1636; x_wconf 85' lang='grc' dir='ltr'>γαγεν,</span> <span class='ocrx_word' id='word_1_110' title='bbox 553 1562 679 1615; x_wconf 75' lang='grc' dir='ltr'>ἀλλὰ</span> <span class='ocrx_word' id='word_1_111' title='bbox 733 1568 822 1614; x_wconf 81' lang='grc' dir='ltr'>καὶ</span> <span class='ocrx_word' id='word_1_112' title='bbox 882 1571 1128 1637; x_wconf 84' lang='grc' dir='ltr'>συντηρεῖ</span> <span class='ocrx_word' id='word_1_113' title='bbox 1185 1564 1255 1625; x_wconf 81' lang='grc' dir='ltr'>εἰς</span> <span class='ocrx_word' id='word_1_114' title='bbox 1306 1566 1364 1614; x_wconf 87' lang='grc' dir='ltr'>τὸ</span> <span class='ocrx_word' id='word_1_115' title='bbox 1424 1560 1701 1633; x_wconf 82' lang='grc' dir='ltr'>διαμένειν.</span> <span class='ocrx_word' id='word_1_116' title='bbox 1760 1559 1920 1633; x_wconf 67' lang='grc' dir='ltr'>Ὀπερ</span> 
     </span>
    </p>
   </div>
   <div class='ocr_carea' id='block_1_19' title="bbox 323 1652 1923 1726">
    <p class='ocr_par' dir='ltr' id='par_1_19' title="bbox 323 1652 1923 1726">
     <span class='ocr_line' id='line_1_19' title="bbox 323 1652 1923 1726; baseline -0.004 -20"><span class='ocrx_word' id='word_1_117' title='bbox 323 1658 425 1724; x_wconf 79' lang='grc' dir='ltr'>γὰρ</span> <span class='ocrx_word' id='word_1_118' title='bbox 459 1658 689 1721; x_wconf 79' lang='grc' dir='ltr'>περὶτοῦ</span> <span class='ocrx_word' id='word_1_119' title='bbox 752 1655 953 1725; x_wconf 79' lang='grc' dir='ltr'>Πατρός</span> <span class='ocrx_word' id='word_1_120' title='bbox 1005 1655 1228 1726; x_wconf 77' lang='grc' dir='ltr'>εἴρηται,</span> <span class='ocrx_word' id='word_1_121' title='bbox 1285 1660 1437 1704; x_wconf 81' lang='grc' dir='ltr'>τοῦτο</span> <span class='ocrx_word' id='word_1_122' title='bbox 1490 1656 1579 1702; x_wconf 85' lang='grc' dir='ltr'>καὶ</span> <span class='ocrx_word' id='word_1_123' title='bbox 1637 1656 1753 1723; x_wconf 82' lang='grc' dir='ltr'>περὶ</span> <span class='ocrx_word' id='word_1_124' title='bbox 1808 1652 1923 1701; x_wconf 77' lang='grc' dir='ltr'>τού-</span> 
     </span>
    </p>
   </div>
   <div class='ocr_carea' id='block_1_20' title="bbox 324 1740 1925 1815">
    <p class='ocr_par' dir='ltr' id='par_1_20' title="bbox 324 1740 1925 1815">
     <span class='ocr_line' id='line_1_20' title="bbox 324 1740 1925 1815; baseline -0.002 -23"><span class='ocrx_word' id='word_1_125' title='bbox 324 1760 415 1792; x_wconf 88' lang='grc' dir='ltr'>του</span> <span class='ocrx_word' id='word_1_126' title='bbox 464 1742 769 1815; x_wconf 78' lang='grc' dir='ltr'>ῥηθήσεται,</span> <span class='ocrx_word' id='word_1_127' title='bbox 832 1743 904 1793; x_wconf 83' lang='grc' dir='ltr'>ὅτι</span> <span class='ocrx_word' id='word_1_128' title='bbox 956 1742 1037 1794; x_wconf 88' lang='grc' dir='ltr'>Ἐν</span> <span class='ocrx_word' id='word_1_129' title='bbox 1088 1741 1228 1811; x_wconf 73' lang='grc' dir='ltr'>αὐτῴ</span> <span class='ocrx_word' id='word_1_130' title='bbox 1290 1745 1452 1813; x_wconf 78' lang='grc' dir='ltr'>ζῶμεν</span> <span class='ocrx_word' id='word_1_131' title='bbox 1503 1745 1591 1791; x_wconf 88' lang='grc' dir='ltr'>καὶ</span> <span class='ocrx_word' id='word_1_132' title='bbox 1644 1740 1925 1810; x_wconf 76' lang='grc' dir='ltr'>κινούμεθα</span> 
     </span>
    </p>
   </div>
   <div class='ocr_carea' id='block_1_21' title="bbox 2036 578 3695 651">
    <p class='ocr_par' dir='ltr' id='par_1_21' title="bbox 2036 578 3695 651">
     <span class='ocr_line' id='line_1_21' title="bbox 2036 578 3695 651; baseline -0.003 -17"><span class='ocrx_word' id='word_1_133' title='bbox 2036 580 2210 636; x_wconf 88' lang='lat' dir='ltr'>etiam</span> <span class='ocrx_word' id='word_1_134' title='bbox 2243 580 2517 651; x_wconf 88' lang='lat' dir='ltr'>septimo,</span> <span class='ocrx_word' id='word_1_135' title='bbox 2554 582 2732 635; x_wconf 84' lang='lat' dir='ltr'>Pater</span> <span class='ocrx_word' id='word_1_136' title='bbox 2765 594 2920 634; x_wconf 87' lang='lat' dir='ltr'>meus</span> <span class='ocrx_word' id='word_1_137' title='bbox 2943 579 3022 633; x_wconf 84' lang='lat' dir='ltr'>ad</span> <span class='ocrx_word' id='word_1_138' title='bbox 3056 578 3164 633; x_wconf 87' lang='lat' dir='ltr'>hoc</span> <span class='ocrx_word' id='word_1_139' title='bbox 3202 592 3385 647; x_wconf 84' lang='lat' dir='ltr'>usque</span> <span class='ocrx_word' id='word_1_140' title='bbox 3416 578 3695 644; x_wconf 78' lang='lat' dir='ltr'>temporis</span> 
     </span>
    </p>
   </div>
   <div class='ocr_carea' id='block_1_22' title="bbox 2034 670 2880 741">
    <p class='ocr_par' dir='ltr' id='par_1_22' title="bbox 2034 670 2880 741">
     <span class='ocr_line' id='line_1_22' title="bbox 2034 670 2880 741; baseline -0.007 -16"><span class='ocrx_word' id='word_1_141' title='bbox 2034 677 2338 739; x_wconf 82' lang='lat' dir='ltr'>Operatur,</span> <span class='ocrx_word' id='word_1_142' title='bbox 2369 678 2421 726; x_wconf 79' lang='lat' dir='ltr'>et</span> <span class='ocrx_word' id='word_1_143' title='bbox 2466 686 2558 741; x_wconf 86' lang='lat' dir='ltr'>ego</span> <span class='ocrx_word' id='word_1_144' title='bbox 2604 685 2809 738; x_wconf 84' lang='lat' dir='ltr'>operor</span> <span class='ocrx_word' id='word_1_145' title='bbox 2840 670 2880 719; x_wconf 87' lang='grc'>⁵.</span> 
     </span>
    </p>
   </div>
   <div class='ocr_carea' id='block_1_23' title="bbox 2106 754 3696 829">
    <p class='ocr_par' dir='ltr' id='par_1_23' title="bbox 2106 754 3696 829">
     <span class='ocr_line' id='line_1_23' title="bbox 2106 754 3696 829; baseline -0.003 -16"><span class='ocrx_word' id='word_1_146' title='bbox 2106 762 2352 825; x_wconf 70' lang='lat' dir='ltr'>Quidam</span> <span class='ocrx_word' id='word_1_147' title='bbox 2385 776 2523 815; x_wconf 88' lang='lat' dir='ltr'>vero</span> <span class='ocrx_word' id='word_1_148' title='bbox 2554 759 2720 814; x_wconf 88' lang='lat' dir='ltr'>deliri</span> <span class='ocrx_word' id='word_1_149' title='bbox 2736 763 2964 829; x_wconf 84' lang='lat' dir='ltr'>partem</span> <span class='ocrx_word' id='word_1_150' title='bbox 2994 754 3696 823; x_wconf 75' lang='lat' dir='ltr'>illam.Peripsu1im,Fi-</span> 
     </span>
    </p>
   </div>
   <div class='ocr_carea' id='block_1_24' title="bbox 2032 844 3697 912">
    <p class='ocr_par' dir='ltr' id='par_1_24' title="bbox 2032 844 3697 912">
     <span class='ocr_line' id='line_1_24' title="bbox 2032 844 3697 912; baseline -0.004 -8"><span class='ocrx_word' id='word_1_151' title='bbox 2032 849 2551 905; x_wconf 86' lang='lat' dir='ltr'>liiminorationem</span> <span class='ocrx_word' id='word_1_152' title='bbox 2578 848 3007 912; x_wconf 86' lang='lat' dir='ltr'>intellexerunt,</span> <span class='ocrx_word' id='word_1_153' title='bbox 3027 846 3289 900; x_wconf 85' lang='lat' dir='ltr'>dicentes</span> <span class='ocrx_word' id='word_1_154' title='bbox 3311 844 3369 899; x_wconf 86' lang='lat' dir='ltr'>id</span> <span class='ocrx_word' id='word_1_155' title='bbox 3394 860 3511 898; x_wconf 93' lang='lat' dir='ltr'>non</span> <span class='ocrx_word' id='word_1_156' title='bbox 3538 858 3697 898; x_wconf 90' lang='lat' dir='ltr'>crea-</span> 
     </span>
    </p>
   </div>
   <div class='ocr_carea' id='block_1_25' title="bbox 2037 932 3691 1005">
    <p class='ocr_par' dir='ltr' id='par_1_25' title="bbox 2037 932 3691 1005">
     <span class='ocr_line' id='line_1_25' title="bbox 2037 932 3691 1005; baseline -0.004 -12"><span class='ocrx_word' id='word_1_157' title='bbox 2037 940 2234 1005; x_wconf 89' lang='lat' dir='ltr'>tionis,</span> <span class='ocrx_word' id='word_1_158' title='bbox 2278 939 2382 993; x_wconf 86' lang='lat' dir='ltr'>sed</span> <span class='ocrx_word' id='word_1_159' title='bbox 2441 936 3007 992; x_wconf 67' lang='lat' dir='ltr'>subininistrationis</span> <span class='ocrx_word' id='word_1_160' title='bbox 3047 950 3175 989; x_wconf 85' lang='lat' dir='ltr'>esse</span> <span class='ocrx_word' id='word_1_161' title='bbox 3205 932 3691 1003; x_wconf 82' lang='lat' dir='ltr'>signiﬁcativum.</span> 
     </span>
    </p>
   </div>
   <div class='ocr_carea' id='block_1_26' title="bbox 2035 1026 3690 1099">
    <p class='ocr_par' dir='ltr' id='par_1_26' title="bbox 2035 1026 3690 1099">
     <span class='ocr_line' id='line_1_26' title="bbox 2035 1026 3690 1099; baseline -0.006 -15"><span class='ocrx_word' id='word_1_162' title='bbox 2035 1031 2149 1084; x_wconf 89' lang='lat' dir='ltr'>Nec</span> <span class='ocrx_word' id='word_1_163' title='bbox 2189 1028 2462 1083; x_wconf 89' lang='lat' dir='ltr'>viderunt</span> <span class='ocrx_word' id='word_1_164' title='bbox 2483 1026 2644 1099; x_wconf 90' lang='lat' dir='ltr'>quod</span> <span class='ocrx_word' id='word_1_165' title='bbox 2671 1026 2729 1081; x_wconf 89' lang='lat' dir='ltr'>id</span> <span class='ocrx_word' id='word_1_166' title='bbox 2769 1027 2842 1079; x_wconf 85' lang='lat' dir='ltr'>de</span> <span class='ocrx_word' id='word_1_167' title='bbox 2873 1028 3036 1079; x_wconf 84' lang='lat' dir='ltr'>Patre</span> <span class='ocrx_word' id='word_1_168' title='bbox 3070 1038 3309 1096; x_wconf 89' lang='lat' dir='ltr'>quoque</span> <span class='ocrx_word' id='word_1_169' title='bbox 3349 1026 3690 1094; x_wconf 83' lang='lat' dir='ltr'>usurpatur.</span> 
     </span>
    </p>
   </div>
   <div class='ocr_carea' id='block_1_27' title="bbox 2035 1110 3692 1189">
    <p class='ocr_par' dir='ltr' id='par_1_27' title="bbox 2035 1110 3692 1189">
     <span class='ocr_line' id='line_1_27' title="bbox 2035 1110 3692 1189; baseline -0.005 -16"><span class='ocrx_word' id='word_1_170' title='bbox 2035 1118 2124 1173; x_wconf 79' lang='lat' dir='ltr'>Ait</span> <span class='ocrx_word' id='word_1_171' title='bbox 2150 1118 2309 1173; x_wconf 88' lang='lat' dir='ltr'>enim</span> <span class='ocrx_word' id='word_1_172' title='bbox 2335 1115 2653 1189; x_wconf 82' lang='lat' dir='ltr'>Apostolus</span> <span class='ocrx_word' id='word_1_173' title='bbox 2688 1133 2699 1169; x_wconf 90' lang='lat'>:</span> <span class='ocrx_word' id='word_1_174' title='bbox 2734 1115 2954 1171; x_wconf 80' lang='lat' dir='ltr'>Fidelis</span> <span class='ocrx_word' id='word_1_175' title='bbox 2996 1114 3151 1169; x_wconf 84' lang='lat' dir='ltr'>Deus</span> <span class='ocrx_word' id='word_1_176' title='bbox 3199 1128 3473 1183; x_wconf 82' lang='lat' dir='ltr'>perquem</span> <span class='ocrx_word' id='word_1_177' title='bbox 3500 1110 3692 1167; x_wconf 81' lang='lat' dir='ltr'>vocati</span> 
     </span>
    </p>
   </div>
   <div class='ocr_carea' id='block_1_28' title="bbox 2034 1201 3699 1274">
    <p class='ocr_par' dir='ltr' id='par_1_28' title="bbox 2034 1201 3699 1274">
     <span class='ocr_line' id='line_1_28' title="bbox 2034 1201 3699 1274; baseline -0.006 -10"><span class='ocrx_word' id='word_1_178' title='bbox 2034 1208 2165 1264; x_wconf 80' lang='lat' dir='ltr'>estis</span> <span class='ocrx_word' id='word_1_179' title='bbox 2195 1209 2258 1262; x_wconf 85' lang='lat' dir='ltr'>in</span> <span class='ocrx_word' id='word_1_180' title='bbox 2288 1208 2617 1264; x_wconf 82' lang='lat' dir='ltr'>societatem</span> <span class='ocrx_word' id='word_1_181' title='bbox 2644 1205 2788 1261; x_wconf 70' lang='lat' dir='ltr'><em>Filii</em></span> <span class='ocrx_word' id='word_1_182' title='bbox 2808 1206 2981 1274; x_wconf 60' lang='lat' dir='ltr'>ejus“.</span> <span class='ocrx_word' id='word_1_183' title='bbox 3014 1204 3093 1257; x_wconf 85' lang='lat' dir='ltr'><strong>Ne</strong></span> <span class='ocrx_word' id='word_1_184' title='bbox 3114 1202 3249 1273; x_wconf 86' lang='lat' dir='ltr'>quis</span> <span class='ocrx_word' id='word_1_185' title='bbox 3282 1206 3480 1256; x_wconf 88' lang='lat' dir='ltr'>autem</span> <span class='ocrx_word' id='word_1_186' title='bbox 3512 1201 3699 1255; x_wconf 89' lang='lat' dir='ltr'>incre-</span> 
     </span>
    </p>
   </div>
   <div class='ocr_carea' id='block_1_29' title="bbox 2033 1288 3700 1365">
    <p class='ocr_par' dir='ltr' id='par_1_29' title="bbox 2033 1288 3700 1365">
     <span class='ocr_line' id='line_1_29' title="bbox 2033 1288 3700 1365; baseline -0.005 -14"><span class='ocrx_word' id='word_1_187' title='bbox 2033 1296 2211 1351; x_wconf 90' lang='lat' dir='ltr'>dulus</span> <span class='ocrx_word' id='word_1_188' title='bbox 2259 1296 2350 1361; x_wconf 91' lang='lat' dir='ltr'>sit,</span> <span class='ocrx_word' id='word_1_189' title='bbox 2403 1296 2716 1365; x_wconf 81' lang='lat' dir='ltr'>ambigens</span> <span class='ocrx_word' id='word_1_190' title='bbox 2778 1292 3087 1365; x_wconf 89' lang='lat' dir='ltr'>quomodo</span> <span class='ocrx_word' id='word_1_191' title='bbox 3118 1291 3244 1344; x_wconf 73' lang='lat' dir='ltr'>hrec</span> <span class='ocrx_word' id='word_1_192' title='bbox 3278 1288 3566 1345; x_wconf 88' lang='lat' dir='ltr'>etsimilia</span> <span class='ocrx_word' id='word_1_193' title='bbox 3599 1303 3700 1359; x_wconf 88' lang='lat' dir='ltr'>per</span> 
     </span>
    </p>
   </div>
   <div class='ocr_carea' id='block_1_30' title="bbox 2031 1384 2801 1458">
    <p class='ocr_par' dir='ltr' id='par_1_30' title="bbox 2031 1384 2801 1458">
     <span class='ocr_line' id='line_1_30' title="bbox 2031 1384 2801 1458; baseline -0.003 -17"><span class='ocrx_word' id='word_1_194' title='bbox 2031 1386 2234 1458; x_wconf 90' lang='lat' dir='ltr'>ipsum</span> <span class='ocrx_word' id='word_1_195' title='bbox 2281 1384 2436 1441; x_wconf 83' lang='lat' dir='ltr'>facta</span> <span class='ocrx_word' id='word_1_196' title='bbox 2466 1385 2600 1451; x_wconf 88' lang='lat' dir='ltr'>sint,</span> <span class='ocrx_word' id='word_1_197' title='bbox 2619 1384 2762 1439; x_wconf 88' lang='lat' dir='ltr'>dicit</span> <span class='ocrx_word' id='word_1_198' title='bbox 2789 1403 2801 1440; x_wconf 87' lang='lat'>:</span> 
     </span>
    </p>
   </div>
   <div class='ocr_carea' id='block_1_31' title="bbox 2066 1466 3703 1543">
    <p class='ocr_par' dir='ltr' id='par_1_31' title="bbox 2066 1466 3703 1543">
     <span class='ocr_line' id='line_1_31' title="bbox 2066 1466 3703 1543; baseline -0.004 -13"><span class='ocrx_word' id='word_1_199' title='bbox 2066 1520 2069 1523; x_wconf 96' lang='lat'>.</span> <span class='ocrx_word' id='word_1_200' title='bbox 2104 1475 2267 1530; x_wconf 88' lang='lat' dir='ltr'>Vers.</span> <span class='ocrx_word' id='word_1_201' title='bbox 2300 1475 2358 1531; x_wconf 87' lang='grc'>4.</span> <span class='ocrx_word' id='word_1_202' title='bbox 2400 1476 2464 1529; x_wconf 88' lang='lat' dir='ltr'>In</span> <span class='ocrx_word' id='word_1_203' title='bbox 2496 1476 2621 1543; x_wconf 78' lang='lat' dir='ltr'>ipso</span> <span class='ocrx_word' id='word_1_204' title='bbox 2652 1474 2770 1528; x_wconf 78' lang='lat' dir='ltr'>vita</span> <span class='ocrx_word' id='word_1_205' title='bbox 2827 1479 2976 1528; x_wconf 83' lang='lat' dir='ltr'>erat.</span> <span class='ocrx_word' id='word_1_206' title='bbox 3020 1472 3149 1537; x_wconf 86' lang='lat' dir='ltr'>Qua</span> <span class='ocrx_word' id='word_1_207' title='bbox 3188 1484 3307 1524; x_wconf 92' lang='lat' dir='ltr'>non</span> <span class='ocrx_word' id='word_1_208' title='bbox 3349 1467 3543 1523; x_wconf 90' lang='lat' dir='ltr'>solum</span> <span class='ocrx_word' id='word_1_209' title='bbox 3585 1466 3703 1523; x_wconf 67' lang='lat' dir='ltr'>hae-</span> 
     </span>
    </p>
   </div>
   <div class='ocr_carea' id='block_1_32' title="bbox 2034 1558 3699 1634">
    <p class='ocr_par' dir='ltr' id='par_1_32' title="bbox 2034 1558 3699 1634">
     <span class='ocr_line' id='line_1_32' title="bbox 2034 1558 3699 1634; baseline -0.005 -15"><span class='ocrx_word' id='word_1_210' title='bbox 2034 1564 2334 1634; x_wconf 87' lang='lat' dir='ltr'>produxil,</span> <span class='ocrx_word' id='word_1_211' title='bbox 2384 1578 2586 1617; x_wconf 90' lang='lat' dir='ltr'>verum</span> <span class='ocrx_word' id='word_1_212' title='bbox 2627 1561 2808 1617; x_wconf 86' lang='lat' dir='ltr'>etiam</span> <span class='ocrx_word' id='word_1_213' title='bbox 2852 1566 3180 1622; x_wconf 83' lang='lat' dir='ltr'>conservat,</span> <span class='ocrx_word' id='word_1_214' title='bbox 3228 1564 3285 1614; x_wconf 90' lang='lat' dir='ltr'>ut</span> <span class='ocrx_word' id='word_1_215' title='bbox 3315 1558 3375 1611; x_wconf 93' lang='lat' dir='ltr'>in</span> <span class='ocrx_word' id='word_1_216' title='bbox 3407 1573 3537 1611; x_wconf 90' lang='lat' dir='ltr'>esse</span> <span class='ocrx_word' id='word_1_217' title='bbox 3569 1572 3699 1626; x_wconf 89' lang='lat' dir='ltr'>per-</span> 
     </span>
    </p>
   </div>
   <div class='ocr_carea' id='block_1_33' title="bbox 2034 1644 3695 1723">
    <p class='ocr_par' dir='ltr' id='par_1_33' title="bbox 2034 1644 3695 1723">
     <span class='ocr_line' id='line_1_33' title="bbox 2034 1644 3695 1723; baseline -0.005 -15"><span class='ocrx_word' id='word_1_218' title='bbox 2034 1656 2337 1708; x_wconf 83' lang='lat' dir='ltr'>maneant.</span> <span class='ocrx_word' id='word_1_219' title='bbox 2375 1653 2524 1706; x_wconf 82' lang='lat' dir='ltr'>Nain</span> <span class='ocrx_word' id='word_1_220' title='bbox 2566 1651 2729 1723; x_wconf 90' lang='lat' dir='ltr'>quod</span> <span class='ocrx_word' id='word_1_221' title='bbox 2762 1650 2835 1705; x_wconf 91' lang='lat' dir='ltr'>de</span> <span class='ocrx_word' id='word_1_222' title='bbox 2858 1651 3022 1705; x_wconf 84' lang='lat' dir='ltr'>Patre</span> <span class='ocrx_word' id='word_1_223' title='bbox 3061 1648 3289 1703; x_wconf 92' lang='lat' dir='ltr'>dictum</span> <span class='ocrx_word' id='word_1_224' title='bbox 3322 1650 3425 1709; x_wconf 88' lang='lat' dir='ltr'>est,</span> <span class='ocrx_word' id='word_1_225' title='bbox 3460 1644 3530 1699; x_wconf 89' lang='lat' dir='ltr'>de</span> <span class='ocrx_word' id='word_1_226' title='bbox 3562 1645 3695 1716; x_wconf 90' lang='lat' dir='ltr'>ipso</span> 
     </span>
    </p>
   </div>
   <div class='ocr_carea' id='block_1_34' title="bbox 2034 1737 3695 1814">
    <p class='ocr_par' dir='ltr' id='par_1_34' title="bbox 2034 1737 3695 1814">
     <span class='ocr_line' id='line_1_34' title="bbox 2034 1737 3695 1814; baseline -0.005 -17"><span class='ocrx_word' id='word_1_227' title='bbox 2034 1757 2269 1814; x_wconf 89' lang='lat' dir='ltr'>quoque</span> <span class='ocrx_word' id='word_1_228' title='bbox 2295 1741 2408 1795; x_wconf 90' lang='lat' dir='ltr'>dici</span> <span class='ocrx_word' id='word_1_229' title='bbox 2442 1746 2630 1812; x_wconf 80' lang='lat' dir='ltr'>potest</span> <span class='ocrx_word' id='word_1_230' title='bbox 2671 1757 2684 1794; x_wconf 86' lang='lat'><strong>:</strong></span> <span class='ocrx_word' id='word_1_231' title='bbox 2746 1740 2814 1795; x_wconf 87' lang='lat' dir='ltr'>In</span> <span class='ocrx_word' id='word_1_232' title='bbox 2864 1740 2984 1808; x_wconf 84' lang='lat' dir='ltr'>ipso</span> <span class='ocrx_word' id='word_1_233' title='bbox 3017 1737 3283 1801; x_wconf 83' lang='lat' dir='ltr'>vivimus,</span> <span class='ocrx_word' id='word_1_234' title='bbox 3314 1749 3612 1790; x_wconf 86' lang='lat' dir='ltr'>movemur</span> <span class='ocrx_word' id='word_1_235' title='bbox 3640 1739 3695 1789; x_wconf 81' lang='lat' dir='ltr'>et</span> 
     </span>
    </p>
   </div>
   <div class='ocr_carea' id='block_1_35' title="bbox 324 1822 1923 1901">
    <p class='ocr_par' dir='ltr' id='par_1_35' title="bbox 324 1825 1919 1901">
     <span class='ocr_line' id='line_1_35' title="bbox 324 1825 1919 1901; baseline -0.002 -21"><span class='ocrx_word' id='word_1_236' title='bbox 324 1835 414 1881; x_wconf 87' lang='grc' dir='ltr'>καὶ</span> <span class='ocrx_word' id='word_1_237' title='bbox 450 1829 620 1901; x_wconf 74' lang='grc' dir='ltr'>ἐσμέν·</span> <span class='ocrx_word' id='word_1_238' title='bbox 668 1828 829 1882; x_wconf 88' lang='grc' dir='ltr'>Ὀταν</span> <span class='ocrx_word' id='word_1_239' title='bbox 862 1827 920 1882; x_wconf 73' lang='grc' dir='ltr'>δὲ</span> <span class='ocrx_word' id='word_1_240' title='bbox 974 1829 1207 1901; x_wconf 72' lang='grc' dir='ltr'>ἀκούσῃς</span> <span class='ocrx_word' id='word_1_241' title='bbox 1238 1832 1316 1881; x_wconf 81' lang='grc' dir='ltr'>ὅτι</span> <span class='ocrx_word' id='word_1_242' title='bbox 1370 1829 1418 1881; x_wconf 76' lang='grc' dir='ltr'>ἐν</span> <span class='ocrx_word' id='word_1_243' title='bbox 1468 1830 1607 1898; x_wconf 74' lang='grc' dir='ltr'>αὐτῷ</span> <span class='ocrx_word' id='word_1_244' title='bbox 1670 1829 1775 1889; x_wconf 80' lang='grc' dir='ltr'>ζωὴ</span> <span class='ocrx_word' id='word_1_245' title='bbox 1840 1825 1919 1894; x_wconf 73' lang='grc' dir='ltr'>ἦν,</span> 
     </span>
    </p>
   </div>
   <div class='ocr_carea' id='block_1_36' title="bbox 2044 1822 3697 1901">
    <p class='ocr_par' dir='ltr' id='par_1_36' title="bbox 2044 1822 3697 1896">
     <span class='ocr_line' id='line_1_36' title="bbox 2044 1822 3697 1896; baseline -0.004 -12"><span class='ocrx_word' id='word_1_246' title='bbox 2044 1846 2225 1885; x_wconf 68' lang='lat' dir='ltr'>sumus</span> <span class='ocrx_word' id='word_1_247' title='bbox 2278 1832 2320 1883; x_wconf 81' lang='grc'>⁷,</span> <span class='ocrx_word' id='word_1_248' title='bbox 2364 1830 2503 1883; x_wconf 90' lang='lat' dir='ltr'>Cum</span> <span class='ocrx_word' id='word_1_249' title='bbox 2554 1835 2753 1883; x_wconf 88' lang='lat' dir='ltr'>autem</span> <span class='ocrx_word' id='word_1_250' title='bbox 2802 1828 3059 1883; x_wconf 82' lang='lat' dir='ltr'>audieris</span> <span class='ocrx_word' id='word_1_251' title='bbox 3087 1825 3247 1896; x_wconf 86' lang='lat' dir='ltr'>quod</span> <span class='ocrx_word' id='word_1_252' title='bbox 3280 1824 3339 1878; x_wconf 91' lang='lat' dir='ltr'>in</span> <span class='ocrx_word' id='word_1_253' title='bbox 3394 1823 3527 1893; x_wconf 90' lang='lat' dir='ltr'>ipso</span> <span class='ocrx_word' id='word_1_254' title='bbox 3576 1822 3697 1877; x_wconf 88' lang='lat' dir='ltr'>vita</span> 
     </span>
    </p>
   </div>
   <div class='ocr_carea' id='block_1_37' title="bbox 323 1918 1917 1991">
    <p class='ocr_par' dir='ltr' id='par_1_37' title="bbox 323 1918 1917 1991">
     <span class='ocr_line' id='line_1_37' title="bbox 323 1918 1917 1991; baseline -0.002 -21"><span class='ocrx_word' id='word_1_255' title='bbox 323 1922 396 1989; x_wconf 84' lang='grc' dir='ltr'>μὴ</span> <span class='ocrx_word' id='word_1_256' title='bbox 448 1920 687 1970; x_wconf 76' lang='grc' dir='ltr'>σύνθετον</span> <span class='ocrx_word' id='word_1_257' title='bbox 765 1920 921 1970; x_wconf 76' lang='grc' dir='ltr'>αὐτὸν</span> <span class='ocrx_word' id='word_1_258' title='bbox 973 1918 1260 1991; x_wconf 74' lang='grc' dir='ltr'>ὑπολάϐῃς,</span> <span class='ocrx_word' id='word_1_259' title='bbox 1315 1918 1443 1970; x_wconf 66' lang='grc' dir='ltr'>ἀλλὰ</span> <span class='ocrx_word' id='word_1_260' title='bbox 1494 1922 1667 1988; x_wconf 81' lang='grc' dir='ltr'>πηγὴν</span> <span class='ocrx_word' id='word_1_261' title='bbox 1743 1918 1917 1978; x_wconf 73' lang='grc' dir='ltr'>ζωῆςι</span> 
     </span>
    </p>
   </div>
   <div class='ocr_carea' id='block_1_38' title="bbox 324 2006 1918 2081">
    <p class='ocr_par' dir='ltr' id='par_1_38' title="bbox 324 2006 1918 2081">
     <span class='ocr_line' id='line_1_38' title="bbox 324 2006 1918 2081; baseline -0.001 -24"><span class='ocrx_word' id='word_1_262' title='bbox 324 2007 517 2059; x_wconf 74' lang='grc' dir='ltr'>αὐτίκα</span> <span class='ocrx_word' id='word_1_263' title='bbox 561 2011 661 2081; x_wconf 75' lang='grc' dir='ltr'>γὰρ</span> <span class='ocrx_word' id='word_1_264' title='bbox 711 2014 799 2060; x_wconf 79' lang='grc' dir='ltr'>καὶ</span> <span class='ocrx_word' id='word_1_265' title='bbox 859 2008 970 2060; x_wconf 78' lang='grc' dir='ltr'>ὅλον</span> <span class='ocrx_word' id='word_1_266' title='bbox 1016 2008 1172 2060; x_wconf 65' lang='grc' dir='ltr'>αὐτὸν</span> <span class='ocrx_word' id='word_1_267' title='bbox 1236 2012 1366 2070; x_wconf 83' lang='grc' dir='ltr'>ζωὴν</span> <span class='ocrx_word' id='word_1_268' title='bbox 1418 2007 1682 2078; x_wconf 72' lang='grc' dir='ltr'>ὀνομάζει,</span> <span class='ocrx_word' id='word_1_269' title='bbox 1726 2006 1918 2077; x_wconf 80' lang='grc' dir='ltr'>λέγων·</span> 
     </span>
    </p>
   </div>
   <div class='ocr_carea' id='block_1_39' title="bbox 326 2094 1921 2171">
    <p class='ocr_par' dir='ltr' id='par_1_39' title="bbox 326 2094 1921 2171">
     <span class='ocr_line' id='line_1_39' title="bbox 326 2094 1921 2171; baseline -0.001 -23"><span class='ocrx_word' id='word_1_270' title='bbox 326 2101 427 2149; x_wconf 81' lang='grc' dir='ltr'>Καὶ</span> <span class='ocrx_word' id='word_1_271' title='bbox 466 2099 495 2155; x_wconf 84' lang='grc' dir='ltr'><strong>ἠ</strong></span> <span class='ocrx_word' id='word_1_272' title='bbox 547 2097 653 2157; x_wconf 78' lang='grc' dir='ltr'>ζωὴ</span> <span class='ocrx_word' id='word_1_273' title='bbox 716 2094 775 2155; x_wconf 77' lang='grc' dir='ltr'>ἦν</span> <span class='ocrx_word' id='word_1_274' title='bbox 828 2101 885 2148; x_wconf 84' lang='grc' dir='ltr'>τὸ</span> <span class='ocrx_word' id='word_1_275' title='bbox 936 2106 1036 2169; x_wconf 76' lang='grc' dir='ltr'>φῶς</span> <span class='ocrx_word' id='word_1_276' title='bbox 1089 2106 1187 2148; x_wconf 85' lang='grc' dir='ltr'>τῶν</span> <span class='ocrx_word' id='word_1_277' title='bbox 1243 2095 1540 2171; x_wconf 75' lang='grc' dir='ltr'>ἀνθρώπων.</span> <span class='ocrx_word' id='word_1_278' title='bbox 1607 2102 1706 2148; x_wconf 80' lang='grc' dir='ltr'>Καὶ</span> <span class='ocrx_word' id='word_1_279' title='bbox 1764 2094 1921 2146; x_wconf 69' lang='grc' dir='ltr'>ἀλλα-</span> 
     </span>
    </p>
   </div>
   <div class='ocr_carea' id='block_1_40' title="bbox 323 2182 1919 2259">
    <p class='ocr_par' dir='ltr' id='par_1_40' title="bbox 323 2182 1919 2259">
     <span class='ocr_line' id='line_1_40' title="bbox 323 2182 1919 2259; baseline -0.001 -23"><span class='ocrx_word' id='word_1_280' title='bbox 323 2193 431 2257; x_wconf 81' lang='grc' dir='ltr'>χοῦ</span> <span class='ocrx_word' id='word_1_281' title='bbox 453 2182 511 2238; x_wconf 75' lang='grc' dir='ltr'>δέ</span> <span class='ocrx_word' id='word_1_282' title='bbox 553 2205 683 2257; x_wconf 77' lang='grc' dir='ltr'>φησι</span> <span class='ocrx_word' id='word_1_283' title='bbox 715 2194 935 2259; x_wconf 78' lang='grc' dir='ltr'>φανερῶς</span> <span class='ocrx_word' id='word_1_284' title='bbox 984 2186 1143 2247; x_wconf 78' lang='grc' dir='ltr'>αὐτὸς</span> <span class='ocrx_word' id='word_1_285' title='bbox 1192 2188 1216 2237; x_wconf 86' lang='grc' dir='ltr'>ὁ</span> <span class='ocrx_word' id='word_1_286' title='bbox 1277 2189 1498 2259; x_wconf 82' lang='grc' dir='ltr'>Χριστός</span> <span class='ocrx_word' id='word_1_287' title='bbox 1523 2203 1533 2213; x_wconf 96' lang='grc'><strong>·</strong></span> <span class='ocrx_word' id='word_1_288' title='bbox 1594 2186 1724 2254; x_wconf 80' lang='grc' dir='ltr'>Ἐγώ</span> <span class='ocrx_word' id='word_1_289' title='bbox 1756 2184 1859 2255; x_wconf 85' lang='grc' dir='ltr'>εἰμι</span> <span class='ocrx_word' id='word_1_290' title='bbox 1890 2186 1919 2241; x_wconf 77' lang='grc' dir='ltr'>ἡ</span> 
     </span>
    </p>
   </div>
   <div class='ocr_carea' id='block_1_41' title="bbox 326 2275 457 2335">
    <p class='ocr_par' dir='ltr' id='par_1_41' title="bbox 326 2275 457 2335">
     <span class='ocr_line' id='line_1_41' title="bbox 326 2275 457 2335; baseline 0 0"><span class='ocrx_word' id='word_1_291' title='bbox 326 2275 457 2335; x_wconf 73' lang='grc' dir='ltr'>ζωή.</span> 
     </span>
    </p>
   </div>
   <div class='ocr_carea' id='block_1_42' title="bbox 397 2360 1922 2436">
    <p class='ocr_par' dir='ltr' id='par_1_42' title="bbox 397 2360 1922 2436">
     <span class='ocr_line' id='line_1_42' title="bbox 397 2360 1922 2436; baseline -0.003 -19"><span class='ocrx_word' id='word_1_292' title='bbox 397 2366 464 2418; x_wconf 83' lang='grc' dir='ltr'>Οἱ</span> <span class='ocrx_word' id='word_1_293' title='bbox 515 2366 949 2435; x_wconf 69' lang='grc' dir='ltr'>πνευματομςξχοι</span> <span class='ocrx_word' id='word_1_294' title='bbox 1010 2364 1122 2433; x_wconf 86' lang='grc'>(18)</span> <span class='ocrx_word' id='word_1_295' title='bbox 1181 2360 1238 2415; x_wconf 76' lang='grc' dir='ltr'>δὲ</span> <span class='ocrx_word' id='word_1_296' title='bbox 1287 2366 1416 2434; x_wconf 82' lang='grc' dir='ltr'>μετὰ</span> <span class='ocrx_word' id='word_1_297' title='bbox 1472 2366 1549 2425; x_wconf 83' lang='grc' dir='ltr'>τὸ,</span> <span class='ocrx_word' id='word_1_298' title='bbox 1602 2367 1699 2414; x_wconf 83' lang='grc' dir='ltr'>Καὶ</span> <span class='ocrx_word' id='word_1_299' title='bbox 1754 2368 1922 2436; x_wconf 82' lang='grc' dir='ltr'>χωρὶς</span> 
     </span>
    </p>
   </div>
   <div class='ocr_carea' id='block_1_43' title="bbox 325 2450 1922 2521">
    <p class='ocr_par' dir='ltr' id='par_1_43' title="bbox 325 2450 1922 2521">
     <span class='ocr_line' id='line_1_43' title="bbox 325 2450 1922 2521; baseline -0.001 -18"><span class='ocrx_word' id='word_1_300' title='bbox 325 2452 485 2504; x_wconf 70' lang='grc' dir='ltr'>αὐτοῦ</span> <span class='ocrx_word' id='word_1_301' title='bbox 543 2451 735 2521; x_wconf 77' lang='grc' dir='ltr'>ἐγένετο</span> <span class='ocrx_word' id='word_1_302' title='bbox 789 2450 912 2505; x_wconf 71' lang='grc' dir='ltr'>οὐδὲ</span> <span class='ocrx_word' id='word_1_303' title='bbox 978 2454 1046 2517; x_wconf 81' lang='grc' dir='ltr'>ἓν,</span> <span class='ocrx_word' id='word_1_304' title='bbox 1092 2453 1337 2513; x_wconf 76' lang='grc' dir='ltr'>στίζουσι</span> <span class='ocrx_word' id='word_1_305' title='bbox 1386 2451 1615 2502; x_wconf 68' lang='grc' dir='ltr'>τελείανι</span> <span class='ocrx_word' id='word_1_306' title='bbox 1687 2450 1793 2502; x_wconf 82' lang='grc' dir='ltr'>εἶτα</span> <span class='ocrx_word' id='word_1_307' title='bbox 1865 2456 1922 2502; x_wconf 87' lang='grc' dir='ltr'>τὸ</span> 
     </span>
    </p>
   </div>
   <div class='ocr_carea' id='block_1_44' title="bbox 326 2537 1921 2613">
    <p class='ocr_par' dir='ltr' id='par_1_44' title="bbox 326 2537 1921 2613">
     <span class='ocr_line' id='line_1_44' title="bbox 326 2537 1921 2613; baseline -0.002 -20"><span class='ocrx_word' id='word_1_308' title='bbox 326 2541 439 2604; x_wconf 79' lang='grc' dir='ltr'>ἑξῆς</span> <span class='ocrx_word' id='word_1_309' title='bbox 496 2542 659 2603; x_wconf 74' lang='grc' dir='ltr'>οὕτως</span> <span class='ocrx_word' id='word_1_310' title='bbox 728 2541 1214 2613; x_wconf 75' lang='grc' dir='ltr'>ἀναγινώσκουσιν·</span> <span class='ocrx_word' id='word_1_311' title='bbox 1270 2540 1335 2593; x_wconf 80' lang='grc' dir='ltr'><strong>Ὀ</strong></span> <span class='ocrx_word' id='word_1_312' title='bbox 1386 2545 1589 2610; x_wconf 78' lang='grc' dir='ltr'>γέγονεν</span> <span class='ocrx_word' id='word_1_313' title='bbox 1665 2537 1711 2590; x_wconf 84' lang='grc' dir='ltr'>ἐν</span> <span class='ocrx_word' id='word_1_314' title='bbox 1780 2540 1921 2609; x_wconf 67' lang='grc' dir='ltr'>αὐτῷ</span> 
     </span>
    </p>
   </div>
   <div class='ocr_carea' id='block_1_45' title="bbox 327 2628 1920 2702">
    <p class='ocr_par' dir='ltr' id='par_1_45' title="bbox 327 2628 1920 2702">
     <span class='ocr_line' id='line_1_45' title="bbox 327 2628 1920 2702; baseline -0.002 -20"><span class='ocrx_word' id='word_1_315' title='bbox 327 2633 434 2690; x_wconf 75' lang='grc' dir='ltr'>ζωὴ</span> <span class='ocrx_word' id='word_1_316' title='bbox 486 2628 546 2689; x_wconf 78' lang='grc' dir='ltr'>ἦν</span> <span class='ocrx_word' id='word_1_317' title='bbox 590 2648 601 2660; x_wconf 91' lang='grc'><strong>·</strong></span> <span class='ocrx_word' id='word_1_318' title='bbox 660 2632 743 2682; x_wconf 81' lang='grc' dir='ltr'>ἵνα</span> <span class='ocrx_word' id='word_1_319' title='bbox 788 2636 999 2701; x_wconf 81' lang='grc' dir='ltr'>γενητὸν</span> <span class='ocrx_word' id='word_1_320' title='bbox 1055 2630 1170 2702; x_wconf 82' lang='grc'>(19)</span> <span class='ocrx_word' id='word_1_321' title='bbox 1226 2628 1441 2691; x_wconf 76' lang='grc' dir='ltr'>ὁείξωσι</span> <span class='ocrx_word' id='word_1_322' title='bbox 1489 2631 1546 2678; x_wconf 87' lang='grc' dir='ltr'>τὸ</span> <span class='ocrx_word' id='word_1_323' title='bbox 1605 2634 1808 2699; x_wconf 81' lang='grc' dir='ltr'>Πνεῦμα</span> <span class='ocrx_word' id='word_1_324' title='bbox 1864 2632 1920 2679; x_wconf 85' lang='grc' dir='ltr'>τὸ</span> 
     </span>
    </p>
   </div>
   <div class='ocr_carea' id='block_1_46' title="bbox 325 2716 1922 2793">
    <p class='ocr_par' dir='ltr' id='par_1_46' title="bbox 325 2716 1922 2793">
     <span class='ocr_line' id='line_1_46' title="bbox 325 2716 1922 2793; baseline -0.002 -22"><span class='ocrx_word' id='word_1_325' title='bbox 325 2720 507 2791; x_wconf 79' lang='grc' dir='ltr'>ἅγιον·</span> <span class='ocrx_word' id='word_1_326' title='bbox 570 2726 685 2793; x_wconf 78' lang='grc' dir='ltr'>περὶ</span> <span class='ocrx_word' id='word_1_327' title='bbox 743 2724 927 2772; x_wconf 74' lang='grc' dir='ltr'>τούτου</span> <span class='ocrx_word' id='word_1_328' title='bbox 991 2727 1089 2791; x_wconf 65' lang='grc' dir='ltr'>γαρ</span> <span class='ocrx_word' id='word_1_329' title='bbox 1156 2738 1284 2790; x_wconf 66' lang='grc' dir='ltr'>φασι</span> <span class='ocrx_word' id='word_1_330' title='bbox 1355 2716 1514 2787; x_wconf 81' lang='grc' dir='ltr'>λέγειν</span> <span class='ocrx_word' id='word_1_331' title='bbox 1572 2722 1628 2765; x_wconf 86' lang='grc' dir='ltr'>το</span> <span class='ocrx_word' id='word_1_332' title='bbox 1692 2724 1922 2768; x_wconf 73' lang='grc' dir='ltr'>τοιοῦτον</span> 
     </span>
    </p>
   </div>
   <div class='ocr_carea' id='block_1_47' title="bbox 324 2810 499 2883">
    <p class='ocr_par' dir='ltr' id='par_1_47' title="bbox 324 2810 499 2883">
     <span class='ocr_line' id='line_1_47' title="bbox 324 2810 499 2883; baseline 0.006 -23"><span class='ocrx_word' id='word_1_333' title='bbox 324 2810 499 2883; x_wconf 80' lang='grc' dir='ltr'>ῥητόν.</span> 
     </span>
    </p>
   </div>
   <div class='ocr_carea' id='block_1_48' title="bbox 402 2981 1923 3059">
    <p class='ocr_par' dir='ltr' id='par_1_48' title="bbox 402 2981 1923 3059">
     <span class='ocr_line' id='line_1_48' title="bbox 402 2981 1923 3059; baseline 0.002 -23"><span class='ocrx_word' id='word_1_334' title='bbox 402 2984 733 3055; x_wconf 82' lang='grc' dir='ltr'>Ἐλέγχονται</span> <span class='ocrx_word' id='word_1_335' title='bbox 789 2981 847 3035; x_wconf 75' lang='grc' dir='ltr'>δὲ</span> <span class='ocrx_word' id='word_1_336' title='bbox 924 2988 1144 3054; x_wconf 75' lang='grc' dir='ltr'>ταχέως,</span> <span class='ocrx_word' id='word_1_337' title='bbox 1206 2994 1402 3059; x_wconf 74' lang='grc' dir='ltr'>πρῶτον</span> <span class='ocrx_word' id='word_1_338' title='bbox 1461 2990 1549 3058; x_wconf 74' lang='grc' dir='ltr'>μὲν</span> <span class='ocrx_word' id='word_1_339' title='bbox 1626 2988 1703 3039; x_wconf 86' lang='grc' dir='ltr'>ὅτι</span> <span class='ocrx_word' id='word_1_340' title='bbox 1755 2991 1811 3038; x_wconf 83' lang='grc' dir='ltr'>τὸ</span> <span class='ocrx_word' id='word_1_341' title='bbox 1857 2986 1923 3039; x_wconf 75' lang='grc' dir='ltr'><strong>Ὀ</strong></span> 
     </span>
    </p>
   </div>
   <div class='ocr_carea' id='block_1_49' title="bbox 328 3072 1921 3147">
    <p class='ocr_par' dir='ltr' id='par_1_49' title="bbox 328 3072 1921 3147">
     <span class='ocr_line' id='line_1_49' title="bbox 328 3072 1921 3147; baseline 0.002 -22"><span class='ocrx_word' id='word_1_342' title='bbox 328 3076 549 3145; x_wconf 84' lang='grc' dir='ltr'>γέγονεν,</span> <span class='ocrx_word' id='word_1_343' title='bbox 597 3072 860 3134; x_wconf 81' lang='grc' dir='ltr'>ἁπολύτως</span> <span class='ocrx_word' id='word_1_344' title='bbox 935 3078 1180 3144; x_wconf 84' lang='grc' dir='ltr'>κείμενον,</span> <span class='ocrx_word' id='word_1_345' title='bbox 1248 3081 1347 3126; x_wconf 81' lang='grc' dir='ltr'>πᾶν</span> <span class='ocrx_word' id='word_1_346' title='bbox 1419 3075 1443 3126; x_wconf 85' lang='grc' dir='ltr'><strong>ὃ</strong></span> <span class='ocrx_word' id='word_1_347' title='bbox 1500 3079 1676 3147; x_wconf 80' lang='grc' dir='ltr'>γέγονε</span> <span class='ocrx_word' id='word_1_348' title='bbox 1734 3073 1921 3134; x_wconf 80' lang='grc' dir='ltr'>δηλοῖ·</span> 
     </span>
    </p>
   </div>
   <div class='ocr_carea' id='block_1_50' title="bbox 331 3158 1923 3239">
    <p class='ocr_par' dir='ltr' id='par_1_50' title="bbox 331 3158 1923 3239">
     <span class='ocr_line' id='line_1_50' title="bbox 331 3158 1923 3239; baseline 0.001 -24"><span class='ocrx_word' id='word_1_349' title='bbox 331 3166 506 3215; x_wconf 77' lang='grc' dir='ltr'>ἔπειτα</span> <span class='ocrx_word' id='word_1_350' title='bbox 560 3158 618 3214; x_wconf 68' lang='grc' dir='ltr'>δε</span> <span class='ocrx_word' id='word_1_351' title='bbox 675 3163 755 3214; x_wconf 85' lang='grc' dir='ltr'>ὅτι</span> <span class='ocrx_word' id='word_1_352' title='bbox 811 3165 839 3220; x_wconf 83' lang='grc' dir='ltr'>ἡ</span> <span class='ocrx_word' id='word_1_353' title='bbox 900 3163 1006 3223; x_wconf 77' lang='grc' dir='ltr'>ζωὴ</span> <span class='ocrx_word' id='word_1_354' title='bbox 1079 3163 1209 3220; x_wconf 68' lang='grc' dir='ltr'>αὕτη</span> <span class='ocrx_word' id='word_1_355' title='bbox 1288 3169 1377 3216; x_wconf 86' lang='grc' dir='ltr'>καὶ</span> <span class='ocrx_word' id='word_1_356' title='bbox 1444 3174 1549 3237; x_wconf 79' lang='grc' dir='ltr'>φῶς</span> <span class='ocrx_word' id='word_1_357' title='bbox 1600 3167 1923 3239; x_wconf 71' lang='grc' dir='ltr'>εὑρίσκεται·</span> 
     </span>
    </p>
   </div>
   <div class='ocr_carea' id='block_1_51' title="bbox 330 3250 1931 3327">
    <p class='ocr_par' dir='ltr' id='par_1_51' title="bbox 330 3250 1931 3327">
     <span class='ocr_line' id='line_1_51' title="bbox 330 3250 1931 3327; baseline 0.001 -24"><span class='ocrx_word' id='word_1_358' title='bbox 330 3251 509 3324; x_wconf 58' lang='grc' dir='ltr'>ἐπάγει</span> <span class='ocrx_word' id='word_1_359' title='bbox 539 3255 637 3324; x_wconf 81' lang='grc' dir='ltr'>γὰρ</span> <span class='ocrx_word' id='word_1_360' title='bbox 688 3254 768 3303; x_wconf 86' lang='grc' dir='ltr'>ὅτι</span> <span class='ocrx_word' id='word_1_361' title='bbox 825 3256 923 3304; x_wconf 83' lang='grc' dir='ltr'>Καὶ</span> <span class='ocrx_word' id='word_1_362' title='bbox 981 3254 1009 3309; x_wconf 80' lang='grc' dir='ltr'>ἡ</span> <span class='ocrx_word' id='word_1_363' title='bbox 1076 3252 1183 3312; x_wconf 78' lang='grc' dir='ltr'>ζωὴ</span> <span class='ocrx_word' id='word_1_364' title='bbox 1239 3250 1299 3310; x_wconf 76' lang='grc' dir='ltr'>ἦν</span> <span class='ocrx_word' id='word_1_365' title='bbox 1330 3257 1387 3305; x_wconf 75' lang='grc' dir='ltr'>τὸ</span> <span class='ocrx_word' id='word_1_366' title='bbox 1420 3263 1523 3326; x_wconf 74' lang='grc' dir='ltr'>φὼς</span> <span class='ocrx_word' id='word_1_367' title='bbox 1580 3263 1679 3306; x_wconf 83' lang='grc' dir='ltr'>τῶν</span> <span class='ocrx_word' id='word_1_368' title='bbox 1736 3256 1931 3327; x_wconf 76' lang='grc' dir='ltr'>ἀνθρώ-</span> 
     </span>
    </p>
   </div>
   <div class='ocr_carea' id='block_1_52' title="bbox 329 3338 1926 3414">
    <p class='ocr_par' dir='ltr' id='par_1_52' title="bbox 329 3338 1926 3414">
     <span class='ocr_line' id='line_1_52' title="bbox 329 3338 1926 3414; baseline 0.001 -21"><span class='ocrx_word' id='word_1_369' title='bbox 329 3358 468 3393; x_wconf 86' lang='grc' dir='ltr'>πων·</span> <span class='ocrx_word' id='word_1_370' title='bbox 527 3338 639 3393; x_wconf 83' lang='grc' dir='ltr'>εἷτα</span> <span class='ocrx_word' id='word_1_371' title='bbox 702 3343 833 3413; x_wconf 75' lang='grc' dir='ltr'>μετὰ</span> <span class='ocrx_word' id='word_1_372' title='bbox 886 3344 1092 3412; x_wconf 73' lang='grc' dir='ltr'>μικρὸν,</span> <span class='ocrx_word' id='word_1_373' title='bbox 1148 3346 1265 3414; x_wconf 83' lang='grc' dir='ltr'>περὶ</span> <span class='ocrx_word' id='word_1_374' title='bbox 1304 3350 1395 3393; x_wconf 82' lang='grc' dir='ltr'>τοῦ</span> <span class='ocrx_word' id='word_1_375' title='bbox 1446 3345 1685 3395; x_wconf 81' lang='grc' dir='ltr'>Ἰωάννου</span> <span class='ocrx_word' id='word_1_376' title='bbox 1747 3342 1926 3414; x_wconf 78' lang='grc' dir='ltr'>λέγων,</span> 
     </span>
    </p>
   </div>
   <div class='ocr_carea' id='block_1_53' title="bbox 330 3426 1927 3506">
    <p class='ocr_par' dir='ltr' id='par_1_53' title="bbox 330 3426 1927 3506">
     <span class='ocr_line' id='line_1_53' title="bbox 330 3426 1927 3506; baseline 0.009 -30"><span class='ocrx_word' id='word_1_377' title='bbox 330 3435 526 3502; x_wconf 77' lang='grc' dir='ltr'>φησίν·</span> <span class='ocrx_word' id='word_1_378' title='bbox 574 3431 741 3489; x_wconf 81' lang='grc' dir='ltr'>Οὗτος</span> <span class='ocrx_word' id='word_1_379' title='bbox 792 3426 939 3487; x_wconf 77' lang='grc' dir='ltr'>ἦλθεν</span> <span class='ocrx_word' id='word_1_380' title='bbox 980 3430 1051 3490; x_wconf 84' lang='grc' dir='ltr'>εἰς</span> <span class='ocrx_word' id='word_1_381' title='bbox 1108 3435 1421 3504; x_wconf 79' lang='grc' dir='ltr'>μαρτυρίαν,</span> <span class='ocrx_word' id='word_1_382' title='bbox 1480 3435 1562 3483; x_wconf 83' lang='grc' dir='ltr'>ἱνα</span> <span class='ocrx_word' id='word_1_383' title='bbox 1614 3439 1927 3506; x_wconf 72' lang='grc' dir='ltr'>μαρτυρήσῃ</span> 
     </span>
    </p>
   </div>
   <div class='ocr_carea' id='block_1_54' title="bbox 329 3515 1930 3592">
    <p class='ocr_par' dir='ltr' id='par_1_54' title="bbox 329 3515 1930 3592">
     <span class='ocr_line' id='line_1_54' title="bbox 329 3515 1930 3592; baseline 0.003 -24"><span class='ocrx_word' id='word_1_384' title='bbox 329 3523 446 3589; x_wconf 82' lang='grc' dir='ltr'>περὶ</span> <span class='ocrx_word' id='word_1_385' title='bbox 478 3526 567 3568; x_wconf 72' lang='grc' dir='ltr'>τοι)</span> <span class='ocrx_word' id='word_1_386' title='bbox 604 3521 786 3588; x_wconf 78' lang='grc' dir='ltr'>φωτός.</span> <span class='ocrx_word' id='word_1_387' title='bbox 823 3518 981 3575; x_wconf 60' lang='grc' dir='ltr'>Δῆλον</span> <span class='ocrx_word' id='word_1_388' title='bbox 1015 3515 1073 3570; x_wconf 73' lang='grc' dir='ltr'>δὲ</span> <span class='ocrx_word' id='word_1_389' title='bbox 1106 3521 1184 3569; x_wconf 82' lang='grc' dir='ltr'>ὅτι</span> <span class='ocrx_word' id='word_1_390' title='bbox 1231 3521 1255 3569; x_wconf 82' lang='grc' dir='ltr'><strong>ὁ</strong></span> <span class='ocrx_word' id='word_1_391' title='bbox 1308 3520 1545 3581; x_wconf 62' lang='grc' dir='ltr'>Ἰωάννης</span> <span class='ocrx_word' id='word_1_392' title='bbox 1593 3520 1651 3571; x_wconf 67' lang='grc' dir='ltr'>οὐ</span> <span class='ocrx_word' id='word_1_393' title='bbox 1679 3527 1794 3592; x_wconf 82' lang='grc' dir='ltr'>περὶ</span> <span class='ocrx_word' id='word_1_394' title='bbox 1839 3530 1930 3573; x_wconf 76' lang='grc' dir='ltr'>τοῦ</span> 
     </span>
    </p>
   </div>
   <div class='ocr_carea' id='block_1_55' title="bbox 331 3604 1929 3684">
    <p class='ocr_par' dir='ltr' id='par_1_55' title="bbox 331 3604 1929 3684">
     <span class='ocr_line' id='line_1_55' title="bbox 331 3604 1929 3684; baseline 0.004 -29"><span class='ocrx_word' id='word_1_395' title='bbox 331 3604 482 3675; x_wconf 79' lang='grc' dir='ltr'>ἁγίου</span> <span class='ocrx_word' id='word_1_396' title='bbox 519 3609 835 3677; x_wconf 81' lang='grc' dir='ltr'>[Ινεύματος,</span> <span class='ocrx_word' id='word_1_397' title='bbox 879 3606 1007 3657; x_wconf 66' lang='grc' dir='ltr'>ἀλλὰ</span> <span class='ocrx_word' id='word_1_398' title='bbox 1045 3612 1159 3680; x_wconf 82' lang='grc' dir='ltr'>περὶ</span> <span class='ocrx_word' id='word_1_399' title='bbox 1209 3616 1300 3659; x_wconf 75' lang='grc' dir='ltr'>τοῦ</span> <span class='ocrx_word' id='word_1_400' title='bbox 1344 3610 1466 3661; x_wconf 83' lang='grc' dir='ltr'>Υἱοῡ</span> <span class='ocrx_word' id='word_1_401' title='bbox 1515 3613 1929 3684; x_wconf 78' lang='grc' dir='ltr'>μεμαρτύρηκεν,</span> 
     </span>
    </p>
   </div>
   <div class='ocr_carea' id='block_1_56' title="bbox 331 3696 1019 3767">
    <p class='ocr_par' dir='ltr' id='par_1_56' title="bbox 331 3696 1019 3767">
     <span class='ocr_line' id='line_1_56' title="bbox 331 3696 1019 3767; baseline 0.007 -24"><span class='ocrx_word' id='word_1_402' title='bbox 331 3696 396 3755; x_wconf 81' lang='grc' dir='ltr'>ὡς</span> <span class='ocrx_word' id='word_1_403' title='bbox 425 3702 688 3767; x_wconf 79' lang='grc' dir='ltr'>προῐοντες</span> <span class='ocrx_word' id='word_1_404' title='bbox 715 3696 833 3765; x_wconf 72' lang='grc' dir='ltr'>εὑρη</span> <span class='ocrx_word' id='word_1_405' title='bbox 847 3714 1019 3766; x_wconf 83' lang='grc' dir='ltr'>σομεν.</span> 
     </span>
    </p>
   </div>
   <div class='ocr_carea' id='block_1_57' title="bbox 404 3788 609 3834">
    <p class='ocr_par' dir='ltr' id='par_1_57' title="bbox 404 3788 609 3834">
     <span class='ocr_line' id='line_1_57' title="bbox 404 3788 609 3834; baseline -0.005 0"><span class='ocrx_word' id='word_1_406' title='bbox 404 3788 504 3834; x_wconf 84' lang='grc' dir='ltr'>Καὶ</span> <span class='ocrx_word' id='word_1_407' title='bbox 547 3814 609 3822; x_wconf 81' lang='lat'>~-</span> 
     </span>
    </p>
   </div>
   <div class='ocr_carea' id='block_1_58' title="bbox 331 3870 784 3942">
    <p class='ocr_par' dir='ltr' id='par_1_58' title="bbox 331 3870 784 3942">
     <span class='ocr_line' id='line_1_58' title="bbox 331 3870 784 3942; baseline -0.002 -20"><span class='ocrx_word' id='word_1_408' title='bbox 331 3879 431 3922; x_wconf 80' lang='grc' dir='ltr'>τῶν</span> <span class='ocrx_word' id='word_1_409' title='bbox 486 3870 784 3942; x_wconf 71' lang='grc' dir='ltr'>ἀνθρώπων,</span> 
     </span>
    </p>
   </div>
   <div class='ocr_carea' id='block_1_59' title="bbox 672 3782 1930 3860">
    <p class='ocr_par' dir='ltr' id='par_1_59' title="bbox 672 3782 1930 3860">
     <span class='ocr_line' id='line_1_59' title="bbox 672 3782 1930 3860; baseline 0.004 -26"><span class='ocrx_word' id='word_1_410' title='bbox 672 3782 971 3855; x_wconf 77' lang='grc' dir='ltr'>ἀνθρώπων.</span> <span class='ocrx_word' id='word_1_411' title='bbox 1025 3788 1121 3836; x_wconf 83' lang='grc' dir='ltr'>Καὶ</span> <span class='ocrx_word' id='word_1_412' title='bbox 1178 3785 1334 3846; x_wconf 67' lang='grc' dir='ltr'>αὐτὸς</span> <span class='ocrx_word' id='word_1_413' title='bbox 1368 3787 1393 3836; x_wconf 80' lang='grc' dir='ltr'>ὁ</span> <span class='ocrx_word' id='word_1_414' title='bbox 1442 3788 1559 3848; x_wconf 80' lang='grc' dir='ltr'>Υἱὸς</span> <span class='ocrx_word' id='word_1_415' title='bbox 1614 3785 1673 3844; x_wconf 80' lang='grc' dir='ltr'>ἧν</span> <span class='ocrx_word' id='word_1_416' title='bbox 1723 3793 1777 3839; x_wconf 83' lang='grc' dir='ltr'>τὸ</span> <span class='ocrx_word' id='word_1_417' title='bbox 1831 3798 1930 3860; x_wconf 73' lang='grc' dir='ltr'>φὼς</span> 
     </span>
    </p>
   </div>
   <div class='ocr_carea' id='block_1_60' title="bbox 860 3874 1929 3945">
    <p class='ocr_par' dir='ltr' id='par_1_60' title="bbox 860 3874 1929 3945">
     <span class='ocr_line' id='line_1_60' title="bbox 860 3874 1929 3945; baseline 0.007 -23"><span class='ocrx_word' id='word_1_418' title='bbox 860 3876 929 3934; x_wconf 78' lang='grc' dir='ltr'>ὡς</span> <span class='ocrx_word' id='word_1_419' title='bbox 988 3874 1223 3945; x_wconf 73' lang='grc' dir='ltr'>φωτίζων</span> <span class='ocrx_word' id='word_1_420' title='bbox 1280 3878 1363 3925; x_wconf 77' lang='grc' dir='ltr'>τὸν</span> <span class='ocrx_word' id='word_1_421' title='bbox 1426 3884 1541 3926; x_wconf 71' lang='grc' dir='ltr'>νοῦν</span> <span class='ocrx_word' id='word_1_422' title='bbox 1592 3876 1778 3939; x_wconf 70' lang='grc' dir='ltr'>αὐτῶν,</span> <span class='ocrx_word' id='word_1_423' title='bbox 1841 3884 1929 3929; x_wconf 87' lang='grc' dir='ltr'>καὶ</span> 
     </span>
    </p>
   </div>
   <div class='ocr_carea' id='block_1_61' title="bbox 332 3957 1929 4031">
    <p class='ocr_par' dir='ltr' id='par_1_61' title="bbox 332 3957 1929 4031">
     <span class='ocr_line' id='line_1_61' title="bbox 332 3957 1929 4031; baseline 0.004 -20"><span class='ocrx_word' id='word_1_424' title='bbox 332 3957 541 4031; x_wconf 69' lang='grc' dir='ltr'>ὁδηγῶν</span> <span class='ocrx_word' id='word_1_425' title='bbox 574 3960 675 4011; x_wconf 84' lang='grc' dir='ltr'>ἀπὸ</span> <span class='ocrx_word' id='word_1_426' title='bbox 728 3970 816 4020; x_wconf 80' lang='grc' dir='ltr'>τῆς</span> <span class='ocrx_word' id='word_1_427' title='bbox 870 3965 1061 4022; x_wconf 74' lang='grc' dir='ltr'>πὶάνης</span> <span class='ocrx_word' id='word_1_428' title='bbox 1109 3962 1180 4023; x_wconf 80' lang='grc' dir='ltr'>εἰς</span> <span class='ocrx_word' id='word_1_429' title='bbox 1242 3968 1333 4020; x_wconf 81' lang='grc' dir='ltr'>τὴν</span> <span class='ocrx_word' id='word_1_430' title='bbox 1380 3962 1643 4021; x_wconf 78' lang='grc' dir='ltr'>ἀλήθειαν.</span> <span class='ocrx_word' id='word_1_431' title='bbox 1698 3964 1815 4017; x_wconf 80' lang='grc' dir='ltr'>Ὀτι</span> <span class='ocrx_word' id='word_1_432' title='bbox 1872 3963 1929 4018; x_wconf 78' lang='grc' dir='ltr'>δὲ</span> 
     </span>
    </p>
   </div>
   <div class='ocr_carea' id='block_1_62' title="bbox 332 4048 1930 4123">
    <p class='ocr_par' dir='ltr' id='par_1_62' title="bbox 332 4048 1930 4123">
     <span class='ocr_line' id='line_1_62' title="bbox 332 4048 1930 4123; baseline 0.004 -24"><span class='ocrx_word' id='word_1_433' title='bbox 332 4048 485 4099; x_wconf 65' lang='grc' dir='ltr'>αὐτὸν</span> <span class='ocrx_word' id='word_1_434' title='bbox 516 4052 602 4099; x_wconf 81' lang='grc' dir='ltr'>τὸν</span> <span class='ocrx_word' id='word_1_435' title='bbox 650 4052 767 4101; x_wconf 80' lang='grc' dir='ltr'>Υἱον</span> <span class='ocrx_word' id='word_1_436' title='bbox 818 4051 1053 4121; x_wconf 69' lang='grc' dir='ltr'>ὠνόμασε</span> <span class='ocrx_word' id='word_1_437' title='bbox 1111 4057 1199 4102; x_wconf 80' lang='grc' dir='ltr'>καὶ</span> <span class='ocrx_word' id='word_1_438' title='bbox 1232 4060 1353 4123; x_wconf 79' lang='grc' dir='ltr'>φῶς,</span> <span class='ocrx_word' id='word_1_439' title='bbox 1415 4052 1571 4112; x_wconf 64' lang='grc' dir='ltr'>αὐτὸς</span> <span class='ocrx_word' id='word_1_440' title='bbox 1616 4056 1642 4106; x_wconf 84' lang='grc' dir='ltr'>ὁ</span> <span class='ocrx_word' id='word_1_441' title='bbox 1676 4056 1788 4114; x_wconf 81' lang='grc' dir='ltr'>Υἱὸς</span> <span class='ocrx_word' id='word_1_442' title='bbox 1839 4054 1930 4106; x_wconf 81' lang='grc' dir='ltr'>ἀ).-</span> 
     </span>
    </p>
   </div>
   <div class='ocr_carea' id='block_1_63' title="bbox 329 4137 1929 4213">
    <p class='ocr_par' dir='ltr' id='par_1_63' title="bbox 329 4137 1929 4213">
     <span class='ocr_line' id='line_1_63' title="bbox 329 4137 1929 4213; baseline 0.005 -26"><span class='ocrx_word' id='word_1_443' title='bbox 329 4137 499 4207; x_wconf 72' lang='grc' dir='ltr'>λαχοῡ</span> <span class='ocrx_word' id='word_1_444' title='bbox 543 4156 733 4209; x_wconf 77' lang='grc' dir='ltr'>φησιν’</span> <span class='ocrx_word' id='word_1_445' title='bbox 792 4139 921 4209; x_wconf 81' lang='grc' dir='ltr'><em>Ἐγὼ</em></span> <span class='ocrx_word' id='word_1_446' title='bbox 952 4139 1058 4210; x_wconf 85' lang='grc' dir='ltr'>εἰμι</span> <span class='ocrx_word' id='word_1_447' title='bbox 1112 4144 1169 4193; x_wconf 78' lang='grc' dir='ltr'>τὸ</span> <span class='ocrx_word' id='word_1_448' title='bbox 1216 4150 1319 4212; x_wconf 78' lang='grc' dir='ltr'>φῶς</span> <span class='ocrx_word' id='word_1_449' title='bbox 1365 4149 1456 4193; x_wconf 80' lang='grc' dir='ltr'>τοῦ</span> <span class='ocrx_word' id='word_1_450' title='bbox 1501 4147 1723 4213; x_wconf 83' lang='grc' dir='ltr'>κόσμου·</span> <span class='ocrx_word' id='word_1_451' title='bbox 1768 4142 1929 4195; x_wconf 83' lang='grc' dir='ltr'>Ὥστε</span> 
     </span>
    </p>
   </div>
   <div class='ocr_carea' id='block_1_64' title="bbox 331 4225 1927 4303">
    <p class='ocr_par' dir='ltr' id='par_1_64' title="bbox 331 4225 1927 4303">
     <span class='ocr_line' id='line_1_64' title="bbox 331 4225 1927 4303; baseline 0.006 -27"><span class='ocrx_word' id='word_1_452' title='bbox 331 4228 356 4277; x_wconf 84' lang='grc' dir='ltr'>ὁ</span> <span class='ocrx_word' id='word_1_453' title='bbox 410 4226 561 4285; x_wconf 65' lang='grc' dir='ltr'>αὐτὸς</span> <span class='ocrx_word' id='word_1_454' title='bbox 608 4225 810 4297; x_wconf 81' lang='grc' dir='ltr'>)έγετοιι</span> <span class='ocrx_word' id='word_1_455' title='bbox 865 4233 954 4279; x_wconf 85' lang='grc' dir='ltr'>καὶ</span> <span class='ocrx_word' id='word_1_456' title='bbox 1014 4228 1120 4288; x_wconf 80' lang='grc' dir='ltr'>ζωὴ</span> <span class='ocrx_word' id='word_1_457' title='bbox 1173 4235 1261 4281; x_wconf 77' lang='grc' dir='ltr'>καὶ</span> <span class='ocrx_word' id='word_1_458' title='bbox 1316 4238 1420 4301; x_wconf 76' lang='grc' dir='ltr'>φῶς</span> <span class='ocrx_word' id='word_1_459' title='bbox 1456 4249 1467 4260; x_wconf 77' lang='lat'><strong>&#39;</strong></span> <span class='ocrx_word' id='word_1_460' title='bbox 1529 4231 1636 4291; x_wconf 81' lang='grc' dir='ltr'>ζωὴ</span> <span class='ocrx_word' id='word_1_461' title='bbox 1695 4236 1805 4303; x_wconf 78' lang='grc' dir='ltr'>μὲν,</span> <span class='ocrx_word' id='word_1_462' title='bbox 1861 4236 1927 4295; x_wconf 83' lang='grc' dir='ltr'>ὡς</span> 
     </span>
    </p>
   </div>
   <div class='ocr_carea' id='block_1_65' title="bbox 335 4316 1925 4394">
    <p class='ocr_par' dir='ltr' id='par_1_65' title="bbox 335 4316 1925 4394">
     <span class='ocr_line' id='line_1_65' title="bbox 335 4316 1925 4394; baseline 0.006 -30"><span class='ocrx_word' id='word_1_463' title='bbox 335 4318 597 4385; x_wconf 81' lang='grc' dir='ltr'>ζωογονών</span> <span class='ocrx_word' id='word_1_464' title='bbox 628 4322 717 4367; x_wconf 84' lang='grc' dir='ltr'>καὶ</span> <span class='ocrx_word' id='word_1_465' title='bbox 751 4320 984 4388; x_wconf 82' lang='grc' dir='ltr'>συνέχων</span> <span class='ocrx_word' id='word_1_466' title='bbox 1014 4320 1080 4368; x_wconf 80' lang='grc' dir='ltr'>τὰ</span> <span class='ocrx_word' id='word_1_467' title='bbox 1105 4321 1292 4383; x_wconf 74' lang='grc' dir='ltr'>πάντα,</span> <span class='ocrx_word' id='word_1_468' title='bbox 1327 4328 1433 4391; x_wconf 75' lang='grc' dir='ltr'>φώς</span> <span class='ocrx_word' id='word_1_469' title='bbox 1459 4316 1536 4389; x_wconf 74' lang='grc' dir='ltr'>δὲ,</span> <span class='ocrx_word' id='word_1_470' title='bbox 1563 4323 1630 4382; x_wconf 81' lang='grc' dir='ltr'>ὡς</span> <span class='ocrx_word' id='word_1_471' title='bbox 1664 4324 1925 4394; x_wconf 77' lang='grc' dir='ltr'>κκταλοίμ·</span> 
     </span>
    </p>
   </div>
   <div class='ocr_carea' id='block_1_66' title="bbox 331 4402 1928 4482">
    <p class='ocr_par' dir='ltr' id='par_1_66' title="bbox 331 4402 1928 4482">
     <span class='ocr_line' id='line_1_66' title="bbox 331 4402 1928 4482; baseline 0.004 -28"><span class='ocrx_word' id='word_1_472' title='bbox 331 4425 437 4455; x_wconf 80' lang='grc' dir='ltr'>πων</span> <span class='ocrx_word' id='word_1_473' title='bbox 476 4411 564 4456; x_wconf 82' lang='grc' dir='ltr'>καὶ</span> <span class='ocrx_word' id='word_1_474' title='bbox 592 4402 886 4477; x_wconf 71' lang='grc' dir='ltr'>φαιδρύνων</span> <span class='ocrx_word' id='word_1_475' title='bbox 913 4410 971 4458; x_wconf 83' lang='grc' dir='ltr'>τὸ</span> <span class='ocrx_word' id='word_1_476' title='bbox 998 4407 1304 4478; x_wconf 83' lang='grc' dir='ltr'>ἡγεμονικὸν</span> <span class='ocrx_word' id='word_1_477' title='bbox 1349 4416 1448 4460; x_wconf 79' lang='grc' dir='ltr'>τῶν</span> <span class='ocrx_word' id='word_1_478' title='bbox 1502 4408 1783 4482; x_wconf 71' lang='grc' dir='ltr'>ἀνθρώπων</span> <span class='ocrx_word' id='word_1_479' title='bbox 1830 4420 1928 4461; x_wconf 79' lang='grc' dir='ltr'>τῶν</span> 
     </span>
    </p>
   </div>
   <div class='ocr_carea' id='block_1_67' title="bbox 332 4490 842 4565">
    <p class='ocr_par' dir='ltr' id='par_1_67' title="bbox 332 4490 842 4565">
     <span class='ocr_line' id='line_1_67' title="bbox 332 4490 842 4565; baseline 0.004 -20"><span class='ocrx_word' id='word_1_480' title='bbox 332 4490 628 4565; x_wconf 78' lang='grc' dir='ltr'>δεχομένων</span> <span class='ocrx_word' id='word_1_481' title='bbox 668 4494 842 4548; x_wconf 72' lang='grc' dir='ltr'>αὐτόν.</span> 
     </span>
    </p>
   </div>
   <div class='ocr_carea' id='block_1_68' title="bbox 399 4579 1928 4662">
    <p class='ocr_par' dir='ltr' id='par_1_68' title="bbox 399 4579 1928 4662">
     <span class='ocr_line' id='line_1_68' title="bbox 399 4579 1928 4662; baseline 0.003 -27"><span class='ocrx_word' id='word_1_482' title='bbox 399 4586 542 4645; x_wconf 73' lang='grc' dir='ltr'>Τινὲς</span> <span class='ocrx_word' id='word_1_483' title='bbox 574 4579 632 4636; x_wconf 79' lang='grc' dir='ltr'>δὲ</span> <span class='ocrx_word' id='word_1_484' title='bbox 661 4589 749 4636; x_wconf 84' lang='grc' dir='ltr'>καὶ</span> <span class='ocrx_word' id='word_1_485' title='bbox 774 4587 889 4653; x_wconf 82' lang='grc' dir='ltr'>(2οὶ</span> <span class='ocrx_word' id='word_1_486' title='bbox 930 4587 1065 4648; x_wconf 81' lang='grc' dir='ltr'>ζωὴν</span> <span class='ocrx_word' id='word_1_487' title='bbox 1114 4590 1203 4638; x_wconf 84' lang='grc' dir='ltr'>καὶ</span> <span class='ocrx_word' id='word_1_488' title='bbox 1243 4595 1342 4657; x_wconf 78' lang='grc' dir='ltr'>φῶς</span> <span class='ocrx_word' id='word_1_489' title='bbox 1393 4584 1529 4637; x_wconf 82' lang='grc' dir='ltr'>εἶπον</span> <span class='ocrx_word' id='word_1_490' title='bbox 1582 4590 1640 4639; x_wconf 85' lang='grc' dir='ltr'>τὸ</span> <span class='ocrx_word' id='word_1_491' title='bbox 1679 4593 1928 4662; x_wconf 77' lang='grc' dir='ltr'>κήρυγμα</span> 
     </span>
    </p>
   </div>
   <div class='ocr_carea' id='block_1_69' title="bbox 402 4762 1288 4829">
    <p class='ocr_par' dir='ltr' id='par_1_69' title="bbox 402 4762 1288 4829">
     <span class='ocr_line' id='line_1_69' title="bbox 402 4762 1288 4829; baseline 0 -9"><span class='ocrx_word' id='word_1_492' title='bbox 402 4766 422 4799; x_wconf 79' lang='grc'>⁵</span> <span class='ocrx_word' id='word_1_493' title='bbox 447 4766 610 4820; x_wconf 84' lang='lat' dir='ltr'>Joan.</span> <span class='ocrx_word' id='word_1_494' title='bbox 651 4782 702 4829; x_wconf 77' lang='grc' dir='ltr'>ν,</span> <span class='ocrx_word' id='word_1_495' title='bbox 742 4767 823 4819; x_wconf 76' lang='grc'>17.</span> <span class='ocrx_word' id='word_1_496' title='bbox 905 4768 925 4800; x_wconf 76' lang='grc'><strong><em>⁸</em></strong></span> <span class='ocrx_word' id='word_1_497' title='bbox 958 4770 976 4818; x_wconf 84' lang='grc' dir='ltr'>Ι</span> <span class='ocrx_word' id='word_1_498' title='bbox 1010 4762 1140 4820; x_wconf 89' lang='lat' dir='ltr'>Cor.</span> <span class='ocrx_word' id='word_1_499' title='bbox 1165 4771 1202 4829; x_wconf 89' lang='grc' dir='ltr'>Ι,</span> <span class='ocrx_word' id='word_1_500' title='bbox 1236 4766 1288 4820; x_wconf 87' lang='grc'>9.</span> 
     </span>
    </p>
   </div>
   <div class='ocr_carea' id='block_1_70' title="bbox 1370 4768 1837 4832">
    <p class='ocr_par' dir='ltr' id='par_1_70' title="bbox 1370 4768 1837 4832">
     <span class='ocr_line' id='line_1_70' title="bbox 1370 4768 1837 4832; baseline 0 -11"><span class='ocrx_word' id='word_1_501' title='bbox 1370 4768 1389 4799; x_wconf 83' lang='grc'><strong>⁷</strong></span> <span class='ocrx_word' id='word_1_502' title='bbox 1417 4772 1538 4823; x_wconf 85' lang='lat' dir='ltr'>Act.</span> <span class='ocrx_word' id='word_1_503' title='bbox 1575 4783 1717 4832; x_wconf 84' lang='lat' dir='ltr'>xvn,</span> <span class='ocrx_word' id='word_1_504' title='bbox 1750 4770 1837 4821; x_wconf 79' lang='lat'>28.</span> 
     </span>
    </p>
   </div>
   <div class='ocr_carea' id='block_1_71' title="bbox 1964 2984 2981 3043">
    <p class='ocr_par' dir='ltr' id='par_1_71' title="bbox 1964 2984 2981 3043">
     <span class='ocr_line' id='line_1_71' title="bbox 1964 2984 2981 3043; baseline 0.001 -1"><span class='ocrx_word' id='word_1_505' title='bbox 1964 2988 2002 3042; x_wconf 72' lang='grc' dir='ltr'>(Ξ</span> <span class='ocrx_word' id='word_1_506' title='bbox 2108 2986 2301 3042; x_wconf 85' lang='lat' dir='ltr'>Facile</span> <span class='ocrx_word' id='word_1_507' title='bbox 2357 2990 2560 3041; x_wconf 88' lang='lat' dir='ltr'>autem</span> <span class='ocrx_word' id='word_1_508' title='bbox 2608 2984 2981 3043; x_wconf 87' lang='lat' dir='ltr'>refelluntur.</span> 
     </span>
    </p>
   </div>
   <div class='ocr_carea' id='block_1_72' title="bbox 1936 4768 2399 4831">
    <p class='ocr_par' dir='ltr' id='par_1_72' title="bbox 1936 4768 2399 4831">
     <span class='ocr_line' id='line_1_72' title="bbox 1936 4768 2399 4831; baseline -0.006 -7"><span class='ocrx_word' id='word_1_509' title='bbox 1936 4768 1956 4802; x_wconf 84' lang='grc'><strong><em>⁸</em></strong></span> <span class='ocrx_word' id='word_1_510' title='bbox 1986 4770 2156 4824; x_wconf 84' lang='lat' dir='ltr'>Joan.</span> <span class='ocrx_word' id='word_1_511' title='bbox 2194 4784 2305 4831; x_wconf 68' lang='lat' dir='ltr'>xxv,</span> <span class='ocrx_word' id='word_1_512' title='bbox 2350 4772 2399 4821; x_wconf 82' lang='lat' dir='ltr'>ﬁ.</span> 
     </span>
    </p>
   </div>
   <div class='ocr_carea' id='block_1_73' title="bbox 2036 1910 3697 1989">
    <p class='ocr_par' dir='ltr' id='par_1_73' title="bbox 2036 1910 3697 1989">
     <span class='ocr_line' id='line_1_73' title="bbox 2036 1910 3697 1989; baseline -0.005 -15"><span class='ocrx_word' id='word_1_513' title='bbox 2036 1922 2182 1985; x_wconf 87' lang='lat' dir='ltr'>erat,</span> <span class='ocrx_word' id='word_1_514' title='bbox 2207 1934 2279 1973; x_wconf 90' lang='lat' dir='ltr'>ne</span> <span class='ocrx_word' id='word_1_515' title='bbox 2304 1918 2705 1989; x_wconf 89' lang='lat' dir='ltr'>compositum</span> <span class='ocrx_word' id='word_1_516' title='bbox 2739 1934 2875 1973; x_wconf 92' lang='lat' dir='ltr'>eum</span> <span class='ocrx_word' id='word_1_517' title='bbox 2910 1915 3268 1988; x_wconf 88' lang='lat' dir='ltr'>suspicerisi,</span> <span class='ocrx_word' id='word_1_518' title='bbox 3297 1913 3400 1968; x_wconf 90' lang='lat' dir='ltr'>sed</span> <span class='ocrx_word' id='word_1_519' title='bbox 3429 1910 3697 1967; x_wconf 67' lang='lat' dir='ltr'>vitaafon-</span> 
     </span>
    </p>
   </div>
   <div class='ocr_carea' id='block_1_74' title="bbox 2035 2002 3697 2079">
    <p class='ocr_par' dir='ltr' id='par_1_74' title="bbox 2035 2002 3697 2079">
     <span class='ocr_line' id='line_1_74' title="bbox 2035 2002 3697 2079; baseline -0.007 -14"><span class='ocrx_word' id='word_1_520' title='bbox 2035 2016 2152 2065; x_wconf 88' lang='lat' dir='ltr'>tem</span> <span class='ocrx_word' id='word_1_521' title='bbox 2187 2026 2200 2074; x_wconf 91' lang='lat'><strong>;</strong></span> <span class='ocrx_word' id='word_1_522' title='bbox 2239 2024 2380 2062; x_wconf 89' lang='lat' dir='ltr'>nam</span> <span class='ocrx_word' id='word_1_523' title='bbox 2413 2008 2681 2079; x_wconf 77' lang='lat' dir='ltr'>protinus</span> <span class='ocrx_word' id='word_1_524' title='bbox 2702 2008 2883 2062; x_wconf 90' lang='lat' dir='ltr'>etiam</span> <span class='ocrx_word' id='word_1_525' title='bbox 2917 2012 3105 2061; x_wconf 89' lang='lat' dir='ltr'>totum</span> <span class='ocrx_word' id='word_1_526' title='bbox 3147 2004 3344 2075; x_wconf 87' lang='lat' dir='ltr'>ipsum</span> <span class='ocrx_word' id='word_1_527' title='bbox 3380 2002 3559 2055; x_wconf 82' lang='lat' dir='ltr'>vitam</span> <span class='ocrx_word' id='word_1_528' title='bbox 3592 2016 3697 2055; x_wconf 88' lang='lat' dir='ltr'>no-</span> 
     </span>
    </p>
   </div>
   <div class='ocr_carea' id='block_1_75' title="bbox 2036 2087 3693 2160">
    <p class='ocr_par' dir='ltr' id='par_1_75' title="bbox 2036 2087 3693 2160">
     <span class='ocr_line' id='line_1_75' title="bbox 2036 2087 3693 2160; baseline -0.007 -7"><span class='ocrx_word' id='word_1_529' title='bbox 2036 2098 2244 2160; x_wconf 89' lang='lat' dir='ltr'>minat,</span> <span class='ocrx_word' id='word_1_530' title='bbox 2276 2096 2515 2151; x_wconf 89' lang='lat' dir='ltr'>dicens:</span> <span class='ocrx_word' id='word_1_531' title='bbox 2570 2097 2649 2151; x_wconf 84' lang='lat' dir='ltr'>Et</span> <span class='ocrx_word' id='word_1_532' title='bbox 2700 2103 2826 2152; x_wconf 66' lang='lat' dir='ltr'>vita</span> <span class='ocrx_word' id='word_1_533' title='bbox 2882 2102 3007 2152; x_wconf 81' lang='lat' dir='ltr'>erat</span> <span class='ocrx_word' id='word_1_534' title='bbox 3049 2096 3159 2149; x_wconf 68' lang='lat' dir='ltr'>ius:</span> <span class='ocrx_word' id='word_1_535' title='bbox 3215 2091 3514 2146; x_wconf 82' lang='lat' dir='ltr'>hominum.</span> <span class='ocrx_word' id='word_1_536' title='bbox 3548 2087 3693 2144; x_wconf 88' lang='lat' dir='ltr'>Alibi</span> 
     </span>
    </p>
   </div>
   <div class='ocr_carea' id='block_1_76' title="bbox 2034 2179 3448 2259">
    <p class='ocr_par' dir='ltr' id='par_1_76' title="bbox 2034 2179 3448 2259">
     <span class='ocr_line' id='line_1_76' title="bbox 2034 2179 3448 2259; baseline -0.006 -17"><span class='ocrx_word' id='word_1_537' title='bbox 2034 2202 2273 2259; x_wconf 89' lang='lat' dir='ltr'>quoque</span> <span class='ocrx_word' id='word_1_538' title='bbox 2300 2185 2443 2240; x_wconf 90' lang='lat' dir='ltr'>dicit</span> <span class='ocrx_word' id='word_1_539' title='bbox 2476 2185 2597 2256; x_wconf 92' lang='lat' dir='ltr'>ipse</span> <span class='ocrx_word' id='word_1_540' title='bbox 2626 2184 2909 2250; x_wconf 82' lang='lat' dir='ltr'>Christus,</span> <span class='ocrx_word' id='word_1_541' title='bbox 2948 2187 3075 2255; x_wconf 83' lang='lat' dir='ltr'>Ego</span> <span class='ocrx_word' id='word_1_542' title='bbox 3098 2199 3227 2239; x_wconf 88' lang='lat' dir='ltr'>sum</span> <span class='ocrx_word' id='word_1_543' title='bbox 3250 2183 3366 2238; x_wconf 84' lang='lat' dir='ltr'>vita</span> <span class='ocrx_word' id='word_1_544' title='bbox 3407 2179 3448 2235; x_wconf 79' lang='grc'>⁸.</span> 
     </span>
    </p>
   </div>
   <div class='ocr_carea' id='block_1_77' title="bbox 2105 2363 3695 2435">
    <p class='ocr_par' dir='ltr' id='par_1_77' title="bbox 2105 2363 3695 2435">
     <span class='ocr_line' id='line_1_77' title="bbox 2105 2363 3695 2435; baseline 0 -16"><span class='ocrx_word' id='word_1_545' title='bbox 2105 2365 2211 2430; x_wconf 91' lang='lat' dir='ltr'>Qui</span> <span class='ocrx_word' id='word_1_546' title='bbox 2261 2368 2460 2419; x_wconf 90' lang='lat' dir='ltr'>autem</span> <span class='ocrx_word' id='word_1_547' title='bbox 2520 2363 2760 2434; x_wconf 87' lang='lat' dir='ltr'>Spiritui</span> <span class='ocrx_word' id='word_1_548' title='bbox 2827 2368 3035 2418; x_wconf 89' lang='lat' dir='ltr'>sancto</span> <span class='ocrx_word' id='word_1_549' title='bbox 3098 2364 3393 2424; x_wconf 86' lang='lat' dir='ltr'>resistunt,</span> <span class='ocrx_word' id='word_1_550' title='bbox 3449 2364 3695 2435; x_wconf 85' lang='lat' dir='ltr'>ejusque</span> 
     </span>
    </p>
   </div>
   <div class='ocr_carea' id='block_1_78' title="bbox 2034 2452 3695 2523">
    <p class='ocr_par' dir='ltr' id='par_1_78' title="bbox 2034 2452 3695 2523">
     <span class='ocr_line' id='line_1_78' title="bbox 2034 2452 3695 2523; baseline -0.002 -13"><span class='ocrx_word' id='word_1_551' title='bbox 2034 2459 2307 2510; x_wconf 85' lang='lat' dir='ltr'>naturam</span> <span class='ocrx_word' id='word_1_552' title='bbox 2347 2452 2713 2516; x_wconf 89' lang='lat' dir='ltr'>diminuunt,</span> <span class='ocrx_word' id='word_1_553' title='bbox 2766 2456 2896 2523; x_wconf 91' lang='lat' dir='ltr'>post</span> <span class='ocrx_word' id='word_1_554' title='bbox 2953 2452 3015 2506; x_wconf 92' lang='lat' dir='ltr'>id</span> <span class='ocrx_word' id='word_1_555' title='bbox 3078 2452 3241 2522; x_wconf 90' lang='lat' dir='ltr'>quod</span> <span class='ocrx_word' id='word_1_556' title='bbox 3292 2453 3528 2517; x_wconf 88' lang='lat' dir='ltr'>dicitur,</span> <span class='ocrx_word' id='word_1_557' title='bbox 3570 2452 3695 2506; x_wconf 80' lang='lat' dir='ltr'>Sine</span> 
     </span>
    </p>
   </div>
   <div class='ocr_carea' id='block_1_79' title="bbox 2032 2540 3693 2611">
    <p class='ocr_par' dir='ltr' id='par_1_79' title="bbox 2032 2540 3693 2611">
     <span class='ocr_line' id='line_1_79' title="bbox 2032 2540 3693 2611; baseline 0.001 -15"><span class='ocrx_word' id='word_1_558' title='bbox 2032 2545 2158 2611; x_wconf 81' lang='lat' dir='ltr'>ipso</span> <span class='ocrx_word' id='word_1_559' title='bbox 2177 2544 2396 2609; x_wconf 75' lang='lat' dir='ltr'>factum</span> <span class='ocrx_word' id='word_1_560' title='bbox 2412 2540 2680 2604; x_wconf 83' lang='lat' dir='ltr'>estnihil,</span> <span class='ocrx_word' id='word_1_561' title='bbox 2701 2540 3141 2595; x_wconf 86' lang='lat' dir='ltr'>distinctionem</span> <span class='ocrx_word' id='word_1_562' title='bbox 3161 2544 3429 2595; x_wconf 89' lang='lat' dir='ltr'>statuunt</span> <span class='ocrx_word' id='word_1_563' title='bbox 3447 2556 3459 2604; x_wconf 91' lang='lat'><strong>;</strong></span> <span class='ocrx_word' id='word_1_564' title='bbox 3476 2540 3693 2597; x_wconf 88' lang='lat' dir='ltr'>deinde</span> 
     </span>
    </p>
   </div>
   <div class='ocr_carea' id='block_1_80' title="bbox 2032 2627 3692 2701">
    <p class='ocr_par' dir='ltr' id='par_1_80' title="bbox 2032 2627 3692 2701">
     <span class='ocr_line' id='line_1_80' title="bbox 2032 2627 3692 2701; baseline 0.001 -17"><span class='ocrx_word' id='word_1_565' title='bbox 2032 2630 2197 2701; x_wconf 91' lang='lat' dir='ltr'>quod</span> <span class='ocrx_word' id='word_1_566' title='bbox 2225 2628 2491 2700; x_wconf 87' lang='lat' dir='ltr'>sequitur</span> <span class='ocrx_word' id='word_1_567' title='bbox 2536 2627 2706 2681; x_wconf 87' lang='lat' dir='ltr'>simul</span> <span class='ocrx_word' id='word_1_568' title='bbox 2757 2627 2954 2695; x_wconf 80' lang='lat' dir='ltr'>legunt</span> <span class='ocrx_word' id='word_1_569' title='bbox 2997 2645 3010 2682; x_wconf 88' lang='lat'><strong>:</strong></span> <span class='ocrx_word' id='word_1_570' title='bbox 3048 2628 3211 2695; x_wconf 84' lang='lat' dir='ltr'>Quod</span> <span class='ocrx_word' id='word_1_571' title='bbox 3248 2629 3477 2697; x_wconf 80' lang='lat' dir='ltr'>factum</span> <span class='ocrx_word' id='word_1_572' title='bbox 3497 2635 3598 2691; x_wconf 75' lang='lat' dir='ltr'>est,</span> <span class='ocrx_word' id='word_1_573' title='bbox 3628 2630 3692 2685; x_wconf 89' lang='lat' dir='ltr'>in</span> 
     </span>
    </p>
   </div>
   <div class='ocr_carea' id='block_1_81' title="bbox 2031 2717 3693 2789">
    <p class='ocr_par' dir='ltr' id='par_1_81' title="bbox 2031 2717 3693 2789">
     <span class='ocr_line' id='line_1_81' title="bbox 2031 2717 3693 2789; baseline -0.001 -15"><span class='ocrx_word' id='word_1_574' title='bbox 2031 2721 2154 2789; x_wconf 85' lang='lat' dir='ltr'>ipso</span> <span class='ocrx_word' id='word_1_575' title='bbox 2200 2718 2321 2773; x_wconf 80' lang='lat' dir='ltr'>vita</span> <span class='ocrx_word' id='word_1_576' title='bbox 2371 2723 2510 2783; x_wconf 84' lang='lat' dir='ltr'>erat,</span> <span class='ocrx_word' id='word_1_577' title='bbox 2551 2723 2613 2772; x_wconf 91' lang='lat' dir='ltr'>ut</span> <span class='ocrx_word' id='word_1_578' title='bbox 2635 2717 2917 2788; x_wconf 83' lang='lat' dir='ltr'>Spiritum</span> <span class='ocrx_word' id='word_1_579' title='bbox 2968 2722 3246 2773; x_wconf 90' lang='lat' dir='ltr'>sanctum</span> <span class='ocrx_word' id='word_1_580' title='bbox 3280 2718 3500 2773; x_wconf 83' lang='lat' dir='ltr'>factum</span> <span class='ocrx_word' id='word_1_581' title='bbox 3564 2734 3693 2774; x_wconf 89' lang='lat' dir='ltr'>esse</span> 
     </span>
    </p>
   </div>
   <div class='ocr_carea' id='block_1_82' title="bbox 2031 2804 3693 2879">
    <p class='ocr_par' dir='ltr' id='par_1_82' title="bbox 2031 2804 3693 2879">
     <span class='ocr_line' id='line_1_82' title="bbox 2031 2804 3693 2879; baseline -0.001 -16"><span class='ocrx_word' id='word_1_582' title='bbox 2031 2809 2441 2863; x_wconf 87' lang='lat' dir='ltr'>demonstrent</span> <span class='ocrx_word' id='word_1_583' title='bbox 2472 2823 2484 2872; x_wconf 88' lang='lat'>;</span> <span class='ocrx_word' id='word_1_584' title='bbox 2512 2822 2653 2861; x_wconf 89' lang='lat' dir='ltr'>nam</span> <span class='ocrx_word' id='word_1_585' title='bbox 2674 2806 2747 2861; x_wconf 92' lang='lat' dir='ltr'>de</span> <span class='ocrx_word' id='word_1_586' title='bbox 2772 2822 2904 2877; x_wconf 78' lang='lat' dir='ltr'>ipso</span> <span class='ocrx_word' id='word_1_587' title='bbox 2919 2806 3085 2879; x_wconf 89' lang='lat' dir='ltr'>loqui</span> <span class='ocrx_word' id='word_1_588' title='bbox 3109 2807 3316 2863; x_wconf 89' lang='lat' dir='ltr'>dicunt</span> <span class='ocrx_word' id='word_1_589' title='bbox 3341 2804 3693 2877; x_wconf 88' lang='lat' dir='ltr'>hujusmodi</span> 
     </span>
    </p>
   </div>
   <div class='ocr_carea' id='block_1_83' title="bbox 2031 2897 2301 2953">
    <p class='ocr_par' dir='ltr' id='par_1_83' title="bbox 2031 2897 2301 2953">
     <span class='ocr_line' id='line_1_83' title="bbox 2031 2897 2301 2953; baseline -0.007 0"><span class='ocrx_word' id='word_1_590' title='bbox 2031 2897 2301 2953; x_wconf 85' lang='lat' dir='ltr'>verbum.</span> 
     </span>
    </p>
   </div>
   <div class='ocr_carea' id='block_1_84' title="bbox 3069 2987 3694 3064">
    <p class='ocr_par' dir='ltr' id='par_1_84' title="bbox 3069 2987 3694 3064">
     <span class='ocr_line' id='line_1_84' title="bbox 3069 2987 3694 3064; baseline 0.014 -24"><span class='ocrx_word' id='word_1_591' title='bbox 3069 2987 3332 3043; x_wconf 87' lang='lat' dir='ltr'>Primum</span> <span class='ocrx_word' id='word_1_592' title='bbox 3390 2992 3533 3063; x_wconf 85' lang='lat' dir='ltr'>quia</span> <span class='ocrx_word' id='word_1_593' title='bbox 3555 3010 3694 3064; x_wconf 86' lang='lat' dir='ltr'>pars</span> 
     </span>
    </p>
   </div>
   <div class='ocr_carea' id='block_1_85' title="bbox 2039 3074 3693 3149">
    <p class='ocr_par' dir='ltr' id='par_1_85' title="bbox 2039 3074 3693 3149">
     <span class='ocr_line' id='line_1_85' title="bbox 2039 3074 3693 3149; baseline 0.003 -16"><span class='ocrx_word' id='word_1_594' title='bbox 2039 3076 2158 3146; x_wconf 83' lang='lat' dir='ltr'>illa,</span> <span class='ocrx_word' id='word_1_595' title='bbox 2221 3076 2382 3143; x_wconf 84' lang='lat' dir='ltr'>Quod</span> <span class='ocrx_word' id='word_1_596' title='bbox 2414 3076 2647 3145; x_wconf 81' lang='lat' dir='ltr'>factum</span> <span class='ocrx_word' id='word_1_597' title='bbox 2693 3082 2791 3139; x_wconf 80' lang='lat' dir='ltr'>est,</span> <span class='ocrx_word' id='word_1_598' title='bbox 2821 3074 3180 3146; x_wconf 89' lang='lat' dir='ltr'>indisjuncte</span> <span class='ocrx_word' id='word_1_599' title='bbox 3233 3079 3446 3149; x_wconf 85' lang='lat' dir='ltr'>posita,</span> <span class='ocrx_word' id='word_1_600' title='bbox 3513 3098 3693 3138; x_wconf 92' lang='lat' dir='ltr'>omne</span> 
     </span>
    </p>
   </div>
   <div class='ocr_carea' id='block_1_86' title="bbox 2038 3164 3695 3239">
    <p class='ocr_par' dir='ltr' id='par_1_86' title="bbox 2038 3164 3695 3239">
     <span class='ocr_line' id='line_1_86' title="bbox 2038 3164 3695 3239; baseline 0.004 -18"><span class='ocrx_word' id='word_1_601' title='bbox 2038 3166 2205 3239; x_wconf 92' lang='lat' dir='ltr'>quod</span> <span class='ocrx_word' id='word_1_602' title='bbox 2262 3165 2481 3221; x_wconf 88' lang='lat' dir='ltr'>factum</span> <span class='ocrx_word' id='word_1_603' title='bbox 2513 3169 2600 3220; x_wconf 90' lang='lat' dir='ltr'>est</span> <span class='ocrx_word' id='word_1_604' title='bbox 2638 3164 2878 3220; x_wconf 88' lang='lat' dir='ltr'>indicat.</span> <span class='ocrx_word' id='word_1_605' title='bbox 2926 3165 3145 3220; x_wconf 88' lang='lat' dir='ltr'>Deinde</span> <span class='ocrx_word' id='word_1_606' title='bbox 3186 3168 3328 3238; x_wconf 88' lang='lat' dir='ltr'>quia</span> <span class='ocrx_word' id='word_1_607' title='bbox 3370 3170 3549 3225; x_wconf 89' lang='lat' dir='ltr'>etiam</span> <span class='ocrx_word' id='word_1_608' title='bbox 3576 3170 3695 3227; x_wconf 90' lang='lat' dir='ltr'>vita</span> 
     </span>
    </p>
   </div>
   <div class='ocr_carea' id='block_1_87' title="bbox 2040 3254 3696 3326">
    <p class='ocr_par' dir='ltr' id='par_1_87' title="bbox 2040 3254 3696 3326">
     <span class='ocr_line' id='line_1_87' title="bbox 2040 3254 3696 3326; baseline 0.004 -15"><span class='ocrx_word' id='word_1_609' title='bbox 2040 3256 2255 3311; x_wconf 90' lang='lat' dir='ltr'>dicitur</span> <span class='ocrx_word' id='word_1_610' title='bbox 2274 3271 2402 3311; x_wconf 88' lang='lat' dir='ltr'>esse</span> <span class='ocrx_word' id='word_1_611' title='bbox 2424 3255 2526 3311; x_wconf 85' lang='lat' dir='ltr'>lux</span> <span class='ocrx_word' id='word_1_612' title='bbox 2560 3273 2573 3321; x_wconf 90' lang='lat'>;</span> <span class='ocrx_word' id='word_1_613' title='bbox 2608 3254 2810 3309; x_wconf 87' lang='lat' dir='ltr'>subdit</span> <span class='ocrx_word' id='word_1_614' title='bbox 2850 3254 3011 3309; x_wconf 90' lang='lat' dir='ltr'>enim</span> <span class='ocrx_word' id='word_1_615' title='bbox 3058 3256 3223 3326; x_wconf 91' lang='lat' dir='ltr'>quod</span> <span class='ocrx_word' id='word_1_616' title='bbox 3276 3258 3399 3314; x_wconf 85' lang='lat' dir='ltr'>vita</span> <span class='ocrx_word' id='word_1_617' title='bbox 3430 3267 3557 3315; x_wconf 80' lang='lat' dir='ltr'>erat</span> <span class='ocrx_word' id='word_1_618' title='bbox 3592 3260 3696 3317; x_wconf 67' lang='lat' dir='ltr'>ius:</span> 
     </span>
    </p>
   </div>
   <div class='ocr_carea' id='block_1_88' title="bbox 2042 3342 3695 3415">
    <p class='ocr_par' dir='ltr' id='par_1_88' title="bbox 2042 3342 3695 3415">
     <span class='ocr_line' id='line_1_88' title="bbox 2042 3342 3695 3415; baseline 0.001 -14"><span class='ocrx_word' id='word_1_619' title='bbox 2042 3345 2335 3401; x_wconf 82' lang='lat' dir='ltr'>hominum</span> <span class='ocrx_word' id='word_1_620' title='bbox 2384 3356 2407 3415; x_wconf 85' lang='lat'>,&#39;</span> <span class='ocrx_word' id='word_1_621' title='bbox 2457 3349 2590 3415; x_wconf 91' lang='lat' dir='ltr'>post</span> <span class='ocrx_word' id='word_1_622' title='bbox 2644 3342 2959 3413; x_wconf 89' lang='lat' dir='ltr'>paululum</span> <span class='ocrx_word' id='word_1_623' title='bbox 3012 3349 3205 3399; x_wconf 88' lang='lat' dir='ltr'>autem</span> <span class='ocrx_word' id='word_1_624' title='bbox 3258 3346 3332 3399; x_wconf 92' lang='lat' dir='ltr'>de</span> <span class='ocrx_word' id='word_1_625' title='bbox 3355 3346 3582 3402; x_wconf 84' lang='lat' dir='ltr'>Joanne</span> <span class='ocrx_word' id='word_1_626' title='bbox 3611 3347 3695 3403; x_wconf 85' lang='lat' dir='ltr'>lo-</span> 
     </span>
    </p>
   </div>
   <div class='ocr_carea' id='block_1_89' title="bbox 2040 3432 3694 3506">
    <p class='ocr_par' dir='ltr' id='par_1_89' title="bbox 2040 3432 3694 3506">
     <span class='ocr_line' id='line_1_89' title="bbox 2040 3432 3694 3506; baseline 0.003 -19"><span class='ocrx_word' id='word_1_627' title='bbox 2040 3449 2233 3506; x_wconf 91' lang='lat' dir='ltr'>quens</span> <span class='ocrx_word' id='word_1_628' title='bbox 2260 3433 2365 3487; x_wconf 87' lang='lat' dir='ltr'>ait:</span> <span class='ocrx_word' id='word_1_629' title='bbox 2392 3433 2504 3487; x_wconf 84' lang='lat' dir='ltr'>Hic</span> <span class='ocrx_word' id='word_1_630' title='bbox 2522 3432 2680 3489; x_wconf 82' lang='lat' dir='ltr'>venit</span> <span class='ocrx_word' id='word_1_631' title='bbox 2698 3432 2763 3486; x_wconf 83' lang='lat' dir='ltr'>in</span> <span class='ocrx_word' id='word_1_632' title='bbox 2789 3433 3203 3502; x_wconf 71' lang='lat' dir='ltr'>testimonium,</span> <span class='ocrx_word' id='word_1_633' title='bbox 3218 3440 3282 3489; x_wconf 80' lang='lat' dir='ltr'>ut</span> <span class='ocrx_word' id='word_1_634' title='bbox 3297 3436 3694 3493; x_wconf 78' lang='lat' dir='ltr'>testimonium</span> 
     </span>
    </p>
   </div>
   <div class='ocr_carea' id='block_1_90' title="bbox 2040 3520 3697 3596">
    <p class='ocr_par' dir='ltr' id='par_1_90' title="bbox 2040 3520 3697 3596">
     <span class='ocr_line' id='line_1_90' title="bbox 2040 3520 3697 3596; baseline 0.002 -18"><span class='ocrx_word' id='word_1_635' title='bbox 2040 3521 2375 3589; x_wconf 74' lang='lat' dir='ltr'>perhiberet</span> <span class='ocrx_word' id='word_1_636' title='bbox 2415 3522 2486 3578; x_wconf 87' lang='lat' dir='ltr'>de</span> <span class='ocrx_word' id='word_1_637' title='bbox 2540 3522 2681 3576; x_wconf 81' lang='lat' dir='ltr'>luce.</span> <span class='ocrx_word' id='word_1_638' title='bbox 2739 3520 3111 3577; x_wconf 78' lang='lat' dir='ltr'>Manifsetum</span> <span class='ocrx_word' id='word_1_639' title='bbox 3175 3528 3263 3578; x_wconf 90' lang='lat' dir='ltr'>est</span> <span class='ocrx_word' id='word_1_640' title='bbox 3302 3530 3503 3579; x_wconf 91' lang='lat' dir='ltr'>autem</span> <span class='ocrx_word' id='word_1_641' title='bbox 3535 3525 3697 3596; x_wconf 90' lang='lat' dir='ltr'>quod</span> 
     </span>
    </p>
   </div>
   <div class='ocr_carea' id='block_1_91' title="bbox 2038 3610 3701 3681">
    <p class='ocr_par' dir='ltr' id='par_1_91' title="bbox 2038 3610 3701 3681">
     <span class='ocr_line' id='line_1_91' title="bbox 2038 3610 3701 3681; baseline 0.002 -13"><span class='ocrx_word' id='word_1_642' title='bbox 2038 3615 2295 3668; x_wconf 86' lang='lat' dir='ltr'>Joannes</span> <span class='ocrx_word' id='word_1_643' title='bbox 2326 3628 2445 3667; x_wconf 90' lang='lat' dir='ltr'>non</span> <span class='ocrx_word' id='word_1_644' title='bbox 2478 3612 2547 3666; x_wconf 90' lang='lat' dir='ltr'>de</span> <span class='ocrx_word' id='word_1_645' title='bbox 2599 3610 2814 3681; x_wconf 87' lang='lat' dir='ltr'>Spiritu</span> <span class='ocrx_word' id='word_1_646' title='bbox 2875 3615 3105 3680; x_wconf 87' lang='lat' dir='ltr'>sancto,</span> <span class='ocrx_word' id='word_1_647' title='bbox 3146 3613 3251 3668; x_wconf 86' lang='lat' dir='ltr'>sed</span> <span class='ocrx_word' id='word_1_648' title='bbox 3295 3614 3367 3669; x_wconf 91' lang='lat' dir='ltr'>de</span> <span class='ocrx_word' id='word_1_649' title='bbox 3395 3614 3538 3670; x_wconf 87' lang='lat' dir='ltr'>Filio</span> <span class='ocrx_word' id='word_1_650' title='bbox 3571 3615 3701 3672; x_wconf 89' lang='lat' dir='ltr'>tulit</span> 
     </span>
    </p>
   </div>
   <div class='ocr_carea' id='block_1_92' title="bbox 2042 3700 3590 3771">
    <p class='ocr_par' dir='ltr' id='par_1_92' title="bbox 2042 3700 3590 3771">
     <span class='ocr_line' id='line_1_92' title="bbox 2042 3700 3590 3771; baseline 0.002 -16"><span class='ocrx_word' id='word_1_651' title='bbox 2042 3700 2471 3764; x_wconf 89' lang='lat' dir='ltr'>testimonium,</span> <span class='ocrx_word' id='word_1_652' title='bbox 2503 3700 2657 3754; x_wconf 89' lang='lat' dir='ltr'>sicut</span> <span class='ocrx_word' id='word_1_653' title='bbox 2700 3700 2760 3754; x_wconf 91' lang='lat' dir='ltr'>in</span> <span class='ocrx_word' id='word_1_654' title='bbox 2794 3701 3590 3771; x_wconf 87' lang='lat' dir='ltr'>sequentibusinveniemus.</span> 
     </span>
    </p>
   </div>
   <div class='ocr_carea' id='block_1_93' title="bbox 2114 3788 3688 3861">
    <p class='ocr_par' dir='ltr' id='par_1_93' title="bbox 2114 3788 3688 3861">
     <span class='ocr_line' id='line_1_93' title="bbox 2114 3788 3688 3861; baseline 0.003 -17"><span class='ocrx_word' id='word_1_655' title='bbox 2114 3790 2271 3845; x_wconf 90' lang='lat' dir='ltr'>Vers.</span> <span class='ocrx_word' id='word_1_656' title='bbox 2318 3793 2371 3845; x_wconf 83' lang='grc'>4.</span> <span class='ocrx_word' id='word_1_657' title='bbox 2404 3790 2487 3843; x_wconf 75' lang='lat' dir='ltr'>Et</span> <span class='ocrx_word' id='word_1_658' title='bbox 2516 3819 2581 3830; x_wconf 91' lang='lat'><strong><em>—</em></strong></span> <span class='ocrx_word' id='word_1_659' title='bbox 2619 3788 2938 3845; x_wconf 87' lang='lat' dir='ltr'>hominum.</span> <span class='ocrx_word' id='word_1_660' title='bbox 2977 3789 3164 3845; x_wconf 82' lang='lat' dir='ltr'>Etiam</span> <span class='ocrx_word' id='word_1_661' title='bbox 3188 3791 3312 3861; x_wconf 89' lang='lat' dir='ltr'>ipse</span> <span class='ocrx_word' id='word_1_662' title='bbox 3348 3792 3522 3847; x_wconf 77' lang='lat' dir='ltr'>Filius</span> <span class='ocrx_word' id='word_1_663' title='bbox 3562 3798 3688 3849; x_wconf 89' lang='lat' dir='ltr'>erat</span> 
     </span>
    </p>
   </div>
   <div class='ocr_carea' id='block_1_94' title="bbox 2037 3879 3694 3949">
    <p class='ocr_par' dir='ltr' id='par_1_94' title="bbox 2037 3879 3694 3949">
     <span class='ocr_line' id='line_1_94' title="bbox 2037 3879 3694 3949; baseline 0.002 -15"><span class='ocrx_word' id='word_1_664' title='bbox 2037 3880 2138 3934; x_wconf 86' lang='lat' dir='ltr'>lux</span> <span class='ocrx_word' id='word_1_665' title='bbox 2165 3879 2502 3941; x_wconf 89' lang='lat' dir='ltr'>hominum,</span> <span class='ocrx_word' id='word_1_666' title='bbox 2534 3884 2732 3947; x_wconf 88' lang='lat' dir='ltr'>utpote</span> <span class='ocrx_word' id='word_1_667' title='bbox 2758 3885 3014 3933; x_wconf 89' lang='lat' dir='ltr'>mentem</span> <span class='ocrx_word' id='word_1_668' title='bbox 3038 3880 3694 3949; x_wconf 79' lang='lat' dir='ltr'>ipsorumilluminans,</span> 
     </span>
    </p>
   </div>
   <div class='ocr_carea' id='block_1_95' title="bbox 2038 3967 3695 4034">
    <p class='ocr_par' dir='ltr' id='par_1_95' title="bbox 2038 3967 3695 4034">
     <span class='ocr_line' id='line_1_95' title="bbox 2038 3967 3695 4034; baseline 0.002 -12"><span class='ocrx_word' id='word_1_669' title='bbox 2038 3974 2094 4022; x_wconf 92' lang='lat' dir='ltr'>et</span> <span class='ocrx_word' id='word_1_670' title='bbox 2122 3970 2199 4023; x_wconf 83' lang='lat' dir='ltr'>ab</span> <span class='ocrx_word' id='word_1_671' title='bbox 2232 3967 2743 4023; x_wconf 87' lang='lat' dir='ltr'>errorededucens</span> <span class='ocrx_word' id='word_1_672' title='bbox 2782 3968 2854 4023; x_wconf 90' lang='lat' dir='ltr'>ad</span> <span class='ocrx_word' id='word_1_673' title='bbox 2912 3968 3235 4024; x_wconf 84' lang='lat' dir='ltr'>veritatem.</span> <span class='ocrx_word' id='word_1_674' title='bbox 3264 3970 3433 4034; x_wconf 88' lang='lat' dir='ltr'>Quod</span> <span class='ocrx_word' id='word_1_675' title='bbox 3496 3975 3695 4026; x_wconf 88' lang='lat' dir='ltr'>autem</span> 
     </span>
    </p>
   </div>
   <div class='ocr_carea' id='block_1_96' title="bbox 2037 4056 3697 4129">
    <p class='ocr_par' dir='ltr' id='par_1_96' title="bbox 2037 4056 3697 4129">
     <span class='ocr_line' id='line_1_96' title="bbox 2037 4056 3697 4129; baseline -0.002 -17"><span class='ocrx_word' id='word_1_676' title='bbox 2037 4057 2234 4128; x_wconf 90' lang='lat' dir='ltr'>ipsum</span> <span class='ocrx_word' id='word_1_677' title='bbox 2268 4056 2481 4111; x_wconf 88' lang='lat' dir='ltr'>Filium</span> <span class='ocrx_word' id='word_1_678' title='bbox 2512 4056 2704 4112; x_wconf 90' lang='lat' dir='ltr'>lucem</span> <span class='ocrx_word' id='word_1_679' title='bbox 2739 4057 3090 4123; x_wconf 88' lang='lat' dir='ltr'>nominavit,</span> <span class='ocrx_word' id='word_1_680' title='bbox 3112 4058 3233 4127; x_wconf 91' lang='lat' dir='ltr'>ipse</span> <span class='ocrx_word' id='word_1_681' title='bbox 3263 4058 3697 4129; x_wconf 82' lang='lat' dir='ltr'>quoqueFilius</span> 
     </span>
    </p>
   </div>
   <div class='ocr_carea' id='block_1_97' title="bbox 2038 4145 3697 4219">
    <p class='ocr_par' dir='ltr' id='par_1_97' title="bbox 2038 4145 3697 4219">
     <span class='ocr_line' id='line_1_97' title="bbox 2038 4145 3697 4219; baseline 0 -17"><span class='ocrx_word' id='word_1_682' title='bbox 2038 4146 2177 4202; x_wconf 87' lang='lat' dir='ltr'>alibi</span> <span class='ocrx_word' id='word_1_683' title='bbox 2210 4145 2350 4202; x_wconf 87' lang='lat' dir='ltr'>dicit</span> <span class='ocrx_word' id='word_1_684' title='bbox 2384 4162 2395 4200; x_wconf 94' lang='lat'>:</span> <span class='ocrx_word' id='word_1_685' title='bbox 2442 4147 2569 4201; x_wconf 84' lang='lat' dir='ltr'>Eua</span> <span class='ocrx_word' id='word_1_686' title='bbox 2606 4161 2735 4201; x_wconf 87' lang='lat' dir='ltr'>sum</span> <span class='ocrx_word' id='word_1_687' title='bbox 2780 4147 2889 4201; x_wconf 77' lang='lat' dir='ltr'>tua:</span> <span class='ocrx_word' id='word_1_688' title='bbox 2924 4145 3134 4214; x_wconf 85' lang='lat' dir='ltr'>mgndi</span> <span class='ocrx_word' id='word_1_689' title='bbox 3163 4147 3204 4201; x_wconf 75' lang='grc' dir='ltr'>θ.</span> <span class='ocrx_word' id='word_1_690' title='bbox 3240 4147 3461 4202; x_wconf 88' lang='lat' dir='ltr'>Dicitur</span> <span class='ocrx_word' id='word_1_691' title='bbox 3497 4148 3697 4219; x_wconf 85' lang='lat' dir='ltr'>itaque</span> 
     </span>
    </p>
   </div>
   <div class='ocr_carea' id='block_1_98' title="bbox 2038 4233 3697 4305">
    <p class='ocr_par' dir='ltr' id='par_1_98' title="bbox 2038 4233 3697 4305">
     <span class='ocr_line' id='line_1_98' title="bbox 2038 4233 3697 4305; baseline 0.001 -16"><span class='ocrx_word' id='word_1_692' title='bbox 2038 4238 2094 4290; x_wconf 91' lang='lat' dir='ltr'>et</span> <span class='ocrx_word' id='word_1_693' title='bbox 2131 4235 2229 4289; x_wconf 80' lang='lat' dir='ltr'>lux</span> <span class='ocrx_word' id='word_1_694' title='bbox 2259 4241 2314 4289; x_wconf 90' lang='lat' dir='ltr'>et</span> <span class='ocrx_word' id='word_1_695' title='bbox 2344 4233 2458 4289; x_wconf 81' lang='lat' dir='ltr'>vita</span> <span class='ocrx_word' id='word_1_696' title='bbox 2486 4250 2497 4288; x_wconf 91' lang='lat'>:</span> <span class='ocrx_word' id='word_1_697' title='bbox 2531 4234 2648 4289; x_wconf 86' lang='lat' dir='ltr'>vita</span> <span class='ocrx_word' id='word_1_698' title='bbox 2680 4234 2924 4305; x_wconf 83' lang='lat' dir='ltr'>quidem</span> <span class='ocrx_word' id='word_1_699' title='bbox 2961 4239 3252 4305; x_wconf 87' lang='lat' dir='ltr'>tanquam</span> <span class='ocrx_word' id='word_1_700' title='bbox 3282 4235 3586 4291; x_wconf 75' lang='lat' dir='ltr'>vivificaris</span> <span class='ocrx_word' id='word_1_701' title='bbox 3627 4251 3697 4290; x_wconf 86' lang='lat' dir='ltr'>ac</span> 
     </span>
    </p>
   </div>
   <div class='ocr_carea' id='block_1_99' title="bbox 2038 4322 3700 4395">
    <p class='ocr_par' dir='ltr' id='par_1_99' title="bbox 2038 4322 3700 4395">
     <span class='ocr_line' id='line_1_99' title="bbox 2038 4322 3700 4395; baseline -0.001 -15"><span class='ocrx_word' id='word_1_702' title='bbox 2038 4324 2349 4380; x_wconf 89' lang='lat' dir='ltr'>continens</span> <span class='ocrx_word' id='word_1_703' title='bbox 2383 4324 2663 4379; x_wconf 86' lang='lat' dir='ltr'>universa</span> <span class='ocrx_word' id='word_1_704' title='bbox 2707 4339 2720 4389; x_wconf 89' lang='lat'>;</span> <span class='ocrx_word' id='word_1_705' title='bbox 2748 4322 2850 4378; x_wconf 85' lang='lat' dir='ltr'>lux</span> <span class='ocrx_word' id='word_1_706' title='bbox 2883 4339 3039 4386; x_wconf 90' lang='lat' dir='ltr'>vero,</span> <span class='ocrx_word' id='word_1_707' title='bbox 3073 4323 3241 4395; x_wconf 89' lang='lat' dir='ltr'>quasi</span> <span class='ocrx_word' id='word_1_708' title='bbox 3276 4323 3619 4379; x_wconf 88' lang='lat' dir='ltr'>illuminans</span> <span class='ocrx_word' id='word_1_709' title='bbox 3642 4327 3700 4379; x_wconf 88' lang='lat' dir='ltr'>et</span> 
     </span>
    </p>
   </div>
   <div class='ocr_carea' id='block_1_100' title="bbox 2039 4412 3695 4484">
    <p class='ocr_par' dir='ltr' id='par_1_100' title="bbox 2039 4412 3695 4484">
     <span class='ocr_line' id='line_1_100' title="bbox 2039 4412 3695 4484; baseline -0.001 -17"><span class='ocrx_word' id='word_1_710' title='bbox 2039 4413 2377 4469; x_wconf 80' lang='lat' dir='ltr'>exhilarans</span> <span class='ocrx_word' id='word_1_711' title='bbox 2414 4417 2674 4468; x_wconf 88' lang='lat' dir='ltr'>mentem</span> <span class='ocrx_word' id='word_1_712' title='bbox 2690 4412 3032 4477; x_wconf 89' lang='lat' dir='ltr'>hominum,</span> <span class='ocrx_word' id='word_1_713' title='bbox 3050 4413 3143 4483; x_wconf 92' lang='lat' dir='ltr'>qui</span> <span class='ocrx_word' id='word_1_714' title='bbox 3170 4412 3368 4484; x_wconf 90' lang='lat' dir='ltr'>ipsum</span> <span class='ocrx_word' id='word_1_715' title='bbox 3391 4413 3695 4483; x_wconf 88' lang='lat' dir='ltr'>recipiunt.</span> 
     </span>
    </p>
   </div>
   <div class='ocr_carea' id='block_1_101' title="bbox 2113 4588 3708 4657">
    <p class='ocr_par' dir='ltr' id='par_1_101' title="bbox 2113 4588 3708 4657">
     <span class='ocr_line' id='line_1_101' title="bbox 2113 4588 3708 4657; baseline 0.001 -16"><span class='ocrx_word' id='word_1_716' title='bbox 2113 4589 2370 4653; x_wconf 89' lang='lat' dir='ltr'>Quidam</span> <span class='ocrx_word' id='word_1_717' title='bbox 2426 4594 2625 4642; x_wconf 87' lang='lat' dir='ltr'>autem</span> <span class='ocrx_word' id='word_1_718' title='bbox 2672 4588 2855 4641; x_wconf 88' lang='lat' dir='ltr'>vitam</span> <span class='ocrx_word' id='word_1_719' title='bbox 2890 4604 2957 4641; x_wconf 89' lang='lat' dir='ltr'>ac</span> <span class='ocrx_word' id='word_1_720' title='bbox 3002 4588 3708 4657; x_wconf 67' lang='lat' dir='ltr'>lucemdicuntlﬁvange-~</span> 
     </span>
    </p>
   </div>
   <div class='ocr_carea' id='block_1_102' title="bbox 2480 4768 2987 4835">
    <p class='ocr_par' dir='ltr' id='par_1_102' title="bbox 2480 4768 2987 4835">
     <span class='ocr_line' id='line_1_102' title="bbox 2480 4768 2987 4835; baseline 0.002 -16"><span class='ocrx_word' id='word_1_721' title='bbox 2480 4769 2499 4801; x_wconf 72' lang='lat'><strong>9</strong></span> <span class='ocrx_word' id='word_1_722' title='bbox 2526 4768 2669 4821; x_wconf 86' lang='lat' dir='ltr'>Joan</span> <span class='ocrx_word' id='word_1_723' title='bbox 2764 4782 2875 4835; x_wconf 83' lang='lat' dir='ltr'>vui,</span> <span class='ocrx_word' id='word_1_724' title='bbox 2910 4770 2987 4820; x_wconf 82' lang='lat' dir='ltr'>l2.</span> 
     </span>
    </p>
   </div>
   <div class='ocr_carea' id='block_1_103' title="bbox 1542 4944 2457 5013">
    <p class='ocr_par' dir='ltr' id='par_1_103' title="bbox 1542 4944 2457 5013">
     <span class='ocr_line' id='line_1_103' title="bbox 1542 4944 2457 5013; baseline 0 -3"><span class='ocrx_word' id='word_1_725' title='bbox 1542 4944 1763 5011; x_wconf 78' lang='lat' dir='ltr'>Variae</span> <span class='ocrx_word' id='word_1_726' title='bbox 1804 4944 2129 5013; x_wconf 88' lang='lat' dir='ltr'>lectiones</span> <span class='ocrx_word' id='word_1_727' title='bbox 2163 4957 2228 5011; x_wconf 89' lang='lat' dir='ltr'>et</span> <span class='ocrx_word' id='word_1_728' title='bbox 2259 4951 2457 5011; x_wconf 69' lang='lat' dir='ltr'>notae.</span> 
     </span>
    </p>
   </div>
   <div class='ocr_carea' id='block_1_104' title="bbox 402 5135 1928 5213">
    <p class='ocr_par' dir='ltr' id='par_1_104' title="bbox 402 5135 1928 5213">
     <span class='ocr_line' id='line_1_104' title="bbox 402 5135 1928 5213; baseline 0.006 -23"><span class='ocrx_word' id='word_1_729' title='bbox 402 5135 512 5213; x_wconf 9' lang='lat'>(£76)</span> <span class='ocrx_word' id='word_1_730' title='bbox 556 5143 743 5212; x_wconf 85' lang='grc' dir='ltr'>Λῆροι,</span> <span class='ocrx_word' id='word_1_731' title='bbox 787 5138 861 5213; x_wconf 85' lang='lat' dir='ltr'>de</span> <span class='ocrx_word' id='word_1_732' title='bbox 905 5139 1251 5213; x_wconf 84' lang='lat' dir='ltr'>hominibus</span> <span class='ocrx_word' id='word_1_733' title='bbox 1285 5140 1621 5210; x_wconf 83' lang='lat' dir='ltr'>nugacibus</span> <span class='ocrx_word' id='word_1_734' title='bbox 1640 5141 1810 5213; x_wconf 81' lang='lat' dir='ltr'>ipsis.</span> <span class='ocrx_word' id='word_1_735' title='bbox 1843 5143 1928 5199; x_wconf 85' lang='lat' dir='ltr'>Ita</span> 
     </span>
    </p>
   </div>
   <div class='ocr_carea' id='block_1_105' title="bbox 329 5206 1403 5283">
    <p class='ocr_par' dir='ltr' id='par_1_105' title="bbox 329 5206 1403 5283">
     <span class='ocr_line' id='line_1_105' title="bbox 329 5206 1403 5283; baseline 0.007 -24"><span class='ocrx_word' id='word_1_736' title='bbox 329 5206 512 5283; x_wconf 69' lang='lat' dir='ltr'>Plato.</span> <span class='ocrx_word' id='word_1_737' title='bbox 546 5225 602 5283; x_wconf 93' lang='lat' dir='ltr'>p.</span> <span class='ocrx_word' id='word_1_738' title='bbox 638 5206 757 5283; x_wconf 65' lang='lat'>251.</span> <span class='ocrx_word' id='word_1_739' title='bbox 796 5211 959 5283; x_wconf 79' lang='lat' dir='ltr'>Diog.</span> <span class='ocrx_word' id='word_1_740' title='bbox 1005 5212 1192 5275; x_wconf 87' lang='lat' dir='ltr'>Laert,</span> <span class='ocrx_word' id='word_1_741' title='bbox 1227 5228 1284 5283; x_wconf 92' lang='lat' dir='ltr'>p.</span> <span class='ocrx_word' id='word_1_742' title='bbox 1318 5206 1403 5268; x_wconf 51' lang='lat'><strong>99&#39;.</strong></span> 
     </span>
    </p>
   </div>
   <div class='ocr_carea' id='block_1_106' title="bbox 400 5225 1926 5361">
    <p class='ocr_par' dir='ltr' id='par_1_106' title="bbox 400 5225 1926 5361">
     <span class='ocr_line' id='line_1_106' title="bbox 400 5225 1403 5334; baseline 0.004 -72"><span class='ocrx_word' id='word_1_743' title='bbox 400 5225 512 5263; x_wconf 73' lang='lat' dir='ltr'>ato.</span> <span class='ocrx_word' id='word_1_744' title='bbox 638 5225 757 5263; x_wconf 73' lang='lat'>251.</span> <span class='ocrx_word' id='word_1_745' title='bbox 796 5225 959 5277; x_wconf 85' lang='lat' dir='ltr'>Uiog.</span> <span class='ocrx_word' id='word_1_746' title='bbox 1005 5225 1192 5275; x_wconf 80' lang='lat' dir='ltr'>Laert,</span> <span class='ocrx_word' id='word_1_747' title='bbox 1227 5228 1284 5283; x_wconf 91' lang='lat' dir='ltr'>p.</span> <span class='ocrx_word' id='word_1_748' title='bbox 1318 5225 1403 5268; x_wconf 74' lang='grc' dir='ltr'>νυ.</span> 
     </span>
     <span class='ocr_line' id='line_1_107' title="bbox 400 5279 1926 5361; baseline 0.004 -28"><span class='ocrx_word' id='word_1_749' title='bbox 400 5281 512 5361; x_wconf 70' lang='grc' dir='ltr'>(Ιῖ)</span> <span class='ocrx_word' id='word_1_750' title='bbox 591 5279 799 5361; x_wconf 70' lang='lat' dir='ltr'>reviter</span> <span class='ocrx_word' id='word_1_751' title='bbox 827 5282 901 5361; x_wconf 83' lang='lat' dir='ltr'>de</span> <span class='ocrx_word' id='word_1_752' title='bbox 929 5281 1055 5361; x_wconf 39' lang='lat' dir='ltr'>hac.</span> <span class='ocrx_word' id='word_1_753' title='bbox 1075 5298 1143 5361; x_wconf 73' lang='lat' dir='ltr'>re</span> <span class='ocrx_word' id='word_1_754' title='bbox 1165 5285 1367 5361; x_wconf 79' lang='lat' dir='ltr'>monui</span> <span class='ocrx_word' id='word_1_755' title='bbox 1388 5283 1456 5361; x_wconf 79' lang='lat' dir='ltr'>in</span> <span class='ocrx_word' id='word_1_756' title='bbox 1481 5300 1611 5339; x_wconf 84' lang='lat' dir='ltr'>mea</span> <span class='ocrx_word' id='word_1_757' title='bbox 1640 5287 1702 5340; x_wconf 87' lang='lat' dir='ltr'>N.</span> <span class='ocrx_word' id='word_1_758' title='bbox 1733 5287 1926 5361; x_wconf 61' lang='lat' dir='ltr'>Testa-</span> 
     </span>
    </p>
   </div>
   <div class='ocr_carea' id='block_1_107' title="bbox 332 5352 1927 5421">
    <p class='ocr_par' dir='ltr' id='par_1_107' title="bbox 332 5352 1927 5421">
     <span class='ocr_line' id='line_1_108' title="bbox 332 5352 1927 5421; baseline 0.004 -16"><span class='ocrx_word' id='word_1_759' title='bbox 332 5353 512 5407; x_wconf 89' lang='lat' dir='ltr'>menti</span> <span class='ocrx_word' id='word_1_760' title='bbox 533 5352 791 5407; x_wconf 87' lang='lat' dir='ltr'>editione</span> <span class='ocrx_word' id='word_1_761' title='bbox 821 5353 897 5408; x_wconf 81' lang='lat' dir='ltr'>ad</span> <span class='ocrx_word' id='word_1_762' title='bbox 930 5352 1187 5408; x_wconf 90' lang='lat' dir='ltr'>Corinth.</span> <span class='ocrx_word' id='word_1_763' title='bbox 1224 5372 1275 5421; x_wconf 93' lang='lat' dir='ltr'>p.</span> <span class='ocrx_word' id='word_1_764' title='bbox 1309 5359 1432 5417; x_wconf 88' lang='lat' dir='ltr'>2l3,</span> <span class='ocrx_word' id='word_1_765' title='bbox 1475 5363 1617 5411; x_wconf 87' lang='lat' dir='ltr'>nota</span> <span class='ocrx_word' id='word_1_766' title='bbox 1652 5362 1696 5408; x_wconf 80' lang='lat' dir='ltr'>t.</span> <span class='ocrx_word' id='word_1_767' title='bbox 1733 5356 1927 5411; x_wconf 86' lang='lat' dir='ltr'>Distri-</span> 
     </span>
    </p>
   </div>
   <div class='ocr_carea' id='block_1_108' title="bbox 328 5421 1924 5494">
    <p class='ocr_par' dir='ltr' id='par_1_108' title="bbox 328 5421 1924 5494">
     <span class='ocr_line' id='line_1_109' title="bbox 328 5421 1924 5494; baseline 0.005 -18"><span class='ocrx_word' id='word_1_768' title='bbox 328 5421 593 5494; x_wconf 81' lang='lat' dir='ltr'>buebant</span> <span class='ocrx_word' id='word_1_769' title='bbox 620 5429 819 5494; x_wconf 78' lang='lat' dir='ltr'>autem</span> <span class='ocrx_word' id='word_1_770' title='bbox 850 5424 929 5479; x_wconf 91' lang='lat' dir='ltr'>illi</span> <span class='ocrx_word' id='word_1_771' title='bbox 983 5424 1426 5494; x_wconf 63' lang='lat' dir='ltr'>praepositiones</span> <span class='ocrx_word' id='word_1_772' title='bbox 1466 5427 1566 5481; x_wconf 89' lang='lat' dir='ltr'>ita.</span> <span class='ocrx_word' id='word_1_773' title='bbox 1622 5428 1729 5492; x_wconf 68' lang='grc' dir='ltr'>Ἧι,</span> <span class='ocrx_word' id='word_1_774' title='bbox 1767 5427 1924 5483; x_wconf 84' lang='lat' dir='ltr'>Patri</span> 
     </span>
    </p>
   </div>
   <div class='ocr_carea' id='block_1_109' title="bbox 331 5490 1636 5565">
    <p class='ocr_par' dir='ltr' id='par_1_109' title="bbox 331 5490 1636 5565">
     <span class='ocr_line' id='line_1_110' title="bbox 331 5490 1636 5565; baseline 0.006 -20"><span class='ocrx_word' id='word_1_775' title='bbox 331 5490 443 5565; x_wconf 55' lang='lat' dir='ltr'>ate,</span> <span class='ocrx_word' id='word_1_776' title='bbox 478 5493 615 5548; x_wconf 87' lang='lat' dir='ltr'>Filio</span> <span class='ocrx_word' id='word_1_777' title='bbox 644 5513 655 5551; x_wconf 89' lang='lat'>:</span> <span class='ocrx_word' id='word_1_778' title='bbox 682 5492 751 5555; x_wconf 76' lang='grc' dir='ltr'>ἐν,</span> <span class='ocrx_word' id='word_1_779' title='bbox 778 5490 1013 5565; x_wconf 72' lang='lat' dir='ltr'>Spiritui</span> <span class='ocrx_word' id='word_1_780' title='bbox 1043 5490 1247 5552; x_wconf 80' lang='lat' dir='ltr'>sancto</span> <span class='ocrx_word' id='word_1_781' title='bbox 1279 5497 1636 5553; x_wconf 81' lang='lat' dir='ltr'>tribuebant.</span> 
     </span>
    </p>
   </div>
   <div class='ocr_carea' id='block_1_110' title="bbox 401 5564 1922 5636">
    <p class='ocr_par' dir='ltr' id='par_1_110' title="bbox 401 5564 1922 5636">
     <span class='ocr_line' id='line_1_111' title="bbox 401 5564 1922 5636; baseline 0.005 -17"><span class='ocrx_word' id='word_1_782' title='bbox 401 5564 514 5636; x_wconf 87' lang='lat' dir='ltr'>(t8)</span> <span class='ocrx_word' id='word_1_783' title='bbox 542 5566 660 5620; x_wconf 90' lang='lat' dir='ltr'>Suo</span> <span class='ocrx_word' id='word_1_784' title='bbox 693 5564 927 5636; x_wconf 77' lang='lat' dir='ltr'>iureita</span> <span class='ocrx_word' id='word_1_785' title='bbox 954 5566 1342 5624; x_wconf 83' lang='lat' dir='ltr'>distinxerunt</span> <span class='ocrx_word' id='word_1_786' title='bbox 1372 5569 1922 5627; x_wconf 83' lang='lat' dir='ltr'>Pneumatomachi.</span> 
     </span>
    </p>
   </div>
   <div class='ocr_carea' id='block_1_111' title="bbox 330 5634 1917 5716">
    <p class='ocr_par' dir='ltr' id='par_1_111' title="bbox 330 5634 1917 5716">
     <span class='ocr_line' id='line_1_112' title="bbox 330 5634 1917 5716; baseline 0.003 -26"><span class='ocrx_word' id='word_1_787' title='bbox 330 5634 556 5716; x_wconf 52' lang='lat' dir='ltr'>Etenim</span> <span class='ocrx_word' id='word_1_788' title='bbox 581 5634 888 5716; x_wconf 68' lang='lat' dir='ltr'>Origenes,</span> <span class='ocrx_word' id='word_1_789' title='bbox 925 5638 1340 5716; x_wconf 70' lang='lat' dir='ltr'>hzereticorum</span> <span class='ocrx_word' id='word_1_790' title='bbox 1379 5642 1650 5716; x_wconf 78' lang='lat' dir='ltr'>omnium</span> <span class='ocrx_word' id='word_1_791' title='bbox 1683 5657 1917 5716; x_wconf 82' lang='lat' dir='ltr'>parens,</span> 
     </span>
    </p>
   </div>
   <div class='ocr_carea' id='block_1_112' title="bbox 328 5707 1921 5775">
    <p class='ocr_par' dir='ltr' id='par_1_112' title="bbox 328 5707 1921 5775">
     <span class='ocr_line' id='line_1_113' title="bbox 328 5707 1921 5775; baseline 0.005 -17"><span class='ocrx_word' id='word_1_792' title='bbox 328 5707 408 5760; x_wconf 86' lang='lat' dir='ltr'>ita</span> <span class='ocrx_word' id='word_1_793' title='bbox 438 5722 559 5763; x_wconf 92' lang='lat' dir='ltr'>non</span> <span class='ocrx_word' id='word_1_794' title='bbox 604 5707 801 5763; x_wconf 89' lang='lat' dir='ltr'>solum</span> <span class='ocrx_word' id='word_1_795' title='bbox 832 5709 1200 5775; x_wconf 84' lang='lat' dir='ltr'>distinxerat,</span> <span class='ocrx_word' id='word_1_796' title='bbox 1236 5711 1341 5767; x_wconf 88' lang='lat' dir='ltr'>sed</span> <span class='ocrx_word' id='word_1_797' title='bbox 1393 5712 1472 5769; x_wconf 87' lang='lat' dir='ltr'>ita</span> <span class='ocrx_word' id='word_1_798' title='bbox 1519 5707 1773 5769; x_wconf 47' lang='lat' dir='ltr'>adeo—in</span> <span class='ocrx_word' id='word_1_799' title='bbox 1802 5712 1921 5768; x_wconf 83' lang='lat' dir='ltr'>suis</span> 
     </span>
    </p>
   </div>
   <div class='ocr_carea' id='block_1_113' title="bbox 328 5779 1917 5855">
    <p class='ocr_par' dir='ltr' id='par_1_113' title="bbox 328 5779 1917 5855">
     <span class='ocr_line' id='line_1_114' title="bbox 328 5779 1917 5855; baseline 0.004 -22"><span class='ocrx_word' id='word_1_800' title='bbox 328 5787 628 5850; x_wconf 87' lang='lat' dir='ltr'>repererat</span> <span class='ocrx_word' id='word_1_801' title='bbox 656 5779 977 5837; x_wconf 79' lang='lat' dir='ltr'>codicibus.</span> <span class='ocrx_word' id='word_1_802' title='bbox 999 5780 1143 5837; x_wconf 87' lang='lat' dir='ltr'>Vide</span> <span class='ocrx_word' id='word_1_803' title='bbox 1165 5782 1427 5840; x_wconf 84' lang='lat' dir='ltr'>hominis</span> <span class='ocrx_word' id='word_1_804' title='bbox 1460 5784 1663 5841; x_wconf 83' lang='lat' dir='ltr'>vesani</span> <span class='ocrx_word' id='word_1_805' title='bbox 1702 5800 1917 5855; x_wconf 82' lang='lat' dir='ltr'>nugas,</span> 
     </span>
    </p>
   </div>
   <div class='ocr_carea' id='block_1_114' title="bbox 2041 5139 3696 5212">
    <p class='ocr_par' dir='ltr' id='par_1_114' title="bbox 2041 5139 3696 5212">
     <span class='ocr_line' id='line_1_115' title="bbox 2041 5139 3696 5212; baseline 0.001 -17"><span class='ocrx_word' id='word_1_806' title='bbox 2041 5142 2092 5196; x_wconf 88' lang='lat' dir='ltr'>si</span> <span class='ocrx_word' id='word_1_807' title='bbox 2160 5140 2366 5212; x_wconf 87' lang='lat' dir='ltr'>placet,</span> <span class='ocrx_word' id='word_1_808' title='bbox 2443 5146 2586 5196; x_wconf 90' lang='lat' dir='ltr'>tom.</span> <span class='ocrx_word' id='word_1_809' title='bbox 2658 5139 2770 5212; x_wconf 71' lang='lat' dir='ltr'>IV,</span> <span class='ocrx_word' id='word_1_810' title='bbox 2832 5157 2868 5211; x_wconf 94' lang='lat' dir='ltr'>p</span> <span class='ocrx_word' id='word_1_811' title='bbox 2924 5140 3229 5212; x_wconf 12' lang='lat'>2070,26</span> <span class='ocrx_word' id='word_1_812' title='bbox 3298 5142 3357 5205; x_wconf 88' lang='lat' dir='ltr'>E,</span> <span class='ocrx_word' id='word_1_813' title='bbox 3407 5143 3474 5196; x_wconf 86' lang='lat'><strong>36</strong></span> <span class='ocrx_word' id='word_1_814' title='bbox 3507 5140 3569 5205; x_wconf 81' lang='grc' dir='ltr'>Β,</span> <span class='ocrx_word' id='word_1_815' title='bbox 3627 5144 3696 5197; x_wconf 78' lang='grc'>64</span> 
     </span>
    </p>
   </div>
   <div class='ocr_carea' id='block_1_115' title="bbox 2039 5210 3696 5283">
    <p class='ocr_par' dir='ltr' id='par_1_115' title="bbox 2039 5210 3696 5283">
     <span class='ocr_line' id='line_1_116' title="bbox 2039 5210 3696 5283; baseline 0.001 -15"><span class='ocrx_word' id='word_1_816' title='bbox 2039 5214 2098 5281; x_wconf 90' lang='grc' dir='ltr'>Β,</span> <span class='ocrx_word' id='word_1_817' title='bbox 2126 5210 2191 5281; x_wconf 76' lang='lat'>69</span> <span class='ocrx_word' id='word_1_818' title='bbox 2220 5213 2283 5277; x_wconf 88' lang='lat' dir='ltr'>A,</span> <span class='ocrx_word' id='word_1_819' title='bbox 2335 5218 2401 5267; x_wconf 87' lang='lat'>77</span> <span class='ocrx_word' id='word_1_820' title='bbox 2438 5214 2497 5273; x_wconf 84' lang='grc' dir='ltr'>Β.</span> <span class='ocrx_word' id='word_1_821' title='bbox 2554 5217 2609 5267; x_wconf 90' lang='lat' dir='ltr'>et</span> <span class='ocrx_word' id='word_1_822' title='bbox 2655 5211 2721 5283; x_wconf 69' lang='lat'>7&#39;2</span> <span class='ocrx_word' id='word_1_823' title='bbox 2748 5210 3023 5277; x_wconf 35' lang='lat' dir='ltr'>A,’E,ubi</span> <span class='ocrx_word' id='word_1_824' title='bbox 3049 5210 3280 5267; x_wconf 88' lang='lat' dir='ltr'>codices</span> <span class='ocrx_word' id='word_1_825' title='bbox 3316 5212 3459 5266; x_wconf 83' lang='lat' dir='ltr'>istos</span> <span class='ocrx_word' id='word_1_826' title='bbox 3491 5213 3696 5283; x_wconf 78' lang='lat' dir='ltr'>appel-</span> 
     </span>
    </p>
   </div>
   <div class='ocr_carea' id='block_1_116' title="bbox 2035 5282 3694 5417">
    <p class='ocr_par' dir='ltr' id='par_1_116' title="bbox 2035 5282 3694 5417">
     <span class='ocr_line' id='line_1_117' title="bbox 2035 5282 3694 5417; baseline -0.002 -77"><span class='ocrx_word' id='word_1_827' title='bbox 2035 5284 2138 5417; x_wconf 54' lang='lat' dir='ltr'>lcat,</span> <span class='ocrx_word' id='word_1_828' title='bbox 2170 5291 2325 5409; x_wconf 41' lang='lat' dir='ltr'>regis;</span> <span class='ocrx_word' id='word_1_829' title='bbox 2364 5283 2576 5339; x_wconf 88' lang='lat' dir='ltr'>iisdem</span> <span class='ocrx_word' id='word_1_830' title='bbox 2609 5282 2847 5349; x_wconf 88' lang='lat' dir='ltr'>scilicet,</span> <span class='ocrx_word' id='word_1_831' title='bbox 2891 5299 3045 5339; x_wconf 87' lang='lat' dir='ltr'>vers.</span> <span class='ocrx_word' id='word_1_832' title='bbox 3080 5286 3113 5338; x_wconf 77' lang='grc'><strong>4</strong></span> <span class='ocrx_word' id='word_1_833' title='bbox 3145 5283 3352 5339; x_wconf 91' lang='lat' dir='ltr'>laudat</span> <span class='ocrx_word' id='word_1_834' title='bbox 3382 5302 3396 5336; x_wconf 90' lang='lat'><strong>:</strong></span> <span class='ocrx_word' id='word_1_835' title='bbox 3427 5282 3513 5338; x_wconf 87' lang='grc' dir='ltr'>Ἐν</span> <span class='ocrx_word' id='word_1_836' title='bbox 3538 5282 3694 5356; x_wconf 66' lang='grc' dir='ltr'>αὐτῷ</span> 
     </span>
     <span class='ocr_line' id='line_1_118' title="bbox 2072 5376 2348 5417; baseline 0.007 -10"><span class='ocrx_word' id='word_1_837' title='bbox 2072 5376 2161 5417; x_wconf 86' lang='grc' dir='ltr'>ωη,</span> <span class='ocrx_word' id='word_1_838' title='bbox 2333 5391 2348 5409; x_wconf 78' lang='grc' dir='ltr'><strong><em>ο</em></strong></span> 
     </span>
    </p>
   </div>
   <div class='ocr_carea' id='block_1_117' title="bbox 2072 5360 2348 5419">
    <p class='ocr_par' dir='ltr' id='par_1_117' title="bbox 2072 5360 2348 5419">
     <span class='ocr_line' id='line_1_119' title="bbox 2072 5360 2348 5419; baseline 0.007 -12"><span class='ocrx_word' id='word_1_839' title='bbox 2072 5361 2161 5419; x_wconf 80' lang='grc' dir='ltr'>ωὴ,</span> <span class='ocrx_word' id='word_1_840' title='bbox 2184 5360 2348 5409; x_wconf 79' lang='grc' dir='ltr'><strong>ΕΣΤΙ.</strong></span> 
     </span>
    </p>
   </div>
   <div class='ocr_carea' id='block_1_118' title="bbox 2104 5419 3693 5497">
    <p class='ocr_par' dir='ltr' id='par_1_118' title="bbox 2104 5419 3693 5497">
     <span class='ocr_line' id='line_1_120' title="bbox 2104 5419 3693 5497; baseline 0.001 -16"><span class='ocrx_word' id='word_1_841' title='bbox 2104 5427 2217 5497; x_wconf 78' lang='grc'>(19)</span> <span class='ocrx_word' id='word_1_842' title='bbox 2248 5419 2523 5495; x_wconf 72' lang='lat' dir='ltr'>Quilibet,</span> <span class='ocrx_word' id='word_1_843' title='bbox 2543 5430 2603 5481; x_wconf 94' lang='lat' dir='ltr'>ut</span> <span class='ocrx_word' id='word_1_844' title='bbox 2632 5426 2902 5497; x_wconf 81' lang='lat' dir='ltr'>arbitror,</span> <span class='ocrx_word' id='word_1_845' title='bbox 2928 5426 3178 5481; x_wconf 87' lang='lat' dir='ltr'>istorum</span> <span class='ocrx_word' id='word_1_846' title='bbox 3206 5430 3472 5481; x_wconf 85' lang='lat' dir='ltr'>veterum</span> <span class='ocrx_word' id='word_1_847' title='bbox 3495 5426 3693 5484; x_wconf 89' lang='lat' dir='ltr'>Pneu-</span> 
     </span>
    </p>
   </div>
   <div class='ocr_carea' id='block_1_119' title="bbox 2034 5496 3679 5555">
    <p class='ocr_par' dir='ltr' id='par_1_119' title="bbox 2034 5496 3679 5555">
     <span class='ocr_line' id='line_1_121' title="bbox 2034 5496 3679 5555; baseline 0 -2"><span class='ocrx_word' id='word_1_848' title='bbox 2034 5496 2558 5553; x_wconf 27' lang='lat' dir='ltr'>mato’machornm</span> <span class='ocrx_word' id='word_1_849' title='bbox 2598 5496 2905 5552; x_wconf 87' lang='lat' dir='ltr'>stultitiam</span> <span class='ocrx_word' id='word_1_850' title='bbox 2923 5498 3167 5552; x_wconf 89' lang='lat' dir='ltr'>miratur</span> <span class='ocrx_word' id='word_1_851' title='bbox 3201 5513 3338 5555; x_wconf 89' lang='lat' dir='ltr'>:nos</span> <span class='ocrx_word' id='word_1_852' title='bbox 3366 5502 3567 5553; x_wconf 86' lang='lat' dir='ltr'>autem</span> <span class='ocrx_word' id='word_1_853' title='bbox 3600 5514 3679 5553; x_wconf 90' lang='lat' dir='ltr'>re-</span> 
     </span>
    </p>
   </div>
   <div class='ocr_carea' id='block_1_120' title="bbox 2032 5568 3691 5639">
    <p class='ocr_par' dir='ltr' id='par_1_120' title="bbox 2032 5568 3691 5639">
     <span class='ocr_line' id='line_1_122' title="bbox 2032 5568 3691 5639; baseline -0.001 -14"><span class='ocrx_word' id='word_1_854' title='bbox 2032 5570 2356 5625; x_wconf 87' lang='lat' dir='ltr'>centiorum</span> <span class='ocrx_word' id='word_1_855' title='bbox 2376 5569 3191 5639; x_wconf 82' lang='lat' dir='ltr'>Hyopneumatomachorum</span> <span class='ocrx_word' id='word_1_856' title='bbox 3211 5568 3481 5624; x_wconf 89' lang='lat' dir='ltr'>insanias</span> <span class='ocrx_word' id='word_1_857' title='bbox 3500 5568 3691 5624; x_wconf 88' lang='lat' dir='ltr'>admi-</span> 
     </span>
    </p>
   </div>
   <div class='ocr_carea' id='block_1_121' title="bbox 2030 5638 3689 5711">
    <p class='ocr_par' dir='ltr' id='par_1_121' title="bbox 2030 5638 3689 5711">
     <span class='ocr_line' id='line_1_123' title="bbox 2030 5638 3689 5711; baseline -0.001 -15"><span class='ocrx_word' id='word_1_858' title='bbox 2030 5657 2237 5696; x_wconf 84' lang='lat' dir='ltr'>ramur</span> <span class='ocrx_word' id='word_1_859' title='bbox 2266 5646 2322 5695; x_wconf 91' lang='lat' dir='ltr'>et</span> <span class='ocrx_word' id='word_1_860' title='bbox 2350 5638 2588 5702; x_wconf 84' lang='lat' dir='ltr'>chartis,</span> <span class='ocrx_word' id='word_1_861' title='bbox 2625 5646 2685 5695; x_wconf 92' lang='lat' dir='ltr'>ut</span> <span class='ocrx_word' id='word_1_862' title='bbox 2720 5645 2950 5706; x_wconf 84' lang='lat' dir='ltr'>vocant,</span> <span class='ocrx_word' id='word_1_863' title='bbox 2976 5638 3689 5711; x_wconf 75' lang='lat' dir='ltr'>mcumenicis(allgemei-</span> 
     </span>
    </p>
   </div>
   <div class='ocr_carea' id='block_1_122' title="bbox 2029 5710 2969 5781">
    <p class='ocr_par' dir='ltr' id='par_1_122' title="bbox 2029 5710 2969 5781">
     <span class='ocr_line' id='line_1_124' title="bbox 2029 5710 2969 5781; baseline -0.002 -12"><span class='ocrx_word' id='word_1_864' title='bbox 2029 5712 2167 5781; x_wconf 85' lang='lat' dir='ltr'>nen)</span> <span class='ocrx_word' id='word_1_865' title='bbox 2193 5710 2507 5780; x_wconf 80' lang='lat' dir='ltr'>vulgamus</span> <span class='ocrx_word' id='word_1_866' title='bbox 2535 5715 2592 5765; x_wconf 89' lang='lat' dir='ltr'>et</span> <span class='ocrx_word' id='word_1_867' title='bbox 2625 5711 2969 5769; x_wconf 89' lang='lat' dir='ltr'>laudamus.</span> 
     </span>
    </p>
   </div>
   <div class='ocr_carea' id='block_1_123' title="bbox 2099 5780 2620 5855">
    <p class='ocr_par' dir='ltr' id='par_1_123' title="bbox 2099 5780 2620 5855">
     <span class='ocr_line' id='line_1_125' title="bbox 2099 5780 2620 5855; baseline -0.004 -18"><span class='ocrx_word' id='word_1_868' title='bbox 2099 5780 2214 5855; x_wconf 81' lang='lat'>(20)</span> <span class='ocrx_word' id='word_1_869' title='bbox 2242 5788 2333 5835; x_wconf 82' lang='grc' dir='ltr'>Σαὶ</span> <span class='ocrx_word' id='word_1_870' title='bbox 2363 5781 2532 5839; x_wconf 85' lang='lat' dir='ltr'>abest</span> <span class='ocrx_word' id='word_1_871' title='bbox 2556 5780 2620 5836; x_wconf 89' lang='lat' dir='ltr'>A.</span> 
     </span>
    </p>
   </div>
  </div>
