4144 6314
531 270 670 353 liis

1901 259 2248 327 EUTHYMII
2283 259 2634 329 ZIGABENI

3808 269 3959 326 1116

526 397 703 455 licam
747 400 1255 473 prmdicationem,
1296 416 1481 474 quam
1533 399 1881 456 hominibus
1928 395 2191 463 adduxit,

2318 405 2395 449 roﬁ
2419 400 2750 474 Εὖαγγελίου,
2784 403 2810 455 ὃ
2840 402 3067 475 ἐπήγαγε
3102 409 3211 463 τοῖς
3260 399 3558 474 ἀνθρωποις,
3624 400 3712 458 ὡς
3770 398 3959 447 αἴτιον

527 491 730 558 utpote
757 506 1005 546 causam
1040 490 1178 545 vitae
1211 490 1531 561 spiritualis
1553 505 1622 543 ac
1644 487 1995 559 cognitionis
2023 485 2190 541 lucis.

598 572 759 627 Vers.
818 580 864 629 5.
899 576 975 629 Et
999 575 1105 630 lux
1142 607 1188 616 κ-
1206 575 1787 643 comprehenderunt.
1824 576 2037 628 Lucem
2062 569 2196 642 qui-

528 660 667 717 dem
692 668 860 719 vocat
882 664 1390 736 praedicationem,
1412 669 1651 736 propter
1677 662 1896 719 dictam
1920 675 2193 743 causam,

529 753 588 805 et
640 757 882 822 prOpter
938 755 1245 809 veritatem
1302 772 1315 809 :
1375 753 1650 809 tenebras
1703 768 1842 807 vero
1905 764 2190 816 errorem,

529 844 768 911 propter
845 841 1180 898 falsitatem.
1240 843 1384 898 Dicit
1450 857 1593 912 ergo
1670 859 1683 896 :
1743 839 2080 896 Praedicatio
2131 838 2191 892 in

528 942 718 984 errore
755 929 930 997 lucet,
981 938 1037 987 et
1065 947 1227 987 error
1255 948 1388 987 eam
1422 948 1539 987 non
1575 929 2047 1001 comprehendit.

598 1016 909 1088 Gregorius
941 1025 1140 1076 autem
1170 1020 1506 1093 Theologus
1545 1020 1770 1075 dictum
1806 1018 2049 1073 verbum
2081 1016 2192 1072 ali-

527 1108 613 1161 ter
637 1105 920 1180 intelligit,
951 1125 1228 1165 sermone
1256 1125 1434 1182 quem
1461 1108 1605 1166 facit
1628 1109 1688 1163 in
1704 1111 1912 1163 sancta
1936 1105 2187 1168 lumina,

526 1196 739 1250 Verum
772 1203 967 1268 potest
1017 1202 1072 1253 et
1100 1198 1254 1254 hanc
1283 1204 1341 1254 et
1378 1197 1542 1254 illam
1596 1197 1854 1268 recipere
1906 1196 2191 1267 interpre-

531 1285 838 1341 tationem.

602 1374 746 1429 Cum
777 1390 914 1448 ergo
937 1376 1222 1433 hactenus
1253 1377 1619 1446 evangelista
1641 1376 1715 1431 de
1737 1376 1865 1432 Filii
1889 1374 2194 1429 divinitate

527 1466 872 1530 asseruerit,
903 1473 1337 1539 consequenter
1365 1468 1506 1523 hinc
1561 1465 1952 1537 Evangelium
1984 1477 2196 1533 aggre-

531 1551 702 1609 ditur.

610 1647 771 1702 Vers.
802 1645 855 1700 6.
909 1646 1047 1701 Fuit
1079 1677 1146 1686 -—
1183 1646 1449 1703 Joannes.
1479 1647 1665 1701 Lucas
1693 1651 1893 1701 autem
1921 1642 2148 1714 scripsit
2175 1659 2188 1697 :

2300 495 2390 541 καὶ
2414 490 2558 552 ζωῆς
2588 501 2935 565 πνευματικῆς
2964 498 3052 545 καὶ
3084 495 3251 565 ’φωτός
3279 495 3533 561 γνώσεως.

2376 585 2473 631 Καὶ
2507 584 2563 632 τό
2608 592 2707 653 φῶς
2750 614 2815 622 -
2846 580 3109 634 κατέλαϐε.
3164 587 3268 640 Φῶς
3325 582 3413 650 μεν
3482 577 3734 628 ἐνταῦθα
3800 572 3959 624 κοιλεί

2301 671 2357 719 τό
2383 675 2631 743 κήρυγμα
2659 668 2751 723 διά
2804 692 2856 723 τε
2886 676 2979 729 τὴν
3008 672 3258 745 ῥηθεῖσαν
3304 668 3495 730 αἰτίαν,
3536 670 3643 717 παὶ
3702 661 3816 716 διὰ
3855 668 3954 720 τήν

2302 756 2544 815 ἀλήθειαν
2568 778 2578 788 ·
2612 765 2824 813 σκοτίαν
2861 757 2919 812 δὲ
2947 765 3040 818 τὴν
3065 758 3262 815 πλάνην
3296 754 3389 809 διὰ
3418 760 3476 807 τό
3500 749 3749 825 ψεῦδος.
3787 755 3956 821 Λέγει

2299 854 2421 917 γοῦν
2448 849 2527 899 ὅτι
2551 852 2621 900 Τό
2651 854 2901 922 κήρυγμα
2925 847 2973 900 ἐν
3105 848 3268 920 πλάνη
3295 846 3505 919 λάμπει,
3532 847 3629 895 καὶ
3669 843 3706 899 ἡ
3766 839 3948 895 πλάνη

2301 936 2359 986 οὗ
2386 941 2698 1009 περιεγένετο
2731 938 2890 989 αὐτοῦ
2917 939 3053 1006 (21).

2371 1024 2429 1076 Ὀ
2482 1022 2542 1077 δὲ
2593 1026 2846 1098 Θεολόγος
2903 1030 3187 1100 Γρηγόριος
3238 1025 3418 1096 ἑτέρως
3477 1025 3535 1074 τὸ
3580 1021 3776 1095 ῥητὸν
3846 1015 3950 1080 έξι⁸

2297 1113 2479 1167 λάϐετο
2537 1114 2585 1166 ἐν
2646 1123 2717 1185 τῷ
2771 1114 2839 1177 εἰς
2888 1116 2955 1166 τὰ
3023 1114 3150 1186 ἅγια
3206 1122 3349 1185 φῶτα
3391 1111 3545 1183 λόγῳ,
3618 1105 3950 1179 δυνάμενον

2299 1208 2388 1255 καὶ
2455 1205 2651 1261 ταύτην
2720 1202 2962 1260 κάκείνην
3019 1198 3362 1265 ἐπιδέξασθαι
3435 1199 3547 1271 (22)
3623 1202 3745 1256 τὴν
3829 1194 3947 1258 ἐξήο

2299 1311 2478 1364 γησιν.

2371 1386 2547 1452 Μέχρι
2595 1378 2653 1434 δε
2690 1385 2875 1433 τούτου
2926 1378 3230 1453 διαλεχθεὶς
3282 1381 3306 1431 ό
3358 1375 3769 1449 εὖαγγελιστὴς
3824 1376 3942 1446 περὶ

2297 1479 2393 1531 τῆς
2435 1479 2526 1522 τοῦ
2556 1473 2679 1522 Υἰοῦ
2722 1473 2977 1536 θεότητος,
3025 1468 3249 1522 ἐντεῦθεν
3298 1467 3476 1520 λοιπὸν
3528 1467 3793 1538 ἄρχεται
3852 1468 3943 1514 τοῦ

2302 1559 2636 1631 Εὗαγγελίου.

2370 1650 2600 1717 Ἐγένετο
2668 1681 2727 1689 -
2781 1650 3035 1708 Ἰωάννης.
3094 1647 3154 1698 Ὀ
3231 1643 3291 1699 δὲ
3350 1650 3556 1704 Λουκᾶς
3640 1641 3932 1716 ἔγραψεν·

529 1739 779 1795 Factum
810 1741 894 1792 est
935 1735 1173 1792 verbum
1214 1737 1325 1792 Dei
1348 1752 1527 1805 super
1546 1736 1837 1793 Joannem
1886 1733 2193 1790 Zachariw

2321 1742 2529 1809 Εγένετο
2570 1740 2717 1813 ῥῆμα
2747 1745 2879 1792 Θεοῦ
2929 1737 3014 1790 ἐπὶ
3064 1732 3306 1794 Ἰωάννην
3353 1738 3441 1787 τόν
3490 1740 3582 1785 τοῦ
3635 1735 3939 1805 Ζαχαρίου

529 1827 725 1897 ﬁlium
761 1825 822 1880 in
849 1825 1074 1881 deserto
1096 1826 1165 1877 ¹⁰.

600 1917 768 1971 Vers.
800 1920 859 1970 ’7.
898 1914 1014 1969 Hic
1044 1945 1111 1954 -—
1141 1915 1288 1970 luce.
1320 1915 1442 1970 Lux
1466 1914 1811 1984 intelligitur
1833 1914 1948 1969 hoc
1969 1912 2029 1967 in
2060 1912 2193 1968 loco

531 2005 795 2061 Christus
844 2007 1087 2075 prOpter
1143 2018 1387 2058 causam
1432 2003 1599 2074 prius
1647 2004 1960 2058 redditam.
1998 2003 2194 2060 Perhi-

529 2093 659 2150 buit
711 2096 910 2149 autem
968 2091 1230 2146 Joannes
1283 2091 1689 2147 testimonium
1756 2092 1832 2146 de
1882 2092 2195 2150 divinitate

530 2181 743 2254 ipsius,
777 2180 926 2235 sicut
957 2195 1016 2235 1n
1064 2181 1453 2253 sequentibus
1509 2180 1755 2252 patebit.
1788 2182 1936 2237 Cum
1993 2187 2195 2239 autem

531 2269 795 2327 Christus
820 2268 1002 2340 hujus
1030 2268 1362 2324 testimonio
1393 2284 1513 2324 non
1547 2274 1761 2342 egeret,
1812 2269 2197 2341 subjungitur

534 2360 716 2417 etiam
741 2374 927 2414 causa
961 2357 1297 2414 testimonii.
1336 2357 1513 2414 Addit
1541 2358 1739 2414 enim:

609 2450 771 2506 Vers.
832 2450 884 2502 7.
947 2449 1020 2505 Ut
1080 2479 1150 2488 —
1196 2447 1385 2504 illum.
1451 2449 1975 2514 Quemadmodum
2036 2451 2196 2506 enim

542 2554 721 2596 carne
777 2537 1043 2594 vestitus.
1099 2541 1211 2603 est,
1251 2552 1326 2591 ne
1366 2538 1528 2592 nuda
1582 2537 1887 2594 divinitate
1917 2539 2200 2612 apposita

543 2644 752 2685 omnes
792 2628 1065 2700 perderet
1095 2644 1107 2681 :
1158 2631 1238 2682 ita
1267 2643 1501 2699 quoque
1529 2628 1868 2683 testimonio
1915 2645 2061 2683 usus
2089 2633 2195 2691 est.

545 2725 611 2774 ut
646 2717 836 2772 Judaei
882 2716 1119 2785 cognati
1176 2717 1420 2771 Joannis
1468 2731 1674 2772 vocem
1728 2717 2059 2784 audientes,
2095 2734 2201 2790 per

545 2823 680 2863 eam
709 2808 1017 2861 crederent
1074 2805 1301 2861 facilius
1346 2806 1403 2860 in
1458 2821 1597 2861 eum
1650 2807 1722 2862 de
1754 2823 1876 2878 quo
1931 2808 2197 2864 testifica-

543 2895 741 2959 batur,
782 2893 991 2950 omnia
1021 2894 1312 2965 siquidem
1342 2894 1412 2949 ad
1453 2895 1769 2950 hominum
1801 2895 2049 2952 salutem
2081 2896 2200 2952 dis-

541 2999 653 3055 pos
664 2982 761 3038 uit.

610 3074 868 3127 Joannes
897 3070 1097 3142 itaque
1149 3070 1556 3127 testimonium
1592 3071 1913 3143 perhibuit,
1957 3076 2019 3127 ut
2073 3089 2199 3129 om-

536 3176 645 3217 nes
693 3158 1019 3226 crederent,
1064 3174 1185 3215 non
1234 3175 1446 3215 omnes
1504 3165 1703 3217 tamen
1760 3161 2192 3222 crediderunt;

536 3249 689 3306 ﬁdes
717 3248 876 3304 enim
910 3263 1031 3304 non
1060 3255 1148 3303 est
1175 3253 1401 3316 coacta,
1442 3249 1547 3305 sed
1589 3249 1942 3306 voluntaria.

611 3341 770 3394 Vers.
803 3341 855 3394 8.
887 3338 1019 3394 Non
1048 3369 1111 3379 —
1161 3341 1311 3395 luce.
1374 3339 1583 3395 Adhuc
1613 3340 1919 3395 missionis
1950 3357 2195 3396 causam

541 3427 825 3485 declarat.
862 3434 1064 3500 Neque
1103 3428 1260 3483 enim
1300 3428 1463 3484 venit
1503 3432 1567 3484 ut
1620 3429 1877 3485 luceret:
1923 3445 2043 3485 non
2075 3433 2200 3486 erat

543 3518 841 3590 siquidem
872 3516 998 3589 ipse
1023 3516 1144 3583 lux,
1174 3517 1278 3572 sed
1310 3524 1373 3572 ut
1421 3519 1824 3574 testimonium
1864 3518 2200 3591 perhiberet

545 3607 620 3662 de
650 3605 801 3660 luce.
842 3604 1033 3660 Simul
1061 3621 1303 3679 quoque
1333 3623 1409 3663 ne
1456 3613 1685 3679 putaret
1714 3608 2014 3680 quispiam
2058 3623 2198 3663 eum

545 3694 650 3766 qui
681 3694 1089 3750 testimonium
1133 3694 1376 3759 ferebat.
1418 3697 1705 3768 majorem
1734 3713 1803 3751 ac
1826 3697 1940 3751 ﬁde
1969 3694 2202 3765 dignio-

545 3799 674 3839 rem
703 3799 774 3838 eo
805 3784 880 3838 de
918 3799 1041 3855 quo
1084 3782 1378 3841 ferebatur
1402 3785 1831 3854 testimonium,
1862 3790 1923 3841 ut
1948 3785 2203 3856 plerum-

543 3888 662 3946 que
691 3872 839 3930 solet
866 3873 1153 3929 accidere.
1183 3876 1394 3929 Verum
1426 3876 1567 3947 quia
1602 3891 1810 3931 recens
1860 3880 1987 3931 erat
2027 3875 2203 3929 Joan-

542 3962 634 4018 nis
653 3962 1081 4028 testimonium,
1113 3978 1187 4018 ne
1238 3963 1444 4019 similis
1499 3965 1774 4036 quaedam
1800 3965 2050 4019 oriretur
2079 3978 2205 4017 sus-

544 4049 702 4122 picio
733 4055 790 4106 et
817 4050 892 4105 de
929 4066 1000 4105 eo
1048 4050 1122 4105 de
1160 4067 1274 4122 quo
1306 4051 1600 4107 ferebatur
1636 4051 2065 4114 testimonium,
2101 4050 2199 4105 ait:

614 4141 775 4193 Vers.
806 4140 861 4193 9.
894 4139 1046 4194 Erat
1094 4170 1163 4179 —
1209 4140 1520 4195 mundum.
1570 4142 1815 4211 Semper
1860 4145 2007 4208 erat,
2032 4139 2205 4209 juxta

542 4242 723 4300 supra
759 4227 1023 4297 positum
1075 4228 1525 4284 reconditiorem
1558 4228 1922 4285 intellectum
1965 4244 1980 4284 :
2014 4226 2221 4298 siqui-,

545 4315 683 4371 dem
710 4320 996 4387 tanquam
1029 4316 1186 4371 Deus
1235 4332 1471 4389 semper
1508 4323 1633 4375 erat
1668 4323 1995 4391 ;tanquam
2020 4316 2204 4372 homo

549 4419 690 4460 vero
719 4420 851 4459 esse
882 4403 1119 4476 incepit.

617 4495 833 4549 Verum
848 4494 894 4550 si
912 4510 1151 4551 omnem
1164 4496 1469 4552 hominem
1485 4498 1821 4555 venientem
1835 4499 1893 4555 iu
1909 4496 2093 4554 mund
2106 4510 2203 4550 um

542 4583 865 4658 illuminat,
885 4586 1195 4657 quomodo
1215 4591 1298 4643 tot
1324 4586 1508 4643 relicti
1535 4594 1674 4644 sunt
1706 4604 1827 4645 non
1853 4585 2207 4646 illuminati?

552 4678 699 4734 Sane
729 4678 893 4748 quod
921 4674 998 4730 ad
1037 4673 1233 4745 ipsum
1267 4679 1490 4743 attinet,
1518 4692 1729 4733 omnes
1760 4678 2076 4734 illuminat:
2105 4680 2209 4753 qui

552 4773 751 4824 autem
784 4783 903 4824 non
936 4767 1252 4828 illiumnati
1309 4776 1571 4836 manent,
1601 4792 1637 4833 α
1678 4769 1919 4842 propria
1956 4770 2070 4826 hoc
2108 4786 2209 4844 pa-

551 4858 781 4915 tiuntur
811 4861 1141 4929 voluntate;
1174 4879 1316 4920 nam
1338 4863 1485 4919 lucis
1511 4863 1894 4928 beneﬁcium,
1926 4864 2089 4936 quod
2131 4863 2210 4920 ad

553 4948 740 5006 solem
765 4950 993 5019 attinet,
1018 4967 1200 5024 super
1228 4967 1441 5009 omnes
1468 4951 1810 5026 simpliciter
1834 4950 2205 5010 diffunditur.

620 5219 672 5259 ι.
702 5187 842 5245 Luc.
882 5202 965 5254 in,
1003 5188 1063 5244 2.

2304 1830 2414 1880 υἱόν
2437 1827 2483 1880 ἐν
2512 1836 2574 1901 τῇ
2609 1828 2805 1902 ἐρήμῳ.

2376 1918 2537 1978 Οὗτος
2604 1949 2668 1957 ——-
2730 1920 2915 1988 φωτός.
2991 1923 3101 1977 Φῶς
3163 1921 3251 1965 νῦν
3324 1915 3349 1965 ὁ
3430 1914 3676 1987 Χριστὸς
3734 1916 3934 1961 νοεῖται

2303 2009 2435 2058 κατὰ
2480 2011 2573 2064 τήν
2621 2002 3114 2080 προαποδεδομένην
3170 2003 3357 2057 αἰτίαν.
3426 2001 3820 2073 Ἐμαρτύρησε
3873 1994 3930 2050 δὲ

2304 2097 2328 2146 ὁ
2381 2094 2620 2156 Ἰωάννης
2676 2100 2793 2167 περὶ
2839 2103 2928 2154 τῆς
2977 2095 3218 2154 θεότητος
3280 2092 3462 2156 αὐτοῦ,
3518 2093 3588 2151 ὡς
3646 2092 3931 2163 προίόντες

2304 2186 2609 2257 εὑρήσομεν.
2644 2185 2783 2237 Ἐπεὶ
2824 2180 2883 2236 δὲ
2921 2183 3015 2235 οὐκ
3055 2178 3221 2235 ἐδεῖτο
3249 2189 3343 2243 τῆς
3381 2182 3570 2232 τούτου
3618 2182 3925 2252 μαρτυρίας

2306 2277 2331 2326 ό
2382 2277 2634 2348 Χριστός,
2698 2274 2921 2326 τέθειται
2978 2276 3066 2323 καὶ
3119 2273 3148 2329 ἡ
3212 2271 3357 2322 αἰτία
3428 2277 3521 2330 τῆς
3591 2271 3921 2342 μαρτυρίας.

2307 2363 2568 2435 Ἐπήογαγε
2587 2364 2686 2437 γάρ
2713 2384 2726 2396 ·

2375 2452 2485 2505 "lim
2536 2483 2604 2491 —
2658 2452 2839 2506 αὐτοῦ.
2910 2450 3110 2522 Ὠσπερ
3169 2452 3268 2523 γὰρ
3319 2450 3490 2522 σάρκα
3554 2444 3913 2519 περιεϐάλετο,

2311 2545 2392 2595 ἱνα
2428 2546 2499 2614 μὴ
2545 2549 2714 2613 γυμνῇ
2762 2548 2824 2611 τῇ
2885 2542 3089 2597 θεότητι
3137 2537 3443 2611 προσϐαλὼν
3498 2536 3617 2608 ('23)
3686 2533 3908 2604 ἀπολέσῃ

2309 2634 2537 2693 πάντας’
2594 2631 2729 2682 οὕτω
2762 2634 2850 2680 καὶ
2889 2630 3117 2701 μάρτυρι
3158 2626 3452 2699 ἐχρήσατο,
3482 2626 3586 2690 ἶνα,
3638 2634 3738 2686 τῆς
3788 2642 3910 2691 συγ-

2307 2728 2482 2792 γενοῦς
2516 2718 2786 2779 ἀκούοντες
2806 2719 2854 2771 οἱ
2876 2722 2990 2769 τότε
3007 2723 3197 2788 φωνῆς,
3221 2714 3557 2787 εὐκολώτερον
3581 2714 3905 2766 πιστεύσωσι

2310 2807 2385 2862 δι’
2443 2809 2605 2869 αὐτῆς
2662 2809 2727 2869 εἰς
2775 2811 2859 2859 τόν
2890 2807 3328 2879 μαρτυρούμενον.
3392 2804 3570 2855 Πάντα
3623 2806 3724 2875 ’γὰρ
3786 2800 3903 2873 πρὸς

2312 2903 2573 2973 σωτηρίαν
2600 2905 2698 2949 τῶν
2731 2895 3008 2969 ἀνθρώπων
3039 2894 3367 2964 ᾠκονομεῖτο.

2380 3076 2622 3137 Ἰωάννης
2650 3078 2740 3148 μὲν
2765 3070 2851 3127 οὖν
2887 3073 3262 3147 ἐμαρτύρησεν,
3288 3071 3370 3123 ἶνα
3398 3072 3586 3131 πάντες
3614 3069 3877 3123 πιστεύσω-

2311 3185 2419 3220 σιν’
2451 3166 2509 3219 οὗ
2557 3168 2744 3225 πάντες
2775 3161 2833 3216 δε
2888 3165 3204 3215 ἐπίστευσαν
3232 3179 3244 3192 ⁸
3298 3159 3391 3212 οὐκ
3449 3158 3504 3211 ἐκ
3560 3157 3682 3231 βίας
3710 3157 3795 3227 γὰρ
3839 3152 3865 3207 ἡ

2306 3262 2508 3317 πίστις.
2540 3253 2645 3306 ἀλλ’
2677 3252 2732 3305 ἐκ
2762 3255 3129 3327 προαιρέσεως.

2377 3346 2487 3397 Οὐκ
2515 3376 2581 3383 —
2608 3347 2786 3416 φωτός.
2833 3372 2902 3382 -
2948 3340 3064 3393 "Eri
3124 3338 3399 3411 σαφηνίζει
3452 3342 3546 3397 τὴν
3578 3337 3755 3389 αἰτίαν
3806 3338 3888 3389 τῆς

2308 3433 2616 3501 ἀποστολῆς,
2661 3434 2742 3485 ὅτι
2793 3429 2941 3489 ἦλθεν
2995 3429 3098 3501 οὐχ
3155 3430 3238 3480 ἶνα
3266 3432 3466 3500 φωτίση
3502 3448 3512 3458 ·
3569 3428 3671 3479 οὐκ
3704 3422 3760 3483 ἦν
3797 3422 3886 3493 γὰρ

2309 3524 2492 3585 ἐκεῖνος
2540 3527 2596 3575 τό
2630 3530 2766 3594 φῶς·
2830 3519 2935 3571 ἀλλ’
2991 3520 3073 3569 ἶνα
3122 3521 3435 3590 μαρτυρήσῃ
3487 3521 3609 3589 περὶ
3666 3520 3750 3566 τοῦ
3788 3530 3886 3582 φω-

2310 3618 2427 3675 τός·
2456 3613 2565 3684 ἅμα
2601 3608 2658 3663 δὲ
2693 3615 2784 3662 καὶ
2831 3611 2913 3661 ἶνα
2961 3612 3031 3679 μὴ
3065 3612 3254 3678 νομίσῃ
3289 3625 3373 3665 τις
3420 3607 3500 3657 ὅτι
3549 3606 3573 3655 ό
3634 3606 3892 3677 μαρτυρῶν

2310 3705 2499 3775 μείζων
2547 3706 2636 3753 καὶ
2713 3699 3130 3768 ἀξιοπιστότερος
3188 3692 3248 3753 ἧν
3314 3703 3407 3746 τοῦ
3457 3693 3889 3769 μαρτυρουμένου,

2312 3794 2380 3853 ὡς
2427 3790 2510 3843 ἐπὶ
2557 3789 2753 3842 πολλῶν
2805 3788 2949 3839 εἶωθε
3002 3783 3323 3857 συμϐαίνειν.
3376 3783 3516 3836 Ἐπεὶ
3570 3778 3633 3835 δὲ
3675 3783 3892 3855 πρόσφα-

2312 3901 2396 3942 τος
2429 3877 2489 3938 ἧν
2517 3881 2547 3938 ἡ
2583 3886 2673 3931 τοῦ
2720 3878 2957 3930 Ἰωάννου
2996 3878 3281 3948 μαρτυρία,
3332 3875 3415 3924 ἵνα
3452 3876 3523 3944 μὴ
3553 3874 3765 3926 τοιαύτη
3818 3882 3889 3923 τις

2313 3972 2531 4022 ὑπόνοια
2559 3972 2649 4019 καὶ
2684 3971 2800 4039 περὶ
2829 3973 2921 4017 τοῦ
2951 3964 3375 4037 μαρτυρουμένου
3407 3965 3731 4034 παρεμπέσοι
3765 3954 3884 4027 (24),

2314 4064 2473 4132 φησίν
2499 4073 2513 4087 ⁸

2383 4148 2479 4201 Ἦν
2544 4178 2608 4189 -
2670 4150 2887 4217 κόσμον.
2946 4142 3043 4195 Ἦν
3092 4140 3189 4205 ἀεὶ,
3260 4142 3394 4192 κατὰ
3458 4144 3553 4197 τὴν
3617 4136 3883 4191 ἐπιτιθεῖσαν

2312 4240 2545 4311 ἀνωτέρω
2587 4215 2867 4304 θεολογίαν.
2916 4232 3004 4294 Ὠς
3034 4235 3123 4303 μὲν
3166 4226 3253 4282 οὖν
3292 4232 3421 4292 Θεὸς
3470 4225 3531 4287 ἦν
3581 4226 3657 4280 ἀεὶ
3683 4243 3695 4255 '
3734 4225 3792 4281 ὡς
3830 4215 3881 4270 di

2314 4330 2582 4401 οἰνθρωπος
2607 4325 2820 4398 ἤρξατο,
2852 4328 2944 4375 τοῦ
2976 4318 3124 4373 εἶναι.

2391 4504 2449 4557 Εἰ
2483 4499 2542 4555 δι
2576 4506 2788 4575 φωτίζει
2830 4501 3000 4551 πάντα
3057 4499 3326 4570 ἄνθρωπον
3382 4493 3656 4570 ἐρχόμενον
3686 4489 3749 4546 εἰς
3797 4484 3871 4533 τόν

2319 4599 2534 4662 κόσμον,
2594 4599 2698 4652 πῶς
2741 4596 2983 4642 τοσοῦτοι
3035 4590 3383 4660 μεμενήκασιν
3457 4583 3745 4656 ἀφώτιστοι;
3805 4575 3861 4619 Το

2318 4686 2408 4756 μὲν
2450 4683 2517 4743 εἰς
2565 4681 2715 4733 αὐτόν
2772 4680 2917 4743 ἧκον,
2971 4678 3163 4736 πάντας
3219 4674 3470 4746 φωτίζει·
3521 4674 3565 4722 οἱ
3609 4665 3661 4720 δὲ
3706 4663 3858 4735 μένον·-

2318 4793 2396 4834 τες
2438 4770 2726 4843 ἆφώτιστοι
2799 4768 2942 4842 παρὰ
2993 4770 3087 4823 τὴν
3157 4763 3354 4815 ἐαντῶν
3399 4765 3681 4836 προαίρεσιν
3729 4762 3861 4801 τουτο

2318 4835 2644 4934 πάσχουσιν.
2675 4857 2734 4911 ἸΙ
2766 4860 2855 4930 μὶν
2875 4835 2983 4930 ’γὰρ
3014 4862 3110 4907 τοῦ
3140 4853 3307 4925 φωτός
3348 4854 3514 4924 χάρις
3559 4848 3694 4909 ἡλίου
3730 4835 3868 4934 δίκην

2320 4951 2404 5004 ἐπὶ
2432 4931 2655 5011 πάντας
2724 4946 2897 5007 ἁπλῶς
2956 4943 3273 5015 ἐκκέχυται·
3344 4942 3393 4993 οἱ
3454 4936 3515 4993 δε
3566 4943 3637 5012 μὴ
3684 4931 3878 4987 θέλοντες

1744 5390 1968 5459 ναι-ξω
1996 5389 2323 5460 lectiones
2344 5397 2411 5457 et
2439 5396 2639 5456 notas.

650 5590 741 5651 2.1)
782 5583 955 5640 Αὑτοῦ
985 5583 1153 5640 abest
1194 5589 1256 5641 Α.

650 5590 741 5651 21)
782 5588 955 5640 Αὑτοῦ
985 5588 1153 5640 abest
1194 5589 1256 5641 Α.

625 5588 745 5801 ἓῖἓζ
775 5651 1179 5718 Ἐπιδείξασθαι
1209 5658 1274 5711 Α.

653 5730 721 5786 23
803 5730 1097 5799 Interpres
1170 5742 1274 5798 ap}

653 5725 745 5800 23)
803 5730 1097 5799 Interpres
1170 5727 1463 5798 apposita.
1515 5725 1864 5800 Προσϐάλλειν
1947 5726 2068 5794 mi,
2130 5730 2215 5784 est

2326 5596 2612 5665 apparere
2643 5577 2837 5644 alicui,
2872 5576 3359 5665 appropinquare
3390 5575 3465 5633 ad
3493 5574 3770 5648 aliquem.
3796 5562 3893 5621 M3-

2322 5654 2425 5710 lim
2448 5667 2611 5723 ergo,
2641 5656 3005 5719 conspectus.

2394 5726 2507 5796 (24)
2550 5727 2848 5799 Ιιαραπέσοι
2882 5727 2942 5774 Δ.
