4144 6314
345 303 483 360 1117

1331 257 1720 353 COMMENT.
1772 296 1842 352 lN
1879 295 2232 351 JOANNEM.
2273 329 2340 338 -
2379 296 2531 355 CAP.
2578 297 2620 354 ι.

3577 298 3717 358 1118

347 426 643 482 ἀπολαῦσαι
669 434 764 487 τῆς
792 427 1014 500 χάριτος
1044 425 1189 478 αὐτοὶ
1226 431 1316 478 τοῦ
1348 425 1416 498 μὴ
1462 402 1573 489 (25)
1618 425 1941 486 φωτισθῆναι

2070 421 2230 487 Quod
2265 420 2310 477 si
2334 423 2437 496 qui
2469 423 2596 479 luce
2623 424 2736 480 frui
2803 424 3027 492 nolunt,
3060 424 3191 498 ipse
3231 423 3341 480 sibi
3374 439 3556 480 causa
3577 427 3716 480 sunt

346 539 526 571 αιτιοι.

417 607 686 664 Ἀληθινὸν
719 601 778 658 δὲ
800 603 932 658 εἶπεν
966 605 1108 672 αὐτὸ,
1131 608 1198 664 ὠς
1229 604 1563 677 ἀσύγκριτον,
1588 605 1677 652 καὶ
1700 603 1824 676 ὑπὲρ
1849 607 1947 652 πᾶν

346 705 465 768 φῶς,
493 701 582 747 καὶ
613 700 805 767 κυρίως
828 703 949 767 φῶς.

413 785 508 858 [Τὸ
541 786 652 854 (26)
706 793 809 856 φῶς
853 787 910 836 τὸ
961 783 1222 842 ἀληθινόν.
1273 787 1372 836 Καὶ
1417 782 1565 834 εἰκὼν
1619 782 1676 833 δὲ
1729 779 1943 838 ἀληθινὴ

342 872 564 945 λέγεται,
607 878 695 926 καὶ
757 872 971 931 ἀληθινὴ
1035 878 1212 944 σοφία⁹
1265 876 1354 924 καὶ
1404 872 1511 932 ζωὴ
1572 869 1810 934 ἀληθινὴ,
1858 872 1946 919 καὶ

344 965 409 1014 τὰ
453 971 671 1014 τοιαῦτα
705 983 717 995 ·
755 962 847 1013 οὐκ
892 961 974 1014 ἐπὶ
1029 958 1247 1034 διαϐολῇ
1304 969 1402 1012 τῶν
1446 959 1608 1011 οὓλων
1665 959 1825 1030 ἁγίων
1876 955 1946 1009 εἰ·

344 1056 526 1116 κόνων,
583 1047 707 1103 οὐδὲ
745 1059 840 1112 τῆς
887 1049 987 1102 ἀπὸ
1029 1059 1126 1103 τῶν
1183 1053 1326 1102 Θείων
1390 1057 1601 1123 Γραφῶν
1657 1053 1856 1122 σορίας,
1912 1049 1942 1103 ἤ

345 1149 437 1201 τῆς
485 1140 704 1193 ἐνταῦθα
734 1141 892 1204 ζῶῆς,
937 1141 1019 1192 ἵνα
1066 1139 1201 1190 ἐάσω
1231 1143 1318 1197 τὴν
1359 1139 1643 1211 μέλλουσαν
1677 1157 1689 1169 ’
1733 1135 1860 1188 ἀλλὰ
1888 1138 1944 1186 τὸ

344 1238 574 1282 τοιοῦτον
608 1237 799 1302 σχῆμα
833 1237 924 1282 τοῦ
949 1229 1106 1301 λόγου
1138 1233 1194 1281 τὸ
1233 1229 1351 1281 καθ’
1380 1231 1646 1301 ὑπεροχὴν
1696 1227 1947 1299 ἀσύγκρι-

345 1338 432 1370 τον
459 1320 772 1392 ὑποφαίνει.]

422 1407 534 1480 [Εἰς
574 1410 687 1476 (27)
717 1407 809 1459 τόν³
838 1412 1050 1479 κόσμον.
1084 1406 1152 1460 Ἠ
1198 1411 1286 1458 καὶ
1333 1406 1514 1468 ἄλλως·
1560 1405 1836 1479 ἐρχόμενον
1877 1403 1948 1460 εἰς

344 1500 431 1548 τόν
463 1496 628 1555 ἀληθῆ
654 1501 849 1568 κόσμον
876 1505 974 1548 τῶν
1003 1495 1254 1570 ἀρετῶν.]

417 1587 497 1639 Ἐν
539 1594 608 1656 τῷ
651 1583 832 1658 κόσμῷ
874 1583 952 1644 ἦν.
1010 1587 1118 1638 Οὐκ
1175 1589 1241 1648 ὡς
1297 1591 1434 1657 τόπῳ
1486 1588 1942 1660 περιγραφόμενος,

347 1674 452 1725 ἀλλ’
481 1678 545 1735 ὡς
578 1678 744 1726 πάντα
780 1675 1008 1750 πληρῶν,
1037 1676 1206 1727 Εἰπὼν
1235 1672 1291 1726 δὲ
1324 1677 1403 1726 ὅτι
1439 1677 1520 1728 Ἐν
1544 1684 1613 1744 τῷ
1645 1679 1824 1745 κόσμῳ
1863 1667 1940 1734 ἦν,

2064 511 2223 582 quod
2247 528 2367 567 non
2397 512 2822 569 illuminentur.

2137 599 2351 654 Veram
2375 617 2609 673 quoque
2676 603 2866 658 lucem
2917 603 3082 668 dixit,
3143 607 3430 674 tanquam
3493 603 3716 658 incom-

2068 690 2396 759 parabilem
2430 707 2498 746 ac
2531 708 2708 764 super
2725 709 2952 756 omnes,
2979 699 3032 748 et
3053 709 3184 764 quin
3213 693 3443 763 proprie
3473 692 3569 746 lux
3604 697 3711 748 est.

2135 779 2176 847 -ἱ-
2203 779 2415 834 Dicitur
2434 797 2676 853 quoque
2695 798 2832 836 vera
2857 782 3078 850 imago,
3097 788 3303 837 etvera
3344 782 3717 852 sapientia,et

2067 882 2201 922 vera
2225 868 2338 923 vita
2365 869 2602 942 aliaque
2631 869 2879 936 similia;
2924 886 3045 925 non
3073 871 3146 925 ad
3176 871 3536 926 calumniam
3574 870 3718 926 alia-

2065 971 2196 1010 rum
2219 964 2564 1014 sanctarum
2582 960 2915 1029 imaginum
2941 975 3168 1030 :neque
3201 960 3508 1031 sapientiae
3534 975 3718 1031 quam

2068 1045 2386 1118 Scripturis
2413 1048 2633 1104 divinis
2661 1053 2766 1120 est,
2803 1065 2997 1120 neque
3027 1050 3160 1104 vitae
3192 1050 3518 1121 prmsentis,
3553 1053 3615 1104 ut
3640 1065 3716 1104 ne

2065 1133 2263 1190 dicam
2294 1135 2506 1192 futurae
2541 1154 2554 1191 :
2588 1138 2692 1192 sed
2733 1137 2862 1192 talis
2892 1137 3087 1207 ﬁgura
3116 1138 3429 1202 sermonis,
3473 1137 3531 1191 id
3558 1138 3718 1208 quod

2065 1223 2532 1298 incomparabile
2569 1232 2672 1296 est,
2717 1242 2820 1300 per
2853 1227 3310 1299 amplitudinem
3341 1227 3709 1283 manifestat.

2133 1403 2176 1472 +
2203 1402 2338 1458 Sive
2369 1403 2702 1460 venientem
2728 1404 2785 1458 in
2817 1419 3022 1458 verum
3078 1403 3372 1459 mundum
3404 1403 3712 1459 virtutum.

2141 1582 2297 1634 Vers.
2333 1579 2416 1636 10.
2471 1581 2536 1634 In
2604 1581 2818 1636 mundo
2859 1585 3006 1636 erat.
3066 1584 3190 1636 Non
3230 1586 3516 1652 tanquam
3582 1580 3713 1636 loco

2063 1670 2563 1742 circumscriptus,
2607 1671 2708 1725 sed
2741 1678 3026 1743 tanquam
3068 1671 3270 1726 omnia
3292 1672 3712 1744 rcplens.Cum

350 1765 430 1814 ἱνα
462 1769 529 1825 μὴ
564 1762 814 1816 ὑπολάϐοι
860 1784 936 1825 τις
981 1766 1060 1815 ὅτι
1093 1768 1384 1838 σύγχρονος
1434 1761 1493 1821 ἧν
1538 1772 1627 1815 τοῦ
1668 1761 1941 1835 κόσμου,ό

2070 1764 2258 1812 autem
2287 1758 2561 1814 dixisset:
2593 1761 2659 1814 In
2692 1761 2900 1815 mundo
2933 1764 3076 1825 erat,
3107 1777 3174 1814 ne
3209 1760 3342 1832 quis
3383 1761 3713 1830 suspicare-

348 1855 563 1906 πέπονθε
597 1854 795 1915 Παῦλος
817 1855 842 1905 ό
871 1857 1218 1926 Σαμοσατεὺς,
1249 1856 1558 1928 προσέθηκε·

422 2037 520 2086 Καὶ
551 2065 614 2072 -
638 2033 852 2104 ἐγένετο.
891 2029 1158 2106 Πρόδηλον
1179 2035 1279 2105 γὰρ
1309 2034 1387 2084 ὅτι
1427 2034 1452 2083 ό
1479 2036 1702 2093 ποιητὴς
1732 2035 1829 2106 πρὸ
1855 2039 1945 2083 τοῦ

345 2127 635 2192 ποιήματος
664 2117 749 2179 ἧν,

423 2215 520 2262 Καὶ
577 2241 640 2248 —
709 2213 855 2280 ἔγνω.
918 2214 1122 2282 Κόσμον
1199 2209 1419 2262 ἐνταῦθα
1486 2209 1620 2280 λέγει
1689 2213 1808 2271 τοὺς
1883 2211 1947 2260 τὰ

346 2302 575 2371 κοσμικὰ
634 2301 963 2371 φρονοῦντας,
1032 2304 1148 2359 τοὺς
1223 2308 1293 2369 τῷ
1359 2304 1540 2370 κόσμῳ
1607 2298 1944 2371 προσηλωμέ-

345 2407 481 2449 νους,
543 2391 658 2447 τοὺς
713 2395 817 2447 τοῖς
870 2388 1139 2449 αἰσθητοῖς
1189 2391 1465 2462 πράγμασι
1505 2395 1940 2462 προστετηκότας,

345 2481 434 2528 καὶ
491 2472 657 2548 μηδὲν
706 2479 830 2550 ὑπὲρ
876 2485 1042 2528 ταῦτα
1098 2485 1284 2534 νοῆσαι
1340 2474 1672 2548 δυναμένους.
1732 2479 1797 2528 Oi
1843 2479 1941 2548 γὰρ

345 2571 414 2638 μὴ
474 2575 698 2618 τοιοῦτοι
759 2570 986 2638 ἔγνωσαν
1040 2567 1193 2618 αὐτόν
1249 2572 1334 2617 καὶ
1395 2569 1491 2640 πρὸ
1548 2575 1639 2626 τῆς
1692 2564 1942 2636 ἐνσάρκου

346 2661 654 2728 παρουσίας.
717 2661 803 2708 Διό
864 2663 951 2708 καὶ
1009 2655 1055 2707 ἐν
1117 2665 1188 2726 τῷ
1243 2657 1460 2724 εἰκοστῷ
1514 2657 1739 2725 τετάρτῳ
1792 2673 1942 2723 κεφα-

342 2745 468 2816 λαίῳ
530 2755 618 2796 του
673 2749 803 2797 κατὰ
871 2748 1133 2798 Ματθαίον
1191 2742 1298 2796 εἶπε
1349 2747 1478 2818 πρός
1536 2747 1653 2802 τοὺς
1715 2741 1941 2794 ἀποστό-

344 2834 512 2894 λουςό
555 2839 778 2908 Χριστὸς
858 2836 932 2885 ὅτι
1012 2833 1194 2885 Πολλοὶ
1248 2841 1516 2907 προφῆται
1583 2836 1670 2883 καὶ
1743 2828 1941 2882 δίκαιοι

345 2922 676 2992 ἐπεθυμησαν
733 2919 861 2974 ἰδεῖν
913 2922 947 2973 ἂ
1013 2922 1241 2994 βλέπετε,
1309 2926 1398 2972 καὶ
1469 2921 1560 2972 οὐκ
1619 2916 1756 2972 εἶδον
1789 2940 1800 2952 ·
1856 2925 1942 2970 καὶ

346 3009 569 3062 ἀκουσαι
617 3011 650 3061 ἃ
697 3009 923 3076 ἀκούετε,
991 3017 1074 3061 καὶ
1137 3011 1230 3062 οὐκ
1287 3014 1539 3068 ἤκουσαν.
1601 3009 1657 3062 Εἰ
1706 3011 1806 3082 γὰρ
1867 3012 1938 3079 μὴ

346 3101 574 3170 ἔγνωσαν
631 3099 804 3164 αὐτόν,
852 3100 945 3151 οὐκ
996 3099 1029 3151 ἆ
1086 3098 1415 3171 ἐπεθύμησαν
1465 3099 1613 3165 ἰὸείν,
1675 3101 1744 3159 ὡς
1801 3101 1935 3169 εἴρη-

1977 3144 2017 3200 C

346 3208 454 3251 ται,
507 3193 596 3240 καὶ
655 3187 898 3241 ἀκοῦσαι.
954 3187 1114 3241 Ὀστε
1177 3191 1404 3258 ἔγνωσαν
1459 3191 1547 3260 μὲν
1606 3187 1777 3253 αὐτόν,
1855 3192 1942 3239 καὶ

345 3282 401 3329 τό
488 3286 576 3338 τῆς
661 3277 1093 3352 ἐνανθρωπήσεως
1163 3277 1322 3329 αὐτοῦ
1413 3284 1727 3352 μυστήριον,
1811 3276 1941 3335 πλὴν

345 3369 610 3440 ὑπερφυῶς
644 3385 656 3396 ’
705 3367 1034 3439 ἐπεθύμησαν
1076 3364 1134 3419 δὲ
1173 3372 1262 3418 καὶ
1301 3367 1560 3426 αἰσθητῶς
1613 3362 1740 3418 ἰδεῖν
1789 3365 1940 3416 αὐτόν

348 3459 860 3530 θαυματουργοῦντα,
885 3461 973 3507 καὶ
1006 3455 1228 3507 ἀκοῦσαι
1267 3456 1425 3507 αὐτοῦ
1458 3452 1824 3518 διδάσκοντος,
1854 3461 1942 3506 καὶ

345 3545 519 3605 ἁπλῶς
542 3544 587 3596 ἐν
620 3544 889 3618 ἀνθρώπου
924 3542 1069 3597 εῖδει.

416 3641 621 3685 Νοεῖται
670 3631 728 3685 δὲ
766 3641 855 3685 καὶ
904 3637 981 3685 ὅτι
1041 3631 1453 3704 δυσανασχετῶν
1499 3635 1524 3684 ὁ
1573 3632 1943 3703 εὐαγγελιστὴς

346 3720 428 3772 ἐπὶ
499 3730 559 3794 τῇ
616 3729 855 3796 πωρώσει
920 3732 1017 3774 τῶν
1099 3723 1463 3793 ἀγνοησάντων
1545 3723 1716 3788 αὐτόν,
1791 3725 1938 3792 φησι,

350 3816 448 3862 Καὶ
492 3813 516 3862 ό
547 3816 743 3883 κόσμος
792 3808 862 3863 δι’
902 3812 1058 3863 αὑτοῦ
1105 3809 1316 3877 ἐγένετο,
1373 3817 1460 3863 καὶ
1517 3813 1540 3862 ό
1598 3816 1794 3882 κόσμος
1853 3810 1942 3860 αὑ-

345 3903 430 3951 τόν
462 3900 565 3972 οὐχ
605 3901 750 3971 ἔγνω,
787 3904 1024 3952 τουτέστι
1064 3905 1161 3952 Τόν
1208 3905 1430 3958 ποιητὴν
1479 3901 1572 3952 οὐκ
1622 3903 1850 3971 ἔγνωσαν
1878 3902 1941 3951 τὰ

345 3995 633 4061 ποιήματα.

417 4079 509 4139 Εἰς
548 4110 613 4118 —
643 4077 948 4150 παρελαϐον.
983 4077 1098 4130 Ἔτι
1148 4080 1422 4151 σαφηνίζει
1461 4082 1545 4131 τόν
1589 4078 1761 4148 λόγον.
1799 4075 1941 4132 Ἱδια

345 4172 433 4238 μὲν
463 4170 564 4241 γὰρ
597 4167 776 4232 αὐτοῦ,
811 4169 835 4218 ό
866 4172 1084 4238 κόσμος,
1125 4169 1193 4228 ὡς
1225 4173 1426 4240 ποίημα
1458 4168 1566 4240 (28)
1606 4168 1782 4220 αὐτοῦ·
1811 4165 1941 4220 ἴδιοι

347 4254 405 4309 δὲ
438 4259 486 4308 οἱ
516 4257 797 4329 ἄνθρωποι,
834 4260 897 4317 ὡς
946 4262 1033 4309 καὶ
1077 4257 1220 4310 αὐτοὶ
1252 4263 1540 4328 ποιήματα,
1586 4263 1674 4310 καὶ
1714 4262 1782 4319 ὡς
1826 4261 1940 4309 κατ’

345 4347 514 4397 εἰκόνα
562 4348 717 4398 αὑτού
769 4352 1046 4419 γενόμενοι.
1110 4347 1292 4399 Ἦλθεν
1347 4345 1432 4399 οὖν
1487 4348 1554 4409 εἰς
1611 4348 1819 4412 αὐτοὺς,
1874 4350 1941 4406 ὡς

345 4437 630 4508 ἄνθρωπος·
665 4439 731 4498 ὡς
771 4440 868 4511 γὰρ
897 4440 1045 4502 Θεὸς,
1081 4436 1127 4488 ἐν
1153 4445 1221 4507 τῷ
1249 4443 1432 4509 κόσμῳ
1463 4433 1543 4495 ἦν.

1975 4499 2018 4553 Ι)

411 4614 775 4690 Ἐρμηνεύεται
840 4611 897 4667 δὲ
962 4620 1051 4666 καὶ
1121 4615 1238 4666 καθ’
1321 4615 1486 4685 ἕτερον
1552 4618 1757 4686 τρόπον,
1835 4616 1936 4674 ὅτι,

345 4703 452 4756 ἐπεὶ
501 4703 554 4767 ἐξ
592 4702 857 4758 Ἰουδαίων
912 4706 935 4754 ό
977 4708 1205 4775 Χριστός
1253 4703 1537 4760 ἐϐλάστησε
1577 4707 1706 4755 κατά
1747 4706 1937 4776 σάρκα,

341 4790 460 4844 ἴδια
504 4797 592 4864 μὲν
627 4794 787 4845 αὐτοϋ
845 4795 898 4844 αἱ
943 4789 1213 4864 διατριϐαὶ
1269 4795 1493 4844 τούτων·
1553 4790 1684 4844 ἴδιοι
1741 4789 1799 4844 δὲ
1847 4793 1939 4844 αὐ-

341 4887 443 4946 τοὶ,
517 4885 584 4943 ὡς
661 4889 922 4952 συγγενεῖς
989 4881 1148 4932 αὑτοῦ
1212 4887 1300 4932 καὶ
1376 4880 1642 4952 ὁμόφυλοι.
1709 4885 1795 4933 Διό
1854 4885 1940 4931 καὶ

342 4969 528 5039 ἔλεγεν,
598 4969 708 5020 Οὐκ
769 4967 1060 5026 ἀπεστάλην
1117 4969 1160 5020 εἰ
1207 4973 1278 5040 μὴ
1340 4968 1406 5029 εὶς
1456 4971 1522 5020 τὰ
1583 4968 1817 5042 πρόϐατα
1880 4973 1943 5020 τὰ

342 5055 643 5110 ἀπολωλότα
708 5060 852 5110 οἴκου
925 5057 1156 5131 Ἰσραήλ.
1240 5056 1322 5117 Εἰς
1390 5059 1456 5108 τὰ
1523 5053 1640 5110 ἴδια
1698 5060 1788 5129 μὲν
1854 5053 1941 5110 οὖν

412 5236 456 5272 ¹¹
487 5232 688 5289 Matth.
713 5248 830 5302 xiii,
855 5236 946 5291 17.
1023 5233 1071 5269 ¹²
1103 5233 1300 5290 Matth.
1332 5249 1431 5304 xv,
1458 5233 1546 5290 24.
1591 5197 1602 5204 ⁸

2058 1852 2151 1900 tur
2181 1847 2406 1901 mundo
2433 1848 2880 1918 contemporale
2920 1864 3064 1913 esse,
3099 1850 3258 1919 quod
3289 1848 3502 1904 accidit
3527 1848 3712 1904 Paulo

2055 1935 2481 1994 Samosatensi,
2528 1936 2760 1992 addidit
2788 1953 2799 1990 :

2128 2027 2285 2079 Vers.
2319 2026 2403 2079 10.
2437 2027 2501 2079 Et
2543 2055 2609 2066 —
2637 2027 2838 2094 facta:
2867 2033 2968 2081 est.
3007 2025 3380 2081 Manifestum
3405 2030 3493 2080 est
3515 2031 3711 2082 autem

2055 2113 2217 2186 quod
2246 2113 2450 2179 factor,
2485 2119 2621 2169 ante
2651 2111 2707 2168 id
2742 2115 2904 2186 quod
2935 2114 3160 2170 factum
3194 2120 3300 2180 est,
3340 2115 3530 2169 fuerit.

2127 2204 2289 2258 Vers.
2334 2205 2420 2259 10.
2464 2206 2529 2258 Et
2581 2237 2632 2244 —
2693 2205 2986 2275 cognovit.
3036 2205 3317 2260 Mundum
3373 2205 3533 2259 hunc
3580 2205 3717 2261 dicit

2055 2309 2174 2358 eos,
2199 2293 2301 2365 qui
2334 2295 2645 2350 mundana
2675 2294 3302 2366 sapiunt,quimundo
3340 2294 3497 2349 afﬁxi
3553 2299 3712 2363 sunt,

2052 2381 2193 2454 quia
2219 2383 2594 2437 sensibilibus
2612 2383 2789 2438 rebus
2819 2383 3029 2437 abduci
3063 2389 3385 2454 nequeunt,
3411 2399 3518 2438 nec
3541 2382 3713 2453 quid-

2052 2487 2234 2542 quam
2263 2487 2441 2542 supra
2459 2471 2578 2525 haec
2607 2467 2930 2540 intelligere
2951 2477 3217 2541 possunt.
3241 2471 3349 2536 Qui
3373 2472 3530 2526 enim
3564 2472 3708 2526 tales

2053 2577 2173 2615 non
2197 2566 2354 2624 sunt,
2376 2562 2571 2631 ipsum
2617 2562 2970 2632 priusquam
3005 2561 3182 2615 etiam
3231 2563 3289 2614 in
3322 2577 3499 2616 carne
3532 2561 3707 2616 adve-

2054 2648 2249 2703 nisset.
2285 2655 2710 2717 cognoverunt.
2747 2653 2809 2704 Et
2835 2650 2973 2704 hinc
2997 2656 3083 2705 est
3109 2651 3265 2721 quod
3300 2650 3374 2705 ad
3406 2651 3708 2721 apostolos

2052 2736 2336 2792 vicesimo
2392 2743 2606 2810 quarto
2655 2739 2826 2808 juxta
2901 2739 3230 2794 Matthaaum
3307 2739 3498 2810 capite
3561 2739 3709 2794 dixit

2053 2825 2340 2882 Christus.
2388 2827 2566 2882 Multi
2621 2829 2919 2898 prop/cette
2944 2833 2998 2884 et
3024 2828 3185 2897 juxti
3222 2829 3704 2884 desideraverunt

2053 2915 2249 2971 videre
2280 2933 2397 2987 qua:
2423 2917 2631 2973 videtis
2663 2925 2714 2972 et
2739 2934 2855 2972 nou
2887 2918 3161 2974 viderunt
3190 2934 3202 2973 :
3237 2923 3290 2974 et
3328 2918 3544 2974 audire
3571 2934 3706 2988 qua?

2052 3005 2292 3072 auditis,
2324 3014 2374 3062 et
2401 3023 2518 3061 non
2537 3007 2863 3064 audierunt
2882 3009 2948 3061 ¹¹.
2983 3007 3156 3072 Quod
3179 3007 3224 3062 si
3249 3007 3445 3079 ipsum
3474 3023 3593 3062 non
3616 3023 3708 3062 co-

2054 3095 2418 3164 gnovissent,
2461 3112 2579 3151 non
2621 3096 3061 3152 desiderassent
3116 3097 3334 3162 videre,
3390 3101 3450 3150 ut
3480 3097 3708 3152 dictum

2053 3191 2156 3249 est,
2193 3184 2284 3240 vel
2302 3185 2525 3240 audire.
2559 3186 2762 3257 Itaque
2791 3192 3198 3258 cognoverunt
3239 3186 3482 3257 quidem
3541 3202 3708 3251 eum,

2053 3274 2300 3344 ejusque
2327 3275 2385 3328 in
2420 3290 2597 3329 carne
2641 3275 3008 3346 mysterium,
3049 3291 3252 3329 verum
3314 3275 3374 3328 id
3415 3290 3704 3344 superna-

2054 3362 2316 3417 turaliter
2349 3362 2875 3418 :desideraverunt
2917 3368 3118 3419 autem
3163 3368 3218 3418 et
3248 3363 3608 3418 sensibiliter
3630 3364 3710 3416 vi-

2052 3451 2191 3506 dere
2218 3452 2413 3522 ipsum
2447 3452 2740 3507 amabilia
2771 3459 3135 3523 operantem,
3184 3457 3239 3507 et
3271 3451 3476 3507 audire
3505 3453 3707 3523 ipsum

2053 3540 2388 3604 docentem,
2423 3547 2478 3595 et
2502 3541 2845 3612 simpliciter
2872 3542 2929 3596 in
2971 3542 3240 3597 humana
3273 3543 3486 3613 specie.

2124 3629 2468 3699 Intelligitur
2493 3646 2729 3702 quoque
2772 3632 2935 3702 quod
2968 3631 3312 3699 indignatus
3343 3630 3707 3699 evangelista

2054 3734 2234 3789 super
2273 3735 2481 3773 eorum
2535 3719 2794 3774 caecitate
2825 3719 2928 3790 qui
2993 3719 3192 3790 ipsum
3256 3719 3702 3788 ignoraverunt,

2052 3807 2193 3862 dicit
2225 3823 2237 3862 :
2280 3808 2355 3862 Et
2375 3809 2628 3863 mundus
2650 3824 2756 3878 per
2786 3809 2977 3878 ipsum
3012 3809 3216 3878 factus
3248 3815 3351 3874 est,
3381 3810 3705 3864 etmundus

2050 3913 2173 3953 eum
2202 3912 2319 3953 non
2349 3898 2620 3968 cognovit,
2652 3898 2764 3954 hoc
2785 3904 2893 3964 est,
2922 3897 3029 3965 Qui
3058 3897 3189 3953 facti
3213 3903 3371 3964 sunt,
3397 3899 3704 3954 Factorem

2051 4001 2169 4041 non
2206 3995 2629 4055 cognoverunt.

2124 4076 2285 4129 Vers.
2308 4077 2390 4131 11.
2424 4076 2496 4131 Ιη
2517 4080 2968 4146 —receperunt.
2993 4075 3158 4130 Ahuc
3174 4075 3422 4131 verbum
3437 4074 3698 4147 amplius

2050 4163 2412 4220 manifestat.
2443 4169 2588 4222 Nam
2621 4181 2750 4229 sua,
2793 4165 3057 4221 mundus
3086 4171 3193 4229 est,
3232 4180 3448 4236 nempe
3479 4163 3707 4220 factura

2051 4252 2258 4324 ipsius.
2314 4256 2412 4312 Sui
2453 4272 2696 4328 quoque
2755 4261 2893 4310 sunt
2949 4255 3246 4322 homines,
3301 4259 3496 4324 utpote
3527 4253 3704 4308 etiam

2052 4358 2236 4414 opera
2261 4343 2469 4416 ipsius,
2503 4352 2558 4400 et
2581 4351 2868 4416 tanquam
2901 4344 2977 4399 ad
3018 4343 3202 4414 ipsius
3235 4342 3555 4410 imaginem
3585 4341 3704 4398 for—

2053 4437 2217 4493 mati.
2248 4435 2414 4491 Venit
2461 4434 2639 4504 igitur
2697 4433 2756 4488 in
2806 4448 2930 4500 eos,
2992 4432 3113 4487 sive
3156 4432 3232 4486 ad
3273 4448 3374 4486 eos
3414 4439 3704 4502 tanquam

2050 4527 2233 4582 homo
2261 4541 2272 4579 :
2302 4523 2598 4596 siquidem
2627 4527 2911 4593 tanquam
2943 4523 3112 4585 Deus,
3134 4521 3192 4575 in
3229 4520 3455 4574 mundo
3486 4525 3631 4574 erat.

2124 4614 2467 4670 Declaratur
2522 4618 2720 4667 autem
2789 4617 2844 4666 et
2899 4611 3014 4664 alio
3056 4610 3258 4674 modo,
3291 4609 3451 4680 quod
3483 4625 3551 4663 ex
3583 4624 3705 4680 quo

2052 4705 2312 4760 Christus
2363 4719 2397 4757 a
2452 4701 2668 4756 Judieis
2724 4699 3054 4754 secundum
3085 4714 3324 4752 carnem
3376 4703 3552 4752 natus
3592 4706 3700 4764 est,

2053 4809 2163 4848 sua
2192 4796 2348 4856 sunt,
2393 4791 2608 4845 horum
2660 4786 3149 4844 conversationes
3186 4803 3198 4841 :
3249 4787 3338 4840 sui
3389 4802 3550 4853 vero,
3593 4786 3704 4858 ipsi

2051 4886 2209 4946 sunt,
2235 4888 2522 4951 tanquam
2555 4878 2742 4950 ipsius
2768 4875 3025 4945 cognati,
3068 4875 3463 4948 ejusdemque
3492 4875 3702 4944 gentis.

2054 4973 2201 5025 Nam
2242 4970 2440 5041 etipse
2457 4967 2606 5023 dixit
2638 4984 2650 5022 :
2682 4968 2817 5022 Non
2854 4981 2981 5020 sum
3021 4964 3236 5021 missus
3270 4963 3390 5020 nisi
3449 4965 3528 5020 ad
3581 4979 3704 5021 oves

2049 5058 2314 5128 perditas
2332 5058 2532 5114 domus
2552 5055 2728 5113 Israel
2760 5057 2807 5091 ¹²
2840 5055 2903 5109 ln
2922 5069 3033 5108 sua
3062 5053 3241 5124 igitur
3263 5053 3438 5119 venit,
3472 5068 3594 5110 non
3625 5052 3705 5110 ob

1559 5436 1782 5504 Variae
1813 5437 2140 5506 lectiones
2179 5444 2245 5505 et
2288 5447 2486 5505 notae.

416 5663 525 5732 (25)
568 5667 650 5719 Μή
689 5659 910 5718 omittit
933 5662 997 5715 Α.

415 5731 526 5805 (26)
570 5732 700 5790 Haec
731 5738 978 5804 uterque
1007 5731 1190 5788 codex
1220 5732 1280 5787 in
1311 5733 1581 5802 margine
1611 5731 1808 5788 habet.

2139 5663 2229 5731 27)
2260 5663 2445 5717 Etiam
2473 5661 2594 5716 haec
2622 5663 2679 5716 in
2733 5662 3022 5732 margine.

2139 5663 2229 5731 :27)
2260 5663 2445 5717 Etiam
2473 5663 2594 5716 haec

2111 5663 2229 5805 é28)
2258 5738 2534 5806 Ποιὴματα
2565 5740 2616 5788 Β.
