4144 6314
528 327 670 384 1119

1854 325 2200 384 EUTHYMII
2242 314 2589 383 ZIGABENI

3800 339 3967 395 1120

528 454 836 529 propriam
887 457 1303 513 necessitatem
1339 473 1353 523 ;
1388 458 1541 512 Deus
1566 455 1721 512 enim
1754 454 1975 512 nullius
2006 459 2138 527 eget
2166 472 2178 511 ε

2300 446 2447 511 ἦλθεν
2506 455 2608 530 οὐχ
2678 459 2834 511 ἕνεκεν
2914 454 3056 520 ἰδίας
3124 463 3331 532 χρείας
3398 455 3635 522 ἀνενδεὴς
3725 464 3855 538 γὰρ
3939 465 3966 515 6

528 545 633 600 sed
660 550 897 617 propter
929 562 1176 602 suorum
1226 546 1498 602 salutem.
1530 545 1627 601 Sui
1665 553 1861 602 autem
1901 561 2029 602 eum
2069 562 2184 601 non

528 640 1046 704 receperunl,cum
1066 635 1322 690 venisset
1352 640 1411 690 ut
1428 635 1510 691 eis
1542 634 1831 690 beneﬁcia
1852 640 2183 706 praestaret,

530 724 635 780 sed
663 740 823 779 more
860 724 1281 781 insanientium
1323 724 1689 780 Salvatorem
1747 730 2033 797 tanquam
2078 724 2183 779 iniv

531 813 742 869 micum
777 813 1144 884 abjecerunt.

601 902 768 957 Vers.
791 904 876 957 12.
895 902 1180 975 Quotquot
1198 935 1264 942 —
1286 905 1432 974 ejus.
1452 933 1519 944 —
1538 902 1822 975 Quotquot
1845 908 2185 970 receperunt

532 1007 689 1063 eum,
715 990 1096 1063 suscipiendo
1127 992 1459 1047 doctrinam
1494 993 1702 1064 ipsius,
1743 992 1896 1047 dedit
1922 992 2002 1047 eis
2025 998 2187 1061 pote-

527 1087 740 1138 statem
752 1080 903 1150 ﬁlios
932 1081 1216 1150 Deiﬁeri:
1254 1097 1373 1136 non
1398 1082 1597 1137 statim
1615 1080 1746 1137 fecit
1764 1097 1866 1136 eos
1888 1080 1985 1136 Dei
2011 1080 2184 1135 ﬁlios.

527 1185 603 1226 ne
636 1186 740 1242 per
768 1170 1075 1240 ignaviam
1107 1169 1360 1242 perdant
1390 1169 1662 1240 gratiam,
1720 1170 1828 1226 sed
1858 1169 2017 1225 dedit
2041 1170 2187 1241 ipsis

529 1262 882 1332 potestatem
914 1258 1038 1315 ﬁeri
1068 1276 1186 1332 quo
1216 1259 1620 1330 diligentiores
1659 1259 2004 1315 reddantur.

601 1524 755 1592 Quid
805 1541 949 1597 ergo
972 1531 997 1576 7
1024 1541 1225 1581 nonne
1246 1542 1457 1581 omnes
1488 1531 1836 1599 potestatem
1875 1526 2101 1583 habent
2126 1532 2191 1583 ut

526 1613 631 1670 ﬁlii
662 1615 762 1670 Dei
801 1614 949 1670 ﬁant
976 1615 1004 1669 ?
1029 1618 1155 1671 Non
1186 1631 1415 1681 omnes,
1470 1615 1571 1669 sed
1604 1615 1663 1670 1ιὶ
1702 1620 1928 1672 tantum
1968 1616 2188 1688 quibus

526 1702 728 1759 datum
744 1707 864 1759 est:
892 1703 1087 1758 solum
1120 1708 1316 1758 autem
1350 1703 1558 1759 datum
1593 1710 1679 1759 est
1709 1704 2088 1759 credentibus
2128 1704 2187 1759 in

2298 550 2426 606 Θεὸς
2459 565 2470 575 ·
2520 546 2626 598 ἀλλ’
2658 549 2815 600 ἕνεκεν
2845 547 2941 609 τῆς
2983 557 3081 599 τῶν
3129 545 3276 601 ἰδίων
3329 555 3609 623 σωτηρίας.
3680 553 3767 604 Oi
3809 549 3964 605 ἴδιοι

3714 640 3782 692 εὖ
3792 660 3962 713 εργε-

2298 729 2388 797 σίᾳ
2409 728 2601 777 τούτων
2636 745 2647 757 υ
2692 725 2816 777 ἀλλά
2848 725 3199 801 φρενοϐλαϐῶς
3229 728 3314 777 τὸν
3346 734 3561 801 Σωτῆρα
3600 727 3689 790 ὧς
3731 727 3961 802 ἐχθρὸν

2297 631 2355 687 δὲ
2421 636 2577 687 αὑτὸν
2644 636 2701 688 οὗ
2754 634 3124 709 παρεδέξαντο,
3184 636 3484 709 ἀφικόμενον
3553 637 3631 689 ἐπ’

2297 812 2593 868 ἀπώσαντο.

2363 903 2518 955 Ὀσοι
2570 936 2637 943 -
2686 903 2867 958 αὐτοῦ.
2942 936 3010 944 -
3064 903 3221 957 Ὀσοι
3274 901 3332 957 δὲ
3387 902 3771 980 παρεδέξαντο
3864 910 3963 962 αῦ-

2295 998 2401 1057 τὸν,
2461 990 2554 1045 διὰ
2591 1002 2682 1044 τοῦ
2732 989 3134 1068 παραδέξασθαι
3165 997 3257 1051 τὴν
3311 991 3680 1048 διδασκαλίαν
3747 997 3957 1063 αὑτοῦ,

3430 1089 3557 1137 Θεοῦ
3639 1090 3959 1158 γενέσθαι.

2298 1172 2408 1225 Οὐκ
2462 1172 2607 1232 εὐθὺς
2661 1168 2718 1224 δὲ
2758 1169 2996 1230 ἐποίησεν
3051 1172 3238 1234 αὐτοὺς
3288 1178 3439 1226 τέκνα
3495 1181 3659 1238 Θεοῦ,
3729 1177 3833 1229 ἵνα
3878 1183 3955 1251 μὴ

2297 1078 2483 1135 ἔδωκεν
2586 1082 2764 1143 αὐτοῖς
2859 1081 3096 1145 ἐξουσίαν
3180 1087 3331 1136 τέκνα

3743 1264 3954 1319 ἔδωκεν

2557 1350 2797 1414 ἐξουσίαν
2876 1353 3137 1422 γενέσθαι,
3208 1353 3291 1404 ἵνα
3362 1349 3801 1418 σπουδάσαντες
3864 1361 3954 1428 γέ-

2296 1262 2695 1336 ῥᾳθυμὴσαντες
2768 1259 3065 1314 ἀπολέσωσι
3125 1266 3219 1321 τὴν
3298 1266 3481 1338 χάριν,
3541 1261 3659 1315 ἀλλ’

2298 1350 2472 1411 αὐτοῖς

2300 1459 2506 1493 νωνται.

2367 1534 2430 1581 Τί
2476 1525 2683 1594 οὖν;οῦ
2732 1530 2914 1589 πάντες
2966 1532 3183 1600 ἔχουσιν
3240 1528 3482 1592 ἐξουσίαν
3538 1535 3715 1584 τέκνα
3805 1541 3951 1586 Θεοῦ

2296 1619 2573 1689 γενέσθαι;
2609 1617 2683 1669 Οὐ
2739 1620 2941 1685 πάντες,
3000 1618 3042 1670 εἰ
3085 1624 3156 1691 μὴ
3208 1619 3284 1681 οἷς
3332 1621 3460 1677 αὕτη
3511 1616 3757 1673 δέδοται
3796 1640 3809 1651 ·
3863 1618 3948 1673 δέ·

2300 1702 2452 1759 δοται
2493 1703 2551 1759 δὲ
2599 1712 2774 1778 μονοις
2812 1714 2921 1769 τοῖς
2960 1710 3298 1760 πιστεύουσιν
3339 1709 3409 1771 εἰς
3454 1709 3637 1762 αὐτὸν.
3699 1714 3800 1763 Διὸ
3855 1714 3949 1762 καὶ

524 1792 747 1864 ipsum.
783 1791 917 1847 ldeo
969 1808 1204 1863 quoque
1259 1792 1652 1847 manifestans
1685 1792 1909 1864 quibus
1937 1793 2181 1861 dederit,

2302 1799 2596 1868 σαφηνίζων
2683 1801 2820 1847 τίσιν
2896 1793 3105 1861 ἔδωκεν,
3180 1796 3434 1869 ἐπήγαγεν
3494 1800 3574 1850 ὅτι
3641 1807 3785 1862 Τοῖς
3858 1820 3941 1851 πι-

528 1880 749 1946 subdit,
803 1881 1187 1937 Credentibus
1236 1881 1299 1936 in
1350 1897 1563 1937 nomen
1613 1882 1752 1952 ejus,
1809 1882 1923 1937 hoc
1976 1887 2083 1948 est,
2130 1884 2187 1938 in

521 1953 738 2042 ipsum,
769 1971 973 2042 Itaque
1003 1969 1183 2040 ipsius
1213 1970 1455 2042 quidem
1508 1977 1596 2025 est
1643 1971 1785 2025 dare
1814 1977 2185 2042 potestatem,

544 2057 759 2114 llorum
785 2074 948 2124 vero,
984 2058 1066 2112 uti
1091 2074 1180 2113 ea.

592 2146 763 2203 Aliud
790 2152 875 2202 est
901 2151 1100 2203 autem
1131 2162 1240 2220 per
1276 2146 1649 2218 baptismum
1682 2147 1946 2220 aliquem
1975 2166 2009 2203 a
2065 2149 2186 2205 Deo

522 2235 817 2309 adoptari,
852 2241 908 2291 et
930 2236 1091 2290 aliud
1114 2252 1219 2308 per
1240 2236 1725 2308 evangelicorum
1747 2243 2185 2309 praeceptorum

522 2325 966 2382 observantiam
1005 2325 1194 2381 ﬁlium
1253 2325 1350 2381 Dei
1409 2325 1534 2381 ﬁeri
1569 2342 1583 2392 ;
1618 2342 1748 2381 nam
1778 2325 1923 2381 illud
1973 2328 2189 2399 princi-

524 2415 692 2489 pium
715 2420 823 2481 est,
862 2415 978 2470 hoc
992 2420 1195 2470 autem
1223 2414 1357 2470 ﬁnis
1387 2432 1399 2470 :
1421 2420 1478 2471 et
1502 2414 1649 2471 illud
1672 2431 1814 2471 sane
1839 2416 1937 2472 Dei
1960 2416 2186 2472 donum

526 2508 634 2571 est,
674 2504 790 2560 hoc
822 2520 959 2560 vero
990 2503 1165 2560 studii
1185 2503 1419 2560 facinus
1446 2503 1777 2576 egregium.

594 2595 755 2649 Vers.
794 2597 875 2649 t3.
928 2592 1044 2660 Qui
1094 2624 1156 2635 —
1214 2593 1347 2649 nati
1384 2600 1540 2649 sunt.
1607 2594 1889 2649 Attenuat
1939 2594 2185 2667 quidem

525 2683 859 2739 humanam
878 2683 1325 2752 generationem
1349 2688 1639 2754 tanquam
1667 2684 2025 2750 naturalem,
2050 2700 2183 2739 eam

523 2788 663 2828 vero
689 2788 824 2844 quae
854 2788 925 2827 ex
959 2772 1077 2826 Deo
1108 2777 1216 2838 est,
1258 2771 1483 2827 extollit
1514 2776 1805 2844 tanquam
1836 2779 2183 2845 supernatu-

518 2861 727 2929 ralem,
751 2866 815 2916 ut
843 2860 1082 2930 cognita
1112 2860 1443 2931 dejectione
1476 2859 1699 2930 primae,
1740 2869 1797 2917 et
1827 2861 2184 2918 exaltatione

519 2948 819 3014 secunda),
852 2948 1147 3004 intellecta
1180 2964 1423 3021 quoque
1450 2948 1720 3004 beneﬁcii
1746 2952 2182 3020 magnitudine,

518 3040 699 3109 digne
716 3039 938 3111 gratias
954 3053 1228 3108 agamus,
1250 3043 1308 3093 et
1326 3036 1661 3093 laboremus
1677 3054 1750 3096 ne
1764 3040 1960 3112 ipsum
1974 3044 2182 3097 nostra

517 3127 760 3198 ignavia
789 3126 1142 3199 perdamus.

589 3218 725 3273 Cum
757 3220 956 3272 autem
986 3214 1393 3271 dixisset.Non
1407 3230 1481 3272 ex
1498 3215 1897 3287 sanguinibus,
1927 3216 2179 3289 subjecit

517 3305 916 3372 manifestius,
940 3306 1138 3377 Neque
1158 3321 1234 3362 ea;
1260 3306 1564 3362 voluntate
1583 3306 1797 3362 carnis.
1820 3307 2041 3362 Deinde
2061 3306 2177 3363 hoc

517 3395 695 3453 etiam
717 3395 975 3468 amplius
993 3395 1403 3468 interpretatur
1417 3394 1665 3462 addens,
1680 3396 1887 3468 Neque
1897 3411 1971 3453 ea:
1985 3396 2178 3453 volun-

518 3489 631 3542 tate
655 3485 789 3540 viri.
819 3485 1076 3555 Sanguis
1098 3484 1258 3539 enim
1303 3488 1361 3539 et
1386 3500 1526 3541 caro
1553 3484 1637 3541 vir
1658 3490 1766 3541 est.
1801 3485 2177 3543 Voluntatem

518 3590 675 3640 vero,
711 3574 983 3645 intelligit
1014 3589 1174 3629 nunc
1214 3572 1399 3629 coitus
1427 3572 1995 3647 concupiscentiam.

589 3752 699 3823 -ι--ί-
740 3753 950 3809 Semen
1003 3751 1287 3808 nimirum
1340 3750 1613 3807 divinum
1671 3751 1909 3809 intravit
1957 3769 2028 3809 ac
2067 3753 2178 3813 sibi

517 3839 872 3897 confortavit
888 3856 1153 3903 carnem.
1177 3846 1370 3897 mente
1393 3839 1664 3896 rationali
1690 3840 2022 3913 praeditam,
2055 3859 2176 3899 non

518 3935 582 3987 ut
612 3932 936 3997 seminans,
968 3931 1072 3986 sed
1106 3935 1167 3985 ut
1223 3945 1451 3996 creans,
1498 3946 1607 3985 nec
1655 3929 1757 3995 ita,
1792 3936 1853 3986 ut
1886 3932 2172 4004 paulatim

516 4019 746 4092 aliquid
762 4019 1099 4085 adderetur,
1116 4024 1294 4092 atque
1326 4019 1405 4074 ita
1439 4018 1630 4074 forma
1649 4018 2045 4091 perﬁceretur,
2072 4020 2176 4077 sed

515 4107 715 4164 statim
746 4108 803 4162 in
848 4107 1145 4179 principio
1186 4112 1302 4163 tota
1357 4107 1552 4162 forma
1613 4108 1834 4164 exstitit
1890 4109 2174 4181 perfecta,

515 4196 697 4252 crevit
726 4201 918 4251 tamen
951 4195 1028 4250 ad
1066 4195 1314 4252 modum
1347 4194 1772 4268 embryonum.
1804 4200 1951 4253 Nam
1985 4203 2042 4254 et
2079 4214 2177 4254 ve-

516 4289 613 4341 tus
644 4284 837 4339 Adam
871 4284 1072 4339 statim
1103 4283 1296 4341 forma
1334 4284 1568 4341 efﬁctus
1600 4289 1688 4341 est
1717 4286 1993 4357 perfecta.

587 4373 750 4429 Vers.
780 4373 869 4430 14.
890 4373 966 4428 Et
995 4405 1058 4414 —
1097 4375 1330 4443 factum
1362 4380 1463 4430 est.
1495 4373 1531 4441 -Ῑκ
1568 4377 1695 4430 Non
1729 4379 1957 4448 poterat
2005 4375 2176 4433 aliter

2300 1887 2571 1937 στεύουσιν
2621 1885 2689 1945 εἰς
2736 1888 2990 1957 τὸόνομα
3035 1884 3215 1949 αὐτοῦ,
3275 1889 3543 1938 τουτέστιν
3600 1887 3689 1950 εἰς
3748 1888 3939 1940 αὐτόν.

2294 1972 2455 2025 Ὠστε
2505 1974 2663 2025 αὑτοῦ
2722 1979 2811 2046 μέν
2861 1974 2976 2026 ἐστι
3026 1977 3082 2026 τὸ
3142 1971 3428 2049 δωρεῖσθαι
3480 1981 3576 2035 τὴν
3636 1977 3937 2050 εἰρημένην

2296 2061 2553 2128 ἐξουσίαν,
2587 2063 2755 2115 αὐτῶν
2788 2059 2847 2115 δὲ
2876 2067 2933 2115 τὸ
2964 2065 3283 2136 χρήσασθαι
3315 2066 3504 2137 ταύτῃ,

2363 2148 2570 2225 Ἕτερον
2621 2149 2680 2204 δε
2734 2155 2793 2204 τὸ
2842 2149 2935 2204 διὰ
2984 2152 3349 2226 βαπτίσματος
3389 2155 3788 2213 υἱοθετηθῆναί
3818 2173 3934 2206 τινα

2295 2244 2426 2310 Θεῷ,
2479 2246 2568 2293 καὶ
2620 2242 2787 2315 ἕτερον
2844 2245 2901 2293 τὸ
2959 2238 3051 2294 διὰ
3113 2241 3346 2315 φυλακῆς
3398 2250 3499 2295 τῶν
3560 2242 3929 2314 εὐαγγελικῶν

2297 2329 2507 2381 ἐντολῶν
2565 2334 2735 2382 τέκνον
2793 2334 2920 2383 Θεοῦ
2975 2332 3218 2402 γενέσθαι
3259 2348 3271 2360 ⁶
3306 2334 3364 2383 rb
3421 2334 3510 2403 μὲν
3569 2334 3684 2405 γὰρ
3752 2329 3923 2405 ἀρχὴ,

2295 2421 2353 2470 τὸ
2382 2415 2441 2471 δὲ
2468 2417 2621 2480 τέλος·
2652 2424 2741 2471 καὶ
2779 2423 2837 2471 τὸ
2869 2422 2958 2492 μεν
2990 2415 3157 2493 δῶρον
3188 2424 3335 2486 Θεοῦ,
3383 2423 3440 2473 rb
3489 2416 3550 2473 δί
3589 2423 3926 2495 κατόρθωμα

2298 2505 2561 2568 σπουδῆς,

2368 2595 2433 2649 Οἱ
2475 2629 2544 2637 —-
2593 2596 2961 2669 ἱγεννήθησαν.
3013 2597 3275 2659 Εὐτελίζει
3321 2601 3411 2671 μὲν
3459 2603 3555 2656 τὴν
3613 2598 3673 2662 ἐξ
3724 2597 3917 2674 ἀνθρώ-

2294 2705 2403 2738 πων
2468 2689 2705 2758 γέννησιν
2768 2689 2839 2748 ὡς
2901 2691 3127 2759 φυσικήν
3160 2704 3171 2716 ·
3218 2686 3494 2761 μεγαλύνει
3578 2684 3644 2741 δί
3703 2692 3801 2745 τήν
3861 2684 3914 2737 ἔκ

2296 2780 2429 2826 Θεοῦ
2478 2777 2542 2835 ὡς
2585 2776 2842 2846 ὑπερφυῆ,
2904 2777 2987 2827 ἵνα
3036 2780 3095 2830 τό
3146 2795 3198 2828 τε
3246 2780 3483 2828 ταπεινὸν
3532 2784 3637 2839 τῆς
3676 2782 3904 2852 πρώτης,

2294 2866 2383 2913 καὶ
2425 2865 2483 2914 τὸ
2528 2861 2726 2933 ὑψηλὸν
2768 2872 2861 2925 τῆς
2929 2860 3175 2940 δευτέρας
3217 2866 3638 2936 καταμαθόντες,
3694 2868 3785 2916 καί
3843 2866 3894 2913 τό

2294 2953 2503 3023 μέγεθος
2559 2961 2649 3013 τῆς
2702 2952 2999 3027 εὐεργεσίας
3066 2951 3376 3025 ἕπιγνὸντες,
3451 2952 3619 3016 ἀξίως
3687 2954 3893 3026 εὐχαρι-

2295 3048 2493 3113 στῶμεν
2546 3046 2637 3093 καὶ
2705 3040 3080 3114 ἀγωνιζώμεθα
3131 3047 3203 3115 μὴ
3258 3040 3512 3095 ἀπολέσαι
3577 3048 3774 3101 ταύτην
3841 3040 3888 3091 ἐκ

2211 3143 2250 3198 C
2289 3130 2566 3203 ῥᾳθυμίας.

2362 3219 2531 3271 Εἰπὼν
2597 3215 2656 3272 δὲ
2713 3221 2792 3272 ὅτι
2848 3220 2958 3272 Οὐκ
3024 3219 3077 3283 ἐξ
3148 3223 3401 3294 αἱμάτων,
3467 3220 3698 3295 ἐπήγαγε
3741 3235 3866 3292 φανε-

2290 3314 2506 3384 ρώτερον
2562 3311 2642 3361 ὅτι
2700 3305 2841 3362 Οὐδὲ
2911 3309 2965 3361 ἐκ
3019 3308 3301 3373 θελήματος
3356 3320 3570 3386 σαρκός.
3643 3310 3761 3366 Εἶτα
3798 3310 3878 3359 καὶ

2289 3405 2442 3450 τοῦτο
2491 3397 2787 3473 τελεώτερον
2842 3401 3219 3473 ἔφηρμήνευσε,
3294 3401 3543 3475 προσθεὶς
3619 3403 3701 3454 ὅτι
3758 3391 3882 3449 Οῦδε

2288 3486 2343 3539 ἐκ
2398 3486 2684 3560 θελήματος
2732 3484 2935 3561 ἀνδρός.
2989 3488 3131 3560 Αἷμα
3184 3491 3282 3563 γὰρ
3332 3494 3421 3541 καὶ
3479 3489 3621 3565 σὰρξ
3672 3491 3697 3541 6
3745 3484 3881 3558 ἀνήρ’

2288 3575 2497 3648 Θέλημα
2545 3572 2604 3629 ὁὶ
2654 3584 2737 3628 νῦν
2793 3581 2897 3629 νόει
2951 3581 3046 3635 τὴν
3095 3575 3393 3651 ἐπιθυμίαν,
3449 3582 3544 3636 τὴν
3610 3577 3728 3652 (29)
3778 3591 3885 3627 συν·

2289 3684 2494 3721 ουσίαν.

2358 3752 2552 3827 [Οἱονεὶ
2609 3754 2723 3827 (30)
2778 3756 2912 3816 θεῖος
2970 3759 3179 3828 σπόρος,
3244 3754 3481 3808 εἰσελθὼν
3539 3761 3633 3809 καὶ
3690 3753 3885 3824 συμπή-

2289 3843 2380 3905 ξας
2429 3843 2593 3895 ἑαυτῶ
2639 3845 2810 3916 σάρκα
2854 3843 2965 3916 (31)
3005 3842 3349 3916 ἐψυχωμένην
3399 3844 3553 3916 ψυχῇ
3606 3846 3786 3913 λογικῇ
3834 3855 3882 3888 τε

2286 3937 2376 3984 καὶ
2432 3938 2600 4005 νοερᾲ,
2646 3932 2705 3984 οὐ
2756 3941 3140 4007 σπερματικῶς,
3193 3931 3321 3985 ἀλλὰ
3369 3928 3779 4008 δημιουργικῶς,
3823 3924 3876 3977 οὖ

2286 4030 2397 4083 ταῖς
2455 4024 2587 4073 κατά
2651 4025 2835 4097 μικρὸν
2901 4023 3227 4095 προσθήκαις
3304 4020 3718 4096 ἀπαρτιζομενου
3795 4018 3876 4066 τοῦ

2290 4117 2592 4184 σχήματος,
2646 4109 2753 4162 ἀλλ’
2826 4112 2944 4183 ὑφεν
2994 4110 3342 4171 τελειωθέντος
3398 4109 3488 4163 ἀπ’
3542 4108 3737 4184 ἀρχῆς,
3790 4098 3871 4155 εἶτ’

2287 4200 2525 4263 αὔξοντος
2556 4204 2693 4272 νόμῳ
2724 4206 2823 4251 τῶν
2860 4198 3111 4275 ἐμϐρύων.
3168 4205 3267 4253 Καὶ
3310 4203 3411 4273 γὰρ
3462 4206 3552 4252 καὶ
3602 4201 3627 4252 ὁ
3674 4193 3870 4249 παλαιὸς

2288 4285 2462 4360 Ἀδὰμ
2491 4288 2679 4349 τελειος
2704 4292 2761 4340 τὸ
2787 4296 2979 4361 σχῆμα
2998 4291 3273 4363 καταρχὰς
3303 4287 3593 4363 ἐπλάσθη]

2360 4382 2558 4431 Καὶ-
2604 4376 2814 4450 ἐγένετο.
2860 4377 2995 4451 [Οῦκ
3035 4378 3146 4451 (3'2)
3199 4378 3364 4439 οΰλως
3414 4379 3519 4431 οἶόν
3571 4397 3623 4431 τι
3673 4371 3728 4432 ἦν
3782 4371 3864 4424 τὴν

518 4462 618 4519 Dei
657 4478 798 4533 erga
828 4478 937 4518 nos
991 4461 1221 4519 dilectio
1275 4464 1356 4519 ita
1395 4463 1777 4530 manifestari,
1830 4466 1982 4522 sicut
2020 4465 2174 4523 facta

2299 4476 2376 4520 rei)
2424 4472 2550 4520 Θεοῦ
2606 4465 2906 4526 δηλωθῆναι
2956 4472 3075 4540 περὶ
3146 4470 3281 4540 ἡμᾶς
3343 4465 3552 4539 ἀγάπην
3606 4468 3634 4525 ἦ
3684 4464 3735 4514 ἐκ
3778 4461 3859 4550 τοῦ

516 4551 716 4610 carnis
738 4553 1038 4609 mentione
1076 4569 1089 4607 :
1124 4557 1180 4609 et
1208 4552 1374 4625 quod
1424 4558 1670 4626 propter
1718 4570 1830 4610 nos
1875 4571 2065 4629 usque
2096 4554 2174 4611 ad

2299 4558 2700 4629 ινημονευθῦναι
2746 4560 2839 4615 τὴν
2892 4558 3081 4631 σάρκα,
3130 4562 3218 4609 καὶ
3264 4559 3345 4609 ὅτι
3393 4554 3466 4610 δι’
3514 4558 3641 4628 ἡμᾶς
3681 4540 3849 4631 auriga

514 4641 575 4699 id
602 4641 767 4714 quod
790 4643 962 4715 pejus
1000 4646 1088 4697 est
1119 4658 1245 4698 sese
1299 4642 1579 4714 dejecerit
1614 4660 1627 4699 :
1684 4660 1822 4700 caro
1876 4643 2173 4717 siquidem

516 4732 688 4801 longe
714 4731 887 4788 vilior
925 4737 1013 4788 est
1058 4732 1282 4788 anima.

592 4820 701 4877 Ubi
751 4820 997 4877 dixisset
1048 4821 1314 4878 homines
1370 4838 1437 4877 ex
1507 4826 1623 4878 Deo
1685 4827 1851 4879 natos
1903 4839 2052 4890 esse,
2098 4824 2178 4887 ait

516 4908 725 4967 Filium
755 4910 933 4965 etiam
965 4910 1062 4965 Dei
1086 4909 1311 4965 factum
1343 4926 1471 4966 esse
1522 4910 1853 4967 hominem.
1888 4914 2032 4968 Nam
2064 4913 2180 4969 hoc

511 4998 737 5055 indicat
756 4997 921 5072 quod
937 4998 1018 5055 ait
1063 5011 1080 5061 :
1119 4998 1361 5056 Verbum
1392 5015 1529 5056 caro
1548 4999 1781 5070 factum
1822 5007 1940 5057 est:
1975 5006 2038 5057 ut
2076 5001 2179 5074 qui

511 5083 661 5145 illud
682 5088 1113 5154 admirabatur,
1140 5088 1333 5159 magis
1356 5090 1527 5145 etiam
1551 5089 1668 5145 hoc
1696 5090 1946 5156 miretur,
1976 5094 2177 5163 utpote

2286 4629 2449 4721 μέχρι
2496 4647 2611 4715 (33)
2662 4652 2753 4697 τοῦ
2805 4629 3044 4720 χείρονος
3077 4664 3088 4675 ·
3126 4645 3261 4720 σὰρξ
3311 4650 3413 4719 γὰρ
3463 4645 3628 4717 ψυχῆς
3672 4629 3841 4688 εὐτελέ-

2289 4733 2513 4809 στερον,]

2359 4823 2586 4896 Εἰρηκὼς
2642 4826 2721 4875 ὃτι
2772 4825 2820 4875 οἱ
2875 4824 3139 4895 ἄνθρωποι
3204 4822 3257 4876 ἐκ
3314 4830 3443 4877 Θεοῦ
3517 4815 3843 4892 ἐγεννήθησανς

2290 4917 2447 4985 φησὶν
2495 4913 2573 4965 ὅτι
2620 4917 2708 4964 καὶ
2757 4914 2781 4963 6
2831 4914 2951 4974 Υἱὸς
2999 4920 3090 4963 τοῦ
3149 4919 3283 4966 Θεοῦ
3346 4914 3617 4987 ἄνθρωπος
3662 4905 3850 4975 ἐγένετο·

2290 5010 2439 5054 τοῦτο
2493 5004 2592 5074 γὰρ
2637 4998 2791 5060 δηλοῖ
2844 5004 2923 5065 rb,
2985 5002 3094 5055 Καὶ
3152 5004 3176 5054 6
3248 5006 3412 5073 Λόγος
3477 5000 3608 5075 σὰρξ
3669 4993 3854 5066 ἐγένετο·

2288 5093 2389 5144 ἀπὸ
2420 5095 2607 5166 μέρους
2649 5094 2707 5143 rb
2754 5096 2854 5143 πᾶν
2889 5108 2900 5120 ·
2935 5093 3021 5142 ἶνα
3068 5091 3180 5163 (34)
3227 5089 3509 5163 Θαυμάζων
3560 5086 3669 5161 (35)
3720 5079 3861 5133 ἄκεῖνο

1733 5267 1959 5336 Varia;
2001 5268 2325 5337 lectiones
2367 5279 2431 5336 et
2477 5277 2676 5337 notae.

610 5482 701 5548 29)
732 5486 839 5541 Τῆς
881 5480 1162 5544 συνουσίας
1195 5481 1427 5536 videtur
1455 5480 1668 5551 legisse
1685 5481 2031 5537 Hentenius.

612 5552 701 5624 30)
737 5554 866 5607 Haec
900 5556 1150 5635 uterque
1186 5553 1245 5635 in
1304 5553 1593 5635 margine.
1661 5554 2176 5635 Henteniuspror-

518 5622 621 5701 sus
640 5622 761 5678 nOn
792 5623 1088 5701 agnoscit.
1114 5625 1280 5701 Forte
1302 5623 1497 5701 etiam
1529 5624 1680 5697 haec,
1713 5630 1779 5681 ut
1807 5622 2095 5691 difﬁcilia,
2118 5626 2179 5682 in

525 5694 1011 5769 interpretatione
1041 5694 1432 5769 praetermisit.

593 5708 676 5750 181⁵
723 5708 1009 5748 ΓΘῐΒῑΙΟΠΘ
1041 5708 1249 5763 printer

593 5708 1156 5838 (31ςἘμψυχωμένην
1193 5770 1255 5818 Δ.

2358 5483 2470 5556 (32)
2514 5481 2709 5539 Codex
2744 5487 2990 5556 uterque
3019 5484 3077 5540 in
3113 5483 3403 5554 margine.

2360 5555 2473 5624 (33)
2514 5558 2693 5626 Μέχρι
2718 5559 2807 5607 καὶ
2832 5555 2944 5611 τοῦ.
2979 5561 3036 5609 Β.

2362 5627 2475 5694 (34)
2513 5625 2575 5681 '0
2596 5625 2777 5681 abest
2795 5631 2855 5679 A.

2365 5628 2453 5694 (34
2513 5628 2575 5681 Ὀ
2607 5628 2855 5681 abestA.

2365 5628 2478 5771 (35;
2519 5696 2789 5771 Θαυμάςει
2816 5701 2884 5753 Δ.
