4144 6314
343 375 476 439 1121

1423 364 1794 426 COMMENT.
1838 361 1906 416 IN
1942 360 2293 418 JOANNEM.
2338 397 2403 403 —
2445 363 2598 419 CAP.
2634 361 2670 418 Ι.

3580 365 3714 420 1122

346 504 594 576 θαυμάζῃ
645 506 798 552 τοῦτο
865 497 1036 562 πλέον,
1078 496 1148 555 ὡς
1193 493 1581 567 ὑπερϐαλόντως
1640 493 1944 561 θαυμασιώ-

2076 483 2896 558 ειοοιιεηῑίοιιίωοόοωᾶεὶε
2946 483 3396 554 admirandum,
3460 489 3605 561 quia
3655 493 3713 544 et

345 608 514 669 τερον·
553 591 660 642 ἐπεὶ
693 593 783 639 xui
834 593 986 638 τοῦτο
1045 587 1204 635 αἴτιον
1237 582 1448 636 ἐκείνου.
1507 588 1607 634 Καὶ
1649 583 1749 652 γὰρ
1779 580 1802 629 6
1837 579 1950 636 Υἱὸς

344 692 436 736 τοῦ
469 687 601 734 Θεοῦ
629 679 900 749 ὡνθρωπος
941 673 1152 745 ἐγένετο,
1190 673 1272 724 ἵνα
1324 674 1371 723 οἱ
1425 673 1688 742 ἄνθρωποι
1727 669 1831 719 υἱοὶ
1861 673 1950 717 τοῦ

346 780 481 824 Θεοῦ
513 775 762 841 γένωνται
777 811 788 821 .

417 861 576 912 ’Ὸταν
607 854 664 909 δὲ
699 855 931 926 ἀκούσῃς
961 855 1041 904 ὅτι
1065 852 1122 902 Ὀ
1160 856 1326 921 ,λόγος
1360 849 1490 922 σὰρξ
1522 847 1735 918 ἐγένετο,
1761 851 1829 918 μὴ
1865 864 1950 916 με·

346 949 572 1006 ταϐολην
603 956 698 1007 τῆς
749 947 888 1004 θείας
942 943 1122 1000 οὐσίας
1175 941 1438 1010 ἐννοήσῃς·
1480 937 1817 996 ἀναλλοίωτος
1850 938 1950 1006 γαρ

348 1040 479 1096 αὕτη
514 1041 602 1088 καὶ
632 1033 834 1094 ἀπαθής
872 1053 883 1063 ·
930 1031 1035 1082 ἀλλ’
1089 1032 1170 1081 ὅτι
1201 1031 1224 1080 6
1252 1034 1416 1098 Λόγος
1470 1028 1536 1077 ὡν
1605 1026 1630 1076 ὀ
1668 1022 1748 1093 ἦν,
1779 1028 1953 1095 γέγονε

348 1133 439 1179 καὶ
465 1129 489 1179 ὃ
520 1126 612 1178 οὐκ
641 1121 721 1187 ἦν,
756 1127 892 1190 ἤτοι,
936 1126 1094 1192 μένων
1128 1122 1277 1183 Θεὸς,
1326 1121 1502 1188 γέγονε
1553 1120 1641 1166 xui
1685 1116 1954 1185 ἄνθρωπος

349 1219 484 1268 κατὰ
517 1211 812 1288 πρόσληψιν
867 1213 1074 1280 σαρκός,
1119 1207 1462 1277 ἐ-,βυχωμένης
1523 1201 1765 1260 δηλονότι
1794 1201 1946 1273 ψυχῇ

347 1306 529 1375 λογικῇ
569 1307 658 1354 καὶ
690 1305 856 1372 νοερᾷ.

427 1395 570 1447 Κατὰ
618 1387 757 1465 τρεῖς
813 1385 870 1439 δὲ
910 1390 1131 1458 τρόπους
1181 1386 1237 1435 τό
1269 1383 1322 1434 ὃν
1376 1387 1574 1454 γίνεται
1638 1397 1649 1410 ⁸
1712 1380 1826 1432 καθ’
1867 1381 1952 1431 ἕνα

349 1487 460 1555 μὲν,
495 1484 613 1534 ὅταν
668 1481 698 1537 ἡ
760 1485 850 1530 τοῦ
881 1480 1020 1534 ὄντος
1063 1476 1218 1545 φύσις
1269 1473 1340 1532 εὶς
1407 1477 1499 1528 τὴν
1540 1477 1629 1522 τοῦ
1681 1472 1950 1540 γενομένου

351 1570 672 1644 μεταϐληθῃ,
742 1566 856 1619 καθ’
911 1566 964 1616 όν
1016 1568 1069 1615 τό
1128 1563 1263 1632 γαλα
1305 1567 1504 1632 γίνεται
1563 1563 1730 1632 τυρός,
1799 1560 1950 1609 xui6

353 1660 515 1720 πηλός
573 1664 828 1732 ὄστρακον
871 1675 881 1685 ’
936 1652 1050 1704 καθ’
1100 1653 1266 1724 ἕτερον
1313 1647 1390 1716 δὲ,
1461 1653 1580 1700 ὅταν
1634 1657 1727 1708 τῆς
1794 1651 1952 1707 οὔσης

355 1750 533 1808 οὐσίας
561 1750 854 1818 σωζομένης
908 1741 1264 1814 ἀμεταϐλήτου
1319 1743 1669 1813 προσγένηταί
1721 1757 1772 1788 τι
1819 1739 1952 1788 κατὰ

2057 575 2171 631 hoc
2199 575 2356 630 illius
2408 593 2590 633 causa
2620 583 2723 632 est.
2761 578 2844 632 Ad
2898 583 3009 634 hoc
3055 577 3352 649 siquidem
3389 578 3489 633 Dei
3531 577 3712 632 Filius

2059 665 2242 720 homo
2282 665 2470 722 factus
2519 672 2629 735 est,
2666 671 2730 722 ut
2755 668 3026 722 homines
3060 666 3164 721 ﬁlii
3205 666 3306 722 Dei
3339 667 3565 722 ﬁerent.

2133 843 2280 899 Cum
2306 860 2444 900 vero
2475 845 2752 912 audieris,
2801 845 3048 901 Verbum
3079 862 3208 900 caro
3242 845 3473 913 factum
3509 853 3588 902 est
3616 860 3715 912 ,ne

2062 935 2618 990 transmutationem
2661 934 2878 990 divinae
2922 935 3190 989 assentire
3229 935 3542 1006 intelligas.
3580 937 3716 1006 lpsa

2061 1021 2277 1077 etenim
2318 1023 2707 1079 immutabilis
2745 1028 2832 1078 est
2879 1039 2948 1078 ac
2988 1021 3358 1094 impatibilis.
3409 1023 3515 1078 Sed
3549 1023 3712 1094 quod

2060 1111 2318 1166 Verbum
2361 1127 2721 1184 permanens
2742 1112 2906 1184 quod
2965 1118 3105 1176 erat,
3142 1111 3367 1167 factum
3417 1117 3503 1168 est
3553 1111 3716 1184 quod

2059 1214 2180 1254 non
2207 1204 2334 1255 erat
2362 1217 2374 1255 :
2410 1203 2534 1258 sive
2574 1217 2825 1256 manens
2859 1204 3028 1266 Deus,
3058 1200 3254 1255 factus
3279 1204 3366 1254 est
3389 1200 3572 1256 homo
3607 1215 3716 1272 per

2058 1289 2255 1343 carnis
2308 1290 2800 1362 assumptionem,
2859 1291 3161 1346 animatus
3202 1287 3499 1344 videlicet.

2130 1377 2339 1433 Tribus
2352 1385 2550 1435 autem
2573 1381 2759 1434 modis
2785 1381 2839 1435 id
2867 1379 3172 1452 quodjam
3188 1383 3294 1443 est,
3318 1377 3443 1432 ﬁeri
3467 1377 3680 1434 dicitur
3701 1395 3714 1444 ;

2061 1482 2181 1522 uno
2202 1468 2447 1538 quidem
2480 1469 2660 1524 modo
2686 1477 2897 1525 natura
2912 1468 3039 1539 ejus
3065 1467 3228 1538 quod
3245 1472 3351 1530 est,
3373 1466 3432 1520 in
3464 1467 3522 1522 id
3551 1467 3718 1539 quod

2059 1555 2125 1610 ﬁt
2155 1563 2600 1624 transmutatur,
2632 1559 2800 1629 juxta
2830 1573 3010 1630 quem
3053 1556 3300 1611 modum
3335 1555 3427 1610 lac
3462 1557 3719 1611 efficitur

2061 1662 2288 1713 caseus,
2314 1655 2368 1704 et
2396 1648 2586 1704 lutum
2613 1650 2864 1704 efﬁcitur
2888 1653 3052 1703 testa.
3082 1648 3276 1701 Altero
3307 1662 3445 1701 vero
3471 1649 3716 1719 quando

2061 1743 2338 1792 manente
2386 1738 2514 1808 ejus
2577 1739 2738 1811 quod
2788 1743 2911 1794 erat
2973 1737 3307 1791 substantia
3375 1736 3710 1805 immutata,

359 1836 702 1910 συμϐεϐηκός,
733 1833 850 1885 καθ’
907 1833 960 1884 ὂν
1002 1830 1257 1902 όχαλκός
1307 1835 1502 1899 γίνεται
1567 1825 1803 1900 ἀνδριὰς,
1863 1831 1950 1877 xui

2076 1825 2214 1880 iliud
2238 1843 2336 1896 per
2365 1827 2642 1882 accidens
2683 1827 2932 1883 efﬁcitur
2975 1827 3181 1895 :juxta
3228 1840 3409 1895 quem
3467 1827 3717 1883 modum

355 1930 380 1979 6
423 1927 682 1999 ἅνθρωπος
716 1921 920 1982 δίκαιος
951 1922 979 1979 ἡ
1034 1916 1239 1984 ἄδικος,
1273 1924 1361 1969 xui
1416 1920 1480 1968 τὰ
1509 1925 1724 1968 τοιαῦτα
1773 1932 1785 1945 ⁸
1818 1919 1952 1967 κατὰ

352 2021 438 2069 τόν
470 2020 640 2090 τρίτον
676 2011 752 2078 δὲ,
787 2015 928 2079 ὅταν,
972 2018 1064 2069 τῆς
1103 2013 1266 2069 οὔσης
1321 2007 1432 2078 (36)
1487 2007 1665 2066 ουσίας
1728 2006 1952 2074 σωζομέ-

353 2127 445 2167 νης
498 2102 877 2176 ἀμεταϐλήτου,
919 2105 1007 2151 καὶ
1056 2097 1180 2154 ἄλλη
1230 2097 1385 2147 οὐσία
1450 2095 1779 2166 προσληφθῇ,
1835 2095 1948 2145 καθ’

354 2197 406 2246 ὃν
468 2197 492 2246 6
567 2195 862 2265 στρατηγός
937 2194 1134 2259 γίνεται
1205 2185 1539 2256 ὡπλισμένος
1622 2183 1754 2234 Ἀλλ’

356 2286 491 2336 κατά
538 2287 623 2334 τόν
663 2290 862 2353 πρῶτον
921 2282 1106 2351 τρόπον
1159 2277 1183 2326 6
1233 2280 1398 2345 Λόγος
1449 2273 1580 2346 σὰρξ
1623 2271 1814 2343 ἐγένετο
1851 2292 1861 2302 ·
1893 2273 1950 2323 ο)

1837 2186 1952 2234 οὔτε

354 2377 451 2446 γαρ
480 2374 509 2429 ἡ
555 2374 709 2443 φύσις
766 2365 1051 2440 μετεϐλήθη
1116 2384 1127 2396 ο
1164 2368 1276 2415 οὔτε
1333 2366 1464 2414 κατα
1512 2367 1594 2413 τόν
1658 2359 1892 2434 δεύτερον
1937 2379 1947 2389 ·

356 2462 414 2514 οὐ
443 2465 542 2533 γάρ
610 2461 639 2516 ἡ
698 2460 1076 2530 προσγενομένη
1135 2452 1267 2526 σὰρξ
1312 2451 1657 2523 συμϐεϐηκός,
1716 2449 1822 2501 ἀλλ’
1863 2451 1950 2500 οὖα

357 2556 449 2603 σία
478 2555 562 2600 καὶ
623 2547 753 2604 αὖτή
791 2563 802 2573 ·
847 2545 1022 2596 λοιπόν
1072 2538 1158 2594 οὖν
1216 2544 1350 2592 κατα
1404 2544 1490 2592 τόν
1550 2545 1724 2613 τρίτον
1764 2543 1951 2613 τρόπον

355 2645 464 2714 χρὴ
501 2646 630 2690 νοεῖν
681 2640 738 2689 τὸ
764 2637 939 2710 ῥητόν.
976 2638 1130 2690 Δίκην
1185 2635 1285 2704 γαρ
1320 2637 1617 2704 στρατηγοῦ
1648 2633 1740 2686 τὴν
1782 2631 1953 2700 σάρκα

349 2730 697 2801 περιθέμενος,
735 2729 821 2776 τόν
851 2722 1092 2794 πολέμιον
1140 2729 1233 2781 τῆς
1281 2721 1532 2792 ἡμετέρας
1563 2721 1760 2789 φύσεως
1799 2735 1950 2768 κατε‹

353 2817 548 2888 πολέμη
559 2834 636 2868 σε.

425 2906 651 2973 Ἐγένετο
707 2899 764 2954 δὲ
814 2899 969 2967 εἶπεν,
1039 2898 1257 2972 ἀναιρῶν
1305 2901 1398 2955 τὴν
1460 2895 1801 2969 βλασφημίαν
1853 2904 1950 2946 τῶν

352 2993 644 3064 ληρούντων
697 2993 776 3042 ὃτι
859 2988 991 3060 σὰρξ
1056 2987 1370 3060 ἐφαντάσθη.
1436 2986 1772 3058 Χρησάμενος
1849 2987 1950 3058 γὰρ

354 3089 416 3154 τῇ
465 3081 614 3146 λέξει,
691 3087 750 3152 τῇ
825 3078 1076 3150 Ἐγένετο,
1132 3074 1432 3128 ἐϐεϐαίωσεν
1495 3077 1575 3126 ὅτι
1631 3077 1763 3125 κατά
1824 3073 1949 3132 ἁλή-

2060 1932 2138 1968 aes
2161 1914 2412 1970 efﬁcitur
2446 1922 2660 1982 statua,
2687 1923 2740 1971 et
2760 1917 2942 1971 homo
2967 1913 3420 1982 efficiturjustus
3442 1916 3530 1970 vel
3563 1915 3717 1988 inju—

2063 2004 2459 2076 slus,aliaque
2482 2005 2723 2062 similia.
2757 2007 2946 2061 Tertio
2971 2023 3105 2061 vero
3122 2010 3322 2074 modo,
3339 2007 3586 2080 quando
3606 2006 3718 2061 sal-

2061 2109 2138 2148 va
2153 2094 2545 2149 acimmutata
2570 2095 2744 2148 unius
2759 2094 2834 2166 (ε)
2849 2095 3208 2166 substantia,
3224 2097 3336 2152 alia
3352 2113 3593 2168 quoque
3614 2095 3718 2150 ad-

2059 2181 2217 2236 ditur
2233 2183 2604 2238 substantia:
2639 2183 2818 2240 ethoc
2847 2185 3028 2238 moio
3045 2185 3211 2240 miles
3245 2186 3716 2241 efticiturarma—

2065 2277 2175 2326 tus.
2200 2271 2396 2326 Primo
2413 2289 2552 2342 ergo
2571 2272 2750 2328 modo
2772 2289 2884 2326 non
2902 2280 2991 2328 est
3027 2275 3276 2329 Verbum
3314 2275 3538 2330 factum
3556 2290 3713 2339 caro,

2062 2377 2181 2415 non
2199 2362 2357 2415 enim
2389 2368 2604 2416 natura
2645 2368 2874 2417 mutata
2901 2372 3024 2427 est;
3059 2379 3251 2436 neque
3274 2365 3566 2433 secundo,
3599 2380 3720 2418 non

2061 2450 2220 2504 enim
2245 2465 2347 2520 per
2376 2449 2654 2504 accidens
2695 2467 2833 2505 caro
2862 2450 3015 2506 facta
3060 2459 3164 2516 est,
3195 2453 3301 2506 sed
3323 2452 3452 2522 ipsa
3478 2468 3721 2523 quoque

2063 2538 2420 2592 substantia.
2458 2541 2653 2593 Restat
2676 2538 2857 2608 igitur
2891 2545 2950 2594 ut
2975 2541 3137 2610 quod
3171 2541 3397 2595 dictum
3429 2548 3521 2596 est
3554 2541 3722 2596 tertio

2063 2626 2244 2680 modo
2261 2625 2639 2695 intelligatur.
2672 2627 2818 2682 Nam
2836 2643 3000 2683 more
3021 2628 3226 2684 militis
3264 2629 3368 2701 (ιι),
3399 2645 3575 2686 carne
3591 2645 3723 2685 ves-

2064 2718 2203 2771 titus
2231 2713 2452 2770 bellum
2494 2716 2566 2787 (e)
2595 2721 2870 2772 nostrum
2903 2716 3142 2772 devicit.

2136 2891 2289 2948 Dixit
2309 2898 2507 2949 autem
2538 2894 2789 2950 Factum
2821 2900 2922 2960 est,
2945 2893 3471 2968 utblasphemiam
3492 2895 3720 2954 tolleret

2062 2983 2416 3053 nugantium
2456 2999 2525 3038 ac
2568 2983 2914 3052 dicentium,
2947 2985 3113 3056 quod
3142 3001 3282 3041 caro
3322 2985 3718 3056 imaginatum

2061 3076 2153 3126 est
2181 3070 2461 3126 Verbum.
2504 3073 2654 3127 Usus
2693 3073 2855 3128 enim
2905 3072 3022 3128 hoc
3083 3074 3283 3139 verbo,
3339 3075 3582 3130 Factum
3609 3081 3717 3145 est,

359 3174 516 3240 θειαν,
550 3175 638 3221 καὶ
667 3169 724 3222 οὗ
766 3172 898 3231 κατὰ
931 3171 1214 3238 φαντασίαν
1246 3165 1655 3237 ἐνηνθρωπησεν.
1683 3163 1791 3216 Ἵνα
1841 3165 1948 3234 (37)

2076 3160 2620 3230 :ontirmavitquod
2643 3177 2778 3217 vere
2813 3168 3010 3217 etnon
3046 3163 3418 3233 phantastice
3441 3164 3721 3220 incarna-

357 3257 414 3313 δὲ
463 3263 533 3332 μὴ
587 3257 874 3332 μεταϐολήν
930 3275 1046 3308 τινα
1103 3264 1192 3314 τῆς
1241 3257 1377 3316 θείας
1453 3253 1636 3313 οὐσίας
1685 3251 1948 3326 ἐννοήσῃς,

357 3354 505 3422 φησί.

431 3442 528 3489 Καὶ
578 3435 868 3494 ἐσκήνωσεν
923 3433 970 3485 ἐν
1023 3435 1168 3505 ἡμῖν.
1239 3432 1558 3490 Ἐσκήνωσεν
1621 3430 1666 3482 ἐν
1715 3440 1774 3504 τῇ
1832 3433 1956 3504 ἠμε-

783 3523 830 3574 έν
1005 3529 1243 3592 συγγενεῖ
1306 3524 1473 3593 ἡμῶν,
1526 3521 1572 3572 έν
1730 3521 1958 3594 ἐξήμὼν

357 3614 776 3686 προσληγοείσῃ.
823 3612 880 3664 Εἰ
925 3615 1026 3684 γὰρ
1068 3613 1233 3683 ἕτερον
1283 3614 1339 3661 τὸ
1383 3618 1627 3674 σκηνοῦν,
1671 3614 1755 3660 καὶ
1795 3612 1959 3682 ἕτερον

360 3705 387 3758 ἡ
438 3707 624 3766 σκηνὴ,
679 3702 847 3772 ἔτερος
887 3703 1073 3771 ἔμεινεν
1126 3699 1148 3749 6
1211 3705 1378 3770 Λόγος
1421 3702 1563 3770 παρὰ
1621 3704 1710 3756 την
1771 3702 1958 3768 σάρκα,

358 3795 490 3842 κατα
520 3795 613 3847 τὴν
646 3791 827 3841 οὐσίαν
875 3794 964 3839 xui
1019 3791 1192 3858 φύσιν.
1251 3790 1394 3839 Κατά
1419 3791 1518 3859 γὰρ
1552 3793 1643 3843 τὴν
1688 3790 1963 3858 συνάφειαν

358 3886 446 3932 καὶ
477 3880 652 3932 ἕνωσίν
701 3880 747 3930 ἓν
800 3879 938 3929 ἐστιν
971 3879 996 3927 6
1032 3876 1337 3946 προσλαϐὼν
1381 3883 1567 3944 Λόγος,
1621 3881 1708 3926 καὶ
1735 3878 1761 3932 ἡ
1808 3895 1967 3946 προσ·

357 3971 611 4042 ληφθεῖσα
641 3967 791 4040 σὰρξ,
861 3966 1166 4036 σωζομένων
1223 3970 1312 4015 καὶ
1360 3966 1472 4033 (38)
1521 3968 1650 4036 μετὰ
1698 3970 1790 4022 τὴν
1847 3967 1970 4017 ἐνω-

363 4080 444 4111 σιν
474 4057 734 4132 ἀτρέπτων
782 4060 872 4106 xui
928 4052 1249 4124 ἀσυγχύτων
1308 4063 1406 4104 τῶν
1439 4050 1534 4105 δυο
1579 4057 1776 4126 γύσεων
1808 4053 1970 4129 αττορ-

357 4150 552 4223 peras.

433 4235 822 4288 Καὶ-αὐτον.
855 4237 962 4289 Τήν
995 4229 1150 4295 δόξαν
1196 4240 1285 4284 τοῦ
1344 4239 1536 4304 Λόγου,
1591 4239 1683 4292 τὴν
1743 4231 1964 4306 δύναμιν

360 4334 454 4386 τῆς
524 4327 786 4391 θεότητος,
850 4319 943 4373 διὰ
998 4331 1089 4383 τῆς
1167 4326 1354 4394 σαρκός
1417 4322 1698 4394 λάμψασαν
1763 4327 1826 4384 ὡς
1877 4321 1969 4375 δια

359 4416 853 4488 παραπετάσματος.
911 4416 1002 4472 Τίς
1049 4407 1106 4462 δὲ
1172 4408 1230 4468 ἦν
1278 4412 1407 4467 αὕτη
1459 4428 1469 4476 ;
1521 4413 1596 4466 Tu
1646 4415 1836 4486 ἄπειρα
1873 4412 1967 4463 καὶ

356 4504 568 4555 ποικίλα
644 4505 905 4568 Οαὺριατα,
963 4503 988 4557 η
1091 4500 1456 4574 ὑπέρλαμπρος

359 4612 760 4665 μεταμορε-ησις
807 4611 891 4642 7.7.:
927 4594 1059 4642 κατα
1109 4594 1191 4640 τόν
1224 4595 1402 4662 καιρόν
1452 4597 1544 4649 τῆς
1604 4598 1964 4664 σταυρώσεως,

361 4684 385 4733 6
417 4686 557 4753 παρα
585 4687 738 4753 φύσιν
774 4683 1057 4752 σκοτισμός
1089 4686 1178 4730 τοῦ
1208 4679 1374 4742 ἡλίου,
1429 4682 1484 4729 τό
1519 4677 1724 4750 φοϐερόν
1754 4685 1967 4752 σχίσμα

363 4779 451 4820 τοῦ
492 4771 980 4839 καταπετάσματος,
1035 4769 1058 4816 6
1091 4769 1302 4839 γρικτός
1364 4767 1540 4827 κλόνος
1609 4778 1699 4829 τῆς
1746 4777 1863 4839 γῆς,
1904 4773 1968 4820 τὰ

366 4863 645 4929 σχίσματα
697 4866 794 4908 τῶν
839 4865 1056 4930 πετρῶν,
1114 4858 1168 4906 ui
1242 4864 1338 4906 τὼν
1411 4863 1669 4928 μνημείων
1721 4856 1961 4921 ἀνοίξεις,

363 4947 417 4996 αἱ
455 4955 551 4997 των
605 4953 791 5018 νεκρῶν
850 4944 1096 5016 ἐγέρσεις,
1158 4949 1245 4996 xui
1298 4949 1354 4997 τὸ
1403 4947 1672 5019 κεφάλαιον
1726 4950 1955 5016 πάντων,

2068 3256 2192 3304 tum
2218 3256 2324 3304 est.
2353 3250 2571 3304 Verum
2594 3266 2666 3304 ne
2697 3250 2914 3306 divinas
2941 3252 3287 3307 substantiae
3322 3251 3718 3308 mutationem

2066 3337 2383 3408 intelligas,
2433 3337 2583 3393 dicit

2140 3427 2300 3482 Vers.
2352 3428 2438 3482 14.
2505 3428 2582 3482 Et
2634 3428 2926 3484 habitavit
2973 3430 3033 3484 in
3068 3429 3254 3484 nobis.
3311 3428 3604 3484 Habitavit
3661 3431 3722 3485 in

2068 3521 2273 3572 nostra
2311 3532 2506 3586 carne,
2533 3516 2594 3570 in
2633 3534 2699 3571 ea
2720 3533 2855 3587 quae
2870 3517 3042 3572 nobis
3057 3519 3394 3590 propinqua
3420 3525 3526 3583 est,
3561 3517 3621 3573 in
3652 3535 3725 3574 ea

2071 3623 2204 3678 quae
2235 3607 2451 3661 anobis
2480 3612 2792 3677 assumpta
2817 3612 2922 3660 est.
2953 3608 3119 3672 Quod
3159 3608 3207 3662 si
3240 3607 3403 3662 aliud
3431 3614 3522 3663 est
3553 3609 3600 3663 is
3621 3609 3726 3680 qui

2072 3695 2318 3759 habitat,
2369 3700 2425 3750 et
2467 3695 2628 3750 aliud
2673 3694 3006 3751 habitatio:
3071 3697 3327 3753 Verbum
3389 3697 3722 3753 secundum

2077 3784 2470 3839 substantiam
2523 3790 2580 3839 et
2619 3792 2895 3839 naturam
2963 3785 3127 3840 aliud
3186 3790 3408 3841 mansit
3445 3803 3481 3842 a
3527 3803 3727 3842 carne.

2078 3877 2224 3929 Nam
2250 3874 2582 3928 secundum
2604 3875 3088 3942 coniunctionem
3115 3881 3172 3930 et
3212 3876 3518 3941 unionem,
3554 3892 3732 3931 unum

2079 3971 2166 4019 est
2192 3963 2449 4018 Verbum
2475 3966 2829 4034 suscipiens,
2857 3980 3117 4037 caroque
3146 3972 3448 4037 suscepta,
3484 3965 3732 4020 servatis

2079 4055 2256 4110 etiam
2289 4059 2421 4124 post
2465 4053 2766 4118 unionem,
2801 4053 3132 4110 immutatis
3163 4061 3344 4127 atque
3399 4054 3732 4110 inconfusis

2079 4143 2317 4198 duabus
2360 4141 2735 4198 inetfabiliter
2778 4143 3022 4198 naturis.

2150 4232 2311 4286 Vers.
2363 4233 2448 4286 14.
2480 4233 2552 4286 Ει
2584 4263 2650 4271 -
2703 4234 2851 4302 ejus.
2905 4231 3164 4288 Gloriam
3221 4233 3422 4303 Verbi,
3469 4233 3738 4290 virtumm

2081 4321 2421 4387 divinitatis,
2469 4338 2604 4393 quae
2639 4337 2744 4392 per
2787 4337 3027 4377 carnem
3062 4329 3348 4395 tanquam
3379 4339 3485 4395 per
3539 4322 3738 4378 velum

2079 4411 2289 4467 illuxit.
2324 4411 2464 4478 Quae
2482 4416 2682 4466 autem
2710 4416 2834 4466 erat
2864 4411 2966 4469 illa
2994 4411 3021 4465 ‘?
3052 4417 3206 4467 certe
3231 4429 3545 4484 nunquam
3565 4417 3741 4468 antea

1547 4507 1634 4552 xui
1703 4503 1966 4574 ὑπερφυὴς
1999 4526 2046 4580 D
2079 4501 2208 4556 visa
2225 4503 2504 4572 variaque
2537 4499 3153 4571 miracula,perlucida
3168 4518 3237 4557 ac
3266 4500 3734 4573 supernaturalis

2080 4589 2543 4653 transformatio,
2586 4594 2642 4644 et
2691 4597 2954 4660 tempore
2995 4589 3296 4644 Passionis
3337 4590 3477 4644 solis
3524 4595 3738 4661 praeter

2078 4681 2346 4732 naturam
2371 4675 2732 4740 obscuratio,
2751 4674 3142 4729 formidabilis
3165 4675 3271 4729 veli
3295 4675 3503 4731 scissio
3544 4673 3738 4730 horri-

2075 4765 2214 4821 bilis
2242 4771 2407 4820 terraa
2424 4767 2950 4835 motus,petrarum
2973 4763 3310 4830 scissiones,
3329 4769 3741 4820 monumento-

2079 4872 2207 4910 rum
2223 4855 2966 4927 apertiones,mortuorum
2987 4853 3426 4912 suscitationes:
3453 4855 3738 4927 quodque

2074 4948 2355 5003 omnium
2372 4951 2552 5018 caput
2577 4943 3010 5012 est,mirabilior
3022 4959 3208 5016 quam
3234 4943 3350 4999 dici
3373 4949 3474 5000 aut
3490 4943 3738 5016 cogitari

1593 5152 1810 5222 Variae
1840 5153 2169 5222 lectiones
2204 5163 2270 5220 et
2313 5163 2512 5221 notas.

581 5405 760 5474 Οἱσης
790 5400 962 5474 abest
988 5407 1052 5456 Δ.

437 5403 526 5474 (36
581 5405 760 5462 Οἱσης
790 5402 936 5457 abes

437 5402 552 5545 (37;
577 5476 638 5525 Ai
675 5471 844 5530 abest
873 5473 939 5526 A.

431 5651 502 5796 (9
533 5651 726 5733 Uuius.
762 5651 873 5708 Pro
905 5652 1068 5734 οᾷσης
1112 5651 1346 5736 videtur
1371 5653 1587 5726 legisse
1608 5661 1754 5728 μιᾶς.

493 5727 509 5795 )
546 5725 638 5779 Bis
660 5722 842 5796 habet
871 5725 1054 5780 miles.
1087 5724 1201 5796 Sed
1233 5740 1294 5781 ιιι
1311 5725 1524 5783 Θνωοο
1555 5742 1676 5784 non
1691 5743 1754 5785 es

493 5727 509 5795 )
546 5725 638 5779 Bis
660 5722 842 5801 habet
871 5724 1054 5801 miles.
1087 5724 1294 5801 _Se_d_in
1311 5722 1524 5783 Gra’co
1555 5722 1676 5784 non
1691 5729 1780 5785 est
1809 5743 1973 5801 στρα-

361 5795 574 5864 τιώτης,
603 5795 706 5852 sed
747 5799 1056 5871 στρατηγὸς,
1086 5795 1221 5854 belli
1249 5797 1389 5854 dum.

2156 5405 2268 5477 (38)
2327 5410 2428 5458 Καὶ
2470 5405 2664 5461 abest.
2701 5406 2769 5458 A.

2085 5729 2124 5786 ἠ
2154 5657 2224 5785 (εὲ
2253 5657 2512 5714 Bellum.
2556 5655 2794 5714 Videtur
2829 5655 3043 5731 legisse
3083 5657 3322 5732 πόλεμον.
3373 5657 3482 5714 Mei
3511 5658 3735 5720 habent

2129 5744 2189 5785 os
2219 5744 2307 5786 em

2162 5745 2189 5785 8
