4144 6314
513 322 648 390 1111
1833 321 2188 384 EUTHYMII

2298 318 2570 382 GABENI
3745 331 3773 386 1
3788 329 3923 388 112

586 461 742 516 Vers.
792 463 837 515 1.
879 458 955 515 Et
997 459 1151 515 Deus
1195 458 1320 515 erat
1376 455 1640 512 Verbum.
1676 457 1821 513 Cum
1852 452 2023 511 Verbi
2053 467 2165 508 no-

2349 455 2449 504 Καὶ
2508 450 2641 513 Θεός
2686 448 2746 510 ἦν
2768 451 2795 503 6
2823 453 3020 522 Λόγος.
3072 454 3413 526 Χρησάμενος
3438 462 3510 525 τῷ
3547 454 3761 527 ὀνόματι
3800 463 3921 509 τοῦ

514 550 676 606 mine
705 565 851 604 usus
879 547 1084 604 fuisset
1120 546 1199 603 ad
1228 547 1570 603 docendum
1610 545 1668 600 in
1703 559 1964 616 superna
1994 556 2169 611 gene-

2294 545 2441 612 lé-you
2498 544 2631 613 πρὸς
2700 537 3054 593 διδασκαλίαν
3126 550 3218 594 τοῦ
3285 541 3514 616 ἀχρόνου
3597 550 3687 597 καὶ
3739 543 3915 598 ἁπα-

514 640 742 694 ratione
765 636 1354 709 intemporalitatem,
1375 634 1819 705 aﬂ'ectuumque
1842 631 2166 688 carentiam

2294 631 2401 690 im);
2470 637 2566 690 τῆς
2630 631 2923 703 ὑπερφυοῦς
2977 634 3282 700 γεννήσεως,
3359 631 3535 685 λοιπὸν
3613 636 3911 707 θεραπεύει

513 720 682 783 curat
719 726 1000 798 deinceps
1034 742 1104 781 ac
1132 725 1281 781 tollit
1318 726 1604 780 damnum
1633 722 1793 795 quod
1822 722 1898 777 ad
1927 722 2036 777 hoc
2066 735 2172 775 no-

2294 723 2371 777 rr‘w
2402 721 2730 792 ὑφέρπουσαν
2755 726 2826 789 τῷ
2876 718 3090 790 ὀνόματι
3139 718 3360 792 βλάϐην,
3418 722 3500 773 ἶνα
3536 728 3608 794 μὴ
3641 722 3909 795 βλασφη-

516 832 654 872 men
685 815 989 889 subrepit:
1032 818 1177 886 puta
1223 829 1296 869 ne
1329 813 1462 885 quis
1500 812 1896 884 blasphemet,
1954 815 2170 882 putans

2294 811 2424 879 ιὴσῃ
2465 826 2563 873 τις,
2619 806 2874 881 [οἰόμενος
2907 806 2983 878 (7)
3033 809 3114 859 ὅτι
3170 808 3315 880 λόγος
3345 809 3485 862 ἐστὶν
3522 811 3541 881 ]
3574 811 3675 872 οἷος
3705 813 3732 863 ὁ
3756 814 3903 884 ἦμες

514 903 630 961 tale
659 904 911 961 verbum
940 919 1069 959 esse
1088 902 1263 975 quale
1285 907 1555 957 nostrum
1583 906 1687 963 est,
1719 902 1843 955 sive
1868 899 2167 955 internum

2294 915 2441 968 τερος,
2473 892 2762 956 ἐνδιάθετος
2792 895 2822 955 ἦ
2854 900 3169 970 προφορικός
3203 916 3213 926 ·
3236 897 3296 950 οὗ
3325 901 3427 972 γὰρ
3468 898 3582 951 ἔστι
3625 906 3894 965 τοιοῦτος,

516 995 638 1050 sive
660 994 712 1049 id
752 992 916 1066 quod
944 991 1303 1064 proferimus
1329 1008 1342 1057 ;
1376 1006 1564 1062 neque
1595 989 1753 1044 enim
1780 988 1895 1044 tale
1925 994 2030 1053 est,
2065 986 2172 1042 sed

2294 983 2770 1052 ιλλ’ἐνυπόστατος,
2815 992 2909 1047 τῆς
2967 985 3128 1048 αὐτῆς
3178 994 3253 1057 τῷ
3312 992 3477 1063 Πατρὶ
3534 991 3734 1059 φύσεως
3793 994 3900 1042 καὶ

514 1081 919 1146 substantiale,
977 1080 1232 1153 ejusdem
1262 1095 1396 1135 cum
1460 1078 1628 1135 Patre
1689 1084 1917 1133 naturas
1944 1092 2015 1133 ac
2087 1075 2171 1132 di-
2281 1071 2443 1136 ἀξίας.

515 1172 774 1244 gnitatis.

586 1263 748 1317 Vers.
793 1262 846 1315 2.
880 1261 1000 1316 Hoc
1028 1291 1093 1301 —
1128 1262 1325 1317 Deum.
1357 1260 1504 1315 Cum
1557 1257 1798 1313 dixisset
1828 1255 1993 1329 quod
2016 1271 2169 1311 sem-

514 1366 617 1423 per
648 1353 790 1415 erat,
824 1349 1107 1422 quodque
1145 1354 1182 1405 a
1219 1348 1389 1405 Patre
1450 1345 1861 1419 inseparabile,
1913 1349 1966 1401 et
2005 1344 2171 1417 quod

517 1442 670 1497 Deus
711 1443 834 1495 erat
868 1455 879 1494 :
923 1438 1090 1494 brevi
1131 1437 1512 1508 mirandoque
1555 1435 1757 1499 modo,
1804 1432 2169 1503 theologiam

514 1544 698 1600 quam
722 1527 795 1583 de
829 1527 941 1583 hoc
978 1525 1268 1598 exposuit,
1298 1525 1360 1581 in
1400 1541 1703 1581 summam
1735 1523 1950 1592 redigit
1994 1537 2173 1578 :com-

510 1616 802 1689 pendium
854 1615 1071 1672 divinas
1124 1614 1199 1671 de
1251 1631 1321 1670 eo
1379 1613 1734 1684 cognitionis
1782 1613 1955 1669 nobis
2017 1628 2173 1685 prae-

513 1707 684 1762 hens.

2351 1251 2515 1312 Οὗτος
2546 1283 2607 1292 -—
2638 1256 2786 1305 Θεόν.
2821 1254 2990 1305 Εἰπὼν
3016 1254 3095 1306 ὅτι
3126 1252 3205 1307 ἀεὶ
3244 1251 3326 1322 ἦν,
3358 1259 3447 1308 καὶ
3473 1257 3555 1308 ὅτι
3580 1254 3903 1330 ἂχὼριστος

2278 1347 2372 1392 τοῦ
2431 1344 2636 1414 Πατρός
2683 1339 2766 1411 ἦν,
2820 1346 2908 1395 καὶ
2967 1344 3043 1394 ὅτι
3108 1347 3235 1404 Θεὸς
3266 1340 3347 1407 ἦν,
3406 1344 3901 1417 ἀνεκεφαλαιὼσατο

2284 1434 2553 1503 συντόμως
2580 1432 2710 1502 ὁμοῦ
2737 1435 2823 1482 καὶ
2854 1433 3177 1504 θαυμασίως,
3214 1433 3274 1491 ἦν
3303 1433 3498 1496 ἔξέθετο
3544 1439 3659 1509 περὶ
3696 1438 3901 1487 τούτου

2284 1518 2544 1591 θεολογίαν
2570 1520 2671 1591 (8),
2715 1519 2933 1591 σύνοψιν
2984 1525 3109 1593 ἣμῖν
3172 1521 3439 1593 θεολογίας
3489 1528 3605 1596 περὶ
3634 1531 3727 1576 τοῦ
3759 1526 3901 1577 rimi

2280 1613 2705 1683 παρασχόμενος.

586 1793 927 1850 Dicentibus
981 1795 1199 1849 autem.
1242 1791 1407 1866 quod
1458 1791 1654 1847 omnis
1695 1790 1851 1847 ﬁlius
1880 1796 2044 1864 patre
2068 1806 2174 1863 po—
2207 1818 2242 1869 Β

519 1883 725 1939 sterior
776 1888 882 1949 est,
945 1880 1442 1955 respondebimus
1478 1880 1499 1935 ε’
1532 1879 1678 1935 Cum
1722 1880 1933 1949 dicitis,
1967 1880 2172 1936 Omnis

516 1970 696 2040 ﬁlius,
723 1972 850 2043 jam
880 1971 940 2026 id
972 1971 1137 2043 quod
1165 1969 1452 2043 quteritur
1476 1968 1851 2026 dissolvistis.
1874 1969 2170 2042 Siquidem

520 2061 623 2117 Dei
643 2059 843 2126 Filius,
867 2076 989 2115 non
1016 2065 1103 2116 est
1127 2058 1273 2123 talis,
1308 2058 1501 2131 qualis
1524 2063 1615 2114 est
1639 2059 1836 2115 omnis
1861 2057 2035 2124 ﬁlius,
2069 2059 2173 2114 sed

518 2155 656 2205 vere
680 2147 1173 2222 supernaturalis.

592 2237 878 2293 Praeterea
926 2237 1292 2292 contentiose
1332 2235 1732 2291 asserentibus
1776 2251 1913 2291 eum
1951 2235 2057 2308 qui
2096 2236 2174 2291 ab

523 2326 721 2399 aliquo
753 2330 864 2391 est,
898 2332 1138 2382 necesse
1156 2325 1405 2381 omnino
1443 2339 1576 2380 esse
1604 2329 1669 2380 ut
1690 2326 1764 2380 sit
1786 2324 2075 2397 posterior
2105 2341 2175 2381 eo

521 2433 557 2472 a
586 2431 708 2488 quo
738 2419 845 2480 est,
875 2413 1357 2487 respondendum
1381 2418 1487 2478 est,
1514 2414 1680 2486 quod
1711 2414 1819 2469 etsi
1841 2414 1953 2470 hoc
1976 2415 2179 2470 dicant

522 2504 665 2561 solis
697 2509 897 2561 tamen
922 2504 1127 2559 radius
1166 2519 1303 2559 cum
1327 2503 1404 2558 ab
1442 2503 1575 2574 ipso
1597 2503 1691 2569 sit,
1720 2519 1843 2559 non
1867 2508 1951 2559 est
1972 2519 2041 2560 eo
2071 2518 2179 2576 po-

523 2594 770 2650 sterior:
806 2610 1121 2666 nunquam
1158 2593 1317 2648 enim
1359 2590 1450 2648 sol
1489 2592 1614 2648 sine
1662 2593 1832 2649 radio
1876 2593 2175 2665 apparuit.

2356 1791 2491 1859 Πρός
2523 1784 2582 1840 δὲ
2610 1791 2726 1848 τοὺς
2754 1788 2994 1859 λέγοντας
3029 1790 3109 1841 ὃτι
3136 1795 3246 1851 Πᾶς
3275 1792 3389 1851 υίὸς
3417 1791 3629 1865 ὗστερός
3659 1789 3772 1844 ἔστι
3795 1800 3900 1844 τοῦ

2281 1879 2497 1951 πατρὸς,
2533 1875 2744 1950 ἔροῦμεν
2775 1880 2854 1929 ὅτι
2881 1884 2986 1939 Πᾶς
3010 1881 3122 1939 υἱός
3151 1878 3395 1941 εἰπόντες,
3433 1878 3675 1932 λελύκατε
3698 1884 3758 1933 τὸ
3794 1881 3903 1942 ζη-

2282 1968 2544 2039 τούμενον.
2572 1967 2630 2019 Ὀ
2654 1970 2753 2040 γὰρ
2785 1969 2904 2029 Υἱὸς
2929 1975 3022 2019 τοῦ
3061 1975 3194 2021 Θεοῦ
3226 1967 3317 2020 οὐκ
3362 1970 3476 2020 ἔστι
3503 1976 3741 2032 τοιοῦτος
3787 1967 3904 2031 οἶος

2281 2060 2385 2115 πᾶς
2412 2057 2542 2123 υἱός,
2576 2054 2684 2107 ἀλλ’
2723 2059 2876 2118 ὅντως
2907 2058 3198 2130 ὑπερφυής.

2353 2232 2471 2285 Ἔτι
2511 2229 2569 2286 δέ
2616 2236 2742 2308 πρός
2778 2237 2897 2294 τοὺς
2947 2233 3377 2306 φιλονεικοῦντας,
3426 2238 3503 2289 ὅτι
3557 2240 3627 2290 T6
3658 2240 3713 2290 ἔκ
3752 2257 3901 2301 τινος

2285 2319 2482 2393 ἀνάγκη
2514 2324 2719 2384 πάντως
2773 2320 2901 2375 εἶναι
2938 2323 3152 2398 ὕστερον
3204 2332 3295 2377 τοῦ
3348 2324 3401 2389 ἒξ
3439 2326 3501 2378 οὗ
3539 2324 3700 2391 ἐστιν,
3769 2326 3902 2380 ἀπο-

2282 2410 2524 2482 λογητέον
2557 2413 2637 2463 ὃτι
2674 2417 2774 2464 Καὶ
2835 2417 2939 2484 μὴν
3004 2415 3060 2465 τὸ
3127 2411 3452 2487 ἀπαύγασμα
3496 2423 3587 2467 τοῦ
3640 2415 3815 2480 ἡλίου,
3845 2416 3905 2479 ἐξ

2287 2499 2443 2551 αὐτοῦ
2466 2498 2545 2571 (9)
2572 2500 2645 2560 ὃν,
2682 2500 2777 2553 οὐκ
2805 2504 2948 2553 ἔστιν
2995 2501 3209 2574 ὕστερον
3261 2502 3422 2555 αὐτοῦ
3469 2523 3482 2536 ·
3513 2500 3766 2557 οὐδέποτε
3794 2507 3900 2580 γὰρ

2289 2587 2429 2648 ἣλιος
2453 2590 2606 2660 ἔγάνη
2660 2595 2827 2661 χωρὶς
2874 2589 3308 2663 ἀπαυγάσματος.
3357 2592 3416 2647 Εἰ
3457 2589 3508 2645 δ’
3548 2591 3633 2645 ἰπὶ
3688 2602 3790 2645 τῶν
3820 2596 3900 2646 αἰ-

526 2683 699 2749 Quod
729 2682 777 2737 si
817 2684 875 2737 in
901 2682 1213 2737 sensilibus
1240 2682 1322 2737 ita
1343 2685 1452 2750 est,
1484 2681 1775 2755 quidnam
1803 2682 1997 2737 dicere
2025 2683 2183 2754 quis-

524 2772 686 2844 piam
716 2771 933 2843 poterit
963 2771 1036 2826 de
1059 2772 1150 2827 bis
1176 2787 1310 2843 quae
1339 2772 1567 2842 majora
1592 2777 1747 2836 sunt,
1780 2788 1957 2843 quam
1980 2778 2039 2827 ut
2065 2772 2181 2827 dici

526 2860 756 2931 possint
793 2859 823 2914 7
860 2858 942 2914 Ex
973 2875 1096 2932 quo
1118 2866 1317 2915 autem
1351 2861 1535 2914 Deum
1565 2860 1764 2931 ipsum
1823 2876 1951 2916 esse
1982 2861 2184 2932 praedi-

525 2948 697 3012 cavit,
732 2948 834 3003 dat
864 2949 1041 3003 etiam
1092 2949 1143 3003 ei
1187 2947 1505 3002 divinitatis
1559 2949 1989 3017 insignezdico
2043 2966 2185 3005 sane

526 3021 768 3093 creandi
792 3036 1117 3108 potentiam
1149 3053 1162 3091 :
1194 3035 1296 3091 Diz‘
1313 3036 1485 3105 enim,
1517 3035 1729 3109 inquit,
1758 3037 1863 3108 qui
1892 3039 2099 3094 calum
2130 3043 2187 3094 et

2293 2679 2497 2734 σθητῶν
2520 2686 2693 2744 τοῦτο,
2726 2683 2777 2730 τί
2807 2679 2868 2729 ἄν
2884 2698 2961 2739 τις
2983 2681 3118 2731 εἴποι
3142 2685 3258 2753 περὶ
3284 2689 3383 2733 τῶν
3413 2682 3540 2756 ὑπὲρ
3572 2684 3695 2752 (10)
3722 2682 3896 2754 167w;

2291 2767 2432 2819 Ἐπεὶ
2478 2762 2537 2819 δὲ
2567 2771 2688 2820 Θεὸν
2724 2766 2875 2819 αὐτόν
2908 2766 3186 2843 ἀνεκήρυξε
3218 2769 3350 2841 (Η),
3384 2766 3613 2823 δίδωσιν
3644 2771 3782 2842 αὐτῷ
3809 2777 3899 2823 καὶ

2290 2859 2346 2908 τὸ
2375 2862 2651 2928 γνώρισμα
2697 2863 2794 2918 τῆς
2818 2858 3079 2923 θεότητος,
3119 2859 3250 2929 λέγω
3282 2855 3349 2916 δὴ
3391 2862 3449 2911 τό
3480 2855 3856 2934 δημιουργικόν
3876 2877 3890 2890 ’

2296 2950 2413 2998 Θεοὶ
2445 2947 2568 3016 γὰρ,
2602 2950 2780 3019 φησὶν,
2815 2944 2863 2997 οἳ
2893 2949 2979 2998 τόν
3011 2947 3224 3018 οὐρανόν
3253 2952 3340 3000 καὶ
3373 2952 3466 3007 τὴν
3483 2956 3583 3018 γῆν
3603 2949 3695 3001 οὐκ
3720 2948 3893 3006 ἐποίὴ-

2297 3053 2412 3099 σαν,
2476 3033 2845 3088 ἁπολέσθωσαν
2887 3050 2901 3066 ⁶
2949 3036 3031 3086 ἶνα
3086 3040 3158 3109 μὴ
3217 3038 3490 3108 νομισθείη
3551 3046 3641 3090 τοῦ
3693 3043 3886 3111 Πατρός

530 3133 752 3181 terram
776 3141 894 3181 non
915 3126 1197 3195 fecerunt
1211 3130 1457 3196 pereant
1484 3122 1526 3180 ⁴.
1564 3125 1629 3180 Id
1656 3130 1876 3193 autem,
1906 3142 1981 3182 ne
2020 3132 2187 3200 pute-

2297 3121 2535 3178 ἐλάττων.

528 3218 623 3271 tur
650 3213 823 3270 Patre
866 3213 1066 3270 minor
1115 3210 1287 3269 esseﬁ
2023 3188 2041 3200 ’
2228 3188 2270 3244 C

596 3302 760 3361 Vers.
783 3308 840 3360 3.
917 3303 1126 3359 Omnia
1153 3335 1223 3343 —
1260 3303 1494 3374 factum
1522 3309 1626 3360 est.
1670 3305 1814 3361 Cum
1854 3305 2060 3361 omnia
2090 3321 2188 3377 per

2372 3303 2546 3354 Πάντα
2598 3333 2665 3341 —
2720 3307 2942 3373 γέγονεν.
3008 3303 3244 3376 Εἰρηκώς
3275 3304 3356 3355 ὃτι
3385 3306 3561 3357 Πάντα
3607 3298 3671 3356 δι’
3726 3301 3883 3354 αὐτοῦ

532 3394 733 3466 ipsum
765 3392 919 3448 facta
949 3391 1195 3448 dixisset
1237 3409 1247 3448 :
1284 3407 1354 3447 ne
1386 3398 1686 3464 putaretur
1716 3393 1771 3448 id
1802 3393 1877 3448 de
1904 3393 2191 3449 sensibili-

532 3483 641 3536 bus
673 3485 899 3537 tantum
934 3480 1174 3546 dixisse,
1209 3480 1510 3537 subdidit:
1542 3482 1619 3537 Et
1657 3483 1787 3538 sine
1809 3483 1935 3552 ipso
1962 3484 2190 3552 factum

533 3577 611 3625 est
633 3570 784 3625 nihil
813 3569 972 3640 quod
999 3573 1225 3642 factum
1244 3576 1347 3635 est,
1372 3570 1486 3626 hoc
1510 3575 1614 3635 est,
1658 3571 1801 3626 nihil
1827 3587 2033 3627 eorum
2059 3588 2190 3644 quas

534 3660 689 3715 facta
729 3664 884 3729 sunt,
906 3659 1026 3714 sive
1071 3658 1347 3714 sensibile
1379 3659 1470 3723 sit,
1505 3659 1625 3715 sive
1664 3660 2048 3730 intelligibile.
2084 3662 2190 3715 Ex-

536 3746 793 3803 cluditur
832 3753 1031 3803 autem
1071 3747 1321 3820 Spiritus
1371 3752 1655 3804 sanctus:
1699 3765 1893 3821 neque
1916 3751 2075 3804 enim
2111 3749 2190 3805 fa-

538 3838 666 3893 ctus
699 3840 809 3903 est,
855 3841 916 3893 ut
964 3837 1113 3892 inter
1149 3835 1264 3893 alia
1304 3837 1869 3908 comprehendatur,
1913 3838 2016 3893 sed
2049 3837 2190 3893 infe-

535 3931 666 3983 ctus
707 3929 809 3982 aut
854 3926 1174 3990 increatus,
1230 3926 1383 3981 sicut
1423 3931 1482 3981 et
1526 3926 1703 3982 Filius
1726 3934 1783 3982 et
1821 3928 2009 3985 Pater.
2056 3928 2193 3984 Sola

540 4022 803 4089 namque
829 4016 1033 4071 divina
1049 4015 1299 4071 Trinitas
1333 4016 1549 4072 infecta
1563 4017 1687 4071 sive
1701 4016 1962 4073 increata
1979 4022 2084 4073 est.

611 4108 757 4161 Cum
770 4109 967 4160 autem
988 4104 1707 4160 demonstraveritFilium
1723 4112 2048 4161 creatorem
2071 4122 2197 4162 om-

541 4193 633 4248 nis
664 4191 904 4247 visibilis
935 4196 1108 4261 atque
1137 4192 1452 4247 invisibilis
1480 4200 1786 4259 creaturae,
1815 4209 1929 4249 non
1956 4194 2201 4250 exclusit

542 4282 773 4336 Patrem
805 4294 840 4334 a
861 4280 1104 4334 creandi
1138 4278 1450 4352 dignitate,
1483 4280 1590 4336 sed
1628 4281 1830 4337 docuit
1862 4286 2090 4337 tantum
2117 4283 2206 4338 Fi-

540 4369 688 4425 lium
720 4383 848 4423 esse
869 4370 1194 4424 creatorem
1224 4367 1374 4424 sicut
1398 4374 1453 4425 et
1495 4369 1728 4425 Patrem
1759 4389 1771 4437 ;
1816 4370 1874 4425 id
1914 4364 2088 4427 enim'
2108 4371 2205 4428 tri-

542 4457 658 4514 bus
690 4470 1010 4512 commune
1041 4459 1147 4523 est,
1182 4472 1316 4512 cum
1366 4457 1439 4513 sit
1495 4457 1828 4514 Divinitatis
1859 4458 2114 4529 insigne,
2143 4465 2205 4518 ut

546 4545 893 4621 praedictum
915 4550 1023 4612 est,

2298 3388 2513 3461 ἐγένετο,
2553 3391 2636 3441 ἵνα
2664 3392 2734 3462 μή
2768 3388 2897 3463 δόξῃ
2924 3397 3042 3465 περὶ
3096 3396 3262 3463 μόνων
3288 3391 3451 3463 λέγειν
3482 3402 3584 3444 τῶν
3614 3392 3886 3456 αἰσθητῶν,

2300 3477 2557 3550 ἐπήγαγεν
2586 3480 2666 3531 ὄτι
2708 3483 2807 3532 Καὶ
2836 3485 3007 3552 χωρὶς
3059 3477 3220 3532 αὐτοῦ
3271 3478 3466 3552 ἔγένετο
3519 3478 3643 3534 οὐδὲ
3670 3481 3739 3547 ἓν,
3771 3483 3899 3552 ὅγε-

2298 3586 2432 3639 γονε,
2464 3571 2732 3620 τουτέστιν
2799 3565 2950 3621 οὐδὲν
2996 3577 3096 3621 τῶν
3150 3573 3452 3641 γενομένων,
3499 3569 3596 3621 κᾶν
3651 3570 3897 3628 αἰσθητὸν

2301 3660 2400 3719 εἴη,
2433 3655 2528 3708 κᾶν
2553 3662 2755 3715 νοητόν.
2784 3656 3132 3731 ’Υπεξῄρηται
3181 3654 3240 3710 δὲ
3285 3662 3343 3711 τό
3373 3665 3581 3730 Πνεῦμα
3634 3663 3692 3711 τὸ
3722 3660 3890 3731 ἅγιον.

2300 3752 2465 3798 Τοῦτο
2493 3747 2594 3818 γὰρ
2646 3745 2704 3797 οὐ
2755 3750 2960 3817 γέγονεν
2990 3747 3071 3797 ἶνα
3125 3751 3214 3799 καὶ
3268 3747 3766 3819 συμπαραληφθείη,
3799 3746 3901 3799 ἀλλ’

2303 3833 2547 3906 ὥγένητόν
2600 3834 2717 3905 (l2)
2782 3833 2942 3900 ἐστιν,
2986 3838 3151 3887 εἷτουν
3190 3836 3458 3905 ἄκτιστον,
3519 3838 3694 3910 ὥσπερ
3762 3838 3899 3889 καὶὸ

2303 3926 2424 3984 Υἱός
2449 3928 2535 3976 καὶ
2570 3924 2595 3974 6
2626 3929 2822 3997 Πατήρ.
2860 3926 2999 3981 Μόνη
3039 3927 3140 3999 γὰρ
3172 3926 3201 3982 ἡ
3230 3926 3340 3976 θεία
3364 3927 3522 3998 Τριόις
3565 3925 3681 3997 (l3)
3715 3924 3898 3997 ἀγένη-

2304 4033 2406 4075 τος,
2446 4016 2608 4084 ἤγουν
2639 4014 2910 4073 ἄκτιστος.

2377 4099 2670 4164 Αποδείξας
2731 4098 2789 4154 δὲ
2851 4105 2936 4153 τόν
2989 4104 3107 4155 Υἱόν
3163 4099 3484 4175 δημιουργὸν
3540 4105 3719 4165 πάσης
3789 4105 3902 4179 ὀρα-

2306 4199 2456 4250 τικῆς
2486 4191 2600 4262 (Μ)
2649 4196 2737 4242 καὶ
2769 4189 2991 4263 ἀοράτου
3027 4196 3265 4253 κτίσεως,
3319 4191 3413 4242 οὐκ
3444 4190 3648 4254 ἐξέϐαλε
3685 4196 3773 4245 τόν
3806 4200 3898 4246 ﬂa-

2306 4283 2429 4355 τέρα
2451 4287 2540 4332 τοῦ
2564 4277 2950 4353 δημιουργικόν
2992 4279 3299 4353 ἀξιώματος,
3328 4277 3459 4331 ἄλλα
3482 4286 3638 4352 μόνον
3670 4278 3903 4346 ἐδίδαξεν

2308 4370 2387 4420 ὅτι
2410 4373 2499 4420 καὶ
2530 4369 2555 4420 6
2586 4371 2707 4431 Υἱός
2734 4365 3052 4441 δημιουργός
3079 4367 3239 4433 ἐστιν,
3264 4369 3437 4442 ὥσπερ
3466 4371 3493 4420 6
3521 4374 3723 4443 Πατήρ·
3742 4375 3904 4422 κοινόν

2308 4462 2409 4530 γὰρ
2441 4464 2591 4510 τοῦτο
2630 4466 2730 4510 τῶν
2760 4466 2933 4531 τριῶν,
2969 4457 3077 4510 ἐπεὶ
3099 4462 3251 4511 τοῦτό
3276 4461 3554 4530 γνώρισμά
3588 4457 3697 4511 ἔστι
3729 4461 3898 4516 θεότη-

2234 4533 2279 4587 D
2310 4567 2414 4615 τος,
2442 4549 2857 4620 ὡςπροείρηται.

618 4635 756 4692 Ideo
795 4646 1037 4709 quoque
1076 4635 1135 4690 in
1163 4635 1366 4693 divina
1406 4636 1701 4710 Scriptura
1732 4637 1973 4694 creandi
1996 4642 2197 4711 poten-

548 4725 628 4783 tia
658 4725 1018 4798 quandoque
1043 4725 1116 4781 de
1146 4725 1315 4781 Patre
1346 4725 1579 4796 dicitur,
1612 4727 1979 4800 quandoque
2017 4727 2091 4783 de
2113 4728 2198 4783 Fi-

545 4815 648 4883 lio,
674 4814 974 4870 interdum
1012 4828 1154 4870 vero
1185 4814 1258 4871 de
1295 4813 1515 4889 Spiritu
1545 4820 1771 4882 sancto,
1795 4821 2076 4889 tanquam
2106 4816 2192 4872 vi-

547 4902 760 4961 delicet
803 4901 969 4960 Patre
1004 4902 1261 4969 volente,
1312 4902 1455 4961 Filio
1494 4909 1692 4962 autem
1732 4909 2037 4977 operante,
2080 4905 2202 4978 Spi-

621 5082 644 5117 ⁴
670 5082 884 5139 Jerem.
927 5098 987 5149 ι,
1016 5083 1106 5137 ll.

2378 4640 2465 4690 Διό
2516 4641 2606 4689 καὶ
2661 4639 2803 4710 παρὰ
2862 4643 2924 4709 τῇ
2973 4637 3085 4707 θέίᾳ
3131 4641 3307 4708 Γραφῇ
3367 4638 3489 4688 ποτέ
3539 4638 3628 4705 μὲν
3683 4637 3742 4684 τό
3794 4630 3884 4691 δη-

2300 4729 2607 4800 μιουργίκὸν
2637 4724 2720 4777 ἐπὶ
2781 4724 2897 4797 [τοῦ
2947 4727 3143 4793 Πατρός
3209 4724 3324 4795 (15)
3393 4724 3611 4796 λέγεται,
3662 4722 3782 4774 ποτὶ
3832 4718 3889 4775 ιῒι

2298 4820 2383 4883 επὶ
2432 4824 2523 4867 τοῦ
2575 4817 2719 4879 Υἱοῦ,
2766 4817 2889 4866 ποτὲ
2938 4810 2997 4866 δὲ
3051 4811 3175 4884 ἐπὶ]
3207 4821 3299 4865 τοῦ
3349 4813 3504 4884 ἁγίου
3565 4814 3852 4883 Πνεῦματος
3882 4829 3896 4843 ⁸

2310 4905 2395 4958 οἵα
2422 4911 2511 4957 τοῦ
2541 4907 2630 4977 μὲν
2695 4906 2899 4976 Πατρός
2959 4898 3311 4967 εὐδοκοῦντος,
3356 4909 3448 4954 τοῦ
3504 4898 3566 4955 δὲ
3608 4903 3733 4955 Υἰοῦ
3783 4902 3910 4974 ἒνιρο

1661 5208 1888 5292 Variae
1939 5208 2269 5278 lectiones
2315 5216 2383 5277 et
2440 5216 2641 5277 nota.

626 5402 702 5477 (7)
744 5402 894 5459 Loco
919 5402 1152 5477 horum,
1183 5406 1444 5477 quatuor
1483 5404 1911 5461 vocabulorum
1943 5405 2207 5477 spatium

553 5474 802 5549 vaenurn
832 5474 1304 5549 estinﬂcodriA.
1338 5478 1485 5532 Ante
1515 5478 1547 5549 ὁν
1595 5481 1837 5549 ἡμέτερος
1869 5474 2090 5539 autem,
2132 5478 2209 5533 le-

555 5550 711 5619 gitur
747 5545 866 5619 aias:
889 5545 953 5600 Et
972 5547 1073 5606 οἶος
1098 5546 1343 5617 quidem
1361 5548 1581 5619 recepi.

629 5617 705 5689 (8)
752 5614 1024 5685 Θεολογία,
1085 5614 1223 5673 cum
1258 5619 1451 5690 spatio
1496 5614 1687 5676 vacuo
1717 5620 1974 5676 duarum
1995 5619 2210 5677 littera-

554 5704 711 5743 rum.
741 5691 805 5743 A.

574 5754 591 5773 ⁸
631 5759 707 5832 (9)
738 5759 854 5828 Ἦν,
880 5774 989 5831 pro
1016 5762 1068 5811 ὄν
1098 5759 1170 5814 Α.

2423 5478 2504 5546 ll)
2536 5474 2784 5549 Ἐκὴρνξι
2816 5481 2876 5528 Α.

2427 5550 2510 5616 l2)
2532 5548 2837 5618 Ἀγέννητον
2870 5552 2930 5599 Α.

2393 5621 2509 5687 ('13)
2540 5621 2853 5690 'A'ys'wnro;
2872 5624 2933 5672 Α.

2394 5690 2508 5760 (14)
2536 5688 2966 5760 Corrigendum
2995 5690 3153 5758 ὁρατῆ
3167 5708 3213 5750 ς.

2392 5752 2507 5835 (15)
2548 5752 2791 5818 Inclusa
2822 5752 3037 5817 omittit
3067 5762 3131 5814 Α.

2415 5404 2503 5473 10)
2529 5408 2628 5457 Τὸν
2650 5404 2818 5459 addit
2844 5409 2902 5460 Β.

2389 5405 2504 5620 ΞΗ)
2537 5474 2784 5549 Ἐκὴρνξι
2816 5481 2876 5528 Α.

2427 5550 2510 5616 l2)
2532 5548 2837 5618 Ἀγέννητον
2870 5552 2902 5597 Α
