4144 6314
303 375 455 431 ma
1355 320 1745 416 COMMENT.
1790 364 1859 419 IN
1897 363 2241 420 JOANNEM.
2288 396 2352 405 -
2392 364 2545 420 CAP.
2589 364 2625 417 ῐ.
3540 357 3680 411 4m

297 508 551 572 γοῦντος,
583 506 674 550 τοῦ
707 495 765 550 δὲ
813 498 961 567 ἁγίου
994 498 1284 569 Πνεύματος
1333 486 1726 555 συνεργουντος.
1782 496 1916 548 Φησὶ

2046 491 2137 546 ιὶιυ
2170 494 2381 547 sancto
2413 505 2550 545 vero
2581 490 2957 560 cooperante.
2992 484 3136 541 Dicit
3161 481 3461 556 siquidem
3492 483 3682 553 capite

299 594 410 662 ’γὰρ
440 594 533 641 καὶ
563 587 610 639 ἐν
639 596 710 657 τῷ
743 584 946 657 eoaque
976 586 1232 656 κεφαλαίῳ
1262 585 1341 650 ὅτ,
1369 579 1429 631 Ὀ
1468 572 1647 647 Πατήρ
1690 598 1789 650 μου
1824 583 1915 641 ἕως

2044 580 2198 635 :tiam
2231 580 2505 651 septimo,
2543 580 2719 633 Pater
2752 593 2908 633 meus
2931 576 3010 631 ad
3043 576 3151 631 hoc
3190 588 3373 644 usque
3404 572 3680 640 temporis

301 682 435 751 οῐρτι
468 678 763 750 ἐργάζεται,
794 675 938 747 κάγὼ
972 674 1277 748 ἐργάζομαι.

1230 695 1277 727 ιι.
2023 676 2326 738 operatur,
2358 677 2408 725 et
2454 684 2546 739 ego
2592 683 2795 737 operor
2827 668 2866 717 ⁵.

377 771 528 828 Τινὲς
562 762 621 819 δὲ
667 765 817 839 λῆροι
845 767 976 834 (16),
1032 768 1087 815 τὸ
1146 764 1217 815 Δι’
1270 762 1450 825 αὑτοῦ,
1508 760 1637 829 πρὸς
1694 758 1913 811 ἐλάττω-

2095 760 2341 824 Οιιὶιίειω
2374 774 2512 813 vero
2542 757 2709 812 deliri
2725 761 2952 827 partem
2982 750 3683 819 illam.Peripsu1im,Fi-

303 876 393 908 σιν
466 863 558 908 τοῦ
637 860 759 907 Υίοῡ
834 859 1156 918 νενοηκασιν,
1238 852 1296 904 ού
1362 848 1733 923 δημιουργίας,
1808 846 1914 898 ἀλλ’

2048 848 2540 904 iiminorationein
2566 846 2995 909 intellexerunt,
3015 843 3276 897 dicentes
3298 841 3357 895 id
3382 856 3498 895 non
3526 853 3684 894 crea-

300 947 607 1019 ὑπουργίας
676 946 791 1013 (17)
863 940 1171 1013 ἐμφαντικὸν
1233 949 1385 993 τοῦτο
1452 944 1700 1010 φήσαντες
1764 935 1909 989 εἶναι,

2042 939 2223 1005 .ionis,
2267 937 2371 991 sed
2430 934 2995 990 subministrationis
3036 947 3163 986 esse
3194 930 3678 1000 signiﬁcativum.

300 1033 425 1084 Ούκ
478 1029 699 1105 ᾔδεισαν
728 1028 787 1083 δὲ
835 1033 916 1083 ὅτι
969 1035 1058 1082 καὶ
1098 1028 1181 1082 ἐπὶ
1233 1037 1323 1081 τοῦ
1378 1031 1577 1101 [ἰατρὸς
1616 1024 1913 1099 ἀδιαφόρως

2041 1031 2138 1083 Ἷθο
2178 1024 2633 1097 videruntquod
2660 1024 2718 1078 id
2758 1025 2831 1077 de
2862 1025 3026 1077 Patre
3059 1035 3297 1093 quoque
3336 1022 3677 1089 usurpatur.

298 1130 469 1173 τοῦτο
524 1123 783 1175 τάττεται.
840 1124 976 1177 Φησὶ
1019 1121 1117 1192 γὰρ
1174 1120 1199 1170 6
1245 1117 1558 1178 Ἀπόστολος
1588 1134 1600 1145 ·
1654 1119 1850 1175 Πιστὸς
1889 1115 1913 1164 6

2043 1118 2113 1171 tit
2139 1118 2298 1172 enim
2324 1112 2642 1187 Apostolus
2677 1130 2689 1167 :
2724 1113 2943 1169 Fidelis
2986 1111 3140 1166 Deus
3188 1123 3461 1179 perquem
3488 1105 3679 1163 vocali

300 1214 457 1274 Θεὸς,
491 1207 564 1262 δι’
612 1210 671 1261 οὗ
710 1208 961 1267 ἐκλήθητε
1012 1208 1085 1269 εἰς
1114 1212 1382 1259 κοινωνίαν
1413 1214 1503 1258 τού
1557 1207 1679 1258 Tion
1734 1204 1910 1257 αὐτοῦ.

2050 1207 2154 1261 stis
2185 1207 2248 1260 in
2279 1206 2606 1261 societatem
2634 1202 2777 1259 Filii
2798 1202 2970 1271 ejus“.
3003 1200 3083 1254 Ne
3103 1198 3238 1269 quis
3271 1202 3469 1252 autem
3502 1198 3686 1251 incre-

295 1299 420 1353 Ἰνα
449 1298 509 1352 δὲ
534 1295 722 1371 μηδεὶς
750 1298 1041 1370 ἀπιστήσῃ,
1074 1305 1184 1358 πῶς
1218 1303 1451 1348 τοσαῦτα
1476 1299 1564 1346 καὶ
1591 1301 1809 1345 τοιαῦτα
1840 1289 1913 1343 δι’

2052 1296 2201 1350 Iulus
2250 1295 2340 1359 sit,
2393 1294 2706 1362 ambigens
2768 1289 3077 1362 quomodo
3108 1288 3233 1341 hmo
3268 1284 3555 1341 etsimilia
3587 1298 3688 1355 per

299 1390 476 1440 αὐτοῦ
505 1387 720 1459 ἐγένετο,
750 1391 906 1459 φησίν
930 1404 941 1416 ·

2021 1384 2224 1457 ipsum
2272 1382 2426 1439 facta
2456 1383 2590 1449 sint,
2609 1382 2752 1437 dicit
2778 1400 2790 1437 :

382 1479 469 1530 Ἐν
518 1478 660 1547 αύτῴ
705 1476 811 1537 ζωὴ
868 1473 948 1534 ἧν.
980 1475 1053 1529 Δι’
1110 1476 1171 1537 ἧς
1233 1474 1291 1527 ού
1351 1478 1502 1546 μόνον
1560 1472 1693 1523 αύτά
1748 1476 1914 1541 παρὴ-

2057 1519 2061 1523 .
2095 1474 2258 1529 Vers.
2290 1474 2349 1529 4.
2390 1474 2454 1527 1η
2486 1474 2611 1541 ipso
2642 1472 2759 1527 vita
2817 1476 2965 1526 erat.
3009 1469 3139 1533 Qua
3178 1480 3297 1521 non
3339 1462 3533 1518 solum
3574 1461 3691 1518 has-

294 1587 491 1639 γαγεν,
543 1566 670 1618 ἀλλὰ
723 1570 813 1617 καὶ
873 1572 1119 1638 συντηρεί
1175 1564 1245 1626 εἰς
1296 1567 1355 1615 τὸ
1415 1559 1692 1633 διαμένειν.
1750 1559 1911 1633 ’Ὅπερ

2052 1562 2325 1627 ιτοόιιχὶι,
2374 1576 2576 1615 verum
2618 1559 2798 1614 etiam
2842 1563 3170 1619 conservat,
3218 1560 3275 1609 ut
3306 1554 3365 1608 in
3396 1568 3527 1607 esse
3558 1566 3688 1621 per-

296 1661 409 1727 γὰρ
445 1660 680 1724 περὶτοῦ
741 1658 943 1728 Πατρός
996 1657 1219 1728 sip-arui,
1276 1660 1428 1704 τοῦτο
1482 1656 1571 1702 καὶ
1628 1656 1744 1723 περὶ
1798 1652 1914 1700 τού-

2049 1655 2327 1706 naneant.
2365 1652 2514 1705 Nam
2556 1648 2719 1720 quod
2753 1647 2825 1701 de
2848 1648 3011 1702 Patre
3051 1645 3278 1700 dictum
3312 1647 3415 1705 est,
3450 1640 3519 1695 de
3552 1640 3685 1711 ipso

298 1763 398 1795 του
451 1746 760 1819 ῥηθήσεται,
822 1746 895 1795 ὅτι
948 1744 1029 1797 Ἐν
1078 1743 1219 1813 αύτῴ
1280 1746 1444 1813 ζῶμεν
1495 1745 1582 1791 xui
1636 1739 1917 1810 κινούμεθα

2049 1755 2259 1813 luoque
2287 1740 2399 1794 dici
2432 1744 2621 1810 potest
2662 1755 2675 1791 :
2737 1738 2804 1792 In
2854 1738 2974 1805 ipso
3008 1735 3273 1798 vivimus,
3304 1745 3603 1786 movemur
3630 1734 3685 1785 et

298 1838 396 1884 xui
436 1832 611 1904 ἐσμένο
660 1831 820 1885 Ὀταν
853 1829 911 1884 δὲ
964 1832 1197 1903 ἀκούσῃς
1228 1833 1307 1882 ὅτι
1361 1830 1409 1881 ἐν
1460 1830 1599 1898 αύτῷ
1662 1829 1766 1888 ζωὴ
1831 1824 1911 1892 ἦν,

2054 1844 2217 1882 umus
2269 1830 2311 1882 ⁷.
2355 1829 2495 1881 Cum
2545 1832 2743 1881 autem
2793 1825 3049 1880 audieris
3077 1822 3238 1893 quod
3271 1821 3330 1875 in
3384 1820 3517 1889 ipso
3566 1818 3686 1873 vita

296 1926 376 1993 μὴ
434 1923 678 1973 σύνθετον
756 1922 912 1973 αὐτὸν
965 1919 1251 1992 ὑπολάϐῃς,
1307 1918 1435 1970 ἀλλὰ
1487 1922 1659 1988 πηγὴν
1734 1918 1909 1977 ζωῆςο

2051 1920 2174 1983 erat,
2198 1932 2270 1971 ne
2296 1916 2695 1988 compositum
2730 1932 2866 1970 eum
2900 1912 3257 1985 suspicerisi,
3287 1909 3390 1964 sed
3419 1906 3687 1963 vitmfon-

299 2011 507 2062 αὐτίκα
552 2013 652 2083 γὰρ
702 2016 791 2062 xui
850 2010 962 2062 ὅ).ον
1007 2010 1163 2061 αὑτὸν
1228 2012 1358 2071 ζωὴν
1410 2007 1673 2078 ὀνομάζει,
1719 2006 1910 2076 λέγων·

2051 2024 2144 2064 em
2179 2023 2192 2073 ;
2231 2022 2371 2061 nam
2404 2006 2672 2077 protinus
2693 2007 2874 2060 etiam
2908 2008 3095 2059 totum
3137 2001 3334 2072 ipsum
3370 1998 3548 2053 vitam
3582 2012 3687 2052 no-

301 2104 410 2152 Kui
455 2102 487 2157 ἠ
539 2100 645 2160 ζωὴ
707 2096 766 2157 ἦν
819 2103 877 2151 τὸ
928 2108 1028 2170 φῶς
1080 2108 1179 2150 τῶν
1234 2096 1532 2171 ἀνθρώπων.
1599 2101 1697 2148 Kui
1757 2093 1913 2145 ἀλλα-

2046 2098 2237 2157 ninat,
2268 2094 2507 2150 dicens:
2562 2096 2641 2149 Et
2691 2101 2817 2150 vita
2873 2100 2998 2149 erat
3040 2093 3149 2147 lux
3205 2088 3505 2144 hominum.
3536 2084 3682 2140 Alibi

294 2196 415 2260 χοῦ
440 2185 502 2241 δέ
545 2207 675 2259 φησι
707 2197 927 2262 φανερῶς
976 2188 1134 2249 αύτὸς
1184 2189 1209 2238 6
1269 2189 1490 2259 Χριστός
1515 2202 1526 2213 '
1586 2185 1716 2254 Ἐγώ
1748 2184 1851 2254 εἰμι
1882 2185 1911 2241 ἠ

1801 2204 1851 2234 ιιι
1882 2185 1911 2241 ἠ
2027 2200 2265 2257 quoque
2292 2184 2435 2238 dicit
2468 2184 2589 2254 ipse
2618 2183 2900 2248 Christus,
2940 2185 3066 2253 Ego
3088 2197 3218 2236 sum
3240 2180 3356 2235 vita
3397 2176 3437 2232 ⁸.

294 2279 449 2338 ζωή.

367 2369 456 2421 Οἱ
507 2368 942 2437 πνευματομάχοι
1003 2365 1115 2436 (18)
1173 2361 1231 2416 δὲ
1279 2367 1409 2435 μετά
1466 2366 1543 2425 τὸ,
1594 2366 1692 2413 Καὶ
1747 2366 1915 2435 χωρὶς

2097 2364 2204 2429 Qui
2254 2366 2452 2417 autem
2512 2360 2751 2433 Spiritui
2818 2366 3026 2416 sancto
3089 2362 3383 2421 resistunt,
3440 2361 3685 2432 ejusque

292 2456 477 2508 αὐτοῦ
536 2453 728 2524 ἐγένετο
782 2452 904 2507 οὐδὲ
970 2455 1039 2518 ἓν,
1085 2454 1330 2513 στίξουσι
1380 2451 1607 2503 τελείαν·
1679 2449 1786 2502 εἶτα
1858 2454 1915 2501 τὸ

2049 2457 2300 2509 laturam
2340 2450 2705 2515 diminuunt,
2757 2454 2888 2521 post
2944 2450 3007 2504 id
3070 2450 3233 2521 quod
3283 2450 3519 2513 dicitur,
3560 2450 3685 2504 Sine

296 2546 430 2609 ἑξῆς
488 2544 652 2605 οὕτως
721 2542 1207 2614 ἀναγινώσκουσιν·
1262 2540 1328 2593 Ὀ
1379 2544 1582 2611 γέγονεν
1657 2538 1704 2590 ἐν
1773 2539 1914 2609 αύτῷ

2047 2558 2151 2610 pso
2170 2543 2389 2609 factum
2404 2539 2671 2603 estnihil,
2693 2538 3132 2593 distinctionem
3152 2542 3419 2594 statuunt
3438 2554 3450 2602 ;
3466 2537 3683 2594 deinde

301 2637 426 2695 ζωὴ
478 2630 538 2692 ἧν
583 2650 594 2662 ·
652 2634 735 2685 ἵνα
780 2637 992 2703 γενητὸν
1047 2632 1163 2703 (19)
1219 2628 1433 2693 ὸςίξωσι
1482 2631 1539 2678 τὸ
1598 2634 1801 2699 Πνεῦμα
1856 2632 1913 2680 τὸ

2046 2630 2189 2701 ιυοά
2218 2628 2483 2700 sequitur
2528 2626 2697 2681 simul
2748 2626 2945 2695 legunt
2989 2644 3001 2682 :
3038 2627 3203 2694 Quod
3239 2627 3468 2695 factum
3488 2633 3589 2689 est,
3619 2627 3682 2682 in

302 2725 500 2795 ἅγιον·
563 2728 678 2796 περὶ
736 2726 919 2774 τούτου
984 2730 1081 2793 γαρ
1148 2740 1276 2792 φασι
1347 2717 1507 2789 λέγειν
1565 2722 1621 2767 τὸ
1686 2725 1915 2769 τοιοῦτον

2047 2735 2147 2789 ps0
2193 2718 2313 2775 vita
2362 2723 2503 2783 erat,
2544 2723 2604 2772 ut
2627 2716 2910 2788 Spiritum
2960 2720 3238 2772 sanctum
3271 2716 3491 2771 factum
3555 2732 3683 2771 esse

307 2815 492 2887 ῥητόν.
2024 2809 2433 2864 demonstrent
2464 2823 2477 2872 ;
2504 2822 2646 2861 nam
2666 2806 2740 2861 de
2765 2822 2897 2877 ipso
2911 2806 3077 2878 loqui
3102 2806 3309 2861 dicunt
3333 2802 3685 2875 hujusmodi

2024 2898 2294 2953 verbum.

396 2987 728 3058 Ἐλέγχονται
783 2984 840 3038 δὲ
917 2992 1137 3057 ταχέως,
1198 2996 1395 3061 πρῶτον
1454 2992 1543 3060 μὲν
1619 2990 1696 3040 ὅτι
1749 2991 1805 3039 τὸ
1850 2986 1917 3039 Ὀ
1957 2989 1995 3043 (ἶ

2100 2987 2294 3042 Facile
2351 2990 2553 3041 autem
2602 2984 2974 3042 refelluntur.
3062 2985 3325 3041 Primum
3383 2990 3525 3061 quia
3548 3007 3685 3062 pars

317 3080 543 3149 γέγονεν,
591 3075 854 3136 ἁπολύτως
929 3081 1173 3147 κείμενον,
1241 3083 1341 3128 πᾶν
1412 3076 1437 3127 6
1493 3080 1669 3149 γέγονε
1728 3073 1915 3134 δηλοῖ’

2054 3077 2151 3145 lla,
2215 3076 2376 3143 Quod
2408 3076 2641 3145 factum
2686 3080 2785 3138 est,
2815 3074 3173 3145 indisjuncte
3226 3077 3439 3147 posita,
3506 3095 3684 3135 omne

322 3169 499 3218 ἔπειτα
554 3161 612 3217 δί
669 3166 749 3216 ὅτι
806 3166 833 3222 η
894 3165 1001 3225 ζωὴ
1072 3165 1203 3222 αὕτη
1282 3170 1371 3218 xui
1437 3176 1542 3238 φῶς
1593 3168 1917 3240 εὑρίσκεται·

2051 3166 2199 3239 Iuod
2255 3165 2475 3221 factum
2506 3169 2594 3220 est
2632 3164 2871 3219 indicat.
2920 3163 3138 3219 Deinde
3180 3166 3321 3237 quia
3363 3168 3542 3223 etiam
3569 3168 3687 3226 vita

321 3254 631 3326 énéysiyup
682 3256 762 3305 ὅτι
819 3258 917 3306 Καὶ
974 3256 1003 3311 ἡ
1071 3254 1177 3314 ζωὴ
1233 3251 1292 3311 ἧν
1323 3258 1380 3307 τὸ
1414 3264 1517 3327 φὼς
1574 3264 1672 3306 τῶν
1730 3257 1925 3327 ανθρώ-

2052 3256 2249 3311 licitur
2268 3270 2396 3310 esse
2417 3255 2519 3310 lux
2554 3273 2567 3321 ;
2602 3254 2805 3309 subdit
2843 3253 3004 3308 enim
3051 3255 3216 3324 quod
3270 3256 3391 3312 vita
3422 3265 3549 3313 erat
3585 3258 3688 3315 lux

319 3361 461 3395 πων·
520 3340 633 3395 εἶτα
696 3345 827 3415 μιτά
880 3346 1085 3414 μικρὸν,
1142 3348 1388 3415 περὶτοῦ
1440 3346 1679 3396 Ἰωάννου
1741 3343 1919 3414 λέγων,

2052 3345 2329 3400 hominum
2377 3356 2400 3414 ,‘
2450 3348 2584 3414 post
2639 3341 2952 3413 paululum
3004 3348 3197 3398 autem
3251 3345 3325 3398 de
3348 3344 3574 3400 Joanne
3604 3346 3688 3401 lo-

322 3437 519 3504 φησίν⁹
566 3432 735 3492 Οὗτος
786 3428 933 3489 ἦλθεν
974 3431 1045 3491 εἰς
1101 3436 1415 3505 μαρτυρίαν,
1474 3436 1556 3483 ἱνα
1608 3439 1920 3507 μαρτυρήσῃ

2050 3448 2226 3505 luens
2254 3433 2359 3487 ait:
2385 3433 2497 3487 Hic
2515 3433 2673 3488 venit
2692 3432 2756 3485 in
2782 3432 3196 3500 testimonium,
3211 3439 3275 3487 ut
3290 3434 3510 3489 leslimo
3521 3434 3686 3491 nium

321 3525 439 3592 περὶ
470 3528 561 3571 του
598 3524 779 3591 φωτός.
816 3520 974 3578 Δῆλον
1008 3517 1066 3571 δὲ
1100 3523 1177 3571 ὅτι
1225 3522 1249 3571 6
1301 3521 1539 3582 Ἰωάννης
1587 3520 1645 3572 ού
1674 3527 1788 3593 περὶ
1833 3529 1924 3572 τοῦ

2054 3521 2368 3577 νεγΙιίὸενει
2409 3522 2479 3577 de
2534 3522 2674 3576 luce.
2731 3519 3104 3576 Manifsetum
3167 3527 3255 3577 est
3295 3529 3495 3577 autem
3527 3523 3690 3595 quod

324 3606 477 3677 ἁγίου
512 3611 829 3680 Πνεύματος,
873 3608 1001 3660 ἀλλὰ
1039 3614 1153 3682 περὶ
1204 3617 1293 3661 τού
1338 3612 1459 3661 Υἱοῡ
1509 3613 1922 3684 μεμαρτύρηκεν,

2064 3627 2288 3667 oannes
2319 3627 2439 3666 non
2471 3611 2540 3666 de
2592 3609 2807 3681 Spiritu
2868 3614 3097 3679 sancto,
3140 3610 3244 3666 sed
3288 3612 3360 3667 de
3388 3612 3531 3668 Filio
3564 3613 3693 3670 tulit

326 3698 391 3755 ὼς
420 3704 683 3768 προῑοντες
710 3698 826 3768 εύρὴ
840 3716 1013 3769 σομεν.

2036 3700 2465 3764 testimonium,
2497 3699 2650 3753 sicut
2694 3700 2753 3753 in
2787 3700 3582 3770 sequentibusinveniemus.

402 3790 499 3835 Kui
542 3815 604 3823 —-
667 3783 965 3857 ἀνθρώπων.
1019 3790 1115 3839 Καὶ
1172 3786 1387 3847 αύτὸςό
1436 3789 1554 3849 Υἱὸς
1608 3785 1668 3845 ἧν
1717 3793 1771 3839 τὸ
1826 3798 1924 3860 φὼς

2108 3790 2264 3845 Vers.
2311 3792 2365 3844 4.
2397 3790 2468 3843 Ει
2510 3818 2575 3829 -
2613 3788 2931 3844 hominum.
2970 3788 3305 3860 Etiamipse
3341 3790 3515 3845 Filius
3555 3796 3682 3847 erat

327 3880 426 3922 τῶν
482 3871 779 3943 ἀνθρώπων,
856 3878 924 3935 ὡς
983 3876 1218 3945 φωτίζων
1274 3879 1357 3927 τόν
1420 3884 1535 3927 νούν
1587 3877 1773 3939 αὐτῶν,
1836 3884 1924 3929 καὶ

2057 3896 2133 3935 ux
2160 3879 2495 3941 hominum,
2528 3883 2725 3947 utpote
2752 3884 3007 3932 mentem
3032 3878 3688 3948 ipsorumilluminans,

327 3958 537 4032 ὁδηγῶν
570 3960 671 4012 ἀπὸ
724 3971 812 4021 τῆς
865 3965 1057 4023 πὶάνης
1105 3964 1175 4024 εἰς
1237 3969 1327 4021 τὴν
1374 3963 1637 4022 ἀλήθειαν.
1692 3964 1809 4018 Ὀτι
1867 3963 1925 4019 δὲ

2053 3974 2089 4024 ει
2116 3970 2193 4023 ab
2226 3966 2737 4023 errorededucens
2776 3967 2847 4021 ad
2905 3966 3228 4023 veritatem.
3257 3967 3426 4032 Quod
3490 3972 3689 4024 autem

327 4049 481 4100 αύτὸν
511 4053 597 4100 τὸν
648 4052 763 4101 Υὶον
813 4051 1049 4122 ὠνόμασε
1106 4057 1195 4103 καὶ
1227 4060 1348 4123 φώς,
1410 4053 1565 4113 αὐτὸς
1612 4057 1783 4115 ὁΥἱός
1834 4054 1963 4129 ἀ).-Ὶ

2056 4074 2229 4129 psum
2264 4056 2475 4111 Filium
2506 4055 2698 4111 lucem
2734 4055 3083 4121 nominavit,
3105 4056 3226 4126 ipse
3256 4056 3691 4128 quoqueFilius

325 4138 494 4208 λαχοῡ
539 4156 728 4209 φησιν·
788 4140 917 4209 Ἐγὼ
948 4140 1053 4210 εἰμι
1107 4144 1164 4195 τὸ
1211 4150 1315 4212 φῶς
1360 4150 1452 4193 τού
1496 4147 1719 4214 κόσμου·
1763 4112 1961 4196 Ὥστε]

2057 4112 2173 4202 ίιίὺί
2205 4146 2345 4201 dicit
2379 4162 2390 4200 :
2436 4147 2563 4201 Euo
2601 4161 2729 4200 sum
2775 4146 2883 4200 lux
2918 4112 3198 4213 mgnllil‘l.
3234 4112 3455 4200 Dicitur
3492 4147 3693 4217 itaque

327 4228 351 4277 6
406 4227 556 4287 αὐτὸς
604 4226 805 4297 lis/erui.
860 4233 950 4280 xui
1010 4229 1116 4289 ζωὴ
1168 4235 1256 4282 καὶ
1311 4239 1415 4302 φῶς
1451 4250 1462 4260 ·
1524 4232 1631 4292 ζωὴ
1691 4236 1800 4303 μὲν,
1856 4237 1921 4295 ὡς

2057 4240 2090 4290 εἰ
2127 4235 2225 4290 lux
2254 4241 2309 4289 et
2340 4233 2454 4289 vita
2482 4250 2493 4287 :
2526 4234 2643 4289 vita
2675 4233 2919 4304 quidem
2956 4238 3247 4304 tanquam
3276 4234 3581 4289 viviticans
3623 4250 3693 4289 ac

331 4319 593 4386 ζωσγονών
624 4322 712 4367 καὶ
746 4322 980 4389 συνέχων
1010 4322 1075 4370 τα
1100 4322 1287 4384 πάντα,
1322 4329 1428 4392 φῶς
1455 4317 1531 4389 δὲ,
1558 4324 1626 4382 ὡς
1659 4324 1921 4395 καταλάμο

2060 4324 2345 4380 :ontinens
2379 4324 2659 4378 universa
2702 4322 2846 4389 ;lux
2878 4337 3034 4385 vero,
3069 4322 3236 4393 quasi
3272 4321 3614 4377 illuminans
3638 4326 3696 4377 et

327 4425 432 4456 πων
471 4412 560 4457 xui
588 4403 881 4479 φαίδρύνων
909 4411 966 4459 τὸ
994 4409 1298 4480 ἡγεμονικὸν
1344 4418 1443 4461 τῶν
1498 4409 1780 4483 ἀνθρώπων
1826 4420 1923 4462 τῶν

2055 4413 2372 4469 :xhilarans
2409 4417 2669 4468 mentem
2686 4411 3027 4476 hominum,
3045 4412 3139 4482 qui
3166 4411 3363 4483 ipsum
3386 4411 3691 4482 recipiunt.

328 4490 623 4566 δεχομένων
663 4496 837 4550 αὐτόν.

394 4587 536 4647 Τινὲς
568 4581 627 4637 δὲ
656 4591 745 4637 καὶ
768 4589 884 4655 (2οὶ
924 4589 1060 4649 ζωὴν
1110 4592 1198 4639 καὶ
1238 4596 1337 4659 φῶς
1388 4586 1525 4639 εἷπον
1578 4591 1636 4639 τὸ
1675 4594 1924 4663 κήρυγμα

2109 4589 2366 4654 Quidam
2422 4594 2620 4642 autem
2668 4588 2850 4641 vitam
2886 4603 2953 4640 ac
2996 4587 3704 4656 lucemdicuntlﬁvange-

397 4767 417 4800 ⁵
442 4767 605 4821 Joan.
645 4782 698 4830 v,
737 4768 819 4821 17.
901 4769 920 4801 ο
953 4771 972 4819 Ι
1006 4764 1136 4821 Cor.
1160 4772 1198 4830 Ι,
1232 4767 1284 4821 9.
1366 4768 1385 4800 τ
1413 4773 1534 4823 Act.
1572 4784 1714 4832 xvu,
1746 4770 1833 4822 28.
1932 4768 1952 4803 ⁸
1982 4770 2151 4824 Joan.
2189 4784 2301 4831 xxv,
2346 4772 2394 4821 ϐ.
2476 4770 2495 4801 ⁹
2521 4768 2665 4822 Joan
2759 4784 2872 4836 vui,
2906 4771 2983 4821 1'2.

1539 4944 1759 5010 Variae
1800 4944 2125 5012 lectiones
2159 4957 2223 5011 et
2256 4950 2453 5011 notae.

397 5135 507 5208 (16)
552 5144 739 5210 Λῆροι,
782 5136 857 5212 de
901 5138 1248 5212 hominibus
1282 5138 1807 5212 nugacibusipsis.
1840 5142 1925 5197 Ita

2057 5141 2088 5195 si
2158 5139 2363 5210 placet,
2439 5144 2582 5194 tom.
2655 5138 2767 5212 IV,
2829 5157 2865 5211 p
2921 5140 3226 5212 200,726
3296 5142 3354 5204 Ε,
3403 5143 3470 5195 36
3502 5139 3566 5204 B,
3624 5144 3693 5197 64

325 5206 507 5282 Plato.
541 5225 597 5282 p.
634 5206 754 5282 ‘25].
792 5211 954 5282 Diog.
1001 5211 1189 5274 Laert,
1223 5227 1281 5281 p.
1315 5206 1399 5267 99‘.
1662 5206 1677 5212 ’
2035 5214 2095 5279 Β,
2123 5206 2188 5277 69
2216 5211 2280 5275 A,
2332 5216 2398 5265 77
2434 5212 2493 5270 Β.
2550 5217 2606 5266 et
2651 5210 2717 5282 7;!
2744 5206 3019 5277 A,'E,ubi
3046 5211 3277 5266 codices
3314 5212 3456 5265 istos
3488 5212 3693 5282 appel-

396 5280 508 5355 (17)
538 5278 795 5355 Breviter
823 5282 897 5355 de
924 5280 1051 5355 hac
1072 5296 1139 5355 re_
1162 5278 1365 5337 monui
1394 5282 1453 5337 in
1478 5298 1608 5337 mea
1638 5285 1699 5338 Ν.
1732 5286 1923 5338 Testa-
2033 5278 2135 5348 lat,
2168 5289 2223 5336 et
2252 5298 2321 5337 ex
2361 5282 2572 5337 iisdem
2605 5280 2843 5345 scilicet,
2888 5298 3042 5336 vers.
3078 5285 3110 5337 4
3141 5282 3349 5338 laudat
3380 5300 3392 5334 :
3424 5282 3509 5336 Ἐν
3531 5278 3692 5355 ἀὐτῷ

328 5352 507 5406 menti
528 5350 787 5407 editione
817 5353 893 5407 ad
927 5352 1184 5407 Corinth.
1221 5371 1272 5420 p.
1306 5358 1429 5416 213,
1472 5361 1614 5409 nota
1650 5360 1693 5408 t.
1729 5355 1923 5410 Distri<
2034 5355 2345 5417 cumam.

324 5420 589 5495 buebant
617 5428 815 5495 autem
847 5423 925 5478 illi
980 5417 1423 5495 praepositiones
1463 5426 1563 5481 ita.
1620 5426 1726 5491 Ἐκ,
1764 5426 1921 5482 Patri
2102 5425 2215 5495 (19)
2246 5417 2520 5495 Quilibet,
2541 5429 2600 5478 ut
2630 5422 2899 5495 arbitror,
2925 5423 3175 5478 istorum
3203 5428 3469 5479 veterum
3491 5424 3691 5482 Pneu-

327 5490 439 5565 διαί,
473 5493 611 5548 Filio
641 5513 651 5551 :
678 5492 746 5555 ἐν,
774 5490 1010 5565 Spiritui
1040 5490 1245 5551 sancto
1276 5497 1633 5553 tribuebant.
1716 5490 1721 5491 ί
2032 5490 2554 5552 ωὰιόωὲιοὶιοιοιιω
2595 5493 2902 5549 stultitiam
2920 5495 3164 5549 miratur
3198 5511 3335 5552 :nos
3363 5501 3565 5551 autem
3598 5513 3677 5552 re.

397 5562 509 5637 (l8)
538 5567 668 5637 Suo,
690 5562 924 5635 iure'ita
951 5565 1340 5624 distinxerunt
1369 5569 1920 5627 Pneumatomachi.
2030 5568 2353 5624 centiorum
2372 5566 3188 5637 Hyopneumatomachorum
3208 5566 3478 5621 insanias
3497 5566 3689 5622 admi-

326 5634 552 5715 Etenim
577 5634 885 5715 Origenes,
922 5637 1338 5715 hmreticorum
1377 5641 1649 5715 omnium
1681 5656 1915 5715 parens,
2028 5656 2233 5715 ramur
2264 5644 2319 5715 et
2347 5634 2585 5715 chartis,
2622 5643 2681 5715 ut
2717 5642 2948 5715 vocant,
2973 5637 3687 5710 mcumeuicismllgemei-

324 5707 404 5760 ita
434 5723 555 5763 non
601 5707 798 5763 solum
829 5709 1198 5774 distinxerat,
1234 5711 1339 5767 sed
1391 5712 1469 5768 ita
1518 5707 1771 5768 adeo—in
1801 5713 1919 5767 suis
2026 5714 2165 5779 nen)
2192 5709 2505 5779 vulgamus
2532 5713 2589 5764 et
2622 5707 2967 5767 laudamus.

324 5788 625 5851 repererat
654 5779 975 5837 codicibus.
998 5779 1142 5836 Vide
1164 5781 1425 5839 hominis
1459 5783 1662 5840 vesani
1700 5798 1915 5854 nugas,
2098 5785 2212 5854 (20)
2241 5786 2330 5834 Σαὶ
2360 5779 2529 5839 abest
2552 5779 2617 5834 A.
