4144 6314
529 280 668 361 4145

1900 277 2243 338 EUTHYMII
2282 271 2632 337 ZIGABENI

3782 282 3924 339 1116

524 406 701 465 licam
747 410 1254 483 praedicationem,
1295 427 1480 484 quam
1531 410 1880 467 hominibus
1927 407 2189 475 adduxit,

2302 417 2390 462 τοῦ
2414 412 2748 483 Εὖαγγςλίου,
2782 415 2807 467 ὃ
2838 414 3065 488 ἕπήγαγε
3100 421 3210 476 τοῖς
3258 411 3561 486 ἁνθρωποις,
3614 414 3693 472 ὡς
3746 412 3923 460 αἴτιον

526 500 728 568 utpote
755 515 1003 555 causam
1039 500 1175 555 vitae
1210 500 1530 571 spiritualis
1551 515 1620 555 ac
1642 498 1993 571 cognitionis
2021 497 2188 552 lucis.

596 582 757 637 Vers.
816 589 863 638 5.
897 586 973 639 Et
997 585 1103 640 lux
1140 586 1785 653 r-comprehenderunt.
1823 587 2036 639 Lucem
2059 579 2194 653 qui—

526 669 665 726 dem
690 678 858 728 vocat
879 674 1388 746 praedicationem,
1410 680 1649 746 propter
1675 673 1895 730 dictam
1918 687 2191 755 causam,

527 762 585 814 et
640 767 880 832 prOpter
937 764 1244 819 veritatem
1301 783 1313 819 :
1373 764 1647 819 tenebras
1702 779 1840 818 vero
1904 775 2187 828 errorem,

527 853 765 921 propter
842 851 1178 908 falsitatem.
1239 853 1383 909 Dicit
1448 868 1591 922 ergo
1668 869 1681 907 :
1741 850 2078 908 Praedicatio
2129 850 2189 904 in

525 952 716 993 errore
754 938 928 1008 lucet,
979 948 1035 997 et
1064 957 1225 997 error
1253 958 1387 997 eam
1420 958 1538 997 non
1572 940 2045 1013 comprehendit.

595 1026 908 1098 Gregorius
939 1035 1139 1086 autem
1168 1031 1504 1103 Theologus
1542 1031 1768 1086 dictum
1804 1029 2047 1084 verbum
2078 1027 2189 1083 ali-

524 1116 611 1170 ter
634 1114 918 1190 intelligit,
948 1134 1226 1175 sermone
1254 1136 1432 1192 quem
1459 1119 1603 1176 facit
1626 1119 1686 1174 in
1702 1122 1910 1174 sancta
1933 1116 2184 1179 lumina.

524 1205 735 1259 Verum
770 1212 964 1277 potest
1014 1212 1069 1264 et
1097 1208 1251 1265 hanc
1282 1214 1339 1264 et
1376 1208 1540 1264 illam
1594 1208 1852 1279 recipere
1904 1206 2188 1277 interpre-

528 1294 835 1351 tationem.

599 1384 743 1439 Cum
774 1401 911 1457 ergo
935 1386 1219 1443 hactenus
1251 1387 1616 1457 evangelista
1638 1387 1713 1442 de
1735 1387 1862 1443 Filii
1886 1385 2190 1440 divinitate

524 1476 869 1540 asseruerit,
900 1483 1334 1548 consequenter
1363 1478 1503 1533 hinc
1559 1476 1949 1547 Evangelium
1980 1489 2193 1544 aggre-

528 1561 699 1617 ditur.

607 1656 768 1711 Vers.
799 1654 852 1709 6.
907 1655 1045 1711 Fuit
1077 1687 1144 1696 —-
1180 1656 1446 1713 Joannes.
1476 1658 1663 1711 Lucas
1690 1660 1891 1711 autem
1918 1653 2145 1724 scripsit
2172 1670 2185 1707 :

526 1748 776 1805 Factum
808 1750 892 1801 est
932 1745 1170 1801 verbum
1212 1747 1322 1803 Dei
1346 1761 1523 1815 super
1543 1747 1835 1802 Joannem
1883 1744 2190 1801 Zachariw
2225 1766 2260 1817 Β

526 1837 721 1906 ﬁlium
758 1835 819 1890 in
846 1835 1071 1891 deserto
1093 1836 1162 1887 ιο.

597 1927 765 1981 Vers.
797 1930 856 1979 7.
896 1925 1012 1979 Hic
1041 1955 1108 1964 —
1138 1924 1285 1980 luce.
1317 1925 1439 1979 Lux
1462 1924 1807 1994 intelligitur
1829 1923 2025 1980 hocin
2056 1922 2190 1978 loco

528 2015 791 2071 Christus
841 2017 1083 2084 propter
1140 2028 1383 2068 causam
1429 2012 1596 2084 prius
1644 2014 1957 2068 redditam.
1996 2013 2191 2071 Perhi—

524 2104 655 2160 buit
707 2107 906 2158 autem
964 2101 1227 2156 Joannes
1280 2101 1686 2157 testimonium
1753 2102 1828 2156 de
1879 2102 2190 2160 divinitate

526 2191 739 2264 ipsius,
773 2190 922 2245 sicut
952 2205 1012 2245 1n
1061 2191 1449 2262 sequentibus
1505 2191 1752 2263 patebit.
1784 2192 1933 2247 Cum
1990 2198 2191 2249 autem

526 2280 790 2336 Christus
816 2278 997 2350 hujus
1026 2279 1358 2334 testimonio
1389 2295 1509 2334 non
1543 2285 1758 2351 egeret,
1808 2280 2193 2351 subjungitur

530 2370 711 2426 etiam
738 2384 923 2424 causa
956 2367 1293 2424 testimonii.
1332 2367 1509 2424 Addit
1537 2369 1693 2425 enim
1721 2387 1735 2425 :

604 2460 767 2515 Vers.
828 2460 879 2512 7.
943 2459 1016 2515 Ut
1076 2489 1145 2498 —
1192 2458 1381 2513 illum.
1447 2460 1971 2524 Quemadmodum
2032 2462 2192 2517 enim

538 2563 717 2605 carne
773 2547 1038 2603 vestitus.
1095 2551 1207 2613 est,
1247 2562 1322 2601 ne
1362 2548 1524 2602 nuda
1579 2547 1882 2604 divinitate
1913 2550 2196 2622 apposita

539 2654 748 2693 omnes
788 2637 1060 2709 perderet
1090 2653 1103 2691 ι
1153 2640 1233 2691 Ita
1263 2653 1497 2709 quoque
1524 2638 1863 2693 testimonio
1911 2655 2057 2694 usus
2085 2644 2190 2702 est.

540 2733 607 2783 ut
641 2726 831 2781 Judaei
878 2726 1115 2795 cognati
1172 2727 1416 2781 Joannis
1464 2742 1670 2782 vocem
1724 2728 2055 2794 audientes,
2090 2744 2196 2801 per

540 2832 675 2872 eam
704 2817 1013 2871 crederent
1071 2814 1297 2871 facilius
1342 2816 1399 2870 in
1453 2832 1592 2871 eum
1645 2817 1719 2872 de
1749 2833 1872 2889 quo
1928 2818 2193 2874 testiﬁca-

537 2904 736 2968 batnr,
777 2903 986 2960 omnia
1016 2904 1308 2975 siquidem
1337 2903 1406 2960 ad
1449 2905 1764 2961 hominum
1796 2906 2044 2963 salutem
2077 2907 2195 2962 dis-

536 2992 755 3065 posuit.

605 3084 863 3137 Joannes
891 3080 1091 3153 itaque
1144 3080 1551 3138 testimonium
1588 3082 1908 3154 perhibuit,
1952 3087 2014 3139 ut
2068 3100 2194 3140 om-
2229 3106 2269 3163 ί]

532 3186 639 3227 nes
687 3167 1014 3235 crederent,
1059 3184 1181 3225 non
1228 3185 1440 3225 omnes
1498 3174 1697 3227 tamen
1754 3171 2136 3228 crediderunt
2174 3193 2187 3232 :

531 3259 684 3315 ﬁdes
712 3258 870 3313 enim
905 3273 1026 3313 non
1055 3265 1143 3314 est
1170 3263 1395 3325 coacta,
1438 3259 1542 3315 sed
1583 3259 1937 3317 voluntaria.

606 3350 764 3403 Vers.
798 3350 849 3403 8.
881 3348 1013 3404 Non
1042 3379 1105 3389 -
1155 3350 1306 3405 luce.
1369 3348 1577 3404 Adhuc
1608 3350 1914 3406 missionis
1945 3367 2190 3407 causam

536 3436 820 3494 declarat.
857 3443 1059 3509 Neque
1097 3438 1255 3493 enim
1295 3439 1458 3493 venit
1496 3442 1561 3494 ut
1615 3439 1871 3495 luceret:
1918 3455 2038 3496 non
2069 3445 2195 3496 erat

538 3527 835 3598 siquidem
866 3525 992 3597 ipse
1018 3526 1139 3593 lux,
1168 3527 1272 3582 sed
1305 3533 1367 3581 ut
1417 3529 1818 3584 testimonium
1859 3529 2195 3601 perhiberet

540 3615 615 3671 de
644 3615 795 3669 luce.
836 3613 1027 3669 Simul
1056 3631 1297 3688 quoque
1328 3632 1403 3672 ne
1450 3623 1679 3689 putaret
1708 3619 2008 3690 quispiam
2052 3634 2192 3673 eum

540 3703 643 3774 qui
675 3703 1082 3759 testimonium
1127 3703 1370 3769 ferebat.
1412 3707 1699 3777 majorem
1728 3723 1797 3761 ac
1819 3707 1934 3762 ﬁde
1964 3704 2197 3775 dignio-

539 3808 668 3848 rem
697 3808 769 3847 eo
799 3792 873 3847 de
912 3808 1035 3865 quo
1078 3791 1372 3850 ferebatur
1396 3795 1825 3864 testimonium,
1856 3800 1918 3851 ut
1942 3796 2197 3867 plerum-

537 3897 655 3955 que
685 3880 833 3939 solet
860 3882 1147 3938 accidere.
1177 3885 1388 3939 Verum
1420 3886 1561 3957 quia
1597 3901 1804 3941 recens
1855 3890 1981 3941 erat
2020 3885 2198 3940 Joan-

535 3971 628 4027 nis
648 3971 1075 4038 testimonium,
1107 3987 1181 4028 ne
1233 3972 1438 4028 similis
1493 3974 1768 4046 quaedam
1794 3975 2044 4029 oriretur
2073 3988 2199 4027 sus-

538 4057 696 4130 picio
726 4064 784 4115 et
811 4059 886 4114 de
922 4074 994 4115 eo
1042 4059 1115 4114 de
1154 4076 1268 4131 quo
1300 4060 1594 4117 ferebatur
1630 4061 2058 4124 testimonium,
2094 4060 2193 4115 ait:

609 4150 768 4202 Vers.
799 4149 854 4202 9.
888 4148 1040 4203 Erat
1087 4180 1156 4189 -—
1202 4150 1513 4205 mundum.
1563 4152 1809 4221 Semper
1854 4156 2001 4218 erat,
2025 4150 2198 4219 juxta

536 4250 716 4308 supra
753 4236 1016 4306 positum
1068 4238 1519 4294 reconditiorem
1551 4239 1915 4295 intellectum
1958 4255 1973 4295 :
2006 4237 2213 4309 siquia

2299 506 2387 553 καὶ
2411 502 2555 564 ζωῆς
2586 513 2932 577 πνευματικῆς
2962 510 3049 557 καὶ
3081 507 3249 577 φωτὸς
3276 508 3532 574 γνώσεως.

2372 596 2470 643 Καὶ
2504 595 2561 644 τὸ
2605 603 2704 665 φῶς
2748 626 2813 634 —
2843 593 3106 647 κατῦιαϐε.
3161 599 3266 652 Φῶς
3323 595 3412 663 μεν
3480 590 3713 641 ἐνταῦθα
3772 586 3924 638 κοιλεί

2299 682 2354 731 τὸ
2380 687 2629 754 κήρυγμα
2656 680 2748 735 διά
2800 704 2853 735 τε
2884 688 2976 741 τὴν
3005 684 3256 757 ῥηθεῖσαν
3302 680 3492 743 αἰτίαν,
3534 683 3629 730 παὶ
3683 674 3791 730 διὰ
3826 680 3922 734 τὴν

2300 767 2540 827 ἀλήθειαν
2565 790 2575 800 ·
2609 776 2820 825 σκοτίαν
2858 769 2916 824 δὲ
2945 778 3037 830 τὴν
3063 770 3259 828 πλάνην
3294 766 3387 822 διὰ
3417 772 3474 820 τὸ
3499 763 3726 838 ψεῦδος.
3761 769 3923 835 Λέγει

2296 865 2419 928 γοῦν
2445 862 2524 910 ὅτι
2548 864 2617 912 T6
2648 867 2898 934 κήρυγμα
2923 860 2970 913 ἐν
3005 868 3067 933 τῇ
3102 861 3264 933 πλάνη
3293 858 3502 931 λάμπει,
3530 860 3619 908 καὶ
3654 856 3690 912 ἡ
3744 853 3917 909 πλάνη

2298 948 2356 998 οὗ
2383 952 2695 1021 περιεγένετο
2728 950 2887 1002 αὐτοῦ
2914 952 3049 1018 (21).

2368 1035 2426 1088 Ὀ
2480 1034 2539 1089 δε
2589 1038 2843 1110 Θεολὸγος
2900 1042 3185 1112 Γρηγόριος
3236 1036 3416 1109 ἑτέρως
3474 1038 3532 1086 τὸ
3579 1035 3756 1108 ῥητὸν
3820 1029 3921 1094 ἐξε-

2294 1124 2476 1178 λάϐετο
2534 1125 2581 1177 ἐν
2642 1135 2715 1197 τῷ
2767 1126 2836 1188 εἰς
2885 1129 2951 1178 τὰ
3019 1126 3148 1198 ἅγια
3202 1134 3346 1197 φῶτα
3390 1123 3543 1196 λόγῳ,
3611 1119 3919 1194 δυνάμενον

2295 1218 2385 1267 καὶ
2452 1217 2647 1272 ταύτην
2717 1214 2958 1272 κάκείνην
3015 1211 3360 1277 ἐπιδέξασθαι
3434 1212 3545 1284 (22)
3615 1216 3726 1269 τὴν
3807 1208 3921 1272 5513-

2296 1323 2475 1375 γησιν.

2368 1397 2543 1464 Μέχρι
2591 1390 2650 1445 δὲ
2687 1396 2871 1446 τούτου
2922 1390 3226 1465 διαλεχθεὶς
3278 1393 3303 1444 6
3355 1388 3749 1462 εὐαγγελιστὴς
3801 1390 3917 1459 περὶ

2294 1490 2389 1542 τῆς
2431 1490 2522 1534 τοῦ
2553 1485 2676 1534 Υίοῦ
2718 1484 2974 1548 θεότητος,
3022 1481 3245 1534 ἐντεῦθεν
3294 1480 3473 1533 λοιπὸν
3525 1480 3773 1551 ἄρχεται
3829 1482 3917 1528 τοῦ

2298 1570 2612 1642 Εὖαγγελίου
2623 1616 2633 1626 .

2367 1661 2597 1730 Ἐγένετο
2668 1692 2723 1701 -
2778 1661 3032 1720 Ἰωάννης.
3091 1659 3151 1711 Ὀ
3227 1655 3287 1711 δὲ
3346 1663 3553 1717 Λουκᾶς
3630 1654 3909 1730 ἔγραψεν

2299 1749 2525 1821 Ἐγένετο
2567 1751 2714 1825 ῥῆμα
2743 1757 2876 1803 Θεοῦ
2926 1749 3011 1801 ἐπὶ
3059 1744 3302 1806 Ἰωάννην
3349 1752 3436 1800 τὸν
3487 1754 3579 1799 τοῦ
3626 1749 3914 1818 Ζαχαρίου

2300 1841 2410 1891 υἱὸν
2433 1838 2480 1891 ἐν
2508 1848 2571 1912 τῇ
2606 1839 2801 1913 ἐρήμῳ.

2371 1929 2533 1989 Οὗτος
2600 1961 2665 1968 -
2726 1931 2911 2000 φωτός.

2299 2019 2432 2070 κατὰ
2475 2023 2569 2075 τὴν
2616 2013 3110 2092 προαποδεδομένην
3167 2015 3352 2069 αἰτίαν.
3423 2013 3803 2086 Ἐμαρτύρησε
3854 2008 3908 2063 δὲ

2300 2108 2325 2157 6
2377 2106 2617 2167 Ἰωάννης
2672 2111 2788 2179 περὶ
2834 2114 2924 2166 τῆς
2973 2107 3214 2166 θεότητος
3275 2103 3458 2169 αὐτοῦ,
3514 2105 3581 2164 ὡς
3640 2105 3910 2177 προίόντες

2300 2197 2604 2269 εὑρήσομεν.
2640 2197 2779 2249 Ἐπεὶ
2819 2192 2879 2248 δε
2917 2194 3011 2247 οὐκ
3051 2191 3217 2247 ἕδεῐτο
3245 2201 3339 2255 τῆς
3377 2195 3564 2245 τούτου
3609 2195 3906 2264 μαρτυρίας

2302 2288 2327 2336 6
2378 2287 2630 2359 Χριστὸς,
2695 2286 2916 2337 τέθειται
2974 2288 3061 2335 καὶ
3115 2285 3143 2342 ἡ
3208 2282 3352 2334 αἰτία
3424 2290 3518 2343 τῆς
3584 2286 3901 2355 μαρτυρίας.

2302 2374 2564 2446 Ἐπήγαγε
2583 2376 2682 2448 γάρ
2709 2395 2721 2407 ·

2371 2463 2481 2517 Ἰνα
2531 2495 2600 2502 -
2654 2463 2835 2517 αὐτοῦ.
2906 2461 3106 2534 Ὠσπερ
3164 2463 3263 2535 γὰρ
3314 2463 3486 2534 σάρκα
3548 2458 3895 2532 περιεϐάλετο,

2307 2556 2388 2605 ἱνα
2424 2558 2495 2625 μὴ
2540 2560 2709 2625 γυμνῇ
2757 2559 2819 2623 τῇ
2880 2553 3084 2609 θεότητι
3133 2549 3439 2622 προσϐαλὼν
3493 2549 3611 2621 ('23)
3676 2547 3892 2619 ἀπολέσῃ

2304 2645 2532 2703 πάντας·
2590 2642 2724 2693 οὕτω
2758 2645 2846 2692 καὶ
2885 2642 3112 2713 μάρτυρι
3154 2638 3447 2711 ἐχρήσατο,
3478 2640 3580 2702 ἵνα,
3630 2647 3727 2700 τῆς
3774 2655 3892 2706 συγ-

2303 2739 2477 2803 γενοῦς
2512 2730 2781 2790 ἀκούοντες
2801 2731 2849 2782 οἱ
2870 2734 2985 2781 τότε
3003 2736 3192 2800 φωνῆς,
3216 2727 3551 2800 εὐκολώτερον
3574 2729 3889 2779 πιστεύσασι

2305 2818 2380 2872 δι’
2438 2820 2600 2880 αὐτῆς
2657 2820 2722 2879 εἰς
2770 2823 2854 2871 τὸν
2885 2820 3323 2891 μαρτυρούμενον.
3386 2817 3564 2868 Πάντα
3614 2819 3713 2889 γὰρ
3771 2815 3886 2887 πρὸς

2307 2914 2568 2984 σωτηρίαν
2594 2916 2693 2961 τῶν
2726 2906 3003 2981 ἀνθρώπων
3035 2907 3363 2977 ᾠκονομεῖτο.

2987 1934 3098 1989 Φῶς
3160 1933 3247 1977 νῦν
3320 1927 3345 1977 6
3425 1927 3667 2000 Χριστός
3720 1930 3912 1975 νοεῖται

2375 3087 2616 3148 Ἰωάννης
2644 3090 2734 3159 μεν
2760 3082 2846 3139 οὖν
2882 3084 3256 3159 ἐμαρτύρησεν,
3282 3084 3365 3135 ἶνα
3392 3085 3578 3143 πάντες
3605 3083 3864 3136 πιστεύσω-

2305 3196 2414 3231 σιν·
2446 3177 2503 3229 οὗ
2552 3179 2739 3236 πάντες
2769 3172 2827 3228 δὲ
2883 3177 3199 3226 ἐπίστευσαν
3226 3192 3238 3204 ·
3293 3172 3387 3224 οὐκ
3445 3170 3500 3224 ἐκ
3555 3170 3668 3244 βίας
3697 3171 3782 3241 γὰρ
3827 3166 3852 3222 ἦ

2300 3272 2503 3328 πίστις.
2535 3264 2639 3317 ἀλλ’
2671 3264 2725 3316 ἐκ
2756 3267 3123 3338 προαιρέσεως.

2371 3357 2481 3408 Οὐκ
2510 3387 2575 3395 —-
2603 3359 2780 3427 φωτός.
2827 3384 2897 3394 -
2943 3352 3059 3405 Ἐτι
3118 3351 3395 3424 σαφηνίζει
3447 3354 3540 3409 τὴν
3572 3350 3741 3402 αἰτίαν
3791 3352 3871 3404 τῆς

2303 3444 2610 3513 ἀποστολῆς,
2656 3446 2735 3496 ὅτι
2788 3440 2935 3501 ἦλθεν
2989 3441 3093 3513 οὐχ
3149 3443 3232 3493 ἶνα
3260 3445 3461 3512 φωτίση
3496 3460 3507 3471 ·
3564 3439 3660 3492 οὐκ
3692 3435 3747 3496 ἧν
3783 3436 3871 3507 γὰρ

2304 3534 2487 3595 ἐκεῖνος
2534 3538 2591 3585 τὸ
2624 3542 2758 3605 φῶς·
2823 3530 2928 3583 ἀλλ’
2984 3532 3066 3582 ἵνα
3117 3533 3429 3602 μαρτυρήσῃ
3481 3533 3601 3603 περὶ
3656 3535 3738 3580 τοῦ
3776 3545 3872 3597 φω-

2304 3629 2422 3686 τόςο
2451 3623 2560 3695 οἶμα
2595 3619 2653 3674 δὲ
2687 3626 2778 3673 καὶ
2824 3622 2908 3672 ἶνα
2956 3624 3026 3691 μὴ
3060 3624 3248 3691 νομίσῃ
3283 3637 3367 3678 τις
3414 3619 3494 3670 ὅτι
3543 3619 3567 3669 6
3624 3621 3878 3690 μαρτυρῶν

2304 3717 2493 3787 μείζων
2541 3717 2630 3763 καὶ
2707 3710 3124 3781 ἀξιοπιστότερος
3183 3705 3242 3766 ἧν
3308 3715 3400 3758 τοῦ
3450 3708 3877 3781 μαρτυρουμένου,

2306 3805 2375 3864 ὡς
2421 3801 2504 3854 ἐπὶ
2551 3800 2747 3853 πολλῶν
2798 3800 2943 3851 εἶωθε
2996 3796 3316 3869 συμϐαίνειν.
3370 3795 3510 3849 Ἐπεὶ
3563 3792 3624 3847 δὲ
3666 3797 3878 3869 πρόσφα-

2306 3912 2391 3953 τος
2422 3888 2483 3949 ἧν
2511 3892 2541 3949 ἡ
2576 3897 2667 3942 τοῦ
2713 3890 2951 3941 Ἰωάννου
2990 3890 3275 3961 μαρτυρία,
3325 3886 3408 3937 ἵνα
3446 3889 3517 3957 μὴ
3547 3887 3756 3940 τοιαύτη
3808 3898 3877 3939 τις

2307 3983 2524 4033 ὑπόνοια
2552 3983 2642 4031 καὶ
2677 3983 2793 4051 περὶ
2823 3984 2915 4029 τοῦ
2945 3976 3369 4050 μαρτυρουμένου
3400 3977 3721 4047 παρεμπέσοι
3756 3969 3872 4040 (24),

2308 4075 2466 4142 φησίν
2493 4083 2506 4099 ο

2377 4158 2472 4211 Ἦν
2538 4189 2602 4200 -
2663 4161 2880 4228 κόσμον.
2939 4154 3036 4207 Ἦν
3086 4152 3183 4218 ἀεὶ,
3254 4154 3387 4204 κατὰ
3451 4157 3546 4210 τὴν
3610 4150 3873 4204 ἓκτεθεῖσαν

2305 4250 2538 4321 ἀνωτέρω
2580 4245 2860 4316 θεολογίαν.
2910 4243 2996 4305 Ὠς
3027 4246 3117 4315 μεν
3160 4239 3247 4294 οὖν
3285 4244 3413 4304 Θεὸς
3462 4237 3523 4299 ἦν
3574 4239 3651 4293 ἀεί
3676 4256 3688 4269 ·
3727 4240 3785 4296 ὡς
3822 4230 3873 4286 6“:

538 4324 675 4379 dem
703 4329 990 4396 tanquam
1022 4326 1179 4381 Deus
1228 4341 1464 4399 semper
1501 4333 1627 4384 erat
1661 4333 1989 4401 ;tanquam
2013 4327 2195 4383 homo

2308 4340 2575 4412 ἄνθρωπος
2600 4335 2813 4409 ἤρξατο,
2845 4340 2937 4386 τοῦ
2968 4330 3117 4385 εἶναι.

543 4427 683 4469 vero
713 4428 844 4468 esse
875 4413 1112 4485 incepit.

610 4503 825 4559 Verum
841 4504 887 4559 si
905 4520 1144 4560 omnem
1157 4505 1462 4563 hominem
1478 4508 1815 4565 venientem
1828 4510 1886 4565 iu
1902 4507 2087 4564 mund
2099 4521 2196 4560 um

536 4592 858 4667 illuminat,
878 4595 1189 4665 quomodo
1208 4600 1291 4652 tot
1316 4596 1501 4652 relicti
1529 4604 1667 4654 sunt
1699 4614 1820 4654 non
1846 4595 2201 4657 illuminati?

546 4687 692 4743 Sane
722 4687 888 4757 quod
914 4683 991 4739 ad
1030 4683 1227 4755 ipsum
1260 4688 1483 4753 attinet,
1511 4702 1722 4743 omnes
1752 4688 2069 4744 illuminat:
2098 4691 2202 4763 qui

546 4782 744 4833 autem
777 4792 895 4832 non
928 4776 1244 4838 illiumnati
1302 4786 1564 4845 manent,
1594 4801 1630 4842 a
1670 4779 1913 4852 prapria
1950 4780 2063 4837 hoc
2102 4797 2202 4855 pa-

545 4867 773 4924 tiuntur
804 4869 1133 4938 voluntate;
1167 4888 1309 4929 nam
1330 4872 1478 4929 lucis
1504 4873 1887 4939 beneﬁcium,
1919 4875 2083 4947 quod
2124 4874 2203 4930 ad

547 4957 733 5014 solem
758 4959 986 5028 attinet,
1011 4977 1193 5034 super
1220 4977 1433 5018 omnes
1460 4962 1803 5036 simpliciter
1827 4961 2198 5020 diffunditur.

613 5227 666 5268 ι.
695 5196 834 5253 Luc.
876 5211 957 5263 in,
995 5198 1055 5253 2.

2384 4514 2442 4567 Εἰ
2477 4510 2535 4567 δε
2569 4517 2781 4587 φωτίςει
2824 4513 2992 4563 πάντα
3050 4511 3319 4583 ἄνθρωπον
3375 4506 3650 4582 ἐρχόμῇνον
3680 4503 3742 4561 εἰς
3788 4499 3862 4549 τὸν

2312 4609 2528 4673 κόσμον,
2586 4611 2691 4663 πῶς
2734 4608 2975 4653 τοσοῦτοι
3027 4602 3375 4671 μεμενήκασιν
3449 4594 3737 4669 ἀγάπη-του
3798 4586 3854 4635 Τό

2311 4697 2401 4766 μὲν
2443 4694 2510 4754 εἰς
2558 4693 2707 4744 αὑτὸν
2765 4692 2910 4754 ἧκον,
2964 4690 3156 4748 πάντας
3211 4686 3465 4759 φωτίζει⁸
3514 4687 3560 4735 οἱ
3606 4679 3656 4734 δε
3701 4678 3852 4749 μένον

2311 4804 2389 4844 τες
2430 4781 2718 4854 ἀφώτιστοι
2792 4780 2935 4853 παρὰ
2986 4781 3079 4835 τὴν
3150 4775 3346 4827 ἑαυτῶν
3392 4778 3676 4848 προαίρεσιν
3724 4769 3856 4815 τοῦτο

2311 4850 2637 4944 πάσχουσιν.
2668 4868 2726 4921 ἹΙ
2758 4850 2975 4942 μὶννγὰρ
3007 4873 3102 4918 τοῦ
3133 4866 3299 4937 φωτὸς
3341 4866 3507 4936 χάρις
3550 4862 3689 4921 ἡλίου
3730 4850 3863 4908 δίκην

2312 4962 2397 5015 ἐπὶ
2448 4962 2647 5022 πάντας
2716 4957 2890 5019 ἁπλῶς
2948 4954 3266 5027 ἑκκέχυται’
3336 4955 3385 5005 οἱ
3445 4948 3507 5005 δε
3558 4957 3631 5024 μή
3679 4945 3874 5002 θέλοντες

1736 5400 1960 5470 Varias
1989 5399 2315 5470 lectiones
2336 5408 2403 5468 et
2431 5408 2631 5467 notas.

642 5598 733 5661 2t)
774 5591 948 5661 Αὐτοῦ
978 5591 1146 5648 abest
1187 5598 1248 5649 Α.

646 5659 736 5726 22)
768 5659 1172 5726 Ἐπιδείξασθαι
1200 5668 1266 5721 Α.

642 5598 733 5661 2t)
774 5597 948 5648 Αὐτοῦ
978 5597 1146 5648 abest
1187 5598 1248 5649 Α.

646 5665 713 5720 22
768 5659 1266 5726 ἘπιδείξασθαιΑ.

617 5597 738 5809 ἓῖζόζ
796 5736 1089 5807 Interpres
1162 5737 1455 5807 apposita.
1507 5735 1856 5809 Προσϐάλλειν
1938 5736 2060 5805 mi,
2122 5740 2207 5795 est

2317 5606 2605 5666 apparere
2635 5589 2829 5655 alicui,
2864 5588 3351 5662 appropinquare
3381 5587 3456 5645 ad
3483 5586 3766 5661 aliquem.
3792 5580 3892 5637 la-

2314 5665 2417 5720 lim
2441 5678 2603 5733 ergo,
2633 5668 2997 5730 conspectus.

2386 5736 2498 5806 (24)
2542 5737 2840 5810 Παραπέσοι
2873 5739 2934 5787 Α.
