4144 6314
319 338 468 395 1117

1316 264 1708 384 ΟΟΜΜΕΝΤ.
1759 328 1829 384 IN
1866 328 2218 385 JOANNEM.
2259 363 2326 372 -
2365 331 2517 389 CAP.
2564 331 2606 387 ι.

3563 331 3704 392 1118

323 461 628 515 ἀπολαῦσαι
655 468 749 521 τῆς
777 460 998 534 χάριτος
1029 460 1173 512 αὐτοὶ
1210 465 1300 511 τοῦ
1333 457 1400 529 μὴ
1441 422 1556 520 (25)
1604 453 1928 515 φωτισθῆναι

2058 455 2217 521 Quod
2251 455 2296 510 si
2319 457 2423 529 qui
2455 457 2582 513 luce
2610 458 2722 514 frui
2789 457 3014 526 nolunt,
3047 458 3177 531 ipse
3217 456 3328 514 sibi
3360 473 3542 514 causa
3562 461 3703 514 sunt

323 572 512 605 αιτιοι.

403 641 672 698 Ἀληθινὸν
705 635 763 692 δὲ
786 636 918 691 εἶπεν
951 639 1093 706 αὐτὸ,
1116 643 1183 698 ως
1214 638 1549 710 ἀσύγκριτον,
1573 634 1663 682 καὶ
1686 634 1811 709 ὑπὲρ
1837 641 1933 686 πᾶν

322 739 450 803 φῶς,
478 735 568 781 καὶ
598 734 791 801 κυρίως
814 737 935 800 φῶς.

399 819 494 892 [Τό
527 821 639 888 (26)
693 827 796 890 φῶς
840 821 896 870 τὸ
947 817 1207 876 ἀληθινόν.
1259 822 1358 870 Καὶ
1403 815 1551 868 εἰκὼν

317 906 550 979 λέγεται,
593 912 682 960 καὶ
743 906 956 964 ἀληθινὴ
1022 911 1198 978 σοφία,
1251 911 1340 957 καὶ
1390 905 1497 965 ζωὴ
1558 900 1796 967 ἀληθινὴ,
1845 906 1933 953 καὶ

1715 813 1930 872 ἀληθινὴ

318 999 394 1048 τὰ
439 1005 658 1048 τοιαῦτα
692 1018 703 1028 ·
741 995 833 1047 οὐκ
878 994 960 1048 ἐπὶ
1015 991 1232 1067 διαϐολῇ
1289 1003 1388 1046 τῶν
1432 992 1594 1045 ἄλλων
1652 992 1812 1062 ἁγίων
1863 989 1932 1042 εἰ-

318 1091 511 1151 κόνων,
569 1082 692 1138 οὐδὲ
731 1093 826 1145 τῆς
873 1083 974 1136 ἀπὸ
1015 1093 1112 1136 τῶν
1169 1086 1312 1136 θείων
1375 1090 1587 1156 Γραφῶν
1643 1085 1842 1155 σορίας,
1899 1082 1928 1136 ἧ

320 1183 423 1236 τῆς
472 1174 690 1228 ἔνταῦθα
720 1174 878 1238 ζωῆς,
923 1175 1005 1225 ἶνα
1052 1172 1188 1225 ἐάσω
1218 1177 1304 1230 τὴν
1345 1172 1630 1244 μέλλουσαν
1664 1190 1676 1202 ο
1720 1168 1846 1221 ἀλλὰ
1874 1171 1932 1219 τὸ

317 1273 560 1316 τοιοῦτον
595 1272 786 1336 σχῆμα
819 1271 910 1316 τοῦ
935 1263 1092 1335 λόγου
1124 1266 1180 1315 τό
1219 1263 1337 1315 καθ’
1367 1264 1632 1334 ὑπεροχὴν
1682 1259 1934 1332 ἀσύγκρι-

319 1373 418 1406 τον
446 1354 758 1426 ύποφαίνει.]

408 1441 520 1514 [Εἰς
561 1445 674 1510 (27)
704 1442 795 1493 τόν³
823 1446 1037 1513 κόσμον.
1071 1439 1138 1494 Ἦ
1185 1447 1273 1492 καὶ
1320 1439 1501 1501 ἄλλως·
1547 1438 1822 1512 ἐρχόμενον
1865 1436 1934 1493 εἰς

318 1536 418 1583 τὸν
450 1531 615 1590 ἀληθῆ
641 1535 835 1602 κόσμον
862 1539 960 1582 τῶν
990 1529 1241 1604 tipatam]

403 1622 484 1674 Ἐν
526 1629 595 1690 τῷ
638 1617 820 1692 κόσμῷ
861 1617 939 1679 ἦν.
997 1621 1104 1672 Οὐκ
1163 1624 1228 1682 ὡς
1283 1624 1422 1690 τόπῳ
1474 1620 1929 1692 περιγραφόμενος,

320 1709 438 1761 ἀλλ’
468 1713 531 1770 ὡς
565 1712 730 1761 πάντα
768 1709 995 1783 πληρῶν.
1023 1710 1192 1761 Εἰπὼν
1222 1705 1279 1760 δὲ
1311 1711 1390 1760 ὅτι
1427 1709 1507 1762 Ἐν
1531 1716 1600 1776 τῷ
1632 1712 1811 1777 κόσμῳ
1850 1701 1926 1766 ἦν,

2050 546 2210 615 quod
2233 562 2353 601 non
2382 546 2809 603 illuminentur.

2123 634 2337 688 Veram
2361 651 2595 707 quoque
2663 637 2852 692 lucem
2903 637 3068 702 dixit,
3128 642 3417 708 tanquam
3480 636 3703 692 incom-

2054 724 2383 793 parabilem
2416 741 2485 779 ac
2517 742 2938 797 superomnes,
2965 732 3018 782 et
3039 743 3170 798 qua:
3200 726 3430 797 proprie
3460 725 3557 780 lux
3591 731 3697 782 est.

2122 813 2162 881 -ί-
2190 813 2402 868 Dicitur
2421 830 2663 886 quoque
2681 831 2818 870 vera
2843 816 3063 883 imago,
3083 821 3290 870 etvera
3331 815 3704 886 sapientia,et

2052 915 2188 956 vera
2211 901 2324 956 vita
2353 902 2588 974 aliaque
2617 903 2866 970 similia;
2910 919 3030 958 non
3059 904 3131 958 ad
3163 905 3523 959 calumaiam
3561 904 3703 960 alia-

2051 1005 2182 1043 rum
2206 997 2551 1047 sanctarum
2569 993 2902 1062 imaginum
2928 1009 2940 1048 :
2962 1009 3155 1064 neque
3188 993 3494 1064 sapientiae
3521 1009 3705 1065 quaaa

2055 1079 2372 1151 Scripturis
2400 1081 2620 1137 divinis
2648 1087 2754 1152 est,
2789 1097 2984 1153 neque
3014 1083 3147 1137 vita;
3179 1084 3506 1154 praesentis,
3541 1088 3603 1137 ut
3627 1099 3702 1138 ne

2051 1167 2249 1222 dicam
2281 1169 2493 1225 futurae
2527 1188 2540 1224 :
2575 1171 2679 1226 sed
2720 1170 2850 1225 talis
2879 1170 3074 1240 ﬁgura
3104 1172 3418 1236 sermonis,
3461 1171 3518 1224 id
3545 1171 3704 1242 quod

2053 1255 2519 1331 incomparabile
2557 1265 2660 1329 est,
2704 1275 2807 1332 per
2840 1260 3297 1332 amplitudinem
3330 1260 3695 1316 manifestat.

2121 1436 2163 1505 -ί-
2190 1435 2324 1491 Sive
2356 1437 2689 1492 venientem
2715 1436 2772 1491 in
2804 1452 3009 1492 verum
3065 1437 3360 1492 mundum
3391 1436 3700 1492 virtutum.

2128 1614 2285 1667 Vers.
2320 1613 2403 1669 10.
2458 1613 2523 1667 In
2591 1614 2804 1668 mundo
2845 1619 2993 1669 erat.
3053 1616 3178 1668 Non
3217 1619 3503 1685 tanquam
3569 1613 3700 1669 loco

2050 1703 2550 1774 circumscriptus,
2594 1704 2694 1758 sed
2728 1710 3012 1775 tanquam
3055 1704 3257 1759 omnia
3278 1705 3699 1776 rcplens.Cum

323 1800 417 1850 ἱνα
448 1804 516 1860 μὴ
549 1797 801 1850 ὑπολάϐοι
847 1818 923 1859 τις
969 1800 1048 1850 ὅτι
1080 1802 1371 1871 σύγχρονος
1421 1794 1480 1854 ἦν
1525 1805 1614 1848 τοῦ
1654 1801 1876 1867 κόσμου,
1909 1794 1928 1844 ὃ

2058 1796 2244 1845 autem
2274 1790 2547 1847 dixisset:
2579 1793 2646 1847 In
2679 1793 2886 1847 mundo
2919 1796 3063 1857 erat,
3094 1809 3162 1846 ne
3195 1793 3328 1864 quis
3370 1794 3699 1863 suspicare-

322 1890 550 1941 πέπονθε
583 1889 828 1950 Παῦλοςό
857 1891 1205 1959 Σαμοσατεύς,
1236 1888 1546 1961 προσέθηκε’

409 2071 506 2120 Καὶ
537 2099 601 2106 —
625 2067 840 2138 ἐγένετο.
878 2063 1145 2140 Πρόδηλον
1165 2069 1266 2139 γὰρ
1297 2067 1374 2117 ὅτι
1415 2067 1439 2116 ό
1467 2069 1689 2126 ποιητὴς
1719 2068 1816 2138 πρὸ
1841 2071 1932 2116 τοῦ

318 2162 622 2228 ποιήματος
652 2153 737 2213 ἧν.

410 2250 507 2298 Καὶ
564 2276 628 2283 —
697 2247 842 2314 ἔγνω.
905 2249 1109 2316 Κόσμον
1186 2243 1407 2295 ἐνταῦθα
1473 2242 1607 2312 λέγει
1677 2247 1796 2304 τοὺς
1871 2245 1934 2293 τὰ

321 2337 562 2406 κοσμικά
621 2335 950 2406 φρονόῦντας,
1020 2338 1136 2392 τοὺς
1210 2342 1281 2403 τῷ
1346 2337 1527 2403 κόσμῳ
1593 2331 1931 2404 προσηλωμέ-

318 2441 467 2484 νους,
529 2426 646 2481 τοὺς
701 2429 804 2482 τοῖς
858 2423 1127 2482 αἰσθητοῖς
1175 2424 1452 2496 πράγμασι
1493 2427 1928 2494 προστετηκότας,

321 2516 422 2562 καὶ
478 2507 644 2582 μηδὲν
694 2512 818 2584 ὑπὲρ
864 2518 1030 2562 ταῦτα
1085 2519 1272 2568 νοῆσαι
1328 2507 1660 2580 δυναμένους.
1720 2512 1785 2560 Οἱ
1829 2512 1928 2582 γὰρ

323 2605 402 2675 μὴ
462 2609 686 2653 τοιοῦτοι
747 2603 974 2671 ἔγνωσαν
1028 2601 1181 2652 αὑτὸν
1236 2605 1321 2651 καὶ
1382 2603 1479 2674 πρὸ
1535 2607 1626 2660 τῆς
1680 2597 1929 2670 ἓνσάρκου

326 2696 641 2763 παρουσίας.
705 2695 791 2742 Διό
851 2696 939 2742 καὶ
997 2689 1043 2740 ἐν
1105 2699 1175 2760 τῷ
1230 2690 1447 2759 εἰκοστῷ
1502 2691 1727 2759 τετάρτῳ
1779 2708 1930 2758 κεφα-

324 2781 456 2850 λαίῳ
518 2788 606 2831 τοῦ
660 2784 791 2832 κατα
858 2781 1120 2832 Ματθαῖον
1177 2776 1285 2831 εἶπε
1336 2782 1466 2852 πρὸς
1523 2781 1640 2838 τοὺς
1703 2776 1928 2829 ἀποστό-

327 2870 500 2929 λουςό
541 2873 766 2943 Χριστὸς
845 2871 920 2920 ὅτι
998 2868 1181 2920 Πολλοὶ
1235 2876 1502 2942 προφῆται
1571 2871 1658 2918 καὶ
1731 2863 1928 2918 δίκαιοι

331 2957 664 3028 ἑπεθυμησαν
721 2954 848 3009 ἰδεῖν
901 2957 934 3008 ἁ
1001 2956 1228 3029 βλέπετε,
1297 2961 1385 3007 καὶ
1457 2956 1548 3007 ούκ
1606 2951 1788 3007 εἱδον’
1843 2960 1929 3006 καὶ

333 3045 558 3096 ἀκούσαι
605 3045 639 3096 ἀ
685 3044 910 3111 ἀκούετε,
978 3052 1062 3096 καὶ
1125 3046 1217 3096 οὐκ
1274 3049 1526 3102 ἤκουσαν.
1589 3044 1644 3097 Εἰ
1693 3047 1792 3118 γὰρ
1855 3047 1926 3114 μὴ

333 3136 563 3204 ἔγνωσαν
619 3134 792 3199 αὐτόν,
840 3134 933 3186 οὐκ
983 3133 1017 3185 ἆ
1073 3133 1402 3205 ἐπεθύμησαν
1453 3133 1600 3200 ἰὸείν,
1663 3136 1731 3194 ως
1788 3135 1923 3204 εἴρηο

1964 3179 2004 3235 C

333 3242 442 3285 ται,
496 3227 584 3274 καὶ
643 3222 887 3275 ἀκοῦσαι.
942 3223 1102 3275 Ὀστε
1164 3226 1391 3292 ἔγνωσαν
1447 3227 1534 3295 μὲν
1594 3222 1765 3288 αὐτόν,
1843 3227 1929 3273 καὶ

331 3316 389 3363 τό
475 3319 564 3372 τῆς
648 3311 1081 3386 ἐνανθρωπήσεως
1151 3311 1309 3363 αὐτοῦ
1402 3318 1714 3385 μυστήριον,
1798 3310 1929 3369 πλὴν

332 3404 597 3475 ὑπερφυῶς
632 3419 643 3431 ’
692 3401 1021 3473 ἐπεθύμησαν
1065 3398 1122 3454 δε
1161 3405 1250 3451 καὶ
1289 3401 1548 3460 αἰσθητῶς
1600 3397 1728 3452 ἰδεῖν
1777 3399 1929 3450 αυτόν

335 3493 847 3565 θαυματουργοῦντα,
873 3495 961 3541 καὶ
995 3489 1215 3542 ἀκοῦσαι
1256 3490 1412 3542 αὐτού
1446 3486 1812 3553 διδάσκοντος,
1842 3496 1930 3540 καὶ

332 3579 505 3641 ἁπλῶς
528 3579 574 3631 ἐν
607 3579 877 3654 ἀνθρώπου
912 3576 1056 3631 εῖδει.

405 3676 609 3720 Νοεῖται
657 3667 715 3721 ὃε
753 3674 842 3720 καὶ
892 3670 970 3719 ὅτι
1029 3665 1440 3739 δυσανασχετῶν
1487 3669 1511 3719 ὁ
1561 3666 1931 3738 εὐαγγελιστὴς

336 3755 417 3806 ἐπὶ
488 3765 547 3828 τῇ
605 3764 843 3831 πωρώσει
908 3766 1005 3809 τών
1087 3757 1451 3828 ἀγνοησάντων
1533 3757 1704 3822 αὐτὸν,
1778 3760 1925 3826 φησί,

340 3850 438 3896 Καὶ
481 3847 505 3896 ό
536 3850 731 3917 κόσμος
780 3843 851 3898 δι’
890 3847 1046 3898 αὑτοῦ
1093 3845 1303 3912 ἐγένετο,
1360 3851 1448 3898 καὶ
1505 3848 1529 3897 ό
1586 3850 1782 3917 κόσμος
1841 3845 1930 3895 αύ-

333 3937 419 3985 τόν
451 3934 554 4005 οὐχ
595 3935 739 4004 ἔγνω,
775 3939 1012 3987 τουτέστι
1053 3939 1148 3987 Τὸν
1196 3939 1417 3994 ποιητὴν
1467 3935 1560 3987 οὐκ
1609 3939 1838 4006 ἔγνωσαν
1866 3937 1929 3986 τὰ

334 4029 622 4095 ποιήματα.

407 4113 498 4174 Εἰς
537 4145 603 4152 -
633 4111 936 4184 παρέλαϐον.
972 4112 1086 4166 Ἐτι
1136 4114 1409 4186 σαφηνίζει
1449 4117 1533 4165 τόν
1577 4113 1748 4183 λόγον.
1787 4109 1930 4165 Ἰδια

333 4206 422 4272 μεν
452 4204 552 4275 γὰρ
587 4201 764 4267 αὑτοῦ,
799 4205 823 4254 ό
854 4208 1071 4273 κόσμος,
1113 4205 1182 4263 ὡς
1213 4208 1415 4275 ποίημα
1446 4204 1554 4275 ('28)
1595 4203 1770 4254 αύτού-
1800 4200 1930 4254 ἴδιοι

335 4287 393 4344 δε
427 4293 475 4342 οἱ
505 4292 785 4363 ἄνθρωποι,
821 4295 884 4352 ὡς
934 4297 1020 4344 καὶ
1065 4293 1208 4344 αὐτοὶ
1241 4298 1529 4362 ποιήματα,
1575 4298 1663 4344 καὶ
1702 4296 1770 4354 ὡς
1815 4296 1928 4344 κατ’

334 4381 502 4431 εἰκόνα
550 4382 705 4432 αὐτοῦ
757 4388 1035 4454 γενόμενοι.
1099 4382 1280 4434 Ἦλθεν
1336 4379 1420 4434 οὖν
1476 4383 1543 4444 εἰς
1600 4383 1807 4446 αὐτοὺς,
1863 4385 1929 4441 ὡς

334 4471 618 4543 ἄνθρωπος·
653 4475 720 4533 ὡς
759 4475 856 4546 γὰρ
885 4475 1034 4536 Θεὸς,
1069 4471 1116 4522 ἐν
1142 4480 1210 4540 τῷ
1239 4478 1421 4542 κόσμῳ
1452 4467 1532 4529 ἦν.

1964 4534 2006 4586 Ι)

401 4649 764 4724 Ἐρμηνεύεται
829 4645 886 4701 δε
951 4655 1040 4700 καὶ
1110 4649 1226 4700 καθ’
1309 4649 1474 4719 ἕτερον
1540 4652 1745 4720 τρόπον,
1824 4649 1925 4708 ὅτι,

333 4737 441 4791 ἐπεὶ
491 4738 542 4801 ἐξ
581 4736 846 4792 Ἰουδαίων
900 4739 924 4788 ὁ
966 4743 1194 4810 Χριστὸς
1243 4737 1526 4794 ἐϐλάστησε
1565 4740 1695 4789 κατά
1736 4740 1925 4809 σάρκα,

331 4824 448 4878 ἴδια
493 4831 581 4898 μὲν
616 4828 776 4879 αὑτοῦ
834 4830 888 4878 αὶ
932 4823 1202 4899 διατριϐαὶ
1258 4830 1481 4878 τούτων·
1541 4824 1673 4878 ἴδιοι
1730 4824 1787 4878 δὲ
1835 4827 1928 4877 αὖ·

331 4920 432 4980 τοὶ,
505 4919 573 4977 ως
650 4924 911 4987 συγγενεῖς
978 4917 1136 4968 αὐτοῦ
1201 4921 1288 4966 καὶ
1365 4914 1630 4987 ὁμόφυλοι.
1698 4918 1783 4966 Διὸ
1843 4920 1930 4966 καὶ

331 5001 516 5072 ἔλεγεν,
586 5003 697 5055 Οὐκ
757 5002 1049 5062 ἀπεστάλην
1107 5005 1266 5075 εἰμὴ
1329 5002 1395 5063 εἰς
1445 5006 1510 5054 τὰ
1572 5002 1805 5076 πρόϐατα
1869 5006 1932 5054 τὰ

331 5087 631 5143 ἀπολωλότα
697 5095 841 5144 οἴκου
913 5092 1146 5165 Ἰσραήλ.
1229 5091 1311 5151 Εἰς
1379 5093 1445 5142 τὰ
1510 5087 1628 5144 ἴδια
1686 5094 1776 5163 μὲν
1843 5087 1930 5144 οὖν

401 5268 444 5304 ¹¹
476 5265 677 5323 Matth.
701 5282 818 5336 xm,
844 5269 935 5325 17.
1012 5266 1060 5302 ¹²
1092 5267 1290 5324 Matth.
1321 5283 1420 5337 xv,
1447 5267 1534 5323 24.
1579 5231 1590 5237 ι

2045 1884 2138 1933 tur
2169 1879 2394 1934 mundo
2420 1880 2866 1950 contemporale
2906 1896 3050 1945 esse,
3085 1883 3244 1951 quod
3276 1881 3489 1936 accidit
3514 1881 3698 1936 Paulo

2042 1967 2468 2026 Samosatensi.
2514 1969 2747 2024 addidit
2775 1985 2786 2023 :

2115 2060 2272 2112 Vers.
2305 2059 2390 2112 10.
2425 2060 2488 2111 Et
2530 2089 2596 2098 —
2624 2059 2825 2126 factus
2853 2066 2955 2114 est.
2993 2057 3366 2114 Manifestum
3391 2062 3481 2113 est
3501 2063 3699 2115 autem

2042 2146 2204 2220 quod
2233 2146 2437 2212 factor,
2472 2153 2608 2202 ante
2638 2144 2693 2201 id
2729 2148 2892 2220 quod
2923 2147 3146 2203 factum
3181 2153 3288 2214 est,
3326 2149 3516 2202 fuerit.

2114 2237 2276 2292 Vers.
2322 2239 2407 2292 10.
2451 2239 2516 2292 Et
2569 2270 2620 2278 —
2680 2239 2972 2308 cognovit.
3022 2238 3304 2294 Mundum
3360 2239 3520 2293 hunc
3566 2239 3704 2295 dicit

2042 2342 2162 2391 eos,
2186 2327 2288 2398 qui
2321 2328 2633 2383 mundana
2663 2327 3289 2399 sapiunt,quimundo
3327 2327 3483 2382 afﬁxi
3539 2332 3699 2396 sunt,

2039 2414 2180 2487 quia
2206 2415 2581 2470 sensibilibus
2599 2415 2776 2471 rebus
2806 2416 3016 2471 abduci
3050 2422 3372 2487 nequeunt,
3398 2433 3504 2471 nec
3528 2415 3700 2486 quid-

2039 2520 2221 2575 quam
2250 2521 2429 2576 supra
2447 2505 2566 2559 hzec
2595 2501 2916 2573 intelligere
2938 2511 3203 2576 possunt.
3228 2505 3336 2569 Qui
3359 2506 3517 2560 enim
3550 2505 3696 2560 tales

2039 2610 2160 2649 non
2185 2595 2558 2664 sunt,ipsum
2604 2596 2957 2666 priusquam
2992 2595 3170 2649 etiam
3217 2597 3275 2649 in
3309 2611 3485 2650 carne
3519 2595 3694 2650 adve-

2041 2682 2237 2737 nisset.
2273 2689 2698 2751 cognoverunt.
2735 2687 2797 2739 Et
2822 2684 2960 2738 hinc
2984 2690 3070 2739 est
3096 2685 3252 2755 quod
3287 2683 3362 2738 ad
3393 2684 3694 2755 apostolos

2039 2771 2324 2826 vicesimo
2379 2778 2593 2844 quarto
2641 2773 2813 2842 juxta
2888 2773 3216 2828 Matthaaum
3294 2773 3485 2844 capite
3547 2773 3695 2828 dixit

2041 2860 2327 2917 Christus.
2374 2862 2553 2916 Multi
2608 2863 2906 2932 prop/leue
2931 2868 2985 2918 et
3011 2862 3172 2931 juxti
3209 2863 3690 2918 desideraverunt

2041 2950 2237 3006 videre
2267 2968 2385 3021 qua:
2410 2951 2618 3007 videtis
2650 2959 2701 3006 et
2727 2968 2842 3007 nou
2874 2952 3149 3007 viderunt
3177 2969 3188 3006 :
3224 2958 3278 3008 et
3315 2952 3531 3007 audire
3559 2967 3693 3022 qua:

2040 3040 2278 3106 auditis,
2311 3048 2362 3097 et
2389 3057 2506 3095 non
2525 3041 2851 3098 audierunt
2869 3043 2936 3096 ¹¹.
2971 3041 3144 3106 Quod
3167 3041 3213 3095 si
3237 3041 3432 3113 ipsum
3462 3057 3580 3095 non
3603 3057 3694 3095 co-

2041 3129 2406 3199 gnovissent,
2449 3146 2567 3185 non
2609 3129 3049 3186 desiderassent
3102 3130 3321 3195 videre,
3377 3135 3438 3184 ut
3468 3130 3695 3185 dictum

2041 3225 2144 3283 est,
2180 3218 2514 3274 velaudire.
2547 3220 2750 3290 Itaque
2779 3225 3185 3291 cognoverunt
3227 3220 3470 3291 quidem
3529 3235 3694 3285 eum,

2041 3308 2288 3378 ejusque
2315 3309 2373 3362 in
2407 3324 2585 3363 carne
2629 3308 2995 3379 mysterium,
3036 3325 3240 3363 verum
3301 3308 3362 3362 Μ
3402 3323 3690 3377 superna-

2041 3396 2304 3451 turaliter
2337 3413 2348 3449 :
2375 3396 2863 3452 desideraverunt
2904 3402 3105 3452 autem
3151 3402 3206 3452 et
3236 3396 3596 3451 sensibiliter
3617 3397 3697 3450 vi-

2040 3484 2179 3540 dere
2206 3487 2402 3556 ipsum
2434 3486 2728 3540 mirabilia
2759 3493 3122 3557 operantem,
3171 3491 3227 3541 et
3258 3485 3464 3540 audire
3492 3487 3694 3556 ipsum

2041 3575 2376 3639 docentem,
2411 3580 2467 3629 et
2490 3574 2832 3645 simpliciter
2859 3576 2917 3629 in
2959 3575 3228 3630 humana
3261 3576 3473 3646 specie.

2113 3663 2456 3733 Intelligitur
2480 3680 2716 3736 quoque
2759 3665 2922 3736 quod
2955 3664 3300 3732 indignatus
3331 3664 3695 3732 evangelista

2043 3768 2222 3824 super
2261 3769 2469 3808 eorum
2523 3753 2782 3807 caecitate
2813 3753 2915 3824 qui
2980 3753 3180 3824 ipsum
3244 3753 3689 3822 ignoraverunt,

2041 3842 2181 3897 dicit
2213 3858 2224 3896 :
2268 3843 2344 3897 Et
2364 3843 2616 3898 mundus
2638 3857 2744 3911 per
2774 3843 2965 3911 ipsum
3000 3843 3204 3912 factus
3236 3848 3338 3907 est,
3369 3843 3693 3898 etmundus

2039 3948 2161 3987 eum
2191 3946 2307 3987 non
2337 3932 2608 4001 cognovit,
2640 3932 2752 3987 hoc
2773 3937 2880 3998 est,
2910 3931 3016 3998 Qui
3046 3931 3177 3986 facti
3201 3936 3359 3997 sunt,
3385 3932 3692 3987 Factorem

2040 4035 2157 4076 non
2194 4029 2618 4089 cognoverunt.

2111 4110 2272 4163 Vers.
2296 4111 2379 4165 11.
2412 4110 2484 4165 In
2506 4113 2956 4179 —receperunt.
2981 4109 3146 4164 Ahuc
3162 4109 3410 4164 verbum
3426 4107 3686 4180 amplius

2038 4197 2400 4254 manifestat.
2431 4203 2577 4256 Nam
2610 4216 2738 4264 sua,
2781 4198 3045 4254 mundus
3075 4205 3182 4263 est,
3221 4214 3436 4269 nempe
3467 4197 3696 4253 factura

2039 4286 2246 4358 ipsius.
2302 4291 2398 4346 Sui
2441 4306 2684 4362 quoque
2744 4294 2880 4344 sunt
2938 4288 3234 4356 homines,
3289 4292 3484 4358 utpote
3516 4286 3692 4342 etiam

2041 4392 2225 4448 opera
2250 4377 2458 4450 ipsius,
2493 4386 2547 4434 et
2570 4386 2857 4450 tanquam
2890 4377 2966 4433 ad
3006 4377 3190 4448 ipsius
3224 4376 3544 4444 imaginem
3572 4375 3693 4431 for-

2041 4471 2205 4527 mati.
2237 4469 2403 4525 Venit
2450 4469 2628 4538 igitur
2685 4467 2745 4522 in
2795 4483 2918 4534 eos,
2981 4466 3102 4520 sive
3144 4466 3222 4520 ad
3261 4481 3363 4520 eos
3404 4473 3692 4536 tanquam

2038 4561 2222 4617 homo
2249 4575 2260 4614 :
2290 4558 2587 4630 siquidem
2615 4561 2900 4628 tanquam
2932 4555 3181 4620 Deus,in
3217 4554 3444 4608 mundo
3475 4557 3619 4608 erat.

2113 4648 2455 4704 Declaratur
2511 4652 2709 4701 autem
2778 4649 2833 4699 et
2888 4644 3003 4698 alio
3045 4643 3246 4708 modo,
3280 4643 3439 4714 quod
3471 4658 3540 4696 ex
3571 4657 3693 4713 quo

2041 4739 2300 4794 Christus
2351 4753 2385 4791 a
2441 4734 2657 4789 Judaeis
2712 4733 3043 4788 secundum
3074 4747 3312 4786 carnem
3365 4736 3540 4786 natus
3580 4739 3688 4797 est,

2042 4843 2151 4882 sua
2180 4830 2337 4890 sunt,
2381 4825 2596 4879 horum
2649 4820 3138 4878 conversationes
3174 4837 3188 4874 :
3237 4820 3327 4874 sui
3378 4835 3538 4886 vero,
3581 4819 3691 4891 ipsi

2040 4921 2197 4980 sunt,
2223 4922 2511 4985 tanquam
2545 4912 2730 4984 ipsius
2756 4909 3013 4979 cognati,
3056 4909 3451 4982 ejusdemque
3480 4909 3690 4978 gentis.

2043 5007 2189 5060 Nam
2230 5003 2428 5074 etipse
2445 5001 2595 5057 dixit
2627 5018 2638 5056 :
2671 5002 2805 5057 Non
2842 5015 2969 5054 sum
3009 4998 3224 5054 missus
3258 4997 3378 5054 nisi
3438 4999 3517 5054 ad
3570 5013 3693 5054 oves

2038 5092 2303 5162 perditas
2320 5093 2521 5147 domus
2540 5089 2717 5147 Israel
2749 5091 2795 5124 ¹²
2828 5089 2891 5144 In
2910 5103 3021 5142 sua
3051 5086 3230 5158 igitur
3251 5087 3427 5152 venit,
3461 5102 3583 5143 non
3613 5085 3694 5143 ob

1549 5470 1770 5539 Variaa
1801 5471 2129 5540 lectiones
2167 5478 2234 5539 et
2276 5481 2475 5539 notae.

555 5700 638 5754 Mn’
678 5694 899 5752 omittit
922 5695 986 5748 Α.

427 5699 488 5732 05¢

403 5699 491 5757 (25
555 5700 638 5754 Μή
678 5697 899 5752 omittit
922 5697 986 5748 Α.

403 5697 514 5840 (ἓϐζ
559 5767 690 5824 Haec
720 5772 967 5838 uterque
996 5764 1179 5822 codex
1210 5765 1269 5821 in
1300 5765 1570 5836 margine
1600 5764 1796 5823 habet.

402 5769 491 5836 (26

2100 5696 2218 5838 {27)
2249 5697 2434 5752 Etiam
2461 5697 2583 5751 hinc
2611 5698 2670 5750 in
2724 5698 3011 5768 margine.

2127 5768 2218 5837 28)
2247 5773 2524 5838 Ποιὴματα
2554 5774 2607 5822 Β.

2127 5768 2218 5837 28)
2247 5773 2524 5842 Ποιὴματα
2554 5774 2607 5822 Β.
