4144 6314
543 336 684 393 1119

1871 334 2217 391 EUTHYMll
2258 330 2596 391 ZIGABENI

3808 342 3948 397 H20

543 463 851 539 propriam
903 464 1318 522 necessitatem
1355 481 1369 531 ;
1404 466 1556 520 Deus
1582 462 1737 519 enim
1770 462 1992 519 nullius
2023 467 2155 533 eget
2184 478 2196 518 :

2316 459 2460 522 ἦλθεν
2519 463 2622 536 οὐχ
2691 465 2849 517 ἕνεκεν
2929 459 3072 525 ἰδίας
3139 468 3346 537 χρείας
3414 460 3666 525 ἀνενδεὴς
3741 469 3853 541 γὰρ
3926 468 3948 517 ὸ

544 554 649 610 sed
676 559 913 626 prOpter
945 570 1191 610 suorum
1241 554 1514 610 salutem.
1546 553 1643 609 Sui
1680 561 1877 609 autem
1917 568 2045 609 eum
2086 569 2200 608 non

545 649 1063 713 receperunt,cunn
1082 644 1337 699 venisset
1367 649 1426 698 ut
1444 643 1526 698 eis
1556 642 1847 697 beneﬁcia
1868 646 2199 713 praestaret,

546 733 651 789 sed
679 749 839 789 more
877 732 1297 789 insanientium
1339 732 1705 789 Salvatorem
1762 737 2047 803 tanquam
2094 731 2199 785 ini-

548 822 758 878 micum
793 822 1159 893 abjecerunt.

618 911 784 966 Vers.
808 913 892 966 t2.
911 910 1196 983 Quotquot
1215 943 1281 950 —
1302 913 1449 982 ejus.
1467 941 1536 952 —
1554 910 1838 982 Quotquot
1861 915 2200 977 receperunt

549 1016 706 1072 eum,
730 999 1112 1071 suscipiendo
1144 1000 1475 1055 doctrinam
1509 1000 1719 1071 ipsius,
1759 999 1912 1054 dedit
1937 1000 2018 1055 eis
2041 1005 2203 1067 pote—

544 1095 756 1146 atatem
768 1089 919 1159 ﬁlios
949 1090 1233 1158 Deiﬁeri:
1270 1104 1388 1143 non
1414 1089 1613 1145 statim
1631 1087 1763 1144 fecit
1781 1104 1883 1142 eos
1904 1086 2002 1142 Dei
2028 1086 2200 1142 ﬁlios.

543 1194 619 1235 ne
652 1195 756 1251 per
784 1179 1091 1248 ignaviam
1123 1178 1377 1250 perdant
1407 1177 1679 1248 gratiam,
1728 1177 1843 1233 ’sed
1875 1176 2034 1232 dedit
2058 1176 2203 1247 ipsis

546 1271 898 1341 potestatem
931 1267 1055 1323 ﬁeri
1085 1284 1203 1340 quo
1233 1266 1637 1338 diligentiores
1676 1266 2021 1322 reddantur.

619 1533 771 1601 Quid
822 1550 966 1606 ergo
990 1539 1014 1584 7
1043 1549 1242 1589 nonne
1263 1549 1474 1589 omnes
1506 1538 1852 1606 potestatem
1893 1533 2119 1589 habent
2144 1538 2208 1589 ut

544 1622 650 1679 ﬁlii
679 1623 780 1679 Dei
818 1622 966 1678 ﬁant
994 1624 1022 1678 ‘?
1048 1626 1172 1679 Non
1204 1639 1433 1688 omnes,
1487 1622 1589 1677 sed
1622 1622 1681 1678 lii
1719 1628 1945 1678 tantum
1985 1622 2205 1695 quibus

545 1712 746 1767 datum
762 1716 881 1766 est:
910 1711 1105 1767 solum
1138 1715 1334 1765 autem
1368 1710 1576 1766 datum
1610 1717 1697 1766 est
1727 1710 2105 1766 credentibus
2146 1711 2204 1765 in

2313 558 2441 613 Θεὸς
2474 571 2485 581 ’
2535 552 2640 604 ἀλλ’
2672 554 2830 606 ἕνεκεν
2860 553 2956 613 τῆς
2998 562 3096 604 τῶν
3144 550 3290 605 ἰδίων
3344 558 3643 627 σωτηρίας,
3705 556 3779 607 Οἱ
3814 552 3945 608 ἴδιοι

2313 638 2370 694 δὲ
2437 641 2591 693 αὐτὸν
2659 642 2717 693 οὗ
2770 639 3140 714 παρεδέξαντο,
3199 640 3501 713 ἀφικόμενον
3570 641 3662 693 ἐπ’
3733 643 3945 717 εὐεργε-

2314 736 2405 803 σίᾳ
2424 734 2616 783 τούτων
2651 751 2663 763 ·
2708 730 2833 782 ἀλλά
2863 730 3215 807 φρενοϐλαϐεῖς
3244 734 3330 781 τὸν
3362 738 3579 806 Σωτῆρα
3630 732 3711 794 ὡς
3747 731 3944 806 ἐχθρὸν

2313 818 2608 874 ἀπώσαντο.

2379 909 2535 962 Ὀσοι
2586 941 2654 948 -
2702 909 2883 964 αὐτοῦ.
2958 942 3026 949 -
3080 908 3237 962 Ὀσοι
3291 906 3349 962 δὲ
3404 907 3781 985 παρεδέξαντο
3861 913 3946 965 αὖ·

2311 1003 2416 1062 τὸν,
2477 996 2570 1051 διὰ
2608 1007 2698 1050 τοῦ
2749 994 3150 1072 παραδέξασθαι
3181 1003 3274 1055 τήν
3328 995 3701 1052 διδασκαλίαν
3759 1001 3942 1065 αὐτοῦ,

3446 1093 3573 1142 Θεοῦ
3665 1093 3943 1163 γενέσθαι.

2314 1178 2425 1231 Οὔκ
2479 1177 2623 1237 εὐθὺς
2677 1174 2735 1229 δὲ
2775 1174 3013 1235 ἐποίησεν
3067 1177 3255 1239 αὐτοὺς
3304 1182 3456 1231 τέκνα
3511 1186 3683 1244 Θεοῦ,
3743 1181 3835 1232 ἶνα
3875 1186 3941 1254 μὴ

2313 1084 2500 1141 ἔδωκεν
2602 1087 2781 1148 αὐτοῖς
2875 1086 3112 1150 ἐξουσίαν
3196 1092 3348 1140 τέκνα

2312 1269 2712 1342 ῥᾳθυμὴσαντες
2785 1264 3082 1319 ἀπολέσωσι
3141 1271 3236 1326 τὴν
3315 1271 3499 1343 χάριν,
3557 1266 3683 1320 ἀλλ’
3755 1267 3940 1323 ἔδωκῦ

2315 1357 2488 1417 αὐτοῖς
2573 1355 2813 1419 ἐξουσίαν
2893 1358 3154 1428 γενέσθαι,
3224 1358 3308 1409 ἶνα
3380 1353 3807 1422 σπουδάσαντες
3863 1366 3939 1431 γέ-

2317 1465 2523 1499 νωνται.

2383 1540 2446 1587 Τί
2493 1531 2700 1601 οὖν;οῦ
2749 1536 2931 1595 πάντες
2984 1537 3200 1606 ἔχουσιν
3258 1533 3499 1597 ἐξουσίαν
3556 1540 3732 1588 τέκνα
3809 1544 3938 1589 Θεοῦ

2313 1625 2590 1695 γενέσθαι;
2626 1623 2700 1675 0'3
2755 1626 2959 1690 πάντες,
3018 1623 3060 1676 εἰ
3103 1628 3173 1695 μὴ
3224 1624 3300 1686 οἷς
3350 1625 3479 1682 αὕτη
3530 1620 3767 1678 δέδοται
3804 1643 3816 1655 ⁸
3862 1621 3938 1676 δέ·

2317 1709 2470 1765 δοται
2511 1709 2569 1764 δὲ
2617 1717 2791 1783 μονοις
2831 1719 2938 1775 τοῖς
2977 1715 3315 1765 πιστεύουσιν
3358 1714 3427 1775 εἰς
3472 1714 3660 1766 αὐτὸν.
3717 1717 3806 1767 Διὸ
3854 1717 3938 1765 καὶ

542 1801 765 1873 ipsum.
800 1799 935 1855 Ideo
987 1816 1222 1871 quoque
1278 1799 1670 1855 manifestans
1703 1799 1928 1871 quibus
1955 1800 2201 1867 dederit,

2319 1805 2614 1874 σαφηνίζων
2701 1806 2838 1853 τίσιν
2914 1798 3123 1866 ἔδωκεν,
3198 1800 3453 1873 ἐπήγαγεν
3513 1804 3597 1854 ὅτι
3663 1810 3795 1865 Τοῖς
3859 1823 3934 1854 πι-

546 1889 767 1954 subdit,
821 1889 1204 1945 Credentz'bus
1253 1888 1317 1944 in
1368 1904 1581 1945 nomen
1631 1889 1770 1959 ejus,
1827 1889 1941 1944 hoc
1995 1894 2101 1955 est,
2147 1890 2207 1944 in

540 1962 757 2051 ipsum,
788 1979 991 2050 Itaque
1022 1977 1201 2048 ipsius
1231 1978 1473 2050 quidem
1526 1983 1614 2033 est
1661 1978 1804 2033 dare
1832 1982 2203 2049 potestatem,

563 2066 778 2123 llorum
803 2082 966 2132 vero,
1002 2067 1085 2120 uti
1110 2081 1198 2121 ea.

610 2155 782 2212 Aliud
808 2160 894 2210 est
920 2159 1119 2211 autem
1150 2170 1258 2227 per
1294 2154 1668 2226 baptismum
1700 2153 1965 2226 aliquem
1995 2172 2028 2210 a
2083 2156 2205 2212 Deo

541 2244 835 2317 adoptari,
871 2248 927 2300 et
949 2244 1108 2299 aliud
1133 2260 1237 2316 per
1259 2242 1743 2315 evangelicorum
1766 2249 2204 2316 praeceptorum

541 2334 984 2391 observantiam
1022 2333 1214 2388 ﬁlium
1273 2333 1368 2389 Dei
1428 2333 1552 2388 ﬁeri
1588 2349 1602 2399 ;
1638 2349 1767 2389 nam
1797 2332 1943 2388 illud
1993 2333 2207 2405 princi-

544 2424 710 2497 pium
734 2428 842 2489 est,
882 2423 997 2478 hoc
1011 2427 1214 2478 autem
1242 2422 1375 2478 ﬁnis
1405 2439 1418 2478 :
1440 2427 1497 2478 et
1521 2422 1668 2478 illud
1690 2438 1834 2478 sane
1858 2422 1956 2478 Dei
1980 2422 2205 2479 donum

546 2516 653 2579 est,
694 2512 809 2568 hoc
842 2528 979 2568 vero
1009 2511 1184 2568 studii
1204 2511 1438 2567 facinus
1466 2510 1796 2583 egregium.

613 2604 773 2658 Vers.
813 2605 894 2658 t3.
948 2601 1063 2668 Qui
1114 2631 1176 2642 —
1233 2600 1366 2657 nati
1404 2607 1559 2656 sunt.
1627 2601 1908 2656 Attenuat
1959 2600 2205 2673 quidem

545 2691 879 2748 humanam
898 2690 1345 2761 generationem
1368 2695 1659 2761 tanquam
1686 2691 2044 2757 naturalem,
2070 2706 2203 2745 eam

542 2796 682 2837 vero
708 2795 844 2853 quas
874 2795 946 2835 ex
978 2781 1097 2834 Deo
1128 2784 1237 2845 est,
1278 2778 1503 2834 extollit
1533 2784 1824 2851 tanquam
1856 2784 2203 2851 supernatu-

539 2869 746 2937 ralem,
771 2873 834 2923 ut
863 2868 1102 2939 cognita
1131 2867 1462 2938 dejectione
1496 2866 1719 2938 primae,
1760 2874 1816 2923 et
1846 2868 2204 2924 exaltatione

539 2957 839 3023 secundae,
872 2956 1167 3012 intellecta
1200 2971 1442 3029 quoque
1470 2955 1741 3012 beneﬁcii
1767 2959 2202 3027 magnitudine,

538 3047 718 3118 digne
736 3047 958 3119 gratias
974 3061 1248 3116 agamus,
1271 3050 1328 3100 et
1346 3044 1681 3101 laboremus
1697 3062 1770 3103 ne
1784 3047 1980 3118 ipsum
1994 3050 2202 3103 nostra

537 3135 780 3206 ignavia
809 3134 1163 3208 perdamus.

609 3226 746 3281 Cum
777 3228 976 3281 autem
1006 3222 1413 3278 dixisset.Non
1427 3237 1501 3279 ea:
1518 3221 1917 3294 sanguinibus,
1948 3222 2199 3294 subjecit

538 3313 937 3380 manifestius,
961 3313 1158 3384 Neque
1179 3328 1254 3369 ea;
1281 3313 1585 3369 voluntate
1603 3313 1818 3369 carnis.
1840 3312 2060 3368 Deinde
2081 3311 2197 3369 hoc

538 3403 716 3461 etiam
738 3402 996 3476 amplius
1013 3403 1424 3475 interpretatur
1438 3400 1685 3469 addens,
1701 3402 1907 3474 Neque
1918 3417 1992 3458 ea:
2006 3402 2199 3458 volun-

539 3498 652 3551 tate
676 3493 811 3549 viri.
840 3492 1097 3562 Sanguis
1119 3491 1279 3547 enim
1324 3494 1383 3545 et
1407 3506 1547 3547 caro
1573 3491 1658 3547 vir
1679 3496 1787 3547 est.
1822 3491 2198 3549 Voluntatem

539 3598 696 3648 vero,
732 3581 1004 3652 intelligit
1036 3596 1195 3637 nunc
1235 3580 1421 3636 coitus
1448 3579 2017 3653 concupiscentiam.

610 3760 721 3832 -ι--ι-
762 3760 971 3818 Semen
1024 3758 1309 3815 nimirum
1362 3758 1635 3814 divinum
1692 3757 1930 3815 intravit
1978 3775 2048 3815 ac
2088 3760 2199 3819 sibi

539 3848 893 3905 confortavit
910 3864 1174 3910 carnem,
1198 3852 1392 3903 mente
1416 3846 1686 3902 rationali
1710 3846 2044 3919 praeditam,
2076 3865 2197 3905 non

540 3943 604 3995 ut
633 3939 958 4004 seminans,
990 3938 1093 3993 sed
1128 3942 1189 3993 ut
1244 3952 1472 4003 creans,
1520 3952 1628 3992 nec
1676 3936 1779 4001 ita,
1813 3942 1874 3991 ut
1907 3937 2194 4009 paulatim

538 4026 768 4100 aliquid
784 4027 1121 4092 adderetur,
1138 4031 1316 4099 atque
1347 4026 1425 4081 ita
1461 4025 1651 4081 forma
1670 4024 2068 4098 perﬁceretur,
2094 4026 2198 4083 sed

537 4116 737 4173 statim
768 4117 825 4170 in
870 4114 1167 4187 principio
1209 4119 1324 4170 tota
1379 4114 1574 4169 forma
1635 4114 1855 4170 exstitit
1912 4115 2195 4187 perfecta,

537 4204 719 4260 crevit
748 4209 940 4259 tamen
973 4203 1051 4258 ad
1088 4203 1336 4259 modum
1370 4202 1794 4275 emhryonum.
1826 4206 1974 4259 Nam
2006 4210 2064 4261 et
2101 4220 2198 4260 ve-

538 4297 635 4349 tus
666 4291 859 4347 Adam
893 4292 1095 4347 statim
1125 4290 1318 4347 forma
1356 4291 1590 4347 effictus
1622 4295 1709 4347 est
1738 4292 2015 4363 perfecta.

610 4381 773 4437 Vers.
803 4381 891 4438 14.
912 4381 989 4436 Et
1016 4412 1080 4421 —
1119 4382 1352 4451 factum
1384 4388 1485 4437 est.
1517 4381 1552 4447 Τ
1591 4383 1717 4436 Non
1751 4384 1980 4453 poterat
2027 4380 2198 4438 aliter

2317 1893 2589 1942 στεύουσιν
2638 1891 2707 1951 εἰς
2755 1894 2812 1941 τὸ
2849 1894 3008 1962 ὄνομα
3053 1890 3232 1954 αὐτοῦ,
3293 1894 3563 1942 τουτέστιν
3626 1891 3706 1953 εἰς
3759 1892 3929 1943 αὐτόν.

2312 1978 2472 2031 Ὠστε
2522 1980 2681 2031 αὐτοῦ
2740 1984 2829 2051 μέν
2879 1980 2994 2031 ἐστι
3044 1983 3099 2031 τὸ
3160 1976 3447 2053 δωρεῖσθαι
3499 1985 3598 2039 τὴν
3659 1981 3930 2054 εἰρημένην

2315 2067 2571 2134 ἐξουσίαν,
2605 2068 2773 2121 αὐτῶν
2807 2065 2865 2120 δὲ
2895 2072 2952 2120 τὸ
2982 2070 3303 2141 χρήσασθαι
3334 2071 3525 2141 ταύτῃ.

2381 2154 2588 2231 Ἕτερον
2639 2154 2699 2210 δε
2752 2161 2811 2209 τὸ
2861 2154 2954 2209 διὰ
3002 2157 3369 2230 βαπτίσματος
3408 2159 3795 2217 υἱοθετηθῆναί
3823 2175 3928 2208 τινα

2314 2251 2444 2316 Θεῷ,
2498 2251 2587 2299 καὶ
2639 2248 2806 2320 ἕτερον
2863 2250 2920 2298 τὸ
2978 2243 3070 2298 διὰ
3132 2246 3365 2320 φυλακῆς
3417 2255 3519 2299 τῶν
3580 2245 3922 2316 εὐαγγελικῶν

2316 2335 2526 2387 ἐντολῶν
2584 2339 2755 2387 τέκνον
2811 2340 2940 2388 Θεοῦ
2995 2337 3237 2408 γενέσθαι
3278 2353 3290 2365 °
3324 2339 3383 2388 τὸ
3441 2338 3531 2408 μὲν
3592 2339 3700 2409 γὰρ
3761 2333 3920 2408 ἀρχὴ,

2314 2427 2372 2475 τὸ
2401 2420 2460 2476 δὲ
2486 2422 2640 2485 τέλος·
2671 2429 2760 2477 καὶ
2798 2428 2856 2477 τὸ
2888 2427 2977 2497 μὲν
3010 2420 3176 2498 δῶρον
3206 2429 3354 2490 Θεοῦ,
3402 2429 3459 2477 τὸ
3509 2420 3572 2479 δὲ
3613 2426 3919 2498 κατόρθωμα

2317 2511 2580 2573 σπουδῆς.

2387 2601 2452 2655 Οἱ
2495 2635 2563 2642 -
2612 2601 2980 2673 ἐγεννήθησαν.
3033 2602 3294 2663 Εὕτελίζει
3341 2605 3431 2676 μὲν
3479 2607 3579 2661 τῆν
3636 2602 3691 2666 ἐξ
3737 2600 3912 2676 ἀνθρὼ-

2313 2711 2422 2743 πων
2487 2695 2725 2763 γέννησιν
2787 2695 2858 2754 ὡς
2921 2696 3146 2765 φυσικήν
3179 2709 3189 2720 ·
3239 2691 3514 2765 μεγαλύνει
3602 2688 3665 2744 δὲ
3718 2695 3807 2749 τὴν
3861 2687 3910 2740 ἐκ

2316 2786 2449 2831 Θεοῦ
2497 2783 2562 2841 ὡς
2604 2781 2863 2853 ὑπερφυῆ,
2924 2782 3007 2833 ἶνα
3056 2785 3115 2835 τό
3164 2800 3217 2833 τε
3266 2785 3501 2833 ταπεινὸν
3557 2789 3657 2844 τῆς
3693 2785 3901 2855 πρώτης,

2312 2872 2403 2919 καὶ
2444 2871 2502 2919 τὸ
2548 2867 2745 2939 ὑψηλὸν
2788 2877 2882 2931 τῆς
2949 2866 3194 2944 δευτέρας
3237 2871 3657 2940 καταμαθόντες,
3709 2872 3793 2920 καὶ
3844 2868 3892 2916 τὸ

2313 2959 2522 3028 μέγεθος
2578 2966 2669 3019 τῆς
2722 2958 3019 3033 εὐεργεσίας
3086 2956 3396 3029 ἓπιγνόντες,
3471 2956 3640 3021 ἀξίως
3702 2957 3892 3029 εὐχαρι-

2314 3054 2513 3119 στῶμεν
2566 3052 2657 3099 καὶ
2725 3046 3100 3120 ἀγωνιζώμεθα
3150 3051 3222 3120 μὴ
3278 3045 3534 3100 ἀπολέσαι
3604 3051 3781 3105 ταύτην
3842 3042 3886 3094 ἐκ

2231 3149 2270 3203 C
2309 3136 2586 3209 ῥᾳθυμίας.

2383 3224 2550 3276 Εἰπὼν
2617 3221 2676 3277 δε
2733 3226 2813 3277 ὅτι
2868 3225 2979 3277 Οὐκ
3045 3224 3098 3288 ἐξ
3168 3228 3421 3298 αἱμάτων,
3488 3225 3709 3301 ίττὴγαγε
3749 3237 3865 3294 φανε-

2310 3320 2526 3390 ρώτερον
2583 3315 2662 3367 ὅτι
2720 3311 2862 3367 Οῦδε
2932 3314 2985 3366 ἐκ
3040 3314 3322 3377 θελήματος
3376 3335 3599 3390 σαρκος,
3662 3313 3768 3369 Εἶτα
3804 3312 3878 3361 καὶ

2309 3411 2462 3456 τοῦτο
2511 3403 2807 3478 τελεώτερον
2862 3406 3239 3478 ἔφηρμήνευσε,
3314 3406 3569 3479 προσθεὶς
3638 3406 3714 3457 ὅτι
3767 3392 3882 3451 Οὐδὲ

2309 3491 2364 3544 ἐκ
2419 3492 2705 3565 θελήματος
2753 3489 2957 3565 ἀνδρὸς.
3010 3493 3151 3565 Αἷμα
3204 3495 3302 3567 γὰρ
3352 3498 3441 3545 καὶ
3501 3493 3641 3570 σὰρξ
3688 3493 3711 3544 ὁ
3756 3487 3883 3560 ἀνήρ’

2309 3581 2518 3654 Θέλημα
2566 3578 2624 3634 ὁὶ
2674 3588 2758 3633 νῦν
2815 3585 2919 3633 νόει
2972 3585 3067 3641 τὴν
3116 3580 3414 3655 ἐπιθυμίαν,
3470 3586 3568 3640 τὴν
3631 3579 3740 3655 (29)
3787 3594 3886 3629 συν·

2310 3676 2516 3727 ουσίαν,

2379 3758 2573 3832 [Οἱονεὶ
2630 3759 2743 3831 (30)
2800 3760 2933 3820 θεῖος
2992 3763 3200 3832 σπόρος,
3266 3758 3502 3812 εἰσελθὼν
3561 3765 3651 3812 καὶ
3704 3756 3886 3827 συμπή-

2311 3849 2402 3911 ξας
2450 3848 2614 3901 ἑαυτῶ
2660 3850 2831 3921 σάρκα
2875 3849 2986 3920 (31)
3026 3848 3369 3921 ἐψυχωμένην
3421 3847 3575 3921 ψυχῇ
3628 3848 3795 3916 λογικῇ
3840 3857 3884 3890 τε

2308 3943 2398 3990 καὶ
2453 3943 2622 4011 νοερᾴ,
2668 3937 2726 3989 οῦ
2778 3946 3162 4013 σπερματικώς,
3214 3936 3342 3989 ἀλλά
3391 3932 3788 4012 δημιουργικῶς,
3830 3926 3880 3979 οὗ

2307 4035 2419 4088 ταῖς
2476 4029 2609 4078 κατά
2673 4029 2856 4102 μικρὸν
2923 4029 3249 4100 προσθήκαις
3326 4024 3732 4100 ἀπαρτιζομένου
3803 4020 3879 4068 τοῦ

2311 4122 2614 4189 σχήματος,
2668 4100 2776 4167 ἀλλί
2847 4117 2966 4188 ῦφὶν
3017 4115 3364 4176 τελειωθέντος
3420 4114 3509 4167 ἀπ’
3563 4113 3749 4189 ἀρχῆς,
3799 4100 3875 4158 εἶτ’

2308 4206 2548 4268 αὔξοντος
2579 4209 2715 4277 νόμῳ
2746 4211 2844 4256 τῶν
2882 4203 3134 4280 ἐμϐρύων.
3190 4208 3289 4257 Καὶ
3331 4207 3433 4277 γὰρ
3483 4210 3574 4257 καὶ
3623 4204 3647 4255 ὁ
3690 4195 3875 4252 παλαιὸς

2311 4290 2484 4366 Ἀδὰμ
2514 4293 2701 4354 τελειος
2726 4297 2783 4345 τὸ
2809 4301 3001 4366 σχῆμα
3020 4295 3295 4368 καταρχὰς
3326 4292 3615 4368 ἐπλάσθη]

2382 4388 2581 4436 Καὶ-
2627 4382 2835 4454 ἐγένετο.
2881 4382 3016 4456 [Οὐκ
3058 4383 3169 4456 (3-2)
3223 4382 3386 4444 ἄλλως
3437 4384 3541 4435 οἷόν
3594 4400 3643 4434 τε
3690 4373 3741 4435 ἦν
3790 4374 3867 4427 τὴν

540 4471 642 4527 Dei
680 4486 821 4541 erga
850 4486 959 4526 nos
1013 4469 1243 4526 dilectio
1297 4471 1378 4526 ita
1417 4469 1798 4536 manifestari,
1852 4471 2005 4528 sicut
2043 4470 2197 4528 facta

2316 4481 2398 4525 τοῦ
2445 4479 2572 4526 Θεοῦ
2628 4471 2928 4531 δηλωθῆναι
2979 4478 3098 4546 περὶ
3169 4474 3304 4545 ἡμᾶς
3365 4469 3575 4545 ἀγάπην
3628 4471 3653 4528 ἦ
3700 4466 3747 4517 ἐκ
3786 4464 3862 4556 τξῦ

538 4559 738 4618 carnis
761 4561 1060 4617 mentione
1098 4576 1112 4615 :
1147 4565 1203 4616 et
1232 4558 1397 4632 quod
1446 4564 1692 4633 propter
1740 4576 1853 4616 nos
1898 4577 2087 4634 usque
2119 4560 2197 4617 ad

537 4648 598 4707 id
625 4649 789 4723 quod
812 4651 985 4722 pejus
1022 4653 1111 4705 est
1141 4665 1268 4705 sese
1322 4649 1602 4722 dejecerit
1637 4667 1649 4705 :
1707 4666 1844 4707 caro
1899 4650 2195 4724 siquidem

539 4741 711 4810 longe
737 4738 909 4796 vilior
948 4744 1035 4795 est
1081 4740 1305 4795 anima.

616 4829 724 4886 Ubi
774 4828 1021 4885 dixisset
1071 4829 1338 4885 homines
1393 4845 1461 4884 ex
1531 4832 1647 4885 Deo
1708 4834 1874 4886 natos
1925 4846 2075 4895 esse,
2121 4831 2201 4893 ait

539 4917 748 4976 Filium
778 4919 957 4973 etiam
988 4917 1086 4973 Dei
1110 4917 1334 4973 factum
1367 4933 1495 4973 esse
1545 4917 1877 4974 hominem.
1911 4921 2055 4975 Nam
2088 4919 2203 4975 hoc

535 5006 761 5064 indicat
779 5005 944 5081 quod
961 5006 1042 5063 ait
1087 5018 1103 5069 :
1143 5006 1385 5064 Verbum
1415 5022 1553 5064 caro
1571 5007 1804 5077 factum
1845 5013 1964 5063 est:
1998 5013 2061 5063 ut
2099 5007 2201 5081 qui

534 5092 684 5153 illud
705 5096 1137 5163 admirabatur,
1164 5096 1356 5167 magis
1380 5097 1551 5153 etiam
1576 5096 1692 5152 hoc
1720 5097 1970 5162 miretur,
1999 5101 2200 5169 utpote

2307 4565 2723 4635 μνημονευθῆναι
2768 4565 2862 4620 τὴν
2915 4563 3105 4636 σάρκα,
3152 4567 3241 4614 καὶ
3287 4563 3368 4614 ὃτι
3417 4558 3489 4614 δι’
3537 4563 3659 4633 ἡμᾶς
3696 4543 3852 4636 κατέϐη

2308 4633 2471 4726 μέχρι
2519 4652 2633 4722 (33)
2684 4657 2775 4702 τοῦ
2827 4633 3067 4724 χείρονος
3100 4669 3111 4680 ⁸
3149 4648 3283 4724 σὰρξ
3334 4654 3436 4723 γὰρ
3486 4650 3648 4720 ψυχῆς
3689 4633 3847 4691 εὐτελέ-

2311 4738 2536 4815 στερον.]

2380 4829 2609 4902 Εἰρηκὼς
2665 4830 2743 4881 ὅτι
2795 4831 2843 4881 οἰ
2897 4829 3161 4901 ἄνθρωποι
3226 4827 3280 4881 ἐκ
3337 4834 3466 4882 Θεοῦ
3541 4819 3851 4899 ἐγεννήθησανς

2312 4922 2469 4990 φησὶν
2518 4919 2597 4970 ὅτι
2643 4922 2732 4970 καὶ
2780 4919 2804 4968 ὁ
2855 4919 2975 4979 Υἱὸς
3022 4925 3113 4969 τοῦ
3173 4924 3306 4971 Θεοῦ
3369 4919 3638 4991 ἄνθρωπος
3681 4908 3857 4978 ἐγένετν

2313 5015 2461 5059 τοῦτο
2516 5010 2615 5080 γὰρ
2660 5003 2814 5065 δηλοῖ
2867 5009 2946 5070 τὸ,
3008 5007 3117 5061 Καὶ
3175 5009 3199 5059 ὁ
3271 5010 3435 5079 Λόγος
3501 5004 3630 5079 σάρξ
3688 4997 3863 5069 ἐγένετο·

2311 5098 2412 5149 ἀπὸ
2443 5100 2630 5172 μέρους
2672 5098 2730 5148 τὸ
2776 5100 2877 5149 πᾶν
2912 5112 2924 5125 ⁸
2960 5098 3044 5148 ἶνα
3092 5096 3204 5169 (34)
3251 5094 3533 5169 θαυμάζων
3583 5090 3688 5166 (35)
3736 5083 3869 5137 ἐκεῖνο

1756 5273 1982 5343 Variae
2024 5274 2349 5342 lectiones
2390 5284 2454 5341 et
2500 5284 2699 5342 notae.

635 5490 725 5556 29)
756 5495 863 5549 Τῆς
906 5487 1187 5551 συνουσίας
1220 5487 1450 5543 videtur
1480 5487 1692 5558 legisse
1709 5484 2055 5544 Hentenius.

636 5561 725 5632 30)
760 5563 891 5615 Haec
925 5564 1175 5642 uterque
1212 5560 1270 5642 in
1329 5559 1617 5642 margine.
1684 5560 2199 5642 Hente‘n‘iusupror-

542 5629 645 5709 sus
664 5629 786 5687 non
817 5629 1112 5709 agnoscit.
1138 5632 1304 5709 Forte
1326 5630 1520 5709 etiam
1553 5631 1705 5703 haec,
1737 5636 1803 5688 ut
1832 5629 2119 5698 difﬁcilia,
2143 5633 2203 5688 in

550 5702 1036 5777 interpretatione
1066 5702 1456 5777 practermisit.

620 5771 733 5845 (31)
764 5771 1181 5844 Ἐμψυχωμένον
1218 5777 1279 5824 Δ.

2382 5489 2494 5561 (32)
2538 5487 2732 5544 Codex
2768 5492 3013 5561 uterque
3042 5488 3102 5544 in
3136 5488 3428 5560 margine.

2384 5560 2497 5630 (33)
2537 5563 2717 5631 Μέχρι
2742 5564 2831 5612 καὶ
2855 5560 2968 5615 τοῦ.
3002 5566 3061 5614 Β.

2385 5633 2498 5701 (34)
2538 5631 2598 5686 Ὀ
2631 5631 2800 5686 abest
2818 5636 2879 5685 Α.

2389 5634 2477 5701 (34
2538 5634 2598 5686 '0
2631 5634 2879 5686 abestA.

2389 5634 2502 5777 (35;
2543 5703 2812 5776 Θαυμάζει
2840 5706 2908 5758 Α.
