4144 6314
346 385 480 444 1121

1426 333 1800 428 COMMENT.
1843 371 1912 426 IN
1948 368 2298 430 JOANNEM.
2343 406 2408 412 —
2450 371 2603 429 CAP.
2640 370 2676 427 ι.

3585 375 3720 430 1122

351 509 599 580 θαυμάζῃ
651 512 804 557 τοῦτο
870 501 1039 568 πλέον,
1082 503 1150 562 ὡς
1196 491 1585 571 ὑπερϐαλόντως
1644 492 1950 568 θαυμασιώ-

2078 493 2901 569 excellentiorimodo'magis
2952 495 3402 566 admirandum,
3466 499 3610 572 quia
3660 503 3718 555 et

349 612 520 673 τερον’
558 596 665 647 ἐπεὶ
699 598 788 644 καὶ
839 598 991 642 τοῦτο
1049 593 1208 642 α’ίτιον
1241 588 1454 640 ἐκείνου.
1512 583 1611 633 Καὶ
1654 588 1755 659 γὰρ
1785 588 1808 637 6
1842 588 1956 644 Υἱὸς

347 696 442 740 τοῦ
473 693 606 739 Θεοῦ
634 684 905 754 ωνθρωπος
945 679 1158 750 ἐγένετο,
1194 679 1277 730 ἵνα
1329 679 1377 729 οἱ
1431 674 1694 746 ἅνθρωποι
1733 677 1836 726 υἱοὶ
1867 681 1957 725 τοῦ

350 784 486 829 Θεοῦ
517 779 768 846 γένωνται
782 816 792 827 .

421 865 581 916 ’Ὀταν
611 859 669 914 δὲ
704 860 936 932 ἀκούσῃς
966 860 1046 910 ὅτι
1070 858 1127 909 Ὀ
1164 862 1331 927 Λόγος
1365 855 1496 928 σὰρξ
1527 852 1741 925 ἐγένετο,
1765 858 1834 925 μὴ
1871 871 1956 922 μευ

347 953 576 1011 ταϐολην
607 961 703 1012 τῆς
754 953 893 1010 Θείας
947 949 1126 1006 οὐσίας
1180 947 1443 1017 ἐννοήσῃς
1485 943 1822 1004 ἀναλλοίωτος
1855 945 1955 1013 γαρ

347 1045 485 1100 αὕτη
519 1046 607 1093 καὶ
637 1038 838 1099 ἀπαθής
877 1058 888 1068 ·
934 1036 1040 1087 ἀλλ’
1094 1038 1174 1087 ὅτι
1206 1037 1229 1086 6
1256 1040 1421 1104 Λόγος
1475 1034 1541 1083 ὠν
1609 1033 1634 1083 ὃ
1673 1029 1754 1100 ἦν,
1785 1036 1959 1102 γέγονε

347 1138 442 1184 καὶ
469 1133 494 1183 ὃ
525 1131 616 1182 οὐκ
644 1126 725 1192 ἦν,
761 1131 897 1196 ἦτοι,
941 1130 1098 1198 μένων
1133 1128 1281 1189 Θεὸς,
1331 1127 1506 1194 γέγονε
1557 1127 1646 1173 καὶ
1689 1123 1958 1192 ἄνθρωπος

347 1223 488 1272 κατά
521 1215 817 1293 πρόσληψιν
872 1217 1079 1285 σαρκός,
1124 1213 1468 1283 ἐφυχωμέυης
1529 1207 1770 1267 δηλονότι
1799 1209 1952 1281 ψυχῇ

345 1310 533 1380 λογικῇ
574 1311 662 1359 καὶ
693 1310 860 1377 νοερᾷ.

430 1400 574 1451 Κατὰ
622 1392 760 1470 τρεῖς
818 1390 875 1445 δὲ
914 1395 1135 1463 τρόπους
1185 1392 1241 1441 τό
1273 1389 1326 1440 ὃν
1381 1393 1578 1460 γίνεται

345 1491 464 1560 μὲν,
498 1488 617 1538 ὅταν
671 1486 702 1541 ἡ
763 1490 854 1535 τοῦ
886 1485 1024 1540 ὄντος
1068 1482 1224 1551 φύσις
1274 1479 1344 1539 εἰς
1411 1483 1503 1535 τὴν
1543 1485 1633 1528 τοῦ
1685 1479 1954 1547 γενομένου

346 1575 675 1650 μεταϐληθῃ,
745 1571 861 1624 καθ’
915 1572 968 1622 ὃν
1021 1573 1074 1620 τό
1132 1569 1267 1639 γαλα
1310 1573 1508 1638 γίνεται
1567 1570 1733 1639 τυρός,
1803 1571 1887 1616 καὶ
1931 1567 1954 1615 6

940 1658 1054 1710 καθ’
1104 1658 1271 1730 ἕτερον
1318 1653 1395 1722 δὲ,
1466 1658 1584 1707 ὅταν
1637 1664 1730 1714 τῆς
1798 1657 1956 1714 οὔσης

1643 1404 1654 1416 ⁸
1717 1386 1831 1439 καθ’
1872 1388 1956 1438 ἕνα

347 1666 518 1725 πηλός
577 1669 832 1737 ὄστρακον
875 1679 886 1691 ·

351 1755 536 1814 οὐσίας
564 1756 859 1823 σωζομένης
912 1747 1268 1820 ἀμεταϐλήτου
1323 1749 1673 1819 προσγένηταί
1724 1763 1775 1794 τι
1822 1746 1956 1794 κατὰ

2064 585 2177 640 hoc
2204 585 2361 640 illius
2413 602 2594 642 causa
2625 593 2728 642 est.
2767 588 2848 642 Ad
2903 593 3014 643 hoc
3059 588 3356 660 siquidem
3394 588 3496 643 Dei
3536 588 3718 644 Filius

2064 673 2246 728 homo
2287 675 2476 730 factus
2524 681 2633 744 est,
2671 681 2735 731 ut
2760 677 3031 732 homines
3065 676 3168 732 ﬁlii
3209 677 3311 733 Dei
3343 677 3570 733 ﬁerent.

2138 851 2285 907 Cum
2311 868 2449 908 vero
2480 854 2757 921 audieris,
2805 855 3054 911 Verbum
3084 872 3212 910 caro
3247 856 3478 924 factum
3513 863 3593 912 est
3619 871 3720 924 ,ne

2068 943 2624 998 transmutationem
2666 943 2883 999 divinae
2927 945 3195 999 essentia:
3233 945 3547 1017 intelligas.
3585 948 3720 1018 ipsa

2065 1029 2282 1085 etenim
2323 1031 2712 1087 immutabilis
2751 1037 2836 1088 est
2884 1049 2953 1088 ac
2992 1031 3362 1104 impatibilis.
3413 1034 3518 1089 Sed
3552 1034 3717 1105 quod

2064 1119 2322 1174 Verbum
2365 1135 2726 1192 permanens
2747 1121 2911 1193 quod
2970 1128 3110 1185 erat,
3147 1121 3371 1177 factum
3421 1129 3508 1178 est
3557 1123 3719 1194 quod

2064 1221 2185 1261 non
2211 1212 2338 1263 erat
2366 1225 2379 1263 :
2415 1210 2539 1266 sive
2578 1226 2830 1266 manens
2863 1213 3032 1275 Deus,
3063 1209 3259 1265 factus
3283 1215 3371 1264 est
3394 1210 3578 1266 homo
3611 1227 3719 1282 per

2063 1297 2259 1351 carnis
2313 1299 2804 1370 assumptionem,
2864 1301 3166 1354 animatus
3207 1297 3504 1354 videlicet.

2135 1385 2556 1443 Tribusautem
2577 1389 2764 1443 modis
2789 1389 2844 1443 id
2871 1387 3033 1460 quod
3049 1388 3176 1459 jam
3192 1393 3298 1453 est,
3323 1387 3448 1442 ﬁeri
3472 1387 3684 1444 dicitur
3704 1405 3718 1455 ;

2065 1489 2185 1529 uno
2206 1476 2451 1546 quidem
2485 1477 2665 1533 modo
2691 1486 2902 1533 natura
2916 1477 3044 1548 ejus
3069 1477 3232 1548 quod
3250 1482 3356 1540 est,
3377 1476 3437 1530 in
3468 1477 3526 1532 id
3556 1478 3721 1550 quod

2063 1562 2129 1617 ﬁt
2159 1571 2605 1631 transmutatur,
2636 1567 2804 1637 juxta
2834 1582 3013 1638 quem
3057 1565 3304 1620 modum
3339 1565 3432 1620 lac
3466 1566 3723 1622 efficitur

2065 1669 2292 1720 caseus,
2318 1662 2372 1711 et
2399 1656 2590 1711 lutum
2617 1657 2867 1712 efﬁcitur
2891 1662 3055 1712 testa.
3085 1657 3279 1710 Altero
3311 1672 3448 1710 vero
3475 1659 3719 1729 quando

2064 1750 2342 1799 manente
2390 1745 2518 1816 ejus
2581 1747 2741 1818 quod
2792 1751 2915 1801 erat
2976 1745 3310 1800 substantia
3377 1746 3713 1815 immutata.

356 1842 704 1915 συμϐεϐηκός,
737 1839 854 1891 καθ’
910 1839 964 1889 ὃν
1005 1839 1029 1888 6
1061 1837 1261 1908 χαλκός
1310 1840 1506 1905 γίνεται
1570 1831 1806 1906 ἀνδριὰς,
1867 1837 1954 1884 καὶ

2078 1832 2217 1888 ιιὶυό
2241 1850 2340 1903 per
2369 1835 2645 1889 accidens
2687 1836 2935 1891 efﬁcitur
2978 1836 3184 1904 :juxta
3232 1849 3413 1904 quem
3471 1838 3720 1894 modum

350 1936 382 1985 6
425 1932 686 2004 ἄνθρωπος
719 1926 923 1988 δίκαιος
955 1928 982 1984 ἡ
1038 1923 1243 1990 ἄδικος,
1277 1929 1365 1975 καὶ
1421 1927 1484 1974 τὰ
1512 1931 1726 1975 τοιαῦτα
1776 1939 1788 1951 ·
1821 1926 1955 1974 κατά

347 2026 441 2074 τόν
472 2026 643 2095 τρίτον
679 2017 755 2083 δὲ,
791 2020 932 2085 ὅταν,
976 2024 1068 2075 τῆς
1107 2019 1270 2075 οὔσης
1325 2014 1435 2085 (36)
1491 2014 1668 2073 οὐσίας
1731 2013 1955 2081 σωζομέ-

347 2132 448 2173 νης
501 2107 880 2182 ἀμεταϐλήτου,
923 2110 1011 2156 καὶ
1060 2102 1184 2160 άλλη
1233 2102 1389 2154 οὐσία
1453 2101 1783 2174 προσληφθῇ,
1838 2102 1952 2153 καθ’

1625 2192 1636 2213 ’
1643 2196 1679 2240 Α
1689 2189 1757 2240 λλ’

351 2292 494 2341 κατὰ
540 2291 626 2339 τόν
665 2295 866 2360 πρῶτον
924 2287 1110 2358 τρόπον
1162 2283 1186 2332 ό
1235 2286 1402 2351 Λόγος
1452 2279 1583 2352 σὰρξ
1627 2278 1817 2350 ἐγένετο
1853 2299 1864 2310 ο
1895 2281 1952 2330 ο]

349 2202 409 2252 ὃν
471 2202 495 2251 6
569 2200 865 2270 στρατηγὸς
941 2200 1138 2264 γίνεται
1209 2191 1543 2262 ὡπλισμένος·
1625 2191 1757 2240 Ἀλλ’
1840 2193 1955 2241 οὔτε

350 2379 511 2452 γὰρὴ
557 2379 712 2448 φύσις
769 2372 1054 2446 μετεϐλήθη
1119 2391 1130 2402 ·
1167 2374 1279 2421 οὔτε
1336 2372 1466 2420 κατά
1516 2373 1597 2420 τόν
1661 2366 1895 2440 δευτέρον
1940 2387 1950 2396 ·

355 2467 417 2520 οὐ
445 2469 544 2538 γάρ
612 2467 642 2521 ἡ
701 2464 1080 2536 προσγενομένη
1139 2458 1270 2531 σὰρξ
1314 2457 1659 2528 συμϐεϐηκὸς,
1718 2456 1825 2508 ἀλλ’
1867 2458 1953 2508 οὗ·

356 2562 451 2608 σία
480 2559 565 2606 καὶ
626 2553 756 2609 αὐτὴ
794 2567 805 2579 ”

355 2650 466 2719 χρὴ
503 2650 632 2695 νοεῖν
684 2645 741 2694 τό
767 2641 942 2715 ῥητόν.
979 2643 1133 2696 Δίκην
1188 2640 1288 2709 γαρ
1323 2643 1619 2711 στρατηγοῦ
1651 2639 1742 2692 τὴν
1785 2638 1955 2708 σάρκα

348 2735 700 2807 περιθέμενος,
738 2734 824 2782 τόν
853 2727 1095 2800 πολέμιον
1141 2735 1235 2787 τῆς
1284 2727 1534 2798 ἡμετέροις
1565 2728 1762 2796 φύσεως
1801 2743 1952 2775 κατε-

849 2551 1025 2602 λοιπόν
1075 2544 1161 2599 οὖν
1219 2550 1353 2598 κατά
1407 2551 1492 2598 τόν
1553 2552 1726 2620 τρίτον
1767 2551 1954 2620 τρόπον

353 2823 476 2876 πολε
481 2841 550 2893 μη
561 2840 638 2874 σε.

427 2911 654 2979 Ἐγένετο
709 2904 767 2960 δὲ
817 2905 971 2973 εἶπεν,
1041 2904 1259 2977 ἀναιρῶν
1306 2907 1400 2962 τὴν
1463 2901 1803 2976 βλασφημίαν
1855 2910 1953 2953 τῶν

353 2998 646 3069 ληρούντων
700 2999 778 3048 ὅτι
861 2994 992 3066 σὰρξ
1058 2993 1372 3065 ἐφαντάσθη.
1438 2993 1774 3066 Χρησάμενος

356 3094 417 3159 τῇ
467 3086 616 3150 λέξει,
693 3094 753 3157 τῇ
827 3084 1078 3155 Ἐγένετο,
1133 3080 1434 3134 ἐϐεϐαίωσεν
1497 3083 1577 3133 ὅτι
1633 3085 1766 3132 κατά
1826 3080 1952 3140 ἁλή-

1851 2995 1952 3066 γάρ

2064 1939 2142 1975 aes
2165 1921 2416 1978 efﬁcitur
2448 1930 2663 1992 statua,
2691 1932 2743 1980 et
2763 1926 2945 1981 homo
2971 1922 3424 1992 efﬁciturjustus
3445 1926 3533 1980 vel
3566 1925 3720 1998 inju-

2066 2017 2213 2077 slus,
2229 2011 2462 2084 aliaque
2485 2014 2725 2070 similia.
2759 2015 2949 2069 Tertio
2974 2032 3108 2071 vero
3124 2019 3324 2085 modo,
3342 2017 3589 2090 quando
3609 2017 3723 2072 sal-

2065 2117 2141 2155 va
2156 2101 2548 2158 acimmutata
2574 2104 2747 2158 unius
2762 2104 2837 2175 (ι’)
2853 2104 3210 2176 substantia,
3227 2107 3338 2162 alia
3354 2123 3596 2179 quoque
3616 2106 3722 2162 ad-

2063 2189 2221 2244 ditur
2237 2191 2606 2247 substantia:
2641 2193 2821 2248 ethoc
2851 2195 3031 2248 modo
3047 2196 3214 2250 miles
3248 2196 3719 2252 efﬁciturarma—

2069 2284 2178 2334 tus.
2201 2279 2399 2334 Primo
2415 2297 2555 2351 ergo
2573 2282 2752 2337 modo
2774 2298 2887 2336 non
2905 2290 2994 2337 est
3029 2285 3278 2339 Verbum
3317 2285 3540 2340 factum
3558 2301 3717 2351 caro,

2065 2384 2184 2423 non
2202 2370 2360 2423 enim
2392 2376 2607 2425 natura
2647 2377 2876 2426 mutata
2903 2381 3026 2436 est;
3062 2389 3254 2446 neque
3277 2375 3568 2444 secundo,
3599 2391 3723 2429 non

2063 2458 2223 2511 enim
2247 2474 2350 2528 per
2379 2458 2657 2513 accidens
2697 2476 2836 2514 caro
2864 2460 3016 2515 facta
3062 2468 3167 2527 est,
3198 2463 3303 2516 sed
3325 2462 3455 2533 ipsa
3480 2479 3724 2534 quoque

2066 2547 2423 2600 substantia.
2460 2549 2656 2601 Restat
2679 2547 2859 2617 igitur
2893 2554 2953 2603 ut
2977 2551 3139 2620 quod
3174 2551 3399 2605 dictum
3431 2559 3523 2606 est
3555 2552 3725 2607 tertio

2065 2634 2247 2689 modo
2263 2635 2641 2704 intelligatur.
2675 2635 2821 2692 Nam
2838 2653 3003 2692 more
3022 2637 3228 2695 militis
3266 2640 3370 2712 (ιι),
3401 2655 3578 2696 carne
3593 2656 3725 2696 ves-

2067 2726 2206 2779 titus
2234 2722 2455 2779 bellum
2496 2724 2569 2796 (e)
2598 2731 2872 2780 nostrum
2905 2725 3144 2782 devicit.

2137 2900 2291 2956 Dixit
2311 2907 2509 2958 autem
2541 2903 2791 2960 Factum
2823 2909 2924 2969 est,
2946 2903 3472 2978 utblasphemiam
3494 2906 3721 2963 tolleret

2064 2991 2419 3061 nugantium
2458 3007 2527 3047 ac
2571 2992 2916 3061 dicentium,
2949 2995 3114 3066 quod
3143 3011 3283 3051 caro
3322 2995 3718 3065 imaginatum

2064 3083 2155 3134 est
2183 3079 2463 3134 Verbum.
2507 3082 2656 3136 Usus
2695 3081 2856 3136 enim
2906 3081 3022 3136 hoc
3085 3084 3284 3148 verbo,
3339 3085 3582 3140 Factum
3609 3091 3718 3155 est,

359 3179 518 3245 θείαν,
553 3179 640 3226 καὶ
669 3175 726 3226 οὐ
768 3177 901 3236 κατα
933 3177 1215 3244 φαντασίαν
1247 3170 1656 3244 ἐνηνθρωπησεν.
1685 3170 1793 3224 Ἵνα
1843 3172 1951 3242 (J7)

2078 3167 2621 3238 conﬁrmavitquod
2644 3185 2779 3225 vere
2814 3177 3011 3226 etnon
3046 3173 3418 3242 phantastice
3441 3174 3722 3230 incarna-

357 3261 416 3318 ὃὲ
464 3269 535 3337 μὴ
589 3262 875 3337 μεταϐολήν
931 3281 1048 3313 τινα
1104 3270 1194 3320 τῆς
1242 3263 1378 3321 θείας
1454 3261 1638 3320 οὐσίας
1686 3259 1951 3333 ἐννοήσῃς,

357 3358 507 3426 φησί.

432 3447 529 3494 Καὶ
579 3440 868 3498 ἐσκήνωσεν
924 3438 970 3490 ἐν
1024 3441 1168 3511 ἡμῖν.
1239 3437 1558 3496 Ἐσκὴνωσεν
1622 3437 1667 3490 ἐν
1716 3447 1776 3510 τῇ
1833 3441 1958 3511 ἡμε-

356 3537 479 3603 τέρᾳ
538 3535 718 3602 σαρκὶ,
785 3529 831 3580 ἐν
883 3537 942 3600 τῇ
1005 3534 1244 3599 συγγενεῖ
1306 3530 1474 3599 ἡμῶν,
1526 3527 1573 3579 ἐν
1622 3537 1681 3600 τῇ
1730 3528 1784 3590 ἐξ
1814 3529 1959 3600 ἡμῶν

358 3619 777 3692 προσληφθείση.
823 3618 880 3670 Εἰ
927 3620 1026 3690 γὰρ
1069 3619 1233 3689 ἕτερον
1283 3620 1339 3666 τό
1384 3625 1626 3682 σκηνοῦν,
1671 3621 1756 3668 καὶ
1795 3619 1960 3690 ἕτερον

361 3709 389 3764 ἡ
440 3713 625 3774 σκηνὴ,
679 3708 847 3780 ἕτερός
888 3709 1073 3776 ἔμεινεν
1126 3705 1148 3755 6
1213 3711 1379 3775 Λόγος
1422 3710 1564 3777 παρά
1621 3711 1710 3762 τὴν
1771 3708 1958 3775 σάρκα,

360 3801 491 3848 κατα
522 3802 614 3854 τὴν
647 3797 827 3848 οὐσίαν
876 3801 964 3845 καὶ
1019 3797 1191 3864 φύσιν.
1251 3797 1395 3846 Κατὰ
1419 3798 1518 3865 γὰρ
1552 3799 1642 3850 τὴν
1688 3796 1963 3865 συνάφειαν

359 3891 446 3938 καὶ
478 3887 652 3938 ἕνωσιν
800 3885 938 3935 ἐστιν
971 3885 995 3933 6
1032 3882 1337 3952 προσλαίων
1380 3889 1566 3951 Λόγος,
1620 3888 1708 3933 καὶ
1735 3885 1761 3939 ὴ
1809 3903 1968 3954 προσ·

357 3974 611 4047 ληφθεῖσα
642 3974 790 4046 σὰρξ,
861 3971 1165 4042 σωζομένων
1222 3975 1311 4021 καὶ
1359 3971 1472 4040 (38)
1520 3975 1649 4042 μετα
1697 3977 1789 4029 τὴν
1847 3975 1970 4024 ἐνω-

362 4084 443 4116 σιν
473 4063 733 4136 ἀτρέπτων
782 4065 871 4112 καὶ
927 4057 1248 4129 ἀσυγχύτων
1308 4068 1404 4110 τῶν
1439 4057 1532 4111 δύο
1578 4064 1775 4131 φύσεων
1807 4060 1969 4136 αττορ-

356 4154 552 4227 ρητως.

432 4245 618 4291 Καὶ-
642 4238 820 4288 αὐτοῦ.
855 4240 961 4294 Τὴν
994 4233 1150 4299 δόξαν
1195 4245 1284 4290 τοῦ
1343 4244 1535 4310 Λόγου,
1590 4245 1682 4298 τὴν
1742 4237 1963 4314 δύναμιν

358 4336 453 4388 τῆς
523 4330 785 4394 θεότητος,
850 4323 943 4378 διὰ
997 4336 1088 4388 τῆς
1166 4332 1354 4400 σαρκὸς
1416 4327 1697 4400 λάμψασαν
1763 4334 1825 4391 ως
1875 4329 1969 4382 δια

358 4418 852 4492 παραπετάσματος.
910 4421 1001 4477 Τίς
1047 4413 1105 4468 δὲ
1171 4414 1229 4474 ἧν
1277 4419 1406 4474 αὕτη
1457 4434 1469 4482 ;
1520 4419 1596 4471 Τὰ
1646 4420 1834 4492 ἄπειρα
1873 4419 1966 4470 καὶ

355 4506 567 4558 ποικίλα
643 4508 904 4572 Θαύματα,
963 4508 987 4562 ἡ
1091 4505 1456 4580 ὑπέρλαμπρος

359 4615 759 4668 μεταμορςλησις
805 4603 890 4646 καὶ
926 4601 1058 4647 κατέ(
1107 4599 1190 4646 τόν
1224 4601 1401 4668 καιρὸν
1451 4603 1544 4655 τῆς
1602 4604 1962 4670 στανρώσεως,

360 4686 384 4736 6
415 4689 556 4756 παρά
584 4693 737 4757 φύσιν
773 4690 1056 4756 σκοτισμός
1087 4693 1177 4735 τοῦ
1206 4684 1372 4749 ἡλίου,
1427 4689 1483 4736 τό
1517 4683 1723 4756 φοϐερόν
1752 4691 1966 4758 σχίσμα

361 4780 450 4824 τοῦ
491 4775 979 4844 καταπετάσματος,
1034 4776 1300 4846 όφρικτὸς
1361 4774 1538 4834 κλόνος
1607 4784 1698 4835 τῆς
1744 4784 1861 4845 γῆς,
1902 4779 1966 4828 τὰ

364 4865 644 4931 σχίσματα
694 4871 792 4912 τῶν
837 4870 1054 4935 πετρῶν,
1112 4865 1166 4912 αἰ
1240 4871 1336 4912 τῶν
1408 4870 1667 4935 μνημείων
1719 4863 1959 4928 ἀνοίξεις,

360 4950 415 4999 αἱ
453 4957 550 5000 τῶν
603 4958 789 5022 νεκρῶν
848 4950 1094 5022 ἐγέρσεις,
1156 4956 1243 5002 καὶ
1295 4955 1353 5004 -ιὸ
1401 4953 1670 5026 κεφάλαιον
1724 4957 1953 5023 πάντων³

2069 3265 2194 3312 tum
2220 3263 2325 3312 est.
2355 3258 2572 3312 Verum
2596 3274 2667 3313 ne
2698 3259 2914 3314 divinas
2942 3261 3289 3317 substantiae
3323 3262 3719 3318 mutationem

2068 3345 2385 3416 intelligas,
2435 3346 2584 3402 dicit

2141 3435 2301 3490 Vers.
2352 3437 2439 3490 14.
2505 3436 2583 3491 Ει
2635 3437 2927 3493 habitavit
2973 3439 3034 3492 in
3067 3439 3254 3494 nobis.
3311 3438 3604 3495 Habitavit
3660 3441 3722 3495 in

2069 3529 2274 3580 nostra
2312 3541 2507 3595 carne,
2535 3525 2594 3580 in
2634 3543 2700 3580 ea
2720 3542 2856 3596 qua:
2871 3527 3042 3582 nobis
3056 3529 3394 3600 propinqua
3420 3535 3526 3594 est,
3561 3528 3621 3584 in
3652 3545 3725 3585 ea

2073 3630 2205 3686 quae
2235 3615 2452 3669 anobis
2481 3622 2792 3686 assumpta
2818 3623 2923 3670 est.
2953 3619 3119 3682 Quod
3159 3618 3207 3672 si
3240 3618 3403 3673 aliud
3431 3624 3522 3674 est
3553 3620 3600 3673 is
3620 3620 3726 3691 qui

2073 3703 2318 3767 habitat,
2369 3708 2426 3758 et
2468 3705 2629 3758 aliud
2673 3704 3006 3761 habitatio:
3071 3707 3326 3762 Verbum
3388 3709 3722 3764 secundum

2077 3792 2471 3848 substantiam
2523 3799 2581 3848 et
2619 3801 2895 3849 naturam
2963 3795 3126 3850 aliud
3186 3800 3407 3852 mansit
3444 3814 3480 3853 a
3526 3814 3726 3853 carne.

2079 3885 2225 3937 Nam
2250 3882 2582 3937 secundum
2604 3884 3088 3952 conjunctionem
3115 3891 3171 3940 et
3211 3887 3517 3952 unionem,
3552 3902 3731 3941 unum

2080 3978 2166 4026 est
2192 3971 2450 4026 Verbum
2475 3974 2829 4044 suscipiens,
2857 3990 3116 4047 caroque
3145 3983 3447 4048 suscepta,
3483 3977 3732 4031 servatis

2079 4063 2256 4117 etiam
2288 4068 2421 4132 post
2464 4063 2766 4127 unionem,
2801 4063 3131 4119 immutatis
3163 4071 3344 4138 atque
3397 4064 3732 4121 inconfusis

2079 4151 2317 4206 duabus
2360 4150 2735 4206 ineffabiliter
2778 4153 3021 4207 natm-is.

2149 4239 2310 4294 Vers.
2362 4242 2446 4295 14.
2479 4241 2552 4294 Ει
2583 4272 2650 4280 —
2702 4243 2851 4310 ejus.
2903 4241 3162 4298 Gloriam
3220 4243 3420 4314 Verbi,
3467 4244 3737 4300 virtutem

2080 4329 2421 4395 divinitatis,
2469 4347 2603 4402 quae
2639 4346 2744 4401 per
2786 4346 3027 4386 carnem
3060 4338 3346 4405 tanquam
3378 4350 3484 4406 per
3537 4333 3737 4389 velum

2079 4419 2288 4474 illuxit.
2323 4419 2463 4486 Quae
2481 4425 2682 4475 autem
2709 4425 2834 4475 erat
2862 4421 2965 4478 illa
2994 4421 3020 4474 7
3051 4427 3205 4477 certe
3230 4439 3544 4494 nunquam
3563 4428 3740 4479 antea

1546 4513 1634 4558 καὶ
1702 4509 1965 4580 ὑπερφυὴς
1998 4533 2044 4588 D
2079 4509 2207 4565 visa
2225 4510 2502 4580 variaque
2536 4508 3152 4580 miracula,perlucida
3167 4528 3236 4567 ac
3264 4511 3732 4583 superuaturalis

2078 4597 2542 4662 transformatio,
2585 4604 2640 4652 et
2689 4605 2952 4669 tempore
2993 4599 3295 4654 Passionis
3335 4599 3475 4654 solis
3522 4605 3737 4671 praeter

2077 4689 2345 4739 naturam
2370 4683 2730 4749 obscuratio,
2749 4683 3141 4738 formidabilis
3164 4685 3269 4739 veli
3293 4685 3501 4742 scissio
3543 4683 3736 4740 horri-

2074 4773 2212 4828 bilis
2241 4778 2406 4827 terrte
2422 4775 2948 4843 motus,petrarum
2971 4772 3308 4839 scissiones,
3326 4778 3739 4830 monumento-

2076 4880 2206 4918 rum
2221 4863 2964 4935 apertiones,mortuorum
2985 4863 3424 4922 suscitationes:
3451 4865 3738 4937 quodque

2072 4956 2352 5012 omnium
2369 4959 2550 5026 caput
2575 4953 3008 5020 est,mirabilior
3020 4969 3206 5026 quam
3232 4953 3349 5009 dici
3371 4959 3472 5010 aut
3488 4953 3737 5026 cogitari

1592 5159 1807 5229 Variae
1837 5160 2166 5230 lectiones
2202 5170 2266 5228 et
2310 5171 2509 5228 notae.

434 5405 548 5548 (36;
577 5409 756 5468 03mm;
787 5405 960 5462 abest
985 5411 1050 5462 Α.

434 5477 521 5547 (37
573 5480 633 5530 A‘e
671 5477 841 5534 abest
869 5479 936 5532 A.

433 5477 548 5547 (37)
573 5480 633 5530 A‘e
671 5477 841 5534 abest
869 5479 936 5532 A.

427 5654 498 5800 8?
529 5656 722 5738 Ποίας.
759 5655 870 5712 Pro
902 5658 1064 5740 οῇσης
1109 5657 1344 5743 videtur
1368 5659 1584 5732 legisse
1605 5667 1751 5734 μιᾶς.

489 5730 505 5798 )
542 5729 635 5784 Bis
656 5727 838 5784 habet
868 5731 1052 5786 mdes.
1084 5731 1199 5788 Sed
1230 5747 1290 5787 ιιι
1308 5731 1522 5789 Graaco
1552 5749 1673 5791 non
1688 5749 1751 5791 es

489 5730 505 5798 )
542 5729 635 5784 Bis
656 5727 838 5809 habet
868 5730 1052 5809 miles.
1084 5731 1290 5809 _Se_d_in
1308 5727 1522 5789 Graa'co
1552 5727 1673 5791 non
1688 5736 1776 5791 est
1805 5750 1970 5809 στρα-

357 5806 570 5868 τιώτης,
599 5801 702 5858 sed
744 5805 1053 5877 στρατηγὸς,
1083 5801 1218 5860 belli
1245 5802 1386 5859 dum.

2153 5412 2266 5486 (38)
2325 5418 2425 5466 Καὶ
2467 5414 2661 5470 abest.
2700 5415 2766 5467 A.

2082 5664 2508 5794 ho(:t)eBellum.
2553 5665 2790 5723 Videtur
2827 5665 3040 5741 legisse
3080 5666 3320 5743 πόλεμον.
3370 5666 3480 5725 Mei
3509 5669 3733 5733 habent

2247 5753 2303 5794 m

2247 5753 2303 5794 m
