4144 6314
555 387 689 443 1123

1849 374 2203 443 EU‘I‘HYMIl
2244 380 2571 446 ZIGABENI

3830 389 3974 452 1124

544 516 756 585 potest,
774 511 1003 567 Domini
1031 509 1399 575 resurrectio,
1420 515 1475 565 et
1492 515 1622 581 post
1647 511 1801 568 hanc
1828 528 2190 585 quascunque

2312 514 2340 571 ἠ
2374 515 2499 588 ὑπὲρ
2547 514 2695 588 λόγον
2752 520 2841 569 καὶ
2899 523 3015 569 νοῦν
3057 515 3347 582 ἀνάστασις
3373 528 3465 573 τοῦ
3494 523 3836 586 Δεσπότου,
3872 529 3965 575 καὶ

550 602 809 672 gloriosa
848 597 1104 671 apostoli
1154 597 1437 672 deinceps
1467 606 1914 672 conspexerunt.

619 783 777 835 Vers.
816 783 897 834 14.
934 779 1280 835 Gtoriam—
1307 781 1499 835 Patre.
1542 779 1824 845 Gloriam,
1859 796 1979 836 non
2006 780 2201 853 qualis

548 874 638 925 est
667 874 1003 925 sanctorum
1044 868 1349 924 beatorum
1382 868 1475 923 vel
1504 873 1875 939 angelorum,
1926 870 2031 925 sed
2079 869 2202 940 glo-

547 958 702 1013 riam
729 974 862 1012 vere
904 957 1220 1027 Unigeniti.
1277 960 1423 1013 Nam
1465 958 1558 1013 hic
1585 957 1763 1013 dictio
1794 960 1864 1019 ὡς
1904 964 2197 1029 tanquam,

546 1047 708 1102 idem
740 1046 1029 1116 signiﬁcat
1060 1046 1225 1119 quod
1263 1062 1420 1102 vere-

617 1136 909 1206 Unigeniti
948 1140 1148 1191 autem
1199 1152 1234 1191 a
1266 1135 1455 1201 Patre,
1498 1136 1618 1192 sive
1665 1140 1879 1192 natura
1918 1136 2043 1192 Filii
2078 1137 2196 1192 Dei.

548 1225 925 1293 Unigenitum
954 1224 1112 1279 enim
1134 1240 1169 1279 a
1196 1230 1382 1279 matre
1397 1225 1718 1290 nominari,
1747 1224 2012 1281 declarat
2042 1226 2201 1280 hunc

545 1320 763 1370 natura
814 1314 1004 1368 ﬁlium
1056 1312 1356 1382 Virginis:
1399 1313 1517 1369 dici
1559 1329 1699 1368 vero
1762 1313 2132 1383 Unigenitum
2164 1330 2202 1370 a

544 1404 736 1469 Patre,
776 1402 941 1459 hunc
978 1409 1186 1457 natura
1230 1403 1323 1457 Dei
1359 1402 1561 1458 Filium
1601 1403 1910 1475 praedicat.

616 1583 780 1638 Vers.
814 1584 901 1637 14.
937 1583 1182 1638 Plenum
1212 1583 1405 1653 gratia
1442 1587 1495 1638 et
1518 1582 1778 1638 veritate.
1825 1581 2200 1638 Conﬁrmans

550 1671 808 1744 amplius
857 1671 1023 1743 quod
1075 1671 1332 1726 Verbum
1366 1687 1503 1726 caro
1545 1670 1787 1734 factum,
1812 1671 1955 1726 nihil
1988 1672 2064 1727 ob
2087 1672 2201 1727 hoc

547 1762 908 1817 diminutum
943 1760 1033 1824 sit,
1066 1760 1145 1815 ait
1179 1776 1190 1813 :
1226 1761 1478 1816 Plenum
1510 1766 1638 1817 erat
1675 1761 1875 1830 gratia
1919 1760 2126 1816 divina
2150 1766 2201 1815 et

547 1852 805 1910 veritate:
837 1850 1027 1921 gratia
1051 1850 1295 1921 quidem
1335 1850 1395 1904 in
1436 1850 1810 1906 admirandis
1871 1851 2195 1923 operibus;
2236 1868 2279 1921 Β
2312 1852 2533 1925 χάριτος

546 1942 788 1996 veritate
819 1946 1019 1995 autem
1037 1940 1094 1993 in
1118 1938 1408 1994 doctrina.
1433 1941 1497 1994 Et
1521 1945 1808 2011 praeterea
1832 1939 2203 2013 gratia,quia

547 2033 761 2085 cuncta
800 2033 1073 2100 poterat;
1108 2028 1350 2083 veritate
1403 2044 1537 2084 vero
1603 2029 1745 2100 quia
1811 2028 1959 2083 nihil
2014 2028 2073 2082 in
2131 2045 2202 2084 eo

546 2117 993 2191 phantasticum
1023 2122 1166 2173 erat.

620 2207 779 2262 Vers.
816 2208 901 2261 15.
944 2207 1199 2262 Joannes
1250 2238 1319 2247 -—
1356 2206 1601 2262 clamat.
1634 2206 1749 2262 Etsi
1790 2222 1923 2275 ego,
1985 2205 2200 2278 inquit,

544 2296 909 2369 quibusdam
943 2311 1061 2350 nou
1091 2295 1234 2351 satis
1260 2294 1378 2349 ﬁde
1417 2294 1635 2365 dignus
1668 2293 1891 2364 videor,
1940 2296 2201 2350 Joannes

543 2390 681 2442 ante
704 2401 799 2441 me
817 2384 1217 2441 testimonium
1236 2385 1307 2438 de
1329 2384 1519 2455 ipsius
1560 2383 1866 2440 divinitate
1890 2383 2197 2456 perhibet:

545 2477 822 2540 Joannes,
864 2474 1133 2547 inquam,
1174 2472 1269 2528 ille
1308 2473 1480 2543 cujus
1529 2489 1749 2528 nomen
1805 2489 2092 2542 magnum
2132 2488 2202 2528 ac

547 2563 775 2619 celebre
814 2568 938 2618 erat
970 2561 1131 2634 apud
1171 2577 1379 2617 omnes
1404 2560 1790 2616 Judzeos.Nec
1822 2561 2015 2616 solum
2048 2561 2203 2616 testi-

544 2652 776 2717 ﬁcatur,
810 2668 1015 2707 verum
1055 2653 1234 2706 etiam
1293 2650 1513 2706 clamat
1569 2652 1691 2705 sive
1751 2667 1888 2706 cum
1936 2649 2202 2705 libertate

544 2742 916 2806 vociferatur,
941 2758 1011 2796 ac
1040 2747 1201 2795 metu
1231 2741 1393 2795 omni
1429 2739 1691 2811 seposita
1717 2739 2017 2813 praedicat.
2046 2740 2200 2794 Audi

544 2846 682 2887 vero
718 2831 864 2902 quid
896 2830 1235 2885 testiﬁcetur
1273 2835 1329 2884 et
1385 2828 1621 2883 clamet.

615 2922 772 2974 Vers.
820 2924 900 2972 15.
934 2919 1148 2973 Dicens
1174 2948 1241 2957 —
1265 2918 1405 2985 fuit.
1436 2918 1579 2971 Dixit
1602 2916 1760 2971 enim
1795 2917 1930 2983 hoc,
1960 2917 2197 2987 aliaque

546 3008 751 3063 similia
778 3007 996 3062 Judaeis
1021 3006 1095 3061 de
1124 3006 1347 3062 Christo
1368 3013 1693 3077 antequam
1727 3006 1853 3077 ipse
1881 3010 2198 3077 appareret

544 3103 642 3152 aut
663 3096 1447 3167 manifestareturtanquam
1473 3094 2044 3166 propheta,utfama
2068 3094 2198 3165 ejus
2230 3166 2235 3173 δ

540 3190 1094 3275 ρι’ωοουρᾶτοηῑυιο,
1139 3190 1195 3240 et
1237 3184 1805 3275 cumipostmodum
1856 3189 2196 3275 appareret,
2232 3221 2271 3275 Ο

538 3274 769 3332 facilius
800 3273 1204 3331 testimonium
1236 3273 1310 3329 de
1341 3273 1436 3329 illo
1468 3274 1847 3344 reciperetur.
1895 3273 2199 3344 Siquidem

537 3365 843 3423 Matthaeus
857 3363 1056 3420 scribit
1067 3379 1205 3419 eum
1218 3363 1366 3418 dixis
1375 3378 1458 3421 se:
1469 3362 1582 3429 Qui
1597 3369 1721 3433 post
1735 3378 1819 3419 me
1835 3362 2015 3429 venit,
2028 3363 2202 3432 farti-

534 3458 812 3519 ormeest,
830 3455 998 3524 cujus
1010 3470 1119 3508 non
1130 3469 1253 3509 sum
1264 3453 1481 3523 dignus
1494 3450 2198 3522 calceamentaportare”.

603 3631 756 3699 Quid
783 3636 873 3687 est
901 3632 1267 3699 autem,Po:t
1288 3647 1378 3688 me
1392 3637 1685 3687 venturus
1715 3638 1795 3687 est
1824 3630 1930 3702 qui
1948 3637 2077 3685 ante
2107 3648 2193 3686 me

519 3724 644 3793 fuit
676 3720 705 3777 ?
726 3724 842 3777 Hoc
867 3727 973 3787 est,
1006 3721 1142 3777 Post
1167 3720 1480 3793 paululum
1512 3720 1590 3776 ad
1615 3736 1718 3776 vos
1762 3727 2045 3776 venturus
2073 3725 2185 3787 est,

524 3811 627 3885 qui
647 3811 779 3866 licet
810 3815 874 3865 ut
902 3811 1085 3867 homo
1116 3810 1386 3867 nondum
1420 3809 1719 3882 apparuit,
1770 3809 1960 3880 gloria
1988 3813 2188 3864 tamen

527 3918 597 3957 ac
636 3901 945 3973 majestate
978 3917 1071 3956 me
1110 3900 1389 3973 praecedit
1437 3917 1450 3967 ;
1486 3916 1631 3955 nam
1664 3898 1927 3955 maxime
1966 3898 2187 3969 gloriﬁ-

523 3991 756 4050 candus
788 3996 842 4045 et
858 3991 1204 4045 exaltandus
1228 3996 1332 4045 est.
1354 3989 1525 4053 Quod
1546 3992 1742 4044 autem
1787 3986 2054 4042 futurum
2074 3992 2180 4053 est,

522 4095 683 4134 more
716 4079 1012 4149 prohetiaa,
1041 4077 1220 4150 quasi
1241 4078 1371 4148 jam
1392 4076 1613 4132 factum
1637 4077 1729 4141 sit,
1760 4076 1923 4131 dixit.
1959 4075 2182 4131 Deinde

524 4167 691 4239 ponit
714 4168 896 4222 etiam
926 4182 1177 4221 causam
1211 4164 1561 4235 hujusmodi
1593 4163 1999 4220 sublimitatis.

594 4256 755 4311 Vers.
792 4260 877 4310 15.
920 4255 1067 4320 Quia
1092 4256 1261 4325 prior
1290 4270 1380 4309 me
1408 4259 1556 4310 erat.
1589 4254 1740 4319 Quia
1754 4269 1851 4309 me
1888 4259 2177 4326 tanquam

525 4345 680 4400 Deus
711 4343 1109 4415 praecedebat.

591 4434 751 4490 Vers.
782 4434 871 4491 16.
911 4433 991 4490 Ει
1022 4464 1085 4473 -
1113 4433 1463 4503 accepimus.
1507 4430 1656 4488 Cum
1690 4431 1892 4505 ipsum
1931 4431 2176 4489 dixisset

520 4523 765 4597 plenum
797 4524 989 4595 gratia
1013 4527 1069 4578 et
1097 4523 1356 4589 veritate,
1410 4538 1479 4579 ac
1519 4522 1747 4578 fontem
1785 4523 1981 4578 omnis
2029 4522 2174 4578 boni

518 4629 846 4685 perennem
867 4617 922 4669 et
941 4613 1357 4672 inexhaustum
1378 4627 1505 4667 esse
1527 4611 2031 4677 demonstrasset,
2059 4612 2167 4667 ait:

518 4705 634 4759 Nos
658 4704 838 4759 etiam
852 4719 1059 4758 omnes
1075 4700 1354 4774 discipuli
1382 4700 1455 4757 de
1477 4701 1577 4756 tali
1595 4699 1784 4772 ipsius
1808 4699 2173 4773 plenitudine

518 4807 625 4865 per
666 4791 1183 4864 participationem
1227 4789 1595 4862 accepimus.

590 4883 747 4937 Vers.
790 4883 873 4938 16.
908 4882 981 4936 Et
1015 4883 1275 4951 gratiam
1311 4895 1423 4949 pro
1457 4881 1669 4950 gratia.
1702 4882 1936 4935 Novum
1978 4881 2173 4935 Testa-

518 4976 787 5027 mentum
818 4987 919 5043 pro
949 4970 1163 5027 Veteri.
1193 4969 1363 5035 Quod
1404 4974 1604 5024 autem
1632 4968 1705 5024 de
1737 4967 1831 5023 his
1863 4968 2168 5040 loquatur,

517 5076 591 5117 ex
616 5061 1003 5134 sequentibus
1041 5059 1428 5115 manifestum
1476 5063 1568 5114 est
1602 5075 1619 5129 ;
1682 5057 1917 5114 interim
1967 5063 2167 5114 autem

519 5149 667 5206 scito
696 5149 861 5223 quod
891 5154 946 5206 et
965 5149 1077 5206 hoc
1094 5153 1149 5205 et
1167 5147 1315 5203 illud
1342 5147 1610 5205 Gratiam
1643 5145 1994 5215 nominavit,
2020 5146 2163 5218 quia

593 5332 641 5370 ιι
678 5330 879 5389 Matth.
921 5329 1016 5399 ιιι,
1097 5328 1186 5384 11.

2212 4568 2251 4620 D

2311 604 2410 655 ὅσα
2473 608 2602 676 μετὰ
2657 609 2851 664 ταύτην
2906 607 3159 679 θεοπρεπῆ
3215 609 3434 672 καθεξῆς
3505 613 3559 663 οἱ
3638 609 3958 664 ἀπόστολοι

2311 692 2605 749 ἐθεάσαντο.

2383 782 2540 845 Δόξαν
2566 814 2623 825 --
2652 790 2869 859 Πατρός.
2907 784 3085 850 Δόξαν,
3116 786 3220 857 οὐχ
3246 789 3330 839 οἱα
3369 790 3399 846 ἡ
3425 797 3521 841 τῶν
3558 786 3965 853 δοξασθέντων

2312 870 2471 941 ἁγίων
2524 873 2552 930 ἦ
2613 871 2860 945 ἀγγέλων,
2895 874 3021 926 ἀλλά
3078 871 3236 938 δόξαν
3288 881 3445 939 ὅντως
3467 885 3857 951 Move-7006;.
3900 886 3964 933 Τό

2310 962 2410 1033 γὰρ
2442 962 2509 1022 ὡς
2541 960 2764 1014 ἐνταῦθα
2784 966 2840 1015 τὸ
2872 967 3029 1025 ὅντως
3061 960 3234 1022 δηλοῖ.

2382 1146 2699 1210 Μονογενοῡς
2725 1135 2784 1193 δε
2842 1141 2941 1192 ἀπό
2996 1145 3219 1217 Πατρός,
3271 1146 3433 1215 ἤγουν
3473 1147 3646 1217 φύσει
3684 1148 3828 1198 Υἱοῦ
3876 1155 3963 1198 τοῦ

2311 1231 2561 1280 Θεοῡ.Τό
2587 1232 2676 1300 μὲν
2714 1232 2816 1301 γὰρ
2865 1229 3217 1301 ὀνομάζεσθαι
3262 1240 3509 1304 μονογενῆ
3569 1232 3694 1285 ἀπὸ
3754 1241 3962 1311 μητρός

2312 1318 2463 1388 φύσει
2493 1319 2603 1369 υἱόν
2625 1325 2715 1378 τῆς
2756 1320 3017 1393 Παρθένου
3035 1327 3216 1371 τοῦτον
3234 1320 3501 1393 ίρμηνεύει
3529 1341 3540 1353 ·
3579 1326 3651 1374 τὸ
3690 1319 3763 1375 δε
3782 1322 3958 1394 λέγεσ-

2313 1407 2399 1457 θαι
2427 1413 2682 1477 Μονογενῆ
2718 1404 2817 1458 ἀπό
2846 1411 3046 1480 Πατρός
3076 1409 3227 1480 φύσεί
3274 1411 3384 1461 ria»
3435 1417 3524 1462 τοῦ
3580 1415 3736 1463 Θεοῦ
3772 1419 3958 1463 τοῦτον

2313 1494 2676 1567 ἀνακηρύττει.

2383 1583 2588 1656 ῐιλὴρης
2643 1587 2868 1658 χάριτος
2918 1587 3007 1637 καὶ
3052 1582 3313 1647 ἀληθείας.
3370 1586 3487 1640 Ἔτι
3555 1587 3820 1660 βεϐαιῶν
3880 1591 3955 1642 ὅτι

2312 1675 2336 1724 ὁ
2389 1678 2573 1744 Λόγος,
2611 1672 2744 1746 σὰρξ
2785 1677 3068 1745 γενόμενος,
3104 1671 3255 1727 οὐδὲν
3313 1675 3597 1735 ἠλαττώθη
3634 1680 3799 1750 παρὰ
3830 1686 3949 1730 τοῦ·

2312 1783 2387 1825 το,
2418 1762 2551 1833 λέγει
2590 1764 2669 1814 ὅτι
2695 1761 2906 1836 Πλήρης
2957 1759 3017 1821 ἦν
3048 1764 3310 1838 χάριστος
3342 1766 3478 1825 θείας
3520 1771 3621 1818 καὶ
3659 1764 3942 1827 ἀληθείας·

3112 1854 3590 1926 θαυματουργίαις,

2618 1853 2707 1922 μὲν
2776 1849 2823 1903 ἕν
2900 1859 3012 1912 ταῖς
3112 1854 3590 1922 θαυματουργίαις,
3691 1854 3948 1916 ἀληθείας

2315 1938 2373 1993 δὲ
2419 1941 2469 1992 ἐν
2523 1946 2638 2001 ταῖς
2678 1936 3070 2001 διδασκαλίαις.
3146 1947 3246 1994 Καὶ
3298 1944 3525 2018 χάριτος
3587 1946 3713 2016 μὲν,
3772 1943 3823 1996 ἐν
3876 1953 3945 2014 τῷ

2312 2032 2480 2082 πάντα
2550 2028 2833 2093 δύνασθαι,
2904 2027 3149 2091 ἀληθείας
3198 2027 3276 2097 δε,
3336 2030 3386 2083 ἐν
3428 2040 3500 2102 τῷ
3550 2030 3739 2105 μηδὲν
3803 2036 3939 2105 ἔχειν

2314 2123 2620 2191 φαντασίας.

2385 2208 2622 2269 Ἰωάννης
2657 2210 3010 2280 -κέκραγεν,
3066 2208 3130 2262 Εἰ
3177 2213 3265 2261 καὶ
3310 2214 3383 2281 μὴ
3414 2208 3533 2281 ἐγὼ,
3582 2216 3747 2283 φησί,
3799 2208 3933 2264 δοκῶ

2312 2316 2448 2348 τισιν
2479 2300 2605 2357 ἴσως
2636 2294 2962 2363 ἀξιόπιστος,
2998 2296 3125 2348 ἀλλὰ
3157 2301 3256 2371 πρὸ
3298 2297 3423 2369 ἐμοῦ
3454 2300 3479 2350 ὁ
3516 2299 3780 2362 Ἰωάννης
3809 2320 3933 2374 μαρ-

2311 2393 2455 2459 τυρεῖ
2480 2389 2597 2459 περὶ
2628 2394 2722 2444 τῆς
2764 2387 3004 2445 θεότητος
3049 2387 3160 2456 (39)
3216 2386 3395 2441 αὐτοῦ.
3437 2389 3702 2450 Ἰωάννης
3724 2392 3924 2451 ἓκεῐνος,

2313 2475 2372 2527 οὗ
2390 2478 2447 2526 τὸ
2480 2478 2639 2546 ὄνομα
2667 2478 2800 2545 μέγα
2824 2478 2914 2525 καὶ
2945 2473 3253 2549 περιϐόητον
3296 2478 3441 2548 παρὰ
3468 2482 3615 2528 πᾶσι
3670 2485 3781 2537 τοῖς
3808 2477 3925 2530 Ἰου-

2315 2560 2504 2625 δαίοις.
2542 2567 2642 2616 Καὶ
2683 2564 2790 2634 οὐχ
2830 2562 2998 2623 ἁπλῶς
3018 2571 3290 2638 μαρτυρεῖ,
3350 2562 3479 2616 ἀλλὰ
3531 2569 3634 2618 καὶ
3658 2571 3913 2638 κέκραγεν,

2312 2657 2472 2723 ἤγουν
2506 2650 2610 2725 βοᾷ
2628 2653 2759 2723 μετὰ
2779 2650 3093 2726 παρρησίας,
3136 2655 3384 2725 κηρύττει
3430 2656 3570 2726 μετὰ
3623 2653 3916 2729 ἐλευθερίας,

2311 2747 2481 2814 χωρὶς
2511 2744 2683 2801 πάσης
2722 2740 3033 2841 ὑπορ-τολῆς.
3076 2746 3139 2795 Τί
3171 2738 3231 2794 δὲ
3256 2750 3507 2817 μαρτυρεῖ
3549 2749 3651 2797 καὶ
3681 2748 3911 2817 κέκραγεν

2310 2850 2558 2887 ακουσον,

2381 2924 2557 2989 Λέγων
2586 2920 2699 2990 (40)
2733 2948 2799 2961 --
2842 2923 3065 2990 γέγονεν.
3102 2918 3223 2972 Εῖπε
3252 2922 3350 2994 γὰρ
3383 2926 3536 2973 τοῦτό
3588 2942 3647 2975 τε
3680 2928 3764 2974 καὶ
3795 2919 3905 2973 ἄλλα

2308 3016 2527 3060 τοιαῦτα
2557 3014 2671 3077 περὶ
2702 3015 2790 3060 τοῦ
2818 3016 3049 3082 Χριστόν
3079 3015 3180 3069 τοῖς
3227 3006 3530 3077 Ἰουδαίοις,
3582 3015 3685 3084 πρό
3712 3019 3792 3064 τοῦ
3818 3029 3894 3080 φα-

2308 3105 2455 3155 νῆναι
2482 3097 2634 3149 αὐτὸν
2657 3100 2724 3159 ως
2755 3101 3044 3170 προφήτης,
3079 3102 3168 3149 καὶ
3202 3098 3285 3149 ἶνα
3328 3106 3387 3171 τῇ
3416 3103 3534 3173 περὶ
3567 3101 3731 3152 αὐτοῦ
3765 3103 3879 3169 γέμῃ

2309 3187 2834 3260 προκατασχεθῶοὶν,
2865 3191 2954 3237 καὶ
2990 3185 3167 3238 λοιπόν
3214 3191 3474 3259 φανέντος,
3531 3182 3871 3264 εὐπαραίδεκτος

2310 3278 2339 3333 η
2370 3281 2485 3346 περὶ
2517 3276 2676 3327 αὐτοῦ
2702 3279 2965 3348 μαρτυρία
3001 3280 3231 3347 γένηται.
3285 3281 3385 3329 Καὶ
3410 3279 3511 3351 γὰρ
3540 3284 3642 3330 καὶ
3665 3275 3882 3334 Martiale;

2310 3364 2528 3437 ἔγραψεν
2555 3366 2634 3416 ότι
2659 3364 2823 3435 ἔλεγεν
2847 3383 2859 3395 ’
2886 3362 2946 3416 Ὀ
2976 3363 3144 3417 ὀπίσω
3183 3385 3282 3437 μου
3315 3364 3611 3439 ἐρχόμενος
3639 3366 3881 3438 ἰσχυρότε-

2307 3458 2396 3527 ρός
2424 3456 2523 3526 μού
2550 3452 2709 3518 ἐστιν,
2742 3452 2802 3504 οὗ
2831 3452 2924 3504 οὐχ
2956 3452 3058 3525 εἰμὶ
3089 3455 3258 3514 ἱκανός
3297 3457 3362 3506 τα
3389 3451 3717 3528 ὑποδήματα
3762 3449 3885 3523 βασ-

2307 3561 2487 3594 τασαμ

2374 3636 2437 3684 Τί
2464 3627 2524 3683 δέ
2548 3630 2704 3697 ἐστιν,
2737 3630 2795 3683 Ὀ
2826 3630 2997 3683 ὀπίσω
3024 3651 3124 3704 μου
3168 3630 3446 3707 ἐρχόμενος
3486 3632 3770 3708 ἔμπροσθέν
3796 3644 3882 3699 μου

2300 3724 2502 3791 γέγονεν
2535 3719 2628 3786 ;⁹Ο
2653 3722 2783 3792 μετοί
2812 3723 2996 3795 μικρὸν
3029 3719 3304 3796 ἐρχόμενος
3359 3724 3491 3796 πρός
3540 3721 3700 3793 ὑμᾶς,
3729 3719 3754 3769 ό
3776 3717 3880 3768 ὅσον

2299 3816 2439 3861 οῡπω
2468 3807 2870 3881 ἐμφανιζόμενος
2906 3810 3025 3882 ὑμῖν
3065 3811 3129 3869 ὡς
3159 3810 3450 3883 ἄνθρωπος,
3483 3808 3703 3884 ὑπερέϐη
3737 3824 3795 3878 με
3820 3809 3873 3873 τῇ

2296 3894 2424 3970 δόξῃ
2468 3903 2556 3951 καὶ
2598 3897 2981 3970 μεγαλειότητι.
3026 3899 3167 3951 Πάνυ
3219 3900 3320 3972 γὰρ
3362 3898 3532 3970 μέλλει
3570 3896 3869 3959 δοξασθῆναι

2292 3991 2381 4039 καὶ
2409 3987 2811 4060 μεγαλυνθῆναι.
2868 3987 2955 4049 Ὡς
2998 3993 3328 4060 γεγενημένον
3361 3983 3421 4041 δε
3476 3986 3589 4041 εἷπε
3622 3990 3675 4039 τό
3712 3979 3869 4056 μέλλον

2290 4080 2429 4147 νόμῳ
2463 4082 2799 4151 προφητείας.
2832 4073 2955 4129 Εἶτα
2979 4078 3165 4135 τίθησι
3189 4080 3277 4129 καὶ
3298 4082 3391 4136 τὴν
3413 4075 3590 4129 αἰτίαν
3610 4083 3699 4136 τῆς
3717 4069 3865 4124 τοιαύο

2288 4184 2381 4225 της
2407 4166 2691 4237 ὑπεροχῆς.

2356 4253 2478 4307 Ὀτι
2512 4260 2715 4331 πρῶτός
2743 4274 2844 4327 μου
2877 4250 2953 4313 ἦν.
3011 4252 3133 4307 Ὀτι
3194 4255 3559 4328 ὑπερκείμενός
3584 4272 3678 4328 μου
3722 4245 3775 4307 ἦν
3798 4246 3854 4303 ὡς

2288 4347 2418 4407 Θεὸς
2434 4387 2446 4401 .

2359 4438 2459 4486 Kal
2490 4462 2551 4475 —-
2585 4432 2849 4505 ἐλάϐομεν.
2881 4432 3051 4487 Εἰπὼν
3081 4434 3157 4486 ότι
3181 4433 3385 4509 πλήρης
3404 4436 3623 4509 χάριτος
3640 4432 3718 4484 καὶ
3738 4423 3847 4479 ἀλη-

2286 4524 2424 4583 θείας
2458 4518 2538 4588 ἧν,
2562 4527 2651 4574 καὶ
2677 4518 2853 4585 δείξας
2875 4522 3028 4574 αὐτόν
3047 4526 3222 4594 πηγὴν
3243 4526 3437 4586 παντὸς
3461 4522 3647 4595 ἀγαθοῦ
3668 4516 3837 4568 ἆένναθν

2281 4615 2370 4664 καὶ
2402 4610 2664 4676 ἀκένωτον,
2689 4616 2846 4684 φησιν
2869 4612 2949 4662 ὅτι
2981 4616 3082 4664 Kal
3108 4593 3258 4684 ἡμεῖς
3288 4614 3471 4674 πάντες
3504 4593 3552 4664 οἱ
3567 4593 3826 4682 μαθηταὶά

2280 4707 2371 4752 τοῦ
2401 4702 2634 4752 τοιούτου
2691 4699 3033 4774 πληρώματος
3097 4699 3265 4752 αὐτοῦ
3309 4698 3539 4773 ἐλάϐομεν
3591 4693 3701 4748 κατὰ
3754 4700 3823 4757 με·

2280 4795 2475 4861 τοχήν,

2354 4882 2453 4931 Καὶ
2495 4879 2655 4951 χάριν
2714 4874 2825 4929 ἀντὶ
2893 4878 3131 4951 χάριτος.
3190 4883 3296 4937 Τὴν
3362 4882 3554 4937 Καινὴν
3609 4869 3831 4951 Alaeus”

2282 4967 2397 5019 ἀντὶ
2450 4975 2541 5027 τῆς
2576 4950 2849 5028 ῨΠαλαιᾶς.
2887 4950 3004 5019 Ὀτι
3062 4962 3121 5020 δι
3158 4972 3277 5041 περὶ
3327 4970 3522 5020 τούτων
3575 4966 3713 5035 λέγει,
3758 4950 3836 5009 δῆ⁶

2279 5056 2364 5109 λον
2417 5054 2517 5108 ἀπὸ
2568 5064 2665 5108 τῶν
2727 5053 2907 5128 ἐφεξῆς
2940 5075 2952 5087 ·
2993 5060 3115 5118 τέως
3195 5053 3254 5109 δε
3333 5058 3501 5130 Χάριν
3549 5060 3637 5108 καὶ
3678 5048 3839 5130 fatim?

2270 5148 2510 5205 κάκείνην
2560 5144 2816 5218 ὠνόμαοέ⁹
2880 5140 3023 5198 διότι
3066 5147 3203 5199 κατὰ
3249 5129 3715 5221 χάρινγὰμφότεραι
3744 5129 3843 5206 (41)

1729 5504 1953 5578 Varias
1988 5505 2187 5574 lectio
2210 5528 2331 5574 nes
2373 5514 2441 5573 et
2470 5513 2674 5575 notas.

609 5707 697 5766 39)
738 5702 908 5763 Δῦτοῦ
956 5703 1127 5763 abest
1171 5709 1236 5759 Δ.

609 5708 677 5766 39
738 5708 908 5763 Δῦτοῦ
956 5708 1127 5763 abest
1171 5709 1236 5759 Δ.

583 5708 698 5854 iaci
756 5780 935 5854 ᾼέγων
970 5778 1033 5854 in
1062 5773 1725 5854 interpretationednon
1775 5772 1985 5854 habet
2008 5775 2163 5831 Hen-

516 5844 955 5923 teriiué.NeiIue
1005 5844 1314 5906 tamen'iu
1357 5844 1708 5901 Prasiatioue
1760 5845 2011 5914 monuit,
2057 5860 2162 5901 cur

2271 5699 2565 5762 omiserit.

2342 5774 2457 5849 (41)
2484 5774 2807 5850 ’Δμγότεροῃ
2846 5779 2909 5832 Δ.
