4144 6314
219 374 348 438 1125

1294 374 1666 439 COMMENT.
1710 380 1778 434 IN
1817 365 2178 445 JOANNEM.
2219 420 2286 429 —
2319 389 2481 447 CAP.
2529 393 2568 449 ι.

3452 400 3589 454 1126

223 505 484 565 ἐδόθησαν
514 512 622 566 τοῖς
649 504 890 569 λαϐοῦσι,
927 505 1279 578 χαριζομένου
1320 514 1409 556 τοῦ
1445 512 1574 557 Θεοῦ
1617 508 1813 566 τούτοις

1935 515 2251 582 utrumque
2271 515 2455 582 gratis
2483 517 2910 588 accipientibus
2936 520 3143 577 datum
3166 529 3274 589 est,
3295 525 3412 580 Deo
3440 525 3589 597 ipsis

225 595 294 649 δι’
350 597 481 648 ἔλεον
522 594 726 660 οἰκεῖον,
783 594 874 644 οὐκ
925 592 1263 665 ἀμειϐομένου
1317 598 1530 656 τούτους
1578 591 1670 645 διὰ
1705 594 1816 662 (42)

221 685 584 757 προλαϐοῦσας
607 683 787 758 ἀρετὰς
820 683 1007 734 αὐτῶν.

290 774 488 847 Ὠσπερ
564 769 621 824 δὲ
685 768 915 829 διαθήκη
971 778 1056 824 xui
1115 769 1346 830 διαθήκη
1418 773 1670 842 λέγονται,
1730 777 1818 822 καὶ

221 869 371 935 νόμος
402 869 490 914 καὶ
539 869 708 932 νόμος,
763 867 851 912 καὶ
905 861 1065 912 πολλά
1123 870 1340 912 τοιαῦτα
1394 861 1621 933 ὀνόματα
1673 863 1820 912 κοινά

221 955 437 1024 ἔχουσιν
465 972 476 982 ·
539 953 672 1003 οὕτω
707 955 792 1001 καὶ
842 952 1007 1023 χάρις
1051 951 1164 1022 (3.3)
1197 956 1286 1002 καὶ
1332 953 1497 1024 χάρις
1540 950 1815 1021 ὀνομάζον-

220 1061 327 1095 ται.

289 1129 600 1201 Ὀμωνύμως
680 1125 738 1180 δὲ
799 1130 986 1196 πάντα,
1059 1133 1146 1179 και
1214 1128 1271 1179 ού
1339 1130 1668 1198 συνωνύμως.
1743 1129 1819 1178 Tu

221 1217 413 1279 ἐκείνης
454 1222 540 1290 μὲν
571 1221 670 1291 γὰρ
702 1222 1059 1289 στοιχείωσις,
1094 1219 1159 1268 τὰ
1197 1220 1390 1278 ταύτης
1423 1213 1481 1268 δὲ
1520 1217 1776 1275 τελείωσις
1801 1235 1812 1248 ·

219 1307 433 1360 κάκεῖνα
479 1311 568 1379 μεν
613 1313 766 1359 παισὶ
815 1312 1166 1379 προσήκοντα,
1223 1314 1388 1358 ταῦτα
1419 1302 1477 1359 δε
1537 1302 1813 1378 ἀνδράσιν.

288 1599 355 1645 ’Ἡ
413 1595 580 1644 ἐκεῖνα
627 1594 715 1663 μὲν
764 1589 1013 1663 ἀνδράσι,
1056 1600 1221 1644 ταῦτα
1269 1589 1326 1644 δὲ
1378 1592 1636 1664 ἀγγέλοις.
1690 1591 1818 1645 Εἶτα

221 1678 443 1734 δεικνύει
471 1685 529 1733 τὸ
571 1677 818 1752 διάφορον
864 1681 1030 1732 αὐτῶν
1079 1680 1180 1732 ἀπὸ
1227 1690 1326 1733 τῶν
1360 1678 1816 1753 ὃιακονησαμένων

222 1770 414 1831 αὐτοῖς.

1934 599 2169 668 propria
2200 617 2308 656 sua
2341 603 2747 661 misericordia
2776 610 3164 679 gratificante,
3195 629 3310 667 non
3345 615 3422 668 ob
3450 632 3592 685 pras—

1932 687 2207 742 cedentes
2261 689 2495 745 illorum
2539 695 2781 749 virtutes
2813 698 3193 768 rependente.

2002 775 2520 838 Quemadmodum
2541 788 2739 837 autem
2763 785 3042 841 dicuntur
3070 787 3163 843 lex
3191 795 3246 845 et
3270 789 3384 860 lex,
3411 798 3590 848 testa-

1933 870 2203 919 mentum
2237 882 2305 922 ac
2356 874 2793 937 testamentum,
2839 874 3135 947 multaque
3195 879 3310 934 alia
3342 881 3589 937 nomina
3678 876 3680 879 ’

1931 951 2153 1007 habent
2203 960 2550 1014 communia
2593 975 2604 1014 :

1932 1045 2339 1100 nominantur.

1999 1131 2132 1186 Haec
2165 1140 2364 1190 autem
2397 1137 2701 1208 aequivoca
2733 1147 2887 1206 sunt,
2923 1157 3044 1197 non
3071 1160 3412 1216 synonyma
3441 1164 3451 1201 :
3489 1147 3586 1202 illa

1932 1219 2230 1291 siquidem
2262 1239 2396 1294 quae
2451 1228 2662 1281 veteris
2689 1234 2847 1293 sunt,
2899 1231 3108 1286 rudem
3139 1236 3586 1304 expressionem

1929 1307 2222 1366 duntaxat
2272 1313 2614 1382 significant
2651 1322 2705 1371 et
2758 1318 3168 1384 imitationem,
3210 1338 3346 1389 quae
3385 1331 3586 1380 autem

1930 1399 2091 1466 novi,
2122 1401 2542 1470 perfectionem
2577 1425 2587 1462 :
2620 1411 2674 1460 et
2700 1405 2801 1461 illa
2841 1424 2984 1463 sane
3035 1411 3320 1466 omnibus
3343 1413 3416 1483 (Γ)
3447 1430 3586 1469 cou-

1932 1487 2195 1555 veniunt,
2226 1489 2354 1545 hmo
2410 1498 2609 1547 autem
2643 1495 2784 1549 solis
2816 1497 2976 1550 viris.

2001 1575 2104 1632 Vel
2141 1580 2340 1649 potius
2371 1581 2469 1636 illa
2510 1582 2671 1651 viris,
2713 1584 2826 1640 ista
2851 1602 2987 1642 vero
3019 1588 3268 1658 angelis.
3302 1589 3586 1646 Differen-

1929 1667 2072 1721 tiam
2103 1678 2532 1741 consequenter
2557 1673 2824 1744 ipsorum
2857 1676 2934 1730 ab
2960 1677 3052 1732 his
3093 1679 3192 1750 qui
3221 1695 3292 1734 ea
3324 1680 3586 1735 admini-

1929 1763 2258 1812 straverunt
2284 1760 2560 1815 ostendit.

2655 961 2736 1016 ita
2775 978 3012 1034 quoque
3063 967 3254 1034 gratia
3289 974 3344 1022 et
3397 971 3588 1038 gratia

288 1858 406 1911 Ὀτι
454 1891 521 1898 -
569 1858 783 1930 ἐγένετο.
828 1859 886 1912 Ὀ
942 1863 1095 1931 νόμος
1145 1863 1256 1931 μὲν,
1317 1863 1481 1911 εἷτουν
1539 1861 1567 1917 ἡ
1621 1859 1813 1912 παλαιά

2001 1845 2160 1899 Vers.
2197 1852 2276 1900 t7.
2305 1849 2663 1918 Quia—fuit.
2696 1854 2807 1907 Lex
2828 1853 3098 1924 quidem,
3122 1855 3246 1911 sive
3273 1862 3440 1912 vetus
3484 1861 3587 1914 Te-

217 1949 452 2005 Διαθηκη
522 1945 614 2000 διὰ
665 1952 915 2017 Μοῦσέως
967 1948 1426 2020 μεσολαϐήσαντος
1486 1945 1641 2006 ἐδόθη
1711 1956 1818 2010 τοῖς

215 2034 510 2110 Ἑϐραίοις
564 2039 592 2095 ἠ
649 2040 808 2109 χάρις
879 2035 959 2106 δὲ,
1009 2041 1170 2108 ἤγουν
1239 2040 1264 2095 ὁ
1323 2042 1430 2101 νέα,
1491 2033 1584 2089 διὰ
1640 2037 1815 2092 Ἰησοῦ

217 2133 454 2198 Χριστοῦ
522 2125 736 2197 ἐγένετο,
820 2123 1031 2188 οὐδενὸς
1085 2126 1252 2198 ἐτέρου
1337 2127 1812 2199 μεσολαϐήσαντος.

217 2221 317 2268 Καὶ
365 2223 596 2276 Μωυσῆς
671 2220 761 2287 μὲν
811 2212 992 2275 δοῦλος
1043 2213 1126 2278 ἦν,
1183 2221 1272 2268 καὶ
1342 2219 1462 2290 ὅπερ
1539 2216 1712 2268 ἔλαϐεν
1761 2216 1815 2268 ἐκ

210 2308 365 2369 Θεοῦ,
417 2312 567 2356 τοῦτο
615 2301 812 2356 ἔδωκε·
863 2309 1091 2378 Χριστός
1148 2301 1204 2355 δε
1250 2312 1513 2366 Δεσπότης
1577 2302 1658 2371 ἦν,
1726 2312 1815 2358 xui.

205 2393 378 2454 αὐτὸς
411 2395 620 2450 ἐποίησε
659 2398 750 2450 τὴν
780 2398 893 2445 νέαν
945 2396 1013 2453 ὡς
1064 2397 1211 2454 Θεὸς.
1258 2401 1420 2445 Ὀσον
1465 2391 1550 2445 οὖν
1603 2399 1661 2446 τὸ
1690 2391 1813 2446 διά-

206 2502 371 2557 φορον
442 2487 698 2544 Μυῦσέως
769 2488 857 2534 καὶ
917 2489 1170 2555 Χριστοῦ,
1248 2491 1494 2534 τοσοῦτον
1553 2485 1656 2556 ἄρα
1725 2490 1814 2536 καὶ

211 2576 432 2625 τούτων.
486 2571 625 2624 "Avo:
677 2574 766 2643 μὲν
831 2568 916 2622 οὖν
978 2574 1140 2644 Χάριν
1194 2576 1283 2623 καὶ
1330 2576 1491 2644 χάριν
1562 2570 1669 2624 εἶπε
1722 2569 1816 2624 διὰ

210 2666 303 2719 τὴν
362 2662 466 2713 ἐκεῖ
533 2661 782 2734 ῥηθεῖσαν
847 2660 1048 2712 αἰτίαν·
1111 2660 1332 2712 ἐνταῦθα
1391 2657 1448 2712 δε
1515 2665 1674 2732 μόνην
1723 2667 1813 2719 τὴν

213 2754 324 2803 νέαν
405 2753 666 2808 Διαθηκην
727 2748 935 2802 ἐκάλεσε
1010 2751 1195 2824 Χάριν,
1261 2752 1330 2810 ὡς
1384 2749 1570 2820 μᾶλλον
1629 2753 1810 2824 χάριν.

215 2846 363 2897 Μόνη
420 2843 519 2912 γὰρ
585 2839 716 2896 αὕτη
767 2840 1051 2910 χαρίζεται
1112 2839 1292 2909 ἄφεσιν
1355 2838 1640 2912 αμαρτιῶν,
1691 2837 1814 2889 ἀνα-

219 2933 482 2997 γέννησιν,
538 2930 818 2992 υἱοθεσίαν,
874 2927 1146 3000 βασιλείαν
1195 2927 1440 2998 οὐρανῶν,
1482 2934 1572 2978 καὶ
1621 2927 1811 2998 ἀγαθά,

221 3015 254 3066 ἀ
285 3015 544 3088 ὀφθαλμός
593 3016 687 3067 οῦκ
736 3013 862 3080 εἶδε,
921 3021 1010 3067 καὶ
1062 3012 1152 3078 οὖς
1191 3016 1284 3067 οῦκ
1332 3021 1545 3083 ἤκουσε,
1587 3022 1677 3068 καὶ
1733 3017 1814 3068 ἐπὶ

221 3102 444 3178 καρδίαν
476 3104 745 3176 ἀνθρώπου
776 3105 870 3156 οῦκ
890 3103 1064 3162 ἀνέϐη.

1926 1940 2285 1990 stamentum
2321 1953 2424 2006 per
2470 1939 2691 1994 Mosem
2735 1943 3116 1999 mediator-em
3151 1945 3413 2000 Hebraeis
3439 1947 3585 2003 data

1925 2030 2032 2088 est,
2049 2025 2240 2094 gratia
2254 2042 2394 2081 vero
2412 2029 2535 2082 sive
2554 2045 2778 2084 novum
2793 2034 3236 2088 Testamentum
3260 2051 3363 2104 per
3378 2036 3583 2092 Jesum

1923 2113 2220 2169 Christum
2247 2115 2412 2171 nullo
2444 2117 2629 2173 altero
2658 2121 2978 2176 mediante.
3016 2125 3080 2177 Et
3113 2124 3305 2178 Moses
3331 2125 3579 2195 quidem

1925 2219 2127 2258 servus
2149 2211 2291 2268 erat,
2315 2207 2598 2279 quodque
2621 2224 2656 2263 a
2679 2212 2797 2264 Deo
2811 2211 3057 2282 accepit,
3084 2211 3197 2266 hoc
3213 2212 3580 2269 dedit:Chri-

1925 2298 2050 2347 stus
2094 2299 2292 2349 autem
2345 2297 2630 2351 Dominus
2679 2305 2821 2359 erat,
2864 2307 2920 2354 et
2953 2301 3078 2371 ipse
3109 2308 3394 2372 tanquam
3425 2303 3581 2358 Deus

1925 2397 2147 2437 novum
2166 2384 2428 2439 condidit
2458 2388 2920 2442 Testamentum.
2972 2391 3273 2454 Quantum
3292 2398 3380 2445 est
3405 2392 3582 2460 igitur

1925 2472 2098 2525 Mosis
2128 2487 2163 2526 a
2189 2473 2416 2527 Christo
2448 2473 2792 2544 discrimen,
2820 2482 3049 2532 tantum
3083 2493 3226 2532 sane
3251 2485 3307 2533 et
3347 2480 3576 2534 horum.

1925 2560 2204 2630 Superius
2221 2568 2397 2625 certe,
2432 2563 2694 2618 Gratiam
2724 2569 2776 2619 et
2799 2565 3058 2634 gratiam
3077 2566 3224 2621 dixit
3241 2568 3319 2622 ob
3334 2585 3579 2624 causam

1923 2649 2144 2703 ibidem
2174 2650 2395 2704 dictam
2429 2667 2441 2715 ;
2470 2652 2562 2705 hic
2589 2659 2789 2708 autem
2814 2670 3038 2709 novum
3061 2655 3350 2712 duntaxat
3375 2658 3581 2713 Testa-

1927 2747 2190 2796 mentum
2215 2741 2470 2797 Gratiam
2490 2742 2840 2810 nominavit,
2870 2751 3068 2817 utpote
3092 2747 3284 2801 verius
3303 2749 3579 2818 gratiam.

1925 2833 2070 2885 Nam
2116 2831 2312 2886 solum
2370 2831 2572 2903 ipsum
2603 2840 2984 2904 peccatorum
3041 2836 3342 2892 condonat
3373 2839 3584 2893 remis-

1926 2921 2176 2986 sionem,
2194 2923 2722 2992 regenerationem,
2747 2924 3163 2996 adoptionem;
3194 2943 3446 2996 regnum
3468 2945 3584 2983 coe-

1923 3009 2119 3065 lorum
2164 3010 2366 3066 tribuit
2391 3028 2461 3067 ac
2489 3013 2652 3068 bona
2681 3029 2818 3084 quae
2859 3015 3066 3070 oculus
3109 3032 3229 3070 non
3268 3016 3438 3082 vidit,
3471 3033 3581 3073 nec

1923 3100 2083 3154 auris
2115 3100 2358 3165 audivit,
2390 3117 2498 3156 nec
2525 3102 2584 3157 in
2597 3118 2698 3157 cor
2718 3103 2981 3158 hominis
3003 3105 3403 3162 ascenderunt
3425 3109 3468 3160 ⁴.

291 3195 460 3248 Εἰπὼν
519 3190 576 3245 δὲ
624 3194 704 3244 ὅτι
759 3193 817 3245 Ἠ
870 3195 1049 3266 χάρις,
1112 3195 1453 3267 προσέθηκεν,
1519 3197 1595 3246 ὅτι
1652 3196 1809 3252 Καὶὴ

1996 3189 2102 3244 Ubi
2133 3205 2272 3245 vero
2303 3189 2549 3245 dixisset
2577 3191 2810 3255 Gratia,
2841 3193 3089 3259 addidit,
3113 3195 3192 3248 Et
3221 3195 3459 3264 veritas,
3493 3197 3579 3250 in-

222 3280 469 3341 ἀλὴθεια·
528 3285 584 3333 τό
661 3277 886 3352 ἀψευδὲς
960 3281 1088 3353 αὐτῇ
1155 3291 1588 3356 προσμαρτυρῶν,
1662 3287 1691 3340 ἣ
1756 3286 1812 3334 τό

219 3372 425 3427 τέλειον.
486 3372 684 3428 Ἑκείνη
740 3373 829 3441 μὲν
887 3373 983 3443 γὰρ
1041 3373 1070 3428 ἡ
1127 3372 1290 3444 χάρις
1356 3370 1569 3432 ἀτελής·
1627 3371 1685 3422 '0
1734 3375 1814 3422 νό-

220 3480 310 3530 uo;
383 3465 484 3535 γὰρ
557 3455 707 3512 οὐδὲν
783 3458 1060 3525 ἐτελείωσε,
1135 3464 1290 3530 φησιν
1366 3462 1390 3511 ό
1462 3460 1810 3520 Ἀπόστολοςο

222 3551 353 3607 αῦτη
397 3547 454 3602 δε
484 3549 668 3612 τελεία,
729 3551 793 3608 ὡς
846 3547 1173 3609 τελειοποιός.
1224 3547 1382 3600 Ὅσον
1440 3545 1526 3599 οὖν
1579 3553 1813 3620 μείζονος

222 3640 440 3710 χάριτος
554 3637 867 3708 ἠξιώθημεν,
977 3644 1222 3689 τοσοῦτον
1319 3641 1532 3708 μείζονα
1630 3637 1813 3711 ἀρετὴν

225 3723 501 3797 ὀφείλομεν,
550 3727 632 3776 ἵνα
656 3730 750 3797 μὴ,
781 3725 1000 3787 ἀναξίως
1025 3733 1118 3786 τῆς
1168 3725 1487 3786 τηλικαύτης
1518 3727 1815 3800 εὐεργεσίας

554 3637 867 3708 ἠξιώθημεν,
977 3644 1222 3689 τοσοῦτον
1319 3641 1532 3708 μείζονα

221 3814 664 3887 πολιτευσάμενοι,
707 3814 852 3876 ἀξίαν
884 3823 978 3876 τῆς
1007 3814 1326 3876 τηλικαύτης
1353 3815 1615 3888 ῥᾳθυμίας
1660 3812 1814 3874 δίκην

220 3903 486 3976 ύφέξομεν.

293 3998 420 4047 Θεὸν
487 4024 550 4033 ——
618 3992 932 4063 ἐξηγήσατο.
1006 3992 1091 4043 Ἐκ
1161 3997 1314 4054 ποίας
1384 3991 1689 4054 ἀκολουθίας
1749 3993 1815 4053 εἰς

218 4092 370 4135 τοῦτο
431 4080 578 4140 ἦλθεν
661 4084 683 4132 ό
749 4080 1137 4151 εὐαγγέλια-της,
1205 4086 1460 4154 πρὸσχες.
1527 4083 1702 4144 Δείξας
1758 4089 1813 4134 τὸ

221 4169 468 4244 διάφορον
522 4179 613 4222 τοῦ
663 4177 822 4242 νόμου
856 4190 907 4221 τε
947 4176 1035 4220 καὶ
1085 4180 1175 4232 τῆς
1221 4175 1461 4245 χάριτος,
1512 4171 1690 4242 ἐπάγει
1727 4176 1816 4224 καὶ

220 4261 391 4312 αἰτίαν
457 4260 657 4329 εὔλογον
716 4267 810 4318 τῆς
881 4256 1154 4332 διαφορᾶς,
1214 4265 1292 4312 ὅτι
1336 4265 1422 4311 τόν
1497 4265 1588 4332 μὲν
1662 4266 1814 4332 νόμον

221 4357 448 4408 Μωυσῆς
501 4347 758 4419 ἐκόμισεν,
801 4350 1064 4422 ἄνθρωπος
1121 4355 1190 4420 μὴ
1249 4349 1484 4420 ἑωρακὼς
1525 4354 1609 4400 τὸν
1652 4355 1810 4402 Θεόν·

1923 3277 2226 3333 fallibilem
2258 3278 2452 3350 ipsam
2484 3296 2610 3335 esse
2658 3267 2944 3337 attestans
2980 3298 3049 3337 ac
3087 3284 3402 3353 perfectam
3438 3303 3450 3338 :
3479 3285 3580 3340 illa

1923 3367 2220 3439 siquidem
2252 3369 2443 3438 gratia
2472 3374 2595 3425 erat
2645 3369 3010 3441 imperfecta,
3052 3373 3169 3426 Lex
3195 3372 3366 3427 enim.
3400 3380 3465 3427 ut
3495 3373 3580 3428 ait

1922 3457 2260 3528 Apostolus,
2277 3459 2431 3514 nihil
2444 3459 2523 3514 ad
2529 3459 2854 3529 perfectum
2869 3460 3124 3516 adduxit
3140 3462 3186 3496 1⁵
3204 3461 3363 3526 ;haec
3375 3467 3578 3517 autem

1925 3547 2201 3617 perfecta,
2219 3552 2414 3618 utpote
2427 3548 2674 3618 perfecte
2687 3550 3014 3618 operans.Q
3025 3557 3349 3620 uantoergo
3363 3551 3579 3620 majori

1923 3636 2114 3706 gratia
2130 3636 2290 3706 digni
2313 3635 2493 3692 habiti
2511 3653 2740 3703 sumus,
2764 3643 2927 3692 tanto
2941 3638 3015 3693 ad
3032 3638 3325 3710 majorem
3351 3639 3581 3710 obliga-

1927 3741 2060 3780 mur
2088 3727 2360 3781 virtutem
2388 3731 2634 3782 netanto
2646 3726 2936 3782 beneﬁcio
2959 3726 3201 3797 indigne
3215 3743 3576 3786 conversan-

1925 3820 2031 3881 tes,
2047 3814 2299 3884 dignum
2332 3821 2493 3870 tanta
2514 3816 2755 3885 ignavia
2768 3815 3128 3887 supplicium
3145 3817 3575 3874 sustineamus.

1996 3992 2160 4046 Vers.
2196 3993 2284 4048 18.
2316 3993 2494 4050 Deum
2528 4025 2592 4033 —
2622 3994 2947 4050 enarravit.
2991 3995 3120 4058 Qua
3149 3996 3579 4067 consequentia

1923 4082 2148 4136 venerit
2201 4083 2279 4137 ad
2321 4083 2436 4138 hoc
2487 4083 2866 4153 evangelista,
2942 4083 3203 4139 adverte.
3254 4087 3580 4156 Postquam

1925 4169 2319 4227 differentiam
2383 4173 2811 4228 demonstravit
2852 4173 3001 4242 legis
3033 4178 3090 4227 et
3129 4174 3352 4242 gratias,
3392 4175 3576 4229 ratio-

1924 4259 2186 4315 nabilem
2221 4261 2398 4317 etiam
2437 4261 2778 4316 differentias
2807 4278 3060 4318 causam
3086 4262 3254 4317 addit
3285 4278 3298 4316 :
3324 4262 3485 4334 quod
3507 4261 3582 4318 le-

1925 4363 2061 4418 gem
2099 4349 2346 4420 quidem
2383 4351 2574 4406 attulit
2613 4351 2821 4416 Moses,
2875 4351 3056 4406 homo
3087 4351 3186 4422 qui
3237 4353 3426 4407 Deum
3457 4367 3582 4407 non

224 4443 324 4490 Kui.
397 4440 497 4508 γὰρ
576 4441 702 4488 Θεὸν
771 4433 940 4496 ούδεις
1011 4438 1202 4509 ἑώρακε
1270 4444 1501 4489 τώποτε·
1562 4443 1651 4489 καὶ
1724 4435 1813 4490 διὰ

1934 4437 2070 4492 vidit
2110 4440 2330 4496 :Deum
2398 4441 2552 4496 enim
2592 4456 2749 4496 nemo
2800 4441 2945 4495 vidit
2985 4456 3262 4511 unquam,
3325 4440 3584 4511 ideoque

218 4531 371 4578 τοῦτό
421 4525 558 4577 ἐστιν
617 4524 833 4577 ἐλάττων
906 4527 930 4576 6
983 4532 1150 4593 νόμος,
1227 4530 1293 4588 ως
1347 4530 1487 4596 παρά
1542 4525 1812 4599 ἀνθρώπου

218 4616 520 4686 κομισθείς
549 4620 638 4672 τὴν
689 4611 746 4666 δε
777 4618 960 4687 χάριν,
1016 4619 1132 4672 ἦτοι
1171 4619 1228 4667 τὸ
1273 4615 1602 4685 Εύαγγέλιον,
1660 4618 1684 4666 ό
1713 4636 1812 4687 μο-

217 4709 422 4775 νογενὴς
475 4707 611 4769 Υἱὸς,
668 4707 692 4756 ό
764 4701 1155 4776 ἐνδιαιτώμενος
1197 4713 1266 4774 τῷ
1338 4704 1509 4775 κόλπῳ
1565 4712 1656 4756 τοῦ
1713 4712 1814 4757 llu-

216 4797 353 4863 τρός,
379 4800 467 4846 καὶ
489 4793 565 4845 ἀεὶ
591 4796 719 4866 όρὼν
746 4796 832 4845 τὸν
861 4797 1009 4859 Θεὸν,
1035 4796 1097 4854 ὡς
1121 4797 1267 4859 Θεὸς,
1292 4793 1477 4854 ἐκεῖνος
1499 4793 1811 4864 ἐξηγήσατο,

220 4882 510 4948 συνέταξεν,
544 4878 757 4944 ἐδίδαξε
782 4901 792 4913 ·
828 4887 916 4934 καὶ
949 4879 1042 4934 διὰ
1070 4890 1222 4934 τοῦτο
1248 4882 1435 4953 μείζων
1468 4884 1496 4940 ἡ
1530 4885 1713 4956 χάρις,
1747 4886 1814 4946 ὡς

214 4972 361 5041 παρά
419 4978 550 5022 Θεου
612 4978 876 5042 γεγονυῖα,
944 4979 1034 5022 τοῦ
1078 4972 1298 5045 ὁρῶντος
1357 4974 1442 5023 τόν
1503 4975 1651 5037 Θεὸν,
1727 4977 1815 5025 καὶ

215 5063 563 5128 ’γινώσκοντος
592 5063 658 5112 τὰ
681 5068 772 5111 τοῦ
805 5066 960 5116 Θεοῦ.

289 5147 445 5202 Ἀλλά
516 5155 623 5210 πῶς
674 5145 806 5201 εἶπεν
863 5150 944 5202 ὅτι
1017 5152 1144 5204 Θεὸν
1212 5145 1381 5212 οὐδεὶς
1442 5149 1636 5228 ἑώρακε
1709 5157 1814 5204 πώ-

289 5327 338 5364 ¹⁴
367 5327 540 5384 ICor.
575 5342 635 5393 ιι,
676 5327 730 5382 9.
811 5327 856 5363 ¹⁵
898 5325 1080 5394 Hebr,
1109 5344 1214 5399 vn,
1256 5329 1341 5385 t9.

1922 4526 2019 4582 lex
2055 4527 2294 4584 inferior
2323 4534 2429 4594 est,
2459 4535 2654 4600 utpote
2680 4529 2758 4583 ab
2786 4529 3030 4585 homine
3069 4530 3288 4585 delata.
3323 4529 3584 4584 Gratiam

1924 4633 2062 4672 vero
2084 4617 2204 4672 sive
2230 4619 2618 4687 Evangelium
2650 4618 2989 4688 unigenitus
3017 4618 3210 4673 Filius
3248 4618 3352 4689 qui
3385 4634 3582 4674 versa-

1927 4711 2018 4763 tur
2038 4707 2100 4761 in
2131 4707 2268 4762 sinu
2301 4707 2508 4772 Patris,
2545 4723 2902 4779 semperque
2937 4707 3123 4763 Deum
3149 4707 3329 4772 videt,
3363 4722 3582 4778 nempe

1925 4796 2081 4850 Deus
2094 4796 2238 4867 ipse,
2254 4797 2407 4851 illud
2417 4796 2746 4860 enarravit,
2771 4796 3070 4852 ordinavit
3088 4812 3158 4852 ac
3175 4797 3403 4861 docuit;
3420 4796 3586 4852 ideo-

1925 4900 2042 4956 que
2066 4886 2257 4956 potior
2288 4891 2375 4940 est
2395 4885 2584 4954 gratia
2614 4885 2838 4957 quippe
2860 4903 2890 4939 a
2910 4887 3028 4941 Deo
3054 4885 3230 4952 facta,
3255 4886 3360 4958 qui
3396 4888 3582 4942 Deum

1926 4977 2205 5044 intuetur,
2235 4980 2292 5030 et
2320 4991 2390 5030 ea
2427 4990 2559 5047 quas
2604 4975 2706 5030 Dei
2737 4981 2876 5030 sunt
2895 4974 3225 5045 cognoscit.

1999 5151 2114 5207 Sed
2143 5149 2448 5223 quomodo
2479 5150 2625 5206 dixit
2655 5168 2667 5205 :
2701 5151 2869 5208 Deum
2895 5167 3065 5209 nemo
3090 5151 3240 5208 vidit
3265 5167 3529 5224 unquam
3553 5154 3584 5211 ἵ

1439 5453 1662 5526 Variae
1683 5455 2012 5524 lectiones
2037 5461 2102 5522 et
2138 5464 2344 5523 noue.

291 5645 403 5721 (42)
442 5652 544 5711 Τὰς
571 5649 893 5724 interponit
913 5656 976 5705 Δ.

1991 5652 2104 5725 (43)
2136 5651 2286 5706 Οὕτω
2306 5657 2396 5706 καὶ
2422 5654 2582 5727 χάριν
2604 5651 2954 5729 ὀνομάζονται
2975 5660 3042 5713 Α.

284 5823 357 5904 (Γ)
389 5831 687 5888 Omnibus.
720 5831 1085 5890 Permutavit
1117 5847 1260 5906 ergo
1292 5839 1423 5886 πᾶσι
1456 5848 1595 5890 cum
1633 5838 1810 5889 παισί.

1934 5831 1994 5890 iis
2024 5848 2149 5891 non
2179 5839 2270 5892 est
2299 5833 2361 5892 in
2393 5831 2619 5892 Graeco.
