4144 6314
638 327 769 379 1127

1955 311 2277 371 EUTHYMI
2287 312 2304 366 Ι
2345 309 2678 370 ZIGABENI

3909 325 4027 381 1128

636 450 786 505 Nam
811 452 868 503 et
893 447 1074 503 Isaias
1117 447 1303 501 Deum
1341 434 1486 500 vidit
1532 441 1837 500 sedentem
1867 457 2048 514 super
2081 441 2285 496 solium

2410 457 2564 506 mare;
2621 448 2715 496 Καὶ
2761 447 2862 518 γὰρ
2892 443 3106 507 Ἡσαΐας
3159 449 3248 519 μὶν
3306 443 3412 500 εἶδε
3459 453 3540 502 τὸν
3611 453 3827 525 Κύριον
3880 456 4025 510 καθή-

636 538 932 593 excelsum
961 545 1020 591 et
1049 535 1345 590 elevatum
1379 535 1426 569 ¹⁶
1471 549 1483 598 ;
1521 533 1781 588 Ezechiel
1813 537 2013 588 autem
2039 529 2188 586 vidit
2215 531 2298 602 ip-

637 644 769 682 sum
799 625 1103 682 sedentem
1123 640 1301 694 super
1321 623 1643 678 Cherubim
1668 623 1712 658 ¹⁷
1743 640 1755 688 ;
1782 621 1986 677 Daniel
2016 626 2299 692 praeterea

635 716 837 787 ipsum
861 715 1007 770 vidit
1038 714 1345 768 sedentem
1388 714 1706 784 Antiquum
1750 711 1981 766 dierum
2017 711 2083 774 ",
2116 715 2172 763 et
2201 707 2297 762 alii

635 820 874 878 quoque
906 804 1103 876 ipsum
1164 802 1448 856 viderunt.
1482 801 1596 856 Sed
1629 801 1682 856 id
1715 816 1836 856 non
1868 799 2042 854 veluti
2091 813 2298 853 secun-

633 893 778 948 dum
809 901 1087 948 naturam
1124 897 1267 955 erat,
1313 891 1417 944 sed
1452 891 1602 944 sicut
1636 891 1804 960 juxta
1844 887 2295 943 similitudinem

633 983 980 1055 apparebat.
1013 983 1163 1036 Nam
1193 981 1238 1034 si
1267 981 1460 1051 ipsum
1482 980 1652 1050 juxta
1685 995 1856 1034 suam
1891 983 2174 1033 naturam
2213 977 2296 1030 vi-

635 1073 881 1136 dissent,
918 1085 1294 1141 nequaquam
1351 1071 1524 1125 variis
1571 1068 1766 1124 modis
1799 1068 2077 1122 vidissent
2109 1089 2121 1120 :
2158 1066 2295 1120 sim-

634 1161 771 1232 plex
803 1161 963 1215 enim
1022 1163 1079 1214 et
1121 1159 1246 1212 sine
1277 1157 1468 1227 figura
1506 1162 1611 1221 est,
1667 1162 1721 1213 et
1751 1172 1944 1229 neque
1972 1155 2157 1219 sedet,
2191 1171 2293 1210 ne-

635 1267 751 1322 que
775 1255 889 1305 stat
911 1265 1103 1320 neque
1132 1247 1400 1302 ambulat
1430 1264 1441 1300 :
1476 1262 1615 1301 nam
1640 1246 1768 1301 haec
1791 1261 2106 1318 corporum
2134 1248 2292 1298 sunt.

635 1339 801 1394 Unde
823 1345 875 1393 et
901 1339 1041 1393 dicit
1068 1338 1224 1407 :Ego
1248 1337 1494 1392 visiones
1525 1335 1934 1404 multiplicavi,
1956 1332 2090 1390 etin
2110 1348 2294 1388 manu

630 1429 1050 1498 prophetarum
1100 1427 1454 1482 assimilatas
1480 1442 1603 1481 sum
1636 1426 1704 1492 η,
1739 1424 1996 1478 visiones
2029 1423 2292 1478 diversas

635 1533 706 1572 ac
732 1517 1177 1572 similitudinem
1243 1515 1613 1585 significans.

705 1607 1049 1661 Nominatnr
1078 1611 1272 1660 autem
1320 1605 1663 1674 unigenitus
1695 1603 1892 1667 Filius,
1921 1602 2087 1674 quod
2127 1599 2288 1655 solus

633 1693 788 1748 Patri
820 1700 993 1749 natus
1021 1693 1113 1763 sit,
1160 1693 1404 1766 soloque
1451 1694 1618 1748 Patre
1649 1691 1900 1762 genitus.
1939 1692 2110 1745 Pater
2138 1705 2285 1761 quo-

628 1798 748 1854 que
772 1783 959 1838 solum
1001 1789 1088 1837 est
1122 1783 1304 1846 Pater,
1349 1799 1466 1836 non
1501 1783 1676 1836 etiam
1731 1780 1887 1836 ﬁlius
1920 1779 2195 1848 alicujus,
2225 1781 2291 1831 ut

630 1871 728 1928 alii
756 1877 894 1926 sunt
922 1877 1114 1941 patres
1150 1871 1359 1928 :Filius
1385 1873 1563 1926 etiam
1599 1873 1791 1925 solum
1826 1875 1998 1924 natus
2030 1872 2136 1933 est,
2172 1883 2288 1921 non

631 1966 793 2030 pater
833 1961 1007 2014 etiam
1043 1960 1316 2031 alicujus,
1351 1967 1413 2014 ut
1446 1960 1643 2030 plures
1676 1963 1874 2014 essent
1901 1958 2019 2012 ﬁlii.
2053 1957 2134 2010 Ad
2162 1956 2292 2010 haec

628 2052 772 2120 quia
792 2050 964 2104 unico
991 2065 1059 2104 ac
1090 2051 1330 2120 proprio
1365 2049 1545 2102 modo
1574 2054 1741 2102 natus
1764 2053 1870 2114 est,
1897 2047 2122 2119 quinec
2151 2045 2289 2110 dici,

631 2155 740 2192 nec
773 2139 1016 2206 cogitari
1074 2143 1285 2208 potest,
1329 2153 1449 2192 non
1499 2153 1816 2208 corporum
1852 2152 2035 2190 more.
2075 2135 2293 2190 Dicitur

629 2233 830 2283 autem
857 2226 1054 2290 Filius,
1085 2225 1249 2299 quod
1271 2226 1540 2296 ejusdem
1572 2227 1796 2280 sitcum
1827 2225 2001 2282 Patre
2017 2225 2291 2279 substan-

630 2317 725 2372 tiae
762 2333 773 2371 :
811 2331 919 2371 nec
980 2315 1174 2370 solum
1210 2316 1339 2380 hoc,
1386 2314 1491 2368 sed
1549 2314 1693 2386 quia
1739 2314 1918 2369 etiam
1959 2313 2036 2370 ab
2068 2329 2138 2368 eo
2178 2319 2286 2369 est.

631 2407 836 2462 Sinum
865 2421 1004 2460 vero
1061 2405 1208 2460 dixit
1249 2405 1452 2470 Patris,
1522 2421 1642 2459 non
1687 2403 1850 2476 quod
1895 2406 2048 2458 Deus
2089 2403 2286 2458 sinum

625 2496 866 2559 habeat,
883 2511 1021 2550 nam
1049 2496 1214 2549 sinus
1232 2510 1552 2564 corporum
1577 2498 1700 2559 est;
1727 2493 1832 2548 sed
1858 2509 1961 2564 per
1984 2493 2096 2547 hoc
2123 2491 2289 2564 quod

626 2585 786 2650 dicit,
829 2585 938 2650 Qui
968 2591 1044 2641 est
1076 2585 1135 2640 in
1168 2587 1296 2640 sinu
1342 2586 1560 2648 Patris,
1618 2584 1927 2656 proprium
1959 2582 2287 2639 etconsub-

627 2675 873 2731 tantiale
904 2674 1026 2729 Filii
1067 2673 1432 2746 significavit.

699 2850 894 2905 Potest
906 2865 1146 2922 quoque
1159 2856 1212 2906 et
1225 2850 1344 2905 alio
1361 2850 1541 2905 modo
1555 2850 1690 2914 dici,
1707 2849 1873 2921 quod
1888 2850 2099 2920 prioris
2115 2848 2279 2918 dicti,

632 2939 919 3002 videlicet,
938 2941 1114 2994 Deum
1134 2955 1296 2995 nemo
1321 2940 1464 2994 vidit
1494 2955 1774 3010 unquam,
1801 2939 2177 2994 conﬁrmatio
2194 2944 2284 2995 est

2408 550 2554 602 μενον
2581 531 2663 584 ἐπὶ
2711 535 2892 605 θρόνου
2949 535 3154 605 ὑψηλοῦ
3207 543 3298 590 καὶ
3352 540 3694 612 ἐπηρμένουο
3768 539 4024 602 Ἰεζαιὲὶ-

2409 617 2467 672 δὲ
2511 618 2643 674 εἶδεν
2700 623 2855 674 αὐτόν
2911 627 3198 697 καθήμενον
3277 626 3360 680 ἐπὶ
3423 637 3520 680 τῶν
3583 628 4022 703 Χερουϐὶμ·καὶ

2407 710 2590 767 Δανιὴλ
2647 708 2705 763 δε
2750 708 2882 764 εἶδεν
2939 714 3089 766 αὐτόν
3147 718 3428 788 καθήμενον
3484 717 3735 770 Παλαιὸν
3797 721 4016 792 ἡμερῶν·

2406 804 2494 850 καὶ
2548 799 2692 851 ἄλλοι
2759 798 2818 852 δὲ
2885 811 3063 854 τοῦτον
3117 803 3399 878 ἐωροὲκασὶ.
3455 811 3598 864 Πλὴν
3656 807 3778 878 οὐχ
3857 813 3924 869 ὡς
3973 807 4016 865 ξ’

2405 890 2539 938 κατὰ
2596 892 2768 960 φύσιν,
2835 891 2940 942 ἀλλ’
2999 894 3066 954 ὡς
3123 892 3349 965 ἐφαίνετο
3407 895 3522 948 καθ’
3606 897 3905 967 ὁμοίωσιν.
3972 901 4014 950 Ei

2404 978 2504 1048 γὰρ
2538 977 2696 1035 αὐτὴν
2751 981 2918 1051 ἐώρων
2945 985 3038 1038 τὴν
3071 981 3230 1034 αὑτοῦ
3261 987 3434 1054 φύσιν,
3493 984 3591 1036 οὐκ
3657 984 3726 1035 ἃν
3773 982 4011 1058 διαφόρως

2405 1065 2566 1124 αὐτὴν
2623 1070 2826 1142 ἐώρων·
2893 1069 3027 1128 ἁπλῆ
3082 1074 3183 1145 ’γὰρ
3250 1077 3328 1132 τίς
3383 1072 3496 1124 ἐστι
3544 1079 3650 1125 καὶ
3717 1072 4002 1148 ἀσχηματί-

2405 1173 2546 1222 στος,
2578 1162 2668 1208 καὶ
2707 1161 2819 1209 οὔτε
2849 1160 3095 1227 κάθηται,
3137 1164 3254 1213 οὔτε
3284 1162 3521 1228 ἔστήκεν,
3555 1167 3693 1215 οὔτε
3738 1173 4005 1236 περιπατεῖ.

2401 1251 2579 1296 Ταῦτα
2607 1248 2707 1318 γὰρ
2735 1251 2822 1297 καὶ
2866 1249 2931 1298 τὰ
2963 1255 3181 1301 τοιαῦτα
3209 1258 3308 1301 τῶν
3342 1253 3605 1323 σωμάτων
3641 1252 3780 1306 εἰσί.
3835 1257 3921 1306 Διό
3944 1274 4005 1303 καί

2401 1333 2602 1404 ἔλεγεν·
2679 1334 2809 1405 Ἐγὼ
2885 1337 3090 1408 ὁράσεις
3181 1337 3461 1405 ἐπλήθυνα,

2403 1432 2677 1494 προφητῶν
2709 1426 3012 1494 ὡμοιώθην·
3063 1429 3152 1489 τὰς
3194 1424 3479 1503 διαφόρους
3521 1431 3757 1505 ὁράσεις
3803 1437 3892 1482 καὶ
3937 1435 4006 1486 τὴν

3544 1346 3648 1392 καὶ
3743 1341 3795 1393 ἓν
3879 1361 4006 1412 χερσί

2405 1516 2650 1584 ὁμοίωσιν
2684 1511 2873 1571 δηλῶν.

2475 1607 2763 1673 Μονογενὴς
2795 1608 2885 1675 μὲν
2942 1601 3029 1656 οὖν
3087 1607 3112 1656 ό
3159 1609 3277 1668 Υἱός
3328 1607 3678 1680 ὀνομάζεται,
3742 1611 3828 1661 ὅτι
3873 1614 4004 1679 μόνος

2401 1699 2638 1760 γεννᾶται
2693 1702 2764 1762 τῷ
2816 1699 3002 1766 Πατρὶ,
3051 1700 3140 1746 καὶ
3172 1697 3251 1747 ὃτι
3298 1695 3352 1747 ἐκ
3400 1702 3559 1768 μόνου
3620 1705 3876 1768 γεννᾶται
3919 1705 4000 1749 Πα-

2400 1786 2537 1852 τρός.
2591 1781 2648 1832 ’0
2703 1784 2801 1856 γὰρ
2871 1789 3040 1856 πατὴρ
3102 1785 3262 1836 αὑτοῦ
3302 1791 3454 1857 μόνον
3513 1785 3638 1839 ἐστὶ
3701 1792 3904 1861 Πατὴρ,
3957 1786 4000 1836 οὐ

2401 1874 2504 1941 μὴν
2560 1876 2649 1922 καὶ
2704 1873 2816 1932 υἱός
2871 1891 3025 1934 τινος,
3073 1876 3142 1933 ὡς
3185 1876 3234 1925 0i
3276 1874 3420 1926 ἄλλοι
3469 1880 3736 1950 πατέρες⁶
3796 1882 3884 1927 καὶ
3931 1878 3994 1926 ὁτι

2401 1963 2553 2028 μόνον
2609 1967 2845 2030 γεννᾶται
2891 1963 3023 2028 Υἱός,
3084 1963 3142 2013 οὗ
3195 1968 3298 2034 μὴν
3346 1969 3435 2016 καὶ
3489 1969 3670 2038 πατήρ
3730 1983 3886 2026 τινος,
3943 1966 3996 2024 ὡς

2403 2050 2450 2099 οἱ
2479 2047 2623 2099 ἄλλοι
2667 2051 2808 2101 υἱοί·
2871 2055 2961 2102 καὶ
3018 2053 3098 2102 ὃτι
3148 2057 3474 2124 μονοτρόπως
3516 2061 3794 2124 γεννᾶται,
3854 2057 3989 2122 ἤγουν

2405 2133 2734 2209 ἰδιοτρόπως,
2787 2143 2876 2190 καὶ
2924 2140 3050 2213 ὑπερ
3111 2142 3305 2191 ἔννοιαν
3375 2147 3464 2192 καὶ
3523 2141 3710 2213 λόγον,
3763 2146 3851 2192 καὶ
3904 2141 3988 2211 οὐχ

2402 2229 2470 2287 ὡς
2521 2229 2586 2278 τὰ
2644 2234 2880 2299 σώματα.
2960 2230 3077 2290 Υἱός
3136 2226 3196 2281 δε
3241 2229 3461 2300 λέγεται,
3513 2233 3597 2283 ὅτι
3667 2235 3855 2283 ταυτόν
3893 2229 3982 2281 ἐστι

2401 2323 2472 2384 τῷ
2534 2322 2699 2387 Πατρὶ
2765 2319 2876 2368 κατ’
2925 2318 3130 2382 οὐσίαν,
3164 2323 3250 2369 καὶ
3311 2319 3404 2370 οὐκ
3449 2318 3616 2373 ἐκεῖνο
3671 2325 3844 2392 μόνον,
3897 2317 3982 2368 ἀλλ’

2401 2406 2481 2456 ὅτι
2517 2403 2770 2459 κάκεῖθεν.
2825 2407 3021 2458 Κόλπον
3081 2408 3140 2460 δὲ
3169 2416 3262 2460 τοῦ
3310 2413 3512 2481 Πατρός
3571 2408 3737 2477 εἶπεν,
3787 2409 3882 2480 οὐχ
3925 2410 3976 2465 ὡς

2399 2502 2488 2544 τοῦ
2513 2502 2644 2546 Θεοῦ
2673 2494 2860 2546 κόλπον
2883 2498 3127 2567 ἔχοντος·
3171 2506 3270 2548 τῶν
3300 2501 3558 2570 σωμάτων
3591 2503 3698 2572 γὰρ
3730 2501 3755 2550 ό
3785 2497 3973 2554 κόλπος·

2399 2581 2527 2633 ἀλλὰ
2557 2579 2650 2634 διὰ
2670 2591 2760 2635 τοῦ
2783 2584 2958 2650 εἰπεῖν,
2987 2584 3045 2638 Ὀ
3071 2587 3137 2636 ὧν
3164 2586 3236 2647 εἰς
3275 2590 3362 2638 τόν
3401 2587 3600 2640 κόλπον
3650 2596 3742 2640 τοῦ
3779 2588 3965 2657 Πατρός,

2399 2691 2455 2723 το
2493 2677 2708 2742 γνήσιον
2760 2681 2848 2724 τοῦ
2902 2676 3026 2726 Υιοῦ
3077 2680 3166 2727 καὶ
3213 2677 3490 2747 όμοούσιον
3552 2682 3650 2730 καὶ
3704 2676 3963 2748 ἀχώριστον

2399 2760 2666 2832 ἐσήμανεν.

2469 2857 2620 2903 Ἐστι
2669 2847 2728 2902 δὲ
2778 2857 2866 2904 καὶ
2914 2852 3093 2925 ἑτέρως
3151 2853 3329 2918 εἰπεῖν,
3395 2856 3474 2907 ὅτι
3521 2864 3626 2909 τοῦ
3680 2856 3829 2928 ῥητοῦ
3869 2849 3952 2922 (44)

2397 2948 2486 2992 του
2531 2939 2758 3010 λέγοντος
2812 2943 2892 2992 ὅτι
2945 2946 3076 2995 Θεὸν
3127 2939 3297 3003 οὐδεὶς
3348 2943 3546 3018 ἑώρακε
3607 2951 3816 3006 πώποτε,
3862 2939 3946 2990 ἑπι-

627 3027 687 3082 id
719 3028 882 3099 quod
915 3028 1199 3100 sequitur,
1241 3029 1587 3098 Unigenitus
1610 3027 1796 3082 Filius
1826 3028 1930 3098 qui
1954 3031 2035 3084 est
2064 3030 2126 3083 in
2151 3031 2283 3084 sinu

2402 3027 2673 3090 ϐεϐαἱωσὶς
2721 3028 2832 3081 ἐστι
2923 3034 2982 3082 τό
3030 3032 3195 3105 ἕτερον
3275 3033 3434 3107 ῥητόν
3518 3039 3589 3086 τὸ
3663 3037 3835 3106 φάσκον
3883 3029 3939 3078 ὁτι

626 3116 825 3172 Patris
879 3117 1004 3185 ipse
1049 3117 1377 3182 enarravit,
1425 3118 1538 3172 hoc
1578 3121 1684 3182 est,
1728 3117 1862 3188 Ipse
1892 3117 2092 3171 docuit
2118 3117 2280 3189 quod

627 3207 812 3262 Deum
838 3221 1002 3262 nemo
1037 3206 1184 3260 vidit
1216 3221 1478 3276 unquam
1513 3205 1660 3261 Nam
1694 3206 1767 3260 de
1796 3205 1910 3261 hoc
1938 3205 2111 3261 variis
2139 3205 2283 3261 locis

627 3295 889 3350 Christus
912 3293 1141 3350 locutus
1180 3300 1286 3359 est,
1321 3295 1469 3350 sicut
1496 3296 1553 3349 in
1587 3295 1972 3367 sequentibus
2005 3294 2282 3350 manifes-

626 3389 750 3438 tum
767 3386 893 3439 erit.
916 3383 1087 3440 Nulla
1110 3385 1302 3454 itaque
1334 3391 1603 3440 creatura
1619 3385 1802 3439 Deum
1825 3384 2133 3452 videt,non
2156 3401 2280 3439 ma-

624 3473 849 3528 teiialis
908 3479 1157 3539 tantum,
1212 3473 1313 3528 sed
1363 3479 1420 3528 et
1450 3473 1861 3530 immaterialis
1922 3491 1934 3528 :
1983 3473 2281 3546 siquidem

625 3562 768 3634 ipsis
794 3579 1036 3634 quoque
1085 3562 1574 3618 immaterialibus
1614 3563 1929 3618 virtutibus
1970 3561 2279 3618 invisibilis

626 3658 712 3707 est
739 3652 888 3706 Deus
915 3652 974 3706 in
1025 3668 1134 3708 sua
1167 3658 1402 3720 natura,
1435 3653 1567 3708 licet
1601 3658 1774 3724 prout
1805 3653 1915 3708 sibi
1942 3652 2283 3708 conceditur

626 3739 816 3796 Deum
854 3741 1107 3797 videant.

698 3831 858 3885 Vers.
895 3831 980 3886 19.
1042 3831 1119 3886 Ει
1151 3863 1218 3872 -
1245 3831 1512 3891 Joannis.
1565 3835 1697 3897 Hoc,
1740 3832 2010 3905 inquam,
2055 3832 2128 3887 de
2159 3848 2281 3904 quo

625 3936 784 3976 nunc
817 3921 874 3975 in
920 3935 1239 3991 progressu
1269 3922 1533 3976 dicturus
1568 3927 1674 3978 est.

697 4011 860 4064 Vers.
911 4011 978 4065 t9
1043 4010 1286 4073 Quando
1317 4041 1383 4050 —-
1404 4026 1460 4066 es
1485 4011 1513 4064 ‘?
1545 4011 1969 4066 Testimonium
2013 4010 2281 4065 videlicet

624 4099 832 4153 datum
855 4098 1100 4169 quando
1117 4098 1630 4164 miseruntJudaei,
1653 4104 1950 4155 etcastera.
1974 4099 2278 4170 Siquidem

623 4186 933 4258 pontiﬁces
959 4193 1016 4241 et
1071 4186 1408 4241 sacerdotes
1439 4186 1668 4258 populi,
1703 4203 1839 4242 cum
1893 4189 2048 4243 circa
2071 4187 2280 4242 Christi

626 4279 862 4345 partum
883 4274 1243 4329 admiranda
1267 4275 1570 4330 audissent
1597 4293 1610 4341 ;
1637 4281 1879 4348 sumpto
1903 4281 2186 4347 praeterea
2205 4277 2279 4331 de

2393 3116 2450 3168 Ὀ
2507 3124 2784 3189 μονογενὴς
2868 3121 3003 3185 Υἱὸς,
3085 3122 3109 3171 ὁ
3175 3122 3243 3172 ὡν
3321 3121 3388 3182 εἰς
3467 3125 3561 3174 τὸν
3651 3123 3810 3174 κόλπον
3867 3119 3929 3163 τοῦ

2722 3205 2908 3270 ἑκεῖνος
3007 3207 3320 3279 ἐξηγήσατο,
3429 3217 3707 3266 τουτέστιν
3787 3206 3920 3256 ἐκεῖνος

2393 3293 2630 3357 ἐδίδαξεν
2709 3298 2785 3348 ὅτι
2855 3300 2982 3349 Θεὸν
3052 3295 3226 3360 οὐδεὶς
3300 3299 3493 3372 ἑῶρακε
3582 3307 3786 3354 πώποτε.
3839 3292 3931 3361 Περὶ

2397 3209 2618 3279 Πατρός,

2393 3388 2577 3436 τούτου
2621 3388 2717 3457 γὰρ
2765 3382 3023 3459 διαφόρως
3092 3388 3116 3438 ό
3168 3392 3399 3461 Χριστὸς
3447 3385 3613 3456 εἶπεν,
3659 3393 3724 3448 ὡς
3775 3377 3934 3457 προϐαί-

2392 3479 2558 3535 νοντες
2614 3475 2917 3546 εὑρήσομεν.
2971 3473 3157 3536 Οὐδεὶς
3205 3473 3264 3528 δὲ
3312 3482 3536 3541 κτιστός,
3595 3478 3653 3531 οὗ
3698 3482 3829 3548 μόνον
3859 3466 3938 3518 ‘37-!-

2392 3567 2499 3625 κός,
2548 3561 2655 3614 ἀλλ’
2698 3559 2821 3615 οὐδὲ
2864 3563 3054 3627 ἄυλος·
3114 3569 3200 3616 καὶ
3255 3565 3437 3627 αὐταῖς
3488 3570 3598 3641 γὰρ
3653 3571 3755 3624 ταῖς
3797 3558 3935 3613 avlai;

2393 3649 2677 3724 δυνάμεσιν
2732 3650 2946 3726 ἀόρατός
3009 3652 3118 3705 ἔστι
3185 3657 3320 3707 κατὰ
3376 3658 3550 3726 φύσιν,
3620 3657 3837 3730 ὁρώσαις,
3891 3646 3938 3700 ὡς

2393 3741 2592 3813 ἕρικτόν
2624 3741 2823 3801 αὐταῖς.

2466 3836 2564 3883 Καὶ
2621 3862 2690 3870 -
2745 3833 3007 3886 Ἰωάννου.
3079 3833 3244 3897 Αὕτη,
3296 3838 3412 3908 περὶ
3481 3834 3547 3896 ἧς
3614 3833 3758 3886 εἰπεῖν
3801 3822 3933 3899 iam

2390 3926 2602 3995 προῖὼν.

2459 4009 2582 4062 Ὀτε
2626 4041 2692 4050 -
2741 4009 2814 4080 εἶ;
2869 4010 2927 4063 ’Π
2993 4015 3235 4083 γενομένη
3302 4008 3570 4080 δηλονότι,
3623 4013 3699 4065 ὅτε
3738 4005 3930 4058 ἀπέστει-

2388 4099 2478 4151 λαν
2509 4101 2558 4151 οἱ
2589 4098 2858 4169 Ἰουδαῖοι,
2919 4106 3008 4153 καὶ
3053 4104 3118 4153 τὰ
3148 4100 3284 4164 ἑξῆς.
3333 4103 3398 4155 Οἱ
3440 4106 3543 4175 γὰρ
3595 4101 3825 4175 ἀρχιερεῖς
3857 4091 3924 4140 καὶ

2391 4189 2438 4241 οἰ
2499 4189 2839 4262 πρεσϐύτεροι
2905 4198 2996 4242 τοῦ
3052 4190 3199 4259 λαοῦ,
3271 4193 3639 4264 πυνθανόμενοι
3699 4188 3784 4264 μὴ

2390 4282 2454 4330 τὰ
2501 4281 2635 4331 κατὰ
2662 4283 2808 4330 τόκον
2852 4287 2941 4331 τοῦ
3001 4287 3236 4353 Χριστοῦ
3290 4277 3589 4356 παράδοξα,
3643 4275 3843 4330 λαϐόντες
3873 4260 3920 4314 δέ

626 4365 918 4436 sapientia
940 4380 1008 4419 ac
1047 4363 1364 4436 prudentia
1397 4364 1548 4419 illius
1579 4366 2006 4436 experimento,
2035 4367 2278 4438 quando

2402 4373 2477 4420 ιαὶ
2529 4375 2705 4443 πεῖραν
2754 4375 2848 4429 τῆς
2881 4373 3132 4430 συνέσεως
3163 4369 3342 4434 αὐτοῦ,
3403 4372 3486 4422 ὅτε
3541 4352 3912 4443 δωδεκαέτης

623 4454 941 4509 duodecim
966 4469 1262 4508 annorum
1293 4453 1483 4508 factus
1501 4455 1795 4508 immistus
1817 4456 2274 4521 estdoctoribus,

623 4542 1014 4599 audiensillos
1030 4548 1085 4597 et
1108 4541 1502 4612 interrogans,
1540 4542 1712 4598 veluti
1746 4545 1978 4616 scripsit
2007 4545 2274 4610 Lucas”,

624 4631 1145 4703 obstupescebant,
1167 4632 1511 4704 invidiaque
1535 4633 1744 4702 agitari
1775 4640 2098 4704 cmpernnt.
2131 4636 2273 4688 Cum

623 4727 820 4778 autem
873 4728 928 4778 et
969 4724 1258 4776 Joannem
1295 4726 1500 4792 postea
1554 4722 1738 4777 multa
1783 4739 1850 4776 ac
1884 4723 2176 4776 mirabilia
2203 4724 2276 4777 de

622 4811 754 4884 ipso
773 4809 849 4865 ad.
872 4828 1046 4866 suum
1068 4810 1366 4881 baptisma
1387 4811 1807 4865 accedentibus
1834 4811 2051 4865 dixisse
2075 4811 2275 4866 audis-

625 4907 774 4966 sent,
819 4900 1230 4956 intellexerunt
1258 4901 1413 4954 enim
1440 4901 1600 4971 quod
1627 4899 1765 4955 talia
1794 4900 1867 4955 de
1908 4900 2007 4956 illo
2038 4900 2272 4966 diceret,

625 4990 817 5061 magis
844 4990 1056 5045 turbati
1079 4994 1216 5044 sunt
1239 5006 1252 5044 :
1277 4989 1599 5061 missisque
1627 4990 1706 5045 ab
1725 4990 2149 5062 Hierosolymis
2181 5008 2274 5048 sa-

625 5078 960 5136 cerdotibus
1017 5095 1086 5134 ac
1130 5079 1320 5134 levitis
1367 5079 1486 5134 sive
1542 5079 1824 5134 ministris
1874 5079 2276 5151 interrogave-

3872 4438 3882 4453 ν

2393 4456 2629 4528 συνέμιξε
2657 4463 2760 4516 τοῖς
2803 4452 3168 4525 διδασκάλοις,
3219 4457 3416 4510 ἀκούων
3446 4465 3539 4511 καὶ
3578 4457 3796 4529 ἐπερωτῶν
3830 4452 3908 4492 αν·

2388 4550 2524 4609 τοὺς,
2558 4550 2621 4605 ὡς
2649 4548 2672 4596 ό
2707 4552 2907 4605 Λουκᾶς
2949 4549 3244 4620 ἱστόρησεν,
3280 4546 3626 4620 ἐθορυϐοῦντο,
3653 4543 3723 4591 καὶ
3759 4532 3900 4602 φθονον

3626 4632 3692 4680 τὸν
3749 4616 3891 4670 Ἷωέν

2387 4632 2589 4687 ὠδίνειν
2651 4639 2911 4708 ἤρχοντο·
2986 4638 3290 4707 θεασάμενοι
3370 4634 3429 4689 δὲ
3505 4632 3692 4686 καὶτὸν
3749 4632 3859 4751 Ὶωῗ

2387 4744 2474 4751 _._._,
2542 4726 2754 4751 3.-----“
2825 4725 2985 4751 _-‘.‘.:-
3051 4731 3135 4751 --.Α
3213 4727 3410 4751 __-_,_:‘.__
3483 4729 3583 4751 ---ι
3642 4713 3768 4751 imi-m3
3843 4715 3859 4749 ε

3722 4714 3768 4760 οὗ
3821 4714 3884 4751 λε-

2385 4744 2474 4781 νην
2542 4726 2754 4799 ὕστερον
2825 4725 2986 4777 πολλὰ
3051 4731 3139 4777 καὶ
3209 4727 3411 4797 μεγάλα
3483 4729 3586 4795 περὶ
3642 4713 3717 4767 αὖτ

2385 4833 2542 4884 γοντα
2607 4818 2735 4886 πρὸς
2813 4818 2932 4875 τοὺς
3001 4815 3316 4890 ἐρχομένους
3390 4815 3473 4868 ἐπὶ
3550 4816 3602 4865 τὸ
3657 4803 3894 4879 βάπτισμαι

2389 4911 2614 4961 συνῆκαν
2688 4905 2788 4978 γὰρ
2852 4906 2931 4955 ὃτι
2998 4910 3113 4977 περὶ
3171 4905 3366 4957 ἐκείνου
3411 4907 3478 4956 τὰ
3549 4905 3732 4956 τοιαῦτα
3774 4885 3900 4952 in“:

2385 4993 2572 5066 μᾶλλον
2642 4974 3068 5066 ἐταράχθησανλ
3103 5000 3192 5046 καὶ
3253 4992 3646 5051 ἀποστείλαντες
3691 4981 3735 5045 ἒξ
3791 4974 3909 5076 ’ῙξΡΨ

2387 5082 2620 5155 σολύμων
2697 5085 2844 5157 ἱερεῖς
2901 5089 2992 5136 καὶ
3046 5083 3265 5150 λευῖταςς
3317 5087 3431 5143 ἤτοι
3490 5079 3757 5137 διακόνους,
3817 5076 3912 5114 m'

699 5284 744 5322 1°
781 5283 893 5338 Isa.
929 5300 1002 5349 vr,
1045 5284 1095 5338 1.
1176 5285 1221 5320 ¹⁷
1250 5283 1448 5341 Ezech.
1479 5301 1535 5350 x,
1571 5285 1652 5339 18.
1735 5286 1781 5321 ¹³
1813 5288 1957 5342 Dan.
2006 5302 2098 5355 vn,
2129 5291 2181 5343 9.
2262 5290 2279 5324 ¹

2404 5303 2498 5345 see
2528 5305 2587 5356 κ,
2616 5291 2702 5347 10.
2783 5292 2829 5326 ιο
2861 5290 3000 5348 Luc.
3044 5306 3101 5358 ιι,
3135 5292 3227 5346 46.

1841 5500 2064 5571 Variae
2104 5501 2427 5572 lectiones
2469 5512 2533 5570 et
2563 5513 2766 5572 notae.

701 5742 812 5824 (44)
838 5743 1055 5819 Τούτου,
1095 5764 1204 5822 pro
1232 5751 1320 5800 τοῦ
1353 5745 1420 5803 Α.

2406 5745 2518 5823 (45)
2562 5752 2661 5802 Καὶ
2694 5747 3016 5822 interponit
3041 5749 3110 5808 Α.
