4144 6314
103 332 254 387 H29

1187 329 1558 387 COMMENT.
1609 325 1679 385 ΙΝ
1716 324 2059 388 JOANNEM.
2099 366 2167 375 —-
2206 334 2367 394 CAP.
2417 337 2465 393 Ι.

3380 335 3514 392 H30

111 463 302 532 ρῶτων
358 454 550 520 αὐτόν,
610 457 676 506 Σὺ
732 458 808 515 τίς
863 450 944 521 εἷς
974 453 1079 525 οὐχ
1127 457 1195 515 ὡς
1247 453 1560 524 ἀγνοοῦντες·
1609 462 1748 509 πᾶσι

1882 464 1995 515 ἰιιιι
2019 475 2178 526 eum,
2212 461 2297 516 Tu
2317 461 2444 532 quis
2465 476 2522 518 es
2553 462 2721 518 ?non
2753 465 3046 534 tanquam
3069 461 3127 517 id
3150 461 3517 532 ignorantes,

114 549 222 620 γὰρ
282 543 433 603 ἧσοιν
481 549 719 619 γνώριμα
778 545 842 595 τά
893 562 945 595 τε
981 545 1118 595 κατά
1162 548 1255 602 τὴν
1284 549 1523 616 γέννησιν
1564 544 1744 610 αὑτοῦ,

120 636 221 686 καί
269 637 343 688 τὰ
411 635 547 685 κατά
601 637 696 691 τήν
756 638 1042 706 περιτομήν
1113 638 1201 685 καὶ
1269 633 1474 699 κλῆσιν,
1534 636 1603 694 ὡς
1659 638 1750 684 καὶ

119 725 299 795 λέγειν
359 724 617 784 ἅπαντας,
675 727 740 775 Τί
796 724 900 797 ἄρα
952 727 1010 774 τό
1075 719 1288 775 παιδίον
1339 731 1488 776 τοῦτο
1556 725 1746 789 Ern-ut;

121 812 296 866 Ἀλλά
365 814 645 874 κακοήθως
695 809 904 883 ἄγνοιαν
962 813 1346 884 ὑποκρίνονται,
1402 818 1491 865 καὶ
1555 812 1612 864 οὗ
1671 812 1747 863 λέ-

121 921 350 974 γουσιν,
418 903 498 953 ὅτι
552 905 645 961 Τίς
689 897 750 971 εἴ,
804 898 910 952 ἀλλ’
961 901 1040 952 ὅτι
1097 904 1161 952 Σὺ
1216 905 1294 962 τίς
1352 898 1433 968 εἶ;
1487 899 1751 974 ἐμφαίνον·

125 1012 238 1059 τες,
290 994 389 1056 ὡς,
444 995 503 1043 Ei
545 990 734 1062 μείζων
791 1009 884 1042 σου
940 988 1080 1042 ἐστὶν
1147 992 1172 1041 6
1224 994 1366 1066 παρά
1421 998 1514 1043 σοῦ
1562 1009 1752 1064 κηρυτ-

127 1086 376 1154 τόμενος,
409 1079 590 1132 λοιπόν
623 1083 686 1131 σὺ
719 1083 794 1140 τίς
825 1075 885 1151 εἴ,
929 1083 1054 1152 πρὸς
1092 1079 1144 1131 ὃν
1175 1082 1356 1140 πάντες
1406 1078 1754 1152 ἀνεπτερώθη-

130 1190 252 1244 μεν,
301 1174 548 1244 καὶπερὶ
601 1165 659 1221 οὖ
709 1168 937 1240 μεγάλην
986 1168 1245 1240 ὑπόληψιν
1295 1171 1520 1241 ἔσχομεν
1541 1173 1651 1236 καὶ,
1701 1167 1754 1220 ὃν

133 1257 502 1332 διαφερόντως
534 1256 888 1330 ἐσεϐάσθημεν
921 1274 934 1324 ;

214 1350 498 1421 ’ῼήθησαν
546 1350 646 1419 γάρ
704 1345 934 1408 ἀνοήτως
985 1348 1084 1413 ὅτι,
1140 1355 1232 1398 τοῦ
1282 1346 1462 1399 λοιποῦ
1517 1366 1756 1421 περιφρο-

131 1440 374 1497 νηεῆναι
413 1432 570 1499 δόξας
621 1436 754 1508 (46),
798 1434 1115 1509 ἀνθρώπινόν
1158 1455 1210 1487 τι
1262 1440 1497 1488 πείσεται
1535 1440 1625 1487 καὶ
1663 1435 1760 1486 αὐ-

131 1532 246 1593 τὸς,
301 1529 377 1587 ὡς
429 1526 718 1597 ἄνθρωπος,
770 1528 859 1576 καὶ
919 1525 1018 1576 ὑπὸ
1064 1521 1364 1596 φιλοδοξίας
1407 1523 1582 1577 ἑαυτὸν
1635 1532 1760 1599 Χρι-

137 1620 269 1670 στὸν
334 1615 452 1684 (47)
511 1613 571 1665 ἂν
631 1616 785 1680 εἴποι,
834 1619 919 1666 καὶ
967 1613 1143 1666 λοιπὸν
1198 1615 1226 1672 ἠ
1274 1619 1391 1687 περὶ
1438 1621 1528 1666 τοῦ
1584 1614 1760 1672 Ἰησοῦ

142 1705 514 1763 σϐεσθήσετοιι
570 1707 739 1775 φήμη,
795 1702 910 1755 καθ’
957 1703 1018 1764 ἧς
1067 1706 1236 1755 πάντα
1292 1702 1758 1776 ἐπραγματεύοντο.

143 1797 247 1848 Διά
287 1801 447 1846 τοῦτο
477 1795 574 1868 γὰρ
613 1797 703 1845 καὶ
747 1790 1050 1845 ἀπέστειλαν
1098 1793 1202 1866 οὐχ
1251 1792 1418 1853 ἁπλῶς
1448 1795 1610 1859 τινὰς,
1654 1791 1760 1843 ἀλλ’

145 1885 302 1960 ἱερεῖς
354 1887 445 1935 καὶ
507 1885 744 1948 Λευίτας,
774 1887 863 1934 καὶ
907 1885 1114 1942 τούτους
1162 1881 1214 1945 ἐξ
1261 1881 1647 1957 Ἱεροσολύμων,
1701 1883 1764 1942 ὡς

143 1973 574 2048 διαφορωτέρους
621 1981 721 2024 τῶν
769 1971 821 2035 ἐξ
859 1971 1065 2032 ἀπάσης
1097 1971 1272 2046 ἐτέρας
1311 1972 1498 2032 πόλεως
1549 1977 1637 2023 καὶ
1669 1991 1762 2024 πα-

138 2065 502 2139 νουργοτέρου
512 2082 551 2122 ς.

221 2251 332 2300 Καὶ
360 2276 433 2284 -
460 2244 745 2316 ἠρνήσατο.
763 2238 1104 2311 Ὠριολόγησε,
1125 2242 1217 2297 τὴν
1238 2237 1482 2296 ἀλήθειαν
1501 2235 1535 2291 δ
1539 2239 1762 2306 ηλονότι,

143 2339 216 2400 ὼς
248 2335 451 2394 ἀληθής
475 2337 566 2384 καὶ
595 2329 826 2405 στερρός.

223 2429 331 2479 Καὶ
414 2452 483 2463 -
560 2423 812 2496 Χριστός.
890 2421 960 2471 T6
1029 2418 1154 2470 αὐτό
1235 2417 1387 2507 πάλιν
1451 2417 1604 2490 λέγει,
1671 2422 1764 2477 τήν

147 2514 347 2590 ἀρετήν
402 2511 562 2563 αὐτοῦ
616 2507 860 2582 βεϐαιῶν,
913 2509 992 2560 ὅτι
1037 2506 1096 2559 οὐ
1162 2506 1456 2579 μόνονούκ
1511 2510 1668 2560 ἔπαθέ
1715 2528 1766 2560 τι

148 2600 460 2678 φιλόδοξον,
518 2595 634 2652 οὐδ’
692 2594 994 2657 ἐπεπήδησε
1044 2605 1106 2670 τῇ
1157 2593 1283 2670 δόξῃ
1336 2604 1396 2668 τῇ
1452 2604 1763 2669 Δεσποτικῇ,

149 2694 287 2746 ἀλλά
352 2694 445 2744 καὶ
517 2684 801 2761 δεδομένην
872 2689 1015 2763 παρά
1069 2695 1168 2738 τῶν
1234 2685 1430 2738 πολλῶν
1483 2686 1542 2738 οὐ
1604 2705 1766 2759 προσ-

152 2789 349 2842 ήκατο.
404 2785 504 2833 Καὶ
553 2781 650 2851 ὅρα
693 2779 922 2834 σύνεσιν.
974 2776 1084 2828 Οὐκ
1143 2772 1249 2827 εἶπε
1303 2780 1379 2835 τίς
1427 2774 1589 2845 ἐστιν,
1642 2777 1763 2849 ὅπερ

151 2874 376 2946 ὕστερον
440 2869 698 2935 ἐποίησεν,
764 2865 894 2918 ἀλλὰ
969 2869 1099 2940 πρὸς
1156 2869 1250 2924 τήν
1313 2862 1548 2917 διάνοιαν
1597 2864 1765 2916 αὐτῶν

155 2959 392 3025 ἀπιδων,
445 2958 537 3010 καί
587 2961 638 3009 τί
690 2954 970 3028 βούλονται
1021 2958 1198 3028 γνοὺς,
1250 2954 1434 3016 εὐθέως
1488 2953 1542 3006 ἐκ
1590 2974 1765 3030 προοι-

155 3056 295 3124 μίων
328 3047 535 3118 ἀνεῖλεν,
570 3048 691 3118 ὅπερ
732 3045 888 3099 εἰπεῖν
920 3045 1071 3098 αὐτόν
1115 3043 1354 3105 ἤλπιζον.
1397 3041 1519 3098 Εἶπε
1547 3047 1647 3118 γὰρ
1689 3045 1766 3097 ὅτι

159 3139 279 3191 Οὐκ
307 3137 416 3210 εἰμὶ
446 3135 542 3208 ἐγὼ
569 3137 594 3188 6
622 3139 878 3209 Χριστός.

239 3232 348 3282 Καὶ
405 3257 468 3267 —
540 3225 668 3298 εἰμί.
734 3223 1111 3296 Ἀποτυχόντες
1169 3220 1276 3282 ἤδη
1345 3231 1438 3285 τῆς
1494 3232 1763 3296 μηχανῆς,

161 3317 419 3392 ἐφ’ἓτερον
477 3319 775 3389 τρέπονται,
849 3314 1143 3366 συσκιάσαι
1195 3316 1281 3365 τόν
1342 3317 1534 3365 σκοπόν
1599 3313 1767 3365 αὐτῶν

114 3406 499 3480 ”βουλόμενοι,
562 3407 652 3456 καὶ
705 3402 938 3475 λέγουσι’
1011 3407 1074 3456 Τί
1125 3398 1261 3467 οὖν;
1325 3401 1501 3464 Ἠλίας
1560 3399 1607 3454 εἶ
1660 3407 1764 3472 ab;

160 3498 248 3549 ἵνα
310 3491 535 3556 δόξωσιν
614 3491 783 3553 ἀπλῶς
839 3497 928 3543 καὶ
1004 3490 1319 3564 ἀπεριέργως
1394 3491 1604 3563 ἐρωτᾷν.
1667 3497 1767 3544 Καὶ

160 3589 264 3658 γάρ
321 3579 656 3658 προσεδόκων
715 3581 853 3644 ἥξειν
906 3585 995 3633 καὶ
1063 3584 1150 3633 τὸν
1213 3580 1410 3633 Ἠλίαν.
1476 3585 1768 3656 Γέγραπται

161 3676 268 3744 γάρ
354 3670 401 3722 ἐν
482 3680 554 3743 τῷ
633 3676 871 3745 προφήτῃ
940 3670 1212 3741 Μαλαχίᾳ·
1283 3669 1574 3721 Ἀποστελῶ
1648 3672 1768 3741 ὑμῖν

163 3761 349 3813 Ἠλίαν
419 3763 503 3812 τὸν
576 3759 851 3828 Θεσϐίτην,
912 3759 967 3821 ὃς
1035 3762 1464 3816 ἀπόκαταστήσει
1544 3754 1768 3831 καρδίαν

161 3852 368 3924 πατρὸς
408 3853 532 3924 πρὸς
559 3852 688 3904 υἱόν.
726 3848 885 3902 Πάλιν
923 3844 1010 3900 οὖν
1050 3846 1328 3921 ἐρωτῶσιν,
1371 3848 1453 3898 ἰνα
1483 3846 1769 3898 ἀνύποπτοι

159 3944 432 4012 γένωνται.

233 4029 294 4082 Ὀ
359 4033 630 4101 προφήτης
683 4027 726 4079 εἰ
780 4029 889 4092 σύ;
929 4029 1016 4077 καὶ
1066 4024 1341 4098 ἀπεκρίθη,
1403 4029 1500 4077 Οὔ.
1562 4024 1636 4077 0'3
1693 4023 1769 4077 λέ-

157 4136 377 4188 γουσιν,
445 4119 526 4168 ὁτι
606 4120 884 4190 Προφήτης
945 4111 990 4166 εἶ
1051 4116 1164 4180 σύ;
1223 4111 1444 4187 ᾔδεισαν
1512 4117 1612 4190 γάρ
1690 4116 1768 4166 ὅτι

160 4209 441 4279 προφήτης
513 4202 670 4255 ἐστιν·
747 4201 854 4254 ἀλλ’
919 4205 1000 4254 ὅτι
1073 4203 1131 4255 Ὀ
1189 4208 1459 4279 προφήτης
1537 4201 1582 4257 εἷ
1651 4207 1764 4274 σύ;

165 4288 384 4352 δηλαδή
429 4290 615 4353 ἐκεῖνος
658 4297 774 4366 περὶ
809 4291 869 4344 οὗ
899 4291 1091 4367 ἔγραψε
1125 4300 1371 4354 Μωϋσῆς.
1402 4291 1639 4366 ’Ἔγραψε
1669 4297 1766 4368 γὰρ

165 4383 352 4442 αὐτοῖς
390 4383 471 4433 ὅτι
519 4385 796 4456 Προφήτην
840 4383 960 4452 ὑμῖν
1020 4381 1299 4442 ἀναστήσει
1351 4386 1539 4458 Κύριος
1578 4385 1603 4434 6
1644 4386 1769 4441 Θεὸς

165 4472 224 4524 ἐκ
252 4479 356 4524 τῶν
387 4467 619 4543 ἀδελφῶν
649 4471 811 4544 ὑμῶν,
839 4474 902 4532 ὡς
933 4470 1036 4545 ἐμέ.
1073 4473 1240 4525 Αὑτοῦ
1271 4471 1576 4526 ἀκούσεσθε,
1606 4472 1768 4533 Οὗτος

169 4559 229 4614 δε
259 4558 322 4620 ἦν
351 4561 375 4612 6
400 4564 646 4636 Χριστός.

1417 4651 1596 4712 αὐτοῖς
1687 4649 1771 4704 ἐπὶ

242 4647 401 4702 Εἶπον
485 4683 553 4690 —
635 4655 926 4725 προφήτης.
1014 4651 1350 4714 Ἀνεξικκὶκως

166 4745 334 4792 πᾶσιν
415 4739 732 4815 ἀποκριθεὶς,
808 4747 896 4792 νῦν
965 4740 1100 4812 λέγει
1170 4745 1259 4792 καὶ
1319 4746 1400 4801 τίς
1465 4739 1622 4793 ἐστιν·
1690 4742 1770 4793 ὅτι

244 4891 288 4926 ²¹
329 4891 480 4947 Joan
512 4909 547 4960 ι,
581 4893 647 4947 66
753 4893 800 4928 ²²
840 4890 1084 4948 Malach.
1119 4906 1179 4948 iv
1209 4891 1261 4957 4,
1289 4896 1341 4949 5.

1861 562 2002 604 nam
2034 552 2262 606 cunctis
2287 555 2429 606 nota
2453 555 2621 606 erant
2644 567 2774 624 quae
2801 553 2960 607 circa
3001 551 3361 608 nativitatem
3391 555 3520 624 ejus

1860 637 2250 708 contigerant,
2270 655 2525 711 quaeque
2555 641 2615 694 in
2636 640 2762 711 ejus
2786 639 3234 696 circumcisione
3249 656 3318 696 ac
3332 641 3521 696 nomi-

1859 726 1953 780 nis
1983 726 2385 798 impositione,
2419 728 2502 784 ita
2532 733 2595 784 ut
2625 745 2836 785 omnes
2885 729 3148 785 dicerent
3181 746 3193 783 :
3243 731 3525 797 Quisnam

1861 830 2006 885 puer
2036 817 2132 872 hic
2156 815 2265 872 erit
2293 819 2338 852 ²¹
2363 818 2392 870 Ῡ
2413 817 2519 872 sed
2538 833 2660 889 prae
2677 817 3314 889 malitiaignorantiam
3343 821 3526 874 simu-

1862 903 2011 961 lant.
2050 906 2168 960 Nec
2207 905 2433 971 dicunt,
2483 906 2624 972 Quis
2655 923 2740 972 es,
2773 907 2877 961 sed
2933 910 3016 961 Tu
3047 908 3176 979 quis
3207 923 3262 964 es
3317 906 3345 962 ‘P
3378 924 3443 962 ac
3471 907 3519 962 si

1862 993 2126 1065 qicerent
2153 1010 2168 1061 ;
2198 994 2254 1051 Si
2271 995 2463 1066 major
2489 1000 2544 1051 te
2569 1001 2848 1068 estquem
2869 1001 2929 1050 tu
2955 995 3265 1067 prasdicas,
3297 1001 3358 1052 tu
3380 1011 3522 1065 ergo

1864 1082 1999 1154 quis
2037 1083 2146 1137 es?
2175 1098 2312 1153 erga
2339 1100 2522 1155 quem
2574 1099 2942 1156 magnopere
2973 1084 3168 1140 affecti
3207 1101 3436 1151 sumus,
3469 1090 3526 1140 et

1865 1170 1939 1225 de
1969 1186 2090 1242 quo
2123 1172 2501 1241 magniﬁcam
2521 1172 2819 1228 habemus
2845 1172 3531 1245 opinionem,quemque

1866 1259 2251 1317 vehementer
2298 1261 2567 1318 colimus.

1939 1349 2331 1422 Putabant(g)
2347 1353 2505 1407 enim
2521 1351 2876 1423 insipienter,
2899 1351 3065 1424 quod
3084 1351 3291 1407 licetin
3305 1349 3532 1408 caeteris

1868 1438 2204 1509 vigilantius
2234 1441 2531 1498 excubare
2553 1441 2872 1510 videretur,
2908 1446 3172 1498 attamen
3190 1442 3531 1496 humanum

1870 1527 2164 1600 quiddam
2188 1535 2477 1602 tanquam
2495 1529 2679 1585 homo
2708 1531 2968 1596 sentiret,
3003 1546 3072 1585 ac
3099 1529 3303 1600 gloriae
3326 1544 3530 1585 amore

1871 1616 2118 1683 illectus,
2140 1618 2433 1674 Christum
2461 1635 2522 1674 se
2552 1635 2680 1674 esse
2719 1618 3126 1691 responderet,
3157 1623 3214 1674 et
3250 1619 3531 1689 deinceps

1873 1706 2063 1779 ipsius
2092 1707 2231 1762 Jesu
2258 1707 2418 1763 fama
2438 1708 2932 1778 exstingueretur,
2980 1708 3059 1764 ob
3090 1724 3276 1780 quam
3317 1722 3529 1763 omnes

1805 1816 1842 1870 Β
1874 1793 2219 1851 oriebantur
2266 1795 2614 1852 anxietates.
2649 1799 2797 1852 Nam
2850 1801 2905 1852 et
2933 1796 3046 1852 hac
3085 1796 3160 1852 de
3207 1811 3392 1852 causa
3410 1810 3534 1850 non

1875 1882 2150 1953 vulgares
2176 1885 2423 1957 quosvis
2462 1889 2772 1955 miserunt,
2798 1885 2904 1940 sed
2949 1884 3289 1942 sacerdotes
3328 1889 3383 1940 et
3433 1887 3533 1940 Le-

1874 1975 2047 2044 vitas,
2080 1974 2262 2048 idque
2291 1991 2364 2031 ex
2397 1975 2823 2047 Hierosolymis
2846 1979 3042 2048 utpote
3091 1975 3534 2048 praestantiores

1876 2067 2054 2135 atque
2108 2063 2418 2121 astutiores
2469 2065 2697 2121 cunctis
2748 2064 2850 2138 qui
2889 2081 2962 2122 ex
3007 2063 3142 2122 aliis
3187 2067 3354 2121 erant
3400 2063 3535 2120 civi-

1877 2152 2116 2210 tatibus.

1945 2242 2116 2297 Vers.
2147 2244 2238 2298 20.
2266 2243 2345 2298 Et
2364 2243 2708 2314 —negavit.
2738 2242 3059 2301 Confessus
3098 2245 3205 2310 est,
3221 2243 3536 2302 veritatem

1874 2331 2092 2387 scilicet
2122 2349 2137 2398 ;
2171 2348 2312 2388 nam
2352 2347 2532 2388 verax
2563 2337 2688 2388 erat
2723 2348 2792 2388 ac
2820 2332 3068 2389 solidus.

1947 2419 2106 2477 Vers.
2140 2425 2227 2477 20.
2259 2422 2338 2476 Et
2367 2451 2436 2462 —
2465 2421 2758 2476 Christus.
2819 2421 3107 2477 Virtutem
3164 2421 3291 2492 ejus
3329 2420 3539 2478 contir-

1876 2525 2069 2574 mans,
2119 2525 2360 2565 rursum
2391 2509 2549 2564 idem
2590 2509 2818 2580 repetit.
2869 2512 3069 2580 Neque
3121 2509 3281 2564 enim
3341 2509 3538 2564 solum

1874 2598 2218 2655 ambitionis
2247 2598 2497 2654 omnino
2532 2598 2679 2654 nihil
2704 2614 2922 2670 passus
2954 2603 3060 2663 est,
3117 2603 3221 2654 aut
3274 2598 3536 2654 Domini-

1874 2702 2007 2742 cam
2042 2703 2156 2742 non
2182 2687 2430 2758 arripuit
2454 2687 2722 2756 gloriam,
2751 2687 2859 2742 sed
2889 2703 3295 2759 neceamquas
3317 2703 3354 2742 a
3383 2687 3535 2742 mul-

1876 2777 1944 2832 tis
1973 2776 2232 2833 dabatur
2256 2777 2533 2847 respexit.
2559 2779 2625 2831 Et
2650 2777 2782 2832 vide
2805 2775 3200 2848 prudentiam.
3227 2779 3354 2832 Non
3386 2775 3540 2832 dixit

1873 2866 2010 2939 quis
2038 2871 2193 2921 esset
2219 2866 2378 2938 quod
2405 2865 2794 2938 postmodum
2824 2866 2983 2931 fecit,
3015 2865 3140 2935 sed,
3174 2865 3252 2921 ad
3275 2870 3538 2920 mentem

1877 2971 2083 3010 eorum
2108 2957 2399 3011 accedens
2428 2971 2441 3022 ;
2475 2959 2531 3011 et
2550 2954 2698 3028 quid
2718 2955 3266 3026 velintagnoscens,
3291 2960 3444 3010 recte
3477 2954 3538 3009 id

1878 3059 1914 3100 a
1966 3044 2260 3116 principio
2317 3043 2574 3109 abstulit,
2624 3043 2790 3116 quod
2828 3043 3029 3117 ipsum
3083 3043 3410 3117 sperabant
3446 3058 3537 3098 re-

1800 3174 1840 3230 Ο
1877 3149 2256 3206 sponsurum.
2301 3134 2450 3189 Dixit
2478 3134 2658 3204 enim,
2699 3135 2834 3190 Non
2864 3150 2993 3190 sum
3024 3149 3117 3204 ego
3139 3133 3436 3191 Christus.

1950 3225 2109 3279 Vers.
2166 3224 2254 3278 2i.
2295 3225 2371 3278 Et
2415 3254 2482 3262 —
2521 3239 2660 3278 sum.
2702 3224 2833 3279 Jam
2874 3229 3094 3278 conatu
3133 3220 3415 3285 frustrati,
3458 3219 3537 3275 ad

1877 3313 2040 3369 aliud
2065 3317 2498 3379 convertuntur,
2518 3313 2930 3384 intentumque
2953 3328 3130 3366 suum
3168 3309 3538 3366 obumbrare

1875 3402 2138 3458 volentes
2168 3403 2370 3457 dicunt
2392 3417 2404 3456 :
2428 3401 2576 3468 Quid
2595 3416 2748 3470 ergo,
2776 3401 2932 3456 Elius
2946 3415 3003 3456 es
3026 3400 3126 3454 tu?
3142 3404 3202 3454 ut
3221 3398 3537 3454 videantur

1877 3491 2226 3564 simpliciter
2255 3507 2325 3548 ac
2355 3492 2479 3546 sine
2519 3490 2746 3546 malitia
2771 3490 3132 3559 interrogare
3171 3504 3186 3543 :
3232 3487 3538 3559 Siquidem

1876 3580 2302 3652 exspectabant
2352 3580 2530 3636 etiam
2590 3584 2902 3634 venturum
2950 3579 3157 3634 Eliam.
3234 3577 3534 3648 Scriptum

1877 3676 1962 3726 est
1986 3671 2144 3725 enim
2166 3669 2326 3741 apud
2351 3668 2703 3724 Malachiam
2725 3667 3357 3741 prOphetaszittam
3378 3666 3538 3722 vobis

1877 3760 2076 3814 Etiam
2100 3759 2426 3826 Thesbiten,
2447 3758 2550 3831 qui
2565 3763 2858 3815 convertet
2875 3758 3182 3828 corpatris
3194 3755 3462 3826 adﬁlium
3483 3756 3530 3791 ²²

1879 3851 2134 3904 Rursum
2167 3857 2309 3918 ergo
2338 3853 2552 3919 rogant
2590 3863 2665 3903 ne
2710 3848 2965 3920 suspecti
2997 3846 3360 3903 habeantur.

1950 4028 2111 4081 Vers.
2134 4029 2216 4080 2t.
2250 4026 2328 4081 Es
2350 4030 2412 4080 tu
2433 4025 2537 4081 ille
2552 4023 2848 4094 propheta
2875 4023 2904 4080 ?
2927 4023 3000 4080 Et
3023 4021 3352 4094 respondit,
3373 4021 3535 4080 Non.

1879 4118 2004 4171 Non
2027 4116 2232 4171 dicunt
2263 4131 2276 4170 :
2302 4116 2375 4169 Es
2391 4119 2450 4170 tu
2465 4115 2757 4186 propheta
2783 4130 2954 4169 :nam
2978 4113 3242 4170 sciebant
3258 4128 3392 4170 eum
3410 4127 3540 4168 esse

1878 4203 2228 4276 prOphetam
2255 4223 2268 4270 ;
2312 4203 2437 4269 sed,
2470 4206 2538 4258 Es
2559 4208 2620 4258 tu
2642 4203 2735 4258 ille
2762 4202 3053 4275 propheta
3084 4202 3156 4257 de
3170 4218 3290 4274 quo
3309 4202 3540 4274 scripsit

1879 4297 2065 4351 Moses
2076 4293 2351 4365 ?Scripsit
2372 4285 2529 4348 enim
2545 4293 2628 4348 eis
2640 4292 2866 4348 dicens:
2879 4293 3230 4362 Prophetam
3243 4291 3540 4348 suscitabit

1880 4384 2035 4440 vobis
2068 4384 2368 4449 Dominus,
2404 4384 2598 4453 ipsum
2624 4390 2687 4438 ut
2717 4397 2806 4439 me
2835 4382 3087 4438 audietis
3115 4383 3182 4434 ³³.
3213 4381 3311 4437 Ille
3339 4387 3539 4437 autem

1883 4479 2008 4529 erat
2052 4472 2341 4532 Christus.

1955 4652 2116 4706 Vers.
2136 4649 2223 4705 22.
2251 4650 2540 4705 Dixerunt
2574 4681 2623 4689 -
2651 4649 2817 4704 Vers.
2844 4652 2928 4705 23.
2952 4647 3268 4719 propheta.
3289 4648 3433 4703 Cum
3462 4648 3539 4704 ad

1879 4741 2088 4797 omnia
2113 4738 2402 4812 patienter
2419 4737 2846 4810 respondisset,
2868 4753 3027 4793 nunc
3044 4737 3222 4793 etiam
3238 4736 3378 4792 dicit
3405 4737 3540 4810 quis

1451 4894 1496 4925 ³³
1527 4894 1692 4948 Deut.
1716 4909 1872 4959 xvnl,
1925 4894 2016 4947 15.

1379 5042 1606 5112 Variae
1632 5043 1956 5113 lectiones
1987 5052 2050 5110 et
2091 5050 2292 5110 notae.

245 5211 370 5286 (46)
393 5210 553 5276 Δόξαν
595 5217 656 5268 Α.
712 5211 896 5270 Paulo
945 5216 1082 5270 ante
1137 5211 1298 5286 haud
1344 5212 1539 5286 dubie
1569 5214 1775 5286 vitiose

167 5284 401 5341 invenit
456 5285 966 5359 Περιφρουρηθῆναι.
1015 5285 1359 5344 Hentenius.
1434 5285 1548 5342 Sed
1602 5285 1774 5343 lectio

245 5459 336 5531 (g)
364 5461 684 5527 Putabant,
707 5464 816 5516 etc.
836 5460 1065 5519 Redde:
1090 5461 1286 5519 Stulte
1299 5463 1452 5520 enim
1469 5463 1774 5520 credebant

161 5531 292 5601 jam
311 5548 443 5607 cuni
457 5533 1069 5607 contemnissepvideret
1093 5534 1280 5602 ipsum
1294 5551 1516 5607 quoque
1531 5536 1774 5607 uthomi-

173 5615 328 5668 nem,
354 5603 588 5677 aliquid
601 5603 849 5677 humani
870 5619 1208 5674 passurum,
1237 5603 1329 5671 ac',
1348 5607 1398 5662 si
1416 5603 1773 5677 semetipsum

171 5687 270 5744 per
281 5675 675 5747 arrogantiam
687 5675 963 5732 Christum
978 5678 1558 5744 renuntiasset,simul
1569 5675 1777 5734 castiu-

504 5774 747 5832 Pnnon.
789 5775 872 5833 Gn
885 5819 900 5834 .
950 5774 1197 5835 CXXIX.

1889 5228 2164 5270 meorum
2193 5209 2384 5282 codd.
2403 5209 2594 5282 proba
2623 5215 2729 5267 est.

1961 5284 2075 5357 (47)
2105 5286 2336 5358 Χριστὸν
2367 5281 2543 5355 ἀνείπη
2587 5282 2654 5337 Β.

1887 5470 2043 5521 ctum
2073 5463 2154 5518 iri
2180 5462 2253 5518 de
2277 5464 2408 5519 Jesu
2435 5462 2659 5533 famam
2686 5468 2888 5517 contra
2916 5477 3034 5531 qua
3059 5481 3091 5514 η
3118 5463 3317 5518 omnia
3349 5464 3544 5520 molie-

1888 5536 2127 5591 bantur.
2165 5534 2363 5590 Malim
2416 5549 2554 5606 ergo
2612 5533 2822 5606 legere,
2885 5536 2970 5584 τὸν
3043 5538 3268 5606 Χριστὸν
3326 5534 3542 5587 ἀνειπὼν

1883 5606 2079 5659 λοίπόν.
2141 5605 2510 5662 Constructio
2545 5605 2704 5664 enim
2754 5612 2857 5671 est,
2904 5607 2983 5658 ὅτι
3021 5605 3258 5658 mia-arm
3298 5612 3387 5658 καί
3417 5607 3544 5678 (ὅτι)

1889 5678 2262 5736 σϐεσθήσεται,

3157 5777 3224 5834 36
