4144 6314
164 315 319 371 1133
1396 307 1766 369 COMMENT.

1916 309 2268 370 JOANNEM.
2311 346 2376 356 —
2416 314 2572 371 CAP.
2616 315 2659 371 Ι.
3416 319 3552 385 1134

167 443 337 499 αυτὸς
394 436 465 496 εἰς
525 436 797 507 μετάνοιαν
860 435 1043 495 ἐπίσης
1112 443 1217 496 τοῖς
1263 436 1434 498 ἄλλοις
1503 451 1515 465 ⁸
1573 438 1785 510 ἔρχεται

1916 434 2182 491 >tismum
2208 436 2268 491 in
2287 437 2697 506 paenitentiam
2716 454 2882 494 more
2908 438 3182 495 aliorum.
3214 439 3381 496 Venit
3406 456 3549 511 ergo

167 537 267 580 νῦν
297 528 411 597 (50)
439 527 568 599 πρὸς
596 527 682 574 τὸν
719 522 977 588 Ἰωάννην,
1014 520 1196 583 διδοὺς
1217 525 1355 595 αὐτῷ
1387 522 1617 597 ἀφορμὴν
1644 520 1787 597 διορ-

1916 539 2051 578 iunc
2084 526 2160 580 ad
2187 527 2496 592 Joannem,
2552 532 2607 581 ut
2636 528 3015 583 occasionem
3063 529 3145 585 illi
3175 529 3343 586 daret
3373 531 3553 585 corri-

174 616 461 669 θώσασθαι
499 618 591 670 τὴν
650 614 894 669 τοιαύτην
955 610 1184 684 ὑποψίαν
1216 609 1309 665 διὰ
1337 617 1631 686 μαρτυρίας
1660 611 1789 664 ἐντε-

1916 613 2069 681 ςθηειὶ
2083 614 2412 685 perfectiori
2427 615 2752 672 testimonio
2764 617 2865 687 huj
2879 619 3111 674 usmodi
3123 618 3550 691 suspicionem.

172 705 448 777 λεστέρας.

261 798 359 845 Καὶ
399 824 467 831 -
516 798 671 847 Θεοῦ,
734 790 922 863 Ἀμνὸν
976 790 1129 842 αὐτὸν
1173 796 1615 865 προσηγόρευσεν,
1670 789 1788 842 ἀνα-

1966 793 2132 848 Vers.
2159 795 2247 848 29.
2278 794 2352 849 Et
2379 824 2446 834 -—
2468 795 2589 850 Dei.
2618 796 2856 865 Agnum
2882 797 3081 869 ipsum
3110 797 3447 869 appellavit,
3474 797 3551 853 ad

1896 889 2250 938 memoriam
2264 885 2346 939 eis
2363 884 2480 939 add
2492 901 2669 940 ucens
2684 886 2929 941 umbras
2953 888 3165 942 Veteris
3177 888 3551 952 Testamenti,

1897 972 2143 1027 acIsaiae
2168 974 2560 1044 prophetiam.
2581 974 2891 1046 Tanquam
2910 976 3154 1031 diceret:
3188 979 3328 1031 Ecce
3347 983 3551 1045 Agnus

1898 1060 1956 1114 in
1989 1061 2113 1133 lege
2147 1061 2454 1130 ﬁguratus,
2488 1068 2545 1118 et
2568 1064 2644 1118 ab
2685 1064 2840 1120 Isaia
2879 1065 3289 1120 annuntiatus.
3330 1065 3553 1120 Deinde

1899 1149 2240 1205 additetiarn
2269 1151 2322 1205 id
2349 1152 2513 1224 quod
2542 1154 2910 1225 praecipuum
2936 1161 3025 1208 est
3044 1153 3192 1224 ejus,
3223 1159 3366 1226 puta
3389 1152 3556 1225 quod

1902 1254 1936 1293 a
1970 1241 2085 1294 Deo
2126 1240 2346 1296 missus
2374 1242 2445 1295 sit
2500 1242 2577 1297 ad
2606 1242 3048 1298 immolandum
3080 1258 3188 1313 pro
3229 1243 3421 1298 salute
3452 1243 3557 1298 ho-

1902 1328 2153 1383 minum.

176 887 496 956 μιμνησκων
546 880 730 939 αὐτοὺς
780 889 874 940 τῆς
912 900 965 932 τε
1022 889 1111 932 τοῦ
1168 886 1326 954 νόμου
1367 888 1534 947 σκιᾶς,
1580 885 1788 939 καὶτῆς

1312 967 1449 1023 Ἰδοὺ
1490 972 1514 1020 ὁ
1577 969 1785 1041 Ἀμνὸς,

1528 1064 1617 1110 καὶ
1689 1060 1787 1110 ὑπὸ

174 970 405 1023 Ἠσαίου
462 974 795 1044 προφητείας,
860 973 944 1020 καὶ
1016 969 1173 1041 λέγων
1234 990 1246 1001 ·

180 1062 208 1112 ὁ
274 1060 321 1111 ἐν
389 1068 459 1130 τῷ
529 1065 667 1131 νόμῳ
942 1063 1441 1133 σκιαγραφούμενος,

174 1151 403 1203 Ἠσαίου
486 1148 597 1220 (52)
673 1148 1138 1221 καταῃελλομενος
1213 1165 1225 1178 ·
1309 1146 1419 1201 εἶτα
1471 1149 1791 1221 προστίθησι

175 1245 277 1292 καὶ
308 1243 364 1291 τὸ
408 1235 697 1291 ἰὸιαίτατον
746 1243 835 1289 καὶ
899 1236 1154 1311 ἐξαίρετον
1213 1237 1390 1303 αὐτοῦ,
1441 1239 1523 1289 ὅτι
1579 1239 1604 1288 ὁ
1648 1239 1791 1310 παρά

175 1335 314 1382 Θεοῦ
372 1330 619 1399 πεμφθεὶς
661 1326 734 1389 εἰς
782 1332 987 1399 σφαγὴν
1041 1329 1166 1403 ὑπὲρ
1229 1331 1494 1401 σωτηρίας
1545 1335 1643 1379 τῶν
1702 1326 1789 1377 ἀν-

177 1421 245 1491 θρ
254 1423 427 1471 ὡπων.

257 1505 325 1559 Ἥ
367 1509 391 1557 ὁ
429 1508 579 1572 θεῖος,
615 1502 707 1557 διὰ
736 1510 829 1563 τὴν
862 1503 909 1557 ἐν
938 1506 1080 1577 αὐτῷ
1122 1508 1358 1564 θεότητα.

1971 1504 2073 1561 Vel
2105 1506 2223 1575 Dei,
2254 1508 2368 1563 hoc
2420 1512 2510 1563 est
2560 1507 2820 1573 divinus,
2871 1512 3112 1581 propter
3165 1525 3339 1565 suam
3369 1509 3556 1567 divini

1901 1598 2104 1650 tatem.

1971 1685 2132 1739 Vers.
2163 1685 2258 1743 29.
2300 1686 2412 1754 Qui
2440 1718 2503 1727 —
2535 1687 2757 1744 mundi.
2792 1691 2995 1759 Agnus
3040 1688 3336 1761 siquidem
3368 1690 3467 1760 qui
3493 1690 3555 1745 in

177 1778 430 1845 θυόμενος
462 1773 718 1846 ἁμαρτίαν
750 1772 859 1834 ἐνὸς
894 1775 1068 1843 γένους
1114 1772 1300 1847 ἀφῄρει
1337 1780 1429 1825 τοῦ
1481 1772 1790 1846 Ἰσραηλιτι-

1916 1789 2028 1843 ηθςθ
2060 1776 2529 1841 sacriﬁcabatur,
2562 1777 2741 1831 unius
2765 1777 3063 1833 Israelitiei
3096 1778 3301 1848 populi
3328 1777 3554 1833 aufere-

172 1871 306 1930 κού,
349 1866 413 1923 ὡς
440 1865 601 1924 τύπος
620 1867 709 1913 καὶ
740 1882 1102 1934 προχαραγμα
1131 1868 1219 1914 καὶ
1251 1866 1376 1914 σκιά
1400 1871 1488 1922 τῆς
1508 1862 1745 1922 ἀληθείας
1772 1879 1785 1891 '

1916 1869 2001 1917 )at
2042 1871 2348 1934 peccatum
2397 1870 2686 1937 tanquam
2726 1865 2941 1936 ﬁgura,
2984 1868 3221 1936 signum
3257 1874 3313 1922 et
3343 1869 3557 1924 umbra

1899 1952 2179 2007 veritatis.
2209 1959 2413 2023 Agnus
2448 1962 2647 2009 autem
2677 1956 2773 2009 Dei
2797 1955 3161 2020 immolatus,
3186 1957 3361 2011 totius
3384 1973 3558 2012 mun-

1899 2042 1957 2094 di
1990 2042 2178 2098 aufert
2199 2051 2534 2115 peccatum,
2559 2049 2614 2098 et
2653 2050 2934 2116 tanquam
2966 2046 3207 2109 veritas,
3238 2062 3339 2101 eos
3364 2047 3468 2117 qui
3493 2047 3555 2101 in

1900 2132 2128 2186 mundo
2147 2132 2591 2204 suntpuriﬁcat.
2610 2133 2709 2188 Ille
2723 2133 3391 2205 siquidemirrationalis
3409 2140 3552 2200 erat,

1898 2219 1990 2273 hic
2030 2236 2164 2275 vero
2200 2222 2506 2277 rationalis
2539 2241 2550 2277 :
2595 2237 2707 2277 nec
2733 2222 2931 2278 solum
2954 2222 3084 2289 hoc,
3127 2239 3338 2278 verum
3371 2225 3556 2279 etiam

1898 2308 2164 2367 divinus.
2205 2310 2454 2366 Peccata
2496 2318 2693 2367 autem
2734 2327 2857 2367 non
2899 2315 3129 2366 tantum
3173 2313 3390 2368 animae
3415 2312 3558 2367 dicit

1899 2400 2238 2464 maculas,a
2265 2400 2485 2472 quibus
2504 2400 2843 2463 liberisunt,
2877 2400 3046 2471 quiej
3060 2417 3127 2454 us
3152 2406 3390 2456 servant
3410 2416 3557 2471 pra:-

1900 2495 2067 2559 eepta
2101 2510 2112 2542 :
2150 2505 2353 2543 verum
2386 2490 2565 2543 etiam
2587 2504 2904 2560 corporeas
2934 2488 3333 2555 inﬁrmitates,
3359 2505 3395 2544 a
3424 2489 3552 2560 qui-

1900 2576 2013 2631 bus
2052 2582 2406 2645 aegrotantes
2468 2577 2699 2631 liberat.

1972 2666 2180 2719 Dicens
2199 2670 2429 2721 autem:
2468 2666 2575 2732 Qui
2596 2665 2751 2720 tollit
2774 2672 3077 2734 peccatum
3104 2667 3333 2733 mundi,
3378 2666 3557 2724 solvit

1900 2754 2247 2824 praedictam
2278 2755 2701 2825 suspicionem.
2748 2756 2888 2809 Nam
2928 2755 3029 2827 qui
3081 2754 3334 2811 aliorum
3366 2756 3558 2811 aufert

1903 2852 2144 2911 peccata
2167 2844 2550 2900 manifestum
2578 2850 2660 2900 est
2691 2844 2855 2917 quod
2888 2846 3012 2916 ipse
3040 2861 3161 2900 non
3182 2846 3401 2902 habeat
3424 2861 3559 2918 pec-

1900 2938 2028 2988 cata
2065 2950 2077 2999 ;
2110 2934 2213 3006 qui
2253 2940 2451 2990 autem
2499 2934 2755 3007 peccatis
2795 2950 2917 2989 non
2967 2939 3053 2990 est
3084 2934 3408 3001 obnoxius,
3437 2936 3557 2992 alia

1900 3024 2145 3079 omnino
2180 3041 2360 3080 causa
2378 3026 2536 3079 venit
2568 3024 2646 3079 ad
2672 3025 3263 3097 baptismum,quam
3294 3024 3423 3097 ipse
3454 3027 3558 3081 Ba-

190 3111 497 3185 βάπτισμα,
566 3111 628 3169 ἣν
696 3110 853 3173 αὐτὸς
920 3114 943 3163 ὁ
1003 3110 1303 3184 βαπτιστὴς
1362 3111 1466 3186 ἐρεῖ
1523 3115 1653 3186 μετὰ
1707 3133 1791 3185 μι-

1916 3114 2077 3186 ptista
2127 3115 2308 3187 paulo
2348 3119 2482 3187 post
2511 3114 2739 3170 referet.

186 3204 311 3274 κρόν

264 3288 422 3342 Πάλιν
452 3286 510 3341 δὲ
541 3289 657 3361 (56)
687 3288 823 3361 λέγει
868 3292 945 3355 τὸ,
976 3293 1303 3364 Ἐμπροσθέν
1342 3312 1441 3365 μου
1470 3297 1664 3364 γέγονε,
1711 3297 1795 3345 καὶ

188 3384 275 3444 τὸ,
311 3384 521 3454 Πρῶτός
563 3399 663 3451 μου
694 3376 775 3448 ἦν,
811 3378 1173 3442 ἀνυποστόλως
1199 3381 1377 3433 ἑαυτὸν
1434 3385 1522 3455 μὲν
1554 3382 1797 3445 ἐξευτελί-

254 1683 316 1735 Ὀ
346 1717 407 1723 -ν
441 1687 642 1755 κόσμον
691 1682 829 1753 (53).
872 1681 930 1734 Ὀ
984 1685 1072 1754 μὲν
1110 1685 1211 1756 γὰρ
1274 1683 1434 1755 ἀμνὸς
1496 1690 1588 1735 τοῦ
1630 1686 1787 1754 νόμου

174 1956 201 2005 ὁ
245 1949 310 2005 δὲ
343 1952 525 2024 Ἀμνὸς
550 1959 640 2003 του
689 1959 821 2003 Θεοῦ
856 1954 1203 2023 σφαγιασθεὶς
1250 1958 1341 2009 την
1388 1952 1645 2025 ἁμαρτίαν
1698 1959 1789 2003 τοῦ

169 2048 390 2115 κόσμου
422 2045 613 2102 παντὸς
662 2039 884 2113 ἀφαιρεῖ,
927 2045 1015 2092 καὶ
1046 2044 1275 2115 καθαίρει
1308 2046 1429 2102 τοὺς
1468 2040 1515 2092 ἐν
1559 2050 1630 2111 τῷ
1669 2046 1789 2093 κόσ-

168 2154 290 2206 μῳ,
317 2134 379 2191 ὡς
417 2129 651 2189 ἀλήθεια.
713 2131 929 2190 Ἐκεῖνος
978 2132 1067 2201 μὲν
1117 2133 1217 2202 γὰρ
1273 2131 1478 2202 ἄλογος,
1526 2131 1675 2192 οὗτος
1732 2127 1790 2183 δὲ

167 2223 394 2292 λογικός
454 2241 466 2253 ·

166 2311 476 2383 Ἃμαρτίας
508 2305 566 2361 δὲ
592 2313 694 2360 νόει
716 2313 786 2380 μὴ
820 2313 971 2380 μόνον
1002 2311 1097 2369 τὰς
1146 2309 1388 2380 ψυχικὰς
1440 2306 1685 2374 κηλῖδας,
1721 2309 1789 2360 ὧν

542 2224 631 2271 καὶ
698 2219 756 2270 οὗ
846 2227 998 2271 τοῦτο
1053 2224 1229 2292 μόνον,
1284 2219 1410 2272 ἀλλά
1479 2224 1567 2271 καὶ
1635 2222 1786 2281 θεῖος.

173 2401 444 2470 ἐλευθεροῖ
468 2401 583 2458 τοὺς
613 2400 703 2459 τάς
732 2396 930 2458 ἐντολὰς
956 2398 1114 2450 αὐτοῦ
1139 2399 1515 2470 φυλάσσοντας,
1547 2399 1673 2451 ἀλλὰ
1701 2403 1789 2451 καὶ

174 2493 287 2550 τὰς
319 2489 623 2561 σωματικὰς
649 2485 962 2561 ἀρρωστίας,
996 2488 1062 2538 ὧν
1091 2486 1403 2541 ἀπαλλάττει
1423 2492 1539 2548 τοὺς
1567 2490 1788 2559 κάμνον-

172 2598 295 2639 τας.

262 2667 432 2721 Εἰπὼν
501 2664 559 2718 δὲ
626 2668 705 2717 ὅτι
758 2664 816 2717 Ὀ
884 2669 1040 2741 αἴρων
1107 2671 1194 2724 τὴν
1259 2666 1518 2739 ἁμαρτίαν
1570 2674 1658 2718 τοῦ
1698 2670 1790 2718 κό-

183 2777 349 2831 σμου,
384 2756 532 2807 ἔλυσε
584 2760 678 2813 τὴν
733 2760 1107 2827 προειρημένην
1148 2755 1391 2825 ὑποψίαν.
1449 2756 1507 2806 Ὀ
1562 2757 1663 2827 γὰρ
1698 2758 1788 2816 τὰς

182 2858 291 2901 τῶν
381 2844 543 2896 ἄλλων
611 2842 889 2915 ἀνθρώπων
978 2848 1245 2919 ωμαρτίας
1332 2844 1560 2919 ἀφαιρῶν
1636 2842 1790 2902 εὔδη-

180 2938 272 2988 λον
350 2935 428 2983 ὅτι
517 2932 609 2984 οὐκ
694 2935 806 3001 ἔχει
864 2932 1119 3005 ἁμαρτίας
1202 2932 1293 3005 [μὴ
1378 2935 1488 3006 (54)
1547 2937 1680 3005 ἔχων
1732 2931 1790 2986 δὲ

186 3020 517 3097 ἁμαρτίας,]
558 3018 629 3073 δι’
664 3020 837 3095 ἑτέραν
889 3024 1094 3083 πάντως
1152 3022 1320 3074 αἰτίαν
1378 3021 1527 3081 ἦλθεν
1589 3022 1672 3075 ἐπὶ
1730 3027 1787 3076 τὸ

1979 3297 2236 3349 Rursum
2286 3293 2426 3349 alibi
2481 3292 2640 3356 dicit,
2672 3293 2827 3348 Ante
2856 3308 2946 3348 me
2968 3293 3087 3360 fuit
3117 3314 3127 3356 ;
3162 3297 3235 3362 et,
3270 3292 3445 3347 Prior
3468 3309 3560 3350 me

1906 3389 2053 3447 erat,
2072 3399 2131 3436 se
2154 3383 2347 3454 ipsum
2376 3380 2662 3453 intrepide
2683 3387 2974 3452 tanquam
2993 3396 3228 3435 servum
3250 3380 3555 3451 dejiciens,

1907 3472 2076 3525 illum
2105 3477 2302 3525 autem
2331 3470 2504 3542 quasi
2546 3470 2862 3524 Dominum
2892 3469 3437 3541 incomparabiliter
3462 3485 3557 3525 ex-

1906 3560 2118 3615 tollens
2131 3603 2144 3616 .

1978 3648 2146 3703 Vers.
2205 3649 2292 3701 31.
2325 3648 2400 3702 Et
2429 3662 2527 3717 ego
2579 3645 2903 3701 nesciebam
2929 3660 3080 3701 eum.
3126 3647 3209 3701 Ne
3284 3650 3563 3719 putarent

1907 3736 2254 3809 quodillum
2281 3736 2407 3807 jam
2431 3736 2575 3791 olim
2608 3750 2971 3805 cognoscens
3023 3735 3162 3791 talia
3184 3735 3257 3790 de
3285 3752 3353 3791 eo
3386 3736 3561 3791 ferret

1910 3827 2260 3893 testimonia,
2288 3826 2537 3896 gratiam
2569 3825 2645 3899 illi
2672 3830 2962 3897 praestans
2984 3829 3272 3896 tanquam
3303 3830 3559 3894 cognato

1910 3916 1994 3972 ait
2029 3938 2040 3969 :
2068 3918 2186 3985 Ego
2212 3914 2570 3984 ignorabam
2592 3930 2729 3969 eum
2755 3914 3107 3985 priusquam
3139 3914 3217 3969 ad
3242 3916 3562 3970 Jordanem

1907 4007 2151 4072 veniret,
2175 4008 2380 4077 utpote
2412 4020 2647 4076 semper
2670 4004 2729 4059 in
2760 4004 2991 4061 deserto
3019 4009 3311 4060 versatus.

192 3471 294 3530 ξων
326 3471 393 3529 ὡς
430 3466 633 3533 δοῦλον,
693 3467 879 3520 ἐκεῖνον
930 3465 989 3521 δὲ
1048 3468 1373 3543 ἀσυγκρίτως
1413 3471 1703 3546 υπερτιθεὶς
1733 3474 1797 3532 ὡς

194 3562 482 3615 Δεσπότην.
694 3608 701 3631 1

268 3644 423 3716 Κάγὼ
489 3646 581 3698 ουκ
634 3643 781 3719 ᾔδειν
832 3646 1004 3701 αὐτόν.
1062 3646 1173 3699 Ἵνα
1247 3653 1319 3721 μὴ
1373 3653 1659 3721 νομίσωσιν
1718 3651 1797 3701 ὅτι

192 3733 412 3785 ἔκπαλαι
466 3737 730 3808 γνωρίζων
781 3736 935 3788 αὐτὸν
996 3745 1215 3789 τοιαῦτα
1266 3743 1383 3813 περὶ
1444 3739 1603 3790 αὐτοῦ
1668 3759 1796 3812 μαρ-

192 3830 354 3897 τυρεῖ,
415 3825 764 3898 χαριζόμενος
843 3828 906 3886 ὡς
980 3834 1234 3897 συγγενεῖ,
1317 3832 1476 3900 φησὶν
1546 3829 1625 3879 ὅτι
1688 3828 1798 3880 Οὐκ

194 3912 473 3984 ἐγίνωσκον
524 3913 673 3965 αὐτὸν
726 3918 827 3988 πρὸ
883 3922 973 3966 τοῦ
1029 3915 1186 3968 ἐλθεὶν
1237 3914 1319 3968 ἐπὶ
1357 3921 1443 3968 τὸν
1504 3913 1795 3992 Ἰορδάνην,

192 4002 283 4055 ἅτε
354 4007 440 4055 τὸν
503 4003 710 4055 ἅπαντα
782 4008 972 4077 χρόνον
1028 4004 1077 4056 ἐν
1138 4013 1249 4067 ταὶς
1325 4008 1538 4079 ἐρήμοις
1593 4003 1797 4082 διατρί-

193 4090 315 4146 ϐων.

268 4185 369 4233 Καὶ
399 4186 497 4253 μήν
523 4179 744 4254 ἔμϐρυον
774 4182 861 4251 ὢν,
913 4182 1139 4258 ἔμϐρυον
1172 4188 1294 4237 ὄντα
1323 4192 1502 4238 τοῦτον
1547 4184 1797 4259 ἐγνώρισε

191 4274 284 4322 καὶ
325 4269 631 4343 ἐσκίρτησεν
675 4269 722 4321 ἐν
751 4269 1076 4343 ἀγαλλιάσει,
1109 4276 1231 4337 ὡςὸ
1283 4281 1490 4336 Λουκᾶς
1514 4275 1735 4348 ἔγραψεν
1777 4293 1791 4308 ο

194 4358 305 4412 ἀλλ’
362 4361 421 4413 οὑ
477 4362 614 4413 κατὰ
666 4363 842 4434 φύσιν,
893 4364 1167 4438 ὑπερφυῶς
1218 4360 1277 4418 δε
1338 4365 1493 4419 αὐτὸν
1548 4363 1795 4438 ἐγνώρισε

1977 4184 2153 4257 Atqui
2193 4200 2329 4239 cum
2382 4184 2577 4239 adhuc
2603 4184 2663 4239 in
2696 4183 2901 4240 matris
2939 4186 3090 4238 esset
3132 4186 3317 4246 utero,
3347 4196 3566 4253 cogno-

1906 4274 1983 4330 vit
2008 4290 2162 4338 eum,
2191 4279 2245 4330 et
2282 4290 2402 4347 prae
2430 4274 2651 4345 gaudio
2702 4272 3006 4338 exultavit,
3049 4271 3563 4344 quemadmodum

1907 4364 2140 4436 scripsit
2178 4366 2363 4420 Lucas
2410 4364 2479 4419 ³⁵.
2541 4365 2754 4419 Verum
2793 4362 2855 4419 id
2892 4376 3018 4419 non
3078 4361 3188 4418 fuit
3218 4361 3564 4417 naturaliter

269 4512 318 4548 ³⁸
360 4513 497 4570 Luc.
543 4530 580 4579 ι,
612 4513 704 4569 41.

1413 4613 1635 4682 Variae
1683 4613 2009 4682 lectiones
2050 4624 2116 4680 et
2156 4622 2357 4681 notae.

1829 4758 1872 4810 D
1912 4759 2077 4808 ὀπίσω
2103 4775 2202 4827 μου
2233 4758 2446 4828 ἔρχεται
2488 4754 2638 4828 ἀνὴρ,
2693 4753 2963 4828 Matt.th
3008 4752 3395 4828 tr_i_buit,‘guai
3435 4753 3564 4828 n_ul_-

1912 4828 2011 4882 libi
2040 4824 2203 4898 apud
2234 4824 2899 4894 mattheeum'leguntur.
2936 4824 3187 4898 Cyrillus
3220 4824 3561 4880 Alexandri-

1912 4915 2024 4953 nus
2058 4896 2127 4955 eo
2175 4898 2408 4963 inloco,
2468 4898 2570 4953 ubi
2628 4898 2788 4951 hunc
2837 4912 3076 4951 versum
3126 4896 3558 4967 interpretatur,

1910 4970 2057 5049 nihil
2092 4974 2285 5049 mutat
2319 4974 2523 5040 printer
2543 4968 2675 5031 hoc,
2704 4967 3018 5049 quodfyab,
3051 4973 3184 5049 post
3211 4967 3291 5049 οξ,
3324 4968 3560 5049 omittit.

1910 5041 2073 5095 Idem
2105 5042 2263 5095 hunc
2295 5039 2533 5095 versum
2564 5039 2788 5109 repetit,
2813 5039 2936 5105 t.V,
2966 5046 3118 5109 part.
3152 5040 3204 5103 2,
3230 5040 3314 5093 “in
3355 5039 3565 5109 episto-

1909 5112 1981 5167 lis
2025 5128 2083 5183 p.
2119 5113 2237 5183 186,
2297 5117 2352 5166 et
2389 5112 2463 5166 de
2502 5117 2663 5166 recta
2710 5111 2846 5175 fide,
2906 5127 2962 5181 p.
3000 5111 3101 5163 113
3152 5110 3353 5183 D,_ubi
3384 5111 3563 5166 etiam

271 4753 387 4894 (50)
414 4760 522 4807 Νῦν
553 4753 721 4809 abest
747 4759 812 4809 A.

271 4826 355 4894 (5t
415 4824 615 4880 Codex
645 4832 810 4894 uterq

296 4824 387 4897 5t)
415 4824 615 4880 Codex
645 4832 887 4897 uterque
915 4825 975 4881 in
1005 4826 1295 4896 margine:
1320 4827 1403 4878 Ἐν
1425 4835 1540 4888 ταῖς
1568 4830 1796 4889 θυσίάις.

294 4896 386 4966 52)
420 4897 535 4968 ΗίίξΔ
572 4896 807 4951 rursus
831 4904 1077 4968 uterque
1133 4900 1192 4952 in
1248 4900 1517 4968 margine
1566 4900 1749 4956 habet
1781 4916 1792 4954 :

199 4962 485 5042 Oﬁrosﬂjg
514 4966 773 5042 ἁμαρτίας
800 4968 952 5042 αἴρει.
979 4962 1240 5042 Respicit
1268 4962 1535 5035 Isafuu,
1567 4976 1620 5025 ’7.

270 5036 386 5108 (53)
408 5036 632 5093 Versus"
653 5053 797 5107 ergo
824 5036 1155 5095 tricesimus
1171 5040 1341 5096 abest
1362 5042 1541 5096 etiam
1573 5058 1606 5097 a
1639 5042 1804 5097 codi-

200 5124 266 5186 ce
290 5109 577 5186 ﬂentenii,
607 5109 686 5163 uti
718 5109 796 5165 ab
824 5116 1068 5180 utroque
1100 5113 1471 5186 _Mosq_ue_nsi,
1501 5113 1616 5186 nisi
1638 5114 1801 5186 quod

198 5181 259 5235 in
281 5196 398 5235 uno
411 5180 627 5236 horum
646 5197 681 5236 a
702 5197 884 5237 manu
898 5181 1204 5238 recentiori
1222 5180 1620 5239 additusestin
1648 5180 1803 5240 inar-

202 5252 358 5324 gine.
397 5252 509 5324 Sed
534 5251 743 5307 ultima
771 5268 910 5324 pars
938 5253 1117 5324 hujus
1144 5254 1371 5319 scholii,
1405 5271 1440 5311 a
1471 5256 1798 5321 vocabulis,

199 5320 352 5399 πάλιν
384 5320 443 5399 δε
480 5323 618 5399 λέγει
663 5327 722 5399 τὸ
760 5320 811 5377 ἑ.
862 5344 911 5399 τ.
972 5320 1035 5399 λζ
1078 5326 1215 5381 satis
1264 5326 1540 5391 declarat,
1586 5320 1800 5399 Euthy-

204 5396 390 5470 mium
423 5396 552 5470 haec
583 5394 816 5470 legisse.
840 5395 1050 5470 Nescio
1080 5412 1241 5470 ergo,
1256 5398 1417 5470 quod
1448 5414 1591 5454 casu
1617 5399 1677 5454 in
1708 5394 1803 5454 tri-

202 5466 309 5517 bus
340 5464 841 5539 co‘dicibtis’desit.
877 5464 1189 5539 Quomodo
1214 5464 1309 5524 hic
1340 5486 1547 5524 versus
1574 5470 1804 5539 legatur

202 5535 362 5609 apud
394 5536 932 5609 Origenem,notavi
963 5538 1089 5609 jam
1114 5541 1172 5595 in
1206 5556 1336 5595 mea
1366 5535 1802 5606 N.Test,editio-

202 5622 295 5660 ne.
326 5608 581 5681 Junetiin
614 5624 850 5665 versum
884 5608 1037 5665 30’et
1063 5612 1153 5676 31,
1180 5611 1384 5667 laudat
1432 5613 1589 5681 Orig.
1639 5618 1676 5667 t.
1708 5613 1798 5679 IV,

203 5694 257 5805 ἓ.
300 5682 388 5733 24.
424 5680 826 5751 Chrysostomi
859 5681 1166 5738 varietates
1217 5683 1397 5739 etiam
1427 5682 1463 5738 1.
1513 5680 1551 5738 l.
1579 5685 1800 5740 notavi.

246 5765 307 5805 er
337 5765 598 5805 errorem
630 5757 830 5805 autem
863 5752 1365 5805 Chrvsost.t.VllI_
1388 5754 1800 5805 n.75.B.verha

246 5765 307 5806 er
337 5765 598 5808 errorem
630 5757 830 5809 autem
863 5752 1366 5826 Chrysost.t.VllI,
1388 5754 1805 5829 p.75,B.verha

1909 5180 2052 5239 data
2081 5180 2266 5254 opera
2302 5183 2954 5254 EvangeliumiJoannis
2980 5187 3209 5237 tractat.
3236 5180 3337 5235 Hic
3364 5186 3565 5237 servat

1910 5255 2057 5310 illud
2088 5253 2209 5326 ἐγώ.
2229 5254 2505 5309 Consistit
2535 5269 2675 5322 ergo
2692 5253 2789 5326 hic
2816 5269 3040 5319 versus,
3066 5269 3200 5307 cum
3218 5259 3564 5326 caeterorum

1911 5326 2088 5383 codd.
2130 5325 2458 5381 Graecorum
2490 5325 2859 5389 auctoritate,
2904 5329 3031 5379 tum
3062 5340 3202 5379 vero
3229 5325 3408 5380 etiam
3440 5340 3566 5380 ver-

1910 5398 2153 5453 sionum
2212 5404 2268 5453 et
2303 5397 2539 5452 Patrum
2574 5411 2884 5452 consensu.

2008 5470 2094 5523 54)
2130 5469 2367 5523 Inclusa
2407 5470 2628 5523 absunt
2657 5473 2721 5521 A.

2007 5537 2094 5612 55)
2138 5543 2282 5593 Μετὰ
2331 5544 2510 5613 μικρόν
2542 5559 2594 5591 τε
2628 5538 2776 5613 πάλιν
2839 5537 2971 5609 λέγει
2998 5542 3061 5613 A.

2007 5608 2094 5683 56)
2123 5608 2442 5666 Hentenius
2477 5612 2534 5665 h.
2568 5608 2948 5683 l.inculcavit,
2979 5610 3143 5664 alibi.
3187 5609 3299 5683 Sed
3330 5608 3561 5679 ἀλλαχοῦ

1909 5680 2117 5740 neuter
2159 5699 2427 5739 meorum
2456 5682 2657 5738 habet.
2690 5682 2857 5738 Forte
2897 5688 3093 5739 autem
3123 5680 3378 5737 volebat.

1981 5470 2000 5683 ἒ
