4144 6314
652 342 794 401 1135

2003 332 2237 394 EUTHY
2247 335 2323 393 Ml
2331 333 2350 394 ι
2387 334 2717 394 ZIGABENI

3917 338 4026 392 1136

650 469 757 528 sed
770 466 1300 542 supernaturaliter
1313 469 1450 522 tunc
1460 480 1598 522 eum
1614 465 1913 538 cognovit,
1929 467 1984 521 et
1995 479 2118 537 quo
2133 461 2312 519 modo

2425 482 2559 528 τοτε,
2600 468 2691 516 καὶ
2747 465 2817 525 ὡς
2881 459 3055 524 οὐδεὶς
3123 470 3224 515 τῶν
3298 464 3501 515 πάντων
3572 461 3894 536 ἀνθρώπων.

649 559 853 616 nullus
871 557 1119 614 omnino
1135 556 1453 613 hominum
1475 555 1774 626 cognovit.
1806 559 1971 612 Nunc
1993 558 2195 610 autem
2219 552 2316 609 tri-

648 649 790 721 plici
814 646 1154 719 cognitione
1179 643 1465 716 cognovit
1491 662 1505 700 :
1533 648 1680 717 puta
1709 661 1815 717 per
1845 645 2057 711 visum,
2080 658 2187 715 per
2213 658 2315 697 au-

648 737 861 803 ditum,
883 752 1110 810 perque
1127 734 1543 808 propheticam
1561 734 1852 798 notitiam,
1873 749 2130 806 quarum
2152 730 2315 785 nulla

648 824 952 882 Christum
966 822 1392 896 cognoscebat,
1412 824 1765 895 priusquam
1787 822 1860 878 ad
1879 821 2207 879 Jordanem
2222 835 2313 876 ve-

647 916 822 985 niret,
840 914 1059 971 deinde
1070 918 1268 970 autem
1286 911 1498 985 triplici
1519 912 1634 968 hoc
1657 911 1840 969 modo
1858 911 2310 983 cognoviteum.

646 1003 957 1077 Siquidem
991 1001 1339 1076 prophetice
1365 1001 1419 1056 ei
1447 1000 1709 1058 revelata
1738 1005 1877 1057 sunt
1904 1017 2041 1072 quas
2073 999 2148 1055 de
2181 999 2311 1071 ipso

646 1098 818 1151 erant
843 1111 856 1147 :
881 1093 1014 1148 ideo
1037 1097 1096 1148 et
1117 1091 1269 1148 dixit
1296 1106 1309 1145 :
1341 1091 1459 1158 Qui
1478 1096 1608 1161 post
1634 1105 1725 1147 me
1747 1094 2027 1147 venturus
2051 1094 2156 1156 est,
2180 1094 2313 1145 ante

645 1198 739 1240 me
758 1183 899 1252 fuit.
932 1181 1090 1237 Vidit
1117 1195 1361 1252 quoque
1396 1196 1533 1235 eum
1575 1195 1591 1245 ;
1623 1179 1790 1235 illum
1822 1194 2084 1251 namque
2114 1176 2311 1250 prohi-

646 1271 825 1328 bebat
852 1270 1060 1327 dicens
1090 1291 1102 1323 :
1136 1270 1258 1340 Ego
1289 1283 1327 1325 a
1357 1274 1412 1325 te
1431 1269 1608 1325 debeo
1631 1268 1937 1339 baptizari,
1982 1272 2125 1325 etut
2147 1267 2309 1323 venis

644 1362 724 1417 ad
744 1377 834 1417 me
853 1363 900 1397 ²⁶
919 1358 1198 1415 ?Audivit
1215 1364 1500 1430 praeterea
1518 1374 1731 1415 vocem
1752 1358 1826 1413 de
1853 1357 1954 1415 illo
1971 1357 2268 1414 dicentem
2291 1378 2304 1410 :

645 1451 765 1506 Ηίο
789 1455 876 1507 est
904 1450 1098 1506 Filius
1129 1464 1279 1505 meus
1307 1446 1554 1504 dilectus
1585 1449 1649 1504 in
1674 1464 1789 1520 quo
1819 1449 1970 1504 mihi
1998 1445 2310 1517 complaci-

645 1546 769 1596 tum
800 1545 903 1605 est,
932 1538 1082 1595 sicut
1108 1537 1210 1594 alii
1238 1537 1614 1608 evangelista;
1646 1538 1983 1594 docuerunt
2019 1538 2091 1591 ³⁷.

716 1630 882 1686 Vers.
937 1633 1027 1686 3t.
1085 1629 1206 1685 Sed
1251 1658 1321 1668 —
1368 1627 1682 1698 baptizans.
1739 1631 1886 1685 Ecce
1941 1624 2090 1683 dixit
2126 1626 2309 1683 etiam

645 1736 917 1787 causam,
949 1718 1030 1776 ob
1073 1734 1262 1792 quam
1307 1718 1469 1774 venit
1518 1723 1575 1774 et
1630 1718 1755 1791 ipse
1786 1724 1848 1773 ut
1878 1716 2221 1790 baptizaret,
2253 1719 2309 1771 et

2429 548 2509 616 δὲ,
2550 561 2706 627 τριῶν
2757 552 2925 606 ούσῶν
2955 557 3215 625 γνώσεων,
3255 560 3345 614 τῆς
3380 549 3453 605 δι’
3482 551 3681 623 ὄψεως,
3740 559 3947 614 καὶτῆς
3972 552 4027 605 δι’

2427 639 2607 708 ἀκοῆς,
2659 647 2748 695 καὶ
2800 651 2895 705 τῆς
2965 649 3317 717 προφητικῆς,
3386 641 3500 694 κατ’
3563 638 3843 714 οὐδεμίαν
3890 643 4025 695 αὐτων

2425 729 2672 802 ἐγίνωσκε
2698 735 2784 783 τὸν
2834 735 3083 808 Χριστὸν,
3117 735 3219 807 πρὸ
3268 739 3359 784 τοῦ
3416 730 3579 785 ἐλθεῖν
3637 730 3732 783 ἐπὶ
3782 736 3871 783 τὸν
3926 734 4023 805 Ἰορ-

2425 816 2607 878 duim-J-
2667 826 2782 873 τότε
2846 818 2905 874 δὲ
2955 820 3135 874 λοιπὸν
3192 824 3283 873 καὶ
3327 823 3465 874 κατὰ
3548 823 3659 882 τὰς
3740 828 3881 896 τρεῖς
3927 824 4020 893 ἔγνω

2422 909 2596 962 αὐτόν.
2652 914 2751 964 Καὶ
2799 914 2900 984 γὰρ
2963 909 3297 984 ἀπεκαλύφθη
3374 930 3429 963 τε
3507 909 3663 981 αύτῷ
3724 921 4019 985 προφητικῶς

2994 997 3081 1052 διὸ
3155 1004 3245 1053 καὶ
3328 998 3513 1071 ἂεγεν,
3577 999 3645 1051 Ὀ
3706 998 3886 1051 ὀπίσω
3951 1019 4014 1065 μιν

2421 1086 2721 1160 ἐρχόμενος,
2783 1091 3073 1162 ἔμπροσθέν
3132 1109 3232 1162 μου
3313 1093 3507 1161 γέγονε.
3587 1093 3704 1142 Καὶ
3762 1086 3900 1141 εἶδεν
3958 1091 4002 1139 τ)-

2419 1182 2502 1230 τόν
2555 1196 2567 1207 ·
2613 1174 2699 1230 διὸ
2745 1183 2835 1231 καὶ
2888 1178 3002 1250 (57)
3063 1174 3336 1231 διεκώλυεν
3400 1179 3551 1230 αὐτὸν
3608 1177 3788 1249 λέγων
3858 1193 3871 1205 ·
3925 1179 4009 1246 Ἐγέι

2418 1270 2607 1342 χρείαν
2661 1269 2770 1339 ἔχω
2848 1269 2948 1320 ὑπὸ
3033 1276 3126 1320 σοῦ
3218 1266 3604 1341 βαπτισθῆναι·
3684 1273 3783 1319 καὶ
3867 1270 4011 1325 ἤκουσε

2419 1360 2537 1429 περὶ
2594 1355 2775 1422 αὐτοῦ,
2837 1356 3011 1419 Οὗτός
3059 1354 3201 1408 ἐστιν
3253 1360 3279 1409 6
3336 1359 3456 1418 Υἱὸς
3499 1377 3608 1430 μου
3665 1358 3694 1408 6
3760 1355 4013 1429 ἀγαπητὸς,

2421 1446 2471 1497 ἐν
2574 1444 2687 1517 (58)
2754 1441 3044 1515 εὐδόκησα,
3105 1449 3173 1509 ὡς
3210 1448 3258 1498 οἱ
3301 1445 3448 1498 ἄλλοι
3516 1446 3907 1518 εύαγγελισταὶ
3939 1441 4013 1497 ἐδι-

2422 1529 2608 1597 δαξαν.

2492 1622 2634 1678 Ἀλλ’
2666 1655 2732 1665 -
2765 1622 3058 1697 βαπτίζων.
3103 1620 3244 1678 Ἰδού
3303 1623 3411 1678 εἶπε
3454 1628 3544 1678 καὶ
3612 1629 3717 1684 τὴν
3752 1625 3915 1677 αἰτίαν
3962 1620 4014 1675 δι’

2420 1716 2483 1771 ἦν
2516 1712 2672 1775 αύτός
2700 1732 2756 1766 τε
2790 1709 2912 1772 ἦλθε
2953 1712 3252 1787 βαπτίζειν,
3294 1719 3383 1766 καὶ
3416 1716 3441 1766 6
3464 1717 3713 1788 Χριστὸς
3751 1718 4015 1789 παρεγένετο

2421 1001 2488 1051 τὰ
2538 1005 2657 1072 περὶ
2709 999 2869 1052 αὐτοῦ
2921 1014 2935 1031 ⁸

646 1809 916 1866 Christus
949 1812 1010 1865 ut
1066 1808 1488 1881 baptizaretur.
1546 1809 1675 1863 Una
1726 1806 2026 1879 siquidem
2069 1805 2309 1861 eadem-

2425 1800 2808 1875 βαπτισθῆναι.
2844 1809 2955 1856 Μία
3006 1806 3104 1877 γὰρ
3135 1808 3224 1855 καὶ
3277 1804 3307 1861 ἠ
3356 1803 3487 1862 αὐτῆ
3731 1808 3822 1856 καὶ
3864 1805 4012 1855 τούτου

643 1914 758 1971 que
787 1898 895 1955 fuit
920 1901 976 1953 et
1003 1896 1181 1967 hujus
1210 1912 1393 1952 causa
1419 1900 1475 1951 et
1497 1894 1673 1963 illius,
1699 1894 1991 1961 videlicet,
2022 1900 2087 1951 ut
2118 1893 2308 1950 mani-

643 1987 958 2044 festaretur
1007 1984 1274 2041 Christus
1330 1984 1626 2040 Israelitis.
1666 1986 1817 2039 Nam
1864 2000 1900 2039 a
1926 1983 2047 2039 Deo
2084 1984 2306 2039 missus

644 2074 841 2130 fuerat
871 2075 1130 2129 Joannes
1162 2072 1235 2128 ad
1283 2073 1630 2137 Iordanem,
1682 2076 1747 2127 ut
1770 2071 2074 2145 baptisma
2127 2072 2316 2144 poeni-

648 2163 848 2218 tentiae
886 2162 1259 2235 praedicaret,
1316 2177 1439 2233 quo
1492 2165 1737 2233 propter
1791 2161 2094 2233 baptisma
2148 2160 2317 2216 multi

649 2255 1089 2317 concurrerent,
1149 2254 1208 2307 et
1236 2255 1442 2307 astans
1477 2250 1743 2308 Christus
1774 2250 1836 2305 in
1875 2250 2076 2306 medio
2109 2251 2319 2306 multo-

646 2357 805 2407 rum,
839 2345 1044 2414 utpote
1069 2339 1489 2412 baptizandus,
1535 2338 1946 2396 testimonium
2002 2339 2309 2412 acciperet,

648 2431 878 2488 inferne
904 2430 1154 2504 quidem
1184 2445 1221 2486 a
1248 2429 1501 2497 Joanne,
1537 2444 1794 2501 superne
1822 2444 1966 2485 vero
1998 2444 2033 2484 a
2066 2432 2228 2485 Patre
2258 2433 2318 2485 et

651 2521 873 2593 Spiritu
902 2524 1104 2576 sancto
1134 2534 1149 2586 ;
1178 2523 1358 2592 atque
1385 2518 1527 2575 hinc
1551 2518 1720 2591 ipsos
1750 2517 2073 2583 attrahens,
2099 2523 2318 2591 myste-

648 2609 740 2667 ria
764 2608 1000 2680 docere,
1047 2625 1117 2665 ac
1150 2607 1450 2666 mirabilia
1477 2608 1714 2680 operari
1753 2607 2040 2680 inciperet
2073 2623 2087 2675 ;
2120 2623 2317 2680 neque

649 2699 811 2755 enim
842 2699 922 2755 ita
944 2698 1388 2755 concurrissent
1416 2712 1646 2767 omnes,
1695 2712 1892 2770 neque
1924 2696 2009 2753 ita
2047 2696 2319 2753 testimo-

649 2790 819 2846 nium
844 2787 1232 2853 audivissent,
1286 2787 1399 2842 nisi
1454 2787 1570 2843 hoc
1602 2786 1824 2844 factum
1874 2786 2102 2843 fuisset.

724 2878 885 2932 Vers.
941 2878 1027 2932 32.
1064 2878 1138 2932 Et
1180 2907 1251 2918 —
1282 2878 1442 2931 Vers.
1475 2876 1562 2931 33.
1591 2882 1818 2932 sancto.
1854 2877 2117 2932 Rursum
2165 2877 2248 2933 ait
2300 2893 2314 2933 :

659 2965 1003 3024 Nesciebam
1029 2981 1181 3034 eum,
1214 2968 1279 3020 ut
1295 2964 1604 3037 proprium
1624 2964 2031 3021 testimonium
2049 2964 2125 3020 ab
2150 2965 2317 3022 omni

649 3056 991 3129 suspicione
1032 3059 1386 3111 removeret.

653 3147 873 3203 Verum
904 3144 1151 3218 quando
1181 3144 1328 3201 dixit
1348 3144 1400 3201 ei
1452 3147 1606 3201 Deus
1636 3166 1648 3199 :
1682 3145 1877 3214 Super
1906 3160 2071 3218 quem
2102 3144 2314 3202 videris
2354 3128 2395 3184 C

650 3236 951 3305 Spiritum
972 3234 1440 3300 descendentem,
1459 3238 1517 3290 et
1535 3238 1748 3290 caetera
1764 3233 1793 3289 ‘P
1815 3234 2070 3301 Quando
2092 3252 2218 3307 quae
2248 3236 2316 3292 de

653 3324 883 3380 Christo
912 3328 1082 3380 erant
1113 3322 1226 3394 ipsi
1258 3323 1559 3388 revelavit,
1601 3321 1700 3378 illo
1728 3323 2000 3378 nondum
2036 3322 2317 3379 manifes-

652 3420 822 3470 tato:
866 3420 1004 3469 tunc
1038 3412 1337 3485 siquidem
1367 3417 1424 3468 et
1468 3412 1598 3469 haec
1627 3418 1680 3468 et
1722 3412 1839 3468 alia
1886 3412 2052 3469 dixit.
2109 3415 2317 3470 Postea

652 3518 794 3559 vero
822 3503 1020 3575 ipsum
1069 3517 1312 3575 quoque
1360 3502 1791 3558 demonstravit
1833 3502 1910 3558 ad
1940 3502 2315 3575 baptismum

653 3591 1054 3648 accedentem.

725 3681 993 3736 Praesens
1019 3681 1219 3753 itaque
1275 3680 1644 3750 evangelista
1686 3695 1777 3747 ea,
1820 3684 1884 3736 ut
1930 3680 2159 3737 dictum
2206 3686 2313 3748 est,

653 3771 1051 3845 praetermisit,
1086 3788 1222 3844 quae
1263 3770 1420 3828 circa
1458 3771 1692 3827 Domini
1726 3771 2032 3843 baptisma
2062 3771 2139 3828 ab
2179 3772 2313 3827 aliis

653 3860 1033 3931 evangelistis
1062 3862 1402 3932 conscripta
1438 3865 1596 3917 sunt.
1655 3862 1963 3917 Matthreus
2017 3878 2157 3918 vero
2191 3862 2314 3918 [ιιεο

653 3953 878 4008 caeteris
896 3953 1071 4008 latius
1091 3951 1385 4007 enarravit
1415 3966 1427 4005 :
1461 3950 1590 4021 lege
1612 3965 1754 4021 ergo
1782 3950 1881 4007 illa
1899 3951 1975 4008 ad
2012 3952 2315 4025 perfectio-

650 4057 777 4097 rem
814 4040 1162 4097 habendam
1213 4040 1635 4109 cognitionem.

725 4128 885 4184 Vers.
917 4131 1004 4186 34.
1038 4130 1103 4183 Et
1130 4143 1234 4198 ego
1281 4128 1420 4184 vidi.
1458 4128 1739 4200 Spiritum
1770 4129 2049 4186 videlicet
2074 4131 2314 4187 descen-

653 4216 909 4282 dentem,
941 4222 993 4272 et
1019 4221 1359 4272 manentem
1410 4232 1589 4288 super
1617 4233 1776 4272 eum.

726 4307 886 4359 Vers.
920 4306 1006 4362 34.
1045 4306 1119 4359 Et
1146 4336 1212 4346 —
1262 4304 1384 4361 Dei.
1439 4308 1505 4362 Et
1541 4304 1645 4360 ubi
1684 4305 1795 4361 hoc
1822 4306 2118 4378 perhibuit
2149 4309 2310 4364 testi-

653 4393 923 4451 monium
953 4396 981 4451 ?
1017 4409 1211 4466 neque
1239 4393 1399 4450 enim
1432 4410 1690 4468 usquam
1718 4395 2009 4467 scriptum
2041 4402 2147 4453 est.
2178 4399 2312 4454 Om-

2423 1890 2684 1957 κάκείνου,
2719 1894 2800 1945 ὅτι
2824 1894 2905 1945 ἵνα
2938 1895 3199 1968 φανερωθῇ
3226 1899 3334 1956 τοῖς
3358 1891 3748 1967 Ἰσραηλίταις.
3782 1893 4011 1964 Ἐπέμφϐε

2424 1984 2525 2056 γὰρ
2557 1983 2582 2033 6
2610 1980 2851 2045 Ἰωάννης
2883 1983 2982 2035 ὑπὸ
3019 1987 3144 2036 Θεοῦ
3173 1985 3300 2057 πρὸς
3332 1986 3419 2034 τὸν
3448 1978 3737 2058 Ἰορδάνην
3768 1984 4009 2057 κηρύσσω

2429 2068 2715 2144 βάπτισμα
2742 2075 3032 2144 μετανοίας,
3075 2075 3158 2124 ἵνα
3224 2068 3316 2124 διὰ
3354 2074 3412 2124 τὸ
3473 2070 3776 2145 βάπτισμα
3823 2066 4010 2140 συνδρά-

2426 2178 2568 2231 μωσι
2627 2159 2826 2228 πολλοὶ,
2880 2165 2971 2213 καὶ
3028 2159 3242 2222 ἐπιστὰς
3298 2162 3324 2213 6
3358 2165 3602 2235 Χριστὸς
3653 2164 3722 2222 ὡς
3745 2158 4006 2234 βαπτισθε-

2428 2253 2661 2320 σὸμενος,
2722 2254 2879 2322 μέσον
2910 2249 3105 2303 πολλῶν
3156 2252 3489 2325 μαρτυρηθῇ,
3514 2252 3760 2303 κατώθεν
3788 2253 3872 2322 μὲν
3894 2249 4005 2319 παρὰ

2427 2338 2682 2404 Ἰωάννου,
2742 2340 2933 2392 ἄνωθεν
2997 2336 3057 2393 δὲ
3128 2342 3273 2413 παρὰ
3354 2347 3446 2393 τοῦ
3526 2343 3742 2413 Πατρός
3817 2341 4001 2390 καὶτοῦ

2427 2426 2579 2498 ἁγίου
2669 2430 2989 2501 Πνεύματος,
3083 2433 3172 2482 καὶ
3280 2427 3504 2481 ἐντεῦθεν
3621 2428 3999 2500 ἐπισπασάμενος

2428 2516 2632 2583 αύτούς,
2721 2517 2943 2592 ἄρξηται
3010 2526 3374 2592 μυσταγωγεῑν
3435 2523 3527 2571 καὶ
3604 2521 3991 2593 θαυματουργεῖν.

2427 2602 2566 2658 Οὐδὲ
2631 2608 2732 2682 γὰρ
2801 2606 2861 2659 ἃν
2918 2608 3052 2661 οὕτω
3094 2606 3417 2685 συνέδραμον
3470 2609 3720 2677 ἅπαντες,
3795 2604 3897 2660 οὐδ’
3947 2603 3990 2655 ἂν

2426 2698 2661 2754 ἥκουσαν
2691 2705 2783 2757 τῆς
2809 2700 3051 2759 τοιαύτης
3082 2699 3214 2751 ούτω
3260 2703 3584 2775 μαρτυρίας,
3621 2699 3666 2752 εἰ
3688 2702 3759 2772 μὴ
3786 2704 3916 2750 τοῦτο
3931 2696 3991 2764 γέ-

2428 2804 2565 2856 γονε.

2502 2880 2601 2927 Καὶ
2657 2907 2725 2916 —
2782 2876 2931 2949 ἁγίῳ.
2997 2877 3152 2931 Πάλιν
3216 2882 3292 2946 τὸ,
3347 2879 3457 2931 Ούκ
3509 2877 3673 2952 ᾔδειν
3724 2879 3873 2940 αὐτὸν,
3923 2874 3979 2923 ἵνα

2429 2961 2720 3018 ἀνύποπτον
2799 2970 2967 3025 πάντη
3044 2972 3139 3027 τὴν
3220 2967 3414 3021 οἰκείαν
3492 2974 3789 3045 μαρτυρίαν
3865 2962 3970 3037 ἐργάι

2431 3071 2611 3111 σηται.

2498 3140 2655 3194 Ἀλλὰ
2683 3147 2806 3196 ποτε
2830 3141 2964 3197 εἶπεν
3018 3144 3157 3217 αύτῷ
3187 3146 3213 3198 6
3254 3149 3403 3217 Θεὸς,
3468 3146 3589 3220 Ἐφ’
3646 3147 3700 3201 ὃν
3735 3145 3784 3198 ἂν
3806 3139 3889 3212 ἴδῃς
3913 3138 3952 3187 τά

2428 3236 2636 3304 Πνεῦμα
2660 3231 2992 3299 καταϐαῖνον,
3024 3239 3112 3288 καὶ
3142 3238 3208 3288 τὰ
3237 3234 3353 3298 ἑξῆς
3411 3253 3425 3304 ;
3452 3234 3590 3290 Ὅτε
3635 3238 3743 3309 (60)
3766 3230 3958 3290 δηλονότι,

2425 3325 2585 3394 μήπω
2617 3327 2878 3395 φανέντος,
2921 3327 2986 3377 τὰ
3014 3330 3133 3400 περὶ
3163 3325 3323 3377 αύτού
3371 3325 3710 3399 ἀπεκάλυψεν
3733 3320 3966 3392 αὖτῷέῐὸτε

2425 3412 2516 3482 μὲν
2545 3413 2644 3484 γὰρ
2676 3414 2740 3464 τά
2765 3432 2819 3465 τε
2851 3412 2981 3466 ἄλλα
3036 3418 3124 3467 καὶ
3153 3422 3306 3467 τοῦτο
3356 3411 3490 3468 εἶπεν
3537 3432 3560 3446 ·
3599 3417 3795 3489 ὕστερον
3841 3405 3887 3462 οἳ
3907 3406 3971 3456 καὶ

2425 3494 2689 3563 ὑπέδειξεν
2769 3501 2925 3555 αύτόν
2992 3508 3402 3578 παραγενόμενον
3487 3505 3585 3559 ἰπὶ
3677 3507 3730 3558 τό
3796 3498 3971 3574 βαπτισ⁴

2428 3589 2602 3647 θῆναι.

2493 3674 2544 3738 ὀ
2564 3681 2654 3751 μὲν
2704 3676 2791 3732 οὖν
2815 3685 2991 3757 παρὼν
3037 3680 3428 3754 εὐαγγελιστης,
3486 3686 3562 3747 ὡς
3619 3687 3826 3756 εἴρηται,
3847 3676 3967 3746 παρέ·

2426 3769 2593 3846 δραμε
2624 3773 2688 3823 τὰ
2715 3775 2845 3823 κατα
2890 3776 2947 3823 τό
2991 3769 3273 3844 βάπτισμα
3301 3779 3391 3824 τοῦ
3418 3778 3677 3848 Σωτῆρος,
3704 3774 3765 3832 ὡς
3792 3773 3880 3824 τοῖς
3900 3760 3968 3813 ἀλ·

2423 3861 2531 3924 λοις
2562 3862 3008 3937 προϊστορηθέντα
3042 3877 3053 3890 ⁶
3097 3863 3122 3913 6
3171 3858 3229 3914 δὲ
3260 3864 3527 3923 Ματθαίος
3586 3862 3866 3930 πλατύτερον
3896 3857 3967 3903 τῶν

2424 3950 2587 4003 ἄλλων
2616 3949 2927 4021 ἀπήγγειλεν
2981 3950 3116 4003 αύτοί
3148 3969 3160 3982 ·
3194 3954 3284 4003 καὶ
3334 3949 3597 4022 ἀνάγνωθι
3636 3948 3826 4002 κάκεῖνα
3868 3942 3968 4012 πρὸς

2424 4039 2773 4114 ἐντελεστέραν
2807 4035 3116 4109 διάγνωσιν.

2470 4128 2649 4199 Κάγὼ
2680 4127 2902 4202 ἑώρακα.
2930 4132 2999 4180 T6
3031 4135 3255 4202 Πνεῦμα,
3316 4125 3529 4188 δηλαδὴ
3589 4124 3867 4181 καταϐαῖνον
3894 4117 3963 4167 καὶ

2422 4221 2572 4291 μένον
2605 4216 2683 4269 ἐπ’
2716 4216 2892 4272 αὐτὸν.

2495 4312 2595 4360 Καὶ
2619 4337 2684 4348 --
2720 4314 2874 4360 Θεοῦ.
2908 4306 3011 4360 Καὶ
3041 4314 3142 4360 ποῦ
3196 4315 3348 4360 τοῦτο
3395 4311 3768 4385 μεμαρτύρηκεν
3792 4317 3804 4365 ;
3832 4289 3957 4348 ούδα⁸

2421 4403 2514 4447 κοῦ
2540 4398 2639 4470 γὰρ
2674 4394 3085 4467 ἀναγέγραπται.
3116 4399 3497 4471 Μεμαρτύρηκε
3526 4401 3613 4470 μὲν
3635 4400 3765 4447 τοῦτο
3789 4386 3955 4438 πάντως

651 4484 796 4540 nino
826 4499 969 4539 sane
997 4482 1112 4540 hoc
1143 4482 1485 4540 testiﬁcatus
1523 4466 1611 4540 est
1644 4503 1657 4538 :
1690 4466 1958 4541 relictum
1983 4491 2073 4543 est
2112 4491 2310 4544 autem

2424 4484 2823 4558 παραλελειπται
2851 4480 2909 4536 δὲ
2931 4490 3037 4546 τοῖς
3068 4484 3483 4556 εύαγγελισταίς,
3535 4489 3690 4557 ὥσπερ
3741 4479 3814 4527 καὶ
3845 4466 3949 4520 ἀλλὰ

652 4573 732 4630 ab
771 4572 1171 4644 evangelistis,
1199 4571 1719 4646 quemadmodum
1751 4578 1809 4630 et
1832 4574 1952 4631 alia
1989 4574 2200 4633 multa.

723 4663 895 4718 Vers-
937 4664 1024 4717 35.
1058 4662 1294 4719 Postero
1325 4662 1508 4720 die—
1537 4663 1698 4718 Vers.
1731 4666 1819 4719 36.
1853 4665 1980 4721 Dei.
2021 4667 2149 4721 Non
2188 4665 2310 4721 vul-

653 4751 783 4823 gari
823 4751 1007 4807 modo
1046 4767 1239 4823 neque
1273 4766 1424 4810 casu
1468 4751 1598 4807 haec
1626 4751 1701 4807 de
1740 4752 1871 4824 ipso
1896 4752 2176 4825 loquitur,
2204 4753 2309 4809 sed

650 4839 795 4914 quia
840 4840 1108 4897 nondum
1163 4840 1507 4896 Judaeorum
1537 4839 2057 4897 insensibilitatem
2105 4842 2311 4913 attige-

650 4932 744 4985 rat
777 4944 791 4994 ;
814 4943 992 4985 nemo
1012 4927 1169 4982 enim
1189 4928 1521 5000 quidquam
1537 4927 1612 4983 de
1642 4928 1774 5000 ipso
1799 4927 2264 5000 interrogaverat
2294 4952 2306 4984 :

722 5189 771 5225 ³⁸
800 5186 1003 5244 Matth.
1055 5203 1172 5256 vm,
1204 5188 1293 5244 14.

2420 4572 2602 4626 πολλά.

2491 4670 2561 4734 Τῇ
2596 4663 2838 4734 ἐπαύριον
2899 4693 2952 4700 —-
2987 4669 3140 4717 Θεοῦ.
3176 4661 3287 4715 Ούκ
3324 4662 3513 4724 ἅπλῶς,
3568 4653 3670 4711 οὐδὲ
3708 4653 3763 4707 ὡς
3803 4646 3932 4709 ἔτυχε

2419 4754 2485 4804 τὰ
2541 4751 2674 4803 αὐτὰ
2723 4754 2835 4824 περὶ
2896 4750 3056 4803 αὐτοῦ
3102 4754 3401 4824 φθέγγεται,
3468 4750 3562 4805 ἀλλ’
3614 4745 3780 4810 ἐπείπερ
3816 4732 3934 4829 οὔπω

2419 4842 2661 4893 καθίκετο
2706 4848 2800 4902 τῆς
2829 4839 3177 4902 ἀναισθησίας
3205 4849 3304 4894 τῶν
3358 4838 3620 4895 Ἰουδαίων
3643 4853 3656 4868 ο
3685 4824 3828 4884 οὐδεὶς
3859 4832 3942 4889 ἹαΡ

2419 4929 2575 4983 αύτὸν
2597 4925 2748 4983 οὐδὲν
2781 4929 3025 5001 ἠρώτησε
3073 4934 3192 5007 περὶ
3248 4930 3409 4985 αὐτοῦ
3463 4948 3477 4962 ·
3531 4924 3835 5001 ἀναγκάζεται
3859 4903 3950 4981 (δί)

1374 5190 1418 5223 ²⁷
1452 5187 1650 5245 Matth.
1684 5202 1764 5257 ιιι,
1791 5190 1860 5247 17
1891 5204 1906 5254 ;
1936 5190 2085 5246 Marc
2115 5205 2175 5254 ιι,
2224 5191 2279 5245 11
2315 5206 2330 5258 ;
2365 5192 2499 5247 Luc.
2530 5206 2612 5257 ιιι,
2646 5193 2737 5246 22.

1897 5393 2126 5463 Variae
2199 5395 2527 5465 lectiones
2577 5404 2646 5466 et
2688 5408 2891 5468 notae.

746 5689 833 5749 58)
867 5689 1080 5749 Ηύὸοκη
1090 5712 1159 5745 σα
1203 5695 1270 5747 Α.

746 5620 834 5678 57)
864 5620 1110 5673 Ἐκώλυεν
1135 5622 1200 5678 Α.

717 5620 834 5839 ἓδῖ

746 5694 812 5747 58

743 5767 808 5819 59

868 5768 967 5817 Καὶ
1006 5767 1159 5816 τοῦτο
1197 5762 1427 5828 κάκεῖνος
1456 5764 1522 5822 Α.

2431 5763 2444 5774 .
2776 5630 3275 5767 ᾂίετροιιοιιᾶυηι
3327 5693 3575 5751 videtur.
3615 5688 3774 5744 Forte
3817 5673 3965 5734 etiam

2422 5765 2747 5844 ἀφυπνίζειν.
