4144 6314
159 395 328 455 113⁵1

1225 396 1596 454 COMMENT.
1636 397 1711 454 IN
1747 395 2099 453 JOANNEM.
2141 427 2211 440 -ι
2247 398 2400 455 CAP.
2442 397 2485 453 Ι.

3411 395 3554 453 1138

166 525 252 577 τὰ
297 522 432 575 αὐτά
459 523 622 594 λέγειν
647 522 822 589 πάλιν,
854 527 943 576 καὶ
975 519 1242 598 δευτέραις
1282 531 1470 596 φωναῖς
1515 523 1782 597 ἀφυπνίζει

1907 538 2142 579 rursum
2189 523 2319 580 haec
2349 523 2422 580 de
2452 524 2583 596 ipso
2621 523 2819 580 dicere
2867 521 3116 595 cogitur,
3167 525 3558 596 mentemque

167 617 281 672 τὴν
315 609 548 665 διάνοιαν
581 611 748 664 αὐτῶν
778 613 950 689 ὥσπερ
982 615 1325 686 κοιμωμένην.

260 794 363 843 Καὶ
421 789 473 842 ὃν
527 793 715 863 τρόπον
778 791 804 842 ὁ
859 792 948 862 μὲν
1003 795 1217 864 νυμφίος
1269 788 1419 845 οὐδὲν
1477 794 1601 853 τέως
1656 790 1790 862 λέγει

169 882 312 953 πρὸς
351 883 446 938 τὴν
487 881 710 952 νύμφην,
752 875 867 932 οὐδ’
921 878 1004 952 ἀφ’
1054 879 1237 933 ἑαυτοῦ
1279 879 1526 953 λαμϐάνει
1572 882 1786 938 ταύτην·

169 968 200 1020 ὅ
242 965 306 1021 δὲ
348 971 692 1041 νυμφαγωγὸς
738 970 909 1021 πάντα
949 967 1244 1042 διαλέγεται
1285 975 1375 1022 καὶ
1419 967 1789 1043 παραδίδωσιν

168 1058 350 1116 αὐτὴν
376 1075 388 1088 ·
422 1059 502 1110 ὅτε
533 1054 592 1110 δὲ
640 1057 770 1131 λάϐῃ
815 1060 1008 1116 ταύτην
1040 1058 1247 1125 ἐκεῖνος,
1280 1060 1414 1112 οὕτω
1460 1056 1786 1129 διατίθησιν,

166 1149 252 1208 ὡς
309 1145 646 1199 ἐπιλαθέσθαι
693 1148 897 1198 πάντων
928 1164 941 1177 ’
975 1147 1107 1199 οὕτω
1150 1153 1240 1200 καὶ
1295 1155 1383 1199 νῦν
1439 1149 1464 1200 ὁ
1519 1151 1609 1220 μὲν
1662 1155 1789 1221 Χρι-

171 1239 314 1298 στὸς
352 1236 428 1288 ἐτι
469 1241 598 1307 σιγᾲ
623 1253 636 1266 ⁸
672 1238 698 1287 ὁ
731 1232 789 1288 δὲ
820 1236 1060 1296 Ἰωάννης
1090 1239 1154 1289 τὰ
1195 1242 1311 1310 περὶ
1354 1237 1514 1290 αὐτοῦ
1563 1234 1786 1310 διαπρα-

162 1327 514 1397 γματεύεται.
568 1328 654 1377 Διὸ
712 1330 802 1377 καὶ
858 1326 1002 1397 φίλος
1053 1325 1213 1378 αὐτοῦ
1274 1326 1538 1390 κέκληται,
1594 1329 1660 1388 ὡς
1714 1334 1785 1396 τῷ

161 1417 339 1486 γάμῳ
379 1420 554 1488 παρὼν
603 1419 694 1465 καὶ
737 1416 908 1466 πάντα
950 1416 1072 1488 ὑπὲρ
1104 1423 1194 1467 τοῦ
1229 1420 1450 1488 νυμφίου
1509 1413 1781 1478 διακονῶν·

161 1502 352 1554 λαϐὼν
386 1499 444 1556 δὲ
483 1507 574 1560 τὴν
605 1505 982 1575 νυμφευθεῖσαν
1023 1503 1332 1561 Ἐκκλησίαν
1374 1503 1580 1572 ἐκεῖνος,
1623 1504 1784 1568 οὕτως

163 1591 349 1650 αὖ·τήν
382 1587 639 1659 διέθηκεν,
675 1595 738 1653 ὡς
770 1591 1105 1646 ἐπιλαθέσθαι
1131 1595 1331 1646 πάντων
1363 1594 1568 1646 αὐτίκα.

261 1774 362 1822 Καὶ
407 1771 638 1844 καθάπερ
693 1769 776 1823 ἐπὶ
828 1780 925 1823 τῶν
963 1773 1165 1844 γάμων,
1211 1772 1316 1844 οὐχ
1360 1774 1389 1830 ἡ
1437 1775 1606 1845 νύμφη
1656 1777 1786 1847 πρὸς

1901 629 2112 669 eorum
2141 613 2369 670 iteratis
2412 613 2660 670 vocibus
2691 611 3144 686 expergefacere
3196 613 3373 685 quasi
3423 612 3560 668 dor-

1901 702 2208 759 mientem.

1972 795 2037 847 Et
2055 791 2575 864 quemadmodum
2597 806 2858 864 sponsus
2877 791 3022 848 nihil
3049 791 3288 847 interim
3309 806 3550 863 sponsas

1897 880 2182 954 loquitur,
2215 896 2323 938 nec
2363 898 2498 938 eam
2547 897 2652 952 per
2681 881 2950 954 seipsum
2987 881 3220 953 accipit,
3275 880 3380 936 sed
3431 880 3557 936 dux

1900 987 2140 1042 sponsae
2172 972 2376 1027 omnia
2405 971 2656 1036 disserit,
2678 987 2935 1044 eamque
2958 969 3264 1036 illitradit;
3296 969 3394 1024 ubi
3417 985 3558 1026 vero

1898 1061 2053 1116 hanc
2074 1061 2200 1132 ipse
2230 1061 2544 1133 acceperit,
2569 1061 2650 1116 ita
2687 1076 2821 1116 eam
2856 1060 3152 1126 immutat,
3188 1063 3251 1114 ut
3277 1058 3378 1114 illa
3402 1058 3561 1129 prio-

1896 1166 2032 1205 rum
2061 1150 2338 1205 omnium
2394 1149 2774 1206 obliviscatur
2809 1167 2825 1204 :
2859 1149 2940 1205 ita
2986 1152 3044 1204 et
3083 1162 3243 1203 nunc
3290 1147 3556 1204 Christus

1898 1238 2096 1295 adhuc
2133 1243 2308 1304 tacet,
2349 1240 2608 1294 Joannes
2633 1254 2773 1295 vero
2804 1240 3020 1293 cuncta
3049 1239 3374 1308 operatur;
3421 1235 3558 1292 ideo

1897 1327 2078 1384 etiam
2091 1327 2323 1383 amicus
2339 1327 2551 1400 Sponsi
2570 1332 2813 1383 vocatus
2825 1330 3225 1398 est,tanquam
3239 1324 3333 1397 qui
3348 1324 3562 1396 nuptiis

1895 1423 2128 1489 praeest,
2145 1418 2465 1488 omniaque
2482 1417 2858 1474 administrat
2885 1432 3020 1489 quas
3040 1415 3117 1471 ad
3135 1415 3335 1486 ipsum
3371 1415 3556 1486 Spon-

1897 1523 2030 1562 sum
2056 1506 2368 1578 pertinent.
2403 1507 2508 1562 Ubi
2538 1521 2678 1561 vero
2719 1506 2949 1577 accepit
2971 1504 3402 1576 desponsatam
3439 1502 3558 1559 sibi

1897 1595 2236 1665 Ecclesiam,
2271 1595 2351 1650 ita
2381 1611 2515 1652 eam
2545 1595 2657 1650 sibi
2688 1593 3011 1668 copulavit,
3051 1597 3109 1648 ut
3135 1592 3238 1650 illa
3270 1593 3554 1648 continuo

1896 1683 2170 1739 omnium
2231 1683 2697 1740 oblivisceretur.

1966 1773 2032 1826 Et
2052 1772 2204 1827 sicut
2228 1787 2453 1842 sponsa
2474 1787 2858 1844 nequaquam
2876 1770 2956 1826 ad
2991 1785 3276 1842 sponsum
3304 1769 3558 1838 accedit,

166 1862 274 1912 τὸν
318 1864 532 1931 νυμφίον
576 1859 802 1928 ἄπεισιν,
859 1859 964 1912 ἀλλ’
1011 1862 1160 1923 οὗτος
1211 1865 1342 1934 πρὸς
1399 1861 1560 1920 αὐτὴν
1616 1861 1709 1914 κᾶν
1760 1865 1782 1915 ὁ

1907 1859 2001 1914 sed
2032 1860 2126 1916 hic
2156 1860 2234 1916 ad
2278 1860 2460 1930 illam,
2501 1861 2680 1917 etiam
2724 1860 2771 1915 si
2793 1859 2966 1915 fuerit
3003 1860 3128 1931 ipse
3172 1858 3326 1930 regis
3376 1857 3555 1924 ﬁlius,

164 1952 276 2020 μὲν
323 1952 399 2006 εἴη
449 1947 704 2020 βασιλέως
760 1952 888 2015 υἱὸς,
949 1952 978 2008 ἡ
1045 1947 1104 2003 δὲ
1163 1953 1490 2003 παντάπασιν
1548 1951 1776 2013 εὐτελής·

164 2038 321 2090 οὕτω
356 2043 446 2090 καὶ
481 2036 700 2090 ἐνταῦθα
732 2044 957 2110 γέγονεν.
993 2039 1158 2100 Αὐτὸς
1202 2042 1227 2092 ὁ
1257 2048 1506 2100 τοσοῦτος
1535 2043 1658 2110 πρὸς
1693 2042 1786 2096 τὴν

165 2128 630 2198 εὐκαταφρόνητον
696 2133 1036 2200 παραγέγονε,
1106 2134 1196 2180 καὶ
1270 2129 1628 2203 ἁρμοσάμενος
1695 2127 1788 2178 οὐκ

164 2221 353 2272 εἴασεν
395 2217 555 2274 αὐτὴν
604 2219 827 2269 ἐνταῦθα
856 2222 1020 2290 μένειν
1060 2218 1256 2283 λοιπὸν,
1311 2217 1440 2270 ἀλλά
1477 2216 1788 2292 παραλαϐὼν

163 2308 254 2368 εἰς
283 2309 369 2358 τὸν
404 2309 650 2379 πατρικὸν
692 2305 948 2378 ἀνήγαγεν
976 2305 1134 2373 οἷκον,
1169 2312 1255 2360 τὸν
1287 2309 1522 2383 οὐρανόν,

254 2401 356 2448 Καὶ
391 2427 456 2436 -ο
503 2396 695 2452 Ἰησοῦ.
734 2396 936 2448 Πολλῶν
983 2395 1408 2470 ἀκροασαμένων,
1460 2396 1602 2448 οὗτοι
1641 2399 1788 2467 μόνοι

165 2493 437 2549 ἥκουσαν,
471 2493 578 2547 τοῖς
605 2486 704 2537 ὠσὶ
737 2481 977 2543 δηλονότι
1000 2494 1094 2547 τῆς
1124 2487 1278 2557 ψυχῇ
1291 2509 1330 2552 ς,
1359 2496 1458 2538 τῶν
1488 2485 1650 2538 ἄλλων
1677 2493 1787 2546 τοῖς

168 2580 284 2629 ὠσὶ
314 2583 402 2627 τοῦ
439 2581 681 2646 σώματος
715 2574 1064 2646 ἀκουσάντων.
1111 2576 1197 2628 Ἐκ
1224 2579 1311 2648 μὲν
1342 2579 1442 2648 γὰρ
1490 2583 1586 2626 τῶν
1618 2575 1785 2645 μαθη-

169 2675 282 2720 τῶν
316 2665 428 2735 (62)
457 2665 693 2717 Ἰωάννου
735 2661 832 2716 δύο
862 2669 976 2717 τότε
1016 2673 1278 2737 παρῆσαν·
1323 2664 1469 2716 ἄλλοι
1518 2659 1575 2714 δε
1608 2661 1783 2712 πολλοὶ

169 2759 644 2827 παρειστήκεισαν,
699 2753 1088 2811 Ἢκολούθησαν
1144 2749 1201 2805 δὲ
1258 2753 1415 2822 αὐτῷ,
1479 2749 1782 2822 βουλόμενοι

171 2851 361 2918 πεῖραν
385 2841 556 2894 λαϐεῖν
587 2842 764 2895 αὐτοῦ.

569 3046 624 3054 -
681 3015 882 3074 ζητεῖτε
912 3034 924 3078 ;

183 3111 334 3177 σμοῖς
392 3111 488 3154 τῶν
531 3101 810 3177 ἀνθρώπων
867 3103 1178 3176 ἐμϐατεύων,
1229 3104 1335 3156 ἀλλ’
1397 3107 1479 3157 ἱνα
1539 3102 1631 3158 διὰ
1686 3113 1782 3166 τῆς

255 3018 500 3084 Στραφεὶς
569 3046 624 3054 -
681 3015 924 3078 Curata-5;
981 3015 1092 3066 Οὐκ
1136 3017 1350 3087 ἀγνοῶν,
1407 3017 1432 3068 ὁ
1489 3023 1594 3076 τοῖς
1639 3015 1781 3086 λογι-

1897 1949 1998 2004 illa
2026 1966 2167 2005 vero
2188 1951 2454 2005 omnium
2494 1949 2898 2020 abjectissima
2931 1964 2943 2004 :
2976 1950 3057 2004 ita
3098 1953 3155 2004 et
3182 1947 3281 2003 hic
3319 1947 3556 2003 accidit.

1900 2039 2008 2094 Iste
2037 2054 2175 2094 cum
2215 2043 2414 2094 tantus
2448 2042 2622 2104 esset,
2661 2037 2736 2093 ad
2765 2053 2900 2093 eam
2941 2052 3076 2108 quas
3105 2035 3557 2107 despectissima

1897 2133 2042 2192 erat,
2076 2127 2345 2195 accessit,
2386 2133 2439 2183 et
2484 2127 2834 2199 conjunctus
2865 2142 2981 2181 non
3026 2125 3295 2198 permisit
3346 2129 3412 2180 ut
3461 2125 3559 2180 hic

1897 2215 2178 2289 deinceps
2208 2221 2562 2282 remaneret,
2604 2216 2710 2271 sed
2750 2219 3092 2288 susceptam
3135 2215 3193 2270 in
3233 2218 3554 2288 paternam

1897 2305 2143 2361 deduxit
2173 2306 2447 2371 domum,
2471 2305 2586 2361 hoc
2617 2311 2725 2369 est,
2757 2305 2817 2360 in
2848 2304 3086 2360 cmlum.

1970 2395 2134 2450 Vers.
2161 2399 2248 2450 37.
2276 2397 2439 2450 Εε-
2459 2395 2674 2450 Iesum.
2719 2394 2875 2449 Inter
2902 2393 3122 2448 multos
3153 2393 3454 2449 auditores
3491 2393 3554 2448 hi

1896 2483 2004 2538 soli
2063 2483 2301 2538 audisse
2359 2483 2656 2546 dicuntur,
2710 2482 2957 2537 auribus
2996 2481 3270 2537 videlicet
3317 2482 3552 2547 animae,

1894 2588 2032 2626 cum
2079 2571 2178 2626 alii
2234 2571 2434 2641 utique
2472 2570 2781 2626 audissent
2831 2569 3079 2626 auribus
3127 2571 3434 2641 corporis;
3481 2586 3556 2626 ex

1893 2659 2203 2730 discipulis
2243 2675 2508 2731 namque
2556 2659 2800 2715 Joannis
2852 2657 2960 2714 soli
3001 2658 3084 2730 (h)
3141 2659 3202 2714 hi
3249 2659 3373 2716 duo
3410 2663 3553 2715 tunc

1891 2749 2094 2804 animo
2124 2753 2443 2828 praesentes
2463 2754 2807 2814 erant,cum
2837 2753 3037 2804 tamen
3060 2747 3160 2804 alii
3187 2748 3361 2804 multi
3391 2754 3561 2805 asta-

1888 2843 2044 2895 rent.
2085 2836 2280 2893 Secuti
2296 2842 2434 2894 sunt
2453 2842 2652 2894 autem
2667 2852 2825 2906 eum,
2845 2837 3154 2910 cupientes
3175 2837 3304 2909 ejus
3331 2837 3556 2898 habere

1887 2927 2172 2984 notitiam.

1959 3017 2126 3073 Vers.
2168 3020 2252 3073 38.
2291 3017 2616 3076 Conversus
2650 3048 2718 3060 —
2747 3017 3004 3089 quaeritis
3035 3019 3064 3073 ?
3092 3020 3219 3074 Non
3259 3019 3552 3090 tanquam

1886 3107 2196 3176 ignorans,
2227 3108 2330 3180 qui
2354 3107 2669 3163 homnium
2703 3111 2969 3180 penetrat
3005 3107 3420 3178 cogitationes,
3449 3108 3558 3165 sed

183 3195 482 3267 ἐρωτήσεως
526 3192 862 3250 οἰκειὼσηται
909 3196 1138 3257 τούτους,
1199 3199 1287 3246 καὶ
1343 3197 1602 3268 παράσχη
1656 3193 1782 3268 6αρ-

1907 3200 1953 3251 lt.
1975 3195 2394 3267 interrogando
2417 3196 2739 3254 familiares
2759 3197 2870 3253 sibi
2883 3197 3156 3252 redderet
3173 3213 3239 3252 ac
3265 3195 3553 3257 ﬁduciam

178 3285 306 3358 ῥεῖν.
351 3283 502 3344 Εἰκὸς
527 3284 626 3355 γὰρ
673 3282 863 3342 αὐτοὺς
905 3281 1145 3357 ἑρυθριᾲν
1194 3287 1287 3348 ἔτι,
1335 3288 1422 3336 καὶ
1452 3283 1676 3355 ἀγωνιᾷν
1712 3286 1782 3346 ὡς

183 3372 430 3443 ἀγνῶτας.

254 3463 319 3512 Οἱ
371 3457 428 3513 δὲ
484 3492 548 3500 -
603 3465 801 3532 μένεις
834 3465 1006 3518 Μήπω
1067 3458 1234 3533 μηδὲν
1282 3462 1406 3536 παρ’
1463 3461 1624 3514 αὐτοῦ
1684 3482 1782 3534 μαο

183 3552 372 3613 ϐάντες,
414 3546 737 3601 διδάσκαλον
779 3548 933 3601 αὐτὸν
980 3549 1322 3620 ὀνομάζουσι,
1372 3554 1464 3608 τὴν
1514 3550 1683 3602 αἰτίαν
1728 3569 1782 3603 τε

183 3635 255 3688 δι’
301 3642 360 3695 ἣν
402 3635 574 3702 ἦλθον,
625 3634 897 3700 δηλοῦντες
937 3636 1180 3708 ἐντεῦθεν,
1225 3641 1302 3690 ὅτι
1344 3637 1684 3710 ἀκουσόμενοί
1729 3659 1780 3691 τι

180 3735 277 3776 των
309 3731 613 3799 χρησίμων,
659 3732 748 3780 καὶ
789 3728 861 3790 εἰς
889 3729 1128 3799 μαθητὰς
1180 3727 1518 3789 εἰσωθοῡντιεςΔ
1545 3728 1776 3790 ἑαυτούς.

181 3819 410 3886 Λέγουσι
443 3813 519 3887 δὲ,
556 3823 663 3869 Ποῦ
699 3821 864 3888 μένεις
892 3834 905 3883 ;
939 3815 1243 3890 βουλόμενοι
1280 3819 1416 3869 κατ-ἀ
1444 3822 1604 3889 μόνας
1635 3817 1778 3870 ἐντυ-

180 3910 296 3976 χεῖν
327 3904 466 3976 αὐτῷ
496 3909 586 3957 καὶ
614 3906 728 3978 μεθ’
753 3908 1014 3978 ἡσυχίας.

253 4087 493 4155 Λέγει-
527 4080 685 4137 ἴδετε.
737 4083 813 4136 Οὐ
865 4083 996 4155 λέγει
1029 4086 1090 4136 τὰ
1141 4086 1398 4156 σύσσημα
1451 4093 1540 4145 τῆς
1587 4085 1775 4153 οἰκίας,

184 4170 333 4223 θέλω)
360 4171 550 4234 αὐτοὺς
582 4171 901 4241 ἀκολουθεῖν,
926 4174 1008 4225 ἱνα
1035 4178 1122 4226 καὶ
1148 4173 1297 4226 πλέον
1323 4173 1680 4248 θαρρήσωσιν.

250 4348 438 4401 ἾΙλΘον
505 4381 569 4390 --
655 4347 873 4408 δεκάτη.
948 4351 1378 4424 Ἐπισημαίνεται
1448 4357 1542 4410 τὴν
1620 4354 1774 4426 ὥραν,

179 4441 520 4511 οἱνιττόμενος
586 4443 778 4492 τούτων
842 4461 894 4494 τε
954 4445 1012 4493 τὸ
1069 4442 1364 4513 φιλομαθὲς,
1422 4440 1662 4493 κάκείνου
1723 4445 1778 4494 τὸ

179 4529 554 4602 φιλάνθρωπον,
580 4531 660 4582 ὅτι
689 4527 803 4582 οὐδ’
829 4532 928 4582 υπό
956 4540 1044 4591 τῆς
1074 4533 1213 4604 ὧρας
1243 4531 1636 4603 ἀπετράπησαν,
1668 4529 1776 4590 ἤδη

176 4623 303 4692 πρὸς
332 4615 543 4692 δυσμὰς
574 4622 718 4681 ὄντος
746 4627 837 4671 τοῦ
870 4620 1041 4687 ἡλίου,
1076 4618 1189 4673 οὐδ’
1218 4620 1638 4694 ἐπροφασίσαντο
1663 4620 1777 4692 (63)

178 4712 260 4761 τὸν
282 4714 482 4783 καιρὸν,
515 4713 616 4762 εἴτε
648 4729 696 4761 τι
724 4711 910 4784 ἕτερον.

250 4798 308 4848 Εἰ
376 4795 433 4850 δὲ
478 4797 710 4870 ἀλλαχοῦ
756 4798 909 4870 λέγει,
956 4802 1025 4870 μὴ
1083 4800 1215 4869 ἔχει,
1271 4804 1370 4849 ποῦ
1411 4802 1502 4856 τὴν
1555 4797 1778 4870 κεφαλὴν

178 4885 343 4958 κλίνη,
376 4887 434 4937 οὐ
475 4892 592 4960 περὶ
633 4887 796 4947 οἰκίας
833 4887 1007 4948 οἰπλῶς
1043 4891 1196 4939 τοῦτὸ
1243 4905 1420 4958 φησιν,
1480 4885 1607 4938 ἀλλὰ
1657 4892 1777 4960 περὶ

180 4971 336 5035 ἰδίας.
430 4971 594 5026 ’ἰδίαν
679 4977 777 5050 γάρ
869 4975 961 5026 οὐκ
1048 4982 1208 5047 εἶχεν,
1298 4974 1404 5027 ἀλλ’
1489 4974 1777 5050 ἀλλοτρίαις

179 5064 452 5134 ἐκέχρητο.

241 5150 360 5204 Ὀτι
448 5154 538 5225 μὲν
617 5148 704 5204 οὖν
775 5151 900 5226 παρ’
967 5151 1106 5224 αὐτῷ
1157 5157 1355 5227 ἔμειναν
1433 5159 1528 5214 τὴν
1580 5157 1776 5229 ἡμέραν

247 5350 293 5385 ³⁸
323 5348 524 5406 Matth.
562 5349 699 5414 VIII,
745 5354 832 5406 20.

1812 4591 1853 4645 D

1890 3286 2076 3341 daret.
2138 3285 2453 3341 Verisimile
2499 3292 2586 3341 est
2635 3285 2816 3353 enim,
2867 3285 3028 3357 quod
3096 3285 3547 3353 erubescebant,

1890 3378 1946 3430 et
1981 3375 2155 3446 quasi
2193 3374 2379 3443 ignoti
2424 3375 2846 3430 formidabant.

1962 3463 2126 3518 Vers.
2152 3467 2240 3519 39.
2281 3465 2360 3518 At
2385 3463 2476 3518 illi
2494 3495 2562 3503 ——
2585 3463 2816 3519 habitas
2843 3462 2872 3518 ?
2893 3465 3040 3519 Cum
3063 3461 3335 3518 nondum
3367 3463 3446 3519 ab
3475 3479 3548 3520 eo

1889 3552 2226 3625 quidquam
2254 3551 2579 3618 audissent,
2605 3551 2961 3622 magistrum
2990 3551 3107 3608 sive
3121 3558 3550 3624 praeceptorem

1889 3657 2027 3696 eum
2055 3640 2399 3712 appellant:
2425 3645 2605 3713 atque
2636 3640 2771 3698 hinc
2801 3657 3048 3698 causam
3078 3655 3186 3696 cur
3231 3656 3552 3713 sequeren-

1890 3735 1983 3785 tur
2014 3730 2419 3795 manifestaut,
2453 3729 2723 3785 videlicet
2760 3733 2826 3784 ut
2855 3746 2980 3801 quae
3008 3729 3202 3785 forent
3226 3729 3392 3786 utilia
3443 3747 3550 3786 au-

1889 3820 2101 3885 dirent,
2136 3824 2306 3889 utque
2329 3834 2456 3873 sese
2487 3819 2547 3872 in
2595 3817 2923 3891 discipulos
2962 3818 3312 3887 ingererent,
3337 3818 3553 3875 Dicunt

1888 3913 2089 3964 autem
2119 3925 2130 3964 :
2173 3908 2281 3964 Ubi
2320 3907 2553 3964 habitas
2579 3908 2606 3963 ?
2630 3907 2894 3964 volentes
2923 3906 3145 3964 diutius
3176 3912 3232 3964 et
3260 3907 3322 3964 in
3351 3907 3548 3979 quiete

1888 4013 2025 4052 cum
2066 4012 2137 4052 eo
2169 3996 2530 4052 conversari.

1959 4087 2122 4142 Vers.
2164 4087 2253 4140 40.
2298 4085 2442 4142 Dicit
2471 4116 2538 4127 -
2569 4085 2778 4143 videte.
2833 4089 2962 4142 Non
3013 4086 3117 4142 dat
3165 4085 3546 4142 habitationis

1889 4176 2084 4246 signa,
2124 4175 2330 4232 volens
2369 4180 2432 4231 ut
2487 4174 2569 4230 illi
2600 4180 3008 4248 sequerentur,
3071 4191 3195 4248 quo
3254 4175 3547 4246 majorem

1887 4265 2174 4320 haberent
2228 4264 2541 4320 ﬁduciam.

1957 4355 2119 4408 Vers.
2151 4357 2236 4410 40.
2281 4354 2573 4410 Venerunt
2601 4385 2666 4395 —
2691 4353 2938 4411 decima.
2973 4355 3189 4410 Horam
3221 4353 3539 4423 signiﬁcat,

1887 4449 1944 4500 et
1973 4444 2031 4499 in
2061 4443 2430 4499 hisinnuens
2469 4443 2860 4515 discipulatus
2917 4443 3304 4508 desiderium,
3366 4448 3422 4497 et
3478 4443 3542 4497 in

1888 4533 1987 4588 illo
2036 4533 2492 4597 humanitatem,
2553 4532 2719 4604 quod
2766 4548 2963 4604 neque
3007 4539 3252 4604 propter
3298 4536 3540 4602 tempus

1889 4623 2084 4678 aversi
2125 4628 2282 4686 sunt,
2316 4638 2451 4677 cum
2487 4622 2615 4691 jam
2649 4621 2739 4676 sol
2764 4621 2836 4677 ad
2867 4636 3146 4676 occasum
3181 4619 3540 4674 declinaret:

1888 4727 2078 4783 neque
2101 4716 2352 4782 tempus,
2387 4716 2489 4765 aut
2527 4710 2689 4765 aliud
2718 4709 3031 4780 quippiam
3077 4709 3307 4764 causati
3347 4712 3506 4763 sunt.

1960 4799 2128 4864 Quod
2156 4800 2204 4853 si
2227 4798 2365 4853 alibi
2389 4798 2607 4852 dicitse
2635 4813 2746 4851 non
2773 4797 2996 4853 habere
3021 4797 3123 4852 ubi
3153 4800 3329 4868 caput
3360 4812 3541 4851 suum

1887 4887 2200 4943 reclinaret
2230 4889 2299 4951 ²⁸,
2326 4893 2474 4942 non‘
2507 4887 2622 4942 hoc
2659 4885 3000 4957 simpliciter
3037 4887 3111 4942 de
3165 4885 3348 4941 domo
3378 4884 3541 4953 dicit,

1889 4977 1994 5033 sed
2032 4977 2106 5032 de
2136 4976 2378 5048 propria
2415 4976 2598 5031 domo
2627 4993 2640 5031 :
2685 4989 2876 5048 neque
2907 4975 3067 5031 enim
3109 4975 3417 5047 propriam
3438 4974 3546 5031 ha-

1888 5065 2087 5130 bebat,
2131 5064 2236 5119 sed
2266 5064 2475 5120 alienis
2503 5064 2802 5120 utebatur.

1959 5155 2104 5210 Dicit
2132 5154 2334 5225 itaque
2401 5153 2766 5223 evangelista
2805 5153 3100 5211 mansisse
3152 5153 3315 5226 ipsos
3374 5153 3542 5226 apud

1399 5449 1618 5517 Varia:
1649 5450 1974 5518 lectiones
2001 5460 2063 5515 ct
2104 5457 2306 5515 notae.

246 5632 361 5703 (se)
392 5640 494 5686 Τοῦ
522 5633 689 5691 addit
717 5636 782 5690 A.

1962 5634 2073 5705 (63)
2105 5630 2245 5686 Οὑδὶ
2273 5639 2696 5709 προφασίσαντος
2723 5636 2790 5690 Α.

243 5812 325 5890 (h)
365 5813 499 5871 Soli.
536 5817 824 5892 lnterpres
853 5813 1083 5875 videtur
1107 5814 1425 5882 invenisse,
1455 5811 1550 5870 δύο
1583 5817 1697 5870 τότε
1729 5817 1898 5890 μόνοι,
1937 5813 2102 5891 quod
2133 5829 2245 5875 nec
2278 5814 2418 5876 mihi
2452 5813 2735 5893 displicet.
