4144 6314
658 387 800 444 1139

2007 379 2348 440 EUTHYMII
2386 378 2686 441 ZIGABEN
2692 387 2712 441 Ι

3906 387 4019 444 ’1140

658 531 795 570 eum
825 512 920 568 die
949 509 1091 567 illo:
1124 510 1289 583 quod
1325 514 1526 567 autem
1549 510 1818 568 instructi
1859 512 1978 568 sint
2015 511 2308 583 tanquam

2421 510 2613 571 ἐκείνην
2671 512 2805 566 εἶπεν
2850 514 2875 565 ὀ
2933 512 3324 585 εὐαγγελιστης·
3380 514 3459 564 ὅτι
3512 509 3580 564 δὲ
3644 507 4014 584 ἐδιδάχθησαν.

658 602 1043 659 manifestum
1075 599 1312 671 reliquit
1346 599 1820 670 intelligendum.
1854 604 2106 656 Tantum
2150 600 2311 654 enim

658 708 783 747 una
812 695 985 745 nocte
1018 688 1408 761 profecerunt,
1451 695 1513 745 ut
1544 689 1621 745 ad
1653 690 1904 745 aliorum
1937 688 2314 745 venationem

658 779 929 853 sequenti
955 779 1050 834 die
1080 777 1488 850 procederent.

731 871 973 941 Oportet
1033 868 1213 937 igitur
1256 873 1312 923 et
1372 883 1482 922 nos
1531 867 1606 922 ob
1654 868 1884 922 nullum
1934 866 2316 938 tergiversari

658 964 894 1030 tempus
949 957 1027 1013 ab
1079 956 1394 1012 audiendis
1444 956 1538 1011 his
1583 973 1719 1028 qua
1767 955 1961 1012 divina
2000 961 2157 1022 sunt,
2211 956 2316 1011 sed

657 1049 862 1105 omnia
891 1046 985 1102 bis
1024 1047 1356 1117 posteriora
1380 1045 1618 1101 ducere.
1650 1045 1777 1100 Alia
1809 1046 2096 1118 siquidem
2145 1061 2317 1101 mun-

659 1139 823 1194 dana
839 1137 1120 1192 universa
1141 1140 1380 1206 tempus
1418 1134 1641 1190 habent
1675 1156 1688 1188 :
1721 1135 1800 1190 ad
1832 1136 1962 1190 hac
1981 1151 2117 1191 vero
2135 1151 2316 1190 omne

658 1232 898 1298 tempus
940 1229 1064 1280 esto
1113 1224 1496 1279 conveniens.

731 1316 893 1370 Vers.
917 1319 1006 1372 41.
1025 1316 1173 1369 Erat
1196 1345 1261 1355 --
1279 1329 1430 1370 eum.
1449 1314 1700 1370 Alterius
1733 1314 1890 1370 siluit
1912 1314 2273 1370 vocabulum
2297 1354 2312 1380 ,

660 1407 726 1478 (ἰ)
759 1407 879 1460 sive
916 1405 1060 1478 quia
1098 1404 1347 1473 insignis
1379 1419 1500 1459 non
1531 1409 1656 1459 erat
1696 1404 1786 1459 vel
1829 1404 2099 1476 cognitus
2142 1421 2156 1472 ;
2198 1404 2316 1459 sive

659 1497 779 1566 ipse
804 1495 907 1566 qui
927 1494 1056 1549 hac
1089 1492 1288 1548 scribit
1316 1499 1460 1558 erat,
1491 1498 1554 1548 ut
1580 1491 1829 1564 quidam
1874 1493 2098 1548 dicunt.

730 1675 890 1728 Vers.
923 1675 1011 1726 42.
1057 1671 1289 1737 Reperit
1321 1703 1388 1710 —
1413 1671 1690 1728 Christus.
1736 1673 1942 1727 Sermo
1983 1675 2070 1726 est
2109 1671 2318 1727 admo-

661 1763 807 1818 dum
839 1761 1092 1817 latantis
1145 1778 1158 1817 :
1210 1762 1542 1816 Invenimus
1582 1777 1764 1833 quem
1831 1760 2256 1833 quarebamus
2300 1801 2312 1826 ,

2420 603 2490 663 ὡς
2535 599 2797 677 πρόδηλον
2851 604 3018 674 ἀφῆκε
3067 605 3318 655 νοεῖσθαι.
3376 608 3649 653 Τοσοῦτον
3701 603 3808 675 γὰρ
3852 600 3896 652 ἐν
3943 608 4017 673 μιᾷ

2419 696 2567 742 νυκτὶ
2605 691 2963 763 ὠφελήθησαν,
3007 694 3078 754 ὡς
3119 692 3232 765 μεθ’
3281 693 3474 762 ἡμέραν
3519 689 3603 762 ἐφ’
3662 689 3849 763 ἑτέρων
3884 693 4012 762 θήρῃ

2421 777 2578 832 ἐλθεῖν
2611 782 2770 832 αὐτού
2782 801 2821 842 ς.

2492 874 2605 942 Χρὴ
2659 874 2828 922 τοίνυν
2876 874 2966 923 καὶ
2995 871 3131 943 ἡμᾶς
3183 866 3387 940 μηδένα
3435 868 3880 941 προφασίζεσθαι
3916 890 4007 921 και-

2420 962 2510 1033 ρὸν
2559 959 2626 1019 εἰς
2655 957 2906 1031 ἀκρόασιν
2949 961 3108 1024 θείαν,
3158 957 3286 1011 ἀλλὰ
3335 960 3502 1010 πάντα
3563 955 3803 1030 δεύτερα
3857 961 4006 1018 ταύτης

2419 1047 2745 1119 λογίζεσθαι,
2785 1048 2959 1101 Τᾶλλα
2995 1052 3085 1121 μὲν
3131 1051 3233 1121 γὰρ
3279 1049 3382 1100 ὅσα
3427 1046 3672 1120 βιωτικὰ
3703 1051 3888 1120 καιρὸν
3927 1046 3996 1116 ἐχέ-

2421 1155 2514 1189 τω·
2564 1141 2694 1210 πρὸς
2752 1140 2946 1196 ταύτην
3006 1134 3066 1190 δε
3116 1144 3216 1200 πᾶς
3266 1139 3390 1210 ἡμῖν
3442 1139 3585 1189 ἔστω
3635 1140 3828 1211 καιρὸς
3874 1135 3997 1192 ἐπιτή-

2424 1223 2582 1288 ὃειος.

2492 1315 2588 1368 Ἦν
2641 1346 2704 1357 -—
2761 1315 2921 1386 αὐτῷ.
2959 1323 3061 1368 Τοῦ
3105 1315 3276 1390 ἑτερου
3331 1320 3733 1389 παρεσιώπησε
3781 1319 3870 1374 τὴν
3917 1314 4002 1369 κλῇ·

2426 1425 2528 1472 σιν,
2575 1408 2604 1463 ἣ
2676 1401 2815 1457 διότι
2859 1405 2952 1456 οὐκ
3010 1402 3068 1462 ἦν
3123 1413 3222 1456 τῶν
3279 1403 3555 1476 ἐπισήμων
3613 1409 3709 1457 καὶ
3776 1409 4003 1478 γνωρίμων

2424 1493 2629 1560 ἐκεῖνος,
2673 1494 2702 1553 ἣ
2755 1496 2836 1546 ὃτι
2884 1494 3046 1556 αὐτὸς
3089 1491 3172 1561 ἧν,
3205 1496 3230 1545 ὁ
3278 1502 3446 1546 ταῦτα
3498 1496 3753 1566 γράφων,
3805 1495 3867 1554 ὥς
3909 1497 4006 1552 τινές

2425 1603 2581 1656 φασιν
2595 1628 2608 1640 .

2497 1675 2739 1748 Εὖρίσκει
2777 1705 2845 1713 -
2893 1677 3138 1747 Χριστός.
3195 1670 3404 1746 Σφόδρα
3451 1678 3752 1748 χαίροντος
3796 1673 3821 1724 ὁ
3865 1670 4004 1740 λόγος.

2424 1764 2728 1835 Εὑρήκαμεν
2760 1762 2812 1813 ὃν
2845 1760 3140 1834 ἐζητοῦμεν,
3176 1763 3229 1814 ὃν
3260 1759 3676 1836 προσεδοκῶμεν
3710 1761 3867 1828 ἦξειν,
3899 1760 3943 1810 ὃν
3969 1760 4005 1808 αἱ

659 1868 843 1924 quem
895 1857 1209 1905 venturum
1277 1853 1692 1921 sperabamus,
1758 1865 1940 1922 quem
2009 1850 2317 1920 Scriptura

2426 1857 2622 1924 Γραφαὶ
2656 1851 3020 1923 κατήγγελλον.
3053 1852 3165 1924 Ἀφ’
3198 1853 3264 1902 ὧν
3289 1855 3390 1927 γὰρ
3420 1851 3855 1924 ἐμυστοιγωγήθη
3883 1856 4005 1904 συνῆ-

662 1941 1164 1996 annuntiaverunt
1190 1955 1203 2005 ;
1228 1956 1366 1995 nam
1398 1939 1475 1995 ab
1497 1940 1586 1994 his
1612 1940 1770 1995 hunc
1791 1955 1923 1994 esse
1948 1939 2246 2008 cognovit,
2283 1955 2318 1994 a

661 2028 880 2097 quibus
911 2027 988 2083 ad
1020 2043 1192 2082 sacra
1221 2028 1594 2083 introductus
1635 2032 1746 2084 est.

733 2118 1057 2173 Considera
1085 2133 1243 2182 vero,
1298 2119 1460 2189 quod
1497 2117 1553 2171 hi
1583 2117 1762 2172 etiam
1808 2133 1945 2172 cum
1991 2117 2318 2189 piscatores

666 2211 863 2262 essent
889 2206 1198 2278 Scripturis
1222 2206 1491 2262 animum
1517 2206 1908 2263 advertebant
1941 2223 1954 2261 :
1989 2222 2098 2261 nos
2116 2213 2318 2262 autem

662 2296 760 2368 qui
791 2295 866 2350 de
904 2297 986 2350 eis
1025 2296 1431 2367 colloquimur,
1476 2296 1538 2351 in
1595 2296 1803 2368 eisque
1853 2311 2168 2351 versamur
2219 2296 2316 2368 (j),

661 2400 1052 2457 nequaquam
1078 2393 1278 2440 tamen
1311 2385 1463 2441 adeo
1490 2385 1763 2441 animum
1783 2385 2174 2441 attendimus.

2427 1960 2509 1993 κεν
2540 1943 2618 1993 ὅτι
2651 1942 2802 2002 αὐτὸς
2825 1942 2991 1999 ἐστιν,

2497 2117 2632 2192 Ὀρα
2662 2115 2721 2170 δὲ
2748 2119 2846 2183 ὅτι,
2881 2123 2970 2171 καὶ
3001 2118 3159 2180 ἁλιεῖς
3203 2122 3356 2185 ὄντες,
3405 2126 3708 2193 προσεῖχον
3752 2125 3864 2179 ταῖς
3903 2121 3998 2188 Γρα-

2429 2215 2544 2280 φαίς
2576 2225 2589 2237 ·
2650 2210 2799 2278 ἡμεῖς
2853 2205 2931 2272 δὲ,
2973 2214 3058 2260 καὶ
3113 2209 3406 2281 ὁμιλοῦντες
3455 2208 3664 2273 αὐταῖς,
3733 2203 3841 2259 οὐδ’
3894 2206 3997 2256 οὕτω

2428 2300 2762 2370 προσέχομεν
2795 2297 2927 2367 (64).

733 2477 777 2544 ·ι-
803 2475 1192 2530 Medtatorem
1217 2474 1509 2542 videlicet,
1543 2491 1731 2545 genus
1763 2491 1799 2531 a
1825 2476 1942 2530 Deo
1979 2491 2048 2530 ac
2079 2474 2431 2530 hominibus
2462 2475 2797 2530 ducentem.

736 2565 898 2618 Vers.
940 2568 1027 2621 43.
1060 2565 1135 2618 Et
1159 2566 1466 2620 —Jesum.
1504 2566 1829 2636 Postquam
1855 2564 2128 2619 videlicet
2157 2564 2322 2619 dixe-

665 2657 758 2709 rat
786 2670 921 2726 qua
962 2654 1038 2708 ab
1066 2670 1135 2708 eo
1184 2653 1474 2709 audierat.
1521 2654 1828 2725 Siquidem
1867 2654 1980 2708 hoc
2020 2669 2322 2724 germana

668 2741 1052 2797 fraternitatis
1103 2747 1207 2807 est,
1251 2743 1366 2796 hoc
1415 2742 1661 2796 sincera
1716 2742 2010 2813 amicitia,
2062 2748 2124 2797 ut
2184 2742 2324 2797 boni

669 2831 1020 2902 participem
1082 2837 1350 2886 assumat
1381 2835 1435 2886 et
1463 2831 1727 2887 fratrem.
1780 2832 2068 2886 Fortassis
2123 2836 2326 2886 autem

672 2934 795 2972 non
808 2918 1148 2990 retulitqua
1162 2919 1238 2973 ab
1255 2935 1325 2973 eo
1341 2921 1622 2990 mysteria
1637 2920 1928 2983 audierat,
1959 2920 2064 2974 sed
2095 2925 2326 2976 tantum

673 3004 778 3060 ubi
804 3005 1091 3060 dixisset:
1133 3007 1469 3063 Invenimus
1520 3009 1816 3073 Messium,
1849 3009 2016 3063 duxit
2067 3025 2204 3064 eum
2253 3010 2326 3064 ad

675 3095 897 3156 Jesum,
982 3095 1042 3149 id
1123 3095 1318 3150 solum

678 3183 1027 3255 Christoque
1059 3183 1332 3252 traderet,
1366 3187 1554 3242 sciens
1593 3186 1758 3258 quod
1797 3186 1890 3242 ille
1921 3188 2158 3242 doceret
2191 3203 2329 3243 eum

676 3272 980 3330 universa.

749 3364 912 3418 Vers.
960 3364 1048 3419 43.
1101 3364 1358 3420 Intuitus
1413 3397 1483 3405 —
1530 3366 1759 3421 Petrus.
1815 3368 1958 3431 Qua
2009 3367 2336 3422 divinitatis

682 3455 820 3506 sunt
868 3452 1150 3525 deinceps
1203 3471 1238 3508 a
1286 3453 1565 3509 vaticinio
1591 3456 1820 3526 aperire
1859 3455 2077 3527 incipit.
2148 3455 2337 3528 Siqui-

682 3542 820 3595 dem
848 3555 968 3595 non
1000 3545 1198 3596 minus
1237 3542 1500 3599 alliciunt
1545 3544 1819 3599 homines
1860 3545 2184 3615 pr0phetia
2235 3550 2336 3600 aut

682 3629 1019 3684 futurorum
1073 3631 1467 3696 annuntiatio,
1538 3647 1727 3704 quam
1782 3633 1972 3703 signa.
2052 3634 2338 3688 Praterea

685 3719 884 3773 minus
903 3719 1078 3774 etiam
1106 3726 1311 3791 patent
1333 3722 1606 3788 invidia;
1635 3739 1774 3777 nam
1811 3724 1984 3794 signa
2013 3723 2340 3778 calumnia-

684 3807 896 3862 bantur
938 3809 1298 3880 insipientes.
1341 3811 1410 3866 In
1465 3812 1789 3878 Beelzebul,
1831 3813 2130 3883 inquiunt,
2182 3813 2338 3883 ejicit

687 3896 987 3954 daemonia.
1030 3901 1108 3953 De
1148 3899 1469 3970 prophetiis
1522 3916 1662 3956 vero
1693 3900 1838 3956 nihil
1864 3901 1975 3956 tale
2006 3901 2228 3957 dixisse
2255 3901 2332 3957 le-

689 3991 930 4055 guntur.

761 4077 826 4128 Et
880 4075 1039 4130 circa
1097 4077 1399 4131 Simonem
1456 4078 1697 4148 quidem
1746 4083 1798 4134 et
1849 4079 2178 4135 Nathanael
2227 4079 2339 4134 hoc

686 4177 832 4216 usus
862 4169 947 4217 est
977 4165 1179 4220 modo.
1215 4168 1290 4220 De
1317 4166 1538 4222 andrea
1569 4173 1769 4223 autem
1800 4174 1855 4223 et
1895 4167 2166 4239 philippo
2195 4168 2340 4223 nihil

687 4251 1037 4306 vaticinatus
1062 4259 1168 4308 est.
1198 4254 1499 4324 Siquidem
1514 4256 1778 4311 Andreas
1816 4258 2061 4311 Joannis
2087 4258 2340 4313 testimo-

687 4339 786 4394 nio
845 4345 1125 4395 attractus
1181 4348 1269 4396 est
1317 4360 1334 4412 ;
1405 4343 1710 4416 Philippus
1763 4361 1898 4400 vero
1947 4346 2164 4402 .videns
2206 4347 2338 4402 illos

684 4428 789 4500 qui
817 4429 1013 4501 ipsum
1039 4433 1458 4502 sequebantur,
1492 4433 1570 4488 ad
1599 4433 1781 4489 ﬁdem
1809 4436 2006 4506 etipse
2049 4435 2340 4491 adductus

688 4524 791 4574 est.
826 4521 902 4573 De
924 4519 1093 4574 Petro
1123 4519 1361 4591 quidem
1383 4523 1763 4594 prophetavit
1795 4525 1969 4595 cujus
1987 4525 2336 4593 essetﬁlius,

687 4613 745 4664 et
775 4624 896 4680 quo
919 4610 1227 4664 vocandus
1287 4617 1439 4667 esset
1467 4614 1734 4671 nomine.
2129 4623 2132 4626 ί

760 4699 968 4762 Quare
1012 4704 1299 4769 praterea
1327 4700 1404 4755 ad
1445 4702 1852 4772 perfectiorem
1894 4703 2339 4773 intelligentiam

687 4788 856 4842 tertio
883 4787 1048 4857 juxta
1075 4789 1406 4844 Matthaum
1436 4792 1630 4862 capite
1660 4792 1798 4847 dicti
1828 4792 1982 4846 illius
2015 4793 2337 4848 enarratio-

687 4891 827 4932 nem
849 4897 861 4931 :
880 4876 1194 4934 Ambulans
1206 4878 1374 4934 Jesus
1391 4881 1552 4936 circa
1569 4895 1733 4937 mare
1751 4880 1878 4936 Gali
1883 4882 2022 4944 ιωω,
2034 4881 2181 4937 vidit
2193 4882 2340 4937 duos

2506 2568 2606 2616 Καὶ
2657 2595 2721 2604 --
2767 2565 2995 2620 Ἰησοῦν,
3049 2563 3215 2617 Εἰπὼν
3263 2566 3295 2615 οἱ
3343 2568 3566 2628 ἤκουσε,
3624 2560 3854 2621 δηλονότι
3900 2558 3995 2630 παρ’

2435 2653 2610 2706 αὑτοῦ.
2674 2660 2837 2705 Τοῦτο
2892 2657 3239 2724 γνησιὸτητος
3303 2650 3610 2726 ἀδελφικῆς,
3667 2661 3809 2704 τοῦτο
3862 2649 3992 2720 φιλίας

2436 2742 2761 2816 εἰλικρινοῦς,
2855 2745 3095 2794 κοινωνὸν
3168 2750 3260 2794 τοῦ
3341 2742 3550 2813 ἀγαθοῦ
3635 2738 3985 2815 προσλαμϐάνειν

2435 2836 2525 2884 καὶ
2565 2834 2649 2883 τὸν
2679 2827 2915 2903 ἀδελφόν.
2957 2830 3111 2892 Ἴσως
3150 2828 3209 2884 δὲ
3264 2837 3352 2883 καὶ
3401 2831 3458 2883 οὐ
3474 2829 3532 2885 Ῐὲ
3574 2829 3708 2886 εἶπεν
3749 2831 3779 2882 ἃ
3817 2829 3983 2890 iuvera-

2435 2922 2676 2992 γωγόθη,
2719 2918 2847 2971 ἀλλά
2891 2924 3043 2992 μόνον
3097 2920 3271 2986 εἰπὼν,
3332 2923 3645 2994 Εὑρήκαμεν
3695 2925 3770 2972 τὸν
3813 2921 3971 2980 ltissim,

2437 3011 2629 3080 ἢγαγεν
2652 3009 2805 3060 αὐτὸν
2836 3013 2966 3082 πρὸς
2991 3012 3078 3061 τὸν
3102 3010 3324 3078 Ἰησοῦν,
3346 3017 3502 3062 τοῦτο
3527 3018 3680 3084 μόνον
3708 3002 3970 3063 σπουδάζων,

1394 3096 1640 3152 studens
1697 3103 1758 3153 ut
1821 3097 2020 3168 ipsum
2067 3099 2326 3153 duceret.

2442 3096 2650 3168 ἀγαγεῖν
2677 3097 2831 3149 αὐτὸν
2862 3103 2951 3150 καὶ
2976 3095 3306 3170 παραδοῦναί
3336 3118 3387 3150 τι
3407 3107 3477 3170 τῷ
3516 3107 3748 3169 Χριστῷ,
3767 3098 3960 3167 γινώσκων

2442 3188 2520 3238 ὅτι
2548 3190 2603 3238 τὸ
2633 3193 2732 3238 πᾶν
2765 3186 2947 3248 ἐκεῖνος
2982 3188 3138 3239 αὐτὸν
3161 3184 3389 3250 διδάξει.

2512 3364 2802 3437 Ἐμϐλέψας
2874 3397 2942 3405 -
3027 3369 3236 3438 Πέτρος.
3330 3365 3600 3439 Ἀρχεται
3668 3365 3820 3417 λοιπὸν
3878 3369 3972 3424 παρ·

2445 3459 2666 3526 ανοίγειν
2715 3458 2780 3506 τὰ
2828 3463 2918 3514 τῆς
2980 3457 3220 3517 θεότητος
3250 3454 3352 3507 ἀπὸ
3395 3456 3737 3531 προῤῥήσεως.
3791 3447 3876 3500 Οὐκ
3909 3459 3977 3497 ητ⁸

2446 3565 2530 3598 τον
2594 3547 2695 3617 γὰρ
2752 3553 2850 3596 τῶν
2912 3550 3138 3616 σημείων
3199 3547 3253 3596 αἱ
3327 3553 3643 3619 προφητεῖαι
3698 3539 3978 3616 προσάγονται

2446 3638 2562 3693 τοὺς
2639 3633 2962 3708 ἀνθρώπους,
3037 3636 3111 3685 ἔτι
3185 3631 3243 3686 δὲ
3318 3639 3405 3686 καὶ
3479 3639 3543 3686 τὸ
3609 3629 3976 3700 ἀνεπαχθέστερον

2447 3727 2638 3795 ἔχουσι
2670 3725 2746 3777 Τὰ
2775 3727 2864 3794 μὲν
2903 3726 3004 3796 γὰρ
3041 3731 3233 3795 σημεῖα
3277 3730 3367 3776 καὶ
3407 3721 3672 3776 διέϐαλλον
3716 3721 3758 3771 οἱ
3801 3715 3975 3767 ἀνόητοι-

2446 3815 2529 3866 Ἐν
2624 3811 2924 3872 ,Βεελζεϐοὺλ
3021 3815 3145 3885 γὰρ,
3236 3819 3412 3885 φησὶν,
3503 3810 3726 3865 ἐκϐάλλει
3779 3808 3834 3856 τὰ
3895 3795 3961 3849 δαί

2448 3908 2632 3976 μόνια·
2681 3907 2794 3974 περὶ
2857 3899 2915 3954 δὲ
2971 3912 3071 3954 τών
3124 3912 3446 3976 προφητειῶν
3517 3899 3665 3954 οὐδὲν
3713 3897 3858 3965 ἔλεγον
3903 3903 3976 3937 τθι·

3021 3815 3145 3887 ’Ϊάρι

2448 4000 2617 4048 οῦτον,

2521 4086 2622 4132 Καὶ
2649 4078 2730 4131 ἐπὶ
2769 4082 2858 4152 μεν
2903 4087 2994 4132 τοῦ
3038 4087 3258 4153 Σίμωνος
3290 4085 3379 4132 καὶ
3427 4089 3520 4133 τοῦ
3563 4073 3808 4134 Ναθαναὴλ
3848 4067 3974 4128 τούτῳ

2448 4174 2709 4243 κέχρηται
2767 4177 2836 4239 τῷ
2882 4173 3081 4242 τρόπῳ·
3132 4169 3215 4223 ἐπὶ
3265 4165 3322 4222 δέ
3376 4177 3467 4221 τοῦ
3518 4165 3745 4239 Ἀνδρέου
3793 4161 3865 4209 καὶ
3905 4167 3973 4200 τον

2451 4258 2706 4311 Φιλίππου
2752 4255 2901 4309 οὐδὲν
2943 4262 3276 4330 προφητεύει.
3319 4264 3460 4310 Διότι
3502 4255 3732 4330 Ἀνδρέας
3761 4252 3836 4321 μὲν
3876 4256 3970 4330 “eo-

2449 4347 2758 4405 κατείληπτο
2790 4344 2883 4399 διὰ
2907 4355 2998 4408 τῆς
3023 4352 3317 4422 μαρτυρίας
3363 4347 3601 4400 Ἰωάννου
3631 4365 3640 4375 ’
3671 4322 3963 4431 Φθ·ίππ⁰ς,ὁῖί’

2372 4471 2415 4523 D
2452 4438 2581 4508 ὁρῶν
2609 4440 2724 4496 τοὺς
2764 4435 3174 4498 ἀκολουθοῦντας
3214 4438 3373 4507 αὐτῳ,
3408 4440 3539 4511 πρὸς
3572 4441 3720 4488 πίστιν
3745 4428 3814 4476 καὶ
3841 4429 3962 4470 αντος

2451 4523 2869 4598 ἐχειραγωγεῖτο.
2917 4531 3277 4600 Προεφὴτευσε
3313 4523 3372 4578 δὲ
3401 4531 3519 4597 περὶ
3549 4533 3628 4578 τοῦ
3656 4523 3826 4585 lli-200v,
3855 4516 3962 4555 τινοῖ

2447 4617 2503 4666 τέ
2527 4613 2665 4667 ἐστιν
2695 4617 2828 4680 υἱὸς,
2856 4619 2946 4668 καὶ
2973 4621 3024 4667 τί
3046 4616 3385 4674 κληθήσεται.

2518 4710 2756 4762 Ζητησον
2802 4700 2861 4756 δὲ
2913 4709 3002 4756 καὶ
3051 4708 3182 4777 πρὸς
3236 4713 3307 4774 τῷ
3355 4705 3481 4757 τέλει
3515 4706 3596 4754 τοῦ
3640 4694 3783 4756 τρίτον
3827 4689 3948 4777 ’ξέν’

2446 4791 2596 4844 λαίου
2653 4801 2744 4844 τοῦ
2809 4795 2946 4844 κατὰ
3000 4795 3264 4849 Ματθαίον
3312 4797 3405 4850 τὴν
3453 4792 3672 4864 ἐξήγησιν
3717 4794 3792 4864 τοῖξ
3822 4771 3954 4864 ﬁt)“.

2451 4891 2624 4934 πατῶν
2701 4878 2759 4934 δὲ
2851 4880 2995 4955 παρὰ
3062 4886 3155 4940 τὴν
3238 4881 3505 4934 θάλασσαν
3582 4886 3663 4936 τῆς
3722 4862 3962 4920 Palmam.

1914 5108 2133 5177 Varia
2163 5109 2490 5179 lectiones
2518 5121 2584 5178 et
2613 5121 2813 5178 nota.

783 5332 868 5400 64)
899 5330 1166 5403 Scholio
1211 5346 1466 5403 prorsus
1516 5332 1738 5402 inepto,
1793 5332 1959 5403 quod
2022 5334 2344 5388 Hentenius

683 5401 865 5457 habet
894 5402 988 5456 hic
1018 5402 1320 5483 continuo,
1356 5402 1472 5457 mei
1514 5401 1740 5460 carent.
1781 5401 1878 5460 Est
1940 5404 2342 5476 interpretatio

781 5594 822 5663 ι)
871 5595 1261 5652 Vocabulum.
1309 5602 1556 5654 Nomen.

786 5667 828 5744 7‘)
863 5665 972 5731 Qui
993 5668 1164 5744 {laets
1202 5670 1595 5744 colloquimur
1622 5702 1686 5711 —
1735 5687 2058 5744 versamur.
2109 5673 2339 5744 Duplici

685 5737 889 5816 modo,
922 5739 1194 5816 reddidit,
1250 5745 1336 5790 καὶ
1368 5737 1681 5811 ίόμιλοῠντες
1716 5743 1922 5804 αὐταῖς.
1951 5744 2175 5816 Ὀμιλεῖν
2201 5737 2340 5806 ’ταῖς

685 5813 915 5881 Γραφαῖς
944 5816 1028 5865 est
1056 5811 1307 5866 Litteras
1331 5826 1531 5866 sacras
1559 5819 1837 5879 tractare,
1877 5811 2021 5871 aliis
2036 5831 2333 5884 exponere,

2452 5333 2854 5462 glymologica
2903 5334 3169 5391 hominis
3214 5335 3420 5402 Graci,
3469 5337 3577 5408 qui
3620 5329 3785 5405 μεσίας
3829 5313 3983 5385 αμέσος

2496 5415 2760 5462 erlvav1t.

2496 5415 2760 5464 erlvavit.

2451 5603 2531 5656 De
2555 5601 2958 5657 sacerdotibus
2989 5601 3150 5656 enim
3183 5601 3468 5670 loquitur.
3689 5664 3701 5670 _
3831 5644 3932 5670 HJ,

2519 5650 2618 5746 <12)"
2628 5650 2956 5744 magis}:
2972 5650 3150 5728 ragi—
3170 5650 3566 5746 rege-ira...
3599 5664 3704 5725 Sed
3737 5650 3983 5716 multoties

2448 5744 2766 5815 singularis
2797 5746 2978 5800 etiam
3008 5746 3088 5802 ita
3124 5744 3462 5801 adhibetur.
