4144 6314
261 385 403 445 1141

1302 383 1677 442 COMMENT.
1726 382 1799 437 IN
1836 382 2188 439 JOANNEM.
2230 415 2300 427 —
2338 384 2497 441 CAP.
2542 385 2593 443 Ῑ.

3511 371 3650 443 me

264 510 373 567 εἶδε
435 508 531 565 δύο
585 507 859 583 ἀδελφούς,
921 514 1127 583 Σίμωνα
1183 514 1270 563 τὸν
1328 510 1600 584 λεγόμενον
1652 513 1864 582 Πέτρον,

1997 510 2221 575 l'ratres,
2253 512 2552 567 Simonem
2584 511 2689 583 qui
2716 516 2953 568 vocatur
2980 512 3208 582 Petrus,
3258 517 3313 569 et
3346 513 3645 571 Andream

262 608 357 656 καὶ
439 597 686 672 Ἀνδρέαν
805 603 892 652 τὸν
981 596 1201 672 ἀδελφόν
1301 600 1481 667 αὐτοῦ,
1584 597 1871 672 βάλλοντας

267 690 661 764 ἀμφίϐληστρον
716 687 787 750 εἰς
848 693 941 747 τὴν
1009 688 1300 744 θάλασσαν.
1367 694 1484 742 Ἔτι
1543 685 1601 740 δὲ
1671 692 1760 739 καὶ
1823 684 1871 737 ἐν

262 790 340 852 τῷ
372 776 544 852 ὀγδόῳ
588 777 845 851 κεφαλαίῳ
883 786 972 830 τοῦ
1017 780 1153 831 κατὰ
1196 780 1407 851 Μάρκον
1457 782 1550 836 τὴν
1600 776 1871 850 ἑρμηνείαν

1642 869 1830 938 Πέτρον
1852 880 1867 897 ⁸

264 878 383 930 τοῦ,
462 873 563 922 Καὶ
653 866 870 925 ἐπέθηκε
939 876 1009 939 τῷ
1095 872 1286 940 Σίμωνι

270 959 401 1013 ἀλλὰ
430 963 517 1011 καὶ
544 961 673 1033 πρὸς
702 966 772 1029 τῷ
794 958 921 1010 τέλει
954 964 1045 1010 τοῦ
1075 954 1296 1011 δεκάτου
1319 958 1597 1031 κεφαλαίου
1626 965 1718 1010 τοῦ
1738 957 1875 1009 κατὰ

1386 872 1547 940 ὄνομα

270 1055 482 1103 Λουκᾶν
516 1052 609 1106 τὴν
655 1044 980 1119 διασάφησιν
1019 1052 1132 1117 τοῦ,
1178 1050 1243 1100 Οἱ
1284 1044 1343 1100 δὲ
1385 1047 1546 1110 ἁλιεῖς
1594 1046 1875 1107 ἀποϐάντες

271 1137 360 1191 ἀπ’
406 1137 592 1202 αὐτῶν,
669 1134 959 1189 ἀπέπλυναν
1025 1139 1091 1188 τὰ
1148 1133 1342 1189 δίκτυα
1398 1136 1696 1190 Συντελοῦσι
1770 1138 1871 1211 γὰρ

268 1227 478 1280 ἅπαντα
509 1226 581 1286 εἰς
608 1228 667 1278 τό
699 1230 1053 1300 προκείμενον.

341 1323 533 1369 Τοῦτον
585 1318 674 1387 μεν
731 1311 817 1367 οὖν
886 1319 1073 1386 Πέτρον
1150 1314 1438 1386 ὠνόμασεν,
1497 1314 1741 1368 Ἰάκωϐον
1816 1310 1875 1366 δὲ

267 1410 361 1458 καὶ
411 1405 648 1461 Ἰωάννην
721 1407 862 1465 υἱοὺς
935 1402 1175 1479 βροντῆς,
1236 1401 1504 1471 δεικνύων,
1565 1407 1645 1457 ὅτι
1720 1404 1875 1465 αύτός

267 1494 412 1547 ἐστιν
458 1496 483 1546 ὁ
513 1499 602 1546 καὶ
642 1492 689 1544 ἐν
748 1501 808 1564 τῇ
869 1493 1075 1565 Παλαιᾷ
1124 1496 1191 1545 τὰ
1243 1493 1471 1565 ὀνόματα
1522 1493 1875 1569 μεταρρυθμί-

271 1603 391 1649 σας,
448 1588 538 1635 καὶ
590 1586 675 1634 τὸν
728 1585 817 1655 μὲν
882 1581 1090 1654 Ἀϐραμ
1158 1581 1395 1657 Ἀϐραὰμ
1457 1583 1701 1650 καλέσας,
1780 1586 1875 1640 τὴν

271 1670 332 1725 δὲ
366 1674 529 1746 Σάραν
578 1672 795 1747 Σάρραν,
848 1678 937 1724 καὶ
992 1676 1076 1723 τόν
1123 1671 1310 1723 Ἰακωϐ
1341 1672 1569 1745 Ἰσραήλ.
1604 1677 1728 1725 Τισὶ
1785 1674 1874 1744 μὲν

268 1758 360 1814 οὖν
392 1762 445 1813 ἐκ
475 1770 680 1833 γενετῆς
720 1764 934 1820 ἐπέθηκε
960 1764 1023 1813 τα
1067 1761 1317 1833 ὀνόματα,
1366 1767 1476 1813 τισὶ
1531 1759 1589 1814 δὲ
1634 1764 1872 1831 ὕστερον.

265 1851 367 1903 Ὧν
411 1855 500 1923 μὲν
557 1851 670 1922 (65)
739 1854 841 1925 γὰρ
893 1853 922 1909 ἡ
973 1848 1127 1924 ἁρετὴ
1187 1847 1501 1923 διαλάμπειν
1574 1850 1770 1923 ἔμελλεν
1821 1849 1875 1901 ἐκ

268 1945 482 2013 πρώτης
533 1940 646 2012 (66)
703 1943 912 2013 τριχός,
965 1942 1182 1999 τούτους
1233 1938 1285 2002 ἐξ

268 2028 340 2080 ὧν
370 2026 428 2081 δὲ
456 2027 691 2103 ὕστερον,
723 2032 930 2089 τούτους
960 2028 1198 2103 ὕστερον.

1339 1938 1515 2013 ἀρχῆς
1564 1940 1831 2013 ὠνόμασεν
1855 1955 1871 1971 ⁶

344 2216 416 2281 Τῇ
451 2207 693 2283 ἐπαύριον
741 2239 806 2249 -
836 2212 1152 2283 Πέτρου.Τῇ
1203 2205 1444 2282 ἐπαύριον
1493 2210 1582 2280 μὲν
1627 2207 1875 2266 ἠθελησεν

268 2298 508 2362 ἐξελθεῖν,
537 2298 595 2350 ού
623 2305 682 2370 τῇ
717 2296 958 2369 ἐπαύριον
1001 2294 1060 2349 δὲ
1096 2298 1324 2370 εὑρίσκει
1351 2300 1436 2349 τὸν
1463 2297 1731 2362 Φίλιππον,
1768 2295 1876 2347 ἀλλ’

268 2388 511 2459 ὕστερον,
541 2390 671 2461 μετὰ
716 2392 773 2440 τὸ
822 2386 1225 2440 ἐπισπάσασθαι
1272 2392 1461 2459 Πέτρον
1492 2392 1581 2439 καὶ
1630 2383 1876 2460 Ἀνδρέαν

266 2482 359 2531 καὶ
384 2477 625 2530 Ἰάκωϐον
675 2482 764 2529 καὶ
800 2479 1059 2543 Ἰωάννην,
1094 2480 1163 2538 ὡς
1194 2474 1293 2528 ἀπὸ
1329 2485 1428 2528 τῶν
1476 2476 1638 2528 οῐλλων
1671 2476 1875 2547 εύαγγε-

267 2569 459 2621 λιστῶν
499 2568 664 2631 ἔξεστι
700 2563 1091 2638 διαγινώσκειν.

347 2656 502 2710 Ἀλλὰ
547 2662 681 2719 τίνος
739 2658 896 2709 ἕνεκεν
948 2655 1041 2707 ούκ
1094 2657 1461 2726 ἐμνημόνευσε,
1522 2664 1631 2715 πῶς
1688 2653 1877 2714 αύτούς

273 2746 497 2812 εἰλκυσε,
555 2754 849 2820 περιπατῶν
907 2746 1051 2816 παρὰ
1109 2748 1197 2801 τὴν
1256 2742 1523 2795 θάλασσαν
1582 2750 1674 2801 τῆς
1722 2741 1875 2792 Γαλι-

274 2836 464 2902 λαίας;
517 2840 657 2886 Διότι
715 2836 985 2894 ΝΙατθαίος
1031 2838 1119 2883 καὶ
1172 2834 1383 2905 Μάρκος
1437 2839 1589 2883 τούτο
1636 2827 1874 2905 παραδε-

276 2921 536 2975 δώκασιν.
592 2924 731 2975 Ἐπεὶ
757 2920 814 2974 δὲ
844 2925 908 2974 τὰ
937 2925 1071 2974 κατά
1096 2925 1183 2973 τὸν
1237 2920 1485 2974 Φίλιππον
1544 2919 1723 2971 ἐκεῖνοι
1779 2939 1873 2972 πα-

275 3009 559 3087 ρέδραμον,
618 3020 783 3064 ταῦτα
838 3019 944 3075 νύν,
998 3012 1149 3072 οὗτος
1209 3009 1537 3081 ἀπαγγέλλει.
1600 3012 1753 3080 Λέγει
1816 3006 1875 3062 δὲ

273 3101 465 3173 αύτῴὁ
515 3101 744 3166 Ἰησοῦς,
797 3100 1092 3153 Ἀκολούθει
1144 3120 1252 3173 μοι,
1289 3104 1557 3171 γινώσκων
1604 3100 1684 3151 ὅτι
1727 3100 1878 3151 ποθεῖ

272 3194 362 3265 μεν
422 3189 777 3249 ἀκολουθῆσαι
842 3195 932 3242 καὶ
1002 3190 1178 3255 αὐτὸς,
1244 3188 1478 3250 ἀκηκοὼς
1529 3194 1647 3263 περὶ
1714 3188 1872 3241 αύτοῡ

270 3283 416 3354 παρὰ
468 3290 564 3333 τῶν
629 3279 1075 3332 ἀκολουθούντων·
1128 3278 1417 3331 εύλαϐεῖται
1466 3274 1543 3334 δὲ.
1613 3281 1738 3330 Λύει
1787 3274 1872 3329 οὖν

273 3370 433 3423 αύτού
461 3374 553 3428 τὴν
590 3365 745 3422 αἰδώ.
803 3373 958 3439 Λέγει
1014 3364 1071 3420 δὲ
1102 3369 1127 3419 ὁ
1174 3368 1551 3439 εύαγγελιστὴς
1592 3372 1681 3419 καὶ
1720 3374 1873 3428 ποίας

272 3460 461 3519 πόλεως
514 3455 594 3521 ἧν,
665 3460 743 3509 ὃτι
804 3456 902 3509 ἀπὸ
976 3453 1270 3523 Βηθσαῐδά,
1345 3464 1435 3516 τῆς
1501 3455 1727 3516 εὐτελοῦς
1784 3460 1873 3507 καὶ

274 3548 495 3620 φαύλης,
538 3548 621 3599 ἵνα
648 3548 818 3620 μάθῃς
849 3547 928 3598 ὅτι
954 3550 1018 3598 τὰ
1046 3544 1231 3605 ἀσθενῆ
1263 3554 1353 3598 τοῦ
1380 3550 1582 3617 κόσμου
1614 3543 1871 3607 ἐξελέξατο

276 3638 301 3688 ὁ
336 3641 486 3698 Θεὸς.

346 3727 589 3797 Εύρίσκει
606 3725 855 3787 Φίλιππος
868 3729 953 3777 τόν
967 3724 1268 3783 Ναθαναήλ.
1286 3726 1430 3777 Μετὰ
1446 3726 1503 3776 τὸ
1518 3722 1875 3782 ἀκολουθῆσαι

275 3821 348 3883 τῷ
370 3822 583 3888 Χριστῴ
616 3811 877 3871 δηλονότι.

352 3910 450 3958 Καὶ
508 3936 575 3944 —
627 3906 931 3977 εὑρήκαμεν.
983 3910 1169 3977 Πείραν
1224 3902 1383 3954 αὐτοῦ
1446 3901 1636 3969 λαϐών,
1708 3902 1875 3975 κῆρυξ

276 3995 435 4047 αύτού
480 3999 677 4065 γίνεται
734 3998 1052 4064 παραυτίκα,
1100 3997 1189 4045 καὶ
1240 3998 1509 4063 γινώσκων
1559 3996 1643 4044 τὸν
1695 3993 1872 4044 Ναθα-

273 4085 403 4143 ναὴλ
426 4083 794 4157 ἀκριϐέστατον
825 4085 873 4134 ἓν
912 4102 965 4135 τε
1007 4090 1119 4143 ταῖς
1163 4088 1401 4153 νομικαῐς
1430 4088 1518 4133 καὶ
1574 4090 1686 4143 ταῖς
1744 4101 1873 4155 προ-

276 4180 521 4246 φητικαῖς
574 4178 841 4246 Γραφαῖ;’
887 4176 976 4223 καὶ
1030 4174 1131 4245 γὰρ
1185 4167 1245 4229 ἦν
1292 4172 1358 4222 τὰ
1417 4178 1636 4222 τοιαῦτα
1678 4172 1874 4244 οἷριστα

276 4259 667 4333 διεσκεμμένος,
719 4262 784 4320 ὡς
858 4264 947 4311 καὶ
996 4260 1021 4311 ὁ
1088 4263 1314 4335 Χριστὸς
1380 4258 1730 4332 ἐμαρτύρησε,
1781 4264 1874 4312 καὶ

274 4356 332 4403 τὸ
364 4354 506 4423 ἔργον
554 4346 741 4412 ἔδειξεν
768 4368 779 4379 ·
822 4348 905 4402 ἐπὶ
934 4352 1018 4402 τόν
1050 4354 1279 4403 Μωύσέα
1306 4354 1395 4401 καὶ
1446 4353 1565 4410 τούς
1609 4354 1876 4423 προφήτας

274 4440 430 4492 αύτόν
477 4443 830 4512 παραπέμπει,
876 4440 1282 4499 κατασκευάζων
1333 4439 1519 4491 ἐκεῖθεν
1571 4436 1874 4500 ἀξιόπιστον

274 4533 368 4588 τὴν
398 4534 514 4603 περὶ
544 4536 633 4581 τού
662 4536 895 4602 Χριστοῦ
925 4533 1217 4603 μαρτυρίαν
1252 4528 1460 4581 ἑαυτοῦ.

348 4621 552 4679 Ἰησοῦν
579 4621 664 4671 τόν
692 4621 801 4670 υἱόν
832 4619 1047 4691 Ἰωσήφ.
1088 4617 1203 4671 ’Ἐτι
1228 4620 1327 4693 γὰρ
1358 4621 1543 4670 τούτου
1586 4619 1697 4679 υἱός
1747 4616 1872 4671 εἶναι

276 4710 556 4783 ἐνομιζετο.

347 4805 444 4851 Τὸν
500 4799 597 4852 ἀπὸ
652 4800 913 4872 Ναζαρέτ.
971 4800 1063 4849 Ἐκ
1114 4799 1356 4872 Ναζαρὲτ
1413 4796 1607 4868 ἐλέγετο
1672 4794 1765 4849 διὰ
1814 4801 1873 4850 τὸ

272 4898 529 4964 τραφῆναι
551 4889 598 4941 ἐν
627 4890 754 4961 αὐτῇ
768 4929 779 4941 .

349 4983 449 5030 Καὶ
496 5010 564 5018 -
622 4976 787 5045 dum;
842 4976 1070 5029 Ἀκούων
1129 4982 1219 5027 τού
1269 4980 1537 5047 προφήτου
1595 4975 1870 5046 λέγοντος·

279 5072 378 5121 Καὶ
436 5070 521 5133 σὺ,
578 5067 823 5138 Βηθλεὲμ,
856 5072 923 5137 γῆ
985 5060 1178 5127 Ἰούδα,
1226 5061 1473 5136 ούδαμῶς
1524 5063 1781 5136 ἐλαχίστη
1832 5061 1877 5117 εἷ

275 5156 323 5209 ἐν
366 5163 480 5216 ταῖς
528 5158 779 5228 ἡγεμόσιν
836 5150 1032 5207 Ἰούδα.
1095 5155 1185 5205 Ἐκ
1244 5161 1340 5205 σοῦ
1395 5155 1495 5225 γὰρ
1550 5152 1871 5217 ἐξελεύσεται

347 5336 397 5372 ²⁹
429 5332 624 5392 Matth.
668 5348 746 5400 iv,
774 5332 862 5388 18.
940 5333 988 5367 ³ο
1031 5333 1211 5390 Marc.
1240 5347 1319 5400 ιιι,
1360 5336 1445 5388 l6.

1905 1997 1953 2054 Β

1526 5334 1569 5368 ³³
1606 5333 1724 5387 Luc
1746 5348 1823 5398 vx,
1866 5336 1921 5387 2.

1977 599 2233 668 fratrem
2309 602 2452 671 ejus,
2521 602 2814 657 mittentes
2893 607 3016 658 rete
3077 601 3143 658 in
3215 618 3375 660 mare
3444 605 3516 657 ’9.
3556 603 3648 660 Ad

1981 689 2110 744 haec
2166 695 2375 745 octavo
2442 690 2613 760 juxta
2695 693 2956 746 Marcum
3006 692 3199 763 capite
3261 692 3428 749 verbi
3488 693 3644 749 illius

1982 777 2525 849 interpretationem
2556 779 2668 834 :Et
2720 778 2998 849 imposuit
3043 781 3269 837 Simoni
3298 797 3507 838 nomen
3538 784 3645 839 Pe-

1984 873 2107 922 trus
2162 871 2230 923 ³ο.
2267 867 2378 923 Sed
2437 872 2492 924 et
2538 868 2651 923 loci
2702 867 2859 923 illius
2891 868 3373 940 explanationem
3415 872 3645 927 decimo

1984 958 2174 1024 capite
2202 959 2499 1029 Evangelii
2530 958 2861 1014 secundum
2898 962 3114 1016 Lucam
3152 982 3164 1017 :
3191 962 3509 1017 Piscatores
3540 979 3643 1017 au-

1985 1047 2096 1099 tem
2152 1042 2577 1100 descenderant
2630 1059 2705 1101 ex
2764 1045 2902 1109 illis,
2958 1051 3011 1102 et
3042 1045 3361 1102 abluebant
3400 1047 3548 1103 retia
3569 1049 3640 1105 ³¹.

1986 1136 2200 1191 Omnia
2229 1135 2386 1190 enim
2414 1134 2727 1191 conferunt
2760 1134 2836 1192 ad
2866 1151 2937 1192 ea
2961 1152 3096 1209 quas
3126 1136 3222 1192 hic
3245 1141 3571 1209 ponuntur.

2056 1313 2222 1368 Hunc
2254 1314 2452 1385 itaque
2483 1314 2810 1369 nominavit
2840 1316 3075 1370 Petrum
3126 1330 3139 1370 :
3170 1315 3319 1371 sicut
3355 1315 3644 1372 Iacchum

1984 1406 2039 1458 et
2064 1404 2358 1458 Joannem
2394 1402 2565 1457 Filios
2591 1404 2847 1472 tonitrui,
2891 1404 3207 1459 ostendens
3258 1420 3322 1458 se
3344 1420 3483 1459 eum
3511 1420 3645 1459 esse

1983 1492 2085 1563 qui
2109 1491 2168 1546 in
2188 1491 2373 1546 Veteri
2397 1507 2639 1564 quoque
2654 1491 3035 1547 Testamento
3059 1493 3307 1547 nomina
3324 1492 3651 1565 adaptave-

1985 1584 2092 1645 rat,
2126 1580 2343 1635 Abram
2367 1596 2591 1635 vocans
2606 1580 2929 1645 Abraham,
2965 1583 3173 1637 Saram
3206 1597 3347 1636 vero
3382 1583 3645 1648 Sarram,

1984 1674 2039 1725 et
2065 1669 2249 1725 Jacob
2290 1670 2482 1725 Israel.
2516 1673 2663 1725 Nam
2704 1669 3072 1742 quibusdam
3093 1670 3171 1725 ab
3203 1676 3335 1726 ortu
3365 1670 3637 1736 nomina,

1985 1759 2724 1831 imponebat.quibusdam
2739 1765 2939 1815 autem
2955 1759 3419 1832 postmodum.Q
3432 1776 3645 1815 uorum

1985 1847 2145 1904 enim
2174 1849 2357 1903 virtus
2390 1864 2426 1903 a
2456 1849 2662 1919 primo,
2717 1848 2881 1921 quod
2911 1849 3096 1914 aiunt,
3131 1848 3347 1920 capillo
3376 1847 3645 1919 fulgebit,

1985 1937 2076 1992 his
2107 1937 2184 1993 ab
2202 1936 2366 1993 initio
2380 1953 2600 1994 nomen
2617 1937 2899 2009 imponit:
2917 1953 3178 2011 quorum
3195 1942 3394 1995 autem
3411 1942 3644 2009 postea,

1986 2026 2078 2082 his
2098 2028 2278 2083 etiam
2303 2031 2540 2099 postea.

2060 2206 2223 2261 Vers.
2250 2206 2339 2262 44.
2372 2208 2610 2263 Postero
2640 2205 2736 2263 die
2755 2236 2823 2248 —
2852 2206 3018 2262 Vers.
3049 2205 3139 2263 45.
3191 2204 3372 2262 Petri.
3407 2206 3650 2263 Postero

1987 2310 2130 2350 sane
2160 2295 2255 2351 die
2292 2295 2479 2351 voluit
2526 2296 2703 2360 exire,
2744 2299 2806 2350 at
2851 2310 2972 2350 non
3005 2300 3240 2365 postero
3290 2295 3384 2350 die
3432 2296 3650 2366 reperit

1989 2385 2333 2456 Philippum,
2375 2385 2478 2439 sed
2510 2385 2895 2456 postmodum
2944 2390 3268 2456 postquam
3319 2387 3556 2439 Petrum
3588 2388 3649 2439 et

1985 2474 2289 2535 Andream,
2337 2473 2630 2528 Jacobum
2659 2489 2728 2526 ac
2749 2474 3032 2527 Joannem
3065 2478 3406 2533 attraxerat,
3432 2488 3648 2544 quem-

1987 2562 2318 2616 admodum
2343 2562 2419 2616 ab
2454 2560 2585 2616 aliis
2610 2559 3139 2629 evangelistislicet
3166 2560 3462 2631 colligere.

2023 2650 2134 2705 Sed
2157 2666 2337 2721 quam
2354 2649 2431 2703 ob
2449 2664 2573 2704 rem
2589 2664 2707 2703 non
2725 2649 2995 2704 meminit
3012 2649 3322 2721 quomodo
3339 2665 3441 2704 eos
3471 2653 3650 2705 attra-

1984 2739 2131 2794 xerit
2162 2738 2481 2793 ambulans
2492 2738 2648 2794 circa
2665 2754 2829 2793 mare
2846 2737 3101 2793 Galilaeas
3118 2740 3199 2804 ΤΟ
3212 2738 3307 2795 uia
3340 2739 3647 2794 Matthaaus

1985 2829 2287 2883 etMarcus
2322 2828 2430 2883 hoc
2466 2826 2855 2884 tradiderunt.
2897 2828 3010 2883 Sed
3038 2828 3180 2898 quia
3202 2827 3281 2881 illi
3317 2827 3650 2899 praetermi-

1985 2922 2200 2979 serant,
2234 2933 2369 2989 quae
2402 2917 2555 2972 circa
2590 2916 2932 2988 Philippum
2950 2917 3312 2980 acciderant,
3332 2916 3460 2972 haec
3480 2932 3642 2973 nunc

1984 3013 2089 3069 iste
2119 3007 2472 3063 manifestat.
2497 3007 2587 3062 Ait
2613 3012 2812 3062 autem
2852 3006 2932 3061 illi
2989 3007 3159 3062 Jesus
3187 3028 3200 3062 :
3251 3007 3506 3078 Sequere
3533 3022 3647 3063 me.

1984 3098 2186 3153 Sciens
2213 3097 2457 3170 quidem
2480 3097 2719 3153 ethunc
2763 3096 2890 3166 jam
2935 3097 3137 3152 animo
3177 3102 3469 3163 secutum,
3508 3113 3648 3153 cum

1983 3188 2056 3242 de
2082 3204 2152 3242 eo
2168 3188 2422 3243 audisset
2452 3186 2528 3242 ab
2563 3186 2652 3240 his
2681 3186 2785 3257 qui
2806 3187 3227 3257 sequebantur,
3256 3186 3359 3239 sed
3377 3201 3647 3240 reveren-

1986 3278 2065 3331 tia
2104 3276 2374 3343 detineri,
2409 3276 2584 3331 solvit
2613 3291 2748 3330 eum
2772 3284 2957 3329 metu.
2992 3274 3136 3329 Dicit
3166 3278 3367 3329 autem
3392 3288 3653 3342 evange-

1932 3362 1950 3404 λ
1983 3366 2113 3420 [ista
2152 3382 2271 3437 qua
2313 3366 2385 3420 sit
2443 3364 2749 3435 Philippus
2799 3363 3032 3417 civitate
3086 3362 3399 3427 oriundus,
3429 3366 3579 3433 puta
3613 3379 3651 3419 a

1984 3454 2298 3509 Bethsaida
2316 3453 2412 3508 vili
2436 3469 2505 3509 ac
2534 3451 2779 3521 ignobili
2815 3468 2828 3507 :
2863 3456 2927 3507 ut
2955 3450 3109 3506 scias
3160 3448 3327 3522 quod
3358 3449 3649 3520 ignobilia

1984 3542 2191 3598 mundi
2222 3542 2457 3615 elegerit
2497 3541 2669 3597 Deus.

2052 3724 2222 3779 Vers.
2243 3724 2331 3777 46.
2370 3714 3299 3792 ReperitPhilippusNathanaet.
3324 3716 3654 3789 Postquam

1984 3812 2257 3868 videlicet
2278 3811 2575 3867 Christum
2606 3814 2847 3865 secutus
2897 3811 3045 3864 erat.

2056 3905 2217 3958 Vers.
2249 3905 2336 3957 46.
2366 3899 3139 3970 Et—invenimus.Sumpto
3156 3896 3229 3952 de
3262 3897 3394 3969 ipso
3418 3896 3653 3967 experi-

1988 3992 2412 4057 mento,statim
2435 3990 2788 4062 praedicator
2804 3988 3056 4043 efﬁcitur
3072 3987 3407 4058 :sciensque
3431 3985 3653 4041 Natha-

1986 4082 2120 4140 nael
2146 4082 2206 4136 in
2239 4081 2386 4150 legis
2413 4097 2482 4136 ac
2502 4080 2922 4151 prophetarum
2938 4077 3251 4149 Scripturis
3265 4076 3650 4148 diligentissi-

1988 4170 2479 4243 mum,siquidem
2496 4169 2693 4225 eratin
2706 4167 2791 4223 eis
2810 4168 3066 4223 maxime
3082 4164 3650 4237 versatus,quemad

1988 4257 2227 4313 modum
2258 4261 2313 4312 et
2351 4255 2474 4326 ipse
2498 4253 2757 4310 Christus
2814 4255 3145 4316 attestatur,
3179 4255 3236 4307 et
3273 4266 3367 4305 res
3392 4250 3526 4321 ipsa
3554 4249 3655 4305 de-

1988 4346 2342 4402 monstravit
2372 4363 2385 4400 :
2412 4343 2489 4399 ad
2513 4345 2734 4397 Mosem
2757 4358 2827 4397 ac
2848 4340 3165 4412 prophetas
3204 4355 3343 4394 eum
3382 4338 3651 4401 remittit,

1986 4435 2353 4492 conﬁrmans
2371 4433 2508 4489 inde
2544 4448 2720 4487 suum
2743 4431 2818 4486 de
2837 4430 3069 4487 Christo
3084 4428 3492 4485 testimonium
3511 4442 3652 4482 esse

1985 4527 2104 4583 ﬁde
2137 4526 2418 4596 dignum.

2054 4616 2219 4672 Vers.
2242 4618 2329 4670 46.
2348 4614 2545 4669 Jesum
2574 4612 2763 4681 ﬁlium
2788 4609 3026 4678 Ioseph.
3066 4607 3278 4662 Adhuc
3301 4605 3463 4661 enim
3490 4602 3654 4658 ﬁlius

1905 4701 1950 4755 D
1986 4707 2114 4777 ejus
2140 4721 2267 4761 esse
2300 4702 2645 4775 putabatur.

2054 4798 2217 4850 Vers.
2243 4794 2336 4853 46,
2375 4795 2422 4847 Α
2456 4790 2780 4847 Nazareth.
2812 4791 2859 4843 Α
2889 4786 3177 4844 Nazareth
3206 4784 3344 4841 ideo
3407 4782 3659 4839 diceba-

1984 4892 2098 4949 tur,
2131 4883 2297 4955 quod
2322 4882 2403 4937 ibi
2432 4881 2689 4937 nutritus
2707 4883 2885 4934 esset.

2054 4974 2215 5029 Vers.
2248 4975 2335 5027 47.
2392 4972 2468 5026 Et
2507 5000 2576 5010 —
2637 4984 2752 5026 esse
2775 4967 2803 5022 ‘t
2833 4970 2982 5025 Cum
3012 4964 3370 5038 prophetam
3417 4962 3659 5023 audiret

1984 5063 2315 5119 dicentem:
2347 5061 2422 5115 Et
2455 5067 2539 5124 tu,
2562 5059 2872 5123 Bethleem,
2894 5060 3053 5112 terra
3079 5054 3258 5119 Juda,
3283 5067 3652 5125 nequaquam

1986 5153 2236 5208 minima
2265 5166 2321 5207 es
2346 5150 2504 5205 inter
2515 5149 2890 5218 principatus
2920 5145 3081 5201 Juda
3120 5160 3139 5202 :
3169 5158 3245 5199 ex
3273 5150 3323 5199 te
3362 5142 3507 5198 enim
3535 5141 3655 5198 exi-

1478 5510 1703 5579 Variae
1732 5509 2064 5578 lectiones
2096 5518 2162 5577 et
2203 5519 2407 5575 notae.

347 5719 463 5862 265)
492 5720 595 5793 Γάρ
620 5717 810 5775 abest.
844 5720 910 5772 Α.

374 5793 462 5862 66)
501 5791 804 5862 Chrysost.
846 5794 906 5846 to

374 5793 462 5863 66)
501 5789 804 5863 Chrysost.
846 5794 1008 5850 tom.
1044 5790 1177 5854 Vill,
1206 5802 1269 5861 p.
1317 5793 1414 5846 “3
1462 5791 1521 5844 Β.
1563 5789 1651 5845 Ἐκ
1682 5792 1890 5862 πρώτης

1997 5716 2224 5777 ἡλικίας.

2072 5788 2183 5859 (67)
2217 5789 2317 5839 Καί
2340 5785 2666 5859 interponit
2701 5788 2771 5840 Α.
