4144 6314
636 331 779 390 1143

636 460 721 517 bit
811 459 958 526 dum,
1004 460 1108 533 qui
1162 465 1326 532 regat
1365 461 1650 533 pupulum
1688 476 1877 519 meum
1929 461 2123 518 Israel
2152 462 2223 529 ³³,
2263 476 2295 517 e

633 548 928 605 Bethleem
959 549 1255 605 Christum
1285 549 1673 623 exspectabat
1703 566 1717 606 :
1777 565 1942 605 nunc
1972 553 2173 605 autem
2196 564 2299 605 au—

635 638 802 694 diens
823 653 963 695 eum
989 641 1360 697 Nazarenum
1395 654 1548 705 esse,
1605 639 1881 695 turbatus
1920 643 2013 694 est
2032 638 2298 695 etadmi-

634 727 904 793 rabatur,
931 743 1057 784 non
1076 728 1386 785 inveniens
1414 728 1667 801 Philippi
1693 727 1939 784 verbum
1981 727 2297 784 convenire

631 817 976 890 prophetiae,
1006 818 1261 890 ideoque
1282 819 1560 891 opinatus
1583 818 1743 874 hunc
1763 818 1923 874 circa
1947 817 2145 875 locum
2166 833 2297 874 esse

631 905 895 979 lapsum,
927 906 1249 978 benignam
1270 907 1441 979 ﬁngit
1461 908 1878 979 objectionem,
1901 906 2159 964 innuens
2174 923 2297 964 non

632 996 719 1053 ita
746 997 950 1068 ipsum
975 997 1285 1054 inventum
1306 1014 1455 1065 esse,
1474 999 1580 1054 sed
1610 1013 1750 1055 eum
1772 1014 1900 1054 esse
1928 1014 1963 1054 a
1983 998 2295 1065 Nazareth,

632 1085 778 1158 plan
807 1086 1265 1159 quodammodo
1292 1088 1359 1160 (ι)
1389 1104 1493 1160 per
1525 1087 1774 1145 modum
1815 1087 2296 1159 interrogationis

634 1175 883 1248 repellit,
917 1192 1091 1232 suam
1123 1178 1446 1234 ostendens
1485 1179 1643 1234 circa
1684 1178 2019 1249 Scripturas
2041 1177 2292 1249 diligen-

635 1265 803 1332 tiam,
833 1271 888 1321 et
905 1265 1385 1325 infallibilitatem
1401 1267 1731 1339 ﬁgurarum
1755 1268 1858 1339 (m)
1872 1311 1885 1323 .

706 1357 803 1410 Est
830 1360 1033 1411 autem
1060 1355 1251 1413 simile
1291 1374 1361 1414 ac
1393 1359 1443 1413 si
1472 1358 1730 1414 diceret:
1769 1358 1973 1415 Utrum
2003 1357 2128 1412 ﬁeri
2171 1362 2296 1430 pot-

630 1448 739 1508 est,
773 1449 838 1499 ut
867 1460 904 1500 a
932 1444 1219 1503 Nazareth
1249 1445 1400 1503 adeo
1430 1447 1649 1517 exigua
1676 1451 1734 1502 et
1761 1446 1991 1517 abjecta
2024 1447 2097 1501 sit
2125 1446 2296 1520 quip-

635 1533 790 1607 piam
827 1532 1002 1590 boni?
1021 1536 1168 1590 Nam
1185 1531 1429 1593 Galilrea
1449 1552 1485 1593 a
1521 1535 1743 1593 Judmis
1777 1535 1929 1592 male
1958 1535 2247 1593 audiebat
2279 1560 2291 1592 :

633 1636 815 1693 porro
840 1621 1127 1678 Nazareth
1139 1621 1397 1680 Galilaaai
1423 1624 1633 1681 civitas
1656 1630 1802 1682 erat.
1841 1625 2295 1682 Dicebatautem

634 1708 750 1766 hoc
780 1709 1167 1778 certissimus,
1202 1712 1369 1785 quod
1386 1728 1509 1769 non
1535 1727 1573 1769 a
1593 1712 1893 1780 Nazareth,
1931 1713 2030 1770 sed
2064 1730 2100 1770 a
2132 1713 2295 1770 Beth-

637 1799 791 1856 leem
822 1804 1262 1873 exspectaretur
1291 1802 1581 1859 Christus.

706 1979 868 2034 Vers.
897 1980 984 2034 47.
1017 1979 1184 2037 Dixit
1231 2010 1301 2021 —
1327 1980 1478 2038 vide.
1506 1979 1747 2053 Modum
1777 1996 1900 2054 quo
1926 1981 2036 2037 hoc
2067 1980 2295 2038 dixerat

632 2068 943 2137 ignorans,
974 2072 1316 2140 puteusque
1355 2068 1523 2125 illum
1554 2069 1899 2141 simpliciter
1925 2069 2146 2126 civitati
2187 2074 2295 2128 Na-

633 2155 1179 2222 zarethdetrahere,
1198 2157 1362 2214 ducit
1377 2159 1575 2231 ipsum
1593 2157 1673 2215 ad
1685 2158 1986 2215 Christum
2002 2164 2291 2232 tanquam

635 2245 840 2302 statim
869 2245 1252 2313 crediturum,
1271 2247 1319 2302 si
1340 2246 1520 2305 modo
1533 2247 1864 2305 doctrinam
1888 2264 1958 2305 ac
1979 2264 2292 2306 conversa-

634 2335 858 2391 tionem
878 2334 1007 2407 ejus
1028 2339 1337 2406 gustasset.

705 2427 872 2482 Vers.
933 2425 1021 2482 48.
1092 2424 1248 2482 Vidit
1286 2457 1355 2468 —
1391 2427 1693 2485 Israelita.
1739 2426 2039 2483 Laudavit
2091 2427 2292 2500 ipsum

632 2513 807 2587 quasi
851 2513 1275 2585 intelligentem
1306 2532 1436 2589 quae
1466 2516 1714 2587 legerat:
1755 2516 1817 2573 id
1845 2516 2005 2573 enim
2036 2522 2129 2572 est
2157 2532 2295 2573 vere

631 2602 914 2660 Israelita.
935 2603 1078 2659 Nam
1104 2604 1409 2677 pontiﬁces
1437 2610 1492 2661 ct
1518 2604 2124 2678 Scribaaquiqueillos
2156 2621 2295 2661 con-

631 2692 962 2764 tingebant,
989 2709 1113 2748 non
1143 2693 1516 2750 attendentes
1549 2710 1621 2750 ea
1646 2711 1779 2768 quae
1810 2693 2109 2765 legebant,
2141 2694 2294 2751 falso

631 2781 877 2837 nomine
896 2781 1178 2837 Israelitae
1217 2782 1590 2838 dicebantur.

707 2872 860 2925 Vers.
893 2873 979 2925 48.
1018 2871 1085 2926 In
1111 2899 1181 2912 --
1227 2877 1332 2927 est.
1392 2871 1606 2928 Dolum
1630 2876 1823 2937 vocat,
1868 2872 2127 2928 veritatis
2156 2889 2296 2929 con-

631 2957 949 3015 iectionem
978 2958 1072 3014 vel
1099 2960 1584 3015 ohscurationem
1610 2976 1648 3015 a
1689 2960 1937 3017 malitia.

704 3048 866 3104 Vers.
893 3050 982 3104 49.
1006 3047 1165 3105 Dicit
1206 3079 1277 3089 —
1318 3049 1509 3104 nostri
1536 3048 1563 3104 ?
1595 3052 1724 3105 Non
1758 3054 1847 3105 est
1893 3047 2177 3105 laudibus
2214 3049 2295 3104 in-

629 3136 829 3203 ﬂatus,
871 3138 975 3194 sed
995 3141 1169 3209 rogat
1192 3137 1349 3195 unde
1374 3153 1515 3194 eum
1544 3137 1731 3195 talem
1759 3154 1887 3195 esse
1916 3143 2297 3211 cognosceret

631 3226 873 3301 qualem
911 3227 1170 3285 dicebat.

701 3316 868 3373 Vers.
897 3317 987 3374 49.
1017 3318 1343 3387 Respondit
1380 3349 1447 3360 —
1478 3317 1742 3375 videbam
1778 3324 1851 3374 to.
1900 3315 2002 3373 Ille
2046 3316 2293 3390 quidem

627 3409 920 3479 tanquam
945 3407 1253 3464 hominem
1270 3406 1470 3465 adhuc
1484 3407 1759 3478 rogabat,
1787 3407 1915 3480 ipse
1944 3422 2082 3463 vero
2119 3405 2296 3478 quasi

625 3496 781 3553 Deus
819 3496 902 3552 illi
952 3497 1318 3568 respondet:
1361 3513 1506 3553 nam
1557 3513 1619 3553 se
1674 3496 1895 3554 vidisse
1937 3496 2078 3553 dicit
2127 3495 2294 3569 quod

625 3585 826 3642 nullus
855 3585 1018 3643 vidit.
1041 3585 1392 3660 Priusquam
1412 3591 1604 3643 autem
1629 3586 1985 3643 occurrisset
2013 3585 2289 3658 eiPhilip-

626 3690 763 3748 pus,
802 3674 995 3731 fuerat
1015 3675 1130 3733 sub
1168 3675 1307 3747 ﬁcu,
1337 3675 1502 3733 nullo
1528 3680 1821 3749 praesente
1847 3682 1951 3732 aut
1980 3675 2179 3749 ipsum
2212 3675 2293 3731 vi-

626 3763 824 3820 dente.
869 3763 1035 3821 Dedit
1076 3765 1281 3839 itaque
1324 3766 1561 3836 signum
1600 3765 1763 3838 quod
1810 3770 2197 3835 cognosceret
2222 3780 2292 3821 ac

626 3852 850 3910 videret
874 3870 1007 3927 quae
1027 3854 1373 3911 hominibus
1413 3854 1546 3911 visa
1562 3870 1684 3911 non
1705 3854 1929 3910 forent:
1967 3853 2224 3927 ideoque
2236 3858 2294 3910 et

626 3948 866 4018 tempus
885 3944 1033 4001 dixit
1056 3942 1320 4001 etlocum
1336 3959 1407 4000 ac
1423 3943 1725 4000 arborem.
1746 3942 2126 4001 Simuletiam
2141 3943 2292 4000 indi-

629 4035 783 4089 cavit
821 4049 883 4088 se
909 4033 1156 4089 omnino
1201 4032 1445 4089 audisse
1498 4048 1635 4103 qum
1665 4032 1910 4089 dixisset
1960 4049 1974 4088 :
2012 4033 2223 4089 Utrum
2254 4049 2291 4091 a

627 4120 688 4177 N
687 4121 935 4177 azareth
943 4127 1131 4191 posset
1154 4121 1451 4193 quippiam
1474 4134 1595 4176 esse
1615 4120 1779 4175 boni:
1796 4126 1851 4177 et
1872 4136 1944 4176 ex
1962 4120 2079 4176 hoc
2100 4121 2293 4191 magis

625 4208 909 4266 intellexit
961 4208 1166 4281 ipsum
1225 4225 1354 4265 esse
1391 4208 1711 4266 Christum.
1753 4208 2072 4283 Cogitabat
2129 4211 2291 4268 enim

627 4296 796 4369 quod
821 4296 988 4353 aliter
1021 4313 1141 4353 non
1182 4313 1323 4355 eum
1374 4297 1707 4365 laudasset,
1759 4300 1864 4355 sed
1894 4298 2094 4372 potius
2122 4316 2294 4372 repu-

626 4385 810 4444 lisset.

698 4564 987 4622 Cmterum
1018 4568 1076 4623 et
1124 4581 1163 4622 a
1199 4565 1536 4640 prophetia,
1572 4571 1630 4624 et
1663 4583 1700 4625 a
1726 4567 1904 4625 laude
1932 4567 2131 4641 ipsum
2160 4584 2292 4625 esse

628 4655 898 4713 credidit.
920 4654 1229 4730 Prophetia
1257 4672 1397 4714 vero
1412 4672 1531 4713 non
1569 4656 1644 4714 de
1666 4656 1879 4714 futuris
1912 4661 2140 4714 tantum
2180 4662 2289 4725 est,

701 4833 750 4871 ”
782 4834 962 4892 Mich.
1002 4850 1078 4903 vx,
1105 4838 1160 4892 2.
1194 4836 1391 4894 Matth.
1419 4839 1553 4902 11,6.

1960 331 2314 390 EUTHYMII
2348 329 2652 390 ZIGABEN
2661 336 2683 394 Ι

3896 342 4011 397 HM

2332 461 2713 533 Αὴγούμενος,
2788 464 2934 526 ὅστις
3002 471 3245 536 ποιμανεῖ
3318 467 3403 517 τὸν
3462 465 3724 539 Ἰσραήλ·
3810 466 3867 519 ἐκ
3932 475 4011 526 Βη-

2410 548 2558 622 θλεὲμ
2611 549 2913 627 προσεδόκα
2963 556 3054 604 τὸν
3112 558 3362 626 Χριστόν.
3422 558 3621 608 Μαθὼν
3684 551 3751 607 δὲ
3811 565 3898 608 νῦν
3945 560 4010 610 ὃτι

2408 637 2508 691 ἀπὸ
2552 640 2795 714 Ναζαρέτ
2838 643 2998 708 ἑστιν,
3047 639 3338 717 ἐθορυϐήθη
3377 649 3467 696 καὶ
3511 640 3884 719 διηπόρησε-δ,
3923 647 4006 719 οὐχ

2407 729 2658 803 εὑρίσκων
2716 729 3067 803 συμϐαίνοντα
3112 739 3172 805 τῇ
3228 737 3518 806 προφητείᾳ
3581 736 3680 786 τὸν
3735 732 3890 806 λόγον
3932 744 4006 787 τοῦ

2406 818 2680 873 Φιλίππου.
2751 823 2839 873 Διὸ
2910 825 3000 873 καὶ
3079 820 3420 894 λογισάμενος
3497 821 3777 895 ἐσφάλθαι
3852 832 4002 877 τοῦτον

2403 912 2523 983 περὶ
2554 913 2640 960 τὸν
2688 912 2865 978 τόπον,
2910 907 3109 971 ἔπιεικῆ
3160 918 3379 963 ποιεῖται
3409 916 3775 986 παραίτησιν,
3836 913 3893 964 οὗ
3932 922 4000 964 τοῦ

2405 998 2675 1073 εὑρεθῆναι
2732 998 2904 1067 αὑτὸν,
2963 997 3091 1052 ἀλλά
3141 1007 3233 1053 τοῦ
3283 998 3385 1053 ἀπὸ
3439 1000 3698 1075 Ναζαρὶτ
3749 998 3902 1067 εἶναι,
3935 1008 3993 1053 ui

2405 1086 2605 1159 ὁμαλῶς
2661 1108 2785 1154 πως,
2836 1086 2884 1140 ἐν
2937 1087 3239 1162 ἐρωτήσεως
3284 1090 3449 1157 τάξει,
3510 1087 3806 1144 διωθεῖται
3855 1100 3986 1157 τοῦτο,

2406 1172 2652 1230 δεικνύων
2679 1181 2736 1230 τὸ
2767 1183 2884 1253 περὶ
2910 1181 3004 1239 τὰς
3032 1181 3240 1254 Γραφάς
3269 1178 3474 1253 ἀκριϐὲς
3496 1179 3694 1249 αὐτοῦ,
3724 1184 3823 1233 καὶ
3850 1184 3904 1234 τὸ
3926 1190 3991 1232 τῶν

2405 1271 2606 1341 τρόπων
2636 1265 3042 1330 ἀνεξαπάτητον.

2480 1354 2570 1429 [⁷0
2605 1356 2723 1429 (68)
2754 1352 2814 1409 δε
2866 1357 3021 1429 λέγει,
3065 1361 3298 1411 τοιοῦτόν
3346 1356 3506 1414 ἔστιν.
3549 1358 3705 1434 ’Δρα
3746 1357 3804 1412 ἔκ
3852 1360 3996 1421 Nais»

2405 1448 2490 1519 ρὲτ
2530 1442 2804 1518 ἐνδέχεταί
2838 1465 2890 1498 τι
2946 1444 3137 1517 ἀγαθὸν
3183 1443 3330 1518 εἶναι,
3366 1448 3478 1517 (69)
3530 1453 3629 1501 καὶ
3682 1453 3808 1502 τότε
3859 1456 3997 1501 τοιοῦ-

2404 1555 2511 1598 τον,
2541 1535 2562 1608 ]
2592 1543 2683 1597 τῆς
2713 1536 2848 1587 οὕτω
2894 1534 3089 1609 φαύλης
3116 1541 3206 1588 καὶ
3238 1535 3627 1612 ἀπερῥιμμένης
3653 1555 3670 1603 ;
3725 1536 3996 1592 Διεϐάλλετο

2403 1626 2505 1699 γὰρ
2554 1626 2697 1699 παρά
2734 1631 2829 1685 τῆς
2884 1624 2994 1696 (70)
3054 1620 3316 1686 Ἰουδαίας
3365 1627 3394 1684 ἠ
3452 1626 3760 1679 Γαλιλαίαο
3816 1635 3905 1689 τῆς
3955 1625 3998 1679 δι

2407 1712 2679 1774 Γαλιλαίας
2725 1712 2834 1766 ἐστὶ
2891 1713 3036 1786 μόλις
3087 1716 3117 1774 ἠ
3149 1715 3414 1788 Ναζαρέτ.
3480 1714 3672 1788 Ἔλεγε
3729 1712 3792 1770 δε
3851 1723 3995 1781 τοῦτο,

2326 1799 2371 1854 Β
2405 1801 2923 1877 πεπληροφορημένος
2961 1805 3041 1856 ὅτι
3075 1805 3101 1855 ὁ
3136 1801 3570 1879 προσδοκώμενος
3597 1806 3703 1859 οὐκ
3748 1809 3888 1859 ἔστιν
3916 1804 3996 1857 ἀπὸ

2403 1892 2668 1968 Ναζαρὲτ,
2699 1891 2808 1945 ἀλλ’
2848 1891 2902 1945 ἐκ
2935 1893 3186 1966 Βηθλεέμ.

2478 1985 2629 2053 Λέγει
2681 2013 2747 2022 --
2808 1978 2911 2035 ἴδε.
2967 1983 3190 2054 Ἀγνοῶν
3241 1987 3328 2035 τὸν
3398 1987 3614 2056 τρόπον,
3679 1981 3761 2038 δι’
3806 1984 3858 2037 ὃν
3907 1981 3993 2038 εἶπε

2401 2077 2576 2136 τοῦτο,
2638 2075 2729 2123 καὶ
2794 2069 2964 2132 ἁπλῶς
3026 2071 3181 2124 αὐτὸν
3245 2068 3539 2126 διαϐάλλειν
3614 2078 3716 2133 τὴν
3778 2074 3992 2147 Ναζαρὲτ

2403 2159 2617 2226 οἰηθεὶς,
2655 2159 2786 2213 ἕλκει
2820 2167 2996 2213 τοῦτον
3038 2159 3118 2213 ἐπὶ
3148 2163 3235 2213 τὸν
3267 2165 3495 2237 Χριστὸν
3534 2165 3679 2233 (⁸71),
3730 2166 3800 2226 ὡς
3827 2162 3989 2216 αὐτίκα

2402 2250 2833 2320 πεισθησόμενον,
2865 2250 2908 2302 εὶ
2936 2253 3090 2322 μόνον
3128 2252 3375 2323 γεύσεται
3411 2259 3501 2313 τῆς
3534 2248 3891 2313 διδασκαλίας
3916 2257 3986 2303 καὶ

2404 2337 2610 2412 ὁμιλίας
2636 2338 2815 2391 αὐτοῦ.

2475 2423 2625 2480 Εἶδεν
2686 2458 2749 2469 -—
2806 2428 3153 2502 Ἰσραηλίτης.
3218 2429 3494 2504 Ἐπῄνεσεν
3542 2431 3729 2497 αὐτὸν,
3785 2433 3851 2493 ὡς
3895 2428 3980 2482 ἑπι-

2402 2521 2746 2587 γινώσκοντα,
2796 2517 2831 2570 ἃ
2875 2516 3254 2591 ἀναγινώσκεί’
3307 2527 3456 2574 τοῦτο
3501 2523 3612 2596 γὰρ
3667 2528 3758 2574 τοῦ
3808 2519 3974 2579 ἀληθῶς

2404 2605 2755 2680 Ἰσραηλίτου.
2785 2610 2852 2661 Οἱ
2892 2611 2993 2682 γὰρ
3026 2607 3291 2684 ἀρχιερεῖς
3318 2614 3408 2663 καὶ
3438 2612 3487 2662 οἱ
3532 2616 3863 2683 Γραμματείς
3906 2612 3974 2659 καὶ

2405 2698 2453 2747 οἱ
2501 2698 2617 2748 κατ’
2668 2695 2908 2759 ἐκείνους,
2989 2697 3048 2750 οὗ
3096 2702 3449 2773 προσέχοντες
3495 2700 3581 2761 οἷς
3650 2698 3965 2771 ἀνεγίνωσκον,

2403 2781 2743 2858 ψευδώνυμοι
2773 2783 2907 2845 ἦσαν
2949 2786 3290 2862 Ἰσραηλῖται.

2476 2874 2558 2926 Ἐν
2612 2906 2680 2915 —
2745 2878 2878 2930 ἔστι.
2934 2875 3086 2929 Δολον
3152 2875 3288 2948 λέγει
3354 2880 3448 2936 τὴν
3522 2876 3831 2947 ἐπικαλυψιν
3889 2878 3961 2931 τῆς

2408 2962 2501 3022 ἀλη
2513 2965 2670 3035 θείας,
2705 2968 2798 3024 τὴν
2828 2968 3101 3038 πονηρίαν.

2476 3056 2632 3123 Λέγει
2689 3084 2756 3094 -
2811 3060 3116 3126 γινώσκεις
3176 3054 3287 3106 Οὔκ
3340 3052 3630 3127 ἐχαυνώθη
3699 3062 3795 3114 τοῖς
3834 3049 3946 3102 ἐπαί-

2328 3157 2368 3213 C
2405 3160 2529 3205 νοις.
2556 3139 2662 3192 ἀλλ’
2683 3140 2909 3203 ἐζήτησε
2928 3144 3109 3214 μαθεῖν
3147 3144 3298 3196 πόθεν
3322 3143 3474 3196 αὐτὸν
3497 3152 3748 3216 γινώσκει
3768 3145 3933 3194 τοιοῦτον

2406 3232 2512 3284 οἷον
2536 3229 2692 3303 λέγει.

2479 3321 2757 3393 Ἀπεκρίθη
2828 3351 2880 3360 -—
2960 3316 3097 3373 εἶδόν
3168 3340 3244 3375 σε.
3307 3320 3366 3374 ’0
3445 3324 3536 3394 μὶν
3609 3326 3679 3385 ὡς
3739 3319 3945 3390 ἄνθρωπον

2404 3407 2559 3460 αὐτὸν
2603 3408 2846 3472 ἐξήταζεν
2876 3411 2950 3463 ἔτι
2972 3425 2985 3438 ·
3045 3409 3199 3471 αὐτὸς
3230 3406 3289 3464 δὲ
3318 3412 3386 3472 ὡς
3430 3414 3565 3473 Θεὸς
3625 3411 3758 3481 αὐτῷ
3785 3405 3950 3475 ἀποκρί-

2401 3517 2561 3551 νεται.
2606 3502 2760 3570 Λέγει
2795 3501 2896 3574 γὰρ
2941 3495 3069 3555 ἰδεῖν
3122 3499 3149 3552 ὃ
3196 3496 3368 3561 οὐδεὶς
3397 3498 3615 3574 ἑώρακε.
3652 3502 3751 3575 Πρὸ
3795 3488 3950 3549 τοῡένο

2400 3595 2583 3659 τυχεῖν
2621 3589 2720 3662 γὰρ
2775 3587 2915 3658 αὖτῴ
2962 3591 3050 3640 τὸν
3094 3588 3365 3655 Φίλιππον,
3408 3584 3469 3648 ἦν
3518 3590 3626 3643 ὑπὸ
3671 3592 3758 3646 τήν
3803 3588 3950 3645 συκῆνι

2401 3673 2608 3738 οὐδενὸς
2652 3681 2901 3753 παρόντος
2950 3680 2981 3737 ἦ
3037 3678 3259 3751 ὁρῶντος
3307 3676 3477 3734 οὗτόν.
3532 3675 3754 3731 Δὲδωκεν
3777 3671 3851 3725 οὖν
3896 3684 3951 3719 τι·

2400 3771 2618 3840 κμήριον
2664 3765 3030 3841 ἀναντίρρητον
3060 3772 3152 3819 τοῦ
3207 3771 3481 3838 γινώσκειν
3527 3767 3701 3834 αὐτὸν,
3738 3765 3816 3815 καὶ
3856 3758 3951 3829 όρᾷι

2400 3858 2467 3909 τὰ
2503 3863 2614 3918 τοῖς
2668 3854 2953 3931 ἀνθρώποις
2982 3854 3195 3909 ἀθέατα.
3255 3858 3342 3908 Διὸ
3385 3860 3476 3908 καὶ
3527 3859 3619 3908 τὸν
3666 3853 3827 3926 καιρὸν
3866 3845 3950 3898 εἶπε

2401 3949 2492 3997 καὶ
2525 3948 2609 3997 τὸν
2638 3950 2793 3998 τόπον
2830 3949 2921 3997 καὶ
2943 3948 3002 3997 τὸ
3043 3940 3278 4020 δένδρον,
3311 3949 3402 3997 καὶ
3445 3944 3558 4017 οἶμα
3591 3941 3768 4005 ἔδειξεν
3789 3938 3857 3989 ὃτι
3880 3934 3950 3984 καὶ

2401 4038 2597 4094 ἤκουσε
2642 4034 2889 4095 πάντωςό
2929 4033 3085 4099 εἶπεν,
3115 4037 3195 4087 ὅτι
3242 4034 3331 4088 Ἐκ
3379 4035 3624 4106 Ναζαρὶτ
3673 4027 3866 4085 δύναταί
3906 4038 3947 4070 τι

2403 4124 2599 4197 ἀγαθὸν
2651 4120 2815 4176 εἶναι’
2877 4126 2966 4175 καὶ
3040 4123 3098 4175 ἐκ
3151 4125 3337 4176 τούτου
3408 4122 3601 4196 μᾶλλον
3652 4125 3842 4177 συνῆκεν
3881 4110 3944 4197 ἔτι

2403 4194 2560 4274 atii-6;
2587 4211 2728 4265 ἐστιν
2774 4214 2799 4264 ὁ
2830 4216 3081 4287 Χριστὸς.
3112 4194 3419 4284 Ἐλογίσατο
3449 4214 3552 4288 γάρ
3585 4214 3677 4276 ὅτι,
3706 4207 3745 4261 εἰ
3780 4207 3842 4288 μθ
3874 4194 3936 4288 ἦγ’

2402 4302 2497 4355 οὐκ
2527 4300 2586 4354 ἂν
2608 4300 2849 4375 ἐπῄνεσεν
2876 4300 3053 4369 αὐτὸν,
3082 4300 3189 4354 ἀλλ’
3216 4300 3467 4355 ἀπώσατο
3497 4303 3579 4357 ἄν,
3599 4299 3770 4355 Λοιπὸν
3794 4286 3870 4342 οὖν
3894 4301 3937 4335 εκ

2402 4411 2456 4444 τε
2482 4399 2542 4450 τῆ
2553 4412 2574 4453 ς
2608 4394 2924 4466 προφητείας
2968 4393 3022 4443 ἔκ
3053 4410 3107 4444 τε
3162 4397 3252 4444 τοῦ
3282 4388 3493 4444 ἐπαίνου
3545 4398 3839 4446 πεπιστενκεν
3869 4390 3932 4425 οτι

2324 4520 2371 4576 D
2402 4480 2555 4540 αὐτὸς
2585 4478 2716 4532 ἐστι.

2472 4569 2794 4645 [Προφητεία
2834 4568 2947 4641 (72)
2986 4564 3045 4622 δε
3092 4567 3282 4642 Ean-.5]
3314 4568 3411 4622 οὐκ
3467 4568 3547 4622 ἐπὶ
3581 4575 3665 4620 τῶν
3688 4554 3921 4645 Prilian

2401 4663 2574 4731 μόνον,
2612 4657 2741 4711 ἀλλά
2794 4662 2884 4711 καὶ
2926 4656 3009 4711 ἐπὶ
3066 4666 3164 4711 τῶν
3221 4657 3583 4732 παρελθόντων,
3635 4645 3740 4710 εἰ»ςῆ
3780 4642 3907 4692 Βίων·

1857 4961 2084 5030 Variae
2116 4961 2446 5031 lectiones
2479 4971 2546 5029 et
2584 4969 2788 5030 notas.

730 5159 819 5229 68)
843 5156 1446 5214 Excideruntinclusa
1478 5162 1542 5213 A.

730 5231 820 5295 69)
884 5233 1132 5303 Καὶᾲτότε
1156 5237 1411 5303 Ῠτοιούτον
1447 5230 1506 5285 in
1544 5229 2034 5303 interpretatione
2098 5229 2295 5299 negle-

629 5299 725 5355 xit
770 5301 1106 5356 Hentenius.
1150 5302 1318 5356 Forte
1366 5304 1568 5356 autem
1599 5299 2020 5370 corrigendum
2070 5304 2176 5356 aut
2203 5304 2293 5352 καὶ

631 5375 692 5424 τὸ
746 5379 976 5443 τοιοῦτον
1024 5376 1131 5428 aut
1194 5377 1283 5425 καὶ
1341 5380 1509 5424 ταῦτα
1572 5380 1825 5439 τοιοῦτον,
1886 5372 2113 5427 scilicet
2169 5370 2294 5443 ἀγα-

636 5444 745 5509 θόν,
803 5440 908 5495 οἷον
938 5444 963 5495 ὁ
1014 5447 1233 5507 Μεσίας.
1274 5445 1469 5517 Τρόποι
1507 5448 1710 5501 autem
1750 5459 1866 5500 non
1899 5447 2038 5499 sunt
2074 5440 2288 5516 ﬁgurae,

704 5617 777 5691 (t)
800 5618 1115 5690 Benignam
1140 5650 1210 5692 _—
1238 5620 1683 5692 quodammodo.
1718 5620 2065 5678 Humaniter
2103 5635 2293 5677 remo-

632 5690 763 5773 vet,
789 5704 914 5773 τωρ
938 5692 1099 5762 quod
1140 5690 1546 5773 inventus_sit,
1579 5693 1683 5755 sed
1718 5693 1883 5773 quod
1928 5708 1964 5752 a
2007 5692 2290 5752 Nazareth

635 5761 726 5837 sit,
750 5765 807 5820 et
834 5759 1013 5841 pletis
1037 5760 1515 5842 quodammodo.

2404 5158 2511 5214 sed
2535 5174 2737 5225 mores,
2766 5157 3092 5228 ingenium.
3617 5226 3625 5228 _
3719 5217 3733 5228 ,
3806 5210 3816 5223 .

2497 5213 2780 5304 '10)
2806 5213 2915 5292 τῖίς
2940 5224 3698 5304 "Ioudaiorg,_ut-Hentenigs
3719 5213 3855 5304 legit:

2496 5275 2587 5368 ἠῢ
2616 5275 3053 5368 statim:
3067 5275 3880 5369 ’ὦῦῗιὲέίίῐιὶῗτὲἱῖἆὸἦσόᾷινος
3897 5275 3944 5329 B-

2495 5374 2589 5444 72)
2620 5373 2751 5428 'l'ria
2778 5371 2907 5427 haec
2936 5370 3235 5428 vocabula
3254 5370 3472 5427 absunt
3504 5375 3572 5426 Α.

2466 5620 2578 5688 (m)
2611 5619 2987 5690 Figurarum.
3017 5621 3185 5677 Forte
3204 5618 3346 5691 legit
3373 5620 3570 5685 τύπων,
3600 5616 3725 5691 loco
3755 5604 3946 5691 τρεόξτξθζξ

2401 5680 2606 5749 Sermo
2626 5680 2715 5747 θέε
2745 5691 2821 5748 de
2850 5691 3145 5747 constanti
3171 5706 3242 5748 ac
3263 5680 3463 5750 “ﬁrmo
3491 5680 3849 5751 Nathanaelis
3876 5680 3949 5731 ιη·

2379 5764 2596 5835 genio.
2621 5762 2789 5839 quod
2810 5761 2933 5825 falli
2960 5778 3083 5826 non
3107 5762 3318 5839 potuit.
