4144 6314
312 364 449 421 1145

1382 358 1751 417 COMMENT.
1798 357 1863 414 IN
1901 356 2252 414 JOANNEM.
2297 390 2362 399 -
2402 358 2560 415 CAP.
2603 360 2645 414 Ι.

3542 360 3681 417 1146

313 492 439 549 σέως
468 492 583 562 περὶ
624 496 719 549 τῆς
758 492 1140 559 κοσμογενείας·
1194 489 1282 538 καὶ
1332 484 1414 539 ἐπὶ
1467 494 1564 539 τῶν
1596 484 1900 550 ἐνεστώτων,

2023 498 2226 539 verum
2255 484 2432 540 etiam
2457 485 2530 539 de
2558 482 2868 557 praeteritis
2897 499 2912 549 ;
2949 482 3104 539 sicut
3131 482 3323 539 Moses
3357 482 3432 539 de
3466 484 3681 541 mundi

311 581 377 638 ὡς
406 580 525 631 ὁταν
574 579 599 628 6
638 580 869 653 Χριστός
896 576 1016 651 λέγῃ
1058 577 1173 649 (73)
1204 578 1270 629 τά
1299 578 1349 627 ἐν
1388 583 1501 638 ταῖς
1527 572 1772 649 καρδίαις
1810 583 1909 626 τῶν

316 666 626 741 ἀνθρώπων.

383 756 667 829 Ἀπεκρίθη
727 787 793 795 —
847 755 1082 829 Ἰσραήλ.
1125 762 1319 827 Ἐγνως
1371 755 1557 827 ψυχὴν
1610 754 1711 807 ὑπὸ
1767 773 1910 827 περι-

309 850 532 918 χαρείας
617 853 936 919 σκιρτῶσαν,
1016 851 1105 897 καὶ
1184 847 1671 918 περιπτυσσομένην
1752 843 1906 896 αὐτόν

308 933 414 995 τοῖς
459 936 665 1009 ῥήμασι
714 937 931 996 τούτοις·
967 939 1031 987 Σὺ
1083 930 1146 1004 εἷ,
1206 939 1384 1007 φησὶν,
1454 933 1610 997 αὐτὸς
1653 933 1837 995 ἐκεῖνος
1880 935 1905 985 6

306 1021 760 1098 προσδοκώμενος.

380 1200 518 1252 Αλλά
566 1205 700 1262 τίνος
761 1202 919 1254 ἕνεκεν
981 1203 1006 1254 6
1071 1208 1263 1275 Πέτρος
1318 1205 1429 1275 μὲν,
1493 1202 1625 1275 μετά
1676 1210 1906 1254 τοσαῦτα

308 1291 551 1362 θαύματα
636 1296 725 1343 καὶ
813 1293 1072 1349 τοσαύτην
1150 1288 1502 1344 διδασκαλίαν
1582 1290 1906 1364 ὁμολογήσας

306 1378 462 1431 αὑτὸν
488 1381 607 1431 Υἱόν
663 1387 754 1432 τοῦ
814 1387 967 1445 Θεοῦ,
1030 1379 1355 1454 ἐμακαρίσοη
1392 1398 1404 1410 '
1452 1382 1477 1433 6
1502 1380 1786 1439 Ναθαναὴλ
1822 1377 1900 1447 δὲ,

303 1472 524 1541 καὶπρό
556 1478 654 1520 τῶν
708 1472 987 1541 θαυμάτων
1018 1475 1106 1522 καὶ
1153 1474 1252 1544 πρὸ
1305 1479 1395 1531 τῆς
1443 1466 1792 1531 διδασκαλίας
1846 1474 1902 1522 τό

303 1558 430 1611 αῦτὸ
480 1563 726 1627 ποιήσας,
774 1558 867 1610 οὐκ
908 1561 1230 1633 ἐμακαρίσθη
1267 1576 1280 1627 ;
1310 1566 1452 1612 Διοτι
1483 1560 1525 1613 εἰ
1555 1563 1725 1612 καὶτὸ
1776 1561 1902 1612 αῦτό

1532 1646 1782 1711 διανοίας.
1844 1651 1901 1702 Ὀ

304 1740 491 1810 Πέτρος
520 1739 609 1809 μὲν
647 1738 746 1812 γὰρ
798 1740 950 1809 φύσει
1006 1740 1124 1790 Υἱόν
1164 1746 1253 1790 τοῦ
1304 1747 1436 1791 Θεοῦ
1476 1746 1655 1791 τοῦτον
1703 1740 1903 1812 ὡμολό-

300 1843 482 1896 γησεν·
517 1827 541 1877 6
600 1825 880 1885 Ναθαναὴλ
934 1823 993 1880 δὲ
1030 1830 1145 1879 Υἱόν
1188 1834 1276 1879 τοῦ
1330 1836 1462 1881 Θεοῦ
1523 1830 1654 1881 θέσει
1692 1845 1703 1857 ·
1756 1836 1845 1881 καὶ
1875 1830 1900 1881 6
1932 1846 1972 1900 Β

303 1647 633 1719 ἐφθέγξαντο,
697 1646 802 1700 ἀλλ’
856 1649 913 1700 οὗ
961 1651 1091 1721 μετά
1147 1657 1242 1711 τῆς
1295 1650 1453 1711 αὐτῆς

298 1918 390 1988 μὲν
427 1919 554 1968 Θεὸν
616 1922 829 1989 κυρίως,
866 1918 890 1969 6
923 1913 980 1970 δε
1006 1921 1133 1971 Θεὸν
1186 1920 1320 1969 κατά
1370 1921 1552 1993 χάριν.
1602 1922 1701 1971 Καὶ
1751 1926 1901 1972 τοῦτο

302 2000 481 2072 δῆλον,
525 2003 625 2058 ἀπὸ
666 2014 757 2059 τοῦ
814 2005 1092 2078 ἐπαγαγεῖν
1144 2026 1156 2039 ·
1214 2010 1280 2059 Σὺ
1331 2004 1378 2060 εἴ
1432 2010 1456 2059 6
1511 2006 1758 2079 βασιλεὺς
1810 2017 1898 2061 τοῦ

301 2093 535 2166 Ἰσραήλ.
567 2094 625 2147 Ὀ
652 2096 763 2167 (7’s)
817 2098 917 2169 γὰρ
966 2099 1115 2165 φύσει
1148 2098 1267 2158 Υἱός
1306 2104 1395 2149 τοῦ
1464 2104 1596 2149 Θεοῦ
1640 2096 1697 2148 οὗ
1746 2102 1899 2170 μόνον

299 2190 399 2234 τῶν
432 2182 788 2255 Ἰσραηλιτῶν,
852 2183 977 2235 ἀλλά
1025 2186 1226 2237 πάντων
1274 2183 1525 2257 βασιλεὺς
1578 2183 1736 2239 ἐστιν.
1790 2186 1900 2238 Οὐκ

299 2271 524 2324 ἐντεῦθεν
568 2269 626 2325 δὲ
673 2277 825 2345 μόνον
872 2281 1026 2326 τοῦτο
1073 2270 1252 2337 δῆλον,
1313 2272 1440 2325 ἀλλά
1506 2279 1594 2327 καὶ¹
1646 2274 1732 2347 ἀφ’
1776 2276 1898 2327 ὧνὸ

297 2365 533 2435 Χριστὸς
591 2360 865 2435 ἀπεκρίθη,
911 2364 1149 2435 προάγων
1202 2372 1382 2415 τοῦτον
1446 2362 1528 2416 ἐπὶ
1593 2365 1899 2438 τελειοτέραν

297 2449 571 2523 ὁμολογίαν
610 2457 699 2504 καὶ
742 2448 1017 2505 διδάσκων
1048 2457 1118 2525 μὴ
1173 2454 1238 2513 ὡς
1287 2450 1539 2525 ἀνθρώπῳ
1575 2452 1711 2524 ψιλῷ
1738 2474 1899 2528 προσ.

299 2544 441 2612 ἐχειν
464 2544 625 2611 αὐτῷ.

373 2630 651 2705 Ἀπεκρίθη
688 2662 754 2670 -
784 2631 919 2702 ὄψει.
970 2630 1080 2683 Ἰνα
1110 2634 1197 2682 καὶ
1240 2630 1417 2701 μεῖζον
1445 2634 1751 2703 πιστεύσῃς.
1784 2631 1896 2683 Ἰἰτι

296 2716 396 2790 γὰρ
418 2722 582 2792 μικρά
614 2720 857 2788 ἀκούσας,
899 2722 1064 2793 μικρά
1086 2718 1377 2771 ἐπίστευσε.

376 2813 474 2861 Καὶ
500 2808 634 2879 λέγει
694 2840 758 2849 --
818 2808 1108 2882 ἀνθρώπου.
1179 2806 1601 2879 [Ἀναϐαίνοντας
1641 2808 1752 2879 (75)
1791 2807 1896 2861 εἷπε

297 2904 521 2968 πρῶτον,
552 2893 722 2954 δηλῶν
752 2900 865 2957 τοὺς
896 2899 1030 2970 ἄχρι
1061 2899 1241 2948 τούτου
1284 2898 1394 2965 (7b)
1417 2901 1779 2968 συμπαρόντας
1808 2902 1895 2950 καὶ

299 2981 662 3045 διακονοῦντας
692 2988 830 3055 αὐτῷ

367 3071 449 3132 Ὠς
477 3076 575 3146 γαρ
633 3073 714 3125 ἐπὶ
775 3079 992 3145 γνήσιον
1044 3077 1159 3126 Υιον
1206 3081 1298 3126 τοῦ
1329 3081 1483 3142 Θεοῦ,
1518 3073 1775 3128 ἀνέϐαινον
1806 3082 1896 3130 καὶ

296 3161 594 3215 κατέϐαινον
647 3166 695 3215 οὶ
767 3163 977 3235 ἄγγελοι
1041 3172 1129 3216 τοῦ
1198 3171 1332 3217 Θεοῦ
1406 3162 1486 3216 ἔπ’
1542 3164 1714 3230 αὐτόν,
1780 3163 1895 3219 δια⁹
1928 3196 1969 3252 C

296 3259 556 3314 κονοῦντες
602 3268 615 3281 ⁸
646 3256 911 3325 τοῦτομὲν
963 3255 1107 3327 παρά
1166 3256 1252 3305 τόν
1303 3257 1480 3327 καιρὸν
1532 3262 1623 3307 τοῦ
1670 3256 1889 3321 πάθους,

298 3350 450 3394 τοῦτο
482 3340 540 3395 δὲ
570 3345 711 3417 παρά
749 3346 834 3395 τὸν
870 3339 964 3405 τῆς
992 3342 1339 3406 ἀναστάσεως,
1372 3350 1525 3395 τοῦτο
1553 3340 1612 3396 δε
1639 3346 1781 3419 παρά
1808 3348 1893 3397 τὸν

298 3440 393 3494 τῆς
424 3431 741 3503 ἀναλήψεως⁸
833 3429 890 3485 δὲ
921 3431 1128 3504 ἄγγελοι
1159 3429 1467 3484 διακονοῦσι
1508 3428 1889 3507 δουλοπρεπώς,

298 3522 447 3583 οὗτος
474 3522 566 3573 οὐκ
602 3525 739 3574 ἔστιν
806 3522 1069 3596 ἄνθρωπος
1108 3521 1302 3585 ἁπλῶς,
1338 3520 1464 3573 ἀλλὰ
1502 3527 1591 3574 καὶ
1631 3522 1742 3595 (77)
1778 3527 1895 3585 Θεὸς

297 3615 386 3661 καὶ
418 3614 678 3672 Δεσπότης
706 3609 893 3663 αὐτῶν.
923 3610 1107 3681 Ἀμὴν,
1145 3610 1281 3679 ἀμὴν
1322 3610 1453 3682 λέγω
1492 3612 1611 3684 ὑμῖν
1638 3620 1745 3673 τοῖς
1775 3633 1894 3665 πισ-

297 3704 424 3761 τοῖς,
460 3697 653 3771 ἀπάρτι
683 3699 892 3770 ὄψεσθε,
933 3702 1062 3771 μετά
1087 3704 1143 3752 τό
1176 3708 1457 3752 πιστεῦσαι
1487 3706 1735 3771 γνησίως.
1763 3709 1896 3754 Ταῦ-

298 3804 362 3837 τα
386 3782 445 3839 δέ
472 3786 573 3839 εἰσι
602 3792 663 3840 τά
689 3788 851 3861 μείζω
905 3793 1021 3865 περὶ
1074 3790 1139 3839 ὧν
1189 3785 1321 3841 εἶπεν
1357 3790 1437 3841 ὁτι
1501 3790 1674 3851 Μείζω
1705 3793 1894 3843 τούτων

298 3875 434 3947 ὄψει.

367 3964 528 4037 Ὀψιν
549 3963 607 4019 δὲ
632 3972 819 4025 νόησον
852 3972 940 4020 καὶ
956 3972 1049 4025 την
1079 3976 1292 4038 γνῶσιν.
1322 3966 1586 4039 ’Ἐγνωσαν
1602 3971 1702 4043 γὰρ
1731 3978 1895 4022 ταῦτα

294 4058 475 4116 πάντες
540 4058 588 4106 οἱ
641 4058 896 4127 μαθηταὶ,
955 4058 1003 4107 οἱ
1033 4060 1122 4127 μὲν
1173 4052 1392 4125 ἰδόντες,
1421 4059 1469 4109 οἱ
1501 4054 1559 4110 δὲ
1586 4056 1894 4121 ἀκούσαντες

292 4147 435 4218 παρά
464 4153 562 4195 τῶν
592 4140 826 4198 ἰδόντων.

361 4231 522 4304 Ὀπερ
557 4230 614 4285 δὲ
668 4237 715 4285 ἑν
754 4233 943 4294 ἄλλοις,
993 4242 1143 4285 τοῦτο
1196 4239 1285 4286 καὶ
1312 4242 1400 4286 νῦν
1451 4243 1604 4288 ποιεῖ.
1666 4238 1761 4289 Δύο
1791 4239 1891 4309 γὰρ

294 4321 448 4373 εἰπὼν
530 4322 869 4397 προῤῥησεις,
954 4330 1047 4381 τὴν
1126 4326 1216 4395 μὲν
1299 4323 1731 4396 ὁμολογουμένην,
1814 4329 1893 4379 ὁτι

297 4414 401 4485 Πρὸ
443 4418 533 4463 τοῦ
582 4415 637 4465 σε
691 4412 941 4465 Φίλιππον
1013 4421 1271 4483 φωνῆσαι,
1323 4417 1444 4465 ὄντα
1498 4415 1597 4466 ὑπὸ
1644 4418 1737 4472 τὴν
1803 4435 1893 4467 συ-

291 4508 407 4565 κῆν,
439 4497 575 4553 εἶδόν
610 4520 666 4554 σε
719 4523 732 4535 ο

291 4589 504 4661 οὐρανὸν
531 4588 791 4662 ἀνεῳγότα
842 4596 931 4643 καὶ
979 4594 1043 4642 τα
1102 4590 1219 4653 ἑξῆς
1254 4608 1269 4623 ⁸
1305 4590 1403 4643 ἀπὸ
1468 4600 1558 4652 τῆς
1606 4592 1893 4664 ὁμολογου-

291 4684 447 4751 μένης
503 4678 711 4750 βεϐαιοῖ
737 4685 828 4738 τὴν
870 4679 982 4751 (78)
1039 4678 1339 4751 ἀμφίϐολον.
1386 4684 1472 4732 Διὸ
1525 4686 1613 4733 καὶ
1646 4686 1893 4752 σεσίγηκε

292 4771 381 4839 μεν
436 4770 461 4819 6
488 4769 790 4835 Ναθαναὴλ,
821 4772 1013 4827 ἔστησε
1045 4765 1102 4820 δὲ
1132 4774 1220 4821 καὶ
1259 4771 1284 4820 ὁ
1320 4773 1542 4842 Χριστός
1576 4773 1740 4842 μέχρι
1772 4774 1891 4822 τοῦ-

290 4876 381 4909 του
413 4860 498 4909 τὸν
537 4858 708 4929 λόγον,
746 4860 887 4931 ἀφεὶς
924 4858 1078 4909 αὐτόν
1134 4857 1246 4909 κατ’
1286 4854 1426 4910 ἰδίαν
1476 4857 1893 4931 ἀναλογίσασθαι

2020 573 2453 639 constitutione,
2473 578 2529 629 et
2558 574 2631 628 de
2655 572 3073 644 praesentibus.
3110 577 3169 628 ut
3200 589 3337 628 cum
3358 573 3679 631 dixitChri-

2021 669 2147 718 stus
2175 679 2306 735 quae
2338 665 2455 720 sint
2491 664 2551 719 in
2592 663 2769 718 corde
2798 662 3140 718 hominum.

2092 754 2249 807 Vers.
2282 753 2371 808 50.
2405 750 3021 823 Respondit—Israel.
3056 751 3232 807 Vides
3263 752 3531 809 animam
3556 770 3676 826 prae

2017 840 2206 897 nimia
2233 840 2430 897 laetitia
2460 841 2877 907 exsultantem,
2892 841 3103 913 hisque
3122 841 3317 897 verbis
3336 842 3530 914 ipsum
3548 859 3675 898 am-

2016 930 2370 1003 plectentem
2413 948 2425 987 :
2466 931 2571 998 Tu,
2615 932 2826 1005 inquit,
2866 931 2960 987 ille
3012 930 3141 1002 ipse
3180 948 3243 987 es
3312 930 3415 1003 qui
3468 949 3676 1007 exspe-

2015 1020 2311 1079 ctabatur.

2088 1110 2194 1165 Sed
2218 1126 2403 1183 quare
2434 1110 2640 1166 Petrus
2671 1109 2774 1183 qui
2807 1114 2941 1182 post
2983 1114 3146 1165 tanta
3199 1109 3490 1166 miracula
3543 1115 3673 1167 tan-

2016 1204 2252 1271 tamque
2298 1199 2630 1256 doctrinam
2662 1200 2976 1255 confessus
3007 1205 3094 1255 est
3132 1198 3331 1270 ipsum
3382 1215 3513 1255 esse
3568 1201 3671 1256 Dei

2013 1287 2242 1355 Filium,
2270 1289 2481 1345 beatus
2513 1290 2705 1345 dictus
2753 1294 2843 1345 est
2875 1306 2888 1345 :
2935 1287 3265 1344 Nalhanael
3303 1304 3440 1343 vero
3485 1290 3585 1361 qui
3617 1296 3675 1346 et

2014 1385 2149 1433 ante
2191 1378 2496 1445 miracula,
2526 1384 2581 1433 et
2609 1384 2745 1433 ante
2775 1379 3110 1433 doctrinam
3140 1376 3254 1432 hoc
3292 1377 3491 1449 ipsum
3514 1377 3670 1447 fecit,

2014 1484 2133 1523 non
2149 1473 2235 1523 est
2266 1468 2459 1523 dictus
2482 1468 2893 1534 beatus?Quia
2918 1467 3052 1523 licet
3077 1466 3405 1537 hocipsum
3439 1467 3672 1523 locutus

2012 1558 2695 1621 est,nontameneadem
2713 1560 2928 1612 mente.
2956 1559 3101 1612 Nam
3156 1558 3355 1611 Petrus
3391 1572 3529 1611 cum
3570 1572 3673 1612 na-

2012 1650 2145 1702 tura
2174 1645 2277 1701 Dei
2303 1646 2507 1701 Filium
2524 1662 2650 1701 esse
2665 1645 2977 1702 confessus
3002 1650 3119 1700 est:
3148 1644 3472 1700 Nathanael
3507 1661 3665 1710 vero,

2013 1734 2112 1789 Dei
2146 1736 2351 1791 Filium
2382 1736 2726 1807 adOptione;
2761 1734 2922 1790 etille
2938 1732 3182 1806 quidem
3200 1734 3431 1805 proprie
3458 1734 3667 1801 Deum,

2011 1824 2103 1880 hic
2134 1831 2333 1881 autem
2361 1841 2465 1898 per
2482 1825 2757 1893 gratiam,
2791 1825 2953 1895 quod
2976 1822 3355 1878 manifestum
3387 1828 3473 1878 est
3495 1839 3566 1877 ex
3597 1838 3669 1879 eo

2009 1916 2171 1988 quod
2204 1913 2509 1970 subditur:
2550 1915 2635 1969 Tu
2662 1930 2718 1969 es
2750 1929 2860 1969 rex
2882 1913 3083 1967 Israel.
3119 1911 3227 1977 Qui
3256 1911 3415 1965 enim
3453 1916 3670 1969 natura

2010 2005 2110 2059 Dei
2141 2003 2321 2058 Filius
2349 2008 2459 2068 est,
2493 2018 2613 2059 non
2651 2001 3049 2057 Israelitarnm
3086 2000 3298 2064 solum,
3329 1999 3433 2054 sed
3464 2005 3519 2055 et
3540 2015 3667 2055 om-

2008 2094 2177 2149 nium
2210 2108 2311 2147 rex
2342 2098 2444 2146 est.
2486 2095 2685 2163 Neque
2724 2091 2863 2145 hinc
2912 2090 3105 2145 solum
3139 2088 3519 2143 manifestum
3552 2095 3662 2155 est,

2009 2199 2212 2238 verum
2243 2181 2421 2237 etiam
2469 2180 2545 2235 ab
2600 2180 2688 2235 his
2720 2196 2856 2251 quae
2907 2178 3213 2252 respondit
3262 2176 3547 2244 Christus,
3586 2177 3663 2233 ad

2011 2272 2415 2346 perfectiorem
2479 2271 2910 2326 confessionem
2954 2270 3111 2324 hunc
3143 2267 3435 2323 inducens
3462 2284 3530 2323 ac
3561 2266 3669 2324 do-

2008 2378 2170 2431 cens,
2204 2377 2275 2417 ne
2306 2361 2418 2416 sibi
2447 2362 2620 2432 quasi
2652 2376 2803 2433 puro
2846 2358 3069 2415 homini
3104 2357 3484 2413 auseultaret.

2078 2536 2241 2591 Vers.
2292 2538 2380 2591 51.
2442 2536 2758 2604 Respondit
2820 2567 2883 2575 —
2940 2535 3179 2591 videbis.
3220 2537 3288 2589 Ut
3348 2532 3669 2605 perfectius

2006 2626 2235 2682 credas.
2271 2629 2417 2681 Nam
2458 2642 2593 2680 cum
2652 2640 2833 2696 parva
2880 2624 3079 2680 adhuc
3126 2623 3409 2688 audisset,
3447 2639 3661 2694 parum

2006 2714 2311 2770 credebat.

2074 2805 2349 2859 Vers.5‘2.
2382 2805 2456 2858 Et
2482 2803 2634 2860 dixit
2682 2834 2746 2843 —-
2797 2802 3063 2859 hominis.
3118 2805 3160 2873 -ι-
3205 2802 3470 2858 Primum
3524 2802 3667 2859 dixit

2002 2893 2403 2960 Ascendentes,
2445 2893 2789 2964 signiﬁcans
2827 2892 2991 2966 quod
3020 2908 3206 2965 usque
3245 2898 3383 2948 tunc
3422 2908 3560 2948 cum
3592 2907 3664 2948 eo

2002 2987 2328 3057 praesentes
2353 2983 2587 3040 fuerant
2617 2983 2787 3056 eique
2816 2982 3301 3038 ministraverant.

2076 3073 2375 3147 Siquidem
2406 3078 2694 3146 tanquam
2728 3090 2906 3146 super
2943 3073 3269 3143 legitimum
3316 3070 3416 3127 Dei
3445 3070 3659 3128 Filium

2002 3162 2411 3219 ascendebant
2441 3167 2498 3219 ct
2525 3162 2972 3219 descendebant
3009 3161 3207 3232 angeli
3260 3161 3357 3216 Dei
3386 3160 3462 3216 ad
3495 3177 3657 3230 eum,

2004 3253 2409 3309 ministrantes
2430 3252 2509 3308 illi
2540 3268 2553 3308 :
2580 3252 2693 3308 hoc
2724 3252 2969 3324 quidem
2996 3250 3402 3321 circatempus
3433 3251 3664 3321 passio-

2003 3343 2114 3410 nis,
2142 3342 2280 3397 iliud
2334 3347 2533 3398 autem
2566 3347 2832 3413 tempore
2883 3339 3325 3397 resurrectionis
3357 3343 3413 3394 et
3442 3338 3534 3411 (η)
3565 3355 3662 3395 as-

2006 3432 2383 3503 sumptionis.
2413 3430 2516 3486 Cui
2551 3436 2750 3487 autem
2784 3431 2844 3486 in
2870 3431 3117 3486 modum
3149 3444 3453 3484 servorum
3489 3428 3663 3483 mini-

2005 3526 2191 3577 strant
2222 3520 2438 3591 angeli,
2475 3521 2569 3576 hic
2595 3536 2713 3576 non
2748 3519 3095 3591 simpliciter
3132 3519 3316 3574 homo
3344 3522 3453 3584 est,
3474 3517 3579 3574 sed
3604 3523 3661 3576 et

2010 3614 2161 3667 Deus
2176 3626 2245 3666 ac
2263 3610 2559 3666 Dominus.
2577 3613 2786 3675 Amen,
2804 3625 2994 3674 amen,
3020 3609 3146 3663 dico
3165 3606 3335 3663 vobis
3357 3607 3658 3676 ﬁdelibus,

2005 3701 2255 3772 posthac
2286 3701 2580 3764 videbitis,
2611 3702 3077 3773 postingenuam
3109 3714 3432 3769 veramque
3453 3697 3659 3753 ﬁdem.

2007 3793 2141 3847 Haec
2171 3795 2369 3847 autem
2394 3798 2528 3845 sunt
2546 3792 2777 3862 majora
2807 3790 2905 3846 illa
2924 3789 2999 3845 de
3026 3788 3239 3862 quibus
3270 3788 3517 3853 dixerat,
3535 3788 3662 3844 Ma-

1994 3882 2141 3951 jora
2167 3880 2251 3935 his
2276 3880 2506 3936 videbis.

2066 3970 2369 4026 Visionem
2400 3986 2540 4025 vero
2573 3969 2831 4040 intellige
2857 3968 3034 4024 etiam
3066 3966 3487 4038 cognitionem.
3527 3967 3660 4022 Haec

2005 4058 2162 4115 enim
2194 4075 2401 4115 omnes
2440 4058 2715 4131 discipuli
2737 4062 3148 4130 cognoverunt
3180 4056 3279 4112 :hi
3302 4054 3547 4127 quidem
3574 4055 3663 4110 vi-

2002 4148 2229 4213 dentes,
2260 4148 2336 4203 illi
2373 4152 2567 4204 antem
2597 4148 2675 4204 ab
2721 4148 2812 4203 his
2859 4147 2964 4220 qui
2996 4146 3265 4202 viderant
3318 4145 3655 4202 audientes.

2073 4236 2244 4306 Quod
2274 4253 2414 4307 ergo
2444 4238 2505 4293 in
2539 4236 2693 4306 aliis,
2726 4237 2835 4293 hoc
2862 4236 3044 4292 etiam
3071 4251 3231 4291 nunc
3259 4234 3410 4290 facit.
3464 4234 3660 4307 Siqui-

2002 4326 2141 4382 dem
2168 4327 2287 4383 duo
2320 4327 2599 4383 vaticinia
2630 4326 2871 4399 protulit
2903 4342 2914 4381 :
2949 4341 3134 4380 unum
3169 4330 3395 4380 certum
3431 4324 3659 4394 dicens,

2002 4415 2352 4487 Priusquam
2378 4416 2757 4486 teP/u'lippus
2784 4423 3039 4483 vocaret,
3072 4430 3203 4469 cum
3220 4429 3364 4469 esses
3393 4413 3495 4468 sub
3522 4415 3656 4482 ﬁcu,

785 4507 878 4560 τὴν
922 4500 979 4553 δὲ
1028 4500 1307 4574 ἀμγίϐολον
1343 4520 1355 4533 ·
1390 4504 1470 4555 ὁτι
1518 4502 1775 4573 ’Ὄψονται
1806 4508 1892 4556 τόν

2020 4505 2551 4573 ridebamte;aliud
2572 4505 3076 4577 veroambiguum,
3126 4508 3265 4574 puta
3282 4502 3441 4574 quod
3478 4502 3659 4558 visuri

2001 4594 2395 4650 essentcoelos
2428 4599 2663 4666 apertos
2693 4600 2748 4649 et
2774 4599 3006 4658 cratera,
3026 4596 3082 4647 et
3108 4608 3141 4647 a
3161 4596 3319 4647 certo
3350 4590 3660 4648 conﬁrmat

2003 4683 2373 4753 ambiguum.
2410 4684 2544 4738 Ideo
2582 4684 2747 4739 etiam
2782 4680 3109 4739 Nathanael
3146 4679 3345 4745 tacuit,
3396 4680 3660 4736 Christus

2003 4788 2139 4828 vero
2158 4771 2235 4844 (ο)
2266 4772 2527 4829 substitit
2548 4789 2619 4828 ac
2636 4772 2813 4837 siluit,
2843 4776 3190 4843 exspectans
3222 4770 3470 4824 verbum
3512 4767 3657 4840 ejus,

2002 4860 2205 4917 sinens
2236 4866 2301 4917 ut
2321 4861 2479 4918 dicta
2500 4863 2663 4934 apud
2679 4876 2740 4917 se
2761 4860 3104 4918 revolveret.
3129 4858 3236 4916 Ubi
3260 4859 3418 4915 enim
3452 4874 3653 4918 semen

1518 5064 1743 5133 Varias
1764 5065 2091 5135 lectiones
2127 5079 2194 5135 et
2232 5077 2434 5137 notae.

381 5256 471 5326 73)
502 5256 657 5326 Λέγει
687 5261 749 5310 Α.

358 5256 471 5399 ἵηζ
502 5256 657 5326 Λέγει
687 5261 749 5310 Α.

384 5331 450 5383 74
500 5326 583 5391 Εἰ,
652 5342 717 5382 ro
743 5327 792 5396 6,
832 5333 891 5380 Α.

358 5400 478 5452 (75)
508 5344 741 5452 Inclusa
762 5401 821 5452 in
860 5399 1046 5452 ωειταί

358 5398 478 5470 (75⁷)
508 5398 741 5455 Inclusa
762 5401 821 5455 in
860 5399 1127 5469 margine
1161 5398 1386 5457 habent
1408 5402 1476 5471 Α,
1502 5401 1567 5456 Β.

358 5574 437 5645 (η)
480 5575 602 5651 gae
626 5606 690 5616 —
894 5608 962 5617 —
1010 5582 1089 5635 et.
1142 5585 1306 5632 Τοῦτο
1448 5587 1697 5651 -ντοῦτο
1731 5578 1791 5634 δε
1819 5613 1887 5623 -

283 5642 436 5697 τοῦτο
467 5642 624 5715 διελς
654 5648 877 5719 quibus
903 5655 1274 5718 postremum
1292 5642 1413 5707 n'on
1444 5650 1674 5707 videtur
1702 5667 1887 5719 agno-

283 5732 444 5791 scere
484 5718 823 5791 Hentenius.
870 5719 1053 5777 Reddi
1086 5721 1403 5788 debebant,
1454 5723 1599 5779 Tum
1631 5718 1886 5791 tempore

280 5789 595 5871 passionis,
630 5797 753 5848 tum
783 5794 1259 5862 resurrectionis,
1294 5799 1418 5854 tum
1453 5789 1887 5871 assumptionis,

2096 5261 2187 5332 76)
2216 5259 2528 5333 Ἀχριίτὸτε
2558 5268 2621 5316 Α.

2095 5333 2189 5403 77)
2222 5332 2514 5389 Kdi’abest
2539 5334 2608 5390 A.

2094 5405 2185 5478 78)
2216 5408 2308 5473 Τὸ,
2337 5420 2446 5477 pro
2475 5409 2591 5470 τήν,
2619 5411 2682 5460 Α.

2068 5584 2143 5655 (ο)
2178 5583 2448 5655 Christus
2476 5599 2629 5653 vero,
2657 5588 2767 5653 etc,
2823 5584 3085 5641 Christus
3143 5602 3281 5641 vero
3318 5586 3497 5641 etiam
3534 5600 3651 5641 ser-

1996 5670 2239 5710 monem
2278 5654 2373 5711 hic
2412 5655 2770 5731 terminavit,
2804 5656 3144 5731 relinquens
3191 5657 3270 5718 illi
3317 5672 3521 5719 secum
3560 5671 3649 5711 re-

1993 5734 2205 5801 putare
2230 5742 2364 5804 quis
2396 5726 2549 5790 dicta
2578 5734 2798 5795 essent,
