4144 6314
562 372 703 432 1147

1885 366 2246 432 EU’I‘HYMII
2282 373 2612 433 ZIGABENI

3810 377 3940 435 1MB

558 501 622 559 in
673 505 895 560 terram
924 500 1152 560 bonam
1210 502 1588 571 seminasset,
1645 499 1887 574 reliquit
1948 504 2062 562 :ut
2111 517 2221 573 per

2329 505 2395 555 τὰ
2420 501 2686 575 λεχθέντα.
2720 502 3037 557 Καταϐαλών
3061 505 3162 575 γὰρ
3195 501 3263 564 εἰς
3281 508 3383 576 γῆν
3412 502 3570 563 καλὴν
3593 508 3687 558 τὸν
3722 508 3936 581 σπόρον,

561 595 753 649 otium
780 591 1166 664 postmodum
1212 596 1578 647 nasceretur.

950 680 1101 737 CAP.
1128 682 1176 738 Ι.
1212 681 1297 737 De
1312 682 1537 751 nuptiis
1554 680 1619 735 in
1643 682 1826 737 Cana.

635 774 779 844 Cap.
808 768 874 827 ll.
898 770 1064 827 Vers.
1088 775 1135 827 l.
1163 770 1241 827 Et
1264 770 1553 828 Galilaew.
1583 768 1775 826 Tertio
1798 772 1933 842 post
1954 768 2223 827 Christia

560 860 790 918 deserto
807 860 1187 917 descensum.

631 949 794 1005 Vers.
824 949 876 1004 l.
907 950 985 1005 Et
1018 981 1085 992 —
1113 950 1215 1005 ibi.
1250 951 1470 1005 Vocata
1490 953 1780 1021 tanquam
1812 946 2121 1005 familiaris
2143 945 2222 1004 ab

560 1038 654 1094 his
684 1037 789 1111 qui
819 1039 1059 1111 nuptias
1081 1038 1486 1094 celebrabant.

632 1129 790 1184 Vers.
813 1127 871 1184 2.
914 1128 1161 1185 Vocatus
1194 1158 1258 1169 —
1292 1128 1552 1198 nuptias.
1586 1128 1652 1183 Et
1702 1126 1808 1198 ipsi
1845 1125 2019 1200 quasi
2052 1125 2225 1182 fami-

559 1223 760 1280 liares.
783 1224 1250 1281 Accessitautem
1273 1224 1543 1282 Salvator
1562 1240 1682 1279 non
1705 1223 1913 1280 habito
1947 1228 2225 1296 respectu

562 1313 641 1369 ad
671 1329 844 1370 suam
872 1313 1245 1383 dignitatem,
1279 1315 1383 1369 sed
1411 1313 1488 1370 ad
1519 1313 1836 1369 hominum
1884 1312 2223 1369 utilitatem.

565 1400 869 1476 Siquidem
899 1401 1004 1476 qui
1035 1404 1278 1476 nuptias
1305 1403 1676 1469 condiderat,
1708 1403 1870 1458 venit
1909 1408 1973 1457 ut
2001 1419 2103 1457 eas
2124 1402 2230 1457 ho-

560 1494 820 1559 noraret,
864 1508 1096 1565 suaque
1150 1493 1467 1564 praesentia
1521 1491 1964 1561 sanctiﬁcaret;
2000 1494 2057 1547 et
2086 1506 2227 1548 cum

556 1581 706 1639 servi
740 1580 999 1638 formam
1028 1581 1476 1654 assumpsisset,
1500 1598 1621 1637 nou
1653 1581 2011 1651 dedignatur
2027 1597 2227 1638 servo-

557 1688 693 1730 rum
723 1670 1003 1727 interesse
1030 1672 1269 1743 nuptiis,
1305 1670 1436 1727 licet
1480 1670 1582 1743 qui
1642 1687 1780 1727 eum
1839 1674 2221 1737 vocaverant,

560 1777 683 1818 non
711 1759 1002 1817 haberent
1023 1766 1448 1831 congruentem
1472 1760 1546 1815 de
1574 1777 1643 1815 eo
1675 1760 2040 1833 opinionem.
2080 1759 2229 1816 Sim~

559 1849 787 1923 pliciter
807 1850 967 1905 enim
986 1855 1277 1923 tanquam
1303 1856 1537 1920 notum,
1563 1865 1872 1922 unumque
1892 1866 1923 1905 e
1946 1848 2221 1923 pluribus

560 1939 729 1996 illum
754 1947 1139 1996 vocaverant.

630 2029 792 2084 Vers.
821 2032 874 2085 3.
914 2028 992 2083 Et
1026 2058 1092 2070 —
1135 2027 1364 2085 habent.
1408 2029 1557 2084 Cum
1604 2031 1873 2084 carerent
1910 2027 2071 2098 vino,
2108 2028 2224 2083 hoc

557 2121 667 2185 est,
701 2134 840 2173 cum
866 2134 1014 2189 opus
1039 2122 1193 2173 esset
1224 2117 1384 2184 vino,
1412 2119 1537 2172 sive
1564 2118 1848 2189 cumjam
1884 2118 2089 2173 vinum
2120 2116 2223 2173 de-

560 2208 810 2265 fecisset.
864 2207 1034 2280 (Nam
1082 2206 1264 2263 habet
1310 2207 1512 2263 Graeca
1567 2206 1765 2263 littera
1835 2210 2225 2281 ὑστερήσαντος

560 2295 746 2369 οἳνου.)
778 2299 978 2369 Neque
1015 2295 1174 2351 enim
1225 2296 1302 2352 ad
1360 2296 1417 2351 id
1463 2311 1656 2369 usque
1700 2296 1979 2367 temporis
2033 2294 2223 2352 ullum

559 2387 776 2443 fecerat
812 2387 1196 2442 miraculum.
1230 2388 1379 2442 Cum
1418 2401 1558 2457 ergo
1613 2386 1993 2453 cognovisset
2034 2391 2223 2441 mater

558 2491 696 2549 qua
726 2475 880 2531 circa
910 2475 1107 2547 ipsum
1154 2481 1343 2543 erant,
1376 2475 1660 2548 quodque
1687 2476 1949 2531 Joannes
1979 2480 2223 2546 propter

558 2581 698 2622 eum
730 2569 990 2630 venerat,
1037 2580 1108 2620 ac
1146 2563 1220 2620 de
1268 2564 1423 2620 illius
1473 2563 1785 2620 divinitate
1817 2565 2221 2620 testimonium

562 2653 794 2719 tulerat,
815 2658 871 2709 et
899 2652 1064 2727 quod
1095 2652 1326 2709 coalitus
1372 2653 1446 2708 de
1477 2668 1547 2709 eo
1593 2651 2005 2708 testimonium
2056 2668 2224 2708 acce-

561 2748 749 2816 perat,
784 2741 959 2797 simul
998 2742 1177 2797 etiam
1225 2742 1449 2806 videns,
1502 2742 1665 2814 quod
1698 2741 2024 2813 discipulos
2052 2758 2223 2797 acce-

562 2835 750 2905 perat,
780 2829 1063 2886 intellexit
1109 2829 1274 2902 quod
1319 2829 1565 2885 revelari
1597 2847 1665 2886 ex
1706 2847 1774 2885 eo
1839 2837 2102 2902 tempore
2134 2829 2221 2885 in-

561 2921 801 2992 ciperet.
834 2921 1085 2990 Sumpto
1130 2918 1301 2988 igitur
1348 2918 1571 2975 ﬁducia
1619 2921 1931 2991 deprecata
1963 2926 2050 2976 est
2081 2936 2218 2976 eum

561 3024 670 3082 pro
695 3007 1019 3064 deﬁcientis
1050 3007 1169 3062 vini
1191 3007 1479 3063 miraculo
1513 3024 1526 3062 :
1552 3008 1716 3063 ethis
1748 3008 2220 3081 quivocaverant

561 3097 811 3169 gratiam
846 3096 1048 3151 volens
1086 3096 1432 3168 rependere,
1461 3101 1517 3152 et;
1537 3112 1711 3153 suam
1738 3096 1986 3166 gloriam
2011 3097 2216 3153 volens

560 3185 801 3261 perFilii
817 3185 1143 3259 potentiam
1173 3184 1601 3241 demonstrare.
1640 3186 1896 3258 ideoque
1924 3204 2054 3242 eam
2089 3203 2220 3242 cor-

560 3276 717 3350 ripit,
737 3292 859 3332 non
887 3274 1061 3348 quasi
1081 3274 1471 3347 vilipeudens,
1495 3276 1596 3330 sed
1615 3277 1915 3345 cOrrigens
1932 3284 2218 3350 tanquam

560 3366 972 3437 intempestive
987 3371 1343 3437 precantem.
1366 3367 1510 3420 Nam
1536 3363 1701 3437 quod
1737 3381 1871 3421 eam
1890 3364 2219 3437 plurimum

560 3456 899 3523 honoraret,
923 3456 979 3508 et
999 3470 1069 3509 ex
1093 3451 1222 3508 aliis
1273 3452 1475 3509 multis
1510 3453 1889 3509 manifestum
1932 3460 2039 3519 est,
2065 3461 2119 3509 et
2147 3470 2219 3511 ex

558 3559 630 3599 eo
655 3542 818 3616 quod
839 3542 1021 3614 ipsius
1052 3541 1369 3613 complevit
1405 3541 1894 3598 exhortationem.
1931 3543 2220 3614 Corripuit

2328 590 2594 647 κᾶτέλιπιν
2624 591 2705 646 ἰπὶ
2732 593 2932 666 σχολῆς
2971 591 3277 667 βλαστῆσαι
3304 591 3500 647 λοιπόν.

2615 689 2761 738 ΚΕΦ.
2795 683 2874 739 Δ’.
2908 688 3033 757 Περὶ
3069 690 3159 736 τοῦ
3190 685 3237 734 ἓν
3279 688 3424 735 Κανᾶ
3450 685 3649 755 γάμου.

2404 778 2504 828 Καὶ
2526 804 2592 814 -
2624 772 2915 835 Γαλιλαίας.
2942 780 3016 847 Τῇ
3037 778 3185 850 τρίτῃ
3217 772 3351 844 μετὰ
3379 776 3474 831 τὴν
3494 771 3594 826 ἀπὸ
3622 781 3727 836 τῆς
3750 771 3938 849 ἐρήμου

2330 857 2557 915 κάθοδον
2582 869 2673 915 τοῦ
2705 870 2964 937 Χριστοῦ.

2406 956 2506 1006 Καὶ
2541 985 2595 992 -
2627 944 2749 1006 ἐκεῖ.
2782 952 3046 1012 κληθεῖσα
3072 955 3216 1029 παρὰ
3244 961 3344 1008 τῶν
3364 953 3644 1007 τελούντων
3671 955 3764 1005 τὸν
3786 954 3937 1027 γάμον

2332 1042 2403 1102 ὦς
2430 1046 2709 1116 γνώριμος.

2403 1130 2626 1189 Ἐκλήθη
2667 1163 2734 1173 -
2761 1134 2952 1205 γάμον.
3020 1137 3122 1186 Καὶ
3182 1132 3331 1186 αὐτοὶ
3388 1135 3452 1193 ὡς
3505 1137 3797 1207 γνώριμοι.
3853 1137 3940 1186 Καὶ

2335 1217 2557 1278 ἀπῆλθεν
2584 1222 2608 1273 ὀ
2639 1225 2835 1296 Σωτὴρ,
2880 1221 2939 1275 οὐ
2978 1224 3103 1296 πρὸς
3147 1227 3239 1281 τὴν
3284 1222 3470 1275 ἑαυτοῦ
3503 1219 3720 1295 βλέπων
3775 1220 3932 1284 ἀξίαν,

2332 1307 2610 1383 ἀλλὰπρὸς
2635 1315 2722 1369 τὴν
2760 1319 2860 1363 τῶν
2884 1309 3163 1385 ἀνθρώπων
3202 1311 3469 1385 ὠφέλειαν.
3512 1312 3618 1364 Καὶ
3651 1312 3681 1363 ὁ
3726 1313 3815 1362 τὸν
3857 1312 3935 1382 γά-

2333 1418 2427 1471 μον
2458 1401 2809 1472 νομοθετήσας
2835 1400 2959 1459 ἦλθε
2983 1406 3215 1474 τιμήσων
3245 1403 3332 1454 τὸν
3358 1402 3545 1474 γάμον,
3577 1405 3678 1453 καὶ
3710 1400 3931 1473 ἁγιάσων

2333 1490 2488 1540 αὑτὸν
2524 1496 2585 1547 τῆ
2617 1495 2881 1565 παρουσίᾳ
2922 1506 2933 1519 ·
2966 1495 3055 1542 καὶ
3086 1491 3111 1541 ὁ
3149 1494 3350 1563 μορφὴν
3387 1487 3579 1543 δούλου
3641 1488 3818 1542 λαϐὼν
3855 1488 3935 1541 οὐκ

2336 1574 2630 1641 ἀπηξίωσεν
2663 1578 2733 1639 εἰς
2761 1580 2929 1652 γάμον
2958 1578 3075 1652 (ῖο)
3111 1575 3308 1631 δούλων
3337 1581 3757 1654 παραγενέσθαι,
3789 1578 3833 1632 εἰ
3859 1581 3932 1630 καὶ

2335 1671 2428 1725 τὴν
2454 1672 2826 1741 προσήκουσαν
2871 1672 2983 1742 περὶ
3022 1667 3184 1720 αὑτοῦ
3229 1663 3388 1730 δόξαν
3420 1669 3513 1721 οὐκ
3540 1666 3695 1741 εἶχον
3726 1670 3777 1720 οἱ
3800 1667 3935 1720 καλέ-

2338 1776 2536 1819 σαντες.
2563 1756 2646 1818 Ὠς
2691 1760 2792 1831 γὰρ
2825 1756 2999 1822 ἁπλῶς
3026 1763 3307 1832 γνώριμον,
3337 1762 3427 1811 καὶ
3461 1768 3559 1812 τῶν
3605 1758 3811 1812 πολλῶν
3836 1761 3931 1826 ἕνα,

2262 1865 2302 1919 Β
2336 1854 2515 1899 τοῦτον
2543 1845 2809 1899 ἐκάλεσαν.

2408 2031 2508 2079 Καὶ
2561 2057 2624 2066 -
2680 2027 2918 2098 ἔχουσιν.
2998 2025 3422 2101 ’γα-φήσαντος,
3483 2030 3630 2103 ἦτοι,
3667 2024 3931 2086 ἐνδεήσαν-

2333 2134 2440 2180 τος,
2502 2114 2845 2186 ἑλλείψαντος.
2916 2118 3076 2168 Οὔπω
3123 2118 3213 2189 μὲν
3261 2111 3348 2169 οὖν
3400 2117 3496 2178 ἕως
3552 2120 3677 2170 τότε
3764 2118 3923 2189 θαῦμα

2332 2224 2630 2263 πεποιηκεν.
2658 2206 2799 2258 Ἐπεὶ
2848 2200 2908 2258 δὲ
2952 2206 3248 2277 μεμάθηκεν
3277 2207 3308 2264 ἡ
3364 2207 3552 2279 Μήτηρ
3615 2208 3684 2258 τὰ
3712 2207 3824 2258 κατ’
3853 2205 3929 2257 αὖ·

2333 2298 2441 2361 τὸν,
2470 2295 2549 2346 ὅτι
2591 2313 2644 2346 τε
2672 2290 2744 2346 δι’
2777 2293 2926 2346 αὐτὸν
2958 2293 3108 2352 ἦλθεν
3158 2296 3184 2347 ὁ
3240 2294 3483 2357 Ἰωάννης
3517 2300 3615 2348 καὶ
3646 2296 3727 2348 ὅτι
3750 2314 3927 2370 μεμαρ-

2333 2386 2525 2455 τύρηκε
2572 2387 2689 2456 περὶ
2739 2391 2834 2446 τῆς
2900 2384 3141 2446 θεότητος
3184 2382 3344 2436 αὐτοῦ
3395 2388 3486 2437 καὶ
3541 2386 3629 2437 ὅτι
3656 2389 3747 2437 καὶ
3785 2384 3925 2458 οὖρα-

2332 2474 2473 2525 νόθεν
2531 2470 2879 2545 ἐμαρτυρήθη,
2928 2472 3039 2544 οἶμα
3090 2468 3150 2525 δὲ
3206 2477 3299 2525 καὶ
3364 2469 3499 2526 εἶδεν
3565 2475 3649 2526 ὅτι
3704 2474 3921 2547 μαθητὰς

2333 2560 2699 2634 προσελάϐετο,
2752 2569 2970 2621 συνῆκεν
3018 2563 3097 2614 ὅτι
3152 2562 3349 2636 ἤρξατο
3421 2562 3609 2615 λοιπὸν
3682 2560 3918 2616 ἀποκαλύ-

2332 2653 2572 2705 πτεσθαι.
2626 2653 2712 2703 Διὸ
2757 2656 2870 2715 καὶ,
2914 2651 3250 2727 θαῤῥήσασα,
3309 2651 3664 2727 παρεκάλεσεν
3695 2648 3919 2711 «tironi;

2334 2742 2758 2813 θαυματουργίαν
2797 2743 2935 2792 οἴνου
2992 2738 3321 2805 ἐλλείποντος,
3364 2739 3662 2813 βουλομένη
3701 2746 3786 2793 καὶ
3822 2744 3913 2799 τοῖς

2330 2828 2586 2881 καλέσασι
2614 2831 2915 2882 καταθεῖναι
2970 2831 3152 2902 χάριν,
3201 2836 3290 2883 καὶ
3331 2830 3518 2889 ἑαυτὴν
3585 2832 3909 2904 λαμπροτέραν

2332 2916 2592 2990 ἀποφῆναι
2620 2914 2713 2970 διὰ
2741 2927 2831 2979 τῆς
2857 2926 2947 2971 τοῦ
2978 2921 3101 2972 Υἰὸῡ
3139 2915 3427 2991 δυνάμεως.
3463 2922 3557 2973 Διὸ
3599 2925 3689 2973 καὶ
3728 2917 3904 2988 ἐπιτιμᾷ

2331 3008 2460 3081 αὐτῇ
2514 3008 2607 3060 οὐκ
2665 3007 2952 3080 ἀτιμάζων,
3006 3006 3133 3060 ἀλλὰ
3190 3005 3565 3084 διορθούμενος
3606 3013 3675 3073 ὡς
3719 3006 3903 3080 ἀκαίρως

2330 3095 2789 3170 παρακαλέσασαν.
2819 3103 2936 3149 Ὀτι
2964 3098 3064 3171 ’γὰρ
3109 3094 3316 3172 σφόδρα
3341 3100 3541 3156 ταύτην
3588 3098 3749 3173 ἐτίμα,
3773 3093 3891 3153 δῆλον

2259 3221 2299 3278 C
2332 3185 2431 3239 ἀπὸ
2458 3206 2511 3239 τε
2549 3186 2744 3238 πολλῶν
2776 3186 2938 3238 ἄλλων
2964 3192 3054 3239 καὶ
3077 3185 3177 3239 ἀπὸ
3207 3193 3298 3240 τοῦ
3329 3186 3390 3239 πλ
3403 3196 3624 3263 ηρώσαι
3648 3193 3733 3246 τὴν
3755 3184 3880 3237 rmi-

2329 3295 2423 3334 την
2480 3275 2639 3338 αὐτῆς
2691 3275 3020 3350 παράκλησιν
3076 3295 3089 3310 ·
3160 3274 3438 3349 ἐπετίμησε
3485 3279 3587 3349 μὲν
3638 3280 3728 3351 γὰρ
3766 3272 3884 3341 αὐτῇ,

2329 3361 2592 3418 παιδεύων
2617 3370 2804 3438 μηκέτι
2837 3373 3056 3418 τοιαῦτα
3082 3366 3277 3431 ζητεῖν,
3313 3364 3425 3418 ἀλλ’
3448 3363 3533 3438 ἐᾴν
3591 3369 3656 3419 τὰ
3699 3366 3894 3436 θαύματα

2329 3457 2466 3507 κατά
2504 3454 2654 3527 λόγον
2692 3456 2929 3528 γίνεσθαι
2962 3471 2974 3485 ⁸
3028 3453 3289 3514 ἐπήκουσε
3340 3452 3399 3509 δὲ
3432 3457 3625 3522 αὐτῆς,
3681 3459 3821 3527 τιμῶν
3849 3450 3898 3507 ὡς

2334 3548 2556 3618 μητέρα.

558 3632 761 3705 itaque
786 3647 920 3687 eam
952 3630 1198 3699 docens,
1230 3631 1499 3686 nondum
1524 3630 1665 3687 talia
1686 3647 1814 3686 esse
1843 3632 2193 3703 quaerenda,
2221 3649 2562 3705 quanquam
2603 3632 2895 3691 miracula
2925 3634 3103 3690 verbo
3133 3636 3331 3706 posset
3378 3634 3638 3707 operari.
3673 3626 3901 3688 Obedivit

559 3724 785 3790 autem,
820 3735 952 3774 eam
982 3723 1271 3792 tanquam
1307 3724 1552 3774 matrem
1587 3720 1914 3775 honorans.

629 3809 790 3865 Vers.
822 3811 875 3863 4.
902 3808 1056 3864 Dicit
1081 3839 1150 3848 —
1184 3808 1401 3864 mulier
1429 3808 1457 3863 ?
1479 3808 1630 3877 Quid
1659 3807 1735 3865 ad
1783 3825 1894 3864 nos
1936 3806 2222 3865 attinetid

558 3913 668 3973 pro
700 3913 822 3971 quo
847 3897 1185 3969 deprecaris
1212 3898 1241 3952 ?
1272 3896 1419 3969 quid
1460 3898 1539 3953 ita
1578 3913 1688 3953 nos
1759 3902 1927 3967 urget
1957 3898 1987 3954 ?
2032 3897 2225 3954 Potest

558 3993 844 4059 praeterea
873 3991 930 4041 et
959 3985 1076 4042 alio
1107 3984 1288 4041 modo
1321 3984 1566 4056 intelligi
1647 3985 1795 4051 Quid
1845 3985 1991 4041 mihi
2026 3991 2221 4042 tecum

558 4090 883 4132 commune
904 4078 996 4130 est
1018 4060 1169 4144 iego
1192 4073 1487 4146 siquidem
1510 4079 1712 4145 utpote
1748 4073 1900 4128 Deus
1920 4076 2056 4129 novi
2089 4091 2220 4147 quae

560 4168 833 4235 tempora
859 4162 1107 4218 edendis
1156 4163 1457 4219 miraculis
1490 4164 1605 4218 sint
1630 4178 1900 4233 congrua
1934 4178 1946 4219 :
1988 4170 2046 4218 tu
2080 4179 2220 4219 vero

559 4252 661 4308 illa
690 4253 932 4323 ignoras
957 4251 1131 4325 quasi
1162 4251 1367 4307 homo.
1423 4252 1548 4309 Non
1588 4251 1736 4308 dixit
1763 4257 1986 4323 autem,
2022 4256 2216 4321 Mater,

561 4340 687 4408 sed,
715 4340 934 4410 Mulier,
968 4345 1258 4412 tanquam
1293 4344 1467 4397 Deus.

630 4429 793 4486 Vers.
822 4430 875 4483 4.
905 4428 1183 4486 Nondum
1203 4462 1268 4471 —
1289 4446 1439 4487 mea.
1482 4430 1757 4489 Nondum
1786 4431 1954 4489 adest
1986 4437 2219 4505 tempus
2250 4460 2294 4513 D

561 4536 764 4577 meum
780 4518 859 4574 ad
885 4516 1187 4574 edendum
1206 4519 1371 4592 quod
1402 4518 1625 4591 quaeris
1661 4520 2017 4577 miraculum
2044 4538 2056 4577 :
2080 4529 2220 4578 tunc

561 4614 760 4666 autem
793 4607 1005 4673 aderit,
1036 4623 1175 4664 cum
1205 4608 1264 4664 hi
1309 4606 1530 4682 quibus
1579 4625 1732 4681 opus
1787 4616 1878 4667 est
1909 4611 2215 4682 miraculo,

558 4696 953 4769 cognoverint
981 4698 1145 4769 quod
1177 4697 1317 4754 talia
1339 4697 1569 4771 possim
1600 4700 1852 4771 operari,
1897 4706 1949 4756 et
1981 4699 2093 4772 ipsi
2124 4715 2220 4756 me

556 4787 780 4844 fuerint
816 4785 1139 4859 deprecati.
1202 4791 1364 4844 Nunc
1404 4794 1604 4844 autem
1658 4793 1849 4844 matre
1880 4789 1965 4861 (ρ)
2004 4788 2222 4845 adhor-

558 4880 715 4933 tante
732 4891 855 4933 non
872 4875 1065 4932 solum
1099 4876 1582 4949 intempestivum
1611 4885 1782 4944 esset,
1810 4894 2016 4934 verum
2040 4880 2221 4935 etiam

559 4969 920 5037 suspectum,
948 4970 1004 5021 et
1028 4965 1492 5038 querulosorum
1523 4964 1801 5022 facillime
1849 4973 2078 5040 pateret
2127 4984 2224 5024 ca-

564 5053 834 5112 lumniae.

2405 3814 2558 3884 Λέγει
2586 3844 2655 3853 -
2674 3814 2829 3884 γύναι
2859 3817 2957 3877 ;Τί
2981 3815 3106 3886 ἡμῖν
3160 3819 3462 3883 αναγκαῖον,
3523 3817 3646 3886 περὶ
3675 3808 3732 3862 οὗ
3756 3823 3898 3879 παρα-

2331 3899 2502 3961 καλεῖς
2536 3917 2549 3967 ;
2597 3905 2649 3952 τί
2673 3903 2730 3952 τὸ
2761 3909 3064 3972 κατεπεῖγον
3117 3904 3281 3963 οὕτως
3337 3902 3471 3973 ἡμᾶς
3507 3917 3522 3967 ;
3556 3899 3705 3954 ’Ἐστι
3740 3892 3792 3947 δὲ
3822 3895 3895 3944 καὶ

2332 3987 2513 4062 ἑτέρως
2558 3998 2746 4049 νοῆσαι
2789 4009 2801 4022 ·
2835 3995 2899 4043 Ti
2953 3993 3121 4042 κοινὸν
3163 3988 3277 4063 ἐμοὶ
3301 3994 3391 4042 καὶ
3432 3994 3556 4059 σοῖς
3586 3989 3679 4060 ἑγὼ
3704 3987 3783 4059 μὲν
3808 3982 3892 4053 γὰρ

2332 4073 2455 4129 οῖὸα
2479 4083 2597 4138 τοὺς
2626 4084 2982 4152 προσήκοντας
3010 4082 3223 4153 καιροὺς
3244 4087 3343 4129 τῶν
3372 4079 3668 4149 θαυμάτων,
3693 4078 3752 4134 ὡς
3779 4073 3887 4128 Θεὸς

2334 4171 2399 4219 σὺ
2427 4164 2485 4220 δὲ
2512 4176 2710 4239 αγνοεῖς
2735 4168 3016 4235 αὐτοὺς,ὡς
3041 4170 3328 4244 ἄνθρωπος.
3362 4166 3474 4220 Οὐκ
3507 4164 3614 4221 εἶπε
3642 4162 3887 4229 tablino,

2336 4252 2479 4323 ἀλλὰ,
2514 4260 2690 4324 Γύναι,
2723 4260 2787 4320 ὡς
2819 4262 2969 4320 Θεὸς.

2403 4430 2563 4486 Οὔπω
2609 4461 2678 4470 -
2730 4448 2850 4502 μου.
2921 4431 3081 4482 Οὔπω
3133 4429 3440 4503 πάρεστινὴ
3497 4431 3604 4505 ὥρα
3625 4422 3878 4500 pomi)?“

2332 4522 2821 4593 θαυματουργῆσαι,
2875 4520 2900 4571 ὃ
2950 4522 3135 4583 ζητεῖς.
3185 4525 3312 4572 Τοτε
3363 4523 3464 4595 γὰρ
3517 4520 3750 4591 πάρεστιν,
3796 4508 3868 4558 ὅτε

2329 4612 2378 4663 οἱ
2426 4606 2658 4683 δεόμενοι
2701 4616 2793 4662 τοῦ
2852 4610 3114 4681 θαύματος
3171 4606 3471 4681 ἑπιγνῶσιν,
3547 4609 3614 4659 ὅτι
3670 4597 3859 4683 δύναμαι

2329 4705 2547 4752 τοιαῦτα
2574 4705 2738 4751 ποιεῖν
2765 4698 2897 4767 (80),
2929 4702 3019 4750 καὶ
3065 4696 3214 4749 αὐτοὶ
3241 4715 3305 4770 με
3344 4678 3851 4771 παρακαλέσουσιβη-

2329 4794 2436 4841 Νῦν
2468 4785 2528 4841 δὲ
2572 4788 2602 4846 ἡ
2634 4796 2728 4848 τῆς
2756 4790 2952 4860 μητρὸς
3000 4785 3350 4859 παράκλησις,
3387 4786 3449 4838 οὐ
3492 4787 3625 4859 μὸνον
3661 4776 3858 4845 ἄκαιρος,

2332 4876 2458 4929 ὰ).λὰ
2520 4880 2610 4929 καὶ
2670 4875 2896 4936 ὕποπτος
2955 4876 3045 4928 καὶ
3076 4881 3180 4936 τοῖς
3204 4873 3579 4949 μεμψιμοίροις
3606 4863 3871 4936 ιῦιπηρέασ·

2331 4985 2437 5027 τος.

1796 5242 2023 5313 νατίω
2052 5244 2381 5313 lectiones
2411 5253 2476 5311 et
2506 5254 2709 5311 notae.

785 5446 980 5504 δούλου
1013 5458 1076 5507 Α.

777 5529 1006 5582 ποιῆσαι
1036 5529 1099 5579 Α.

634 5449 753 5597 833

2407 5449 2524 5524 (8t)
2564 5451 2766 5508 Malim
2795 5450 3222 5526 παρακαλέσωσι.

643 5727 732 5802 (p)
760 5728 1332 5805 Matre,_etc._Matris
1360 5729 1692 5805 admonitio
1732 5747 1862 5805 non_
1892 5730 2089 5805 solum
2141 5730 2579 5805 intempestiva,
2640 5730 2745 5789 sed
2783 5735 2841 5788 et
2887 5732 3161 5803 suspecta
3219 5735 3398 5803 atque
3449 5727 3681 5786 illorum
3716 5717 3817 5795 qui
3853 5713 3910 5772 li-

575 5799 784 5859 benter
801 5799 1267 5871 reprehendunt,
1307 5801 1781 5860 cavillationibus
1810 5803 2089 5860 obnoxia.
