4144 6314
311 384 449 440 1149

379 511 449 561 T6
495 503 571 578 δε,
625 511 784 560 Οὔπω
833 513 946 567 ἥκει
977 512 1006 569 ἡ
1076 513 1186 585 ῶρα
1230 533 1331 585 μου
1364 514 1493 585 (82),
1536 519 1625 567 καὶ
1672 519 1751 579 1'6,
1798 514 1907 566 Ούκ
1941 516 1987 570 Α

305 594 568 655 ἠδύναντο
635 597 788 650 αὐτὸν
852 601 1065 666 πιάσαι,
1142 602 1219 654 ὃτι
1284 606 1427 655 οὔπω
1508 606 1622 663 ἣκει
1692 606 1723 663 ἡ
1798 605 1908 679 ὥρα

306 686 486 748 αὐτοῦ,
540 690 629 739 καὶ
710 690 791 755 τό,
879 686 1073 751 Οὐδεὶς
1143 690 1379 744 ἐπέϐαλεν
1448 691 1524 745 ἐπ’
1596 693 1749 745 αὐτόν
1814 696 1909 756 τάς

306 783 513 849 χεῖρας,
567 778 647 828 ὅτι
713 780 856 829 οὔπω
922 778 1154 837 ἐληλύθεί
1202 782 1231 839 ἡ
1285 782 1394 854 ὥρα
1448 782 1626 849 αὐτοῦ,
1687 787 1775 835 καὶ
1825 786 1906 849 1'6,

308 867 497 939 Πάτερ,
551 864 789 923 ἐλήλυθεν
833 869 863 925 ἡ
912 869 1041 941 ὥρα,
1087 874 1176 921 καὶ
1221 872 1287 922 τὰ
1315 878 1552 937 τοιαῦτα,
1601 872 1658 924 ού
1714 870 1907 930 δηλοῦ-

310 973 392 1006 σιν
445 957 524 1006 ὃτι
572 963 764 1028 καιρῶν
826 955 1077 1028 ἀνάγκαις
1132 963 1221 1010 καὶ
1283 961 1425 1033 ὡρῶν
1482 967 1909 1037 παρατηρήσεσιν

308 1046 546 1096 ὑπέκειτο
574 1058 588 1073 ⁸
623 1053 729 1105 πῶς
771 1048 895 1118 γὰρ,
951 1048 975 1097 6
1026 1050 1222 1100 τούτων
1272 1054 1528 1119 ποιητὴς;
1572 1050 1699 1103 ἀλλά
1744 1060 1911 1103 ταῦτα

307 1138 425 1207 περὶ
484 1142 583 1185 τῶν
632 1140 1000 1207 προσηκόντων
1051 1147 1245 1211 καιρῶν
1298 1142 1518 1212 εἴρηται,
1582 1139 1902 1213 ἐμφαίνοντα,

308 1224 389 1273 ὅτι
443 1225 611 1274 πάντα
666 1220 773 1275 ἔδει
824 1227 960 1276 κατά
1032 1225 1181 1297 λόγον
1251 1233 1341 1279 καὶ
1423 1228 1568 1291 τάξιν
1648 1232 1904 1300 γίνεσθαι.

308 1310 477 1364 Εἰπὼν
535 1307 641 1377 οὖν,
676 1314 756 1364 ὅτι
804 1316 964 1365 Οὔπω
1004 1317 1118 1373 ἣκει
1148 1316 1177 1373 ἡ
1227 1318 1334 1390 ὦρα
1373 1319 1486 1389 (83)
1540 1339 1663 1391 μου,
1698 1318 1909 1376 ἐποίησε

307 1404 367 1453 τό
428 1403 623 1473 θαῦμα,
683 1411 845 1474 τιμῶν
886 1422 959 1469 τε,
1012 1407 1080 1465 ως
1134 1408 1354 1479 εἴρηται,
1397 1412 1490 1465 τὴν
1547 1413 1767 1481 μητέρα,
1818 1414 1909 1460 καὶ

310 1488 556 1543 δεικνύων
612 1492 695 1544 ὅτι
769 1492 827 1544 ού
897 1489 1128 1546 δουλεύει
1199 1503 1419 1570 καιροῖς,

306 1582 503 1633 τούτων
518 1624 530 1636 .

1502 1496 1627 1549 ἀλλὰ
1683 1519 1746 1549 κυ
1750 1518 1778 1571 ρ
1787 1501 1860 1549 ιεύ
1869 1518 1910 1551 ει

382 1674 535 1741 Λέγει
581 1700 651 1712 -
694 1675 974 1730 ποιήσατε.
1026 1680 1243 1725 Συνεῐσα
1290 1679 1376 1726 τὸν
1424 1683 1516 1728 τοῦ
1574 1675 1730 1747 λόγου
1784 1696 1910 1728 σκο-

308 1762 425 1825 πόν,
477 1765 566 1812 καὶ
622 1761 733 1831 (84)
795 1764 875 1813 ὅτι
959 1762 1051 1814 οὐκ
1128 1760 1416 1836 ἀδυναμίας
1484 1768 1512 1824 η
1593 1772 1911 1841 παραίτησις

310 1847 471 1918 ἐστιν,
506 1848 611 1900 ἀλλ’
647 1851 727 1902 ἱνα
752 1856 823 1923 μὴ
872 1848 1001 1924 δοκῇ
1050 1860 1158 1914 τοῖς
1205 1855 1465 1926 θαύμασιν
1507 1853 1785 1927 ἐπιπηδᾲν,
1820 1861 1909 1908 καὶ

311 1939 598 2011 θεατρίζειν
630 1940 831 2006 ἑαυτὸν,
879 1946 968 1993 καὶ
1013 1943 1091 1993 ὅτι
1140 1942 1197 1993 οὐ
1238 1943 1530 2016 παρόψεται
1577 1950 1670 2003 τὴν
1714 1949 1910 2007 ταύτης

306 2027 659 2101 παράκλησιν,
724 2033 843 2091 τοὺς
903 2027 1180 2093 διακόνους
1214 2040 1304 2092 τῆς
1354 2033 1611 2107 τραπέζης
1656 2035 1911 2108 εὐτρεπεῖς

308 2116 449 2187 αὐτῷ
492 2124 744 2191 παριστᾷ,
789 2124 977 2194 τρόπον
1006 2122 1171 2193 ἕτερον
1202 2126 1290 2173 καὶ
1334 2122 1521 2183 αὐτούς
1559 2142 1909 2197 συμπαρακα-

306 2205 539 2266 λοῦντας.

378 2294 548 2347 Ἦσαν
595 2328 656 2337 -
710 2305 865 2372 τρεῖς.
897 2295 1105 2373 ’Υδρίαι
1147 2303 1236 2371 μὲν
1268 2302 1332 2352 τά
1364 2304 1521 2359 σκεύη
1554 2310 1644 2353 τοῦ
1692 2299 1906 2366 ὕδατος,

307 2390 563 2459 μετρηταὶ
592 2382 650 2438 δὲ
679 2389 744 2439 τὰ
769 2390 950 2460 μέτρα.
977 2387 1203 2441 Ἐκειντο
1237 2386 1295 2441 δὲ
1316 2394 1447 2463 πρὸς
1475 2394 1561 2443 τὸν
1582 2393 1909 2465 καθαρισμὸν

307 2482 408 2526 τῶν
440 2471 731 2542 Ἰουδαίων,
753 2478 1111 2550 ύπηρετοῦσαι
1133 2481 1337 2540 τούτοις
1359 2480 1425 2539 εἰς
1444 2484 1527 2531 τόν
1558 2482 1906 2553 καθαρισμὸν,

309 2566 410 2629 ἵνα,
446 2568 490 2617 εἷ
535 2586 657 2617 ποτε
688 2565 973 2640 ἀκάθαρτοι
1014 2566 1261 2638 ἐγένοντο,
1312 2574 1382 2640 μὴ
1425 2568 1597 2643 πόρρω
1635 2568 1909 2641 βαὸίςοιεν

309 2654 379 2715 εἰς
419 2658 586 2725 πηγὰς
615 2660 703 2707 καὶ
734 2662 939 2728 κρήνας.

380 2742 401 2815 [
464 2745 587 2813 (Τοῦ
648 2749 801 2814 αγίου
860 2747 974 2816 (85)
1027 2744 1329 2816 Μαξίμου.)
1394 2747 1487 2808 “EE
1563 2743 1752 2819 ὑδρίας
1809 2752 1910 2800 νόει

310 2851 419 2903 μοι,
459 2836 578 2894 τούς
626 2833 676 2895 ἒξ
714 2838 939 2907 τρόπους
984 2842 1073 2894 τῆς
1114 2834 1481 2907 ἐλεημοσύνης,
1536 2839 1620 2887 τὸν
1668 2845 1759 2887 τοῦ
1799 2841 1909 2911 192'-

312 2940 417 2992 φειν
470 2925 588 2982 τούς
638 2931 928 2987 πεινῶντας,
982 2926 1066 2974 τόν
1125 2930 1215 2974 τοῦ
1274 2924 1502 2985 ποτίζειν
1550 2929 1671 2987 τούς
1710 2923 1909 2997 διψῶν-

309 3029 425 3075 τας,
493 3013 579 3061 τόν
623 3018 713 3062 τοῦ
772 3014 1012 3082 συνάγειν
1064 3016 1182 3075 τούς
1237 3013 1421 3080 ξένους,
1481 3018 1565 3066 τὸν
1630 3022 1720 3067 τοῦ
1772 3035 1913 3087 περιε-

312 3097 508 3150 ϐαλλειν
576 3103 695 3161 τοὺς
750 3101 995 3173 γυμνούς,
1046 3105 1131 3153 τόν
1189 3108 1281 3154 τοῦ
1331 3102 1734 3157 ἐπισκέπτεσθαι
1792 3110 1911 3167 τοῦς

313 3187 675 3258 ἀσθενοῦντας,
727 3192 813 3240 τόν
862 3198 954 3241 τοῦ
1022 3192 1274 3265 ἔρχεσθαι
1331 3195 1459 3265 πρὸς
1519 3193 1641 3255 τούς
1704 3193 1751 3245 ἐν
1819 3216 1910 3267 φυ-

310 3277 463 3351 λακῇ.
522 3281 722 3338 Ταύτας
800 3275 886 3331 οὖν
934 3282 1023 3340 τὰς
1101 3277 1308 3353 ὑδρίας,

1948 3242 1990 3299 C

1391 3284 1534 3342 κενάς
1600 3287 1756 3344 οὔσας
1813 3294 1911 3336 τῶν

313 3367 510 3419 οἰκείων
547 3366 825 3441 ἐνεργειῶν,
860 3365 954 3419 δια
982 3372 1039 3420 1'6
1071 3368 1305 3441 ψυγῆναι
1334 3376 1426 3429 τὴν
1473 3370 1678 3441 ἀγάπην
1712 3371 1795 3445 ἀφ’
1827 3374 1909 3441 ἧς,

314 3459 382 3517 ὡς
439 3456 538 3507 ἀπὸ
596 3466 790 3527 πηγῆς,
847 3455 1177 3530 ἐπληροῦντο,
1232 3466 1641 3533 παραγενόμενος
1699 3464 1723 3512 ὁ
1781 3465 1912 3523 θεῖος

312 3545 458 3614 λόγος
525 3546 636 3616 (86)
706 3555 804 3597 τῶν
868 3547 1206 3618 εὐαῃελικῶν
1266 3547 1495 3613 ἐντολῶν,
1556 3559 1756 3623 πρῶτον
1823 3555 1911 3622 μὲν

314 3632 607 3708 ἐπλήρωσεν
642 3631 851 3703 ὕδατος,
897 3636 1027 3707 λέγω
1073 3634 1139 3695 ὁὴ
1164 3646 1255 3698 τῆς
1282 3637 1393 3708 (87)
1439 3648 1740 3711 σωματικῆς
1777 3641 1909 3714 ἐνερ-

313 3727 560 3794 γουμένης
630 3725 878 3787 εὐποιίας,
952 3722 1062 3777 εἶτα
1132 3725 1371 3799 μετέϐαλε
1436 3731 1628 3785 ταύτην
1687 3729 1754 3788 εἰς
1820 3733 1911 3786 τὴν

314 3820 673 3883 πνευματικῶς
746 3813 1154 3887 ἐπιτελουμένην,
1216 3819 1279 3876 ὡς
1353 3816 1419 3877 εἰς
1490 3814 1642 3883 οἶνον,
1705 3820 1912 3889 θερμαί-

314 3920 503 3952 νουσαν
546 3906 634 3973 μεν
695 3908 788 3961 τὴν
832 3903 1039 3975 ψυχὴν,
1090 3905 1463 3977 εὐφραίνουσαν
1518 3903 1576 3958 δὲ
1632 3909 1717 3957 τόν
1772 3915 1908 3971 νοῦν,

316 3990 601 4053 ἐξιστὼσαν
635 3988 693 4044 δὲ
737 3996 852 4052 τοὺς
883 3994 1016 4044 ούτω
1048 3996 1482 4067 θεραπευομένους
1524 4005 1617 4057 τῆς
1661 4001 1913 4070 προτέρας

318 4076 617 4141 διαθέσεως.
666 4079 891 4138 Ἑκαο-τη
949 4078 1006 4134 δὲ
1060 4080 1222 4155 ύδρία
1268 4090 1543 4156 χωρητικό
1589 4083 1700 4135 ἐστι
1741 4082 1836 4136 δύο
1880 4090 1908 4143 ἦ

320 4177 470 4241 τριῶν
501 4178 787 4240 μετρητῶν,
838 4167 934 4222 δύο
979 4174 1089 4242 μὲν,
1124 4168 1217 4224 διὰ
1248 4192 1303 4224 το
1337 4170 1553 4225 διπλοῦν
1589 4176 1656 4232 ὡς
1690 4177 1911 4248 εἴρηται,

315 4264 408 4318 τῆς
463 4258 579 4310 καθ’
626 4260 843 4311 ἕκαστον
901 4265 1091 4333 τρόπον
1153 4262 1405 4329 εὐποιίας,
1462 4263 1519 4314 οὐ
1592 4267 1741 4333 μόνον
1795 4265 1914 4333 (88)

318 4356 645 4418 σωματικῆς,
714 4347 839 4400 ἀλλά
918 4354 1007 4401 καὶ
1076 4360 1427 4422 πνευματικῆς
1500 4351 1907 4423 λαμϐανομένης·

1377 388 1735 449 COMMENT.
1778 389 1851 443 IN
1887 374 2233 445 JOANNEM.
2277 420 2343 431 -
2382 391 2539 448 CAP.
2580 392 2646 446 ιι.

3549 386 3693 447 1150

2094 516 2225 570 Haec
2264 520 2462 572 autem
2499 532 2511 571 :
2562 517 2831 572 Nondum
2866 516 3019 573 venit
3051 516 3201 573 hora
3228 530 3360 572 mea
3398 517 3569 573 :Non
3597 533 3690 587 po-

2022 610 2261 660 tuerunt
2294 620 2417 661 eum
2452 607 2910 677 apprehendere,
2959 608 3100 678 quia
3126 606 3393 661 nondum
3441 613 3684 663 venerat

2021 694 2172 749 hora
2196 709 2321 763 ejus
2349 712 2362 747 :
2386 695 2605 750 Nullus
2634 695 2840 765 injecit
2863 696 2926 751 in
2957 710 3086 751 eum
3118 708 3349 765 manus,
3381 699 3522 767 quia
3546 712 3689 752 non-

2021 782 2158 838 dum
2173 791 2413 840 venerat
2426 785 2575 840 hora
2593 786 2743 855 ejus:
2763 786 2970 849 Pater,
2991 787 3148 841 venit
3167 786 3336 852 hora,
3361 784 3593 858 aliaque
3609 786 3688 841 si-

2022 872 2203 936 milia,
2237 889 2359 927 non
2399 874 2720 929 ostendunt
2770 875 2933 946 quod
2962 874 3311 930 necessariis
3341 879 3683 946 temporum

2022 962 2424 1034 horarumque
2455 963 2976 1019 observationibus
3009 963 3323 1033 subjaceat
3354 982 3366 1023 :
3402 980 3537 1019 nam
3565 980 3685 1036 quo

2020 1051 2079 1105 id
2108 1058 2282 1123 pacto
2322 1052 2501 1115 ﬁeret,
2544 1068 2680 1108 cum
2717 1053 2935 1107 horum
2975 1051 3219 1108 effector
3259 1055 3334 1109 sit
3366 1053 3394 1107 ?
3426 1053 3529 1108 sed
3561 1054 3686 1109 hmo

2020 1142 2095 1196 de
2134 1141 2610 1211 contingentibus
2663 1143 3214 1215 opportunitatibus
3271 1142 3431 1198 dicta
3483 1146 3623 1199 sunt
3666 1156 3680 1196 :

2021 1231 2495 1287 demonstrantia
2524 1232 2688 1304 quod
2715 1232 2921 1288 omnia
2964 1232 3194 1287 ratione
3216 1247 3285 1286 ac
3316 1232 3523 1286 ordine
3551 1232 3678 1287 ﬁeri

2021 1325 2302 1390 oporteat.
2334 1320 2480 1376 Cum
2525 1337 2665 1389 ergo
2707 1321 2951 1376 dixisset
2992 1337 3004 1375 :
3041 1321 3321 1376 Nondum
3343 1323 3500 1376 venit
3530 1321 3684 1376 hora

2020 1424 2171 1473 mea,
2204 1410 2555 1465 miraculum
2588 1415 2783 1466 tamen
2811 1416 3095 1481 operatus
3128 1416 3243 1465 est:
3277 1414 3601 1465 etmatrem
3623 1413 3685 1464 ut

2021 1497 2242 1552 dictum
2259 1503 2345 1552 est
2368 1498 2691 1558 honorans.
2711 1503 2765 1553 et
2783 1498 3103 1553 ostendens
3121 1498 3285 1570 quod
3306 1498 3682 1570 temporibus

2022 1602 2142 1641 non
2171 1586 2388 1642 serviat
2411 1592 2512 1642 aut
2545 1588 2873 1658 subjaceat,
2921 1588 3024 1643 sed
3056 1588 3141 1643 eis
3172 1587 3534 1643 dominetur.

2095 1678 2255 1731 Vers.
2290 1681 2339 1731 5.
2395 1676 2550 1731 Dicit
2576 1707 2644 1717 —
2679 1678 2880 1747 facile.
2932 1680 3080 1733 Cum
3119 1676 3287 1731 verbi
3328 1693 3569 1747 scopum
3612 1692 3684 1731 ac

2024 1764 2315 1819 rationem
2370 1765 2716 1835 intelligeret
2757 1782 2768 1819 :
2820 1766 3101 1837 quodque
3151 1781 3273 1820 non
3316 1764 3682 1837 impotentiae

2022 1854 2325 1908 excusatio
2352 1860 2494 1917 erat,
2526 1854 2629 1908 sed
2659 1871 2731 1908 ne
2764 1855 3057 1909 videretur
3084 1869 3209 1908 sese
3252 1852 3560 1909 miraculis
3590 1852 3682 1907 in-

2024 1957 2246 2011 gerere,
2288 1948 2343 1997 et
2382 1943 2719 2014 spectaculo
2758 1958 3069 2015 exponere,
3114 1942 3307 1998 Matris
3353 1942 3435 2014 (q)
3478 1946 3683 1996 autem

2023 2031 2497 2087 exhortationem
2548 2047 2667 2086 non
2708 2032 3077 2102 despiceret:
3126 2044 3345 2086 mensae
3379 2032 3684 2086 ministros

2023 2122 2305 2175 admonet
2331 2121 2517 2175 utsibi
2533 2121 2793 2175 adsintet
2819 2120 3188 2193 ipsiquoque
3206 2120 3319 2175 alio
3342 2119 3522 2175 modo
3542 2135 3685 2175 cum

2023 2226 2093 2266 ea
2118 2211 2525 2281 deprecentur.

2094 2300 2253 2354 Vers.
2316 2304 2367 2354 6.
2438 2302 2621 2355 Erant
2655 2331 2718 2339 —
2769 2306 2983 2355 ternas.
3039 2300 3272 2370 Hydriae
3338 2315 3486 2354 vasa
3545 2300 3686 2353 sunt

2024 2406 2195 2462 equite
2222 2407 2235 2444 :
2263 2394 2519 2443 metretm
2543 2389 3029 2449 verofmensuree.
3051 2387 3232 2443 Erant
3254 2393 3451 2443 autem
3473 2389 3682 2457 positas

2024 2477 2359 2533 secundum
2375 2478 2847 2548 puriﬁcationem
2866 2477 3231 2539 Judeeorum,
3250 2476 3303 2531 id
3323 2482 3429 2542 est,
3452 2482 3679 2547 parata)

2022 2567 2099 2622 ad
2133 2582 2338 2621 eorum
2374 2564 2869 2637 puriﬁcationem,
2918 2570 2977 2618 ut
3008 2565 3054 2618 si
3084 2565 3187 2635 qui
3209 2565 3355 2620 forte
3381 2565 3680 2623 immundi

2021 2656 2425 2717 redderentur,
2462 2669 2580 2707 non
2643 2653 2819 2721 longe
2847 2653 3111 2708 eundum
3144 2658 3295 2708 esset
3353 2654 3431 2708 ad
3463 2654 3679 2710 fontes.

2092 2744 2176 2813 -Η-
2196 2742 2396 2797 Sancti
2424 2742 2684 2797 Maximi.
2712 2741 2826 2797 Sex
2858 2742 3102 2813 hydrias
3130 2742 3386 2811 intellige
3412 2742 3553 2797 mihi
3577 2759 3681 2799 sex

2024 2833 2236 2887 modos
2250 2831 2377 2887 illos
2391 2830 2851 2903 eleemosynaa,a
2865 2832 2980 2886 lere
2999 2832 3344 2897 esurientes,
3361 2832 3677 2904 potiunda-

2023 2936 2084 2976 re
2122 2921 2471 2987 sitientibus,
2492 2920 2740 2975 domum
2771 2921 2988 2975 ducere
3012 2921 3298 2993 hospites,
3328 2922 3541 2977 vestire
3568 2938 3682 2976 nu-

2022 3011 2156 3078 dos,
2172 3013 2358 3065 visere
2372 3017 2647 3080 aegrotos,
2666 3011 2866 3065 venire
2881 3010 2955 3064 ad
2974 3026 3074 3065 eos
3089 3010 3187 3082 qui
3208 3016 3345 3066 sunt
3363 3012 3421 3066 in
3436 3012 3684 3067 carceri-

2022 3101 2155 3155 bus.
2172 3100 2287 3156 Has
2302 3099 2545 3172 hydrias
2558 3114 2947 3169 ergo,vacuas
2966 3100 3084 3153 suis
3101 3100 3579 3172 operibus,quod
3594 3116 3682 3155 re-

2026 3190 2280 3252 frixerat,
2302 3206 2473 3245 amor
2490 3206 2524 3244 a
2542 3205 2682 3259 quo,
2705 3196 2992 3261 tanquam
3012 3205 3046 3243 a
3063 3188 3224 3243 fonte
3246 3189 3323 3243 im
3338 3188 3676 3261 plebantur,

2022 3295 2216 3335 sermo
2238 3278 2474 3332 divinus
2503 3284 2933 3350 prteceptorum
2967 3278 3451 3347 evangelicorum
3484 3278 3542 3332 in
3574 3278 3680 3334 ad-

2021 3373 2202 3423 ventu
2231 3383 2343 3423 suo
2367 3368 2559 3438 primo
2583 3367 2822 3435 replevit
2852 3382 3032 3437 aqua,
3058 3366 3119 3419 id
3150 3370 3253 3431 est,
3285 3366 3679 3423 beneﬁcentia

2023 3456 2403 3527 corporaliter
2458 3460 2755 3527 Opei'ante,
2823 3456 2927 3507 sed
2970 3453 3223 3508 mutavit
3266 3470 3396 3508 eam
3440 3456 3499 3508 in
3540 3470 3677 3510 eam

2021 3562 2157 3619 quae
2190 3546 2253 3600 ﬁt
2312 3544 2705 3615 spiritualiter,
2759 3549 3041 3614 tanquam
3078 3543 3138 3597 in
3180 3543 3407 3610 vinum,
3465 3543 3679 3600 calefa-

2023 3636 2272 3691 cientem
2306 3634 2545 3706 quidem
2574 3633 2863 3700 animum,
2898 3633 3155 3687 suaviter
3186 3637 3385 3687 autem
3414 3632 3679 3689 afﬁcien-

2025 3730 2140 3780 tem
2170 3723 2544 3789 intellectum,
2576 3721 2846 3794 atqueita
2878 3727 3113 3777 curatos
3130 3737 3202 3776 ex
3227 3721 3404 3792 priori
3429 3721 3681 3777 transfe-

2023 3820 2244 3869 rentem
2278 3811 2485 3868 habitu
2514 3817 2568 3866 et
2592 3811 2951 3867 conditione.
2987 3810 3275 3875 Quaelibet
3300 3827 3440 3866 vero
3464 3811 3681 3883 hydria

2023 3902 2459 3972 capitduasaut
2490 3907 2604 3955 tres
2638 3905 2935 3964 metretas,
2966 3899 3118 3954 duas
3144 3900 3410 3970 quidem.
3444 3906 3685 3971 propter

2024 3991 2338 4063 duplicem,
2376 3996 2435 4045 ut
2499 3990 2722 4044 dictum
2782 3996 2889 4053 est,
2951 3988 3327 4058 singulorum
3362 3987 3684 4044 modorum

2025 4081 2500 4143 beneﬁcentiam,
2530 4094 2663 4151 quae
2681 4094 2796 4132 non
2825 4076 3211 4149 corporaliter
3237 4082 3492 4147 tantum,
3515 4077 3617 4131 sed
3633 4065 3691 4132 et

2027 4171 2353 4227 secundum
2370 4174 2590 4224 sanctae
2607 4167 2900 4223 Trinitatis
2920 4166 3277 4235 theologiam
3292 4166 3688 4222 beneﬁcentia

2029 4259 2406 4333 spiritualiter
2457 4258 2743 4330 accipitur
2778 4275 2790 4325 ;
2830 4262 2946 4311 tres
3003 4270 3163 4321 vero,
3210 4256 3351 4326 quia
3383 4254 3685 4310 interdum

2030 4350 2359 4407 exhibetur.
2407 4348 2694 4404 Hauriunt
2740 4350 2937 4402 autem
2971 4345 3192 4399 dictam
3259 4359 3475 4416 aquam
3506 4344 3683 4399 bonas

313 4444 463 4509 τριῶν
523 4433 601 4506 δὲ,
645 4434 739 4491 διὰ
780 4442 837 4490 1'6
884 4442 1019 4491 κατὰ
1067 4445 1159 4499 τὴν
1200 4450 1289 4501 τῆς
1335 4440 1483 4512 ἁγίας
1527 4438 1752 4513 Τριάδος
1808 4443 1911 4494 θεο-

2030 4440 2431 4510 cogitationes,
2464 4454 2599 4510 quae
2629 4435 2841 4492 rationi
2871 4436 3153 4491 serviunt.
3182 4433 3353 4499 Quod
3384 4433 3592 4488 vinum
3621 4438 3685 4489 ut

388 4647 433 4677 ³³
466 4645 629 4700 Joan°
656 4662 749 4711 vn,
780 4646 868 4701 20.
948 4648 993 4681 ³⁴
1024 4646 1199 4703 Joan.
1236 4660 1337 4713 vn,
1375 4649 1462 4711 30,

1540 4647 1588 4681 ³⁵
1616 4647 1787 4703 Joan.
1831 4663 1971 4714 xvn,
2008 4652 2062 4704 I.

1525 4849 1741 4917 Variae
1778 4850 2109 4917 lectiones
2154 4860 2217 4916 et
2255 4859 2456 4916 notae.

387 5071 500 5199 (82)
530 5072 628 5128 Hic
655 5076 768 5128 tres
798 5071 909 5127 loci
940 5069 1171 5152 repetiti
1198 5075 1334 5126 sunt
1360 5087 1426 5126 ex
1445 5070 1747 5143 Chrysost.
1767 5075 1913 5128 tom.

420 5148 457 5199 I.
490 5160 548 5199 ο.
574 5145 697 5199 I25.
722 5146 795 5199 A.
823 5146 972 5199 Ergo
1001 5147 1254 5199 varietas
1275 5158 1397 5199 non
1431 5143 1719 5199 urgenda.

315 5143 457 5207 VIII,
490 5160 548 5214 p.
574 5145 697 5199 I25.
722 5146 795 5200 A.
823 5146 972 5211 Ergo
1001 5143 1254 5199 varietas
1275 5158 1397 5199 non
1431 5143 1719 5213 urgenda.

387 5215 500 5299 (ἓξ)
540 5222 655 5299 Εἵίοῖλ
682 5214 944 5299 abesta-

388 5285 501 5356 (84)
540 5290 639 5338 Καί
664 5285 879 5339 omittit
906 5286 973 5339 A.

386 5358 496 5437 (ᾷὸ)
529 5356 980 5437 Ιιιοὶυεξιροιίβχ
1013 5362 1257 5437 uterque
1295 5355 1573 5437 habet_in
1619 5356 1908 5437 margine.

314 5426 508 5500 (ξοδεχ
542 5430 587 5481 Α
609 5427 1020 5500 omittitetiam
1048 5426 1327 5494 indicem,
1350 5436 1441 5480 τοῦ
1472 5429 1626 5499 οῖγίου
1647 5428 1910 5500 Μαξιμου.

318 5498 640 5554 Hentenius
660 5498 752 5553 his
775 5505 953 5554 caret.

386 5572 497 5641 (86)
525 5569 726 5625 Dubia:
745 5574 885 5626 sunt
906 5572 965 5626 in
986 5569 1078 5625 his
1094 5569 1512 5639 eenigmatibus
1535 5570 1909 5641 conjectura.

2025 5069 2219 5125 Possit
2255 5073 2455 5124 tamen
2504 5063 3065 5139 aliquisconjicere,
3098 5062 3391 5139 tollendas
3431 5079 3692 5139 e_sse_vo-

2025 5158 2143 5209 ces,
2196 5149 2294 5193 τῶν
2331 5134 2674 5210 εύαγγελικῶν
2724 5134 2951 5210 ἐντολῶν,
3004 5144 3067 5193 ut
3113 5140 3213 5210 ita,
3256 5135 3512 5210 sicut_in
3562 5134 3684 5191 ﬁne

2026 5206 2252 5278 scholii,
2287 5211 2355 5266 de
2396 5206 2625 5265 Christo
2664 5208 3157 5280 accipiatur.Sed
3188 5210 3249 5263 in
3282 5206 3684 5280 scholio_pro-

2022 5285 2187 5339 ximo
2225 5277 2284 5337 in
2316 5280 2435 5338 fine
2480 5298 2681 5336 rursus
2726 5277 2813 5335 est
2858 5279 3150 5345 similiter,
3192 5286 3283 5332 τοῦ
3327 5282 3475 5331 Θείου
3523 5277 3681 5351 λόγου

2022 5364 2114 5407 τοῦ
2137 5355 2471 5427 εύαγγιλικοῦ
2501 5356 2858 5427 κηρύγματος.

2119 5428 2206 5497 87)
2248 5425 2443 5481 Malim
2480 5425 2827 5497 σωματικῶς.

2119 5428 2206 5497 87)
2248 5428 2443 5481 Malim
2499 5433 2827 5497 σωματικῶς.

2094 5428 2207 5571 (88)
2242 5498 2429 5553 Etiam
2476 5496 2573 5552 hic
2611 5492 3047 5569 praeferendum
3077 5494 3314 5551 videtur
3341 5512 3677 5566 σωματικως.

2022 5577 2079 5626 et
2120 5576 2502 5641 πνευματικῶς.

381 5746 464 5819 (q)
491 5747 723 5809 Matris,
774 5750 884 5803 etc.
924 5746 1215 5819 Quodque
1264 5746 1732 5803 admonitionem
1768 5764 1940 5805 suam
1996 5763 2118 5803 non
2151 5752 2304 5804 esset
2330 5746 2732 5818 neglecturus,
2762 5760 2985 5801 mensae
3030 5742 3357 5800 ministros.
3400 5740 3556 5795 Loco
3580 5743 3676 5797 τήν

316 5823 529 5887 ταύτης,
562 5819 887 5890 legendum
919 5819 1146 5875 videtur
1172 5824 1275 5876 aut
1304 5823 1396 5878 τὴν
1430 5823 1586 5881 αὐτῆς
1617 5824 1720 5877 aut
1745 5824 1840 5878 τὴν
1866 5822 2133 5879 τοιαύτην.
