4120 6310
526 346 663 407 1151
1843 342 2183 402 EUTHYMII

521 473 786 543 gustavit
810 472 1264 541 architriclinus,
1293 472 1355 531 id
1379 477 1469 531 est
1486 473 1860 542 ,discernens
1874 471 2177 545 cogitatio,
2213 471 2257 526 A
2288 470 2468 542 λόγίαν
2560 471 2701 524 ἔστιν

520 561 692 618 dicit:
721 562 1036 634 Oportebat
1069 562 1283 620 bonum
1309 563 1416 621 hoc
1435 564 1831 636 vinumprimo
1857 562 1991 619 bibi.
2027 561 2178 618 Cor-

520 651 715 723 porali
740 653 899 709 enim
930 667 1089 709 curm
1120 652 1506 711 anteferenda
1535 652 1881 726 spiritualis.
1901 652 2180 725 Sponsus

521 756 665 798 vero
694 740 786 797 hic
806 740 1135 798 intellectus
1164 741 1492 806 humanus,
1523 742 1627 816 qui
1659 746 1722 799 ut
1746 757 2041 814 sponsam
2069 740 2183 797 sibi

518 830 1023 903 jungitvirtutem,
1056 847 1322 904 quacum
1346 832 1525 897 vivat,
1550 847 1812 904 quorum
1834 830 2183 903 conjugium

524 936 662 977 cum
701 919 765 975 in
801 918 1030 975 honore
1060 920 1278 977 habeat
1310 922 1465 977 Deus
1496 926 1553 976 et
1581 923 1791 991 Logos,
1822 920 1984 976 venit
2011 923 2069 975 et
2096 934 2186 975 ar-

529 1010 678 1067 ctius
729 1008 970 1081 copulat
998 1024 1205 1065 eorum
1250 1010 1755 1081 conjunctionem.

529 1118 614 1161 νος
642 1106 780 1164 νοῦς,
812 1101 881 1161 ὡς
900 1100 1103 1171 νύμφην
1133 1098 1486 1171 ἄρμοζόμενος
1502 1097 1667 1169 ἰαυτῷ
1694 1102 1787 1157 τὴν
1814 1096 1998 1173 ἀρετὴν
2017 1098 2141 1171 πρός
2169 1096 2485 1169 συμϐίωσιν,
2509 1096 2576 1147 ὧν
2602 1099 2696 1155 τὴν
2729 1096 2989 1168 συζυγίαν
3013 1102 3178 1169 τιμῶν
3196 1096 3221 1147 ό
3246 1098 3375 1156 Θεὸς
3398 1100 3489 1148 καὶ
3524 1100 3721 1167 Λόγος,
3747 1116 3889 1170 παρα·
3980 1098 3981 1151 Ϊ

530 1192 731 1261 γίνεται
762 1184 1093 1259 διασφίγγων
1126 1187 1238 1257 (90)
1264 1190 1433 1240 αὐτῶν
1464 1191 1559 1246 τὴν
1575 1186 1818 1259 ἓνωσιν.]

600 1279 688 1348 -Η-
714 1277 870 1333 Licet
890 1293 1028 1333 vero
1058 1277 1225 1333 aliter
1253 1278 1432 1333 etiam
1462 1282 1713 1333 tractare
1739 1276 2085 1345 allegoriam
2112 1274 2187 1330 de

529 1383 632 1423 sex
671 1366 919 1439 hydriis.
953 1367 1082 1422 Sint
1110 1368 1269 1423 enim
1301 1367 1554 1423 fortasse
1601 1368 1723 1423 istae
1762 1366 2012 1438 hydriie,
2051 1363 2187 1420 effe-

528 1456 673 1512 ctrix
697 1454 1031 1511 ofﬁciorum
1070 1455 1324 1512 facultas
1369 1461 1591 1513 naturae
1655 1456 1958 1523 humanas,
1999 1470 2186 1526 quam

525 1561 782 1602 vacuam
808 1551 866 1601 et
888 1544 1592 1617 inefﬁcacemjacentem,
1627 1545 1893 1615 implevit
1920 1544 2184 1599 divinum

526 1634 808 1701 Verbum,
823 1636 1016 1704 primo
1029 1636 1275 1708 quidem
1296 1636 1634 1706 cognitione
1651 1651 1809 1691 curas
1830 1633 2184 1706 corporalis,

528 1724 739 1781 deinde
791 1725 1116 1796 spiritualis
1172 1729 1320 1793 ;aut
1370 1726 1562 1797 primo
1627 1724 1969 1794 cognitione
2024 1723 2182 1788 facti,

2218 341 2544 399 ZIGABENI
3767 342 3883 399 1153

2794 489 2878 523 οτε
2960 488 3053 527 την
3143 469 3438 542 εὐεργεσίαν
3529 468 3879 525 ἐπιτελεῖσθαι.

2293 558 2567 615 Ἰντλοῦσι
2612 556 2671 613 δε
2719 563 2777 612 τὸ
2828 556 3059 617 δηλωθέν
3113 555 3258 633 ὕδωρ
3304 561 3354 612 οἱ
3390 558 3593 631 ἁγαθοὶ
3638 558 3880 631 λογισμοὶ,

2291 657 2363 720 τῷ
2410 648 2547 721 λόγῳ
2598 645 2975 710 διακονοῦντες.
3034 649 3232 701 Τούτου
3287 644 3346 701 δε
3393 656 3483 701 τοῦ
3517 652 3667 701 οἶνον
3718 654 3882 719 γευσά-

2293 758 2441 810 μενος
2471 739 2496 790 ό
2524 738 2933 813 ἀρχιτρίκλινος,
2979 738 3139 809 ἤγουν
3186 739 3212 789 ὁ
3262 734 3601 811 διακριτικός
3634 738 3881 814 λογισμός,

2295 832 2454 901 φησὶν
2521 830 2600 881 ὅτι
2647 826 2798 882 ’Ἐὸει
2853 831 2940 881 τόν
3010 827 3164 880 καλόν
3246 835 3423 880 τοῦτον
3491 825 3637 880 οἶνον
3713 837 3885 902 πρῶτον
3976 824 3977 827 “

2294 919 2539 977 ποθῆναι.
2597 924 2705 979 Τῆς
2769 920 2871 991 γὰρ
2933 924 3239 990 σωαμτικῆς
3310 916 3606 988 ἐπιμελείας
3665 937 3887 991 προτιμο-
3978 920 3979 943 ³

2296 1010 2420 1080 τέρα
2449 1008 2479 1065 ἠ
2515 1006 2627 1079 (89)
2671 1006 2851 1079 ψυχή.
2902 1011 3137 1080 Νυμφίος
3182 1002 3241 1058 δὲ
3286 1004 3529 1074 ἐνταῦθα,
3587 1008 3615 1059 ό
3649 1006 3887 1081 ἀνθρώπι-

2371 1274 2546 1348 [Ἒστι
2604 1274 2716 1347 (91)
2776 1271 2837 1328 δε
2887 1279 2979 1327 καὶ
3040 1273 3222 1347 ἑτέρως
3277 1272 3541 1327 ἐπιϐαλεῖν
3601 1283 3665 1347 τῇ
3731 1277 3890 1348 θεωρίᾳ

2295 1373 2394 1416 τῶν
2425 1364 2478 1428 ἓξ
2517 1361 2739 1438 ὑδριῶν,
2795 1360 2905 1417 Εἶεν
2947 1367 3046 1438 γὰρ
3097 1362 3157 1415 ἂν
3213 1364 3370 1416 αὗται
3420 1366 3449 1421 ἠ
3495 1369 3756 1422 ποιητικὴ
3809 1374 3888 1416 τῶν

2295 1455 2624 1511 καθηκόντων
2712 1449 2932 1525 δύναμις
2986 1461 3078 1514 τῆς
3157 1452 3482 1524 ἀνθρωπίνης
3552 1456 3778 1525 φύσεως,
3842 1458 3889 1510 ἦν

2294 1547 2443 1601 κενὴν
2498 1547 2589 1594 καὶ
2646 1539 2979 1615 ἂνενέργητον
3035 1546 3272 1612 κειμένην
3327 1540 3633 1615 ἐπλήρωσεν
3699 1544 3724 1594 ό
3782 1544 3890 1602 θεῖος

2296 1631 2463 1704 λόγος,
2509 1640 2711 1704 πρῶτον
2782 1634 2872 1704 μεν
2942 1638 3033 1693 τῆς
3075 1633 3211 1683 κατά
3259 1636 3570 1703 σωματικὴν
3627 1630 3890 1704 ἓπιμελεισν

2294 1726 2552 1793 γνώσεως,
2589 1718 2697 1773 εἶτα
2738 1728 2828 1781 τῆς
2875 1722 3010 1772 κατὰ
3057 1719 3313 1791 ψυχικήν·
3372 1723 3402 1780 ἧ
3436 1728 3649 1794 πρῶτον
3812 1728 3890 1781 τῆς

529 1812 745 1870 deinde
769 1813 1008 1870 theorite
1043 1830 1057 1881 ;
1089 1819 1194 1871 aut
1244 1815 1423 1870 etiam
1472 1816 1665 1887 primo
1720 1814 2058 1885 cognitione
2115 1827 2187 1868 ea

2297 1810 2433 1860 κατὰ
2456 1809 2664 1883 πρᾶξιν,
2692 1806 2803 1862 εἶτα
2825 1818 2919 1872 τῆς
2952 1812 3085 1861 κατὰ
3123 1811 3337 1882 θεωρίαν
3367 1827 3380 1839 ο
3403 1813 3433 1868 ἤ
3468 1814 3565 1862 καὶ
3594 1818 3790 1884 πρῶτον

532 1919 663 1974 quae
690 1906 784 1958 est
831 1904 1166 1959 secundum
1216 1909 1515 1968 naturam,
1559 1902 1776 1958 deinde
1797 1919 1864 1957 ea
1919 1918 2055 1973 quin
2101 1905 2188 1957 est

533 2007 718 2063 supra
790 1995 1092 2048 naturam.
1177 1994 1438 2048 Duarum
1515 1997 1899 2047 metretarum
1985 1995 2186 2046 autem

535 2082 719 2137 altera
759 2080 1027 2153 quidem,
1088 2082 1333 2138 scientia
1387 2080 1779 2147 sensibilium,
1816 2080 1997 2136 altera
2045 2094 2188 2136 vero

535 2169 1014 2239 intelligibilium,
1064 2175 1117 2226 et
1168 2172 1337 2226 tertia
1388 2169 1744 2225 illuminatio
1813 2170 1888 2225 de
1943 2170 2190 2224 imcom-

533 2258 910 2332 prehensibili
962 2266 1173 2315 natura
1230 2259 1448 2314 divina.
1506 2262 1833 2315 Numerum
1885 2259 2189 2314 senarium

533 2353 728 2404 autem
752 2348 1095 2419 accepimus
1124 2348 1198 2404 de
1229 2347 1502 2405 effectrici
1534 2348 1867 2404 ofﬁciorum
1913 2346 2190 2404 facultate

529 2441 780 2504 naturae,
806 2436 920 2504 vel,
952 2438 1092 2510 quia
1119 2453 1222 2493 sex
1249 2437 1453 2494 diebus
1494 2439 1645 2494 Deus
1678 2437 1811 2493 fecit
1843 2436 2139 2493 mundum
2172 2452 2186 2493 :

529 2526 794 2583 mundus
815 2543 955 2583 vero
982 2526 1163 2583 etiam
1183 2528 1366 2583 homo
1395 2544 1408 2583 :
1433 2527 1707 2600 vel,quia
1736 2527 2001 2600 quinque
2030 2542 2189 2582 men-

526 2617 603 2672 tis
634 2615 1018 2673 facultatibus
1050 2623 1306 2673 mentem
1327 2617 1519 2688 ipsam
1554 2632 1798 2690 quoque
1831 2616 2188 2673 adnumera-

526 2722 676 2770 mus,
737 2710 799 2763 ut
849 2706 1117 2779 quinque
1176 2707 1446 2762 sensibus
1488 2706 1755 2779 corporis
1786 2707 1978 2778 ipsum
2012 2705 2190 2761 etiam

529 2809 771 2866 corpus.
804 2795 1321 2861 Quemadmodum
1373 2812 1516 2851 vero
1558 2811 1712 2868 pura
1740 2800 1795 2851 ct
1827 2810 1970 2850 vera
2012 2795 2190 2864 Virgo

531 2883 709 2941 Maria
738 2886 912 2938 Mater
938 2883 1149 2939 exstitit
1176 2884 1272 2939 Dei
1302 2882 1441 2955 Logi
1470 2903 1481 2941 :
1512 2883 1785 2939 itaetiam
1808 2899 1958 2954 pura
1977 2887 2035 2938 et
2055 2899 2194 2939 vera

531 2970 683 3028 ﬁdes
696 2977 884 3028 mater
894 2971 959 3028 fit
969 2972 1155 3028 divini
1167 2971 1352 3044 verbi,
1367 2971 1800 3044 praedicationis
1813 2971 2190 3043 evangelicae.

608 3062 768 3118 Vers.
813 3063 871 3120 Ἰ.
928 3061 1082 3119 Dicit
1119 3092 1190 3103 —
1234 3077 1543 3118 summum.
1598 3061 1815 3117 Mensae
1862 3060 2188 3129 ministros,

538 3148 679 3207 facit
702 3151 882 3208 etiam
914 3151 1210 3207 ministros
1240 3149 1534 3221 miraculi,
1567 3155 1631 3206 ut
1655 3150 1766 3222 ipsi
1797 3155 1970 3206 testes
1997 3150 2079 3206 rei
2104 3167 2191 3207 es-

541 3245 688 3298 sent.
708 3243 835 3298 Non
852 3239 1028 3312 jussit
1041 3244 1238 3297 autem
1262 3246 1324 3296 ut
1351 3256 1502 3297 vasa
1518 3239 1749 3295 vinaria
1778 3239 2185 3311 implerentur.

538 3330 645 3408 sed
660 3328 902 3403 aqualia
928 3329 1047 3385 sive
1061 3330 1312 3402 hydriae,
1326 3346 1401 3386 ne
1420 3330 1525 3403 qui
1543 3328 2006 3401 suspicarentur,
2022 3330 2191 3402 quod

535 3419 752 3478 relictis
782 3418 1031 3476 fascibus
1070 3419 1266 3477 mistio
1295 3435 1471 3493 aqum
1509 3418 1669 3476 facta
1697 3425 1867 3475 esset.

604 3601 799 3667 Quare
825 3602 1020 3655 autem
1058 3613 1180 3655 non
1209 3598 1460 3672 ipsemet
1503 3597 1631 3654 solo
1662 3596 1842 3655 verbo
1872 3597 2049 3654 etiam
2078 3598 2193 3671 hy-

531 3687 694 3744 drias
725 3686 1009 3760 implevit,
1041 3687 1147 3744 sed
1186 3687 1468 3744 ministris
1520 3687 1636 3742 hoc
1672 3687 1987 3758 imperavit
2030 3686 2060 3742 ?
2112 3691 2191 3744 Ne

531 3778 895 3852 phantasma
918 3792 1051 3834 esse
1068 3778 1365 3834 videretur
1397 3799 1410 3832 :
1444 3776 1551 3833 sed
1582 3776 1630 3832 si
1660 3777 1801 3850 quis
1835 3776 2190 3834 miraculum

533 3867 1017 3934 calumniaretur,
1046 3872 1112 3925 ut
1136 3868 1242 3941 qui
1260 3882 1485 3940 aquam
1517 3866 1858 3933 hauserant,
1890 3866 2192 3924 silentium

533 3956 651 4015 illis
668 3957 1068 4029 imponerent.

605 4049 767 4103 Vers.
792 4050 843 4103 8.
873 4047 953 4103 Et
979 4046 1061 4103 ait
1088 4077 1156 4087 —
1186 4046 1354 4103 Vers.
1385 4050 1472 4103 10.
1493 4046 1678 4102 modo.
1703 4045 2192 4105 Architriclinum

535 4136 677 4193 dicit
706 4137 899 4192 convii
940 4136 1300 4207 prtefectum,
1351 4136 1453 4208 qui
1502 4136 1838 4192 convivium
1886 4138 2189 4208 procurat.

534 4224 808 4282 Triclinia
836 4225 996 4281 enim
1026 4224 1399 4281 vocabantur
1422 4224 1575 4281 aulae
1596 4226 2030 4281 conviviorum.
2063 4223 2192 4279 Non

535 4329 679 4385 ergo
735 4313 1082 4387 simplicnter
1132 4329 1354 4385 aquam
1386 4315 1676 4370 convertit
1704 4314 1765 4370 in
1828 4313 2052 4378 vinum,
2085 4311 2192 4368 sed

533 4403 596 4461 in
619 4402 849 4460 bonum
881 4402 1107 4469 vinum,
1136 4402 1289 4459 sicut
1326 4402 1760 4459 architriclinus
1798 4402 1919 4475 ipse
1940 4406 2189 4459 testatus

532 4498 640 4550 est.
672 4496 819 4550 Nam
833 4492 933 4564 huj
946 4491 1558 4549 usmodiadmiranda
1588 4492 1797 4549 Christi
1815 4491 2190 4565 operalonge

533 4588 701 4640 erant
731 4581 1108 4638 naturalibus
1137 4581 1572 4653 praestantiora.
1617 4581 1786 4647 Quod
1825 4579 2003 4652 igitur
2031 4597 2192 4653 aqua

530 4689 704 4728 versa
732 4672 806 4729 sit
843 4671 906 4727 in
960 4672 1189 4738 vinum,
1225 4670 1475 4727 ministri
1504 4676 1679 4728 testes
1701 4670 1979 4726 fuerunt:
2026 4669 2191 4742 quod

535 4766 733 4818 autem
764 4761 824 4815 in
864 4760 1094 4816 bonum
1133 4759 1312 4816 etiam
1363 4760 1587 4828 vinum,
1656 4758 2093 4816 architriclinus
2121 4775 2192 4814 ac

535 4866 789 4924 sponsus
822 4866 835 4908 :
860 4855 925 4905 ut
950 4850 1237 4917 deinceps
1255 4849 1606 4906 miraculum
1626 4849 1808 4905 latere
1826 4864 1946 4904 non
1967 4854 2188 4920 posset,

533 4939 702 5013 quod
740 4938 1088 4996 testimoniis
1116 4936 1269 4995 adeo
1309 4937 1640 4995 manifestis
1678 4936 2046 5010 probaretur.

520 5072 539 5082 -
606 5028 930 5087 Verisimile
952 5033 1040 5086 est
1066 5031 1268 5087 autem
1299 5032 1357 5085 et
1385 5043 1677 5100 sponsum
1706 5026 1933 5084 dixisse
1965 5042 1977 5083 :
2015 5028 2193 5093 Quid-

2299 1903 2389 1956 τῆς
2416 1901 2551 1949 κατὰ
2604 1901 2779 1970 φύσιν,
2813 1895 2921 1951 εἶτα
2963 1905 3058 1961 τῆς
3085 1900 3211 1971 ὑπερ
3240 1901 3396 1970 φύσιν
3420 1916 3432 1927 ·
3462 1906 3567 1951 τῶν
3596 1895 3630 1951 δ
3635 1902 3658 1952 ι
3687 1895 3780 1951 δύο
3818 1916 3889 1970 με·

2298 1995 2520 2060 τρητὼν,
2557 1983 2624 2048 εἷς
2656 1990 2769 2060 μὲν,
2820 1989 2848 2045 ἠ
2898 1996 2998 2040 τὼν
3046 1987 3307 2045 αἰσθητῶν
3355 1996 3576 2059 γνῶσις,
3619 1989 3780 2061 ἕτερος
3820 1984 3884 2057 δὲ,

2300 2078 2328 2135 ἡ
2377 2084 2476 2127 τῶν
2515 2084 2727 2138 νοητῶν,
2781 2081 2870 2129 καὶ
2919 2081 3089 2149 τρίτος
3141 2078 3171 2134 ἡ
3227 2082 3345 2149 περὶ
3390 2086 3484 2138 τῆς
3540 2076 3884 2135 ἀκαταλήπτων

2302 2168 2543 2228 θεότητος
2598 2164 2871 2237 ἓλλαμψις.
2919 2166 3008 2227 Εἰς
3062 2161 3121 2218 δε
3162 2169 3247 2218 τόν
3299 2166 3353 2228 ἐξ
3397 2164 3626 2239 ἀριθμόν
3671 2164 3883 2238 ἐλάϐομεν

2298 2258 2390 2314 τὴν
2433 2259 2713 2313 ποιητικὴν
2743 2263 2843 2307 τῶν
2888 2257 3219 2313 καθηκόντων
3260 2250 3486 2327 δύναμιν
3539 2264 3634 2316 τῆς
3689 2258 3880 2328 φύσεως,

2300 2348 2329 2403 ἦ
2382 2345 2463 2396 ὅτι
2516 2346 2565 2397 ἓν
2623 2344 2677 2407 ἓξ
2730 2346 2947 2419 ἡμέραις
2999 2343 3240 2403 ἐποίησεν
3289 2345 3313 2396 ό
3361 2348 3491 2405 Θεὸς
3550 2348 3639 2396 τόν
3690 2348 3877 2415 κόσμον·

2299 2438 2497 2506 κόσμος
2528 2430 2588 2486 δε
2633 2438 2723 2485 καὶ
2775 2435 2801 2484 ό
2840 2434 3110 2507 ἄνθρωπος
3139 2450 3152 2463 ·
3186 2435 3215 2493 ἣ
3259 2434 3340 2485 ὅτι
3385 2440 3507 2494 ταῖς
3567 2437 3710 2487 πέντε
3743 2431 3881 2503 ψυχι-

2300 2528 2414 2582 καίς
2457 2518 2714 2594 δυνάμεσι
2756 2524 3170 2597 συναριθμοῦμεν
3210 2527 3302 2574 καὶ
3348 2522 3515 2582 αὐτὴν
3558 2528 3652 2581 την
3704 2521 3876 2592 ψυχὴν,

2301 2613 2366 2672 ὡς
2412 2618 2523 2671 ταῖς
2565 2615 2711 2664 πέντε
2759 2618 2851 2663 τοῦ
2899 2617 3138 2683 σώματος
3190 2611 3484 2669 αἱσθησεσι
3544 2617 3637 2664 καὶ
3674 2610 3788 2663 αὐτὸ
3832 2610 3877 2658 τό

2304 2709 2476 2773 σῶμα.
2505 2698 2706 2776 Ὠσπερ
2749 2697 2808 2752 δὲ
2841 2702 2870 2759 ἡ
2901 2702 3109 2775 καθαρὰ
3146 2704 3235 2752 καὶ
3275 2699 3474 2763 ἀληθὴς
3511 2703 3760 2773 Παρθένος
3790 2704 3873 2750 Μα-

2301 2793 2392 2863 ρία
2420 2794 2595 2864 μήτηρ
2628 2788 2823 2861 ἐγένετο
2855 2797 2946 2842 τοῦ
2991 2797 3123 2843 Θεοῦ
3167 2793 3367 2861 Λόγου,
3416 2790 3585 2851 οὕτως
3631 2792 3660 2848 ἡ
3707 2788 3872 2860 καθαρά

2301 2884 2391 2932 καὶ
2418 2878 2612 2940 ἀληθὴς
2640 2883 2837 2946 πίστις,
2868 2884 3045 2953 μήτηρ
3083 2883 3285 2951 γίνεται
3314 2885 3406 2932 τοῦ
3438 2880 3591 2932 θείου
3619 2878 3778 2950 λόγου,
3800 2881 3867 2928 τοῦ

2303 2968 2637 3042 εὐαγγελικοῦ
2661 2967 3048 3043 κηρύγματος]

2373 3062 2527 3131 Λέγει
2588 3091 2659 3100 -
2740 3060 2866 3111 ᾱίνω.
2934 3061 3063 3118 Τοὺς
3129 3053 3408 3120 διακόνους
3472 3066 3574 3120 τῆς
3632 3056 3849 3133 τραπέζης,

2299 3157 2525 3203 ποιεῖται
2556 3146 2833 3211 διακόνους
2869 3156 2962 3201 τοῦ
3002 3150 3286 3219 θαυματος,
3337 3149 3420 3200 ἵνα
3459 3149 3623 3202 αὐτοὶ
3656 3151 3843 3220 μάρτυρες

2299 3240 2399 3293 ὦσι
2448 3246 2539 3292 τοῦ
2602 3240 2924 3313 πράγματος.
2985 3237 3060 3291 Οὐ
3118 3238 3406 3309 προσέταξε
3455 3234 3522 3292 δὲ
3579 3243 3767 3311 γεμίσαι
3802 3234 3849 3282 τὰ

2300 3327 2487 3401 ἀγγεῖα
2514 3335 2602 3381 τοῦ
2643 3331 2803 3393 οἴνου,
2854 3326 2983 3380 ἀλλὰ
3024 3329 3089 3380 τὰ
3119 3323 3312 3399 δοχεία
3360 3334 3452 3379 τοῦ
3509 3325 3701 3387 ὕδατος
3725 3326 3790 3376 ἵνα
3806 3323 3855 3392 μὴ

2298 3437 2430 3481 τινες
2460 3419 2879 3488 ὑποπτεύσωσιν,
2913 3418 2993 3470 ὅτι
3021 3419 3210 3491 τρυγὸς
3252 3414 3676 3490 ἑναποκειμὲνης,
3716 3418 3861 3489 κρᾶσις

2298 3515 2387 3561 τοῦ
2410 3503 2609 3568 ὕδατος
2635 3510 2835 3579 γέγονε.

2373 3600 2474 3650 Καὶ
2494 3592 2528 3648 δ
2533 3600 2640 3648 ιατὶ
2667 3594 2758 3648 οῦκ
2789 3594 2942 3656 αὐτὸς
2964 3593 3101 3666 λόγω
3117 3598 3258 3668 μόνῳ
3269 3597 3364 3656 τὰς
3379 3591 3574 3670 ὑδρίας
3595 3593 3862 3666 ἐπλήρωσεν,

2302 3685 2430 3739 ἀλλὰ
2452 3693 2562 3748 τοῖς
2588 3681 2851 3747 διακόνοις
2893 3684 3125 3748 ἐπέταξεν
3151 3700 3165 3751 ;
3195 3683 3308 3738 Ἰνα
3327 3688 3400 3756 μὴ
3434 3680 3567 3758 δοξη
3612 3680 3863 3756 φαντάζεινν

2302 3774 2407 3828 ἀλλ’
2442 3776 2524 3827 ἵνα
2553 3776 2603 3826 οἱ
2635 3772 2974 3837 ἀντλήσαντες
3003 3776 3061 3826 τό
3087 3768 3253 3848 ὕδωρ,
3285 3771 3673 3846 ἐπιστομίσοιεν
3699 3771 3799 3828 τοὺς
3818 3765 3862 3816 τό

2304 3867 2479 3939 θαῦμα
2509 3870 2977 3937 συκοφαντοῦντας.

2374 4048 2475 4098 Καὶ
2522 4043 2658 4115 λέγει
2719 4072 2786 4083 -
2835 4042 2975 4116 ἄρτι.
3032 4040 3447 4117 ’Δρχιτρίκλινον
3522 4038 3743 4113 ὀνομάζει
3786 4035 3857 4083 τὸν

2303 4137 2734 4208 συμποσίαρχον,
2776 4134 2864 4184 τόν
2914 4129 3222 4204 ἐπιμελητὴν
3269 4138 3361 4183 τοῦ
3416 4133 3716 4204 συμποσίον.
3757 4123 3857 4196 Τρί-

2300 4223 2463 4276 κλινοι
2508 4226 2609 4295 γὰρ
2663 4220 2934 4274 ἐκαλοῦντο
2973 4220 3023 4273 οἰ
3070 4220 3204 4273 οἶκοι
3253 4228 3353 4272 τῶν
3413 4222 3721 4284 συμποσίων.
3763 4212 3851 4264 Οὐκ

2302 4312 2476 4375 ἁπλῶς
2513 4309 2572 4365 δὲ
2628 4307 2761 4364 οἶνον
2792 4309 3006 4368 ἐποίησε
3049 4312 3108 4363 τὸ
3156 4305 3323 4383 ὕδωρ,
3382 4308 3511 4362 ἀλλὰ
3552 4308 3687 4361 καλὸν
3723 4300 3846 4365 οἶνον,

2302 4406 2371 4465 ὡς
2432 4403 2457 4453 ὁ
2514 4399 2902 4474 ἀρχιτρίκλινος
2962 4398 3313 4474 ἐμαρτύρησε.
3385 4405 3608 4452 Τοιαῦτα
3646 4398 3728 4467 γὰρ
3774 4395 3845 4442 τοῦ

2305 4496 2537 4562 Χριστοῦ
2575 4491 2640 4541 τὰ
2689 4490 2931 4560 θαύματα
2964 4486 3135 4558 πολλῷ
3171 4495 3269 4539 τῶν
3319 4496 3550 4559 φυσικῶν
3590 4486 3834 4557 ὡραιὸτερα-

2225 4567 2269 4620 Ῑ)
2301 4587 2404 4632 Τοῦ
2434 4581 2523 4652 μὲν
2570 4579 2658 4632 οὖν
2688 4581 2745 4630 τό
2793 4575 2937 4651 ὕδωρ
2973 4572 3105 4630 οἶνον
3151 4578 3415 4648 γενέσθαι,
3466 4580 3570 4635 τοὺς
3609 4569 3829 4623 διακόνους

2302 4666 2415 4741 εἶχε
2454 4670 2743 4744 μάρτυρας·
2787 4674 2878 4719 τοῦ
2911 4663 2969 4720 δὲ
3008 4671 3099 4719 καὶ
3127 4665 3281 4717 καλὸν
3331 4663 3479 4733 οἶνον,
3515 4666 3590 4715 τόν
3627 4653 3819 4730 ἀρχιτρί-

2300 4758 2468 4810 κλινον
2532 4762 2623 4810 καὶ
2679 4759 2766 4809 τὸν
2813 4760 3052 4829 νυμφίον,
3108 4758 3207 4808 Καὶ
3258 4753 3439 4807 λοιπόν
3485 4752 3571 4806 οὐκ
3609 4742 3746 4819 ἔμελλε
3779 4740 3826 4790 τὸ

2302 4849 2480 4920 θαῦμα
2555 4847 2748 4914 λαθεῖν,
2812 4846 2973 4907 οὕτως
3039 4843 3323 4916 ἀναγκαίας
3374 4845 3501 4916 ἔχον
3550 4843 3633 4901 τὰς
3679 4847 3838 4907 μαρτυ·

2298 4941 2437 5013 ρίας.

2369 5024 2519 5087 Εἰκὸς
2578 5020 2637 5078 δὲ
2689 5027 2779 5078 καὶ
2825 5026 2912 5078 τὸν
2952 5027 3173 5097 νυμφίον
3226 5021 3383 5076 εἰπεῖν
3429 5041 3481 5074 τι
3536 5022 3657 5094 πρὸς
3699 5015 3849 5065 ταῦτα’

1734 5259 1959 5328 Variae
1986 5258 2311 5328 lectiones
2337 5268 2402 5326 et
2436 5267 2640 5327 notae.

748 5506 1194 5579 Fortenimxtxri.

634 5508 703 5565 89
748 5507 1194 5579 Fortenpuxm‘p

605 5507 900 5652 19011ᾱοω
925 5580 1089 5651 quod
1118 5579 1443 5650 συσφίγγων.

2373 5498 2490 5571 (9t)
2523 5497 2712 5555 Etiam
2741 5497 2864 5555 haec
2911 5497 2971 5555 in
3014 5498 3322 5571 utriusque
3367 5494 3599 5552 Codicis
3630 5482 3872 5555 margine

2303 5569 2705 5643 reperiuntur.

609 5781 690 5857 (r)
714 5777 1001 5850 Quidnam
1032 5787 1111 5839 est
1154 5780 1260 5842 hoc
1284 5781 1312 5837 ?
1348 5777 1592 5856 Aliquid
1621 5777 1697 5835 ad
1722 5778 1869 5837 haec.
1904 5777 2228 5839 Hentenius
2269 5792 2389 5841 non
2419 5776 2649 5841 videtur
2673 5775 2961 5839 invenisse
3000 5779 3137 5856 τρός.

3968 305 3969 385 1

3972 520 3973 581 1

3974 644 3975 693 1

3976 768 3977 827 1

3980 1140 3983 1225 1
