4120 6310
306 351 444 411 1153

305 481 437 539 πλὴν
482 487 684 552 παρῆκε
727 488 878 532 τοῦτο
914 481 970 530 70
1015 482 1166 553 μέρος
1216 481 1240 530 0
1282 480 1652 552 εὐαγγελιστὴς
1703 482 1765 540 ὡς
1813 478 1907 530 οὐκ
1940 475 1987 529 Α

308 568 613 640 ἀναγκαῖον.

381 663 579 710 Γένοιτο
612 654 670 710 δὲ
699 656 852 730 κάμὲ,
886 661 970 709 τόν
1002 657 1232 731 ψυχρὸν,
1269 663 1360 711 καὶ
1389 667 1606 731 χαῦνον,
1641 663 1729 710 καὶ
1759 655 1906 732 διαρ-

304 749 503 823 ρέοντα,
565 752 654 798 καὶ
710 749 845 798 κατὰ
893 755 1044 799 τοῦτο
1099 745 1265 820 μηδεν
1319 745 1510 809 ὕδατος
1574 745 1906 821 διαφέροντα,

306 836 696 909 μεταϐληθῆναι
745 841 873 910 πρὸς
937 838 1127 910 θέρμην
1187 843 1540 910 πνευματικὴν
1587 842 1677 890 καὶ
1716 836 1908 907 στύψιν

308 926 539 999 ἐνάρετον
561 931 651 978 καὶ
676 925 833 988 πῆξιν
874 927 1031 990 ἠθῶν,
1089 928 1222 979 ὥστε
1261 933 1350 980 καὶ
1400 927 1596 1001 ἐτέρους
1625 927 1908 1000 εὖφραίνειν

310 1013 593 1069 δύνασθαι.

378 1108 580 1163 Ταύτην
646 1136 718 1145 -
792 1104 1088 1167 Γαλιλαίας.
1159 1105 1235 1157 Οὐ
1292 1111 1442 1178 μόνον
1518 1104 1772 1180 ἀνέγραψε
1849 1108 1907 1157 τό

310 1198 504 1268 θαῦμα,
546 1193 670 1246 ἀλλὰ
723 1199 812 1246 καὶ
864 1191 1106 1257 ἐδίδαξεν
1160 1197 1236 1248 ὅτι
1293 1204 1444 1248 τοῦτο
1504 1192 1563 1254 ἦν
1615 1195 1758 1268 ἁρχὴ
1811 1204 1907 1247 τῶν

310 1290 558 1357 σημείων.
613 1283 753 1336 Ἐπεὶ
807 1287 908 1356 γαρ
961 1284 1053 1336 οὐκ
1119 1287 1392 1357 ἄχρηστον
1461 1283 1520 1343 ἧν
1580 1281 1772 1338 εἰδεναι
1823 1289 1910 1336 καὶ

304 1383 477 1437 τοῦτο,
527 1374 724 1439 λοιπον,
785 1375 854 1434 ὡς
898 1377 1305 1446 παρασιωπηθεν
1371 1383 1482 1436 τοῖς
1511 1374 1698 1443 ἄλλοις,
1764 1377 1910 1427 ἱστό-

303 1483 460 1537 ρησεν
523 1463 669 1527 αὐτὸ,
733 1472 1061 1535 χρησιμεύον
1131 1463 1196 1525 εἰς
1252 1467 1306 1516 τό
1356 1469 1427 1537 μη
1478 1467 1739 1518 πιστεύειν
1801 1472 1906 1526 τοῖς

303 1552 590 1625 λεγομένοις
670 1553 781 1624 (9‘2)
847 1549 1117 1616 «diducat;
1177 1555 1410 1626 θαῦμασι
1482 1562 1572 1607 τοῦ
1648 1562 1904 1630 Χριστοῦ.

303 1651 467 1696 Τοῦτο
532 1646 634 1714 γὰρ
695 1641 838 1717 ἀρχὴ
896 1651 996 1694 τῶν
1053 1648 1317 1715 σημείων·
1366 1643 1532 1696 ἐκεῖνα
1573 1641 1631 1696 δὲ
1689 1644 1908 1716 πλάσμα

308 1731 448 1784 ἐστὶν
497 1729 688 1806 ἀνδρὸς
724 1731 1098 1804 λυμαινομένου
1148 1741 1210 1805 τῇ
1264 1732 1497 1806 ἀληθείᾳ.
1533 1735 1591 1786 Εἰ
1636 1736 1736 1808 γὰρ
1787 1742 1906 1794 παῖς

309 1819 376 1870 ὢν
433 1819 862 1893 ἐϐαυματούργει,
921 1827 1082 1873 πᾶσιν
1123 1820 1182 1872 ἂν
1237 1821 1428 1893 ἐγένετο
1488 1827 1746 1897 γνώριμος
1807 1822 1903 1874 αὗ-
1941 1835 1984 1889 Β

306 1912 462 1961 τίκα·
519 1907 915 1983 παραδοξότερα
967 1913 1068 1982 γὰρ
1129 1913 1195 1964 τὰ
1246 1915 1390 1984 παρὰ
1449 1917 1719 1988 μειρακίον
1777 1915 1904 1965 θαυ-

305 2002 764 2071 ματουργούμενα’
799 2004 888 2052 καὶ
941 2001 1034 2052 οὐκ
1088 1999 1147 2051 ἂν
1202 1997 1493 2060 ἐδεήθησαν
1545 2005 1592 2054 οἱ
1648 2003 1904 2076 Ἰσραηλῖ-

305 2107 393 2139 ται
454 2095 544 2140 τοὺ
597 2089 834 2141 Ἰωάννου
893 2096 1272 2164 φανερώσαντος
1329 2095 1437 2162 (93)
1488 2092 1659 2145 αὐτόν.
1722 2095 1905 2166 Εἳρηκε

303 2180 405 2250 γὰρ
462 2177 614 2239 αὐτὸς
662 2181 687 2230 0
761 2179 997 2240 Ἰωάννης
1044 2180 1121 2232 ὅτι
1167 2178 1278 2233 Ἵνα
1345 2184 1608 2254 φανερωθῇ
1676 2190 1747 2253 τῷ
1806 2188 1906 2236 Ἰσ-

303 2266 457 2339 ραὴλ,
516 2262 609 2319 διὰ
664 2275 816 2320 τοῦτο
875 2265 1027 2327 ἦλθον
1085 2269 1182 2341 ἐγὼ
1255 2269 1301 2322 ἐν
1359 2279 1431 2342 τῷ
1507 2269 1666 2324 ὕδατι
1717 2270 1906 2345 βαπτί-

308 2356 428 2416 ζων.
488 2356 712 2419 Εἰκότως
767 2353 853 2409 οὖν
909 2357 1132 2432 ἀνέμεινε
1188 2365 1278 2418 τὴν
1328 2357 1554 2434 ἀνδράσι
1606 2366 1906 2436 πρέπουσαν

307 2445 534 2510 ἡλικίαν,
587 2447 669 2498 ἵνα
707 2451 777 2519 μὴ
825 2452 1085 2520 νομίσωσι
1137 2454 1422 2521 φαντασίαν
1473 2447 1598 2502 εἶναι
1653 2456 1717 2503 τὰ
1764 2457 1909 2521 γινό-

309 2554 454 2607 μενα.
510 2536 568 2588 Εἰ
618 2539 739 2610 γὰρ,
803 2536 849 2588 ἐν
904 2538 1069 2610 τελείᾳ
1130 2538 1305 2611 ἡλικίᾳ
1365 2541 1904 2614 θαυματουργούντος,

308 2623 486 2677 πολλοὶ
534 2633 686 2677 τοῦτο
743 2627 1062 2692 ὑπώπτευον,
1127 2627 1293 2698 πολλῷ
1369 2627 1557 2700 μᾶλλον
1614 2628 1664 2680 ἐν
1725 2628 1905 2683 ἀτελεῖ.

315 2719 414 2766 Καὶ
453 2716 635 2766 θᾶττον
668 2711 727 2767 δὲ
754 2719 839 2766 καὶ
871 2716 982 2786 (9i)
1029 2719 1129 2789 πρὸ
1174 2724 1263 2768 τοῦ
1317 2722 1668 2790 προσήκοντος
1724 2725 1909 2790 καιροῦ

313 2805 563 2875 ὥρμησαν
608 2803 666 2854 ἆν
708 2802 790 2856 ἐπὶ
820 2808 903 2855 τόν
960 2808 1204 2879 σταδρόν,
1250 2813 1308 2877 τῇ
1364 2805 1632 2880 βασκανία
1685 2811 1908 2879 τηκόμε-

310 2911 410 2958 νοι,
464 2897 554 2944 καὶ
618 2891 796 2944 λοιπόν
863 2892 1057 2965 ἔμελλεν
1125 2894 1181 2945 οὐ
1245 2899 1397 2967 μόνον
1460 2893 1818 2954 ἁπιστηθῆναι
1877 2899 1907 2955 ἡ

313 2980 580 3052 οἰκονομία
632 2989 727 3043 τῆς
783 2981 1230 3057 ἐνανθρωπήσεως,
1267 2982 1394 3036 ἀλλά
1448 2990 1538 3038 καὶ
1588 2983 1914 3059 ἐμποδισθῆ-

313 3088 398 3121 ναι
428 3072 487 3120 τὸ
518 3069 850 3142 Εὐαγγέλιον.

384 3162 623 3217 Ζήτησον
657 3155 838 3213 δὲκαὶ
896 3159 944 3212 ἐν
998 3170 1068 3232 τῷ
1121 3167 1280 3237 τρίτῷ
1313 3163 1573 3238 κεφαλαίῳ
1629 3173 1719 3218 τοῦ
1778 3168 1913 3218 κατὰ
1944 3184 1986 3241 C

316 3251 601 3319 Ma760ciov,
664 3245 810 3301 διατί
865 3255 995 3322 μετά
1059 3257 1366 3323 τριακοστὸν
1421 3257 1531 3317 ἔτος
1584 3257 1608 3307 0
1682 3259 1913 3328 Χριστὸς

319 3335 465 3396 ἦλθεν
506 3338 588 3391 ἐπὶ
617 3342 672 3390 τὸ
730 3338 1032 3412 βάπτισμα,
1067 3342 1186 3393 ἔνθὰ
1236 3350 1403 3395 κεῖται
1430 3347 1506 3414 τὸ,
1571 3343 1650 3397 Ἐν
1698 3341 1756 3397 δε
1798 3352 1915 3406 ταῖς

319 3430 534 3500 ἡμέραις
568 3427 780 3490 ἐκείναις
840 3435 1182 3502 παραγίνεται
1239 3432 1478 3494 Ἰωάννης
1516 3435 1541 3485 ὁ
1595 3439 1912 3496 Βαπτιστὴς,

321 3521 602 3591 κηρύσσων
634 3517 681 3570 ἐν
728 3526 788 3592 τῇ
845 3521 1014 3593 ἐρήμῳ
1070 3528 1164 3582 τῆς
1199 3519 1485 3592 Ἰουδαίας,
1541 3528 1628 3576 καὶ
1678 3526 1915 3598 εὑρήσεις

323 3606 493 3668 αἰτίας
517 3606 889 3679 εὐλογωτοξτας.

399 3701 498 3748 Καὶ
532 3728 592 3736 -
621 3698 801 3754 αὐτοῦ.
828 3703 932 3757 Τὴν
973 3696 1194 3772 δύναμιν
1226 3700 1403 3767 αὑτοῦ,
1438 3706 1494 3754 70
1524 3703 1789 3775 μεγαλεῖον
1825 3712 1920 3765 τῆς

329 3785 564 3846 θεότητος
600 3787 780 3840 αὐτοῦ.

401 3881 514 3937 Πῶς
550 3881 638 3928 καὶ
677 3881 778 3928 τίνι
836 3878 947 3948 (95)
1008 3883 1212 3951 τρόπῳ;
1250 3879 1412 3950 ὀλίγοι
1463 3883 1563 3957 γὰρ
1617 3885 1920 3956 προσέσχον

329 3971 400 4034 τῷ
451 3968 767 4037 γεγενημένῳ
813 3970 959 4038 μόνοι
993 3969 1093 4041 γὰρ
1150 3969 1197 4018 οὶ
1245 3968 1518 4044 ὑπηρέται,
1574 3972 1713 4022 καὶὸ
1762 3991 1918 4045 02.07}-

324 4052 597 4125 τρίκλινος,
627 4060 716 4106 καὶ
759 4056 784 4106 0
813 4056 1049 4128 νυμφίος,
1078 4062 1166 4108 καὶ
1224 4059 1272 4109 οἱ
1302 4060 1535 4129 μαθηταὶ
1566 4059 1725 4112 αὐτοῦ
1785 4061 1918 4131 (96).

327 4145 396 4194 Τό
452 4161 511 4213 γε
565 4143 631 4203 εἰς
681 4143 833 4195 αὐτόν
891 4145 1036 4210 ἧκον,
1107 4144 1416 4222 ἐφανέρωσεν
1474 4147 1636 4207 αὐτὴν
1691 4146 1784 4202 διὰ
1831 4159 1921 4202 τοῦ

328 4234 564 4283 τοιούτου
601 4234 882 4306 θαύματος.
927 4234 985 4287 Εἰ
1013 4237 1114 4308 γὰρ
1140 4241 1229 4288 καὶ
1267 4241 1336 4308 μὴ
1362 4241 1478 4290 τότε
1523 4237 1700 4290 πολλοὶ
1752 4259 1922 4312 προσ-

329 4325 510 4391 έσχον,
563 4320 672 4373 ἀλλ’
708 4323 922 4399 ὕστερον
959 4321 1174 4382 διεδόθη
1230 4329 1287 4377 τὸ
1339 4327 1532 4399 θαῦμα,
1566 4332 1655 4380 καὶ
1707 4328 1925 4390 πολλοὺς

331 4408 581 4466 εἵλκυσεν.
605 4410 725 4464 Ὀτι
755 4409 814 4465 δὲ
843 4411 890 4464 ἐν
923 4412 1085 4488 ἐκείνη
1120 4422 1180 4487 τῇ
1215 4417 1384 4490 ἡμέρᾳ
1422 4413 1592 4477 οὐδεὶς
1629 4425 1727 4469 τῶν
1762 4418 1924 4470 ἄλλων

330 4503 620 4567 επίστευσε,
657 4497 815 4560 δῆλον
846 4500 946 4554 ἀπὸ
977 4512 1076 4555 τῶν
1100 4503 1237 4566 ἑξῆς.
1269 4505 1538 4577 Ἐπὴγαγε
1561 4506 1682 4581 γάρ.
1959 4549 2002 4602 D

403 4683 504 4732 Καὶ
533 4711 603 4721 —-
632 4681 810 4738 αὐτοῦ,
841 4684 905 4734 Οἱ
925 4687 1014 4734 καὶ
1041 4685 1138 4757 πρὸ
1160 4685 1345 4735 τούτου
1380 4683 1726 4756 θαυμάζοντες
1751 4684 1923 4741 αὐτόν.

325 4767 490 4843 Ὁρᾷς
510 4771 590 4822 ὅτι
616 4775 730 4823 τότε
755 4776 864 4845 χρὴ
890 4774 1122 4843 γίνεσθαι
1156 4775 1221 4824 τὰ
1252 4780 1462 4845 σημεῖα,
1492 4775 1612 4826 ὅταν
1643 4776 1690 4826 οἱ
1716 4775 1928 4850 ὁρωντες

333 4857 668 4933 εὐγνωμονεῖν
689 4865 778 4912 καὶ
803 4865 1083 4933 προσέχειν
1112 4861 1356 4934 μέλλοιεν.

403 5101 450 5135 ³⁸
475 5100 646 5158 Joan.
681 5116 722 5166 ι,
752 5100 843 5158 31.
921 5103 969 5138 ³⁷
999 5103 1202 5161 Matth.
1255 5119 1336 5173 ur,
1370 5104 1423 5164 1.

1338 351 1708 410 COMMENT.
1752 351 1820 406 IN
1861 349 2212 406 JOANNEM.
2260 384 2327 392 —
2365 353 2520 410 CAP.
2563 355 2632 410 Il.

3533 360 3676 417 1154

2018 492 2162 533 nam
2203 483 2292 533 est
2355 479 2467 536 hoc
2521 480 2598 553 (r)
2641 482 2669 537 ?
2727 488 3142 540 verumtamen
3191 485 3252 540 id
3292 485 3676 558 prastermisit

2018 567 2383 636 evangelista
2418 575 2618 642 utpote
2663 587 2781 627 non
2815 574 3240 629 necessarium.

2093 657 2181 712 Uti
2205 673 2345 713 nam
2373 663 2573 715 autem
2606 666 2662 715 et
2696 677 2807 731 ego
2832 663 2936 734 qui
2976 661 3218 732 frigidus
3247 680 3400 728 sum,
3423 663 3596 719 laxus
3616 667 3674 719 et

2017 745 2261 816 effusus,
2291 747 2433 802 nihil
2465 748 2520 803 in
2557 750 2668 805 hoc
2703 751 2784 805 ab
2814 767 2978 823 aqua
3007 751 3305 818 differens,
3326 753 3384 808 in
3409 752 3670 808 calorem

2018 840 2383 893 converterer
2437 838 2828 910 spiritualem,
2883 841 3114 896 virtutis
3161 842 3669 907 constrictionem,

2017 941 2087 980 ac
2133 942 2366 984 morum
2421 927 2787 994 ﬁrmitatem,
2836 932 2900 984 ut
2947 928 3167 984 etalim
3199 929 3501 986 lmtificare
3534 946 3674 1002 pos-

2017 1028 2164 1070 SQHL

2090 1105 2248 1160 Vers.
2281 1107 2368 1160 11.
2397 1107 2522 1163 Hoc
2575 1135 2642 1148 —
2705 1106 2997 1164 Galilww.
3058 1110 3184 1163 Non
3216 1107 3407 1164 solum
3450 1109 3670 1179 scripto

2018 1195 2280 1265 prodidit
2311 1196 2687 1265 miraculum,
2720 1196 2824 1252 sed
2855 1197 3038 1252 etiam
3072 1196 3277 1253 docuit
3307 1197 3668 1270 principium

2017 1283 2131 1338 hoc
2161 1284 2344 1341 fuisse
2375 1287 2705 1356 signorum.
2764 1288 2915 1342 Nam
2959 1287 3102 1359 quia
3142 1287 3203 1342 id
3243 1287 3392 1342 scitu
3420 1287 3672 1356 dignum

2018 1379 2165 1444 erat,
2198 1382 2254 1430 et
2283 1375 2360 1430 ab
2407 1375 2536 1431 aliis
2589 1376 2976 1448 praeteritum,
3025 1375 3435 1447 scripsitillud,
3466 1379 3676 1447 utpote

2017 1463 2094 1517 ad
2125 1463 2239 1518 hoc
2262 1464 2422 1533 utile,
2442 1480 2517 1520 ne
2543 1463 2693 1520 ﬁdes
2725 1465 3083 1522 adhibeatur
3111 1465 3204 1520 his
3229 1481 3365 1535 quae
3393 1464 3678 1518 dicuntur

2017 1552 2180 1623 pueri
2208 1552 2421 1609 Christi
2452 1554 2772 1623 miracula;
2806 1556 2920 1611 hoc
2951 1555 3110 1611 enim
3162 1553 3273 1609 fuit
3293 1553 3526 1608 initium
3559 1552 3678 1622 sig-

2016 1657 2229 1698 norum
2279 1645 2425 1701 :illa
2478 1661 2614 1702 vero
2664 1650 2804 1701 sunt
2856 1661 3009 1718 opus
3065 1645 3174 1699 viri
3227 1641 3677 1716 quiaveritate

2017 1731 2334 1788 aberravit.
2370 1733 2518 1790 Nam
2542 1735 2589 1790 si
2631 1750 2777 1807 puer
2809 1733 3105 1790 mirabilia
3138 1736 3422 1804 operatus
3445 1730 3674 1795 fuisset,

2015 1821 2070 1876 id
2123 1824 2324 1879 statim
2379 1825 2664 1881 omnibus
2717 1826 3092 1888 innotuisset,
3149 1838 3343 1895 neque
3402 1819 3676 1876 lsraelitis

2013 1911 2224 1971 fuisset
2253 1931 2400 1986 opus
2429 1917 2678 1985 Joanne,
2709 1919 2775 1970 ut
2819 1931 2956 1970 eum
3011 1911 3432 1968 manifestaret.
3489 1908 3682 1981 Siqui-

2013 2009 2151 2065 dem
2176 2008 2431 2063 Joannes
2457 2005 2582 2077 ipse
2605 2004 2746 2060 dixit
2781 2023 2793 2061 :
2824 2004 2897 2060 Ut
2916 2002 3409 2072 manifestaretur
3436 2000 3676 2068 Israeli,

2013 2105 2252 2170 propter
2291 2096 2394 2152 hoc
2428 2094 2557 2151 veni
2602 2110 2698 2165 ego
2742 2093 2806 2150 in
2844 2109 2995 2164 aqua
3047 2091 3354 2160 baptizans
3383 2091 3450 2145 ³⁸.
3475 2089 3678 2145 Merito

2015 2203 2156 2259 ergo
2178 2185 2542 2258 exspectavit
2568 2184 2880 2240 decenteni
2908 2183 3088 2247 viros,
3117 2185 3352 2236 aetatem
3385 2194 3458 2235 ne
3488 2178 3682 2251 phan—

2016 2279 2269 2333 tasmata
2295 2291 2426 2331 esse
2457 2276 2736 2346 putarent
2761 2288 2832 2327 ea
2868 2287 3006 2344 quae
3036 2270 3264 2326 ﬁerent.
3291 2271 3437 2324 Nam
3469 2268 3517 2322 si
3549 2266 3681 2338 plu-

2016 2365 2152 2423 rimi
2193 2366 2252 2420 id
2281 2363 2746 2436 suspicabantur
2771 2377 2909 2416 cum
2937 2361 2996 2414 in
3025 2358 3294 2428 legitima
3323 2373 3392 2412 ac
3416 2354 3684 2426 perfecta

2017 2460 2190 2512 astate
2219 2454 2513 2509 mirabilia
2539 2454 2908 2524 operaretur,
2943 2448 3132 2503 multo
3161 2448 3352 2517 magis
3379 2446 3439 2499 in
3464 2446 3684 2515 imper-

2020 2546 2260 2608 fecta,et
2288 2543 2642 2614 priusquam
2677 2546 2913 2610 tempus
2936 2536 3294 2592 conveniens
3315 2533 3680 2598 advenisset,

2020 2649 2158 2689 cum
2190 2630 2417 2686 invidia
2449 2630 2837 2692 tabescerent,
2871 2627 2930 2681 in
2946 2625 3313 2681 Salvatorem
3333 2622 3686 2678 insurrexis-

2019 2726 2150 2777 sent
2177 2724 2234 2776 et
2276 2721 2356 2776 ita
2395 2735 2515 2774 non
2547 2717 2742 2773 solum
2774 2714 3063 2772 increduli
3097 2713 3346 2769 fuissent
3373 2711 3681 2783 dispensa-

2022 2810 2168 2867 tioui
2227 2807 2688 2873 Incarnationis,
2742 2805 2848 2862 sed
2903 2806 3076 2860 etiam
3130 2801 3514 2874 Evangelium
3574 2801 3684 2856 im-

2022 2899 2405 2973 pedivissent.

2097 3168 2304 3233 Quaere
2377 3164 2556 3220 etiam
2618 3162 2785 3218 tertio
2852 3162 3023 3232 juxta
3078 3160 3418 3216 Matthaaum
3463 3159 3678 3232 capite,

2022 3272 2213 3330 quam
2243 3254 2322 3310 ob
2350 3270 2596 3310 causam
2629 3257 2763 3324 post
2795 3252 3160 3307 tricesimum
3202 3267 3428 3306 annum
3456 3251 3684 3305 venerit

2025 3346 2290 3401 Christus
2329 3343 2407 3398 ad
2436 3343 2757 3414 baptisma,
2789 3340 2890 3396 ubi
2920 3339 3132 3395 dicitur
3162 3357 3175 3395 :
3210 3340 3283 3396 In
3335 3339 3532 3395 diebus
3561 3338 3683 3394 illis

2025 3435 2190 3493 venit
2201 3433 2436 3489 Joannes
2449 3431 2719 3501 Baptista
2732 3431 3073 3500 praedicans
3086 3429 3147 3484 in
3162 3430 3387 3486 deserto
3400 3428 3681 3493 Iudaeae",
3739 3499 3744 3505 Α

2026 3529 2084 3580 et
2122 3538 2337 3578 causas
2392 3520 2656 3577 invenies
2687 3519 3029 3592 aptissimas
3079 3536 3148 3574 ac
3178 3517 3389 3574 rationi
3423 3516 3686 3573 maxime

2029 3629 2354 3670 consonas.

2099 3703 2262 3757 Vers.
2327 3703 2410 3756 11.
2459 3701 2534 3756 Et
2597 3714 2882 3755 —suam.
2917 3698 3242 3753 Potentiam
3303 3701 3358 3752 et
3411 3697 3687 3753 virtutem

2029 3809 2227 3857 suam,
2250 3789 2727 3862 magnitudinem
2759 3787 3086 3844 divinitatis
3119 3804 3262 3842 suae.

2101 3883 2308 3937 Verum
2361 3879 2671 3952 quomodo
2727 3886 2828 3935 aut
2881 3894 3004 3950 quo
3048 3883 3222 3950 pacto
3263 3877 3375 3933 hoc
3397 3875 3526 3940 fuit,
3552 3893 3691 3932 cum

2031 3971 2211 4044 pauci
2245 3970 2323 4028 ad
2355 3970 2434 4036 id,
2464 3969 2866 4042 quodfactum
2918 3974 3060 4032 erat,
3111 3967 3525 4030 advertissent,
3578 3965 3691 4020 soli

2033 4060 2301 4116 videlicet
2331 4059 2584 4114 ministri
2611 4066 2666 4114 et
2692 4057 3127 4114 architriclinus
3153 4072 3224 4112 ac
3272 4072 3530 4128 sponsus
3554 4071 3693 4110 cum

2032 4149 2346 4222 discipulis
2369 4149 2498 4221 ejus
2526 4153 2549 4200 7
2571 4148 2741 4214 Quod
2765 4148 2824 4203 in
2858 4164 2920 4203 se
2951 4153 3094 4212 erat,
3125 4146 3526 4202 manifestavit
3557 4161 3693 4200 eam

2033 4256 2139 4313 per
2167 4239 2517 4310 hujusmodi
2546 4236 2930 4303 miraculum;
2964 4252 3316 4309 quanquam
3343 4235 3499 4290 enim
3517 4234 3696 4305 pauci

2034 4337 2173 4386 tunc
2205 4329 2835 4399 advertebant,postea
2865 4333 3066 4384 tamen
3081 4326 3455 4395 divulgatum
3483 4329 3572 4380 est
3592 4324 3697 4380 mi-

2036 4419 2331 4487 raculum,
2367 4418 2706 4490 multosque
2737 4417 2988 4472 attraxit.
3026 4415 3196 4482 Quod
3236 4421 3434 4470 autem
3477 4413 3569 4469 die
3599 4413 3695 4468 illo

2037 4509 2236 4564 nullus
2261 4507 2514 4564 aliorum
2543 4506 2875 4571 crediderit,
2900 4521 2970 4560 ex
2999 4504 3387 4578 sequentibus
3409 4502 3699 4558 manifes-

2038 4604 2164 4656 tum
2195 4601 2283 4654 est
2315 4613 2330 4664 ;
2362 4613 2504 4653 nam
2533 4595 2841 4667 subjunxit
2872 4612 2886 4650 :

2109 4686 2268 4740 Vers.
2330 4685 2416 4739 11.
2463 4685 2540 4739 Et
2619 4716 2686 4723 —
2717 4685 2862 4752 ejus.
2919 4681 3027 4747 Qui
3070 4681 3248 4737 etiam
3294 4685 3471 4735 antea
3500 4679 3695 4750 ipsum

2040 4773 2519 4832 admirabantur.
2552 4772 2728 4826 Vides
2741 4769 2908 4843 quod
2930 4777 3067 4825 tunc
3081 4774 3352 4842 oporteat
3371 4766 3498 4824 ﬁeri
3525 4768 3700 4839 signa

2041 4880 2182 4920 cum
2224 4863 2492 4919 futurum
2544 4867 2634 4917 est
2672 4867 2735 4916 ut
2781 4865 3143 4933 spectatores
3173 4855 3449 4916 benevoli
3477 4856 3596 4914 sint
3643 4867 3702 4914 et

2042 4953 2319 5011 animum
2354 4951 2686 5008 advertant.

1559 5232 1787 5303 Varias
1816 5233 2146 5303 lectiones
2171 5241 2239 5302 et
2269 5244 2469 5302 notae.

408 5425 520 5502 (92)
561 5421 740 5478 Aliter
795 5423 870 5502 de
910 5423 1025 5502 his,
1050 5425 1278 5502 videtur
1334 5428 1592 5502 sensisse
1631 5430 1928 5502 Origenes,

335 5498 761 5574 cgntraqucm,
781 5499 851 5574 ut
879 5495 1158 5574 arbitror,
1177 5495 1762 5574 disputathrysost'.
1785 5495 1931 5559 tom.

335 5567 474 5630 Vlll,
506 5579 566 5636 p.
613 5569 732 5648 1‘21:
780 5568 860 5648 Β,
908 5567 1024 5648 sed
1065 5567 1332 5648 Origenis
1385 5571 1461 5629 ad
1519 5567 1682 5631 hunc
1732 5573 1932 5631 locum

336 5641 805 5692 commentarius
839 5641 1164 5698 intercedit.

409 5707 521 5780 (93)
549 5709 756 5794 Nescio
799 5713 1345 5794 anpoqinterpres
1385 5715 1590 5788 legerit
1622 5723 1933 5794 φανερώσαν-

337 5797 442 5846 τος,
482 5780 649 5856 quod
678 5795 788 5837 nec
817 5781 966 5839 mihi
991 5780 1364 5858 displicebat.

2116 5432 2228 5504 (94)
2261 5434 2363 5485 Καί
2414 5430 2583 5487 abest
2619 5437 2679 5485 Α.

2094 5574 2106 5591 ’
2340 5507 2468 5556 Τίνα
2573 5507 2762 5577 τρόπον

2045 5595 2206 5634 αντην
2241 5591 2255 5641 ;

2116 5647 2374 5720 (θϐλΑυι
2403 5663 2474 5702 ex
2496 5644 2904 5720 superioribus
2959 5643 3342 5720 repetendum
3378 5645 3697 5720 προσέσχον,

2045 5712 2147 5775 aut
2177 5712 2338 5774 aliud
2392 5712 2642 5774 verbum
2694 5712 3121 5789 supplendum,
3169 5714 3343 5770 veluti
3399 5712 3700 5783 ἐγίνωσκον,

2872 5506 2939 5557 Α.
3031 5499 3312 5572 lntellige,
3389 5499 3703 5574 ἐφανερωσεν
