4120 6310
583 320 723 375 1159

1901 313 2251 372 EU'l'HYMIl
2291 313 2625 372 ZIGABENI

3809 321 3932 378 1160

579 448 886 502 merantur
915 441 994 500 ad
1019 442 1186 499 initio
1203 441 1619 499 aediﬁcationis
1646 459 1833 516 usque
1850 443 1926 500 ad
1953 459 2231 500 consum-

2347 444 2644 518 σαράκοντα
2668 445 2758 496 καὶ
2774 445 2826 509 ἓξ
2847 441 3165 517 ᾠκοδομήθη
3199 444 3224 496 ό
3253 447 3395 507 ναὸς,
3426 443 3933 520 ἁριθμουμένοιςᾶπό

579 535 930 591 mationem.

651 625 813 680 Vers.
843 625 932 677 22.
982 623 1234 691 Quando
1259 654 1327 663 —-
1356 625 1499 693 ejus.
1543 626 1689 679 Cum
1707 627 1909 678 autem
1937 623 2052 679 hoc
2083 621 2238 677 dice—

581 719 685 780 ret,
717 712 1094 778 haesitabant,
1138 713 1428 784 quidnam
1471 712 1707 776 diceret,
1749 728 1856 768 nec
1896 712 2235 768 credebant.

581 803 761 860 Multa
791 818 1030 876 quoque
1071 802 1208 858 talia
1237 801 1518 874 loquitur,
1569 803 1832 874 primum
1862 801 2108 875 quidem
2141 816 2236 857 au-

581 893 880 949 dientibus
907 893 1152 961 incerta,
1184 891 1569 963 postmodum
1609 907 1744 947 vero
1788 891 2122 954 manifesta,
2175 894 2240 946 ut

581 983 933 1039 ostendatur
957 981 1302 1053 praevidisse
1333 997 1467 1053 quae
1493 981 1750 1037 dicebat.

653 1070 722 1124 Et
759 1083 945 1141 quare
997 1067 1258 1136 mnigma
1309 1082 1426 1122 non
1486 1065 1755 1123 dissolvit
1818 1065 2022 1122 dicens
2073 1064 2238 1138 quod

583 1157 875 1229 templum
906 1156 1256 1226 intelligeret
1300 1172 1516 1227 corpus
1538 1173 1715 1211 suum
1744 1155 1772 1210 ?
1793 1156 1942 1222 Quia
1996 1162 2138 1211 tunc
2186 1155 2238 1210 ei

582 1247 730 1302 ﬁdes
751 1245 1035 1302 habenda
1060 1262 1182 1301 non
1215 1251 1358 1302 erat.
1384 1245 1696 1318 Siquidem
1731 1246 1854 1301 duo
1883 1252 2021 1301 tunc
2041 1245 2239 1302 obsta-

580 1335 766 1392 bant:
833 1351 1020 1391 unum
1069 1335 1310 1407 quidem
1361 1334 1809 1391 resurrectionis
1857 1350 2030 1407 opus,
2098 1334 2239 1391 alte-

580 1442 714 1482 rum
747 1442 885 1481 vero
915 1425 1079 1498 quod
1114 1428 1264 1481 Deus
1294 1431 1468 1493 esset,
1489 1425 1588 1496 qui
1616 1424 1729 1480 tale
1761 1423 2240 1496 templuminha-

579 1514 812 1572 bitaret.

653 1605 820 1660 Vers.
871 1608 960 1660 23.
1000 1604 1140 1660 Cum
1170 1637 1231 1644 —
1261 1603 1532 1675 faciebat.
1579 1603 1966 1659 Crediderunt
2011 1603 2070 1659 in
2102 1619 2238 1660 eum

580 1709 704 1750 non
741 1701 940 1750 tamen
971 1692 1220 1749 ﬁrmiter
1252 1709 1264 1746 :
1315 1709 1455 1748 nam
1507 1691 1586 1748 illi
1631 1693 1864 1749 ﬁrmius
1895 1693 2238 1759 credebant,

579 1783 683 1856 qui
715 1800 828 1839 non
862 1789 1102 1856 propter
1129 1784 1299 1853 signa
1329 1789 1580 1850 tantum,
1635 1799 1841 1838 verum
1899 1783 2076 1838 etiam
2113 1797 2240 1855 pro-

579 1880 707 1944 pter
718 1874 1052 1928 doctrinam
1069 1873 1118 1943 ej
1131 1889 1196 1926 us
1207 1872 1527 1928 credebant
1545 1893 1558 1928 :
1574 1889 1714 1928 nam
1731 1872 1901 1945 signa
1913 1873 2237 1928 crassiores

580 1961 976 2028 attrahebant,
1023 1961 1298 2017 doctrina
1353 1978 1497 2018 vero
1556 1978 1625 2018 ac
1673 1962 2002 2035 prophetia:
2043 1968 2239 2019 mente

577 2051 933 2107 subtiliores.
976 2051 1111 2106 Ideo
1163 2067 1406 2123 quoque
1461 2051 1889 2106 constantiores
1942 2057 2082 2108 sunt
2153 2051 2236 2114 hi,

576 2139 798 2211 quibus
839 2139 1014 2194 etiam
1057 2143 1296 2210 aptatur
1333 2139 1393 2194 id
1439 2140 1603 2211 quod
1640 2139 1898 2196 dicitur:
1934 2139 2096 2195 Beati
2134 2140 2240 2211 qui

579 2244 694 2284 non
724 2228 997 2285 viderunt
1026 2231 1080 2284 et
1106 2228 1485 2285 crediderunt
1524 2230 1594 2282 ⁴².

647 2318 809 2373 Vers.
867 2321 954 2373 24.
1003 2317 1134 2387 Ipse
1180 2349 1249 2358 ——
1291 2317 1388 2374 eis.
1443 2321 1643 2390 Neque
1686 2317 1986 2386 credebat,
2045 2333 2235 2390 neque

575 2412 868 2480 tanquam
914 2407 1194 2478 legitimis
1238 2408 1545 2481 discipulis
1576 2407 1953 2464 conﬁdebat:
2001 2406 2233 2481 quare?

649 2497 810 2552 Vers.
843 2501 930 2554 24.
967 2499 1042 2553 Eo
1073 2497 1228 2570 quod
1260 2530 1323 2539 -
1354 2498 1576 2554 omnia.
1623 2499 1875 2554 Omnem
1923 2497 2233 2553 hominem

578 2587 698 2643 sive
724 2593 1003 2643 constans
1025 2592 1196 2654 esset,
1231 2588 1357 2643 sive
1388 2589 1762 2645 inconstans.

651 2676 749 2732 Vel
776 2677 981 2733 omnia
1006 2693 1135 2749 quin
1169 2678 1226 2732 in
1257 2677 1539 2733 omnibus
1571 2682 1731 2732 sunt.

649 2765 814 2820 Vers.
855 2767 944 2819 25.
966 2765 1045 2820 Et
1069 2797 1136 2806 -
1166 2765 1498 2821 homine.De
1529 2765 1934 2838 qualicunque
1965 2764 2228 2821 homine.

648 2854 812 2910 Vers.
845 2857 933 2909 25.
968 2857 1095 2924 Ipse
1121 2886 1185 2895 —
1209 2855 1459 2911 homine.
1492 2858 1555 2910 In
1574 2871 1938 2928 quocunque
1960 2855 2226 2919 homine,

574 2947 780 3016 utpote
809 2943 1081 3000 cordium
1111 2944 1382 3012 cognitor
1411 2943 1586 2999 Deus.

997 3034 1153 3090 CAP.
1203 3035 1292 3088 lll.
1337 3034 1420 3090 De
1464 3032 1794 3090 Nicodemo.

642 3125 785 3214 Cap.
811 3122 902 3178 Ill.
1009 3125 1061 3177 1.
1077 3123 1224 3180 Erat
1245 3154 1310 3164 ——
1325 3122 1487 3214 Vers.
1506 3127 1558 3178 2.
1573 3127 1755 3180 nocte.
1779 3122 2051 3214 Timebat
2065 3123 2224 3179 enim
2261 3157 2302 3214 ρ

567 3211 767 3284 palam
783 3212 1064 3268 accedere
1077 3212 1674 3284 propterJudeeorum
1689 3211 2224 3286 suspicionem,qui

565 3301 836 3359 aversuri
867 3307 1036 3358 erant
1074 3301 1427 3358 accedentes
1459 3302 1535 3358 ad
1565 3318 1724 3358 eum.

636 3393 805 3449 Vers.
844 3397 896 3447 2.
928 3393 1006 3448 Et
1071 3424 1137 3434 —
1193 3393 1481 3464 magister.
1542 3391 1795 3448 Putabat
1841 3391 2000 3448 enim
2063 3391 2224 3464 quod

566 3481 860 3554 propheta
890 3487 1043 3537 esset
1070 3482 1288 3537 missus
1316 3498 1351 3537 a
1381 3483 1501 3538 Deo
1532 3482 1608 3538 ad
1643 3481 2007 3537 docendum.

639 3571 864 3626 Vers.2.
900 3572 1082 3628 Nemo
1122 3603 1189 3611 —
1219 3587 1303 3628 eo.
1325 3571 1472 3626 Cum
1505 3571 1858 3642 prophetam
1883 3587 2021 3626 eum
2055 3576 2226 3642 puta-

568 3665 675 3726 ret,
707 3661 914 3716 merilo
937 3661 1629 3717 arbitrabaturhaaceum
1676 3677 1794 3715 non
1846 3662 2089 3733 propria
2141 3661 2222 3717 fa-

570 3767 699 3806 cere
715 3755 1024 3823 potestate,
1043 3751 1144 3806 sed
1177 3767 1306 3807 esse
1340 3767 1375 3806 a
1401 3752 1519 3805 Deo
1553 3751 1827 3822 precibus
1857 3749 2101 3806 obtenta
2126 3749 2219 3823 (ε).

639 3841 798 3896 Vers.
831 3843 886 3898 3.
923 3840 1236 3910 Respondit
1262 3871 1330 3880 -—
1361 3839 1487 3896 Dei.
1545 3839 1937 3894 Existimabat
1978 3839 2220 3894 Nicode-

568 3945 705 3985 mus
736 3946 800 3984 se
831 3945 1010 3984 nosse
1044 3933 1227 3985 Deum
1249 3929 1348 4000 (1),
1374 3944 1443 3984 ac
1473 3928 1547 3982 de
1573 3943 1644 3983 eo
1666 3933 1820 3983 recte
1851 3928 2086 3983 sentire.
2117 3929 2223 3984 Os-

566 4018 818 4074 tendens
849 4024 1046 4074 autem
1100 4018 1379 4082 Christus,
1433 4016 1594 4088 quod
1647 4017 1825 4086 longe
1891 4032 1927 4072 a
1980 4016 2224 4073 veritate

565 4106 885 4168 aberraret,
916 4107 1028 4162 ait:
1081 4107 1204 4162 Nisi
1248 4105 1386 4178 quis
1443 4113 1820 4175 regeneratus
1885 4105 2063 4162 fuerit
2118 4121 2221 4178 per

563 4196 1076 4265 regenerationem
1093 4195 1280 4250 divini
1313 4193 1710 4266 baptismatis,
1731 4210 1852 4249 non
1874 4195 2222 4267 potestscire

565 4287 680 4340 sive
711 4299 1068 4352 cognoscere
1099 4285 1226 4356 ejus
1254 4283 1604 4354 dignitatem
1636 4299 1707 4340 ac
1724 4284 2219 4353 magnitudinem.

564 4377 730 4430 Nunc
747 4374 908 4429 enim
931 4373 1199 4447 seipsum
1235 4374 1376 4429 dicit
1403 4374 1612 4440 Deum,
1633 4373 1691 4427 id
1715 4379 1914 4428 tamen
1945 4373 2220 4443 obscure,

564 4479 685 4537 quo
716 4462 1100 4520 insolentiam
1130 4464 1368 4519 devitet.
1431 4463 1640 4518 Divina
1675 4461 1972 4535 siquidem
2011 4464 2219 4535 gratia,

563 4569 699 4626 qua:
713 4569 819 4625 per
835 4569 1070 4609 sacrum
1090 4553 1268 4609 datur
1284 4552 1667 4625 baptisma,et
1681 4557 1938 4607 mentem
1958 4553 2222 4617 roborat,

565 4648 618 4699 et
645 4650 801 4698 recte
826 4643 1024 4699 videre
1055 4643 1274 4710 tribuit,
1302 4641 1594 4714 dissipata
1623 4642 2042 4714 imbecillitate,
2087 4659 2224 4715 quas

565 4731 1015 4790 obtenebrabat.

635 4949 682 4986 ‘3
713 4947 880 5006 Joan.
911 4962 1012 5018 xx,
1044 4946 1134 5004 29.

2345 541 2434 593 τῆς
2461 532 2706 609 ἕνάρξεως
2732 538 2896 607 μέχρι
2925 543 3020 595 τῆς
3051 533 3373 594 τελειώσεως,

2413 621 2536 675 Ὀτε
2565 655 2628 664 -
2661 623 2841 676 αὑτοῦ.
2875 622 2996 676 Ὀτε
3025 619 3083 675 δὲ
3108 630 3261 675 τοῦτο
3287 622 3475 695 ἔλεγεν,
3493 623 3732 700 ἠπόρουν
3755 630 3803 677 τί
3831 646 3935 678 ποτε

2345 712 2500 784 λέγει,
2521 716 2609 764 καὶ
2637 713 2730 764 οὐκ
2775 712 3058 769 ἐπίστευον.
3093 712 3262 765 Πολλά
3293 709 3352 764 δὲ
3387 720 3604 765 τοιαῦτα
3658 715 3931 786 φθέγγεται,

2344 807 2645 875 παραυτίκα
2669 806 2757 876 μὶν
2775 799 2950 860 οῐδηλα
2970 811 3074 863 τοῖς
3092 801 3364 868 ἀκούουσι,
3381 821 3510 875 μετα
3532 810 3693 855 τοῦτο
3716 799 3776 855 δὲ
3797 799 3930 868 δῆλα,

2349 893 2431 943 ἶνα
2461 888 2652 964 δειχθῇ
2697 889 2954 964 προειδὼς
2983 891 3017 943 ἃ
3041 890 3203 964 ἔλεγε.

2421 1075 2520 1124 Καὶ
2551 1066 2585 1122 δ
2591 1074 2698 1122 tari
2740 1069 2834 1122 οὐκ
2877 1069 3025 1123 Eluas
3077 1072 3134 1121 τό
3167 1073 3404 1142 αἴνιγμα,
3437 1071 3513 1122 ὃτι
3569 1073 3697 1122 ναὸν
3731 1069 3863 1141 λέγει
3889 1073 3933 1120 τὸ

2349 1168 2502 1232 σῶμα
2557 1159 2750 1226 aitet};
2811 1163 2946 1212 Διότι
2999 1159 3093 1211 ούκ
3163 1158 3335 1231 ἔμελλε
3413 1161 3788 1218 πιστευθῆναι.
3854 1161 3932 1211 Δύο

2345 1252 2447 1324 γὰρ
2512 1255 2647 1307 ἦσαν
2703 1251 2767 1300 τὰ
2816 1251 3082 1322 προσιστά
3139 1267 3224 1300 ενα
3292 1252 3437 1315 τέως,
3492 1247 3538 1300 ἓν
3591 1251 3686 1320 μὲν
3756 1251 3813 1300 τό
3860 1256 3932 1306 τῆς

2348 1339 2616 1412 ἐγὲρσεως,
2669 1341 2836 1411 ἕτερον
2887 1335 2946 1391 δε
2999 1342 3058 1390 τὸ
3086 1341 3214 1392 Θεὸν
3260 1335 3390 1390 εἶναι
3427 1341 3512 1389 τὸν
3555 1336 3854 1390 ἐνοικοῦντα
3875 1344 3929 1406 τῷ

2347 1432 2566 1499 τοιούτῳ
2603 1436 2729 1498 ναῷ.

2417 1603 2504 1667 Ὧς
2559 1636 2626 1646 -
2661 1603 2883 1658 ἐποίει...
2939 1608 3283 1658 Ἐπὶστενσαν
3342 1604 3414 1666 εἰς
3480 1604 3664 1674 αὐτὸν,
3729 1603 3830 1656 ἀλλ’
3885 1602 3929 1654 οὐ

2355 1694 2594 1758 ϐεϐαίως.
2648 1699 2861 1748 Ἐκεῖνοι
2912 1698 3012 1769 γὰρ
3075 1692 3438 1767 ἀκριϐέστερον
3493 1694 3613 1765 (10)
3665 1692 3928 1759 ἐπίστευον,

2278 1802 2321 1855 Β
2351 1789 2464 1837 ὅσοι
2493 1789 2564 1857 μὴ
2600 1781 2694 1837 διὰ
2729 1786 2793 1836 τὰ
2817 1791 3008 1856 σημεῖα
3036 1787 3208 1856 μόνον,
3238 1782 3366 1835 ἀλλά
3419 1789 3508 1835 καὶ
3549 1779 3647 1835 διὰ
3676 1787 3770 1840 τὴν
3798 1778 3926 1834 διδα-

2353 1874 2568 1927 σκαλιαν
2611 1869 2772 1925 αύτοῦ
2820 1871 3105 1926 ἐπίστευον.
3155 1878 3287 1934 Τοὺς
3329 1875 3419 1945 μὲν
3466 1873 3568 1945 γὰρ
3618 1873 3928 1943 παχυτέρους

2348 1966 2413 2016 τὰ
2445 1970 2638 2036 σημεῖα
2667 1961 2938 2035 ἐφείλκετο·
2971 1961 3092 2022 τούς
3122 1957 3182 2014 δε
3210 1961 3544 2035 λεπτοτέρους
3577 1962 3694 2030 (11)
3735 1959 3801 2020 εἰς
3827 1965 3925 2008 νοῦν

2347 2054 2376 2111 ἡ
2412 2049 2740 2106 διδασκαλία
2765 2056 2855 2104 καὶ
2887 2054 2941 2104 αἱ
2971 2058 3302 2125 προφητεῖαι.
3337 2054 3424 2103 Διὸ
3457 2055 3550 2103 καὶ
3580 2050 3727 2102 ούτοι
3757 2047 3923 2122 μᾶλλον

2346 2141 2546 2195 ἐκείνων
2597 2140 2948 2216 βεϐαιότεροι·
3006 2142 3079 2202 οἷς
3108 2141 3326 2215 ἁρμόζει
3363 2145 3453 2193 καί
3487 2144 3570 2211 τὸ,
3605 2140 3859 2212 Μακάριοι
3882 2137 3919 2187 οἱ

2343 2237 2415 2305 μὴ
2444 2228 2656 2298 ἰδόντες,
2687 2235 2777 2283 καὶ
2807 2233 3198 2290 πιστεύσαντες.

2417 2320 2578 2382 Αὐτός
2619 2350 2687 2362 -
2745 2319 2944 2381 αὐτοῖς.
2974 2319 3048 2372 Οὐ
3085 2324 3469 2386 κατεπίστευεν,
3499 2318 3598 2371 ούκ
3630 2316 3823 2392 ἐθάρρει
3861 2316 3914 2374 ὡς

2341 2415 2581 2482 γνησίοις
2610 2411 2884 2483 μαθηταῖς·
2921 2406 2956 2462 δ
2962 2414 3100 2476 ιατί;

2414 2503 2508 2554 Διά
2534 2503 2592 2553 τὸ
2625 2532 2692 2539 -
2717 2502 2906 2563 πάντα,
2952 2501 3125 2552 Πάντα
3156 2498 3571 2571 (12)ἀ⁴νθρωπον,
3602 2499 3700 2550 εἰτε
3731 2493 3910 2569 βέϐαιός

2341 2590 2502 2660 ἐστιν,
2533 2592 2628 2642 εἴτε
2661 2587 2919 2651 ἀϐέϐαιος.

2409 2677 2478 2731 ’Ἠ
2499 2681 2669 2731 πάντα
2697 2679 2762 2730 τὰ
2785 2679 2988 2730 πάντων
3003 2722 3014 2733 ,

2411 2772 2512 2821 Καὶ
2541 2799 2606 2808 -
2639 2766 2931 2841 ἀνθρώπου.
2965 2771 3090 2841 Περὶ
3110 2773 3200 2818 τοῦ
3233 2762 3551 2824 οἰουδήποτε
3578 2763 3844 2839 ἀνθρώπου.

2411 2857 2575 2918 Αὐτὸς
2620 2887 2690 2897 -
2740 2854 3012 2930 ἀνθρώπῳ.
3068 2856 3148 2907 Ἐν
3201 2862 3273 2925 τῷ
3325 2858 3482 2906 παντὶ
3547 2853 3802 2928 ἀνθρώπῳ,
3848 2851 3896 2905 ὡς

2335 2945 2764 3023 καρδιογνώστης
2799 2951 2947 3007 Θεός.

2751 3041 2896 3089 ΚΕΦ.
2922 3034 2994 3090 Γ’.
3033 3040 3155 3109 Περὶ
3183 3029 3529 3105 Νικοδήμου.

2402 3125 2500 3179 Ἦν
2549 3156 2614 3165 -
2662 3129 2866 3186 νυκτὸς.
2925 3123 3167 3196 Εφοϐεῖτο
3218 3127 3320 3196 γὰρ
3376 3121 3542 3174 ἐλθεῖν
3594 3113 3875 3196 φανερὼςδιά

2335 3220 2427 3273 τὴν
2457 3213 2687 3286 ὑποψίαν
2712 3222 2810 3266 τῶν
2839 3210 3115 3266 Ἰουδαίων
3147 3211 3619 3286 ἀποστρεφομένων
3667 3214 3762 3269 τοὺς
3785 3220 3868 3276 τερθ-

2337 3309 2545 3365 σιόντας
2577 3303 2738 3373 αύτῷ.

2407 3398 2507 3448 Καὶ
2537 3422 2604 3434 -
2636 3389 2981 3453 διδάσκαλος.
3014 3389 3167 3463 ³’ῼετο
3207 3392 3308 3465 γὰρ
3359 3391 3439 3442 ότι
3469 3395 3740 3464 προφήτης
3763 3383 3882 3442 ἐστὶν,

2332 3481 2436 3536 ἀπὸ
2467 3487 2594 3536 Θεοῦ
2634 3481 2885 3554 πεμφθεὶς
2915 3480 2988 3541 εἰς
3015 3485 3071 3531 τό
3105 3476 3382 3531 διδάσκειν
3411 3479 3629 3541 αύτούς.

2403 3567 2600 3634 Ούδεὶς
2639 3601 2701 3610 -
2735 3569 2913 3624 αὑτοῦ.
2948 3569 3090 3622 Ἐπεὶ
3125 3573 3396 3642 προφήτην
3427 3567 3591 3621 αὑτὸν
3640 3571 3766 3638 ᾤετο,
3799 3558 3889 3610 ἂκοο

2330 3662 2528 3722 mea;
2553 3657 2904 3732 ὑπελάμϐανεν
2943 3660 3022 3711 ότι
3047 3658 3141 3710 οὐκ
3171 3656 3223 3721 ἐξ
3252 3658 3443 3719 οἰκείας
3475 3653 3734 3729 δυνάμεως
3759 3657 3890 3703 ταῦτα

2331 3759 2488 3818 ποιεῖ,
2513 3749 2621 3802 ἀλλ’
2645 3751 2699 3802 ἐκ
2728 3757 2823 3810 τῆς
2851 3757 2940 3801 τοῦ
2976 3755 3130 3814 Θεοῦ,
3159 3743 3397 3818 δεόμενος
3426 3745 3564 3806 αὐτῆ
3577 3768 3615 3808 ς.

2403 3839 2686 3912 Ἀπεκρίθη
2742 3870 2810 3878 -
2859 3845 3011 3891 Θεοῦ.
3069 3837 3334 3909 Ἐνόμισεν
3392 3837 3417 3887 ὀ
3464 3831 3759 3905 Νικόδημος
3786 3834 3887 3899 ’IW'

2330 3949 2416 3982 ναι
2473 3928 2647 3994 αὐτόν,
2707 3931 2797 3980 καὶ
2854 3926 2983 4000 ὀρθὰ
3032 3933 3229 4002 φρονεῖν
3275 3929 3393 3998 περὶ
3441 3932 3623 3978 αυτοῦ.
3679 3918 3885 3974 Δεικνύων

2333 4016 2392 4073 δὲ
2444 4019 2469 4071 ό
2525 4020 2755 4093 Χριστὸς
2825 4017 2906 4068 ὅτι
2956 4013 3132 4090 πόῤῥω
3199 4013 3453 4067 πλανᾶται
3514 4023 3608 4075 τῆς
3665 4009 3881 4066 ἀληθείας,

2333 4108 2490 4180 φησιν
2534 4109 2634 4174 ὅτι,
2687 4107 2804 4159 Ἐὰν
2857 4109 2928 4178 μή
2987 4124 3066 4165 τις
3105 4104 3418 4176 ἀναγεννηθῇ
3477 4099 3574 4155 διὰ
3612 4108 3693 4159 τῆς
3732 4093 3884 4180 παλιγ-

2330 4200 2562 4269 γενεσίας
2608 4201 2698 4247 τοῦ
2751 4197 2887 4247 θείου
2948 4191 3334 4266 βαπτίσματος,
3386 4192 3446 4244 ού
3503 4188 3709 4244 δυναται
3754 4179 3875 4242 ἰδεῖν,

2331 4289 2449 4344 ἤτοι
2526 4293 2716 4357 γνῶναι
2777 4288 2872 4342 τὴν
2927 4282 3075 4346 ἀξίαν
3133 4287 3223 4334 καὶ
3290 4281 3661 4353 μεγαλειότητα
3716 4274 3866 4326 αὐτοῦ.

2331 4378 2455 4429 Θεὸν
2493 4377 2594 4449 ’γὰρ
2628 4375 2806 4428 ἑαυτὸν
2853 4373 2988 4444 λέγει
3033 4380 3140 4425 νῦν
3177 4375 3496 4444 ἀσυμφανῶς
3552 4367 3623 4435 δὲ,
3651 4369 3720 4418 ἱνα
3759 4362 3866 4432 φύγῃ

2331 4469 2418 4518 τὸν
2470 4469 2690 4538 κόμπον.
2739 4467 2867 4517 Τότε
2914 4464 3016 4536 γὰρ
3048 4463 3079 4520 ἡ
3124 4457 3218 4514 διὰ
3247 4469 3339 4513 τοῦ
3377 4463 3512 4536 ἱεροῦ
3561 4457 3865 4541 βαπτίσματος

2334 4549 2587 4626 διδομένη
2649 4555 2761 4606 θεία
2805 4554 2971 4627 χάρις
3025 4551 3236 4626 ῥωννύει
3275 4554 3362 4602 τόν
3400 4558 3514 4602 νοῦν
3552 4551 3624 4599 καὶ
3665 4543 3764 4611 όρᾷν
3790 4550 3855 4602 9."

2335 4646 2431 4704 θῶς
2477 4647 2719 4718 παρέχει,
2770 4649 2865 4704 τῆς
2916 4639 3299 4700 ἐπισκοτούσης
3364 4639 3600 4692 ἀσθενείας
3658 4632 3844 4676 ἀποσκε-

2334 4730 2370 4786 δ
2374 4735 2597 4791 ασθείση
2607 4752 2650 4795 ς.

1817 5153 2036 5222 Variae
2073 5151 2402 5223 lectiones
2443 5162 2510 5222 et
2547 5161 2756 5222 notas.

630 5381 745 5454 (10)
785 5382 1130 5454 Ἐπίστευσαν

630 5448 743 5525 (11)
788 5452 1111 5526 ᾮξυτέρους,
1140 5448 1560 5526 ἀκριϐεστέρους.

627 5521 747 5597 (12)
789 5521 1015 5579 Etenim
1068 5538 1178 5595 pro
1210 5521 1446 5585 πάντας,
1500 5521 1641 5590 legit
1692 5521 1752 5575 in
1807 5524 1964 5576 textu
2019 5523 2207 5574 πάντα.

630 5702 702 5776 (s)
741 5701 857 5776 Sed
879 5717 990 5756 esse
1012 5731 1077 5741 --
1098 5699 1351 5756 obtenta.
1374 5699 1735 5776 Sed_divina,
1769 5714 1948 5769 egens
1979 5715 2067 5756 ea.
2100 5702 2212 5752 Δεό-

557 5769 708 5850 μινοξ
736 5775 833 5830 hic
857 5787 975 5828 non
1000 5776 1090 5828 est
1101 5785 1369 5841 precans,
1405 5769 1511 5826 sed
1540 5769 1726 5840 egens.

2326 5377 2492 5436 Unde
2513 5378 2755 5435 autem?
2779 5376 2864 5433 Ex
2893 5375 3207 5434 codicibus
3229 5377 3273 5432 N
3285 5417 3298 5430 .
3337 5364 3689 5431 Testamenti
3706 5361 3733 5417 τ
3758 5361 3888 5422 Νοῦν

2327 5451 2434 5506 sed
2459 5465 2531 5506 ex
2562 5451 2867 5522 Chrysost.
2908 5453 3050 5505 tom.
3081 5450 3218 5518 Vlll,
3251 5463 3312 5519 p.
3343 5449 3439 5502 137
3475 5446 3534 5500 C.

2399 5700 2468 5772 (ι)
2497 5699 2683 5758 Nosse
2705 5701 2913 5756 Deum.
2943 5698 3126 5758 Nosse
3156 5711 3316 5752 eum.
