4120 6310
218 367 356 424 1161

299 496 452 564 Λέγει
515 523 571 532 -—
625 494 936 564 γεννηθῆναι
1023 509 1037 558 ;

217 581 400 635 Ῥαϐϐὶ
452 582 606 634 αὐτόν
657 582 848 647 καλεῖς,
906 588 995 634 καὶ
1046 580 1148 634 ἀπὸ
1212 590 1345 634 Θεοῦ
1392 581 1690 641 ἐληλυθέναι
1749 581 1832 634 λέ-

219 690 349 742 γεις,
391 677 479 723 καὶ
519 671 577 722 οὐ
625 674 885 734 πιστεύεις
936 672 1011 732 οἷς
1050 669 1222 742 λέγεις
1257 670 1422 723 Baga}.
1465 680 1560 732 τῆς
1607 667 1834 723 Ἰουδαῖ-

222 769 322 822 κῆς
376 761 724 832 παχύτητοςι
760 759 1014 813 ’Ἤκουσεν
1069 758 1432 831 ἁναγέννησιν,
1492 759 1618 812 ἀλλὰ
1673 779 1830 812 πνευ-

1729 867 1832 901 νοει

222 856 487 922 ματικήν·
539 850 632 901 οὐκ
701 846 941 908 ἠδυνήθη
1027 852 1223 907 ταύτην
1290 858 1500 914 νοῆσαι,
1577 854 1666 902 καὶ

227 943 523 1013 σαρκικήν·
599 944 690 992 καὶ
771 939 980 1000 εἰκότως
1060 937 1260 1014 ἀπορεῖ,
1355 943 1446 991 καὶ
1533 939 1681 1000 ζητεῖ
1747 941 1832 990 τόν

223 1032 418 1102 τρόπον
433 1071 443 1082 .

301 1116 583 1189 Ἀπεκρίθη
644 1145 708 1156 -
773 1123 927 1168 Θεοῦ.
993 1115 1270 1188 Σαφηνίζει
1345 1119 1434 1188 μὲν
1481 1119 1566 1168 τόν
1622 1120 1830 1187 τρόπον,

223 1205 406 1277 λέγων,
461 1207 540 1257 ὅτι
592 1203 644 1267 ἐξ
698 1200 892 1265 ὕδατος
949 1209 1038 1256 καὶ
1089 1207 1407 1277 Πνεῦματος,
1467 1201 1680 1262 δηλαδὴ
1740 1211 1832 1256 τοῦ

226 1295 418 1365 ἁγίου·
456 1296 599 1346 οὔπω
649 1290 708 1346 δὲ
758 1293 944 1359 τέλεον,
989 1295 1071 1346 ἵνα
1119 1299 1592 1366 προσατικὼτερος
1643 1294 1669 1345 6
1715 1291 1836 1366 ἐρω“

225 1392 328 1436 τῶν
409 1389 648 1454 γένηται.
743 1382 1001 1444 Πολλάκις
1081 1386 1184 1455 γὰρ
1252 1386 1309 1434 τὸ
1390 1381 1580 1455 ἀσαφες
1653 1382 1832 1456 ἐγείρει

225 1479 322 1531 τὴν
409 1476 664 1535 διάνοιαν,
747 1476 836 1524 καὶ
907 1475 1293 1546 περιεργότερον
1380 1476 1470 1524 καὶ
1547 1469 1834 1524 σπουδαῖον

227 1561 582 1638 ἆπεργάσεται
635 1565 722 1613 τὸν
779 1560 1060 1634 ἀκροατήν.
1129 1559 1188 1612 Ὀ
1238 1563 1327 1633 μὲν
1387 1557 1474 1612 οὖν
1534 1558 1836 1633 Νικόδημος

227 1648 486 1704 ἀδύνατον
535 1651 672 1722 ἔλεγε
724 1655 818 1710 τὴν
873 1650 1243 1721 ἀναγέννησινο
1291 1651 1317 1701 6
1369 1646 1428 1702 δὲ
1476 1653 1700 1722 Χριστὸς
1746 1656 1835 1703 καὶ

233 1737 441 1813 σφόδρα
489 1737 738 1808 δυνατὴν,
772 1744 862 1792 καὶ
910 1739 968 1792 οῦ
1000 1747 1150 1791 τοῦτο
1193 1743 1365 1810 μόνον,
1401 1737 1527 1790 ἀλλά
1555 1744 1645 1791 καὶ
1675 1737 1836 1810 ἀναγ-

1231 368 1603 424 COMMENT.
1647 367 1711 423 IN
1743 365 2081 423 JOANNEM.
2127 397 2189 408 —-
2231 367 2387 424 CAP.
2433 371 2520 423 lll.

1124 497 1186 545 Τί
1267 499 1440 559 τοῦτο,
1515 489 1829 564 Νικόδημες

2013 491 2175 549 Vers.
2207 496 2257 548 4.
2307 493 2457 550 Dicit
2501 526 2568 536 -—
2611 496 2826 552 nasci?
2867 496 3015 562 Quid
3051 495 3186 563 hoc,
3226 496 3544 555 Nicodeme
3569 500 3596 554 ?

3447 375 3588 428 1162

1941 579 2132 635 Rabbi
2175 579 2373 653 ipsum
2419 599 2621 648 vocas,
2666 588 2722 639 et
2764 600 2800 640 a
2844 587 2961 640 Deo
2999 585 3234 642 venisse
3270 586 3438 654 dicis,
3483 603 3596 643 nec

1941 675 2140 725 tamen
2177 669 2370 725 credis
2411 687 2542 743 quae
2591 671 2774 728 dicit?
2813 674 2856 730 Ο
2895 673 3208 730 Iudaicam
3250 676 3596 732 crassitudi-

1941 757 2112 812 nem!
2157 759 2401 816 Audivit
2441 763 2969 830 regenerationem,
3017 764 3122 819 sed
3170 765 3539 836 spiritualem
3577 783 3590 832 ;

1941 863 2062 904 non
2124 850 2315 919 potuit
2367 849 2526 906 hanc
2582 852 2910 923 concipere,
2969 854 3067 908 sed
3141 855 3441 910 carnalem
3509 856 3596 910 in-

1941 935 2167 1007 telligit,
2241 943 2297 993 et
2357 939 2566 995 merito
2635 939 2884 1006 dubitat,
2952 942 3324 1015 modumque
3398 944 3594 1000 scisci-

1945 1031 2118 1082 tatur.

2013 1116 2174 1171 Vers.
2302 1117 2624 1187 Respondit
2676 1150 2744 1160 —
2776 1121 2901 1176 Dei.
2961 1123 3200 1178 Modum
3252 1122 3596 1184 manifestat

1942 1204 2171 1273 dicens,
2208 1205 2375 1277 quod
2405 1222 2474 1261 ex
2501 1223 2661 1278 aqua
2686 1213 2742 1263 et
2773 1209 3012 1280 Spiritu,
3054 1209 3322 1266 videlicet
3347 1216 3555 1268 sancto
3580 1229 3593 1278 ;

1944 1308 2067 1348 non
2109 1298 2305 1349 tamen
2331 1294 2486 1350 clare
2524 1295 2639 1351 hoc
2676 1296 2833 1361 dicit,
2863 1313 2986 1370 quo
3026 1298 3308 1354 attentius
3352 1299 3600 1358 interro-

1945 1389 2129 1452 garet.
2161 1384 2389 1456 Saepius
2414 1384 2574 1439 enim
2607 1385 2832 1441 occulte
2866 1387 2947 1457 (ιι)
2980 1393 3238 1444 mentem
3262 1389 3498 1455 excitat,
3533 1396 3598 1446 ut

1943 1471 2378 1542 diligentiorem
2419 1488 2490 1528 ac
2546 1472 2933 1530 curiosiorem
2984 1476 3194 1532 reddat
3236 1478 3593 1534 auditorem.

1944 1559 2303 1616 Nicodemus
2326 1561 2621 1633 siquidem
2642 1561 3076 1633 impossibilem
3093 1564 3330 1621 dicebat
3352 1581 3598 1636 regene-

1943 1648 2235 1704 rationem
2277 1665 2289 1703 :
2325 1649 2586 1706 Christus
2621 1666 2761 1706 vero
2785 1651 3029 1708 omnino
3070 1654 3417 1724 possibilem
3449 1673 3462 1708 :
3489 1671 3599 1711 nec

1945 1737 2004 1793 id
2031 1736 2227 1792 solum
2260 1737 2364 1792 sed
2401 1745 2457 1794 et
2485 1739 2926 1808 necessariam;
2968 1740 3121 1798 adeo
3149 1747 3215 1799 ut
3249 1743 3376 1799 sine
3412 1759 3484 1800 ea
3514 1760 3599 1800 re-

229 1833 402 1893 καίαν,
442 1832 510 1891 ὡς
544 1826 685 1902 μηδὲ
726 1825 988 1882 δύνασθαί
1027 1847 1144 1880 τινα
1184 1833 1353 1903 χωρὶς
1394 1827 1552 1886 αὐτῆς
1596 1826 1830 1880 εἰσελθεῖν

1951 1842 2134 1896 gnum
2160 1828 2256 1882 Dei
2281 1826 2480 1883 nullus
2512 1826 2702 1899 possit
2723 1827 2962 1895 intrare,
2994 1829 3106 1886 hoc
3136 1836 3224 1888 est
3247 1832 3376 1904 ejus
3407 1833 3600 1902 digni-

229 1918 301 1979 εἰς
325 1923 418 1977 τὴν
451 1917 724 1991 βασιλείαν
752 1925 846 1970 τοῦ
879 1924 1034 1971 Θεοῦ.
1088 1919 1179 1986 [T6
1211 1917 1322 1988 (l3)
1365 1913 1423 1968 δὲ
1467 1915 1722 1968 Εἰσελθείν
1766 1915 1835 1976 εἰς

225 2010 322 2066 τὴν
358 2005 632 2080 βασιλείαν
675 2014 768 2059 τοῦ
799 2007 980 2077 Θεοῦ,]
1020 2006 1049 2065 ἦ
1102 2009 1159 2058 τό
1203 2013 1395 2077 γνῶναι
1431 2009 1518 2062 τὴν
1558 2003 1706 2066 ἀξίαν
1749 2008 1838 2056 καὶ

228 2096 608 2169 μεγαλειότητα
637 2097 796 2148 αὐτοῦ
824 2093 980 2154 δηλοῖ
1005 2103 1094 2146 νῦν
1121 2098 1151 2153 ἥ
1185 2098 1243 2146 τό
1276 2103 1460 2167 τυχεῖν
1488 2100 1579 2155 τῆς
1609 2091 1840 2146 ἀπολαύ-

229 2205 363 2249 σεως
388 2193 483 2246 τῆς
512 2187 668 2247 θείας.

301 2274 358 2327 Ὀ
388 2274 535 2347 λόγος
558 2272 616 2328 δὲ
647 2280 764 2349 περὶ
795 2283 894 2326 τῶν
921 2277 1046 2347 μετὰ
1076 2277 1135 2326 τό
1168 2272 1531 2346 βαπτισθῆναι
1556 2276 1642 2325 τὸν
1675 2281 1838 2345 Χρισ-

226 2369 338 2424 τόν,
381 2372 590 2418 Ἐκτοτε
621 2367 722 2439 γὰρ
753 2365 783 2422 ἡ
820 2363 1155 2435 ἀναγέννησις
1176 2362 1387 2437 ἠρξατο.
1419 2366 1615 2416 Λοιπὸν
1636 2359 1723 2414 οὖν
1752 2366 1839 2413 καὶ

229 2457 280 2508 οἰ
346 2453 629 2507 ἀπόστολοι
701 2453 1128 2525 ἀνεγεννὴθησαν,
1190 2450 1263 2505 δι’
1311 2449 1502 2512 ὕδατος
1550 2455 1642 2524 μὲν
1697 2454 1838 2526 παρὰ

228 2545 488 2614 Ἰωάννου,
517 2539 612 2596 διὰ
645 2545 938 2615 Πνεύματος
968 2539 1046 2607 δὲ,
1081 2543 1160 2593 ὅτε
1190 2540 1522 2613 ἐπεφοίτησεν
1570 2540 1748 2602 αὐτοῖς
1786 2539 1835 2592 ἕν

229 2631 312 2688 εἵδ
317 2653 360 2686 ει
392 2639 614 2706 πυρίνων
643 2632 916 2703 γλωσσῶν.

304 2727 571 2798 Γράφουσι
618 2718 678 2774 δέ
733 2741 864 2783 τινες
914 2721 1046 2792 (14),
1121 2718 1408 2790 ἐγγίζοντες
1469 2727 1575 2779 τοῖς
1621 2723 1836 2791 χρόνοις

227 2822 329 2866 τῶν
379 2810 702 2879 ἀποστόλων,
774 2813 850 2863 ὅτι
922 2811 947 2861 ὁ
1009 2812 1098 2881 μὲν
1154 2811 1384 2882 Χριστὸς
1444 2806 1692 2860 έϐάπτισε
1747 2811 1834 2859 τὸν

229 2905 421 2974 Πέτρον
465 2905 554 2952 καὶ
593 2904 688 2958 τὴν
731 2904 1008 2964 Θεοτόκον,
1049 2899 1076 2950 ὁ
1115 2894 1175 2950 δὲ
1233 2902 1423 2970 Πέτρος
1474 2899 1673 2959 πάντας
1717 2900 1834 2957 τούς

230 2988 333 3039 ἀπο
342 2988 554 3050 στόλους
564 3027 576 3040 .

302 3077 373 3130 Τὸ
409 3108 470 3116 —
516 3076 676 3129 ἐστιν.
715 3077 790 3129 Ού
833 3083 1056 3151 σαρκικὴ
1090 3075 1231 3128 ἐστιν
1272 3077 1300 3134 ἡ
1350 3079 1607 3147 γέννησις,
1651 3080 1830 3148 φησιν,

1951 1921 2130 1972 tatem
2162 1931 2230 1972 ac
2259 1916 2734 1987 magnitudinem
2771 1932 3152 1988 cognoscere,
3187 1926 3294 1978 aut
3331 1920 3601 1979 divinam

1949 2005 2236 2076 attingere
2280 2005 2639 2062 fruitionem.

2019 2273 2363 2345 Intelligitur
2385 2281 2586 2330 autem
2611 2275 2863 2332 verbum
2896 2276 2970 2332 de
2998 2276 3113 2347 his,
3145 2278 3250 2350 qui
3276 2283 3414 2351 post
3442 2280 3605 2336 Chri-

1948 2369 2104 2419 stum
2144 2363 2512 2435 baptizatum
2550 2363 2810 2420 fuerunt.
2851 2365 3162 2437 Reliquum
3189 2373 3281 2423 est
3307 2369 3504 2438 igitur,
3538 2374 3604 2425 ut

1946 2451 2270 2524 etapostoli
2301 2453 2628 2522 regenerati
2662 2453 2780 2508 sint
2803 2469 2910 2526 per
2929 2469 3156 2526 aquam
3181 2471 3324 2512 sane
3348 2474 3382 2512 a
3413 2459 3602 2513 Joan-

1946 2557 2036 2606 ne,
2061 2556 2162 2611 per
2189 2539 2474 2610 Spiritum
2505 2555 2665 2606 vero,
2699 2541 2842 2612 quia
2866 2541 2944 2596 ad
2961 2543 3137 2598 eosin
3166 2544 3362 2616 specie
3389 2544 3602 2614 ignita-

1945 2645 2078 2684 rum
2109 2627 2352 2684 advenit
2378 2627 2746 2698 linguarum.

2016 2716 2296 2772 Scribunt
2321 2721 2515 2772 autem
2528 2716 2777 2788 quidam
2800 2718 3210 2789 apostolorum
3231 2723 3600 2794 temporibus

1946 2805 2224 2878 proximi,
2255 2804 2423 2877 quod
2455 2804 2718 2861 Christus
2758 2805 2988 2863 Petrum
3029 2824 3099 2864 ac
3138 2809 3442 2880 Virginem
3481 2812 3602 2869 Ma-

1948 2900 2094 2953 trem
2136 2895 2536 2967 baptizaverit,
2588 2895 2803 2953 Petrus
2866 2913 3011 2953 vero
3064 2898 3327 2972 reliquos
3391 2916 3602 2958 omnes

1948 2984 2278 3057 apostolos.

2021 3075 2186 3131 Vers.
2216 3076 2270 3129 6.
2298 3074 2466 3142 Quod
2496 3105 2564 3114 —-
2593 3080 2697 3131 est.
2735 3077 2862 3131 Non
2895 3077 3168 3142 carnalis,
3203 3079 3394 3152 inquit
3421 3095 3602 3150 gene-

231 3165 361 3219 ἀλλὰ
406 3171 750 3239 πνευματική.
791 3171 860 3219 Τό
910 3170 1000 3240 μὲν
1061 3168 1163 3240 γὰρ
1221 3169 1581 3238 γεγεννημένον
1635 3163 1689 3215 ἐκ
1744 3171 1830 3224 τῆς

1951 3165 2096 3221 ratio
2117 3170 2222 3229 est,
2257 3164 2360 3220 sed
2379 3164 2698 3235 spiritualis
2720 3181 2735 3232 ;
2757 3179 2898 3220 nam
2913 3167 3070 3236 quod
3093 3183 3166 3222 ex
3187 3183 3365 3224 carne
3388 3176 3598 3226 natum

224 3260 421 3331 σαρκός
479 3258 728 3330 σαρκικόν
774 3255 889 3308 ἐστι
945 3259 1168 3328 γέννημα
1196 3271 1208 3284 ·
1256 3259 1315 3306 τό
1366 3251 1425 3307 δὲ
1470 3256 1831 3326 γεγεννημένον

219 3345 279 3398 ἐκ
326 3354 417 3398 τοῦ
477 3347 775 3418 Πνεύματος
829 3348 1174 3416 πνευματικόν
1230 3342 1342 3396 ἐστι
1405 3347 1652 3415 γέννημα.
1711 3349 1830 3394 Λοι-

219 3438 318 3488 πὸν
358 3432 444 3486 οὖν
494 3435 524 3492 ἡ
572 3436 662 3506 μὲν
709 3437 935 3505 σαρκικὴ
977 3437 1238 3504 γέννησις,
1291 3432 1517 3490 αἰσθητὴ
1575 3434 1736 3499 ἑστιν,
1795 3433 1824 3488 ἡ

221 3520 283 3577 δὲ
315 3527 634 3595 πνευματικὴ
667 3527 849 3581 νοητή.
890 3525 990 3574 Καὶ
1021 3521 1079 3573 ού
1121 3528 1231 3597 χρη
1277 3521 1540 3580 αἰσθητῶς
1575 3520 1828 3582 ἐξετάζειν

219 3616 280 3664 τὸ
323 3615 523 3676 νοητόν,
578 3607 699 3663 οὐδὲ
755 3609 1082 3683 ἀνθρωπίνως
1113 3615 1172 3662 τὸ
1224 3613 1355 3662 θεῖον
1399 3616 1638 3684 πρᾶγμα.
1687 3609 1828 3661 Ἐπεὶ

217 3702 321 3772 γὰρ
375 3703 405 3758 ἡ
464 3708 642 3776 πρώτη
702 3704 937 3770 γέννησις
993 3701 1284 3771 ἠχρείώθη,
1345 3696 1565 3770 δευτέρα
1612 3694 1828 3749 δέδοται

221 3789 578 3861 ἁναγέννησις,
635 3788 928 3863 ὑψηλοτέρα
964 3808 1018 3841 τε
1079 3794 1169 3841 καὶ
1215 3792 1514 3862 τιμιωτέρα.
1576 3795 1708 3839 Θεοῦ
1749 3789 1826 3861 ἕρ-

217 3899 310 3952 γον
344 3881 374 3938 ἡ
416 3898 618 3954 πρωτη”
654 3885 788 3931 Θεοῦ
848 3880 994 3952 ἔργον
1024 3879 1169 3934 καὶὴ
1206 3873 1441 3951 δευτέρα·
1477 3879 1600 3938 Θεὸς
1637 3879 1737 3947 γὰρ
1768 3879 1825 3927 τὸ

224 3975 457 4041 Πνεῦμα.

291 4057 451 4110 Ὀταν
479 4053 566 4110 οὖν
601 4055 794 4130 ἀκούῃς
839 4057 919 4108 ὅτι
949 4059 1006 4108 τό
1041 4062 1247 4126 Πνεῦμα
1272 4053 1539 4126 ἁναγεννᾷ,
1571 4059 1642 4126 μὴ
1677 4054 1825 4114 ζήτει

219 4151 309 4200 τὸν
339 4151 544 4220 τρόπον.
573 4145 633 4198 Εἰ
662 4148 763 4220 γὰρ
795 4144 1156 4205 ἁκατάληπτος
1186 4146 1217 4203 ἡ
1270 4143 1319 4196 ἐν
1367 4151 1429 4216 τῇ
1475 4148 1650 4216 μήτρᾳ
1698 4140 1824 4196 διά-

218 4234 425 4296 πλασις,
474 4233 930 4308 ἁκαταληπτοτίρα
963 4235 1162 4296 πάντως
1191 4235 1220 4292 ἡ
1251 4231 1298 4285 ἐν
1327 4240 1397 4304 τῷ
1436 4229 1616 4286 ὕδατι.
1648 4239 1750 4286 Καὶ
1781 4233 1824 4285 εἰ

219 4329 337 4397 περὶ
367 4322 563 4386 ἐκείνης
605 4323 700 4376 ούκ
739 4308 1145 4398 ἀμφιϐάλλομεεῇ
1191 4331 1252 4395 τῇ
1305 4318 1688 4394 παντοδυνάμῳ
1732 4331 1822 4375 τοῦ

219 4419 355 4466 Θεοῦ
387 4417 545 4486 σοφίᾳ
563 4415 910 4479 πιστεύοντες,
943 4413 1113 4484 πολλῷ
1135 4411 1324 4484 μᾶλλον
1352 4418 1503 4464 τοῦτο
1519 4416 1629 4486 χρὴ
1657 4418 1822 4464 ποιεῖν

217 4505 339 4575 περὶ
364 4504 576 4562 ταύτης.

287 4589 486 4664 Ὠσπερ
533 4588 591 4644 δὲ
637 4589 684 4644 έν
729 4590 872 4666 ἀρχῇ
925 4593 1159 4643 ὑπέκειτο
1208 4594 1471 4660 στοίχείον
1525 4589 1555 4646 ἡ
1613 4595 1706 4660 γῆ,
1761 4592 1818 4641 τό

216 4684 318 4731 πᾶν
366 4675 426 4732 δὲ
467 4687 559 4733 τοῦ
609 4677 1007 4741 διαπλάττοντος
1066 4677 1126 4737 ἧν
1157 4699 1169 4711 '
1220 4679 1354 4730 οὕτω
1406 4682 1495 4729 καὶ
1542 4684 1630 4728 νῦν
1687 4678 1816 4729 ὑπό-

215 4787 384 4820 κειται
423 4776 688 4841 στοιχεῖον
717 4772 776 4822 τὸ
825 4766 989 4844 ὕδωρ·
1032 4773 1090 4821 τό
1141 4774 1240 4821 πᾶν
1288 4763 1347 4820 δὲ
1383 4774 1474 4819 τοῦ
1521 4768 1816 4838 Πνεύματός

217 4865 386 4914 εστιν,
1409 4865 1433 4880 ⁹

290 5038 408 5090 Ἐὰν
447 5035 717 5111 ὶρωτὴσῃς
762 5056 845 5111 με,
886 5041 1033 5092 Διατί
1069 5043 1157 5088 νῦν
1203 5038 1262 5088 τό
1311 5032 1478 5108 ὕδωρ,
1532 5035 1814 5110 ἁντεπερω-

217 5131 365 5186 τὴσω
395 5144 473 5196 σε,
505 5130 653 5181 Διατί
680 5130 796 5181 τότε
825 5127 854 5186 ἠ
882 5134 987 5200 γῆς
1023 5131 1124 5180 Καὶ
1152 5128 1254 5200 γὰρ
1281 5122 1514 5185 ἠδύνατο
1554 5130 1644 5179 καὶ
1675 5121 1814 5197 δίχα

1942 3257 2046 3317 est,
2073 3251 2325 3308 carnalis
2356 3258 2448 3307 est
2476 3253 2788 3323 progenies
2817 3273 2829 3311 :
2855 3253 3021 3325 quod
3044 3259 3243 3310 autem
3269 3261 3477 3311 natum
3509 3265 3599 3313 est.

1940 3357 2012 3397 ex
2043 3342 2281 3412 Spiritu,
2305 3341 2623 3413 spiritualis
2645 3341 2948 3410 generatio
2970 3347 3074 3398 est.
3110 3344 3370 3399 Carnalis
3395 3345 3596 3418 itaque

1941 3431 2214 3486 nativitas
2239 3435 2327 3486 est
2355 3429 2656 3485 sensibilis
2694 3430 3016 3502 spiritualis
3045 3447 3204 3496 vero,
3236 3432 3596 3491 intellectua-

1937 3519 2028 3574 lis.
2058 3521 2173 3574 Nec
2197 3524 2449 3591 oportet,
2481 3519 2646 3590 quod
2675 3518 3069 3576 intellectuale
3097 3524 3206 3588 est,
3240 3522 3594 3580 sensibiliter

1937 3609 2252 3678 indagare:
2271 3623 2464 3680 neque
2485 3607 2740 3663 humano
2752 3607 2928 3664 modo
2941 3611 3298 3681 opus,quod
3311 3611 3584 3669 divinum

1937 3697 2368 3769 est;siquidem
2394 3713 2467 3752 ex
2483 3713 2603 3769 quo
2635 3697 2795 3769 prior
2827 3699 3128 3766 generatio
3156 3698 3312 3756 facta
3341 3706 3432 3757 est
3461 3702 3589 3758 inu-

1938 3786 2050 3843 tilis
2080 3787 2220 3842 data
2256 3791 2342 3842 est
2380 3785 2643 3842 secunda
2669 3786 3041 3858 regeneratio
3071 3788 3354 3846 excelsior
3390 3795 3446 3847 et
3482 3791 3589 3848 ho-

1936 3875 2280 3931 norabilior.
2317 3875 2413 3931 Dei
2439 3890 2593 3947 opus
2623 3879 2712 3931 est
2750 3875 2908 3947 prior
2933 3891 2946 3941 ;
2978 3876 3076 3932 Dei
3101 3893 3255 3949 opus
3279 3883 3368 3936 est
3399 3879 3579 3937 etiam

1935 3963 2262 4036 posterior;
2295 3963 2446 4020 Deus
2471 3964 2631 4019 enim
2664 3962 2914 4034 Spiritus
2945 3969 3053 4020 est.

2006 4052 2154 4109 Cum
2186 4053 2364 4125 igitur
2400 4051 2659 4109 audieris
2688 4052 2854 4125 quod
2884 4054 3127 4125 Spiritus
3153 4063 3482 4130 regenerat,
3514 4075 3588 4116 ne

1936 4142 2182 4199 modum
2208 4157 2470 4214 quaeras.
2512 4144 2659 4198 Nam
2686 4142 2733 4196 si
2757 4141 3374 4215 incomprehensibilis
3417 4149 3591 4205 estin

1935 4237 2092 4288 utero
2118 4232 2413 4297 formatio,
2441 4231 2617 4302 longe
2645 4231 3307 4304 incomprehensibilior
3329 4241 3418 4292 est
3445 4253 3581 4310 quae

1933 4323 1994 4377 in
2026 4338 2185 4394 aqua
2215 4321 2314 4381 ﬁt:
2349 4321 2512 4394 quod
2543 4321 2590 4375 si
2619 4320 2692 4376 de
2714 4320 2811 4376 illa
2842 4337 2962 4377 non
2993 4323 3588 4397 ambigimus,omni-

1932 4410 2265 4482 potentiDei
2279 4409 2584 4483 sapientiae
2597 4410 2914 4472 credentes,
2944 4409 3019 4467 de
3046 4412 3154 4468 hac
3177 4415 3363 4471 multo
3393 4416 3587 4485 magis

1857 4541 1900 4595 Β
1934 4499 2171 4556 credere
2199 4505 2450 4571 oportet.

2005 4590 2164 4644 Sicut
2192 4594 2390 4644 autem
2425 4589 2480 4642 in
2517 4588 2708 4658 prima
2751 4588 3010 4643 hominis
3057 4588 3412 4647 formatione
3454 4591 3590 4648 sub-

1934 4678 2169 4734 servivit
2203 4685 2368 4734 terrae
2406 4677 2786 4744 elementum,
2832 4693 2968 4733 cum
3019 4679 3296 4738 universa
3343 4682 3404 4737 in
3463 4698 3589 4739 ma-

1930 4783 2012 4823 nu
2046 4772 2245 4823 essent
2276 4767 2584 4829 Creatoris,
2629 4765 2712 4820 ita
2740 4773 2792 4821 et
2832 4781 2993 4822 nunc
3025 4768 3378 4827 subservivit
3407 4787 3583 4844 aqua}

1927 4856 2310 4920 elementum,
2341 4871 2474 4910 cum
2509 4855 2785 4910 universa
2815 4855 2930 4910 sint
2964 4855 3024 4911 in
3071 4857 3377 4916 voluntate
3411 4861 3588 4932 Spiri-

1934 4952 2049 5001 tus.

1995 5034 2166 5100 Quod
2206 5034 2255 5090 si
2283 5050 2378 5090 me
2410 5033 2750 5104 interroges,
2783 5033 2978 5102 Quare
3009 5052 3168 5092 nunc
3201 5053 3363 5111 aqua
3397 5058 3409 5098 :
3441 5055 3470 5095 e
3502 5039 3584 5095 di-

1920 5139 2097 5180 verso
2140 5128 2192 5180 te
2240 5123 2642 5195 interrogabo,
2687 5125 2880 5190 Quare
2919 5129 3062 5182 tunc
3106 5128 3310 5185 terra?
3351 5129 3586 5190 Poterat

1368 5301 1590 5373 Variae
1626 5301 1956 5371 lectiones
1993 5311 2060 5370 et
2095 5310 2298 5370 notae.

291 5449 406 5522 (t3)
449 5447 922 5522 [nclusaomittit
947 5447 1008 5505 Β.

289 5516 414 5591 (14)
449 5520 656 5592 Papias
685 5519 952 5586 fortasse,
984 5521 1086 5576 aut
1117 5518 1424 5591 Origenes,
1459 5533 1529 5575 ex
1560 5517 1901 5576 narratione
1933 5521 2277 5574 sanctarum
2305 5516 2658 5574 velularum.

285 5696 371 5769 (ιι)
416 5699 681 5757 Occulta.
721 5700 889 5757 Forte
919 5699 1146 5757 occulta
1178 5714 1283 5755 seu
1321 5699 1592 5758 obscura.
1628 5700 1693 5756 Et
1722 5713 1883 5764 mox,
1909 5695 2196 5754 excitant.

507 5798 726 5856 Pnaox.
760 5799 859 5856 Gn.
902 5797 1146 5857 CXXIX.
