4120 6310
543 317 681 373 1155
1892 311 2203 373 ΕΗΤΗΥΜᾸ

2318 313 2609 375 IGABENI
3829 320 3963 377 1156

613 444 773 497 Vers.
833 441 922 496 12.
966 438 1232 495 Post/uec
1263 468 1328 478 —
1374 437 1596 495 diebus.
1643 437 1960 495 Descendit
1998 437 2203 510 Caper-

2392 444 2537 494 Μετὰ
2574 450 2727 495 τοῦτο
2784 473 2852 483 --
2914 444 3131 518 ἡμέρας.
3186 444 3387 505 Κατέϐη
3429 446 3499 510 εἰς
3556 453 3955 521 Καπερναούμ,

545 546 754 594 naum,
788 534 847 584 ut
873 529 1182 600 quiescere
1217 527 1435 583 faceret
1459 526 1541 583 ibi
1575 529 1835 584 Matrem.
1863 527 2093 582 Fratres
2118 527 2203 584 sui

2322 531 2405 582 ἵνα
2445 527 2780 605 διαναπαύσῃ
2818 537 2911 591 τὴν
2955 536 3188 607 Μητέρα.
3231 531 3469 608 Ἀδελφοὶ
3507 533 3574 589 δὲ
3611 537 3796 589 αὐτοῦ
3822 539 3959 611 vepre

543 617 941 689 autem,lege,
976 633 1095 673 non
1126 621 1361 686 natura,
1405 615 1506 672 ﬁlii
1554 616 1827 673 videlicet
1854 616 2075 688 Joseph
2105 616 2203 691 qui

2318 624 2407 672 καὶ
2436 620 2493 672 ού
2543 623 2696 694 φύσει
2747 624 2796 675 οἱ
2826 624 2932 676 υἱοὶ
2980 622 3195 696 Ἰωσὴφ,
3253 631 3346 676 τοῦ
3375 628 3512 698 νόμῳ
3544 631 3654 679 καὶ
3710 628 3776 679 οὗ
3810 630 3960 700 φύσει

538 708 669 780 lege
699 713 755 764 et
784 722 906 764 non
936 712 1148 762 natura
1185 711 1355 778 pater
1384 704 1541 761 illius
1566 711 1709 762 erat.

954 796 1107 852 CAP.
1142 795 1216 851 ll.
1242 796 1318 852 De
1337 793 1536 865 ejectis
1574 810 1604 852 e
1633 796 1867 864 templo.

616 896 779 953 Vers.
813 895 900 951 13.
927 894 1004 951 Et
1033 910 1219 963 prope
1256 925 1327 933 —
1350 893 1512 950 Vers.
1568 899 1652 951 15.
1685 894 1993 951 subuertit.
2041 893 2208 950 Simi-

543 968 626 1043 lia
648 1002 892 1059 quoque
919 986 1152 1057 scripsit
1182 984 1487 1041 Matthteus
1516 983 1577 1038 in
1607 984 1725 1039 ﬁne
1755 982 2211 1056 quadragesimi

539 1076 731 1150 quinti
754 1075 964 1148 capitis
981 1076 1029 1110 ³⁸
1060 1090 1073 1142 ;
1097 1080 1153 1130 et
1175 1074 1406 1131 illorum
1431 1072 1557 1144 lege
1582 1074 2044 1143 enarrationem,
2077 1073 2209 1147 plu-

540 1166 766 1222 rimum
797 1165 876 1220 ad
905 1166 1035 1223 hinc
1061 1164 1485 1220 conferentem.

618 1345 976 1418 Κερριατίσταὶ
1027 1344 1228 1398 autem
1257 1340 1496 1414 proprie
1535 1339 1815 1397 dicuntur
1847 1346 2211 1412 permutato-

541 1448 654 1498 res,
734 1447 887 1504 quos
943 1430 1246 1489 Matthaeus
1296 1428 1642 1491 κολλυϐιστὰς
1697 1431 2049 1502 nominavit,
2092 1432 2208 1488 hoc

542 1526 630 1578 est
668 1519 1131 1578 nummularios.
1166 1520 1231 1576 Et
1263 1519 1413 1575 sicut
1438 1517 1681 1580 κόλλυϐος
1711 1518 1925 1575 obolus
1954 1524 2064 1586 est,
2103 1521 2209 1594 qui

539 1625 650 1682 pro
694 1608 1136 1682 permutatione
1164 1614 1414 1664 monetae
1444 1607 1620 1664 datur
1658 1609 1718 1664 id
1758 1612 1849 1664 est
1900 1609 1988 1680 (ut
2028 1609 2206 1680 vulgo

539 1698 776 1769 dicitur)
808 1697 1105 1755 cambium
1141 1712 1153 1752 :
1184 1698 1267 1753 sic
1294 1704 1351 1753 et
1396 1701 1564 1770 κέρμα
1603 1698 1908 1767 congeries
1938 1703 2023 1755 est
2058 1699 2204 1754 obo-

2319 713 2516 779 πατρὸς
2544 711 2726 770 αὐτοῦ.

2464 806 2610 855 ΚΕΦ.
2636 799 2701 856 Β’.
2737 806 2861 875 Περὶ
2898 810 2994 854 τῶν
3026 800 3371 861 ἐκϐληθέντων
3398 802 3455 857 ἐκ
3484 812 3582 857 τοῦ
3632 807 3813 879 ἱεροῦ.

2394 894 2493 942 Καὶ
2582 889 2736 962 ἐγγύς
2820 922 2888 931 -
2972 890 3271 968 ἀνέστρεψε.
3366 894 3754 969 Παραπλήσια
3851 894 3955 967 (97)

2318 984 2407 1031 καὶ
2460 981 2486 1031 ὁ
2533 982 2801 1041 Ματθαῖος
2847 982 3120 1056 ἱστόρησεν
3168 980 3215 1033 ἐν
3272 991 3344 1054 τῷ
3382 982 3512 1036 τέλει
3578 991 3690 1036 τοῦ
3763 1004 3954 1037 τεσσα-

2317 1076 2579 1142 ρακοστού
2627 1074 2859 1142 πέμπτου
2911 1069 3190 1143 κεφαλαίου
3246 1071 3430 1141 αύτοῡ,
3511 1077 3618 1125 καὶ
3682 1072 3953 1145 ἀνάγνωθι

2316 1162 2409 1216 τὴν
2460 1158 2659 1211 ἐκείνων
2712 1157 2981 1231 ἐξήγησιν,
3014 1160 3215 1233 μεγάλα
3243 1165 3333 1213 καὶ
3383 1164 3513 1237 πρὸς
3577 1169 3774 1215 ταῦτα
3827 1182 3952 1235 συρι-

2319 1245 2631 1319 ϐαλλομένην
2640 1291 2652 1304 .

2392 1341 2749 1410 Κερματισταὶ
2794 1333 2853 1391 δι
2903 1339 2953 1390 οἰ
3002 1337 3377 1405 καταλλάκται,
3433 1338 3524 1401 οὓς
3577 1342 3609 1393 ὁ
3673 1342 3951 1403 Ματθαῖος

2317 1424 2659 1489 κολλυϐιστὰς
2712 1426 2998 1500 ὠνόμασεν.
3051 1425 3251 1503 Ὠσπερ
3299 1424 3359 1482 δε
3413 1427 3706 1498 κολλυϐος,
3767 1431 3795 1482 ὁ
3845 1429 3950 1482 ὀϐο-

2315 1512 2423 1581 λὸς,
2474 1515 2607 1568 οὕτω
2660 1519 2751 1568 καὶ
2807 1514 2992 1592 κέρμα,
3030 1517 3061 1575 ἠ
3114 1522 3307 1591 σωρεία
3351 1525 3453 1571 τῶν
3492 1537 3546 1572 τε
3603 1518 3817 1572 ὀϐολῶν
3865 1524 3946 1573 καὶ

2316 1614 2415 1658 τῶν
2483 1604 2978 1679 καταλλασσομένων
3042 1604 3259 1661 λεπτῶν.
3311 1606 3631 1680 Φραγέλλιον
3700 1608 3824 1680 (98)
3893 1605 3946 1662 δέ

2316 1690 2455 1745 ἐστιν
2498 1689 2637 1754 εἶδος
2671 1697 2950 1767 μάστιγος.
2987 1694 3209 1748 Πλεκτόν
3243 1691 3301 1748 δὲ
3356 1692 3437 1769 ἦν,
3497 1697 3584 1750 ὅτι
3643 1703 3743 1750 καὶ
3773 1698 3804 1756 ἡ
3859 1717 3941 1750 πο⁴

539 1787 756 1852 lorum,
791 1791 897 1844 aut
924 1786 1292 1842 minutorum
1309 1802 1699 1842 nummorum
1737 1786 1952 1859 quibus
1984 1786 2049 1842 fit
2079 1804 2200 1859 per—

2318 1781 2478 1834 λιτεία
2532 1790 2630 1834 τῶν
2702 1781 3118 1856 ἀπελαυνομένων
3180 1783 3500 1858 πεπλεγμένη
3563 1782 3634 1844 ἧν
3711 1784 3770 1849 ἐξ
3838 1784 3944 1837 ἀτο-

540 1878 810 1933 mutatio.
845 1876 1135 1932 Praeterea
1192 1874 1496 1949 φραγέλλιον
1550 1891 1735 1945 genus
1775 1881 1860 1931 est
1914 1874 2203 1945 ﬂagellii;

541 1970 667 2022 erat
696 1971 897 2022 autem
956 1970 1300 2020 contextum
1333 1980 1346 2019 :
1381 1979 1524 2020 nam
1578 1970 1634 2020 et
1659 1980 1867 2020 eorum
1900 1965 2004 2037 qui
2035 1963 2205 2034 ejecti

542 2060 702 2121 sunt,
731 2055 1103 2109 conversatio
1131 2059 1406 2108 contexta
1431 2057 1556 2109 erat
1585 2052 1864 2109 absurdis
1915 2053 2109 2109 verbis
2137 2071 2205 2110 ac

542 2143 828 2216 operibus
860 2158 874 2197 :
906 2147 962 2197 et
1017 2158 1260 2196 rursum
1316 2140 1602 2212 ejicientis
1655 2143 2032 2197 conversatio
2062 2157 2205 2198 con-

542 2235 700 2288 texta
732 2237 856 2287 erat
880 2247 954 2287 ex
992 2229 1543 2302 supernaturalibus
1571 2229 1765 2286 verbis
1792 2246 1862 2287 ac
1900 2231 2204 2303 operibus,

544 2322 667 2377 sive
703 2320 885 2377 rebus
915 2320 1134 2376 divinis
1186 2322 1245 2375 et
1289 2319 1593 2375 humanis.
1643 2319 1806 2392 Opus
1837 2321 2037 2394 itaque
2073 2337 2206 2393 ope-

541 2418 706 2467 ratus
745 2416 833 2466 est
863 2409 1045 2465 multa
1074 2408 1312 2481 plenum
1342 2410 1709 2465 auctoritate.
1743 2412 1889 2465 Nam
1904 2410 2047 2482 quia
2066 2410 2208 2467 Sab-

540 2498 684 2557 bato
723 2504 1040 2557 curaturus
1097 2502 1241 2559 erat,
1301 2497 1602 2570 multaque
1663 2497 1880 2555 similia
1922 2497 2206 2566 facturus,

541 2604 678 2661 quas
715 2587 938 2645 Iudaeis
963 2587 1109 2661 legis
1153 2586 1511 2656 trangressio
1539 2585 1897 2643 videbantur
1929 2601 1944 2643 :
1977 2603 2051 2643 ne
2081 2588 2209 2645 haac

543 2682 834 2751 tanquam
893 2680 1010 2734 Deo
1063 2678 1395 2733 contrarius
1454 2676 1646 2732 facere
1706 2676 2020 2745 videretur,
2070 2676 2209 2734 hinc

542 2766 805 2839 primum
839 2765 1183 2838 hujusmodi
1229 2769 1418 2821 aufert
1446 2766 1870 2837 suspicionem.
1907 2764 2017 2833 Qui
2048 2768 2208 2823 enim

545 2860 774 2911 tantum
804 2855 998 2911 zelum
1027 2871 1169 2925 erga
1193 2854 1445 2909 domum
1477 2854 1575 2909 Dei
1601 2854 2052 2926 demonstravit,
2083 2860 2211 2912 tan-

544 2952 722 3018 taque
769 2943 1144 3000 vehementia
1198 2959 1269 2999 ac
1298 2943 1709 3013 indignatione
1757 2951 2000 3016 propter
2051 2944 2207 3001 hanc

543 3049 687 3090 usus
715 3038 824 3098 est,
854 3037 918 3088 ut
963 3032 1112 3088 nulli
1164 3032 1412 3088 omnino
1451 3037 1740 3105 parceret,
1781 3032 1887 3088 sed
1941 3034 2205 3106 seipsum

2315 1892 2422 1924 πων
2471 1872 2634 1943 λόγων
2683 1878 2772 1925 καὶ
2833 1872 3085 1948 πράξεων,
3140 1878 3231 1927 καὶ
3286 1876 3316 1932 ἡ
3358 1874 3601 1928 πολιτεία
3653 1882 3755 1929 τοῦ
3822 1872 3936 1928 ἀπε-

2314 1960 2589 2023 λαύνοντος
2646 1960 2968 2035 πεπλεγμένη
3053 1963 3205 2015 πάλιν
3273 1962 3327 2026 ἐξ
3414 1965 3705 2038 ὑπερφυῶν
3779 1962 3937 2034 λόγων

2315 2055 2404 2104 καὶ
2452 2050 2703 2126 πράξεων,
2736 2056 2828 2103 καὶ
2865 2050 2921 2103 ἐκ
2974 2053 3120 2104 θείων
3164 2056 3254 2105 καὶ
3283 2051 3653 2125 ἀνθρωπίνων.
3714 2059 3938 2126 Πρᾶγμα

2315 2136 2402 2190 οὖν
2466 2138 2680 2199 ἐποίησε
2734 2139 2927 2202 πολλῆς
2976 2141 3248 2203 αύθεντίας
3310 2144 3489 2215 γέμον.
3540 2138 3777 2201 Ἐπειδὴ
3837 2144 3930 2213 γάρ

2316 2227 2514 2301 ἔμελλεν
2563 2228 2611 2281 ἐν
2668 2228 2913 2302 Σαϐϐάτῳ
2965 2231 3280 2304 θεραπεύειν,
3341 2235 3432 2283 καὶ
3483 2231 3664 2285 πολλὰ
3723 2238 3933 2283 τοιαῦτα

2316 2325 2500 2389 ποιεῖν,
2534 2318 2661 2394 ἅπερ
2717 2315 2888 2371 ἐδόκει
2922 2326 3032 2381 τοῖς
3063 2315 3348 2381 Ἰουδαίοις
3385 2324 3557 2393 νόμων
3604 2320 3923 2395 παράϐασις,

2319 2407 2402 2458 ἵνα
2445 2411 2518 2480 μὴ
2578 2404 2708 2481 δοκῇ
2769 2416 2935 2461 ταῦτα
2980 2409 3225 2482 πράττειν
3274 2411 3343 2471 ὡς
3399 2407 3659 2474 ἀντίθεος,
3712 2411 3925 2463 ἐντεῦθεν

2316 2504 2622 2571 προαναιρεῖ
2655 2502 2748 2556 τὴν
2807 2501 3051 2558 τοιαύτην
3113 2498 3393 2571 ὑπόληψιν.
3433 2498 3491 2552 Ὀ
3517 2502 3629 2576 γὰρ
3683 2506 3919 2553 τοσοῦτον

2321 2585 2473 2649 ζῆλον
2513 2583 2901 2661 ἐπιδειξάμενος
2945 2589 3072 2661 ὑπερ
3121 2595 3213 2641 τοῦ
3269 2592 3416 2642 οἴκου
3465 2596 3564 2642 τοῦ
3631 2597 3788 2656 Θεοῦ,
3840 2592 3918 2641 καὶ

2318 2679 2549 2749 τοσαύτῃ
2584 2673 2907 2751 σφοδρότητι
2935 2682 3025 2730 καὶ
3072 2677 3426 2753 ἀγανακτήσει
3457 2674 3556 2731 διὰ
3586 2687 3771 2733 τοῦτον
3806 2676 3911 2748 (99)

2317 2768 2672 2841 χρησάμενος,
2732 2771 2823 2820 καὶ
2898 2763 3124 2839 μηδενὸς
3189 2767 3311 2828 ὅλως
3392 2770 3731 2842 φεισάμενος,
3798 2765 3910 2819 ἀλλὰ

2316 2859 2407 2907 καὶ
2455 2855 2522 2916 εἰς
2563 2851 2804 2909 κίνδυνον
2882 2856 3061 2909 ἐαυτὸν
3117 2862 3478 2923 καταστήσας,
3528 2864 3631 2912 καὶ
3698 2860 3811 2918 τούς
3860 2872 3904 2907 τε

2315 2943 2583 3007 καπήλους
2635 2944 2877 3014 ἐκείνους,
2934 2948 3054 3008 τούς
3095 2966 3149 3000 τε
3199 2954 3667 3022 παραχωροῦντας
3704 2946 3777 3019 (1)
3823 2941 3897 2995 ωὖ-

2315 3041 2425 3095 τοῖς
2481 3029 2776 3095 Ἰουδαίους
2820 3035 2935 3086 καθ’
2990 3034 3175 3088 ἑαυτοῦ
3228 3035 3538 3111 παροξύνας,
3616 3041 3706 3091 καὶ
3755 3035 3893 3087 πάντα

540 3123 603 3180 in
645 3121 974 3197 periculum
1026 3122 1365 3194 conjiceret,
1413 3126 1470 3177 et
1527 3127 1655 3179 tum
1694 3137 2000 3196 caupones
2050 3122 2202 3191 illos,

2318 3125 2495 3193 παθεῖν
2534 3125 2733 3196 ἕτοιμος
2762 3127 2829 3175 ὤν
2868 3125 2995 3199 ύπερ
3024 3132 3119 3187 τῆς
3158 3124 3435 3198 εὐκοσμίας
3483 3134 3588 3181 τοῦ
3634 3129 3782 3201 ἱεροῦ,
3814 3119 3881 3173 οὒκ

540 3216 669 3269 tum
712 3210 950 3268 Iudaeos
1004 3209 1065 3266 id
1104 3210 1255 3284 ipsis
1293 3209 1702 3284 permittentes
1748 3211 1808 3266 in
1846 3226 1907 3267 se
1948 3212 2202 3282 exacuit,

538 3300 746 3359 omnia
768 3302 1057 3358 sustinere
1081 3305 1327 3372 paratus
1342 3316 1450 3374 pro
1473 3298 1701 3356 honore
1728 3300 1955 3373 templi,
1980 3317 2206 3375 nequa—
2252 3292 2263 3297 ’

537 3406 718 3462 quam
751 3396 952 3463 posset
995 3388 1215 3463 templi.
1250 3389 1506 3446 Domino
1548 3404 1677 3446 esse
1709 3390 2067 3449 contrarius.

604 3480 768 3535 Vers.
806 3484 891 3536 16.
924 3478 995 3534 Et
1035 3510 1103 3519 —
1132 3477 1572 3550 negotiationis.
1606 3479 1694 3550 -H-
1731 3478 1987 3535 Domum
2019 3495 2201 3553 nego-

536 3567 798 3625 tiationis
831 3566 1059 3623 faciunt
1126 3568 1378 3623 domum
1428 3566 1548 3632 Dei,
1604 3574 1661 3623 et
1690 3568 2005 3625 columbas
2039 3568 2097 3624 in
2128 3586 2201 3628 ea

533 3656 800 3713 vendunt
829 3657 1010 3713 etiam
1042 3655 1078 3711 ii
1118 3656 1222 3729 qui
1273 3655 1604 3713 sacerdotia
1632 3661 1689 3711 et
1722 3672 1978 3714 munera
2018 3658 2199 3714 eccle-

534 3745 771 3802 siastica
821 3745 1059 3801 venalia
1106 3753 1411 3817 exponunt
1447 3747 1543 3813 (ac
1574 3744 1786 3823 quovis
1831 3746 2043 3818 pretio,
2074 3747 2197 3803 imo

536 3851 675 3893 vero
695 3834 991 3891 interdum
1026 3834 1207 3891 etiam
1234 3835 1440 3891 addita
1468 3851 1529 3889 re
1559 3834 1780 3889 nullius
1808 3837 1999 3907 pretii,
2021 3836 2194 3892 veluti

531 3924 752 3983 ancilla
815 3930 916 3982 aut
972 3929 1195 3989 scorto,
1251 3924 1643 3995 extrudunt);
1697 3922 2003 3981 Columbae
2036 3926 2193 3981 enim

534 4013 988 4071 similitudinem
1036 4012 1218 4070 habet
1256 4014 1442 4084 gratia
1522 4012 1771 4085 Spiritus
1837 4016 2048 4083 sancti,
2089 4014 2196 4088 qui

532 4102 729 4160 forma
757 4103 1054 4158 columba
1086 4102 1381 4175 apparuit.
1414 4100 1599 4157 [idem
1624 4105 1761 4157 sunt
1780 4103 1955 4158 etiam
1979 4118 2196 4175 caupo-

534 4208 641 4248 nes
679 4208 879 4247 rerum
922 4191 1285 4257 divinarum,
1327 4195 1740 4265 cauponantes
1778 4207 1868 4258 ea,
1925 4209 2060 4265 quae
2096 4192 2195 4247 Dei

2316 3213 2374 3264 οἷν
2397 3211 2623 3276 ἐναντίος
2653 3215 2729 3271 εἰη
2758 3220 2831 3284 τῷ
2862 3218 3097 3288 Δεσπότῃ
3130 3220 3222 3267 τοῦ
3254 3216 3411 3289 ἱεροῦ.

2385 3485 2485 3533 Καὶ
2540 3478 2919 3557 -ἐμπορίου,
2985 3476 3171 3556 [Οἶκον
3247 3481 3325 3555 (2)
3379 3481 3640 3558 ἐμπορίου
3706 3484 3889 3545 ποιοῦσι

2308 3573 2392 3622 τὸν
2450 3565 2588 3622 οἷκον
2626 3577 2719 3622 τοῦ
2777 3578 2930 3637 Θεοῦ,
3009 3575 3099 3623 καὶ
3146 3572 3241 3633 τὰς
3283 3574 3600 3646 περιστερὰς
3662 3571 3709 3624 ἐν
3768 3565 3888 3634 αὖτῷ

2309 3658 2589 3726 πωλοῦσιν,
2622 3664 2711 3712 καὶ
2768 3661 2816 3712 οἱ
2846 3662 2940 3723 τὰς
2985 3665 3314 3737 χειροτονίας
3504 3662 3885 3738 πιπράσκοντες.

2312 3754 2623 3823 Περιστερᾶς
2652 3750 2754 3823 γὰρ
2808 3751 2991 3813 τύπος,
3046 3751 3076 3807 ἡ
3111 3751 3275 3825 χάρις
3312 3757 3404 3802 τοῦ
3459 3749 3615 3823 ἁγίου
3668 3749 3884 3818 Πνεύμα·

2307 3858 2413 3907 τος,
2447 3846 2538 3890 τού
2571 3837 2618 3889 ἐν
2659 3834 2788 3891 εῖδει
2831 3844 3137 3913 περιστερᾶς
3195 3838 3435 3912 ὀφθέντος
3621 3842 3684 3893 Οἱ
3737 3833 3782 3889 δ’
3809 3831 3881 3886 αὖ·

2305 3931 2383 3979 τοὶ
2414 3932 2504 3980 καὶ
2696 3928 3025 3998 θεοκάπηλοι,
3082 3931 3150 3981 τὰ
3203 3936 3295 3981 τοῦ
3353 3937 3486 3984 Θεοῦ
3537 3928 3885 3987 καπηλεύοντες

2307 4013 2380 4069 δι’
2437 4013 2901 4092 αἰσχροκέρδειαν.
2958 4020 3028 4071 Τὸ
3078 4013 3158 4087 δε,
3210 4015 3405 4092 ’Δρατε
3450 4026 3619 4073 ταῦτα
3662 4013 3877 4081 ἐντεῦθεν,

2304 4108 2399 4163 τήν
2450 4107 2775 4177 μετάστασιν
2805 4110 2897 4160 καὶ
2946 4105 3206 4166 ἀποϐολὴν
3262 4114 3355 4168 τῆς
3403 4116 3624 4181 νομικῆς
3673 4104 3879 4175 λατρείας

2306 4193 2564 4269 ᾐνίξατο]

537 4285 698 4346 sunt,
740 4279 927 4353 turpis
952 4279 1099 4335 lucri
1130 4296 1333 4336 causa.
1384 4282 1496 4336 Ista
1527 4284 1722 4335 autem
1777 4296 1792 4336 :
1843 4282 2092 4351 Auferte
2120 4281 2238 4339 ista
2268 4284 2430 4352 hinc,
2465 4282 2919 4341 translationem
2958 4290 3016 4341 et
3044 4285 3432 4343 amissionem
3484 4285 3680 4358 legalis
3706 4277 3871 4337 cultus

538 4370 898 4442 signiﬁcant.

605 4459 734 4517 Non
771 4458 938 4516 factis
970 4457 1190 4530 solum,
1231 4457 1337 4516 sed
1374 4462 1431 4517 et
1457 4458 1650 4529 verbis
1678 4459 1941 4518 ostendit
1982 4463 2099 4519 Deo
2138 4478 2200 4520 se

2381 4463 2458 4516 Ού
2488 4467 2641 4536 μόνον
2695 4461 2779 4538 ἀφ’
2810 4463 2880 4516 ὧν
2932 4463 3167 4538 ἔπραξεν,
3227 4463 3356 4518 ἀλλὰ
3395 4469 3487 4518 καὶ
3540 4463 3624 4539 ἀφ’
3666 4460 3726 4513 ὧν
3751 4450 3861 4523 εἷπε,

535 4567 666 4608 esse
703 4565 822 4606 non
861 4550 1250 4607 contrarium.
1279 4549 1396 4606 Sed
1434 4549 1556 4625 ipse
1585 4549 1831 4623 quidem
1870 4551 2056 4617 Deum
2096 4568 2199 4610 na-

536 4647 667 4698 tura
717 4642 943 4696 Patrem
1004 4656 1180 4695 suum
1237 4639 1513 4709 vocavit;
1576 4638 1765 4696 Judaei
1821 4643 2025 4703 autem
2056 4639 2197 4698 ado-

535 4730 736 4803 ptione
769 4729 996 4785 Patrem
1015 4729 1212 4802 ipsum
1236 4729 1582 4797 nominasse
1614 4732 1893 4801 putantes
1919 4745 2040 4785 non
2060 4733 2200 4785 sunt

535 4818 651 4876 hoc
688 4818 874 4891 verbo
907 4818 1142 4875 turbati.
1178 4817 1294 4875 Sed
1318 4817 1619 4892 nequehis
1642 4817 1774 4874 dum
1795 4817 2197 4893 fecitexaspe-

612 5000 660 5033 ³⁸
685 4996 1048 5062 Matthamv,
1081 5000 1187 5051 12..

2310 4549 2576 4607 δείκνυσιν
2626 4553 2708 4606 ὅτι
2759 4551 2853 4606 ούκ
2909 4556 3053 4607 ἔστιν
3110 4552 3357 4615 ἀντίθεος.
3418 4553 3555 4608 Ἀλλ’
3613 4550 3742 4604 αὐτὸς
3774 4541 3854 4612 μέν

2309 4645 2461 4717 φύσει
2487 4645 2696 4719 Πατέρα
2739 4646 2827 4695 τὸν
2867 4645 2995 4696 Θεὸν
3024 4642 3256 4696 ἐκάλεσεν
3281 4662 3293 4674 ·
3321 4644 3372 4695 οἱ
3411 4639 3470 4696 δὲ
3524 4635 3749 4696 Ἰουδαῖοι.
3780 4629 3841 4677 θε-

2310 4752 2390 4786 σει
2437 4735 2645 4808 Πατέρα
2684 4739 2865 4785 τοῦτον
2916 4731 3173 4805 ὀνομάσαι
3237 4731 3511 4799 οἰητὲἐντες,
3560 4728 3641 4797 ρῦκ
3688 4720 3843 4789 ἕπεθ’

2307 4821 2523 4892 κθησαν
2564 4803 2650 4874 έπί
2706 4830 2779 4894 τῷ
2838 4803 3057 4896 "We
3112 4823 3332 4898 ῥήματι,
3396 4822 3502 4883 ωλ*
3542 4814 3638 4882 οὐδ’
3682 4808 3739 4885 ιγ’
3786 4803 3853 4879 οῖς

1765 5119 1982 5187 Variae
2021 5119 2351 5188 lectiones
2382 5130 2447 5188 et
2482 5132 2685 5191 notas.

609 5317 722 5388 (9⁸7)
760 5316 837 5369 Τά
866 5316 1211 5387 παραπλήσια
1235 5317 1306 5382 Α,
1348 5320 1413 5372 ut
1450 5315 1614 5373 alibi.

611 5387 724 5460 (98)
760 5387 1069 5460 Φραγγελιον
1099 5390 1167 5443 Α.

613 5461 728 5525 (99)
768 5466 932 5511 Τούτο
960 5461 1028 5516 Α.

613 5528 993 5603 (ιγιηιεηὶεξὶῑ
1027 5529 1320 5601 principes
1350 5529 1714 5596 Iudaeorum,
1738 5529 1837 5603 qui
1858 5528 1918 5585 id
1958 5529 2019 5593 in
2043 5533 2197 5586 temo

547 5603 645 5678 plo
674 5602 810 5678 tigri
850 5603 1264 5678 pel-miserant.

619 5674 698 5749 (2)
729 5671 868 5731 Haec
897 5678 1142 5753 uterque
1167 5673 1229 5753 i_n
1260 5672 1529 5744 margine
1561 5671 1756 5729 habet.
1785 5672 1956 5745 Apud
1988 5674 2197 5730 Hente-

545 5747 718 5806 nium
745 5760 867 5801 non
903 5747 1295 5817 reperiuntur.

2382 5317 3082 5395 (3)__Pui_1git_episcopos,
3109 5321 3212 5395 qui
3245 5322 3579 5395 sacerdotia
3602 5308 3872 5395 habebant

2309 5380 2564 5472 venalia.
2588 5380 2846 5469 Partin'et
2872 5380 3016 5467 ergo
3045 5380 3163 5451 hoc
3186 5394 3266 5451 ad
3289 5393 3674 5468 antiquitates
3716 5380 3873 5443 eccle-

2311 5463 2598 5529 siasticas.
2774 5463 2781 5469 '
2884 5463 2889 5467 ’

2383 5530 2458 5606 (4)
2492 5530 2811 5606 Πεμφθέγίτος
2839 5538 2907 5595 Α.

2308 5603 2457 5731 23ἓξ)
2491 5603 2677 5661 Habet
2721 5605 2837 5662 hoc
2867 5607 3181 5679 Gregorius
3210 5606 3481 5682 Nazianz,
3515 5624 3574 5683 p.
3612 5608 3703 5664 106
3728 5604 3780 5657 et
3817 5609 3872 5668 p-
