4120 6310
243 318 388 374 ιιιςτ
1284 312 1653 370 COMMENT.
1698 311 1765 366 IN
1807 307 2154 376 JOANNEM.
2198 339 2264 351 —
2305 309 2464 368 CAP.
2506 311 2578 368 II.
3484 317 3623 376 uss

242 442 488 502 ἐποίησεν
539 443 895 514 ἠγριώθησαν.
950 439 1181 512 Ἦλεγχε
1209 443 1310 514 γὰρ
1353 441 1543 503 αύτούς
1572 444 1628 493 τὸ
1677 457 1851 491 συνει-

1999 436 2076 490 ati
2119 440 2258 492 sunt
2290 453 2302 492 :
2338 438 2629 510 siquidem
2672 439 2963 510 arguebat
2993 439 3121 496 illos
3159 442 3522 501 conscientia
3559 461 3626 504 ac

245 530 340 592 δός
382 536 472 583 καὶ
511 535 866 603 κατῄσχυνεν,
896 533 963 591 ὡς
993 530 1215 602 εὐλόγως
1245 529 1435 583 ἐκείνου
1463 536 1552 583 καὶ
1581 537 1855 590 ποιοῦντος

2003 526 2392 593 onfundebat,
2425 528 2755 583 ostendens
2791 529 2956 600 quod
2983 529 3138 599 juste
3163 529 3292 586 haec
3320 538 3374 587 et
3400 533 3629 592 fecisset

243 627 340 674 καὶ
387 621 642 692 λέγοντος.
691 617 846 672 Οἷκον
897 616 956 672 δε
1014 620 1287 694 ἐμπορίου,
1355 619 1461 673 ἀντὶ
1524 629 1636 685 τοῦ,
1699 616 1852 672 Οἷκον

2004 615 2320 672 tdixisset.
2368 619 2620 672 Domum
2662 623 2863 674 autem
2902 619 3343 688 negotiationis,
3391 621 3502 678 hoc
3543 628 3629 680 est

243 710 558 769 καπηλείου.

1964 720 2297 777 cauponam
2331 713 2434 762 aut
2471 706 2805 762 tabernam.

323 799 404 853 Ἐν
465 795 524 851 δε
586 807 658 868 τῷ
713 797 1056 872 προρῥηθέντι
1104 797 1364 870 κεφαλαίῳ
1420 806 1512 850 τού
1561 800 1852 861 Ματθαίου,

2037 794 2319 850 Praedicto
2348 811 2487 850 vero
2521 796 2786 852 Matthiri
2815 793 3004 865 capite
3031 795 3180 850 dixit
3214 815 3227 852 :
3269 798 3625 870 Speluncam

248 889 508 947 σπήλαιον
583 887 790 960 λῃστῶν
844 885 999 956 εἶπεν,
1060 887 1109 939 εν
1267 893 1355 941 καὶ
1420 891 1854 960 παρεσημειωσλο

1998 889 2268 939 uti-onum
2315 886 2388 941 ’9.
2442 887 2520 938 Ex
2566 901 2688 956 quo
2734 883 3024 939 adnotare
3070 901 3414 957 possumus,
3464 890 3625 960 quod

245 981 384 1051 μεθα
429 979 509 1029 ὅτι
557 979 644 1028 τὸν
695 976 847 1040 ζῆλον
896 985 1078 1029 τοῦτον
1131 982 1220 1029 καὶ
1269 982 1361 1034 τὴν
1415 976 1714 1051 παρρησίαν
1771 973 1855 1038 δὶς

2001 972 2157 1026 elum
2200 989 2271 1027 ac
2302 973 2635 1028 libertatem
2672 973 2955 1042 arguendi
2997 972 3090 1029 bis
3131 973 3627 1035 demonstraverit

248 1063 550 1130 ἐπεδείξατο
603 1069 739 1118 κατά
792 1074 886 1117 τῶν
953 1065 1000 1118 ἐν
1053 1073 1125 1135 τῷ
1177 1068 1294 1137 ἱερῷ
1351 1065 1758 1132 καπηλευόντων,
1808 1064 1856 1117 ἐν

1997 1061 2248 1116 .dversus
2287 1078 2388 1116 eos
2427 1061 2530 1134 qui
2566 1061 2625 1116 in
2658 1062 2877 1135 templo
2923 1064 3444 1135 cauponabantur,
3483 1073 3538 1123 et
3566 1068 3624 1123 in

249 1155 397 1228 ἀρχῇ
446 1174 501 1209 τε
545 1175 637 1208 του
683 1153 999 1226 Εύαγγελιου
1039 1158 1290 1228 καὶπρὸς
1326 1164 1395 1226 τῷ
1446 1155 1594 1207 τέλει.
1647 1159 1744 1206 Καὶ
1795 1156 1858 1206 τὰ

1998 1151 2256 1221 ιισὶιιοὶρίο
2303 1151 2599 1218 Evangelii
2649 1157 2704 1207 et
2748 1151 2903 1208 circa
2947 1152 3142 1208 ﬁnem.
3189 1154 3327 1219 Quae
3376 1171 3518 1227 ergo
3564 1155 3625 1213 in

249 1249 343 1319 μεν
376 1245 426 1298 ἐν
460 1243 602 1318 ἀρχῇ
637 1251 725 1296 νῦν
766 1246 790 1296 ὸ
819 1246 1063 1306 Ἰωάννης
1105 1243 1382 1318 ἀνέγραψε,
1411 1245 1476 1296 τά
1531 1241 1588 1297 δε
1628 1247 1756 1319 πρὸς
1786 1251 1856 1313 τῷ

1998 1238 2261 1311 ιείηοὶρὶο
2348 1239 2650 1309 Evangelii
2713 1241 3109 1310 contigerunt,
3179 1245 3438 1300 Joannes
3510 1245 3625 1304 hoc

248 1335 384 1388 τέλει
406 1336 694 1394 Ματθαῐος.

2000 1345 2099 1384 aco
2151 1328 2558 1401 conscripsit:
2627 1345 2763 1402 quae
2814 1345 2954 1386 vero
3017 1331 3174 1387 circa
3224 1331 3428 1400 ﬁnem,
3485 1335 3627 1392 Mat-

1969 1418 2178 1474 thmus.

329 1512 699 1584 Ἐμνήσθησαν
754 1542 822 1550 -
867 1530 947 1583 με.
1011 1515 1308 1583 Γέγραπται
1359 1513 1460 1585 γὰρ
1529 1509 1575 1562 ἐν
1641 1518 1702 1583 τῇ
1771 1509 1861 1582 βί-

2038 1507 2198 1562 Vers.
2247 1511 2328 1561 17.
2370 1507 2692 1563 Recordati
2717 1538 2788 1548 —
2810 1523 2917 1563 me.
2952 1511 3098 1564 Nam
3131 1508 3190 1564 id
3214 1511 3499 1583 scriptum
3539 1517 3629 1570 est

246 1601 358 1673 ϐλῳ
403 1610 502 1653 τῶν
550 1601 792 1674 Ψαλμῶν.
847 1600 1009 1659 Ζῆλον
1061 1597 1120 1653 δὲ
1165 1599 1298 1672 λέγει
1352 1609 1439 1652 νῦν
1496 1605 1586 1658 τὴν
1647 1597 1858 1652 δικαίαν

2001 1612 2030 1650 n
2077 1595 2222 1652 libro
2267 1596 2643 1653 Psalmorum
2687 1597 2754 1651 ⁴⁰.
2806 1596 3007 1652 Zelum
3039 1604 3237 1654 autem
3281 1599 3419 1656 dicit
3467 1617 3628 1658 nunc

244 1694 634 1762 ἀγανάκτησιν·
694 1692 1062 1762 Καταφάγεται
1109 1686 1188 1755 δὲ,
1223 1689 1335 1742 ἀντὶ
1374 1699 1488 1761 τοῦ,
1531 1685 1740 1765 Σφόδρα
1783 1689 1858 1760 (ti)

2002 1694 2189 1740 ustam
2223 1684 2720 1756 indignationem.
2745 1687 3030 1756 Comedit,
3049 1687 3163 1742 hoc
3185 1693 3294 1754 est,
3313 1688 3483 1744 valde
3502 1706 3629 1747 am-

242 1801 349 1856 περ
359 1780 506 1853 ιλάϐῇ
516 1823 532 1847 ,
559 1780 887 1853 καταφλέξει.

1895 1799 1936 1853 Β
1972 1774 2244 1845 plectitur
2274 1781 2327 1828 et
2368 1773 2701 1830 inﬂammat
2742 1789 2854 1829 me.

329 1875 441 1944 Χρὴ
483 1867 542 1923 δε
589 1876 863 1942 γινώσκειν
916 1871 995 1921 ὅτι
1049 1874 1274 1929 ποιήσας
1325 1872 1382 1920 τὸ
1436 1867 1734 1944 φραγέλλιον
1785 1867 1860 1938 (7)

2045 1864 2201 1918 Scire
2245 1869 2444 1918 autem
2491 1869 2741 1935 oportet,
2781 1863 2946 1936 quod
2995 1864 3274 1921 homines
3323 1866 3478 1923 facto
3525 1866 3629 1924 ﬂa-

246 1960 320 2014 οὐ
369 1963 488 2022 τοὺς
543 1958 844 2033 ἀνθρώπους
889 1957 1090 2028 ἔτυψεν,
1125 1956 1252 2010 ἀλλὰ
1285 1960 1497 2019 τούτους
1526 1961 1614 2030 μὲν
1642 1955 1863 2028 ἐφόϐησε

2002 1951 2127 2018 :ello
2179 1968 2300 2009 non
2356 1953 2700 2018 verberavit,
2762 1954 2866 2009 sed
2924 1953 3087 2027 ipsos
3145 1956 3391 2028 quidem
3449 1962 3629 2014 exter-

242 2054 347 2103 καὶ
377 2048 632 2116 ἀπήλασε,
671 2052 737 2102 τὰ
785 2045 844 2102 δε
892 2047 1132 2122 πρόϐατα
1171 2052 1260 2100 καὶ
1289 2051 1405 2108 τοὺς
1437 2046 1569 2120 βόας
1595 2046 1749 2117 ἔτυψε
1773 2050 1862 2098 καὶ

2007 2041 2087 2096 uit
2133 2058 2204 2098 ac
2231 2041 2451 2115 expulit
2478 2057 2492 2110 ;
2523 2058 2666 2098 oves
2712 2059 2853 2100 vero
2897 2059 2965 2099 ac
2996 2044 3177 2100 boves
3209 2046 3543 2104 verberavit
3573 2052 3627 2104 et

244 2138 506 2204 ἕξέϐαλεν.

1973 2132 2161 2203 ejecit.

331 2228 716 2303 Ἀπεκρίθησαν
757 2259 826 2268 —-
870 2234 1068 2295 ποιεῖς;
1130 2231 1594 2299 Κατεγνωσμένους
1650 2226 1863 2288 ἑαυτούς

2045 2222 2208 2277 Vers.
2245 2224 2326 2277 18.
2362 2223 2812 2291 Responderunt
2851 2255 2918 2264 -—
2941 2225 3138 2294 facias
3159 2224 3188 2279 ?
3209 2225 3472 2284 Scientes
3503 2245 3627 2286 sese

248 2313 476 2384 εἰδότες,
506 2318 821 2389 ἐπιτιμῆσαι
863 2319 952 2389 μεν
982 2317 1075 2369 ούκ
1093 2315 1382 2388 ἐτόλμησαν
1415 2313 1575 2382 εἶπον,
1611 2313 1668 2368 δε
1700 2315 1859 2386 αύτῷ·

2000 2311 2426 2375 :ondemnatos,
2444 2312 2641 2384 ipsum
2657 2312 2900 2383 quidem
2916 2314 3348 2384 reprehendere
3365 2317 3494 2372 ausi
3508 2334 3627 2374 non

248 2404 472 2465 Ἐπειδὴ
504 2414 669 2459 ταῦτα
706 2414 887 2474 ποιεῖς,
921 2410 1082 2477 ἤγουν
1131 2403 1310 2464 ἐπειδὴ
1355 2406 1634 2475 αὖθεντείς,
1677 2411 1724 2458 τί
1769 2425 1860 2464 ση-

2010 2407 2132 2466 unt,
2167 2401 2272 2456 sed
2305 2401 2575 2455 dixerunt
2605 2399 2653 2455 ei
2695 2417 2708 2455 ε
2742 2399 2890 2456 Cum
2937 2402 3064 2457 haec
3095 2401 3296 2468 facias,
3341 2404 3464 2459 sive
3491 2420 3628 2463 cum

250 2504 398 2571 μεῖον
426 2493 674 2557 δεικνύεις
707 2498 831 2569 ἡμῖν
867 2503 960 2559 τῆς
993 2495 1256 2556 αύθεντίας
1283 2495 1358 2569 (8)
1387 2512 1400 2563 ;

2000 2488 2304 2544 lominium
2322 2488 2429 2544 tibi
2451 2488 2732 2558 vindices,
2747 2489 2911 2561 quod
2925 2490 3164 2560 signum
3178 2491 3441 2546 ostendis
3453 2491 3627 2548 nobis

1978 2584 2089 2633 tua:
2133 2577 2503 2634 auctoritatis
2523 2578 2550 2631 ?

329 2673 401 2728 Ὠ
447 2675 639 2737 πολλῆς
696 2673 916 2736 ἀνοίαςὶ
973 2671 1087 2726 δέον
1143 2676 1243 2748 γὰρ
1313 2673 1723 2745 εὐγνωμονῆσαι,
1775 2677 1865 2725 καὶ

2046 2669 2090 2724 Ο
2144 2667 2444 2735 ingentem
2497 2665 2894 2724 dementiam!
2946 2683 3083 2723 cum
3127 2666 3453 2724 benevolos
3506 2685 3633 2727 esse

259 2766 531 2818 ἐπαινέσαι
581 2764 758 2833 αὑτὸν,
800 2765 870 2825 ὠς
919 2762 1285 2826 ἀπαλλάξαντα
1322 2765 1408 2815 τὸν
1447 2759 1586 2814 οἶκον
1611 2771 1701 2814 τού
1732 2770 1864 2815 Θεοῦ

2008 2761 2262 2828 ιροτιεοῑ,
2291 2755 2896 2828 ipsumquelaudare,
2932 2756 3033 2828 qui
3060 2755 3309 2822 domum
3343 2756 3440 2813 Dei
3472 2763 3635 2817 tanta

261 2856 528 2915 τοσαύτης
585 2853 869 2924 αἰσχύνης·
928 2852 976 2904 οἱ
1025 2847 1082 2903 δε
1141 2858 1354 2922 σημεῖον
1414 2849 1724 2911 ἐπιζητοῦσι
1775 2859 1888 2926 τῆς,

2001 2851 2253 2916 iurgaret
2281 2845 2630 2915 ignominia,
2668 2844 3033 2901 auctoritatis
3065 2845 3303 2918 signum
3333 2854 3628 2919 quaerunt,

264 2942 519 3006 ἐξουσίας,
555 2945 720 3014 φθόνῳ
762 2945 1058 3013 τηκόμενοι,
1104 2944 1192 2991 καὶ
1221 2939 1519 3011 μελετῶντες
1571 2939 1864 3011 ἐπισκῆψαι

2000 2935 2196 2991 nvidia
2226 2934 2613 3000 tabescentes,
2650 2939 2707 2989 et
2757 2934 2998 3006 signum
3044 2951 3284 3008 carpere
3337 2937 3627 2996 volentes.

261 3039 333 3102 τῷ
353 3035 679 3104 γενησομένῳ
705 3035 926 3102 σημείῳ.
963 3033 1062 3084 Καὶ
1094 3031 1195 3101 γὰρ
1235 3033 1324 3081 καὶ
1351 3028 1530 3080 ἄλλοτε
1559 3029 1745 3099 ἔλεγον·
1781 3028 1862 3082 Ἐν

2003 3029 2117 3080 iam
2149 3024 2287 3080 alibi
2328 3040 2569 3098 quoque
2595 3023 2872 3080 dixerunt
2901 3041 2912 3080 :
2947 3024 3016 3082 In
3039 3040 3158 3096 qua
3193 3032 3474 3095 potestate
3506 3026 3630 3084 haec

259 3125 388 3172 ποία
417 3118 628 3192 ἐξουσίᾳ
657 3127 824 3172 ταῦτα
852 3126 1013 3180 ποιεῖς
1036 3136 1050 3186 ;

609 3140 628 3192 ξι
657 3127 824 3172 ταῦτα
852 3126 1050 3186 ποιεῖς;
1892 3154 1933 3211 C
1969 3115 2119 3186 facis
2151 3115 2236 3171 ⁴¹⁶ἶ

336 3209 615 3284 ’Δπεκρίθη
666 3241 734 3249 -
793 3209 970 3261 αὐτόν.
1030 3216 1246 3281 Σημεῖόν
1305 3217 1399 3271 τῆς
1465 3207 1736 3268 αύθεντίας
1783 3207 1861 3278 (9)
1898 3202 1932 3211 ν

2045 3203 2204 3259 Vers.
2237 3203 2320 3259 19.
2354 3202 2672 3272 Respondit
2718 3234 2783 3243 —
2807 3202 3013 3274 ipsum.
3057 3203 3337 3260 Potentiae
3372 3221 3490 3260 sua
3527 3222 3629 3264 au-

264 3296 491 3352 δίδωσιν
558 3299 736 3361 αύτοῐς
810 3303 904 3356 τὴν
979 3303 1250 3373 τριήμερον
1313 3296 1600 3350 ἀνάστασιν
1680 3297 1858 3352 αὑτοῦ.

2008 3291 2254 3348 toritatis
2295 3291 2529 3361 signum
2568 3291 2673 3347 dat
2724 3291 2830 3362 eis,
2875 3297 3021 3364 puta
3079 3293 3230 3348 tertii
3278 3293 3392 3350 diei
3434 3309 3628 3352 resur-

261 3393 400 3443 Ναὸν
428 3391 530 3462 γὰρ
593 3393 652 3442 τὸ
704 3388 888 3442 ἑαυτοῦ
936 3396 1090 3460 σῶμα
1135 3387 1288 3458 λέγει·
1349 3390 1467 3448 ναὸς
1503 3389 1603 3459 γὰρ
1657 3392 1746 3440 καὶ
1785 3384 1862 3438 οἶ-

1994 3383 2312 3437 ’θοιίοῐιθω.
2339 3384 2484 3438 Nam
2505 3380 2794 3454 templum
2813 3381 2951 3436 dicit
2978 3398 3196 3454 corpus
3216 3399 3414 3451 suum,
3434 3384 3621 3456 ipsum

261 3499 350 3542 κος
399 3484 554 3530 τούτο
613 3477 754 3532 ἔστιν
803 3478 861 3530 ού
917 3482 1071 3550 μόνον
1120 3485 1211 3538 τῆς
1248 3477 1454 3549 ψυχῆς,
1498 3475 1624 3528 ἀλλὰ
1655 3481 1865 3540 καὶτῆς

2005 3472 2129 3528 nim
2150 3471 2368 3527 domus
2388 3475 2479 3527 est
2509 3476 2565 3526 et
2587 3471 2869 3542 templum
2895 3487 3015 3527 non
3037 3472 3251 3527 anima:
3277 3472 3493 3541 solum,
3529 3490 3627 3531 ve-

264 3571 526 3630 θεότητος.

1969 3578 2104 3618 rum
2144 3561 2320 3617 etiam
2349 3561 2695 3616 divinitatis.

336 3661 545 3711 Λύσατε
591 3653 651 3710 δε
722 3675 878 3723 ειπεν,
941 3655 998 3708 ού
1053 3659 1349 3728 προτρέπων
1413 3654 1602 3716 αύτούς
1658 3655 1725 3716 εἰς
1779 3659 1862 3708 τὸν

2040 3649 2268 3708 Solvite
2297 3655 2498 3706 autem
2538 3649 2704 3717 dixit,
2736 3665 2860 3706 non
2906 3650 3235 3706 adhortans
3273 3667 3376 3707 eos
3416 3650 3493 3710 ad
3535 3653 3629 3709 sui

261 3746 380 3798 καθ’
409 3747 592 3798 ἑαυτοῦ
632 3750 796 3818 φόνον,
848 3744 953 3797 ἀλλ’
1007 3747 1128 3818 ὅπερ
1188 3743 1480 3815 ἐγίνωσκεν,
1511 3746 1590 3796 ὅτι
1639 3741 1866 3818 θράσους

2003 3740 2458 3803 nterfectionem,
2524 3739 2632 3794 sed
2687 3739 2830 3811 quia
2896 3741 3173 3809 cognovit
3216 3741 3381 3813 quod
3419 3740 3630 3798 facturi

266 3853 368 3900 σιν,
406 3837 538 3888 εἶπεν
569 3836 762 3895 ἠθικῶς
805 3834 852 3886 ἐν
888 3839 1106 3905 τοιούτῳ
1147 3840 1387 3906 σχήματι
1430 3833 1607 3904 λόγου.
1655 3837 1866 3886 Λύσατε

2009 3835 2159 3895 rant,
2191 3829 2503 3899 ﬁgurativo
2531 3843 2805 3884 sermone
2849 3829 3147 3900 praedixit.
3207 3829 3418 3886 Solvite
3466 3847 3629 3902 ergo,

266 3921 347 3990 δε,
382 3928 500 3983 ἤτοι
524 3923 922 3996 καταστρεψατε
953 3924 1024 3987 εἰς
1049 3931 1168 3994 γῆν,
1205 3919 1508 3986 διαζεύξατε
1535 3930 1628 3985 τῆς
1655 3923 1809 3993 ψυχή’
1823 3943 1863 3985 ς,

2005 3920 2112 3985 ive,
2143 3920 2204 3974 In
2246 3924 2464 3974 terram
2505 3917 2847 3983 subvertite,
2877 3917 2956 3974 ab
2996 3917 3202 3974 anima
3240 3923 3537 3992 separate,
3573 3926 3631 3977 et

264 4017 322 4066 ).ύ
331 4033 454 4068 σατε
483 4022 575 4066 τοῦ
609 4011 926 4086 συνδέσμου.

1973 4008 2461 4079 conjunctionem
2495 4023 2630 4080 que
2672 4023 2810 4063 cum
2841 4005 2940 4063 illa
2972 4013 3059 4062 est
3089 4007 3413 4064 dissolvite.

338 4101 492 4156 Εἶπον
548 4134 617 4143 —
677 4102 858 4156 αύτοῦ.
923 4102 981 4156 Ἠ
1036 4105 1265 4176 προτέρα
1334 4105 1424 4174 μεν
1477 4097 1731 4173 οἰκοδομὴ
1792 4097 1864 4154 δι’

2044 4096 2212 4154 Vers.
2242 4101 2332 4152 20.
2373 4098 2675 4154 Dixerunt
2701 4128 2768 4139 —
2809 4097 2974 4152 Vers.
3018 4097 3106 4152 21.
3157 4096 3275 4154 sui.
3315 4099 3475 4154 Prior
3503 4097 3632 4171 qui-

265 4191 389 4244 ἐτῶν
444 4195 610 4246 εἴκοσι
659 4193 1055 4249 κατεσκευάσθη
1122 4193 1265 4266 παρὰ
1331 4190 1672 4263 Σολομῶντος·
1729 4193 1758 4250 ἡ
1810 4193 1865 4240 ύ-

2006 4189 2112 4244 lem
2165 4191 2458 4242 structura
2505 4185 2712 4256 viginti
2759 4185 2932 4242 annis
2984 4186 3303 4242 Salomone
3358 4185 3633 4243 absoluta

268 4286 425 4356 στέρα
469 4279 526 4334 δε
570 4278 664 4334 διὰ
711 4284 1102 4354 τεσσάράκοντά
1133 4286 1222 4332 καὶ
1273 4280 1324 4344 ἓξ
1370 4283 1511 4354 παρὰ
1553 4279 1862 4354 Ζοροϐάϐελ..

2000 4281 2080 4341 :st,
2110 4275 2296 4342 altera
2323 4291 2464 4330 vero
2488 4291 2586 4347 per
2609 4274 3010 4349 quadraginta
3033 4281 3089 4332 et
3105 4292 3207 4332 sex
3231 4276 3627 4333 aZorobabel.

264 4378 365 4431 Τῆς
411 4375 660 4444 προτέρας
721 4373 822 4444 γὰρ
886 4371 1286 4442 καθαιρεθείσης
1345 4371 1443 4422 ὑπό
1510 4368 1862 4436 Βαϐυλωνίών,

2006 4366 2158 4422 ’riori
2201 4381 2462 4438 namque
2492 4381 2528 4420 a
2557 4364 2896 4436 Babyloniis
2929 4364 3254 4434 destructa,
3300 4370 3497 4440 coepta
3544 4371 3633 4424 est

266 4459 456 4533 ἤρξατο
519 4466 547 4519 ἧ
604 4463 799 4534 ὑστέρα
852 4463 989 4512 κατὰ
1033 4463 1090 4512 τό
1143 4469 1342 4534 πρῶτον
1395 4460 1500 4518 ἔτος
1553 4467 1644 4518 τῆς
1707 4456 1866 4531 βασι-

2005 4455 2267 4511 iostcrior
2297 4453 2453 4509 circa
2481 4469 2708 4510 annum
2739 4453 2997 4528 primum
3045 4454 3202 4526 regis
3224 4455 3380 4527 Cyri:
3415 4453 3632 4512 deinde

265 4551 403 4613 λείας
448 4553 637 4624 Κύρου.
700 4547 819 4604 Εἶτα
863 4553 1026 4621 φθόνῳ
1055 4553 1143 4601 καὶ
1180 4545 1398 4620 διαϐολῇ
1441 4556 1540 4601 τῶν
1570 4551 1864 4621 προσοίκων

2006 4544 2202 4600 nvidia
2227 4547 2283 4599 et
2302 4541 2604 4600 calumnia
2621 4527 3212 4600 circiimmorantium
3232 4541 3633 4601 Samaritano-

265 4648 593 4715 Σαμαρειτῶν
653 4638 1017 4712 ἕπισχεθεῐσα,
1090 4635 1337 4710 διέμεινεν
1399 4637 1564 4699 οὕτως
1591 4639 1676 4694 ἔτη
1749 4655 1866 4688 τεσ-

2001 4649 2110 4689 ιυω
2151 4633 2457 4704 impedita,
2505 4631 2586 4687 ita
2627 4632 3024 4704 quadraginta
3069 4632 3240 4688 annis
3281 4633 3628 4715 permansit.

269 4733 586 4803 σαράκοντα.
640 4732 783 4783 Κατά
829 4725 888 4781 δε
942 4732 998 4780 τὸ
1046 4724 1284 4800 δεύτερον
1330 4730 1440 4789 ἔτος
1468 4734 1561 4787 τῆς
1590 4723 1863 4800 βασιλείας

2004 4723 2142 4778 lirca
2165 4723 2493 4777 secundum
2513 4737 2649 4776 vero
2671 4736 2899 4776 annum
2923 4713 3400 4796 DariiHystaspis
3417 4723 3631 4782 missus

265 4825 479 4892 Δαρείου
525 4827 616 4872 τοῦ
671 4819 991 4887 Ὑστάσπου,
1051 4815 1338 4891 Ζοροϐάϐελ
1398 4814 1711 4876 ἀποσταλεὶς
1765 4813 1862 4867 ἔτεα

2004 4810 2309 4868 Iorobabel
2329 4810 2391 4865 in
2418 4825 2518 4865 sex
2541 4809 2716 4866 annis
2742 4809 2938 4881 ipsam
2963 4809 3242 4883 perfecit;
3269 4817 3324 4868 et
3351 4811 3429 4868 ita
3456 4813 3631 4868 annis

263 4907 471 4961 λείωσεν
512 4909 674 4968 αὐτὴν
737 4911 785 4960 ἓν
817 4911 979 4961 ἔτεσιν
1006 4907 1078 4969 ἐξ.
1123 4911 1223 4959 Καὶ
1253 4905 1418 4968 οὕτως
1469 4903 1517 4957 ἓν
1558 4907 1696 4958 ἔτεσι
1741 4923 1862 4957 τεσ-

2004 4899 2380 4975 [uadraginta
2395 4902 2450 4955 et
2463 4915 2565 4955 sex
2591 4898 2951 4956 aediﬁcatum
2964 4906 3054 4957 est
3079 4900 3369 4973 templum
3395 4901 3495 4974 qui
3518 4919 3631 4959 nu-

339 5142 384 5175 ³⁹
413 5139 618 5197 Matth.
656 5158 770 5206 xxi,
820 5143 898 5196 t3.
1015 5140 1062 5174 ‘°
1091 5138 1247 5198 Psal.
1274 5153 1468 5214 vam,
1510 5141 1593 5196 10.
1707 5138 1751 5173 ⁴¹
1797 5136 2000 5194 Matth.
2035 5152 2153 5200 xxI,
2187 5139 2238 5189 2.

1479 5369 1708 5446 Varias
1743 5368 2070 5438 lectiones
2114 5376 2406 5435 etnotae.

339 5610 417 5689 _(6)
451 5603 1242 5689 CorrigempQuestqudem
1271 5603 1429 5686 enim
1454 5603 1635 5689 utitur
1655 5603 1868 5689 Butby-
2166 5598 2472 5689 φραγγελιον
2494 5599 2578 5689 ᾹΑ.

266 5674 426 5738 mins
451 5682 528 5738 ad
555 5674 754 5736 Matth.
778 5674 934 5742 "xxvi,
964 5681 1044 5743 13,
1073 5680 1161 5733 32.
1194 5675 1401 5733 Nescio
1423 5691 1528 5732 cur
1544 5674 1868 5734 Hentenius

921 5719 934 5742 ,
964 5681 1044 5743 13,
1073 5680 1161 5733 32.
1194 5675 1401 5733 Nescio
1423 5691 1528 5732 cur
1544 5674 1868 5734 Hentenius
2050 5674 2122 5743 (8)
2149 5674 2449 5732 Αύθεντείας
2477 5674 2542 5726 Α.

266 5673 426 5738 mins
451 5682 528 5738 ad
555 5673 754 5736 Matth.
778 5673 934 5742 "xxvi,
964 5681 1044 5743 13,
1073 5680 1161 5733 32.
1194 5675 1401 5733 Nescio
1423 5691 1528 5732 cur
1544 5673 1868 5734 Hentenius

266 5754 584 5828 praesentia
611 5767 722 5824 pro
751 5749 960 5808 futuris
982 5741 1228 5806 dederit.

964 5681 1044 5743 13,
1073 5680 1161 5733 32.
1194 5675 1401 5733 Nescio
1423 5691 1528 5732 cur
1544 5673 1868 5734 Hentenius
2068 5675 2101 5728 8
2149 5673 2449 5732 Αύθεντείας
2477 5674 2543 5726 Α.

934 5767 960 5805 3
982 5741 1228 5806 dederit.
2047 5673 2126 5817 ἓθ)
2166 5745 2470 5804 Αύθεντείας
2498 5748 2561 5802 Α.
