  <div class='ocr_page' id='page_1' title='image "/cluster/home/n/w/nwhite01/storage/ocr_20150623/129/mdp.39015061528470/613.png"; bbox 0 0 4120 6310; ppageno 0'>
   <div class='ocr_carea' id='block_1_1' title="bbox 574 319 714 374">
    <p class='ocr_par' dir='ltr' id='par_1_1' title="bbox 574 319 714 374">
     <span class='ocr_line' id='line_1_1' title="bbox 574 319 714 374; baseline -0.007 0"><span class='ocrx_word' id='word_1_1' title='bbox 574 319 714 374; x_wconf 80' lang='grc'><strong>1159</strong></span> 
     </span>
    </p>
   </div>
   <div class='ocr_carea' id='block_1_2' title="bbox 1893 312 2616 372">
    <p class='ocr_par' dir='ltr' id='par_1_2' title="bbox 1893 312 2616 372">
     <span class='ocr_line' id='line_1_2' title="bbox 1893 312 2616 372; baseline 0.001 -1"><span class='ocrx_word' id='word_1_2' title='bbox 1893 313 2242 372; x_wconf 83' lang='lat' dir='ltr'>EUTHYMII</span> <span class='ocrx_word' id='word_1_3' title='bbox 2283 312 2616 372; x_wconf 86' lang='lat' dir='ltr'>ZIGABENI</span> 
     </span>
    </p>
   </div>
   <div class='ocr_carea' id='block_1_3' title="bbox 3808 319 3932 376">
    <p class='ocr_par' dir='ltr' id='par_1_3' title="bbox 3808 319 3932 376">
     <span class='ocr_line' id='line_1_3' title="bbox 3808 319 3932 376; baseline 0.016 -1"><span class='ocrx_word' id='word_1_4' title='bbox 3808 319 3932 376; x_wconf 75' lang='lat'>“60</span> 
     </span>
    </p>
   </div>
   <div class='ocr_carea' id='block_1_4' title="bbox 570 441 2222 519">
    <p class='ocr_par' dir='ltr' id='par_1_4' title="bbox 570 441 2222 516">
     <span class='ocr_line' id='line_1_4' title="bbox 570 441 2222 516; baseline -0.003 -15"><span class='ocrx_word' id='word_1_5' title='bbox 570 448 878 501; x_wconf 89' lang='lat' dir='ltr'>merantur</span> <span class='ocrx_word' id='word_1_6' title='bbox 907 441 984 499; x_wconf 87' lang='lat' dir='ltr'>ad</span> <span class='ocrx_word' id='word_1_7' title='bbox 1010 442 1178 498; x_wconf 92' lang='lat' dir='ltr'>initio</span> <span class='ocrx_word' id='word_1_8' title='bbox 1195 441 1610 498; x_wconf 83' lang='lat' dir='ltr'>aediﬁcationis</span> <span class='ocrx_word' id='word_1_9' title='bbox 1637 458 1826 516; x_wconf 90' lang='lat' dir='ltr'>usque</span> <span class='ocrx_word' id='word_1_10' title='bbox 1842 443 1917 499; x_wconf 88' lang='lat' dir='ltr'>ad</span> <span class='ocrx_word' id='word_1_11' title='bbox 1945 457 2222 499; x_wconf 89' lang='lat' dir='ltr'>consum-</span> 
     </span>
    </p>
   </div>
   <div class='ocr_carea' id='block_1_5' title="bbox 2332 441 3934 519">
    <p class='ocr_par' dir='ltr' id='par_1_5' title="bbox 2339 441 3934 519">
     <span class='ocr_line' id='line_1_5' title="bbox 2339 441 3934 519; baseline 0.003 -26"><span class='ocrx_word' id='word_1_12' title='bbox 2339 444 2634 517; x_wconf 76' lang='grc' dir='ltr'>σαράκοντα</span> <span class='ocrx_word' id='word_1_13' title='bbox 2659 444 2749 496; x_wconf 86' lang='grc' dir='ltr'><strong>καί</strong></span> <span class='ocrx_word' id='word_1_14' title='bbox 2765 443 2818 508; x_wconf 80' lang='grc' dir='ltr'>ἓξ</span> <span class='ocrx_word' id='word_1_15' title='bbox 2839 441 3156 516; x_wconf 78' lang='grc' dir='ltr'>ᾠκοδομήθη</span> <span class='ocrx_word' id='word_1_16' title='bbox 3191 444 3216 495; x_wconf 87' lang='grc' dir='ltr'>ό</span> <span class='ocrx_word' id='word_1_17' title='bbox 3245 446 3386 506; x_wconf 81' lang='grc' dir='ltr'>ναός,</span> <span class='ocrx_word' id='word_1_18' title='bbox 3417 443 3934 519; x_wconf 82' lang='grc' dir='ltr'>ἀριθμουμένοιςάπό</span> 
     </span>
    </p>
   </div>
   <div class='ocr_carea' id='block_1_6' title="bbox 571 533 922 590">
    <p class='ocr_par' dir='ltr' id='par_1_6' title="bbox 571 533 922 590">
     <span class='ocr_line' id='line_1_6' title="bbox 571 533 922 590; baseline -0.003 0"><span class='ocrx_word' id='word_1_19' title='bbox 571 533 896 590; x_wconf 89' lang='lat' dir='ltr'>mationem</span> <span class='ocrx_word' id='word_1_20' title='bbox 909 576 922 589; x_wconf 93' lang='lat'>.</span> 
     </span>
    </p>
   </div>
   <div class='ocr_carea' id='block_1_7' title="bbox 643 621 2230 692">
    <p class='ocr_par' dir='ltr' id='par_1_7' title="bbox 643 621 2230 692">
     <span class='ocr_line' id='line_1_7' title="bbox 643 621 2230 692; baseline -0.001 -14"><span class='ocrx_word' id='word_1_21' title='bbox 643 625 805 679; x_wconf 89' lang='lat' dir='ltr'>Vers.</span> <span class='ocrx_word' id='word_1_22' title='bbox 835 625 923 676; x_wconf 86' lang='lat'>22.</span> <span class='ocrx_word' id='word_1_23' title='bbox 974 622 1225 690; x_wconf 84' lang='lat' dir='ltr'>Quando</span> <span class='ocrx_word' id='word_1_24' title='bbox 1251 654 1319 662; x_wconf 93' lang='lat'>-—</span> <span class='ocrx_word' id='word_1_25' title='bbox 1348 624 1491 692; x_wconf 81' lang='lat' dir='ltr'>ejus.</span> <span class='ocrx_word' id='word_1_26' title='bbox 1535 625 1680 679; x_wconf 91' lang='lat' dir='ltr'>Cum</span> <span class='ocrx_word' id='word_1_27' title='bbox 1699 626 1900 678; x_wconf 90' lang='lat' dir='ltr'>autem</span> <span class='ocrx_word' id='word_1_28' title='bbox 1929 621 2044 678; x_wconf 88' lang='lat' dir='ltr'>hoc</span> <span class='ocrx_word' id='word_1_29' title='bbox 2075 621 2230 676; x_wconf 92' lang='lat' dir='ltr'>dice-</span> 
     </span>
    </p>
   </div>
   <div class='ocr_carea' id='block_1_8' title="bbox 572 711 2226 783">
    <p class='ocr_par' dir='ltr' id='par_1_8' title="bbox 572 711 2226 783">
     <span class='ocr_line' id='line_1_8' title="bbox 572 711 2226 783; baseline -0.002 -15"><span class='ocrx_word' id='word_1_30' title='bbox 572 719 676 778; x_wconf 88' lang='lat' dir='ltr'>ret,</span> <span class='ocrx_word' id='word_1_31' title='bbox 708 711 1086 777; x_wconf 68' lang='lat' dir='ltr'>haesitabant,</span> <span class='ocrx_word' id='word_1_32' title='bbox 1129 712 1420 783; x_wconf 87' lang='lat' dir='ltr'>quidnam</span> <span class='ocrx_word' id='word_1_33' title='bbox 1463 711 1699 776; x_wconf 81' lang='lat' dir='ltr'>diceret,</span> <span class='ocrx_word' id='word_1_34' title='bbox 1740 727 1847 767; x_wconf 90' lang='lat' dir='ltr'>nec</span> <span class='ocrx_word' id='word_1_35' title='bbox 1888 711 2226 768; x_wconf 84' lang='lat' dir='ltr'>credebant.</span> 
     </span>
    </p>
   </div>
   <div class='ocr_carea' id='block_1_9' title="bbox 572 800 2228 875">
    <p class='ocr_par' dir='ltr' id='par_1_9' title="bbox 572 800 2228 875">
     <span class='ocr_line' id='line_1_9' title="bbox 572 800 2228 875; baseline -0.002 -16"><span class='ocrx_word' id='word_1_36' title='bbox 572 803 753 859; x_wconf 86' lang='lat' dir='ltr'>Multa</span> <span class='ocrx_word' id='word_1_37' title='bbox 783 818 1022 875; x_wconf 87' lang='lat' dir='ltr'>quoque</span> <span class='ocrx_word' id='word_1_38' title='bbox 1062 801 1200 857; x_wconf 87' lang='lat' dir='ltr'>talia</span> <span class='ocrx_word' id='word_1_39' title='bbox 1228 800 1509 874; x_wconf 82' lang='lat' dir='ltr'>loquitur,</span> <span class='ocrx_word' id='word_1_40' title='bbox 1561 802 1824 874; x_wconf 88' lang='lat' dir='ltr'>primum</span> <span class='ocrx_word' id='word_1_41' title='bbox 1854 800 2100 874; x_wconf 89' lang='lat' dir='ltr'>quidem</span> <span class='ocrx_word' id='word_1_42' title='bbox 2133 816 2228 856; x_wconf 87' lang='lat' dir='ltr'>au-</span> 
     </span>
    </p>
   </div>
   <div class='ocr_carea' id='block_1_10' title="bbox 573 890 2232 962">
    <p class='ocr_par' dir='ltr' id='par_1_10' title="bbox 573 890 2232 962">
     <span class='ocr_line' id='line_1_10' title="bbox 573 890 2232 962; baseline -0.002 -14"><span class='ocrx_word' id='word_1_43' title='bbox 573 892 873 948; x_wconf 90' lang='lat' dir='ltr'>dientibus</span> <span class='ocrx_word' id='word_1_44' title='bbox 899 893 1144 961; x_wconf 89' lang='lat' dir='ltr'>incerta,</span> <span class='ocrx_word' id='word_1_45' title='bbox 1175 891 1561 962; x_wconf 79' lang='lat' dir='ltr'>postmodum</span> <span class='ocrx_word' id='word_1_46' title='bbox 1601 907 1735 947; x_wconf 88' lang='lat' dir='ltr'>vero</span> <span class='ocrx_word' id='word_1_47' title='bbox 1780 890 2114 954; x_wconf 88' lang='lat' dir='ltr'>manifesta,</span> <span class='ocrx_word' id='word_1_48' title='bbox 2166 893 2232 944; x_wconf 92' lang='lat' dir='ltr'>ut</span> 
     </span>
    </p>
   </div>
   <div class='ocr_carea' id='block_1_11' title="bbox 573 980 1741 1052">
    <p class='ocr_par' dir='ltr' id='par_1_11' title="bbox 573 980 1741 1052">
     <span class='ocr_line' id='line_1_11' title="bbox 573 980 1741 1052; baseline -0.004 -13"><span class='ocrx_word' id='word_1_49' title='bbox 573 983 925 1039; x_wconf 82' lang='lat' dir='ltr'>ostendatur</span> <span class='ocrx_word' id='word_1_50' title='bbox 949 980 1294 1052; x_wconf 67' lang='lat' dir='ltr'>praevidisse</span> <span class='ocrx_word' id='word_1_51' title='bbox 1325 996 1458 1052; x_wconf 74' lang='lat' dir='ltr'>quae</span> <span class='ocrx_word' id='word_1_52' title='bbox 1484 980 1741 1036; x_wconf 90' lang='lat' dir='ltr'>dicebat.</span> 
     </span>
    </p>
   </div>
   <div class='ocr_carea' id='block_1_12' title="bbox 644 1063 2231 1140">
    <p class='ocr_par' dir='ltr' id='par_1_12' title="bbox 644 1063 2231 1140">
     <span class='ocr_line' id='line_1_12' title="bbox 644 1063 2231 1140; baseline -0.003 -17"><span class='ocrx_word' id='word_1_53' title='bbox 644 1069 714 1123; x_wconf 93' lang='lat' dir='ltr'>Et</span> <span class='ocrx_word' id='word_1_54' title='bbox 750 1082 936 1140; x_wconf 90' lang='lat' dir='ltr'>quare</span> <span class='ocrx_word' id='word_1_55' title='bbox 989 1067 1250 1136; x_wconf 82' lang='lat' dir='ltr'>aenigma</span> <span class='ocrx_word' id='word_1_56' title='bbox 1301 1082 1417 1121; x_wconf 94' lang='lat' dir='ltr'>non</span> <span class='ocrx_word' id='word_1_57' title='bbox 1478 1065 1746 1122; x_wconf 87' lang='lat' dir='ltr'>dissolvit</span> <span class='ocrx_word' id='word_1_58' title='bbox 1810 1065 2013 1121; x_wconf 87' lang='lat' dir='ltr'>dicens</span> <span class='ocrx_word' id='word_1_59' title='bbox 2064 1063 2231 1138; x_wconf 89' lang='lat' dir='ltr'>quod</span> 
     </span>
    </p>
   </div>
   <div class='ocr_carea' id='block_1_13' title="bbox 574 1153 2229 1229">
    <p class='ocr_par' dir='ltr' id='par_1_13' title="bbox 574 1153 2229 1229">
     <span class='ocr_line' id='line_1_13' title="bbox 574 1153 2229 1229; baseline -0.003 -15"><span class='ocrx_word' id='word_1_60' title='bbox 574 1157 866 1229; x_wconf 89' lang='lat' dir='ltr'>templum</span> <span class='ocrx_word' id='word_1_61' title='bbox 897 1156 1248 1226; x_wconf 83' lang='lat' dir='ltr'>intelligeret</span> <span class='ocrx_word' id='word_1_62' title='bbox 1292 1171 1507 1226; x_wconf 91' lang='lat' dir='ltr'>corpus</span> <span class='ocrx_word' id='word_1_63' title='bbox 1529 1171 1706 1211; x_wconf 91' lang='lat' dir='ltr'>suum</span> <span class='ocrx_word' id='word_1_64' title='bbox 1735 1154 1763 1210; x_wconf 79' lang='lat'><strong>?</strong></span> <span class='ocrx_word' id='word_1_65' title='bbox 1784 1155 1932 1221; x_wconf 85' lang='lat' dir='ltr'>Quia</span> <span class='ocrx_word' id='word_1_66' title='bbox 1987 1161 2129 1210; x_wconf 92' lang='lat' dir='ltr'>tunc</span> <span class='ocrx_word' id='word_1_67' title='bbox 2178 1153 2229 1209; x_wconf 90' lang='lat' dir='ltr'>ei</span> 
     </span>
    </p>
   </div>
   <div class='ocr_carea' id='block_1_14' title="bbox 574 1243 2230 1317">
    <p class='ocr_par' dir='ltr' id='par_1_14' title="bbox 574 1243 2230 1317">
     <span class='ocr_line' id='line_1_14' title="bbox 574 1243 2230 1317; baseline 0 -15"><span class='ocrx_word' id='word_1_68' title='bbox 574 1247 722 1302; x_wconf 86' lang='lat' dir='ltr'>ﬁdes</span> <span class='ocrx_word' id='word_1_69' title='bbox 743 1245 1026 1302; x_wconf 86' lang='lat' dir='ltr'>habenda</span> <span class='ocrx_word' id='word_1_70' title='bbox 1051 1261 1174 1301; x_wconf 92' lang='lat' dir='ltr'>non</span> <span class='ocrx_word' id='word_1_71' title='bbox 1207 1250 1350 1301; x_wconf 87' lang='lat' dir='ltr'>erat.</span> <span class='ocrx_word' id='word_1_72' title='bbox 1376 1243 1686 1317; x_wconf 86' lang='lat' dir='ltr'>Siquidem</span> <span class='ocrx_word' id='word_1_73' title='bbox 1722 1245 1846 1300; x_wconf 93' lang='lat' dir='ltr'>duo</span> <span class='ocrx_word' id='word_1_74' title='bbox 1873 1250 2012 1300; x_wconf 92' lang='lat' dir='ltr'>tunc</span> <span class='ocrx_word' id='word_1_75' title='bbox 2032 1245 2230 1302; x_wconf 80' lang='lat' dir='ltr'>obsta-</span> 
     </span>
    </p>
   </div>
   <div class='ocr_carea' id='block_1_15' title="bbox 573 1333 2230 1406">
    <p class='ocr_par' dir='ltr' id='par_1_15' title="bbox 573 1333 2230 1406">
     <span class='ocr_line' id='line_1_15' title="bbox 573 1333 2230 1406; baseline -0.001 -15"><span class='ocrx_word' id='word_1_76' title='bbox 573 1335 757 1391; x_wconf 89' lang='lat' dir='ltr'>bant:</span> <span class='ocrx_word' id='word_1_77' title='bbox 825 1351 1011 1390; x_wconf 91' lang='lat' dir='ltr'>unum</span> <span class='ocrx_word' id='word_1_78' title='bbox 1062 1334 1302 1406; x_wconf 90' lang='lat' dir='ltr'>quidem</span> <span class='ocrx_word' id='word_1_79' title='bbox 1353 1334 1800 1390; x_wconf 86' lang='lat' dir='ltr'>resurrectionis</span> <span class='ocrx_word' id='word_1_80' title='bbox 1848 1349 2021 1406; x_wconf 90' lang='lat' dir='ltr'>opus,</span> <span class='ocrx_word' id='word_1_81' title='bbox 2089 1333 2230 1390; x_wconf 87' lang='lat' dir='ltr'>alte-</span> 
     </span>
    </p>
   </div>
   <div class='ocr_carea' id='block_1_16' title="bbox 572 1423 2231 1498">
    <p class='ocr_par' dir='ltr' id='par_1_16' title="bbox 572 1423 2231 1498">
     <span class='ocr_line' id='line_1_16' title="bbox 572 1423 2231 1498; baseline -0.001 -17"><span class='ocrx_word' id='word_1_82' title='bbox 572 1441 706 1481; x_wconf 89' lang='lat' dir='ltr'>rum</span> <span class='ocrx_word' id='word_1_83' title='bbox 739 1441 876 1481; x_wconf 91' lang='lat' dir='ltr'>vero</span> <span class='ocrx_word' id='word_1_84' title='bbox 907 1423 1070 1498; x_wconf 90' lang='lat' dir='ltr'>quod</span> <span class='ocrx_word' id='word_1_85' title='bbox 1106 1427 1256 1480; x_wconf 90' lang='lat' dir='ltr'>Deus</span> <span class='ocrx_word' id='word_1_86' title='bbox 1286 1429 1459 1492; x_wconf 89' lang='lat' dir='ltr'>esset,</span> <span class='ocrx_word' id='word_1_87' title='bbox 1480 1424 1580 1495; x_wconf 91' lang='lat' dir='ltr'>qui</span> <span class='ocrx_word' id='word_1_88' title='bbox 1608 1423 1721 1479; x_wconf 85' lang='lat' dir='ltr'>tale</span> <span class='ocrx_word' id='word_1_89' title='bbox 1753 1423 2231 1496; x_wconf 85' lang='lat' dir='ltr'>templuminha-</span> 
     </span>
    </p>
   </div>
   <div class='ocr_carea' id='block_1_17' title="bbox 571 1513 804 1570">
    <p class='ocr_par' dir='ltr' id='par_1_17' title="bbox 571 1513 804 1570">
     <span class='ocr_line' id='line_1_17' title="bbox 571 1513 804 1570; baseline 0 0"><span class='ocrx_word' id='word_1_90' title='bbox 571 1513 804 1570; x_wconf 87' lang='lat' dir='ltr'>bitaret.</span> 
     </span>
    </p>
   </div>
   <div class='ocr_carea' id='block_1_18' title="bbox 646 1601 2228 1674">
    <p class='ocr_par' dir='ltr' id='par_1_18' title="bbox 646 1601 2228 1674">
     <span class='ocr_line' id='line_1_18' title="bbox 646 1601 2228 1674; baseline 0.001 -18"><span class='ocrx_word' id='word_1_91' title='bbox 646 1603 811 1659; x_wconf 85' lang='lat' dir='ltr'>Vers.</span> <span class='ocrx_word' id='word_1_92' title='bbox 863 1607 952 1659; x_wconf 86' lang='lat'>23.</span> <span class='ocrx_word' id='word_1_93' title='bbox 991 1603 1132 1659; x_wconf 86' lang='lat' dir='ltr'>Cum</span> <span class='ocrx_word' id='word_1_94' title='bbox 1161 1635 1223 1644; x_wconf 93' lang='lat'>-—</span> <span class='ocrx_word' id='word_1_95' title='bbox 1253 1602 1524 1674; x_wconf 80' lang='lat' dir='ltr'>faciebat.</span> <span class='ocrx_word' id='word_1_96' title='bbox 1571 1601 1957 1658; x_wconf 83' lang='lat' dir='ltr'>Crediderunt</span> <span class='ocrx_word' id='word_1_97' title='bbox 2003 1603 2061 1658; x_wconf 92' lang='lat' dir='ltr'>in</span> <span class='ocrx_word' id='word_1_98' title='bbox 2093 1618 2228 1658; x_wconf 89' lang='lat' dir='ltr'>eum</span> 
     </span>
    </p>
   </div>
   <div class='ocr_carea' id='block_1_19' title="bbox 572 1691 2230 1758">
    <p class='ocr_par' dir='ltr' id='par_1_19' title="bbox 572 1691 2230 1758">
     <span class='ocr_line' id='line_1_19' title="bbox 572 1691 2230 1758; baseline 0 -10"><span class='ocrx_word' id='word_1_99' title='bbox 572 1707 696 1748; x_wconf 92' lang='lat' dir='ltr'>non</span> <span class='ocrx_word' id='word_1_100' title='bbox 733 1701 932 1749; x_wconf 87' lang='lat' dir='ltr'>tamen</span> <span class='ocrx_word' id='word_1_101' title='bbox 963 1691 1212 1748; x_wconf 84' lang='lat' dir='ltr'>ﬁrmiter</span> <span class='ocrx_word' id='word_1_102' title='bbox 1243 1708 1256 1745; x_wconf 87' lang='lat'>:</span> <span class='ocrx_word' id='word_1_103' title='bbox 1305 1708 1447 1748; x_wconf 90' lang='lat' dir='ltr'>nam</span> <span class='ocrx_word' id='word_1_104' title='bbox 1498 1691 1578 1747; x_wconf 90' lang='lat' dir='ltr'>illi</span> <span class='ocrx_word' id='word_1_105' title='bbox 1621 1691 1856 1748; x_wconf 86' lang='lat' dir='ltr'>ﬁrmius</span> <span class='ocrx_word' id='word_1_106' title='bbox 1887 1691 2230 1758; x_wconf 85' lang='lat' dir='ltr'>credebant,</span> 
     </span>
    </p>
   </div>
   <div class='ocr_carea' id='block_1_20' title="bbox 2336 531 3365 608">
    <p class='ocr_par' dir='ltr' id='par_1_20' title="bbox 2336 531 3365 608">
     <span class='ocr_line' id='line_1_20' title="bbox 2336 531 3365 608; baseline 0.005 -25"><span class='ocrx_word' id='word_1_107' title='bbox 2336 540 2425 593; x_wconf 84' lang='grc' dir='ltr'>τῆς</span> <span class='ocrx_word' id='word_1_108' title='bbox 2452 531 2697 608; x_wconf 77' lang='grc' dir='ltr'>ἐνςὶρξεως</span> <span class='ocrx_word' id='word_1_109' title='bbox 2723 537 2887 606; x_wconf 82' lang='grc' dir='ltr'>μέχρι</span> <span class='ocrx_word' id='word_1_110' title='bbox 2917 542 3011 595; x_wconf 84' lang='grc' dir='ltr'>τῆς</span> <span class='ocrx_word' id='word_1_111' title='bbox 3042 532 3365 593; x_wconf 75' lang='grc' dir='ltr'>τελειώσεως.</span> 
     </span>
    </p>
   </div>
   <div class='ocr_carea' id='block_1_21' title="bbox 2403 619 3935 698">
    <p class='ocr_par' dir='ltr' id='par_1_21' title="bbox 2403 619 3935 698">
     <span class='ocr_line' id='line_1_21' title="bbox 2403 619 3935 698; baseline 0.002 -24"><span class='ocrx_word' id='word_1_112' title='bbox 2403 620 2528 674; x_wconf 84' lang='grc' dir='ltr'>Ὀτε</span> <span class='ocrx_word' id='word_1_113' title='bbox 2557 654 2620 664; x_wconf 88' lang='grc'><strong><em>--</em></strong></span> <span class='ocrx_word' id='word_1_114' title='bbox 2652 623 2833 676; x_wconf 70' lang='grc' dir='ltr'>αὐτοῦ.</span> <span class='ocrx_word' id='word_1_115' title='bbox 2867 621 2987 675; x_wconf 87' lang='grc' dir='ltr'>Ὀτε</span> <span class='ocrx_word' id='word_1_116' title='bbox 3017 619 3074 674; x_wconf 75' lang='grc' dir='ltr'>δὲ</span> <span class='ocrx_word' id='word_1_117' title='bbox 3099 629 3253 674; x_wconf 86' lang='grc' dir='ltr'>τοῦτο</span> <span class='ocrx_word' id='word_1_118' title='bbox 3279 621 3467 694; x_wconf 72' lang='grc' dir='ltr'>ἔλεγεν,</span> <span class='ocrx_word' id='word_1_119' title='bbox 3485 623 3729 698; x_wconf 77' lang='grc' dir='ltr'>ἠπόρουν</span> <span class='ocrx_word' id='word_1_120' title='bbox 3752 629 3802 676; x_wconf 90' lang='grc' dir='ltr'>τί</span> <span class='ocrx_word' id='word_1_121' title='bbox 3829 645 3935 677; x_wconf 80' lang='grc' dir='ltr'>ποτε</span> 
     </span>
    </p>
   </div>
   <div class='ocr_carea' id='block_1_22' title="bbox 2335 708 3932 785">
    <p class='ocr_par' dir='ltr' id='par_1_22' title="bbox 2335 708 3932 785">
     <span class='ocr_line' id='line_1_22' title="bbox 2335 708 3932 785; baseline 0.001 -22"><span class='ocrx_word' id='word_1_122' title='bbox 2335 711 2490 783; x_wconf 84' lang='grc' dir='ltr'>λέγει,</span> <span class='ocrx_word' id='word_1_123' title='bbox 2513 715 2600 764; x_wconf 85' lang='grc' dir='ltr'>καὶ</span> <span class='ocrx_word' id='word_1_124' title='bbox 2629 713 2721 764; x_wconf 77' lang='grc' dir='ltr'>ούκ</span> <span class='ocrx_word' id='word_1_125' title='bbox 2767 711 3049 768; x_wconf 83' lang='grc' dir='ltr'>ἐπίστευον.</span> <span class='ocrx_word' id='word_1_126' title='bbox 3084 711 3254 764; x_wconf 85' lang='grc' dir='ltr'>Πολλά</span> <span class='ocrx_word' id='word_1_127' title='bbox 3285 708 3344 764; x_wconf 76' lang='grc' dir='ltr'>δὲ</span> <span class='ocrx_word' id='word_1_128' title='bbox 3378 720 3597 764; x_wconf 79' lang='grc' dir='ltr'>τοιαῦτα</span> <span class='ocrx_word' id='word_1_129' title='bbox 3652 714 3932 785; x_wconf 75' lang='grc' dir='ltr'>φθέγγεται,</span> 
     </span>
    </p>
   </div>
   <div class='ocr_carea' id='block_1_23' title="bbox 2335 798 3931 875">
    <p class='ocr_par' dir='ltr' id='par_1_23' title="bbox 2335 798 3931 875">
     <span class='ocr_line' id='line_1_23' title="bbox 2335 798 3931 875; baseline -0.001 -22"><span class='ocrx_word' id='word_1_130' title='bbox 2335 806 2636 874; x_wconf 77' lang='grc' dir='ltr'>παραυτίκα</span> <span class='ocrx_word' id='word_1_131' title='bbox 2660 805 2749 875; x_wconf 71' lang='grc' dir='ltr'>μὲν</span> <span class='ocrx_word' id='word_1_132' title='bbox 2766 798 2942 859; x_wconf 78' lang='grc' dir='ltr'>οἶδηλα</span> <span class='ocrx_word' id='word_1_133' title='bbox 2962 809 3065 862; x_wconf 88' lang='grc' dir='ltr'>τοῖς</span> <span class='ocrx_word' id='word_1_134' title='bbox 3083 800 3355 868; x_wconf 89' lang='grc' dir='ltr'>ἀκούουσι,</span> <span class='ocrx_word' id='word_1_135' title='bbox 3372 821 3505 874; x_wconf 84' lang='grc' dir='ltr'>μετα</span> <span class='ocrx_word' id='word_1_136' title='bbox 3527 809 3687 854; x_wconf 83' lang='grc' dir='ltr'>τοῦτο</span> <span class='ocrx_word' id='word_1_137' title='bbox 3711 798 3772 854; x_wconf 75' lang='grc' dir='ltr'>δὲ</span> <span class='ocrx_word' id='word_1_138' title='bbox 3793 799 3931 868; x_wconf 74' lang='grc' dir='ltr'>δῆλα,</span> 
     </span>
    </p>
   </div>
   <div class='ocr_carea' id='block_1_24' title="bbox 2340 887 3195 963">
    <p class='ocr_par' dir='ltr' id='par_1_24' title="bbox 2340 887 3195 963">
     <span class='ocr_line' id='line_1_24' title="bbox 2340 887 3195 963; baseline 0.002 -21"><span class='ocrx_word' id='word_1_139' title='bbox 2340 891 2423 942; x_wconf 80' lang='grc' dir='ltr'>ἵνα</span> <span class='ocrx_word' id='word_1_140' title='bbox 2452 887 2644 963; x_wconf 76' lang='grc' dir='ltr'>δειχθῇ</span> <span class='ocrx_word' id='word_1_141' title='bbox 2689 887 2946 963; x_wconf 80' lang='grc' dir='ltr'>προειδὼς</span> <span class='ocrx_word' id='word_1_142' title='bbox 2974 890 3009 942; x_wconf 78' lang='grc' dir='ltr'><em>ἃ</em></span> <span class='ocrx_word' id='word_1_143' title='bbox 3032 889 3195 963; x_wconf 70' lang='grc' dir='ltr'>ἔλεγε,</span> 
     </span>
    </p>
   </div>
   <div class='ocr_carea' id='block_1_25' title="bbox 2413 1065 3932 1142">
    <p class='ocr_par' dir='ltr' id='par_1_25' title="bbox 2413 1065 3932 1142">
     <span class='ocr_line' id='line_1_25' title="bbox 2413 1065 3932 1142; baseline -0.001 -21"><span class='ocrx_word' id='word_1_144' title='bbox 2413 1073 2512 1122; x_wconf 82' lang='grc' dir='ltr'>Καὶ</span> <span class='ocrx_word' id='word_1_145' title='bbox 2543 1065 2690 1121; x_wconf 78' lang='grc' dir='ltr'>διατί</span> <span class='ocrx_word' id='word_1_146' title='bbox 2732 1068 2826 1121; x_wconf 70' lang='grc' dir='ltr'>οὐκ</span> <span class='ocrx_word' id='word_1_147' title='bbox 2869 1067 3016 1121; x_wconf 82' lang='grc' dir='ltr'>ἔλυσε</span> <span class='ocrx_word' id='word_1_148' title='bbox 3069 1071 3125 1120; x_wconf 86' lang='grc' dir='ltr'>τό</span> <span class='ocrx_word' id='word_1_149' title='bbox 3159 1072 3395 1142; x_wconf 80' lang='grc' dir='ltr'>αἴνιγμα,</span> <span class='ocrx_word' id='word_1_150' title='bbox 3428 1069 3506 1121; x_wconf 86' lang='grc' dir='ltr'>ὃτι</span> <span class='ocrx_word' id='word_1_151' title='bbox 3559 1073 3691 1121; x_wconf 84' lang='grc' dir='ltr'>ναόν</span> <span class='ocrx_word' id='word_1_152' title='bbox 3726 1068 3861 1140; x_wconf 82' lang='grc' dir='ltr'>λέγει</span> <span class='ocrx_word' id='word_1_153' title='bbox 3886 1072 3932 1119; x_wconf 80' lang='grc' dir='ltr'>τό</span> 
     </span>
    </p>
   </div>
   <div class='ocr_carea' id='block_1_26' title="bbox 2340 1157 3932 1231">
    <p class='ocr_par' dir='ltr' id='par_1_26' title="bbox 2340 1157 3932 1231">
     <span class='ocr_line' id='line_1_26' title="bbox 2340 1157 3932 1231; baseline -0.002 -19"><span class='ocrx_word' id='word_1_154' title='bbox 2340 1167 2493 1231; x_wconf 84' lang='grc' dir='ltr'>σῶμα</span> <span class='ocrx_word' id='word_1_155' title='bbox 2549 1157 2742 1225; x_wconf 60' lang='lat' dir='ltr'>«Grati;</span> <span class='ocrx_word' id='word_1_156' title='bbox 2803 1162 2938 1210; x_wconf 88' lang='grc' dir='ltr'>Διότι</span> <span class='ocrx_word' id='word_1_157' title='bbox 2990 1158 3084 1209; x_wconf 73' lang='grc' dir='ltr'>οῦκ</span> <span class='ocrx_word' id='word_1_158' title='bbox 3156 1157 3327 1230; x_wconf 76' lang='grc' dir='ltr'>ἔμελλε</span> <span class='ocrx_word' id='word_1_159' title='bbox 3404 1160 3784 1216; x_wconf 79' lang='grc' dir='ltr'>πιστευθῆναι.</span> <span class='ocrx_word' id='word_1_160' title='bbox 3850 1161 3932 1210; x_wconf 86' lang='grc' dir='ltr'>Δύο</span> 
     </span>
    </p>
   </div>
   <div class='ocr_carea' id='block_1_27' title="bbox 2336 1246 3933 1322">
    <p class='ocr_par' dir='ltr' id='par_1_27' title="bbox 2336 1246 3933 1322">
     <span class='ocr_line' id='line_1_27' title="bbox 2336 1246 3933 1322; baseline -0.001 -22"><span class='ocrx_word' id='word_1_161' title='bbox 2336 1251 2438 1322; x_wconf 84' lang='grc' dir='ltr'>γὰρ</span> <span class='ocrx_word' id='word_1_162' title='bbox 2503 1255 2639 1306; x_wconf 85' lang='grc' dir='ltr'>ἦσαν</span> <span class='ocrx_word' id='word_1_163' title='bbox 2694 1249 2759 1300; x_wconf 80' lang='grc' dir='ltr'>τὰ</span> <span class='ocrx_word' id='word_1_164' title='bbox 2808 1250 3074 1321; x_wconf 72' lang='grc' dir='ltr'>προσίστα</span> <span class='ocrx_word' id='word_1_165' title='bbox 3131 1266 3216 1299; x_wconf 89' lang='grc' dir='ltr'>ενα</span> <span class='ocrx_word' id='word_1_166' title='bbox 3283 1252 3429 1313; x_wconf 81' lang='grc' dir='ltr'>τέως,</span> <span class='ocrx_word' id='word_1_167' title='bbox 3484 1246 3531 1299; x_wconf 83' lang='grc' dir='ltr'>ἓν</span> <span class='ocrx_word' id='word_1_168' title='bbox 3581 1251 3679 1319; x_wconf 74' lang='grc' dir='ltr'>μὶν</span> <span class='ocrx_word' id='word_1_169' title='bbox 3752 1251 3808 1299; x_wconf 88' lang='grc' dir='ltr'>τό</span> <span class='ocrx_word' id='word_1_170' title='bbox 3857 1255 3933 1306; x_wconf 75' lang='grc' dir='ltr'>τῆς</span> 
     </span>
    </p>
   </div>
   <div class='ocr_carea' id='block_1_28' title="bbox 2339 1333 3930 1411">
    <p class='ocr_par' dir='ltr' id='par_1_28' title="bbox 2339 1333 3930 1411">
     <span class='ocr_line' id='line_1_28' title="bbox 2339 1333 3930 1411; baseline -0.002 -21"><span class='ocrx_word' id='word_1_171' title='bbox 2339 1337 2608 1411; x_wconf 79' lang='grc' dir='ltr'>ἑγέρσεως,</span> <span class='ocrx_word' id='word_1_172' title='bbox 2661 1339 2827 1410; x_wconf 86' lang='grc' dir='ltr'>ἕτερον</span> <span class='ocrx_word' id='word_1_173' title='bbox 2878 1335 2937 1390; x_wconf 74' lang='grc' dir='ltr'>ὃε</span> <span class='ocrx_word' id='word_1_174' title='bbox 2991 1340 3049 1388; x_wconf 89' lang='grc' dir='ltr'>τὸ</span> <span class='ocrx_word' id='word_1_175' title='bbox 3078 1339 3206 1391; x_wconf 77' lang='grc' dir='ltr'>Θεὸν</span> <span class='ocrx_word' id='word_1_176' title='bbox 3252 1333 3381 1388; x_wconf 86' lang='grc' dir='ltr'>εἶναι</span> <span class='ocrx_word' id='word_1_177' title='bbox 3417 1340 3504 1388; x_wconf 91' lang='grc' dir='ltr'>τόν</span> <span class='ocrx_word' id='word_1_178' title='bbox 3547 1336 3851 1389; x_wconf 77' lang='grc' dir='ltr'>ἐνοικοῦντα</span> <span class='ocrx_word' id='word_1_179' title='bbox 3873 1344 3930 1405; x_wconf 80' lang='grc' dir='ltr'>τῷ</span> 
     </span>
    </p>
   </div>
   <div class='ocr_carea' id='block_1_29' title="bbox 2339 1431 2721 1498">
    <p class='ocr_par' dir='ltr' id='par_1_29' title="bbox 2339 1431 2721 1498">
     <span class='ocr_line' id='line_1_29' title="bbox 2339 1431 2721 1498; baseline 0 -18"><span class='ocrx_word' id='word_1_180' title='bbox 2339 1431 2557 1498; x_wconf 81' lang='grc' dir='ltr'>τοιούτῳ</span> <span class='ocrx_word' id='word_1_181' title='bbox 2595 1434 2721 1497; x_wconf 82' lang='grc' dir='ltr'>ναῷ.</span> 
     </span>
    </p>
   </div>
   <div class='ocr_carea' id='block_1_30' title="bbox 2409 1601 3929 1673">
    <p class='ocr_par' dir='ltr' id='par_1_30' title="bbox 2409 1601 3929 1673">
     <span class='ocr_line' id='line_1_30' title="bbox 2409 1601 3929 1673; baseline -0.002 -17"><span class='ocrx_word' id='word_1_182' title='bbox 2409 1602 2495 1666; x_wconf 70' lang='grc' dir='ltr'>Ὠς</span> <span class='ocrx_word' id='word_1_183' title='bbox 2549 1634 2618 1645; x_wconf 90' lang='grc'><strong>-</strong></span> <span class='ocrx_word' id='word_1_184' title='bbox 2653 1601 2876 1657; x_wconf 77' lang='grc' dir='ltr'>ἐποίει...</span> <span class='ocrx_word' id='word_1_185' title='bbox 2931 1607 3275 1657; x_wconf 84' lang='grc' dir='ltr'>Ἐπίστενσαν</span> <span class='ocrx_word' id='word_1_186' title='bbox 3334 1603 3406 1666; x_wconf 76' lang='grc' dir='ltr'>εἰς</span> <span class='ocrx_word' id='word_1_187' title='bbox 3471 1603 3657 1673; x_wconf 68' lang='grc' dir='ltr'>αὐτόν,</span> <span class='ocrx_word' id='word_1_188' title='bbox 3724 1602 3826 1656; x_wconf 83' lang='grc' dir='ltr'>ἀλλ’</span> <span class='ocrx_word' id='word_1_189' title='bbox 3884 1601 3929 1654; x_wconf 72' lang='grc' dir='ltr'>οὐ</span> 
     </span>
    </p>
   </div>
   <div class='ocr_carea' id='block_1_31' title="bbox 2346 1691 3927 1768">
    <p class='ocr_par' dir='ltr' id='par_1_31' title="bbox 2346 1691 3927 1768">
     <span class='ocr_line' id='line_1_31' title="bbox 2346 1691 3927 1768; baseline -0.005 -18"><span class='ocrx_word' id='word_1_190' title='bbox 2346 1693 2586 1756; x_wconf 72' lang='grc' dir='ltr'>Βεϐαίως.</span> <span class='ocrx_word' id='word_1_191' title='bbox 2640 1698 2853 1748; x_wconf 80' lang='grc' dir='ltr'>Ἐκεῖνοι</span> <span class='ocrx_word' id='word_1_192' title='bbox 2905 1697 3004 1768; x_wconf 83' lang='grc' dir='ltr'>γὰρ</span> <span class='ocrx_word' id='word_1_193' title='bbox 3067 1691 3430 1766; x_wconf 79' lang='grc' dir='ltr'>ἀκριϐέστερον</span> <span class='ocrx_word' id='word_1_194' title='bbox 3486 1693 3604 1764; x_wconf 83' lang='grc' dir='ltr'>(1ο)</span> <span class='ocrx_word' id='word_1_195' title='bbox 3656 1691 3927 1757; x_wconf 78' lang='grc' dir='ltr'>ἐπίστευον,</span> 
     </span>
    </p>
   </div>
   <div class='ocr_carea' id='block_1_32' title="bbox 570 1777 2222 1856">
    <p class='ocr_par' dir='ltr' id='par_1_32' title="bbox 570 1781 2222 1856">
     <span class='ocr_line' id='line_1_32' title="bbox 570 1781 2222 1856; baseline -0.001 -19"><span class='ocrx_word' id='word_1_196' title='bbox 570 1782 675 1856; x_wconf 90' lang='lat' dir='ltr'>qui</span> <span class='ocrx_word' id='word_1_197' title='bbox 707 1799 820 1838; x_wconf 90' lang='lat' dir='ltr'>non</span> <span class='ocrx_word' id='word_1_198' title='bbox 853 1789 1094 1855; x_wconf 89' lang='lat' dir='ltr'>propter</span> <span class='ocrx_word' id='word_1_199' title='bbox 1120 1782 1291 1852; x_wconf 89' lang='lat' dir='ltr'>signa</span> <span class='ocrx_word' id='word_1_200' title='bbox 1321 1788 1572 1848; x_wconf 89' lang='lat' dir='ltr'>tantum,</span> <span class='ocrx_word' id='word_1_201' title='bbox 1626 1798 1832 1838; x_wconf 89' lang='lat' dir='ltr'>verum</span> <span class='ocrx_word' id='word_1_202' title='bbox 1890 1781 2066 1837; x_wconf 90' lang='lat' dir='ltr'>etiam</span> <span class='ocrx_word' id='word_1_203' title='bbox 2104 1797 2222 1853; x_wconf 90' lang='lat' dir='ltr'>pro-</span> 
     </span>
    </p>
   </div>
   <div class='ocr_carea' id='block_1_33' title="bbox 2332 1777 3925 1856">
    <p class='ocr_par' dir='ltr' id='par_1_33' title="bbox 2343 1777 3925 1856">
     <span class='ocr_line' id='line_1_33' title="bbox 2343 1777 3925 1856; baseline -0.003 -20"><span class='ocrx_word' id='word_1_204' title='bbox 2343 1787 2455 1836; x_wconf 80' lang='grc' dir='ltr'>ὅσοι</span> <span class='ocrx_word' id='word_1_205' title='bbox 2485 1788 2555 1856; x_wconf 80' lang='grc' dir='ltr'>μὴ</span> <span class='ocrx_word' id='word_1_206' title='bbox 2592 1779 2686 1836; x_wconf 79' lang='grc' dir='ltr'>διὰ</span> <span class='ocrx_word' id='word_1_207' title='bbox 2721 1785 2785 1836; x_wconf 87' lang='grc' dir='ltr'>τά</span> <span class='ocrx_word' id='word_1_208' title='bbox 2809 1790 3000 1856; x_wconf 81' lang='grc' dir='ltr'>σημεῖα</span> <span class='ocrx_word' id='word_1_209' title='bbox 3027 1787 3200 1855; x_wconf 88' lang='grc' dir='ltr'>μόνον,</span> <span class='ocrx_word' id='word_1_210' title='bbox 3230 1781 3358 1834; x_wconf 75' lang='grc' dir='ltr'>ἀλλά</span> <span class='ocrx_word' id='word_1_211' title='bbox 3410 1788 3500 1834; x_wconf 86' lang='grc' dir='ltr'>καὶ</span> <span class='ocrx_word' id='word_1_212' title='bbox 3541 1778 3640 1834; x_wconf 72' lang='grc' dir='ltr'>διὰ</span> <span class='ocrx_word' id='word_1_213' title='bbox 3669 1785 3764 1839; x_wconf 77' lang='grc' dir='ltr'>την</span> <span class='ocrx_word' id='word_1_214' title='bbox 3794 1777 3925 1832; x_wconf 85' lang='grc' dir='ltr'>διδα-</span> 
     </span>
    </p>
   </div>
   <div class='ocr_carea' id='block_1_34' title="bbox 571 1871 2228 1944">
    <p class='ocr_par' dir='ltr' id='par_1_34' title="bbox 571 1871 2228 1944">
     <span class='ocr_line' id='line_1_34' title="bbox 571 1871 2228 1944; baseline -0.001 -17"><span class='ocrx_word' id='word_1_215' title='bbox 571 1872 1043 1943; x_wconf 89' lang='lat' dir='ltr'>pterdoctrinam</span> <span class='ocrx_word' id='word_1_216' title='bbox 1061 1871 1188 1942; x_wconf 89' lang='lat' dir='ltr'>ejus</span> <span class='ocrx_word' id='word_1_217' title='bbox 1199 1871 1447 1927; x_wconf 87' lang='lat' dir='ltr'>credeba</span> <span class='ocrx_word' id='word_1_218' title='bbox 1459 1876 1518 1926; x_wconf 91' lang='lat' dir='ltr'>nt</span> <span class='ocrx_word' id='word_1_219' title='bbox 1536 1892 1549 1927; x_wconf 90' lang='lat'>:</span> <span class='ocrx_word' id='word_1_220' title='bbox 1565 1887 1706 1927; x_wconf 88' lang='lat' dir='ltr'>nam</span> <span class='ocrx_word' id='word_1_221' title='bbox 1722 1871 1892 1944; x_wconf 91' lang='lat' dir='ltr'>signa</span> <span class='ocrx_word' id='word_1_222' title='bbox 1904 1871 2228 1927; x_wconf 85' lang='lat' dir='ltr'>crassiores</span> 
     </span>
    </p>
   </div>
   <div class='ocr_carea' id='block_1_35' title="bbox 572 1960 2231 2033">
    <p class='ocr_par' dir='ltr' id='par_1_35' title="bbox 572 1960 2231 2033">
     <span class='ocr_line' id='line_1_35' title="bbox 572 1960 2231 2033; baseline 0.002 -18"><span class='ocrx_word' id='word_1_223' title='bbox 572 1960 968 2026; x_wconf 85' lang='lat' dir='ltr'>attrahebant,</span> <span class='ocrx_word' id='word_1_224' title='bbox 1015 1960 1288 2016; x_wconf 85' lang='lat' dir='ltr'>doctrina</span> <span class='ocrx_word' id='word_1_225' title='bbox 1346 1977 1489 2016; x_wconf 87' lang='lat' dir='ltr'>vero</span> <span class='ocrx_word' id='word_1_226' title='bbox 1547 1977 1617 2016; x_wconf 90' lang='lat' dir='ltr'>ac</span> <span class='ocrx_word' id='word_1_227' title='bbox 1665 1961 1993 2033; x_wconf 68' lang='lat' dir='ltr'>prophetiae</span> <span class='ocrx_word' id='word_1_228' title='bbox 2034 1967 2231 2018; x_wconf 88' lang='lat' dir='ltr'>mente</span> 
     </span>
    </p>
   </div>
   <div class='ocr_carea' id='block_1_36' title="bbox 570 2049 2227 2122">
    <p class='ocr_par' dir='ltr' id='par_1_36' title="bbox 570 2049 2227 2122">
     <span class='ocr_line' id='line_1_36' title="bbox 570 2049 2227 2122; baseline 0 -17"><span class='ocrx_word' id='word_1_229' title='bbox 570 2050 925 2105; x_wconf 86' lang='lat' dir='ltr'>subtiliores.</span> <span class='ocrx_word' id='word_1_230' title='bbox 967 2049 1102 2104; x_wconf 86' lang='lat' dir='ltr'>Ideo</span> <span class='ocrx_word' id='word_1_231' title='bbox 1155 2065 1398 2122; x_wconf 91' lang='lat' dir='ltr'>quoque</span> <span class='ocrx_word' id='word_1_232' title='bbox 1453 2050 1881 2106; x_wconf 87' lang='lat' dir='ltr'>constantiores</span> <span class='ocrx_word' id='word_1_233' title='bbox 1934 2056 2073 2106; x_wconf 90' lang='lat' dir='ltr'>sunt</span> <span class='ocrx_word' id='word_1_234' title='bbox 2145 2049 2227 2112; x_wconf 88' lang='lat' dir='ltr'>hi,</span> 
     </span>
    </p>
   </div>
   <div class='ocr_carea' id='block_1_37' title="bbox 568 2137 2231 2210">
    <p class='ocr_par' dir='ltr' id='par_1_37' title="bbox 568 2137 2231 2210">
     <span class='ocr_line' id='line_1_37' title="bbox 568 2137 2231 2210; baseline 0.001 -18"><span class='ocrx_word' id='word_1_235' title='bbox 568 2138 790 2210; x_wconf 88' lang='lat' dir='ltr'>quibus</span> <span class='ocrx_word' id='word_1_236' title='bbox 830 2138 1005 2194; x_wconf 90' lang='lat' dir='ltr'>etiam</span> <span class='ocrx_word' id='word_1_237' title='bbox 1049 2142 1287 2208; x_wconf 88' lang='lat' dir='ltr'>aptatur</span> <span class='ocrx_word' id='word_1_238' title='bbox 1324 2139 1385 2192; x_wconf 93' lang='lat' dir='ltr'>id</span> <span class='ocrx_word' id='word_1_239' title='bbox 1431 2139 1596 2209; x_wconf 88' lang='lat' dir='ltr'>quod</span> <span class='ocrx_word' id='word_1_240' title='bbox 1632 2138 1890 2194; x_wconf 89' lang='lat' dir='ltr'>dicitur:</span> <span class='ocrx_word' id='word_1_241' title='bbox 1925 2137 2087 2194; x_wconf 85' lang='lat' dir='ltr'>Beati</span> <span class='ocrx_word' id='word_1_242' title='bbox 2125 2139 2231 2210; x_wconf 86' lang='lat' dir='ltr'>qui</span> 
     </span>
    </p>
   </div>
   <div class='ocr_carea' id='block_1_38' title="bbox 571 2226 1586 2283">
    <p class='ocr_par' dir='ltr' id='par_1_38' title="bbox 571 2226 1586 2283">
     <span class='ocr_line' id='line_1_38' title="bbox 571 2226 1586 2283; baseline -0.002 -1"><span class='ocrx_word' id='word_1_243' title='bbox 571 2243 685 2283; x_wconf 88' lang='lat' dir='ltr'>non</span> <span class='ocrx_word' id='word_1_244' title='bbox 716 2226 989 2283; x_wconf 81' lang='lat' dir='ltr'>viderunt</span> <span class='ocrx_word' id='word_1_245' title='bbox 1017 2230 1072 2283; x_wconf 83' lang='lat' dir='ltr'>et</span> <span class='ocrx_word' id='word_1_246' title='bbox 1097 2227 1477 2283; x_wconf 83' lang='lat' dir='ltr'>crediderunt</span> <span class='ocrx_word' id='word_1_247' title='bbox 1516 2229 1586 2280; x_wconf 82' lang='grc'>⁴².</span> 
     </span>
    </p>
   </div>
   <div class='ocr_carea' id='block_1_39' title="bbox 639 2315 2227 2389">
    <p class='ocr_par' dir='ltr' id='par_1_39' title="bbox 639 2315 2227 2389">
     <span class='ocr_line' id='line_1_39' title="bbox 639 2315 2227 2389; baseline 0 -17"><span class='ocrx_word' id='word_1_248' title='bbox 639 2317 800 2372; x_wconf 86' lang='lat' dir='ltr'>Vers.</span> <span class='ocrx_word' id='word_1_249' title='bbox 859 2319 946 2371; x_wconf 76' lang='grc'>24.</span> <span class='ocrx_word' id='word_1_250' title='bbox 994 2316 1126 2386; x_wconf 83' lang='lat' dir='ltr'>Ipse</span> <span class='ocrx_word' id='word_1_251' title='bbox 1172 2348 1240 2356; x_wconf 98' lang='lat'><strong>—</strong></span> <span class='ocrx_word' id='word_1_252' title='bbox 1283 2316 1379 2372; x_wconf 85' lang='lat' dir='ltr'>eis.</span> <span class='ocrx_word' id='word_1_253' title='bbox 1435 2319 1634 2389; x_wconf 88' lang='lat' dir='ltr'>Neque</span> <span class='ocrx_word' id='word_1_254' title='bbox 1678 2315 1978 2385; x_wconf 88' lang='lat' dir='ltr'>credebat,</span> <span class='ocrx_word' id='word_1_255' title='bbox 2037 2331 2227 2388; x_wconf 88' lang='lat' dir='ltr'>neque</span> 
     </span>
    </p>
   </div>
   <div class='ocr_carea' id='block_1_40' title="bbox 567 2405 2224 2480">
    <p class='ocr_par' dir='ltr' id='par_1_40' title="bbox 567 2405 2224 2480">
     <span class='ocr_line' id='line_1_40' title="bbox 567 2405 2224 2480; baseline -0.001 -17"><span class='ocrx_word' id='word_1_256' title='bbox 567 2411 858 2478; x_wconf 87' lang='lat' dir='ltr'>tanquam</span> <span class='ocrx_word' id='word_1_257' title='bbox 906 2406 1185 2476; x_wconf 82' lang='lat' dir='ltr'>legitimis</span> <span class='ocrx_word' id='word_1_258' title='bbox 1230 2406 1536 2480; x_wconf 83' lang='lat' dir='ltr'>discipulis</span> <span class='ocrx_word' id='word_1_259' title='bbox 1567 2405 1945 2463; x_wconf 86' lang='lat' dir='ltr'>conﬁdebat:</span> <span class='ocrx_word' id='word_1_260' title='bbox 1993 2405 2224 2479; x_wconf 87' lang='lat' dir='ltr'>quare?</span> 
     </span>
    </p>
   </div>
   <div class='ocr_carea' id='block_1_41' title="bbox 641 2495 2224 2568">
    <p class='ocr_par' dir='ltr' id='par_1_41' title="bbox 641 2495 2224 2568">
     <span class='ocr_line' id='line_1_41' title="bbox 641 2495 2224 2568; baseline 0.002 -20"><span class='ocrx_word' id='word_1_261' title='bbox 641 2496 801 2551; x_wconf 84' lang='lat' dir='ltr'>Vers.</span> <span class='ocrx_word' id='word_1_262' title='bbox 835 2499 921 2552; x_wconf 79' lang='grc'>24.</span> <span class='ocrx_word' id='word_1_263' title='bbox 958 2497 1033 2552; x_wconf 86' lang='lat' dir='ltr'>Eo</span> <span class='ocrx_word' id='word_1_264' title='bbox 1065 2496 1220 2568; x_wconf 82' lang='lat' dir='ltr'>quod</span> <span class='ocrx_word' id='word_1_265' title='bbox 1251 2529 1314 2537; x_wconf 94' lang='lat'><strong>—</strong></span> <span class='ocrx_word' id='word_1_266' title='bbox 1345 2497 1568 2552; x_wconf 85' lang='lat' dir='ltr'>omnia.</span> <span class='ocrx_word' id='word_1_267' title='bbox 1615 2497 1866 2552; x_wconf 88' lang='lat' dir='ltr'>Omnem</span> <span class='ocrx_word' id='word_1_268' title='bbox 1915 2495 2224 2552; x_wconf 89' lang='lat' dir='ltr'>hominem</span> 
     </span>
    </p>
   </div>
   <div class='ocr_carea' id='block_1_42' title="bbox 570 2585 1754 2652">
    <p class='ocr_par' dir='ltr' id='par_1_42' title="bbox 570 2585 1754 2652">
     <span class='ocr_line' id='line_1_42' title="bbox 570 2585 1754 2652; baseline 0.003 -11"><span class='ocrx_word' id='word_1_269' title='bbox 570 2585 690 2641; x_wconf 88' lang='lat' dir='ltr'>sive</span> <span class='ocrx_word' id='word_1_270' title='bbox 715 2591 994 2641; x_wconf 88' lang='lat' dir='ltr'>constans</span> <span class='ocrx_word' id='word_1_271' title='bbox 1016 2591 1188 2652; x_wconf 91' lang='lat' dir='ltr'>esset,</span> <span class='ocrx_word' id='word_1_272' title='bbox 1223 2587 1349 2642; x_wconf 90' lang='lat' dir='ltr'>sive</span> <span class='ocrx_word' id='word_1_273' title='bbox 1378 2587 1754 2644; x_wconf 87' lang='lat' dir='ltr'>inconstans.</span> 
     </span>
    </p>
   </div>
   <div class='ocr_carea' id='block_1_43' title="bbox 642 2675 1722 2748">
    <p class='ocr_par' dir='ltr' id='par_1_43' title="bbox 642 2675 1722 2748">
     <span class='ocr_line' id='line_1_43' title="bbox 642 2675 1722 2748; baseline 0 -20"><span class='ocrx_word' id='word_1_274' title='bbox 642 2675 741 2731; x_wconf 89' lang='lat' dir='ltr'>Vel</span> <span class='ocrx_word' id='word_1_275' title='bbox 768 2675 973 2731; x_wconf 88' lang='lat' dir='ltr'>omnia</span> <span class='ocrx_word' id='word_1_276' title='bbox 997 2692 1127 2748; x_wconf 72' lang='lat' dir='ltr'>quas</span> <span class='ocrx_word' id='word_1_277' title='bbox 1161 2676 1218 2730; x_wconf 90' lang='lat' dir='ltr'>in</span> <span class='ocrx_word' id='word_1_278' title='bbox 1249 2675 1531 2731; x_wconf 89' lang='lat' dir='ltr'>omnibus</span> <span class='ocrx_word' id='word_1_279' title='bbox 1563 2681 1722 2731; x_wconf 92' lang='lat' dir='ltr'>sunt.</span> 
     </span>
    </p>
   </div>
   <div class='ocr_carea' id='block_1_44' title="bbox 641 2763 2219 2837">
    <p class='ocr_par' dir='ltr' id='par_1_44' title="bbox 641 2763 2219 2837">
     <span class='ocr_line' id='line_1_44' title="bbox 641 2763 2219 2837; baseline 0.001 -20"><span class='ocrx_word' id='word_1_280' title='bbox 641 2763 806 2818; x_wconf 88' lang='lat' dir='ltr'>Vers.</span> <span class='ocrx_word' id='word_1_281' title='bbox 847 2765 935 2818; x_wconf 81' lang='lat'>25.</span> <span class='ocrx_word' id='word_1_282' title='bbox 958 2764 1036 2819; x_wconf 86' lang='lat' dir='ltr'>Et</span> <span class='ocrx_word' id='word_1_283' title='bbox 1061 2796 1128 2804; x_wconf 97' lang='lat'><strong>—</strong></span> <span class='ocrx_word' id='word_1_284' title='bbox 1157 2763 1490 2820; x_wconf 81' lang='lat' dir='ltr'>homine.De</span> <span class='ocrx_word' id='word_1_285' title='bbox 1521 2764 1926 2837; x_wconf 89' lang='lat' dir='ltr'>qualicunque</span> <span class='ocrx_word' id='word_1_286' title='bbox 1955 2763 2219 2819; x_wconf 90' lang='lat' dir='ltr'>homine.</span> 
     </span>
    </p>
   </div>
   <div class='ocr_carea' id='block_1_45' title="bbox 639 2853 2218 2926">
    <p class='ocr_par' dir='ltr' id='par_1_45' title="bbox 639 2853 2218 2926">
     <span class='ocr_line' id='line_1_45' title="bbox 639 2853 2218 2926; baseline 0.001 -20"><span class='ocrx_word' id='word_1_287' title='bbox 639 2853 804 2908; x_wconf 84' lang='lat' dir='ltr'>Vers.</span> <span class='ocrx_word' id='word_1_288' title='bbox 837 2855 924 2908; x_wconf 79' lang='lat'>25.</span> <span class='ocrx_word' id='word_1_289' title='bbox 959 2855 1087 2922; x_wconf 76' lang='lat' dir='ltr'>Ipse</span> <span class='ocrx_word' id='word_1_290' title='bbox 1114 2884 1176 2893; x_wconf 97' lang='lat'><strong>—</strong></span> <span class='ocrx_word' id='word_1_291' title='bbox 1200 2854 1451 2909; x_wconf 85' lang='lat' dir='ltr'>homine.</span> <span class='ocrx_word' id='word_1_292' title='bbox 1484 2857 1547 2908; x_wconf 90' lang='lat' dir='ltr'>In</span> <span class='ocrx_word' id='word_1_293' title='bbox 1565 2869 1930 2926; x_wconf 90' lang='lat' dir='ltr'>quocunque</span> <span class='ocrx_word' id='word_1_294' title='bbox 1952 2853 2218 2918; x_wconf 87' lang='lat' dir='ltr'>homine,</span> 
     </span>
    </p>
   </div>
   <div class='ocr_carea' id='block_1_46' title="bbox 566 2941 1577 3014">
    <p class='ocr_par' dir='ltr' id='par_1_46' title="bbox 566 2941 1577 3014">
     <span class='ocr_line' id='line_1_46' title="bbox 566 2941 1577 3014; baseline -0.002 -16"><span class='ocrx_word' id='word_1_295' title='bbox 566 2945 770 3014; x_wconf 87' lang='lat' dir='ltr'>utpote</span> <span class='ocrx_word' id='word_1_296' title='bbox 800 2941 1073 2998; x_wconf 89' lang='lat' dir='ltr'>cordium</span> <span class='ocrx_word' id='word_1_297' title='bbox 1102 2943 1374 3010; x_wconf 73' lang='lat' dir='ltr'>cognitor</span> <span class='ocrx_word' id='word_1_298' title='bbox 1401 2942 1577 2997; x_wconf 90' lang='lat' dir='ltr'>Deus.</span> 
     </span>
    </p>
   </div>
   <div class='ocr_carea' id='block_1_47' title="bbox 989 3030 1786 3088">
    <p class='ocr_par' dir='ltr' id='par_1_47' title="bbox 989 3030 1786 3088">
     <span class='ocr_line' id='line_1_47' title="bbox 989 3030 1786 3088; baseline 0.001 -1"><span class='ocrx_word' id='word_1_299' title='bbox 989 3032 1145 3088; x_wconf 84' lang='lat' dir='ltr'>CAP.</span> <span class='ocrx_word' id='word_1_300' title='bbox 1194 3033 1284 3086; x_wconf 87' lang='grc' dir='ltr'>ΙΙΙ.</span> <span class='ocrx_word' id='word_1_301' title='bbox 1327 3033 1412 3088; x_wconf 87' lang='lat' dir='ltr'>De</span> <span class='ocrx_word' id='word_1_302' title='bbox 1455 3030 1786 3088; x_wconf 82' lang='lat' dir='ltr'>Nicodemo.</span> 
     </span>
    </p>
   </div>
   <div class='ocr_carea' id='block_1_48' title="bbox 634 3120 2294 3212">
    <p class='ocr_par' dir='ltr' id='par_1_48' title="bbox 634 3120 2294 3212">
     <span class='ocr_line' id='line_1_48' title="bbox 634 3120 2294 3212; baseline 0.001 -35"><span class='ocrx_word' id='word_1_303' title='bbox 634 3123 776 3212; x_wconf 81' lang='lat' dir='ltr'>Cap.</span> <span class='ocrx_word' id='word_1_304' title='bbox 802 3121 894 3176; x_wconf 85' lang='grc' dir='ltr'>ΙΙΙ.</span> <span class='ocrx_word' id='word_1_305' title='bbox 1001 3123 1053 3176; x_wconf 81' lang='grc'><strong>1.</strong></span> <span class='ocrx_word' id='word_1_306' title='bbox 1068 3121 1215 3178; x_wconf 84' lang='lat' dir='ltr'>Erat</span> <span class='ocrx_word' id='word_1_307' title='bbox 1237 3153 1301 3162; x_wconf 93' lang='lat'><strong>—</strong></span> <span class='ocrx_word' id='word_1_308' title='bbox 1317 3121 1478 3212; x_wconf 76' lang='lat' dir='ltr'>Vers.</span> <span class='ocrx_word' id='word_1_309' title='bbox 1498 3125 1550 3176; x_wconf 84' lang='lat'>2.</span> <span class='ocrx_word' id='word_1_310' title='bbox 1565 3125 1747 3178; x_wconf 88' lang='lat' dir='ltr'>nocte.</span> <span class='ocrx_word' id='word_1_311' title='bbox 1770 3120 2042 3212; x_wconf 82' lang='lat' dir='ltr'>Timebat</span> <span class='ocrx_word' id='word_1_312' title='bbox 2057 3121 2215 3178; x_wconf 91' lang='lat' dir='ltr'>enim</span> <span class='ocrx_word' id='word_1_313' title='bbox 2253 3155 2294 3212; x_wconf 65' lang='grc' dir='ltr'>ρ</span> 
     </span>
    </p>
   </div>
   <div class='ocr_carea' id='block_1_49' title="bbox 559 3209 2216 3284">
    <p class='ocr_par' dir='ltr' id='par_1_49' title="bbox 559 3209 2216 3284">
     <span class='ocr_line' id='line_1_49' title="bbox 559 3209 2216 3284; baseline 0.001 -18"><span class='ocrx_word' id='word_1_314' title='bbox 559 3209 759 3282; x_wconf 87' lang='lat' dir='ltr'>palam</span> <span class='ocrx_word' id='word_1_315' title='bbox 775 3210 1056 3267; x_wconf 88' lang='lat' dir='ltr'>accedere</span> <span class='ocrx_word' id='word_1_316' title='bbox 1069 3211 1666 3283; x_wconf 75' lang='lat' dir='ltr'>propterJudaeorum</span> <span class='ocrx_word' id='word_1_317' title='bbox 1680 3210 2216 3284; x_wconf 89' lang='lat' dir='ltr'>suspicionem,qui</span> 
     </span>
    </p>
   </div>
   <div class='ocr_carea' id='block_1_50' title="bbox 557 3299 1715 3356">
    <p class='ocr_par' dir='ltr' id='par_1_50' title="bbox 557 3299 1715 3356">
     <span class='ocr_line' id='line_1_50' title="bbox 557 3299 1715 3356; baseline -0.001 -1"><span class='ocrx_word' id='word_1_318' title='bbox 557 3299 828 3356; x_wconf 90' lang='lat' dir='ltr'>aversuri</span> <span class='ocrx_word' id='word_1_319' title='bbox 858 3305 1028 3356; x_wconf 91' lang='lat' dir='ltr'>erant</span> <span class='ocrx_word' id='word_1_320' title='bbox 1066 3299 1418 3356; x_wconf 90' lang='lat' dir='ltr'>accedentes</span> <span class='ocrx_word' id='word_1_321' title='bbox 1450 3300 1526 3356; x_wconf 89' lang='lat' dir='ltr'>ad</span> <span class='ocrx_word' id='word_1_322' title='bbox 1557 3316 1715 3356; x_wconf 92' lang='lat' dir='ltr'>eum.</span> 
     </span>
    </p>
   </div>
   <div class='ocr_carea' id='block_1_51' title="bbox 628 3389 2215 3462">
    <p class='ocr_par' dir='ltr' id='par_1_51' title="bbox 628 3389 2215 3462">
     <span class='ocr_line' id='line_1_51' title="bbox 628 3389 2215 3462; baseline 0.001 -18"><span class='ocrx_word' id='word_1_323' title='bbox 628 3391 796 3447; x_wconf 85' lang='lat' dir='ltr'>Vers.</span> <span class='ocrx_word' id='word_1_324' title='bbox 836 3395 888 3446; x_wconf 88' lang='lat'>2.</span> <span class='ocrx_word' id='word_1_325' title='bbox 919 3391 998 3446; x_wconf 83' lang='lat' dir='ltr'>Et</span> <span class='ocrx_word' id='word_1_326' title='bbox 1061 3422 1128 3433; x_wconf 89' lang='lat'>—-</span> <span class='ocrx_word' id='word_1_327' title='bbox 1184 3391 1472 3462; x_wconf 76' lang='lat' dir='ltr'>magister.</span> <span class='ocrx_word' id='word_1_328' title='bbox 1534 3389 1787 3446; x_wconf 86' lang='lat' dir='ltr'>Putabat</span> <span class='ocrx_word' id='word_1_329' title='bbox 1833 3389 1992 3446; x_wconf 88' lang='lat' dir='ltr'>enim</span> <span class='ocrx_word' id='word_1_330' title='bbox 2055 3390 2215 3462; x_wconf 91' lang='lat' dir='ltr'>quod</span> 
     </span>
    </p>
   </div>
   <div class='ocr_carea' id='block_1_52' title="bbox 559 3479 1998 3551">
    <p class='ocr_par' dir='ltr' id='par_1_52' title="bbox 559 3479 1998 3551">
     <span class='ocr_line' id='line_1_52' title="bbox 559 3479 1998 3551; baseline 0 -17"><span class='ocrx_word' id='word_1_331' title='bbox 559 3479 852 3551; x_wconf 87' lang='lat' dir='ltr'>propheta</span> <span class='ocrx_word' id='word_1_332' title='bbox 881 3485 1034 3535; x_wconf 85' lang='lat' dir='ltr'>esset</span> <span class='ocrx_word' id='word_1_333' title='bbox 1061 3481 1280 3535; x_wconf 87' lang='lat' dir='ltr'>missus</span> <span class='ocrx_word' id='word_1_334' title='bbox 1307 3496 1343 3536; x_wconf 89' lang='lat' dir='ltr'>a</span> <span class='ocrx_word' id='word_1_335' title='bbox 1373 3481 1492 3536; x_wconf 88' lang='lat' dir='ltr'>Deo</span> <span class='ocrx_word' id='word_1_336' title='bbox 1524 3480 1599 3536; x_wconf 90' lang='lat' dir='ltr'>ad</span> <span class='ocrx_word' id='word_1_337' title='bbox 1635 3480 1998 3535; x_wconf 86' lang='lat' dir='ltr'>docendum.</span> 
     </span>
    </p>
   </div>
   <div class='ocr_carea' id='block_1_53' title="bbox 630 3569 2217 3641">
    <p class='ocr_par' dir='ltr' id='par_1_53' title="bbox 630 3569 2217 3641">
     <span class='ocr_line' id='line_1_53' title="bbox 630 3569 2217 3641; baseline 0.004 -21"><span class='ocrx_word' id='word_1_338' title='bbox 630 3569 856 3624; x_wconf 84' lang='lat' dir='ltr'>Vers.2.</span> <span class='ocrx_word' id='word_1_339' title='bbox 891 3571 1074 3626; x_wconf 87' lang='lat' dir='ltr'>Nemo</span> <span class='ocrx_word' id='word_1_340' title='bbox 1114 3601 1180 3609; x_wconf 92' lang='lat'><strong>—</strong></span> <span class='ocrx_word' id='word_1_341' title='bbox 1211 3585 1295 3626; x_wconf 91' lang='lat' dir='ltr'>eo.</span> <span class='ocrx_word' id='word_1_342' title='bbox 1317 3569 1463 3624; x_wconf 91' lang='lat' dir='ltr'>Cum</span> <span class='ocrx_word' id='word_1_343' title='bbox 1497 3569 1849 3641; x_wconf 85' lang='lat' dir='ltr'>prophetam</span> <span class='ocrx_word' id='word_1_344' title='bbox 1875 3585 2012 3625; x_wconf 88' lang='lat' dir='ltr'>eum</span> <span class='ocrx_word' id='word_1_345' title='bbox 2046 3574 2217 3640; x_wconf 84' lang='lat' dir='ltr'>puta-</span> 
     </span>
    </p>
   </div>
   <div class='ocr_carea' id='block_1_54' title="bbox 560 3658 2214 3731">
    <p class='ocr_par' dir='ltr' id='par_1_54' title="bbox 560 3658 2214 3731">
     <span class='ocr_line' id='line_1_54' title="bbox 560 3658 2214 3731; baseline 0.001 -17"><span class='ocrx_word' id='word_1_346' title='bbox 560 3662 666 3724; x_wconf 88' lang='lat' dir='ltr'>ret,</span> <span class='ocrx_word' id='word_1_347' title='bbox 699 3659 906 3714; x_wconf 89' lang='lat' dir='ltr'>merito</span> <span class='ocrx_word' id='word_1_348' title='bbox 928 3658 1620 3715; x_wconf 74' lang='lat' dir='ltr'>arbitrabaturhaeceum</span> <span class='ocrx_word' id='word_1_349' title='bbox 1667 3675 1785 3714; x_wconf 91' lang='lat' dir='ltr'>non</span> <span class='ocrx_word' id='word_1_350' title='bbox 1837 3660 2081 3731; x_wconf 88' lang='lat' dir='ltr'>propria</span> <span class='ocrx_word' id='word_1_351' title='bbox 2132 3659 2214 3715; x_wconf 86' lang='lat' dir='ltr'>fa-</span> 
     </span>
    </p>
   </div>
   <div class='ocr_carea' id='block_1_55' title="bbox 561 3747 2210 3821">
    <p class='ocr_par' dir='ltr' id='par_1_55' title="bbox 561 3747 2210 3821">
     <span class='ocr_line' id='line_1_55' title="bbox 561 3747 2210 3821; baseline -0.001 -17"><span class='ocrx_word' id='word_1_352' title='bbox 561 3753 1016 3821; x_wconf 88' lang='lat' dir='ltr'>cerepotestate,</span> <span class='ocrx_word' id='word_1_353' title='bbox 1034 3749 1134 3805; x_wconf 92' lang='lat' dir='ltr'>sed</span> <span class='ocrx_word' id='word_1_354' title='bbox 1169 3765 1298 3805; x_wconf 88' lang='lat' dir='ltr'>esse</span> <span class='ocrx_word' id='word_1_355' title='bbox 1331 3765 1366 3804; x_wconf 88' lang='lat' dir='ltr'>a</span> <span class='ocrx_word' id='word_1_356' title='bbox 1393 3750 1510 3803; x_wconf 92' lang='lat' dir='ltr'>Deo</span> <span class='ocrx_word' id='word_1_357' title='bbox 1544 3749 1818 3820; x_wconf 85' lang='lat' dir='ltr'>precibus</span> <span class='ocrx_word' id='word_1_358' title='bbox 1849 3749 2092 3804; x_wconf 87' lang='lat' dir='ltr'>obtenta</span> <span class='ocrx_word' id='word_1_359' title='bbox 2118 3747 2210 3821; x_wconf 88' lang='lat' dir='ltr'>(s).</span> 
     </span>
    </p>
   </div>
   <div class='ocr_carea' id='block_1_56' title="bbox 631 3837 2212 3908">
    <p class='ocr_par' dir='ltr' id='par_1_56' title="bbox 631 3837 2212 3908">
     <span class='ocr_line' id='line_1_56' title="bbox 631 3837 2212 3908; baseline -0.001 -14"><span class='ocrx_word' id='word_1_360' title='bbox 631 3838 790 3894; x_wconf 85' lang='lat' dir='ltr'>Vers.</span> <span class='ocrx_word' id='word_1_361' title='bbox 823 3841 878 3896; x_wconf 87' lang='lat'>3.</span> <span class='ocrx_word' id='word_1_362' title='bbox 915 3838 1229 3908; x_wconf 86' lang='lat' dir='ltr'>Respondit</span> <span class='ocrx_word' id='word_1_363' title='bbox 1253 3869 1322 3877; x_wconf 91' lang='lat'>—</span> <span class='ocrx_word' id='word_1_364' title='bbox 1353 3837 1478 3894; x_wconf 82' lang='lat' dir='ltr'>Dei.</span> <span class='ocrx_word' id='word_1_365' title='bbox 1535 3837 1928 3893; x_wconf 85' lang='lat' dir='ltr'>Existimabat</span> <span class='ocrx_word' id='word_1_366' title='bbox 1969 3837 2212 3893; x_wconf 91' lang='lat' dir='ltr'>Nicode-</span> 
     </span>
    </p>
   </div>
   <div class='ocr_carea' id='block_1_57' title="bbox 559 3926 2215 3998">
    <p class='ocr_par' dir='ltr' id='par_1_57' title="bbox 559 3926 2215 3998">
     <span class='ocr_line' id='line_1_57' title="bbox 559 3926 2215 3998; baseline -0.001 -16"><span class='ocrx_word' id='word_1_367' title='bbox 559 3942 696 3983; x_wconf 89' lang='lat' dir='ltr'>mus</span> <span class='ocrx_word' id='word_1_368' title='bbox 728 3944 791 3982; x_wconf 87' lang='lat' dir='ltr'>se</span> <span class='ocrx_word' id='word_1_369' title='bbox 822 3943 1002 3983; x_wconf 91' lang='lat' dir='ltr'>nosse</span> <span class='ocrx_word' id='word_1_370' title='bbox 1035 3931 1218 3983; x_wconf 89' lang='lat' dir='ltr'>Deum</span> <span class='ocrx_word' id='word_1_371' title='bbox 1240 3927 1340 3998; x_wconf 84' lang='grc'>(1),</span> <span class='ocrx_word' id='word_1_372' title='bbox 1366 3943 1435 3982; x_wconf 91' lang='lat' dir='ltr'>ac</span> <span class='ocrx_word' id='word_1_373' title='bbox 1464 3926 1538 3981; x_wconf 94' lang='lat' dir='ltr'>de</span> <span class='ocrx_word' id='word_1_374' title='bbox 1564 3942 1635 3981; x_wconf 90' lang='lat' dir='ltr'>eo</span> <span class='ocrx_word' id='word_1_375' title='bbox 1657 3931 1812 3982; x_wconf 90' lang='lat' dir='ltr'>recte</span> <span class='ocrx_word' id='word_1_376' title='bbox 1842 3926 2077 3982; x_wconf 88' lang='lat' dir='ltr'>sentire.</span> <span class='ocrx_word' id='word_1_377' title='bbox 2109 3929 2215 3982; x_wconf 91' lang='lat' dir='ltr'>Os-</span> 
     </span>
    </p>
   </div>
   <div class='ocr_carea' id='block_1_58' title="bbox 556 4015 2215 4087">
    <p class='ocr_par' dir='ltr' id='par_1_58' title="bbox 556 4015 2215 4087">
     <span class='ocr_line' id='line_1_58' title="bbox 556 4015 2215 4087; baseline 0 -16"><span class='ocrx_word' id='word_1_378' title='bbox 556 4016 810 4071; x_wconf 87' lang='lat' dir='ltr'>tendens</span> <span class='ocrx_word' id='word_1_379' title='bbox 841 4022 1036 4072; x_wconf 89' lang='lat' dir='ltr'>autem</span> <span class='ocrx_word' id='word_1_380' title='bbox 1092 4017 1370 4082; x_wconf 90' lang='lat' dir='ltr'>Christus,</span> <span class='ocrx_word' id='word_1_381' title='bbox 1425 4015 1586 4087; x_wconf 92' lang='lat' dir='ltr'>quod</span> <span class='ocrx_word' id='word_1_382' title='bbox 1639 4015 1817 4084; x_wconf 90' lang='lat' dir='ltr'>longe</span> <span class='ocrx_word' id='word_1_383' title='bbox 1882 4030 1919 4070; x_wconf 89' lang='lat' dir='ltr'>a</span> <span class='ocrx_word' id='word_1_384' title='bbox 1971 4015 2215 4071; x_wconf 87' lang='lat' dir='ltr'>veritate</span> 
     </span>
    </p>
   </div>
   <div class='ocr_carea' id='block_1_59' title="bbox 556 4104 2212 4176">
    <p class='ocr_par' dir='ltr' id='par_1_59' title="bbox 556 4104 2212 4176">
     <span class='ocr_line' id='line_1_59' title="bbox 556 4104 2212 4176; baseline -0.001 -15"><span class='ocrx_word' id='word_1_385' title='bbox 556 4104 876 4165; x_wconf 86' lang='lat' dir='ltr'>aberraret,</span> <span class='ocrx_word' id='word_1_386' title='bbox 908 4105 1020 4160; x_wconf 88' lang='lat' dir='ltr'>ait:</span> <span class='ocrx_word' id='word_1_387' title='bbox 1072 4105 1195 4161; x_wconf 89' lang='lat' dir='ltr'>Nisi</span> <span class='ocrx_word' id='word_1_388' title='bbox 1240 4104 1377 4176; x_wconf 89' lang='lat' dir='ltr'>quis</span> <span class='ocrx_word' id='word_1_389' title='bbox 1434 4111 1811 4172; x_wconf 79' lang='lat' dir='ltr'>regeneratus</span> <span class='ocrx_word' id='word_1_390' title='bbox 1875 4104 2054 4159; x_wconf 86' lang='lat' dir='ltr'>fuerit</span> <span class='ocrx_word' id='word_1_391' title='bbox 2110 4119 2212 4174; x_wconf 92' lang='lat' dir='ltr'>per</span> 
     </span>
    </p>
   </div>
   <div class='ocr_carea' id='block_1_60' title="bbox 554 4192 2214 4265">
    <p class='ocr_par' dir='ltr' id='par_1_60' title="bbox 554 4192 2214 4265">
     <span class='ocr_line' id='line_1_60' title="bbox 554 4192 2214 4265; baseline 0.001 -17"><span class='ocrx_word' id='word_1_392' title='bbox 554 4194 1067 4262; x_wconf 87' lang='lat' dir='ltr'>regenerationem</span> <span class='ocrx_word' id='word_1_393' title='bbox 1085 4192 1271 4248; x_wconf 88' lang='lat' dir='ltr'>divini</span> <span class='ocrx_word' id='word_1_394' title='bbox 1303 4192 1701 4263; x_wconf 90' lang='lat' dir='ltr'>baptismatis,</span> <span class='ocrx_word' id='word_1_395' title='bbox 1722 4207 1843 4247; x_wconf 92' lang='lat' dir='ltr'>non</span> <span class='ocrx_word' id='word_1_396' title='bbox 1867 4193 2214 4265; x_wconf 89' lang='lat' dir='ltr'>potestscire</span> 
     </span>
    </p>
   </div>
   <div class='ocr_carea' id='block_1_61' title="bbox 555 4281 2210 4353">
    <p class='ocr_par' dir='ltr' id='par_1_61' title="bbox 555 4281 2210 4353">
     <span class='ocr_line' id='line_1_61' title="bbox 555 4281 2210 4353; baseline 0.001 -16"><span class='ocrx_word' id='word_1_397' title='bbox 555 4284 671 4338; x_wconf 84' lang='lat' dir='ltr'>sive</span> <span class='ocrx_word' id='word_1_398' title='bbox 702 4297 1059 4350; x_wconf 90' lang='lat' dir='ltr'>cognoscere</span> <span class='ocrx_word' id='word_1_399' title='bbox 1091 4283 1217 4353; x_wconf 88' lang='lat' dir='ltr'>ejus</span> <span class='ocrx_word' id='word_1_400' title='bbox 1245 4281 1596 4350; x_wconf 87' lang='lat' dir='ltr'>dignitatem</span> <span class='ocrx_word' id='word_1_401' title='bbox 1628 4296 1698 4337; x_wconf 84' lang='lat' dir='ltr'>ac</span> <span class='ocrx_word' id='word_1_402' title='bbox 1715 4282 2210 4351; x_wconf 89' lang='lat' dir='ltr'>magnitudinem.</span> 
     </span>
    </p>
   </div>
   <div class='ocr_carea' id='block_1_62' title="bbox 555 4371 2211 4444">
    <p class='ocr_par' dir='ltr' id='par_1_62' title="bbox 555 4371 2211 4444">
     <span class='ocr_line' id='line_1_62' title="bbox 555 4371 2211 4444; baseline 0 -17"><span class='ocrx_word' id='word_1_403' title='bbox 555 4374 722 4428; x_wconf 82' lang='lat' dir='ltr'>Nunc</span> <span class='ocrx_word' id='word_1_404' title='bbox 739 4371 899 4426; x_wconf 90' lang='lat' dir='ltr'>enim</span> <span class='ocrx_word' id='word_1_405' title='bbox 922 4371 1190 4444; x_wconf 91' lang='lat' dir='ltr'>seipsum</span> <span class='ocrx_word' id='word_1_406' title='bbox 1227 4371 1368 4426; x_wconf 91' lang='lat' dir='ltr'>dicit</span> <span class='ocrx_word' id='word_1_407' title='bbox 1395 4371 1603 4436; x_wconf 90' lang='lat' dir='ltr'>Deum,</span> <span class='ocrx_word' id='word_1_408' title='bbox 1624 4371 1683 4425; x_wconf 91' lang='lat' dir='ltr'>id</span> <span class='ocrx_word' id='word_1_409' title='bbox 1705 4375 1906 4426; x_wconf 87' lang='lat' dir='ltr'>tamen</span> <span class='ocrx_word' id='word_1_410' title='bbox 1937 4371 2211 4441; x_wconf 88' lang='lat' dir='ltr'>obscure,</span> 
     </span>
    </p>
   </div>
   <div class='ocr_carea' id='block_1_63' title="bbox 555 4459 2210 4534">
    <p class='ocr_par' dir='ltr' id='par_1_63' title="bbox 555 4459 2210 4534">
     <span class='ocr_line' id='line_1_63' title="bbox 555 4459 2210 4534; baseline 0.001 -18"><span class='ocrx_word' id='word_1_411' title='bbox 555 4477 676 4534; x_wconf 90' lang='lat' dir='ltr'>quo</span> <span class='ocrx_word' id='word_1_412' title='bbox 707 4459 1091 4518; x_wconf 88' lang='lat' dir='ltr'>insolentiam</span> <span class='ocrx_word' id='word_1_413' title='bbox 1121 4461 1360 4516; x_wconf 90' lang='lat' dir='ltr'>devitet.</span> <span class='ocrx_word' id='word_1_414' title='bbox 1422 4459 1633 4516; x_wconf 85' lang='lat' dir='ltr'>Divina</span> <span class='ocrx_word' id='word_1_415' title='bbox 1667 4460 1964 4533; x_wconf 85' lang='lat' dir='ltr'>siquidem</span> <span class='ocrx_word' id='word_1_416' title='bbox 2003 4461 2210 4534; x_wconf 83' lang='lat' dir='ltr'>gratia,</span> 
     </span>
    </p>
   </div>
   <div class='ocr_carea' id='block_1_64' title="bbox 554 4549 2213 4623">
    <p class='ocr_par' dir='ltr' id='par_1_64' title="bbox 554 4549 2213 4623">
     <span class='ocr_line' id='line_1_64' title="bbox 554 4549 2213 4623; baseline 0.001 -18"><span class='ocrx_word' id='word_1_417' title='bbox 554 4567 690 4623; x_wconf 71' lang='lat' dir='ltr'>qua:</span> <span class='ocrx_word' id='word_1_418' title='bbox 704 4566 810 4623; x_wconf 91' lang='lat' dir='ltr'>per</span> <span class='ocrx_word' id='word_1_419' title='bbox 827 4566 1062 4606; x_wconf 89' lang='lat' dir='ltr'>sacrum</span> <span class='ocrx_word' id='word_1_420' title='bbox 1082 4550 1259 4606; x_wconf 90' lang='lat' dir='ltr'>datur</span> <span class='ocrx_word' id='word_1_421' title='bbox 1276 4549 1659 4623; x_wconf 88' lang='lat' dir='ltr'>baptisma,et</span> <span class='ocrx_word' id='word_1_422' title='bbox 1673 4555 1929 4606; x_wconf 87' lang='lat' dir='ltr'>mentem</span> <span class='ocrx_word' id='word_1_423' title='bbox 1950 4551 2213 4615; x_wconf 86' lang='lat' dir='ltr'>roborat,</span> 
     </span>
    </p>
   </div>
   <div class='ocr_carea' id='block_1_65' title="bbox 557 4640 2215 4714">
    <p class='ocr_par' dir='ltr' id='par_1_65' title="bbox 557 4640 2215 4714">
     <span class='ocr_line' id='line_1_65' title="bbox 557 4640 2215 4714; baseline 0.001 -18"><span class='ocrx_word' id='word_1_424' title='bbox 557 4646 611 4697; x_wconf 86' lang='lat' dir='ltr'>et</span> <span class='ocrx_word' id='word_1_425' title='bbox 636 4647 793 4696; x_wconf 89' lang='lat' dir='ltr'>recte</span> <span class='ocrx_word' id='word_1_426' title='bbox 818 4640 1015 4697; x_wconf 88' lang='lat' dir='ltr'>videre</span> <span class='ocrx_word' id='word_1_427' title='bbox 1045 4640 1265 4709; x_wconf 86' lang='lat' dir='ltr'>tribuit,</span> <span class='ocrx_word' id='word_1_428' title='bbox 1294 4640 1586 4713; x_wconf 88' lang='lat' dir='ltr'>dissipata</span> <span class='ocrx_word' id='word_1_429' title='bbox 1615 4641 2034 4712; x_wconf 87' lang='lat' dir='ltr'>imbecillitate,</span> <span class='ocrx_word' id='word_1_430' title='bbox 2079 4658 2215 4714; x_wconf 72' lang='lat' dir='ltr'>quae</span> 
     </span>
    </p>
   </div>
   <div class='ocr_carea' id='block_1_66' title="bbox 557 4729 1007 4788">
    <p class='ocr_par' dir='ltr' id='par_1_66' title="bbox 557 4729 1007 4788">
     <span class='ocr_line' id='line_1_66' title="bbox 557 4729 1007 4788; baseline 0.004 -2"><span class='ocrx_word' id='word_1_431' title='bbox 557 4729 1007 4788; x_wconf 85' lang='lat' dir='ltr'>obtenebrabat.</span> 
     </span>
    </p>
   </div>
   <div class='ocr_carea' id='block_1_67' title="bbox 627 4944 1126 5017">
    <p class='ocr_par' dir='ltr' id='par_1_67' title="bbox 627 4944 1126 5017">
     <span class='ocr_line' id='line_1_67' title="bbox 627 4944 1126 5017; baseline 0.002 -16"><span class='ocrx_word' id='word_1_432' title='bbox 627 4947 673 4984; x_wconf 68' lang='grc' dir='ltr'>ὀε</span> <span class='ocrx_word' id='word_1_433' title='bbox 704 4945 871 5003; x_wconf 89' lang='lat' dir='ltr'>Joan.</span> <span class='ocrx_word' id='word_1_434' title='bbox 902 4961 1004 5017; x_wconf 80' lang='lat' dir='ltr'>xx,</span> <span class='ocrx_word' id='word_1_435' title='bbox 1036 4944 1126 5002; x_wconf 75' lang='lat'>29.</span> 
     </span>
    </p>
   </div>
   <div class='ocr_carea' id='block_1_68' title="bbox 2344 1868 3926 1944">
    <p class='ocr_par' dir='ltr' id='par_1_68' title="bbox 2344 1868 3926 1944">
     <span class='ocr_line' id='line_1_68' title="bbox 2344 1868 3926 1944; baseline -0.004 -18"><span class='ocrx_word' id='word_1_436' title='bbox 2344 1873 2560 1926; x_wconf 83' lang='grc' dir='ltr'>σκαλιαν</span> <span class='ocrx_word' id='word_1_437' title='bbox 2603 1868 2764 1924; x_wconf 79' lang='grc' dir='ltr'>αύτοῦ</span> <span class='ocrx_word' id='word_1_438' title='bbox 2812 1871 3097 1926; x_wconf 82' lang='grc' dir='ltr'>ἐπίστευον.</span> <span class='ocrx_word' id='word_1_439' title='bbox 3147 1877 3278 1934; x_wconf 83' lang='grc' dir='ltr'>Τοὺς</span> <span class='ocrx_word' id='word_1_440' title='bbox 3321 1874 3410 1944; x_wconf 68' lang='grc' dir='ltr'>μὲν</span> <span class='ocrx_word' id='word_1_441' title='bbox 3458 1873 3558 1944; x_wconf 89' lang='grc' dir='ltr'>γάρ</span> <span class='ocrx_word' id='word_1_442' title='bbox 3610 1872 3926 1942; x_wconf 70' lang='grc' dir='ltr'>παχυτέρους</span> 
     </span>
    </p>
   </div>
   <div class='ocr_carea' id='block_1_69' title="bbox 2340 1957 3923 2035">
    <p class='ocr_par' dir='ltr' id='par_1_69' title="bbox 2340 1957 3923 2035">
     <span class='ocr_line' id='line_1_69' title="bbox 2340 1957 3923 2035; baseline -0.006 -20"><span class='ocrx_word' id='word_1_443' title='bbox 2340 1965 2404 2015; x_wconf 84' lang='grc' dir='ltr'>τά</span> <span class='ocrx_word' id='word_1_444' title='bbox 2436 1970 2630 2035; x_wconf 88' lang='grc' dir='ltr'>σημεῖα</span> <span class='ocrx_word' id='word_1_445' title='bbox 2659 1960 2929 2034; x_wconf 73' lang='grc' dir='ltr'>ἐφείλκετο·</span> <span class='ocrx_word' id='word_1_446' title='bbox 2963 1960 3084 2022; x_wconf 82' lang='grc' dir='ltr'>τούς</span> <span class='ocrx_word' id='word_1_447' title='bbox 3114 1957 3174 2013; x_wconf 74' lang='grc' dir='ltr'>δὲ</span> <span class='ocrx_word' id='word_1_448' title='bbox 3202 1960 3535 2034; x_wconf 84' lang='grc' dir='ltr'>λεπτοτέρους</span> <span class='ocrx_word' id='word_1_449' title='bbox 3568 1961 3686 2028; x_wconf 82' lang='grc' dir='ltr'>(Η)</span> <span class='ocrx_word' id='word_1_450' title='bbox 3729 1959 3798 2020; x_wconf 85' lang='grc' dir='ltr'>εἰς</span> <span class='ocrx_word' id='word_1_451' title='bbox 3824 1965 3923 2008; x_wconf 83' lang='grc' dir='ltr'>νοῦν</span> 
     </span>
    </p>
   </div>
   <div class='ocr_carea' id='block_1_70' title="bbox 2338 2046 3921 2124">
    <p class='ocr_par' dir='ltr' id='par_1_70' title="bbox 2338 2046 3921 2124">
     <span class='ocr_line' id='line_1_70' title="bbox 2338 2046 3921 2124; baseline -0.004 -20"><span class='ocrx_word' id='word_1_452' title='bbox 2338 2053 2368 2110; x_wconf 78' lang='grc' dir='ltr'>ἡ</span> <span class='ocrx_word' id='word_1_453' title='bbox 2403 2048 2732 2104; x_wconf 72' lang='grc' dir='ltr'>διδασκαλία</span> <span class='ocrx_word' id='word_1_454' title='bbox 2757 2055 2847 2103; x_wconf 84' lang='grc' dir='ltr'>καὶ</span> <span class='ocrx_word' id='word_1_455' title='bbox 2879 2053 2934 2103; x_wconf 84' lang='grc' dir='ltr'>αἱ</span> <span class='ocrx_word' id='word_1_456' title='bbox 2963 2057 3294 2124; x_wconf 74' lang='grc' dir='ltr'>προφητεῖαι.</span> <span class='ocrx_word' id='word_1_457' title='bbox 3328 2053 3416 2102; x_wconf 90' lang='grc' dir='ltr'><strong>Διό</strong></span> <span class='ocrx_word' id='word_1_458' title='bbox 3448 2054 3541 2102; x_wconf 83' lang='grc' dir='ltr'>καὶ</span> <span class='ocrx_word' id='word_1_459' title='bbox 3571 2049 3720 2102; x_wconf 76' lang='grc' dir='ltr'>οὗτοι</span> <span class='ocrx_word' id='word_1_460' title='bbox 3751 2046 3921 2120; x_wconf 73' lang='grc' dir='ltr'>μᾶλλον</span> 
     </span>
    </p>
   </div>
   <div class='ocr_carea' id='block_1_71' title="bbox 2337 2135 3918 2215">
    <p class='ocr_par' dir='ltr' id='par_1_71' title="bbox 2337 2135 3918 2215">
     <span class='ocr_line' id='line_1_71' title="bbox 2337 2135 3918 2215; baseline -0.006 -22"><span class='ocrx_word' id='word_1_461' title='bbox 2337 2140 2537 2194; x_wconf 75' lang='grc' dir='ltr'>ἐκείνων</span> <span class='ocrx_word' id='word_1_462' title='bbox 2588 2139 2940 2215; x_wconf 62' lang='grc' dir='ltr'>βεϐαιότερον</span> <span class='ocrx_word' id='word_1_463' title='bbox 2997 2141 3071 2201; x_wconf 85' lang='grc' dir='ltr'>οἷς</span> <span class='ocrx_word' id='word_1_464' title='bbox 3101 2140 3318 2214; x_wconf 80' lang='grc' dir='ltr'>ἁρμόζει</span> <span class='ocrx_word' id='word_1_465' title='bbox 3355 2144 3445 2192; x_wconf 84' lang='grc' dir='ltr'>καί</span> <span class='ocrx_word' id='word_1_466' title='bbox 3479 2143 3560 2210; x_wconf 80' lang='grc' dir='ltr'>τό,</span> <span class='ocrx_word' id='word_1_467' title='bbox 3596 2139 3856 2210; x_wconf 80' lang='grc' dir='ltr'>Μακάριοι</span> <span class='ocrx_word' id='word_1_468' title='bbox 3879 2135 3918 2186; x_wconf 82' lang='grc' dir='ltr'>οἱ</span> 
     </span>
    </p>
   </div>
   <div class='ocr_carea' id='block_1_72' title="bbox 2335 2227 3190 2303">
    <p class='ocr_par' dir='ltr' id='par_1_72' title="bbox 2335 2227 3190 2303">
     <span class='ocr_line' id='line_1_72' title="bbox 2335 2227 3190 2303; baseline 0 -21"><span class='ocrx_word' id='word_1_469' title='bbox 2335 2235 2406 2303; x_wconf 78' lang='grc' dir='ltr'>μὴ</span> <span class='ocrx_word' id='word_1_470' title='bbox 2435 2227 2648 2297; x_wconf 71' lang='grc' dir='ltr'>ἰδόντες,</span> <span class='ocrx_word' id='word_1_471' title='bbox 2678 2235 2769 2282; x_wconf 89' lang='grc' dir='ltr'>καὶ</span> <span class='ocrx_word' id='word_1_472' title='bbox 2798 2232 3190 2289; x_wconf 82' lang='grc' dir='ltr'>πιστεύσαντες.</span> 
     </span>
    </p>
   </div>
   <div class='ocr_carea' id='block_1_73' title="bbox 2408 2315 3912 2390">
    <p class='ocr_par' dir='ltr' id='par_1_73' title="bbox 2408 2315 3912 2390">
     <span class='ocr_line' id='line_1_73' title="bbox 2408 2315 3912 2390; baseline -0.005 -18"><span class='ocrx_word' id='word_1_473' title='bbox 2408 2319 2569 2380; x_wconf 83' lang='grc' dir='ltr'>Αύτός</span> <span class='ocrx_word' id='word_1_474' title='bbox 2611 2349 2678 2361; x_wconf 91' lang='grc'><strong><em>-</em></strong></span> <span class='ocrx_word' id='word_1_475' title='bbox 2736 2318 2936 2380; x_wconf 76' lang='grc' dir='ltr'>αὐτοῖς.</span> <span class='ocrx_word' id='word_1_476' title='bbox 2965 2318 3040 2371; x_wconf 80' lang='grc' dir='ltr'>Ού</span> <span class='ocrx_word' id='word_1_477' title='bbox 3077 2323 3462 2385; x_wconf 86' lang='grc' dir='ltr'>κατεπίστευεν,</span> <span class='ocrx_word' id='word_1_478' title='bbox 3490 2317 3589 2370; x_wconf 86' lang='grc' dir='ltr'>ούκ</span> <span class='ocrx_word' id='word_1_479' title='bbox 3621 2315 3818 2390; x_wconf 71' lang='grc' dir='ltr'>ἐθάρρει</span> <span class='ocrx_word' id='word_1_480' title='bbox 3858 2315 3912 2373; x_wconf 75' lang='grc' dir='ltr'>ὡς</span> 
     </span>
    </p>
   </div>
   <div class='ocr_carea' id='block_1_74' title="bbox 2332 2405 3093 2481">
    <p class='ocr_par' dir='ltr' id='par_1_74' title="bbox 2332 2405 3093 2481">
     <span class='ocr_line' id='line_1_74' title="bbox 2332 2405 3093 2481; baseline 0 -21"><span class='ocrx_word' id='word_1_481' title='bbox 2332 2415 2572 2481; x_wconf 72' lang='grc' dir='ltr'>γνησίοις</span> <span class='ocrx_word' id='word_1_482' title='bbox 2601 2411 2877 2481; x_wconf 79' lang='grc' dir='ltr'>μαθηταῖς·</span> <span class='ocrx_word' id='word_1_483' title='bbox 2913 2405 3093 2475; x_wconf 63' lang='lat' dir='ltr'>duri;</span> 
     </span>
    </p>
   </div>
   <div class='ocr_carea' id='block_1_75' title="bbox 2405 2492 3907 2570">
    <p class='ocr_par' dir='ltr' id='par_1_75' title="bbox 2405 2492 3907 2570">
     <span class='ocr_line' id='line_1_75' title="bbox 2405 2492 3907 2570; baseline -0.006 -18"><span class='ocrx_word' id='word_1_484' title='bbox 2405 2502 2500 2553; x_wconf 83' lang='grc' dir='ltr'>Διά</span> <span class='ocrx_word' id='word_1_485' title='bbox 2526 2502 2584 2551; x_wconf 88' lang='grc' dir='ltr'>τὸ</span> <span class='ocrx_word' id='word_1_486' title='bbox 2615 2531 2683 2538; x_wconf 92' lang='grc'><strong>-</strong></span> <span class='ocrx_word' id='word_1_487' title='bbox 2708 2500 2898 2562; x_wconf 77' lang='grc' dir='ltr'>πάντα,</span> <span class='ocrx_word' id='word_1_488' title='bbox 2943 2501 3118 2550; x_wconf 69' lang='grc' dir='ltr'>Πάντα</span> <span class='ocrx_word' id='word_1_489' title='bbox 3148 2497 3561 2570; x_wconf 73' lang='grc' dir='ltr'>(12)ἀ’νθρωπον,</span> <span class='ocrx_word' id='word_1_490' title='bbox 3593 2498 3693 2549; x_wconf 85' lang='grc' dir='ltr'>είτε</span> <span class='ocrx_word' id='word_1_491' title='bbox 3723 2492 3907 2568; x_wconf 77' lang='grc' dir='ltr'>βέϐαιος</span> 
     </span>
    </p>
   </div>
   <div class='ocr_carea' id='block_1_76' title="bbox 2332 2586 2911 2659">
    <p class='ocr_par' dir='ltr' id='par_1_76' title="bbox 2332 2586 2911 2659">
     <span class='ocr_line' id='line_1_76' title="bbox 2332 2586 2911 2659; baseline -0.005 -17"><span class='ocrx_word' id='word_1_492' title='bbox 2332 2588 2495 2659; x_wconf 80' lang='grc' dir='ltr'>ἐστιν,</span> <span class='ocrx_word' id='word_1_493' title='bbox 2525 2591 2620 2641; x_wconf 84' lang='grc' dir='ltr'>εἴτε</span> <span class='ocrx_word' id='word_1_494' title='bbox 2652 2586 2911 2649; x_wconf 82' lang='grc' dir='ltr'>ἀϐέϐαιος.</span> 
     </span>
    </p>
   </div>
   <div class='ocr_carea' id='block_1_77' title="bbox 2402 2676 3007 2732">
    <p class='ocr_par' dir='ltr' id='par_1_77' title="bbox 2402 2676 3007 2732">
     <span class='ocr_line' id='line_1_77' title="bbox 2402 2676 3007 2732; baseline -0.007 -1"><span class='ocrx_word' id='word_1_495' title='bbox 2402 2676 2470 2730; x_wconf 83' lang='grc' dir='ltr'><strong>Ἦ</strong></span> <span class='ocrx_word' id='word_1_496' title='bbox 2491 2678 2660 2730; x_wconf 80' lang='grc' dir='ltr'>πάντα</span> <span class='ocrx_word' id='word_1_497' title='bbox 2688 2677 2754 2728; x_wconf 79' lang='grc' dir='ltr'>τὰ</span> <span class='ocrx_word' id='word_1_498' title='bbox 2777 2678 2980 2728; x_wconf 78' lang='grc' dir='ltr'>πάντων</span> <span class='ocrx_word' id='word_1_499' title='bbox 2995 2721 3007 2732; x_wconf 89' lang='grc'><em>,</em></span> 
     </span>
    </p>
   </div>
   <div class='ocr_carea' id='block_1_78' title="bbox 2403 2761 3840 2840">
    <p class='ocr_par' dir='ltr' id='par_1_78' title="bbox 2403 2761 3840 2840">
     <span class='ocr_line' id='line_1_78' title="bbox 2403 2761 3840 2840; baseline -0.003 -21"><span class='ocrx_word' id='word_1_500' title='bbox 2403 2771 2504 2820; x_wconf 78' lang='grc' dir='ltr'>Καὶ</span> <span class='ocrx_word' id='word_1_501' title='bbox 2533 2797 2598 2807; x_wconf 89' lang='grc'><strong><em>-</em></strong></span> <span class='ocrx_word' id='word_1_502' title='bbox 2631 2765 2922 2839; x_wconf 86' lang='grc' dir='ltr'>ἀνθρώπου.</span> <span class='ocrx_word' id='word_1_503' title='bbox 2957 2769 3082 2840; x_wconf 83' lang='grc' dir='ltr'>Περὶ</span> <span class='ocrx_word' id='word_1_504' title='bbox 3101 2771 3193 2816; x_wconf 88' lang='grc' dir='ltr'>τοῦ</span> <span class='ocrx_word' id='word_1_505' title='bbox 3225 2761 3540 2823; x_wconf 77' lang='grc' dir='ltr'>οἰουδήποτε</span> <span class='ocrx_word' id='word_1_506' title='bbox 3569 2762 3840 2837; x_wconf 83' lang='grc' dir='ltr'>ἀνθρώπου.</span> 
     </span>
    </p>
   </div>
   <div class='ocr_carea' id='block_1_79' title="bbox 2403 2850 3892 2929">
    <p class='ocr_par' dir='ltr' id='par_1_79' title="bbox 2403 2850 3892 2929">
     <span class='ocr_line' id='line_1_79' title="bbox 2403 2850 3892 2929; baseline -0.003 -21"><span class='ocrx_word' id='word_1_507' title='bbox 2403 2855 2567 2916; x_wconf 86' lang='grc' dir='ltr'>Αύτὸς</span> <span class='ocrx_word' id='word_1_508' title='bbox 2612 2885 2681 2895; x_wconf 90' lang='grc'><strong>-</strong></span> <span class='ocrx_word' id='word_1_509' title='bbox 2731 2852 3004 2929; x_wconf 77' lang='grc' dir='ltr'>ἀνθρώπῳ.</span> <span class='ocrx_word' id='word_1_510' title='bbox 3061 2854 3141 2906; x_wconf 87' lang='grc' dir='ltr'>Ἐν</span> <span class='ocrx_word' id='word_1_511' title='bbox 3193 2861 3264 2923; x_wconf 83' lang='grc' dir='ltr'>τῷ</span> <span class='ocrx_word' id='word_1_512' title='bbox 3318 2857 3475 2905; x_wconf 81' lang='grc' dir='ltr'>παντὶ</span> <span class='ocrx_word' id='word_1_513' title='bbox 3535 2851 3796 2927; x_wconf 75' lang='grc' dir='ltr'>ἀνθρώπῳ,</span> <span class='ocrx_word' id='word_1_514' title='bbox 3844 2850 3892 2904; x_wconf 77' lang='grc' dir='ltr'>ὡς</span> 
     </span>
    </p>
   </div>
   <div class='ocr_carea' id='block_1_80' title="bbox 2327 2943 2940 3021">
    <p class='ocr_par' dir='ltr' id='par_1_80' title="bbox 2327 2943 2940 3021">
     <span class='ocr_line' id='line_1_80' title="bbox 2327 2943 2940 3021; baseline 0 -23"><span class='ocrx_word' id='word_1_515' title='bbox 2327 2943 2756 3021; x_wconf 69' lang='grc' dir='ltr'>καρδιογνώστης</span> <span class='ocrx_word' id='word_1_516' title='bbox 2791 2949 2890 2997; x_wconf 82' lang='grc' dir='ltr'>Θεό</span> <span class='ocrx_word' id='word_1_517' title='bbox 2901 2965 2940 3006; x_wconf 89' lang='grc' dir='ltr'>ς.</span> 
     </span>
    </p>
   </div>
   <div class='ocr_carea' id='block_1_81' title="bbox 2742 3029 3517 3108">
    <p class='ocr_par' dir='ltr' id='par_1_81' title="bbox 2742 3029 3517 3108">
     <span class='ocr_line' id='line_1_81' title="bbox 2742 3029 3517 3108; baseline 0.001 -21"><span class='ocrx_word' id='word_1_518' title='bbox 2742 3040 2887 3088; x_wconf 72' lang='grc' dir='ltr'>ΚΕΦ.</span> <span class='ocrx_word' id='word_1_519' title='bbox 2913 3033 2986 3089; x_wconf 85' lang='grc' dir='ltr'>Γ’.</span> <span class='ocrx_word' id='word_1_520' title='bbox 3024 3038 3148 3108; x_wconf 82' lang='grc' dir='ltr'>Περὶ</span> <span class='ocrx_word' id='word_1_521' title='bbox 3175 3029 3517 3104; x_wconf 67' lang='grc' dir='ltr'>Νικόδημον.</span> 
     </span>
    </p>
   </div>
   <div class='ocr_carea' id='block_1_82' title="bbox 2393 3111 3872 3195">
    <p class='ocr_par' dir='ltr' id='par_1_82' title="bbox 2393 3111 3872 3195">
     <span class='ocr_line' id='line_1_82' title="bbox 2393 3111 3872 3195; baseline -0.003 -19"><span class='ocrx_word' id='word_1_522' title='bbox 2393 3123 2492 3178; x_wconf 85' lang='grc' dir='ltr'>Ἦν</span> <span class='ocrx_word' id='word_1_523' title='bbox 2540 3155 2606 3164; x_wconf 96' lang='lat'><strong><em>—</em></strong></span> <span class='ocrx_word' id='word_1_524' title='bbox 2654 3127 2858 3185; x_wconf 90' lang='grc' dir='ltr'>νυκτός.</span> <span class='ocrx_word' id='word_1_525' title='bbox 2918 3122 3159 3194; x_wconf 65' lang='grc' dir='ltr'>Εφοϐεἰτο</span> <span class='ocrx_word' id='word_1_526' title='bbox 3211 3125 3311 3195; x_wconf 74' lang='grc' dir='ltr'>γὰρ</span> <span class='ocrx_word' id='word_1_527' title='bbox 3368 3120 3529 3173; x_wconf 77' lang='grc' dir='ltr'>ἐλθεῖν</span> <span class='ocrx_word' id='word_1_528' title='bbox 3586 3111 3872 3195; x_wconf 34' lang='lat' dir='ltr'>pensior;ka</span> 
     </span>
    </p>
   </div>
   <div class='ocr_carea' id='block_1_83' title="bbox 2326 3209 3865 3285">
    <p class='ocr_par' dir='ltr' id='par_1_83' title="bbox 2326 3209 3865 3285">
     <span class='ocr_line' id='line_1_83' title="bbox 2326 3209 3865 3285; baseline -0.005 -18"><span class='ocrx_word' id='word_1_529' title='bbox 2326 3218 2419 3272; x_wconf 68' lang='grc' dir='ltr'>τὴν</span> <span class='ocrx_word' id='word_1_530' title='bbox 2449 3211 2678 3285; x_wconf 75' lang='grc' dir='ltr'>ὑποψίαν</span> <span class='ocrx_word' id='word_1_531' title='bbox 2705 3221 2802 3264; x_wconf 82' lang='grc' dir='ltr'>τῶν</span> <span class='ocrx_word' id='word_1_532' title='bbox 2831 3209 3107 3266; x_wconf 70' lang='grc' dir='ltr'>Ἰουδαίων</span> <span class='ocrx_word' id='word_1_533' title='bbox 3139 3209 3610 3285; x_wconf 56' lang='grc' dir='ltr'>ἀποστρεφομένων</span> <span class='ocrx_word' id='word_1_534' title='bbox 3659 3213 3756 3268; x_wconf 79' lang='grc' dir='ltr'>τούς</span> <span class='ocrx_word' id='word_1_535' title='bbox 3780 3219 3865 3274; x_wconf 63' lang='grc' dir='ltr'>πρια-</span> 
     </span>
    </p>
   </div>
   <div class='ocr_carea' id='block_1_84' title="bbox 2329 3302 2730 3372">
    <p class='ocr_par' dir='ltr' id='par_1_84' title="bbox 2329 3302 2730 3372">
     <span class='ocr_line' id='line_1_84' title="bbox 2329 3302 2730 3372; baseline -0.005 -16"><span class='ocrx_word' id='word_1_536' title='bbox 2329 3307 2537 3364; x_wconf 89' lang='grc' dir='ltr'>σιόντας</span> <span class='ocrx_word' id='word_1_537' title='bbox 2569 3302 2730 3372; x_wconf 82' lang='grc' dir='ltr'>αύτῷ.</span> 
     </span>
    </p>
   </div>
   <div class='ocr_carea' id='block_1_85' title="bbox 2399 3382 3878 3464">
    <p class='ocr_par' dir='ltr' id='par_1_85' title="bbox 2399 3382 3878 3464">
     <span class='ocr_line' id='line_1_85' title="bbox 2399 3382 3878 3464; baseline -0.003 -19"><span class='ocrx_word' id='word_1_538' title='bbox 2399 3397 2499 3446; x_wconf 81' lang='grc' dir='ltr'>Καὶ</span> <span class='ocrx_word' id='word_1_539' title='bbox 2528 3421 2596 3432; x_wconf 90' lang='grc'><strong><em>-</em></strong></span> <span class='ocrx_word' id='word_1_540' title='bbox 2627 3387 2973 3452; x_wconf 74' lang='grc' dir='ltr'>διδάσκαλος.</span> <span class='ocrx_word' id='word_1_541' title='bbox 3005 3389 3159 3462; x_wconf 55' lang='lat' dir='ltr'>&quot;tle-ro</span> <span class='ocrx_word' id='word_1_542' title='bbox 3199 3391 3301 3464; x_wconf 79' lang='grc' dir='ltr'>γὰρ</span> <span class='ocrx_word' id='word_1_543' title='bbox 3351 3390 3431 3441; x_wconf 87' lang='grc' dir='ltr'>ὅτι</span> <span class='ocrx_word' id='word_1_544' title='bbox 3461 3394 3733 3462; x_wconf 65' lang='grc' dir='ltr'>προφήτης</span> <span class='ocrx_word' id='word_1_545' title='bbox 3757 3382 3878 3440; x_wconf 72' lang='grc' dir='ltr'>ἐστὶν,</span> 
     </span>
    </p>
   </div>
   <div class='ocr_carea' id='block_1_86' title="bbox 2323 3475 3620 3552">
    <p class='ocr_par' dir='ltr' id='par_1_86' title="bbox 2323 3475 3620 3552">
     <span class='ocr_line' id='line_1_86' title="bbox 2323 3475 3620 3552; baseline -0.004 -17"><span class='ocrx_word' id='word_1_546' title='bbox 2323 3480 2427 3535; x_wconf 86' lang='grc' dir='ltr'>ἀπὸ</span> <span class='ocrx_word' id='word_1_547' title='bbox 2459 3485 2586 3534; x_wconf 82' lang='grc' dir='ltr'>Θεοῦ</span> <span class='ocrx_word' id='word_1_548' title='bbox 2625 3480 2877 3552; x_wconf 73' lang='grc' dir='ltr'>πεμφθεὶς</span> <span class='ocrx_word' id='word_1_549' title='bbox 2906 3479 2980 3540; x_wconf 87' lang='grc' dir='ltr'>εἰς</span> <span class='ocrx_word' id='word_1_550' title='bbox 3007 3483 3063 3530; x_wconf 84' lang='grc' dir='ltr'>τὸ</span> <span class='ocrx_word' id='word_1_551' title='bbox 3097 3475 3375 3531; x_wconf 73' lang='grc' dir='ltr'>διδάσκειν</span> <span class='ocrx_word' id='word_1_552' title='bbox 3403 3477 3620 3541; x_wconf 74' lang='grc' dir='ltr'>αὐτοὺς.</span> 
     </span>
    </p>
   </div>
   <div class='ocr_carea' id='block_1_87' title="bbox 2395 3557 3885 3642">
    <p class='ocr_par' dir='ltr' id='par_1_87' title="bbox 2395 3557 3885 3642">
     <span class='ocr_line' id='line_1_87' title="bbox 2395 3557 3885 3642; baseline -0.005 -19"><span class='ocrx_word' id='word_1_553' title='bbox 2395 3567 2591 3632; x_wconf 72' lang='grc' dir='ltr'>Ούδεὶς</span> <span class='ocrx_word' id='word_1_554' title='bbox 2630 3601 2692 3609; x_wconf 93' lang='grc'><strong>-</strong></span> <span class='ocrx_word' id='word_1_555' title='bbox 2727 3567 2905 3622; x_wconf 71' lang='grc' dir='ltr'>αὑτοῦ.</span> <span class='ocrx_word' id='word_1_556' title='bbox 2940 3567 3082 3620; x_wconf 80' lang='grc' dir='ltr'>Ἐπεὶ</span> <span class='ocrx_word' id='word_1_557' title='bbox 3117 3572 3388 3642; x_wconf 77' lang='grc' dir='ltr'>προφήτην</span> <span class='ocrx_word' id='word_1_558' title='bbox 3420 3565 3583 3619; x_wconf 67' lang='grc' dir='ltr'>αὐτόν</span> <span class='ocrx_word' id='word_1_559' title='bbox 3632 3570 3760 3637; x_wconf 80' lang='grc' dir='ltr'>ᾤετο,</span> <span class='ocrx_word' id='word_1_560' title='bbox 3794 3557 3885 3610; x_wconf 78' lang='grc' dir='ltr'>ἀκο·</span> 
     </span>
    </p>
   </div>
   <div class='ocr_carea' id='block_1_88' title="bbox 2321 3651 3886 3731">
    <p class='ocr_par' dir='ltr' id='par_1_88' title="bbox 2321 3651 3886 3731">
     <span class='ocr_line' id='line_1_88' title="bbox 2321 3651 3886 3731; baseline -0.008 -18"><span class='ocrx_word' id='word_1_561' title='bbox 2321 3661 2520 3721; x_wconf 77' lang='grc' dir='ltr'>λούθως</span> <span class='ocrx_word' id='word_1_562' title='bbox 2545 3657 2896 3731; x_wconf 71' lang='grc' dir='ltr'>ὑπελάμϐανεν</span> <span class='ocrx_word' id='word_1_563' title='bbox 2934 3658 3015 3710; x_wconf 86' lang='grc' dir='ltr'>ὅτι</span> <span class='ocrx_word' id='word_1_564' title='bbox 3039 3657 3133 3708; x_wconf 72' lang='grc' dir='ltr'>οὐκ</span> <span class='ocrx_word' id='word_1_565' title='bbox 3163 3655 3215 3719; x_wconf 75' lang='grc' dir='ltr'>ἐξ</span> <span class='ocrx_word' id='word_1_566' title='bbox 3245 3657 3434 3718; x_wconf 81' lang='grc' dir='ltr'>οἰκείας</span> <span class='ocrx_word' id='word_1_567' title='bbox 3468 3651 3728 3728; x_wconf 78' lang='grc' dir='ltr'>δυνάμεως</span> <span class='ocrx_word' id='word_1_568' title='bbox 3753 3655 3886 3702; x_wconf 78' lang='grc' dir='ltr'>ταῦτα</span> 
     </span>
    </p>
   </div>
   <div class='ocr_carea' id='block_1_89' title="bbox 2322 3742 3608 3818">
    <p class='ocr_par' dir='ltr' id='par_1_89' title="bbox 2322 3742 3608 3818">
     <span class='ocr_line' id='line_1_89' title="bbox 2322 3742 3608 3818; baseline -0.005 -16"><span class='ocrx_word' id='word_1_569' title='bbox 2322 3757 2479 3816; x_wconf 74' lang='grc' dir='ltr'>ποιεῖ,</span> <span class='ocrx_word' id='word_1_570' title='bbox 2505 3748 2612 3801; x_wconf 83' lang='grc' dir='ltr'>ἀλλ’</span> <span class='ocrx_word' id='word_1_571' title='bbox 2637 3750 2691 3800; x_wconf 78' lang='grc' dir='ltr'>ἐκ</span> <span class='ocrx_word' id='word_1_572' title='bbox 2719 3756 2814 3808; x_wconf 84' lang='grc' dir='ltr'>τῆς</span> <span class='ocrx_word' id='word_1_573' title='bbox 2843 3755 2932 3800; x_wconf 84' lang='grc' dir='ltr'>τοῦ</span> <span class='ocrx_word' id='word_1_574' title='bbox 2967 3755 3122 3813; x_wconf 87' lang='grc' dir='ltr'>Θεοῦ,</span> <span class='ocrx_word' id='word_1_575' title='bbox 3150 3742 3389 3818; x_wconf 76' lang='grc' dir='ltr'>δεόμενος</span> <span class='ocrx_word' id='word_1_576' title='bbox 3417 3744 3553 3804; x_wconf 70' lang='grc' dir='ltr'>αὐτῆ</span> <span class='ocrx_word' id='word_1_577' title='bbox 3568 3767 3608 3808; x_wconf 86' lang='grc' dir='ltr'>ς.</span> 
     </span>
    </p>
   </div>
   <div class='ocr_carea' id='block_1_90' title="bbox 2395 3831 3882 3911">
    <p class='ocr_par' dir='ltr' id='par_1_90' title="bbox 2395 3831 3882 3911">
     <span class='ocr_line' id='line_1_90' title="bbox 2395 3831 3882 3911; baseline -0.006 -21"><span class='ocrx_word' id='word_1_578' title='bbox 2395 3837 2678 3911; x_wconf 88' lang='grc' dir='ltr'>Ἀπεκρίθη</span> <span class='ocrx_word' id='word_1_579' title='bbox 2734 3869 2802 3877; x_wconf 93' lang='lat'>—-</span> <span class='ocrx_word' id='word_1_580' title='bbox 2850 3844 3003 3890; x_wconf 83' lang='grc' dir='ltr'>Θεοῦ.</span> <span class='ocrx_word' id='word_1_581' title='bbox 3061 3837 3326 3908; x_wconf 81' lang='grc' dir='ltr'>Ἐνόμισεν</span> <span class='ocrx_word' id='word_1_582' title='bbox 3384 3837 3409 3886; x_wconf 86' lang='grc' dir='ltr'><strong><em>ὁ</em></strong></span> <span class='ocrx_word' id='word_1_583' title='bbox 3456 3831 3754 3904; x_wconf 80' lang='grc' dir='ltr'>Νικόδημος</span> <span class='ocrx_word' id='word_1_584' title='bbox 3781 3833 3882 3898; x_wconf 74' lang='grc' dir='ltr'>γνώ-</span> 
     </span>
    </p>
   </div>
   <div class='ocr_carea' id='block_1_91' title="bbox 2321 3917 3880 4000">
    <p class='ocr_par' dir='ltr' id='par_1_91' title="bbox 2321 3917 3880 4000">
     <span class='ocr_line' id='line_1_91' title="bbox 2321 3917 3880 4000; baseline -0.01 -20"><span class='ocrx_word' id='word_1_585' title='bbox 2321 3948 2406 3980; x_wconf 87' lang='grc' dir='ltr'>ναι</span> <span class='ocrx_word' id='word_1_586' title='bbox 2465 3927 2639 3993; x_wconf 78' lang='grc' dir='ltr'>αὐτόν,</span> <span class='ocrx_word' id='word_1_587' title='bbox 2699 3930 2789 3979; x_wconf 81' lang='grc' dir='ltr'>καὶ</span> <span class='ocrx_word' id='word_1_588' title='bbox 2846 3925 2974 3998; x_wconf 81' lang='grc' dir='ltr'>ὀρθὰ</span> <span class='ocrx_word' id='word_1_589' title='bbox 3023 3931 3220 4000; x_wconf 76' lang='grc' dir='ltr'>φρονεῖν</span> <span class='ocrx_word' id='word_1_590' title='bbox 3267 3927 3384 3997; x_wconf 86' lang='grc' dir='ltr'>περὶ</span> <span class='ocrx_word' id='word_1_591' title='bbox 3432 3931 3616 3977; x_wconf 86' lang='grc' dir='ltr'>αυτοῦ.</span> <span class='ocrx_word' id='word_1_592' title='bbox 3673 3917 3880 3973; x_wconf 78' lang='grc' dir='ltr'>Δεικνύων</span> 
     </span>
    </p>
   </div>
   <div class='ocr_carea' id='block_1_92' title="bbox 2325 4008 3876 4092">
    <p class='ocr_par' dir='ltr' id='par_1_92' title="bbox 2325 4008 3876 4092">
     <span class='ocr_line' id='line_1_92' title="bbox 2325 4008 3876 4092; baseline -0.006 -22"><span class='ocrx_word' id='word_1_593' title='bbox 2325 4014 2384 4070; x_wconf 68' lang='grc' dir='ltr'>δὲ</span> <span class='ocrx_word' id='word_1_594' title='bbox 2435 4018 2461 4068; x_wconf 87' lang='grc' dir='ltr'>ό</span> <span class='ocrx_word' id='word_1_595' title='bbox 2515 4018 2747 4092; x_wconf 83' lang='grc' dir='ltr'>Χριστός</span> <span class='ocrx_word' id='word_1_596' title='bbox 2817 4016 2898 4066; x_wconf 86' lang='grc' dir='ltr'>ὅτι</span> <span class='ocrx_word' id='word_1_597' title='bbox 2948 4013 3124 4088; x_wconf 74' lang='grc' dir='ltr'>πόρρω</span> <span class='ocrx_word' id='word_1_598' title='bbox 3190 4011 3444 4066; x_wconf 84' lang='grc' dir='ltr'>πλανᾶται</span> <span class='ocrx_word' id='word_1_599' title='bbox 3503 4022 3600 4074; x_wconf 85' lang='grc' dir='ltr'>τῆς</span> <span class='ocrx_word' id='word_1_600' title='bbox 3659 4008 3876 4065; x_wconf 74' lang='grc' dir='ltr'>ἀληθείας,</span> 
     </span>
    </p>
   </div>
   <div class='ocr_carea' id='block_1_93' title="bbox 2325 4093 3880 4179">
    <p class='ocr_par' dir='ltr' id='par_1_93' title="bbox 2325 4093 3880 4179">
     <span class='ocr_line' id='line_1_93' title="bbox 2325 4093 3880 4179; baseline -0.012 -20"><span class='ocrx_word' id='word_1_601' title='bbox 2325 4106 2481 4179; x_wconf 72' lang='grc' dir='ltr'>φησὶν</span> <span class='ocrx_word' id='word_1_602' title='bbox 2526 4107 2626 4172; x_wconf 86' lang='grc' dir='ltr'>ὅτι,</span> <span class='ocrx_word' id='word_1_603' title='bbox 2679 4106 2796 4158; x_wconf 82' lang='grc' dir='ltr'>Ἐὰν</span> <span class='ocrx_word' id='word_1_604' title='bbox 2849 4107 2920 4176; x_wconf 82' lang='grc' dir='ltr'>μή</span> <span class='ocrx_word' id='word_1_605' title='bbox 2977 4123 3058 4163; x_wconf 88' lang='grc' dir='ltr'>τις</span> <span class='ocrx_word' id='word_1_606' title='bbox 3097 4103 3411 4175; x_wconf 77' lang='grc' dir='ltr'>ἀναγεννηθῇ</span> <span class='ocrx_word' id='word_1_607' title='bbox 3468 4098 3565 4154; x_wconf 75' lang='grc' dir='ltr'>διὰ</span> <span class='ocrx_word' id='word_1_608' title='bbox 3605 4108 3688 4159; x_wconf 73' lang='grc' dir='ltr'>τῆς</span> <span class='ocrx_word' id='word_1_609' title='bbox 3727 4093 3880 4179; x_wconf 78' lang='grc' dir='ltr'>παλιγ-</span> 
     </span>
    </p>
   </div>
   <div class='ocr_carea' id='block_1_94' title="bbox 2322 4178 3870 4267">
    <p class='ocr_par' dir='ltr' id='par_1_94' title="bbox 2322 4178 3870 4267">
     <span class='ocr_line' id='line_1_94' title="bbox 2322 4178 3870 4267; baseline -0.004 -19"><span class='ocrx_word' id='word_1_610' title='bbox 2322 4199 2554 4267; x_wconf 86' lang='grc' dir='ltr'>γενεσίας</span> <span class='ocrx_word' id='word_1_611' title='bbox 2599 4201 2689 4246; x_wconf 87' lang='grc' dir='ltr'>τοῦ</span> <span class='ocrx_word' id='word_1_612' title='bbox 2743 4196 2878 4246; x_wconf 82' lang='grc' dir='ltr'>θείου</span> <span class='ocrx_word' id='word_1_613' title='bbox 2939 4191 3326 4265; x_wconf 83' lang='grc' dir='ltr'>βαπτίσματος,</span> <span class='ocrx_word' id='word_1_614' title='bbox 3378 4190 3436 4243; x_wconf 78' lang='grc' dir='ltr'>ού</span> <span class='ocrx_word' id='word_1_615' title='bbox 3495 4187 3703 4243; x_wconf 82' lang='grc' dir='ltr'>δυναται</span> <span class='ocrx_word' id='word_1_616' title='bbox 3749 4178 3870 4242; x_wconf 65' lang='grc' dir='ltr'>ἰδεῖν,</span> 
     </span>
    </p>
   </div>
   <div class='ocr_carea' id='block_1_95' title="bbox 2323 4274 3861 4355">
    <p class='ocr_par' dir='ltr' id='par_1_95' title="bbox 2323 4274 3861 4355">
     <span class='ocr_line' id='line_1_95' title="bbox 2323 4274 3861 4355; baseline -0.009 -19"><span class='ocrx_word' id='word_1_617' title='bbox 2323 4287 2441 4342; x_wconf 82' lang='grc' dir='ltr'>ἤτοι</span> <span class='ocrx_word' id='word_1_618' title='bbox 2519 4291 2708 4355; x_wconf 81' lang='grc' dir='ltr'>γνῶναι</span> <span class='ocrx_word' id='word_1_619' title='bbox 2769 4286 2864 4341; x_wconf 78' lang='grc' dir='ltr'>τὴν</span> <span class='ocrx_word' id='word_1_620' title='bbox 2918 4281 3067 4344; x_wconf 82' lang='grc' dir='ltr'>ἀξίαν</span> <span class='ocrx_word' id='word_1_621' title='bbox 3125 4286 3215 4333; x_wconf 84' lang='grc' dir='ltr'>καὶ</span> <span class='ocrx_word' id='word_1_622' title='bbox 3282 4280 3656 4352; x_wconf 81' lang='grc' dir='ltr'>μεγαλειότητα</span> <span class='ocrx_word' id='word_1_623' title='bbox 3711 4274 3861 4325; x_wconf 68' lang='grc' dir='ltr'>αὑτοῦ.</span> 
     </span>
    </p>
   </div>
   <div class='ocr_carea' id='block_1_96' title="bbox 2323 4361 3862 4447">
    <p class='ocr_par' dir='ltr' id='par_1_96' title="bbox 2323 4361 3862 4447">
     <span class='ocr_line' id='line_1_96' title="bbox 2323 4361 3862 4447; baseline -0.008 -21"><span class='ocrx_word' id='word_1_624' title='bbox 2323 4377 2446 4426; x_wconf 86' lang='grc' dir='ltr'>Θεὸν</span> <span class='ocrx_word' id='word_1_625' title='bbox 2485 4375 2586 4447; x_wconf 82' lang='grc' dir='ltr'>γὰρ</span> <span class='ocrx_word' id='word_1_626' title='bbox 2619 4373 2798 4426; x_wconf 84' lang='grc' dir='ltr'>ἑαυτὸν</span> <span class='ocrx_word' id='word_1_627' title='bbox 2845 4371 2979 4444; x_wconf 82' lang='grc' dir='ltr'>λέγει</span> <span class='ocrx_word' id='word_1_628' title='bbox 3025 4379 3132 4423; x_wconf 90' lang='grc' dir='ltr'>νῦν·</span> <span class='ocrx_word' id='word_1_629' title='bbox 3169 4375 3488 4444; x_wconf 74' lang='grc' dir='ltr'>ἀσυμφανῶς</span> <span class='ocrx_word' id='word_1_630' title='bbox 3543 4367 3618 4435; x_wconf 72' lang='grc' dir='ltr'>δὲ,</span> <span class='ocrx_word' id='word_1_631' title='bbox 3645 4368 3715 4418; x_wconf 82' lang='grc' dir='ltr'>ἶνα</span> <span class='ocrx_word' id='word_1_632' title='bbox 3753 4361 3862 4431; x_wconf 55' lang='lat'>9&#39;37?</span> 
     </span>
    </p>
   </div>
   <div class='ocr_carea' id='block_1_97' title="bbox 2323 4456 3861 4540">
    <p class='ocr_par' dir='ltr' id='par_1_97' title="bbox 2323 4456 3861 4540">
     <span class='ocr_line' id='line_1_97' title="bbox 2323 4456 3861 4540; baseline -0.01 -25"><span class='ocrx_word' id='word_1_633' title='bbox 2323 4467 2410 4516; x_wconf 88' lang='grc' dir='ltr'>τόν</span> <span class='ocrx_word' id='word_1_634' title='bbox 2461 4467 2682 4536; x_wconf 88' lang='grc' dir='ltr'>κόμπον.</span> <span class='ocrx_word' id='word_1_635' title='bbox 2731 4465 2858 4515; x_wconf 85' lang='grc' dir='ltr'>Τότε</span> <span class='ocrx_word' id='word_1_636' title='bbox 2905 4462 3006 4535; x_wconf 80' lang='grc' dir='ltr'>γὰρ</span> <span class='ocrx_word' id='word_1_637' title='bbox 3039 4461 3070 4518; x_wconf 78' lang='grc' dir='ltr'>ἡ</span> <span class='ocrx_word' id='word_1_638' title='bbox 3116 4456 3209 4512; x_wconf 79' lang='grc' dir='ltr'>διὰ</span> <span class='ocrx_word' id='word_1_639' title='bbox 3239 4467 3331 4512; x_wconf 87' lang='grc' dir='ltr'>τοῦ</span> <span class='ocrx_word' id='word_1_640' title='bbox 3369 4462 3506 4534; x_wconf 83' lang='grc' dir='ltr'>ἱεροῦ</span> <span class='ocrx_word' id='word_1_641' title='bbox 3555 4457 3861 4540; x_wconf 54' lang='grc' dir='ltr'>βαπτίσματος</span> 
     </span>
    </p>
   </div>
   <div class='ocr_carea' id='block_1_98' title="bbox 2325 4543 3851 4625">
    <p class='ocr_par' dir='ltr' id='par_1_98' title="bbox 2325 4543 3851 4625">
     <span class='ocr_line' id='line_1_98' title="bbox 2325 4543 3851 4625; baseline -0.006 -20"><span class='ocrx_word' id='word_1_642' title='bbox 2325 4547 2578 4625; x_wconf 79' lang='grc' dir='ltr'>διδομένη</span> <span class='ocrx_word' id='word_1_643' title='bbox 2641 4553 2753 4604; x_wconf 84' lang='grc' dir='ltr'>θεία</span> <span class='ocrx_word' id='word_1_644' title='bbox 2797 4552 2962 4625; x_wconf 81' lang='grc' dir='ltr'>χάρις</span> <span class='ocrx_word' id='word_1_645' title='bbox 3016 4550 3228 4624; x_wconf 80' lang='grc' dir='ltr'>ῥωννύει</span> <span class='ocrx_word' id='word_1_646' title='bbox 3267 4553 3354 4601; x_wconf 90' lang='grc' dir='ltr'>τόν</span> <span class='ocrx_word' id='word_1_647' title='bbox 3392 4557 3508 4600; x_wconf 77' lang='grc' dir='ltr'>νοῦν</span> <span class='ocrx_word' id='word_1_648' title='bbox 3548 4551 3623 4599; x_wconf 84' lang='grc' dir='ltr'>καὶ</span> <span class='ocrx_word' id='word_1_649' title='bbox 3662 4543 3760 4611; x_wconf 59' lang='grc' dir='ltr'>όρῷι</span> <span class='ocrx_word' id='word_1_650' title='bbox 3787 4549 3851 4602; x_wconf 66' lang='lat'>0,9”</span> 
     </span>
    </p>
   </div>
   <div class='ocr_carea' id='block_1_99' title="bbox 2326 4633 3842 4716">
    <p class='ocr_par' dir='ltr' id='par_1_99' title="bbox 2326 4633 3842 4716">
     <span class='ocr_line' id='line_1_99' title="bbox 2326 4633 3842 4716; baseline -0.024 -12"><span class='ocrx_word' id='word_1_651' title='bbox 2326 4643 2422 4702; x_wconf 81' lang='grc' dir='ltr'>θῶς</span> <span class='ocrx_word' id='word_1_652' title='bbox 2467 4645 2711 4716; x_wconf 79' lang='grc' dir='ltr'>παρέχει,</span> <span class='ocrx_word' id='word_1_653' title='bbox 2761 4647 2857 4702; x_wconf 84' lang='grc' dir='ltr'>τῆς</span> <span class='ocrx_word' id='word_1_654' title='bbox 2909 4637 3289 4699; x_wconf 84' lang='grc' dir='ltr'>ἐπισκοτούσης</span> <span class='ocrx_word' id='word_1_655' title='bbox 3354 4637 3599 4692; x_wconf 73' lang='grc' dir='ltr'>ἀσθενείας</span> <span class='ocrx_word' id='word_1_656' title='bbox 3657 4633 3842 4677; x_wconf 72' lang='grc' dir='ltr'>ἀποσκε-</span> 
     </span>
    </p>
   </div>
   <div class='ocr_carea' id='block_1_100' title="bbox 2325 4727 2641 4793">
    <p class='ocr_par' dir='ltr' id='par_1_100' title="bbox 2325 4727 2641 4793">
     <span class='ocr_line' id='line_1_100' title="bbox 2325 4727 2641 4793; baseline 0.009 -10"><span class='ocrx_word' id='word_1_657' title='bbox 2325 4727 2641 4793; x_wconf 76' lang='grc' dir='ltr'>ὃασθεὶσης.</span> 
     </span>
    </p>
   </div>
   <div class='ocr_carea' id='block_1_101' title="bbox 1808 5150 2747 5221">
    <p class='ocr_par' dir='ltr' id='par_1_101' title="bbox 1808 5150 2747 5221">
     <span class='ocr_line' id='line_1_101' title="bbox 1808 5150 2747 5221; baseline 0.002 -3"><span class='ocrx_word' id='word_1_658' title='bbox 1808 5150 2028 5220; x_wconf 59' lang='lat' dir='ltr'>Varia;</span> <span class='ocrx_word' id='word_1_659' title='bbox 2065 5150 2393 5221; x_wconf 90' lang='lat' dir='ltr'>lectiones</span> <span class='ocrx_word' id='word_1_660' title='bbox 2434 5161 2502 5219; x_wconf 89' lang='lat' dir='ltr'>et</span> <span class='ocrx_word' id='word_1_661' title='bbox 2538 5159 2747 5220; x_wconf 62' lang='lat' dir='ltr'>nota.</span> 
     </span>
    </p>
   </div>
   <div class='ocr_carea' id='block_1_102' title="bbox 621 5379 1215 5452">
    <p class='ocr_par' dir='ltr' id='par_1_102' title="bbox 621 5379 1215 5452">
     <span class='ocr_line' id='line_1_102' title="bbox 621 5379 1215 5452; baseline -0.003 -17"><span class='ocrx_word' id='word_1_662' title='bbox 621 5379 737 5452; x_wconf 80' lang='grc'>(10)</span> <span class='ocrx_word' id='word_1_663' title='bbox 777 5380 1122 5452; x_wconf 83' lang='grc' dir='ltr'>Ἒπίστευσαν</span> 
     </span>
    </p>
   </div>
   <div class='ocr_carea' id='block_1_103' title="bbox 621 5447 1551 5524">
    <p class='ocr_par' dir='ltr' id='par_1_103' title="bbox 621 5447 1551 5524">
     <span class='ocr_line' id='line_1_103' title="bbox 621 5447 1551 5524; baseline -0.005 -18"><span class='ocrx_word' id='word_1_664' title='bbox 621 5447 734 5522; x_wconf 82' lang='grc'>(11)</span> <span class='ocrx_word' id='word_1_665' title='bbox 779 5451 1102 5524; x_wconf 56' lang='grc' dir='ltr'>ξρξυτέρους,</span> <span class='ocrx_word' id='word_1_666' title='bbox 1132 5447 1551 5524; x_wconf 75' lang='grc' dir='ltr'>ἀκριϐεστέρους.</span> 
     </span>
    </p>
   </div>
   <div class='ocr_carea' id='block_1_104' title="bbox 619 5518 2199 5596">
    <p class='ocr_par' dir='ltr' id='par_1_104' title="bbox 619 5518 2199 5596">
     <span class='ocr_line' id='line_1_104' title="bbox 619 5518 2199 5596; baseline -0.001 -22"><span class='ocrx_word' id='word_1_667' title='bbox 619 5518 738 5596; x_wconf 81' lang='grc'>(12)</span> <span class='ocrx_word' id='word_1_668' title='bbox 779 5518 1007 5577; x_wconf 84' lang='lat' dir='ltr'>Etenim</span> <span class='ocrx_word' id='word_1_669' title='bbox 1059 5537 1170 5593; x_wconf 86' lang='lat' dir='ltr'>pro</span> <span class='ocrx_word' id='word_1_670' title='bbox 1201 5518 1437 5583; x_wconf 70' lang='grc' dir='ltr'>’πάντ-ας,</span> <span class='ocrx_word' id='word_1_671' title='bbox 1492 5518 1633 5588; x_wconf 88' lang='lat' dir='ltr'>legit</span> <span class='ocrx_word' id='word_1_672' title='bbox 1685 5518 1744 5573; x_wconf 85' lang='lat' dir='ltr'>in</span> <span class='ocrx_word' id='word_1_673' title='bbox 1798 5523 1955 5575; x_wconf 82' lang='lat' dir='ltr'>textu</span> <span class='ocrx_word' id='word_1_674' title='bbox 2010 5521 2199 5572; x_wconf 79' lang='grc' dir='ltr'>πάντα.</span> 
     </span>
    </p>
   </div>
   <div class='ocr_carea' id='block_1_105' title="bbox 622 5697 2204 5774">
    <p class='ocr_par' dir='ltr' id='par_1_105' title="bbox 622 5697 2204 5774">
     <span class='ocr_line' id='line_1_105' title="bbox 622 5697 2204 5774; baseline -0.006 -16"><span class='ocrx_word' id='word_1_675' title='bbox 622 5701 695 5774; x_wconf 88' lang='grc' dir='ltr'>(ε)</span> <span class='ocrx_word' id='word_1_676' title='bbox 733 5699 848 5774; x_wconf 79' lang='lat' dir='ltr'>Sed</span> <span class='ocrx_word' id='word_1_677' title='bbox 871 5715 980 5754; x_wconf 77' lang='lat' dir='ltr'>esse</span> <span class='ocrx_word' id='word_1_678' title='bbox 1003 5729 1068 5739; x_wconf 90' lang='lat'>—</span> <span class='ocrx_word' id='word_1_679' title='bbox 1089 5698 1342 5755; x_wconf 81' lang='lat' dir='ltr'>obtenta.</span> <span class='ocrx_word' id='word_1_680' title='bbox 1365 5697 1726 5774; x_wconf 74' lang='lat' dir='ltr'>Seddivina,</span> <span class='ocrx_word' id='word_1_681' title='bbox 1761 5713 1940 5768; x_wconf 87' lang='lat' dir='ltr'>egens</span> <span class='ocrx_word' id='word_1_682' title='bbox 1970 5713 2059 5753; x_wconf 87' lang='lat' dir='ltr'>ea.</span> <span class='ocrx_word' id='word_1_683' title='bbox 2092 5701 2204 5750; x_wconf 90' lang='grc' dir='ltr'>Δεό-</span> 
     </span>
    </p>
   </div>
   <div class='ocr_carea' id='block_1_106' title="bbox 548 5767 1717 5851">
    <p class='ocr_par' dir='ltr' id='par_1_106' title="bbox 548 5767 1717 5851">
     <span class='ocr_line' id='line_1_106' title="bbox 548 5767 1717 5851; baseline -0.004 -23"><span class='ocrx_word' id='word_1_684' title='bbox 548 5767 699 5851; x_wconf 56' lang='grc' dir='ltr'>μεάοξ</span> <span class='ocrx_word' id='word_1_685' title='bbox 728 5771 825 5828; x_wconf 87' lang='lat' dir='ltr'>hic</span> <span class='ocrx_word' id='word_1_686' title='bbox 848 5786 966 5827; x_wconf 92' lang='lat' dir='ltr'>non</span> <span class='ocrx_word' id='word_1_687' title='bbox 991 5775 1080 5827; x_wconf 88' lang='lat' dir='ltr'>est</span> <span class='ocrx_word' id='word_1_688' title='bbox 1093 5783 1360 5840; x_wconf 83' lang='lat' dir='ltr'>precans,</span> <span class='ocrx_word' id='word_1_689' title='bbox 1395 5767 1503 5824; x_wconf 90' lang='lat' dir='ltr'>sed</span> <span class='ocrx_word' id='word_1_690' title='bbox 1531 5767 1717 5839; x_wconf 85' lang='lat' dir='ltr'>egens.</span> 
     </span>
    </p>
   </div>
   <div class='ocr_carea' id='block_1_107' title="bbox 2318 5359 3877 5434">
    <p class='ocr_par' dir='ltr' id='par_1_107' title="bbox 2318 5359 3877 5434">
     <span class='ocr_line' id='line_1_107' title="bbox 2318 5359 3877 5434; baseline -0.008 -1"><span class='ocrx_word' id='word_1_691' title='bbox 2318 5375 2484 5434; x_wconf 91' lang='lat' dir='ltr'>Unde</span> <span class='ocrx_word' id='word_1_692' title='bbox 2505 5377 2747 5433; x_wconf 84' lang='lat' dir='ltr'>autem?</span> <span class='ocrx_word' id='word_1_693' title='bbox 2772 5375 2856 5432; x_wconf 85' lang='lat' dir='ltr'><strong>Ex</strong></span> <span class='ocrx_word' id='word_1_694' title='bbox 2885 5373 3198 5432; x_wconf 89' lang='lat' dir='ltr'>codicibus</span> <span class='ocrx_word' id='word_1_695' title='bbox 3221 5376 3292 5431; x_wconf 91' lang='lat' dir='ltr'>N.</span> <span class='ocrx_word' id='word_1_696' title='bbox 3329 5360 3725 5430; x_wconf 75' lang='lat' dir='ltr'>Testamenti?</span> <span class='ocrx_word' id='word_1_697' title='bbox 3751 5359 3877 5420; x_wconf 67' lang='lat' dir='ltr'>Non:</span> 
     </span>
    </p>
   </div>
   <div class='ocr_carea' id='block_1_108' title="bbox 2318 5444 3526 5521">
    <p class='ocr_par' dir='ltr' id='par_1_108' title="bbox 2318 5444 3526 5521">
     <span class='ocr_line' id='line_1_108' title="bbox 2318 5444 3526 5521; baseline -0.007 -17"><span class='ocrx_word' id='word_1_698' title='bbox 2318 5449 2425 5504; x_wconf 90' lang='lat' dir='ltr'>sed</span> <span class='ocrx_word' id='word_1_699' title='bbox 2451 5464 2522 5505; x_wconf 86' lang='lat' dir='ltr'>ex</span> <span class='ocrx_word' id='word_1_700' title='bbox 2553 5449 2858 5521; x_wconf 87' lang='lat' dir='ltr'>Chrysost.</span> <span class='ocrx_word' id='word_1_701' title='bbox 2898 5452 3042 5504; x_wconf 88' lang='lat' dir='ltr'>tom.</span> <span class='ocrx_word' id='word_1_702' title='bbox 3072 5448 3210 5515; x_wconf 82' lang='lat' dir='ltr'>Vlll,</span> <span class='ocrx_word' id='word_1_703' title='bbox 3242 5461 3303 5518; x_wconf 88' lang='lat' dir='ltr'>p.</span> <span class='ocrx_word' id='word_1_704' title='bbox 3336 5447 3430 5500; x_wconf 81' lang='grc'>137</span> <span class='ocrx_word' id='word_1_705' title='bbox 3465 5444 3526 5498; x_wconf 90' lang='lat' dir='ltr'>C.</span> 
     </span>
    </p>
   </div>
   <div class='ocr_carea' id='block_1_109' title="bbox 2390 5697 3308 5770">
    <p class='ocr_par' dir='ltr' id='par_1_109' title="bbox 2390 5697 3308 5770">
     <span class='ocr_line' id='line_1_109' title="bbox 2390 5697 3308 5770; baseline -0.005 -16"><span class='ocrx_word' id='word_1_706' title='bbox 2390 5700 2459 5770; x_wconf 86' lang='lat' dir='ltr'>(t)</span> <span class='ocrx_word' id='word_1_707' title='bbox 2489 5697 2675 5757; x_wconf 87' lang='lat' dir='ltr'>Nosse</span> <span class='ocrx_word' id='word_1_708' title='bbox 2697 5699 2905 5755; x_wconf 87' lang='lat' dir='ltr'>Deum.</span> <span class='ocrx_word' id='word_1_709' title='bbox 2934 5697 3117 5755; x_wconf 88' lang='lat' dir='ltr'>Nosse</span> <span class='ocrx_word' id='word_1_710' title='bbox 3147 5710 3308 5752; x_wconf 86' lang='lat' dir='ltr'>eum.</span> 
     </span>
    </p>
   </div>
  </div>
