4120 6310
176 373 200 426 1
212 369 234 424 1
245 372 307 426 61

249 500 404 565 Λέγει
468 526 524 535 -—
579 497 888 566 γεννηθῆναι
976 511 989 560 ;
1076 499 1138 547 Τί
1219 501 1392 560 τοῦτο,
1467 490 1860 565 ΝικόδημεςΛ

173 583 348 636 Ῥαϐϐί
401 585 562 636 αὐτὸν
612 584 802 650 καλεῖς,
859 590 949 637 καὶ
999 582 1101 636 ἀπὸ
1165 592 1298 636 Θεοῦ
1344 582 1642 642 ἐληλυθέναι
1702 582 1786 634 λέ-

167 693 291 745 γεις,
335 679 433 725 καὶ.
474 674 532 725 ού
579 677 839 736 πιστεύεις
889 675 964 735 οἷς
1003 672 1174 744 λέγεις
1211 672 1376 724 Βαϐαἱ
1417 681 1513 733 τῆς
1559 668 1786 724 Ἰουδαῖ-

171 771 265 824 κῆς
319 762 679 834 παχύτητοςί
714 761 968 815 ’Ἤκουσεν
1023 761 1384 832 ἀναγέννησιν,
1445 761 1571 812 ἀλλά
1626 779 1783 813 πνευ-

177 858 398 924 ματικήν
430 869 443 881 ⁶
494 852 587 903 ούκ
655 849 895 910 ἠδυνήθη
981 854 1176 909 ταύτην
1243 859 1454 916 νοῆσαι,
1531 855 1620 902 καὶ
1683 856 1786 901 νοεῖ

183 945 478 1014 σαρκικήν·
555 947 646 994 καὶ
726 941 934 1002 εἰκότως
1013 939 1214 1016 ἀπορεῖ,
1308 945 1400 992 καὶ
1487 940 1634 1001 ζητεί
1701 941 1785 990 τόν

182 1033 371 1103 τρόπον
386 1073 396 1083 .

256 1117 539 1190 Ἀπεκρίθη
599 1147 664 1158 -—
728 1125 882 1170 Θεοῦ.
947 1117 1225 1189 Σαφηνίζει
1298 1120 1388 1189 μεν
1435 1120 1520 1169 τὸν
1575 1120 1785 1187 τρόπον,

183 1207 360 1278 λέγων,
416 1209 496 1259 ὅτι
547 1205 599 1269 ἐξ
653 1203 848 1268 ὕδατος
904 1211 994 1258 καὶ
1044 1208 1361 1278 Πνεύματος,
1421 1201 1634 1263 δηλαδὴ
1694 1211 1786 1256 ’τοϋ

185 1296 336 1367 ἁγίου
362 1316 374 1328 ·
411 1297 554 1348 οὔπω
605 1292 664 1348 δὲ
713 1296 899 1360 τᾶεον,
944 1296 1026 1347 ἱνα
1073 1301 1546 1368 προσεκτικὼτερος
1598 1295 1624 1345 6
1669 1292 1791 1366 ἐρω·

183 1394 282 1437 τῶν
363 1390 604 1456 γένηται.
699 1383 957 1446 Πολλάκις
1036 1387 1138 1456 γὰρ
1207 1387 1264 1435 τό
1344 1382 1534 1455 ἀσαφὲς
1609 1382 1787 1456 ἐγείρει

183 1479 276 1532 τὴν
363 1477 620 1536 διάνοιαν,
702 1478 791 1525 καὶ
861 1477 1248 1548 περιεργότερον
1335 1477 1425 1524 καὶ
1501 1469 1790 1524 σπουδαῖον

183 1563 538 1639 ἀπεργάσεται
591 1567 678 1614 τὸν
734 1561 1015 1636 ἀκροατήν.
1085 1561 1144 1614 Ὀ
1193 1564 1283 1634 μὲν
1342 1557 1429 1612 οὖν
1489 1558 1792 1633 Νικόδημος

182 1649 443 1704 ἀδύνατον
491 1652 629 1724 ἔλεγε
681 1656 774 1711 τὴν
830 1651 1198 1723 ἀνα-γέννησιν·
1247 1652 1272 1702 ὁ
1323 1647 1383 1702 δὲ
1431 1653 1656 1722 Χριστὸς
1701 1655 1792 1703 καὶ

185 1738 391 1815 σφόδρα
446 1739 694 1809 δυνατὴν,
729 1746 818 1794 καὶ
867 1741 924 1792 ού
955 1748 1106 1793 τοῦτο
1150 1743 1320 1812 μόνον,
1356 1737 1482 1790 ἀλλά
1511 1745 1600 1791 καὶ
1631 1738 1792 1811 ἀναγ-

1183 370 1555 426 COMMENT.
1598 367 1664 424 ΙΝ
1695 366 2034 423 JOANNEM.
2079 397 2142 408 -—
2184 366 2340 423 CAP.
2384 369 2474 422 Ill.

3401 373 3542 426 1162

1965 491 2128 548 Vers.
2160 495 2210 548 4.
2259 493 2410 549 Dicit
2454 525 2522 536 -—
2565 495 2780 550 nasci?
2821 495 2969 560 Quid
3005 495 3141 561 hoc,
3180 495 3497 553 Nicodeme
3521 499 3549 552 ?

1896 579 2085 635 Rabbi
2129 580 2326 653 ipsum
2372 598 2574 647 vocas,
2620 586 2677 638 et
2718 599 2754 639 a
2799 586 2916 639 Deo
2953 583 3189 639 venisse
3225 585 3393 652 dicis,
3439 601 3549 641 nec

1895 675 2093 725 tamen
2130 669 2324 725 credis
2364 687 2496 742 quae
2544 669 2728 727 dicit?
2767 673 2810 728 Ο
2850 672 3163 728 Iudaicam
3205 674 3550 729 crassitudi-

1894 758 2065 813 neml
2109 759 2354 816 Audivit
2394 763 2924 830 regenerationem,
2971 762 3077 817 sed
3125 763 3493 834 spiritualem
3531 781 3544 830 ;

1894 864 2016 904 non
2078 850 2268 919 potuit
2320 849 2479 905 hanc
2535 851 2864 921 concipere,
2923 852 3022 907 sed
3097 851 3395 908 carnalem
3464 854 3550 908 in-

1895 936 2120 1007 telligit,
2194 943 2250 993 et
2311 939 2519 995 merito
2588 939 2837 1005 dubitat,
2907 940 3280 1013 modumque
3353 941 3548 998 scisci-

1898 1032 2072 1083 tatur.

1966 1116 2128 1171 Vers.
2257 1117 2577 1187 Respondit
2630 1148 2698 1158 —
2731 1120 2854 1174 Dei.
2915 1122 3154 1176 Modum
3205 1121 3550 1183 manifestat

1896 1204 2126 1274 dicens,
2162 1204 2329 1277 quod
2359 1222 2427 1261 ex
2456 1222 2615 1278 aqua
2640 1213 2696 1262 et
2726 1207 2966 1279 Spiritu,
3008 1209 3276 1265 videlicet
3301 1215 3548 1278 saneto;

1899 1308 2022 1348 non
2064 1298 2260 1348 tamen
2285 1293 2440 1349 clare
2478 1295 2593 1350 hoc
2631 1295 2788 1360 dicit,
2817 1311 2940 1368 quo
2979 1298 3263 1353 attentius
3306 1297 3554 1357 interro-

1900 1388 2084 1452 garet.
2117 1383 2344 1455 Saepius
2369 1382 2530 1438 enim
2561 1383 2787 1440 occulte
2821 1385 2902 1456 (u)
2934 1392 3192 1442 mentem
3217 1389 3452 1454 excitat,
3487 1396 3553 1446 ut

1899 1471 2334 1542 diligentiorem
2375 1487 2446 1527 ac
2501 1470 2888 1528 curiosiorem
2941 1474 3150 1530 reddat
3192 1477 3548 1532 auditorem.

1899 1558 2259 1615 Nicodemus
2282 1559 2576 1631 siquidem
2598 1560 2676 1615 im
2687 1561 3032 1630 possibilem
3050 1562 3286 1619 dicebat
3307 1579 3554 1634 regene-

1898 1647 2192 1704 rationem
2232 1663 2245 1703 :
2281 1648 2543 1704 Christus
2577 1664 2716 1704 vero
2742 1649 2985 1706 omnino
3027 1651 3374 1722 possibilem
3405 1671 3418 1705 :
3446 1669 3554 1709 nec

1900 1737 1960 1793 id
1987 1736 2183 1792 solum
2217 1736 2321 1792 sed
2357 1743 2414 1792 et
2443 1736 2883 1806 necessariam;
2925 1737 3078 1795 adeo
3107 1744 3172 1796 ut
3206 1741 3334 1796 sine
3370 1757 3441 1797 ea
3469 1758 3555 1798 re-

182 1835 350 1892 καίαν,
391 1834 466 1892 ὡς
501 1827 641 1904 μηδὲ
682 1828 944 1883 δύνασθαί
983 1849 1101 1881 τινα
1140 1833 1308 1904 χωρὶς
1349 1827 1507 1887 αὐτῆς
1551 1826 1792 1880 εἰσελθεῖν

1909 1842 2090 1896 gnum
2116 1827 2212 1881 Dei
2237 1825 2437 1882 nullus
2467 1824 2658 1897 possit
2679 1825 2919 1893 intrare,
2951 1827 3064 1884 hoc
3093 1833 3182 1886 est
3204 1829 3333 1900 ejus
3365 1831 3556 1900 digni-

177 1920 246 1980 εἰς
270 1925 363 1979 τήν
405 1919 680 1993 βασιλείαν
709 1927 802 1972 τοῦ
836 1926 991 1972 Θεοῦ.
1045 1920 1136 1987 [Τό
1167 1918 1278 1990 (l3)
1321 1914 1380 1969 δὲ
1423 1915 1678 1970 Εἰσελθείν
1723 1915 1792 1976 εἰς

167 2012 259 2068 τὴν
291 2007 588 2082 βασιλείαν
631 2015 724 2061 τοῦ
757 2007 936 2078 Θεοῦ,]
977 2008 1006 2066 ἣ
1059 2010 1116 2058 τὸ
1159 2014 1352 2078 γνῶναι
1386 2009 1474 2063 την
1514 2003 1663 2068 ἀξίαν
1705 2008 1794 2056 καὶ

167 2098 354 2171 μεγαλε
381 2103 565 2156 ιότητα
593 2098 753 2150 αὐτοῦ
781 2094 937 2155 δηλοῖ
962 2104 1050 2148 νῦν
1077 2099 1108 2154 ἦ
1141 2099 1200 2148 τό
1233 2102 1416 2168 τυχεῖν
1444 2102 1535 2156 τῆς
1565 2092 1796 2146 ἀπολαύ-

171 2209 298 2252 σεως
322 2195 440 2248 τ-ῆς
469 2190 625 2249 θείας.

238 2278 296 2331 Ὀ
325 2278 492 2348 λόγος
515 2274 573 2329 δὲ
605 2282 721 2351 περὶ
752 2284 852 2328 τῶν
878 2279 1004 2348 μετά
1034 2279 1091 2328 τό
1125 2273 1488 2347 βαπτισθῆναι
1513 2277 1598 2326 τὸν
1631 2282 1795 2346 Χρισ-

173 2374 281 2428 τόν,
321 2374 548 2421 Ἐκτοτε
579 2369 680 2440 γὰρ
711 2367 740 2424 ἡ
777 2365 1112 2437 ἀναγίννησις
1134 2364 1344 2438 ἠρξατο.
1376 2367 1571 2417 Λοιπὸν
1593 2360 1679 2415 οὖν
1709 2366 1796 2414 καὶ

178 2462 226 2512 οἱ
291 2455 586 2511 ἀπόστολοι
659 2453 1085 2527 ἀνεγεννὴθησαν,
1148 2451 1220 2506 δι’
1269 2450 1460 2513 ὕδατος
1507 2456 1599 2525 μὲν
1653 2455 1796 2526 παρά

179 2549 446 2616 Ἰωάννου,
476 2541 570 2598 διὰ
603 2547 896 2616 [Ινεύματος
925 2540 1004 2608 δε,
1039 2545 1119 2595 ὅτε
1147 2541 1480 2614 ἐπεφοίτησεν
1527 2541 1705 2603 αὐτοῖς
1744 2540 1792 2592 ἓν

183 2636 262 2692 aid
269 2658 311 2691 ει
343 2640 572 2708 πυρίνων
601 2633 874 2705 γλωσσῶν.

256 2730 529 2801 Γράφουσι
576 2720 636 2775 δέ
692 2742 822 2784 τινες
873 2722 1004 2792 (14),
1079 2719 1365 2792 ἐγγίζοντες
1427 2728 1532 2780 τοῖς
1579 2724 1794 2793 χρόνοις

185 2826 284 2869 τῶν
335 2811 659 2880 ἀποστόλων,
731 2813 808 2863 ὅτι
880 2811 905 2861 ό
967 2813 1056 2881 μὲν
1113 2812 1342 2882 Χριστός
1402 2807 1650 2861 ἔϐάπτισε
1705 2812 1792 2860 τόν

188 2909 379 2977 Πέτρον
423 2906 512 2954 καὶ
551 2905 646 2959 τὴν
690 2904 965 2964 Θεοτόκον,
1007 2900 1033 2950 ό
1073 2895 1133 2950 δὲ
1191 2903 1382 2971 Πέτρος
1432 2900 1630 2960 πάντας
1675 2901 1792 2957 τοὺς

189 2992 290 3042 ἀπο
299 2989 533 3051 στόλους.

258 3079 330 3133 Τό
367 3110 428 3118 —
473 3077 634 3130 ἐστιν.
673 3078 748 3130 Ού
791 3083 1013 3152 σαρκική
1048 3076 1189 3129 ἐστιν
1229 3077 1259 3134 ἡ
1308 3079 1565 3148 γέννησις,
1609 3081 1788 3148 φησὶν,

189 3169 318 3222 ἀλλὰ
363 3172 708 3240 πνευματική.
749 3171 818 3220 Τό
867 3170 958 3240 μὲν
1018 3168 1121 3241 γὰρ
1179 3170 1538 3239 γεγεννημένον
1592 3163 1646 3216 ἐκ
1701 3172 1790 3225 τῆς
1821 3191 1861 3246 C

183 3261 378 3333 σαρκός
437 3259 685 3332 σαρκικόν
731 3255 847 3308 ἔστι
903 3260 1166 3328 γέννημα⁰
1215 3259 1273 3307 τό
1323 3251 1382 3307 δὲ
1428 3257 1788 3326 γεγεννημένον

179 3347 234 3400 ἐκ
281 3356 374 3399 τοῦ
435 3348 733 3419 Πνεύματος
786 3347 1131 3418 πνευματικόν
1188 3343 1300 3397 ἐστι
1363 3347 1610 3415 γέννημα.
1668 3349 1787 3395 Λοι-

177 3440 274 3490 πόν
315 3433 402 3488 οὖν
451 3436 481 3493 ἡ
530 3437 620 3507 μὲν
667 3438 893 3506 σαρκικὴ
934 3437 1196 3504 γέννησις,
1249 3432 1475 3490 αἰσθητὴ
1532 3435 1694 3499 ἐστιν,
1752 3434 1782 3489 ἡ

179 3522 239 3579 δὲ
269 3528 592 3596 πνευματικὴ
624 3528 807 3582 νοητή.
848 3526 948 3575 Καὶ
978 3522 1037 3574 ού
1079 3528 1189 3596 χρὴ
1235 3521 1498 3580 αἰσθητῶς
1533 3520 1785 3583 ἐξετάζειν

176 3618 235 3666 τό
279 3617 481 3678 νοητὸν,
535 3609 657 3664 ούδε
713 3610 1040 3684 ἀνθρωπίνως
1071 3615 1129 3663 τὸ
1182 3613 1313 3662 θεῖον
1357 3616 1596 3684 πρᾶγμα.
1645 3610 1786 3662 Ἐπεὶ

174 3705 277 3774 γὰρ
331 3703 361 3759 η
421 3710 600 3777 πρώτη
660 3706 896 3772 γέννησις
950 3701 1242 3772 ἡχρείώθη,
1303 3697 1522 3771 δευτέρα
1569 3695 1786 3750 δέδοται

178 3791 536 3862 ἀναγέννησις,
592 3790 886 3864 ὑψηλοτέρα
922 3809 976 3842 τε
1037 3795 1126 3841 καὶ
1172 3792 1473 3863 τιμιωτέρα.
1534 3796 1666 3841 Θεοῦ
1707 3791 1784 3862 ἔρ-

173 3901 265 3955 γον
300 3882 331 3939 ἡ
374 3900 576 3956 πρωτηο
612 3887 746 3933 Θεοῦ
806 3882 952 3954 ἔργον
983 3881 1127 3936 καὶὴ
1164 3874 1400 3952 δευτέρα·
1435 3880 1558 3939 Θεὸς
1594 3880 1695 3948 γαρ
1725 3879 1782 3928 τὸ

178 3977 415 4042 Πνεῦμα.

244 4058 409 4112 Ὅταν
436 4055 524 4112 οὖν
559 4057 752 4131 ἀκούῃς
798 4059 878 4110 ὃτι
907 4061 964 4109 τὸ
999 4063 1206 4128 Πνεῦμα
1230 4055 1497 4127 ἀναγεννᾲ,
1529 4060 1599 4127 μὴ
1635 4056 1783 4116 ζήτει

174 4152 263 4202 τόν
295 4152 501 4221 τρόπον.
532 4147 591 4200 Εἰ
621 4151 720 4222 γὰρ
753 4146 1114 4207 ἀκατάληπτος
1144 4148 1175 4204 ἠ
1228 4144 1277 4197 ἐν
1325 4153 1386 4218 τῇ
1434 4149 1608 4218 μήτρᾳ
1655 4141 1782 4197 διά-

173 4236 383 4297 πλάσις,
431 4234 888 4310 ἀκαταληπτοτίρα
921 4237 1120 4298 πάντως
1149 4237 1178 4293 ἡ
1209 4233 1257 4286 εν
1285 4242 1355 4305 τῷ
1394 4230 1574 4288 ὕδατι.
1605 4239 1708 4286 Καὶ
1738 4234 1782 4286 εἱ

174 4331 295 4399 περὶ
325 4323 521 4388 ἐκείνης
563 4325 658 4378 ούκ
697 4310 1103 4399 ἀμφιϐάλλομενξ
1150 4333 1210 4397 τῇ
1263 4319 1645 4396 παντοδυνάμῳ
1689 4332 1780 4376 τοῦ

175 4420 313 4469 Θεοῦ
345 4419 504 4488 σοφίᾳ
521 4417 868 4481 πιστεύοντες,
901 4414 1072 4485 πολλῷ
1093 4413 1283 4486 μᾶλλον
1311 4420 1460 4465 τοῦτο
1477 4416 1586 4487 χρὴ
1615 4419 1779 4464 ποιεῖν

173 4507 297 4577 περὶ
322 4507 534 4565 ταύτης.

245 4591 444 4666 Ὠσπερ
492 4590 548 4646 δὲ
594 4591 642 4645 ἐν
687 4591 831 4668 ἀρχῇ
882 4594 1118 4645 ὑπέκειτο
1166 4595 1428 4662 στοίχεῐον
1483 4591 1512 4647 ἡ
1571 4597 1663 4660 γῆ,
1718 4592 1776 4642 τὸ

171 4687 276 4734 πᾶν
324 4678 384 4734 δὲ
424 4689 517 4734 τοῦ
567 4679 966 4742 διαπλάττοντος
1024 4678 1084 4739 ἦν
1116 4701 1127 4711 ·

171 4789 342 4823 κειται
381 4777 646 4842 στοιχεῖον
675 4773 734 4823 τὸ
783 4767 947 4846 ὕδωρ
990 4774 1048 4822 τό
1098 4776 1198 4822 πᾶν
1246 4764 1305 4821 δὲ
1342 4776 1432 4820 τοῦ
1479 4770 1774 4840 Πνεύματός

1178 4679 1312 4731 οὕτω
1363 4683 1453 4730 καὶ
1500 4686 1587 4729 νῦν
1644 4679 1774 4730 {m6-

173 4857 318 4910 ἐστιν
331 4903 344 4916 ,

247 5039 366 5091 Ἐὰν
405 5037 674 5113 ἐρωτήσῃς
720 5057 803 5112 με,
843 5043 991 5093 Διατί
1027 5044 1115 5089 νῦν
1161 5040 1220 5090 τὸ
1268 5034 1436 5110 ὕδωρ,
1490 5037 1772 5110 ἀντεπερω-

172 5133 323 5187 τὴσω
353 5146 431 5197 σε,
464 5131 611 5182 Διατί
638 5132 753 5182 τότε
782 5128 812 5187 ἡ
839 5135 944 5202 γῆς
981 5133 1082 5182 Καὶ
1110 5129 1212 5200 γὰρ
1239 5123 1472 5186 ἠδύνατο
1511 5131 1602 5180 καὶ
1632 5123 1772 5198 δίχα

1907 1920 2086 1971 tatem
2118 1931 2187 1971 ac
2216 1915 2690 1986 magnitudinem
2728 1930 3108 1987 cognoscere,
3144 1924 3250 1976 aut
3289 1918 3556 1977 divinam

1905 2005 2193 2077 attingere
2236 2004 2595 2062 fruitionem.

1976 2272 2320 2345 Intelligitur
2341 2280 2541 2330 autem
2567 2273 2819 2331 verbum
2852 2275 2926 2331 de
2954 2275 3069 2348 his,
3100 2278 3205 2349 qui
3231 2281 3368 2351 post
3397 2279 3558 2336 Chri—

1905 2369 2061 2419 stum
2100 2363 2469 2435 baptizatum
2507 2362 2766 2420 fuerunt.
2806 2364 3118 2437 Reliquum
3145 2372 3237 2423 est
3263 2368 3459 2438 igitur,
3494 2373 3559 2425 ut

1903 2452 2227 2525 etapostoli
2257 2453 2586 2522 regenerati
2619 2452 2738 2509 sint
2760 2470 2867 2526 per
2887 2470 3112 2526 aquam
3137 2471 3281 2511 sane
3305 2474 3340 2511 a
3370 2459 3558 2513 Joan-

1901 2557 1992 2607 ne,
2018 2557 2119 2612 per
2145 2539 2431 2612 Spiritum
2461 2556 2623 2608 vero,
2656 2542 2799 2613 quia
2824 2541 2902 2597 ad
2919 2544 3095 2598 eosin
3124 2543 3320 2616 specie
3347 2544 3558 2614 ignita-

1902 2646 2036 2686 rum
2066 2629 2309 2685 advenit
2336 2629 2678 2699 linguarum
2692 2674 2704 2686 .

1973 2718 2253 2774 Scribunt
2278 2723 2473 2774 autem
2485 2719 2735 2790 quidam
2757 2719 3170 2790 apostolorum
3190 2723 3557 2794 temporibus

1903 2807 2182 2880 proximi,
2213 2806 2380 2879 quod
2413 2806 2676 2863 Christus
2715 2807 2947 2864 Petrum
2986 2825 3057 2866 ac
3096 2810 3398 2881 Virginem
3437 2813 3558 2870 Ma-

1905 2903 2053 2954 trem
2093 2897 2494 2969 baptizaverit,
2546 2897 2760 2955 Petrus
2824 2914 2968 2954 vero
3021 2899 3284 2973 reliquos
3347 2918 3558 2959 omnes

1905 2986 2235 3058 apostolos.

1979 3077 2143 3132 Vers.
2175 3078 2227 3130 6.
2255 3075 2423 3143 Quod
2454 3107 2522 3115 —
2551 3081 2655 3132 est.
2692 3078 2820 3132 Non
2852 3077 3124 3143 carnalis,
3160 3079 3351 3152 inquit
3378 3096 3558 3151 gene-

1904 3166 2053 3222 ratio
2075 3171 2180 3230 est,
2215 3165 2318 3221 sed
2337 3164 2656 3236 spiritualis
2679 3182 2693 3232 ;
2715 3181 2855 3220 nam
2870 3168 3027 3237 quod
3050 3183 3123 3222 ex
3144 3184 3322 3225 carne
3344 3176 3554 3227 natum

1899 3259 2004 3318 est,
2031 3252 2283 3308 carnalis
2314 3259 2405 3308 est
2433 3253 2746 3324 progenies
2775 3274 2787 3312 :
2813 3253 2978 3326 quod
3002 3261 3201 3312 autem
3226 3263 3434 3314 natum
3466 3266 3555 3314 est

1898 3358 1970 3398 ex
2000 3343 2239 3414 Spiritu,
2263 3342 2581 3414 spiritualis
2603 3343 2906 3412 generatio
2927 3348 3032 3399 est.
3068 3345 3328 3400 Carnalis
3353 3347 3554 3419 itaque

1899 3431 2172 3488 nativitas
2197 3437 2285 3487 est
2314 3430 2614 3486 sensibilis
2653 3433 2974 3504 spiritualis
3003 3449 3162 3498 vero,
3194 3434 3553 3493 intellectua-

1896 3519 1985 3576 lis.
2015 3523 2130 3576 Nec
2155 3525 2406 3592 oportet,
2439 3520 2604 3592 quod
2634 3520 3026 3577 intellectuale
3056 3526 3164 3589 est,
3198 3524 3552 3580 sensibiliter

1894 3610 2210 3680 indagare:
2229 3624 2422 3681 neque
2443 3609 2698 3665 humano
2710 3609 2886 3666 modo
2899 3613 3255 3683 opus,quod
3269 3612 3542 3670 divinum

1895 3698 2325 3770 est;siquidem
2351 3714 2424 3754 ex
2441 3715 2560 3770 quo
2593 3700 2753 3770 prior
2785 3701 3086 3768 generatio
3113 3700 3270 3758 facta
3299 3708 3390 3759 est
3418 3703 3546 3760 inu-

1895 3787 2007 3844 tilis
2038 3788 2178 3843 data
2214 3793 2300 3843 est
2337 3787 2601 3843 secunda
2627 3788 2998 3860 regeneratio
3029 3790 3312 3847 excelsior
3348 3797 3405 3849 et
3441 3793 3546 3849 ho-

1894 3876 2237 3932 norabilior.
2275 3877 2371 3932 Dei
2397 3891 2550 3948 opus
2581 3880 2669 3932 est
2708 3877 2866 3948 prior
2891 3893 2904 3943 ;
2935 3878 3034 3933 Dei
3059 3894 3213 3950 opus
3237 3885 3326 3938 est
3357 3881 3536 3938 etiam

1894 3964 2220 4036 posterior;
2253 3964 2404 4020 Deus
2429 3965 2589 4020 enim
2622 3964 2872 4036 Spiritus
2903 3971 3011 4022 est.

1964 4053 2112 4109 Cum
2144 4054 2321 4125 igitur
2357 4053 2616 4110 audieris
2646 4053 2811 4126 quod
2842 4055 3085 4126 Spiritus
3111 4065 3439 4132 regenerat,
3471 4076 3546 4118 ne

1894 4142 2140 4199 modum
2165 4158 2428 4215 quaeras.
2470 4145 2617 4198 Nam
2644 4143 2691 4198 si
2715 4142 3332 4216 incomprehensibilis
3374 4154 3463 4206 est
3485 4150 3547 4206 in

1891 4237 2050 4288 utero
2076 4233 2370 4297 formatio,
2398 4231 2574 4303 longe
2603 4232 3264 4306 incomprehensibilior
3288 4243 3375 4294 est
3403 4256 3539 4312 quae

1891 4323 1952 4377 in
1984 4338 2142 4394 aqua
2172 4322 2272 4381 ﬁt:
2307 4322 2470 4394 quod
2500 4322 2547 4376 si
2577 4321 2651 4378 de
2672 4321 2769 4378 illa
2799 4339 2919 4379 non
2951 4325 3546 4398 ambigimus,omni-

1891 4410 2541 4484 potentiDeisapientias
2555 4411 2871 4473 credentes.
2902 4411 2977 4468 de
3004 4413 3112 4469 hac
3134 4416 3321 4472 multo
3350 4418 3544 4487 magis

1891 4500 2128 4556 credere
2157 4505 2408 4572 oportet.
3116 4547 3119 4549 .

1963 4591 2122 4645 Sicut
2150 4595 2348 4645 autem
2383 4590 2438 4643 in
2474 4589 2665 4660 prima
2709 4589 2968 4644 hominis
3014 4589 3370 4648 formatione
3412 4593 3547 4649 sub-

1892 4679 2127 4735 servivit
2161 4686 2325 4734 terra;
2365 4677 2744 4743 elementum,
2790 4693 2925 4733 cum
2977 4680 3254 4738 universa
3301 4683 3361 4738 in
3421 4700 3546 4740 ma-

1887 4785 1970 4824 nu
2004 4773 2203 4824 essent
2234 4768 2542 4830 Creatoris,
2587 4766 2670 4822 ita
2697 4772 2750 4821 et
2790 4782 2951 4822 nunc
2983 4769 3336 4828 subservivit
3365 4789 3541 4845 aquae

1885 4857 2268 4921 elementum,
2298 4872 2433 4910 cum
2467 4856 2743 4911 universa
2773 4856 2887 4911 sint
2921 4855 2982 4912 in
3029 4857 3334 4916 voluntate
3368 4862 3545 4934 Spiri-

1892 4953 2006 5002 tus.

1953 5034 2124 5101 Quod
2164 5035 2213 5090 si
2241 5051 2336 5091 me
2368 5034 2708 5105 interroges,
2741 5033 2935 5103 Quare
2967 5052 3126 5093 nunc
3160 5054 3321 5112 aqua
3355 5059 3366 5098 :
3398 5057 3428 5096 e
3459 5041 3542 5097 di-

1879 5140 2055 5181 verso
2098 5129 2151 5181 te
2198 5123 2601 5195 interrogabo,
2645 5125 2838 5190 Quare
2876 5129 3020 5182 tunc
3064 5130 3267 5185 terra?
3308 5130 3544 5191 Poterat

1323 5303 1548 5374 Variae
1585 5302 1915 5372 lectiones
1950 5313 2017 5371 et
2053 5311 2256 5370 notae.

249 5451 365 5523 (13)
407 5448 880 5523 Inclusaomittit
906 5448 966 5507 B.

247 5519 372 5593 (14)
408 5522 614 5594 Papias
643 5520 910 5587 fortasse,
942 5523 1044 5578 aut
1075 5519 1382 5592 Origenes,
1417 5534 1487 5577 ex
1517 5519 1859 5578 narratione

1891 5522 2234 5576 sanctarum
2263 5516 2617 5574 vetularum.

245 5699 330 5772 (u)
375 5701 640 5758 Occulte.
680 5702 847 5758 Forte
877 5699 1104 5759 occulta
1135 5716 1241 5756 seu
1278 5701 1550 5759 obscura.
1681 5714 1841 5764 mox,
1867 5697 2155 5755 excitant.

465 5800 684 5858 Parnm.
719 5802 817 5858 Gn.
861 5799 1104 5859 CXXIX.

3190 5800 3257 5857 37
