4120 6310
635 317 771 374 1163

1961 308 2304 374 ΕυΤΗΥΜΙΙ
2345 313 2675 376 ZIGABENI

3877 323 3969 379 116$

643 443 944 515 siquidem
979 443 1107 500 sine
1136 447 1292 501 terra
1321 444 1446 500 ﬁeri
1470 445 1675 501 homo.
1709 448 1856 501 Nam
1887 449 1943 500 et
1968 442 2134 516 quod
2164 442 2286 498 sine

2403 450 2504 512 ’γῆς
2533 453 2756 503 ποιῆσαι
2791 449 2878 499 τόν
2917 447 3206 520 ἄνθρωπον.
3244 451 3346 500 Καὶ
3370 449 3448 500 ὅτι
3490 451 3593 520 μὲν
3629 451 3655 500 ό
3703 453 3828 510 Θεὸς
3865 447 3970 501 οὔδει

637 532 819 589 verbo
843 532 924 604 (υ)
952 533 1095 588 nihil
1122 532 1300 589 faciat
1325 537 1480 590 Deus
1495 535 1784 590 conﬁteor
1812 551 1824 590 :
1855 539 1910 590 et
1937 533 2102 606 quod
2129 531 2292 586 solus

637 621 909 677 omnium
922 622 1108 678 verba
1121 621 1210 695 (ω)
1222 627 1422 680 exacte
1443 623 1625 689 novit,
1639 624 1840 680 etdico
1857 621 2290 679 etcredendum

639 711 888 768 suadeo.

707 799 880 865 Quod
911 804 1112 856 autem
1151 800 1207 856 in
1246 801 1474 858 carnali
1514 803 1896 871 generatione
1939 807 2028 858 est
2068 809 2288 870 uterus,

638 891 754 947 hoc
781 891 840 946 in
859 891 1152 962 spirituali
1179 897 1266 948 est
1291 909 1480 964 aqua;
1513 894 1617 949 sed
1641 893 1722 948 ibi
1744 894 1984 966 quidem
2012 895 2087 950 ad
2111 912 2286 964 gene-

639 981 935 1035 rationem
980 996 1134 1051 opus
1169 988 1256 1036 est
1293 986 1580 1053 tempore,
1623 983 1718 1038 hic
1759 988 1956 1038 autem
1996 1001 2112 1039 non
2151 986 2232 1040 ita
2272 1003 2287 1040 :

638 1069 780 1140 quia
799 1068 1066 1125 carnalia
1086 1070 1146 1124 in
1177 1074 1464 1142 tempore,
1499 1070 1916 1142 perfectionem
1950 1079 2283 1140 assumunt,

636 1157 968 1228 spiritualia
987 1173 1127 1214 vero
1140 1159 1334 1214 statim
1354 1159 1615 1230 perfecta
1637 1166 1929 1218 creantur.
1962 1163 2286 1218 Perfectum

632 1246 832 1318 itaque
855 1245 1102 1302 verbum
1131 1247 1206 1318 (ῃ)
1242 1263 1349 1320 per
1377 1264 1554 1320 aqua;
1593 1248 1985 1305 ministerium
2035 1251 2143 1306 soli
2174 1253 2288 1309 Deo

632 1336 1009 1392 manifestum
1035 1341 1124 1392 est
1154 1353 1168 1392 :
1201 1339 1316 1394 hoc
1345 1343 1545 1394 autem
1573 1354 1610 1394 ιι
1647 1340 1867 1394 sanctis
1901 1341 2169 1396 Patribus
2200 1347 2286 1398 ut-

632 1439 869 1496 cunque
891 1425 1392 1494 comprehensum
1415 1431 1519 1491 est,
1547 1427 1691 1499 quia
1708 1427 1914 1483 divina
1938 1429 1997 1483 in
2020 1445 2091 1485 eo
2115 1431 2288 1499 signa

632 1513 1054 1585 adimplentur,
1085 1514 1394 1585 sepultura
1422 1516 1699 1571 videlicet
1725 1533 1795 1571 ac
1824 1519 2195 1573 resurrectio.
2226 1524 2288 1575 In

632 1618 702 1659 eo
734 1617 996 1674 namque
1025 1606 1316 1675 tanquam
1351 1605 1410 1660 in
1449 1605 1715 1676 quodam
1767 1606 2054 1678 sepulcro,
2097 1607 2290 1679 capite

630 1691 974 1762 mergimur,
989 1697 1280 1765 vetusque
1304 1693 1488 1750 homo
1506 1694 1784 1766 sepelitur
1801 1710 1870 1750 ac
1887 1695 2288 1765 demergitur:

631 1780 849 1837 deinde
887 1795 1026 1835 cum
1059 1780 1387 1848 exsilimus,
1417 1798 1609 1837 novus
1639 1784 1894 1852 resurgit
1933 1789 1990 1840 et
2029 1785 2286 1840 ostendi-

2402 1778 2512 1832 εἶτα
2581 1780 2927 1834 ἀνανευόντων
2988 1783 3150 1854 ἡμῶν,

632 1875 748 1926 tur.
777 1868 1306 1934 Quemadmodum
1331 1871 1480 1927 enim
1513 1871 1687 1927 nobis
1712 1871 1883 1928 facile
1909 1879 1997 1928 est
2023 1873 2290 1944 demergi

633 1964 690 2015 et
721 1958 973 2019 exsilire,
1004 1955 1088 2012 ita
1140 1961 1262 2014 Deo
1320 1960 1490 2016 facile
1533 1965 1622 2016 est
1674 1966 1932 2017 veterem
1984 1962 2289 2019 hominem

633 2049 877 2120 sepelire
918 2065 1266 2122 novumque
1298 2049 1575 2104 excitare.
1621 2050 1752 2106 Hoc
1805 2055 2004 2105 autem
2053 2051 2288 2107 tertium

632 2137 718 2204 ﬁt,
760 2144 825 2196 ut
872 2142 1028 2197 scias
1075 2138 1399 2211 potentiam
1439 2138 1624 2194 Patris
1668 2144 1723 2194 et
1771 2139 1888 2195 Filii
1934 2155 2002 2194 ac
2043 2140 2291 2212 Spiritus

635 2229 826 2285 sancti
855 2230 1063 2287 omnia
1091 2228 1345 2285 efﬁcere.

705 2317 994 2376 Dubitant
1045 2323 1234 2374 autem
1279 2317 1551 2389 quidam.
1601 2318 1748 2373 Nam
1790 2317 2028 2390 siquod
2081 2324 2288 2375 natum

633 2413 722 2464 est
743 2425 814 2464 ex
847 2409 1089 2481 Spiritu,
1126 2408 1366 2480 spiritus
1405 2413 1514 2472 est,
1546 2407 1756 2464 Christi
1783 2414 1935 2463 certe
1961 2424 2101 2464 caro
2124 2409 2290 2481 spiri-

632 2503 728 2554 tus
759 2499 886 2554 erit.
910 2499 991 2554 De
1012 2498 1253 2568 Virgine
1280 2497 1440 2553 enim
1469 2497 1611 2552 dicit
1637 2497 1882 2566 angelus
1906 2514 1919 2551 :
1952 2499 2116 2565 Quod
2137 2499 2198 2553 in
2221 2513 2291 2555 ea

633 2593 842 2644 natum
866 2595 969 2654 est,
998 2604 1035 2644 (ι
1064 2587 1293 2657 Spiritu
1313 2591 1519 2642 sancto
1544 2592 1627 2642 est
1659 2587 1729 2641 ⁴⁸.
1753 2586 1980 2651 Quibus
2008 2602 2126 2642 nos
2151 2586 2293 2642 dici-

636 2692 794 2740 mus,
812 2677 977 2749 quod
992 2677 1105 2732 hoc
1120 2675 1323 2730 dixerit
1352 2676 1574 2730 docens
1601 2675 1766 2746 quod
1792 2675 2099 2731 avironon
2118 2681 2289 2743 esset,

634 2780 760 2820 non
790 2766 935 2836 quia
973 2771 1128 2821 esset
1171 2781 1204 2821 a
1257 2764 1501 2818 muliere
1553 2763 1647 2834 (z).
1710 2764 1856 2819 Dicit
1905 2765 2064 2820 enim
2110 2770 2290 2836 Apos-

634 2853 790 2909 tolus
819 2855 1067 2910 Factum
1094 2869 1169 2910 ea:
1197 2853 1682 2916 muliere“,caro
1700 2852 1970 2908 videlicet
1992 2854 2064 2908 de
2086 2869 2282 2909 carne.

635 2946 814 2999 Natus
852 2947 943 3000 est
981 2958 1123 3014 ergo
1162 2959 1198 2998 a
1239 2957 1417 2998 carne
1463 2941 1750 3011 virginea,
1794 2959 1867 2996 ne
1907 2942 1982 2998 ab
2021 2943 2290 2999 humana

634 3036 852 3088 natura
870 3037 1025 3087 esset
1052 3031 1306 3087 alienus.
1337 3033 1485 3085 Nam
1528 3031 1577 3084 si
1615 3033 1670 3084 et
1708 3030 1821 3086 hoc
1851 3030 2006 3086 facto
2039 3031 2287 3102 quidam

2402 540 2541 584 ποιεῖ
2563 539 2732 606 χωρὶς
2784 534 2940 607 λόγου
2990 536 3322 608 συνομολογῶ
3362 551 3374 563 ·
3414 539 3491 589 ὅτι
3551 535 3619 590 δὲ
3679 541 3801 601 τοὺς
3840 538 3971 608 λόγους

2401 623 2600 674 πάντων
2648 629 2804 695 μόνος
2853 621 2991 677 οἶδεν
3057 625 3212 687 αὐτὸς
3280 623 3524 699 ἀκριϐῶς,
3608 632 3706 679 καὶ
3752 627 3872 698 λέγω
3915 649 3972 680 ιιι

2401 714 2563 764 πείθω
2589 714 2726 784 (15).

2469 798 2632 874 Ὀπερ
2692 798 2752 854 δέ
2811 801 2893 854 in}.
2946 811 3037 864 τῆς
3082 813 3336 879 σαρκικῆς
3377 810 3678 876 γεννήσεως
3739 807 3768 862 ἡ
3827 812 3970 878 μήτρα,

2399 896 2552 941 τοῦτο
2629 893 2712 944 ἐπὶ
2759 899 2850 952 τῆς
2918 901 3268 964 πνευματικῆς
3329 897 3386 946 τό
3459 890 3641 966 ὕδωρ.
3712 894 3849 948 Ἀλλ’

2399 980 2489 1048 μὲν
2568 983 2626 1030 τό
2706 987 3018 1052 γεννώμενον
3087 986 3284 1054 χρόνου
3363 979 3554 1047 δεῖται,
3655 983 3874 1034 ἐνταῦθα
3939 982 3971 1034 ξε

2400 1067 2504 1139 οὐχ
2537 1069 2700 1130 οὕτως
2729 1089 2742 1101 ο
2780 1065 2916 1122 διότι
2969 1073 3034 1123 τὰ
3085 1075 3175 1142 μεν
3236 1073 3463 1145 σαρκικὰ
3507 1076 3706 1145 χρόνῳ
3757 1073 3967 1146 προσὶαμ-

2401 1156 2542 1209 ϐαίνει
2585 1161 2642 1209 τό
2687 1158 2870 1211 τέλειον
2901 1176 2913 1188 ·
2949 1162 3014 1210 τὰ
3061 1155 3121 1212 δὲ
3159 1163 3481 1232 πνευματικὰ
3518 1162 3702 1213 τέλεια
3753 1160 3806 1223 ἐξ
3847 1160 3970 1232 ἀρχῆς

2401 1244 2796 1302 διαπλάττεται.
2841 1248 2902 1301 Ὀ
2953 1252 3043 1320 μὲν
3087 1245 3174 1301 οὖν
3219 1248 3441 1322 ἀκριϐὴς
3493 1249 3664 1320 λόγος
3703 1259 3800 1313 τῆς
3842 1256 3970 1322 χρείας

2401 1343 2493 1388 τοῦ
2530 1332 2737 1398 ὕδατος,
2781 1342 2918 1409 μόνῳ
2963 1347 3035 1409 τῷ
3085 1346 3198 1409 Θεῷ
3252 1335 3407 1399 δῆλος
3435 1357 3446 1368 ·
3490 1341 3516 1391 ὁ
3583 1336 3646 1392 δὲ
3691 1340 3970 1398 καταληπτος

2399 1431 2505 1484 τοῖς
2558 1426 2708 1485 θείοις
2740 1429 3008 1500 Πατράσιν
3047 1427 3220 1488 οὗτος·
3252 1429 3332 1479 ὅτι
3375 1429 3489 1479 θεῖα
3513 1429 3752 1480 τελεῖται
3789 1427 3835 1480 ἐν
3875 1428 3968 1495 αὖτε

2403 1511 2657 1584 σύμοϐλα,
2705 1518 2839 1586 ταφὴ
2891 1520 2980 1567 καὶ
3027 1515 3335 1576 ἀνάστασις.
3381 1518 3636 1590 Καθάπερ
3684 1519 3784 1590 γὰρ
3833 1520 3874 1568 ἓν
3904 1535 3969 1567 τοι

2399 1604 2544 1673 τάφῳ
2592 1599 2982 1656 καταδυνόντων
3015 1605 3127 1675 (16)
3167 1606 3310 1676 ἡμῶν
3347 1607 3434 1665 τὰς
3474 1605 3717 1676 κεφαλὰς
3764 1605 3811 1656 ἐν
3854 1605 3968 1670 αὐτῷ,

2400 1693 2426 1742 ὁ
2470 1691 2691 1752 παλαιός
2739 1693 3010 1765 ἅνθρωπος
3061 1694 3312 1745 θάπτεται
3358 1698 3446 1745 καὶ
3493 1696 3961 1754 καταποντιζεται·

3230 1783 3256 1833 ό
3308 1785 3487 1843 καινός
3579 1782 3856 1835 ἀνίσταται
3912 1787 3969 1832 καὶ

2401 1867 2784 1924 ἀναδείκνυται.
2812 1870 3010 1942 Ὠσπερ
3056 1874 3158 1944 γὰρ
3190 1870 3392 1923 εὔκολον
3423 1873 3553 1943 ἡμῖν
3586 1869 3872 1925 καταδῦναι
3908 1876 3968 1921 καὶ

2401 1957 2678 2012 ἀνανεῦσαι
2702 1976 2715 1989 ·
2740 1960 2902 2020 οὕτως
2923 1959 3132 2033 εὐχερὲς
3163 1968 3234 2029 τῷ
3281 1967 3394 2030 Θεῷ
3428 1959 3604 2032 θάψαι
3635 1965 3726 2013 τὸν
3772 1961 3968 2022 παλαιόν,

2399 2054 2488 2102 καὶ
2514 2047 2812 2108 ἀναστῆσαι
2840 2051 2928 2100 τόν
2951 2051 3078 2102 νέον.
3125 2053 3313 2123 Τρίτον
3363 2045 3421 2102 δε
3451 2057 3615 2103 τοῦτο
3659 2055 3865 2122 γίνεται,
3908 2050 3964 2098 in

2399 2141 2572 2211 μάθῃς
2603 2140 2682 2190 ὅτι
2706 2134 2924 2210 δύναμις
2952 2141 3154 2211 Πατρός
3181 2143 3270 2190 καί
3297 2139 3422 2191 Υἱοῦ
3451 2145 3547 2192 καὶ
3589 2140 3744 2210 ἁγίου
3786 2141 3965 2209 [Iasius-

2397 2247 2478 2288 τος
2507 2229 2572 2279 τὰ
2593 2228 2762 2278 πάντα
2782 2233 2938 2279 ποιεῖ.

2473 2317 2760 2386 ’Λποροῦσι
2845 2312 2904 2368 δέ
2978 2335 3128 2386 τινες,
3197 2317 3278 2369 ὅτι
3373 2317 3417 2370 εἰ
3501 2322 3567 2371 τό
3655 2319 3957 2390 γεγεννημόιον

2399 2408 2454 2457 ἐκ
2484 2413 2574 2457 τοῦ
2619 2405 2732 2477 (17)
2778 2407 3071 2476 Πνεῦματος
3128 2407 3332 2478 πνεῦμὰ
3378 2406 3516 2476 ἐστι,
3574 2415 3773 2479 πνεῦμα
3811 2407 3894 2479 ἄρα
3931 2404 3949 2457 ἑ

2400 2501 2490 2546 τοῦ
2519 2499 2755 2568 Χριστοῦ
2797 2493 2950 2568 σάρξ.
3003 2499 3126 2568 Περὶ
3173 2497 3274 2567 γὰρ
3306 2503 3400 2556 τῆς
3450 2499 3723 2570 Παρθένου
3774 2491 3948 2565 λέγωνό

2402 2582 2610 2654 ἅγγελος
2686 2586 2920 2657 εἴρηκεν·
2992 2585 3071 2634 ὅτι
3144 2587 3213 2635 Τό
3286 2583 3333 2634 ὼ
3413 2585 3551 2657 αὐτῇ
3629 2587 3856 2656 γεννηθὲν,
3911 2579 3945 2629 ἐκ

2403 2675 2694 2744 Πνεῦματός
2759 2672 2899 2724 ἐστιν
2939 2673 3052 2744 (18)
3111 2672 3284 2744 ἁγίου.
3342 2677 3473 2747 Πρός
3549 2675 3642 2737 οὓς
3686 2675 3864 2745 λέγομεν
3892 2671 3943 2718 ὃτι

2402 2770 2552 2814 τοῦτο
2583 2758 2690 2814 εἷπε
2721 2758 2995 2814 διδάσκων
3031 2763 3109 2814 ὅτι
3145 2761 3239 2814 οὐκ
3288 2760 3339 2825 ἐξ
3380 2760 3579 2836 ἀνδρὸς
3622 2763 3774 2827 ἐστιν,
3807 2759 3851 2812 οὔ
3871 2761 3938 2829 μὲν

2401 2853 2481 2904 ὃτι
2516 2847 2630 2902 οὐδ’
2675 2849 2730 2902 ἐκ
2759 2854 3025 2921 γυναικός.
3066 2855 3202 2908 Φησὶ
3229 2854 3328 2925 γὰρ
3379 2853 3403 2903 ό
3454 2853 3688 2921 Παῦλος,
3743 2854 3931 2918 Facito”

2399 2940 2512 3012 (l9)
2545 2939 2598 2991 ἐκ
2635 2943 2892 3011 γυναικός.
2941 2940 3019 2991 Ἐἰ
3065 2936 3115 2992 δ’
3161 2938 3216 2991 ἐκ
3263 2944 3529 3012 γυναικός,
3579 2944 3682 3016 ἄρα
3727 2939 3774 2992 ἐκ
3805 2937 3927 3006 σαρκὸς

2402 3029 2558 3103 σάρξ.
2599 3029 2688 3081 Ἐκ
2727 3037 2823 3090 τῆς
2870 3031 3064 3104 σαρκός
3112 3025 3199 3081 οὖν
3239 3037 3329 3090 τῆς
3372 3033 3699 3105 παρθενικῆς
3743 3025 3914 3099 ἐγεοήεε,

637 3136 762 3177 non
787 3121 1040 3177 credunt
1068 3120 1464 3185 incarnatum,
1492 3119 1801 3189 quomodo
1833 3119 1892 3173 in
1919 3118 2286 3189 impietatem

2401 3123 2483 3172 ἶνα
2563 3123 2633 3191 μὴ
2718 3116 2980 3191 ἀλλότριος
3062 3126 3150 3178 τῆς
3227 3117 3563 3192 ἀνθρωπίνης
3641 3123 3806 3193 φύσως
3845 3116 3905 3164 tit.

635 3225 757 3266 non
788 3209 1160 3275 cecidissent,
1194 3211 1241 3264 si
1267 3209 1347 3264 ita
1368 3209 1592 3263 factum
1616 3223 1738 3263 non
1761 3207 2029 3263 esset‘Hn
2052 3208 2290 3278 Virgine

635 3315 776 3370 ergo
807 3304 985 3355 natus
1015 3303 1102 3354 est
1128 3315 1163 3354 a
1201 3297 1422 3371 Spiritu
1454 3302 1683 3359 sancto,
1718 3297 1839 3353 sive
1871 3305 2291 3369 supernatura-

631 3389 782 3453 liter,
805 3389 947 3462 quia
980 3404 1097 3445 non
1145 3404 1181 3444 a
1223 3388 1371 3444 viro.
1410 3390 1549 3444 Nam
1597 3388 1711 3443 hoc
1761 3387 2074 3457 signiﬁcat,
2124 3388 2290 3460 quod

633 3478 866 3545 dicitur,
894 3479 942 3533 A
978 3477 1213 3548 Spiritu
1239 3483 1459 3534 sancto.

703 3747 872 3806 Vers.
912 3752 964 3804 7.
996 3747 1131 3806 Non
1161 3777 1230 3788 --
1257 3761 1521 3818 superne.
1555 3747 1777 3804 Videns
1829 3761 1967 3801 eum
2013 3744 2287 3801 nondum

633 3855 669 3896 a
699 3837 1094 3895 crassitudine
1125 3837 1326 3893 divelli
1377 3837 1484 3892 sed
1526 3836 1767 3902 turbari,
1819 3835 2075 3907 primum
2107 3833 2287 3905 repri-

633 3929 741 3984 mit
773 3945 786 3984 :
816 3927 1032 3983 deinde
1061 3926 1217 3982 facili
1239 3930 1454 3982 conatu
1474 3925 1634 3981 hunc
1652 3925 1729 3980 ad
1753 3925 2094 3996 exemplum
2125 3923 2287 3978 ducit

633 4015 930 4081 sensibile,
988 4020 1231 4086 propter
1285 4013 1444 4068 illius
1510 4012 1994 4080 imbecillitatem,
2054 4016 2112 4066 et
2166 4027 2284 4066 me-

631 4105 794 4160 dium
824 4104 974 4158 inter
1012 4117 1366 4174 corpoream
1417 4101 1873 4158 crassitudinem
1911 4106 1966 4156 et
2012 4100 2283 4170 incorpo-

629 4207 796 4248 ream
826 4191 1216 4248 subtilitatem
1249 4207 1264 4246 :
1298 4194 1366 4246 ut
1385 4189 1520 4248 hinc
1559 4194 1822 4246 mentem
1861 4189 1990 4260 ejus
2019 4188 2282 4245 reducat.

629 4279 775 4337 Dicit
796 4296 938 4354 ergo
970 4296 984 4336 :

701 4372 863 4427 Vers.
891 4375 942 4426 8.
979 4369 1240 4440 Spiritus
1269 4401 1336 4411 —
1366 4369 1601 4438 spiritu.
1649 4368 1930 4440 Spiritum
1963 4367 2281 4423 dicitnunc

628 4465 891 4520 ventum.
924 4463 1023 4518 Est
1053 4463 1254 4517 autem
1283 4459 1534 4516 intentio
1559 4458 1857 4531 ejusmodi
1885 4475 1898 4514 :
1939 4457 2100 4514 Sicut
2141 4473 2282 4514 ven-

698 4639 747 4678 “
776 4639 972 4696 Matth.
1002 4655 1037 4706 ι,
1066 4641 1158 4696 20.
1270 4638 1318 4675 “
1345 4636 1539 4694 Galat.
1585 4652 1670 4704 1v,
1698 4636 1750 4690 4.

2398 3209 2458 3262 Εἰ
2511 3211 2632 3280 γὰρ,
2688 3211 2778 3258 καὶ
2850 3210 3035 3259 τούτου
3087 3212 3381 3280 γενομένου,
3433 3211 3578 3271 τινὲς
3641 3206 3912 3262 diam—mm

2398 3300 2476 3350 ὅτι
2521 3299 2871 3371 σὲσάρκωται.
2914 3303 3012 3349 ποῦ
3043 3297 3137 3348 οῦκ
3167 3296 3226 3348 ἂν
3257 3297 3491 3359 ἐξέπεσον
3537 3297 3785 3358 ἀσεϐείας,
3819 3288 3849 3342 εὶ
3876 3285 3920 3356 ξιῆ

2396 3395 2546 3440 τοῦτο
2623 3389 2871 3458 γέγονεν;
2953 3386 3034 3438 Ἐν
3118 3393 3180 3456 τῇ
3269 3387 3512 3458 Παρθένῳ
3615 3384 3673 3440 δὲ
3736 3376 3923 3452 ἐγεννήθην

2398 3473 2453 3526 ἔκ
2527 3477 2822 3546 Πνεῦματος
2903 3473 3078 3546 ἁγίου,
3157 3477 3318 3545 ἤγουν
3393 3475 3686 3547 ὑπερφυῶς,
3768 3466 3841 3522 διὰ
3890 3462 3928 3513 τὸ

2396 3569 2467 3636 μὴ
2527 3563 2580 3626 ἐξ
2632 3560 2838 3639 ἀνδρὸς.
2887 3569 3052 3617 Τοῦτο
3097 3565 3198 3637 γὰρ
3250 3559 3427 3631 δῆλοῖ,
3465 3567 3522 3616 τό
3583 3567 3671 3617 Ἐκ
3707 3561 3929 3628 ﬁnitimo;

2397 3654 2548 3726 ἁγίου
2559 3695 2572 3709 .

2465 3747 2552 3800 Μὴ
2598 3773 2667 3782 -
2710 3743 2921 3794 ἄνωθεν.
2951 3737 3098 3795 Ἰδὼν
3147 3740 3300 3794 αὐτόν
3352 3745 3496 3794 οὔπω
3553 3752 3648 3803 τῆς
3688 3737 3928 3809 παχύτητος

2849 3829 2954 3882 ἀλλ’
3033 3832 3109 3882 ἔτι
3200 3829 3597 3904 θορυϐούμενον,
3665 3817 3928 3881 narraturi/ds:

2953 3386 3034 3438 Ἐν
3118 3393 3180 3456 τῇ
3269 3387 3512 3460 Παρθένῳ

2397 3831 2761 3904 ἀφιστάμενον,

2394 3930 2596 3996 πρῶτον
2629 3940 2641 3953 ·
2703 3918 2815 3972 εἶτα
2889 3918 3202 3991 εὐμηχάνως
3286 3917 3365 3972 ἐπὶ
3446 3915 3766 3993 παράδειγμα
3826 3910 3926 3980 φέρει

2393 4018 2573 4063 τοῦτον
2605 4027 2621 4043 ⁸
2646 4009 2898 4066 αἰσθητόν
2921 4011 3032 4079 μὲν,
3063 4004 3156 4060 διὰ
3183 4011 3273 4066 τὴν
3307 4007 3578 4061 ἀσθένειαν
3606 4008 3746 4060 αὐτοῦ
3769 4019 3779 4030 ⁸
3805 4001 3923 4069 μέσον

2395 4096 2454 4153 δὲ
2506 4106 2812 4172 σωματικῆς
2869 4100 3176 4169 παχύτητος
3233 4102 3323 4150 καὶ
3352 4097 3633 4170 ἀσωμάτου
3659 4095 3918 4172 λεπτότητοῇ

2395 4190 2478 4240 ἵνα
2549 4171 2774 4240 ἐντεῦθεν
2845 4185 3080 4260 ἀναγάγῃ
3152 4190 3248 4246 τὴν
3300 4185 3461 4240 αὐτοῦ
3530 4183 3760 4241 διάνοιαν.
3813 4171 3918 4228 Φησὶ

2314 4323 2360 4378 D
2391 4279 2501 4378 γάρ
2514 4276 2651 4378 (2Ο).

2461 4369 2531 4419 Τό
2596 4371 2800 4436 πνεῦμα
2855 4395 2925 4404 -
2980 4365 3291 4436 πνεύματος.
3355 4370 3564 4438 Πνεῦμα
3605 4369 3678 4414 νῦν
3720 4357 3788 4408 τὸν
3825 4348 3908 4399 ἐπ’

2391 4475 2484 4530 μον
2528 4454 2684 4527 λέγει.
2718 4452 2878 4509 Ἐστι
2928 4450 2987 4506 δε
3031 4455 3057 4506 ό
3113 4456 3307 4513 σκοπός
3359 4461 3601 4520 τοιοῦτος,
3647 4451 3709 4501 ὅτι
3753 4441 3905 4503 Ὠσπίιθ

1851 4808 2428 4881 ναι-ἰωιθοὶίοηθε
2459 4818 2525 4878 et
2558 4819 2759 4877 notae.

697 5019 813 5089 (t5)
854 5017 940 5074 Ita
986 5015 1165 5089 etiam
1219 5012 1560 5069 Hentenius.
1607 5009 1765 5068 Alias
1811 5009 2026 5082 conjici
2090 5009 2279 5081 possit

623 5087 907 5162 reieopm,
926 5087 1104 5162 credo

694 5151 809 5230 (16)
857 5151 948 5217 Sic
978 5159 1136 5223 dedi,
1185 5172 1291 5228 pro
1322 5151 1706 5230 διαταᾼδυόντων.
1746 5155 1955 5230 Atque_
1990 5155 2070 5209 ita
2115 5168 2273 5208 mox.

697 5227 809 5305 (17)
849 5233 944 5305 Ἐκ
974 5227 1291 5305 ΠνεῦμοιιτοςΓ
1318 5227 1386 5284 Α.
1421 5227 1512 5282 Ἐκ
1539 5233 1632 5279 τοῦ
1667 5229 1871 5298 Πατρός
1927 5228 1994 5282 Β.

724 5300 812 5359 18)
853 5303 1033 5358 Ἐστίν
1065 5300 1235 5357 abest
1259 5300 1332 5357 Α.

697 5234 784 5305 (17
849 5233 944 5286 Ἐκ
974 5231 1291 5356 ΠνεύΕατος.
1318 5231 1386 5284 Α.
1421 5231 1512 5282 Ἐκ
1539 5233 1632 5279 τοῦ
1667 5231 1871 5298 Πατρός
1928 5231 1994 5282 Β.

724 5307 787 5359 18
853 5303 1033 5358 Ἐστίν
1065 5316 1102 5357 8
1147 5304 1235 5357 est
1259 5300 1332 5357 Α.

693 5231 812 5447 in);
847 5373 1143 5450 Perpetua
1168 5375 1255 5450 est
1284 5369 1555 5450 confusio
1581 5369 1659 5450 _in
1680 5366 2274 5450 codicibusvocabu-

618 5441 816 5505 lorum
853 5441 1160 5518 γεννῶμενος
1204 5445 1260 5500 et
1289 5444 1733 5515 γενόμενοςΕῐεο
1780 5441 1877 5497 hic
1924 5441 2106 5497 etiam
2153 5457 2274 5512 γεν-

715 5626 768 5690 υ)
807 5623 946 5678 Sine
977 5622 1312 5679 verbo.Sine
1343 5620 1592 5676 ratione.

711 5695 775 5766 π’)
827 5694 1028 5750 Verba.
1065 5697 1209 5759 lmo,
1242 5691 1518 5766 rationes,
1547 5706 1770 5748 causas.

709 5763 767 5838 ῃ)
809 5766 1147 5835 Perfectum
1179 5763 1436 5820 verbum.
1471 5763 1638 5818 Certa
1678 5763 1845 5817 ratio.

688 5625 708 5838 ἒ

2385 5012 2606 5080 νώμενον
2643 5006 2969 5078 legendum
3011 5006 3260 5063 videtur.
3306 5006 3577 5075 Γενόμενον
3621 4992 3805 5053 editum
3847 4973 3914 5057 9⁵)

2385 5081 2562 5122 ptiam
2609 5080 2768 5122 amid
2804 5079 3104 5122 Chl-venat-
3138 5082 3283 5122 inm-
3329 5076 3421 5122 Vl-
3473 5092 3528 5122 n-
3560 5077 3613 5122 51
3726 5045 3912 5122 δθά,ὼ¹

2385 5076 2565 5135 etiam
2609 5076 2769 5152 apud
2804 5079 3105 5149 Chrysost.
3138 5082 3284 5134 tom.
3329 5076 3422 5138 Vl,
3473 5092 3528 5144 p.
3560 5076 3698 5154 51,15.
3726 5076 3919 5176 send;

2385 5167 2628 5231 quoque
2678 5167 2864 5231 nexus
2905 5151 3140 5231 videtur
3175 5146 3476 5231 postulare
3499 5150 3919 5231 γεννωεξεγοχίηηό-

2386 5203 2866 5278 cenantem
2905 5203 3135 5278 Christo
3165 5203 3385 5276 dicitur
3420 5203 3714 5290 γεννώμενος
3743 5203 3789 5258 ει
3811 5206 3921 5266 γενο-

2383 5311 2548 5365 μενος,
2583 5293 2683 5366 ιιρἱ
2697 5295 2961 5366 γέννησις,
3003 5296 3223 5365 γένεσις.

2455 5365 2567 5436 (20)
2608 5362 2734 5434 Οὖν,
2767 5380 2877 5438 pro
2901 5362 3107 5438 γὰρἈ,
3140 5368 3205 5420 ut
3226 5362 3537 5435 interpres.

2453 5615 2525 5687 (Ζ)
2566 5616 2705 5672 Non
2747 5615 2887 5688 quia
2917 5621 3062 5673 esset
3105 5631 3143 5673 α
3191 5614 3455 5672 muliere.
3505 5614 3691 5683 Neque
3742 5597 3918 5654 tamen,

2384 5689 2551 5761 quod
2581 5703 2682 5744 nec
2709 5702 2782 5744 ex
2807 5688 3076 5745 muliere.
