4120 6310
197 371 364 430 1165

1315 373 1662 431 COMMENT
1702 372 1771 428 IN
1809 372 2156 430 .IOANNEM.
2198 405 2266 417 —-
2303 375 2459 430 CAP.
2505 376 2595 430 III.

3454 377 3595 434 1166

200 501 229 550 6
271 502 401 571 (2t)
434 499 617 572 ἄνεμος
646 502 773 553 ὅπου
807 501 934 553 θελει
965 509 1094 567 πνεῖ,
1136 504 1404 553 τουτέστιν
1434 502 1562 553 ὅπου
1588 501 1773 571 κινηθῇ
1811 518 1823 530 ⁸

1954 506 2057 565 tus,
2112 498 2211 554 ubi
2253 498 2395 565 vult,
2443 500 2641 571 spirat,
2684 499 2801 555 hoc
2840 504 2931 556 est
2979 500 3082 555 ubi
3125 505 3325 557 motus
3374 499 3586 571 fuerit;

205 588 443 650 θελησις
494 592 594 662 γὰρ
646 587 851 661 ἀνέμου,
902 593 931 649 ἡ
988 594 1191 651 κίνησις
1226 607 1237 619 '
1270 595 1357 641 καὶ
1406 594 1499 648 τὴν
1545 593 1633 661 μὲν
1661 594 1829 661 φωνὴν

204 678 391 730 αὑτοῦ
425 678 650 747 ἀκούεις,
678 684 796 737 ἦτοι
847 684 933 731 τὸν
982 677 1117 751 ἦχον
1164 679 1275 752 [κοίὶ
1331 680 1443 750 (22)
1468 682 1700 751 πέταλ’ον
1741 679 1830 731 (λύ’

203 775 310 817 τοῦ
372 766 395 839 ]
455 767 512 819 ού
564 768 976 840 καταλαμϐάνεις
1026 766 1084 821 δε
1126 771 1279 821 πόθεν
1332 771 1544 843 ἔρχεται
1592 774 1682 820 καὶ
1728 776 1829 820 ποῦ

205 856 419 926 ὑπάγει
449 876 461 888 ·
494 857 659 919 οὕτως
715 861 862 910 ἔσται
901 863 990 910 καὶ
1033 866 1134 919 πᾶς
1192 860 1216 909 6
1268 862 1629 929 γεγεννημένος
1660 857 1713 908 ἐκ
1739 866 1829 910 τοῦ

213 949 551 1017 Πνεύματος,
585 945 945 1009 ἀκατάληπτος
972 944 1213 1006 δηλονότι
1262 949 1399 999 κατὰ
1438 951 1532 1005 τὴν
1585 950 1829 1004 τοιαύτην

205 1037 490 1104 γέννησιν.

295 1124 364 1174 Εἰ
394 1126 495 1199 γὰρ
529 1132 621 1177 τοῦ
682 1126 937 1183 αἰσθητοῦ
980 1128 1270 1199 πνεύματος
1306 1125 1364 1177 οὐ
1396 1121 1624 1178 δύνασαι
1664 1145 1829 1178 κατα-

210 1212 404 1265 λαϐεῖν
443 1219 537 1271 τὴν
559 1218 722 1285 ὁρμὴν
752 1220 842 1266 καὶ
870 1220 961 1274 την
998 1211 1140 1284 ὁδόν,
1175 1215 1235 1267 οὗ
1264 1220 1352 1272 την
1384 1217 1633 1273 αἴσθησιν
1665 1212 1827 1287 δέχῃ,

212 1305 267 1353 ἓν
303 1320 365 1354 τε
394 1311 465 1373 τῷ
499 1302 700 1355 ἀκούειν
738 1308 822 1355 τόν
877 1301 1012 1373 ἦχον
1067 1305 1247 1369 αὐτοῦ,
1297 1310 1386 1356 καὶ
1429 1307 1827 1373 καταπνεῖσθαι,

210 1396 312 1442 καὶ
405 1391 700 1463 ψύχεσθαι,
791 1393 958 1462 πολλῷ
1043 1393 1231 1465 μᾶλλον
1292 1401 1382 1445 τοῦ
1453 1402 1637 1452 νοητοῦ
1692 1395 1827 1465 (‘23).

216 1485 331 1532 Καὶ
380 1480 424 1532 εἰ
476 1485 569 1539 τὴν
623 1480 872 1553 ἐνέργειαν
925 1480 1115 1534 ἐκείνου
1172 1490 1262 1534 τοῦ
1324 1492 1624 1555 σωματικοῦ
1677 1486 1828 1535 πνεύ-

212 1588 391 1642 ματος
440 1574 510 1642 μη
539 1570 968 1642 καταλαμϐάνων,
1025 1573 1157 1643 ὅμως
1181 1572 1274 1623 οῦκ
1310 1570 1567 1637 ἀπιστεῖς,
1596 1581 1705 1634 πῶς
1736 1578 1828 1631 τὴν

213 1662 420 1711 τούτου
477 1667 569 1711 τοῦ
629 1659 910 1733 ἀσωμάτου
992 1682 1061 1733 μη
1116 1660 1549 1734 καταλαμϐάνων,
1612 1659 1832 1715 διαπισ-

210 1756 322 1808 τείς
363 1767 377 1817 ;

292 1837 592 1909 Ἀπεκρίθη
651 1870 720 1879 -
770 1842 1009 1910 γενέσθαι
1058 1857 1074 1911 ;

210 1935 316 1988 τῆς
359 1924 659 1990 Ἰουδαϊκῆς
704 1931 812 1996 (24)
868 1929 1113 1989 εὐτελείας
1144 1934 1298 2001 μένει,
1360 1926 1524 2001 μηδὲν
1577 1931 1702 2003 ὑπὲρ
1734 1936 1827 1989 τὴν

210 2018 484 2074 αἴσθησιν
538 2016 779 2075 ἐννοῆσαι
816 2014 1118 2091 δυνάμενος,
1174 2024 1347 2071 καίτοι
1404 2015 1832 2091 παραδείγματος

213 2106 369 2159 οὕτω
411 2113 603 2178 σαφοῦς
639 2106 907 2179 λεχθέντος
947 2108 1108 2178 αὐτῷ.
1171 2112 1322 2179 Λέγει
1369 2104 1455 2159 οὖν
1484 2125 1497 2137 ο
1535 2115 1645 2167 Πῶς
1678 2103 1833 2158 δύνα-

213 2217 309 2248 ται
396 2204 562 2247 ταῦτα
633 2198 895 2267 γενέσθαι,
978 2199 1044 2249 τὰ
1122 2207 1210 2257 τῆς
1283 2197 1555 2269 εἰρημένης
1626 2195 1832 2267 ἀναγεν-

216 2291 469 2351 νήοεως;
501 2286 605 2338 Καὶ
652 2284 831 2338 λοιπὸν
877 2288 902 2338 6
934 2290 1162 2359 Χριστὸς
1212 2286 1626 2359 πληκτικὼτερον
1694 2285 1834 2357 αύτῷ

221 2372 257 2427 δ
266 2375 554 2444 ιαλέγεται.

299 2465 589 2538 Ἀπεκρίθη
654 2495 712 2504 —-
770 2464 829 2517 οὗ
881 2469 1207 2536 γινώσκεις;
1271 2460 1524 2536 Ούδαμοῦ
1584 2468 1833 2537 πονηρίαν

224 2555 392 2606 αὑτοῦ
418 2560 819 2624 καταγινώσκει,
875 2553 981 2605 ἀλλ’
1023 2554 1255 2610 εὐήθειαν
1298 2558 1381 2605 καὶ
1446 2553 1670 2625 ἀμαθίαν
1698 2553 1831 2624 (25).

221 2641 378 2697 Ἔδει
430 2645 531 2717 γὰρ
589 2643 742 2695 αὐτὸν
792 2647 914 2695 ὄντα
964 2640 1289 2695 διδάσκαλον
1342 2652 1507 2695 ταῦτα
1560 2648 1833 2714 γινώσκειν

230 2731 337 2783 ἀπὸ
391 2741 489 2782 τῶν
540 2738 771 2805 Γραφτυν.
847 2731 1084 2803 Σύμϐολα
1151 2735 1251 2806 γὰρ
1346 2741 1439 2793 τῆς
1483 2740 1836 2803 πνευματικῆς

230 2818 612 2890 ἀναγεννήσεως
666 2824 719 2872 αἱ
768 2831 867 2873 τῶν
908 2819 1177 2874 Ἰουδαίων
1235 2826 1545 2893 περιέχουσι
1606 2820 1780 2893 βίϐλοι
1815 2838 1829 2852 ·

231 2906 341 2959 οἷον
402 2912 467 2960 τὰ
527 2914 661 2961 κατὰ
725 2915 818 2968 τὴν
886 2912 1164 2985 Ἐρυθρὰν,
1227 2909 1274 2961 ἐν
1341 2911 1419 2972 οἷς
1477 2913 1635 2970 τύπος
1701 2907 1761 2968 ἦν
1800 2912 1830 2968 ἡ

233 2994 479 3048 θάλασσα
530 3002 619 3069 μὲν
662 3008 752 3051 τοῦ
792 2996 1002 3063 ὕδατος,
1058 3001 1087 3057 ἡ
1143 3000 1319 3072 νεφέλη
1381 2996 1440 3051 δε
1470 3008 1560 3051 τοῦ
1593 3001 1833 3071 Πνεύμα-

229 3103 314 3143 τος
350 3104 362 3115 ⁸
402 3090 580 3138 καὶτά
608 3092 738 3140 κατά
786 3093 871 3140 τὸν
915 3088 1096 3162 λεπρὸν
1156 3091 1370 3161 Νεεμάν,
1419 3090 1500 3140 ὅτε
1541 3088 1756 3147 ἐλούσθη
1783 3088 1831 3140 ἐν

233 3173 734 3251 (25)τῴ’1ορδάνη,
788 3185 877 3231 καὶ
931 3177 1238 3253 ἐπέστρεψεν
1279 3181 1308 3236 ἡ
1374 3179 1502 3250 σὰρξ
1536 3178 1694 3230 αύτοῦ
1752 3176 1831 3230 ἐπ’
1861 3206 1902 3264 C

232 3262 410 3331 αὑτὸν,
446 3267 514 3328 ὡς
562 3263 851 3340 παιδαρίου
898 3275 1111 3343 μικροῦ,
1166 3273 1254 3319 καὶ
1304 3267 1433 3319 ἄλλα
1464 3267 1625 3320 πολλὰ
1653 3274 1831 3319 τοιαῦ-

232 3371 319 3406 τα.

304 3448 408 3495 Ναὶ
440 3448 542 3516 μὴν
597 3450 686 3497 καὶ
739 3450 1077 3520 προφητείας.
1133 3442 1259 3498 Εἷπε
1296 3448 1394 3519 γὰρ
1448 3447 1473 3497 6
1518 3442 1701 3498 Δαυῖδ’
1734 3450 1834 3498 Καὶ

233 3530 582 3602 ἀναγγελοῦσι
620 3539 715 3592 τὴν
747 3532 1091 3592 δικαιοσύνην
1131 3535 1289 3587 αὐτοῦ
1319 3535 1426 3605 λαῷ
1476 3543 1548 3605 τῷ
1574 3537 1837 3607 τεχθησο-

230 3622 385 3690 μένῳ,
431 3622 482 3673 ὃν
527 3623 767 3682 ἐποίησεν
820 3627 845 3676 6
901 3629 1089 3687 Κύοιος
1147 3643 1158 3655 ·
1214 3630 1303 3677 καί
1365 3642 1377 3654 ·
1434 3628 1717 3699 Μακάριοι,
1767 3626 1835 3676 ὧν

232 3706 500 3777 ἀφέθησαν
569 3716 623 3765 αἱ
686 3716 891 3787 ἀνομίαι
977 3720 1066 3766 καὶ
1157 3714 1223 3764 ὧν
1291 3712 1716 3786 ἐπεκαλύγθησαν
1782 3716 1835 3765 αἱ

231 3795 489 3872 ἁμαρτίαι
560 3822 572 3834 ·
633 3808 722 3855 καί
776 3822 789 3834 ·
842 3805 1373 3861 Ἀνακαινισθήσεται
1459 3805 1528 3864 ὡς
1594 3802 1743 3855 ἀετοῦ
1800 3804 1829 3861 ἡ

223 3891 405 3948 νεότης
465 3908 580 3945 σου.
641 3894 741 3952 Τὰς
788 3900 884 3944 τῶν
932 3891 1095 3943 ἄλλων
1137 3894 1238 3965 γὰρ
1293 3899 1382 3943 νῦν
1437 3891 1608 3944 ἐατέον
1654 3888 1747 3943 διὰ
1774 3894 1832 3943 τό

218 3976 331 4038 πλῆ
344 3982 448 4041 θος.

305 4071 471 4141 Ἀμὴν
503 4103 569 4111 -
609 4070 883 4139 λαλοῦμεν,
949 4070 1013 4125 Ἥ
1050 4076 1168 4144 περὶ
1223 4072 1410 4124 ἑαυτοῦ
1466 4077 1555 4124 καὶ
1592 4078 1684 4124 τοῦ
1727 4078 1828 4124 Πα-

222 4162 351 4233 τρός
380 4164 533 4211 τοῦτό
574 4180 753 4233 φησιν,
785 4162 814 4219 ἣν
847 4165 964 4233 περὶ
995 4161 1179 4213 ἑαυτοῦ
1222 4166 1379 4234 μόνου
1413 4164 1492 4215 ὃτι
1524 4182 1536 4195 ο
1571 4160 1613 4214 εἰ
1642 4166 1730 4213 καὶ
1764 4164 1830 4213 σύ

226 4246 490 4314 ἀπιστεῖς,
525 4248 630 4302 ἀλλ’
670 4252 819 4323 ἡμεῖς
848 4250 874 4302 ὃ
910 4252 1128 4323 οἴδαμεν
1183 4249 1409 4325 ἀκριϐῶς
1448 4258 1600 4303 τοῦτο
1643 4250 1833 4303 λαλοῦ-

230 4357 343 4409 ξιεν.

306 4431 406 4479 Καὶ
459 4458 529 4468 —-
584 4436 962 4503 μαρτυροῦμεν.
1006 4433 1075 4481 Τὸ
1131 4428 1258 4481 αύτό
1321 4428 1457 4501 λέγει
1505 4427 1830 4501 βεϐαιώσεως

231 4517 412 4582 ἕνεκεν,
471 4519 552 4570 ὅτι
633 4523 733 4571 Καὶ
786 4518 811 4569 ὃ
862 4516 1077 4591 οἴδαμεν
1127 4526 1504 4592 μαρτυροῦμεν.
1585 4517 1660 4569 Ού
1726 4520 1827 4589 γὰρ
1861 4565 1907 4620 D

232 4606 491 4667 αἰσθητὴν
540 4608 722 4682 ὅρασιν
764 4613 1012 4669 νοήσεις·
1075 4609 1217 4660 οῦπω
1259 4610 1360 4680 γὰρ
1421 4603 1482 4665 ἧν
1547 4609 1827 4679 γεγενημέ-

229 4716 331 4750 νον.

305 4792 496 4840 Καὶ-
551 4786 851 4859 λαμϐάνετε.
910 4793 1074 4837 Τοῦτο
1127 4784 1281 4852 εἶπεν,
1329 4784 1386 4837 ού
1437 4782 1827 4857 δυσχεραίνων,

232 4874 338 4927 ἀλλ’
398 4879 599 4951 ἡμέρως
656 4880 712 4928 τὸ
777 4880 1040 4947 γινόμενον
1096 4874 1447 4947 ἀπαγγελλων,
1518 4879 1605 4926 καὶ
1656 4876 1829 4945 πράως

230 4967 288 5016 τὸ
321 4964 718 5037 συμϐησόμενον
774 4972 1171 5037 προαναφωνῶν,
1237 4968 1327 5015 καὶ
1375 4966 1479 5017 οἷον
1530 4960 1828 5035 διαμαρτυ-

301 5143 348 5178 ⁴⁸
369 5158 429 5199 1v
458 5145 597 5213 Reg.
626 5158 705 5210 v1,
738 5147 828 5203 14.
946 5142 995 5177 ⁴⁶
1021 5140 1170 5198 Psal.
1197 5158 1357 5207 xxxn,
1384 5145 1473 5198 34.

1130 1838 1248 1893 Ἔτι
1304 1842 1329 1891 6
1389 1836 1689 1912 Νικόδημος
1742 1841 1902 1906 ἐπὶΒ

1586 5141 1633 5176 ⁴⁷
1651 5138 1785 5195 Psal
1812 5156 1954 5209 xxx,
1986 5143 2033 5193 I.

1944 588 2218 644 voluntas
2245 589 2400 644 enim
2424 590 2603 654 venti,
2632 589 2817 644 motio
2838 594 2941 653 est,
2978 594 3035 644 et
3064 606 3273 645 vocem
3313 591 3442 661 ejus
3490 607 3591 646 au-

1941 678 2052 743 dis,
2081 680 2203 734 sive
2222 693 2437 733 sonum
2456 684 2555 733 aut
2572 677 2892 739 stridorem,
2916 694 3037 733 non
3059 680 3367 748 cognoscis
3388 684 3589 736 autem

1942 768 2099 823 unde
2125 768 2285 822 venit
2316 776 2414 823 aut
2441 784 2563 840 quo
2596 768 2719 823 abit
2751 786 2764 821 :
2806 769 2888 823 sic
2931 773 3019 823 est
3060 769 3256 823 omnis
3280 769 3384 841 qui
3413 772 3592 825 natus

1939 864 2025 912 est
2072 874 2142 912 ex
2203 857 2465 928 Spiritu:
2530 857 3149 928 incomprehensibilis
3192 861 3275 914 est
3318 857 3590 914 videlicet

1938 947 2139 1017 quoad
2171 946 2511 1017 hujusmodi
2538 946 3011 1015 generationem.

2011 1124 2179 1189 Quod
2210 1125 2255 1179 si
2282 1124 2573 1180 sensibilis
2599 1125 2837 1196 spiritus
2866 1126 3159 1198 impetum
3186 1142 3256 1181 ac
3286 1126 3450 1182 viam
3466 1142 3587 1183 non

1939 1220 2107 1285 potes
2138 1214 2666 1285 comprehendere,
2709 1216 2878 1284 cujus
2909 1230 3153 1271 sensum
3185 1216 3419 1287 recipis,
3464 1222 3591 1272 tum

1941 1304 2082 1375 quia
2104 1319 2318 1358 sonum
2342 1303 2470 1372 ejus
2489 1303 2677 1367 audis,
2706 1309 2833 1358 tum
2862 1305 3026 1374 quod
3052 1309 3108 1360 te
3140 1305 3265 1360 cale
3284 1304 3461 1361 faciat
3490 1310 3592 1362 aut

1889 1462 1903 1477 .
1940 1392 2269 1460 frigefaciat
2294 1414 2305 1445 :
2326 1392 2508 1447 multo
2523 1392 2714 1463 magis
2734 1392 3133 1463 intelligibilis.
3151 1396 3205 1449 Si
3226 1410 3367 1464 ergo
3395 1395 3513 1449 vim
3531 1395 3593 1450 il-

1939 1482 2052 1536 lius
2078 1482 2347 1552 corporei
2378 1482 2619 1552 spiritus
2651 1481 2923 1538 licetnon
2940 1482 3439 1554 comprehendas,
3473 1500 3591 1538 cre-

1940 1571 2028 1626 dis
2048 1578 2243 1626 tamen
2273 1587 2284 1624 :
2321 1570 2628 1642 quomodo
2653 1571 2815 1627 hunc
2836 1572 3254 1643 incorporeum
3281 1578 3595 1644 propterea

1939 1675 2062 1715 non
2094 1658 2303 1726 credis,
2335 1658 2494 1731 quod
2526 1674 2645 1715 non
2675 1660 3154 1731 comprehendas
3175 1661 3203 1716 ?

2012 1838 2181 1892 Vers.
2240 1841 2291 1892 9.
2324 1838 2649 1907 Respondit
2678 1869 2745 1879 —
2780 1837 2957 1906 ﬁeri?
2995 1838 3205 1894 Adhuc
3236 1838 3595 1896 Nicodemus

1942 1928 2000 1982 in
2019 1927 2264 1983 Judaica
2296 1930 2499 1982 manet
2532 1926 2995 1998 imperfectione,
3017 1928 3164 1983 nihil
3186 1929 3392 1985 valens
3414 1946 3598 2001 supra

1944 2032 2190 2071 sensum
2248 2016 2594 2086 intelligere,
2645 2017 2823 2073 etiam
2875 2017 3191 2074 manifesto
3253 2018 3597 2089 hujusmodi

1942 2105 2219 2176 exemplo
2253 2106 2580 2177 proposito.
2615 2106 2759 2161 Dicit
2797 2121 2938 2176 ergo
2981 2124 2993 2161 :
3029 2107 3310 2173 Quomodo
3346 2114 3597 2177 possunt

1941 2198 2067 2253 haec
2094 2196 2246 2265 ﬁeri,
2282 2212 2418 2268 quae
2448 2196 2522 2251 de
2559 2196 2836 2267 praedicta
2870 2198 3317 2267 regeneratione
3347 2198 3595 2253 dixisti?

1946 2287 2111 2342 Unde
2137 2290 2193 2342 et
2243 2285 2507 2341 Christus
2545 2286 2673 2356 jam
2709 2286 3081 2356 objurgantis
3126 2303 3293 2344 more
3339 2303 3478 2343 cum
3523 2302 3596 2343 eo

1943 2375 2199 2431 disserit.

2014 2466 2177 2519 Vers.
2212 2466 2296 2519 to.
2334 2464 2652 2532 Respondit
2676 2495 2733 2505 —
2754 2464 2990 2533 ignoras
3011 2468 3036 2517 .'
3057 2467 3448 2537 Nequaquam
3470 2480 3596 2522 ma-

1944 2554 2078 2609 litiae
2107 2555 2461 2608 condemnat
2491 2568 2627 2607 eum
2660 2552 2945 2619 Christus,
2980 2553 3084 2608 sed
3110 2554 3363 2624 ignavias
3393 2570 3464 2609 ac
3500 2570 3596 2609 ru-

1944 2643 2164 2698 ditatis.
2201 2644 2518 2713 Oportebat
2548 2642 2708 2697 enim
2760 2658 2897 2698 eum
2931 2642 3036 2713 qui
3073 2648 3401 2714 praeceptor
3448 2648 3592 2709 erat,

1943 2734 2069 2788 haec
2093 2748 2128 2787 a
2168 2732 2480 2802 Scripturis
2506 2746 2884 2802 cognoscere.
2912 2733 3091 2803 Signa
3121 2732 3419 2805 siquidem
3432 2748 3597 2801 rege-

1946 2821 2263 2877 nerationis
2309 2820 2628 2890 spiritualis
2680 2822 2981 2877 continent
3040 2821 3175 2877 libri
3227 2822 3590 2893 Iudaeorum,

1944 2917 2234 2983 putaquaa
2248 2911 2315 2964 de
2328 2909 2528 2965 Rubro
2544 2925 2706 2965 mare
2734 2908 3094 2974 scribuntur,
3111 2910 3169 2965 in
3190 2910 3407 2982 quibus
3420 2926 3595 2983 aqum

1945 3008 2123 3072 typus
2154 3004 2280 3055 erat
2342 3014 2528 3062 mare,
2595 2998 2781 3053 nubes
2831 3015 2971 3054 vero
3025 2998 3311 3071 Spiritus;
3358 3005 3413 3056 et
3460 3016 3596 3071 quae

1945 3091 2018 3145 de
2042 3090 2277 3161 leproso
2307 3089 2599 3151 Naaman,
2633 3088 2877 3158 quando
2916 3090 2974 3143 in
3005 3090 3263 3144 Jordane
3296 3090 3451 3144 lotus
3486 3095 3592 3155 est,

1946 3184 2002 3235 et
2030 3194 2269 3233 reversa
2298 3182 2387 3232 est
2416 3192 2554 3232 caro
2585 3192 2693 3232 sua
2724 3176 2794 3231 ad
2824 3177 3042 3248 ipsum,
3076 3177 3228 3234 sicut
3256 3193 3397 3234 caro
3427 3178 3595 3250 pueri

1946 3267 2179 3340 parvuli
2211 3268 2279 3330 ‘5,
2313 3265 2549 3337 aliaque
2574 3265 2833 3337 plurima
2861 3266 3102 3324 similia.

2020 3442 2327 3497 Habebant
2346 3440 2589 3512 insuper
2603 3440 3029 3513 etprophetias.
3048 3441 3369 3498 Dixitenim
3383 3443 3590 3503 David:

1945 3535 2021 3587 Et
2037 3530 2482 3588 annuntiabunt
2486 3530 2785 3599 justitiam
2799 3529 2918 3599 ejus
2934 3533 3278 3603 popul0,qui
3292 3540 3593 3601 nascetur,

1946 3638 2114 3694 quem
2143 3622 2283 3688 fecit
2325 3621 2604 3675 Dominus
2635 3621 2715 3684 “;
2749 3625 2822 3685 et,
2847 3620 3012 3676 Beati
3049 3638 3298 3691 quorum
3338 3626 3595 3681 remissae

1944 3717 2079 3768 sunt
2108 3710 2474 3781 iniquitates,
2504 3716 2556 3765 et
2582 3724 2832 3779 quorum
2869 3716 3017 3765 tecta
3047 3717 3179 3765 sunt
3220 3718 3463 3779 peccata
3486 3716 3533 3749 ‘7
3573 3731 3594 3780 ,-

1944 3805 2037 3856 et:
2069 3799 2471 3855 Renovabitur
2498 3798 2649 3853 sicut
2680 3800 2900 3868 aquilae
2914 3800 3197 3866 juventus
3226 3805 3325 3855 tua
3352 3802 3419 3856 ‘3.
3443 3802 3595 3857 Alio-

1942 3904 2076 3944 rum
2108 3887 2406 3959 siquidem
2438 3886 2761 3958 prophetiae
2791 3902 2913 3958 prae
2952 3886 3335 3944 multitudine
3368 3889 3429 3945 in
3468 3906 3595 3961 prae

1943 3978 2131 4034 sentia
2156 3977 2591 4047 relinquantur.

2012 4070 2176 4122 Vers.
2202 4071 2283 4120 lt.
2316 4067 2502 4120 Amen
2533 4095 2599 4105 —
2619 4064 2930 4135 loquimur.
2954 4066 3057 4121 Vel
3078 4066 3153 4122 de
3175 4068 3382 4138 seipso
3404 4073 3462 4125 et
3484 4069 3593 4126 Pa-

1940 4164 2025 4214 tre
2049 4158 2163 4212 hoc
2195 4154 2356 4220 dicit,
2380 4154 2472 4210 vel
2499 4154 2566 4209 de
2594 4154 2795 4225 seipso
2818 4154 2967 4209 solo.
2995 4156 3354 4229 Quanquam
3379 4162 3438 4214 tu
3469 4174 3593 4216 non

1941 4248 2165 4310 credas,
2180 4260 2290 4301 nos
2304 4250 2526 4311 tamen,
2554 4243 2716 4316 quod
2737 4243 2923 4315 probe
2947 4246 3246 4312 novimus,
3274 4248 3387 4305 hoc
3403 4248 3596 4322 loqui-

1940 4353 2093 4393 mur.

2009 4428 2172 4481 Vers.
2212 4430 2295 4482 H.
2335 4424 2409 4477 Et
2452 4454 2522 4465 —
2561 4427 2866 4479 testamur.
2910 4423 3072 4479 Idem
3120 4424 3595 4483 conﬁrmationis

1941 4530 2122 4570 causa
2142 4515 2348 4585 repetit
2376 4528 2388 4567 :
2424 4512 2592 4579 Quod
2608 4510 2823 4567 scimus
2859 4516 3149 4567 testamur
3175 4529 3189 4569 :
3212 4528 3406 4584 neque
3431 4514 3595 4571 enim

1942 4601 2281 4658 sensibilem
2311 4605 2615 4671 aspectum
2646 4597 2962 4668 intelligas,
2996 4615 3132 4654 cum
3175 4599 3450 4657 nondum
3473 4600 3594 4658 fac-

1943 4697 2069 4747 tum
2100 4694 2275 4746 esset.

2012 4781 2172 4835 Vers.
2222 4783 2303 4832 H.
2330 4778 2408 4831 Et
2436 4806 2504 4815 —-
2533 4773 2823 4842 accipitis.
2850 4776 2965 4829 Hoc
2990 4790 3110 4831 non
3133 4776 3374 4849 indigne
3401 4778 3592 4837 ferens

1941 4870 2106 4933 dixit,
2123 4867 2226 4922 sed
2247 4866 2471 4933 leuiter,
2486 4863 2650 4935 quod
2672 4860 2869 4926 ﬁebat,
2896 4878 3203 4933 enarrans,
3224 4873 3278 4922 et
3299 4868 3590 4938 modeste,

1941 4956 2105 5031 quod
2132 4956 2396 5011 futurum
2435 4957 2582 5023 erat,
2608 4949 2962 5023 pradicens,
2987 4957 3047 5009 et
3064 4956 3236 5027 quasi
3263 4961 3593 5028 protestan-

2143 5137 2184 5174 ιε
2216 5136 2343 5192 Psal
2372 5151 2468 5202 ou,
2503 5141 2553 5191 5.

1434 5318 1656 5389 Variae
1692 5317 2022 5387 lectiones
2062 5324 2127 5383 et
2175 5324 2376 5382 notae.

325 5528 415 5585 2t)
452 5524 513 5579 '0
541 5526 759 5583 omittit
778 5526 850 5585 B.

326 5531 385 5582 21
452 5528 513 5579 '0
541 5528 759 5583 omittit
778 5528 850 5585 B.

326 5528 415 5669 22l
443 5601 589 5654 Loco
622 5598 1065 5654 triumistorum
1094 5596 1531 5655 vocabulorum
1563 5595 1825 5669 spatium

232 5686 485 5726 vacuum
524 5673 617 5726 est
650 5669 713 5725 in
738 5670 871 5725 cod.
904 5674 975 5725 A.

307 5742 426 5813 ('25)
482 5740 765 5811 Intellige,
825 5740 884 5793 ού
949 5738 1153 5813 δυνήσῃ
1205 5739 1529 5795 καταλαϐεῖν,
1581 5741 1828 5813 Poterat

232 5811 414 5870 etiam
448 5830 555 5886 pro
593 5814 784 5887 μᾶλλον
808 5813 1001 5870 dicere
1021 5811 1182 5886 μεῖον.
1209 5815 1321 5868 Sed
1347 5813 1495 5868 intra
1521 5812 1600 5868 ad
1614 5811 1710 5878 VI,
1736 5812 1824 5867 41.

1935 5520 2145 5581 eodem
2176 5519 2357 5593 modo
2380 5518 2665 5593 loquitur.

2005 5595 2118 5667 (24)
2150 5592 2407 5667 Ἀτελείας
2450 5588 2685 5667 videtur
2729 5591 2942 5667 legisse
2990 5588 3300 5667 interpres.
3345 5591 3461 5647 Sed
3502 5594 3588 5649 ni-

1935 5662 2023 5722 hil"
2046 5662 2232 5721 muto.
2272 5664 2531 5723 Εύτελείας
2572 5663 2751 5718 habet
2794 5663 2970 5717 etiam
3014 5662 3313 5732 Chrysost.
3374 5668 3411 5718 t.
3458 5679 3583 5727 vm,

1934 5756 1996 5810 p.
2052 5741 2167 5801 151,
2196 5739 2263 5789 Α.

2007 5808 2118 5881 (25)
2158 5807 2456 5881 Ἀμάθειαν,
2490 5812 2553 5860 Α.
