4120 6310
587 349 728 404 1167

584 489 656 530 ac
685 473 904 530 docens
941 487 1070 538 nos,
1098 485 1174 529 ne
1205 488 1339 530 cum
1371 489 1514 545 erga
1553 473 1788 546 aliquos
1829 474 2237 546 disputamus,

582 563 829 632 indigne
856 561 1136 628 feramus,
1167 563 1514 628 clamemus,
1540 569 1643 619 aut
1689 579 2137 636 exasperemur,
2191 563 2241 618 si

584 667 706 707 non
726 651 1196 723 persuadeamus
1215 668 1229 717 ;
1245 667 1387 708 nam
1412 651 1512 708 iraa
1535 653 1782 708 materia
1800 669 1869 708 ac
1887 653 2240 725 principium

586 740 816 796 clamor
839 744 958 810 est;
987 739 1276 812 patienter
1311 756 1451 796 vero
1481 741 1859 813 respondere,
1912 747 2000 797 est
2039 742 2244 797 conari

587 835 653 883 ut
678 827 952 882 credibile
982 827 1187 892 facias,
1219 829 1382 898 quod
1421 829 1661 884 dixeris.

659 919 820 972 Vers.
847 922 926 971 t2.
948 917 1012 972 Si
1035 948 1102 956 —
1122 918 1366 974 credetis
1382 917 1409 971 ‘?
1431 919 1787 989 Frequenter
1806 934 1942 974 cum
1961 919 2246 975 verbafa-

587 1010 790 1062 cturus
805 1011 911 1076 est,
927 1022 1061 1077 quae
1080 1022 1202 1060 sua;
1215 1013 1546 1076 congruant
1559 1007 1874 1078 majestati,
1889 1007 1983 1063 his
1995 1014 2240 1080 propter

587 1095 924 1149 auditorum
949 1095 1400 1151 crassitudinem
1426 1111 1494 1151 ac
1519 1095 1986 1151 imbecillitatem
2007 1097 2240 1161 relictis,

586 1182 1352 1254 humilioradispensatorio
1366 1184 1543 1239 modo
1556 1185 2087 1241 condescendendo
2103 1202 2246 1256 prm-

589 1272 699 1328 fert
731 1288 744 1326 :
773 1271 935 1342 quod
965 1287 1110 1327 sane
1139 1273 1317 1328 etiam
1351 1289 1510 1327 nunc
1543 1274 1695 1328 fecit.
1729 1275 1879 1329 Nam
1918 1289 1986 1329 ex
2018 1289 2140 1346 quo
2171 1274 2244 1329 de

588 1361 876 1433 spirituali
891 1361 1268 1431 generatione
1285 1361 1516 1418 locutus
1530 1367 1622 1418 est
1639 1363 1714 1418 de
1733 1381 1842 1420 sua
1860 1363 2048 1436 ipsius
2064 1364 2243 1420 etiam

589 1451 971 1520 generatione
996 1466 1132 1522 quae
1155 1450 1263 1506 fuit
1283 1457 1418 1507 ante
1445 1452 1683 1521 saecula,
1710 1468 1966 1524 quaeque
1999 1468 2243 1508 omnem

588 1544 915 1595 etmentem
940 1544 996 1594 et
1013 1555 1352 1596 sermonem
1375 1541 1626 1605 excedit,
1650 1541 1844 1597 dicere
1872 1541 2130 1599 volebat.
2159 1541 2247 1597 Vi-

587 1629 738 1685 dens
753 1635 954 1685 autem
973 1629 1362 1686 Nicodemum
1378 1646 1566 1702 neque
1585 1631 1950 1702 spiritualem
1972 1647 2147 1704 posse
2162 1632 2246 1686 in-

587 1717 866 1788 telligere,
900 1717 1045 1774 nihil
1067 1719 1138 1773 de
1164 1718 1261 1774 illa
1283 1719 1445 1783 dicit,
1472 1719 1580 1775 sed
1608 1736 1855 1776 causam
1876 1719 2008 1776 talis
2027 1720 2242 1776 silentii

588 1807 781 1871 docet,
814 1807 977 1879 quod
1010 1807 1082 1862 sit
1107 1807 1381 1864 videlicet
1416 1814 1658 1880 propter
1691 1809 2031 1864 auditorum
2059 1810 2243 1865 incre-

587 1897 916 1952 dulitatem.
933 1897 1153 1951 Horum
1167 1912 1309 1966 ergo
1323 1897 1715 1952 incredulitati
1735 1903 1838 1953 aut
1852 1898 2237 1954 imbecillitati

587 1985 1095 2057 tribuendumest,
1114 1985 1279 2057 quod
1299 1985 1858 2057 sapiusjmediocria
1874 1995 1976 2044 aut
1990 1987 2240 2044 humilia

585 2073 892 2144 loquatur.

656 2253 903 2308 Terrena
926 2256 1126 2308 autem
1157 2251 1490 2323 intelligunt
1514 2253 1608 2308 hic
1660 2252 1905 2325 quidam
1946 2253 2021 2310 de
2064 2257 2240 2310 vento

585 2341 812 2398 dictum
843 2357 997 2406 esse,
1030 2357 1099 2397 ac
1129 2342 1174 2396 si
1206 2341 1463 2397 diceret:
1501 2342 1556 2398 Si
1595 2346 1896 2398 terrenum
1951 2345 2240 2416 proposui

583 2429 950 2502 exemplum,
973 2434 1030 2486 et
1050 2445 1170 2486 non
1193 2429 1452 2498 creditis,
1467 2432 1777 2504 quomodo
1805 2431 1854 2487 si
1878 2432 2112 2488 cmleste
2136 2433 2239 2488 ali-

583 2519 731 2592 quid
761 2526 863 2575 aut
884 2519 1205 2576 sublimius
1231 2519 1453 2586 dixero,
1485 2521 1735 2577 credetis
1757 2521 1785 2575 ‘P

654 2608 764 2664 Alii
805 2625 962 2674 vero,
991 2615 1252 2673 terrena,
1285 2609 1358 2664 de
1388 2611 1832 2680 regeneratione
1872 2611 2098 2667 dictum
2140 2628 2236 2668 as-

583 2702 806 2762 truunt,
827 2699 1299 2769 interpretantes,
1331 2699 1494 2770 quod
1515 2703 1809 2755 terrenam
1825 2700 1981 2755 hanc
2001 2700 2234 2765 dixerit,

581 2787 688 2843 etsi
715 2787 970 2842 caelestis
1003 2787 1077 2841 sit
1107 2803 1175 2842 ac
1207 2786 1427 2851 divina,
1468 2791 1756 2859 tanquam
1808 2805 1987 2860 super
2019 2795 2236 2845 terram

581 2875 846 2946 impleta,
871 2876 1356 2946 etcomparando
1384 2876 1460 2930 ad
1488 2892 1660 2931 suam
1676 2876 2034 2932 ineffabilem
2063 2894 2237 2948 gene-

580 2965 889 3020 rationem.
916 2967 1062 3019 Nam
1089 2963 1167 3018 ad
1197 2963 1353 3018 illius
1393 2963 1805 3020 celsitudinem
1847 2965 1973 3020 haec
2004 2973 2237 3022 terrena

583 3057 674 3110 est
702 3058 757 3109 et
784 3052 1051 3110 humilis.

655 3142 829 3199 Vers.
865 3143 958 3198 l3.
985 3142 1058 3196 Et
1077 3173 1145 3182 —
1167 3141 1608 3214 quidescendit.
1631 3142 1774 3208 Quia
1795 3145 2068 3216 superius
2090 3145 2238 3200 dixit

581 3231 938 3288 Nicodemus
974 3248 987 3286 :
1011 3231 1242 3287 Scimus
1274 3232 1439 3304 quod
1467 3247 1504 3288 a
1525 3234 1642 3287 Deo
1667 3234 1894 3288 veneris
1920 3234 1977 3288 in
2022 3235 2235 3304 magis-

582 3325 741 3375 trum
776 3321 926 3388 ;hoc
954 3321 1154 3393 ipsum
1196 3336 1352 3376 nunc
1381 3321 1640 3391 corrigit,
1673 3338 1743 3377 ac
1790 3323 1837 3378 si
1881 3321 2040 3379 dicat
2075 3341 2087 3378 :
2123 3327 2237 3380 Nec

581 3427 677 3466 me
713 3411 890 3466 talem
919 3410 1218 3467 existimes
1249 3415 1698 3482 praeceptorem,
1734 3413 1896 3483 quasi
1927 3429 2104 3468 unum
2132 3413 2235 3470 ali-

579 3515 759 3572 quem
788 3516 859 3555 ex
883 3499 1202 3572 prophetis.
1227 3499 1422 3554 Nullus
1447 3499 1744 3571 siquidem
1764 3501 1998 3557 illorum
2031 3519 2235 3558 ascen-

579 3589 666 3643 dit
697 3589 756 3644 in
789 3589 1028 3654 coelum,
1064 3589 1186 3643 sive
1226 3589 1528 3657 ingressus
1555 3595 1643 3645 est
1681 3590 1919 3655 caelum,
1972 3593 2080 3646 nisi
2123 3608 2234 3661 ego

579 3677 684 3750 qui
704 3693 735 3732 e
761 3676 912 3732 coelo
937 3676 1237 3742 descendi,
1259 3677 1510 3749 ideoque
1537 3678 1884 3735 sublimiora
1905 3680 2106 3735 defero
2133 3682 2236 3738 do-

579 3772 803 3836 gmata.

647 3855 770 3910 Alio
802 3860 1086 3928 praeterea
1111 3856 1288 3913 modo
1303 3856 1474 3915 dixit:
1513 3857 1928 3924 Quidescendit
1950 3859 2022 3915 de
2039 3861 2186 3916 ειειο
2214 3876 2232 3916 :

576 3945 720 4018 quia
740 3947 798 4000 in
829 3947 1010 4001 Veteri
1046 3949 1422 4001 Testamento
1482 3946 1904 4013 diversimode,
1959 3950 2232 4019 variaque

573 4035 1011 4105 dispensatione
1032 4034 1246 4090 dicitur
1259 4035 1336 4088 De
1346 4035 1742 4090 us'ascendere
1761 4053 1829 4091 ac
1847 4037 2226 4101 descendere,

573 4123 733 4178 velut
750 4129 838 4177 est
854 4122 1023 4176 illud:
1046 4123 1401 4178 Descendens
1421 4123 1649 4187 videbo,
1665 4124 1717 4179 si
1728 4126 1902 4193 iuxta
1917 4127 2230 4181 clamorem

574 4212 817 4266 illorum
833 4211 1056 4280 operati
1067 4219 1202 4265 sunt
1220 4213 1350 4276 ‘9,et
1362 4212 1632 4268 Ascendit
1648 4214 1804 4268 Deus
1820 4215 1901 4268 ad
1911 4213 2224 4281 Abraham,

576 4304 640 4354 ut
671 4300 912 4354 cessavit
945 4298 1104 4369 loqui
1124 4301 1200 4353 ad
1228 4315 1352 4354 eum
1391 4301 1462 4371 ⁸ο,
1497 4301 1800 4372 multaque
1830 4301 2065 4358 similia.

643 4480 804 4534 Vers.
841 4483 924 4534 l3.
957 4478 1144 4533 Filius
1170 4477 1442 4536 hominis.
1467 4478 1574 4544 Qui
1593 4479 1925 4536 secundum
1943 4480 2228 4538 humani-

571 4573 750 4626 tatem
788 4568 962 4624 Filius
992 4574 1075 4624 est
1107 4567 1390 4624 hominis.

642 4657 800 4713 Scire
831 4663 1029 4713 autem
1059 4662 1310 4728 Oportet,
1343 4657 1508 4731 quod
1548 4675 1582 4713 a
1612 4658 1920 4715 divinitate
1953 4660 2220 4732 seipsum

564 4749 904 4820 frequenter
952 4749 1238 4813 nominat,
1288 4753 1344 4804 et
1380 4749 1562 4804 etiam
1614 4750 1830 4820 saepius
1880 4749 1957 4806 ab
2008 4749 2223 4806 huma-

565 4839 747 4898 nitate
760 4881 773 4895 .

637 4928 795 4983 Vers.
839 4928 921 4981 l3.
958 4928 1160 4995 Qui—
1201 4929 1363 4984 corio.
1405 4927 1510 4992 Qui
1542 4927 1712 4998 juxta
1749 4927 2116 4984 divinitatem
2156 4928 2214 4984 in

641 5133 687 5168 ιε’
720 5130 863 5188 Gen.
895 5148 1046 5204 xvm,
1072 5134 1159 5188 2i.
1277 5134 1323 5166 ⁵ο
1350 5132 1494 5187 Gen.
1521 5149 1656 5198 xvu,
1692 5138 1782 5189 2'2.

1934 347 2285 405 EUTHYMII
2322 349 2659 408 ZIGABENI

3831 352 3948 406 1168

2273 476 2312 526 Α
2353 481 2564 549 ρόμενος
2591 481 2679 529 καὶ
2706 473 2968 529 παιδεύων
2998 478 3156 548 ἡμᾶς,
3195 478 3316 529 ὅταν
3369 481 3490 550 πρὸς
3520 496 3679 539 τινας
3731 474 3945 547 διαλεγο-

2353 585 2514 637 μενοι,
2564 571 2635 637 μὴ
2686 568 2957 638 πείθωμεν,
3005 571 3075 638 μὴ
3134 563 3524 640 δυσχεραίνειν,
3581 563 3729 638 μηδὲ
3761 571 3944 638 κράζειν

2353 659 2441 706 καὶ
2467 653 2748 727 ἀγριαίνειν
2785 675 2797 687 ·
2822 655 2914 712 ὕλη
2946 659 3045 730 γὰρ
3079 655 3239 728 ὀργῆς
3271 657 3299 713 ἠ
3334 661 3535 730 κραυγὴ
3582 675 3595 686 ·
3637 655 3748 706 ἀλλ’
3808 654 3944 716 ἀνεξι-

2352 745 2525 803 κάκως
2555 743 2943 818 ἀποκρίνεσθαι,
2979 751 3068 797 καὶ
3096 747 3381 819 πειρᾶσθαι
3427 752 3598 798 ποιεῖν
3659 744 3944 807 ἀξιόπιστον

2354 835 2410 883 τὸ
2441 832 2731 904 λεγόμενον,

2426 921 2485 972 Εἰ
2511 925 2898 974 -πιστεύσετε
2929 939 2941 988 ;
2987 922 3238 985 Πολλάκις
3278 923 3471 994 μέλλων
3500 924 3782 975 ἅπτεσθαι
3807 922 3944 992 λόγων

2354 1009 2508 1082 ἀξίων
2529 1021 2620 1072 τῆς
2648 1011 3020 1082 μεγαλωσύνης
3051 1013 3227 1075 αὐτοῦ,
3262 1016 3593 1086 παρατρέχει
3626 1014 3846 1070 τούτους
3873 1007 3948 1060 διὰ

2351 1103 2445 1156 τὴν
2475 1108 2573 1150 τῶν
2619 1099 2953 1174 ἀκροωμένων
3006 1104 3291 1172 παχύτητα
3351 1106 3442 1152 καὶ
3516 1099 3822 1163 ἀσθένειαν,
3875 1104 3946 1148 καὶ

2352 1195 2582 1261 προτιμᾷ
2622 1193 2737 1249 τοὺς
2784 1194 3193 1262 ταπεινοτέρους,
3247 1188 3731 1260 συγκαταϐατικώς
3786 1207 3838 1240 τε
3872 1195 3944 1238 καὶ

2353 1277 2714 1349 οἰκονομικῶς,
2760 1278 2784 1329 ὁ
2840 1274 2906 1336 δὴ
2967 1277 3234 1330 κάνταῦθα
3281 1283 3584 1335 πεποίηκεν.
3638 1278 3785 1330 Ἐπεὶ
3846 1276 3940 1347 (26‘:

2351 1369 2452 1438 γὰρ
2568 1371 2684 1438 περὶ
2780 1374 2872 1428 τῆς

2354 1456 2582 1508 ἐϐούλετο
2613 1459 2701 1528 μὲν
2730 1457 2905 1526 εἰπεῖν,
2962 1462 3052 1508 καὶ
3099 1461 3216 1530 περὶ
3268 1465 3364 1518 τῆς
3404 1457 3594 1509 ἑαυτοῦ
3657 1461 3939 1527 γεννήσεως,

2568 1371 2684 1438 περὶ
2780 1374 2872 1428 τῆς
2973 1375 3325 1440 πνευματικῆς
3400 1372 3704 1438 γεννήσεως
3808 1362 3942 1430 εἶπεν,

2352 1554 2447 1605 τῆς
2523 1551 2832 1620 προαιωνίου
2903 1551 2993 1598 καὶ
3075 1549 3242 1598 πάντα
3316 1554 3433 1598 νοῦν
3477 1550 3572 1598 καὶ
3629 1546 3784 1616 λόγον
3814 1546 3941 1616 ύπερ-

2353 1633 2630 1695 ϐαινούσης
2662 1653 2672 1663 ·
2708 1631 2832 1686 ἰδὼν
2873 1632 2932 1687 δε
2987 1639 3072 1687 τὸν
3124 1632 3428 1707 Νικόδημον
3481 1631 3630 1707 μηδὲ
3685 1639 3782 1692 τὴν
3812 1651 3942 1684 πνεν-

2353 1728 2576 1796 ματικὴν
2603 1721 3003 1796 παραδέξασθαι
3032 1722 3333 1796 δυνάμενον,
3361 1720 3510 1777 οὐδὲν
3545 1728 3641 1796 μὶν
3673 1725 3810 1795 λέγει
3842 1727 3939 1792 περὶ

2279 1833 2323 1888 Β
2353 1810 2562 1876 ἐκείνης,
2592 1808 2842 1864 διδάσκει
2886 1809 2945 1864 δὲ
2983 1817 3076 1871 την
3105 1812 3276 1864 αἰτίαν
3327 1821 3423 1875 τῆς
3464 1815 3720 1872 τοιαύτης
3783 1819 3937 1880 σιγῆς,

2354 1904 2432 1953 ὅτι
2463 1897 2557 1952 διὰ
2606 1906 2695 1959 τὴν
2752 1900 2998 1954 ἀπιστίαν
3052 1911 3148 1954 τῶν
3202 1901 3560 1977 ἀκροωμένων.
3604 1909 3786 1964 Ὥστε,
3836 1902 3934 1951 ὅταν

2351 1995 2538 2064 μέτρια
2593 1992 2881 2062 φθέγγηται
2936 1996 3025 2043 καὶ
3077 1995 3294 2044 ταπεινά
3345 1997 3434 2044 καὶ
3488 1991 3687 2054 ἀνάξια
3716 1989 3935 2046 πολλάκις

2350 2087 2441 2139 τῆς
2464 2081 2580 2151 (‘27)
2612 2079 2772 2131 αύτού
2801 2081 3058 2146 θεότητος,
3096 2089 3158 2153 τῇ
3195 2080 3419 2153 ἀπιστίᾳ
3446 2085 3540 2132 καὶ
3573 2079 3808 2149 ἀσθενείᾳ
3829 2078 3930 2128 τού-

2346 2187 2444 2220 των
2464 2167 2730 2238 λογιστέον
2753 2168 2906 2222 αὐτά.

2419 2257 2657 2327 Ἐπίγεια
2687 2254 2745 2309 δὲ
2769 2265 2856 2308 νῦν
2897 2259 3009 2329 (28)
3063 2277 3190 2319 τινες
3245 2263 3361 2332 περὶ
3399 2266 3494 2310 τοῦ
3548 2257 3740 2330 ἀνέμου
3793 2257 3923 2326 φασὶν

2348 2345 2591 2418 εἰρῆσθαι
2623 2363 2635 2374 ·
2679 2348 2778 2411 ὅτι,
2817 2346 2874 2397 Εἰ
2904 2346 3123 2417 ἐπίγειον
3173 2343 3516 2420 παράδειγμα
3559 2345 3723 2409 εἷπον,
3766 2346 3844 2394 καὶ
3877 2339 3922 2390 οὗ

2345 2437 2631 2498 πιστεύετε,
2666 2443 2795 2500 πῶς,
2828 2433 2910 2486 ἐάν
2958 2437 3080 2488 είπιυ
3133 2435 3369 2510 οὐράνιόν
3397 2456 3448 2488 τι
3479 2441 3574 2488 καὶ
3615 2434 3913 2506 ὑψηλότερον,

2345 2527 2645 2577 πιστεύσετε
2677 2523 2790 2594 (‘29)
2815 2540 2828 2589 ;

2413 2616 2556 2673 Τινὲς
2587 2609 2664 2676 δε,
2698 2613 2934 2683 Ἐπίγεια
2987 2619 3102 2688 περὶ
3133 2621 3223 2674 τῆς
3277 2613 3662 2684 ἀναγεννὴσεως
3720 2612 3906 2686 ῥηθῆναι

2343 2703 2604 2773 λέγουσιν,
2633 2703 2987 2776 ἑρμηνεύοντες
3018 2705 3098 2754 ὅτι
3145 2701 3364 2774 ἐπίγειον
3407 2711 3569 2756 τοῦτο
3601 2700 3725 2765 εἶπε,
3770 2703 3906 2750 καίτοι

2344 2791 2580 2863 οὐράνιον
2609 2796 2698 2842 καὶ
2734 2793 2862 2843 θεῖον
2903 2791 2976 2858 ὃν,
3011 2794 3079 2854 ὡς
3136 2790 3219 2844 ἐπὶ
3245 2800 3344 2863 γῆς
3389 2792 3692 2864 τελούμενον
3731 2791 3798 2846 ’ἦ
3839 2788 3901 2836 καί

2344 2884 2468 2954 πρὸς
2493 2883 2770 2952 σύγκρισιν
2817 2889 2910 2942 τῆς
2949 2877 3384 2953 φρικωδεστάτης
3437 2881 3608 2934 αὐτοῦ
3655 2883 3897 2950 γεννήσεως·

2347 2973 2482 3044 Πρὸς
2509 2971 2610 3042 γὰρ
2663 2973 2720 3021 τὸ
2751 2969 2880 3039 ὕψος
2937 2971 3156 3036 ἐκείνης,
3219 2969 3444 3041 ἐπίγειος
3500 2970 3648 3024 ἐστιν
3702 2968 3812 3021 αὕτη
3835 2963 3894 3011 καὶ

2344 3057 2622 3130 χθαμαλή⁰

2419 3153 2518 3200 Καὶ
2578 3177 2647 3187 -
2695 3146 2946 3209 καταϐάς.
3001 3148 3142 3200 Ἐπεὶ
3198 3147 3464 3223 προλαϐών
3542 3147 3677 3202 εἶπεν
3714 3147 3736 3197 ὁ
3773 3148 3874 3194 NII"

2347 3233 2531 3307 δημος,
2561 3238 2640 3288 ὃτι
2662 3233 2894 3309 Οἴδαμεν
2925 3239 3005 3288 ὅτι
3058 3235 3157 3288 ἀπὸ
3211 3245 3342 3290 Θεοῦ
3405 3237 3660 3297 ἐλήλυθας
3692 3229 3873 3288 διδάσκω

2343 3326 2450 3393 λος,
2483 3333 2635 3377 τούτο
2681 3326 2804 3377 αύτό
2853 3321 3158 3400 διορθοῦται
3215 3335 3326 3391 νυν,
3377 3329 3576 3380 ὡσανεὶ
3623 3326 3782 3396 λέγων,
3823 3318 3880 3366 sm

2343 3419 2566 3486 νομίσῃς
2594 3433 2657 3486 με
2708 3421 2938 3466 τοιοῦτον
2988 3411 3317 3467 διδάσκαλον
3369 3418 3438 3476 ὡς
3497 3417 3588 3468 ἕνα
3623 3423 3717 3466 τῶν
3740 3420 3886 3480 προῖκ’

2343 3511 2460 3556 τῶν.
2498 3507 2596 3555 Καὶ
2621 3506 2722 3577 γὰρ
2755 3500 2928 3565 οὐδεὶς
2989 3503 3191 3556 ἐκείνων
3249 3503 3567 3561 ἀναϐέϐηκεν
3616 3503 3679 3562 εἰς
3717 3501 3789 3552 τὸν
3830 3488 3889 3586 0'3:

2341 3595 2512 3665 ρανόν,
2534 3591 2718 3664 [ἤγουν
2751 3596 2864 3663 (30)
2901 3592 3057 3651 ἐπέϐη
3107 3602 3196 3646 τοῦ
3225 3593 3467 3668 ούρανοῦ,
3516 3595 3536 3665 [
3577 3593 3618 3646 εἰ
3665 3594 3726 3662 μὴ
3767 3584 3886 3653 έἹὼδ

2343 3679 2397 3730 ἐκ
2449 3688 2540 3731 τοῦ
2590 3681 2810 3754 ούρανου
2866 3681 3112 3742 καταϐὰς.
3172 3686 3257 3734 Διὸ
3327 3688 3416 3734 καὶ
3469 3683 3647 3753 ὑψηλὰ
3695 3675 3888 3744 δόγματα

2341 3773 2566 3832 κομίζω.

2417 3863 2514 3910 Καὶ
2546 3857 2724 3930 ἑτέρως
2785 3855 2844 3911 δὲ
2888 3857 3046 3924 εἶπεν,
3092 3863 3172 3912 ὅτι
3199 3859 3257 3913 Ὀ
3313 3860 3368 3912 ἐκ
3421 3868 3514 3912 τοῦ
3585 3859 3778 3932 ούρανοῦ
3817 3866 3884 3898 κα·

2340 3945 2501 4008 ταϐάς
2564 3963 2574 3974 ’
2639 3944 2779 3998 διότι
2832 3952 2973 4022 παρά
3019 3957 3080 4021 τῇ
3159 3949 3360 4020 Παλαιᾷ
3399 3955 3576 4024 Γραφῇ
3639 3946 3754 3997 κατὰ
3793 3934 3882 3988 δια·

2340 4039 2523 4108 φόρους
2588 4036 2881 4108 οἰκονομίας
2934 4039 2958 4088 ὁ
3021 4041 3150 4100 Θεὸς
3197 4037 3487 4096 καταϐῆναι
3551 4042 3632 4090 καὶ
3678 4027 3878 4084 ἀναϐῆναι

2337 4122 2558 4193 λέγεται,
2588 4127 2651 4185 ὡς
2679 4130 2735 4176 τὸ
2769 4145 2780 4157 ·
2821 4125 3062 4188 uanae;
3093 4126 3307 4198 ὄψομαι,
3343 4127 3552 4180 εἰκατά
3580 4131 3662 4182 τὴν
3688 4130 3874 4194 κρανγην

3156 4222 3212 4268 τά
3271 4231 3286 4248 ·
3350 4216 3535 4274 Ἀνέϐη
3586 4217 3608 4267 ὁ
3651 4213 3754 4267 Θεὸς
3795 4200 3870 4251 ἀπὸ

2333 4300 2594 4374 Ἀϐρααμ,
2623 4305 2778 4361 ἡνίκα
2799 4302 3062 4356 ἐπαύσατο
3082 4305 3244 4356 λαλῶν
3264 4305 3423 4377 αύτῷ,
3457 4301 3709 4374 καὶπολλὰ
3728 4308 3865 4345 τοιαυ-

2337 4212 2500 4265 αὖτὼν
2539 4213 2900 4266 συντελούνται
2953 4233 2963 4244 ·
3020 4221 3108 4268 καὶ

2338 4409 2418 4441 τα.

2404 4479 2460 4531 Ὀ
2491 4483 2604 4542 Υἱὸς
2630 4489 2722 4534 τοῦ
2772 4480 3062 4556 ἀνθρώπου,
3118 4483 3176 4536 '0
3223 4487 3358 4536 κατά
3402 4489 3496 4544 τὴν
3559 4477 3858 4553 mamma

2256 4553 2302 4606 D
2337 4570 2495 4640 [Υἱὸς
2520 4571 2632 4642 (31)
2664 4579 2755 4624 τοῦ
2778 4553 2891 4643 (32)
2924 4578 3070 4626 Θεοῦ.
3752 4644 3765 4650 _
3799 4643 3806 4650 ,

2403 4665 2515 4731 Χρὴ
2579 4657 2636 4712 δὲ
2677 4667 2948 4730 γωνρτίίῑῖ
2997 4664 3076 4714 ὅτι
3107 4662 3355 4724 πολλάκις
3407 4666 3494 4736 μὶν
3537 4660 3618 4711 ἀπὸ
3642 4657 3714 4706 τῆς
3746 4644 3834 4743 θερο

2330 4768 2480 4808 τητος
2515 4767 2524 4777 ⁸
2552 4749 2795 4811 πολλάκις
2826 4747 2884 4802 δὲ
2915 4749 3015 4802 ἀπὸ
3043 4761 3136 4814 τῆς
3182 4744 3612 4825 ἀνθρωπὸτητος]
3651 4729 3838 4806 ὀνομαζίι

2333 4838 2533 4889 ἑαυτὸν.

2398 4927 2454 4978 Ὀ
2477 4960 2540 4967 ——
2572 4929 2790 4999 οὐρανῷ.
2823 4929 2879 4980 ’0
2928 4933 3064 4982 κατὰ
3115 4936 3208 4990 τὴν
3268 4933 3490 4989 θεότητα
3541 4932 3600 4982 ὡν
3627 4924 3664 4977 ἐν
3706 4923 3761 4984 τῷ
3789 4929 3852 4960 ον’

1807 5337 2376 5409 νδτίωιροιίοηρδ
2397 5351 2676 5409 etnotae.

729 5574 743 5640 )
785 5563 995 5640 Ἐπειδή
1033 5568 1096 5621 Α.

730 5650 742 5708 )
781 5647 887 5697 Τῆς
919 5639 1102 5689 ἑαυτου
1137 5640 1198 5690 Α.

783 5713 925 5769 Τινές
954 5713 1020 5763 Α.

780 5783 1104 5838 ΙΙιστεύσητε
1128 5781 1194 5834 Α.

627 5568 722 5640 (26

650 5642 715 5694 Q7

652 5718 678 5765 ‘2

686 5714 742 5858 ἓξ

645 5790 712 5841 29

2408 5566 2520 5634 (30)
2552 5564 2782 5621 Inclusa
2809 5563 3032 5624 absunt
3063 5568 3132 5625 A.

2407 5638 2521 5714 (βξ)
2560 5637 3048 5714 inclusaabsunt
3078 5644 3145 5693 A.
3182 5713 3185 5714 ν
3218 5709 3231 5714 _
3300 5711 3311 5714 _
3543 5713 3548 5714 γ
3635 5703 3644 5714 ο

2409 5707 2516 5780 (39.)
2547 5709 2777 5779 Corrige
2802 5707 3097 5785 ἀνθρώπου,
3130 5713 3193 5768 ut
3215 5709 3392 5768 habet
3413 5707 3732 5768 Hentenius.
