4120 6310
270 337 303 392 1
318 336 436 394 169

1327 334 1696 392 COMMENT.
1740 335 1810 390 ΙΝ
1843 334 2192 392 JOANNEM.
2234 368 2302 380 —
2341 338 2498 394 CAP.
2540 342 2631 395 ΙΙΙ.

3529 336 3671 394 1170

276 472 463 536 ρανῷ,
532 464 698 514 εἰτουν
761 462 785 512 6
847 461 1104 536 οὐράνιος.
1174 460 1312 536 ’Ὁρα
1368 458 1425 513 δὲ
1496 469 1624 528 πῶς,
1695 462 1738 514 εἰ
1814 465 1902 514 καὶ

2015 462 2164 519 ccelo
2194 467 2298 528 est,
2325 463 2453 519 sive
2484 463 2758 519 caelestis.
2785 464 2929 520 Vide
2954 463 3520 537 autem,quomodo,
3547 465 3658 520 etsi

278 552 494 624 ὑψηλοὶ
554 548 802 603 δοκοῦσιν
848 554 897 603 οἱ
942 550 1108 622 λόγοι,
1167 549 1293 602 ἀλλά
1346 556 1434 603 καὶ
1488 555 1650 613 οὕτως
1702 550 1905 614 ἀνάξιοι

280 643 403 694 εἰσι
428 650 521 703 τῆς
575 640 940 713 μεγαλωσύνης
983 640 1160 694 αὑτοῦ.
1219 645 1319 693 Καὶ
1370 639 1417 691 ἐν
1466 648 1537 710 τῷ
1570 641 1769 713 οὐρανῷ
1803 644 1902 712 γὰρ

280 732 389 796 ὢν,
438 730 529 783 ούκ
589 729 967 801 ἀπελιμπάνετο
1010 738 1105 791 τῆς
1147 739 1266 800 γῆς·
1318 734 1408 781 καὶ
1453 729 1508 781 ἐκ
1546 738 1637 783 τοῦ
1683 731 1903 803 ούρανοῦ

279 819 553 884 καταϐὰς,
602 820 696 870 ούκ
735 818 992 890 ἀφίστατο
1030 826 1122 871 τοῦ
1163 819 1401 892 ούρανοῦ,
1447 819 1574 871 ἀλλά
1628 828 1904 892 πανταχοῦ

283 906 383 967 ἧν.
433 910 850 983 Ἀπερίγραπτος
905 910 1004 983 γὰρ
1054 910 1083 965 ἡ
1160 910 1350 968 θεότης.
1403 907 1579 980 Ὀμως
1629 913 1905 981 φθέγγεται

282 1007 540 1063 τοιαῦτα,
618 994 913 1069 φειδόμενος
978 1006 1069 1057 τῆς
1129 996 1393 1058 ἀσθενείας
1463 1005 1553 1049 τοῦ
1624 997 1900 1072 ἀκροατοῦ,

280 1094 389 1140 καὶ
455 1090 591 1139 κατά
665 1090 851 1160 μικρὸν
919 1085 1123 1158 ἀνάγειν
1191 1085 1501 1158 βουλόμενος
1572 1092 1662 1144 την
1745 1087 1904 1140 αὐτοῦ

285 1172 555 1230 διάνοιαν.

371 1271 471 1318 Καὶ
520 1296 584 1307 -—
640 1268 863 1316 αἰώνιον.
920 1270 1087 1317 Εἰπὼν
1140 1269 1234 1323 τὴν
1291 1269 1545 1337 μεγίστην
1586 1265 1654 1325 εἰς
1708 1264 1903 1339 ἀνθρώ-

1826 1354 1901 1407 λέο

278 1463 375 1516 γει
429 1444 540 1515 (33)
593 1448 681 1495 καὶ
751 1443 923 1518 ἑτέραν
994 1443 1084 1495 οὐκ
1160 1442 1421 1507 ἐλάττονα,
1485 1449 1578 1502 τὴν
1641 1441 1736 1496 διὰ
1810 1452 1901 1496 τοῦ

282 1374 427 1415 πους
498 1354 815 1426 εὐεργεσίαν,
879 1358 972 1411 τὴν
1044 1351 1139 1405 διὰ
1205 1361 1296 1406 τοῦ
1356 1353 1749 1427 βαπτίσματος,

286 1539 548 1605 σταυροῦ.
599 1534 705 1594 Τὰς
780 1530 878 1584 δύο
940 1535 1041 1606 γὰρ
1114 1537 1203 1585 καὶ
1267 1532 1469 1594 Παῦλος
1532 1534 1661 1605 ὁμοῦ
1712 1535 1903 1586 τέθεικε

280 1624 503 1696 γράφων
584 1623 894 1693 Κορινθίοίς·
961 1626 1046 1679 Μὴ
1130 1621 1328 1683 Παῦλος
1395 1621 1698 1694 ἐσταυρώθη
1774 1624 1899 1695 ύπέρ

284 1712 459 1782 ὑμῶν,
512 1712 541 1768 ἡ
606 1710 672 1770 εἰς
738 1713 796 1762 τὸ
866 1714 1027 1782 ὄνομα
1102 1710 1306 1763 Παύλου
1363 1710 1758 1783 ἐϐαπτίσθητε;
1826 1714 1904 1764 Τά

289 1796 397 1851 δύο
434 1801 534 1871 γάρ
589 1806 755 1850 ταῦτα
802 1803 889 1856 τὴν
938 1801 1128 1871 ἄφατον
1183 1799 1343 1851 αὐτοῦ
1388 1796 1715 1853 δεικνύουσιν
1777 1799 1901 1872 ἀγά-
1930 1816 1969 1869 Β

285 1909 421 1954 πην,
480 1891 555 1940 ὅτι
605 1894 693 1939 καὶ
741 1886 1077 1958 ἀναγέννησιν
1124 1886 1433 1959 ἐχαρίσατο,
1494 1890 1576 1940 ἵνα
1636 1891 1896 1962 καθαρίσῃ

286 1981 437 2051 ἡμᾶς
480 1977 580 2029 ἀπὸ
634 1986 733 2029 τῶν
771 1977 1035 2050 αμαρτιῶν
1085 1980 1252 2051 ἡμῶν,
1296 1985 1385 2030 καὶ
1436 1978 1760 2054 ἐσταυρώθη,
1820 1981 1902 2032 ἵνα

289 2073 537 2139 ζήσωμεν
585 2068 822 2129 αἰωνίως.
868 2073 1203 2141 Προεσήμανε
1244 2072 1333 2140 μεν
1379 2065 1469 2120 οὖν
1528 2074 1617 2127 τὴν
1667 2090 1901 2142 σταυρω-

290 2177 381 2209 σιν
413 2157 594 2220 αὐτοῦ,
626 2153 830 2218 δεικνὺς
857 2160 935 2208 ὅτι
966 2163 1312 2229 προγινωσκει
1341 2160 1556 2227 ταύτην,
1588 2163 1680 2210 καὶ
1722 2158 1898 2211 λοίπόν

290 2246 549 2306 ἑκουσίως
580 2244 661 2296 ἐπὶ
713 2248 907 2303 ταύτην
954 2249 1168 2320 ἔρχεται
1211 2242 1301 2297 δια
1353 2251 1445 2304 τὴν
1502 2252 1765 2320 σωτηρίαν
1800 2256 1898 2299 τῶν

290 2335 599 2407 ἀνθρώπων.
631 2335 737 2386 Ούκ
791 2335 844 2397 ἐξ
889 2334 1089 2397 εὖθείας
1135 2332 1192 2387 δὲ
1238 2341 1355 2409 περὶ
1388 2336 1551 2398 αὐτῆς
1589 2335 1743 2403 εἶπεν,
1774 2336 1901 2389 ἀλλά

290 2428 384 2477 τόν
431 2427 573 2497 παρά
614 2428 875 2485 Μωυσέως
920 2424 1190 2495 ύῲωθέντα
1221 2429 1332 2496 ὅφιν
1364 2424 1510 2477 ἔλαϐε
1539 2423 1895 2498 παραδειγμα,

294 2509 573 2565 διδάσκων
599 2514 679 2565 ὅτι
703 2523 919 2585 συγγενῆ
949 2516 1016 2566 τά
1038 2513 1239 2566 παλαιά
1259 2522 1368 2576 τοῖς
1392 2522 1602 2584 καινοῖς,
1636 2520 1725 2567 καὶ
1748 2518 1898 2567 τύποι

296 2605 491 2656 τούτων
517 2601 703 2660 ἐκεῖνα.

368 2691 524 2743 Ἔστι
556 2688 614 2743 δε
644 2694 672 2750 ἡ
705 2693 841 2743 κατὰ
867 2694 954 2743 τόν
980 2694 1093 2763 ὄφιν
1134 2693 1343 2763 ἱστορία
1366 2693 1580 2749 τοιαύτη
1605 2709 1704 2751 τις*
1738 2692 1815 2744 Ἐν
1832 2699 1894 2763 τῇ

298 2782 469 2853 ἐρήμῳ
526 2780 688 2832 πάλαι
760 2776 1030 2840 δάκνοντες
1096 2782 1144 2830 οἱ
1196 2781 1334 2851 ὄφεις
1394 2783 1513 2841 τούς
1570 2779 1898 2851 Ἰσραηλίτας

299 2869 539 2943 ἀνῄρουν.
588 2868 880 2921 Ἐκέλευσεν
934 2866 1020 2920 οὖν
1079 2869 1104 2919 6
1163 2871 1292 2930 Θεὸς
1346 2876 1419 2939 τῷ
1470 2875 1681 2920 Μωυσεῖ
1739 2888 1897 2921 κατα-

300 2960 555 3009 σκεύασαι
581 2956 813 3029 χαλκοῦν
835 2960 965 3028 ὅφιν,
1000 2961 1089 3008 καὶ
1122 2956 1335 3027 ὑψῶσαι
1362 2965 1541 3009 τοῦτον
1588 2956 1673 3009 ἐπὶ
1720 2957 1891 3024 ξύλου,

298 3051 387 3097 καὶ
425 3048 543 3106 τούς
598 3042 949 3117 δεδογμένους
1004 3044 1251 3106 ἀτενίζειν
1292 3046 1358 3106 εἰς
1390 3046 1563 3112 αὐτόν,
1597 3051 1685 3099 καὶ
1732 3047 1897 3109 οὕτως

299 3136 346 3186 οἱ
375 3130 658 3205 δηχθέντες
705 3134 853 3194 ἔζων.
892 3139 991 3187 Καὶ
1043 3131 1102 3193 ἦν
1155 3137 1314 3197 τύπος
1345 3137 1370 3187 6
1401 3135 1634 3207 χαλκοῦς
1664 3156 1775 3208 οφις
1804 3144 1896 3189 τοῦ
1927 3173 1967 3227 C

301 3222 516 3299 στερρού
573 3228 661 3275 καὶ
717 3221 992 3276 ἀνενδότου
1060 3228 1185 3298 πρὸς
1230 3230 1415 3277 κακίαν
1494 3231 1735 3297 σώματος
1802 3234 1894 3278 τοῦ

300 3314 553 3387 Χριστοῦο
594 3315 617 3364 6
654 3318 819 3386 χωρὶς
866 3313 964 3379 ἰού,
999 3322 1091 3365 τοῦ
1136 3318 1298 3387 χωρὶς
1345 3314 1423 3367 ἰοῦ
1473 3324 1564 3375 τῆς
1617 3314 1891 3390 ἁμαρτίας·

298 3406 322 3455 6
358 3404 579 3474 ὑψωθεὶς
624 3402 707 3454 ἐπὶ
767 3403 939 3469 ξύλου,
988 3410 1081 3455 τοῦ
1128 3404 1418 3474 ύψωθέντος
1466 3403 1550 3457 ἐπὶ
1604 3404 1755 3466 ξύλου
1804 3412 1894 3457 τοῦ

301 3500 547 3565 σταυρού’
594 3493 618 3543 6
664 3496 911 3563 παρέχων
948 3493 1086 3553 ζωὴν
1116 3500 1223 3553 τοῖς
1265 3490 1609 3566 δεδηγμένοις
1648 3495 1747 3546 ύπὸ
1796 3502 1895 3545 τῶν

298 3587 453 3653 ὄφεων
485 3586 574 3633 καὶ
606 3579 930 3638 ἀτενίζουσιν
963 3582 1047 3652 εἰς,
1076 3582 1229 3633 αύτὸν
1271 3591 1364 3635 τοῦ
1392 3588 1716 3657 παρέχοντος
1757 3584 1895 3644 ζωὴν

298 3671 503 3722 αἰώνιον
559 3678 667 3732 τοῖς
718 3666 1059 3742 δεδηγμένοις
1103 3672 1202 3723 ύπό
1244 3680 1342 3724 τῶν
1372 3681 1565 3732 νοητῶν
1597 3677 1754 3745 ὄφεων
1804 3678 1896 3725 καὶ

299 3758 626 3820 ἀτενίζουσιν
668 3758 735 3820 εἰς
764 3759 919 3811 αὐτόν
948 3759 995 3811 ἐν
1024 3763 1221 3815 πίστει.

369 3851 464 3900 Διά
514 3855 667 3900 τοῦτο
718 3853 893 3901 τοίνυν
939 3850 1333 3922 ὁμοιωματικῶς
1397 3849 1531 3902 εἶπεν
1579 3852 1659 3902 ὅτι
1713 3853 1897 3914 Καθὼς

297 3937 739 4006 Μωυσῆςύψωσε
787 3942 874 3990 τόν
924 3942 1057 4010 ὄφιν,
1120 3943 1209 3991 καὶ
1262 3942 1328 3991 τά
1384 3939 1518 4002 ἑξῆς.
1568 3936 1697 3993 Εἶτα
1730 3959 1896 4015 προσ-

299 4028 450 4084 έθηκε
488 4031 577 4078 καὶ
604 4031 695 4085 τὴν
744 4027 914 4079 αἰτίαν
954 4036 1049 4089 τῆς
1096 4032 1341 4088 τοιαύτης
1385 4028 1655 4099 ύψώσεωςι
1696 4028 1895 4102 ’.Ωσπερ

296 4118 397 4189 γὰρ
447 4113 635 4176 ἐκεῖνος
695 4115 874 4187 ὕψωσε
928 4120 1015 4169 τὸν
1069 4120 1179 4188 ὅφιν
1231 4118 1312 4169 ἵνα
1357 4120 1405 4169 οἱ
1464 4117 1779 4181 ἀτενίζοντες
1831 4118 1899 4179 εἰς

299 4204 451 4257 αὐτὸν
490 4208 661 4275 ἔχωσι
690 4207 805 4277 (34)
853 4206 1013 4266 ξωήνο
1046 4206 1181 4259 ούτω
1220 4211 1308 4259 καὶ
1362 4207 1509 4268 οὗτος
1570 4207 1755 4278 ύψωθη
1817 4207 1901 4260 ἶνα

298 4293 347 4345 οἰ
386 4292 702 4354 ἀτενίζοντες
732 4293 800 4354 εἰς
824 4294 1000 4359 αὑτὸν,
1049 4299 1206 4365 ἤγουν
1243 4298 1291 4348 οὶ
1332 4298 1677 4365 πιστεύοντες,
1730 4299 1900 4367 ἔχωσι

299 4383 437 4443 ζωὴν
490 4382 714 4435 αἰώνιον.
767 4383 902 4436 Ἀλλ’
970 4388 1085 4455 ὄφις
1130 4386 1220 4457 μεν
1297 4383 1401 4437 ἐκεῖ
1470 4381 1563 4437 διὰ
1616 4388 1733 4445 τούς
1806 4381 1900 4438 δά-

1323 4472 1545 4526 ἐνταῡθα
1616 4470 1707 4526 διά
1773 4476 1865 4525 τού
1877 4494 1898 4535 ς

299 4558 641 4633 δακνομένους
676 4562 994 4633 ἀνθρώπους.
1032 4567 1131 4614 Καὶ
1183 4561 1287 4613 ἐκεῖ
1338 4565 1447 4633 μὲν,
1482 4561 1589 4615 ἐπεὶ
1635 4558 1708 4614 δι’
1746 4562 1898 4634 όφεως

296 4491 507 4533 κνοντας
591 4475 748 4544 ὄφεις,
816 4473 1087 4547 ἄνθρωπος
1185 4470 1244 4525 δέ

298 4652 326 4709 ἡ
385 4648 579 4723 βλάϐη,
615 4646 688 4701 δι’
742 4654 901 4721 ὄφεως
930 4656 1018 4703 καὶ
1068 4652 1097 4708 ἡ
1148 4653 1410 4722 θεραπείαν
1446 4650 1667 4704 ἐνταῦθα
1694 4648 1753 4704 δε
1791 4650 1899 4704 ἐπεὶ

300 4736 370 4792 δι’
400 4740 673 4812 ἀνθρώπου
718 4741 742 4790 ὁ
785 4741 1001 4801 θάνατος
1051 4738 1283 4797 εἰσῆλθεν
1338 4740 1409 4801 εἰς
1450 4743 1534 4792 τὸν
1572 4746 1790 4813 κόσμον,
1824 4738 1897 4793 ὸι’

299 4827 570 4899 ἀνθρώπου
593 4829 727 4886 καὶὴ
757 4828 863 4888 ζωὴ
899 4832 1219 4902 παρεγένετο
1252 4836 1433 4902 νεκροῦ
1457 4825 1535 4897 δὲ,
1561 4830 1642 4882 ἶνα
1670 4831 1895 4903 νεκρωθῇ

299 4918 355 4966 τό
377 4924 606 4988 νεκροῦν.

368 5004 537 5057 Εἰπὼν
606 5001 686 5069 δὲ,

464 5092 743 5163 ἀπόληται,

755 5007 835 5059 ὃτι
884 5004 996 5059 Ἵνα
1071 5013 1169 5067 πᾶς
1217 5008 1243 5059 6
1303 5011 1558 5061 πιστεύων
1617 5009 1685 5069 εἰς
1742 5007 1898 5061 αὐτὸν

822 5091 929 5146 ἀλλ’
1022 5098 1120 5170 ἔχῃ
1238 5096 1345 5169 (35)
1446 5098 1585 5158 ζωὴν
1673 5097 1895 5152 αἰώνιον·

298 5097 367 5166 μὴ

371 5273 413 5307 ⁵¹
459 5272 700 5338 ICor.i,
741 5277 823 5329 l3.
936 5275 1322 5331 ⁵³Νιιω.κχι.
1354 5279 1406 5345 8,
1440 5280 1491 5333 9.

2016 552 2293 608 sublimia
2324 553 2632 609 videantur
2646 553 2843 622 verba,
2867 569 2991 609 non
3012 558 3205 609 tamen
3220 553 3518 624 majestati
3542 569 3668 609 sure

2013 641 2344 697 conformia
2357 646 2510 699 sunt.
2528 644 2675 698 Nam
2698 646 2903 698 etcum
2920 642 2982 698 in
3003 643 3153 699 coelo
3175 648 3279 707 est,
3301 646 3519 697 terram
3534 656 3661 698 non

2012 729 2323 803 relinquit;
2349 735 2404 786 et
2423 732 2496 786 de
2524 731 2673 787 coelo
2696 731 3087 800 descendens,
3111 747 3232 787 non
3252 731 3421 787 abest
3440 732 3665 794 acoelo,

2014 820 2119 875 sed
2165 819 2381 891 ubique
2426 824 2529 889 est,
2577 836 2715 876 cum
2767 820 3046 876 divinitas
3092 820 3502 875 circumscribi
3544 835 3670 876 non

2013 909 2220 980 possit.
2248 908 2409 964 Talia
2436 909 2932 979 tamenloquitur,
2966 925 3213 981 parcens
3232 908 3516 965 auditoris
3552 909 3668 964 im-

2013 998 2397 1068 becillitati,et
2409 997 2699 1070 paulatim
2716 998 2901 1070 ipsius
2917 1004 3176 1056 mentem
3193 997 3421 1056 elevare
3438 998 3665 1056 volens.

2085 1268 2237 1322 Vers.
2271 1270 2359 1323 14.
2389 1268 2464 1321 Et
2498 1298 2566 1308 —
2607 1265 2769 1322 Vers.
2810 1267 2899 1322 15.
2938 1272 3240 1323 aeternam.
3285 1268 3431 1323 Cum
3477 1267 3664 1324 maxi-

2014 1371 2181 1409 mum
2211 1355 2506 1411 retulisset
2534 1354 2915 1425 beneﬁcium,
2949 1356 3116 1427 quod
3152 1354 3521 1423 hominibus,
3558 1372 3670 1428 per

2010 1442 2377 1514 baptismum
2409 1444 2729 1508 confertur,
2760 1448 3041 1499 narratet
3086 1444 3248 1499 aliud
3287 1460 3407 1500 non
3442 1445 3667 1516 minus,

2009 1533 2176 1603 quod
2206 1548 2311 1604 per
2336 1549 2573 1588 crucem
2599 1532 2788 1589 datur.
2822 1534 2971 1603 Quae
3013 1533 3135 1589 duo
3167 1533 3385 1589 Paulus
3414 1550 3661 1606 quoque

2013 1620 2188 1675 simul
2210 1622 2403 1693 posuit
2430 1622 2698 1677 scribens
2721 1622 2798 1676 ad
2816 1622 3164 1677 Corinthios.
3192 1623 3353 1678 Num
3374 1638 3481 1691 pro
3502 1624 3663 1679 vobis

2011 1712 2333 1778 cruciﬁxus
2359 1716 2436 1766 est
2465 1712 2712 1774 Paulus,
2728 1717 2832 1767 aut
2851 1711 2913 1766 in
2928 1711 3151 1767 nomine
3176 1712 3359 1767 Pauli
3383 1712 3669 1781 baptismi

2012 1801 2140 1855 estis
2172 1798 2249 1853 ‘1?
2276 1800 2423 1857 Nam
2451 1800 2578 1856 haec
2609 1800 2731 1855 duo
2762 1798 3127 1855 ineffabilem
3171 1800 3301 1870 ejus
3338 1801 3667 1857 ostendunt

2013 1888 2411 1955 dilectionem,
2439 1890 2603 1961 quod
2626 1893 2683 1944 et
2711 1889 3221 1959 regenerationem
3260 1889 3580 1945 contribuit
3601 1893 3669 1945 ut

2011 1977 2326 2033 mundaret
2352 1993 2460 2033 nos
2490 1994 2526 2033 a
2546 1979 2803 2049 peccatis
2827 1977 3066 2043 nostris,
3087 1978 3477 2033 etcruciﬁxus
3492 1982 3583 2034 est
3602 1982 3669 2033 ut

2008 2065 2063 2120 in
2105 2071 2395 2121 aeternum
2436 2066 2731 2121 vivamus.
2767 2065 2962 2121 Innuit
2982 2064 3186 2138 itaque
3217 2066 3665 2123 cruciﬁxionem

2009 2168 2201 2223 suam,
2232 2154 2554 2209 ostendens
2604 2152 2765 2225 quod
2809 2169 2943 2209 eam
2982 2154 3472 2226 praecognoverit,
3506 2159 3561 2210 et
3593 2170 3669 2210 ex

2008 2243 2393 2314 consequenti
2428 2242 2761 2299 voluntarie
2794 2242 2871 2297 ad
2910 2258 3045 2298 eam
3085 2248 3326 2315 propter
3356 2243 3668 2300 hominum

2008 2331 2261 2387 salutem
2289 2331 2552 2387 accedat.
2586 2335 2712 2387 Non
2742 2335 2941 2387 tamen
2958 2330 3033 2386 de
3071 2346 3143 2387 ea
3179 2331 3397 2387 directe
3430 2332 3668 2389 locutus

2008 2425 2094 2475 est
2109 2421 2230 2487 sed,
2246 2420 2484 2476 exaltati
2507 2436 2541 2474 a
2557 2419 2715 2475 Mose
2730 2420 3018 2491 serpentis
3033 2420 3289 2491 sumpsit
3301 2421 3664 2492 exemplum,

2007 2509 2229 2564 docens
2258 2508 2424 2579 quod
2452 2512 2654 2563 vetera
2680 2507 2856 2562 novis
2880 2511 3135 2577 cognata
3165 2507 3300 2577 sint,
3333 2524 3667 2582 eorumque

2005 2598 2236 2666 ﬁgurae.

2078 2689 2174 2742 Est
2193 2689 2392 2742 autem
2410 2684 2493 2739 ‘de
2523 2688 2796 2755 serpente
2844 2683 3096 2741 historia
3125 2686 3259 2742 talis
3306 2706 3320 2746 :
3355 2687 3420 2741 In
3461 2702 3664 2745 eremo

2006 2775 2147 2832 olim
2164 2777 2464 2846 serpentes
2478 2772 2997 2830 morsunecabant
3014 2774 3665 2848 lsraelitas.Jussitergo

2008 2868 2161 2921 Deus
2189 2864 2417 2931 Mosi,ut
2467 2862 2691 2919 factum
2741 2869 3076 2935 serpentem
3108 2879 3342 2920 aeneum
3386 2864 3666 2923 exaltaret

2006 2955 2067 3011 in
2087 2954 2271 3024 ligno;
2298 2953 2371 3009 ad
2396 2969 2577 3025 quem
2600 2952 2995 3021 intenderent,
3030 2953 3134 3025 qui
3162 2954 3331 3009 morsi
3384 2959 3554 3010 erant
3591 2970 3664 3013 ac

2006 3048 2362 3100 sanarentur
2390 3044 2460 3109 ⁵³,
2498 3045 2727 3115 Eraque
2755 3057 2997 3114 serpens
3025 3058 3224 3098 aeneus
3255 3041 3442 3099 durus
3472 3043 3665 3113 ﬁgura

2007 3133 2271 3206 corporis
2289 3131 2519 3200 Christi,
2546 3130 2681 3187 duri
2727 3147 2798 3187 ac
2846 3132 3030 3188 severi
3078 3135 3285 3188 contra
3318 3136 3660 3204 peccatum:

2009 3225 2105 3280 ille
2135 3222 2627 3294 absqueveneno,
2650 3225 2707 3276 et
2736 3221 2827 3276 hic
2850 3221 2978 3276 sine
3008 3235 3242 3278 veneno
3269 3221 3499 3293 peccati
3533 3221 3663 3279 :ille

2009 3313 2068 3367 in
2091 3311 2252 3381 ligno
2278 3310 2562 3375 elevatus,
2598 3315 2654 3365 et
2684 3309 2779 3365 hic
2805 3309 2864 3364 in
2896 3309 3059 3378 ligno
3098 3308 3293 3364 crucis
3323 3308 3619 3366 exaltatus
3647 3326 3663 3377 ;

2008 3401 2103 3457 ille
2132 3399 2347 3455 morsis
2381 3416 2416 3456 a
2441 3404 2711 3469 serpente
2742 3404 2798 3454 et
2824 3399 2883 3453 in
2917 3414 2979 3453 se
3003 3397 3449 3454 intendentibus
3474 3397 3663 3455 vitam

2010 3490 2302 3563 praebens,
2318 3488 2412 3543 hic
2428 3487 2640 3543 morsis
2654 3503 2688 3542 a
2702 3486 3075 3559 serpentibus
3090 3486 3465 3559 spritualibus
3479 3487 3663 3544 vitam

2008 3580 2276 3636 tribuens
2301 3576 2750 3648 sempiternam,
2771 3575 2823 3631 si
2854 3575 2969 3631 ﬁde
3008 3575 3068 3631 in
3101 3575 3301 3648 ipsum
3333 3576 3662 3633 intendant.

2080 3846 2324 3917 Propter
2343 3846 2458 3902 hoc
2484 3860 2625 3914 ergo
2657 3859 2760 3916 per
2782 3842 3234 3900 similitudinem
3265 3843 3411 3900 dixit
3442 3860 3458 3900 ε
3488 3844 3665 3902 Sicut

2006 3936 2184 3994 Moses
2198 3935 2481 3992 exultavit
2498 3938 2841 4003 serpentem,
2857 3939 3158 3991 etceetera.
3175 3933 3395 3989 Deinde
3407 3949 3662 3991 causam

2009 4025 2177 4080 addit
2225 4023 2356 4079 talis
2411 4022 2803 4079 exaltationis.
2851 4021 3011 4077 Sicut
3057 4022 3214 4077 enim
3271 4020 3519 4078 elevavit
3572 4022 3665 4079 ille

2010 4118 2344 4186 serpentem
2374 4113 2512 4168 utin
2539 4128 2678 4167 eum
2718 4111 3089 4168 intendentes
3127 4110 3312 4167 vitam
3350 4110 3662 4179 haberent,

2008 4204 2090 4259 ita
2120 4208 2175 4258 et
2193 4203 2289 4258 hic
2320 4201 2612 4258 exaltatus
2651 4204 2737 4256 est
2775 4204 2838 4256 ut
2869 4200 2928 4255 in
2959 4216 3097 4256 eum
3128 4199 3499 4255 intendentes
3538 4199 3664 4256 sive

2009 4292 2336 4356 credentes,
2352 4291 2537 4347 vitam
2550 4289 2814 4346 habeant
2827 4290 3271 4360 sempiternam.
3294 4289 3408 4345 Sed
3421 4288 3502 4345 ibi
3519 4304 3664 4345 sane

2011 4397 2258 4453 serpens
2307 4385 2536 4453 propter
2581 4383 2883 4451 serpentes
2924 4378 3281 4442 mordentes,
3324 4378 3420 4433 hic
3460 4381 3664 4434 autem

2008 4473 2192 4528 homo
2222 4476 2462 4542 propter
2488 4469 2765 4524 homines
2813 4483 3068 4523 morsos.
3106 4467 3189 4522 Ibi
3236 4466 3379 4538 quia
3422 4471 3666 4538 propter

2007 4566 2310 4633 serpentes
2334 4563 2685 4632 provenerat
2704 4561 3154 4625 nocumentum,
3187 4572 3294 4628 per
3324 4563 3665 4627 serpentem

2008 4657 2134 4707 erat
2172 4656 2228 4706 et
2282 4665 2425 4705 cura
2472 4665 2485 4703 :
2538 4647 2630 4702 hic
2674 4661 2833 4709 vero,
2878 4644 3161 4716 quoniam
3208 4659 3313 4716 per
3356 4644 3661 4701 hominem

2007 4739 2244 4797 intravit
2274 4755 2435 4793 mors
2464 4738 2523 4792 in
2551 4735 2870 4800 mundum,
2903 4734 3076 4788 datur
3095 4737 3152 4789 et
3179 4732 3303 4788 vita
3336 4748 3442 4804 per
3476 4734 3666 4789 homi-

2008 4847 2139 4887 nem
2171 4846 2185 4885 :
2211 4843 2464 4899 eumque
2495 4830 2822 4891 mortuum,
2854 4826 2915 4878 ut
2940 4823 2989 4877 is
3019 4822 3121 4894 qui
3145 4825 3400 4879 mortem
3419 4821 3667 4879 induxe-

2009 4923 2120 4983 rat,
2149 4921 2497 4972 moreretur.

2082 5007 2286 5063 Dicens
2311 5010 2510 5060 autem
2535 5023 2547 5063 :
2574 5003 2645 5060 Ut
2665 5002 2855 5058 omnis
2878 5000 2982 5073 qui
3001 5000 3187 5057 credit
3202 5000 3266 5056 in
3279 5015 3411 5057 eum
3437 5016 3556 5056 non
3569 5015 3666 5071 pe-

2007 5101 2156 5162 reat,
2188 5094 2291 5152 sed
2315 5093 2515 5150 habeat
2538 5092 2712 5149 vitam
2753 5095 3053 5160 wternam,
3097 5088 3344 5145 omnino
3384 5104 3446 5145 se
3473 5087 3666 5146 Deum

1523 5481 1748 5550 Variae
1775 5481 2106 5549 lectiones
2134 5489 2200 5548 et
2230 5488 2431 5546 notae.

369 5673 482 5745 (33)
514 5673 589 5725 Οὔ
610 5678 708 5753 ,καὶ
747 5675 988 5753 ἐλάττονα
1036 5676 1208 5753 ἑτέραν
1242 5677 1368 5753 (hic
1395 5683 1481 5753 est
1514 5678 1772 5751 spatium
1802 5694 1903 5735 va-

302 5760 480 5802 cuum
521 5746 790 5823 quinque
820 5746 1173 5824 litterarum)
1206 5746 1298 5813 τὴν
1338 5746 1429 5807 διά
1454 5756 1512 5805 Α.

2091 5676 2205 5746 (34)
2246 5674 2475 5747 Ἔχουσι
2514 5676 2582 5731 Α.

2092 5747 2205 5823 (35)
2250 5746 2401 5822 Ἔχει
2433 5753 2496 5807 Α.
