4120 6310
540 309 670 366 1171

533 539 700 580 nam.
718 522 960 578 Moritur
973 521 1269 594 siquidem
1283 525 1576 592 tanquam
1593 520 1796 588 homo,
1824 523 2066 591 praestat
2082 534 2192 573 au-

536 617 655 668 tem
683 613 869 667 vitam
891 616 1175 666 aeternam
1189 615 1475 681 tanquam
1499 612 1649 664 Deus
1678 627 1692 664 :
1721 615 1779 664 et
1803 609 1907 680 qui
1934 607 2186 663 aliorum

535 701 803 774 prohibet
817 699 1253 772 perditionem,i
1262 715 1369 770 pse
1383 714 1759 770 nequaquam
1776 697 1958 769 perire
1975 701 2186 769 potest.

537 791 692 846 Crux
722 804 862 859 ergo
891 789 1026 844 vitae
1058 793 1291 844 aeterna:
1319 787 1452 842 fons
1483 793 1588 842 est.
1616 787 1799 851 Unde,
1826 787 1990 858 quod
2027 785 2187 854 cogi-

535 879 676 936 tatio
692 894 812 934 non
829 877 997 934 facile
1010 877 1237 949 recipit,
1257 877 1404 930 fides
1419 877 1531 931 reci
1543 875 1642 946 pit,
1663 892 1796 948 quae
1811 874 2187 945 cogitationis

533 967 921 1026 imbecillitati
950 982 1168 1024 nervos
1200 965 1379 1022 addit.
1427 966 1587 1020 Patet
1614 980 1756 1034 ergo
1787 964 1925 1020 fidei
1949 963 2185 1019 utilitas.

605 1149 771 1203 Vers.
809 1152 894 1202 16.
928 1147 1027 1202 Sic
1075 1175 1142 1187 —
1191 1151 1495 1202 aeternam.
1547 1175 1602 1186 —
1654 1144 1810 1199 Deus
1859 1143 1942 1199 sic
1990 1143 2192 1198 dilexit

533 1237 856 1301 mundum,
888 1237 1012 1291 sive
1036 1236 1183 1290 adeo
1211 1233 1477 1288 homines
1495 1237 1675 1298 amat,
1700 1237 1761 1288 ut
1802 1248 1909 1305 pro
1939 1231 2192 1288 homini-

533 1327 650 1382 bus
684 1326 890 1380 Filium
921 1341 1096 1378 suum
1129 1323 1483 1378 dilectumin
1519 1322 2104 1390 mortemtradiderit,
2128 1325 2192 1376 ut

535 1416 732 1472 omnis
749 1416 852 1487 qui
873 1414 1058 1470 credit
1075 1414 1131 1468 in
1159 1429 1318 1477 eum,
1339 1412 1498 1468 vivat
1516 1412 1852 1484 perenniter
1878 1412 1998 1466 vita
2014 1411 2193 1466 beata

535 1519 671 1576 quas
693 1503 913 1559 sanctis
934 1503 1224 1572 congruit.
1244 1500 1510 1557 Ostendit
1527 1515 1691 1569 ergo,
1719 1499 1882 1572 quod
1901 1501 1973 1555 de
1993 1504 2191 1554 mente

537 1609 648 1649 sua
678 1593 829 1648 sicut
857 1597 912 1647 et
938 1592 1119 1647 Patris
1147 1591 1318 1646 fuerit
1347 1589 1648 1645 cruciﬁxio
1685 1611 1696 1642 :
1732 1605 1857 1645 una
1895 1589 2190 1661 siquidem

536 1681 874 1754 eademque
913 1681 1186 1737 voluntas
1212 1686 1298 1736 est
1329 1680 1527 1739 Patris
1559 1684 1616 1735 et
1663 1678 1790 1733 Filii
1822 1695 1891 1734 ac
1943 1679 2192 1749 Spiritus

1853 299 2199 358 EUTHYMII
2236 299 2567 356 ZIGABENI

536 450 668 490 esse
697 432 976 495 ostendit,
1007 432 1180 503 cujus
1208 446 1364 487 mors
1386 434 1627 503 praestat
1650 430 1779 486 aliis
1806 429 1993 485 vitam
2019 435 2186 484 aeter-

2303 424 2526 497 ἐνέφηνεν
2591 428 2671 478 ὅτι
2726 425 2788 478 οὗ
2848 428 2874 479 ὁ
2935 428 3154 488 θάνατος
3201 427 3388 499 ἕτεροις
3456 431 3714 499 παρέχει

3805 300 3946 356 1172

3807 430 3946 489 ζωήν

2302 515 2526 581 αἰώνιον,
2580 521 2710 578 Θεός
2774 515 2887 568 ἐστι
2935 518 3160 578 πάντως*
3220 518 3384 569 θανὼν
3432 521 3518 588 μέν
3587 519 3673 578 ὡς
3735 518 3941 588 ἀνθρω-

2298 625 2408 665 πος,
2447 611 2695 677 παρέχων
2727 604 2786 659 δι
2827 607 2965 666 ζωὴν
3006 608 3210 659 αἰώνιον
3261 609 3329 666 ὡς
3383 612 3528 668 Θεός·
3598 611 3708 657 καὶ
3767 608 3795 658 ὁ
3843 626 3944 656 κω-

2299 693 2431 745 λύων
2464 699 2550 752 τὴν
2575 696 2756 770 ἐτέρων
2787 694 3041 748 ἀπώλειαν
3062 695 3155 748 ούκ
3187 697 3247 747 οἷν
3279 714 3406 748 ποτε
3435 695 3604 756 αὐτὸς
3651 695 3942 748 ἀπολεῖται

2297 781 2356 834 Ὀ
2424 788 2644 857 σταυρὸς
2715 781 2803 837 οὖν
2865 790 3010 856 πηγὴ
3073 789 3208 848 ζωὴς
3275 785 3506 852 αἰωνίου,
3575 787 3607 837 ὃ
3677 786 3945 856 λογισμὸς

2300 877 2390 943 μὲν
2417 870 2619 948 ῥᾳδίως
2656 875 2716 926 οὐ
2746 871 3125 949 παραδέχεται,
3174 879 3354 936 πίστις
3401 871 3460 927 δι
3507 871 3938 948 παραδέχεται.

2297 971 2554 1036 νευροῦσα
2603 971 2696 1015 τοῦ
2747 963 3004 1036 λογισμοῦ
3058 968 3153 1022 τὴν
3185 961 3468 1019 ἀσθένειαν.
3520 971 3721 1039 Χρεία
3768 970 3940 1017 τοίνυν

2299 1059 2546 1114 πίστεως.

2373 1147 2551 1204 Οὕτως
2609 1173 2676 1182 -
2734 1147 2960 1197 αἰώνιον.
3031 1143 3213 1205 Ούτως
3243 1143 3514 1214 ἠγάπησεν
3573 1145 3605 1195 ὁ
3653 1148 3802 1205 Θεὸς
3854 1148 3936 1196 τόν

2298 1236 2512 1303 κόσμον,
2565 1235 2723 1303 ἤγουν
2781 1236 3029 1284 τοσοῦτόν
3061 1229 3173 1283 ἐστι
3223 1231 3617 1304 φιλάνθρωπος,
3661 1235 3818 1286 ὥστε
3858 1236 3937 1284 τόν

2299 1324 2416 1374 Υὶὸν
2447 1321 2606 1372 αύτοῦ
2638 1324 2724 1372 τόν
2764 1319 3032 1391 ἀγαπητόν
3094 1318 3334 1384 ἐξέδωκεν
3376 1324 3501 1395 ὑπὲρ
3546 1331 3670 1373 τῶν
3734 1321 3936 1396 ἀνθρώ-

2299 1431 2406 1462 πων
2465 1411 2534 1472 εἰς
2589 1412 2824 1477 Θάνατον,
2885 1412 2966 1461 ἶνα
3004 1417 3107 1472 πᾶς
3159 1413 3184 1462 ὁ
3218 1414 3475 1463 πιστεύων
3526 1411 3608 1472 εἰς
3669 1411 3842 1462 αὐτόν
3877 1415 3933 1482 ζῇ

2302 1500 2518 1561 αἰωνίως
2595 1504 2688 1557 τὴν
2735 1505 2999 1573 μακαρίαν
3068 1500 3228 1562 ζωήν,
3299 1505 3392 1558 τὴν
3440 1506 3776 1574 πρέπουσαν
3837 1509 3936 1558 τοίς

2302 1589 2490 1660 ἁγίοις.
2525 1586 2727 1651 Ἐδειξε
2772 1595 2944 1641 τοίνυν
2976 1591 3056 1642 ὅτι
3096 1595 3182 1642 xui
3215 1599 3286 1660 τῷ
3331 1596 3498 1665 Πατρι
3527 1593 3686 1642 κατὰ
3719 1596 3935 1661 γνώμην

2301 1681 2331 1736 ἡ
2371 1681 2682 1750 σταύρωσις.
2715 1677 2802 1730 Ἐν
2845 1682 2945 1750 γὰρ
2972 1684 3061 1731 καὶ
3109 1683 3166 1730 τὸ
3212 1680 3338 1732 αύτὸ
3374 1679 3578 1752 θέλημα
3617 1685 3806 1754 Πατρὶ
3849 1683 3933 1729 καὶ

537 1772 746 1828 sancti.
768 1773 1021 1826 Rursum
1048 1770 1214 1842 quod
1246 1770 1476 1826 additur
1503 1786 1515 1824 :
1557 1769 1849 1833 Utomnis,
1885 1768 2189 1839 quicredit

2303 1768 2404 1838 Υὶῴ
2451 1773 2539 1820 καὶ
2591 1768 2724 1838 ἁγίῳ
2781 1771 3058 1840 ῐΙνεύματι.
3117 1767 3276 1820 Πάλιν
3335 1766 3393 1820 δὲ
3439 1772 3516 1832 τὸ,
3577 1774 3705 1820 Ἵνα
3764 1769 3930 1829 πᾱςό

535 1861 599 1916 in
621 1877 752 1917 eum
773 1877 892 1916 non
911 1867 1134 1930 pereat,
1157 1859 1259 1915 sed
1277 1859 1490 1915 habeat
1519 1859 1696 1914 vitam
1721 1865 2026 1921 aeternam,
2051 1873 2194 1912 con-

535 1950 793 2006 ﬁrmatio
825 1949 988 2004 verbi
1028 1954 1134 2003 est.

609 2039 721 2093 Sed
740 2054 924 2110 quam
942 2037 1020 2092 ob
1033 2052 1281 2092 causam
1301 2035 1504 2091 dilexit
1533 2039 1683 2090 Deus
1699 2035 1991 2090 mundum
2013 2036 2042 2090 ?
2071 2035 2195 2107 pla-

538 2143 614 2184 ne
645 2129 719 2183 ob
746 2126 907 2182 aliud
930 2125 1094 2189 nihil,
1114 2142 1298 2198 quam
1323 2131 1561 2197 propter
1578 2125 1938 2180 immensam
1960 2125 2195 2181 bonita-

537 2221 658 2272 tem
687 2231 883 2270 suam.

611 2303 1050 2359 Erubescamus
1079 2302 1256 2372 igitur
1286 2303 1581 2358 intuentes
1613 2302 1738 2374 ejus
1766 2303 2146 2359 dilectionem
2176 2319 2190 2360 :

537 2410 681 2451 nam
705 2394 830 2466 ipse
847 2409 1037 2464 neque
1055 2393 1200 2448 Filio
1219 2409 1328 2448 suo
1352 2393 1658 2465 unigenito
1677 2395 1935 2466 pepercit
1953 2400 2196 2466 propter

539 2499 671 2550 nos,
705 2489 764 2539 at
792 2498 903 2538 nos
942 2483 1118 2538 etiam
1149 2482 1414 2554 pecuniis
1445 2484 1763 2554 parcimus,
1792 2499 1866 2538 ne
1912 2499 2016 2538 eas
2057 2499 2193 2555 pro-

542 2579 672 2647 pter
697 2575 884 2644 ipsum
907 2573 1304 2644 expendamus
1337 2592 1349 2631 :
1394 2572 1558 2644 quod
1581 2579 1736 2628 certe
1760 2589 1992 2628 omnem
2027 2588 2191 2628 exce-

540 2663 627 2720 dit
651 2662 1157 2734 ingratitudinem,
1183 2669 1244 2716 ut
1265 2678 1418 2734 opus
1441 2662 1570 2732 ejus
1591 2662 1900 2718 immensae
1930 2668 2003 2718 sit
2023 2663 2194 2718 boni-

541 2752 693 2816 tatis,
729 2756 998 2806 nostrum
1033 2766 1170 2806 vero
1209 2750 1516 2806 immensae
1546 2751 2010 2820 ingratitudinis.
2044 2755 2194 2824 Erga

541 2840 754 2895 Filium
807 2855 1044 2910 quoque
1097 2838 1270 2894 simili
1332 2840 1554 2894 utimur
1619 2841 1888 2912 perﬁdia.
1959 2842 2194 2898 Homini

540 2944 790 3000 namque
811 2927 914 3000 qui
938 2943 998 2982 se
1017 2944 1124 2999 pro
1148 2927 1321 2982 nobis
1337 2930 1609 3000 exposuit
1628 2930 1910 3001 periculo,
1928 2937 2193 3002 prompte

541 3032 786 3073 omnem
825 3015 1116 3071 tradimus
1143 3015 1544 3073 substantiam
1579 3037 1592 3076 :
1627 3017 1857 3074 Christo
1903 3035 2042 3075 vero
2088 3021 2191 3092 qui

540 3122 652 3181 pro
694 3106 870 3162 nobis
907 3109 1178 3160 mortuus
1209 3111 1315 3175 est,
1345 3121 1539 3178 neque
1579 3107 1735 3162 hanc
1760 3107 2189 3166 benevolentiae

2305 3103 2377 3160 δι’
2433 3110 2572 3180 ἡμᾶς
2642 3107 2974 3178 ἀποθανόντι,
3045 3106 3168 3162 ούὸε

539 3210 884 3251 mensuram
907 3193 1256 3250 exhibemus
1291 3214 1304 3251 :
1335 3195 1439 3251 sed
1482 3195 1688 3252 fratres
1737 3197 1864 3268 ejus
1913 3198 2193 3254 minimos

539 3283 905 3356 despicimus
927 3283 1275 3349 esurientes,
1299 3285 1528 3358 aliaque
1550 3285 1808 3358 plurima
1838 3289 2192 3344 sustinentes

539 3373 734 3442 magis
755 3377 951 3428 autem
978 3373 1196 3458 ipsum,
1221 3375 1324 3446 qui
1345 3375 1506 3430 mala
1527 3375 1760 3431 illorum
1790 3391 1896 3448 per
1919 3393 2193 3449 compas-

541 3461 772 3518 sionem
803 3478 913 3533 pro
940 3463 1064 3516 suis
1105 3461 1283 3518 ducit.

610 3638 771 3692 Vers.
805 3643 894 3695 l7.
940 3639 1070 3694 Non
1101 3668 1166 3678 —
1215 3655 1367 3696 eum.
1409 3639 1600 3696 Aliam
1643 3658 1884 3714 quoque
1938 3643 2040 3699 Dei
2093 3661 2195 3701 os-

539 3726 725 3782 tendit
754 3726 1188 3783 humanitatem
1210 3745 1279 3784 ac
1305 3729 1667 3786 ineffabilem
1696 3747 1874 3803 quam
1911 3749 2052 3804 erga
2078 3750 2189 3790 nos

540 3815 684 3884 gerit
711 3831 939 3870 curam.
967 3819 1164 3889 Neque
1188 3819 1347 3873 enim
1371 3819 1563 3874 solum
1592 3820 1756 3874 dedit
1784 3821 1987 3877 Filium
2014 3840 2189 3878 suum

537 3903 930 3972 unigenitum,
966 3907 1070 3960 sed
1108 3912 1166 3962 et
1199 3907 1492 3977 judicium
1531 3909 1750 3980 rejecit,
1793 3926 1863 3965 ac
1898 3911 1952 3966 in
1985 3927 2193 3967 secun-

537 3991 684 4048 dum
717 3994 846 4064 ejus
877 3995 1107 4050 distulit
1143 3996 1486 4051 adventum.

610 4083 737 4136 Duo
769 4082 1062 4154 siquidem
1093 4084 1299 4139 Christi
1328 4091 1464 4140 sunt
1492 4086 1800 4151 adventus,
1831 4089 1930 4160 qui
1954 4089 2082 4158 jam
2109 4089 2191 4144 fa-

537 4174 665 4224 ctus
692 4175 782 4224 est
811 4175 866 4224 et
893 4172 995 4242 qui
1027 4171 1261 4227 futurus
1285 4179 1392 4228 est.
1423 4177 1547 4228 Non
1575 4181 1713 4230 sunt
1742 4182 1938 4231 autem
1973 4178 2033 4232 hi
2067 4179 2189 4233 duo

537 4257 617 4312 ad
647 4256 884 4312 eosdem
914 4259 1060 4312 fines
1087 4275 1099 4324 ;
1123 4267 1209 4315 est
1234 4262 1392 4315 enim
1429 4262 1659 4332 primus
1693 4280 1813 4320 non
1844 4271 1904 4320 ut
1926 4267 2190 4338 inquirat

536 4345 642 4401 sed
664 4351 726 4401 ut
745 4347 1001 4402 remittat
1027 4364 1162 4420 quae
1185 4349 1261 4404 ab
1281 4350 1627 4406 hominibus
1649 4360 1985 4425 perpetrata
2008 4364 2142 4413 sunt
2172 4374 2183 4412 :

2302 1859 2556 1909 πιστεύων
2582 1857 2652 1918 εἰς
2680 1857 2835 1908 αύτὸν
2853 1862 2924 1929 μὴ
2952 1855 3228 1926 ἀπόληται,
3253 1856 3363 1909 ἀλλ’
3389 1860 3488 1930 ἔχη
3515 1858 3674 1918 ζωὴν
3700 1858 3924 1920 αἰώνιον,

2303 1945 2376 2007 εἰς
2413 1945 2698 2018 βεϐαίωσιν
2726 1955 2818 1999 τοῦ
2855 1947 3031 2018 λόγου.

2373 2034 2530 2088 Ἀλλὰ
2556 2041 2692 2098 τίνος
2719 2039 2877 2088 ἕνεκεν
2904 2038 2930 2088 ό
2954 2040 3082 2098 Θεὸς
3113 2038 3359 2108 ἠγάπησε
3378 2040 3462 2089 τόν
3487 2043 3707 2108 κόσμον
3739 2056 3754 2102 ;
3792 2042 3922 2089 Παν-

2301 2145 2402 2188 τως
2443 2122 2515 2178 δι’
2546 2123 2697 2178 οὐδὲν
2731 2126 2895 2198 ἕτερον
2935 2127 2964 2184 ἢ
3010 2123 3082 2178 δι’
3120 2126 3404 2202 ὑπερϐολὴν
3438 2125 3808 2199 ἁγαθὸτητος,

2375 2304 2751 2377 Δίσχυνθῶμεν
2795 2301 2882 2357 οὖν
2934 2304 3092 2356 αύτοῦ
3149 2308 3242 2362 τὴν
3294 2303 3519 2376 ἀγάπην.
3589 2306 3770 2368 Αύτός
3833 2308 3912 2376 μὲν

2301 2397 2401 2466 γὰρ
2435 2391 2557 2446 ούδε
2603 2402 2686 2446 τοῦ
2717 2397 2840 2446 Υὶοῦ
2882 2404 2974 2446 τοῦ
3013 2403 3312 2466 μονογενοῦς
3361 2393 3610 2466 ἐφείσατο
3656 2392 3734 2448 δι’
3763 2397 3904 2467 ἡμᾶς’

2302 2486 2447 2548 ἡμεῖς
2511 2482 2570 2536 δι
2635 2489 2726 2536 καὶ
2791 2487 3084 2558 χρημάτων
3147 2481 3430 2556 φειδόμεθα
3499 2481 3580 2536 δι’
3647 2486 3822 2547 αὐτόν,
3886 2485 3906 2533 ὁ

3793 2593 3900 2624 ειναι

2303 2580 2477 2624 πᾶσαν
2569 2571 2913 2646 ὑπερϐέϐηκεν
2982 2579 3138 2634 ὅντως
3214 2572 3571 2644 ἀχαριστίαν
3646 2577 3714 2634 ὡς

2303 2667 2361 2713 τό
2419 2663 2610 2713 ἐκείνου
2675 2666 2766 2734 μὲν
2848 2662 3133 2736 ὑπερϐολὴν
3219 2661 3573 2734 ἀγαθότητος,
3659 2668 3719 2715 τὸ
3797 2665 3898 2732 ἡμέ-

2305 2770 2448 2824 τερον
2504 2748 2582 2817 δὲ,
2659 2751 2944 2825 ὑπερϐολὴν
3017 2752 3359 2825 ἀχαριστίας.
3426 2752 3592 2805 Ἀλλὰ
3646 2757 3734 2804 καὶ
3789 2755 3894 2824 πρὸς

2304 2843 2392 2892 τὸν
2454 2843 2572 2892 Υίόν
2647 2845 2738 2899 τὴν
2809 2845 2928 2900 ἴσην
3006 2843 3378 2913 ἀγνωμοσύνην
3442 2851 3733 2915 τηροῦμεν.
3798 2842 3887 2892 Ἀν-

2306 2931 2490 3004 θρώπῳ
2548 2933 2638 3001 μὲν
2715 2933 2814 3004 γὰρ
2899 2933 3023 3005 ύπερ
3097 2933 3242 3002 ἡμῶν
3297 2927 3686 2995 κινδυνεύοντι,
3744 2935 3882 2980 suam

2303 3020 2576 3092 προθύμως
2630 3016 2953 3091 ἐπιδώσομεν
3003 3020 3062 3071 ἂν
3106 3025 3194 3077 τὴν
3246 3020 3448 3072 ούσίαν·
3479 3029 3558 3090 τῷ
3591 3018 3671 3073 ’δε
3707 3024 3875 3091 Χριστῷ

3251 3117 3402 3162 τοῦτο
3460 3113 3520 3162 τό
3589 3114 3764 3183 μέτρον
3803 3111 3864 3161 ri;

2304 3197 2700 3270 εὐγνωμοσύνης
2783 3198 3120 3271 φυλάττομεν,
3204 3198 3330 3250 αλλά
3409 3209 3726 3273 παρορῶμεν
3774 3196 3859 3250 τοὺς

2303 3283 2556 3358 ἀδελφούς
2631 3287 2809 3353 αὐτοῦ,
2858 3292 2976 3350 τούς
3051 3287 3383 3359 ἐλαχίστους³
3461 3299 3747 3348 πεινῶντας
3805 3286 3870 3332 καὶ

2304 3372 2610 3446 διψῶντας,
2733 3382 2822 3428 καὶ
2925 3377 3088 3429 milia:
3187 3381 3356 3430 πάντα
3447 3380 3869 3430 κακοπαθοῦντας,

2301 3464 2490 3536 μᾶλλον
2547 3462 2605 3518 δε
2657 3466 2811 3518 αὐτὸν
2867 3464 3073 3537 ίκεῑνον,
3129 3471 3215 3519 τὸν
3255 3470 3320 3519 τὰ
3369 3466 3570 3520 ἐκείνων
3623 3464 3874 3538 συμπαθῶς

2301 3553 2664 3626 οἰκειούμενον.

2373 3644 2450 3696 Ού
2481 3675 2549 3683 -
2576 3644 2752 3698 αὐτοῦ.
2800 3649 3039 3697 Διίκνυσι
3077 3649 3166 3697 καὶ
3217 3645 3374 3703 ἄλλην
3426 3645 3517 3697 τοῦ
3569 3651 3696 3700 Θεοῦ
3724 3639 3874 3714 φιλαν-

2303 3733 2532 3806 θρωπίαν
2590 3738 2678 3784 καὶ
2737 3730 3051 3806 κηδεμονίαν
3100 3735 3311 3806 ἄφατον.
3347 3736 3422 3786 Ού
3475 3741 3636 3807 μόνον
3664 3733 3753 3804 γὰρ
3799 3730 3867 3778 τὸν

2300 3823 2418 3873 Υἱὸν
2459 3822 2619 3873 αὑτοῦ
2673 3827 2757 3874 τὸν
2814 3833 3056 3894 μονογενῆ
3101 3821 3306 3888 ἔδωκεν,
3342 3822 3467 3875 ἀλλὰ
3515 3831 3606 3876 καὶ
3644 3827 3729 3879 τὴν
3774 3820 3868 3888 κρί-

2303 3929 2385 3961 σιν
2417 3910 2704 3978 ἀνεϐάλετο,
2737 3917 2824 3964 καὶ
2874 3910 2942 3975 εἷς
2974 3919 3067 3972 τὴν
3101 3909 3344 3988 δευτέραν
3391 3919 3683 3986 παρουσίαν
3726 3908 3861 3960 αὐτόν

2301 3998 2344 4051 Et
2357 4004 2662 4072 αμιεύσατο.

2371 4093 2468 4142 Δύο
2513 4093 2614 4164 γὰρ
2649 4093 2701 4142 αἱ
2748 4099 2836 4143 τοῦ
2881 4099 3114 4164 Χριστοῦ
3171 4097 3478 4164 παρουσίαι,
3509 4095 3538 4150 ἠ
3599 4087 3694 4150 ἤδη
3731 4100 3855 4156 γεγε-

2297 4185 2486 4252 νημένη
2546 4191 2635 4232 και
2693 4183 2721 4238 ἡ
2775 4180 3052 4252 μέλλουσα.
3087 4182 3195 4233 Οὐκ
3228 4181 3310 4234 ἐπὶ
3351 4190 3456 4242 τοῖς
3507 4183 3672 4239 αὐτοῖς
3715 4173 3764 4228 δὲ
3811 4190 3852 4221 αι

2299 4265 2415 4325 δύο.
2481 4269 2612 4321 Ἀλλ’
2654 4272 2683 4328 ἡ
2732 4276 2910 4342 πρώτη
2965 4275 3052 4342 μεν
3084 4271 3186 4341 οὐχ
3243 4273 3322 4322 ἵνα
3358 4270 3571 4343 ἐξετάσῃ
3607 4273 3662 4323 τὰ
3691 4279 3844 4332 πεπρα-

3101 4358 3206 4411 an!
3299 4363 3380 4411 ἱνα
3457 4359 3580 4418 ἀφῆ.
3664 4353 3842 4418 δευτέρα

2296 4362 2459 4430 γμενα
2530 4366 2640 4419 τοῖς
2702 4358 3014 4432 ἀνθρώποις,
3101 4358 3206 4411 ἀλλ’
3299 4363 3380 4411 ἱνα
3457 4359 3580 4433 ἀφῇ.

537 4437 837 4490 secundus
880 4453 1017 4493 vero
1061 4454 1182 4493 non
1229 4445 1287 4492 ut
1331 4441 1604 4506 remittat,
1648 4443 1754 4498 sed.
1785 4449 1847 4499 ut
1904 4444 2181 4517 inquirat.

2303 4444 2359 4500 δὲ
2388 4448 2492 4519 οὐχ
2522 4450 2602 4500 ἱνα
2633 4447 2757 4521 ἀφῇ,
2793 4448 2899 4500 ἀλλ’
2925 4451 3005 4500 ἱνα
3035 4448 3272 4521 ἐξετάσῃ.
3297 4457 3404 4502 Νῦν
3436 4460 3532 4511 τῆς
3557 4455 3736 4523 πρώτης
3766 4432 3836 4488 οὖν

538 4525 640 4579 Hic
673 4539 814 4594 ergo
843 4526 916 4580 de
949 4527 1133 4597 primo
1167 4527 1448 4599 loquitur.

604 4614 777 4685 Atqui
799 4615 975 4670 etiam
998 4617 1224 4686 primus
1243 4618 1758 4677 condemnationis
1771 4629 1914 4687 erat,
1946 4623 1991 4677 si
2021 4625 2184 4695 quod

533 4716 743 4756 verum
785 4709 870 4757 est
909 4703 1073 4759 fateri
1129 4705 1438 4773 volumus;
1487 4725 1628 4765 nam
1685 4717 1820 4766 ante
1880 4713 2040 4768 hunc
2091 4714 2182 4769 lex

534 4791 826 4846 naturalis
841 4794 1160 4858 erat,etlex
1187 4797 1401 4866 scripta
1427 4814 1495 4852 ac
1529 4800 1854 4869 prophetia,
1898 4801 2184 4858 doctrinae

534 4884 592 4935 et
621 4881 927 4952 signorum
957 4883 1366 4949 exhibitiones,
1401 4886 1635 4958 aliaque
1664 4889 1854 4944 multa
1883 4906 2016 4961 quae
2053 4893 2182 4948 vitae

532 4969 804 5025 instituta
820 4970 1180 5042 corrigerent
1204 4978 1678 5047 :etconsequens
1693 4986 1817 5033 erat
1833 4985 1888 5032 ut
1911 4981 2181 5036 omnium

532 5060 1036 5128 transgressiones
1077 5062 1445 5132 punirentur.
1499 5064 1608 5120 Sed
1652 5081 1791 5121 cum
1849 5069 2182 5125 admodum

531 5145 836 5201 humanus
902 5154 1074 5216 esset,
1129 5165 1250 5205 non
1318 5152 1514 5207 statim
1569 5153 1643 5208 de
1702 5155 1872 5209 malis
1928 5156 2184 5227 inquire-

531 5235 656 5299 bat,
691 5236 795 5290 sed
837 5237 1214 5305 ignoscebat;
1267 5257 1411 5296 nam
1461 5241 1507 5296 si
1553 5241 1918 5314 inquisisset,
1971 5262 2183 5301 omnes

533 5325 704 5379 simul
746 5325 970 5397 abrepti
1014 5335 1228 5394 essent,
1285 5345 1493 5386 omnes
1552 5333 1846 5404 siquidem
1903 5350 2186 5406 peccave-

531 5416 668 5468 rant
700 5414 768 5468 ⁵³.
803 5417 967 5470 Nunc
993 5430 1135 5485 ergo
1167 5418 1321 5474 venit
1361 5425 1422 5476 ut
1467 5421 1541 5477 de
1582 5422 1894 5495 praeteritis
1947 5425 2184 5483 veniam

605 5617 651 5652 ⁸³
679 5619 856 5676 Rom.
888 5637 946 5685 η,
980 5624 1066 5676 23.

2296 4540 2413 4611 πέρι
2445 4543 2594 4608 φησί.

2369 4631 2550 4678 Καίτοι
2579 4632 2668 4678 καὶ
2715 4628 2744 4684 η
2779 4633 2954 4699 πρώτη
3009 4632 3226 4702 κρίσεως
3261 4625 3321 4686 ἧν
3374 4627 3434 4680 ἆν
3477 4629 3592 4678 κατὰ
3640 4623 3705 4670 τὸν
3746 4629 3817 4660 τον

2297 4711 2507 4767 δικαίου
2533 4715 2703 4787 λόγον,
2740 4713 2878 4767 διότι
2931 4720 3029 4789 πρὸ
3070 4720 3262 4778 ταύτης
3315 4724 3407 4769 καὶ
3436 4723 3571 4788 νόμος
3607 4709 3656 4768 ἦν
3694 4719 3812 4776 11W“

2294 4808 2384 4865 κός
2423 4811 2511 4856 καὶ
2539 4811 2690 4877 νόμος
2717 4809 2951 4877 γραπτὰς
2981 4811 3068 4856 καὶ
3116 4814 3374 4878 προφῆται
3420 4812 3511 4858 καὶ
3543 4799 3829 4856 diducunt-Ml

2294 4898 2381 4945 xui
2415 4899 2640 4965 σημείων
2673 4891 2947 4956 ἐπιδείξεις
2993 4898 3080 4945 καὶ
3129 4895 3292 4946 πολλὰ
3334 4899 3400 4946 τὰ
3443 4892 3728 4968 διορθοῦνται
3763 4881 3836 4933 τήν

2293 4982 2574 5049 πολιτείαν,
2628 4989 2716 5034 xui
2783 4982 3059 5036 ἀκόλουθον
3113 4981 3170 5042 ἦν
3221 4984 3433 5046 εὐθύνας
3482 4986 3676 5036 πάντων
3719 4971 3843 5023 ἅπαν

2293 5075 2534 5130 τηθῆναι’
2592 5071 2700 5123 ἀλλ’
2748 5075 2815 5133 ὡς
2853 5073 2983 5144 ἄγαν
3047 5073 3423 5147 φιλάνθρωπος,
3481 5073 3576 5125 ούκ
3626 5067 3754 5122 εὐθὺς
3804 5054 3843 5106 ἓν

2293 5169 2354 5234 τῇ
2410 5167 2588 5234 πρώτη
2656 5162 2938 5218 ἐποιήσατο
2995 5161 3248 5231 ἐξέτασιν,
3317 5162 3444 5214 ἀλλὰ
3509 5163 3840 5233 συγχώρησιν·

2295 5251 2356 5302 Εἰ
2402 5256 2503 5322 γάρ
2549 5250 2788 5316 ἐξήτασε,
2847 5253 3028 5312 πάντες
3081 5251 3141 5302 ἂν
3213 5250 3399 5326 ἀθρόον
3449 5245 3846 5326 ἀνηρπάσθησαν·

2296 5343 2488 5400 Πάντες
2515 5341 2616 5415 γὰρ
2651 5341 2899 5414 ἥμαρτον,
2945 5344 3095 5413 φησί.
3146 5347 3252 5393 Νῦν
3440 5341 3529 5392 οὖν
3579 5337 3682 5401 ἧκε,

2295 5436 2485 5502 χωρῶν
2516 5433 2605 5502 μιν
2658 5431 2723 5481 τὰ
2771 5432 3019 5504 πρότερα,
3057 5429 3471 5503 ἀσφαλιζόμενος
3527 5426 3585 5481 δὲ
3636 5423 3750 5500 πρὸς
3798 5428 3854 5464 τα
