4120 6310
178 325 358 381 1173

1259 317 1635 381 COMMENT.
1681 321 1752 376 IN
1789 317 2141 375 JOANNEM.
2185 351 2252 362 -—
2291 320 2450 379 CAP.
2492 320 2586 378 lll.

3501 317 3645 380 1174

186 451 527 522 μέλλοντα·
557 450 776 522 ὕστερον
823 446 882 502 δὲ
926 451 1039 512 ἣξει
1084 458 1276 523 κρῖναι,
1326 454 1417 501 καὶ
1454 452 1577 511 τοὺς
1622 453 1693 521 μὴ
1744 466 1850 499 πει-

1987 445 2203 511 ribuat,
2233 452 2289 502 et
2308 448 2381 503 de
2411 447 2623 504 futuris
2656 463 2899 505 securos
2948 448 3175 505 reddat.
3218 449 3623 506 Postmodum

191 542 463 602 σθέντας
496 540 732 593 εύθῡναι.
768 539 825 592 Εἰ
855 544 926 611 μὴ
966 536 1138 602 ἦλθον,
1169 542 1287 612 γὰρ,
1319 543 1470 612 φησὶ,
1498 543 1587 590 καὶ
1623 536 1853 594 ἕλάλησα

191 636 442 693 αῦτοῖς,
482 627 743 699 ἁμαρτίαν
793 627 886 679 ούκ
944 626 1127 699 εἶχον·
1180 635 1266 680 νῦν
1330 624 1389 680 δε
1446 630 1706 699 πρόφασιν
1758 624 1853 676 ούκ

195 719 438 788 ἔχουσι
460 722 578 791 περὶ
610 725 708 778 τῆς
738 715 993 791 ἁμαρτίας
1023 716 1211 769 αὐτῶν.

284 804 359 857 Ὀ
404 837 473 845 -
505 810 756 877 κρίνεται.
804 803 863 857 Ὀ
892 808 1150 857 πιστεύων
1179 809 1429 876 γνησίως,
1484 808 1646 874 ἤγουν
1696 804 1721 854 ό
1764 806 1853 853 καὶ

206 894 517 966 φυλάττῶν
547 897 637 956 τὰς
667 894 873 956 ἐντολὰς
903 894 1081 947 αύτοῦ.
1115 900 1236 968 Περὶ
1265 896 1367 968 γὰρ
1395 902 1492 945 τῶν
1511 898 1581 965 μὴ
1606 895 1851 945 τοιούτων

209 988 409 1055 φησὶν
443 986 469 1035 ό
511 984 729 1050 Παῦλος,
762 986 842 1035 ὃτι
873 987 1000 1036 Θεὸν
1029 982 1372 1056 ὁμολογοῦσιν
1404 979 1615 1053 εἰδέναι,
1648 988 1752 1043 τοῖς
1795 977 1854 1034 δὲ

212 1074 422 1144 ἔργοις
454 1071 751 1149 ἀρνοῦνται.

294 1249 367 1302 Ὀ
407 1283 477 1293 -
517 1258 669 1305 Θεοῦ.
730 1249 929 1323 Ὠσπερ
959 1254 1060 1323 γὰρ
1110 1253 1295 1302 ἐκεῖνον
1327 1252 1357 1308 ἡ
1403 1255 1580 1311 πίστις
1639 1248 1851 1312 ἐξείλετο

202 1346 316 1399 τῆς
391 1345 616 1413 κρίσεως
673 1344 773 1414 πρὸ
829 1349 914 1399 τῆς
966 1344 1206 1412 κρίσεως,
1268 1340 1399 1392 οὕτω
1450 1345 1539 1392 καὶ
1589 1347 1771 1391 τοῦτον
1819 1341 1848 1397 ἡ

200 1426 474 1482 ἀπιστία
536 1434 803 1503 κατέκρινε
872 1433 971 1501 πρὸ
1042 1437 1133 1489 τῆς
1204 1434 1581 1504 κατακρίσεως.
1660 1432 1758 1481 Καὶ
1827 1429 1852 1479 ό

204 1523 425 1590 φονεύ-ς
454 1521 576 1590 γὰρ,
627 1523 716 1570 καὶ
747 1524 845 1578 πᾶς
870 1517 1272 1590 πλημμελήσας,
1300 1526 1361 1591 τῇ
1420 1521 1569 1590 φύσει
1619 1520 1708 1589 μεν
1759 1524 1852 1569 τοῦ

208 1607 627 1681 ἁμαρτήματος
666 1608 854 1659 αύτικα
892 1604 1344 1659 καταδεδίκασται
1370 1625 1381 1637 ·
1414 1615 1477 1679 τῇ
1508 1605 1764 1679 ἀποφάσει
1795 1602 1854 1658 δε

208 1704 322 1748 τοῦ
360 1698 654 1771 ἄρχοντος,
691 1696 926 1768 ὕστερον.

1965 540 2153 590 autem
2182 536 2376 592 veniet
2417 541 2477 593 ut
2502 537 2878 601 condemnet.
2909 542 2964 593 et
2994 537 3068 593 de
3094 537 3187 593 his
3217 538 3321 611 qui
3353 554 3474 594 non
3506 553 3631 594 cre-

1963 622 2246 679 diderunt
2274 624 2557 681 ultionem
2586 631 2802 682 sumat.
2834 626 2899 682 Si
2923 642 3040 683 non
3066 627 3367 693 venissem,
3402 627 3616 699 inquit,

1962 719 2017 768 et
2048 713 2371 769 locutuseis
2393 715 2657 783 fuissem,
2674 720 2980 783 peccatum
3006 732 3126 772 non
3141 716 3610 773 haberentmunc

1963 807 2157 857 autem
2186 803 2618 859 excusationem
2648 820 2767 859 non
2797 804 3015 860 habent
3051 804 3123 861 de
3142 812 3387 874 peccato
3412 820 3518 861 suo
3544 806 3616 859 ⁵⁸.

2036 891 2200 946 Vers.
2252 891 2338 946 18.
2404 893 2515 959 Qui
2573 923 2639 933 —
2691 894 3135 949 condemnatur.
3198 894 3307 959 Qui
3363 893 3615 964 legitime

1963 979 2170 1047 credit,
2225 980 2306 1035 vel
2349 982 2449 1053 qui
2497 986 2693 1037 servat
2726 983 2906 1037 etiam
2947 983 3071 1054 ejus
3112 988 3414 1054 praacepta.
3473 985 3627 1038 Nam

1963 1069 2037 1123 de
2063 1068 2153 1123 his
2182 1069 2287 1141 qui
2312 1070 2456 1124 tales
2495 1086 2615 1125 non
2656 1074 2818 1140 sunt,
2871 1071 2953 1126 ait
3006 1071 3324 1143 Apostolus
3368 1090 3379 1129 :
3426 1071 3623 1139 Conﬁ-

1964 1161 2163 1214 tentur
2202 1173 2262 1214 se
2316 1159 2463 1214 scire
2506 1161 2708 1223 Deum,
2764 1158 2947 1227 factis
3012 1166 3206 1217 autem
3273 1168 3494 1228 negant
3553 1160 3627 1212 “.

2036 1249 2192 1301 Vers.
2248 1248 2335 1302 18.
2395 1248 2506 1315 Qui
2558 1279 2625 1288 —
2681 1248 2804 1304 Dei.
2858 1252 3005 1304 Nam
3064 1249 3216 1304 sicut
3264 1248 3432 1303 illum
3476 1247 3627 1304 ﬁdes

1963 1336 2182 1391 exemit
2206 1336 2714 1405 condemnationi,
2746 1338 2828 1393 ita
2856 1338 3015 1392 hunc
3058 1337 3447 1393 incredulitas
3491 1342 3631 1393 ante

1958 1424 2254 1495 judicium
2284 1425 2706 1482 condemnavit
2734 1442 2746 1480 :
2775 1426 3255 1482 homicidaenim
3284 1430 3340 1481 et
3374 1427 3634 1499 quicun-

1962 1529 2078 1585 que
2118 1514 2425 1586 delinquit,
2460 1530 2528 1568 ex
2559 1519 2773 1570 natura
2802 1515 3031 1587 peccati
3094 1515 3291 1571 statim
3333 1515 3631 1571 condem-

1963 1607 2144 1659 natus
2199 1608 2308 1669 est,
2362 1603 2466 1658 sed
2506 1604 2897 1675 postmodum
2952 1604 3247 1660 sententia
3315 1602 3628 1675 principis.

301 1790 425 1839 Καὶ
488 1785 604 1837 καθ’
677 1786 843 1857 ἕτερον
929 1781 988 1836 δὲ
1070 1789 1278 1859 τρόπον.
1356 1784 1591 1858 Ἐπείπερ
1657 1783 1853 1855 ἔμελλεν

2039 1782 2168 1837 ΑΙἱο
2190 1796 2431 1854 quoque
2454 1781 2636 1836 modo
2665 1797 2677 1836 :
2707 1781 2852 1847 Quia
2876 1780 3173 1853 judicium
3199 1795 3322 1837 non
3337 1783 3630 1853 eratprae-

216 1874 251 1932 ἡ
325 1879 540 1949 κρίσις,
595 1879 686 1926 καὶ
749 1873 807 1926 ού
838 1881 1009 1946 παρῆν
1054 1872 1205 1944 ἐγγύς
1238 1878 1401 1945 ἤγαγε
1448 1878 1534 1926 τὸν
1565 1872 1718 1946 φόϐον
1762 1881 1857 1933 τῆς

223 1961 575 2026 καταδίκης.

304 2053 408 2113 Εἰς
438 2056 496 2103 τὸ
528 2056 687 2123 ὄνομα
720 2048 799 2115 δὲ,
830 2050 939 2103 ἀντὶ
963 2058 1075 2116 τού,
1103 2051 1187 2112 Εἰς
1208 2051 1380 2104 αὐτόν.
1401 2048 1623 2123 ’ἰδίωμα
1647 2053 1748 2123 γὰρ
1771 2054 1859 2103 καὶ

221 2150 400 2195 τοῦτο
432 2150 527 2203 τῆς
570 2137 847 2213 Ἐϐραίδος
896 2148 1121 2215 γραφῆς,
1162 2139 1245 2193 ἐπὶ
1286 2149 1377 2193 τού
1426 2149 1560 2193 Θεοῦ
1612 2144 1669 2193 τὸ
1702 2142 1860 2211 ὄνομα

226 2232 411 2284 αὐτοῦ
440 2230 737 2302 λαμϐάνειν,
772 2229 878 2282 ἀντ’
910 2231 1089 2294 αὐτοῦ,
1126 2226 1197 2282 δι’
1235 2230 1520 2283 εὐλάϐειαν.

310 2320 466 2377 Αὕτη
508 2351 575 2359 -
614 2326 738 2391 φῶς.
776 2320 915 2376 Αύτη
974 2318 1117 2371 ἐστὶν
1165 2322 1193 2378 ἡ
1252 2322 1585 2393 κατάκρισις,
1644 2328 1743 2371 τῶν
1786 2324 1857 2392 μὴ

231 2414 621 2479 πιστευόντων,
679 2406 771 2460 διὰ
814 2418 968 2461 τούτο
1011 2414 1437 2483 κατακρίνονται,
1500 2411 1579 2462 ὅτι
1632 2408 1864 2468 ἐλθόντος

235 2510 337 2553 τοῦ
375 2502 543 2571 φωτὸς
574 2508 669 2559 τῆς
704 2504 963 2570 γνώσεως,
1001 2504 1089 2551 καὶ
1120 2508 1210 2560 τῆς
1258 2498 1502 2560 ἀληθείας
1550 2498 1619 2559 εὶς
1652 2497 1861 2558 αὐτούς’

234 2588 385 2662 λέγει
451 2586 508 2641 δε
566 2596 718 2640 τοῦτο
775 2593 893 2663 περὶ
960 2588 1190 2639 ἑαυτοῦο
1234 2589 1519 2659 ἠγάπησαν
1572 2586 1760 2659 μᾶλλον
1804 2587 1861 2635 τὸ

248 2685 446 2739 σκότος
485 2687 577 2739 τῆς
624 2677 838 2747 ἀγνοίας
882 2681 972 2727 καὶ
1020 2684 1111 2729 τού
1160 2674 1392 2747 ψεύδους
1442 2676 1552 2746 (36)
1612 2675 1755 2746 πάρά
1804 2676 1862 2723 τὸ

252 2777 384 2839 φῶς.
425 2766 484 2817 Ὀ
532 2769 621 2836 μεν
678 2768 800 2837 γὰρ,
859 2764 1072 2825 ἀπόντος
1109 2772 1199 2816 τού
1249 2768 1429 2835 φωτὸς,
1480 2767 1639 2834 μένων
1690 2761 1737 2812 ἐν
1790 2768 1861 2830 τῷ

1303 2858 1392 2904 καὶ
1452 2852 1563 2923 (37)
1618 2854 1718 2924 γὰρ
1774 2854 1863 2901 καὶ

253 2952 438 2995 τοῦτον
493 2940 600 2994 ἔδει
644 2946 715 3013 μή
782 2943 939 3003 οὕτως
989 2945 1151 3013 ἔχειν,
1203 2942 1330 2993 ἀλλά
1387 2942 1558 3003 ζητεῖν
1614 2942 1672 2991 τό
1735 2948 1858 3011 φῶς·

256 2860 455 2919 σκότει,
532 2854 682 2923 λόγον
736 2858 867 2915 ἴσως
923 2854 1021 2915 ἔξει
1093 2855 1229 2915 τινὰ,

259 3033 284 3083 ὁ
320 3029 396 3098 δε,
434 3040 525 3083 τού
557 3036 719 3103 φωτός
769 3031 996 3093 ἐλθόντος
1052 3032 1123 3094 εἰς
1154 3032 1329 3099 αύτόν,
1373 3035 1445 3084 ἔτι
1503 3026 1861 3103 προσεδρεύων

256 3129 331 3191 τῷ
389 3125 579 3184 σκότει,
639 3122 817 3181 πάσης
873 3118 1153 3192 ἀπολογίας
1202 3120 1493 3195 ἐστέρηται·
1539 3126 1722 3189 Ψυχῆς
1759 3120 1860 3191 γάρ
1898 3148 1940 3205 C

261 3206 696 3282 διεστραμμένης,
752 3212 899 3281 μύειν
950 3214 1077 3281 πρὸς
1132 3213 1189 3261 τὸ
1248 3218 1348 3281 φῶς
1413 3214 1500 3261 καὶ
1558 3208 1862 3268 ἐθελουσίως

261 3300 625 3367 σκοτίζεσθαι,
688 3304 778 3350 καὶ
828 3303 899 3370 μὴ
954 3303 1106 3370 μόνον
1165 3303 1234 3371 μὴ
1311 3299 1466 3351 αύτὸν
1520 3298 1679 3350 ἐλθεῖν
1736 3299 1861 3370 πρὸς

256 3392 314 3440 τὸ
349 3398 470 3461 φῶς,
514 3388 640 3439 ἀλλὰ
670 3394 757 3439 καὶ
788 3390 1102 3453 τούναντίον,
1157 3395 1247 3439 τοῦ
1296 3392 1464 3459 φωτὸς
1507 3386 1694 3459 μᾶλλον
1736 3389 1863 3457 πρὸς

258 3479 415 3531 αὐτὸν
456 3478 706 3541 ἐλθόντος,
748 3481 947 3549 φεύγειν
972 3483 1062 3529 καὶ
1092 3477 1510 3548 ἀποστρέφεσθαι
1540 3481 1633 3534 τὴν
1678 3471 1861 3527 ἑαυτοῦ

259 3572 545 3641 σωτηρίαν.
582 3565 706 3620 Εἶτα
731 3569 915 3624 τίθησι
943 3572 1032 3619 καὶ
1056 3572 1148 3625 τὴν
1189 3566 1359 3619 αἰτίαν
1390 3563 1465 3619 δι’
1494 3568 1555 3625 ἣν
1580 3567 1862 3636 ἠγάπησαν

256 3660 320 3707 τὸ
363 3661 564 3717 σκότος.

332 3744 427 3795 Ἦν
505 3776 570 3786 ———
653 3749 796 3820 ἔργα.
882 3747 974 3796 Διά
1025 3752 1178 3797 τοῦτο
1232 3741 1318 3797 οὖν
1370 3744 1555 3815 ἔφυγον
1615 3746 1672 3794 τό
1741 3751 1862 3814 φῶς,

260 3836 346 3886 ἶνα
388 3840 455 3906 μὴ
521 3841 787 3907 φανερώση
848 3835 998 3887 αύτά.
1054 3839 1237 3887 Καίτοι
1294 3833 1387 3885 ούκ
1453 3830 1600 3890 ἦλθεν
1655 3833 1736 3884 ἶνα
1782 3830 1863 3893 ἐξ·

262 3926 443 3997 ετάση,
470 3922 574 3975 ἀλλ’
608 3925 689 3975 ἵνα
720 3943 783 3975 συ
796 3928 1077 3995 Ῑχωρήσῇ.
1109 3926 1193 3974 Διό
1220 3927 1309 3974 καὶ
1342 3921 1527 3991 μᾶλλον
1553 3917 1658 3973 ἔδει
1696 3940 1865 3995 προσ-

266 4011 508 4087 δραμεῖν.

338 4110 443 4162 Πᾶς
474 4110 685 4173 -φῶς.
720 4101 849 4161 Ἕως
892 4100 951 4151 ἂν
999 4100 1167 4167 φαῦλα
1210 4102 1462 4173 πράσσοι,
1515 4103 1608 4161 ἕως
1658 4102 1864 4159 τούτοις

266 4192 626 4263 ἐγκαταμένοι.

338 4285 435 4333 Καὶ
468 4312 535 4319 —
564 4280 741 4331 αύτού.
776 4278 1110 4351 Φοϐούμενος,
1145 4275 1409 4336 δηλονότι.

334 4369 393 4421 Ὀ
451 4401 513 4410 -
586 4378 704 4441 φῶς.
762 4368 821 4420 Ὀ
879 4371 1118 4443 πράττων
1175 4372 1233 4420 τὸ
1298 4368 1457 4435 εύθες,
1520 4370 1545 4420 ό
1600 4367 1868 4420 πολιτευό-

266 4478 414 4532 μενος
488 4459 667 4533 ὀρθῶς,

269 4558 343 4621 φῶ
353 4571 391 4611 ς.

335 4636 445 4691 Ἵνα
473 4670 536 4677 -
559 4640 703 4711 ἔργα.
736 4637 857 4688 ’Υπό
886 4637 997 4707 (38)
1024 4642 1114 4688 τού
1150 4638 1333 4707 φωτός
1364 4635 1458 4687 ούκ
1490 4633 1869 4706 ἐπαισχύνεται

750 4461 963 4532 ἔρχεται
1050 4461 1176 4531 πρὸς
1259 4461 1316 4510 τὸ
1372 4465 1499 4530 φῶς,
1564 4456 1746 4529 ἀγαπᾴ
1809 4460 1867 4509 τὸ

266 4730 367 4801 γὰρ
396 4728 546 4780 αύτά.

336 4823 455 4867 ’Ότι
487 4848 554 4856 -
576 4816 905 4890 εἰργασμένα.
937 4814 1053 4867 Ὀτι
1083 4816 1217 4867 κατά
1239 4818 1365 4867 Θεόν
1387 4813 1536 4879 εἰσιν,
1568 4815 1643 4865 ὅτι
1673 4811 1868 4890 ἀρεστά

270 4912 340 4974 τῷ
371 4913 505 4975 Θεῷ.

344 5082 390 5118 ⁸³
415 5086 431 5104 ’
454 5084 618 5138 Joan.
644 5098 739 5137 xv.
766 5086 855 5136 22.
898 5082 946 5117 ⁸⁴
968 5080 1078 5137 Tit.
1121 5098 1137 5135 ι
1169 5084 1254 5138 16.

1968 1887 2107 1926 sens
2129 1872 2231 1925 sed
2261 1868 3092 1939 futurum,condemnationis
3124 1870 3401 1926 timorem
3432 1885 3623 1943 prope

1968 1960 2241 2017 adduxﬁ.

2037 2051 2107 2105 In
2136 2065 2343 2105 nomen
2366 2053 2587 2115 autem,
2615 2049 2731 2104 hoc
2761 2052 2864 2115 est,
2892 2049 2953 2105 in
2983 2049 3220 2121 ipsum:
3252 2065 3399 2105 nam
3424 2051 3482 2105 et
3508 2048 3628 2106 hoc

1964 2140 2193 2195 idioma
2212 2143 2299 2194 est
2323 2140 2630 2210 scripturis
2660 2139 3092 2207 Hebraicze,ubi
3122 2139 3197 2195 de
3227 2142 3346 2195 Deo
3366 2139 3632 2211 loquun-

1967 2234 2078 2294 tur,
2114 2244 2325 2301 capere
2352 2243 2573 2283 nomen
2601 2228 2729 2297 ejus
2756 2244 2867 2300 pro
2895 2229 3048 2301 ipso,
3082 2228 3384 2299 religionis
3417 2230 3634 2298 gratia.

2040 2321 2205 2373 Vers.
2252 2319 2339 2372 19.
2397 2320 2545 2374 Ηιεσ
2602 2348 2670 2357 -
2713 2318 2921 2374 lucem.
2968 2320 3102 2373 Haec
3156 2322 3247 2373 est
3296 2317 3631 2374 inﬁdelium

1970 2405 2393 2461 condemnatio
2449 2423 2462 2460 :
2524 2410 2769 2476 propter
2797 2405 2913 2460 hoc
2956 2405 3457 2471 condemnantur,
3484 2407 3630 2477 quia

1969 2494 2239 2549 veniente
2270 2494 2347 2549 ad
2386 2510 2487 2549 eos
2537 2494 2663 2548 luce
2714 2494 2972 2549 scientiae
3028 2509 3095 2549 ac
3143 2493 3407 2549 veritatis
3462 2493 3630 2565 (dicit

1968 2588 2170 2638 autem
2206 2582 2315 2637 hoc
2364 2583 2438 2636 de
2470 2582 2691 2653 seipso)
2742 2582 3071 2637 dilexerunt
3115 2583 3309 2652 magis
3354 2581 3628 2637 tenebras

1969 2671 2324 2740 ignorantiae
2382 2687 2449 2725 ac
2502 2670 2795 2726 mendacii
2844 2686 3026 2743 quam
3075 2670 3289 2727 lucem.
3335 2674 3484 2726 Nam
3525 2672 3630 2744 qui

1973 2760 2218 2815 absente
2265 2759 2396 2814 luce
2455 2764 2658 2815 manet
2713 2758 2775 2814 in
2832 2758 3108 2829 tenebris,
3177 2760 3627 2816 excusationem

1973 2848 2240 2906 fortassis
2289 2848 2548 2921 aliquam
2598 2848 2839 2904 habebit
2892 2864 2906 2905 :
2963 2864 3317 2921 quanquam
3358 2855 3414 2905 et
3461 2850 3625 2905 hunc

1973 2937 2239 3009 oportuit
2264 2953 2384 2993 non
2416 2938 2498 2994 ita
2539 2953 2600 2992 se
2634 2938 2876 3003 habere,
2929 2938 3035 2993 sed
3073 2937 3267 2993 lucem
3308 2953 3576 3010 quaerere
3608 2954 3624 2994 :

1973 3028 2076 3099 qui
2105 3043 2246 3083 vero
2278 3028 2544 3083 veniente
2593 3027 2671 3083 ad
2720 3043 2785 3082 se
2827 3026 2957 3082 luce
3016 3027 3205 3082 adhuc
3263 3027 3323 3082 in
3373 3027 3627 3083 tenebris

1972 3116 2208 3182 residet,
2242 3117 2402 3171 omni
2434 3116 3094 3189 privaturexcusatione
3122 3135 3135 3172 :
3169 3131 3446 3172 aversum
3467 3116 3629 3172 enim

1972 3206 2244 3262 animum
2266 3205 2341 3261 ad
2374 3206 2566 3261 lucem
2612 3206 2855 3271 claudit,
2897 3208 2951 3260 et
2996 3204 3327 3261 voluntarie
3373 3205 3630 3260 tenebris

1972 3295 2295 3351 oﬂunditur
2335 3310 2488 3351 :nec
2529 3294 2715 3349 solum
2762 3295 2839 3350 ad
2887 3294 3083 3349 lucem
3129 3309 3252 3349 non
3292 3295 3470 3358 venit,
3522 3294 3630 3350 sed

1972 3400 2003 3439 e
2029 3384 2262 3438 diverso
2275 3400 2409 3439 cum
2427 3382 2731 3451 magislux
2746 3382 2820 3439 ad
2840 3398 2901 3437 se
2939 3381 3159 3446 veniat,
3183 3381 3348 3451 fugit,
3379 3386 3485 3436 eta
3515 3395 3628 3436 sua

1973 3473 2253 3531 avertitur
2282 3472 2467 3528 salute
2504 3473 2647 3543 (aa).
2691 3472 2914 3527 Deinde
2961 3471 3142 3527 etiam
3178 3486 3424 3527 causam
3455 3470 3630 3543 ponit

1970 3566 2215 3635 pr0pter
2238 3577 2422 3631 quam
2452 3561 2784 3618 dilexerunt
2812 3559 3114 3617 tenebras.

2043 3742 2212 3800 Vers.
2244 3743 2330 3796 19.
2371 3742 2569 3797 Erant
2611 3771 2677 3780 —
2717 3753 2916 3809 opera.
2968 3738 3103 3794 Ideo
3141 3752 3281 3807 ergo
3314 3737 3510 3793 lucem
3542 3735 3633 3793 fu-

1973 3837 2207 3904 gerunt,
2250 3847 2325 3886 ne
2394 3847 2464 3887 ea
2508 3828 2937 3886 manifestaret.
2979 3827 3153 3899 Atqui
3195 3841 3317 3882 non
3347 3826 3509 3882 venit
3563 3831 3630 3883 ut

1974 3921 2253 3993 inquirat,
2298 3920 2404 3976 sed
2440 3919 2712 3991 potiusut
2728 3918 3023 3987 ignoscat;
3066 3921 3124 3972 et
3152 3915 3288 3972 ideo
3314 3930 3625 3973 accurrere

1977 4010 2172 4079 magis
2198 4009 2537 4082 oportebat.

2050 4100 2213 4154 Vers.
2236 4103 2324 4155 20.
2358 4099 2559 4154 Omnis
2588 4128 2653 4137 —
2695 4098 2903 4152 lucem.
2937 4095 3211 4160 Quandiu
3238 4093 3400 4151 mala
3421 4108 3632 4166 opera-

1975 4197 2070 4245 tus
2096 4188 2285 4255 fuerit,
2308 4187 2582 4261 quandiu
2612 4187 2667 4240 in
2696 4185 2790 4241 his
2824 4183 3245 4255 permanserit.

2046 4279 2209 4333 Vers.
2243 4278 2336 4333 20.
2386 4278 2465 4332 Et
2495 4308 2561 4317 —
2592 4278 2739 4346 eius.
2781 4275 3018 4330 Timens
3056 4273 3342 4329 videlicet.

2049 4369 2206 4423 Vers.
2248 4370 2336 4424 21.
2381 4366 2492 4434 Οιιί
2543 4396 2610 4406 -
2665 4365 2875 4420 lucem.
2937 4362 3048 4428 Qui
3104 4366 3403 4433 operatur,
3465 4362 3632 4433 quod

1976 4462 2203 4512 rectum
2226 4460 2334 4521 est,
2367 4456 2471 4528 qui
2498 4458 2653 4511 recte
2683 4457 3088 4518 conversatur,
3123 4452 3284 4507 venit
3305 4451 3384 4506 ad
3410 4450 3631 4521 lucem,

1980 4550 2143 4603 amat
2171 4546 2389 4600 lucem.

2052 4638 2211 4690 Vers.
2243 4634 2330 4688 21.
2373 4634 2445 4690 Ut
2503 4664 2569 4672 —
2625 4647 2810 4700 Opera.
2866 4631 2914 4684 Α
2958 4629 3085 4684 luce
3142 4645 3157 4695 ;
3212 4644 3411 4701 neque
3470 4628 3633 4685 enim

1981 4723 2277 4779 erubescit
2300 4728 2396 4777 aut
2425 4726 2655 4775 veretur
2680 4734 2772 4773 ea.

2050 4813 2211 4867 Vers.
2246 4816 2332 4866 2t.
2368 4810 2535 4877 Quod
2559 4840 2627 4848 —
2653 4808 2845 4877 facta.
2882 4806 3052 4874 Quod
3082 4805 3415 4863 secundum
3450 4807 3640 4863 Deum

1985 4902 2121 4968 sint,
2154 4901 2315 4973 quod
2349 4902 2464 4955 Deo
2487 4897 2802 4972 placentia.

1448 5178 1677 5249 Variae
1724 5177 2055 5249 lectiones
2092 5186 2394 5246 etnotae.

346 5380 462 5520 ἒζόϐζ
492 5380 642 5453 Παρά
669 5382 746 5433 τό.

372 5454 437 5506 37
501 5449 706 5506 Malim
737 5451 746 5501 ἑ

372 5448 461 5521 37)
501 5448 706 5506 Malim
737 5448 941 5521 ἃνγάρ.

349 5628 473 5699 (αα)
504 5630 779 5686 Aversum
806 5660 873 5670 —
916 5630 1129 5701 salute.
1171 5627 1365 5685 Animi
1396 5628 1561 5701 enim
1593 5627 1876 5701 perversi,

280 5698 466 5757 oculis
484 5701 759 5757 claudere
787 5701 904 5756 luci
926 5700 1321 5757 etvoluntarie
1343 5698 1612 5756 tenebris
1630 5698 1879 5766 offundi,

280 5788 350 5830 ac
378 5790 500 5831 non
533 5774 728 5830 solum
772 5773 972 5846 ipsum
1003 5788 1125 5830 non
1162 5772 1364 5829 venire
1403 5771 1476 5829 ad
1514 5771 1731 5837 lucem,
1778 5772 1882 5828 sed

2054 5375 2170 5450 (38)
2204 5373 2296 5432 Sic
2325 5371 2574 5443 correxi,
2608 5386 2721 5447 pro
2749 5369 2906 5449 ὑπέρ.

1989 5628 2196 5685 contra
2222 5626 2420 5695 etiam,
2438 5625 2569 5682 luce
2597 5624 2787 5699 magis
2819 5623 2898 5680 ad
2927 5639 3068 5680 eum
3098 5622 3643 5699 appropinquante,

1990 5700 2193 5770 fugere
2215 5702 2269 5754 et
2299 5699 2561 5755 aversari
2592 5696 2843 5753 salutem
2866 5712 3062 5753 suam.
