4120 6310
556 279 697 335 “'75

1882 279 2228 336 EUTHYMII
2271 279 2608 336 ZIGABENI

3853 283 3979 339 Hi6

630 403 801 471 Quod
833 409 1033 461 autem
1064 403 1285 463 dictum
1317 411 1423 475 est,
1471 409 1543 466 Ut
1590 409 2061 479 manifestenlur,
2095 423 2213 464 non

2399 413 2469 462 T6
2539 405 2598 462 δὲ
2653 409 2763 462 Ἵνα
2825 410 3112 482 φανερωθῇ,
3184 412 3407 482 εἴρηται,
3468 408 3571 481 οὐχ
3635 413 3722 471 ὡς
3783 411 3976 461 ἐκείνου

557 498 646 549 est
693 493 1143 564 intelligendum
1197 497 1369 568 quasi
1423 497 1537 554 hoc
1593 497 1654 553 in
1700 497 1854 554 facto
1909 513 2016 553 suo
2059 513 2216 569 quae-

559 587 661 647 rat,
710 582 814 637 sed
864 586 1149 655 tanquam
1209 586 1291 640 rei
1345 587 1777 660 consequentia
1831 587 1944 643 hoc
2001 586 2218 643 facien-

563 675 615 726 te
650 687 665 736 ;
699 669 848 727 solet
881 686 1140 745 namque
1187 672 1286 729 lux
1335 675 1716 732 manifestare
1774 690 1885 748 que
1942 675 2218 748 proxima

562 765 718 816 sunt.

632 850 902 905 Vers.22.
950 850 1211 908 Posthac
1251 883 1320 893 —
1367 853 1756 925 baptizabant.
1803 853 1922 926 ipsi
1954 853 2217 924 baptiza-

560 939 730 1004 bant,
763 955 883 996 non
910 939 1024 996 ille.
1063 941 1209 998 Dicit
1264 943 1424 998 enim
1475 943 1536 999 in
1593 942 1985 1015 sequentibus
2033 958 2216 998 evan-

560 1027 790 1097 gelista,
856 1028 1022 1100 quod
1083 1029 1212 1101 ipse
1270 1033 1439 1087 Jesus
1494 1047 1616 1088 non
1674 1031 2040 1104 baptizabat,
2110 1031 2216 1087 sed

560 1117 835 1190 discipuli
878 1120 1029 1190 ejus.
1084 1120 1390 1192 Siquidem
1439 1121 1557 1192 (bb)
1589 1123 1657 1186 ⁸⁵,
1703 1127 1764 1177 ut
1815 1137 1918 1176 eos
1963 1121 2065 1193 qui
2093 1136 2210 1176 cre-

557 1208 738 1263 dituri
767 1213 935 1263 erant
965 1223 1074 1263 nec
1113 1209 1561 1275 concurrebant,
1597 1212 1708 1266 hoc
1741 1210 1923 1266 modo
1965 1225 2212 1278 congre-

560 1302 771 1366 garent
825 1297 1007 1368 (quod
1073 1298 1131 1353 in
1191 1299 1432 1355 Simone
1497 1299 1632 1355 fecit
1689 1299 1956 1354 Andreas
2031 1304 2090 1354 et
2152 1298 2212 1352 in

559 1384 888 1442 Nathanael
921 1385 1247 1459 Philippus)
1281 1387 1578 1458 baptizare
1601 1389 1758 1459 jussi
1786 1393 1946 1451 sunt,
1979 1393 2043 1444 ut
2066 1387 2214 1443 mul-

556 1480 646 1530 tos
673 1474 851 1530 simul
879 1475 1219 1532 coadunare
1243 1482 1480 1547 possent
1515 1493 1527 1542 ;
1563 1493 1718 1548 quos
1745 1477 1924 1532 etiam
1964 1492 2036 1532 ea
2077 1493 2213 1548 quae

559 1563 634 1620 de
670 1564 897 1620 Christo
926 1569 1093 1621 erant
1135 1564 1475 1637 edocentes,
1528 1565 1841 1637 Salvatori,
1889 1566 1989 1638 qui
2030 1581 2215 1637 prope

560 1652 784 1716 aderat.
813 1651 1161 1709 offerebant.

2328 507 2480 551 τοῦτο
2529 499 2827 564 ζητοῦντος,
2873 497 2981 549 ἀλλ’
3033 502 3104 560 ὡς
3153 507 3246 560 τῆς
3303 498 3611 562 ἀκολουθίας
3678 507 3789 552 τοῦ
3854 502 3977 574 πρά-

2325 607 2527 660 γματος
2556 596 2708 640 τοῦτο
2733 590 3013 648 ποιούσης.
3054 589 3214 640 Εἵωθε
3245 591 3346 661 γὰρ
3375 591 3432 639 τὸ
3465 597 3566 660 φῶς
3594 597 3888 662 φανεροῦν
3921 592 3977 639 τὰ

2327 676 2628 748 ἐγγίζοντα.

2398 769 2543 820 Μετὰ
2624 773 2791 818 ταῦτα
2859 797 2928 806 -
3009 765 3310 829 ἐϐάπτιζον.
3389 766 3553 820 Αὐτοὶ
3639 765 3971 830 ἐϐάπτιζον,

2327 854 2420 907 οὐκ
2487 854 2694 916 ἐκεῖνος.
2756 859 2892 913 Φησὶ
2943 858 3043 926 γὰρ
3114 860 3308 928 προῖὼν
3363 857 3388 908 6
3441 855 3857 927 εὖαγγελιστής
3905 859 3975 908 ὅτι

2330 945 2534 1006 Ἰησοῦς
2564 943 2720 1006 αὐτὸς
2749 943 2843 997 οὐκ
2883 943 3176 1010 ἐϐάπτιζεν,
3227 942 3333 996 ἀλλ’
3383 946 3431 997 οἰ
3477 946 3742 1017 μαθηταὶ
3791 945 3972 997 αὐτοῦ.

2323 1032 2433 1086 ’Ἰνα
2460 1037 2558 1106 γὰρ
2602 1038 2670 1105 μὴ
2700 1037 3114 1107 περιτρέχοντες,
3157 1033 3291 1085 οὕτω
3341 1035 3613 1106 συνάγωσι
3674 1038 3816 1095 τοὺς
3849 1035 3974 1106 dari"

2324 1122 2500 1183 λοντας
2548 1125 2826 1188 πιστεύειν,
2886 1125 3006 1196 ὅπερ
3059 1120 3143 1175 ἐπὶ
3191 1130 3282 1176 τοῦ
3327 1128 3548 1195 Σίμωνος
3610 1125 3642 1176 6
3718 1120 3972 1195 Ἀνδρέας

2326 1211 2560 1276 ἐποίησε,
2603 1217 2692 1264 καὶ
2722 1211 2807 1264 επὶ
2846 1220 2937 1265 τοῦ
2967 1213 3243 1271 Ναθαναὴλ
3283 1214 3309 1265 6
3340 1211 3609 1274 Φίλιππος·
3651 1216 3723 1264 τὸ
3780 1211 3970 1285 βαπτί-

2328 1301 2432 1362 ζειν
2472 1300 2832 1367 ἐνεστήσαντο,
2861 1297 3142 1373 δυνάμενον
3173 1301 3386 1362 πολλοὺς
3416 1301 3527 1374 ἅμα
3572 1304 3870 1372 auxia/nu,
3904 1299 3969 1361 οἷς

2327 1391 2456 1461 ὁμοῦ
2487 1393 2552 1442 τὰ
2583 1395 2698 1462 περὶ
2727 1398 2816 1442 τοῦ
2842 1398 3073 1463 Χριστοῦ
3101 1387 3468 1457 διδάσκοντες,
3503 1396 3859 1464 προσέρερον
3892 1391 3969 1442 αὖ·

2325 1482 2448 1541 τοὺς
2481 1477 2636 1551 ἐγγὺς
2657 1483 2763 1532 ὄντι
2796 1489 2867 1550 τῷ
2894 1487 3118 1553 Σωτῆρι.

632 1742 921 1807 Quaedam
957 1748 1159 1800 autem
1192 1743 1555 1816 exemplaria
1606 1743 1846 1800 habent.
1897 1744 1973 1800 Et
2030 1744 2213 1812 bapti-

2396 1748 2522 1798 Τινὰ
2545 1745 2656 1815 (39)
2683 1741 2742 1798 δὲ
2771 1755 2870 1798 τῶν
2910 1744 3257 1817 ἀντιγράφων.
3295 1750 3392 1800 Καὶ
3433 1745 3697 1808 ἕϐάπτιζε
3729 1748 3966 1818 γράφονυ

556 1832 753 1898 zabat,
801 1831 968 1904 quod
1001 1833 1183 1888 etiam
1220 1833 1422 1904 ipsum
1462 1833 1826 1902 intelligitur,
1880 1832 2046 1906 quod
2092 1848 2212 1887 non

560 1938 661 1994 per
715 1922 1004 1994 seipsum,
1070 1923 1174 1976 sed
1226 1937 1332 1994 per
1389 1921 1712 1994 discipulos
1771 1938 1910 1978 suos
1962 1922 2076 1978 hoc
2130 1921 2215 1978 fa-

559 2018 733 2068 ceret.

631 2102 792 2156 Vers.
824 2103 912 2154 23.
972 2100 1123 2155 Erat
1181 2135 1243 2145 —
1294 2100 1433 2156 Vers
1483 2103 1571 2156 24.
1614 2100 1889 2157 Joannes.
1933 2101 2123 2156 zEnon
2163 2103 2220 2155 et

561 2189 762 2255 Salim,
796 2188 924 2244 loca
943 2187 1225 2260 quaedam
1265 2194 1429 2246 erant
1471 2189 1553 2247 ita
1584 2190 1914 2247 nominata.

631 2281 915 2334 Praeterea
943 2279 1200 2332 Joannes
1236 2278 1581 2350 baptizabat
1605 2279 1799 2334 donec
1828 2280 1888 2335 in
1915 2295 2214 2335 carcerem

559 2367 969 2438 conjiceretur,
1013 2371 1078 2422 ut
1121 2368 1398 2423 continue
1451 2374 1650 2440 posset
1685 2369 1894 2425 docere
1941 2369 2013 2424 de
2053 2367 2218 2425 Chri-

559 2461 670 2524 sto,
715 2462 772 2513 et
833 2457 1166 2529 baptizatos
1213 2458 1290 2513 ad
1348 2473 1487 2514 eum
1545 2457 1980 2524 transmittere;
2031 2464 2088 2514 et
2142 2474 2214 2513 ne

558 2546 682 2603 zelo
711 2550 813 2602 aut
837 2546 926 2602 ira
957 2562 1228 2603 cessasse
1289 2546 1610 2618 videretur,
1643 2548 1746 2603 sed
1793 2548 1981 2619 potius
2023 2547 2099 2603 de
2144 2563 2216 2604 eo

559 2635 914 2703 crederetur,
973 2635 1133 2708 quod
1193 2636 1401 2692 Christi
1454 2636 1762 2708 discipulis
1799 2641 2216 2709 cooperaretur

558 2725 1011 2798 baptizatosque
1060 2725 1139 2781 ad
1191 2741 1330 2781 eum
1395 2725 1734 2782 adduceret.
1791 2726 1856 2782 Et
1905 2728 2098 2791 tertio,
2141 2743 2214 2782 ne

558 2813 887 2884 discipulos
914 2829 1056 2868 suos
1081 2814 1156 2869 ad
1174 2814 1462 2886 majorem
1475 2814 1915 2870 aemulationem
1931 2815 2216 2871 accende-

555 2907 664 2959 ret.
693 2903 843 2956 Nam
877 2901 925 2956 si
972 2900 1185 2956 millies
1237 2903 1529 2967 clamans,
1586 2919 1944 2976 semperque
1985 2904 2213 2976 primas

557 2988 1158 3059 Christoconcedens,
1189 2993 1246 3046 et
1289 2994 1522 3046 tantum
1576 3007 1704 3047 sese
1753 2991 2057 3062 dejiciens,
2093 3007 2212 3047 non

2329 1854 2430 1903 σιν,
2463 1836 2488 1887 6
2517 1839 2605 1886 xui.
2633 1834 2757 1887 αὐτὸ
2787 1842 2998 1900 νοεῖται,
3028 1837 3107 1888 ὅτι
3131 1835 3190 1888 οὐ
3221 1833 3292 1888 δι’
3327 1836 3534 1902 ἑαυτοῦ,
3558 1836 3702 1888 ἀλλὰ
3738 1833 3842 1889 δια
3869 1846 3960 1888 τῶν

2327 1926 2573 1996 μαθητῶν
2597 1924 2774 1978 αὐτοῦ.

2397 2109 2492 2155 Ἤν
2519 2134 2585 2142 —
2611 2102 2876 2165 Ἰωάννης.
2913 2107 3012 2156 Καὶ
3033 2104 3058 2154 6
3088 2101 3247 2154 Αἰνὼν
3273 2105 3408 2157 καὶὸ
3432 2103 3562 2163 Σαλὴ
3569 2125 3610 2176 μ
3634 2109 3807 2158 τόποι
3828 2108 3954 2163 τινες

2327 2189 2460 2250 ἦσαν
2491 2192 2621 2244 οὕτω
2651 2191 2974 2264 καλούμενοι.

2397 2281 2512 2334 Ἔτι
2565 2277 2623 2332 ὃε
2662 2281 2688 2332 6
2731 2280 2974 2343 Ἰωάννης
3021 2281 3291 2342 ἐϐάπτιζεν
3339 2284 3474 2356 άχρι
3525 2290 3621 2335 τοῦ
3685 2282 3946 2354 βληθῆναι

2326 2371 2396 2432 εἰς
2450 2375 2542 2429 την
2584 2369 2829 2442 φυλακην,
2879 2373 2962 2422 ἱνα
3006 2367 3258 2433 διηνεκῶς
3315 2373 3436 2442 ἔχοι
3485 2367 3782 2425 διδάσκειν
3834 2375 3939 2442 περὶ

2324 2468 2415 2512 τοῦ
2499 2467 2751 2529 Χριστοῦ,
2831 2464 2922 2512 καὶ
2990 2464 3104 2520 τοὺς
3171 2459 3584 2532 βαπτιζομένους
3662 2466 3934 2535 παραπέμ-

2323 2569 2434 2600 πειν
2474 2552 2584 2619 (40)
2618 2548 2682 2608 εἰς
2722 2547 2876 2600 αὑτὸν
2905 2568 2917 2580 ·
2958 2553 3048 2600 καὶ
3080 2551 3161 2600 ἳνα
3207 2554 3278 2621 μὴ
3333 2545 3460 2622 δόξῃ
3515 2549 3665 2621 ζήλῳ
3722 2555 3754 2608 ἦ
3815 2549 3931 2623 ὀργῇ

2324 2639 2653 2702 παύσασθαι,
2738 2636 2844 2688 ἀλλ’
2917 2639 3000 2689 ἱνα
3087 2637 3282 2708 μᾶλλον
3355 2639 3724 2696 ῦποπτεῦηται
3815 2657 3929 2708 συμ·

2324 2729 2566 2801 πράττειν
2611 2733 2718 2787 τοῖς
2763 2728 3025 2798 μαθηταῖς
3074 2735 3165 2778 τοῦ
3205 2734 3460 2798 Χριστοῦ,
3507 2732 3598 2779 καὶ
3655 2730 3923 2800 προσάγειν

2323 2820 2438 2875 τους
2479 2813 2896 2888 βαπτιζομένους
2931 2833 2943 2844 ·
2991 2820 3080 2868 καὶ
3113 2820 3302 2888 τρίτον,
3345 2817 3430 2868 ἶνα
3471 2820 3541 2888 μὴ
3592 2822 3728 2879 τοῦς
3757 2816 3916 2869 ἑαυτοῦ

3732 2905 3788 2958 Ei
3833 2906 3911 2974 γὰρ

2322 2996 2568 3067 μυριάκις
2624 2991 2785 3061 βοῶν,
2847 2998 2936 3044 καὶ
2981 2992 3058 3045 ἀεὶ
3107 3002 3205 3046 τῶν
3257 2998 3520 3066 πρωτείων
3575 3003 3652 3064 τῷ
3729 2999 3905 3067 Χριστῷ

2324 2906 2558 2974 μαθητὰς
2637 2904 2708 2965 εἰς
2781 2904 2989 2956 πλείονα
3066 2904 3384 2965 ζηλοτυπίαν
3460 2904 3657 2977 ἐξάψῃ.

557 3079 854 3152 persuasit
917 3079 1002 3135 eis
1067 3079 1232 3152 quod
1291 3079 1448 3136 illius
1520 3097 1853 3154 praecursor
1907 3089 2077 3152 esset,
2160 3084 2207 3138 si

2330 3090 2674 3155 παραχωρῶν,
2710 3085 2798 3133 καὶ
2837 3090 3116 3134 τοσσοῦτον
3159 3081 3336 3134 ἐαυτέν
3381 3081 3621 3146 ἑλαττὼν,
3675 3085 3765 3137 οὐκ
3798 3083 3894 3133 ἔτει-

557 3168 841 3242 deinceps
876 3168 1178 3240 baptizare
1214 3175 1523 3238 cessasset,
1566 3170 1773 3244 procul
1817 3171 2002 3228 dubio
2047 3173 2213 3229 omni

555 3258 882 3331 postposito
909 3259 1131 3331 pudore
1158 3259 1271 3315 sub
1304 3263 1588 3331 praetextu
1623 3260 1960 3317 honorandi
1992 3262 2214 3332 magis-

555 3347 676 3412 stri,
713 3363 975 3421 eumque
1005 3347 1416 3420 praeponendi,
1442 3354 1649 3406 contra
1673 3350 1972 3406 Christum
1995 3356 2053 3406 et
2071 3367 2214 3422 apo-

558 3435 742 3492 stolos
767 3436 953 3492 multa
979 3436 1452 3494 deblaterassent
1469 3440 1599 3506 (cc).
1628 3439 1798 3504 Quod
1817 3440 1999 3496 etiam
2022 3441 2214 3496 sciens

557 3525 816 3582 Christus
887 3531 1025 3581 tunc
1081 3526 1377 3598 precipue
1435 3528 1611 3598 cmpit
1660 3527 2008 3600 praedicare,
2071 3545 2214 3584 cum

552 3616 814 3670 Joannes
851 3615 1102 3670 emedio
1133 3615 1406 3671 sublatus
1445 3623 1554 3672 est.

627 3703 792 3759 Unde
875 3709 930 3760 et
985 3703 1452 3776 Chrysostomus
1529 3723 1543 3762 :
1614 3705 1962 3778 Propterea,
1996 3705 2210 3777 inquit,

555 3793 772 3864 opinor
798 3793 1340 3866 praeproperamilli
1363 3810 1713 3850 concessam
1758 3811 1886 3851 esse
1936 3800 2210 3861 mortem,

555 3888 619 3938 ut
647 3881 839 3939 omnis
877 3882 1123 3938 aﬂ’ectus
1165 3883 1558 3939 multitudinis
1589 3884 1648 3939 in
1700 3883 1984 3939 Christum
2027 3889 2214 3939 trans-

557 3972 905 4028 funderetur
966 3989 980 4028 :
1049 3988 1159 4028 nec
1224 3972 1507 4044 deinceps
1566 3972 1967 4029 dividerentur
2034 3974 2213 4030 variis

555 4061 631 4117 de
661 4067 908 4132 utroque
937 4061 1258 4116 sententiis.

629 4150 795 4214 Quod
839 4148 885 4203 si
938 4149 1076 4220 quis
1127 4149 1385 4220 requirat
1439 4149 1585 4222 quid
1642 4151 1900 4222 amplius
1951 4150 2214 4207 habebat

555 4237 814 4308 baptism
824 4253 892 4292 us
909 4237 1339 4308 discipulorum
1357 4254 1538 4311 supra
1550 4237 1917 4311 baptismum
1935 4238 2214 4294 Joannis?

553 4326 994 4396 respondemus
1015 4326 1179 4398 quod
1219 4326 1362 4381 nihil
1397 4343 1410 4394 ;
1457 4332 1704 4399 uterque
1739 4329 1898 4383 enim
1945 4327 2215 4384 similiter

555 4413 762 4485 gratiae
817 4414 1067 4487 Spiritus
1133 4431 1338 4487 expers
1404 4420 1549 4485 erat,
1629 4421 1684 4472 et
1758 4416 2023 4488 utrisque
2092 4433 2212 4472 una

556 4508 686 4562 erat
725 4519 931 4569 causa,
994 4509 1059 4561 ut
1108 4504 1381 4562 videlicet
1441 4504 1776 4578 baptizatos
1831 4507 2059 4563 Christo
2111 4505 2215 4564 ad-

558 4594 860 4650 ducerent.

628 4743 680 4781 "
705 4744 874 4801 Joan.
907 4759 985 4817 ιν,
1009 4749 1057 4802 2.

2325 3190 2408 3223 σεν
2457 3171 2641 3230 αὐτοὺς
2707 3175 2881 3242 ἐκείνῳ
2936 3167 3295 3245 προσδραμεῖν
3330 3191 3342 3203 ·
3389 3171 3432 3224 εἰ
3499 3170 3691 3224 λοιπὸν
3737 3171 3884 3222 ἀπέστη

2322 3264 2411 3311 καὶ
2448 3267 2540 3311 τοῦ
2589 3258 2887 3331 βαπτίζειν,
2930 3260 3365 3331 ηναισχύντησαν
3409 3260 3491 3328 ἂν,
3538 3266 3624 3313 καὶ
3689 3259 3902 3335 προφάσει

2323 3355 2412 3400 τοῦ
2453 3349 2738 3421 ὑπερτιμᾷν
2764 3351 2850 3401 τὸν
2883 3345 3230 3414 διδάσκαλον,
3266 3347 3552 3407 ἐλύττησαν
3585 3349 3645 3401 ἆν
3678 3352 3805 3403 κατὰ
3828 3353 3904 3397 τῶν

2323 3436 2622 3490 ἀποστόλων
2681 3442 2770 3490 καὶ
2816 3445 2907 3490 τοῦ
2957 3445 3212 3512 Χριστοῦ.
3264 3445 3429 3490 Τοῦτο
3487 3443 3575 3491 καὶ
3623 3440 3648 3491 6
3710 3437 3909 3512 Χριστὸς

2323 3523 2492 3593 εἰδὼς,
2520 3531 2632 3579 τότε
2659 3525 2850 3599 μᾶλλον
2877 3525 3072 3599 ἤρξατο
3099 3530 3407 3602 κηρύσσειν,
3446 3529 3528 3580 ὅτε
3554 3528 3580 3579 6
3611 3527 3838 3584 Ἰωάννης
3865 3521 3908 3573 ἔτι

2322 3623 2485 3688 μέσου
2506 3619 2704 3686 γέγονε.

2396 3709 2532 3762 Φησὶ
2565 3701 2624 3757 δὲ
2667 3707 2692 3757 6
2744 3707 3120 3777 Χρυσόστομος
3159 3706 3238 3756 ὅτι
3275 3704 3440 3778 Οἶμαι
3485 3706 3605 3777 (41)
3645 3702 3740 3759 διὰ
3779 3710 3905 3756 τοῦτο

2326 3795 2743 3868 συγχωρηθῆναι
2771 3799 3038 3865 ταχίστην
3071 3794 3211 3864 αὐτῷ
3241 3796 3484 3866 γενέσθαι
3535 3800 3628 3853 τὴν
3673 3795 3902 3854 τελευτὴν.

2325 3884 2407 3934 ἱνα
2452 3888 2600 3934 πάσα
2643 3890 2734 3934 τοῖ
2793 3881 3028 3944 πλήθους
3081 3885 3110 3941 ἡ
3157 3879 3392 3943 διάθεσις
3439 3882 3524 3936 ἐπὶ
3562 3887 3648 3936 τὸν
3696 3883 3903 3955 Χριστὸν

2322 3971 2560 4044 μετελθῃ,
2605 3976 2695 4023 καὶ
2736 3975 2924 4043 μηκέτι
2971 3975 3268 4044 σχίζωνται
3315 3979 3430 4034 ταῖς
3470 3978 3588 4047 περὶ
3635 3971 3901 4045 ἀμφοτέρων

2321 4066 2570 4132 γνώμαις.

2397 4149 2453 4201 Εἰ
2485 4145 2542 4202 δέ
2572 4169 2648 4211 τις
2694 4149 2922 4213 ἐξετάζοι
2966 4156 3016 4202 τί
3067 4149 3212 4202 πλέον
3259 4146 3372 4221 εἶχε
3423 4153 3481 4202 τὸ
3527 4159 3625 4202 τῶν
3680 4151 3895 4222 μαθητῶν

2325 4237 2606 4311 βάπτισμα
2635 4241 2777 4310 παρὰ
2798 4242 2853 4290 τὸ
2885 4247 2976 4291 τοῦ
3006 4239 3265 4305 Ἰωάννου,
3301 4242 3462 4311 φαμεν
3491 4242 3568 4292 ὃτι
3597 4236 3756 4292 οὐδέν’
3795 4233 3893 4286 ἐκάο

2323 4347 2446 4402 τερα
2473 4330 2572 4402 γὰρ
2596 4330 2786 4400 ὁμοίως
2811 4337 2872 4387 τῆ
2888 4351 2908 4391 ς
2927 4337 3017 4381 τοῦ
3048 4331 3344 4400 Πνώματος
3364 4331 3589 4402 χάριτος
3617 4331 3792 4400 ἄμοιρα
3816 4318 3881 4381 ἦν.

2322 4422 2412 4468 xui.
2435 4415 2735 4491 ἀμφοτέροις
2761 4417 2905 4470 αἰτία
2937 4423 3051 4490 μία,
3076 4421 3132 4469 τὸ
3161 4419 3446 4490 προσάγειν
3469 4427 3540 4488 τῷ
3571 4423 3762 4493 Χριστῷ
3782 4413 3882 4467 τοὺς

2325 4503 2758 4578 βαπτιζομένους.

1787 4844 2012 4913 Variae
2045 4843 2378 4912 lectiones
2413 4852 2480 4911 et
2513 4853 2712 4912 notas.

631 5038 744 5110 (39)
783 5038 1010 5094 Scilicet
1058 5039 1428 5111 Euthymius,
1477 5056 1588 5110 pro
1623 5040 1850 5109 vulgari
1911 5040 2207 5106 ἐϐάπτιζεν,

555 5111 655 5168 hic
708 5112 766 5165 in
821 5116 1094 5166 contextu
1161 5111 1339 5165 habet
1392 5111 1688 5174 ἐϐάπτιζον.
1761 5115 1910 5182 Ergo
1966 5113 2208 5168 alteram

559 5183 739 5236 etiam
770 5182 1081 5237 lectionem
1140 5189 1446 5237 memorat.
1496 5183 1830 5238 Lectionem
1871 5189 2066 5239 autem
2096 5182 2210 5235 ἐϐά-

558 5251 743 5312 πτιζον
808 5253 1066 5324 sumpsit
1113 5253 1467 5324 exitlhryst.
1532 5261 1671 5309 tom.
1735 5272 1844 5319 vm,
1875 5272 1933 5324 p.
1985 5258 2104 5320 164,
2142 5256 2207 5308 D.

558 5339 738 5396 quam
752 5323 1333 5403 “quilibetintelligit'
1354 5342 1482 5380 esse
1513 5326 1777 5403 spuriam
1811 5323 1888 5403 ac
1911 5333 2212 5403 pro__tem-

560 5394 706 5468 pore
745 5394 966 5450 ﬁctam.
1023 5394 1344 5466 Vulgatiim
1396 5394 1589 5453 servat
1627 5402 1682 5452 et
1731 5394 1983 5469 explicat
2023 5397 2207 5452 Theo-

634 5569 751 5640 (bb)
788 5570 1104 5640 Siquidem,
1163 5577 1273 5630 etc.
1330 5573 1410 5629 Ne
1455 5574 1612 5630 enim
1653 5573 2206 5639 circumcurrentes,

535 5642 1104 5717 'itacongregarent
1141 5659 1265 5709 eos,
1303 5645 1406 5717 qui
1461 5646 1737 5717 credituri
1785 5652 2002 5712 essent,
2044 5645 2211 5717 quod

562 5711 887 5790 Philippus,
944 5711 1341 5792 baptismum‘
1372 5715 1768 5787 instituerunt,
1835 5717 1936 5794 qui
1990 5711 2207 5776 multos

2319 5039 2465 5112 phyl
2476 5083 2488 5112 .
2520 5055 2579 5112 ρ.
2605 5039 2730 5108 600,
2752 5039 2812 5095 C.
2835 5041 2897 5096 In
2919 5043 3080 5112 textu
3100 5039 3230 5096 haec
3246 5055 3494 5112 prorsus
3522 5039 3736 5112 desunt
3753 5025 3891 5112 apud

2301 5105 2621 5183 .Cyi'illiim,
2673 5105 2773 5167 sed
2816 5113 2874 5166 in
2920 5105 3404 5183 interpretaiione
3450 5117 3533 5167 ita
3564 5109 3772 5166 refert;
3809 5105 3895 5158 Ba-

2316 5180 2490 5246 πτίζει
2520 5184 2841 5256 τολιγαροῦνὸ
2882 5180 3113 5256 Χριστός
3143 5180 3236 5236 διὰ
3275 5192 3374 5235 τῶν
3427 5183 3613 5236 ἑαυτοῦ
3657 5183 3895 5254 μαθητῶνο

2317 5255 2477 5308 Tom.
2519 5253 2615 5317 IV,
2648 5253 2702 5324 ρ.
2744 5257 2861 5317 156.
2897 5253 2956 5308 Ε.

2391 5326 2503 5396 (40)
2533 5329 2777 5396 Πέμπειν.
2810 5332 2870 5378 Α.

2391 5327 2480 5392 (40
2533 5329 2777 5380 Πέαπειν.
2810 5332 2870 5378 Α.

2387 5327 2503 5468 (Illi
2541 5377 2710 5453 Tom.
2763 5396 2908 5462 Vlll,
2933 5411 2993 5468 p.
3029 5398 3128 5452 165
3155 5397 3220 5452 Β.

2317 5589 2680 5646 congregare
2709 5579 2931 5646 posset,
2962 5589 3134 5646 quos.

2390 5640 2505 5718 (c'c)
2543 5640 2748 5703 Μυιιὶι
2787 5640 3270 5718 deblaterassent.
3301 5645 3658 5705 Debacchati
3708 5640 3904 5702 essent,

2318 5733 2452 5778 cum
2481 5717 2684 5781 furore
2705 5717 2988 5791 egissent.
